<mjloggm ver="2.3"><GO type="225" lobby="0"/><UN n0="%E4%BF%BA%E3%81%A8%E5%A6%96%E5%A4%A2" n1="%E8%80%81%E6%A5%BD" n2="%E3%83%97%E3%83%AC%E3%83%B4%E3%82%A1%E3%83%86%E3%82%A3" n3="%E3%82%BC%E3%83%AB%E3%83%80%E3%81%AE%E4%BC%9D%E8%AA%AC" dan="17,16,16,17" rate="2232.82,2130.88,2155.18,2148.87" sx="F,M,F,M"/><TAIKYOKU oya="0"/><INIT seed="0,0,0,3,4,98" ten="250,250,250,250" oya="0" hai0="85,76,102,82,127,116,119,21,4,25,86,45,95" hai1="83,130,123,70,0,31,103,60,113,8,9,53,66" hai2="34,81,115,114,120,80,42,117,100,37,52,110,35" hai3="41,107,135,134,51,13,5,59,23,93,124,128,10"/><T11/><D127/><U131/><E123/><V99/><F120/><W14/><G107/><T77/><D45/><U68/><E113/><V15/><F110/><W122/><G124/><T65/><D65/><U36/><E36/><V118/><F42/><W27/><G122/><T30/><D102/><U50/><E70/><V71/><F71/><W132/><G128/><N who="1" m="49194" /><E0/><V111/><F37/><W79/><G79/><T62/><D62/><U97/><E83/><N who="2" m="31819" /><F111/><W69/><G69/><T55/><D55/><U64/><E31/><V33/><F15/><N who="3" m="5583" /><G93/><T84/><D76/><U49/><E66/><V54/><F99/><W47/><G59/><T75/><REACH who="0" step="1"/><D95/><REACH who="0" ten="240,250,250,250" step="2"/><N who="1" m="58815" /><E50/><V32/><F100/><W1/><G51/><T26/><D26/><U43/><E43/><V44/><N who="2" m="8192" /><DORA hai="3" /><V22/><F44/><AGARI ba="0,1" hai="8,9,44,49,53,60,64,68" m="58815,49194" machi="44" ten="30,2000,0" yaku="19,1,52,1" doraHai="98,3" who="1" fromWho="2" sc="240,0,250,30,250,-20,250,0" /><INIT seed="1,0,0,4,1,32" ten="240,280,230,250" oya="1" hai0="67,86,54,83,87,68,116,74,33,130,41,59,19" hai1="131,94,101,120,28,12,89,77,23,118,64,92,21" hai2="76,110,49,29,10,53,36,40,84,132,104,134,43" hai3="82,126,27,91,45,6,102,2,115,4,57,50,109"/><U25/><E118/><V66/><F104/><W56/><G115/><T135/><D116/><U58/><E120/><V95/><F29/><W0/><G102/><T108/><D33/><U65/><E131/><V81/><F110/><W85/><G109/><T52/><D108/><U17/><E77/><V112/><F112/><W14/><G126/><T121/><D130/><U100/><E92/><V24/><F24/><W72/><G72/><T79/><D121/><U128/><E128/><V55/><F36/><W18/><G27/><T88/><D135/><N who="2" m="51754" /><F66/><N who="1" m="25705" /><E58/><N who="3" m="22634" /><G4/><T26/><D41/><N who="2" m="15946" /><F49/><W69/><G6/><T106/><D106/><U38/><E38/><V62/><F62/><W31/><G31/><T11/><D68/><U8/><E23/><V113/><F113/><W78/><G78/><T127/><D127/><U15/><E15/><V97/><F10/><N who="3" m="6487" /><G69/><T103/><D11/><U1/><E1/><V98/><F98/><AGARI ba="0,0" hai="8,12,17,21,25,28,89,94,98,100,101" m="25705" machi="98" ten="30,1500,0" yaku="8,1" doraHai="32" who="1" fromWho="2" sc="240,0,280,15,230,-15,250,0" /><INIT seed="1,1,0,3,2,106" ten="240,295,215,250" oya="1" hai0="110,1,13,76,126,7,65,91,27,62,127,17,4" hai1="103,71,70,132,93,41,90,64,45,25,85,84,130" hai2="98,99,117,39,3,16,135,105,12,134,55,82,102" hai3="52,79,60,104,48,95,123,9,68,10,15,0,78"/><U128/><E103/><V33/><F117/><W119/><G104/><T28/><D76/><U107/><E107/><V120/><F120/><W83/><G123/><T29/><D91/><U43/><E64/><V54/><F33/><W66/><G119/><T113/><D113/><U72/><E25/><V63/><F3/><W37/><G37/><T121/><D121/><U22/><E22/><V87/><F39/><W124/><G124/><N who="0" m="47659" /><D65/><U86/><E132/><N who="2" m="50731" /><F99/><W14/><G95/><T101/><D62/><U59/><E59/><V92/><F63/><W53/><G0/><T38/><D101/><U20/><E20/><N who="2" m="11271" /><F105/><W73/><G79/><AGARI ba="1,0" hai="54,55,79,82,87,92,98,102" m="11271,50731" machi="79" ten="30,2000,0" yaku="20,1,54,1" doraHai="106" who="2" fromWho="3" sc="240,0,295,0,215,23,250,-23" /><INIT seed="2,0,0,3,4,82" ten="240,295,238,227" oya="2" hai0="86,19,6,123,53,125,130,1,94,97,105,76,100" hai1="48,7,77,132,26,10,50,0,62,66,122,65,21" hai2="56,25,32,81,119,5,118,8,71,84,106,28,68" hai3="128,3,101,120,126,67,127,73,103,98,18,110,57"/><V45/><F106/><W23/><G120/><T114/><D123/><U88/><E122/><V95/><F56/><W129/><G3/><T89/><D114/><U109/><E109/><V90/><F45/><W33/><G33/><T108/><D108/><U42/><E77/><V55/><F55/><W69/><G69/><T20/><D130/><N who="3" m="50281" /><G73/><T40/><D40/><U91/><E132/><V22/><F32/><W36/><G36/><T14/><D125/><N who="3" m="47625" /><G110/><T96/><D53/><U83/><E66/><V63/><F63/><N who="3" m="38383" /><G98/><T15/><D1/><U51/><E42/><V124/><F124/><W37/><G37/><T29/><D29/><U58/><REACH who="1" step="1"/><E83/><REACH who="1" ten="240,285,238,227" step="2"/><V115/><F115/><W135/><G135/><T102/><D76/><U27/><E27/><AGARI ba="0,1" hai="18,23,27,101,103" m="38383,47625,50281" machi="27" ten="30,2000,0" yaku="19,1,18,1" doraHai="82" who="3" fromWho="1" sc="240,0,285,-20,238,0,227,30" /><INIT seed="3,0,0,3,4,73" ten="240,265,238,257" oya="3" hai0="58,111,46,110,43,70,133,98,83,62,66,13,125" hai1="8,129,67,100,81,92,20,134,7,55,117,87,60" hai2="22,122,4,36,79,51,0,2,112,45,54,126,84" hai3="76,14,23,3,118,102,121,15,131,91,25,128,103"/><W89/><G3/><T19/><D133/><U42/><E134/><V44/><F112/><W96/><G121/><T11/><D125/><U119/><E42/><V52/><F122/><W65/><G118/><T105/><D70/><U97/><E55/><V120/><F120/><W109/><G65/><T135/><D135/><U27/><E129/><N who="3" m="49738" /><G109/><T88/><D105/><U31/><E8/><V12/><F126/><W17/><G76/><T78/><D88/><N who="3" m="33865" /><G103/><T86/><REACH who="0" step="1"/><D98/><REACH who="0" ten="230,265,238,257" step="2"/><U82/><E97/><V6/><F36/><AGARI ba="0,1" hai="11,13,19,36,43,46,58,62,66,78,83,86,110,111" machi="36" ten="40,5200,0" yaku="1,1,2,1,52,1,53,0" doraHai="73" doraHaiUra="64" who="0" fromWho="2" sc="230,62,265,0,238,-52,257,0" /><INIT seed="4,0,0,0,4,21" ten="292,265,186,257" oya="0" hai0="70,79,74,48,37,124,15,16,117,43,94,118,26" hai1="31,5,59,60,93,106,44,12,63,88,96,84,123" hai2="133,67,9,54,46,121,62,115,33,90,57,125,111" hai3="120,107,99,0,50,36,51,131,55,91,42,13,34"/><T2/><D37/><U122/><E60/><V11/><F121/><W8/><G0/><T65/><D2/><U110/><E110/><V53/><F111/><W10/><G131/><T29/><D124/><U58/><E58/><V41/><F125/><W126/><G126/><T18/><D65/><U69/><E69/><V103/><F33/><W68/><G68/><T101/><D70/><U32/><E44/><V129/><F129/><W56/><G36/><T38/><D38/><U40/><E40/><V98/><F133/><W71/><G71/><T128/><D18/><U22/><E32/><V61/><F115/><W17/><G34/><T30/><D30/><U24/><E12/><V87/><F41/><W14/><G107/><T73/><D94/><U89/><E5/><V4/><F46/><N who="3" m="25943" /><G120/><T108/><D101/><U27/><E106/><V25/><F25/><W109/><G109/><T75/><D79/><U7/><E24/><V82/><F62/><W6/><G91/><T52/><D43/><U3/><E3/><V83/><F83/><W81/><G99/><T100/><D100/><U95/><E7/><V105/><REACH who="2" step="1"/><F9/><REACH who="2" ten="292,265,176,257" step="2"/><N who="3" m="4279" /><G81/><T116/><D108/><U112/><E112/><V134/><F134/><W64/><G10/><N who="0" m="6263" /><D128/><U132/><E132/><V23/><F23/><W49/><G49/><T104/><D116/><U119/><E119/><V39/><F39/><W66/><AGARI ba="0,1" hai="8,14,17,51,55,56,64,66" m="4279,25943" machi="66" ten="30,1100,0" yaku="8,1" doraHai="21" who="3" fromWho="3" sc="292,-5,265,-3,176,-3,257,21" /><INIT seed="5,0,0,3,4,128" ten="287,262,173,278" oya="1" hai0="105,99,60,77,74,63,79,97,24,0,55,101,18" hai1="43,126,135,69,102,81,116,65,91,122,118,62,132" hai2="44,14,87,100,84,41,117,17,27,76,89,83,119" hai3="50,4,15,52,57,67,96,45,80,121,29,39,71"/><U20/><E122/><V94/><F27/><W37/><G121/><T2/><D74/><U53/><E43/><V12/><F12/><W56/><G29/><T35/><D35/><U31/><E102/><V68/><F68/><W98/><G37/><T66/><D55/><U127/><E53/><V54/><F54/><W70/><G70/><T90/><D2/><U40/><E40/><V108/><F108/><W111/><G111/><T59/><D60/><U103/><E103/><V113/><F113/><W64/><G80/><T36/><D0/><U58/><E91/><V133/><F133/><N who="1" m="51273" /><E81/><V85/><F100/><W34/><G52/><T9/><D90/><U48/><E48/><V46/><F46/><W49/><G50/><T130/><D101/><U131/><E131/><V106/><F106/><W10/><G49/><T115/><D105/><U73/><E73/><V1/><F1/><W92/><G45/><T28/><D130/><U107/><E107/><V95/><F95/><W72/><G72/><T110/><D110/><U134/><E134/><V114/><F114/><W3/><G92/><T8/><D115/><U125/><E69/><V86/><F117/><W51/><G51/><T78/><D36/><U16/><E31/><V25/><F119/><W30/><G30/><T21/><D28/><U19/><E19/><V88/><F44/><W32/><G39/><T11/><AGARI ba="0,0" hai="8,9,11,18,21,24,59,63,66,77,78,79,97,99" machi="11" ten="30,2000,0" yaku="0,1,8,1" doraHai="128" who="0" fromWho="0" sc="287,20,262,-10,173,-5,278,-5" owari="307,40.7,252,-14.8,168,-33.2,273,7.3" /></mjloggm>