<mjloggm ver="2.3"><GO type="225" lobby="0"/><UN n0="%E5%AF%82%E5%AF%9E%E3%82%AE%E3%83%8D%E3%82%B9%E3%83%93%E3%83%BC%E3%83%AB" n1="%E6%B8%A9%E2%98%85%E6%83%85%E2%98%85%E6%8E%AA%E2%98%85%E7%BD%AE" n2="%72%69%6F%75%63%68%61%6E" n3="%72%61%6B%33" dan="16,16,16,18" rate="2142.22,2140.90,2133.63,2193.60" sx="M,M,M,M"/><TAIKYOKU oya="0"/><INIT seed="0,0,0,3,3,49" ten="250,250,250,250" oya="0" hai0="66,134,123,77,75,133,110,65,51,125,27,25,129" hai1="105,102,76,79,108,117,93,118,111,37,84,23,0" hai2="85,100,63,135,107,73,60,46,106,9,127,80,44" hai3="132,14,112,122,115,3,35,124,95,43,54,33,18"/><T40/><D123/><U42/><E0/><V19/><F127/><W53/><G3/><T45/><D125/><U120/><E23/><V68/><F135/><N who="0" m="51722" /><D129/><U11/><E11/><V36/><F73/><W56/><G132/><T34/><D110/><N who="1" m="42027" /><E42/><V50/><F36/><W38/><G124/><T26/><D34/><U74/><E37/><V94/><F107/><W64/><G122/><T32/><D32/><U82/><E120/><V39/><F106/><W97/><G33/><T31/><D31/><U17/><E17/><V29/><F29/><W92/><G35/><T81/><AGARI ba="0,0" hai="25,26,27,40,45,51,65,66,75,77,81" m="51722" machi="81" ten="40,2100,0" yaku="20,1" doraHai="49" who="0" fromWho="0" sc="250,21,250,-7,250,-7,250,-7" /><INIT seed="0,1,0,0,3,73" ten="271,243,243,243" oya="0" hai0="127,102,63,28,70,71,132,85,66,29,134,5,48" hai1="27,62,44,113,90,106,103,67,95,32,0,118,69" hai2="38,115,54,41,93,82,17,96,34,86,68,55,53" hai3="49,15,61,12,107,16,121,46,57,110,105,64,99"/><T10/><D71/><U45/><E118/><V31/><F115/><W3/><G3/><T80/><D102/><U75/><E113/><V98/><F68/><W2/><G2/><N who="0" m="311" /><D48/><U65/><E0/><V92/><F34/><W124/><G110/><T120/><D120/><U74/><E65/><V6/><F31/><W135/><G124/><T39/><D39/><U60/><E60/><V18/><F6/><W23/><G135/><N who="0" m="51755" /><D127/><U37/><E37/><V123/><F123/><W126/><G126/><T8/><D8/><U51/><E45/><V97/><F41/><W47/><G121/><T117/><D117/><U100/><E100/><V84/><F38/><W36/><G99/><T79/><AGARI ba="1,0" hai="28,29,63,66,70,79,80,85" m="51755,311" machi="79" ten="30,3000,0" yaku="20,1,52,1" doraHai="73" who="0" fromWho="0" sc="271,33,243,-11,243,-11,243,-11" /><INIT seed="0,2,0,3,0,9" ten="304,232,232,232" oya="0" hai0="83,33,98,41,92,86,0,62,26,97,96,129,18" hai1="32,94,22,125,17,39,124,132,48,99,90,70,126" hai2="82,57,16,75,113,71,53,1,127,8,50,128,51" hai3="30,89,104,37,45,81,63,10,28,2,72,119,35"/><T131/><D0/><U85/><E132/><V101/><F113/><W23/><G104/><T61/><D41/><U20/><E39/><V40/><F71/><W3/><G119/><T102/><D96/><U66/><E32/><V78/><F128/><N who="0" m="49226" /><D98/><U121/><E121/><V12/><F127/><W95/><G35/><T79/><D18/><U67/><E70/><V29/><F1/><W11/><G63/><T103/><D102/><U93/><E48/><V38/><F29/><AGARI ba="2,0" hai="26,29,33,61,62,79,83,86,92,97,103" m="49226" machi="29" ten="30,1500,0" yaku="19,1" doraHai="9" who="0" fromWho="2" sc="304,21,232,0,232,-21,232,0" /><INIT seed="0,3,0,3,0,34" ten="325,232,211,232" oya="0" hai0="129,121,47,15,11,24,93,39,94,87,99,48,1" hai1="70,61,32,100,66,0,19,46,60,53,50,127,63" hai2="4,59,76,37,122,42,119,31,105,22,41,65,86" hai3="104,133,109,23,116,29,69,8,55,57,102,51,9"/><T90/><D129/><U13/><E127/><V7/><F122/><W79/><G116/><T62/><D121/><U18/><E32/><V96/><F119/><W26/><G109/><T108/><D39/><U123/><E123/><V21/><F105/><W17/><G133/><T45/><D108/><U114/><E114/><V113/><F113/><W95/><G69/><T84/><D1/><U117/><E117/><V5/><F96/><W52/><G104/><T112/><D24/><U118/><E118/><V35/><F35/><W36/><G36/><T68/><D112/><U20/><E0/><V44/><F31/><W6/><G79/><T33/><D33/><U103/><E63/><N who="2" m="38143" /><F37/><W38/><G38/><T131/><D131/><U125/><E125/><V67/><F67/><W71/><G71/><T91/><D62/><U58/><REACH who="1" step="1"/><E19/><REACH who="1" ten="325,222,211,232" step="2"/><V110/><F110/><W135/><G17/><T124/><D124/><U72/><E72/><V97/><F4/><W126/><G126/><T30/><D30/><U130/><E130/><V56/><F5/><W111/><G111/><T80/><D68/><U101/><E101/><V49/><F7/><W3/><G3/><T74/><D74/><U2/><E2/><V14/><F14/><W73/><G73/><T54/><D15/><U89/><E89/><V64/><F76/><W27/><G6/><T98/><D91/><U115/><E115/><V40/><F86/><W78/><G78/><T85/><D87/><U81/><E81/><V10/><F97/><N who="3" m="59711" /><G26/><T120/><D99/><U82/><E82/><V132/><F132/><W43/><G135/><RYUUKYOKU ba="3,1" sc="325,-10,222,30,211,-10,232,-10" hai1="13,18,20,46,50,53,58,60,61,66,70,100,103" /><INIT seed="1,4,1,4,0,78" ten="315,252,201,222" oya="1" hai0="48,61,135,65,115,109,134,7,19,122,6,47,67" hai1="5,103,27,57,17,32,31,68,92,124,12,50,127" hai2="111,98,38,96,71,2,87,36,49,10,59,26,11" hai3="72,15,84,133,80,42,16,14,102,75,126,130,112"/><U77/><E68/><V8/><F71/><W132/><G112/><T108/><D115/><U128/><E128/><V45/><F111/><N who="0" m="42570" /><D19/><U54/><E5/><N who="0" m="1545" /><D122/><U104/><E104/><V116/><F116/><W101/><G42/><N who="0" m="24695" /><D67/><U3/><E3/><V28/><F2/><W4/><G130/><T93/><D93/><U44/><E77/><V119/><F119/><W46/><G4/><T23/><D23/><U91/><E44/><V60/><F36/><W121/><G46/><T56/><AGARI ba="4,1" hai="56,61,65,134,135" m="24695,1545,42570" machi="56" ten="30,1100,0" yaku="14,1" doraHai="78" who="0" fromWho="0" sc="315,33,252,-9,201,-7,222,-7" /><INIT seed="2,0,0,0,2,61" ten="348,243,194,215" oya="2" hai0="68,39,105,87,31,74,50,84,3,98,133,119,0" hai1="76,42,64,44,112,8,57,41,102,70,10,51,103" hai2="134,36,104,116,96,115,77,60,20,107,63,5,99" hai3="28,18,22,122,6,113,86,88,82,23,123,78,81"/><V89/><F115/><W4/><G113/><T93/><D39/><U32/><E32/><V13/><F116/><W73/><G28/><T29/><D68/><U46/><E70/><V53/><F36/><W27/><REACH who="3" step="1"/><G22/><REACH who="3" ten="348,243,194,205" step="2"/><T30/><D31/><U54/><E112/><V35/><F35/><W33/><G33/><T120/><D30/><U118/><E118/><V80/><F20/><W135/><G135/><T62/><D29/><U132/><E132/><V11/><F134/><W21/><G21/><T124/><D133/><U121/><E121/><AGARI ba="0,1" hai="4,6,18,23,27,73,78,81,82,86,88,121,122,123" machi="121" ten="40,2600,0" yaku="1,1,54,1,53,0" doraHai="61" doraHaiUra="66" who="3" fromWho="1" sc="348,0,243,-26,194,0,205,36" /><INIT seed="3,0,0,0,4,78" ten="348,217,194,241" oya="3" hai0="103,115,99,120,33,105,90,57,35,74,92,28,60" hai1="62,11,72,124,122,39,70,81,67,63,40,3,69" hai2="17,13,134,47,21,95,22,4,116,30,130,133,94" hai3="10,14,43,117,41,18,118,73,102,31,48,79,96"/><W34/><G34/><T58/><D120/><U113/><E122/><V55/><F116/><W108/><G31/><T104/><D74/><U128/><E113/><V56/><F130/><W52/><G108/><T110/><D110/><U8/><E128/><V84/><F47/><W27/><G27/><T106/><D115/><U26/><E124/><V44/><F44/><W132/><G132/><N who="2" m="50793" /><F4/><W36/><G36/><T76/><D76/><N who="1" m="44167" /><E40/><V98/><F98/><W2/><G2/><T61/><D28/><U109/><E39/><V75/><F75/><W38/><G38/><T64/><REACH who="0" step="1"/><D103/><REACH who="0" ten="338,217,194,241" step="2"/><U71/><E109/><V7/><F7/><W49/><G118/><T50/><D50/><U100/><E100/><V97/><F97/><W20/><G48/><T86/><D86/><U37/><E37/><V0/><F0/><W121/><G117/><T29/><D29/><U123/><E123/><V9/><F30/><W101/><G121/><T77/><D77/><U131/><E131/><V66/><F66/><AGARI ba="0,1" hai="33,35,57,58,60,61,64,66,90,92,99,104,105,106" machi="66" ten="40,2600,0" yaku="1,1,9,1,53,0" doraHai="78" doraHaiUra="6" who="0" fromWho="2" sc="338,36,217,0,194,-26,241,0" owari="374,47.4,217,-18.3,168,-33.2,241,4.1" /></mjloggm>