<mjloggm ver="2.3"><GO type="225" lobby="0"/><UN n0="%6E%69%63%6F%6E%74%6F" n1="%E3%81%86%E3%82%8C%E3%81%9F%E3%82%93%E6%9E%95" n2="%E3%81%A1%E3%82%85%E3%81%86%E3%81%A9%E3%81%8F%E8%B1%A1%E3%81%95%E3%82%93" n3="%6D%75%75%6D%75%72%61" dan="16,16,17,16" rate="2150.13,2187.52,2188.13,2155.17" sx="M,F,M,F"/><TAIKYOKU oya="0"/><INIT seed="0,0,0,0,3,44" ten="250,250,250,250" oya="0" hai0="47,71,5,42,89,48,82,90,75,88,113,12,55" hai1="58,63,124,60,109,107,9,33,15,81,68,4,98" hai2="134,127,87,131,13,95,24,93,104,78,23,21,73" hai3="67,118,18,35,40,112,116,0,64,126,14,99,62"/><T17/><D113/><U38/><E33/><V25/><F104/><W76/><G112/><T69/><D5/><U32/><E32/><V130/><F73/><W135/><G0/><T77/><REACH who="0" step="1"/><D42/><REACH who="0" ten="240,250,250,250" step="2"/><U46/><E4/><V70/><F130/><W45/><G40/><T41/><D41/><U115/><E115/><V30/><F131/><W20/><G116/><T121/><D121/><U103/><E124/><V106/><F127/><W79/><G118/><T28/><D28/><U3/><E3/><V50/><F30/><W37/><G126/><T100/><D100/><U117/><E103/><V102/><F102/><W91/><G37/><T1/><D1/><U132/><E38/><V22/><F106/><W34/><G135/><T129/><D129/><U27/><E107/><V51/><F134/><W39/><G39/><T65/><D65/><U80/><E132/><V49/><F70/><W111/><G67/><T123/><D123/><U19/><E68/><V31/><F31/><W84/><G64/><T7/><D7/><U120/><E120/><V6/><F24/><W105/><G105/><T110/><D110/><U53/><E109/><V72/><F25/><W108/><G111/><T133/><D133/><U59/><E27/><V26/><F26/><W83/><G108/><T43/><D43/><U101/><E117/><V94/><F6/><W54/><G35/><T61/><D61/><U119/><E119/><V96/><F13/><W114/><G34/><T74/><D74/><U125/><E125/><V56/><F72/><W86/><G62/><N who="1" m="23594" /><E101/><N who="2" m="60559" /><F56/><W97/><G114/><T2/><D2/><RYUUKYOKU ba="0,1" sc="240,15,250,-15,250,15,250,-15" hai0="12,17,47,48,55,69,71,75,77,82,88,89,90" hai2="21,22,23,49,50,51,78,87,94,95" /><INIT seed="0,1,1,1,0,118" ten="255,235,265,235" oya="0" hai0="131,70,45,134,119,9,95,92,20,99,2,116,77" hai1="58,127,67,79,112,64,117,135,21,73,62,125,25" hai2="14,93,72,53,39,100,68,89,46,132,60,56,80" hai3="36,3,26,94,82,51,65,91,42,48,85,23,128"/><T11/><D70/><U43/><E117/><V108/><F108/><W55/><G3/><T10/><D2/><U19/><E112/><V29/><F132/><W87/><G128/><T71/><D134/><U15/><E135/><V115/><F115/><W105/><G105/><T78/><D71/><U33/><E43/><V69/><F29/><W57/><G65/><T96/><D45/><U5/><E67/><V129/><F129/><W38/><G42/><T16/><D131/><U121/><E121/><V104/><F39/><W114/><G51/><T111/><D111/><U28/><E73/><V54/><F46/><W97/><G87/><T41/><D41/><U101/><E79/><N who="0" m="30217" /><D119/><U49/><E49/><V107/><F53/><W63/><G48/><T133/><D133/><U44/><E44/><V90/><F72/><W32/><G32/><T109/><D109/><U35/><E35/><V66/><F68/><W7/><G7/><T34/><D34/><U8/><REACH who="1" step="1"/><E101/><REACH who="1" ten="255,225,265,235" step="2"/><V124/><F100/><W61/><G114/><T13/><D116/><U40/><E40/><V4/><F66/><W30/><REACH who="3" step="1"/><G63/><REACH who="3" ten="255,225,265,225" step="2"/><T98/><AGARI ba="1,3" hai="9,10,11,13,16,20,92,95,96,98,99" m="30217" machi="98" ten="40,3900,0" yaku="8,1,54,1" doraHai="118" who="0" fromWho="0" sc="255,72,225,-14,265,-14,225,-14" /><INIT seed="0,2,0,1,1,37" ten="327,211,251,211" oya="0" hai0="76,71,103,69,12,85,133,46,75,0,129,34,40" hai1="74,20,6,90,126,128,24,14,35,72,30,115,51" hai2="114,2,49,93,97,66,60,83,70,105,132,99,110" hai3="108,32,94,102,3,38,62,107,4,121,100,116,52"/><T68/><D0/><U53/><E128/><V86/><F114/><W15/><G116/><T22/><D34/><U48/><E126/><V16/><F2/><W87/><G107/><T67/><D129/><U45/><E115/><V58/><F105/><W64/><G3/><T28/><D133/><U77/><E90/><V131/><F131/><W8/><G32/><T55/><D75/><U5/><E51/><V13/><F132/><W39/><G108/><T31/><D103/><U79/><E74/><V19/><F110/><W25/><G25/><T33/><D33/><U82/><E77/><V130/><F130/><W127/><G127/><T95/><D67/><U134/><REACH who="1" step="1"/><E134/><REACH who="1" ten="327,201,251,211" step="2"/><V56/><F49/><W84/><G39/><T123/><D76/><U120/><E120/><V18/><F60/><W109/><G121/><T44/><D123/><U104/><E104/><V65/><F70/><W17/><G109/><T21/><D71/><U81/><E81/><V73/><F73/><W113/><G113/><T118/><D69/><U98/><E98/><V11/><F97/><W92/><G38/><T29/><D68/><U9/><E9/><V89/><F83/><W57/><G100/><T122/><D122/><U91/><E91/><V63/><F99/><W88/><G102/><T135/><D135/><U47/><E47/><V80/><F80/><W7/><G64/><N who="2" m="24681" /><F63/><W23/><G8/><T112/><D112/><U10/><E10/><V124/><F124/><W125/><G125/><T61/><D61/><U41/><E41/><V43/><F43/><W42/><G42/><T106/><D40/><RYUUKYOKU ba="2,1" sc="327,-30,201,10,251,10,211,10" hai1="5,6,14,20,24,30,35,45,48,53,72,79,82" hai2="11,13,16,18,19,56,58,86,89,93" hai3="4,7,15,17,23,52,57,62,84,87,88,92,94" /><INIT seed="1,3,1,0,5,97" ten="297,211,261,221" oya="1" hai0="131,111,50,68,17,54,82,49,11,94,32,28,3" hai1="56,51,85,25,96,69,106,35,63,103,20,134,126" hai2="60,70,74,37,33,55,7,62,109,13,30,92,132" hai3="88,14,129,48,122,47,101,79,24,125,10,86,114"/><U36/><E134/><V27/><F74/><W19/><G122/><T95/><D68/><U46/><E126/><V44/><F132/><W100/><G114/><T21/><D111/><U39/><E35/><V87/><F109/><W80/><G129/><T76/><D131/><U34/><E34/><V133/><F133/><W0/><G0/><T67/><D67/><U65/><E85/><V8/><F70/><W72/><G125/><T135/><D135/><U118/><E69/><V15/><F15/><W5/><G5/><T38/><D38/><U29/><REACH who="1" step="1"/><E118/><REACH who="1" ten="297,201,261,221" step="2"/><V128/><F128/><W4/><G72/><T45/><D32/><U83/><E83/><V41/><F87/><W89/><G79/><T52/><D82/><U99/><E99/><V119/><F119/><W22/><G89/><T6/><D76/><U104/><E104/><V123/><F123/><W12/><G24/><T116/><D116/><U2/><E2/><V78/><F78/><W121/><G121/><T64/><D95/><U75/><E75/><V90/><F90/><W77/><G77/><T9/><D94/><U1/><E1/><V43/><F92/><W16/><G4/><T71/><D3/><U91/><E91/><V102/><F7/><W73/><G73/><T18/><D6/><U40/><AGARI ba="3,2" hai="20,25,29,36,39,40,46,51,56,63,65,96,103,106" machi="40" ten="20,7800,0" yaku="1,1,0,1,7,1,52,1,53,0" doraHai="97" doraHaiUra="130" who="1" fromWho="1" sc="297,-29,201,107,261,-29,221,-29" /><INIT seed="1,4,0,2,4,125" ten="268,308,232,192" oya="1" hai0="35,67,32,123,103,113,2,71,96,39,14,100,78" hai1="69,40,61,4,127,120,5,99,135,93,74,52,104" hai2="20,83,105,15,121,41,116,31,47,53,48,45,115" hai3="51,72,79,17,102,75,90,73,86,7,22,64,44"/><U26/><E120/><V134/><F121/><W33/><G33/><T131/><D123/><U132/><E74/><V62/><F116/><W16/><G7/><T56/><D2/><U3/><E127/><V70/><F105/><W129/><G129/><T119/><D39/><U46/><E104/><V95/><F115/><W50/><G102/><T18/><D119/><U128/><E128/><V98/><F134/><N who="1" m="51241" /><E26/><V68/><F83/><W130/><G130/><T110/><D131/><U97/><E3/><V60/><F60/><W65/><G79/><T112/><D110/><U81/><E81/><V126/><F126/><W38/><G38/><T82/><D71/><U29/><E29/><V30/><F30/><W122/><G50/><T107/><D103/><N who="1" m="60847" /><E99/><V114/><F114/><W84/><G17/><T124/><D124/><U106/><E106/><V21/><F31/><W6/><G6/><T8/><D113/><U88/><E88/><V87/><F87/><W25/><G86/><T66/><D112/><U13/><E13/><V133/><F133/><W111/><G122/><T109/><D109/><U37/><E69/><V58/><F15/><W92/><REACH who="3" step="1"/><G111/><REACH who="3" ten="268,308,232,182" step="2"/><T63/><D35/><U59/><AGARI ba="4,1" hai="4,5,37,40,46,52,59,61" m="60847,51241" machi="59" ten="30,3000,0" yaku="20,1,54,1" doraHai="125" who="1" fromWho="1" sc="268,-14,308,52,232,-14,182,-14" /><INIT seed="1,5,0,4,4,123" ten="254,360,218,168" oya="1" hai0="116,102,97,113,75,99,43,3,71,126,77,133,111" hai1="125,5,105,135,64,128,22,83,50,60,62,95,74" hai2="109,6,106,72,10,65,26,96,61,48,76,112,130" hai3="80,98,122,19,51,107,59,9,131,21,100,82,132"/><U117/><E117/><V94/><F106/><W44/><G122/><T8/><D43/><U23/><E105/><V27/><F130/><W120/><G120/><T119/><D8/><U38/><E128/><V115/><F48/><W93/><G132/><T67/><D67/><U58/><E38/><V81/><F26/><W33/><G33/><T85/><D71/><U110/><E125/><V134/><F27/><W49/><G131/><T70/><D70/><U28/><E135/><V129/><F129/><W84/><G9/><T12/><D12/><U127/><E127/><V36/><F36/><W45/><G107/><T42/><D42/><U47/><E5/><V63/><F134/><W39/><G39/><T57/><D57/><U1/><E1/><V91/><F109/><W69/><G69/><T55/><D55/><U11/><E11/><V16/><F16/><W90/><G82/><T13/><D13/><U14/><E62/><V29/><F29/><W118/><G118/><T78/><D3/><U89/><E14/><N who="2" m="5463" /><F65/><W18/><G18/><T30/><D30/><U15/><E28/><V53/><F53/><N who="3" m="32175" /><G51/><T4/><D4/><U46/><E110/><V25/><F25/><AGARI ba="5,0" hai="19,21,25,44,45,80,84,90,93,98,100" m="32175" machi="25" ten="30,1000,0" yaku="8,1" doraHai="123" who="3" fromWho="2" sc="254,0,360,0,218,-25,168,25" /><INIT seed="2,0,0,3,3,99" ten="254,360,193,193" oya="2" hai0="98,30,45,17,69,37,71,14,62,7,91,130,48" hai1="76,52,134,44,43,34,123,96,56,93,53,20,33" hai2="121,82,36,106,110,13,54,22,28,129,112,79,18" hai3="64,131,114,118,41,120,75,35,38,50,78,115,74"/><V23/><F121/><W47/><G120/><T101/><D130/><U26/><E134/><V111/><F112/><N who="3" m="43051" /><G118/><T84/><D37/><U85/><E123/><V127/><F129/><W10/><G131/><T32/><D30/><U57/><E85/><V135/><F135/><W88/><G35/><T24/><D24/><U51/><E76/><V94/><F106/><W122/><G122/><T15/><D32/><U128/><E128/><V119/><F119/><W105/><G78/><T90/><D7/><U63/><E53/><V25/><F36/><W89/><G105/><T104/><D62/><U133/><E57/><V16/><F127/><W107/><G107/><T113/><D15/><U11/><E11/><V67/><F67/><W42/><G64/><T81/><D91/><N who="3" m="34889" /><G10/><T58/><D58/><U49/><E63/><V86/><F94/><W4/><G4/><T29/><D29/><N who="1" m="17607" /><E133/><V60/><REACH who="2" step="1"/><F28/><REACH who="2" ten="254,360,183,193" step="2"/><W0/><G0/><T5/><D113/><U109/><E93/><V92/><F92/><W103/><G103/><T126/><D126/><U97/><E97/><V68/><F68/><W87/><G38/><T124/><D124/><U39/><E96/><V117/><F117/><W80/><G41/><T31/><D71/><U12/><E39/><V72/><F72/><W73/><G73/><T116/><D69/><U19/><E34/><V46/><F46/><W70/><G70/><T108/><D116/><U59/><E33/><V95/><F95/><W21/><G74/><T100/><D100/><U8/><E59/><AGARI ba="0,1" hai="13,16,18,22,23,25,54,59,60,79,82,86,110,111" machi="59" ten="40,3900,0" yaku="1,1,54,1,53,0" doraHai="99" doraHaiUra="1" who="2" fromWho="1" sc="254,0,360,-39,183,49,193,0" /><INIT seed="2,1,0,2,3,77" ten="254,321,232,193" oya="2" hai0="62,12,63,54,29,40,17,23,65,86,27,129,2" hai1="106,112,89,105,79,113,123,48,119,58,84,118,95" hai2="53,33,108,56,125,81,49,98,92,47,91,26,82" hai3="8,133,60,35,4,74,93,96,80,110,5,19,122"/><V0/><F0/><W104/><G122/><T109/><D109/><U100/><E58/><V64/><F108/><W42/><G110/><T3/><D129/><U36/><E36/><V75/><F125/><W37/><G104/><N who="1" m="40042" /><E48/><V101/><F75/><W34/><G133/><T132/><D132/><U44/><E44/><V134/><F134/><W50/><G37/><T30/><D30/><U6/><E6/><V10/><F10/><W15/><G60/><T20/><D40/><U99/><E123/><V46/><F33/><W16/><G4/><T127/><D127/><U41/><E41/><V97/><F26/><W78/><G50/><T85/><D54/><U66/><E66/><V71/><F71/><W43/><G43/><T116/><D63/><U117/><E79/><V102/><F64/><W51/><G19/><T68/><D116/><U59/><E59/><V28/><F28/><W87/><G74/><T70/><D70/><U25/><E25/><V11/><F11/><W128/><G128/><T83/><REACH who="0" step="1"/><D85/><REACH who="0" ten="244,321,232,193" step="2"/><U124/><E124/><V24/><F53/><W61/><G61/><T45/><D45/><U9/><E119/><V111/><F46/><N who="3" m="26071" /><G34/><T55/><D55/><U69/><E69/><V126/><F47/><W88/><G35/><T107/><D107/><N who="1" m="63903" /><E118/><V32/><F126/><W1/><G1/><T14/><D14/><U73/><E117/><V22/><F111/><W135/><G135/><T7/><D7/><U21/><E73/><V57/><F32/><W18/><AGARI ba="1,1" hai="5,8,15,16,18,78,80,87,88,93,96" m="26071" machi="18" ten="30,8000,1" yaku="25,1,8,1,52,1,54,2" doraHai="77" who="3" fromWho="3" sc="244,-21,321,-21,232,-41,193,93" /><INIT seed="3,0,0,0,4,48" ten="223,300,191,286" oya="3" hai0="45,16,134,91,73,26,11,80,96,131,84,15,58" hai1="123,34,115,94,56,108,85,79,52,57,98,2,133" hai2="70,18,129,86,117,46,130,103,121,33,74,72,122" hai3="82,124,116,9,120,106,104,69,20,105,61,1,119"/><W29/><G120/><N who="2" m="46185" /><F70/><W107/><G124/><T22/><D131/><N who="2" m="50186" /><F33/><W128/><G107/><T59/><D134/><U77/><E133/><V19/><F46/><W31/><G128/><T100/><D73/><N who="2" m="28266" /><F103/><W27/><G31/><T8/><D45/><U3/><E34/><V71/><F71/><W89/><G69/><T65/><D65/><U42/><E123/><V30/><F30/><W132/><G132/><T13/><D13/><U83/><E115/><V21/><F21/><W37/><G37/><T111/><D111/><U102/><E108/><V12/><F12/><W112/><G112/><T88/><D91/><U53/><E2/><V81/><F117/><W99/><G61/><T51/><D51/><N who="1" m="30751" /><E3/><V7/><F7/><W135/><G135/><T92/><D11/><U17/><E17/><AGARI ba="0,0" hai="8,15,16,17,22,26,58,59,80,84,88,92,96,100" machi="17" ten="30,7700,0" yaku="7,1,8,1,54,2" doraHai="48" who="0" fromWho="1" sc="223,77,300,-77,191,0,286,0" owari="300,40.0,223,-17.7,191,-30.9,286,8.6" /></mjloggm>