<mjloggm ver="2.3"><GO type="225" lobby="0"/><UN n0="%52%61%69%61%6E%2E" n1="%E3%81%B5%E3%81%98%E3%81%8B%E3%81%A4" n2="%77%72%77%72%77%72%77%72" n3="%E3%82%A2%E3%83%A1%E3%82%A2%E3%83%A9%E3%83%AC" dan="16,16,17,16" rate="2008.69,2187.76,2155.19,2051.68" sx="M,M,M,M"/><TAIKYOKU oya="0"/><INIT seed="0,0,0,1,1,12" ten="250,250,250,250" oya="0" hai0="26,133,17,83,120,28,10,27,108,125,37,128,121" hai1="13,65,47,53,117,7,123,55,56,23,1,131,11" hai2="114,61,112,79,43,4,64,109,98,52,40,30,22" hai3="35,29,95,20,46,105,75,42,91,66,127,45,59"/><T81/><D37/><U84/><E123/><V129/><F109/><W71/><G105/><T24/><D28/><U60/><E117/><V44/><F129/><W85/><G75/><T132/><D83/><U135/><E131/><V111/><F111/><W106/><G106/><T48/><D81/><U87/><E135/><N who="0" m="51785" /><D128/><U126/><E126/><V88/><F79/><W113/><G71/><T19/><D108/><U33/><E33/><V103/><F4/><W5/><G113/><T39/><D39/><U99/><E99/><V104/><F114/><W119/><G119/><T34/><D34/><U77/><E77/><V25/><F112/><W76/><G76/><T107/><D107/><U38/><E38/><V50/><REACH who="2" step="1"/><F88/><REACH who="2" ten="250,250,240,250" step="2"/><W73/><G5/><T80/><D125/><U110/><E110/><V32/><F32/><W15/><G91/><T96/><D80/><U68/><E87/><V62/><F62/><W69/><G85/><T97/><D48/><N who="1" m="28831" /><E84/><V67/><F67/><W124/><G66/><T57/><D120/><U14/><E65/><V118/><F118/><W89/><G124/><T2/><D121/><U41/><E68/><AGARI ba="0,1" hai="22,25,30,40,43,44,50,52,61,64,68,98,103,104" machi="68" ten="30,3900,0" yaku="1,1,7,1,54,1,53,0" doraHai="12" doraHaiUra="72" who="2" fromWho="1" sc="250,0,250,-39,240,49,250,0" /><INIT seed="1,0,0,5,2,101" ten="250,211,289,250" oya="1" hai0="64,30,25,103,31,9,8,82,48,58,40,51,57" hai1="85,87,127,59,77,36,94,124,110,71,125,72,115" hai2="105,128,0,109,130,93,39,118,43,73,70,86,50" hai3="56,111,37,81,14,27,98,26,13,32,91,102,96"/><U3/><E71/><V47/><F73/><W108/><G37/><T16/><D103/><U113/><E36/><V21/><F118/><W63/><G81/><T78/><D64/><U66/><E3/><V100/><F0/><W35/><G102/><T33/><D30/><U53/><E66/><V129/><F70/><W19/><G56/><T116/><D116/><U126/><N who="1" m="31744" /><DORA hai="135" /><U41/><E41/><V17/><F109/><W97/><G63/><T34/><D34/><N who="3" m="12841" /><G91/><T104/><D104/><U28/><E28/><V18/><F39/><W61/><G61/><T121/><D121/><U46/><E46/><V11/><F11/><N who="3" m="6591" /><G14/><T131/><D48/><N who="1" m="31143" /><E110/><AGARI ba="0,0" hai="26,27,96,97,98,108,110,111" m="6591,12841" machi="110" ten="40,1300,0" yaku="14,1" doraHai="101,135" who="3" fromWho="1" sc="250,0,211,-13,289,0,250,13" /><INIT seed="2,0,0,1,3,109" ten="250,198,289,263" oya="2" hai0="54,84,95,117,128,86,127,99,22,75,110,3,29" hai1="7,92,90,59,42,83,126,74,32,101,58,123,105" hai2="6,118,97,131,27,49,67,41,36,80,15,47,8" hai3="68,37,106,103,79,113,111,30,69,33,17,115,63"/><V122/><F118/><W16/><G111/><T2/><D75/><U108/><E108/><V78/><F122/><W85/><G37/><T107/><D110/><U12/><E32/><V14/><F131/><W119/><G119/><T45/><D117/><U55/><E123/><V9/><F67/><N who="3" m="41087" /><G69/><T50/><D128/><U44/><E126/><V66/><F66/><W0/><G0/><T48/><D107/><U81/><E105/><V39/><F27/><N who="3" m="18655" /><G85/><T21/><D127/><U35/><E35/><V87/><REACH who="2" step="1"/><F97/><REACH who="2" ten="250,198,279,263" step="2"/><N who="3" m="61807" /><G79/><T132/><D99/><U82/><E74/><V31/><F31/><W52/><G52/><T23/><D29/><U18/><E55/><V89/><F89/><W116/><G116/><T93/><D54/><U124/><E124/><V61/><F61/><W5/><G5/><AGARI ba="0,1" hai="5,6,8,9,14,15,36,39,41,47,49,78,80,87" machi="5" ten="30,12000,1" yaku="1,1,7,1,9,1,25,2,53,0" doraHai="109" doraHaiUra="134" who="2" fromWho="3" sc="250,0,198,0,279,130,263,-120" /><INIT seed="2,1,0,3,1,77" ten="250,198,409,143" oya="2" hai0="88,28,81,23,59,17,106,3,50,22,41,75,84" hai1="13,66,44,99,116,56,76,60,51,53,107,7,123" hai2="127,129,124,16,30,61,102,125,93,52,86,135,57" hai3="6,64,126,90,89,47,69,38,98,48,32,92,113"/><V97/><F30/><W15/><G126/><T26/><D106/><U19/><E116/><V87/><F129/><W112/><G32/><T49/><D3/><U95/><E123/><V111/><F135/><W132/><G38/><T70/><D70/><U104/><E76/><V36/><F36/><W24/><G132/><T78/><D41/><U119/><E7/><V42/><F42/><W74/><G74/><T29/><D29/><U134/><E119/><V109/><REACH who="2" step="1"/><F16/><REACH who="2" ten="250,198,399,143" step="2"/><W10/><G24/><T2/><D28/><U43/><E43/><V35/><F35/><W108/><G108/><AGARI ba="1,1" hai="52,57,61,86,87,93,97,102,108,109,111,124,125,127" machi="108" ten="50,12000,1" yaku="1,1,14,1,10,1,18,1,54,1,53,0" doraHai="77" doraHaiUra="18" who="2" fromWho="3" sc="250,0,198,0,399,133,143,-123" /><INIT seed="2,2,0,0,5,23" ten="250,198,532,20" oya="2" hai0="55,89,116,71,34,134,10,41,59,86,79,94,61" hai1="97,38,84,57,93,109,131,81,52,63,26,53,126" hai2="127,117,92,129,112,39,21,88,0,108,119,48,110" hai3="120,124,1,104,102,66,45,27,133,91,85,70,77"/><V43/><F0/><W103/><G1/><T90/><D34/><U67/><E109/><N who="2" m="42091" /><F39/><W72/><G120/><T29/><D71/><U30/><E126/><V9/><F127/><W98/><G124/><T69/><D69/><U114/><E131/><V101/><F129/><W12/><G103/><T78/><D29/><U44/><E114/><V106/><F112/><W17/><G133/><T4/><D134/><U49/><E38/><V2/><F21/><W42/><G70/><T125/><D125/><U135/><E135/><V54/><F43/><W6/><G66/><T11/><D41/><U19/><E19/><V15/><F2/><W51/><G6/><T37/><D37/><U50/><E81/><V31/><F31/><W107/><G107/><T76/><D4/><U22/><E84/><N who="2" m="52231" /><F101/><W36/><G36/><T56/><D76/><U73/><E73/><V24/><F24/><W14/><G77/><T20/><D20/><U113/><E113/><V87/><F87/><W60/><G72/><T40/><D40/><N who="1" m="24711" /><E50/><V16/><F106/><W115/><G115/><T105/><D105/><U47/><E47/><AGARI ba="2,0" hai="9,15,16,47,48,54,117,119" m="52231,42091" machi="47" ten="30,11600,0" yaku="14,1,10,1,54,2" doraHai="23" who="2" fromWho="1" sc="250,0,198,-122,532,122,20,0" /><INIT seed="2,3,0,3,5,77" ten="250,76,654,20" oya="2" hai0="107,8,36,53,54,11,66,12,19,71,96,57,35" hai1="49,74,60,97,47,135,75,32,13,132,117,95,25" hai2="134,104,51,64,119,69,99,130,43,91,38,127,78" hai3="31,84,30,24,68,82,81,90,2,111,7,23,48"/><V45/><F119/><W133/><G111/><T34/><D36/><U110/><E117/><V55/><F130/><W61/><G133/><N who="1" m="51274" /><E110/><V83/><F134/><W56/><G68/><T89/><D11/><U44/><E60/><V17/><F127/><W114/><G114/><T42/><D42/><N who="1" m="24727" /><E13/><V3/><F3/><W120/><G120/><T59/><D66/><U106/><E106/><V33/><F33/><W129/><G129/><T122/><D71/><U15/><E15/><V126/><F126/><W50/><G31/><T67/><D67/><U121/><E47/><V29/><F29/><W63/><G63/><T28/><D28/><N who="1" m="19471" /><E121/><V85/><F64/><N who="3" m="38951" /><G2/><T39/><D39/><U124/><E124/><V9/><F69/><W70/><G7/><T27/><D27/><U5/><E5/><V16/><F9/><W123/><G123/><T92/><D107/><U18/><E18/><V113/><F113/><W40/><G70/><T46/><D46/><U102/><AGARI ba="3,0" hai="74,75,95,97,102" m="19471,24727,51274" machi="102" ten="30,1100,0" yaku="20,1" doraHai="77" who="1" fromWho="1" sc="250,-6,76,20,654,-8,20,-6" /><INIT seed="3,0,0,2,3,133" ten="244,96,646,14" oya="3" hai0="128,29,64,68,11,67,125,90,12,120,97,72,23" hai1="5,22,55,40,58,57,9,1,117,106,132,24,95" hai2="129,92,79,46,21,3,123,0,32,16,96,78,88" hai3="100,89,35,61,122,45,6,41,110,49,81,130,56"/><W13/><G122/><T53/><D72/><U33/><E132/><V51/><F32/><W2/><G130/><T60/><D67/><U93/><E106/><V103/><F129/><W108/><G35/><T39/><D39/><U62/><E117/><V48/><F123/><W15/><G100/><T134/><D134/><U18/><E40/><N who="2" m="24647" /><F0/><W116/><G116/><T44/><D120/><U31/><E57/><V43/><F3/><W70/><G70/><T26/><D90/><U83/><E83/><V124/><F124/><W25/><G25/><AGARI ba="0,0" hai="1,5,9,18,22,24,25,31,33,55,58,62,93,95" machi="25" ten="30,1000,0" yaku="7,1" doraHai="133" who="1" fromWho="3" sc="244,0,96,10,646,0,14,-10" owari="244,4.4,106,-29.4,646,74.6,4,-49.6" /></mjloggm>