<mjloggm ver="2.3"><GO type="225" lobby="0"/><UN n0="%E5%86%B7%E5%87%8D%E3%82%AE%E3%83%A7%E3%83%BC%E3%82%B6" n1="%E6%97%A5%E5%A5%88%E6%A3%AE%E3%81%82%E3%82%80" n2="%E3%81%B5%E3%81%98%E3%81%8B%E3%81%A4" n3="%33%74%72%65%65" dan="17,17,17,16" rate="2213.58,2129.32,2168.20,2169.09" sx="M,F,M,F"/><TAIKYOKU oya="0"/><INIT seed="0,0,0,5,5,73" ten="250,250,250,250" oya="0" hai0="74,106,18,83,15,35,26,71,129,119,46,111,1" hai1="27,100,17,20,94,51,135,128,19,134,40,37,72" hai2="112,64,6,89,9,114,125,25,38,66,86,67,0" hai3="21,12,88,122,54,13,42,87,30,60,14,62,104"/><T48/><D119/><U113/><E128/><V77/><F125/><W90/><G104/><T23/><D129/><U28/><E37/><V58/><F38/><W75/><G75/><T56/><D71/><U49/><E72/><V8/><F8/><W107/><G107/><T105/><D111/><U22/><E113/><V47/><F58/><W55/><G42/><T110/><D110/><U80/><E80/><V32/><F47/><W50/><G122/><T102/><D1/><U81/><E81/><V96/><F96/><W92/><G90/><T31/><D102/><U117/><E117/><V132/><F132/><N who="1" m="50729" /><E40/><V127/><F127/><W34/><G34/><T24/><D56/><U76/><E76/><V57/><F57/><N who="3" m="32983" /><G55/><T29/><D48/><N who="1" m="18507" /><E22/><V39/><F39/><W120/><G120/><T116/><D46/><U16/><E94/><V65/><F65/><W68/><G68/><T121/><D116/><U45/><E45/><V2/><F2/><W78/><G78/><T63/><D121/><U61/><E61/><N who="3" m="23658" /><G30/><T99/><D63/><U103/><AGARI ba="0,0" hai="16,17,19,20,27,28,100,103" m="18507,50729" machi="103" ten="40,2700,0" yaku="20,1,54,1" doraHai="73" who="1" fromWho="1" sc="250,-13,250,27,250,-7,250,-7" /><INIT seed="1,0,0,4,1,83" ten="237,277,243,243" oya="1" hai0="113,33,124,93,73,65,49,63,55,68,81,105,78" hai1="114,108,117,0,40,64,71,52,51,1,86,92,82" hai2="29,37,75,89,116,30,76,97,20,130,118,18,121" hai3="31,9,28,128,12,122,66,42,3,84,126,62,102"/><U85/><E114/><V38/><F121/><W35/><G122/><T61/><D113/><U107/><E107/><V13/><F130/><W135/><G3/><T90/><D124/><U104/><E104/><V39/><F75/><W16/><G128/><T2/><D105/><U34/><E117/><V103/><F76/><W99/><G126/><T44/><D33/><U21/><E34/><V96/><F89/><W54/><G42/><T74/><D2/><U91/><E40/><V98/><REACH who="2" step="1"/><F103/><REACH who="2" ten="237,277,233,243" step="2"/><W22/><G102/><T5/><D73/><U72/><E72/><V46/><F46/><W133/><G133/><T56/><D5/><U131/><E131/><V23/><F23/><W58/><G22/><T110/><D110/><U36/><E21/><V60/><F60/><W132/><G132/><T127/><D127/><U25/><E91/><V115/><F115/><W32/><G135/><T15/><D63/><U123/><E108/><V8/><F8/><W53/><G35/><T50/><D44/><U6/><E6/><V88/><F88/><W48/><G32/><T101/><D101/><U95/><E123/><V120/><F120/><W69/><G9/><T129/><D129/><U70/><E70/><V67/><F67/><W11/><G66/><T14/><REACH who="0" step="1"/><D49/><REACH who="0" ten="227,277,233,243" step="2"/><U77/><E51/><V17/><F17/><W57/><G16/><T4/><D4/><U43/><E71/><V41/><F41/><W106/><G69/><T125/><D125/><U7/><E43/><V112/><F112/><W100/><G48/><T119/><D119/><AGARI ba="0,2" hai="13,18,20,29,30,37,38,39,96,97,98,116,118,119" machi="119" ten="50,1600,0" yaku="1,1,53,0" doraHai="83" doraHaiUra="80" who="2" fromWho="0" sc="227,-16,277,0,233,36,243,0" /><INIT seed="2,0,0,5,2,55" ten="211,277,269,243" oya="2" hai0="4,129,44,111,93,106,123,133,26,116,104,121,58" hai1="19,52,31,74,70,8,71,2,96,126,66,119,28" hai2="13,82,46,91,99,39,77,130,115,57,73,54,100" hai3="75,11,65,45,35,41,15,105,108,51,49,50,89"/><V18/><F115/><W90/><G108/><T25/><D111/><U56/><E119/><V59/><F130/><W3/><G3/><T34/><D129/><U6/><E74/><V135/><F135/><W47/><G75/><T113/><D113/><U43/><E126/><V9/><F91/><W17/><G105/><T98/><D116/><U24/><E43/><V128/><F128/><W87/><G35/><T29/><D133/><U72/><E72/><V118/><F118/><W5/><G65/><T42/><D4/><U131/><E131/><V1/><F1/><W0/><G47/><T117/><D117/><U60/><E96/><V127/><F127/><W103/><G103/><T27/><D27/><U33/><E31/><V92/><REACH who="2" step="1"/><F54/><REACH who="2" ten="211,277,259,243" step="2"/><W38/><G90/><T12/><D121/><U20/><REACH who="1" step="1"/><E66/><REACH who="1" ten="211,267,259,243" step="2"/><V132/><F132/><W22/><G38/><T109/><D123/><U88/><E88/><V21/><F21/><W134/><G134/><T81/><D109/><U53/><E53/><V85/><F85/><W69/><G87/><T14/><D98/><U40/><E40/><AGARI ba="0,2" hai="9,13,18,39,40,46,57,59,73,77,82,92,99,100" machi="40" ten="40,12000,1" yaku="1,1,52,2,53,1" doraHai="55" doraHaiUra="94" who="2" fromWho="1" sc="211,0,267,-120,259,140,243,0" /><INIT seed="2,1,0,2,0,67" ten="211,147,399,243" oya="2" hai0="115,58,64,84,119,127,51,120,37,134,71,21,56" hai1="55,40,52,53,77,8,101,97,50,30,2,3,98" hai2="96,69,70,86,54,114,93,49,107,94,88,42,31" hai3="47,15,18,87,44,17,23,10,35,85,38,90,61"/><V66/><F114/><W110/><G110/><T5/><D5/><U79/><E30/><V81/><F107/><W11/><G35/><T6/><D6/><U122/><E122/><V45/><F66/><W89/><G61/><N who="0" m="40335" /><D21/><U112/><E112/><V60/><F94/><N who="3" m="54575" /><G38/><T43/><D84/><U117/><E117/><V105/><F105/><W0/><G0/><T135/><D115/><U83/><E8/><N who="3" m="3114" /><G18/><T130/><D120/><U108/><E108/><V100/><F31/><W59/><G59/><N who="0" m="22571" /><D119/><U63/><E63/><V104/><F60/><W124/><G124/><T129/><D37/><U19/><E19/><V13/><F13/><W95/><AGARI ba="1,0" hai="15,17,23,44,47,87,90,95" m="3114,54575" machi="95" ten="30,1100,0" yaku="8,1" doraHai="67" who="3" fromWho="3" sc="211,-4,147,-4,399,-6,243,14" /><INIT seed="3,0,0,4,2,85" ten="207,143,393,257" oya="3" hai0="28,105,102,81,39,76,9,66,8,80,63,133,109" hai1="91,31,74,104,75,19,103,49,68,93,115,17,128" hai2="3,71,118,130,126,21,5,99,119,33,117,90,22" hai3="51,10,87,73,132,134,24,56,112,12,77,27,6"/><W107/><G112/><T34/><D109/><U43/><E115/><V60/><F33/><W55/><G107/><T83/><D76/><U120/><E120/><V40/><F126/><W13/><G73/><T59/><D39/><U78/><E68/><V79/><F79/><W65/><G65/><T100/><D133/><U47/><E128/><V131/><F40/><W32/><G32/><T44/><D44/><U92/><E31/><V50/><F50/><W45/><G132/><T125/><D125/><U86/><E92/><N who="2" m="56727" /><F60/><W108/><G108/><T111/><D111/><U114/><E114/><V88/><F71/><W123/><G134/><T82/><N who="0" m="20480" /><DORA hai="52" /><T1/><D1/><U69/><E69/><V48/><F5/><W127/><G87/><T72/><D72/><U95/><E78/><V97/><F3/><W96/><G51/><T98/><REACH who="0" step="1"/><D100/><REACH who="0" ten="197,143,393,257" step="2"/><U57/><E74/><V121/><F121/><W53/><G77/><T89/><D89/><N who="1" m="53431" /><E75/><V26/><F119/><W38/><G38/><T61/><D61/><U30/><E103/><V110/><F118/><W20/><G127/><T18/><D18/><N who="1" m="6667" /><E104/><V36/><F36/><W37/><G37/><T35/><D35/><U41/><E30/><V84/><F110/><W2/><G2/><T42/><D42/><N who="1" m="24823" /><E57/><V64/><F117/><W15/><G56/><T116/><D116/><U7/><E7/><V4/><F4/><W129/><G6/><T54/><D54/><U94/><E94/><V11/><F130/><W101/><G55/><T135/><D135/><U16/><N who="1" m="6675" /><U29/><DORA hai="113" /><E29/><V46/><F131/><RYUUKYOKU ba="0,1" sc="197,15,143,15,393,-15,257,-15" hai0="8,9,28,34,59,63,66,98,102,105" hai1="41,43,91,95" owari="212,-18.8,158,-34.2,388,48.8,242,4.2" /></mjloggm>