<mjloggm ver="2.3"><GO type="225" lobby="0"/><UN n0="%33%74%72%65%65" n1="%E6%81%A5%E6%99%92%E3%81%97" n2="%E3%82%A2%E3%83%A1%E3%82%A2%E3%83%A9%E3%83%AC" n3="%E3%82%B2%E3%82%B9%E8%8C%82%E5%8B%9D" dan="16,16,16,16" rate="2126.83,2150.89,2067.01,2128.26" sx="F,M,M,F"/><TAIKYOKU oya="0"/><INIT seed="0,0,0,3,3,67" ten="250,250,250,250" oya="0" hai0="112,55,69,22,38,44,79,117,70,23,41,17,126" hai1="134,12,59,76,119,118,47,94,0,29,86,113,125" hai2="104,45,26,36,68,121,107,114,81,61,2,49,21" hai3="16,96,35,88,51,42,33,4,28,77,102,80,46"/><T91/><D112/><U95/><E0/><V123/><F114/><W48/><G4/><T63/><D117/><U3/><E113/><V130/><F130/><W108/><G108/><T73/><D126/><U52/><E3/><V84/><F36/><W25/><G35/><T87/><D73/><U133/><E29/><V66/><F2/><W64/><G64/><T129/><D79/><U10/><E47/><V135/><F135/><N who="1" m="51721" /><E125/><V57/><F57/><W83/><G77/><T120/><D120/><U78/><E118/><V65/><F65/><W32/><G33/><T128/><D55/><U58/><E58/><V74/><F74/><W105/><G51/><T13/><D63/><N who="1" m="36327" /><E119/><V116/><F116/><W110/><G110/><T43/><D43/><U30/><E30/><V101/><F121/><W115/><G115/><T97/><D97/><U93/><E86/><V92/><F123/><W89/><REACH who="3" step="1"/><G16/><AGARI ba="0,0" hai="10,12,16,76,78,93,94,95" m="36327,51721" machi="16" ten="30,3900,0" yaku="20,1,54,2" doraHai="67" who="1" fromWho="3" sc="250,0,250,39,250,0,250,-39" /><INIT seed="1,0,0,3,4,28" ten="250,289,250,211" oya="1" hai0="107,92,21,105,95,49,53,93,131,112,6,39,30" hai1="40,44,8,132,73,3,120,24,47,115,54,75,64" hai2="88,108,12,135,60,52,29,61,5,19,77,89,16" hai3="1,100,18,68,133,117,91,125,96,4,106,109,129"/><U123/><E115/><V46/><F108/><W63/><G109/><T76/><D112/><U127/><E54/><V66/><F135/><W128/><G117/><T14/><D39/><N who="1" m="21535" /><E132/><V34/><F77/><W74/><G133/><T55/><D131/><U42/><E127/><V82/><F34/><W98/><G125/><T99/><D76/><U97/><E64/><V118/><F29/><W101/><G91/><N who="2" m="34889" /><F82/><W45/><G18/><N who="2" m="6697" /><F66/><W32/><G74/><T48/><D105/><U126/><E126/><V59/><F46/><W116/><G45/><T43/><D107/><U15/><E75/><V33/><F33/><W0/><G116/><T79/><D79/><U26/><E73/><V78/><F78/><W87/><G32/><T7/><D99/><U23/><E97/><V51/><F118/><W31/><G87/><T56/><D30/><U71/><E47/><V119/><F119/><W65/><G31/><T110/><D110/><U94/><E120/><V80/><F80/><W22/><G0/><T20/><D93/><U90/><E3/><V9/><AGARI ba="0,0" hai="5,9,12,51,52,59,60,61" m="6697,34889" machi="9" ten="30,7900,0" yaku="8,1,54,3" doraHai="28" who="2" fromWho="2" sc="250,-20,289,-39,250,79,211,-20" /><INIT seed="2,0,0,1,2,61" ten="230,250,329,191" oya="2" hai0="130,85,43,115,99,55,135,81,13,100,18,62,112" hai1="101,126,91,87,65,114,120,73,89,33,111,77,20" hai2="47,5,83,60,109,6,39,31,46,36,98,56,107" hai3="132,108,90,72,67,117,70,22,53,38,3,0,119"/><V131/><F131/><W76/><G108/><T88/><D135/><U35/><E114/><V54/><F31/><W48/><G132/><T2/><D2/><U95/><E111/><V25/><F25/><W23/><G38/><T57/><D130/><U82/><E126/><V94/><F107/><W51/><G90/><T97/><D43/><U106/><E91/><V41/><F109/><W80/><G3/><T74/><D74/><U122/><E20/><V64/><F83/><W1/><G0/><T49/><D62/><U113/><E113/><V121/><F121/><N who="1" m="46697" /><E65/><V59/><F46/><W4/><G1/><T26/><D26/><U17/><E17/><V63/><REACH who="2" step="1"/><F39/><REACH who="2" ten="230,250,319,191" step="2"/><W40/><G117/><T30/><D30/><U92/><E106/><V116/><F116/><W10/><G119/><T84/><D115/><U45/><E45/><V24/><F24/><W15/><G80/><T34/><D112/><U86/><E35/><V44/><F44/><W134/><G134/><T105/><D34/><U78/><E33/><V14/><F14/><W37/><G37/><T69/><D81/><N who="1" m="45231" /><E95/><V103/><AGARI ba="0,1" hai="5,6,36,41,47,54,56,59,60,63,64,94,98,103" machi="103" ten="20,7800,0" yaku="1,1,0,1,7,1,52,1,53,0" doraHai="61" doraHaiUra="19" who="2" fromWho="2" sc="230,-26,250,-26,319,88,191,-26" /><INIT seed="2,1,0,3,2,32" ten="204,224,407,165" oya="2" hai0="72,41,122,38,29,100,51,66,117,20,26,63,57" hai1="87,44,133,127,61,5,95,6,64,1,25,101,98" hai2="11,81,59,0,76,91,56,31,68,62,85,132,104" hai3="16,71,79,46,7,14,111,109,114,22,45,30,33"/><V74/><F132/><W49/><G71/><T17/><D122/><U3/><E127/><V92/><F31/><W134/><G134/><T118/><D38/><U19/><E133/><V39/><F39/><W121/><G121/><T89/><D72/><U130/><E130/><V108/><F108/><W90/><G79/><T47/><D100/><U94/><E44/><V23/><F23/><W75/><G75/><T129/><D129/><U50/><E50/><V9/><F68/><W15/><G114/><T2/><D2/><U119/><E119/><N who="0" m="45577" /><D89/><U124/><E124/><V53/><F0/><W13/><G90/><T80/><D80/><U55/><E55/><V58/><F58/><W135/><G135/><T120/><D120/><U105/><E87/><V21/><F21/><W82/><G82/><T93/><D93/><U97/><E105/><V27/><F27/><N who="3" m="18655" /><G49/><T34/><D34/><U84/><E84/><V10/><F104/><W40/><G40/><N who="0" m="25063" /><D29/><U48/><E3/><V4/><F59/><W115/><G115/><T102/><D102/><N who="1" m="60727" /><E1/><V125/><F125/><W35/><G35/><T107/><D107/><U42/><E42/><AGARI ba="1,0" hai="17,20,26,41,42,57,63,66" m="25063,45577" machi="42" ten="30,1000,0" yaku="12,1" doraHai="32" who="0" fromWho="1" sc="204,13,224,-13,407,0,165,0" /><INIT seed="3,0,0,2,4,88" ten="217,211,407,165" oya="3" hai0="9,57,87,80,106,4,98,99,14,13,130,118,59" hai1="66,3,24,48,26,129,20,50,25,73,35,21,12" hai2="126,132,38,94,7,0,108,114,39,134,17,96,86" hai3="65,15,27,16,69,61,116,18,95,55,110,113,56"/><W64/><G113/><T119/><D130/><U123/><E123/><V83/><F108/><W47/><G116/><T103/><D99/><U112/><E112/><V30/><F114/><W36/><G110/><T90/><D59/><U115/><E115/><V29/><F126/><W128/><G128/><T19/><D57/><U124/><E129/><V92/><F17/><W71/><G27/><T120/><D120/><U10/><E35/><V32/><F7/><W6/><G69/><T11/><AGARI ba="0,0" hai="4,9,11,13,14,19,80,87,90,98,103,106,118,119" machi="11" ten="20,1500,0" yaku="0,1,7,1" doraHai="88" who="0" fromWho="0" sc="217,15,211,-4,407,-4,165,-7" owari="232,3.2,207,-19.3,403,50.3,158,-34.2" /></mjloggm>