<mjloggm ver="2.3"><GO type="225" lobby="0"/><UN n0="%E3%81%BF%E3%81%BF%E3%81%9A" n1="%77%72%77%72%77%72%77%72" n2="%E3%81%B5%E3%81%98%E3%81%8B%E3%81%A4" n3="%E8%90%BD%E6%97%A5" dan="16,17,16,16" rate="2236.42,2247.48,2170.25,2182.40" sx="M,M,M,F"/><TAIKYOKU oya="0"/><INIT seed="0,0,0,2,3,18" ten="250,250,250,250" oya="0" hai0="64,67,102,11,22,90,59,73,132,115,109,23,65" hai1="69,104,27,84,91,130,8,46,117,114,0,6,1" hai2="92,113,131,53,37,17,42,94,54,129,111,15,88" hai3="66,118,101,40,34,13,44,47,48,80,121,108,58"/><T77/><D115/><U99/><E117/><V120/><F113/><W57/><G34/><T63/><D132/><U100/><E114/><V39/><F120/><W112/><G112/><T60/><D102/><U62/><E130/><N who="2" m="49675" /><F94/><W116/><G101/><T74/><D109/><U126/><E126/><V35/><F35/><W124/><G80/><T3/><D90/><U97/><E97/><N who="2" m="57479" /><F111/><W133/><G13/><T82/><D74/><U45/><E0/><V87/><F87/><W19/><G19/><T5/><REACH who="0" step="1"/><D67/><REACH who="0" ten="240,250,250,250" step="2"/><U9/><E100/><V98/><F98/><W12/><G108/><T25/><D25/><U81/><E27/><V110/><F110/><W135/><G66/><T26/><D26/><U89/><E99/><V20/><F42/><W4/><G121/><T56/><AGARI ba="0,1" hai="3,5,11,22,23,56,59,60,63,64,65,73,77,82" machi="56" ten="20,18000,2" yaku="1,1,0,1,7,1,9,1,52,2,53,0" doraHai="18" doraHaiUra="93" who="0" fromWho="0" sc="240,190,250,-60,250,-60,250,-60" /><INIT seed="0,1,0,4,1,86" ten="430,190,190,190" oya="0" hai0="82,8,80,64,47,15,33,104,44,94,135,68,16" hai1="115,45,26,84,102,31,127,20,17,118,128,61,97" hai2="53,132,95,89,71,121,65,0,35,85,107,52,72" hai3="108,13,129,5,83,7,24,12,46,76,2,3,43"/><T27/><D104/><U11/><E118/><V105/><F121/><W90/><G108/><T78/><D135/><U58/><E128/><V75/><F132/><W41/><G129/><T131/><D131/><U40/><E127/><V124/><F124/><W93/><G24/><T39/><D39/><U123/><E115/><V112/><F112/><W111/><G111/><T99/><D68/><U22/><E123/><V54/><F0/><W9/><G43/><T67/><D33/><U119/><E119/><V1/><F1/><W49/><G13/><T38/><D27/><U70/><E70/><V10/><F35/><W122/><G7/><T4/><D4/><U50/><E84/><V19/><F105/><W30/><G30/><T56/><D38/><U125/><E125/><V63/><REACH who="2" step="1"/><F107/><REACH who="2" ten="430,190,180,190" step="2"/><W25/><G122/><T100/><D67/><U81/><E11/><V103/><F103/><W134/><G134/><T32/><D32/><U60/><E20/><V37/><F37/><W87/><REACH who="3" step="1"/><G25/><REACH who="3" ten="430,190,180,180" step="2"/><T114/><D114/><U106/><E31/><V62/><F62/><W113/><G113/><T116/><D116/><U120/><E120/><V34/><F34/><W28/><G28/><T6/><D15/><AGARI ba="1,2" hai="10,15,19,52,53,54,63,65,71,72,75,85,89,95" machi="15" ten="40,5200,0" yaku="1,1,52,1,54,1,53,0" doraHai="86" doraHaiUra="79" who="2" fromWho="0" sc="430,-55,190,0,180,75,180,0" /><BYE who="0" /><UN n0="%E3%81%BF%E3%81%BF%E3%81%9A" /><INIT seed="1,0,0,0,1,105" ten="375,190,255,180" oya="1" hai0="23,4,85,86,131,8,78,26,34,70,68,61,88" hai1="5,60,71,37,77,115,134,21,104,57,64,42,2" hai2="89,28,56,62,117,103,43,75,1,36,133,96,6" hai3="81,130,3,76,106,125,18,10,0,107,22,91,51"/><U111/><E115/><V113/><F117/><W124/><G130/><T126/><D131/><U114/><E114/><V109/><F113/><W101/><G91/><T47/><D34/><U52/><E104/><N who="3" m="39978" /><G101/><T119/><D119/><U29/><E134/><V94/><F28/><W82/><G82/><T39/><D126/><N who="3" m="48745" /><G10/><T32/><D32/><U33/><E111/><V80/><F133/><W92/><G92/><T50/><D39/><U118/><E33/><V135/><F109/><W110/><G51/><T40/><D85/><U19/><E118/><V49/><F49/><W58/><G58/><T87/><D86/><U55/><E77/><V129/><F129/><W79/><G79/><T100/><D100/><U99/><E99/><V59/><F59/><W67/><G67/><T13/><D61/><U112/><E112/><V98/><F98/><W84/><G110/><T123/><D123/><U38/><E5/><V121/><F135/><W7/><G7/><T120/><D120/><U31/><E2/><V93/><F121/><W48/><G48/><T74/><D88/><U16/><E55/><N who="2" m="34079" /><F6/><W72/><G84/><T108/><D87/><U95/><E95/><N who="2" m="58783" /><F1/><W127/><N who="3" m="48753" /><W15/><AGARI ba="0,0" hai="0,3,15,18,22,72,76,81" m="48753,39978" machi="15" ten="50,6400,0" yaku="4,1,18,1,52,1" doraHai="105" who="3" fromWho="3" sc="375,-16,190,-32,255,-16,180,64" /><INIT seed="2,0,0,3,3,8" ten="359,158,239,244" oya="2" hai0="0,48,50,81,117,78,106,125,29,97,30,33,131" hai1="75,60,114,49,76,71,64,14,7,15,10,38,19" hai2="92,90,110,21,35,128,107,65,101,63,133,100,12" hai3="96,135,73,115,59,67,129,83,13,34,118,130,102"/><V62/><F35/><W18/><G34/><T2/><D97/><U24/><E114/><V126/><F126/><W123/><G118/><T56/><D106/><U36/><E24/><V52/><F133/><W105/><G123/><T89/><D89/><U27/><E27/><V17/><F107/><W16/><G135/><T80/><D56/><U120/><E120/><V58/><F128/><N who="3" m="49259" /><G115/><T31/><D131/><U11/><REACH who="1" step="1"/><E49/><REACH who="1" ten="359,148,239,244" step="2"/><V74/><F110/><W134/><G134/><T39/><D48/><U37/><E37/><V51/><F74/><W68/><G73/><T94/><D50/><U53/><E53/><V86/><REACH who="2" step="1"/><F63/><REACH who="2" ten="359,148,229,244" step="2"/><W5/><G105/><T79/><D33/><U132/><E132/><V108/><F108/><W46/><G46/><AGARI ba="0,2" hai="12,17,21,46,51,52,58,62,65,86,90,92,100,101" machi="46" ten="30,12000,1" yaku="1,1,7,1,8,1,52,1,54,1,53,0" doraHai="8" doraHaiUra="127" who="2" fromWho="3" sc="359,0,148,0,229,140,244,-120" /><INIT seed="2,1,0,4,0,76" ten="359,148,369,124" oya="2" hai0="24,109,2,52,62,61,116,30,88,74,18,135,66" hai1="19,85,4,22,3,119,55,97,28,37,56,43,29" hai2="0,130,127,27,77,101,9,118,23,21,6,92,32" hai3="75,95,5,71,1,12,14,50,47,36,65,124,8"/><V45/><F118/><W42/><G124/><T41/><D116/><U113/><E113/><V104/><F127/><W64/><G95/><T13/><D2/><U131/><E119/><V132/><F104/><W26/><G26/><T107/><D107/><U63/><E131/><V89/><F132/><W126/><G126/><T69/><D74/><U58/><E37/><V125/><F130/><W112/><G112/><T111/><D41/><U128/><E43/><V96/><F77/><W79/><G50/><T60/><D135/><U15/><E128/><V73/><F73/><W57/><G57/><T81/><D18/><U80/><E97/><V10/><F10/><W67/><REACH who="3" step="1"/><G71/><REACH who="3" ten="359,148,369,114" step="2"/><T59/><D61/><N who="1" m="35999" /><E3/><V108/><F125/><W93/><G93/><T54/><D13/><U117/><E117/><V31/><F108/><N who="0" m="41546" /><D62/><U20/><E63/><V82/><F45/><W99/><G99/><T129/><D129/><U16/><E58/><V35/><F35/><W90/><G90/><T110/><N who="0" m="41554" /><T46/><DORA hai="120" /><D46/><U83/><E15/><V121/><F121/><W68/><G68/><T53/><D69/><U94/><E94/><V39/><F39/><W122/><G122/><T84/><D54/><U98/><E98/><V105/><F92/><W49/><G49/><T11/><D11/><U17/><E28/><V48/><F48/><W38/><G38/><T103/><D103/><U114/><E29/><V34/><F34/><AGARI ba="1,1" hai="24,30,34,52,53,59,60,66,81,84,88" m="41554" machi="34" ten="40,16000,3" yaku="14,1,52,5,54,2" doraHai="76,120" who="0" fromWho="2" sc="359,173,148,0,369,-163,114,0" /><INIT seed="3,0,0,4,2,45" ten="532,148,206,114" oya="3" hai0="83,48,67,12,55,68,31,119,36,79,77,24,17" hai1="69,106,134,9,6,71,61,121,113,130,46,0,38" hai2="131,20,30,111,76,99,28,13,43,122,54,132,120" hai3="59,112,1,70,18,93,108,89,118,11,104,2,123"/><W25/><G112/><T58/><D119/><U23/><E113/><V92/><F111/><W50/><G118/><T95/><D36/><U41/><E121/><N who="2" m="46699" /><F132/><W74/><G123/><T22/><D95/><U101/><E134/><V78/><F131/><W52/><G70/><T124/><D124/><U126/><E126/><V15/><F43/><W3/><G104/><T116/><D116/><U34/><E23/><V96/><F54/><W125/><G125/><T37/><D37/><U8/><E8/><V110/><F110/><W42/><G108/><T63/><D83/><U7/><E7/><V26/><F30/><W49/><G74/><T57/><D68/><U21/><E21/><AGARI ba="0,0" hai="12,17,21,22,24,31,48,55,57,58,63,67,77,79" machi="21" ten="30,3900,0" yaku="7,1,8,1,52,1" doraHai="45" who="0" fromWho="1" sc="532,39,148,-39,206,0,114,0" owari="571,67.1,109,-39.1,206,0.6,114,-28.6" /></mjloggm>