<mjloggm ver="2.3"><GO type="225" lobby="0"/><UN n0="%E9%BA%BB%E9%9B%80%E5%B0%91%E5%B9%B4" n1="%E4%B8%8B%E6%AE%B5%E3%83%81%E3%82%A7%E3%83%AA%E3%83%BC" n2="%6D%75%75%6D%75%72%61" n3="%E3%81%AF%E3%82%88%E3%81%8A%E3%81%98%E3%81%95%E3%82%93" dan="17,16,16,16" rate="2158.39,2135.37,2058.06,2207.01" sx="M,M,F,M"/><TAIKYOKU oya="0"/><INIT seed="0,0,0,0,0,74" ten="250,250,250,250" oya="0" hai0="30,114,40,23,82,21,122,63,66,49,28,3,127" hai1="107,135,79,68,42,8,59,112,77,86,43,100,115" hai2="70,95,103,104,35,65,10,61,24,5,110,90,1" hai3="92,64,108,97,34,131,19,106,87,81,6,2,105"/><T27/><D114/><N who="1" m="43563" /><E68/><V118/><F110/><W121/><G34/><T22/><D122/><U50/><E135/><V93/><F118/><W113/><G113/><T76/><D3/><U80/><E8/><V4/><F4/><W16/><G108/><T25/><D127/><U58/><E100/><V83/><F83/><W29/><G29/><T60/><D23/><U46/><E107/><V44/><F44/><W132/><G64/><T117/><D117/><U32/><E32/><V72/><F72/><W12/><G132/><T116/><D116/><U126/><E126/><V39/><F39/><W33/><G33/><T0/><D0/><U48/><E79/><V14/><F1/><W67/><G67/><T56/><D63/><U96/><E96/><N who="2" m="61543" /><F90/><W134/><G134/><T55/><D40/><N who="1" m="15403" /><E48/><V94/><F94/><W84/><G131/><T128/><D128/><U15/><E15/><V9/><F9/><W54/><G121/><T51/><REACH who="0" step="1"/><D66/><REACH who="0" ten="240,250,250,250" step="2"/><U123/><E123/><V11/><F11/><W120/><G2/><T36/><D36/><U111/><E111/><V62/><F62/><W119/><G120/><T85/><AGARI ba="0,1" hai="21,22,25,27,28,30,49,51,55,56,60,76,82,85" machi="85" ten="20,18000,2" yaku="1,1,0,1,7,1,9,1,8,1,52,1,53,0" doraHai="74" doraHaiUra="98" who="0" fromWho="0" sc="240,190,250,-60,250,-60,250,-60" /><INIT seed="0,1,0,5,2,99" ten="430,190,190,190" oya="0" hai0="62,112,131,90,132,22,111,4,24,49,14,114,10" hai1="87,63,107,94,75,135,133,106,104,17,13,85,42" hai2="34,48,82,69,98,12,120,76,44,78,58,31,117" hai3="97,65,40,130,124,128,1,27,32,77,36,5,29"/><T110/><D131/><U80/><E42/><V47/><F69/><W45/><G124/><T46/><D62/><U84/><E63/><V7/><F120/><W119/><G65/><T129/><D129/><U19/><E13/><V125/><F125/><W92/><G119/><T95/><D132/><N who="1" m="50763" /><E94/><V73/><F117/><W101/><REACH who="3" step="1"/><G77/><AGARI ba="1,0" hai="17,19,75,77,80,84,85,87,104,106,107" m="50763" machi="77" ten="40,1300,0" yaku="20,1" doraHai="99" who="1" fromWho="3" sc="430,0,190,16,190,0,190,-16" /><INIT seed="1,0,0,0,1,100" ten="430,206,190,174" oya="1" hai0="90,112,124,22,59,83,61,20,99,24,6,91,38" hai1="68,9,7,25,76,2,121,36,39,130,18,40,95" hai2="85,105,42,21,19,64,34,62,71,102,1,12,17" hai3="97,109,122,127,111,33,74,123,101,50,13,107,75"/><U32/><E121/><N who="3" m="46090" /><G13/><T30/><D112/><U119/><E119/><V115/><F115/><W23/><G23/><T78/><D38/><U44/><E68/><V47/><F1/><W132/><G33/><T53/><D124/><U35/><E130/><V84/><F34/><W131/><G50/><T57/><D6/><U128/><E128/><V49/><REACH who="2" step="1"/><F19/><REACH who="2" ten="430,206,180,174" step="2"/><W11/><G131/><T70/><D70/><U55/><E32/><V126/><F126/><W0/><G127/><T56/><D22/><U51/><E35/><V31/><F31/><W4/><G132/><T63/><D63/><U54/><E18/><V14/><F14/><W52/><G52/><T5/><D5/><U104/><E54/><V120/><F120/><W86/><G86/><T80/><D20/><U16/><E55/><V3/><F3/><W93/><G93/><T118/><D118/><U106/><E95/><V45/><F45/><W129/><G129/><T82/><D30/><U27/><E16/><V65/><F65/><W60/><G60/><T108/><D61/><U48/><E44/><V28/><F28/><W94/><G94/><T134/><D134/><U26/><E2/><V87/><F87/><W77/><G77/><T41/><D78/><U29/><E76/><V46/><F46/><W125/><G125/><T79/><D79/><U92/><E29/><V37/><F37/><W69/><G69/><T103/><D80/><U88/><E39/><V133/><F133/><W96/><G96/><AGARI ba="0,1" hai="12,17,21,42,47,49,62,64,71,84,85,96,102,105" machi="96" ten="40,5200,0" yaku="1,1,52,1,53,1" doraHai="100" doraHaiUra="58" who="2" fromWho="3" sc="430,0,206,0,180,62,174,-52" /><INIT seed="2,0,0,1,2,104" ten="430,206,242,122" oya="2" hai0="83,0,128,27,19,133,115,134,63,12,88,17,73" hai1="29,1,24,51,135,3,102,108,20,84,7,117,44" hai2="120,31,87,52,8,30,90,61,77,40,22,46,6" hai3="129,126,110,112,89,37,42,13,94,59,2,101,58"/><V81/><F120/><W25/><G2/><T56/><D115/><U16/><E117/><V11/><F90/><W119/><G119/><T47/><D0/><U28/><E135/><N who="0" m="51721" /><D128/><U70/><E70/><V132/><F132/><W23/><G129/><T100/><D100/><U114/><E114/><V109/><F109/><W49/><G112/><T121/><D121/><U99/><E108/><V72/><F87/><W98/><G110/><T78/><D47/><U131/><E131/><V33/><F33/><W85/><G126/><T76/><D76/><U62/><E62/><V10/><F6/><W74/><G37/><T103/><D103/><U111/><E111/><V71/><F22/><W92/><G74/><T66/><D27/><U26/><E84/><V107/><F107/><W21/><G13/><T36/><D36/><U41/><E7/><V93/><F93/><W124/><G124/><T57/><D88/><U53/><E28/><V91/><F91/><W96/><G85/><T127/><D127/><U69/><E41/><V60/><F71/><W18/><G21/><N who="0" m="11431" /><D19/><U39/><E39/><V105/><F105/><W125/><G125/><T38/><D38/><U4/><E4/><V45/><F40/><W50/><REACH who="3" step="1"/><G42/><REACH who="3" ten="430,206,242,112" step="2"/><T35/><D35/><N who="1" m="20903" /><E1/><V130/><F130/><W55/><G55/><T106/><D106/><N who="1" m="63839" /><E3/><V79/><F52/><W75/><G75/><T80/><D80/><U95/><E95/><V9/><F72/><W82/><G82/><T123/><D123/><U113/><E113/><V64/><F81/><W14/><G14/><T97/><D97/><U68/><BYE who="0" /><AGARI ba="0,1" hai="16,20,26,44,51,53,68,69" m="63839,20903" machi="68" ten="30,2000,0" yaku="5,1,54,1" doraHai="104" who="1" fromWho="1" sc="430,-5,206,30,242,-10,112,-5" /><INIT seed="3,0,0,2,1,83" ten="425,236,232,107" oya="3" hai0="32,8,22,132,61,113,19,95,51,118,114,40,75" hai1="29,128,107,131,23,74,35,89,10,17,66,21,116" hai2="84,31,33,24,43,109,77,85,18,34,126,102,64" hai3="79,117,12,59,3,105,103,30,63,49,56,26,99"/><W44/><G117/><T45/><D45/><U50/><E116/><V92/><F109/><W41/><G3/><T47/><D47/><U76/><E107/><V127/><F34/><W68/><G79/><T124/><D124/><N who="2" m="47658" /><F43/><W72/><G72/><T90/><D90/><U94/><E66/><V133/><F133/><W119/><G119/><T52/><D52/><U98/><E50/><V15/><F64/><W20/><REACH who="3" step="1"/><G12/><REACH who="3" ten="425,236,232,97" step="2"/><T87/><D87/><U9/><E76/><V120/><F77/><W54/><G54/><T28/><D28/><U81/><E74/><V0/><F0/><W46/><G46/><T16/><D16/><U78/><E29/><V108/><F108/><W7/><G7/><T135/><D135/><U130/><E17/><V93/><F120/><W96/><G96/><T73/><D73/><U37/><E78/><V36/><F36/><W4/><G4/><T14/><D14/><U122/><E37/><V25/><F25/><W82/><G82/><T134/><D134/><U55/><E81/><V123/><F123/><W60/><G60/><T110/><D110/><U58/><E122/><V38/><F38/><W115/><G115/><T48/><D48/><U69/><E55/><V57/><F18/><W91/><G91/><T13/><D13/><U121/><E89/><V97/><F15/><W71/><G71/><T88/><D88/><N who="1" m="55623" /><E69/><UN n0="%E9%BA%BB%E9%9B%80%E5%B0%91%E5%B9%B4" /><V27/><F27/><W80/><G80/><T112/><D112/><U11/><E121/><V111/><F111/><W65/><AGARI ba="0,1" hai="20,26,30,41,44,49,56,59,63,65,68,99,103,105" machi="65" ten="30,6000,0" yaku="1,1,0,1,53,1" doraHai="83" doraHaiUra="101" who="3" fromWho="3" sc="425,-20,236,-20,232,-20,97,70" /><INIT seed="3,1,0,3,5,6" ten="405,216,212,167" oya="3" hai0="8,3,22,11,85,82,15,69,19,62,122,72,101" hai1="55,56,103,10,100,120,43,53,48,90,5,128,81" hai2="110,45,27,71,95,42,57,79,74,130,124,104,67" hai3="98,64,119,135,121,109,0,16,40,126,7,54,12"/><W111/><G121/><T78/><D122/><U37/><E128/><V102/><F104/><W93/><G119/><T60/><D3/><U114/><E114/><V32/><F71/><W127/><G135/><T29/><D72/><U51/><E120/><V61/><F130/><W132/><G132/><T34/><D34/><U20/><E43/><V26/><F110/><N who="3" m="41995" /><G40/><T65/><D29/><U87/><E37/><V36/><F124/><N who="3" m="47659" /><G64/><T25/><D25/><U116/><E116/><V84/><F32/><W99/><G54/><T80/><D80/><U115/><E115/><V77/><F74/><W52/><G52/><T129/><D129/><U63/><E63/><V9/><F36/><W94/><G7/><T73/><D73/><U131/><E131/><V107/><F42/><W33/><G0/><T112/><D112/><U41/><E41/><V30/><F45/><W35/><G94/><T38/><D38/><U23/><E55/><V88/><F67/><W17/><G17/><T134/><D134/><U123/><E51/><V13/><F61/><W92/><G92/><T117/><D117/><U59/><E59/><V105/><F57/><W18/><G18/><T75/><D60/><U86/><E123/><V31/><F105/><W14/><G14/><T46/><D46/><U125/><E125/><V91/><F107/><W4/><G4/><T96/><D75/><U2/><E86/><N who="2" m="52631" /><F102/><N who="3" m="60751" /><G99/><T70/><D70/><U106/><E106/><AGARI ba="1,0" hai="8,11,15,19,22,62,65,69,78,82,85,96,101,106" machi="106" ten="30,3900,0" yaku="7,1,52,2" doraHai="6" who="0" fromWho="1" sc="405,42,216,-42,212,0,167,0" owari="447,54.7,174,-22.6,212,1.2,167,-33.3" /></mjloggm>