<mjloggm ver="2.3"><GO type="225" lobby="0"/><UN n0="%E3%83%A9%E3%83%96%E3%83%AC%E3%83%BC" n1="%E3%82%A2%E3%83%BC%E3%83%A2%E3%83%AD%E3%83%BC%E3%83%B4%E3%82%A1" n2="%72%69%6F%75%63%68%61%6E" n3="%43%68%65" dan="18,16,17,16" rate="2248.23,2122.39,2308.12,2155.78" sx="M,M,M,M"/><TAIKYOKU oya="0"/><INIT seed="0,0,0,0,2,82" ten="250,250,250,250" oya="0" hai0="13,28,17,84,126,88,31,65,75,112,48,74,80" hai1="44,127,15,14,123,57,38,62,51,71,73,55,108" hai2="11,95,43,46,70,105,27,63,133,68,18,22,25" hai3="0,21,16,29,110,1,128,92,121,30,83,85,98"/><T90/><D112/><U39/><E123/><V37/><F133/><W115/><G115/><T109/><D65/><U3/><E3/><V116/><F105/><W54/><G121/><T47/><D126/><U12/><E127/><V34/><F116/><W72/><G72/><T36/><D36/><U6/><E73/><V19/><F63/><W76/><G110/><T125/><D125/><U93/><E108/><V102/><F11/><W2/><G54/><T124/><D124/><U9/><E93/><V132/><F132/><W86/><G128/><T61/><D61/><U111/><E111/><V104/><F104/><W40/><G40/><T35/><D75/><U33/><E33/><V118/><F118/><W77/><G77/><N who="0" m="46095" /><D74/><U119/><E119/><V45/><F45/><W94/><G86/><T59/><D59/><U50/><E50/><V56/><F56/><W10/><G10/><N who="0" m="6327" /><D35/><U53/><E71/><V114/><F114/><W32/><G32/><T81/><D109/><U103/><E38/><V134/><F134/><W106/><G106/><T42/><D81/><U52/><E39/><V7/><F34/><W129/><G129/><T97/><D97/><U26/><E57/><V91/><F68/><W87/><G94/><T101/><D101/><U60/><E103/><V131/><F102/><W64/><G64/><T4/><D4/><U49/><E60/><V113/><F7/><W100/><REACH who="3" step="1"/><G87/><REACH who="3" ten="250,250,250,240" step="2"/><T67/><D67/><U41/><E62/><V58/><F131/><W120/><G120/><T79/><D79/><U78/><E78/><V122/><F122/><W5/><G5/><RYUUKYOKU ba="0,1" sc="250,15,250,-15,250,-15,240,15" hai0="28,31,42,47,48,88,90" hai3="0,1,2,16,21,29,30,76,83,85,92,98,100" /><INIT seed="0,1,1,4,2,100" ten="265,235,235,255" oya="0" hai0="8,132,52,82,112,61,32,121,49,33,98,41,102" hai1="85,51,58,47,60,99,46,74,13,67,40,92,4" hai2="91,75,87,53,114,34,55,101,130,29,66,63,43" hai3="5,11,111,109,44,22,42,126,88,24,25,86,31"/><T16/><D112/><U113/><E74/><V106/><F114/><W116/><G116/><T71/><D121/><U2/><E113/><V120/><F120/><W35/><G126/><T127/><D127/><U73/><E73/><V77/><F130/><W131/><G131/><T79/><D41/><U57/><E2/><V23/><F43/><W14/><G25/><T83/><D132/><U133/><E133/><V6/><F6/><W56/><G56/><T135/><D135/><U9/><E85/><V104/><F34/><W103/><G103/><T0/><D83/><U30/><E30/><V72/><F101/><W118/><G35/><T36/><D36/><U54/><REACH who="1" step="1"/><E40/><REACH who="1" ten="265,225,235,255" step="2"/><V1/><F1/><W37/><REACH who="3" step="1"/><G118/><REACH who="3" ten="265,225,235,245" step="2"/><T70/><D33/><U7/><E7/><V95/><F29/><W28/><G28/><T134/><D32/><U27/><E27/><V38/><F66/><W26/><G26/><T105/><D134/><U68/><E68/><V90/><F90/><AGARI ba="1,3" hai="4,9,13,46,47,51,54,57,58,60,67,90,92,99" machi="90" ten="30,7700,0" yaku="1,1,7,1,8,1,53,1" doraHai="100" doraHaiUra="59" who="1" fromWho="2" sc="265,0,225,110,235,-80,245,0" /><INIT seed="1,0,0,4,0,84" ten="265,335,155,245" oya="1" hai0="78,126,86,18,69,24,54,113,94,15,132,76,118" hai1="88,38,42,102,11,122,116,32,85,51,40,95,17" hai2="87,71,125,41,29,34,0,27,63,104,130,79,115" hai3="28,121,16,92,60,12,43,3,72,129,75,26,50"/><U101/><E116/><V110/><F110/><W73/><G121/><T49/><D113/><U109/><E122/><V114/><F125/><W70/><G3/><T99/><D69/><U55/><E32/><V127/><F127/><W103/><G129/><T44/><D132/><U8/><E38/><V119/><F119/><W5/><G5/><T62/><D126/><U21/><E109/><V108/><F108/><W74/><G74/><T52/><D86/><U117/><E117/><V80/><F130/><W93/><G103/><N who="1" m="39434" /><E11/><V97/><F0/><W37/><G37/><T53/><D24/><N who="1" m="14383" /><E8/><V19/><F41/><W67/><G50/><T31/><D31/><U23/><E23/><V33/><F33/><W35/><REACH who="3" step="1"/><G43/><REACH who="3" ten="265,335,155,235" step="2"/><N who="0" m="24735" /><D118/><U4/><E4/><V47/><F47/><AGARI ba="0,1" hai="40,42,47,51,55,85,88,95" m="14383,39434" machi="47" ten="30,5800,0" yaku="8,1,52,1,54,1" doraHai="84" who="1" fromWho="2" sc="265,0,335,68,155,-58,235,0" /><INIT seed="1,1,0,4,0,14" ten="265,403,97,235" oya="1" hai0="57,23,4,130,42,28,119,120,93,79,32,92,17" hai1="34,83,135,6,95,81,113,76,85,96,45,2,5" hai2="97,124,67,47,133,129,13,16,53,60,121,46,107" hai3="77,80,63,109,24,39,58,106,74,91,112,29,54"/><U37/><E113/><V41/><F121/><W122/><G112/><T55/><D119/><U71/><E135/><V115/><F133/><W108/><G122/><T89/><D130/><U131/><E71/><V118/><F118/><W69/><G39/><T99/><D42/><U117/><E117/><V87/><F129/><W104/><G69/><T49/><D79/><U111/><E34/><V65/><F115/><W101/><G91/><T25/><D4/><U75/><E111/><N who="3" m="42570" /><G101/><T86/><D32/><AGARI ba="1,0" hai="24,29,32,54,58,63,74,77,80,104,106" m="42570" machi="32" ten="30,1000,0" yaku="14,1" doraHai="14" who="3" fromWho="0" sc="265,-13,403,0,97,0,235,13" /><INIT seed="2,0,0,0,3,23" ten="252,403,97,248" oya="2" hai0="51,27,26,69,108,36,29,22,2,114,47,18,21" hai1="67,121,28,126,91,127,132,58,57,63,68,111,77" hai2="19,124,75,104,101,65,93,95,20,7,119,89,34" hai3="117,74,13,130,66,135,92,1,0,10,90,32,98"/><V85/><F124/><N who="1" m="47657" /><E111/><V102/><F119/><W78/><G117/><T40/><D108/><U76/><E132/><V87/><F34/><W125/><G125/><T9/><D69/><U14/><E121/><V94/><F7/><W59/><G135/><T61/><D61/><U15/><E91/><N who="2" m="53487" /><F65/><W86/><G74/><T56/><D114/><U88/><E28/><V48/><F48/><W16/><G32/><T46/><D56/><N who="1" m="21611" /><E88/><N who="2" m="53535" /><F104/><W49/><G1/><T42/><D2/><U38/><E38/><V24/><F75/><W55/><G0/><T97/><D97/><AGARI ba="0,0" hai="19,20,24,89,95,97,101,102" m="53535,53487" machi="97" ten="30,5800,0" yaku="8,1,52,1,54,1" doraHai="23" who="2" fromWho="0" sc="252,-58,403,0,97,58,248,0" /><INIT seed="2,1,0,3,4,44" ten="194,403,155,248" oya="2" hai0="108,123,118,7,122,77,87,126,74,15,36,2,18" hai1="112,39,40,11,0,116,98,121,119,20,10,50,35" hai2="96,132,5,25,78,65,85,61,24,71,67,9,128" hai3="49,12,135,34,93,8,42,134,133,22,1,57,95"/><V73/><F128/><W41/><G34/><T51/><D36/><U106/><E50/><V27/><F132/><W117/><G117/><T114/><D114/><U94/><E20/><V37/><F37/><W33/><G33/><T43/><D118/><U76/><E11/><V91/><F67/><W23/><G1/><T101/><D101/><N who="1" m="62775" /><E94/><N who="3" m="35850" /><G42/><T19/><D74/><U90/><E90/><V107/><F78/><W59/><G59/><T48/><D2/><U58/><E58/><V4/><F73/><W26/><G26/><T79/><D126/><U30/><E76/><V131/><F131/><W54/><G41/><T103/><D103/><U17/><E17/><AGARI ba="1,0" hai="8,12,17,22,23,49,54,57,133,134,135" m="35850" machi="17" ten="30,2000,0" yaku="20,1,52,1" doraHai="44" who="3" fromWho="1" sc="194,0,403,-23,155,0,248,23" /><INIT seed="3,0,0,5,5,18" ten="194,380,155,271" oya="3" hai0="46,38,61,111,3,103,105,133,11,123,32,52,30" hai1="87,76,129,49,62,51,0,77,15,6,135,80,74" hai2="26,33,128,23,120,92,99,56,47,107,93,43,40" hai3="104,113,17,42,48,39,96,125,88,73,95,35,37"/><W63/><G113/><T4/><D123/><U84/><E0/><V5/><F120/><W90/><G125/><T126/><D126/><U66/><E135/><V54/><F128/><W91/><G104/><T110/><D133/><U82/><E74/><V127/><F127/><W134/><G73/><T89/><D89/><U75/><E75/><V25/><F5/><W50/><G35/><T64/><D52/><U29/><E29/><V16/><F107/><W94/><G134/><T36/><D30/><U55/><E55/><V8/><F8/><W34/><G34/><T67/><D67/><U131/><E15/><N who="2" m="9631" /><F33/><W65/><G17/><T109/><D46/><U115/><E6/><V57/><F57/><W2/><G2/><T72/><D72/><U114/><E62/><N who="2" m="36119" /><F92/><W41/><G39/><T12/><D32/><U44/><E44/><V117/><F117/><W53/><G37/><T10/><D10/><U7/><E7/><V27/><F47/><W100/><G95/><T19/><D4/><U121/><E66/><V9/><F9/><W1/><G1/><T24/><D24/><N who="2" m="6146" /><V31/><DORA hai="22" /><F31/><W20/><G65/><T116/><D116/><U83/><E121/><V112/><F112/><W45/><G63/><T69/><D3/><U132/><E132/><V130/><F130/><W106/><G106/><T28/><D28/><U102/><E115/><V98/><F98/><AGARI ba="0,0" hai="11,12,19,36,38,61,64,69,98,103,105,109,110,111" machi="98" ten="40,1300,0" yaku="14,1" doraHai="18,22" who="0" fromWho="2" sc="194,13,380,0,155,-13,271,0" owari="207,-19.3,380,48.0,142,-35.8,271,7.1" /></mjloggm>