<mjloggm ver="2.3"><GO type="225" lobby="0"/><UN n0="%E5%BA%97%E9%95%B7%4D" n1="%33%74%72%65%65" n2="%4B%2E%32%2E%4B%2E" n3="%79%75%72%69%6D%6F%67" dan="16,16,16,16" rate="2107.90,2138.16,2108.72,2149.97" sx="M,F,M,F"/><TAIKYOKU oya="0"/><INIT seed="0,0,0,1,2,91" ten="250,250,250,250" oya="0" hai0="72,40,49,41,114,76,122,37,23,73,60,39,3" hai1="13,79,107,61,66,8,124,78,12,113,36,83,57" hai2="14,77,93,103,119,19,75,101,123,96,133,26,64" hai3="69,30,135,68,6,59,29,32,92,46,130,54,80"/><T88/><D3/><U44/><E124/><V108/><F123/><W50/><G130/><T62/><D122/><U22/><E113/><V70/><F133/><W25/><G135/><T132/><D114/><U51/><E107/><V128/><F128/><W87/><G30/><T116/><D132/><U84/><E36/><V126/><F126/><W90/><G6/><T43/><D116/><U34/><E34/><V95/><F119/><W27/><G27/><T111/><D23/><U33/><E33/><V86/><F75/><W71/><REACH who="3" step="1"/><G46/><REACH who="3" ten="250,250,250,240" step="2"/><T127/><D127/><U125/><E125/><V121/><F26/><W28/><G28/><T20/><D111/><U53/><E12/><V7/><F7/><W131/><G131/><T120/><D120/><U47/><E47/><V82/><F108/><W117/><G117/><T18/><D39/><U58/><E44/><V97/><F121/><W63/><G63/><N who="0" m="24107" /><D37/><U89/><REACH who="1" step="1"/><E22/><REACH who="1" ten="250,240,250,240" step="2"/><N who="2" m="11639" /><F70/><W109/><G109/><T52/><D43/><U110/><E110/><V65/><AGARI ba="0,2" hai="64,65,77,82,86,93,95,96,97,101,103" m="11639" machi="65" ten="30,4000,0" yaku="8,1,52,2" doraHai="91" who="2" fromWho="2" sc="250,-20,240,-10,250,60,240,-10" /><INIT seed="1,0,0,4,3,30" ten="230,230,310,230" oya="1" hai0="38,131,53,99,76,125,80,64,130,4,68,12,52" hai1="118,81,83,10,14,5,36,16,41,115,61,19,72" hai2="71,134,117,22,40,49,15,66,35,31,70,74,54" hai3="104,65,21,100,105,106,17,119,108,62,13,92,33"/><U44/><E115/><V37/><F117/><W95/><G108/><T85/><D38/><U9/><E118/><V87/><F74/><W96/><G119/><T113/><D113/><U86/><E72/><V6/><F134/><W1/><G1/><T63/><D125/><U89/><E61/><V24/><F66/><W57/><G95/><T48/><D99/><U3/><E19/><V29/><F29/><W47/><G47/><T28/><D28/><U114/><REACH who="1" step="1"/><E114/><REACH who="1" ten="230,220,310,230" step="2"/><V25/><F70/><W0/><G0/><T109/><D109/><U103/><E103/><V55/><F71/><W20/><G20/><T8/><REACH who="0" step="1"/><D48/><REACH who="0" ten="220,220,310,230" step="2"/><U27/><E27/><V135/><F25/><W32/><AGARI ba="0,2" hai="13,17,21,32,33,57,62,65,92,96,100,104,105,106" machi="32" ten="40,5200,0" yaku="0,1,52,2" doraHai="30" who="3" fromWho="3" sc="220,-13,220,-26,310,-13,230,72" /><INIT seed="2,0,0,2,1,34" ten="207,194,297,302" oya="2" hai0="5,0,126,48,50,132,122,27,104,47,67,46,86" hai1="54,31,15,55,94,97,77,127,60,128,134,41,35" hai2="73,90,38,53,49,117,69,19,114,88,70,64,80" hai3="98,105,13,59,23,95,29,33,74,125,92,40,131"/><V45/><F114/><W58/><G74/><T37/><D122/><U113/><E113/><V17/><F117/><W133/><G33/><T87/><D104/><U11/><E134/><V116/><F116/><W101/><G105/><T130/><D132/><U44/><E128/><V135/><F135/><W26/><G125/><T129/><D37/><U22/><E35/><V4/><F38/><W32/><G131/><N who="0" m="50187" /><D67/><U30/><E77/><V12/><F4/><W102/><G40/><N who="0" m="24647" /><D27/><U18/><E127/><V89/><F64/><W79/><G79/><T112/><D112/><U1/><E60/><V9/><REACH who="2" step="1"/><F19/><REACH who="2" ten="207,194,287,302" step="2"/><W63/><G133/><T20/><D126/><U110/><E18/><V36/><F36/><W39/><G39/><T51/><D51/><U109/><E109/><V78/><AGARI ba="0,1" hai="9,12,17,45,49,53,69,70,73,78,80,88,89,90" machi="78" ten="30,11700,0" yaku="1,1,0,1,54,1,53,1" doraHai="34" doraHaiUra="14" who="2" fromWho="2" sc="207,-39,194,-39,287,127,302,-39" /><INIT seed="2,1,0,5,3,33" ten="168,155,414,263" oya="2" hai0="122,59,70,35,87,54,10,113,127,85,36,4,51" hai1="44,14,72,57,63,124,90,20,61,11,30,115,3" hai2="64,107,34,88,109,82,100,75,134,39,24,52,48" hai3="81,69,106,68,92,6,76,103,94,12,45,77,102"/><V118/><F118/><W79/><G6/><T133/><D113/><U125/><E115/><V49/><F134/><W95/><G12/><T50/><D122/><U43/><E72/><V38/><F48/><W120/><G45/><T56/><D36/><U132/><E132/><V62/><F109/><W65/><G65/><T29/><D133/><U53/><E61/><V130/><F130/><W105/><G120/><T32/><D70/><U28/><E90/><V91/><F24/><W117/><G117/><T26/><D35/><U9/><E9/><V0/><F0/><W131/><G131/><T78/><D78/><U73/><E73/><V116/><F34/><W84/><G69/><T97/><D97/><U22/><E30/><V47/><F116/><W15/><G15/><T71/><D71/><U66/><E66/><V21/><F21/><W93/><G68/><T104/><D104/><N who="3" m="40041" /><G95/><T126/><D51/><U41/><E41/><V128/><F128/><W18/><G18/><T99/><D99/><U111/><E111/><V37/><F64/><W60/><G60/><T42/><D56/><U101/><E28/><V119/><F62/><W55/><G55/><T19/><D19/><U58/><E58/><V17/><F17/><W46/><G46/><T114/><D42/><U31/><E31/><V129/><F129/><W80/><G84/><T89/><D114/><U112/><E112/><V8/><F8/><W67/><G67/><T23/><D32/><U16/><E43/><V5/><F119/><W110/><G110/><T121/><D121/><U74/><E63/><V1/><F5/><RYUUKYOKU ba="1,0" sc="168,-10,155,-10,414,-10,263,30" hai3="76,77,79,80,81,92,93,94,102,103" /><INIT seed="3,2,0,4,1,0" ten="158,145,404,293" oya="3" hai0="27,40,70,121,76,100,85,120,130,58,117,81,15" hai1="12,42,50,25,88,119,1,116,41,43,104,102,118" hai2="59,125,99,63,49,122,60,96,113,73,65,56,16" hai3="78,22,2,69,71,6,29,134,24,9,32,20,37"/><W95/><G37/><T126/><D70/><U115/><E115/><V39/><F39/><W133/><G78/><T5/><D117/><N who="1" m="29955" /><U107/><DORA hai="38" /><E1/><V67/><F73/><W129/><G95/><T74/><D126/><U17/><E25/><V128/><F113/><W98/><G98/><T131/><D100/><U114/><E114/><V54/><F128/><N who="0" m="49194" /><D27/><U52/><E88/><V13/><F122/><N who="0" m="47210" /><D58/><N who="1" m="33047" /><E102/><V7/><F7/><W90/><G90/><T135/><D135/><N who="3" m="51721" /><G129/><T51/><D74/><U45/><E45/><N who="2" m="27951" /><F125/><W132/><N who="3" m="51729" /><W30/><DORA hai="86" /><G30/><T103/><D103/><U84/><E84/><V48/><F48/><W18/><G32/><T79/><D79/><U123/><E123/><V89/><F89/><W112/><G112/><T106/><D106/><U46/><E46/><V82/><F82/><W105/><G105/><T21/><D5/><U57/><E57/><V33/><F33/><W3/><G3/><T83/><D83/><U101/><E101/><V110/><F99/><W53/><G71/><T94/><D94/><U62/><E62/><V87/><F87/><W47/><G69/><T66/><D66/><U10/><AGARI ba="2,0" hai="10,12,17,41,42,43,104,107" m="33047,29955" machi="10" ten="50,8000,1" yaku="12,1,52,3,54,1" doraHai="0,38,86" who="1" fromWho="1" sc="158,-22,145,86,404,-22,293,-42" owari="136,-36.4,231,-16.9,382,48.2,251,5.1" /></mjloggm>