<mjloggm ver="2.3"><GO type="225" lobby="0"/><UN n0="%33%74%72%65%65" n1="%E3%83%A1%E3%82%AC%E3%83%87%E3%82%B8" n2="%70%68%65%6E%6F%6D%65" n3="%E6%97%A5%E6%9B%9C%E6%97%A5%E3%82%88%E3%82%8A%E3%81%AE%E4%BD%BF%E8%80%85" dan="17,16,16,17" rate="2130.34,2094.55,2148.33,2149.85" sx="F,F,M,M"/><TAIKYOKU oya="0"/><INIT seed="0,0,0,3,0,77" ten="250,250,250,250" oya="0" hai0="132,58,103,32,20,82,117,115,97,48,54,30,73" hai1="125,121,105,2,34,60,94,126,83,120,93,35,53" hai2="70,11,52,38,101,1,130,118,78,63,89,122,96" hai3="81,84,19,55,18,67,5,22,129,44,69,128,91"/><T41/><D115/><U111/><E2/><V72/><F122/><N who="1" m="47209" /><E105/><V104/><F130/><N who="3" m="50283" /><G5/><T113/><D113/><U43/><E43/><V114/><F114/><W28/><G28/><T39/><D117/><U134/><E111/><V65/><F38/><W49/><G22/><T100/><D32/><N who="1" m="12331" /><E53/><V36/><F36/><W86/><G86/><T46/><D132/><U85/><E60/><AGARI ba="0,0" hai="18,19,44,49,55,60,67,69,81,84,91" m="50283" machi="60" ten="30,2000,0" yaku="19,1,52,1" doraHai="77" who="3" fromWho="1" sc="250,0,250,-20,250,0,250,20" /><INIT seed="1,0,0,5,2,134" ten="250,230,250,270" oya="1" hai0="19,104,25,35,0,110,9,53,7,36,28,43,103" hai1="30,38,124,48,75,91,13,92,111,18,78,114,133" hai2="55,69,116,88,80,6,65,17,24,84,1,132,130" hai3="119,11,44,39,121,126,107,112,54,120,129,85,131"/><U14/><E38/><V71/><F116/><W102/><G11/><T42/><D110/><U79/><E114/><V32/><F132/><W31/><G31/><T2/><D2/><U64/><E133/><V76/><F130/><N who="3" m="49675" /><G85/><T105/><D36/><U60/><E30/><V37/><F37/><W59/><G102/><T23/><D53/><U61/><E111/><V52/><F6/><W12/><G12/><N who="0" m="9703" /><D103/><U57/><E75/><V135/><F1/><W67/><G107/><AGARI ba="0,0" hai="0,7,9,25,28,35,42,43,104,105,107" m="9703" machi="107" ten="30,1000,0" yaku="24,1" doraHai="134" who="0" fromWho="3" sc="250,10,230,0,250,0,270,-10" /><INIT seed="2,0,0,4,3,130" ten="260,230,250,260" oya="2" hai0="72,1,118,58,16,93,55,36,26,125,73,46,11" hai1="37,112,107,51,3,48,76,75,59,44,102,87,66" hai2="83,129,15,52,56,98,42,132,114,41,86,80,27" hai3="90,100,94,103,128,4,64,134,32,131,61,92,120"/><V0/><F114/><W77/><G120/><T105/><D105/><U69/><E112/><V38/><F0/><W124/><G32/><T116/><D125/><U84/><E3/><V122/><F122/><W65/><G124/><T14/><D1/><U19/><E51/><V97/><F129/><N who="3" m="49739" /><G77/><T18/><D93/><N who="3" m="35945" /><G4/><T12/><D26/><U54/><E76/><V78/><F27/><W126/><G126/><T17/><D46/><U20/><E75/><V50/><F132/><W25/><G25/><T110/><D36/><U8/><E8/><V30/><F30/><W111/><G111/><T70/><D70/><U47/><E47/><V53/><F15/><W79/><G79/><T22/><D18/><U63/><E102/><N who="3" m="38954" /><G90/><T74/><REACH who="0" step="1"/><D110/><REACH who="0" ten="250,230,250,260" step="2"/><U9/><E107/><V123/><F38/><W135/><G65/><T13/><D13/><U96/><E66/><V34/><F34/><W85/><G85/><T60/><AGARI ba="0,1" hai="11,12,14,16,17,22,55,58,60,72,73,74,116,118" machi="60" ten="40,5200,0" yaku="1,1,0,1,54,1,53,0" doraHai="130" doraHaiUra="24" who="0" fromWho="0" sc="250,62,230,-13,250,-26,260,-13" /><INIT seed="3,0,0,2,4,34" ten="312,217,224,247" oya="3" hai0="114,40,65,84,104,119,46,25,122,60,59,75,73" hai1="66,89,43,82,23,54,71,81,83,131,94,112,97" hai2="76,74,6,67,70,116,115,95,62,9,105,101,19" hai3="16,113,3,58,41,29,103,13,51,64,127,132,69"/><W12/><G113/><T126/><D119/><U99/><E112/><V123/><F115/><W53/><G3/><T7/><D122/><U134/><E43/><V11/><F116/><W44/><G127/><T33/><D104/><U49/><E131/><V92/><F123/><W111/><G132/><T4/><D126/><U8/><E134/><V20/><F105/><W91/><G111/><T135/><D135/><U15/><E23/><V98/><F95/><W48/><G29/><T121/><D121/><U38/><E38/><V63/><F63/><W36/><G103/><T22/><D33/><U109/><E109/><V72/><F76/><W45/><G91/><T47/><D47/><N who="1" m="27967" /><E66/><V87/><F87/><W18/><G51/><N who="0" m="27079" /><D75/><U56/><E56/><V90/><F101/><W27/><G45/><T21/><D73/><U100/><E71/><V86/><F86/><W85/><G85/><T31/><D22/><U78/><E78/><V10/><REACH who="2" step="1"/><F6/><REACH who="2" ten="312,217,214,247" step="2"/><W93/><G93/><T42/><D114/><U107/><E107/><V26/><AGARI ba="0,1" hai="9,10,11,19,20,26,62,67,70,72,74,90,92,98" machi="26" ten="30,4000,0" yaku="1,1,2,1,0,1,53,0" doraHai="34" doraHaiUra="79" who="2" fromWho="2" sc="312,-10,217,-10,214,50,247,-20" owari="302,40.2,207,-29.3,264,6.4,227,-17.3" /></mjloggm>