<mjloggm ver="2.3"><GO type="225" lobby="0"/><UN n0="%4B%2E%32%2E%4B%2E" n1="%E6%B4%BE%E9%81%A3%E3%81%AE%E3%82%B8%E3%83%A3%E3%83%83%E3%82%AF" n2="%E7%82%8E%E3%83%8E%E6%9C%B1%E9%9B%80" n3="%E3%81%BF%E3%81%BF%E3%81%9A" dan="17,17,16,18" rate="2198.50,2192.43,2174.32,2247.57" sx="M,M,M,M"/><TAIKYOKU oya="0"/><INIT seed="0,0,0,3,5,119" ten="250,250,250,250" oya="0" hai0="21,94,52,3,84,93,18,32,23,97,4,2,62" hai1="79,87,88,44,108,135,127,130,41,76,66,98,20" hai2="103,8,132,1,69,37,86,31,10,38,58,112,74" hai3="68,121,36,85,120,49,12,33,73,48,55,115,133"/><T50/><D32/><U19/><E108/><V47/><F112/><W46/><G73/><T95/><D62/><U129/><E66/><V61/><F132/><W7/><G115/><T24/><D84/><U9/><E9/><V89/><F74/><W11/><G133/><T63/><D63/><U100/><E127/><V64/><F103/><W45/><G68/><T90/><D23/><U131/><E135/><V123/><F31/><W56/><G33/><T106/><D106/><N who="1" m="63767" /><E19/><V105/><F105/><W114/><G114/><T107/><D107/><U6/><E6/><V59/><F10/><W54/><REACH who="3" step="1"/><G85/><REACH who="3" ten="250,250,250,240" step="2"/><T78/><D78/><U65/><E76/><V104/><F86/><W117/><G117/><T72/><D72/><U39/><E79/><V27/><F69/><W57/><G57/><T28/><D28/><U16/><E65/><V110/><F59/><W26/><G26/><T111/><D111/><U82/><E20/><V102/><F27/><W91/><G91/><T25/><D24/><U77/><E77/><V13/><F110/><W75/><G75/><T124/><D124/><U60/><E87/><V14/><F89/><W128/><G128/><T99/><D93/><U0/><E88/><V134/><F134/><W43/><AGARI ba="0,1" hai="7,11,12,36,43,45,46,48,49,54,55,56,120,121" machi="43" ten="30,7900,0" yaku="1,1,0,1,52,2,53,0" doraHai="119" doraHaiUra="92" who="3" fromWho="3" sc="250,-39,250,-20,250,-20,240,89" /><INIT seed="1,0,0,0,5,102" ten="211,230,230,329" oya="1" hai0="70,40,52,43,125,72,30,9,108,36,97,24,57" hai1="111,60,6,62,134,22,75,23,59,0,28,14,130" hai2="132,131,89,38,114,19,107,135,117,94,65,25,31" hai3="92,64,69,41,87,96,110,1,101,84,67,74,99"/><U119/><E75/><V51/><F117/><W127/><G74/><T5/><D70/><U17/><E119/><V76/><F38/><W10/><G110/><T34/><D108/><U56/><E111/><V27/><F131/><W26/><G127/><T55/><D125/><U82/><E134/><N who="2" m="51243" /><F76/><W100/><G41/><T44/><D72/><U39/><E39/><V81/><F81/><W2/><G26/><T115/><D115/><U90/><E130/><V46/><F65/><W105/><G10/><T86/><D43/><U98/><E6/><V16/><F114/><W3/><REACH who="3" step="1"/><G67/><REACH who="3" ten="211,230,230,319" step="2"/><T129/><D129/><U7/><E7/><V78/><F25/><W91/><G91/><T47/><D9/><U121/><E90/><V48/><F78/><W15/><G15/><T66/><D5/><U45/><E14/><V18/><F46/><W128/><G128/><T123/><D47/><U120/><E45/><V13/><F13/><W109/><G109/><T4/><D4/><U88/><E88/><V8/><F8/><W63/><AGARI ba="0,1" hai="1,2,3,63,64,69,84,87,92,96,99,100,101,105" machi="63" ten="40,5200,0" yaku="1,1,0,1,52,1,53,0" doraHai="102" doraHaiUra="113" who="3" fromWho="3" sc="211,-13,230,-26,230,-13,319,62" /><INIT seed="2,0,0,0,2,13" ten="198,204,217,381" oya="2" hai0="113,32,50,103,65,30,67,98,19,20,42,57,126" hai1="35,22,104,114,124,29,83,21,44,97,9,118,66" hai2="95,93,133,64,132,6,1,99,117,31,17,24,115" hai3="26,108,36,63,91,85,46,119,73,125,10,94,70"/><V109/><F115/><W123/><G119/><T37/><D113/><U96/><E118/><V52/><F117/><W7/><G123/><T78/><D37/><U86/><E114/><V107/><F109/><W110/><G73/><T16/><D126/><U122/><E122/><V76/><F76/><W135/><G125/><T14/><D78/><U33/><E124/><V27/><F64/><N who="0" m="24650" /><D32/><U120/><E120/><V34/><F107/><W102/><G63/><T5/><D103/><U74/><E74/><V130/><F130/><W128/><G26/><N who="0" m="16711" /><D98/><U55/><E66/><V84/><F84/><W121/><G10/><N who="0" m="4431" /><D57/><U101/><E96/><V48/><F6/><W53/><G46/><AGARI ba="0,0" hai="16,19,42,46,50" m="4431,16711,24650" machi="46" ten="30,7700,0" yaku="8,1,52,2,54,1" doraHai="13" who="0" fromWho="3" sc="198,77,204,0,217,0,381,-77" /><INIT seed="3,0,0,3,5,30" ten="275,204,217,304" oya="3" hai0="37,22,0,21,27,76,103,97,7,107,53,42,77" hai1="15,24,17,63,83,54,124,106,81,110,114,59,68" hai2="9,60,47,13,135,57,35,104,45,88,95,123,133" hai3="18,62,64,65,117,82,112,122,126,94,78,116,28"/><W61/><G112/><T66/><D66/><U4/><E114/><V89/><F104/><W6/><G122/><T132/><D132/><N who="2" m="50762" /><F123/><W10/><G28/><T120/><D120/><U93/><E106/><V74/><F74/><W48/><G18/><T111/><D111/><U31/><E68/><V26/><F26/><W32/><G32/><T12/><D0/><U34/><E124/><V101/><F101/><W119/><G126/><T129/><D129/><U86/><E110/><V73/><F73/><W109/><G109/><T85/><D37/><U131/><E131/><V46/><F95/><W56/><G94/><T39/><D39/><U58/><E58/><V50/><F50/><W125/><G48/><T134/><D42/><U87/><E4/><N who="2" m="3239" /><F35/><W80/><G125/><T99/><D134/><U20/><REACH who="1" step="1"/><E93/><REACH who="1" ten="275,194,217,304" step="2"/><V79/><F79/><W102/><G78/><T2/><D77/><U75/><E75/><V36/><F36/><W55/><G117/><T98/><D76/><U16/><E16/><V25/><F25/><W3/><G116/><T127/><D127/><U71/><E71/><V115/><F115/><W33/><G119/><T41/><D27/><U5/><E5/><V72/><F72/><W105/><G82/><AGARI ba="0,1" hai="15,17,20,24,31,34,54,59,63,81,82,83,86,87" machi="82" ten="40,2600,0" yaku="1,1,52,1,53,0" doraHai="30" doraHaiUra="100" who="1" fromWho="3" sc="275,0,194,36,217,0,304,-26" /><INIT seed="4,0,0,0,1,49" ten="275,230,217,278" oya="0" hai0="28,70,55,73,30,12,106,6,35,116,23,108,110" hai1="9,34,84,72,92,29,80,63,10,25,64,32,33" hai2="0,109,56,114,44,58,117,54,69,90,51,15,97" hai3="18,86,127,91,94,78,19,61,125,24,50,21,129"/><T111/><D116/><U99/><E72/><V112/><F0/><W27/><G129/><T45/><D70/><U81/><E81/><V48/><F109/><W68/><G78/><T105/><D73/><U4/><E84/><V126/><F117/><W31/><G50/><N who="0" m="29135" /><D35/><U128/><E80/><V98/><F69/><W74/><G74/><T40/><D40/><U59/><E128/><V22/><F126/><N who="3" m="48139" /><G24/><N who="0" m="16415" /><D30/><U134/><E134/><V42/><F58/><W122/><G122/><T53/><D53/><U115/><E115/><N who="2" m="44075" /><F90/><W67/><AGARI ba="0,0" hai="18,19,21,27,31,61,67,68,86,91,94" m="48139" machi="67" ten="30,1100,0" yaku="18,1" doraHai="49" who="3" fromWho="3" sc="275,-5,230,-3,217,-3,278,11" /><INIT seed="5,0,0,0,1,28" ten="270,227,214,289" oya="1" hai0="52,128,102,98,43,93,33,68,51,131,0,114,104" hai1="26,64,19,101,108,57,16,79,72,37,6,69,23" hai2="95,113,86,30,5,111,134,13,96,85,83,34,100" hai3="58,91,56,49,50,46,1,17,7,22,48,133,27"/><U14/><E37/><V88/><F111/><W84/><G133/><T124/><D0/><U125/><E69/><V106/><F134/><W74/><G74/><T55/><D68/><U15/><E125/><V73/><F113/><W60/><G1/><T42/><D114/><U120/><E120/><V8/><F30/><W118/><G118/><T127/><D104/><U87/><E72/><V35/><REACH who="2" step="1"/><F73/><REACH who="2" ten="270,227,204,289" step="2"/><W63/><G7/><T31/><D127/><U11/><E108/><V65/><F65/><W45/><G58/><T132/><D132/><U24/><E101/><V62/><F62/><N who="3" m="23595" /><G56/><T116/><D124/><U121/><E121/><V76/><AGARI ba="0,1" hai="5,8,13,34,35,76,83,85,86,88,95,96,100,106" machi="76" ten="20,12000,2" yaku="1,1,0,1,7,1,52,2,54,1,53,0" doraHai="28" doraHaiUra="59" who="2" fromWho="2" sc="270,-30,227,-60,204,130,289,-30" owari="240,-16.0,167,-33.3,334,43.4,259,5.9" /></mjloggm>