<mjloggm ver="2.3"><GO type="225" lobby="0"/><UN n0="%E3%81%A9%E3%82%8F%E3%82%93%E3%81%94" n1="%E3%81%99%E3%81%84%E3%81%BE%E3%81%9B%E3%83%BC%E3%82%93" n2="%E9%BB%92%E9%89%84%E7%8F%A0%E9%9B%AB" n3="%74%61%6B%75%61%6B%61" dan="16,16,16,16" rate="2184.94,2090.52,2181.10,2165.39" sx="M,M,F,M"/><TAIKYOKU oya="0"/><INIT seed="0,0,0,3,1,62" ten="250,250,250,250" oya="0" hai0="2,80,58,7,66,53,109,87,128,71,100,81,11" hai1="94,29,77,105,27,93,88,119,51,6,104,42,121" hai2="118,117,79,129,106,31,73,72,75,78,76,95,124" hai3="4,135,68,61,54,130,41,0,103,133,92,49,50"/><T1/><D128/><U19/><E119/><N who="2" m="45579" /><F31/><W46/><G130/><T132/><D132/><N who="3" m="50761" /><G0/><T86/><D100/><U32/><E121/><V57/><F129/><W110/><G4/><T5/><D71/><U113/><E113/><V98/><F57/><N who="3" m="32983" /><G92/><T65/><D109/><U69/><E69/><V17/><F17/><W34/><G103/><T116/><D116/><U33/><E33/><V83/><F124/><W45/><G34/><T28/><D28/><U55/><E94/><V120/><F120/><W96/><G96/><T44/><D44/><U59/><E6/><V35/><F35/><W112/><G112/><T99/><D99/><U26/><E77/><N who="2" m="29803" /><F106/><W37/><G110/><T56/><D11/><U8/><E42/><V40/><F40/><N who="3" m="22671" /><G68/><T63/><D53/><U84/><REACH who="1" step="1"/><E8/><REACH who="1" ten="250,240,250,250" step="2"/><V134/><F134/><W18/><G18/><T67/><REACH who="0" step="1"/><D67/><REACH who="0" ten="240,240,250,250" step="2"/><U74/><E74/><V126/><F126/><W48/><G41/><T97/><D97/><U90/><E90/><AGARI ba="0,2" hai="72,73,75,79,83,90,95,98" m="29803,45579" machi="90" ten="30,3900,0" yaku="12,1,34,2" doraHai="62" who="2" fromWho="1" sc="240,0,240,-39,250,59,250,0" /><INIT seed="1,0,0,3,2,50" ten="240,201,309,250" oya="1" hai0="121,45,23,16,104,82,25,87,59,103,22,101,55" hai1="89,91,92,78,95,19,119,31,123,13,80,100,102" hai2="38,51,114,14,99,17,129,37,113,60,58,48,81" hai3="109,86,7,15,49,54,28,131,41,46,107,32,118"/><U73/><E119/><V2/><F2/><W79/><G109/><T66/><D121/><U128/><E123/><V75/><F99/><W47/><G118/><T30/><D104/><U93/><E128/><V65/><F75/><W29/><G107/><T43/><D66/><U26/><E102/><V69/><F81/><N who="3" m="47423" /><G32/><T117/><D117/><U5/><E5/><V39/><F129/><W21/><G131/><T64/><D64/><U96/><E100/><V10/><REACH who="2" step="1"/><F69/><REACH who="2" ten="240,201,299,250" step="2"/><W8/><G21/><T97/><D97/><U120/><E96/><V84/><F84/><W6/><G6/><T36/><D87/><U88/><E120/><V53/><F53/><W35/><G35/><T116/><D82/><U98/><E98/><V71/><F71/><W4/><G4/><T126/><D116/><U61/><E61/><V112/><AGARI ba="0,1" hai="10,14,17,37,38,39,48,51,58,60,65,112,113,114" machi="112" ten="40,5200,0" yaku="1,1,0,1,11,1,53,0" doraHai="50" doraHaiUra="27" who="2" fromWho="2" sc="240,-13,201,-26,299,62,250,-13" /><INIT seed="2,0,0,3,2,11" ten="227,175,361,237" oya="2" hai0="24,129,119,35,67,45,66,82,46,10,76,83,105" hai1="30,37,78,70,110,21,94,53,100,108,75,127,111" hai2="74,55,39,38,43,60,130,92,131,69,3,52,112" hai3="9,6,41,101,132,32,50,33,44,63,85,65,80"/><V89/><F74/><W40/><G132/><T1/><D105/><U7/><E127/><V47/><F3/><W20/><G101/><T124/><D124/><U114/><E114/><V5/><F5/><W42/><G20/><T4/><D129/><N who="2" m="49162" /><F112/><W14/><G33/><T16/><D119/><U91/><E37/><V84/><F38/><W36/><G32/><T48/><D46/><U49/><E70/><V17/><F17/><W56/><REACH who="3" step="1"/><G36/><REACH who="3" ten="227,175,361,227" step="2"/><T71/><D35/><U77/><E100/><V29/><F29/><W23/><G23/><T104/><D104/><U87/><E75/><V57/><F69/><W123/><G123/><T72/><D71/><U31/><E7/><V116/><F116/><W28/><G28/><N who="1" m="10794" /><E21/><V13/><F39/><W0/><G0/><T96/><D1/><U107/><E107/><V64/><F92/><W126/><G126/><T102/><D102/><U122/><E122/><V25/><F25/><W34/><G34/><T103/><D103/><U115/><E115/><V90/><F90/><AGARI ba="0,1" hai="6,9,14,40,41,42,44,50,56,63,65,80,85,90" machi="90" ten="30,7700,0" yaku="1,1,7,1,8,1,52,1,53,0" doraHai="11" doraHaiUra="73" who="3" fromWho="2" sc="227,0,175,0,361,-77,227,87" /><INIT seed="3,0,0,2,1,101" ten="227,175,284,314" oya="3" hai0="12,38,95,30,57,133,54,114,128,89,117,75,96" hai1="103,129,1,134,65,73,45,110,60,53,55,121,98" hai2="132,122,97,124,135,88,74,0,109,69,9,118,16" hai3="123,126,48,78,79,127,37,81,80,86,62,25,35"/><W120/><G37/><T67/><D117/><U20/><E121/><V94/><F118/><W27/><G48/><T15/><D75/><U85/><E73/><V64/><F122/><N who="3" m="46635" /><G62/><T119/><D133/><N who="2" m="51274" /><F74/><N who="3" m="43095" /><G35/><T113/><D128/><U47/><E134/><V131/><F0/><W42/><G42/><T72/><D38/><U7/><E129/><V31/><F131/><W2/><G2/><T84/><D72/><U3/><E110/><V21/><F109/><W17/><G17/><T22/><D119/><U29/><E1/><V107/><F107/><W24/><G86/><T92/><D67/><U82/><E3/><V76/><F31/><W104/><G104/><T50/><D30/><U116/><E116/><V90/><F9/><W34/><G34/><T102/><D15/><U106/><E7/><V6/><F6/><W59/><G59/><T36/><D36/><U56/><E47/><V18/><F18/><AGARI ba="0,0" hai="12,18,22,50,54,57,84,89,92,95,96,102,113,114" machi="18" ten="40,2600,0" yaku="25,2" doraHai="101" who="0" fromWho="2" sc="227,26,175,0,284,-26,314,0" owari="253,-14.7,175,-32.5,258,5.8,314,41.4" /></mjloggm>