<mjloggm ver="2.3"><GO type="225" lobby="0"/><UN n0="%54%4F%52" n1="%70%68%65%6E%6F%6D%65" n2="%61%6D%65%6B%69" n3="%E3%81%82%E3%82%93%E3%81%AA%E3%81%A4" dan="17,16,16,16" rate="2247.44,2154.42,2090.32,2121.17" sx="M,M,M,M"/><TAIKYOKU oya="0"/><INIT seed="0,0,0,5,0,40" ten="250,250,250,250" oya="0" hai0="44,80,125,109,97,21,52,58,1,71,34,69,41" hai1="132,60,66,42,12,43,78,0,110,65,4,2,74" hai2="103,73,53,108,116,101,62,127,15,123,57,68,107" hai3="133,129,9,82,5,112,75,119,46,33,7,8,128"/><T130/><D34/><U17/><E110/><V94/><F73/><W87/><G75/><T84/><D1/><U36/><E132/><V37/><F107/><W121/><G112/><T32/><D32/><U118/><E118/><V117/><F123/><W77/><G119/><N who="2" m="45641" /><F37/><W26/><G121/><T14/><D109/><U31/><E31/><V115/><F115/><W54/><G133/><T104/><D130/><N who="3" m="50281" /><G54/><T122/><D122/><U93/><E4/><N who="3" m="1610" /><G46/><T120/><D120/><U90/><E74/><V47/><F127/><W49/><G49/><N who="0" m="26767" /><D69/><U28/><E36/><V99/><F68/><W83/><G83/><T13/><D71/><U59/><E65/><V81/><F81/><W20/><G33/><T56/><D104/><U95/><E93/><V61/><F61/><W63/><G63/><N who="0" m="36231" /><D125/><U16/><E43/><V88/><F108/><W29/><AGARI ba="0,0" hai="8,9,20,26,29,77,82,87" m="1610,50281" machi="29" ten="30,1100,0" yaku="19,1" doraHai="40" who="3" fromWho="3" sc="250,-5,250,-3,250,-3,250,11" /><INIT seed="1,0,0,2,0,105" ten="245,247,247,261" oya="1" hai0="10,90,64,46,97,93,40,101,80,67,27,104,74" hai1="135,51,133,72,115,63,108,98,71,3,123,9,61" hai2="77,83,131,134,127,54,38,125,100,26,45,94,13" hai3="52,21,32,34,117,39,103,57,6,68,111,124,128"/><U44/><E115/><V121/><F121/><W129/><G68/><T92/><D27/><U2/><E123/><V132/><F26/><W20/><G39/><T75/><D93/><U35/><E35/><N who="3" m="13354" /><G6/><T15/><D64/><U79/><E98/><N who="2" m="59479" /><F13/><W69/><G111/><T96/><D80/><N who="1" m="45159" /><E71/><V37/><F54/><W49/><G69/><T126/><D67/><U120/><E120/><V107/><F45/><W84/><G124/><N who="2" m="47689" /><F107/><W87/><G117/><T8/><D126/><U29/><E29/><V14/><F14/><W55/><G55/><T0/><D0/><N who="1" m="43" /><E9/><V113/><F113/><W99/><G20/><T18/><REACH who="0" step="1"/><D8/><REACH who="0" ten="235,247,247,261" step="2"/><U86/><E108/><V50/><F131/><N who="3" m="50251" /><G21/><T59/><D59/><U42/><E133/><V16/><F132/><W31/><G31/><T95/><D95/><AGARI ba="0,1" hai="49,52,57,84,87,95,99,103" m="50251,13354" machi="95" ten="30,2000,0" yaku="19,1,54,1" doraHai="105" who="3" fromWho="0" sc="235,-20,247,0,247,0,261,30" /><INIT seed="2,0,0,5,5,29" ten="215,247,247,291" oya="2" hai0="52,116,12,11,128,98,108,93,97,72,104,61,112" hai1="48,31,26,124,47,82,40,37,91,90,17,110,21" hai2="46,123,6,87,25,130,105,27,100,118,16,94,22" hai3="70,134,66,106,133,73,125,68,84,95,77,20,32"/><V129/><F118/><W89/><G125/><T65/><D112/><U18/><E124/><V132/><F123/><W111/><G111/><T56/><D108/><U58/><E110/><V51/><F132/><N who="3" m="50795" /><G66/><T103/><D116/><U115/><E115/><V35/><F6/><W135/><G135/><T7/><D128/><N who="2" m="49258" /><F105/><W49/><G32/><T2/><D72/><U119/><E119/><V96/><F87/><W4/><G4/><T85/><D85/><N who="1" m="50487" /><E37/><V36/><F36/><W50/><G20/><T83/><D83/><U54/><E91/><V63/><F63/><W79/><G106/><T74/><D74/><U1/><E1/><V43/><F27/><W78/><G73/><T33/><D33/><AGARI ba="0,0" hai="16,22,25,33,35,43,46,51,94,96,100" m="49258" machi="33" ten="30,11600,0" yaku="19,1,52,2,54,1" doraHai="29" who="2" fromWho="0" sc="215,-116,247,0,247,116,291,0" /><INIT seed="2,1,0,4,1,105" ten="99,247,363,291" oya="2" hai0="37,63,70,82,125,96,72,100,28,95,101,24,124" hai1="79,111,78,128,18,57,80,118,123,48,89,86,108" hai2="4,81,49,7,98,117,22,14,71,33,61,66,51" hai3="19,15,93,127,55,88,8,129,38,102,87,40,99"/><V17/><F33/><W0/><G129/><T34/><D100/><U113/><E118/><V6/><F117/><W11/><G127/><T76/><D37/><U109/><E113/><V121/><F121/><W42/><G38/><T91/><D91/><U104/><E128/><V54/><F54/><W64/><G64/><T110/><D110/><U68/><E68/><V13/><F13/><W103/><G55/><T97/><D97/><U74/><E57/><V35/><F35/><W30/><G30/><T69/><D69/><U56/><E56/><V77/><REACH who="2" step="1"/><F98/><REACH who="2" ten="99,247,353,291" step="2"/><W85/><G99/><T21/><REACH who="0" step="1"/><D34/><REACH who="0" ten="89,247,353,291" step="2"/><U25/><E109/><V39/><F39/><W67/><G102/><T73/><D73/><AGARI ba="1,2" hai="4,6,7,14,17,22,49,51,61,66,71,73,77,81" machi="73" ten="40,3900,0" yaku="1,1,52,1,53,0" doraHai="105" doraHaiUra="20" who="2" fromWho="0" sc="89,-42,247,0,353,62,291,0" /><INIT seed="2,2,0,1,5,87" ten="47,247,415,291" oya="2" hai0="131,119,23,128,58,68,99,9,122,95,104,106,66" hai1="117,86,10,60,11,37,1,16,105,61,69,12,74" hai2="63,40,88,89,79,123,73,28,22,116,132,134,35" hai3="57,125,70,21,50,20,83,2,65,24,78,6,118"/><V31/><F35/><W91/><G118/><T15/><D68/><U82/><E117/><V85/><F116/><W114/><G125/><T113/><D119/><U129/><E129/><V46/><F73/><W55/><G114/><T8/><D113/><U32/><E105/><V64/><F79/><W115/><G115/><T76/><D122/><U18/><E74/><V72/><F72/><W124/><G124/><T127/><D127/><U59/><E37/><V54/><F54/><W103/><G103/><T67/><D76/><U26/><E69/><V34/><F34/><W92/><G83/><T38/><D38/><U13/><E1/><V93/><F89/><W30/><G78/><T96/><D23/><U126/><E126/><V43/><F123/><W7/><G21/><T98/><D58/><U120/><E120/><V39/><F43/><W52/><G55/><T42/><D95/><U84/><E86/><V133/><F22/><W53/><G53/><T109/><D42/><U25/><E32/><V75/><F75/><W81/><G2/><T36/><D36/><U5/><E5/><V102/><F102/><W100/><G81/><T101/><D101/><U45/><E45/><V19/><F19/><W49/><G49/><T17/><D109/><U0/><E0/><V121/><F121/><W33/><G33/><T111/><D111/><U112/><E112/><V110/><F110/><W108/><G100/><T90/><D90/><N who="1" m="51479" /><E61/><V3/><F3/><W107/><G108/><T27/><D27/><U130/><E130/><N who="0" m="49705" /><D8/><U4/><E4/><V44/><F44/><W97/><G107/><AGARI ba="2,0" hai="9,15,17,66,67,96,98,99,104,106,107" m="49705" machi="107" ten="40,2600,0" yaku="6,1,19,1" doraHai="87" who="0" fromWho="3" sc="47,32,247,0,415,0,291,-32" /><INIT seed="3,0,0,4,5,109" ten="79,247,415,259" oya="3" hai0="101,58,24,32,48,107,22,16,4,36,47,23,20" hai1="102,52,65,41,34,120,98,121,64,128,112,96,37" hai2="54,9,6,50,114,88,68,111,108,53,29,42,113" hai3="92,5,61,25,67,82,133,60,124,2,84,91,129"/><W7/><G129/><T66/><D36/><U57/><E112/><V44/><F68/><W39/><G39/><T30/><D107/><U90/><E34/><V80/><F29/><W35/><G133/><T70/><D70/><U40/><E90/><V110/><F88/><W18/><G124/><T115/><D101/><U131/><E102/><V31/><F31/><W79/><G2/><T117/><D117/><U81/><E81/><V78/><F53/><W76/><G76/><T132/><D132/><U72/><E37/><V19/><F19/><W135/><G135/><T59/><D4/><U95/><E72/><N who="2" m="43079" /><F42/><N who="1" m="16489" /><E64/><V126/><F126/><W123/><G35/><T12/><D59/><U13/><E65/><V33/><F33/><W8/><G61/><T106/><D106/><U89/><E96/><V77/><F77/><W11/><G79/><T69/><D69/><U99/><E13/><AGARI ba="0,0" hai="6,9,13,44,50,54,108,110,111,113,114" m="43079" machi="13" ten="30,3900,0" yaku="14,1,52,2" doraHai="109" who="2" fromWho="1" sc="79,0,247,-39,415,39,259,0" owari="79,-42.1,208,-19.2,454,55.4,259,5.9" /></mjloggm>