<mjloggm ver="2.3"><GO type="225" lobby="0"/><UN n0="%E3%81%B7%E3%82%8A%E3%82%93%E8%81%96%E4%BA%BA" n1="%74%61%6B%75%61%6B%61" n2="%E3%81%A1%E3%82%85%E3%81%86%E3%81%A9%E3%81%8F%E8%B1%A1%E3%81%95%E3%82%93" n3="%E4%B8%AD%E5%B9%B4%E3%81%AE%E5%8D%B1%E6%A9%9F" dan="16,16,16,16" rate="2083.54,2165.35,2097.52,2126.28" sx="M,M,M,M"/><TAIKYOKU oya="0"/><INIT seed="0,0,0,4,4,34" ten="250,250,250,250" oya="0" hai0="85,5,25,88,8,125,99,24,105,14,55,104,29" hai1="86,54,79,56,90,21,39,18,82,51,1,13,119" hai2="62,83,134,45,95,52,59,101,31,129,6,64,65" hai3="40,57,135,19,81,106,16,98,89,53,47,50,77"/><T44/><D125/><U30/><E119/><V26/><F129/><W4/><G135/><T10/><D99/><U76/><E39/><V15/><F134/><W68/><G68/><T102/><D102/><U72/><E30/><V110/><F110/><W94/><G106/><T71/><D71/><U96/><E72/><V121/><F121/><W97/><G97/><T84/><D84/><U2/><REACH who="1" step="1"/><E96/><REACH who="1" ten="250,240,250,250" step="2"/><V93/><F31/><W80/><G4/><T92/><D29/><U127/><E127/><V75/><F6/><W124/><G124/><T115/><D104/><U120/><E120/><V7/><F75/><W113/><G113/><T123/><D105/><U28/><E28/><V74/><F74/><W48/><G77/><AGARI ba="0,1" hai="1,2,13,18,21,51,54,56,76,77,79,82,86,90" machi="77" ten="40,5200,0" yaku="1,1,52,2,53,0" doraHai="34" doraHaiUra="103" who="1" fromWho="3" sc="250,0,240,62,250,0,250,-52" /><INIT seed="1,0,0,1,1,38" ten="250,302,250,198" oya="1" hai0="74,109,1,77,103,99,33,111,122,12,65,26,6" hai1="28,105,126,18,19,57,113,51,82,27,84,97,79" hai2="127,88,104,107,44,52,85,118,114,73,17,14,110" hai3="55,69,129,23,54,96,124,83,64,13,75,89,50"/><U112/><E126/><V121/><F121/><W53/><G124/><T93/><D1/><U8/><E105/><V31/><F127/><W20/><G129/><T91/><D65/><U46/><E97/><V58/><F118/><W61/><G13/><T132/><D122/><U125/><E125/><V131/><F73/><W98/><G50/><T25/><D132/><U48/><E57/><V43/><F131/><W133/><G133/><T78/><D12/><U63/><E63/><V42/><F31/><W24/><G20/><T68/><D6/><U86/><E86/><V100/><F114/><W116/><G116/><T5/><D5/><U62/><E62/><V80/><F110/><W7/><G7/><T119/><D119/><U32/><E51/><V11/><F100/><W90/><G89/><T94/><D68/><U123/><E123/><V117/><F117/><W71/><G71/><T39/><D39/><U95/><E95/><V47/><F47/><W22/><G22/><T120/><D120/><U0/><E0/><V29/><F29/><W70/><G70/><T21/><D26/><U40/><REACH who="1" step="1"/><E8/><REACH who="1" ten="250,292,250,198" step="2"/><V134/><F134/><W66/><G61/><T108/><D74/><U135/><E135/><V102/><F102/><W81/><G69/><T9/><D9/><U30/><E30/><V106/><REACH who="2" step="1"/><F44/><REACH who="2" ten="250,292,240,198" step="2"/><W10/><G75/><T72/><D72/><U59/><E59/><V16/><F16/><AGARI ba="0,2" hai="16,18,19,27,28,32,40,46,48,79,82,84,112,113" machi="16" ten="40,12000,1" yaku="1,1,52,1,54,1,53,1" doraHai="38" doraHaiUra="36" who="1" fromWho="2" sc="250,0,292,140,240,-120,198,0" /><INIT seed="1,1,0,0,4,69" ten="250,432,120,198" oya="1" hai0="94,124,106,11,119,55,130,121,48,4,13,8,112" hai1="16,66,79,37,98,100,29,1,63,22,62,34,120" hai2="72,90,45,54,71,12,40,74,122,110,15,70,14" hai3="59,56,51,20,33,113,17,96,115,64,117,91,109"/><U128/><E120/><V24/><F122/><W132/><G33/><T61/><D106/><U57/><E128/><V38/><F110/><W73/><G73/><T5/><D61/><U49/><E1/><V7/><F7/><W52/><G109/><T67/><D67/><U134/><E134/><V85/><F24/><W87/><G132/><T68/><D68/><U125/><E125/><V2/><F2/><W116/><G96/><T75/><D75/><U36/><E79/><V89/><F54/><W31/><G31/><T81/><D81/><U101/><E49/><V3/><F3/><W0/><G0/><T123/><D112/><U135/><E135/><V118/><F118/><N who="3" m="45675" /><G59/><T50/><D119/><U65/><E29/><V131/><F131/><W43/><G64/><T21/><D130/><U126/><E34/><V114/><F114/><W10/><G10/><T53/><D21/><U102/><E98/><V44/><F12/><N who="3" m="9255" /><G43/><T47/><D124/><U92/><E126/><V80/><F40/><W86/><G86/><T19/><D19/><U104/><E104/><V99/><F85/><W23/><G23/><T27/><D27/><U9/><E9/><V32/><F99/><W42/><G42/><T97/><D11/><U58/><E92/><AGARI ba="1,0" hai="51,52,56,87,91,92,113,115" m="9255,45675" machi="92" ten="30,3900,0" yaku="25,1,12,1,54,1" doraHai="69" who="3" fromWho="1" sc="250,0,432,-42,120,0,198,42" /><INIT seed="2,0,0,0,4,120" ten="250,390,120,240" oya="2" hai0="115,68,15,87,95,5,31,59,71,34,92,33,122" hai1="114,27,40,20,12,41,2,13,38,75,121,101,84" hai2="39,23,126,135,123,99,128,119,83,36,110,43,64" hai3="116,17,118,90,10,50,53,105,62,30,86,127,89"/><V49/><F123/><W45/><G105/><T104/><D104/><U69/><E75/><V8/><F119/><W111/><G127/><T52/><D122/><U6/><E69/><V79/><F126/><W56/><G30/><T81/><D68/><U117/><E114/><V47/><F64/><W7/><G17/><T28/><D71/><U48/><E38/><V103/><F128/><W57/><G57/><T100/><D33/><U78/><E121/><V60/><F135/><W134/><G134/><T96/><D92/><U32/><E32/><V4/><F60/><W22/><G22/><T16/><D5/><U93/><E2/><V24/><F110/><W37/><G37/><T107/><D107/><U72/><E72/><V124/><F124/><W74/><G74/><T21/><D34/><U0/><E0/><V106/><F83/><W46/><G46/><T18/><D18/><U97/><E117/><V67/><F67/><W42/><G90/><T55/><D55/><U35/><E35/><V88/><F88/><W109/><G116/><T130/><D130/><U77/><E77/><V112/><F79/><W82/><REACH who="3" step="1"/><G118/><REACH who="3" ten="250,390,120,230" step="2"/><T1/><D115/><U58/><E58/><V9/><F112/><W19/><G19/><T85/><D1/><AGARI ba="0,1" hai="1,7,10,42,45,50,53,56,62,82,86,89,109,111" machi="1" ten="40,5200,0" yaku="1,1,52,2,53,0" doraHai="120" doraHaiUra="91" who="3" fromWho="0" sc="250,-52,390,0,120,0,230,62" /><INIT seed="3,0,0,5,5,26" ten="198,390,120,292" oya="3" hai0="127,38,102,91,103,60,50,34,114,132,85,61,118" hai1="10,78,25,124,11,130,1,37,40,65,69,99,75" hai2="8,123,107,90,116,115,19,33,129,72,59,80,101" hai3="117,121,110,45,23,15,111,89,126,29,125,42,53"/><W86/><G89/><T77/><D38/><U57/><E124/><N who="3" m="47722" /><G53/><T43/><D77/><U135/><E135/><V108/><F33/><W63/><G63/><T87/><D118/><U84/><E69/><V82/><F19/><W36/><G86/><T39/><D39/><U12/><E75/><V81/><F8/><N who="1" m="3113" /><E1/><V46/><F46/><W94/><G94/><T47/><D127/><U27/><E37/><V104/><F59/><W83/><G83/><T58/><D34/><U0/><E0/><V28/><F28/><W64/><G64/><T14/><D14/><U31/><E12/><V24/><F24/><N who="1" m="9289" /><E130/><V120/><F129/><W100/><G100/><T133/><D61/><N who="1" m="38063" /><E31/><V62/><F62/><W48/><G29/><T122/><D122/><N who="2" m="46634" /><F116/><W21/><G121/><T49/><D49/><U96/><E40/><V54/><F108/><N who="3" m="41515" /><G117/><T97/><D102/><U3/><E3/><V44/><F115/><W22/><G36/><T134/><D114/><U52/><E52/><V74/><F54/><W16/><AGARI ba="0,0" hai="15,16,21,22,23,42,45,48" m="41515,47722" machi="16" ten="40,12000,1" yaku="18,1,14,1,10,1,54,1" doraHai="26" who="3" fromWho="3" sc="198,-40,390,-40,120,-40,292,120" owari="158,-24.2,350,15.0,80,-42.0,412,51.2" /></mjloggm>