<mjloggm ver="2.3"><GO type="225" lobby="0"/><UN n0="%E9%80%9F%E6%B0%B4%E5%87%9B%E9%A6%99" n1="%72%61%6B%33" n2="%E3%83%A9%E3%82%B9%E7%8E%87%EF%BC%93%E5%89%B2" n3="%38%63%E3%81%AF%E3%81%A3%E3%81%97%E3%83%BC" dan="16,17,16,16" rate="2124.23,2209.67,2152.00,2119.37" sx="F,M,F,M"/><TAIKYOKU oya="0"/><INIT seed="0,0,0,0,0,90" ten="250,250,250,250" oya="0" hai0="11,55,110,52,32,62,91,82,89,60,2,119,73" hai1="102,14,85,126,125,81,80,118,33,23,115,65,132" hai2="76,57,88,7,43,1,104,44,100,66,127,77,120" hai3="58,41,131,107,71,117,112,0,42,124,95,39,17"/><T63/><D119/><U15/><E33/><V21/><F120/><W18/><G58/><T29/><D32/><U130/><E118/><V105/><F127/><W93/><G71/><T40/><D40/><U108/><E108/><V34/><F34/><W78/><G78/><T30/><D110/><U48/><E132/><V86/><F7/><W51/><G51/><T135/><D135/><U64/><E48/><N who="2" m="26655" /><F1/><W75/><G75/><T68/><D68/><U26/><E102/><V67/><F104/><W109/><G107/><T96/><D73/><U116/><E116/><V3/><F3/><W20/><G0/><T99/><D2/><U129/><E115/><V4/><F4/><W87/><G117/><T72/><D11/><U98/><E23/><V24/><F100/><W13/><G20/><T49/><D72/><U92/><E26/><V70/><F105/><W37/><G13/><T54/><D49/><U56/><E56/><V79/><F57/><W12/><G12/><T121/><D121/><U134/><E134/><V47/><F47/><W5/><G5/><T113/><D113/><U123/><E123/><V27/><F70/><W84/><G112/><T16/><D82/><U83/><E14/><V128/><F128/><N who="1" m="49257" /><E15/><V9/><F9/><W46/><G131/><T36/><D36/><U35/><E35/><V61/><F61/><W50/><G109/><T101/><D101/><N who="1" m="60615" /><E85/><V122/><F122/><W103/><G39/><T133/><D133/><U114/><E114/><V97/><F97/><N who="0" m="37450" /><D16/><U94/><E126/><V8/><F8/><W28/><G124/><T6/><D6/><RYUUKYOKU ba="0,0" sc="250,30,250,-10,250,-10,250,-10" hai0="29,30,52,54,55,60,62,63,89,91" /><INIT seed="0,1,0,1,3,52" ten="280,240,240,240" oya="0" hai0="99,9,43,2,117,16,107,101,110,6,0,49,61" hai1="14,84,56,89,45,83,64,94,3,80,85,62,69" hai2="42,81,132,92,50,115,33,67,126,114,53,20,122" hai3="135,55,118,24,75,46,93,97,130,54,47,21,30"/><T102/><D117/><U8/><E3/><V106/><F106/><W35/><G118/><T19/><D0/><U36/><E69/><V77/><F33/><W111/><G111/><T41/><D110/><U5/><E36/><V123/><F132/><W66/><G135/><T44/><D43/><U116/><E116/><V121/><F126/><W31/><G75/><T119/><D119/><U26/><E45/><V79/><F67/><W104/><G104/><T25/><D102/><U95/><REACH who="1" step="1"/><E26/><REACH who="1" ten="280,230,240,240" step="2"/><V90/><F123/><W40/><G47/><T112/><D112/><U12/><E12/><V125/><F122/><W65/><G46/><T127/><D127/><U113/><E113/><V37/><F121/><W100/><G24/><T73/><D25/><U72/><E72/><V38/><F125/><W68/><G68/><T103/><D73/><U13/><E13/><V4/><F38/><W109/><G109/><T1/><D1/><U34/><E34/><V108/><F108/><W120/><G35/><T51/><D44/><U134/><E134/><V11/><F37/><W63/><G40/><T70/><D41/><U15/><E15/><N who="2" m="5607" /><F42/><W7/><G120/><T59/><D70/><U96/><E96/><V23/><F115/><W71/><G97/><T28/><D99/><U27/><E27/><V105/><F114/><W82/><G71/><T86/><D2/><U91/><AGARI ba="1,1" hai="5,8,14,56,62,64,80,83,84,85,89,91,94,95" machi="91" ten="20,16000,3" yaku="1,1,0,1,7,1,9,1,8,1,52,1,53,2" doraHai="52" doraHaiUra="88" who="1" fromWho="1" sc="280,-81,230,173,240,-41,240,-41" /><INIT seed="1,0,0,2,5,55" ten="199,403,199,199" oya="1" hai0="107,51,9,76,34,73,68,72,104,116,71,114,35" hai1="4,77,47,29,125,132,20,117,78,85,111,18,22" hai2="60,39,122,67,61,96,90,13,128,63,87,0,109" hai3="81,57,12,130,37,98,100,59,46,108,58,28,66"/><U112/><E117/><V113/><F0/><W106/><G108/><T80/><D51/><U40/><E112/><V36/><F122/><W129/><G28/><T102/><D102/><U134/><E111/><V88/><F109/><W95/><G66/><T120/><D80/><U131/><E125/><V8/><F128/><N who="3" m="49259" /><G81/><T26/><D76/><U110/><E131/><V65/><F113/><W64/><G64/><T135/><D26/><U32/><E32/><N who="0" m="12329" /><D9/><U75/><E78/><V5/><F39/><W74/><G74/><N who="0" m="28779" /><D114/><U25/><E75/><V92/><REACH who="2" step="1"/><F36/><REACH who="2" ten="199,403,189,199" step="2"/><W79/><G79/><T83/><D120/><U10/><E77/><V1/><F1/><W103/><G12/><T121/><D121/><U93/><E110/><V91/><F91/><N who="3" m="55679" /><G106/><N who="0" m="40491" /><D116/><U56/><E25/><V127/><F127/><W49/><G37/><T86/><D135/><U89/><E132/><V24/><F24/><W62/><G62/><T133/><D133/><U21/><E134/><V27/><F27/><W31/><G31/><T69/><D83/><AGARI ba="0,1" hai="5,8,13,60,61,63,65,67,83,87,88,90,92,96" machi="83" ten="40,5200,0" yaku="1,1,8,1,54,1,53,0" doraHai="55" doraHaiUra="43" who="2" fromWho="0" sc="199,-52,403,0,189,62,199,0" /><INIT seed="2,0,0,0,1,39" ten="147,403,251,199" oya="2" hai0="126,71,82,60,1,13,119,50,57,89,25,67,43" hai1="23,5,10,113,107,70,26,77,112,114,21,88,115" hai2="130,117,102,15,65,91,53,0,135,34,7,68,131" hai3="83,38,59,127,27,122,124,110,41,84,103,29,125"/><V93/><F117/><W76/><G122/><T9/><D1/><U6/><E107/><V2/><F34/><W56/><G103/><T69/><D126/><U66/><E115/><V47/><F135/><W3/><G3/><T75/><D119/><U42/><E77/><V32/><F32/><W19/><G19/><T44/><D25/><U134/><E134/><V100/><F68/><W98/><G98/><T108/><D108/><U80/><E21/><V64/><F15/><W101/><G101/><T48/><D48/><U18/><E70/><V133/><F133/><W129/><G110/><T24/><D24/><U30/><E66/><V118/><F118/><W73/><G73/><T86/><REACH who="0" step="1"/><D75/><REACH who="0" ten="137,403,251,199" step="2"/><U81/><E26/><V8/><F0/><W17/><G129/><T63/><D63/><U52/><E113/><V22/><F131/><W35/><G17/><AGARI ba="0,1" hai="9,13,17,43,44,50,57,60,67,69,71,82,86,89" machi="17" ten="30,7700,0" yaku="1,1,7,1,52,1,53,1" doraHai="39" doraHaiUra="40" who="0" fromWho="3" sc="137,87,403,0,251,0,199,-77" /><INIT seed="3,0,0,2,3,101" ten="224,403,251,122" oya="3" hai0="32,63,105,87,114,73,130,96,55,128,120,7,79" hai1="22,117,134,68,88,113,97,77,54,103,127,133,71" hai2="72,124,24,3,135,8,132,37,48,64,112,83,70" hai3="118,36,121,23,15,30,45,65,67,62,4,80,95"/><W129/><G121/><T89/><D120/><U27/><E113/><V94/><F37/><W111/><G118/><T107/><D32/><U31/><E117/><V106/><F106/><N who="0" m="40458" /><D7/><U9/><E127/><V81/><F124/><W44/><G129/><N who="0" m="49771" /><D114/><U85/><E77/><V29/><F112/><W50/><G111/><T122/><D122/><U110/><E110/><V57/><F70/><W17/><G36/><T56/><D96/><U21/><E9/><V14/><F3/><W49/><G4/><T93/><D79/><U82/><E22/><N who="2" m="15511" /><F94/><W6/><G6/><T38/><D38/><U19/><E31/><V26/><F26/><W46/><G30/><T126/><D126/><U25/><E25/><V60/><F72/><AGARI ba="0,0" hai="55,56,63,72,73,87,89,93" m="49771,40458" machi="72" ten="30,7700,0" yaku="19,1,52,3" doraHai="101" who="0" fromWho="2" sc="224,77,403,0,251,-77,122,0" owari="301,10.1,403,50.3,174,-22.6,122,-37.8" /></mjloggm>