<mjloggm ver="2.3"><GO type="225" lobby="0"/><UN n0="%77%72%77%72%77%72%77%72" n1="%E6%A0%B9%E5%85%83%E3%81%8B%E3%82%89%E5%90%B9%E3%81%A3%E9%A3%9B%E3%81%B6" n2="%E4%BF%BA%E3%81%A8%E5%A6%96%E5%A4%A2" n3="%E3%82%BC%E3%83%AB%E3%83%80%E3%81%AE%E4%BC%9D%E8%AA%AC" dan="17,17,17,18" rate="2191.94,2151.92,2139.38,2213.29" sx="M,F,F,M"/><TAIKYOKU oya="0"/><INIT seed="0,0,0,4,0,126" ten="250,250,250,250" oya="0" hai0="104,100,21,38,94,92,72,90,28,34,19,16,10" hai1="12,75,134,86,115,66,58,63,123,98,6,122,114" hai2="69,33,32,49,43,7,51,31,73,59,62,120,45" hai3="5,61,105,124,76,3,125,30,133,56,79,103,130"/><T17/><D38/><U131/><E75/><V11/><F120/><W102/><G30/><T23/><D72/><U108/><E98/><V24/><F73/><W107/><G5/><T35/><D104/><N who="3" m="40009" /><G3/><T99/><D10/><U18/><E6/><V64/><F33/><W121/><G56/><T47/><D47/><U109/><E86/><V118/><F118/><W40/><G61/><T82/><D82/><U55/><E131/><V113/><F113/><N who="1" m="43017" /><E18/><V68/><REACH who="2" step="1"/><F49/><REACH who="2" ten="250,250,240,250" step="2"/><W52/><G121/><N who="1" m="46090" /><E134/><V67/><F67/><W53/><G133/><T117/><D117/><U112/><N who="1" m="43025" /><U65/><DORA hai="25" /><E12/><AGARI ba="0,1" hai="7,11,12,24,31,32,43,45,51,59,62,64,68,69" machi="12" ten="30,7700,0" yaku="1,1,7,1,52,1,53,1" doraHai="126,25" doraHaiUra="93,1" who="2" fromWho="1" sc="250,0,250,-77,240,87,250,0" /><INIT seed="1,0,0,5,0,45" ten="250,173,327,250" oya="1" hai0="17,94,116,48,62,118,74,46,86,126,12,2,41" hai1="30,113,8,106,50,5,134,127,0,68,7,100,61" hai2="109,91,105,52,107,123,47,83,133,4,21,70,43" hai3="19,89,54,72,81,18,120,14,131,32,117,78,36"/><U129/><E113/><V31/><F123/><W112/><G112/><T111/><D74/><U60/><E127/><V15/><F70/><W93/><G120/><T20/><D126/><U57/><E129/><V13/><F109/><W38/><G131/><T29/><D111/><U16/><E134/><V82/><F133/><W56/><G32/><T28/><D2/><U108/><E108/><V69/><F69/><W59/><G117/><T64/><D118/><U51/><E30/><V130/><F130/><W37/><G14/><T104/><D104/><U121/><E7/><V85/><F82/><W66/><G66/><T65/><D116/><U119/><E121/><V3/><F3/><W10/><G10/><T9/><D9/><U80/><E119/><V84/><F84/><W58/><REACH who="3" step="1"/><G54/><REACH who="3" ten="250,173,327,240" step="2"/><T6/><D6/><U26/><E5/><V92/><F52/><W96/><AGARI ba="0,1" hai="18,19,36,37,38,56,58,59,72,78,81,89,93,96" machi="96" ten="40,5200,0" yaku="1,1,2,1,0,1,53,0" doraHai="45" doraHaiUra="67" who="3" fromWho="3" sc="250,-13,173,-26,327,-13,240,62" /><INIT seed="2,0,0,3,5,128" ten="237,147,314,302" oya="2" hai0="87,82,15,13,80,67,61,27,41,66,36,88,74" hai1="52,123,17,95,99,110,91,10,45,102,30,113,81" hai2="47,98,44,37,104,126,83,50,135,8,105,34,39" hai3="86,59,18,63,120,54,25,68,103,43,112,28,94"/><V2/><F34/><W26/><G120/><T20/><D36/><U22/><E110/><V31/><F31/><W48/><G112/><T115/><D115/><U11/><E123/><V64/><F64/><W109/><G109/><T65/><D41/><U127/><E127/><V121/><F121/><W49/><G68/><T21/><D21/><U16/><E113/><V96/><F83/><W129/><G129/><T77/><REACH who="0" step="1"/><D61/><REACH who="0" ten="227,147,314,302" step="2"/><U6/><E30/><AGARI ba="0,1" hai="13,15,20,27,30,65,66,67,74,77,80,82,87,88" machi="30" ten="40,5200,0" yaku="1,1,2,1,54,1,53,0" doraHai="128" doraHaiUra="114" who="0" fromWho="1" sc="227,62,147,-52,314,0,302,0" /><INIT seed="3,0,0,1,1,63" ten="289,95,314,302" oya="3" hai0="7,104,33,21,74,1,67,78,90,108,44,28,89" hai1="34,133,6,123,19,14,64,98,83,106,130,60,125" hai2="118,119,20,43,80,22,38,75,107,94,13,27,32" hai3="113,48,103,55,134,69,46,53,88,68,81,73,97"/><W47/><G113/><T8/><D108/><U110/><E123/><V77/><F107/><W12/><G134/><T114/><D114/><U0/><E110/><V65/><F65/><W61/><G12/><T96/><D33/><U52/><E133/><V111/><F111/><W58/><G46/><T4/><D4/><U102/><E125/><V62/><F62/><W25/><G25/><T56/><D44/><U112/><E130/><V76/><F43/><W71/><G88/><T129/><D129/><U3/><E112/><V37/><F76/><W29/><G29/><T54/><D67/><U93/><E6/><V2/><F2/><W9/><G9/><T26/><D78/><U31/><E83/><V16/><F32/><W91/><G73/><T23/><D23/><U120/><E120/><V30/><REACH who="2" step="1"/><F94/><REACH who="2" ten="289,95,304,302" step="2"/><W50/><G61/><T128/><D128/><U109/><E109/><V87/><F87/><W39/><G39/><AGARI ba="0,1" hai="13,16,20,22,27,30,37,38,39,75,77,80,118,119" machi="39" ten="40,2600,0" yaku="1,1,54,1,53,0" doraHai="63" doraHaiUra="85" who="2" fromWho="3" sc="289,0,95,0,304,36,302,-26" owari="289,8.9,95,-40.5,340,44.0,276,-12.4" /></mjloggm>