<mjloggm ver="2.3"><GO type="225" lobby="0"/><UN n0="%E8%B6%85%E7%B4%9A%E9%B3%B3%E5%87%B0" n1="%47%68%6F%73%74%55%30" n2="%E9%A6%AC%E4%BA%86%E9%9A%94%E5%A3%81" n3="%4E%49%4A%49%49%52%4F" dan="16,17,17,17" rate="2133.14,2155.13,2185.48,2226.74" sx="M,M,M,M"/><TAIKYOKU oya="0"/><INIT seed="0,0,0,4,5,18" ten="250,250,250,250" oya="0" hai0="3,114,52,55,118,14,21,32,59,5,64,47,131" hai1="67,15,124,33,49,12,46,105,96,94,116,98,125" hai2="127,20,88,48,90,100,103,58,70,1,24,134,19" hai3="85,89,132,126,99,40,62,57,130,110,109,4,56"/><T9/><D114/><U25/><E116/><V107/><F70/><W102/><G126/><N who="1" m="48746" /><E67/><V123/><F1/><W34/><G130/><T13/><D118/><U87/><E105/><V30/><F123/><W93/><G34/><T17/><D32/><U108/><E108/><N who="3" m="41578" /><G40/><T44/><D131/><U78/><E98/><V26/><F134/><W113/><G113/><T39/><D3/><U83/><E25/><V135/><F135/><W36/><G36/><T101/><D101/><N who="2" m="38986" /><F107/><N who="3" m="63967" /><G132/><T133/><D133/><U11/><E33/><V80/><F127/><W38/><G38/><T66/><D39/><U53/><E11/><V82/><F26/><W121/><G121/><T76/><D76/><U115/><E115/><V74/><F74/><W119/><G119/><T79/><D79/><U2/><E2/><V8/><F8/><W23/><G4/><T37/><D37/><U42/><E42/><V71/><F71/><W69/><G69/><T106/><D106/><U81/><E81/><N who="2" m="31339" /><F30/><W10/><G10/><T95/><D95/><U54/><E94/><V86/><F86/><W22/><G57/><T43/><D43/><N who="1" m="24799" /><E96/><V128/><F128/><W91/><G91/><T97/><D97/><U72/><E72/><V120/><F120/><W29/><G29/><T92/><D92/><U65/><E87/><V104/><F104/><W31/><G31/><T27/><D27/><U73/><E83/><V45/><F58/><W63/><G56/><T117/><D117/><U28/><E28/><V50/><F45/><N who="0" m="17482" /><D59/><U6/><E78/><V111/><F111/><W16/><G16/><T35/><D35/><RYUUKYOKU ba="0,0" sc="250,10,250,-30,250,10,250,10" hai0="5,9,13,14,17,21,52,55,64,66" hai2="19,20,24,48,50,88,90" hai3="22,23,62,63,85,89,93" /><INIT seed="0,1,0,0,0,7" ten="260,220,260,260" oya="0" hai0="74,22,26,23,113,65,2,133,66,50,67,63,106" hai1="82,10,38,3,6,41,117,9,17,108,134,124,53" hai2="54,39,21,118,119,85,95,98,125,35,36,129,96" hai3="84,33,60,37,52,135,44,100,131,81,30,128,92"/><T34/><D113/><U132/><E117/><N who="2" m="44555" /><F35/><W120/><G120/><T104/><D2/><U97/><E108/><V77/><F129/><N who="3" m="49739" /><G135/><N who="1" m="51754" /><E124/><V4/><F125/><W87/><G30/><T111/><D133/><U69/><E69/><V123/><F123/><W16/><G33/><T40/><D74/><U18/><E53/><V90/><F4/><W88/><G100/><T76/><D111/><U130/><E97/><N who="2" m="37483" /><F21/><W121/><G121/><T110/><D22/><U55/><E55/><V79/><F54/><W20/><G37/><AGARI ba="1,0" hai="36,37,39,77,79,85,90,95" m="37483,44555" machi="37" ten="30,1000,0" yaku="12,1" doraHai="7" who="2" fromWho="3" sc="260,0,220,0,260,13,260,-13" /><INIT seed="1,0,0,1,4,75" ten="260,220,273,247" oya="1" hai0="82,59,3,70,91,69,95,92,86,20,45,74,102" hai1="99,134,32,47,44,90,120,108,28,49,73,96,7" hai2="133,126,38,64,61,42,88,72,93,16,53,1,12" hai3="17,118,127,6,30,56,107,110,60,128,78,54,103"/><U46/><E120/><V124/><F133/><W4/><G110/><T51/><D3/><U48/><E73/><V22/><F1/><W79/><G128/><T55/><D92/><N who="1" m="56343" /><E32/><V123/><F123/><W19/><G127/><N who="2" m="48681" /><F72/><W129/><G129/><T122/><D122/><U84/><E134/><V21/><F53/><W14/><G118/><T85/><D74/><U67/><E28/><V5/><F5/><N who="3" m="2155" /><G107/><T26/><D59/><U63/><E99/><N who="2" m="57767" /><F22/><N who="3" m="11575" /><G30/><T117/><D117/><U87/><E7/><V9/><F21/><W23/><G103/><T111/><D111/><U10/><E10/><V68/><F42/><W121/><G121/><T77/><REACH who="0" step="1"/><D102/><REACH who="0" ten="250,220,273,247" step="2"/><U18/><E108/><V135/><F135/><W41/><G41/><T112/><D112/><U50/><E18/><AGARI ba="0,1" hai="18,20,26,45,51,55,69,70,77,82,85,86,91,95" machi="18" ten="30,3900,0" yaku="1,1,7,1,52,1,53,0" doraHai="75" doraHaiUra="57" who="0" fromWho="1" sc="250,49,220,-39,273,0,247,0" /><INIT seed="2,0,0,0,4,105" ten="299,181,273,247" oya="2" hai0="29,42,101,93,32,95,38,17,77,100,26,113,23" hai1="135,47,55,16,25,31,133,92,98,96,28,20,120" hai2="36,21,54,52,65,76,91,118,124,78,22,8,15" hai3="107,127,128,132,110,27,134,89,79,7,19,39,43"/><V86/><F118/><W125/><G107/><T18/><D113/><U87/><E120/><V104/><F104/><W58/><G110/><T49/><D38/><U46/><E87/><V0/><F36/><W2/><G79/><N who="2" m="30249" /><F0/><W126/><G89/><T44/><D77/><U6/><E6/><N who="2" m="3479" /><F124/><W129/><G58/><T80/><D80/><U12/><E96/><V116/><F65/><W84/><G84/><T85/><D32/><U99/><E98/><V62/><F116/><W9/><G43/><T75/><D75/><U30/><E25/><V5/><F5/><W103/><G103/><N who="0" m="39499" /><D85/><U61/><E133/><N who="3" m="51306" /><G39/><T33/><D33/><U57/><REACH who="1" step="1"/><E135/><REACH who="1" ten="299,171,273,247" step="2"/><V41/><F86/><W71/><G71/><T83/><D83/><U102/><AGARI ba="0,1" hai="12,16,20,28,30,31,46,47,55,57,61,92,99,102" machi="102" ten="30,8000,1" yaku="1,1,2,1,0,1,8,1,54,1,53,0" doraHai="105" doraHaiUra="131" who="1" fromWho="1" sc="299,-20,171,90,273,-40,247,-20" /><INIT seed="3,0,0,0,4,35" ten="279,261,233,227" oya="3" hai0="39,36,68,64,73,40,98,91,3,56,118,115,83" hai1="29,9,124,48,105,109,132,130,111,135,69,33,47" hai2="34,17,77,50,0,121,134,2,76,10,119,101,38" hai3="8,89,41,19,84,103,106,37,54,112,55,46,92"/><W113/><G106/><T90/><D118/><U67/><E9/><V70/><F38/><W97/><G112/><T26/><D115/><U21/><E21/><V93/><F119/><W71/><G71/><T75/><D68/><U120/><E105/><V116/><F116/><W122/><G122/><T82/><D26/><N who="1" m="18615" /><E120/><V58/><F34/><W32/><G32/><T14/><D14/><U44/><E130/><V74/><F70/><W62/><G113/><T94/><D94/><U31/><E31/><V100/><F121/><W128/><G128/><T131/><D56/><U133/><E124/><V52/><F134/><W104/><REACH who="3" step="1"/><G62/><REACH who="3" ten="279,261,233,217" step="2"/><T30/><D131/><U6/><E69/><V129/><F129/><W125/><G125/><T99/><D75/><U15/><E132/><V102/><F74/><W24/><G24/><T42/><D73/><U126/><E126/><V86/><F76/><W1/><G1/><T78/><D78/><U59/><E133/><V95/><F0/><W13/><AGARI ba="0,1" hai="8,13,19,37,41,46,54,55,84,89,92,97,103,104" machi="13" ten="30,3000,0" yaku="1,1,0,1,53,0" doraHai="35" doraHaiUra="45" who="3" fromWho="3" sc="279,-10,261,-10,233,-10,217,40" /><INIT seed="3,1,0,3,2,41" ten="269,251,223,257" oya="3" hai0="52,40,132,12,66,38,44,110,104,17,29,117,85" hai1="69,131,51,43,80,5,70,105,88,0,112,14,59" hai2="116,93,47,126,101,109,79,67,48,54,58,62,134" hai3="19,45,84,16,25,129,18,46,20,23,96,73,53"/><W78/><G73/><T22/><D117/><U9/><E112/><V60/><F116/><W125/><G129/><T86/><D104/><U42/><E105/><V121/><F109/><W133/><G125/><T107/><D107/><U81/><E131/><V21/><F126/><W83/><G133/><T56/><D110/><U3/><E69/><V33/><F33/><W57/><G96/><T4/><D132/><U13/><E70/><V98/><F134/><W128/><G128/><T76/><D29/><U30/><E30/><V64/><F121/><W72/><G72/><T34/><D34/><U89/><E59/><V32/><F32/><W114/><G114/><T115/><D115/><U26/><E51/><V124/><F124/><W31/><G23/><T50/><D76/><U113/><E113/><V71/><F21/><W95/><G95/><T39/><D39/><U120/><E26/><V61/><F79/><W63/><AGARI ba="1,0" hai="16,18,19,20,25,31,45,46,53,57,63,78,83,84" machi="63" ten="30,12000,1" yaku="0,1,8,1,52,2,54,1" doraHai="41" who="3" fromWho="3" sc="269,-41,251,-41,223,-41,257,123" owari="228,2.8,210,-19.0,182,-31.8,380,48.0" /></mjloggm>