<mjloggm ver="2.3"><GO type="225" lobby="0"/><UN n0="%E8%A8%88%E7%AE%97%E6%A9%9F%E8%87%AA%E7%84%B6" n1="%E3%81%A1%E3%82%85%E3%81%86%E3%81%A9%E3%81%8F%E8%B1%A1%E3%81%95%E3%82%93" n2="%E9%80%9F%E6%B0%B4%E5%87%9B%E9%A6%99" n3="%E6%81%AC%E6%B7%A1%E5%AF%82%E5%AF%9E" dan="17,16,16,16" rate="2192.19,2160.49,2091.10,2115.06" sx="M,M,F,F"/><TAIKYOKU oya="0"/><INIT seed="0,0,0,0,5,124" ten="250,250,250,250" oya="0" hai0="105,42,63,103,96,128,71,18,35,73,48,50,68" hai1="77,69,82,65,117,78,56,11,2,130,23,106,86" hai2="46,33,72,5,88,129,13,67,40,47,32,108,123" hai3="127,60,66,112,39,62,10,84,135,14,43,44,109"/><T20/><D35/><U115/><E117/><V99/><F72/><W134/><G112/><T12/><D73/><U41/><E106/><V113/><F123/><W0/><G0/><T16/><D128/><U57/><E41/><V7/><F113/><W21/><G21/><T30/><D30/><U64/><E115/><V131/><F67/><W4/><G127/><T116/><D116/><U83/><E23/><V38/><F46/><W87/><G62/><T31/><D31/><U119/><E119/><V51/><F38/><W120/><G120/><T37/><D18/><U15/><E2/><V76/><F76/><W125/><G125/><T133/><D133/><N who="3" m="50697" /><G109/><T111/><D111/><U6/><E130/><N who="2" m="49675" /><F108/><W79/><G79/><T132/><D132/><U91/><E78/><V126/><F126/><W121/><G121/><T110/><D110/><U93/><E82/><V98/><F98/><W94/><G94/><T100/><D68/><AGARI ba="0,0" hai="4,10,14,39,43,44,60,66,68,84,87" m="50697" machi="68" ten="30,1000,0" yaku="20,1" doraHai="124" who="3" fromWho="0" sc="250,-10,250,0,250,0,250,10" /><INIT seed="1,0,0,3,5,33" ten="240,250,250,260" oya="1" hai0="39,17,85,65,23,2,51,19,76,42,7,30,134" hai1="109,123,96,132,86,57,69,26,129,38,71,60,28" hai2="54,77,29,97,67,125,108,87,102,92,63,88,116" hai3="74,72,118,64,93,58,22,111,105,27,135,127,25"/><U3/><E123/><V20/><F116/><W112/><G112/><T53/><D134/><U83/><E38/><V21/><F108/><W15/><G105/><T78/><D65/><U47/><E132/><V18/><F125/><W56/><G111/><T84/><D39/><U130/><E109/><V120/><F120/><W4/><G135/><T12/><D42/><U128/><E47/><V24/><F77/><N who="0" m="29802" /><D2/><U43/><E43/><V107/><F54/><W40/><G40/><T44/><D7/><U98/><E3/><V50/><F50/><W103/><G56/><T14/><D30/><U13/><E13/><V124/><F124/><W37/><G27/><T99/><D99/><N who="1" m="37931" /><E86/><V95/><F107/><W101/><G118/><T121/><D121/><U75/><E83/><V70/><REACH who="2" step="1"/><F18/><REACH who="2" ten="240,250,240,260" step="2"/><W119/><G127/><T52/><D53/><N who="1" m="33839" /><E75/><V104/><F104/><W68/><G74/><T66/><D66/><U16/><E16/><V1/><F1/><W9/><G64/><T79/><N who="0" m="29810" /><T73/><DORA hai="11" /><D73/><U31/><E31/><V113/><F113/><W94/><G72/><T32/><D32/><AGARI ba="0,1" hai="26,28,32,69,71,128,129,130" m="33839,37931" machi="32" ten="30,1500,0" yaku="19,1" doraHai="33,11" who="1" fromWho="0" sc="240,-15,250,25,240,0,260,0" /><AGARI ba="0,0" hai="20,21,24,29,32,63,67,70,87,88,92,95,97,102" machi="32" ten="30,3900,0" yaku="1,1,7,1,54,1,53,0" doraHai="33,11" doraHaiUra="49,41" who="2" fromWho="0" sc="225,-39,275,0,240,39,260,0" /><INIT seed="1,1,0,4,0,109" ten="186,275,279,260" oya="1" hai0="122,56,123,48,81,91,26,106,11,52,113,104,47" hai1="115,30,57,36,54,60,9,22,80,100,12,6,46" hai2="124,120,27,71,121,43,34,89,4,93,79,129,29" hai3="133,92,2,132,90,39,7,49,101,108,97,41,44"/><U131/><E131/><V69/><F43/><W61/><G108/><T53/><D26/><U85/><E100/><V42/><F42/><W64/><G39/><T15/><D113/><U95/><E115/><V77/><F4/><W13/><G2/><T112/><D112/><U75/><E36/><V14/><F14/><W117/><G117/><T96/><D53/><U8/><E46/><V51/><F51/><W23/><G101/><T130/><D130/><U126/><E126/><V94/><F129/><W5/><G23/><T17/><D56/><U114/><E114/><V98/><F124/><W1/><G1/><T40/><D40/><U20/><E30/><V84/><F121/><N who="0" m="46090" /><D96/><U74/><E8/><V31/><F31/><W67/><G67/><T116/><D116/><U83/><E74/><V25/><F25/><W111/><G111/><T16/><D17/><U135/><E135/><N who="3" m="51786" /><G13/><T63/><D63/><U127/><E127/><V78/><REACH who="2" step="1"/><F120/><REACH who="2" ten="186,275,269,260" step="2"/><W70/><AGARI ba="1,1" hai="5,7,41,44,49,61,64,70,90,92,97" m="51786" machi="70" ten="30,1100,0" yaku="20,1" doraHai="109" who="3" fromWho="3" sc="186,-4,275,-6,269,-4,260,24" /><INIT seed="2,0,0,1,3,98" ten="182,269,265,284" oya="2" hai0="69,88,74,8,48,10,70,91,81,24,65,49,54" hai1="61,85,101,79,102,100,105,27,116,128,80,120,104" hai2="2,55,126,71,9,64,53,106,31,134,40,97,0" hai3="14,26,75,96,33,60,131,133,99,119,59,121,129"/><V22/><F134/><W107/><G121/><T21/><D74/><U6/><E116/><V90/><F40/><W20/><G119/><T23/><D54/><U77/><E120/><V111/><F111/><W93/><G75/><T5/><D24/><U95/><E6/><V15/><F64/><N who="3" m="38943" /><G133/><T45/><D5/><U35/><E128/><N who="3" m="49226" /><G107/><N who="1" m="41034" /><E61/><V113/><F71/><W25/><G99/><T73/><D73/><N who="1" m="43055" /><E27/><V47/><F53/><W72/><G72/><T30/><D81/><N who="1" m="47295" /><E35/><V44/><F55/><W32/><G14/><T57/><D30/><U1/><E1/><V11/><F31/><N who="3" m="17831" /><G26/><T127/><D127/><U43/><E43/><V78/><F15/><W58/><G58/><T37/><D57/><U41/><E41/><V29/><F126/><W118/><G118/><T66/><REACH who="0" step="1"/><D37/><REACH who="0" ten="172,269,265,284" step="2"/><U38/><E38/><V17/><F29/><W135/><G135/><T110/><D110/><U28/><E28/><V34/><F34/><W12/><G12/><T4/><D4/><U112/><E112/><V84/><F113/><W109/><G109/><T56/><D56/><U16/><E16/><V50/><F17/><W39/><G39/><T3/><D3/><U18/><E18/><V7/><F0/><W92/><G32/><T117/><D117/><U125/><E125/><V19/><F2/><W108/><G33/><T86/><D86/><U122/><E122/><V87/><F84/><W68/><G108/><T132/><D132/><U83/><E83/><V51/><F87/><W103/><G68/><T42/><D42/><U76/><E76/><V124/><F78/><W46/><G46/><AGARI ba="0,1" hai="8,10,21,23,45,46,48,49,65,66,69,70,88,91" machi="46" ten="25,8000,1" yaku="1,1,6,1,22,2,54,1,53,0" doraHai="98" doraHaiUra="94" who="0" fromWho="3" sc="172,90,269,0,265,0,284,-80" /><INIT seed="3,0,0,4,2,20" ten="262,269,265,204" oya="3" hai0="22,89,76,88,16,104,59,110,93,107,46,36,5" hai1="42,47,50,60,70,32,77,28,135,123,122,2,105" hai2="95,90,8,91,129,97,13,115,4,40,121,102,67" hai3="15,14,53,25,6,72,82,63,108,83,120,106,78"/><W99/><G120/><T41/><D110/><U75/><E105/><V11/><F115/><W64/><G53/><T44/><D5/><U66/><E2/><V125/><F129/><W49/><G49/><T71/><D71/><U103/><E103/><V84/><F125/><W1/><G83/><T114/><D76/><U31/><E135/><V124/><F124/><W55/><G55/><T73/><D73/><U98/><E98/><V17/><F121/><W24/><G1/><T113/><D59/><U119/><E119/><V10/><F40/><W100/><G108/><T51/><D104/><U54/><E31/><V62/><F4/><W23/><G6/><T18/><D107/><U116/><E116/><V128/><F128/><W48/><G48/><T112/><D22/><U7/><E7/><V34/><F34/><W126/><G126/><T65/><D65/><U118/><E118/><V96/><F96/><W87/><G72/><T27/><D27/><N who="1" m="18463" /><E54/><V19/><F19/><N who="0" m="7210" /><D93/><U21/><E21/><V35/><F35/><W69/><REACH who="3" step="1"/><G23/><REACH who="3" ten="262,269,265,194" step="2"/><T30/><D30/><U81/><E50/><V3/><F3/><W101/><G101/><T109/><D109/><U94/><E123/><V85/><F102/><W38/><G38/><T56/><D56/><U92/><E122/><V117/><F117/><W133/><G133/><T111/><D111/><U127/><E127/><V132/><F132/><W45/><G45/><T43/><AGARI ba="0,1" hai="36,41,43,44,46,51,88,89,112,113,114" m="7210" machi="43" ten="40,5200,0" yaku="11,1,54,2" doraHai="20" who="0" fromWho="0" sc="262,62,269,-13,265,-13,194,-26" owari="324,42.4,256,5.6,252,-14.8,168,-33.2" /></mjloggm>