<mjloggm ver="2.3"><GO type="225" lobby="0"/><UN n0="%E3%81%BF%E3%81%BF%E3%81%9A" n1="%E3%81%A8%E3%82%93%E3%81%A8%E3%81%93%E3%81%A8%E3%82%93" n2="%E9%B3%B3%E6%9D%B1%E3%81%AE%E3%81%86%E3%81%95%E3%81%8E%E3%81%95%E3%82%93" n3="%E8%A8%88%E7%AE%97%E6%A9%9F%E8%87%AA%E7%84%B6" dan="16,16,17,17" rate="2165.45,2125.39,2238.38,2188.72" sx="M,F,M,M"/><TAIKYOKU oya="0"/><INIT seed="0,0,0,2,4,88" ten="250,250,250,250" oya="0" hai0="101,84,30,92,105,20,22,83,68,2,127,123,120" hai1="36,128,7,8,69,55,4,25,26,96,78,28,35" hai2="107,110,3,34,17,64,27,104,129,14,91,59,60" hai3="74,77,1,32,79,44,13,75,72,109,66,80,43"/><T5/><D68/><U132/><E36/><V31/><F110/><W0/><G109/><T6/><D105/><U52/><E69/><V53/><F129/><W99/><G32/><T19/><D127/><U133/><E128/><V102/><F102/><W33/><G33/><T121/><D30/><U65/><E65/><V56/><F3/><W124/><G124/><T114/><D114/><U9/><E78/><V73/><F73/><W48/><G66/><T47/><D47/><U98/><E35/><V112/><F112/><W89/><G13/><T117/><D117/><U63/><E63/><V58/><F58/><W108/><G108/><T67/><D67/><U41/><REACH who="1" step="1"/><E41/><REACH who="1" ten="250,240,250,250" step="2"/><V95/><F64/><W85/><REACH who="3" step="1"/><G77/><REACH who="3" ten="250,240,250,240" step="2"/><N who="0" m="46191" /><D121/><U93/><E93/><AGARI ba="0,2" hai="0,1,43,44,48,72,74,75,79,80,85,89,93,99" machi="93" ten="40,2600,0" yaku="1,1,52,1,53,0" doraHai="88" doraHaiUra="61" who="3" fromWho="1" sc="250,0,240,-26,250,0,240,46" /><INIT seed="1,0,0,3,4,67" ten="250,214,250,286" oya="1" hai0="30,18,2,108,111,8,62,51,123,79,103,99,54" hai1="21,64,93,24,107,33,118,6,29,63,13,50,134" hai2="91,131,56,65,20,52,87,81,101,104,1,90,98" hai3="82,45,40,88,42,133,109,130,112,77,44,7,115"/><U83/><E107/><V23/><F131/><W11/><G130/><T120/><D30/><U34/><E118/><V41/><F1/><W36/><G109/><N who="0" m="42059" /><D79/><U14/><E134/><V94/><F65/><W12/><G133/><T70/><D62/><U48/><E83/><V16/><F41/><W55/><G55/><T95/><D70/><U9/><E93/><V97/><REACH who="2" step="1"/><F16/><REACH who="2" ten="250,214,240,286" step="2"/><W17/><G17/><T127/><D127/><U53/><E14/><V113/><F113/><W37/><REACH who="3" step="1"/><G88/><REACH who="3" ten="250,214,240,276" step="2"/><T43/><D43/><U121/><E121/><V128/><F128/><W124/><G124/><T47/><D18/><U28/><E28/><V105/><F105/><W26/><G26/><T126/><D126/><U39/><E29/><V66/><F66/><W92/><G92/><T129/><D129/><U32/><E64/><V132/><F132/><W80/><G80/><T58/><D123/><U49/><E24/><V75/><F75/><AGARI ba="0,2" hai="7,11,12,36,37,40,42,44,45,75,77,82,112,115" machi="75" ten="30,3900,0" yaku="1,1,7,1,9,1,53,0" doraHai="67" doraHaiUra="60" who="3" fromWho="2" sc="250,0,214,0,240,-39,276,59" /><INIT seed="2,0,0,1,4,101" ten="250,214,201,335" oya="2" hai0="32,86,122,23,36,60,117,9,26,81,45,100,88" hai1="103,18,94,49,105,4,91,37,33,38,119,111,95" hai2="67,132,130,21,47,35,63,115,65,31,75,74,3" hai3="77,10,19,2,22,16,71,43,79,121,57,128,124"/><V72/><F115/><W87/><G71/><T46/><D122/><U99/><E119/><V84/><F130/><W118/><G118/><T102/><D117/><U64/><E33/><V59/><F35/><W29/><G121/><T40/><D32/><U62/><E4/><V134/><F3/><W80/><G128/><T13/><D45/><U41/><E111/><V116/><F116/><W90/><G124/><T44/><D60/><U127/><E127/><V61/><F84/><W5/><G43/><T12/><D44/><U133/><E133/><N who="2" m="51307" /><F47/><W110/><G110/><T112/><D112/><U34/><E34/><V53/><F61/><W50/><G29/><T126/><D126/><U14/><E49/><V48/><F63/><W42/><G42/><T55/><D55/><U109/><E41/><V123/><F123/><W83/><G22/><T89/><D89/><U28/><E109/><V8/><F8/><W54/><G90/><T98/><D102/><U129/><E129/><V51/><F51/><W66/><G66/><T93/><REACH who="0" step="1"/><D9/><REACH who="0" ten="240,214,201,335" step="2"/><U68/><E91/><V52/><F53/><W97/><G97/><T1/><D1/><U56/><E99/><V106/><F106/><W73/><AGARI ba="0,1" hai="2,5,10,16,19,50,54,57,73,77,79,80,83,87" machi="73" ten="20,2700,0" yaku="0,1,7,1,54,1" doraHai="101" who="3" fromWho="3" sc="240,-7,214,-7,201,-13,335,37" /><INIT seed="3,0,0,1,1,35" ten="233,207,188,372" oya="3" hai0="89,62,23,55,33,53,105,92,52,1,98,28,122" hai1="127,11,110,117,102,3,121,108,71,2,74,16,63" hai2="58,21,129,10,106,18,43,47,70,114,38,30,118" hai3="101,56,116,7,135,78,41,111,87,12,76,80,32"/><W24/><G41/><T107/><D122/><U66/><E121/><V128/><F118/><W29/><G101/><T27/><D1/><U20/><E127/><V109/><F114/><W40/><G40/><T94/><D33/><U77/><E102/><V69/><F106/><W91/><G56/><T130/><D130/><N who="2" m="50282" /><F30/><W85/><G87/><T90/><D107/><U22/><E117/><V82/><F82/><W115/><G91/><T88/><D105/><U125/><E125/><V86/><F86/><W95/><G12/><T42/><D42/><U132/><E132/><V50/><F10/><W0/><G95/><T31/><D31/><U124/><E124/><V48/><F18/><W61/><G85/><T75/><D75/><U103/><E103/><V36/><F21/><N who="1" m="8297" /><E77/><V60/><F48/><W15/><G78/><T51/><D62/><U100/><E100/><V131/><N who="2" m="50290" /><V83/><DORA hai="46" /><F83/><W123/><G80/><T25/><D25/><U99/><E99/><V65/><F109/><N who="1" m="42089" /><E74/><V9/><F9/><W8/><G111/><T97/><D90/><U79/><E79/><V113/><F113/><W6/><G115/><T133/><D133/><U112/><E112/><V84/><F84/><W59/><G135/><T26/><D26/><U13/><AGARI ba="0,0" hai="2,3,11,13,16,63,66,71" m="42089,8297" machi="13" ten="30,7900,0" yaku="14,1,52,2,54,1" doraHai="35,46" who="1" fromWho="1" sc="233,-20,207,79,188,-20,372,-39" owari="213,-18.7,286,8.6,168,-33.2,333,43.3" /></mjloggm>