<mjloggm ver="2.3"><GO type="225" lobby="0"/><UN n0="%E3%82%B2%E3%82%B9%E8%8C%82%E5%8B%9D" n1="%E6%B8%A9%E2%98%85%E6%83%85%E2%98%85%E6%8E%AA%E2%98%85%E7%BD%AE" n2="%E3%81%82%E3%81%99%E3%81%AB%E3%82%83%E3%82%80" n3="%E3%83%A9%E3%83%BC%E3%83%A1%E3%83%B3%E4%BA%94%E9%83%8E" dan="16,17,16,16" rate="2111.94,2261.10,2141.03,2042.98" sx="F,M,F,M"/><TAIKYOKU oya="0"/><INIT seed="0,0,0,5,3,113" ten="250,250,250,250" oya="0" hai0="32,20,34,101,3,25,125,30,61,107,21,9,59" hai1="11,2,74,103,63,96,62,135,12,108,114,45,84" hai2="15,8,56,16,7,120,99,80,110,79,132,43,24" hai3="65,64,47,106,31,67,50,77,118,89,130,54,6"/><T68/><D125/><U109/><E74/><V51/><F120/><W69/><G106/><T129/><D129/><U73/><E73/><V42/><F110/><N who="1" m="42601" /><E114/><V121/><F121/><W131/><G77/><T82/><D82/><U112/><E112/><V39/><F39/><W119/><G31/><T28/><D9/><U5/><E135/><V66/><F99/><W117/><G6/><T126/><D3/><U10/><E84/><N who="2" m="48159" /><F132/><W133/><G133/><T71/><D126/><U13/><E45/><V22/><F66/><N who="3" m="25707" /><G89/><T36/><D36/><U40/><E40/><V48/><F48/><W17/><G17/><T83/><D83/><U57/><E57/><V70/><F70/><W124/><G124/><T100/><D59/><U90/><E90/><V49/><F49/><W1/><G1/><T134/><D134/><U97/><E2/><V128/><F128/><W93/><G93/><T58/><D58/><U55/><E97/><V53/><AGARI ba="0,0" hai="7,8,15,16,22,24,42,43,51,53,56" m="48159" machi="53" ten="30,2000,0" yaku="8,1,54,1" doraHai="113" who="2" fromWho="2" sc="250,-10,250,-5,250,20,250,-5" /><INIT seed="1,0,0,3,0,120" ten="240,245,270,245" oya="1" hai0="26,27,53,38,45,85,17,0,132,70,89,76,42" hai1="50,82,48,11,60,25,54,2,84,68,61,36,20" hai2="88,90,24,78,69,66,106,21,130,122,32,100,23" hai3="79,97,96,5,31,64,118,40,39,81,28,49,123"/><U86/><E36/><V108/><F122/><W87/><G123/><T71/><D132/><U112/><E112/><V1/><F1/><W62/><G39/><T56/><D0/><U58/><E2/><V115/><F115/><W133/><G133/><T116/><D116/><U19/><E11/><V3/><F3/><W109/><G118/><T131/><D131/><U80/><E68/><V134/><F134/><W55/><G40/><T73/><D76/><N who="1" m="46087" /><E61/><N who="2" m="40143" /><F78/><AGARI ba="0,0" hai="19,20,25,48,50,54,58,60,78,82,86" m="46087" machi="78" ten="30,1500,0" yaku="8,1" doraHai="120" who="1" fromWho="2" sc="240,0,245,15,270,-15,245,0" /><INIT seed="1,1,0,4,5,99" ten="240,260,255,245" oya="1" hai0="125,59,38,13,16,131,5,58,66,87,70,30,76" hai1="126,83,6,89,112,88,116,10,130,43,77,73,51" hai2="81,45,92,0,68,120,61,22,40,52,97,46,25" hai3="67,106,1,49,85,28,121,12,7,8,34,3,110"/><U36/><E112/><V26/><F0/><W4/><G106/><T98/><D38/><U124/><E116/><V39/><F120/><W96/><G121/><T48/><D125/><N who="1" m="48235" /><E51/><V132/><F132/><W114/><G114/><T18/><D131/><U19/><E19/><V107/><F107/><W119/><G119/><T53/><D30/><U128/><E43/><V69/><F81/><W95/><G110/><T56/><D70/><U123/><E36/><V57/><F45/><W62/><G4/><T23/><D66/><U117/><E117/><V17/><F26/><W91/><G49/><T55/><D5/><U108/><E108/><V122/><F122/><W94/><G28/><T75/><D75/><U90/><E123/><V74/><F74/><W79/><G34/><T33/><D33/><U100/><E100/><AGARI ba="1,0" hai="17,22,25,39,40,46,52,57,61,68,69,92,97,100" machi="100" ten="30,3900,0" yaku="7,1,52,1,54,1" doraHai="99" who="2" fromWho="1" sc="240,0,260,-42,255,42,245,0" /><INIT seed="2,0,0,4,2,134" ten="240,218,297,245" oya="2" hai0="8,13,120,101,86,23,133,0,35,106,25,131,132" hai1="53,67,46,99,22,105,5,51,88,31,49,123,37" hai2="119,34,125,30,116,87,1,52,74,135,113,70,19" hai3="76,68,85,128,9,80,63,72,2,79,73,41,107"/><V12/><F1/><W32/><G107/><T82/><D120/><U57/><E123/><V124/><F135/><N who="0" m="51786" /><D35/><U16/><E5/><V126/><F74/><W78/><G32/><T89/><D0/><U28/><E37/><V21/><F70/><W40/><G128/><T55/><D55/><N who="1" m="30135" /><E67/><V84/><F113/><W121/><G121/><T15/><D131/><U54/><E54/><V20/><F34/><W127/><G72/><T7/><D15/><N who="1" m="9503" /><E105/><V43/><F43/><W14/><G73/><T18/><D106/><U42/><E42/><V48/><F30/><W50/><G2/><T38/><D101/><U71/><E71/><V44/><F21/><W59/><G68/><T96/><D38/><U11/><E11/><V98/><F98/><AGARI ba="0,0" hai="7,8,13,18,23,25,82,86,89,96,98" m="51786" machi="98" ten="30,1000,0" yaku="20,1" doraHai="134" who="0" fromWho="2" sc="240,10,218,0,297,-10,245,0" /><INIT seed="3,0,0,4,1,100" ten="250,218,287,245" oya="3" hai0="28,35,118,81,55,59,99,25,132,107,9,64,54" hai1="122,18,73,32,88,109,63,121,114,10,71,104,5" hai2="65,19,120,68,79,36,83,77,58,48,23,12,21" hai3="92,52,102,41,103,133,60,2,31,26,1,119,85"/><W13/><G119/><T11/><D132/><U80/><E114/><V84/><F36/><W115/><G115/><T37/><D118/><U97/><E18/><V46/><F68/><W24/><G133/><T74/><D37/><U123/><E32/><V90/><F120/><W66/><G41/><T82/><D64/><N who="1" m="41375" /><E88/><N who="2" m="51231" /><F23/><N who="3" m="15775" /><G1/><T128/><D128/><U15/><E15/><V16/><F19/><W4/><G2/><T94/><D107/><U47/><E47/><V89/><F58/><N who="3" m="34887" /><G66/><T75/><D74/><U127/><E109/><V51/><F65/><W69/><G69/><T96/><D54/><U20/><E20/><V50/><F46/><W3/><G3/><T91/><D75/><U134/><E134/><V43/><F43/><W125/><G125/><T38/><D38/><U112/><E112/><V30/><F30/><W6/><G26/><T49/><D11/><U111/><E111/><V7/><F7/><N who="3" m="2603" /><G13/><T130/><D9/><U116/><E116/><V62/><F62/><W110/><G110/><T98/><D130/><U78/><E127/><V86/><F90/><AGARI ba="0,0" hai="85,90,92,102,103" m="2603,34887,15775" machi="90" ten="30,2900,0" yaku="8,1,54,1" doraHai="100" who="3" fromWho="2" sc="250,0,218,0,287,-29,245,29" /><INIT seed="3,1,0,5,3,52" ten="250,218,258,274" oya="3" hai0="131,32,56,26,15,91,17,16,85,44,113,93,130" hai1="101,122,84,66,36,21,3,27,57,48,96,78,100" hai2="67,45,102,70,77,13,117,115,108,98,94,83,8" hai3="72,65,118,104,105,29,51,103,106,68,22,53,19"/><W7/><G118/><T127/><D127/><U11/><E36/><V89/><F108/><W25/><G72/><T107/><D107/><U92/><E122/><V134/><F115/><W28/><G103/><T109/><D109/><U121/><E121/><V35/><F35/><W132/><G132/><T49/><D113/><U82/><E3/><V18/><F134/><W54/><G7/><T50/><D50/><U41/><E11/><V60/><F45/><W129/><G129/><N who="0" m="49163" /><D15/><U81/><E81/><V73/><REACH who="2" step="1"/><F102/><REACH who="2" ten="250,218,248,274" step="2"/><W62/><REACH who="3" step="1"/><G54/><REACH who="3" ten="250,218,248,264" step="2"/><N who="0" m="31823" /><D44/><AGARI ba="1,2" hai="19,22,25,28,29,44,51,53,62,65,68,104,105,106" machi="44" ten="40,2000,0" yaku="1,1,53,0" doraHai="52" doraHaiUra="39" who="3" fromWho="0" sc="250,-23,218,0,248,0,264,43" owari="227,-17.3,218,-28.2,248,4.8,307,40.7" /></mjloggm>