<mjloggm ver="2.3"><GO type="225" lobby="0"/><UN n0="%E3%81%9F%E3%81%93%E2%98%86%E7%84%BC%E3%81%8D" n1="%E6%80%AA%E3%81%97%E3%81%99%E3%81%8E%E3%82%8B%E3%83%81%E3%83%BC" n2="%E3%83%9E%E3%82%AB%E3%83%92%E3%82%AD" n3="%E9%80%9F%E6%B0%B4%E5%87%9B%E9%A6%99" dan="16,16,16,16" rate="2080.70,2057.66,2109.59,2145.02" sx="M,M,M,F"/><TAIKYOKU oya="0"/><INIT seed="0,0,0,5,2,95" ten="250,250,250,250" oya="0" hai0="87,31,98,7,128,77,83,28,41,50,113,80,108" hai1="134,55,124,130,3,106,110,12,86,81,25,93,74" hai2="11,64,59,117,84,9,127,65,119,73,35,66,125" hai3="45,71,90,105,102,131,15,132,92,62,22,24,133"/><T103/><D113/><U6/><E106/><V126/><F59/><W61/><G15/><T79/><D128/><U0/><E110/><V120/><F84/><W32/><G32/><T43/><D108/><U26/><E130/><V16/><F35/><W18/><G131/><T27/><D7/><U112/><E124/><V121/><F73/><W101/><G45/><T20/><D50/><U52/><E134/><N who="3" m="51818" /><G105/><T97/><D103/><N who="3" m="39433" /><G71/><T104/><D104/><U58/><E112/><V5/><F16/><W69/><G69/><T91/><D28/><U19/><E74/><V46/><F46/><W38/><G38/><T47/><D47/><U21/><E3/><V94/><F94/><W114/><G114/><T89/><D83/><U17/><E93/><V48/><F48/><W76/><G76/><N who="0" m="29259" /><D89/><N who="1" m="51407" /><E0/><V129/><F129/><W70/><G70/><T13/><D13/><N who="1" m="9391" /><E6/><V10/><F5/><W56/><G56/><T63/><D63/><N who="1" m="36295" /><E55/><V96/><F96/><AGARI ba="0,0" hai="18,22,24,61,62,90,92,96" m="39433,51818" machi="96" ten="30,2000,0" yaku="20,1,52,1" doraHai="95" who="3" fromWho="2" sc="250,0,250,0,250,-20,250,20" /><AGARI ba="0,0" hai="20,27,31,41,43,80,87,91,96,97,98" m="29259" machi="96" ten="30,11600,0" yaku="8,1,52,3" doraHai="95" who="0" fromWho="2" sc="250,116,250,0,230,-116,270,0" /><INIT seed="0,1,0,5,1,130" ten="366,250,114,270" oya="0" hai0="80,47,11,113,18,88,61,54,128,96,75,41,43" hai1="65,69,109,87,48,102,19,59,38,37,17,82,20" hai2="120,8,78,104,9,1,67,74,33,110,95,99,122" hai3="0,106,98,125,89,63,79,123,118,4,81,5,119"/><T76/><D113/><U66/><E109/><V129/><F33/><W24/><G125/><T133/><D128/><U108/><E108/><V56/><F129/><W60/><G123/><T126/><D126/><U53/><E69/><V25/><F110/><W100/><G24/><T70/><D41/><U34/><E34/><V135/><F104/><W94/><G63/><T111/><D111/><U32/><E32/><V42/><F42/><W44/><G60/><T114/><D114/><U12/><E102/><V121/><F25/><W103/><G44/><T27/><D11/><U116/><E116/><V22/><F22/><W28/><G28/><T52/><D133/><U26/><E37/><V16/><F1/><W107/><G5/><T46/><D46/><U23/><REACH who="1" step="1"/><E38/><REACH who="1" ten="366,240,114,270" step="2"/><V90/><F67/><W3/><G103/><T92/><D70/><U2/><E2/><V117/><F117/><W101/><G101/><T132/><D132/><U124/><E124/><V50/><F135/><W21/><G0/><T68/><D68/><U49/><E49/><V127/><F127/><W45/><G119/><T13/><D61/><U62/><E62/><V85/><F50/><W35/><G35/><T134/><D134/><U36/><E36/><V15/><F56/><W31/><G118/><T86/><D47/><U29/><E29/><V30/><F30/><W91/><G45/><T14/><D43/><U71/><E71/><V105/><F122/><W73/><G106/><T39/><D39/><U55/><E55/><V112/><F112/><W58/><G107/><T84/><D54/><U97/><E97/><RYUUKYOKU ba="1,1" sc="366,-10,240,30,114,-10,270,-10" hai1="12,17,19,20,23,26,48,53,59,65,66,82,87" /><INIT seed="1,2,1,3,3,0" ten="356,270,104,260" oya="1" hai0="118,40,90,99,57,130,66,103,67,7,55,129,134" hai1="77,96,16,85,80,30,15,70,19,53,46,65,59" hai2="82,117,11,78,39,35,115,3,71,37,107,83,24" hai3="89,52,47,34,122,69,31,29,20,105,75,43,64"/><U12/><E70/><V114/><F83/><W56/><G75/><T60/><D118/><U135/><E135/><V81/><F82/><W108/><G105/><T127/><D127/><U120/><E120/><V41/><F117/><W132/><G122/><T104/><D90/><U6/><E30/><V126/><F126/><W14/><G34/><T112/><D112/><U113/><E113/><V111/><F111/><W97/><G108/><T88/><D40/><U50/><E96/><V93/><F93/><W109/><G64/><T86/><D7/><U8/><E15/><V63/><F107/><W61/><G69/><T42/><D42/><N who="1" m="24919" /><E65/><V54/><F54/><W102/><G102/><T106/><D104/><U94/><E94/><V1/><F115/><W38/><G132/><T9/><D9/><U2/><E2/><V62/><F62/><AGARI ba="2,1" hai="6,8,12,16,19,53,59,62,77,80,85" m="24919" machi="62" ten="30,11600,0" yaku="25,1,8,1,52,1,54,1" doraHai="0" who="1" fromWho="2" sc="356,0,270,132,104,-122,260,0" owari="356,15.6,402,50.2,-18,-51.8,260,-14.0" /></mjloggm>