<mjloggm ver="2.3"><GO type="225" lobby="0"/><UN n0="%E4%BF%BA%E3%81%A8%E5%A6%96%E5%A4%A2" n1="%E3%80%90%E3%83%88%E3%83%AA%E3%83%A5%E3%83%95%E3%80%91" n2="%E3%81%86%E3%81%A9%E3%82%93%E3%81%93" n3="%E9%B3%B3%E6%9D%B1%E3%81%AE%E3%81%86%E3%81%95%E3%81%8E%E3%81%95%E3%82%93" dan="16,16,16,17" rate="2098.29,2063.02,2138.06,2225.09" sx="F,F,M,M"/><TAIKYOKU oya="0"/><INIT seed="0,0,0,4,2,120" ten="250,250,250,250" oya="0" hai0="37,34,29,92,103,33,134,109,21,93,48,117,28" hai1="62,63,126,132,90,4,35,44,24,94,124,115,122" hai2="105,71,84,53,114,77,36,9,30,111,83,118,67" hai3="1,87,69,45,27,31,11,135,97,74,91,98,54"/><T89/><D117/><U123/><E4/><V106/><F114/><W102/><G74/><T64/><D37/><U130/><E44/><V72/><F118/><W58/><G69/><T6/><D134/><U15/><E15/><V131/><F36/><W12/><G135/><T43/><D103/><U22/><E35/><V81/><F131/><W32/><G1/><T73/><D73/><U52/><E132/><V46/><F30/><W5/><G45/><T17/><D6/><U50/><E130/><V13/><F111/><W42/><G42/><T100/><D100/><U23/><E115/><V38/><F67/><W2/><G102/><T20/><D48/><U55/><E50/><N who="2" m="28887" /><F71/><W14/><G14/><T101/><D101/><U133/><E133/><V127/><F38/><W112/><G112/><T18/><D64/><U108/><E108/><V79/><F127/><W0/><G0/><T104/><D89/><U56/><E24/><V80/><F80/><W3/><G3/><T76/><D76/><U16/><E90/><V113/><F113/><W51/><REACH who="3" step="1"/><G2/><REACH who="3" ten="250,250,250,240" step="2"/><T26/><D43/><U119/><E122/><V95/><F72/><W39/><G39/><T88/><D26/><U121/><E119/><V25/><F25/><W66/><G66/><T60/><D109/><U41/><E41/><V128/><F128/><W110/><G110/><T116/><D116/><U78/><E121/><V47/><F47/><W85/><G85/><T86/><D86/><U7/><E123/><V49/><F84/><W19/><G19/><T96/><D17/><U68/><E16/><V65/><F13/><RYUUKYOKU ba="0,1" sc="250,-10,250,-10,250,-10,240,30" hai3="5,11,12,27,31,32,51,54,58,87,91,97,98" /><INIT seed="1,1,1,3,5,22" ten="240,240,240,270" oya="1" hai0="3,84,89,129,71,5,26,67,107,70,94,17,96" hai1="68,31,134,50,24,105,95,116,131,110,64,123,77" hai2="38,98,82,16,83,130,30,88,119,85,121,113,86" hai3="60,118,6,29,93,101,56,132,63,91,104,25,69"/><U0/><E77/><V53/><F119/><W33/><G118/><T11/><D129/><U23/><E105/><V28/><F121/><W51/><G132/><T39/><D39/><U49/><E116/><V66/><F130/><W109/><G109/><T80/><D107/><U43/><E131/><V76/><F38/><W52/><G69/><T36/><D36/><U61/><E123/><V79/><F66/><W114/><G114/><T126/><D126/><U65/><E0/><V40/><F40/><W117/><G117/><T21/><REACH who="0" step="1"/><D67/><REACH who="0" ten="230,240,240,270" step="2"/><U90/><E65/><V15/><F113/><W97/><REACH who="3" step="1"/><G6/><REACH who="3" ten="230,240,240,260" step="2"/><T18/><D18/><U42/><E134/><V124/><F124/><W111/><G111/><T81/><D81/><U59/><E110/><V41/><F16/><W57/><G57/><T112/><D112/><U128/><E128/><V44/><F82/><W99/><AGARI ba="1,3" hai="25,29,33,51,52,56,60,63,91,93,97,99,101,104" machi="99" ten="20,8000,1" yaku="1,1,0,1,7,1,52,1,54,1,53,0" doraHai="22" doraHaiUra="4" who="3" fromWho="3" sc="230,-21,240,-41,240,-21,260,113" /><INIT seed="2,0,0,1,3,80" ten="209,199,219,373" oya="2" hai0="78,5,60,67,44,114,18,77,131,128,48,135,95" hai1="104,57,14,13,27,21,101,42,90,113,23,81,107" hai2="62,64,115,111,8,61,83,35,66,130,100,133,10" hai3="65,9,41,98,34,56,91,43,12,70,96,75,87"/><V15/><F115/><W16/><G70/><T74/><D114/><U72/><E113/><V39/><F39/><W69/><G69/><T24/><D135/><U51/><E72/><V103/><F111/><W2/><G34/><T112/><D112/><U117/><E117/><V29/><F133/><W25/><G2/><T86/><D5/><U52/><E104/><V71/><F130/><N who="0" m="49706" /><D18/><N who="1" m="10447" /><E107/><V58/><F8/><W37/><G75/><T126/><D24/><U55/><E101/><V68/><F58/><W26/><G56/><N who="0" m="37255" /><D74/><U92/><E81/><V89/><F29/><W99/><G65/><T33/><D33/><U122/><E14/><V123/><F123/><W94/><G37/><T46/><D126/><U119/><E119/><V84/><REACH who="2" step="1"/><F35/><REACH who="2" ten="209,199,209,373" step="2"/><W105/><G105/><T53/><D44/><N who="1" m="26007" /><E57/><V88/><F88/><AGARI ba="0,1" hai="46,48,53,77,78,86,88,95" m="37255,49706" machi="88" ten="30,3900,0" yaku="19,1,52,1,54,1" doraHai="80" who="0" fromWho="2" sc="209,49,199,0,209,-39,373,0" /><INIT seed="3,0,0,5,5,76" ten="258,199,170,373" oya="3" hai0="95,97,52,96,110,4,98,25,128,14,115,36,103" hai1="11,58,107,6,75,69,54,87,122,90,43,89,8" hai2="64,77,10,27,120,86,24,118,34,51,130,85,106" hai3="21,63,109,49,42,40,82,9,0,19,126,78,73"/><W67/><G126/><T53/><D36/><U60/><E122/><V45/><F118/><W135/><G135/><T123/><D123/><U114/><E114/><V93/><F130/><W16/><G109/><T80/><D110/><U65/><E75/><V113/><F106/><W33/><G33/><T72/><D128/><U5/><E107/><V50/><F113/><W68/><G49/><T132/><D115/><U88/><E43/><V37/><F37/><W83/><G83/><T121/><D121/><U79/><E79/><V18/><F64/><W3/><G3/><T29/><D80/><U102/><E102/><V47/><F120/><W56/><G68/><T15/><D72/><U48/><E87/><V127/><F127/><W108/><G108/><T13/><D4/><U35/><E35/><V22/><F10/><W91/><G91/><T119/><D132/><U12/><E90/><N who="2" m="53455" /><F34/><W17/><G21/><N who="0" m="15535" /><D119/><U23/><E23/><V84/><F24/><W71/><G71/><T20/><D20/><U111/><E111/><V44/><F84/><W39/><G39/><T112/><D112/><U61/><E61/><V81/><F51/><W59/><G9/><T70/><D70/><U94/><E94/><V62/><F50/><W101/><G0/><AGARI ba="0,0" hai="0,5,6,8,11,12,48,54,58,60,65,69,88,89" machi="0" ten="30,2000,0" yaku="7,1,54,1" doraHai="76" who="1" fromWho="3" sc="258,0,199,20,170,0,373,-20" owari="258,5.8,219,-18.1,170,-33.0,353,45.3" /></mjloggm>