<mjloggm ver="2.3"><GO type="225" lobby="0"/><UN n0="%E4%BA%95%E5%B8%AF" n1="%77%72%77%72%77%72%77%72" n2="%E3%82%B3%E3%83%90%E3%83%AC%E3%82%A4" n3="%E7%99%BD%E5%92%B2%E8%8A%B1%E3%81%A1%E3%82%83%E3%82%93" dan="16,17,16,16" rate="2040.97,2155.24,2081.56,2082.39" sx="M,M,M,F"/><TAIKYOKU oya="0"/><INIT seed="0,0,0,3,0,6" ten="250,250,250,250" oya="0" hai0="41,69,26,120,108,56,129,82,57,101,121,8,36" hai1="37,18,54,53,33,7,76,48,103,84,85,32,131" hai2="117,11,3,107,30,10,0,135,63,67,38,77,134" hai3="75,115,27,109,60,21,126,15,83,13,132,31,78"/><T39/><D69/><U71/><E37/><V4/><F38/><W118/><G115/><T5/><D101/><U74/><E71/><V61/><F107/><W98/><G118/><T44/><D129/><U100/><E131/><V104/><F104/><W46/><G109/><T2/><D108/><U90/><E7/><N who="2" m="1383" /><F117/><W9/><G126/><T24/><D82/><N who="1" m="47175" /><E74/><V79/><F30/><W14/><G132/><N who="2" m="50729" /><F63/><W86/><G60/><T128/><D128/><U87/><E33/><V12/><F3/><W16/><G75/><T55/><D39/><U45/><E32/><V92/><F92/><W40/><REACH who="3" step="1"/><G98/><REACH who="3" ten="250,250,250,240" step="2"/><T19/><D121/><U50/><E85/><V28/><F28/><W68/><G68/><AGARI ba="0,1" hai="4,11,12,61,67,68,77,79" m="50729,1383" machi="68" ten="30,3900,0" yaku="20,1,52,2" doraHai="6" who="2" fromWho="3" sc="250,0,250,0,250,49,240,-39" /><INIT seed="1,0,0,3,3,128" ten="250,250,299,201" oya="1" hai0="63,33,35,5,32,51,38,55,117,66,42,21,19" hai1="108,88,125,99,116,68,10,119,37,17,79,78,29" hai2="96,113,111,83,107,104,18,9,14,72,76,85,45" hai3="23,75,52,30,47,81,126,106,15,53,127,94,103"/><U24/><E37/><V123/><F123/><W28/><G106/><T122/><D117/><U6/><E68/><V54/><F113/><W48/><G53/><T70/><D5/><U130/><E130/><V22/><F111/><W43/><G43/><T112/><D112/><U92/><E108/><V97/><F72/><W41/><G41/><T90/><D90/><U95/><E125/><N who="3" m="47626" /><G103/><T56/><D122/><U82/><E95/><V105/><F22/><W4/><G94/><T27/><REACH who="0" step="1"/><D35/><REACH who="0" ten="240,250,299,201" step="2"/><U134/><E6/><V77/><F77/><N who="3" m="44223" /><G4/><T101/><D101/><U34/><E78/><V102/><F102/><W69/><G69/><T11/><D11/><U1/><E119/><V71/><F71/><W91/><G91/><T89/><D89/><U59/><E88/><V118/><F118/><W129/><G129/><T62/><D62/><U61/><E61/><V8/><F8/><W26/><G15/><T100/><D100/><U49/><E116/><V86/><F97/><W25/><G25/><T74/><D74/><U13/><E24/><V50/><F96/><W20/><G20/><T120/><D120/><U98/><E99/><V135/><F85/><W60/><G60/><T133/><D133/><U87/><E134/><V93/><F93/><W124/><G124/><T65/><D65/><U57/><E92/><V109/><F109/><W40/><G40/><T36/><D36/><U132/><E98/><V131/><F131/><W110/><G110/><T121/><D121/><U31/><E132/><V64/><F135/><W67/><G67/><T12/><D12/><U80/><E13/><RYUUKYOKU ba="0,1" sc="240,10,250,-30,299,10,201,10" hai0="19,21,27,32,33,38,42,51,55,56,63,66,70" hai2="9,14,18,45,50,54,64,76,83,86,104,105,107" hai3="23,26,28,30,47,48,52" /><INIT seed="2,1,1,2,2,79" ten="250,220,309,211" oya="2" hai0="115,2,21,86,28,66,132,53,19,92,131,8,72" hai1="90,99,133,74,51,110,30,4,11,124,78,12,70" hai2="64,122,49,7,25,114,24,52,94,33,102,40,120" hai3="65,95,20,42,89,41,34,118,75,37,98,91,67"/><V135/><F114/><W5/><G118/><T71/><D72/><U103/><E70/><V84/><F135/><W93/><G34/><T73/><D73/><U45/><E133/><V47/><F33/><W29/><G75/><T10/><D66/><N who="3" m="25097" /><G5/><T58/><D71/><U109/><E124/><V13/><F122/><W134/><G37/><T15/><D131/><U83/><E90/><V100/><F64/><W69/><G69/><T9/><D2/><U81/><E30/><V127/><F127/><W36/><G36/><T76/><D115/><U105/><REACH who="1" step="1"/><E83/><REACH who="1" ten="250,210,309,211" step="2"/><V129/><F129/><W77/><G134/><T50/><D132/><U130/><E130/><V61/><F120/><W80/><G80/><N who="0" m="47367" /><D28/><U6/><E6/><V87/><F102/><W126/><G126/><T119/><D119/><U55/><AGARI ba="1,2" hai="4,11,12,45,51,55,74,78,81,99,103,105,109,110" machi="55" ten="30,4000,0" yaku="1,1,0,1,52,1,53,0" doraHai="79" doraHaiUra="68" who="1" fromWho="1" sc="250,-11,210,63,309,-21,211,-11" /><INIT seed="3,0,0,4,0,80" ten="239,273,288,200" oya="3" hai0="32,59,37,117,98,106,90,16,131,28,8,58,20" hai1="54,69,89,114,45,113,116,92,87,49,95,21,13" hai2="74,83,4,15,128,121,105,73,102,79,127,134,84" hai3="132,100,103,9,22,35,26,67,12,130,99,86,75"/><W70/><G130/><T63/><D117/><U18/><E69/><V72/><F128/><W61/><G75/><N who="2" m="28745" /><F4/><W129/><G129/><T111/><D131/><U85/><E116/><V51/><F51/><W31/><G132/><T41/><D111/><U104/><E104/><V30/><F15/><W93/><G86/><T96/><D8/><U6/><E6/><V56/><F56/><W135/><G135/><T118/><D118/><U2/><E2/><V88/><F30/><W110/><G110/><T108/><D108/><U62/><E62/><V91/><F134/><W48/><G48/><T133/><D133/><U19/><E18/><V50/><F50/><W68/><G35/><T24/><D59/><U1/><E1/><V7/><F7/><W55/><G55/><T66/><D106/><U123/><E123/><V11/><F11/><W43/><G43/><T23/><D32/><U10/><E10/><V44/><F121/><W53/><G53/><T14/><REACH who="0" step="1"/><D90/><AGARI ba="0,0" hai="13,19,21,45,49,54,85,87,89,90,92,95,113,114" machi="90" ten="40,5200,0" yaku="9,1,52,2" doraHai="80" who="1" fromWho="0" sc="239,-52,273,52,288,0,200,0" owari="187,-31.3,325,42.5,288,8.8,200,-20.0" /></mjloggm>