<mjloggm ver="2.3"><GO type="225" lobby="0"/><UN n0="%E8%BE%9B%E5%8F%A3%E3%82%AB%E3%83%AC%E3%83%BC%E3%83%A9%E3%82%A4%E3%82%B9" n1="%E3%81%82%E3%81%99%E3%81%AB%E3%82%83%E3%82%80" n2="%73%75%7A%75%72%61%6E%65" n3="%E3%81%AF%E3%82%88%E3%81%8A%E3%81%98%E3%81%95%E3%82%93" dan="16,16,16,16" rate="2119.83,2009.59,2062.24,2144.26" sx="M,F,M,M"/><TAIKYOKU oya="0"/><INIT seed="0,0,0,1,4,115" ten="250,250,250,250" oya="0" hai0="126,97,89,125,24,7,22,72,78,44,133,6,82" hai1="101,91,42,34,98,94,48,128,76,104,130,30,112" hai2="119,65,90,62,5,116,27,120,40,0,31,117,15" hai3="108,3,11,63,118,92,75,67,10,96,8,58,38"/><T46/><D133/><U35/><E112/><V26/><F120/><W85/><G108/><T74/><D74/><U53/><E42/><V129/><F129/><N who="1" m="49769" /><E30/><V105/><F0/><W2/><G75/><T83/><D97/><N who="1" m="57567" /><E76/><V59/><F105/><W55/><G38/><T39/><D89/><U71/><E71/><V66/><F40/><W23/><G118/><T132/><D132/><U32/><E32/><N who="2" m="20599" /><F27/><W60/><G23/><T49/><D39/><U70/><E70/><V121/><F121/><W45/><G85/><T102/><D72/><U51/><E51/><V18/><F90/><W81/><G81/><T13/><D82/><U73/><E73/><V57/><F5/><W4/><G2/><T124/><D6/><U77/><E77/><V134/><F134/><W19/><G19/><T33/><D78/><U61/><E61/><N who="2" m="38063" /><F18/><W54/><G60/><T20/><D7/><U28/><E28/><V41/><F41/><W99/><G99/><T95/><D124/><U79/><E79/><V100/><F100/><W16/><G16/><T43/><D102/><U1/><E1/><V17/><F17/><W52/><REACH who="3" step="1"/><G45/><AGARI ba="0,0" hai="34,35,45,48,53,98,101,104" m="57567,49769" machi="45" ten="30,1000,0" yaku="19,1" doraHai="115" who="1" fromWho="3" sc="250,0,250,10,250,0,250,-10" /><INIT seed="1,0,0,3,5,110" ten="250,260,250,240" oya="1" hai0="25,93,75,133,69,109,32,61,128,24,26,49,31" hai1="0,98,127,94,38,100,90,14,27,16,2,114,106" hai2="92,134,29,22,129,76,56,21,118,86,64,97,132" hai3="131,55,44,95,135,48,101,70,65,112,13,66,43"/><U108/><E38/><V104/><F118/><W8/><G131/><T30/><D109/><U6/><E108/><V67/><F104/><W60/><G135/><N who="2" m="51753" /><F129/><W54/><G66/><N who="2" m="25129" /><F56/><W99/><REACH who="3" step="1"/><G112/><REACH who="3" ten="250,260,250,230" step="2"/><T102/><D128/><U10/><E114/><V58/><F29/><W126/><G126/><T52/><D133/><U88/><E127/><V42/><F42/><W84/><G84/><T121/><D121/><U80/><E80/><N who="2" m="47367" /><F58/><W116/><G116/><T91/><D75/><U4/><E0/><V111/><F111/><W37/><G37/><T62/><D69/><U3/><E2/><V17/><F17/><AGARI ba="0,1" hai="8,13,17,43,44,48,54,55,60,65,70,95,99,101" machi="17" ten="30,3900,0" yaku="1,1,7,1,53,1" doraHai="110" doraHaiUra="12" who="3" fromWho="2" sc="250,0,260,0,250,-39,230,49" /><INIT seed="2,0,0,3,1,40" ten="250,260,211,279" oya="2" hai0="81,77,79,117,82,129,123,92,4,39,125,93,49" hai1="75,33,72,29,8,1,45,115,38,30,32,53,83" hai2="102,2,69,6,89,5,0,9,57,48,16,43,87" hai3="124,97,113,61,14,44,111,55,67,34,47,22,135"/><V84/><F69/><W64/><G34/><T132/><D39/><U76/><E115/><V66/><F102/><W109/><G113/><T85/><D123/><U118/><E118/><V110/><F110/><N who="3" m="41995" /><G124/><T88/><D125/><U70/><E70/><V134/><F134/><W28/><G135/><T105/><D132/><U101/><E72/><V96/><F96/><W27/><G14/><T31/><D31/><U116/><E116/><V100/><F100/><W13/><G13/><T17/><D4/><N who="1" m="1039" /><E53/><V94/><F87/><W99/><G55/><T112/><D112/><U121/><E121/><V54/><F66/><N who="3" m="25131" /><G61/><T11/><D117/><U59/><E59/><V18/><REACH who="2" step="1"/><F43/><REACH who="2" ten="250,260,201,279" step="2"/><W80/><G80/><T104/><D82/><U15/><E101/><V51/><F51/><W46/><AGARI ba="0,1" hai="22,27,28,44,46,47,97,99" m="25131,41995" machi="46" ten="40,8000,1" yaku="14,1,52,3" doraHai="40" who="3" fromWho="3" sc="250,-20,260,-20,201,-40,279,90" /><INIT seed="3,0,0,3,3,97" ten="230,240,161,369" oya="3" hai0="96,91,66,113,101,118,32,45,28,18,51,40,43" hai1="92,30,38,55,83,2,128,133,6,60,44,126,3" hai2="86,109,10,115,24,124,25,20,54,104,130,29,122" hai3="103,90,23,84,1,21,132,74,79,14,75,117,82"/><W17/><G1/><T65/><D118/><U12/><E128/><V72/><F72/><W46/><G117/><T67/><D113/><U56/><E30/><V98/><F115/><W89/><G132/><T95/><D32/><U16/><E133/><V134/><F134/><W93/><G103/><T9/><D28/><U0/><E6/><V63/><F109/><W61/><G89/><T106/><D106/><U47/><E38/><V77/><F130/><W22/><G74/><T27/><D91/><U41/><E41/><V78/><F124/><W62/><G46/><T94/><D94/><U107/><E107/><V123/><F10/><W48/><G48/><T105/><D105/><U88/><E83/><V87/><F104/><W81/><G81/><T35/><D35/><U39/><E39/><V15/><F15/><W58/><G61/><T70/><D70/><U64/><E64/><AGARI ba="0,0" hai="14,17,21,22,23,58,62,64,75,79,82,84,90,93" machi="64" ten="30,1500,0" yaku="7,1" doraHai="97" who="3" fromWho="1" sc="230,0,240,-15,161,0,369,15" owari="230,3.0,225,-17.5,161,-33.9,384,48.4" /></mjloggm>