<mjloggm ver="2.3"><GO type="225" lobby="0"/><UN n0="%E3%81%AF%E3%82%88%E3%81%8A%E3%81%98%E3%81%95%E3%82%93" n1="%38%63%E3%81%AF%E3%81%A3%E3%81%97%E3%83%BC" n2="%6D%75%75%6D%75%72%61" n3="%E3%81%AA%E3%81%A1%30%39%32%37" dan="17,16,17,16" rate="2195.63,2117.52,2173.61,2056.42" sx="M,M,F,M"/><TAIKYOKU oya="0"/><INIT seed="0,0,0,2,4,129" ten="250,250,250,250" oya="0" hai0="21,80,117,23,71,107,29,33,37,47,82,97,125" hai1="30,6,99,17,63,111,67,118,38,105,54,50,100" hai2="26,10,65,73,39,20,55,123,51,95,32,103,124" hai3="13,0,12,88,78,19,35,86,53,94,9,102,45"/><T132/><D117/><U135/><E38/><V104/><F39/><W81/><G35/><T46/><D71/><U79/><E118/><V119/><F119/><W22/><G0/><T31/><D37/><U5/><E111/><V44/><F123/><W66/><G66/><T74/><D33/><U59/><E79/><V115/><F115/><W36/><G36/><T116/><D116/><U113/><E113/><V72/><F124/><W42/><G42/><T92/><D107/><U62/><E62/><V49/><F104/><W16/><G102/><T87/><D74/><U61/><E61/><V101/><F32/><W52/><REACH who="3" step="1"/><G45/><REACH who="3" ten="250,250,250,240" step="2"/><T15/><D47/><U28/><E67/><V133/><F103/><W114/><G114/><T109/><D46/><U69/><E100/><V2/><F65/><W41/><G41/><T83/><D125/><U4/><E105/><V60/><F101/><W57/><G57/><T34/><D34/><U108/><E59/><V128/><F44/><W58/><G58/><T77/><D109/><U56/><E56/><V96/><F128/><W106/><G106/><T76/><D77/><U24/><E69/><V130/><F130/><W43/><G43/><T93/><D76/><U127/><E127/><V64/><F64/><W14/><G14/><T84/><D15/><U131/><E108/><V85/><F2/><W134/><G134/><T27/><D132/><U75/><E135/><V110/><F133/><W89/><G89/><T90/><D93/><U112/><E131/><V120/><F110/><W40/><G40/><T3/><D3/><U11/><E112/><RYUUKYOKU ba="0,1" sc="250,15,250,-15,250,-15,240,15" hai0="21,23,27,29,31,80,82,83,84,87,90,92,97" hai3="9,12,13,16,19,22,52,53,78,81,86,88,94" /><INIT seed="0,1,1,5,2,45" ten="265,235,235,255" oya="0" hai0="32,134,50,34,108,118,38,47,21,124,68,89,96" hai1="28,43,125,55,27,100,104,64,2,105,19,62,22" hai2="129,111,123,72,80,56,74,59,48,31,131,99,23" hai3="0,37,14,9,98,128,119,79,85,11,57,41,13"/><T1/><D118/><U86/><E125/><V95/><F123/><W133/><G119/><T121/><D121/><U127/><E127/><V117/><F117/><W83/><G133/><T84/><D124/><U4/><E2/><V3/><F3/><W44/><G128/><N who="2" m="49225" /><F111/><W93/><G57/><N who="2" m="22089" /><F80/><W135/><G135/><T70/><D38/><U126/><E4/><V20/><F48/><W92/><G92/><T12/><D1/><U73/><E73/><N who="2" m="28267" /><F31/><W40/><G40/><T78/><D134/><U18/><E43/><V116/><F116/><W90/><REACH who="3" step="1"/><G0/><REACH who="3" ten="265,235,235,245" step="2"/><T36/><D108/><U30/><E126/><V115/><F115/><W24/><G24/><T94/><D70/><U17/><E27/><V58/><N who="2" m="22097" /><V81/><DORA hai="6" /><F81/><W67/><G67/><T49/><D68/><U54/><E64/><V29/><F29/><W10/><AGARI ba="1,2" hai="9,10,11,13,14,37,41,44,79,83,85,90,93,98" machi="10" ten="30,12000,2" yaku="1,1,0,1,52,3,53,1" doraHai="45,6" doraHaiUra="46,76" who="3" fromWho="3" sc="265,-61,235,-31,235,-31,245,143" /><INIT seed="1,0,0,0,4,130" ten="204,204,204,388" oya="1" hai0="77,86,4,47,26,6,90,18,79,92,20,75,93" hai1="129,23,74,99,125,95,70,38,124,94,21,80,121" hai2="49,41,71,40,27,0,122,48,15,105,81,52,54" hai3="106,34,103,101,112,84,17,98,61,12,37,53,116"/><U44/><E70/><V63/><F0/><W85/><G112/><T132/><D132/><U73/><E121/><V114/><F105/><W59/><G116/><T128/><D128/><U39/><E129/><V83/><F122/><W96/><G37/><T56/><D75/><U119/><E80/><N who="2" m="30795" /><F71/><W16/><G34/><T31/><D47/><U110/><E44/><N who="2" m="27655" /><F114/><W30/><G30/><T107/><D107/><U69/><E69/><V72/><F72/><W126/><G126/><T32/><D92/><U134/><E99/><N who="3" m="37930" /><G106/><T102/><D102/><N who="3" m="38921" /><G17/><T9/><D56/><U91/><E91/><V127/><F127/><W33/><G33/><T10/><D4/><U104/><E104/><V55/><F27/><W14/><G14/><N who="0" m="7503" /><D32/><U35/><E35/><V89/><F15/><AGARI ba="0,0" hai="6,10,15,20,26,31,77,79,86,90,93" m="7503" machi="15" ten="30,1000,0" yaku="8,1" doraHai="130" who="0" fromWho="2" sc="204,10,204,0,204,-10,388,0" /><INIT seed="2,0,0,2,1,14" ten="214,204,194,388" oya="2" hai0="99,31,61,121,9,26,44,128,69,47,7,17,64" hai1="132,120,33,101,62,97,0,113,88,52,85,77,122" hai2="72,51,80,73,111,130,36,37,3,42,125,16,81" hai3="116,124,78,27,28,25,89,84,70,45,11,58,109"/><V21/><F3/><W2/><G116/><T34/><D121/><N who="1" m="46699" /><E113/><V134/><F134/><W75/><G70/><T49/><D128/><U39/><E0/><V108/><F130/><W23/><G109/><N who="2" m="42057" /><F51/><W53/><G124/><T24/><D99/><U56/><E33/><V129/><F129/><W67/><G75/><N who="2" m="28745" /><F125/><W1/><G78/><T94/><D94/><N who="1" m="54543" /><E77/><V57/><F57/><W131/><G58/><T5/><D47/><U127/><E127/><V10/><F10/><W91/><G11/><T123/><D123/><U87/><E39/><N who="2" m="14923" /><F42/><W15/><G2/><T54/><D9/><U105/><E87/><V60/><F60/><W46/><G84/><T50/><D49/><U55/><E132/><V98/><F98/><W110/><G110/><T106/><D50/><U19/><E55/><V35/><F35/><W48/><G1/><T68/><D54/><U114/><E114/><V96/><F96/><W6/><G53/><T92/><D34/><U135/><E135/><V82/><F82/><W20/><G48/><T112/><D112/><U63/><E62/><V13/><AGARI ba="0,0" hai="13,16,21,80,81" m="14923,28745,42057" machi="13" ten="40,12000,1" yaku="14,1,10,1,52,1,54,1" doraHai="14" who="2" fromWho="2" sc="214,-40,204,-40,194,120,388,-40" /><INIT seed="2,1,0,0,3,135" ten="174,164,314,348" oya="2" hai0="99,91,19,71,72,125,69,100,78,9,102,130,119" hai1="52,11,114,87,68,57,37,13,122,39,1,5,14" hai2="89,48,115,111,20,98,29,40,16,133,41,8,6" hai3="110,53,84,24,59,23,120,95,44,86,61,49,129"/><V101/><F115/><W62/><G120/><T81/><D130/><U88/><E68/><V38/><F38/><W113/><G110/><T77/><D119/><U43/><E114/><V27/><F111/><W106/><G106/><T132/><D132/><U121/><E1/><V116/><F116/><W64/><G113/><T118/><D118/><U82/><E14/><V63/><F133/><W26/><G129/><T103/><D78/><U128/><E128/><V127/><F127/><W123/><G123/><N who="1" m="47114" /><E43/><V80/><F63/><AGARI ba="1,0" hai="5,11,13,37,39,52,57,63,82,87,88" m="47114" machi="63" ten="30,3900,0" yaku="13,1,54,2" doraHai="135" who="1" fromWho="2" sc="174,0,164,42,314,-42,348,0" /><INIT seed="3,0,0,1,4,132" ten="174,206,272,348" oya="3" hai0="63,81,82,112,33,79,110,86,50,35,0,94,93" hai1="67,34,65,22,15,49,58,13,45,19,78,118,27" hai2="32,125,43,124,102,84,5,85,87,113,99,70,120" hai3="95,44,47,12,10,9,121,101,46,134,17,126,26"/><W23/><G126/><N who="2" m="48745" /><F113/><W76/><G121/><T37/><D37/><U114/><E114/><V62/><F120/><W36/><G134/><T1/><D112/><U104/><E104/><N who="2" m="63583" /><F32/><W8/><G36/><T80/><D110/><U73/><E118/><V111/><F111/><W131/><G131/><T41/><D35/><U71/><E71/><V92/><F43/><W20/><G76/><T29/><D29/><U90/><E78/><V74/><F74/><W28/><G95/><T39/><D33/><U7/><E73/><V88/><F5/><N who="3" m="3087" /><G101/><T64/><D39/><U57/><E7/><V61/><F61/><W91/><G91/><T38/><D38/><U52/><E90/><V72/><F72/><W127/><G127/><T75/><D0/><U116/><E116/><V14/><F14/><AGARI ba="0,0" hai="9,10,14,17,20,23,26,28,44,46,47" m="3087" machi="14" ten="30,1500,0" yaku="8,1" doraHai="132" who="3" fromWho="2" sc="174,0,206,0,272,-15,348,15" owari="174,-32.6,206,-19.4,257,5.7,363,46.3" /></mjloggm>