<mjloggm ver="2.3"><GO type="225" lobby="0"/><UN n0="%63%68%78%62%64" n1="%E8%B1%86%59%E5%A4%AA%E9%83%8E" n2="%E5%8F%AF%E5%85%90%E9%82%A3%E7%94%B1%E5%A4%9A" n3="%E3%81%82%E3%81%B9%E3%81%99%E3%81%91" dan="16,16,17,16" rate="2139.26,2005.89,2204.01,2071.72" sx="M,M,F,M"/><TAIKYOKU oya="0"/><INIT seed="0,0,0,3,5,113" ten="250,250,250,250" oya="0" hai0="45,130,132,65,32,106,8,31,30,108,2,4,23" hai1="115,75,73,40,97,90,86,25,117,98,52,12,118" hai2="57,67,44,15,46,126,47,27,103,81,38,77,87" hai3="33,135,14,114,26,50,35,29,28,63,93,124,92"/><T20/><D106/><U121/><E40/><V62/><F126/><W58/><G114/><T107/><D107/><U59/><E121/><V125/><F125/><W116/><G124/><T74/><D74/><U10/><E25/><V17/><F38/><W7/><G135/><T127/><D127/><U79/><E115/><V80/><F103/><W19/><G116/><T111/><D65/><U72/><E79/><V95/><F27/><W101/><G50/><T104/><D104/><U88/><E97/><V91/><REACH who="2" step="1"/><F77/><REACH who="2" ten="250,250,240,250" step="2"/><W48/><G26/><T39/><D132/><U133/><E98/><V36/><F36/><W69/><G101/><T66/><D130/><U64/><E64/><V102/><F102/><W0/><G35/><T85/><D66/><U131/><E131/><V99/><F99/><W60/><G33/><T70/><D70/><U94/><E90/><V129/><F129/><W43/><G69/><T55/><D32/><U100/><E100/><V6/><F6/><W5/><G7/><T41/><D85/><U22/><E133/><V112/><F112/><W1/><G5/><T54/><D31/><U68/><E68/><V3/><F3/><W120/><G1/><T37/><D37/><U109/><E75/><V123/><F123/><W61/><G0/><T78/><D78/><U21/><E73/><V119/><F119/><W34/><G120/><T56/><D30/><U84/><E86/><V105/><F105/><W51/><G29/><T9/><D4/><U96/><E72/><V42/><F42/><W18/><G28/><T24/><D2/><U16/><E117/><RYUUKYOKU ba="0,1" sc="250,-10,250,-10,240,30,250,-10" hai2="15,17,44,46,47,57,62,67,80,81,87,91,95" /><INIT seed="1,1,1,0,2,64" ten="240,240,270,240" oya="1" hai0="9,34,12,18,36,24,96,65,128,98,69,111,70" hai1="49,68,0,61,10,11,30,1,25,3,85,94,71" hai2="100,66,89,113,4,55,135,105,130,33,112,115,95" hai3="108,27,106,123,47,52,122,43,74,127,82,8,133"/><U109/><E61/><V92/><F33/><W21/><G106/><T110/><D36/><U41/><E109/><N who="0" m="41481" /><D65/><U80/><E94/><N who="2" m="35883" /><F66/><W91/><G108/><T56/><D56/><U26/><E49/><V79/><F4/><W42/><G127/><T119/><D128/><U102/><E41/><V75/><F55/><W126/><G126/><T63/><D63/><U31/><E102/><V62/><F62/><W103/><G43/><T129/><D129/><U120/><E120/><V73/><F130/><W88/><G42/><T76/><D76/><U118/><E118/><V17/><F17/><W99/><G123/><T58/><D58/><U2/><E2/><V97/><F135/><W16/><G133/><T81/><D81/><U51/><E51/><V60/><F60/><W77/><G122/><T29/><D119/><U67/><E67/><V53/><F53/><W37/><G37/><T39/><D39/><U83/><E0/><V84/><F79/><W117/><G117/><T23/><D34/><U50/><E50/><V86/><F89/><W121/><G121/><T78/><D78/><U5/><E85/><AGARI ba="1,1" hai="73,75,84,85,86,97,100,105,112,113,115" m="35883" machi="85" ten="40,5200,0" yaku="11,1,34,2" doraHai="64" who="2" fromWho="1" sc="240,0,240,-55,270,65,240,0" /><INIT seed="2,0,0,5,0,98" ten="240,185,335,240" oya="2" hai0="21,95,67,47,56,42,84,23,107,133,63,117,6" hai1="112,24,17,97,12,110,51,16,132,2,134,3,115" hai2="79,94,68,80,18,120,39,113,92,100,131,124,22" hai3="83,76,126,57,14,104,101,121,64,125,96,62,52"/><V108/><F39/><W32/><G32/><T128/><D128/><U77/><BYE who="0" /><E97/><V59/><F68/><W4/><G121/><UN n0="%63%68%78%62%64" /><T71/><D117/><U40/><E77/><V10/><F120/><W118/><G118/><T44/><D107/><U87/><E87/><V28/><F113/><N who="1" m="43593" /><E51/><V81/><F131/><W19/><G4/><T129/><D129/><U105/><E105/><V88/><F124/><N who="3" m="47723" /><G19/><T7/><D71/><U58/><E58/><V102/><F108/><W34/><G34/><T111/><D111/><U99/><E99/><N who="2" m="57735" /><F94/><W8/><G8/><T48/><D133/><N who="1" m="51307" /><E40/><V29/><F10/><W122/><G14/><T119/><D119/><U1/><E110/><V135/><F135/><W109/><G122/><T30/><D44/><U11/><E24/><N who="2" m="14423" /><F59/><W90/><G109/><T50/><D95/><U106/><E106/><V116/><F116/><W114/><G114/><T37/><D37/><U9/><E17/><V73/><F73/><N who="3" m="43407" /><G90/><T26/><D48/><U5/><AGARI ba="0,0" hai="1,2,3,5,9,11,12,16" m="51307,43593" machi="5" ten="40,8000,1" yaku="20,1,34,2,54,1" doraHai="98" who="1" fromWho="1" sc="240,-20,185,80,335,-40,240,-20" /><INIT seed="3,0,0,1,2,114" ten="220,265,295,220" oya="3" hai0="38,126,69,90,91,130,35,56,78,25,44,108,135" hai1="58,48,61,129,59,31,19,24,100,8,6,116,18" hai2="79,117,66,97,51,73,68,98,43,4,93,132,120" hai3="133,45,55,28,77,109,113,72,84,60,22,80,30"/><W102/><G113/><T12/><D69/><U128/><E116/><V29/><F117/><W76/><G133/><T94/><D108/><U118/><E100/><V89/><F132/><W13/><G109/><T53/><D135/><U103/><E103/><V101/><F120/><W49/><G102/><T39/><D130/><U21/><E118/><V64/><F4/><W7/><G60/><T23/><D126/><U95/><E95/><V52/><F43/><W33/><G33/><T121/><D121/><U40/><E40/><V67/><F29/><N who="3" m="11371" /><G72/><T57/><D78/><U50/><E59/><V75/><F68/><W124/><G124/><T5/><D35/><U47/><E47/><V42/><F42/><W34/><G34/><T123/><D123/><U54/><E19/><V32/><F32/><W26/><G26/><T96/><D39/><U83/><E83/><V1/><F1/><W3/><G3/><T0/><D0/><U74/><E74/><V36/><F36/><W9/><G22/><T16/><D38/><U62/><E62/><V20/><F20/><W15/><G15/><T85/><D5/><U125/><E31/><V106/><F79/><AGARI ba="0,0" hai="7,9,13,45,49,55,76,77,79,80,84" m="11371" machi="79" ten="30,1500,0" yaku="8,1" doraHai="114" who="3" fromWho="2" sc="220,0,265,0,295,-15,220,15" /><INIT seed="3,1,0,5,3,17" ten="220,265,280,235" oya="3" hai0="51,55,36,20,48,129,52,23,86,43,66,44,56" hai1="103,9,123,65,135,91,110,6,104,54,109,89,119" hai2="63,42,59,62,128,96,26,61,106,53,121,97,41" hai3="132,92,77,81,118,80,120,64,134,71,131,34,46"/><W3/><G34/><T95/><D129/><U32/><E123/><V70/><F128/><W108/><G131/><T84/><D66/><U116/><E32/><V112/><F112/><W101/><G120/><T19/><D19/><U76/><E65/><V0/><F0/><W16/><G118/><N who="1" m="45098" /><E54/><V85/><F121/><W5/><G5/><T27/><D27/><U125/><E135/><V28/><F70/><W83/><G3/><T133/><D133/><U87/><E9/><V38/><F38/><W39/><G64/><T73/><D73/><U21/><E21/><N who="0" m="8265" /><D36/><U90/><E6/><V22/><F106/><W100/><G71/><T130/><D130/><U37/><E37/><V57/><F85/><N who="0" m="32874" /><D95/><U113/><E113/><V93/><F93/><W58/><G92/><T75/><D75/><U107/><E125/><V127/><F127/><W114/><G114/><T105/><D105/><N who="1" m="40523" /><E103/><V15/><F26/><W124/><G124/><T8/><D8/><U1/><E1/><V88/><F22/><W79/><G39/><T98/><D98/><U49/><E49/><V102/><F97/><W4/><G134/><T67/><D67/><U122/><E122/><V69/><F96/><W12/><G132/><T94/><D94/><U30/><E30/><V50/><F28/><W45/><G16/><T72/><D72/><U10/><E10/><V74/><F74/><W40/><G101/><T82/><D82/><AGARI ba="1,0" hai="76,82,87,89,90,91,109,110" m="40523,45098" machi="82" ten="40,5200,0" yaku="12,1,34,2" doraHai="17" who="1" fromWho="0" sc="220,-55,265,55,280,0,235,0" owari="165,-33.5,320,42.0,280,8.0,235,-16.5" /></mjloggm>