<mjloggm ver="2.3"><GO type="225" lobby="0"/><UN n0="%72%61%6B%33" n1="%E6%A1%9C%E8%8A%B1%E9%96%83%E3%80%85" n2="%E5%8F%AF%E5%85%90%E9%82%A3%E7%94%B1%E5%A4%9A" n3="%4C%4F%4C%49%54%41" dan="17,16,16,16" rate="2165.62,2123.68,2184.40,2143.92" sx="M,M,F,F"/><TAIKYOKU oya="0"/><INIT seed="0,0,0,0,5,3" ten="250,250,250,250" oya="0" hai0="108,34,14,21,94,39,20,68,134,51,37,60,10" hai1="103,122,75,63,70,118,113,110,65,115,135,79,31" hai2="101,4,111,87,67,7,38,69,90,73,59,109,19" hai3="52,42,28,11,13,91,112,76,121,77,100,0,84"/><T48/><D34/><U25/><E118/><V17/><F73/><W44/><G112/><N who="1" m="43082" /><E110/><N who="2" m="41995" /><F38/><W41/><G0/><T55/><D108/><U35/><E103/><V26/><F69/><W105/><G121/><T5/><D134/><U131/><E131/><V23/><F101/><W88/><G28/><T6/><D94/><U126/><E126/><V99/><F99/><W83/><G100/><T61/><D14/><U24/><E24/><V80/><F19/><N who="3" m="8639" /><G105/><T86/><D10/><U27/><E27/><V129/><F129/><W132/><G132/><T49/><D86/><U106/><E135/><V74/><F74/><W98/><G91/><T117/><D55/><U130/><E130/><V8/><F8/><W62/><G98/><T128/><D128/><U56/><E122/><V116/><F116/><W96/><G96/><T64/><D117/><U53/><E106/><V92/><F92/><W102/><G102/><T16/><D61/><AGARI ba="0,0" hai="4,7,17,23,26,59,61,67,80,87,90" m="41995" machi="61" ten="30,3900,0" yaku="14,1,52,2" doraHai="3" who="2" fromWho="0" sc="250,-39,250,0,250,39,250,0" /><INIT seed="1,0,0,2,4,119" ten="211,250,289,250" oya="1" hai0="124,35,0,13,129,69,88,40,17,5,3,6,45" hai1="48,60,7,103,99,101,24,26,87,42,96,79,20" hai2="1,43,62,59,133,118,81,111,11,16,92,32,70" hai3="28,130,114,83,66,68,10,18,110,75,82,125,63"/><U126/><E126/><V4/><F118/><W93/><G114/><T72/><D69/><U97/><E7/><V73/><F111/><W34/><G75/><T94/><D124/><U61/><E48/><V104/><F104/><W55/><G125/><T25/><D72/><U91/><E42/><V86/><F133/><W38/><G38/><T102/><D102/><N who="1" m="38923" /><E79/><V46/><F32/><W131/><G110/><T14/><D129/><N who="3" m="49161" /><G93/><T132/><D132/><U9/><E9/><V128/><F128/><W50/><G28/><T76/><D76/><U115/><E115/><V52/><F70/><W39/><G34/><T2/><D25/><N who="1" m="9835" /><E20/><V56/><F73/><W95/><G95/><AGARI ba="0,0" hai="60,61,87,91,95,96,97,99" m="9835,38923" machi="95" ten="30,1500,0" yaku="8,1" doraHai="119" who="1" fromWho="3" sc="211,0,250,15,289,0,250,-15" /><INIT seed="1,1,0,4,2,93" ten="211,265,289,235" oya="1" hai0="115,4,38,20,129,41,33,70,3,73,125,21,78" hai1="55,84,62,110,56,71,68,131,32,123,99,8,75" hai2="81,96,51,120,36,14,15,90,66,35,128,63,27" hai3="49,57,119,86,83,1,16,5,92,12,127,29,58"/><U94/><E123/><V11/><F120/><W82/><G127/><T134/><RYUUKYOKU type="yao9" ba="1,0" sc="211,0,265,0,289,0,235,0" hai0="3,4,20,21,33,38,41,70,73,78,115,125,129,134" /><INIT seed="1,2,0,3,0,111" ten="211,265,289,235" oya="1" hai0="99,116,22,10,75,93,37,133,106,74,17,70,71" hai1="109,87,16,132,62,83,59,89,44,66,103,121,30" hai2="39,119,24,128,61,126,124,90,5,105,11,45,97" hai3="131,92,104,77,7,73,113,35,79,110,96,69,26"/><U18/><E121/><V72/><F119/><W102/><G110/><T63/><D116/><U88/><E109/><V28/><F72/><W82/><G69/><T80/><D133/><U36/><E132/><V112/><F128/><W15/><G131/><T65/><D37/><U78/><E103/><V27/><F61/><W114/><G79/><T19/><D106/><U68/><E68/><V4/><F112/><W130/><G130/><T76/><D71/><U95/><E30/><V118/><F118/><W23/><G35/><T13/><D74/><U8/><E8/><V94/><F105/><W48/><G48/><T42/><D42/><U49/><E36/><V3/><F4/><W135/><G135/><T2/><D2/><U98/><REACH who="1" step="1"/><E78/><REACH who="1" ten="211,255,289,235" step="2"/><V38/><F38/><W81/><G104/><T86/><D10/><U100/><E100/><V125/><F28/><W53/><G77/><T115/><D75/><U85/><E85/><V52/><F39/><W127/><G73/><T54/><D86/><U120/><E120/><V29/><F29/><W43/><G102/><T47/><D76/><U55/><AGARI ba="2,1" hai="16,18,44,49,55,59,62,66,83,87,88,89,95,98" machi="55" ten="20,18000,2" yaku="1,1,0,1,7,1,8,1,54,2,53,0" doraHai="111" doraHaiUra="25" who="1" fromWho="1" sc="211,-62,255,196,289,-62,235,-62" /><INIT seed="1,3,0,2,3,126" ten="149,451,227,173" oya="1" hai0="53,11,58,25,1,102,29,67,114,106,60,57,132" hai1="69,100,32,7,49,43,44,118,124,89,8,31,97" hai2="92,33,54,127,52,3,70,109,78,116,113,34,14" hai3="81,122,95,99,73,74,51,37,63,111,120,117,72"/><U13/><E118/><V36/><F14/><W115/><G37/><T119/><D119/><U123/><E123/><V48/><F92/><W86/><G117/><T128/><D114/><U104/><E124/><V91/><F91/><W45/><G63/><T27/><D132/><U112/><E69/><V21/><F21/><W64/><G64/><T47/><D47/><U98/><E112/><V77/><F48/><W76/><G115/><T38/><D38/><U93/><E31/><V87/><F87/><W6/><G6/><T131/><D1/><U107/><E32/><V108/><F116/><W41/><REACH who="3" step="1"/><G111/><REACH who="3" ten="149,451,227,163" step="2"/><T46/><D67/><U9/><E9/><V20/><F36/><W0/><G0/><T101/><D60/><U17/><E7/><V79/><F3/><W133/><G133/><T42/><D11/><U16/><E17/><V12/><F113/><W134/><G134/><T90/><D29/><U40/><E104/><V26/><F127/><W35/><G35/><T62/><D62/><U2/><E2/><V5/><F33/><W39/><G39/><T61/><D61/><U85/><E107/><V110/><F34/><W23/><G23/><T65/><D65/><U55/><E16/><N who="2" m="12551" /><F70/><W94/><G94/><T71/><D71/><U22/><E22/><V121/><F121/><W59/><G59/><T129/><D58/><U30/><E93/><V66/><F66/><W10/><G10/><AGARI ba="3,1" hai="5,10,12,52,54,77,78,79,108,109,110" m="12551" machi="10" ten="40,5200,0" yaku="14,1,54,2" doraHai="126" who="2" fromWho="3" sc="149,0,451,0,227,71,163,-61" /><INIT seed="2,0,0,3,4,46" ten="149,451,298,102" oya="2" hai0="8,97,58,28,87,77,103,31,56,70,128,49,95" hai1="36,131,13,106,73,3,29,50,130,80,129,72,104" hai2="5,69,76,6,64,68,17,63,43,78,37,55,109" hai3="66,81,34,118,112,88,39,33,132,108,19,26,101"/><V127/><F127/><W120/><G118/><T7/><D70/><U126/><E36/><V65/><F109/><W111/><G120/><T52/><D128/><U47/><E3/><V122/><F122/><W117/><G117/><T25/><D58/><U41/><E126/><V89/><F55/><W133/><G39/><T110/><D110/><N who="3" m="42025" /><G101/><T14/><D25/><U30/><E13/><V11/><F17/><W113/><G66/><T48/><D48/><U9/><E9/><V82/><F89/><W114/><G81/><AGARI ba="0,0" hai="7,8,14,28,31,49,52,56,77,81,87,95,97,103" machi="81" ten="40,5200,0" yaku="8,1,52,1,54,1" doraHai="46" who="0" fromWho="3" sc="149,52,451,0,298,0,102,-52" /><INIT seed="3,0,0,0,0,40" ten="201,451,298,50" oya="3" hai0="128,66,112,134,103,21,26,3,104,80,25,4,96" hai1="59,111,108,34,13,28,36,120,8,56,30,57,105" hai2="94,107,109,123,116,0,69,106,32,63,74,44,88" hai3="11,15,83,23,79,129,68,124,37,45,89,133,43"/><W131/><G68/><T50/><D128/><U100/><E36/><V91/><F116/><W87/><G124/><T86/><D134/><U75/><E75/><V99/><F74/><W72/><G133/><T53/><D112/><U2/><E2/><V71/><F0/><W60/><G23/><T10/><D66/><U118/><E34/><V49/><F32/><W92/><REACH who="3" step="1"/><G60/><REACH who="3" ten="201,451,298,40" step="2"/><T9/><D21/><U6/><E118/><V19/><F69/><W64/><G64/><T76/><REACH who="0" step="1"/><D10/><REACH who="0" ten="191,451,298,40" step="2"/><U98/><E8/><V16/><F71/><W35/><G35/><T48/><D48/><U102/><E30/><V24/><F49/><W18/><AGARI ba="0,2" hai="11,15,18,37,43,45,72,79,83,87,89,92,129,131" machi="18" ten="30,6000,0" yaku="1,1,0,1,52,1,53,0" doraHai="40" doraHaiUra="119" who="3" fromWho="3" sc="191,-20,451,-20,298,-20,40,80" /><INIT seed="3,1,0,0,1,80" ten="171,431,278,120" oya="3" hai0="120,31,89,47,113,46,79,40,127,135,60,82,17" hai1="42,23,61,118,73,125,104,12,117,115,110,69,70" hai2="78,65,94,108,101,102,86,130,95,91,43,5,74" hai3="77,45,25,1,66,34,49,121,131,52,33,4,24"/><W109/><G121/><T20/><D120/><U62/><E110/><V133/><F108/><W35/><G109/><T22/><D127/><U58/><E73/><V128/><F133/><W26/><G131/><N who="2" m="50217" /><F65/><W36/><G66/><T21/><D135/><U30/><E12/><V56/><F56/><W97/><G77/><T55/><D31/><U99/><E23/><V93/><F5/><W18/><G36/><T114/><D89/><U15/><E99/><V123/><F123/><W129/><G129/><T57/><D17/><U126/><E42/><V72/><F78/><W124/><G124/><T119/><D119/><U3/><E3/><V53/><F53/><W13/><G97/><T132/><D132/><U87/><E58/><V14/><F14/><W92/><G92/><N who="2" m="35433" /><F43/><W81/><G81/><T48/><REACH who="0" step="1"/><D46/><REACH who="0" ten="161,431,278,120" step="2"/><U100/><E125/><V103/><AGARI ba="1,1" hai="72,74,86,91,95,101,102,103" m="35433,50217" machi="103" ten="40,8000,1" yaku="19,1,34,2,52,1" doraHai="80" who="2" fromWho="2" sc="161,-21,431,-21,278,93,120,-41" owari="140,-26.0,410,51.0,371,17.1,79,-42.1" /></mjloggm>