<mjloggm ver="2.3"><GO type="225" lobby="0"/><UN n0="%E3%81%B5%E3%81%98%E3%81%8B%E3%81%A4" n1="%E5%8D%A0%E3%81%84%E5%B8%AB%E8%A3%8F%E3%81%AA%E3%81%84%E3%81%97" n2="%77%72%77%72%77%72%77%72" n3="%E3%83%8F%E3%82%AC%E3%82%BF%E3%82%AB%E3%81%AE%E3%81%88%E3%81%98%E3%81%8D" dan="16,16,17,16" rate="2182.21,2192.96,2252.16,2134.72" sx="M,M,M,M"/><TAIKYOKU oya="0"/><INIT seed="0,0,0,1,5,13" ten="250,250,250,250" oya="0" hai0="126,14,12,50,90,130,134,25,121,33,4,127,98" hai1="58,70,81,125,34,36,3,84,117,11,102,124,88" hai2="60,47,44,85,18,77,103,16,128,78,68,116,108" hai3="37,92,113,62,75,24,80,97,46,26,1,91,135"/><T8/><D121/><U9/><E117/><V76/><F116/><W114/><G1/><T95/><D134/><U51/><E70/><V40/><F108/><W29/><G135/><T64/><D130/><U110/><E36/><V38/><F128/><W55/><G24/><T73/><D73/><U82/><E110/><V79/><F103/><W32/><G37/><T42/><D64/><U43/><E34/><V133/><F133/><W30/><G30/><N who="0" m="19663" /><D42/><U104/><E3/><V101/><F101/><W21/><G32/><T69/><D50/><U27/><E27/><V72/><F72/><W48/><REACH who="3" step="1"/><G62/><REACH who="3" ten="250,250,250,240" step="2"/><T87/><D14/><U122/><E122/><V119/><F119/><W63/><G63/><T109/><D109/><U86/><E125/><N who="0" m="47625" /><D69/><U0/><E124/><V96/><F68/><W49/><G49/><T54/><D54/><U89/><E0/><V111/><F60/><W74/><G74/><T83/><D98/><U67/><E43/><V112/><F96/><W5/><G5/><T20/><D20/><U120/><E120/><V129/><F111/><W105/><G105/><T22/><D22/><U66/><E51/><V71/><F71/><W59/><G59/><T17/><D4/><U61/><E66/><V131/><F131/><W56/><G56/><T100/><D100/><U52/><E67/><V45/><F129/><W39/><G39/><T53/><D53/><U99/><AGARI ba="0,1" hai="9,11,52,58,61,81,82,84,86,88,89,99,102,104" machi="99" ten="30,7900,0" yaku="0,1,9,1,54,2" doraHai="13" who="1" fromWho="1" sc="250,-39,250,89,250,-20,240,-20" /><INIT seed="1,0,0,1,2,126" ten="211,339,230,220" oya="1" hai0="56,60,100,103,112,3,11,135,49,62,108,47,61" hai1="104,70,110,88,16,96,18,42,1,120,92,64,74" hai2="25,118,59,107,77,91,54,130,10,79,80,22,28" hai3="115,35,131,134,67,119,6,53,14,50,13,5,113"/><U128/><E120/><V78/><F130/><W71/><G35/><T17/><D108/><U0/><E74/><V83/><F118/><W129/><G119/><T109/><D109/><U37/><E110/><V99/><F10/><W36/><G36/><T69/><D69/><U26/><E128/><N who="3" m="49226" /><G67/><N who="0" m="39303" /><D3/><U58/><E70/><V19/><F28/><W114/><G71/><T98/><D112/><U33/><E104/><V122/><F122/><W39/><G39/><T30/><D30/><U93/><E33/><V7/><F7/><N who="3" m="2571" /><G134/><T81/><D135/><U73/><E37/><V12/><F107/><W2/><G2/><T24/><D17/><U106/><E106/><V87/><F99/><W41/><G41/><T43/><D98/><U40/><E40/><V95/><REACH who="2" step="1"/><F25/><REACH who="2" ten="211,339,220,220" step="2"/><W111/><G111/><T132/><D24/><U101/><E26/><V90/><F90/><W68/><G68/><T121/><D132/><U84/><E88/><V76/><N who="2" m="19456" /><DORA hai="102" /><V29/><F29/><W124/><G124/><T66/><D121/><U133/><E133/><V44/><F44/><AGARI ba="0,1" hai="13,14,44,50,53,113,114,115" m="2571,49226" machi="44" ten="40,8000,1" yaku="19,1,52,3" doraHai="126,102" who="3" fromWho="2" sc="211,0,339,0,220,-80,220,90" /><INIT seed="2,0,0,3,2,134" ten="211,339,140,310" oya="2" hai0="123,98,36,32,133,83,72,0,12,70,110,1,75" hai1="120,105,7,87,113,89,10,63,82,125,30,42,45" hai2="65,33,117,47,14,76,37,111,24,22,94,50,15" hai3="118,25,102,56,48,38,16,28,130,127,49,54,96"/><V85/><F117/><W122/><G118/><T80/><D12/><U35/><E113/><V91/><F33/><W92/><G122/><T129/><D98/><U18/><E105/><V5/><F37/><W40/><G130/><T66/><D133/><U99/><E120/><V126/><F65/><W104/><G38/><T61/><D129/><U4/><E125/><V39/><F39/><W26/><G127/><T53/><D123/><U103/><E35/><V55/><F126/><W86/><G28/><T3/><D110/><U27/><E30/><V20/><F111/><W101/><G101/><T108/><D108/><U74/><E74/><V124/><F124/><W71/><G71/><T43/><D53/><U135/><E63/><V60/><F5/><W90/><G40/><T52/><D52/><U19/><E27/><V17/><F76/><W84/><G49/><T23/><D23/><U116/><E116/><V11/><F60/><W57/><G57/><T81/><REACH who="0" step="1"/><D32/><REACH who="0" ten="201,339,140,310" step="2"/><U77/><E99/><V68/><F68/><W2/><G54/><T131/><D131/><U107/><E135/><V21/><REACH who="2" step="1"/><F15/><REACH who="2" ten="201,339,130,310" step="2"/><W132/><G132/><T58/><D58/><U100/><E4/><V64/><F64/><W6/><G56/><T67/><D67/><U128/><E7/><V62/><F62/><W79/><G6/><T34/><D34/><U59/><E59/><V78/><F78/><W93/><G79/><T119/><D119/><U69/><E77/><V88/><F88/><W97/><G90/><T13/><D13/><N who="1" m="7479" /><E89/><V73/><F73/><W46/><G26/><T109/><D109/><RYUUKYOKU ba="0,2" sc="201,15,339,-15,130,15,310,-15" hai0="0,1,3,36,43,61,66,70,72,75,80,81,83" hai2="11,14,17,20,21,22,24,47,50,55,85,91,94" /><INIT seed="2,1,2,4,3,97" ten="216,324,145,295" oya="2" hai0="75,84,20,85,24,78,11,35,79,69,61,62,86" hai1="93,89,47,90,108,12,123,32,36,126,38,115,131" hai2="2,117,134,73,98,9,114,81,43,49,39,23,72" hai3="100,68,6,133,101,41,94,91,83,27,53,127,74"/><V106/><F114/><W135/><G68/><T33/><D69/><U67/><E115/><V13/><F117/><W0/><G41/><T116/><D116/><U111/><E126/><V56/><F134/><N who="3" m="51211" /><G127/><T25/><D75/><U130/><E32/><V120/><F120/><W28/><G53/><T121/><D121/><U19/><E67/><V99/><F39/><N who="1" m="14889" /><E47/><V44/><F56/><W124/><G124/><T76/><D11/><N who="1" m="6559" /><E123/><V50/><F50/><W60/><G60/><N who="0" m="23147" /><D20/><U77/><E77/><V46/><F46/><W4/><G74/><T132/><D132/><U17/><E17/><V63/><F63/><W57/><G83/><T65/><D65/><U51/><E51/><V18/><F81/><W107/><G107/><T59/><D59/><U7/><E7/><N who="3" m="2602" /><G0/><T118/><D118/><U29/><E29/><V96/><F2/><W8/><G8/><T52/><D52/><U66/><E66/><V104/><REACH who="2" step="1"/><F9/><REACH who="2" ten="216,324,135,295" step="2"/><W48/><G57/><T31/><D31/><U125/><E125/><V64/><F64/><W105/><G48/><T112/><D112/><U80/><E80/><V42/><F42/><W21/><G105/><AGARI ba="1,3" hai="13,18,23,43,44,49,72,73,96,98,99,104,105,106" machi="105" ten="40,2000,0" yaku="1,1,53,0" doraHai="97" doraHaiUra="34" who="2" fromWho="3" sc="216,0,324,0,135,53,295,-23" /><INIT seed="2,2,0,0,2,29" ten="216,324,188,272" oya="2" hai0="15,4,96,11,26,56,88,81,90,68,41,115,97" hai1="110,78,101,133,42,51,127,87,85,48,12,5,47" hai2="59,89,2,58,119,120,69,22,20,13,37,99,67" hai3="108,106,25,109,33,21,28,49,117,77,135,132,7"/><V134/><F119/><W122/><G106/><T125/><D68/><U71/><E110/><N who="3" m="42602" /><G77/><T75/><D115/><U57/><E71/><V63/><F120/><W43/><G43/><T52/><D41/><U16/><E133/><N who="3" m="51274" /><G49/><N who="0" m="30735" /><D75/><U118/><E127/><V31/><F2/><W79/><G79/><T6/><D125/><U95/><E5/><V72/><F72/><W27/><G117/><T40/><D40/><U84/><E118/><V18/><F37/><W17/><G7/><T62/><D4/><U129/><E78/><V45/><F134/><W107/><G107/><T121/><D121/><AGARI ba="2,0" hai="17,21,25,27,28,33,121,122" m="51274,42602" machi="121" ten="30,8000,1" yaku="14,1,20,1,34,2,52,1" doraHai="29" who="3" fromWho="0" sc="216,-86,324,0,188,0,272,86" /><INIT seed="3,0,0,5,4,4" ten="130,324,188,358" oya="3" hai0="71,47,131,62,114,42,31,3,64,7,130,108,84" hai1="13,33,5,32,118,106,18,97,132,135,22,49,67" hai2="23,40,50,88,6,21,48,73,80,2,133,60,16" hai3="25,57,82,103,27,105,17,94,35,93,68,85,112"/><W91/><G112/><T28/><D84/><U92/><E106/><V129/><F129/><W59/><G68/><T100/><D114/><U96/><E96/><V124/><F133/><N who="1" m="51273" /><E67/><V55/><F124/><W54/><G105/><T9/><D31/><U37/><E37/><V75/><F2/><W41/><G41/><T56/><D100/><U43/><E49/><V63/><F6/><W66/><G35/><N who="1" m="13386" /><E43/><V134/><F134/><W10/><G66/><T8/><D108/><U61/><E61/><N who="2" m="23627" /><F73/><W11/><G59/><T76/><D76/><U0/><E92/><V81/><F75/><W128/><G57/><T44/><D28/><U110/><E97/><V86/><F23/><W38/><G54/><T77/><D77/><U116/><E110/><V123/><F123/><W111/><G93/><T26/><D26/><U14/><E0/><V1/><F1/><W117/><G38/><T51/><D71/><U120/><E120/><V15/><F40/><W39/><G111/><T102/><D102/><U126/><E126/><V119/><F48/><W45/><G103/><T115/><D115/><U69/><E69/><V70/><F70/><W29/><G39/><T79/><D79/><U46/><E46/><V95/><F80/><W89/><G45/><T74/><D74/><U90/><E90/><V36/><F36/><W53/><G91/><T101/><D101/><U113/><E113/><V104/><F81/><W34/><G82/><T24/><D24/><N who="3" m="9289" /><G89/><T83/><D83/><U58/><E58/><N who="2" m="33143" /><F104/><W107/><G107/><T30/><D30/><U99/><E99/><V127/><F88/><RYUUKYOKU ba="0,0" sc="130,-10,324,30,188,-10,358,-10" hai1="5,13,14,18,22,116,118" owari="120,-38.0,354,45.4,178,-22.2,348,14.8" /></mjloggm>