<mjloggm ver="2.3"><GO type="225" lobby="0"/><UN n0="%E8%BE%9B%E5%8F%A3%E3%82%AB%E3%83%AC%E3%83%BC%E3%83%A9%E3%82%A4%E3%82%B9" n1="%E8%A6%9A%E9%86%92%E3%81%97%E3%81%9F%E3%81%A8%E3%81%BE%E3%81%A8" n2="%E5%A4%96%E5%B7%9D%E7%AB%9C%E6%88%90" n3="%E3%83%AD%E3%83%83%E3%83%86%E9%9B%80%E7%90%83" dan="16,18,16,17" rate="2186.14,2198.90,2198.95,2260.52" sx="M,M,M,M"/><TAIKYOKU oya="0"/><INIT seed="0,0,0,0,2,89" ten="250,250,250,250" oya="0" hai0="55,35,66,47,21,72,74,119,58,64,128,40,34" hai1="83,106,6,39,67,44,86,43,112,69,27,23,29" hai2="28,127,104,12,82,111,115,91,3,20,105,65,70" hai3="11,1,75,54,2,118,62,15,95,120,90,131,84"/><T103/><D119/><U116/><E116/><V121/><F115/><W50/><G118/><T107/><D128/><U97/><E112/><V4/><F121/><W94/><G131/><T60/><D107/><U30/><E6/><V99/><F127/><W78/><G120/><T49/><D103/><U71/><E67/><V9/><F111/><W125/><G125/><T56/><D21/><U114/><E114/><V109/><F109/><W68/><G68/><T79/><D66/><U133/><E133/><V51/><F51/><W61/><G75/><T0/><D0/><U8/><E8/><V132/><F132/><W134/><G78/><T129/><D129/><U108/><E108/><V126/><F126/><W87/><G134/><T14/><D14/><U22/><E97/><V42/><F42/><W36/><G36/><T37/><REACH who="0" step="1"/><D79/><REACH who="0" ten="240,250,250,250" step="2"/><U45/><E106/><V38/><F65/><W26/><G1/><T80/><D80/><U123/><E123/><V135/><F82/><W85/><G2/><T18/><D18/><U63/><E22/><V59/><F105/><W48/><G26/><T5/><D5/><U93/><E23/><V33/><F104/><W81/><G81/><T16/><D16/><U96/><E27/><V46/><F3/><W31/><G15/><T100/><D100/><U25/><E25/><V110/><F12/><W32/><G11/><T101/><D101/><U7/><E7/><V24/><F4/><W52/><G31/><T73/><AGARI ba="0,1" hai="34,35,37,40,47,49,55,56,58,60,64,72,73,74" machi="73" ten="30,6000,0" yaku="1,1,0,1,53,1" doraHai="89" doraHaiUra="57" who="0" fromWho="0" sc="240,70,250,-20,250,-20,250,-20" /><INIT seed="0,1,0,5,0,79" ten="310,230,230,230" oya="0" hai0="130,35,54,98,1,85,7,53,47,94,13,103,97" hai1="108,113,62,111,23,6,121,21,135,127,30,63,11" hai2="100,50,109,105,83,40,66,123,133,37,27,22,110" hai3="117,29,76,92,101,124,73,128,119,86,20,52,129"/><T44/><D130/><N who="3" m="50281" /><G29/><T43/><D35/><U46/><E121/><V59/><F123/><W26/><G124/><T60/><D1/><U64/><E127/><V2/><F2/><W84/><G20/><T131/><D131/><U65/><E135/><V81/><F133/><W71/><G26/><T24/><D24/><U61/><E46/><N who="2" m="25927" /><F37/><W75/><G52/><N who="0" m="20075" /><D43/><U82/><E30/><V48/><F100/><W0/><G71/><T102/><D60/><U33/><E33/><V12/><F105/><W125/><G0/><T18/><D7/><U34/><E34/><V112/><F12/><W58/><G58/><T42/><D42/><U99/><E65/><V93/><F93/><W78/><G125/><T72/><D72/><N who="3" m="27721" /><G101/><T89/><D103/><U91/><E64/><V49/><F112/><W10/><G10/><N who="0" m="6455" /><D102/><U90/><E113/><V115/><F115/><W77/><G92/><T104/><D104/><U4/><E11/><V67/><F67/><W41/><G41/><T25/><D25/><U95/><E23/><V118/><F66/><W57/><G57/><T69/><D69/><U114/><E21/><V122/><F59/><W14/><G14/><T28/><D28/><U80/><E114/><V87/><F122/><W16/><G16/><T31/><D31/><U9/><E9/><V36/><F22/><W107/><G107/><T8/><D8/><U68/><E68/><V116/><F27/><W126/><G126/><T134/><D134/><U51/><E6/><V39/><F118/><AGARI ba="1,0" hai="76,77,78,84,86,117,118,119" m="27721,50281" machi="118" ten="40,8000,1" yaku="28,2,19,1,34,2" doraHai="79" who="3" fromWho="2" sc="310,0,230,0,230,-83,230,83" /><INIT seed="1,0,0,5,4,40" ten="310,230,147,313" oya="1" hai0="86,106,36,108,84,103,72,42,31,33,5,110,73" hai1="98,109,135,132,69,133,82,115,58,14,134,130,117" hai2="101,79,94,119,16,51,127,114,15,129,50,32,39" hai3="76,1,25,17,85,113,116,100,29,0,89,35,83"/><U71/><E117/><V96/><F119/><W20/><G113/><T47/><D5/><U87/><E115/><V104/><F114/><W74/><G100/><T64/><D64/><U38/><E130/><V23/><F127/><W112/><G112/><T111/><D33/><U99/><N who="1" m="33792" /><DORA hai="62" /><U91/><E38/><V75/><F129/><W52/><G116/><T67/><D31/><U48/><E109/><V61/><F39/><W6/><G6/><T120/><D120/><U70/><E14/><V56/><F32/><W19/><G52/><AGARI ba="0,0" hai="48,52,58,69,70,71,82,87,91,98,99" m="33792" machi="52" ten="80,7700,0" yaku="20,1,54,1" doraHai="40,62" who="1" fromWho="3" sc="310,0,230,77,147,0,313,-77" /><INIT seed="1,1,0,4,4,104" ten="310,307,147,236" oya="1" hai0="60,103,126,110,109,123,48,80,14,130,120,121,112" hai1="23,55,86,7,20,124,122,43,49,8,34,128,132" hai2="17,9,15,66,6,83,93,59,11,28,33,78,91" hai3="82,107,88,13,37,12,87,1,65,25,16,105,24"/><U30/><E122/><V135/><F135/><W102/><G1/><T0/><D0/><U74/><E74/><V134/><F134/><W84/><G37/><T97/><D112/><U81/><E132/><V26/><F66/><W116/><G116/><T63/><D126/><U56/><E124/><V32/><F59/><W76/><G65/><T75/><D130/><U108/><E128/><V31/><F93/><W52/><G12/><T39/><D39/><U57/><E108/><N who="0" m="41577" /><D48/><U96/><E43/><V67/><F67/><W68/><G68/><T27/><D27/><U125/><E125/><V3/><F91/><W115/><G115/><T69/><D14/><U38/><E38/><V5/><F83/><W101/><G107/><N who="0" m="63983" /><D69/><U21/><E34/><N who="2" m="13419" /><F78/><AGARI ba="1,0" hai="60,63,75,78,80,120,121,123" m="63983,41577" machi="78" ten="40,5200,0" yaku="13,1,14,1,52,1" doraHai="104" who="0" fromWho="2" sc="310,55,307,0,147,-55,236,0" /><INIT seed="2,0,0,0,1,99" ten="365,307,92,236" oya="2" hai0="121,7,8,31,0,43,81,49,55,97,1,36,3" hai1="110,64,117,77,93,116,12,100,129,126,26,84,22" hai2="135,123,132,2,57,23,13,69,61,19,44,30,51" hai3="88,52,133,25,119,118,128,47,106,73,67,39,131"/><V95/><F69/><W28/><G73/><T14/><D121/><U103/><E110/><V96/><F123/><W92/><G106/><T105/><D31/><U41/><E129/><N who="3" m="49738" /><G133/><T71/><D71/><U114/><E114/><V98/><F2/><W24/><G67/><T27/><D27/><N who="3" m="10313" /><G28/><T134/><D134/><U9/><E64/><V21/><F135/><W29/><G29/><T16/><D81/><U76/><E41/><V101/><F132/><W58/><G47/><T66/><D66/><U72/><E72/><V37/><F37/><W75/><G75/><T102/><D36/><U60/><E117/><V108/><F108/><W65/><G65/><T5/><REACH who="0" step="1"/><D43/><REACH who="0" ten="355,307,92,236" step="2"/><U90/><E116/><V70/><F70/><W50/><G39/><T54/><D54/><U20/><E60/><V122/><F122/><W34/><G34/><T83/><D83/><U109/><E26/><N who="2" m="16719" /><F98/><AGARI ba="0,1" hai="50,52,58,88,92,98,118,119" m="10313,49738" machi="98" ten="30,3900,0" yaku="19,1,54,2" doraHai="99" who="3" fromWho="2" sc="355,0,307,0,92,-39,236,49" /><INIT seed="3,0,0,1,5,84" ten="355,307,53,285" oya="3" hai0="9,44,61,116,130,3,36,133,37,62,45,55,25" hai1="51,124,74,63,20,8,68,35,13,56,128,73,86" hai2="134,5,131,28,104,42,82,98,6,48,90,65,12" hai3="53,29,23,120,40,132,72,7,70,57,96,108,125"/><W113/><G113/><T24/><D116/><U31/><E35/><V80/><F65/><W101/><G120/><T115/><D130/><U92/><E128/><V71/><F71/><W127/><G132/><T121/><D121/><U97/><E124/><N who="3" m="47690" /><G70/><T129/><D129/><U114/><E114/><V81/><F131/><W87/><G72/><T117/><D117/><U59/><E86/><V15/><F134/><W83/><G108/><T14/><D3/><U107/><E107/><V100/><F28/><W105/><G40/><T64/><D115/><U18/><E68/><V102/><F42/><W122/><G7/><T22/><D133/><U34/><E34/><V60/><F60/><N who="3" m="35887" /><G122/><T30/><D37/><U76/><E76/><V2/><F2/><W89/><G23/><N who="0" m="15647" /><D36/><U93/><E74/><V135/><F135/><W0/><G29/><N who="0" m="17591" /><D64/><U4/><E73/><V16/><F48/><W33/><G33/><T110/><D110/><U79/><E51/><V17/><F104/><W91/><G0/><T49/><D45/><U126/><E31/><V112/><F112/><W26/><G26/><T11/><D11/><U50/><E126/><V54/><F54/><W32/><G32/><T52/><D55/><U27/><E50/><V75/><F75/><W66/><G66/><T19/><AGARI ba="0,0" hai="9,14,19,44,49,52,61,62" m="17591,15647" machi="19" ten="30,2000,0" yaku="8,1,54,1" doraHai="84" who="0" fromWho="0" sc="355,20,307,-5,53,-5,285,-10" owari="375,47.5,302,10.2,48,-45.2,275,-12.5" /></mjloggm>