<mjloggm ver="2.3"><GO type="225" lobby="0"/><UN n0="%E3%81%A1%E3%82%85%E3%81%86%E3%81%A9%E3%81%8F%E8%B1%A1%E3%81%95%E3%82%93" n1="%E8%81%B7%E6%A5%AD%E3%80%81%E9%A2%A8%32" n2="%72%65%6E%6B%75%6E" n3="%E6%A1%9C%E8%8A%B1%E9%96%83%E3%80%85" dan="16,16,17,18" rate="2096.95,2099.55,2295.79,2275.88" sx="M,M,M,M"/><TAIKYOKU oya="0"/><INIT seed="0,0,0,0,3,81" ten="250,250,250,250" oya="0" hai0="91,38,18,119,123,69,5,64,51,98,1,16,104" hai1="80,129,122,100,84,120,70,31,112,57,71,116,52" hai2="131,36,78,74,115,96,113,89,11,40,34,76,26" hai3="127,99,25,118,2,85,48,35,68,66,58,101,82"/><T28/><D123/><U12/><E116/><V92/><F131/><W42/><G118/><T93/><D38/><U43/><E129/><V94/><F36/><W6/><G127/><T121/><D121/><U45/><E112/><V4/><F40/><W24/><G68/><T130/><D119/><U27/><E70/><V102/><F34/><W19/><G35/><T56/><D130/><U13/><E71/><V114/><F26/><W97/><G6/><T53/><D104/><U41/><E100/><V46/><F46/><W50/><G2/><T90/><D28/><U132/><E43/><V83/><F76/><W88/><G97/><T63/><REACH who="0" step="1"/><D90/><REACH who="0" ten="240,250,250,250" step="2"/><U0/><E122/><V22/><F22/><N who="3" m="13407" /><G25/><T65/><D65/><U7/><E120/><V33/><F33/><W39/><G39/><T126/><D126/><U128/><E128/><V61/><F113/><W110/><G42/><T67/><D67/><U134/><E27/><V60/><F114/><W14/><G66/><T72/><D72/><U77/><E31/><V125/><F125/><W10/><G88/><T73/><D73/><U106/><E106/><V23/><F23/><W3/><G101/><T109/><D109/><U86/><E41/><V124/><F124/><W9/><G110/><T103/><D103/><U79/><E79/><V15/><REACH who="2" step="1"/><F115/><REACH who="2" ten="240,250,240,250" step="2"/><W30/><G30/><T49/><D49/><U135/><E77/><V29/><F29/><W59/><G48/><T105/><D105/><U133/><E133/><V95/><F95/><W107/><G50/><T47/><D47/><U8/><E45/><V62/><F62/><RYUUKYOKU ba="0,2" sc="240,15,250,-15,240,15,250,-15" hai0="1,5,16,18,51,53,56,63,64,69,91,93,98" hai2="4,11,15,60,61,74,78,83,89,92,94,96,102" /><INIT seed="0,1,2,3,3,104" ten="255,235,255,235" oya="0" hai0="72,130,46,110,88,106,52,22,125,128,91,102,78" hai1="116,99,74,17,47,100,43,45,65,0,42,16,53" hai2="9,123,4,76,6,114,21,129,13,36,135,34,105" hai3="120,118,26,83,112,15,124,127,107,98,10,2,29"/><T119/><D119/><U85/><E0/><V23/><F105/><W96/><G118/><T68/><D68/><U77/><E116/><V90/><F36/><W113/><G83/><N who="0" m="45511" /><D22/><N who="2" m="8202" /><F90/><N who="0" m="34346" /><D125/><N who="3" m="48201" /><G2/><T5/><D5/><N who="2" m="2154" /><F76/><W79/><G79/><T3/><D3/><U69/><E74/><V37/><F37/><W134/><G134/><T20/><D20/><U82/><E69/><V35/><F114/><W101/><G98/><N who="0" m="61783" /><D46/><N who="1" m="17419" /><E53/><V59/><F135/><W103/><G103/><T31/><D31/><U40/><E65/><V19/><F59/><W75/><G75/><T30/><D30/><U111/><E111/><V84/><F84/><W92/><G29/><T67/><D67/><U95/><AGARI ba="1,2" hai="16,17,40,42,43,77,82,85,95,99,100" m="17419" machi="95" ten="30,2000,0" yaku="8,1,54,1" doraHai="104" who="1" fromWho="1" sc="255,-11,235,43,255,-6,235,-6" /><INIT seed="1,0,0,5,4,89" ten="244,278,249,229" oya="1" hai0="56,55,32,76,62,23,26,115,9,28,90,31,18" hai1="46,131,74,58,11,134,72,101,88,110,84,17,5" hai2="1,6,57,41,19,117,116,52,40,92,60,97,103" hai3="13,15,47,69,102,129,104,63,10,126,65,12,25"/><U80/><E131/><V106/><F106/><W3/><G129/><T36/><D115/><U111/><E134/><V37/><F19/><W66/><G126/><T114/><D114/><U21/><E101/><V22/><F22/><W107/><G66/><T35/><D36/><U95/><E58/><V27/><F27/><W82/><G82/><T85/><D76/><U8/><E46/><V59/><F37/><W119/><G119/><T113/><D113/><U135/><E135/><V98/><F116/><W30/><G47/><T105/><D105/><U108/><E80/><V38/><F38/><W64/><G64/><T7/><D32/><U43/><E43/><V45/><F117/><W53/><G53/><T130/><D35/><U0/><E11/><V67/><F45/><W42/><G42/><T68/><D68/><U87/><E87/><V2/><F97/><W75/><G75/><T123/><D123/><U54/><E54/><V100/><F100/><W49/><G49/><T118/><D130/><U79/><E79/><V77/><F77/><W81/><G81/><T94/><REACH who="0" step="1"/><D118/><REACH who="0" ten="234,278,249,229" step="2"/><U4/><REACH who="1" step="1"/><E5/><REACH who="1" ten="234,268,249,229" step="2"/><V71/><F71/><W93/><G69/><T109/><D109/><U61/><E61/><V122/><F122/><W20/><G63/><T14/><AGARI ba="0,2" hai="7,9,14,18,23,26,28,31,55,56,62,85,90,94" machi="14" ten="20,8000,1" yaku="1,1,0,1,7,1,8,1,52,1,53,0" doraHai="89" doraHaiUra="124" who="0" fromWho="0" sc="234,100,268,-40,249,-20,229,-20" /><INIT seed="2,0,0,3,0,10" ten="334,228,229,209" oya="2" hai0="52,54,100,99,65,57,7,33,105,134,61,104,3" hai1="12,83,107,75,25,13,39,108,128,117,82,119,37" hai2="106,118,24,18,64,132,77,133,45,103,20,130,87" hai3="94,66,84,5,76,86,38,123,34,125,23,56,69"/><V21/><F118/><N who="1" m="45065" /><E107/><V88/><F130/><W17/><G123/><T2/><D33/><U67/><E25/><V114/><F114/><W62/><G34/><T32/><D32/><U95/><E95/><V110/><F64/><W31/><G125/><T121/><D121/><U40/><E40/><V131/><F131/><W47/><G31/><T15/><D134/><N who="2" m="51818" /><F77/><W113/><G113/><T127/><D127/><U43/><E43/><V111/><F45/><W81/><G5/><T14/><D105/><U115/><E115/><V122/><F122/><W97/><G69/><T96/><D96/><U80/><E128/><V93/><F20/><W63/><G47/><T26/><D26/><U35/><E35/><V73/><F73/><W90/><G63/><T102/><D102/><U51/><E67/><V4/><F4/><W89/><G38/><N who="1" m="14346" /><E75/><V126/><F126/><W36/><G36/><T46/><D2/><U11/><E11/><V59/><F59/><W58/><G58/><T70/><D3/><U9/><E9/><V30/><F30/><W0/><G0/><T28/><D28/><U71/><E71/><V19/><F18/><W109/><G76/><T41/><D7/><U101/><E101/><V55/><F55/><N who="0" m="21034" /><D70/><U91/><E91/><V124/><F124/><W6/><G6/><T74/><D74/><U129/><E129/><V22/><F22/><W27/><G90/><T48/><D41/><U60/><E60/><V116/><F116/><W42/><G42/><T53/><D61/><U29/><E29/><V135/><N who="2" m="51826" /><V1/><DORA hai="120" /><F1/><W72/><G62/><RYUUKYOKU ba="0,0" sc="334,15,228,-15,229,15,209,-15" hai0="14,15,46,48,53,57,65,99,100,104" hai2="19,21,24,87,88,93,103,106,110,111" /><INIT seed="2,1,0,4,0,21" ten="349,213,244,194" oya="2" hai0="88,46,129,126,6,1,92,35,10,135,104,39,52" hai1="91,32,85,119,122,105,100,101,134,110,82,70,132" hai2="98,76,7,109,75,86,33,25,24,72,55,51,89" hai3="107,123,17,115,93,14,113,121,64,87,8,3,90"/><V114/><F114/><W38/><G38/><T61/><D104/><U73/><E32/><V99/><F33/><W96/><G3/><T65/><D126/><U16/><E70/><V131/><F72/><W97/><G64/><T111/><D111/><U67/><E67/><V62/><F109/><W127/><G127/><T59/><D135/><N who="1" m="51755" /><E110/><V30/><F30/><W57/><G57/><T58/><D129/><U116/><E122/><V50/><F7/><W112/><REACH who="3" step="1"/><G96/><REACH who="3" ten="349,213,244,184" step="2"/><N who="2" m="36905" /><F131/><W79/><G79/><T53/><D39/><U83/><E105/><V54/><F76/><W40/><G40/><T103/><D65/><U26/><E73/><V95/><F75/><W81/><G81/><T124/><D59/><U12/><E83/><V77/><F77/><W125/><G125/><T44/><D124/><U56/><E56/><N who="2" m="32855" /><F62/><W49/><G49/><T34/><D61/><U128/><E128/><V120/><F120/><W63/><G63/><T43/><D58/><AGARI ba="1,1" hai="24,25,51,55,58,86,89,95" m="32855,36905" machi="58" ten="30,5800,0" yaku="8,1,52,2" doraHai="21" who="2" fromWho="0" sc="349,-61,213,0,244,71,184,0" /><INIT seed="2,2,0,3,4,129" ten="288,213,315,184" oya="2" hai0="78,103,113,83,67,106,58,126,8,88,85,1,123" hai1="99,84,114,10,0,79,22,71,107,64,111,68,27" hai2="65,29,37,75,21,12,59,26,5,104,31,17,33" hai3="69,57,116,3,108,48,15,128,134,56,13,87,32"/><V120/><F37/><W36/><G116/><T127/><D123/><U102/><E111/><V14/><F75/><W94/><G36/><T60/><D113/><U97/><E114/><V135/><F104/><W63/><G3/><T51/><D51/><U132/><E132/><V131/><F120/><W70/><G32/><T90/><D106/><U76/><E64/><V45/><F45/><W39/><G39/><T133/><D103/><U117/><E117/><V18/><F131/><W109/><G128/><T82/><D133/><U2/><E84/><V35/><F65/><N who="3" m="39151" /><G134/><T95/><D90/><U96/><E102/><V119/><F59/><W28/><G28/><N who="2" m="10825" /><F119/><W100/><G87/><T25/><D25/><U24/><E107/><V118/><F118/><W53/><G70/><T34/><D34/><N who="2" m="12810" /><F135/><W50/><G50/><T30/><D30/><U130/><E130/><V66/><F66/><W93/><G69/><T38/><D38/><U81/><E99/><V11/><F18/><W101/><G101/><T46/><D46/><U92/><E68/><V41/><F41/><W122/><G122/><T55/><D67/><U52/><E71/><V125/><F125/><N who="0" m="47626" /><D78/><U49/><E79/><V91/><F91/><W72/><G100/><T80/><D80/><U47/><E81/><V110/><F110/><N who="3" m="42603" /><G72/><T74/><D74/><U61/><E49/><V6/><F6/><AGARI ba="2,0" hai="1,6,8,55,58,60,82,83,85,88,95" m="47626" machi="6" ten="30,2000,0" yaku="18,1,54,1" doraHai="129" who="0" fromWho="2" sc="288,26,213,0,315,-26,184,0" /><INIT seed="3,0,0,4,3,79" ten="314,213,289,184" oya="3" hai0="60,69,129,49,93,113,53,71,3,54,0,81,88" hai1="12,55,57,27,133,132,2,70,61,125,10,120,31" hai2="103,87,123,22,82,50,65,19,104,89,107,43,114" hai3="33,4,7,32,97,29,67,106,122,18,66,74,26"/><W76/><G122/><T44/><D81/><U13/><E120/><V124/><F114/><W25/><G106/><T109/><D113/><U68/><E125/><V105/><F123/><W34/><G97/><T98/><D109/><U127/><E127/><V37/><F124/><W121/><G121/><T28/><D28/><U24/><E2/><V135/><F135/><N who="1" m="51785" /><E24/><V11/><F65/><W84/><G74/><T63/><D129/><U80/><E80/><V14/><F37/><W64/><G18/><T90/><D90/><U56/><E57/><V40/><F50/><W116/><G116/><T95/><D95/><U41/><E41/><V102/><REACH who="2" step="1"/><F11/><REACH who="2" ten="314,213,279,184" step="2"/><W118/><G118/><T1/><REACH who="0" step="1"/><D54/><REACH who="0" ten="304,213,279,184" step="2"/><U48/><E55/><V78/><F78/><W86/><G76/><T39/><D39/><U92/><E48/><V94/><F94/><W77/><G77/><T91/><D91/><U59/><E92/><V15/><F15/><W96/><G96/><T73/><D73/><U83/><E13/><V110/><F110/><W42/><G42/><AGARI ba="0,2" hai="14,19,22,40,42,43,82,87,89,102,103,104,105,107" machi="42" ten="40,5200,0" yaku="1,1,52,1,53,1" doraHai="79" doraHaiUra="8" who="2" fromWho="3" sc="304,0,213,0,279,72,184,-52" owari="304,10.4,213,-18.7,351,45.1,132,-36.8" /></mjloggm>