<mjloggm ver="2.3"><GO type="225" lobby="0"/><UN n0="%E3%81%95%E3%81%8D%E3%81%9F%E3%81%BE%E6%9E%97%E6%AA%8E" n1="%70%6F%6B%6B%6F" n2="%E3%82%A8%E3%83%8D%E3%83%AB" n3="%E6%98%93%E5%88%A9%E8%96%A9%E4%BC%AF" dan="16,16,16,16" rate="2093.18,2136.57,2091.51,2142.54" sx="M,M,M,F"/><TAIKYOKU oya="0"/><INIT seed="0,0,0,1,4,19" ten="250,250,250,250" oya="0" hai0="97,43,79,65,64,124,122,50,128,23,109,76,55" hai1="59,33,24,31,135,51,108,72,102,27,90,75,54" hai2="81,132,115,32,78,68,107,38,91,92,49,46,120" hai3="67,45,47,53,6,11,40,118,26,112,37,80,48"/><T42/><D122/><U131/><E108/><V82/><F115/><W44/><G112/><T25/><D124/><U114/><E135/><V69/><F120/><W13/><G118/><T14/><D128/><U106/><E131/><V111/><F38/><W8/><G67/><N who="0" m="25675" /><D14/><U77/><E114/><V30/><F107/><W57/><G80/><T58/><D97/><U10/><E10/><V29/><F82/><W66/><G66/><T3/><D3/><U117/><E77/><N who="0" m="29769" /><D109/><U4/><E4/><V9/><F132/><W71/><G71/><T41/><D41/><U103/><E117/><V105/><F105/><W96/><G11/><T52/><D55/><U98/><E103/><V121/><F121/><W86/><G86/><T101/><D101/><U127/><E127/><V119/><F119/><W56/><G56/><T94/><D94/><U1/><E1/><V74/><F9/><W93/><REACH who="3" step="1"/><G26/><REACH who="3" ten="250,250,250,240" step="2"/><T113/><D113/><U88/><REACH who="1" step="1"/><E24/><REACH who="1" ten="250,240,250,240" step="2"/><N who="2" m="18471" /><F111/><W34/><G34/><T7/><D7/><U129/><E129/><V85/><F69/><W100/><AGARI ba="0,2" hai="6,8,13,37,40,44,45,47,48,53,57,93,96,100" machi="100" ten="20,5200,0" yaku="1,1,0,1,7,1,53,1" doraHai="19" doraHaiUra="36" who="3" fromWho="3" sc="250,-26,240,-13,250,-13,240,72" /><INIT seed="1,0,0,4,5,37" ten="224,227,237,312" oya="1" hai0="59,71,36,21,13,46,68,130,24,106,94,132,10" hai1="74,18,67,64,129,45,75,82,53,23,124,125,35" hai2="111,72,28,30,121,70,33,11,84,1,131,87,50" hai3="104,101,44,76,96,117,12,133,89,113,27,34,105"/><U5/><E35/><V120/><F70/><W107/><G113/><T110/><D106/><U16/><E5/><V85/><F72/><N who="1" m="27689" /><E82/><V42/><F131/><W20/><G76/><T6/><D130/><U135/><E129/><V83/><F83/><W52/><G133/><T15/><D132/><U100/><E100/><V98/><F98/><W77/><G77/><T40/><D15/><N who="1" m="9631" /><E18/><V22/><F33/><W60/><G117/><T80/><D80/><U63/><E135/><V25/><F30/><W29/><G12/><T114/><D114/><U19/><E19/><V56/><F1/><W31/><G89/><T2/><D2/><U91/><E91/><V102/><F102/><W92/><G31/><T47/><D6/><U8/><E8/><V93/><F93/><W57/><G34/><T81/><D10/><U86/><E86/><V134/><F134/><W78/><G78/><T0/><D0/><U61/><E53/><V55/><F11/><W95/><G95/><T49/><D94/><U119/><E119/><V58/><F28/><W4/><G4/><T73/><D73/><U112/><E112/><V127/><F87/><W118/><G118/><T38/><D81/><U7/><E7/><V17/><F85/><W3/><G3/><T116/><D116/><U88/><E88/><V48/><F84/><W62/><REACH who="3" step="1"/><G44/><REACH who="3" ten="224,227,237,302" step="2"/><T43/><D47/><U90/><E90/><V97/><F97/><W108/><G108/><T79/><D110/><U115/><E115/><V32/><F111/><W109/><G109/><T54/><D46/><U126/><E45/><N who="2" m="25655" /><F17/><W128/><G128/><RYUUKYOKU ba="0,1" sc="224,-15,227,15,237,-15,302,15" hai1="61,63,64,67,124,125,126" hai3="20,27,29,52,57,60,62,92,96,101,104,105,107" /><INIT seed="1,1,1,1,4,55" ten="209,242,222,317" oya="1" hai0="106,51,126,95,88,102,11,45,72,74,50,78,47" hai1="56,65,130,49,2,110,75,63,46,26,92,122,59" hai2="12,5,77,127,23,35,66,0,108,86,38,54,4" hai3="120,84,17,24,30,13,60,112,31,125,69,42,131"/><U52/><E130/><V82/><F35/><W19/><G112/><T116/><D116/><U87/><E122/><V53/><F0/><W21/><G120/><T36/><D36/><U7/><E75/><V85/><F38/><W114/><G114/><T124/><D102/><U33/><E110/><V8/><F5/><W132/><G42/><N who="0" m="24887" /><D106/><U68/><E2/><V93/><F127/><N who="0" m="48682" /><D78/><U91/><REACH who="1" step="1"/><E7/><REACH who="1" ten="209,232,222,317" step="2"/><V101/><F108/><W76/><G131/><T129/><D129/><U97/><E97/><V37/><F4/><W61/><G125/><T25/><D11/><U104/><E104/><V1/><F8/><W98/><G98/><N who="0" m="57703" /><D25/><U80/><E80/><V6/><F82/><W40/><G24/><T115/><D115/><U79/><E79/><V39/><F77/><W119/><G76/><T73/><D73/><U134/><E134/><V15/><F86/><W16/><G84/><T135/><D135/><U32/><E32/><V107/><F85/><W99/><G99/><T71/><D71/><U48/><E48/><V118/><F107/><W57/><G69/><T58/><D74/><U67/><E67/><V22/><F66/><W117/><G132/><T105/><D105/><U111/><E111/><V133/><F133/><W9/><G9/><T20/><D72/><U109/><E109/><V41/><F39/><W64/><G64/><T27/><D27/><U14/><E14/><V100/><F37/><W44/><G13/><T113/><D113/><U94/><E94/><V43/><F93/><W70/><G70/><T90/><D51/><U3/><E3/><V89/><F1/><RYUUKYOKU ba="1,2" sc="209,-10,232,30,222,-10,317,-10" hai1="26,33,46,49,52,56,59,63,65,68,87,91,92" /><INIT seed="1,2,2,2,4,78" ten="199,262,212,307" oya="1" hai0="31,1,95,117,0,2,53,37,72,23,18,68,28" hai1="60,29,34,27,24,75,16,91,118,22,11,10,19" hai2="134,21,17,121,103,30,98,92,109,44,5,42,13" hai3="112,76,26,100,97,62,32,104,135,96,48,94,45"/><U84/><E75/><V114/><F121/><W52/><G135/><T107/><D107/><U51/><E118/><V79/><F134/><W105/><G112/><T106/><D106/><U89/><E60/><V71/><F71/><W65/><G97/><T102/><D117/><U128/><E128/><V25/><F109/><W35/><G76/><T82/><D68/><U133/><E133/><V123/><F79/><W56/><G35/><T38/><D102/><U83/><E19/><V14/><F123/><W66/><G32/><T69/><D69/><U33/><E33/><V116/><F116/><W73/><G73/><T93/><D53/><U115/><E115/><V12/><F5/><W119/><G119/><T87/><D72/><U54/><REACH who="1" step="1"/><E91/><REACH who="1" ten="199,252,212,307" step="2"/><V43/><F114/><W7/><G7/><T67/><D18/><U85/><E85/><V122/><F122/><W9/><G62/><T50/><D87/><U77/><E77/><V61/><F61/><W49/><G100/><T3/><D67/><U6/><E6/><V20/><REACH who="2" step="1"/><F42/><REACH who="2" ten="199,252,202,307" step="2"/><W126/><G66/><T86/><D31/><U57/><AGARI ba="2,4" hai="10,11,16,22,24,27,29,34,51,54,57,83,84,89" machi="57" ten="20,12000,1" yaku="1,1,0,1,7,1,52,1,54,1,53,0" doraHai="78" doraHaiUra="40" who="1" fromWho="1" sc="199,-42,252,166,202,-42,307,-42" /><INIT seed="1,3,0,4,2,104" ten="157,418,160,265" oya="1" hai0="69,63,129,92,78,52,14,121,25,49,26,116,84" hai1="10,109,135,3,68,1,15,111,113,119,106,64,114" hai2="93,128,132,21,38,43,87,65,7,34,27,60,124" hai3="98,126,33,91,103,90,28,74,118,96,117,44,83"/><U94/><E106/><V11/><F132/><W122/><G33/><T72/><D116/><N who="3" m="44649" /><G28/><T0/><D0/><N who="1" m="75" /><E94/><V75/><F34/><W56/><G56/><T36/><D36/><U2/><E64/><V110/><F43/><W88/><G44/><T76/><D129/><U32/><E68/><V67/><F38/><W16/><G122/><T70/><D72/><U13/><E119/><V6/><F67/><W30/><G30/><T105/><D105/><U112/><E32/><V108/><F75/><W12/><G126/><T45/><D121/><U102/><E102/><V57/><F128/><W50/><G50/><T95/><D70/><U81/><E81/><V41/><F41/><W85/><G103/><T61/><D69/><U131/><E135/><V62/><F62/><N who="0" m="23562" /><D14/><N who="1" m="5131" /><E131/><V5/><F124/><W53/><G53/><T123/><D123/><U55/><E55/><V97/><F11/><N who="3" m="6175" /><G74/><T40/><D40/><U19/><E19/><V80/><F27/><N who="0" m="10250" /><D95/><U99/><E113/><V8/><F8/><W22/><G22/><T125/><D125/><U39/><E114/><V101/><REACH who="2" step="1"/><F21/><REACH who="2" ten="157,418,150,265" step="2"/><W134/><G134/><T82/><D92/><U66/><E10/><V35/><F35/><W31/><G31/><T86/><D82/><U127/><E127/><V46/><F46/><W17/><G17/><T23/><D23/><U89/><E112/><V120/><F120/><W9/><G9/><T20/><D20/><U37/><E39/><V4/><N who="2" m="1024" /><DORA hai="47" /><V54/><F54/><W115/><G115/><T133/><D133/><U79/><E37/><V100/><F100/><W59/><G59/><RYUUKYOKU ba="3,1" sc="157,10,418,-30,150,10,265,10" hai0="45,49,52,76,78,84,86" hai2="57,60,65,80,87,93,97,101,108,110" hai3="83,85,88,90,91,96,98" /><INIT seed="2,4,1,1,4,121" ten="167,388,160,275" oya="2" hai0="8,101,115,118,90,33,82,27,57,83,64,106,133" hai1="19,79,99,68,70,125,38,76,81,2,91,87,103" hai2="86,134,60,43,30,75,29,49,108,48,18,23,105" hai3="116,36,104,110,71,45,63,32,6,65,84,46,34"/><V78/><F75/><W126/><G116/><T1/><D115/><U42/><E2/><V96/><F134/><W112/><G84/><T58/><D106/><U17/><E125/><V124/><F124/><W5/><G5/><T128/><D101/><U120/><E120/><V93/><F105/><W123/><G46/><T73/><D73/><U56/><E56/><V94/><F60/><W41/><G126/><T119/><D133/><U14/><E19/><V59/><F108/><W35/><G123/><T61/><D128/><U98/><E98/><V97/><F43/><W89/><G112/><T62/><D90/><U111/><E111/><V74/><F74/><W26/><G89/><T107/><D107/><U54/><E54/><N who="2" m="32199" /><F49/><W7/><G7/><N who="0" m="1135" /><D33/><N who="3" m="12905" /><G6/><T77/><D27/><U117/><E117/><N who="0" m="44553" /><D77/><U95/><E79/><V80/><F97/><W135/><G104/><T50/><D50/><U85/><E76/><V15/><F94/><W129/><G135/><T72/><D72/><U25/><E87/><V0/><F0/><W11/><G129/><T3/><D3/><U109/><E109/><V21/><F21/><W88/><G110/><T40/><D40/><U127/><E127/><V113/><F113/><W12/><G88/><AGARI ba="4,1" hai="15,18,23,29,30,78,80,86,88,93,96" m="32199" machi="88" ten="30,2900,0" yaku="8,1,54,1" doraHai="121" who="2" fromWho="3" sc="167,0,388,0,160,51,275,-41" /><INIT seed="2,5,0,5,1,125" ten="167,388,211,234" oya="2" hai0="22,0,88,74,132,33,79,47,78,42,67,64,76" hai1="57,73,70,65,5,50,58,90,118,54,48,7,14" hai2="104,121,75,80,69,1,72,113,97,109,83,44,61" hai3="68,23,89,107,49,43,120,15,62,128,124,115,106"/><V52/><F113/><W102/><G115/><T135/><D33/><U40/><E73/><V82/><F121/><W119/><G120/><T27/><D74/><U37/><E118/><V87/><F1/><W9/><G119/><T63/><D0/><U16/><E90/><V127/><F87/><W77/><G77/><N who="0" m="19715" /><T25/><DORA hai="56" /><D47/><N who="1" m="25703" /><E37/><V116/><F116/><W20/><G124/><T101/><D101/><U126/><E70/><V4/><F4/><N who="1" m="1609" /><E65/><V112/><F127/><W105/><G102/><T123/><D42/><U129/><E129/><V98/><F112/><W130/><G89/><T93/><D67/><U34/><E34/><V45/><F104/><W92/><G92/><T117/><D117/><U8/><E126/><V103/><F75/><W10/><G10/><T81/><D81/><U26/><E26/><V6/><F72/><W71/><G9/><T29/><D27/><U2/><E2/><V99/><F103/><W131/><G15/><T60/><D64/><U66/><E66/><V41/><F69/><N who="3" m="26699" /><G62/><T18/><D123/><U17/><E17/><V21/><F6/><W134/><G134/><N who="0" m="51243" /><D18/><U36/><E16/><V95/><F95/><W53/><G43/><T114/><D114/><U86/><E14/><V85/><F41/><W13/><G13/><T28/><D28/><U108/><E8/><V19/><F19/><W133/><G133/><T30/><D30/><U55/><E86/><AGARI ba="5,0" hai="22,25,29,60,63,86,88,93" m="51243,19715" machi="86" ten="40,8000,1" yaku="20,1,52,2,54,1" doraHai="125,56" who="0" fromWho="1" sc="167,95,388,-95,211,0,234,0" /><INIT seed="3,0,0,0,2,91" ten="262,293,211,234" oya="3" hai0="21,0,64,6,129,38,115,45,110,11,5,24,12" hai1="81,1,67,47,48,111,71,89,118,74,119,112,43" hai2="70,83,68,39,97,31,32,14,117,92,104,66,15" hai3="35,28,106,69,26,109,36,4,95,55,3,133,90"/><W58/><G69/><T25/><D64/><U16/><E1/><V135/><F117/><N who="1" m="44553" /><E111/><V41/><F104/><W93/><G106/><T17/><D45/><U100/><E112/><V8/><F83/><W108/><G36/><T20/><D38/><U63/><E100/><V56/><F135/><W79/><G133/><T13/><D110/><N who="3" m="42601" /><G79/><T60/><D60/><U76/><E89/><V84/><F84/><W50/><G90/><T78/><D78/><U101/><E101/><N who="2" m="60583" /><F41/><W10/><AGARI ba="0,0" hai="3,4,10,26,28,35,50,55,58,93,95" m="42601" machi="10" ten="30,11700,0" yaku="14,1,10,1,52,2" doraHai="91" who="3" fromWho="3" sc="262,-39,293,-39,211,-39,234,117" owari="223,-17.7,254,5.4,172,-32.8,351,45.1" /></mjloggm>