<mjloggm ver="2.3"><GO type="225" lobby="0"/><UN n0="%72%65%6E%6B%75%6E" n1="%E3%81%A1%E3%82%85%E3%81%86%E3%81%A9%E3%81%8F%E8%B1%A1%E3%81%95%E3%82%93" n2="%E3%81%95%E3%81%8D%E3%81%9F%E3%81%BE%E6%9E%97%E6%AA%8E" n3="%E6%A1%9C%E8%8A%B1%E9%96%83%E3%80%85" dan="17,17,16,17" rate="2247.78,2191.82,2161.02,2185.92" sx="M,M,M,M"/><TAIKYOKU oya="0"/><INIT seed="0,0,0,1,3,69" ten="250,250,250,250" oya="0" hai0="60,64,66,41,84,35,38,118,115,131,49,98,1" hai1="135,25,56,20,127,24,47,31,88,67,36,101,40" hai2="55,70,62,95,2,9,16,90,18,132,91,111,128" hai3="89,96,122,46,129,114,44,94,27,71,19,85,39"/><T23/><D35/><U50/><E135/><V124/><F111/><W86/><G114/><T45/><D118/><U10/><E127/><V119/><F128/><W68/><G129/><T17/><D115/><U102/><E10/><V97/><F132/><W13/><G122/><T108/><D131/><U106/><E106/><V65/><F124/><W33/><G71/><T8/><D108/><U30/><E88/><V99/><F119/><W5/><G68/><T63/><D84/><U82/><E82/><V121/><F121/><W104/><G5/><T109/><D98/><U87/><E87/><V0/><F55/><W123/><G46/><T4/><D49/><U79/><E79/><V26/><F26/><W48/><G39/><T15/><REACH who="0" step="1"/><D109/><REACH who="0" ten="240,250,250,250" step="2"/><U74/><E74/><V93/><F2/><W3/><G3/><T61/><AGARI ba="0,1" hai="1,4,8,15,17,23,38,41,45,60,61,63,64,66" machi="61" ten="30,11700,0" yaku="1,1,2,1,0,1,52,1,53,0" doraHai="69" doraHaiUra="77" who="0" fromWho="0" sc="240,127,250,-39,250,-39,250,-39" /><INIT seed="0,1,0,2,4,100" ten="367,211,211,211" oya="0" hai0="68,21,56,73,133,64,47,122,13,55,61,105,88" hai1="78,33,135,125,9,42,58,82,109,106,80,22,0" hai2="4,51,26,66,45,70,126,93,69,97,14,52,111" hai3="117,53,72,71,113,15,123,35,129,57,34,108,31"/><T134/><D73/><U41/><E33/><V18/><F111/><W3/><RYUUKYOKU type="yao9" ba="1,0" sc="367,0,211,0,211,0,211,0" hai3="3,15,31,34,35,53,57,71,72,108,113,117,123,129" /><INIT seed="0,2,0,0,1,22" ten="367,211,211,211" oya="0" hai0="62,19,77,129,133,111,33,56,121,18,115,50,81" hai1="128,127,63,112,48,44,104,8,109,21,54,55,49" hai2="119,126,42,47,83,103,24,66,97,106,67,23,95" hai3="38,74,86,90,105,130,99,89,117,27,79,101,7"/><T32/><D115/><U28/><E104/><V84/><F126/><W68/><G68/><T58/><D121/><U73/><E73/><V135/><F135/><W93/><G38/><T10/><D133/><U35/><E35/><V125/><F125/><W107/><G7/><T122/><D122/><U59/><E127/><V82/><F119/><W29/><G117/><T131/><D50/><U123/><E123/><V76/><F106/><N who="3" m="40459" /><G27/><T34/><D111/><U13/><E112/><V15/><F15/><W102/><G29/><T53/><D58/><U94/><E109/><V31/><REACH who="2" step="1"/><F83/><REACH who="2" ten="367,211,201,211" step="2"/><N who="3" m="45559" /><G130/><N who="0" m="49675" /><D10/><U120/><E128/><V6/><F6/><W113/><G113/><T69/><D69/><U40/><E120/><V124/><F124/><W0/><G0/><T118/><D118/><U85/><E8/><V25/><F25/><W71/><G71/><T65/><D65/><U4/><E4/><V26/><F26/><W30/><G30/><T80/><D80/><AGARI ba="2,1" hai="80,86,89,90,93,99,101,102" m="45559,40459" machi="80" ten="30,8000,1" yaku="35,5" doraHai="22" who="3" fromWho="0" sc="367,-86,211,0,201,0,211,96" /><INIT seed="1,0,0,2,5,27" ten="281,211,201,307" oya="1" hai0="122,72,63,12,107,125,67,129,85,126,6,55,54" hai1="118,115,62,9,41,91,53,59,20,105,127,0,113" hai2="57,121,30,56,47,35,135,7,133,117,25,109,108" hai3="22,120,40,23,21,32,60,100,5,66,37,114,58"/><U36/><E118/><V132/><F121/><W34/><G120/><T104/><D72/><U70/><E105/><N who="0" m="40521" /><D122/><U33/><E33/><V45/><F7/><W14/><G114/><T131/><D85/><U99/><E127/><N who="0" m="48649" /><D6/><U50/><E20/><V80/><F80/><W124/><G100/><T112/><D12/><U90/><E9/><V77/><F77/><W28/><G124/><T130/><D112/><N who="1" m="43083" /><E0/><V74/><F74/><W134/><G14/><T49/><D49/><U38/><E99/><V65/><F117/><W110/><G5/><T79/><D79/><U43/><E90/><V89/><F89/><W64/><G32/><T11/><D11/><U101/><E91/><V29/><F35/><W76/><G22/><T87/><D87/><U19/><E19/><V2/><F2/><W82/><G21/><T102/><D102/><U44/><E101/><V106/><F106/><W75/><G23/><T119/><D119/><U3/><E3/><V103/><F103/><W8/><G8/><T96/><D96/><U24/><E24/><V69/><F69/><AGARI ba="0,0" hai="54,55,63,67,69,129,130,131" m="48649,40521" machi="69" ten="40,2600,0" yaku="19,1,18,1" doraHai="27" who="0" fromWho="2" sc="281,26,211,0,201,-26,307,0" /><INIT seed="2,0,0,4,4,21" ten="307,211,175,307" oya="2" hai0="116,6,92,103,88,9,4,72,0,71,77,31,49" hai1="35,78,69,32,65,23,46,73,64,134,106,38,80" hai2="14,54,51,2,33,112,132,11,57,100,62,26,101" hai3="66,59,8,29,118,115,1,120,85,63,15,82,36"/><V84/><F112/><W109/><G118/><T135/><D116/><U53/><E134/><V108/><F132/><W3/><G120/><T111/><D135/><U105/><E23/><V117/><F117/><W42/><G115/><T50/><D71/><U133/><E133/><V45/><F2/><W93/><G109/><T126/><D111/><U107/><E64/><V124/><F124/><W97/><G29/><T17/><D31/><U128/><E53/><V99/><F108/><W114/><G36/><T74/><D103/><U19/><E19/><V113/><F113/><W95/><G42/><T96/><D126/><U58/><E58/><V110/><F110/><W129/><G95/><T39/><D39/><U94/><E94/><V130/><F130/><W24/><G24/><T30/><D30/><U68/><E128/><V76/><F33/><N who="1" m="12873" /><E65/><N who="2" m="39119" /><F26/><W56/><G56/><T86/><D17/><U60/><E60/><V43/><F54/><W123/><G129/><T122/><D4/><U121/><E121/><V87/><F99/><W67/><G67/><T37/><D37/><U119/><E119/><V61/><F61/><W13/><G123/><T10/><D10/><U7/><E7/><N who="2" m="3455" /><F87/><W25/><G114/><T22/><D22/><U12/><E12/><N who="3" m="4682" /><G8/><T102/><D122/><U27/><E27/><V28/><F28/><W79/><G25/><T75/><REACH who="0" step="1"/><D77/><REACH who="0" ten="297,211,175,307" step="2"/><U41/><AGARI ba="0,1" hai="38,41,46,68,69,73,78,80,105,106,107" m="12873" machi="41" ten="40,2700,0" yaku="33,2" doraHai="21" who="1" fromWho="1" sc="297,-7,211,37,175,-13,307,-7" /><INIT seed="3,0,0,2,2,3" ten="290,248,162,300" oya="3" hai0="84,120,1,121,112,12,7,34,61,10,100,49,22" hai1="78,31,42,92,9,99,55,133,122,125,117,70,46" hai2="105,114,98,86,59,5,18,111,108,123,51,73,127" hai3="68,60,118,94,87,15,58,88,32,65,38,47,11"/><W52/><G118/><T35/><D100/><U24/><E122/><N who="0" m="47209" /><D61/><U102/><E70/><V67/><F114/><W75/><G32/><N who="0" m="12331" /><D84/><U124/><E133/><V30/><F123/><W69/><G75/><T76/><D49/><U8/><E55/><N who="2" m="32255" /><F73/><W129/><G129/><T89/><D89/><U71/><E71/><V104/><F127/><N who="1" m="48713" /><E78/><V93/><F86/><W74/><G74/><T66/><D66/><U28/><E28/><V0/><F30/><W134/><G134/><T2/><D76/><U56/><E56/><V43/><F43/><W80/><G80/><T128/><D128/><U40/><E40/><V25/><F67/><W21/><G21/><T110/><D110/><N who="2" m="42026" /><F18/><W90/><G90/><T27/><D112/><U63/><E31/><AGARI ba="0,0" hai="1,2,7,10,12,22,27,31" m="12331,47209" machi="31" ten="30,3900,0" yaku="34,2,52,1" doraHai="3" who="0" fromWho="1" sc="290,39,248,-39,162,0,300,0" owari="329,42.9,209,-19.1,162,-33.8,300,10.0" /></mjloggm>