<mjloggm ver="2.3"><GO type="225" lobby="0"/><UN n0="%E3%81%BF%E3%81%BF%E3%81%9A" n1="%E3%81%82%E3%81%99%E3%81%AB%E3%82%83%E3%82%80" n2="%E6%A1%9C%E8%8A%B1%E9%96%83%E3%80%85" n3="%E6%B8%A9%E2%98%85%E6%83%85%E2%98%85%E6%8E%AA%E2%98%85%E7%BD%AE" dan="17,16,16,18" rate="2258.77,2118.00,2128.09,2273.22" sx="M,F,M,M"/><TAIKYOKU oya="0"/><INIT seed="0,0,0,0,2,60" ten="250,250,250,250" oya="0" hai0="13,69,9,76,77,87,131,108,113,51,115,86,55" hai1="118,92,88,109,36,112,135,91,90,47,21,97,5" hai2="12,42,52,83,64,19,10,2,129,20,65,117,28" hai3="50,30,58,74,80,89,128,102,32,123,96,8,3"/><T101/><D101/><U93/><E118/><V107/><F117/><W56/><G128/><T116/><D116/><U71/><E109/><V130/><F107/><W33/><G123/><T44/><D69/><U43/><E71/><V31/><F42/><W41/><G3/><T0/><D0/><U98/><E135/><V45/><F83/><W105/><G8/><T106/><D106/><U66/><E112/><V27/><F31/><W24/><G33/><T23/><D131/><N who="2" m="50186" /><F2/><W70/><G70/><T133/><D133/><U26/><E5/><V25/><F25/><W121/><G121/><T99/><D99/><U16/><REACH who="1" step="1"/><E66/><REACH who="1" ten="250,240,250,250" step="2"/><V46/><F46/><W38/><G38/><T110/><D113/><U126/><E126/><V54/><F54/><W48/><G41/><T85/><D115/><U57/><E57/><V61/><F45/><W7/><G7/><T62/><D110/><U4/><E4/><V59/><AGARI ba="0,1" hai="10,12,19,20,27,28,52,59,61,64,65" m="50186" machi="59" ten="30,7900,0" yaku="19,1,52,2,54,1" doraHai="60" who="2" fromWho="2" sc="250,-39,240,-20,250,89,250,-20" /><INIT seed="1,0,0,2,1,49" ten="211,220,339,230" oya="1" hai0="31,2,102,77,22,37,64,23,132,39,134,54,53" hai1="30,107,84,75,99,103,74,98,83,126,108,96,135" hai2="128,123,15,25,72,57,47,69,121,118,116,130,125" hai3="65,51,81,44,92,42,38,24,78,9,122,63,79"/><U119/><E30/><V115/><F72/><N who="1" m="27689" /><E119/><N who="2" m="45611" /><F15/><W7/><G122/><N who="2" m="46601" /><F25/><W85/><G79/><T131/><D77/><N who="1" m="46191" /><E135/><N who="0" m="51753" /><D131/><N who="2" m="50218" /><F69/><W117/><G117/><T105/><D2/><U50/><E50/><V20/><F20/><N who="0" m="7722" /><D31/><U45/><E45/><V73/><F73/><W33/><G24/><T104/><D64/><U35/><E35/><V66/><F125/><W0/><G33/><T19/><D19/><U21/><E21/><V101/><F101/><W13/><G0/><T95/><D95/><N who="1" m="58783" /><E126/><V60/><F47/><W94/><REACH who="3" step="1"/><G38/><REACH who="3" ten="211,220,339,220" step="2"/><N who="0" m="14347" /><D102/><N who="1" m="62935" /><E108/><V1/><F1/><W120/><G120/><T87/><D87/><U82/><E99/><V68/><F68/><AGARI ba="0,1" hai="7,9,13,42,44,51,63,65,68,78,81,85,92,94" machi="68" ten="30,7700,0" yaku="1,1,7,1,25,2,53,0" doraHai="49" doraHaiUra="29" who="3" fromWho="2" sc="211,0,220,0,339,-77,220,87" /><INIT seed="2,0,0,4,4,131" ten="211,220,262,307" oya="2" hai0="36,111,121,10,124,135,2,102,48,54,105,52,41" hai1="8,63,71,39,7,69,0,23,134,106,57,90,113" hai2="98,60,79,22,97,1,37,78,81,29,132,119,6" hai3="58,40,66,35,46,43,45,61,30,51,108,91,53"/><V17/><F119/><W13/><G108/><T128/><D121/><U49/><E39/><V50/><F37/><W116/><G116/><T100/><D128/><U20/><E113/><V122/><F122/><W65/><G35/><T83/><D111/><U133/><E106/><V120/><F120/><W3/><G3/><T123/><D123/><U67/><E90/><V44/><F29/><W92/><G30/><T55/><D124/><U18/><E49/><V4/><F60/><W94/><G94/><T95/><D105/><U99/><E99/><N who="2" m="37899" /><F132/><N who="1" m="50793" /><E20/><V34/><F34/><W85/><G13/><AGARI ba="0,0" hai="0,7,8,13,18,23,57,63,67,69,71" m="50793" machi="13" ten="30,7700,0" yaku="20,1,52,3" doraHai="131" who="1" fromWho="3" sc="211,0,220,77,262,0,307,-77" /><INIT seed="3,0,0,2,5,112" ten="211,297,262,230" oya="3" hai0="121,50,7,5,59,120,4,87,21,118,56,0,52" hai1="108,86,90,102,36,17,33,65,127,31,135,44,105" hai2="76,1,81,8,114,40,13,101,2,69,61,64,6" hai3="34,130,72,66,75,70,42,103,126,85,84,119,116"/><W74/><G34/><T38/><D0/><U78/><E108/><V128/><F114/><W27/><G42/><T68/><D68/><U117/><E117/><N who="3" m="45130" /><G27/><T55/><D118/><U92/><E135/><V20/><F128/><W63/><G63/><T48/><D38/><U80/><E127/><V99/><F40/><W32/><G66/><T57/><D87/><N who="3" m="33353" /><G32/><T115/><D115/><U91/><E65/><V122/><F20/><W82/><G70/><T28/><REACH who="0" step="1"/><D57/><REACH who="0" ten="201,297,262,230" step="2"/><U89/><E36/><V107/><F122/><W39/><G39/><T12/><D12/><U19/><E86/><AGARI ba="0,1" hai="1,2,6,8,13,61,64,69,76,81,86,99,101,107" machi="86" ten="30,1000,0" yaku="7,1" doraHai="112" who="2" fromWho="1" sc="201,0,297,-10,262,20,230,0" /><INIT seed="4,0,0,3,1,77" ten="201,287,282,230" oya="0" hai0="95,128,46,103,98,20,75,2,66,9,40,123,55" hai1="13,36,90,30,113,81,91,89,14,109,8,61,132" hai2="96,102,105,85,54,131,111,108,17,97,76,53,80" hai3="29,104,112,28,35,114,107,60,124,23,115,33,25"/><T15/><D123/><U72/><E109/><V32/><F32/><N who="3" m="12363" /><G124/><T24/><D128/><U99/><E36/><V3/><F131/><W88/><G60/><T86/><D75/><U39/><E39/><V87/><F3/><W5/><G5/><T73/><D73/><U69/><E132/><V116/><F116/><W47/><G47/><T18/><D2/><U59/><E69/><V130/><F130/><W11/><G11/><T100/><D66/><U26/><E72/><V56/><F96/><W52/><G52/><T41/><D100/><U67/><E113/><V62/><F87/><W92/><G29/><T68/><D68/><U118/><E99/><AGARI ba="0,0" hai="23,25,28,88,92,99,104,107,112,114,115" m="12363" machi="99" ten="40,2600,0" yaku="15,1,54,1" doraHai="77" who="3" fromWho="1" sc="201,0,287,-26,282,0,230,26" /><INIT seed="5,0,0,3,4,103" ten="201,261,282,256" oya="1" hai0="93,10,99,16,2,38,90,32,118,82,6,132,80" hai1="35,31,114,67,115,104,91,108,73,76,26,86,13" hai2="120,22,23,130,46,121,68,127,87,8,48,126,133" hai3="11,75,41,62,49,4,5,29,54,97,110,52,61"/><U24/><E108/><V9/><F68/><W7/><G75/><T51/><D118/><U70/><E24/><V69/><F69/><W81/><G110/><T42/><D132/><U28/><E28/><V3/><F87/><W59/><G29/><T79/><D32/><U20/><E76/><V18/><F133/><W15/><G81/><T34/><D34/><U56/><E73/><V64/><F64/><W78/><G78/><T19/><D51/><U85/><E85/><V125/><F130/><W135/><G135/><T44/><REACH who="0" step="1"/><D82/><REACH who="0" ten="191,261,282,256" step="2"/><U94/><E35/><V129/><F129/><W101/><G62/><T57/><D57/><U53/><E56/><V98/><F48/><W33/><G33/><T88/><D88/><U116/><E70/><V39/><F126/><W71/><G71/><T1/><D1/><U43/><E116/><V123/><F3/><W63/><G63/><T112/><D112/><U0/><E0/><V21/><F127/><W96/><G41/><T60/><D60/><U30/><E43/><N who="2" m="22911" /><F125/><W65/><G65/><T128/><D128/><U84/><E67/><V134/><F134/><W12/><G61/><T124/><D124/><U83/><E53/><V109/><F109/><W77/><G54/><T27/><D27/><U106/><E114/><V66/><F66/><W45/><G77/><T122/><D122/><U105/><E115/><V100/><F121/><W40/><G59/><T58/><D58/><U55/><E55/><V117/><F117/><W37/><G40/><T14/><D14/><N who="3" m="5161" /><G49/><T107/><D107/><U36/><E13/><N who="2" m="7471" /><F8/><W111/><G11/><RYUUKYOKU ba="0,1" sc="191,15,261,-15,282,15,256,-15" hai0="2,6,10,16,19,38,42,44,79,80,90,93,99" hai2="21,22,23,98,100,120,123" /><INIT seed="6,1,1,4,4,69" ten="206,246,297,241" oya="2" hai0="0,124,47,133,58,104,91,120,110,36,2,117,30" hai1="86,92,33,20,100,125,13,22,84,89,26,53,113" hai2="101,63,122,3,73,23,85,54,94,37,12,8,48" hai3="127,59,70,24,28,10,88,4,17,129,6,109,44"/><V128/><F37/><W27/><G70/><T90/><D58/><U42/><E113/><V93/><F122/><W51/><G109/><T130/><D30/><U18/><E125/><V77/><F73/><W102/><G127/><T45/><D124/><U14/><E33/><V56/><F128/><W115/><G129/><T50/><D50/><U5/><E42/><V135/><F135/><W123/><G123/><T95/><D95/><N who="2" m="36362" /><F3/><W15/><G102/><T52/><D104/><U119/><E119/><V34/><F34/><W106/><G106/><T60/><D120/><U79/><E100/><V78/><F23/><N who="3" m="15487" /><G115/><T87/><D130/><U72/><E72/><V41/><F85/><W108/><G108/><T19/><D87/><U76/><E84/><V68/><F68/><W7/><G59/><T57/><D110/><U116/><E116/><V40/><F101/><W62/><G62/><T105/><D105/><U99/><E86/><V80/><F80/><W107/><G107/><T21/><D117/><U97/><E99/><V1/><F1/><N who="0" m="618" /><D133/><U61/><E61/><V29/><F29/><W96/><G24/><N who="0" m="14399" /><D36/><U65/><E79/><N who="2" m="30219" /><F63/><W35/><G35/><T114/><D114/><U112/><E76/><V55/><F55/><N who="3" m="30183" /><G96/><T46/><D91/><AGARI ba="1,1" hai="4,6,7,10,15,17,88,91" m="30183,15487" machi="91" ten="30,2000,0" yaku="8,1,54,1" doraHai="69" who="3" fromWho="0" sc="206,-23,246,0,297,0,241,33" /><INIT seed="7,0,0,1,3,81" ten="183,246,297,274" oya="3" hai0="32,95,28,89,134,80,111,84,122,76,70,24,43" hai1="36,2,26,87,55,105,124,30,116,41,58,10,50" hai2="19,69,7,112,83,6,63,42,39,48,64,25,57" hai3="126,17,118,74,79,103,62,115,119,71,37,101,91"/><W16/><G37/><T113/><D134/><U73/><E105/><V97/><F112/><W20/><G74/><T98/><D113/><U44/><E73/><V127/><F127/><W65/><G79/><T107/><D111/><U22/><E124/><V90/><F39/><W33/><G33/><T49/><D122/><U8/><E2/><V67/><F67/><W31/><G126/><T14/><D70/><U85/><E116/><V68/><F68/><W114/><G31/><T109/><D109/><U61/><E36/><V86/><F97/><W5/><G5/><T21/><D107/><U77/><E77/><V0/><F0/><W52/><G91/><T82/><D32/><U47/><E47/><N who="2" m="25719" /><F69/><W102/><G17/><T11/><D80/><U131/><E131/><V18/><F18/><W130/><G130/><T96/><D49/><U54/><E41/><V60/><F60/><W13/><G52/><T88/><D43/><U9/><AGARI ba="0,0" hai="8,9,10,22,26,30,44,50,54,55,58,61,85,87" machi="9" ten="30,7900,0" yaku="0,1,8,1,52,2" doraHai="81" who="1" fromWho="1" sc="183,-20,246,79,297,-20,274,-39" owari="163,-33.7,325,42.5,277,7.7,235,-16.5" /></mjloggm>