<mjloggm ver="2.3"><GO type="225" lobby="0"/><UN n0="%77%72%77%72%77%72%77%72" n1="%E4%B8%89%E5%86%A0%E7%8E%8B%E3%83%BB%E5%B1%B1%E7%94%B0%E5%93%B2%E4%BA%BA" n2="%E8%81%B7%E6%A5%AD%E3%80%81%E9%A2%A8%32" n3="%72%69%6F%75%63%68%61%6E" dan="16,17,16,17" rate="2112.28,2208.23,2093.39,2225.21" sx="M,M,M,M"/><TAIKYOKU oya="0"/><INIT seed="0,0,0,1,2,35" ten="250,250,250,250" oya="0" hai0="46,24,16,80,8,116,4,50,67,124,74,103,118" hai1="122,48,0,133,22,34,81,59,21,85,110,73,56" hai2="54,63,128,66,64,88,32,99,135,53,11,130,125" hai3="108,43,39,27,12,5,52,119,123,7,102,89,127"/><T134/><D134/><U91/><E34/><V86/><F135/><W42/><G119/><T3/><D124/><U15/><E133/><V57/><F125/><W41/><G127/><T98/><D67/><U25/><E122/><V6/><F32/><W131/><G123/><T79/><D24/><U20/><E110/><V72/><F99/><W28/><G108/><T100/><D100/><U30/><E0/><V65/><F53/><W29/><G131/><T14/><D50/><U111/><E111/><V55/><F55/><W45/><G102/><T13/><D46/><U36/><E36/><V114/><F72/><W2/><G2/><T132/><D13/><U18/><E73/><V113/><F114/><W87/><G39/><T51/><D51/><U33/><REACH who="1" step="1"/><E48/><REACH who="1" ten="250,240,250,250" step="2"/><V82/><REACH who="2" step="1"/><F113/><REACH who="2" ten="250,240,240,250" step="2"/><W47/><G43/><T101/><D132/><U120/><E120/><V126/><F126/><W61/><G41/><T70/><D118/><U93/><E93/><V38/><F38/><W84/><G42/><T106/><D116/><U49/><E49/><V76/><F76/><W37/><G37/><T96/><D106/><U121/><E121/><V83/><F83/><W75/><G75/><T44/><D44/><U62/><E62/><V107/><F107/><W31/><G61/><T94/><D94/><U1/><E1/><AGARI ba="0,2" hai="1,6,11,54,57,63,64,65,66,82,86,88,128,130" machi="1" ten="40,8000,1" yaku="1,1,52,1,54,1,53,1" doraHai="35" doraHaiUra="78" who="2" fromWho="1" sc="250,0,240,-80,240,100,250,0" /><INIT seed="1,0,0,1,4,6" ten="250,160,340,250" oya="1" hai0="2,80,125,113,24,110,40,118,65,96,93,49,116" hai1="128,102,68,51,43,134,35,74,60,44,130,45,66" hai2="0,111,87,36,108,97,13,26,99,41,50,18,46" hai3="82,73,67,109,106,52,58,27,124,101,47,77,126"/><U95/><E74/><V78/><F0/><W135/><G109/><N who="2" m="42057" /><F26/><W86/><G135/><T17/><D113/><U62/><E35/><V59/><F78/><W76/><G67/><T9/><D110/><U61/><E102/><V11/><F87/><W72/><G47/><T7/><D125/><N who="3" m="48233" /><G76/><T90/><D65/><N who="1" m="40999" /><E95/><V1/><F1/><W81/><G81/><T71/><D71/><U69/><E134/><V79/><F79/><W12/><G27/><T63/><D80/><U39/><E62/><V23/><F23/><W4/><G101/><T64/><D63/><U133/><E133/><V119/><F119/><W123/><G106/><T25/><D25/><U28/><E28/><V56/><F56/><W19/><G123/><T98/><D24/><U88/><E88/><V3/><F3/><W120/><G120/><T33/><D90/><U57/><E57/><V94/><F94/><W115/><G115/><T104/><D93/><U131/><E45/><N who="2" m="23719" /><F59/><W92/><G92/><T20/><D33/><U122/><E122/><V38/><F38/><AGARI ba="0,0" hai="38,39,43,44,51,61,66,69,128,130,131" m="40999" machi="38" ten="30,5800,0" yaku="19,1,34,2" doraHai="6" who="1" fromWho="2" sc="250,0,160,58,340,-58,250,0" /><INIT seed="1,1,0,1,0,89" ten="250,218,282,250" oya="1" hai0="103,128,0,28,9,119,38,98,16,131,42,114,97" hai1="126,77,25,29,70,26,14,62,74,24,113,7,124" hai2="41,20,34,43,52,36,33,130,37,127,81,101,6" hai3="1,79,78,69,27,63,4,102,129,112,17,105,35"/><U54/><E113/><V22/><F127/><N who="1" m="48681" /><E74/><V116/><F130/><N who="0" m="49706" /><D114/><U90/><E77/><V50/><F116/><W10/><G129/><T58/><D119/><U115/><E115/><V60/><F60/><W68/><G112/><T120/><D120/><U71/><E29/><V67/><F67/><N who="3" m="41087" /><G17/><T19/><D28/><U91/><E54/><V2/><F101/><W132/><G132/><T117/><D117/><U66/><E71/><V47/><F81/><W73/><G69/><T53/><D42/><U49/><E49/><V92/><F43/><W134/><G134/><T88/><D38/><U45/><E45/><V125/><F37/><W57/><G57/><T12/><D0/><U108/><E108/><V44/><F125/><W133/><G73/><T56/><D53/><U87/><E87/><V3/><F33/><W100/><G133/><T106/><D19/><U32/><E32/><V123/><F34/><W8/><G35/><T55/><D55/><U48/><E48/><V109/><F109/><W96/><G1/><T122/><D122/><U84/><E84/><V82/><F123/><W99/><G4/><T51/><D51/><U94/><E94/><AGARI ba="1,0" hai="9,12,16,56,58,88,94,97,98,103,106" m="49706" machi="94" ten="30,7700,0" yaku="19,1,52,1,54,2" doraHai="89" who="0" fromWho="1" sc="250,80,218,-80,282,0,250,0" /><INIT seed="2,0,0,0,0,106" ten="330,138,282,250" oya="2" hai0="77,25,18,65,54,75,57,83,10,93,90,16,116" hai1="115,8,118,120,91,117,61,123,124,34,133,35,107" hai2="9,125,58,52,72,69,102,24,60,63,12,121,111" hai3="68,55,48,38,33,17,132,98,78,105,6,108,45"/><V82/><F121/><N who="1" m="46665" /><E91/><V29/><F125/><W81/><G108/><T13/><D116/><N who="1" m="44651" /><E61/><V32/><F111/><W86/><G132/><T88/><D65/><U71/><E107/><V56/><F69/><W87/><G33/><N who="1" m="12298" /><E71/><V39/><F102/><W95/><G6/><T129/><D129/><U85/><E85/><V49/><F39/><W3/><G3/><T41/><D41/><U22/><E124/><V7/><REACH who="2" step="1"/><F58/><REACH who="2" ten="330,138,272,250" step="2"/><W62/><G38/><T135/><D57/><U76/><E133/><V73/><F73/><W28/><G68/><T50/><D135/><U67/><E115/><V20/><F20/><W109/><G109/><T96/><D75/><U26/><E67/><V15/><F15/><W0/><G0/><T130/><D13/><U43/><E43/><V37/><F37/><W79/><G105/><T59/><D59/><U128/><E8/><V99/><F99/><W31/><G98/><T100/><D10/><U119/><E119/><V42/><F42/><W46/><G87/><T1/><D96/><U53/><E53/><V64/><F64/><W101/><G101/><T114/><D54/><U36/><E36/><V44/><F44/><W23/><G45/><T4/><D114/><U94/><E128/><V74/><F74/><W70/><G70/><T84/><D130/><U21/><E21/><V134/><F134/><W89/><G46/><T2/><D100/><U51/><E22/><V122/><F122/><W30/><G55/><T5/><D84/><U97/><E97/><V40/><F40/><W126/><G86/><T131/><D131/><U47/><E47/><RYUUKYOKU ba="0,1" sc="330,-10,138,-10,272,30,250,-10" hai2="7,9,12,24,29,32,49,52,56,60,63,72,82" /><INIT seed="2,1,1,5,4,115" ten="320,128,302,240" oya="2" hai0="4,101,10,74,37,27,45,57,93,47,61,85,28" hai1="9,135,83,97,26,52,17,46,68,32,31,111,90" hai2="108,131,80,127,134,86,33,34,76,116,38,129,109" hai3="0,35,49,112,54,87,73,62,107,99,113,120,114"/><V55/><F116/><W22/><G120/><T8/><D74/><U117/><E111/><N who="2" m="42571" /><F38/><W70/><G73/><T125/><D125/><U13/><E135/><V78/><F134/><W3/><G35/><N who="2" m="13321" /><F127/><W100/><G22/><N who="0" m="15479" /><D37/><U40/><E68/><V5/><F5/><W92/><G87/><T2/><D2/><U121/><E121/><V105/><F105/><W1/><G70/><T119/><D119/><U81/><E117/><V91/><F55/><W6/><G62/><T123/><D123/><U88/><E40/><V65/><F65/><W122/><G122/><T63/><D63/><U7/><E7/><V124/><F124/><W16/><G16/><T96/><D85/><U50/><REACH who="1" step="1"/><E97/><REACH who="1" ten="320,118,302,240" step="2"/><V84/><F76/><W79/><G79/><T21/><D4/><U106/><E106/><V64/><F64/><W104/><REACH who="3" step="1"/><G6/><REACH who="3" ten="320,118,302,230" step="2"/><T42/><D96/><U94/><E94/><AGARI ba="1,3" hai="78,80,84,86,91,94,129,131" m="13321,42571" machi="94" ten="30,2900,0" yaku="14,1,10,1" doraHai="115" who="2" fromWho="1" sc="320,0,118,-32,302,62,230,0" /><INIT seed="2,2,0,2,2,41" ten="320,86,364,230" oya="2" hai0="30,106,59,80,73,119,37,56,21,120,31,39,7" hai1="111,99,103,113,130,128,12,71,4,38,29,64,63" hai2="118,75,110,45,25,42,131,52,72,28,125,94,95" hai3="116,74,109,22,34,81,78,55,129,90,133,83,18"/><V101/><F118/><W14/><G116/><T104/><D119/><U36/><E12/><V123/><F123/><W62/><G109/><T134/><D120/><U117/><E117/><V6/><F6/><W8/><G34/><T92/><D7/><U76/><E113/><V40/><F125/><W17/><G129/><T98/><D134/><U88/><E111/><V33/><F131/><W135/><G62/><T16/><D73/><U54/><E54/><V3/><F3/><W58/><G83/><T2/><D2/><U5/><E5/><V32/><F101/><W43/><G90/><T121/><D121/><U20/><E20/><V19/><F19/><W96/><G96/><T105/><D80/><U0/><E88/><V122/><F122/><W46/><G58/><T115/><D115/><U26/><E76/><V13/><F13/><W84/><G55/><T27/><D56/><U86/><E86/><V68/><F68/><W102/><G102/><T127/><D59/><U65/><E65/><V66/><F52/><W35/><G35/><T57/><D57/><U97/><E97/><V1/><F1/><W50/><REACH who="3" step="1"/><G84/><REACH who="3" ten="320,86,364,220" step="2"/><T67/><D67/><U10/><E130/><V124/><F33/><W91/><G91/><T24/><D98/><U44/><E128/><V112/><F66/><W15/><AGARI ba="2,1" hai="8,14,15,17,18,22,43,46,50,74,78,81,133,135" machi="15" ten="30,4000,0" yaku="1,1,0,1,52,1,53,0" doraHai="41" doraHaiUra="48" who="3" fromWho="3" sc="320,-12,86,-12,364,-22,220,56" /><INIT seed="3,0,0,3,3,38" ten="308,74,342,276" oya="3" hai0="50,101,19,74,6,31,127,84,133,48,41,118,96" hai1="72,13,93,55,26,34,106,130,125,56,99,8,58" hai2="66,17,40,114,28,44,30,63,59,115,92,95,83" hai3="120,104,22,126,42,61,135,54,53,100,21,39,94"/><W18/><G120/><T49/><D118/><U109/><E106/><V11/><F83/><W90/><G126/><T116/><D116/><U62/><E109/><V25/><F30/><W123/><G123/><T37/><D74/><U117/><E130/><V14/><F95/><W29/><G135/><T0/><D133/><U78/><E34/><V110/><F92/><W80/><G80/><T1/><D127/><U85/><E72/><V88/><F88/><W113/><G113/><T45/><D31/><U89/><E117/><V16/><F17/><W32/><G32/><T121/><D121/><U108/><E108/><V3/><F3/><W129/><G129/><T107/><D6/><U71/><E71/><V51/><F110/><W7/><G7/><T119/><D119/><U77/><E125/><V46/><F46/><W75/><G75/><T2/><D84/><U102/><E102/><V65/><F65/><W91/><G104/><T64/><D64/><U79/><E85/><V52/><F66/><W9/><G9/><T27/><D27/><U128/><E128/><V112/><F112/><W68/><G68/><T122/><D122/><U67/><E26/><V76/><F76/><W131/><G131/><T105/><D19/><N who="1" m="8615" /><E78/><V98/><F98/><N who="3" m="59479" /><G29/><T24/><D107/><U86/><E99/><V60/><F60/><W20/><G18/><T15/><D24/><U134/><E134/><V87/><F87/><W23/><N who="3" m="5120" /><DORA hai="82" /><W35/><G35/><AGARI ba="0,0" hai="11,14,16,25,28,35,40,44,51,52,59,63,114,115" machi="35" ten="30,7700,0" yaku="7,1,52,1,54,2" doraHai="38,82" who="2" fromWho="3" sc="308,0,74,0,342,77,276,-77" owari="308,10.8,74,-42.6,419,51.9,199,-20.1" /></mjloggm>