<mjloggm ver="2.3"><GO type="225" lobby="0"/><UN n0="%77%72%77%72%77%72%77%72" n1="%E3%81%82%E3%81%B9%E3%81%99%E3%81%91" n2="%E3%81%B5%E3%81%98%E3%81%8B%E3%81%A4" n3="%48%61%61%61%6C%61%6E%64" dan="17,16,16,18" rate="2228.22,2054.84,2192.56,2304.26" sx="M,M,M,M"/><TAIKYOKU oya="0"/><INIT seed="0,0,0,4,0,5" ten="250,250,250,250" oya="0" hai0="91,77,8,81,49,116,109,119,83,28,13,122,96" hai1="53,123,98,79,131,114,132,128,4,43,7,87,102" hai2="117,36,55,18,113,127,76,24,71,103,120,31,20" hai3="59,22,67,54,11,63,125,32,34,45,62,57,134"/><T37/><D37/><U100/><E123/><V106/><F120/><W16/><G125/><T50/><D122/><U10/><E132/><V46/><F113/><W42/><G134/><T72/><D28/><U101/><E114/><V29/><F71/><W1/><G1/><T52/><D109/><U51/><E43/><V88/><F76/><W60/><G60/><T82/><D49/><U104/><E7/><V135/><F127/><W26/><REACH who="3" step="1"/><G11/><REACH who="3" ten="250,250,250,240" step="2"/><T38/><D119/><U126/><E126/><V12/><F117/><W133/><G133/><T92/><D116/><U124/><E124/><V33/><F135/><W78/><G78/><T2/><D2/><U118/><E118/><V58/><F36/><AGARI ba="0,1" hai="16,22,26,32,34,36,42,45,54,57,59,62,63,67" machi="36" ten="30,3900,0" yaku="1,1,7,1,54,1,53,0" doraHai="5" doraHaiUra="86" who="3" fromWho="2" sc="250,0,250,0,250,-39,240,49" /><INIT seed="1,0,0,3,1,121" ten="250,250,211,289" oya="1" hai0="14,69,0,19,102,126,105,35,1,22,34,108,130" hai1="57,93,67,131,88,91,94,45,71,113,3,11,31" hai2="65,101,110,114,89,119,39,73,29,112,74,96,79" hai3="80,116,133,33,25,50,97,70,120,68,54,13,42"/><U27/><E113/><N who="2" m="43627" /><F39/><W28/><G120/><T30/><D69/><U49/><E71/><V16/><F65/><W63/><G133/><T83/><D130/><U62/><E131/><V132/><F29/><W21/><G116/><T84/><D126/><U60/><E3/><V41/><F41/><W32/><G42/><T129/><D129/><U6/><E6/><V109/><F132/><W43/><G43/><T124/><D124/><U7/><E7/><V26/><F119/><W128/><G128/><T99/><D108/><N who="2" m="41578" /><F89/><W8/><G70/><T87/><D30/><U111/><E111/><V12/><F26/><W104/><G25/><T5/><D5/><U77/><E27/><V135/><F79/><W58/><G28/><T48/><D0/><U90/><E77/><V17/><F135/><W52/><G32/><T107/><D1/><U122/><E31/><V40/><F40/><W81/><G33/><T123/><D35/><U85/><E91/><V98/><F98/><W117/><G117/><T24/><D34/><U2/><E2/><V55/><F55/><W20/><G54/><T38/><D38/><U95/><E122/><V92/><F16/><N who="3" m="8231" /><G68/><T4/><D123/><U23/><E67/><V115/><N who="2" m="43635" /><V59/><DORA hai="118" /><F59/><W46/><G58/><T53/><D24/><U37/><E57/><V18/><F18/><W10/><G52/><T64/><D64/><U82/><E37/><V100/><F100/><W36/><G36/><T76/><D4/><U106/><E90/><V44/><F44/><W75/><G46/><N who="0" m="27799" /><D84/><N who="1" m="50199" /><E45/><V86/><F86/><W134/><G134/><RYUUKYOKU ba="0,0" sc="250,15,250,-15,211,15,289,-15" hai0="14,19,22,76,83,87,99,102,105,107" hai2="12,17,73,74,92,96,101" /><INIT seed="2,1,0,3,5,133" ten="265,235,226,274" oya="2" hai0="37,58,10,1,28,30,113,130,17,117,119,72,36" hai1="68,124,134,73,135,76,22,45,49,101,80,34,112" hai2="111,109,41,52,110,103,91,5,85,13,120,96,99" hai3="71,2,25,69,95,61,60,98,4,26,38,81,15"/><V29/><F120/><W12/><G38/><T93/><D113/><U92/><E112/><V53/><F41/><W84/><G2/><T35/><D72/><U79/><E34/><V24/><F13/><N who="3" m="5195" /><G69/><T132/><D132/><N who="1" m="50731" /><E68/><V16/><F5/><W44/><G44/><T78/><D130/><U21/><E79/><V54/><F103/><N who="3" m="60895" /><G71/><T56/><D78/><U31/><E31/><V129/><F129/><W48/><G48/><T6/><D17/><U89/><E101/><V127/><F127/><W122/><G4/><T108/><D35/><U107/><E107/><V51/><F51/><W20/><G122/><T18/><D36/><U64/><E124/><V55/><N who="2" m="13312" /><DORA hai="97" /><V66/><F66/><W47/><G47/><T3/><D37/><U40/><E64/><V131/><F131/><W106/><G106/><T74/><D74/><U90/><E92/><N who="2" m="54383" /><F16/><N who="3" m="12423" /><G26/><T59/><D18/><U32/><E32/><AGARI ba="1,0" hai="24,29,32,96,99,109,110,111" m="54383,13312" machi="32" ten="50,9600,0" yaku="14,1,10,1,54,1" doraHai="133,97" who="2" fromWho="1" sc="265,0,235,-99,226,99,274,0" /><INIT seed="2,2,0,0,2,20" ten="265,136,325,274" oya="2" hai0="93,81,0,83,118,124,126,82,90,36,49,40,46" hai1="84,63,110,29,94,114,96,88,18,134,23,62,14" hai2="50,65,76,130,80,21,24,54,9,106,77,8,6" hai3="3,117,72,7,95,100,97,92,1,38,121,125,85"/><V67/><F106/><W89/><G117/><T47/><D0/><U69/><E114/><V44/><F130/><W52/><G121/><T116/><D46/><U15/><E110/><V79/><F80/><W16/><G72/><T45/><D45/><U108/><E108/><V86/><F86/><W13/><G125/><N who="0" m="48235" /><D36/><U91/><E134/><V75/><F75/><W111/><G111/><T105/><D105/><U57/><E69/><V25/><F9/><W35/><G38/><T32/><D32/><U51/><E29/><V133/><F133/><W135/><G35/><T123/><D123/><U55/><REACH who="1" step="1"/><E15/><REACH who="1" ten="265,126,325,274" step="2"/><N who="2" m="5527" /><F21/><W64/><G135/><T98/><AGARI ba="2,1" hai="40,47,49,81,82,83,90,93,98,116,118" m="48235" machi="98" ten="40,1500,0" yaku="18,1" doraHai="20" who="0" fromWho="0" sc="265,31,126,-6,325,-9,274,-6" /><INIT seed="3,0,0,5,2,10" ten="296,120,316,268" oya="3" hai0="57,6,121,1,111,61,108,68,125,56,13,109,58" hai1="135,72,132,77,74,106,3,59,18,130,23,47,46" hai2="4,66,102,67,41,133,103,117,24,123,2,101,16" hai3="20,95,120,49,38,92,29,112,122,44,39,52,31"/><W21/><G112/><T105/><D121/><U34/><E106/><V42/><F117/><W88/><G120/><T113/><D113/><U8/><E77/><V107/><F107/><W15/><G122/><T73/><D105/><U84/><E84/><V118/><F118/><W27/><G95/><T53/><D73/><U99/><E99/><V63/><F123/><W50/><G50/><T98/><D98/><U96/><E96/><V36/><F36/><W60/><G60/><T48/><D125/><U76/><E34/><V131/><F131/><W126/><G126/><T89/><D89/><U97/><E97/><V93/><F93/><W81/><G81/><T45/><D1/><U17/><E59/><N who="2" m="37247" /><F4/><W25/><G15/><T124/><D124/><U5/><E76/><V7/><F7/><W129/><G129/><T22/><D68/><U28/><E130/><V85/><BYE who="1" /><F67/><W79/><G79/><T71/><D71/><UN n1="%E3%81%82%E3%81%B9%E3%81%99%E3%81%91" /><U104/><E104/><V127/><F2/><W134/><G134/><T9/><D22/><U82/><E82/><V51/><F133/><W90/><G92/><T83/><D83/><U116/><E5/><V30/><F127/><W32/><G32/><T128/><D128/><U14/><E3/><V40/><F85/><W80/><G80/><T94/><D94/><U119/><E28/><V12/><F51/><W100/><G100/><T54/><AGARI ba="0,0" hai="6,9,13,45,48,53,54,56,57,58,61,108,109,111" machi="54" ten="30,4000,0" yaku="0,1,14,1,52,1" doraHai="10" who="0" fromWho="0" sc="296,40,120,-10,316,-10,268,-20" owari="336,43.6,110,-39.0,306,10.6,248,-15.2" /></mjloggm>