<mjloggm ver="2.3"><GO type="225" lobby="0"/><UN n0="%E3%81%A1%E3%82%85%E3%81%86%E3%81%A9%E3%81%8F%E8%B1%A1%E3%81%95%E3%82%93" n1="%E5%B8%86%E7%AB%8B%E5%A4%8F%E8%A1%A3" n2="%E7%9C%9F%E4%B8%80" n3="%E9%80%9F%E6%B0%B4%E5%87%9B%E9%A6%99" dan="17,17,16,16" rate="2217.39,2131.29,2164.79,2114.16" sx="M,M,M,F"/><TAIKYOKU oya="0"/><INIT seed="0,0,0,3,3,102" ten="250,250,250,250" oya="0" hai0="90,56,119,10,115,73,120,2,0,77,125,67,50" hai1="89,39,130,101,42,107,94,71,46,65,35,9,23" hai2="97,118,69,57,61,108,41,58,78,32,62,34,84" hai3="17,51,126,33,91,124,48,121,20,27,66,112,36"/><T113/><D120/><U31/><E130/><V109/><F118/><W55/><G36/><T132/><D119/><U15/><E35/><V103/><F41/><W104/><G112/><T12/><D125/><N who="3" m="48233" /><G121/><T105/><D132/><U60/><E31/><V134/><F134/><W117/><G117/><T83/><D90/><U47/><E47/><V52/><F69/><W111/><G111/><N who="2" m="42569" /><F84/><W11/><G33/><T7/><D105/><U92/><E23/><V127/><F78/><W96/><G66/><T1/><REACH who="0" step="1"/><D50/><REACH who="0" ten="240,250,250,250" step="2"/><U59/><E89/><V82/><F127/><W99/><G48/><T85/><D85/><U6/><REACH who="1" step="1"/><E71/><REACH who="1" ten="240,240,250,250" step="2"/><V123/><F123/><W133/><G91/><T5/><D5/><U75/><E75/><V80/><F82/><W13/><G133/><T79/><D79/><U70/><E70/><V131/><F80/><W43/><G43/><T128/><D128/><U28/><E28/><V100/><F131/><W16/><G104/><T29/><D29/><U49/><E49/><V87/><F87/><W44/><AGARI ba="0,2" hai="11,13,16,17,20,27,44,51,55,96,99" m="48233" machi="44" ten="30,2000,0" yaku="18,1,54,1" doraHai="102" who="3" fromWho="3" sc="240,-10,240,-5,250,-5,250,40" /><INIT seed="1,0,0,3,4,115" ten="230,235,245,290" oya="1" hai0="92,33,11,26,16,32,58,10,38,28,102,14,22" hai1="119,121,101,66,135,67,71,93,49,133,134,20,4" hai2="95,87,46,30,50,44,2,55,24,42,73,9,37" hai3="48,129,90,106,104,79,21,105,94,8,34,108,74"/><U25/><E4/><V96/><F73/><W41/><G34/><N who="0" m="13419" /><D58/><U7/><E7/><V84/><F2/><W128/><G8/><N who="0" m="3115" /><D102/><U69/><E121/><V64/><F9/><W43/><G21/><N who="0" m="11415" /><D92/><U80/><E80/><V88/><REACH who="2" step="1"/><F64/><REACH who="2" ten="230,235,235,290" step="2"/><W52/><G129/><T62/><D38/><U63/><E67/><V53/><F53/><W99/><G128/><T103/><D62/><U29/><E63/><V125/><F125/><W35/><G52/><T118/><D103/><U109/><E66/><V122/><F122/><W36/><G43/><T131/><D131/><U72/><E72/><V110/><F110/><W45/><G41/><T19/><D28/><U15/><E109/><V57/><F57/><W83/><G108/><T5/><D5/><U31/><E31/><V107/><F107/><W132/><G106/><T61/><D61/><U47/><E101/><V97/><F97/><W82/><G99/><T17/><D17/><U100/><E100/><V54/><F54/><W117/><G105/><T60/><D60/><U27/><E29/><V112/><F112/><W3/><G104/><T120/><D120/><U91/><E135/><V113/><F113/><W1/><G132/><T0/><D0/><U76/><E134/><V51/><F51/><W6/><G1/><T126/><D126/><U86/><E133/><V85/><F85/><W59/><G3/><T89/><D89/><U114/><E49/><V23/><AGARI ba="0,1" hai="23,24,30,37,42,44,46,50,55,84,87,88,95,96" machi="23" ten="20,5200,0" yaku="1,1,0,1,7,1,54,1,53,0" doraHai="115" doraHaiUra="116" who="2" fromWho="2" sc="230,-13,235,-26,235,62,290,-13" /><INIT seed="2,0,0,2,5,119" ten="217,209,297,277" oya="2" hai0="112,1,124,42,10,26,35,70,34,24,100,12,105" hai1="85,2,27,83,117,125,131,25,50,28,132,87,63" hai2="111,71,134,60,44,59,54,66,46,79,102,9,64" hai3="129,51,96,75,103,39,104,91,128,15,67,86,95"/><V21/><F111/><W41/><G67/><T106/><D42/><U98/><E117/><V8/><F134/><W55/><G75/><T110/><D70/><U126/><E2/><V31/><F79/><W47/><REACH who="3" step="1"/><G15/><REACH who="3" ten="217,209,297,267" step="2"/><T4/><D110/><U114/><E132/><V89/><F66/><W13/><G13/><T80/><D12/><U16/><E126/><V108/><F64/><W109/><G109/><T116/><D124/><U78/><E125/><V92/><F108/><W56/><AGARI ba="0,1" hai="39,41,47,51,55,56,86,91,95,96,103,104,128,129" machi="56" ten="30,2000,0" yaku="1,1,0,1,53,0" doraHai="119" doraHaiUra="32" who="3" fromWho="3" sc="217,-5,209,-5,297,-10,267,30" /><INIT seed="3,0,0,4,1,95" ten="212,204,287,297" oya="3" hai0="104,106,117,84,10,119,6,39,74,53,77,81,134" hai1="26,67,42,44,15,5,66,11,3,101,28,54,109" hai2="70,49,75,48,122,128,121,41,19,60,59,92,52" hai3="12,72,108,124,13,37,94,21,51,9,73,102,50"/><W30/><G37/><T113/><D39/><U16/><E109/><V115/><F115/><W116/><G116/><N who="0" m="44619" /><D53/><U96/><E54/><V46/><F75/><W2/><G2/><N who="0" m="343" /><D84/><U130/><E130/><V34/><F128/><W76/><G124/><T105/><D134/><U56/><E56/><V126/><F34/><W78/><G73/><T25/><D25/><U69/><E69/><V111/><F111/><W82/><G108/><T112/><AGARI ba="0,0" hai="74,77,81,104,105,106,112,113" m="343,44619" machi="112" ten="40,1500,0" yaku="23,1" doraHai="95" who="0" fromWho="0" sc="212,15,204,-4,287,-4,297,-7" /><INIT seed="4,0,0,2,3,67" ten="227,200,283,290" oya="0" hai0="51,103,125,26,6,73,90,37,91,50,88,89,76" hai1="43,14,78,116,32,7,69,27,33,12,38,79,92" hai2="4,46,18,83,94,126,75,57,15,41,30,82,56" hai3="130,58,47,29,77,84,8,113,10,105,28,101,63"/><T98/><D37/><U123/><E123/><V80/><F75/><W16/><G113/><T62/><D125/><U31/><E116/><V64/><F126/><W5/><G130/><T85/><D6/><U108/><E108/><V95/><F30/><W9/><G101/><T45/><D26/><U17/><E69/><V71/><F71/><W114/><G105/><T19/><D19/><U13/><E33/><V102/><F4/><W34/><G34/><T128/><D128/><U2/><E17/><V70/><F70/><W11/><G47/><T96/><D62/><U61/><E61/><V93/><F102/><W65/><G114/><T100/><D50/><U107/><E107/><V117/><F64/><W53/><G53/><T133/><D133/><U121/><E121/><V135/><F135/><W25/><G25/><T112/><D112/><U127/><E92/><V66/><F66/><W97/><G97/><N who="0" m="37483" /><D51/><U106/><E106/><V44/><F117/><W110/><G110/><T115/><D45/><N who="2" m="17514" /><F41/><W39/><G39/><T1/><D1/><U131/><E127/><V86/><F86/><W21/><N who="3" m="2048" /><DORA hai="54" /><W122/><G122/><T119/><D115/><U49/><E38/><V134/><F134/><W42/><G42/><T23/><D23/><AGARI ba="0,0" hai="15,18,23,56,57,80,82,83,93,94,95" m="17514" machi="23" ten="30,3900,0" yaku="8,1,52,2" doraHai="67,54" who="2" fromWho="0" sc="227,-39,200,0,283,39,290,0" owari="188,-31.2,200,-20.0,322,42.2,290,9.0" /></mjloggm>