<mjloggm ver="2.3"><GO type="225" lobby="0"/><UN n0="%E6%B0%B7%E5%B7%9D%E9%87%8C%E5%A5%88" n1="%E9%97%98%E5%B0%86%E3%81%A0%E3%82%93%E3%81%A7%E3%81%83" n2="%E6%B8%A9%E2%98%85%E6%83%85%E2%98%85%E6%8E%AA%E2%98%85%E7%BD%AE" n3="%E6%97%A5%E6%9B%9C%E6%97%A5%E3%82%88%E3%82%8A%E3%81%AE%E4%BD%BF%E8%80%85" dan="16,16,18,17" rate="2087.29,2128.68,2231.38,2147.77" sx="F,M,M,M"/><TAIKYOKU oya="0"/><INIT seed="0,0,0,2,4,103" ten="250,250,250,250" oya="0" hai0="75,127,123,11,65,73,8,48,31,92,133,18,45" hai1="5,33,110,38,36,62,57,10,6,28,88,50,7" hai2="29,112,130,66,60,26,1,102,14,132,67,32,82" hai3="79,125,59,34,131,104,0,117,97,69,24,105,70"/><T13/><D123/><U72/><E72/><V19/><F112/><W40/><G59/><T47/><D127/><U90/><E110/><V118/><F132/><W39/><G117/><T129/><D133/><U78/><E78/><V41/><F118/><W27/><G97/><T108/><D129/><U135/><E135/><V61/><F1/><W77/><G0/><T21/><D108/><U126/><E126/><V30/><F130/><W84/><G84/><T52/><D65/><U3/><E50/><V98/><F41/><W89/><G89/><T68/><D68/><U115/><E115/><V81/><F30/><W86/><G86/><T134/><D134/><U116/><E116/><V106/><F61/><W23/><G23/><T122/><D122/><U42/><E90/><V94/><F94/><W46/><G125/><T64/><D64/><U4/><E88/><V63/><F63/><W100/><G100/><T111/><D111/><U107/><E107/><N who="3" m="41034" /><G131/><T109/><D109/><U74/><E74/><V83/><REACH who="2" step="1"/><F60/><REACH who="2" ten="250,250,240,250" step="2"/><W113/><G113/><T93/><D31/><U87/><E28/><V53/><F53/><W12/><G40/><N who="0" m="24615" /><D93/><U121/><E42/><V56/><F56/><W101/><G46/><T2/><D92/><U80/><E121/><V54/><F54/><W49/><G70/><T44/><D2/><U120/><E120/><V15/><F15/><W85/><G69/><T9/><D47/><U58/><E58/><V35/><F35/><W96/><G34/><T17/><D44/><U37/><E33/><V22/><AGARI ba="0,1" hai="14,19,22,26,29,32,66,67,81,82,83,98,102,106" machi="22" ten="30,4000,0" yaku="1,1,0,1,52,1,53,0" doraHai="103" doraHaiUra="124" who="2" fromWho="2" sc="250,-20,250,-10,240,50,250,-10" /><INIT seed="1,0,0,2,1,12" ten="230,240,290,240" oya="1" hai0="11,131,67,115,10,94,14,60,134,76,110,123,97" hai1="3,122,86,39,98,83,99,124,45,66,70,79,47" hai2="21,34,36,55,2,116,132,128,23,125,106,81,26" hai3="72,13,28,73,75,100,61,49,80,129,126,133,108"/><U37/><E122/><V18/><F55/><W59/><G108/><T24/><D115/><U1/><E124/><V43/><F81/><W46/><G126/><T103/><D110/><U15/><E45/><V62/><F62/><W84/><G129/><T6/><D131/><U38/><E47/><V69/><F43/><W8/><G28/><T82/><D134/><U96/><E70/><V130/><F106/><W90/><G100/><T63/><D123/><U121/><E121/><V118/><F69/><W88/><G133/><T35/><D11/><U44/><E44/><V114/><F36/><W111/><G111/><T85/><REACH who="0" step="1"/><D67/><REACH who="0" ten="220,240,290,240" step="2"/><U78/><E66/><V27/><F125/><W68/><G8/><T87/><D87/><U89/><E3/><V5/><F132/><W31/><G75/><T74/><D74/><U112/><E1/><V56/><F114/><W93/><G72/><T127/><D127/><U33/><E112/><V30/><F130/><W25/><G73/><T120/><D120/><U17/><REACH who="1" step="1"/><E33/><REACH who="1" ten="220,230,290,240" step="2"/><N who="2" m="20695" /><F2/><W22/><G68/><T135/><D135/><U58/><E58/><V32/><F56/><W40/><G59/><T53/><D53/><U57/><E57/><V104/><F34/><W102/><G61/><T92/><D92/><U51/><E51/><V105/><F32/><W7/><G49/><T77/><D77/><U91/><E91/><V42/><F128/><W41/><G90/><T50/><D50/><U117/><E117/><V0/><F118/><W107/><G88/><T4/><D4/><U20/><AGARI ba="0,2" hai="15,17,20,37,38,39,78,79,83,86,89,96,98,99" machi="20" ten="40,7800,0" yaku="1,1,0,1,52,1,53,0" doraHai="12" doraHaiUra="109" who="1" fromWho="1" sc="220,-26,230,98,290,-26,240,-26" /><INIT seed="1,1,0,0,3,93" ten="194,328,264,214" oya="1" hai0="77,121,22,5,59,39,51,87,48,31,107,47,135" hai1="29,83,108,36,94,72,3,10,27,69,70,125,124" hai2="82,12,88,38,105,76,20,26,126,67,13,85,62" hai3="68,106,84,96,127,91,21,99,52,56,64,116,28"/><U17/><E36/><V89/><F38/><W14/><G106/><T25/><D135/><U111/><E83/><V1/><F1/><W40/><G127/><N who="1" m="48714" /><E72/><V19/><F105/><W15/><G40/><T129/><D129/><U131/><E131/><V9/><F126/><W101/><G101/><T118/><D118/><U24/><E24/><V61/><F13/><N who="3" m="4619" /><G64/><T6/><D121/><U130/><E17/><V79/><F89/><W78/><G78/><N who="2" m="29737" /><F67/><W50/><G68/><T112/><D112/><U128/><E130/><V103/><F103/><W16/><G28/><AGARI ba="1,0" hai="9,12,19,20,26,28,61,62,82,85,88" m="29737" machi="28" ten="30,2000,0" yaku="8,1,54,1" doraHai="93" who="2" fromWho="3" sc="194,0,328,0,264,23,214,-23" /><INIT seed="2,0,0,2,3,1" ten="194,328,287,191" oya="2" hai0="29,23,31,59,22,101,68,58,105,39,128,107,43" hai1="42,65,83,100,15,91,62,110,66,30,93,115,112" hai2="49,72,11,44,84,3,114,51,111,48,78,88,53" hai3="70,40,37,19,60,116,119,41,52,134,123,54,50"/><V129/><F114/><W13/><G123/><T32/><D68/><U109/><E42/><V5/><F129/><W4/><G134/><T61/><D128/><U104/><E66/><V131/><F131/><W10/><G37/><T98/><D43/><U90/><E104/><V16/><F111/><N who="1" m="42505" /><E30/><V80/><REACH who="2" step="1"/><F16/><REACH who="2" ten="194,328,277,191" step="2"/><W87/><G119/><T132/><D132/><U69/><E115/><V118/><F118/><W73/><G116/><T133/><D133/><U125/><E112/><V89/><F89/><W0/><G73/><T77/><D32/><U21/><E91/><V135/><F135/><W124/><G124/><T28/><D28/><U95/><E125/><V35/><F35/><W6/><G0/><T57/><D31/><U14/><E14/><V86/><F86/><W7/><G87/><T96/><D29/><U9/><E21/><V117/><F117/><W24/><G24/><T17/><D23/><U76/><E90/><V56/><F56/><N who="3" m="34823" /><G70/><T67/><D59/><AGARI ba="0,1" hai="4,6,7,10,13,19,40,41,50,54,59" m="34823" machi="59" ten="30,8000,1" yaku="8,1,52,3,54,1" doraHai="1" who="3" fromWho="0" sc="194,-80,328,0,277,0,191,90" /><INIT seed="3,0,0,1,0,69" ten="114,328,277,281" oya="3" hai0="70,131,118,105,15,67,108,29,74,17,87,72,31" hai1="64,96,109,68,78,53,51,97,82,107,130,91,93" hai2="5,122,40,71,99,14,28,39,80,54,119,110,2" hai3="88,123,37,135,127,133,44,128,35,33,117,112,30"/><W65/><G112/><T132/><D118/><U60/><E109/><V114/><F119/><W76/><G117/><T116/><D108/><U34/><E34/><V134/><F114/><W27/><G123/><T79/><D116/><U90/><E130/><V49/><F110/><W19/><G128/><T38/><D131/><U121/><E121/><V59/><F2/><W42/><G127/><T92/><D132/><N who="3" m="50761" /><G76/><T8/><D105/><U120/><E107/><V73/><F134/><W103/><G103/><T77/><D67/><U75/><E120/><V0/><F0/><W45/><G65/><T3/><D70/><U41/><E41/><V115/><F122/><W20/><G45/><T26/><D3/><U56/><E97/><V16/><F115/><W46/><G44/><T4/><D74/><U62/><E62/><V95/><F71/><W129/><G129/><T7/><D72/><U98/><E96/><V63/><F39/><W9/><G9/><T23/><D92/><U13/><E13/><V52/><F40/><W58/><G58/><T6/><D87/><U84/><E75/><V36/><F36/><W81/><G30/><N who="0" m="11275" /><D38/><U22/><E22/><N who="2" m="11543" /><F28/><W101/><G101/><AGARI ba="0,0" hai="51,53,56,60,64,68,78,82,84,90,91,93,98,101" machi="101" ten="30,1000,0" yaku="7,1" doraHai="69" who="1" fromWho="3" sc="114,0,328,10,277,0,281,-10" owari="114,-38.6,338,43.8,277,7.7,271,-12.9" /></mjloggm>