<mjloggm ver="2.3"><GO type="225" lobby="0"/><UN n0="%E3%81%99%E3%81%84%E3%81%BE%E3%81%9B%E3%83%BC%E3%82%93" n1="%E3%81%AF%E3%82%88%E3%81%8A%E3%81%98%E3%81%95%E3%82%93" n2="%43%68%65" n3="%E6%A1%9C%E8%8A%B1%E9%96%83%E3%80%85" dan="16,16,16,16" rate="2158.85,2108.30,2115.63,2130.23" sx="M,M,M,M"/><TAIKYOKU oya="0"/><INIT seed="0,0,0,5,4,43" ten="250,250,250,250" oya="0" hai0="38,44,18,58,116,107,19,1,69,112,122,10,52" hai1="21,0,82,68,108,87,64,7,123,3,26,102,59" hai2="77,89,86,28,88,85,133,15,128,127,130,35,48" hai3="34,22,94,65,78,2,125,95,92,124,97,120,93"/><T129/><D112/><U42/><E123/><V91/><F35/><W32/><G2/><T117/><D122/><U126/><E68/><V31/><F127/><N who="3" m="48715" /><G120/><T53/><D69/><U134/><E126/><V114/><F114/><W101/><G65/><T41/><D107/><U98/><E108/><V9/><F133/><W33/><G78/><T83/><D129/><N who="2" m="49770" /><F48/><W37/><G22/><T29/><D29/><N who="2" m="11338" /><F77/><W20/><G20/><T54/><D58/><U103/><E21/><V121/><F121/><W100/><G37/><T55/><N who="0" m="13312" /><DORA hai="12" /><T27/><D83/><U135/><E59/><V14/><F14/><W119/><G119/><T118/><REACH who="0" step="1"/><D27/><REACH who="0" ten="240,250,250,250" step="2"/><U17/><E26/><V8/><F8/><W23/><G23/><T45/><D45/><U60/><E134/><V39/><F39/><W36/><G36/><T132/><D132/><U76/><E135/><V79/><F79/><W56/><G56/><T63/><D63/><U80/><E60/><V72/><F72/><W113/><G113/><T106/><D106/><U90/><E76/><V99/><F99/><AGARI ba="0,1" hai="32,33,34,92,93,94,95,97,99,100,101" m="48715" machi="99" ten="40,1300,0" yaku="18,1" doraHai="43,12" who="3" fromWho="2" sc="240,0,250,0,250,-13,250,23" /><INIT seed="1,0,0,3,4,91" ten="240,250,237,273" oya="1" hai0="51,135,60,93,97,75,119,114,112,2,57,111,30" hai1="120,110,78,31,25,107,106,63,87,49,19,62,52" hai2="121,45,127,134,6,38,27,15,10,44,55,39,79" hai3="65,83,23,132,4,94,76,89,16,123,41,47,14"/><U1/><E120/><V84/><F121/><W101/><G132/><T128/><D119/><U96/><E1/><V105/><F105/><W64/><G101/><T133/><D75/><U3/><E3/><V92/><F134/><N who="0" m="51210" /><D111/><U43/><E110/><V33/><F127/><W88/><G123/><T54/><D2/><U130/><E130/><V36/><F55/><W56/><G4/><T116/><D128/><U100/><E107/><V125/><F125/><W124/><G124/><T34/><D116/><U37/><E19/><V85/><F79/><W53/><G47/><T72/><D72/><U86/><E37/><V5/><F5/><W9/><G41/><T109/><D109/><U12/><E12/><V28/><F84/><N who="3" m="48231" /><G9/><T61/><D30/><U80/><E87/><V40/><REACH who="2" step="1"/><F45/><REACH who="2" ten="240,250,227,273" step="2"/><W103/><G64/><T99/><D99/><U20/><E43/><V71/><F71/><W122/><G65/><T13/><D97/><U104/><E106/><V18/><F18/><W29/><G122/><T70/><D70/><U129/><E129/><V7/><F7/><W32/><G29/><T67/><D67/><U66/><E66/><V102/><F102/><W11/><G53/><T69/><D69/><U0/><E0/><V48/><F48/><W115/><G103/><T17/><D51/><U58/><AGARI ba="0,1" hai="20,25,31,49,52,58,62,63,78,80,86,96,100,104" machi="58" ten="20,3900,0" yaku="0,1,7,1,54,1" doraHai="91" who="1" fromWho="1" sc="240,-13,250,49,227,-13,273,-13" /><INIT seed="1,1,0,1,4,82" ten="227,299,214,260" oya="1" hai0="96,26,5,114,67,61,53,116,54,129,23,11,16" hai1="62,135,8,88,89,4,56,91,37,94,107,29,48" hai2="93,12,6,123,1,95,132,7,33,21,51,52,125" hai3="36,32,124,13,99,58,134,79,106,110,46,70,63"/><U3/><E37/><V19/><F123/><W35/><G110/><T76/><D114/><U59/><E107/><V115/><F115/><W120/><G120/><T122/><D122/><U40/><E135/><V131/><F132/><W41/><G134/><T24/><D116/><U9/><E29/><V42/><F42/><W18/><G124/><T34/><D129/><U90/><E8/><V81/><F131/><W78/><G70/><T85/><D96/><U14/><E3/><V101/><F33/><W102/><G35/><T133/><D133/><U22/><E22/><V72/><F125/><W45/><G45/><T57/><D26/><U38/><E38/><V87/><F72/><W17/><G32/><T117/><D117/><U30/><E30/><V104/><F104/><W112/><G18/><T49/><D34/><U10/><E9/><V25/><F1/><W60/><G60/><T103/><D103/><U66/><E40/><V43/><F43/><W69/><G69/><T105/><D105/><U98/><E48/><V100/><F100/><W126/><G126/><T86/><D76/><U128/><E56/><N who="2" m="32799" /><F101/><W50/><G36/><T27/><D27/><U77/><E77/><N who="2" m="46511" /><F25/><W84/><G112/><T71/><D54/><U28/><E28/><V111/><F111/><W130/><G130/><T74/><D74/><U2/><E128/><V92/><AGARI ba="1,0" hai="6,7,12,19,21,92,93,95" m="46511,32799" machi="92" ten="30,4000,0" yaku="8,1,52,1,54,1" doraHai="82" who="2" fromWho="2" sc="227,-11,299,-21,214,43,260,-11" /><INIT seed="2,0,0,3,4,57" ten="216,278,257,249" oya="2" hai0="53,81,19,20,0,51,131,17,84,31,66,116,34" hai1="16,63,115,8,54,48,64,23,70,56,105,100,119" hai2="40,75,99,7,9,59,95,78,89,127,132,135,125" hai3="36,37,58,43,77,76,130,74,2,10,13,67,69"/><V42/><F59/><W60/><G130/><T49/><D131/><U97/><E119/><V52/><F52/><W15/><G69/><T133/><D116/><U123/><E123/><V45/><F78/><W93/><G93/><T24/><D0/><U6/><E115/><V114/><F75/><W111/><G111/><T102/><D133/><N who="2" m="51274" /><F114/><W107/><G107/><T94/><D66/><U12/><REACH who="1" step="1"/><E23/><REACH who="1" ten="216,268,257,249" step="2"/><V38/><F40/><W128/><G43/><T101/><D34/><U82/><E82/><V62/><F62/><W55/><G60/><T4/><D20/><U98/><E98/><V22/><F22/><W39/><G128/><T92/><D81/><U108/><E108/><V110/><F110/><W73/><G73/><T85/><D85/><U121/><E121/><V65/><F65/><W29/><G74/><T18/><D84/><U25/><E25/><V5/><F5/><AGARI ba="0,1" hai="5,6,8,12,16,48,54,56,63,64,70,97,100,105" machi="5" ten="40,5200,0" yaku="1,1,52,1,54,1,53,0" doraHai="57" doraHaiUra="68" who="1" fromWho="2" sc="216,0,268,62,257,-52,249,0" /><INIT seed="3,0,0,3,0,46" ten="216,330,205,249" oya="3" hai0="18,78,5,116,24,93,103,112,127,3,67,59,74" hai1="106,125,96,17,104,35,16,130,87,92,84,41,31" hai2="62,49,126,54,88,80,4,48,94,61,58,36,7" hai3="68,27,132,8,86,73,108,11,121,128,90,2,15"/><W120/><G73/><T0/><D116/><U55/><E41/><V25/><F36/><W47/><G68/><T20/><D127/><U131/><E125/><V83/><F126/><W107/><G107/><N who="1" m="41002" /><E55/><N who="2" m="32103" /><F25/><W1/><G132/><T63/><D112/><U95/><E31/><V14/><F83/><W70/><G128/><N who="1" m="49194" /><E35/><V71/><F80/><W122/><G122/><T33/><D33/><U53/><E53/><V91/><F71/><W76/><G70/><T124/><D124/><U119/><E119/><V133/><F133/><W101/><G1/><T72/><D0/><U85/><E95/><V69/><F69/><W115/><G2/><T39/><D39/><U6/><E6/><N who="2" m="2091" /><F14/><W60/><G15/><T110/><D3/><U64/><E64/><V114/><F114/><W109/><G115/><T52/><D5/><U19/><E17/><V100/><F100/><AGARI ba="0,0" hai="16,19,84,85,87,92,96,100" m="49194,41002" machi="100" ten="40,2600,0" yaku="19,1,54,1" doraHai="46" who="1" fromWho="2" sc="216,0,330,26,205,-26,249,0" owari="216,-18.4,356,45.6,179,-32.1,249,4.9" /></mjloggm>