<mjloggm ver="2.3"><GO type="225" lobby="0"/><UN n0="%E6%A1%9C%E8%8A%B1%E9%96%83%E3%80%85" n1="%E6%80%AA%E3%81%97%E3%81%99%E3%81%8E%E3%82%8B%E3%83%81%E3%83%BC" n2="%E3%81%BF%E3%81%BF%E3%81%9A" n3="%54%4F%52" dan="18,16,17,17" rate="2291.59,2099.47,2169.77,2245.62" sx="M,M,M,M"/><TAIKYOKU oya="0"/><INIT seed="0,0,0,5,2,2" ten="250,250,250,250" oya="0" hai0="99,22,85,69,127,83,54,119,129,47,36,121,21" hai1="57,13,59,35,91,12,52,63,84,92,62,109,104" hai2="41,26,37,98,135,100,126,96,78,70,10,43,87" hai3="66,27,72,111,80,11,82,23,48,115,56,97,6"/><T93/><D119/><U19/><E109/><V90/><F70/><W122/><G115/><T45/><D121/><U0/><E0/><V51/><F37/><W4/><G111/><T76/><D127/><U113/><E104/><V8/><F126/><W65/><G122/><T1/><D69/><U106/><E106/><V49/><F78/><W17/><G97/><N who="2" m="37481" /><F100/><W20/><G72/><T32/><D32/><U25/><E113/><V89/><F26/><N who="3" m="14607" /><G11/><N who="2" m="4137" /><F135/><W81/><G48/><N who="2" m="18505" /><F87/><W33/><G33/><T112/><D1/><U50/><E35/><V39/><F39/><W107/><G107/><T101/><D112/><U71/><E71/><V74/><F74/><W55/><G55/><T31/><D36/><U53/><E50/><V28/><F28/><N who="3" m="17535" /><G56/><T7/><D21/><AGARI ba="0,0" hai="12,13,19,21,25,52,53,57,59,62,63,84,91,92" machi="21" ten="40,5200,0" yaku="9,1,8,1,54,1" doraHai="2" who="1" fromWho="0" sc="250,-52,250,52,250,0,250,0" /><INIT seed="1,0,0,1,2,67" ten="198,302,250,250" oya="1" hai0="113,83,57,41,68,132,82,54,104,71,70,130,4" hai1="127,86,21,62,84,34,49,133,80,33,111,5,129" hai2="131,52,114,117,107,72,3,13,32,123,12,77,27" hai3="88,31,97,61,90,110,108,116,69,93,17,2,76"/><U29/><E129/><V75/><F117/><W60/><G2/><T120/><D113/><U24/><E127/><V6/><F123/><W92/><G116/><T95/><D130/><U10/><E133/><V128/><F107/><W25/><G17/><T51/><D104/><U101/><E111/><N who="3" m="42538" /><G76/><T46/><D132/><U78/><E101/><V55/><F3/><W39/><G39/><T26/><D120/><U85/><E62/><V9/><F114/><W59/><G59/><T119/><D119/><U22/><E49/><V45/><F32/><N who="3" m="20591" /><G69/><T48/><D4/><U19/><E33/><V8/><F27/><W7/><G7/><T94/><REACH who="0" step="1"/><D26/><REACH who="0" ten="188,302,250,250" step="2"/><N who="1" m="14655" /><E34/><V125/><F6/><W50/><G50/><T109/><D109/><U47/><E47/><V81/><F45/><W79/><G79/><T56/><D56/><U38/><E38/><V98/><F77/><W64/><G64/><T74/><D74/><U53/><E5/><V135/><F135/><W1/><G1/><T35/><D35/><U134/><E134/><V122/><F122/><W11/><G11/><T91/><D91/><U65/><E10/><V0/><F0/><W126/><G126/><T96/><D96/><AGARI ba="0,1" hai="60,61,88,90,92,93,96,97" m="20591,42538" machi="96" ten="30,2000,0" yaku="14,1,54,1" doraHai="67" who="3" fromWho="0" sc="188,-20,302,0,250,0,250,30" /><INIT seed="2,0,0,1,1,108" ten="168,302,250,280" oya="2" hai0="54,24,42,92,129,31,60,115,9,18,96,47,63" hai1="127,41,4,6,131,64,120,58,111,100,14,102,26" hai2="89,107,81,1,87,44,56,59,134,104,62,85,0" hai3="83,36,124,51,126,112,2,22,123,40,98,109,65"/><V93/><F134/><W117/><G123/><T77/><D129/><U3/><E111/><V88/><F44/><W114/><G109/><T11/><D77/><U103/><E3/><V122/><F122/><W95/><G117/><T101/><D115/><N who="3" m="44073" /><G2/><T46/><D46/><U37/><E131/><V119/><F119/><W15/><G36/><T116/><D116/><U32/><E127/><N who="3" m="48682" /><G65/><T86/><D86/><U48/><E37/><V67/><F0/><W106/><G106/><T97/><D97/><U10/><E120/><V105/><REACH who="2" step="1"/><F1/><REACH who="2" ten="168,302,240,280" step="2"/><W70/><G40/><T99/><D42/><U78/><E41/><V73/><F73/><W53/><G70/><AGARI ba="0,1" hai="56,59,62,67,70,81,85,87,88,89,93,104,105,107" machi="70" ten="40,7700,0" yaku="1,1,54,1,53,1" doraHai="108" doraHaiUra="91" who="2" fromWho="3" sc="168,0,302,0,240,87,280,-77" /><INIT seed="2,1,0,0,4,58" ten="168,302,327,203" oya="2" hai0="27,91,64,38,110,87,96,47,86,102,78,54,131" hai1="65,53,35,128,74,29,18,24,82,21,75,66,119" hai2="46,37,1,114,34,134,99,62,69,104,123,41,33" hai3="60,129,25,121,23,10,5,109,12,84,112,71,133"/><V95/><F114/><W22/><G121/><T0/><D110/><U45/><E119/><V28/><F123/><W4/><G109/><T73/><D0/><U15/><E128/><V2/><F95/><W57/><G129/><T8/><D131/><U135/><E135/><V56/><F56/><W120/><G120/><T80/><D8/><U59/><E45/><V108/><F134/><W31/><G133/><T98/><D64/><U67/><REACH who="1" step="1"/><E82/><REACH who="1" ten="168,292,327,203" step="2"/><V52/><F108/><W116/><G112/><T17/><D47/><U118/><E118/><V14/><F46/><W77/><G116/><T130/><D130/><U100/><E100/><V83/><F37/><W32/><G71/><T40/><D38/><U7/><E7/><V126/><F83/><W43/><G4/><T63/><D102/><U115/><E115/><V36/><F36/><W70/><G70/><T76/><D40/><U103/><E103/><V39/><F41/><W26/><G43/><T127/><D127/><U20/><E20/><V94/><F39/><W50/><G32/><T117/><D117/><U55/><E55/><V93/><F52/><W68/><G68/><T105/><D80/><U88/><E88/><V111/><F69/><W113/><G113/><T72/><D91/><U90/><E90/><V9/><F126/><W92/><G23/><N who="0" m="13807" /><D78/><U107/><E107/><V81/><F104/><W106/><G106/><T44/><D44/><U13/><E13/><V79/><F111/><W11/><G12/><T16/><D105/><U125/><E125/><V97/><F14/><W19/><G5/><T3/><D76/><RYUUKYOKU ba="1,1" sc="168,-10,292,30,327,-10,203,-10" hai1="15,18,21,24,29,35,53,59,65,66,67,74,75" /><INIT seed="3,2,1,4,1,4" ten="158,322,317,193" oya="3" hai0="77,88,110,133,91,120,130,38,64,42,11,61,16" hai1="101,23,121,17,3,84,22,72,79,112,27,122,115" hai2="118,19,25,55,63,74,31,119,78,2,92,124,62" hai3="68,52,8,7,24,69,87,60,103,46,34,47,33"/><W48/><G103/><T18/><D120/><N who="1" m="46187" /><E84/><V21/><F2/><W81/><G46/><T104/><D104/><U134/><E79/><V1/><F1/><W20/><G33/><T35/><D35/><U70/><E70/><V73/><F92/><W85/><G34/><T98/><D110/><U59/><E59/><V29/><F55/><W107/><G107/><T131/><D77/><U105/><E72/><V56/><F78/><W32/><G32/><T83/><D133/><U67/><E67/><V128/><F56/><N who="3" m="34823" /><G68/><N who="0" m="41999" /><D83/><U109/><E101/><V76/><F76/><N who="3" m="46247" /><G69/><T49/><D38/><U126/><E105/><V58/><F58/><W100/><G100/><T50/><D98/><U95/><E126/><V116/><F124/><W57/><G87/><T89/><D11/><U96/><E3/><V94/><F62/><W30/><G57/><T53/><D42/><U90/><E134/><V127/><F63/><W71/><G71/><T123/><D123/><U132/><E112/><V12/><F127/><W14/><G48/><N who="0" m="18539" /><D53/><U45/><E115/><V99/><F128/><AGARI ba="2,1" hai="16,18,88,89,91,128,130,131" m="18539,41999" machi="128" ten="30,3900,0" yaku="19,1,54,2" doraHai="4" who="0" fromWho="2" sc="158,55,322,0,317,-45,193,0" owari="213,-18.7,322,42.2,272,7.2,193,-30.7" /></mjloggm>