<mjloggm ver="2.3"><GO type="225" lobby="0"/><UN n0="%E3%81%A1%E3%82%85%E3%81%86%E3%81%A9%E3%81%8F%E8%B1%A1%E3%81%95%E3%82%93" n1="%33%74%72%65%65" n2="%E3%83%B4%E3%83%A0%EF%BC%99%E3%81%A6" n3="%E9%80%9F%E6%B0%B4%E5%87%9B%E9%A6%99" dan="17,17,17,16" rate="2151.20,2165.08,2239.40,2109.35" sx="M,F,M,F"/><TAIKYOKU oya="0"/><INIT seed="0,0,0,4,3,66" ten="250,250,250,250" oya="0" hai0="47,58,3,25,113,111,51,126,103,79,82,102,31" hai1="19,120,50,5,55,98,43,63,73,49,133,14,75" hai2="132,118,48,27,33,57,107,92,125,129,128,4,71" hai3="60,41,35,105,52,56,78,104,6,61,45,26,34"/><T124/><D113/><U29/><E120/><V7/><F107/><W13/><G78/><T53/><D3/><U116/><E116/><V67/><F118/><W22/><G61/><T69/><D111/><U1/><E133/><V89/><F132/><W44/><G44/><T117/><D117/><U40/><E29/><V131/><F125/><N who="0" m="48234" /><D47/><U86/><E75/><V85/><F57/><W135/><G135/><T134/><D134/><U108/><E73/><V101/><F48/><N who="1" m="18537" /><E5/><V11/><F101/><W30/><G105/><T2/><D2/><U62/><E1/><V68/><F67/><W106/><G106/><T94/><D94/><U12/><E108/><V10/><F4/><W8/><REACH who="3" step="1"/><G104/><REACH who="3" ten="250,250,250,240" step="2"/><T93/><D93/><U87/><E63/><V121/><F121/><W100/><G100/><T96/><D103/><U110/><E110/><V83/><F92/><W23/><G23/><N who="0" m="15807" /><D102/><U9/><E98/><V39/><F39/><AGARI ba="0,1" hai="6,8,13,22,26,30,34,35,39,41,45,52,56,60" machi="39" ten="30,7700,0" yaku="1,1,7,1,54,1,53,1" doraHai="66" doraHaiUra="16" who="3" fromWho="2" sc="250,0,250,0,250,-77,240,87" /><INIT seed="1,0,0,3,1,52" ten="250,250,173,327" oya="1" hai0="1,10,3,105,108,129,80,30,99,121,73,106,134" hai1="61,124,82,4,127,102,60,69,62,54,131,128,33" hai2="92,90,19,72,130,39,93,0,89,94,116,100,133" hai3="78,20,101,8,24,37,53,98,9,96,84,35,109"/><U14/><E33/><V25/><F0/><W13/><G37/><T6/><D108/><U68/><E102/><V65/><F116/><W66/><G35/><T26/><D134/><U42/><E82/><V110/><F39/><W103/><G109/><T123/><D129/><N who="1" m="49739" /><E4/><V88/><F110/><W16/><G66/><T114/><D114/><U50/><E42/><V36/><F133/><W15/><G78/><N who="0" m="44111" /><D1/><U17/><E17/><V44/><F130/><W122/><G122/><N who="0" m="46603" /><D99/><N who="3" m="37929" /><G84/><T83/><D83/><U125/><E14/><V104/><F104/><W28/><G53/><T112/><D112/><U117/><E117/><V45/><F100/><W49/><G49/><T71/><D71/><U46/><AGARI ba="0,0" hai="46,50,54,60,61,62,68,69,124,125,127" m="49739" machi="46" ten="40,12000,1" yaku="18,1,19,1,34,2" doraHai="52" who="1" fromWho="1" sc="250,-40,250,120,173,-40,327,-40" /><INIT seed="1,1,0,2,0,92" ten="210,370,133,287" oya="1" hai0="52,115,59,78,23,107,62,132,71,135,128,53,119" hai1="85,72,74,102,18,118,97,34,100,57,66,89,5" hai2="44,88,133,58,33,28,45,129,130,25,17,14,117" hai3="76,64,70,108,120,42,20,83,84,60,121,99,96"/><U80/><E118/><V21/><F117/><W39/><G108/><T0/><D0/><U116/><E116/><V26/><F133/><N who="0" m="51274" /><D119/><U90/><E34/><V98/><F58/><W104/><G104/><T127/><D78/><U31/><E31/><V11/><F130/><W41/><G39/><T73/><D73/><U112/><E112/><V122/><F122/><W68/><G68/><T124/><D23/><U79/><E5/><V37/><F37/><W16/><G121/><T109/><D107/><N who="1" m="63887" /><E18/><V87/><F129/><W9/><G120/><T106/><D106/><U93/><E66/><V65/><F65/><W48/><G9/><T27/><D27/><U94/><E57/><V29/><REACH who="2" step="1"/><F98/><REACH who="2" ten="210,370,123,287" step="2"/><W69/><G69/><T7/><D128/><U63/><E63/><V55/><F55/><W10/><G41/><T77/><D115/><U13/><E102/><V95/><AGARI ba="1,1" hai="11,14,17,21,25,26,28,29,33,44,45,87,88,95" machi="95" ten="20,5200,0" yaku="1,1,0,1,7,1,54,1,53,0" doraHai="92" doraHaiUra="67" who="2" fromWho="2" sc="210,-14,370,-27,123,65,287,-14" /><INIT seed="2,0,0,0,3,9" ten="196,343,188,273" oya="2" hai0="125,29,121,85,33,89,124,34,16,76,11,96,95" hai1="99,40,45,55,72,83,84,98,53,92,81,87,52" hai2="10,122,135,49,15,109,27,129,44,130,5,67,18" hai3="4,2,28,3,102,68,50,123,73,0,42,117,80"/><V26/><F122/><W97/><G68/><T112/><D112/><U91/><E72/><V48/><F135/><W82/><G123/><T25/><D121/><U132/><E132/><V74/><F74/><W93/><G117/><T133/><D133/><U41/><E45/><V69/><F109/><W108/><G108/><T21/><D11/><U59/><E59/><V119/><F119/><W101/><G28/><T110/><D110/><U6/><E6/><V14/><F67/><W120/><G120/><T104/><D29/><U126/><E126/><N who="0" m="48745" /><D104/><U39/><E39/><V118/><F69/><W64/><G64/><T94/><D76/><N who="1" m="46119" /><E99/><V61/><F61/><W111/><G111/><T115/><D115/><U30/><E30/><V63/><F63/><W36/><G36/><T65/><D65/><U77/><AGARI ba="0,0" hai="40,41,52,53,55,77,83,87,91,92,98" m="46119" machi="77" ten="30,2000,0" yaku="8,1,54,1" doraHai="9" who="1" fromWho="1" sc="196,-5,343,20,188,-10,273,-5" /><INIT seed="3,0,0,1,4,116" ten="191,363,178,268" oya="3" hai0="133,2,101,3,89,25,112,91,63,57,60,76,58" hai1="42,113,132,1,97,119,104,125,78,53,22,99,95" hai2="85,39,98,129,121,122,33,47,130,15,34,88,100" hai3="16,111,96,108,45,21,90,11,26,59,114,52,103"/><W134/><G114/><T40/><D40/><U86/><E119/><V68/><F68/><W28/><G45/><T44/><D76/><U102/><E1/><V19/><F47/><W54/><G134/><T12/><D44/><U0/><E0/><V6/><F6/><W117/><G117/><T115/><D101/><U79/><E42/><V20/><F39/><W8/><G90/><N who="0" m="34315" /><D133/><U74/><E22/><V84/><F33/><W43/><G43/><T49/><D49/><U124/><E53/><V105/><F34/><W93/><G54/><N who="0" m="33847" /><D25/><U69/><E69/><V87/><REACH who="2" step="1"/><F88/><REACH who="2" ten="191,363,168,268" step="2"/><W110/><G28/><T13/><D2/><U131/><E132/><V38/><F38/><W17/><G17/><T10/><D3/><U66/><E113/><N who="0" m="43593" /><D10/><U50/><E124/><V46/><F46/><W56/><G56/><T72/><D72/><U31/><E125/><V24/><F24/><W14/><G26/><T77/><D77/><U120/><E79/><V32/><F32/><W135/><G135/><T7/><D7/><U35/><E78/><V9/><F9/><W128/><G128/><AGARI ba="0,1" hai="15,19,20,84,85,87,98,100,105,121,122,128,129,130" machi="128" ten="40,8000,1" yaku="1,1,19,1,52,2,53,0" doraHai="116" doraHaiUra="64" who="2" fromWho="3" sc="191,0,363,0,168,90,268,-80" owari="191,-20.9,363,46.3,258,5.8,188,-31.2" /></mjloggm>