<mjloggm ver="2.3"><GO type="225" lobby="0"/><UN n0="%73%61%6E%64%69%72%69%73" n1="%E3%81%8B%E3%82%8F%E3%81%A1%E3%82%83%E3%82%93%35%38" n2="%E9%B3%B3%E6%9D%B1%E3%81%AE%E3%81%86%E3%81%95%E3%81%8E%E3%81%95%E3%82%93" n3="%4C%4F%4C%49%54%41" dan="16,16,17,16" rate="2157.47,2135.21,2193.20,2133.66" sx="M,M,M,F"/><TAIKYOKU oya="0"/><INIT seed="0,0,0,3,3,135" ten="250,250,250,250" oya="0" hai0="56,117,87,15,73,50,59,45,43,21,118,65,2" hai1="38,130,57,14,36,67,108,109,44,88,121,74,99" hai2="68,53,72,52,5,89,19,9,131,42,124,98,22" hai3="58,96,132,20,29,95,106,35,71,80,115,75,105"/><T79/><D2/><U24/><E121/><V97/><F131/><W91/><G115/><T55/><D73/><U122/><E122/><V6/><F68/><W82/><G71/><T102/><D102/><U7/><E74/><V18/><F72/><W85/><G35/><T81/><D65/><U110/><E130/><V62/><F42/><W54/><G132/><T47/><D59/><U83/><E24/><N who="2" m="14423" /><F124/><W104/><G75/><T69/><D47/><U111/><N who="1" m="27648" /><DORA hai="33" /><U66/><E44/><V11/><F19/><W119/><G119/><T28/><D69/><U13/><E66/><V49/><F62/><W101/><G29/><T31/><D31/><U129/><E129/><V46/><F53/><W86/><G20/><T113/><D113/><U100/><E57/><V78/><F78/><N who="3" m="46231" /><G54/><T32/><D32/><U107/><E67/><V30/><F30/><W93/><G58/><T39/><REACH who="0" step="1"/><D15/><REACH who="0" ten="240,250,250,250" step="2"/><U94/><E14/><N who="2" m="5423" /><F89/><W1/><G1/><T37/><D37/><U112/><E112/><V12/><AGARI ba="0,1" hai="6,11,12,46,49,52,97,98" m="5423,14423" machi="12" ten="30,2000,0" yaku="8,1,54,1" doraHai="135,33" who="2" fromWho="2" sc="240,-10,250,-5,250,30,250,-5" /><INIT seed="1,0,0,5,1,42" ten="230,245,280,245" oya="1" hai0="125,7,6,98,99,9,28,102,64,117,23,83,120" hai1="34,113,65,59,88,110,101,95,27,54,121,91,70" hai2="103,46,69,39,56,31,1,72,19,48,40,114,122" hai3="80,107,84,37,133,93,58,85,8,71,30,92,96"/><U87/><E121/><V20/><F122/><W116/><G71/><T97/><D117/><U66/><E113/><V62/><F114/><W15/><G116/><T132/><D120/><U33/><E110/><V47/><F72/><W16/><G133/><T52/><D132/><U24/><E101/><V17/><F1/><W45/><G30/><T89/><D64/><N who="1" m="24683" /><E33/><V131/><F131/><W53/><G107/><T12/><D125/><U94/><E34/><V2/><F2/><W106/><G106/><T126/><D126/><U25/><E70/><V51/><F69/><W32/><G32/><T82/><D6/><U68/><E68/><V13/><F103/><W81/><G37/><T86/><D83/><N who="3" m="31817" /><G45/><N who="2" m="16905" /><F39/><W135/><G135/><T128/><D128/><U43/><E43/><V104/><F40/><W115/><G115/><T73/><D73/><U41/><E41/><V112/><F31/><W57/><G57/><T0/><D0/><U49/><E25/><N who="2" m="14479" /><F104/><W3/><G3/><T38/><D38/><U108/><E108/><V134/><F112/><W18/><G18/><T11/><D102/><U14/><E14/><V55/><F134/><W22/><G15/><T100/><D100/><U21/><E21/><AGARI ba="0,0" hai="13,19,21,48,51,55,56,62" m="14479,16905" machi="21" ten="30,7700,0" yaku="8,1,52,3" doraHai="42" who="2" fromWho="1" sc="230,0,245,-77,280,77,245,0" /><INIT seed="2,0,0,0,3,35" ten="230,168,357,245" oya="2" hai0="86,32,27,101,33,121,53,66,39,82,119,52,112" hai1="13,134,30,17,99,50,130,36,71,26,40,21,105" hai2="118,9,128,8,109,0,62,98,78,23,113,45,110" hai3="77,65,41,61,69,15,55,67,10,88,120,89,97"/><V34/><F34/><W129/><G120/><T76/><D121/><U59/><E71/><V16/><F113/><W73/><G129/><T70/><D112/><U24/><E134/><V80/><F118/><W74/><G41/><T127/><D39/><U131/><E36/><V104/><F128/><W111/><G111/><N who="2" m="42505" /><F45/><W122/><G122/><T25/><D127/><U87/><E131/><V11/><F62/><W132/><G132/><T84/><D33/><U116/><E116/><V94/><F104/><W46/><G67/><T29/><D119/><U2/><E130/><V93/><F98/><W4/><G97/><T12/><D25/><U133/><E133/><V125/><F125/><W60/><G61/><T95/><D66/><U43/><E2/><V117/><F0/><W49/><G77/><T42/><D42/><U28/><E87/><N who="2" m="48535" /><F117/><W47/><REACH who="3" step="1"/><G46/><REACH who="3" ten="230,168,357,235" step="2"/><T85/><D76/><U58/><E99/><V103/><F103/><W79/><G79/><T22/><D101/><U90/><E90/><AGARI ba="0,1" hai="4,10,15,47,49,55,60,65,69,73,74,88,89,90" machi="90" ten="40,2600,0" yaku="1,1,54,1,53,0" doraHai="35" doraHaiUra="81" who="3" fromWho="1" sc="230,0,168,-26,357,0,235,36" /><INIT seed="3,0,0,3,4,81" ten="230,142,357,271" oya="3" hai0="37,55,15,108,118,25,7,127,89,9,101,76,134" hai1="58,26,42,109,62,30,47,31,41,125,92,22,27" hai2="91,82,48,3,1,120,86,130,103,20,68,66,28" hai3="94,24,18,98,78,132,131,122,35,49,54,51,107"/><W67/><G122/><T87/><D118/><U113/><E109/><V88/><F120/><W44/><G107/><T123/><D37/><U93/><E125/><V11/><F103/><W16/><G131/><T121/><D108/><U8/><E113/><V40/><F130/><W61/><G132/><T124/><D134/><U38/><E38/><V45/><F91/><W84/><G35/><T95/><D101/><U5/><E5/><V23/><F11/><W59/><G24/><T17/><D55/><U64/><E8/><V75/><F75/><W83/><G51/><T100/><D100/><AGARI ba="0,0" hai="16,18,44,49,54,59,61,67,78,83,84,94,98,100" machi="100" ten="30,11600,0" yaku="7,1,8,1,52,1,54,1" doraHai="81" who="3" fromWho="0" sc="230,-116,142,0,357,0,271,116" owari="114,-38.6,142,-25.8,357,15.7,387,48.7" /></mjloggm>