<mjloggm ver="2.3"><GO type="225" lobby="0"/><UN n0="%E3%81%86%E3%81%A1%E3%83%BC" n1="%E3%81%95%E3%81%8D%E3%81%9F%E3%81%BE%E6%9E%97%E6%AA%8E" n2="%6D%75%75%6D%75%72%61" n3="%E5%B8%86%E7%AB%8B%E5%A4%8F%E8%A1%A3" dan="17,16,16,17" rate="2182.16,2163.85,2207.82,2188.51" sx="M,M,M,M"/><TAIKYOKU oya="0"/><INIT seed="0,0,0,4,1,58" ten="250,250,250,250" oya="0" hai0="129,88,1,41,4,111,29,15,49,105,119,39,107" hai1="55,128,100,12,6,122,30,9,74,69,19,24,124" hai2="126,93,117,86,90,51,65,103,99,17,48,101,110" hai3="57,113,70,47,36,66,77,85,43,35,3,92,23"/><T94/><D119/><U133/><E122/><V64/><F110/><W121/><G121/><T40/><D1/><U84/><E74/><V108/><F108/><W42/><G113/><T89/><D111/><U116/><E116/><V98/><F126/><W73/><G35/><T59/><D39/><U2/><E124/><V10/><F117/><W71/><G3/><T22/><D129/><U44/><E133/><V32/><F32/><W34/><G34/><T80/><D105/><U104/><E128/><V82/><F17/><W14/><G43/><T56/><D89/><U125/><E125/><V52/><F51/><W78/><G57/><N who="0" m="22091" /><D80/><U97/><E69/><V68/><F10/><W118/><G71/><T123/><D107/><U50/><E84/><V134/><F134/><W135/><G135/><T120/><D49/><U76/><E76/><V91/><F91/><N who="3" m="53359" /><G73/><T7/><D123/><U26/><E26/><V96/><F68/><W18/><G118/><T21/><D29/><U131/><E131/><V60/><F82/><W79/><G70/><T11/><D7/><U114/><E114/><V33/><F33/><W87/><G66/><T63/><D63/><U115/><E115/><V45/><F60/><W8/><G87/><N who="0" m="52511" /><D120/><U0/><E6/><V130/><F130/><W83/><G83/><T106/><D106/><U62/><E62/><V75/><F75/><W67/><G67/><AGARI ba="0,0" hai="45,48,52,64,65,67,86,90,93,96,98,99,101,103" machi="67" ten="40,2600,0" yaku="8,1,54,1" doraHai="58" who="2" fromWho="3" sc="250,0,250,0,250,26,250,-26" /><INIT seed="1,0,0,1,0,25" ten="250,250,276,224" oya="1" hai0="9,19,118,36,122,7,21,61,5,97,112,2,6" hai1="20,131,104,12,120,26,85,16,102,42,73,66,56" hai2="4,121,125,27,129,48,128,130,116,17,126,49,35" hai3="47,28,55,75,117,29,124,113,78,63,32,41,53"/><U22/><E120/><V71/><F121/><W135/><G113/><T57/><D36/><U83/><E73/><V58/><F71/><W81/><G124/><N who="2" m="47721" /><F116/><W103/><G135/><T94/><D118/><U10/><E131/><V133/><F133/><W18/><G117/><T82/><D82/><U88/><E42/><V127/><N who="2" m="47729" /><V68/><DORA hai="92" /><F68/><W13/><G32/><T119/><D112/><U72/><E72/><V134/><F134/><W90/><G103/><T14/><D119/><U76/><E104/><V37/><F37/><W15/><G15/><T108/><D108/><U110/><E110/><V62/><F4/><W96/><G96/><T74/><D74/><U100/><E76/><V24/><F17/><W69/><G90/><T91/><REACH who="0" step="1"/><D122/><REACH who="0" ten="240,250,276,224" step="2"/><U44/><E44/><V77/><F128/><W50/><G69/><T34/><D34/><U109/><E109/><V31/><F129/><W80/><G80/><T11/><D11/><U111/><E111/><V46/><F130/><W84/><G75/><T101/><D101/><U87/><E10/><V115/><F115/><W79/><G79/><T106/><D106/><U107/><E107/><V70/><F77/><W39/><G39/><T65/><AGARI ba="0,1" hai="2,5,6,7,9,14,19,21,57,61,65,91,94,97" machi="65" ten="20,8000,1" yaku="1,1,0,1,7,1,52,1,53,1" doraHai="25,92" doraHaiUra="98,86" who="0" fromWho="0" sc="240,90,250,-40,276,-20,224,-20" /><INIT seed="2,0,0,2,3,63" ten="330,210,256,204" oya="2" hai0="35,89,36,65,79,120,116,68,20,10,51,15,87" hai1="50,81,13,77,40,100,108,71,22,106,12,93,129" hai2="14,31,29,58,104,26,130,92,111,30,124,132,113" hai3="112,4,32,109,11,33,5,98,6,72,47,62,0"/><V7/><F104/><W25/><G72/><T52/><D36/><U59/><E108/><V1/><F113/><W21/><G112/><T128/><D35/><N who="3" m="13385" /><G98/><T23/><D120/><U94/><E129/><V46/><F130/><W88/><G47/><T60/><D79/><U44/><E71/><V80/><F124/><W28/><G88/><T34/><D34/><U123/><E123/><V48/><F92/><N who="1" m="35433" /><E106/><V125/><F80/><W110/><G62/><T75/><D75/><U16/><E100/><V66/><F46/><W27/><G27/><T19/><D116/><U57/><E12/><V122/><F26/><W85/><G85/><AGARI ba="0,0" hai="13,16,22,40,44,50,57,59,77,81,85" m="35433" machi="85" ten="30,2000,0" yaku="8,1,54,1" doraHai="63" who="1" fromWho="3" sc="330,0,210,20,256,0,204,-20" /><INIT seed="3,0,0,0,2,13" ten="330,230,256,184" oya="3" hai0="67,14,37,60,84,23,17,46,132,89,58,135,18" hai1="114,64,15,44,108,9,128,87,99,7,41,133,55" hai2="6,70,82,120,90,12,38,54,88,96,106,113,51" hai3="107,5,30,115,111,28,20,33,71,83,119,11,93"/><W48/><G107/><T129/><D129/><U49/><E108/><V2/><F38/><W109/><G71/><T105/><D105/><U98/><E133/><N who="0" m="51273" /><D18/><U131/><E114/><V72/><F113/><W112/><G119/><T134/><D134/><U57/><E64/><V92/><F2/><N who="3" m="439" /><G93/><N who="0" m="54439" /><D46/><U25/><E25/><V3/><F70/><W56/><G83/><T95/><D95/><U104/><E104/><V122/><F106/><W27/><G56/><T78/><D78/><U130/><REACH who="1" step="1"/><E87/><REACH who="1" ten="330,220,256,184" step="2"/><V110/><F110/><N who="3" m="41995" /><G48/><AGARI ba="0,1" hai="7,9,15,41,44,48,49,55,57,98,99,128,130,131" machi="48" ten="40,2600,0" yaku="1,1,19,1,53,0" doraHai="13" doraHaiUra="31" who="1" fromWho="3" sc="330,0,220,36,256,0,184,-26" owari="330,43.0,256,5.6,256,-14.4,158,-34.2" /></mjloggm>