<mjloggm ver="2.3"><GO type="225" lobby="0"/><UN n0="%E3%83%B4%E3%83%A0%EF%BC%99%E3%81%A6" n1="%E3%82%B5%E3%83%AB%E3%82%B7%E3%83%B3" n2="%E2%91%A3%E9%81%BF%E9%81%8A%E6%88%AF%E3%80%90%E6%9D%B1%E5%8D%97%E3%80%91" n3="%72%69%6F%75%63%68%61%6E" dan="17,16,16,17" rate="2184.28,2118.65,2112.38,2263.59" sx="M,M,M,M"/><TAIKYOKU oya="0"/><INIT seed="0,0,0,4,2,77" ten="250,250,250,250" oya="0" hai0="13,94,4,69,80,9,62,32,15,104,73,25,34" hai1="102,44,65,45,22,26,27,78,105,54,10,106,88" hai2="30,75,113,100,90,38,51,56,124,33,71,72,111" hai3="103,61,133,41,57,35,79,8,107,131,96,84,118"/><T134/><D104/><U82/><E65/><V63/><F113/><W46/><G131/><T40/><D134/><U125/><E102/><V67/><F124/><W119/><G133/><T120/><D120/><U85/><E125/><V43/><F90/><W98/><G35/><T129/><D129/><U0/><E106/><V66/><F66/><W49/><G96/><T6/><D40/><U83/><E105/><V18/><F18/><W86/><G8/><T53/><D25/><U114/><E114/><V101/><F101/><W132/><G132/><T1/><D94/><U74/><E54/><N who="2" m="31839" /><F100/><W112/><G112/><T31/><D31/><U58/><E58/><V122/><F122/><W47/><G47/><T121/><D121/><U91/><E91/><V11/><F11/><W70/><G70/><T108/><D6/><U2/><E26/><N who="2" m="18647" /><F111/><W109/><G109/><T48/><D108/><U126/><E126/><V39/><F39/><W97/><G97/><T92/><D92/><U123/><E123/><V76/><F76/><W50/><G50/><T23/><D32/><U52/><E52/><V95/><F95/><W68/><G68/><T64/><D23/><U21/><E22/><V59/><F59/><W24/><G24/><T87/><D34/><U12/><E0/><V60/><F60/><W135/><G135/><T116/><D69/><U93/><E93/><V37/><F37/><W29/><G29/><T99/><D62/><U89/><E2/><V110/><F110/><W28/><G28/><T16/><D64/><U128/><E21/><V55/><F55/><N who="3" m="33983" /><G79/><T42/><D53/><RYUUKYOKU ba="0,0" sc="250,-15,250,-15,250,15,250,15" hai2="38,43,63,67,71,72,75" hai3="41,46,49,84,86,98,103,107,118,119" /><INIT seed="1,1,0,1,5,4" ten="235,235,265,265" oya="1" hai0="14,120,50,59,116,109,85,129,16,37,108,65,101" hai1="31,46,79,86,117,27,12,127,128,112,66,33,135" hai2="97,6,25,69,74,21,8,30,123,36,11,45,118" hai3="115,0,99,89,9,29,67,1,104,43,83,71,56"/><U13/><E117/><V70/><F118/><W134/><G115/><T54/><D116/><U105/><E112/><V39/><F123/><W55/><G134/><T73/><D73/><U72/><E105/><V124/><F124/><W133/><G133/><T131/><D37/><U100/><E135/><V98/><F74/><W68/><G43/><T82/><D65/><U107/><E127/><V19/><F98/><W95/><G104/><T77/><D101/><U121/><E121/><V44/><F97/><W76/><G29/><T84/><D84/><U51/><E72/><V57/><F57/><W90/><G90/><T94/><D94/><U40/><E100/><V114/><F114/><W64/><G64/><T28/><D28/><U53/><E107/><V132/><F132/><W34/><G34/><T103/><D103/><U42/><E66/><V113/><F113/><W38/><G38/><T18/><D18/><U106/><E106/><V88/><F88/><W60/><G9/><N who="0" m="6223" /><D120/><U62/><E86/><V75/><F75/><W10/><G10/><N who="2" m="3625" /><F6/><W125/><G125/><T5/><D5/><U3/><E3/><V78/><F78/><W91/><G76/><T47/><D59/><N who="1" m="35183" /><E79/><V7/><F7/><W17/><G17/><T24/><D24/><U41/><E128/><AGARI ba="1,0" hai="47,50,54,77,82,85,108,109,128,129,131" m="6223" machi="128" ten="30,3900,0" yaku="19,1,52,1,54,1" doraHai="4" who="0" fromWho="1" sc="235,42,235,-42,265,0,265,0" /><INIT seed="2,0,0,5,1,95" ten="277,193,265,265" oya="2" hai0="104,4,123,0,40,33,38,116,1,130,30,58,124" hai1="32,94,75,109,22,6,102,84,53,79,61,122,15" hai2="18,129,12,44,125,128,25,68,67,11,17,46,14" hai3="26,132,19,78,131,29,24,5,34,135,113,105,120"/><V49/><F125/><W77/><G120/><T111/><RYUUKYOKU type="yao9" ba="0,0" sc="277,0,193,0,265,0,265,0" hai0="0,1,4,30,33,38,40,58,104,111,116,123,124,130" /><INIT seed="2,1,0,3,5,99" ten="277,193,265,265" oya="2" hai0="107,22,93,81,50,19,91,133,126,74,49,24,27" hai1="47,106,34,60,112,82,59,121,40,86,30,11,21" hai2="44,120,124,73,75,26,18,53,114,29,14,95,51" hai3="119,42,85,52,115,65,1,0,108,37,20,76,23"/><V113/><F120/><W77/><G119/><T64/><D107/><U89/><E112/><V71/><F71/><W6/><G115/><T33/><D126/><U116/><E116/><V127/><F114/><W111/><G65/><T130/><D130/><U96/><E34/><V66/><F113/><W54/><G42/><T12/><D133/><U134/><E134/><V16/><F66/><W97/><G37/><T2/><D2/><N who="3" m="1129" /><G6/><T70/><D74/><U31/><E121/><V5/><F5/><W32/><G32/><T78/><D64/><U92/><E11/><V69/><F69/><W7/><G7/><T62/><D62/><U15/><E106/><V102/><F75/><W35/><G35/><T135/><D70/><U25/><E15/><V36/><F73/><W129/><G97/><N who="0" m="57535" /><D33/><U110/><E47/><V122/><F36/><W67/><G67/><T61/><D61/><U87/><E40/><V72/><F72/><W131/><G85/><N who="0" m="48311" /><D135/><U88/><E87/><V118/><F118/><W98/><G98/><T105/><D105/><U9/><E9/><V43/><F43/><W45/><G76/><T28/><D28/><U63/><E63/><V17/><F14/><W125/><G77/><T80/><D80/><U84/><E84/><V55/><F55/><N who="3" m="21035" /><G45/><T4/><D4/><U109/><REACH who="1" step="1"/><E31/><REACH who="1" ten="277,183,265,265" step="2"/><V83/><F122/><W41/><G41/><T79/><D12/><U104/><E104/><V58/><F44/><W123/><G123/><T8/><D8/><U48/><E48/><N who="0" m="18537" /><D27/><U101/><E101/><V13/><F13/><W56/><G131/><T3/><D3/><RYUUKYOKU ba="1,1" sc="277,15,183,15,265,-15,265,-15" hai0="19,22,24,79" hai1="21,25,30,59,60,82,86,88,89,92,96,109,110" /><INIT seed="3,2,1,3,5,134" ten="292,198,250,250" oya="3" hai0="55,87,12,65,110,5,64,76,10,66,92,11,63" hai1="57,19,44,7,109,34,23,56,9,13,60,115,62" hai2="31,104,108,37,123,53,26,30,27,125,79,121,111" hai3="135,128,69,101,106,0,39,120,22,73,15,25,88"/><W49/><G120/><N who="2" m="46153" /><F104/><W129/><G135/><T90/><D110/><N who="2" m="42026" /><F37/><W82/><G0/><T122/><D122/><U107/><E115/><V41/><F41/><W114/><G114/><T38/><D38/><U116/><E116/><V103/><F103/><W91/><G69/><T20/><D76/><U4/><E34/><N who="2" m="20823" /><F79/><N who="3" m="44399" /><G15/><N who="0" m="5583" /><D20/><U98/><E44/><V29/><F53/><W59/><G39/><T72/><D72/><U132/><E132/><V78/><F78/><W80/><G80/><T14/><D11/><U86/><E86/><V75/><F75/><W42/><G101/><T52/><D55/><U2/><E109/><V130/><F130/><N who="3" m="50283" /><G106/><T118/><D118/><U71/><E7/><V33/><F31/><N who="3" m="17847" /><G59/><AGARI ba="2,1" hai="12,14,52,59,63,64,65,66,87,90,92" m="5583" machi="59" ten="30,2000,0" yaku="8,1,54,1" doraHai="134" who="0" fromWho="3" sc="292,36,198,0,250,0,250,-26" owari="328,42.8,198,-30.2,250,5.0,224,-17.6" /></mjloggm>