<mjloggm ver="2.3"><GO type="225" lobby="0"/><UN n0="%33%74%72%65%65" n1="%E3%80%93%E3%81%97%E3%83%BC%E3%82%89%E3%80%93" n2="%E6%A1%9C%E8%8A%B1%E9%96%83%E3%80%85" n3="%E6%98%93%E5%88%A9%E8%96%A9%E4%BC%AF" dan="16,17,16,16" rate="2122.02,2168.66,2170.45,2100.83" sx="F,M,M,F"/><TAIKYOKU oya="0"/><INIT seed="0,0,0,3,1,84" ten="250,250,250,250" oya="0" hai0="106,104,75,34,55,77,30,22,134,120,67,102,133" hai1="19,2,125,117,118,99,17,4,91,51,18,16,127" hai2="103,113,74,89,124,107,81,9,119,109,62,6,24" hai3="0,45,46,5,40,21,1,52,71,44,126,23,56"/><T49/><D120/><U95/><N who="1" m="4096" /><DORA hai="116" /><U43/><E43/><V12/><F113/><W7/><G71/><T115/><D22/><U60/><E51/><V15/><F109/><W68/><G68/><T108/><D115/><U31/><E31/><V105/><F119/><W3/><G40/><T70/><D77/><U48/><E48/><V112/><F124/><N who="1" m="47689" /><E60/><V41/><F62/><W114/><G114/><T132/><D75/><U69/><E69/><V96/><F41/><W90/><G90/><T128/><D108/><U98/><E99/><V58/><F74/><W42/><G42/><T26/><D70/><U79/><E79/><V59/><F24/><W35/><G35/><T78/><D78/><U135/><E135/><V28/><F28/><W110/><G110/><T32/><D32/><U33/><E33/><V63/><F63/><W72/><G72/><T82/><D133/><U10/><AGARI ba="0,0" hai="2,4,10,91,95,98,117,118" m="47689,4096" machi="10" ten="50,6400,0" yaku="18,1,52,1,54,1" doraHai="84,116" who="1" fromWho="1" sc="250,-32,250,64,250,-16,250,-16" /><INIT seed="1,0,0,4,3,99" ten="218,314,234,234" oya="1" hai0="72,65,94,80,30,45,64,75,73,98,123,133,83" hai1="111,34,61,22,91,128,54,115,105,52,7,90,56" hai2="4,97,66,15,58,110,53,26,24,21,76,84,93" hai3="108,85,67,39,46,74,42,79,3,96,120,131,28"/><U5/><E34/><V0/><F110/><W112/><G108/><T130/><D130/><U69/><E111/><V89/><F0/><W135/><G112/><T118/><D118/><U60/><E115/><V122/><F122/><W2/><G120/><T68/><D123/><U57/><E128/><V36/><F36/><W71/><G85/><T50/><D133/><U62/><E105/><V63/><F66/><W103/><G135/><T125/><D30/><U134/><E134/><V48/><F63/><N who="3" m="40447" /><G28/><T14/><D14/><U11/><E69/><V88/><F76/><W8/><G8/><T129/><D129/><U19/><E62/><V127/><F127/><W55/><G55/><T1/><D1/><U16/><E22/><V78/><F78/><W9/><G9/><AGARI ba="0,0" hai="5,7,9,11,16,19,52,54,56,57,60,61,90,91" machi="9" ten="25,12000,1" yaku="22,2,8,1,54,2" doraHai="99" who="1" fromWho="3" sc="218,0,314,120,234,0,234,-120" /><INIT seed="1,1,0,5,2,6" ten="218,434,234,114" oya="1" hai0="131,75,2,37,133,77,117,38,68,43,48,57,78" hai1="71,84,109,86,25,103,16,12,101,129,115,73,9" hai2="118,4,113,81,41,26,112,35,49,92,62,28,29" hai3="70,125,7,53,8,89,132,98,93,105,104,46,91"/><U64/><E73/><V30/><F118/><W85/><G70/><T27/><D117/><U134/><E115/><N who="2" m="44107" /><F81/><W50/><G132/><T135/><D68/><U40/><E134/><V51/><F4/><W94/><REACH who="3" step="1"/><G125/><REACH who="3" ten="218,434,234,104" step="2"/><T83/><D133/><U15/><E71/><V120/><F120/><W102/><G102/><T63/><D135/><U24/><E103/><V36/><F35/><W54/><G54/><T72/><D131/><U128/><E101/><V121/><F121/><W44/><G44/><T45/><D45/><U116/><E128/><V79/><F30/><W106/><G106/><T18/><D57/><U61/><E129/><V130/><F29/><W107/><G107/><T100/><D100/><U111/><E116/><V42/><F28/><W108/><G108/><T13/><D43/><U10/><E111/><V124/><F42/><W34/><G34/><T66/><D66/><U0/><E40/><V97/><F41/><W119/><G119/><T80/><D38/><U69/><E109/><V126/><F36/><W87/><G87/><T47/><D37/><U60/><E69/><V67/><F130/><W76/><G76/><T52/><D77/><U19/><E64/><V31/><F79/><W74/><G74/><T56/><D78/><U123/><E123/><V65/><F65/><W58/><G58/><T55/><D75/><U32/><E32/><N who="2" m="20599" /><F126/><W110/><G110/><T95/><D72/><U3/><AGARI ba="1,1" hai="0,3,9,10,12,15,16,19,24,25,60,61,84,86" machi="3" ten="25,18000,2" yaku="0,1,22,2,52,2,54,1" doraHai="6" who="1" fromWho="1" sc="218,-61,434,193,234,-61,104,-61" /><INIT seed="1,2,0,2,3,0" ten="157,627,173,43" oya="1" hai0="69,99,31,59,16,80,131,50,64,47,105,116,33" hai1="36,58,61,72,49,132,83,88,96,17,39,67,6" hai2="48,14,130,124,107,28,92,30,57,9,54,46,60" hai3="56,81,63,98,103,23,5,117,106,19,12,95,1"/><U89/><E132/><V94/><F124/><W22/><G117/><T102/><D116/><U70/><E17/><V118/><F130/><W133/><G133/><T97/><D131/><U68/><E96/><V35/><F107/><W110/><G110/><T75/><D97/><U135/><E83/><V24/><F28/><W126/><G126/><T4/><D59/><U122/><E58/><V100/><F100/><W125/><G125/><T82/><D16/><U42/><E72/><V65/><REACH who="2" step="1"/><F118/><REACH who="2" ten="157,627,163,43" step="2"/><W86/><G106/><T120/><D31/><U11/><E135/><V52/><F52/><W77/><G1/><T111/><D102/><U74/><E67/><V101/><F101/><W40/><G40/><T25/><D64/><U79/><E42/><V104/><F104/><W123/><G123/><T45/><D120/><U112/><E122/><V85/><F85/><W41/><G41/><T3/><D105/><U76/><E74/><V78/><F78/><W26/><G5/><AGARI ba="2,1" hai="5,9,14,24,30,35,46,48,54,57,60,65,92,94" machi="5" ten="30,3900,0" yaku="1,1,7,1,52,1,53,0" doraHai="0" doraHaiUra="121" who="2" fromWho="3" sc="157,0,627,0,163,55,43,-45" owari="157,-24.3,627,72.7,218,1.8,-2,-50.2" /></mjloggm>