<mjloggm ver="2.3"><GO type="225" lobby="0"/><UN n0="%E3%82%AF%E3%82%A3%E3%82%A6" n1="%E3%82%8C%E3%81%99%E3%81%93" n2="%72%69%6F%75%63%68%61%6E" n3="%E3%81%BF%E3%81%BF%E3%81%9A" dan="16,16,16,17" rate="2103.49,2115.40,2219.52,2239.26" sx="M,F,M,M"/><TAIKYOKU oya="0"/><INIT seed="0,0,0,4,0,93" ten="250,250,250,250" oya="0" hai0="36,16,45,15,97,46,116,83,71,122,90,43,4" hai1="102,59,118,26,121,3,135,72,110,120,21,104,82" hai2="44,117,30,63,1,12,22,106,108,42,129,60,55" hai3="39,53,49,87,74,99,114,73,41,10,91,68,2"/><T95/><D116/><U5/><E118/><V123/><F117/><W23/><G114/><T66/><D122/><U33/><E110/><V113/><F108/><W32/><G32/><T85/><D4/><U20/><E135/><V75/><F129/><W100/><G68/><T77/><D36/><U38/><E20/><V131/><F131/><W92/><G41/><T57/><D71/><U9/><E59/><V111/><F111/><W84/><G39/><T14/><D14/><U8/><E8/><V76/><F123/><W86/><G23/><N who="0" m="11679" /><D43/><U37/><E21/><V6/><F113/><W50/><G50/><T35/><D35/><U52/><E52/><V130/><F130/><W126/><G126/><T78/><D78/><N who="1" m="44359" /><E121/><V132/><F106/><W24/><G24/><T107/><D107/><U13/><E13/><V69/><F132/><W29/><G29/><T25/><D25/><U34/><E120/><V70/><F30/><W17/><G74/><T88/><D77/><U109/><E34/><V125/><F125/><W124/><G73/><T51/><D66/><U94/><E94/><V62/><F1/><W81/><G124/><T115/><D115/><U56/><E56/><V48/><F42/><W101/><G2/><T119/><D119/><U80/><E80/><N who="2" m="45087" /><F6/><W134/><G134/><T89/><D89/><U65/><E65/><V128/><F128/><W61/><G81/><T40/><D40/><U112/><E109/><V127/><F127/><W28/><G28/><T98/><D98/><N who="1" m="61527" /><E112/><V54/><F54/><AGARI ba="0,0" hai="45,46,51,54,57,83,85,88,90,95,97" m="11679" machi="54" ten="30,11600,0" yaku="8,1,52,1,54,2" doraHai="93" who="0" fromWho="2" sc="250,116,250,0,250,-116,250,0" /><INIT seed="0,1,0,3,1,26" ten="366,250,134,250" oya="0" hai0="97,78,9,89,46,98,28,118,115,47,16,64,22" hai1="121,40,52,107,62,127,25,4,29,130,12,76,37" hai2="90,65,0,3,104,72,79,133,43,106,84,114,18" hai3="86,67,23,83,126,19,48,112,91,1,129,109,81"/><T119/><D115/><U58/><E121/><V34/><F114/><W99/><G112/><T44/><D78/><U24/><E107/><V88/><F133/><W103/><G1/><T17/><D64/><U80/><E130/><V74/><F65/><W33/><G33/><T68/><D9/><U31/><E127/><V63/><F34/><W69/><G126/><T50/><D50/><U101/><E101/><V108/><F63/><W13/><G129/><T131/><D131/><U11/><E40/><V85/><F43/><W102/><G109/><T7/><D7/><U56/><E37/><V93/><F18/><W105/><G103/><T73/><D73/><N who="2" m="28266" /><F108/><W82/><REACH who="3" step="1"/><G48/><REACH who="3" ten="366,250,134,240" step="2"/><T5/><D119/><U10/><E10/><V122/><F122/><W125/><G125/><T14/><D118/><U42/><E42/><V128/><F128/><W51/><G51/><T123/><D123/><U111/><E111/><V57/><F0/><W100/><G100/><T27/><D68/><U21/><E58/><V132/><F3/><W124/><G124/><T30/><D5/><U45/><E45/><V110/><F57/><W95/><G95/><N who="0" m="56559" /><D44/><U77/><E80/><N who="2" m="47135" /><F110/><W135/><G135/><T6/><D6/><U116/><E116/><V41/><F132/><W35/><G35/><AGARI ba="1,1" hai="4,11,12,21,24,25,29,31,35,52,56,62,76,77" machi="35" ten="30,7700,0" yaku="7,1,52,2,54,1" doraHai="26" who="1" fromWho="3" sc="366,0,250,90,134,0,240,-80" /><INIT seed="1,0,0,1,3,126" ten="366,340,134,160" oya="1" hai0="50,92,20,16,101,76,21,119,124,35,72,94,97" hai1="74,52,118,115,47,56,28,65,129,29,130,112,89" hai2="7,67,103,62,95,22,32,84,113,42,79,110,59" hai3="88,104,18,14,27,13,15,100,0,36,1,34,40"/><U134/><E74/><V98/><F110/><W61/><G104/><T96/><D119/><U49/><E118/><V85/><F113/><N who="1" m="43593" /><E89/><V5/><F32/><W135/><G100/><T70/><D35/><U41/><E65/><V12/><F42/><W91/><G135/><T24/><D124/><U11/><E11/><V116/><F116/><W121/><G121/><T102/><D70/><U30/><E134/><V81/><REACH who="2" step="1"/><F85/><REACH who="2" ten="366,340,124,160" step="2"/><W63/><G40/><T69/><D69/><U6/><E41/><V123/><F123/><W26/><G34/><T82/><D50/><U105/><E105/><V108/><F108/><W46/><G36/><T60/><REACH who="0" step="1"/><D21/><REACH who="0" ten="356,340,124,160" step="2"/><U83/><E49/><V78/><F78/><W107/><G107/><T80/><D80/><U106/><E83/><V120/><F120/><W39/><G39/><T111/><D111/><U128/><E106/><V73/><F73/><W53/><G63/><AGARI ba="0,2" hai="16,20,24,60,63,72,76,82,92,94,96,97,101,102" machi="63" ten="40,8000,1" yaku="1,1,9,1,54,1,53,1" doraHai="126" doraHaiUra="23" who="0" fromWho="3" sc="356,100,340,0,124,0,160,-80" /><INIT seed="2,0,0,3,3,45" ten="456,340,124,80" oya="2" hai0="131,53,135,91,62,121,69,3,132,70,10,33,58" hai1="97,46,66,54,75,41,127,114,20,71,115,43,128" hai2="36,93,26,104,7,100,102,130,113,34,22,76,28" hai3="96,52,37,125,119,134,117,101,18,17,27,44,48"/><V111/><F113/><W59/><G134/><N who="0" m="51243" /><D121/><U122/><E75/><V25/><F130/><W85/><G125/><T99/><D131/><U86/><E128/><V5/><F36/><W129/><G129/><T112/><D33/><U47/><E97/><V68/><F68/><W40/><G85/><T15/><D3/><U78/><E78/><V42/><F42/><W39/><G39/><T67/><D112/><U126/><E86/><V77/><F111/><W8/><G8/><T94/><D67/><U12/><E20/><V87/><F104/><W79/><G79/><T72/><D72/><U123/><E12/><V89/><F77/><W61/><G37/><T64/><D64/><U30/><E30/><V118/><F118/><W16/><G27/><T49/><D62/><U109/><E66/><V21/><F76/><W6/><REACH who="3" step="1"/><G6/><AGARI ba="0,0" hai="6,10,15,49,53,58,69,70,91,94,99" m="51243" machi="6" ten="30,2000,0" yaku="20,1,52,1" doraHai="45" who="0" fromWho="3" sc="456,20,340,0,124,0,80,-20" /><INIT seed="3,0,0,1,1,37" ten="476,340,124,60" oya="3" hai0="97,121,79,60,46,28,48,52,65,85,0,71,20" hai1="96,66,13,24,47,41,30,88,8,112,107,26,130" hai2="90,76,134,16,124,38,84,67,102,81,6,7,93" hai3="31,62,72,25,2,118,19,86,73,14,54,44,106"/><W45/><G118/><T82/><D121/><U55/><E112/><V120/><F38/><W75/><G2/><T110/><D0/><U36/><E130/><V70/><F120/><W123/><G123/><T64/><D110/><U3/><E3/><V69/><F69/><W10/><G106/><T18/><D97/><U5/><E66/><V103/><F124/><W17/><G86/><T9/><D9/><U56/><E30/><V127/><F127/><W94/><G94/><T57/><D28/><U23/><E23/><V135/><F67/><W108/><G108/><T39/><D39/><U100/><E88/><V53/><F70/><W89/><G89/><T42/><D71/><U109/><E109/><V40/><F40/><W83/><G83/><T51/><D51/><AGARI ba="0,0" hai="5,8,13,24,26,36,41,47,51,55,56,96,100,107" machi="51" ten="30,2000,0" yaku="7,1,52,1" doraHai="37" who="1" fromWho="0" sc="476,-20,340,20,124,0,60,0" owari="456,55.6,360,16.0,124,-27.6,60,-44.0" /></mjloggm>