<mjloggm ver="2.3"><GO type="225" lobby="0"/><UN n0="%E3%82%B7%E3%83%B3%E5%A4%AA%E6%9C%97" n1="%E3%81%99%E3%81%84%E3%81%BE%E3%81%9B%E3%83%BC%E3%82%93" n2="%E3%81%A4%E3%81%A3%E3%81%B1%E3%82%8A%E3%83%9D%E3%83%BC%E3%83%AB" n3="%E5%B0%8F%E9%B3%A5%E9%81%8A%E7%B7%B4%E7%84%A1%32%31%E6%AD%B3" dan="16,18,17,16" rate="2153.92,2267.18,2223.72,2198.27" sx="M,M,M,F"/><TAIKYOKU oya="0"/><INIT seed="0,0,0,2,2,116" ten="250,250,250,250" oya="0" hai0="97,113,53,60,46,55,52,40,105,15,57,5,65" hai1="112,54,86,44,12,59,96,28,39,73,134,81,83" hai2="133,72,135,100,51,77,47,131,0,74,58,61,93" hai3="80,89,35,36,48,14,92,99,11,66,129,75,110"/><T102/><D113/><U94/><E112/><V22/><F0/><W9/><G110/><T32/><D32/><U98/><E134/><N who="2" m="51211" /><F131/><W78/><G36/><T111/><D111/><U8/><E28/><V4/><F4/><W70/><G129/><T127/><D127/><U84/><E73/><N who="2" m="28267" /><F77/><W24/><G48/><T30/><D30/><U63/><E39/><V41/><F22/><W128/><G128/><T114/><D114/><U26/><E26/><V130/><F130/><W85/><G35/><T10/><REACH who="0" step="1"/><D65/><REACH who="0" ten="240,250,250,250" step="2"/><U42/><E83/><V6/><F6/><W68/><G66/><T115/><D115/><U16/><E81/><V82/><F82/><W69/><G80/><T67/><D67/><U126/><E126/><V87/><F87/><W49/><G85/><T119/><D119/><U124/><E124/><V117/><F117/><W25/><G75/><T43/><D43/><U20/><E86/><V17/><F17/><W18/><G78/><T88/><D88/><U13/><E84/><V37/><F100/><W76/><G76/><T123/><D123/><U125/><E125/><V120/><F120/><W21/><REACH who="3" step="1"/><G49/><AGARI ba="0,1" hai="5,10,15,40,46,49,52,53,55,57,60,97,102,105" machi="49" ten="30,5800,0" yaku="1,1,7,1,54,1,53,0" doraHai="116" doraHaiUra="64" who="0" fromWho="3" sc="240,68,250,0,250,0,250,-58" /><INIT seed="0,1,0,1,3,121" ten="308,250,250,192" oya="0" hai0="110,75,72,14,84,114,87,25,3,89,15,106,130" hai1="120,27,118,49,16,92,4,96,8,13,45,69,98" hai2="10,86,12,113,36,18,119,79,55,17,82,22,109" hai3="85,40,128,71,43,59,117,125,52,56,9,91,7"/><T23/><D114/><U30/><E118/><V81/><F113/><W44/><G117/><T0/><D130/><U47/><E69/><V122/><F119/><W39/><G43/><T61/><D106/><U5/><E120/><V80/><F122/><W94/><G128/><T129/><D129/><U58/><E58/><V77/><F36/><W60/><G71/><T99/><D99/><U104/><E104/><V28/><F109/><W131/><G131/><T134/><D134/><U132/><E132/><V102/><F102/><W74/><G125/><T66/><D110/><U126/><E126/><V93/><F28/><W100/><G100/><T111/><D111/><U24/><E47/><V64/><F64/><W63/><G74/><T38/><D38/><U20/><E27/><V73/><F55/><W103/><G103/><T112/><D112/><U108/><E108/><V62/><F62/><W133/><G133/><T135/><D135/><U6/><REACH who="1" step="1"/><E92/><REACH who="1" ten="308,240,250,192" step="2"/><V101/><F93/><W31/><G31/><T53/><D25/><U83/><E83/><V105/><F82/><W90/><G94/><T19/><D66/><U42/><AGARI ba="1,1" hai="4,5,6,8,13,16,20,24,30,42,45,49,96,98" machi="42" ten="30,12000,2" yaku="1,1,0,1,8,1,54,1,53,3" doraHai="121" doraHaiUra="1" who="1" fromWho="1" sc="308,-61,240,133,250,-31,192,-31" /><INIT seed="1,0,0,2,5,118" ten="247,373,219,161" oya="1" hai0="14,29,55,82,34,124,60,116,4,105,37,38,73" hai1="47,128,114,2,28,98,89,94,9,110,102,26,27" hai2="120,122,17,83,80,119,21,117,79,93,57,75,7" hai3="70,90,5,31,100,84,36,12,72,74,64,109,19"/><U18/><E114/><V49/><F7/><W40/><G109/><T0/><D116/><N who="2" m="44618" /><F57/><W42/><G100/><T53/><D105/><U58/><E110/><V112/><F49/><W78/><G5/><T23/><D124/><U135/><E135/><V32/><F21/><W43/><G36/><T1/><D23/><U22/><E128/><V131/><F17/><W25/><G78/><T33/><D14/><U6/><E58/><V39/><F32/><W86/><G64/><T121/><D60/><U103/><E47/><V30/><F30/><W15/><G70/><T11/><D29/><U44/><E44/><V48/><F48/><W8/><G12/><T61/><D61/><U13/><REACH who="1" step="1"/><E27/><REACH who="1" ten="247,363,219,161" step="2"/><V91/><F131/><W85/><REACH who="3" step="1"/><G90/><REACH who="3" ten="247,363,219,151" step="2"/><T99/><D37/><U76/><E76/><N who="2" m="44063" /><F39/><W54/><G54/><T20/><D53/><U97/><E97/><N who="2" m="57535" /><F112/><W106/><G106/><T68/><D38/><U3/><E3/><V87/><AGARI ba="0,2" hai="79,83,87,120,122" m="57535,44063,44618" machi="87" ten="30,7900,0" yaku="34,2,52,2" doraHai="118" who="2" fromWho="2" sc="247,-20,363,-39,219,99,151,-20" /><INIT seed="2,0,0,5,4,99" ten="227,324,318,131" oya="2" hai0="71,105,85,111,101,132,16,65,91,104,54,126,6" hai1="116,0,9,50,83,74,90,59,108,33,27,62,57" hai2="15,120,10,82,17,98,66,22,87,121,86,112,41" hai3="129,106,122,114,100,53,67,127,125,19,47,58,75"/><V95/><F112/><W69/><G122/><T123/><D123/><U5/><E116/><V113/><F113/><W13/><G114/><T40/><D132/><U77/><E108/><V55/><F66/><W81/><G129/><T110/><D126/><N who="3" m="48137" /><G47/><T134/><D134/><U102/><E90/><V68/><F68/><W23/><G67/><T103/><D40/><U7/><E7/><V88/><F41/><W124/><N who="3" m="48145" /><W42/><DORA hai="80" /><G42/><T12/><D6/><U45/><E62/><V63/><F121/><W96/><G69/><T34/><D34/><U118/><E118/><V89/><F120/><W31/><G31/><T70/><D54/><U119/><E119/><V93/><F63/><N who="3" m="36303" /><G81/><N who="0" m="49583" /><D65/><U49/><E49/><V117/><F117/><W131/><G131/><T24/><D70/><U78/><E59/><V64/><F64/><W28/><G28/><T14/><D71/><U4/><E57/><V3/><F55/><W1/><G1/><T39/><D39/><U30/><E50/><V26/><F3/><W2/><G2/><T8/><D24/><U37/><E37/><V25/><F25/><W135/><G135/><T128/><D14/><U36/><E36/><V46/><F46/><W130/><G130/><T97/><D128/><U44/><E45/><V11/><F26/><W29/><G29/><T20/><D111/><U18/><E44/><V35/><F35/><W56/><G56/><T107/><D110/><U133/><E133/><V51/><F51/><W32/><G32/><T76/><D12/><U92/><E0/><V94/><F82/><W84/><G75/><RYUUKYOKU ba="0,0" sc="227,-15,324,-15,318,15,131,15" hai2="10,11,15,17,22,86,87,88,89,93,94,95,98" hai3="13,19,23,84,96,100,106" /><INIT seed="2,1,0,1,1,58" ten="212,309,333,146" oya="2" hai0="97,96,74,102,11,16,17,89,70,85,48,77,36" hai1="123,61,41,25,98,62,29,59,87,13,95,30,82" hai2="121,32,64,35,49,57,34,130,129,78,84,125,14" hai3="131,0,103,20,15,1,44,115,101,118,23,135,50"/><V19/><F121/><W5/><G118/><T117/><D36/><U109/><E123/><V122/><F122/><W99/><G131/><N who="2" m="50185" /><F125/><W60/><G135/><T53/><D117/><U26/><E109/><V113/><F113/><W56/><G115/><T63/><D74/><U45/><E13/><V40/><F40/><W38/><G38/><T91/><D77/><U31/><E25/><V68/><F68/><W28/><G1/><T7/><D97/><U10/><E26/><V86/><F78/><W4/><G0/><T126/><D126/><U54/><E10/><N who="2" m="6615" /><F49/><W39/><G39/><T73/><D73/><U43/><E45/><V90/><F90/><W114/><G114/><T88/><D85/><U33/><E33/><V51/><F51/><W112/><G112/><T3/><D70/><U133/><E133/><V66/><F66/><W71/><G71/><T116/><D116/><U76/><E62/><AGARI ba="1,0" hai="32,34,35,57,62,64,84,86" m="6615,50185" machi="62" ten="40,3900,0" yaku="19,1,52,1" doraHai="58" who="2" fromWho="1" sc="212,0,309,-42,333,42,146,0" /><INIT seed="2,2,0,1,0,72" ten="212,267,375,146" oya="2" hai0="56,88,62,66,118,38,97,80,47,53,131,106,42" hai1="46,114,18,55,83,76,99,28,31,85,11,74,8" hai2="70,134,60,36,24,77,123,45,6,17,71,113,121" hai3="119,100,49,112,107,102,81,13,48,34,26,41,69"/><V58/><F6/><W43/><G119/><T21/><D131/><U22/><E114/><V79/><F113/><W95/><G107/><T23/><D118/><U44/><E74/><V75/><F75/><W39/><G69/><T87/><D106/><U125/><E125/><V126/><F36/><W89/><G112/><T94/><REACH who="0" step="1"/><D66/><REACH who="0" ten="202,267,375,146" step="2"/><U132/><E132/><V93/><F134/><W120/><G120/><T90/><AGARI ba="2,1" hai="21,23,38,42,47,53,56,62,80,87,88,90,94,97" machi="90" ten="20,8000,1" yaku="1,1,2,1,0,1,7,1,54,1,53,0" doraHai="72" doraHaiUra="124" who="0" fromWho="0" sc="202,96,267,-22,375,-42,146,-22" /><INIT seed="3,0,0,2,5,28" ten="298,245,333,124" oya="3" hai0="89,101,14,117,41,100,113,20,86,62,125,73,96" hai1="11,47,111,12,5,70,74,78,106,129,26,23,134" hai2="94,43,27,72,104,61,46,22,133,25,3,132,122" hai3="16,49,2,79,66,123,81,76,95,1,30,75,8"/><W120/><G66/><T42/><D125/><U57/><E70/><V60/><F104/><W85/><G79/><T128/><D128/><U17/><E106/><V38/><F122/><W58/><G30/><T118/><D73/><U32/><E129/><V19/><F3/><W9/><G75/><T107/><D101/><U39/><E134/><N who="2" m="51819" /><F72/><W6/><G95/><T56/><D113/><U93/><E57/><V21/><F94/><W4/><REACH who="3" step="1"/><G16/><AGARI ba="0,0" hai="16,19,21,22,25,27,38,43,46,60,61" m="51819" machi="16" ten="30,2000,0" yaku="20,1,54,1" doraHai="28" who="2" fromWho="3" sc="298,0,245,0,333,20,124,-20" owari="298,9.8,245,-15.5,353,45.3,104,-39.6" /></mjloggm>