<mjloggm ver="2.3"><GO type="225" lobby="0"/><UN n0="%E6%B5%81%E3%82%8C%EF%BC%9F%53%4F%41" n1="%E5%A4%9C%E5%85%89%E5%A4%A9%E6%A5%BC" n2="%E6%9D%B1%E9%A2%A8%E3%81%AE%E3%81%8D%E3%82%83%E3%81%B7%E3%81%95%E3%82%93" n3="%E5%B8%86%E7%AB%8B%E5%A4%8F%E8%A1%A3" dan="16,17,17,16" rate="2135.49,2128.58,2208.14,2165.40" sx="M,M,M,M"/><TAIKYOKU oya="0"/><INIT seed="0,0,0,4,2,4" ten="250,250,250,250" oya="0" hai0="62,114,100,18,63,22,89,87,0,47,99,112,48" hai1="125,51,86,43,9,129,23,2,59,32,73,3,21" hai2="14,92,6,53,24,38,119,70,75,124,98,80,115" hai3="66,33,39,69,55,84,64,95,8,103,52,68,11"/><T96/><D0/><U109/><E73/><V41/><F70/><W25/><G39/><T78/><D78/><U104/><E32/><V46/><F124/><W1/><G1/><T5/><D5/><U91/><E104/><V35/><F119/><W120/><G120/><T94/><D112/><U102/><E102/><V10/><F115/><W58/><G69/><T111/><D111/><U113/><E109/><V60/><F35/><W71/><G71/><T12/><D114/><U131/><E113/><V17/><F75/><W76/><G68/><T30/><D30/><U50/><E125/><V36/><F80/><N who="3" m="47111" /><G25/><T126/><D126/><U110/><E110/><V101/><F101/><W130/><BYE who="2" /><G55/><UN n2="%E6%9D%B1%E9%A2%A8%E3%81%AE%E3%81%8D%E3%82%83%E3%81%B7%E3%81%95%E3%82%93" /><T67/><D67/><N who="3" m="25641" /><G33/><T121/><D121/><U106/><E106/><V105/><F105/><W49/><G130/><N who="1" m="49674" /><E3/><V45/><F36/><W135/><G135/><T44/><D44/><N who="1" m="25887" /><E51/><V40/><F38/><W34/><G34/><T108/><D108/><U116/><E59/><N who="2" m="34927" /><F40/><W37/><G37/><T42/><REACH who="0" step="1"/><D96/><AGARI ba="0,0" hai="8,11,49,52,58,95,96,103" m="25641,47111" machi="96" ten="30,7700,0" yaku="8,1,52,2,54,1" doraHai="4" who="3" fromWho="0" sc="250,-77,250,0,250,0,250,77" /><INIT seed="1,0,0,0,2,11" ten="173,250,250,327" oya="1" hai0="34,33,95,108,133,22,131,106,41,112,69,88,20" hai1="31,90,123,101,37,72,122,82,3,44,94,98,116" hai2="36,64,119,40,91,135,89,127,68,92,100,134,29" hai3="105,109,107,102,78,63,39,47,121,62,53,4,103"/><U18/><E116/><V118/><F29/><W2/><G121/><T19/><D112/><U25/><E3/><V35/><F100/><W42/><G103/><T65/><D106/><U61/><E61/><N who="2" m="39951" /><F35/><W73/><G109/><T45/><D108/><U21/><E37/><V76/><F76/><W66/><G53/><T104/><D104/><U9/><E44/><N who="2" m="23559" /><F91/><W15/><G63/><T129/><D65/><U8/><E72/><V14/><F14/><W48/><G48/><N who="0" m="26671" /><D69/><U23/><E122/><V55/><F55/><W38/><G38/><T110/><D20/><U99/><E123/><V97/><F127/><W113/><G102/><T75/><D75/><U46/><E46/><V130/><F130/><N who="0" m="49674" /><D110/><U30/><E30/><V81/><F81/><W57/><G107/><T93/><D93/><N who="1" m="58575" /><E82/><V117/><F92/><W12/><G105/><T125/><D133/><N who="2" m="50698" /><F97/><W71/><G73/><T85/><D125/><U50/><E9/><V13/><F89/><W86/><G78/><T87/><D87/><U79/><E79/><V124/><F124/><W17/><G86/><T16/><D19/><U111/><E111/><V80/><F80/><W120/><G17/><T56/><D56/><U84/><E8/><V58/><F58/><W67/><G120/><T6/><D6/><U49/><E84/><V32/><F32/><W128/><G128/><T52/><D52/><U43/><E43/><V59/><F59/><W51/><G4/><T132/><D132/><U96/><E99/><V126/><F126/><W114/><G57/><T24/><AGARI ba="0,0" hai="16,22,24,33,34,85,88,95" m="49674,26671" machi="24" ten="30,4000,0" yaku="19,1,54,2" doraHai="11" who="0" fromWho="0" sc="173,40,250,-20,250,-10,327,-10" /><INIT seed="2,0,0,0,4,111" ten="213,230,240,317" oya="2" hai0="18,30,94,79,46,118,131,13,113,114,121,40,16" hai1="33,63,125,117,70,6,130,80,50,133,25,103,61" hai2="76,127,98,123,107,100,132,89,54,124,53,78,116" hai3="86,97,81,96,26,51,135,69,62,49,90,128,37"/><V7/><F7/><W104/><G37/><T91/><D121/><U41/><E117/><V39/><F39/><W47/><G128/><T106/><D106/><U31/><E130/><V68/><F68/><W8/><G135/><T88/><D131/><U48/><E133/><V27/><F132/><W87/><G104/><T60/><D79/><U109/><E109/><V42/><F42/><W2/><G51/><T85/><D30/><U92/><E125/><N who="2" m="48203" /><F123/><W0/><G0/><T101/><D101/><U102/><E6/><V34/><F89/><W55/><G2/><T108/><D108/><U59/><E70/><V84/><F116/><W44/><G69/><T45/><D45/><U22/><E80/><N who="2" m="47111" /><F78/><W126/><G90/><T4/><D4/><U65/><E41/><V24/><F34/><W72/><G126/><T14/><D118/><U93/><E33/><V32/><F24/><W129/><G26/><T5/><D91/><U20/><E25/><V38/><F38/><W17/><G129/><T119/><D5/><U120/><E120/><V74/><F74/><W110/><G72/><T115/><D119/><U36/><E36/><V15/><F15/><W122/><G122/><T95/><D13/><U105/><E31/><AGARI ba="0,0" hai="27,31,32,53,54,98,100,107" m="47111,48203" machi="31" ten="30,1500,0" yaku="18,1" doraHai="111" who="2" fromWho="1" sc="213,0,230,-15,240,15,317,0" /><INIT seed="2,1,0,1,0,110" ten="213,215,255,317" oya="2" hai0="103,56,66,3,32,33,105,123,93,90,99,109,78" hai1="13,86,22,127,92,29,55,60,46,58,28,70,89" hai2="26,67,124,37,20,79,73,75,117,57,11,91,51" hai3="62,80,7,98,95,119,69,19,15,17,6,8,121"/><V135/><F37/><W96/><G121/><T10/><D123/><U122/><E127/><V74/><F124/><W101/><G119/><T49/><D109/><U41/><E122/><V34/><F34/><W43/><G43/><T40/><D78/><U118/><E70/><V106/><F106/><W116/><G116/><T0/><D66/><U111/><E111/><V45/><F135/><W130/><G130/><T31/><D31/><U5/><E118/><V54/><F117/><W68/><G6/><T18/><D18/><U108/><E108/><V77/><F11/><W132/><G132/><T4/><D0/><U64/><E64/><V134/><F91/><W30/><G30/><T24/><D24/><U63/><E60/><V44/><F134/><W16/><G62/><T81/><D81/><U97/><E86/><V39/><F67/><W47/><G47/><T88/><D90/><U12/><E5/><V94/><F94/><W65/><G65/><T115/><D115/><U129/><E129/><V9/><F9/><W42/><G42/><T112/><D112/><U82/><E82/><V114/><F114/><W2/><G2/><T27/><D27/><N who="1" m="16503" /><E29/><N who="2" m="17607" /><F39/><W131/><G131/><T104/><D105/><U113/><E113/><V133/><F133/><W35/><G35/><T48/><D40/><U36/><E36/><V71/><F71/><W14/><G80/><T76/><D48/><N who="1" m="29079" /><E41/><V107/><F107/><N who="3" m="63911" /><G15/><T126/><D126/><U25/><E25/><V100/><F100/><N who="3" m="60511" /><G69/><T50/><D3/><U72/><E72/><V84/><F79/><W83/><G68/><T38/><D76/><RYUUKYOKU ba="1,0" sc="213,-30,215,10,255,10,317,10" hai1="12,13,58,63,89,92,97" hai2="44,45,51,54,57,73,74,75,77,84" hai3="7,8,14,16,17,19,83" /><INIT seed="2,2,0,1,1,130" ten="183,225,265,327" oya="2" hai0="25,112,1,91,36,83,85,102,92,2,81,75,87" hai1="67,0,129,119,59,52,30,9,72,135,12,65,90" hai2="21,114,95,106,14,35,61,66,34,103,126,118,63" hai3="84,10,18,105,60,86,116,123,76,97,28,22,78"/><V57/><F118/><W43/><G116/><T120/><D36/><U71/><E119/><V93/><F114/><W131/><G123/><T23/><D120/><U64/><E72/><V132/><F126/><W17/><G131/><T33/><D33/><U117/><E117/><V121/><F121/><W19/><G105/><T110/><D112/><U100/><E129/><V111/><F106/><W44/><G97/><T47/><D110/><U45/><E100/><V48/><F48/><N who="3" m="26655" /><G60/><T99/><D47/><U56/><E71/><V13/><F111/><W96/><G96/><T50/><D50/><N who="1" m="28751" /><E0/><V5/><F5/><W55/><G55/><T7/><D7/><N who="1" m="3135" /><E135/><V6/><F132/><W8/><G86/><T134/><D134/><U58/><E30/><V80/><F34/><W70/><G70/><T41/><D41/><U107/><E107/><V29/><F35/><W15/><G8/><T73/><D1/><U127/><E127/><V26/><F63/><W82/><G78/><T68/><D68/><U31/><E31/><V51/><F51/><W38/><G38/><T42/><D42/><U104/><E104/><V109/><F109/><W4/><G28/><T49/><D2/><U88/><AGARI ba="2,0" hai="56,58,59,64,65,67,88,90" m="3135,28751" machi="88" ten="40,5200,0" yaku="8,1,54,2" doraHai="130" who="1" fromWho="1" sc="183,-15,225,58,265,-28,327,-15" /><INIT seed="3,0,0,0,1,124" ten="168,283,237,312" oya="3" hai0="73,59,9,6,47,44,50,98,20,54,33,85,121" hai1="111,88,49,27,66,26,104,21,97,135,123,86,67" hai2="76,118,56,29,8,0,91,15,18,92,16,81,130" hai3="36,133,43,71,17,63,74,83,93,25,105,24,22"/><W65/><G105/><T64/><D73/><U53/><E123/><V95/><F118/><W1/><G133/><T42/><D33/><U30/><E135/><V23/><F0/><W96/><G1/><T68/><D121/><U99/><E111/><V82/><F29/><W120/><G120/><T100/><D20/><N who="1" m="15687" /><E104/><V110/><F110/><W79/><G43/><T115/><D115/><U60/><E60/><V51/><F130/><W109/><G109/><T69/><D85/><U84/><E84/><V134/><F134/><W131/><G131/><T61/><D47/><N who="1" m="27839" /><E97/><V52/><F76/><W94/><G36/><T46/><D44/><U127/><E99/><N who="2" m="57759" /><F95/><W122/><G122/><T125/><D125/><U45/><E45/><V48/><F48/><W37/><G37/><T39/><D68/><U72/><E72/><V101/><F101/><W108/><G108/><T116/><D116/><U5/><E5/><V75/><F75/><W34/><G96/><T35/><D35/><U62/><E62/><V114/><F114/><W38/><G38/><T4/><REACH who="0" step="1"/><D9/><REACH who="0" ten="158,283,237,312" step="2"/><U19/><E127/><V41/><F41/><W11/><G11/><T77/><D77/><U107/><E107/><AGARI ba="0,1" hai="4,6,39,42,46,50,54,59,61,64,69,98,100,107" machi="107" ten="30,7700,0" yaku="1,1,7,1,24,2,53,0" doraHai="124" doraHaiUra="78" who="0" fromWho="1" sc="158,87,283,-77,237,0,312,0" owari="245,4.5,206,-29.4,237,-16.3,312,41.2" /></mjloggm>