<mjloggm ver="2.3"><GO type="225" lobby="0"/><UN n0="%E6%B0%B7%E5%B7%9D%E9%87%8C%E5%A5%88" n1="%E4%BE%BF%E6%89%80" n2="%E9%80%9F%E6%B0%B4%E5%87%9B%E9%A6%99" n3="%4C%4F%4C%49%54%41" dan="16,16,16,16" rate="2104.38,2046.14,2125.83,2167.76" sx="F,M,F,F"/><TAIKYOKU oya="0"/><INIT seed="0,0,0,0,1,39" ten="250,250,250,250" oya="0" hai0="62,125,52,67,74,68,95,33,58,121,12,101,17" hai1="69,8,31,131,32,98,102,104,79,49,46,0,53" hai2="129,59,11,20,34,28,107,108,112,93,65,63,70" hai3="89,119,92,64,76,118,88,84,99,47,10,66,77"/><T14/><D121/><U72/><E69/><V90/><F112/><W116/><G10/><T23/><D125/><U117/><E117/><V19/><F107/><W18/><G18/><T103/><D74/><U36/><E131/><V35/><F129/><W83/><REACH who="3" step="1"/><G47/><REACH who="3" ten="250,250,250,240" step="2"/><T3/><D3/><U100/><E0/><V15/><F19/><W91/><G91/><T82/><D33/><U85/><E8/><V56/><F34/><W96/><G96/><T123/><D123/><U30/><E98/><V94/><F35/><W1/><G1/><T130/><D130/><U37/><E46/><V81/><F11/><W6/><G6/><T135/><D135/><U78/><E32/><V55/><F90/><W106/><G106/><T13/><D82/><U25/><E104/><V51/><F28/><W40/><G40/><T134/><D134/><U38/><E100/><V44/><F44/><W110/><G110/><T124/><D124/><U75/><E102/><V27/><F108/><W122/><G122/><T113/><D113/><U9/><E9/><V87/><F20/><W128/><G128/><T126/><D126/><U111/><E111/><V4/><F4/><W133/><G133/><T42/><D42/><U71/><E79/><AGARI ba="0,1" hai="64,66,76,77,79,83,84,88,89,92,99,116,118,119" machi="79" ten="40,8000,1" yaku="1,1,54,1,53,2" doraHai="39" doraHaiUra="60" who="3" fromWho="1" sc="250,0,250,-80,250,0,240,90" /><INIT seed="1,0,0,5,2,64" ten="250,170,250,330" oya="1" hai0="24,81,58,38,17,16,56,60,72,33,11,41,114" hai1="96,124,69,1,123,13,67,100,95,129,35,89,28" hai2="0,116,128,86,12,75,48,14,9,3,21,5,57" hai3="26,92,25,49,79,91,40,36,87,19,134,31,74"/><U132/><E123/><V110/><F75/><W46/><G134/><T6/><D114/><U104/><E132/><V7/><F116/><W106/><G106/><T133/><D133/><U50/><E1/><V97/><F110/><W112/><G112/><T23/><D33/><U115/><E115/><V88/><F128/><W85/><G74/><T8/><D17/><U117/><E117/><V70/><F97/><W131/><G131/><T61/><D38/><U107/><E129/><V47/><F57/><W55/><G19/><T22/><D41/><U42/><E124/><V101/><F101/><W90/><G79/><T63/><D23/><U80/><E80/><V118/><F118/><W135/><G31/><T20/><D20/><U2/><E2/><V78/><F78/><W18/><G18/><T130/><D130/><U54/><E42/><V44/><F70/><W53/><G135/><T59/><D72/><U39/><E39/><V94/><F21/><W27/><REACH who="3" step="1"/><G36/><REACH who="3" ten="250,170,250,320" step="2"/><T109/><D109/><U126/><E107/><V30/><F30/><W68/><G68/><T65/><D6/><U51/><E28/><V119/><F119/><W37/><G37/><T71/><REACH who="0" step="1"/><D81/><AGARI ba="0,1" hai="25,26,27,40,46,49,53,55,81,85,87,90,91,92" machi="81" ten="40,2600,0" yaku="1,1,8,1,53,0" doraHai="64" doraHaiUra="34" who="3" fromWho="0" sc="250,-26,170,0,250,0,320,36" /><INIT seed="2,0,0,5,5,89" ten="224,170,250,356" oya="2" hai0="86,106,49,75,6,112,116,93,7,63,91,25,119" hai1="73,78,103,76,107,40,97,118,58,99,64,59,135" hai2="81,74,2,0,28,47,67,69,22,29,104,46,129" hai3="26,54,102,94,61,65,57,113,44,82,48,18,109"/><V38/><F104/><W134/><G109/><T13/><D112/><U85/><E118/><N who="0" m="45097" /><D106/><U53/><E73/><V122/><F122/><W1/><G1/><T24/><D75/><U55/><E64/><V4/><F67/><W92/><G134/><T41/><D63/><U101/><E40/><V87/><F69/><W12/><G113/><T71/><D71/><U52/><E135/><V127/><F74/><W111/><G111/><T56/><D13/><U3/><E3/><V84/><F4/><N who="0" m="1578" /><D56/><N who="1" m="21547" /><E85/><V27/><F87/><W17/><G102/><N who="1" m="38922" /><E107/><V70/><F84/><W42/><G82/><T98/><D86/><U120/><E120/><V14/><F70/><W88/><G57/><T105/><D105/><U90/><E90/><V80/><F80/><W10/><G88/><T128/><D128/><U35/><E35/><V19/><F81/><W20/><G65/><T117/><D117/><U100/><N who="1" m="38930" /><U77/><AGARI ba="0,0" hai="52,53,55,76,77,78,97,99" m="38930,21547" machi="77" ten="40,8000,1" yaku="4,1,28,2,8,1,54,1" doraHai="89" who="1" fromWho="1" sc="224,-20,170,80,250,-40,356,-20" /><INIT seed="3,0,0,1,4,17" ten="204,250,210,336" oya="3" hai0="119,1,105,63,57,135,12,122,31,36,85,51,53" hai1="61,114,52,59,116,72,88,27,112,81,14,29,38" hai2="41,70,18,103,83,32,133,118,82,39,121,48,11" hai3="100,56,73,123,80,104,58,134,13,117,109,60,102"/><W35/><G117/><T98/><D119/><U21/><E116/><V3/><F70/><W129/><G35/><T124/><D122/><U7/><E38/><V66/><F32/><W65/><G123/><T5/><D36/><U62/><E62/><V30/><F30/><W33/><G33/><T108/><D1/><U76/><REACH who="1" step="1"/><E88/><REACH who="1" ten="204,240,210,336" step="2"/><V120/><F39/><W43/><G60/><T23/><D108/><U79/><E79/><V0/><F118/><W47/><G109/><T69/><D135/><U77/><E77/><V64/><F121/><W10/><G134/><T87/><D124/><U90/><E90/><V68/><F120/><W126/><G126/><T94/><D105/><U49/><E49/><V111/><F48/><W74/><G104/><T127/><D127/><U130/><E130/><V84/><F133/><W16/><G129/><T22/><D69/><U101/><E101/><V86/><F68/><W2/><G102/><N who="0" m="60759" /><D51/><U20/><E20/><N who="0" m="7721" /><D31/><U110/><E110/><V96/><F111/><W26/><G100/><T99/><D99/><U107/><E107/><V42/><F103/><W113/><G113/><T131/><D131/><U132/><E132/><V45/><F96/><W37/><G37/><T106/><D106/><U125/><E125/><V97/><F97/><W78/><G78/><T55/><D55/><U75/><E75/><V8/><F45/><W19/><G47/><T24/><D24/><U54/><E54/><V46/><F46/><W50/><G73/><T92/><D92/><U34/><E34/><V95/><F95/><W28/><G74/><T9/><AGARI ba="0,1" hai="5,9,12,53,57,63,85,87" m="7721,60759" machi="9" ten="30,8000,1" yaku="5,1,8,1,52,3" doraHai="17" who="0" fromWho="0" sc="204,90,240,-20,210,-20,336,-40" /><INIT seed="4,0,0,1,4,5" ten="294,220,190,296" oya="0" hai0="116,49,113,92,98,125,135,29,50,58,43,36,9" hai1="39,78,124,21,86,75,18,0,81,95,79,53,90" hai2="91,23,6,122,85,32,132,38,82,107,56,4,126" hai3="67,33,46,62,130,89,35,57,47,123,7,1,120"/><T117/><D29/><U88/><E39/><V14/><F32/><N who="3" m="12363" /><G130/><T22/><D22/><U37/><E37/><V97/><F122/><N who="3" m="46635" /><G7/><T25/><D25/><U2/><E124/><V24/><F38/><W41/><G1/><T66/><D9/><U115/><E115/><V96/><F132/><W71/><G89/><T45/><D113/><U10/><E53/><V94/><F126/><W101/><G101/><T34/><D34/><U13/><E75/><V100/><F56/><W73/><G73/><T48/><D125/><U69/><E69/><V111/><F111/><W99/><G99/><T76/><D76/><U26/><E0/><V63/><F63/><N who="3" m="40447" /><G41/><T60/><REACH who="0" step="1"/><D135/><REACH who="0" ten="284,220,190,296" step="2"/><U42/><E2/><V59/><F59/><W44/><G46/><T102/><AGARI ba="0,1" hai="36,43,45,48,49,50,58,60,66,92,98,102,116,117" machi="102" ten="30,11700,0" yaku="1,1,2,1,0,1,53,1" doraHai="5" doraHaiUra="55" who="0" fromWho="0" sc="284,127,220,-39,190,-39,296,-39" owari="411,51.1,181,-21.9,151,-34.9,257,5.7" /></mjloggm>