<mjloggm ver="2.3"><GO type="225" lobby="0"/><UN n0="%E3%81%AF%E3%82%88%E3%81%8A%E3%81%98%E3%81%95%E3%82%93" n1="%43%68%65" n2="%72%69%6F%75%63%68%61%6E" n3="%E6%80%AA%E3%81%97%E3%81%99%E3%81%8E%E3%82%8B%E3%83%81%E3%83%BC" dan="16,16,17,16" rate="2187.53,2164.20,2295.06,2159.91" sx="M,M,M,M"/><TAIKYOKU oya="0"/><INIT seed="0,0,0,0,4,49" ten="250,250,250,250" oya="0" hai0="121,86,46,115,13,66,48,35,56,70,64,8,85" hai1="89,31,87,29,93,61,73,45,37,105,68,129,102" hai2="57,120,114,125,11,67,107,44,91,111,113,135,22" hai3="2,34,71,41,59,5,127,117,27,18,110,47,108"/><T33/><D115/><U42/><E129/><V7/><F111/><N who="3" m="42539" /><G71/><T76/><D121/><U36/><E36/><V79/><F125/><W40/><G127/><T19/><D70/><U88/><E73/><V53/><F135/><W122/><G117/><T14/><D33/><U95/><E102/><V21/><F120/><W20/><G34/><T118/><D35/><U106/><E106/><V4/><F107/><W78/><G78/><T132/><D118/><U43/><E43/><V92/><F79/><W72/><G72/><T0/><D0/><U77/><E77/><V133/><F133/><W119/><G119/><T16/><D132/><U1/><E1/><V9/><F67/><N who="0" m="25642" /><D56/><U128/><E105/><V82/><F44/><W50/><G59/><T99/><D99/><U84/><E128/><V104/><F104/><W24/><G122/><T10/><D76/><U116/><E116/><V39/><F39/><W100/><G100/><T51/><D51/><U6/><E6/><V101/><F4/><W112/><G112/><T58/><D58/><U97/><E97/><N who="2" m="59559" /><F7/><W23/><G5/><T98/><D98/><U90/><E90/><V74/><F113/><W96/><G96/><T103/><D103/><U15/><E68/><V130/><F74/><W83/><G2/><T124/><D124/><U131/><E131/><V60/><F130/><W55/><G83/><T32/><D32/><U26/><E89/><V126/><F126/><W38/><G38/><T65/><N who="0" m="25650" /><T80/><DORA hai="81" /><D80/><U28/><E37/><V109/><F114/><W54/><G41/><AGARI ba="0,0" hai="8,10,13,14,16,19,41,46,48,85,86" m="25650" machi="41" ten="30,11600,0" yaku="8,1,52,2,54,1" doraHai="49,81" who="0" fromWho="3" sc="250,116,250,0,250,0,250,-116" /><INIT seed="0,1,0,4,4,14" ten="366,250,250,134" oya="0" hai0="5,100,85,36,47,10,22,70,18,83,124,15,107" hai1="38,71,54,7,135,68,104,39,133,33,131,60,125" hai2="121,67,91,82,50,122,88,94,4,40,17,118,77" hai3="130,109,120,3,111,89,92,84,29,23,79,112,87"/><T78/><D124/><U19/><E104/><V99/><F4/><W119/><G3/><T28/><D70/><N who="1" m="26667" /><E7/><V96/><F67/><W110/><G130/><T45/><D36/><N who="1" m="13867" /><E33/><V12/><F118/><W102/><G23/><T98/><REACH who="0" step="1"/><D28/><REACH who="0" ten="356,250,250,134" step="2"/><U101/><E125/><V126/><F126/><W26/><G29/><T48/><D48/><U13/><E131/><V66/><F50/><W61/><G111/><T128/><D128/><U73/><E60/><V24/><F122/><W116/><G61/><T132/><D132/><U57/><E135/><V63/><F121/><W2/><G120/><T35/><D35/><U127/><E133/><V31/><F31/><W1/><G110/><T129/><D129/><U49/><E127/><V65/><F63/><W86/><G109/><T108/><D108/><U34/><E34/><V59/><F66/><W115/><G116/><T72/><D72/><U8/><E73/><V55/><F65/><W42/><G119/><T58/><D58/><U76/><E57/><V27/><F59/><W21/><G112/><T44/><D44/><U134/><E134/><V0/><F40/><W43/><G43/><T114/><D114/><U69/><E69/><V75/><F55/><W62/><G62/><T41/><D41/><U51/><E54/><V80/><F0/><AGARI ba="1,1" hai="0,5,10,15,18,22,45,47,78,83,85,98,100,107" machi="0" ten="30,5800,0" yaku="1,1,7,1,52,1,53,0" doraHai="14" doraHaiUra="123" who="0" fromWho="2" sc="356,71,250,0,250,-61,134,0" /><INIT seed="0,2,0,5,1,119" ten="427,250,189,134" oya="0" hai0="108,27,101,41,88,62,76,89,45,118,68,14,37" hai1="43,33,61,111,116,64,35,105,94,124,78,60,120" hai2="58,70,11,106,50,59,3,81,72,83,54,96,93" hai3="75,2,1,52,97,74,30,109,122,12,57,0,114"/><T80/><D118/><U29/><E116/><V36/><F70/><W129/><G114/><T104/><D108/><U135/><E105/><V17/><F106/><W24/><G109/><T84/><D27/><U23/><E111/><V26/><F36/><W126/><G129/><T123/><D123/><U22/><E94/><V13/><F3/><W65/><G126/><T112/><D112/><U128/><E78/><V53/><F26/><W56/><G65/><T95/><D104/><U69/><E43/><V91/><REACH who="2" step="1"/><F72/><REACH who="2" ten="427,250,179,134" step="2"/><W77/><G122/><T48/><D37/><U49/><E69/><V20/><F20/><W21/><G12/><T133/><D133/><U25/><E23/><V115/><F115/><W16/><G75/><T42/><D68/><U44/><E135/><V90/><F90/><W4/><G74/><T121/><D121/><U39/><E39/><V5/><F5/><W100/><G4/><T127/><D127/><U15/><E124/><V10/><F10/><W6/><G6/><T134/><D134/><U125/><E125/><V8/><F8/><W110/><G110/><T46/><D101/><U67/><E120/><V85/><F85/><W19/><G77/><T92/><D14/><U63/><E128/><V28/><F28/><W7/><G7/><T79/><D84/><U102/><E102/><V113/><F113/><W71/><G71/><T130/><D130/><U98/><E15/><V51/><AGARI ba="2,1" hai="11,13,17,50,51,53,54,58,59,81,83,91,93,96" machi="51" ten="20,12000,2" yaku="1,1,0,1,7,1,9,1,8,1,53,2" doraHai="119" doraHaiUra="47" who="2" fromWho="2" sc="427,-62,250,-32,179,136,134,-32" /><INIT seed="1,0,0,2,4,35" ten="365,218,315,102" oya="1" hai0="43,133,28,55,29,73,69,117,37,104,98,67,128" hai1="51,125,100,79,57,112,58,107,109,115,68,77,10" hai2="12,21,30,91,95,38,121,63,47,119,64,50,41" hai3="44,6,25,134,110,1,16,132,102,74,11,129,114"/><U127/><E68/><V86/><F119/><W36/><G114/><T131/><D117/><U62/><E51/><V27/><F121/><W26/><G110/><T2/><D73/><U48/><E48/><V23/><F38/><W116/><G116/><T61/><D133/><N who="3" m="51305" /><G74/><T13/><D2/><U78/><E109/><V101/><F101/><W4/><G129/><N who="0" m="49739" /><D55/><U113/><E10/><V15/><REACH who="2" step="1"/><F23/><REACH who="2" ten="365,218,305,102" step="2"/><N who="3" m="13543" /><G102/><N who="0" m="62551" /><D13/><U83/><E100/><V126/><F126/><N who="1" m="48137" /><E107/><V19/><F19/><W45/><G36/><T135/><D135/><U3/><E115/><V87/><F87/><W76/><G76/><T32/><D32/><U103/><E103/><V7/><F7/><N who="3" m="1519" /><G26/><T81/><D28/><U122/><E113/><V93/><F93/><W88/><G88/><T70/><D29/><U85/><E112/><V46/><F46/><AGARI ba="0,1" hai="4,6,44,45,46" m="1519,13543,51305" machi="46" ten="30,3900,0" yaku="20,1,52,1,54,1" doraHai="35" who="3" fromWho="2" sc="365,0,218,0,305,-39,102,49" /><INIT seed="2,0,0,4,2,67" ten="365,218,266,151" oya="2" hai0="70,95,24,115,133,88,132,120,74,107,85,38,123" hai1="108,111,48,55,89,116,53,34,81,68,58,75,79" hai2="21,41,80,22,10,5,131,6,16,73,121,7,92" hai3="90,77,127,84,64,82,62,40,76,113,134,32,98"/><V47/><F121/><W119/><G119/><T44/><D115/><U71/><E116/><V17/><F131/><W11/><G32/><T57/><D70/><N who="1" m="26667" /><E55/><V51/><F92/><W3/><G113/><T94/><D107/><U50/><E89/><V4/><F21/><W125/><G134/><N who="0" m="51819" /><D74/><U101/><E34/><V43/><F43/><W103/><G40/><N who="0" m="22551" /><D57/><U56/><E101/><V100/><F100/><W86/><G76/><T26/><D95/><U15/><E15/><V18/><F73/><W65/><G65/><T78/><D78/><U87/><E87/><V33/><F80/><W35/><G35/><T59/><D59/><U20/><E20/><V69/><F69/><N who="3" m="42135" /><G90/><T117/><D117/><U63/><E58/><V45/><F45/><W129/><G129/><T28/><D24/><U30/><E30/><V60/><F33/><AGARI ba="0,0" hai="26,28,33,85,88,94,120,123" m="22551,51819" machi="33" ten="30,2000,0" yaku="20,1,54,1" doraHai="67" who="0" fromWho="2" sc="365,20,218,0,266,-20,151,0" /><INIT seed="3,0,0,1,4,88" ten="385,218,246,151" oya="3" hai0="20,61,58,14,128,87,26,122,23,129,68,19,104" hai1="109,92,105,30,97,31,66,94,41,28,27,52,60" hai2="24,57,95,80,62,99,1,91,59,51,3,38,132" hai3="32,115,116,34,84,85,90,5,67,13,75,40,96"/><W107/><G75/><T108/><D104/><U42/><E109/><V113/><F113/><W130/><G115/><T45/><D108/><U54/><E27/><V110/><F110/><W6/><G116/><T78/><D68/><U48/><E105/><V134/><F38/><W0/><G130/><T117/><D122/><U72/><E72/><V8/><F24/><W33/><G0/><T76/><D45/><U43/><E48/><V64/><F80/><W70/><G40/><T100/><D100/><U103/><REACH who="1" step="1"/><E92/><REACH who="1" ten="385,208,246,151" step="2"/><V11/><F1/><W131/><G131/><N who="0" m="50251" /><D87/><U22/><E22/><V81/><F3/><W118/><G118/><T98/><D98/><U4/><E4/><V36/><F36/><W86/><G13/><T25/><D117/><U69/><AGARI ba="0,1" hai="28,30,31,41,42,43,52,54,60,66,69,94,97,103" machi="69" ten="30,12000,2" yaku="1,1,0,1,52,1,54,1,53,2" doraHai="88" doraHaiUra="49" who="1" fromWho="1" sc="385,-30,208,130,246,-30,151,-60" owari="355,45.5,338,13.8,216,-18.4,91,-40.9" /></mjloggm>