<mjloggm ver="2.3"><GO type="225" lobby="0"/><UN n0="%E4%BF%BA%E3%81%A8%E5%A6%96%E5%A4%A2" n1="%28%EF%BF%A3%E2%96%BD%EF%BF%A3%29%CE%B4%E2%8C%92%E3%83%BB" n2="%E3%81%B5%E3%81%98%E3%81%8B%E3%81%A4" n3="%E3%81%BE%E3%81%A8%E3%81%9F" dan="17,16,16,16" rate="2204.25,2117.27,2162.13,2155.11" sx="F,M,M,M"/><TAIKYOKU oya="0"/><INIT seed="0,0,0,1,1,41" ten="250,250,250,250" oya="0" hai0="3,65,36,108,109,49,39,125,100,54,17,112,51" hai1="0,18,57,64,60,2,83,27,90,30,22,91,68" hai2="47,119,58,115,9,105,134,52,132,78,4,99,63" hai3="25,98,32,33,81,79,37,72,113,124,120,76,6"/><T74/><D74/><U94/><E68/><V56/><F78/><W127/><G113/><T75/><D75/><U45/><E83/><V77/><F77/><W40/><G79/><T128/><D112/><U93/><E30/><V53/><F115/><W28/><G120/><T66/><D3/><U114/><E114/><V69/><F105/><W14/><G14/><T123/><D100/><U116/><E116/><V20/><F99/><W92/><G6/><T19/><D123/><U12/><E12/><V11/><F20/><W133/><G133/><N who="2" m="51305" /><F119/><W121/><G121/><T82/><D82/><U101/><E101/><V95/><F95/><W23/><G40/><T87/><D87/><U110/><E110/><N who="0" m="42601" /><D128/><U31/><E31/><V102/><F69/><W67/><G33/><T130/><D130/><U1/><E94/><V15/><F11/><W21/><G92/><T26/><D26/><U103/><E103/><V61/><F102/><W118/><G32/><T34/><D34/><U97/><E91/><V62/><F47/><W13/><G118/><T55/><D125/><U117/><E117/><V80/><F80/><W85/><G124/><T70/><D17/><U131/><E131/><V38/><F38/><N who="0" m="14378" /><D19/><U104/><E104/><V96/><F96/><W84/><G127/><T122/><D122/><U10/><E10/><V89/><F89/><W5/><G72/><T42/><D70/><U44/><AGARI ba="0,0" hai="0,1,2,18,22,27,44,45,57,60,64,90,93,97" machi="44" ten="40,5200,0" yaku="0,1,52,2" doraHai="41" who="1" fromWho="1" sc="250,-26,250,52,250,-13,250,-13" /><INIT seed="1,0,0,0,0,120" ten="224,302,237,237" oya="1" hai0="95,129,36,21,69,75,81,8,14,96,31,22,119" hai1="62,35,11,29,68,23,13,79,73,20,84,12,123" hai2="33,92,127,108,28,41,60,87,16,48,78,63,47" hai3="80,1,66,4,107,105,131,9,76,94,52,53,133"/><U56/><E73/><V7/><F127/><W109/><G131/><T71/><D119/><U132/><E68/><V111/><F7/><W82/><G133/><T134/><D36/><U40/><E123/><V121/><F121/><W83/><G76/><T100/><D129/><U104/><E104/><V25/><F16/><W72/><G72/><T10/><D134/><U45/><E132/><V44/><F44/><W17/><G66/><T6/><D8/><U43/><E35/><V114/><F114/><W50/><G53/><T110/><D110/><N who="2" m="42026" /><F78/><W54/><G17/><T2/><D81/><N who="1" m="47167" /><E13/><V30/><F30/><W90/><G109/><T93/><D31/><U49/><E43/><V38/><F38/><W118/><G118/><T42/><D42/><U0/><E0/><V37/><F37/><W97/><REACH who="3" step="1"/><G54/><REACH who="3" ten="224,302,237,227" step="2"/><T67/><D67/><N who="1" m="39367" /><E29/><V34/><F34/><W99/><G99/><T61/><D96/><U85/><E85/><V101/><F87/><W86/><G86/><T3/><D75/><U5/><AGARI ba="0,1" hai="5,11,12,20,23,40,45,49" m="39367,47167" machi="5" ten="30,3000,0" yaku="25,1,8,1" doraHai="120" who="1" fromWho="1" sc="224,-10,302,40,237,-10,227,-10" /><INIT seed="1,1,0,1,3,48" ten="214,342,227,217" oya="1" hai0="122,69,23,103,87,131,15,55,20,80,26,25,130" hai1="59,50,68,65,115,35,117,91,67,66,19,95,113" hai2="39,93,61,84,81,120,71,124,53,64,94,82,52" hai3="7,4,16,132,89,98,79,18,114,47,119,27,127"/><U31/><E35/><V73/><F120/><W102/><G114/><T97/><D69/><U105/><E31/><V129/><F129/><N who="0" m="49162" /><D122/><U6/><E105/><V62/><F39/><W24/><G132/><T109/><D109/><U45/><E6/><N who="3" m="2090" /><G102/><T37/><D37/><U34/><E34/><V104/><F104/><W101/><G101/><T40/><D40/><N who="1" m="24871" /><E19/><N who="3" m="7210" /><G79/><T110/><D110/><U2/><E2/><V58/><F124/><W32/><G32/><T29/><D15/><U100/><E100/><V38/><F38/><W121/><G121/><T51/><D97/><U112/><E95/><N who="2" m="36363" /><F71/><W0/><G0/><T63/><D63/><N who="1" m="39999" /><E91/><N who="2" m="51599" /><F73/><W22/><G89/><N who="0" m="51431" /><D103/><U111/><E111/><V1/><F1/><W42/><G127/><T44/><D29/><U33/><E33/><V90/><F62/><W133/><G133/><T30/><D30/><U86/><E86/><AGARI ba="1,0" hai="52,53,58,61,64,82,86,90" m="51599,36363" machi="86" ten="30,7700,0" yaku="8,1,52,2,54,1" doraHai="48" who="2" fromWho="1" sc="214,0,342,-80,227,80,217,0" /><INIT seed="2,0,0,0,3,65" ten="214,262,307,217" oya="2" hai0="36,7,133,59,57,97,134,13,15,21,56,12,43" hai1="125,9,96,42,46,122,51,100,23,89,110,95,74" hai2="34,79,25,45,116,28,99,19,52,78,35,132,68" hai3="14,29,80,38,111,135,70,119,33,117,11,85,67"/><V53/><F116/><W32/><G38/><T94/><D36/><U105/><E110/><V3/><F132/><N who="0" m="50794" /><D43/><U10/><E74/><V64/><F3/><W5/><G111/><T82/><D82/><U77/><E77/><V30/><F99/><W114/><G114/><T47/><D47/><U49/><E122/><V109/><F109/><W31/><G135/><T27/><D7/><U106/><E125/><V113/><F113/><W128/><G128/><T87/><D87/><U102/><E105/><V118/><F118/><W20/><G32/><T121/><D121/><U63/><E51/><V86/><F19/><W92/><G33/><T4/><D4/><U103/><E106/><V129/><F129/><W75/><G75/><T66/><D66/><U123/><E123/><V61/><F86/><W101/><G85/><T90/><D12/><U84/><E84/><V83/><F45/><W130/><G80/><T17/><AGARI ba="0,0" hai="13,15,17,21,27,56,57,59,90,94,97" m="50794" machi="17" ten="30,1100,0" yaku="20,1" doraHai="65" who="0" fromWho="0" sc="214,11,262,-3,307,-5,217,-3" /><INIT seed="3,0,0,5,2,37" ten="225,259,302,214" oya="3" hai0="52,14,76,124,88,56,79,23,18,85,39,24,114" hai1="50,111,15,110,65,8,98,42,115,0,81,35,105" hai2="69,113,4,132,58,133,62,131,45,127,75,134,116" hai3="89,82,17,73,63,102,135,20,21,43,84,48,7"/><W55/><G135/><T91/><D39/><U46/><E35/><V108/><F116/><W41/><G73/><T100/><D124/><U54/><E115/><V19/><F113/><W121/><G121/><T25/><D114/><U64/><E0/><V61/><F127/><W129/><G129/><T13/><D100/><N who="1" m="62615" /><E81/><V49/><F108/><N who="1" m="41513" /><E54/><N who="2" m="29999" /><F4/><AGARI ba="0,0" hai="4,8,15,42,46,50,64,65" m="41513,62615" machi="4" ten="30,2000,0" yaku="14,1,52,1" doraHai="37" who="1" fromWho="2" sc="225,0,259,20,302,-20,214,0" /><INIT seed="4,0,0,1,0,91" ten="225,279,282,214" oya="0" hai0="59,93,32,100,5,9,20,83,36,111,102,101,11" hai1="22,134,129,121,114,77,12,109,119,6,112,48,65" hai2="60,47,46,43,75,40,88,61,16,82,64,135,29" hai3="19,62,21,23,69,67,42,84,116,113,31,13,35"/><T104/><D104/><U123/><E119/><V79/><F135/><W51/><G116/><T85/><D32/><U38/><E38/><V4/><F29/><W94/><G113/><N who="1" m="43626" /><E109/><V127/><F127/><W128/><G128/><T17/><D36/><U72/><E129/><V115/><F115/><W53/><G42/><T90/><D111/><U103/><E134/><V37/><F4/><W125/><G125/><T87/><D59/><U2/><E65/><V24/><F64/><W73/><G73/><T95/><D85/><U68/><E68/><V126/><F126/><W63/><G63/><T86/><D86/><U41/><E2/><V76/><F76/><W66/><G66/><T18/><D5/><U44/><E103/><V55/><F55/><W106/><G106/><T45/><D45/><U56/><E56/><V99/><F46/><W98/><G35/><T120/><D120/><U108/><E108/><V74/><F43/><W92/><G84/><T105/><D105/><U28/><E28/><V8/><F74/><W10/><G31/><T54/><D54/><U132/><E132/><V57/><F57/><W133/><G133/><T78/><D90/><U117/><E117/><V3/><F88/><W26/><G98/><T89/><D89/><U25/><E6/><N who="2" m="1119" /><F99/><W27/><G53/><T39/><D39/><U81/><E25/><N who="3" m="9226" /><G51/><T118/><D118/><U107/><E107/><V71/><F71/><W124/><G124/><T52/><D52/><U34/><E34/><V122/><F122/><W49/><G49/><T131/><D131/><U58/><E58/><V7/><F7/><RYUUKYOKU ba="0,0" sc="225,-30,279,10,282,10,214,10" hai1="12,22,41,44,48,72,77,81,121,123" hai2="16,24,37,40,47,60,61,75,79,82" hai3="10,13,19,21,23,62,67,69,92,94" /><INIT seed="5,1,0,1,5,100" ten="195,289,292,224" oya="1" hai0="49,24,22,109,45,40,15,57,54,94,129,113,44" hai1="63,111,117,106,28,65,123,130,73,61,119,77,84" hai2="3,30,69,76,120,46,124,11,72,0,121,135,102" hai3="31,27,32,26,133,134,58,9,105,87,110,42,115"/><U50/><E123/><V68/><F30/><N who="3" m="19543" /><G42/><T125/><D109/><U29/><E73/><V104/><F46/><W10/><G87/><T43/><D113/><U37/><E37/><V53/><F53/><W13/><G58/><T25/><D129/><U118/><E106/><V85/><F85/><W80/><G80/><T127/><D15/><U56/><E130/><V14/><F124/><N who="0" m="47690" /><D94/><U90/><E77/><V86/><F86/><W23/><G105/><T17/><D25/><U41/><E111/><V59/><F14/><W82/><G82/><T39/><D43/><U19/><E19/><V96/><F59/><AGARI ba="1,0" hai="17,22,24,39,40,44,45,49,54,57,59" m="47690" machi="59" ten="30,1000,0" yaku="18,1" doraHai="100" who="0" fromWho="2" sc="195,13,289,0,292,-13,224,0" /><INIT seed="6,0,0,0,4,106" ten="208,289,279,224" oya="2" hai0="4,49,66,71,129,70,9,69,6,42,13,128,56" hai1="37,130,87,72,2,16,38,35,0,54,77,73,31" hai2="1,18,108,110,23,100,98,121,124,19,59,80,30" hai3="107,101,15,89,133,93,117,105,102,118,20,46,90"/><V74/><F121/><W22/><G46/><T134/><D134/><U62/><E16/><V113/><F1/><N who="1" m="617" /><E87/><V28/><F113/><W39/><G39/><N who="1" m="14858" /><E54/><V127/><F59/><W132/><G93/><T125/><D125/><N who="2" m="48202" /><F18/><W88/><G90/><T109/><D109/><N who="2" m="42090" /><F74/><N who="1" m="28777" /><E62/><V44/><F80/><W8/><G8/><T120/><D120/><U27/><E130/><N who="0" m="50281" /><D4/><U40/><E40/><V34/><F44/><W11/><G11/><T84/><D84/><U99/><E99/><V55/><F55/><W122/><G122/><T91/><D42/><U119/><E119/><V115/><F115/><W103/><G118/><T48/><D91/><U61/><E61/><AGARI ba="0,0" hai="6,9,13,48,49,56,61,66,69,70,71" m="50281" machi="61" ten="40,1300,0" yaku="19,1" doraHai="106" who="0" fromWho="1" sc="208,13,289,-13,279,0,224,0" /><INIT seed="7,0,0,4,3,88" ten="221,276,279,224" oya="3" hai0="47,35,63,34,114,104,28,69,87,129,112,103,97" hai1="113,133,83,5,135,55,42,86,4,48,77,78,49" hai2="127,68,22,128,130,43,70,85,76,120,124,60,95" hai3="91,27,11,66,8,40,67,39,111,132,71,36,45"/><W32/><G132/><N who="1" m="50762" /><E113/><N who="0" m="43625" /><D129/><N who="2" m="49770" /><F120/><W73/><G73/><T102/><D102/><U65/><E65/><V90/><F76/><N who="1" m="29289" /><E42/><V44/><F22/><W7/><G36/><T58/><D69/><N who="2" m="26730" /><F60/><W0/><G71/><T116/><D116/><U59/><E49/><AGARI ba="0,0" hai="43,44,49,85,90,95,124,127" m="26730,49770" machi="49" ten="30,2000,0" yaku="19,1,52,1" doraHai="88" who="2" fromWho="1" sc="221,0,276,-20,279,20,224,0" owari="221,-27.9,256,5.6,299,39.9,224,-17.6" /></mjloggm>