<mjloggm ver="2.3"><GO type="225" lobby="0"/><UN n0="%74%61%6B%75%61%6B%61" n1="%E4%B8%89%E5%86%A0%E7%8E%8B%E3%83%BB%E5%B1%B1%E7%94%B0%E5%93%B2%E4%BA%BA" n2="%E8%A8%88%E7%AE%97%E6%A9%9F%E8%87%AA%E7%84%B6" n3="%E8%90%BD%E6%97%A5" dan="17,16,17,19" rate="2175.01,2145.01,2180.27,2257.76" sx="M,M,M,F"/><TAIKYOKU oya="0"/><INIT seed="0,0,0,1,3,8" ten="250,250,250,250" oya="0" hai0="28,50,59,43,93,82,96,120,125,119,92,35,73" hai1="122,65,57,32,3,134,76,64,104,61,44,20,77" hai2="71,117,108,11,23,29,85,83,21,114,26,48,90" hai3="135,22,24,95,112,107,97,128,68,9,14,87,88"/><T99/><D120/><U132/><E32/><V118/><F114/><W63/><G112/><T80/><D119/><N who="2" m="45578" /><F108/><W31/><G128/><T79/><D125/><U110/><E122/><V75/><F71/><W18/><G135/><N who="1" m="51754" /><E110/><V13/><F75/><W121/><G121/><T41/><D35/><U10/><E104/><V17/><F48/><W46/><G46/><T66/><D28/><U133/><E133/><V130/><F130/><W58/><G68/><T74/><D50/><U109/><E109/><V81/><F81/><W5/><G107/><T69/><D69/><U113/><E113/><V55/><F55/><N who="3" m="34271" /><G87/><T72/><D72/><U25/><E65/><V126/><F126/><W42/><G42/><T38/><D66/><U98/><E98/><V78/><F78/><W16/><AGARI ba="0,0" hai="5,9,14,16,18,22,24,31,88,95,97" m="34271" machi="16" ten="30,7900,0" yaku="8,1,52,1,54,2" doraHai="8" who="3" fromWho="3" sc="250,-39,250,-20,250,-20,250,79" /><INIT seed="1,0,0,2,1,79" ten="211,230,230,329" oya="1" hai0="29,12,125,104,14,28,59,10,103,27,113,83,0" hai1="74,78,122,71,129,86,62,52,89,100,19,94,135" hai2="35,4,97,54,118,99,133,131,60,69,96,41,46" hai3="88,21,6,110,98,73,109,34,80,13,55,63,64"/><U26/><E122/><V126/><F118/><W106/><G34/><T77/><D113/><U127/><E135/><V81/><F35/><W65/><G55/><T1/><D125/><U33/><E127/><V22/><F126/><W5/><G65/><T40/><D40/><U18/><E129/><V102/><F133/><W124/><G124/><T76/><D76/><U123/><E123/><V70/><F102/><W15/><G73/><T72/><D59/><U92/><E71/><V112/><F131/><W93/><G106/><T56/><D56/><N who="1" m="35079" /><E74/><V2/><F112/><W43/><G43/><T53/><D53/><U16/><E33/><V36/><F22/><W107/><G107/><T49/><D49/><U117/><E78/><V23/><F23/><W90/><G21/><T24/><D0/><U20/><E117/><V9/><F81/><W42/><G42/><T31/><D1/><U57/><E57/><V119/><F119/><W30/><G80/><T44/><D44/><U48/><E48/><V75/><F75/><W84/><G63/><T39/><D39/><U120/><E120/><V111/><F111/><W45/><G110/><T3/><D3/><U67/><E67/><V87/><F54/><W116/><G64/><T38/><D38/><U25/><E25/><V11/><F60/><W68/><G116/><T66/><D66/><U101/><E94/><V85/><F9/><W8/><G109/><T58/><D58/><U114/><E114/><V121/><F121/><W17/><G68/><T37/><D37/><U132/><E132/><V130/><F130/><W115/><G115/><RYUUKYOKU ba="0,0" sc="211,-15,230,15,230,15,329,-15" hai1="16,18,19,20,26,86,89,92,100,101" hai2="2,4,11,36,41,46,69,70,85,87,96,97,99" /><INIT seed="1,1,0,3,0,24" ten="196,245,245,314" oya="1" hai0="0,35,39,20,85,89,104,113,102,38,131,69,27" hai1="95,97,4,92,49,76,48,33,114,50,129,94,31" hai2="11,78,5,127,111,84,46,21,107,82,19,42,125" hai3="101,56,2,133,117,45,3,80,79,135,126,65,81"/><U112/><E129/><V54/><F111/><W59/><G126/><T75/><D35/><U57/><E76/><V77/><F107/><W100/><G45/><T98/><D113/><U10/><E97/><V70/><F70/><W72/><G65/><T15/><D0/><U53/><E33/><V9/><F54/><W18/><G18/><T13/><D69/><U99/><E99/><V115/><F77/><W91/><G79/><T86/><D75/><U6/><E31/><V12/><F115/><W41/><G41/><T23/><D85/><U52/><E4/><V44/><F9/><W1/><G91/><T14/><D20/><U110/><E110/><V120/><F120/><W25/><G25/><T118/><D118/><U108/><E108/><V60/><F60/><W8/><G8/><T132/><D132/><U90/><E90/><V124/><REACH who="2" step="1"/><F42/><REACH who="2" ten="196,245,235,314" step="2"/><W93/><G133/><T134/><D134/><U58/><REACH who="1" step="1"/><E49/><REACH who="1" ten="196,235,235,314" step="2"/><V22/><F22/><W36/><G135/><T68/><D23/><U67/><E67/><V87/><F87/><W37/><G117/><T7/><D86/><U34/><E34/><V29/><F29/><W83/><G72/><T26/><D104/><U74/><E74/><V55/><F55/><W122/><G122/><T63/><D98/><U40/><E40/><V64/><F64/><W62/><G37/><T61/><D38/><U88/><E88/><V105/><F105/><W119/><G36/><T109/><D39/><U47/><E47/><V30/><F30/><W71/><G119/><T116/><D116/><U96/><E96/><V17/><F17/><RYUUKYOKU ba="1,2" sc="196,-15,235,15,235,15,314,-15" hai1="6,10,48,50,52,53,57,58,92,94,95,112,114" hai2="5,11,12,19,21,44,46,78,82,84,124,125,127" /><INIT seed="1,2,2,0,3,29" ten="181,250,250,299" oya="1" hai0="64,5,39,103,28,109,113,63,130,77,9,112,120" hai1="66,49,84,69,78,48,13,12,118,87,61,93,8" hai2="104,134,88,135,83,27,56,41,111,59,43,44,34" hai3="114,52,10,40,22,122,51,95,2,16,94,31,128"/><U121/><E118/><V129/><F104/><W101/><G122/><T75/><D109/><U105/><E105/><V86/><F111/><W24/><G114/><T18/><D130/><U50/><E121/><V106/><F106/><W76/><G128/><T7/><D120/><U54/><E13/><V91/><F129/><W92/><G40/><T67/><D39/><U0/><E0/><V107/><F107/><W126/><G126/><T26/><D103/><U11/><E11/><V53/><F91/><W15/><G76/><T20/><D18/><U55/><E78/><V89/><F89/><W79/><G79/><T57/><D67/><U71/><E71/><V74/><F74/><W17/><G2/><T65/><D65/><U115/><E115/><V85/><F85/><W125/><G125/><T42/><D42/><U32/><E32/><V98/><F98/><N who="3" m="59591" /><G31/><T21/><D21/><U68/><E68/><V90/><F90/><W96/><G96/><T81/><REACH who="0" step="1"/><D5/><REACH who="0" ten="171,250,250,299" step="2"/><U117/><E117/><V99/><F99/><W1/><G17/><T131/><D131/><U60/><E55/><V58/><F53/><W124/><G124/><T127/><D127/><U45/><E54/><V19/><F41/><W38/><G38/><T25/><D25/><U108/><E108/><V82/><F19/><W30/><G52/><T36/><D36/><U123/><E123/><V14/><F43/><W46/><G51/><T100/><D100/><U80/><E49/><V47/><F27/><W116/><G116/><T62/><D62/><U3/><E50/><V132/><F132/><W119/><G119/><RYUUKYOKU ba="2,3" sc="171,30,250,-10,250,-10,299,-10" hai0="7,9,20,26,28,57,63,64,75,77,81,112,113" /><INIT seed="2,3,3,4,0,29" ten="201,240,240,289" oya="2" hai0="37,103,13,19,126,78,17,8,48,47,109,21,115" hai1="88,90,61,125,76,120,30,67,39,134,4,26,81" hai2="64,7,51,122,32,107,22,12,73,54,55,93,117" hai3="34,50,43,14,114,119,123,94,87,0,1,65,92"/><V82/><F117/><W121/><G119/><T112/><D109/><U130/><E134/><V118/><F118/><W100/><G34/><T36/><D126/><U70/><E125/><V63/><F107/><W35/><G35/><T68/><D68/><U58/><E130/><V57/><F122/><W133/><G65/><T102/><D78/><U124/><E124/><V98/><F32/><W46/><G133/><T77/><D77/><U111/><E111/><V49/><F73/><W5/><G100/><T33/><D33/><U108/><E108/><V106/><F106/><W60/><G60/><T23/><D8/><U83/><E120/><V24/><F82/><W110/><G110/><T132/><D132/><U72/><E39/><V91/><F12/><W135/><G135/><T44/><D48/><N who="2" m="18506" /><F7/><W31/><G31/><AGARI ba="3,3" hai="22,24,31,54,55,57,63,64,91,93,98" m="18506" machi="31" ten="30,1500,0" yaku="8,1" doraHai="29" who="2" fromWho="3" sc="201,0,240,0,240,54,289,-24" /><INIT seed="2,4,0,3,1,71" ten="201,240,294,265" oya="2" hai0="56,48,116,93,121,114,28,19,1,68,122,135,3" hai1="120,113,98,36,6,108,57,42,72,106,132,94,15" hai2="16,0,100,7,51,130,75,69,17,10,41,102,62" hai3="101,90,109,79,2,83,11,125,46,80,73,78,133"/><V54/><F75/><W47/><G109/><T77/><D19/><U29/><E113/><V25/><F130/><W91/><G125/><T43/><D93/><U37/><E72/><V134/><F134/><W124/><G124/><T12/><D12/><U88/><E108/><V4/><F41/><W111/><G111/><T105/><D77/><U38/><E132/><V115/><F4/><W86/><G133/><T33/><D28/><U27/><E120/><V14/><F25/><W67/><G67/><T26/><D26/><U99/><E57/><V52/><F115/><W119/><G119/><T5/><D5/><U22/><E42/><V59/><F69/><W61/><G61/><T44/><D68/><U30/><E30/><V118/><F118/><W65/><G101/><N who="2" m="39017" /><F0/><W87/><G73/><T39/><D33/><U8/><REACH who="1" step="1"/><E106/><REACH who="1" ten="201,230,294,265" step="2"/><V55/><F54/><W63/><G65/><T49/><D105/><U107/><E107/><V81/><F81/><W126/><G126/><T74/><D74/><U35/><E35/><V84/><F84/><AGARI ba="4,1" hai="6,8,15,22,27,29,36,37,38,84,88,94,98,99" machi="84" ten="40,8000,1" yaku="1,1,52,3,54,1,53,0" doraHai="71" doraHaiUra="131" who="1" fromWho="2" sc="201,0,230,102,294,-92,265,0" /><INIT seed="3,0,0,2,0,67" ten="201,332,202,265" oya="3" hai0="13,2,116,71,77,11,122,53,98,70,50,60,35" hai1="111,102,75,103,114,129,128,21,15,62,19,27,45" hai2="41,95,43,14,73,115,28,94,51,68,55,96,17" hai3="86,83,125,40,20,93,48,117,33,133,9,34,131"/><W36/><G36/><T109/><D122/><U39/><E75/><V105/><F115/><W38/><G38/><T7/><D116/><U42/><E114/><V10/><F68/><W31/><G117/><T49/><D35/><U12/><E111/><V106/><F73/><W81/><G34/><T46/><D109/><U52/><E52/><V119/><F119/><W123/><G33/><T84/><D2/><U58/><E12/><N who="2" m="7319" /><F106/><W97/><G123/><T23/><D60/><U82/><E82/><V0/><F105/><W110/><G110/><T113/><D113/><U63/><E63/><V5/><F28/><W126/><G131/><T3/><D98/><U80/><E80/><V65/><F65/><W89/><G133/><T90/><D77/><U99/><E27/><V26/><F26/><W32/><G32/><T85/><D85/><U59/><E102/><N who="2" m="60695" /><F95/><W108/><G108/><T130/><D130/><N who="1" m="50283" /><E62/><V56/><F0/><W44/><G9/><AGARI ba="0,0" hai="5,9,14,41,43,51,55,56" m="60695,7319" machi="9" ten="30,1000,0" yaku="8,1" doraHai="67" who="2" fromWho="3" sc="201,0,332,0,202,10,265,-10" owari="201,-29.9,332,43.2,212,-18.8,255,5.5" /></mjloggm>