<mjloggm ver="2.3"><GO type="225" lobby="0"/><UN n0="%E3%81%A9%E3%82%8F%E3%82%93%E3%81%94" n1="%E3%83%A9%E3%83%BC%E3%83%A1%E3%83%B3%E4%BA%94%E9%83%8E" n2="%77%72%77%72%77%72%77%72" n3="%72%69%6F%75%63%68%61%6E" dan="16,16,17,16" rate="2104.87,2085.16,2166.69,2152.66" sx="M,M,M,M"/><TAIKYOKU oya="0"/><INIT seed="0,0,0,5,3,125" ten="250,250,250,250" oya="0" hai0="120,61,128,34,111,12,119,134,100,4,57,52,113" hai1="8,54,42,53,132,96,9,81,30,35,117,43,27" hai2="10,124,133,6,91,67,14,112,7,68,123,77,33" hai3="3,82,36,87,15,22,23,115,21,78,106,109,62"/><T88/><D120/><U46/><E132/><V116/><F112/><W11/><G115/><T129/><D113/><U101/><E117/><V19/><F123/><W24/><G36/><T44/><D119/><U48/><E81/><V80/><F116/><W92/><G106/><T86/><D34/><U90/><E90/><V104/><F124/><W16/><G109/><T2/><D2/><U51/><E8/><V63/><F133/><W66/><G3/><T108/><D100/><U60/><E60/><V37/><F37/><W102/><G102/><T1/><D1/><U121/><E9/><V65/><F65/><W110/><G110/><N who="0" m="42027" /><D134/><U122/><E122/><V74/><F104/><W70/><REACH who="3" step="1"/><G92/><REACH who="3" ten="250,250,250,240" step="2"/><N who="0" m="54295" /><D44/><U76/><E121/><V98/><REACH who="2" step="1"/><F33/><REACH who="2" ten="250,250,240,240" step="2"/><W56/><G56/><T29/><D29/><AGARI ba="0,2" hai="11,15,16,21,22,23,24,29,62,66,70,78,82,87" machi="29" ten="30,7700,0" yaku="1,1,7,1,54,1,53,1" doraHai="125" doraHaiUra="25" who="3" fromWho="0" sc="250,-77,250,0,240,0,240,97" /><INIT seed="1,0,0,1,3,98" ten="173,250,240,337" oya="1" hai0="132,7,23,27,25,8,135,37,12,85,73,69,14" hai1="34,80,18,106,103,56,74,62,92,118,51,44,116" hai2="119,30,130,104,48,127,133,17,1,10,15,96,40" hai3="84,46,50,117,110,102,4,83,70,53,87,95,29"/><U76/><E34/><V108/><F119/><W61/><G117/><T86/><D73/><U57/><E106/><V75/><F75/><W134/><G110/><T47/><D69/><U72/><E72/><V112/><F108/><W16/><G134/><N who="0" m="51243" /><D47/><U89/><E18/><V126/><F133/><W35/><G4/><N who="0" m="3079" /><D37/><U36/><E36/><V65/><F112/><W90/><G35/><T31/><D86/><U124/><E124/><N who="2" m="47659" /><F130/><W66/><G29/><N who="0" m="17599" /><D85/><U93/><E56/><V79/><F79/><W59/><G102/><T54/><D54/><U78/><E78/><V58/><F65/><W21/><G70/><T122/><D122/><U38/><E38/><V105/><F40/><W33/><G33/><N who="0" m="20735" /><D14/><U3/><E57/><V11/><F58/><W63/><G61/><T60/><D60/><U131/><E62/><V97/><F48/><W77/><REACH who="3" step="1"/><G21/><REACH who="3" ten="173,250,240,327" step="2"/><T113/><D7/><U115/><E116/><V129/><F105/><W81/><G81/><T71/><D71/><U111/><E118/><V5/><F104/><W49/><G49/><T20/><D20/><U28/><E51/><V19/><F30/><W128/><G128/><T123/><D123/><U6/><E28/><V42/><F5/><W13/><G13/><T68/><D68/><U99/><E131/><V82/><F15/><W67/><G67/><T88/><D113/><U121/><E115/><V2/><F129/><W107/><G107/><T39/><D39/><U43/><E121/><V41/><F82/><W100/><G100/><T52/><D88/><U24/><E89/><V26/><F1/><W91/><G91/><RYUUKYOKU ba="0,1" sc="173,15,250,-15,240,-15,327,15" hai0="52" hai3="16,46,50,53,59,63,66,77,83,84,87,90,95" /><INIT seed="2,1,1,2,5,3" ten="188,235,225,342" oya="2" hai0="0,78,119,104,110,23,133,74,14,13,101,79,93" hai1="30,42,80,15,37,46,88,58,17,95,107,81,128" hai2="120,39,116,125,41,31,67,75,130,70,117,118,96" hai3="124,10,4,12,20,131,29,25,123,76,6,83,122"/><V111/><F120/><N who="3" m="46123" /><G83/><T84/><D0/><U53/><E128/><V32/><F130/><W92/><G92/><T108/><D23/><U127/><E127/><V109/><F125/><W19/><G76/><N who="0" m="29227" /><D13/><U59/><E30/><V66/><F75/><W1/><G131/><T45/><D14/><U106/><E106/><V7/><F96/><W103/><G103/><T35/><D45/><U2/><E2/><V69/><F31/><W36/><G36/><T91/><D35/><U61/><E59/><V90/><F90/><W65/><G65/><N who="2" m="24585" /><F7/><N who="3" m="1391" /><G124/><T49/><D49/><N who="1" m="26839" /><E107/><V73/><F73/><W21/><AGARI ba="1,1" hai="4,6,12,19,20,21,25,29" m="1391,46123" machi="21" ten="30,8000,1" yaku="34,2,52,3" doraHai="3" who="3" fromWho="3" sc="188,-21,235,-21,225,-41,342,93" /><INIT seed="3,0,0,1,4,21" ten="167,214,184,435" oya="3" hai0="34,24,25,26,81,133,74,58,45,36,32,41,127" hai1="64,89,55,67,6,11,87,60,76,121,79,43,125" hai2="93,80,129,122,19,69,104,70,86,94,75,35,115" hai3="131,7,3,130,65,99,4,54,66,27,134,101,135"/><W111/><G111/><T39/><D39/><U112/><E121/><V61/><F104/><N who="3" m="63551" /><G54/><T120/><D120/><U48/><E125/><V14/><F129/><N who="3" m="49163" /><G27/><T46/><D127/><U47/><E112/><V59/><F115/><W117/><G117/><T82/><D133/><N who="3" m="50697" /><G3/><T42/><D58/><U68/><E55/><V50/><F122/><W23/><G23/><T22/><D22/><U107/><E64/><AGARI ba="0,0" hai="4,7,64,65,66" m="50697,49163,63551" machi="64" ten="30,2900,0" yaku="19,1,20,1" doraHai="21" who="3" fromWho="1" sc="167,0,214,-29,184,0,435,29" owari="167,-33.3,185,-1.5,184,-21.6,464,56.4" /></mjloggm>