<mjloggm ver="2.3"><GO type="225" lobby="0"/><UN n0="%E3%81%BF%E3%81%BF%E3%81%9A" n1="%E5%8F%AF%E5%85%90%E9%82%A3%E7%94%B1%E5%A4%9A" n2="%E3%83%97%E3%83%92" n3="%E3%83%97%E3%83%AC%E3%83%B4%E3%82%A1%E3%83%86%E3%82%A3" dan="16,17,16,16" rate="2151.85,2167.57,2165.02,2052.45" sx="M,F,M,F"/><TAIKYOKU oya="0"/><INIT seed="0,0,0,4,3,15" ten="250,250,250,250" oya="0" hai0="121,32,61,4,5,106,52,85,68,17,53,116,130" hai1="26,67,46,122,126,89,131,47,20,38,128,111,48" hai2="74,39,51,110,99,8,117,102,107,33,55,79,28" hai3="69,45,50,70,12,31,40,86,72,10,82,135,103"/><T24/><D116/><U119/><E119/><V54/><F117/><W3/><G3/><T2/><D121/><U21/><E122/><V109/><F39/><W76/><G135/><T83/><D106/><U6/><E111/><N who="2" m="42507" /><F74/><W81/><G103/><T41/><D41/><N who="1" m="22839" /><E6/><V92/><F79/><W29/><G70/><T134/><D134/><U123/><E123/><V1/><F107/><W23/><G23/><T129/><D68/><U114/><E126/><V13/><F1/><W120/><G69/><T112/><D112/><U133/><E133/><V62/><F62/><W124/><G124/><T60/><D32/><U88/><E67/><V56/><F54/><N who="0" m="21098" /><D2/><U58/><E58/><V65/><F65/><W71/><G71/><T0/><D0/><U87/><E114/><V64/><F64/><W63/><G63/><N who="0" m="24139" /><D130/><N who="1" m="49707" /><E87/><V19/><F28/><W42/><G42/><T43/><D43/><N who="1" m="24703" /><E21/><V80/><F33/><W9/><G9/><T90/><D129/><U127/><E127/><V14/><F80/><W75/><G120/><T101/><D101/><U73/><E73/><V34/><F34/><W94/><G75/><T96/><D96/><U108/><E108/><V35/><F35/><W113/><G113/><T16/><D24/><U98/><E98/><V78/><F99/><W125/><G125/><T57/><D57/><U25/><E25/><V118/><F118/><W97/><G97/><T59/><D59/><U37/><E37/><V27/><F56/><W104/><G104/><T11/><D4/><U93/><E93/><V66/><F92/><W49/><G94/><T84/><D84/><RYUUKYOKU ba="0,0" sc="250,15,250,15,250,-15,250,-15" hai0="5,11,16,17,83,85,90" hai1="20,26,88,89" /><INIT seed="0,1,0,1,4,102" ten="265,265,235,235" oya="0" hai0="134,94,75,109,49,71,24,50,40,13,56,0,116" hai1="2,129,15,36,4,44,92,89,45,12,131,126,67" hai2="114,37,77,55,90,103,73,96,53,101,99,68,8" hai3="39,70,120,41,65,11,3,84,93,17,31,79,76"/><T104/><D116/><U38/><E2/><V135/><F114/><W119/><G119/><T125/><D75/><U52/><E67/><V95/><F37/><W123/><G31/><T16/><D0/><U48/><E126/><V28/><F68/><W10/><G70/><T22/><D71/><U81/><E81/><V132/><F28/><W6/><G65/><T124/><D134/><N who="2" m="51242" /><F8/><W130/><G130/><N who="1" m="49674" /><E4/><V1/><F1/><W78/><G41/><T30/><D104/><U23/><E23/><V7/><F7/><W113/><G39/><N who="1" m="14890" /><E44/><V98/><F53/><W34/><G34/><T107/><D107/><U5/><E5/><V111/><F55/><W133/><G133/><T18/><D109/><U86/><AGARI ba="1,0" hai="12,15,45,48,52,86,89,92" m="14890,49674" machi="86" ten="30,2000,0" yaku="19,1,54,1" doraHai="102" who="1" fromWho="1" sc="265,-11,265,23,235,-6,235,-6" /><INIT seed="1,0,0,0,0,89" ten="254,288,229,229" oya="1" hai0="20,85,23,54,42,7,40,126,39,52,2,91,71" hai1="88,120,0,11,34,43,123,75,80,114,69,18,32" hai2="3,28,129,53,131,99,118,46,60,132,15,36,112" hai3="103,29,124,1,110,83,14,87,67,19,119,4,128"/><U8/><E114/><V56/><F112/><W47/><G110/><T130/><D71/><U44/><E69/><V133/><F3/><W38/><G119/><T97/><D2/><U57/><E57/><V122/><F28/><W111/><G111/><T76/><D7/><U84/><E75/><V86/><F15/><W5/><G124/><T106/><D126/><U125/><E125/><V48/><F86/><W92/><G1/><T59/><D130/><N who="2" m="49674" /><F99/><W65/><G29/><T107/><D39/><U49/><E11/><V108/><F108/><W27/><G27/><T10/><D10/><U9/><E8/><V25/><F25/><W115/><G115/><T37/><D37/><U116/><E116/><V12/><F12/><W66/><G128/><T50/><D106/><U127/><E127/><V102/><F102/><W100/><G47/><N who="0" m="27743" /><D97/><U117/><E117/><V68/><F118/><W33/><G38/><T98/><D98/><U79/><E79/><V22/><F22/><N who="0" m="8234" /><D107/><U31/><E18/><V109/><F122/><W26/><G26/><T94/><D76/><U51/><E31/><V41/><F109/><W77/><G33/><T113/><D113/><U30/><E30/><V64/><AGARI ba="0,0" hai="36,41,46,48,53,56,60,64,68,132,133" m="49674" machi="64" ten="30,7900,0" yaku="24,1,19,1,34,2" doraHai="89" who="2" fromWho="2" sc="254,-20,288,-39,229,79,229,-20" /><INIT seed="2,0,0,3,0,71" ten="234,249,308,209" oya="2" hai0="18,74,114,96,27,99,41,115,116,39,127,59,104" hai1="132,84,85,43,131,102,49,17,82,4,67,105,35" hai2="25,93,91,126,63,103,50,20,110,134,133,47,24" hai3="53,45,33,13,38,21,107,14,54,117,112,128,69"/><V68/><F126/><W0/><G117/><T57/><D74/><U92/><E35/><V48/><F103/><W76/><G33/><T61/><D116/><U44/><E105/><V73/><F73/><W3/><G107/><T12/><D27/><U113/><E113/><V98/><F110/><W11/><G112/><T86/><D57/><U46/><E131/><V108/><F108/><W87/><G69/><T77/><D127/><U125/><E125/><V124/><F124/><W42/><G128/><T79/><D39/><U123/><E132/><N who="2" m="50795" /><F25/><W28/><G76/><T26/><D41/><U130/><E130/><V81/><F81/><W51/><G87/><T135/><D26/><U37/><E123/><V16/><F47/><W122/><G122/><T90/><D135/><U36/><E4/><V88/><F91/><W97/><G28/><T55/><D114/><U15/><E67/><AGARI ba="0,0" hai="16,20,24,48,50,63,67,68,88,93,98" m="50795" machi="67" ten="30,5800,0" yaku="20,1,54,2" doraHai="71" who="2" fromWho="1" sc="234,0,249,-58,308,58,209,0" /><BYE who="0" /><INIT seed="2,1,0,4,2,23" ten="234,191,366,209" oya="2" hai0="41,81,0,99,48,32,38,28,104,43,69,49,44" hai1="27,11,26,37,68,113,88,7,116,127,71,20,66" hai2="100,132,93,17,63,109,110,89,6,1,101,24,3" hai3="95,79,114,33,83,45,124,85,129,21,98,70,9"/><V10/><F132/><UN n0="%E3%81%BF%E3%81%BF%E3%81%9A" /><W62/><G33/><T126/><D0/><U86/><E113/><V29/><F3/><W67/><G124/><T94/><D126/><U74/><E127/><V121/><F121/><W90/><G114/><T91/><D69/><U120/><E116/><V42/><F42/><W52/><G129/><T16/><D104/><U57/><E74/><V58/><F17/><W122/><G122/><T128/><D128/><U92/><E37/><V54/><F89/><W25/><G9/><T47/><D38/><U5/><E120/><V4/><F6/><W80/><G80/><T56/><D56/><U78/><E78/><V73/><F73/><W102/><G45/><T112/><D112/><U18/><E5/><V19/><F19/><W15/><G15/><T22/><D32/><U72/><E72/><V12/><F93/><W96/><G52/><T64/><D28/><U115/><E115/><V14/><F12/><W65/><G67/><T135/><D135/><U53/><E66/><V76/><F76/><W75/><REACH who="3" step="1"/><G102/><REACH who="3" ten="234,191,366,199" step="2"/><T46/><D64/><U134/><E134/><V36/><F1/><W30/><AGARI ba="1,1" hai="21,25,30,62,65,70,75,79,83,85,90,95,96,98" machi="30" ten="20,8000,1" yaku="1,1,2,1,0,1,7,1,52,1,53,0" doraHai="23" doraHaiUra="103" who="3" fromWho="3" sc="234,-21,191,-21,366,-41,199,93" /><INIT seed="3,0,0,1,2,114" ten="213,170,325,292" oya="3" hai0="65,77,99,119,51,67,31,81,62,24,91,103,17" hai1="118,105,61,72,14,45,86,109,128,108,134,87,63" hai2="1,130,42,6,59,44,50,100,33,88,126,94,3" hai3="37,23,80,83,76,0,110,104,96,85,36,89,47"/><W64/><G0/><T113/><D113/><U120/><E120/><V48/><F33/><W4/><G4/><T34/><D119/><U93/><E105/><V28/><F130/><W54/><G110/><N who="1" m="42602" /><E72/><V101/><F28/><W124/><G124/><T2/><D2/><U112/><E112/><V131/><F131/><W117/><G117/><T90/><D17/><U13/><E128/><V7/><F126/><W123/><G123/><T21/><D51/><U68/><E134/><V46/><F59/><W78/><G64/><T18/><D18/><U56/><E68/><V8/><F6/><W40/><G37/><T35/><D34/><U9/><E45/><V84/><F1/><W129/><G129/><T32/><D35/><U106/><E106/><V115/><F115/><W127/><G127/><T58/><D32/><U102/><E102/><V125/><F125/><W52/><G23/><T5/><D5/><N who="1" m="3247" /><E14/><V57/><F57/><W71/><G71/><T82/><D67/><N who="1" m="39335" /><E63/><V19/><F19/><W55/><REACH who="3" step="1"/><G80/><REACH who="3" ten="213,170,325,282" step="2"/><T29/><D82/><U60/><E60/><V116/><F116/><W10/><G10/><T66/><D65/><U70/><E70/><V12/><F3/><W38/><G38/><T25/><D31/><U20/><E118/><V27/><F27/><W16/><G16/><T15/><D25/><U41/><E20/><V39/><F39/><W133/><G133/><T69/><D69/><U74/><E74/><V95/><F95/><W26/><G26/><T98/><D15/><U135/><E135/><V132/><F132/><W122/><G122/><T97/><D103/><AGARI ba="0,1" hai="36,40,47,52,54,55,76,78,83,85,89,96,103,104" machi="103" ten="40,7700,0" yaku="1,1,6,1,54,1,53,0" doraHai="114" doraHaiUra="30" who="3" fromWho="0" sc="213,-77,170,0,325,0,282,87" owari="136,-36.4,170,-23.0,325,12.5,369,46.9" /></mjloggm>