<mjloggm ver="2.3"><GO type="225" lobby="0"/><UN n0="%E9%80%9F%E6%B0%B4%E5%87%9B%E9%A6%99" n1="%E5%80%89%E6%A9%8B%EF%BC%A0%E4%BA%8B%E5%8B%99" n2="%E3%81%8F%E3%81%BE%E3%81%96%E3%82%8F" n3="%E3%82%82%E3%81%90%E3%82%89" dan="16,16,16,17" rate="2157.36,2112.48,2029.91,2179.60" sx="F,M,M,F"/><TAIKYOKU oya="0"/><INIT seed="0,0,0,3,4,108" ten="250,250,250,250" oya="0" hai0="19,106,42,96,69,62,0,22,115,109,117,34,89" hai1="99,74,8,128,47,37,116,79,28,132,54,3,78" hai2="67,95,2,120,68,93,16,102,72,92,125,81,20" hai3="11,32,1,110,4,133,86,61,50,18,44,111,36"/><T76/><D117/><U129/><E116/><V97/><F120/><W15/><G32/><T9/><D34/><U77/><E74/><V48/><F2/><W83/><G61/><T65/><D76/><U27/><E132/><V135/><F135/><W45/><G36/><T123/><D123/><U52/><E99/><V113/><F125/><W100/><G100/><T57/><D42/><N who="1" m="22991" /><E8/><V87/><F72/><W31/><G31/><T107/><D115/><U130/><E3/><V43/><F113/><W7/><G133/><T112/><D112/><U29/><E27/><N who="2" m="14727" /><F67/><W26/><G26/><T6/><D109/><N who="3" m="41481" /><G45/><T122/><D122/><U134/><E134/><V103/><F68/><W35/><G35/><T71/><D107/><U114/><E114/><V41/><F97/><W23/><G23/><T60/><D60/><U55/><AGARI ba="0,0" hai="28,29,52,54,55,77,78,79,128,129,130" m="22991" machi="55" ten="40,8000,1" yaku="29,2,19,1,54,1" doraHai="108" who="1" fromWho="1" sc="250,-40,250,80,250,-20,250,-20" /><INIT seed="1,0,0,2,4,59" ten="210,330,230,230" oya="1" hai0="19,124,57,31,23,123,24,82,74,5,117,111,109" hai1="12,3,11,67,135,72,21,96,18,134,38,34,79" hai2="56,6,29,55,42,9,15,121,105,35,17,0,94" hai3="104,51,16,116,48,107,33,129,69,127,7,64,8"/><U41/><E34/><V39/><F105/><W77/><G33/><N who="0" m="20711" /><D82/><N who="1" m="45415" /><E96/><V84/><F121/><W102/><G129/><T65/><D57/><U73/><E73/><V45/><F35/><W1/><G127/><T119/><D65/><U27/><E67/><V71/><F29/><W37/><G37/><T46/><D46/><N who="1" m="23863" /><E27/><V40/><F71/><W126/><G126/><T76/><D76/><U101/><E101/><V98/><F84/><W120/><G120/><T25/><D74/><U20/><E20/><V13/><F42/><W130/><G116/><N who="0" m="44619" /><D124/><U26/><E26/><V36/><F36/><W54/><G77/><T43/><D43/><U97/><E97/><V110/><F39/><W52/><G102/><T132/><D123/><U93/><E93/><V86/><F98/><W106/><G69/><T99/><D99/><U49/><E49/><V30/><F40/><W112/><G64/><T63/><D63/><U90/><E90/><V50/><F56/><W70/><G70/><T14/><D132/><N who="1" m="50731" /><E21/><V115/><F94/><W131/><G51/><T108/><D25/><U44/><E44/><V47/><F47/><W91/><G48/><T89/><D89/><U92/><E92/><V60/><F45/><W81/><G104/><T133/><D133/><U58/><E58/><V22/><F50/><W80/><G91/><T61/><D61/><U103/><E103/><V128/><F60/><W78/><G106/><T118/><N who="0" m="44627" /><T75/><DORA hai="53" /><D75/><U32/><E32/><V114/><F86/><W125/><G125/><T4/><AGARI ba="0,0" hai="4,5,14,19,23,108,109,111" m="44627,20711" machi="4" ten="50,6400,0" yaku="14,1,34,2" doraHai="59,53" who="0" fromWho="0" sc="210,64,330,-32,230,-16,230,-16" /><INIT seed="2,0,0,4,5,6" ten="274,298,214,214" oya="2" hai0="15,64,81,16,132,115,27,37,12,68,65,25,8" hai1="108,106,3,66,87,40,80,22,97,122,55,2,82" hai2="104,101,53,133,123,91,119,43,124,36,117,86,105" hai3="5,131,47,67,83,76,94,38,98,118,71,92,26"/><V79/><F123/><W70/><G118/><T107/><D37/><U29/><E108/><V113/><F113/><W120/><G120/><T18/><D107/><U10/><E122/><V102/><F53/><W135/><G131/><T24/><D115/><U111/><E111/><V4/><F43/><W35/><G135/><T130/><D132/><U90/><E40/><V61/><F36/><W128/><G67/><N who="0" m="25675" /><D68/><U52/><E66/><V116/><F61/><W28/><G128/><T109/><D109/><U58/><E80/><N who="2" m="47391" /><F4/><W125/><G94/><T48/><D130/><U42/><E42/><V114/><F114/><W57/><G57/><T41/><D81/><U51/><E55/><V23/><F23/><W0/><G47/><N who="0" m="25711" /><D15/><U75/><E75/><V110/><F133/><W1/><G1/><T11/><D12/><U103/><E2/><V134/><F134/><W121/><G121/><T9/><AGARI ba="0,0" hai="8,9,11,16,18,24,25,27" m="25711,25675" machi="9" ten="40,8000,1" yaku="8,1,52,3,54,1" doraHai="6" who="0" fromWho="0" sc="274,80,298,-20,214,-40,214,-20" /><INIT seed="3,0,0,3,2,33" ten="354,278,174,194" oya="3" hai0="38,83,9,116,111,56,71,18,100,98,130,118,105" hai1="91,17,34,11,104,119,86,41,95,82,60,64,110" hai2="19,24,15,135,93,69,61,32,133,30,97,31,89" hai3="13,29,122,5,23,101,22,70,72,55,7,0,74"/><W53/><G122/><T115/><D71/><U6/><E104/><V103/><F31/><W4/><G70/><T68/><D68/><U107/><E107/><V67/><REACH who="2" step="1"/><F103/><REACH who="2" ten="354,278,164,194" step="2"/><W129/><G101/><T85/><D100/><U73/><E119/><V40/><F40/><W113/><G113/><T43/><D115/><U47/><E41/><V80/><F80/><W78/><G129/><T90/><D83/><U125/><E82/><V112/><F112/><W10/><G29/><T45/><D43/><U51/><E110/><V50/><F50/><W79/><G74/><T131/><D111/><U46/><E51/><V49/><F49/><W3/><G72/><T128/><D131/><U37/><E73/><V109/><F109/><W12/><G7/><T127/><D130/><U124/><E6/><V117/><F117/><W108/><G108/><T48/><D128/><U62/><E37/><V75/><F75/><W81/><G81/><T14/><D48/><U8/><E125/><V36/><F36/><W132/><REACH who="3" step="1"/><G10/><AGARI ba="0,1" hai="10,15,19,24,30,32,61,67,69,89,93,97,133,135" machi="10" ten="40,1300,0" yaku="1,1,53,0" doraHai="33" doraHaiUra="121" who="2" fromWho="3" sc="354,0,278,0,164,23,194,-13" owari="354,45.4,278,7.8,187,-21.3,181,-31.9" /></mjloggm>