<mjloggm ver="2.3"><GO type="225" lobby="0"/><UN n0="%E3%81%A8%E3%82%93%E3%81%A8%E3%81%93%E3%81%A8%E3%82%93" n1="%E9%80%86%E9%80%A3%E5%B8%AF%E3%81%AE%E9%AC%BC" n2="%E7%99%BD%E6%97%A5%E9%9B%AA%E8%8F%9C" n3="%E3%81%A8%E3%82%89%E3%81%84%E3%81%A1" dan="16,16,16,16" rate="2148.19,2105.63,2139.15,2113.57" sx="F,M,M,M"/><TAIKYOKU oya="0"/><INIT seed="0,0,0,0,2,90" ten="250,250,250,250" oya="0" hai0="59,44,99,106,126,65,110,38,104,116,58,121,109" hai1="54,102,124,4,114,36,60,13,29,66,37,131,76" hai2="31,12,24,50,80,53,130,56,40,113,115,89,48" hai3="18,125,3,61,108,134,101,26,21,93,15,16,57"/><T100/><D116/><U49/><E114/><V25/><F130/><W84/><G108/><N who="0" m="41579" /><D121/><U20/><E131/><V135/><F135/><W19/><G3/><T74/><D74/><U92/><E124/><V11/><F113/><W88/><G134/><T81/><D126/><U32/><E76/><V17/><F115/><W33/><G125/><T5/><D5/><U14/><E32/><V35/><F24/><W63/><G101/><N who="0" m="62527" /><D81/><U1/><E1/><V46/><F80/><W64/><REACH who="3" step="1"/><G61/><REACH who="3" ten="250,250,250,240" step="2"/><T41/><D65/><U127/><E66/><V133/><F133/><W120/><G120/><T119/><D119/><U103/><E60/><V112/><F112/><W75/><G75/><T55/><D55/><U30/><E54/><V8/><REACH who="2" step="1"/><F89/><REACH who="2" ten="250,250,240,240" step="2"/><W23/><G23/><AGARI ba="0,2" hai="8,11,12,17,23,25,31,35,40,46,48,50,53,56" machi="23" ten="30,3900,0" yaku="1,1,2,1,7,1,53,0" doraHai="90" doraHaiUra="98" who="2" fromWho="3" sc="250,0,250,0,240,59,240,-39" /><INIT seed="1,0,0,2,4,105" ten="250,250,299,201" oya="1" hai0="39,4,89,95,35,34,122,61,1,125,48,67,26" hai1="78,53,60,91,93,132,113,70,112,40,22,14,134" hai2="2,104,116,27,55,121,10,98,124,77,41,30,9" hai3="12,66,111,43,42,19,17,106,64,13,46,86,44"/><U115/><E40/><V7/><F116/><W29/><G106/><T108/><D39/><U11/><E78/><V96/><F121/><W120/><G120/><T79/><D122/><U110/><E110/><V99/><F124/><W65/><G111/><T8/><D108/><U45/><E22/><V102/><F41/><W54/><G65/><T15/><D125/><U114/><E70/><V50/><F77/><W3/><G3/><T59/><D1/><U119/><E119/><V128/><F10/><W58/><G86/><T103/><D103/><U51/><E60/><V63/><F63/><W107/><G107/><T5/><D5/><U87/><N who="1" m="28672" /><DORA hai="127" /><U23/><REACH who="1" step="1"/><E23/><REACH who="1" ten="250,240,299,201" step="2"/><V117/><F117/><W56/><G29/><T33/><D79/><U83/><E83/><V25/><F30/><W109/><G109/><T101/><D34/><U52/><E52/><AGARI ba="0,1" hai="12,13,17,19,42,43,44,46,52,54,56,58,64,66" machi="52" ten="25,6400,0" yaku="22,2,8,1,54,1" doraHai="105,127" who="3" fromWho="1" sc="250,0,240,-64,299,0,201,74" /><INIT seed="2,0,0,0,3,34" ten="250,176,299,275" oya="2" hai0="71,89,72,130,93,96,103,110,80,127,86,74,6" hai1="41,17,39,123,104,15,70,67,91,22,101,7,94" hai2="120,60,13,108,81,79,122,36,107,128,23,29,52" hai3="12,134,37,59,125,126,50,20,16,133,95,135,14"/><V118/><F118/><W8/><G37/><T5/><D110/><U87/><E123/><V68/><F107/><W61/><G95/><T56/><D71/><U47/><E7/><V49/><F36/><W18/><REACH who="3" step="1"/><G50/><REACH who="3" ten="250,176,299,265" step="2"/><T9/><D127/><U30/><E30/><V35/><F49/><W100/><G100/><T99/><D130/><U43/><E43/><V115/><F29/><W1/><G1/><T28/><D103/><U75/><E75/><V92/><F128/><W78/><G78/><T10/><D93/><U121/><E121/><V55/><F92/><W27/><G27/><T44/><D74/><U63/><E101/><V3/><F79/><W19/><G19/><T40/><D72/><U11/><REACH who="1" step="1"/><E104/><REACH who="1" ten="250,166,299,265" step="2"/><V58/><F122/><W77/><G77/><T31/><D31/><U65/><E65/><AGARI ba="0,2" hai="8,12,14,16,18,20,59,61,65,125,126,133,134,135" machi="65" ten="40,5200,0" yaku="1,1,20,1,54,1,53,0" doraHai="34" doraHaiUra="88" who="3" fromWho="1" sc="250,0,166,-52,299,0,265,72" /><INIT seed="3,0,0,4,3,83" ten="250,114,299,337" oya="3" hai0="91,1,128,55,15,134,69,17,51,3,64,97,67" hai1="49,127,50,63,4,58,9,28,95,99,78,89,41" hai2="90,39,135,23,48,71,37,101,7,31,85,126,105" hai3="122,70,8,73,104,13,107,60,24,66,94,74,117"/><W54/><G117/><T29/><D29/><U80/><E127/><V76/><F71/><W82/><G122/><T109/><D109/><U118/><E118/><V119/><F119/><W116/><G116/><T56/><D128/><U20/><E41/><V46/><F126/><W11/><G24/><T2/><D134/><U61/><E61/><V6/><F135/><W100/><G11/><T68/><D97/><U79/><E79/><V19/><F76/><W102/><G54/><T30/><D30/><U10/><E10/><V42/><F31/><W92/><G104/><T84/><D68/><U77/><E77/><V132/><F132/><W43/><G43/><T110/><D69/><U86/><E20/><V124/><F124/><W87/><G94/><N who="0" m="54631" /><D110/><U111/><E28/><V72/><F72/><W112/><G92/><T121/><D121/><U59/><E59/><V65/><F65/><W52/><G52/><T108/><D108/><U133/><E133/><V18/><F105/><W25/><G112/><T81/><D81/><U113/><E113/><V32/><F32/><W34/><G34/><T44/><D44/><U57/><E57/><V93/><F101/><W26/><G102/><T40/><D40/><U106/><E106/><V75/><F75/><N who="3" m="28683" /><G100/><T131/><D131/><U88/><E78/><V35/><F35/><W115/><G107/><T16/><D17/><U47/><E47/><V114/><F114/><W14/><G115/><T36/><D36/><N who="2" m="13898" /><F19/><W98/><G70/><T96/><D96/><U0/><E111/><V22/><F18/><W125/><G125/><T33/><D33/><RYUUKYOKU ba="0,0" sc="250,10,114,10,299,10,337,-30" hai0="1,2,3,15,16,51,55,56,64,67" hai1="0,4,9,49,50,58,63,80,86,88,89,95,99" hai2="6,7,22,23,42,46,48,85,90,93" owari="260,-14.0,124,-37.6,309,40.9,307,10.7" /></mjloggm>