<mjloggm ver="2.3"><GO type="225" lobby="0"/><UN n0="%E6%A1%9C%E8%8A%B1%E9%96%83%E3%80%85" n1="%E3%81%A1%E3%82%85%E3%81%86%E3%81%A9%E3%81%8F%E8%B1%A1%E3%81%95%E3%82%93" n2="%E5%AF%82%E5%AF%9E%E3%82%AE%E3%83%8D%E3%82%B9%E3%83%93%E3%83%BC%E3%83%AB" n3="%E3%83%A1%E3%82%AC%E3%83%87%E3%82%B8" dan="18,16,16,16" rate="2253.04,2087.08,2167.56,2098.07" sx="M,M,M,F"/><TAIKYOKU oya="0"/><INIT seed="0,0,0,4,0,23" ten="250,250,250,250" oya="0" hai0="16,109,87,37,31,3,129,2,38,97,27,134,24" hai1="69,121,119,26,17,21,100,71,76,32,78,58,79" hai2="18,130,110,111,15,7,73,83,135,127,49,5,103" hai3="44,68,28,112,123,131,106,60,41,43,30,114,105"/><T128/><D134/><U45/><E121/><V133/><F103/><W115/><G131/><N who="0" m="50251" /><D109/><N who="2" m="41482" /><F130/><W96/><G123/><T116/><D116/><U35/><E119/><V25/><F49/><W132/><G132/><N who="2" m="50761" /><F127/><W63/><G96/><T92/><D87/><U113/><E113/><V75/><F83/><W12/><G12/><T40/><D40/><N who="3" m="15433" /><G44/><T74/><D74/><N who="2" m="28170" /><F25/><N who="0" m="9802" /><D31/><N who="3" m="11817" /><G68/><T34/><D34/><U9/><E69/><V1/><F1/><N who="0" m="10" /><D16/><U55/><E17/><V52/><F18/><W72/><G72/><T125/><D125/><U89/><E71/><V39/><F15/><W95/><G114/><T48/><D48/><U46/><E26/><V64/><F39/><W88/><G115/><T29/><D29/><U56/><E32/><V62/><F7/><W85/><G112/><T70/><D70/><U14/><E35/><V126/><F5/><W91/><G85/><T57/><D57/><U36/><E56/><N who="2" m="35079" /><F126/><W122/><G122/><T13/><D13/><U104/><E14/><V10/><F10/><W120/><G120/><T50/><D50/><U6/><E9/><V8/><F8/><W82/><G63/><T108/><D108/><U61/><E6/><V86/><F86/><N who="3" m="50263" /><G60/><T0/><D0/><U33/><E33/><V90/><F90/><AGARI ba="0,0" hai="37,38,90,92,97" m="10,9802,50251" machi="90" ten="30,11600,0" yaku="19,1,52,3" doraHai="23" who="0" fromWho="2" sc="250,116,250,0,250,-116,250,0" /><INIT seed="0,1,0,2,5,31" ten="366,250,134,250" oya="0" hai0="133,37,9,50,91,110,41,0,28,23,95,61,52" hai1="108,65,44,98,94,30,82,40,14,19,16,1,25" hai2="2,114,34,128,73,100,39,92,106,48,17,4,3" hai3="126,38,99,93,60,122,89,68,58,119,130,90,12"/><T132/><D37/><U7/><E65/><V62/><F39/><W86/><G119/><T29/><D41/><U51/><E108/><V71/><F114/><W69/><G126/><T8/><D61/><U63/><E82/><V125/><F73/><W47/><G130/><T15/><D110/><U102/><E63/><V112/><F112/><W107/><G122/><T46/><D0/><U134/><E134/><N who="0" m="51817" /><D23/><U56/><E56/><V80/><F62/><W32/><G47/><T6/><D8/><U79/><E79/><V109/><F3/><W77/><G38/><T105/><D105/><U66/><E66/><V43/><F2/><W35/><G107/><T124/><D124/><U11/><REACH who="1" step="1"/><E1/><REACH who="1" ten="366,240,134,250" step="2"/><V101/><F125/><W88/><G77/><T84/><AGARI ba="1,1" hai="6,9,15,28,29,46,50,52,84,91,95" m="51817" machi="84" ten="30,3000,0" yaku="20,1,54,1" doraHai="31" who="0" fromWho="0" sc="366,43,240,-11,134,-11,250,-11" /><INIT seed="0,2,0,1,5,83" ten="409,229,123,239" oya="0" hai0="90,36,117,73,119,10,45,53,96,98,24,121,5" hai1="69,132,133,126,38,4,28,49,94,101,78,18,21" hai2="65,7,0,129,12,67,130,77,6,8,31,17,29" hai3="3,22,30,20,124,112,91,23,111,48,72,109,51"/><T34/><D121/><U19/><E38/><V57/><F77/><W16/><G72/><T68/><D73/><U1/><E69/><V110/><F57/><W102/><G112/><T55/><D68/><U95/><E78/><V41/><F41/><W134/><G3/><T81/><D36/><U118/><E118/><V54/><F54/><W59/><G102/><T32/><D24/><U43/><E126/><V42/><F42/><W120/><G124/><T58/><D45/><N who="1" m="25791" /><E1/><V15/><F67/><W66/><G134/><N who="1" m="51818" /><E4/><N who="2" m="1579" /><F65/><W64/><G64/><T62/><D55/><U106/><E106/><V56/><F56/><W123/><G59/><T122/><D122/><N who="3" m="46633" /><G66/><T33/><D98/><N who="1" m="59607" /><E95/><V13/><F0/><W26/><G91/><T76/><D96/><U93/><E93/><V75/><F75/><W113/><G113/><T47/><D76/><U63/><E63/><V125/><F125/><W25/><G51/><T135/><D135/><U50/><E50/><V70/><F70/><W11/><G48/><T71/><D47/><U108/><E108/><N who="3" m="41546" /><G26/><AGARI ba="2,0" hai="18,19,21,26,28" m="59607,51818,25791" machi="26" ten="30,1000,0" yaku="20,1" doraHai="83" who="1" fromWho="3" sc="409,0,229,16,123,0,239,-16" /><INIT seed="1,0,0,1,2,77" ten="409,245,123,223" oya="1" hai0="2,58,39,8,12,85,105,127,10,88,121,76,42" hai1="28,61,83,48,33,117,111,53,40,126,20,109,52" hai2="16,123,0,51,17,71,55,69,7,9,25,1,115" hai3="108,102,26,99,128,68,31,130,32,5,15,41,100"/><U56/><E117/><V29/><F123/><W75/><G108/><N who="1" m="41546" /><E126/><V110/><F110/><W54/><G68/><T36/><D121/><U70/><E33/><V24/><F115/><W118/><G118/><T62/><D105/><U124/><E124/><V101/><F101/><W93/><G41/><T37/><D76/><U86/><E40/><V64/><F0/><W66/><G66/><T23/><D127/><U11/><E11/><V106/><F106/><W129/><G75/><T131/><D131/><U133/><E133/><V30/><F30/><W60/><G102/><T6/><D23/><U91/><E70/><V132/><F132/><W79/><G79/><T98/><D98/><U35/><E35/><V27/><F29/><W72/><G72/><T87/><D42/><U74/><E74/><V63/><REACH who="2" step="1"/><F71/><REACH who="2" ten="409,245,113,223" step="2"/><W94/><G100/><T80/><D2/><U73/><E73/><V57/><AGARI ba="0,1" hai="1,7,9,16,17,24,25,27,51,55,57,63,64,69" machi="57" ten="30,12000,2" yaku="1,1,2,1,0,1,54,1,53,2" doraHai="77" doraHaiUra="14" who="2" fromWho="2" sc="409,-30,245,-60,113,130,223,-30" /><INIT seed="2,0,0,3,1,101" ten="379,185,243,193" oya="2" hai0="98,41,50,107,23,75,42,66,8,83,46,93,135" hai1="28,56,14,53,5,114,43,97,125,10,27,20,80" hai2="121,120,110,21,68,70,39,54,130,119,24,38,4" hai3="129,104,111,96,47,78,79,48,77,49,33,106,6"/><V131/><F4/><W90/><G33/><T132/><D107/><U44/><E114/><V65/><F21/><W127/><G111/><T3/><D66/><U58/><E125/><V87/><F24/><W116/><G116/><T73/><D42/><U115/><E115/><V76/><F87/><W92/><G127/><T71/><D71/><N who="2" m="27178" /><F76/><W67/><G67/><T22/><D8/><U89/><E53/><V88/><F88/><W18/><G129/><N who="2" m="49161" /><F65/><W26/><G6/><T60/><D3/><U134/><E134/><N who="0" m="51241" /><D83/><U109/><E109/><V85/><F85/><W91/><G91/><N who="0" m="55615" /><D60/><U30/><E30/><V105/><F105/><W61/><G61/><T84/><D84/><N who="1" m="50311" /><E97/><V34/><F34/><W113/><G113/><T124/><D124/><U0/><E0/><V117/><F54/><W100/><G106/><T95/><D95/><U59/><E43/><V25/><F25/><W108/><G108/><T102/><D102/><U133/><E133/><V69/><F69/><W1/><G1/><T81/><D81/><U55/><E55/><V99/><F99/><W37/><G100/><T29/><D29/><U103/><E103/><V118/><F110/><W45/><G104/><T62/><D23/><U31/><E31/><V86/><F86/><W9/><G9/><T126/><D22/><U57/><N who="1" m="14336" /><DORA hai="32" /><U35/><E35/><V52/><F52/><W122/><G96/><T12/><D126/><U36/><E44/><V7/><F119/><W82/><G92/><T19/><D62/><U40/><E40/><V2/><F118/><W13/><G90/><T123/><D41/><RYUUKYOKU ba="0,0" sc="379,-10,185,30,243,-10,193,-10" hai1="5,10,14,20,27,28,36" /><INIT seed="3,1,0,2,2,122" ten="369,215,233,183" oya="3" hai0="16,84,132,73,37,41,99,26,31,123,110,38,18" hai1="8,124,25,51,61,117,39,77,27,120,119,88,109" hai2="68,56,95,93,103,105,30,42,5,40,48,118,44" hai3="78,96,71,52,81,57,15,22,126,58,104,134,46"/><W65/><G134/><T108/><D110/><U10/><E120/><V107/><F118/><N who="1" m="45065" /><E39/><V72/><F68/><W127/><G71/><T80/><D99/><U133/><E77/><V89/><F72/><W34/><G34/><T86/><D18/><U70/><E133/><V43/><F107/><W66/><G46/><T23/><D23/><U7/><E124/><N who="3" m="47658" /><G58/><T33/><D26/><N who="1" m="9739" /><E109/><V19/><F30/><W32/><G32/><T92/><D86/><U14/><E10/><V6/><F105/><W60/><G15/><T36/><D92/><U102/><E102/><V24/><F56/><W90/><G22/><T87/><D41/><N who="2" m="15978" /><F19/><W75/><G90/><T116/><D132/><U106/><E106/><V114/><F24/><W74/><G74/><T97/><D33/><U3/><E88/><V115/><F115/><W121/><G121/><T85/><D73/><U128/><E128/><V98/><F114/><W91/><G91/><T35/><D35/><U53/><E70/><V13/><F13/><W112/><G112/><T101/><D123/><U63/><E14/><V67/><F67/><W47/><G47/><AGARI ba="1,0" hai="3,7,8,47,51,53,61,63" m="9739,45065" machi="47" ten="30,1000,0" yaku="12,1" doraHai="122" who="1" fromWho="3" sc="369,0,215,13,233,0,183,-13" owari="369,46.9,228,-17.2,233,3.3,170,-33.0" /></mjloggm>