<mjloggm ver="2.3"><GO type="225" lobby="0"/><UN n0="%E3%81%82%E3%81%99%E3%81%AB%E3%82%83%E3%82%80" n1="%6D%75%75%6D%75%72%61" n2="%E3%81%A9%E3%82%93%E3%82%88%E3%81%8F%4D%6B%2E%32" n3="%E3%82%BC%E3%83%AB%E3%83%80%E3%81%AE%E4%BC%9D%E8%AA%AC" dan="16,16,16,16" rate="2164.06,2164.48,2163.51,2180.46" sx="F,F,M,M"/><TAIKYOKU oya="0"/><INIT seed="0,0,0,4,5,116" ten="250,250,250,250" oya="0" hai0="12,17,36,93,26,83,81,20,48,125,91,59,54" hai1="25,85,97,49,86,82,27,114,106,131,134,28,117" hai2="123,29,45,38,75,19,72,2,119,57,89,130,50" hai3="124,0,58,112,103,67,35,34,76,90,40,120,9"/><T78/><D125/><U115/><E117/><V18/><F2/><W55/><G112/><N who="1" m="43050" /><E131/><V87/><F119/><W104/><G124/><T79/><D36/><U74/><E134/><V6/><F6/><N who="3" m="1223" /><G90/><T13/><D81/><U44/><E74/><V70/><F70/><W11/><G11/><T68/><D68/><U16/><E106/><V77/><F29/><W39/><G55/><T21/><D83/><U7/><E7/><V129/><F77/><W41/><G41/><T64/><D64/><U66/><E97/><V5/><F5/><W61/><G58/><T37/><D37/><U33/><E66/><V46/><F38/><W122/><G76/><T1/><D1/><U108/><E108/><V23/><F57/><W32/><G61/><T96/><REACH who="0" step="1"/><D12/><REACH who="0" ten="240,250,250,250" step="2"/><U8/><E82/><V30/><F130/><W111/><G67/><T98/><D98/><U95/><E95/><V47/><F129/><W101/><G111/><T110/><D110/><U71/><E71/><V42/><F75/><W84/><G84/><T113/><D113/><U22/><E8/><V100/><F72/><W80/><G80/><T99/><D99/><U43/><AGARI ba="0,1" hai="16,22,25,27,28,33,43,44,49,85,86" m="43050" machi="43" ten="30,2000,0" yaku="11,1,54,1" doraHai="116" who="1" fromWho="1" sc="240,-10,250,30,250,-5,250,-5" /><INIT seed="1,0,0,1,4,7" ten="230,280,245,245" oya="1" hai0="128,73,24,116,79,35,117,51,39,16,114,53,110" hai1="28,26,74,126,4,36,92,15,13,131,54,65,17" hai2="1,120,133,112,90,98,105,31,0,3,63,49,77" hai3="50,19,30,20,48,102,9,83,12,41,78,69,97"/><U10/><E36/><V6/><F120/><W76/><G69/><T25/><D114/><U125/><E74/><V111/><F112/><W134/><G134/><T130/><D39/><U87/><E65/><V14/><F77/><W56/><G41/><T132/><D132/><U85/><E131/><N who="0" m="50217" /><D110/><U2/><E54/><V118/><F118/><N who="0" m="45674" /><D35/><N who="1" m="20887" /><E92/><V113/><F113/><W93/><G56/><T8/><D79/><N who="3" m="30249" /><G83/><T52/><D73/><U104/><E104/><V64/><F105/><W108/><G108/><T122/><D122/><U67/><E67/><V81/><F64/><W32/><G32/><T123/><D123/><U34/><E34/><V45/><F111/><W95/><G95/><T75/><D75/><U27/><E87/><V107/><F81/><W47/><G47/><N who="0" m="27775" /><D53/><U11/><E85/><V5/><F107/><W115/><G115/><T62/><D62/><U72/><E72/><V68/><F63/><W135/><G135/><T23/><D23/><N who="1" m="11695" /><E27/><AGARI ba="0,0" hai="9,12,19,20,27,30,48,50,93,97,102" m="30249" machi="27" ten="30,2000,0" yaku="8,1,52,1" doraHai="7" who="3" fromWho="1" sc="230,0,280,-20,245,0,245,20" /><INIT seed="2,0,0,3,2,97" ten="230,260,245,265" oya="2" hai0="113,12,6,92,75,118,58,17,103,125,47,96,7" hai1="101,110,55,90,78,80,131,128,73,62,134,57,111" hai2="98,122,33,25,88,44,79,37,42,95,84,61,81" hai3="19,129,67,117,27,53,123,133,20,115,56,43,4"/><V89/><F122/><W70/><G123/><T51/><D113/><U1/><E1/><V50/><F61/><N who="3" m="40303" /><G4/><T15/><D118/><U71/><E71/><V39/><REACH who="2" step="1"/><F79/><REACH who="2" ten="230,260,235,265" step="2"/><W46/><G117/><T3/><D125/><U54/><E78/><V23/><F23/><W116/><G116/><T130/><D130/><U126/><E126/><V85/><F85/><W35/><G129/><T119/><D75/><U22/><E73/><V127/><F127/><W120/><G120/><T109/><D119/><U124/><E124/><V66/><F66/><W106/><G115/><T121/><D121/><U99/><E128/><V26/><F26/><W28/><G133/><T83/><D109/><U108/><E131/><V24/><F24/><W16/><G20/><N who="0" m="11303" /><D15/><U76/><E134/><V34/><F34/><W104/><G35/><T49/><D3/><U86/><E22/><V41/><F41/><W38/><G27/><T13/><D13/><U63/><E76/><V52/><F52/><N who="1" m="20009" /><E57/><V114/><F114/><W8/><G56/><T105/><D58/><U112/><E112/><V0/><F0/><W72/><G72/><T5/><D47/><U9/><E9/><V40/><F40/><W77/><G77/><T32/><D32/><U91/><E91/><V10/><F10/><W135/><G135/><T102/><D5/><U29/><E29/><AGARI ba="0,1" hai="25,29,33,37,39,42,44,50,81,84,88,89,95,98" machi="29" ten="40,3900,0" yaku="1,1,54,1,53,0" doraHai="97" doraHaiUra="18" who="2" fromWho="1" sc="230,0,260,-39,235,49,265,0" /><INIT seed="2,1,0,1,4,14" ten="230,221,284,265" oya="2" hai0="3,81,76,74,35,49,72,54,63,60,78,110,47" hai1="71,28,85,120,91,18,70,129,20,4,39,100,56" hai2="98,27,7,12,8,62,125,61,38,37,126,111,87" hai3="64,97,21,73,59,83,65,101,55,90,53,77,69"/><V107/><F87/><W122/><G122/><T130/><D3/><U43/><E120/><V34/><F107/><W135/><G69/><T124/><D35/><U57/><E129/><V15/><F98/><W92/><G135/><T117/><D110/><U115/><E115/><V68/><F111/><W108/><G108/><T23/><D130/><U45/><E100/><V58/><F68/><W88/><G55/><T9/><D124/><N who="2" m="47722" /><F15/><W104/><G21/><T46/><D117/><U29/><E4/><V132/><F132/><W79/><G79/><T10/><D23/><U17/><E70/><V99/><F99/><W80/><G80/><T44/><D44/><U133/><E71/><V6/><F6/><W127/><G127/><T33/><D33/><U41/><E133/><V25/><F62/><N who="3" m="36207" /><G90/><T22/><D22/><U123/><E123/><V48/><F48/><W2/><G2/><T66/><D46/><U0/><E0/><V36/><F34/><W96/><G96/><T134/><D134/><U67/><E43/><V51/><F51/><W30/><G104/><T109/><D109/><U1/><E1/><V32/><F32/><W102/><G102/><T13/><D66/><AGARI ba="1,0" hai="7,8,12,25,27,36,37,38,58,61,66" m="47722" machi="66" ten="40,2000,0" yaku="18,1" doraHai="14" who="2" fromWho="0" sc="230,-23,221,0,284,23,265,0" /><INIT seed="2,2,0,5,0,74" ten="207,221,307,265" oya="2" hai0="111,5,128,66,126,37,46,40,7,11,15,6,29" hai1="43,106,118,1,76,129,110,97,39,105,116,44,84" hai2="20,41,52,22,13,48,117,0,17,71,34,68,70" hai3="132,73,4,23,51,45,32,93,91,33,115,58,130"/><V9/><F117/><W108/><G73/><T27/><D111/><U83/><E110/><V55/><F34/><W88/><G108/><T10/><D128/><U134/><E129/><V14/><F0/><W94/><G130/><T121/><D121/><U38/><E134/><V124/><F124/><W120/><G120/><T56/><D126/><U85/><E1/><V12/><F41/><W28/><G132/><T77/><D10/><U2/><E2/><V53/><F48/><W92/><G115/><T79/><D66/><U87/><E38/><V95/><F95/><W59/><G32/><T36/><D36/><U81/><E87/><V98/><F98/><W63/><G4/><T67/><D5/><U72/><E72/><V89/><F89/><N who="3" m="34379" /><G33/><T57/><D6/><U18/><E18/><V3/><F3/><W103/><G103/><T113/><D113/><U90/><REACH who="1" step="1"/><E97/><REACH who="1" ten="207,211,307,265" step="2"/><V31/><F9/><W80/><G80/><T19/><D19/><U125/><E125/><V65/><F65/><W8/><G8/><T104/><D104/><AGARI ba="2,1" hai="39,43,44,76,81,83,84,85,90,104,105,106,116,118" machi="104" ten="40,2600,0" yaku="1,1,52,1,53,0" doraHai="74" doraHaiUra="64" who="1" fromWho="0" sc="207,-32,211,42,307,0,265,0" /><INIT seed="3,0,0,2,1,69" ten="175,253,307,265" oya="3" hai0="112,113,18,133,82,3,105,127,45,8,79,90,70" hai1="28,92,11,47,114,49,111,33,2,20,116,35,125" hai2="12,56,96,99,9,130,63,51,135,66,61,32,27" hai3="134,101,109,37,86,44,93,1,85,52,31,54,71"/><W59/><G1/><T36/><D70/><U57/><E114/><V68/><F130/><W21/><G71/><T77/><D105/><U102/><E111/><V40/><F135/><W119/><G119/><T14/><D133/><U76/><E116/><V115/><F115/><N who="0" m="44106" /><D127/><U16/><E125/><V19/><F40/><W13/><G134/><T42/><D3/><U73/><E57/><V55/><F32/><W87/><G109/><T17/><D17/><U53/><E73/><V104/><F104/><W95/><G101/><T107/><D107/><U15/><E76/><V23/><F63/><N who="3" m="36327" /><G37/><T94/><D82/><U4/><REACH who="1" step="1"/><E28/><AGARI ba="0,0" hai="9,12,19,23,27,28,51,55,56,61,66,68,96,99" machi="28" ten="30,1000,0" yaku="7,1" doraHai="69" who="2" fromWho="1" sc="175,0,253,-10,307,10,265,0" owari="175,-32.5,243,-15.7,317,41.7,265,6.5" /></mjloggm>