<mjloggm ver="2.3"><GO type="225" lobby="0"/><UN n0="%E5%A4%96%E5%B7%9D%E7%AB%9C%E6%88%90" n1="%E7%AB%8B%E7%9B%B4%E5%A5%BD%E6%A3%92%40%E5%BF%98" n2="%E6%98%93%E5%88%A9%E8%96%A9%E4%BC%AF" n3="%77%72%77%72%77%72%77%72" dan="16,17,16,17" rate="2090.23,2116.27,2160.66,2182.96" sx="M,M,F,M"/><TAIKYOKU oya="0"/><INIT seed="0,0,0,5,4,36" ten="250,250,250,250" oya="0" hai0="44,91,28,50,73,130,9,53,27,124,111,24,3" hai1="46,81,66,18,32,129,115,52,89,65,95,104,102" hai2="16,82,107,110,14,121,135,33,37,119,8,103,54" hai3="132,10,113,61,100,122,1,58,25,76,118,71,23"/><T96/><D124/><U85/><E32/><V83/><F121/><W17/><G113/><T94/><D130/><U70/><E70/><V74/><F33/><W12/><G118/><T128/><D128/><U98/><E129/><V43/><F110/><W134/><G122/><T123/><D123/><U92/><E115/><V99/><F135/><N who="3" m="51755" /><G71/><T72/><D111/><U60/><E104/><V30/><F74/><W127/><G127/><T20/><REACH who="0" step="1"/><D27/><REACH who="0" ten="240,250,250,250" step="2"/><U22/><E81/><V55/><F119/><W67/><G76/><T133/><D133/><U34/><E34/><V116/><F116/><W11/><G100/><T40/><D40/><U0/><E0/><V21/><F83/><W45/><G1/><T5/><AGARI ba="0,1" hai="3,5,9,20,24,28,44,50,53,72,73,91,94,96" machi="5" ten="30,6000,0" yaku="1,1,0,1,53,1" doraHai="36" doraHaiUra="2" who="0" fromWho="0" sc="240,70,250,-20,250,-20,250,-20" /><INIT seed="0,1,0,4,3,76" ten="310,230,230,230" oya="0" hai0="51,9,43,41,100,3,24,132,35,18,49,62,45" hai1="46,134,101,120,117,125,67,20,25,6,72,91,129" hai2="61,56,36,81,40,16,30,90,26,31,28,48,87" hai3="133,115,65,116,19,50,102,80,4,52,96,66,7"/><T83/><D132/><U13/><E117/><V94/><F36/><W109/><G116/><T126/><D126/><U44/><E120/><V55/><F40/><W60/><G115/><T37/><D100/><U5/><E72/><V130/><F130/><W124/><G133/><T111/><D111/><U64/><E134/><V127/><F127/><W73/><G124/><T113/><D113/><U77/><E77/><V69/><F69/><W42/><G42/><T78/><D62/><U47/><E125/><V122/><F122/><W123/><G73/><T79/><D79/><U93/><E101/><V97/><F48/><W57/><G109/><T15/><D3/><U53/><E53/><V131/><F131/><W70/><G66/><N who="1" m="25130" /><E13/><V32/><REACH who="2" step="1"/><F16/><REACH who="2" ten="310,230,220,230" step="2"/><W2/><G19/><T11/><D43/><U27/><E129/><V121/><F121/><W108/><G108/><T34/><D51/><U89/><E25/><V54/><F54/><W12/><G123/><T39/><D24/><U104/><E104/><V0/><F0/><W114/><G114/><T74/><D39/><U88/><E93/><V10/><F10/><W99/><G2/><T110/><D110/><U58/><E58/><V107/><F107/><W75/><G12/><T1/><D49/><U71/><E71/><V21/><F21/><W106/><G4/><AGARI ba="1,1" hai="1,4,9,11,15,18,34,35,37,41,45,74,78,83" machi="4" ten="40,7700,0" yaku="25,2,52,1" doraHai="76" who="0" fromWho="3" sc="310,90,230,0,220,0,230,-80" /><INIT seed="0,2,0,4,4,35" ten="400,230,220,150" oya="0" hai0="47,132,8,1,29,80,117,95,82,44,86,6,88" hai1="92,99,72,13,4,104,113,40,36,115,96,105,61" hai2="33,22,51,116,121,89,18,49,98,12,100,111,81" hai3="76,63,103,122,67,64,77,60,127,110,31,78,97"/><T129/><D117/><U114/><E61/><V102/><F33/><W55/><G110/><T118/><D118/><U73/><E40/><V120/><F111/><W25/><G127/><T58/><D132/><U28/><E36/><V19/><F116/><W130/><G130/><T93/><D129/><U10/><E28/><V24/><F120/><W65/><G122/><T133/><D133/><U5/><E5/><V48/><F121/><W87/><G55/><T107/><D107/><N who="1" m="41035" /><E99/><V56/><F56/><W46/><G46/><T124/><D124/><U53/><E53/><V70/><F70/><W7/><G7/><T41/><D29/><U43/><E43/><V126/><F126/><W50/><G50/><T45/><D41/><U83/><E83/><V108/><F108/><W79/><N who="3" m="19456" /><DORA hai="23" /><W2/><G87/><T62/><REACH who="0" step="1"/><D82/><REACH who="0" ten="390,230,220,150" step="2"/><U30/><E30/><V34/><F34/><W101/><G101/><AGARI ba="2,1" hai="4,10,13,72,73,92,96,101,113,114,115" m="41035" machi="101" ten="40,1300,0" yaku="11,1" doraHai="35,23" who="1" fromWho="3" sc="390,0,230,29,220,0,150,-19" /><INIT seed="1,0,0,1,5,70" ten="390,259,220,131" oya="1" hai0="91,126,106,23,95,117,30,105,130,49,62,61,55" hai1="18,102,33,111,7,67,12,109,4,19,93,20,85" hai2="63,31,56,110,132,43,36,34,113,108,82,89,115" hai3="129,37,35,5,48,100,50,16,26,45,60,39,27"/><U58/><E33/><V68/><F34/><W74/><G74/><T44/><D117/><U47/><E47/><N who="2" m="24039" /><F31/><W53/><G5/><T133/><D133/><U6/><E67/><N who="2" m="41087" /><F82/><W134/><G134/><T65/><D130/><U76/><E58/><V41/><F89/><W135/><G135/><T59/><D126/><U128/><E128/><V14/><F14/><W77/><G60/><T52/><D23/><U127/><E127/><V101/><F101/><W114/><G114/><N who="2" m="43529" /><F132/><W11/><G129/><T64/><D30/><U13/><E102/><V72/><F72/><W21/><G11/><T125/><D125/><U96/><E76/><V121/><F121/><W112/><G112/><T10/><D10/><U51/><E85/><V38/><F56/><W22/><G35/><T80/><D80/><U28/><E93/><V118/><F118/><W97/><G77/><T71/><REACH who="0" step="1"/><D65/><REACH who="0" ten="380,259,220,131" step="2"/><U78/><E28/><V57/><F57/><W54/><G22/><T84/><AGARI ba="0,1" hai="44,49,52,55,59,61,62,64,71,84,91,95,105,106" machi="84" ten="20,8000,1" yaku="1,1,2,1,0,1,7,1,54,1,53,0" doraHai="70" doraHaiUra="94" who="0" fromWho="0" sc="380,90,259,-40,220,-20,131,-20" /><INIT seed="2,0,0,0,2,15" ten="470,219,200,111" oya="2" hai0="91,79,124,17,37,71,107,78,44,76,68,129,26" hai1="1,53,27,101,58,131,73,66,28,93,9,86,56" hai2="29,55,85,48,18,65,119,102,72,118,32,60,108" hai3="4,115,8,35,132,52,84,69,11,113,130,21,23"/><V24/><F72/><W33/><G69/><T75/><D75/><U50/><E73/><V80/><F102/><W116/><G84/><T67/><D107/><U90/><E131/><V74/><F74/><W89/><G89/><T127/><D129/><U122/><E122/><V16/><F108/><W98/><G98/><T2/><D2/><U88/><E1/><V99/><F99/><W0/><G130/><T57/><D91/><U100/><E9/><V22/><F32/><N who="3" m="12363" /><G52/><T47/><D17/><U36/><E36/><V109/><F109/><W41/><G41/><N who="0" m="22575" /><D26/><U5/><E5/><V92/><F92/><W128/><G128/><T117/><D47/><U12/><E12/><V64/><F119/><W104/><G104/><T46/><D46/><U34/><E90/><V63/><F118/><W123/><G116/><T103/><D103/><U10/><E10/><V13/><F48/><W40/><G40/><T126/><D117/><U97/><E86/><V120/><F55/><W31/><G123/><T43/><D43/><U62/><AGARI ba="0,0" hai="27,28,34,50,53,56,58,62,66,88,93,97,100,101" machi="62" ten="30,2000,0" yaku="0,1,54,1" doraHai="15" who="1" fromWho="1" sc="470,-5,219,20,200,-10,111,-5" /><INIT seed="3,0,0,2,2,103" ten="465,239,190,106" oya="3" hai0="101,108,46,81,9,38,93,54,21,111,82,110,11" hai1="20,79,32,107,16,89,115,86,94,123,29,2,19" hai2="72,67,117,113,41,60,126,73,68,26,24,47,27" hai3="55,105,42,34,88,102,7,45,56,114,106,63,97"/><W77/><G114/><T50/><D38/><U75/><E115/><V66/><F117/><W104/><G34/><T74/><D21/><U83/><E2/><V25/><F126/><W36/><G77/><N who="0" m="44215" /><D82/><U65/><E123/><V92/><F113/><W53/><G7/><T6/><D6/><U91/><E32/><V0/><F0/><W109/><G109/><T15/><D15/><U4/><E4/><V95/><F67/><W48/><REACH who="3" step="1"/><G88/><REACH who="3" ten="465,239,190,96" step="2"/><T3/><D3/><U10/><E91/><V100/><F100/><W85/><G85/><T120/><D120/><U70/><E86/><V128/><F128/><W5/><G5/><T134/><D134/><U39/><E89/><V129/><F129/><W78/><G78/><T58/><D46/><AGARI ba="0,1" hai="36,42,45,46,48,53,55,56,63,97,102,104,105,106" machi="46" ten="30,18000,2" yaku="1,1,7,1,52,3,53,2" doraHai="103" doraHaiUra="40" who="3" fromWho="0" sc="465,-180,239,0,190,0,96,190" /><INIT seed="3,1,0,4,2,63" ten="285,239,190,286" oya="3" hai0="117,9,49,6,94,111,64,112,5,44,81,45,48" hai1="113,17,89,14,50,54,133,20,135,97,40,132,78" hai2="110,13,77,53,62,95,8,58,98,129,107,118,73" hai3="120,61,0,109,47,122,36,4,124,12,72,41,60"/><W38/><G38/><T128/><D117/><U11/><E113/><V121/><F118/><W134/><G72/><T102/><D112/><U74/><E40/><V90/><F110/><W15/><G109/><T43/><D128/><U71/><E71/><V104/><F129/><W123/><G134/><T100/><D111/><U16/><E74/><V126/><F126/><W2/><G124/><T55/><D81/><U32/><E78/><V51/><F121/><W92/><G92/><T22/><D22/><U24/><E32/><V125/><F125/><W52/><G12/><T80/><D80/><U68/><E68/><V28/><F28/><W130/><G130/><T3/><D6/><U30/><E97/><V21/><F21/><W70/><G70/><T114/><D114/><U116/><E89/><V34/><F34/><W87/><G87/><T99/><REACH who="0" step="1"/><D64/><REACH who="0" ten="275,239,190,286" step="2"/><U103/><E116/><V127/><F127/><W35/><G35/><T7/><D7/><N who="1" m="3455" /><E103/><AGARI ba="1,1" hai="3,5,9,43,44,45,48,49,55,94,99,100,102,103" machi="103" ten="30,2000,0" yaku="1,1,7,1,53,0" doraHai="63" doraHaiUra="27" who="0" fromWho="1" sc="275,33,239,-23,190,0,286,0" owari="308,40.8,216,-18.4,190,-31.0,286,8.6" /></mjloggm>