<mjloggm ver="2.3"><GO type="225" lobby="0"/><UN n0="%EF%BC%AE%EF%BC%A1%EF%BC%AF%33%33%39" n1="%E3%82%BC%E3%83%AB%E3%83%80%E3%81%AE%E4%BC%9D%E8%AA%AC" n2="%E3%81%BF%E3%81%BF%E3%81%9A" n3="%E3%81%99%E3%81%84%E3%81%BE%E3%81%9B%E3%83%BC%E3%82%93" dan="17,18,18,18" rate="2142.66,2237.48,2238.01,2202.53" sx="M,M,M,M"/><TAIKYOKU oya="0"/><INIT seed="0,0,0,0,4,57" ten="250,250,250,250" oya="0" hai0="49,40,78,9,79,5,41,81,29,0,116,64,36" hai1="83,14,30,12,47,104,23,91,1,110,27,25,18" hai2="111,98,17,80,28,3,67,58,56,21,26,97,33" hai3="120,131,94,35,128,107,50,77,20,15,99,75,96"/><T89/><D116/><U46/><E104/><V106/><F111/><W109/><G109/><T13/><D36/><U114/><E110/><V93/><F3/><W43/><G35/><T55/><D29/><U39/><E1/><V42/><F42/><W90/><G120/><T63/><D0/><U34/><E114/><V6/><F6/><W53/><G43/><T85/><D41/><U122/><E122/><V101/><F80/><W45/><G77/><T121/><D40/><U125/><E39/><V130/><F130/><N who="3" m="49707" /><G75/><T117/><D117/><U38/><E125/><V8/><F8/><W7/><G107/><T70/><REACH who="0" step="1"/><D121/><REACH who="0" ten="240,250,250,250" step="2"/><U44/><E38/><V37/><F37/><W102/><G7/><T31/><D31/><U74/><E30/><V22/><F33/><W51/><G51/><T86/><D86/><U84/><E74/><V48/><F48/><W16/><G99/><T133/><D133/><U103/><E34/><V73/><F73/><W124/><G124/><T113/><D113/><U24/><E103/><AGARI ba="0,1" hai="15,16,20,45,50,53,90,94,96,102,103" m="49707" machi="103" ten="30,2000,0" yaku="19,1,54,1" doraHai="57" who="3" fromWho="1" sc="240,0,250,-20,250,0,250,30" /><INIT seed="1,0,0,2,4,126" ten="240,230,250,280" oya="1" hai0="46,121,62,21,68,89,122,27,116,23,50,66,33" hai1="28,69,42,51,59,105,113,41,24,124,125,29,40" hai2="81,4,131,57,11,53,45,110,48,123,64,16,25" hai3="101,9,127,31,3,114,37,77,94,107,39,106,117"/><U6/><E113/><V87/><F123/><N who="0" m="47114" /><D116/><U52/><E69/><V26/><F110/><W111/><G114/><T35/><D89/><U8/><E105/><V10/><F131/><W18/><G31/><N who="0" m="19711" /><D35/><U95/><E95/><V115/><F115/><W75/><G94/><T49/><D49/><U60/><E51/><V32/><F32/><W54/><G117/><T2/><D2/><U134/><E134/><V56/><F56/><W7/><G111/><T5/><D5/><U17/><E17/><V132/><F132/><W91/><G91/><T82/><D82/><U76/><E76/><V108/><F108/><W102/><G18/><T118/><D118/><U72/><E72/><V135/><F135/><W36/><G127/><N who="1" m="48714" /><E24/><V65/><F25/><W13/><G107/><T104/><D104/><U30/><E30/><V38/><F38/><W109/><G106/><T83/><D83/><U90/><E90/><N who="2" m="51567" /><F57/><W98/><G109/><T129/><D129/><U43/><N who="1" m="10240" /><DORA hai="99" /><U61/><E61/><V20/><F11/><W44/><G37/><T85/><D85/><U96/><E96/><V78/><F78/><W80/><G98/><T120/><D120/><U12/><AGARI ba="0,0" hai="6,8,12,28,29,52,59,60" m="10240,48714" machi="12" ten="50,4800,0" yaku="18,1,54,1" doraHai="126,99" who="1" fromWho="1" sc="240,-16,230,48,250,-16,280,-16" /><INIT seed="1,1,0,4,3,1" ten="224,278,234,264" oya="1" hai0="17,30,42,67,120,70,51,12,126,103,53,20,40" hai1="45,89,86,88,33,8,36,13,44,59,19,132,24" hai2="61,102,50,69,130,128,68,111,58,85,11,84,114" hai3="106,75,79,119,46,0,32,107,90,92,96,76,3"/><U78/><E132/><V135/><F135/><W34/><G119/><T31/><D70/><N who="2" m="27242" /><F102/><W81/><G79/><T117/><D117/><U133/><E133/><V83/><F111/><W9/><G46/><N who="1" m="18026" /><E36/><V112/><F50/><W82/><G82/><T131/><D67/><U91/><E33/><V28/><F28/><N who="0" m="10794" /><D120/><U38/><E38/><V29/><F29/><W15/><G0/><T63/><D63/><U104/><E104/><V21/><F21/><W113/><G3/><T109/><D109/><U23/><E59/><V26/><F26/><W5/><REACH who="3" step="1"/><G113/><REACH who="3" ten="224,278,234,254" step="2"/><T14/><D42/><U57/><E57/><V7/><F112/><W121/><G121/><T124/><D40/><U54/><E78/><V73/><F114/><W80/><G80/><T134/><D134/><U125/><E125/><V10/><F73/><W43/><G43/><T66/><D126/><U25/><E54/><N who="2" m="34007" /><F83/><W116/><G116/><T108/><D124/><U110/><E110/><V62/><F62/><W39/><G39/><T95/><D108/><U22/><E86/><V48/><F48/><W37/><G37/><T41/><D51/><U127/><E127/><V94/><F85/><W52/><G52/><T101/><D53/><U71/><E71/><V4/><F130/><W99/><G99/><T123/><D131/><U64/><E64/><V97/><F128/><W47/><G47/><T98/><D66/><U118/><E118/><V27/><F84/><W115/><G115/><T2/><D123/><U56/><E56/><V55/><F55/><W35/><AGARI ba="1,1" hai="5,9,15,32,34,35,75,76,81,90,92,96,106,107" machi="35" ten="30,4000,0" yaku="1,1,0,1,52,1,53,0" doraHai="1" doraHaiUra="16" who="3" fromWho="3" sc="224,-11,278,-21,234,-11,254,53" /><INIT seed="2,0,0,4,1,74" ten="213,257,223,307" oya="2" hai0="75,117,130,121,56,58,7,97,40,126,29,63,73" hai1="85,118,131,14,135,13,53,122,8,110,39,91,26" hai2="50,99,65,45,103,37,21,101,61,0,64,62,115" hai3="28,59,32,3,124,60,49,88,80,22,11,5,25"/><V10/><F115/><W86/><G124/><T24/><D121/><U15/><E118/><V19/><F37/><W55/><REACH who="3" step="1"/><G60/><REACH who="3" ten="213,257,223,297" step="2"/><T17/><D126/><U44/><E122/><V125/><F125/><W79/><G79/><T100/><D63/><U52/><E135/><V20/><F62/><W48/><G48/><T133/><D133/><U82/><E39/><V134/><F134/><W66/><G66/><T51/><D117/><U120/><E120/><V102/><F65/><W109/><G109/><T93/><D51/><U23/><E110/><V42/><F61/><W4/><G4/><T96/><D7/><U78/><E131/><V6/><F64/><W114/><G114/><T54/><D130/><U76/><E8/><V30/><F30/><W77/><G77/><N who="1" m="29802" /><E44/><V127/><F127/><W108/><G108/><T95/><D73/><U113/><E113/><V87/><F87/><W36/><G36/><T69/><D75/><U72/><E72/><V41/><F41/><W35/><AGARI ba="0,1" hai="3,5,11,22,25,28,32,35,49,55,59,80,86,88" machi="35" ten="30,7900,0" yaku="1,1,0,1,54,1,53,1" doraHai="74" doraHaiUra="16" who="3" fromWho="3" sc="213,-20,257,-20,223,-39,297,89" /><INIT seed="3,0,0,3,1,54" ten="193,237,184,386" oya="3" hai0="40,83,68,127,94,14,99,53,42,36,13,46,132" hai1="115,50,114,134,61,133,87,43,6,90,47,35,104" hai2="31,4,73,51,118,55,3,48,124,93,70,28,131" hai3="96,76,75,109,110,129,74,121,26,20,29,19,80"/><W88/><G121/><T66/><D132/><N who="1" m="50795" /><E104/><V10/><F118/><W85/><G129/><T78/><D42/><U63/><E35/><V56/><F131/><W125/><G125/><T130/><D130/><U101/><E101/><V79/><F124/><W92/><G19/><T71/><D127/><U11/><E61/><V112/><F112/><W135/><G135/><T100/><D68/><U39/><E63/><V120/><F120/><W128/><G128/><T72/><D66/><U2/><E50/><V122/><F122/><W12/><G12/><T116/><D71/><U117/><E117/><V86/><F70/><W24/><G24/><T81/><D116/><U82/><AGARI ba="0,0" hai="2,6,11,39,43,47,82,87,90,114,115" m="50795" machi="82" ten="30,1100,0" yaku="20,1" doraHai="54" who="1" fromWho="1" sc="193,-3,237,11,184,-3,386,-5" owari="190,-21.0,248,4.8,181,-31.9,381,48.1" /></mjloggm>