<mjloggm ver="2.3"><GO type="225" lobby="0"/><UN n0="%4D%50%43%32%38%30%30" n1="%E3%81%9F%E3%81%A3%E3%81%A1%E3%82%87" n2="%E3%81%8A%E3%81%8B%E3%81%8F%E3%82%89" n3="%E3%81%99%E3%81%84%E3%81%BE%E3%81%9B%E3%83%BC%E3%82%93" dan="16,16,16,16" rate="2083.18,2074.22,2099.80,2165.81" sx="M,M,M,M"/><TAIKYOKU oya="0"/><INIT seed="0,0,0,0,2,84" ten="250,250,250,250" oya="0" hai0="39,37,44,11,98,0,30,85,24,67,133,87,117" hai1="27,45,110,36,131,86,46,6,80,88,2,124,112" hai2="23,25,4,13,32,43,76,100,56,118,120,47,1" hai3="33,79,126,89,128,115,48,58,106,72,75,96,61"/><T8/><D117/><U59/><E59/><V57/><BYE who="1" /><F120/><UN n1="%E3%81%9F%E3%81%A3%E3%81%A1%E3%82%87" /><W83/><G115/><T41/><D39/><U3/><E112/><V21/><F118/><W29/><G126/><T97/><D133/><U31/><E124/><V28/><F100/><W62/><G128/><T105/><D67/><U7/><E131/><V20/><F76/><W63/><G75/><T70/><D70/><U111/><E6/><V93/><F1/><W104/><G29/><T52/><D98/><U101/><E101/><V49/><REACH who="2" step="1"/><F93/><REACH who="2" ten="250,250,240,250" step="2"/><W55/><REACH who="3" step="1"/><G33/><REACH who="3" ten="250,250,240,240" step="2"/><N who="0" m="20679" /><D105/><U95/><E110/><V9/><AGARI ba="0,2" hai="4,9,13,20,21,23,25,28,32,43,47,49,56,57" machi="9" ten="30,2000,0" yaku="1,1,0,1,53,0" doraHai="84" doraHaiUra="122" who="2" fromWho="2" sc="250,-10,250,-5,240,40,240,-5" /><INIT seed="1,0,0,5,0,121" ten="240,245,280,235" oya="1" hai0="7,107,46,21,60,37,108,8,50,29,14,22,63" hai1="74,43,80,127,13,110,113,49,111,35,1,34,48" hai2="94,33,125,83,128,65,24,91,11,9,95,123,44" hai3="66,26,131,122,54,59,120,58,20,15,70,3,96"/><U32/><E113/><V62/><F123/><W81/><G3/><T85/><D107/><U0/><E127/><V100/><F128/><W53/><G131/><T38/><D38/><U10/><E74/><V76/><F125/><W52/><G122/><T19/><D37/><U89/><E80/><V86/><F100/><W72/><G120/><T102/><D108/><N who="1" m="41515" /><E89/><V78/><F33/><W12/><G96/><T105/><D102/><U55/><E43/><V18/><F44/><W28/><G72/><T6/><D105/><U57/><E48/><V45/><F45/><W67/><G81/><T39/><D39/><U73/><E73/><V16/><F76/><W132/><G132/><T82/><D63/><U116/><E116/><V64/><F62/><N who="3" m="38231" /><G70/><T68/><D68/><U84/><E84/><V99/><F78/><W2/><G2/><T133/><D60/><AGARI ba="0,0" hai="12,15,20,26,28,52,53,54,59,60,67" m="38231" machi="60" ten="30,2000,0" yaku="8,1,54,1" doraHai="121" who="3" fromWho="0" sc="240,-20,245,0,280,0,235,20" /><INIT seed="2,0,0,5,2,113" ten="220,245,280,255" oya="2" hai0="112,88,19,79,43,5,45,73,59,65,127,7,131" hai1="12,16,104,89,75,107,85,6,46,62,124,83,2" hai2="117,67,92,33,123,22,74,129,69,57,4,35,21" hai3="118,58,70,93,29,111,86,109,10,119,97,26,116"/><V114/><F114/><W110/><G70/><T78/><D112/><U39/><E124/><V115/><F74/><W28/><G86/><T63/><D131/><U68/><E75/><V71/><F57/><W41/><G41/><T91/><D127/><U130/><E130/><V36/><F115/><W37/><G37/><T23/><D73/><U108/><E108/><V31/><F92/><W30/><G58/><T66/><D65/><U20/><E6/><N who="0" m="2057" /><D45/><U11/><E2/><V125/><F4/><W48/><G48/><T103/><D103/><U34/><E34/><V128/><F125/><W60/><G10/><T84/><D43/><U50/><E11/><V27/><F27/><W81/><G60/><T25/><D91/><U17/><E17/><V72/><F72/><W106/><G81/><AGARI ba="0,0" hai="19,23,25,59,63,66,78,79,81,84,88" m="2057" machi="81" ten="30,2000,0" yaku="8,1,54,1" doraHai="113" who="0" fromWho="3" sc="220,20,245,0,280,0,255,-20" /><INIT seed="3,0,0,2,3,48" ten="240,245,280,235" oya="3" hai0="104,1,127,73,50,16,22,53,112,113,67,13,125" hai1="121,30,58,34,110,18,108,21,126,7,72,107,24" hai2="71,79,95,47,132,130,54,83,122,109,84,29,62" hai3="92,2,43,35,119,69,85,101,32,46,105,116,87"/><W0/><G69/><T80/><D104/><U117/><E72/><V26/><F109/><W8/><G105/><T45/><D1/><U52/><E107/><V36/><F132/><W74/><G74/><T77/><REACH who="0" step="1"/><D67/><REACH who="0" ten="230,245,280,235" step="2"/><U131/><E108/><V31/><F122/><W88/><G0/><T115/><AGARI ba="0,1" hai="13,16,22,45,50,53,73,77,80,112,113,115,125,127" machi="115" ten="40,12000,2" yaku="1,1,2,1,0,1,11,1,52,1,54,1,53,0" doraHai="48" doraHaiUra="97" who="0" fromWho="0" sc="230,130,245,-30,280,-30,235,-60" owari="360,46.0,215,-18.5,250,5.0,175,-32.5" /></mjloggm>