<mjloggm ver="2.3"><GO type="225" lobby="0"/><UN n0="%E6%81%A5%E6%99%92%E3%81%97" n1="%E5%91%A8%E6%9D%B1" n2="%E5%8D%A0%E3%81%84%E5%B8%AB%E8%A3%8F%E3%81%AA%E3%81%84%E3%81%97" n3="%E3%81%99%E3%81%84%E3%81%BE%E3%81%9B%E3%83%BC%E3%82%93" dan="16,17,17,18" rate="2144.63,2201.35,2124.67,2236.51" sx="M,M,M,M"/><TAIKYOKU oya="0"/><INIT seed="0,0,0,1,5,68" ten="250,250,250,250" oya="0" hai0="35,77,65,10,108,18,127,19,70,54,34,122,6" hai1="16,31,90,93,71,53,28,47,126,85,124,118,98" hai2="41,106,62,82,21,102,57,87,15,97,92,80,104" hai3="120,40,48,81,61,7,114,30,8,3,109,12,131"/><T27/><D122/><U66/><E118/><V89/><F41/><W59/><G114/><T55/><D77/><U5/><E5/><V94/><F106/><W105/><G105/><T79/><D127/><N who="1" m="48683" /><E71/><V128/><F128/><W23/><G131/><T83/><D108/><U69/><E69/><V101/><F101/><W44/><G109/><T42/><D65/><U17/><E66/><V52/><F104/><W36/><G120/><T134/><D134/><U78/><E78/><V88/><F102/><W73/><G30/><N who="1" m="11306" /><E98/><V22/><F15/><W4/><G4/><T50/><D70/><U100/><E100/><V56/><F56/><W112/><G112/><T38/><D35/><U135/><E135/><V11/><F11/><W99/><G99/><T0/><D34/><U121/><E121/><V110/><F110/><W45/><G23/><AGARI ba="0,0" hai="21,22,23,52,57,62,80,82,87,88,89,92,94,97" machi="23" ten="40,5200,0" yaku="8,1,54,2" doraHai="68" who="2" fromWho="3" sc="250,0,250,0,250,52,250,-52" /><INIT seed="1,0,0,3,2,14" ten="250,250,302,198" oya="1" hai0="107,2,121,23,25,67,11,126,68,43,128,116,12" hai1="131,61,124,16,20,109,125,59,0,114,52,83,17" hai2="70,26,37,93,21,85,46,58,36,66,127,42,35" hai3="53,103,48,113,120,98,110,84,88,71,122,29,81"/><U123/><E0/><V115/><F35/><W6/><G113/><T82/><D116/><U3/><E3/><V60/><F115/><W106/><G110/><T100/><D126/><N who="1" m="48747" /><E114/><V15/><F127/><W9/><G29/><T33/><D128/><U132/><E123/><V50/><F15/><W79/><G71/><T54/><D121/><U111/><E131/><V74/><F74/><W62/><G62/><T134/><D134/><U31/><E132/><V133/><F133/><W78/><G122/><T89/><D43/><U95/><E83/><V8/><F8/><W7/><G120/><T75/><D54/><U47/><E47/><V117/><F117/><W49/><G49/><T51/><D51/><U30/><E95/><V135/><F135/><W19/><G19/><N who="1" m="7242" /><E20/><V99/><F21/><W72/><G9/><T32/><D2/><U77/><E77/><V130/><F46/><W112/><G112/><T28/><D75/><U118/><E118/><V101/><F93/><N who="3" m="54407" /><G78/><T57/><D107/><U87/><E87/><V108/><F85/><W73/><G72/><T104/><D104/><U10/><E10/><V105/><F105/><W13/><G13/><T92/><D12/><U65/><E65/><V80/><F66/><W34/><G34/><T41/><D11/><U90/><E90/><V76/><F76/><W39/><G39/><T94/><D32/><U45/><E45/><AGARI ba="0,0" hai="6,7,45,48,53,73,79,81,98,103,106" m="54407" machi="45" ten="30,2000,0" yaku="24,1,54,1" doraHai="14" who="3" fromWho="1" sc="250,0,250,-20,302,0,198,20" /><INIT seed="2,0,0,5,3,53" ten="250,230,302,218" oya="2" hai0="96,59,128,34,64,6,39,50,101,55,121,45,37" hai1="122,49,124,77,88,90,132,127,7,85,5,26,44" hai2="109,21,86,12,117,16,104,106,135,69,105,58,82" hai3="14,113,98,40,23,67,11,74,81,100,20,95,119"/><V126/><F117/><W8/><G119/><T92/><D121/><U52/><E122/><V70/><F126/><N who="1" m="48169" /><E132/><V25/><F135/><W87/><G113/><T110/><D110/><U115/><E115/><V33/><F109/><W111/><G111/><T57/><D34/><U9/><E26/><V29/><REACH who="2" step="1"/><F58/><REACH who="2" ten="250,230,292,218" step="2"/><W36/><G74/><T63/><D128/><U84/><E5/><V32/><F32/><W75/><G75/><T17/><D6/><U66/><E66/><V13/><F13/><W68/><G67/><T112/><D112/><U18/><E18/><V102/><F102/><W22/><G68/><T38/><REACH who="0" step="1"/><D17/><REACH who="0" ten="240,230,292,218" step="2"/><U72/><E72/><V2/><F2/><W103/><G103/><T78/><D78/><AGARI ba="0,2" hai="12,16,21,25,29,33,69,70,78,82,86,104,105,106" machi="78" ten="40,3900,0" yaku="1,1,54,1,53,0" doraHai="53" doraHaiUra="41" who="2" fromWho="0" sc="240,-39,230,0,292,59,218,0" /><INIT seed="2,1,0,0,5,51" ten="201,230,351,218" oya="2" hai0="10,50,105,12,67,20,5,9,94,36,42,93,64" hai1="15,114,8,74,55,82,27,110,65,25,16,43,106" hai2="30,28,96,88,131,121,35,13,14,103,7,59,57" hai3="102,75,63,47,24,97,3,112,32,135,0,84,116"/><V18/><F121/><W23/><G116/><T56/><D105/><U73/><E114/><V45/><F131/><W80/><G112/><T66/><D36/><U2/><E106/><V91/><F35/><W44/><G32/><T129/><D129/><U130/><E130/><V38/><F7/><W49/><G75/><T21/><D10/><U109/><E43/><V79/><F79/><W127/><G63/><T54/><D42/><U86/><E65/><V81/><F81/><W52/><G127/><T123/><D123/><U19/><E2/><V115/><F115/><W85/><G47/><T126/><D126/><U113/><E113/><V68/><F68/><W95/><G135/><T70/><D70/><U83/><E86/><V72/><F72/><W62/><G62/><T37/><D37/><U41/><E41/><V6/><F6/><W101/><G101/><T99/><D94/><U92/><E92/><V26/><F45/><W119/><G85/><T104/><D104/><U17/><E17/><V22/><F38/><W98/><G98/><T120/><D120/><U100/><E100/><AGARI ba="1,0" hai="5,9,12,20,21,50,54,56,64,66,67,93,99,100" machi="100" ten="40,2600,0" yaku="8,1,52,1" doraHai="51" who="0" fromWho="1" sc="201,29,230,-29,351,0,218,0" /><INIT seed="3,0,0,0,0,83" ten="230,201,351,218" oya="3" hai0="92,3,99,103,78,4,125,30,57,46,66,24,90" hai1="88,124,112,59,86,131,130,132,49,9,38,95,47" hai2="65,11,51,84,64,7,110,108,13,52,54,73,45" hai3="37,111,129,6,113,109,16,101,29,118,61,26,82"/><W53/><G118/><T69/><D125/><U31/><E124/><V102/><F73/><W12/><G113/><T121/><D121/><U67/><E112/><V14/><F102/><W134/><G134/><T60/><D78/><U135/><E31/><V114/><F114/><W97/><G129/><N who="1" m="49162" /><E9/><N who="2" m="4287" /><F84/><W76/><G37/><T128/><D46/><U81/><E38/><V19/><F54/><W15/><G6/><T71/><D128/><U77/><E67/><V119/><F119/><W40/><G40/><T20/><D90/><U25/><E59/><V70/><F70/><W1/><G1/><T94/><D94/><U98/><E25/><V17/><F17/><W75/><G53/><AGARI ba="0,0" hai="47,49,53,77,81,86,88,95,98,132,135" m="49162" machi="53" ten="30,3900,0" yaku="19,1,52,1,54,1" doraHai="83" who="1" fromWho="3" sc="230,0,201,39,351,0,218,-39" owari="230,-17.0,240,4.0,351,45.1,179,-32.1" /></mjloggm>