<mjloggm ver="2.3"><GO type="225" lobby="0"/><UN n0="%E6%A1%9C%E8%8A%B1%E9%96%83%E3%80%85" n1="%72%69%6F%75%63%68%61%6E" n2="%E7%89%B9%E6%9D%B1%E3%81%AF%E4%B8%96%E7%95%8C%E3%82%92%E6%95%91%E3%81%86" n3="%E3%81%B5%E3%81%98%E3%81%8B%E3%81%A4" dan="16,17,16,16" rate="2172.30,2275.04,2083.23,2173.95" sx="M,M,M,M"/><TAIKYOKU oya="0"/><INIT seed="0,0,0,3,4,53" ten="250,250,250,250" oya="0" hai0="117,84,40,102,57,116,119,54,56,75,95,71,125" hai1="113,79,82,110,14,120,129,15,83,68,17,50,70" hai2="87,72,90,99,1,62,49,8,45,123,9,32,111" hai3="37,112,114,12,108,127,51,36,24,23,96,19,10"/><T13/><D71/><U69/><E120/><V131/><F123/><W97/><G108/><T16/><D75/><U86/><E110/><V93/><F72/><W58/><G127/><T88/><D125/><U118/><E118/><V34/><F111/><W38/><G97/><T42/><D102/><U101/><E129/><V77/><F131/><W30/><REACH who="3" step="1"/><G96/><REACH who="3" ten="250,250,250,240" step="2"/><T73/><D73/><U107/><E101/><V46/><F99/><W47/><G47/><T115/><D115/><U89/><E113/><V4/><F45/><W25/><G25/><T74/><D74/><U106/><E106/><V6/><F77/><W133/><G133/><T91/><D91/><U44/><E107/><V0/><REACH who="2" step="1"/><F62/><REACH who="2" ten="250,250,240,240" step="2"/><W28/><G28/><T20/><REACH who="0" step="1"/><D57/><REACH who="0" ten="240,250,240,240" step="2"/><U122/><E69/><V78/><F78/><W65/><G65/><T33/><D33/><U103/><E68/><V132/><F132/><W105/><G105/><T29/><D29/><U5/><E70/><V100/><F100/><W109/><G109/><T134/><D134/><U130/><E103/><V135/><F135/><W63/><G63/><AGARI ba="0,3" hai="13,16,20,40,42,54,56,63,84,88,95,116,117,119" machi="63" ten="40,12000,1" yaku="1,1,52,1,54,2,53,0" doraHai="53" doraHaiUra="2" who="0" fromWho="3" sc="240,150,250,0,240,0,240,-120" /><INIT seed="0,1,0,3,2,128" ten="390,250,240,120" oya="0" hai0="117,111,20,40,42,77,39,125,51,2,121,132,63" hai1="72,133,102,73,47,60,11,120,48,3,80,27,70" hai2="24,31,35,119,18,22,131,21,130,94,58,46,112" hai3="43,99,67,109,115,41,90,126,6,96,14,29,108"/><T7/><D117/><U95/><E133/><V32/><F112/><W36/><G115/><T26/><D121/><U127/><E120/><V38/><F119/><W123/><G123/><T34/><D39/><U19/><E127/><V49/><F38/><W45/><G126/><T28/><D125/><U61/><E3/><V30/><F58/><W9/><G67/><T5/><D132/><U12/><E27/><V59/><F94/><W85/><G29/><T122/><D122/><U98/><E80/><V8/><F59/><W25/><G25/><T79/><D111/><N who="3" m="42569" /><G43/><T104/><D104/><U106/><E106/><V52/><F8/><W71/><G71/><T129/><D129/><N who="2" m="49162" /><F31/><W13/><G14/><AGARI ba="1,0" hai="14,18,21,22,24,30,32,35,46,49,52" m="49162" machi="14" ten="30,2000,0" yaku="19,1,54,1" doraHai="128" who="2" fromWho="3" sc="390,0,250,0,240,23,120,-23" /><INIT seed="1,0,0,5,5,42" ten="390,250,263,97" oya="1" hai0="83,62,2,109,118,21,0,125,82,59,32,35,60" hai1="37,66,51,114,74,133,77,46,8,39,25,31,79" hai2="105,33,61,22,63,121,106,131,68,100,102,6,64" hai3="44,123,23,11,49,57,107,14,40,91,55,54,84"/><U134/><E114/><V86/><F121/><W94/><G123/><T81/><D118/><U128/><E128/><V10/><F33/><W103/><G107/><T129/><D129/><U130/><E130/><V88/><F131/><W1/><G1/><T110/><D21/><U72/><E66/><V76/><F76/><N who="1" m="29257" /><E8/><V58/><F22/><W92/><G23/><T9/><D9/><U15/><E15/><V36/><F36/><N who="1" m="13897" /><E31/><V53/><F106/><W85/><G57/><T119/><D82/><U101/><E101/><V65/><F65/><W71/><G71/><T135/><D119/><U115/><E115/><V20/><F20/><W50/><G50/><T19/><D59/><U70/><E70/><V26/><F26/><W34/><G34/><T90/><D35/><U38/><N who="1" m="13905" /><U93/><DORA hai="3" /><E93/><V96/><F96/><W5/><G103/><T4/><D32/><U117/><E25/><V99/><F99/><W47/><G47/><T127/><D83/><U16/><E16/><V126/><F105/><W116/><G116/><T120/><D19/><U108/><E117/><V122/><F122/><W89/><AGARI ba="0,0" hai="5,11,14,40,44,49,54,55,84,85,89,91,92,94" machi="89" ten="30,8000,1" yaku="0,1,9,1,8,1,52,2" doraHai="42,3" who="3" fromWho="3" sc="390,-20,250,-40,263,-20,97,80" /><INIT seed="2,0,0,3,4,75" ten="370,210,243,177" oya="2" hai0="115,84,109,40,73,81,6,88,79,91,130,57,29" hai1="45,49,44,18,95,25,34,131,54,103,121,53,38" hai2="37,55,96,67,70,0,21,107,134,135,2,14,48" hai3="106,102,124,32,30,52,122,127,60,3,76,86,11"/><V28/><F37/><W42/><G122/><T63/><D115/><U17/><E121/><V9/><F67/><W31/><G42/><T119/><D109/><U27/><E131/><V12/><F70/><W33/><G102/><T36/><D130/><U94/><E34/><N who="3" m="13418" /><G106/><T90/><D29/><N who="3" m="10761" /><G60/><T26/><D26/><N who="1" m="9739" /><E38/><V7/><F28/><W82/><G52/><N who="1" m="20074" /><E103/><V47/><F96/><W51/><G51/><T99/><D119/><U133/><E133/><N who="2" m="50699" /><F107/><W61/><G61/><T62/><D99/><U10/><E10/><N who="2" m="4447" /><F21/><W59/><G11/><T104/><D104/><U74/><E74/><V123/><F123/><W4/><G4/><AGARI ba="0,0" hai="0,2,4,9,12,47,48,55" m="4447,50699" machi="4" ten="30,1500,0" yaku="20,1" doraHai="75" who="2" fromWho="3" sc="370,0,210,0,243,15,177,-15" /><INIT seed="2,1,0,0,4,97" ten="370,210,258,162" oya="2" hai0="121,106,34,103,41,22,100,45,131,28,83,85,126" hai1="51,60,95,101,99,79,130,111,92,96,124,38,116" hai2="88,2,31,25,104,90,42,125,86,57,54,69,76" hai3="29,50,113,102,107,117,3,78,17,134,19,65,70"/><V105/><F69/><W73/><G117/><T30/><D121/><U91/><E116/><V68/><F68/><W127/><G3/><T120/><D120/><U43/><E38/><V122/><F122/><W109/><G29/><N who="0" m="11371" /><D106/><U62/><E111/><V84/><F2/><W94/><G50/><N who="0" m="26927" /><D34/><U24/><E130/><V58/><F42/><W87/><G109/><T119/><D119/><U12/><E124/><V133/><F76/><W44/><G127/><T129/><D126/><U5/><E24/><V132/><F125/><W46/><G46/><T75/><D75/><U123/><E123/><V59/><F54/><W55/><G55/><T108/><D22/><U115/><E115/><V26/><REACH who="2" step="1"/><F58/><REACH who="2" ten="370,210,248,162" step="2"/><W40/><G70/><T8/><D108/><U98/><E79/><V66/><F66/><W114/><G65/><T112/><D112/><U14/><E43/><V64/><F64/><W15/><G40/><T20/><D131/><U89/><E51/><V32/><F32/><W0/><G0/><T36/><D129/><U128/><E128/><V1/><F1/><W21/><G44/><T27/><D36/><U81/><E62/><V7/><F7/><W9/><G114/><T61/><D61/><U52/><E5/><V23/><F23/><W47/><G47/><T16/><D8/><U53/><E53/><V118/><F118/><W72/><G113/><T82/><D82/><U110/><E81/><V37/><F37/><W13/><G73/><T135/><D83/><U33/><E33/><V48/><F48/><W71/><G72/><T74/><D74/><U49/><E49/><RYUUKYOKU ba="1,1" sc="370,-10,210,-10,248,30,162,-10" hai2="25,26,31,57,59,84,86,88,90,104,105,132,133" /><INIT seed="2,2,1,1,1,93" ten="360,200,278,152" oya="2" hai0="37,67,114,6,56,84,127,9,12,132,69,13,59" hai1="27,46,115,131,122,22,38,77,52,80,81,55,26" hai2="64,51,30,104,32,31,94,10,121,111,103,3,63" hai3="97,39,90,75,100,14,91,125,57,43,18,66,25"/><V120/><F104/><W99/><G75/><T35/><D114/><U0/><E115/><V53/><F111/><W78/><G78/><T54/><D35/><U124/><E0/><V95/><F3/><W58/><G39/><T47/><D127/><U71/><E124/><V101/><F10/><W135/><G125/><T92/><D132/><U129/><E71/><V89/><F32/><W85/><G135/><T19/><D69/><U134/><E134/><V20/><F120/><W48/><G25/><N who="1" m="9226" /><E22/><V72/><F72/><W36/><G100/><N who="2" m="38473" /><F20/><N who="3" m="11351" /><G36/><T128/><D37/><U4/><E4/><V76/><F76/><W60/><G91/><N who="0" m="53351" /><D128/><N who="1" m="49227" /><E122/><V7/><F7/><W70/><G70/><T108/><D108/><U45/><E38/><V112/><F112/><W105/><G105/><T110/><D110/><U17/><E17/><V29/><F121/><W113/><G113/><T98/><D19/><U123/><E123/><V102/><F102/><W33/><G33/><T61/><D6/><U107/><E107/><V24/><F24/><W118/><G118/><T79/><D9/><U50/><E77/><V86/><F95/><N who="3" m="54735" /><G43/><T34/><D79/><U126/><E126/><V73/><F73/><W68/><G68/><T11/><D34/><U21/><E21/><V28/><F28/><W2/><G2/><T8/><D8/><U40/><E40/><V74/><F74/><W117/><G117/><T23/><D11/><U62/><E62/><V15/><F63/><N who="3" m="38255" /><G48/><AGARI ba="2,1" hai="45,46,48,50,52,55,80,81" m="49227,9226" machi="48" ten="30,2000,0" yaku="19,1,54,1" doraHai="93" who="1" fromWho="3" sc="360,0,200,36,278,0,152,-26" /><INIT seed="3,0,0,4,5,38" ten="360,236,278,126" oya="3" hai0="75,69,45,133,84,109,121,101,85,55,28,20,98" hai1="91,134,6,4,128,2,83,112,15,64,33,32,72" hai2="36,99,103,19,52,16,44,7,31,56,113,108,18" hai3="48,8,13,11,35,0,117,62,105,104,130,9,115"/><W51/><G117/><T87/><D121/><U131/><E112/><V39/><F113/><W107/><G115/><T1/><D1/><U95/><E134/><V125/><F108/><W71/><G130/><N who="1" m="49706" /><E2/><V78/><F125/><W63/><G35/><N who="1" m="13386" /><E64/><V49/><F31/><W70/><G13/><T14/><D87/><N who="1" m="52735" /><E15/><V73/><F7/><N who="1" m="2601" /><E83/><V59/><F78/><W76/><G76/><T24/><D45/><U47/><E47/><V37/><REACH who="2" step="1"/><F73/><AGARI ba="0,0" hai="72,73" m="2601,52735,13386,49706" machi="73" ten="40,1300,0" yaku="19,1" doraHai="38" who="1" fromWho="2" sc="360,0,236,13,278,-13,126,0" owari="360,46.0,249,-15.1,265,6.5,126,-37.4" /></mjloggm>