<mjloggm ver="2.3"><GO type="225" lobby="0"/><UN n0="%48%61%61%61%6C%61%6E%64" n1="%72%65%6E%6B%75%6E" n2="%E3%82%BF%E3%83%BC%E3%83%90%E3%83%B3%E9%87%8E%E5%8F%A3" n3="%E6%9D%B1%E9%A2%A8%E3%81%AE%E3%81%8D%E3%82%83%E3%81%B7%E3%81%95%E3%82%93" dan="18,17,16,17" rate="2245.12,2193.37,2094.32,2239.48" sx="M,M,M,M"/><TAIKYOKU oya="0"/><INIT seed="0,0,0,4,4,41" ten="250,250,250,250" oya="0" hai0="39,45,68,51,30,1,48,88,7,81,50,18,40" hai1="102,65,67,73,5,77,63,46,66,24,99,47,78" hai2="43,135,93,53,82,113,128,36,25,84,127,64,14" hai3="72,49,0,59,126,44,22,38,92,87,15,60,3"/><T21/><D68/><U52/><E5/><V96/><F113/><W79/><G38/><T62/><D30/><U85/><E73/><V119/><F127/><W112/><G126/><T8/><D62/><U58/><E24/><V111/><F111/><W11/><G112/><T19/><REACH who="0" step="1"/><D21/><REACH who="0" ten="240,250,250,250" step="2"/><U75/><E75/><V37/><F119/><W133/><G72/><T103/><D103/><U86/><E77/><V90/><F128/><W104/><G133/><T20/><D20/><U114/><E114/><V34/><F135/><W27/><G79/><T80/><D80/><N who="1" m="47255" /><E86/><AGARI ba="0,1" hai="1,7,8,18,19,39,40,45,48,50,51,81,86,88" machi="86" ten="40,12000,1" yaku="1,1,52,1,54,1,53,2" doraHai="41" doraHaiUra="12" who="0" fromWho="1" sc="240,130,250,-120,250,0,250,0" /><INIT seed="0,1,0,4,4,82" ten="370,130,250,250" oya="0" hai0="54,16,71,14,9,40,98,22,77,5,18,46,110" hai1="127,49,48,100,106,36,116,20,80,114,108,43,123" hai2="99,37,97,27,59,84,25,109,39,128,13,131,66" hai3="70,42,33,129,53,8,79,11,95,34,12,7,24"/><T93/><D110/><U55/><E108/><V87/><F13/><W96/><G70/><T107/><D107/><U115/><E123/><V64/><F109/><W3/><G129/><T121/><D121/><U89/><E116/><V122/><F122/><W57/><G79/><T88/><D71/><U38/><E127/><V112/><REACH who="2" step="1"/><F59/><REACH who="2" ten="370,130,240,250" step="2"/><W69/><G69/><T44/><D5/><U61/><E115/><AGARI ba="1,1" hai="25,27,37,39,64,66,84,87,97,99,112,115,128,131" machi="115" ten="25,12000,2" yaku="1,1,2,1,22,2,52,2,53,0" doraHai="82" doraHaiUra="1" who="2" fromWho="1" sc="370,0,130,-123,240,133,250,0" /><INIT seed="1,0,0,2,4,92" ten="370,7,373,250" oya="1" hai0="25,73,32,48,22,77,4,124,23,12,11,110,29" hai1="43,41,33,121,47,64,129,60,16,62,15,116,52" hai2="36,126,68,111,42,2,51,134,28,128,6,5,102" hai3="99,75,83,80,50,55,14,63,20,76,7,66,122"/><U89/><E116/><V39/><F68/><W103/><G122/><T107/><D110/><U105/><E33/><V106/><F111/><W131/><G131/><T40/><D107/><U46/><E105/><V84/><F128/><W45/><G83/><T87/><D73/><U95/><E121/><V98/><F28/><W100/><G100/><T78/><D124/><U30/><E30/><V86/><F126/><W120/><G120/><T82/><D78/><U70/><E129/><V109/><F109/><W34/><G34/><T132/><D132/><U44/><E70/><V9/><F134/><W54/><G54/><T1/><D1/><U127/><E127/><V119/><F119/><W115/><G115/><T26/><D26/><U96/><E64/><V97/><F5/><W19/><G7/><T85/><D85/><U123/><E123/><V56/><F98/><W93/><G66/><T21/><D32/><U67/><E67/><V17/><F17/><W65/><G65/><T18/><D18/><U112/><E112/><V8/><F8/><W10/><G63/><N who="1" m="24106" /><E52/><V125/><F125/><W94/><G10/><AGARI ba="0,0" hai="10,15,16,41,43,44,46,47,89,95,96" m="24106" machi="10" ten="30,5800,0" yaku="8,1,52,1,54,1" doraHai="92" who="1" fromWho="3" sc="370,0,7,58,373,0,250,-58" /><INIT seed="1,1,0,5,3,59" ten="370,65,373,192" oya="1" hai0="125,20,71,27,45,117,62,19,39,46,33,1,115" hai1="6,48,113,74,30,57,126,118,11,120,25,53,73" hai2="26,14,10,54,78,99,63,131,66,67,34,90,119" hai3="82,106,123,134,2,29,15,93,47,96,94,129,36"/><U109/><E118/><V24/><F119/><W111/><G2/><T52/><D117/><U35/><E120/><V69/><F131/><W31/><G123/><T41/><D115/><U12/><E113/><V103/><F34/><W80/><G129/><T58/><D1/><U22/><E126/><V61/><F78/><W84/><G134/><T110/><D125/><U0/><REACH who="1" step="1"/><E109/><REACH who="1" ten="370,55,373,192" step="2"/><V28/><F28/><W101/><G111/><T65/><D110/><U42/><E42/><V23/><F54/><W55/><G31/><T92/><D41/><U105/><E105/><V102/><F67/><W122/><G29/><T37/><D65/><U135/><E135/><V49/><F66/><W13/><G122/><T75/><D52/><U21/><E21/><V4/><F23/><W107/><G107/><T40/><D20/><U16/><AGARI ba="1,1" hai="0,6,11,12,16,22,25,30,35,48,53,57,73,74" machi="16" ten="30,12000,1" yaku="1,1,0,1,24,2,54,1,53,0" doraHai="59" doraHaiUra="127" who="1" fromWho="1" sc="370,-41,55,133,373,-41,192,-41" /><INIT seed="1,2,0,2,0,48" ten="329,188,332,151" oya="1" hai0="85,107,27,56,69,61,96,83,117,88,7,122,78" hai1="102,106,74,120,52,46,49,68,23,14,129,101,99" hai2="104,22,105,91,36,113,125,8,12,45,110,92,32" hai3="11,55,62,81,18,4,41,31,54,97,128,114,42"/><U15/><E120/><V33/><F110/><W57/><G128/><T77/><D117/><U2/><E129/><V130/><F130/><W87/><G114/><T10/><D69/><U58/><E2/><V66/><F125/><W47/><G31/><T98/><D122/><U63/><E74/><V40/><F113/><W43/><G97/><N who="0" m="37483" /><D107/><U50/><E102/><V135/><F135/><W82/><G18/><T9/><D27/><U37/><E37/><V64/><F22/><W29/><G29/><T53/><D7/><U90/><E23/><V34/><F104/><W30/><G30/><T26/><D26/><U17/><E90/><V119/><F105/><W112/><G112/><T16/><D9/><U75/><E75/><V25/><F25/><W21/><G21/><T109/><D109/><U73/><E73/><V1/><F1/><W115/><G115/><T94/><D83/><U95/><E68/><V93/><F119/><W5/><G11/><T51/><D61/><U80/><E80/><N who="3" m="30826" /><G87/><T86/><D86/><U111/><E111/><V103/><F103/><W124/><G124/><T123/><D123/><U134/><E134/><V84/><REACH who="2" step="1"/><F93/><REACH who="2" ten="329,188,322,151" step="2"/><W39/><G39/><T71/><D71/><U0/><E0/><V126/><F126/><W59/><G47/><T3/><D3/><U132/><E132/><V13/><F13/><AGARI ba="2,1" hai="10,13,16,51,53,56,77,78,85,88,94" m="37483" machi="13" ten="30,7700,0" yaku="8,1,52,1,54,2" doraHai="48" who="0" fromWho="2" sc="329,93,188,0,322,-83,151,0" /><INIT seed="2,0,0,4,4,21" ten="422,188,239,151" oya="2" hai0="119,44,131,24,104,132,49,15,35,27,95,87,8" hai1="19,56,135,109,2,118,41,31,129,96,93,36,73" hai2="86,32,65,102,58,120,78,14,100,12,125,81,52" hai3="133,66,43,134,47,39,106,116,80,105,89,13,128"/><V110/><F120/><W85/><G116/><T130/><D104/><U57/><E73/><V10/><F125/><W97/><G66/><T61/><D119/><U0/><E118/><V68/><F32/><W114/><G114/><T101/><D132/><N who="3" m="50793" /><G13/><T4/><D61/><U69/><E69/><V79/><F110/><W88/><G128/><N who="0" m="49195" /><D35/><U72/><E72/><V30/><F30/><W94/><AGARI ba="0,0" hai="39,43,47,80,85,88,89,94,97,105,106" m="50793" machi="94" ten="30,2000,0" yaku="20,1,54,1" doraHai="21" who="3" fromWho="3" sc="422,-5,188,-5,239,-10,151,20" /><INIT seed="3,0,0,2,0,22" ten="417,183,229,171" oya="3" hai0="14,85,56,45,64,77,128,26,36,24,79,107,112" hai1="27,37,127,18,8,62,63,115,86,70,122,49,50" hai2="101,84,94,121,90,0,76,21,110,4,43,11,34" hai3="9,111,133,59,117,119,3,57,109,126,74,17,65"/><W61/><G74/><T108/><D107/><U46/><E122/><V134/><F34/><W31/><G31/><T69/><D69/><U124/><E115/><V129/><F121/><W7/><G133/><T58/><D108/><N who="3" m="41545" /><G126/><N who="1" m="48170" /><E37/><V55/><F134/><W48/><G17/><T99/><D85/><U13/><E70/><V38/><F110/><W6/><G6/><T10/><D14/><U47/><E27/><V29/><F4/><W102/><G102/><T51/><D10/><U87/><E49/><V52/><F101/><W1/><G1/><T66/><D66/><U131/><E47/><V41/><F0/><W32/><G32/><T98/><D79/><U100/><E100/><V73/><F73/><W125/><G125/><T130/><D77/><U113/><E113/><V75/><F75/><W30/><G30/><T39/><D112/><U53/><E131/><V93/><F129/><W81/><G81/><T72/><D72/><U44/><E44/><V15/><F29/><W42/><G42/><T80/><D45/><U54/><E54/><AGARI ba="0,0" hai="3,7,9,48,54,57,59,61,65,117,119" m="41545" machi="54" ten="30,2900,0" yaku="14,1,10,1" doraHai="22" who="3" fromWho="1" sc="417,0,183,-29,229,0,171,29" /><INIT seed="3,1,0,0,3,120" ten="417,154,229,200" oya="3" hai0="64,17,16,19,125,6,62,33,1,128,129,121,83" hai1="53,76,42,23,67,48,97,41,74,101,110,91,55" hai2="31,14,8,9,71,18,123,99,4,126,29,22,30" hai3="93,65,40,49,102,89,132,109,111,61,28,94,130"/><W87/><G28/><T26/><D121/><U59/><E74/><V105/><F123/><W3/><G3/><T36/><D36/><U45/><E76/><V73/><F73/><W116/><G116/><T100/><D125/><U7/><E67/><V38/><F38/><W69/><G132/><T63/><D100/><U34/><E34/><V133/><F71/><W54/><G40/><T5/><D83/><U58/><E7/><N who="2" m="3359" /><F105/><W15/><G15/><T21/><D33/><U75/><E75/><V35/><F99/><W25/><G25/><T56/><D63/><U60/><E91/><V72/><F72/><W90/><G102/><T79/><D79/><U52/><E23/><V80/><F80/><W88/><G130/><N who="0" m="50283" /><D1/><U107/><REACH who="1" step="1"/><E110/><REACH who="1" ten="417,144,229,200" step="2"/><N who="3" m="41994" /><G87/><T108/><D108/><U46/><E46/><AGARI ba="1,1" hai="46,49,54,61,65,69,88,89,90,93,94" m="41994" machi="46" ten="30,18000,2" yaku="14,1,10,1,52,3,54,1" doraHai="120" who="3" fromWho="1" sc="417,0,144,-183,229,0,200,193" owari="417,51.7,-39,-53.9,229,-17.1,393,19.3" /></mjloggm>