<mjloggm ver="2.3"><GO type="225" lobby="0"/><UN n0="%6D%75%75%73%61%6E%6D%75" n1="%47%68%6F%73%74%55%30" n2="%E3%81%AF%E3%82%88%E3%81%8A%E3%81%98%E3%81%95%E3%82%93" n3="%E5%AD%90%E4%BE%9B%E4%BC%9A%E5%93%A1" dan="17,17,17,17" rate="2160.82,2117.32,2154.11,2122.47" sx="F,F,M,M"/><TAIKYOKU oya="0"/><INIT seed="0,0,0,4,0,79" ten="250,250,250,250" oya="0" hai0="119,82,14,113,65,89,66,64,94,13,104,53,54" hai1="2,1,32,68,56,26,130,111,50,42,69,90,115" hai2="116,78,18,5,55,106,57,44,98,109,12,15,88" hai3="22,73,59,84,9,25,135,21,114,71,51,95,92"/><T97/><D113/><U77/><E115/><V93/><F109/><W60/><G73/><T0/><D0/><U34/><E111/><V80/><F116/><W33/><G114/><T63/><D104/><U121/><E121/><V17/><F106/><W3/><G135/><T129/><D129/><U48/><E130/><V86/><F44/><W122/><G122/><T99/><D99/><U31/><E77/><V126/><F126/><W62/><G33/><T7/><D119/><U112/><E90/><V49/><F12/><N who="0" m="4714" /><D7/><U43/><E112/><V67/><F67/><W58/><G71/><T41/><D41/><U39/><E56/><N who="3" m="21546" /><G3/><T72/><D72/><U28/><REACH who="1" step="1"/><E26/><REACH who="1" ten="250,240,250,250" step="2"/><V83/><F83/><W131/><G131/><T120/><D120/><U91/><E91/><V127/><F127/><W30/><G25/><T102/><D63/><U19/><E19/><V118/><F118/><W96/><G62/><T45/><D45/><U124/><E124/><V87/><F98/><W110/><G96/><T101/><D82/><U103/><E103/><AGARI ba="0,1" hai="53,54,64,65,66,89,94,97,101,102,103" m="4714" machi="103" ten="30,1500,0" yaku="8,1" doraHai="79" who="0" fromWho="1" sc="250,25,240,-15,250,0,250,0" /><INIT seed="0,1,0,1,0,97" ten="275,225,250,250" oya="0" hai0="133,113,29,26,37,64,38,16,7,100,68,107,128" hai1="51,24,129,10,83,63,122,96,21,79,71,43,135" hai2="41,61,19,36,54,8,108,27,60,87,4,11,56" hai3="28,109,55,126,114,2,127,3,103,59,46,49,86"/><T9/><D113/><U69/><E122/><V70/><F108/><W15/><G114/><T31/><D128/><U130/><E135/><V47/><F87/><W118/><G118/><T74/><D74/><U117/><E117/><V119/><F119/><W76/><G109/><T90/><D133/><U84/><E10/><V106/><F106/><W134/><G134/><T65/><D90/><U0/><E0/><N who="3" m="42" /><G28/><T116/><D116/><U99/><E43/><V111/><F111/><W91/><G76/><T88/><D7/><U95/><E51/><V52/><F4/><W30/><G30/><T94/><D37/><U105/><E96/><V78/><F78/><W32/><G32/><T13/><D38/><U33/><E105/><V123/><F123/><W35/><G35/><T124/><D68/><U75/><E75/><V23/><F70/><W120/><G15/><T48/><D107/><U17/><E33/><V81/><F81/><N who="3" m="49615" /><G120/><T77/><D77/><U1/><E1/><V82/><F82/><W89/><G89/><T20/><D29/><U125/><E69/><V110/><F110/><W45/><G103/><T14/><D100/><N who="1" m="60543" /><E63/><V131/><F131/><N who="1" m="50185" /><E71/><V6/><F6/><W104/><G104/><T40/><D9/><U80/><E80/><V102/><F102/><W121/><G121/><T67/><D20/><U44/><E44/><V39/><F36/><W66/><G46/><T12/><D88/><U115/><E115/><V85/><F85/><W93/><G93/><T92/><D92/><U62/><E62/><V112/><F112/><W50/><G50/><T58/><D94/><RYUUKYOKU ba="1,0" sc="275,-30,225,10,250,10,250,10" hai1="17,21,24,79,83,84,125" hai2="8,11,19,23,27,39,41,47,52,54,56,60,61" hai3="45,49,55,59,66,126,127" /><INIT seed="1,2,0,5,4,85" ten="245,235,260,260" oya="1" hai0="31,111,48,39,71,38,124,29,52,3,59,44,98" hai1="55,82,30,37,127,20,135,72,41,22,1,112,9" hai2="58,26,21,91,7,12,109,28,56,69,120,63,10" hai3="87,53,84,78,128,90,54,79,73,61,14,116,5"/><U43/><E112/><V24/><F120/><W45/><G73/><T18/><D71/><U131/><E131/><V117/><F117/><W93/><G128/><T113/><D113/><U0/><E135/><V36/><F36/><W102/><G116/><T42/><D3/><U108/><E127/><V66/><F109/><W17/><G102/><T86/><D111/><U76/><E108/><V51/><F51/><N who="3" m="28911" /><G5/><T89/><D124/><U19/><E55/><V122/><F122/><W118/><G118/><T106/><D38/><U123/><E123/><V27/><F27/><W23/><G87/><T70/><D70/><U130/><E130/><V49/><F49/><W119/><G119/><T125/><D125/><U65/><E65/><V94/><REACH who="2" step="1"/><F24/><REACH who="2" ten="245,235,250,260" step="2"/><W95/><G95/><T13/><D39/><U126/><E37/><V107/><F107/><W92/><G92/><T35/><D106/><U25/><E126/><V81/><F81/><W99/><G99/><AGARI ba="2,1" hai="7,10,12,21,26,28,56,58,63,66,69,91,94,99" machi="99" ten="30,3900,0" yaku="1,1,7,1,52,1,53,0" doraHai="85" doraHaiUra="50" who="2" fromWho="3" sc="245,0,235,0,250,55,260,-45" /><INIT seed="2,0,0,1,1,111" ten="245,235,305,215" oya="2" hai0="96,117,126,41,47,50,71,51,15,17,59,81,40" hai1="120,28,58,129,106,63,135,13,115,54,23,107,18" hai2="56,33,104,119,113,112,131,53,44,93,69,39,88" hai3="38,76,100,86,64,66,132,80,121,102,32,22,46"/><V95/><F119/><W99/><G121/><T127/><D71/><U1/><E120/><V31/><F104/><W43/><G32/><T118/><D81/><U77/><E135/><V74/><F69/><W34/><G132/><T82/><D82/><U48/><E77/><V55/><F74/><W3/><G34/><T130/><D96/><U27/><E1/><V116/><F116/><N who="0" m="44650" /><D17/><U2/><E2/><V103/><F131/><W45/><G3/><T25/><D25/><U94/><E129/><V70/><F70/><W49/><G22/><T7/><D15/><U90/><E63/><V9/><F9/><W8/><G8/><T35/><D35/><U78/><E78/><V123/><F123/><W97/><G97/><T75/><D7/><U68/><E68/><V105/><F105/><W42/><REACH who="3" step="1"/><G102/><REACH who="3" ten="245,235,305,205" step="2"/><T37/><D130/><U134/><E134/><V6/><F103/><W61/><G61/><T62/><D62/><U83/><E23/><V84/><F33/><W60/><G60/><T108/><D108/><U73/><E28/><V4/><F31/><W30/><G30/><T29/><D29/><U16/><E27/><V67/><F67/><W57/><G57/><T10/><D10/><U20/><E20/><V109/><F56/><W101/><G101/><T87/><D59/><U114/><E13/><V19/><F109/><W91/><G91/><T122/><D122/><U12/><E12/><V26/><F88/><W125/><G125/><T24/><D127/><U36/><E58/><V21/><F21/><W5/><G5/><T110/><D126/><U124/><E124/><RYUUKYOKU ba="0,1" sc="245,-10,235,-10,305,-10,205,30" hai3="38,42,43,45,46,49,64,66,76,80,86,99,100" /><INIT seed="3,1,1,0,3,40" ten="235,225,295,235" oya="3" hai0="19,61,75,92,118,135,28,70,16,43,5,14,0" hai1="9,30,126,25,36,26,79,131,27,89,2,6,97" hai2="20,18,94,47,77,129,52,31,91,101,17,37,95" hai3="81,44,100,122,32,45,98,90,13,55,38,12,56"/><W35/><G122/><T88/><D118/><U130/><E36/><V50/><F37/><W132/><G132/><T134/><D75/><U107/><E79/><V10/><F129/><N who="1" m="49161" /><E126/><V65/><F65/><W21/><G38/><T8/><D43/><U29/><E89/><V76/><F95/><N who="3" m="58463" /><G32/><T127/><D127/><U106/><E97/><V53/><F101/><W121/><G35/><T113/><D28/><AGARI ba="1,1" hai="2,6,9,25,26,27,28,29,30,106,107" m="49161" machi="28" ten="30,1000,0" yaku="19,1" doraHai="40" who="1" fromWho="0" sc="235,-13,225,23,295,0,235,0" /><INIT seed="4,0,0,0,4,27" ten="222,248,295,235" oya="0" hai0="71,41,70,22,11,69,65,35,85,51,96,127,135" hai1="123,81,119,32,19,28,40,104,20,109,24,87,84" hai2="14,77,43,10,5,60,57,54,64,42,129,91,4" hai3="82,86,15,16,34,75,23,79,2,130,108,17,25"/><T78/><D35/><U95/><E109/><V118/><F129/><W36/><G108/><T37/><D127/><U94/><E123/><V113/><F113/><W47/><G2/><T93/><D37/><U72/><E119/><V7/><F118/><W13/><G130/><T124/><D124/><U97/><E40/><N who="2" m="15403" /><F77/><W117/><G117/><T116/><D116/><U101/><E84/><V48/><F91/><W50/><G36/><T12/><D135/><U38/><E72/><V55/><F64/><W132/><G132/><T134/><D134/><U98/><E98/><V29/><F29/><N who="3" m="17599" /><G34/><T58/><D22/><U52/><E38/><V80/><F80/><W73/><G73/><T8/><D78/><U102/><E102/><V33/><F33/><W68/><G68/><T1/><D85/><U126/><E126/><V83/><F83/><W61/><G61/><T105/><D105/><U100/><E100/><V125/><F125/><W76/><G76/><T3/><D65/><U66/><E66/><V67/><F67/><W121/><G121/><T99/><D11/><U122/><E122/><V26/><F26/><W46/><G75/><T63/><D63/><U115/><E115/><V53/><F53/><W62/><G86/><T133/><D133/><U120/><E52/><V9/><F14/><N who="3" m="5131" /><G82/><T44/><D58/><AGARI ba="0,0" hai="4,5,7,9,10,48,54,55,57,58,60" m="15403" machi="58" ten="30,1000,0" yaku="8,1" doraHai="27" who="2" fromWho="0" sc="222,-10,248,0,295,10,235,0" owari="212,-28.8,248,4.8,305,40.5,235,-16.5" /></mjloggm>