<mjloggm ver="2.3"><GO type="225" lobby="0"/><UN n0="%E3%83%A9%E3%82%A4%E3%83%B3%E3%81%AE%E8%99%8E" n1="%E6%A1%9C%E8%8A%B1%E9%96%83%E3%80%85" n2="%6D%61%74%69%67%75%73%61" n3="%E5%91%A8%E6%9D%B1" dan="16,17,17,17" rate="2093.70,2221.53,2166.57,2140.73" sx="M,M,M,M"/><TAIKYOKU oya="0"/><INIT seed="0,0,0,5,4,18" ten="250,250,250,250" oya="0" hai0="111,108,124,68,114,92,101,9,95,110,103,12,112" hai1="51,96,90,43,93,4,2,33,1,81,48,45,24" hai2="0,130,125,13,11,134,49,85,117,72,16,22,106" hai3="54,135,52,73,119,107,36,37,20,71,123,78,19"/><T17/><D68/><U91/><E4/><V10/><F72/><W8/><G119/><T42/><D42/><U60/><E60/><V65/><F106/><W5/><G107/><T109/><N who="0" m="27648" /><DORA hai="15" /><T75/><D75/><U116/><E116/><V14/><F117/><W53/><G71/><T82/><D82/><U21/><E33/><V59/><F130/><W25/><G123/><T100/><REACH who="0" step="1"/><D124/><REACH who="0" ten="240,250,250,250" step="2"/><U66/><E81/><V99/><F125/><W29/><G135/><T121/><D121/><U63/><E51/><V56/><F134/><W84/><G73/><T67/><D67/><U6/><E66/><V3/><F65/><W89/><G78/><T132/><D132/><U88/><E63/><V35/><F49/><W87/><G37/><T127/><D127/><U40/><E40/><V133/><F133/><W44/><G36/><T120/><D120/><U122/><E122/><V131/><F131/><W104/><G54/><T31/><D31/><U39/><E39/><V50/><F50/><N who="3" m="28743" /><G53/><T94/><AGARI ba="0,1" hai="9,12,17,92,94,95,100,101,103,112,114" m="27648" machi="94" ten="70,24000,3" yaku="1,1,0,1,29,2,14,1,10,1,52,1,53,3" doraHai="18,15" doraHaiUra="98,26" who="0" fromWho="0" sc="240,250,250,-80,250,-80,250,-80" /><INIT seed="0,1,0,0,2,111" ten="490,170,170,170" oya="0" hai0="135,24,76,60,47,3,38,57,33,133,65,102,72" hai1="16,96,50,31,91,104,46,28,48,95,125,71,10" hai2="5,26,117,118,110,112,2,32,45,123,130,49,87" hai3="0,66,63,84,23,97,108,67,39,68,129,1,40"/><T30/><D3/><U94/><E125/><V132/><F5/><W134/><G108/><T70/><D57/><U90/><E104/><V64/><F2/><W56/><G134/><T131/><D131/><U11/><E71/><V37/><F37/><W18/><G129/><T75/><D102/><U9/><E50/><V8/><F8/><W88/><G97/><T14/><D14/><U41/><REACH who="1" step="1"/><E16/><REACH who="1" ten="490,160,170,170" step="2"/><V17/><F17/><W25/><G39/><T53/><D38/><U79/><E79/><V69/><F49/><W115/><G115/><T58/><D135/><U7/><E7/><V20/><F112/><W73/><G40/><T4/><D4/><U98/><AGARI ba="1,1" hai="9,10,11,28,31,41,46,48,90,91,94,95,96,98" machi="98" ten="30,7900,0" yaku="1,1,0,1,9,1,8,1,53,0" doraHai="111" doraHaiUra="52" who="1" fromWho="1" sc="490,-40,160,92,170,-21,170,-21" /><INIT seed="1,0,0,5,1,105" ten="450,252,149,149" oya="1" hai0="64,106,102,97,7,119,112,17,31,43,83,70,27" hai1="16,130,48,54,91,108,123,124,75,81,56,29,131" hai2="52,99,111,95,118,4,104,19,114,66,21,39,6" hai3="13,76,36,60,128,122,26,51,42,92,84,103,77"/><U113/><E113/><V5/><F118/><W11/><G122/><T78/><D119/><U132/><E123/><V65/><F104/><W135/><G36/><T22/><D112/><U30/><E124/><V9/><F39/><W71/><G128/><N who="1" m="49194" /><E132/><V37/><F37/><W109/><G109/><T68/><D43/><U73/><E108/><V50/><F9/><W74/><G74/><N who="1" m="28170" /><E16/><V0/><F0/><W45/><G135/><T127/><D17/><U33/><E33/><V25/><F114/><W28/><G26/><T34/><D127/><U46/><E46/><N who="2" m="27735" /><F111/><W1/><G45/><T47/><D47/><U133/><E133/><V82/><F82/><W126/><G126/><T49/><D83/><U88/><E81/><V8/><F8/><W96/><G11/><T32/><D32/><U35/><E29/><V72/><F72/><W3/><G28/><T44/><D44/><U57/><E57/><V120/><F120/><W85/><G42/><T129/><D34/><U117/><E117/><V58/><F58/><W10/><G10/><T107/><D31/><U87/><E87/><V90/><AGARI ba="0,0" hai="4,5,6,19,21,25,65,66,90,95,99" m="27735" machi="90" ten="30,2000,0" yaku="8,1,54,1" doraHai="105" who="2" fromWho="2" sc="450,-5,252,-10,149,20,149,-5" /><INIT seed="2,0,0,1,3,84" ten="445,242,169,144" oya="2" hai0="15,123,45,49,19,119,85,50,48,1,129,52,59" hai1="42,10,40,58,73,131,63,111,35,39,94,30,20" hai2="83,9,107,53,37,88,118,132,104,2,72,86,0" hai3="44,11,33,56,60,74,110,92,91,57,6,31,38"/><V106/><F118/><W8/><G74/><T23/><D129/><U87/><E35/><V98/><F37/><W62/><G110/><T99/><D123/><U16/><E73/><V5/><F132/><W134/><G134/><T80/><D1/><U36/><E111/><V27/><F0/><W82/><G82/><T68/><D68/><U65/><E131/><V89/><F72/><W64/><G33/><T26/><D99/><U93/><E39/><V12/><F2/><W124/><G124/><T114/><D114/><U78/><E10/><V43/><F43/><N who="1" m="16425" /><E30/><V76/><F98/><W67/><G31/><N who="0" m="17887" /><D59/><U130/><E36/><V112/><F112/><W66/><G38/><T102/><D102/><U75/><E75/><V69/><F69/><W135/><G44/><T61/><D61/><N who="3" m="23657" /><G135/><T47/><D47/><U79/><E130/><V18/><REACH who="2" step="1"/><F53/><REACH who="2" ten="445,242,159,144" step="2"/><W51/><G6/><T32/><D119/><U90/><E93/><V3/><F3/><W46/><G46/><T116/><D116/><U97/><E97/><V17/><F17/><W29/><G29/><T125/><D19/><U25/><AGARI ba="0,1" hai="16,20,25,58,63,65,78,79,87,90,94" m="16425" machi="25" ten="30,4000,0" yaku="8,1,52,1,54,1" doraHai="84" who="1" fromWho="1" sc="445,-10,242,50,159,-20,144,-10" /><INIT seed="3,0,0,2,4,39" ten="435,292,139,134" oya="3" hai0="68,9,35,69,95,109,34,1,0,74,36,3,16" hai1="18,89,133,118,119,50,70,102,125,71,81,42,40" hai2="41,94,73,20,23,28,79,126,134,66,114,110,108" hai3="92,97,86,123,82,75,135,6,14,116,55,15,91"/><W112/><G123/><T93/><D109/><N who="2" m="42090" /><F114/><W12/><G112/><T45/><D16/><U63/><E102/><V117/><F117/><N who="1" m="44553" /><E18/><V53/><F41/><N who="1" m="15977" /><E89/><V83/><F134/><W107/><G116/><T32/><D74/><U21/><E21/><V51/><F126/><W121/><G135/><T88/><D9/><U59/><E81/><V29/><F20/><W122/><G6/><T54/><D36/><U103/><E103/><V101/><F66/><W2/><G2/><T65/><D65/><N who="1" m="39167" /><E133/><V60/><F23/><W5/><G5/><T77/><D77/><U52/><E125/><V49/><F94/><W4/><G4/><T57/><D93/><U33/><E33/><V30/><F101/><N who="3" m="62895" /><G55/><T87/><D34/><U56/><AGARI ba="0,0" hai="50,52,56,70,71" m="39167,15977,44553" machi="56" ten="30,12000,2" yaku="12,1,34,2,52,3,54,1" doraHai="39" who="1" fromWho="1" sc="435,-30,292,120,139,-30,134,-60" owari="405,20.5,412,51.2,109,-29.1,74,-42.6" /></mjloggm>