<mjloggm ver="2.3"><GO type="225" lobby="0"/><UN n0="%E6%B4%BE%E9%81%A3%E3%81%AE%E3%82%B8%E3%83%A3%E3%83%83%E3%82%AF" n1="%E3%82%8C%E3%81%99%E3%81%93" n2="%E6%9D%B1%E9%A2%A8%E3%81%AE%E3%81%8D%E3%82%83%E3%81%B7%E3%81%95%E3%82%93" n3="%E3%82%B2%E3%82%B9%E8%8C%82%E5%8B%9D" dan="17,16,17,16" rate="2223.74,2100.47,2212.63,2129.44" sx="M,F,M,F"/><TAIKYOKU oya="0"/><INIT seed="0,0,0,1,5,84" ten="250,250,250,250" oya="0" hai0="123,19,130,98,86,39,30,73,45,127,69,93,107" hai1="121,81,94,8,77,101,128,53,80,25,134,100,24" hai2="63,31,22,103,12,60,120,59,57,79,55,91,61" hai3="88,118,18,28,23,5,74,83,35,54,1,113,0"/><T110/><D123/><U124/><E121/><V49/><F120/><W112/><G118/><T56/><D69/><U68/><E68/><V41/><F79/><W46/><G74/><T99/><D73/><U135/><E128/><V129/><F103/><W47/><G0/><T11/><D30/><U34/><E124/><V37/><F129/><W109/><G109/><T96/><D130/><U27/><E34/><V7/><F37/><W38/><G46/><T33/><D33/><U116/><E116/><V76/><F76/><W64/><G64/><T62/><D127/><U97/><E101/><V4/><F41/><W48/><G38/><T58/><D107/><U95/><E95/><V42/><F42/><W89/><G28/><T6/><D19/><U13/><E53/><V117/><F117/><W122/><G35/><T14/><D110/><U40/><E40/><V78/><F78/><W119/><G119/><T52/><D39/><U102/><E102/><V70/><F59/><W125/><G122/><T32/><D32/><U115/><E115/><V82/><F70/><W36/><G36/><T51/><D62/><U29/><E29/><V111/><F111/><W44/><G125/><T66/><D66/><U126/><E126/><V90/><F82/><N who="1" m="31849" /><E77/><V10/><REACH who="2" step="1"/><F4/><REACH who="2" ten="250,250,240,250" step="2"/><W104/><G5/><T43/><D43/><U85/><E135/><V2/><F2/><W87/><G1/><T108/><D108/><U3/><E134/><V72/><F72/><W132/><G132/><T21/><D21/><U67/><E3/><V92/><F92/><N who="3" m="54303" /><G23/><T50/><D50/><U17/><E67/><RYUUKYOKU ba="0,1" sc="250,10,250,10,240,10,250,-30" hai0="6,11,14,45,51,52,56,58,86,93,96,98,99" hai1="8,13,17,24,25,27,85,94,97,100" hai2="7,10,12,22,31,49,55,57,60,61,63,90,91" /><INIT seed="0,1,1,0,0,107" ten="260,260,250,220" oya="0" hai0="23,3,106,101,39,104,78,73,109,87,128,129,1" hai1="120,60,36,9,7,19,74,117,62,26,28,91,57" hai2="12,17,46,61,35,108,69,90,6,50,25,85,110" hai3="59,95,0,84,97,54,80,16,27,100,40,15,18"/><T8/><D87/><U10/><E117/><V31/><F6/><W44/><G0/><N who="0" m="75" /><D8/><U13/><E120/><V82/><F61/><W94/><G27/><T102/><D23/><U93/><E36/><V116/><F69/><W37/><G94/><T121/><D121/><U24/><E74/><V41/><REACH who="2" step="1"/><F116/><REACH who="2" ten="260,260,240,220" step="2"/><W2/><G2/><T51/><D128/><U34/><E62/><V52/><F52/><W112/><G112/><T133/><D129/><U103/><E60/><V4/><F4/><W29/><G54/><T105/><D105/><U134/><E7/><V75/><F75/><W92/><G40/><T86/><D73/><U79/><E134/><V99/><F99/><W115/><G97/><T68/><D68/><U98/><E98/><V53/><F53/><W33/><G115/><T118/><D118/><U111/><E111/><V38/><F38/><W124/><G37/><T131/><D109/><U56/><E56/><V130/><F130/><W58/><G59/><T83/><D131/><U132/><E57/><V122/><F122/><W22/><G58/><T72/><D133/><U63/><E132/><V48/><F48/><W89/><G44/><T30/><D39/><U21/><E63/><V114/><F114/><W119/><G119/><T81/><D51/><U70/><E70/><V77/><F77/><W126/><G124/><T123/><D123/><U11/><E79/><V66/><F66/><W49/><G126/><T42/><D42/><U55/><E55/><V88/><F88/><W65/><G65/><T67/><D67/><U127/><E127/><V14/><F14/><RYUUKYOKU ba="1,2" sc="260,-10,260,-10,240,30,220,-10" hai2="12,17,25,31,35,41,46,50,82,85,90,108,110" /><INIT seed="1,2,2,4,0,21" ten="250,250,270,210" oya="1" hai0="57,102,72,31,68,14,105,9,30,134,16,66,2" hai1="95,6,86,123,133,64,74,132,63,42,39,33,84" hai2="36,43,1,54,75,55,58,49,46,11,80,41,44" hai3="53,119,94,62,92,40,131,83,45,127,77,17,121"/><U0/><E123/><V122/><F122/><W65/><G121/><T128/><D72/><U70/><E33/><V93/><F93/><W76/><G127/><T88/><D68/><U81/><E95/><V38/><F11/><W98/><G131/><T8/><D128/><U52/><E6/><V37/><F1/><W20/><G53/><T107/><D134/><N who="1" m="51819" /><E0/><V120/><F80/><W126/><G126/><T32/><D102/><U117/><E117/><V109/><F75/><W34/><G34/><T87/><D105/><U116/><E116/><V73/><F73/><W50/><G119/><T60/><D107/><U104/><E104/><V22/><F22/><W79/><G83/><N who="0" m="49279" /><D2/><U25/><E25/><V99/><F99/><W51/><G98/><T110/><D110/><U114/><E114/><V48/><F120/><W82/><G82/><T90/><D32/><U4/><E4/><V47/><F109/><W56/><REACH who="3" step="1"/><G50/><AGARI ba="2,2" hai="36,37,38,41,43,44,46,47,48,49,50,54,55,58" machi="50" ten="30,12000,2" yaku="7,1,35,6" doraHai="21" who="2" fromWho="3" sc="250,0,250,0,270,146,210,-126" /><INIT seed="2,0,0,1,3,24" ten="250,250,416,84" oya="2" hai0="110,70,121,29,82,99,85,93,109,68,62,74,1" hai1="102,90,114,126,47,32,81,124,18,27,97,28,134" hai2="117,111,127,135,92,112,98,5,51,12,131,30,116" hai3="25,60,123,15,44,8,13,59,113,77,108,69,91"/><V4/><F51/><W128/><G123/><T40/><D121/><U118/><E114/><V35/><F92/><W23/><G69/><T22/><D1/><U63/><E118/><V3/><F98/><W2/><G113/><T37/><D74/><U39/><E134/><V54/><F54/><W49/><G108/><N who="0" m="41579" /><D62/><U10/><E63/><V96/><F96/><W21/><G128/><T107/><D107/><U87/><E18/><V130/><F111/><W129/><G129/><T86/><D86/><U71/><E71/><V132/><F112/><W6/><G77/><T79/><D40/><U66/><E66/><V72/><F72/><W115/><G115/><T53/><D37/><U125/><E10/><V45/><F45/><W17/><G91/><N who="0" m="55743" /><D53/><U36/><REACH who="1" step="1"/><E47/><REACH who="1" ten="250,240,416,84" step="2"/><V46/><F46/><W78/><G44/><T48/><D48/><U120/><E120/><V42/><F135/><W56/><G49/><T75/><D75/><U0/><E0/><V84/><F3/><W57/><G2/><T55/><D55/><U19/><E19/><V104/><F132/><W80/><G60/><T95/><D68/><U105/><AGARI ba="0,1" hai="27,28,32,36,39,81,87,90,97,102,105,124,125,126" machi="105" ten="30,7900,0" yaku="1,1,0,1,18,1,52,1,53,0" doraHai="24" doraHaiUra="16" who="1" fromWho="1" sc="250,-20,240,89,416,-39,84,-20" /><INIT seed="3,0,0,1,3,51" ten="230,329,377,64" oya="3" hai0="75,104,105,47,83,7,122,59,84,14,81,27,92" hai1="99,135,124,28,44,129,69,134,109,117,118,87,130" hai2="115,36,62,80,121,22,15,108,65,24,4,13,42" hai3="128,133,93,35,33,89,61,97,20,63,38,78,82"/><W54/><G133/><N who="1" m="50698" /><E28/><V31/><F108/><W18/><G128/><N who="1" m="49258" /><E69/><V46/><F115/><W41/><G38/><T94/><D94/><U72/><E72/><V86/><F4/><W37/><G41/><T16/><D27/><U11/><E11/><V45/><F45/><W30/><G37/><T120/><D47/><U132/><E132/><V56/><F121/><W111/><G111/><T34/><D84/><U10/><E10/><V116/><F116/><W100/><G100/><T68/><D7/><U52/><E109/><V1/><F1/><W85/><G30/><T25/><D14/><U79/><E99/><V2/><F2/><W95/><G95/><T103/><D92/><U71/><E71/><V106/><F106/><W90/><G78/><AGARI ba="0,0" hai="13,15,22,24,31,36,42,46,56,62,65,78,80,86" machi="78" ten="30,1000,0" yaku="7,1" doraHai="51" who="2" fromWho="3" sc="230,0,329,0,377,10,64,-10" owari="230,-17.0,329,12.9,387,48.7,54,-44.6" /></mjloggm>