<mjloggm ver="2.3"><GO type="225" lobby="0"/><UN n0="%41%6F%54" n1="%E5%A4%96%E5%B7%9D%E7%AB%9C%E6%88%90" n2="%72%69%6F%75%63%68%61%6E" n3="%E3%82%A2%E3%83%A1%E3%82%A2%E3%83%A9%E3%83%AC" dan="16,16,16,16" rate="2065.25,2112.94,2169.05,2185.78" sx="M,M,M,M"/><TAIKYOKU oya="0"/><INIT seed="0,0,0,2,5,102" ten="250,250,250,250" oya="0" hai0="96,12,50,100,53,69,1,73,54,61,115,62,52" hai1="3,68,85,40,60,88,0,17,134,94,132,109,66" hai2="130,90,48,39,104,49,107,71,57,89,114,76,18" hai3="101,99,126,46,38,75,15,11,41,32,106,30,82"/><T58/><D115/><U23/><E40/><V110/><F114/><W67/><G126/><T47/><D1/><U6/><E109/><V29/><F71/><W108/><G108/><T74/><D12/><U72/><E72/><V127/><F110/><W33/><G67/><T64/><REACH who="0" step="1"/><D54/><REACH who="0" ten="240,250,250,250" step="2"/><U43/><E43/><V83/><F127/><W91/><G30/><T119/><D119/><U120/><E120/><V2/><F2/><W28/><G28/><T122/><D122/><U78/><E0/><V125/><F29/><W111/><G111/><T21/><D21/><U128/><E128/><V24/><F130/><W16/><REACH who="3" step="1"/><G91/><REACH who="3" ten="240,250,250,240" step="2"/><T116/><D116/><U123/><E123/><V131/><F131/><W13/><G13/><T14/><D14/><U19/><E3/><V4/><F125/><W70/><G70/><T22/><D22/><U86/><E23/><N who="2" m="13431" /><F89/><W42/><G42/><T117/><D117/><U26/><E26/><V36/><F90/><W81/><G81/><T56/><D56/><U10/><E88/><V8/><F57/><W113/><G113/><T112/><D112/><U93/><E68/><V95/><F83/><W135/><G135/><T20/><D20/><U55/><E132/><V59/><F59/><W79/><AGARI ba="0,2" hai="11,15,16,32,33,38,41,46,75,79,82,99,101,106" machi="79" ten="30,7900,0" yaku="1,1,0,1,52,1,54,1,53,0" doraHai="102" doraHaiUra="51" who="3" fromWho="3" sc="240,-39,250,-20,250,-20,240,99" /><INIT seed="1,0,0,4,2,10" ten="201,230,230,339" oya="1" hai0="131,79,101,5,104,119,67,36,116,34,130,55,77" hai1="124,108,76,126,85,82,120,42,21,31,86,18,51" hai2="135,112,87,15,105,74,72,44,37,1,65,17,54" hai3="12,25,107,14,100,99,56,71,41,27,122,70,118"/><U58/><E120/><V96/><F1/><W92/><G122/><T2/><D36/><U8/><E31/><V83/><F135/><W63/><G118/><T68/><D55/><U64/><E8/><V33/><F33/><W38/><G71/><T6/><D34/><U40/><E108/><V106/><F112/><W9/><G70/><T109/><D109/><U30/><E30/><V127/><F127/><W61/><G61/><N who="0" m="40047" /><D101/><U35/><E35/><V81/><F65/><W28/><G107/><T94/><D94/><U39/><E39/><V89/><F81/><W90/><G9/><N who="0" m="2231" /><D6/><U0/><E0/><V60/><F60/><W97/><G97/><T110/><D104/><U29/><E29/><V57/><F106/><W4/><G4/><T47/><D47/><U111/><E86/><V91/><F57/><W75/><G75/><T22/><D22/><U88/><E76/><N who="0" m="29257" /><D110/><U52/><E64/><V66/><F66/><N who="3" m="39271" /><G90/><T103/><D103/><U113/><E113/><V80/><F105/><W78/><G27/><T3/><D3/><U50/><E111/><V123/><F123/><W32/><G78/><T73/><D73/><U43/><REACH who="1" step="1"/><E51/><REACH who="1" ten="201,220,230,339" step="2"/><N who="2" m="29031" /><F37/><W24/><G38/><T45/><D116/><U128/><E128/><V59/><F74/><W11/><G32/><T20/><D119/><U7/><E7/><V95/><F72/><W62/><G28/><T129/><D20/><U46/><E46/><V23/><F59/><W16/><G11/><T134/><D45/><U133/><E133/><AGARI ba="0,1" hai="129,130,131,133,134" m="29257,2231,40047" machi="133" ten="40,1300,0" yaku="19,1" doraHai="10" who="0" fromWho="1" sc="201,23,220,-13,230,0,339,0" /><INIT seed="2,0,0,3,0,5" ten="224,207,230,339" oya="2" hai0="113,85,116,128,39,97,33,62,9,51,108,18,63" hai1="94,15,4,102,93,100,133,28,104,106,64,92,22" hai2="73,109,37,96,71,50,3,49,47,25,7,10,103" hai3="19,79,126,29,67,105,38,89,65,46,77,57,56"/><V32/><F71/><W90/><G105/><T80/><D113/><U83/><E133/><V1/><F109/><W122/><G122/><T11/><D39/><U121/><E121/><V36/><F73/><W60/><G29/><T34/><D108/><U6/><E64/><V84/><F1/><W59/><G126/><T61/><D128/><U35/><E35/><V21/><F32/><W41/><G19/><T132/><D132/><U44/><E44/><V24/><F84/><W112/><G112/><T99/><D116/><U117/><E117/><V17/><F25/><W68/><G67/><T95/><D18/><U45/><E45/><V43/><REACH who="2" step="1"/><F36/><REACH who="2" ten="224,207,220,339" step="2"/><W114/><G114/><T82/><D34/><U119/><E119/><V52/><F52/><W75/><G75/><T66/><D33/><U131/><E131/><V54/><F54/><W8/><G68/><T2/><D2/><U81/><E106/><AGARI ba="0,1" hai="3,7,10,17,21,24,37,43,47,49,50,96,103,106" machi="106" ten="30,11600,0" yaku="1,1,7,1,52,1,53,1" doraHai="5" doraHaiUra="101" who="2" fromWho="1" sc="224,0,207,-116,220,126,339,0" /><INIT seed="2,1,0,1,3,49" ten="224,91,346,339" oya="2" hai0="27,104,12,60,82,56,50,131,78,51,81,105,62" hai1="45,93,39,88,134,92,89,111,43,123,67,74,53" hai2="132,23,34,24,30,41,96,106,61,26,15,10,71" hai3="116,37,124,110,59,46,127,129,6,99,95,97,121"/><V17/><F132/><W5/><G116/><T14/><D78/><U84/><E134/><V3/><F41/><N who="3" m="22831" /><G121/><T55/><D131/><U112/><E112/><V13/><F3/><W118/><G118/><T114/><D114/><U119/><E119/><V7/><F13/><W42/><G129/><T90/><D90/><U63/><E123/><V9/><F9/><W126/><G110/><T2/><D56/><U16/><E74/><V33/><F33/><W65/><G42/><T52/><D27/><U94/><E111/><V115/><F115/><W69/><G69/><T36/><D36/><U54/><E16/><V4/><F4/><N who="3" m="1643" /><G95/><T108/><D108/><U58/><REACH who="1" step="1"/><E92/><REACH who="1" ten="224,81,346,339" step="2"/><V38/><F17/><W113/><G113/><T48/><D104/><U80/><E80/><V133/><F106/><W101/><G127/><T76/><D105/><U102/><E102/><V29/><F133/><W125/><G101/><T21/><D82/><U44/><E44/><V130/><F130/><W100/><G100/><T70/><D81/><U73/><E73/><V64/><F38/><W72/><G72/><T86/><D2/><U109/><E109/><V135/><F135/><W8/><G8/><T31/><D12/><U32/><E32/><V0/><F15/><W11/><G11/><T68/><D14/><U122/><E122/><V120/><F120/><W47/><G47/><T1/><D1/><U128/><E128/><V28/><F29/><W66/><G126/><T35/><D35/><U40/><E40/><V103/><F103/><W87/><G125/><T98/><D31/><U79/><E79/><RYUUKYOKU ba="1,1" sc="224,-15,81,15,346,15,339,-15" hai1="39,43,45,53,54,58,63,67,84,88,89,93,94" hai2="0,7,10,23,24,26,28,30,34,61,64,71,96" /><INIT seed="2,2,1,2,5,8" ten="209,96,361,324" oya="2" hai0="114,133,76,23,125,101,100,107,75,63,89,135,47" hai1="85,29,28,17,51,120,27,33,66,43,38,99,61" hai2="115,72,86,1,24,112,87,109,56,103,84,49,70" hai3="123,92,46,59,62,83,108,13,121,60,67,105,96"/><V113/><F70/><W16/><G108/><T104/><D114/><U111/><E111/><V9/><F72/><W98/><G83/><N who="0" m="45471" /><D47/><U35/><E120/><V40/><F109/><W119/><G119/><T12/><D63/><U53/><E85/><V106/><F24/><W31/><G31/><T74/><D74/><U45/><E99/><V132/><F132/><N who="0" m="50762" /><D23/><U20/><E33/><V68/><F68/><W134/><G134/><T42/><D42/><U39/><E39/><V78/><F106/><N who="0" m="40490" /><D12/><U37/><E37/><V26/><F103/><N who="0" m="39498" /><D89/><U2/><E2/><V88/><F26/><W69/><G46/><T0/><D0/><U124/><E124/><AGARI ba="2,1" hai="124,125" m="39498,40490,50762,45471" machi="124" ten="40,5200,0" yaku="20,1,34,2" doraHai="8" who="0" fromWho="1" sc="209,68,96,-58,361,0,324,0" /><INIT seed="3,0,0,3,0,123" ten="277,38,361,324" oya="3" hai0="116,8,110,135,122,74,132,66,133,55,28,96,46" hai1="99,50,39,80,0,42,18,120,21,41,113,125,126" hai2="2,130,36,15,117,67,102,6,88,29,33,111,13" hai3="129,91,64,109,5,108,56,105,92,48,70,12,40"/><W27/><G105/><T84/><D74/><U52/><E113/><V89/><F111/><N who="3" m="42571" /><G129/><T104/><D110/><U23/><E120/><V134/><F117/><W63/><G27/><T4/><D122/><U51/><E0/><V119/><F2/><W98/><G40/><T37/><D116/><U45/><E80/><V101/><F134/><W62/><G48/><T115/><D115/><U86/><E86/><V87/><F87/><W54/><G12/><T26/><D84/><U60/><E99/><V121/><F13/><W14/><G14/><T76/><D76/><U131/><E18/><V20/><F15/><W71/><G5/><T65/><D96/><U72/><E72/><V93/><F6/><W68/><AGARI ba="0,0" hai="54,56,62,63,64,68,70,71,91,92,98" m="42571" machi="68" ten="30,12000,1" yaku="14,1,10,1,52,3" doraHai="123" who="3" fromWho="3" sc="277,-40,38,-40,361,-40,324,120" owari="237,-16.3,-2,-50.2,321,12.1,444,54.4" /></mjloggm>