<mjloggm ver="2.3"><GO type="225" lobby="0"/><UN n0="%E7%BD%AA%E5%88%91%E6%B3%95%E5%AE%9A%E4%B8%BB%E7%BE%A9" n1="%73%75%7A%75%72%61%6E%65" n2="%E3%82%BC%E3%83%AB%E3%83%80%E3%81%AE%E4%BC%9D%E8%AA%AC" n3="%E8%91%B5%E3%81%A1%E3%82%83%E3%82%93" dan="16,16,17,17" rate="2155.78,2046.44,2252.69,2188.02" sx="M,M,M,F"/><TAIKYOKU oya="0"/><INIT seed="0,0,0,5,4,54" ten="250,250,250,250" oya="0" hai0="102,84,49,46,98,109,51,90,117,13,17,126,30" hai1="26,133,82,123,78,42,41,119,100,122,39,23,59" hai2="96,28,135,111,103,121,8,70,93,83,113,43,128" hai3="14,74,101,5,58,29,134,88,79,24,22,114,75"/><T66/><D117/><U115/><E119/><V80/><F70/><W68/><G114/><T9/><D126/><U10/><E115/><V67/><F113/><W18/><G68/><T89/><D109/><U132/><E100/><V81/><F121/><W92/><G101/><T116/><D116/><U97/><E97/><V12/><F111/><W69/><G69/><T45/><D30/><U127/><E127/><V99/><F135/><N who="1" m="51785" /><E10/><V73/><F128/><W3/><G134/><T107/><D66/><U125/><E125/><V91/><F43/><N who="1" m="16393" /><E59/><V34/><F67/><W77/><G5/><T19/><D9/><U4/><E4/><V36/><F36/><W52/><G3/><T112/><D112/><U108/><E39/><V130/><F130/><W15/><G75/><T6/><D6/><U0/><E0/><V57/><F57/><W86/><G74/><T47/><D102/><U76/><E76/><N who="3" m="29258" /><G29/><T110/><D47/><U87/><E108/><V2/><F2/><W48/><AGARI ba="0,0" hai="14,15,18,22,24,48,52,58,86,88,92" m="29258" machi="48" ten="30,7900,0" yaku="8,1,52,1,54,2" doraHai="54" who="3" fromWho="3" sc="250,-39,250,-20,250,-20,250,79" /><INIT seed="1,0,0,5,1,54" ten="211,230,230,329" oya="1" hai0="90,109,134,125,60,71,100,7,30,37,66,72,135" hai1="95,82,2,87,102,45,58,97,31,48,13,57,128" hai2="44,18,4,121,29,93,74,11,36,107,117,55,127" hai3="110,32,49,99,64,20,78,114,94,35,9,47,126"/><U33/><E2/><V122/><F107/><W91/><G114/><T70/><D37/><U26/><E13/><V12/><F117/><W131/><G110/><T1/><D72/><U92/><E92/><V116/><F116/><W53/><G126/><T85/><D109/><U130/><E128/><V129/><F74/><W112/><G112/><T40/><D125/><U52/><E130/><V67/><F127/><W39/><G131/><T22/><D100/><U88/><AGARI ba="0,0" hai="26,31,33,45,48,52,57,58,82,87,88,95,97,102" machi="88" ten="20,18000,2" yaku="0,1,7,1,52,2,54,2" doraHai="54" who="1" fromWho="1" sc="211,-60,230,180,230,-60,329,-60" /><INIT seed="1,1,0,5,5,111" ten="151,410,170,269" oya="1" hai0="133,127,82,66,38,120,117,105,49,7,121,39,123" hai1="15,85,22,116,72,31,132,96,61,92,80,62,65" hai2="75,25,106,48,104,10,93,56,28,5,126,129,55" hai3="36,107,43,41,53,69,73,0,97,44,86,77,20"/><U110/><E72/><V135/><F126/><W45/><G69/><T79/><D105/><U70/><E116/><V59/><F135/><W23/><G0/><T16/><D117/><U109/><E61/><V27/><F129/><W46/><G73/><T115/><D127/><U1/><E1/><V35/><F75/><W119/><G119/><T19/><D133/><U26/><E15/><V101/><F59/><W9/><G9/><T18/><D7/><U51/><E51/><V95/><F27/><W100/><G53/><T94/><D94/><U103/><REACH who="1" step="1"/><E132/><REACH who="1" ten="151,400,170,269" step="2"/><V78/><F48/><W52/><G36/><N who="0" m="13867" /><D49/><U87/><E87/><V81/><F25/><W125/><G125/><T89/><D66/><U108/><E108/><V60/><F60/><W58/><G43/><T54/><D54/><U57/><E57/><V68/><F56/><W17/><G41/><T34/><D123/><U112/><E112/><V50/><F50/><W102/><G52/><T21/><D115/><U131/><E131/><V63/><F63/><W64/><G86/><T84/><D121/><U6/><E6/><V90/><F5/><W76/><G58/><T11/><D120/><U33/><E33/><V124/><F35/><W4/><G4/><T71/><D34/><U83/><E83/><V24/><F81/><W98/><G64/><T67/><D11/><U12/><E12/><V74/><F10/><W114/><G114/><T99/><D67/><U32/><E32/><N who="2" m="20487" /><F124/><W128/><G128/><T122/><D122/><U113/><E113/><V30/><F55/><W3/><G3/><T14/><D71/><RYUUKYOKU ba="1,1" sc="151,15,400,15,170,-15,269,-15" hai0="14,16,18,19,21,79,82,84,89,99" hai1="22,26,31,62,65,70,80,85,92,96,103,109,110" /><INIT seed="1,2,1,1,4,97" ten="166,415,155,254" oya="1" hai0="46,60,105,107,48,57,0,4,40,126,112,129,41" hai1="28,70,103,84,77,7,56,36,66,100,71,15,3" hai2="131,135,51,24,43,96,110,21,69,108,73,122,120" hai3="5,74,58,52,35,113,53,101,133,22,106,6,80"/><U9/><E36/><V95/><F69/><W81/><G35/><T29/><D112/><U32/><E3/><V17/><F73/><W79/><G113/><T12/><D0/><U78/><E71/><V109/><F135/><W25/><G133/><T75/><D75/><U63/><E70/><V45/><REACH who="2" step="1"/><F131/><REACH who="2" ten="166,415,145,254" step="2"/><W104/><G74/><T26/><D129/><U76/><REACH who="1" step="1"/><E84/><REACH who="1" ten="166,405,145,254" step="2"/><V130/><F130/><W102/><G58/><T55/><D57/><U19/><E19/><V50/><F50/><W128/><G128/><T87/><D48/><U20/><E20/><V89/><AGARI ba="2,3" hai="17,21,24,43,45,51,89,95,96,108,109,110,120,122" machi="89" ten="30,7900,0" yaku="1,1,0,1,14,1,53,1" doraHai="97" doraHaiUra="44" who="2" fromWho="2" sc="166,-22,405,-41,145,115,254,-22" /><INIT seed="2,0,0,2,0,44" ten="144,364,260,232" oya="2" hai0="70,42,111,50,127,8,28,135,72,74,33,40,4" hai1="87,31,76,54,108,62,66,68,130,96,27,101,90" hai2="52,121,41,65,14,21,131,13,116,7,59,86,22" hai3="38,24,128,105,58,18,94,113,133,99,103,83,92"/><V120/><F116/><W110/><G38/><T48/><D70/><U118/><E118/><V30/><F131/><W124/><G110/><T77/><D111/><U32/><E108/><V125/><F125/><W43/><G128/><T126/><D28/><U102/><E130/><V78/><F121/><W51/><G124/><N who="0" m="47659" /><D33/><U6/><E6/><V3/><F120/><W104/><G133/><T100/><D100/><U95/><E54/><V47/><F65/><W67/><G113/><T0/><D135/><U1/><E1/><V85/><F3/><W71/><G71/><T49/><D77/><U79/><REACH who="1" step="1"/><E101/><REACH who="1" ten="144,354,260,232" step="2"/><V64/><F52/><W39/><G103/><T12/><D0/><U35/><E35/><V132/><F7/><W60/><G67/><T107/><D107/><AGARI ba="0,1" hai="27,31,32,62,66,68,76,79,87,90,95,96,102,107" machi="107" ten="30,7700,0" yaku="1,1,7,1,25,2,53,0" doraHai="44" doraHaiUra="37" who="1" fromWho="0" sc="144,-77,354,87,260,0,232,0" /><INIT seed="3,0,0,2,0,66" ten="67,441,260,232" oya="3" hai0="52,83,114,14,98,59,15,130,11,42,75,97,120" hai1="116,31,55,123,115,117,107,30,62,56,24,44,82" hai2="94,4,101,40,20,33,87,8,108,34,43,1,88" hai3="109,5,78,113,67,63,118,12,128,122,17,64,127"/><W77/><G113/><T91/><D120/><U133/><E115/><V35/><F108/><W48/><G118/><N who="1" m="45674" /><E107/><V16/><REACH who="2" step="1"/><F101/><REACH who="2" ten="67,441,250,232" step="2"/><W134/><G122/><T100/><D114/><U27/><E123/><V73/><F73/><W96/><G48/><T51/><D130/><U95/><E133/><V124/><F124/><W76/><G96/><T25/><D98/><U37/><E82/><V19/><F19/><W81/><G12/><AGARI ba="0,1" hai="1,4,8,12,16,20,33,34,35,40,43,87,88,94" machi="12" ten="40,5200,0" yaku="1,1,54,2,53,0" doraHai="66" doraHaiUra="61" who="2" fromWho="3" sc="67,0,441,0,250,62,232,-52" owari="67,-43.3,441,54.1,312,11.2,180,-22.0" /></mjloggm>