<mjloggm ver="2.3"><GO type="225" lobby="0"/><UN n0="%E6%B8%A9%E2%98%85%E6%83%85%E2%98%85%E6%8E%AA%E2%98%85%E7%BD%AE" n1="%72%69%6F%75%63%68%61%6E" n2="%E6%98%93%E5%88%A9%E8%96%A9%E4%BC%AF" n3="%68%6F%72%69%30%39%30%31" dan="17,16,16,16" rate="2271.92,2131.36,2055.95,2159.56" sx="M,M,F,M"/><TAIKYOKU oya="0"/><INIT seed="0,0,0,0,4,106" ten="250,250,250,250" oya="0" hai0="7,23,37,86,119,61,13,113,60,8,127,32,111" hai1="104,131,48,122,124,128,68,107,17,6,56,51,77" hai2="16,93,94,4,21,88,12,70,59,2,43,40,27" hai3="92,22,120,18,135,110,78,15,30,99,11,50,117"/><T83/><D113/><U19/><E122/><V31/><F70/><W89/><G117/><T63/><D119/><U57/><E68/><V126/><F126/><W130/><G110/><T80/><D32/><U76/><REACH who="1" step="1"/><E6/><REACH who="1" ten="250,240,250,250" step="2"/><V25/><F4/><W55/><G120/><T123/><D123/><U90/><E90/><V100/><F2/><W24/><G135/><T34/><D127/><AGARI ba="0,1" hai="17,19,48,51,56,57,76,77,104,107,124,127,128,131" machi="127" ten="25,8000,1" yaku="1,1,22,2,53,2" doraHai="106" doraHaiUra="44" who="1" fromWho="0" sc="250,-80,240,90,250,0,250,0" /><INIT seed="1,0,0,3,5,40" ten="170,330,250,250" oya="1" hai0="123,14,21,72,69,87,25,47,95,34,52,101,105" hai1="61,104,17,45,54,84,125,20,110,11,71,92,81" hai2="24,49,85,130,29,65,30,108,111,74,133,33,124" hai3="63,15,134,90,53,59,10,60,77,5,76,106,1"/><U36/><E104/><V22/><F74/><W19/><G106/><T62/><D72/><U126/><E110/><N who="2" m="42027" /><F65/><W51/><G134/><T109/><D109/><U16/><E92/><V117/><F85/><W79/><REACH who="3" step="1"/><G90/><REACH who="3" ten="170,330,250,240" step="2"/><T120/><D105/><U78/><E126/><V12/><F133/><W93/><G93/><T129/><D129/><U115/><E125/><V135/><F135/><W131/><G131/><T118/><D118/><U96/><E115/><V57/><F130/><W6/><G6/><T112/><D112/><U113/><E113/><V39/><F117/><W26/><G26/><T114/><D114/><U56/><E71/><V132/><F24/><W67/><G67/><N who="0" m="41207" /><D25/><U121/><E121/><N who="0" m="46665" /><D34/><U73/><E96/><V42/><F33/><W27/><G27/><T119/><D119/><U64/><E64/><V128/><F128/><W50/><G50/><N who="0" m="28767" /><D101/><U58/><E11/><AGARI ba="0,1" hai="1,5,10,11,15,19,51,53,59,60,63,76,77,79" machi="11" ten="40,1300,0" yaku="1,1,53,0" doraHai="40" doraHaiUra="127" who="3" fromWho="1" sc="170,0,330,-13,250,0,240,23" /><INIT seed="2,0,0,4,5,101" ten="170,317,250,263" oya="2" hai0="17,120,87,86,93,124,62,30,12,122,7,81,79" hai1="132,27,70,72,67,123,119,97,48,56,54,34,14" hai2="6,99,23,18,95,78,117,69,84,68,26,29,43" hai3="91,108,9,113,13,21,4,44,90,112,1,115,103"/><V64/><F117/><W16/><G108/><T85/><D124/><U83/><E119/><V125/><F125/><W130/><G130/><T53/><D30/><U41/><E132/><V98/><F6/><W76/><G76/><T107/><D7/><U51/><E123/><V10/><F43/><W3/><G3/><T38/><D38/><U57/><E97/><V104/><F64/><W89/><G103/><T74/><D93/><U92/><E92/><V96/><F104/><W127/><REACH who="3" step="1"/><G44/><REACH who="3" ten="170,317,250,253" step="2"/><T25/><D107/><U94/><E72/><V19/><F78/><W52/><G52/><T121/><D25/><U58/><E54/><V37/><F26/><W88/><N who="3" m="22528" /><DORA hai="31" /><W109/><G109/><T65/><D53/><U47/><E47/><V32/><F96/><W45/><G45/><T126/><D126/><AGARI ba="0,1" hai="1,4,9,13,16,21,112,113,115,126,127" m="22528" machi="126" ten="60,8000,1" yaku="1,1,11,1,54,2,53,1" doraHai="101,31" doraHaiUra="131,15" who="3" fromWho="0" sc="170,-80,317,0,250,0,253,90" /><INIT seed="3,0,0,2,0,69" ten="90,317,250,343" oya="3" hai0="77,8,65,125,85,25,90,3,26,87,58,116,50" hai1="57,16,1,20,117,128,98,124,48,91,42,70,115" hai2="82,15,127,135,134,46,37,122,62,80,78,31,111" hai3="60,18,30,35,33,133,41,9,84,14,51,0,92"/><W97/><G133/><T32/><D116/><U95/><E115/><V104/><F111/><W73/><G73/><T23/><D32/><U55/><E117/><V44/><F104/><W10/><G60/><T93/><D125/><U79/><E124/><V123/><F31/><W7/><G84/><T45/><D3/><U119/><E119/><V100/><F100/><W38/><G38/><T12/><D23/><U36/><E128/><V71/><F15/><W64/><G64/><T131/><D131/><U52/><E1/><V129/><F129/><W17/><G17/><T89/><D58/><U27/><E70/><V63/><F78/><W126/><G126/><T49/><D65/><U4/><E4/><V43/><F127/><W94/><G97/><T21/><D21/><U109/><E109/><V54/><F80/><W76/><G76/><T47/><D77/><U66/><E79/><V24/><F82/><W5/><G30/><T11/><D93/><U67/><REACH who="1" step="1"/><E52/><REACH who="1" ten="90,307,250,343" step="2"/><V53/><F24/><W113/><G5/><T110/><REACH who="0" step="1"/><D110/><REACH who="0" ten="80,307,250,343" step="2"/><U39/><E39/><V121/><F71/><W40/><G0/><T99/><D99/><U96/><E96/><V120/><F120/><W61/><G7/><T28/><D28/><U34/><E34/><V29/><F29/><W105/><G33/><T6/><D6/><U13/><E13/><AGARI ba="0,2" hai="8,11,12,13,25,26,45,47,49,50,85,87,89,90" machi="13" ten="25,6400,0" yaku="1,1,22,2,8,1,53,0" doraHai="69" doraHaiUra="75" who="0" fromWho="1" sc="80,84,307,-64,250,0,343,0" owari="164,-33.6,243,-15.7,250,5.0,343,44.3" /></mjloggm>