<mjloggm ver="2.3"><GO type="225" lobby="0"/><UN n0="%E6%81%A5%E6%99%92%E3%81%97" n1="%77%72%77%72%77%72%77%72" n2="%6B%69%72%61%64%6F%6B%69" n3="%E6%A1%9C%E8%8A%B1%E9%96%83%E3%80%85" dan="16,17,16,16" rate="2136.15,2224.24,2107.61,2146.27" sx="M,M,M,M"/><TAIKYOKU oya="0"/><INIT seed="0,0,0,0,1,82" ten="250,250,250,250" oya="0" hai0="52,89,13,120,99,60,135,30,9,42,28,128,21" hai1="100,70,31,50,38,25,95,122,49,56,62,124,44" hai2="85,90,45,131,125,71,98,92,1,16,96,76,39" hai3="129,133,86,41,23,69,19,8,24,109,54,15,55"/><T121/><D128/><U11/><E122/><V27/><F71/><W78/><G129/><T51/><D135/><U66/><E124/><V102/><F1/><W29/><G133/><T33/><D33/><U75/><E75/><V5/><F131/><W34/><G109/><T111/><D111/><U57/><E11/><V58/><F125/><W118/><G118/><T6/><D42/><U104/><E38/><V103/><F5/><W80/><G69/><T10/><D60/><U88/><E100/><N who="2" m="38443" /><F39/><W22/><G41/><T117/><D117/><U97/><E104/><V130/><F45/><W110/><G110/><T73/><D73/><U132/><E132/><V14/><F130/><W127/><G127/><T105/><D10/><U47/><E50/><V81/><F58/><W126/><G126/><T4/><D105/><U72/><E72/><V94/><F27/><N who="3" m="16639" /><G34/><T53/><D53/><U40/><REACH who="1" step="1"/><E47/><REACH who="1" ten="250,240,250,250" step="2"/><V83/><F83/><W17/><AGARI ba="0,1" hai="8,15,17,19,22,24,54,55,78,80,86" m="16639" machi="17" ten="30,2000,0" yaku="8,1,52,1" doraHai="82" who="3" fromWho="3" sc="250,-10,240,-5,250,-5,250,30" /><INIT seed="1,0,0,1,0,50" ten="240,235,245,280" oya="1" hai0="88,71,19,112,65,10,18,56,39,114,90,108,67" hai1="61,5,96,24,45,46,124,76,78,43,102,123,73" hai2="116,107,97,40,70,117,134,29,81,129,6,16,47" hai3="35,104,98,48,125,135,89,9,109,25,83,115,34"/><U42/><E123/><V12/><F70/><W57/><G115/><T128/><D71/><U121/><E121/><V20/><F129/><W72/><G109/><T22/><D39/><U122/><E122/><V68/><F68/><W93/><G125/><T118/><D118/><U82/><E124/><V113/><F134/><W85/><G135/><T7/><D112/><U66/><E5/><V75/><F29/><W105/><G9/><T38/><D38/><U21/><E76/><V27/><F113/><W80/><G80/><T32/><D32/><U69/><E42/><V11/><F75/><W30/><G35/><T3/><D114/><U26/><E26/><V49/><REACH who="2" step="1"/><F81/><REACH who="2" ten="240,235,235,280" step="2"/><W28/><G28/><T101/><D128/><U33/><E43/><V8/><F8/><W74/><G74/><T87/><D10/><U99/><E33/><V131/><F131/><W23/><G72/><T100/><D108/><U14/><E82/><V120/><F120/><W84/><G34/><T59/><D3/><U95/><E73/><V86/><F86/><W60/><G85/><T44/><D87/><U52/><E78/><V110/><F110/><W2/><G2/><T37/><D22/><U41/><E21/><V4/><F4/><W77/><G23/><T79/><D7/><U94/><E41/><V119/><F119/><W91/><G77/><T51/><D79/><U58/><E69/><V1/><F1/><W0/><G0/><T132/><D132/><U64/><E99/><V55/><F55/><N who="3" m="31975" /><G30/><T53/><D53/><U103/><E52/><V54/><F54/><W36/><G84/><RYUUKYOKU ba="0,1" sc="240,-10,235,-10,235,30,280,-10" hai2="6,11,12,16,20,27,40,47,49,97,107,116,117" /><INIT seed="2,1,1,5,3,94" ten="230,225,265,270" oya="2" hai0="78,127,40,45,105,112,113,135,36,99,55,118,106" hai1="48,35,59,79,74,114,54,50,20,95,131,49,11" hai2="14,100,3,90,101,9,76,25,68,41,121,18,8" hai3="10,33,28,126,19,123,30,15,96,125,29,27,85"/><V134/><F68/><W69/><G69/><T107/><D127/><N who="3" m="48649" /><G85/><T92/><D135/><U43/><E35/><V120/><F134/><W57/><G57/><T91/><D118/><U4/><E114/><V132/><F132/><W5/><G123/><T47/><REACH who="0" step="1"/><D78/><REACH who="0" ten="220,225,265,270" step="2"/><U115/><E115/><V7/><F76/><W52/><G52/><T63/><D63/><U88/><E79/><V89/><F120/><W117/><G117/><T111/><D111/><U0/><E54/><V133/><F121/><W56/><G56/><T77/><D77/><U39/><E59/><V71/><F71/><W130/><G130/><T102/><D102/><U129/><E129/><V26/><F133/><W16/><G96/><T12/><D12/><U51/><E131/><V17/><F100/><W84/><G84/><T97/><D97/><U53/><E53/><V21/><F101/><W87/><G87/><T67/><D67/><U83/><E0/><V58/><F58/><W73/><G73/><T34/><D34/><U65/><E74/><V93/><F41/><W128/><G128/><T62/><D62/><U1/><E65/><V119/><F119/><W13/><G13/><T72/><D72/><U24/><E43/><V42/><F42/><W37/><G37/><T44/><D44/><U23/><E39/><V104/><F89/><W32/><G32/><T109/><D109/><U116/><E116/><V108/><F108/><W66/><G66/><T70/><D70/><U110/><E110/><V38/><F38/><W98/><G98/><T124/><D124/><U103/><E1/><V81/><F3/><RYUUKYOKU ba="1,2" sc="220,15,225,-15,265,-15,270,15" hai0="36,40,45,47,55,91,92,99,105,106,107,112,113" hai3="5,10,15,16,19,27,28,29,30,33" /><INIT seed="3,2,2,5,4,101" ten="235,210,250,285" oya="3" hai0="22,21,26,107,86,30,105,16,123,103,124,59,46" hai1="74,34,125,29,55,133,88,96,130,4,100,14,81" hai2="28,40,31,122,77,41,70,128,2,93,11,120,80" hai3="127,20,5,108,8,24,91,15,43,98,118,82,61"/><W35/><G118/><T49/><D123/><N who="2" m="47146" /><F70/><W37/><G35/><T25/><D124/><U134/><E125/><V44/><F128/><W102/><G127/><T83/><D59/><U113/><E113/><V73/><F93/><N who="3" m="58703" /><G37/><T117/><D103/><U111/><E130/><V39/><F40/><W121/><G121/><T76/><D117/><U129/><E129/><V75/><F75/><W65/><G108/><T6/><D6/><AGARI ba="2,2" hai="2,6,11,28,31,39,41,44,73,77,80" m="47146" machi="6" ten="30,2000,0" yaku="25,1,13,1" doraHai="101" who="2" fromWho="0" sc="235,-26,210,0,250,46,285,0" /><INIT seed="4,0,0,1,3,114" ten="209,210,296,285" oya="0" hai0="108,101,73,81,132,106,58,1,4,65,24,128,27" hai1="83,36,122,62,3,130,40,49,53,69,131,56,37" hai2="9,43,75,78,14,5,90,31,33,134,8,121,97" hai3="113,82,124,129,59,91,18,60,13,35,110,28,19"/><T16/><D108/><U127/><E3/><V133/><F121/><W100/><G110/><T6/><D128/><N who="1" m="49195" /><E83/><V84/><F43/><W104/><G129/><T105/><D132/><N who="2" m="50794" /><F75/><W22/><G113/><T63/><D1/><U96/><E96/><V85/><F78/><W10/><G124/><T51/><D105/><U86/><E86/><V125/><F125/><W117/><G117/><T57/><D106/><U94/><E94/><N who="2" m="56535" /><F8/><W17/><G35/><T34/><D101/><U47/><E127/><V103/><F103/><W76/><G91/><T2/><D2/><U23/><E122/><V55/><F55/><W39/><G39/><N who="1" m="14922" /><E23/><V99/><F99/><W45/><G104/><T29/><D73/><U111/><E111/><V92/><F92/><W70/><G82/><T44/><D81/><U7/><E7/><V42/><F42/><W123/><G76/><T102/><D102/><U118/><E118/><V20/><F33/><W126/><G123/><T41/><REACH who="0" step="1"/><D58/><REACH who="0" ten="199,210,296,285" step="2"/><U48/><E69/><V89/><F89/><W64/><G126/><T32/><D32/><U67/><E48/><V87/><F85/><W119/><G100/><T98/><D98/><U120/><E120/><V61/><F87/><W79/><G70/><T116/><D116/><U26/><E56/><V95/><F84/><W15/><G119/><T12/><D12/><U68/><E26/><V46/><F95/><W135/><G135/><T80/><D80/><U38/><E49/><V93/><F93/><W107/><G107/><T74/><D74/><U21/><E21/><AGARI ba="0,1" hai="4,6,16,21,24,27,29,34,41,44,51,57,63,65" machi="21" ten="40,3900,0" yaku="1,1,54,1,53,0" doraHai="114" doraHaiUra="115" who="0" fromWho="1" sc="199,49,210,-39,296,0,285,0" /><INIT seed="4,1,0,3,5,113" ten="248,171,296,285" oya="0" hai0="57,40,46,125,72,92,19,1,2,94,119,86,36" hai1="33,8,13,69,115,38,77,21,89,28,52,12,118" hai2="53,49,58,103,133,22,112,114,60,3,95,134,76" hai3="101,83,96,66,27,43,126,65,82,54,63,90,129"/><T91/><D125/><U39/><E69/><V23/><F3/><W62/><G126/><T107/><D107/><U34/><E77/><V111/><F76/><W15/><G129/><T102/><D72/><U73/><E73/><V108/><F103/><W30/><G43/><T100/><D119/><U26/><E118/><V50/><F95/><N who="3" m="58527" /><G15/><T110/><D110/><N who="2" m="42026" /><F22/><N who="3" m="15735" /><G54/><T78/><D78/><U121/><E121/><V59/><F23/><W32/><G32/><T117/><D117/><U80/><E115/><N who="2" m="44075" /><F49/><W131/><G131/><T128/><D128/><U93/><E80/><N who="3" m="30762" /><G90/><T9/><D2/><U75/><E75/><V85/><F85/><W68/><G68/><T56/><D100/><U24/><E34/><V122/><F122/><W81/><N who="3" m="30770" /><W88/><DORA hai="98" /><G88/><T41/><D40/><U35/><E35/><V135/><F60/><AGARI ba="1,0" hai="60,62,63,65,66" m="30770,15735,58527" machi="60" ten="30,2000,0" yaku="8,1,52,1" doraHai="113,98" who="3" fromWho="2" sc="248,0,171,0,296,-23,285,23" owari="248,-15.2,171,-32.9,273,7.3,308,40.8" /></mjloggm>