<mjloggm ver="2.3"><GO type="225" lobby="0"/><UN n0="%E5%8D%A0%E3%81%84%E5%B8%AB%E8%A3%8F%E3%81%AA%E3%81%84%E3%81%97" n1="%E3%81%B5%E3%81%98%E3%81%8B%E3%81%A4" n2="%E5%A4%9C%E3%81%AE%E3%82%AC%E3%82%B9%E3%83%91%E3%83%BC%E3%83%AB" n3="%E7%89%B9%E6%9D%B1%E3%81%AF%E4%B8%96%E7%95%8C%E3%82%92%E6%95%91%E3%81%86" dan="17,16,17,16" rate="2161.08,2135.36,2223.41,2138.62" sx="M,M,M,M"/><TAIKYOKU oya="0"/><INIT seed="0,0,0,4,5,76" ten="250,250,250,250" oya="0" hai0="106,124,13,18,100,52,72,58,10,24,64,80,35" hai1="102,87,60,55,114,111,88,71,27,69,127,49,44" hai2="81,39,119,34,110,5,91,105,19,63,96,6,2" hai3="68,4,26,46,54,97,104,131,38,29,135,73,120"/><T66/><D124/><U48/><E111/><V83/><F34/><W133/><G68/><T101/><D35/><U107/><E127/><V74/><F39/><W98/><G131/><T93/><D106/><U70/><E114/><V11/><F110/><W40/><G120/><T57/><D57/><U37/><E37/><V125/><F125/><W32/><G4/><N who="2" m="1641" /><F74/><W3/><G3/><T130/><D130/><U112/><E112/><V25/><F105/><W9/><G9/><T128/><D128/><U99/><E27/><V89/><F2/><W90/><G73/><T115/><D115/><U12/><E12/><N who="2" m="7583" /><F119/><W14/><G14/><T22/><D93/><U7/><E7/><V20/><F63/><W30/><G30/><N who="0" m="17687" /><D72/><U65/><REACH who="1" step="1"/><E49/><REACH who="1" ten="250,240,250,250" step="2"/><V123/><F123/><W129/><G129/><T132/><D132/><U36/><E36/><V45/><F45/><W77/><G133/><T51/><D80/><AGARI ba="0,1" hai="44,48,55,60,65,69,70,71,80,87,88,99,102,107" machi="80" ten="30,8000,1" yaku="1,1,7,1,52,1,54,1,53,1" doraHai="76" doraHaiUra="85" who="1" fromWho="0" sc="250,-80,240,90,250,0,250,0" /><INIT seed="1,0,0,0,1,0" ten="170,330,250,250" oya="1" hai0="18,25,49,77,61,86,66,92,89,23,104,100,87" hai1="69,51,132,64,31,8,117,21,103,33,80,134,124" hai2="74,118,47,111,113,75,53,37,98,41,127,57,45" hai3="20,35,126,42,114,102,50,115,11,36,5,76,91"/><U30/><E117/><V72/><F118/><W48/><G35/><T120/><D120/><U7/><E103/><V108/><F127/><W16/><G126/><T60/><D104/><U129/><E80/><V67/><F113/><W68/><G68/><T65/><D100/><U29/><E51/><V101/><F47/><W128/><G36/><T58/><D49/><U59/><E69/><V55/><F67/><W43/><G76/><T121/><D121/><U9/><E59/><V13/><F13/><W19/><G102/><T28/><D28/><N who="1" m="10859" /><E64/><V52/><REACH who="2" step="1"/><F57/><REACH who="2" ten="170,330,240,250" step="2"/><W63/><G115/><T94/><D77/><U105/><E124/><V135/><F135/><W96/><G114/><T78/><D78/><U24/><E129/><V46/><F46/><W4/><G128/><T22/><D22/><U82/><E21/><V97/><F97/><W81/><G20/><T84/><REACH who="0" step="1"/><D89/><REACH who="0" ten="160,330,240,250" step="2"/><U95/><E132/><V62/><F62/><W10/><G91/><T119/><D119/><U93/><E134/><V14/><F14/><W99/><G63/><T107/><D107/><AGARI ba="0,2" hai="37,41,45,52,53,55,72,74,75,98,101,107,108,111" machi="107" ten="50,3200,0" yaku="1,1,54,1,53,0" doraHai="0" doraHaiUra="112" who="2" fromWho="0" sc="160,-32,330,0,240,52,250,0" /><INIT seed="2,0,0,4,1,75" ten="128,330,292,250" oya="2" hai0="114,96,111,126,56,108,50,129,61,54,30,94,104" hai1="116,76,21,109,100,123,40,48,72,38,15,63,42" hai2="117,55,36,66,77,71,122,69,34,33,112,58,95" hai3="51,110,102,44,90,124,45,19,11,135,62,70,73"/><V97/><F112/><W7/><G73/><T80/><D114/><U134/><E116/><V6/><F117/><W3/><G110/><T0/><D104/><U2/><E109/><N who="0" m="42057" /><D0/><U47/><E134/><V82/><F122/><W92/><G135/><T74/><D129/><U128/><E2/><V127/><F36/><W60/><G124/><T14/><D126/><U59/><E128/><V37/><F37/><W49/><G102/><N who="0" m="60695" /><D30/><U98/><E123/><V68/><F127/><W115/><G115/><T52/><D14/><U43/><E38/><V81/><F66/><W84/><G70/><T35/><D35/><U29/><E15/><V103/><F6/><W86/><G86/><T31/><D31/><U121/><E121/><V107/><F107/><W16/><G60/><T78/><D50/><U18/><E29/><V12/><F12/><W133/><G62/><T5/><D5/><U23/><E48/><V39/><F39/><W41/><REACH who="3" step="1"/><G133/><REACH who="3" ten="128,330,292,240" step="2"/><T101/><D101/><U20/><E63/><V28/><F103/><W17/><G17/><T91/><D91/><U87/><E18/><V64/><F71/><W113/><G113/><T106/><D106/><U67/><E100/><V9/><F69/><W79/><G79/><T118/><D118/><U32/><E76/><V83/><F77/><W93/><G93/><T25/><D25/><U10/><E67/><AGARI ba="0,1" hai="52,54,56,61,67,74,78,80" m="60695,42057" machi="67" ten="30,3900,0" yaku="14,1,52,1,54,1" doraHai="75" who="0" fromWho="1" sc="128,49,330,-39,292,0,240,0" /><INIT seed="3,0,0,5,0,98" ten="177,291,292,240" oya="3" hai0="27,29,72,124,28,15,60,41,7,101,79,114,55" hai1="48,74,26,84,66,75,134,86,113,89,87,68,76" hai2="97,90,91,92,62,59,11,18,13,67,127,61,20" hai3="23,39,123,37,121,126,31,107,95,80,111,100,35"/><W81/><G35/><T77/><D72/><U45/><E113/><V78/><F127/><W49/><G107/><T122/><D122/><U17/><E134/><V53/><F78/><N who="0" m="29706" /><D124/><U109/><E109/><V58/><F91/><W119/><G126/><T36/><D36/><U88/><E68/><V10/><AGARI ba="0,0" hai="10,11,13,18,20,53,58,59,61,62,67,90,92,97" machi="10" ten="30,2000,0" yaku="0,1,8,1" doraHai="98" who="2" fromWho="2" sc="177,-5,291,-5,292,20,240,-10" owari="172,-32.8,286,8.6,312,41.2,230,-17.0" /></mjloggm>