<mjloggm ver="2.3"><GO type="225" lobby="0"/><UN n0="%E2%91%A3%E9%81%BF%E9%81%8A%E6%88%AF%E3%80%90%E6%9D%B1%E5%8D%97%E3%80%91" n1="%73%6C%69%63%6B%33%31%39" n2="%E3%81%AF%E3%82%88%E3%81%8A%E3%81%98%E3%81%95%E3%82%93" n3="%E3%81%B7%E3%82%8A%E3%82%93%E8%81%96%E4%BA%BA" dan="16,16,16,16" rate="2123.20,2197.55,2137.88,2180.21" sx="M,M,M,M"/><TAIKYOKU oya="0"/><INIT seed="0,0,0,2,5,120" ten="250,250,250,250" oya="0" hai0="80,117,88,62,79,2,129,56,46,31,89,103,57" hai1="121,49,16,98,4,47,70,33,87,110,112,34,43" hai2="54,50,48,41,7,133,114,55,1,97,21,15,69" hai3="105,13,106,99,0,35,77,118,12,85,134,24,14"/><T64/><D117/><U96/><E121/><V78/><F114/><W101/><G0/><T84/><D129/><U30/><E70/><V82/><F69/><W126/><G118/><T86/><D2/><U3/><E112/><V38/><F133/><W67/><G106/><T40/><D31/><U125/><E125/><V71/><F71/><W128/><G126/><T63/><D103/><U28/><E4/><V83/><F38/><W59/><G134/><T111/><D111/><U95/><E3/><V115/><F115/><W9/><G35/><T113/><D113/><U36/><E110/><V94/><F1/><W60/><G24/><T26/><D26/><U93/><E87/><V119/><F119/><W22/><G22/><T65/><D86/><U127/><E127/><V27/><F15/><W131/><G85/><T123/><D123/><U81/><E81/><N who="2" m="30731" /><F7/><W92/><G77/><T74/><REACH who="0" step="1"/><D74/><REACH who="0" ten="240,250,250,250" step="2"/><U76/><E30/><V29/><F78/><W130/><REACH who="3" step="1"/><G105/><REACH who="3" ten="240,250,250,240" step="2"/><T20/><D20/><U25/><E76/><V37/><F21/><W17/><AGARI ba="0,2" hai="9,12,13,14,17,59,60,67,92,99,101,128,130,131" machi="17" ten="30,7900,0" yaku="1,1,2,1,0,1,19,1,53,0" doraHai="120" doraHaiUra="32" who="3" fromWho="3" sc="240,-39,250,-20,250,-20,240,99" /><INIT seed="1,0,0,5,0,127" ten="201,230,230,339" oya="1" hai0="82,95,34,107,64,65,75,78,36,119,93,50,77" hai1="130,94,122,125,89,118,28,9,92,13,116,103,23" hai2="31,133,5,3,30,16,41,102,68,8,76,32,44" hai3="59,43,111,57,52,6,11,126,85,73,12,100,112"/><U70/><E122/><V105/><F68/><W15/><G73/><T83/><D36/><U113/><E113/><V37/><F133/><W71/><G71/><T46/><D119/><U24/><E70/><V90/><F32/><W53/><G112/><T104/><D34/><U96/><E125/><V7/><F7/><W39/><G100/><T42/><D95/><U117/><E130/><V45/><F90/><W27/><G27/><T0/><D0/><U48/><E48/><V115/><F115/><W97/><G97/><T74/><REACH who="0" step="1"/><D93/><REACH who="0" ten="191,230,230,339" step="2"/><U21/><E94/><V72/><F3/><W20/><G126/><T129/><D129/><U10/><E103/><V121/><F102/><W25/><G39/><T54/><D54/><U106/><E106/><AGARI ba="0,1" hai="42,46,50,64,65,74,75,77,78,82,83,104,106,107" machi="106" ten="40,8000,1" yaku="1,1,9,1,53,2" doraHai="127" doraHaiUra="63" who="0" fromWho="1" sc="191,90,230,-80,230,0,339,0" /><INIT seed="2,0,0,2,2,88" ten="281,150,230,339" oya="2" hai0="99,81,133,94,27,92,104,77,118,41,87,125,4" hai1="26,8,11,75,16,5,2,113,97,35,121,61,62" hai2="39,131,56,64,30,109,108,34,57,89,102,76,20" hai3="29,6,122,28,63,58,60,112,83,130,85,106,55"/><V19/><F39/><W120/><G106/><T128/><D118/><U110/><E110/><N who="2" m="42603" /><F131/><W124/><G130/><T117/><D128/><U100/><E113/><V127/><F127/><W33/><G124/><T32/><D125/><U93/><E121/><V18/><F76/><W111/><G111/><T90/><D117/><U54/><E75/><V73/><F73/><W86/><G6/><T103/><D133/><U42/><E42/><V72/><F72/><W21/><G21/><T10/><D41/><U31/><REACH who="1" step="1"/><E54/><REACH who="1" ten="281,140,230,339" step="2"/><V48/><F64/><W47/><G112/><T101/><D32/><U13/><AGARI ba="0,1" hai="2,5,8,11,13,16,26,31,35,61,62,93,97,100" machi="13" ten="30,8000,1" yaku="1,1,2,1,0,1,52,1,54,1,53,0" doraHai="88" doraHaiUra="107" who="1" fromWho="1" sc="281,-20,140,90,230,-40,339,-20" /><INIT seed="3,0,0,4,5,77" ten="261,230,190,319" oya="3" hai0="1,50,78,111,96,0,94,52,99,119,43,103,70" hai1="53,92,104,110,61,86,131,93,101,57,116,30,130" hai2="112,29,125,64,21,118,74,87,127,56,23,88,40" hai3="36,26,95,54,100,121,34,73,109,102,120,6,35"/><W12/><G36/><T80/><D111/><U79/><E110/><V129/><F118/><W107/><G107/><T55/><D119/><U28/><E116/><V11/><F112/><W82/><G109/><T117/><D117/><U13/><E104/><V14/><F74/><W38/><G38/><T45/><D70/><U7/><E7/><V24/><F129/><N who="1" m="49161" /><E13/><V81/><F40/><W37/><G37/><T51/><D96/><N who="1" m="59527" /><E79/><V105/><F105/><W44/><G12/><T46/><D43/><U66/><E66/><V22/><F56/><W27/><G6/><T113/><D113/><U97/><E86/><AGARI ba="0,0" hai="0,1,45,46,50,51,52,55,78,80,86,94,99,103" machi="86" ten="30,7700,0" yaku="7,1,9,1,52,1,54,1" doraHai="77" who="0" fromWho="1" sc="261,77,230,-77,190,0,319,0" owari="338,43.8,153,-34.7,190,-21.0,319,11.9" /></mjloggm>