<mjloggm ver="2.3"><GO type="225" lobby="0"/><UN n0="%48%49%52%4F%4B%49%4E%47" n1="%74%2E%6F%2E%6F%2E%73" n2="%E7%89%B9%E6%9D%B1%E3%81%AF%E4%B8%96%E7%95%8C%E3%82%92%E6%95%91%E3%81%86" n3="%E3%81%8B%E3%82%8F%E3%81%A1%E3%82%83%E3%82%93%35%38" dan="16,18,16,16" rate="2031.46,2153.29,2143.08,2127.07" sx="M,M,M,M"/><TAIKYOKU oya="0"/><INIT seed="0,0,0,4,0,16" ten="250,250,250,250" oya="0" hai0="98,107,72,91,28,53,5,41,103,84,38,50,116" hai1="129,63,74,40,61,36,45,67,76,22,14,8,126" hai2="37,21,35,70,23,101,118,83,124,18,24,119,46" hai3="94,54,51,7,0,43,20,75,60,79,130,39,127"/><T52/><D116/><N who="2" m="44586" /><F70/><W65/><G127/><T32/><D72/><U105/><E129/><V30/><F124/><W102/><G130/><T10/><D28/><U2/><E126/><V88/><F101/><W114/><G114/><T42/><D32/><U108/><E108/><V121/><F121/><W13/><G0/><T100/><D103/><U66/><E105/><V134/><F134/><W49/><G39/><T17/><D17/><U12/><E2/><V68/><F68/><W89/><G102/><T55/><D50/><U73/><E61/><V78/><F88/><W80/><G43/><T69/><D69/><U47/><E47/><V9/><F9/><W77/><G77/><T113/><D38/><U95/><E95/><V25/><F18/><N who="3" m="10319" /><G54/><T135/><D135/><U99/><E76/><V104/><F104/><W59/><G7/><T71/><D71/><U26/><E99/><V29/><F35/><W56/><G56/><T112/><D112/><U31/><E67/><V90/><F90/><W125/><G125/><T132/><D132/><U122/><E122/><V128/><F128/><W106/><G106/><T123/><D113/><U117/><E117/><V6/><F6/><W11/><G11/><T64/><D64/><U133/><E133/><V115/><F115/><W92/><G92/><N who="0" m="54375" /><D123/><U34/><E34/><V96/><F37/><W82/><G82/><T58/><D58/><N who="1" m="37239" /><E8/><V48/><F83/><W57/><G57/><T111/><D111/><U81/><E81/><V15/><F78/><W27/><G27/><T131/><D131/><U109/><E109/><V33/><F33/><RYUUKYOKU ba="0,0" sc="250,10,250,10,250,-30,250,10" hai0="5,10,41,42,52,53,55,98,100,107" hai1="12,14,22,26,31,36,40,45,73,74" hai3="49,51,59,60,65,75,79,80,89,94" /><INIT seed="0,1,0,3,1,121" ten="260,260,220,260" oya="0" hai0="38,64,73,83,74,40,36,125,86,54,32,98,20" hai1="90,120,91,118,17,22,56,60,3,51,69,6,104" hai2="25,88,59,47,14,68,110,28,97,107,130,116,126" hai3="58,70,100,72,42,85,45,87,128,106,135,96,37"/><T34/><D64/><U62/><E104/><V78/><F68/><W66/><G72/><T21/><D125/><U127/><E118/><V103/><F126/><W55/><G135/><T131/><D131/><U48/><E127/><V11/><F130/><W4/><G4/><T95/><D54/><U1/><E120/><V5/><F116/><W109/><G109/><T31/><D40/><U111/><E69/><V75/><F110/><W33/><G33/><T115/><D115/><U12/><E111/><V18/><F47/><W102/><G102/><T93/><D86/><U113/><E113/><V79/><F75/><W52/><G55/><T132/><D83/><U30/><E30/><V16/><F59/><W19/><G19/><T50/><D50/><U63/><E1/><V99/><F78/><W92/><G106/><T101/><D31/><U114/><E114/><V82/><F79/><W112/><G112/><T46/><D46/><U57/><E3/><V80/><F80/><W84/><G128/><T23/><D132/><U0/><E0/><V24/><F24/><W39/><G39/><T27/><D27/><U10/><E48/><V124/><F124/><W71/><REACH who="3" step="1"/><G66/><REACH who="3" ten="260,260,220,250" step="2"/><T77/><D101/><U94/><E6/><V89/><F18/><W117/><G117/><T43/><D36/><U2/><E17/><V76/><F5/><W9/><G9/><T13/><D38/><U49/><E10/><V8/><F8/><W35/><G35/><T105/><D34/><U108/><E108/><V67/><F67/><W26/><G26/><T61/><D32/><U7/><E7/><RYUUKYOKU ba="1,1" sc="260,-10,260,-10,220,-10,250,30" hai3="37,42,45,52,58,70,71,84,85,87,92,96,100" /><INIT seed="1,2,1,0,4,60" ten="250,250,210,280" oya="1" hai0="59,30,52,10,61,120,45,51,28,46,32,90,123" hai1="131,76,13,109,135,72,110,54,73,103,49,78,36" hai2="31,102,77,22,1,56,87,55,132,57,34,107,40" hai3="112,69,95,33,82,84,133,104,118,113,64,18,6"/><U119/><E119/><V65/><F1/><W115/><G104/><T93/><D32/><U70/><E36/><V99/><F34/><W41/><G33/><T16/><D45/><U106/><E70/><V79/><F132/><W85/><G6/><T100/><D100/><U35/><E35/><V94/><F40/><W134/><G41/><T4/><D123/><U0/><E0/><V17/><F31/><W43/><G43/><T108/><D108/><N who="1" m="41579" /><E13/><V14/><F107/><W8/><G118/><T89/><D120/><U68/><E68/><V21/><F21/><W101/><G18/><T11/><D89/><U122/><E122/><V42/><F42/><W63/><G8/><T130/><D130/><U23/><E23/><V111/><F87/><W117/><G117/><T39/><D39/><U105/><E135/><N who="3" m="51722" /><G82/><T129/><D129/><U97/><E106/><V126/><F111/><W75/><G75/><N who="1" m="28746" /><E131/><V26/><F26/><W5/><G5/><T116/><D116/><U38/><E38/><V12/><F12/><W88/><G101/><T24/><D4/><U114/><E114/><V48/><REACH who="2" step="1"/><F126/><REACH who="2" ten="250,250,200,280" step="2"/><W37/><G37/><T121/><D121/><U7/><E7/><V67/><F67/><W71/><G85/><T128/><D128/><U20/><E20/><V27/><F27/><W96/><G84/><T29/><D24/><U127/><E127/><V25/><F25/><W124/><G124/><T53/><D16/><U66/><E66/><V9/><F9/><W98/><G98/><AGARI ba="2,2" hai="10,11,28,29,30,46,51,52,53,59,61,90,93,98" machi="98" ten="40,2600,0" yaku="8,1,54,1" doraHai="60" who="0" fromWho="3" sc="250,52,250,0,200,0,280,-32" /><INIT seed="2,0,0,1,0,22" ten="302,250,200,248" oya="2" hai0="25,34,117,132,69,12,100,79,7,82,45,63,121" hai1="123,126,46,125,8,103,17,127,3,107,105,55,61" hai2="10,86,30,20,131,133,41,72,62,47,130,66,37" hai3="68,96,49,44,91,5,9,110,59,42,50,99,28"/><V58/><F72/><W71/><G110/><T60/><D121/><U21/><E123/><V26/><F133/><W16/><G28/><T135/><D117/><U23/><E103/><V89/><REACH who="2" step="1"/><F10/><REACH who="2" ten="302,250,190,248" step="2"/><W52/><G16/><T88/><D132/><U73/><E73/><V6/><F6/><W113/><G113/><T97/><D135/><U122/><E122/><V64/><F64/><W115/><G115/><T108/><D7/><U116/><E116/><V74/><F74/><W124/><G124/><T134/><D134/><U51/><E125/><V104/><F104/><W35/><G35/><T85/><D34/><U81/><E105/><V118/><F118/><W39/><G9/><T102/><D108/><U80/><E107/><V2/><F2/><W27/><G5/><T24/><D69/><U94/><E126/><V65/><F65/><W43/><G71/><T98/><D102/><U38/><E127/><V112/><F112/><W119/><G68/><T48/><D100/><U109/><E109/><V76/><F76/><W33/><G119/><T111/><D79/><U13/><E3/><V83/><AGARI ba="0,1" hai="20,26,30,37,41,47,58,62,66,83,86,89,130,131" machi="83" ten="30,6000,0" yaku="1,1,0,1,52,1,53,0" doraHai="22" doraHaiUra="120" who="2" fromWho="2" sc="302,-20,250,-20,190,70,248,-20" /><INIT seed="2,1,0,5,5,93" ten="282,230,260,228" oya="2" hai0="58,127,90,9,101,72,84,134,22,131,6,95,33" hai1="41,17,66,79,64,53,5,38,77,42,20,47,76" hai2="118,26,107,40,10,55,27,19,73,128,75,117,85" hai3="43,28,102,80,30,81,50,88,59,82,110,57,14"/><V16/><F107/><W92/><G110/><T86/><D33/><U18/><E5/><V32/><F40/><W108/><G108/><T49/><D72/><U116/><E116/><V133/><F55/><N who="3" m="31991" /><G43/><T63/><D131/><U3/><E3/><V11/><F85/><N who="3" m="52239" /><G102/><T119/><D134/><U2/><E2/><V25/><F25/><W8/><G59/><T13/><D127/><U104/><E104/><V129/><REACH who="2" step="1"/><F32/><REACH who="2" ten="282,230,250,228" step="2"/><W23/><G23/><T1/><D84/><U115/><E42/><V74/><F74/><W39/><G39/><T37/><D37/><U54/><E53/><V7/><F7/><AGARI ba="1,1" hai="7,8,14,28,30,80,81,82" m="52239,31991" machi="7" ten="30,2000,0" yaku="8,1,54,1" doraHai="93" who="3" fromWho="2" sc="282,0,230,0,250,-23,228,33" /><INIT seed="3,0,0,4,1,127" ten="282,230,227,261" oya="3" hai0="42,74,72,10,82,129,66,11,50,106,98,123,33" hai1="70,105,87,133,48,2,108,73,29,104,120,111,19" hai2="64,54,62,134,112,91,92,7,101,27,34,122,128" hai3="35,126,31,32,59,40,26,57,1,85,88,96,43"/><W94/><G1/><T24/><D129/><U121/><E73/><V25/><F112/><W18/><G126/><T56/><D123/><U15/><E2/><V21/><F122/><N who="1" m="47209" /><E70/><V69/><F134/><W86/><G32/><T22/><D33/><U3/><E3/><V23/><F7/><W55/><G59/><T65/><D10/><U17/><E29/><V9/><F9/><W60/><G18/><N who="1" m="6666" /><E87/><V6/><F6/><W124/><G124/><T52/><D11/><U47/><E15/><V28/><F128/><W81/><REACH who="3" step="1"/><G86/><REACH who="3" ten="282,230,227,251" step="2"/><T53/><D56/><U38/><E133/><V130/><F130/><W0/><G0/><T117/><D72/><U16/><E108/><V109/><F109/><W116/><G116/><T78/><D117/><U5/><E111/><V68/><F68/><W12/><G12/><T97/><D74/><U36/><E16/><V67/><F25/><W41/><G41/><T71/><D24/><U61/><E5/><V93/><F64/><W30/><G30/><T99/><D42/><U13/><E13/><V103/><F54/><W39/><G39/><T4/><D65/><U135/><E135/><V79/><F69/><W113/><G113/><T102/><D4/><U8/><E36/><V115/><F115/><W118/><G118/><T95/><D53/><U51/><E38/><V58/><F34/><W90/><AGARI ba="0,1" hai="26,31,35,40,43,55,57,60,81,85,88,90,94,96" machi="90" ten="20,12000,1" yaku="1,1,0,1,7,1,54,1,53,1" doraHai="127" doraHaiUra="80" who="3" fromWho="3" sc="282,-40,230,-40,227,-40,251,130" owari="242,4.2,190,-21.0,187,-31.3,381,48.1" /></mjloggm>