<mjloggm ver="2.3"><GO type="225" lobby="0"/><UN n0="%EF%BC%B3%E3%81%9E%E3%81%88%E2%98%86" n1="%E3%81%8B%E3%82%8F%E3%81%A1%E3%82%83%E3%82%93%35%38" n2="%77%72%77%72%77%72%77%72" n3="%E9%A2%A8%E3%81%A7%E9%B3%B4%E3%81%8F" dan="16,17,17,16" rate="2071.04,2215.07,2186.91,2106.69" sx="M,M,M,M"/><TAIKYOKU oya="0"/><INIT seed="0,0,0,1,3,33" ten="250,250,250,250" oya="0" hai0="100,13,131,35,118,93,5,29,71,40,50,22,98" hai1="37,105,124,2,3,39,1,122,64,123,116,31,56" hai2="87,134,48,125,67,12,30,99,82,69,73,89,90" hai3="44,111,77,36,117,83,59,51,103,15,17,76,42"/><T66/><D118/><U95/><E116/><V135/><F73/><W94/><G117/><T81/><D131/><U79/><E95/><N who="2" m="56815" /><F30/><W128/><G128/><T52/><D40/><U20/><E79/><V92/><F48/><W78/><G111/><T19/><D81/><U54/><E64/><V86/><F12/><W0/><G0/><T6/><D71/><U109/><E105/><V121/><F67/><W11/><G36/><T16/><D66/><U45/><E109/><V130/><F69/><W53/><G94/><T24/><REACH who="0" step="1"/><D19/><REACH who="0" ten="240,250,250,250" step="2"/><U133/><E123/><V34/><F130/><W110/><G110/><T63/><D63/><U8/><E122/><V25/><F121/><W4/><G17/><T10/><D10/><U101/><E8/><V38/><F38/><W96/><G83/><T127/><D127/><U74/><E124/><V9/><F9/><W70/><G70/><T84/><D84/><U126/><E74/><V68/><F68/><W119/><G119/><T49/><D49/><N who="1" m="30799" /><E126/><V47/><F125/><W32/><G96/><T26/><D26/><N who="1" m="16839" /><E39/><V18/><F18/><W112/><G112/><T43/><D43/><U129/><E129/><V21/><F82/><W46/><G42/><T106/><D106/><U23/><E37/><V14/><F86/><W104/><G104/><T85/><D85/><U75/><E75/><V88/><F87/><W108/><G108/><T120/><D120/><U115/><E115/><V91/><F92/><W97/><G97/><T132/><D132/><U7/><E133/><V113/><F135/><W107/><G107/><T28/><D28/><RYUUKYOKU ba="0,1" sc="240,30,250,-10,250,-10,250,-10" hai0="5,6,13,16,22,24,29,35,50,52,93,98,100" /><INIT seed="0,1,1,4,3,112" ten="270,240,240,240" oya="0" hai0="88,19,23,61,116,2,75,47,105,91,40,32,17" hai1="15,28,51,9,31,104,20,41,85,29,89,123,60" hai2="70,109,129,72,26,45,133,115,52,5,33,79,11" hai3="43,67,18,44,135,6,120,8,25,63,64,78,13"/><T57/><D32/><U87/><E104/><V90/><F115/><W99/><G135/><T84/><D75/><U100/><E123/><V110/><F133/><W21/><G120/><T0/><D105/><U80/><E100/><V108/><F129/><W83/><G99/><T113/><D116/><U37/><E37/><V98/><F70/><W134/><G63/><T73/><D73/><U119/><E119/><V94/><F72/><W16/><G134/><T96/><D96/><U77/><E60/><V14/><F79/><W101/><G101/><T111/><D19/><N who="1" m="8687" /><E51/><N who="2" m="28783" /><F26/><W49/><G18/><T117/><D91/><U55/><E55/><V1/><F33/><W68/><G68/><T92/><D113/><U53/><E53/><V58/><F58/><W3/><G3/><AGARI ba="1,1" hai="1,3,5,11,14,90,94,98,108,109,110" m="28783" machi="3" ten="30,2000,0" yaku="14,1,54,1" doraHai="112" who="2" fromWho="3" sc="270,0,240,0,240,33,240,-23" /><INIT seed="1,0,0,1,5,49" ten="270,240,273,217" oya="1" hai0="31,9,45,59,117,47,123,62,102,14,63,60,55" hai1="53,114,38,57,21,89,35,5,3,20,94,83,18" hai2="32,119,92,25,2,125,68,24,48,52,121,132,112" hai3="70,133,87,76,39,19,129,104,95,73,10,131,33"/><U103/><E35/><V128/><RYUUKYOKU type="yao9" ba="0,0" sc="270,0,240,0,273,0,217,0" hai2="2,24,25,32,48,52,68,92,112,119,121,125,128,132" /><INIT seed="1,1,0,4,2,132" ten="270,240,273,217" oya="1" hai0="104,134,86,100,24,113,127,36,68,0,64,98,78" hai1="38,37,116,75,53,125,89,62,45,119,60,48,111" hai2="74,108,71,30,46,128,102,55,73,29,70,103,3" hai3="76,44,77,67,56,26,124,117,16,9,12,34,4"/><U33/><E33/><V2/><F108/><W90/><G117/><N who="1" m="45130" /><E89/><V81/><F46/><W20/><G124/><T80/><D113/><U109/><E75/><V101/><F55/><W47/><G90/><T27/><D127/><U126/><E126/><V135/><F81/><W40/><G34/><T106/><D0/><N who="2" m="42" /><F128/><W50/><REACH who="3" step="1"/><G44/><REACH who="3" ten="270,240,273,207" step="2"/><T93/><D78/><U112/><E125/><V59/><F135/><W8/><G8/><T85/><D134/><U32/><E32/><V54/><F101/><W19/><G19/><T63/><D100/><U121/><E112/><V99/><F103/><W17/><G17/><T88/><D88/><U18/><E18/><V79/><F79/><W51/><G51/><T123/><D36/><N who="1" m="13931" /><E121/><V31/><F102/><W91/><G91/><T39/><D39/><U114/><E114/><V69/><F99/><W23/><G23/><T133/><D98/><U49/><E49/><V87/><F29/><W120/><G120/><T129/><D123/><U14/><E14/><V84/><F30/><W130/><G130/><T7/><D133/><U107/><E107/><V65/><F31/><W97/><G97/><T22/><D129/><U25/><E25/><V115/><F115/><W5/><G5/><T11/><D7/><U83/><E83/><V1/><F1/><W95/><G95/><T66/><D93/><U105/><E105/><V72/><F87/><N who="0" m="33290" /><D24/><U35/><E35/><V57/><F84/><W110/><G110/><AGARI ba="1,1" hai="45,48,53,60,62,109,110,111" m="13931,45130" machi="110" ten="40,12000,1" yaku="14,1,10,1,34,2" doraHai="132" who="1" fromWho="3" sc="270,0,240,133,273,0,207,-123" /><INIT seed="1,2,0,2,2,78" ten="270,373,273,84" oya="1" hai0="46,98,68,112,23,57,122,71,38,77,21,28,135" hai1="56,48,51,118,128,10,84,58,7,49,117,123,39" hai2="132,44,34,27,121,18,130,32,129,97,87,73,83" hai3="0,9,61,103,63,47,110,93,99,91,109,14,64"/><U20/><E123/><V96/><F121/><W105/><G0/><T127/><D112/><U80/><E39/><V94/><F73/><W76/><G47/><T33/><D122/><U95/><E128/><N who="2" m="49259" /><F132/><W29/><G29/><T106/><D23/><U133/><E133/><V35/><F44/><W72/><G63/><T82/><D21/><U124/><E124/><V125/><F125/><W116/><G116/><T62/><D57/><U101/><E20/><N who="2" m="13719" /><F94/><W107/><G107/><T36/><D135/><U45/><E45/><V5/><F5/><W89/><G89/><AGARI ba="2,0" hai="32,34,35,83,87,89,96,97" m="13719,49259" machi="89" ten="40,2600,0" yaku="19,1,52,1" doraHai="78" who="2" fromWho="3" sc="270,0,373,0,273,32,84,-32" /><INIT seed="2,0,0,3,4,4" ten="270,373,305,52" oya="2" hai0="53,60,64,97,73,129,54,12,116,42,98,70,125" hai1="75,3,90,81,52,55,27,21,32,80,57,68,40" hai2="72,108,107,19,61,67,76,103,5,99,14,29,69" hai3="131,78,7,15,1,121,101,48,123,24,114,45,66"/><V91/><F108/><W105/><G131/><T13/><D73/><U104/><E68/><V49/><F91/><W18/><G114/><T16/><D129/><U111/><E104/><V44/><F5/><W134/><G134/><T95/><D125/><U88/><E32/><V94/><F29/><W71/><G78/><T47/><D12/><U128/><E3/><V122/><F122/><W87/><G87/><T8/><D116/><U0/><E0/><V77/><F72/><W106/><G24/><T133/><D133/><U46/><E128/><V109/><F107/><W38/><G38/><T17/><D17/><U2/><E2/><V23/><REACH who="2" step="1"/><F109/><REACH who="2" ten="270,373,295,52" step="2"/><W51/><G105/><T59/><D70/><U83/><E75/><V124/><F124/><W135/><G106/><T96/><REACH who="0" step="1"/><D95/><REACH who="0" ten="260,373,295,52" step="2"/><U11/><E111/><V132/><F132/><W25/><G135/><T92/><D92/><U126/><E126/><V26/><F26/><W86/><G71/><T85/><D85/><U35/><E27/><V112/><F112/><W37/><G86/><T84/><D84/><U93/><E93/><V102/><F102/><W56/><G25/><T50/><AGARI ba="0,2" hai="8,13,16,42,47,50,53,54,59,60,64,96,97,98" machi="50" ten="30,8000,1" yaku="1,1,0,1,8,1,52,1,54,1,53,0" doraHai="4" doraHaiUra="34" who="0" fromWho="0" sc="260,100,373,-20,295,-40,52,-20" /><INIT seed="3,0,0,1,5,93" ten="360,353,255,32" oya="3" hai0="133,135,81,2,112,72,102,76,124,47,10,12,16" hai1="127,70,108,79,22,99,68,97,71,84,128,126,77" hai2="30,111,26,104,54,129,86,29,96,65,106,19,134" hai3="24,17,80,0,74,114,82,122,60,44,94,62,35"/><W67/><G114/><T61/><D112/><U57/><E108/><V31/><F111/><W66/><G0/><T103/><D124/><N who="1" m="47659" /><E128/><V21/><F129/><W63/><G122/><T109/><D109/><U49/><E22/><V55/><F134/><N who="0" m="51210" /><D61/><U1/><E1/><V118/><F65/><N who="3" m="24587" /><G74/><T87/><D72/><U9/><E9/><V42/><F42/><W83/><G35/><T115/><D115/><U58/><E84/><V95/><F86/><W132/><G132/><T131/><D131/><U117/><E117/><V116/><F106/><W53/><G94/><T50/><D2/><U51/><E51/><V69/><F104/><W13/><G24/><T33/><D33/><U41/><E57/><V89/><F69/><W37/><G37/><T110/><D110/><U4/><E4/><V120/><F120/><W107/><G107/><T73/><D73/><U5/><E5/><V121/><F121/><W52/><G44/><T100/><D102/><U36/><E36/><V7/><F118/><W20/><AGARI ba="0,0" hai="13,17,20,52,53,60,62,63,80,82,83" m="24587" machi="20" ten="40,3900,0" yaku="8,1,54,1" doraHai="93" who="3" fromWho="3" sc="360,-13,353,-13,255,-13,32,39" /><INIT seed="3,1,0,4,0,87" ten="347,340,242,71" oya="3" hai0="27,89,72,65,83,77,57,41,69,11,25,46,9" hai1="48,103,108,63,18,13,120,38,51,40,14,0,47" hai2="58,59,93,123,35,34,70,107,122,125,132,28,6" hai3="62,102,84,76,117,26,3,79,90,104,30,32,126"/><W131/><G117/><T106/><D69/><U68/><E120/><N who="2" m="46123" /><F125/><W20/><G3/><T64/><D106/><U100/><E0/><V105/><F132/><W43/><G126/><T19/><D89/><U49/><E108/><V7/><F28/><W129/><G32/><N who="2" m="12329" /><F93/><N who="3" m="54471" /><G43/><T29/><D29/><U17/><E68/><V21/><F21/><W128/><G62/><T97/><D97/><AGARI ba="1,0" hai="20,26,30,76,79,97,102,104,128,129,131" m="54471" machi="97" ten="30,2900,0" yaku="19,1,52,1" doraHai="87" who="3" fromWho="0" sc="347,-32,340,0,242,0,71,32" /><INIT seed="3,2,0,4,1,79" ten="315,340,242,103" oya="3" hai0="23,20,40,55,94,65,58,24,9,25,37,64,135" hai1="127,104,62,108,10,52,38,74,123,76,106,68,46" hai2="128,3,126,75,116,125,110,14,36,49,71,93,8" hai3="32,19,51,1,66,119,70,112,30,28,54,73,16"/><W22/><G73/><T101/><D135/><U57/><E123/><V117/><F75/><W83/><G1/><T43/><D37/><U27/><E76/><V102/><F36/><W97/><G112/><T134/><D134/><U72/><E106/><V17/><F71/><W91/><G119/><T60/><D9/><U47/><E104/><V42/><F110/><W18/><G32/><T103/><D103/><U82/><E82/><V107/><F107/><W2/><G2/><T77/><D77/><U120/><E47/><N who="2" m="25847" /><F3/><W85/><G97/><N who="0" m="59575" /><D55/><U80/><E10/><V89/><F102/><W129/><G129/><T61/><D61/><U114/><E62/><V86/><F128/><W96/><G96/><T111/><D65/><U39/><E52/><V48/><F48/><W0/><G0/><T99/><D99/><U31/><E39/><V56/><F56/><N who="3" m="32863" /><G70/><T122/><D111/><U88/><E68/><V21/><F21/><W132/><G132/><T95/><D95/><U115/><E108/><V130/><F130/><W34/><G34/><T44/><D44/><U29/><E115/><V124/><AGARI ba="2,0" hai="8,14,17,86,89,93,116,117,124,125,126" m="25847" machi="124" ten="30,1100,0" yaku="18,1" doraHai="79" who="2" fromWho="2" sc="315,-5,340,-5,242,17,103,-7" owari="310,11.0,335,43.5,259,-14.1,96,-40.4" /></mjloggm>