<mjloggm ver="2.3"><GO type="225" lobby="0"/><UN n0="%4D%6F%6E%61%6E%61" n1="%E3%81%A4%E3%81%A3%E3%81%B1%E3%82%8A%E3%83%9D%E3%83%BC%E3%83%AB" n2="%6D%75%75%73%61%6E%6D%75" n3="%E6%98%93%E5%88%A9%E8%96%A9%E4%BC%AF" dan="16,17,16,16" rate="2072.37,2232.73,2138.71,2077.80" sx="F,M,F,F"/><TAIKYOKU oya="0"/><INIT seed="0,0,0,4,3,27" ten="250,250,250,250" oya="0" hai0="99,22,96,80,86,33,90,91,109,124,10,129,53" hai1="0,93,13,70,98,65,122,26,102,48,100,49,57" hai2="3,79,24,52,126,87,16,78,103,1,51,118,45" hai3="123,30,125,108,131,113,14,44,67,77,63,60,35"/><T111/><D124/><U54/><E122/><V132/><F126/><W97/><G113/><T95/><D129/><U61/><E0/><V75/><F132/><W43/><G125/><T66/><D66/><U5/><E100/><V37/><F118/><W36/><G123/><T64/><D64/><U39/><E39/><V9/><F75/><W107/><G108/><N who="0" m="41547" /><D33/><U130/><E130/><V23/><F37/><W112/><G77/><N who="2" m="29193" /><F3/><W76/><G76/><N who="0" m="46343" /><D10/><U135/><E135/><V72/><F72/><W68/><G63/><T94/><D22/><U2/><E2/><V7/><F1/><W15/><G131/><T73/><D53/><U56/><E70/><V32/><F32/><W116/><G116/><T29/><D29/><U115/><E115/><V134/><F134/><W92/><G112/><T18/><D18/><U58/><E65/><V42/><F9/><W11/><G11/><T89/><D73/><U133/><E133/><V6/><F42/><W71/><G71/><T84/><D84/><U101/><E5/><N who="2" m="1547" /><F87/><W41/><G41/><T106/><D106/><U50/><E54/><V31/><F31/><W62/><G107/><T34/><D34/><U69/><E69/><V117/><F117/><W85/><G85/><T81/><D81/><U110/><E110/><V46/><F46/><W17/><G30/><T128/><D128/><U74/><E74/><V47/><F47/><W114/><G35/><T21/><D21/><U59/><E59/><V8/><F8/><N who="3" m="6343" /><G114/><T12/><D12/><U127/><E127/><V4/><N who="2" m="1555" /><V120/><DORA hai="19" /><F120/><W105/><G68/><RYUUKYOKU ba="0,0" sc="250,15,250,-15,250,15,250,-15" hai0="89,90,91,94,95,96,99" hai2="16,23,24,45,51,52,103" /><INIT seed="0,1,0,1,4,76" ten="265,235,265,235" oya="0" hai0="34,130,8,78,23,38,132,16,4,67,24,40,84" hai1="128,5,32,122,26,54,131,14,21,9,58,110,75" hai2="44,1,133,121,97,118,52,29,116,107,45,100,108" hai3="7,115,113,37,69,62,64,19,43,22,31,79,92"/><T127/><D130/><N who="1" m="49707" /><E75/><V120/><F1/><W20/><G7/><T98/><D132/><U86/><E122/><V51/><F133/><W119/><G119/><N who="2" m="45609" /><F108/><W59/><G31/><T63/><D127/><U42/><E110/><V13/><F29/><W104/><G104/><T2/><D34/><U27/><E42/><V114/><F114/><W6/><G6/><T124/><D124/><U3/><E32/><V89/><F13/><W88/><G69/><T68/><D98/><U71/><E71/><V83/><F45/><W41/><G79/><T12/><D40/><U126/><E126/><V60/><F60/><W82/><G22/><T102/><D102/><U125/><E125/><V117/><N who="2" m="45617" /><V48/><DORA hai="74" /><F48/><W0/><G0/><T65/><D38/><U87/><E3/><V49/><F49/><W90/><G37/><T28/><D67/><U39/><E39/><V105/><F105/><W111/><G115/><T55/><D55/><U135/><E135/><V134/><F134/><W10/><G113/><T109/><D109/><U50/><E27/><V101/><F101/><W53/><G64/><T66/><D65/><U81/><E81/><V18/><F18/><AGARI ba="1,0" hai="5,9,14,18,21,26,50,54,58,86,87" m="49707" machi="18" ten="30,1000,0" yaku="19,1" doraHai="76,74" who="1" fromWho="2" sc="265,0,235,13,265,-13,235,0" /><INIT seed="1,0,0,4,4,41" ten="265,248,252,235" oya="1" hai0="113,71,133,35,75,122,74,135,92,17,44,110,34" hai1="27,6,119,42,101,68,125,28,11,37,32,48,72" hai2="60,22,79,1,66,54,78,19,64,43,55,40,98" hai3="84,96,83,65,61,124,33,97,52,14,105,23,99"/><U73/><E119/><V50/><F1/><W107/><G33/><T47/><D113/><U130/><E130/><V56/><F98/><W12/><G124/><T58/><D122/><U69/><E125/><V3/><F3/><W116/><G116/><T91/><D71/><N who="1" m="27211" /><E48/><V20/><F43/><W39/><G39/><T57/><D110/><U128/><E101/><V0/><F40/><W106/><G65/><T13/><D92/><U9/><E9/><V117/><F0/><W109/><G109/><T111/><D111/><U114/><E114/><V59/><F117/><W123/><G23/><T77/><D91/><U89/><E89/><V80/><F22/><W82/><G123/><T134/><D77/><U46/><E128/><V76/><REACH who="2" step="1"/><F80/><REACH who="2" ten="265,248,242,235" step="2"/><W87/><G83/><T2/><D2/><AGARI ba="0,1" hai="2,6,11,27,28,32,37,42,46,72,73" m="27211" machi="2" ten="30,5800,0" yaku="33,2,52,1" doraHai="41" who="1" fromWho="0" sc="265,-58,248,68,242,0,235,0" /><INIT seed="1,1,0,5,3,121" ten="207,316,242,235" oya="1" hai0="32,108,131,62,34,67,86,105,127,9,64,13,50" hai1="102,49,4,8,114,75,89,33,130,119,126,70,59" hai2="73,42,40,133,110,5,25,66,109,19,132,124,54" hai3="16,45,84,6,10,101,125,85,76,11,128,60,15"/><U47/><E114/><V44/><F73/><W99/><G125/><T123/><D127/><U39/><E70/><V117/><F124/><W69/><G128/><T31/><D123/><U98/><E33/><V115/><F117/><W43/><G76/><T57/><D131/><U53/><E126/><V22/><F115/><W107/><G60/><T65/><D105/><U111/><E130/><V38/><F66/><W112/><G69/><T55/><D32/><U134/><E75/><V0/><F42/><W63/><G63/><T94/><D34/><U61/><E89/><V1/><F54/><W48/><REACH who="3" step="1"/><G112/><REACH who="3" ten="207,316,242,225" step="2"/><T97/><D86/><U103/><E61/><V95/><F95/><W37/><G37/><T30/><D62/><U26/><E39/><V3/><REACH who="2" step="1"/><F5/><REACH who="2" ten="207,316,232,225" step="2"/><W72/><G72/><T23/><D67/><U41/><E4/><V135/><AGARI ba="1,2" hai="0,1,3,19,22,25,38,40,44,109,110,132,133,135" machi="135" ten="40,12000,2" yaku="1,1,2,1,0,1,20,1,52,2,53,0" doraHai="121" doraHaiUra="87" who="2" fromWho="2" sc="207,-31,316,-61,232,143,225,-31" /><INIT seed="2,0,0,3,0,12" ten="176,255,375,194" oya="2" hai0="108,105,26,22,30,45,27,4,115,44,77,129,38" hai1="35,88,119,34,103,19,99,2,121,57,110,3,118" hai2="21,132,9,114,102,135,48,107,58,63,122,53,101" hai3="89,14,37,1,28,0,82,32,20,86,98,106,120"/><V134/><F114/><W109/><G120/><T36/><D108/><U70/><E70/><V81/><F122/><W7/><G37/><T117/><D115/><U93/><E121/><V125/><F125/><W116/><G116/><T75/><D105/><U71/><E71/><V65/><F107/><W29/><G32/><T15/><D129/><U6/><E110/><V46/><F9/><W84/><G109/><T62/><D117/><U97/><E6/><V74/><F21/><W8/><G1/><T100/><D100/><U18/><E57/><V67/><F67/><W61/><G61/><T16/><D62/><U85/><E85/><V127/><F127/><W95/><G86/><T51/><D44/><U42/><E93/><V40/><F65/><W52/><G106/><T68/><D68/><U112/><E112/><V64/><F64/><W73/><G73/><T111/><D111/><U128/><E103/><V87/><F74/><W56/><G20/><T47/><D47/><U66/><E66/><V41/><F40/><W25/><G25/><T104/><D104/><U11/><E42/><V80/><F80/><W60/><REACH who="3" step="1"/><G0/><REACH who="3" ten="176,255,375,184" step="2"/><T10/><D75/><U113/><E113/><V55/><F63/><W131/><G131/><T39/><D39/><U17/><E128/><V33/><F33/><N who="1" m="12297" /><E2/><V79/><F87/><W130/><G130/><T59/><D38/><U94/><E99/><V43/><F48/><W31/><G31/><T96/><D36/><U5/><E119/><V54/><F132/><W91/><AGARI ba="0,1" hai="7,8,14,28,29,52,56,60,82,84,89,91,95,98" machi="91" ten="20,12000,2" yaku="1,1,0,1,7,1,8,1,54,1,53,2" doraHai="12" doraHaiUra="24" who="3" fromWho="3" sc="176,-30,255,-30,375,-60,184,130" /><INIT seed="3,0,0,2,2,18" ten="146,225,315,314" oya="3" hai0="113,47,96,2,12,116,7,77,128,105,102,68,16" hai1="57,22,76,37,91,8,104,0,50,92,39,21,38" hai2="94,62,28,133,59,13,42,124,93,101,9,44,45" hai3="106,31,117,10,3,56,97,67,52,33,41,85,14"/><W19/><G117/><T15/><D116/><U71/><E71/><V60/><F124/><W40/><G3/><T103/><D128/><U100/><E76/><V4/><F133/><W99/><G67/><T127/><D127/><U43/><E100/><V83/><F101/><W24/><G106/><T123/><D123/><U63/><E104/><V23/><F83/><W82/><G41/><T6/><D113/><U17/><E50/><N who="2" m="26903" /><F45/><W53/><G40/><T65/><D102/><U48/><E48/><V51/><F51/><W5/><G5/><T120/><D120/><U109/><E109/><V111/><F111/><W130/><G130/><T34/><D34/><U75/><E75/><V98/><F98/><W125/><G125/><T122/><D122/><U114/><E43/><V64/><F62/><W66/><G66/><T46/><D77/><U70/><E70/><V26/><AGARI ba="0,0" hai="4,9,13,23,26,28,59,60,64,93,94" m="26903" machi="26" ten="30,2000,0" yaku="8,1,52,1" doraHai="18" who="2" fromWho="2" sc="146,-5,225,-5,315,20,314,-10" owari="141,-35.9,220,-18.0,335,43.5,304,10.4" /></mjloggm>