<mjloggm ver="2.3"><GO type="225" lobby="0"/><UN n0="%72%69%6F%75%63%68%61%6E" n1="%E3%82%B3%E3%83%90%E3%83%AC%E3%82%A4" n2="%E3%80%93%E3%81%97%E3%83%BC%E3%82%89%E3%80%93" n3="%E3%81%A4%E3%81%A3%E3%81%B1%E3%82%8A%E3%83%9D%E3%83%BC%E3%83%AB" dan="16,16,16,17" rate="2151.91,2113.41,2179.74,2230.74" sx="M,M,M,M"/><TAIKYOKU oya="0"/><INIT seed="0,0,0,5,5,65" ten="250,250,250,250" oya="0" hai0="57,116,28,81,104,122,37,78,60,55,63,69,75" hai1="107,72,59,127,35,68,128,47,108,19,87,8,22" hai2="84,36,13,7,17,49,110,0,2,42,98,117,133" hai3="100,111,115,89,76,45,130,74,123,135,129,58,125"/><T25/><D116/><U62/><E72/><V31/><F36/><W46/><G115/><T32/><D37/><U83/><E35/><V94/><F117/><W53/><G111/><T106/><REACH who="0" step="1"/><D122/><REACH who="0" ten="240,250,250,250" step="2"/><U41/><E108/><V56/><F110/><W119/><G119/><T92/><D92/><U44/><E107/><V64/><F94/><W1/><G123/><T102/><D102/><U126/><E127/><V109/><F109/><W24/><G100/><T97/><D97/><U20/><E126/><V132/><F98/><W85/><G125/><T121/><D121/><U21/><E128/><V30/><F132/><W91/><G135/><T34/><D34/><U124/><E124/><V14/><F133/><W5/><G130/><T23/><D23/><U67/><E20/><V52/><F0/><W26/><G1/><T27/><D27/><U70/><E21/><V38/><F2/><W113/><G26/><T43/><D43/><U86/><E8/><V6/><F42/><W80/><G24/><T101/><D101/><U10/><E10/><V112/><F38/><W95/><G129/><T93/><D93/><U11/><E11/><V96/><F96/><W9/><G113/><T40/><D40/><U66/><E41/><V16/><F112/><W18/><G95/><T105/><D105/><U51/><E22/><V48/><F30/><W134/><G134/><T79/><D79/><U3/><E3/><V54/><F31/><W73/><G76/><T12/><D12/><U120/><E83/><V82/><F14/><W99/><G80/><T61/><D61/><U71/><E120/><RYUUKYOKU ba="0,1" sc="240,30,250,-10,250,-10,250,-10" hai0="25,28,32,55,57,60,63,69,75,78,81,104,106" /><INIT seed="0,1,1,5,4,82" ten="270,240,240,240" oya="0" hai0="35,66,73,106,111,129,87,68,103,96,75,110,18" hai1="53,27,104,2,51,93,117,122,113,69,61,6,88" hai2="11,126,33,63,50,85,31,57,90,4,127,62,121" hai3="119,100,47,45,60,123,56,14,65,67,118,134,48"/><T130/><D35/><U29/><E104/><V98/><F121/><W58/><G100/><T34/><D34/><U22/><E117/><N who="3" m="44554" /><G14/><T43/><D43/><U54/><E122/><V70/><F98/><W108/><G123/><T80/><D66/><N who="3" m="25097" /><G108/><N who="0" m="41515" /><D68/><U55/><E113/><V76/><F70/><W71/><G134/><T52/><D52/><U114/><E114/><V13/><F76/><W46/><G71/><T39/><D39/><U19/><E69/><V115/><F115/><W3/><G3/><T105/><D105/><U99/><E61/><V17/><F31/><W81/><G81/><T5/><D5/><U26/><E6/><V7/><F33/><W95/><G95/><T25/><D18/><U64/><E64/><V102/><F7/><W23/><G23/><T107/><D107/><U1/><E2/><V135/><F4/><W124/><G124/><T97/><D96/><U72/><E1/><V78/><F127/><W30/><G30/><T37/><D37/><U12/><E26/><V15/><F126/><W49/><G60/><T40/><D25/><U59/><E29/><V38/><F63/><W21/><G21/><T94/><D94/><U112/><E112/><V86/><F62/><W120/><G120/><T92/><D92/><U131/><E27/><V24/><F24/><W32/><G32/><T44/><D73/><U0/><E72/><V8/><F17/><W42/><G42/><T74/><D75/><U41/><E0/><V20/><F20/><W116/><N who="3" m="44562" /><W109/><DORA hai="89" /><G109/><T77/><D74/><U91/><E41/><V16/><F16/><RYUUKYOKU ba="1,1" sc="270,15,240,-15,240,-15,240,15" hai0="40,44,77,80,87,97,103,106,129,130" hai3="45,46,47,48,49,56,58" /><INIT seed="0,2,1,0,1,43" ten="285,225,225,255" oya="0" hai0="119,132,8,66,30,80,11,88,41,134,15,106,67" hai1="63,76,130,81,45,89,44,90,16,60,27,72,13" hai2="39,26,94,127,34,42,5,52,38,118,102,17,47" hai3="6,58,62,32,110,108,79,126,56,64,82,84,14"/><T19/><D119/><U65/><E63/><V100/><F118/><W49/><G126/><T131/><D106/><U57/><E130/><V125/><F39/><W71/><G32/><T61/><D131/><U114/><E114/><V123/><F123/><W120/><G120/><T10/><D30/><U107/><E107/><V98/><F5/><W104/><G104/><T20/><D41/><U25/><E25/><V73/><F73/><W37/><G37/><T9/><N who="0" m="2048" /><DORA hai="129" /><T96/><D80/><U111/><E111/><N who="3" m="42538" /><G14/><T91/><D66/><U29/><E90/><V115/><F115/><W85/><G6/><T112/><D112/><U92/><E13/><V78/><F78/><W28/><G28/><T51/><D51/><U21/><REACH who="1" step="1"/><E29/><REACH who="1" ten="285,215,225,255" step="2"/><V69/><F26/><W103/><G103/><T3/><D3/><U87/><AGARI ba="2,2" hai="16,21,27,44,45,57,60,65,72,76,81,87,89,92" machi="87" ten="20,12000,2" yaku="1,1,2,1,0,1,7,1,52,2,54,1,53,0" doraHai="43,129" doraHaiUra="122,97" who="1" fromWho="1" sc="285,-62,215,146,225,-32,255,-32" /><INIT seed="1,0,0,1,4,50" ten="223,361,193,223" oya="1" hai0="74,94,24,63,7,93,130,122,67,135,110,49,72" hai1="5,20,2,79,134,84,12,60,73,28,132,25,4" hai2="76,29,90,17,71,58,95,6,103,21,56,15,82" hai3="125,40,86,118,23,120,59,80,121,85,65,109,39"/><U114/><E73/><V44/><F71/><W133/><G109/><T43/><D110/><U14/><E79/><V16/><F103/><W26/><G133/><N who="1" m="51306" /><E84/><N who="2" m="48199" /><F29/><W0/><G0/><T124/><D135/><U42/><E42/><V37/><F37/><W55/><G125/><T52/><D43/><U8/><E60/><V112/><F112/><W81/><G65/><T18/><D124/><U3/><E114/><V102/><F6/><N who="1" m="2665" /><E8/><N who="2" m="6247" /><F44/><W89/><G118/><T69/><D130/><U92/><E2/><V117/><F102/><W116/><G116/><T106/><D122/><U115/><E115/><V53/><F53/><W75/><G75/><T30/><D106/><U54/><E54/><V27/><F117/><W61/><G39/><T70/><D70/><U47/><E47/><V131/><F131/><W100/><G100/><T62/><D7/><U10/><E10/><V87/><AGARI ba="0,0" hai="17,21,27,56,58,87,90,95" m="6247,48199" machi="87" ten="30,2000,0" yaku="8,1,54,1" doraHai="50" who="2" fromWho="2" sc="223,-5,361,-10,193,20,223,-5" /><INIT seed="2,0,0,0,4,94" ten="218,351,213,218" oya="2" hai0="57,72,42,101,21,80,14,112,64,5,4,48,39" hai1="73,93,8,34,117,91,79,84,6,37,125,36,96" hai2="75,11,47,45,61,3,17,103,92,89,26,114,29" hai3="87,109,99,81,71,69,24,128,51,55,118,13,62"/><V46/><F75/><W30/><G118/><T52/><D112/><U43/><E34/><V44/><F114/><W111/><G128/><T78/><D101/><U123/><E123/><V131/><F131/><W40/><G40/><T82/><D82/><U58/><E117/><V19/><F103/><W22/><G13/><T120/><D120/><U107/><E43/><V116/><F116/><W88/><G99/><T121/><D121/><U129/><E58/><V127/><F127/><W15/><G15/><T132/><D132/><U77/><E129/><V49/><F61/><W50/><G50/><T59/><D21/><U110/><E79/><V98/><F11/><W76/><G76/><T70/><D59/><U113/><E110/><N who="3" m="41994" /><G62/><N who="0" m="40215" /><D14/><U27/><E27/><V115/><F3/><W9/><G9/><T20/><D20/><U16/><E37/><V41/><REACH who="2" step="1"/><F115/><REACH who="2" ten="218,351,203,218" step="2"/><W134/><G134/><T53/><D53/><U18/><E113/><V102/><F102/><W56/><AGARI ba="0,1" hai="22,24,30,51,55,56,69,71,81,87,88" m="41994" machi="56" ten="30,2000,0" yaku="14,1,54,1" doraHai="94" who="3" fromWho="3" sc="218,-5,351,-5,203,-10,218,30" /><INIT seed="3,0,0,5,5,4" ten="213,346,193,248" oya="3" hai0="23,118,64,96,97,83,65,19,42,100,73,9,71" hai1="132,109,15,124,92,111,17,45,98,89,78,133,47" hai2="107,8,91,10,21,60,30,117,68,108,115,81,22" hai3="36,85,3,59,134,14,76,86,38,116,12,79,37"/><W1/><G59/><T128/><D118/><U104/><E78/><N who="3" m="29738" /><G116/><T40/><D128/><U121/><E104/><V103/><F117/><W77/><G77/><T55/><D73/><U94/><E92/><V52/><F115/><W26/><G26/><T35/><D35/><U110/><E121/><V131/><F131/><W112/><G112/><T74/><D83/><U25/><E25/><N who="2" m="16687" /><F68/><W82/><G82/><T88/><D74/><U51/><E124/><V58/><F107/><W13/><G134/><N who="1" m="51818" /><E51/><V129/><F129/><W5/><G5/><T63/><D65/><U90/><E90/><V29/><F103/><W114/><G114/><T24/><D55/><U33/><E33/><V7/><F7/><W127/><G127/><T31/><D88/><U46/><E46/><V87/><F108/><W54/><G54/><T34/><D97/><U62/><E62/><V106/><F106/><W120/><G120/><T101/><D101/><U123/><E123/><V95/><F81/><W99/><G99/><T122/><D122/><U48/><E48/><V66/><F66/><W50/><G50/><T16/><D34/><U6/><E6/><V70/><F70/><W130/><G130/><T93/><REACH who="0" step="1"/><D31/><REACH who="0" ten="203,346,193,248" step="2"/><U49/><E111/><V56/><F56/><W61/><G86/><T125/><D125/><U18/><E110/><V80/><F80/><W11/><G85/><T44/><D44/><N who="1" m="16971" /><E109/><V105/><F105/><W75/><G75/><T84/><D84/><U32/><E98/><V20/><F29/><W135/><G135/><T43/><D43/><U27/><E32/><V39/><F39/><RYUUKYOKU ba="0,1" sc="203,15,346,-15,193,15,248,-15" hai0="9,16,19,23,24,40,42,63,64,71,93,96,100" hai2="8,10,20,22,52,58,60,87,91,95" owari="218,-18.2,341,44.1,208,-29.2,233,3.3" /></mjloggm>