<mjloggm ver="2.3"><GO type="225" lobby="0"/><UN n0="%E3%81%8F%E3%82%8A%E3%83%94%E3%83%BC" n1="%6D%75%75%6D%75%72%61" n2="%E3%81%A1%E3%82%85%E3%81%86%E3%81%A9%E3%81%8F%E8%B1%A1%E3%81%95%E3%82%93" n3="%E3%83%B4%E3%83%A0%EF%BC%99%E3%81%A6" dan="16,16,17,17" rate="2096.93,2099.29,2159.30,2174.41" sx="M,F,M,M"/><TAIKYOKU oya="0"/><INIT seed="0,0,0,5,5,19" ten="250,250,250,250" oya="0" hai0="1,86,72,105,60,79,95,70,52,9,50,97,98" hai1="133,80,90,124,125,108,16,126,48,101,4,107,32" hai2="58,14,76,40,78,77,38,55,88,132,59,6,94" hai3="34,8,57,65,106,87,27,73,67,118,46,47,135"/><T114/><D114/><U93/><E32/><V64/><F132/><W100/><G73/><T82/><D105/><U102/><E133/><V2/><F2/><W75/><G75/><T0/><D72/><U71/><E71/><V17/><F6/><W20/><G118/><T74/><D74/><U18/><E108/><V91/><F64/><W130/><G34/><T117/><D117/><U23/><E107/><V21/><F91/><W129/><G135/><T111/><D98/><N who="1" m="57655" /><E4/><V29/><F29/><W10/><G87/><T28/><D111/><U103/><E48/><V69/><F69/><W89/><G89/><T54/><D9/><U128/><E128/><V15/><F38/><W35/><G35/><T81/><D81/><U109/><E109/><V68/><F68/><W22/><G106/><T63/><D28/><U131/><E131/><V121/><F121/><W83/><G83/><T41/><D41/><U36/><E36/><V99/><F40/><W62/><G62/><N who="0" m="23595" /><D70/><U61/><E61/><N who="2" m="36063" /><F59/><W122/><G57/><N who="0" m="32919" /><D54/><U45/><E45/><V24/><AGARI ba="0,0" hai="14,15,17,21,24,76,77,78,88,94,99" m="36063" machi="24" ten="30,7900,0" yaku="25,1,8,1,52,1,54,1" doraHai="19" who="2" fromWho="2" sc="250,-39,250,-20,250,79,250,-20" /><INIT seed="1,0,0,5,1,100" ten="211,230,329,230" oya="1" hai0="10,85,113,29,131,4,15,43,24,13,8,84,103" hai1="128,34,92,71,63,49,132,125,0,89,12,87,25" hai2="58,118,115,119,36,82,69,30,7,104,90,11,37" hai3="20,110,72,123,40,53,74,81,91,77,9,17,135"/><U73/><E0/><V109/><F69/><W47/><G123/><T44/><D131/><U3/><E3/><V75/><F30/><W122/><G122/><T80/><D103/><U14/><E128/><V111/><F104/><W6/><G110/><N who="2" m="41993" /><F58/><W5/><G135/><T38/><D113/><U32/><E132/><V22/><F22/><W60/><G72/><T102/><D102/><U95/><E125/><V51/><F51/><W41/><G5/><T27/><D29/><U112/><E112/><V117/><F115/><W45/><G45/><T70/><D85/><U1/><E1/><N who="2" m="495" /><F90/><W130/><G130/><T55/><D55/><U68/><E73/><V57/><F57/><W76/><G91/><T121/><D70/><U23/><E49/><V50/><F50/><W54/><G47/><T28/><D28/><U46/><E46/><V66/><F66/><W78/><G9/><T127/><D127/><U42/><E42/><V16/><F16/><W52/><G6/><T133/><D133/><U61/><E89/><V101/><F101/><W129/><G129/><T94/><D121/><U86/><REACH who="1" step="1"/><E23/><REACH who="1" ten="211,220,329,230" step="2"/><V67/><F36/><W35/><G40/><T124/><D124/><U116/><E116/><V107/><F37/><W31/><G41/><T18/><D80/><U19/><E19/><V98/><F82/><W56/><G81/><T64/><D64/><U97/><E97/><V114/><F75/><W21/><G74/><T65/><D65/><U33/><E33/><V134/><F67/><N who="3" m="39303" /><G17/><T99/><D99/><U88/><E88/><V62/><F114/><W79/><G79/><RYUUKYOKU ba="0,1" sc="211,10,220,10,329,-30,230,10" hai0="4,8,10,13,15,18,24,27,38,43,44,84,94" hai1="12,14,25,32,34,61,63,68,71,86,87,92,95" hai3="20,21,31,35,52,53,54,76,77,78" /><INIT seed="1,1,1,2,1,40" ten="221,230,299,240" oya="1" hai0="110,0,85,93,23,1,26,130,77,116,108,48,64" hai1="46,25,44,100,6,92,51,114,90,86,20,121,119" hai2="21,83,33,94,19,54,80,78,53,50,56,98,118" hai3="96,68,129,7,135,39,4,65,126,124,127,71,95"/><U72/><E114/><V42/><F118/><W103/><G39/><T132/><D116/><U60/><E119/><V24/><F33/><W79/><G135/><T97/><D132/><U115/><E115/><V9/><F42/><W123/><G123/><T17/><D64/><U134/><E121/><V117/><F117/><W111/><G111/><N who="0" m="42539" /><D130/><U3/><E134/><V122/><F122/><W76/><G129/><T47/><D85/><U52/><E72/><V22/><F78/><N who="3" m="29739" /><G65/><T75/><D77/><U36/><E3/><V49/><F9/><W107/><G107/><T30/><D30/><N who="1" m="17703" /><E36/><V66/><F22/><W128/><G128/><T67/><D67/><U82/><E60/><V112/><F66/><W34/><G34/><T58/><D58/><N who="1" m="33055" /><E6/><AGARI ba="1,1" hai="4,6,7,68,71,95,96,103,124,126,127" m="29739" machi="6" ten="40,1300,0" yaku="18,1" doraHai="40" who="3" fromWho="1" sc="221,0,230,-16,299,0,240,26" /><INIT seed="2,0,0,2,2,93" ten="221,214,299,266" oya="2" hai0="38,74,40,124,16,84,52,0,39,100,106,129,111" hai1="34,54,134,26,7,95,98,125,78,97,35,118,110" hai2="4,117,113,56,123,19,62,8,3,89,30,119,67" hai3="59,104,88,22,11,23,96,61,50,12,28,68,72"/><V65/><F123/><W36/><G36/><T81/><D0/><U20/><E118/><V2/><F113/><W127/><G72/><T102/><D74/><U82/><E110/><V77/><F2/><W29/><G68/><T13/><D111/><U41/><E125/><V109/><F109/><W99/><G104/><T37/><D124/><U103/><E134/><V126/><F126/><W57/><G127/><T47/><D129/><U132/><E132/><V27/><F77/><W6/><G50/><T112/><D112/><U120/><E120/><V42/><F42/><W48/><G48/><T83/><D83/><U32/><E41/><V79/><F79/><W14/><G57/><T24/><D24/><U49/><E7/><V122/><F122/><W71/><G71/><T70/><D70/><U90/><E78/><V75/><F75/><W101/><G101/><T86/><D86/><U121/><E121/><V31/><F67/><W64/><G12/><T58/><D106/><U18/><E82/><V25/><F89/><W91/><G91/><N who="0" m="51599" /><D40/><U108/><E108/><V76/><F76/><W135/><G135/><T73/><D73/><U114/><E114/><V15/><F27/><N who="3" m="16503" /><G88/><T10/><D58/><U105/><E34/><V80/><F80/><W116/><G116/><N who="2" m="44617" /><F25/><AGARI ba="0,0" hai="6,11,14,23,25,29,59,61,64,96,99" m="16503" machi="25" ten="30,3900,0" yaku="8,1,52,2" doraHai="93" who="3" fromWho="2" sc="221,0,214,0,299,-39,266,39" /><INIT seed="3,0,0,4,5,83" ten="221,214,260,305" oya="3" hai0="99,92,30,84,113,7,123,29,57,8,130,51,101" hai1="19,52,125,81,114,134,54,132,47,78,109,28,94" hai2="1,75,68,100,6,105,111,21,77,9,127,45,117" hai3="85,98,37,33,31,90,133,135,119,49,108,118,40"/><W26/><G37/><T112/><D123/><U128/><E114/><N who="0" m="44137" /><D130/><U38/><E128/><V124/><F21/><W11/><G98/><T3/><D84/><N who="1" m="48183" /><E109/><V18/><F117/><W23/><G33/><T22/><D22/><U82/><E125/><N who="2" m="48203" /><F18/><W95/><G108/><T36/><D36/><U76/><E28/><N who="0" m="10857" /><D57/><U131/><E131/><V24/><F24/><W122/><G11/><T59/><D59/><U89/><E19/><V62/><F45/><N who="3" m="25767" /><G122/><T60/><D51/><U15/><E15/><V32/><F32/><W74/><G74/><T48/><D48/><U102/><E38/><V17/><F17/><W116/><G116/><T88/><D60/><U71/><E71/><V110/><F100/><AGARI ba="0,0" hai="3,7,8,88,92,99,100,101" m="10857,44137" machi="100" ten="30,2000,0" yaku="11,1,54,1" doraHai="83" who="0" fromWho="2" sc="221,20,214,0,260,-20,305,0" owari="241,4.1,214,-28.6,240,-16.0,305,40.5" /></mjloggm>