<mjloggm ver="2.3"><GO type="225" lobby="0"/><UN n0="%E3%82%BC%E3%83%AB%E3%83%80%E3%81%AE%E4%BC%9D%E8%AA%AC" n1="%E6%B8%A9%E2%98%85%E6%83%85%E2%98%85%E6%8E%AA%E2%98%85%E7%BD%AE" n2="%E3%83%A9%E3%82%B9%E7%8E%87%EF%BC%93%E5%89%B2" n3="%E7%89%B9%E6%9D%B1%E3%81%AF%E4%B8%96%E7%95%8C%E3%82%92%E6%95%91%E3%81%86" dan="17,17,16,16" rate="2172.06,2151.60,2165.93,2131.26" sx="M,M,F,M"/><TAIKYOKU oya="0"/><INIT seed="0,0,0,3,3,53" ten="250,250,250,250" oya="0" hai0="97,13,27,96,35,114,10,112,33,64,0,70,119" hai1="2,5,49,11,106,78,91,47,118,121,115,19,41" hai2="122,14,7,24,82,72,90,38,99,16,34,98,50" hai3="58,66,76,101,67,125,36,15,31,73,117,32,95"/><T109/><D119/><U30/><E121/><V62/><F38/><W68/><G36/><T134/><D70/><U60/><E118/><V111/><F122/><W110/><G68/><T135/><D64/><U88/><E115/><N who="0" m="44073" /><D96/><U45/><E106/><V107/><F111/><W105/><G67/><T17/><D97/><U25/><E78/><V92/><F50/><W18/><G105/><T77/><D77/><U28/><E28/><V9/><F72/><W130/><G101/><T1/><D109/><U75/><E75/><V56/><F34/><N who="0" m="12810" /><D27/><U20/><E60/><V104/><F82/><W51/><G76/><T52/><D52/><U29/><E29/><V63/><F63/><W48/><G66/><T21/><D21/><U59/><E59/><V22/><F99/><W124/><G58/><T74/><D74/><U26/><E47/><V57/><F56/><W43/><G73/><T37/><D37/><U84/><E84/><V54/><AGARI ba="0,0" hai="7,9,14,16,22,24,54,57,62,90,92,98,104,107" machi="54" ten="20,12000,2" yaku="0,1,7,1,25,2,52,1,54,1" doraHai="53" who="2" fromWho="2" sc="250,-60,250,-30,250,120,250,-30" /><INIT seed="1,0,0,5,5,51" ten="190,220,370,220" oya="1" hai0="68,14,102,12,28,123,33,83,67,98,52,18,26" hai1="99,120,87,106,20,133,122,42,127,91,131,39,112" hai2="128,44,90,103,11,36,35,24,81,5,47,53,64" hai3="108,55,93,119,80,104,107,125,15,2,0,50,30"/><U27/><E112/><V61/><F128/><W88/><G108/><T134/><D134/><U111/><E131/><V32/><F103/><W3/><G125/><T74/><D123/><U38/><E127/><V22/><F47/><W117/><G80/><T109/><D109/><U82/><E111/><V60/><F90/><W65/><G65/><T132/><D132/><U58/><E133/><V86/><F36/><W1/><G15/><T59/><D74/><U94/><E106/><V129/><F129/><W105/><N who="3" m="0" /><DORA hai="10" /><W29/><G29/><T57/><D57/><U96/><E96/><V4/><F32/><W124/><G30/><T31/><D31/><U78/><E58/><N who="2" m="36887" /><F35/><W114/><G114/><T97/><D83/><U69/><E69/><V48/><F61/><W21/><G21/><T43/><D43/><U73/><E73/><V84/><F11/><W77/><G77/><T121/><D121/><U110/><E110/><V118/><F118/><N who="3" m="45067" /><G124/><T135/><D135/><U17/><REACH who="1" step="1"/><E42/><REACH who="1" ten="190,210,370,220" step="2"/><V79/><F84/><N who="3" m="52359" /><G107/><N who="0" m="63951" /><D98/><U70/><E70/><V92/><F86/><W130/><G130/><T126/><D126/><U6/><E6/><V66/><F5/><W100/><G100/><T116/><D116/><U113/><E113/><V19/><F4/><W56/><AGARI ba="0,1" hai="50,55,56,104,105" m="52359,45067,0" machi="56" ten="60,7900,0" yaku="12,1,52,1,54,1" doraHai="51,10" who="3" fromWho="3" sc="190,-20,210,-39,370,-20,220,89" /><INIT seed="2,0,0,4,4,28" ten="170,171,350,309" oya="2" hai0="41,40,5,13,101,124,86,71,67,21,63,96,50" hai1="16,125,62,39,88,31,119,12,38,58,80,104,115" hai2="8,42,57,33,56,120,85,10,60,70,7,23,84" hai3="47,91,122,121,11,6,129,108,14,75,117,52,114"/><V135/><F120/><W74/><G117/><T54/><D124/><U25/><E119/><V77/><F42/><W1/><G108/><T98/><D86/><U9/><E104/><V89/><F70/><W22/><G129/><T95/><D96/><U134/><E115/><V78/><F23/><W133/><G114/><T72/><D72/><U2/><E2/><V53/><F135/><W18/><G133/><T113/><D113/><U44/><E134/><V112/><F112/><W131/><G131/><T17/><REACH who="0" step="1"/><D5/><REACH who="0" ten="160,171,350,309" step="2"/><U36/><E125/><V109/><F7/><W73/><G122/><T66/><D66/><U81/><E88/><V102/><F89/><W87/><G121/><T126/><D126/><U48/><E81/><V79/><F79/><W46/><REACH who="3" step="1"/><G52/><REACH who="3" ten="160,171,350,299" step="2"/><T92/><D92/><AGARI ba="0,2" hai="1,6,11,14,18,22,46,47,73,74,75,87,91,92" machi="92" ten="40,2600,0" yaku="1,1,2,1,53,0" doraHai="28" doraHaiUra="27" who="3" fromWho="0" sc="160,-26,171,0,350,0,299,46" /><INIT seed="3,0,0,0,4,78" ten="134,171,350,345" oya="3" hai0="7,40,13,15,59,16,84,60,119,114,117,83,112" hai1="106,130,90,46,94,129,17,45,2,44,71,126,56" hai2="102,42,87,39,118,47,132,135,100,14,103,77,5" hai3="29,11,48,27,96,73,6,74,88,38,91,116,31"/><W85/><G38/><T128/><D40/><U23/><E126/><V79/><F118/><W105/><G116/><T36/><D36/><U10/><E106/><V54/><F87/><W80/><G48/><T123/><D123/><U64/><E71/><V134/><F54/><W110/><G110/><T125/><D13/><U69/><E56/><V37/><F37/><W20/><G31/><T122/><D7/><N who="1" m="1399" /><E64/><V92/><F92/><W8/><G8/><AGARI ba="0,0" hai="5,8,14,39,42,47,77,79,100,102,103,132,134,135" machi="8" ten="50,1600,0" yaku="20,1" doraHai="78" who="2" fromWho="3" sc="134,0,171,0,350,16,345,-16" owari="134,-36.6,171,-22.9,366,46.6,329,12.9" /></mjloggm>