<mjloggm ver="2.3"><GO type="225" lobby="0"/><UN n0="%E3%81%8B%E3%82%8F%E3%81%A1%E3%82%83%E3%82%93%35%38" n1="%E3%81%A9%E3%82%93%E3%82%88%E3%81%8F%4D%6B%2E%32" n2="%E6%B4%BE%E9%81%A3%E3%81%AE%E3%82%B8%E3%83%A3%E3%83%83%E3%82%AF" n3="%E7%AD%89%E3%80%85%E5%8A%9B%E5%8A%87%E5%A0%B4" dan="16,16,16,16" rate="2088.36,2168.89,2156.57,2138.24" sx="M,M,M,M"/><TAIKYOKU oya="0"/><INIT seed="0,0,0,3,4,90" ten="250,250,250,250" oya="0" hai0="12,104,60,109,10,74,76,55,37,70,68,33,16" hai1="127,52,99,19,40,57,48,130,34,95,38,87,0" hai2="28,100,123,131,43,89,50,15,18,83,14,94,1" hai3="119,13,114,121,21,11,23,49,39,44,103,117,3"/><T92/><D104/><U27/><E0/><V65/><F1/><W25/><G114/><T128/><D33/><U24/><E127/><V54/><F123/><W22/><G39/><T135/><D37/><U51/><E38/><V97/><F131/><W132/><G3/><T85/><D128/><U122/><E122/><V35/><F65/><W62/><G121/><T46/><D135/><U73/><E73/><V126/><F126/><W107/><G132/><T88/><D109/><U32/><E130/><V106/><F43/><W133/><G133/><T105/><D105/><U124/><E124/><V5/><F5/><W41/><G62/><T80/><REACH who="0" step="1"/><D60/><REACH who="0" ten="240,250,250,250" step="2"/><U56/><E32/><V2/><F106/><W102/><G107/><T64/><D64/><U6/><E34/><V91/><F35/><W120/><G120/><T9/><D9/><U71/><E71/><V30/><F2/><W77/><G11/><T66/><D66/><U26/><E6/><V116/><F116/><W17/><G22/><T81/><D81/><U98/><E19/><V72/><F83/><W118/><G21/><T78/><D78/><U93/><E93/><V112/><F112/><W113/><G77/><T20/><D20/><U110/><E110/><V61/><F61/><W53/><G113/><T47/><D47/><N who="1" m="25703" /><E57/><V129/><F129/><W58/><G25/><T111/><D111/><U42/><E42/><V86/><F94/><W67/><G67/><T82/><D82/><U79/><E79/><V134/><F134/><W75/><G75/><T115/><D115/><U7/><E7/><V69/><F72/><RYUUKYOKU ba="0,1" sc="240,10,250,10,250,-30,250,10" hai0="10,12,16,46,55,68,70,74,76,80,85,88,92" hai1="24,26,27,51,52,56,87,95,98,99" hai3="13,17,23,41,44,49,53,58,102,103,117,118,119" /><INIT seed="0,1,1,5,5,27" ten="250,260,220,260" oya="0" hai0="122,126,89,1,30,131,98,99,63,93,11,31,94" hai1="78,18,33,80,88,42,69,110,86,55,57,129,112" hai2="135,7,91,116,32,111,128,10,85,34,114,5,68" hai3="24,60,50,113,54,3,115,65,14,36,70,103,49"/><T108/><D122/><U107/><E69/><V51/><F68/><W61/><G3/><T45/><D126/><U82/><E107/><V16/><F114/><W43/><G103/><T23/><D131/><U25/><E112/><V64/><F64/><W83/><G14/><T101/><D108/><U21/><E110/><V97/><F111/><W9/><G9/><T12/><D1/><U66/><E129/><V46/><F128/><W37/><G83/><T106/><D106/><U127/><E127/><V28/><F97/><W132/><G115/><T117/><D117/><U79/><E66/><V38/><F38/><N who="3" m="14955" /><G24/><T44/><D63/><U76/><E33/><V121/><F135/><W71/><G113/><T47/><D23/><U56/><E42/><V123/><F116/><W48/><G132/><T124/><D124/><U62/><REACH who="1" step="1"/><E56/><REACH who="1" ten="250,250,220,260" step="2"/><V53/><F34/><W26/><G65/><T41/><REACH who="0" step="1"/><D41/><REACH who="0" ten="240,250,220,260" step="2"/><U92/><AGARI ba="1,3" hai="18,21,25,55,57,62,76,78,79,80,82,86,88,92" machi="92" ten="30,8000,1" yaku="1,1,2,1,0,1,8,1,54,1,53,0" doraHai="27" doraHaiUra="109" who="1" fromWho="1" sc="240,-41,250,113,220,-21,260,-21" /><INIT seed="1,0,0,4,2,12" ten="199,363,199,239" oya="1" hai0="47,76,125,105,131,126,86,92,103,111,108,18,48" hai1="107,88,1,7,122,26,64,34,2,93,38,90,45" hai2="49,19,127,39,57,69,21,54,9,113,33,44,120" hai3="77,78,66,36,100,32,27,82,61,102,28,0,98"/><U14/><E107/><V29/><F120/><W101/><G36/><T58/><D131/><U91/><E122/><V51/><F69/><W6/><G6/><T8/><D105/><U109/><E109/><N who="0" m="42057" /><D58/><U116/><E116/><V17/><F39/><W71/><G0/><T73/><D73/><U130/><E130/><V62/><F127/><N who="0" m="48650" /><D103/><U79/><E79/><V95/><F113/><W128/><G128/><T46/><D46/><U53/><E64/><N who="2" m="38991" /><F33/><W20/><G78/><T135/><D135/><U133/><E133/><V55/><F95/><W16/><G82/><T70/><D70/><U31/><E14/><V42/><F9/><W65/><G77/><T110/><D110/><U119/><E119/><V99/><F99/><W124/><G66/><T123/><D123/><U80/><E80/><V118/><F118/><W117/><G117/><T83/><D92/><U13/><E93/><V52/><F49/><W129/><G129/><T87/><D87/><U94/><E94/><V23/><F23/><W15/><REACH who="3" step="1"/><G124/><REACH who="3" ten="199,363,199,229" step="2"/><T132/><D132/><U134/><E134/><V30/><F30/><W89/><G89/><T74/><D74/><U75/><E75/><V40/><F40/><W25/><G25/><AGARI ba="0,1" hai="17,19,21,25,29,42,44,51,52,54,55" m="38991" machi="25" ten="30,7700,0" yaku="8,1,52,2,54,1" doraHai="12" who="2" fromWho="3" sc="199,0,363,0,199,87,229,-77" /><INIT seed="2,0,0,4,3,102" ten="199,363,286,152" oya="2" hai0="80,2,42,33,85,103,99,132,15,122,44,59,76" hai1="67,112,5,87,22,55,77,78,70,81,66,110,35" hai2="46,17,75,49,83,86,52,114,12,28,47,88,121" hai3="30,19,123,11,105,62,125,96,20,37,26,54,98"/><V124/><F114/><W90/><G123/><T43/><D122/><U53/><E35/><V48/><F121/><W113/><G37/><T56/><D2/><U32/><E32/><V68/><F68/><W95/><G125/><T21/><D33/><U128/><E112/><V109/><F124/><W25/><G113/><T133/><D15/><U101/><E5/><V108/><F75/><W73/><G73/><T135/><D21/><U74/><E101/><V72/><F72/><W111/><G111/><N who="2" m="42569" /><F28/><W41/><G41/><T84/><D84/><U61/><E110/><V0/><F0/><W134/><G134/><T8/><D8/><U89/><E74/><V13/><F17/><W130/><G130/><T64/><D64/><U63/><E128/><V16/><F16/><W3/><G3/><T36/><REACH who="0" step="1"/><D42/><AGARI ba="0,0" hai="12,13,42,46,47,48,49,52,83,86,88" m="42569" machi="42" ten="30,11600,0" yaku="14,1,10,1,54,2" doraHai="102" who="2" fromWho="0" sc="199,-116,363,0,286,116,152,0" /><INIT seed="2,1,0,2,5,29" ten="83,363,402,152" oya="2" hai0="69,62,92,52,32,7,124,97,53,111,6,28,82" hai1="55,107,65,95,45,58,35,104,33,121,31,10,85" hai2="43,39,91,19,30,26,12,1,72,99,112,42,40" hai3="118,13,2,5,98,49,63,114,59,16,20,105,133"/><V8/><F112/><W11/><G118/><T14/><D111/><U78/><E31/><V68/><F68/><W57/><G133/><T9/><D124/><U15/><E65/><V23/><F72/><W81/><G114/><T71/><D6/><U115/><E115/><V96/><F39/><W60/><G81/><T135/><D135/><U87/><E45/><V34/><F91/><W100/><REACH who="3" step="1"/><G49/><REACH who="3" ten="83,363,402,142" step="2"/><T110/><D110/><U37/><E37/><V25/><F25/><W129/><G129/><T75/><D82/><U131/><E131/><V73/><F73/><W66/><G66/><T46/><D75/><U22/><E121/><V101/><F101/><W116/><G116/><T21/><D69/><U117/><E117/><V36/><F36/><W108/><G108/><T61/><D71/><U67/><E67/><V106/><F106/><W24/><G24/><T76/><D76/><U132/><E78/><V120/><F120/><W93/><G93/><T56/><D92/><U90/><E132/><V70/><F70/><W79/><G79/><T3/><D61/><AGARI ba="1,1" hai="2,5,11,13,16,20,57,59,60,61,63,98,100,105" machi="61" ten="40,2600,0" yaku="1,1,54,1,53,0" doraHai="29" doraHaiUra="86" who="3" fromWho="0" sc="83,-29,363,0,402,0,142,39" /><INIT seed="3,0,0,2,2,94" ten="54,363,402,181" oya="3" hai0="0,12,113,11,6,4,88,45,8,18,42,119,78" hai1="126,96,62,17,2,46,52,86,130,91,84,68,95" hai2="51,41,21,87,82,53,103,16,38,131,13,20,92" hai3="44,59,61,56,80,77,75,32,26,55,39,36,135"/><W128/><G128/><T123/><D119/><U72/><E2/><V54/><F131/><W133/><G59/><T134/><D123/><U71/><E72/><V76/><F38/><W109/><G44/><T37/><D134/><U49/><E130/><V114/><F114/><W14/><G14/><T122/><D122/><U127/><E17/><V50/><F21/><W63/><G63/><T107/><D113/><U110/><E110/><V108/><F108/><W25/><G109/><T112/><D107/><U98/><E84/><V117/><F117/><W60/><G60/><T83/><D112/><U120/><E120/><V93/><F41/><W97/><G26/><T22/><D22/><U64/><E71/><V79/><F79/><W121/><G121/><T10/><D10/><U65/><E65/><V5/><F5/><W104/><G25/><T105/><D105/><U1/><E1/><V57/><F103/><W100/><G32/><T3/><D12/><U111/><E111/><V69/><F69/><W23/><G23/><T101/><D101/><U34/><E34/><V125/><F125/><AGARI ba="0,0" hai="46,49,52,62,64,68,86,91,95,96,98,125,126,127" machi="125" ten="40,8000,1" yaku="18,1,52,2,54,1" doraHai="94" who="1" fromWho="2" sc="54,0,363,80,402,-80,181,0" owari="54,-44.6,443,54.3,322,12.2,181,-21.9" /></mjloggm>