<mjloggm ver="2.3"><GO type="225" lobby="0"/><UN n0="%E8%83%83%E3%81%A8%E8%85%B8" n1="%E6%B8%A9%E2%98%85%E6%83%85%E2%98%85%E6%8E%AA%E2%98%85%E7%BD%AE" n2="%E6%B0%B7%E5%B7%9D%E9%87%8C%E5%A5%88" n3="%E5%B0%8F%E9%B3%A5%E9%81%8A%E7%B7%B4%E7%84%A1%32%31%E6%AD%B3" dan="16,16,16,16" rate="2163.25,2153.81,2121.79,2175.73" sx="M,M,F,F"/><TAIKYOKU oya="0"/><INIT seed="0,0,0,4,3,98" ten="250,250,250,250" oya="0" hai0="127,59,6,27,108,26,49,105,46,99,66,22,47" hai1="41,81,37,14,122,18,86,131,120,29,126,39,55" hai2="67,74,104,58,92,112,25,23,45,113,54,121,96" hai3="62,87,16,103,93,51,9,106,73,76,107,3,60"/><T117/><D117/><U8/><E131/><V84/><F121/><W135/><G135/><T10/><D127/><U83/><E126/><V56/><F74/><W109/><G109/><T68/><D108/><U123/><E29/><V57/><F104/><W50/><G3/><T24/><D68/><U110/><E110/><V89/><F67/><W101/><G73/><T28/><D66/><U85/><E41/><V40/><F54/><W80/><G106/><T71/><D59/><U69/><E69/><V7/><F7/><W82/><G93/><T132/><D71/><U100/><E100/><N who="3" m="38474" /><G80/><T19/><D132/><U70/><E70/><V44/><F84/><W48/><G107/><T20/><D105/><U13/><E55/><V65/><F65/><W111/><G111/><T12/><D99/><U42/><E42/><V36/><REACH who="2" step="1"/><F45/><REACH who="2" ten="250,250,240,250" step="2"/><W32/><G32/><T64/><D64/><U125/><E125/><V97/><F97/><W102/><N who="3" m="38482" /><W75/><DORA hai="124" /><G75/><T15/><REACH who="0" step="1"/><D46/><REACH who="0" ten="240,250,240,250" step="2"/><U63/><E123/><V77/><F77/><W35/><G35/><T118/><D118/><U38/><E122/><V90/><F90/><W30/><G76/><T115/><D115/><U72/><E120/><V94/><F94/><W34/><G34/><T11/><D11/><U130/><E8/><V31/><AGARI ba="0,2" hai="23,25,31,36,40,44,56,57,58,89,92,96,112,113" machi="31" ten="30,4000,0" yaku="1,1,0,1,53,1" doraHai="98,124" doraHaiUra="0,43" who="2" fromWho="2" sc="240,-20,250,-10,240,60,250,-10" /><INIT seed="1,0,0,4,0,107" ten="220,240,300,240" oya="1" hai0="70,80,15,110,56,32,63,119,34,82,113,87,83" hai1="64,9,92,11,48,59,69,75,97,39,62,112,117" hai2="66,18,108,65,38,123,103,14,72,67,115,1,30" hai3="79,52,42,104,114,74,100,50,78,17,46,51,125"/><U84/><E112/><V124/><F123/><W10/><G114/><T101/><D113/><U36/><E117/><V106/><F1/><W98/><G125/><T89/><D119/><U120/><E120/><V28/><F115/><W133/><G133/><T126/><D126/><U6/><E75/><V95/><F124/><W0/><G74/><T4/><D70/><U13/><E84/><V61/><F108/><W12/><REACH who="3" step="1"/><G0/><REACH who="3" ten="220,240,300,230" step="2"/><T111/><D111/><U31/><E31/><V19/><F72/><W109/><G109/><T134/><D134/><U91/><REACH who="1" step="1"/><E11/><REACH who="1" ten="220,230,300,230" step="2"/><V127/><F127/><W29/><G29/><T20/><D110/><U135/><E135/><V23/><F30/><W132/><G132/><T16/><D32/><U24/><E24/><V33/><F28/><W129/><G129/><T25/><D34/><U43/><E43/><V71/><F33/><W73/><G73/><T8/><REACH who="0" step="1"/><D101/><REACH who="0" ten="210,230,300,230" step="2"/><U47/><E47/><AGARI ba="0,3" hai="10,12,17,42,46,47,50,51,52,78,79,98,100,104" machi="47" ten="30,3900,0" yaku="1,1,7,1,54,1,53,0" doraHai="107" doraHaiUra="77" who="3" fromWho="1" sc="210,0,230,-39,300,0,230,69" /><INIT seed="2,0,0,2,3,96" ten="210,191,300,299" oya="2" hai0="44,59,123,5,68,101,120,103,67,22,11,47,46" hai1="41,13,89,40,4,111,71,60,14,77,90,58,34" hai2="18,16,73,91,74,8,3,98,110,76,135,12,33" hai3="69,88,38,32,63,78,19,26,108,23,121,132,107"/><V104/><F135/><W94/><G38/><T54/><D68/><U102/><E34/><V118/><F118/><W56/><G121/><T72/><D72/><U21/><E71/><V57/><F33/><W75/><G69/><T99/><D67/><U127/><E111/><V124/><F124/><W29/><G108/><T45/><N who="0" m="11264" /><DORA hai="86" /><T43/><D43/><N who="1" m="16459" /><E127/><V42/><F42/><W55/><G107/><T62/><D22/><U114/><E77/><V31/><F110/><W24/><G132/><T53/><D53/><N who="1" m="33871" /><E114/><V117/><F117/><W6/><G6/><T49/><D62/><U133/><E133/><V28/><F3/><W7/><G7/><T9/><D9/><N who="1" m="4263" /><E102/><V17/><F74/><W112/><G112/><T70/><D70/><U100/><E100/><V87/><F73/><W37/><G75/><T80/><D103/><U95/><E95/><N who="2" m="56703" /><F104/><W1/><G78/><T93/><REACH who="0" step="1"/><D80/><REACH who="0" ten="200,191,300,299" step="2"/><U25/><E14/><AGARI ba="0,1" hai="5,11,14,49,54,59,93,99,101,120,123" m="11264" machi="14" ten="50,8000,1" yaku="1,1,2,1,52,1,53,2" doraHai="96,86" doraHaiUra="116,109" who="0" fromWho="1" sc="200,90,191,-80,300,0,299,0" /><INIT seed="3,0,0,0,2,52" ten="290,111,300,299" oya="3" hai0="90,38,121,26,47,75,118,81,68,133,109,12,49" hai1="1,78,125,28,79,126,10,53,23,62,45,123,74" hai2="15,67,58,119,30,82,111,83,104,76,93,8,29" hai3="99,108,105,88,39,116,69,25,32,9,73,17,31"/><W42/><G116/><T80/><D118/><U16/><E123/><V57/><F104/><W43/><G108/><T64/><D121/><U84/><E74/><V122/><F119/><W19/><G73/><T35/><D38/><U7/><E28/><N who="2" m="10859" /><F122/><W72/><G72/><T51/><D75/><U71/><E84/><N who="2" m="48199" /><F111/><W2/><G69/><T112/><D109/><U89/><E89/><V95/><F83/><W41/><G39/><T34/><D133/><U24/><E71/><V50/><F50/><W87/><G2/><T46/><D112/><U70/><E70/><V40/><F40/><W120/><G120/><T107/><D107/><U6/><E6/><N who="2" m="3479" /><F57/><W130/><G130/><T56/><D68/><U113/><E113/><V115/><F115/><W106/><G106/><T129/><D129/><U102/><E102/><V110/><F110/><W61/><G9/><T98/><D34/><U14/><E1/><V4/><F4/><W132/><G132/><T103/><D103/><U134/><E134/><V127/><F127/><N who="1" m="48649" /><E45/><V27/><F27/><W5/><G5/><T22/><D26/><U97/><E97/><V0/><F0/><W33/><G33/><T63/><D35/><U101/><E101/><V11/><F11/><W96/><G105/><T114/><D114/><U3/><E3/><V91/><F91/><W37/><G37/><T100/><D90/><U117/><E117/><V94/><F94/><N who="3" m="54559" /><G99/><T55/><D98/><U36/><E36/><V54/><F54/><W48/><G96/><T13/><D100/><U131/><E131/><V20/><F20/><N who="3" m="15783" /><G48/><T65/><D49/><RYUUKYOKU ba="0,0" sc="290,-15,111,15,300,15,299,-15" hai1="7,10,14,16,23,24,53,62,78,79" hai2="58,67,93,95" owari="275,-12.5,126,-37.4,315,41.5,284,8.4" /></mjloggm>