<mjloggm ver="2.3"><GO type="225" lobby="0"/><UN n0="%E3%81%93%E3%81%91%E6%A4%8D%E7%89%A9" n1="%E6%9D%B1%E9%A2%A8%E3%81%AE%E3%81%8D%E3%82%83%E3%81%B7%E3%81%95%E3%82%93" n2="%E3%82%BC%E3%83%AB%E3%83%80%E3%81%AE%E4%BC%9D%E8%AA%AC" n3="%E5%A4%9C%E5%85%89%E5%A4%A9%E6%A5%BC" dan="16,17,17,17" rate="2072.28,2173.13,2234.89,2186.39" sx="M,M,M,M"/><TAIKYOKU oya="0"/><INIT seed="0,0,0,2,3,130" ten="250,250,250,250" oya="0" hai0="10,98,110,128,42,9,96,52,0,31,114,8,29" hai1="45,36,54,108,56,121,109,25,113,67,19,55,78" hai2="17,5,132,37,85,38,83,104,62,100,30,44,46" hai3="53,127,112,11,105,61,75,47,107,125,81,101,94"/><T122/><D114/><U92/><E78/><V102/><F5/><W124/><G112/><T80/><D122/><U51/><E113/><V88/><F30/><N who="0" m="11274" /><D0/><U20/><E121/><V28/><F28/><W103/><G11/><T123/><D123/><U57/><E36/><V120/><F120/><W93/><G61/><T91/><D128/><U69/><E69/><V66/><F132/><W6/><G53/><T79/><D42/><U86/><E67/><V60/><F104/><N who="3" m="40011" /><G47/><N who="2" m="17961" /><F38/><W13/><G13/><T21/><D110/><N who="1" m="42603" /><E54/><V49/><F37/><W43/><G6/><T84/><D79/><U63/><E63/><N who="2" m="24107" /><F66/><W90/><G43/><T87/><D84/><U71/><E71/><V16/><F49/><W4/><G4/><T74/><D74/><U18/><E18/><AGARI ba="0,0" hai="16,17,18,83,85,88,100,102" m="24107,17961" machi="18" ten="30,3900,0" yaku="8,1,54,2" doraHai="130" who="2" fromWho="1" sc="250,0,250,-39,250,39,250,0" /><INIT seed="1,0,0,4,1,18" ten="250,211,289,250" oya="1" hai0="29,12,114,87,59,76,85,123,135,45,17,126,112" hai1="104,50,6,99,20,44,79,84,67,111,98,121,90" hai2="1,92,11,86,24,35,81,10,53,70,83,60,40" hai3="118,115,132,33,124,116,42,63,21,28,117,26,89"/><U109/><E67/><V102/><F35/><W131/><G115/><T19/><D123/><U74/><E6/><V16/><F1/><W113/><G113/><T46/><D12/><U69/><E69/><V120/><F40/><W122/><G122/><T48/><D29/><U80/><E121/><V107/><F107/><W52/><G131/><T34/><D59/><U75/><E20/><N who="2" m="13319" /><F70/><W36/><G33/><T2/><D48/><U77/><E50/><V47/><F120/><W8/><G42/><T58/><D34/><U134/><E44/><V82/><F86/><W97/><G36/><T56/><D58/><U54/><E54/><V49/><F60/><W9/><G124/><T55/><D85/><U14/><E14/><V0/><F0/><W88/><G97/><AGARI ba="0,0" hai="10,11,47,49,53,81,82,83,92,97,102" m="13319" machi="97" ten="30,3900,0" yaku="8,1,52,1,54,1" doraHai="18" who="2" fromWho="3" sc="250,0,211,0,289,39,250,-39" /><INIT seed="2,0,0,5,5,12" ten="250,211,328,211" oya="2" hai0="109,66,37,86,40,116,1,6,115,120,133,89,55" hai1="104,32,125,99,57,9,121,47,39,27,94,14,126" hai2="73,52,23,38,25,84,0,110,97,129,70,58,22" hai3="28,49,81,69,34,64,45,29,18,100,51,59,134"/><V44/><F73/><W80/><G134/><T48/><D115/><U123/><E104/><V16/><F0/><W101/><G69/><T62/><D120/><N who="1" m="46155" /><E57/><V96/><F70/><W8/><G34/><T117/><D109/><U135/><E135/><V71/><F71/><W20/><G8/><T102/><D102/><N who="3" m="39529" /><G51/><T78/><D78/><U74/><E74/><V61/><F129/><W53/><G64/><T107/><D107/><U41/><E27/><N who="2" m="14791" /><F38/><W3/><G59/><T43/><D37/><U15/><E32/><V63/><F110/><W114/><G3/><T50/><D133/><U131/><E131/><V75/><F75/><W7/><G7/><T26/><D6/><N who="1" m="3383" /><E15/><V46/><F84/><W36/><G114/><T82/><D86/><U10/><E10/><V24/><F24/><N who="3" m="14359" /><G36/><T42/><D1/><U108/><E108/><V128/><F128/><W105/><G105/><T93/><D116/><U112/><E112/><V65/><F65/><W106/><G106/><T72/><D66/><U56/><E56/><V113/><F113/><W13/><G13/><T88/><D117/><U33/><E33/><V67/><F63/><W91/><G91/><AGARI ba="0,0" hai="39,41,47,91,94,99,125,126" m="3383,46155" machi="91" ten="30,1000,0" yaku="13,1" doraHai="12" who="1" fromWho="3" sc="250,0,211,10,328,0,211,-10" /><INIT seed="3,0,0,1,4,90" ten="250,221,328,201" oya="3" hai0="95,33,108,73,48,44,53,19,101,70,94,4,88" hai1="92,57,130,131,103,110,69,31,55,9,34,104,18" hai2="134,11,116,89,54,60,21,66,38,24,56,42,30" hai3="72,119,17,78,76,62,10,63,58,22,133,49,26"/><W80/><G133/><T12/><D73/><U75/><E75/><V45/><F116/><W51/><G119/><T46/><D70/><U41/><E69/><V82/><F134/><W3/><G76/><T91/><D33/><U36/><E104/><V87/><F11/><W47/><G3/><T59/><D4/><U81/><E110/><V99/><F99/><W29/><G51/><T67/><D108/><U85/><E41/><V114/><REACH who="2" step="1"/><F66/><REACH who="2" ten="250,221,318,201" step="2"/><W105/><G105/><T86/><D67/><U15/><E9/><V120/><F120/><W117/><G117/><T28/><D101/><U37/><E103/><V27/><F27/><W25/><G58/><T43/><D46/><U52/><E57/><V77/><F77/><W7/><G7/><T111/><D111/><U96/><E96/><V107/><F107/><W8/><G8/><T23/><D28/><U6/><E6/><V124/><F124/><W13/><REACH who="3" step="1"/><G26/><REACH who="3" ten="250,221,318,191" step="2"/><T123/><D123/><U125/><E125/><V65/><F65/><W106/><G106/><T132/><D132/><U109/><E109/><V97/><F97/><W20/><G20/><T122/><D122/><U2/><E34/><V127/><F127/><W128/><G128/><T115/><D115/><AGARI ba="0,2" hai="21,24,30,38,42,45,54,56,60,82,87,89,114,115" machi="115" ten="40,1300,0" yaku="1,1,53,0" doraHai="90" doraHaiUra="0" who="2" fromWho="0" sc="250,-13,221,0,318,33,191,0" owari="237,3.7,221,-17.9,351,45.1,191,-30.9" /></mjloggm>