<mjloggm ver="2.3"><GO type="225" lobby="0"/><UN n0="%E7%82%BA%E4%BA%86%E6%89%93%E6%95%97%E7%94%B7%E5%8F%8B%E7%9A%84" n1="%E5%AF%82%E5%AF%9E%E3%82%AE%E3%83%8D%E3%82%B9%E3%83%93%E3%83%BC%E3%83%AB" n2="%E7%B4%94%E6%BD%94%E3%83%94%E3%83%A9%E3%83%8B%E3%82%A2" n3="%E3%83%AD%E3%83%83%E3%83%86%E9%9B%80%E7%90%83" dan="16,16,17,17" rate="2029.55,2165.29,2223.03,2258.28" sx="F,M,M,M"/><TAIKYOKU oya="0"/><INIT seed="0,0,0,5,5,54" ten="250,250,250,250" oya="0" hai0="2,14,106,39,114,131,8,78,63,0,61,59,132" hai1="56,82,124,108,11,134,83,6,31,107,72,69,113" hai2="75,47,16,19,41,97,79,13,68,50,49,65,42" hai3="71,73,35,129,33,98,127,9,12,28,91,85,121"/><T46/><D114/><U7/><E113/><V104/><F68/><W3/><G73/><T52/><D106/><U27/><E69/><V22/><F65/><W32/><G3/><T66/><D132/><U99/><E134/><V115/><F115/><W119/><G119/><T89/><D78/><U60/><E108/><V23/><F75/><W86/><G71/><T30/><D30/><U125/><E99/><V96/><F79/><W100/><G127/><N who="1" m="48714" /><E107/><V77/><F77/><W87/><G129/><T48/><D39/><U126/><N who="1" m="48722" /><U38/><DORA hai="122" /><E38/><V34/><F34/><W1/><G1/><T40/><D89/><U15/><E6/><V128/><F104/><W94/><G121/><T120/><D131/><U133/><E72/><V84/><F84/><W116/><G116/><T62/><D62/><U36/><E36/><V21/><F128/><W109/><G109/><T110/><D110/><U25/><E25/><V45/><F22/><W105/><REACH who="3" step="1"/><G28/><REACH who="3" ten="250,250,250,240" step="2"/><T29/><D29/><U20/><E133/><V101/><REACH who="2" step="1"/><F101/><REACH who="2" ten="250,250,240,240" step="2"/><W26/><G26/><AGARI ba="0,2" hai="13,16,19,21,23,26,41,42,45,47,49,50,96,97" machi="26" ten="30,16000,3" yaku="1,1,2,1,7,1,9,1,8,1,54,1,53,2" doraHai="54,122" doraHaiUra="118,17" who="2" fromWho="3" sc="250,0,250,0,240,180,240,-160" /><INIT seed="1,0,0,5,0,102" ten="250,250,420,80" oya="1" hai0="126,47,133,30,25,31,71,78,112,127,77,87,92" hai1="8,66,40,54,45,103,90,56,9,73,116,129,135" hai2="12,67,42,57,130,91,48,119,114,14,19,125,121" hai3="104,44,131,29,120,69,21,76,43,16,23,108,52"/><U94/><E116/><V100/><F121/><W88/><G120/><T118/><D118/><U37/><E129/><V36/><F130/><W39/><G131/><T70/><D112/><U22/><E135/><V17/><F114/><W62/><G108/><T13/><D133/><U61/><E73/><V132/><F125/><N who="0" m="47626" /><D13/><U86/><E103/><V65/><F100/><W99/><G76/><N who="0" m="29291" /><D47/><U59/><REACH who="1" step="1"/><E22/><REACH who="1" ten="250,240,420,80" step="2"/><V64/><F132/><W60/><G23/><N who="0" m="15679" /><D31/><U63/><AGARI ba="0,1" hai="8,9,37,40,45,54,56,59,61,63,66,86,90,94" machi="63" ten="20,3900,0" yaku="1,1,0,1,7,1,53,0" doraHai="102" doraHaiUra="113" who="1" fromWho="1" sc="250,-13,240,49,420,-13,80,-13" /><INIT seed="1,1,0,2,5,122" ten="237,289,407,67" oya="1" hai0="17,48,36,114,20,64,70,125,110,119,0,10,73" hai1="14,116,86,133,61,6,94,96,49,23,97,52,75" hai2="53,19,26,74,62,28,88,121,128,18,38,104,101" hai3="92,54,111,50,71,40,30,46,29,51,31,13,58"/><U7/><E75/><V131/><F121/><W5/><G71/><T56/><D114/><U11/><E116/><V100/><F38/><W65/><G65/><T87/><D73/><U2/><E133/><V21/><F74/><W113/><G113/><T59/><D119/><U130/><E61/><V8/><F88/><W134/><G134/><T47/><D36/><U32/><E32/><V16/><F8/><W85/><G111/><T72/><D72/><U55/><E55/><V34/><F34/><W25/><G25/><T108/><D87/><U123/><E130/><N who="2" m="49707" /><F104/><W12/><REACH who="3" step="1"/><G5/><REACH who="3" ten="237,289,407,57" step="2"/><N who="0" m="1319" /><D64/><U109/><E109/><N who="0" m="42089" /><D70/><U120/><E120/><V66/><F53/><W76/><G76/><T35/><D125/><U33/><E123/><V90/><F90/><AGARI ba="1,1" hai="12,13,29,30,31,40,46,50,51,54,58,85,90,92" machi="90" ten="40,2600,0" yaku="1,1,8,1,53,0" doraHai="122" doraHaiUra="106" who="3" fromWho="2" sc="237,0,289,0,407,-29,57,39" /><INIT seed="2,0,0,0,5,43" ten="237,289,378,96" oya="2" hai0="77,39,130,64,106,113,29,84,133,33,110,21,38" hai1="32,100,1,60,98,97,117,104,63,127,14,52,105" hai2="75,95,31,128,37,66,81,28,46,125,112,91,49" hai3="109,83,73,116,103,36,34,13,27,55,25,134,126"/><V94/><F112/><W129/><G116/><T0/><D64/><U20/><E1/><V58/><F128/><W80/><G126/><T57/><D57/><U76/><E32/><V53/><F125/><W40/><G109/><T119/><D84/><U90/><E127/><V61/><F37/><W35/><G134/><T69/><D77/><U135/><E135/><V5/><F5/><W122/><G129/><T102/><D21/><U82/><E117/><V56/><F95/><W89/><G122/><T2/><D29/><U48/><E14/><V42/><F75/><W114/><G114/><T45/><D45/><U8/><E8/><V93/><F93/><W79/><G103/><T47/><D47/><U54/><E20/><V70/><F81/><W132/><G132/><T59/><D59/><U24/><E24/><V16/><F16/><W26/><G55/><T65/><D65/><U17/><E17/><V6/><F6/><W9/><G89/><T124/><D102/><U107/><E90/><V3/><F3/><W22/><G22/><T44/><D44/><U123/><E123/><V86/><F70/><W41/><G83/><T62/><D0/><U131/><E131/><V51/><AGARI ba="0,0" hai="28,31,42,46,49,51,53,56,58,61,66,86,91,94" machi="51" ten="20,7800,0" yaku="0,1,7,1,8,1,52,1" doraHai="43" who="2" fromWho="2" sc="237,-26,289,-26,378,78,96,-26" /><INIT seed="2,1,0,4,0,43" ten="211,263,456,70" oya="2" hai0="83,120,84,99,98,92,61,107,62,129,24,106,75" hai1="80,31,70,102,52,74,82,11,54,60,127,76,63" hai2="113,87,1,86,0,132,13,115,49,27,111,81,126" hai3="110,48,57,58,40,41,45,130,77,68,104,33,97"/><V69/><F69/><W19/><G110/><T30/><D129/><U114/><E114/><V23/><F111/><W9/><G130/><T125/><D120/><U128/><E128/><V59/><F126/><W26/><G68/><T53/><D75/><U37/><E37/><V5/><F132/><W79/><G33/><T35/><D99/><U78/><E102/><V101/><F101/><W71/><G71/><T73/><D73/><U56/><E31/><V121/><F121/><W119/><G119/><T66/><D53/><U131/><E131/><V105/><F105/><W108/><G108/><T8/><D8/><U46/><E127/><V39/><F39/><W90/><G41/><T6/><D6/><U3/><E3/><V22/><F13/><N who="3" m="7599" /><G26/><T25/><D62/><U94/><E94/><V95/><F95/><N who="3" m="56567" /><G104/><T14/><D14/><U88/><E11/><V85/><F27/><W117/><G117/><T135/><D25/><U4/><E4/><V134/><F5/><W47/><G47/><T17/><D135/><U29/><E29/><V10/><F134/><W16/><G16/><T32/><D17/><U112/><E112/><V116/><F10/><W20/><G20/><T65/><D35/><U72/><E70/><V109/><F1/><W7/><G7/><T38/><D38/><U15/><E15/><V2/><F0/><W103/><G103/><N who="0" m="60871" /><D125/><U36/><E36/><V123/><F2/><W124/><G124/><T93/><D93/><U91/><E46/><V64/><F109/><W50/><G50/><T55/><D107/><U28/><E28/><V34/><F113/><RYUUKYOKU ba="1,0" sc="211,-15,263,15,456,-15,70,15" hai1="52,54,56,60,63,72,74,76,78,80,82,88,91" hai3="40,45,48,57,58,77,79" /><INIT seed="3,2,0,5,2,31" ten="196,278,441,85" oya="3" hai0="27,41,95,96,55,123,9,67,101,61,97,102,44" hai1="127,79,94,115,51,0,4,62,92,16,50,83,134" hai2="3,1,133,74,99,118,124,85,59,104,18,52,75" hai3="63,119,81,8,110,72,93,69,130,88,7,32,49"/><W30/><G119/><T107/><D123/><U131/><E115/><V120/><F75/><W90/><G130/><T78/><D78/><U43/><E131/><V82/><F3/><W54/><G110/><T13/><D27/><U17/><E127/><V2/><F124/><W73/><G69/><T15/><D55/><U128/><E4/><V117/><F74/><W116/><G63/><T71/><REACH who="0" step="1"/><D9/><REACH who="0" ten="186,278,441,85" step="2"/><U46/><E79/><V80/><F120/><W45/><G116/><T86/><D86/><U34/><E128/><V103/><F118/><W20/><G20/><T122/><D122/><U19/><E19/><V70/><F18/><W6/><G6/><T10/><D10/><U109/><E16/><V84/><F84/><W105/><G105/><T47/><D47/><U53/><E46/><V5/><F85/><W26/><G81/><T66/><D66/><U28/><E83/><V58/><F82/><W87/><REACH who="3" step="1"/><G90/><REACH who="3" ten="186,278,441,75" step="2"/><T24/><D24/><U100/><E62/><V68/><F70/><W113/><G113/><T48/><AGARI ba="2,2" hai="13,15,41,44,48,61,67,71,95,96,97,101,102,107" machi="48" ten="20,2700,0" yaku="1,1,0,1,7,1,53,0" doraHai="31" doraHaiUra="129" who="0" fromWho="0" sc="186,53,278,-9,441,-9,75,-15" owari="239,-16.1,269,6.9,432,53.2,60,-44.0" /></mjloggm>