<mjloggm ver="2.3"><GO type="225" lobby="0"/><UN n0="%E5%8F%AF%E5%85%90%E9%82%A3%E7%94%B1%E5%A4%9A" n1="%43%68%65" n2="%E6%B8%A9%E2%98%85%E6%83%85%E2%98%85%E6%8E%AA%E2%98%85%E7%BD%AE" n3="%45%6C%79%73%69%75%6D" dan="16,16,16,17" rate="2183.33,2161.47,2165.83,2098.69" sx="F,M,M,F"/><TAIKYOKU oya="0"/><INIT seed="0,0,0,5,1,110" ten="250,250,250,250" oya="0" hai0="14,49,35,125,57,6,105,108,127,66,92,107,96" hai1="78,109,45,20,51,121,31,43,9,73,26,18,115" hai2="10,19,104,118,81,42,87,63,79,29,56,111,27" hai3="98,95,39,54,114,100,89,22,122,85,34,88,103"/><T93/><D35/><U77/><E121/><V82/><F111/><W97/><G34/><T15/><D108/><U64/><E109/><V72/><F118/><W1/><G122/><T44/><D57/><U4/><E73/><V0/><F104/><W69/><G114/><T8/><D66/><U16/><E64/><V30/><F42/><W119/><G119/><T116/><D116/><U50/><E115/><V135/><F135/><W70/><G39/><T124/><D15/><N who="1" m="5543" /><E51/><V59/><F59/><W129/><G1/><T65/><D65/><U28/><E18/><V126/><F126/><W67/><G129/><T58/><D58/><U113/><E113/><V101/><F101/><W52/><G22/><T83/><D83/><U12/><E31/><V133/><F133/><W32/><G32/><T86/><D86/><U41/><E41/><V55/><F0/><W40/><G40/><T99/><D93/><U130/><E130/><V62/><F62/><W71/><G67/><T21/><D21/><AGARI ba="0,0" hai="12,16,20,21,26,28,43,45,50,77,78" m="5543" machi="21" ten="30,2000,0" yaku="8,1,54,1" doraHai="110" who="1" fromWho="0" sc="250,-20,250,20,250,0,250,0" /><INIT seed="1,0,0,4,1,91" ten="230,270,250,250" oya="1" hai0="78,128,131,23,117,127,67,102,31,56,132,76,6" hai1="93,109,124,10,15,32,58,99,97,108,62,121,83" hai2="71,8,57,89,110,133,33,13,20,95,50,90,53" hai3="61,100,45,88,40,17,60,77,36,25,113,28,84"/><U115/><E115/><V63/><F110/><N who="1" m="42601" /><E121/><V18/><F133/><W64/><G113/><T7/><D117/><U59/><E124/><V86/><F33/><W39/><G39/><T70/><D70/><U4/><E32/><V119/><F119/><W130/><G130/><T2/><D127/><U12/><E83/><V9/><F71/><W85/><G100/><T0/><D102/><N who="1" m="60719" /><E99/><V5/><F5/><W75/><G75/><T29/><D23/><U135/><E135/><V34/><F34/><W106/><G106/><T105/><D132/><U16/><E62/><V22/><F22/><AGARI ba="0,0" hai="4,10,12,15,16,22,58,59" m="60719,42601" machi="22" ten="30,11600,0" yaku="14,1,10,1,52,1,54,1" doraHai="91" who="1" fromWho="2" sc="230,0,270,116,250,-116,250,0" /><INIT seed="1,1,0,1,0,88" ten="230,386,134,250" oya="1" hai0="18,73,110,128,31,8,20,116,28,74,9,37,30" hai1="43,60,108,17,27,16,35,109,2,121,10,118,133" hai2="134,64,5,21,39,77,47,79,59,53,25,48,15" hai3="86,119,19,91,29,125,95,135,122,50,80,33,71"/><U103/><E118/><V41/><F134/><W132/><G122/><T22/><D37/><U81/><E121/><V76/><F5/><W45/><G119/><T126/><D116/><U62/><E133/><N who="3" m="51274" /><G71/><T75/><D110/><N who="1" m="42603" /><E43/><V24/><REACH who="2" step="1"/><F64/><REACH who="2" ten="230,386,124,250" step="2"/><W111/><G111/><T46/><D126/><U127/><E127/><V99/><F99/><W4/><G125/><T58/><D128/><U44/><E2/><V120/><F120/><W98/><G4/><T101/><D101/><U114/><E103/><V7/><F7/><W84/><G98/><T52/><D46/><U1/><E1/><V78/><N who="2" m="19456" /><DORA hai="12" /><V92/><F92/><W115/><G95/><T14/><REACH who="0" step="1"/><D8/><REACH who="0" ten="220,386,124,250" step="2"/><U89/><E44/><V61/><F61/><AGARI ba="1,2" hai="9,14,18,20,22,28,30,31,52,58,61,73,74,75" machi="61" ten="50,12000,2" yaku="1,1,2,1,52,1,54,1,53,3" doraHai="88,12" doraHaiUra="131,26" who="0" fromWho="2" sc="220,143,386,0,124,-123,250,0" /><INIT seed="2,0,0,2,1,113" ten="363,386,1,250" oya="2" hai0="65,11,45,21,52,102,24,100,19,68,15,30,7" hai1="1,9,94,115,99,128,14,62,96,55,49,25,71" hai2="123,74,67,66,106,38,46,81,29,72,73,82,77" hai3="97,93,78,31,116,0,70,118,16,76,6,10,121"/><V3/><F123/><W130/><G70/><T104/><D104/><U79/><E115/><V17/><F106/><W43/><G121/><T44/><D68/><U112/><E112/><V131/><F131/><W50/><G130/><T63/><D65/><U101/><E128/><V87/><F29/><W127/><G127/><T12/><D44/><U133/><E1/><V13/><F3/><W83/><G31/><T42/><D42/><U32/><E133/><V89/><F38/><W26/><G43/><T34/><REACH who="0" step="1"/><D45/><REACH who="0" ten="353,386,1,250" step="2"/><U120/><E120/><V126/><F126/><W59/><G59/><AGARI ba="0,1" hai="7,11,12,15,19,21,24,30,34,52,59,63,100,102" machi="59" ten="40,5200,0" yaku="1,1,2,1,54,1,53,0" doraHai="113" doraHaiUra="90" who="0" fromWho="3" sc="353,62,386,0,1,0,250,-52" /><INIT seed="3,0,0,4,1,3" ten="415,386,1,198" oya="3" hai0="126,66,16,20,123,58,42,57,122,130,10,47,23" hai1="111,103,38,86,94,49,93,68,61,133,26,22,34" hai2="91,8,89,55,1,50,70,71,95,2,17,44,115" hai3="83,54,88,4,120,135,74,107,76,73,40,32,129"/><W64/><G120/><T9/><D126/><U69/><E38/><V100/><F115/><W96/><G32/><T84/><D130/><U25/><E34/><V80/><F71/><W30/><G129/><T99/><D123/><U56/><E111/><V114/><F70/><W113/><G113/><T33/><D33/><U59/><E133/><V119/><F119/><W90/><G135/><T15/><D122/><U112/><E112/><V65/><F65/><W116/><G116/><T67/><D99/><U45/><E59/><N who="0" m="22537" /><D23/><U125/><E125/><V127/><F114/><W128/><G128/><T5/><D84/><U121/><E121/><V36/><F36/><W101/><G64/><N who="0" m="24619" /><D5/><U60/><E69/><V11/><F127/><W35/><G40/><T132/><D132/><U81/><E68/><V104/><F104/><W78/><G54/><T0/><D0/><U12/><E12/><V19/><F1/><W13/><G30/><T124/><D124/><U29/><E26/><V134/><F134/><W41/><G35/><T24/><D24/><U75/><E75/><V39/><F39/><W102/><G41/><T85/><D85/><U6/><E6/><V131/><F131/><W97/><G13/><T27/><D15/><U109/><E109/><V53/><F53/><W46/><G4/><T79/><D79/><N who="1" m="46399" /><E103/><V14/><F80/><N who="3" m="45071" /><G46/><T117/><D117/><U21/><E21/><V51/><F51/><AGARI ba="0,0" hai="9,10,16,20,27,42,47,51" m="24619,22537" machi="51" ten="30,2000,0" yaku="8,1,54,1" doraHai="3" who="0" fromWho="2" sc="415,20,386,0,1,-20,198,0" owari="435,53.5,386,18.6,-19,-51.9,198,-20.2" /></mjloggm>