<mjloggm ver="2.3"><GO type="225" lobby="0"/><UN n0="%E3%81%B5%E3%81%98%E3%81%8B%E3%81%A4" n1="%E6%B4%BE%E9%81%A3%E3%81%AE%E3%82%B8%E3%83%A3%E3%83%83%E3%82%AF" n2="%E3%81%AF%E3%82%88%E3%81%8A%E3%81%98%E3%81%95%E3%82%93" n3="%E3%81%BF%E3%81%BF%E3%81%9A" dan="16,17,17,17" rate="2173.08,2195.89,2186.83,2301.51" sx="M,M,M,M"/><TAIKYOKU oya="0"/><INIT seed="0,0,0,3,4,35" ten="250,250,250,250" oya="0" hai0="36,106,117,74,10,11,30,34,67,135,100,78,105" hai1="9,17,20,76,104,43,101,107,46,112,130,111,129" hai2="25,125,128,40,33,41,58,52,0,4,55,127,37" hai3="31,56,133,102,134,85,64,119,44,45,84,2,21"/><T71/><D117/><U82/><E111/><V80/><F128/><N who="1" m="49257" /><E101/><V14/><F14/><W69/><G119/><T86/><D86/><N who="3" m="33385" /><G69/><T61/><D135/><N who="3" m="51721" /><G102/><T120/><D120/><U91/><E91/><V97/><F97/><W109/><G109/><T66/><D36/><N who="1" m="21863" /><E112/><V88/><F88/><W27/><G2/><T38/><D38/><U72/><E9/><N who="2" m="2183" /><F80/><W65/><G56/><T57/><D57/><U23/><E23/><V73/><F73/><W47/><AGARI ba="0,0" hai="21,27,31,44,45,47,64,65" m="51721,33385" machi="47" ten="40,1500,0" yaku="20,1" doraHai="35" who="3" fromWho="3" sc="250,-7,250,-4,250,-4,250,15" /><INIT seed="1,0,0,5,2,22" ten="243,246,246,265" oya="1" hai0="56,132,54,76,133,123,90,37,3,78,44,6,14" hai1="117,110,93,9,72,91,111,34,74,73,79,102,61" hai2="67,116,107,119,77,26,5,33,68,106,87,23,0" hai3="96,92,19,17,1,118,122,39,63,28,104,112,2"/><U60/><E117/><V99/><F33/><W29/><G122/><T25/><D123/><U47/><E102/><V12/><F0/><W128/><G39/><T31/><D90/><U36/><E9/><V81/><F68/><W75/><G75/><T115/><D115/><U125/><E125/><V131/><F67/><W51/><G104/><T100/><D100/><U101/><E101/><V89/><F131/><W24/><G112/><T30/><D30/><U38/><E79/><V135/><F135/><N who="0" m="51786" /><D3/><U46/><E34/><V52/><F116/><W69/><G118/><T62/><D14/><U98/><E38/><V130/><F130/><W58/><G128/><T41/><D6/><U124/><E124/><V53/><F119/><W42/><G69/><T27/><D27/><U129/><E129/><V13/><F107/><W134/><G134/><T114/><D114/><U65/><E36/><V109/><F109/><N who="1" m="41481" /><E60/><V10/><F12/><W94/><G1/><T108/><D108/><U32/><E32/><AGARI ba="0,0" hai="25,31,32,37,41,44,54,56,62,76,78" m="51786" machi="32" ten="30,2000,0" yaku="20,1,52,1" doraHai="22" who="0" fromWho="1" sc="243,20,246,-20,246,0,265,0" /><INIT seed="2,0,0,1,1,88" ten="263,226,246,265" oya="2" hai0="0,69,44,79,26,97,31,84,5,58,56,127,3" hai1="61,102,53,49,78,54,50,118,122,77,121,1,94" hai2="103,29,114,28,51,62,119,30,23,10,8,52,20" hai3="6,33,4,95,40,55,47,111,2,82,14,89,25"/><V125/><F114/><W96/><G2/><T17/><D69/><U22/><E1/><V63/><F119/><W134/><G111/><T43/><D127/><U128/><E118/><V129/><F125/><W87/><G134/><T123/><D17/><U36/><E36/><V112/><F112/><W99/><G33/><T91/><D79/><N who="1" m="30219" /><E128/><V81/><F129/><W66/><G66/><T72/><D72/><U41/><E22/><N who="2" m="8235" /><F103/><W100/><G25/><T80/><D3/><U60/><E41/><V11/><F81/><W116/><G116/><T39/><D123/><N who="1" m="47115" /><E102/><V45/><AGARI ba="0,0" hai="8,10,11,28,29,30,45,51,52,62,63" m="8235" machi="45" ten="40,3900,0" yaku="8,1,54,1" doraHai="88" who="2" fromWho="2" sc="263,-13,226,-13,246,39,265,-13" /><INIT seed="2,1,0,0,2,119" ten="250,213,285,252" oya="2" hai0="49,110,122,81,99,58,116,6,84,29,36,121,124" hai1="131,9,98,10,17,68,105,86,71,43,4,39,123" hai2="52,133,7,11,103,64,69,28,79,93,40,112,127" hai3="94,90,126,78,72,117,45,24,60,65,23,70,87"/><V76/><F112/><W19/><G117/><T54/><D116/><U50/><E131/><V95/><F127/><W20/><G126/><T14/><D124/><U30/><E50/><V57/><F133/><W134/><G134/><T113/><D113/><U0/><E86/><V22/><F40/><W44/><G72/><T83/><D36/><U125/><E125/><V88/><F64/><W109/><G109/><T106/><D29/><U33/><E17/><V5/><F69/><N who="1" m="26697" /><E10/><V77/><F11/><W132/><G132/><T13/><D110/><U111/><E111/><V12/><F95/><W42/><G78/><T97/><D83/><U75/><E75/><V27/><F103/><W15/><REACH who="3" step="1"/><G42/><REACH who="3" ten="250,213,285,242" step="2"/><T118/><D118/><U135/><E135/><V74/><F74/><W80/><G80/><T62/><D81/><U55/><E43/><V91/><F79/><W3/><G3/><T89/><D106/><U32/><E105/><V35/><F77/><W25/><G25/><T51/><D14/><U8/><E0/><V100/><F76/><W66/><G66/><T31/><D13/><U92/><E55/><V114/><F114/><W102/><G102/><T56/><D54/><U130/><E130/><V96/><F12/><W41/><G41/><T129/><D129/><U107/><E107/><V63/><F100/><W18/><AGARI ba="1,1" hai="15,18,19,20,23,24,44,45,60,65,70,87,90,94" machi="18" ten="20,2700,0" yaku="1,1,0,1,7,1,53,0" doraHai="119" doraHaiUra="115" who="3" fromWho="3" sc="250,-8,213,-8,285,-14,242,40" /><INIT seed="3,0,0,4,1,106" ten="242,205,271,282" oya="3" hai0="17,57,129,72,22,91,67,117,56,74,113,120,45" hai1="0,21,89,93,14,65,61,47,9,109,15,104,131" hai2="111,46,71,97,124,77,125,3,38,1,64,28,43" hai3="80,18,123,36,75,20,66,95,53,100,128,50,103"/><W92/><G123/><T6/><D120/><U115/><E115/><V29/><F111/><W133/><G36/><T19/><D117/><U51/><E104/><V39/><F77/><W76/><G66/><T130/><D113/><U68/><E109/><V59/><F71/><W98/><G128/><N who="0" m="49259" /><D6/><U112/><E112/><V60/><F38/><W23/><G133/><T110/><D110/><U119/><E119/><V11/><F97/><W40/><G40/><T127/><D127/><N who="2" m="48714" /><F11/><W78/><G78/><T34/><D34/><U27/><E131/><V134/><F134/><W69/><G69/><T26/><D45/><U58/><E68/><V114/><F114/><W118/><G118/><T83/><D17/><N who="1" m="12719" /><E9/><V2/><AGARI ba="0,0" hai="1,2,3,28,29,39,43,46,59,60,64" m="48714" machi="2" ten="40,1500,0" yaku="18,1" doraHai="106" who="2" fromWho="2" sc="242,-4,205,-4,271,15,282,-7" /><INIT seed="4,0,0,1,2,13" ten="238,201,286,275" oya="0" hai0="67,78,125,79,68,32,44,74,119,113,95,50,25" hai1="124,0,30,15,27,66,89,21,24,122,58,72,64" hai2="126,100,16,6,54,46,18,135,77,81,94,37,99" hai3="115,133,3,118,11,40,36,41,12,86,92,53,55"/><T52/><D119/><U106/><E122/><V49/><F126/><W98/><G3/><T23/><D125/><U90/><E72/><V75/><F135/><W22/><G118/><T14/><D113/><U128/><E106/><V62/><F37/><W103/><G115/><T60/><D32/><U65/><E0/><V20/><F6/><W116/><G133/><T33/><D74/><U84/><E124/><V59/><F20/><W107/><G116/><T71/><D71/><U1/><E1/><V104/><F104/><W131/><G131/><T110/><D110/><U63/><E128/><V4/><F4/><N who="3" m="3175" /><G36/><T109/><D109/><U69/><E69/><V114/><F114/><W93/><G107/><T51/><D51/><U70/><E70/><V88/><F100/><W7/><G7/><T48/><D48/><U28/><E15/><V134/><F134/><W83/><G93/><T130/><D130/><U19/><E89/><V121/><F121/><W8/><G8/><T29/><REACH who="0" step="1"/><D95/><REACH who="0" ten="228,201,286,275" step="2"/><N who="1" m="54727" /><E27/><V31/><F31/><AGARI ba="0,1" hai="19,21,24,28,30,31,58,63,64,65,66" m="54727" machi="31" ten="30,2000,0" yaku="8,1,52,1" doraHai="13" who="1" fromWho="2" sc="228,0,201,30,286,-20,275,0" /><INIT seed="5,0,0,5,2,97" ten="228,231,266,275" oya="1" hai0="122,53,125,17,64,106,80,66,76,96,120,129,63" hai1="68,19,28,49,89,27,16,43,10,65,8,104,6" hai2="3,46,100,26,20,38,71,79,70,131,35,11,59" hai3="67,61,132,98,54,58,31,126,90,119,51,117,102"/><U116/><E116/><N who="3" m="44618" /><G132/><T32/><D32/><U107/><E68/><V83/><F35/><W118/><N who="3" m="44626" /><W18/><DORA hai="37" /><G126/><T101/><D125/><U84/><E65/><V74/><F131/><W123/><G123/><N who="0" m="47147" /><D129/><U29/><E104/><V86/><F86/><W22/><G90/><T109/><D109/><U55/><E107/><V134/><F59/><W52/><G31/><N who="1" m="11850" /><E43/><N who="2" m="22903" /><F100/><W88/><G88/><T1/><D1/><U14/><E27/><V5/><F134/><W50/><G54/><T105/><D106/><U130/><E10/><V92/><F92/><N who="3" m="58695" /><G67/><N who="0" m="25643" /><D53/><U34/><E34/><V93/><F93/><W36/><G36/><T30/><D30/><AGARI ba="0,0" hai="3,5,11,20,26,30,70,71,74,79,83" m="22903" machi="30" ten="30,2000,0" yaku="25,1,52,1" doraHai="97,37" who="2" fromWho="0" sc="228,-20,231,0,266,20,275,0" /><INIT seed="6,0,0,4,0,131" ten="208,231,286,275" oya="2" hai0="111,129,63,29,38,113,83,21,43,133,84,134,23" hai1="55,9,47,67,135,86,51,2,117,7,109,60,25" hai2="126,64,75,8,120,79,62,105,118,10,26,94,74" hai3="13,41,57,72,45,114,89,122,121,65,112,130,30"/><V33/><F118/><W81/><G30/><T35/><D111/><U12/><E109/><V88/><F120/><W36/><G13/><T61/><D129/><U119/><E25/><V52/><F105/><W31/><G31/><T68/><D113/><N who="3" m="43625" /><G130/><T100/><D100/><U123/><E123/><V5/><F126/><W90/><G90/><N who="0" m="51487" /><D68/><U73/><E73/><V66/><F26/><W0/><G0/><T76/><D76/><U44/><E44/><V54/><F33/><W101/><G101/><T17/><D35/><U50/><E50/><V91/><F79/><N who="3" m="44263" /><G89/><T124/><D124/><U18/><E86/><V39/><F94/><W107/><G107/><T14/><D38/><U102/><E102/><V15/><F39/><W93/><G93/><T22/><D43/><U95/><E95/><V40/><F40/><W1/><G1/><T115/><D115/><U97/><E97/><V77/><F77/><W42/><G42/><T106/><D106/><U34/><E34/><V6/><F15/><W98/><G98/><T53/><D29/><U127/><E127/><V85/><F85/><W78/><G78/><T71/><D71/><N who="1" m="42471" /><E117/><V92/><F92/><W104/><G104/><T59/><D61/><AGARI ba="0,0" hai="5,6,8,10,52,54,61,62,64,66,74,75,88,91" machi="61" ten="25,9600,0" yaku="22,2,54,2" doraHai="131" who="2" fromWho="0" sc="208,-96,231,0,286,96,275,0" /><AGARI ba="0,0" hai="36,41,45,57,61,65,121,122" m="44263,43625" machi="61" ten="30,2000,0" yaku="15,1,11,1" doraHai="131" who="3" fromWho="0" sc="112,-20,231,0,382,0,275,20" owari="92,-40.8,231,-16.9,382,48.2,295,9.5" /></mjloggm>