<mjloggm ver="2.3"><GO type="225" lobby="0"/><UN n0="%E4%B8%89%E5%86%A0%E7%8E%8B%E3%83%BB%E5%B1%B1%E7%94%B0%E5%93%B2%E4%BA%BA" n1="%E3%82%B7%E3%83%B3%E5%A4%AA%E6%9C%97" n2="%E5%AE%AE%E4%BF%9D%E9%B6%8F%E8%82%89" n3="%6C%61%6D%62" dan="16,16,16,16" rate="2154.22,2134.87,2116.51,2145.67" sx="M,M,M,M"/><TAIKYOKU oya="0"/><INIT seed="0,0,0,1,0,31" ten="250,250,250,250" oya="0" hai0="50,57,70,13,65,49,37,24,100,60,98,72,32" hai1="93,9,66,6,117,97,124,115,51,90,39,120,74" hai2="82,7,22,43,67,26,19,113,123,38,118,133,108" hai3="71,76,29,17,91,127,33,10,95,125,35,18,104"/><T116/><D37/><U99/><E120/><V69/><F123/><W23/><G104/><T36/><D36/><U1/><E117/><V62/><F113/><W135/><G71/><T102/><D116/><U109/><E109/><V103/><F108/><W84/><G135/><T8/><D72/><U0/><E39/><V134/><F118/><W107/><G107/><T40/><D40/><U81/><E115/><V28/><F103/><W73/><G73/><T14/><D102/><U46/><E66/><V88/><F7/><W92/><G76/><T59/><D50/><U30/><E30/><V122/><F122/><W78/><G78/><T55/><D59/><U34/><E34/><N who="3" m="12810" /><G95/><T58/><D58/><U63/><E63/><V121/><F121/><W101/><G101/><T27/><D32/><U86/><E74/><V3/><F3/><W111/><G10/><T16/><REACH who="0" step="1"/><D13/><REACH who="0" ten="240,250,250,250" step="2"/><U25/><E0/><V20/><F43/><W79/><G111/><T21/><D21/><U56/><E56/><V53/><F38/><W126/><G79/><T114/><D114/><U87/><E1/><V47/><F47/><W52/><G52/><T77/><D77/><U80/><E46/><V96/><F53/><W15/><G15/><T48/><D48/><U110/><E51/><V105/><F22/><W45/><G45/><T131/><D131/><U106/><E110/><V12/><F12/><W94/><G23/><T89/><D89/><U2/><E90/><V128/><F128/><W85/><G29/><T130/><D130/><U42/><E2/><V119/><F28/><W11/><G11/><RYUUKYOKU ba="0,1" sc="240,15,250,-15,250,-15,250,15" hai0="8,14,16,24,27,49,55,57,60,65,70,98,100" hai3="17,18,84,85,91,92,94,125,126,127" /><INIT seed="0,1,1,3,2,39" ten="255,235,235,265" oya="0" hai0="96,112,107,33,119,66,37,19,38,73,23,121,114" hai1="135,34,17,16,124,99,1,43,50,71,123,27,67" hai2="26,35,75,118,120,113,24,0,111,69,91,125,98" hai3="106,80,22,6,108,70,81,76,4,42,68,82,10"/><T109/><D33/><U74/><E123/><V18/><RYUUKYOKU type="yao9" ba="1,1" sc="255,0,235,0,235,0,265,0" hai2="0,18,24,26,35,69,75,91,98,111,113,118,120,125" /><INIT seed="0,2,1,3,4,98" ten="255,235,235,265" oya="0" hai0="75,123,59,67,16,108,49,73,80,93,112,38,72" hai1="120,46,130,105,109,9,106,71,15,114,88,17,33" hai2="64,97,27,119,51,82,125,89,96,61,53,126,47" hai3="68,132,50,4,87,83,56,102,78,121,32,129,0"/><T128/><D38/><U10/><E120/><V81/><F119/><W134/><G68/><T70/><D112/><U94/><E114/><V116/><F116/><W55/><G32/><T11/><D123/><U77/><E109/><V127/><F27/><W90/><G121/><T65/><D108/><U76/><E71/><V66/><F66/><W111/><G111/><T26/><D70/><U101/><E130/><V113/><F113/><W25/><G129/><T19/><D128/><U57/><E33/><V135/><F135/><N who="3" m="51755" /><G25/><T99/><D80/><N who="2" m="30826" /><F89/><W110/><G102/><T85/><D85/><U6/><E46/><V43/><F43/><W107/><G107/><T29/><D11/><U12/><E57/><AGARI ba="2,1" hai="47,51,53,57,61,64,96,97,125,126,127" m="30826" machi="57" ten="30,1000,0" yaku="18,1" doraHai="98" who="2" fromWho="1" sc="255,0,235,-16,235,26,265,0" /><INIT seed="1,0,0,3,1,118" ten="255,219,261,265" oya="1" hai0="5,36,105,124,60,121,51,104,4,113,94,117,66" hai1="62,3,18,86,59,17,107,54,108,12,19,8,42" hai2="7,82,63,90,77,93,83,125,115,20,64,2,39" hai3="41,99,45,114,1,49,109,27,74,98,103,92,130"/><U6/><E107/><V30/><F39/><W132/><G114/><T102/><D36/><U43/><E108/><V97/><F115/><W73/><G109/><T56/><D117/><U16/><REACH who="1" step="1"/><E86/><REACH who="1" ten="255,209,261,265" step="2"/><V116/><F116/><W23/><G74/><T10/><D105/><U71/><E71/><V106/><F106/><W21/><G73/><T0/><D104/><U29/><E29/><V44/><F30/><W91/><G132/><T133/><D133/><U11/><AGARI ba="0,1" hai="3,6,8,11,12,16,17,18,19,42,43,54,59,62" machi="11" ten="30,11700,0" yaku="1,1,0,1,54,1,53,1" doraHai="118" doraHaiUra="32" who="1" fromWho="1" sc="255,-39,209,127,261,-39,265,-39" /><INIT seed="1,1,0,5,0,53" ten="216,336,222,226" oya="1" hai0="12,49,57,52,87,132,77,13,88,72,35,92,55" hai1="63,130,31,11,91,22,32,47,54,80,104,75,71" hai2="8,9,82,98,34,99,119,86,64,109,90,97,135" hai3="65,125,45,43,4,81,10,79,60,70,116,56,27"/><U118/><E104/><V23/><F119/><W122/><G122/><T110/><D110/><U93/><E118/><V112/><F109/><W37/><G116/><T111/><D111/><U2/><E130/><V114/><F34/><W26/><G125/><T67/><D35/><U128/><E128/><V59/><F135/><W68/><G68/><T50/><D132/><U20/><E32/><V42/><F42/><W78/><G70/><T131/><D131/><U123/><E123/><V41/><F41/><W76/><REACH who="3" step="1"/><G81/><REACH who="3" ten="216,336,222,216" step="2"/><T40/><D40/><U107/><E71/><V44/><F112/><W3/><AGARI ba="1,1" hai="3,4,10,26,27,37,43,45,56,60,65,76,78,79" machi="3" ten="30,8000,1" yaku="1,1,2,1,0,1,52,1,53,1" doraHai="53" doraHaiUra="36" who="3" fromWho="3" sc="216,-21,336,-41,222,-21,216,93" /><INIT seed="2,0,0,5,0,24" ten="195,295,201,309" oya="2" hai0="1,2,40,73,123,125,21,9,33,49,122,117,103" hai1="91,68,92,82,120,72,106,29,60,135,121,132,69" hai2="46,124,51,80,3,109,114,18,128,38,133,61,45" hai3="116,77,42,104,19,63,94,56,8,39,41,105,130"/><V27/><F114/><W74/><G116/><T53/><D73/><U25/><E106/><V101/><F3/><W75/><G130/><T10/><D33/><N who="1" m="20655" /><E82/><V48/><F124/><W129/><G129/><T34/><D34/><U134/><E72/><V79/><F133/><W86/><G19/><T96/><D40/><U110/><E110/><V55/><F38/><W14/><G14/><T99/><D117/><U58/><E58/><V26/><F61/><W62/><G8/><T84/><D84/><N who="1" m="52327" /><E60/><V88/><F101/><W16/><G56/><T30/><D125/><U81/><E81/><V78/><F109/><W67/><G94/><T89/><D89/><U23/><E23/><N who="2" m="13687" /><F27/><W4/><G39/><T93/><D1/><U97/><E97/><V108/><F128/><W5/><G86/><T17/><D2/><U12/><E12/><V47/><F108/><W50/><G67/><T36/><D36/><U87/><E87/><N who="2" m="50279" /><F45/><W119/><G119/><T57/><D99/><U127/><E127/><V66/><F66/><W11/><G104/><T6/><D103/><U59/><E59/><V44/><F46/><W126/><G105/><T100/><D100/><U90/><E90/><V35/><F35/><W95/><G126/><T64/><D64/><U118/><E118/><V37/><F37/><W28/><G75/><T83/><D83/><U115/><E115/><V54/><AGARI ba="0,0" hai="44,47,48,51,54,55,78,79" m="50279,13687" machi="54" ten="30,3000,0" yaku="8,1,54,1" doraHai="24" who="2" fromWho="2" sc="195,-10,295,-10,201,30,309,-10" /><INIT seed="2,1,0,4,2,42" ten="185,285,231,299" oya="2" hai0="18,45,105,38,74,7,39,19,29,26,13,36,14" hai1="114,35,95,94,120,71,10,61,8,55,102,122,100" hai2="25,1,6,31,124,59,135,78,54,0,77,21,32" hai3="97,85,119,104,37,81,88,43,47,53,109,96,91"/><V63/><F124/><W9/><G119/><T110/><D105/><U75/><E75/><V51/><F135/><W115/><G109/><T33/><D74/><U48/><E35/><V106/><F106/><W66/><G115/><T49/><D110/><U4/><E114/><V11/><F0/><W107/><G66/><T73/><D73/><U103/><E61/><V34/><F34/><W70/><G70/><T83/><D83/><U69/><E94/><V132/><F132/><W98/><G91/><T86/><D86/><U15/><E95/><V111/><F111/><W79/><G79/><T112/><D112/><U30/><E30/><V130/><F130/><W2/><REACH who="3" step="1"/><G53/><REACH who="3" ten="185,285,231,289" step="2"/><T129/><D129/><U40/><E71/><V56/><F32/><W20/><G20/><T87/><D87/><U92/><E69/><V62/><F77/><W108/><G108/><T117/><D117/><U5/><E55/><V60/><REACH who="2" step="1"/><F78/><REACH who="2" ten="185,285,221,289" step="2"/><W128/><G128/><T72/><D72/><U12/><E122/><V28/><F28/><W82/><G82/><T134/><D134/><U123/><E120/><V125/><F125/><W118/><G118/><T3/><D33/><U22/><E123/><V80/><F80/><W27/><G27/><T68/><D26/><U16/><E92/><V101/><F101/><W126/><G126/><T90/><D29/><U64/><E103/><V23/><F23/><W46/><G46/><AGARI ba="1,2" hai="1,6,11,21,25,31,46,51,54,56,59,60,62,63" machi="46" ten="40,3900,0" yaku="1,1,52,1,53,0" doraHai="42" doraHaiUra="89" who="2" fromWho="3" sc="185,0,285,0,221,62,289,-42" /><INIT seed="2,2,0,1,5,66" ten="185,285,283,247" oya="2" hai0="4,0,22,104,65,9,53,29,45,34,18,36,83" hai1="21,49,135,120,32,39,107,131,54,50,82,40,28" hai2="70,15,12,31,52,72,75,58,74,56,87,24,109" hai3="86,43,71,95,123,84,6,26,110,69,96,134,44"/><V16/><F70/><W111/><G123/><T59/><D104/><U100/><E120/><V117/><F117/><W77/><G6/><T17/><D65/><U112/><E112/><V47/><F109/><N who="3" m="41483" /><G134/><T60/><D36/><U88/><E32/><V5/><F5/><W76/><G26/><T132/><D132/><U92/><E39/><V41/><F12/><W114/><G114/><T121/><D121/><U55/><E40/><V13/><F15/><W97/><G84/><T124/><D124/><U48/><E131/><V79/><F87/><W103/><G97/><T3/><D3/><U61/><E61/><V63/><F58/><W27/><G27/><T133/><D133/><U129/><E82/><V10/><F79/><N who="3" m="30283" /><G86/><T102/><D102/><U23/><E129/><V78/><F78/><W89/><G89/><T62/><D83/><U113/><E113/><V130/><F130/><W93/><G93/><T42/><D34/><U91/><E107/><V19/><F19/><W8/><G8/><T90/><D90/><N who="1" m="34347" /><E135/><V57/><F57/><W14/><G14/><T25/><REACH who="0" step="1"/><D62/><REACH who="0" ten="175,285,283,247" step="2"/><U33/><E33/><V106/><F106/><W119/><G119/><T101/><D101/><U46/><E100/><V1/><F1/><W125/><G125/><T51/><AGARI ba="2,1" hai="0,4,9,17,18,22,25,29,42,45,51,53,59,60" machi="51" ten="20,2700,0" yaku="1,1,0,1,7,1,53,0" doraHai="66" doraHaiUra="115" who="0" fromWho="0" sc="175,43,285,-9,283,-15,247,-9" /><INIT seed="3,0,0,5,3,48" ten="218,276,268,238" oya="3" hai0="41,10,93,46,1,20,76,43,110,116,90,26,97" hai1="85,68,115,44,21,39,134,95,89,72,45,23,79" hai2="33,49,73,5,135,129,84,15,123,67,81,59,37" hai3="75,108,18,102,99,119,51,16,120,22,87,91,70"/><W126/><G119/><T62/><D116/><U13/><E68/><V64/><F37/><W60/><G120/><T34/><D110/><U130/><E130/><V17/><F33/><W58/><G126/><T107/><D34/><U117/><E115/><V19/><F73/><W9/><G75/><T71/><D107/><U55/><E117/><V114/><F114/><W100/><G70/><T54/><D76/><U104/><E104/><V4/><F135/><W96/><G51/><T29/><D71/><U35/><E35/><V38/><F38/><W74/><G74/><T118/><D118/><U132/><E39/><V66/><F19/><N who="3" m="7211" /><G22/><T77/><D77/><U94/><E94/><V3/><F3/><W28/><G28/><T57/><REACH who="0" step="1"/><D46/><REACH who="0" ten="208,276,268,238" step="2"/><U82/><E44/><V50/><F123/><W128/><G108/><T52/><D52/><U127/><E55/><V122/><F122/><W27/><G128/><T105/><D105/><U32/><E45/><V63/><F129/><W69/><G69/><T133/><D133/><U78/><E32/><V30/><F66/><N who="3" m="39191" /><G27/><T88/><D88/><U131/><E131/><V83/><F64/><W2/><G102/><T12/><D12/><U113/><E78/><V8/><F67/><W11/><G100/><T36/><D36/><U106/><E113/><V40/><F15/><W86/><G91/><T24/><D24/><U0/><E13/><V42/><F42/><W111/><G111/><T47/><D47/><U25/><E132/><V124/><F40/><W121/><G121/><T101/><D101/><U103/><E134/><V31/><F8/><RYUUKYOKU ba="0,1" sc="208,30,276,-10,268,-10,238,-10" hai0="1,10,20,26,29,41,43,54,57,62,90,93,97" /><INIT seed="4,1,1,4,5,134" ten="238,266,258,228" oya="0" hai0="95,59,3,93,80,69,135,77,53,92,49,24,1" hai1="60,88,91,129,22,105,121,68,19,73,14,29,15" hai2="54,87,109,74,123,50,108,102,26,20,61,85,89" hai3="18,16,58,32,120,125,46,83,122,127,78,113,70"/><T30/><D69/><U66/><E121/><N who="3" m="46698" /><G70/><T100/><D135/><U55/><E105/><V25/><F74/><N who="3" m="43479" /><G113/><T72/><REACH who="0" step="1"/><D100/><REACH who="0" ten="228,266,258,228" step="2"/><U133/><E133/><V56/><F102/><W45/><G32/><AGARI ba="1,2" hai="1,3,24,30,32,49,53,59,72,77,80,92,93,95" machi="32" ten="40,3900,0" yaku="1,1,2,1,53,0" doraHai="134" doraHaiUra="118" who="0" fromWho="3" sc="228,62,266,0,258,0,228,-42" /><INIT seed="4,2,0,3,3,12" ten="290,266,258,186" oya="0" hai0="16,11,131,33,101,31,48,34,103,81,133,120,14" hai1="42,28,93,83,88,118,5,65,106,21,60,119,69" hai2="86,4,117,135,29,17,79,26,108,1,20,44,124" hai3="19,97,57,84,70,13,45,89,113,54,127,51,78"/><T110/><D120/><U105/><E42/><V82/><F108/><W3/><G70/><T123/><D123/><U91/><E5/><V121/><F121/><W43/><G113/><T90/><D110/><U109/><E109/><V58/><F124/><W80/><G127/><T92/><D133/><U122/><E122/><V6/><F135/><W107/><G3/><T55/><D131/><U111/><E111/><V95/><F117/><W100/><G78/><T2/><D2/><U66/><E66/><V50/><F1/><W8/><REACH who="3" step="1"/><G57/><REACH who="3" ten="290,266,258,176" step="2"/><N who="0" m="32999" /><D34/><U30/><E69/><V85/><F58/><W72/><G72/><T74/><D33/><U67/><E118/><V25/><F79/><W36/><G36/><T59/><D74/><U115/><E119/><V9/><F44/><W63/><G63/><T102/><D59/><U73/><E60/><V53/><F50/><W39/><G39/><T23/><D81/><U75/><E83/><V7/><F82/><W56/><G56/><T87/><D31/><U40/><E115/><V49/><F29/><W18/><G18/><T134/><D134/><U62/><E62/><V71/><F71/><W98/><G98/><T96/><D96/><U126/><E126/><V52/><F49/><W15/><G15/><T64/><D64/><U112/><E112/><V32/><F32/><W94/><G94/><T46/><D46/><U104/><E104/><V38/><F38/><W130/><G130/><T77/><D77/><U132/><E132/><V61/><F61/><W22/><G22/><AGARI ba="2,1" hai="11,14,16,22,23,87,90,92,101,102,103" m="32999" machi="22" ten="30,5800,0" yaku="8,1,52,1,54,1" doraHai="12" who="0" fromWho="3" sc="290,74,266,0,258,0,176,-64" owari="364,46.4,266,6.6,258,-14.2,112,-38.8" /></mjloggm>