<mjloggm ver="2.3"><GO type="225" lobby="0"/><UN n0="%33%74%72%65%65" n1="%6D%75%75%6D%75%72%61" n2="%E6%A1%9C%E8%8A%B1%E9%96%83%E3%80%85" n3="%E4%B8%AD%E5%B9%B4%E3%81%AE%E5%8D%B1%E6%A9%9F" dan="17,17,17,17" rate="2216.47,2213.96,2179.59,2153.95" sx="F,F,M,M"/><TAIKYOKU oya="0"/><INIT seed="0,0,0,4,1,129" ten="250,250,250,250" oya="0" hai0="5,103,41,64,87,26,60,104,83,17,117,135,118" hai1="85,125,59,24,38,78,130,72,95,120,74,108,61" hai2="81,4,63,68,10,13,86,25,48,116,107,62,49" hai3="22,84,0,126,123,131,127,94,58,119,122,7,55"/><T65/><D65/><U27/><E120/><N who="3" m="46122" /><G119/><T46/><D5/><U96/><E130/><V133/><F116/><W114/><G131/><T31/><D17/><U105/><E38/><V8/><F107/><W28/><G114/><T54/><D54/><U51/><E108/><V134/><F25/><N who="3" m="16439" /><G7/><T42/><D42/><U43/><E105/><V66/><F62/><N who="3" m="36191" /><G0/><T106/><D117/><U57/><E125/><V16/><F49/><W15/><G15/><T53/><D118/><U56/><E61/><V50/><F50/><W89/><AGARI ba="0,0" hai="84,89,94,126,127" m="36191,16439,46122" machi="89" ten="30,1100,0" yaku="13,1" doraHai="129" who="3" fromWho="3" sc="250,-5,250,-3,250,-3,250,11" /><INIT seed="1,0,0,5,2,86" ten="245,247,247,261" oya="1" hai0="121,128,50,29,45,68,94,36,30,42,90,74,115" hai1="66,70,26,58,27,112,11,95,48,110,61,41,62" hai2="16,120,126,100,17,67,73,12,37,53,79,28,135" hai3="39,24,18,4,103,33,105,91,106,54,101,0,9"/><U25/><E112/><V20/><F120/><W8/><G39/><T51/><D115/><U14/><E110/><V117/><F117/><W52/><G105/><T81/><D121/><U46/><E95/><V3/><F3/><W15/><G106/><T85/><D68/><U44/><E44/><V133/><F37/><W56/><G54/><T98/><D128/><U13/><REACH who="1" step="1"/><E11/><REACH who="1" ten="245,237,247,261" step="2"/><V21/><F135/><W55/><G101/><T69/><D69/><U77/><E77/><V34/><F100/><W60/><G103/><T107/><D107/><U49/><E49/><V80/><F133/><W1/><G91/><T131/><D131/><U99/><E99/><V40/><F79/><W38/><G38/><T132/><D132/><U122/><E122/><V10/><F10/><W84/><G0/><T43/><D36/><U109/><E109/><V130/><F130/><W111/><G111/><T7/><D98/><U114/><E114/><V22/><F80/><W75/><G75/><T31/><D74/><U123/><E123/><V92/><F92/><W64/><REACH who="3" step="1"/><G84/><REACH who="3" ten="245,237,247,251" step="2"/><T125/><D85/><U93/><E93/><V32/><F73/><W129/><G129/><T108/><D94/><U127/><E127/><V5/><F126/><W104/><G104/><T89/><D125/><U87/><E87/><V97/><F97/><W83/><G83/><T116/><D81/><U96/><E96/><V88/><F88/><W102/><G102/><T35/><D90/><U76/><E76/><V124/><F124/><W71/><G71/><T119/><D89/><U72/><E72/><V19/><F40/><RYUUKYOKU ba="0,2" sc="245,-15,237,15,247,-15,251,15" hai1="13,14,25,26,27,41,46,48,58,61,62,66,70" hai3="1,4,8,9,15,18,24,33,52,55,56,60,64" /><INIT seed="1,1,2,5,3,61" ten="230,252,232,266" oya="1" hai0="62,49,131,2,81,65,50,82,14,123,41,26,102" hai1="70,133,105,100,121,118,4,127,79,72,119,126,30" hai2="90,58,5,53,9,0,25,64,115,29,17,16,96" hai3="66,86,116,42,7,120,13,95,85,8,80,71,78"/><U112/><E70/><V128/><F128/><W18/><G120/><T108/><D2/><U38/><E38/><V22/><F115/><W44/><G116/><N who="1" m="44586" /><E30/><V77/><F77/><W20/><G71/><T6/><D26/><U43/><E4/><V124/><F124/><N who="1" m="47657" /><E43/><V94/><REACH who="2" step="1"/><F64/><REACH who="2" ten="230,252,222,266" step="2"/><W33/><G66/><T109/><D65/><U69/><E112/><V88/><F88/><N who="3" m="53647" /><G33/><T56/><D131/><U35/><E69/><V125/><F125/><W40/><G44/><T60/><D123/><U110/><E121/><V37/><F37/><W84/><G84/><T92/><D109/><U104/><E110/><V21/><F21/><W19/><G7/><T15/><D6/><U67/><E35/><V103/><F103/><W73/><G73/><T134/><D102/><U54/><E67/><V1/><F1/><W74/><G74/><T76/><D108/><U63/><E100/><V39/><F39/><W11/><G11/><T97/><D76/><U51/><E79/><V36/><F36/><W32/><G32/><T24/><D134/><U132/><E72/><V23/><F23/><W31/><G31/><T68/><D68/><U55/><E133/><V48/><AGARI ba="1,3" hai="0,5,9,16,17,22,25,29,48,53,58,90,94,96" machi="48" ten="20,5200,0" yaku="1,1,0,1,7,1,54,1,53,0" doraHai="61" doraHaiUra="122" who="2" fromWho="2" sc="230,-14,252,-27,222,85,266,-14" /><INIT seed="2,0,0,1,5,46" ten="216,225,307,252" oya="2" hai0="105,58,78,17,122,4,128,27,87,26,62,124,43" hai1="29,92,115,103,104,107,80,125,16,134,88,33,112" hai2="81,96,132,18,69,110,66,60,99,98,67,44,126" hai3="135,84,21,71,119,57,130,9,1,127,106,118,35"/><V72/><F126/><W48/><G84/><T59/><D122/><U114/><E125/><V86/><F72/><W113/><G21/><T53/><D124/><U75/><E33/><V61/><F132/><W83/><G57/><T82/><D128/><U68/><E29/><V102/><F110/><W108/><G48/><N who="0" m="31015" /><D105/><N who="1" m="40523" /><E16/><V85/><F102/><W30/><G83/><T93/><D4/><U42/><E42/><V41/><F18/><W39/><G30/><T31/><D31/><U121/><E68/><V15/><F15/><W77/><G77/><T0/><D0/><U3/><E3/><V55/><F55/><W7/><G7/><T94/><D43/><U131/><E131/><V90/><F85/><W8/><G8/><T40/><D40/><U111/><E134/><V117/><F117/><W2/><G9/><T52/><D17/><U14/><E14/><V11/><F11/><W50/><G50/><T6/><D6/><U25/><E25/><AGARI ba="0,0" hai="25,26,27,52,59,62,78,82,87,93,94" m="31015" machi="25" ten="30,3900,0" yaku="8,1,52,1,54,1" doraHai="46" who="0" fromWho="1" sc="216,39,225,-39,307,0,252,0" /><INIT seed="3,0,0,5,0,5" ten="255,186,307,252" oya="3" hai0="89,105,65,15,1,44,78,126,27,128,33,0,110" hai1="111,49,80,6,31,132,50,135,120,19,43,76,85" hai2="29,36,28,51,123,48,112,7,68,54,84,116,92" hai3="64,24,131,97,73,133,90,115,9,86,20,34,69"/><W16/><G115/><T62/><D105/><U21/><E120/><V30/><F36/><W91/><G73/><T17/><D110/><U117/><E111/><V42/><F112/><W127/><G69/><T118/><D118/><U106/><E117/><V25/><F68/><W8/><G34/><T129/><D78/><U114/><E114/><V113/><F113/><W98/><G127/><T63/><D126/><U104/><E31/><V39/><F39/><W134/><G64/><T40/><D89/><N who="3" m="33801" /><G86/><T60/><D65/><U93/><E106/><V41/><F7/><W83/><G83/><T11/><D27/><U14/><E104/><V101/><F84/><W46/><G46/><T18/><D18/><U38/><E93/><V10/><F25/><W122/><G122/><T121/><D33/><U12/><E38/><V95/><F123/><W99/><G131/><N who="0" m="50251" /><D121/><U58/><E58/><N who="2" m="33095" /><F116/><W82/><G82/><T88/><D88/><U37/><E37/><AGARI ba="0,0" hai="0,1,11,15,17,37,40,44,60,62,63" m="50251" machi="37" ten="30,2000,0" yaku="19,1,52,1" doraHai="5" who="0" fromWho="1" sc="255,20,186,-20,307,0,252,0" owari="275,7.5,166,-33.4,307,40.7,252,-14.8" /></mjloggm>