<mjloggm ver="2.3"><GO type="225" lobby="0"/><UN n0="%E9%80%9F%E6%B0%B4%E5%87%9B%E9%A6%99" n1="%E3%81%AF%E3%82%88%E3%81%8A%E3%81%98%E3%81%95%E3%82%93" n2="%E3%81%B2%E3%81%AA%E3%81%AE%E3%82%8A%E3%81%8F" n3="%E5%B0%8F%E9%B3%A5%E9%81%8A%E7%B7%B4%E7%84%A1%32%31%E6%AD%B3" dan="16,17,17,16" rate="2113.83,2199.75,2223.42,2199.15" sx="F,M,M,F"/><TAIKYOKU oya="0"/><INIT seed="0,0,0,1,3,0" ten="250,250,250,250" oya="0" hai0="24,31,51,112,66,70,86,22,114,75,127,28,96" hai1="120,21,56,99,69,89,87,64,104,4,6,97,82" hai2="42,47,74,32,11,33,14,128,91,29,121,60,125" hai3="37,35,83,34,129,111,48,17,95,61,106,93,117"/><T119/><D75/><U58/><E120/><V1/><F121/><W134/><G37/><T98/><D119/><U132/><E132/><V72/><F1/><W2/><G106/><T3/><D127/><U126/><E126/><V44/><F125/><W131/><G134/><T76/><D3/><U84/><E69/><V71/><F47/><W65/><G117/><T68/><D66/><U122/><E122/><V10/><F10/><W26/><G111/><T5/><D51/><U36/><E36/><V108/><F128/><W53/><G2/><T30/><D76/><U67/><E104/><V19/><F108/><W135/><G83/><T12/><D86/><U16/><E84/><V94/><F29/><W100/><G135/><T88/><D70/><U101/><E64/><V9/><F9/><W57/><G100/><T41/><D41/><U133/><E133/><V85/><F72/><W49/><G49/><T52/><D68/><U62/><E58/><V43/><F43/><W118/><G118/><T15/><D114/><U27/><E101/><V77/><F77/><W81/><G65/><T92/><D112/><U50/><E50/><N who="2" m="26903" /><F74/><W110/><G110/><T115/><D115/><U59/><REACH who="1" step="1"/><E56/><REACH who="1" ten="250,240,250,250" step="2"/><V55/><F71/><W80/><G129/><T103/><D103/><U102/><E102/><V109/><F109/><W8/><G131/><T39/><D39/><U13/><E13/><V105/><F105/><W123/><G123/><T116/><D15/><U90/><E90/><V23/><F11/><W45/><G57/><T40/><D116/><U79/><E79/><V18/><F18/><RYUUKYOKU ba="0,1" sc="250,-15,240,15,250,15,250,-15" hai1="4,6,16,21,27,59,62,67,82,87,89,97,99" hai2="14,19,23,32,33,55,60,85,91,94" /><INIT seed="1,1,1,4,5,126" ten="235,255,265,235" oya="1" hai0="42,49,111,45,96,113,123,34,66,74,16,25,132" hai1="29,122,20,15,87,124,92,41,95,83,48,109,10" hai2="118,70,21,54,129,28,76,11,86,5,80,97,103" hai3="13,127,12,131,18,99,115,43,47,134,84,39,100"/><U27/><E122/><V85/><F118/><W55/><G127/><T9/><D123/><U102/><E124/><V60/><F28/><W112/><G134/><T4/><D113/><U108/><E48/><V59/><F21/><W64/><G64/><T101/><D74/><U46/><E46/><V52/><F70/><W119/><G119/><T117/><D117/><U8/><E41/><V0/><F129/><W22/><G131/><T1/><D132/><U104/><E104/><V65/><REACH who="2" step="1"/><F86/><REACH who="2" ten="235,255,255,235" step="2"/><W116/><G116/><T7/><D111/><N who="1" m="42571" /><E102/><V107/><AGARI ba="1,2" hai="0,5,11,52,54,59,60,65,76,80,85,97,103,107" machi="107" ten="20,8000,1" yaku="1,1,0,1,7,1,54,1,53,1" doraHai="126" doraHaiUra="57" who="2" fromWho="2" sc="235,-21,255,-41,255,103,235,-21" /><INIT seed="2,0,0,3,3,129" ten="214,214,358,214" oya="2" hai0="62,68,96,118,111,32,22,107,56,50,8,1,86" hai1="84,75,20,99,10,69,64,40,16,52,71,120,125" hai2="31,102,47,72,37,61,54,90,128,6,65,9,44" hai3="114,85,46,131,39,121,0,100,73,14,33,123,4"/><V88/><F128/><W49/><G131/><T13/><D32/><U30/><E75/><V45/><F72/><W110/><G73/><T12/><D111/><U21/><E40/><V117/><F37/><W106/><G110/><T51/><D118/><U55/><E125/><V95/><F54/><W83/><G39/><T89/><D68/><U93/><E120/><V66/><F31/><W91/><G0/><T63/><D1/><U122/><E122/><V43/><F43/><W126/><G33/><T104/><D96/><U11/><E84/><V98/><F117/><W124/><G114/><T19/><D104/><U38/><E38/><V7/><F7/><W3/><G3/><T23/><D107/><U57/><E69/><V97/><F97/><W78/><G106/><T34/><D34/><U103/><E71/><V60/><F60/><W48/><G100/><T81/><D63/><N who="1" m="37999" /><E21/><N who="0" m="7689" /><D13/><N who="1" m="7223" /><E11/><V18/><F61/><W130/><G130/><T36/><D36/><U70/><E70/><V82/><F9/><N who="3" m="4391" /><G91/><T41/><D41/><U25/><AGARI ba="0,0" hai="20,25,30,52,55,93,99,103" m="7223,37999" machi="25" ten="30,7900,0" yaku="25,1,8,1,54,2" doraHai="129" who="1" fromWho="1" sc="214,-20,214,79,358,-39,214,-20" /><INIT seed="3,0,0,0,0,44" ten="194,293,319,194" oya="3" hai0="61,11,13,74,120,24,25,100,54,128,53,83,114" hai1="32,55,65,77,43,52,71,84,76,10,103,41,5" hai2="64,19,123,36,0,98,63,57,112,94,37,49,3" hai3="99,92,75,60,31,126,39,6,47,2,26,58,22"/><W134/><G126/><T33/><D120/><U89/><E32/><V17/><F112/><W62/><G75/><T67/><D114/><U9/><E103/><V135/><F135/><W78/><G78/><N who="1" m="30314" /><E65/><V116/><F116/><W69/><G134/><T82/><D128/><U130/><E71/><V30/><F30/><W125/><G125/><T70/><D100/><U131/><E43/><V50/><F37/><W20/><G69/><T73/><D73/><U132/><E41/><V108/><F36/><W97/><G39/><T66/><D66/><U23/><E23/><V105/><F105/><W79/><G79/><T133/><D133/><U27/><E27/><V4/><F108/><W121/><G121/><T81/><D74/><U107/><E107/><V40/><F40/><W93/><G2/><T87/><D33/><U15/><E9/><V48/><F123/><W106/><G106/><T104/><D104/><U102/><E102/><V34/><F34/><W88/><G6/><T109/><D109/><U42/><E42/><V90/><F3/><W21/><G47/><T118/><D118/><U68/><E68/><V7/><F0/><W29/><G29/><T8/><D24/><U119/><E119/><V1/><F1/><W35/><REACH who="3" step="1"/><G58/><REACH who="3" ten="194,293,319,184" step="2"/><T95/><D70/><U51/><E132/><V14/><F7/><W72/><G72/><T38/><D38/><U16/><E5/><V80/><F4/><W46/><G46/><T122/><D122/><U18/><E131/><V115/><F115/><W117/><G117/><T12/><D12/><U85/><E130/><V91/><F14/><RYUUKYOKU ba="0,1" sc="194,-15,293,-15,319,15,184,15" hai2="17,19,48,49,50,57,63,64,80,90,91,94,98" hai3="20,21,22,26,31,35,60,62,88,92,93,97,99" /><INIT seed="3,1,1,4,0,45" ten="179,278,334,199" oya="3" hai0="124,41,36,46,115,113,129,89,132,88,11,130,121" hai1="135,120,84,70,37,72,105,4,106,1,12,33,87" hai2="104,67,52,85,27,109,92,133,119,53,100,97,54" hai3="122,98,19,42,79,69,31,50,117,66,103,101,20"/><W56/><G69/><T125/><D11/><U81/><E12/><V63/><F119/><W118/><G122/><T26/><D26/><U94/><E4/><V61/><F109/><W15/><G79/><T82/><D121/><U102/><E33/><V39/><F39/><W64/><G31/><T34/><D34/><U78/><E1/><V95/><F133/><W123/><G123/><T134/><D82/><U116/><E37/><V90/><F27/><W110/><G110/><T25/><D25/><U68/><E68/><V108/><F108/><W38/><G38/><T99/><D99/><N who="1" m="59767" /><E70/><V29/><F29/><W48/><G42/><T83/><D83/><N who="1" m="45511" /><E120/><V62/><REACH who="2" step="1"/><F104/><REACH who="2" ten="179,278,324,199" step="2"/><W21/><G118/><T77/><D77/><N who="1" m="46127" /><E135/><N who="0" m="51753" /><D89/><U65/><E116/><V86/><F86/><W76/><G117/><T55/><D88/><U28/><E28/><V3/><F3/><W49/><G76/><T2/><D2/><U112/><E112/><N who="0" m="43081" /><D55/><U111/><E111/><V74/><F74/><W0/><G0/><T17/><D17/><U10/><E87/><V127/><F127/><AGARI ba="1,2" hai="36,41,46,124,125,127,129,130" m="43081,51753" machi="127" ten="40,16000,3" yaku="30,2,18,1,20,1,11,1,23,1,34,2" doraHai="45" who="0" fromWho="2" sc="179,183,278,0,324,-163,199,0" owari="362,46.2,278,7.8,161,-33.9,199,-20.1" /></mjloggm>