<mjloggm ver="2.3"><GO type="225" lobby="0"/><UN n0="%E3%81%BF%E3%81%BF%E3%81%9A" n1="%72%61%6B%33" n2="%77%72%77%72%77%72%77%72" n3="%E6%B4%BE%E9%81%A3%E3%81%AE%E3%82%B8%E3%83%A3%E3%83%83%E3%82%AF" dan="16,16,16,17" rate="2115.98,2160.78,2144.93,2187.57" sx="M,M,M,M"/><TAIKYOKU oya="0"/><INIT seed="0,0,0,3,4,37" ten="250,250,250,250" oya="0" hai0="132,77,69,50,33,64,115,27,57,105,68,42,62" hai1="65,73,126,110,30,59,36,25,9,81,122,135,6" hai2="2,48,99,60,51,18,128,55,28,26,120,98,54" hai3="70,13,109,101,75,79,71,39,41,63,125,103,66"/><T90/><D115/><U58/><E122/><V78/><F120/><W123/><G123/><T87/><D105/><U8/><E126/><V133/><F2/><W117/><G117/><T107/><D107/><U0/><E135/><V93/><F133/><W95/><G125/><T94/><D132/><U100/><E110/><V24/><F128/><W89/><G109/><T130/><D130/><U106/><E9/><V19/><F78/><W116/><G71/><T85/><D33/><U10/><E10/><V49/><F60/><W127/><G116/><T108/><D108/><U83/><E36/><V3/><F3/><W14/><G127/><T5/><D27/><N who="2" m="10282" /><F28/><W91/><G91/><T76/><D5/><U21/><E65/><V96/><F93/><W4/><G4/><T12/><D12/><U52/><E73/><V84/><F84/><W38/><G38/><T45/><REACH who="0" step="1"/><D76/><REACH who="0" ten="240,250,250,250" step="2"/><U40/><E40/><V111/><F111/><W129/><G129/><T15/><D15/><U80/><E106/><V113/><F113/><W82/><G13/><T29/><D29/><U17/><E30/><V32/><F32/><W1/><G14/><T11/><D11/><U67/><E8/><V118/><F118/><W31/><G31/><T86/><D86/><U124/><E124/><V22/><F22/><W16/><G1/><T114/><D114/><U23/><E23/><V121/><F121/><W97/><G16/><AGARI ba="0,1" hai="16,18,19,48,49,51,54,55,96,98,99" m="10282" machi="16" ten="40,8000,1" yaku="28,2,8,1,54,1" doraHai="37" who="2" fromWho="3" sc="240,0,250,0,250,90,250,-80" /><INIT seed="1,0,0,2,1,122" ten="240,250,340,170" oya="1" hai0="28,32,11,29,64,120,45,71,18,25,123,88,84" hai1="67,53,100,36,31,131,126,1,72,106,21,5,125" hai2="101,78,16,117,115,119,26,91,57,130,102,77,135" hai3="108,92,17,24,70,41,121,54,62,38,134,52,59"/><U81/><E36/><V50/><F130/><W4/><G4/><T107/><D107/><U2/><E131/><V23/><F135/><W104/><G104/><T132/><D132/><U63/><E53/><N who="2" m="31927" /><F115/><W42/><G134/><T0/><D45/><U61/><E21/><V103/><F119/><W99/><G121/><N who="0" m="46667" /><D29/><U51/><E31/><V47/><F117/><W10/><G70/><T89/><D84/><U55/><E100/><V40/><F40/><W113/><G113/><T109/><D109/><U3/><E106/><V74/><F74/><W13/><G108/><T73/><D73/><U39/><E5/><V127/><F127/><N who="1" m="48649" /><E67/><V76/><F91/><N who="0" m="34890" /><D64/><U68/><E39/><V111/><F111/><W105/><G105/><T69/><D18/><U19/><E19/><V60/><F47/><W82/><G38/><T79/><D79/><N who="1" m="44263" /><E68/><N who="0" m="26185" /><D11/><U128/><E128/><V83/><F83/><W118/><G82/><T97/><D0/><U96/><E96/><AGARI ba="0,0" hai="25,28,32,96,97" m="26185,34890,46667" machi="96" ten="40,2600,0" yaku="13,1,54,1" doraHai="122" who="0" fromWho="1" sc="240,26,250,-26,340,0,170,0" /><INIT seed="2,0,0,0,0,93" ten="266,224,340,170" oya="2" hai0="65,49,10,86,53,130,35,104,121,124,74,108,28" hai1="119,63,60,79,33,43,9,57,64,113,67,37,1" hai2="7,3,54,20,117,84,42,16,27,116,122,98,18" hai3="39,2,83,96,41,91,12,8,131,38,85,125,55"/><V97/><F122/><W72/><G125/><T94/><D74/><U62/><E113/><V81/><F42/><W36/><G131/><T21/><D121/><U126/><E119/><V51/><F3/><W99/><G2/><T103/><D35/><U6/><E126/><V47/><F7/><W0/><G0/><T59/><D124/><U127/><E127/><V128/><F128/><W105/><G105/><T107/><D130/><U25/><E79/><V73/><F73/><W40/><G55/><T34/><D34/><U112/><E112/><V92/><F18/><W114/><G72/><T13/><D108/><U15/><E1/><V100/><REACH who="2" step="1"/><F98/><REACH who="2" ten="266,224,330,170" step="2"/><W111/><G114/><T132/><D132/><U48/><E43/><V80/><F80/><W66/><G111/><T24/><D65/><U46/><E67/><V29/><F29/><W45/><G66/><T44/><D107/><U110/><E110/><V68/><F68/><W32/><G32/><T31/><D104/><U77/><E64/><V120/><F120/><W87/><G87/><T71/><D71/><U30/><E30/><V89/><AGARI ba="0,1" hai="16,20,27,47,51,54,81,84,89,92,97,100,116,117" machi="89" ten="20,12000,1" yaku="1,1,0,1,7,1,52,1,54,1,53,0" doraHai="93" doraHaiUra="70" who="2" fromWho="2" sc="266,-40,224,-40,330,130,170,-40" /><INIT seed="2,1,0,2,3,34" ten="226,184,460,130" oya="2" hai0="109,44,111,60,91,6,106,24,9,10,66,100,50" hai1="59,26,116,49,23,53,118,61,12,36,104,37,68" hai2="120,4,31,2,80,0,11,96,130,73,133,78,21" hai3="76,16,52,7,57,82,22,127,125,122,27,64,25"/><V63/><F120/><W113/><G113/><T15/><D91/><U126/><E104/><V115/><F115/><W42/><G122/><T95/><D106/><U85/><E126/><N who="3" m="48138" /><G64/><T99/><D24/><U114/><E114/><V30/><F130/><W45/><G7/><T14/><D50/><U97/><E12/><V51/><F133/><W124/><N who="3" m="48146" /><W89/><DORA hai="129" /><G89/><T54/><D54/><U88/><E97/><V101/><F2/><W69/><G69/><T58/><REACH who="0" step="1"/><D44/><REACH who="0" ten="216,184,460,130" step="2"/><U79/><E88/><V70/><F51/><N who="3" m="30879" /><G45/><T35/><D35/><U123/><E123/><V18/><F101/><W33/><G42/><T119/><D119/><U81/><E118/><V121/><F121/><W134/><G134/><T135/><D135/><U103/><E116/><V105/><F105/><W87/><G33/><T62/><D62/><U132/><E132/><V3/><F63/><W117/><G117/><T55/><D55/><U46/><E103/><V75/><F30/><W48/><G48/><T65/><D65/><U1/><E46/><V29/><F31/><W112/><G112/><T107/><D107/><U98/><E49/><V110/><F29/><W28/><G28/><T8/><D8/><U17/><E53/><V131/><F11/><W108/><G108/><T43/><D43/><U77/><E61/><V86/><F110/><W72/><G27/><T39/><D39/><U92/><E26/><V94/><F131/><W56/><G56/><T38/><D38/><U5/><E59/><V71/><F71/><W20/><G20/><T102/><D102/><N who="1" m="60743" /><E68/><V84/><F70/><RYUUKYOKU ba="1,1" sc="216,15,184,-15,460,-15,130,15" hai0="6,9,10,14,15,58,60,66,95,99,100,109,111" hai3="16,22,25,72,76,82,87" /><INIT seed="3,2,1,4,2,53" ten="231,169,445,145" oya="3" hai0="14,92,133,67,21,59,104,32,76,100,96,135,81" hai1="131,17,61,77,113,40,73,51,129,87,120,72,124" hai2="123,99,93,38,117,9,8,43,95,115,126,98,119" hai3="35,79,105,82,24,39,134,102,109,116,103,1,84"/><W6/><G116/><T33/><D104/><U7/><E113/><V41/><F115/><W65/><G39/><T30/><D59/><U49/><E120/><V0/><F0/><W121/><G121/><T74/><D67/><U42/><E87/><V125/><F123/><W55/><G65/><T15/><D21/><U18/><E77/><V19/><F19/><W130/><G130/><T62/><D62/><U69/><E7/><V127/><F127/><W11/><G134/><N who="0" m="51211" /><D30/><U107/><E107/><V36/><AGARI ba="2,1" hai="8,9,36,38,41,43,93,95,98,99,117,119,125,126" machi="36" ten="25,3200,0" yaku="0,1,22,2" doraHai="53" who="2" fromWho="2" sc="231,-10,169,-10,445,48,145,-18" owari="221,2.1,159,-24.1,493,59.3,127,-37.3" /></mjloggm>