<mjloggm ver="2.3"><GO type="225" lobby="0"/><UN n0="%72%69%6F%75%63%68%61%6E" n1="%E5%8D%A0%E3%81%84%E5%B8%AB%E8%A3%8F%E3%81%AA%E3%81%84%E3%81%97" n2="%E3%81%B5%E3%81%98%E3%81%8B%E3%81%A4" n3="%28%EF%BF%A3%E2%96%BD%EF%BF%A3%29%CE%B4%E2%8C%92%E3%83%BB" dan="17,17,16,16" rate="2202.12,2162.83,2164.90,2205.15" sx="M,M,M,M"/><TAIKYOKU oya="0"/><INIT seed="0,0,0,2,1,23" ten="250,250,250,250" oya="0" hai0="126,82,69,7,80,14,25,42,70,29,3,36,0" hai1="51,21,72,79,43,18,5,11,37,119,96,9,54" hai2="87,46,109,59,114,99,121,118,107,31,89,97,134" hai3="105,130,123,92,73,102,30,4,68,64,16,17,110"/><T56/><D126/><U22/><E119/><V112/><F118/><W53/><G73/><T84/><D14/><U12/><E37/><V48/><F121/><W93/><G123/><T26/><D56/><U88/><E43/><V103/><F134/><W74/><G74/><T111/><D111/><U20/><E79/><V115/><F59/><W33/><G4/><T27/><D29/><U104/><E72/><V131/><F131/><W44/><G110/><T76/><D82/><U100/><E88/><V90/><F109/><W60/><G130/><T94/><D94/><N who="3" m="36457" /><G53/><T128/><D128/><U78/><E78/><V50/><F97/><N who="3" m="61647" /><G44/><T49/><D36/><U41/><E41/><V19/><F19/><W35/><G35/><T65/><D65/><U2/><REACH who="1" step="1"/><E11/><REACH who="1" ten="250,240,250,250" step="2"/><V61/><F90/><W101/><G101/><T85/><D85/><U57/><AGARI ba="0,1" hai="2,5,9,12,18,20,21,22,51,54,57,96,100,104" machi="57" ten="20,8000,1" yaku="1,1,2,1,0,1,7,1,53,1" doraHai="23" doraHaiUra="13" who="1" fromWho="1" sc="250,-40,240,90,250,-20,250,-20" /><INIT seed="1,0,0,5,3,40" ten="210,330,230,230" oya="1" hai0="74,68,122,70,36,61,50,15,46,132,124,57,75" hai1="83,118,76,105,110,6,13,53,73,45,126,11,90" hai2="79,72,67,107,9,1,115,94,117,0,103,123,66" hai3="16,17,14,20,35,89,38,34,84,42,41,96,2"/><U49/><E118/><V104/><F117/><W116/><G2/><T29/><D124/><U91/><E126/><V108/><F123/><W98/><G116/><T10/><D122/><U128/><E105/><V77/><F94/><N who="3" m="54567" /><G35/><T97/><D132/><U125/><E125/><V22/><F22/><N who="3" m="11543" /><G34/><T86/><D29/><U92/><E128/><V25/><F25/><N who="3" m="14479" /><G38/><T4/><D36/><U33/><E33/><V58/><F72/><W119/><G119/><T12/><D12/><U93/><E110/><V30/><F30/><W85/><G85/><T19/><D19/><U48/><E92/><V60/><F9/><W64/><G64/><T32/><D32/><U27/><E27/><V120/><F120/><W106/><G106/><T59/><D86/><U134/><E134/><V44/><F103/><W63/><G63/><T80/><D97/><AGARI ba="0,0" hai="41,42,96,97,98" m="14479,11543,54567" machi="97" ten="30,2000,0" yaku="8,1,54,1" doraHai="40" who="3" fromWho="0" sc="210,-20,330,0,230,0,230,20" /><INIT seed="2,0,0,5,5,102" ten="190,330,230,250" oya="2" hai0="47,32,11,38,123,4,9,2,58,24,17,29,36" hai1="118,106,84,41,73,74,49,39,46,28,21,27,95" hai2="114,50,42,101,112,77,61,31,122,53,3,100,30" hai3="78,45,48,70,7,44,54,128,103,131,96,130,52"/><V83/><F122/><W115/><G70/><T63/><D123/><U60/><E118/><V90/><F3/><W43/><G115/><T57/><D57/><U80/><E106/><V129/><F129/><W18/><G7/><T23/><D11/><U87/><E60/><V127/><F127/><W99/><G78/><T34/><D47/><U98/><E39/><V85/><F61/><W125/><G125/><T51/><D51/><U64/><E64/><V120/><F120/><W134/><G134/><T5/><D5/><U116/><E116/><V86/><F42/><N who="3" m="24599" /><G18/><T56/><D56/><U135/><E84/><V62/><F62/><W108/><G108/><T1/><D1/><U67/><E67/><V25/><F114/><W76/><G76/><T105/><D105/><U97/><E97/><N who="3" m="37450" /><G103/><N who="2" m="39497" /><F25/><W37/><AGARI ba="0,0" hai="37,43,45,52,54,128,130,131" m="37450,24599" machi="37" ten="40,2700,0" yaku="19,1,54,1" doraHai="102" who="3" fromWho="3" sc="190,-7,330,-7,230,-13,250,27" /><INIT seed="3,0,0,3,0,82" ten="183,323,217,277" oya="3" hai0="94,22,21,128,19,97,125,118,16,101,4,40,98" hai1="61,132,67,73,108,14,91,43,89,100,135,13,5" hai2="85,34,27,26,53,116,70,104,39,30,133,15,102" hai3="55,33,20,12,92,42,35,77,76,106,49,111,29"/><W8/><G106/><T114/><D118/><U58/><E73/><V23/><F116/><W110/><G42/><T103/><D125/><U18/><E108/><N who="3" m="41514" /><G20/><T78/><D128/><U112/><E112/><V130/><F85/><W17/><G92/><T32/><D32/><N who="3" m="12361" /><G29/><T51/><D114/><U99/><E43/><V69/><F130/><W95/><G95/><N who="0" m="58559" /><D4/><U57/><E5/><V87/><F104/><W38/><G38/><T93/><D78/><U62/><E100/><V28/><F102/><W75/><G75/><T115/><D115/><U52/><E99/><V9/><F39/><W44/><AGARI ba="0,0" hai="8,12,17,44,49,55,76,77" m="12361,41514" machi="44" ten="30,3000,0" yaku="14,1,10,1" doraHai="82" who="3" fromWho="3" sc="183,-10,323,-10,217,-10,277,30" /><INIT seed="3,1,0,5,3,61" ten="173,313,207,307" oya="3" hai0="7,56,92,114,0,129,26,51,130,71,5,2,60" hai1="28,101,54,49,111,113,125,33,64,116,21,17,118" hai2="112,40,47,73,90,62,106,89,79,91,76,22,86" hai3="41,85,12,15,72,95,124,66,69,131,81,98,1"/><W78/><G1/><N who="0" m="619" /><D71/><U63/><E113/><V30/><F112/><W65/><G69/><T96/><D114/><U11/><E111/><V39/><F106/><W82/><G41/><T126/><D51/><U19/><E125/><V134/><F134/><W46/><G46/><T67/><D126/><U94/><E33/><V36/><F73/><W4/><G124/><T59/><D26/><N who="1" m="16463" /><E11/><V110/><F110/><W109/><G131/><N who="0" m="50187" /><D56/><N who="1" m="36967" /><E118/><V35/><F35/><W13/><G4/><T99/><D99/><N who="1" m="59639" /><E116/><V121/><F36/><W27/><G27/><T57/><D59/><AGARI ba="1,0" hai="17,19,49,54,59" m="59639,36967,16463" machi="59" ten="30,3900,0" yaku="25,1,8,1,52,1" doraHai="61" who="1" fromWho="0" sc="173,-42,313,42,207,0,307,0" owari="131,-36.9,355,45.5,207,-19.3,307,10.7" /></mjloggm>