<mjloggm ver="2.3"><GO type="225" lobby="0"/><UN n0="%E6%A1%9C%E8%8A%B1%E9%96%83%E3%80%85" n1="%E8%81%B7%E6%A5%AD%E3%80%81%E9%A2%A8%32" n2="%E3%83%B4%E3%83%A0%EF%BC%99%E3%81%A6" n3="%E7%B4%94%E6%BD%94%E3%83%94%E3%83%A9%E3%83%8B%E3%82%A2" dan="17,16,17,18" rate="2155.06,2166.96,2195.37,2305.07" sx="M,M,M,M"/><TAIKYOKU oya="0"/><INIT seed="0,0,0,5,1,13" ten="250,250,250,250" oya="0" hai0="107,30,5,44,6,93,66,37,82,45,101,108,94" hai1="130,71,20,43,34,8,12,3,17,104,79,123,126" hai2="9,51,22,57,119,53,40,0,113,24,75,76,89" hai3="41,46,118,56,127,23,2,65,27,16,85,103,133"/><T55/><D66/><U19/><E71/><V100/><F113/><W134/><G2/><T39/><D107/><U97/><E34/><V98/><F119/><W59/><G118/><T73/><D30/><U26/><E123/><V54/><F40/><W131/><G127/><T14/><D73/><U87/><E126/><V4/><F89/><W68/><G131/><T128/><D82/><U92/><E130/><V116/><F116/><W99/><G85/><T48/><D128/><U61/><E61/><V33/><F33/><W110/><G68/><T1/><D1/><U62/><E62/><V86/><F86/><W35/><G35/><T72/><D72/><U18/><E104/><V52/><F76/><W47/><G110/><T83/><D83/><N who="1" m="47615" /><E43/><V122/><F122/><W70/><G70/><T7/><D108/><U49/><E49/><V21/><F21/><W36/><G47/><T32/><D32/><U90/><E3/><V135/><F75/><W42/><G41/><T120/><D120/><U69/><E69/><V81/><F81/><W111/><G111/><T31/><D44/><U60/><E60/><V67/><F67/><W125/><G65/><T64/><D64/><U121/><E121/><V132/><F51/><W15/><G125/><T77/><D39/><U28/><AGARI ba="0,0" hai="8,12,17,18,19,20,26,28,90,92,97" m="47615" machi="28" ten="30,7900,0" yaku="8,1,52,3" doraHai="13" who="1" fromWho="1" sc="250,-39,250,79,250,-20,250,-20" /><INIT seed="1,0,0,3,2,110" ten="211,329,230,230" oya="1" hai0="38,101,39,47,32,111,125,108,46,96,49,75,77" hai1="117,18,37,112,30,65,10,1,115,12,83,123,128" hai2="24,22,34,26,71,45,33,36,119,42,44,79,106" hai3="20,40,25,43,16,0,114,11,31,121,57,122,133"/><U6/><E37/><V28/><F119/><W29/><G57/><T107/><D32/><U97/><E117/><V50/><F71/><W2/><G133/><T60/><D125/><U8/><E123/><N who="3" m="47114" /><G43/><T118/><D118/><U54/><E65/><V132/><F132/><W94/><G40/><T103/><D60/><U69/><E69/><V48/><F106/><W92/><G92/><T74/><D77/><U52/><E128/><V61/><F61/><W82/><G94/><T73/><D49/><U7/><E97/><V109/><F109/><N who="0" m="42058" /><D96/><U98/><E98/><V4/><F79/><W93/><G93/><T86/><D86/><U105/><E105/><V116/><F116/><W95/><G95/><T91/><D91/><U120/><E120/><V84/><F84/><W59/><G82/><T66/><D66/><U55/><E83/><V56/><F56/><W89/><G89/><T99/><D99/><U81/><E81/><V70/><F70/><W5/><G59/><T27/><D27/><U124/><E124/><V87/><F87/><W19/><G114/><T53/><D53/><U100/><E100/><N who="0" m="38473" /><D107/><U80/><E80/><V129/><F42/><W15/><G31/><T63/><D63/><U135/><E135/><V102/><F102/><W14/><G5/><T90/><D90/><U17/><REACH who="1" step="1"/><E30/><REACH who="1" ten="211,319,230,230" step="2"/><V130/><F28/><W76/><G76/><T9/><D39/><U127/><E127/><V67/><F67/><W62/><G62/><T131/><D38/><U113/><AGARI ba="0,1" hai="1,6,7,8,10,12,17,18,52,54,55,112,113,115" machi="113" ten="40,18000,2" yaku="1,1,0,1,52,3,54,1,53,0" doraHai="110" doraHaiUra="21" who="1" fromWho="1" sc="211,-60,319,190,230,-60,230,-60" /><INIT seed="1,1,0,5,5,103" ten="151,509,170,170" oya="1" hai0="124,80,74,11,36,78,46,120,121,119,44,111,87" hai1="92,17,24,110,53,19,22,32,56,60,13,118,126" hai2="0,1,45,94,116,67,95,132,101,49,51,31,109" hai3="33,98,134,86,38,29,23,129,128,10,5,97,108"/><U34/><E118/><V89/><F116/><W7/><G38/><T35/><D119/><U88/><E126/><V55/><F109/><W62/><G108/><T27/><D111/><U15/><E110/><V6/><F132/><W77/><G33/><T82/><D124/><U66/><E66/><V113/><F113/><W52/><G134/><T70/><D70/><U37/><E37/><V43/><F67/><W102/><G77/><T21/><D11/><U112/><E112/><V20/><F101/><W30/><G86/><T25/><D35/><U16/><E19/><V68/><F68/><W63/><G23/><T28/><D27/><U127/><E127/><V69/><F95/><W18/><G18/><T4/><D4/><U40/><E40/><V64/><F6/><W81/><G81/><T42/><REACH who="0" step="1"/><D46/><REACH who="0" ten="141,509,170,170" step="2"/><U75/><E75/><V48/><F69/><W79/><G10/><T39/><D39/><U131/><E131/><V47/><F47/><W90/><G5/><T2/><D2/><U76/><E76/><AGARI ba="1,1" hai="21,25,28,36,42,44,74,76,78,80,82,87,120,121" machi="76" ten="40,1300,0" yaku="1,1,53,0" doraHai="103" doraHaiUra="114" who="0" fromWho="1" sc="141,26,509,-16,170,0,170,0" /><INIT seed="2,0,0,1,5,71" ten="167,493,170,170" oya="2" hai0="70,37,107,105,44,14,53,111,47,24,98,118,32" hai1="115,130,22,126,61,45,16,17,75,8,69,133,106" hai2="59,95,123,110,54,91,7,29,31,129,23,9,68" hai3="87,48,78,43,113,82,11,55,73,50,57,36,93"/><V18/><F123/><W5/><G113/><T66/><D111/><U19/><E106/><V40/><F68/><W79/><G79/><T97/><D118/><U74/><E115/><V134/><F110/><W21/><G21/><T128/><D128/><U99/><E99/><V104/><F104/><W4/><G4/><T2/><D14/><U42/><E126/><V114/><F114/><W33/><G33/><T83/><D83/><U25/><E130/><V3/><F40/><W35/><G35/><T90/><D53/><U62/><E133/><V56/><F134/><W1/><G93/><T13/><D13/><U103/><E103/><V20/><F56/><W65/><G65/><T122/><D90/><U41/><E41/><V12/><F20/><W26/><G26/><T85/><D85/><U72/><E8/><V119/><F119/><W102/><G102/><T132/><D132/><U109/><E109/><V100/><F100/><W27/><G27/><T39/><D24/><U120/><E120/><V94/><F94/><W52/><G87/><T34/><D70/><U64/><REACH who="1" step="1"/><E62/><REACH who="1" ten="167,483,170,170" step="2"/><V80/><F129/><W10/><G11/><T96/><D96/><U116/><E116/><V135/><F135/><W89/><G43/><T81/><D122/><U6/><E6/><V38/><F7/><W124/><G124/><T121/><D121/><U77/><E77/><V0/><F9/><W131/><G131/><T51/><D105/><U49/><AGARI ba="0,1" hai="16,17,19,22,25,42,45,49,61,64,69,72,74,75" machi="49" ten="30,4000,0" yaku="1,1,0,1,54,1,53,0" doraHai="71" doraHaiUra="84" who="1" fromWho="1" sc="167,-10,483,50,170,-20,170,-10" /><INIT seed="3,0,0,4,0,25" ten="157,533,150,160" oya="3" hai0="74,85,64,128,118,123,1,52,8,19,72,2,127" hai1="121,32,100,109,18,16,54,4,116,70,60,58,3" hai2="125,108,131,67,45,50,130,14,44,6,39,94,12" hai3="63,47,88,71,40,112,81,114,111,34,96,30,115"/><W86/><G111/><T105/><D123/><U48/><E121/><V35/><F108/><W82/><G71/><T98/><D118/><U101/><E32/><V65/><F125/><W104/><G63/><T24/><D64/><N who="2" m="24650" /><F35/><W110/><G110/><T129/><D127/><U135/><E70/><V53/><F6/><W13/><G13/><N who="0" m="7591" /><D85/><U68/><E18/><V20/><F94/><W113/><G82/><T37/><D37/><U126/><E54/><V132/><F132/><W43/><N who="3" m="28672" /><DORA hai="49" /><W93/><G104/><T17/><D17/><U61/><E48/><V119/><F20/><W62/><G62/><T11/><D24/><U87/><E101/><V38/><F38/><W26/><REACH who="3" step="1"/><G47/><REACH who="3" ten="157,533,150,150" step="2"/><T51/><D1/><U36/><E60/><V75/><F119/><W57/><G57/><N who="0" m="32927" /><D2/><U106/><E61/><V124/><F124/><W102/><AGARI ba="0,1" hai="26,30,34,40,43,81,86,88,93,96,102" m="28672" machi="102" ten="60,18000,2" yaku="1,1,0,1,52,1,54,1,53,2" doraHai="25,49" doraHaiUra="83,97" who="3" fromWho="3" sc="157,-60,533,-60,150,-60,150,190" /><INIT seed="3,1,0,5,0,48" ten="97,473,90,340" oya="3" hai0="59,43,132,53,115,78,87,58,97,123,17,26,128" hai1="122,35,117,103,54,8,30,36,52,14,95,31,46" hai2="84,57,70,104,40,135,3,21,64,110,61,85,51" hai3="124,113,9,86,90,45,23,55,118,7,72,109,76"/><W93/><G118/><T44/><D123/><U81/><E122/><V91/><F104/><W94/><G113/><T75/><D75/><U105/><E105/><V6/><F3/><W47/><G124/><T20/><D115/><U98/><E117/><V42/><F110/><W69/><G69/><T12/><D132/><U29/><E35/><V100/><F100/><W33/><G33/><T5/><D128/><U120/><E120/><V62/><F135/><W41/><G109/><T79/><D97/><U126/><E126/><V134/><F134/><W77/><G72/><T119/><D119/><U4/><REACH who="1" step="1"/><E81/><REACH who="1" ten="97,463,90,340" step="2"/><V24/><F70/><W67/><G67/><T125/><D125/><U49/><E49/><V83/><F51/><W92/><G23/><T111/><D111/><U15/><E15/><V68/><F68/><W38/><G45/><T56/><D44/><U116/><E116/><V11/><F62/><W108/><G108/><T102/><D12/><U50/><E50/><V0/><F21/><W66/><G66/><T10/><D20/><U60/><E60/><V1/><F0/><W133/><G133/><T88/><D59/><U19/><E19/><V65/><F64/><W16/><G16/><T82/><D58/><U129/><E129/><V107/><F107/><W71/><G71/><T127/><D127/><U73/><E73/><V114/><F114/><W101/><G55/><T131/><D131/><U80/><E80/><N who="2" m="49543" /><F24/><W34/><G34/><T2/><D43/><AGARI ba="1,1" hai="4,8,14,29,30,31,36,43,46,52,54,95,98,103" machi="43" ten="40,8000,1" yaku="1,1,52,2,54,1,53,0" doraHai="48" doraHaiUra="63" who="1" fromWho="0" sc="97,-83,463,93,90,0,340,0" owari="14,-48.6,556,65.6,90,-31.0,340,14.0" /></mjloggm>