<mjloggm ver="2.3"><GO type="225" lobby="0"/><UN n0="%E3%81%BF%E3%81%BF%E3%81%9A" n1="%E3%83%A9%E3%83%BC%E3%83%A1%E3%83%B3%E4%BA%94%E9%83%8E" n2="%E7%B4%94%E6%BD%94%E3%83%94%E3%83%A9%E3%83%8B%E3%82%A2" n3="%72%69%6F%75%63%68%61%6E" dan="17,16,16,16" rate="2263.52,2089.81,2206.04,2174.26" sx="M,M,M,M"/><TAIKYOKU oya="0"/><INIT seed="0,0,0,5,5,33" ten="250,250,250,250" oya="0" hai0="100,76,108,8,109,72,14,116,60,82,79,133,19" hai1="123,11,53,13,50,125,78,98,81,26,128,49,39" hai2="91,118,132,101,90,66,122,105,15,96,63,104,59" hai3="117,43,77,69,119,84,7,131,32,23,121,95,107"/><T80/><D116/><U102/><E123/><V36/><F36/><W111/><G32/><T114/><D114/><U93/><E39/><V17/><F132/><W86/><G107/><T87/><D133/><U37/><E37/><V112/><F112/><W42/><G69/><T6/><D100/><U115/><E115/><V130/><F130/><W110/><G131/><T61/><REACH who="0" step="1"/><D6/><REACH who="0" ten="240,250,250,250" step="2"/><U64/><E102/><V135/><F135/><W45/><G7/><T5/><D5/><U83/><E128/><V18/><F118/><W25/><G119/><T52/><D52/><U41/><E53/><V103/><F122/><W126/><G117/><T21/><D21/><U124/><E41/><V24/><F101/><W35/><G42/><T9/><D9/><U38/><E11/><V16/><F105/><W99/><G35/><T22/><D22/><U56/><E124/><V4/><F24/><W48/><G126/><T88/><D88/><N who="1" m="55591" /><E125/><V65/><REACH who="2" step="1"/><F66/><REACH who="2" ten="240,250,240,250" step="2"/><W29/><G121/><T92/><D92/><U54/><E26/><V127/><F127/><W57/><G95/><T67/><D67/><U89/><E64/><V129/><F129/><W44/><G25/><T75/><D75/><U46/><E38/><V40/><F40/><W68/><G43/><T51/><D51/><U20/><E49/><V0/><F0/><W34/><G48/><T71/><D71/><U134/><E134/><V55/><F55/><W28/><G68/><T70/><D70/><U3/><E50/><V73/><F73/><W47/><G111/><AGARI ba="0,2" hai="8,14,19,60,61,72,76,79,80,82,87,108,109,111" machi="111" ten="40,7700,0" yaku="1,1,14,1,10,1,53,0" doraHai="33" doraHaiUra="1" who="0" fromWho="3" sc="240,97,250,0,240,0,250,-77" /><INIT seed="0,1,0,0,5,67" ten="337,250,240,173" oya="0" hai0="33,85,22,120,4,68,46,8,86,111,18,91,118" hai1="103,14,128,107,12,3,58,100,89,24,21,114,113" hai2="115,29,28,16,30,72,49,121,82,39,23,55,95" hai3="119,90,126,50,45,131,92,57,69,74,60,27,0"/><T53/><D118/><U17/><E128/><V38/><F115/><N who="1" m="44041" /><E3/><V25/><F121/><W20/><G119/><T116/><D116/><U99/><E100/><V41/><F41/><W110/><G110/><T36/><D120/><U76/><E76/><V31/><N who="2" m="7168" /><DORA hai="10" /><V117/><F117/><W98/><G126/><T37/><D33/><U132/><E132/><V35/><F35/><W19/><G0/><T80/><D68/><U52/><E89/><V40/><F40/><W70/><G74/><T44/><D111/><U32/><E32/><V47/><REACH who="2" step="1"/><F95/><REACH who="2" ten="337,250,230,173" step="2"/><W133/><G133/><T26/><D36/><U97/><E97/><V77/><AGARI ba="1,1" hai="16,23,25,38,39,47,49,55,72,77,82" m="7168" machi="77" ten="40,8000,1" yaku="1,1,2,1,0,1,54,1,53,0" doraHai="67,10" doraHaiUra="6,87" who="2" fromWho="2" sc="337,-41,250,-21,230,93,173,-21" /><INIT seed="1,0,0,0,3,9" ten="296,229,323,152" oya="1" hai0="26,83,24,78,84,87,69,13,59,86,117,134,127" hai1="113,93,111,36,15,25,102,82,19,52,23,133,63" hai2="41,101,120,18,27,11,75,40,72,76,67,34,96" hai3="92,68,100,14,62,61,51,32,54,17,21,60,89"/><U22/><E113/><V94/><F120/><W55/><G32/><T79/><D117/><U65/><E36/><V37/><F67/><W58/><G100/><T31/><D69/><U74/><E133/><V71/><F71/><W10/><G68/><T103/><D127/><U110/><E102/><V50/><F37/><W105/><G105/><T123/><D123/><U20/><E93/><V81/><F72/><W16/><G54/><T125/><D134/><U135/><E135/><V7/><F50/><W70/><G70/><T124/><D103/><U73/><E82/><V129/><F129/><W47/><G47/><T109/><D109/><N who="1" m="41483" /><E65/><V8/><F8/><W64/><G64/><T114/><D114/><U95/><E95/><V4/><F7/><W106/><G106/><T107/><D107/><U121/><E121/><V33/><F18/><W77/><G77/><T48/><D78/><U5/><E5/><V91/><F101/><W57/><G57/><T85/><D59/><N who="1" m="35303" /><E22/><V3/><F33/><W119/><G119/><T131/><D131/><U35/><E35/><V49/><F49/><W108/><G108/><T97/><D48/><U122/><E122/><V43/><F34/><W56/><G56/><T98/><D83/><U128/><E128/><V29/><F43/><W6/><G21/><T104/><D104/><U0/><E0/><V46/><F46/><W115/><G115/><T44/><D44/><U45/><E45/><V12/><F3/><W28/><G28/><AGARI ba="0,0" hai="15,19,20,23,25,28,73,74" m="35303,41483" machi="28" ten="30,11600,0" yaku="14,1,10,1,52,1,54,1" doraHai="9" who="1" fromWho="3" sc="296,0,229,116,323,0,152,-116" /><INIT seed="1,1,0,3,0,134" ten="296,345,323,36" oya="1" hai0="114,34,66,87,70,131,52,105,118,72,24,90,1" hai1="120,75,71,29,97,10,17,19,57,63,14,59,36" hai2="119,31,132,93,25,85,23,135,102,35,27,110,81" hai3="95,54,94,8,64,99,16,3,122,98,113,124,111"/><U26/><E120/><V45/><F119/><W88/><G113/><T83/><D118/><U74/><E36/><V2/><F2/><W50/><G122/><T128/><D114/><U28/><E71/><V4/><F4/><W78/><G111/><T62/><D1/><U106/><E57/><V84/><F110/><W116/><G116/><T68/><D105/><U11/><E11/><V5/><F5/><W121/><G121/><T0/><D0/><U58/><E58/><V109/><F109/><W103/><G78/><T37/><D37/><U112/><E112/><V92/><F45/><W7/><G64/><T86/><D72/><U123/><E123/><V133/><F102/><W79/><G79/><T49/><D70/><U80/><E19/><N who="2" m="12543" /><F84/><W61/><G61/><T33/><D87/><U39/><E39/><V126/><F126/><W55/><G124/><T12/><D12/><U60/><E60/><V9/><F9/><W53/><REACH who="3" step="1"/><G16/><REACH who="3" ten="296,345,323,26" step="2"/><T40/><D24/><U96/><E26/><V42/><F42/><W43/><G43/><T82/><D40/><U69/><E17/><V22/><F22/><W56/><AGARI ba="1,1" hai="3,7,8,50,53,54,55,56,88,94,95,98,99,103" machi="56" ten="20,5200,0" yaku="1,1,0,1,7,1,54,1,53,0" doraHai="134" doraHaiUra="125" who="3" fromWho="3" sc="296,-14,345,-27,323,-14,26,65" /><INIT seed="2,0,0,0,0,27" ten="282,318,309,91" oya="2" hai0="53,124,93,134,44,74,58,31,92,25,3,34,86" hai1="101,70,54,66,48,133,15,125,135,62,21,35,114" hai2="45,87,109,9,24,108,121,113,19,132,39,102,97" hai3="116,115,60,123,80,77,18,47,94,112,107,55,88"/><V95/><F113/><W122/><G18/><T28/><D74/><U78/><E114/><N who="3" m="43562" /><G60/><T111/><D111/><N who="2" m="42570" /><F121/><N who="3" m="46091" /><G47/><T131/><D134/><N who="1" m="51211" /><E125/><V6/><F132/><W90/><G55/><T11/><D131/><U99/><E35/><V63/><F63/><W100/><G116/><T29/><D124/><U72/><E21/><N who="2" m="13375" /><F87/><N who="3" m="48527" /><G107/><T89/><D44/><N who="1" m="27911" /><E15/><N who="2" m="5559" /><F45/><W41/><G41/><T40/><D40/><U17/><E17/><V1/><F1/><W98/><AGARI ba="0,0" hai="88,90,94,98,100" m="48527,46091,43562" machi="98" ten="40,8000,1" yaku="11,1,34,2,54,1" doraHai="27" who="3" fromWho="3" sc="282,-20,318,-20,309,-40,91,80" /><INIT seed="3,0,0,1,2,132" ten="262,298,269,171" oya="3" hai0="90,57,13,1,70,55,31,117,30,114,48,8,20" hai1="53,5,94,26,36,125,45,96,116,43,115,128,80" hai2="86,75,0,121,40,12,14,110,37,97,24,63,4" hai3="78,109,79,123,102,33,95,54,130,42,69,127,73"/><W81/><G33/><T100/><D117/><U9/><E115/><V99/><F75/><W107/><G69/><T89/><D1/><U50/><E116/><V77/><F110/><W11/><G123/><T82/><D70/><U32/><E128/><V85/><F121/><W41/><G130/><T101/><D114/><U87/><E125/><V133/><F133/><W62/><G107/><T124/><D124/><U98/><E32/><V126/><F126/><W122/><G122/><T83/><D90/><U112/><E112/><V52/><F0/><W120/><G120/><T47/><D57/><U51/><E26/><V10/><F37/><W93/><G127/><T134/><D134/><U15/><E36/><V39/><F39/><W113/><G113/><T65/><D65/><U18/><E94/><N who="3" m="35850" /><G109/><T61/><D61/><U46/><E5/><V17/><F40/><N who="3" m="15467" /><G102/><N who="0" m="39531" /><D20/><U108/><E108/><V119/><F119/><W16/><G78/><AGARI ba="0,0" hai="9,15,18,43,45,46,50,51,53,78,80,87,96,98" machi="78" ten="30,2000,0" yaku="7,1,8,1" doraHai="132" who="1" fromWho="3" sc="262,0,298,20,269,0,171,-20" owari="262,-13.8,318,41.8,269,6.9,151,-34.9" /></mjloggm>