<mjloggm ver="2.3"><GO type="225" lobby="0"/><UN n0="%E3%82%A4%E3%83%A2%E3%82%BF%E3%83%AC" n1="%E5%8D%A0%E3%81%84%E5%B8%AB%E8%A3%8F%E3%81%AA%E3%81%84%E3%81%97" n2="%E8%BE%9B%E5%8F%A3%E3%82%AB%E3%83%AC%E3%83%BC%E3%83%A9%E3%82%A4%E3%82%B9" n3="%E6%B8%A9%E2%98%85%E6%83%85%E2%98%85%E6%8E%AA%E2%98%85%E7%BD%AE" dan="17,17,17,17" rate="2172.98,2219.38,2226.39,2166.56" sx="F,M,M,M"/><TAIKYOKU oya="0"/><INIT seed="0,0,0,0,3,41" ten="250,250,250,250" oya="0" hai0="135,128,28,31,9,94,114,79,2,103,86,66,38" hai1="18,68,130,117,134,33,88,55,70,126,50,73,112" hai2="19,113,59,91,7,42,110,93,44,132,109,10,13" hai3="11,63,121,17,45,5,30,120,40,108,85,1,77"/><T14/><D114/><U29/><E117/><V43/><F113/><W106/><G108/><N who="2" m="41577" /><F132/><W53/><G106/><T104/><D2/><U25/><E112/><V115/><F115/><W71/><G30/><T124/><D135/><U67/><E73/><V60/><F7/><W65/><G17/><T49/><D38/><U98/><E134/><V12/><F12/><W111/><G53/><T35/><D104/><U118/><E118/><V47/><F43/><W102/><G102/><T72/><D72/><U48/><E130/><V83/><F83/><W51/><REACH who="3" step="1"/><G111/><REACH who="3" ten="250,250,250,240" step="2"/><T32/><D28/><U75/><E18/><V125/><F42/><W54/><G54/><T64/><D31/><U133/><E133/><V61/><F125/><W37/><G37/><T78/><D103/><U105/><E126/><V4/><F19/><W22/><G22/><T101/><D124/><U56/><E105/><V81/><F61/><W52/><G52/><T82/><D101/><U74/><E48/><V15/><F60/><W69/><G69/><T21/><D49/><U97/><E68/><V39/><F39/><W123/><G123/><T89/><D21/><U57/><E70/><V0/><F4/><W127/><G127/><T100/><D100/><U16/><E16/><V34/><F34/><W129/><G129/><T84/><D128/><U23/><E33/><V46/><F10/><W116/><G116/><T6/><D32/><U8/><E8/><V24/><F24/><W26/><G26/><T87/><D35/><U20/><E20/><V99/><F59/><W119/><G119/><T62/><D62/><RYUUKYOKU ba="0,1" sc="250,15,250,-15,250,-15,240,15" hai0="6,9,14,64,66,78,79,82,84,86,87,89,94" hai3="1,5,11,40,45,51,63,65,71,77,85,120,121" /><INIT seed="0,1,1,4,4,19" ten="265,235,235,255" oya="0" hai0="110,43,24,122,22,89,37,4,44,64,27,71,13" hai1="45,99,112,31,116,52,53,94,14,55,120,16,111" hai2="17,115,78,121,8,0,117,129,134,25,11,113,42" hai3="36,95,73,56,59,79,109,5,38,98,67,97,102"/><T93/><D122/><U50/><E116/><V85/><F42/><W103/><G109/><T28/><D110/><U63/><E120/><V77/><F121/><W132/><G132/><T135/><D135/><U106/><E106/><V69/><F134/><W29/><G5/><T35/><D71/><U39/><E39/><V66/><F69/><W100/><G29/><T96/><D64/><U18/><E112/><V72/><F66/><W82/><G103/><T83/><D83/><U101/><E31/><V130/><F72/><W7/><G7/><T23/><REACH who="0" step="1"/><D27/><REACH who="0" ten="255,235,235,255" step="2"/><U68/><E111/><V20/><F115/><W9/><G67/><T57/><D57/><N who="1" m="35239" /><E68/><V21/><F113/><W32/><G73/><T62/><D62/><U33/><E33/><V126/><F25/><W105/><G32/><T91/><D91/><U40/><E18/><V3/><F117/><W118/><G118/><T48/><D48/><U76/><E76/><V6/><F78/><W61/><G38/><T104/><D104/><U65/><E65/><V108/><F77/><W119/><G36/><T1/><D1/><U2/><E2/><V125/><F108/><W74/><G119/><T26/><D26/><U92/><E92/><V90/><F17/><W88/><G105/><T81/><D81/><U123/><E123/><V54/><F6/><W128/><G82/><T75/><D75/><U80/><E80/><V131/><F131/><W107/><G128/><T114/><D114/><U124/><E124/><V133/><F133/><W12/><G79/><T47/><D47/><U60/><E60/><V127/><F127/><RYUUKYOKU ba="1,2" sc="255,15,235,15,235,-15,255,-15" hai0="4,13,22,23,24,28,35,37,43,44,89,93,96" hai1="14,16,40,45,50,53,55,94,99,101" /><INIT seed="0,2,2,4,5,72" ten="270,250,220,240" oya="0" hai0="73,58,41,87,18,109,9,85,78,121,0,36,90" hai1="133,125,7,51,40,118,25,99,24,127,93,75,32" hai2="64,47,114,15,123,70,44,60,124,120,53,4,38" hai3="88,31,37,105,129,57,42,106,46,22,59,5,122"/><T74/><D121/><N who="2" m="46666" /><F15/><W96/><G129/><T11/><D109/><U20/><E118/><V3/><F4/><W10/><G122/><T39/><D78/><U104/><E133/><V65/><F3/><W49/><G106/><T21/><D85/><U17/><E104/><V48/><F114/><W61/><G37/><T29/><D29/><U92/><E75/><V126/><F65/><W135/><G135/><T97/><D97/><U45/><E7/><V28/><F28/><W16/><G31/><T131/><D131/><U107/><E32/><V12/><F12/><N who="3" m="5199" /><G105/><T81/><D0/><U103/><REACH who="1" step="1"/><E24/><REACH who="1" ten="270,240,220,240" step="2"/><V19/><F19/><W30/><G30/><T62/><D74/><U23/><E23/><V117/><F117/><W2/><G2/><T79/><D73/><U134/><E134/><V98/><F98/><W132/><G132/><T1/><D1/><U52/><E52/><V26/><F26/><W94/><G61/><T35/><D35/><U84/><E84/><V14/><F14/><AGARI ba="2,3" hai="14,16,22,42,46,49,57,59,88,94,96" m="5199" machi="14" ten="30,3900,0" yaku="8,1,54,2" doraHai="72" who="3" fromWho="2" sc="270,0,240,0,220,-45,240,75" /><INIT seed="1,0,0,5,5,85" ten="270,240,175,315" oya="1" hai0="134,119,79,86,109,30,93,32,113,71,129,62,83" hai1="4,59,13,28,18,131,56,102,41,121,128,0,126" hai2="94,132,84,22,74,24,69,39,105,104,3,95,43" hai3="124,76,63,31,66,50,29,27,67,23,47,49,68"/><U88/><E121/><V81/><F69/><W110/><G110/><T15/><D113/><U80/><E126/><V17/><F3/><W65/><G124/><T97/><D119/><U53/><E102/><V33/><F132/><W125/><G125/><T54/><D109/><U82/><E41/><V25/><F74/><W99/><G76/><T106/><D134/><U77/><E28/><V2/><F2/><W87/><G31/><T44/><D106/><U14/><E0/><V60/><F33/><W57/><G68/><T51/><D15/><U101/><E101/><V16/><F60/><W118/><G118/><T103/><D129/><N who="1" m="49739" /><E4/><V92/><F43/><N who="3" m="24831" /><G99/><T73/><D73/><N who="1" m="43055" /><E53/><V127/><F39/><W36/><G36/><T120/><D120/><U20/><E13/><V115/><F115/><W26/><G26/><T12/><D12/><U19/><E18/><V111/><F111/><W46/><G87/><AGARI ba="0,0" hai="14,19,20,56,59,82,87,88" m="43055,49739" machi="87" ten="30,5800,0" yaku="19,1,52,1,54,1" doraHai="85" who="1" fromWho="3" sc="270,0,240,58,175,0,315,-58" /><INIT seed="1,1,0,0,3,34" ten="270,298,175,257" oya="1" hai0="85,106,6,50,121,33,125,104,27,98,61,72,76" hai1="90,107,46,32,88,75,129,64,130,11,124,4,113" hai2="23,14,102,103,71,56,5,40,116,48,112,55,132" hai3="36,77,82,38,101,115,99,93,69,109,51,18,57"/><U135/><E113/><V37/><F116/><W13/><G69/><T3/><D125/><U78/><E124/><V54/><F132/><W30/><G115/><T80/><D121/><U100/><E32/><V12/><F112/><W123/><G123/><T45/><D61/><U86/><E135/><V73/><F73/><W17/><G109/><T89/><D33/><U26/><E26/><V134/><F134/><W19/><G30/><T131/><D27/><U58/><E46/><V2/><F71/><W65/><G13/><T63/><D63/><N who="1" m="38007" /><E75/><V117/><F117/><W67/><G38/><T21/><D21/><U9/><E78/><V91/><F91/><W94/><G94/><T39/><D39/><U44/><E44/><V52/><F37/><W66/><G36/><T70/><D70/><U68/><E11/><V128/><F128/><N who="1" m="49257" /><E86/><V10/><F56/><W79/><G79/><T97/><D131/><U31/><E31/><V16/><REACH who="2" step="1"/><F14/><REACH who="2" ten="270,298,165,257" step="2"/><W118/><G118/><T1/><D72/><U29/><E68/><V24/><F24/><W133/><G133/><T53/><D76/><U8/><E90/><V49/><F49/><W95/><G51/><T110/><D110/><U59/><E88/><V114/><F114/><W122/><G122/><T62/><D62/><U35/><E59/><V96/><F96/><N who="3" m="59535" /><G57/><T83/><D98/><N who="1" m="61847" /><E4/><V87/><F87/><N who="3" m="48591" /><G66/><T111/><D111/><U92/><E35/><V20/><F20/><W108/><G108/><T28/><D97/><U22/><E22/><V120/><F120/><W47/><G47/><AGARI ba="1,1" hai="2,5,10,12,16,23,40,47,48,52,54,55,102,103" machi="47" ten="40,8000,1" yaku="1,1,52,1,54,2,53,0" doraHai="34" doraHaiUra="60" who="2" fromWho="3" sc="270,0,298,0,165,93,257,-83" /><INIT seed="2,0,0,1,1,79" ten="270,298,258,174" oya="2" hai0="124,92,74,16,70,47,77,107,119,60,80,32,126" hai1="134,102,22,52,65,72,104,23,122,40,62,125,97" hai2="42,49,100,91,99,95,68,86,98,51,25,131,117" hai3="116,19,18,20,26,71,123,28,113,75,112,59,106"/><V105/><F131/><W50/><G71/><T69/><D107/><U66/><E125/><N who="0" m="48233" /><D32/><U87/><E72/><V41/><F117/><W63/><G75/><T76/><D76/><U118/><E118/><V8/><F68/><W84/><G106/><T53/><D119/><U33/><E33/><V10/><F25/><W111/><G116/><T44/><D92/><U54/><E134/><V94/><F105/><W36/><G36/><T57/><D16/><N who="3" m="6185" /><G123/><T82/><D82/><U27/><E40/><N who="2" m="15467" /><F99/><W4/><G111/><T45/><AGARI ba="0,0" hai="44,45,47,53,57,60,69,70,74,77,80" m="48233" machi="45" ten="30,2000,0" yaku="18,1,52,1" doraHai="79" who="0" fromWho="0" sc="270,20,298,-5,258,-10,174,-5" /><INIT seed="3,0,0,1,0,24" ten="290,293,248,169" oya="3" hai0="64,42,23,37,28,126,11,66,129,78,15,73,97" hai1="10,87,108,117,72,128,65,39,4,111,82,76,134" hai2="3,19,38,84,96,61,119,67,132,50,54,100,91" hai3="34,25,118,69,36,27,101,83,7,44,105,68,57"/><W12/><G118/><T29/><D126/><U56/><E134/><V26/><F119/><W13/><G57/><T1/><D129/><U135/><E135/><V133/><F38/><W16/><G83/><N who="0" m="45519" /><D97/><U77/><E117/><V92/><F3/><W104/><G7/><N who="0" m="1519" /><D15/><U14/><E128/><V98/><F19/><W125/><G125/><T58/><D23/><U89/><E39/><V106/><F26/><W5/><G5/><T33/><D33/><U90/><E76/><V95/><F50/><W123/><G34/><T0/><D0/><U49/><E87/><V62/><F54/><W103/><G36/><T32/><D32/><U94/><E94/><V40/><F40/><W114/><G16/><T70/><D70/><U79/><E79/><V113/><F113/><W43/><G43/><T8/><D8/><U9/><E10/><V60/><REACH who="2" step="1"/><F67/><REACH who="2" ten="290,293,238,169" step="2"/><N who="0" m="25642" /><D58/><U6/><E6/><V55/><F55/><W31/><G114/><T18/><D18/><U47/><E65/><V81/><F81/><W88/><G123/><T52/><D52/><N who="1" m="31759" /><E47/><AGARI ba="0,1" hai="28,29,37,42,47" m="25642,1519,45519" machi="47" ten="30,3900,0" yaku="25,1,52,2" doraHai="24" who="0" fromWho="1" sc="290,49,293,-39,238,0,169,0" owari="339,43.9,254,5.4,238,-16.2,169,-33.1" /></mjloggm>