<mjloggm ver="2.3"><GO type="225" lobby="0"/><UN n0="%72%61%6B%33" n1="%E5%90%88%E6%B3%95%E3%82%B4%E3%83%AA%E3%83%A9" n2="%E3%81%8B%E3%82%8F%E3%81%A1%E3%82%83%E3%82%93%35%38" n3="%E8%81%B7%E6%A5%AD%E3%80%81%E9%A2%A8%32" dan="18,16,16,16" rate="2194.78,2037.04,2121.26,2141.86" sx="M,M,M,M"/><TAIKYOKU oya="0"/><INIT seed="0,0,0,4,4,84" ten="250,250,250,250" oya="0" hai0="40,121,4,21,134,45,60,61,93,23,99,130,10" hai1="19,11,8,17,38,59,120,106,47,65,3,26,55" hai2="33,22,2,123,31,119,36,78,18,79,0,74,101" hai3="56,112,14,43,24,77,86,124,104,50,16,13,71"/><T70/><D130/><U108/><E120/><V129/><F36/><W64/><G112/><T28/><D134/><U48/><E106/><V66/><F66/><W128/><G124/><T62/><D70/><U90/><E108/><V30/><F101/><W1/><G1/><T20/><D121/><U117/><E117/><V116/><F123/><W92/><G104/><T68/><D68/><U85/><E3/><N who="2" m="1067" /><F74/><W135/><G135/><T103/><D4/><U91/><E38/><V98/><F98/><W96/><G128/><T113/><D10/><N who="1" m="3627" /><E85/><V75/><F33/><W132/><G132/><T97/><D113/><U51/><E65/><V76/><F75/><W133/><G133/><T105/><D28/><N who="2" m="10794" /><F129/><W35/><G35/><T52/><D40/><N who="1" m="24679" /><E26/><V15/><F78/><W25/><G71/><T5/><D5/><U111/><E111/><V27/><F27/><N who="3" m="10315" /><G14/><T49/><REACH who="0" step="1"/><D23/><REACH who="0" ten="240,250,250,250" step="2"/><U53/><E53/><V88/><F119/><W83/><G43/><T34/><D34/><U95/><E95/><V58/><F116/><W126/><G64/><T6/><D6/><U57/><E57/><V125/><F58/><W131/><G131/><T69/><D69/><U115/><E115/><V109/><F109/><W72/><G56/><T102/><AGARI ba="0,1" hai="20,21,45,49,52,60,61,62,93,97,99,102,103,105" machi="102" ten="30,6000,0" yaku="1,1,0,1,54,1,53,0" doraHai="84" doraHaiUra="63" who="0" fromWho="0" sc="240,70,250,-20,250,-20,250,-20" /><INIT seed="0,1,0,0,2,44" ten="310,230,230,230" oya="0" hai0="1,22,0,121,39,93,118,79,19,57,26,41,48" hai1="24,115,60,72,40,73,131,89,63,54,113,134,83" hai2="61,85,119,13,103,3,78,20,2,8,76,17,133" hai3="64,94,74,100,97,102,92,31,106,30,49,128,88"/><T65/><D118/><U70/><E131/><V91/><F119/><W84/><G128/><T105/><D105/><U58/><E134/><V33/><F33/><W55/><G74/><T12/><D121/><U66/><E40/><V99/><F133/><W98/><REACH who="3" step="1"/><G64/><REACH who="3" ten="310,230,230,220" step="2"/><T130/><D65/><U62/><E73/><V135/><F135/><W104/><G104/><T109/><D130/><U101/><E72/><V95/><F2/><W82/><G82/><T67/><D0/><U37/><E83/><V75/><F75/><W11/><G11/><T90/><D67/><U27/><E66/><V52/><F3/><W53/><G53/><T9/><D1/><U126/><E54/><V36/><F8/><W116/><G116/><T16/><D109/><U18/><E115/><V47/><F52/><W38/><G38/><T132/><D132/><U50/><E37/><V6/><F36/><W111/><G111/><T59/><D39/><U25/><E113/><V29/><F95/><W42/><G42/><T71/><D71/><U125/><E70/><V23/><F61/><W45/><AGARI ba="1,1" hai="30,31,45,49,55,84,88,92,94,97,98,100,102,106" machi="45" ten="20,12000,2" yaku="1,1,0,1,7,1,52,1,54,1,53,1" doraHai="44" doraHaiUra="80" who="3" fromWho="3" sc="310,-61,230,-31,230,-31,220,133" /><INIT seed="1,0,0,1,1,50" ten="249,199,199,353" oya="1" hai0="65,46,41,45,115,72,94,114,9,122,82,101,27" hai1="55,52,15,4,119,1,33,58,78,108,7,120,42" hai2="48,51,57,36,24,85,80,93,35,47,90,14,84" hai3="32,104,49,123,112,34,59,87,13,39,129,8,29"/><U11/><E119/><V10/><F36/><W77/><G112/><T116/><D116/><U102/><E120/><V6/><F35/><W40/><G104/><T113/><D122/><U126/><E33/><V61/><F24/><W111/><G129/><T69/><D27/><U17/><E126/><V110/><F110/><W86/><G111/><T26/><D26/><U43/><E108/><V130/><F130/><W22/><G87/><T73/><D45/><U37/><E37/><V106/><F106/><W12/><G12/><T20/><D20/><U135/><E135/><V44/><F44/><N who="3" m="25735" /><G59/><T23/><D23/><U91/><E102/><V121/><F121/><W0/><G0/><T75/><D9/><U67/><E78/><V38/><F38/><W97/><G97/><T134/><D134/><U70/><E91/><V96/><F84/><W68/><G68/><T76/><D69/><U117/><E70/><V89/><REACH who="2" step="1"/><F47/><REACH who="2" ten="249,199,189,353" step="2"/><W19/><G39/><T54/><D46/><U92/><E117/><V25/><F25/><N who="3" m="16567" /><G123/><T95/><D114/><U2/><E43/><V66/><AGARI ba="0,1" hai="6,10,14,48,51,57,61,66,80,85,89,90,93,96" machi="66" ten="20,5200,0" yaku="1,1,0,1,7,1,8,1,53,0" doraHai="50" doraHaiUra="132" who="2" fromWho="2" sc="249,-13,199,-26,189,62,353,-13" /><INIT seed="2,0,0,1,4,84" ten="236,173,251,340" oya="2" hai0="40,81,71,89,119,33,129,43,133,2,127,22,132" hai1="66,98,112,1,83,135,38,79,16,31,70,25,8" hai2="88,97,55,41,35,63,52,68,48,17,5,134,53" hai3="65,120,49,94,4,67,60,10,78,20,107,29,3"/><V99/><F35/><W18/><G107/><T114/><D33/><U125/><E112/><V122/><F122/><W14/><G120/><T42/><D114/><U15/><E38/><V116/><F116/><W128/><G128/><T124/><D2/><U7/><E135/><N who="0" m="51785" /><D71/><U105/><E125/><N who="0" m="48201" /><D22/><U100/><E66/><V45/><F134/><W113/><G113/><T103/><D103/><U54/><E54/><V13/><F5/><W95/><G49/><T102/><D102/><U118/><E70/><V96/><F68/><W126/><G126/><T62/><D62/><U111/><E118/><V117/><F117/><W58/><G67/><T32/><D32/><U73/><E111/><V21/><F63/><W123/><G123/><T91/><D119/><U36/><E36/><V90/><AGARI ba="0,0" hai="13,17,21,41,45,48,52,53,55,88,90,96,97,99" machi="90" ten="40,18000,2" yaku="0,1,8,1,52,2,54,2" doraHai="84" who="2" fromWho="2" sc="236,-60,173,-60,251,180,340,-60" /><INIT seed="2,1,0,3,0,135" ten="176,113,431,280" oya="2" hai0="113,116,19,93,39,53,89,64,72,101,26,35,40" hai1="43,27,63,97,105,77,49,94,99,114,16,117,119" hai2="108,110,130,90,126,32,48,82,86,92,81,111,98" hai3="14,123,52,59,80,79,60,5,45,122,17,129,66"/><V68/><F68/><W47/><G129/><T61/><D72/><U103/><E114/><V70/><F70/><W38/><G5/><T0/><D0/><U9/><E77/><V75/><F32/><W51/><G38/><T44/><D101/><U10/><E119/><V104/><F48/><W57/><G123/><T78/><D78/><U131/><E131/><V42/><F42/><W37/><G37/><T56/><D116/><U23/><E117/><V127/><F130/><W112/><G122/><T134/><D134/><U62/><E99/><V20/><F20/><W33/><G33/><T7/><D7/><U96/><E96/><V55/><F55/><W24/><G24/><T74/><D74/><U13/><E105/><V12/><F12/><W4/><G4/><T2/><D2/><U69/><E69/><V106/><F81/><W29/><G29/><T133/><D133/><U1/><E1/><V84/><F84/><W65/><G65/><T58/><D35/><U28/><REACH who="1" step="1"/><E9/><REACH who="1" ten="176,103,431,280" step="2"/><V50/><F75/><W132/><G112/><T46/><D113/><U121/><E121/><V22/><F104/><W30/><G132/><T85/><D39/><U41/><E41/><V91/><F106/><W15/><G79/><T11/><D40/><U120/><E120/><V31/><F110/><W73/><G73/><T83/><D11/><U124/><E124/><V107/><F107/><W67/><G80/><T95/><D83/><U3/><E3/><V8/><F108/><W115/><G115/><T6/><D95/><U102/><E102/><V88/><F111/><W34/><G34/><RYUUKYOKU ba="1,1" sc="176,-10,103,30,431,-10,280,-10" hai1="10,13,16,23,27,28,43,49,62,63,94,97,103" /><INIT seed="3,2,1,5,4,45" ten="166,133,421,270" oya="3" hai0="119,12,67,82,40,101,127,84,81,10,88,98,26" hai1="83,6,23,125,79,57,87,91,135,113,46,106,134" hai2="25,80,8,102,48,4,3,69,30,17,66,75,124" hai3="120,65,20,21,114,117,112,107,105,103,72,133,93"/><W118/><G65/><T54/><D127/><U58/><E113/><V44/><F102/><W131/><G72/><T19/><D119/><U50/><E106/><V60/><F124/><W77/><G77/><T34/><D40/><U14/><E125/><V18/><F80/><W9/><G9/><T71/><D81/><U29/><E29/><V13/><F3/><W122/><G93/><T1/><D1/><U39/><E39/><V28/><F75/><W55/><G103/><T126/><D126/><U22/><E22/><V100/><F100/><W15/><G15/><T96/><D67/><U129/><E129/><V16/><REACH who="2" step="1"/><F25/><REACH who="2" ten="166,133,411,270" step="2"/><W104/><G131/><T128/><D128/><U76/><E135/><V31/><F31/><W53/><G107/><T90/><D26/><U97/><E134/><AGARI ba="2,2" hai="20,21,53,55,104,105,112,114,117,118,120,122,133,134" machi="134" ten="25,2400,0" yaku="22,2" doraHai="45" who="3" fromWho="1" sc="166,0,133,-30,411,0,270,50" /><INIT seed="3,3,0,1,4,1" ten="166,103,411,320" oya="3" hai0="132,130,3,105,114,78,55,99,46,104,133,20,62" hai1="129,65,108,125,61,29,68,115,2,10,70,118,101" hai2="7,43,64,4,81,88,116,131,124,109,112,87,92" hai3="37,11,49,96,48,86,14,13,73,76,67,45,60"/><W69/><G73/><T39/><D130/><U16/><E115/><V102/><F116/><W31/><G31/><T52/><D114/><U74/><E74/><V75/><F112/><W27/><G27/><T17/><D3/><U84/><E118/><V90/><F102/><W91/><G96/><T34/><D34/><U111/><E129/><V58/><F131/><W40/><G76/><T21/><D78/><U128/><E128/><V98/><F75/><W9/><G14/><T32/><D32/><U106/><E125/><V22/><F109/><W18/><REACH who="3" step="1"/><G11/><REACH who="3" ten="166,103,411,310" step="2"/><T117/><D99/><U97/><E2/><V135/><F98/><W134/><G134/><T59/><D133/><U53/><E111/><V121/><F135/><W25/><G25/><T24/><D24/><U110/><E110/><V103/><F90/><W72/><G72/><T35/><D132/><U95/><E108/><V113/><F88/><W44/><G44/><T57/><D46/><U5/><E106/><V12/><F103/><W85/><G85/><T28/><D28/><U51/><E29/><V50/><F87/><W30/><G30/><T126/><D35/><U82/><E84/><V93/><F12/><W19/><G19/><T36/><D17/><U0/><E16/><V23/><F23/><W89/><G89/><T122/><D20/><U80/><REACH who="1" step="1"/><E68/><REACH who="1" ten="166,93,411,310" step="2"/><V77/><F77/><W38/><G38/><N who="0" m="14379" /><D104/><U94/><E94/><AGARI ba="3,2" hai="9,13,18,37,40,45,48,49,60,67,69,86,91,94" machi="94" ten="30,2900,0" yaku="1,1,7,1,53,0" doraHai="1" doraHaiUra="33" who="3" fromWho="1" sc="166,0,93,-38,411,0,310,58" /><INIT seed="3,4,0,0,3,53" ten="166,55,411,368" oya="3" hai0="14,59,62,30,51,135,111,69,81,17,61,73,66" hai1="92,26,35,5,57,6,114,124,7,116,78,22,16" hai2="134,133,89,29,56,100,1,119,98,4,47,107,105" hai3="33,122,128,64,23,110,127,43,109,99,25,95,45"/><W97/><G122/><T67/><D111/><N who="3" m="42505" /><G33/><T48/><D135/><U24/><E78/><V87/><F119/><W79/><G79/><T131/><D131/><U106/><E106/><V60/><F105/><W19/><G64/><T2/><D2/><U54/><E114/><V90/><F107/><W0/><G0/><T126/><D126/><U34/><E124/><V129/><F1/><W75/><G75/><T12/><D30/><U84/><E116/><V38/><F133/><W113/><G113/><T18/><D81/><U52/><E35/><V42/><F129/><W27/><G127/><T86/><D86/><U55/><E34/><V70/><F134/><W132/><G132/><T37/><D37/><U46/><E46/><V125/><F70/><W94/><G128/><T112/><D73/><U8/><E26/><V10/><F125/><W11/><G11/><T28/><D28/><U63/><REACH who="1" step="1"/><E8/><REACH who="1" ten="166,45,411,368" step="2"/><V72/><F10/><W20/><G27/><T65/><D112/><U130/><E130/><V85/><F72/><W32/><G32/><T68/><D68/><U76/><E76/><V15/><F47/><W108/><G23/><T3/><D69/><U96/><E96/><N who="3" m="36938" /><G108/><T103/><D3/><U120/><E120/><V93/><F15/><W118/><G118/><T21/><D12/><U58/><E58/><V77/><F77/><W9/><G9/><T50/><D14/><U44/><E44/><V121/><F121/><W83/><G83/><T39/><D21/><U40/><E40/><V31/><F42/><W49/><AGARI ba="4,1" hai="19,20,25,43,45,49,94,95" m="36938,42505" machi="49" ten="30,3000,0" yaku="14,1,10,1" doraHai="53" who="3" fromWho="3" sc="166,-14,45,-14,411,-14,368,52" owari="152,-24.8,31,-46.9,397,19.7,420,52.0" /></mjloggm>