<mjloggm ver="2.3"><GO type="225" lobby="0"/><UN n0="%E7%99%BD%E6%97%A5%E9%9B%AA%E8%8F%9C" n1="%4C%4F%4C%49%54%41" n2="%6D%75%75%6D%75%72%61" n3="%E3%81%A8%E3%82%93%E3%81%A8%E3%81%93%E3%81%A8%E3%82%93" dan="16,16,16,16" rate="2148.42,2191.98,2115.13,2136.03" sx="M,F,F,F"/><TAIKYOKU oya="0"/><INIT seed="0,0,0,5,4,5" ten="250,250,250,250" oya="0" hai0="24,31,7,54,93,11,48,38,118,117,13,35,62" hai1="53,131,25,51,121,72,39,75,67,107,90,122,125" hai2="32,91,4,66,60,28,42,20,56,71,64,113,0" hai3="16,15,132,6,17,47,120,14,61,26,3,126,29"/><T84/><D38/><U70/><E39/><V89/><F113/><W10/><G126/><T12/><D62/><U105/><E125/><V85/><F32/><N who="3" m="20535" /><G47/><T40/><D40/><U68/><E131/><V52/><F42/><W97/><G97/><T33/><D33/><U50/><E50/><V59/><F71/><W57/><G57/><T45/><REACH who="0" step="1"/><D13/><REACH who="0" ten="240,250,250,250" step="2"/><N who="3" m="4617" /><G61/><T114/><D114/><U124/><E124/><V8/><F66/><W34/><G120/><T129/><D129/><U43/><E67/><V55/><F64/><W108/><G132/><T98/><D98/><U74/><E43/><V23/><F60/><W9/><G108/><T130/><D130/><U83/><E121/><V63/><F63/><W134/><G134/><T88/><AGARI ba="0,1" hai="7,11,12,24,31,35,45,48,54,84,88,93,117,118" machi="88" ten="30,12000,1" yaku="1,1,0,1,52,1,54,1,53,1" doraHai="5" doraHaiUra="22" who="0" fromWho="0" sc="240,130,250,-40,250,-40,250,-40" /><INIT seed="0,1,0,2,3,94" ten="370,210,210,210" oya="0" hai0="134,98,64,112,73,86,53,42,44,117,90,99,50" hai1="71,26,29,81,30,68,74,84,65,13,119,114,105" hai2="51,88,36,52,57,24,66,4,38,109,1,0,116" hai3="87,126,120,70,76,34,15,110,59,92,33,72,14"/><T79/><D112/><U21/><E119/><V131/><F116/><W130/><G70/><T107/><D117/><U69/><E105/><V3/><F109/><W80/><G126/><T108/><D108/><U2/><E2/><V46/><F131/><W49/><G110/><T121/><D121/><U45/><E74/><V28/><F4/><W31/><G130/><T35/><D35/><U123/><E123/><V96/><F66/><W40/><G120/><T97/><D64/><U7/><E114/><V61/><F61/><W20/><G72/><T23/><D134/><U18/><E45/><V103/><F57/><W6/><G34/><T111/><D111/><U75/><E75/><V56/><F56/><W60/><G33/><T10/><D10/><U58/><E58/><V48/><F48/><W19/><G31/><T85/><D107/><U41/><E41/><V104/><REACH who="2" step="1"/><F88/><REACH who="2" ten="370,210,200,210" step="2"/><W22/><G6/><T9/><D42/><U25/><E65/><V63/><F63/><W17/><G40/><T95/><D73/><U32/><E7/><V127/><F127/><W77/><G49/><T115/><D115/><U125/><E125/><V135/><F135/><W106/><G59/><T8/><D23/><AGARI ba="1,1" hai="0,1,3,23,24,28,36,38,46,51,52,96,103,104" machi="23" ten="40,5200,0" yaku="1,1,52,1,54,1,53,0" doraHai="94" doraHaiUra="122" who="2" fromWho="0" sc="370,-55,210,0,200,65,210,0" /><INIT seed="1,0,0,3,4,104" ten="315,210,265,210" oya="1" hai0="56,39,120,110,76,57,38,63,55,116,46,111,82" hai1="74,115,72,86,129,27,97,91,11,67,1,10,35" hai2="122,69,90,13,132,85,134,52,8,119,24,33,36" hai3="126,75,84,133,49,53,96,130,34,95,77,105,16"/><U7/><E115/><V107/><F119/><W98/><G34/><T109/><D116/><U5/><E129/><V103/><F122/><W26/><G130/><T14/><D120/><U135/><E135/><V106/><F69/><W89/><G105/><T64/><D14/><U123/><E123/><V73/><F36/><W121/><G121/><T43/><D38/><U59/><E97/><V41/><F41/><W21/><G126/><T31/><D31/><U127/><E127/><V4/><F73/><W108/><G108/><T40/><D40/><U20/><E35/><V100/><F106/><W44/><REACH who="3" step="1"/><G133/><REACH who="3" ten="315,210,265,200" step="2"/><T58/><REACH who="0" step="1"/><D64/><REACH who="0" ten="305,210,265,200" step="2"/><U9/><E67/><V66/><F66/><W60/><G60/><T112/><D112/><U70/><E7/><V83/><F132/><W6/><G6/><T32/><D32/><U131/><E5/><V29/><F134/><W79/><G79/><T28/><D28/><U102/><E131/><V50/><F107/><W48/><G48/><T99/><D99/><U65/><E65/><V12/><F12/><W80/><AGARI ba="0,2" hai="16,21,26,44,49,53,75,77,80,84,89,95,96,98" machi="80" ten="30,7900,0" yaku="1,1,0,1,52,1,54,1,53,0" doraHai="104" doraHaiUra="118" who="3" fromWho="3" sc="305,-20,210,-39,265,-20,200,99" /><INIT seed="2,0,0,1,5,126" ten="285,171,245,299" oya="2" hai0="113,53,80,48,58,40,19,4,87,61,101,5,64" hai1="135,16,92,91,38,23,55,49,133,123,132,84,6" hai2="86,109,114,57,36,100,108,44,32,89,66,107,43" hai3="75,62,60,127,25,76,74,97,20,34,14,115,2"/><V124/><F114/><W96/><G2/><T106/><D113/><U47/><E123/><V103/><F124/><W90/><G127/><T51/><D106/><U94/><E6/><V0/><F32/><W33/><G14/><T71/><D101/><U56/><E38/><V65/><F0/><W18/><G76/><T54/><D40/><U69/><E69/><V52/><F103/><W59/><G90/><T88/><REACH who="0" step="1"/><D19/><REACH who="0" ten="275,171,245,299" step="2"/><U117/><E117/><V129/><F100/><W7/><G18/><T37/><D37/><U93/><REACH who="1" step="1"/><E47/><AGARI ba="0,1" hai="4,5,47,48,51,53,54,58,61,64,71,80,87,88" machi="47" ten="30,3900,0" yaku="1,1,7,1,54,1,53,0" doraHai="126" doraHaiUra="29" who="0" fromWho="1" sc="275,49,171,-39,245,0,299,0" /><INIT seed="3,0,0,4,5,104" ten="324,132,245,299" oya="3" hai0="122,94,124,41,99,118,115,20,74,110,38,39,48" hai1="106,120,135,2,98,50,67,31,21,129,85,1,34" hai2="107,16,72,91,68,111,24,55,83,132,100,47,27" hai3="54,76,114,28,29,133,87,8,11,15,63,53,5"/><W62/><G114/><T45/><D118/><U95/><E120/><V86/><F68/><W61/><G133/><T22/><D122/><U3/><E135/><V128/><F132/><W96/><G96/><T10/><D74/><U64/><E129/><V123/><F128/><W103/><G103/><T56/><D110/><U0/><N who="1" m="0" /><DORA hai="77" /><U25/><E106/><V125/><F125/><W134/><G134/><T80/><D124/><U9/><E50/><V14/><F111/><W19/><G5/><T116/><D116/><U60/><E9/><N who="2" m="6223" /><F72/><W105/><G105/><T17/><D80/><U66/><E34/><V36/><F36/><W18/><G87/><T97/><D115/><U84/><E85/><V32/><F32/><W79/><G61/><T93/><D39/><U13/><E13/><AGARI ba="0,0" hai="8,11,13,15,18,19,28,29,53,54,62,63,76,79" machi="13" ten="25,4800,0" yaku="22,2,8,1" doraHai="104,77" who="3" fromWho="1" sc="324,0,132,-48,245,0,299,48" owari="324,12.4,84,-41.6,245,-15.5,347,44.7" /></mjloggm>