<mjloggm ver="2.3"><GO type="225" lobby="0"/><UN n0="%E5%B0%8F%E9%B3%A5%E9%81%8A%E7%B7%B4%E7%84%A1%32%31%E6%AD%B3" n1="%E3%83%94%E3%83%B3%E3%82%B5%E3%83%AD%E5%BA%97%E5%93%A1" n2="%72%69%6F%75%63%68%61%6E" n3="%6C%61%6D%62" dan="16,17,16,16" rate="2173.35,2192.61,2174.01,2170.70" sx="F,M,M,M"/><TAIKYOKU oya="0"/><INIT seed="0,0,0,2,3,116" ten="250,250,250,250" oya="0" hai0="31,73,37,113,63,135,58,70,79,32,26,44,49" hai1="69,97,23,5,19,22,50,27,12,117,67,108,96" hai2="110,104,4,112,25,119,52,92,81,6,36,20,1" hai3="14,95,21,101,87,131,43,15,77,134,55,88,40"/><T103/><D113/><U132/><E117/><V65/><F112/><W66/><G134/><T82/><D135/><U3/><E132/><V41/><F104/><W100/><G131/><T59/><D37/><U2/><E108/><V125/><F119/><W54/><G66/><T115/><D115/><U45/><E69/><V98/><F110/><W105/><G77/><T111/><D111/><U107/><E67/><V91/><F125/><W106/><G106/><T38/><D38/><U72/><E72/><V102/><F1/><W126/><G126/><T0/><D0/><U16/><E5/><V10/><F65/><W8/><G21/><T51/><D103/><N who="3" m="39497" /><G15/><T124/><D124/><U85/><E107/><V114/><F114/><W86/><G86/><T130/><D130/><U83/><E3/><V75/><F10/><W11/><G11/><T46/><D70/><U71/><E71/><V68/><F68/><W33/><G33/><T80/><D80/><U90/><REACH who="1" step="1"/><E2/><REACH who="1" ten="250,240,250,250" step="2"/><V129/><F129/><W109/><G105/><T56/><REACH who="0" step="1"/><D63/><REACH who="0" ten="240,240,250,250" step="2"/><U122/><E122/><V120/><F120/><W133/><G109/><T7/><D7/><U62/><E62/><V84/><F4/><N who="3" m="3335" /><G133/><T93/><D93/><U74/><E74/><V60/><F75/><W53/><AGARI ba="0,2" hai="40,43,53,54,55,87,88,95" m="3335,39497" machi="53" ten="30,2000,0" yaku="8,1,54,1" doraHai="116" who="3" fromWho="3" sc="240,-10,240,-5,250,-5,250,40" /><INIT seed="1,0,0,0,5,19" ten="230,235,245,290" oya="1" hai0="109,120,55,59,17,33,14,15,94,91,90,18,30" hai1="124,10,111,38,36,84,75,78,82,73,42,114,96" hai2="23,113,40,87,123,34,88,65,8,53,74,49,103" hai3="45,76,122,129,115,117,79,92,56,95,62,63,46"/><U28/><E114/><V110/><F123/><W98/><G115/><T89/><D109/><U112/><E112/><V71/><F34/><W72/><G122/><T24/><D120/><U35/><E124/><V100/><F113/><W12/><G129/><T4/><D4/><U2/><E111/><V68/><F110/><W83/><G117/><T5/><D5/><U50/><E50/><V130/><F74/><W47/><G79/><T22/><D94/><U27/><E2/><V67/><F130/><W43/><G92/><T127/><D127/><U13/><E96/><V58/><F40/><W20/><G43/><T9/><REACH who="0" step="1"/><D91/><REACH who="0" ten="220,235,245,290" step="2"/><U0/><E0/><V39/><F103/><W125/><G125/><T16/><D16/><U25/><E38/><V61/><F100/><W31/><G31/><T3/><D3/><U132/><E28/><V54/><F39/><W108/><G108/><T116/><D116/><U85/><E36/><V44/><F8/><W6/><G6/><T99/><D99/><U104/><E10/><V81/><REACH who="2" step="1"/><F23/><REACH who="2" ten="220,235,235,290" step="2"/><W26/><G20/><T93/><D93/><U105/><E105/><V32/><F32/><W131/><G95/><T7/><D7/><U135/><E104/><V86/><F86/><W60/><G131/><T29/><D29/><U134/><E35/><V1/><F1/><W64/><G72/><N who="1" m="27722" /><E85/><V106/><F106/><W102/><G102/><T119/><D119/><U69/><E84/><V70/><AGARI ba="0,2" hai="44,49,53,54,58,61,65,67,68,70,71,81,87,88" machi="70" ten="30,7900,0" yaku="1,1,0,1,54,1,53,1" doraHai="19" doraHaiUra="77" who="2" fromWho="2" sc="220,-20,235,-39,235,99,290,-20" /><INIT seed="2,0,0,4,5,89" ten="200,196,334,270" oya="2" hai0="29,116,80,109,30,82,34,3,48,17,1,56,108" hai1="32,40,14,22,12,93,43,95,120,13,113,115,42" hai2="2,64,41,78,0,124,25,19,61,23,38,102,6" hai3="90,97,16,50,132,44,106,5,7,77,52,69,81"/><V99/><F124/><W4/><G132/><T62/><D48/><U58/><E32/><V51/><F38/><W86/><G69/><T101/><D17/><U119/><E119/><V35/><F78/><W59/><G106/><T31/><D34/><U66/><E120/><V129/><F129/><W134/><G134/><T110/><D101/><U75/><E75/><V133/><F133/><W15/><G97/><T8/><D116/><U71/><E71/><V79/><F79/><W100/><G100/><T67/><REACH who="0" step="1"/><D8/><REACH who="0" ten="190,196,334,270" step="2"/><U53/><E22/><V83/><F35/><W135/><G135/><T112/><D112/><U131/><E131/><V111/><F19/><W24/><G24/><T10/><D10/><U60/><REACH who="1" step="1"/><E66/><REACH who="1" ten="190,186,334,270" step="2"/><V85/><F64/><W91/><REACH who="3" step="1"/><G44/><REACH who="3" ten="190,186,334,260" step="2"/><T121/><D121/><U26/><E26/><V27/><F25/><W70/><G70/><T122/><D122/><U125/><E125/><V9/><F27/><W98/><G98/><T21/><D21/><AGARI ba="0,3" hai="4,5,7,15,16,21,50,52,59,77,81,86,90,91" machi="21" ten="40,8000,1" yaku="1,1,8,1,54,2,53,0" doraHai="89" doraHaiUra="65" who="3" fromWho="0" sc="190,-80,186,0,334,0,260,110" /><INIT seed="3,0,0,1,1,16" ten="110,186,334,370" oya="3" hai0="8,26,38,3,31,55,61,9,46,111,53,78,127" hai1="50,40,33,80,118,96,92,113,133,103,15,105,87" hai2="119,6,64,108,44,121,72,57,115,74,19,5,128" hai3="106,4,91,120,7,42,102,56,28,63,93,12,36"/><W34/><G106/><T84/><D111/><U14/><E113/><V77/><F115/><W27/><G102/><T29/><D127/><U70/><E33/><V82/><F119/><W54/><G120/><T97/><D3/><U126/><E70/><V32/><F108/><W86/><G36/><T132/><D38/><U25/><E25/><V2/><F121/><W39/><G39/><T24/><D132/><U66/><E66/><V18/><F32/><W21/><G42/><T117/><D117/><U101/><E118/><V129/><F72/><W134/><G134/><T123/><D123/><U22/><E133/><V62/><F44/><W23/><G34/><T79/><D84/><U30/><E103/><V109/><F109/><W95/><G95/><T112/><D112/><U98/><E98/><V90/><F90/><W116/><G116/><T67/><D46/><N who="1" m="25927" /><E105/><V94/><F94/><W48/><G63/><T88/><D61/><U114/><E126/><V20/><F18/><AGARI ba="0,0" hai="4,7,12,18,21,23,27,28,48,54,56,86,91,93" machi="18" ten="40,12000,1" yaku="25,2,8,1,52,2" doraHai="16" who="3" fromWho="2" sc="110,0,186,0,334,-120,370,120" owari="110,-39.0,186,-21.4,214,1.4,490,59.0" /></mjloggm>