<mjloggm ver="2.3"><GO type="225" lobby="0"/><UN n0="%E3%81%A0%E3%81%8A" n1="%E3%81%8F%E3%82%8A%E3%83%94%E3%83%BC" n2="%E3%81%AF%E3%82%88%E3%81%8A%E3%81%98%E3%81%95%E3%82%93" n3="%E6%A1%9C%E8%8A%B1%E9%96%83%E3%80%85" dan="16,16,16,18" rate="2040.40,2113.23,2177.62,2292.53" sx="M,M,M,M"/><TAIKYOKU oya="0"/><INIT seed="0,0,0,5,2,98" ten="250,250,250,250" oya="0" hai0="68,61,116,99,1,114,72,28,48,11,22,83,42" hai1="54,73,94,49,103,38,119,40,5,10,36,124,96" hai2="102,127,110,60,17,101,55,106,24,112,69,41,81" hai3="35,108,18,89,64,2,52,100,43,45,7,76,79"/><T20/><D114/><U21/><E119/><V130/><F112/><W0/><G35/><T26/><D116/><U87/><E73/><V107/><F41/><W80/><G64/><T91/><D72/><U4/><E124/><V12/><F127/><W9/><G108/><T129/><D129/><U105/><E4/><V133/><F110/><W31/><G31/><T78/><D1/><U16/><E40/><V74/><F24/><W15/><G100/><T115/><D11/><U113/><E113/><V75/><F130/><W86/><G2/><T37/><D37/><U120/><E120/><V128/><F128/><W134/><G134/><T66/><D20/><U125/><E125/><V29/><F29/><W122/><G52/><T3/><D3/><U71/><E71/><V25/><F25/><W44/><G44/><T13/><D115/><U104/><E10/><V30/><F30/><W58/><G58/><T51/><D13/><N who="1" m="9359" /><E105/><N who="2" m="39947" /><F74/><W32/><G32/><T70/><D70/><U33/><E5/><V19/><F19/><W67/><G67/><T50/><D42/><U90/><E33/><V59/><F69/><W65/><G65/><T27/><D26/><U8/><E8/><N who="2" m="6279" /><F133/><W57/><G57/><AGARI ba="0,0" hai="36,38,49,54,57,87,90,94,96,103,104" m="9359" machi="57" ten="30,3900,0" yaku="25,1,52,1,54,1" doraHai="98" who="1" fromWho="3" sc="250,0,250,39,250,0,250,-39" /><INIT seed="1,0,0,2,3,40" ten="250,289,250,211" oya="1" hai0="48,51,101,4,18,70,32,47,21,114,106,121,79" hai1="65,12,44,36,60,117,98,52,73,46,63,130,120" hai2="23,89,50,24,125,61,35,91,123,28,7,88,112" hai3="129,37,10,95,81,71,124,134,68,99,31,42,97"/><U109/><E117/><V56/><F123/><W5/><G129/><T64/><D32/><U25/><E73/><V55/><F125/><W22/><G124/><T19/><D114/><U110/><E120/><V92/><F112/><W127/><G127/><T105/><D4/><U83/><E130/><V15/><F61/><W90/><G134/><T53/><D121/><U33/><E12/><V132/><F132/><W38/><G81/><T77/><D18/><U49/><E83/><V11/><REACH who="2" step="1"/><F35/><REACH who="2" ten="250,289,240,211" step="2"/><W69/><G69/><T20/><D70/><U94/><E63/><V118/><F118/><W128/><G71/><T115/><D115/><U102/><E60/><V74/><F74/><W13/><G68/><T103/><D64/><U80/><E65/><V59/><F59/><W104/><G128/><T2/><D105/><U62/><E62/><V82/><F82/><W43/><G38/><T58/><D106/><U87/><E36/><V116/><F116/><W57/><G57/><T108/><D58/><U72/><E72/><V107/><F107/><W122/><G37/><T9/><D48/><U93/><E93/><AGARI ba="0,1" hai="7,11,15,23,24,28,50,55,56,88,89,91,92,93" machi="93" ten="40,8000,1" yaku="1,1,8,1,54,1,53,1" doraHai="40" doraHaiUra="6" who="2" fromWho="1" sc="250,0,289,-80,240,90,211,0" /><INIT seed="2,0,0,2,5,101" ten="250,209,330,211" oya="2" hai0="42,71,11,109,55,80,8,7,13,30,60,0,68" hai1="124,121,79,20,52,83,72,10,65,110,86,123,37" hai2="18,99,88,73,104,39,61,35,19,63,94,43,62" hai3="21,29,45,69,28,112,90,126,128,5,106,47,14"/><V97/><F73/><W50/><G69/><T32/><D109/><U84/><E37/><V1/><F1/><W70/><G70/><T117/><D117/><U67/><E110/><V134/><F35/><W113/><G126/><T38/><D38/><U15/><E20/><V3/><F3/><W22/><G128/><T92/><D42/><U81/><E52/><V16/><F134/><W27/><G90/><T108/><D80/><U53/><E53/><V115/><F115/><N who="3" m="44107" /><G106/><T98/><D30/><U129/><E124/><V122/><F122/><N who="1" m="46601" /><E129/><V9/><F39/><W76/><G76/><T34/><D68/><U78/><E72/><V135/><F135/><W31/><G22/><T74/><D74/><U100/><E100/><V125/><F125/><W120/><G120/><T66/><D55/><U46/><E46/><N who="3" m="17418" /><G50/><T82/><D108/><U24/><E24/><V130/><F130/><W131/><G131/><T36/><D36/><U89/><E79/><V54/><F43/><W95/><G95/><T4/><D82/><U33/><E33/><V17/><F54/><W77/><G77/><T119/><D119/><U96/><E96/><N who="2" m="57415" /><F104/><W116/><G116/><T103/><AGARI ba="0,0" hai="0,4,7,8,11,13,32,34,60,66,71,92,98,103" machi="103" ten="20,1500,0" yaku="0,1,7,1" doraHai="101" who="0" fromWho="0" sc="250,15,209,-4,330,-7,211,-4" /><INIT seed="3,0,0,3,3,90" ten="265,205,323,207" oya="3" hai0="114,47,97,119,50,43,75,99,125,62,51,129,77" hai1="16,83,18,115,53,42,71,93,29,105,6,127,52" hai2="21,41,9,4,26,19,82,55,54,123,73,79,121" hai3="39,88,48,134,17,87,60,118,37,46,66,101,108"/><W86/><G118/><T33/><D114/><U69/><E105/><V107/><F41/><W102/><G134/><T98/><D33/><U36/><E115/><V27/><F27/><W67/><G108/><T132/><D119/><U109/><E109/><V0/><REACH who="2" step="1"/><F107/><REACH who="2" ten="265,205,313,207" step="2"/><W80/><G39/><T63/><D132/><U122/><E42/><V7/><F7/><W8/><G37/><T126/><D43/><U12/><E36/><V128/><F128/><W65/><G60/><T44/><D129/><U57/><E6/><V14/><F14/><N who="3" m="7367" /><G86/><T133/><D133/><U30/><E12/><V74/><F74/><W91/><G91/><T64/><D75/><U5/><E5/><V34/><F34/><W2/><G2/><T1/><D1/><U56/><E127/><V76/><F76/><W120/><G120/><AGARI ba="0,1" hai="0,4,9,19,21,26,54,55,73,79,82,120,121,123" machi="120" ten="40,2600,0" yaku="1,1,13,1,53,0" doraHai="90" doraHaiUra="61" who="2" fromWho="3" sc="265,0,205,0,313,36,207,-26" owari="265,6.5,205,-19.5,349,44.9,181,-31.9" /></mjloggm>