<mjloggm ver="2.3"><GO type="225" lobby="0"/><UN n0="%43%68%65" n1="%72%61%6B%33" n2="%72%69%6F%75%63%68%61%6E" n3="%E3%81%86%E3%81%A3%E3%81%97%E3%83%BC%30%30" dan="16,16,17,16" rate="2157.19,2166.99,2221.54,2088.26" sx="M,M,M,M"/><TAIKYOKU oya="0"/><INIT seed="0,0,0,5,0,105" ten="250,250,250,250" oya="0" hai0="120,102,64,98,56,33,40,94,54,41,111,15,21" hai1="132,129,99,75,80,121,25,81,108,107,58,32,31" hai2="103,35,91,104,122,4,89,69,93,135,126,9,45" hai3="34,14,7,19,46,60,55,62,27,20,12,124,74"/><T66/><D120/><U96/><E121/><V77/><F122/><W79/><G124/><T10/><D33/><U30/><E108/><V87/><F69/><W0/><G14/><T125/><D125/><U39/><E132/><V90/><F126/><W73/><G79/><T65/><D21/><U26/><E129/><V37/><F135/><W82/><G82/><T71/><D71/><U106/><E58/><V61/><F35/><W109/><G109/><T95/><D95/><U100/><E39/><V38/><F61/><W88/><G88/><T44/><D44/><U127/><E127/><V110/><F110/><W13/><G13/><T134/><D111/><U50/><E50/><V17/><F17/><W92/><G92/><T97/><D97/><U29/><E29/><V8/><F8/><N who="3" m="2151" /><G46/><T36/><D36/><U3/><E3/><V130/><F130/><W52/><G62/><N who="0" m="36119" /><D134/><U24/><E32/><V86/><F45/><W84/><G84/><T42/><D66/><U133/><E133/><V85/><F104/><W43/><G43/><N who="0" m="11011" /><T70/><DORA hai="101" /><D70/><U72/><E26/><V123/><F123/><W16/><G34/><T11/><D11/><U117/><E100/><V68/><F68/><W53/><G60/><T2/><D2/><U118/><AGARI ba="0,0" hai="24,25,30,31,72,75,80,81,96,99,106,107,117,118" machi="118" ten="25,12000,2" yaku="0,1,22,2,52,4" doraHai="105,101" who="1" fromWho="1" sc="250,-60,250,120,250,-30,250,-30" /><INIT seed="1,0,0,3,5,66" ten="190,370,220,220" oya="1" hai0="85,115,43,0,63,52,73,41,72,24,19,77,46" hai1="56,13,103,34,94,112,11,96,89,54,12,92,76" hai2="3,17,135,62,113,67,102,110,4,28,90,114,95" hai3="6,117,60,37,98,93,131,31,44,111,16,20,14"/><U18/><E112/><N who="2" m="43115" /><F110/><W87/><G111/><T84/><D115/><U5/><E34/><V75/><F75/><W133/><G133/><T25/><D0/><U30/><E30/><V121/><F121/><W122/><G122/><T36/><D43/><U74/><E74/><V107/><F28/><W8/><G131/><T108/><D108/><U29/><E29/><V129/><F135/><W134/><G134/><T59/><D25/><U105/><E76/><V127/><F102/><W2/><G87/><T119/><D84/><U1/><E1/><V40/><F107/><W97/><G117/><T125/><D125/><U104/><E104/><V45/><F17/><W86/><G60/><T130/><D130/><U71/><E71/><N who="2" m="42487" /><F129/><W106/><G106/><T38/><D119/><U61/><E89/><V83/><F83/><W26/><G86/><T57/><D73/><U27/><E27/><V120/><F120/><W64/><G93/><T124/><D72/><U116/><E116/><V22/><F22/><AGARI ba="0,0" hai="5,11,12,13,18,22,54,56,61,92,94,96,103,105" machi="22" ten="30,1500,0" yaku="7,1" doraHai="66" who="1" fromWho="2" sc="190,0,370,15,220,-15,220,0" /><INIT seed="1,1,0,0,5,102" ten="190,385,205,220" oya="1" hai0="24,65,32,132,1,64,41,15,112,30,28,26,121" hai1="75,44,27,47,69,52,87,57,42,86,17,115,133" hai2="54,107,21,10,22,45,113,134,103,71,50,90,135" hai3="106,101,40,92,43,131,4,119,38,99,93,82,117"/><U16/><E69/><V76/><F113/><W61/><G131/><T59/><D112/><U100/><E115/><V125/><F125/><W34/><G34/><T98/><D1/><U20/><E75/><V2/><F71/><W68/><G82/><T95/><D132/><N who="2" m="50730" /><F76/><W36/><G4/><T77/><D121/><U108/><E133/><V37/><F37/><N who="3" m="14443" /><G93/><T94/><D41/><U14/><E108/><V12/><F2/><W73/><G92/><T89/><D77/><U70/><E70/><V5/><F90/><W60/><G73/><T19/><D59/><U85/><E100/><V29/><F29/><W31/><G31/><T35/><REACH who="0" step="1"/><D95/><REACH who="0" ten="180,385,205,220" step="2"/><U114/><E42/><V11/><F11/><AGARI ba="1,1" hai="11,15,19,24,26,28,30,32,35,64,65,89,94,98" machi="11" ten="30,7700,0" yaku="1,1,2,1,7,1,9,1,53,0" doraHai="102" doraHaiUra="130" who="0" fromWho="2" sc="180,90,385,0,205,-80,220,0" /><INIT seed="2,0,0,3,4,116" ten="270,385,125,220" oya="2" hai0="127,50,21,74,68,13,128,25,84,105,55,65,52" hai1="134,67,91,16,27,76,63,96,119,35,19,110,93" hai2="124,118,57,73,17,115,83,42,109,90,41,1,107" hai3="48,133,10,99,58,112,56,37,98,121,78,54,6"/><V14/><F115/><W28/><G37/><T94/><D74/><U8/><E119/><V92/><F118/><W100/><G133/><T80/><D105/><U97/><E134/><V12/><F124/><W86/><G112/><T15/><D127/><U131/><E110/><V125/><F125/><W123/><G28/><T32/><D32/><U36/><E36/><V102/><F1/><W62/><G86/><T135/><D128/><U26/><E131/><V9/><F109/><W45/><G78/><T38/><D38/><U46/><E46/><V113/><F113/><W30/><G30/><T47/><D135/><U132/><E76/><V43/><F73/><W64/><G58/><T88/><D65/><U29/><E132/><V4/><F83/><W5/><G5/><T40/><D68/><U95/><E8/><V59/><F102/><W51/><G51/><T2/><D2/><U77/><E27/><V24/><F107/><W111/><G111/><T61/><D80/><U104/><E77/><V108/><F24/><W71/><G71/><T7/><D7/><U114/><E114/><V11/><REACH who="2" step="1"/><F108/><REACH who="2" ten="270,385,115,220" step="2"/><W82/><G82/><T89/><D15/><U85/><E104/><V117/><F117/><W20/><G100/><T39/><D13/><U81/><E81/><V120/><F120/><W22/><G123/><T70/><D94/><U44/><E95/><V106/><F106/><W3/><G121/><T0/><D0/><U101/><E101/><V66/><F66/><W72/><G72/><T122/><D122/><U33/><E93/><V49/><F49/><W18/><G3/><RYUUKYOKU ba="0,1" sc="270,-10,385,-10,115,30,220,-10" hai2="4,9,11,12,14,17,41,42,43,57,59,90,92" /><INIT seed="2,1,1,1,2,3" ten="260,375,145,210" oya="2" hai0="11,7,34,51,125,122,30,17,112,117,52,99,22" hai1="96,49,23,109,29,106,62,116,12,127,110,53,76" hai2="101,94,55,108,133,36,33,37,90,48,82,120,123" hai3="124,111,20,126,39,13,73,64,132,79,57,135,87"/><V85/><F133/><N who="3" m="51275" /><G39/><T83/><D112/><U65/><E116/><V80/><F33/><W35/><G35/><T113/><D113/><U107/><E76/><V27/><F108/><N who="1" m="41577" /><E96/><V19/><F36/><W44/><G44/><T103/><D117/><U47/><E127/><N who="3" m="48682" /><G111/><T70/><D70/><N who="1" m="42295" /><E29/><V15/><F37/><W129/><G73/><T28/><D34/><U105/><E23/><V50/><F27/><W58/><G20/><T88/><D125/><U78/><E78/><V84/><F48/><W25/><G25/><T131/><D22/><U26/><E26/><V91/><F101/><W18/><G64/><T31/><D51/><U98/><E98/><V24/><F94/><W86/><G79/><T5/><D99/><U68/><E12/><V1/><F1/><W41/><G41/><T130/><D103/><U16/><E16/><V0/><F0/><W38/><G38/><T46/><D17/><U32/><E32/><V128/><F128/><W89/><G89/><T102/><D88/><U60/><E106/><V45/><REACH who="2" step="1"/><F24/><REACH who="2" ten="260,375,135,210" step="2"/><W114/><G129/><T74/><D131/><U21/><E107/><V9/><AGARI ba="1,2" hai="9,15,19,45,50,55,80,82,84,85,90,91,120,123" machi="9" ten="20,18000,2" yaku="1,1,2,1,0,1,7,1,9,1,25,2,53,0" doraHai="3" doraHaiUra="59" who="2" fromWho="2" sc="260,-61,375,-61,135,203,210,-61" /><INIT seed="2,2,0,5,2,44" ten="199,314,338,149" oya="2" hai0="55,29,96,62,14,130,59,42,76,86,82,20,46" hai1="27,77,7,95,15,1,123,51,65,131,23,56,0" hai2="118,133,114,85,9,84,117,54,5,89,122,30,124" hai3="40,104,64,10,36,107,135,38,13,33,41,128,109"/><V73/><F114/><W67/><G33/><T12/><D130/><U53/><E131/><V26/><F122/><W88/><G128/><T24/><REACH who="0" step="1"/><D96/><REACH who="0" ten="189,314,338,149" step="2"/><U66/><E123/><V28/><F118/><W81/><G109/><T60/><D60/><U120/><E120/><V79/><F117/><W110/><G110/><T69/><D69/><U126/><E126/><V121/><F124/><W127/><G127/><T105/><D105/><U52/><E0/><V6/><F121/><W125/><G125/><T87/><D87/><U22/><E1/><V129/><F85/><W39/><G135/><T97/><D97/><U34/><E34/><V2/><F84/><W11/><G81/><T119/><D119/><U106/><E106/><V75/><F2/><W70/><G70/><T43/><D43/><U49/><E95/><V68/><F133/><W72/><G72/><T57/><D57/><N who="1" m="32911" /><E77/><V18/><F79/><W111/><G111/><T25/><D25/><U103/><E103/><V48/><F26/><W90/><G39/><AGARI ba="2,1" hai="12,14,20,24,29,39,42,46,55,59,62,76,82,86" machi="39" ten="30,3900,0" yaku="1,1,7,1,53,1" doraHai="44" doraHaiUra="80" who="0" fromWho="3" sc="189,55,314,0,338,0,149,-45" /><INIT seed="3,0,0,0,5,117" ten="244,314,338,104" oya="3" hai0="77,54,101,100,51,41,121,11,63,80,133,34,55" hai1="110,19,89,48,18,38,72,112,75,68,127,58,45" hai2="20,113,71,103,0,59,82,87,30,39,36,12,108" hai3="29,67,32,46,91,95,60,23,49,111,14,85,4"/><W123/><G32/><T8/><D34/><U93/><E112/><V105/><F113/><W43/><G111/><T76/><D133/><U109/><E68/><V52/><F71/><W107/><G107/><T128/><D128/><U25/><E38/><V106/><F0/><W130/><G130/><T134/><D41/><U2/><E2/><V6/><F108/><N who="1" m="41577" /><E58/><V33/><F33/><W3/><G3/><T98/><D51/><U102/><E102/><V66/><F66/><W69/><G29/><T35/><D35/><U21/><E18/><V7/><F103/><W94/><G94/><T16/><D80/><U88/><E127/><V37/><F30/><W10/><REACH who="3" step="1"/><G23/><REACH who="3" ten="244,314,338,94" step="2"/><T24/><D134/><U86/><E89/><V83/><F106/><W131/><G131/><T31/><D31/><U27/><E25/><V84/><F105/><W124/><G124/><T96/><D24/><U26/><E27/><V42/><F20/><W81/><G81/><T74/><D101/><U78/><E78/><V50/><F83/><W17/><G17/><T57/><D16/><U61/><E61/><V129/><F82/><W92/><G92/><T13/><D63/><U119/><E119/><V40/><F129/><W65/><G65/><T125/><D100/><U56/><E56/><V47/><F6/><W122/><AGARI ba="0,1" hai="4,10,14,43,46,49,60,67,69,85,91,95,122,123" machi="122" ten="30,11700,0" yaku="1,1,0,1,52,2,53,0" doraHai="117" doraHaiUra="79" who="3" fromWho="3" sc="244,-39,314,-39,338,-39,94,127" /><INIT seed="3,1,0,2,0,4" ten="205,275,299,221" oya="3" hai0="62,23,21,104,100,135,51,103,75,39,20,122,67" hai1="48,63,124,112,59,129,111,33,110,73,120,15,49" hai2="8,115,116,36,83,91,25,119,98,107,101,89,71" hai3="42,105,24,44,13,85,28,32,99,40,74,52,61"/><W64/><G74/><T35/><D39/><U57/><E73/><V84/><F71/><N who="3" m="42383" /><G85/><T0/><D122/><U55/><E33/><V38/><F115/><W65/><G65/><T96/><D75/><U128/><E15/><V53/><F25/><W5/><G5/><T109/><D109/><N who="1" m="41483" /><E112/><V3/><F53/><W77/><G77/><T108/><D108/><U131/><E120/><V22/><F22/><W106/><G106/><T78/><D0/><U9/><E9/><V11/><F89/><W27/><G27/><T31/><D135/><U6/><E6/><V66/><F3/><W37/><G13/><T17/><D78/><U14/><E14/><V123/><F123/><W46/><G52/><T117/><D117/><U81/><E81/><V92/><F66/><W30/><G30/><T114/><D114/><U82/><E82/><V56/><F56/><N who="1" m="21577" /><E124/><V127/><F127/><W18/><G18/><T121/><D121/><U113/><E113/><V86/><F119/><W132/><G132/><T50/><D17/><U68/><E68/><V97/><F116/><W7/><G7/><T80/><D80/><U133/><E133/><V69/><F69/><W34/><G34/><T10/><D35/><U19/><E19/><V26/><F26/><W130/><G105/><N who="0" m="63623" /><D31/><U79/><E79/><V90/><REACH who="2" step="1"/><F86/><REACH who="2" ten="205,275,289,221" step="2"/><W29/><G29/><T47/><D67/><U88/><E88/><V102/><F102/><W41/><G99/><N who="0" m="61567" /><D62/><U72/><E72/><V2/><F2/><W134/><G134/><T126/><D126/><U43/><E43/><N who="3" m="16458" /><G46/><T1/><D47/><N who="1" m="28063" /><E63/><V58/><F58/><RYUUKYOKU ba="1,1" sc="205,0,275,0,289,0,221,0" hai0="1,10,20,21,23,50,51" hai1="49,128,129,131" hai2="8,11,36,38,83,84,90,91,92,97,98,101,107" hai3="24,28,32,37,42,44,130" /><INIT seed="3,2,1,2,5,133" ten="205,275,289,221" oya="3" hai0="58,78,8,128,26,29,11,38,60,0,41,113,90" hai1="22,99,45,130,9,89,32,131,104,102,66,80,64" hai2="42,57,59,7,111,92,70,19,77,95,129,73,65" hai3="103,108,69,1,79,33,126,135,18,114,67,72,48"/><W46/><G114/><T40/><D113/><U49/><E32/><V56/><F111/><W119/><G119/><T94/><D128/><N who="1" m="49195" /><E22/><V71/><F129/><W93/><G1/><T83/><D38/><U55/><E9/><V21/><F7/><W125/><G33/><T36/><D36/><U54/><E54/><V4/><F4/><W87/><G72/><T17/><D0/><U31/><E31/><V68/><F65/><N who="1" m="25193" /><E89/><V76/><F42/><W127/><G108/><T85/><D41/><U25/><E80/><V43/><F43/><W124/><G124/><T110/><D40/><U35/><E35/><V30/><F30/><W3/><G3/><T106/><D110/><U121/><E25/><V15/><REACH who="2" step="1"/><F73/><REACH who="2" ten="205,275,279,221" step="2"/><W86/><G67/><N who="0" m="39319" /><D29/><U134/><E134/><V118/><F118/><W51/><G135/><T2/><D2/><U115/><E115/><V132/><F132/><W112/><G112/><T6/><D6/><U12/><E12/><V88/><F88/><N who="3" m="53399" /><G127/><T84/><D106/><U62/><E62/><V53/><F53/><W50/><G126/><T122/><D122/><AGARI ba="2,2" hai="45,49,55,99,102,104,121,122" m="25193,49195" machi="122" ten="30,1000,0" yaku="19,1" doraHai="133" who="1" fromWho="0" sc="205,-16,275,36,279,0,221,0" owari="189,-31.1,311,41.1,279,7.9,221,-17.9" /></mjloggm>