<mjloggm ver="2.3"><GO type="225" lobby="0"/><UN n0="%E3%81%8B%E3%82%8F%E3%81%A1%E3%82%83%E3%82%93%35%38" n1="%E5%B8%86%E7%AB%8B%E5%A4%8F%E8%A1%A3" n2="%E5%B0%8F%E9%B3%A5%E9%81%8A%E7%B7%B4%E7%84%A1%32%31%E6%AD%B3" n3="%72%65%6E%6B%75%6E" dan="16,16,16,17" rate="2174.71,2100.68,2148.81,2216.14" sx="M,M,F,M"/><TAIKYOKU oya="0"/><INIT seed="0,0,0,5,2,6" ten="250,250,250,250" oya="0" hai0="60,4,11,23,107,58,135,50,131,128,100,84,119" hai1="71,79,42,41,92,122,16,33,99,22,80,3,130" hai2="110,43,57,87,0,20,32,93,109,105,97,76,54" hai3="46,19,67,25,112,38,63,64,102,94,5,121,65"/><T127/><D119/><U40/><E130/><N who="0" m="49705" /><D135/><U26/><E122/><V2/><F32/><W69/><G69/><T59/><D127/><U118/><E118/><V24/><F105/><W85/><G85/><T14/><D107/><U103/><E71/><V34/><F43/><W9/><G9/><T133/><D133/><U120/><E120/><V129/><F34/><W36/><G36/><T91/><D100/><U18/><E33/><V29/><F129/><W44/><G112/><T51/><D23/><U27/><E3/><V66/><F0/><W55/><G38/><T89/><D59/><U10/><E10/><V113/><F2/><W7/><G121/><T70/><D70/><U114/><E114/><V83/><F113/><W117/><G102/><T98/><D98/><U72/><REACH who="1" step="1"/><E27/><REACH who="1" ten="250,240,250,250" step="2"/><V8/><F8/><W81/><G25/><T15/><D15/><U88/><E88/><N who="0" m="33865" /><D84/><U61/><E61/><V52/><F110/><W123/><G63/><T39/><D39/><U68/><E68/><V106/><F109/><W21/><G117/><T95/><D95/><U73/><E73/><V125/><F106/><W12/><G123/><T77/><D77/><U47/><E47/><N who="3" m="17962" /><G94/><T75/><D75/><U56/><E56/><V74/><F74/><W115/><G115/><T31/><D31/><AGARI ba="0,1" hai="16,18,22,26,31,40,41,42,72,79,80,92,99,103" machi="31" ten="40,2600,0" yaku="1,1,54,1,53,0" doraHai="6" doraHaiUra="35" who="1" fromWho="0" sc="250,-26,240,36,250,0,250,0" /><INIT seed="1,0,0,2,5,45" ten="224,276,250,250" oya="1" hai0="51,93,116,107,20,103,63,55,62,127,80,56,131" hai1="15,120,122,2,96,102,121,60,9,112,46,72,113" hai2="130,30,14,22,4,124,117,98,35,111,84,73,64" hai3="77,17,109,0,6,126,104,133,59,33,43,90,85"/><U7/><E72/><V31/><F117/><W44/><G104/><T108/><D116/><U88/><E60/><V101/><F73/><W68/><G68/><T34/><D34/><U128/><E128/><V123/><F35/><W100/><G100/><T39/><D39/><U57/><E57/><V37/><F123/><W94/><G33/><T66/><D107/><U118/><E118/><V83/><F37/><W28/><G28/><T13/><D108/><U29/><E29/><V42/><F30/><W1/><G77/><T129/><D80/><U54/><E2/><V16/><F4/><W78/><G78/><T76/><D76/><U95/><REACH who="1" step="1"/><E102/><REACH who="1" ten="224,266,250,250" step="2"/><V11/><F31/><W48/><G0/><T3/><D63/><U10/><E10/><V89/><F11/><W21/><G1/><T114/><D3/><U134/><E134/><V5/><F130/><W41/><G133/><T49/><D131/><U19/><E19/><V105/><F16/><W115/><G59/><T58/><D129/><U135/><E135/><V26/><F101/><W50/><G17/><T71/><D58/><U27/><E27/><V106/><F26/><W52/><G109/><T67/><D62/><U87/><E87/><V12/><F84/><W92/><G85/><T38/><D56/><U81/><E81/><V23/><F83/><W91/><G6/><T74/><D103/><U32/><E32/><V36/><F111/><W86/><G21/><T47/><D20/><U125/><E125/><V40/><F22/><W82/><G126/><T132/><D127/><U18/><E18/><V25/><F23/><RYUUKYOKU ba="0,1" sc="224,-10,266,30,250,-10,250,-10" hai1="7,9,15,46,54,88,95,96,112,113,120,121,122" /><INIT seed="1,1,1,2,3,22" ten="214,296,240,240" oya="1" hai0="133,108,42,102,94,4,91,107,53,11,41,79,44" hai1="7,101,114,38,48,37,80,21,55,71,83,59,81" hai2="2,66,73,87,95,69,126,84,9,25,56,58,29" hai3="124,76,5,30,109,68,61,40,111,135,72,104,17"/><U93/><E114/><V0/><F73/><W46/><G104/><T32/><D32/><U50/><E71/><V51/><F126/><W43/><G124/><T105/><D79/><U12/><E38/><V130/><F130/><W115/><G115/><T75/><D75/><U117/><E37/><V97/><F69/><W31/><G5/><T119/><D119/><U100/><E117/><V18/><F58/><W120/><G120/><T33/><D33/><U67/><E67/><V112/><F112/><W36/><G43/><T15/><D108/><N who="3" m="41545" /><G135/><T132/><D53/><N who="1" m="32167" /><E93/><V92/><F95/><W131/><G131/><T85/><D42/><U64/><E64/><V103/><F0/><W52/><G17/><T63/><D63/><U127/><E127/><V90/><F2/><W86/><G72/><T57/><D57/><N who="1" m="33015" /><E7/><V8/><F51/><W125/><G125/><T110/><D110/><U78/><E78/><V49/><F49/><W121/><G121/><T54/><D54/><U10/><E10/><V118/><F118/><W6/><G6/><T70/><D70/><U65/><E65/><V88/><F9/><W39/><G39/><N who="0" m="21567" /><D102/><U24/><E101/><V20/><F8/><W89/><G76/><T74/><D74/><U16/><E100/><V134/><F134/><AGARI ba="1,1" hai="4,11,15,85,91,94,105,107,132,133,134" m="21567" machi="134" ten="30,1000,0" yaku="20,1" doraHai="22" who="0" fromWho="2" sc="214,23,296,0,240,-13,240,0" /><INIT seed="2,0,0,5,5,126" ten="237,296,227,240" oya="2" hai0="108,103,95,36,49,23,76,48,26,70,59,17,113" hai1="112,30,65,42,90,37,61,11,83,33,115,89,25" hai2="134,77,96,13,122,111,121,114,73,124,8,1,123" hai3="84,0,91,5,127,125,6,93,52,130,117,79,68"/><V64/><F114/><W43/><G68/><T50/><D36/><U99/><E90/><V88/><F1/><W116/><G43/><T128/><D70/><U54/><E54/><V78/><F134/><W22/><G79/><T24/><D113/><U35/><E35/><V41/><F124/><N who="3" m="47691" /><G22/><T34/><D34/><U51/><E51/><V110/><F64/><W9/><G5/><T45/><D76/><U14/><E42/><V56/><F41/><W129/><G52/><T39/><D39/><U105/><E37/><V97/><F56/><W98/><G84/><T44/><D59/><U85/><E11/><V131/><F73/><W119/><AGARI ba="0,0" hai="0,6,9,91,93,98,116,117,119,129,130" m="47691" machi="119" ten="40,5200,0" yaku="18,1,52,2" doraHai="126" who="3" fromWho="3" sc="237,-13,296,-13,227,-26,240,52" /><INIT seed="3,0,0,5,2,104" ten="224,283,201,292" oya="3" hai0="1,86,53,44,40,21,74,4,29,49,14,69,109" hai1="45,122,113,19,57,64,100,91,38,92,78,118,20" hai2="52,55,79,123,10,24,84,9,72,33,60,46,77" hai3="63,54,119,126,111,88,89,128,62,17,39,15,131"/><W67/><G119/><T32/><D69/><U11/><E122/><V124/><F124/><W75/><G75/><T135/><D135/><U13/><E113/><V114/><F114/><W121/><G121/><T5/><D32/><U37/><E118/><V81/><F123/><W112/><G112/><T23/><D74/><U27/><E38/><V108/><F108/><W47/><G126/><T65/><D65/><U134/><E37/><V110/><F110/><W61/><G67/><T130/><D109/><U71/><E71/><V7/><F9/><N who="3" m="6383" /><G111/><T3/><D3/><U2/><E134/><V73/><F77/><W96/><G96/><T99/><D1/><U90/><E45/><V117/><F117/><W59/><G47/><T93/><D130/><N who="3" m="49705" /><G39/><T87/><D40/><U83/><E2/><V85/><F46/><W51/><AGARI ba="0,0" hai="51,54,59,61,62,63,88,89" m="49705,6383" machi="51" ten="30,3000,0" yaku="19,1,54,1" doraHai="104" who="3" fromWho="3" sc="224,-10,283,-10,201,-10,292,30" owari="214,-18.6,273,7.3,191,-30.9,322,42.2" /></mjloggm>