<mjloggm ver="2.3"><GO type="225" lobby="0"/><UN n0="%E3%81%9F%E3%81%93%E2%98%86%E7%84%BC%E3%81%8D" n1="%33%74%72%65%65" n2="%E3%81%B2%E3%81%AA%E3%81%AE%E3%82%8A%E3%81%8F" n3="%72%69%6F%75%63%68%61%6E" dan="16,17,16,16" rate="2088.05,2229.00,2094.18,2225.09" sx="M,F,M,M"/><TAIKYOKU oya="0"/><INIT seed="0,0,0,4,3,86" ten="250,250,250,250" oya="0" hai0="63,114,76,32,121,128,64,56,111,75,124,44,105" hai1="125,69,79,82,49,36,57,98,14,22,25,77,93" hai2="68,52,62,6,37,7,47,13,102,0,60,39,113" hai3="11,85,103,4,10,51,83,131,54,112,106,130,8"/><T24/><D114/><U81/><E69/><V129/><F113/><W116/><G112/><T66/><D121/><U91/><E36/><V67/><F0/><W87/><G116/><T99/><D128/><N who="3" m="49193" /><G4/><T72/><D124/><U45/><E125/><V43/><F129/><W110/><G110/><T126/><D66/><U58/><E14/><V34/><F34/><W38/><G38/><T12/><D111/><U20/><E81/><V89/><F39/><W118/><G118/><T30/><D44/><U133/><E133/><V84/><F102/><W119/><G119/><T135/><D135/><U16/><E22/><V108/><F13/><W55/><G51/><T127/><D126/><U107/><E107/><V1/><F1/><W59/><G59/><N who="1" m="22538" /><E82/><V120/><F120/><W42/><G42/><AGARI ba="0,0" hai="16,20,25,42,45,49,77,79,91,93,98" m="22538" machi="42" ten="30,3900,0" yaku="8,1,52,1,54,1" doraHai="86" who="1" fromWho="3" sc="250,0,250,39,250,0,250,-39" /><INIT seed="1,0,0,4,2,66" ten="250,289,250,211" oya="1" hai0="20,77,49,115,114,65,42,89,52,129,98,62,84" hai1="24,27,102,63,2,113,127,78,15,112,59,50,35" hai2="107,34,21,31,80,93,104,88,133,110,74,135,96" hai3="116,58,29,91,131,38,12,103,83,130,37,33,43"/><U19/><E2/><V73/><F34/><W40/><G116/><T69/><D129/><N who="3" m="49161" /><G103/><T79/><D98/><U123/><E123/><V4/><F4/><W71/><G33/><T14/><D42/><N who="3" m="15913" /><G29/><T45/><D79/><U3/><E78/><N who="2" m="44111" /><F31/><W132/><G132/><N who="2" m="50761" /><F21/><W121/><G121/><T117/><D77/><U39/><E35/><V76/><F110/><W72/><G72/><T32/><D117/><U25/><E25/><V56/><F56/><W87/><G58/><T122/><D122/><U16/><E59/><V60/><F60/><W57/><G12/><T53/><D53/><U22/><E15/><V126/><F126/><W1/><G1/><T92/><D32/><U128/><E63/><V109/><F109/><W28/><G28/><T61/><D61/><U46/><E3/><V7/><F7/><W119/><G119/><T125/><D125/><U82/><E24/><V94/><F94/><W90/><G57/><T8/><D20/><U64/><E22/><V95/><F95/><W11/><G11/><T70/><REACH who="0" step="1"/><D69/><REACH who="0" ten="240,289,250,211" step="2"/><U36/><E127/><V54/><F54/><W105/><G71/><T67/><D67/><U97/><E64/><V111/><F111/><W120/><G120/><T85/><D85/><U13/><E97/><V30/><F30/><W108/><G108/><T101/><D101/><U106/><E102/><V68/><F68/><W51/><G91/><T134/><D134/><U81/><E128/><V48/><F48/><W55/><G105/><T100/><D100/><U99/><E106/><V75/><F76/><W26/><G26/><T18/><AGARI ba="0,1" hai="8,14,18,45,49,52,62,65,70,84,89,92,114,115" machi="18" ten="20,12000,2" yaku="1,1,5,1,0,1,7,1,52,1,54,1,53,0" doraHai="66" doraHaiUra="17" who="0" fromWho="0" sc="240,130,289,-60,250,-30,211,-30" /><INIT seed="2,0,0,2,4,122" ten="370,229,220,181" oya="2" hai0="100,101,56,28,62,109,33,4,132,34,9,29,61" hai1="50,105,31,39,113,44,85,2,12,67,84,10,66" hai2="16,80,90,78,22,89,68,7,45,99,107,65,103" hai3="48,91,127,94,63,77,126,128,1,104,120,21,58"/><V27/><F7/><W3/><G128/><T15/><D109/><U98/><E113/><V72/><F68/><W92/><G120/><T51/><D51/><U37/><E2/><V69/><F69/><W26/><G104/><T46/><D46/><U96/><E37/><V131/><F65/><N who="1" m="24585" /><E105/><V59/><F131/><W5/><G77/><T75/><D75/><U125/><E125/><N who="3" m="47626" /><G48/><T86/><D86/><N who="1" m="33387" /><E31/><V70/><F70/><W25/><G5/><T83/><D56/><U54/><E39/><V111/><F111/><W24/><G21/><T87/><D29/><U79/><E79/><V95/><F59/><W53/><G94/><T135/><D28/><U124/><E124/><V76/><F107/><W20/><G20/><T8/><D87/><AGARI ba="0,0" hai="1,3,24,25,26,53,58,63,87,91,92" m="47626" machi="87" ten="30,1000,0" yaku="18,1" doraHai="122" who="3" fromWho="0" sc="370,-10,229,0,220,0,181,10" /><INIT seed="3,0,0,2,1,86" ten="360,229,220,191" oya="3" hai0="127,17,27,61,24,20,64,111,89,6,122,133,132" hai1="114,2,52,72,22,87,21,11,36,102,90,103,99" hai2="62,76,47,125,110,77,1,78,58,126,9,55,42" hai3="40,5,109,104,135,100,120,129,45,10,37,128,83"/><W81/><G120/><T101/><D101/><U0/><E72/><V85/><F110/><W119/><G119/><T30/><D6/><U134/><E114/><V65/><F85/><W115/><G115/><T8/><D8/><U14/><E36/><V84/><F84/><W26/><G109/><T7/><D7/><N who="1" m="3455" /><E0/><V18/><F1/><W124/><G124/><N who="2" m="47721" /><F9/><W71/><G71/><T70/><D122/><U31/><E2/><V3/><F3/><N who="3" m="319" /><G135/><T82/><D27/><N who="1" m="16879" /><E99/><V74/><F18/><W39/><G39/><T56/><D17/><U54/><E22/><V28/><F28/><W117/><G117/><T93/><D82/><N who="1" m="49527" /><E134/><V130/><F130/><N who="3" m="50283" /><G26/><T121/><D111/><U23/><E23/><V15/><F15/><W108/><G108/><T69/><D121/><U131/><E131/><V38/><F74/><W49/><G37/><T112/><D112/><U94/><E94/><V80/><F80/><W48/><G48/><T97/><D127/><U113/><E113/><V107/><F107/><W105/><G105/><T29/><D29/><U43/><E43/><V4/><F4/><W79/><G79/><T106/><D106/><U50/><E50/><V35/><F35/><W16/><G16/><T51/><D51/><U53/><AGARI ba="0,0" hai="52,53,54,102,103" m="49527,16879,3455" machi="53" ten="30,4000,0" yaku="8,1,52,1,54,1" doraHai="86" who="1" fromWho="1" sc="360,-10,229,40,220,-10,191,-20" owari="350,45.0,269,6.9,210,-19.0,171,-32.9" /></mjloggm>