<mjloggm ver="2.3"><GO type="225" lobby="0"/><UN n0="%E3%81%BF%E3%81%BF%E3%81%9A" n1="%E5%A4%9C%E3%81%AE%E3%82%AC%E3%82%B9%E3%83%91%E3%83%BC%E3%83%AB" n2="%E8%90%BD%E6%97%A5" n3="%E3%81%A8%E3%82%93%E3%81%A8%E3%81%93%E3%81%A8%E3%82%93" dan="17,16,16,16" rate="2247.67,2127.94,2184.03,2105.95" sx="M,M,F,F"/><TAIKYOKU oya="0"/><INIT seed="0,0,0,1,1,57" ten="250,250,250,250" oya="0" hai0="129,85,19,38,77,72,114,33,82,26,53,89,113" hai1="96,17,63,28,101,25,1,32,31,43,104,59,95" hai2="27,112,133,67,74,84,9,62,126,99,24,22,92" hai3="88,81,91,115,128,10,45,29,107,4,50,109,108"/><T42/><D129/><U68/><E1/><V76/><F112/><W47/><G115/><T12/><D53/><U119/><E119/><V36/><F36/><W15/><G107/><T40/><D26/><U56/><E43/><V37/><F37/><W14/><G128/><T21/><D33/><U78/><E78/><V94/><F133/><W86/><G29/><T8/><D40/><U98/><E17/><V125/><F74/><W127/><G127/><N who="2" m="48649" /><F9/><W97/><G15/><T121/><D121/><U70/><E31/><N who="2" m="17815" /><F27/><W3/><G3/><T110/><D110/><N who="3" m="42601" /><G50/><T90/><D90/><N who="1" m="55415" /><E70/><N who="2" m="42359" /><F99/><W18/><G4/><T58/><D21/><U5/><E5/><V117/><F117/><W0/><G0/><T55/><D38/><U46/><E46/><V123/><F123/><W51/><G51/><T60/><REACH who="0" step="1"/><D42/><REACH who="0" ten="240,250,250,250" step="2"/><U87/><E87/><V79/><F79/><W102/><G91/><T71/><D71/><U100/><E100/><V54/><F54/><W35/><G35/><T13/><D13/><U106/><E106/><V44/><F44/><W124/><G124/><T103/><D103/><U64/><AGARI ba="0,1" hai="25,28,32,56,59,63,64,68,98,101,104" m="55415" machi="64" ten="30,2000,0" yaku="25,1,52,1" doraHai="57" who="1" fromWho="1" sc="240,-10,250,30,250,-5,250,-5" /><INIT seed="1,0,0,1,2,133" ten="230,280,245,245" oya="1" hai0="108,94,78,51,1,115,65,69,101,22,120,55,103" hai1="42,134,64,129,85,28,16,7,47,57,118,74,87" hai2="70,97,121,34,113,93,73,23,10,2,89,61,56" hai3="123,18,0,90,59,32,127,114,35,33,67,125,72"/><U135/><E118/><V6/><F34/><W83/><G123/><T60/><D115/><U109/><E74/><V126/><F121/><W39/><G114/><T122/><D1/><U98/><E129/><V130/><F113/><W100/><G39/><T21/><D122/><U88/><E28/><V14/><F130/><W68/><G68/><T15/><D120/><U124/><E7/><V86/><F73/><W131/><G131/><T75/><D108/><U31/><E31/><V128/><F128/><W116/><G116/><T5/><D5/><U104/><E109/><V29/><F70/><W66/><G0/><T46/><D94/><N who="1" m="54543" /><E104/><V96/><F126/><N who="3" m="48139" /><G100/><T8/><D103/><U4/><E124/><V12/><F2/><W54/><G18/><T62/><D101/><U36/><E4/><V9/><F29/><W45/><G45/><T52/><D75/><U79/><E16/><N who="2" m="10631" /><F10/><W43/><G43/><T77/><D8/><U44/><E42/><V102/><F102/><W38/><G38/><T63/><D15/><U24/><E36/><V58/><F58/><W110/><G110/><T76/><D69/><U48/><E47/><V17/><F17/><W41/><G41/><N who="0" m="25039" /><D65/><AGARI ba="0,0" hai="6,9,14,56,61,65,86,89,93,96,97" m="10631" machi="65" ten="30,2000,0" yaku="8,1,54,1" doraHai="133" who="2" fromWho="0" sc="230,-20,280,0,245,20,245,0" /><INIT seed="2,0,0,2,4,58" ten="210,280,265,245" oya="2" hai0="30,118,119,75,130,69,84,117,105,91,3,61,113" hai1="36,46,11,10,92,28,53,115,127,5,132,47,52" hai2="135,134,94,65,24,4,56,97,116,59,111,42,50" hai3="108,110,41,13,123,38,32,121,114,27,18,122,83"/><V126/><F116/><N who="0" m="29698" /><T102/><DORA hai="17" /><D113/><U66/><E115/><V131/><F131/><W95/><G114/><T98/><D130/><U7/><E127/><V96/><F126/><W62/><G38/><T78/><D3/><U0/><E132/><N who="2" m="50731" /><F4/><W128/><G41/><T63/><D69/><U112/><E112/><V129/><F129/><W79/><G128/><T73/><D30/><U80/><E28/><V64/><F111/><W55/><G95/><N who="0" m="54759" /><D75/><U124/><E124/><V43/><F97/><W19/><G32/><T12/><D12/><U2/><E92/><V1/><F1/><W101/><G101/><T29/><D29/><U103/><E103/><V107/><F107/><W133/><G27/><T51/><D51/><U49/><E49/><V93/><F93/><W35/><G35/><T25/><D25/><U45/><E36/><V22/><F50/><W87/><G133/><T34/><D34/><U23/><E2/><V37/><F37/><W88/><G79/><T81/><AGARI ba="0,0" hai="61,63,73,78,81,98,102,105" m="54759,29698" machi="81" ten="40,8000,1" yaku="24,1,12,1,52,2" doraHai="58,17" who="0" fromWho="0" sc="210,80,280,-20,265,-40,245,-20" /><INIT seed="3,0,0,3,4,38" ten="290,260,225,225" oya="3" hai0="129,33,94,15,21,56,20,104,75,67,123,28,118" hai1="131,0,37,89,113,55,36,110,24,105,108,4,68" hai2="78,50,125,13,34,127,132,81,116,61,71,84,14" hai3="92,45,42,53,47,54,99,25,122,90,86,31,65"/><W58/><G122/><T126/><D104/><U121/><E113/><V130/><F116/><W64/><G86/><T111/><D75/><U62/><E121/><V106/><F106/><W57/><G47/><T1/><D1/><U93/><E105/><V51/><F34/><W96/><G96/><T95/><D33/><U59/><E131/><V79/><F130/><W27/><G58/><T101/><D123/><U23/><E68/><V9/><F132/><W8/><G8/><T69/><D69/><U109/><E4/><V52/><F79/><W22/><G27/><N who="0" m="16487" /><D129/><U80/><E80/><V77/><F77/><W72/><G72/><T73/><D73/><U66/><E66/><V29/><F29/><W48/><REACH who="3" step="1"/><G54/><REACH who="3" ten="290,260,225,215" step="2"/><T7/><D118/><U30/><E0/><V32/><F32/><W88/><G88/><T74/><D74/><U16/><E30/><V100/><F100/><W26/><G26/><T60/><D101/><U117/><E117/><V85/><F85/><AGARI ba="0,1" hai="16,23,24,36,37,55,59,62,85,89,93,108,109,110" machi="85" ten="40,2600,0" yaku="14,1,54,1" doraHai="38" who="1" fromWho="2" sc="290,0,260,36,225,-26,215,0" /><INIT seed="4,0,0,2,4,99" ten="290,296,199,215" oya="0" hai0="49,113,46,44,29,75,28,80,133,118,134,105,77" hai1="34,129,37,36,67,94,76,112,3,55,119,52,12" hai2="22,64,56,121,15,30,57,126,0,65,6,20,17" hai3="45,103,60,62,84,109,24,2,125,7,87,124,1"/><T58/><D118/><U47/><E119/><V66/><F121/><W96/><G109/><T90/><D105/><U89/><E3/><V31/><F126/><W130/><G45/><N who="0" m="17515" /><D113/><U127/><E34/><V70/><F70/><W43/><G43/><T16/><D16/><U54/><E127/><V91/><F0/><W41/><G41/><T116/><D116/><U86/><E129/><V13/><F91/><W4/><G24/><T33/><D33/><U5/><E112/><V18/><REACH who="2" step="1"/><F6/><REACH who="2" ten="290,296,189,215" step="2"/><W61/><G130/><T74/><D90/><U73/><E5/><V11/><F11/><W97/><REACH who="3" step="1"/><G61/><REACH who="3" ten="290,296,189,205" step="2"/><T25/><D134/><U107/><E37/><V95/><F95/><W72/><G72/><T101/><D133/><U38/><E38/><V122/><F122/><W63/><G63/><T32/><D75/><U71/><E36/><V26/><F26/><W82/><G82/><T39/><D39/><U92/><E92/><V51/><F51/><W88/><G88/><T53/><D25/><U14/><E73/><V132/><F132/><W59/><G59/><AGARI ba="0,2" hai="13,15,17,18,20,22,30,31,56,57,59,64,65,66" machi="59" ten="40,8000,1" yaku="1,1,9,1,8,1,53,2" doraHai="99" doraHaiUra="9" who="2" fromWho="3" sc="290,0,296,0,189,100,205,-80" /><INIT seed="5,0,0,1,3,112" ten="290,296,289,125" oya="1" hai0="71,100,89,63,123,75,66,94,37,59,85,83,116" hai1="130,81,20,127,32,68,90,18,77,45,60,27,33" hai2="17,44,4,49,111,125,117,108,78,16,25,19,64" hai3="46,101,36,105,128,92,86,50,10,8,70,28,5"/><U106/><E127/><V97/><F117/><W53/><G70/><T118/><D37/><U132/><E106/><V82/><F125/><W34/><G128/><T11/><D123/><U91/><E132/><V57/><F4/><W43/><G105/><T120/><D120/><U39/><E130/><V103/><F25/><W47/><G5/><T93/><D11/><U7/><E7/><V134/><F134/><W9/><G101/><T110/><D110/><U30/><E33/><V124/><F124/><W38/><G38/><T40/><D40/><U99/><E99/><V135/><F135/><W109/><G109/><T0/><D0/><U42/><E60/><V95/><F57/><W52/><G53/><T129/><D129/><U6/><E68/><V126/><F64/><W58/><G58/><T72/><D94/><U98/><E98/><V74/><REACH who="2" step="1"/><F126/><REACH who="2" ten="290,296,279,125" step="2"/><W12/><G12/><T62/><D116/><U41/><E6/><V107/><F107/><W61/><G61/><T114/><D118/><U21/><E32/><V13/><F13/><W88/><REACH who="3" step="1"/><G34/><REACH who="3" ten="290,296,279,115" step="2"/><T73/><D63/><U87/><E41/><AGARI ba="0,2" hai="16,17,19,41,44,49,74,78,82,95,97,103,108,111" machi="41" ten="40,2600,0" yaku="1,1,54,1,53,0" doraHai="112" doraHaiUra="22" who="2" fromWho="1" sc="290,0,296,-26,279,46,115,0" owari="290,9.0,270,-13.0,325,42.5,115,-38.5" /></mjloggm>