<mjloggm ver="2.3"><GO type="225" lobby="0"/><UN n0="%72%69%6F%75%63%68%61%6E" n1="%46%65%6D%69%72%69%6E%73" n2="%E3%83%B4%E3%83%A0%EF%BC%99%E3%81%A6" n3="%E9%80%9F%E6%B0%B4%E5%87%9B%E9%A6%99" dan="17,16,16,17" rate="2160.32,2138.74,2153.40,2219.76" sx="M,M,M,F"/><TAIKYOKU oya="0"/><INIT seed="0,0,0,2,0,59" ten="250,250,250,250" oya="0" hai0="123,111,39,73,96,117,75,43,38,44,106,108,66" hai1="125,119,24,41,116,71,45,12,49,20,88,104,8" hai2="114,33,87,77,128,26,95,80,35,131,79,60,55" hai3="5,101,21,58,2,19,105,110,91,85,10,28,93"/><T74/><D117/><U4/><E104/><V133/><F114/><W84/><G110/><N who="0" m="42027" /><D123/><U68/><E125/><V126/><F126/><W134/><G134/><T92/><D106/><U121/><E121/><V99/><F133/><W81/><G28/><T120/><D120/><U11/><E11/><V7/><F7/><W94/><G105/><T118/><D118/><U135/><E135/><V40/><F40/><W90/><G101/><N who="0" m="60551" /><D66/><U61/><E119/><V100/><F77/><W0/><G81/><T130/><D130/><N who="2" m="49706" /><F26/><W34/><G34/><T69/><D69/><U1/><E116/><V78/><F78/><W63/><G10/><T127/><D127/><U107/><E107/><V124/><F124/><W16/><G5/><T48/><AGARI ba="0,0" hai="38,39,43,44,48,73,74,75" m="60551,42027" machi="48" ten="40,3900,0" yaku="14,1,10,1" doraHai="59" who="0" fromWho="0" sc="250,39,250,-13,250,-13,250,-13" /><INIT seed="0,1,0,2,1,65" ten="289,237,237,237" oya="0" hai0="18,8,37,26,2,47,43,41,11,31,6,49,99" hai1="78,103,36,51,94,34,83,84,121,131,129,20,97" hai2="135,27,71,126,0,14,95,9,119,70,24,1,132" hai3="13,81,120,17,32,93,100,46,77,28,66,82,90"/><T87/><D99/><U115/><E34/><V58/><F126/><W133/><G133/><N who="2" m="51273" /><F58/><W98/><G120/><T50/><D41/><U91/><E36/><V48/><F48/><W42/><G32/><T62/><D87/><U130/><E51/><V56/><F56/><W110/><G110/><T128/><D128/><U73/><E20/><V21/><F95/><W15/><G28/><T80/><D80/><U107/><E121/><V101/><F101/><W72/><G13/><T116/><D116/><U102/><E102/><V60/><F60/><W124/><G124/><T59/><D18/><U22/><E22/><V106/><F106/><W134/><G134/><T79/><D8/><U74/><E115/><V68/><F119/><W118/><G118/><T7/><D7/><U5/><E5/><N who="2" m="3375" /><F24/><W12/><G66/><T33/><REACH who="0" step="1"/><D79/><REACH who="0" ten="279,237,237,237" step="2"/><U61/><E61/><V54/><F54/><AGARI ba="1,1" hai="2,6,11,26,31,33,37,43,47,49,50,54,59,62" machi="54" ten="30,5800,0" yaku="1,1,2,1,7,1,53,0" doraHai="65" doraHaiUra="113" who="0" fromWho="2" sc="279,71,237,0,237,-61,237,0" /><INIT seed="0,2,0,0,4,82" ten="350,237,176,237" oya="0" hai0="32,20,11,1,45,4,34,9,117,131,3,106,64" hai1="38,18,2,108,118,65,119,49,121,51,103,29,33" hai2="16,23,53,59,35,107,125,104,30,24,42,86,69" hai3="80,21,78,135,43,128,68,83,91,73,6,116,105"/><T96/><D117/><U70/><E2/><N who="0" m="521" /><D45/><U46/><E121/><V0/><F69/><W8/><G116/><T67/><D96/><U84/><E18/><V61/><F125/><W102/><G68/><T37/><D106/><U57/><E103/><V7/><F42/><W5/><G135/><T58/><D58/><U95/><E29/><V15/><REACH who="2" step="1"/><F86/><REACH who="2" ten="350,237,166,237" step="2"/><W54/><G43/><T28/><D131/><U88/><E70/><V39/><F39/><W87/><G87/><T115/><D37/><U26/><E38/><V56/><F56/><W100/><G73/><T101/><D115/><U127/><E127/><V52/><F52/><W134/><G54/><T97/><D64/><U41/><E65/><V94/><F94/><W85/><G85/><T126/><D67/><U27/><E119/><V31/><F31/><W66/><G66/><T71/><D71/><U17/><E118/><V110/><F110/><W130/><G130/><T12/><D126/><U14/><E108/><V40/><F40/><W93/><G93/><T92/><D92/><U99/><E84/><V90/><F90/><W98/><G128/><T22/><D101/><U77/><E57/><V113/><F113/><W123/><G102/><T111/><D111/><U62/><E41/><V120/><F120/><W133/><G123/><T48/><D97/><U36/><E99/><V25/><F25/><W44/><G98/><T72/><D72/><U63/><E26/><V109/><F109/><W89/><G100/><T79/><D28/><U124/><E36/><V19/><F19/><W13/><G133/><T10/><D4/><RYUUKYOKU ba="2,1" sc="350,-10,237,-10,166,30,237,-10" hai2="0,7,15,16,23,24,30,35,53,59,61,104,107" /><INIT seed="1,3,1,5,0,133" ten="340,227,196,227" oya="1" hai0="36,9,82,33,66,27,86,109,96,124,2,103,64" hai1="34,22,108,7,94,84,115,72,42,123,88,46,119" hai2="10,117,16,81,121,98,44,57,100,126,118,52,111" hai3="60,112,49,77,69,38,58,13,68,54,4,76,14"/><U40/><E34/><V87/><F121/><W110/><G38/><T125/><D109/><U128/><E123/><V20/><F111/><W18/><G112/><T12/><D2/><U35/><E35/><V73/><F73/><W30/><G69/><T61/><D36/><U80/><E108/><V32/><F10/><N who="3" m="4295" /><G68/><T1/><D1/><U75/><E119/><V23/><F44/><N who="3" m="27943" /><G30/><N who="0" m="19679" /><D86/><U63/><E7/><V90/><F126/><N who="0" m="48746" /><D82/><U29/><E80/><V45/><F23/><N who="3" m="11735" /><G110/><T106/><D61/><U93/><E63/><V39/><F32/><W129/><G129/><T48/><D48/><U8/><E128/><V17/><F20/><W134/><G134/><T131/><D131/><U0/><E0/><V55/><F118/><W91/><G91/><T19/><AGARI ba="3,1" hai="9,12,19,64,66,96,103,106" m="48746,19679" machi="19" ten="30,7900,0" yaku="18,1,52,3" doraHai="133" who="0" fromWho="0" sc="340,98,227,-42,196,-23,227,-23" /><INIT seed="2,0,0,4,1,22" ten="438,185,173,204" oya="2" hai0="31,39,67,12,73,111,44,37,17,114,41,58,106" hai1="83,127,109,33,65,61,128,117,7,75,95,27,99" hai2="62,48,46,66,81,52,78,11,101,47,70,86,105" hai3="125,32,97,63,102,18,36,55,77,40,110,38,113"/><V43/><F11/><W2/><G2/><T80/><D111/><U87/><E117/><V91/><F78/><W42/><G32/><T1/><D114/><U60/><E128/><V108/><F108/><W116/><G116/><T59/><D1/><U93/><E109/><V76/><F76/><W26/><G26/><T4/><D106/><U130/><E130/><V74/><F74/><W8/><G77/><T16/><D37/><U21/><E75/><V29/><F29/><W126/><G97/><T71/><D73/><U85/><E33/><V9/><F9/><W10/><G102/><T30/><D80/><U45/><E7/><V6/><F6/><W24/><G113/><T84/><D84/><N who="1" m="32331" /><E83/><V56/><REACH who="2" step="1"/><F43/><REACH who="2" ten="438,185,163,204" step="2"/><W92/><G40/><T53/><D4/><U94/><E127/><V13/><F13/><W3/><G42/><T132/><D31/><N who="1" m="17903" /><E45/><V15/><F15/><W134/><G126/><T28/><D41/><U115/><E115/><V112/><F112/><W107/><G134/><T20/><D30/><U0/><E0/><V122/><F122/><W124/><G3/><T98/><D28/><U121/><E121/><V50/><F50/><W54/><G110/><T5/><D12/><U135/><E135/><V123/><F123/><W96/><G125/><T19/><D132/><U23/><E23/><V129/><F129/><W72/><G124/><T51/><D20/><U82/><E60/><V133/><F133/><W88/><G63/><T34/><D5/><U103/><E82/><V57/><F57/><AGARI ba="0,1" hai="57,61,65,93,94,95,99,103" m="17903,32331" machi="57" ten="30,3900,0" yaku="25,1,8,1,52,1" doraHai="22" who="1" fromWho="2" sc="438,0,185,49,163,-39,204,0" /><INIT seed="3,0,0,3,4,53" ten="438,234,124,204" oya="3" hai0="107,46,125,13,1,85,65,114,72,90,22,89,117" hai1="0,96,102,132,98,6,100,41,118,83,113,63,34" hai2="74,110,4,71,88,52,78,47,44,56,24,121,93" hai3="109,50,3,75,82,29,116,91,111,97,129,39,21"/><W20/><G39/><T16/><D117/><U68/><E113/><V126/><F71/><W80/><G3/><T9/><D72/><U42/><E83/><N who="3" m="31786" /><G75/><T104/><D125/><U54/><E0/><V2/><F74/><W28/><G116/><T64/><D114/><U62/><E118/><V112/><F112/><W101/><G91/><N who="0" m="34827" /><D104/><U43/><E34/><V35/><F35/><W60/><G50/><T40/><D107/><U27/><E27/><V94/><F78/><W79/><G79/><T45/><D1/><U8/><E68/><V38/><F24/><W69/><G60/><T59/><D85/><U124/><E124/><V33/><F33/><W122/><G122/><T37/><D37/><U57/><E63/><N who="2" m="36231" /><F126/><W84/><G84/><T133/><D133/><U77/><E132/><V11/><F94/><N who="3" m="58551" /><G69/><T119/><D119/><U92/><E77/><V87/><F38/><W135/><G135/><T99/><D99/><N who="1" m="37931" /><E92/><V25/><F25/><W18/><G18/><N who="0" m="8495" /><D40/><U103/><E43/><V128/><F121/><W86/><G86/><T14/><D65/><U123/><E123/><V134/><F134/><W32/><G32/><T12/><D12/><N who="1" m="5143" /><E42/><V19/><F19/><W61/><G28/><T67/><D67/><U51/><E41/><V73/><F73/><W95/><G29/><T31/><D31/><U36/><E36/><V120/><F120/><W7/><G95/><T108/><D108/><U81/><E62/><AGARI ba="0,0" hai="14,16,22,45,46,59,62,64" m="8495,34827" machi="62" ten="30,3900,0" yaku="8,1,52,1,54,1" doraHai="53" who="0" fromWho="1" sc="438,39,234,-39,124,0,204,0" owari="477,57.7,195,-20.5,124,-37.6,204,0.4" /></mjloggm>