<mjloggm ver="2.3"><GO type="225" lobby="0"/><UN n0="%48%61%61%61%6C%61%6E%64" n1="%E3%81%BF%E3%81%BF%E3%81%9A" n2="%E3%83%8F%E3%82%AC%E3%82%BF%E3%82%AB%E3%81%AE%E3%81%88%E3%81%98%E3%81%8D" n3="%E3%81%8B%E3%82%8F%E3%81%A1%E3%82%83%E3%82%93%35%38" dan="18,16,16,16" rate="2222.13,2127.66,2136.79,2172.48" sx="M,M,M,M"/><TAIKYOKU oya="0"/><INIT seed="0,0,0,3,1,104" ten="250,250,250,250" oya="0" hai0="127,135,42,12,66,34,121,38,82,24,30,57,40" hai1="7,33,95,58,53,87,10,52,39,88,50,96,90" hai2="73,5,41,63,35,47,13,67,85,84,118,113,29" hai3="26,116,126,55,17,14,65,32,93,103,114,11,28"/><T69/><D121/><U130/><E130/><V1/><F113/><W15/><G114/><T56/><D127/><U108/><E108/><V19/><F118/><W18/><G116/><T115/><D115/><U111/><E111/><V77/><F1/><W97/><G126/><T102/><D135/><U107/><E33/><V51/><F5/><W83/><G65/><T74/><D102/><U4/><E39/><V49/><F49/><W120/><G120/><T86/><D74/><U132/><E132/><V23/><F29/><W100/><G55/><T37/><D69/><U2/><E7/><V75/><F35/><W8/><REACH who="3" step="1"/><G83/><REACH who="3" ten="250,250,250,240" step="2"/><T119/><D82/><U117/><E117/><V27/><F77/><W129/><G129/><T106/><D66/><U46/><E107/><V0/><F0/><W48/><G48/><T105/><D105/><U3/><E3/><V6/><F67/><W133/><G133/><T123/><D106/><U44/><REACH who="1" step="1"/><E53/><REACH who="1" ten="250,240,250,240" step="2"/><V64/><F64/><W92/><G92/><AGARI ba="0,2" hai="2,4,10,44,46,50,52,58,87,88,90,92,95,96" machi="92" ten="30,8000,1" yaku="1,1,2,1,7,1,54,2,53,0" doraHai="104" doraHaiUra="22" who="1" fromWho="3" sc="250,0,240,100,250,0,240,-80" /><INIT seed="1,0,0,0,1,112" ten="250,340,250,160" oya="1" hai0="85,130,58,50,36,99,113,84,122,3,104,68,26" hai1="78,89,83,40,57,96,103,77,95,114,100,28,13" hai2="88,22,72,110,51,109,117,94,49,128,90,24,98" hai3="97,81,75,61,74,108,70,46,71,38,30,44,43"/><U56/><E114/><V135/><F72/><W80/><G30/><T41/><D113/><U59/><E28/><V92/><F128/><W133/><G108/><N who="2" m="41577" /><F135/><W8/><G133/><T23/><D68/><U101/><E40/><V62/><F62/><W69/><G97/><T102/><D3/><U31/><E31/><N who="2" m="17815" /><F117/><W15/><G61/><T125/><D130/><U37/><E37/><V19/><F19/><W65/><G65/><T12/><D36/><U91/><E13/><V105/><F105/><W33/><G33/><T7/><D12/><U76/><REACH who="1" step="1"/><E91/><REACH who="1" ten="250,330,250,160" step="2"/><V53/><F53/><W124/><G43/><T16/><D41/><U29/><E29/><V82/><F82/><AGARI ba="0,1" hai="56,57,59,76,77,78,82,83,89,95,96,100,101,103" machi="82" ten="50,12000,1" yaku="1,1,29,2,8,1,53,0" doraHai="112" doraHaiUra="27" who="1" fromWho="2" sc="250,0,330,130,250,-120,160,0" /><INIT seed="1,1,0,2,3,20" ten="250,460,130,160" oya="1" hai0="90,85,34,92,24,101,91,15,102,84,97,69,86" hai1="96,117,115,35,13,14,125,30,126,43,122,93,41" hai2="45,70,71,62,28,65,82,18,119,0,11,128,4" hai3="25,12,67,22,114,2,57,46,72,10,60,95,81"/><U40/><E115/><V99/><F119/><W106/><G106/><T121/><D69/><U52/><E117/><V36/><F128/><W94/><G2/><T110/><D110/><U130/><E122/><V29/><F71/><W73/><G114/><T129/><D129/><U77/><E77/><V123/><F123/><W21/><G46/><T80/><D121/><U66/><E66/><V23/><F99/><W17/><G22/><T87/><REACH who="0" step="1"/><D15/><REACH who="0" ten="240,460,130,160" step="2"/><U76/><E130/><V33/><F33/><W108/><G108/><T7/><D7/><U120/><E13/><V1/><F1/><W3/><G3/><T50/><D50/><U89/><E14/><V61/><F61/><W32/><G32/><T6/><D6/><U75/><E120/><V118/><F118/><W133/><G133/><T98/><D98/><U54/><E125/><V39/><F39/><W56/><G12/><T55/><D55/><U51/><E126/><V132/><F132/><W44/><G10/><T105/><D105/><U63/><E51/><V88/><F36/><W59/><G60/><T134/><D134/><U9/><E9/><V111/><F111/><W135/><G135/><T78/><D78/><U109/><E109/><V47/><F11/><W116/><G116/><T100/><D100/><U27/><E63/><V131/><F4/><W124/><G124/><T16/><D16/><U58/><E54/><V8/><F0/><W64/><G64/><T103/><D103/><U68/><E68/><V26/><F8/><W53/><G53/><T74/><D74/><U79/><E75/><V104/><F131/><RYUUKYOKU ba="1,1" sc="240,15,460,15,130,-15,160,-15" hai0="24,34,80,84,85,86,87,90,91,92,97,101,102" hai1="27,30,35,40,41,43,52,58,76,79,89,93,96" /><INIT seed="1,2,1,1,4,119" ten="255,475,115,145" oya="1" hai0="134,107,49,62,73,15,11,41,32,52,39,44,17" hai1="72,131,121,122,13,55,133,126,8,132,92,114,135" hai2="45,69,5,67,59,111,16,116,31,25,4,29,28" hai3="12,0,14,18,84,40,65,36,9,103,129,53,108"/><U64/><E114/><V118/><F69/><W48/><G0/><T57/><D134/><U109/><E131/><V130/><F45/><W100/><G36/><T127/><D127/><U82/><E126/><V54/><F67/><W95/><G40/><T90/><D32/><U86/><E64/><V50/><F111/><W70/><G70/><T104/><D73/><U123/><E109/><V113/><F130/><W74/><G74/><T23/><D62/><U37/><E37/><V2/><F113/><W106/><G106/><T60/><D60/><U98/><E55/><V89/><F2/><W71/><G71/><T87/><REACH who="0" step="1"/><D11/><REACH who="0" ten="245,475,115,145" step="2"/><U97/><E72/><V51/><F116/><W75/><G75/><T58/><D58/><U63/><E63/><V81/><F118/><W1/><G129/><T22/><D22/><U68/><E68/><V20/><REACH who="2" step="1"/><F50/><REACH who="2" ten="245,475,105,145" step="2"/><W76/><G48/><T10/><D10/><U78/><E8/><V66/><F66/><W105/><G65/><T47/><D47/><U79/><E133/><V56/><F56/><W33/><G9/><T61/><D61/><U101/><E132/><V83/><F83/><AGARI ba="2,3" hai="15,17,23,39,41,44,49,52,57,83,87,90,104,107" machi="83" ten="30,3900,0" yaku="1,1,7,1,54,1,53,0" doraHai="119" doraHaiUra="128" who="0" fromWho="2" sc="245,75,475,0,105,-45,145,0" /><INIT seed="2,0,0,0,0,55" ten="320,475,60,145" oya="2" hai0="5,111,135,11,37,29,66,80,54,20,46,128,18" hai1="104,127,134,101,57,25,15,44,1,42,100,69,83" hai2="114,75,16,39,126,45,87,77,119,3,106,76,86" hai3="41,34,13,2,125,131,7,113,14,59,68,9,61"/><V96/><F114/><W82/><G34/><T67/><D111/><U28/><E1/><V24/><F119/><W110/><G68/><T81/><D29/><U53/><E69/><V132/><F3/><W51/><G110/><T32/><D32/><U133/><E15/><V73/><F126/><W130/><G125/><T52/><D128/><N who="3" m="49193" /><G113/><T17/><D135/><N who="1" m="51723" /><E83/><N who="0" m="31817" /><D37/><N who="1" m="21583" /><E104/><V120/><F132/><W85/><G51/><N who="0" m="28791" /><D5/><U19/><E19/><N who="0" m="7177" /><D11/><U0/><E0/><V97/><F120/><W112/><G41/><T102/><D20/><N who="1" m="15399" /><E127/><V4/><F106/><W26/><G26/><T60/><D102/><U43/><E43/><V58/><F4/><W36/><G36/><T103/><D103/><U21/><E21/><N who="2" m="13351" /><F39/><W31/><G31/><T78/><D78/><N who="2" m="30314" /><F73/><W64/><G112/><T38/><D38/><U94/><E94/><V116/><F75/><W49/><G49/><AGARI ba="0,0" hai="49,53,57,100,101" m="15399,21583,51723" machi="49" ten="30,2000,0" yaku="20,1,52,1" doraHai="55" who="1" fromWho="3" sc="320,0,475,20,60,0,145,-20" /><INIT seed="3,0,0,0,2,24" ten="320,495,60,125" oya="3" hai0="95,42,23,120,73,77,108,91,113,10,19,82,94" hai1="7,36,5,132,9,100,61,27,29,117,70,60,37" hai2="59,122,2,52,45,15,127,25,48,83,128,50,98" hai3="64,22,63,26,79,131,38,34,126,28,49,121,86"/><W62/><G38/><T8/><D120/><U119/><E100/><V92/><F127/><W110/><G121/><T93/><D108/><U118/><E132/><V58/><F128/><W67/><G131/><T16/><D113/><U90/><E90/><V1/><F122/><W39/><G39/><N who="1" m="14922" /><E70/><V116/><F116/><W12/><G126/><T46/><D91/><U129/><E129/><V43/><F15/><W106/><G106/><T123/><D123/><U78/><E78/><V80/><F59/><W112/><G112/><T115/><D8/><U57/><E57/><V114/><F114/><W33/><G49/><T99/><D19/><U6/><E9/><V55/><F43/><W66/><G110/><T13/><D13/><U134/><E134/><V84/><F25/><W35/><G12/><T101/><D42/><U130/><E130/><V3/><REACH who="2" step="1"/><F84/><REACH who="2" ten="320,495,50,125" step="2"/><W85/><G85/><T65/><D115/><U87/><E87/><V17/><F17/><W124/><G124/><T0/><D16/><U32/><AGARI ba="0,1" hai="5,6,7,27,29,32,60,61,117,118,119" m="14922" machi="32" ten="40,2700,0" yaku="12,1,52,1" doraHai="24" who="1" fromWho="1" sc="320,-7,495,37,50,-7,125,-13" owari="313,11.3,532,63.2,43,-45.7,112,-28.8" /></mjloggm>