<mjloggm ver="2.3"><GO type="225" lobby="0"/><UN n0="%E3%81%86%E3%81%A3%E3%81%97%E3%83%BC%30%30" n1="%E3%81%AF%E3%82%88%E3%81%8A%E3%81%98%E3%81%95%E3%82%93" n2="%E5%B8%86%E7%AB%8B%E5%A4%8F%E8%A1%A3" n3="%4E%6F%2E%30%30%30%31" dan="16,16,16,18" rate="2103.40,2157.96,2099.67,2225.55" sx="M,M,M,M"/><TAIKYOKU oya="0"/><INIT seed="0,0,0,3,4,16" ten="250,250,250,250" oya="0" hai0="132,44,134,120,59,23,125,45,8,48,135,64,119" hai1="35,111,13,11,90,60,124,14,114,38,43,121,96" hai2="122,75,47,49,65,1,101,53,66,57,10,102,79" hai3="126,31,18,56,89,52,107,74,104,77,118,55,9"/><T88/><D119/><U61/><E121/><V116/><F122/><W58/><G118/><T62/><D120/><U105/><E35/><V42/><F116/><W91/><G31/><T15/><D125/><U12/><E124/><V78/><F102/><W73/><G126/><T33/><D33/><U0/><E111/><V128/><F101/><W97/><G18/><T37/><D37/><U106/><E114/><V133/><F128/><W98/><REACH who="3" step="1"/><G9/><REACH who="3" ten="250,250,250,240" step="2"/><T69/><D8/><U67/><E11/><V92/><F10/><W19/><G19/><T34/><D135/><U130/><E130/><V54/><F133/><W109/><G109/><T87/><D134/><U80/><E0/><V63/><F1/><W103/><G103/><T51/><D132/><U99/><E13/><V108/><F108/><W3/><G3/><T5/><D15/><U72/><E12/><V21/><F21/><W20/><G20/><T6/><D23/><U27/><E14/><V83/><F78/><AGARI ba="0,1" hai="52,55,56,58,73,74,77,78,89,91,97,98,104,107" machi="78" ten="25,12000,2" yaku="1,1,22,2,54,1,53,2" doraHai="16" doraHaiUra="84" who="3" fromWho="2" sc="250,0,250,0,250,-120,240,130" /><INIT seed="1,0,0,2,3,86" ten="250,250,130,370" oya="1" hai0="106,128,9,58,32,20,43,125,99,85,72,10,45" hai1="101,91,3,87,131,79,7,55,4,130,29,124,81" hai2="40,42,13,33,103,102,78,28,46,109,51,50,116" hai3="0,70,115,113,37,57,69,133,5,98,54,59,1"/><U123/><E123/><V82/><F109/><W95/><G37/><T27/><D72/><U11/><E124/><V80/><F116/><W18/><G133/><T89/><D128/><U41/><E7/><V30/><F33/><W71/><G18/><T65/><D32/><U120/><E120/><V12/><REACH who="2" step="1"/><F46/><REACH who="2" ten="250,250,120,370" step="2"/><W56/><G113/><T64/><D45/><U38/><E131/><V126/><F126/><W104/><G115/><T132/><D125/><U114/><E130/><V110/><F110/><W93/><G69/><T111/><D111/><U119/><E114/><V23/><F23/><W22/><G22/><T21/><D20/><U135/><E119/><V77/><AGARI ba="0,1" hai="12,13,28,30,40,42,50,51,77,78,80,82,102,103" machi="77" ten="25,8000,1" yaku="1,1,0,1,22,2,8,1,53,0" doraHai="86" doraHaiUra="118" who="2" fromWho="2" sc="250,-20,250,-40,120,90,370,-20" /><INIT seed="2,0,0,3,3,78" ten="230,210,210,350" oya="2" hai0="82,15,24,104,11,69,55,31,59,61,27,52,3" hai1="89,110,94,91,63,0,85,81,92,101,57,49,97" hai2="127,106,123,20,43,90,4,14,130,134,26,1,70" hai3="13,95,103,80,105,102,116,74,12,112,33,98,17"/><V121/><F70/><W133/><G116/><T93/><D104/><U56/><E110/><V132/><F106/><W16/><G33/><T32/><D3/><U41/><E0/><V108/><F43/><W23/><G133/><N who="2" m="51305" /><F90/><W111/><G111/><T126/><D126/><U53/><E41/><V119/><F108/><W65/><G112/><T47/><D69/><U86/><E63/><V21/><F119/><W44/><G65/><T68/><D68/><U39/><E39/><V113/><F113/><W96/><G44/><AGARI ba="0,0" hai="44,49,53,56,57,81,85,86,89,91,92,94,97,101" machi="44" ten="30,3900,0" yaku="7,1,8,1,52,1" doraHai="78" who="1" fromWho="3" sc="230,0,210,39,210,0,350,-39" /><INIT seed="3,0,0,3,3,125" ten="230,249,210,311" oya="3" hai0="81,96,69,88,106,77,89,100,112,104,86,118,98" hai1="3,16,37,61,14,22,105,72,111,110,64,123,21" hai2="11,65,25,126,102,70,115,76,97,18,6,0,135" hai3="7,74,75,35,71,42,134,44,59,121,53,56,45"/><W128/><G121/><T47/><D69/><U15/><E123/><V131/><F115/><W9/><G35/><T12/><D112/><U84/><E3/><V39/><F126/><W67/><G128/><T79/><D118/><U114/><E72/><V27/><F39/><W10/><G134/><T66/><D66/><U48/><E37/><V116/><F116/><W78/><G78/><N who="0" m="46391" /><D47/><U113/><E105/><V13/><F76/><N who="0" m="29258" /><D12/><U120/><E84/><V30/><F135/><W55/><G7/><T68/><D68/><U83/><E48/><V31/><F131/><W63/><G71/><T129/><D129/><U93/><E93/><V94/><F65/><W5/><G63/><T107/><D98/><U132/><E120/><V57/><F70/><W58/><G67/><T52/><D52/><U23/><E132/><V17/><F57/><W20/><G59/><T60/><D60/><U50/><E50/><V130/><F130/><W46/><G46/><T101/><D101/><U99/><E99/><V73/><F73/><W109/><G5/><T108/><D108/><N who="1" m="41515" /><E61/><V32/><REACH who="2" step="1"/><F0/><REACH who="2" ten="230,249,200,311" step="2"/><W119/><G119/><T82/><D82/><U43/><E64/><V29/><F29/><W33/><G109/><T90/><AGARI ba="0,1" hai="88,89,90,96,100,104,106,107" m="29258,46391" machi="90" ten="30,12000,2" yaku="35,5,54,1" doraHai="125" who="0" fromWho="0" sc="230,130,249,-30,200,-30,311,-60" owari="360,46.0,219,-18.1,170,-33.0,251,5.1" /></mjloggm>