<mjloggm ver="2.3"><GO type="225" lobby="0"/><UN n0="%E3%81%BF%E3%81%BF%E3%81%9A" n1="%E3%83%A9%E3%83%BC%E3%83%A1%E3%83%B3%E4%BA%94%E9%83%8E" n2="%6D%75%75%6D%75%72%61" n3="%E8%A8%88%E7%AE%97%E6%A9%9F%E8%87%AA%E7%84%B6" dan="17,16,16,17" rate="2182.03,2087.05,2130.78,2236.98" sx="M,M,F,M"/><TAIKYOKU oya="0"/><INIT seed="0,0,0,4,3,36" ten="250,250,250,250" oya="0" hai0="14,65,99,25,29,15,4,22,33,75,130,93,12" hai1="118,21,97,34,132,114,87,69,57,79,8,83,119" hai2="106,74,133,134,129,58,115,56,46,50,39,110,60" hai3="88,67,105,45,90,31,26,131,7,126,102,9,55"/><T48/><D130/><U117/><E69/><V128/><F74/><W49/><G131/><N who="2" m="50249" /><F106/><W61/><G126/><T38/><D38/><U6/><E34/><V23/><F23/><W103/><G105/><T78/><D65/><U89/><E132/><N who="2" m="50795" /><F110/><W35/><G102/><T42/><D75/><U1/><E114/><V51/><F115/><W18/><G18/><T11/><D78/><U3/><E3/><V64/><F58/><W24/><G103/><T47/><D33/><U59/><REACH who="1" step="1"/><E21/><REACH who="1" ten="250,240,250,250" step="2"/><V43/><AGARI ba="0,1" hai="39,43,46,50,51,56,60,64" m="50795,50249" machi="43" ten="40,8000,1" yaku="19,1,20,1,34,2,52,1" doraHai="36" who="2" fromWho="2" sc="250,-40,240,-20,250,90,250,-20" /><INIT seed="1,0,0,2,0,5" ten="210,220,340,230" oya="1" hai0="64,31,71,115,134,34,55,97,38,20,6,35,105" hai1="81,114,128,124,7,21,10,63,99,80,135,27,32" hai2="30,83,87,44,24,132,102,15,22,122,103,51,127" hai3="57,45,95,109,84,117,2,85,50,104,4,3,36"/><U42/><E114/><V118/><F122/><W86/><G104/><T123/><D115/><U19/><E135/><V9/><F118/><W13/><G109/><T90/><D134/><U116/><E116/><V49/><F127/><W111/><G111/><T68/><D38/><U48/><E124/><V94/><F132/><W53/><G117/><T47/><D123/><U18/><E128/><V108/><F108/><W72/><G72/><T77/><D77/><U92/><E32/><V91/><F94/><W16/><G4/><T11/><D20/><U59/><E19/><N who="2" m="8687" /><F51/><W28/><G28/><T112/><D112/><U88/><E48/><V75/><F75/><W14/><G14/><T133/><D133/><U79/><E79/><V101/><F101/><W106/><G106/><T40/><D31/><U131/><E42/><AGARI ba="0,0" hai="22,24,30,42,44,49,83,87,91,102,103" m="8687" machi="42" ten="30,2000,0" yaku="8,1,52,1" doraHai="5" who="2" fromWho="1" sc="210,0,220,-20,340,20,230,0" /><INIT seed="2,0,0,1,3,69" ten="210,200,360,230" oya="2" hai0="28,5,100,66,47,51,39,40,108,88,97,42,11" hai1="18,1,56,94,92,52,10,120,61,30,82,127,21" hai2="134,43,91,27,2,71,35,45,44,17,68,23,121" hai3="26,67,87,132,80,72,37,20,104,74,110,33,84"/><V57/><F121/><W54/><G104/><T86/><D108/><U93/><E120/><V96/><F2/><W114/><G33/><T89/><D28/><U9/><E127/><V123/><F123/><W4/><G67/><T70/><D70/><U78/><E30/><V32/><F57/><W102/><G102/><T7/><D66/><U34/><E34/><V8/><F134/><W135/><G4/><T76/><D76/><U99/><E99/><V115/><F115/><W130/><G130/><T109/><D109/><U24/><REACH who="1" step="1"/><E1/><REACH who="1" ten="210,190,360,230" step="2"/><V50/><F35/><W64/><G110/><T107/><D5/><U118/><E118/><V95/><F32/><W117/><G117/><T75/><D75/><AGARI ba="0,1" hai="9,10,18,21,24,52,56,61,75,78,82,92,93,94" machi="75" ten="40,2600,0" yaku="1,1,54,1,53,0" doraHai="69" doraHaiUra="63" who="1" fromWho="0" sc="210,-26,190,36,360,0,230,0" /><INIT seed="3,0,0,3,5,118" ten="184,226,360,230" oya="3" hai0="72,105,69,62,11,49,110,13,127,29,78,70,82" hai1="102,126,7,85,83,63,61,57,9,96,125,101,99" hai2="59,36,109,124,121,135,19,73,74,79,116,17,54" hai3="6,119,75,90,14,1,4,132,43,0,131,111,91"/><W71/><G71/><T93/><D110/><U40/><E40/><V10/><F116/><W21/><G75/><T58/><D127/><N who="1" m="48651" /><E61/><V52/><F36/><W77/><G77/><T104/><D29/><U5/><E102/><V53/><F135/><W26/><G43/><T46/><D70/><U86/><E83/><V120/><F109/><W113/><G113/><T50/><D69/><U34/><E34/><V56/><F124/><W114/><G114/><T3/><D3/><N who="1" m="191" /><E7/><V130/><F130/><W20/><G131/><T33/><D33/><U48/><E48/><V66/><F66/><W128/><G128/><T107/><D93/><N who="1" m="58511" /><E99/><V42/><F42/><W18/><G119/><T38/><D38/><U35/><E35/><V123/><F10/><W44/><G111/><T28/><D28/><U84/><E84/><V8/><F8/><W16/><G132/><T106/><N who="0" m="26624" /><DORA hai="92" /><T47/><D49/><U129/><E129/><V45/><F45/><W115/><G44/><T94/><D94/><U30/><E30/><V23/><F17/><W68/><G68/><T81/><D50/><U12/><E12/><N who="2" m="9703" /><F79/><W103/><G115/><T97/><D81/><U24/><E24/><V39/><F39/><W67/><G26/><T2/><D2/><U133/><E133/><V25/><F25/><W88/><G0/><T37/><D37/><U122/><E122/><V98/><F98/><W108/><G108/><T27/><D97/><U100/><E100/><V76/><F76/><W60/><G103/><T22/><D27/><U87/><E87/><V95/><F95/><W64/><G1/><RYUUKYOKU ba="0,0" sc="184,-15,226,15,360,15,230,-15" hai1="57,63,85,86" hai2="52,53,54,56,59,73,74,120,121,123" owari="169,-33.1,241,4.1,375,47.5,215,-18.5" /></mjloggm>