<mjloggm ver="2.3"><GO type="225" lobby="0"/><UN n0="%E3%81%86%E3%82%8C%E3%81%9F%E3%82%93%E6%9E%95" n1="%E4%B8%89%E5%86%A0%E7%8E%8B%E3%83%BB%E5%B1%B1%E7%94%B0%E5%93%B2%E4%BA%BA" n2="%E3%83%B4%E3%83%A0%EF%BC%99%E3%81%A6" n3="%E6%9C%AA%E6%9D%A5%E5%B0%91%E5%B9%B4" dan="16,16,17,16" rate="2187.50,2155.59,2178.87,2150.18" sx="F,M,M,M"/><TAIKYOKU oya="0"/><INIT seed="0,0,0,3,2,131" ten="250,250,250,250" oya="0" hai0="112,38,103,11,58,67,35,47,86,127,10,48,16" hai1="61,57,43,51,0,14,26,134,55,17,87,104,37" hai2="80,6,20,66,30,78,2,135,22,83,60,70,72" hai3="42,31,59,97,40,92,65,50,109,133,96,52,63"/><T32/><D112/><U84/><E0/><V21/><F2/><W116/><G133/><T115/><D115/><U117/><E104/><V24/><F6/><W7/><G116/><T91/><D127/><U108/><E117/><V123/><F123/><W98/><G109/><T121/><D103/><U105/><E105/><V29/><F83/><W64/><G7/><T129/><D121/><U79/><E108/><V114/><F114/><W118/><G118/><T53/><D129/><U56/><E134/><V95/><F135/><W113/><G113/><T68/><D32/><U128/><E128/><V110/><F110/><W25/><G92/><T132/><D35/><U28/><E37/><V49/><F49/><W124/><G124/><T13/><D132/><U44/><E79/><V107/><F107/><W18/><G18/><T122/><D68/><U125/><E125/><V106/><F106/><W126/><G126/><T9/><D122/><U41/><E41/><V15/><F15/><W101/><G101/><T54/><D67/><U120/><E120/><V102/><F29/><W88/><G88/><T93/><REACH who="0" step="1"/><D38/><REACH who="0" ten="240,250,250,250" step="2"/><U27/><E57/><V85/><F102/><W81/><G64/><T34/><D34/><U77/><E56/><V100/><F100/><W12/><G65/><T36/><D36/><U3/><E3/><V46/><F46/><W94/><G59/><T39/><D39/><U75/><E44/><V74/><F95/><W76/><G94/><T89/><D89/><U19/><E77/><V4/><F4/><W73/><G76/><T119/><D119/><U8/><E75/><AGARI ba="0,1" hai="20,21,22,24,30,60,66,70,72,74,75,78,80,85" machi="75" ten="40,1300,0" yaku="6,1" doraHai="131" who="2" fromWho="1" sc="240,0,250,-13,250,23,250,0" /><INIT seed="1,0,0,3,2,83" ten="240,237,273,250" oya="1" hai0="41,85,22,71,97,99,3,25,0,77,116,5,10" hai1="26,72,67,84,1,29,89,103,115,111,110,119,112" hai2="96,107,123,129,122,46,17,120,118,45,94,80,88" hai3="65,63,106,75,68,101,47,2,133,18,40,48,13"/><U130/><E72/><V16/><F118/><W43/><G133/><T31/><D116/><U124/><E119/><V135/><F135/><W66/><G75/><T14/><D71/><U100/><E1/><V93/><F107/><W81/><G2/><T28/><D41/><U126/><E67/><V86/><F129/><W131/><G131/><T6/><D0/><U134/><E134/><V78/><F45/><W61/><G106/><T121/><D121/><U79/><E79/><V36/><REACH who="2" step="1"/><F93/><REACH who="2" ten="240,237,263,250" step="2"/><W60/><G47/><T15/><D3/><U42/><E130/><V34/><F34/><W58/><G68/><T20/><D31/><U82/><E42/><AGARI ba="0,1" hai="16,17,36,42,46,78,80,86,88,94,96,120,122,123" machi="42" ten="40,8000,1" yaku="1,1,52,1,54,2,53,0" doraHai="83" doraHaiUra="102" who="2" fromWho="1" sc="240,0,237,-80,263,90,250,0" /><INIT seed="2,0,0,1,2,35" ten="240,157,353,250" oya="2" hai0="47,62,115,124,4,37,120,84,117,18,81,73,5" hai1="97,36,32,15,75,39,103,49,111,46,92,112,125" hai2="121,60,43,86,69,34,80,48,3,25,33,126,101" hai3="131,93,64,98,65,17,83,118,90,7,14,119,45"/><V55/><F121/><W107/><G107/><T11/><D115/><U116/><E112/><V12/><F126/><W77/><G131/><T87/><D120/><U94/><E116/><V23/><F101/><W70/><G7/><T26/><D117/><U122/><E122/><V27/><F12/><W106/><G106/><T31/><D124/><U28/><E125/><V24/><F23/><W20/><G65/><T108/><D108/><U59/><E75/><V53/><F43/><W96/><G96/><T38/><D73/><U71/><E71/><V105/><F105/><W8/><G45/><T50/><D87/><U41/><E111/><V134/><F134/><W123/><G123/><T0/><D62/><U132/><E132/><V16/><F16/><W109/><G109/><T2/><D18/><U89/><E32/><V99/><F99/><W52/><G20/><T104/><D104/><U127/><E28/><V40/><F40/><W9/><G9/><T110/><D5/><U56/><E127/><V22/><F22/><W135/><G135/><T30/><D2/><U95/><E95/><V57/><F3/><W13/><G13/><N who="0" m="5351" /><D110/><U21/><E21/><V1/><F1/><W29/><G29/><N who="0" m="10763" /><D26/><U19/><E39/><V78/><REACH who="2" step="1"/><F69/><REACH who="2" ten="240,157,343,250" step="2"/><W128/><G118/><T61/><D0/><U58/><E19/><V54/><F54/><W10/><G119/><T72/><D37/><U67/><E15/><V88/><F88/><W100/><G70/><T74/><D38/><U44/><E36/><V6/><F6/><W133/><G17/><T130/><D130/><U76/><E97/><RYUUKYOKU ba="0,1" sc="240,-10,157,-10,343,30,250,-10" hai2="24,25,27,33,34,48,53,55,57,60,78,80,86" /><INIT seed="2,1,1,5,5,114" ten="230,147,373,240" oya="2" hai0="50,15,13,105,128,91,18,30,108,71,134,73,117" hai1="88,72,52,23,106,107,16,115,9,86,66,56,96" hai2="132,100,110,97,120,78,124,68,70,42,46,19,45" hai3="25,2,26,11,35,22,130,69,5,77,7,34,84"/><V116/><F120/><W82/><G69/><T65/><D108/><U37/><E72/><V55/><F110/><W75/><G130/><T4/><D134/><U6/><E37/><V8/><F132/><W83/><G7/><T17/><D128/><U21/><E66/><V121/><F121/><W63/><G63/><T127/><D127/><U74/><E74/><V79/><F124/><W33/><REACH who="3" step="1"/><G22/><REACH who="3" ten="230,147,373,230" step="2"/><T44/><D71/><U59/><E23/><V27/><F68/><W98/><G98/><T102/><D4/><U103/><E115/><V39/><F97/><W60/><G60/><T118/><D105/><U99/><E107/><V129/><F70/><W49/><G49/><T40/><D65/><U85/><E99/><V87/><F129/><W38/><G38/><T111/><D111/><U101/><E101/><V126/><F100/><W14/><G14/><T94/><D102/><U41/><E106/><V58/><F39/><W57/><G57/><T64/><D64/><U36/><E103/><V104/><F58/><W109/><G109/><T24/><D13/><N who="1" m="5303" /><E59/><V3/><F104/><W51/><G51/><T67/><D15/><N who="1" m="9375" /><E36/><V47/><F126/><W76/><AGARI ba="1,2" hai="2,5,11,25,26,33,34,35,75,76,77,82,83,84" machi="76" ten="40,5200,0" yaku="1,1,0,1,53,1" doraHai="114" doraHaiUra="81" who="3" fromWho="3" sc="230,-14,147,-14,373,-27,230,75" /><INIT seed="3,0,0,3,3,35" ten="216,133,346,305" oya="3" hai0="120,22,8,62,87,65,6,102,89,11,13,103,9" hai1="34,93,0,82,131,43,132,104,17,106,44,115,39" hai2="114,117,100,67,24,53,77,56,74,59,107,128,119" hai3="70,23,5,41,83,28,123,12,15,58,49,40,125"/><W61/><G123/><T69/><D120/><U95/><E115/><V81/><F114/><W4/><G70/><T108/><D108/><U25/><E95/><V33/><F128/><W36/><G36/><T7/><D22/><U118/><E131/><V79/><F79/><W50/><G125/><T54/><D54/><U88/><E132/><V133/><F133/><W29/><G23/><T90/><D11/><U47/><E82/><V19/><F67/><W80/><G58/><T99/><D99/><U60/><E118/><V134/><F59/><W21/><G21/><T42/><D42/><U86/><E17/><V64/><F64/><W96/><G96/><T20/><D20/><U30/><E60/><AGARI ba="0,0" hai="4,5,12,15,28,29,40,41,49,50,60,61,80,83" machi="60" ten="25,4800,0" yaku="22,2,8,1" doraHai="35" who="3" fromWho="1" sc="216,0,133,-48,346,0,305,48" owari="216,-18.4,85,-41.5,346,14.6,353,45.3" /></mjloggm>