<mjloggm ver="2.3"><GO type="225" lobby="0"/><UN n0="%E6%9D%B1%E9%A2%A8%E3%81%AE%E3%81%8D%E3%82%83%E3%81%B7%E3%81%95%E3%82%93" n1="%E8%90%BD%E6%97%A5" n2="%E7%B4%94%E6%BD%94%E3%83%94%E3%83%A9%E3%83%8B%E3%82%A2" n3="%E3%81%B5%E3%81%98%E3%81%8B%E3%81%A4" dan="16,16,16,16" rate="2149.10,2079.97,2142.90,2100.09" sx="M,F,M,M"/><TAIKYOKU oya="0"/><INIT seed="0,0,0,0,0,57" ten="250,250,250,250" oya="0" hai0="94,27,119,56,87,19,55,122,21,134,90,65,135" hai1="39,8,61,93,4,13,95,74,72,102,11,92,58" hai2="98,105,5,18,49,116,36,77,129,133,41,63,70" hai3="50,89,68,53,120,91,81,1,33,54,6,112,23"/><T79/><D122/><U31/><E39/><V34/><F49/><W25/><G112/><T44/><D119/><U2/><E102/><V131/><F18/><W51/><G120/><T100/><D79/><U32/><E32/><V111/><F5/><W64/><G33/><T40/><D100/><U125/><E31/><V60/><F70/><W85/><G1/><T132/><D65/><U73/><E125/><V52/><F116/><W128/><G128/><N who="2" m="49225" /><F34/><W75/><G75/><T20/><D20/><U59/><REACH who="1" step="1"/><E61/><REACH who="1" ten="250,240,250,250" step="2"/><N who="2" m="23627" /><F111/><W82/><G68/><T97/><D56/><U67/><E67/><V10/><F133/><W35/><G64/><T3/><D3/><U114/><E114/><V14/><F105/><W69/><G69/><T115/><D115/><U106/><E106/><V12/><F36/><W108/><G35/><T123/><D123/><U109/><E109/><V43/><F77/><W96/><G108/><T130/><D130/><U84/><E84/><V48/><F98/><W101/><G96/><T30/><D97/><U26/><E26/><V80/><F80/><W99/><G82/><T38/><D30/><U66/><E66/><V76/><F76/><N who="3" m="46247" /><G51/><T71/><D71/><U62/><E62/><V29/><F29/><N who="3" m="17599" /><G50/><T24/><D24/><U16/><AGARI ba="0,1" hai="2,4,8,11,13,16,58,59,72,73,74,92,93,95" machi="16" ten="40,5200,0" yaku="1,1,0,1,54,1,53,0" doraHai="57" doraHaiUra="28" who="1" fromWho="1" sc="250,-26,240,62,250,-13,250,-13" /><INIT seed="1,0,0,2,4,109" ten="224,302,237,237" oya="1" hai0="8,124,128,110,37,17,98,52,93,63,107,54,36" hai1="111,80,75,71,134,57,113,103,22,60,42,94,85" hai2="2,101,39,117,122,44,89,58,96,56,102,45,47" hai3="83,129,28,97,13,82,77,53,20,43,68,81,18"/><U90/><E134/><V30/><F39/><W61/><G129/><T130/><D107/><U19/><E71/><V88/><F117/><W95/><G43/><T123/><D123/><U135/><E135/><V55/><F2/><W14/><G68/><T126/><D17/><U33/><E33/><V48/><F122/><W121/><G121/><T114/><D8/><U59/><E111/><V62/><F30/><W112/><G112/><T26/><D26/><U92/><E42/><V46/><N who="2" m="11264" /><DORA hai="120" /><V84/><F96/><W40/><G40/><T65/><D110/><U3/><E3/><V32/><F32/><W25/><G77/><T21/><D21/><U29/><E29/><V50/><F50/><W64/><G64/><T38/><D93/><U5/><E5/><V1/><F1/><W116/><G116/><T15/><D15/><U78/><E113/><V105/><F105/><W115/><G115/><T9/><D9/><U79/><E60/><V119/><F119/><W74/><G74/><T24/><D24/><U7/><E7/><V23/><F23/><W0/><G28/><T72/><D98/><U66/><E66/><V76/><F76/><W100/><REACH who="3" step="1"/><G0/><REACH who="3" ten="224,302,237,227" step="2"/><T125/><D72/><U133/><E133/><V41/><F41/><W87/><G87/><T127/><N who="0" m="31744" /><DORA hai="34" /><T132/><D132/><U118/><E118/><V73/><F73/><W131/><G131/><N who="0" m="50219" /><D114/><U31/><E31/><V99/><F84/><W67/><G67/><T104/><D104/><U6/><E79/><V4/><F99/><W70/><G70/><AGARI ba="0,1" hai="36,37,38,52,54,63,65,70" m="50219,31744" machi="70" ten="70,8000,1" yaku="18,1,19,1,34,2,54,1" doraHai="109,120,34" who="0" fromWho="3" sc="224,90,302,0,237,0,227,-80" /><INIT seed="2,0,0,2,1,87" ten="314,302,237,147" oya="2" hai0="48,115,79,14,111,68,91,24,34,94,8,70,69" hai1="17,117,16,25,128,82,73,5,101,44,46,104,122" hai2="81,37,113,18,66,133,4,89,1,39,74,33,7" hai3="129,55,86,52,88,135,71,98,21,47,51,40,127"/><V103/><F113/><W125/><G71/><T59/><D111/><U35/><E117/><V90/><F33/><W75/><G75/><T123/><D79/><U92/><E128/><V42/><F66/><W83/><G129/><T31/><D123/><U45/><E104/><V131/><F131/><W15/><G135/><T13/><D115/><U41/><E122/><V11/><F133/><W19/><REACH who="3" step="1"/><G98/><REACH who="3" ten="314,302,237,137" step="2"/><T67/><D70/><U97/><E73/><V65/><F74/><W109/><G109/><T95/><D69/><U120/><E97/><V105/><F103/><W107/><G107/><T56/><D68/><U50/><E101/><V3/><F105/><W58/><G58/><T102/><D102/><U134/><E120/><V10/><F65/><W72/><G72/><T78/><D59/><U30/><E134/><V20/><F81/><W27/><G27/><T118/><D24/><U36/><E82/><V49/><F49/><W63/><G63/><T119/><D56/><U32/><E50/><V106/><F106/><W26/><G26/><T124/><D48/><U38/><E25/><V114/><F114/><W62/><G62/><T85/><D67/><U64/><E64/><V2/><F2/><W116/><G116/><T29/><D119/><U9/><E35/><V126/><F126/><AGARI ba="0,1" hai="15,19,21,40,47,51,52,55,83,86,88,125,126,127" machi="126" ten="40,8000,1" yaku="1,1,18,1,52,1,54,2,53,0" doraHai="87" doraHaiUra="22" who="3" fromWho="2" sc="314,0,302,0,237,-80,137,90" /><INIT seed="3,0,0,4,0,78" ten="314,302,157,227" oya="3" hai0="22,55,76,87,88,79,92,0,17,106,113,82,134" hai1="34,37,39,8,62,50,25,129,94,102,48,36,38" hai2="47,15,46,60,53,18,66,1,103,105,63,41,16" hai3="28,19,27,99,32,64,84,131,97,59,43,109,67"/><W40/><G131/><T74/><D113/><U56/><N who="1" m="9216" /><DORA hai="13" /><U44/><E129/><V81/><F1/><W49/><G67/><T110/><D0/><U128/><E128/><V9/><F105/><W132/><G132/><T86/><D106/><U51/><E8/><V111/><F111/><W120/><G120/><T33/><D33/><U26/><E34/><V96/><F41/><W77/><G109/><T104/><D104/><U116/><E44/><V108/><F108/><W101/><G97/><T24/><D134/><U90/><E102/><V83/><F66/><W95/><G64/><T130/><D130/><U7/><E7/><V35/><F35/><W21/><G59/><T91/><D74/><U5/><E5/><V61/><F96/><W45/><G43/><T20/><D110/><U14/><E14/><N who="2" m="7503" /><F103/><W89/><G77/><N who="0" m="29771" /><D22/><U127/><E127/><V54/><F47/><W114/><G114/><T29/><D55/><N who="2" m="21002" /><F46/><W72/><G72/><T2/><D2/><U4/><E116/><V133/><F133/><W124/><G124/><T31/><AGARI ba="0,0" hai="17,20,24,29,31,82,86,87,88,91,92" m="29771" machi="31" ten="30,7900,0" yaku="8,1,52,2,54,1" doraHai="78,13" who="0" fromWho="0" sc="314,79,302,-20,157,-20,227,-39" owari="393,49.3,282,8.2,137,-36.3,188,-21.2" /></mjloggm>