<mjloggm ver="2.3"><GO type="225" lobby="0"/><UN n0="%E6%A0%B9%E5%85%83%E3%81%8B%E3%82%89%E5%90%B9%E3%81%A3%E9%A3%9B%E3%81%B6" n1="%33%74%72%65%65" n2="%E5%A4%9C%E5%85%89%E5%A4%A9%E6%A5%BC" n3="%E3%82%BC%E3%83%AB%E3%83%80%E3%81%AE%E4%BC%9D%E8%AA%AC" dan="17,16,17,17" rate="2166.93,2199.41,2149.80,2227.77" sx="F,F,M,M"/><TAIKYOKU oya="0"/><INIT seed="0,0,0,5,5,110" ten="250,250,250,250" oya="0" hai0="116,122,62,55,0,25,73,27,4,45,107,101,63" hai1="102,77,10,91,94,132,50,44,111,115,40,130,61" hai2="86,126,49,127,89,64,17,53,5,96,1,85,75" hai3="48,24,72,31,26,74,92,56,19,90,83,18,113"/><T112/><D116/><U47/><E111/><V87/><F75/><W100/><G113/><T82/><D122/><U119/><E119/><V93/><F64/><W95/><G100/><T8/><D107/><U67/><E130/><V114/><F17/><W3/><G3/><T59/><D112/><U20/><E132/><V21/><F21/><W37/><G37/><T16/><D101/><U15/><E102/><V58/><REACH who="2" step="1"/><F114/><REACH who="2" ten="250,250,240,250" step="2"/><W2/><G18/><T69/><D16/><N who="1" m="8311" /><E115/><V60/><F60/><W117/><G19/><T118/><D118/><U11/><E61/><V131/><F131/><W121/><G74/><T120/><D62/><U133/><E67/><V79/><F79/><W134/><G72/><T57/><D69/><U51/><E77/><V14/><F14/><W135/><G117/><T109/><D109/><U12/><E20/><V30/><F30/><W52/><G31/><T13/><D13/><U80/><E12/><V39/><F39/><W7/><G135/><T99/><D63/><U88/><E133/><V28/><F28/><W38/><G38/><T29/><D29/><U6/><E11/><AGARI ba="0,1" hai="1,5,11,49,53,58,85,86,87,89,93,96,126,127" machi="11" ten="40,1300,0" yaku="1,1,53,0" doraHai="110" doraHaiUra="128" who="2" fromWho="1" sc="250,0,250,-13,240,23,250,0" /><INIT seed="1,0,0,1,2,92" ten="250,237,263,250" oya="1" hai0="101,62,34,35,22,67,73,48,126,16,36,20,43" hai1="57,45,75,61,46,66,23,9,120,38,25,87,18" hai2="0,100,69,117,68,83,88,30,89,41,93,77,51" hai3="113,84,47,82,56,52,65,42,95,123,107,55,8"/><U105/><E75/><V111/><F117/><W4/><G107/><T2/><D2/><U53/><E120/><V58/><F0/><W119/><G113/><T90/><D126/><U85/><E105/><V118/><F118/><W29/><G123/><T121/><D121/><U3/><E38/><V91/><F111/><W74/><G119/><T37/><D73/><U14/><E3/><V11/><F30/><W28/><G65/><T72/><D72/><U27/><E27/><V97/><F11/><W39/><G95/><T81/><D101/><U49/><REACH who="1" step="1"/><E46/><REACH who="1" ten="250,227,263,250" step="2"/><N who="2" m="26063" /><F69/><W19/><G74/><T103/><D37/><U115/><E115/><V54/><F68/><W32/><G39/><T71/><D36/><U70/><E70/><V130/><F130/><W79/><G47/><T86/><D34/><U112/><E112/><V116/><F116/><W135/><G32/><T15/><D35/><U17/><AGARI ba="0,1" hai="9,14,17,18,23,25,45,49,53,57,61,66,85,87" machi="17" ten="20,7800,0" yaku="1,1,0,1,7,1,8,1,53,0" doraHai="92" doraHaiUra="1" who="1" fromWho="1" sc="250,-26,227,88,263,-26,250,-26" /><INIT seed="1,1,0,4,1,103" ten="224,315,237,224" oya="1" hai0="18,34,11,7,83,41,76,19,125,54,109,97,81" hai1="96,116,86,120,133,12,31,45,32,101,36,64,85" hai2="16,50,129,52,43,92,17,98,60,42,48,68,78" hai3="14,113,117,100,88,40,128,77,15,46,0,130,9"/><U126/><E116/><V55/><F129/><N who="3" m="49771" /><G113/><T67/><D109/><U72/><E72/><V106/><F78/><W102/><G77/><T90/><D125/><U99/><E120/><V70/><F106/><W63/><G117/><T115/><D34/><U110/><E133/><V56/><F70/><W123/><G123/><T33/><D33/><U87/><E96/><V89/><F68/><W2/><G63/><T5/><D41/><N who="2" m="15370" /><F60/><W105/><G14/><N who="0" m="7519" /><D115/><U4/><E12/><V73/><F73/><W124/><G124/><T58/><D67/><U30/><E64/><V84/><F98/><N who="3" m="61591" /><G102/><T28/><D28/><U38/><E31/><V112/><F112/><W79/><G79/><T121/><D121/><U26/><E126/><V22/><F22/><W37/><G88/><T93/><D19/><AGARI ba="1,0" hai="0,2,9,15,19,37,40,46" m="61591,49771" machi="19" ten="30,2000,0" yaku="19,1,52,1" doraHai="103" who="3" fromWho="0" sc="224,-23,315,0,237,0,224,23" /><INIT seed="2,0,0,1,4,25" ten="201,315,237,247" oya="2" hai0="122,7,48,27,18,117,106,73,101,54,103,21,38" hai1="92,105,77,135,36,86,47,79,115,65,69,66,124" hai2="28,39,31,8,55,30,22,91,94,116,76,32,44" hai3="50,110,17,130,6,15,58,85,104,108,5,120,41"/><V109/><F116/><W78/><G104/><T3/><D122/><U97/><E69/><V10/><F32/><W62/><G120/><T64/><D73/><U83/><E36/><V88/><F109/><N who="3" m="42091" /><G130/><T13/><D117/><U131/><E66/><V24/><F76/><W11/><G50/><T49/><D106/><U84/><E65/><V74/><F74/><W81/><G41/><T56/><D38/><U126/><E47/><V2/><F39/><W72/><G72/><T19/><D64/><AGARI ba="0,0" hai="5,6,11,15,17,58,62,64,78,81,85" m="42091" machi="64" ten="30,1000,0" yaku="14,1" doraHai="25" who="3" fromWho="0" sc="201,-10,315,0,237,0,247,10" /><INIT seed="3,0,0,1,5,10" ten="191,315,237,257" oya="3" hai0="105,101,22,12,44,134,63,31,113,56,61,29,86" hai1="49,25,40,132,2,55,95,59,45,1,100,85,54" hai2="96,104,69,130,17,115,75,8,110,9,135,43,88" hai3="3,107,84,93,79,99,13,73,5,76,116,109,80"/><W28/><G3/><T34/><D134/><U53/><E132/><V111/><F75/><W64/><G116/><T36/><D113/><U112/><E112/><V4/><F135/><W16/><G5/><T106/><D34/><U62/><E2/><N who="2" m="23" /><F115/><W37/><G37/><T70/><D70/><U108/><E1/><V51/><F69/><W6/><G6/><T82/><D36/><U122/><E108/><N who="2" m="41515" /><F130/><W19/><G109/><T119/><D44/><U41/><E41/><V39/><F51/><W118/><G28/><T32/><D119/><U21/><E122/><V103/><F43/><W0/><G0/><T33/><D101/><U15/><E49/><V38/><F88/><N who="3" m="55719" /><G73/><T114/><D114/><U125/><E40/><V94/><F104/><W83/><G107/><T14/><D82/><U30/><E100/><V117/><F117/><W71/><G118/><T120/><D86/><U128/><E85/><V66/><F66/><W72/><G64/><T60/><D60/><U78/><E62/><V27/><F27/><W129/><G129/><T58/><D22/><U124/><E21/><V48/><F48/><W91/><G71/><T81/><D81/><U67/><E67/><V92/><F94/><W89/><G80/><T52/><D52/><U23/><E55/><V131/><F131/><W98/><G83/><T18/><D120/><U68/><E68/><V121/><F121/><W24/><G84/><T47/><D47/><U26/><E45/><V123/><F123/><W20/><G72/><T46/><D46/><U90/><E128/><V50/><F50/><W74/><G74/><RYUUKYOKU ba="0,0" sc="191,15,315,-15,237,15,257,-15" hai0="12,14,18,29,31,32,33,56,58,61,63,105,106" hai2="9,17,38,39,92,96,103" owari="206,-29.4,300,40.0,252,5.2,242,-15.8" /></mjloggm>