<mjloggm ver="2.3"><GO type="225" lobby="0"/><UN n0="%72%69%6F%75%63%68%61%6E" n1="%E3%81%B2%E3%81%AA%E3%81%AE%E3%82%8A%E3%81%8F" n2="%E8%BE%9B%E5%8F%A3%E3%82%AB%E3%83%AC%E3%83%BC%E3%83%A9%E3%82%A4%E3%82%B9" n3="%E3%81%A9%E3%82%8F%E3%82%93%E3%81%94" dan="16,17,16,16" rate="2129.22,2234.35,2215.87,2071.74" sx="M,M,M,M"/><TAIKYOKU oya="0"/><INIT seed="0,0,0,0,4,44" ten="250,250,250,250" oya="0" hai0="63,13,104,93,95,49,111,72,28,43,76,64,132" hai1="16,20,62,59,11,123,25,119,37,80,128,51,23" hai2="42,118,124,68,77,106,79,0,121,122,91,84,98" hai3="73,109,78,24,60,66,14,22,115,57,17,105,75"/><T126/><D126/><U3/><E119/><V120/><F68/><W113/><G109/><T94/><D132/><U50/><E37/><V56/><F0/><W100/><G105/><T125/><D125/><U130/><E123/><V127/><F56/><W12/><G100/><T48/><D104/><U135/><E135/><V81/><F42/><W35/><G12/><T96/><D111/><U34/><E34/><V53/><F53/><W110/><G110/><T38/><D96/><U61/><E23/><V82/><F118/><W58/><G58/><N who="0" m="36983" /><D72/><U9/><E80/><V88/><F106/><W103/><G103/><T116/><D38/><U112/><E112/><V92/><F91/><W15/><G15/><T97/><D116/><U46/><E62/><V114/><F114/><W90/><G90/><N who="0" m="55479" /><D43/><U8/><E3/><V131/><F131/><N who="1" m="50217" /><E46/><V27/><F27/><W36/><G36/><T107/><D107/><U2/><E2/><V69/><F69/><W10/><G35/><T87/><D28/><U134/><E134/><V39/><F39/><W101/><G73/><AGARI ba="0,0" hai="73,77,79,81,82,84,88,92,98,120,121,122,124,127" machi="73" ten="40,8000,1" yaku="34,3,54,1" doraHai="44" who="2" fromWho="3" sc="250,0,250,0,250,80,250,-80" /><INIT seed="1,0,0,1,1,58" ten="250,250,330,170" oya="1" hai0="127,100,9,129,27,19,59,75,35,30,43,110,117" hai1="69,73,21,109,82,34,6,78,126,45,36,15,72" hai2="54,107,95,108,57,101,17,42,65,90,8,68,50" hai3="14,0,66,32,24,118,13,12,7,88,83,121,106"/><U119/><E119/><V76/><F108/><W85/><G121/><T47/><D117/><U71/><E34/><V33/><F33/><W79/><G118/><T18/><D110/><U4/><E109/><V97/><F76/><W37/><G37/><T11/><D127/><U122/><E122/><V51/><F68/><W29/><G106/><T135/><D129/><U125/><E73/><V22/><F65/><W116/><G116/><T60/><D135/><U49/><E36/><V89/><F8/><W120/><G120/><T81/><D100/><U105/><E105/><V92/><F107/><W26/><G26/><T77/><D9/><N who="1" m="4519" /><E21/><V64/><F64/><W114/><G114/><T20/><D11/><U56/><E56/><V134/><F134/><W61/><G0/><T103/><D103/><U48/><E48/><V23/><F23/><W102/><G102/><T1/><D1/><U93/><E93/><V94/><F94/><W96/><G96/><T130/><D130/><U115/><E6/><V41/><F50/><W70/><REACH who="3" step="1"/><G7/><REACH who="3" ten="250,250,330,160" step="2"/><T124/><D124/><N who="1" m="47723" /><E115/><V62/><F101/><W55/><G55/><AGARI ba="0,1" hai="45,49,55,69,71,72,78,82" m="47723,4519" machi="55" ten="30,1500,0" yaku="18,1" doraHai="58" who="1" fromWho="3" sc="250,0,250,25,330,0,160,-15" /><INIT seed="1,1,0,5,0,123" ten="250,275,330,145" oya="1" hai0="76,24,53,135,62,119,115,22,81,93,125,15,122" hai1="37,68,105,73,59,26,55,52,45,65,69,120,110" hai2="90,57,108,77,49,126,70,97,132,12,31,8,96" hai3="63,58,40,83,111,13,54,66,33,1,114,86,121"/><U74/><E120/><V102/><F70/><N who="1" m="27241" /><E105/><V11/><F132/><W35/><G121/><T75/><D125/><U88/><E88/><V99/><F126/><W51/><G114/><T124/><D124/><U100/><E100/><V9/><F77/><W41/><G1/><T5/><D119/><U17/><E17/><V112/><F112/><W67/><G33/><T95/><D122/><U106/><E106/><V84/><F31/><W6/><G35/><T39/><D135/><U82/><E26/><V46/><F57/><W78/><G111/><T85/><D39/><U91/><E91/><V64/><F64/><W2/><G2/><T101/><D115/><U34/><E82/><N who="2" m="49431" /><F108/><W42/><REACH who="3" step="1"/><G63/><REACH who="3" ten="250,275,330,135" step="2"/><T127/><D62/><U28/><E34/><V18/><F102/><W134/><G134/><T29/><D101/><U3/><E3/><V32/><F32/><W10/><AGARI ba="1,1" hai="6,10,13,40,41,42,51,54,58,66,67,78,83,86" machi="10" ten="30,4000,0" yaku="1,1,0,1,8,1,53,0" doraHai="123" doraHaiUra="104" who="3" fromWho="3" sc="250,-11,275,-21,330,-11,135,53" /><INIT seed="2,0,0,2,1,63" ten="239,254,319,188" oya="2" hai0="13,72,80,95,45,75,99,121,83,71,107,112,37" hai1="5,58,113,23,12,68,123,55,98,135,18,92,85" hai2="60,109,2,127,51,103,96,120,10,118,62,19,22" hai3="84,69,132,65,9,73,24,46,114,61,67,35,48"/><V104/><F118/><W17/><G73/><T108/><D121/><U119/><E68/><V90/><F120/><W97/><G132/><T115/><D71/><U52/><E123/><V43/><F127/><W110/><G110/><T64/><D64/><U33/><E33/><V21/><F109/><W125/><G125/><T129/><D108/><U11/><E113/><N who="0" m="43593" /><D13/><U70/><E70/><V91/><F43/><W126/><G126/><T86/><D45/><U78/><E135/><V41/><F41/><W26/><G114/><T50/><D50/><U89/><E119/><V88/><F51/><W27/><G35/><T131/><D37/><U38/><E38/><V128/><F128/><N who="0" m="49226" /><D107/><U7/><E58/><V116/><F116/><W47/><G69/><T94/><D94/><N who="1" m="54575" /><E78/><V8/><F2/><W49/><G61/><T0/><D0/><U30/><E30/><V28/><F60/><W53/><G97/><T32/><D32/><U34/><E34/><V130/><F62/><W102/><G102/><N who="0" m="60799" /><D80/><U57/><E57/><V14/><F130/><W100/><G100/><T20/><D20/><U79/><E23/><V1/><F28/><W56/><G46/><T122/><D122/><U133/><E133/><V106/><F106/><W59/><G59/><T31/><D31/><U105/><E105/><V42/><F42/><N who="3" m="24695" /><G84/><T101/><D101/><N who="1" m="60615" /><E7/><V40/><F40/><W3/><G3/><T39/><D39/><U44/><E5/><V15/><F1/><W6/><G6/><T36/><D36/><U74/><E44/><V87/><F87/><W29/><G29/><T81/><D86/><RYUUKYOKU ba="0,0" sc="239,0,254,0,319,0,188,0" hai0="72,75,81,83" hai1="11,12,18,52,55,74,79" hai2="8,10,14,15,19,21,22,88,90,91,96,103,104" hai3="9,17,24,26,27,49,53,56,65,67" /><INIT seed="2,1,0,1,2,88" ten="239,254,319,188" oya="2" hai0="11,35,48,9,77,3,84,14,8,66,85,54,69" hai1="132,61,42,37,65,117,38,89,43,27,62,36,49" hai2="83,109,122,26,28,91,44,105,128,32,114,110,40" hai3="111,90,87,97,100,21,5,51,17,20,22,73,52"/><V16/><F114/><W81/><G111/><N who="2" m="42505" /><F122/><W82/><G5/><T94/><D35/><U129/><E27/><V96/><F128/><W71/><G71/><T25/><D3/><U19/><E19/><V115/><F115/><W39/><G39/><T34/><D69/><N who="1" m="42167" /><E89/><V116/><F116/><W135/><G135/><T80/><D66/><U2/><E2/><V125/><F125/><W134/><G134/><T57/><D34/><U64/><E132/><V24/><F83/><W104/><G73/><T15/><D25/><U63/><E117/><V131/><F131/><W72/><G72/><T78/><D94/><U99/><E99/><V130/><F130/><W60/><G60/><N who="1" m="23114" /><E64/><V31/><F16/><W33/><G33/><T79/><REACH who="0" step="1"/><D85/><REACH who="0" ten="229,254,319,188" step="2"/><U68/><E68/><V58/><F24/><W76/><G82/><T67/><D67/><U75/><E75/><V4/><F26/><W108/><G108/><T95/><D95/><U29/><E29/><V47/><F31/><W106/><G106/><T55/><D55/><U119/><E119/><V107/><F28/><W50/><G52/><T86/><D86/><U7/><E129/><V121/><F32/><W1/><G1/><T23/><D23/><N who="3" m="8777" /><G76/><AGARI ba="1,1" hai="8,9,11,14,15,48,54,57,76,77,78,79,80,84" machi="76" ten="40,2600,0" yaku="1,1,8,1,53,0" doraHai="88" doraHaiUra="30" who="0" fromWho="3" sc="229,39,254,0,319,0,188,-29" /><INIT seed="3,0,0,2,5,0" ten="268,254,319,159" oya="3" hai0="21,81,110,120,90,37,23,53,55,41,48,114,71" hai1="56,104,119,15,47,22,133,13,64,24,52,108,127" hai2="106,75,122,40,43,46,27,117,73,36,9,67,51" hai3="116,132,17,97,78,79,103,60,100,91,128,6,72"/><W54/><G116/><T121/><D110/><U84/><E108/><V88/><F106/><W124/><G124/><T102/><D71/><U32/><E104/><V85/><F117/><W130/><G17/><T58/><D114/><U80/><E119/><V95/><F67/><W92/><G60/><T35/><D35/><U49/><E32/><V115/><F115/><W57/><G57/><T99/><D37/><U28/><E133/><V135/><F135/><W61/><G61/><N who="0" m="36047" /><D41/><N who="1" m="24815" /><E64/><V94/><F9/><W31/><G31/><T2/><D2/><U82/><E82/><V62/><F62/><W123/><G54/><T14/><D121/><U5/><E5/><V16/><F40/><W109/><G132/><T134/><D120/><U39/><E39/><V25/><F36/><W59/><G59/><N who="0" m="33255" /><D14/><U113/><E113/><V18/><F73/><W44/><G44/><T101/><D134/><U87/><E87/><V76/><F75/><W63/><G63/><T45/><D45/><U89/><E127/><V10/><F46/><W42/><G42/><T65/><D65/><U107/><E107/><V118/><F43/><W93/><G123/><T12/><D12/><U105/><E105/><V112/><F112/><W126/><G126/><T8/><D8/><U131/><E131/><N who="3" m="50218" /><G109/><T4/><D4/><U96/><E96/><V50/><F118/><W66/><G66/><T98/><D99/><U77/><E77/><N who="3" m="29194" /><G72/><T129/><D129/><U86/><E86/><V3/><F122/><W70/><G70/><T26/><D98/><U69/><E69/><V38/><F38/><W30/><G93/><RYUUKYOKU ba="0,0" sc="268,-10,254,30,319,-10,159,-10" hai1="13,15,22,24,28,52,56,80,84,89" owari="258,-14.2,284,8.4,309,40.9,149,-35.1" /></mjloggm>