<mjloggm ver="2.3"><GO type="225" lobby="0"/><UN n0="%E6%9D%B1%E9%A2%A8%E3%81%AE%E3%81%8D%E3%82%83%E3%81%B7%E3%81%95%E3%82%93" n1="%E9%AC%BC%E7%95%9C%E7%B1%B3%E5%85%B5" n2="%E7%99%BD%E5%92%B2%E8%8A%B1%E3%81%A1%E3%82%83%E3%82%93" n3="%E3%83%B4%E3%83%A0%EF%BC%99%E3%81%A6" dan="17,16,16,16" rate="2186.02,2118.56,2146.51,2115.67" sx="M,M,F,M"/><TAIKYOKU oya="0"/><INIT seed="0,0,0,0,3,3" ten="250,250,250,250" oya="0" hai0="83,131,123,84,49,77,37,94,55,121,101,2,26" hai1="76,53,120,92,58,80,44,63,23,40,89,113,24" hai2="31,130,71,9,1,25,47,51,88,42,29,79,39" hai3="107,50,73,103,30,34,6,54,70,7,98,117,33"/><T110/><D37/><U14/><E120/><V35/><F130/><W16/><G117/><T66/><D66/><U43/><E113/><V8/><F71/><W19/><G73/><T74/><D2/><U27/><E14/><V60/><F79/><W21/><G70/><T68/><D68/><U133/><E133/><V96/><F31/><W114/><G114/><T52/><D26/><U0/><E0/><V115/><F115/><W124/><G124/><T67/><D67/><U134/><E134/><V57/><F39/><W129/><G19/><T5/><D131/><U38/><E43/><V20/><F35/><W108/><G108/><T116/><D110/><U62/><E62/><V69/><F1/><W87/><G87/><T4/><D116/><U95/><E95/><N who="2" m="56423" /><F69/><W56/><G129/><T48/><D123/><U32/><E32/><V28/><F28/><W104/><G104/><T22/><D22/><U111/><E23/><V135/><F135/><W105/><G105/><T11/><D121/><U36/><E36/><V82/><F82/><W132/><G132/><T64/><D11/><U10/><E10/><V18/><F29/><W41/><G34/><T78/><D78/><U93/><E111/><V125/><F125/><W118/><G118/><T97/><D74/><U91/><E76/><V106/><F106/><W109/><G109/><T13/><D13/><U59/><E27/><V46/><F46/><N who="3" m="25935" /><G30/><T12/><D12/><U90/><E24/><V86/><F86/><W122/><G33/><T127/><D127/><U112/><E112/><V99/><F99/><W72/><G122/><RYUUKYOKU ba="0,0" sc="250,-10,250,-10,250,30,250,-10" hai2="8,9,18,20,25,42,47,51,57,60" /><INIT seed="1,1,0,1,1,41" ten="240,240,280,240" oya="1" hai0="117,25,44,66,89,98,54,30,15,99,67,5,91" hai1="47,79,102,100,78,95,4,108,0,7,124,51,112" hai2="3,59,101,76,62,86,81,119,113,116,110,50,127" hai3="13,74,20,73,134,60,75,122,6,71,48,18,55"/><U103/><E112/><V69/><F3/><W14/><G122/><T88/><D117/><U61/><E0/><V104/><F113/><W93/><G134/><T12/><D5/><N who="1" m="2123" /><E124/><V45/><F127/><W58/><G71/><T17/><D30/><U32/><E32/><V65/><F110/><W26/><G6/><T72/><D72/><U85/><E108/><V40/><F104/><W8/><G8/><T21/><D12/><U57/><E95/><V123/><F101/><W80/><G80/><T9/><D9/><U114/><E114/><V105/><F105/><W16/><G18/><T131/><D131/><U11/><E11/><V115/><F115/><W96/><REACH who="3" step="1"/><G48/><REACH who="3" ten="240,240,280,230" step="2"/><N who="0" m="28935" /><D15/><U63/><E79/><V68/><F123/><W109/><G109/><T49/><D49/><U42/><E57/><V39/><F69/><W36/><G36/><T28/><D28/><U97/><E97/><AGARI ba="1,1" hai="17,21,25,66,67,88,89,91,97,98,99" m="28935" machi="97" ten="30,3900,0" yaku="8,1,52,1,54,1" doraHai="41" who="0" fromWho="1" sc="240,52,240,-42,280,0,230,0" /><INIT seed="2,0,0,5,0,44" ten="292,198,280,230" oya="2" hai0="92,100,123,8,35,20,21,105,109,62,107,89,96" hai1="84,18,58,26,9,120,28,122,45,83,97,16,93" hai2="22,85,53,24,115,103,36,30,63,48,134,98,37" hai3="31,42,75,61,51,15,135,50,10,117,116,87,27"/><V60/><F115/><W131/><G75/><T80/><D35/><U110/><E110/><V41/><F134/><W101/><G135/><T54/><D123/><N who="1" m="47147" /><E9/><V76/><F37/><W91/><G101/><T94/><D109/><U74/><E74/><V39/><F39/><W72/><G72/><T77/><D8/><U43/><E58/><V114/><F114/><W2/><G2/><T3/><D3/><U23/><E83/><N who="2" m="47335" /><F36/><W4/><G131/><T112/><D112/><U128/><E84/><V40/><F98/><W104/><G61/><N who="2" m="23625" /><F103/><W119/><G104/><T64/><D107/><U1/><E1/><V17/><F30/><W133/><G133/><T95/><D54/><U46/><E46/><AGARI ba="0,0" hai="17,22,24,40,41,46,48,53" m="23625,47335" machi="46" ten="30,2900,0" yaku="8,1,52,1" doraHai="44" who="2" fromWho="1" sc="292,0,198,-29,280,29,230,0" /><INIT seed="2,1,0,1,3,78" ten="292,169,309,230" oya="2" hai0="130,34,3,45,25,101,80,64,77,22,28,125,26" hai1="114,6,53,61,70,23,62,86,15,29,37,54,59" hai2="74,100,38,102,16,49,12,90,42,98,111,129,50" hai3="2,44,5,58,84,71,11,85,128,75,132,68,17"/><V135/><F135/><W46/><G75/><T21/><D3/><U121/><E114/><V113/><F113/><W99/><G132/><T104/><D130/><U32/><E32/><V24/><F129/><W91/><G128/><T94/><D125/><U108/><E37/><V92/><F74/><W33/><G33/><T120/><D120/><U117/><E117/><V105/><F111/><W110/><G110/><T88/><D64/><U123/><E108/><V47/><F24/><W116/><G99/><T97/><D45/><U82/><E6/><V27/><F27/><W51/><G84/><T83/><D34/><U72/><E72/><V67/><F67/><W39/><G58/><T36/><D36/><U131/><E131/><V93/><F105/><W1/><G1/><T43/><D77/><U66/><E54/><V8/><REACH who="2" step="1"/><F102/><REACH who="2" ten="292,169,299,230" step="2"/><W55/><G116/><T76/><D104/><U35/><E35/><V20/><F20/><W0/><G11/><T107/><D107/><U118/><E118/><V89/><F89/><W126/><G91/><T119/><D101/><U56/><E123/><V9/><F9/><W134/><G134/><T13/><D119/><U127/><E121/><V30/><F30/><W96/><G126/><T79/><D22/><U48/><E127/><V73/><F73/><W19/><G68/><T4/><D25/><U65/><E29/><V87/><AGARI ba="1,1" hai="8,12,16,38,42,47,49,50,87,90,92,93,98,100" machi="87" ten="20,7800,0" yaku="1,1,0,1,7,1,54,1,53,0" doraHai="78" doraHaiUra="103" who="2" fromWho="2" sc="292,-27,169,-27,299,91,230,-27" /><INIT seed="2,2,0,4,3,88" ten="265,142,390,203" oya="2" hai0="29,16,32,21,128,55,31,123,30,3,76,50,126" hai1="135,119,49,85,74,17,18,89,75,117,111,124,47" hai2="95,116,39,120,67,68,4,46,35,112,84,20,42" hai3="1,59,87,37,102,5,13,134,19,56,107,115,90"/><V129/><F35/><W52/><G37/><T130/><D76/><U63/><E111/><V9/><F116/><W61/><G134/><T44/><D3/><U103/><E124/><V98/><F112/><W7/><G115/><T127/><D123/><U97/><E135/><V106/><F106/><W0/><G0/><T77/><D77/><U45/><E63/><V105/><F105/><W6/><G1/><T24/><REACH who="0" step="1"/><D32/><REACH who="0" ten="255,142,390,203" step="2"/><U72/><E119/><V36/><F120/><W58/><G107/><T43/><D43/><U53/><E117/><V91/><F42/><W70/><G70/><T78/><D78/><U33/><E33/><V101/><F68/><W48/><G102/><T57/><D57/><U69/><E69/><V40/><F101/><W64/><G64/><T110/><D110/><U125/><E125/><AGARI ba="2,1" hai="16,21,24,29,30,31,44,50,55,125,126,127,128,130" machi="125" ten="40,12000,2" yaku="1,1,18,1,54,1,53,3" doraHai="88" doraHaiUra="27" who="0" fromWho="1" sc="255,136,142,-126,390,0,203,0" /><INIT seed="3,0,0,5,5,93" ten="391,16,390,203" oya="3" hai0="124,26,1,41,64,106,18,79,109,72,126,70,113" hai1="75,83,63,118,84,30,2,16,52,3,111,121,21" hai2="90,9,104,19,39,103,58,125,96,107,86,116,78" hai3="23,6,131,14,51,13,60,12,37,54,127,94,100"/><W59/><G37/><T123/><D106/><U4/><E121/><V40/><F116/><W7/><G127/><N who="0" m="48683" /><D123/><U24/><E111/><V33/><F33/><W48/><G131/><T65/><D109/><U95/><E118/><V74/><F125/><W46/><G23/><N who="0" m="13687" /><D113/><U42/><E75/><V80/><F107/><W89/><G100/><T68/><D41/><U112/><E42/><V132/><F132/><W5/><REACH who="3" step="1"/><G46/><REACH who="3" ten="391,16,390,193" step="2"/><T57/><D1/><U49/><E112/><V28/><F39/><W77/><G77/><T38/><D38/><U129/><E129/><V73/><F78/><W110/><G110/><T134/><D134/><U32/><E63/><V117/><F117/><W27/><G27/><T20/><D79/><U29/><E3/><V10/><F28/><W76/><G76/><T8/><D72/><U120/><E120/><V11/><F19/><W17/><G17/><T114/><D114/><U99/><E2/><V0/><F0/><W87/><AGARI ba="0,1" hai="5,6,7,12,13,14,48,51,54,59,60,87,89,94" machi="87" ten="30,11700,0" yaku="1,1,0,1,8,1,53,1" doraHai="93" doraHaiUra="88" who="3" fromWho="3" sc="391,-39,16,-39,390,-39,193,127" owari="352,45.2,-23,-52.3,351,15.1,320,-8.0" /></mjloggm>