<mjloggm ver="2.3"><GO type="225" lobby="0"/><UN n0="%E3%83%8F%E3%82%AC%E3%82%BF%E3%82%AB%E3%81%AE%E3%81%88%E3%81%98%E3%81%8D" n1="%E5%A4%96%E5%B7%9D%E7%AB%9C%E6%88%90" n2="%6D%75%75%6D%75%72%61" n3="%E3%83%B4%E3%83%A0%EF%BC%99%E3%81%A6" dan="16,16,16,17" rate="2181.09,2208.93,2141.41,2201.52" sx="M,M,F,M"/><TAIKYOKU oya="0"/><INIT seed="0,0,0,0,5,90" ten="250,250,250,250" oya="0" hai0="52,88,100,131,37,25,86,28,42,68,64,101,134" hai1="98,21,59,107,0,71,91,67,48,111,119,102,30" hai2="112,36,96,51,3,125,14,117,53,74,58,97,65" hai3="31,18,103,132,126,63,127,92,32,104,82,121,105"/><T122/><D122/><U38/><E119/><V89/><F3/><W7/><G121/><T62/><D134/><U46/><E0/><V124/><F112/><W116/><G116/><T128/><D42/><U20/><E30/><V8/><F117/><W99/><G132/><T47/><D37/><U87/><E111/><V113/><F113/><W114/><G114/><T79/><D79/><U95/><E71/><V94/><F36/><W83/><G7/><T6/><D6/><U84/><E38/><V17/><F74/><W81/><G18/><T60/><D100/><U115/><E115/><V80/><F80/><N who="3" m="30827" /><G63/><T85/><D101/><U26/><E26/><V19/><F65/><W1/><G1/><T33/><D86/><U130/><E130/><V15/><REACH who="2" step="1"/><F97/><REACH who="2" ten="250,250,240,250" step="2"/><W34/><G83/><T27/><D131/><U108/><E108/><V50/><F50/><W12/><G12/><T10/><D128/><U40/><E87/><V70/><F70/><W13/><G13/><T16/><D64/><U41/><E67/><V23/><AGARI ba="0,1" hai="8,14,15,17,19,23,51,53,58,89,94,96,124,125" machi="23" ten="30,4000,0" yaku="1,1,0,1,52,1,53,0" doraHai="90" doraHaiUra="66" who="2" fromWho="2" sc="250,-20,250,-10,240,50,250,-10" /><INIT seed="1,0,0,0,5,28" ten="230,240,290,240" oya="1" hai0="50,116,26,118,5,1,97,135,91,81,93,18,29" hai1="83,21,35,106,19,54,76,41,42,8,12,62,85" hai2="25,65,23,60,10,82,44,49,16,92,0,120,119" hai3="107,88,61,20,96,13,7,123,124,109,6,122,132"/><U69/><E106/><V56/><F119/><W95/><G109/><T101/><D135/><U68/><E35/><V59/><F120/><W86/><G132/><T102/><D18/><N who="1" m="8455" /><E69/><V57/><F82/><W3/><G124/><T108/><D108/><U121/><E68/><V99/><F0/><W100/><G3/><T63/><D63/><U126/><E126/><V30/><F10/><W117/><G117/><T84/><D101/><U70/><E70/><V40/><REACH who="2" step="1"/><F16/><REACH who="2" ten="230,240,280,240" step="2"/><W133/><G133/><T114/><D118/><U37/><E121/><V11/><F11/><W89/><G6/><T24/><D116/><U51/><E37/><V75/><F75/><W66/><G7/><T55/><D5/><U94/><E19/><V32/><F32/><W15/><G15/><T130/><D1/><U36/><E21/><V113/><F113/><W127/><G127/><T72/><D114/><U14/><E14/><V125/><F125/><W31/><G13/><T33/><D72/><U87/><E36/><V80/><F80/><N who="3" m="49223" /><G123/><T43/><D130/><U110/><E110/><V112/><F112/><W129/><G122/><T4/><D4/><U64/><E83/><V79/><F79/><W53/><G129/><T52/><REACH who="0" step="1"/><D26/><REACH who="0" ten="220,240,280,240" step="2"/><U22/><E22/><V128/><F128/><W27/><G20/><T48/><D48/><U111/><E111/><V131/><F131/><W73/><G73/><T90/><D90/><AGARI ba="0,2" hai="23,25,30,40,44,49,56,57,59,60,65,90,92,99" machi="90" ten="30,3900,0" yaku="1,1,7,1,8,1,53,0" doraHai="28" doraHaiUra="115" who="2" fromWho="0" sc="220,-39,240,0,280,59,240,0" /><INIT seed="2,0,0,2,1,128" ten="181,240,339,240" oya="2" hai0="87,123,60,94,62,79,89,40,0,48,63,52,33" hai1="81,46,96,21,69,5,109,122,118,37,106,100,55" hai2="78,3,132,95,68,102,1,115,127,82,71,80,103" hai3="41,54,36,24,35,45,47,9,124,116,121,34,53"/><V43/><F115/><W42/><G116/><T51/><D123/><U131/><E118/><V111/><F127/><W93/><G121/><T31/><D0/><U134/><E122/><V38/><F111/><W2/><G124/><T32/><D31/><U13/><E69/><V99/><F103/><W44/><G44/><T92/><D79/><U90/><E109/><V27/><F27/><W76/><G76/><T91/><D40/><U61/><E131/><V22/><F22/><W10/><G93/><T107/><D107/><U50/><E37/><V6/><F6/><W77/><G77/><T70/><D70/><U64/><E90/><V120/><F120/><W19/><G24/><T28/><D28/><U117/><E81/><V66/><F82/><W29/><G29/><T30/><D51/><U39/><E39/><V12/><F12/><W108/><G108/><T65/><D65/><U23/><E117/><V16/><F43/><W113/><G36/><T104/><D30/><U74/><E74/><V110/><F38/><W83/><G83/><T67/><D67/><U7/><E134/><V97/><F110/><W133/><G19/><T85/><REACH who="0" step="1"/><D104/><REACH who="0" ten="171,240,339,240" step="2"/><U88/><E64/><V59/><F68/><W72/><G2/><T25/><D25/><U4/><E61/><V14/><F71/><W101/><G72/><T75/><D75/><U125/><E125/><V57/><F3/><W98/><G41/><T73/><D73/><U49/><E49/><V112/><F1/><W126/><G42/><T26/><D26/><U130/><E130/><V17/><F78/><W129/><G126/><RYUUKYOKU ba="0,1" sc="171,30,240,-10,339,-10,240,-10" hai0="32,33,48,52,60,62,63,85,87,89,91,92,94" /><INIT seed="3,1,1,1,3,11" ten="201,230,329,230" oya="3" hai0="71,90,91,14,6,111,9,65,87,21,82,42,100" hai1="54,34,8,96,36,134,104,22,89,56,60,38,109" hai2="93,18,102,78,92,70,35,110,120,68,50,19,127" hai3="62,106,15,125,121,53,16,101,119,12,49,74,32"/><W40/><G119/><T66/><D111/><U30/><E34/><V114/><F114/><W95/><G121/><T85/><D71/><U47/><E109/><V1/><F110/><W4/><G106/><T23/><D100/><U67/><E134/><V73/><F35/><W31/><G74/><T51/><D42/><U10/><E22/><N who="0" m="8201" /><D51/><U5/><E30/><V7/><F127/><W126/><G40/><T83/><AGARI ba="1,1" hai="6,9,14,65,66,82,83,85,87,90,91" m="8201" machi="83" ten="30,2000,0" yaku="8,1,52,1" doraHai="11" who="0" fromWho="0" sc="201,33,230,-6,329,-6,230,-11" owari="234,3.4,224,-17.6,323,42.3,219,-28.1" /></mjloggm>