<mjloggm ver="2.3"><GO type="225" lobby="0"/><UN n0="%E6%A1%9C%E8%8A%B1%E9%96%83%E3%80%85" n1="%72%69%6F%75%63%68%61%6E" n2="%E3%82%B3%E3%83%90%E3%83%AC%E3%82%A4" n3="%6D%75%75%73%61%6E%6D%75" dan="16,16,16,17" rate="2223.05,2148.20,2119.63,2190.65" sx="M,M,M,F"/><TAIKYOKU oya="0"/><INIT seed="0,0,0,0,4,36" ten="250,250,250,250" oya="0" hai0="60,62,87,86,42,6,41,58,105,8,109,59,9" hai1="112,10,40,73,1,50,55,17,53,31,4,124,51" hai2="76,81,21,94,90,119,102,57,12,116,46,70,107" hai3="101,99,7,37,126,27,29,44,96,77,106,131,85"/><T14/><D105/><U134/><E73/><V111/><F70/><W127/><G7/><T2/><D109/><U32/><E124/><N who="3" m="47658" /><G131/><T89/><D2/><U108/><E108/><V18/><F111/><W84/><G77/><T93/><D9/><U79/><E134/><V132/><F132/><W49/><G99/><T95/><D95/><U128/><E128/><V19/><F107/><W83/><G83/><T75/><D87/><U80/><E112/><V24/><F102/><W15/><G15/><T54/><D75/><U43/><E17/><V71/><F71/><W5/><G37/><T56/><D56/><U38/><E38/><V103/><F103/><W72/><G5/><T133/><D133/><U113/><E113/><V26/><F81/><W67/><G67/><AGARI ba="0,0" hai="6,8,14,41,42,54,58,59,60,62,67,86,89,93" machi="67" ten="30,11600,0" yaku="7,1,8,1,52,2" doraHai="36" who="0" fromWho="3" sc="250,116,250,0,250,0,250,-116" /><INIT seed="0,1,0,3,1,9" ten="366,250,250,134" oya="0" hai0="42,122,73,5,10,6,72,133,126,23,115,30,84" hai1="15,3,19,36,130,118,91,94,46,62,90,26,17" hai2="38,60,78,75,28,7,67,44,68,11,22,113,47" hai3="135,29,87,8,101,107,71,52,120,116,1,105,34"/><T41/><D115/><U111/><E118/><V119/><F119/><W59/><G116/><T99/><D122/><U76/><E3/><V66/><F113/><W2/><G120/><T14/><D126/><U57/><E111/><V16/><F28/><W69/><G135/><T61/><D133/><U43/><E130/><V95/><F67/><W127/><G127/><T129/><D129/><U12/><E76/><V108/><F108/><W103/><G29/><T0/><D84/><U13/><E26/><V64/><F64/><W102/><G34/><T49/><D61/><U63/><E63/><V39/><F39/><W104/><G87/><T123/><D99/><U131/><E131/><V25/><F38/><W98/><G8/><N who="0" m="4375" /><D49/><N who="1" m="26847" /><E90/><V97/><F78/><W32/><G32/><T24/><D123/><U121/><E36/><V100/><REACH who="2" step="1"/><F75/><REACH who="2" ten="366,250,240,134" step="2"/><W37/><G37/><T18/><D73/><U85/><E121/><V92/><F92/><W88/><G88/><T117/><D72/><U109/><E109/><V70/><F70/><W112/><G112/><T124/><D117/><U125/><E125/><V128/><F128/><W114/><G114/><T80/><D124/><U54/><AGARI ba="1,1" hai="12,13,15,17,19,54,57,62,85,91,94" m="26847" machi="54" ten="30,7900,0" yaku="8,1,52,3" doraHai="9" who="1" fromWho="1" sc="366,-40,250,92,240,-21,134,-21" /><INIT seed="1,0,0,2,1,94" ten="326,342,219,113" oya="1" hai0="109,58,85,10,129,89,88,115,14,90,13,126,42" hai1="116,32,35,56,45,48,99,114,29,101,7,51,2" hai2="128,87,24,36,71,93,72,20,76,8,1,34,60" hai3="127,49,39,121,54,123,3,74,67,133,43,112,84"/><U31/><E114/><V28/><F36/><W21/><G74/><T120/><D115/><U17/><E116/><V27/><F128/><W22/><G112/><T77/><D129/><U98/><E17/><V65/><F72/><W125/><G3/><T66/><D109/><U52/><E2/><V113/><F113/><W80/><G39/><T61/><D126/><U55/><E7/><V78/><F1/><W102/><G43/><T135/><D135/><U118/><E118/><V16/><F8/><W69/><G133/><T11/><D42/><U134/><E134/><V6/><F6/><W9/><G9/><N who="0" m="3083" /><D120/><U44/><E56/><V73/><F73/><W100/><G123/><T15/><D77/><U59/><E59/><V119/><F119/><W26/><G121/><T107/><D107/><U105/><E101/><V132/><F132/><W23/><G26/><T30/><D30/><U124/><E105/><V38/><F38/><W106/><G125/><AGARI ba="0,0" hai="29,31,32,35,44,45,48,51,52,55,98,99,124,125" machi="125" ten="25,12000,1" yaku="22,2,52,2,54,1" doraHai="94" who="1" fromWho="3" sc="326,0,342,120,219,0,113,-120" owari="326,12.6,462,56.2,219,-18.1,-7,-50.7" /></mjloggm>