<mjloggm ver="2.3"><GO type="225" lobby="0"/><UN n0="%E3%81%8B%E3%82%8F%E3%81%A1%E3%82%83%E3%82%93%35%38" n1="%E3%83%8F%E3%83%B3%E3%83%89%E3%83%A9%E3%83%BC%E3%83%BB%E3%83%AF%E3%83%B3" n2="%E6%81%A5%E6%99%92%E3%81%97" n3="%E3%82%B3%E3%83%90%E3%83%AC%E3%82%A4" dan="17,17,16,16" rate="2204.60,2241.95,2114.99,2071.74" sx="M,M,M,M"/><TAIKYOKU oya="0"/><INIT seed="0,0,0,5,2,127" ten="250,250,250,250" oya="0" hai0="62,48,57,67,122,76,14,128,46,77,72,54,74" hai1="45,39,10,86,114,113,3,19,42,53,94,34,105" hai2="41,30,91,103,55,109,6,81,73,124,18,82,96" hai3="51,108,102,64,75,44,89,88,1,131,116,37,52"/><T92/><D122/><U100/><E34/><V21/><F109/><W5/><G116/><T23/><D74/><U38/><E38/><V0/><F124/><W93/><G75/><T120/><D120/><U16/><E105/><V134/><F134/><W15/><G1/><T31/><D72/><U83/><E53/><V63/><F41/><W35/><G35/><T133/><D133/><U65/><E65/><V118/><F73/><W43/><G64/><T90/><D128/><U85/><E3/><V25/><F118/><W112/><G112/><N who="1" m="43114" /><E10/><V78/><F78/><W130/><G108/><T9/><D23/><U84/><E83/><V98/><F6/><W99/><G5/><T97/><REACH who="0" step="1"/><D31/><REACH who="0" ten="240,250,250,250" step="2"/><U33/><E33/><V59/><F30/><W69/><G69/><T61/><D61/><U70/><E70/><V7/><F0/><W56/><G15/><T2/><D2/><U47/><E47/><V71/><F71/><W22/><G22/><T24/><D24/><U101/><E101/><V36/><F25/><W29/><G29/><T125/><D125/><U104/><E104/><V110/><F21/><W40/><G102/><T132/><D132/><U13/><E13/><V17/><F103/><W115/><G115/><T26/><D26/><U28/><E28/><V117/><F117/><W66/><G131/><T49/><D49/><U32/><E32/><V60/><F63/><N who="3" m="38247" /><G130/><T123/><D123/><U107/><E107/><V50/><F60/><W111/><G37/><T79/><D79/><U11/><E11/><V119/><F36/><W8/><G111/><T129/><D129/><RYUUKYOKU ba="0,1" sc="240,15,250,15,250,-15,250,-15" hai0="9,14,46,48,54,57,62,67,76,77,90,92,97" hai1="16,19,39,42,45,84,85,86,94,100" /><INIT seed="0,1,1,1,1,68" ten="255,265,235,235" oya="0" hai0="49,71,130,121,116,135,66,99,126,87,35,8,78" hai1="17,42,103,80,2,104,108,62,112,58,48,102,36" hai2="123,30,91,127,31,29,81,50,20,94,77,11,132" hai3="38,39,53,56,34,75,57,93,13,6,97,18,9"/><T43/><D35/><U15/><E2/><V134/><F123/><W113/><G75/><T84/><D116/><U90/><E108/><V59/><F127/><W4/><G34/><T106/><D121/><U79/><E112/><V63/><F11/><W46/><G46/><N who="0" m="25823" /><D71/><U16/><E36/><V25/><F132/><W67/><G113/><T22/><D78/><U55/><E104/><V73/><F50/><W1/><G67/><T32/><D32/><U7/><E90/><V26/><F26/><W109/><G56/><T21/><D66/><U14/><E7/><V118/><F134/><W64/><G64/><T100/><D135/><U40/><E80/><V82/><F81/><W24/><G109/><T115/><D115/><U110/><E79/><V37/><F118/><W5/><G1/><T28/><D126/><U125/><E110/><V98/><F37/><W70/><G70/><T86/><D28/><U114/><E114/><V107/><F107/><W61/><REACH who="3" step="1"/><G24/><REACH who="3" ten="255,265,235,225" step="2"/><T27/><D27/><U41/><E125/><V101/><F101/><AGARI ba="1,2" hai="4,5,6,9,13,18,38,39,53,57,61,93,97,101" machi="101" ten="40,8000,1" yaku="1,1,2,1,52,2,53,0" doraHai="68" doraHaiUra="19" who="3" fromWho="2" sc="255,0,265,0,235,-83,225,103" /><INIT seed="1,0,0,5,5,3" ten="255,265,152,328" oya="1" hai0="34,84,70,8,126,4,78,7,94,111,11,12,66" hai1="135,23,61,28,21,130,133,96,100,50,53,71,14" hai2="32,6,121,39,68,88,43,110,13,101,85,127,86" hai3="25,74,31,122,22,115,1,134,119,93,116,79,87"/><U131/><E71/><V82/><F121/><W104/><G122/><T77/><D34/><U51/><E61/><V132/><F110/><W37/><G104/><T112/><D112/><U60/><E60/><V52/><F68/><W19/><G37/><T36/><D36/><U109/><E109/><V41/><F32/><W42/><G42/><T59/><D70/><U57/><E50/><V92/><F127/><W16/><G115/><T80/><D111/><U35/><E35/><V44/><F132/><N who="1" m="50761" /><E14/><V40/><F101/><W102/><G134/><T83/><D126/><U38/><E38/><V114/><F114/><W54/><G1/><T103/><D59/><U76/><E76/><N who="2" m="46279" /><F39/><W98/><G74/><T48/><D48/><U56/><E56/><V49/><F40/><W5/><G54/><T124/><D124/><U90/><E90/><V69/><F69/><W106/><G79/><T45/><D45/><U72/><E72/><V89/><F89/><W75/><G75/><T118/><D118/><U67/><E67/><V97/><F97/><W117/><G87/><N who="0" m="48527" /><D66/><U63/><E63/><V81/><F92/><W15/><G93/><T29/><D94/><N who="1" m="58391" /><E28/><V62/><F62/><W128/><G119/><T58/><D103/><U33/><E33/><V9/><AGARI ba="0,0" hai="6,9,13,41,43,44,49,52,81,86,88" m="46279" machi="9" ten="30,7900,0" yaku="8,1,52,1,54,2" doraHai="3" who="2" fromWho="2" sc="255,-20,265,-39,152,79,328,-20" /><INIT seed="2,0,0,0,3,105" ten="235,226,231,308" oya="2" hai0="85,60,87,30,24,89,122,72,115,39,38,31,84" hai1="118,4,104,80,3,68,35,134,61,100,15,71,110" hai2="28,9,47,14,95,63,132,67,131,120,0,10,22" hai3="20,5,119,43,40,69,133,77,44,123,135,75,55"/><V18/><F120/><W58/><G69/><T79/><D122/><U64/><E118/><V42/><F131/><W108/><G123/><T52/><D115/><U126/><E110/><V51/><F132/><N who="3" m="50763" /><G108/><T21/><D31/><U96/><E134/><V49/><F0/><W128/><G119/><T17/><D30/><U1/><E126/><V90/><F51/><W62/><G5/><T66/><D89/><U27/><E71/><V93/><F28/><W45/><G20/><T26/><D26/><U2/><E80/><V101/><F101/><W25/><G25/><T50/><D79/><U125/><E125/><V91/><F63/><W112/><G112/><T59/><REACH who="0" step="1"/><D72/><REACH who="0" ten="225,226,231,308" step="2"/><U117/><E117/><V13/><F67/><W82/><G128/><T33/><D33/><U19/><E35/><V114/><F114/><W83/><G82/><T127/><D127/><U29/><E29/><V12/><F10/><W78/><G77/><T113/><D113/><U57/><E27/><N who="2" m="14807" /><F9/><W32/><G32/><T23/><D23/><U94/><E68/><AGARI ba="0,1" hai="17,21,24,38,39,50,52,59,60,66,68,84,85,87" machi="68" ten="40,5200,0" yaku="1,1,54,1,53,1" doraHai="105" doraHaiUra="56" who="0" fromWho="1" sc="225,62,226,-52,231,0,308,0" /><INIT seed="3,0,0,0,5,24" ten="287,174,231,308" oya="3" hai0="41,68,2,15,96,64,47,26,85,48,79,66,67" hai1="135,76,51,107,62,35,69,18,50,60,75,20,0" hai2="128,113,57,27,124,95,118,13,88,1,90,8,19" hai3="44,58,45,71,131,46,30,22,40,63,7,104,5"/><W121/><G104/><T82/><D2/><U73/><E35/><V33/><F118/><W105/><G105/><T36/><D36/><U56/><E135/><V98/><F113/><W134/><G134/><T87/><D96/><U16/><E107/><V70/><F70/><W21/><G121/><T37/><D37/><U11/><E69/><V102/><F124/><W17/><G71/><T12/><D68/><U14/><E62/><V4/><F128/><W116/><G40/><T110/><D110/><U94/><E94/><V38/><F38/><W34/><G34/><T92/><D26/><U111/><E111/><V29/><F57/><W93/><G131/><T115/><D115/><U103/><E103/><V127/><F127/><W130/><G130/><T49/><D49/><U72/><E76/><V89/><F102/><W132/><G93/><T32/><D32/><U31/><E31/><V9/><AGARI ba="0,0" hai="1,4,8,9,13,19,27,29,33,88,89,90,95,98" machi="9" ten="20,5200,0" yaku="0,1,7,1,52,1,54,1" doraHai="24" who="2" fromWho="2" sc="287,-13,174,-13,231,52,308,-26" /><INIT seed="4,0,0,1,0,66" ten="274,161,283,282" oya="0" hai0="60,89,114,39,34,41,48,35,91,29,5,23,14" hai1="64,59,92,81,19,46,71,49,4,26,121,15,95" hai2="47,54,87,69,40,36,32,102,78,17,135,8,94" hai3="38,44,118,61,125,55,86,122,123,130,84,11,77"/><T65/><D39/><U119/><E119/><V2/><F32/><W124/><G118/><T132/><D114/><U88/><E121/><N who="3" m="46090" /><G77/><T117/><D117/><U16/><E71/><V106/><F135/><W98/><G130/><T127/><D132/><U73/><E73/><V37/><F106/><W85/><G11/><N who="0" m="4463" /><D34/><U83/><E95/><V56/><F102/><W45/><G38/><T30/><D35/><U99/><E4/><V42/><F69/><W80/><G80/><N who="1" m="30794" /><E26/><V131/><F78/><W75/><G75/><T31/><D127/><N who="3" m="48713" /><G98/><T108/><D108/><U1/><E1/><V70/><F131/><W82/><G82/><T0/><D0/><U134/><E134/><V120/><F120/><W109/><G109/><T72/><D72/><U101/><E101/><V126/><F2/><W116/><G116/><T51/><D23/><U63/><E15/><N who="2" m="7399" /><F126/><W68/><G68/><T33/><D33/><U62/><E62/><N who="2" m="36119" /><F70/><W67/><G67/><T110/><D110/><U129/><E129/><V79/><F79/><W105/><G105/><T50/><D41/><AGARI ba="0,0" hai="16,19,41,46,49,59,63,64,88,92,99" m="30794" machi="41" ten="30,3900,0" yaku="8,1,54,2" doraHai="66" who="1" fromWho="0" sc="274,-39,161,39,283,0,282,0" /><INIT seed="5,0,0,1,3,25" ten="235,200,283,282" oya="1" hai0="118,12,102,61,113,65,5,111,115,75,90,128,31" hai1="14,39,68,51,99,16,76,53,74,120,33,89,32" hai2="21,58,103,104,116,66,64,70,49,43,98,59,41" hai3="38,9,106,110,125,81,26,3,73,88,129,27,108"/><U119/><E119/><V22/><F116/><W122/><G106/><T42/><D118/><U85/><E120/><V18/><F22/><W62/><G122/><T44/><D111/><U10/><E39/><V83/><F83/><W96/><G38/><T57/><D75/><U69/><E74/><V23/><F23/><W30/><G26/><T82/><D128/><U93/><E76/><V11/><F11/><W28/><G129/><T101/><D5/><U6/><E99/><V45/><F66/><W130/><G130/><T95/><D12/><U36/><E36/><V121/><F121/><W117/><G117/><T54/><D65/><U29/><E6/><V2/><F41/><W114/><G114/><N who="0" m="43531" /><D82/><U131/><E131/><V48/><F2/><W100/><G3/><T107/><D107/><U0/><E0/><V13/><REACH who="2" step="1"/><F49/><REACH who="2" ten="235,200,273,282" step="2"/><W84/><G110/><T63/><D63/><AGARI ba="0,1" hai="13,18,21,43,45,48,58,59,63,64,70,98,103,104" machi="63" ten="40,2600,0" yaku="1,1,2,1,53,0" doraHai="25" doraHaiUra="132" who="2" fromWho="0" sc="235,-26,200,0,273,36,282,0" owari="209,-19.1,200,-30.0,309,40.9,282,8.2" /></mjloggm>