<mjloggm ver="2.3"><GO type="225" lobby="0"/><UN n0="%E3%82%B7%E3%83%A5%E3%83%9E%E3%82%A4%E3%82%B1%E3%83%AB" n1="%E3%81%93%E3%81%8F%E3%82%89%E3%82%AB%E3%83%90%E8%94%B5" n2="%E9%BB%99%E8%81%B4%E3%81%AE%E3%81%99%E3%82%9D%E3%82%81" n3="%E3%80%90%E3%83%88%E3%83%AA%E3%83%A5%E3%83%95%E3%80%91" dan="16,16,16,16" rate="2155.86,2090.60,2158.59,2114.49" sx="M,M,M,M"/><TAIKYOKU oya="0"/><INIT seed="0,0,0,5,5,50" ten="250,250,250,250" oya="0" hai0="19,107,80,3,79,118,123,127,121,28,83,68,86" hai1="4,55,52,125,24,85,77,119,102,41,120,31,101" hai2="32,37,103,26,70,8,12,106,67,75,99,113,39" hai3="104,92,130,51,88,9,72,66,30,0,61,15,45"/><T36/><D118/><U2/><E119/><V116/><F75/><W5/><G130/><T29/><D107/><U56/><E120/><V60/><F113/><W25/><G104/><T1/><D36/><U110/><E41/><V73/><F73/><W20/><G72/><T133/><D68/><U95/><E110/><V44/><F44/><W93/><G0/><T97/><D97/><N who="1" m="59583" /><E2/><V48/><F48/><W87/><G61/><T114/><D19/><U135/><E125/><V13/><F13/><W62/><G62/><T49/><D49/><U34/><E34/><V71/><F71/><W10/><G10/><T74/><D127/><U33/><E33/><V64/><F64/><W17/><G66/><T112/><D74/><U89/><E135/><V111/><F111/><W22/><G22/><T18/><D18/><U115/><E115/><V131/><F131/><W81/><REACH who="3" step="1"/><G5/><REACH who="3" ten="250,250,250,240" step="2"/><T91/><D133/><U108/><E4/><N who="2" m="3079" /><F116/><W94/><G94/><T126/><D126/><U105/><E108/><V16/><F32/><W14/><G14/><T59/><D1/><U78/><E105/><V40/><F106/><W63/><G63/><T42/><D3/><U65/><E65/><V27/><F67/><W117/><G117/><T84/><D112/><U54/><E56/><V98/><F60/><W23/><G23/><T109/><D114/><U124/><E124/><V11/><F70/><W96/><G96/><T128/><D109/><U122/><E122/><V43/><F99/><W21/><G21/><T57/><D128/><U76/><E24/><N who="2" m="9259" /><F98/><W58/><G58/><T82/><D59/><RYUUKYOKU ba="0,1" sc="250,-10,250,-10,250,-10,240,30" hai3="9,15,17,20,25,30,45,51,81,87,88,92,93" /><INIT seed="1,1,1,5,2,83" ten="240,240,240,270" oya="1" hai0="129,19,51,7,41,23,116,24,48,85,108,69,59" hai1="38,45,61,112,56,60,118,17,122,30,22,3,66" hai2="29,106,37,10,8,132,11,75,87,98,21,117,31" hai3="127,71,107,128,126,135,1,12,34,47,49,104,101"/><U44/><E112/><V86/><F75/><W124/><G1/><T123/><D69/><U96/><E118/><V95/><F37/><W25/><G71/><T57/><D116/><U67/><E122/><V26/><F106/><W16/><G101/><T72/><D72/><U6/><E38/><V9/><F132/><W133/><G128/><T125/><D123/><U109/><E109/><V70/><F70/><W20/><G34/><T94/><D129/><U121/><E121/><V103/><N who="2" m="2048" /><DORA hai="134" /><V52/><F117/><W115/><G115/><T93/><D7/><U63/><E3/><V82/><F52/><N who="3" m="29759" /><G12/><T18/><D108/><U46/><E6/><V62/><F62/><W14/><G14/><T55/><D125/><U105/><E30/><N who="2" m="11275" /><F82/><W89/><G89/><T35/><D35/><U2/><E2/><V33/><F33/><W91/><G91/><T78/><D18/><AGARI ba="1,1" hai="18,21,26,86,87,95,98,103" m="11275,2048" machi="18" ten="40,5200,0" yaku="8,1,52,2" doraHai="83,134" who="2" fromWho="0" sc="240,-55,240,0,240,65,270,0" /><INIT seed="2,0,0,3,0,34" ten="185,240,305,270" oya="2" hai0="42,43,93,17,115,74,59,84,130,83,75,0,68" hai1="57,4,5,65,12,13,104,113,36,58,100,96,125" hai2="16,51,102,128,127,1,29,103,108,35,6,37,118" hai3="19,109,70,39,131,85,32,66,129,76,8,71,90"/><V79/><F37/><W41/><G109/><T55/><D68/><U124/><E36/><V101/><F118/><W132/><G32/><T112/><D130/><N who="3" m="49673" /><G76/><T92/><D17/><U15/><E113/><V78/><F127/><N who="1" m="48713" /><E65/><V106/><F106/><W120/><G120/><T122/><D122/><U67/><E67/><V116/><F116/><W40/><G132/><T80/><D59/><AGARI ba="0,0" hai="4,5,12,13,15,57,58,59,96,100,104" m="48713" machi="59" ten="30,1000,0" yaku="18,1" doraHai="34" who="1" fromWho="0" sc="185,-10,240,10,305,0,270,0" /><INIT seed="3,0,0,4,5,61" ten="175,250,305,270" oya="3" hai0="57,101,48,45,11,71,47,51,85,65,132,128,79" hai1="115,69,40,134,88,33,131,68,20,53,109,100,62" hai2="35,129,26,94,15,21,133,84,1,118,76,112,44" hai3="18,60,25,16,39,12,89,107,28,52,86,7,72"/><W111/><G107/><T114/><D128/><U14/><E33/><V102/><F1/><W80/><G39/><T0/><D132/><U98/><E115/><V91/><F118/><W63/><G72/><T103/><D114/><U117/><E131/><V125/><F125/><W77/><G111/><T96/><D71/><U58/><E134/><V59/><F133/><W108/><G108/><T97/><D0/><U49/><E117/><V124/><F124/><W10/><G77/><T92/><D11/><U121/><E121/><V3/><F3/><W19/><REACH who="3" step="1"/><G52/><REACH who="3" ten="175,250,305,260" step="2"/><T46/><D79/><U67/><E109/><V36/><F36/><W2/><G2/><T127/><D127/><U37/><E37/><V90/><F76/><W116/><G116/><T23/><D23/><AGARI ba="0,1" hai="7,10,12,16,18,19,23,25,28,60,63,80,86,89" machi="23" ten="40,12000,1" yaku="1,1,8,1,54,1,53,1" doraHai="61" doraHaiUra="4" who="3" fromWho="0" sc="175,-120,250,0,305,0,260,130" owari="55,-44.5,250,-15.0,305,10.5,390,49.0" /></mjloggm>