<mjloggm ver="2.3"><GO type="225" lobby="0"/><UN n0="%E3%81%BF%E3%81%BF%E3%81%9A" n1="%E3%82%A2%E3%83%A1%E3%82%A2%E3%83%A9%E3%83%AC" n2="%E6%A1%9C%E8%8A%B1%E9%96%83%E3%80%85" n3="%E3%81%A8%E3%82%89%E3%81%84%E3%81%A1" dan="18,16,16,16" rate="2262.48,2174.05,2207.06,2126.71" sx="M,M,M,M"/><TAIKYOKU oya="0"/><INIT seed="0,0,0,3,5,110" ten="250,250,250,250" oya="0" hai0="108,135,127,67,112,131,19,126,47,104,25,43,11" hai1="118,3,6,35,49,84,109,111,31,87,33,76,63" hai2="64,56,62,103,75,41,101,2,9,1,119,122,98" hai3="77,128,27,14,93,46,116,58,115,52,129,18,107"/><T94/><D104/><U71/><E118/><V60/><F122/><W125/><G116/><T70/><D108/><N who="1" m="41547" /><E49/><V134/><F119/><W54/><G107/><T72/><D72/><U130/><E130/><N who="3" m="50282" /><G125/><N who="0" m="47627" /><D131/><U13/><E3/><V0/><F134/><W73/><G27/><T24/><D135/><U97/><E97/><V57/><F75/><W106/><G106/><T79/><D79/><U92/><E92/><V32/><F32/><N who="1" m="12361" /><E31/><V66/><F41/><W100/><G93/><T38/><D112/><U121/><E76/><V114/><F114/><W40/><G115/><T42/><D42/><U82/><E82/><V23/><F23/><N who="3" m="11735" /><G100/><T10/><D94/><U30/><E30/><V15/><REACH who="2" step="1"/><F98/><REACH who="2" ten="250,250,240,250" step="2"/><W117/><G117/><T22/><D24/><U53/><E121/><V55/><F55/><W21/><G21/><T83/><D83/><U105/><E53/><V96/><F96/><W81/><G58/><T123/><D123/><U34/><E34/><V80/><F80/><W8/><G8/><T78/><D10/><N who="1" m="4311" /><E105/><V59/><F59/><W28/><G28/><T90/><D11/><U95/><E95/><V74/><F74/><W88/><G54/><T113/><D113/><U133/><E133/><V99/><F99/><W26/><G52/><T132/><D132/><U20/><E20/><V7/><AGARI ba="0,1" hai="0,1,2,7,9,15,56,57,60,62,64,66,101,103" machi="7" ten="30,4000,0" yaku="1,1,0,1,9,1,53,0" doraHai="110" doraHaiUra="86" who="2" fromWho="2" sc="250,-20,250,-10,240,50,250,-10" /><INIT seed="1,0,0,4,1,2" ten="230,240,290,240" oya="1" hai0="103,131,42,76,86,108,98,116,105,45,83,122,78" hai1="120,123,35,117,19,55,32,93,81,113,109,8,6" hai2="38,16,107,5,57,100,50,7,119,40,85,114,60" hai3="47,84,125,1,53,82,43,49,90,130,56,27,87"/><U74/><E113/><V31/><F119/><W69/><G130/><T11/><D116/><U132/><E117/><V71/><F114/><W112/><G112/><T39/><D131/><U17/><E132/><V99/><F31/><W41/><G125/><T68/><D108/><U126/><E126/><V97/><F38/><W72/><G69/><T111/><D111/><U46/><E109/><V51/><F71/><W115/><G72/><T37/><D122/><U36/><E93/><N who="2" m="58415" /><F99/><W13/><G1/><T0/><D68/><U67/><E67/><N who="2" m="39311" /><F107/><W124/><G115/><T9/><D39/><U20/><E120/><V79/><F40/><W129/><G129/><T15/><D0/><N who="1" m="71" /><E55/><V95/><F16/><N who="1" m="6217" /><E20/><V4/><F95/><W121/><G121/><T18/><REACH who="0" step="1"/><D76/><REACH who="0" ten="220,240,290,240" step="2"/><N who="1" m="44183" /><E123/><V70/><F70/><W54/><G124/><T64/><D64/><U34/><E32/><V24/><F24/><W33/><G27/><T52/><D52/><U80/><E80/><AGARI ba="0,1" hai="4,5,7,50,51,79,80,85" m="39311,58415" machi="80" ten="30,7700,0" yaku="8,1,52,3" doraHai="2" who="2" fromWho="1" sc="220,0,240,-77,290,87,240,0" /><INIT seed="2,0,0,5,2,98" ten="220,163,377,240" oya="2" hai0="8,117,16,4,65,122,71,47,69,60,131,114,58" hai1="110,80,123,75,124,41,82,43,83,21,70,130,111" hai2="2,11,96,54,38,30,48,78,112,17,89,127,64" hai3="5,84,87,90,45,76,33,129,13,86,99,22,42"/><V25/><F112/><W95/><G33/><T67/><D122/><U85/><E70/><V15/><F38/><W125/><G129/><T97/><D114/><U40/><E130/><V46/><F127/><W52/><G125/><T7/><D131/><U1/><E124/><V120/><F120/><W62/><G76/><T9/><D117/><U57/><E123/><V63/><F2/><W119/><G119/><T91/><D47/><U106/><E1/><V18/><F78/><W77/><G77/><T94/><D67/><U19/><E106/><V3/><F3/><W135/><G135/><T73/><D73/><U56/><E85/><V31/><F89/><W79/><G79/><T0/><D16/><U118/><E118/><V66/><F96/><W121/><G121/><T61/><D61/><U50/><E50/><V20/><REACH who="2" step="1"/><F66/><REACH who="2" ten="220,163,367,240" step="2"/><W49/><G99/><T128/><D128/><U37/><E37/><V23/><F23/><W26/><G22/><T81/><D81/><U133/><E75/><V103/><F103/><W74/><G74/><T27/><D27/><U116/><E116/><V10/><F10/><N who="3" m="4303" /><G26/><T132/><D132/><U72/><E72/><V53/><F53/><W134/><G134/><T68/><D0/><U29/><E133/><V109/><F109/><W34/><G34/><T59/><D8/><U44/><E110/><V24/><F24/><W113/><G113/><T104/><D9/><U115/><E111/><V102/><F102/><W14/><G14/><T32/><D32/><U35/><E115/><V93/><F93/><W108/><G108/><T55/><D104/><RYUUKYOKU ba="0,1" sc="220,10,163,-30,367,10,240,10" hai0="4,7,55,58,59,60,65,68,69,71,91,94,97" hai2="11,15,17,18,20,25,30,31,46,48,54,63,64" hai3="42,45,49,52,62,84,86,87,90,95" /><INIT seed="2,1,1,2,0,104" ten="230,133,377,250" oya="2" hai0="6,89,91,124,77,84,87,120,67,49,37,53,43" hai1="15,125,88,23,113,103,66,82,95,24,21,7,33" hai2="112,123,1,25,94,93,59,55,127,29,81,102,90" hai3="34,117,4,79,132,135,61,111,30,20,54,134,45"/><V10/><F112/><W2/><G117/><T133/><D120/><U16/><E125/><V126/><F123/><W76/><G111/><T86/><D124/><N who="2" m="47658" /><F102/><W9/><G34/><T96/><D133/><U119/><E119/><V0/><F81/><W47/><G61/><T65/><D37/><U71/><E113/><V60/><F10/><W122/><G122/><T70/><D43/><U80/><E33/><N who="2" m="20655" /><F94/><W12/><G2/><T26/><D6/><U73/><E103/><V46/><F46/><N who="3" m="17419" /><G54/><T78/><D26/><AGARI ba="1,1" hai="4,9,12,20,26,30,76,79,132,134,135" m="17419" machi="26" ten="40,1300,0" yaku="20,1" doraHai="104" who="3" fromWho="0" sc="230,-16,133,0,377,0,250,26" /><INIT seed="3,0,0,0,2,76" ten="214,133,377,276" oya="3" hai0="119,24,26,78,86,91,58,89,115,46,104,0,70" hai1="103,69,50,124,40,55,22,21,31,13,112,67,16" hai2="111,135,11,57,109,12,75,48,61,108,126,27,125" hai3="129,120,8,99,7,110,60,6,32,20,36,25,35"/><W107/><G36/><T73/><D70/><U134/><E134/><V30/><F48/><W10/><G60/><T90/><D119/><U4/><E124/><N who="2" m="47723" /><F75/><W114/><G99/><T80/><D0/><U33/><E112/><V41/><F41/><W29/><G107/><T98/><D115/><U68/><E40/><V45/><F45/><W95/><G95/><T128/><D46/><U34/><E103/><V65/><F135/><W3/><G114/><T5/><D5/><U130/><E130/><V71/><F71/><W97/><G97/><T101/><D128/><U85/><E68/><V102/><F102/><W117/><G129/><T44/><D44/><U83/><E4/><N who="2" m="3175" /><F111/><W105/><G105/><T47/><D47/><U62/><E22/><AGARI ba="0,0" hai="22,27,30,57,61,65,108,109" m="3175,47723" machi="22" ten="30,1000,0" yaku="18,1" doraHai="76" who="2" fromWho="1" sc="214,0,133,-10,377,10,276,0" owari="214,-18.6,123,-37.7,387,48.7,276,7.6" /></mjloggm>