<mjloggm ver="2.3"><GO type="225" lobby="0"/><UN n0="%E3%82%A2%E3%83%A1%E3%82%A2%E3%83%A9%E3%83%AC" n1="%E3%80%93%E3%81%97%E3%83%BC%E3%82%89%E3%80%93" n2="%79%75%72%69%6D%6F%67" n3="%6D%75%75%73%61%6E%6D%75" dan="16,16,16,17" rate="2155.78,2192.80,2153.27,2189.25" sx="M,M,F,F"/><TAIKYOKU oya="0"/><INIT seed="0,0,0,1,4,40" ten="250,250,250,250" oya="0" hai0="29,42,101,46,103,61,125,91,68,64,135,1,70" hai1="121,59,130,12,98,87,96,48,120,108,132,114,76" hai2="82,83,13,72,89,93,122,81,117,24,60,9,3" hai3="92,31,128,30,58,5,126,109,4,133,113,14,33"/><T54/><D135/><U49/><E132/><V124/><F3/><W16/><G133/><T85/><D125/><U94/><E108/><V95/><F60/><W105/><G105/><T110/><D70/><U97/><E130/><V88/><F122/><W2/><G109/><T21/><D1/><U99/><E114/><V50/><F72/><W118/><G113/><T111/><D54/><U86/><E121/><V79/><F24/><W75/><G75/><T25/><D110/><U27/><E120/><V74/><F117/><W47/><G118/><T84/><D111/><U131/><E131/><V34/><F34/><W45/><G2/><T38/><REACH who="0" step="1"/><D84/><REACH who="0" ten="240,250,250,250" step="2"/><U102/><E87/><N who="2" m="52383" /><F74/><W41/><G126/><T19/><D19/><U39/><E86/><N who="2" m="52663" /><F124/><W106/><G128/><T134/><D134/><U7/><E99/><V55/><F79/><W78/><G78/><T8/><D8/><U127/><E97/><V115/><F115/><W119/><G119/><T18/><D18/><U69/><E98/><V51/><F55/><W28/><G16/><AGARI ba="0,1" hai="9,13,16,50,51,81,82,83" m="52663,52383" machi="16" ten="30,3900,0" yaku="8,1,54,2" doraHai="40" who="2" fromWho="3" sc="240,0,250,0,250,49,250,-39" /><INIT seed="1,0,0,3,3,7" ten="240,250,299,211" oya="1" hai0="16,107,85,22,133,128,99,100,80,3,77,9,129" hai1="45,111,0,35,27,5,106,122,126,23,42,123,116" hai2="48,30,96,31,90,66,69,34,33,104,1,127,92" hai3="71,118,124,38,20,94,4,130,19,114,93,95,73"/><U63/><E106/><V24/><F127/><W56/><G114/><T18/><D133/><U121/><E63/><V55/><F31/><W25/><G71/><T11/><D18/><N who="1" m="12791" /><E45/><V78/><F1/><W13/><G124/><T32/><D32/><U46/><E46/><V98/><F78/><W108/><G108/><T131/><REACH who="0" step="1"/><D3/><REACH who="0" ten="230,250,299,211" step="2"/><U28/><E126/><V10/><F34/><W67/><G19/><T2/><D2/><U54/><E0/><V119/><F119/><W61/><G118/><T109/><D109/><U72/><E111/><V44/><F69/><W125/><G125/><T112/><D112/><U57/><E35/><V12/><F66/><W62/><G67/><T113/><D113/><U75/><E116/><V115/><F115/><W65/><G65/><T52/><D52/><U50/><E54/><V49/><F55/><W21/><G130/><T29/><D29/><U58/><E28/><V134/><F134/><W103/><G21/><T79/><D79/><U59/><E122/><V39/><F30/><W43/><G20/><T53/><D53/><U101/><E121/><V36/><F33/><W102/><G13/><AGARI ba="0,1" hai="9,11,13,16,22,77,80,85,99,100,107,128,129,131" machi="13" ten="40,8000,1" yaku="1,1,19,1,52,2,54,1,53,0" doraHai="7" doraHaiUra="68" who="0" fromWho="3" sc="230,90,250,0,299,0,211,-80" /><INIT seed="2,0,0,5,1,43" ten="320,250,299,131" oya="2" hai0="115,102,82,65,57,70,71,13,119,14,114,11,20" hai1="111,68,37,126,74,60,49,24,129,135,3,7,2" hai2="19,79,30,18,59,108,122,1,46,27,75,8,17" hai3="80,39,56,90,6,44,58,33,94,124,89,0,112"/><V117/><F117/><W4/><G124/><T5/><D119/><U96/><E96/><V84/><F122/><W125/><G33/><T106/><D57/><U62/><E49/><V100/><F75/><W95/><G125/><T28/><D82/><U63/><E24/><V107/><F107/><W113/><G80/><T41/><D41/><U127/><E7/><V76/><F100/><W42/><G0/><T66/><D102/><U86/><E63/><V22/><F84/><W88/><G6/><T85/><D85/><U15/><E86/><V109/><F59/><W38/><G4/><T123/><D5/><U45/><E74/><V105/><F1/><W29/><G29/><T9/><D28/><U31/><E31/><V67/><F67/><W116/><G116/><T51/><D20/><U40/><E68/><V52/><F105/><W73/><G73/><T104/><D51/><U87/><E2/><V69/><F8/><W64/><G39/><T93/><D93/><U48/><E3/><V110/><F69/><W131/><G131/><T72/><D72/><U35/><E37/><V132/><F132/><W130/><G130/><T120/><AGARI ba="0,0" hai="9,11,13,14,65,66,70,71,104,106,114,115,120,123" machi="120" ten="25,3200,0" yaku="0,1,22,2" doraHai="43" who="0" fromWho="0" sc="320,32,250,-8,299,-16,131,-8" /><INIT seed="3,0,0,0,4,120" ten="352,242,283,123" oya="3" hai0="118,76,103,33,95,98,134,52,93,42,83,121,70" hai1="32,62,8,10,119,60,40,100,97,56,59,0,87" hai2="26,28,41,122,127,75,65,108,80,20,49,113,91" hai3="69,102,129,47,123,126,23,130,90,64,51,29,7"/><W67/><G123/><T109/><D109/><U105/><E32/><V86/><F113/><W1/><G126/><T11/><D70/><U84/><E119/><V54/><F127/><W117/><G117/><T31/><D121/><U99/><E105/><V85/><F75/><W25/><G102/><T58/><D42/><U2/><E40/><V16/><F41/><W106/><G106/><T12/><D134/><U18/><E18/><V63/><F108/><W133/><G133/><T30/><D95/><U13/><E13/><V46/><F122/><W36/><G36/><T50/><D33/><U17/><E17/><V112/><F112/><W43/><G90/><T92/><D92/><U101/><AGARI ba="0,0" hai="0,2,8,10,56,59,60,62,84,87,97,99,100,101" machi="101" ten="25,3200,0" yaku="0,1,22,2" doraHai="120" who="1" fromWho="1" sc="352,-8,242,32,283,-8,123,-16" owari="344,44.4,274,-12.6,275,7.5,107,-39.3" /></mjloggm>