<mjloggm ver="2.3"><GO type="225" lobby="0"/><UN n0="%E3%81%B5%E3%81%98%E3%81%8B%E3%81%A4" n1="%E5%A4%9C%E5%85%89%E5%A4%A9%E6%A5%BC" n2="%77%72%77%72%77%72%77%72" n3="%E3%81%BF%E3%81%BF%E3%81%9A" dan="16,17,17,18" rate="2165.23,2176.36,2148.24,2221.82" sx="M,M,M,M"/><TAIKYOKU oya="0"/><INIT seed="0,0,0,1,0,131" ten="250,250,250,250" oya="0" hai0="130,129,38,52,96,17,25,40,99,49,2,126,73" hai1="123,84,122,66,13,90,135,86,82,104,5,134,59" hai2="23,7,68,6,24,113,74,53,37,33,124,50,97" hai3="120,101,70,108,32,9,72,65,67,80,42,116,43"/><T105/><D2/><U85/><E104/><V114/><F74/><W3/><G116/><T89/><D73/><U30/><E30/><V56/><F33/><W87/><G32/><T45/><D126/><U103/><E103/><V20/><F124/><W47/><G72/><T100/><D89/><U79/><E66/><V112/><F37/><W4/><G108/><T119/><D119/><U111/><E59/><V94/><F68/><W12/><G120/><N who="1" m="46122" /><E111/><V34/><F34/><W10/><G101/><T83/><D83/><N who="1" m="47231" /><E13/><V61/><F50/><W16/><G70/><T29/><D99/><U1/><E5/><V63/><F63/><W39/><REACH who="3" step="1"/><G43/><REACH who="3" ten="250,250,250,240" step="2"/><T118/><D118/><U51/><E1/><V57/><F114/><W78/><AGARI ba="0,1" hai="3,4,9,10,12,16,39,42,47,65,67,78,80,87" machi="78" ten="20,8000,1" yaku="1,1,2,1,0,1,7,1,54,1,53,0" doraHai="131" doraHaiUra="22" who="3" fromWho="3" sc="250,-40,250,-20,250,-20,240,90" /><INIT seed="1,0,0,4,1,101" ten="210,230,230,330" oya="1" hai0="93,46,116,114,118,89,73,68,58,57,67,22,3" hai1="110,120,52,43,124,5,87,78,0,75,63,74,25" hai2="42,88,98,95,24,132,7,127,33,9,113,96,23" hai3="133,55,41,111,92,79,2,76,31,81,126,18,13"/><U71/><E120/><V130/><F132/><W115/><G2/><T54/><D114/><U17/><E124/><V48/><F127/><W14/><G126/><T51/><D73/><U34/><E43/><V26/><F113/><W60/><G133/><T69/><D3/><U65/><E110/><V37/><F130/><W27/><G111/><T99/><D22/><U128/><E128/><V129/><F129/><W84/><G115/><T66/><D89/><U102/><E102/><V83/><F37/><W64/><G41/><T77/><D77/><U59/><E87/><V82/><F33/><W28/><G79/><T97/><D93/><U16/><E75/><V85/><F98/><W15/><G92/><T19/><D19/><U62/><E5/><V39/><F39/><W53/><G18/><T11/><D11/><U100/><E100/><V21/><F83/><W108/><G108/><T135/><D135/><U106/><E106/><V45/><F24/><W91/><G76/><T107/><D107/><U50/><E50/><V6/><F6/><W40/><G40/><N who="0" m="25031" /><D97/><U10/><E10/><V121/><F121/><W38/><G38/><T70/><D99/><U20/><E34/><V1/><REACH who="2" step="1"/><F26/><REACH who="2" ten="210,230,220,330" step="2"/><W35/><REACH who="3" step="1"/><G31/><REACH who="3" ten="210,230,220,320" step="2"/><T44/><D118/><U72/><E0/><V8/><F8/><W49/><G49/><N who="0" m="28967" /><D116/><U122/><E122/><V12/><F12/><W117/><G117/><T32/><D32/><U4/><E4/><V94/><F94/><W104/><G104/><T61/><D61/><U105/><E105/><V131/><F131/><W134/><G134/><T103/><D103/><AGARI ba="0,2" hai="1,7,9,21,23,42,45,48,82,85,88,95,96,103" machi="103" ten="30,7700,0" yaku="1,1,6,1,7,1,54,1,53,0" doraHai="101" doraHaiUra="29" who="2" fromWho="0" sc="210,-77,230,0,220,97,320,0" /><INIT seed="2,0,0,0,4,111" ten="133,230,317,320" oya="2" hai0="58,67,129,94,124,54,115,1,2,66,107,64,69" hai1="123,77,51,81,130,92,78,14,128,127,20,17,49" hai2="52,35,119,40,33,125,6,34,118,106,91,108,112" hai3="86,53,99,7,120,13,60,15,122,28,8,42,93"/><V3/><F112/><W105/><G42/><T89/><D107/><U23/><E127/><V59/><F125/><W101/><G28/><T26/><D124/><U39/><E39/><V74/><F74/><W121/><G60/><T100/><D129/><N who="1" m="49771" /><E123/><V90/><F106/><W102/><G53/><T5/><D115/><U30/><E92/><V46/><F108/><W82/><G102/><T104/><D69/><U65/><E65/><V22/><F22/><W133/><G133/><T57/><D26/><N who="1" m="16735" /><E78/><V114/><F114/><W103/><G103/><T73/><D73/><AGARI ba="0,0" hai="14,17,20,49,51,73,77,81" m="16735,49771" machi="73" ten="30,1000,0" yaku="19,1" doraHai="111" who="1" fromWho="0" sc="133,-10,230,10,317,0,320,0" /><INIT seed="3,0,0,5,3,69" ten="123,240,317,320" oya="3" hai0="35,128,123,30,20,14,65,96,63,22,126,124,1" hai1="92,34,15,105,99,76,117,5,121,75,112,50,74" hai2="122,129,88,66,48,60,61,70,110,127,104,111,68" hai3="39,53,125,62,106,80,90,86,55,113,19,89,133"/><W108/><G113/><T11/><D63/><U8/><E121/><V84/><F122/><W102/><G39/><T95/><D65/><U116/><E112/><V56/><F104/><W9/><G125/><N who="0" m="48235" /><D95/><U135/><E135/><V47/><F127/><W73/><G133/><T24/><D96/><U51/><E34/><V131/><F68/><W27/><G108/><N who="2" m="41513" /><F60/><W10/><G73/><T52/><D52/><N who="3" m="20041" /><G106/><T40/><D40/><U78/><E105/><V17/><F70/><W12/><G102/><T79/><D79/><U81/><E116/><V46/><F17/><N who="3" m="8335" /><G62/><T21/><D123/><U103/><REACH who="1" step="1"/><E117/><REACH who="1" ten="123,230,317,320" step="2"/><V31/><F31/><W38/><G38/><T97/><D97/><U83/><AGARI ba="0,1" hai="5,8,15,50,51,74,75,76,78,81,83,92,99,103" machi="83" ten="30,7900,0" yaku="1,1,2,1,0,1,9,1,53,0" doraHai="69" doraHaiUra="120" who="1" fromWho="1" sc="123,-20,230,89,317,-20,320,-39" owari="103,-39.7,319,41.9,297,9.7,281,-11.9" /></mjloggm>