<mjloggm ver="2.3"><GO type="225" lobby="0"/><UN n0="%E3%81%AF%E3%82%88%E3%81%8A%E3%81%98%E3%81%95%E3%82%93" n1="%E3%82%A2%E3%83%BC%E3%83%A2%E3%83%AD%E3%83%BC%E3%83%B4%E3%82%A1" n2="%E5%A4%9C%E5%85%89%E5%A4%A9%E6%A5%BC" n3="%72%69%6F%75%63%68%61%6E" dan="17,16,17,16" rate="2183.65,2091.03,2155.46,2230.77" sx="M,M,M,M"/><TAIKYOKU oya="0"/><INIT seed="0,0,0,2,0,32" ten="250,250,250,250" oya="0" hai0="126,21,80,69,84,14,94,55,5,112,25,44,24" hai1="47,73,107,35,82,97,64,105,11,122,106,114,72" hai2="78,103,45,104,92,90,34,8,111,115,116,85,119" hai3="57,28,50,117,22,4,96,38,56,113,19,15,16"/><T95/><D112/><U75/><E35/><V124/><F34/><W6/><G117/><N who="2" m="45129" /><F115/><W40/><G113/><T63/><D126/><U127/><E114/><V123/><F45/><N who="3" m="25895" /><G38/><T9/><D69/><U61/><E122/><V102/><F104/><W121/><G121/><T26/><D21/><U3/><E127/><V46/><F123/><W134/><G134/><T133/><D133/><U23/><E23/><V1/><F124/><W125/><G125/><T27/><N who="0" m="6144" /><DORA hai="42" /><T31/><D31/><U135/><E47/><V83/><F46/><W58/><G28/><T20/><D20/><U74/><E135/><V49/><F49/><W41/><G41/><T99/><D99/><U60/><E60/><V17/><F111/><W100/><G19/><T68/><D68/><N who="1" m="41999" /><E97/><N who="2" m="57495" /><F17/><W39/><G39/><T131/><D131/><U13/><E13/><V12/><F12/><W128/><G128/><T54/><D54/><U65/><E65/><V36/><F36/><W67/><G67/><T43/><D55/><U132/><E132/><V108/><F108/><W87/><G87/><T0/><D63/><U88/><E88/><V91/><F91/><W10/><G22/><T7/><D44/><U48/><E48/><V130/><F130/><W76/><G76/><N who="0" m="46087" /><D43/><U62/><E62/><V29/><F29/><W2/><G57/><T86/><D86/><U51/><E51/><V33/><F33/><W98/><G56/><T37/><D37/><U79/><E72/><V120/><F120/><W101/><G58/><T81/><D81/><U70/><E70/><V129/><F129/><W66/><G66/><RYUUKYOKU ba="0,0" sc="250,10,250,10,250,10,250,-30" hai0="0,5,7,9,14,94,95" hai1="3,11,73,74,75,79,82,105,106,107" hai2="1,8,78,83,85,102,103" /><INIT seed="0,1,0,4,0,38" ten="260,260,260,220" oya="0" hai0="56,58,94,112,104,18,33,88,130,82,90,78,34" hai1="50,45,23,117,87,124,2,35,133,55,3,67,30" hai2="41,79,89,85,122,93,61,69,72,127,108,129,1" hai3="80,100,29,135,5,37,111,27,121,91,28,63,95"/><T47/><D112/><U126/><E117/><V12/><F122/><W76/><G111/><T131/><D104/><U99/><E133/><V52/><F1/><W114/><G114/><T125/><D125/><N who="1" m="48235" /><E35/><N who="0" m="13321" /><D18/><U113/><E113/><V8/><F127/><W9/><G135/><T98/><D90/><U134/><E134/><V115/><F115/><W6/><G121/><T60/><D60/><U74/><E74/><V81/><F108/><W10/><G37/><T57/><D47/><U109/><E109/><V0/><F0/><W36/><G36/><T102/><D102/><U54/><E67/><V14/><F69/><W62/><G100/><T66/><D66/><U110/><E110/><V107/><F107/><W68/><G68/><T97/><D97/><U11/><E99/><V86/><F72/><W40/><G40/><T84/><D98/><U128/><E128/><N who="0" m="49193" /><D78/><U51/><E11/><N who="3" m="4106" /><G62/><T16/><D16/><U25/><E87/><V64/><F129/><W32/><G63/><T39/><D39/><U7/><E7/><N who="3" m="2570" /><G32/><T24/><D24/><U119/><E119/><V59/><F8/><W123/><G27/><T20/><D20/><U19/><E19/><V101/><F101/><W92/><G123/><T106/><D106/><U46/><AGARI ba="1,0" hai="2,3,23,25,30,45,46,50,51,54,55" m="48235" machi="46" ten="30,1100,0" yaku="18,1" doraHai="38" who="1" fromWho="1" sc="260,-6,260,14,260,-4,220,-4" /><INIT seed="1,0,0,5,0,40" ten="254,274,256,216" oya="1" hai0="125,98,68,126,117,82,2,81,51,135,24,116,95" hai1="16,96,76,59,55,5,111,23,121,93,113,33,52" hai2="105,89,26,120,21,19,56,74,78,31,128,110,25" hai3="54,20,91,53,36,131,46,112,47,103,39,90,133"/><U72/><E113/><V114/><F120/><W79/><G112/><T86/><D68/><U69/><E121/><V9/><F114/><W108/><G103/><T42/><D2/><U63/><E33/><V77/><F105/><W8/><G79/><T94/><D24/><U22/><E69/><V84/><F74/><W38/><G8/><T119/><D51/><U32/><E32/><V83/><F110/><W87/><G108/><T132/><D42/><U0/><E111/><V6/><F56/><W34/><G34/><T4/><D4/><U10/><E23/><N who="2" m="15839" /><F128/><W99/><G131/><T100/><D94/><U61/><E76/><V92/><F92/><W27/><G133/><N who="0" m="51275" /><D81/><U57/><E72/><V65/><F65/><W41/><G99/><T118/><N who="0" m="29696" /><DORA hai="60" /><T1/><D1/><U101/><E22/><V18/><F6/><W3/><G3/><T106/><D95/><U70/><E70/><V45/><F45/><N who="3" m="16907" /><G41/><T49/><D49/><U80/><E80/><V35/><F35/><W123/><G123/><T50/><D50/><U67/><E67/><V115/><F115/><W102/><G102/><T122/><D122/><U37/><E0/><V64/><F64/><W75/><G75/><T109/><D109/><U62/><E5/><V30/><F9/><W48/><G48/><T17/><D17/><AGARI ba="0,0" hai="17,18,19,21,25,30,77,78,83,84,89" m="15839" machi="17" ten="30,1000,0" yaku="8,1" doraHai="40,60" who="2" fromWho="0" sc="254,-10,274,0,256,10,216,0" /><INIT seed="2,0,0,2,4,93" ten="244,274,266,216" oya="2" hai0="91,4,1,129,114,14,12,92,107,88,19,85,54" hai1="98,69,49,134,70,3,24,126,13,7,21,0,41" hai2="99,96,115,90,103,105,132,128,27,8,68,108,10" hai3="73,47,51,113,5,133,40,46,94,50,23,86,104"/><V83/><F115/><W55/><G133/><T39/><D114/><U135/><E126/><V60/><F132/><N who="1" m="50729" /><E13/><V74/><F128/><W89/><G113/><T34/><D129/><U20/><E21/><V9/><F108/><W37/><G73/><T2/><D34/><U30/><E98/><V67/><F99/><W121/><G121/><T31/><D39/><U18/><E18/><V15/><F27/><W127/><G127/><T65/><D31/><U35/><E20/><V42/><F42/><W120/><G120/><T117/><D107/><U38/><E49/><V77/><REACH who="2" step="1"/><F90/><REACH who="2" ten="244,274,256,216" step="2"/><W58/><G104/><T28/><D91/><U61/><E41/><V26/><F26/><W48/><G40/><T130/><D88/><U122/><E24/><V123/><F123/><W32/><G32/><T106/><D130/><U17/><E122/><V80/><F80/><W43/><G47/><T82/><D82/><U112/><E112/><V118/><F118/><W72/><G72/><T101/><D117/><U57/><E35/><V71/><F71/><W75/><G75/><T97/><D106/><U76/><E69/><V102/><F102/><W29/><G29/><T62/><D101/><U52/><E70/><V124/><F124/><W36/><G36/><T22/><D28/><U78/><E30/><V11/><F11/><W109/><G109/><T6/><D22/><U81/><E81/><V131/><F131/><W56/><G23/><T95/><D92/><U111/><E111/><V59/><F59/><N who="3" m="22571" /><G55/><T84/><D54/><U87/><E38/><V53/><F53/><W119/><G119/><RYUUKYOKU ba="0,1" sc="244,-15,274,-15,256,15,216,15" hai2="8,9,10,15,60,67,68,74,77,83,96,103,105" hai3="5,37,43,46,48,50,51,86,89,94" /><INIT seed="2,1,1,3,1,129" ten="229,259,271,231" oya="2" hai0="102,125,118,84,77,0,5,42,51,31,2,127,22" hai1="16,93,61,86,121,92,36,135,133,94,46,60,124" hai2="126,105,47,29,123,131,44,62,48,70,6,25,35" hai3="82,7,106,128,69,68,114,41,87,115,98,13,117"/><V104/><F123/><W112/><G117/><T58/><D118/><U15/><E121/><V19/><F131/><W132/><G132/><N who="1" m="50762" /><E124/><N who="0" m="47689" /><D102/><U71/><E86/><V40/><F126/><W66/><G128/><T37/><D37/><U59/><E71/><V39/><F6/><W113/><G41/><T56/><D77/><U33/><E33/><V91/><F91/><W78/><G66/><T120/><D84/><U76/><E76/><V130/><F130/><W83/><G83/><T12/><D120/><U4/><E4/><V107/><F19/><W54/><G54/><T119/><D119/><U81/><E81/><V74/><F74/><W57/><G57/><N who="0" m="22123" /><D31/><U45/><E36/><V50/><F47/><N who="1" m="17929" /><E59/><V30/><F30/><W18/><N who="3" m="28672" /><DORA hai="72" /><W9/><REACH who="3" step="1"/><G7/><REACH who="3" ten="229,259,271,221" step="2"/><T122/><D122/><U11/><AGARI ba="1,2" hai="11,15,16,60,61,92,93,94" m="17929,50762" machi="11" ten="40,8000,1" yaku="20,1,52,3,54,1" doraHai="129,72" who="1" fromWho="1" sc="229,-21,259,103,271,-41,221,-21" /><INIT seed="3,0,0,2,3,111" ten="208,362,230,200" oya="3" hai0="26,101,134,47,124,116,74,113,58,0,41,15,46" hai1="90,39,100,94,128,86,81,25,106,54,84,59,1" hai2="93,49,4,6,119,10,99,97,112,30,37,103,109" hai3="43,64,22,125,98,102,95,63,60,121,85,48,34"/><W36/><G121/><T77/><D0/><U131/><E1/><V23/><F112/><W24/><G36/><T70/><D70/><U91/><E39/><V57/><F119/><W132/><G34/><T32/><D116/><U3/><E3/><V127/><F37/><W61/><G125/><T40/><D124/><U45/><E45/><V80/><F109/><W38/><G38/><T133/><D101/><U29/><E100/><V78/><F99/><W16/><G132/><N who="0" m="50795" /><D113/><U115/><E106/><V66/><F10/><W52/><G43/><N who="0" m="16459" /><D58/><U123/><E123/><V31/><F127/><W11/><G11/><T8/><D77/><U126/><E115/><V107/><F107/><W75/><G75/><T65/><D65/><U21/><E126/><V42/><F66/><W114/><G114/><T83/><D83/><U87/><E87/><N who="2" m="48535" /><F57/><N who="3" m="36879" /><G85/><T7/><D74/><U108/><REACH who="1" step="1"/><E108/><REACH who="1" ten="208,352,230,200" step="2"/><V62/><F103/><W9/><G9/><T79/><D8/><U76/><E76/><V72/><F97/><W18/><G18/><T33/><D79/><U88/><E88/><V92/><F72/><W28/><G16/><T44/><D7/><U12/><E12/><V68/><F6/><W89/><G102/><T120/><D15/><U122/><E122/><V50/><F4/><W118/><G118/><T20/><D120/><U82/><E82/><V51/><F31/><AGARI ba="0,1" hai="20,26,31,32,33,44,46,47" m="16459,50795" machi="31" ten="30,1000,0" yaku="20,1" doraHai="111" who="0" fromWho="2" sc="208,20,352,0,230,-10,200,0" owari="228,2.8,352,45.2,220,-18.0,200,-30.0" /></mjloggm>