<mjloggm ver="2.3"><GO type="225" lobby="0"/><UN n0="%E6%B8%A9%E2%98%85%E6%83%85%E2%98%85%E6%8E%AA%E2%98%85%E7%BD%AE" n1="%E7%AD%89%E3%80%85%E5%8A%9B%E5%8A%87%E5%A0%B4" n2="%30%2E%31%32%30" n3="%72%61%6B%33" dan="16,17,16,17" rate="2171.16,2166.95,2147.42,2163.26" sx="M,M,M,M"/><TAIKYOKU oya="0"/><INIT seed="0,0,0,2,2,88" ten="250,250,250,250" oya="0" hai0="80,122,129,128,124,103,34,107,53,1,105,93,45" hai1="30,82,97,90,23,85,126,48,113,132,74,131,73" hai2="5,36,24,33,125,3,37,14,115,70,91,59,120" hai3="44,114,130,22,27,63,29,25,106,40,99,58,75"/><T28/><D122/><U10/><E132/><V98/><F70/><W15/><G130/><N who="0" m="50283" /><D1/><U101/><E131/><V19/><F120/><W20/><G114/><T18/><D124/><U66/><E126/><V11/><F115/><W41/><G75/><T52/><D18/><U109/><E113/><V65/><F125/><W133/><G133/><T57/><D80/><U116/><E116/><V102/><F91/><W79/><G79/><T87/><D45/><U61/><E109/><V95/><F65/><W108/><G108/><T123/><D123/><U9/><E74/><V89/><F89/><W121/><G15/><T47/><D87/><U2/><E73/><V39/><F59/><W94/><G106/><N who="0" m="40459" /><D47/><U117/><E2/><V35/><REACH who="2" step="1"/><F24/><REACH who="2" ten="250,250,240,250" step="2"/><W16/><G121/><T60/><D57/><U26/><E117/><V96/><F96/><W7/><G44/><T69/><D69/><U72/><E97/><V17/><F17/><W49/><G7/><T76/><D76/><U54/><E90/><V62/><F62/><W42/><G49/><T118/><D60/><U46/><E61/><V55/><F55/><N who="3" m="34271" /><G41/><T32/><D118/><U38/><E48/><V127/><F127/><W43/><G99/><N who="0" m="59887" /><D28/><U84/><E30/><V6/><F6/><W86/><G86/><T92/><D53/><U104/><E54/><V111/><F111/><W56/><G56/><T13/><D52/><U112/><E85/><V83/><F83/><W134/><G134/><T100/><D13/><U12/><E12/><V71/><F71/><W31/><G29/><T68/><D68/><U51/><E84/><RYUUKYOKU ba="0,1" sc="250,10,250,-30,240,10,250,10" hai0="32,34,92,100" hai2="3,5,11,14,19,33,35,36,37,39,95,98,102" hai3="16,20,22,25,27,31,40,42,43,94" /><INIT seed="0,1,1,5,5,20" ten="260,220,250,260" oya="0" hai0="90,110,100,53,114,36,28,115,134,119,66,55,77" hai1="24,133,98,45,0,27,126,109,29,25,103,10,105" hai2="9,68,112,96,49,4,14,60,73,35,62,46,52" hai3="123,82,23,65,63,71,106,135,58,64,22,102,94"/><T44/><D119/><U3/><E109/><V128/><F128/><W31/><G135/><T13/><D77/><U111/><E111/><V1/><F112/><W88/><G123/><T67/><D110/><U130/><E126/><V61/><F73/><W80/><G106/><T57/><D13/><U54/><E130/><V120/><F120/><W48/><G102/><T6/><D90/><U69/><E69/><V108/><F108/><W59/><G71/><T97/><D6/><U26/><E133/><V95/><F35/><W41/><G41/><N who="0" m="22567" /><D28/><U121/><E121/><V2/><REACH who="2" step="1"/><F68/><REACH who="2" ten="260,220,240,260" step="2"/><W51/><G65/><T84/><D67/><U39/><E29/><V83/><F83/><W124/><G124/><T131/><D66/><U117/><E117/><V15/><F15/><W72/><G72/><T5/><D131/><U81/><E81/><V43/><F43/><W104/><G82/><T30/><D134/><U56/><E0/><V86/><F86/><W19/><G80/><T101/><D84/><U17/><E3/><V76/><F76/><W50/><G31/><T132/><D30/><U107/><E54/><V127/><F127/><W37/><G64/><T92/><D53/><U12/><E12/><V125/><F125/><W116/><G116/><T129/><D129/><U16/><E98/><V7/><F7/><W32/><G32/><T113/><D5/><U89/><E17/><V75/><F75/><W33/><G19/><T118/><D132/><U18/><E16/><V122/><F122/><W93/><G33/><T99/><D99/><N who="1" m="61695" /><E18/><V42/><F42/><W87/><G87/><RYUUKYOKU ba="1,2" sc="260,-10,220,-10,240,30,260,-10" hai2="1,2,4,9,14,46,49,52,60,61,62,95,96" /><INIT seed="1,2,2,1,4,61" ten="250,210,270,250" oya="1" hai0="36,14,31,53,118,88,133,22,63,123,99,126,101" hai1="92,96,46,106,7,37,73,74,81,6,129,28,121" hai2="125,57,91,68,8,12,43,98,128,4,69,110,76" hai3="23,5,10,115,20,114,2,34,116,45,83,113,62"/><U30/><E106/><V3/><F43/><W84/><G116/><T85/><D36/><U90/><E121/><V9/><F76/><W79/><G34/><T55/><D118/><U48/><E37/><V41/><F41/><W54/><REACH who="3" step="1"/><G62/><REACH who="3" ten="250,210,270,240" step="2"/><T112/><D63/><U70/><BYE who="2" /><E129/><V108/><F108/><W109/><G109/><T19/><D123/><U16/><E70/><V51/><F51/><AGARI ba="2,3" hai="2,5,10,20,23,45,51,54,79,83,84,113,114,115" machi="51" ten="40,1300,0" yaku="1,1,53,0" doraHai="61" doraHaiUra="87" who="3" fromWho="2" sc="250,0,210,0,270,-19,240,49" /><INIT seed="2,0,0,3,2,78" ten="250,210,251,289" oya="2" hai0="20,43,39,118,80,18,56,134,75,40,81,41,93" hai1="37,87,106,2,121,9,117,101,19,60,6,27,57" hai2="73,82,129,53,15,83,55,52,50,26,85,48,131" hai3="71,7,90,31,59,124,104,42,51,66,33,69,24"/><V21/><F21/><W130/><G124/><T8/><D75/><U114/><E114/><V107/><F107/><W116/><G116/><T133/><D39/><U35/><E117/><V122/><F122/><W4/><G130/><T88/><D8/><U54/><E121/><V70/><F70/><W13/><G104/><T100/><D100/><U34/><E37/><V67/><F67/><W28/><G28/><T74/><D74/><U10/><E106/><V108/><F108/><W45/><G69/><UN n2="%30%2E%31%32%30" /><T99/><D118/><U61/><E101/><V11/><F26/><W64/><G71/><T46/><D46/><U91/><E61/><V132/><F73/><W63/><G66/><T97/><D97/><U25/><E27/><V126/><F85/><W113/><G113/><T115/><D56/><U103/><E103/><V22/><F22/><W96/><G13/><N who="0" m="9295" /><D115/><U23/><REACH who="1" step="1"/><E10/><REACH who="1" ten="250,200,251,289" step="2"/><V68/><F126/><W72/><G24/><T105/><D105/><U47/><E47/><V77/><F68/><W65/><G45/><T98/><D98/><U119/><E119/><V36/><F36/><W12/><G96/><T62/><D62/><U32/><E32/><V30/><F50/><W14/><G51/><T112/><D112/><U5/><E5/><N who="2" m="3567" /><F48/><W89/><G63/><T94/><D134/><U128/><E128/><N who="2" m="49227" /><F132/><W84/><G33/><T123/><D133/><U86/><E86/><N who="2" m="48463" /><F30/><W95/><G31/><T1/><D123/><U0/><E0/><V58/><F58/><W135/><G59/><T127/><D1/><U125/><E125/><V44/><F44/><W109/><G135/><RYUUKYOKU ba="0,1" sc="250,-15,200,15,251,15,289,-15" hai1="2,6,9,19,23,25,34,35,54,57,60,87,91" hai2="52,53,55,83" /><INIT seed="2,1,1,5,4,68" ten="235,215,266,274" oya="2" hai0="59,52,72,121,109,133,26,64,95,105,15,96,85" hai1="45,131,39,130,36,128,134,79,19,7,80,74,54" hai2="4,67,53,34,51,3,98,73,46,16,69,48,66" hai3="111,0,120,124,87,35,83,82,38,97,1,132,63"/><V21/><F73/><W49/><G120/><T94/><D121/><U112/><E112/><V50/><F34/><W2/><G35/><T27/><D72/><U44/><E134/><V127/><F127/><W9/><G38/><N who="1" m="14378" /><E7/><V102/><F4/><W71/><G124/><T70/><D105/><U42/><E42/><V110/><F3/><W117/><G117/><T32/><D32/><U10/><E54/><V33/><F33/><W122/><G132/><T6/><D133/><U108/><E108/><V88/><F110/><W17/><G111/><T23/><D109/><U20/><E10/><V22/><F22/><W119/><G119/><T8/><D64/><N who="2" m="24618" /><F69/><W135/><G71/><T29/><D70/><U41/><E41/><V5/><F102/><W90/><G9/><T115/><D115/><U106/><E106/><V37/><F37/><W43/><G122/><T129/><D26/><AGARI ba="1,1" hai="19,20,26,44,45,74,79,80,128,130,131" m="14378" machi="26" ten="40,8000,1" yaku="19,1,52,3" doraHai="68" who="1" fromWho="0" sc="235,-83,215,93,266,0,274,0" /><INIT seed="3,0,0,4,1,65" ten="152,308,266,274" oya="3" hai0="68,73,118,69,105,59,10,94,18,17,126,112,47" hai1="95,86,11,66,102,111,67,62,32,80,51,48,96" hai2="133,89,93,8,132,108,2,6,30,63,43,26,13" hai3="85,78,110,45,3,21,115,46,99,14,57,134,130"/><W76/><G115/><T92/><D118/><U131/><E32/><N who="2" m="20567" /><F43/><W9/><G130/><T55/><D105/><U113/><E113/><V82/><F82/><W42/><G134/><N who="2" m="51817" /><F63/><W128/><G128/><T28/><D112/><U19/><E131/><V124/><F108/><W0/><G110/><T70/><D73/><U121/><E121/><V58/><F58/><W24/><G99/><T49/><D126/><U15/><E111/><V44/><F44/><W101/><G101/><T34/><D28/><U123/><E123/><V79/><F79/><W114/><G57/><T97/><D34/><U119/><E119/><V81/><F81/><W88/><G114/><T36/><D10/><U38/><E38/><V90/><F90/><W50/><G46/><T54/><D94/><U39/><E39/><V84/><F2/><W71/><G71/><T12/><D12/><U25/><E25/><V20/><F20/><W109/><G0/><T35/><D35/><U75/><E75/><V31/><F31/><N who="3" m="17807" /><G3/><T41/><REACH who="0" step="1"/><D55/><REACH who="0" ten="142,308,266,274" step="2"/><U4/><E15/><V22/><F22/><W77/><G109/><T107/><D107/><U7/><E11/><V100/><F124/><W129/><G129/><T37/><D37/><U91/><E95/><N who="2" m="54695" /><F100/><AGARI ba="0,1" hai="17,18,36,41,47,49,54,59,68,69,70,92,97,100" machi="100" ten="40,8000,1" yaku="1,1,52,3,53,0" doraHai="65" doraHaiUra="135" who="0" fromWho="2" sc="142,90,308,0,266,-80,274,0" owari="232,-16.8,308,40.8,186,-31.4,274,7.4" /></mjloggm>