<mjloggm ver="2.3"><GO type="225" lobby="0"/><UN n0="%E3%81%A9%E3%82%93%E3%82%88%E3%81%8F%4D%6B%2E%32" n1="%E9%9B%80%E6%A5%B5%E3%81%AE%E3%81%B8" n2="%73%75%7A%75%72%61%6E%65" n3="%E7%AD%89%E3%80%85%E5%8A%9B%E5%8A%87%E5%A0%B4" dan="16,16,16,16" rate="2139.44,2106.73,2082.82,2132.65" sx="M,M,M,M"/><TAIKYOKU oya="0"/><INIT seed="0,0,0,3,1,102" ten="250,250,250,250" oya="0" hai0="73,60,118,99,120,9,31,122,20,126,36,4,129" hai1="26,63,107,66,82,24,74,13,35,61,127,54,124" hai2="115,117,95,72,84,45,134,38,83,56,89,37,6" hai3="70,101,18,49,88,57,52,62,65,10,76,33,0"/><T80/><D118/><U130/><E130/><V23/><F115/><W96/><G33/><T16/><D36/><U68/><E13/><V105/><F117/><W103/><G76/><T79/><D129/><U93/><E93/><V111/><F111/><W85/><G0/><T123/><D31/><U2/><E2/><V86/><F6/><W100/><G10/><T92/><D126/><U90/><E35/><V19/><F72/><W58/><G18/><T113/><D113/><U14/><E14/><V46/><F56/><W29/><G29/><T128/><D128/><U21/><E107/><V12/><F134/><W51/><G51/><T25/><D60/><U131/><E26/><V1/><F1/><W112/><G112/><T109/><D109/><U40/><E40/><V135/><F135/><W59/><REACH who="3" step="1"/><G96/><REACH who="3" ten="250,250,250,240" step="2"/><T121/><D121/><U94/><E131/><V69/><F37/><W67/><G67/><T75/><D75/><U42/><E124/><V132/><F38/><W22/><G22/><T15/><REACH who="0" step="1"/><D122/><REACH who="0" ten="240,250,250,240" step="2"/><U77/><E127/><V114/><F114/><W8/><G8/><T87/><D87/><U48/><E74/><V125/><F86/><W34/><G34/><T11/><D11/><U50/><E48/><V47/><F125/><W97/><G97/><T71/><D71/><U55/><E68/><V64/><F69/><W41/><G41/><T104/><D104/><U32/><E50/><V81/><F105/><W108/><G108/><T119/><D119/><U43/><E42/><V53/><F84/><W116/><G116/><T7/><D7/><U44/><E43/><RYUUKYOKU ba="0,2" sc="240,15,250,-15,250,-15,240,15" hai0="4,9,15,16,20,25,73,79,80,92,99,120,123" hai3="49,52,57,58,59,62,65,70,85,88,100,101,103" /><INIT seed="0,1,2,0,2,126" ten="255,235,235,255" oya="0" hai0="132,74,97,99,37,40,80,84,36,15,111,109,46" hai1="13,121,53,64,45,7,55,19,30,92,29,21,4" hai2="61,9,124,23,2,130,98,86,127,70,104,52,123" hai3="73,114,105,90,42,88,77,11,38,76,131,63,5"/><T87/><D37/><U62/><E121/><V119/><F123/><W75/><G114/><T83/><D74/><U95/><E29/><V43/><F119/><W129/><G63/><T96/><D132/><U89/><E30/><V22/><F43/><W93/><G42/><T112/><D112/><U35/><E35/><V1/><F86/><N who="0" m="32810" /><D15/><U39/><E39/><V59/><F70/><W54/><G38/><T122/><D122/><U116/><E116/><V16/><F130/><N who="3" m="49675" /><G105/><T113/><D113/><U57/><E95/><V128/><F128/><W67/><G67/><T108/><AGARI ba="1,2" hai="36,40,46,80,83,96,97,99,108,109,111" m="32810" machi="108" ten="40,3900,0" yaku="14,1,10,1" doraHai="126" who="0" fromWho="0" sc="255,62,235,-14,235,-14,255,-14" /><INIT seed="0,2,0,4,5,55" ten="317,221,221,241" oya="0" hai0="110,126,83,101,85,97,44,36,86,56,133,54,57" hai1="29,62,76,64,33,118,75,6,23,129,92,11,98" hai2="90,20,105,82,47,66,39,81,46,87,42,50,53" hai3="10,2,4,77,74,116,72,5,115,59,13,102,125"/><T9/><D126/><U79/><E129/><V113/><F113/><W108/><G116/><T131/><D131/><U1/><E33/><V89/><F105/><W112/><G108/><T71/><D71/><U104/><E104/><V52/><F66/><W45/><G125/><T78/><D133/><U121/><E75/><V100/><F100/><W17/><G102/><T103/><D110/><U67/><E67/><V107/><F107/><W88/><G5/><T95/><D103/><N who="1" m="60871" /><E121/><V80/><F20/><W0/><G0/><T91/><D9/><U34/><E34/><V120/><F120/><W19/><G74/><T24/><D24/><N who="1" m="16543" /><E118/><V27/><F27/><W40/><G72/><T111/><D111/><U96/><E96/><V31/><F31/><W16/><G2/><T22/><D22/><U41/><E41/><V48/><REACH who="2" step="1"/><F87/><REACH who="2" ten="317,221,211,241" step="2"/><W117/><G115/><T69/><D69/><U70/><E70/><V58/><AGARI ba="2,1" hai="39,42,46,47,48,50,52,53,58,80,81,82,89,90" machi="58" ten="30,8000,1" yaku="1,1,2,1,0,1,52,1,54,1,53,0" doraHai="55" doraHaiUra="119" who="2" fromWho="2" sc="317,-42,221,-22,211,96,241,-22" /><INIT seed="1,0,0,3,2,8" ten="275,199,307,219" oya="1" hai0="114,131,121,86,17,40,116,72,2,1,90,100,23" hai1="92,107,30,97,135,120,61,33,122,37,79,53,25" hai2="6,63,75,62,12,81,118,88,70,87,60,133,7" hai3="84,54,67,3,26,113,19,16,129,132,102,9,106"/><U98/><E37/><V59/><F118/><W89/><G113/><T51/><D116/><U27/><E27/><V130/><BYE who="1" /><F70/><W112/><G112/><T41/><D72/><U105/><E105/><V69/><F69/><W111/><G111/><T35/><D35/><UN n1="%E9%9B%80%E6%A5%B5%E3%81%AE%E3%81%B8" /><U93/><E107/><V15/><F130/><W4/><G132/><T43/><D114/><U110/><E135/><V0/><F0/><W108/><G108/><T14/><D131/><U65/><E53/><V124/><F124/><W36/><G129/><T29/><D121/><U50/><E50/><V101/><F101/><W58/><G36/><T31/><D100/><U68/><E79/><V44/><F75/><W38/><G38/><T80/><REACH who="0" step="1"/><D51/><REACH who="0" ten="265,199,307,219" step="2"/><U82/><E110/><V32/><F32/><W109/><G102/><T115/><D115/><U126/><E126/><V77/><F133/><W76/><G109/><T91/><D91/><U119/><E119/><V34/><F34/><W134/><G89/><T20/><D20/><U94/><REACH who="1" step="1"/><E82/><REACH who="1" ten="265,189,307,219" step="2"/><V96/><F77/><W128/><G76/><T78/><D78/><U95/><N who="1" m="23552" /><DORA hai="125" /><U39/><E39/><V99/><F81/><W21/><G134/><T66/><D66/><U117/><E117/><V52/><F99/><AGARI ba="0,2" hai="25,30,33,61,65,68,97,98,99,120,122" m="23552" machi="99" ten="50,4800,0" yaku="1,1,53,1" doraHai="8,125" doraHaiUra="57,5" who="1" fromWho="2" sc="265,0,189,68,307,-48,219,0" /><INIT seed="1,1,0,5,2,54" ten="265,257,259,219" oya="1" hai0="21,90,79,36,85,77,17,128,29,43,60,122,88" hai1="104,124,40,74,31,26,57,49,125,19,44,95,25" hai2="63,99,22,103,75,81,5,8,76,53,92,30,123" hai3="133,62,97,10,37,87,35,119,91,14,110,72,93"/><U16/><E104/><V12/><F123/><W13/><G72/><T24/><D122/><U3/><E74/><V39/><F39/><W121/><G35/><T6/><D128/><U45/><E3/><V11/><F30/><W94/><G37/><T109/><D109/><U134/><E134/><V0/><F22/><W89/><G121/><T23/><D6/><U114/><E114/><V55/><REACH who="2" step="1"/><F63/><REACH who="2" ten="265,257,249,219" step="2"/><W107/><G62/><T131/><D131/><U42/><E31/><V101/><F101/><W67/><G110/><T118/><D60/><U71/><E124/><V129/><F129/><W58/><G133/><T68/><D23/><U4/><E125/><V98/><F98/><W96/><G97/><T46/><D29/><U78/><E49/><V117/><F117/><W100/><G96/><T115/><D118/><U18/><E25/><V51/><F51/><W132/><G100/><T48/><D36/><U7/><E26/><V135/><F135/><W64/><G119/><T126/><D126/><U38/><E38/><V111/><F111/><W50/><G50/><T66/><D115/><U59/><E40/><V15/><F15/><W69/><G14/><T2/><D24/><U120/><E42/><V83/><F83/><W108/><G13/><T113/><D113/><U47/><E120/><V86/><F86/><N who="3" m="52407" /><G132/><T28/><D28/><U34/><E34/><V9/><F9/><W84/><G10/><T70/><D85/><U130/><E130/><V65/><F65/><N who="3" m="25163" /><G87/><T41/><D41/><U116/><E116/><V112/><F112/><W33/><G108/><T27/><D66/><RYUUKYOKU ba="1,1" sc="265,-10,257,-10,249,30,219,-10" hai2="0,5,8,11,12,53,55,75,76,81,92,99,103" /><INIT seed="2,2,1,3,3,42" ten="255,247,279,209" oya="2" hai0="80,126,88,27,82,91,9,61,75,47,12,14,28" hai1="35,70,16,33,24,93,134,104,110,95,72,103,74" hai2="45,108,44,111,114,131,26,21,92,34,31,116,30" hai3="109,7,59,129,119,118,2,112,71,133,3,64,62"/><V38/><F114/><W120/><G2/><T4/><D126/><U102/><E70/><V100/><F116/><W78/><G3/><T81/><D75/><U68/><E68/><V54/><F54/><W107/><G107/><T63/><D14/><U32/><E110/><N who="2" m="42027" /><F38/><W124/><G71/><T73/><D73/><U84/><E134/><V90/><F100/><W39/><G39/><T123/><D123/><U5/><E5/><V58/><F58/><W98/><G129/><T122/><D122/><U121/><E121/><V8/><F8/><W53/><G124/><T69/><D47/><N who="2" m="17994" /><F131/><W1/><G133/><T105/><D105/><U19/><E104/><V77/><F77/><W55/><G112/><T127/><D127/><U51/><E103/><V48/><F48/><W50/><G119/><T0/><D69/><U46/><E51/><V67/><F67/><W13/><G118/><T49/><D49/><U11/><E102/><V66/><F66/><W40/><G120/><T65/><D65/><U18/><E46/><V117/><F117/><W60/><G109/><T22/><D63/><U83/><E11/><V132/><F132/><W76/><G62/><T25/><D61/><U52/><E52/><V113/><F113/><W130/><G55/><T85/><D91/><U86/><E24/><N who="2" m="18759" /><F92/><N who="1" m="35401" /><E83/><V97/><F97/><W29/><G98/><T106/><D106/><U17/><N who="1" m="4096" /><DORA hai="115" /><U79/><E79/><V96/><F96/><W94/><G78/><T56/><D56/><U128/><E128/><V23/><F90/><W135/><G130/><T87/><D88/><U20/><E20/><AGARI ba="2,1" hai="20,21,23,26,31" m="18759,17994,42027" machi="20" ten="30,18000,2" yaku="6,1,14,1,10,1,52,3" doraHai="42,115" who="2" fromWho="1" sc="255,0,247,-186,279,196,209,0" /><INIT seed="2,3,0,2,1,44" ten="255,61,475,209" oya="2" hai0="79,86,76,68,114,132,124,108,62,125,42,99,17" hai1="54,90,21,20,55,116,9,107,105,89,28,19,48" hai2="115,127,135,22,3,10,50,128,122,58,41,40,4" hai3="85,118,69,73,87,121,31,15,81,88,56,1,36"/><V95/><F122/><W83/><G69/><T29/><D114/><U32/><E32/><V82/><BYE who="1" /><F115/><W14/><G118/><T75/><D75/><U106/><E106/><V16/><F128/><W37/><G1/><UN n1="%E9%9B%80%E6%A5%B5%E3%81%AE%E3%81%B8" /><T24/><D42/><U61/><E116/><V117/><F117/><W25/><G73/><T46/><D46/><U12/><E107/><V120/><F120/><W6/><G121/><T30/><D108/><U77/><E105/><V78/><F135/><W101/><G101/><T45/><D45/><U113/><E113/><V43/><F95/><W72/><G72/><T60/><D132/><U8/><E77/><N who="0" m="29769" /><D86/><U133/><E133/><V65/><F65/><W57/><G36/><T26/><D99/><U97/><E61/><N who="0" m="23657" /><D17/><U80/><E55/><V27/><F127/><N who="0" m="48714" /><D68/><U2/><E2/><V126/><F126/><W34/><G37/><T18/><D18/><U59/><E97/><V96/><F96/><W38/><G38/><T92/><D92/><U39/><E39/><V84/><REACH who="2" step="1"/><F58/><REACH who="2" ten="255,61,465,209" step="2"/><W33/><G57/><T0/><D0/><U51/><E80/><V111/><F111/><W131/><G56/><T23/><D23/><U94/><E21/><V134/><F134/><W100/><G83/><T5/><D5/><U93/><E93/><V104/><F104/><W66/><G81/><T103/><D103/><U74/><E94/><V102/><F102/><W47/><G100/><T53/><D53/><U109/><E74/><V123/><F123/><W98/><G98/><T110/><D110/><U129/><E109/><V91/><F91/><W67/><G88/><RYUUKYOKU ba="3,1" sc="255,15,61,-15,465,15,209,-15" hai0="24,26,29,30" hai2="3,4,10,16,22,27,40,41,43,50,78,82,84" /><INIT seed="2,4,1,2,4,27" ten="270,46,480,194" oya="2" hai0="130,65,94,55,63,26,126,56,70,95,22,78,75" hai1="41,13,76,68,107,103,131,132,91,133,12,17,116" hai2="102,3,37,115,5,7,122,106,67,42,6,9,14" hai3="121,15,113,79,50,100,66,0,84,69,10,33,36"/><V61/><F115/><W25/><G36/><T71/><D126/><U99/><E116/><V108/><F122/><W16/><G121/><T104/><D104/><U39/><E68/><V1/><F102/><W97/><G113/><T80/><D130/><U59/><E131/><V117/><F106/><W34/><G0/><T11/><D11/><U23/><E76/><V109/><F117/><W48/><G34/><T57/><D71/><U87/><E39/><V44/><F1/><W135/><G135/><T92/><REACH who="0" step="1"/><D55/><REACH who="0" ten="260,46,480,194" step="2"/><U89/><E132/><V64/><F64/><W43/><G69/><T35/><D35/><U105/><E133/><V45/><F3/><W72/><G33/><T49/><D49/><U90/><E107/><V83/><F37/><W134/><G50/><T77/><D77/><U18/><E41/><V110/><F42/><W20/><G48/><T124/><D124/><U46/><E46/><V38/><F38/><W74/><G10/><T118/><D118/><U81/><REACH who="1" step="1"/><E59/><REACH who="1" ten="260,36,480,194" step="2"/><N who="2" m="37311" /><F44/><W4/><G79/><T29/><AGARI ba="4,3" hai="22,26,29,56,57,63,65,70,75,78,80,92,94,95" machi="29" ten="30,4000,0" yaku="1,1,0,1,52,1,53,0" doraHai="27" doraHaiUra="93" who="0" fromWho="0" sc="260,82,36,-14,480,-24,194,-14" /><INIT seed="3,0,0,4,5,111" ten="342,22,456,180" oya="3" hai0="96,64,53,121,8,1,57,82,73,113,16,93,67" hai1="25,13,52,94,124,129,54,101,79,46,35,115,128" hai2="48,87,118,133,40,70,109,62,0,84,132,98,22" hai3="92,127,56,130,108,117,83,34,123,45,89,86,100"/><W88/><G117/><T31/><D121/><U19/><E79/><V103/><F109/><W125/><G108/><T55/><D31/><U80/><E80/><V102/><F0/><W44/><G123/><T75/><D55/><U63/><E124/><N who="3" m="47690" /><G34/><T74/><D82/><U99/><E46/><N who="2" m="25671" /><F22/><W58/><G100/><T20/><D8/><U69/><E115/><V90/><F90/><W39/><G130/><T119/><D1/><U61/><E13/><V66/><F102/><W49/><G39/><T12/><D119/><U65/><E19/><V135/><F118/><W68/><G68/><T104/><D104/><AGARI ba="0,0" hai="62,66,70,84,87,98,103,104,132,133,135" m="25671" machi="104" ten="30,1000,0" yaku="20,1" doraHai="111" who="2" fromWho="0" sc="342,-10,22,0,456,10,180,0" owari="332,13.2,22,-47.8,466,56.6,180,-22.0" /></mjloggm>