<mjloggm ver="2.3"><GO type="225" lobby="0"/><UN n0="%E6%97%A5%E6%9B%9C%E6%97%A5%E3%82%88%E3%82%8A%E3%81%AE%E4%BD%BF%E8%80%85" n1="%54%4F%52" n2="%33%74%72%65%65" n3="%72%65%6E%6B%75%6E" dan="18,17,16,17" rate="2151.07,2226.92,2129.16,2316.79" sx="M,M,F,M"/><TAIKYOKU oya="0"/><INIT seed="0,0,0,1,3,48" ten="250,250,250,250" oya="0" hai0="116,38,114,33,31,117,52,81,76,26,67,58,20" hai1="49,10,109,63,104,66,115,15,110,98,61,120,129" hai2="24,80,123,69,121,18,89,41,135,93,45,25,23" hai3="106,17,3,73,90,87,75,35,4,30,62,44,92"/><T39/><D114/><U74/><E120/><V96/><F135/><W101/><G3/><T50/><D67/><U53/><E74/><V59/><F69/><W55/><G4/><T22/><D39/><U99/><E115/><V94/><F80/><W54/><G35/><T40/><D40/><U65/><E129/><V36/><F25/><W126/><G30/><T11/><D11/><U43/><E43/><V0/><F0/><W68/><G17/><T113/><D38/><U97/><E104/><V1/><F1/><W100/><G126/><T95/><D113/><U88/><E110/><V125/><F125/><W83/><G106/><T28/><D95/><N who="1" m="56551" /><E109/><V71/><F71/><W46/><G68/><T108/><D108/><U131/><E131/><V77/><F77/><N who="3" m="46575" /><G73/><T119/><REACH who="0" step="1"/><D31/><REACH who="0" ten="240,250,250,250" step="2"/><U78/><E66/><V34/><F121/><W21/><G100/><T124/><D124/><U130/><E65/><V127/><F123/><W86/><G101/><T72/><AGARI ba="0,1" hai="20,22,26,28,33,50,52,58,72,76,81,116,117,119" machi="72" ten="30,11700,0" yaku="1,1,0,1,52,1,54,1,53,0" doraHai="48" doraHaiUra="57" who="0" fromWho="0" sc="240,127,250,-39,250,-39,250,-39" /><INIT seed="0,1,0,1,2,46" ten="367,211,211,211" oya="0" hai0="90,71,131,22,118,35,76,3,53,114,29,86,23" hai1="52,89,11,68,18,105,70,17,24,103,122,125,36" hai2="113,21,27,101,128,26,14,7,117,123,37,98,88" hai3="120,66,40,119,112,100,49,12,75,67,9,16,94"/><T77/><D71/><U0/><E122/><V115/><F123/><W73/><G112/><T82/><D3/><U44/><E125/><V47/><F128/><W72/><G120/><T28/><D114/><U121/><E121/><V41/><F117/><W63/><G119/><T56/><D118/><U54/><E103/><V15/><F27/><W50/><G40/><T58/><D58/><U32/><E105/><V74/><F74/><W104/><G104/><T83/><D131/><U51/><E36/><V19/><F15/><W4/><G4/><T62/><D35/><U132/><E132/><V65/><F65/><W57/><REACH who="3" step="1"/><G66/><REACH who="3" ten="367,211,211,201" step="2"/><T25/><D83/><U6/><E54/><V92/><F7/><W84/><G84/><T87/><D86/><U59/><E6/><V78/><F115/><W45/><G45/><T102/><D102/><U108/><E44/><V61/><F101/><W127/><G127/><T110/><D110/><U129/><E108/><V55/><F113/><W135/><G135/><T39/><D39/><U93/><E129/><V96/><F37/><W5/><G5/><T91/><D91/><U1/><E89/><V80/><F47/><W10/><G10/><T107/><D107/><U20/><E11/><V130/><F130/><W48/><G48/><T30/><D90/><U64/><E51/><V81/><F41/><W109/><G109/><T42/><D42/><U34/><E64/><V79/><F88/><W134/><G134/><T95/><D82/><U38/><E38/><V60/><F81/><W111/><G111/><T124/><D124/><U85/><E85/><RYUUKYOKU ba="1,1" sc="367,-10,211,-10,211,-10,201,30" hai3="9,12,16,49,50,57,63,67,72,73,75,94,100" /><INIT seed="1,2,1,3,3,89" ten="357,201,201,231" oya="1" hai0="112,69,113,106,51,71,133,124,73,12,0,17,102" hai1="95,87,22,90,85,79,54,45,26,48,2,110,14" hai2="30,47,75,43,34,123,3,77,23,96,94,18,108" hai3="80,115,35,74,104,13,99,92,93,129,52,50,105"/><U40/><E2/><V28/><F123/><W36/><G35/><T49/><D0/><U125/><E125/><V84/><F75/><W5/><G36/><T16/><D73/><U130/><E130/><V103/><F34/><W78/><G115/><T72/><D72/><U11/><E110/><V39/><F3/><W6/><G129/><T131/><D131/><U91/><E79/><V97/><F108/><W116/><G116/><T25/><D25/><U88/><E40/><V122/><F122/><W59/><G93/><T100/><D12/><U126/><E126/><V82/><REACH who="2" step="1"/><F97/><REACH who="2" ten="357,201,191,231" step="2"/><W127/><G127/><T8/><D124/><U119/><E119/><V68/><F68/><W109/><G109/><T76/><D71/><U33/><E33/><V66/><F66/><W15/><G15/><AGARI ba="2,2" hai="15,18,23,28,30,39,43,47,77,82,84,94,96,103" machi="15" ten="30,3900,0" yaku="1,1,7,1,52,1,53,0" doraHai="89" doraHaiUra="7" who="2" fromWho="3" sc="357,0,201,0,191,65,231,-45" /><INIT seed="2,0,0,0,0,123" ten="357,201,256,186" oya="2" hai0="44,119,108,31,94,87,32,88,34,30,76,56,116" hai1="17,28,14,84,97,63,75,23,80,1,0,26,37" hai2="51,50,29,48,27,71,107,47,106,93,58,90,3" hai3="9,110,62,124,82,35,117,118,33,128,64,115,125"/><V60/><F3/><W83/><G115/><T42/><D108/><U122/><E37/><V120/><F71/><W61/><G9/><T109/><D109/><U66/><E75/><V127/><F127/><N who="3" m="48715" /><G110/><T22/><D76/><U129/><E97/><V89/><F120/><W41/><G41/><T111/><D111/><U2/><E129/><V67/><F47/><W16/><G128/><T103/><D103/><U24/><E122/><V5/><F5/><W53/><G53/><T74/><D56/><U102/><E102/><V132/><F132/><W39/><G39/><N who="0" m="21599" /><D74/><U121/><E121/><V52/><F67/><W77/><G16/><T8/><D8/><U69/><REACH who="1" step="1"/><E28/><REACH who="1" ten="357,191,256,186" step="2"/><V72/><F72/><N who="3" m="43303" /><G83/><T95/><D31/><U104/><E104/><V100/><F106/><W7/><G7/><T112/><D112/><U101/><E101/><V98/><REACH who="2" step="1"/><F107/><REACH who="2" ten="357,191,246,186" step="2"/><W4/><G117/><T43/><D119/><U57/><E57/><V135/><F135/><W65/><G118/><T126/><D116/><U25/><E25/><V130/><F130/><W134/><G4/><T114/><D126/><U20/><E20/><AGARI ba="0,2" hai="20,27,29,48,50,51,52,58,60,89,90,93,98,100" machi="20" ten="40,7700,0" yaku="1,1,8,1,54,1,53,0" doraHai="123" doraHaiUra="78" who="2" fromWho="1" sc="357,0,191,-77,246,97,186,0" /><INIT seed="2,1,0,2,3,49" ten="357,114,343,186" oya="2" hai0="37,10,7,125,73,89,92,72,74,105,80,48,112" hai1="2,129,14,110,69,61,62,122,50,47,52,107,64" hai2="68,94,6,132,66,22,96,63,58,11,121,9,0" hai3="13,59,134,70,55,93,133,32,17,79,34,101,99"/><V87/><F121/><W111/><G79/><T35/><D37/><U126/><E2/><V29/><F132/><N who="3" m="50795" /><G70/><T43/><D105/><U116/><E107/><V135/><F135/><W33/><G111/><T91/><D35/><N who="3" m="8961" /><W128/><DORA hai="20" /><G128/><T88/><D125/><U100/><E100/><V19/><F11/><W130/><G130/><T1/><D112/><U25/><E129/><V45/><F29/><W77/><G77/><T57/><D80/><U81/><E116/><V41/><F87/><W123/><G123/><T23/><D23/><U44/><E122/><V21/><F68/><W95/><G13/><T60/><D48/><U76/><E110/><V97/><F94/><N who="3" m="58615" /><G17/><T117/><D117/><U56/><E126/><V120/><F120/><W86/><G86/><T119/><D119/><U42/><E14/><V90/><F90/><W118/><G118/><T102/><D102/><U108/><E108/><V18/><F18/><W8/><G8/><T46/><D92/><U65/><E25/><V82/><F21/><W27/><G27/><T75/><D72/><U124/><E124/><V40/><F82/><W109/><G109/><T67/><D74/><U5/><E5/><V16/><F19/><W36/><G36/><T26/><D26/><U78/><E81/><V53/><F97/><W84/><G84/><T71/><D71/><U115/><REACH who="1" step="1"/><E115/><REACH who="1" ten="357,104,343,186" step="2"/><V24/><F0/><W113/><G113/><T83/><D83/><U127/><E127/><V98/><F24/><W106/><G106/><T31/><D31/><U54/><E54/><V114/><F114/><W3/><G3/><RYUUKYOKU ba="1,1" sc="357,10,104,10,343,-30,186,10" hai0="1,7,10,43,46,57,60,67,73,75,88,89,91" hai1="42,44,47,50,52,56,61,62,64,65,69,76,78" hai3="55,59,93,95" /><INIT seed="3,2,1,1,5,110" ten="367,114,313,196" oya="3" hai0="48,2,109,36,22,39,25,15,96,103,89,63,49" hai1="114,3,78,43,29,80,91,88,7,71,70,98,133" hai2="112,13,62,132,66,118,27,55,121,84,34,119,44" hai3="87,76,129,9,47,23,126,51,124,86,20,21,73"/><W28/><G129/><T10/><D2/><U82/><E133/><V85/><F13/><W8/><G28/><N who="0" m="17463" /><D39/><U92/><E29/><V125/><F27/><W6/><G73/><T61/><D36/><U72/><E114/><V12/><F12/><W83/><G86/><T30/><D30/><U5/><E43/><V97/><F97/><W95/><G95/><N who="0" m="56431" /><D103/><U127/><E127/><N who="3" m="48682" /><G6/><N who="0" m="3543" /><D109/><U94/><E3/><V17/><F85/><W108/><G108/><T37/><D37/><U77/><REACH who="1" step="1"/><E98/><REACH who="1" ten="367,104,313,196" step="2"/><V131/><F125/><W14/><G14/><T19/><D19/><U99/><E99/><V90/><F112/><W40/><AGARI ba="2,2" hai="8,9,20,21,23,40,47,51,76,83,87" m="48682" machi="40" ten="30,1500,0" yaku="18,1" doraHai="110" who="3" fromWho="3" sc="367,-7,104,-7,313,-7,196,41" /><INIT seed="3,3,0,3,1,40" ten="360,97,306,237" oya="3" hai0="89,123,33,74,68,91,109,92,124,130,95,27,86" hai1="115,32,106,29,104,57,49,30,44,34,82,119,84" hai2="88,113,66,17,24,69,6,37,43,63,31,83,107" hai3="26,98,102,96,133,71,126,4,16,51,60,117,8"/><W56/><G117/><T19/><D123/><U132/><E115/><V64/><F113/><W122/><G122/><T81/><D68/><U38/><E119/><V45/><F107/><W3/><G126/><T14/><D124/><U62/><E38/><V22/><F64/><W76/><G133/><T58/><D109/><U20/><E132/><V131/><F131/><W105/><G76/><T47/><D130/><U80/><E20/><V55/><F6/><W129/><G129/><T59/><D74/><U54/><E106/><V134/><F134/><W87/><G87/><N who="0" m="52287" /><D33/><U85/><E104/><V135/><F135/><W61/><G71/><T77/><D27/><U93/><E34/><V112/><F112/><W48/><G96/><N who="0" m="57471" /><D47/><U12/><E32/><V127/><F127/><W35/><G35/><T53/><D53/><U46/><E93/><V111/><F111/><W97/><G97/><T42/><D42/><U1/><E1/><V0/><F0/><W13/><G26/><T5/><D5/><U108/><E108/><V2/><F2/><W65/><REACH who="3" step="1"/><G60/><REACH who="3" ten="360,97,306,227" step="2"/><T120/><D120/><U125/><E125/><V121/><F121/><W73/><G73/><T101/><D101/><U116/><E116/><V28/><F69/><W70/><G70/><T99/><D99/><U94/><E94/><V50/><F63/><W79/><G79/><T41/><D86/><U90/><E12/><V110/><F24/><W39/><G39/><T7/><D77/><N who="1" m="46095" /><E62/><V52/><F37/><W9/><AGARI ba="3,1" hai="3,4,8,9,13,16,48,51,56,61,65,98,102,105" machi="9" ten="20,12000,1" yaku="1,1,0,1,7,1,54,1,53,1" doraHai="40" doraHaiUra="11" who="3" fromWho="3" sc="360,-43,97,-43,306,-43,227,139" owari="317,11.7,54,-44.6,263,-13.7,366,46.6" /></mjloggm>