<mjloggm ver="2.3"><GO type="225" lobby="0"/><UN n0="%74%2E%6F%2E%6F%2E%73" n1="%E3%81%BE%E3%81%8B%E3%81%B7%E3%82%93" n2="%E3%81%95%E3%81%8D%E3%81%9F%E3%81%BE%E6%9E%97%E6%AA%8E" n3="%E3%80%93%E3%81%97%E3%83%BC%E3%82%89%E3%80%93" dan="18,16,16,17" rate="2154.59,2067.11,2069.39,2189.43" sx="M,M,M,M"/><TAIKYOKU oya="0"/><INIT seed="0,0,0,4,5,75" ten="250,250,250,250" oya="0" hai0="14,134,28,116,80,127,108,87,83,62,3,47,2" hai1="111,30,56,124,133,10,25,13,76,45,42,68,63" hai2="106,103,86,33,35,91,122,118,66,131,23,125,59" hai3="123,57,6,12,107,17,102,64,34,65,119,101,100"/><T48/><D116/><U29/><E111/><V114/><F114/><W129/><G34/><T31/><D127/><U16/><E124/><V52/><F125/><W44/><G119/><T82/><D134/><U71/><E133/><V51/><F122/><W135/><G123/><T89/><D108/><U88/><E30/><V130/><F118/><W109/><G135/><T128/><D128/><U36/><E88/><V41/><F41/><W92/><G107/><T132/><D132/><U54/><REACH who="1" step="1"/><E76/><REACH who="1" ten="250,240,250,250" step="2"/><V27/><F103/><W69/><G109/><T79/><D31/><U104/><E104/><V74/><F106/><W58/><G129/><T84/><D28/><U22/><AGARI ba="0,1" hai="10,13,16,22,25,29,36,42,45,54,56,63,68,71" machi="22" ten="20,8000,1" yaku="1,1,0,1,7,1,54,1,53,1" doraHai="75" doraHaiUra="37" who="1" fromWho="1" sc="250,-40,240,90,250,-20,250,-20" /><INIT seed="1,0,0,1,1,59" ten="210,330,230,230" oya="1" hai0="91,7,77,86,47,28,82,65,17,25,109,24,135" hai1="74,94,58,70,113,93,75,55,4,114,95,130,34" hai2="78,123,60,98,23,8,35,103,43,100,126,88,49" hai3="46,38,27,81,115,45,111,96,39,90,133,3,117"/><U56/><E70/><V79/><F123/><W19/><G3/><T44/><D109/><U5/><E34/><V119/><F119/><W20/><G115/><N who="1" m="44042" /><E55/><V15/><F35/><W52/><G111/><T48/><D135/><U122/><E122/><V14/><F126/><W112/><G133/><T32/><D7/><N who="1" m="2635" /><E130/><V110/><F110/><W64/><G112/><T1/><D1/><U134/><E134/><V11/><F23/><W125/><G125/><T13/><D25/><U128/><E128/><V101/><F43/><W16/><G117/><T50/><D65/><U68/><E68/><V63/><F49/><W22/><G64/><T124/><D124/><U120/><E120/><V106/><F106/><W83/><G39/><T76/><D50/><U85/><E85/><V69/><F69/><W105/><G38/><T57/><D57/><AGARI ba="0,0" hai="56,57,58,74,75,93,94,95" m="2635,44042" machi="57" ten="40,3900,0" yaku="28,2" doraHai="59" who="1" fromWho="0" sc="210,-39,330,39,230,0,230,0" /><INIT seed="1,1,0,5,4,55" ten="171,369,230,230" oya="1" hai0="40,128,1,35,63,53,100,30,92,61,14,78,16" hai1="12,98,106,103,71,60,32,69,70,19,105,5,39" hai2="115,116,50,124,99,79,68,108,4,72,126,17,135" hai3="64,125,74,62,132,56,118,34,49,22,23,101,88"/><U13/><E39/><V43/><F116/><W6/><G74/><T111/><D111/><U73/><E73/><V0/><F68/><W20/><G34/><T44/><D128/><U27/><E5/><V129/><F108/><W25/><G118/><T37/><D1/><U57/><E106/><V109/><F109/><W45/><G125/><T123/><D78/><U82/><E82/><V76/><F0/><W33/><G33/><T97/><D123/><U91/><E91/><V10/><F72/><W127/><G132/><T28/><D35/><U2/><E2/><V86/><F99/><W65/><G6/><T47/><D63/><U52/><REACH who="1" step="1"/><E19/><REACH who="1" ten="171,359,230,230" step="2"/><V133/><F17/><W31/><G127/><T67/><D37/><U89/><E89/><V120/><F4/><W59/><G88/><T102/><D102/><U87/><E87/><V48/><F86/><W85/><G85/><T104/><D104/><U117/><E117/><V114/><F126/><W42/><G101/><T18/><D18/><U11/><E11/><V66/><F10/><W134/><G134/><T51/><D16/><U29/><AGARI ba="1,1" hai="12,13,27,29,32,52,57,60,69,70,71,98,103,105" machi="29" ten="40,12000,1" yaku="1,1,0,1,52,1,54,1,53,0" doraHai="55" doraHaiUra="77" who="1" fromWho="1" sc="171,-41,359,133,230,-41,230,-41" /><INIT seed="1,2,0,4,3,76" ten="130,492,189,189" oya="1" hai0="45,26,70,37,83,57,52,67,33,78,85,27,41" hai1="120,11,28,90,5,105,30,36,102,71,74,29,100" hai2="77,114,49,121,15,122,106,97,13,104,93,124,86" hai3="23,47,111,116,109,131,51,54,98,119,65,80,24"/><U110/><E120/><V44/><F124/><W91/><G131/><T82/><D33/><U73/><E36/><V99/><F114/><W16/><G65/><T2/><D2/><U58/><E71/><V21/><F122/><W35/><G35/><T6/><D6/><U87/><E110/><N who="3" m="41994" /><G98/><T68/><D68/><U43/><E43/><V56/><F121/><W118/><G91/><T133/><D133/><U101/><E105/><V66/><F106/><W48/><G48/><T12/><D12/><U46/><E46/><V18/><F104/><W135/><G80/><T81/><D81/><U103/><N who="1" m="25600" /><DORA hai="69" /><U95/><REACH who="1" step="1"/><E58/><REACH who="1" ten="130,482,189,189" step="2"/><V19/><F56/><N who="3" m="32863" /><G135/><T61/><REACH who="0" step="1"/><D82/><REACH who="0" ten="120,482,189,189" step="2"/><U9/><E9/><V88/><F21/><W31/><G47/><T60/><AGARI ba="2,2" hai="26,27,37,41,45,52,57,60,61,67,70,78,83,85" machi="60" ten="20,16000,3" yaku="1,1,2,1,0,1,7,1,52,2,54,1,53,1" doraHai="76,69" doraHaiUra="42,92" who="0" fromWho="0" sc="120,186,482,-82,189,-42,189,-42" /><INIT seed="2,0,0,0,1,1" ten="306,400,147,147" oya="2" hai0="66,27,39,123,95,110,81,31,112,51,58,114,55" hai1="0,118,104,86,17,35,9,117,8,94,2,115,4" hai2="82,62,12,49,45,91,79,34,14,108,40,135,71" hai3="16,43,28,29,88,89,132,120,106,69,109,48,129"/><V37/><F34/><W6/><G69/><T99/><D123/><U98/><E115/><V47/><F135/><W20/><G106/><T74/><D39/><U23/><E104/><V101/><F108/><W13/><G120/><T18/><D18/><U10/><E35/><V36/><F101/><W77/><G132/><T102/><D110/><U113/><E113/><V72/><F91/><N who="3" m="34891" /><G109/><T124/><D124/><U50/><E86/><V33/><F33/><W67/><G67/><T56/><D81/><U24/><E50/><V73/><F73/><W61/><G61/><N who="0" m="38183" /><D74/><U22/><E94/><V83/><F83/><W54/><G77/><T93/><D95/><U111/><E98/><V68/><F37/><W121/><G43/><T52/><D55/><U131/><E131/><V128/><F128/><W126/><G126/><T78/><D78/><U97/><E97/><V38/><F36/><W46/><G129/><T80/><D80/><U96/><E96/><V60/><F71/><W53/><G53/><T130/><D130/><U122/><E122/><V30/><F30/><N who="3" m="11883" /><G121/><T119/><D119/><N who="1" m="45579" /><E111/><V5/><F68/><W76/><G76/><T85/><D85/><U103/><E103/><V11/><REACH who="2" step="1"/><F12/><REACH who="2" ten="306,400,137,147" step="2"/><W92/><G92/><T127/><D127/><U25/><E0/><V3/><F3/><W15/><G15/><T26/><D26/><U44/><E25/><V70/><F70/><W42/><G42/><AGARI ba="0,1" hai="5,11,14,38,40,42,45,47,49,60,62,72,79,82" machi="42" ten="30,12000,1" yaku="1,1,7,1,52,1,53,2" doraHai="1" doraHaiUra="41" who="2" fromWho="3" sc="306,0,400,0,137,130,147,-120" /><INIT seed="2,1,0,1,3,49" ten="306,400,267,27" oya="2" hai0="73,103,30,71,57,75,122,88,82,58,84,10,22" hai1="117,102,100,120,60,86,9,51,2,5,121,19,123" hai2="7,131,112,130,52,4,83,94,45,46,85,35,125" hai3="12,41,29,110,108,32,3,135,65,18,34,53,13"/><V38/><F112/><W69/><G41/><T89/><D71/><U23/><E117/><V79/><F125/><W21/><G65/><T47/><D122/><U90/><E60/><V55/><F35/><N who="3" m="13355" /><G53/><N who="2" m="20553" /><F94/><W78/><G69/><T93/><D103/><U1/><E51/><V17/><F17/><N who="3" m="10407" /><G78/><T115/><D115/><U36/><E36/><V15/><F15/><W42/><G42/><T56/><D10/><U68/><E1/><V95/><F95/><W6/><G29/><T99/><D47/><N who="2" m="17930" /><F38/><W92/><G92/><T129/><D73/><U31/><E31/><V132/><F132/><W74/><G74/><T127/><D75/><U27/><E68/><V113/><F113/><W20/><G135/><T50/><D93/><AGARI ba="1,0" hai="2,5,9,19,23,27,86,90,93,100,102,120,121,123" machi="93" ten="40,1300,0" yaku="13,1" doraHai="49" who="1" fromWho="0" sc="306,-16,400,16,267,0,27,0" /><INIT seed="3,0,0,5,1,62" ten="290,416,267,27" oya="3" hai0="80,94,73,46,39,127,107,135,54,84,44,66,60" hai1="7,9,97,14,65,112,34,23,42,38,91,95,129" hai2="67,16,30,45,28,119,47,89,58,86,76,130,57" hai3="15,120,72,123,2,63,81,31,101,48,103,22,69"/><W92/><G2/><T118/><D107/><U4/><E112/><V116/><F130/><W132/><G132/><T61/><D118/><U18/><E34/><V17/><F76/><W49/><G72/><T115/><D135/><U87/><E129/><V108/><F108/><W20/><G81/><T117/><D117/><U128/><E128/><V111/><F111/><W36/><G63/><T90/><D127/><U79/><E65/><V93/><F119/><W102/><G92/><T40/><D115/><U51/><E38/><V24/><F116/><W70/><G36/><T74/><D94/><U83/><E23/><N who="3" m="8746" /><G15/><T56/><D46/><AGARI ba="0,0" hai="4,7,9,14,18,42,46,51,79,83,87,91,95,97" machi="46" ten="40,1300,0" yaku="8,1" doraHai="62" who="1" fromWho="0" sc="290,-13,416,13,267,0,27,0" owari="277,7.7,429,52.9,267,-13.3,27,-47.3" /></mjloggm>