<mjloggm ver="2.3"><GO type="225" lobby="0"/><UN n0="%E7%B4%94%E6%BD%94%E3%83%94%E3%83%A9%E3%83%8B%E3%82%A2" n1="%E6%A1%9C%E8%8A%B1%E9%96%83%E3%80%85" n2="%E9%89%A2%E5%B7%BB%E3%82%AC%E3%83%96" n3="%E3%82%A2%E3%83%BC%E3%83%A2%E3%83%AD%E3%83%BC%E3%83%B4%E3%82%A1" dan="16,18,16,16" rate="2153.98,2232.72,2132.36,2162.13" sx="M,M,M,M"/><TAIKYOKU oya="0"/><INIT seed="0,0,0,5,4,105" ten="250,250,250,250" oya="0" hai0="107,13,57,114,53,72,109,61,77,54,80,45,130" hai1="60,99,124,76,123,20,106,85,44,16,121,41,81" hai2="0,7,122,68,96,35,86,126,89,49,104,43,10" hai3="70,91,92,88,101,78,90,98,127,14,116,100,117"/><T17/><D114/><U51/><E124/><V5/><F122/><W82/><G70/><T113/><D113/><U42/><E42/><V37/><F126/><W94/><G127/><T47/><D107/><U97/><E60/><V2/><F49/><W24/><G14/><T119/><D119/><N who="3" m="45641" /><G24/><T83/><D130/><U131/><E131/><V71/><F86/><N who="3" m="48471" /><G101/><T38/><D38/><U118/><E118/><V48/><F48/><W40/><G40/><T52/><D83/><U55/><E41/><V102/><F89/><W84/><AGARI ba="0,0" hai="84,88,90,91,92,94,98,100" m="48471,45641" machi="84" ten="30,4000,0" yaku="34,2,54,1" doraHai="105" who="3" fromWho="3" sc="250,-20,250,-10,250,-10,250,40" /><INIT seed="1,0,0,4,5,75" ten="230,240,240,290" oya="1" hai0="103,107,72,52,62,119,118,113,80,79,112,6,31" hai1="64,19,38,14,5,0,12,83,114,92,50,20,131" hai2="48,36,40,46,44,18,99,115,93,87,32,23,27" hai3="39,65,15,35,86,24,116,8,17,109,106,13,41"/><U51/><E114/><N who="0" m="44137" /><D52/><U7/><E38/><V121/><F121/><W30/><G109/><T85/><D62/><U94/><E131/><V42/><F115/><W66/><G116/><N who="0" m="44587" /><D31/><U126/><E126/><V67/><F67/><W129/><G106/><T47/><D47/><U21/><E0/><V125/><F125/><W82/><G129/><T55/><D55/><U76/><E64/><V128/><F128/><W132/><G132/><T43/><D43/><U60/><E60/><V73/><F73/><W96/><G96/><N who="0" m="61927" /><D6/><U70/><E70/><V100/><F87/><AGARI ba="0,0" hai="72,79,80,85,87" m="61927,44587,44137" machi="87" ten="30,3900,0" yaku="34,2,52,1" doraHai="75" who="0" fromWho="2" sc="230,39,240,0,240,-39,290,0" /><INIT seed="2,0,0,5,2,100" ten="269,240,201,290" oya="2" hai0="50,15,99,88,110,90,14,23,22,102,25,115,68" hai1="30,34,21,129,4,93,41,40,133,57,77,18,84" hai2="71,48,61,121,98,119,63,65,74,28,122,5,94" hai3="80,113,104,123,3,39,69,62,0,81,96,45,47"/><V78/><F119/><W11/><G123/><T132/><D68/><U33/><E133/><V66/><F5/><W43/><G113/><T112/><D132/><U85/><E129/><V26/><F78/><W52/><G69/><T97/><D110/><U135/><E135/><V128/><F74/><W36/><G62/><T53/><D115/><U124/><E124/><V60/><F48/><W79/><G11/><T91/><D112/><U46/><E30/><V114/><F114/><W75/><G81/><T31/><D23/><U82/><E41/><V58/><F61/><W116/><G116/><T134/><D134/><U125/><E57/><V27/><F128/><W108/><G108/><T37/><D37/><U29/><E29/><V1/><F1/><W83/><G83/><T32/><D32/><U105/><E105/><V130/><F26/><W16/><G16/><N who="0" m="12487" /><D102/><U107/><E107/><V24/><F27/><W19/><G19/><T38/><D38/><U117/><E125/><V103/><REACH who="2" step="1"/><F130/><REACH who="2" ten="269,240,191,290" step="2"/><W87/><G75/><T55/><D50/><U120/><E4/><V7/><F7/><W64/><G36/><T131/><D31/><U95/><E117/><V8/><F8/><W9/><G9/><T118/><D131/><U13/><E77/><V54/><F54/><N who="0" m="20490" /><D118/><U86/><E40/><V51/><F51/><N who="3" m="28799" /><G64/><T92/><D92/><U127/><E127/><V70/><F70/><W89/><G104/><T49/><D49/><U101/><E95/><V76/><F76/><W72/><G72/><T59/><D59/><U10/><E93/><V106/><F106/><W73/><G73/><RYUUKYOKU ba="0,1" sc="269,10,240,-30,191,10,290,10" hai0="14,15,88,90,91,97,99" hai2="24,28,58,60,63,65,66,71,94,98,103,121,122" hai3="0,3,39,43,45,79,80,87,89,96" /><INIT seed="2,1,1,1,2,52" ten="279,210,201,300" oya="2" hai0="1,132,93,42,49,99,12,95,3,39,78,56,30" hai1="11,84,94,127,7,126,67,85,112,130,51,29,88" hai2="28,125,60,107,59,82,36,32,105,113,111,19,98" hai3="135,69,44,134,103,114,57,75,55,45,80,92,101"/><V5/><F113/><W54/><G69/><T118/><D118/><U47/><E112/><V79/><F36/><W21/><G114/><T25/><D132/><N who="3" m="50729" /><G21/><T109/><D109/><U133/><E133/><V53/><F111/><W8/><G8/><T0/><D78/><U76/><E29/><V50/><F125/><N who="1" m="47625" /><E130/><V10/><F19/><W46/><G92/><T16/><D39/><U6/><E67/><V31/><F98/><W108/><G54/><T90/><D95/><U24/><E24/><V64/><F105/><W20/><G20/><T34/><D42/><N who="1" m="25079" /><E11/><V106/><F106/><W41/><G41/><T102/><D49/><U74/><E74/><V22/><F22/><W83/><G108/><T100/><REACH who="0" step="1"/><D56/><REACH who="0" ten="269,210,201,300" step="2"/><U33/><E94/><V128/><F107/><W121/><G80/><T62/><D62/><U23/><E76/><V81/><F81/><W97/><G83/><T110/><D110/><U15/><E85/><V122/><F82/><W71/><G57/><T104/><D104/><U38/><E38/><V14/><F79/><W13/><G46/><T2/><N who="0" m="0" /><DORA hai="68" /><T120/><D120/><U17/><E84/><V77/><F77/><W129/><G45/><T116/><D116/><U43/><E43/><V48/><F122/><W9/><G44/><T73/><D73/><U35/><E88/><V89/><F89/><W26/><G75/><T40/><D40/><U66/><E66/><V96/><F48/><W131/><G121/><T87/><D87/><U119/><E119/><V58/><F64/><W117/><G117/><T86/><D86/><U18/><E18/><RYUUKYOKU ba="1,2" sc="269,15,210,15,201,-15,300,-15" hai0="12,16,25,30,34,90,93,99,100,102" hai1="6,7,15,17,23,33,35" /><INIT seed="3,2,2,2,4,60" ten="284,225,186,285" oya="3" hai0="104,29,51,70,12,20,124,85,27,65,127,82,43" hai1="135,105,69,55,61,134,106,129,96,34,10,31,117" hai2="37,40,132,93,21,97,91,4,58,78,120,84,87" hai3="5,88,126,67,113,98,100,11,66,14,107,94,92"/><W3/><G113/><T79/><D104/><U122/><E122/><V74/><F132/><N who="1" m="50729" /><E129/><V89/><F120/><W30/><G126/><N who="0" m="48171" /><D70/><U101/><E117/><V47/><F4/><W18/><G30/><T95/><D65/><N who="1" m="41135" /><E55/><V42/><F42/><W22/><G107/><T36/><D36/><U52/><E106/><V9/><F9/><W111/><G111/><T90/><D12/><U131/><E131/><V48/><F21/><W0/><G3/><T2/><D2/><U118/><E118/><V35/><F35/><W23/><G22/><T130/><D130/><U1/><E52/><V8/><F8/><W44/><G44/><N who="0" m="26015" /><D95/><U13/><E1/><V26/><F26/><W103/><G103/><T123/><D123/><U125/><E125/><V115/><F115/><W72/><G72/><T80/><D80/><U33/><E31/><V54/><REACH who="2" step="1"/><F89/><AGARI ba="2,2" hai="20,27,29,79,82,85,89,90" m="26015,48171" machi="89" ten="30,1000,0" yaku="18,1" doraHai="60" who="0" fromWho="2" sc="284,36,225,0,186,-16,285,0" owari="320,42.0,225,-17.5,170,-33.0,285,8.5" /></mjloggm>