<mjloggm ver="2.3"><GO type="225" lobby="0"/><UN n0="%E7%B4%94%E6%BD%94%E3%83%94%E3%83%A9%E3%83%8B%E3%82%A2" n1="%E5%8D%A0%E3%81%84%E5%B8%AB%E8%A3%8F%E3%81%AA%E3%81%84%E3%81%97" n2="%E7%8D%A3%E8%87%AD%E3%81%84%E8%82%89%E7%90%83" n3="%E5%B8%86%E7%AB%8B%E5%A4%8F%E8%A1%A3" dan="17,17,16,16" rate="2101.83,2222.19,2115.78,2206.69" sx="M,M,M,M"/><TAIKYOKU oya="0"/><INIT seed="0,0,0,3,2,57" ten="250,250,250,250" oya="0" hai0="42,7,82,24,33,117,23,63,91,27,2,93,98" hai1="115,3,35,50,112,102,88,34,19,72,39,114,80" hai2="32,81,120,4,97,83,96,29,25,54,66,64,84" hai3="56,110,78,0,20,116,70,126,1,131,135,75,106"/><T113/><D117/><U90/><E39/><V61/><F120/><W15/><RYUUKYOKU type="yao9" ba="0,0" sc="250,0,250,0,250,0,250,0" hai3="0,1,15,20,56,70,75,78,106,110,116,126,131,135" /><INIT seed="0,1,0,2,3,75" ten="250,250,250,250" oya="0" hai0="126,124,33,53,24,119,74,99,68,17,133,40,93" hai1="18,72,106,108,114,60,110,81,4,107,70,82,125" hai2="44,131,90,11,28,96,2,51,94,73,103,128,30" hai3="35,23,47,41,26,19,3,31,6,132,5,97,50"/><T130/><D119/><U27/><E4/><V10/><F73/><W129/><G132/><T98/><D133/><U65/><E125/><N who="0" m="48233" /><D130/><N who="2" m="49706" /><F103/><W8/><G129/><T83/><D68/><U87/><E114/><V66/><F66/><W64/><G64/><T25/><D40/><U13/><E27/><N who="0" m="10313" /><D33/><U80/><E72/><V76/><F76/><W92/><G6/><T113/><D113/><U63/><E63/><V91/><F91/><W61/><G61/><T1/><D17/><U38/><E38/><V105/><F105/><W14/><G97/><T84/><D1/><U115/><E115/><V0/><F0/><W46/><G46/><T100/><D74/><U43/><E43/><N who="2" m="24991" /><F2/><W58/><REACH who="3" step="1"/><G92/><REACH who="3" ten="250,250,250,240" step="2"/><T69/><D98/><U37/><E106/><V42/><F42/><W39/><G39/><T20/><D69/><U34/><E107/><V59/><F59/><AGARI ba="1,1" hai="3,5,8,14,19,23,26,31,35,41,47,50,58,59" machi="59" ten="40,8000,1" yaku="1,1,24,2,53,2" doraHai="75" doraHaiUra="54" who="3" fromWho="2" sc="250,0,250,0,250,-83,240,93" /><INIT seed="1,0,0,5,3,105" ten="250,250,167,333" oya="1" hai0="7,67,53,6,80,106,107,100,73,119,28,15,60" hai1="126,22,99,63,82,51,8,55,14,129,70,4,85" hai2="62,27,19,76,71,93,64,135,45,13,2,116,128" hai3="91,18,54,131,133,89,1,121,31,101,12,0,72"/><U134/><E134/><V75/><F116/><W48/><G133/><T66/><D28/><U36/><E36/><V79/><F135/><W9/><G131/><T78/><D119/><U30/><E126/><V118/><F118/><W43/><G121/><T5/><D15/><U124/><E124/><V39/><F2/><W125/><G125/><T38/><D38/><U20/><E129/><V40/><F128/><W21/><G101/><T104/><REACH who="0" step="1"/><D100/><REACH who="0" ten="240,250,167,333" step="2"/><U98/><E30/><V103/><F27/><W109/><G31/><T3/><D3/><U122/><E122/><V50/><F39/><W34/><G1/><T88/><D88/><N who="1" m="51255" /><E70/><V86/><F103/><W108/><G91/><T61/><D61/><U59/><E63/><V114/><F71/><W47/><G89/><T69/><D69/><U17/><E20/><V26/><F62/><W83/><G21/><T23/><D23/><U87/><E87/><V81/><F86/><W25/><G0/><T97/><D97/><N who="1" m="36875" /><E22/><V57/><F26/><W111/><G25/><T112/><D112/><U68/><E68/><V33/><F114/><W46/><G34/><T16/><D16/><AGARI ba="0,1" hai="4,8,14,16,17,51,55,59" m="36875,51255" machi="16" ten="30,5800,0" yaku="8,1,54,2" doraHai="105" who="1" fromWho="0" sc="240,-58,250,68,167,0,333,0" /><INIT seed="1,1,0,0,3,63" ten="182,318,167,333" oya="1" hai0="133,122,8,102,4,78,134,94,97,131,54,132,71" hai1="42,52,116,18,31,35,73,30,112,128,91,21,41" hai2="17,135,38,103,88,24,19,3,27,80,96,59,60" hai3="107,2,47,7,109,40,13,85,72,105,121,108,57"/><U11/><E112/><V45/><F3/><W83/><G121/><T123/><D131/><U50/><E116/><V86/><F135/><W79/><G85/><T49/><D71/><U39/><E73/><V110/><F110/><N who="3" m="42603" /><G13/><T43/><D43/><U67/><E128/><V46/><F27/><W12/><G12/><T84/><D84/><U14/><E39/><V130/><F130/><W16/><G16/><N who="2" m="6217" /><F24/><W82/><G82/><T15/><REACH who="0" step="1"/><D78/><REACH who="0" ten="172,318,167,333" step="2"/><U34/><E41/><V75/><F38/><N who="3" m="21911" /><G57/><AGARI ba="1,1" hai="4,8,15,49,54,57,94,97,102,122,123,132,133,134" machi="57" ten="40,2600,0" yaku="1,1,20,1,53,0" doraHai="63" doraHaiUra="22" who="0" fromWho="3" sc="172,39,318,0,167,0,333,-29" /><INIT seed="2,0,0,1,1,115" ten="211,318,167,304" oya="2" hai0="79,77,31,11,65,114,17,128,121,67,26,109,27" hai1="58,21,56,54,7,88,91,131,105,110,111,130,59" hai2="44,119,96,25,8,53,78,94,48,112,84,19,51" hai3="118,97,102,57,12,126,132,85,35,52,2,9,30"/><V5/><F112/><W82/><G118/><T38/><D38/><U133/><E105/><V55/><F119/><W33/><G2/><T127/><D114/><U71/><E71/><V116/><F116/><W66/><G126/><T39/><D39/><U20/><E7/><V16/><F25/><W41/><G41/><T95/><D127/><U76/><E76/><V62/><F62/><W123/><G132/><T18/><D95/><U72/><E72/><V100/><F84/><W106/><G66/><T28/><D11/><U45/><E45/><V120/><F78/><W63/><G123/><T47/><D47/><U73/><E73/><V22/><F22/><N who="1" m="8809" /><E54/><V32/><F32/><W37/><G30/><T3/><D109/><N who="1" m="41483" /><E133/><V50/><F120/><W42/><G42/><T89/><D3/><U49/><E49/><V134/><F51/><W113/><G37/><T122/><D89/><AGARI ba="0,0" hai="56,58,59,88,89,91,130,131" m="41483,8809" machi="89" ten="40,8000,1" yaku="28,2,14,1,54,1" doraHai="115" who="1" fromWho="0" sc="211,-80,318,80,167,0,304,0" /><INIT seed="3,0,0,2,3,74" ten="131,398,167,304" oya="3" hai0="19,59,36,95,17,114,53,44,134,20,50,127,68" hai1="67,101,103,33,96,131,10,64,75,80,60,92,38" hai2="32,13,111,40,42,78,27,90,100,107,79,43,76" hai3="21,97,132,81,123,48,94,84,18,110,62,108,85"/><W120/><G48/><T49/><D114/><U99/><E33/><V82/><F111/><N who="3" m="42539" /><G62/><T133/><D68/><U65/><E131/><V63/><F107/><W104/><G18/><T46/><D127/><U12/><E38/><V71/><F100/><N who="3" m="62479" /><G21/><T8/><D95/><N who="1" m="58527" /><E75/><V58/><F71/><W119/><G132/><T66/><D36/><U37/><E80/><V51/><F32/><W105/><G105/><T73/><D73/><U126/><E126/><V56/><F27/><W106/><G106/><T77/><D77/><U28/><E37/><V128/><F128/><W57/><G57/><N who="2" m="22121" /><F13/><W55/><G55/><T24/><D8/><U4/><E28/><V118/><F118/><W35/><G35/><T7/><D7/><N who="1" m="3167" /><E60/><V89/><F63/><W115/><G115/><T69/><D69/><U87/><E4/><V2/><F2/><W130/><G119/><T39/><D39/><U5/><E5/><V102/><F51/><W6/><G6/><T86/><D133/><U83/><E64/><V14/><F14/><W34/><G34/><T0/><D0/><U72/><E72/><V129/><F129/><W91/><G130/><T9/><D134/><U117/><E117/><V112/><F112/><W11/><G11/><T41/><D9/><U47/><E47/><V113/><F113/><W45/><G45/><T70/><D70/><U124/><E124/><V61/><F61/><W23/><G23/><T30/><D44/><U109/><E109/><V52/><F43/><W31/><G31/><T122/><D122/><U15/><E15/><V25/><F40/><W88/><AGARI ba="0,0" hai="81,84,85,88,91,94,120,123" m="62479,42539" machi="88" ten="30,18000,2" yaku="5,1,14,1,10,1,34,2,54,1" doraHai="74" who="3" fromWho="3" sc="131,-60,398,-60,167,-60,304,180" owari="71,-42.9,338,13.8,107,-29.3,484,58.4" /></mjloggm>