<mjloggm ver="2.3"><GO type="225" lobby="0"/><UN n0="%E3%81%AF%E3%82%88%E3%81%8A%E3%81%98%E3%81%95%E3%82%93" n1="%6D%75%75%6D%75%72%61" n2="%E7%B4%94%E6%BD%94%E3%83%94%E3%83%A9%E3%83%8B%E3%82%A2" n3="%E5%84%AA%40%41%42%43" dan="16,16,16,17" rate="2181.29,2133.17,2083.76,2234.32" sx="M,F,M,M"/><TAIKYOKU oya="0"/><INIT seed="0,0,0,4,4,82" ten="250,250,250,250" oya="0" hai0="126,99,55,115,112,46,79,87,19,106,14,88,134" hai1="16,2,40,85,38,53,67,6,47,83,108,20,28" hai2="3,110,109,7,45,133,68,35,43,127,104,49,32" hai3="81,62,113,107,96,116,72,86,57,30,120,93,71"/><T100/><D126/><U5/><E108/><N who="2" m="41579" /><F104/><W23/><G116/><T1/><D134/><U9/><E6/><V4/><F68/><W24/><G113/><T21/><D1/><U36/><E28/><V22/><F133/><W66/><G120/><T42/><D55/><U122/><E122/><V11/><F127/><W125/><G107/><T123/><D79/><U31/><E31/><V34/><F7/><W39/><G39/><T98/><D99/><U54/><E67/><V26/><F34/><W121/><G121/><T84/><D123/><U119/><E38/><V94/><F94/><W128/><G128/><T90/><D90/><U131/><E131/><V77/><F77/><W70/><G72/><T25/><D14/><U63/><E63/><V118/><F118/><W129/><G125/><T75/><D75/><U101/><E101/><V124/><F124/><W15/><G15/><T65/><D65/><U12/><REACH who="1" step="1"/><E119/><REACH who="1" ten="250,240,250,250" step="2"/><V130/><F130/><W69/><G129/><T76/><D112/><U41/><E41/><V0/><F0/><W132/><G132/><T56/><D115/><U95/><E95/><V114/><F114/><W18/><G30/><AGARI ba="0,1" hai="3,4,11,22,26,30,32,35,43,45,49" m="41579" machi="30" ten="30,1000,0" yaku="14,1" doraHai="82" who="2" fromWho="3" sc="250,0,240,0,250,20,250,-10" /><INIT seed="1,0,0,1,0,90" ten="250,240,270,240" oya="1" hai0="69,131,76,93,64,79,9,102,125,66,74,73,118" hai1="65,8,111,0,129,48,46,45,113,135,11,31,39" hai2="29,56,94,85,117,63,22,123,81,15,20,13,77" hai3="19,23,1,41,112,103,4,6,47,37,7,126,72"/><U51/><BYE who="0" /><E113/><V97/><F123/><UN n0="%E3%81%AF%E3%82%88%E3%81%8A%E3%81%98%E3%81%95%E3%82%93" /><W43/><G112/><T68/><D9/><U55/><E129/><V59/><F59/><W130/><G130/><T10/><D10/><U21/><E135/><V5/><F5/><W12/><G126/><T107/><D102/><U32/><E32/><V106/><F106/><W14/><G1/><T28/><D131/><U83/><E39/><V132/><F117/><W127/><G127/><T84/><D125/><U115/><E115/><V44/><F44/><W49/><G72/><T75/><D107/><U80/><E0/><V58/><F58/><W110/><G110/><T35/><D35/><U25/><E65/><N who="0" m="25193" /><D84/><U87/><E111/><V133/><F133/><W124/><G124/><T26/><D26/><U42/><REACH who="1" step="1"/><E83/><REACH who="1" ten="250,230,270,240" step="2"/><V109/><F109/><W119/><G119/><T105/><D118/><U104/><E104/><V122/><F132/><W134/><G134/><T60/><D105/><U40/><E40/><V34/><F34/><W54/><G37/><T18/><D69/><U50/><E50/><V114/><F114/><W82/><G82/><T88/><D68/><U71/><E71/><V108/><F108/><W16/><REACH who="3" step="1"/><G103/><REACH who="3" ten="250,230,270,230" step="2"/><T100/><D100/><U91/><AGARI ba="0,2" hai="8,11,21,25,31,42,45,46,48,51,55,80,87,91" machi="91" ten="20,7800,0" yaku="1,1,0,1,7,1,8,1,53,0" doraHai="90" doraHaiUra="101" who="1" fromWho="1" sc="250,-26,230,98,270,-26,230,-26" /><INIT seed="1,1,0,5,4,9" ten="224,328,244,204" oya="1" hai0="120,132,103,19,14,29,7,135,100,24,85,23,38" hai1="50,131,41,121,108,114,15,42,10,128,64,55,116" hai2="96,134,6,110,107,48,20,102,63,92,4,94,21" hai3="74,112,76,5,58,3,27,105,51,91,31,18,118"/><U34/><E34/><V126/><F110/><W86/><G112/><T26/><D38/><U130/><E114/><V13/><F126/><W28/><G105/><T49/><D120/><U78/><E121/><V88/><F134/><N who="0" m="51242" /><D7/><U61/><E116/><V113/><F113/><W44/><G118/><T65/><D65/><U90/><E78/><V73/><F73/><W25/><G5/><N who="2" m="2153" /><F107/><W93/><G3/><T97/><D97/><U125/><E90/><V43/><F63/><W35/><G58/><T22/><D85/><U60/><E125/><V117/><F117/><W127/><G127/><T67/><D67/><U37/><E37/><V75/><F75/><W122/><G122/><T119/><D119/><U115/><E115/><V104/><F104/><W81/><G18/><N who="0" m="12375" /><D49/><U98/><E98/><N who="2" m="57607" /><F13/><W2/><G2/><T33/><AGARI ba="1,0" hai="14,19,23,26,29,33,100,103" m="12375,51242" machi="33" ten="30,2000,0" yaku="20,1,52,1" doraHai="9" who="0" fromWho="0" sc="224,23,328,-11,244,-6,204,-6" /><INIT seed="2,0,0,0,1,64" ten="247,317,238,198" oya="2" hai0="30,21,88,119,115,48,43,89,17,95,129,18,6" hai1="105,91,12,122,29,2,104,110,101,73,117,13,113" hai2="116,11,14,133,75,41,120,49,131,36,35,51,94" hai3="52,97,82,28,23,125,3,5,112,74,96,33,45"/><V123/><F35/><W16/><G125/><T50/><D115/><U32/><E113/><V130/><F75/><W67/><G112/><T114/><D114/><U132/><E117/><V22/><F116/><W66/><G33/><T92/><D119/><U77/><E2/><V44/><F22/><W86/><G74/><T108/><D108/><U25/><E110/><V47/><F94/><W19/><G5/><T90/><D129/><N who="2" m="49162" /><F14/><N who="3" m="9623" /><G3/><T4/><D30/><U62/><E132/><V78/><F11/><W55/><G28/><T61/><D61/><U106/><E104/><V102/><F102/><W24/><G19/><N who="0" m="7179" /><D21/><U69/><E106/><V68/><F78/><N who="3" m="46423" /><G24/><T0/><D0/><U118/><E118/><V121/><F133/><W54/><G45/><N who="0" m="25663" /><D50/><N who="2" m="18954" /><F47/><W80/><G80/><T128/><D128/><U107/><E107/><V87/><F87/><W124/><G124/><T53/><D4/><U39/><E105/><V100/><F100/><W38/><G38/><T63/><D6/><U1/><E101/><V7/><F7/><W20/><G20/><T27/><D27/><U9/><E1/><V15/><F15/><W83/><G83/><T103/><D103/><U71/><E73/><V58/><F68/><W99/><AGARI ba="0,0" hai="52,54,55,66,67,96,97,99" m="46423,9623" machi="99" ten="30,4000,0" yaku="8,1,54,2" doraHai="64" who="3" fromWho="3" sc="247,-10,317,-10,238,-20,198,40" /><INIT seed="3,0,0,4,5,135" ten="237,307,218,238" oya="3" hai0="14,20,49,36,25,16,112,114,128,108,106,133,110" hai1="68,54,87,55,15,126,93,58,13,1,79,95,100" hai2="73,52,122,134,77,43,125,117,34,19,10,99,28" hai3="119,85,32,48,121,42,72,37,4,18,40,131,65"/><W67/><G121/><T63/><D36/><U69/><E1/><V83/><F117/><W91/><G72/><T22/><D106/><U81/><E126/><V129/><F125/><W107/><G119/><T50/><D63/><U102/><E69/><V53/><F122/><W88/><G37/><T113/><D133/><U8/><E68/><V75/><F134/><W59/><G32/><T7/><D128/><U3/><E3/><V127/><F127/><W82/><G107/><T130/><D130/><U105/><E105/><V78/><F129/><W41/><G4/><T96/><D96/><U90/><E55/><V66/><F66/><N who="3" m="25099" /><G131/><T39/><D39/><U31/><E31/><V57/><F43/><N who="3" m="16459" /><G18/><N who="0" m="10327" /><D7/><N who="1" m="3231" /><E15/><V2/><F2/><W29/><G29/><T124/><D124/><U5/><E5/><V74/><F74/><W115/><G115/><T24/><D25/><U47/><E47/><V35/><F28/><W104/><G104/><T84/><D84/><N who="1" m="48191" /><E95/><V64/><F64/><W45/><G59/><T51/><AGARI ba="0,0" hai="16,22,24,49,50,51,108,110,112,113,114" m="10327" machi="51" ten="40,2700,0" yaku="11,1,54,1" doraHai="135" who="0" fromWho="0" sc="237,27,307,-7,218,-7,238,-13" owari="264,6.4,300,40.0,211,-28.9,225,-17.5" /></mjloggm>