<mjloggm ver="2.3"><GO type="225" lobby="0"/><UN n0="%E3%81%95%E3%81%8D%E3%81%9F%E3%81%BE%E6%9E%97%E6%AA%8E" n1="%E3%81%86%E3%82%8C%E3%81%9F%E3%82%93%E6%9E%95" n2="%47%32%E9%BE%8D%E9%96%80" n3="%E3%81%86%E3%82%8B%E3%81%8A%E3%81%A1%E3%82%83" dan="16,16,16,16" rate="2124.43,2171.70,2094.87,2126.53" sx="M,F,M,F"/><TAIKYOKU oya="0"/><INIT seed="0,0,0,5,2,80" ten="250,250,250,250" oya="0" hai0="46,26,66,72,118,60,84,68,53,67,45,110,75" hai1="123,23,104,101,32,37,19,33,17,117,52,71,127" hai2="22,99,61,97,8,130,134,31,28,125,74,24,120" hai3="13,2,133,48,100,51,105,92,91,27,94,124,65"/><T64/><D118/><U11/><E117/><V93/><F120/><W131/><G2/><T16/><D68/><U79/><E123/><V3/><F74/><W119/><G119/><T129/><D129/><U73/><E71/><V4/><F130/><W20/><G105/><T62/><D75/><U58/><E37/><V96/><F134/><W38/><G38/><T135/><D135/><U7/><E79/><V12/><F125/><W44/><G124/><T86/><D72/><U29/><E73/><V10/><F31/><W59/><G133/><T109/><D26/><U114/><E29/><V15/><F61/><N who="0" m="23658" /><D16/><U85/><E19/><V36/><F36/><W106/><G106/><T113/><D113/><U102/><E104/><V49/><F49/><W30/><G13/><T9/><D9/><U18/><E17/><N who="2" m="8343" /><F3/><W70/><G51/><T83/><D83/><U126/><E114/><V128/><F128/><W42/><G70/><T111/><D53/><U35/><E126/><V82/><F82/><W112/><G112/><T87/><AGARI ba="0,0" hai="45,46,64,66,67,84,86,87,109,110,111" m="23658" machi="87" ten="40,24000,3" yaku="29,2,28,2,14,1,10,1,52,3" doraHai="80" who="0" fromWho="0" sc="250,240,250,-80,250,-80,250,-80" /><INIT seed="0,1,0,3,1,116" ten="490,170,170,170" oya="0" hai0="110,98,7,78,134,119,67,60,14,87,26,42,50" hai1="72,118,53,22,108,32,126,6,69,27,0,76,65" hai2="80,61,21,34,37,13,92,51,135,88,28,81,49" hai3="123,73,122,129,94,5,74,79,17,99,40,133,84"/><T120/><D120/><N who="3" m="46121" /><G133/><T64/><D119/><U125/><E118/><V109/><F37/><W3/><G129/><T23/><D134/><U95/><E108/><V29/><F135/><W104/><G104/><T62/><D110/><U112/><E112/><V63/><F109/><W71/><G71/><T54/><D98/><U47/><E95/><V70/><F34/><W93/><G40/><T24/><D42/><U97/><E97/><V96/><F70/><W127/><G127/><N who="1" m="48650" /><E32/><V68/><F68/><W20/><G3/><T90/><D78/><U131/><E131/><V10/><F63/><N who="0" m="24106" /><D7/><U82/><E65/><N who="0" m="25161" /><D14/><U44/><E69/><V124/><F124/><W101/><G5/><T115/><D23/><U100/><E100/><V31/><F21/><W45/><G45/><N who="1" m="17482" /><E6/><N who="2" m="3287" /><F61/><W56/><G56/><N who="0" m="32855" /><D115/><U9/><E0/><V52/><F28/><W86/><G86/><T111/><D111/><U55/><E9/><V75/><F29/><AGARI ba="1,0" hai="22,27,29,53,55,72,76,82" m="17482,48650" machi="29" ten="30,1000,0" yaku="18,1" doraHai="116" who="1" fromWho="2" sc="490,0,170,13,170,-13,170,0" /><INIT seed="1,0,0,2,5,91" ten="490,183,157,170" oya="1" hai0="113,49,88,52,96,73,33,119,15,68,53,4,13" hai1="99,85,64,58,90,59,123,125,25,14,42,56,104" hai2="29,46,54,105,132,102,47,1,92,11,108,12,103" hai3="114,116,20,22,120,122,65,6,38,111,30,3,76"/><U66/><E123/><V45/><F108/><W60/><G38/><T106/><D113/><U70/><E125/><V118/><F118/><W129/><G76/><T94/><D73/><U110/><E70/><V126/><F132/><W78/><G78/><T0/><D119/><U87/><E110/><V81/><F126/><W95/><G114/><T71/><D106/><U75/><E75/><V50/><F1/><W61/><G111/><T19/><D33/><U89/><E42/><V101/><F105/><W63/><G116/><T26/><D0/><U31/><E14/><V16/><F29/><W55/><G129/><T79/><D79/><U115/><E115/><V82/><REACH who="2" step="1"/><F92/><REACH who="2" ten="490,183,147,170" step="2"/><W36/><G30/><T74/><D94/><N who="1" m="56783" /><E104/><V18/><F18/><W17/><G17/><T112/><D112/><U5/><E5/><V10/><F10/><W62/><G6/><T69/><D4/><U39/><E39/><V48/><F48/><W28/><G36/><T128/><D74/><U44/><E31/><V21/><F21/><W32/><G20/><T130/><D71/><U83/><E25/><V93/><F93/><W133/><G95/><T109/><D26/><U27/><E27/><V41/><F41/><W51/><G3/><T37/><D69/><U97/><E97/><V2/><F2/><W77/><G133/><T57/><D68/><U134/><E134/><V124/><F124/><W67/><G22/><T8/><D37/><U43/><E87/><V127/><F127/><W84/><G84/><T131/><D96/><U40/><E40/><V121/><F121/><N who="3" m="46699" /><G28/><T107/><D107/><RYUUKYOKU ba="0,1" sc="490,-15,183,15,147,15,170,-15" hai1="43,44,56,58,59,64,66,83,85,90" hai2="11,12,16,45,46,47,50,54,81,82,101,102,103" /><INIT seed="1,1,1,2,1,21" ten="475,198,162,155" oya="1" hai0="89,20,132,63,65,53,70,100,95,130,79,114,74" hai1="3,51,81,42,122,55,52,33,26,34,125,17,58" hai2="43,91,67,11,88,99,1,73,66,75,116,94,83" hai3="47,105,25,49,16,126,92,71,30,7,6,8,107"/><U72/><E122/><V54/><F116/><W78/><G71/><T102/><D114/><U101/><E3/><V112/><F112/><W123/><G123/><T12/><D132/><U10/><E125/><V60/><F43/><W108/><G108/><T56/><D130/><U36/><E36/><V128/><F128/><W90/><G126/><T111/><D111/><U28/><E101/><V48/><F1/><W85/><G78/><T77/><D74/><U82/><E72/><V29/><F11/><W4/><G105/><T124/><D124/><U44/><E34/><V93/><F29/><W59/><G59/><T27/><D12/><U18/><E42/><V121/><F121/><W86/><G107/><T2/><D2/><U35/><E35/><V41/><F41/><N who="3" m="24815" /><G30/><T62/><D79/><U32/><E32/><V115/><F83/><W31/><G31/><T87/><D77/><U0/><E0/><V133/><F133/><W45/><G45/><T113/><D113/><U14/><REACH who="1" step="1"/><E18/><AGARI ba="1,1" hai="18,20,27,53,56,62,63,65,70,87,89,95,100,102" machi="18" ten="30,2000,0" yaku="7,1,52,1" doraHai="21" who="0" fromWho="1" sc="475,33,198,-23,162,0,155,0" /><INIT seed="2,0,0,1,0,66" ten="508,175,162,155" oya="2" hai0="133,71,22,2,91,72,62,121,83,8,60,111,118" hai1="128,85,92,57,100,107,55,25,41,73,9,24,95" hai2="63,34,32,29,39,46,12,35,112,117,69,33,98" hai3="126,37,109,18,75,11,59,124,36,30,115,50,97"/><V58/><F112/><W17/><G75/><T77/><D111/><U87/><E73/><V135/><F117/><W86/><G30/><T64/><D121/><U0/><E41/><V90/><F135/><W88/><G97/><T113/><D113/><U14/><E0/><V80/><F69/><W28/><G28/><T47/><D133/><U120/><E128/><V31/><F12/><W99/><G99/><T122/><D122/><U65/><E65/><V54/><N who="2" m="8192" /><DORA hai="49" /><V27/><F27/><N who="1" m="10313" /><E107/><V76/><F39/><W89/><G115/><T7/><D118/><U93/><E100/><V129/><F129/><W40/><G109/><T79/><D22/><U67/><E67/><V105/><F46/><W44/><G89/><T108/><D62/><N who="1" m="36159" /><E120/><V6/><F6/><AGARI ba="0,0" hai="6,9,14,85,87,92,93,95" m="36159,10313" machi="6" ten="30,2000,0" yaku="8,1,52,1" doraHai="66,49" who="1" fromWho="2" sc="508,0,175,20,162,-20,155,0" /><INIT seed="3,0,0,2,4,125" ten="508,195,142,155" oya="3" hai0="111,24,49,59,82,100,64,29,53,97,3,62,43" hai1="105,80,72,75,9,57,4,134,93,87,115,60,117" hai2="17,110,122,118,47,124,58,83,95,20,90,50,120" hai3="108,55,67,56,73,123,7,46,113,119,44,8,126"/><W1/><G73/><T79/><D111/><U71/><E134/><V13/><F118/><W45/><G119/><T11/><D43/><U14/><E105/><V51/><F124/><W0/><G126/><T5/><D82/><U85/><E117/><V40/><F110/><W37/><G108/><T27/><D79/><U2/><E71/><V18/><F83/><W101/><G113/><T54/><D54/><U6/><E115/><V32/><F32/><W132/><G123/><N who="2" m="47145" /><F18/><W63/><G132/><T28/><D28/><U66/><E2/><V103/><F103/><W129/><G37/><T68/><D29/><U121/><E121/><V130/><F130/><W35/><G129/><T127/><D127/><U36/><E36/><N who="2" m="21895" /><F58/><W114/><G114/><T94/><AGARI ba="0,0" hai="3,5,11,24,27,49,53,59,62,64,68,94,97,100" machi="94" ten="20,1500,0" yaku="0,1,7,1" doraHai="125" who="0" fromWho="0" sc="508,15,195,-4,142,-4,155,-7" owari="523,62.3,191,-0.9,138,-36.2,148,-25.2" /></mjloggm>