<mjloggm ver="2.3"><GO type="225" lobby="0"/><UN n0="%E6%80%AA%E3%81%97%E3%81%99%E3%81%8E%E3%82%8B%E3%83%81%E3%83%BC" n1="%E3%83%AD%E3%83%83%E3%83%86%E9%9B%80%E7%90%83" n2="%70%68%65%6E%6F%6D%65" n3="%6D%75%75%6D%75%72%61" dan="16,17,16,16" rate="2174.67,2167.19,2144.69,2108.76" sx="M,M,M,F"/><TAIKYOKU oya="0"/><INIT seed="0,0,0,1,2,28" ten="250,250,250,250" oya="0" hai0="37,81,80,96,122,119,105,30,68,62,69,41,14" hai1="45,42,66,6,56,43,90,60,94,61,51,131,55" hai2="92,87,31,116,4,114,39,53,99,22,54,101,123" hai3="91,15,102,10,135,26,128,59,83,20,33,32,88"/><T76/><D119/><U132/><E132/><V35/><F116/><W104/><G135/><T49/><D122/><U17/><E131/><V106/><F123/><W18/><G128/><T67/><D69/><U98/><E6/><V34/><F114/><W72/><G104/><T9/><D30/><U23/><REACH who="1" step="1"/><E61/><REACH who="1" ten="250,240,250,250" step="2"/><V95/><F4/><W75/><G75/><T29/><D62/><U38/><E38/><V77/><F39/><W71/><G72/><T5/><D37/><U127/><E127/><V107/><F106/><W8/><G71/><T11/><D68/><U78/><E78/><V86/><F77/><W110/><G110/><T126/><D5/><U121/><E121/><V89/><F107/><W24/><G91/><T2/><D76/><U97/><E97/><V103/><F101/><W120/><G102/><T16/><D96/><U100/><E100/><V12/><F87/><W111/><G120/><T109/><D105/><U129/><E129/><V74/><F74/><W79/><G111/><T134/><D126/><U1/><E1/><V40/><F103/><W57/><G79/><T7/><D134/><U85/><E85/><V46/><F99/><W27/><G88/><T63/><D109/><U115/><E115/><V125/><F125/><W73/><G73/><T47/><D29/><U50/><E50/><N who="2" m="26951" /><F31/><W70/><G70/><T3/><D3/><U19/><E19/><N who="2" m="10599" /><F86/><W130/><G130/><T25/><D25/><AGARI ba="0,1" hai="17,23,25,42,43,45,51,55,56,60,66,90,94,98" machi="25" ten="30,7700,0" yaku="1,1,7,1,8,1,53,1" doraHai="28" doraHaiUra="44" who="1" fromWho="0" sc="250,-77,240,87,250,0,250,0" /><INIT seed="1,0,0,3,4,12" ten="173,327,250,250" oya="1" hai0="9,94,54,40,124,77,46,48,24,107,126,60,27" hai1="98,15,14,42,112,59,22,119,114,13,8,1,5" hai2="135,37,65,6,55,47,66,79,76,49,117,105,31" hai3="3,125,86,102,81,2,28,62,92,103,53,128,88"/><U122/><E42/><V120/><F117/><W52/><G128/><T21/><D107/><U95/><E119/><V41/><F120/><W101/><G125/><N who="0" m="48235" /><D77/><U118/><E118/><V0/><F135/><W67/><G28/><T131/><D131/><U132/><E122/><V10/><F105/><W115/><G115/><T134/><D134/><U45/><E45/><V7/><F7/><W64/><G81/><T25/><D9/><U99/><E99/><V20/><F31/><W110/><G110/><T4/><D4/><U23/><E132/><V130/><F130/><W56/><REACH who="3" step="1"/><G53/><REACH who="3" ten="173,327,250,240" step="2"/><T33/><D33/><U11/><E114/><V26/><F76/><W82/><G82/><T68/><D94/><U39/><E95/><V70/><F79/><W106/><G106/><T38/><D54/><U123/><E112/><V58/><F70/><W74/><G74/><T85/><D68/><U75/><E75/><V96/><F96/><W29/><G29/><T44/><D85/><U133/><E98/><V108/><F108/><W83/><G83/><T91/><D91/><U78/><E78/><V93/><F93/><W35/><G35/><T113/><D113/><U57/><E133/><V89/><F89/><W30/><G30/><N who="0" m="17679" /><D60/><U63/><E63/><V19/><AGARI ba="0,1" hai="0,6,10,19,20,26,37,41,47,49,55,58,65,66" machi="19" ten="20,2700,0" yaku="0,1,7,1,52,1" doraHai="12" who="2" fromWho="2" sc="173,-7,327,-13,250,37,240,-7" /><INIT seed="2,0,0,5,4,63" ten="166,314,287,233" oya="2" hai0="34,9,56,93,17,59,135,6,46,103,13,28,125" hai1="60,115,31,14,57,108,4,107,32,114,89,101,36" hai2="71,62,123,98,128,47,26,49,131,69,48,58,1" hai3="54,124,105,65,18,23,87,130,67,133,76,99,10"/><V86/><F1/><W8/><G124/><T74/><D125/><U39/><E108/><V85/><F98/><W35/><G35/><T116/><D74/><U72/><E89/><V50/><F26/><W44/><G130/><N who="2" m="49705" /><F123/><W25/><G133/><T122/><D135/><U66/><E101/><V84/><F47/><W75/><G75/><T113/><D122/><U33/><E72/><V90/><F90/><W38/><G105/><T127/><D113/><U45/><E107/><V52/><AGARI ba="0,0" hai="48,49,50,52,58,62,69,71,84,85,86" m="49705" machi="52" ten="40,3900,0" yaku="19,1,54,1" doraHai="63" who="2" fromWho="2" sc="166,-13,314,-13,287,39,233,-13" /><INIT seed="2,1,0,0,0,30" ten="153,301,326,220" oya="2" hai0="74,38,52,96,128,112,113,40,11,56,114,66,12" hai1="25,59,77,115,127,118,98,111,135,107,81,62,34" hai2="33,80,108,51,67,64,18,105,122,3,31,95,120" hai3="109,89,63,2,121,42,61,75,9,94,36,20,43"/><V49/><F105/><W86/><G121/><T16/><D128/><U130/><E115/><V32/><F3/><W26/><G109/><T19/><D74/><U110/><E118/><V41/><F31/><W8/><G75/><T35/><D66/><U47/><E127/><V106/><F106/><W29/><G36/><T97/><D35/><U123/><E135/><V72/><F72/><W134/><G134/><T14/><D40/><N who="3" m="15401" /><G2/><T22/><REACH who="0" step="1"/><D38/><REACH who="0" ten="143,301,326,220" step="2"/><U131/><E34/><V104/><F41/><W58/><G61/><AGARI ba="1,1" hai="11,12,14,16,19,22,52,56,61,96,97,112,113,114" machi="61" ten="40,8000,1" yaku="1,1,2,1,54,2,53,0" doraHai="30" doraHaiUra="73" who="0" fromWho="3" sc="143,93,301,0,326,0,220,-83" /><INIT seed="3,0,0,2,5,1" ten="236,301,326,137" oya="3" hai0="10,13,23,102,88,77,33,97,59,0,17,19,25" hai1="64,50,96,51,52,20,131,100,119,89,26,65,57" hai2="4,99,130,122,44,127,18,7,79,67,111,106,70" hai3="27,60,123,85,82,61,114,103,105,95,36,32,81"/><W49/><G114/><T40/><D0/><U75/><E75/><V3/><F3/><W117/><G36/><T94/><D33/><U126/><E131/><V30/><F30/><W16/><G117/><T37/><D77/><U41/><E126/><V38/><F79/><W86/><G123/><T22/><D37/><U74/><E74/><V2/><F2/><W118/><G105/><T135/><D135/><U129/><E129/><V54/><F130/><W107/><G107/><T93/><D40/><U101/><E119/><V134/><F134/><W48/><G118/><T24/><D59/><U116/><E116/><V11/><F127/><W104/><G104/><T120/><D120/><U31/><E89/><V66/><F70/><W78/><G32/><T28/><D93/><N who="1" m="58383" /><E101/><AGARI ba="0,0" hai="10,13,17,19,22,23,24,25,28,88,94,97,101,102" machi="101" ten="40,2600,0" yaku="8,1,54,1" doraHai="1" who="0" fromWho="1" sc="236,26,301,-26,326,0,137,0" owari="262,-13.8,275,7.5,326,42.6,137,-36.3" /></mjloggm>