<mjloggm ver="2.3"><GO type="225" lobby="0"/><UN n0="%77%72%77%72%77%72%77%72" n1="%E3%83%97%E3%83%AC%E3%83%B4%E3%82%A1%E3%83%86%E3%82%A3" n2="%E8%B6%85%E7%B4%9A%E9%B3%B3%E5%87%B0" n3="%E3%81%A8%E3%82%93%E3%81%A8%E3%81%93%E3%81%A8%E3%82%93" dan="16,16,16,16" rate="2168.53,2140.13,2140.75,2174.10" sx="M,F,M,F"/><TAIKYOKU oya="0"/><INIT seed="0,0,0,5,4,125" ten="250,250,250,250" oya="0" hai0="69,63,53,10,65,11,36,54,62,99,116,106,100" hai1="128,23,64,107,111,77,26,119,67,28,78,88,129" hai2="21,133,50,121,14,48,76,130,27,95,132,86,2" hai3="46,92,45,80,8,3,124,1,75,25,114,82,81"/><T29/><D116/><U15/><E107/><V59/><F121/><W104/><G104/><T101/><D36/><U34/><E119/><V103/><F2/><W112/><G75/><T5/><D101/><U43/><E43/><V39/><F39/><W44/><G124/><T135/><D135/><N who="2" m="51786" /><F14/><W98/><G25/><T93/><D93/><U108/><E15/><V57/><F103/><W60/><G60/><T79/><D79/><N who="1" m="30219" /><E34/><V70/><F70/><W131/><G131/><N who="1" m="50250" /><E88/><N who="2" m="53655" /><F76/><W31/><G1/><T55/><D5/><U56/><E56/><N who="2" m="21579" /><F130/><W96/><G3/><T73/><D73/><U61/><E61/><V105/><F105/><W83/><G112/><T17/><D62/><U42/><E42/><V74/><F74/><W127/><G114/><T102/><D102/><U13/><E13/><V32/><F32/><W35/><G35/><T89/><D89/><U85/><E85/><V20/><F20/><W122/><G127/><T113/><D113/><U6/><E6/><V58/><N who="2" m="21587" /><V90/><DORA hai="87" /><F90/><W134/><G134/><T109/><D63/><U117/><E117/><V16/><AGARI ba="0,0" hai="16,21,27,48,50" m="21587,53655,51786" machi="16" ten="40,8000,1" yaku="20,1,52,1,54,2" doraHai="125,87" who="2" fromWho="2" sc="250,-40,250,-20,250,80,250,-20" /><INIT seed="1,0,0,3,0,27" ten="210,230,330,230" oya="1" hai0="82,22,2,38,131,86,65,106,20,123,102,120,25" hai1="63,43,75,103,69,128,111,30,1,64,60,50,87" hai2="95,90,112,98,48,107,16,31,11,55,18,77,92" hai3="115,127,57,121,113,122,32,19,74,46,59,23,84"/><U99/><E1/><V5/><F112/><W117/><G74/><T97/><D38/><U26/><E75/><V66/><F77/><W39/><G32/><T12/><D2/><U116/><E116/><V70/><F107/><W37/><G84/><T6/><D131/><U14/><E128/><V80/><F80/><W110/><G117/><T15/><D65/><U119/><E119/><V89/><F70/><W56/><G110/><T133/><D133/><U44/><E111/><V108/><F108/><W104/><G104/><T24/><D6/><U13/><E63/><V62/><F31/><W3/><G3/><T105/><D86/><U61/><E61/><V54/><F5/><W132/><G127/><T135/><D82/><U9/><E87/><V10/><F62/><W33/><G33/><T96/><D135/><U52/><E43/><V130/><F48/><W124/><G124/><T4/><D4/><U73/><E9/><V53/><F130/><W101/><G132/><T118/><D118/><U8/><E8/><N who="2" m="3115" /><F66/><W78/><G78/><T114/><REACH who="0" step="1"/><D102/><REACH who="0" ten="200,230,330,230" step="2"/><U0/><E0/><V79/><F79/><W7/><G101/><T81/><D81/><U28/><E73/><V41/><F41/><N who="3" m="22831" /><G7/><T68/><D68/><U109/><E109/><V93/><F98/><W40/><G40/><T100/><D100/><U36/><E36/><V129/><F129/><W134/><G39/><T76/><D76/><U49/><E103/><V125/><F125/><W34/><G134/><T88/><D88/><AGARI ba="0,1" hai="16,18,53,54,55,88,89,90,92,93,95" m="3115" machi="88" ten="40,8000,1" yaku="28,2,8,1,54,2" doraHai="27" who="2" fromWho="0" sc="200,-80,230,0,330,90,230,0" /><INIT seed="2,0,0,0,3,12" ten="120,230,420,230" oya="2" hai0="18,72,124,17,70,110,53,87,82,80,79,6,69" hai1="24,92,22,13,30,95,8,97,75,0,114,123,57" hai2="10,115,90,104,39,35,11,34,46,135,61,134,68" hai3="113,106,52,86,130,118,105,42,47,27,58,89,40"/><V85/><F104/><W29/><G118/><T132/><D6/><U77/><E114/><V49/><F39/><W15/><G130/><T96/><D110/><U43/><E123/><V54/><F68/><W21/><G113/><T125/><D132/><U81/><E0/><V60/><F85/><W50/><G15/><T56/><D96/><U66/><E43/><V121/><F90/><W65/><G65/><T98/><D98/><U51/><E97/><V71/><F71/><W36/><REACH who="3" step="1"/><G42/><REACH who="3" ten="120,230,420,220" step="2"/><T63/><D70/><U102/><E66/><V33/><F115/><W20/><G20/><T59/><D69/><U74/><E102/><V84/><F135/><W73/><G73/><T126/><REACH who="0" step="1"/><D59/><REACH who="0" ten="110,230,420,220" step="2"/><U117/><E117/><V108/><F134/><W107/><G107/><T100/><D100/><U3/><E3/><V109/><F109/><W16/><G16/><T91/><AGARI ba="0,2" hai="17,18,53,56,63,72,79,80,82,87,91,124,125,126" machi="91" ten="30,8000,1" yaku="1,1,0,1,18,1,52,2,53,0" doraHai="12" doraHaiUra="64" who="0" fromWho="0" sc="110,100,230,-20,420,-40,220,-20" /><INIT seed="3,0,0,2,1,34" ten="210,210,380,200" oya="3" hai0="114,80,99,59,128,125,22,11,29,15,70,68,40" hai1="86,72,62,120,119,1,121,57,81,54,55,66,51" hai2="104,73,39,117,16,129,20,134,83,93,52,105,35" hai3="131,44,69,18,64,123,94,4,82,100,58,50,122"/><W116/><G116/><T0/><D0/><U2/><E72/><V97/><F117/><W45/><G69/><T33/><D33/><U90/><E119/><V26/><F39/><W78/><G131/><T60/><D128/><U48/><E120/><V115/><F129/><W63/><G4/><T132/><D132/><U135/><E135/><V25/><F134/><W96/><G18/><T43/><D125/><U107/><E107/><V31/><F115/><W14/><G14/><T101/><D70/><U133/><E133/><V30/><F30/><W126/><G126/><T5/><D68/><U95/><E121/><V89/><F52/><W85/><REACH who="3" step="1"/><G44/><REACH who="3" ten="210,210,380,190" step="2"/><T28/><D114/><U87/><E1/><V37/><F16/><W124/><G124/><T110/><D28/><U127/><E2/><V36/><F31/><W88/><G88/><T112/><D112/><U109/><E127/><V32/><F89/><W65/><G65/><T7/><D7/><U38/><E38/><V9/><F36/><W8/><G8/><T130/><D29/><U17/><E17/><V108/><F37/><W91/><G91/><T56/><D11/><U41/><E51/><V53/><F9/><W46/><G46/><T118/><D5/><U13/><E13/><V77/><F32/><W113/><G113/><T79/><D130/><U103/><E103/><V76/><F35/><W19/><G19/><N who="0" m="10623" /><D118/><U12/><E12/><V74/><F25/><W61/><G61/><T98/><D101/><U21/><E21/><V6/><F26/><W10/><G10/><T49/><D49/><U47/><E109/><RYUUKYOKU ba="0,1" sc="210,-15,210,15,380,-15,190,15" hai1="41,47,48,54,55,57,62,66,81,86,87,90,95" hai3="45,50,58,63,64,78,82,85,94,96,100,122,123" /><INIT seed="3,1,1,5,0,52" ten="195,225,365,205" oya="3" hai0="50,118,65,98,102,37,130,5,78,7,63,106,56" hai1="27,31,127,101,19,96,97,85,75,117,90,28,32" hai2="134,87,70,16,123,122,71,3,20,92,119,110,47" hai3="66,126,15,77,35,61,107,38,132,80,42,12,39"/><W24/><G126/><T6/><D118/><U88/><E117/><V57/><F119/><W54/><G132/><T8/><D37/><U60/><E127/><V29/><F3/><W33/><G54/><T73/><D130/><U116/><E116/><V115/><F115/><W89/><G89/><N who="1" m="34410" /><E75/><V86/><F134/><W64/><G107/><T113/><D113/><U125/><E32/><V55/><F29/><N who="1" m="11337" /><E125/><V100/><F47/><W133/><G133/><T111/><D111/><U104/><E104/><V9/><F9/><W128/><G128/><T2/><REACH who="0" step="1"/><D50/><REACH who="0" ten="185,225,365,205" step="2"/><U82/><E60/><V53/><F110/><W68/><G61/><T114/><D114/><U25/><E101/><V103/><F100/><W124/><G124/><T83/><AGARI ba="1,2" hai="2,5,6,7,8,56,63,65,73,78,83,98,102,106" machi="83" ten="30,7900,0" yaku="1,1,0,1,52,1,53,1" doraHai="52" doraHaiUra="76" who="0" fromWho="0" sc="185,102,225,-21,365,-21,205,-40" owari="287,8.7,204,-19.6,344,44.4,165,-33.5" /></mjloggm>