<mjloggm ver="2.3"><GO type="225" lobby="0"/><UN n0="%6D%75%75%6D%75%72%61" n1="%E3%81%A1%E3%82%85%E3%81%86%E3%81%A9%E3%81%8F%E8%B1%A1%E3%81%95%E3%82%93" n2="%E3%81%95%E3%81%8D%E3%81%9F%E3%81%BE%E6%9E%97%E6%AA%8E" n3="%E6%9C%AA%E6%9D%A5%E5%B0%91%E5%B9%B4" dan="16,17,16,16" rate="2129.67,2171.30,2080.09,2131.82" sx="F,M,M,M"/><TAIKYOKU oya="0"/><INIT seed="0,0,0,1,2,31" ten="250,250,250,250" oya="0" hai0="10,65,74,123,83,7,116,39,0,71,52,118,53" hai1="88,107,127,110,72,50,42,132,76,22,1,26,18" hai2="63,9,131,20,69,51,98,61,113,6,15,94,14" hai3="101,97,111,108,58,46,117,85,67,19,44,105,86"/><T70/><D123/><U54/><E107/><V33/><F131/><W120/><G117/><T21/><D39/><U49/><E1/><V133/><F133/><W100/><G120/><T28/><D74/><U16/><E132/><V32/><F113/><W25/><G101/><T106/><D106/><U124/><E110/><N who="3" m="42026" /><G67/><T8/><D83/><U92/><E76/><V95/><F51/><W126/><G58/><T103/><D103/><U128/><E72/><V41/><F41/><W135/><G126/><N who="1" m="48170" /><E128/><V93/><F98/><W57/><G57/><T90/><D90/><U40/><E18/><V60/><REACH who="2" step="1"/><F69/><REACH who="2" ten="250,250,240,250" step="2"/><W56/><G135/><T35/><D71/><U34/><E50/><V27/><F27/><W29/><G56/><T81/><D70/><U45/><E42/><V99/><F99/><W37/><G37/><T129/><D129/><U77/><E40/><V109/><F109/><W12/><G46/><T122/><D118/><U13/><E26/><V62/><N who="2" m="15360" /><DORA hai="4" /><V38/><F38/><W11/><G44/><T112/><D116/><U47/><E45/><V43/><F43/><W55/><G55/><T119/><D112/><U121/><E121/><V134/><F134/><W23/><AGARI ba="0,1" hai="11,12,19,23,25,29,85,86,97,100,105" m="42026" machi="23" ten="30,2000,0" yaku="14,1,52,1" doraHai="31,4" who="3" fromWho="3" sc="250,-10,250,-5,240,-5,250,30" /><INIT seed="1,0,0,1,3,82" ten="240,245,235,280" oya="1" hai0="40,45,7,96,129,49,134,67,95,20,87,61,92" hai1="73,37,44,9,31,120,103,117,62,113,80,57,84" hai2="111,11,3,42,99,30,68,14,27,77,78,72,94" hai3="23,104,130,24,105,118,50,22,0,70,101,38,6"/><U32/><E117/><V79/><F72/><W66/><G38/><T60/><D129/><U35/><E120/><V86/><F111/><W1/><G130/><T36/><D134/><U28/><E113/><V128/><F128/><W88/><G118/><T48/><D7/><U125/><E73/><V85/><F68/><W46/><G70/><T75/><D75/><U133/><E103/><V71/><F71/><W126/><G126/><T81/><D20/><U58/><E9/><V121/><F3/><W55/><G66/><T43/><D67/><U16/><E125/><V83/><F83/><W123/><G123/><T10/><D10/><U34/><E58/><V108/><F42/><W63/><G63/><T8/><D8/><U41/><E16/><N who="2" m="8287" /><F108/><W102/><G6/><T19/><D95/><U97/><E97/><V93/><F121/><W115/><G115/><T33/><D33/><U13/><E13/><V5/><F94/><W18/><G0/><T51/><D19/><U90/><REACH who="1" step="1"/><E133/><REACH who="1" ten="240,235,235,280" step="2"/><V65/><F5/><W114/><G1/><T122/><D122/><U4/><E4/><V64/><F27/><N who="3" m="14807" /><G114/><T29/><D29/><U74/><E74/><V109/><F30/><N who="3" m="17695" /><G105/><T127/><D127/><U47/><E47/><V12/><F109/><W25/><G104/><T56/><D56/><U26/><E26/><V110/><F110/><W15/><G25/><T54/><D45/><U106/><E106/><V69/><F69/><W17/><G102/><T98/><D98/><U135/><E135/><V91/><F12/><W124/><G101/><T116/><D116/><U107/><E107/><RYUUKYOKU ba="0,1" sc="240,-15,235,15,235,15,280,-15" hai1="28,31,32,34,35,37,41,44,57,62,80,84,90" hai2="64,65,77,78,79,85,86,91,93,99" /><INIT seed="1,1,1,1,4,16" ten="225,250,250,265" oya="1" hai0="79,96,17,82,61,29,11,110,41,58,131,66,91" hai1="113,72,45,12,42,99,130,93,80,0,67,85,102" hai2="5,126,114,77,32,49,134,60,10,56,40,47,104" hai3="63,52,28,27,59,127,65,107,2,64,89,14,71"/><U97/><E113/><V119/><F114/><W33/><G2/><T106/><D110/><U101/><E0/><V132/><F119/><W84/><G107/><T123/><D131/><U81/><E130/><V103/><F126/><W53/><G127/><T86/><D123/><U100/><E67/><V105/><F32/><W135/><G135/><N who="2" m="51753" /><F77/><W20/><G65/><T57/><D41/><U70/><E70/><V92/><F92/><W120/><G120/><T62/><D29/><U116/><E116/><V95/><F95/><W54/><G14/><N who="0" m="7391" /><D106/><U31/><E31/><V73/><F103/><W48/><REACH who="3" step="1"/><G33/><REACH who="3" ten="225,250,250,255" step="2"/><T76/><D96/><U8/><E99/><V24/><F24/><W68/><G68/><T125/><D125/><U4/><E97/><V39/><F105/><W121/><G121/><T90/><D79/><U44/><E101/><V78/><F104/><W94/><AGARI ba="1,2" hai="20,27,28,48,52,53,54,59,63,64,71,84,89,94" machi="94" ten="20,8000,1" yaku="1,1,0,1,7,1,52,1,54,1,53,0" doraHai="16" doraHaiUra="98" who="3" fromWho="3" sc="225,-21,250,-41,250,-21,255,103" /><INIT seed="2,0,0,2,5,116" ten="204,209,229,358" oya="2" hai0="48,71,74,90,23,77,4,110,130,83,46,33,82" hai1="122,8,38,96,65,15,37,17,72,56,10,93,54" hai2="115,39,64,75,106,69,9,91,103,102,133,22,57" hai3="26,120,94,104,98,132,27,62,60,92,35,21,105"/><V14/><F115/><W18/><G120/><T44/><D33/><U113/><E113/><V29/><F39/><W131/><G131/><T68/><D130/><U30/><E72/><V63/><F133/><W31/><G132/><T50/><D110/><U12/><E30/><V135/><F135/><W66/><G60/><T20/><D4/><U73/><E65/><V99/><F75/><W97/><G92/><T86/><D71/><U13/><E73/><V87/><F69/><W109/><G109/><T112/><D68/><U108/><E108/><V100/><F22/><W42/><G42/><T126/><D126/><U107/><E107/><V123/><F29/><W41/><G41/><T49/><D112/><U67/><E67/><V124/><F123/><W2/><G2/><T5/><D5/><U25/><E25/><V76/><F76/><W85/><G85/><T1/><D1/><U88/><E122/><V24/><F24/><W45/><G45/><T81/><D82/><U118/><E118/><V36/><F36/><W127/><G127/><T51/><REACH who="0" step="1"/><D46/><REACH who="0" ten="194,209,229,358" step="2"/><U121/><E121/><V19/><F124/><W11/><G35/><T125/><D125/><U78/><E78/><V128/><F128/><W134/><G31/><T80/><D80/><AGARI ba="0,1" hai="9,14,19,57,63,64,80,87,91,99,100,102,103,106" machi="80" ten="30,1500,0" yaku="7,1" doraHai="116" who="2" fromWho="0" sc="194,-15,209,0,229,25,358,0" /><INIT seed="2,1,0,4,2,94" ten="179,209,254,358" oya="2" hai0="42,62,122,98,116,126,104,12,48,40,33,88,76" hai1="115,1,64,24,95,10,38,35,61,23,83,89,5" hai2="52,130,74,96,13,37,25,77,128,135,22,80,26" hai3="29,120,59,69,66,100,54,85,6,20,28,71,15"/><V84/><F37/><W92/><G120/><T2/><D122/><U106/><E106/><V3/><F3/><W105/><G105/><T51/><D2/><U0/><E115/><V17/><F135/><W32/><G32/><T125/><D104/><U63/><E38/><V134/><F134/><W79/><G69/><T103/><D33/><U107/><E107/><V45/><F74/><W27/><G29/><T31/><D31/><U47/><E47/><V56/><F45/><W21/><G71/><T4/><D76/><U78/><E35/><V112/><F112/><W60/><G54/><T131/><D62/><U53/><E53/><V67/><F67/><W30/><G30/><T99/><D103/><U55/><E55/><V91/><F130/><W50/><G50/><N who="0" m="18987" /><D131/><U123/><E123/><V133/><F133/><W102/><G21/><T75/><D75/><U81/><E0/><V90/><F77/><W8/><G92/><N who="0" m="56583" /><D99/><U70/><E63/><N who="2" m="36231" /><F128/><W57/><G100/><T114/><D114/><U117/><E78/><V72/><F72/><W73/><G102/><T132/><D132/><U111/><E111/><V9/><F96/><W65/><G73/><T36/><D36/><U97/><E117/><V113/><F113/><W127/><G60/><T46/><D116/><U110/><E110/><V119/><F119/><W39/><G39/><N who="0" m="21791" /><D42/><U109/><E109/><V49/><F49/><W14/><G66/><T121/><D121/><U87/><E87/><N who="2" m="50535" /><F9/><W16/><G65/><T108/><D108/><U44/><E44/><V43/><F43/><W86/><G79/><T41/><D41/><RYUUKYOKU ba="1,0" sc="179,10,209,10,254,10,358,-30" hai0="4,12,125,126" hai1="1,5,10,23,24,61,64,70,81,83,89,95,97" hai2="13,17,22,25,26,84,91" /><INIT seed="2,2,0,5,0,80" ten="189,219,264,328" oya="2" hai0="116,55,130,113,41,118,26,93,134,78,72,13,16" hai1="70,88,115,53,32,71,40,135,9,122,18,128,66" hai2="20,37,68,6,119,111,106,79,45,48,131,103,50" hai3="87,108,123,61,126,39,21,133,58,97,24,15,127"/><V52/><F119/><N who="0" m="45610" /><D113/><U29/><E115/><V51/><F68/><W33/><G123/><T92/><D130/><U22/><E128/><V67/><F131/><W5/><G39/><T38/><D134/><U125/><E135/><V96/><F67/><W132/><G108/><T27/><D55/><U0/><E40/><V114/><F114/><W100/><G33/><T1/><D1/><U57/><E122/><V85/><F37/><W8/><G87/><T28/><D72/><U89/><E125/><N who="3" m="47626" /><G58/><T129/><D78/><U77/><E77/><V86/><F79/><W105/><G61/><T117/><N who="0" m="45618" /><T65/><DORA hai="25" /><D65/><U49/><E32/><V35/><F35/><W121/><G121/><T102/><D129/><U36/><E36/><V54/><F51/><W34/><G34/><N who="0" m="20759" /><D27/><U109/><E109/><V107/><F111/><W63/><G63/><T110/><D102/><U19/><E66/><V73/><F73/><W23/><G23/><N who="0" m="11663" /><D110/><U42/><E71/><V74/><F74/><W56/><G56/><T76/><D76/><U104/><E70/><V64/><F103/><W12/><G12/><T17/><D17/><AGARI ba="2,0" hai="5,8,15,17,21,24,97,100,105,132,133" m="47626" machi="17" ten="30,1000,0" yaku="18,1" doraHai="80,25" who="3" fromWho="0" sc="189,-16,219,0,264,0,328,16" /><INIT seed="3,0,0,5,4,45" ten="173,219,264,344" oya="3" hai0="100,98,87,52,6,28,69,76,77,127,30,42,125" hai1="134,43,83,80,91,65,34,38,135,73,105,50,123" hai2="121,84,132,111,55,32,116,106,119,39,53,110,31" hai3="82,56,126,24,109,22,26,11,41,118,94,44,89"/><W27/><G118/><T17/><D69/><U133/><E123/><V64/><F106/><W7/><G126/><T90/><D42/><U75/><E34/><V78/><F39/><W124/><G124/><T47/><D125/><U113/><E113/><V92/><F64/><W79/><G109/><T63/><D6/><U129/><E129/><V104/><F104/><W117/><G56/><T60/><D127/><U108/><E108/><V74/><F74/><N who="1" m="28169" /><E105/><V0/><F0/><W54/><G54/><T95/><D17/><U13/><E38/><V12/><F55/><W102/><G102/><T130/><D130/><U3/><E3/><V85/><F12/><W131/><G131/><T49/><D30/><U15/><E65/><V33/><F121/><W93/><G117/><T2/><D28/><U57/><E57/><V115/><F31/><W72/><G22/><T58/><D2/><U40/><E91/><V10/><F33/><W103/><G89/><T35/><D35/><U62/><E62/><N who="0" m="23593" /><D58/><U18/><E18/><V5/><F32/><W21/><G21/><T48/><D48/><U51/><E40/><V4/><F111/><W29/><G29/><T14/><D14/><N who="1" m="5131" /><E43/><V96/><F110/><W36/><G103/><T97/><D97/><U99/><E99/><V114/><F96/><W112/><G112/><T20/><D20/><U88/><E88/><V128/><F115/><W101/><G101/><T120/><D120/><U23/><E23/><V68/><F114/><W66/><G66/><T61/><N who="0" m="23601" /><T8/><DORA hai="107" /><D8/><U71/><E71/><V37/><F68/><RYUUKYOKU ba="0,0" sc="173,10,219,10,264,-30,344,10" hai0="47,49,52,76,77,87,90,95,98,100" hai1="50,51,80,83,133,134,135" hai3="7,11,24,26,27,36,41,44,72,79,82,93,94" owari="183,-31.7,229,-17.1,234,3.4,354,45.4" /></mjloggm>