<mjloggm ver="2.3"><GO type="225" lobby="0"/><UN n0="%E5%86%B7%E5%87%8D%E3%82%AE%E3%83%A7%E3%83%BC%E3%82%B6" n1="%E6%B8%A9%E2%98%85%E6%83%85%E2%98%85%E6%8E%AA%E2%98%85%E7%BD%AE" n2="%E9%A2%A8%E3%81%A7%E9%B3%B4%E3%81%8F" n3="%72%61%6B%33" dan="16,16,16,17" rate="2110.31,2168.85,2146.99,2202.85" sx="M,M,M,M"/><TAIKYOKU oya="0"/><INIT seed="0,0,0,2,2,98" ten="250,250,250,250" oya="0" hai0="45,47,97,21,15,121,85,111,33,129,81,73,109" hai1="18,61,133,22,117,89,60,26,63,82,119,104,48" hai2="114,2,1,8,23,46,106,132,55,67,75,30,11" hai3="96,42,43,105,31,34,32,50,71,130,37,86,6"/><T134/><D121/><U20/><E133/><V100/><F75/><W36/><G71/><T120/><D120/><U5/><E104/><V90/><F67/><W53/><G6/><T135/><D33/><U44/><E5/><V58/><F46/><N who="0" m="17418" /><D73/><U10/><E10/><V99/><F114/><W7/><G7/><T38/><D38/><U127/><E127/><V28/><F132/><N who="0" m="50730" /><D97/><U0/><E0/><V93/><F1/><W94/><G96/><T40/><D40/><U76/><E89/><V27/><F30/><W74/><G31/><T24/><D15/><U12/><E119/><V122/><F2/><W107/><G74/><T65/><D65/><U19/><E117/><V83/><F122/><W13/><G13/><T79/><D129/><U49/><REACH who="1" step="1"/><E44/><REACH who="1" ten="250,240,250,250" step="2"/><V62/><F106/><W4/><G107/><T115/><D115/><U16/><E16/><AGARI ba="0,1" hai="16,21,24,79,81,85,109,111" m="50730,17418" machi="16" ten="30,2900,0" yaku="20,1,54,1" doraHai="98" who="0" fromWho="1" sc="250,39,240,-29,250,0,250,0" /><INIT seed="0,1,0,4,1,112" ten="289,211,250,250" oya="0" hai0="89,48,7,33,109,103,27,30,130,34,129,113,19" hai1="98,76,114,66,128,40,104,134,8,124,63,55,91" hai2="18,70,86,100,43,82,4,41,72,73,120,46,125" hai3="37,77,26,6,38,67,53,95,3,15,83,122,116"/><T106/><D113/><U71/><E114/><V28/><F70/><W101/><G116/><T42/><D109/><U56/><E134/><V50/><F120/><W69/><G3/><T57/><D7/><U44/><E128/><N who="0" m="49257" /><D89/><U14/><E124/><V0/><F125/><W65/><G26/><T1/><D1/><U13/><E76/><V36/><F100/><W93/><G101/><T105/><D34/><U32/><E32/><V87/><F87/><W117/><G6/><T52/><D103/><U110/><E110/><V54/><F28/><W25/><G25/><N who="0" m="18639" /><D42/><U29/><E29/><V94/><F43/><W85/><G15/><T59/><D59/><U61/><E8/><V23/><F4/><W132/><G77/><T74/><D74/><U81/><E104/><V75/><F0/><W20/><G20/><AGARI ba="1,0" hai="19,20,27,48,52,57,105,106" m="18639,49257" machi="20" ten="30,2900,0" yaku="19,1,54,1" doraHai="112" who="0" fromWho="3" sc="289,32,211,0,250,0,250,-32" /><INIT seed="0,2,0,1,1,5" ten="321,211,250,218" oya="0" hai0="18,74,78,120,124,81,0,57,79,15,13,49,8" hai1="84,35,111,110,24,71,106,44,134,67,98,47,132" hai2="69,50,131,32,41,3,87,125,6,27,108,127,112" hai3="97,14,70,10,36,76,90,56,64,129,117,105,53"/><T1/><D120/><U119/><E119/><V85/><F69/><W121/><G117/><T22/><D124/><N who="2" m="47690" /><F112/><W17/><G129/><T122/><D122/><U107/><E84/><V133/><F131/><W94/><G121/><T114/><D114/><U80/><E80/><V46/><F133/><N who="1" m="51305" /><E67/><V126/><N who="2" m="47698" /><V52/><DORA hai="26" /><F108/><N who="1" m="41513" /><E71/><V19/><F19/><W31/><G36/><T109/><D79/><U59/><E59/><N who="2" m="33175" /><F6/><W38/><G70/><T101/><D109/><U104/><E98/><V55/><F55/><W95/><G53/><T68/><D68/><U113/><E113/><V91/><F3/><W43/><G64/><T83/><D0/><U51/><E51/><N who="2" m="27087" /><F91/><W2/><G90/><T39/><D1/><U118/><E118/><V75/><F75/><W89/><G89/><T62/><D74/><U100/><E100/><V29/><AGARI ba="2,0" hai="27,29,32,85,87" m="27087,33175,47698" machi="29" ten="40,5200,0" yaku="18,1,52,1,54,1" doraHai="5,26" who="2" fromWho="2" sc="321,-28,211,-15,250,58,218,-15" /><INIT seed="1,0,0,2,4,52" ten="293,196,308,203" oya="1" hai0="29,81,11,40,47,27,18,127,5,94,99,50,1" hai1="95,83,62,36,133,118,72,63,32,122,56,24,117" hai2="121,43,69,132,30,93,54,116,73,8,23,35,87" hai3="84,13,45,103,0,6,21,100,39,20,120,79,28"/><U12/><E122/><V75/><F35/><W109/><G109/><T92/><D127/><U61/><E36/><V67/><F116/><W59/><G120/><T4/><D4/><U44/><E133/><V68/><F121/><W42/><G0/><T10/><D81/><U22/><E44/><V46/><F54/><W124/><G124/><T128/><D128/><U125/><E125/><V102/><F8/><W37/><G37/><T14/><REACH who="0" step="1"/><D99/><REACH who="0" ten="283,196,308,203" step="2"/><U113/><E118/><V111/><F132/><W57/><G6/><T82/><D82/><U90/><E117/><V51/><F111/><W15/><G79/><T33/><AGARI ba="0,1" hai="1,5,10,11,14,18,27,29,33,40,47,50,92,94" machi="33" ten="20,2700,0" yaku="1,1,0,1,7,1,53,0" doraHai="52" doraHaiUra="123" who="0" fromWho="0" sc="283,37,196,-13,308,-7,203,-7" /><INIT seed="2,0,0,2,2,87" ten="320,183,301,196" oya="2" hai0="31,72,33,8,117,50,3,86,130,114,107,115,11" hai1="34,38,122,77,102,56,42,44,17,36,71,90,58" hai2="74,23,57,131,79,6,20,32,113,39,15,129,101" hai3="45,75,67,28,119,99,127,92,41,103,70,25,60"/><V125/><F39/><W91/><G127/><T85/><D117/><U100/><E71/><V22/><F113/><W120/><G75/><T116/><D116/><U13/><E34/><V61/><F101/><W121/><G119/><T47/><D107/><U1/><E1/><V76/><F32/><W108/><G108/><T63/><D72/><U65/><E122/><V98/><F98/><W94/><G94/><T89/><D63/><U19/><E77/><V14/><F125/><W73/><G73/><T123/><D123/><U93/><E38/><V29/><F29/><W55/><G55/><T18/><D86/><U0/><E0/><V83/><F76/><W135/><G135/><T80/><D130/><N who="2" m="49674" /><F6/><W21/><REACH who="3" step="1"/><G103/><REACH who="3" ten="320,183,301,186" step="2"/><T24/><D114/><U27/><E102/><V2/><F2/><W53/><G53/><AGARI ba="0,1" hai="14,15,20,22,23,53,57,61,74,79,83" m="49674" machi="53" ten="30,1500,0" yaku="19,1" doraHai="87" who="2" fromWho="3" sc="320,0,183,0,301,25,186,-15" /><INIT seed="2,1,0,3,0,72" ten="320,183,326,171" oya="2" hai0="68,117,49,126,62,91,128,43,34,8,41,90,80" hai1="51,5,127,9,55,70,100,31,17,29,85,104,67" hai2="52,98,107,105,89,115,122,65,134,87,133,110,78" hai3="125,112,20,74,12,88,71,44,54,1,93,135,69"/><V36/><F36/><W109/><G1/><T50/><D34/><U106/><E127/><V60/><F122/><W27/><G125/><T21/><D126/><U114/><E114/><V22/><F115/><W2/><G2/><T102/><D102/><U92/><E70/><V18/><F110/><W77/><G109/><T23/><D80/><U121/><E67/><V97/><F105/><W76/><G112/><T19/><D62/><U26/><E106/><V64/><F64/><W48/><G135/><N who="2" m="51721" /><F107/><W28/><G12/><T82/><D82/><U86/><E104/><V47/><F78/><W111/><G111/><T53/><D68/><U129/><E121/><V24/><F47/><W30/><G74/><T124/><D124/><U25/><E129/><V81/><F52/><W32/><G71/><AGARI ba="1,0" hai="18,22,24,60,65,71,81,87,89,97,98" m="51721" machi="71" ten="30,1500,0" yaku="20,1" doraHai="72" who="2" fromWho="3" sc="320,0,183,0,326,18,171,-18" /><INIT seed="2,2,0,4,5,39" ten="320,183,344,153" oya="2" hai0="16,92,120,26,47,67,133,131,80,30,106,75,118" hai1="7,60,127,5,71,107,112,101,56,115,25,2,77" hai2="50,42,89,24,29,88,128,132,23,61,96,31,44" hai3="90,83,86,6,3,52,105,9,41,32,0,46,70"/><V85/><F132/><W74/><G32/><T79/><D106/><U12/><E71/><V1/><F1/><W114/><G114/><T38/><D133/><U34/><E2/><V54/><F128/><W76/><G105/><T102/><D120/><U27/><E77/><V104/><F104/><W126/><G126/><T48/><D38/><U84/><E127/><V20/><F96/><W72/><G70/><T53/><D67/><U33/><E107/><V45/><F85/><W57/><G3/><T95/><D118/><U134/><E84/><V82/><F82/><W14/><G0/><T103/><D131/><U81/><E81/><V108/><F108/><W73/><G90/><T99/><D16/><U109/><E134/><V121/><F121/><W17/><G17/><T119/><D119/><U8/><E101/><V129/><F129/><W36/><REACH who="3" step="1"/><G74/><REACH who="3" ten="320,183,344,143" step="2"/><T125/><D125/><U100/><E115/><V122/><F122/><W58/><G58/><T68/><D68/><U63/><E112/><V98/><F98/><W113/><G113/><T28/><D28/><U15/><E56/><N who="2" m="34967" /><F45/><W11/><G11/><T51/><D99/><U69/><E69/><V64/><F64/><W123/><G123/><T59/><D103/><U130/><E130/><V66/><F66/><W111/><G111/><T117/><D102/><U21/><E100/><V97/><F97/><W49/><AGARI ba="2,1" hai="6,9,14,36,41,46,49,52,57,72,73,76,83,86" machi="49" ten="20,8000,1" yaku="1,1,0,1,7,1,52,1,54,1,53,0" doraHai="39" doraHaiUra="62" who="3" fromWho="3" sc="320,-22,183,-22,344,-42,143,96" /><INIT seed="3,0,0,5,1,22" ten="298,161,302,239" oya="3" hai0="21,86,96,15,112,80,60,46,3,39,70,125,27" hai1="107,40,5,36,9,90,54,91,81,126,117,42,119" hai2="71,109,14,17,102,115,78,33,111,132,95,52,127" hai3="28,113,58,20,118,63,77,49,61,74,116,76,12"/><W50/><G113/><T89/><D3/><U41/><E107/><V68/><F115/><W45/><G74/><T124/><D112/><U121/><E121/><V134/><F78/><W122/><G122/><T114/><D114/><U83/><E36/><V1/><F1/><W4/><G50/><T123/><D15/><U99/><E99/><N who="2" m="59775" /><F33/><W24/><G118/><N who="1" m="45066" /><E9/><N who="2" m="6351" /><F52/><N who="3" m="29743" /><G116/><T98/><D123/><U108/><E54/><V130/><F130/><W31/><G31/><N who="0" m="17903" /><D46/><U55/><E55/><V44/><F44/><W110/><G110/><N who="2" m="41993" /><F127/><N who="0" m="48714" /><D39/><U34/><E108/><V6/><F6/><W101/><G101/><T47/><D47/><U66/><E126/><V82/><F82/><N who="1" m="31241" /><E5/><V10/><F10/><N who="3" m="4167" /><G63/><T120/><D120/><U131/><E34/><V75/><F75/><W100/><G100/><T25/><D60/><U43/><N who="1" m="10240" /><DORA hai="64" /><U59/><E59/><V16/><F16/><W38/><G38/><T62/><D62/><U56/><E56/><V37/><F37/><W103/><G103/><T73/><D73/><U8/><E8/><V93/><F93/><W57/><G57/><T18/><D70/><AGARI ba="0,0" hai="68,70,71,132,134" m="41993,6351,59775" machi="70" ten="30,7700,0" yaku="14,1,52,3" doraHai="22,64" who="2" fromWho="0" sc="298,-77,161,0,302,77,239,0" owari="221,-17.9,161,-33.9,379,47.9,239,3.9" /></mjloggm>