<mjloggm ver="2.3"><GO type="225" lobby="0"/><UN n0="%E9%80%9F%E6%B0%B4%E5%87%9B%E9%A6%99" n1="%E3%81%82%E3%81%99%E3%81%AB%E3%82%83%E3%82%80" n2="%E3%83%B4%E3%83%A0%EF%BC%99%E3%81%A6" n3="%72%69%6F%75%63%68%61%6E" dan="16,16,17,17" rate="2065.48,2078.32,2176.64,2228.52" sx="F,F,M,M"/><TAIKYOKU oya="0"/><INIT seed="0,0,0,5,2,73" ten="250,250,250,250" oya="0" hai0="25,60,95,61,3,86,14,101,37,79,85,116,52" hai1="65,123,104,119,31,39,109,66,134,30,22,38,21" hai2="97,125,9,93,83,34,5,91,94,10,122,70,42" hai3="88,103,47,13,19,135,44,27,40,8,130,49,18"/><T68/><D3/><U75/><E75/><V131/><F122/><W23/><G130/><T77/><D37/><U20/><E109/><V1/><F131/><W33/><G135/><T117/><D68/><U7/><E119/><V64/><F34/><W26/><G103/><T51/><D117/><U87/><E123/><V53/><F125/><W127/><G127/><T63/><D116/><U29/><E134/><V55/><F42/><W99/><G47/><T108/><D108/><U58/><E104/><V46/><F46/><W126/><G126/><T84/><D25/><U105/><E105/><V96/><F10/><W102/><G88/><T124/><D124/><U92/><E7/><V59/><F83/><W133/><G133/><T24/><D24/><U50/><E92/><V120/><F70/><W121/><G121/><T100/><D14/><U36/><E87/><V76/><F76/><N who="0" m="29258" /><D95/><U16/><E16/><V129/><F129/><W35/><REACH who="3" step="1"/><G26/><REACH who="3" ten="250,250,250,240" step="2"/><T114/><D114/><U67/><REACH who="1" step="1"/><E50/><REACH who="1" ten="250,240,250,240" step="2"/><V43/><F120/><W28/><G28/><T17/><D17/><U81/><E81/><V12/><F5/><W45/><G45/><AGARI ba="0,2" hai="45,51,52,60,61,63,84,85,86,100,101" m="29258" machi="45" ten="30,12000,1" yaku="8,1,52,3,54,1" doraHai="73" who="0" fromWho="3" sc="250,140,240,0,250,0,240,-120" /><INIT seed="0,1,0,4,1,123" ten="390,240,250,120" oya="0" hai0="25,99,73,4,27,101,8,89,46,104,84,57,3" hai1="126,23,122,6,116,83,71,120,14,16,36,100,17" hai2="93,129,28,108,45,56,13,22,119,7,61,77,96" hai3="118,53,59,124,128,66,34,65,79,131,21,72,11"/><T12/><D73/><U76/><E71/><V121/><F121/><W51/><G34/><T133/><D133/><U114/><E36/><V82/><F129/><N who="3" m="49739" /><G11/><T5/><D5/><U31/><E116/><V130/><F130/><W135/><G118/><T103/><D103/><U74/><E126/><V0/><F119/><W68/><G79/><T117/><D117/><U38/><E114/><V55/><F0/><W37/><G72/><T18/><D46/><U125/><E125/><V105/><F105/><W1/><G1/><T69/><D69/><U97/><E38/><V94/><F28/><W58/><G21/><T134/><D134/><U113/><E113/><V98/><F98/><W92/><G92/><T64/><D64/><N who="3" m="24681" /><G68/><T70/><D70/><U54/><E31/><V47/><F93/><W87/><G87/><T115/><D115/><U33/><E33/><V106/><F106/><W81/><G81/><T43/><D3/><U91/><E91/><V44/><F22/><W49/><G135/><T2/><D2/><U107/><E6/><V40/><F7/><W132/><G132/><T50/><D89/><U26/><REACH who="1" step="1"/><E54/><REACH who="1" ten="390,230,250,120" step="2"/><V78/><F55/><N who="3" m="32111" /><G37/><T41/><D4/><U35/><E35/><V60/><F77/><W67/><N who="3" m="24689" /><W52/><DORA hai="30" /><G53/><T32/><D32/><U86/><E86/><V102/><F78/><W19/><G19/><T75/><D84/><U95/><E95/><V110/><F94/><W24/><G24/><N who="0" m="9291" /><D75/><U127/><E127/><AGARI ba="1,1" hai="51,52,59,124,127" m="32111,24689,49739" machi="127" ten="40,8000,1" yaku="19,1,34,2,54,1" doraHai="123,30" who="3" fromWho="1" sc="390,0,230,-83,250,0,120,93" /><INIT seed="1,0,0,0,4,77" ten="390,147,250,213" oya="1" hai0="11,1,55,47,18,81,33,117,32,88,123,106,70" hai1="20,84,16,76,72,135,30,129,17,59,112,44,56" hai2="101,79,36,104,86,25,53,119,49,67,3,91,105" hai3="68,46,5,134,65,87,108,62,94,52,4,118,22"/><U6/><E112/><V39/><F119/><W12/><G108/><T2/><D106/><U37/><E72/><V100/><F3/><W80/><G118/><T110/><D70/><U114/><E114/><V41/><F67/><W61/><G134/><T54/><D117/><U85/><E135/><V69/><F69/><W31/><G94/><T121/><D110/><U89/><E129/><V90/><F104/><W8/><G4/><T96/><D1/><U19/><E6/><V0/><F0/><W45/><G31/><T98/><D98/><U57/><E76/><V51/><F51/><W124/><G124/><T15/><D2/><U24/><REACH who="1" step="1"/><E89/><REACH who="1" ten="390,137,250,213" step="2"/><V74/><F90/><W48/><G62/><T23/><D88/><U120/><E120/><V9/><F79/><W111/><G111/><T34/><D123/><U128/><E128/><V109/><F74/><W58/><G22/><T28/><D121/><U113/><E113/><V78/><F78/><AGARI ba="0,1" hai="5,8,12,45,46,48,52,58,61,65,68,78,80,87" machi="78" ten="30,3900,0" yaku="7,1,52,1,54,1" doraHai="77" who="3" fromWho="2" sc="390,0,137,0,250,-39,213,49" /><INIT seed="2,0,0,3,2,90" ten="390,137,211,262" oya="2" hai0="46,17,63,54,18,20,111,45,108,86,83,74,62" hai1="71,81,94,104,53,79,66,127,3,58,130,40,76" hai2="87,42,21,31,2,6,49,80,60,34,77,118,4" hai3="7,15,99,19,92,51,122,16,65,14,61,112,117"/><V50/><F118/><W67/><G122/><T56/><D74/><U109/><E104/><V73/><F34/><W57/><G117/><T97/><D97/><U101/><E3/><V41/><F73/><W48/><G112/><T78/><D62/><U47/><E109/><N who="0" m="42057" /><D17/><N who="3" m="6729" /><G65/><T89/><D78/><U11/><E130/><V106/><F106/><W131/><G131/><T119/><D119/><U38/><E127/><V129/><F129/><W39/><G39/><T13/><AGARI ba="0,0" hai="13,18,20,45,46,54,56,63,83,86,89" m="42057" machi="13" ten="30,1100,0" yaku="14,1" doraHai="90" who="0" fromWho="0" sc="390,11,137,-3,211,-5,262,-3" /><INIT seed="3,0,0,5,2,50" ten="401,134,206,259" oya="3" hai0="97,120,82,65,15,71,124,28,42,62,30,78,132" hai1="11,103,81,24,72,9,58,29,38,40,56,18,70" hai2="128,1,13,115,68,93,96,3,16,74,123,51,31" hai3="59,118,80,102,130,83,6,88,39,131,36,7,79"/><W117/><G102/><T125/><D120/><U66/><E70/><V94/><F115/><W53/><G79/><T111/><D111/><U105/><E38/><V114/><F114/><W44/><G44/><T19/><D97/><U116/><E116/><V48/><F68/><W10/><G10/><N who="0" m="6647" /><D42/><U69/><E40/><V25/><F74/><W63/><G36/><T75/><D132/><U64/><E64/><V121/><F128/><N who="3" m="49195" /><G39/><T106/><D106/><U46/><E46/><V129/><F129/><W90/><G80/><T91/><D91/><N who="3" m="34857" /><G83/><T98/><D98/><U55/><E81/><V95/><F96/><W35/><G35/><T108/><D108/><U77/><E77/><V135/><F135/><W60/><G63/><T27/><D82/><U134/><E134/><V34/><F121/><W14/><G14/><T112/><D78/><U101/><E72/><V41/><F123/><W89/><N who="3" m="34865" /><W113/><DORA hai="61" /><G113/><T8/><D75/><U67/><E105/><V0/><F41/><W86/><G86/><T100/><D100/><N who="1" m="38475" /><E69/><V109/><F109/><W107/><G107/><T23/><D8/><U5/><E11/><V12/><F0/><W22/><G22/><T52/><D112/><U99/><E99/><V73/><F73/><W127/><G127/><N who="0" m="48715" /><D52/><U122/><E122/><V37/><F37/><W85/><G85/><T126/><N who="0" m="48723" /><T54/><DORA hai="43" /><D54/><U47/><E55/><V104/><F104/><W119/><AGARI ba="0,0" hai="6,7,53,59,60,117,118,119" m="34865,49195" machi="119" ten="50,9600,0" yaku="19,1,52,1,54,1" doraHai="50,61,43" who="3" fromWho="3" sc="401,-32,134,-32,206,-32,259,96" /><INIT seed="3,1,0,1,2,104" ten="369,102,174,355" oya="3" hai0="22,14,108,109,67,43,41,48,25,66,133,86,13" hai1="116,42,5,49,83,110,129,19,72,111,68,77,107" hai2="51,63,44,45,30,82,120,97,33,118,6,103,65" hai3="79,75,76,1,123,71,8,128,4,91,37,127,119"/><W78/><G119/><T17/><D133/><U117/><E68/><V0/><F118/><N who="1" m="45673" /><E5/><V81/><F120/><W15/><G123/><T2/><D2/><U87/><E42/><N who="0" m="15881" /><D48/><U62/><E49/><V47/><F51/><W52/><G37/><T94/><D109/><N who="1" m="41483" /><E19/><V55/><F55/><W73/><G128/><T130/><D130/><U64/><E129/><V115/><F6/><W50/><G127/><T112/><D112/><U39/><E39/><V85/><F0/><W131/><G131/><T59/><D108/><U35/><E35/><V105/><F85/><W32/><G32/><T56/><D86/><U18/><E18/><V11/><F11/><W84/><G71/><T96/><D56/><U58/><E58/><V134/><F134/><W95/><REACH who="3" step="1"/><G1/><REACH who="3" ten="369,102,174,345" step="2"/><T36/><D36/><U125/><E125/><V12/><F33/><W21/><G21/><T101/><D59/><AGARI ba="1,1" hai="4,8,15,50,52,59,73,75,76,78,79,84,91,95" machi="59" ten="40,12000,1" yaku="1,1,52,2,54,1,53,1" doraHai="104" doraHaiUra="9" who="3" fromWho="0" sc="369,-123,102,0,174,0,345,133" owari="246,4.6,102,-39.8,174,-22.6,478,57.8" /></mjloggm>