<mjloggm ver="2.3"><GO type="225" lobby="0"/><UN n0="%E3%82%A2%E3%83%A1%E3%82%A2%E3%83%A9%E3%83%AC" n1="%E3%81%82%E3%82%86%E3%81%AE%E9%A2%A8" n2="%72%69%6F%75%63%68%61%6E" n3="%E3%81%A4%E3%81%A3%E3%81%B1%E3%82%8A%E3%83%9D%E3%83%BC%E3%83%AB" dan="16,16,16,17" rate="2125.51,2096.88,2152.63,2223.80" sx="M,M,M,M"/><TAIKYOKU oya="0"/><INIT seed="0,0,0,5,3,102" ten="250,250,250,250" oya="0" hai0="107,59,62,30,39,1,3,5,127,58,79,114,7" hai1="66,72,89,112,34,133,113,26,86,49,80,76,115" hai2="68,40,50,55,22,100,60,126,65,93,45,83,13" hai3="135,0,12,6,15,27,120,70,130,37,52,90,17"/><T20/><D114/><U99/><E66/><V46/><F126/><W123/><G70/><T125/><D39/><U24/><E34/><V28/><F83/><W116/><G37/><T57/><D79/><U96/><E49/><V48/><F13/><N who="3" m="5195" /><G90/><T71/><D71/><U124/><E124/><N who="0" m="47689" /><D62/><U129/><E129/><V11/><F11/><N who="3" m="2503" /><G52/><T18/><D30/><U61/><E61/><V42/><F100/><W85/><G85/><T2/><D107/><U53/><E53/><V23/><F28/><W16/><G130/><T44/><D44/><U29/><E29/><V97/><REACH who="2" step="1"/><F55/><REACH who="2" ten="250,250,240,250" step="2"/><W82/><G82/><T56/><N who="0" m="14336" /><DORA hai="43" /><T132/><D132/><U84/><E133/><V69/><F69/><W122/><G135/><T108/><D108/><U75/><E26/><AGARI ba="0,1" hai="1,2,3,5,7,18,20,26" m="14336,47689" machi="26" ten="50,2400,0" yaku="18,1" doraHai="102,43" who="0" fromWho="1" sc="250,34,250,-24,240,0,250,0" /><INIT seed="0,1,0,1,4,130" ten="284,226,240,250" oya="0" hai0="35,57,60,93,124,53,86,100,64,73,118,0,135" hai1="91,43,113,108,114,133,69,83,120,26,2,107,110" hai2="94,82,61,105,80,119,31,44,16,103,122,71,81" hai3="99,129,95,92,58,98,75,15,72,41,102,5,112"/><T56/><D118/><U79/><E69/><V17/><F122/><W23/><G112/><N who="1" m="43114" /><E2/><V66/><F119/><W127/><G129/><T10/><D73/><N who="1" m="43503" /><E43/><V4/><F94/><W68/><G68/><T59/><D35/><U28/><E120/><V34/><F4/><W49/><G127/><T84/><D124/><U116/><E116/><V70/><F71/><W45/><G58/><T21/><D57/><U90/><E107/><V54/><F54/><W128/><G128/><T38/><D38/><U109/><E133/><V78/><F44/><W62/><G62/><T8/><D135/><U19/><E19/><V32/><F78/><W104/><G104/><T24/><D0/><U6/><E6/><V46/><F46/><W117/><G117/><T47/><D47/><U3/><E3/><V132/><F132/><W97/><G5/><T18/><D84/><U12/><E12/><V55/><F55/><W52/><G41/><T96/><REACH who="0" step="1"/><D86/><REACH who="0" ten="274,226,240,250" step="2"/><U36/><E36/><V111/><F34/><AGARI ba="1,1" hai="26,28,34,90,91,108,109,110" m="43503,43114" machi="34" ten="40,2600,0" yaku="14,1,11,1" doraHai="130" who="1" fromWho="2" sc="274,0,226,39,240,-29,250,0" /><INIT seed="1,0,0,2,0,101" ten="274,265,211,250" oya="1" hai0="25,11,3,50,114,27,22,41,67,71,98,133,92" hai1="35,132,119,24,121,130,60,59,106,118,20,126,4" hai2="19,110,7,18,1,57,52,109,28,77,62,5,84" hai3="64,105,95,90,17,78,2,30,72,37,88,70,116"/><U123/><E132/><V66/><F28/><W131/><G2/><T115/><D133/><U54/><E130/><V91/><F77/><W16/><G37/><T125/><D125/><U73/><E73/><V100/><F100/><W102/><G131/><T23/><D71/><U86/><E126/><V81/><F66/><W117/><G30/><T47/><D67/><U129/><E129/><V49/><F62/><N who="3" m="40215" /><G90/><T14/><D3/><U112/><E112/><V0/><F0/><W10/><G10/><T36/><D36/><U120/><E35/><V75/><F75/><W135/><G135/><T122/><D122/><U40/><E106/><V34/><F34/><W48/><G48/><T53/><D41/><U29/><E40/><V104/><F104/><W83/><G102/><N who="0" m="60743" /><D114/><U46/><E46/><V42/><F42/><W21/><G21/><N who="0" m="7691" /><D115/><U15/><E86/><V12/><F1/><W61/><G105/><T8/><D8/><U38/><E38/><V33/><F33/><W94/><G61/><T134/><D134/><U127/><E127/><V45/><F57/><W82/><G117/><T9/><D9/><U44/><E44/><V26/><F26/><W80/><G116/><T79/><D79/><U51/><E60/><V107/><F107/><W13/><G13/><T58/><D47/><U63/><E63/><V96/><F96/><N who="3" m="57415" /><G78/><T128/><D128/><U99/><E99/><V97/><F97/><W55/><G72/><T69/><D69/><U68/><E68/><V31/><F31/><W74/><G74/><T108/><D108/><N who="2" m="41578" /><F12/><W113/><G113/><T56/><D56/><RYUUKYOKU ba="0,0" sc="274,10,265,10,211,10,250,-30" hai0="11,14,25,27,50,53,58" hai1="4,15,20,24,29,51,54,59,118,119,120,121,123" hai2="5,7,18,19,45,49,52,81,84,91" /><INIT seed="1,1,0,2,2,22" ten="284,275,221,220" oya="1" hai0="65,103,111,78,38,71,61,63,119,62,37,4,29" hai1="116,82,97,102,41,9,75,59,18,49,26,73,124" hai2="135,56,133,125,81,122,46,11,5,31,132,80,58" hai3="126,32,79,101,67,40,72,106,66,90,87,7,8"/><U27/><E116/><V120/><F125/><W15/><G126/><T121/><D103/><U52/><E124/><V23/><F46/><W12/><G32/><T93/><D93/><U127/><E127/><V96/><F96/><W47/><G72/><T48/><D78/><U53/><E41/><V28/><F23/><W21/><G79/><T74/><D74/><U51/><E82/><N who="2" m="31851" /><F11/><W76/><G76/><T14/><D29/><N who="2" m="11338" /><F5/><W70/><G70/><T69/><D14/><N who="1" m="7503" /><E75/><V44/><F44/><W2/><G101/><T30/><D4/><U54/><E73/><V95/><F95/><N who="3" m="54751" /><G106/><T109/><D30/><U1/><E1/><V16/><F16/><N who="3" m="10399" /><G2/><T129/><D119/><U83/><E83/><V6/><F6/><W39/><G39/><N who="0" m="14859" /><D121/><AGARI ba="1,0" hai="56,58,120,121,122,132,133,135" m="11338,31851" machi="121" ten="40,5200,0" yaku="28,2,20,1" doraHai="22" who="2" fromWho="0" sc="284,-55,275,0,221,55,220,0" /><INIT seed="2,0,0,2,1,78" ten="229,275,276,220" oya="2" hai0="119,86,67,131,0,100,10,124,127,13,66,109,54" hai1="47,51,37,85,120,74,32,125,23,110,76,59,64" hai2="116,65,112,105,8,19,114,106,1,71,134,18,22" hai3="42,77,107,31,38,69,24,129,115,15,63,58,96"/><V48/><F116/><W34/><G129/><T80/><D119/><U88/><E32/><V6/><F134/><W83/><G115/><T101/><D109/><U118/><E118/><V60/><F18/><W52/><G15/><T33/><D33/><U117/><E117/><V104/><REACH who="2" step="1"/><F48/><REACH who="2" ten="229,275,266,220" step="2"/><W43/><G38/><T16/><D131/><U25/><E51/><V113/><F113/><W55/><G69/><T135/><D135/><U94/><E37/><V3/><F3/><W122/><G122/><T21/><D124/><U12/><E125/><V130/><F130/><W121/><G121/><T36/><D127/><U11/><E120/><V62/><F62/><W95/><G107/><T53/><D36/><U108/><E110/><V29/><F29/><W87/><REACH who="3" step="1"/><G55/><REACH who="3" ten="229,275,266,210" step="2"/><N who="0" m="21003" /><D0/><U30/><E108/><V75/><F75/><W91/><AGARI ba="0,2" hai="24,31,34,42,43,52,58,63,77,83,87,91,95,96" machi="91" ten="20,8000,1" yaku="1,1,0,1,7,1,52,1,54,1,53,0" doraHai="78" doraHaiUra="103" who="3" fromWho="3" sc="229,-20,275,-20,266,-40,210,100" /><INIT seed="3,0,0,5,0,131" ten="209,255,226,310" oya="3" hai0="96,52,21,123,0,117,67,33,16,113,85,100,93" hai1="88,50,40,28,59,63,82,84,112,43,11,56,135" hai2="106,91,7,77,32,46,20,18,98,48,23,15,17" hai3="41,35,5,75,39,64,22,110,105,61,79,92,90"/><W81/><G35/><T47/><D117/><U132/><E112/><V2/><F32/><W108/><G105/><T103/><D123/><U42/><E28/><V10/><F77/><W69/><G5/><T13/><D33/><U130/><E130/><V31/><F31/><W19/><G41/><T127/><D0/><U25/><E25/><V118/><F118/><W9/><G9/><T65/><D127/><U120/><E120/><V57/><F57/><W36/><G22/><T73/><D73/><U128/><E128/><V78/><F78/><W68/><G19/><T133/><D113/><U97/><E11/><V45/><F48/><W121/><G69/><T74/><D74/><U58/><E50/><V134/><F134/><N who="1" m="51241" /><E97/><V6/><F6/><W27/><G27/><T49/><D133/><U102/><E102/><N who="0" m="38953" /><D85/><U34/><E34/><V38/><F38/><W60/><G121/><T114/><D114/><U30/><E30/><V129/><F129/><W72/><G72/><T70/><D70/><U37/><E37/><V66/><F106/><W24/><G24/><T55/><D55/><AGARI ba="0,0" hai="40,42,43,55,56,58,59,63,82,84,88" m="51241" machi="55" ten="30,8000,1" yaku="20,1,52,3,54,1" doraHai="131" who="1" fromWho="0" sc="209,-80,255,80,226,0,310,0" owari="129,-37.1,335,43.5,226,-17.4,310,11.0" /></mjloggm>