<mjloggm ver="2.3"><GO type="225" lobby="0"/><UN n0="%E4%B8%8B%E6%AE%B5%E3%83%81%E3%82%A7%E3%83%AA%E3%83%BC" n1="%E3%81%9F%E3%81%93%E2%98%86%E7%84%BC%E3%81%8D" n2="%6D%75%75%6D%75%72%61" n3="%E9%80%9F%E6%B0%B4%E5%87%9B%E9%A6%99" dan="16,16,16,16" rate="2135.88,2124.99,2143.03,2141.97" sx="M,M,F,F"/><TAIKYOKU oya="0"/><INIT seed="0,0,0,4,3,92" ten="250,250,250,250" oya="0" hai0="42,129,21,96,133,60,77,6,130,125,83,103,121" hai1="126,24,110,7,134,75,59,58,35,120,122,84,48" hai2="51,0,31,115,114,23,118,34,113,109,57,45,13" hai3="20,14,44,19,99,68,107,32,69,76,86,62,131"/><T16/><D121/><U108/><E75/><V117/><F57/><N who="1" m="21513" /><E84/><V56/><F56/><W17/><G32/><T55/><D60/><U46/><E7/><V10/><F51/><W111/><G111/><N who="1" m="42538" /><E24/><N who="2" m="18791" /><F45/><W135/><G135/><T38/><D55/><N who="1" m="30103" /><E35/><V94/><F94/><W18/><G86/><T72/><D6/><U127/><E134/><V15/><F109/><W128/><G76/><T27/><D133/><U132/><E132/><V33/><F33/><W65/><G18/><T40/><D125/><AGARI ba="0,0" hai="120,122,125,126,127" m="30103,42538,21513" machi="125" ten="30,7700,0" yaku="18,1,14,1,34,2" doraHai="92" who="1" fromWho="0" sc="250,-77,250,77,250,0,250,0" /><INIT seed="1,0,0,4,4,77" ten="173,327,250,250" oya="1" hai0="30,90,35,72,54,104,20,99,59,40,120,123,101" hai1="132,16,64,91,94,25,111,106,57,133,50,113,22" hai2="125,115,105,8,108,31,116,24,52,36,5,114,55" hai3="126,34,135,45,86,85,27,66,81,84,2,18,46"/><U15/><E106/><V76/><F116/><W6/><G135/><N who="1" m="51786" /><E113/><N who="2" m="43019" /><F108/><W3/><G126/><T41/><D72/><U68/><E111/><V134/><F125/><W122/><G122/><T7/><D35/><U23/><E68/><V26/><F134/><W97/><G66/><T67/><D7/><U42/><E42/><V121/><F121/><N who="0" m="46666" /><D67/><U47/><E57/><V118/><F118/><W131/><G131/><T37/><D37/><U73/><E73/><V19/><F105/><W119/><G119/><T100/><D100/><U102/><E102/><V21/><F76/><W103/><G6/><T63/><D90/><U44/><E64/><V39/><F39/><W83/><G2/><T96/><D96/><N who="1" m="57439" /><E50/><V130/><F36/><W60/><G3/><T69/><D69/><U124/><E124/><V71/><F71/><W79/><G60/><T70/><D70/><U32/><E32/><N who="2" m="20583" /><F130/><W12/><G34/><T48/><D63/><U82/><E82/><V1/><AGARI ba="0,0" hai="1,5,8,19,21,26,52,55" m="20583,43019" machi="1" ten="30,2000,0" yaku="11,1,54,1" doraHai="77" who="2" fromWho="2" sc="173,-5,327,-10,250,20,250,-5" /><INIT seed="2,0,0,4,5,72" ten="168,317,270,245" oya="2" hai0="117,94,44,12,54,122,102,4,41,35,91,28,48" hai1="61,23,20,134,2,17,99,7,105,93,60,14,107" hai2="38,9,115,88,125,63,6,55,92,73,124,27,76" hai3="15,52,39,121,98,21,104,110,120,113,74,25,47"/><V32/><F115/><W97/><G74/><T8/><D122/><U40/><E134/><V30/><F38/><W96/><G104/><T50/><D117/><U3/><E40/><V67/><F55/><W132/><G132/><T95/><D35/><U90/><E107/><V43/><F43/><W16/><G113/><T109/><D109/><U81/><E7/><V37/><F37/><W85/><G110/><T33/><D33/><U69/><E61/><V82/><F92/><W71/><G71/><T127/><D127/><U22/><E69/><V10/><F88/><W129/><G129/><T84/><D28/><U108/><E60/><V59/><REACH who="2" step="1"/><F9/><REACH who="2" ten="168,317,260,245" step="2"/><N who="3" m="6255" /><G39/><T116/><D116/><U58/><E108/><V0/><AGARI ba="0,1" hai="0,6,10,27,30,32,59,63,67,73,76,82,124,125" machi="0" ten="30,6000,0" yaku="1,1,0,1,52,1,53,0" doraHai="72" doraHaiUra="101" who="2" fromWho="2" sc="168,-20,317,-20,260,70,245,-20" /><INIT seed="2,1,0,0,1,63" ten="148,297,330,225" oya="2" hai0="110,17,33,121,81,120,129,7,50,132,54,87,45" hai1="123,31,0,23,48,133,82,80,56,30,116,43,13" hai2="9,42,35,134,12,61,122,135,78,92,57,100,62" hai3="19,112,108,111,5,115,14,10,96,22,101,38,65"/><V67/><F122/><W106/><G38/><T95/><D132/><U11/><E133/><V1/><F1/><W51/><G51/><T44/><D33/><U46/><E116/><V75/><F35/><W4/><G4/><T130/><D110/><N who="3" m="42025" /><G65/><T18/><D7/><U76/><E0/><AGARI ba="1,0" hai="0,5,10,14,19,22,96,101,106,112,115" m="42025" machi="0" ten="30,1000,0" yaku="14,1" doraHai="63" who="3" fromWho="1" sc="148,0,297,-13,330,0,225,13" /><INIT seed="3,0,0,1,2,60" ten="148,284,330,238" oya="3" hai0="79,6,63,92,121,36,107,32,93,10,91,5,134" hai1="81,38,113,22,127,23,101,97,58,66,133,119,123" hai2="118,135,98,94,1,20,52,28,53,16,116,104,2" hai3="73,86,68,41,100,50,62,132,54,0,67,39,109"/><W31/><G73/><T80/><D121/><U46/><E113/><V75/><F104/><W18/><G0/><T65/><D32/><U55/><E133/><V82/><F135/><W84/><G132/><T61/><D134/><U72/><E127/><V45/><F28/><W85/><G31/><T125/><D125/><U102/><E102/><V43/><F2/><W95/><G109/><T103/><D36/><U12/><E119/><V13/><F1/><W99/><G18/><T126/><D126/><U96/><E97/><V117/><F82/><W77/><G77/><T42/><D42/><U17/><E81/><V78/><F78/><W111/><G111/><T34/><D34/><U19/><E72/><V4/><F4/><W124/><G124/><T37/><D37/><U21/><E46/><V7/><F7/><W33/><G33/><T40/><D40/><U27/><E22/><V114/><F75/><W112/><G112/><T106/><D79/><U88/><E38/><V122/><F114/><W110/><G110/><T29/><D29/><U24/><E12/><V76/><F76/><W3/><G3/><T14/><D80/><U89/><E66/><V47/><F122/><W48/><G48/><T87/><D5/><U64/><E64/><V51/><F45/><N who="3" m="23743" /><G86/><T57/><REACH who="0" step="1"/><D61/><REACH who="0" ten="138,284,330,238" step="2"/><U26/><E123/><V129/><F117/><W30/><G30/><T108/><D108/><U90/><E17/><V11/><F116/><W59/><AGARI ba="0,1" hai="50,54,59,62,67,68,84,85,95,99,100" m="23743" machi="59" ten="30,3000,0" yaku="24,1,52,1" doraHai="60" who="3" fromWho="3" sc="138,-10,284,-10,330,-10,238,40" /><INIT seed="3,1,0,1,5,134" ten="128,274,320,278" oya="3" hai0="102,71,118,120,98,19,70,13,83,135,128,37,95" hai1="18,124,63,0,56,64,44,58,48,123,116,54,103" hai2="107,114,11,4,61,65,131,47,53,97,7,77,31" hai3="89,130,112,23,82,9,46,81,75,90,104,12,80"/><W94/><G112/><T59/><D118/><U25/><E0/><V92/><F114/><W43/><G104/><T96/><D120/><U51/><E103/><V20/><F107/><W16/><G130/><T21/><D37/><U32/><E32/><V74/><F74/><W14/><G75/><T101/><D135/><U52/><E25/><N who="2" m="16807" /><F77/><W111/><G111/><T30/><D128/><U122/><E18/><V121/><F121/><N who="1" m="46089" /><E116/><V87/><F87/><W127/><G127/><AGARI ba="1,0" hai="44,48,51,52,54,56,58,63,64,124,127" m="46089" machi="127" ten="30,8000,1" yaku="34,2,52,2,54,1" doraHai="134" who="1" fromWho="3" sc="128,0,274,83,320,0,278,-83" owari="128,-37.2,357,45.7,320,12.0,195,-20.5" /></mjloggm>