<mjloggm ver="2.3"><GO type="225" lobby="0"/><UN n0="%E3%81%99%E3%81%84%E3%81%BE%E3%81%9B%E3%83%BC%E3%82%93" n1="%E3%83%B4%E3%82%A3%E3%83%AF%E3%82%B3%E3%82%B0%E3%83%8B" n2="%6D%75%75%6D%75%72%61" n3="%6E%69%63%6B%6C%6F%77" dan="16,16,16,16" rate="2165.74,2163.83,2154.59,2077.23" sx="M,M,F,F"/><TAIKYOKU oya="0"/><INIT seed="0,0,0,4,4,103" ten="250,250,250,250" oya="0" hai0="37,46,92,83,87,108,12,50,30,10,67,121,124" hai1="122,72,27,126,19,17,86,98,45,55,63,22,61" hai2="128,36,117,111,80,56,54,18,82,116,4,73,100" hai3="6,59,60,51,47,49,68,1,29,39,91,134,76"/><T133/><D121/><U53/><E126/><V31/><F111/><W62/><G91/><T38/><D124/><U48/><E72/><V25/><F128/><W109/><G76/><T101/><D133/><U65/><E122/><V15/><F36/><W113/><G29/><T66/><D30/><U129/><E129/><V7/><F100/><W71/><G6/><N who="2" m="2089" /><F73/><W106/><G106/><T40/><D108/><U21/><E98/><V123/><F123/><W125/><G1/><T132/><D132/><U11/><E11/><N who="2" m="6527" /><F25/><W24/><G24/><T14/><D38/><U20/><E86/><V28/><F28/><W115/><G109/><T78/><D37/><U74/><E74/><V118/><F31/><W102/><G102/><T58/><D58/><N who="1" m="37111" /><E27/><V75/><F75/><W94/><G94/><T57/><D57/><AGARI ba="0,0" hai="17,19,20,21,22,45,48,53,55,57,61" m="37111" machi="57" ten="30,1000,0" yaku="8,1" doraHai="103" who="1" fromWho="0" sc="250,-10,250,10,250,0,250,0" /><INIT seed="1,0,0,3,2,50" ten="240,260,250,250" oya="1" hai0="60,75,77,78,31,21,64,116,135,18,42,70,48" hai1="118,19,52,62,36,9,117,79,5,22,63,10,98" hai2="106,25,58,82,39,127,73,72,69,81,2,12,90" hai3="128,85,26,88,96,132,119,83,56,33,53,112,115"/><U129/><E36/><V54/><F2/><W109/><G109/><T121/><D116/><U108/><E129/><V7/><F69/><W126/><G128/><T84/><D135/><U133/><E133/><V86/><F39/><W13/><G132/><T97/><D121/><U30/><E30/><V17/><F106/><W103/><G119/><T46/><D75/><U105/><E108/><V51/><F127/><W111/><G111/><T67/><D67/><U43/><E43/><V41/><F41/><W130/><G130/><T107/><D31/><U37/><E37/><V76/><F7/><W124/><G13/><T29/><D29/><U20/><E79/><V93/><F25/><W40/><G40/><T61/><D61/><U45/><E105/><V57/><F57/><W114/><G26/><T1/><D1/><U47/><E98/><V125/><F125/><N who="3" m="48235" /><G33/><T104/><D97/><U23/><E118/><V134/><F134/><W68/><G68/><T91/><D107/><U49/><E117/><V4/><F4/><W100/><G96/><T32/><D32/><U35/><E35/><V87/><REACH who="2" step="1"/><F82/><REACH who="2" ten="240,260,240,250" step="2"/><W65/><G65/><T16/><D104/><U11/><E5/><V14/><F14/><W123/><G123/><T59/><D70/><U8/><E45/><V24/><F24/><W89/><G89/><T80/><D18/><U38/><E38/><V120/><F120/><W95/><G83/><T0/><D0/><U34/><E34/><V28/><F28/><W6/><G6/><T15/><AGARI ba="0,1" hai="15,16,21,42,46,48,59,60,64,77,78,80,84,91" machi="15" ten="20,5200,0" yaku="0,1,7,1,8,1,54,1" doraHai="50" who="0" fromWho="0" sc="240,62,260,-26,240,-13,250,-13" /><INIT seed="2,0,0,5,2,38" ten="302,234,227,237" oya="2" hai0="39,21,46,16,36,81,83,98,96,56,31,97,76" hai1="55,8,99,114,15,53,45,92,26,9,17,87,74" hai2="93,60,7,110,71,69,91,126,118,44,61,111,14" hai3="47,22,6,50,42,90,41,88,121,29,23,24,11"/><V101/><F118/><W127/><G127/><T52/><D31/><U85/><E74/><V0/><F0/><W135/><G135/><T128/><D128/><U40/><E114/><V132/><F126/><W103/><G121/><T100/><D100/><U105/><E105/><V120/><F120/><W65/><G103/><T30/><D30/><U62/><E26/><V119/><F119/><W2/><G65/><T129/><D129/><U66/><E8/><N who="2" m="4383" /><F101/><W18/><REACH who="3" step="1"/><G41/><REACH who="3" ten="302,234,227,227" step="2"/><T68/><D68/><U35/><E66/><V116/><F132/><W89/><G89/><T75/><D76/><U133/><E133/><V117/><F69/><W4/><G4/><T12/><D39/><U131/><E131/><V28/><F71/><W107/><G107/><T79/><D36/><U124/><E124/><V82/><F117/><W106/><G106/><T122/><D122/><U108/><E40/><V5/><F116/><W59/><G59/><T134/><D134/><U72/><E53/><V104/><F104/><W34/><G34/><T95/><D46/><U57/><E35/><V70/><F44/><W49/><G49/><T123/><D123/><U10/><E45/><V32/><F70/><W86/><G86/><T51/><D79/><U109/><E85/><N who="2" m="50615" /><F5/><W113/><G113/><T3/><D75/><U20/><E87/><V1/><F32/><W58/><G58/><T43/><D43/><U48/><E72/><V27/><F111/><N who="1" m="42569" /><E48/><V112/><F110/><W80/><G80/><N who="0" m="30795" /><D3/><U77/><E77/><V78/><F112/><W130/><G130/><T25/><D95/><U54/><E54/><RYUUKYOKU ba="0,1" sc="302,10,234,10,227,-30,227,10" hai0="12,16,21,25,51,52,56,96,97,98" hai1="9,10,15,17,20,55,57,62,92,99" hai3="2,6,11,18,22,23,24,29,42,47,50,88,90" /><INIT seed="3,1,1,3,0,41" ten="312,244,197,237" oya="3" hai0="65,21,13,25,24,19,39,124,109,71,104,84,115" hai1="22,94,103,55,62,79,112,3,129,88,86,6,132" hai2="119,134,96,83,131,56,118,72,26,123,82,135,17" hai3="16,11,106,44,59,99,133,8,61,81,102,15,1"/><W20/><G133/><N who="2" m="50697" /><F56/><W74/><G1/><T36/><D104/><U95/><E132/><V31/><F17/><W120/><G120/><T42/><D109/><U12/><E129/><V92/><F26/><W101/><G101/><T51/><D124/><U113/><E3/><V69/><F31/><W64/><G74/><T0/><D0/><U108/><E108/><V18/><F18/><W114/><G114/><T93/><D115/><U28/><E79/><N who="2" m="44391" /><F69/><W121/><G121/><T27/><D65/><U80/><E103/><N who="2" m="60807" /><F131/><W76/><G81/><T49/><D71/><U32/><E113/><V46/><F46/><W87/><G87/><T97/><D84/><U40/><E40/><V105/><F123/><W125/><G76/><T89/><D42/><U70/><E112/><V126/><F126/><W127/><G127/><T53/><D51/><U30/><E32/><V9/><F9/><W68/><G125/><T66/><D66/><U2/><E2/><V33/><F33/><W98/><G98/><T38/><D38/><U7/><E70/><V23/><F23/><W117/><G117/><N who="2" m="44553" /><F83/><W48/><G68/><T45/><AGARI ba="1,1" hai="13,19,21,24,25,27,36,39,45,49,53,89,93,97" machi="45" ten="30,2000,0" yaku="0,1,52,1" doraHai="41" who="0" fromWho="0" sc="312,33,244,-6,197,-6,237,-11" owari="345,44.5,238,3.8,191,-30.9,226,-17.4" /></mjloggm>