<mjloggm ver="2.3"><GO type="225" lobby="0"/><UN n0="%E6%A5%93%E4%BB%8B" n1="%E5%91%A8%E6%9D%B1" n2="%E9%B4%A8%4E%45%47%49" n3="%6D%61%74%69%67%75%73%61" dan="16,17,16,17" rate="2052.68,2151.80,2110.35,2121.42" sx="M,M,M,M"/><TAIKYOKU oya="0"/><INIT seed="0,0,0,4,2,41" ten="250,250,250,250" oya="0" hai0="128,34,94,121,93,131,6,35,110,13,25,117,40" hai1="63,123,120,107,42,71,29,127,133,113,104,125,111" hai2="36,122,84,61,70,64,100,51,48,56,67,28,134" hai3="33,47,50,24,90,132,76,112,66,65,32,109,82"/><T8/><D117/><U89/><E29/><V5/><F100/><W119/><G119/><T60/><D121/><U87/><E42/><V58/><F28/><W1/><G1/><T26/><D60/><U45/><E63/><N who="2" m="40223" /><F5/><W116/><G112/><T69/><D69/><U80/><E71/><N who="2" m="42479" /><F84/><W16/><G109/><T18/><D110/><U53/><E111/><V68/><F122/><N who="1" m="46633" /><E113/><V75/><F75/><W83/><G132/><T4/><D40/><U37/><E37/><V21/><F21/><W12/><G116/><T98/><D98/><U31/><E31/><V15/><F15/><W57/><G32/><N who="0" m="12331" /><D94/><U54/><E133/><V9/><F9/><W38/><G38/><T27/><D93/><U59/><E107/><V22/><F22/><W99/><G24/><T92/><D92/><U130/><E104/><V49/><F134/><W96/><G33/><T114/><D114/><U85/><E85/><V46/><F68/><W81/><G76/><T108/><D108/><U17/><E87/><V44/><F36/><W103/><G90/><T95/><D95/><U101/><E89/><V73/><F73/><W10/><G57/><AGARI ba="0,0" hai="44,46,48,49,51,56,57,58" m="42479,40223" machi="57" ten="30,12000,2" yaku="35,5,52,2" doraHai="41" who="2" fromWho="3" sc="250,0,250,0,250,120,250,-120" /><INIT seed="1,0,0,2,5,66" ten="250,250,370,130" oya="1" hai0="129,37,29,107,121,120,131,90,48,115,117,126,97" hai1="16,44,33,18,36,124,43,39,3,56,34,119,76" hai2="110,63,103,46,83,114,74,27,69,30,32,87,84" hai3="113,100,118,105,22,116,135,75,47,2,55,12,102"/><U17/><E119/><N who="3" m="45610" /><G2/><T132/><D29/><U108/><E3/><V13/><F110/><W134/><G75/><T94/><D37/><U61/><E39/><V4/><F114/><W42/><G55/><T130/><D117/><U25/><E108/><V127/><F127/><W40/><G113/><T70/><D115/><U53/><E124/><V109/><F109/><W73/><G73/><T93/><D48/><U54/><E76/><V45/><F84/><W65/><G105/><T91/><D70/><U57/><REACH who="1" step="1"/><E25/><REACH who="1" ten="250,240,370,130" step="2"/><V7/><F74/><W133/><G65/><T72/><D126/><U1/><E1/><V38/><F38/><N who="3" m="21911" /><G42/><T88/><D72/><U106/><E106/><V78/><F13/><W98/><G98/><T58/><D132/><U67/><E67/><V28/><F27/><W92/><G92/><N who="0" m="35435" /><D58/><U10/><E10/><V99/><F78/><W14/><G14/><T23/><D23/><U49/><AGARI ba="0,1" hai="16,17,18,33,34,36,43,44,49,53,54,56,57,61" machi="49" ten="30,6000,0" yaku="1,1,0,1,54,1,53,0" doraHai="66" doraHaiUra="86" who="1" fromWho="1" sc="250,-20,240,70,370,-20,130,-20" /><INIT seed="1,1,0,4,1,78" ten="230,310,350,110" oya="1" hai0="103,12,91,65,29,92,118,37,87,48,20,44,1" hai1="74,77,72,105,55,27,82,79,11,68,126,90,9" hai2="3,124,125,32,16,26,30,80,128,45,107,112,96" hai3="86,116,41,64,134,52,42,97,85,34,6,119,60"/><U58/><E68/><V76/><F3/><W114/><G34/><T73/><D118/><N who="3" m="45097" /><G114/><T120/><D120/><U108/><E105/><V101/><F112/><W50/><G6/><T39/><D1/><U13/><E126/><N who="2" m="48747" /><F45/><N who="3" m="27727" /><G97/><T132/><D132/><U95/><E108/><V63/><F63/><W61/><G86/><T47/><D65/><U14/><E27/><V24/><F24/><W56/><G85/><T66/><D66/><U54/><E95/><V40/><F40/><N who="3" m="15467" /><G60/><T35/><D35/><U57/><E90/><V51/><F16/><W102/><G102/><T25/><D103/><U104/><E104/><V81/><F76/><W113/><G113/><T38/><D73/><U53/><E79/><V21/><F32/><W19/><G19/><T117/><D117/><U84/><E74/><V2/><F2/><W131/><G131/><T62/><D62/><U36/><E72/><V88/><F88/><W75/><G75/><T49/><REACH who="0" step="1"/><D12/><REACH who="0" ten="220,310,350,110" step="2"/><U135/><E14/><V0/><F0/><W59/><G134/><T17/><D17/><U71/><E135/><V28/><F128/><W115/><G115/><T31/><D31/><U69/><E13/><V94/><F30/><W106/><G106/><T130/><D130/><U10/><E10/><V98/><F107/><W123/><G123/><T70/><D70/><AGARI ba="1,1" hai="56,59,61,64,70" m="15467,27727,45097" machi="70" ten="30,7700,0" yaku="12,1,34,2,54,1" doraHai="78" who="3" fromWho="0" sc="220,-80,310,0,350,0,110,90" /><INIT seed="2,0,0,5,0,26" ten="140,310,350,200" oya="2" hai0="122,34,65,104,121,58,73,2,23,35,94,44,22" hai1="47,100,50,31,6,71,32,62,114,76,112,24,61" hai2="59,87,29,91,55,127,49,111,119,5,11,99,134" hai3="135,107,133,39,30,13,130,15,96,20,83,132,68"/><V84/><F119/><W72/><G39/><T123/><D73/><U118/><E118/><V115/><F115/><W37/><G37/><T52/><D2/><U126/><E126/><V103/><F127/><W102/><G68/><T56/><D104/><U90/><E6/><V40/><F134/><W19/><G130/><T57/><D65/><U78/><E90/><V129/><F129/><W124/><G124/><T16/><D94/><U79/><E100/><V64/><F111/><W66/><G66/><T48/><REACH who="0" step="1"/><D23/><REACH who="0" ten="130,310,350,200" step="2"/><U41/><E114/><V95/><F64/><W8/><G72/><T0/><D0/><U97/><E112/><V33/><F40/><W36/><G83/><T4/><D4/><U25/><E71/><V38/><F38/><W81/><G81/><T10/><D10/><U28/><REACH who="1" step="1"/><E97/><REACH who="1" ten="130,300,350,200" step="2"/><V51/><F5/><N who="3" m="3215" /><G36/><T77/><D77/><U82/><E82/><V85/><F99/><W21/><G96/><T60/><D60/><U88/><E88/><V116/><F91/><W17/><G102/><T27/><AGARI ba="0,2" hai="16,22,27,34,35,44,48,52,56,57,58,121,122,123" machi="27" ten="40,8000,1" yaku="1,1,0,1,54,2,53,1" doraHai="26" doraHaiUra="12" who="0" fromWho="0" sc="130,100,300,-20,350,-40,200,-20" /><INIT seed="3,0,0,2,3,122" ten="230,280,310,180" oya="3" hai0="16,66,131,113,72,133,109,85,3,108,93,135,45" hai1="48,36,117,73,75,88,63,62,21,67,110,23,112" hai2="17,33,94,98,20,51,119,37,111,107,79,118,68" hai3="102,50,19,114,129,120,40,130,91,9,58,125,14"/><W83/><G120/><T127/><D3/><U55/><E36/><V38/><F33/><W82/><G114/><T105/><D113/><U29/><E112/><V74/><F107/><W60/><G102/><T41/><D72/><U10/><E117/><V54/><F68/><W126/><G50/><T13/><D105/><U30/><E10/><V22/><F79/><W81/><G91/><N who="0" m="53487" /><D66/><U99/><E75/><V123/><F74/><W134/><G40/><T52/><D127/><U11/><E11/><V71/><F71/><W106/><G106/><T53/><D131/><U61/><E67/><V95/><F123/><W4/><G4/><T121/><D121/><U27/><E73/><V84/><F38/><W101/><G101/><T25/><D25/><U43/><E43/><V104/><F37/><W115/><G115/><T18/><D41/><U26/><E110/><N who="0" m="42601" /><D18/><U69/><E69/><V132/><F111/><W90/><G90/><T49/><D53/><U86/><E99/><V31/><F54/><N who="3" m="33879" /><G134/><T42/><D42/><U0/><E0/><V124/><F104/><W39/><G39/><T56/><D45/><U46/><E88/><V1/><F119/><W78/><G78/><T100/><D100/><U8/><E86/><V87/><F1/><W15/><G15/><T59/><D56/><U35/><E35/><V47/><F118/><W89/><G89/><T76/><D76/><U5/><E5/><V92/><F87/><W64/><G64/><T96/><D96/><U2/><E2/><V28/><F84/><W65/><G65/><T12/><D13/><U116/><E116/><RYUUKYOKU ba="0,0" sc="230,10,280,10,310,-30,180,10" hai0="12,16,49,52,59,133,135" hai1="8,21,23,26,27,29,30,46,48,55,61,62,63" hai3="9,14,19,81,82,83,125,126,129,130" /><INIT seed="3,1,0,0,5,35" ten="240,290,280,190" oya="3" hai0="115,101,125,107,27,74,43,116,127,117,4,83,106" hai1="67,20,110,41,80,59,73,90,133,23,113,108,62" hai2="130,47,17,123,81,76,65,36,38,126,55,45,13" hai3="54,132,104,85,129,21,34,122,19,102,6,18,88"/><W1/><G122/><T33/><D43/><U3/><E113/><V51/><F123/><W70/><G34/><T39/><D39/><U77/><E133/><V48/><F130/><W89/><G70/><T24/><D33/><U96/><E3/><V49/><F126/><N who="0" m="48138" /><D24/><U79/><E41/><V64/><F17/><W28/><G129/><T56/><D27/><U72/><E79/><V8/><F8/><W61/><G89/><T68/><D56/><U134/><E73/><V92/><F92/><W50/><G61/><T128/><D68/><U69/><E134/><V9/><F9/><W82/><G132/><T53/><D53/><U29/><E69/><V7/><F7/><W46/><G28/><T14/><D14/><U57/><E57/><N who="2" m="32999" /><F13/><W78/><G78/><N who="0" m="44503" /><D4/><U0/><E0/><V25/><F81/><W31/><G31/><T131/><D115/><U26/><E20/><V100/><F76/><W12/><G18/><T30/><D30/><U111/><E96/><V16/><F16/><W121/><G121/><T52/><D107/><U32/><E32/><V44/><F25/><W109/><G1/><T124/><D52/><U97/><E111/><V118/><F118/><N who="0" m="45674" /><D124/><U135/><E135/><V98/><F38/><W112/><G112/><T86/><D86/><U71/><E71/><V60/><F36/><W10/><G6/><T63/><D63/><U103/><REACH who="1" step="1"/><E90/><REACH who="1" ten="240,280,280,190" step="2"/><V5/><F64/><W119/><G119/><T95/><D106/><AGARI ba="1,1" hai="23,26,29,59,62,67,72,77,80,97,103,106,108,110" machi="106" ten="40,5200,0" yaku="1,1,2,1,53,1" doraHai="35" doraHaiUra="94" who="1" fromWho="0" sc="240,-55,280,65,280,0,190,0" owari="185,-31.5,345,44.5,280,8.0,190,-21.0" /></mjloggm>