<mjloggm ver="2.3"><GO type="225" lobby="0"/><UN n0="%E9%B3%B3%E6%9D%B1%E3%81%AE%E3%81%86%E3%81%95%E3%81%8E%E3%81%95%E3%82%93" n1="%E5%B8%86%E7%AB%8B%E5%A4%8F%E8%A1%A3" n2="%4E%6F%2E%30%30%30%31" n3="%33%74%72%65%65" dan="16,16,18,17" rate="2157.88,2103.65,2227.74,2203.03" sx="M,M,M,F"/><TAIKYOKU oya="0"/><INIT seed="0,0,0,4,4,21" ten="250,250,250,250" oya="0" hai0="50,110,67,107,3,127,12,6,78,86,20,108,119" hai1="22,52,131,47,54,111,25,33,56,126,71,14,34" hai2="43,36,118,30,57,28,37,74,95,68,8,115,38" hai3="24,64,129,42,82,93,76,135,87,134,55,9,63"/><T16/><D119/><U94/><E111/><N who="0" m="42537" /><D127/><U91/><E126/><V35/><F115/><W85/><G129/><T58/><D107/><U105/><E105/><V15/><F68/><W53/><G42/><T69/><D69/><U104/><E104/><V75/><F43/><W46/><G9/><N who="0" m="2271" /><D50/><U45/><E71/><V92/><F118/><W77/><G134/><T60/><D86/><U65/><E131/><V11/><F36/><W5/><G85/><T32/><D32/><U97/><E34/><V90/><F35/><W114/><G87/><T39/><D78/><U19/><E33/><V130/><F130/><W125/><G76/><T44/><D44/><N who="1" m="16971" /><E14/><V101/><F15/><W10/><G77/><T103/><D103/><U51/><E51/><V0/><F101/><W128/><G46/><T81/><D81/><U26/><E26/><V83/><F83/><W48/><G82/><T80/><D80/><U41/><E41/><V2/><F90/><W133/><G48/><T88/><D39/><U102/><E102/><V40/><F40/><W17/><G125/><T13/><D12/><U23/><E23/><V1/><F2/><W96/><G135/><T123/><D123/><U112/><E112/><V100/><F100/><W117/><G133/><T98/><D98/><U27/><E27/><V124/><F124/><W89/><G96/><T18/><D18/><U66/><E56/><AGARI ba="0,0" hai="0,1,8,11,28,30,37,38,56,57,74,75,92,95" machi="56" ten="25,1600,0" yaku="22,2" doraHai="21" who="2" fromWho="1" sc="250,0,250,-16,250,16,250,0" /><INIT seed="1,0,0,4,0,95" ten="250,234,266,250" oya="1" hai0="27,126,68,117,99,114,11,6,21,38,105,48,23" hai1="115,12,129,135,79,110,66,123,42,59,20,77,24" hai2="113,10,1,73,35,62,55,14,4,101,25,64,122" hai3="98,127,2,18,124,92,13,91,58,9,85,60,37"/><U82/><E115/><V54/><F122/><W8/><G37/><T3/><D114/><U30/><E123/><V26/><F113/><W65/><REACH who="3" step="1"/><G85/><REACH who="3" ten="250,234,266,240" step="2"/><T106/><D38/><U31/><E129/><V112/><F112/><W103/><G103/><T50/><D126/><U131/><E131/><V52/><F101/><W94/><G94/><T29/><D106/><U39/><E39/><V28/><F73/><W88/><G88/><T22/><D105/><U87/><E87/><V63/><F64/><W128/><G128/><T78/><D78/><U119/><E79/><V102/><F102/><W83/><G83/><T61/><D117/><U74/><E77/><V132/><F132/><W69/><G69/><T53/><D68/><U108/><E82/><V90/><F90/><W67/><G67/><T57/><REACH who="0" step="1"/><D99/><REACH who="0" ten="240,234,266,240" step="2"/><U80/><E119/><V34/><F1/><W56/><G56/><T97/><D97/><U84/><E59/><V49/><F49/><AGARI ba="0,2" hai="3,6,11,21,22,23,27,29,48,49,50,53,57,61" machi="49" ten="40,1300,0" yaku="1,1,53,0" doraHai="95" doraHaiUra="111" who="0" fromWho="2" sc="240,33,234,0,266,-13,240,0" /><INIT seed="2,0,0,3,4,102" ten="273,234,253,240" oya="2" hai0="20,72,75,14,46,2,69,53,44,127,92,61,110" hai1="22,80,128,58,12,17,120,56,54,5,89,37,98" hai2="81,26,1,114,111,124,42,82,130,41,108,31,84" hai3="45,27,93,71,29,35,38,132,134,121,6,105,18"/><V48/><F114/><W129/><G121/><T59/><D2/><U125/><E125/><V0/><F124/><W4/><G105/><T3/><D3/><N who="2" m="1098" /><F130/><W118/><G118/><T68/><D127/><U55/><E128/><V28/><F48/><W122/><G122/><T96/><D110/><N who="2" m="42026" /><F84/><W39/><G129/><T7/><D75/><U33/><E33/><V76/><F26/><W10/><G27/><T36/><D72/><U100/><E37/><V57/><F57/><N who="1" m="22121" /><E120/><V43/><F76/><W47/><G39/><T63/><D36/><U83/><E5/><V104/><F104/><W95/><G4/><T79/><D79/><U30/><E30/><AGARI ba="0,0" hai="28,30,31,41,42,43,81,82" m="42026,1098" machi="30" ten="40,12000,1" yaku="28,2,14,1,10,1" doraHai="102" who="2" fromWho="1" sc="273,0,234,-120,253,120,240,0" /><INIT seed="2,1,0,2,2,57" ten="273,114,373,240" oya="2" hai0="58,82,9,52,74,62,119,90,63,0,39,30,25" hai1="105,117,40,51,70,35,27,66,55,46,15,85,92" hai2="73,50,12,134,65,3,110,109,130,126,4,56,101" hai3="80,77,20,102,128,54,99,108,68,124,94,107,135"/><V47/><F73/><W106/><G108/><N who="2" m="41577" /><F3/><W114/><G68/><T127/><D39/><U111/><E111/><V59/><F101/><N who="3" m="60663" /><G54/><T104/><D104/><N who="3" m="39977" /><G20/><T44/><D127/><U116/><E105/><V2/><F2/><W72/><G124/><T103/><D103/><U97/><E85/><V37/><F126/><W71/><G71/><T31/><D119/><U83/><E83/><V23/><F23/><W14/><G14/><T17/><D74/><U132/><E132/><V36/><F134/><W26/><G26/><T115/><D115/><U98/><E98/><V43/><F130/><W67/><G102/><T91/><D30/><U8/><E27/><V75/><F59/><W61/><G128/><T38/><D0/><U118/><E35/><V88/><F12/><W78/><G78/><T100/><D100/><U69/><E40/><V29/><F29/><W112/><G135/><T60/><D31/><U21/><E21/><V34/><F34/><W6/><G6/><T131/><D131/><U95/><E97/><V125/><F4/><W120/><G120/><T45/><D25/><U93/><REACH who="1" step="1"/><E66/><REACH who="1" ten="273,104,373,240" step="2"/><V7/><F65/><W76/><G67/><T48/><D82/><U49/><E49/><V22/><F50/><W13/><G112/><T19/><D38/><U24/><E24/><V81/><F37/><W1/><G114/><T79/><D48/><U89/><E89/><V113/><F113/><W11/><G80/><T28/><D91/><U42/><E42/><V64/><F43/><W18/><G72/><T87/><D90/><U84/><E84/><N who="2" m="50191" /><F75/><W5/><G77/><RYUUKYOKU ba="1,1" sc="273,-10,104,30,373,-10,240,-10" hai1="8,15,46,51,55,69,70,92,93,95,116,117,118" /><INIT seed="3,2,1,4,2,87" ten="263,134,363,230" oya="3" hai0="36,104,22,78,57,95,73,47,114,119,65,15,102" hai1="45,106,43,133,27,71,125,38,111,44,51,134,76" hai2="56,77,5,84,32,66,108,59,18,72,120,91,68" hai3="129,28,74,89,115,41,25,86,42,118,50,97,103"/><W83/><G118/><T63/><D119/><U54/><E106/><V37/><F37/><W122/><G115/><T4/><D114/><U34/><E76/><V55/><F32/><W52/><G122/><T1/><D104/><U19/><E34/><V53/><F108/><W132/><G74/><T123/><D123/><U110/><E27/><V6/><F77/><W81/><G81/><T116/><D116/><U90/><E19/><V35/><F35/><W33/><G129/><T70/><D1/><U94/><E125/><V10/><F68/><W100/><G132/><T31/><D70/><U109/><REACH who="1" step="1"/><E71/><REACH who="1" ten="263,124,363,230" step="2"/><V135/><F18/><W105/><G103/><T3/><D78/><U112/><E112/><V85/><F120/><W98/><G98/><AGARI ba="2,2" hai="38,43,44,45,51,54,90,94,98,109,110,111,133,134" machi="98" ten="40,5200,0" yaku="1,1,14,1,52,1,53,0" doraHai="87" doraHaiUra="16" who="1" fromWho="3" sc="263,0,124,78,363,0,230,-58" owari="263,6.3,202,-19.8,363,46.3,172,-32.8" /></mjloggm>