<mjloggm ver="2.3"><GO type="225" lobby="0"/><UN n0="%E9%B3%B3%E6%9D%B1%E3%81%AE%E3%81%86%E3%81%95%E3%81%8E%E3%81%95%E3%82%93" n1="%70%68%65%6E%6F%6D%65" n2="%E3%83%A1%E3%82%AC%E3%83%87%E3%82%B8" n3="%E5%B8%86%E7%AB%8B%E5%A4%8F%E8%A1%A3" dan="16,17,16,17" rate="2176.21,2203.54,2117.29,2126.73" sx="M,M,F,M"/><TAIKYOKU oya="0"/><INIT seed="0,0,0,2,1,33" ten="250,250,250,250" oya="0" hai0="70,111,25,34,40,5,71,51,129,100,98,104,131" hai1="47,73,24,43,123,60,102,42,118,107,96,19,41" hai2="74,121,23,130,10,106,9,50,125,14,122,39,132" hai3="21,66,63,127,134,72,20,0,79,4,89,28,62"/><T45/><D5/><U67/><E118/><V46/><F130/><N who="0" m="49674" /><D111/><U97/><E123/><V120/><F132/><W114/><G127/><T95/><D104/><U56/><E73/><V1/><F125/><W101/><G114/><T7/><D7/><U37/><REACH who="1" step="1"/><E96/><REACH who="1" ten="250,240,250,250" step="2"/><V94/><F74/><W48/><G72/><T119/><D119/><U84/><E84/><V92/><F121/><W87/><G87/><T12/><D12/><U16/><E16/><V30/><F14/><W117/><G117/><T52/><D40/><U59/><E59/><V69/><F69/><W2/><G134/><T116/><D116/><U36/><E36/><V113/><F39/><W99/><G99/><T27/><D27/><U26/><E26/><V78/><F122/><W93/><G4/><T108/><D108/><U85/><E85/><V58/><F58/><W6/><G6/><T76/><D76/><U53/><E53/><V88/><F78/><W75/><G79/><T31/><AGARI ba="0,1" hai="25,31,34,45,51,52,70,71,95,98,100" m="49674" machi="31" ten="30,3000,0" yaku="19,1,54,1" doraHai="33" who="0" fromWho="0" sc="250,40,240,-10,250,-10,250,-10" /><INIT seed="0,1,0,4,3,120" ten="290,230,240,240" oya="0" hai0="65,5,104,114,46,127,123,134,117,21,53,20,81" hai1="23,73,67,29,101,75,30,124,118,70,6,38,128" hai2="39,17,27,94,4,71,1,43,84,3,131,77,64" hai3="109,92,83,107,86,41,90,103,60,40,13,111,108"/><T133/><D114/><U19/><E118/><V116/><F131/><W102/><G107/><T62/><D123/><U26/><E124/><V112/><F112/><W12/><G60/><T74/><D104/><U87/><E128/><V66/><F116/><W57/><G57/><T122/><D122/><U10/><E38/><V85/><F43/><N who="3" m="16459" /><G103/><T8/><D117/><U44/><E101/><V91/><F39/><W2/><G2/><T37/><D127/><U42/><E87/><V121/><F3/><W52/><G52/><T100/><D100/><U51/><E67/><V25/><F71/><W68/><G68/><T89/><D37/><U28/><REACH who="1" step="1"/><E70/><REACH who="1" ten="290,220,240,240" step="2"/><V11/><F121/><W105/><G105/><T9/><D65/><U130/><E130/><V125/><F125/><W129/><G129/><T54/><D74/><U36/><E36/><V63/><F66/><W72/><G102/><T106/><D106/><U95/><E95/><V93/><F93/><W110/><G110/><T98/><D81/><U0/><AGARI ba="1,1" hai="0,6,10,19,23,26,28,29,30,42,44,51,73,75" machi="0" ten="30,4000,0" yaku="1,1,0,1,53,1" doraHai="120" doraHaiUra="47" who="1" fromWho="1" sc="290,-21,220,53,240,-11,240,-11" /><INIT seed="1,0,0,2,4,102" ten="269,273,229,229" oya="1" hai0="100,134,80,43,28,120,22,15,103,98,55,8,88" hai1="70,69,12,31,72,95,85,49,76,112,57,37,13" hai2="56,65,89,81,131,92,117,6,34,23,44,107,78" hai3="30,21,33,10,9,54,0,74,108,64,17,53,75"/><U66/><E37/><V1/><F34/><W27/><G108/><T122/><D43/><U94/><E112/><V39/><F117/><W29/><G29/><T45/><D134/><U40/><E31/><V20/><F131/><W128/><G64/><T87/><D22/><U24/><E24/><V99/><F107/><W16/><G128/><T73/><D73/><U129/><E72/><N who="2" m="43207" /><F56/><W71/><G71/><T126/><D126/><U35/><E35/><V119/><F65/><W59/><G54/><T32/><D32/><U109/><E109/><V84/><F84/><W91/><G91/><T41/><D55/><U105/><E105/><V52/><F52/><W79/><G10/><T118/><D118/><U110/><E129/><V111/><F111/><W90/><G90/><T113/><D28/><U96/><E110/><V67/><F67/><W83/><G75/><T3/><D113/><U97/><E40/><N who="2" m="22559" /><F119/><W130/><G130/><T124/><D124/><U51/><E66/><V114/><F114/><W62/><REACH who="3" step="1"/><G33/><REACH who="3" ten="269,273,229,219" step="2"/><T121/><D88/><U60/><E76/><V135/><F135/><W26/><G26/><T123/><D123/><U125/><E125/><V101/><F89/><W18/><G18/><T86/><D122/><U50/><E85/><V7/><F7/><AGARI ba="0,1" hai="0,7,9,16,17,21,27,30,53,59,62,74,79,83" machi="7" ten="40,2600,0" yaku="1,1,54,1,53,0" doraHai="102" doraHaiUra="132" who="3" fromWho="2" sc="269,0,273,0,229,-26,219,36" /><INIT seed="2,0,0,2,0,90" ten="269,273,203,255" oya="2" hai0="16,105,89,22,119,65,7,118,104,93,8,38,126" hai1="117,45,106,101,18,21,56,87,30,96,76,128,88" hai2="52,97,58,35,77,79,0,36,39,107,59,55,99" hai3="54,94,98,64,111,122,15,86,46,53,25,109,41"/><V123/><F35/><W124/><G122/><T130/><D38/><U121/><E117/><N who="0" m="44553" /><D130/><U71/><E71/><V17/><F0/><W44/><G64/><T92/><D126/><U120/><E128/><V91/><F17/><W102/><G124/><T28/><D28/><U61/><E30/><V74/><F91/><W80/><G25/><N who="0" m="14535" /><D65/><U20/><E76/><V4/><F4/><W82/><G15/><N who="0" m="5535" /><D92/><N who="1" m="54303" /><E45/><V67/><F67/><W6/><G6/><T116/><N who="0" m="44561" /><T115/><DORA hai="19" /><D115/><U40/><E18/><V13/><F13/><W60/><G46/><T62/><D62/><U9/><E56/><V135/><F107/><W50/><G60/><T3/><D3/><U103/><E61/><V72/><REACH who="2" step="1"/><F123/><REACH who="2" ten="269,273,193,255" step="2"/><W26/><G102/><T49/><D49/><U95/><E101/><V24/><F24/><W12/><G26/><T51/><D51/><U23/><E106/><V31/><F31/><W70/><G12/><T134/><D134/><AGARI ba="0,1" hai="36,39,52,55,58,59,72,74,77,79,97,99,134,135" machi="134" ten="25,9600,0" yaku="1,1,22,2,54,1,53,0" doraHai="90,19" doraHaiUra="66,27" who="2" fromWho="0" sc="269,-96,273,0,193,106,255,0" /><INIT seed="2,1,0,1,1,67" ten="173,273,299,255" oya="2" hai0="132,110,1,104,135,70,56,41,115,101,49,60,109" hai1="128,18,121,6,118,59,94,21,38,106,39,53,45" hai2="48,4,84,43,63,72,112,99,134,27,30,80,133" hai3="125,123,57,8,100,130,73,93,129,78,124,97,23"/><V116/><F112/><W37/><G37/><T31/><D1/><U126/><E106/><V68/><F72/><W127/><G23/><T36/><D31/><U66/><E118/><V3/><F99/><W55/><G8/><T13/><D13/><U89/><E126/><V9/><F116/><W102/><G123/><T28/><D28/><U17/><E128/><N who="3" m="49258" /><G55/><N who="0" m="31855" /><D101/><U114/><E6/><V2/><F43/><W85/><G57/><T65/><D104/><U16/><E114/><V111/><F48/><W35/><G35/><T34/><D34/><U19/><E121/><V83/><F2/><W74/><G102/><T11/><D11/><U108/><E66/><V92/><F27/><W98/><G97/><T50/><D36/><U61/><E45/><V117/><F30/><W29/><G29/><T86/><D115/><U54/><E53/><V79/><F117/><W131/><G131/><T40/><D41/><U0/><E0/><V51/><F9/><W103/><G103/><T113/><D113/><U42/><E42/><V7/><F3/><W90/><G78/><T82/><D40/><U77/><E77/><V24/><F79/><W69/><G69/><T52/><D52/><U32/><E32/><V10/><F10/><W71/><G71/><T107/><D50/><U58/><E59/><V95/><F68/><W64/><G64/><T122/><D122/><U88/><E39/><V105/><F4/><W25/><G25/><T33/><D33/><U22/><E38/><V5/><F7/><W96/><G96/><T20/><D70/><U119/><E119/><V87/><F5/><RYUUKYOKU ba="1,0" sc="173,-10,273,-10,299,-10,255,30" hai3="73,74,85,90,93,98,100,124,125,127" /><INIT seed="3,2,0,0,5,86" ten="163,263,289,285" oya="3" hai0="78,109,3,20,114,84,82,74,64,21,49,77,94" hai1="2,31,17,117,134,122,121,98,111,58,85,106,22" hai2="41,26,10,69,118,71,126,54,34,13,125,129,92" hai3="37,88,42,57,1,16,38,62,135,73,23,25,40"/><W107/><G107/><T8/><D109/><U89/><E2/><V68/><F118/><W15/><G1/><T108/><D108/><U100/><E111/><V87/><F41/><N who="3" m="15979" /><G73/><T52/><D114/><U124/><E134/><V33/><F129/><W5/><G38/><T75/><D64/><U60/><E31/><V12/><F54/><N who="3" m="34103" /><G37/><T4/><D75/><U132/><E124/><N who="2" m="47723" /><F26/><W29/><G135/><T80/><REACH who="0" step="1"/><D94/><REACH who="0" ten="153,263,289,285" step="2"/><U123/><E132/><V51/><F92/><W19/><G88/><T36/><D36/><U101/><E121/><V18/><F69/><W120/><G120/><T59/><AGARI ba="2,1" hai="3,4,8,20,21,49,52,59,74,77,78,80,82,84" machi="59" ten="20,8000,1" yaku="1,1,0,1,7,1,54,1,53,1" doraHai="86" doraHaiUra="104" who="0" fromWho="0" sc="153,96,263,-22,289,-22,285,-42" /><INIT seed="4,0,0,1,0,108" ten="249,241,267,243" oya="0" hai0="55,75,112,81,121,101,122,114,126,98,61,31,71" hai1="17,53,95,40,34,106,69,9,28,94,82,58,117" hai2="6,67,18,60,25,115,76,39,37,86,41,51,4" hai3="125,42,84,44,3,73,13,62,54,23,5,45,113"/><T109/><D109/><U110/><E110/><V116/><F39/><W131/><G113/><N who="0" m="43627" /><D126/><U56/><E69/><V78/><F37/><W97/><G73/><T29/><D75/><U119/><E106/><V128/><F128/><W70/><G45/><T103/><D81/><U21/><E40/><V100/><F100/><N who="0" m="38474" /><D98/><U46/><E34/><V99/><F99/><W102/><G62/><T107/><D107/><U36/><E53/><V22/><F116/><W38/><G97/><T14/><D14/><U19/><E46/><N who="2" m="26063" /><F115/><W47/><G47/><T59/><D71/><U79/><E36/><V66/><F86/><W15/><G84/><T96/><D96/><U65/><E28/><AGARI ba="0,0" hai="28,29,31,55,59,61,121,122" m="38474,43627" machi="28" ten="30,11600,0" yaku="15,1,52,3" doraHai="108" who="0" fromWho="1" sc="249,116,241,-116,267,0,243,0" owari="365,46.5,125,-37.5,267,6.7,243,-15.7" /></mjloggm>