<mjloggm ver="2.3"><GO type="225" lobby="0"/><UN n0="%E6%B8%A9%E2%98%85%E6%83%85%E2%98%85%E6%8E%AA%E2%98%85%E7%BD%AE" n1="%72%69%6F%75%63%68%61%6E" n2="%E3%83%8F%E3%83%B3%E3%83%89%E3%83%A9%E3%83%BC%E3%83%BB%E3%83%AF%E3%83%B3" n3="%E6%9D%B1%E9%A2%A8%E3%81%AE%E3%81%8D%E3%82%83%E3%81%B7%E3%81%95%E3%82%93" dan="17,16,17,16" rate="2130.10,2189.32,2207.25,2163.14" sx="M,M,M,M"/><TAIKYOKU oya="0"/><INIT seed="0,0,0,1,2,72" ten="250,250,250,250" oya="0" hai0="56,70,23,54,119,9,59,53,17,95,118,101,41" hai1="114,96,69,134,50,6,47,90,10,103,32,0,64" hai2="28,99,108,128,100,113,125,93,52,123,111,124,74" hai3="14,36,94,13,35,4,20,51,81,39,116,24,18"/><T34/><D34/><U49/><E134/><V85/><F28/><W5/><G116/><T102/><D70/><U8/><E114/><V83/><F52/><N who="0" m="20074" /><D119/><U87/><E32/><V75/><F123/><W68/><G51/><T89/><D9/><U71/><E8/><V42/><F42/><W131/><G68/><T135/><D41/><U67/><E69/><V80/><F128/><W40/><G131/><T33/><D33/><U120/><E120/><V73/><F83/><W97/><G81/><T76/><D76/><U12/><E0/><V66/><F66/><N who="1" m="25129" /><E71/><V110/><F113/><W38/><G40/><T2/><D2/><U112/><E112/><V31/><F31/><W129/><G129/><T92/><D135/><U78/><E103/><N who="0" m="39433" /><D118/><U46/><E49/><V43/><F43/><W44/><G44/><N who="1" m="16938" /><E50/><V27/><F27/><W91/><REACH who="3" step="1"/><G35/><REACH who="3" ten="250,250,250,240" step="2"/><T121/><D121/><U26/><E78/><AGARI ba="0,1" hai="73,74,75,78,80,85,93,99,100,108,110,111,124,125" machi="78" ten="50,8000,1" yaku="14,1,34,3,52,1" doraHai="72" who="2" fromWho="1" sc="250,0,250,-80,250,90,240,0" /><INIT seed="1,0,0,1,0,76" ten="250,170,340,240" oya="1" hai0="53,69,89,25,61,20,112,100,85,4,43,40,115" hai1="13,64,80,8,30,94,51,110,68,55,113,130,3" hai2="87,57,96,22,107,56,28,23,117,86,26,70,44" hai3="91,59,126,54,116,29,121,82,95,62,24,63,78"/><U19/><E113/><V5/><F70/><W124/><G121/><T1/><D100/><U122/><E122/><V81/><F117/><W10/><G10/><T103/><D103/><U31/><E130/><V38/><F5/><W79/><G63/><T45/><D4/><U88/><E110/><V66/><F107/><W125/><G116/><T123/><D1/><U60/><E3/><V71/><F96/><W74/><G78/><T75/><D75/><U118/><E118/><V83/><F71/><W46/><G46/><T109/><D109/><U47/><REACH who="1" step="1"/><E80/><REACH who="1" ten="250,160,340,240" step="2"/><V111/><F83/><W77/><G77/><T50/><D123/><U90/><E90/><V120/><F81/><W92/><REACH who="3" step="1"/><G91/><REACH who="3" ten="250,160,340,230" step="2"/><T18/><D112/><U114/><E114/><V11/><F120/><W37/><G37/><T7/><D115/><U52/><E52/><V0/><F38/><W84/><G84/><AGARI ba="0,2" hai="8,13,19,30,31,47,51,55,60,64,68,84,88,94" machi="84" ten="30,11600,0" yaku="1,1,7,1,54,1,53,1" doraHai="76" doraHaiUra="48" who="1" fromWho="3" sc="250,0,160,136,340,0,230,-116" /><INIT seed="1,1,0,3,0,22" ten="250,296,340,114" oya="1" hai0="68,127,133,126,37,52,26,71,99,58,60,66,65" hai1="17,120,130,88,89,103,117,5,3,51,38,102,75" hai2="63,18,9,135,108,40,45,36,114,4,82,12,76" hai3="41,122,32,128,33,115,109,90,2,85,21,19,0"/><U92/><E117/><V62/><F108/><W15/><G109/><T104/><D104/><U79/><E120/><V64/><F135/><W107/><G122/><T70/><D99/><U46/><E130/><V84/><F114/><W30/><G115/><T53/><D133/><U105/><E105/><V77/><F77/><W134/><G107/><T95/><D95/><U125/><E125/><N who="0" m="47625" /><D26/><U43/><E51/><V29/><F29/><W55/><G134/><T112/><D112/><U69/><E69/><N who="0" m="26729" /><D37/><U48/><E48/><V20/><REACH who="2" step="1"/><F64/><REACH who="2" ten="250,296,330,114" step="2"/><N who="0" m="24682" /><D71/><U121/><E121/><V96/><F96/><W34/><G128/><T59/><D60/><U44/><E79/><V129/><F129/><W101/><G101/><T132/><D132/><U73/><E103/><V56/><F56/><AGARI ba="1,1" hai="52,53,56,58,59" m="24682,26729,47625" machi="56" ten="40,12000,2" yaku="28,2,18,1,34,2,54,1" doraHai="22" who="0" fromWho="2" sc="250,133,296,0,330,-123,114,0" /><INIT seed="2,0,0,4,4,117" ten="383,296,207,114" oya="2" hai0="59,32,75,129,86,80,104,68,17,34,77,73,35" hai1="69,106,4,81,7,122,0,46,108,74,37,100,96" hai2="18,9,10,25,36,105,88,39,83,30,58,62,135" hai3="131,60,66,127,53,78,126,71,119,11,134,24,115"/><V110/><F105/><W76/><G24/><T72/><D68/><U132/><E108/><V116/><F116/><W56/><G11/><T31/><D129/><U111/><E111/><V44/><F110/><W14/><G14/><T28/><D104/><U8/><E7/><V16/><F135/><W67/><G119/><T43/><D43/><N who="1" m="22895" /><E69/><V107/><F107/><W5/><G5/><T99/><D99/><U93/><E93/><V54/><F39/><W102/><G102/><T6/><D6/><U21/><E21/><N who="2" m="15663" /><F44/><W19/><G19/><N who="2" m="7209" /><F36/><W41/><G115/><T121/><D17/><U91/><E91/><V123/><F123/><W120/><G78/><T20/><D121/><U89/><E89/><V29/><F29/><W64/><G76/><T26/><D31/><U55/><E132/><V124/><F124/><N who="3" m="47659" /><G134/><T85/><D77/><N who="1" m="44215" /><E55/><V82/><F82/><W22/><G120/><AGARI ba="0,0" hai="0,4,8,96,100,106,120,122" m="44215,22895" machi="120" ten="30,7700,0" yaku="25,1,23,1,52,2" doraHai="117" who="1" fromWho="3" sc="383,0,296,77,207,0,114,-77" /><INIT seed="3,0,0,0,0,109" ten="383,373,207,37" oya="3" hai0="127,95,5,54,103,61,63,18,133,93,132,55,130" hai1="50,92,25,13,87,17,74,49,76,125,75,72,128" hai2="105,77,82,124,22,57,24,70,4,64,67,99,27" hai3="15,126,20,11,68,101,36,30,53,33,60,44,47"/><W32/><G126/><T131/><D5/><U85/><E125/><V129/><F70/><W121/><G121/><T28/><D127/><U52/><E128/><N who="0" m="49193" /><D28/><U98/><E25/><V12/><F129/><W78/><G78/><T41/><D41/><U69/><E69/><V106/><F124/><W29/><G101/><T16/><D55/><U108/><E108/><V34/><F34/><W71/><G53/><T62/><D54/><U3/><E3/><V122/><F122/><W111/><G111/><T119/><D119/><U14/><E76/><V66/><F57/><W80/><G80/><T134/><D103/><U2/><E2/><V81/><F27/><W10/><G20/><T1/><D1/><U113/><E113/><V38/><F38/><W56/><G15/><T97/><D97/><U46/><E49/><V73/><F82/><W6/><G6/><T7/><D7/><U23/><REACH who="1" step="1"/><E13/><REACH who="1" ten="383,363,207,37" step="2"/><V91/><F12/><W9/><G9/><T112/><D112/><U116/><E116/><V100/><F4/><W94/><G94/><AGARI ba="0,1" hai="16,18,61,62,63,93,94,95,132,133,134" m="49193" machi="94" ten="40,8000,1" yaku="28,2,20,1,19,1,54,1" doraHai="109" who="0" fromWho="3" sc="383,90,363,0,207,0,37,-80" owari="473,57.3,363,16.3,207,-19.3,-43,-54.3" /></mjloggm>