<mjloggm ver="2.3"><GO type="225" lobby="0"/><UN n0="%E5%92%8B%E4%B8%8D%E9%87%8C%E4%B8%89" n1="%E6%B4%BE%E9%81%A3%E3%81%AE%E3%82%B8%E3%83%A3%E3%83%83%E3%82%AF" n2="%E3%81%82%E3%81%99%E3%81%AB%E3%82%83%E3%82%80" n3="%E7%AD%89%E3%80%85%E5%8A%9B%E5%8A%87%E5%A0%B4" dan="16,16,16,16" rate="2176.93,2148.44,2192.62,2142.17" sx="M,M,F,M"/><TAIKYOKU oya="0"/><INIT seed="0,0,0,3,5,3" ten="250,250,250,250" oya="0" hai0="23,58,94,64,95,12,13,104,93,112,60,119,129" hai1="109,74,35,26,69,79,53,92,56,76,107,14,98" hai2="24,38,20,50,49,22,72,122,15,46,30,130,43" hai3="68,135,63,77,16,59,99,86,48,75,117,45,100"/><T128/><D119/><U116/><E116/><V2/><F122/><W32/><G117/><T7/><D112/><U34/><E109/><V123/><F123/><W124/><G32/><T113/><D113/><U110/><E110/><V66/><F2/><W25/><G75/><T21/><D104/><U83/><E69/><V84/><F72/><W47/><G68/><T1/><D1/><U41/><E107/><V90/><F130/><N who="0" m="50282" /><D13/><U71/><E71/><V0/><F0/><W80/><G135/><T52/><D64/><U33/><E76/><V82/><F66/><W125/><G63/><T51/><D60/><U115/><E115/><V87/><F15/><W27/><G59/><T118/><D118/><U8/><E41/><V39/><F39/><W81/><G47/><T17/><D17/><U29/><E56/><V10/><F10/><AGARI ba="0,0" hai="7,10,12,21,23,51,52,58,93,94,95" m="50282" machi="10" ten="30,5800,0" yaku="19,1,52,1,54,1" doraHai="3" who="0" fromWho="2" sc="250,58,250,0,250,-58,250,0" /><INIT seed="0,1,0,3,1,30" ten="308,250,192,250" oya="0" hai0="51,47,45,121,27,126,1,10,106,62,113,93,76" hai1="7,116,81,88,4,98,66,60,133,44,132,13,115" hai2="21,56,100,34,112,14,87,90,128,129,91,134,50" hai3="48,84,64,19,99,6,58,111,9,67,114,38,127"/><T73/><D121/><U78/><E116/><V29/><F112/><W24/><G38/><T8/><D106/><U131/><E131/><N who="2" m="50251" /><F100/><W69/><G69/><T42/><D113/><U65/><E115/><V18/><F134/><N who="1" m="51817" /><E44/><V53/><F87/><W108/><G114/><T103/><D47/><U3/><E3/><V109/><F109/><W124/><G84/><T89/><D103/><U32/><E13/><V5/><F5/><N who="1" m="2121" /><E32/><V37/><F37/><W130/><G130/><T36/><D1/><U72/><E60/><V2/><F2/><W16/><G6/><T119/><D62/><U97/><E97/><V110/><F110/><W12/><G12/><T35/><D119/><U31/><E31/><V54/><F54/><W68/><G111/><T135/><D135/><U20/><E20/><V95/><F95/><AGARI ba="1,0" hai="65,66,72,78,81,88,95,98" m="2121,51817" machi="95" ten="30,2000,0" yaku="20,1,54,1" doraHai="30" who="1" fromWho="2" sc="308,0,250,23,192,-23,250,0" /><INIT seed="1,0,0,1,4,6" ten="308,273,169,250" oya="1" hai0="36,40,27,123,9,107,55,113,98,32,117,45,75" hai1="63,78,17,34,70,14,26,44,7,88,91,79,23" hai2="43,58,46,121,97,53,72,19,48,119,62,133,124" hai3="112,134,29,135,92,110,102,1,37,68,120,12,85"/><U39/><E70/><V33/><F119/><W4/><G37/><T65/><D55/><U116/><E116/><V94/><F121/><W8/><G68/><T22/><D117/><U83/><E63/><V30/><F72/><W127/><G112/><T5/><D123/><U96/><E34/><V130/><F130/><W109/><G120/><T54/><D54/><U104/><E104/><V60/><F133/><N who="3" m="50699" /><G29/><N who="0" m="19519" /><D22/><U50/><E39/><V59/><F124/><W73/><G73/><T105/><D65/><U10/><E96/><V25/><F59/><W31/><G31/><T24/><D24/><U82/><E82/><V129/><F129/><W57/><G127/><T56/><D56/><U69/><E69/><V67/><F19/><W61/><G1/><N who="0" m="175" /><D113/><U93/><E93/><V80/><F80/><W77/><G77/><N who="1" m="29194" /><E83/><V101/><REACH who="2" step="1"/><F67/><REACH who="2" ten="308,273,159,250" step="2"/><W106/><G57/><T108/><D75/><U122/><E122/><V128/><F128/><W15/><G4/><T111/><D98/><U20/><E20/><V71/><F71/><W114/><G114/><T81/><D81/><U118/><E118/><V38/><AGARI ba="0,1" hai="25,30,33,38,43,46,48,53,58,60,62,94,97,101" machi="38" ten="20,2700,0" yaku="1,1,0,1,7,1,53,0" doraHai="6" doraHaiUra="87" who="2" fromWho="2" sc="308,-7,273,-13,159,37,250,-7" /><INIT seed="2,0,0,5,4,92" ten="301,260,196,243" oya="2" hai0="105,70,104,69,43,122,25,65,78,83,2,67,108" hai1="64,68,86,130,38,111,135,39,20,125,11,84,63" hai2="100,22,51,107,14,106,32,99,24,89,54,44,31" hai3="40,7,129,49,36,119,90,79,26,133,56,33,47"/><V134/><F134/><W118/><G129/><T85/><D122/><U50/><E130/><V30/><F89/><W57/><G133/><T102/><D108/><U6/><E135/><V101/><F14/><W71/><G71/><T97/><D2/><U109/><E125/><V17/><REACH who="2" step="1"/><F32/><REACH who="2" ten="301,260,186,243" step="2"/><W58/><G90/><T103/><D69/><U37/><E111/><V29/><F29/><W59/><G33/><T23/><D70/><U13/><E109/><V15/><F15/><W132/><G132/><T8/><D8/><U113/><E113/><V87/><F87/><W9/><G9/><T48/><D85/><U76/><E86/><V53/><F53/><W28/><G28/><T45/><D78/><U19/><E84/><V62/><F62/><W91/><G91/><T114/><D114/><U123/><E123/><V115/><F115/><W18/><G79/><T0/><D0/><U3/><E76/><V10/><F10/><W95/><G119/><T35/><D35/><U41/><E41/><V55/><F55/><W98/><G40/><T1/><D1/><U34/><E34/><V82/><F82/><W61/><G61/><T127/><D83/><U96/><E63/><V77/><F77/><W124/><G118/><T5/><D43/><U88/><E68/><V12/><F12/><W72/><G72/><T16/><D67/><U27/><E64/><V131/><F131/><W74/><G74/><T21/><D65/><U80/><E80/><V46/><F46/><W60/><G47/><T73/><D45/><U121/><E121/><V42/><F42/><W116/><G60/><RYUUKYOKU ba="0,1" sc="301,-10,260,-10,186,30,243,-10" hai2="17,22,24,30,31,44,51,54,99,100,101,106,107" /><INIT seed="2,1,1,2,0,103" ten="291,250,216,233" oya="2" hai0="87,127,122,23,72,99,33,117,92,61,116,134,60" hai1="124,55,2,70,97,77,83,50,34,98,114,53,24" hai2="28,133,52,115,101,106,4,49,91,39,102,71,135" hai3="120,27,35,44,89,10,32,96,104,73,13,48,8"/><V31/><F39/><W79/><G120/><T30/><D122/><U15/><E2/><V95/><F115/><W66/><G66/><T85/><D72/><U36/><E36/><V81/><F81/><W46/><G46/><T56/><D33/><U58/><E70/><V16/><F4/><W82/><G10/><T105/><D105/><U65/><E65/><V76/><F76/><W12/><G13/><T80/><D134/><N who="2" m="51210" /><F71/><W84/><G27/><N who="0" m="16767" /><D80/><U19/><E114/><V109/><F109/><W14/><G14/><T5/><D5/><U110/><E110/><V129/><F129/><W17/><G73/><T6/><D6/><U7/><E124/><V1/><F1/><W128/><G128/><T107/><D127/><U78/><E7/><V126/><F126/><W121/><G121/><T38/><D38/><U57/><E34/><V67/><F67/><W112/><G112/><T45/><D116/><U42/><E42/><V0/><F0/><W118/><G118/><T22/><D117/><U20/><E15/><V59/><F16/><W64/><G64/><T108/><D108/><U93/><E83/><V74/><F74/><W62/><G79/><N who="1" m="30218" /><E93/><V29/><F106/><W9/><G9/><T47/><D107/><U21/><E21/><V119/><F119/><W18/><G35/><T41/><D22/><U69/><E69/><V75/><F75/><W3/><G32/><T111/><D111/><U113/><E113/><V51/><F49/><AGARI ba="1,1" hai="19,20,24,49,50,53,55,57,58,97,98" m="30218" machi="49" ten="30,1000,0" yaku="8,1" doraHai="103" who="1" fromWho="2" sc="291,0,250,23,216,-13,233,0" /><INIT seed="3,0,0,5,2,34" ten="291,273,203,233" oya="3" hai0="92,126,133,119,43,110,81,117,35,15,121,116,53" hai1="111,83,77,85,51,123,40,0,120,50,125,95,132" hai2="73,64,105,18,128,113,87,24,106,71,55,67,49" hai3="22,99,100,8,1,107,124,130,47,109,72,75,96"/><W3/><G130/><T9/><D43/><U4/><E111/><V45/><F73/><W122/><G122/><T5/><D81/><U27/><E125/><V29/><F113/><W12/><G124/><T44/><D126/><U102/><E132/><V39/><F128/><W115/><G115/><T112/><D133/><U32/><E102/><V134/><F134/><W31/><G109/><T7/><D121/><U28/><E95/><V33/><F105/><W10/><G47/><T89/><D112/><U68/><E68/><V20/><F106/><W69/><G69/><T41/><D110/><U79/><E79/><V52/><F71/><W25/><G99/><T127/><D35/><U88/><E77/><V103/><F39/><W54/><G54/><T46/><D127/><U91/><E91/><V30/><F103/><W84/><G84/><N who="0" m="52263" /><D53/><U97/><E97/><V62/><F87/><W82/><G10/><N who="0" m="4559" /><D41/><U56/><E50/><V36/><F36/><W42/><G42/><T19/><D119/><U94/><E83/><V90/><F90/><W135/><G135/><T11/><D117/><U93/><E93/><V76/><F76/><W48/><G48/><T57/><D57/><U13/><E13/><V26/><REACH who="2" step="1"/><F30/><REACH who="2" ten="291,273,193,233" step="2"/><W38/><G38/><T21/><D116/><U60/><E120/><V80/><F80/><W78/><REACH who="3" step="1"/><G75/><REACH who="3" ten="291,273,193,223" step="2"/><T131/><D131/><U108/><E123/><V101/><F101/><W114/><G114/><T2/><D11/><N who="1" m="2439" /><E108/><V61/><F61/><W65/><G65/><T17/><D21/><U74/><E74/><V23/><F23/><W37/><G37/><RYUUKYOKU ba="0,2" sc="291,10,273,-30,193,10,223,10" hai0="2,7,9,17,19,44,46" hai2="18,20,24,26,29,33,45,49,52,55,62,64,67" hai3="1,3,8,12,22,25,31,72,78,82,96,100,107" /><INIT seed="3,1,2,3,3,40" ten="301,243,203,233" oya="3" hai0="115,4,119,47,131,114,125,100,93,89,19,127,2" hai1="86,73,20,105,75,0,8,10,120,97,37,123,77" hai2="28,129,98,71,135,110,34,74,96,39,55,41,117" hai3="30,7,13,11,95,121,12,42,109,50,58,35,3"/><W16/><G121/><T80/><D19/><U81/><E20/><V49/><F117/><W57/><G109/><T38/><D119/><U84/><E37/><V83/><F110/><W91/><G3/><T48/><D38/><U90/><E0/><V66/><F28/><W122/><G122/><N who="1" m="46634" /><E8/><V25/><F25/><W27/><G42/><N who="0" m="24695" /><D131/><U124/><E10/><V82/><F129/><W54/><G13/><T15/><D2/><U99/><E124/><N who="0" m="47689" /><D4/><U23/><E23/><V36/><F34/><W29/><G7/><T45/><D45/><U72/><E105/><V78/><F36/><W85/><G30/><T126/><N who="0" m="47697" /><T103/><DORA hai="59" /><D15/><U87/><E87/><V112/><F112/><N who="0" m="43050" /><D80/><AGARI ba="1,2" hai="72,73,75,77,80,81,84,86,90,97,99" m="46634" machi="80" ten="40,2600,0" yaku="34,2" doraHai="40,59" who="1" fromWho="0" sc="301,-29,243,49,203,0,233,0" /><INIT seed="4,0,0,4,3,12" ten="272,292,203,233" oya="0" hai0="67,49,108,109,69,40,59,53,13,92,116,37,110" hai1="42,48,75,101,121,56,112,124,72,2,7,57,47" hai2="27,79,117,1,51,87,84,20,97,16,133,61,123" hai3="18,77,78,66,29,129,54,63,90,100,135,94,126"/><T24/><D116/><U28/><E121/><V131/><F123/><W9/><G135/><T43/><D24/><U128/><E101/><V73/><F133/><W30/><G129/><T119/><D119/><U93/><E93/><V64/><F117/><W50/><G126/><T44/><D92/><U21/><E124/><V38/><F38/><W22/><G100/><T33/><D13/><U55/><E128/><V106/><F1/><W83/><G9/><T130/><D33/><U105/><E105/><V52/><F131/><W62/><G66/><T81/><D130/><U5/><E112/><V86/><F106/><W25/><G83/><T102/><D102/><U103/><E103/><V19/><F97/><W46/><G78/><T8/><D8/><U10/><E7/><V91/><F79/><W60/><REACH who="3" step="1"/><G77/><REACH who="3" ten="272,292,203,223" step="2"/><T120/><D81/><U98/><E75/><V113/><F73/><W132/><G132/><T68/><D120/><U107/><E72/><V11/><F113/><W31/><G31/><T3/><D67/><U118/><E118/><V122/><F122/><W111/><G111/><T134/><D134/><U71/><E10/><V115/><F115/><W65/><G65/><T80/><D80/><U58/><E2/><V88/><F64/><W99/><AGARI ba="0,1" hai="18,22,25,29,30,46,50,54,60,62,63,90,94,99" machi="99" ten="30,7900,0" yaku="1,1,0,1,8,1,52,1,53,0" doraHai="12" doraHaiUra="32" who="3" fromWho="3" sc="272,-39,292,-20,203,-20,223,89" owari="233,-16.7,272,7.2,183,-31.7,312,41.2" /></mjloggm>