<mjloggm ver="2.3"><GO type="225" lobby="0"/><UN n0="%63%68%78%62%64" n1="%E5%8D%A0%E3%81%84%E5%B8%AB%E8%A3%8F%E3%81%AA%E3%81%84%E3%81%97" n2="%E3%81%A8%E3%82%93%E3%81%A8%E3%81%93%E3%81%A8%E3%82%93" n3="%72%69%6F%75%63%68%61%6E" dan="16,16,16,17" rate="2133.78,2128.70,2105.02,2228.34" sx="M,M,F,M"/><TAIKYOKU oya="0"/><INIT seed="0,0,0,3,5,117" ten="250,250,250,250" oya="0" hai0="87,116,94,27,35,86,45,88,108,56,32,19,23" hai1="49,127,97,120,128,64,60,12,37,18,48,66,115" hai2="121,28,9,62,13,100,46,78,20,44,33,80,34" hai3="81,17,11,131,122,54,92,124,67,51,3,43,52"/><T119/><D108/><U50/><E37/><V70/><F100/><W101/><G124/><T130/><D130/><U91/><E127/><V31/><F121/><W39/><G131/><T21/><D45/><U125/><E125/><V63/><F70/><W10/><G122/><T57/><D116/><U103/><E128/><V95/><F95/><W123/><G123/><T104/><D104/><U8/><E120/><V36/><F36/><W126/><G126/><T118/><D118/><U53/><E115/><V90/><F90/><W106/><G106/><T113/><D113/><U71/><E64/><V73/><F20/><W109/><G109/><T2/><D2/><U75/><E91/><V107/><F107/><W102/><G39/><T59/><D119/><U99/><E75/><V0/><F0/><W111/><G111/><T55/><D87/><U14/><E103/><N who="3" m="39434" /><G3/><T84/><D55/><N who="3" m="21033" /><G67/><T76/><REACH who="0" step="1"/><D23/><REACH who="0" ten="240,250,250,250" step="2"/><U40/><E53/><V22/><F22/><W61/><G43/><T7/><D7/><U79/><E40/><V41/><F46/><W6/><G6/><T85/><D85/><U72/><E99/><V25/><F44/><W5/><G5/><T133/><D133/><U68/><E97/><V30/><F41/><W58/><G51/><T15/><D15/><N who="1" m="7527" /><E72/><V38/><F38/><W110/><G110/><T82/><AGARI ba="0,1" hai="19,21,27,32,35,56,57,59,76,82,84,86,88,94" machi="82" ten="30,6000,0" yaku="1,1,0,1,54,1,53,0" doraHai="117" doraHaiUra="132" who="0" fromWho="0" sc="240,70,250,-20,250,-20,250,-20" /><INIT seed="0,1,0,4,4,68" ten="310,230,230,230" oya="0" hai0="127,108,99,27,16,62,13,5,107,77,102,52,73" hai1="134,116,118,131,40,119,86,110,103,106,48,17,9" hai2="81,121,95,47,60,50,42,10,45,88,80,109,61" hai3="56,85,34,120,97,69,90,0,32,30,93,35,36"/><T33/><D108/><U59/><E110/><V125/><F121/><W53/><G69/><T7/><D127/><U20/><E131/><V124/><F109/><W132/><G132/><T76/><D76/><U18/><E134/><V26/><F26/><W115/><G115/><T91/><D91/><U111/><E111/><V87/><F10/><W65/><G120/><T70/><D77/><U28/><E106/><V94/><F47/><W135/><G135/><T51/><D73/><U41/><E103/><V123/><F123/><W122/><G0/><T100/><D100/><U31/><E9/><V6/><F6/><W38/><G122/><T58/><D27/><U46/><E41/><V11/><F11/><W66/><G30/><T117/><D33/><U22/><E59/><V1/><F1/><W19/><G19/><T83/><D83/><U133/><E133/><V12/><F12/><W101/><G65/><T126/><D117/><U64/><E64/><V25/><F25/><W67/><G66/><T89/><D89/><U129/><E129/><V130/><F130/><W74/><G67/><T98/><D98/><U72/><E72/><V55/><F80/><W84/><G74/><T105/><D105/><U24/><E86/><V128/><F128/><W23/><G23/><T113/><D113/><U3/><E3/><V4/><F4/><W43/><G43/><T8/><D126/><N who="2" m="48746" /><F42/><W104/><REACH who="3" step="1"/><G84/><REACH who="3" ten="310,230,230,220" step="2"/><T92/><D70/><U14/><AGARI ba="1,1" hai="14,17,18,20,22,24,28,31,40,46,48,116,118,119" machi="14" ten="30,1100,0" yaku="0,1" doraHai="68" who="1" fromWho="1" sc="310,-6,230,24,230,-4,220,-4" /><INIT seed="1,0,0,1,5,59" ten="304,254,226,216" oya="1" hai0="85,68,24,84,114,62,105,110,20,94,67,123,60" hai1="27,134,8,61,0,31,45,65,36,48,127,133,88" hai2="82,41,135,78,117,66,112,109,44,1,26,91,89" hai3="50,2,72,16,96,83,126,132,75,81,80,18,74"/><U34/><E36/><V43/><F117/><W129/><G2/><T124/><D114/><U3/><E127/><V73/><F1/><W121/><G121/><T12/><D105/><U15/><E15/><V130/><F109/><W9/><G126/><T57/><D124/><U54/><E8/><V107/><F107/><W118/><G118/><T38/><D38/><U5/><E5/><V90/><F130/><W17/><G129/><T35/><D110/><U10/><E10/><V99/><F135/><N who="1" m="51721" /><E88/><V70/><F112/><W39/><G39/><T113/><D113/><U120/><E120/><V71/><F26/><W23/><G132/><T49/><D49/><U115/><E115/><V92/><F41/><W122/><G122/><T98/><D12/><U111/><E111/><V42/><F43/><W11/><G23/><T37/><D35/><U106/><E106/><V100/><REACH who="2" step="1"/><F66/><REACH who="2" ten="304,254,216,216" step="2"/><W77/><G77/><T25/><D25/><U51/><E51/><AGARI ba="0,1" hai="42,44,51,70,71,73,78,82,89,90,91,92,99,100" machi="51" ten="40,2600,0" yaku="1,1,2,1,53,0" doraHai="59" doraHaiUra="53" who="2" fromWho="1" sc="304,0,254,-26,216,36,216,0" /><INIT seed="2,0,0,0,3,102" ten="304,228,252,216" oya="2" hai0="60,19,83,122,130,57,50,76,98,9,97,0,23" hai1="126,54,52,82,128,32,21,103,95,4,61,113,120" hai2="108,35,24,20,94,129,114,125,91,51,16,42,22" hai3="77,124,1,58,5,25,115,127,85,13,101,17,65"/><V8/><F114/><W2/><G115/><T63/><D122/><U104/><E32/><V62/><F125/><N who="3" m="48203" /><G5/><T59/><D130/><U6/><E113/><V48/><F129/><W31/><G101/><T38/><D38/><U90/><E126/><V121/><F121/><W47/><G47/><T89/><D0/><N who="3" m="105" /><G77/><T11/><D50/><U84/><E120/><V64/><F35/><N who="3" m="20975" /><G85/><T123/><D123/><U105/><E128/><V111/><F8/><N who="3" m="6311" /><G58/><T73/><D57/><U116/><E116/><V107/><F42/><W37/><G65/><T41/><D59/><U133/><E133/><V30/><F64/><W92/><G92/><T99/><D41/><U66/><E21/><V46/><F62/><W117/><G37/><T10/><REACH who="0" step="1"/><D89/><REACH who="0" ten="294,228,252,216" step="2"/><U74/><E61/><V75/><F51/><W67/><G67/><T100/><D100/><U56/><E66/><V71/><F48/><W135/><G135/><T93/><D93/><U119/><E103/><V53/><F94/><W109/><G109/><T69/><D69/><U33/><E56/><V118/><F71/><W27/><G117/><T43/><D43/><U29/><E119/><V68/><F118/><W80/><G80/><T79/><D79/><N who="1" m="44407" /><E54/><V36/><F68/><W106/><G106/><T18/><D18/><U88/><E52/><V3/><F53/><W110/><G110/><T55/><D55/><U49/><E49/><V78/><F108/><W87/><G87/><T28/><D28/><U131/><E90/><V86/><F91/><W40/><G40/><T132/><D132/><U45/><E131/><V39/><F111/><RYUUKYOKU ba="0,1" sc="294,15,228,-15,252,-15,216,15" hai0="9,10,11,19,23,60,63,73,76,83,97,98,99" hai3="27" /><INIT seed="3,1,1,2,2,6" ten="309,213,237,231" oya="3" hai0="102,108,18,20,68,96,16,7,58,89,69,92,121" hai1="133,122,21,115,10,129,38,2,40,60,12,119,22" hai2="134,109,94,41,4,91,117,44,70,34,46,72,82" hai3="39,63,105,43,53,27,67,106,80,51,120,130,110"/><W11/><G120/><T103/><D121/><U107/><E122/><V71/><F117/><W87/><G130/><T101/><D108/><U25/><E119/><V99/><F34/><W9/><G110/><T26/><D7/><U14/><E115/><V83/><F109/><W17/><G106/><T84/><D58/><U36/><E107/><V59/><F134/><W73/><G105/><T95/><REACH who="0" step="1"/><D18/><REACH who="0" ten="299,213,237,231" step="2"/><U31/><E133/><V97/><F4/><W0/><G0/><T90/><AGARI ba="1,2" hai="16,20,26,68,69,84,89,90,92,95,96,101,102,103" machi="90" ten="30,7900,0" yaku="1,1,2,1,0,1,54,1,53,0" doraHai="6" doraHaiUra="116" who="0" fromWho="0" sc="299,102,213,-21,237,-21,231,-40" owari="401,50.1,192,-20.8,216,1.6,191,-30.9" /></mjloggm>