<mjloggm ver="2.3"><GO type="225" lobby="0"/><UN n0="%4C%4F%4C%49%54%41" n1="%E3%81%AA%E3%82%81%E3%81%93%E9%9B%80%E5%A3%AB" n2="%E4%BA%95%E5%B8%AF" n3="%72%69%6F%75%63%68%61%6E" dan="16,16,16,17" rate="2181.02,2045.40,2038.49,2269.59" sx="F,M,M,M"/><TAIKYOKU oya="0"/><INIT seed="0,0,0,2,0,43" ten="250,250,250,250" oya="0" hai0="92,63,97,128,120,135,103,107,83,12,112,101,95" hai1="19,111,18,69,71,91,121,88,134,25,38,64,7" hai2="123,131,76,81,98,59,126,51,61,118,94,99,54" hai3="89,16,106,125,65,17,119,37,132,35,23,39,113"/><T45/><D112/><U32/><E121/><V1/><F123/><W87/><G113/><T93/><D120/><U14/><E38/><V77/><F126/><W60/><G119/><T58/><D128/><U9/><E111/><V33/><F131/><W80/><G35/><T41/><D135/><U90/><E134/><V100/><F118/><W27/><G132/><T13/><D83/><U22/><E32/><V28/><F1/><W102/><G125/><T133/><D101/><U2/><REACH who="1" step="1"/><E64/><REACH who="1" ten="250,240,250,250" step="2"/><V36/><F36/><W68/><G37/><T115/><D133/><U44/><E44/><V46/><F33/><W10/><G39/><T50/><REACH who="0" step="1"/><D115/><REACH who="0" ten="240,240,250,250" step="2"/><U130/><E130/><V108/><F108/><W20/><G102/><T24/><D24/><U67/><E67/><AGARI ba="0,2" hai="12,13,41,45,50,58,63,67,92,93,95,97,103,107" machi="67" ten="40,3900,0" yaku="1,1,52,1,53,0" doraHai="43" doraHaiUra="31" who="0" fromWho="1" sc="240,59,240,-39,250,0,250,0" /><INIT seed="0,1,0,3,0,131" ten="299,201,250,250" oya="0" hai0="82,98,100,53,86,79,72,46,59,40,115,75,48" hai1="33,128,80,66,63,109,14,28,11,62,104,44,12" hai2="69,91,126,123,81,103,119,95,85,50,70,101,90" hai3="99,106,83,35,26,118,8,49,10,127,122,22,21"/><T68/><D68/><U110/><E128/><V15/><F123/><W41/><G118/><T16/><D115/><U2/><E104/><V121/><F121/><W9/><G122/><T24/><D24/><N who="1" m="18567" /><E44/><V116/><F126/><W124/><G35/><T94/><REACH who="0" step="1"/><D16/><REACH who="0" ten="289,201,250,250" step="2"/><U102/><E110/><V30/><F70/><W31/><G26/><T36/><AGARI ba="1,1" hai="36,40,46,48,53,59,72,75,79,82,86,94,98,100" machi="36" ten="20,7800,0" yaku="1,1,2,1,0,1,7,1,53,0" doraHai="131" doraHaiUra="4" who="0" fromWho="0" sc="289,91,201,-27,250,-27,250,-27" /><INIT seed="0,2,0,2,1,64" ten="380,174,223,223" oya="0" hai0="71,130,42,72,112,74,68,63,77,59,87,55,105" hai1="48,37,134,33,82,109,31,58,45,52,32,111,121" hai2="133,91,4,86,127,103,135,15,3,110,8,132,67" hai3="66,56,16,7,85,95,108,21,29,34,9,44,116"/><T106/><D112/><U49/><E121/><V47/><F110/><W6/><G116/><T98/><D42/><U12/><E37/><V41/><F127/><W76/><G108/><N who="1" m="41546" /><E134/><V128/><F103/><W24/><G44/><T113/><D113/><U50/><E31/><V114/><F114/><W94/><G6/><T84/><D130/><U39/><E12/><V14/><F67/><W96/><G76/><T46/><D46/><U18/><E18/><V2/><F2/><W99/><G66/><T69/><D87/><U19/><E19/><V57/><F57/><W80/><G56/><T27/><D27/><U123/><E82/><N who="2" m="49623" /><F128/><W40/><G40/><T5/><D5/><U78/><E78/><V35/><F35/><N who="1" m="13385" /><E123/><V107/><F107/><W101/><G80/><T26/><D26/><U20/><E20/><V93/><F93/><W38/><G38/><AGARI ba="2,0" hai="3,4,8,14,15,38,41,47,132,133,135" m="49623" machi="38" ten="30,1000,0" yaku="20,1" doraHai="64" who="2" fromWho="3" sc="380,0,174,0,223,16,223,-16" /><INIT seed="1,0,0,4,4,9" ten="380,174,239,207" oya="1" hai0="116,17,21,7,48,54,131,115,82,8,28,51,59" hai1="27,6,130,66,95,0,132,111,135,41,78,117,30" hai2="99,16,13,23,14,56,134,42,94,77,65,97,52" hai3="33,73,109,126,44,76,123,20,71,19,57,32,36"/><U46/><E117/><V80/><F134/><N who="1" m="51241" /><E130/><V49/><F65/><W86/><G123/><T92/><D115/><U26/><E111/><V100/><F42/><W3/><G71/><T69/><D69/><U70/><E78/><V118/><F118/><W40/><G109/><T62/><D116/><U91/><E6/><V89/><F99/><W10/><G126/><T53/><D131/><U37/><E0/><V108/><F108/><W83/><G86/><T63/><D28/><U68/><E66/><V72/><F100/><W39/><G36/><T129/><D82/><U81/><E81/><V113/><F113/><W35/><G57/><T38/><D38/><U74/><E27/><AGARI ba="0,0" hai="13,14,16,23,27,49,52,56,72,77,80,89,94,97" machi="27" ten="30,8000,1" yaku="7,1,52,2,54,2" doraHai="9" who="2" fromWho="1" sc="380,0,174,-80,239,80,207,0" /><INIT seed="2,0,0,2,4,31" ten="380,94,319,207" oya="2" hai0="62,12,58,106,8,123,40,26,56,93,24,104,94" hai1="107,112,29,114,21,27,33,54,74,47,98,7,64" hai2="128,96,77,25,67,115,91,23,66,134,3,6,9" hai3="90,60,78,95,118,51,116,126,75,127,108,65,79"/><V48/><F115/><W43/><G108/><T117/><D123/><U50/><E74/><V110/><F128/><W42/><G75/><T16/><D117/><N who="3" m="45161" /><G51/><T82/><D40/><N who="3" m="15401" /><G90/><T4/><D106/><U101/><E7/><V45/><F77/><W11/><G11/><T100/><D82/><U36/><E36/><V113/><F113/><W22/><G22/><N who="0" m="13383" /><D104/><U0/><E0/><V133/><F110/><W17/><G17/><T119/><D100/><U92/><E92/><V120/><F120/><W1/><G1/><T103/><D103/><U32/><REACH who="1" step="1"/><E64/><REACH who="1" ten="380,84,319,207" step="2"/><V39/><F67/><W49/><G95/><T132/><D93/><U83/><E83/><V30/><F66/><W125/><G49/><T68/><D94/><U10/><E10/><V105/><F39/><W14/><G14/><T109/><D12/><U5/><E5/><V88/><F105/><W53/><G53/><T44/><D8/><U13/><E13/><V70/><F96/><W99/><G99/><T87/><D4/><U57/><E57/><AGARI ba="0,1" hai="57,60,65,78,79,125,126,127" m="15401,45161" machi="57" ten="40,1300,0" yaku="18,1" doraHai="31" who="3" fromWho="1" sc="380,0,84,-13,319,0,207,23" /><INIT seed="3,0,0,3,5,97" ten="380,71,319,230" oya="3" hai0="73,101,63,75,15,76,118,25,124,133,34,67,82" hai1="71,69,102,0,20,27,13,51,90,127,99,103,130" hai2="33,96,132,77,86,41,9,46,128,26,22,45,119" hai3="100,48,59,42,60,32,116,131,94,84,114,11,2"/><W113/><G116/><T105/><D118/><U16/><E0/><V52/><F119/><W30/><G131/><T93/><D133/><U24/><E130/><V68/><F128/><W49/><G32/><T56/><D124/><U120/><E120/><V112/><F132/><W88/><G30/><T111/><D111/><U106/><E127/><V28/><F112/><W39/><G39/><T85/><D15/><U65/><E27/><V64/><F9/><W126/><G126/><T134/><D134/><U98/><E90/><V129/><F129/><W37/><G37/><T19/><D19/><U55/><E65/><V123/><F123/><W12/><G2/><T54/><D54/><U43/><E43/><V50/><F64/><N who="3" m="38943" /><G42/><T110/><D110/><U36/><E24/><V135/><F68/><W104/><G104/><T81/><D81/><U108/><E36/><V40/><F135/><W31/><G31/><N who="0" m="19823" /><D93/><U92/><REACH who="1" step="1"/><E108/><REACH who="1" ten="380,61,319,230" step="2"/><V62/><F33/><W95/><G113/><T10/><D67/><U79/><E79/><V125/><F125/><W78/><G114/><T53/><D76/><U1/><E1/><V14/><F14/><W47/><G78/><T87/><D53/><U57/><AGARI ba="0,1" hai="13,16,20,51,55,57,69,71,92,98,99,102,103,106" machi="57" ten="20,12000,2" yaku="1,1,0,1,7,1,52,2,54,1,53,0" doraHai="97" doraHaiUra="29" who="1" fromWho="1" sc="380,-30,61,130,319,-30,230,-60" owari="350,45.0,191,-20.9,289,8.9,170,-33.0" /></mjloggm>