<mjloggm ver="2.3"><GO type="225" lobby="0"/><UN n0="%E3%81%A1%E3%82%85%E3%81%86%E3%81%A9%E3%81%8F%E8%B1%A1%E3%81%95%E3%82%93" n1="%E3%81%8F%E3%81%BE%E3%81%96%E3%82%8F" n2="%E5%B8%86%E7%AB%8B%E5%A4%8F%E8%A1%A3" n3="%E9%80%86%E9%80%A3%E5%B8%AF%E3%81%AE%E9%AC%BC" dan="17,16,16,16" rate="2128.55,2079.59,2107.76,2181.51" sx="M,M,M,M"/><TAIKYOKU oya="0"/><INIT seed="0,0,0,5,3,106" ten="250,250,250,250" oya="0" hai0="18,86,135,23,10,1,103,38,93,79,101,77,14" hai1="29,109,56,27,53,46,68,74,127,98,130,37,111" hai2="2,64,52,62,108,82,54,100,129,51,128,83,21" hai3="121,125,55,75,3,22,95,57,17,43,92,107,40"/><T102/><D38/><U33/><E127/><V0/><F100/><W78/><G121/><T72/><D135/><U119/><E119/><V30/><F108/><N who="1" m="41545" /><E68/><V96/><F96/><W8/><G107/><T7/><REACH who="0" step="1"/><D72/><REACH who="0" ten="240,250,250,250" step="2"/><U9/><E74/><V58/><F129/><W48/><G125/><T116/><D116/><U84/><E37/><V19/><F128/><W34/><G75/><T71/><D71/><U59/><E130/><V6/><F0/><W118/><G3/><T132/><D132/><U88/><E98/><V45/><F2/><W113/><G118/><T20/><D20/><U89/><E9/><V112/><F21/><W91/><G8/><T49/><D49/><N who="1" m="28855" /><E89/><AGARI ba="0,1" hai="1,7,10,14,18,23,77,79,86,89,93,101,102,103" machi="89" ten="40,2000,0" yaku="1,1,53,0" doraHai="106" doraHaiUra="126" who="0" fromWho="1" sc="240,30,250,-20,250,0,250,0" /><INIT seed="0,1,0,4,0,80" ten="270,230,250,250" oya="0" hai0="65,46,97,55,54,12,37,102,64,62,60,124,73" hai1="109,21,110,11,47,111,18,51,16,32,82,134,39" hai2="83,17,120,135,27,106,119,127,6,125,79,38,68" hai3="74,40,3,133,77,52,72,53,88,66,105,29,59"/><T95/><D124/><N who="2" m="47690" /><F120/><W25/><G105/><T30/><D73/><U114/><E32/><V128/><F135/><W76/><G3/><T63/><D30/><U104/><E104/><V28/><F119/><W75/><G133/><T86/><D12/><N who="1" m="7199" /><E134/><V81/><F128/><W19/><G40/><T90/><D37/><U101/><E101/><V43/><F68/><W10/><G66/><N who="0" m="25707" /><D46/><U5/><E5/><V36/><F6/><W84/><G19/><T7/><D7/><U132/><E132/><V121/><F121/><W67/><G10/><T35/><D35/><U49/><E82/><AGARI ba="1,0" hai="54,55,60,62,63,82,86,90,95,97,102" m="25707" machi="82" ten="30,2900,0" yaku="8,1,52,1" doraHai="80" who="0" fromWho="1" sc="270,32,230,-32,250,0,250,0" /><INIT seed="0,2,0,2,2,117" ten="302,198,250,250" oya="0" hai0="80,28,21,69,64,8,56,118,110,16,109,75,53" hai1="38,47,30,66,7,19,61,115,14,99,63,57,59" hai2="37,103,1,62,113,121,68,102,6,82,92,15,17" hai3="26,18,11,49,74,81,89,29,70,134,127,105,88"/><T129/><D118/><U51/><E115/><V25/><F37/><W27/><G70/><T72/><D69/><U46/><E30/><V54/><F113/><W79/><G134/><T48/><D64/><U106/><E7/><V122/><F25/><W35/><G127/><T126/><D126/><U65/><E38/><V112/><F112/><W116/><G116/><T55/><D129/><U97/><E106/><V10/><F82/><W78/><G105/><T2/><D80/><U94/><E94/><V43/><F43/><W3/><G79/><T76/><D76/><U58/><E58/><V0/><F0/><W132/><G132/><T20/><D55/><U50/><REACH who="1" step="1"/><E14/><REACH who="1" ten="302,188,250,250" step="2"/><V87/><F68/><W31/><G3/><T42/><D2/><U100/><E100/><V5/><F103/><W60/><G31/><T33/><D28/><U45/><E45/><V52/><F6/><W22/><G29/><T111/><D33/><U108/><E108/><V73/><F102/><W40/><G35/><T120/><D120/><U77/><E77/><V85/><F122/><W93/><G93/><T98/><D111/><U119/><E119/><V39/><F92/><W44/><G27/><T4/><D4/><U125/><E125/><V95/><F95/><W90/><G78/><T32/><D32/><U41/><E41/><V124/><F124/><W13/><G81/><T96/><D42/><U24/><E24/><V84/><F121/><W101/><G101/><T107/><D110/><U130/><E130/><V9/><F1/><W91/><N who="3" m="22528" /><DORA hai="23" /><W86/><G13/><T67/><D109/><RYUUKYOKU ba="2,1" sc="302,-10,188,30,250,-10,250,-10" hai1="19,46,47,50,51,57,59,61,63,65,66,97,99" /><INIT seed="1,3,1,1,4,38" ten="292,218,240,240" oya="1" hai0="54,55,49,17,67,78,114,66,112,52,9,4,79" hai1="22,89,35,94,50,33,83,28,113,118,43,53,120" hai2="103,105,102,119,88,14,82,42,25,122,24,56,100" hai3="3,57,62,91,51,132,134,126,70,36,125,86,97"/><U96/><E113/><V30/><F119/><W71/><G3/><T59/><D112/><U109/><E118/><V63/><F122/><W128/><G36/><T133/><D133/><N who="3" m="51305" /><G97/><T73/><D114/><U5/><E120/><V1/><F1/><W115/><G115/><T45/><D73/><U65/><E109/><V72/><F105/><W34/><G34/><T107/><D107/><U85/><E65/><N who="0" m="24585" /><D17/><U81/><E5/><V18/><F42/><W8/><G8/><T106/><D106/><U90/><E83/><V99/><F72/><W23/><G23/><T110/><D110/><U46/><REACH who="1" step="1"/><E53/><REACH who="1" ten="292,208,240,240" step="2"/><N who="2" m="34191" /><F30/><W76/><G126/><T21/><D55/><U95/><E95/><N who="2" m="56807" /><F82/><W39/><G125/><T77/><D54/><U13/><E13/><V135/><F135/><W80/><G80/><T68/><D4/><U15/><E15/><V2/><F2/><W0/><G0/><T31/><D45/><U58/><E58/><V75/><F75/><W7/><G57/><T11/><D68/><U93/><E93/><V19/><F14/><W104/><G71/><T27/><AGARI ba="3,2" hai="9,11,21,27,31,49,52,59,77,78,79" m="24585" machi="27" ten="30,2000,0" yaku="8,1,54,1" doraHai="38" who="0" fromWho="0" sc="292,49,208,-13,240,-8,240,-8" /><INIT seed="2,0,0,4,4,31" ten="341,195,232,232" oya="2" hai0="114,118,25,5,62,67,131,97,76,78,23,16,51" hai1="73,98,133,123,27,82,37,108,68,52,9,47,132" hai2="39,54,93,106,81,86,56,85,134,124,43,0,59" hai3="33,13,96,107,3,94,128,49,127,69,60,46,11"/><V18/><F106/><W15/><G128/><T48/><D114/><U8/><E68/><V74/><F124/><W41/><G127/><T57/><D131/><U50/><E37/><V26/><F134/><N who="1" m="51817" /><E108/><V30/><F0/><W24/><G3/><T55/><D5/><U105/><E123/><V109/><F109/><W19/><G15/><T72/><D72/><U77/><E27/><V36/><F18/><W112/><G112/><T20/><D118/><U40/><E40/><V58/><F54/><W66/><G107/><T4/><D4/><U29/><E29/><V21/><F43/><W14/><G14/><N who="0" m="9239" /><D97/><U125/><E125/><V91/><REACH who="2" step="1"/><F74/><REACH who="2" ten="341,195,222,232" step="2"/><W119/><G119/><T28/><D55/><U83/><E83/><V130/><F130/><W61/><G41/><T1/><D1/><U38/><E38/><V63/><F63/><W95/><G61/><T44/><D62/><U120/><E120/><V126/><F126/><W64/><G60/><N who="0" m="38287" /><D48/><U89/><E89/><AGARI ba="0,1" hai="21,26,30,36,39,56,58,59,81,85,86,89,91,93" machi="89" ten="40,2000,0" yaku="1,1,53,0" doraHai="31" doraHaiUra="117" who="2" fromWho="1" sc="341,0,195,-20,222,30,232,0" /><INIT seed="2,1,0,0,4,8" ten="341,175,252,232" oya="2" hai0="90,18,126,27,47,123,76,0,38,77,72,4,2" hai1="42,99,80,113,58,132,127,85,54,10,82,55,5" hai2="131,32,108,29,117,45,129,96,1,62,95,100,17" hai3="37,61,51,39,28,98,102,31,41,73,103,50,11"/><V46/><F117/><W93/><G73/><T36/><D123/><U84/><E113/><V115/><F115/><W89/><G61/><T44/><D90/><U65/><E127/><V130/><F1/><W124/><G124/><T25/><D18/><U20/><E132/><V33/><F108/><W110/><G110/><T88/><D88/><N who="1" m="51207" /><E42/><V13/><F62/><W22/><G11/><T83/><D126/><U107/><E107/><V56/><F56/><W118/><G118/><T94/><D94/><U128/><E128/><V59/><F59/><W116/><G116/><T43/><D77/><N who="1" m="46287" /><E99/><V74/><F74/><W7/><G41/><N who="0" m="22567" /><D0/><U23/><E65/><V48/><F29/><W133/><G31/><T52/><D52/><N who="1" m="20011" /><E58/><V114/><F114/><W120/><G120/><T63/><D43/><U64/><E64/><V15/><F33/><W66/><G66/><T125/><D38/><U16/><E5/><V86/><F32/><W78/><G7/><T106/><D4/><U53/><N who="1" m="20019" /><U35/><DORA hai="40" /><E35/><V135/><F135/><W71/><G133/><T91/><D2/><U121/><E121/><V69/><F131/><W75/><G71/><T134/><D106/><U6/><E6/><V9/><F130/><W21/><G39/><T79/><D125/><U60/><E60/><V3/><F129/><W112/><G37/><T104/><D63/><U105/><E105/><V49/><F69/><W26/><G112/><T70/><D104/><U14/><AGARI ba="1,0" hai="10,14,16,20,23" m="20019,46287,51207" machi="14" ten="40,8000,1" yaku="8,1,52,1,54,3" doraHai="8,40" who="1" fromWho="1" sc="341,-21,175,83,252,-41,232,-21" /><INIT seed="3,0,0,3,3,117" ten="320,258,211,211" oya="3" hai0="0,100,87,83,126,82,28,129,89,54,26,16,120" hai1="70,105,2,134,31,98,96,21,119,39,6,75,35" hai2="65,84,108,24,43,23,33,111,50,17,130,46,127" hai3="29,104,60,81,115,76,47,61,112,15,48,9,132"/><W36/><G36/><T42/><D120/><U68/><E98/><V102/><F127/><W116/><G116/><T124/><D42/><U93/><E21/><V128/><F102/><W30/><G104/><T94/><D0/><U51/><E51/><V92/><F65/><W131/><G131/><N who="2" m="50217" /><F33/><W86/><G132/><T3/><D54/><U121/><E93/><V52/><F43/><W77/><G77/><T113/><D26/><U12/><E12/><V78/><F92/><W99/><G115/><T64/><D3/><U7/><E7/><V27/><F27/><W69/><G112/><T8/><D100/><U107/><E134/><V57/><F46/><W103/><G69/><T91/><D64/><U133/><E133/><V11/><F11/><W123/><G123/><T63/><D8/><N who="1" m="2135" /><E75/><V56/><F56/><W38/><G38/><T10/><D113/><U79/><E119/><V135/><F135/><W72/><G72/><T34/><D10/><U80/><E107/><V59/><F59/><W45/><G45/><T1/><D94/><U20/><E35/><V13/><F24/><W90/><G103/><T101/><D34/><U62/><E68/><V67/><F67/><W74/><G99/><T88/><D101/><N who="1" m="62631" /><E70/><V44/><F44/><W41/><G30/><T109/><D28/><U110/><E121/><V73/><F73/><W71/><G29/><T19/><D124/><U58/><E58/><V95/><F95/><N who="3" m="54743" /><G71/><T18/><D126/><U22/><E31/><V14/><F14/><W5/><G74/><T32/><D129/><U85/><E79/><V122/><F122/><RYUUKYOKU ba="0,0" sc="320,-15,258,-15,211,15,211,15" hai2="13,17,23,50,52,57,78,84,108,111" hai3="5,9,15,41,47,48,60,61,76,81" /><INIT seed="3,1,0,1,2,106" ten="305,243,226,226" oya="3" hai0="65,21,91,17,15,45,70,121,76,49,84,124,86" hai1="4,95,67,13,19,111,71,57,11,117,28,18,62" hai2="112,52,72,9,129,113,23,56,36,25,97,85,5" hai3="54,98,125,92,20,135,99,75,87,77,31,38,94"/><W89/><G135/><T1/><D121/><U29/><E111/><V68/><F36/><W6/><G125/><T128/><D1/><U63/><E117/><V8/><F68/><W0/><G38/><T74/><D124/><U103/><E71/><V126/><F72/><W37/><G37/><T100/><D100/><U88/><E103/><V48/><F126/><W133/><G133/><T80/><D128/><U50/><E63/><V102/><F129/><W7/><G0/><T46/><D46/><U109/><E109/><V47/><F47/><W78/><G54/><T58/><D70/><U90/><E90/><V116/><F85/><W69/><G69/><T134/><D134/><U16/><E50/><V131/><F116/><W51/><G51/><T24/><D24/><U42/><E42/><V66/><F66/><W64/><G64/><T10/><D10/><U120/><E120/><V114/><F131/><W40/><G40/><N who="0" m="24743" /><D74/><U35/><E35/><V22/><F9/><W27/><G75/><T60/><D84/><AGARI ba="1,0" hai="4,11,13,16,18,19,28,29,57,62,67,84,88,95" machi="84" ten="40,5200,0" yaku="8,1,54,2" doraHai="106" who="1" fromWho="0" sc="305,-55,243,55,226,0,226,0" /><INIT seed="4,0,0,1,1,89" ten="250,298,226,226" oya="0" hai0="110,18,133,106,102,30,6,103,44,134,111,27,31" hai1="62,113,53,104,39,49,48,122,87,75,112,105,101" hai2="17,57,45,26,83,82,98,56,12,77,80,22,24" hai3="96,11,79,125,63,124,46,4,109,61,32,54,120"/><T0/><D44/><U119/><E119/><V58/><F77/><W67/><G32/><T14/><D106/><U91/><E75/><V71/><F71/><W3/><G109/><N who="0" m="41483" /><D103/><U55/><E39/><V135/><F135/><N who="0" m="51722" /><D102/><U88/><E62/><V41/><REACH who="2" step="1"/><F98/><REACH who="2" ten="250,298,216,226" step="2"/><W7/><G96/><T93/><D93/><U50/><E105/><V85/><F85/><W100/><G79/><T129/><D129/><U35/><E87/><V25/><F25/><W33/><G125/><T107/><D107/><U59/><E104/><V10/><F10/><W52/><G11/><N who="0" m="2503" /><D27/><U90/><E112/><V64/><F64/><W84/><G67/><T15/><D15/><U68/><E113/><V126/><F126/><W38/><G124/><T51/><D51/><AGARI ba="0,1" hai="12,17,22,24,26,41,45,51,56,57,58,80,82,83" machi="51" ten="40,2600,0" yaku="1,1,8,1,53,0" doraHai="89" doraHaiUra="5" who="2" fromWho="0" sc="250,-26,298,0,216,36,226,0" /><INIT seed="5,0,0,4,5,132" ten="224,298,252,226" oya="1" hai0="57,86,14,108,118,127,63,122,98,21,32,12,92" hai1="135,31,23,84,80,51,35,130,109,7,29,0,59" hai2="17,125,82,38,8,6,106,45,1,113,91,79,69" hai3="81,40,13,22,111,49,133,62,89,88,60,73,56"/><U44/><E35/><V95/><F125/><W47/><G133/><T83/><D118/><U41/><E135/><V72/><F106/><W129/><G129/><T26/><D32/><U104/><E104/><V9/><F69/><W121/><G111/><T126/><D108/><U100/><E109/><V28/><F28/><W66/><G121/><T15/><D122/><U54/><E100/><V112/><F17/><W119/><G119/><T93/><D86/><U18/><E0/><V124/><F9/><W43/><G43/><T87/><D87/><U11/><E11/><V53/><F53/><W110/><G110/><T42/><D42/><U103/><E103/><V16/><F16/><N who="3" m="10511" /><G73/><T123/><D83/><U10/><E10/><V97/><F124/><N who="0" m="47658" /><D123/><U99/><E99/><V70/><F70/><W134/><G134/><T116/><D116/><U25/><E7/><V24/><F24/><W75/><G75/><T85/><D85/><U64/><E64/><V19/><F19/><W20/><G81/><T78/><D78/><N who="1" m="46103" /><E130/><V2/><F2/><W101/><G101/><N who="0" m="60615" /><D93/><U52/><E41/><AGARI ba="0,0" hai="1,6,8,38,41,45,72,79,82,91,95,97,112,113" machi="41" ten="40,2600,0" yaku="25,2" doraHai="132" who="2" fromWho="1" sc="224,0,298,-26,252,26,226,0" /><INIT seed="6,0,0,5,5,66" ten="224,272,278,226" oya="2" hai0="51,52,133,113,43,131,10,88,34,15,12,109,6" hai1="111,70,32,35,73,65,48,75,128,8,18,17,63" hai2="60,78,135,39,22,77,82,4,97,124,3,134,27" hai3="105,16,92,9,102,29,132,2,38,74,89,129,81"/><V99/><F39/><W101/><G132/><N who="2" m="50729" /><F60/><W33/><G129/><T83/><D133/><U107/><E111/><V123/><F123/><W127/><G127/><T120/><D120/><U41/><E107/><V125/><F4/><W26/><G38/><T53/><D109/><U47/><E128/><V121/><F3/><W72/><G105/><T110/><D110/><U106/><E106/><V59/><F59/><W96/><G2/><T115/><D34/><U79/><E79/><N who="2" m="30219" /><F82/><W19/><G81/><T118/><D118/><U1/><E1/><V116/><F116/><W117/><G117/><T31/><D31/><U69/><E69/><V119/><F119/><W44/><G44/><N who="0" m="26015" /><D12/><U13/><REACH who="1" step="1"/><E18/><REACH who="1" ten="224,262,278,226" step="2"/><N who="2" m="12759" /><F121/><W91/><G19/><T57/><D131/><U55/><E55/><V76/><F76/><W5/><G16/><T85/><D57/><U50/><E50/><V24/><F24/><W7/><G5/><T11/><D11/><U80/><E80/><V67/><F67/><W84/><G9/><T0/><D0/><U56/><E56/><V130/><F130/><W68/><G7/><T37/><D37/><U62/><E62/><V90/><F125/><W45/><G45/><T95/><D83/><U93/><E93/><V54/><F124/><W30/><G26/><T61/><D61/><U94/><E94/><V100/><F54/><W28/><G33/><AGARI ba="0,1" hai="8,13,17,32,33,35,41,47,48,63,65,70,73,75" machi="33" ten="40,5200,0" yaku="1,1,52,1,53,1" doraHai="66" doraHaiUra="42" who="1" fromWho="3" sc="224,0,262,62,278,0,226,-52" owari="224,-17.6,324,42.4,278,7.8,174,-32.6" /></mjloggm>