<mjloggm ver="2.3"><GO type="225" lobby="0"/><UN n0="%33%74%72%65%65" n1="%E5%AF%82%E5%AF%9E%E3%82%AE%E3%83%8D%E3%82%B9%E3%83%93%E3%83%BC%E3%83%AB" n2="%72%69%6F%75%63%68%61%6E" n3="%E3%82%BC%E3%83%AB%E3%83%80%E3%81%AE%E4%BC%9D%E8%AA%AC" dan="16,16,16,16" rate="2139.65,2134.69,2119.92,2185.57" sx="F,M,M,M"/><TAIKYOKU oya="0"/><INIT seed="0,0,0,0,5,106" ten="250,250,250,250" oya="0" hai0="124,76,6,41,43,68,114,88,40,129,28,75,77" hai1="67,54,131,84,73,113,78,52,134,48,3,135,95" hai2="37,110,71,53,116,22,85,87,39,99,34,26,47" hai3="29,36,44,123,42,9,35,70,24,14,21,125,10"/><T16/><D114/><U98/><E3/><V93/><F110/><W82/><G125/><T74/><D68/><U2/><E2/><V38/><F116/><W109/><G109/><T13/><D6/><U51/><E113/><V104/><F104/><W72/><G70/><T115/><D115/><U11/><E67/><V126/><F126/><W107/><G107/><T61/><D124/><U45/><E84/><V8/><F34/><W5/><G123/><T128/><D61/><U81/><E11/><V31/><F71/><W108/><G108/><T7/><D7/><U122/><E131/><N who="0" m="50249" /><D28/><U27/><E27/><V63/><F8/><W80/><G10/><N who="0" m="6199" /><D88/><U1/><E1/><V12/><F12/><W119/><G119/><T4/><D4/><U121/><E122/><V15/><F15/><W56/><G35/><T49/><D49/><U97/><E121/><V20/><F20/><W100/><G100/><T117/><D117/><U92/><E98/><V55/><F63/><W25/><G25/><T96/><D96/><U86/><E97/><V18/><F31/><W132/><G5/><T102/><D102/><U60/><E60/><V127/><F127/><W50/><G9/><T46/><D46/><N who="1" m="27671" /><E86/><N who="2" m="32779" /><F47/><W83/><G14/><T133/><D133/><AGARI ba="0,0" hai="45,51,54,73,78,81,92,95,133,134,135" m="27671" machi="133" ten="30,3900,0" yaku="20,1,52,1,54,1" doraHai="106" who="1" fromWho="0" sc="250,-39,250,39,250,0,250,0" /><INIT seed="1,0,0,0,2,105" ten="211,289,250,250" oya="1" hai0="85,63,59,30,124,127,8,88,7,35,79,26,14" hai1="94,54,80,45,86,13,99,34,25,128,109,106,48" hai2="118,107,113,62,101,84,87,67,60,97,29,16,110" hai3="112,119,74,76,100,91,71,2,69,50,58,47,120"/><U32/><E106/><V125/><F118/><W0/><G120/><T104/><D104/><U46/><E128/><V134/><F110/><W37/><G112/><T21/><D79/><U114/><E114/><V38/><F113/><W93/><G100/><T132/><D132/><U10/><E109/><V11/><F134/><W40/><G119/><T77/><D77/><U111/><E45/><V66/><F125/><W126/><G126/><T41/><D41/><U53/><E53/><V5/><F38/><W103/><G103/><T116/><D35/><U61/><E61/><V102/><F29/><W17/><G17/><T28/><D28/><U57/><E57/><V133/><F133/><W70/><G58/><T39/><D39/><U64/><E64/><V98/><F16/><W121/><G121/><T42/><D42/><U78/><E25/><V56/><F98/><W65/><G65/><T129/><D129/><U22/><E22/><V43/><F102/><W131/><G37/><T96/><D96/><U81/><E81/><V52/><F43/><W49/><G49/><T44/><D44/><U108/><E108/><V20/><F20/><W68/><N who="3" m="17408" /><DORA hai="51" /><W135/><G135/><T27/><D27/><U82/><E82/><V23/><F23/><W24/><G24/><T31/><D31/><U75/><E75/><V33/><F33/><W115/><G115/><T72/><D72/><U90/><E111/><V123/><F123/><W4/><G131/><T12/><D116/><U9/><REACH who="1" step="1"/><E9/><REACH who="1" ten="211,279,250,250" step="2"/><V19/><F11/><W18/><G40/><T92/><D14/><U15/><E15/><RYUUKYOKU ba="0,1" sc="211,15,279,15,250,-15,250,-15" hai0="7,8,12,21,26,30,59,63,85,88,92,124,127" hai1="10,13,32,34,46,48,54,78,80,86,90,94,99" /><INIT seed="1,1,1,3,5,96" ten="226,294,235,235" oya="1" hai0="122,34,53,103,126,66,97,46,24,94,22,27,6" hai1="74,67,76,33,28,1,130,134,55,79,113,84,131" hai2="60,108,72,77,98,11,107,13,70,45,100,89,101" hai3="106,95,91,90,58,56,21,123,32,69,82,117,3"/><U86/><E113/><V61/><F108/><W52/><G123/><T81/><D122/><U92/><E1/><V4/><F70/><W9/><G32/><T68/><D126/><U35/><E67/><V64/><F64/><W23/><G69/><T88/><D6/><U57/><E74/><V31/><F31/><W16/><G106/><T40/><D53/><U80/><E134/><V65/><F65/><W29/><G117/><T112/><D112/><U99/><E86/><V114/><F114/><W83/><G3/><T63/><D34/><U62/><E76/><V10/><F101/><W121/><G56/><T30/><D27/><U109/><E109/><V47/><F89/><N who="3" m="33803" /><G95/><T132/><D132/><U48/><E62/><V44/><REACH who="2" step="1"/><F11/><REACH who="2" ten="226,294,225,235" step="2"/><W105/><G121/><T15/><D103/><N who="1" m="60903" /><E28/><V37/><F37/><W20/><G29/><T36/><D68/><U12/><E35/><V8/><F8/><W110/><G110/><T125/><D66/><U75/><E33/><V93/><F93/><W18/><G105/><T85/><D94/><U73/><E12/><V102/><F102/><W71/><G71/><T5/><D15/><U51/><E79/><V25/><F25/><W43/><G9/><T78/><D78/><U59/><E131/><V42/><F42/><W135/><G43/><T133/><D133/><U0/><E130/><V104/><F104/><W50/><G135/><T49/><D36/><U120/><E120/><V124/><F124/><W118/><G118/><T2/><D125/><U17/><E55/><V128/><F128/><W19/><AGARI ba="1,2" hai="16,18,19,20,21,23,50,52,58,82,83" m="33803" machi="19" ten="40,5200,0" yaku="8,1,54,2" doraHai="96" who="3" fromWho="3" sc="226,-14,294,-27,225,-14,235,75" /><INIT seed="2,0,0,4,3,127" ten="212,267,211,310" oya="2" hai0="23,112,53,90,43,98,70,49,29,7,21,73,5" hai1="129,111,103,108,64,63,19,37,102,56,72,132,92" hai2="123,116,68,61,74,26,45,85,119,93,126,65,57" hai3="40,44,106,104,18,1,39,87,33,118,96,25,94"/><V35/><F123/><W105/><G118/><T88/><D112/><U4/><E72/><V47/><F126/><W122/><G122/><T80/><D70/><U67/><E37/><V60/><F74/><W59/><G1/><T107/><D43/><U115/><E115/><V113/><F113/><W15/><G59/><T24/><D23/><U95/><E4/><V52/><F85/><W2/><G2/><T130/><D130/><U77/><E77/><V128/><F93/><N who="1" m="35913" /><E19/><V9/><F128/><W81/><G25/><T100/><D5/><U3/><E3/><V125/><F125/><W46/><G46/><N who="2" m="17417" /><F9/><W11/><G33/><T48/><D7/><U50/><E129/><V16/><F16/><W36/><G36/><T133/><D133/><U27/><E27/><V83/><F83/><W55/><G87/><T69/><D69/><U109/><E132/><V114/><F114/><W17/><G81/><T117/><D117/><N who="2" m="45130" /><F26/><W31/><G18/><T66/><D73/><U12/><E12/><V22/><F22/><W131/><G131/><T20/><D20/><U30/><E111/><V38/><F35/><W134/><G134/><T54/><D80/><U71/><E109/><V79/><F79/><W99/><G94/><T6/><D6/><U58/><E108/><V135/><F135/><W14/><G14/><T0/><D0/><U91/><E30/><V101/><F101/><W110/><G110/><T121/><D121/><U28/><E28/><V62/><F38/><W124/><G124/><T34/><D34/><U42/><E103/><V51/><AGARI ba="0,0" hai="51,52,57,60,61,62,65,68" m="45130,17417" machi="51" ten="30,6000,0" yaku="34,2,54,1" doraHai="127" who="2" fromWho="2" sc="212,-20,267,-20,211,60,310,-20" /><INIT seed="2,1,0,2,4,21" ten="192,247,271,290" oya="2" hai0="120,17,130,10,7,61,36,90,33,132,63,30,108" hai1="62,35,19,111,57,3,54,29,5,68,118,128,14" hai2="115,47,34,127,75,74,38,11,94,105,48,98,124" hai3="9,114,104,64,131,70,37,51,59,110,135,103,15"/><V18/><F115/><W89/><G37/><T69/><D120/><U125/><E118/><V4/><F105/><W65/><G70/><T44/><D108/><U26/><E111/><V95/><F38/><W16/><G110/><T133/><D17/><U24/><E68/><V122/><F122/><W92/><G114/><T101/><D101/><U46/><E128/><V116/><F34/><W82/><G131/><T1/><D130/><U84/><E125/><N who="2" m="48203" /><F18/><W73/><G135/><N who="0" m="51787" /><D90/><U41/><E84/><V78/><F116/><W99/><G73/><N who="2" m="27657" /><F78/><W77/><G77/><T50/><D36/><U123/><E123/><V72/><N who="2" m="27665" /><V27/><DORA hai="13" /><F27/><W71/><G104/><T23/><D33/><U97/><E24/><V85/><F85/><N who="3" m="50359" /><G71/><T28/><D69/><U22/><E97/><V60/><F60/><W113/><G113/><T66/><D30/><U112/><E112/><V2/><F98/><W49/><G49/><T52/><D66/><U81/><E35/><V40/><AGARI ba="1,0" hai="2,4,11,40,47,48,94,95" m="27665,48203" machi="40" ten="50,2400,0" yaku="18,1" doraHai="21,13" who="2" fromWho="2" sc="192,-9,247,-9,271,27,290,-9" /><INIT seed="2,2,0,3,3,41" ten="183,238,298,281" oya="2" hai0="109,134,87,48,33,24,129,62,12,121,7,45,25" hai1="50,116,59,123,13,22,71,58,80,47,56,2,101" hai2="107,82,92,49,28,66,83,38,100,30,97,112,23" hai3="110,32,103,15,21,69,94,1,34,126,6,99,106"/><V10/><F112/><W54/><G69/><T131/><D121/><U46/><E116/><V42/><F38/><W63/><G1/><T26/><D33/><U5/><E71/><V127/><F127/><W108/><G126/><T96/><D109/><N who="3" m="42089" /><G106/><T128/><D134/><U79/><E123/><V124/><F124/><W29/><G6/><T4/><D62/><U51/><E101/><V135/><F135/><W64/><G54/><T118/><D118/><U3/><E22/><V98/><F66/><W111/><G111/><T57/><D57/><U60/><E60/><V91/><F10/><W19/><G29/><T120/><D120/><U18/><E5/><V37/><F37/><W74/><G74/><T88/><D96/><U27/><E27/><V85/><F23/><W113/><G113/><T20/><D12/><U53/><E18/><V14/><F14/><W95/><G95/><N who="0" m="54687" /><D20/><U132/><E13/><V114/><F114/><W72/><G72/><T115/><D115/><U44/><E132/><V70/><F70/><W122/><G122/><T16/><D16/><U93/><E93/><V73/><F73/><W36/><G36/><T39/><D39/><U43/><REACH who="1" step="1"/><E46/><REACH who="1" ten="183,228,298,281" step="2"/><N who="2" m="25815" /><F107/><W117/><G117/><T52/><AGARI ba="2,1" hai="4,7,24,25,26,45,48,52,128,129,131" m="54687" machi="52" ten="40,8000,1" yaku="19,1,52,1,54,2" doraHai="41" who="0" fromWho="0" sc="183,96,228,-22,298,-42,281,-22" /><INIT seed="3,0,0,0,5,19" ten="279,206,256,259" oya="3" hai0="104,81,43,63,113,37,51,46,30,36,62,123,69" hai1="24,71,22,109,85,67,119,73,45,33,44,56,15" hai2="53,20,118,47,59,82,86,76,39,79,88,128,72" hai3="132,17,57,91,89,54,21,130,65,48,114,9,74"/><W126/><G114/><T8/><D104/><U40/><E73/><V11/><F118/><W111/><G74/><T35/><D113/><U134/><E71/><V26/><F128/><W96/><G130/><T112/><D112/><U25/><E119/><V120/><F120/><W135/><G126/><T122/><D81/><U4/><E109/><V10/><F39/><N who="0" m="14922" /><D8/><N who="2" m="3114" /><F47/><N who="1" m="17993" /><E33/><V105/><F105/><W117/><G117/><T0/><D0/><U5/><E134/><N who="3" m="51242" /><G111/><T52/><D30/><N who="1" m="17687" /><E40/><V125/><F125/><W3/><G65/><N who="0" m="41143" /><D35/><U103/><E103/><V27/><F27/><N who="3" m="14767" /><G96/><T60/><D43/><U133/><E133/><V68/><F68/><W107/><G107/><T87/><D87/><U90/><E25/><V95/><F72/><W115/><G115/><T98/><D98/><U121/><E15/><V84/><F84/><W131/><G131/><T2/><D2/><U110/><E110/><V61/><F82/><W70/><G70/><T75/><D75/><U106/><E106/><V42/><F42/><W99/><G99/><T101/><D101/><U18/><E121/><AGARI ba="0,0" hai="46,51,52,60,63,121,122,123" m="41143,14922" machi="121" ten="30,3900,0" yaku="34,2,54,1" doraHai="19" who="0" fromWho="1" sc="279,39,206,-39,256,0,259,0" owari="318,41.8,167,-33.3,256,-14.4,259,5.9" /></mjloggm>