<mjloggm ver="2.3"><GO type="225" lobby="0"/><UN n0="%E3%81%9F%E3%81%93%E2%98%86%E7%84%BC%E3%81%8D" n1="%72%69%6F%75%63%68%61%6E" n2="%6A%79%75%6E%6F%68" n3="%E3%81%BF%E3%81%BF%E3%81%9A" dan="16,16,16,17" rate="2087.18,2221.60,2135.48,2220.29" sx="M,M,M,M"/><TAIKYOKU oya="0"/><INIT seed="0,0,0,5,4,21" ten="250,250,250,250" oya="0" hai0="15,72,47,53,75,88,68,26,108,29,133,81,128" hai1="41,63,105,101,119,73,39,44,34,124,74,17,107" hai2="127,118,6,23,92,50,115,78,123,1,103,20,111" hai3="30,79,85,3,71,132,58,130,19,129,52,0,102"/><T51/><D68/><U54/><E119/><V131/><F78/><W86/><G71/><T116/><D116/><U87/><E124/><V7/><F103/><W22/><G132/><T122/><D122/><U82/><E34/><V110/><F92/><W77/><G30/><T66/><D66/><U25/><E63/><V60/><F50/><N who="3" m="30999" /><G102/><T98/><D133/><U94/><E54/><V10/><F60/><W69/><G69/><T113/><D113/><U8/><E94/><V91/><F91/><W84/><G0/><T93/><D128/><N who="3" m="49257" /><G3/><T97/><D108/><U90/><E105/><V80/><F131/><W37/><G37/><T33/><D98/><U2/><E2/><V12/><F118/><W27/><AGARI ba="0,0" hai="19,22,27,77,79,84,85,86" m="49257,30999" machi="27" ten="30,4000,0" yaku="19,1,52,1,54,1" doraHai="21" who="3" fromWho="3" sc="250,-20,250,-10,250,-10,250,40" /><INIT seed="1,0,0,0,3,3" ten="230,240,240,290" oya="1" hai0="40,34,36,88,17,129,31,26,12,8,121,63,133" hai1="25,16,120,127,41,115,45,35,124,97,54,21,112" hai2="128,107,119,111,5,6,122,84,46,82,102,96,114" hai3="43,59,69,13,131,108,58,86,39,117,123,91,55"/><U118/><E118/><V81/><F119/><W109/><G117/><T15/><D129/><U49/><E120/><V32/><F122/><W94/><G123/><T110/><D110/><N who="3" m="42601" /><G131/><T28/><D133/><U57/><E35/><V92/><F111/><W56/><G69/><T90/><D28/><U61/><REACH who="1" step="1"/><E97/><REACH who="1" ten="230,230,240,290" step="2"/><V24/><F128/><W44/><G13/><T51/><D15/><U60/><E60/><AGARI ba="0,1" hai="39,43,44,55,56,58,59,60,86,91,94" m="42601" machi="60" ten="30,1000,0" yaku="14,1" doraHai="3" who="3" fromWho="1" sc="230,0,230,-10,240,0,290,20" /><INIT seed="2,0,0,2,5,56" ten="230,220,240,310" oya="2" hai0="107,133,80,63,91,85,16,90,128,114,5,78,38" hai1="67,110,62,64,50,20,24,83,12,129,26,14,100" hai2="10,94,71,101,125,123,34,126,117,69,35,130,48" hai3="89,30,98,70,105,65,49,88,122,134,0,124,93"/><V29/><F117/><W59/><G122/><T92/><D38/><U82/><E110/><V75/><F123/><W103/><G0/><T13/><D114/><U99/><E129/><V79/><F75/><W19/><G134/><T32/><D107/><U47/><E64/><V132/><F79/><W73/><G124/><N who="2" m="47721" /><F130/><W15/><G30/><T3/><D32/><N who="2" m="12330" /><F29/><W43/><G73/><T68/><D5/><U2/><E2/><V41/><F10/><W60/><G105/><T115/><D3/><U25/><E20/><V57/><F132/><W11/><G70/><T77/><D68/><N who="2" m="26186" /><F57/><W127/><G127/><T54/><D115/><U121/><E121/><V113/><F113/><W39/><G39/><T27/><D128/><U7/><E7/><V22/><F22/><W61/><G61/><T37/><D37/><U44/><E62/><V112/><F112/><W1/><G1/><T46/><D77/><U86/><E67/><V131/><F131/><W66/><G66/><T135/><D78/><U76/><E83/><V33/><N who="2" m="12338" /><V116/><DORA hai="28" /><F116/><W74/><G74/><T52/><D63/><U118/><E118/><V18/><F18/><W51/><G51/><T23/><D135/><U104/><REACH who="1" step="1"/><E50/><REACH who="1" ten="230,210,240,310" step="2"/><V84/><F48/><W21/><G21/><T9/><D133/><U53/><E53/><V111/><F111/><W17/><G19/><T96/><D46/><AGARI ba="0,1" hai="12,14,24,25,26,44,46,47,76,82,86,99,100,104" machi="46" ten="40,8000,1" yaku="1,1,53,3" doraHai="56,28" doraHaiUra="8,81" who="1" fromWho="0" sc="230,-80,210,90,240,0,310,0" /><AGARI ba="0,0" hai="11,15,17,43,46,49,59,60,65,88,89,93,98,103" machi="46" ten="40,5200,0" yaku="8,1,52,1,54,1" doraHai="56,28" who="3" fromWho="0" sc="150,-52,300,0,240,0,310,52" /><INIT seed="3,0,0,2,4,92" ten="98,300,240,362" oya="3" hai0="4,126,32,72,5,102,50,48,8,134,135,69,39" hai1="29,27,10,55,57,80,104,65,13,124,105,0,36" hai2="106,77,3,31,43,28,59,133,81,2,86,96,107" hai3="68,116,1,73,60,130,129,118,51,33,58,19,17"/><W82/><G1/><T121/><D72/><U63/><E124/><V20/><F133/><N who="0" m="50698" /><D39/><U100/><E36/><V67/><F43/><W44/><G68/><T111/><D69/><U75/><E0/><V125/><F125/><W61/><G33/><T88/><D32/><U71/><E100/><V14/><F2/><W127/><G127/><T41/><D102/><U115/><E115/><V74/><F3/><W110/><G110/><T103/><D41/><U18/><E75/><V6/><F74/><W40/><G82/><T87/><D103/><U26/><E80/><V66/><F107/><W49/><G73/><T93/><D126/><U109/><E109/><V25/><F31/><W101/><G101/><T112/><D111/><U97/><E97/><V113/><F96/><W94/><G94/><T128/><D112/><U114/><E114/><V90/><F106/><W62/><G17/><T24/><D121/><U54/><E26/><V37/><F37/><W21/><G19/><T34/><D24/><U22/><REACH who="1" step="1"/><E54/><REACH who="1" ten="98,290,240,362" step="2"/><V9/><F113/><W12/><G12/><T131/><D34/><U64/><E64/><V78/><F67/><W38/><G38/><T11/><D88/><U35/><E35/><V42/><F42/><W123/><G123/><T119/><D87/><U89/><E89/><V108/><REACH who="2" step="1"/><F108/><REACH who="2" ten="98,290,230,362" step="2"/><W120/><G120/><T98/><D98/><U91/><E91/><V99/><F99/><W117/><G40/><T46/><D119/><U84/><E84/><V79/><F79/><W76/><G117/><T56/><D93/><U7/><E7/><N who="0" m="2633" /><D56/><U95/><E95/><RYUUKYOKU ba="0,2" sc="98,-15,290,15,230,15,362,-15" hai1="10,13,18,22,27,29,55,57,63,65,71,104,105" hai2="6,9,14,20,25,28,59,66,77,78,81,86,90" owari="83,-41.7,305,10.5,245,-15.5,367,46.7" /></mjloggm>