<mjloggm ver="2.3"><GO type="225" lobby="0"/><UN n0="%E9%80%86%E9%80%A3%E5%B8%AF%E3%81%AE%E9%AC%BC" n1="%E4%BF%BA%E3%81%A8%E5%A6%96%E5%A4%A2" n2="%6D%75%75%6D%75%72%61" n3="%E3%81%95%E3%81%8D%E3%81%9F%E3%81%BE%E6%9E%97%E6%AA%8E" dan="16,17,16,16" rate="2164.01,2210.59,2166.69,2066.89" sx="M,F,F,M"/><TAIKYOKU oya="0"/><INIT seed="0,0,0,1,2,120" ten="250,250,250,250" oya="0" hai0="77,23,89,8,127,10,59,25,32,22,132,72,21" hai1="43,78,53,37,108,118,113,40,112,81,126,103,33" hai2="44,99,130,64,95,48,26,1,91,133,87,101,14" hai3="31,107,73,124,2,123,65,19,106,20,115,76,63"/><T116/><D116/><U84/><E118/><V27/><F1/><W100/><G115/><N who="1" m="44106" /><E33/><V114/><F114/><W36/><G36/><T135/><D127/><U121/><E121/><V12/><F130/><W49/><G123/><T11/><D89/><U6/><E126/><V70/><F133/><N who="0" m="51274" /><D59/><U45/><E103/><V42/><F70/><W102/><G124/><T0/><D77/><U18/><E6/><V83/><F64/><W93/><G2/><T67/><D67/><U98/><E98/><V85/><F85/><W134/><G31/><N who="0" m="19567" /><D72/><U110/><E40/><V41/><F42/><W60/><G76/><T86/><D86/><U88/><E78/><V46/><F46/><W128/><G128/><T38/><D38/><U69/><E69/><V80/><F83/><W16/><G73/><T50/><D50/><N who="1" m="28879" /><E18/><V82/><F82/><W61/><G19/><T58/><D58/><U104/><E104/><V62/><F62/><W71/><G63/><T97/><D97/><U109/><E43/><V54/><F41/><W90/><G107/><T28/><D28/><U5/><E5/><AGARI ba="0,0" hai="0,5,8,10,11,21,22,23" m="19567,51274" machi="5" ten="30,5800,0" yaku="20,1,34,2" doraHai="120" who="0" fromWho="1" sc="250,58,250,-58,250,0,250,0" /><INIT seed="0,1,0,5,2,75" ten="308,192,250,250" oya="0" hai0="14,110,80,31,41,114,109,11,15,134,19,56,131" hai1="58,118,60,9,67,102,82,70,54,2,32,112,30" hai2="4,68,38,57,111,77,72,79,90,106,40,43,39" hai3="55,36,96,86,10,66,46,105,84,3,76,63,47"/><T97/><D114/><U17/><E112/><V107/><F68/><W8/><G36/><T85/><D134/><U25/><E118/><V129/><F90/><W35/><G35/><T34/><D131/><U130/><E130/><V65/><F72/><W126/><G126/><T123/><D123/><U50/><E102/><V93/><F93/><W116/><G116/><T6/><D41/><U103/><E103/><V95/><F95/><W7/><G105/><T48/><D97/><U83/><REACH who="1" step="1"/><E17/><REACH who="1" ten="308,182,250,250" step="2"/><V20/><F129/><W113/><G113/><T21/><D110/><U127/><E127/><V87/><F111/><W124/><G124/><T13/><D109/><U121/><E121/><V22/><F39/><W44/><G44/><T132/><D132/><U98/><E98/><V33/><F38/><W92/><G47/><T52/><D31/><U26/><E26/><V115/><F115/><W61/><G46/><T64/><D34/><U74/><E74/><V91/><F33/><W119/><G119/><T89/><REACH who="0" step="1"/><D64/><REACH who="0" ten="298,182,250,250" step="2"/><U81/><E81/><V125/><F65/><W1/><G66/><T53/><D53/><U120/><E120/><V73/><F125/><W104/><G55/><T42/><D42/><U16/><E16/><V45/><F43/><W108/><G108/><T18/><D18/><U122/><E122/><V133/><F40/><W28/><G28/><T59/><D59/><U88/><E88/><V117/><F133/><W49/><G96/><T71/><D71/><U5/><AGARI ba="1,2" hai="2,5,9,25,30,32,50,54,58,60,67,70,82,83" machi="5" ten="30,4000,0" yaku="1,1,0,1,53,1" doraHai="75" doraHaiUra="0" who="1" fromWho="1" sc="298,-21,182,63,250,-11,250,-11" /><INIT seed="1,0,0,2,2,41" ten="277,245,239,239" oya="1" hai0="134,82,49,16,104,135,71,97,94,55,60,14,12" hai1="99,20,103,37,72,25,107,119,91,38,46,131,6" hai2="3,42,19,89,98,68,10,22,36,21,43,58,106" hai3="54,39,80,128,4,124,26,74,52,61,23,92,17"/><U114/><E114/><V88/><F68/><W33/><G128/><T24/><D104/><U132/><E119/><V67/><F106/><W8/><G124/><T62/><D82/><U110/><E131/><V105/><F105/><W102/><G39/><T115/><D115/><U15/><E72/><V13/><F3/><W50/><G33/><T65/><D62/><U57/><E132/><V85/><F36/><W2/><G74/><T35/><D35/><U76/><E76/><V84/><F98/><W100/><G80/><T126/><D126/><U73/><E73/><V70/><F70/><W31/><G92/><T77/><D77/><U18/><E57/><V101/><F101/><W56/><REACH who="3" step="1"/><G31/><REACH who="3" ten="277,245,239,229" step="2"/><T87/><D135/><U64/><E38/><V118/><F118/><W96/><G96/><T47/><D134/><U9/><E37/><V79/><F85/><W53/><G53/><T83/><D83/><U32/><E32/><V63/><F84/><W129/><G129/><T127/><D87/><U133/><E133/><V0/><F79/><W86/><G86/><T75/><D75/><U113/><E113/><V130/><F130/><W90/><G90/><N who="2" m="34921" /><F0/><W48/><G48/><T112/><D112/><U40/><E91/><V123/><F123/><W11/><G11/><T45/><D127/><U81/><E81/><V5/><F22/><W122/><G122/><T121/><D121/><U29/><E29/><V117/><F117/><W109/><G109/><T108/><D97/><U111/><E64/><V93/><F93/><W27/><G27/><T125/><D108/><U34/><E34/><RYUUKYOKU ba="0,1" sc="277,-30,245,10,239,10,229,10" hai1="6,9,15,18,20,25,40,46,99,103,107,110,111" hai2="5,10,13,19,21,42,43,58,63,67" hai3="2,4,8,17,23,26,50,52,54,56,61,100,102" /><INIT seed="1,1,1,3,4,10" ten="247,255,249,239" oya="1" hai0="131,20,49,35,91,79,121,33,127,57,6,70,120" hai1="108,17,54,101,53,111,99,85,104,38,135,74,117" hai2="59,65,15,72,63,116,118,64,105,130,32,56,25" hai3="67,1,109,71,98,68,19,37,43,48,0,134,78"/><U30/><E117/><V42/><F130/><W90/><G109/><N who="1" m="42058" /><E74/><V28/><F105/><W83/><G37/><T89/><D70/><U114/><E114/><V93/><F72/><W13/><G134/><T133/><D131/><U106/><E38/><V3/><F3/><W94/><G0/><T21/><D133/><U52/><E135/><V62/><F42/><W51/><G1/><T45/><D57/><U40/><E40/><V14/><F93/><W76/><G76/><T87/><D127/><U122/><E122/><V9/><REACH who="2" step="1"/><F15/><REACH who="2" ten="247,255,239,239" step="2"/><W86/><G43/><T16/><D121/><U126/><E106/><V80/><F80/><W81/><G81/><T11/><D120/><U103/><E104/><V75/><F75/><W95/><G95/><T96/><D96/><U97/><E97/><V7/><AGARI ba="1,2" hai="7,9,14,25,28,32,56,59,62,63,64,65,116,118" machi="7" ten="20,12000,2" yaku="1,1,0,1,7,1,9,1,52,1,53,2" doraHai="10" doraHaiUra="60" who="2" fromWho="2" sc="247,-31,255,-61,239,143,239,-31" /><INIT seed="2,0,0,4,5,113" ten="216,194,382,208" oya="2" hai0="122,81,106,29,2,36,84,20,128,95,89,134,7" hai1="25,45,16,108,74,76,55,53,50,28,64,21,27" hai2="94,41,72,68,12,126,5,119,15,11,63,120,124" hai3="71,39,33,102,115,47,87,75,83,44,14,23,31"/><V107/><F120/><W67/><G75/><T118/><D122/><U18/><E108/><V77/><F107/><W48/><G39/><T96/><D134/><U1/><E1/><V117/><F41/><W8/><G33/><T49/><D128/><U65/><E18/><V129/><F129/><W42/><G115/><T100/><D36/><U30/><E30/><V85/><F72/><W114/><G114/><T110/><D110/><U91/><E76/><V24/><F24/><W88/><G102/><T66/><D66/><U56/><E74/><V78/><F78/><W97/><G97/><T123/><D123/><U130/><E91/><N who="2" m="53615" /><F77/><W51/><G71/><T9/><D49/><U73/><E73/><V6/><F68/><W116/><G116/><N who="2" m="44617" /><F63/><W127/><G67/><T22/><D118/><U0/><E0/><V86/><F86/><W70/><G70/><T4/><D29/><U26/><E130/><V135/><F135/><W10/><G51/><T104/><D104/><U13/><REACH who="1" step="1"/><E28/><REACH who="1" ten="216,184,382,208" step="2"/><V61/><F6/><W60/><G31/><T54/><D4/><U59/><E59/><V52/><F5/><W32/><G47/><T69/><D69/><U109/><E109/><V132/><F132/><W131/><G131/><T98/><D7/><U40/><E40/><V125/><F11/><W103/><G10/><T38/><D9/><U111/><E111/><V112/><F112/><W37/><G8/><T35/><D2/><U82/><E82/><V19/><F19/><W3/><G83/><T43/><D81/><U17/><E17/><V62/><F126/><W101/><G127/><RYUUKYOKU ba="0,1" sc="216,-10,184,30,382,-10,208,-10" hai1="13,16,21,25,26,27,45,50,53,55,56,64,65" /><INIT seed="3,1,1,5,3,29" ten="206,214,372,198" oya="3" hai0="11,110,8,6,120,130,19,134,33,121,118,131,90" hai1="16,108,126,47,116,13,68,113,36,42,67,124,79" hai2="133,4,123,100,39,81,117,57,72,21,53,83,125" hai3="23,127,106,85,80,44,24,104,75,128,40,30,54"/><W37/><G127/><N who="1" m="48682" /><E113/><V18/><F39/><W10/><G128/><N who="0" m="49195" /><D118/><U64/><E116/><V94/><F133/><W41/><G75/><T135/><D110/><U62/><E67/><V105/><F4/><W96/><G41/><T14/><D33/><U9/><E79/><V102/><F53/><W76/><G54/><T43/><D43/><U98/><E98/><V55/><F105/><W78/><G78/><T112/><D112/><U129/><E129/><V27/><F102/><W63/><G63/><T119/><D90/><U31/><E31/><V103/><F94/><W61/><G61/><T73/><D73/><U17/><E17/><V56/><F83/><W92/><REACH who="3" step="1"/><G10/><REACH who="3" ten="206,214,372,188" step="2"/><T26/><D119/><U74/><E74/><V97/><F55/><W0/><G0/><N who="0" m="71" /><D26/><U3/><E108/><V101/><F125/><W60/><G60/><T115/><D115/><U66/><E66/><V88/><F27/><W34/><G34/><T35/><D35/><U132/><E132/><AGARI ba="1,2" hai="11,14,19,120,121,132,134,135" m="71,49195" machi="132" ten="30,7700,0" yaku="20,1,19,1,34,2" doraHai="29" who="0" fromWho="1" sc="206,100,214,-80,372,0,188,0" owari="306,10.6,134,-36.6,372,47.2,188,-21.2" /></mjloggm>