<mjloggm ver="2.3"><GO type="225" lobby="0"/><UN n0="%E3%81%AF%E3%81%BE%E3%81%A1%E3%83%AA%E3%83%BC%E3%82%B0" n1="%E5%8D%A0%E3%81%84%E5%B8%AB%E8%A3%8F%E3%81%AA%E3%81%84%E3%81%97" n2="%E3%81%BF%E3%81%BF%E3%81%9A" n3="%E6%B4%BE%E9%81%A3%E3%81%AE%E3%82%B8%E3%83%A3%E3%83%83%E3%82%AF" dan="17,17,18,17" rate="2167.91,2196.48,2254.80,2230.84" sx="M,M,M,M"/><TAIKYOKU oya="0"/><INIT seed="0,0,0,3,0,123" ten="250,250,250,250" oya="0" hai0="63,116,20,58,90,23,105,92,6,65,115,102,35" hai1="11,73,103,82,69,95,110,61,39,1,17,28,10" hai2="75,85,16,99,97,25,72,4,19,104,62,128,8" hai3="50,67,87,45,131,94,12,21,130,55,112,124,107"/><T64/><D115/><U48/><E39/><V46/><F85/><W86/><G107/><T14/><D116/><U114/><E114/><V30/><F46/><W59/><G112/><T109/><D35/><U57/><E69/><V33/><F128/><N who="3" m="49195" /><G124/><T125/><D125/><U129/><E28/><V108/><F62/><N who="3" m="38367" /><G94/><T93/><D105/><U41/><E95/><V74/><F108/><W66/><G66/><T76/><D76/><U135/><E110/><V52/><F52/><W98/><G98/><N who="0" m="59719" /><D65/><U49/><E41/><V15/><REACH who="2" step="1"/><F97/><REACH who="2" ten="250,250,240,250" step="2"/><W134/><G134/><T96/><D109/><U81/><E135/><V79/><F79/><W47/><G47/><T13/><D64/><U91/><E129/><V80/><F80/><W7/><G86/><T78/><D78/><U24/><E82/><V43/><F43/><W111/><G87/><T118/><D96/><U127/><E81/><V126/><F126/><W84/><G84/><T88/><D63/><U29/><E61/><V51/><F51/><W77/><G77/><T34/><D58/><U120/><E57/><V70/><F70/><W106/><G111/><T100/><D118/><U119/><E119/><V40/><F40/><W122/><G122/><T54/><D54/><U53/><E120/><V101/><AGARI ba="0,1" hai="4,8,15,16,19,25,30,33,72,74,75,99,101,104" machi="101" ten="40,8000,1" yaku="1,1,0,1,54,1,53,1" doraHai="123" doraHaiUra="26" who="2" fromWho="2" sc="250,-40,250,-20,240,90,250,-20" /><INIT seed="1,0,0,3,3,42" ten="210,230,330,230" oya="1" hai0="41,13,23,16,35,107,30,93,0,40,5,4,43" hai1="88,9,22,54,111,32,85,80,89,46,64,98,132" hai2="73,45,67,96,102,71,56,84,76,79,19,116,83" hai3="122,92,126,94,17,72,55,10,11,128,1,18,49"/><U37/><E32/><V77/><F116/><W33/><G33/><T119/><D119/><U127/><E127/><V95/><F71/><W70/><G70/><T65/><D107/><U62/><E132/><V39/><F39/><W74/><G122/><T27/><D65/><U105/><E111/><V48/><F73/><W123/><G123/><T112/><D112/><U124/><E124/><V134/><F134/><W61/><G61/><T129/><D129/><U108/><E108/><V47/><F19/><W78/><G126/><T21/><D0/><U120/><E120/><V26/><F26/><W53/><G49/><T15/><D15/><U104/><E22/><V38/><F38/><W121/><G121/><T69/><D69/><U63/><E9/><V99/><F99/><W81/><G81/><T133/><D133/><U135/><E135/><V106/><F106/><W7/><G128/><T75/><D75/><U66/><E63/><N who="2" m="38375" /><F48/><W59/><G1/><T125/><D125/><U68/><E64/><V28/><F28/><W25/><G25/><T109/><D109/><U100/><E54/><V131/><F131/><W114/><G114/><T101/><D35/><U3/><E3/><V130/><F130/><W12/><G12/><T34/><D34/><U82/><E105/><V31/><F31/><W20/><G7/><T86/><D101/><U118/><E118/><V110/><F110/><W44/><G74/><T14/><D13/><U8/><E8/><V87/><F83/><N who="1" m="31785" /><E85/><AGARI ba="0,0" hai="45,47,76,77,79,84,85,87,95,96,102" m="38375" machi="85" ten="30,3900,0" yaku="8,1,52,2" doraHai="42" who="2" fromWho="1" sc="210,0,230,-39,330,39,230,0" /><INIT seed="2,0,0,4,4,20" ten="210,191,369,230" oya="2" hai0="32,75,2,35,41,118,67,54,81,52,117,50,14" hai1="6,103,62,85,132,99,98,36,1,123,94,69,61" hai2="120,19,131,8,15,112,77,28,83,59,40,11,78" hai3="70,72,104,27,66,93,22,101,51,44,47,90,133"/><V49/><F112/><W76/><G133/><T33/><D2/><U108/><E36/><V5/><F120/><W110/><G110/><T88/><D67/><U115/><E115/><V3/><F131/><W9/><G9/><T119/><D14/><U106/><E108/><V18/><F28/><W73/><G66/><T55/><D41/><U39/><E39/><V45/><F19/><W4/><G70/><T34/><N who="0" m="8192" /><DORA hai="134" /><T92/><D81/><U38/><E38/><V56/><REACH who="2" step="1"/><F77/><REACH who="2" ten="210,191,359,230" step="2"/><W23/><G76/><T79/><D79/><U116/><E123/><V13/><F13/><W43/><G4/><T21/><D21/><U30/><E30/><V124/><F124/><W65/><G22/><T89/><D119/><U91/><E116/><V86/><AGARI ba="0,1" hai="3,5,8,11,15,18,40,45,49,56,59,78,83,86" machi="86" ten="20,3900,0" yaku="1,1,0,1,7,1,53,0" doraHai="20,134" doraHaiUra="100,125" who="2" fromWho="2" sc="210,-13,191,-13,359,49,230,-13" /><INIT seed="2,1,0,5,1,34" ten="197,178,408,217" oya="2" hai0="22,3,58,92,90,71,84,16,2,39,57,114,110" hai1="132,133,24,38,80,107,78,61,95,99,33,47,108" hai2="28,4,96,13,98,30,60,19,109,103,116,123,125" hai3="119,89,43,46,51,67,122,118,20,48,75,26,62"/><V65/><F116/><W124/><G122/><T21/><D114/><U113/><E113/><V11/><F123/><W52/><G75/><T134/><D71/><U73/><E108/><V105/><F109/><W56/><G124/><T104/><D110/><U64/><E95/><V106/><F125/><W82/><G82/><T86/><D39/><U49/><E49/><V15/><F96/><W6/><G89/><T36/><D36/><U102/><E47/><V7/><F106/><W128/><G6/><T44/><D44/><U76/><E76/><V42/><F42/><W79/><G79/><T87/><D104/><U70/><E38/><V10/><REACH who="2" step="1"/><F19/><REACH who="2" ten="197,178,398,217" step="2"/><W85/><G128/><T72/><D16/><U14/><E14/><V130/><F130/><W41/><G85/><T135/><D86/><U77/><E78/><V59/><AGARI ba="1,1" hai="4,7,10,11,13,15,28,30,59,60,65,98,103,105" machi="59" ten="20,7800,0" yaku="1,1,0,1,7,1,9,1,53,0" doraHai="34" doraHaiUra="23" who="2" fromWho="2" sc="197,-27,178,-27,398,91,217,-27" /><INIT seed="2,2,0,4,2,40" ten="170,151,489,190" oya="2" hai0="11,94,56,99,42,79,78,32,16,33,104,8,4" hai1="51,90,77,105,111,17,41,24,47,54,5,103,93" hai2="119,113,23,87,10,15,106,92,130,21,30,76,123" hai3="73,44,25,112,60,27,2,18,48,107,89,115,95"/><V125/><F113/><N who="3" m="43595" /><G107/><T50/><D104/><U116/><E116/><V45/><F119/><W57/><G2/><T19/><D33/><U63/><E111/><V55/><F123/><W85/><G73/><T67/><D32/><U14/><E105/><V26/><F106/><W0/><G0/><T101/><D67/><U133/><E133/><V96/><F130/><W127/><G127/><T52/><D42/><U86/><E77/><N who="0" m="29193" /><D4/><U131/><E131/><V20/><F125/><W53/><G18/><AGARI ba="2,0" hai="8,11,16,18,19,50,52,56,94,99,101" m="29193" machi="18" ten="30,3900,0" yaku="8,1,54,2" doraHai="40" who="0" fromWho="3" sc="170,45,151,0,489,0,190,-45" /><INIT seed="3,0,0,1,5,19" ten="215,151,489,145" oya="3" hai0="37,17,125,27,35,8,1,54,118,73,69,68,117" hai1="34,81,108,74,124,25,43,100,36,71,133,107,92" hai2="32,66,38,112,56,128,85,132,22,64,79,99,16" hai3="127,103,6,14,115,77,59,90,91,20,48,21,121"/><W75/><G115/><T102/><D73/><U5/><E124/><V135/><F32/><W55/><G121/><T131/><D131/><U122/><E92/><V23/><F128/><W72/><G127/><T123/><D123/><U94/><E94/><V106/><F38/><W9/><G103/><T120/><D120/><U24/><E122/><V113/><F85/><W63/><G75/><T101/><D37/><U109/><E5/><V89/><F79/><W84/><G63/><T10/><D125/><U80/><E133/><N who="2" m="51275" /><F89/><N who="3" m="33803" /><G72/><T30/><D17/><U51/><E74/><V88/><F88/><W87/><G87/><T65/><D65/><N who="2" m="25194" /><F56/><W39/><G39/><T70/><D1/><U50/><E36/><V110/><F110/><W134/><G134/><T62/><D118/><U95/><E109/><V0/><F0/><W11/><G11/><T41/><D117/><U7/><E108/><V42/><F42/><W105/><G105/><T57/><D41/><U47/><E107/><V97/><F106/><W60/><G60/><T82/><D102/><U119/><E119/><V116/><F116/><W78/><G84/><T3/><D101/><U111/><E111/><V130/><F130/><W61/><G61/><T44/><D3/><U67/><E100/><V40/><F40/><W31/><G31/><T12/><D30/><U49/><E43/><V33/><F33/><W18/><G6/><T104/><D104/><U114/><E7/><V83/><F112/><W29/><G29/><T4/><D69/><U15/><E114/><V129/><F113/><W58/><G58/><N who="0" m="35159" /><D70/><U46/><E71/><RYUUKYOKU ba="0,0" sc="215,-10,151,-10,489,-10,145,30" hai3="9,14,18,20,21,48,55,59,77,78" /><INIT seed="3,1,0,0,5,9" ten="205,141,479,175" oya="3" hai0="10,105,1,11,83,92,130,99,59,132,85,106,52" hai1="6,56,45,22,131,54,109,20,17,103,63,135,58" hai2="62,47,60,76,23,117,87,94,30,113,84,91,71" hai3="119,53,57,12,27,3,7,8,81,61,93,80,90"/><W69/><G119/><T72/><D72/><U40/><E109/><V15/><F117/><W96/><G69/><T65/><D65/><U110/><E110/><V16/><F113/><W111/><G111/><T102/><D130/><U46/><E131/><V128/><F128/><W18/><G3/><T21/><D11/><U86/><E135/><V133/><F133/><W39/><G39/><T95/><D95/><U74/><E74/><V89/><F76/><W78/><G78/><T66/><D66/><U48/><E6/><V108/><F108/><W114/><G114/><T123/><D123/><U34/><E34/><V38/><F71/><W28/><G7/><T55/><D55/><U125/><E125/><V115/><F115/><W51/><REACH who="3" step="1"/><G61/><REACH who="3" ten="205,141,479,165" step="2"/><T35/><D132/><U118/><E118/><V104/><F38/><W24/><G24/><T120/><D1/><U13/><E103/><V49/><F104/><W26/><G26/><T2/><D102/><U101/><E101/><V0/><F0/><W68/><G68/><T4/><D106/><U100/><E100/><V134/><F134/><W43/><G43/><T50/><D105/><U112/><E112/><V127/><F127/><W36/><G36/><T116/><D116/><U42/><E58/><V73/><F60/><W126/><G126/><T70/><D70/><U25/><E25/><V124/><F124/><W82/><G82/><T98/><D83/><U32/><E63/><V107/><F107/><W44/><G44/><T31/><D59/><U37/><E56/><V29/><F62/><W33/><AGARI ba="1,1" hai="8,12,18,27,28,33,51,53,57,80,81,90,93,96" machi="33" ten="20,7800,0" yaku="1,1,0,1,7,1,52,1,53,0" doraHai="9" doraHaiUra="129" who="3" fromWho="3" sc="205,-27,141,-27,479,-27,165,91" /><INIT seed="3,2,0,2,1,75" ten="178,114,452,256" oya="3" hai0="7,23,11,81,88,113,54,102,55,120,26,112,132" hai1="109,92,37,123,74,42,25,82,94,105,64,71,47" hai2="18,29,32,22,17,130,93,1,51,110,122,65,2" hai3="127,43,15,20,99,83,13,119,8,85,90,89,21"/><W24/><G119/><T124/><D120/><U103/><E123/><V79/><F122/><W4/><G127/><T108/><D124/><U27/><E109/><V62/><F110/><W33/><G43/><T91/><D132/><U100/><E92/><V80/><F130/><W14/><G33/><T95/><D102/><U66/><E94/><V104/><F104/><W84/><G99/><T86/><D108/><U121/><E121/><V69/><F93/><N who="3" m="54439" /><G21/><T134/><D134/><U87/><E74/><V63/><F63/><W97/><G97/><T60/><D60/><U117/><E117/><V70/><F70/><W39/><G39/><T96/><D113/><U126/><E126/><V56/><F69/><W40/><G40/><T53/><D112/><U19/><E105/><V38/><F38/><W30/><AGARI ba="2,0" hai="4,8,13,14,15,20,24,30,83,85,90" m="54439" machi="30" ten="30,1500,0" yaku="8,1" doraHai="75" who="3" fromWho="3" sc="178,-7,114,-7,452,-7,256,21" /><INIT seed="3,3,0,3,4,63" ten="171,107,445,277" oya="3" hai0="50,65,67,131,15,89,132,117,42,124,55,9,39" hai1="112,5,114,81,99,58,75,0,86,74,80,82,76" hai2="22,62,73,64,79,91,120,35,10,33,36,61,59" hai3="103,96,105,24,34,7,71,128,88,106,29,19,98"/><W118/><G118/><T31/><D117/><U130/><E5/><V92/><F36/><W4/><G128/><T66/><D131/><U102/><E0/><V104/><F104/><W13/><G71/><T20/><D132/><U134/><E58/><V127/><F127/><W107/><G107/><T21/><D124/><U23/><E23/><V56/><F120/><W97/><G97/><T18/><D31/><U45/><E130/><V54/><F22/><W121/><G121/><T108/><D108/><U94/><E45/><V72/><F10/><W60/><G60/><T77/><D77/><U115/><E134/><V47/><F47/><W52/><G52/><T27/><D39/><U87/><E81/><V110/><F110/><W78/><G78/><AGARI ba="3,0" hai="74,75,76,78,80,82,86,87,94,99,102,112,114,115" machi="78" ten="40,8000,1" yaku="9,1,34,3" doraHai="63" who="1" fromWho="3" sc="171,0,107,89,445,0,277,-89" owari="171,-32.9,196,-0.4,445,54.5,188,-21.2" /></mjloggm>