<mjloggm ver="2.3"><GO type="225" lobby="0"/><UN n0="%E9%80%9F%E6%B0%B4%E5%87%9B%E9%A6%99" n1="%E3%81%8F%E3%81%BE%E3%81%96%E3%82%8F" n2="%6D%75%75%6D%75%72%61" n3="%E3%81%9F%E3%81%A3%E3%81%A1%E3%82%87" dan="16,16,17,16" rate="2089.87,2028.10,2201.74,2117.67" sx="F,M,F,M"/><TAIKYOKU oya="0"/><INIT seed="0,0,0,0,0,37" ten="250,250,250,250" oya="0" hai0="20,86,123,43,15,65,78,23,111,90,17,60,50" hai1="77,120,94,32,18,51,100,93,26,66,95,105,41" hai2="49,53,13,27,6,88,72,55,115,5,38,68,133" hai3="96,80,126,39,134,119,52,84,82,0,131,85,91"/><T44/><D123/><U19/><E120/><V106/><F38/><W89/><G0/><T101/><D111/><U21/><E32/><V63/><F115/><W14/><G119/><T83/><D101/><U61/><E77/><V28/><F106/><W69/><G126/><T4/><D4/><U114/><E114/><V33/><F72/><W122/><G122/><T76/><REACH who="0" step="1"/><D20/><REACH who="0" ten="240,250,250,250" step="2"/><U35/><E35/><V12/><F5/><W117/><G117/><T42/><D42/><U132/><E100/><V75/><F6/><W121/><G121/><T128/><D128/><U3/><E41/><V81/><F33/><W127/><G131/><T103/><D103/><U64/><E21/><V104/><F104/><W16/><G127/><T46/><D46/><U113/><E105/><V108/><F108/><W22/><G134/><T25/><D25/><U57/><E26/><V116/><F133/><W1/><G1/><T92/><D92/><U97/><E3/><V124/><F116/><W47/><G47/><T118/><D118/><U135/><E113/><V56/><F124/><W10/><G22/><T87/><D87/><U29/><E132/><V48/><F27/><W71/><G96/><T67/><D67/><N who="1" m="39343" /><E97/><V31/><F75/><W129/><G129/><T73/><D73/><U70/><E135/><V34/><F34/><W45/><G39/><T58/><AGARI ba="0,1" hai="15,17,23,43,44,50,58,60,65,76,78,83,86,90" machi="58" ten="20,12000,1" yaku="1,1,0,1,7,1,8,1,52,1,53,0" doraHai="37" doraHaiUra="24" who="0" fromWho="0" sc="240,130,250,-40,250,-40,250,-40" /><INIT seed="0,1,0,2,3,127" ten="370,210,210,210" oya="0" hai0="75,79,76,54,12,84,74,11,81,105,124,47,106" hai1="85,56,104,87,24,69,51,31,43,134,97,61,55" hai2="62,21,68,126,27,63,25,122,9,103,48,4,113" hai3="32,14,72,128,37,130,29,100,131,13,77,38,45"/><T58/><D124/><U96/><E134/><V53/><F126/><W18/><G100/><T64/><D64/><U23/><E104/><V102/><F122/><W73/><G45/><T89/><D47/><U15/><E15/><N who="3" m="5642" /><G18/><T118/><D118/><U116/><E116/><V98/><F113/><W1/><G1/><T16/><D106/><U114/><E114/><V108/><F108/><W123/><G123/><T33/><D33/><U133/><E133/><V30/><F68/><W59/><G77/><T66/><D66/><U117/><E117/><V44/><F27/><N who="3" m="18495" /><G59/><T10/><D105/><U86/><E69/><V99/><F103/><W52/><G52/><T112/><D112/><U5/><E5/><V46/><F46/><AGARI ba="1,0" hai="23,24,31,43,46,51,55,56,61,85,86,87,96,97" machi="46" ten="40,1300,0" yaku="8,1" doraHai="127" who="1" fromWho="2" sc="370,0,210,16,210,-16,210,0" /><INIT seed="1,0,0,2,0,71" ten="370,226,194,210" oya="1" hai0="108,132,110,54,17,112,37,48,94,77,78,92,29" hai1="20,36,40,35,45,60,56,81,96,58,44,86,65" hai2="130,101,50,124,49,103,98,99,18,133,82,23,32" hai3="34,59,25,121,117,97,10,57,46,33,102,134,95"/><U2/><E35/><V47/><F32/><W122/><G121/><T63/><D63/><U118/><E118/><V26/><F124/><W0/><G122/><T113/><D29/><U135/><E135/><V16/><F133/><W8/><G134/><T91/><D17/><U73/><E2/><V93/><F130/><W120/><G120/><T87/><D37/><U41/><E73/><V7/><F7/><W42/><G117/><T127/><D92/><U125/><E96/><V38/><F82/><W88/><G33/><T105/><D105/><U107/><E20/><V106/><REACH who="2" step="1"/><F18/><REACH who="2" ten="370,226,184,210" step="2"/><W76/><G0/><T72/><D127/><U85/><E125/><V52/><F52/><W12/><G76/><T53/><D132/><U129/><E129/><V51/><F51/><W61/><G34/><T15/><D54/><U83/><E81/><V1/><F1/><W27/><G61/><T22/><D53/><U5/><E5/><V70/><F70/><W66/><G66/><T9/><D48/><U123/><E123/><V119/><F119/><W75/><G75/><T90/><D113/><U115/><E115/><V100/><F100/><W67/><G102/><T62/><D112/><U68/><E83/><V24/><F24/><W4/><G67/><T6/><D6/><U109/><E68/><V84/><F84/><W43/><G25/><T11/><D87/><U14/><E65/><V3/><F3/><N who="3" m="31" /><G27/><T128/><D72/><U111/><E60/><V131/><F131/><W13/><G13/><T114/><D128/><U55/><E14/><V39/><F39/><N who="3" m="21855" /><G43/><AGARI ba="0,1" hai="16,23,26,38,43,47,49,50,93,98,99,101,103,106" machi="43" ten="40,5200,0" yaku="1,1,52,1,54,1,53,0" doraHai="71" doraHaiUra="31" who="2" fromWho="3" sc="370,0,226,0,184,62,210,-52" /><INIT seed="2,0,0,0,0,10" ten="370,226,246,158" oya="2" hai0="28,11,29,103,48,23,98,67,127,84,83,33,32" hai1="95,46,2,87,125,90,43,41,39,96,20,105,1" hai2="16,78,58,22,54,73,57,24,131,15,85,7,21" hai3="89,14,51,17,31,50,52,93,107,79,34,45,126"/><V68/><F131/><W108/><G107/><T71/><D127/><U75/><E125/><V99/><F68/><W101/><G126/><T63/><D48/><U102/><E43/><V0/><F73/><W6/><G108/><T56/><D71/><U91/><E75/><V112/><F0/><W35/><G31/><T26/><D28/><U117/><E117/><V61/><F112/><W65/><G79/><T4/><D84/><U134/><E134/><V8/><F99/><W66/><G6/><T106/><D83/><U135/><E135/><V100/><F100/><W94/><G101/><T70/><D70/><U37/><E37/><V86/><F78/><W77/><G77/><T59/><D59/><U81/><E20/><V133/><F133/><W44/><G34/><T9/><D9/><U121/><E121/><V120/><F120/><W130/><G94/><T123/><D123/><U115/><E115/><V30/><F58/><W5/><G5/><T80/><D80/><U76/><E76/><V92/><F92/><W47/><G35/><T132/><D132/><U116/><E116/><V18/><F7/><W104/><G104/><T111/><D111/><U42/><E1/><AGARI ba="0,0" hai="1,4,11,23,26,29,32,33,56,63,67,98,103,106" machi="1" ten="30,1000,0" yaku="7,1" doraHai="10" who="0" fromWho="1" sc="370,10,226,-10,246,0,158,0" /><INIT seed="3,0,0,4,4,30" ten="380,216,246,158" oya="3" hai0="114,18,123,118,48,130,129,4,55,43,100,29,20" hai1="27,17,124,14,45,54,19,53,68,95,96,99,79" hai2="86,3,112,98,41,31,23,125,33,111,85,70,94" hai3="10,119,51,88,120,80,115,117,108,57,13,132,84"/><W2/><G120/><T109/><D109/><U26/><E68/><V22/><F112/><W113/><G108/><T106/><D43/><U58/><E124/><V102/><F111/><W73/><G132/><T110/><D110/><U127/><E127/><V103/><F70/><W9/><G73/><T0/><D29/><U131/><E131/><V89/><F3/><W32/><G32/><T24/><D123/><U90/><E79/><V101/><F125/><W74/><G74/><T47/><D118/><U49/><E99/><V11/><F11/><W107/><G107/><T6/><D0/><U46/><E19/><V135/><F135/><W21/><G117/><T25/><D25/><N who="1" m="9227" /><E54/><V121/><F33/><W36/><G119/><T44/><D44/><U134/><E134/><V72/><F72/><W40/><G36/><T12/><D12/><U38/><E38/><V76/><F41/><W15/><G2/><T39/><D39/><U7/><E7/><V82/><F121/><W1/><G1/><T5/><D114/><U91/><E91/><N who="2" m="55647" /><F31/><W122/><G122/><T67/><D67/><U128/><E128/><N who="0" m="49257" /><D100/><U50/><E50/><V28/><F28/><W105/><G105/><AGARI ba="0,0" hai="4,5,6,18,20,24,47,48,55,105,106" m="49257" machi="105" ten="30,1000,0" yaku="19,1" doraHai="30" who="0" fromWho="3" sc="380,10,216,0,246,0,158,-10" owari="390,49.0,216,-18.4,246,4.6,148,-35.2" /></mjloggm>