<mjloggm ver="2.3"><GO type="225" lobby="0"/><UN n0="%E3%82%B2%E3%82%B9%E8%8C%82%E5%8B%9D" n1="%E5%8F%AF%E5%85%90%E9%82%A3%E7%94%B1%E5%A4%9A" n2="%E3%82%BC%E3%83%AB%E3%83%80%E3%81%AE%E4%BC%9D%E8%AA%AC" n3="%72%69%6F%75%63%68%61%6E" dan="16,17,17,17" rate="2060.46,2231.11,2141.81,2138.99" sx="F,F,M,M"/><TAIKYOKU oya="0"/><INIT seed="0,0,0,0,1,111" ten="250,250,250,250" oya="0" hai0="78,72,80,98,90,47,122,38,0,130,132,124,70" hai1="37,32,114,119,59,121,113,135,106,11,20,58,1" hai2="97,71,109,33,134,35,34,36,9,83,57,73,88" hai3="120,63,108,115,81,118,43,12,67,22,102,66,14"/><T128/><D70/><U116/><E106/><V107/><F71/><W49/><G115/><N who="1" m="44042" /><E121/><V64/><F109/><W112/><G112/><T42/><D122/><U7/><E32/><V39/><F134/><W53/><G118/><N who="1" m="45098" /><E135/><V54/><F64/><W99/><G67/><T3/><D132/><U129/><E129/><N who="0" m="49769" /><D124/><U123/><E123/><V21/><F21/><W40/><G22/><T131/><N who="0" m="49777" /><T91/><DORA hai="29" /><D98/><U2/><E37/><V65/><F9/><W26/><G99/><T44/><D44/><U84/><E1/><AGARI ba="0,0" hai="0,1,3,38,42,47,72,78,80,90,91" m="49777" machi="1" ten="40,2000,0" yaku="19,1" doraHai="111,29" who="0" fromWho="1" sc="250,20,250,-20,250,0,250,0" /><INIT seed="0,1,0,2,0,114" ten="270,230,250,250" oya="0" hai0="34,117,13,122,88,108,26,97,126,70,8,95,112" hai1="124,15,121,80,33,135,74,25,123,66,106,87,40" hai2="44,24,83,90,20,68,39,119,118,133,92,127,59" hai3="98,42,86,16,76,63,125,21,27,36,89,41,45"/><T134/><D117/><N who="2" m="44554" /><F127/><W81/><G41/><T49/><D112/><U37/><E106/><V17/><F133/><W1/><G1/><T2/><D122/><U102/><E102/><V101/><F68/><W82/><G125/><T85/><D126/><U7/><E74/><V61/><F101/><W9/><G9/><T75/><D134/><U73/><E73/><V79/><F44/><W57/><G98/><T67/><D75/><U93/><E135/><V78/><F83/><W116/><G116/><T22/><D34/><U51/><E33/><V52/><F39/><W31/><G31/><T130/><D130/><U12/><E37/><V96/><AGARI ba="1,0" hai="17,20,24,52,59,61,78,79,90,92,96" m="44554" machi="96" ten="30,12000,2" yaku="25,1,12,1,52,3,54,1" doraHai="114" who="2" fromWho="2" sc="270,-61,230,-31,250,123,250,-31" /><INIT seed="1,0,0,4,3,30" ten="209,199,373,219" oya="1" hai0="134,33,27,9,79,20,60,67,42,0,99,13,65" hai1="90,53,132,104,43,58,128,102,45,28,59,38,86" hai2="103,123,14,126,85,88,35,2,32,122,75,114,63" hai3="95,92,47,129,80,36,64,55,78,69,106,7,66"/><U46/><E128/><V44/><F2/><W131/><G106/><T21/><D134/><U89/><E132/><V62/><F75/><W24/><G7/><T71/><D0/><U12/><E90/><V94/><F126/><W110/><G110/><T54/><D42/><U31/><E46/><V48/><F103/><W22/><G69/><T11/><D79/><U57/><E53/><V72/><F72/><W61/><G36/><T115/><D115/><U26/><E12/><V25/><F114/><W121/><G121/><T68/><D54/><U105/><E102/><V96/><F14/><W130/><G47/><T124/><D124/><U91/><E91/><V1/><F1/><W76/><G55/><T8/><D99/><U117/><E31/><V127/><F127/><W118/><G118/><T29/><REACH who="0" step="1"/><D13/><REACH who="0" ten="199,199,373,219" step="2"/><U82/><REACH who="1" step="1"/><E117/><REACH who="1" ten="199,189,373,219" step="2"/><V73/><F96/><W5/><G131/><T83/><D83/><U56/><N who="1" m="14336" /><DORA hai="125" /><U84/><E84/><V23/><F73/><W101/><G80/><T37/><D37/><U112/><E112/><V39/><F39/><W135/><G135/><T111/><D111/><U119/><E119/><V100/><F85/><W107/><G130/><T70/><D70/><U113/><E113/><V109/><F109/><W4/><G129/><T15/><D15/><U10/><E10/><V49/><F122/><W18/><G78/><T77/><D77/><U116/><E116/><V120/><F120/><W98/><G76/><T3/><D3/><U133/><E133/><V93/><F123/><W51/><G98/><T50/><D50/><U97/><E97/><RYUUKYOKU ba="0,2" sc="199,15,189,15,373,-15,219,-15" hai0="8,9,11,20,21,27,29,33,60,65,67,68,71" hai1="26,28,38,43,45,82,86,89,104,105" /><INIT seed="1,1,2,2,5,121" ten="214,204,358,204" oya="1" hai0="101,16,107,79,48,45,118,127,17,99,122,29,113" hai1="13,89,6,65,10,111,37,18,67,117,1,131,60" hai2="11,72,38,62,51,82,77,9,4,15,110,59,70" hai3="76,68,69,95,61,47,106,27,102,32,22,100,44"/><U40/><E117/><V108/><F38/><W24/><G106/><T125/><D118/><U41/><E131/><V64/><F51/><W88/><G76/><T116/><D116/><U20/><E111/><N who="2" m="42539" /><F9/><W31/><G44/><T124/><D113/><U130/><E130/><V5/><F5/><W97/><G47/><T133/><D133/><U57/><E37/><V109/><N who="2" m="42547" /><V34/><DORA hai="98" /><F34/><W26/><G26/><T87/><D29/><U92/><REACH who="1" step="1"/><E67/><REACH who="1" ten="214,194,358,204" step="2"/><V0/><F70/><W104/><G61/><T123/><D122/><U8/><E8/><V126/><F126/><W49/><G49/><T132/><D123/><U103/><E103/><V71/><F71/><W7/><G102/><T119/><D119/><U46/><E46/><V54/><F64/><W81/><G68/><T42/><D132/><U3/><E3/><AGARI ba="1,3" hai="0,3,4,11,15,54,59,62,72,77,82" m="42547" machi="3" ten="40,8000,1" yaku="14,1,52,4" doraHai="121,98" who="2" fromWho="1" sc="214,0,194,-83,358,113,204,0" /><INIT seed="2,0,0,0,5,133" ten="214,111,471,204" oya="2" hai0="33,51,78,5,14,73,95,119,42,92,28,4,99" hai1="13,69,115,106,3,77,32,38,24,29,35,21,61" hai2="81,68,67,89,54,66,9,44,75,8,46,130,49" hai3="90,80,48,11,59,96,127,10,87,108,2,123,129"/><V116/><F116/><W60/><G127/><T126/><D126/><U53/><E115/><V121/><F121/><W45/><G123/><T43/><D119/><U64/><E3/><V101/><F130/><W91/><G108/><T0/><D0/><U72/><E38/><V26/><F101/><W30/><G129/><T58/><D78/><U83/><E106/><V37/><F68/><W62/><G30/><T50/><D73/><U25/><E13/><V132/><F132/><W71/><G71/><T118/><D118/><U41/><E41/><V1/><F26/><W63/><G2/><T97/><D28/><U112/><E112/><V85/><F75/><W17/><G59/><T111/><D14/><U114/><E114/><V47/><F37/><W6/><G17/><T135/><D135/><U57/><REACH who="1" step="1"/><E25/><REACH who="1" ten="214,101,471,204" step="2"/><V82/><F1/><W98/><G6/><T122/><D122/><U93/><E93/><V84/><F81/><W88/><G98/><T15/><D97/><U131/><E131/><V125/><F125/><W110/><G110/><T74/><D99/><U105/><E105/><V102/><F82/><W56/><G96/><T109/><D111/><U31/><E31/><V117/><F117/><W55/><G45/><T12/><D109/><U65/><E65/><V128/><F66/><W39/><G39/><T36/><D36/><U100/><E100/><V86/><F67/><W27/><G27/><T76/><D4/><U22/><E22/><V18/><F102/><W34/><G34/><T40/><D5/><U94/><E94/><N who="2" m="54567" /><F128/><W19/><G10/><T107/><D33/><RYUUKYOKU ba="0,1" sc="214,-15,101,15,471,-15,204,15" hai1="21,24,29,32,35,53,57,61,64,69,72,77,83" hai3="11,19,48,55,56,60,62,63,80,87,88,90,91" /><INIT seed="3,1,1,5,5,98" ten="199,116,456,219" oya="3" hai0="47,121,22,50,43,14,37,51,112,102,88,16,109" hai1="86,101,111,2,5,67,113,49,96,3,92,52,24" hai2="13,95,116,76,46,18,99,20,126,134,27,97,94" hai3="8,59,106,122,57,25,120,118,0,69,63,32,7"/><W80/><G118/><T125/><D109/><U114/><E111/><V45/><F116/><W68/><G106/><T73/><D121/><U29/><E67/><V72/><F126/><W4/><G4/><T64/><D125/><U53/><E53/><V84/><F72/><W85/><G57/><T10/><D112/><U33/><E2/><V75/><F75/><W83/><G83/><T104/><D73/><U30/><E30/><N who="2" m="17767" /><F134/><W93/><G93/><N who="2" m="35337" /><F84/><W48/><G48/><T103/><D104/><U124/><E124/><V58/><F76/><W119/><G119/><T44/><D64/><U21/><E33/><V39/><F39/><W123/><G25/><N who="0" m="14535" /><D37/><U62/><E62/><V1/><F1/><W54/><REACH who="3" step="1"/><G32/><REACH who="3" ten="199,116,456,209" step="2"/><T65/><D65/><U34/><E34/><V6/><F6/><W56/><G56/><T55/><D88/><AGARI ba="1,2" hai="0,7,8,54,59,63,68,69,80,85,88,120,122,123" machi="88" ten="40,3900,0" yaku="1,1,54,1,53,0" doraHai="98" doraHaiUra="132" who="3" fromWho="0" sc="199,-42,116,0,456,0,209,62" /><INIT seed="3,2,0,1,1,34" ten="157,116,456,271" oya="3" hai0="62,58,77,2,8,100,68,23,99,17,9,72,47" hai1="131,102,121,109,26,1,57,115,6,127,63,69,128" hai2="24,82,80,90,61,3,111,28,112,29,37,39,97" hai3="126,134,104,40,30,86,87,71,59,93,43,19,135"/><W22/><G71/><T118/><D68/><U125/><E115/><V48/><F112/><W11/><G104/><T101/><D118/><U81/><E121/><V74/><F111/><W51/><G126/><N who="1" m="48138" /><E69/><V78/><F48/><W122/><G122/><T0/><D47/><U54/><E109/><V113/><F113/><W83/><G30/><T41/><D41/><U133/><E133/><N who="3" m="50698" /><G11/><T45/><D45/><U35/><E102/><V53/><F29/><W27/><G93/><T15/><D101/><U107/><E107/><V73/><F73/><W25/><G25/><T12/><D72/><U16/><E81/><V116/><F116/><W132/><N who="3" m="50706" /><W91/><DORA hai="103" /><G87/><T21/><D77/><U32/><E32/><V130/><F24/><W64/><G64/><T70/><D70/><U119/><E119/><V85/><F28/><W49/><G49/><T120/><D120/><U76/><E35/><V4/><F97/><W117/><G117/><T67/><D8/><N who="1" m="2127" /><E76/><V105/><F105/><W75/><G75/><T124/><D124/><U52/><E54/><AGARI ba="2,0" hai="19,22,27,40,43,51,54,59,83,86,91" m="50706" machi="54" ten="40,2000,0" yaku="20,1" doraHai="34,103" who="3" fromWho="1" sc="157,0,116,-26,456,0,271,26" /><INIT seed="3,3,0,3,4,106" ten="157,90,456,297" oya="3" hai0="90,66,64,32,93,102,58,47,6,94,120,99,56" hai1="20,31,127,35,80,68,5,15,29,50,1,3,21" hai2="126,116,85,97,43,101,4,74,67,84,71,19,133" hai3="61,96,128,119,37,130,92,8,55,123,122,34,113"/><W108/><G34/><T69/><D120/><U111/><E68/><V132/><F116/><W63/><G113/><T78/><D32/><U114/><E114/><V83/><F126/><W86/><G119/><T33/><D33/><U121/><E121/><V17/><F4/><W115/><G115/><T59/><D69/><U30/><E127/><V131/><F131/><N who="3" m="50219" /><G37/><T48/><D6/><U51/><E80/><V129/><F129/><W7/><G108/><T95/><D78/><U10/><E51/><V100/><F43/><W36/><G36/><T40/><D94/><U112/><E50/><V42/><F42/><W134/><G134/><T28/><D28/><N who="1" m="10859" /><E112/><V104/><F71/><W88/><G86/><AGARI ba="3,0" hai="40,47,48,56,58,59,64,66,86,90,93,95,99,102" machi="86" ten="40,1300,0" yaku="8,1" doraHai="106" who="0" fromWho="3" sc="157,22,90,0,456,0,297,-22" owari="179,-22.1,90,-41.0,456,55.6,275,7.5" /></mjloggm>