<mjloggm ver="2.3"><GO type="225" lobby="0"/><UN n0="%E7%89%B9%E6%9D%B1%E3%81%AF%E4%B8%96%E7%95%8C%E3%82%92%E6%95%91%E3%81%86" n1="%E6%80%AA%E3%81%97%E3%81%99%E3%81%8E%E3%82%8B%E3%83%81%E3%83%BC" n2="%E3%81%86%E3%82%8B%E3%81%8A%E3%81%A1%E3%82%83" n3="%E3%81%95%E3%81%8D%E3%81%9F%E3%81%BE%E6%9E%97%E6%AA%8E" dan="16,16,16,16" rate="2165.50,2119.83,2094.22,2140.52" sx="M,M,F,M"/><TAIKYOKU oya="0"/><INIT seed="0,0,0,0,3,124" ten="250,250,250,250" oya="0" hai0="126,81,31,68,32,105,84,91,125,28,63,55,132" hai1="52,108,115,94,73,7,109,24,60,45,76,121,123" hai2="119,77,67,15,89,16,29,47,129,53,65,35,106" hai3="51,61,69,54,134,85,100,103,46,10,1,111,70"/><T40/><D105/><U39/><E115/><V21/><F106/><W48/><G111/><N who="1" m="42570" /><E7/><V92/><F77/><W22/><G134/><T99/><D132/><U97/><E24/><N who="2" m="16527" /><F35/><W36/><G36/><T6/><D40/><N who="1" m="22687" /><E76/><V56/><F47/><W130/><G1/><T27/><D31/><U131/><E131/><V135/><F119/><W58/><G130/><T3/><D99/><U101/><E73/><V13/><F13/><W33/><G33/><T122/><D122/><U120/><E120/><V5/><F5/><W102/><G10/><T104/><D104/><U74/><E74/><V83/><F83/><W57/><G22/><T23/><D32/><U133/><E133/><V44/><F44/><W114/><G114/><T107/><D107/><U2/><E2/><V50/><F129/><W11/><G11/><T62/><D68/><U42/><E42/><V9/><F135/><W72/><G72/><T17/><D28/><U66/><E52/><V90/><F90/><W71/><G85/><AGARI ba="0,0" hai="9,15,16,50,53,56,65,67,85,89,92" m="16527" machi="85" ten="30,2000,0" yaku="8,1,54,1" doraHai="124" who="2" fromWho="3" sc="250,0,250,0,250,20,250,-20" /><INIT seed="1,0,0,1,3,33" ten="250,250,270,230" oya="1" hai0="118,121,74,31,91,15,55,42,62,100,36,107,84" hai1="109,21,28,35,5,7,26,88,8,39,114,12,73" hai2="134,96,97,11,46,51,105,41,79,40,27,70,67" hai3="32,80,50,101,122,16,135,9,19,24,93,3,38"/><U17/><E73/><V110/><F105/><W66/><G122/><T22/><D118/><U123/><E39/><V83/><F70/><W45/><G38/><T10/><D74/><U116/><E123/><V75/><F67/><W1/><G66/><T29/><D121/><U2/><E116/><V126/><F41/><W99/><G32/><T95/><D107/><U117/><E117/><V111/><F126/><W106/><G106/><T69/><D100/><U47/><E114/><V78/><F78/><W68/><G68/><T58/><D69/><U52/><E109/><N who="2" m="41483" /><F134/><W112/><G112/><T61/><D61/><U60/><E7/><V63/><F63/><W89/><G135/><T92/><D92/><U25/><E88/><V127/><F127/><W77/><G24/><T132/><D22/><U82/><E82/><V0/><F27/><W56/><G56/><T87/><D87/><U18/><E47/><V128/><F128/><W6/><G101/><T14/><D132/><U65/><E65/><V23/><F23/><W72/><REACH who="3" step="1"/><G1/><REACH who="3" ten="250,250,270,220" step="2"/><T76/><D58/><U71/><E71/><V43/><F0/><W113/><G113/><T4/><D15/><U64/><E64/><V49/><F11/><W125/><G125/><T20/><D10/><U131/><E26/><V53/><F49/><W13/><G13/><T115/><D14/><U130/><E17/><V34/><F34/><W48/><G48/><T30/><D36/><U57/><AGARI ba="0,1" hai="2,5,8,12,18,21,25,28,35,52,57,60,130,131" machi="57" ten="30,12000,1" yaku="0,1,24,2,52,1,54,1" doraHai="33" who="1" fromWho="1" sc="250,-40,250,130,270,-40,220,-40" /><INIT seed="1,1,0,5,4,104" ten="210,380,230,180" oya="1" hai0="25,3,24,38,91,64,7,48,10,96,123,79,17" hai1="90,5,93,43,76,75,100,131,50,51,133,135,13" hai2="126,32,127,87,77,16,84,70,115,21,129,68,116" hai3="103,46,19,0,15,111,53,119,132,56,47,31,63"/><U86/><E131/><V71/><F32/><W118/><G0/><T82/><D38/><U58/><E43/><V72/><F116/><N who="3" m="44587" /><G103/><T9/><D123/><U28/><E28/><V114/><F129/><W120/><G120/><T83/><D64/><U18/><E5/><V49/><F49/><W52/><G132/><N who="1" m="50762" /><E58/><V134/><F134/><W34/><G111/><T57/><D57/><U81/><E100/><V55/><F55/><W37/><G53/><T74/><D48/><U2/><E2/><V108/><F108/><W89/><G37/><T94/><REACH who="0" step="1"/><D83/><REACH who="0" ten="200,380,230,180" step="2"/><U101/><E51/><V105/><F70/><W106/><G47/><T88/><D88/><U98/><E50/><V41/><F71/><W8/><G46/><T65/><D65/><U122/><E122/><V29/><F68/><W23/><G89/><T80/><D80/><U97/><E101/><V107/><F41/><W61/><G61/><T95/><D95/><U44/><E44/><V73/><F107/><W4/><G106/><T14/><AGARI ba="1,1" hai="3,7,9,10,14,17,24,25,74,79,82,91,94,96" machi="14" ten="30,7900,0" yaku="1,1,0,1,52,1,53,1" doraHai="104" doraHaiUra="1" who="0" fromWho="0" sc="200,92,380,-40,230,-21,180,-21" /><INIT seed="2,0,0,1,4,120" ten="292,340,209,159" oya="2" hai0="12,100,71,135,54,74,94,77,32,79,33,37,76" hai1="111,66,118,3,89,10,21,122,35,83,62,130,30" hai2="0,28,116,81,69,16,92,59,82,102,129,75,14" hai3="132,107,65,17,91,126,36,110,119,27,105,84,73"/><V38/><F69/><W20/><G119/><T7/><D74/><U15/><E111/><V24/><F0/><W40/><G73/><T22/><D37/><U115/><E115/><V64/><F38/><W55/><G65/><T98/><D71/><U72/><E130/><V47/><F47/><W67/><G67/><T133/><D54/><U4/><E118/><V41/><F41/><W50/><G132/><N who="0" m="50763" /><D7/><U96/><E72/><V99/><F75/><W19/><G126/><T128/><D128/><U6/><E6/><V52/><F116/><W25/><G110/><T103/><D103/><U117/><E122/><V60/><F129/><W26/><G36/><T9/><D9/><U125/><E125/><V131/><F64/><W49/><G40/><T78/><D78/><U61/><E66/><V34/><REACH who="2" step="1"/><F131/><REACH who="2" ten="292,340,199,159" step="2"/><W93/><G55/><T45/><D45/><U114/><E117/><V18/><F18/><AGARI ba="0,1" hai="12,18,22,32,33,76,77,79,94,98,100" m="50763" machi="18" ten="30,1000,0" yaku="20,1" doraHai="120" who="0" fromWho="2" sc="292,20,340,0,199,-10,159,0" /><INIT seed="3,0,0,5,4,90" ten="312,340,189,159" oya="3" hai0="76,126,72,122,108,134,41,66,12,32,52,59,18" hai1="123,102,115,46,50,5,84,74,107,17,130,120,97" hai2="36,101,116,43,89,22,121,4,85,94,7,99,3" hai3="69,38,39,110,20,61,82,30,81,71,0,56,48"/><W33/><G0/><T8/><D122/><U112/><E74/><V128/><F116/><W135/><G33/><T75/><D32/><U80/><E130/><V23/><F128/><W87/><G30/><T86/><D108/><U53/><E5/><V125/><F125/><W45/><G20/><T68/><D126/><U58/><E120/><V51/><F36/><N who="3" m="13867" /><G87/><T6/><D41/><U91/><E123/><V40/><F121/><W118/><G118/><T65/><D68/><N who="3" m="26185" /><G110/><T9/><D134/><U37/><E37/><V124/><F124/><W11/><G11/><T127/><D127/><U42/><E17/><V79/><F79/><W73/><G73/><T60/><D75/><U16/><E16/><V104/><F40/><N who="3" m="24615" /><G135/><T111/><D72/><U96/><E96/><V119/><F119/><W95/><G95/><T15/><D111/><U98/><E98/><V129/><F129/><W92/><G92/><T131/><D131/><U31/><E31/><V63/><F63/><W54/><G82/><AGARI ba="0,0" hai="6,8,9,12,15,18,52,59,60,65,66,76,82,86" machi="82" ten="40,2600,0" yaku="8,1,54,1" doraHai="90" who="0" fromWho="3" sc="312,26,340,0,189,0,159,-26" owari="338,13.8,340,44.0,189,-21.1,133,-36.7" /></mjloggm>