<mjloggm ver="2.3"><GO type="225" lobby="0"/><UN n0="%E3%82%BC%E3%83%AB%E3%83%80%E3%81%AE%E4%BC%9D%E8%AA%AC" n1="%56%65%6E%75%73%53%61%79" n2="%E3%81%BF%E3%81%BF%E3%81%9A" n3="%E3%81%A9%E3%82%8F%E3%82%93%E3%81%94" dan="16,16,17,16" rate="2207.14,2179.36,2225.96,2116.66" sx="M,M,M,M"/><TAIKYOKU oya="0"/><INIT seed="0,0,0,4,1,128" ten="250,250,250,250" oya="0" hai0="10,131,37,127,107,22,27,66,133,2,46,89,101" hai1="12,31,83,82,73,18,42,6,106,14,80,99,96" hai2="3,120,87,88,117,98,113,72,5,36,20,26,11" hai3="15,78,9,129,118,49,43,68,104,69,81,25,114"/><T95/><D131/><U50/><E73/><V125/><F120/><W100/><G129/><T97/><D127/><U8/><E31/><V48/><F113/><W54/><G118/><T24/><D66/><U112/><E112/><V30/><F36/><W116/><G116/><T108/><D108/><U45/><REACH who="1" step="1"/><E106/><REACH who="1" ten="250,240,250,250" step="2"/><V65/><F72/><W93/><G114/><T17/><D133/><U34/><E34/><V16/><F117/><W67/><G104/><T0/><D27/><U57/><E57/><V47/><F125/><W102/><G25/><T84/><REACH who="0" step="1"/><D10/><AGARI ba="0,1" hai="6,8,10,12,14,18,42,45,50,80,82,83,96,99" machi="10" ten="40,2600,0" yaku="1,1,8,1,53,0" doraHai="128" doraHaiUra="62" who="1" fromWho="0" sc="250,-26,240,36,250,0,250,0" /><INIT seed="1,0,0,3,0,135" ten="224,276,250,250" oya="1" hai0="17,117,6,2,61,121,93,91,39,32,72,11,85" hai1="38,125,4,127,33,100,102,104,68,67,24,123,50" hai2="22,59,78,82,70,7,111,51,95,3,28,12,118" hai3="23,89,134,34,92,129,112,86,62,44,124,10,110"/><U57/><E123/><V84/><F70/><W120/><G112/><T36/><D117/><U94/><E38/><V80/><F118/><W1/><G120/><T16/><D121/><U58/><E94/><V103/><F111/><W79/><G34/><T52/><D32/><U63/><E4/><V9/><F3/><W133/><G110/><T46/><D72/><U73/><E73/><V65/><F82/><W83/><G129/><T8/><D8/><U37/><E37/><V132/><F132/><N who="3" m="50795" /><G62/><T74/><D74/><U41/><E41/><V5/><F5/><N who="3" m="1327" /><G23/><T99/><D39/><U30/><E102/><V15/><F15/><W60/><G60/><T69/><D99/><N who="1" m="61471" /><E50/><V128/><F128/><W35/><G44/><T56/><REACH who="0" step="1"/><D69/><REACH who="0" ten="214,276,250,250" step="2"/><U97/><E97/><V25/><F103/><W114/><G35/><T113/><D113/><U76/><E76/><V81/><F78/><W90/><G114/><T116/><D116/><U20/><E20/><V126/><F22/><W31/><G79/><T19/><D19/><U14/><E14/><V49/><F12/><W131/><G131/><T43/><AGARI ba="0,1" hai="2,6,11,16,17,36,43,46,52,56,61,85,91,93" machi="43" ten="30,7900,0" yaku="1,1,0,1,54,2,53,0" doraHai="135" doraHaiUra="26" who="0" fromWho="0" sc="214,89,276,-39,250,-20,250,-20" /><INIT seed="2,0,0,1,2,127" ten="303,237,230,230" oya="2" hai0="53,59,99,14,87,30,110,95,82,103,80,105,124" hai1="83,24,125,126,89,20,131,21,43,42,57,62,9" hai2="12,31,135,117,84,17,78,25,28,112,68,76,73" hai3="56,92,108,10,50,134,104,63,97,72,46,120,132"/><V41/><F112/><W121/><G104/><T64/><D110/><U54/><E9/><V74/><F117/><W6/><G72/><T123/><D123/><N who="3" m="47177" /><G92/><T106/><D124/><N who="1" m="47723" /><E131/><V7/><F68/><W19/><G97/><T36/><D36/><U102/><E102/><V88/><F135/><N who="3" m="51755" /><G19/><T39/><D39/><U38/><E38/><V119/><F119/><W5/><G10/><T27/><D64/><U114/><E114/><V79/><F41/><N who="1" m="15369" /><E24/><V26/><F7/><W67/><G108/><T65/><D14/><U115/><E115/><V15/><F74/><W35/><G35/><T29/><D106/><U96/><E96/><V91/><F73/><W32/><G32/><T16/><D105/><U81/><E81/><V11/><F15/><W0/><G0/><T22/><D65/><U23/><E83/><N who="0" m="31785" /><D87/><U116/><E116/><V85/><F84/><W55/><AGARI ba="0,0" hai="5,6,46,50,55,56,63,67" m="51755,47177" machi="55" ten="30,1100,0" yaku="20,1" doraHai="127" who="3" fromWho="3" sc="303,-3,237,-3,230,-5,230,11" /><INIT seed="3,0,0,0,2,69" ten="300,234,225,241" oya="3" hai0="109,62,14,11,75,52,57,45,31,50,48,78,71" hai1="111,27,97,83,10,88,99,4,80,32,0,108,92" hai2="21,39,112,5,96,119,18,86,73,61,65,87,85" hai3="103,130,40,24,70,38,68,101,124,121,6,55,115"/><W79/><G121/><T125/><D109/><N who="1" m="42059" /><E99/><V35/><F112/><W135/><G115/><T94/><D125/><U90/><E90/><V34/><F73/><W37/><G24/><T53/><D71/><N who="3" m="27177" /><G79/><T26/><D94/><U30/><AGARI ba="0,0" hai="0,4,10,27,30,32,80,83,88,92,97" m="42059" machi="30" ten="30,2000,0" yaku="14,1,54,1" doraHai="69" who="1" fromWho="1" sc="300,-5,234,20,225,-5,241,-10" /><INIT seed="4,0,0,3,2,117" ten="295,254,220,231" oya="0" hai0="129,114,84,1,11,48,28,94,70,110,50,13,22" hai1="32,33,102,39,95,120,128,87,106,132,40,5,79" hai2="29,61,83,37,111,77,82,58,113,2,98,121,45" hai3="127,21,75,73,53,35,67,90,42,30,55,26,59"/><T108/><D114/><U19/><E19/><V8/><F111/><N who="0" m="42538" /><D129/><U101/><E95/><V69/><F113/><W6/><G127/><T72/><D70/><U112/><E87/><V78/><F29/><W64/><G42/><T133/><D133/><U4/><E112/><V52/><F98/><W85/><G75/><T124/><D72/><U0/><E40/><N who="2" m="22671" /><F78/><W18/><G73/><T74/><D124/><U93/><E93/><V116/><F116/><W43/><G43/><T17/><D74/><U36/><E79/><V134/><F77/><W130/><G6/><N who="0" m="1487" /><D28/><U12/><E128/><V100/><F100/><W38/><G130/><T24/><D24/><U80/><E132/><V34/><F134/><W15/><G38/><T118/><D118/><U107/><E12/><V126/><F126/><W66/><REACH who="3" step="1"/><G59/><REACH who="3" ten="295,254,220,221" step="2"/><T97/><D84/><U68/><E36/><V56/><F56/><W31/><G31/><T88/><AGARI ba="0,1" hai="13,17,22,48,50,88,94,97" m="1487,42538" machi="88" ten="30,3000,0" yaku="10,1,54,1" doraHai="117" who="0" fromWho="0" sc="295,40,254,-10,220,-10,221,-10" owari="335,43.5,244,4.4,210,-29.0,211,-18.9" /></mjloggm>