<mjloggm ver="2.3"><GO type="225" lobby="0"/><UN n0="%E5%A4%9C%E3%81%AE%E3%82%AC%E3%82%B9%E3%83%91%E3%83%BC%E3%83%AB" n1="%E3%81%8B%E3%82%8F%E3%81%A1%E3%82%83%E3%82%93%35%38" n2="%E3%81%9F%E3%81%8B%E3%81%AE%E3%81%99%E3%81%91" n3="%72%69%6F%75%63%68%61%6E" dan="16,16,17,16" rate="2124.09,2200.14,2135.16,2103.39" sx="M,M,M,M"/><TAIKYOKU oya="0"/><INIT seed="0,0,0,3,1,124" ten="250,250,250,250" oya="0" hai0="55,125,67,54,104,74,23,13,4,25,120,128,63" hai1="84,17,7,35,117,70,106,123,78,33,65,132,71" hai2="9,40,72,47,29,101,86,45,133,27,131,113,100" hai3="36,97,34,102,111,37,130,18,60,95,3,41,2"/><T115/><D115/><U73/><E84/><V114/><F72/><W0/><G130/><T109/><D120/><U93/><E93/><V92/><F9/><W82/><G111/><T90/><D104/><U20/><E20/><V94/><F86/><W50/><G34/><T127/><D74/><U116/><E17/><V88/><F133/><W57/><G50/><T126/><D109/><U24/><E24/><V135/><F135/><W83/><G41/><T52/><D90/><U81/><E132/><V68/><F68/><N who="1" m="26153" /><E65/><V22/><F131/><W43/><G43/><T5/><D128/><U64/><E64/><V39/><F45/><W129/><G129/><T105/><D105/><U1/><E106/><V112/><REACH who="2" step="1"/><F88/><REACH who="2" ten="250,250,240,250" step="2"/><W61/><G0/><T76/><D127/><U11/><E123/><V42/><F42/><W87/><G2/><T28/><D126/><U8/><E8/><V59/><F59/><W10/><G57/><N who="0" m="37359" /><D125/><U77/><E77/><V122/><F122/><W79/><G82/><T56/><D76/><U46/><E46/><V108/><F108/><W110/><G110/><T69/><D69/><U12/><E1/><V62/><F62/><N who="3" m="24171" /><G3/><T44/><D44/><U119/><E73/><V85/><F85/><W91/><G79/><T80/><D80/><U21/><E78/><V30/><F30/><W48/><G48/><N who="0" m="30791" /><D5/><U53/><E81/><V26/><F26/><W107/><G83/><T103/><D103/><AGARI ba="0,1" hai="22,27,29,39,40,47,92,94,100,101,103,112,113,114" machi="103" ten="40,1300,0" yaku="1,1,53,0" doraHai="124" doraHaiUra="14" who="2" fromWho="0" sc="250,-13,250,0,240,23,250,0" /><INIT seed="1,0,0,5,3,91" ten="237,250,263,250" oya="1" hai0="130,49,71,108,10,95,67,75,38,106,8,21,115" hai1="1,62,44,80,31,51,89,111,90,112,6,107,84" hai2="46,4,40,9,11,86,77,118,20,134,129,14,92" hai3="122,83,94,34,125,47,36,74,128,87,88,99,121"/><U65/><E112/><V17/><F118/><W3/><G3/><T127/><D106/><U93/><E107/><V35/><F129/><W73/><G34/><T100/><D38/><U15/><E1/><V114/><F134/><W53/><G128/><T13/><D75/><N who="3" m="28681" /><G53/><T97/><D130/><U101/><E101/><V123/><F114/><W69/><G47/><T116/><D116/><U124/><E31/><V103/><F123/><N who="3" m="47115" /><G69/><T30/><D115/><U126/><E111/><V60/><F35/><W24/><G24/><T120/><D108/><U50/><E6/><V119/><F119/><W39/><G39/><T132/><D120/><U59/><E15/><V117/><F117/><W78/><G36/><T26/><D132/><U37/><E37/><V105/><F105/><W28/><G28/><T81/><D13/><U66/><E66/><V32/><F32/><W33/><G33/><T41/><D67/><U68/><E68/><V56/><F77/><W61/><G61/><T7/><D71/><U22/><E22/><V48/><F4/><W16/><G16/><T57/><D7/><U43/><REACH who="1" step="1"/><E51/><REACH who="1" ten="237,240,263,250" step="2"/><V58/><F60/><W42/><G42/><T25/><D41/><U104/><E104/><V76/><F103/><W82/><G82/><T23/><D81/><U18/><E18/><V109/><F109/><W79/><G125/><T85/><D127/><U133/><E133/><V45/><F48/><W64/><G64/><T70/><D70/><U110/><E110/><V12/><F12/><W2/><G2/><T55/><D30/><U63/><E63/><V98/><F20/><RYUUKYOKU ba="0,1" sc="237,-15,240,15,263,-15,250,15" hai1="43,44,50,59,62,65,80,84,89,90,93,124,126" hai3="78,79,83,87,88,94,99" /><INIT seed="1,1,1,5,1,76" ten="222,255,248,265" oya="1" hai0="29,33,46,102,106,24,39,100,28,65,84,18,96" hai1="10,11,1,47,80,81,57,0,85,112,134,15,104" hai2="126,54,114,21,99,68,26,92,79,22,98,37,121" hai3="20,25,56,72,61,73,13,82,69,30,9,34,53"/><U8/><E112/><V38/><F121/><W87/><G69/><T14/><D102/><U133/><E104/><V118/><F118/><W36/><G36/><T42/><D29/><U115/><E115/><V103/><F68/><W6/><REACH who="3" step="1"/><G34/><REACH who="3" ten="222,255,248,255" step="2"/><T120/><D120/><U116/><E116/><V105/><F114/><W123/><G123/><T63/><D84/><U71/><E71/><V101/><F126/><W17/><G17/><T7/><D7/><U111/><E111/><V83/><F54/><W16/><G16/><T43/><D43/><U64/><E85/><V45/><F37/><W32/><G32/><T4/><D4/><U77/><E134/><V119/><F119/><W125/><G125/><T131/><D131/><U49/><E133/><V108/><F79/><AGARI ba="1,2" hai="6,9,13,20,25,30,53,56,61,72,73,79,82,87" machi="79" ten="30,3900,0" yaku="1,1,7,1,52,1,53,0" doraHai="76" doraHaiUra="12" who="3" fromWho="2" sc="222,0,255,0,248,-42,255,62" /><INIT seed="2,0,0,4,2,114" ten="222,255,206,317" oya="2" hai0="43,34,22,103,0,119,55,38,87,112,14,45,98" hai1="32,42,57,36,92,6,86,61,128,24,104,10,95" hai2="83,39,27,96,115,106,118,65,131,94,67,73,25" hai3="56,31,19,122,3,8,18,89,111,81,1,127,99"/><V109/><F109/><W113/><BYE who="2" /><G122/><T48/><D112/><U97/><E104/><V12/><F12/><W123/><G123/><T107/><D34/><U20/><E32/><V84/><F84/><W75/><G113/><T4/><D0/><U40/><E128/><V135/><F135/><W37/><G37/><T108/><D108/><U133/><E133/><V30/><F30/><W70/><G70/><T129/><D129/><U5/><E86/><V64/><F64/><W17/><G111/><T26/><D87/><U124/><E124/><V88/><F88/><W23/><G127/><T35/><D35/><U93/><E97/><V66/><F66/><W47/><G47/><T121/><D121/><U16/><E36/><V117/><F117/><W62/><G8/><T50/><D119/><U68/><E68/><V29/><F29/><W132/><G132/><T77/><D77/><U21/><E21/><V134/><F134/><W60/><G60/><T126/><D126/><U41/><REACH who="1" step="1"/><E10/><REACH who="1" ten="222,245,206,317" step="2"/><V71/><F71/><W80/><G99/><T54/><D38/><U100/><E100/><V2/><F2/><W13/><G23/><T74/><D22/><U44/><E44/><V72/><F72/><W130/><G75/><T105/><D74/><U102/><E102/><V120/><F120/><W58/><G1/><T49/><D107/><U15/><E15/><V9/><F9/><W101/><G13/><T52/><D26/><U7/><E7/><V46/><F46/><W85/><G3/><T90/><D90/><UN n2="%E3%81%9F%E3%81%8B%E3%81%AE%E3%81%99%E3%81%91" /><U76/><E76/><V91/><F118/><W63/><G130/><RYUUKYOKU ba="0,1" sc="222,15,245,15,206,-15,317,-15" hai0="4,14,43,45,48,49,50,52,54,55,98,103,105" hai1="5,6,16,20,24,40,41,42,57,61,92,93,95" /><INIT seed="3,1,1,4,1,44" ten="237,260,191,302" oya="3" hai0="108,56,87,118,18,0,28,113,89,130,29,112,58" hai1="12,35,59,66,63,85,8,38,9,64,99,84,104" hai2="103,5,48,106,75,39,1,94,7,115,22,97,6" hai3="98,30,83,129,82,47,120,119,33,111,2,124,45"/><W15/><G119/><T132/><D118/><U62/><E38/><V135/><F39/><W42/><G120/><T70/><D70/><U68/><E35/><V90/><F115/><N who="0" m="44106" /><D108/><U76/><E76/><V10/><F135/><W134/><G2/><T100/><D130/><U96/><E104/><V116/><F116/><W78/><G111/><T34/><D132/><U107/><E107/><V20/><F75/><W92/><G134/><T40/><D0/><U60/><E60/><V41/><F10/><W88/><G129/><T31/><D34/><U54/><E54/><V26/><F1/><W114/><G114/><T122/><D122/><U74/><E74/><V105/><F105/><W4/><G124/><T24/><D100/><U49/><E49/><V51/><F41/><W67/><G67/><T131/><D40/><U61/><E61/><V127/><F127/><W93/><G93/><N who="0" m="54463" /><D131/><U95/><E8/><V102/><F22/><AGARI ba="1,1" hai="18,22,24,28,29,31,56,58" m="54463,44106" machi="22" ten="30,1000,0" yaku="11,1" doraHai="44" who="0" fromWho="2" sc="237,23,260,0,191,-13,302,0" owari="260,6.0,260,-14.0,178,-32.2,302,40.2" /></mjloggm>