<mjloggm ver="2.3"><GO type="225" lobby="0"/><UN n0="%E6%A1%9C%E8%8A%B1%E9%96%83%E3%80%85" n1="%E3%83%81%E3%83%AF%E3%83%AF%E9%9A%8A%E9%95%B7" n2="%E6%81%A5%E6%99%92%E3%81%97" n3="%6D%75%75%73%61%6E%6D%75" dan="16,17,16,16" rate="2202.60,2194.62,2078.72,2130.02" sx="M,M,M,F"/><TAIKYOKU oya="0"/><INIT seed="0,0,0,1,3,12" ten="250,250,250,250" oya="0" hai0="121,130,97,20,39,109,26,69,54,40,100,126,90" hai1="105,115,78,56,131,38,88,59,92,51,77,10,96" hai2="102,116,82,58,5,53,65,60,28,17,4,11,119" hai3="95,127,35,50,14,31,120,103,98,6,74,47,62"/><T79/><D121/><U76/><E38/><V52/><F28/><W84/><G120/><T24/><D69/><U45/><E115/><V15/><F102/><W0/><G74/><T94/><D126/><U64/><E131/><V37/><F37/><W80/><G127/><T30/><D130/><U132/><E132/><V32/><F32/><W112/><G112/><T75/><D109/><U85/><E64/><V18/><F82/><W66/><G0/><T36/><D54/><U128/><E128/><V70/><F5/><W29/><G35/><T81/><D40/><U124/><E124/><V48/><REACH who="2" step="1"/><F53/><REACH who="2" ten="250,250,240,250" step="2"/><W49/><G29/><T42/><D42/><N who="1" m="25015" /><E105/><V91/><F91/><W118/><G31/><T1/><D1/><U67/><E88/><V33/><F33/><W108/><G108/><T114/><D114/><U89/><E89/><V44/><F44/><W123/><G47/><T107/><REACH who="0" step="1"/><D26/><REACH who="0" ten="240,250,240,250" step="2"/><U34/><E67/><V63/><F63/><W25/><G25/><T9/><D9/><U111/><E10/><V106/><F106/><W68/><G123/><T135/><D135/><U41/><E111/><V129/><F129/><W22/><G62/><T2/><D2/><U57/><E41/><V133/><F133/><W7/><G66/><T21/><D21/><U8/><E8/><V55/><F55/><W134/><G134/><T72/><D72/><U113/><E113/><V13/><F13/><W3/><G14/><T23/><D23/><U87/><E34/><V16/><AGARI ba="0,2" hai="4,11,15,16,17,18,48,52,58,60,65,70,116,119" machi="16" ten="30,16000,3" yaku="1,1,0,1,52,3,54,2,53,1" doraHai="12" doraHaiUra="46" who="2" fromWho="2" sc="240,-80,250,-40,240,180,250,-40" /><INIT seed="1,0,0,5,5,73" ten="160,210,420,210" oya="1" hai0="42,93,108,114,37,82,88,94,80,92,119,55,57" hai1="31,122,91,121,56,20,60,29,66,72,68,113,90" hai2="105,87,65,54,89,11,46,17,85,41,34,49,78" hai3="71,123,74,104,102,61,127,32,130,26,109,22,110"/><U69/><E113/><V63/><F105/><W64/><G123/><T35/><D114/><U24/><E72/><V18/><F34/><W4/><G74/><T39/><D119/><U44/><E29/><V124/><F124/><W8/><G127/><T47/><D108/><U30/><E30/><V111/><F111/><W75/><G75/><T38/><D35/><U98/><E44/><V6/><F54/><W33/><G33/><T129/><D129/><U36/><E36/><V115/><F115/><W7/><G130/><T103/><D103/><U67/><E90/><V107/><F107/><W96/><G7/><T100/><D100/><U116/><E116/><V132/><F132/><W126/><G126/><T43/><D47/><U133/><E133/><V76/><F6/><W21/><G21/><T13/><D13/><U27/><E27/><V95/><F87/><W135/><G135/><T84/><REACH who="0" step="1"/><D82/><REACH who="0" ten="150,210,420,210" step="2"/><U16/><E122/><V0/><F0/><W9/><G32/><T59/><D59/><U19/><E121/><V77/><REACH who="2" step="1"/><F11/><REACH who="2" ten="150,210,410,210" step="2"/><W52/><G9/><T10/><D10/><U118/><E118/><V1/><F1/><W23/><G109/><T106/><D106/><U86/><E20/><V3/><F3/><N who="3" m="31" /><G110/><T14/><D14/><U45/><E24/><V25/><F25/><W128/><G128/><T40/><D40/><U5/><E5/><V97/><F97/><W2/><G2/><T120/><D120/><U28/><E98/><V131/><F131/><W48/><G26/><T79/><D79/><U117/><E117/><V50/><F50/><AGARI ba="0,2" hai="37,38,39,42,43,50,55,57,80,84,88,92,93,94" machi="50" ten="50,3200,0" yaku="1,1,54,1,53,0" doraHai="73" doraHaiUra="15" who="0" fromWho="2" sc="150,52,210,0,410,-32,210,0" /><INIT seed="2,0,0,3,2,31" ten="202,210,378,210" oya="2" hai0="94,88,51,3,83,40,23,43,129,44,62,132,47" hai1="53,48,16,58,80,26,68,84,120,9,135,28,126" hai2="113,46,97,127,96,111,11,45,103,130,65,71,122" hai3="13,74,69,128,30,63,35,18,90,8,108,1,22"/><V89/><F113/><W15/><G74/><T85/><D132/><U79/><E68/><V32/><F122/><W104/><G104/><T21/><D129/><U112/><E112/><V100/><F11/><W86/><G128/><T116/><D3/><U7/><E135/><V124/><F130/><W123/><G123/><T133/><D133/><U10/><E120/><V70/><F89/><W76/><G108/><T24/><D116/><U98/><E126/><V37/><F111/><W5/><G76/><T105/><D105/><U109/><E109/><V73/><F65/><W54/><G69/><T12/><D62/><U25/><E98/><V92/><F73/><W20/><G63/><T50/><D12/><N who="1" m="5183" /><E28/><V52/><F92/><W60/><G60/><T4/><D4/><U49/><E49/><V125/><F37/><W39/><G39/><T19/><D21/><U67/><E67/><V6/><F6/><W134/><G134/><T38/><D38/><U82/><E82/><AGARI ba="0,0" hai="19,23,24,40,43,44,47,50,51,82,83,85,88,94" machi="82" ten="40,5200,0" yaku="9,1,8,1,54,1" doraHai="31" who="0" fromWho="1" sc="202,52,210,-52,378,0,210,0" /><INIT seed="3,0,0,1,2,104" ten="254,158,378,210" oya="3" hai0="64,102,52,93,74,115,39,46,127,120,5,53,8" hai1="129,71,20,121,111,60,23,86,37,40,4,126,45" hai2="80,14,41,6,135,42,21,9,57,95,122,99,67" hai3="16,110,113,108,72,131,103,79,117,3,100,25,0"/><W7/><G113/><T24/><D120/><U27/><E121/><V50/><F135/><W34/><G117/><T97/><D115/><U26/><E126/><V77/><F122/><W73/><G131/><T33/><D127/><U38/><E129/><V132/><F21/><N who="3" m="13479" /><G34/><T48/><D74/><N who="3" m="28777" /><G79/><T29/><D39/><U30/><E4/><V133/><F132/><W44/><G44/><T75/><D64/><U101/><E101/><N who="3" m="38986" /><G7/><T87/><D75/><U119/><E119/><V124/><F124/><W92/><G92/><T66/><D66/><U90/><E71/><V65/><F133/><W76/><G76/><T36/><D36/><U112/><E112/><V17/><F6/><W15/><G15/><T35/><D87/><U28/><E60/><V18/><F77/><W56/><G56/><T89/><D102/><U68/><E68/><V55/><F18/><W109/><AGARI ba="0,0" hai="0,3,108,109,110" m="38986,28777,13479" machi="109" ten="40,18000,2" yaku="14,1,10,1,52,3,54,1" doraHai="104" who="3" fromWho="3" sc="254,-60,158,-60,378,-60,210,180" owari="194,-20.6,98,-40.2,318,11.8,390,49.0" /></mjloggm>