<mjloggm ver="2.3"><GO type="225" lobby="0"/><UN n0="%E3%82%B7%E3%83%B3%E5%A4%AA%E6%9C%97" n1="%E9%B3%B3%E6%9D%B1%E3%81%AE%E3%81%86%E3%81%95%E3%81%8E%E3%81%95%E3%82%93" n2="%73%6C%69%63%6B%33%31%39" n3="%4B%2E%32%2E%4B%2E" dan="16,17,16,17" rate="2156.82,2240.88,2083.79,2150.08" sx="M,M,M,M"/><TAIKYOKU oya="0"/><INIT seed="0,0,0,1,2,129" ten="250,250,250,250" oya="0" hai0="52,10,98,49,95,97,63,31,48,115,104,24,25" hai1="73,59,110,75,55,4,108,26,20,54,84,122,135" hai2="81,28,46,62,50,3,35,44,88,86,99,127,18" hai3="61,87,132,2,57,41,68,33,79,134,117,8,113"/><T17/><D115/><U123/><E4/><V100/><F3/><W91/><G117/><T89/><D63/><U103/><E103/><V36/><F127/><W40/><G113/><T107/><D48/><U118/><E118/><V76/><F36/><W39/><G68/><T90/><D25/><U125/><E125/><V29/><F35/><W27/><G79/><T1/><D1/><U64/><E84/><V106/><F62/><W11/><G27/><T16/><D10/><N who="3" m="3625" /><G33/><T58/><D104/><U32/><E32/><V56/><F56/><W15/><G15/><T102/><REACH who="0" step="1"/><D90/><REACH who="0" ten="240,250,250,250" step="2"/><U128/><E26/><V65/><F65/><W109/><G2/><T22/><AGARI ba="0,1" hai="16,17,22,24,31,49,52,58,89,95,97,98,102,107" machi="22" ten="20,18000,2" yaku="1,1,2,1,0,1,7,1,54,2,53,0" doraHai="129" doraHaiUra="69" who="0" fromWho="0" sc="240,190,250,-60,250,-60,250,-60" /><INIT seed="0,1,0,3,5,101" ten="430,190,190,190" oya="0" hai0="72,94,99,82,130,79,83,68,108,102,22,71,16" hai1="65,104,2,119,95,110,44,39,131,6,133,105,89" hai2="55,34,69,27,80,46,51,43,103,74,28,84,37" hai3="76,66,56,49,48,11,3,85,125,7,14,31,126"/><T57/><D130/><U47/><E119/><V118/><F118/><W38/><G38/><T109/><D57/><U62/><E131/><V106/><F69/><W4/><G31/><T107/><D83/><U117/><E117/><V23/><F74/><W113/><G7/><T24/><REACH who="0" step="1"/><D94/><REACH who="0" ten="420,190,190,190" step="2"/><U64/><E95/><V127/><F80/><W1/><G125/><T134/><D134/><U58/><E58/><V60/><F127/><W128/><G128/><T120/><D120/><U0/><E133/><V63/><F63/><W100/><G56/><T12/><D12/><U75/><E62/><V123/><F60/><W19/><G126/><T8/><D8/><U91/><E0/><V52/><F123/><W33/><G3/><T124/><D124/><U59/><E2/><V21/><F106/><W129/><G14/><T42/><D42/><U32/><E59/><V70/><F70/><AGARI ba="1,1" hai="16,22,24,68,70,71,72,79,82,99,102,107,108,109" machi="70" ten="40,12000,1" yaku="1,1,52,1,54,1,53,1" doraHai="101" doraHaiUra="93" who="0" fromWho="2" sc="420,133,190,0,190,-123,190,0" /><INIT seed="0,2,0,0,5,54" ten="553,190,67,190" oya="0" hai0="70,63,108,91,126,95,43,106,115,131,61,73,81" hai1="64,98,86,112,35,116,114,55,111,2,121,134,22" hai2="31,94,78,127,7,122,69,84,65,99,26,34,52" hai3="53,23,92,56,133,17,59,21,135,117,51,46,12"/><T72/><D115/><N who="1" m="44075" /><E111/><V105/><F122/><W74/><G117/><T48/><D131/><U107/><E134/><N who="3" m="51210" /><G74/><T15/><D106/><U0/><E35/><V102/><F127/><W62/><G92/><T68/><D126/><U104/><E116/><V93/><F7/><W20/><G46/><T132/><D132/><U18/><E121/><V37/><F37/><W32/><G32/><T118/><D118/><U33/><E33/><V103/><F103/><W47/><G47/><T36/><D36/><U129/><E64/><AGARI ba="2,0" hai="12,17,20,21,23,51,53,56,59,62,64" m="51210" machi="64" ten="30,3900,0" yaku="20,1,52,2" doraHai="54" who="3" fromWho="1" sc="553,0,190,-45,67,0,190,45" /><INIT seed="1,0,0,1,0,104" ten="553,145,67,235" oya="1" hai0="62,106,93,27,6,130,124,38,71,85,44,58,122" hai1="90,32,20,11,119,112,133,68,95,123,47,96,65" hai2="74,16,94,54,59,22,108,15,5,21,64,41,78" hai3="53,35,7,79,49,84,81,61,100,46,127,116,39"/><U43/><E112/><V102/><F108/><W113/><G113/><T129/><D6/><U83/><E32/><V1/><F41/><W10/><G35/><T66/><D106/><U30/><E119/><V19/><F64/><W40/><G116/><T2/><D2/><U135/><E123/><V89/><F102/><W99/><G127/><T107/><D107/><U98/><E11/><V42/><F42/><W70/><G70/><T105/><D105/><U4/><E4/><V34/><F34/><W80/><G61/><T87/><D122/><U0/><E0/><V9/><F78/><W14/><G81/><T31/><D124/><U111/><E111/><V88/><F74/><W60/><G60/><T114/><D114/><U132/><E83/><V103/><F103/><W121/><G121/><T29/><D71/><U97/><E65/><V131/><F131/><N who="0" m="50186" /><D93/><U63/><E63/><V72/><F72/><W18/><G18/><T134/><D31/><U69/><E69/><V73/><F73/><W86/><G86/><T110/><D134/><U55/><E55/><V57/><F54/><W77/><G77/><T12/><D110/><U117/><E68/><V36/><F36/><W50/><G53/><T26/><D38/><N who="1" m="22007" /><E117/><V120/><F120/><W126/><G126/><T52/><D66/><U125/><E125/><V109/><F109/><W37/><REACH who="3" step="1"/><G50/><REACH who="3" ten="553,145,67,225" step="2"/><N who="0" m="28743" /><D62/><U91/><E135/><V23/><F19/><W128/><G128/><T3/><D85/><N who="1" m="52687" /><E133/><V75/><F75/><W33/><G33/><T101/><D87/><U45/><E132/><V118/><F118/><W13/><G13/><RYUUKYOKU ba="0,1" sc="553,-10,145,-10,67,-10,225,30" hai3="7,10,14,37,39,40,46,49,79,80,84,99,100" /><INIT seed="2,1,1,4,1,88" ten="543,135,57,255" oya="2" hai0="99,58,8,37,15,49,50,106,100,83,116,102,29" hai1="111,39,70,93,43,84,121,48,122,9,90,104,16" hai2="24,86,120,129,94,21,52,30,44,109,72,19,65" hai3="7,28,51,3,33,107,92,0,128,124,63,89,103"/><V79/><F120/><N who="1" m="46185" /><E111/><V125/><F109/><W61/><G107/><T6/><D37/><U81/><E104/><V13/><F129/><W135/><G103/><T12/><D116/><U112/><E70/><V131/><F131/><W41/><G33/><T14/><D29/><U25/><E112/><V2/><F2/><W1/><G28/><T134/><D134/><U23/><E9/><V76/><F125/><W60/><G135/><T17/><D102/><U75/><E39/><V87/><F65/><W98/><G128/><T101/><D101/><U95/><E75/><V55/><F72/><W77/><G77/><N who="2" m="29769" /><F44/><AGARI ba="1,1" hai="16,23,25,43,44,48,81,84,90,93,95" m="46185" machi="44" ten="30,7700,0" yaku="13,1,52,2,54,1" doraHai="88" who="1" fromWho="2" sc="543,0,135,90,57,-80,255,0" owari="543,64.3,225,-17.5,-23,-52.3,255,5.5" /></mjloggm>