<mjloggm ver="2.3"><GO type="225" lobby="0"/><UN n0="%E4%B8%89%E5%88%86%E5%B0%8F%E5%83%A7" n1="%E6%98%93%E5%88%A9%E8%96%A9%E4%BC%AF" n2="%E8%A8%88%E7%AE%97%E6%A9%9F%E8%87%AA%E7%84%B6" n3="%E7%B4%94%E6%BD%94%E3%83%94%E3%83%A9%E3%83%8B%E3%82%A2" dan="16,16,17,17" rate="2103.76,2096.14,2173.81,2156.31" sx="M,F,M,M"/><TAIKYOKU oya="0"/><INIT seed="0,0,0,1,3,41" ten="250,250,250,250" oya="0" hai0="35,33,15,122,50,31,52,22,40,51,131,94,21" hai1="61,71,130,19,5,63,24,30,20,70,107,49,45" hai2="91,62,125,109,135,111,9,66,113,57,112,7,55" hai3="95,6,74,67,38,73,127,85,119,8,43,134,83"/><T37/><D122/><U80/><E107/><V26/><F91/><W118/><G67/><T3/><D3/><U89/><E130/><V48/><F26/><W11/><G11/><T98/><D131/><U12/><E5/><V103/><F103/><W92/><G92/><T25/><D37/><U27/><E71/><V97/><F97/><W116/><G95/><T84/><D84/><N who="1" m="50311" /><E70/><V17/><F17/><W87/><G127/><T123/><D123/><U46/><E27/><V36/><F36/><W96/><G96/><T60/><D60/><N who="1" m="23115" /><E49/><V104/><F104/><W53/><G53/><T100/><D40/><U16/><E30/><V14/><F125/><W132/><G43/><T81/><D81/><U54/><E54/><V13/><F13/><W10/><G38/><T0/><D0/><U72/><E72/><V44/><REACH who="2" step="1"/><F135/><REACH who="2" ten="250,250,240,250" step="2"/><W1/><G134/><T75/><D15/><U77/><E77/><V68/><F68/><W86/><G132/><T18/><D18/><U42/><E42/><V93/><F93/><W65/><G83/><T64/><D94/><U110/><E110/><AGARI ba="0,1" hai="7,9,14,44,48,55,57,62,66,109,110,111,112,113" machi="110" ten="40,5200,0" yaku="1,1,14,1,52,1,53,0" doraHai="41" doraHaiUra="106" who="2" fromWho="1" sc="250,0,250,-52,240,62,250,0" /><INIT seed="1,0,0,1,2,116" ten="250,198,302,250" oya="1" hai0="52,68,8,33,123,102,29,54,23,43,91,132,75" hai1="135,27,78,21,50,46,39,37,121,5,110,82,16" hai2="31,2,67,86,85,100,18,1,48,66,129,125,104" hai3="63,62,124,45,42,58,56,40,113,94,107,130,4"/><U36/><E135/><V22/><F31/><W17/><G107/><T53/><D33/><U88/><E110/><V14/><F104/><W9/><G113/><T106/><D132/><U103/><E103/><V114/><F100/><W93/><G17/><T118/><D118/><U25/><E5/><V79/><F114/><W131/><G124/><T65/><D75/><U92/><E121/><V41/><F125/><W128/><G58/><T51/><D123/><U134/><E27/><V55/><F41/><W95/><G56/><T49/><D8/><U99/><E134/><V20/><F129/><W127/><G127/><T12/><D91/><U81/><REACH who="1" step="1"/><E78/><REACH who="1" ten="250,188,302,250" step="2"/><V11/><F79/><W60/><G45/><T109/><D109/><U115/><E115/><V71/><F1/><AGARI ba="0,1" hai="1,4,9,40,42,60,62,63,93,94,95,128,130,131" machi="1" ten="50,6400,0" yaku="29,2,19,1" doraHai="116" who="3" fromWho="2" sc="250,0,188,0,302,-64,250,74" /><INIT seed="2,0,0,3,5,90" ten="250,188,238,324" oya="2" hai0="44,25,72,99,84,75,130,102,4,63,109,47,118" hai1="48,8,35,67,89,43,40,86,19,23,103,106,61" hai2="37,85,112,125,121,5,29,113,94,49,45,46,88" hai3="131,68,54,38,108,104,24,42,9,123,98,57,53"/><V59/><F121/><W41/><G123/><T95/><D109/><U21/><E35/><V129/><F129/><W2/><G108/><T126/><D126/><U60/><E106/><V12/><F125/><W6/><G68/><T97/><D130/><U51/><E103/><V55/><F29/><W76/><G131/><T36/><D118/><U28/><E8/><N who="2" m="4111" /><F37/><W26/><G76/><T56/><D4/><U101/><E101/><V13/><F113/><W32/><G54/><T31/><D84/><U71/><E28/><V30/><F30/><W105/><G38/><T22/><D99/><U119/><E119/><V124/><F112/><W58/><G58/><T120/><D120/><U82/><E61/><V70/><F70/><W73/><G73/><N who="0" m="28235" /><D36/><U52/><E51/><V133/><F133/><W93/><G104/><T128/><D128/><U18/><E23/><V65/><F124/><W83/><G105/><T132/><D132/><U116/><E116/><V50/><F65/><AGARI ba="0,0" hai="22,25,31,44,47,56,63,65,95,97,102" m="28235" machi="65" ten="30,2000,0" yaku="25,1,52,1" doraHai="90" who="0" fromWho="2" sc="250,20,188,0,238,-20,324,0" /><INIT seed="3,0,0,2,4,13" ten="270,188,218,324" oya="3" hai0="132,122,127,68,108,44,49,116,65,43,78,41,131" hai1="40,62,100,61,27,32,10,38,126,120,5,81,96" hai2="19,69,24,66,84,88,3,97,92,18,34,36,6" hai3="28,93,134,107,14,71,115,114,2,128,51,54,133"/><W80/><G2/><T77/><D116/><U112/><E120/><V76/><F36/><W82/><G107/><T118/><D118/><U30/><E112/><V87/><F69/><W47/><G71/><T106/><D122/><U98/><E126/><V23/><F34/><W22/><G93/><T85/><D127/><U0/><E98/><V111/><F111/><W15/><G15/><T95/><D106/><U90/><E40/><V102/><F66/><W16/><G28/><T75/><D75/><U58/><E38/><V31/><F76/><W53/><G53/><T46/><D108/><U12/><E81/><N who="3" m="31338" /><G128/><T79/><D131/><U101/><E0/><V72/><F72/><W121/><G121/><T103/><D132/><AGARI ba="0,0" hai="14,16,22,47,51,54,114,115,132,133,134" m="31338" machi="132" ten="30,5800,0" yaku="20,1,52,1,54,1" doraHai="13" who="3" fromWho="0" sc="270,-58,188,0,218,0,324,58" owari="212,-18.8,188,-31.2,218,1.8,382,48.2" /></mjloggm>