<mjloggm ver="2.3"><GO type="225" lobby="0"/><UN n0="%E8%B7%AF%E9%9C%B8" n1="%E3%81%BE%E3%81%A8%E3%81%9F" n2="%72%69%6F%75%63%68%61%6E" n3="%4E%6F%2E%30%30%30%31" dan="17,16,17,18" rate="2200.64,2159.05,2247.19,2228.30" sx="M,M,M,M"/><TAIKYOKU oya="0"/><INIT seed="0,0,0,4,2,98" ten="250,250,250,250" oya="0" hai0="55,74,105,114,117,127,13,35,58,16,18,12,67" hai1="92,103,118,11,68,9,104,110,66,37,109,27,81" hai2="76,44,135,60,41,63,95,113,57,97,121,39,80" hai3="43,85,130,65,22,94,83,46,71,70,48,61,86"/><T38/><D38/><U1/><BYE who="0" /><E118/><V122/><F113/><W2/><G2/><UN n0="%E8%B7%AF%E9%9C%B8" /><T79/><D117/><U91/><E37/><V59/><F135/><W32/><G32/><T28/><D114/><U88/><E81/><V77/><F57/><W50/><G130/><T112/><D112/><U10/><E1/><V93/><F95/><W131/><G131/><T124/><D105/><U75/><E75/><V7/><F7/><W87/><G71/><T62/><D35/><U15/><E104/><V128/><F128/><W0/><G0/><T89/><D28/><U72/><E72/><V133/><F133/><W99/><G22/><T111/><D111/><N who="1" m="42507" /><E27/><V125/><F125/><N who="0" m="48202" /><D89/><N who="1" m="34379" /><E66/><V53/><F63/><W126/><G50/><T96/><D96/><N who="1" m="59783" /><E68/><V134/><F134/><W84/><G126/><T56/><D79/><U3/><E3/><V33/><F33/><W82/><N who="3" m="21504" /><DORA hai="120" /><W23/><G23/><T6/><D74/><U101/><E101/><V64/><F64/><W78/><G78/><N who="2" m="30313" /><F80/><W36/><G36/><T8/><D12/><AGARI ba="0,0" hai="9,10,11,12,15" m="59783,34379,42507" machi="12" ten="40,12000,2" yaku="14,1,52,4,54,1" doraHai="98,120" who="1" fromWho="0" sc="250,-120,250,120,250,0,250,0" /><INIT seed="1,0,0,5,5,88" ten="130,370,250,250" oya="1" hai0="110,72,117,15,74,26,19,36,126,28,133,31,111" hai1="107,113,53,112,69,24,55,77,130,124,82,122,75" hai2="27,132,115,30,41,4,119,64,86,9,123,34,21" hai3="54,40,134,99,102,16,129,22,101,0,68,73,23"/><U25/><E122/><V127/><F127/><W95/><G0/><T43/><D117/><U62/><E130/><V83/><F132/><W92/><G73/><T2/><D36/><U106/><E124/><V128/><F128/><W96/><G129/><T65/><D126/><U81/><E75/><V93/><F119/><W109/><G134/><T120/><D43/><U131/><E62/><V50/><F123/><W97/><G68/><T42/><D42/><U38/><E131/><V7/><F115/><W61/><G40/><T103/><D133/><U6/><E69/><V20/><F64/><W1/><G1/><T17/><D65/><U49/><E49/><V29/><F93/><N who="3" m="35915" /><G109/><T3/><D120/><U14/><E14/><V18/><F34/><W10/><G10/><T91/><D15/><U116/><E116/><V78/><F9/><W70/><G70/><T76/><D91/><U67/><E67/><V51/><F29/><W66/><G66/><T125/><D125/><U63/><E38/><V47/><REACH who="2" step="1"/><F50/><REACH who="2" ten="130,370,240,250" step="2"/><W80/><G80/><T8/><D8/><U11/><E11/><V39/><F39/><W46/><G23/><T57/><D26/><AGARI ba="0,1" hai="4,7,18,20,21,26,27,30,41,47,51,78,83,86" machi="26" ten="30,3900,0" yaku="1,1,7,1,8,1,53,0" doraHai="88" doraHaiUra="89" who="2" fromWho="0" sc="130,-39,370,0,240,49,250,0" /><INIT seed="2,0,0,4,4,38" ten="91,370,289,250" oya="2" hai0="92,46,119,98,1,8,45,56,69,40,21,47,90" hai1="67,30,104,11,68,27,4,60,118,26,102,99,34" hai2="127,20,125,74,41,2,101,65,32,111,14,93,24" hai3="105,94,132,87,97,36,109,54,129,17,5,86,64"/><V16/><F74/><W131/><G109/><T13/><D69/><U89/><E89/><V53/><F111/><W39/><G105/><T75/><D75/><U79/><E27/><V48/><F2/><W28/><G28/><T83/><D119/><U25/><E25/><V66/><F41/><W103/><G5/><T43/><D1/><U71/><E71/><V108/><F108/><W49/><G64/><T130/><D130/><N who="3" m="49673" /><G17/><T3/><D3/><N who="1" m="415" /><E79/><V33/><F65/><W51/><G51/><T72/><D21/><U57/><E57/><V84/><F66/><W31/><G31/><T35/><D35/><U112/><E112/><V106/><F106/><W126/><G132/><T85/><D72/><U18/><E18/><V134/><F134/><W22/><G22/><T29/><D29/><U124/><E124/><N who="2" m="47691" /><F24/><W82/><G87/><T81/><D56/><U91/><E91/><N who="2" m="53479" /><F101/><W59/><G126/><T61/><D61/><U52/><E52/><V7/><F7/><W50/><G49/><T78/><REACH who="0" step="1"/><D81/><REACH who="0" ten="81,370,289,250" step="2"/><U76/><E118/><V0/><F0/><W73/><G73/><T110/><D110/><U117/><E117/><V113/><F113/><W80/><G82/><T115/><D115/><U95/><E34/><V58/><AGARI ba="0,1" hai="14,16,20,32,33,48,53,58" m="53479,47691" machi="58" ten="30,6000,0" yaku="25,1,18,1,54,1" doraHai="38" who="2" fromWho="2" sc="81,-20,370,-20,289,70,250,-20" /><INIT seed="2,1,0,3,3,72" ten="61,350,359,230" oya="2" hai0="99,122,91,128,15,84,29,7,13,67,124,38,130" hai1="115,51,75,62,79,65,94,10,35,108,55,6,66" hai2="28,95,129,17,98,100,4,0,92,16,82,18,39" hai3="97,46,11,32,33,60,88,109,31,27,12,77,59"/><V36/><F129/><W69/><G69/><T48/><D38/><U120/><E115/><V104/><F28/><W119/><G119/><T105/><D122/><U71/><E35/><V64/><F64/><W30/><G109/><T110/><D110/><U20/><E108/><V81/><F92/><W117/><G117/><T42/><D124/><U37/><E37/><V19/><F104/><W3/><G3/><T56/><D128/><U93/><E66/><V80/><N who="2" m="4096" /><DORA hai="116" /><V125/><REACH who="2" step="1"/><F125/><REACH who="2" ten="61,350,349,230" step="2"/><W85/><G31/><T135/><D130/><U113/><E93/><V45/><F45/><W2/><G46/><T83/><D135/><U96/><E94/><V21/><F21/><W50/><G30/><T24/><D105/><U23/><E20/><V47/><F47/><W90/><G33/><T8/><D99/><U76/><E23/><V26/><F26/><W5/><G27/><T34/><D67/><U112/><E96/><V14/><F14/><W57/><G12/><T74/><D13/><U86/><E112/><V61/><F61/><W78/><G32/><T1/><D15/><U118/><E113/><V73/><F73/><W126/><G126/><T111/><D111/><U101/><E118/><V54/><F54/><N who="3" m="31959" /><G97/><T123/><D123/><U70/><E120/><V89/><F89/><N who="3" m="34411" /><G85/><T43/><REACH who="0" step="1"/><D74/><REACH who="0" ten="51,350,349,230" step="2"/><U63/><E75/><V44/><F44/><W58/><G2/><T106/><D106/><U9/><E65/><V103/><F103/><W132/><G132/><T87/><D87/><U102/><E86/><V52/><F52/><AGARI ba="1,2" hai="1,7,8,24,29,34,42,43,48,52,56,83,84,91" machi="52" ten="40,5200,0" yaku="1,1,54,1,53,1" doraHai="72,116" doraHaiUra="41,22" who="0" fromWho="2" sc="51,75,350,0,349,-55,230,0" /><INIT seed="3,0,0,0,5,19" ten="126,350,294,230" oya="3" hai0="102,110,4,24,42,8,43,22,78,88,40,51,26" hai1="98,17,16,97,5,99,54,59,0,127,34,82,49" hai2="60,12,81,109,132,23,79,15,47,100,129,55,27" hai3="20,105,25,80,68,28,107,126,33,106,85,120,83"/><W38/><G120/><T6/><D110/><U115/><E115/><V116/><F116/><W122/><G122/><T74/><D102/><U29/><E127/><V104/><F109/><W50/><G38/><T11/><D74/><U95/><E34/><V36/><F129/><W123/><G123/><T62/><D78/><U128/><E29/><V131/><F131/><W119/><G119/><T112/><D112/><U87/><E5/><V45/><F132/><W13/><G68/><T71/><D51/><U10/><E0/><V70/><F100/><W32/><G126/><T125/><D125/><U39/><E39/><V57/><F104/><W92/><G50/><T117/><D117/><U56/><E56/><V44/><F70/><W61/><G61/><T35/><D35/><U113/><E113/><V77/><F36/><W30/><G33/><T67/><D26/><U58/><E58/><V3/><F3/><W84/><G92/><T111/><D111/><U64/><E64/><V31/><REACH who="2" step="1"/><F77/><REACH who="2" ten="126,350,284,230" step="2"/><W63/><G63/><T37/><D37/><U86/><E128/><V96/><F96/><W94/><G94/><T2/><D88/><U76/><E10/><V103/><F103/><W72/><G72/><AGARI ba="0,1" hai="12,15,23,27,31,44,45,47,55,57,60,72,79,81" machi="72" ten="40,2600,0" yaku="1,1,52,1,53,0" doraHai="19" doraHaiUra="91" who="2" fromWho="3" sc="126,0,350,0,284,36,230,-26" owari="126,-37.4,350,45.0,320,12.0,204,-19.6" /></mjloggm>