<mjloggm ver="2.3"><GO type="225" lobby="0"/><UN n0="%E7%B4%94%E6%BD%94%E3%83%94%E3%83%A9%E3%83%8B%E3%82%A2" n1="%73%6C%69%63%6B%33%31%39" n2="%40%79%75%6B%69%73" n3="%E3%83%97%E3%83%92" dan="16,16,16,17" rate="2150.66,2125.23,2181.24,2189.60" sx="M,M,M,M"/><TAIKYOKU oya="0"/><INIT seed="0,0,0,5,1,80" ten="250,250,250,250" oya="0" hai0="99,28,51,94,96,56,67,7,26,31,130,0,108" hai1="82,100,101,43,42,97,118,63,129,104,41,6,13" hai2="92,47,110,135,69,125,114,1,121,93,117,89,75" hai3="25,19,3,106,90,66,107,102,45,70,84,109,34"/><T128/><D0/><U105/><E118/><V103/><RYUUKYOKU type="yao9" ba="0,0" sc="250,0,250,0,250,0,250,0" hai2="1,47,69,75,89,92,93,103,110,114,117,121,125,135" /><INIT seed="0,1,0,5,3,85" ten="250,250,250,250" oya="0" hai0="100,116,90,29,64,55,128,24,62,27,34,54,61" hai1="70,75,17,5,86,68,115,22,117,32,48,118,69" hai2="109,83,95,0,84,18,112,92,73,66,4,30,65" hai3="37,125,6,44,71,63,67,94,127,46,2,8,7"/><T50/><D116/><U10/><E75/><V91/><F112/><W49/><G6/><T101/><D128/><U81/><E32/><V57/><F109/><W97/><G37/><T51/><D34/><U134/><E134/><V21/><F30/><W111/><G111/><T31/><D64/><U80/><E115/><V43/><F43/><W131/><G131/><T25/><D25/><U40/><E81/><V133/><F133/><W108/><G108/><T79/><REACH who="0" step="1"/><D90/><REACH who="0" ten="240,250,250,250" step="2"/><U120/><E118/><V39/><F66/><W93/><G125/><T78/><AGARI ba="1,1" hai="24,27,29,31,50,51,54,55,61,62,78,79,100,101" machi="78" ten="25,18000,2" yaku="1,1,2,1,0,1,22,2,8,1,53,0" doraHai="85" doraHaiUra="13" who="0" fromWho="0" sc="240,193,250,-61,250,-61,250,-61" /><INIT seed="0,2,0,2,2,16" ten="433,189,189,189" oya="0" hai0="14,126,15,5,68,35,17,106,71,0,2,103,58" hai1="11,22,33,107,94,118,20,57,46,95,64,97,3" hai2="7,24,21,62,38,100,93,92,131,116,6,53,99" hai3="110,66,78,133,32,42,81,72,67,65,45,60,44"/><T74/><D74/><U63/><E33/><V120/><F38/><W134/><G32/><T10/><D35/><U12/><E118/><V73/><F73/><W105/><G105/><T28/><D28/><U115/><E3/><V129/><F120/><W26/><G110/><T25/><D25/><U102/><E115/><V108/><F108/><W86/><G72/><T79/><D79/><U111/><E111/><V31/><F116/><W37/><G44/><T96/><D126/><U27/><E46/><V101/><F53/><W104/><G104/><T55/><D15/><U125/><E125/><V19/><F62/><W85/><G85/><T40/><D40/><U4/><REACH who="1" step="1"/><E20/><REACH who="1" ten="433,179,189,189" step="2"/><V117/><F117/><W8/><G8/><T128/><D0/><U132/><E132/><N who="3" m="50794" /><G26/><T83/><D2/><U61/><E61/><AGARI ba="2,1" hai="37,42,45,60,61,65,66,67,78,81,86" m="50794" machi="61" ten="30,1000,0" yaku="20,1" doraHai="16" who="3" fromWho="1" sc="433,0,179,-16,189,0,189,26" /><INIT seed="1,0,0,3,2,85" ten="433,163,189,215" oya="1" hai0="3,87,53,63,38,89,14,126,119,56,34,98,123" hai1="96,59,8,55,19,99,64,30,105,111,106,43,16" hai2="113,4,115,108,125,132,35,10,31,65,15,26,133" hai3="41,36,32,33,48,76,6,11,1,66,74,114,81"/><U93/><E64/><V120/><F65/><W116/><G48/><T97/><D3/><U128/><E128/><V101/><F101/><W7/><G114/><N who="2" m="43529" /><F120/><W122/><G122/><T131/><D38/><U73/><E73/><V109/><F125/><W71/><G7/><T20/><D34/><U5/><E43/><V112/><F112/><W28/><G28/><T84/><D119/><U58/><E30/><V80/><F80/><W54/><G54/><T40/><D40/><U110/><E105/><V95/><F95/><W118/><G118/><T91/><D126/><U49/><E106/><V9/><F9/><W18/><G18/><N who="0" m="10327" /><D131/><U90/><E99/><V68/><F68/><W134/><G116/><T61/><D61/><U130/><E58/><V124/><F124/><W135/><G135/><AGARI ba="0,0" hai="4,10,15,26,31,35,108,109,132,133,135" m="43529" machi="135" ten="30,7700,0" yaku="20,1,11,1,34,2" doraHai="85" who="2" fromWho="3" sc="433,0,163,0,189,77,215,-77" /><INIT seed="2,0,0,4,5,1" ten="433,163,266,138" oya="2" hai0="29,59,56,0,11,88,6,110,65,96,78,61,93" hai1="24,35,73,121,81,75,46,100,103,79,13,12,44" hai2="99,123,114,94,25,48,64,40,28,57,77,104,112" hai3="109,10,70,17,63,31,15,76,34,113,21,62,102"/><V49/><F123/><W55/><G109/><T126/><D110/><U80/><E121/><V116/><F116/><W8/><G113/><T117/><D117/><U124/><E124/><V84/><F104/><W71/><G76/><T20/><D78/><U54/><E79/><V32/><F40/><W127/><G127/><T118/><D118/><U90/><E24/><V115/><F64/><W14/><G34/><T3/><D3/><U105/><E90/><V33/><F33/><W2/><G102/><T7/><D6/><U122/><E54/><V50/><F57/><W87/><G87/><T83/><D83/><U43/><E43/><V58/><F58/><W53/><G2/><T37/><D37/><U41/><E41/><V36/><F36/><W91/><G31/><T97/><D59/><U47/><E47/><V106/><F106/><W101/><G101/><T66/><D97/><U129/><E35/><V27/><F27/><W38/><G38/><T5/><D5/><U74/><E74/><V30/><F30/><W128/><G21/><T125/><D65/><U18/><E18/><V85/><F77/><W131/><REACH who="3" step="1"/><G17/><REACH who="3" ten="433,163,266,128" step="2"/><T68/><D68/><U82/><E103/><V120/><F120/><W51/><G51/><T72/><D72/><U133/><E122/><V95/><F99/><W9/><G9/><T26/><AGARI ba="0,1" hai="0,7,11,20,26,29,56,61,66,88,93,96,125,126" machi="26" ten="30,4000,0" yaku="0,1,52,1,54,1" doraHai="1" who="0" fromWho="0" sc="433,50,163,-10,266,-20,128,-10" /><INIT seed="3,0,0,2,1,92" ten="483,153,246,118" oya="3" hai0="133,17,66,79,18,4,57,115,104,112,60,80,55" hai1="58,85,70,106,6,10,89,48,56,23,86,98,35" hai2="107,95,50,29,67,71,114,132,2,119,14,0,125" hai3="120,105,34,103,7,19,68,126,28,51,84,81,59"/><W8/><G126/><T91/><D4/><U74/><E35/><V63/><F119/><W111/><G68/><T75/><D104/><U13/><E70/><V88/><F114/><N who="0" m="43562" /><D133/><U129/><E74/><V118/><F118/><W121/><G19/><T9/><D9/><U40/><E129/><V12/><F107/><W44/><G111/><T73/><D73/><U72/><E72/><V33/><F132/><W77/><G59/><N who="1" m="22570" /><E106/><V108/><F108/><W117/><G117/><T97/><D55/><U83/><E23/><V53/><F125/><W69/><G69/><T47/><D91/><N who="1" m="51647" /><E98/><V102/><F102/><W94/><G28/><T123/><D18/><U16/><E6/><V15/><F29/><W99/><G34/><T24/><D47/><N who="1" m="25703" /><E89/><V31/><F31/><W64/><G64/><T96/><D123/><U30/><E30/><V113/><F33/><W25/><G25/><T39/><D39/><U128/><E128/><V76/><F113/><W62/><G62/><T134/><D134/><U82/><E86/><V78/><F0/><W52/><REACH who="3" step="1"/><G105/><REACH who="3" ten="483,153,246,108" step="2"/><T122/><D17/><U3/><E16/><V45/><F63/><W124/><G124/><T21/><D24/><U61/><E61/><V93/><F67/><W11/><G11/><T87/><D66/><U32/><E32/><V54/><F71/><W41/><G41/><T109/><D60/><U5/><E10/><V127/><F127/><W36/><G36/><T1/><D109/><U22/><E5/><V38/><F38/><W130/><G130/><T27/><D27/><U42/><E42/><V49/><F49/><RYUUKYOKU ba="0,1" sc="483,-10,153,-10,246,-10,108,30" hai3="7,8,44,51,52,77,81,84,94,99,103,120,121" /><INIT seed="3,1,1,4,3,104" ten="473,143,236,138" oya="3" hai0="5,85,61,35,81,4,78,98,115,9,55,34,13" hai1="2,120,49,39,118,102,11,112,109,58,75,124,45" hai2="95,101,56,121,24,86,117,92,96,63,70,122,123" hai3="15,84,65,89,22,52,54,16,51,0,127,18,72"/><W88/><G0/><T29/><D115/><U133/><RYUUKYOKU type="yao9" ba="1,1" sc="473,0,143,0,236,0,138,0" hai1="2,11,39,45,49,58,75,102,109,112,118,120,124,133" /><INIT seed="3,2,1,1,4,73" ten="473,143,236,138" oya="3" hai0="1,2,43,80,135,64,42,88,66,53,28,65,93" hai1="102,90,133,8,126,116,134,74,79,71,97,40,129" hai2="33,130,38,57,100,3,113,61,60,117,63,9,20" hai3="48,123,7,54,0,34,112,98,115,21,31,95,39"/><W23/><G123/><T5/><D135/><N who="1" m="51723" /><E116/><V91/><F33/><W12/><G39/><T78/><D80/><N who="1" m="45175" /><E129/><V24/><F38/><W72/><G72/><T76/><D53/><U120/><E120/><V11/><F113/><W124/><G0/><T49/><D49/><U18/><E126/><V81/><F130/><W44/><G34/><T96/><D28/><U10/><E71/><V67/><F100/><W104/><G104/><T52/><D52/><U109/><E109/><V15/><F3/><W16/><G7/><T83/><D78/><U70/><E70/><V50/><F50/><W62/><G124/><T45/><D45/><U46/><E90/><V86/><F9/><W131/><G131/><T13/><D2/><U22/><E46/><V121/><F121/><W107/><G107/><T118/><D118/><U26/><E40/><V59/><F59/><W19/><G31/><T119/><D1/><U82/><E82/><V17/><F117/><W89/><REACH who="3" step="1"/><G62/><REACH who="3" ten="473,143,236,128" step="2"/><T105/><D105/><AGARI ba="2,2" hai="8,10,18,22,26,97,102,105" m="45175,51723" machi="105" ten="30,2000,0" yaku="20,1,52,1" doraHai="73" who="1" fromWho="0" sc="473,-26,143,46,236,0,128,0" owari="447,54.7,189,-21.1,236,3.6,128,-37.2" /></mjloggm>