<mjloggm ver="2.3"><GO type="225" lobby="0"/><UN n0="%E3%81%BF%E3%81%BF%E3%81%9A" n1="%E3%81%A8%E3%82%93%E3%81%A8%E3%81%93%E3%81%A8%E3%82%93" n2="%E3%82%BC%E3%83%AB%E3%83%80%E3%81%AE%E4%BC%9D%E8%AA%AC" n3="%E3%82%A2%E3%82%A4%E3%82%B9%E3%83%86%E3%82%A3%E3%83%BC%E3%81%82%E3%81%B9" dan="16,16,17,16" rate="2138.95,2102.37,2147.15,2107.77" sx="M,F,M,M"/><TAIKYOKU oya="0"/><INIT seed="0,0,0,4,5,82" ten="250,250,250,250" oya="0" hai0="74,14,41,51,104,98,73,93,28,135,21,7,24" hai1="63,126,131,11,76,77,105,3,112,103,72,22,94" hai2="58,99,65,5,102,32,12,33,10,43,90,18,64" hai3="81,115,70,39,71,84,79,31,118,129,50,83,61"/><T117/><D117/><U123/><E94/><V125/><F125/><W111/><G115/><T108/><D104/><U15/><E22/><V19/><F43/><W110/><G39/><T87/><D135/><U37/><E15/><V62/><F65/><W128/><G118/><T121/><D121/><U114/><E77/><V16/><REACH who="2" step="1"/><F90/><REACH who="2" ten="250,250,240,250" step="2"/><W132/><G132/><T85/><D108/><U4/><E126/><V69/><F69/><W134/><G134/><T96/><D73/><U92/><E72/><V60/><F60/><W0/><G61/><T36/><D74/><U49/><E63/><V116/><F116/><W107/><G71/><T30/><D36/><U17/><E37/><V55/><F55/><W101/><G70/><T2/><D41/><U34/><E112/><V67/><F67/><W106/><G111/><T91/><D51/><U95/><E49/><V86/><F86/><N who="0" m="32778" /><D2/><U89/><E3/><V57/><F57/><W25/><G0/><T68/><D68/><U40/><E40/><V75/><F75/><N who="3" m="43263" /><G50/><T6/><D98/><U127/><E114/><V44/><F44/><W47/><G47/><T59/><D59/><U8/><E127/><V120/><F120/><W56/><G56/><T27/><D14/><U9/><E123/><V80/><F80/><W53/><G83/><T133/><D133/><U1/><E1/><V124/><F124/><W20/><G110/><T29/><D24/><U122/><E122/><V35/><F35/><W109/><G25/><T119/><D119/><U78/><E34/><V48/><F48/><W66/><G109/><T42/><D42/><RYUUKYOKU ba="0,1" sc="250,15,250,-15,240,15,250,-15" hai0="6,7,21,27,28,29,30,91,93,96" hai2="5,10,12,16,18,19,32,33,58,62,64,99,102" /><INIT seed="0,1,1,3,2,95" ten="265,235,255,235" oya="0" hai0="37,28,85,25,135,60,124,51,103,126,96,44,48" hai1="38,21,81,68,36,32,77,108,134,116,102,119,20" hai2="62,113,4,14,33,125,123,69,112,2,17,120,43" hai3="92,10,78,80,67,73,29,24,35,55,65,111,101"/><T47/><D135/><U5/><E32/><V89/><F89/><W12/><G111/><T90/><D60/><U39/><E68/><V0/><F43/><W53/><G55/><T22/><D85/><U59/><E108/><V118/><F62/><W97/><REACH who="3" step="1"/><G53/><REACH who="3" ten="265,235,255,225" step="2"/><T1/><D124/><U100/><E134/><V57/><F125/><W52/><G52/><T30/><D126/><U54/><E116/><V7/><F118/><W98/><G98/><T91/><D47/><U130/><E119/><V114/><F114/><W132/><G132/><T94/><D1/><U75/><E130/><V56/><F113/><W42/><G42/><N who="0" m="24599" /><D37/><U74/><E38/><V64/><F112/><W110/><G110/><T93/><D51/><U121/><E39/><V86/><F2/><W79/><G79/><T8/><D8/><U27/><E77/><V115/><F0/><W104/><G104/><T19/><D94/><U49/><E49/><V13/><F115/><W106/><G106/><T46/><D46/><U122/><E36/><V6/><F123/><W26/><G26/><T41/><D41/><U63/><E27/><V83/><F120/><W99/><G99/><T23/><D30/><U71/><E121/><V61/><F61/><W88/><G88/><T128/><D128/><U9/><E122/><V72/><F13/><AGARI ba="1,2" hai="13,19,22,23,25,28,90,91,93,96,103" m="24599" machi="13" ten="30,2900,0" yaku="8,1,52,1" doraHai="95" who="0" fromWho="2" sc="265,52,235,0,255,-32,225,0" /><INIT seed="0,2,0,2,0,33" ten="317,235,223,225" oya="0" hai0="42,119,96,64,26,98,52,72,132,11,8,41,135" hai1="2,77,4,80,117,86,93,107,14,71,57,37,45" hai2="83,113,51,124,89,44,18,40,115,122,81,129,56" hai3="32,65,39,62,24,114,7,110,34,35,54,28,68"/><T49/><D119/><U85/><E71/><V118/><F122/><W133/><G110/><T60/><D72/><N who="1" m="43047" /><E107/><V74/><F118/><W36/><G114/><T116/><D116/><U22/><E57/><V46/><F124/><W5/><G133/><N who="0" m="51275" /><D26/><U102/><E117/><V70/><F70/><W43/><G54/><T25/><D25/><U3/><E3/><V47/><F129/><W61/><G62/><T99/><D64/><U82/><E82/><V16/><F40/><N who="0" m="15466" /><D60/><U19/><E37/><V0/><F74/><W109/><G109/><T91/><D91/><U130/><E102/><V120/><F120/><W50/><G50/><T23/><D23/><U1/><E22/><V30/><F30/><W27/><G35/><T84/><D84/><U111/><E86/><V108/><F108/><W90/><G90/><T131/><D131/><U100/><E85/><V6/><F115/><W128/><G128/><T94/><D94/><U97/><E93/><V121/><F113/><W123/><G123/><T29/><D29/><U66/><E130/><V55/><F121/><W126/><G126/><T58/><AGARI ba="2,0" hai="8,11,49,52,58,96,98,99" m="15466,51275" machi="58" ten="40,3900,0" yaku="20,1,54,1" doraHai="33" who="0" fromWho="0" sc="317,45,235,-15,223,-15,225,-15" /><INIT seed="0,3,0,5,5,112" ten="362,220,208,210" oya="0" hai0="108,57,132,106,38,65,81,25,84,120,23,30,53" hai1="26,78,13,47,87,125,60,89,73,72,15,130,76" hai2="109,43,9,63,70,31,128,127,80,6,33,41,58" hai3="117,44,49,102,135,97,37,55,104,62,12,18,42"/><T28/><D120/><U16/><E125/><V51/><F127/><W68/><G135/><T121/><D121/><U29/><E130/><V113/><F113/><W10/><G68/><T74/><D106/><U54/><E72/><V5/><F128/><W123/><G123/><T69/><D38/><U100/><E100/><V52/><F109/><W79/><G79/><T24/><D74/><U90/><E73/><V126/><F126/><W86/><G86/><T27/><D132/><U95/><E13/><V19/><F33/><W4/><G62/><T17/><D108/><U14/><E15/><N who="2" m="7663" /><F70/><W75/><G75/><T39/><D39/><U1/><E1/><V99/><F31/><N who="0" m="11818" /><D65/><U0/><E0/><V129/><F129/><W94/><G117/><T64/><D64/><U83/><E60/><V96/><F80/><W34/><G34/><T119/><D69/><U131/><E131/><V67/><F67/><W118/><G118/><T71/><D71/><U7/><E7/><N who="2" m="2571" /><F63/><W134/><G134/><T22/><D119/><U77/><E29/><V110/><F110/><W35/><G35/><T50/><D17/><U92/><E26/><N who="0" m="6657" /><T21/><DORA hai="82" /><D23/><N who="1" m="11671" /><E90/><AGARI ba="3,0" hai="21,22,50,53,57,81,84,90" m="6657,11818" machi="90" ten="30,2900,0" yaku="8,1,52,1" doraHai="112,82" who="0" fromWho="1" sc="362,38,220,-38,208,0,210,0" /><INIT seed="0,4,0,5,5,7" ten="400,182,208,210" oya="0" hai0="53,54,63,56,81,94,3,82,113,48,105,2,101" hai1="27,107,124,93,76,112,125,100,22,89,68,47,43" hai2="18,42,132,62,78,60,130,12,122,80,16,90,66" hai3="121,23,70,99,57,114,86,4,5,34,37,84,126"/><T13/><D113/><U127/><E68/><V31/><F122/><W118/><G34/><T92/><D105/><U115/><E76/><V117/><F132/><W91/><G70/><T77/><D101/><U8/><E107/><V85/><F130/><W67/><G114/><T51/><D13/><U35/><E100/><V129/><F129/><W96/><G37/><T134/><D63/><U111/><E8/><V95/><F117/><W19/><G118/><T133/><D77/><U110/><E35/><V75/><F31/><W10/><G126/><T97/><REACH who="0" step="1"/><D56/><REACH who="0" ten="390,182,208,210" step="2"/><U116/><E116/><V131/><F131/><W59/><G57/><T28/><D28/><N who="1" m="17527" /><E112/><V108/><F60/><W83/><G59/><T104/><D104/><U106/><E106/><V103/><F103/><W36/><G121/><T52/><D52/><U21/><E115/><V38/><F12/><N who="3" m="5191" /><G67/><T128/><D128/><U120/><E120/><V40/><F62/><W0/><G0/><T119/><D119/><U73/><E124/><V64/><F64/><W69/><G69/><T135/><D135/><U72/><E125/><V65/><F65/><W45/><G5/><T102/><D102/><U58/><E127/><V74/><F66/><W46/><G91/><T88/><D88/><U33/><E58/><V14/><F14/><W39/><G39/><T87/><D87/><U98/><E89/><V25/><F38/><W30/><G36/><T6/><D6/><U24/><E111/><V71/><F108/><W79/><G86/><T17/><D17/><N who="2" m="6762" /><F71/><W109/><G109/><T29/><D29/><U49/><E110/><RYUUKYOKU ba="4,1" sc="390,30,182,-10,208,-10,210,-10" hai0="2,3,48,51,53,54,81,82,92,94,97,133,134" /><INIT seed="0,5,1,5,5,76" ten="420,172,198,200" oya="0" hai0="20,41,67,15,95,104,30,2,38,19,105,65,107" hai1="52,16,8,24,23,128,25,90,58,57,43,0,48" hai2="27,94,121,64,132,4,60,103,35,5,55,17,53" hai3="3,21,126,72,87,96,42,97,88,13,81,51,130"/><T22/><D2/><U54/><E128/><V31/><F121/><W93/><G3/><T124/><D124/><U71/><E71/><V29/><F132/><W77/><G126/><T45/><REACH who="0" step="1"/><D95/><REACH who="0" ten="410,172,198,200" step="2"/><U46/><E0/><V10/><F94/><W78/><G130/><T68/><D68/><U26/><E8/><V63/><F10/><W134/><G134/><T109/><D109/><U110/><E110/><V12/><F5/><W69/><G69/><T123/><D123/><U50/><REACH who="1" step="1"/><E90/><REACH who="1" ten="410,162,198,200" step="2"/><V84/><F4/><W73/><G88/><T9/><D9/><U75/><E75/><V70/><F70/><W28/><G73/><T119/><D119/><U1/><E1/><V6/><F6/><W101/><G72/><T86/><D86/><U118/><E118/><V11/><F84/><W135/><G87/><T99/><D99/><U102/><E102/><V32/><F103/><W115/><G97/><T113/><D113/><U129/><E129/><V59/><F11/><W114/><G115/><T120/><D120/><U108/><E108/><V127/><F127/><W131/><G114/><T79/><D79/><U100/><E100/><V7/><F7/><W112/><G112/><T62/><D62/><AGARI ba="5,3" hai="16,23,24,25,26,43,46,48,50,52,54,57,58,62" machi="62" ten="30,8000,1" yaku="1,1,7,1,8,1,54,2,53,0" doraHai="76" doraHaiUra="116" who="1" fromWho="0" sc="410,-95,162,125,198,0,200,0" /><INIT seed="1,0,0,4,2,97" ten="315,287,198,200" oya="1" hai0="114,109,12,113,38,18,62,84,57,28,74,32,87" hai1="51,127,110,100,44,23,132,20,133,24,16,82,55" hai2="4,10,40,1,79,122,8,99,68,75,71,17,70" hai3="27,33,94,13,80,34,14,31,19,59,118,46,134"/><U125/><E110/><V93/><F122/><W53/><G134/><N who="1" m="51818" /><E82/><V112/><F112/><W115/><G115/><T65/><D74/><U130/><E23/><V126/><F126/><N who="1" m="48137" /><E100/><V131/><F79/><W108/><G108/><T22/><D109/><U2/><E2/><V102/><F75/><W103/><G46/><T61/><D114/><U69/><E69/><V117/><F68/><W86/><G34/><T135/><D113/><U76/><E76/><V49/><F70/><W83/><G118/><T92/><D135/><U88/><E88/><V6/><F71/><W15/><G103/><T89/><D32/><U60/><E60/><V52/><F117/><W129/><G83/><T30/><D61/><U37/><E37/><V121/><F1/><W120/><G94/><N who="0" m="54567" /><D38/><U119/><E119/><V123/><F123/><W45/><G120/><T25/><D92/><U77/><E77/><V5/><F121/><W9/><G80/><T116/><D116/><U11/><E11/><V101/><F10/><W72/><G9/><N who="0" m="6415" /><D87/><U47/><E130/><V96/><F131/><W21/><G129/><T63/><D62/><U56/><AGARI ba="0,0" hai="16,20,24,44,47,51,55,56" m="48137,51818" machi="56" ten="30,6000,0" yaku="20,1,18,1,54,1" doraHai="97" who="1" fromWho="1" sc="315,-20,287,60,198,-20,200,-20" /><INIT seed="1,1,0,0,0,106" ten="295,347,178,180" oya="1" hai0="7,82,78,134,122,14,8,108,21,119,65,103,64" hai1="54,57,46,43,17,2,41,116,40,29,117,49,34" hai2="42,88,5,31,72,121,27,60,120,118,131,77,44" hai3="84,19,35,73,4,135,28,32,100,109,24,50,132"/><U47/><E2/><V81/><F118/><W39/><G39/><T74/><D119/><N who="1" m="45643" /><E17/><V13/><F131/><W3/><G100/><T89/><D108/><U56/><E29/><V18/><F5/><W15/><G84/><T76/><D134/><N who="3" m="51241" /><G50/><T9/><D122/><U6/><E6/><V36/><F60/><W48/><G48/><T93/><D103/><U55/><E34/><V80/><F80/><W68/><G68/><T0/><D78/><U25/><E25/><V10/><REACH who="2" step="1"/><F88/><REACH who="2" ten="295,347,168,180" step="2"/><W91/><G91/><T30/><D0/><U62/><AGARI ba="1,1" hai="40,41,43,46,47,49,54,55,56,57,62" m="45643" machi="62" ten="30,3000,0" yaku="34,2" doraHai="106" who="1" fromWho="1" sc="295,-11,347,43,168,-11,180,-11" /><INIT seed="1,2,0,5,4,103" ten="284,390,157,169" oya="1" hai0="76,54,132,65,123,133,87,104,20,110,4,52,10" hai1="100,86,28,91,27,99,3,2,67,11,108,119,124" hai2="66,14,39,122,68,129,41,51,134,130,61,18,40" hai3="55,131,98,36,95,50,81,101,94,85,35,71,88"/><U97/><E119/><V47/><F122/><W127/><G127/><T72/><D123/><U22/><E124/><V125/><F125/><W34/><G131/><N who="2" m="50185" /><F14/><W43/><G71/><T33/><D33/><U19/><E108/><V15/><F15/><W105/><G43/><N who="2" m="16457" /><F18/><W30/><G36/><T31/><D110/><U121/><E121/><V60/><F60/><W115/><G115/><T75/><D31/><U56/><E11/><V128/><N who="2" m="50193" /><V9/><DORA hai="109" /><F9/><W42/><G42/><T49/><D10/><U112/><E19/><V73/><F73/><W69/><G69/><T48/><D4/><U5/><E5/><V126/><F126/><W80/><G81/><T96/><D75/><U111/><E111/><V26/><F26/><W23/><G23/><T77/><D20/><U6/><E6/><V57/><F134/><W45/><REACH who="3" step="1"/><G35/><REACH who="3" ten="284,390,157,159" step="2"/><T84/><D133/><U64/><E22/><V46/><F39/><W83/><G83/><T106/><D132/><U93/><E2/><V1/><F1/><W0/><G0/><T79/><D76/><U90/><E3/><V92/><F92/><W63/><G63/><T59/><D77/><U135/><E93/><V25/><F25/><AGARI ba="2,1" hai="25,30,34,45,50,55,80,85,88,94,95,98,101,105" machi="25" ten="40,5200,0" yaku="1,1,52,1,54,1,53,0" doraHai="103,109" doraHaiUra="7,74" who="3" fromWho="2" sc="284,0,390,0,157,-58,159,68" /><INIT seed="2,0,0,1,0,44" ten="284,390,99,227" oya="2" hai0="47,79,121,52,97,26,124,32,83,125,126,15,21" hai1="14,62,104,50,41,72,30,25,73,112,133,84,89" hai2="4,51,18,70,113,27,57,74,102,132,94,122,5" hai3="0,36,120,106,67,105,90,77,20,88,130,61,103"/><V123/><F113/><W87/><G120/><T107/><D121/><U118/><E118/><V114/><F114/><W99/><G0/><T33/><D15/><U80/><E104/><V31/><F132/><W65/><G36/><T75/><D97/><U3/><E3/><V56/><F70/><W128/><G106/><T108/><D107/><U45/><E112/><V92/><F18/><W9/><G9/><T85/><D75/><U39/><E14/><V76/><F27/><W28/><G77/><T42/><D108/><U82/><E62/><V71/><F71/><W93/><G90/><T53/><D33/><U101/><E101/><V13/><F13/><W63/><G20/><T95/><D95/><U16/><E16/><V115/><F115/><W54/><G54/><T69/><D69/><U68/><E68/><V38/><F38/><W135/><G28/><N who="0" m="17487" /><D32/><U116/><E116/><V17/><F17/><W1/><G1/><T127/><N who="0" m="31744" /><DORA hai="64" /><T66/><D66/><N who="3" m="25097" /><G135/><T19/><D19/><U81/><E39/><AGARI ba="0,0" hai="39,42,47,52,53,79,83,85" m="31744,17487" machi="39" ten="60,3900,0" yaku="18,1,54,1" doraHai="44,64" who="0" fromWho="1" sc="284,39,390,-39,99,0,227,0" /><INIT seed="3,0,0,2,1,32" ten="323,351,99,227" oya="3" hai0="62,86,11,6,109,60,80,42,112,13,120,0,47" hai1="107,84,125,133,54,37,19,46,40,9,63,55,129" hai2="123,100,122,128,104,14,90,83,71,115,4,127,12" hai3="17,18,110,81,89,117,105,118,65,111,82,1,67"/><W31/><G105/><T93/><D120/><U77/><E107/><V121/><F71/><W34/><G31/><T57/><D109/><N who="3" m="41481" /><G34/><T96/><D112/><U103/><E103/><V87/><F115/><W15/><G89/><T51/><D0/><U88/><E77/><V61/><F61/><W135/><G1/><T79/><D57/><U75/><E75/><V85/><F14/><W23/><G135/><T74/><D74/><U66/><E125/><V20/><F20/><N who="3" m="11327" /><G82/><T78/><D78/><U41/><E133/><V59/><F12/><N who="3" m="9671" /><G81/><T3/><D3/><U106/><E106/><V28/><F28/><W113/><G113/><T69/><D69/><U108/><E108/><V5/><F127/><W58/><G58/><T36/><D36/><U7/><E88/><AGARI ba="0,0" hai="6,11,13,42,47,51,60,62,79,80,86,88,93,96" machi="88" ten="30,8000,1" yaku="7,1,25,2,8,1,54,1" doraHai="32" who="0" fromWho="1" sc="323,80,351,-80,99,0,227,0" owari="403,50.3,271,7.1,99,-40.1,227,-17.3" /></mjloggm>