<mjloggm ver="2.3"><GO type="225" lobby="0"/><UN n0="%41%54%53%4D" n1="%28%EF%BF%A3%E2%96%BD%EF%BF%A3%29%CE%B4%E2%8C%92%E3%83%BB" n2="%54%4F%52" n3="%33%74%72%65%65" dan="16,16,17,17" rate="2100.57,2101.94,2241.83,2179.23" sx="M,M,M,F"/><TAIKYOKU oya="0"/><INIT seed="0,0,0,5,5,80" ten="250,250,250,250" oya="0" hai0="114,51,63,36,10,108,89,71,57,1,77,43,78" hai1="72,17,121,112,5,45,68,93,21,56,84,76,100" hai2="86,42,113,55,135,34,116,18,0,105,49,37,95" hai3="59,22,44,35,38,61,101,65,109,75,50,92,133"/><T32/><D32/><U15/><E68/><V73/><F113/><W6/><G35/><T69/><D114/><U126/><E112/><V53/><F105/><W60/><G109/><T4/><D108/><U13/><E121/><V103/><F73/><W125/><G125/><T102/><D102/><U91/><E126/><V11/><F34/><W9/><G133/><T3/><D3/><U107/><E45/><V66/><F66/><W16/><G38/><T115/><D115/><U23/><E56/><V117/><F37/><W20/><G75/><T79/><D89/><U12/><E5/><V81/><F135/><W120/><G120/><T14/><D36/><U7/><E7/><V40/><F0/><W2/><G61/><T98/><D98/><N who="1" m="61847" /><E23/><V54/><F95/><W90/><G16/><T127/><D127/><U24/><E24/><V62/><F103/><W128/><G101/><T88/><D1/><U29/><E29/><V30/><F30/><W25/><G25/><T48/><D43/><U83/><AGARI ba="0,0" hai="12,13,15,17,21,72,76,83,84,91,93" m="61847" machi="83" ten="30,2000,0" yaku="24,1,52,1" doraHai="80" who="1" fromWho="1" sc="250,-10,250,20,250,-5,250,-5" /><INIT seed="1,0,0,2,0,46" ten="240,270,245,245" oya="1" hai0="72,45,37,62,120,61,95,63,58,128,84,97,70" hai1="126,99,66,123,19,135,111,5,14,15,8,132,56" hai2="30,93,51,33,104,87,53,31,78,34,48,16,22" hai3="107,47,124,92,96,85,52,59,9,131,7,130,27"/><U0/><E123/><V121/><F121/><W64/><G124/><T103/><D120/><U38/><E38/><V44/><F104/><W105/><G64/><T75/><D128/><N who="3" m="49193" /><G47/><T35/><D35/><U18/><E99/><V50/><F34/><W49/><G85/><T114/><D114/><U60/><E126/><V118/><F118/><W73/><G27/><T102/><D70/><U13/><REACH who="1" step="1"/><E111/><REACH who="1" ten="240,260,245,245" step="2"/><V12/><F33/><W94/><G73/><T54/><D75/><U23/><E23/><V28/><REACH who="2" step="1"/><F93/><REACH who="2" ten="240,260,235,245" step="2"/><N who="3" m="35947" /><G96/><T24/><D97/><U129/><E129/><V55/><F55/><W125/><G125/><T6/><D54/><U43/><E43/><V80/><AGARI ba="0,2" hai="12,16,22,28,30,31,44,48,50,51,53,78,80,87" machi="80" ten="30,12000,2" yaku="1,1,0,1,8,1,52,3,54,1,53,0" doraHai="46" doraHaiUra="112" who="2" fromWho="2" sc="240,-30,260,-60,235,140,245,-30" /><INIT seed="2,0,0,0,5,18" ten="210,200,375,215" oya="2" hai0="24,19,56,53,116,131,102,75,123,60,39,95,71" hai1="44,83,110,61,90,122,64,97,33,128,132,4,119" hai2="57,59,8,82,25,106,135,29,89,15,45,120,98" hai3="21,99,51,79,127,105,30,78,126,41,0,88,113"/><V3/><F120/><W5/><G113/><T9/><D123/><U43/><E122/><V72/><F3/><W52/><G41/><T125/><D75/><U20/><E33/><V70/><F70/><W104/><G5/><T107/><D39/><U115/><E115/><V124/><F124/><N who="3" m="47659" /><G0/><T129/><D107/><N who="3" m="41033" /><G30/><T47/><D125/><U94/><E119/><V117/><F117/><W81/><G21/><N who="0" m="13375" /><D116/><U91/><E4/><V80/><F135/><W7/><G7/><T46/><D71/><U12/><E132/><V111/><F111/><W13/><G13/><T36/><D36/><U69/><E110/><V85/><F45/><N who="3" m="27759" /><G99/><N who="0" m="59775" /><D9/><U65/><E128/><AGARI ba="0,0" hai="46,47,53,56,60,128,129,131" m="59775,13375" machi="128" ten="30,2000,0" yaku="19,1,52,1" doraHai="18" who="0" fromWho="1" sc="210,20,200,-20,375,0,215,0" /><INIT seed="3,0,0,4,0,116" ten="230,180,375,215" oya="3" hai0="14,40,81,39,100,13,46,71,119,17,103,67,16" hai1="55,38,112,133,50,3,51,57,75,102,86,6,54" hai2="25,62,97,21,128,29,48,101,33,70,41,94,110" hai3="36,15,93,117,96,66,31,107,49,32,30,111,82"/><W24/><G117/><T84/><D119/><U2/><E75/><V77/><F110/><W80/><G36/><T28/><D71/><U85/><E38/><V26/><F128/><W92/><G111/><T74/><D67/><U0/><E112/><V134/><F134/><W7/><G31/><T53/><D74/><U98/><E6/><V132/><F132/><W68/><G49/><N who="0" m="26823" /><D28/><U8/><E8/><V83/><F70/><W79/><G15/><N who="0" m="5643" /><D53/><U89/><E133/><V126/><F126/><W108/><G7/><T106/><D39/><U20/><E20/><V64/><F48/><W9/><G9/><T90/><D106/><U124/><E124/><V95/><F41/><W56/><G56/><T72/><D72/><U91/><E85/><V42/><F42/><W105/><G108/><T114/><D114/><U99/><E86/><V35/><F94/><N who="3" m="36459" /><G79/><T120/><D120/><U73/><E73/><V44/><F44/><W130/><G107/><T127/><D127/><U4/><E4/><V27/><F35/><W5/><G5/><T121/><D121/><U47/><REACH who="1" step="1"/><E102/><AGARI ba="0,0" hai="16,17,81,84,90,100,102,103" m="5643,26823" machi="102" ten="30,2000,0" yaku="8,1,54,1" doraHai="116" who="0" fromWho="1" sc="230,20,180,-20,375,0,215,0" owari="250,5.0,160,-34.0,375,47.5,215,-18.5" /></mjloggm>