<mjloggm ver="2.3"><GO type="225" lobby="0"/><UN n0="%E7%B4%94%E6%BD%94%E3%83%94%E3%83%A9%E3%83%8B%E3%82%A2" n1="%E9%B4%A8%4E%45%47%49" n2="%E6%98%BC%E4%B8%8B%E3%81%8C%E3%82%8A%E3%81%AE%E5%9B%A3%E5%9C%B0%E5%A6%BB" n3="%E3%83%9D%E3%82%B1%E3%83%83%E3%83%88" dan="17,16,16,16" rate="2185.63,2107.07,2145.78,2104.89" sx="M,M,F,M"/><TAIKYOKU oya="0"/><INIT seed="0,0,0,2,4,135" ten="250,250,250,250" oya="0" hai0="126,64,22,71,52,53,58,76,17,20,131,85,43" hai1="105,72,62,118,127,84,6,92,87,107,75,86,120" hai2="82,123,59,81,130,32,134,37,96,91,16,40,63" hai3="99,89,49,14,100,112,129,133,13,39,113,108,12"/><T117/><D117/><U114/><E6/><V102/><F123/><W34/><G133/><T23/><D131/><U68/><E120/><V128/><F134/><W30/><G129/><N who="2" m="49769" /><F32/><W88/><G39/><T31/><D126/><U56/><E68/><V26/><F91/><W25/><G108/><T119/><D119/><U44/><E118/><V101/><F40/><W104/><REACH who="3" step="1"/><G49/><REACH who="3" ten="250,250,250,240" step="2"/><T110/><D110/><U19/><E127/><V93/><F37/><W73/><G73/><T98/><D31/><U65/><E75/><V21/><F102/><W109/><G109/><T60/><D43/><U48/><E72/><V38/><F38/><W47/><G47/><T121/><D121/><U79/><E114/><AGARI ba="0,1" hai="12,13,14,25,30,34,88,89,99,100,104,112,113,114" machi="114" ten="40,8000,1" yaku="1,1,54,1,53,3" doraHai="135" doraHaiUra="111" who="3" fromWho="1" sc="250,0,250,-80,250,0,240,90" /><INIT seed="1,0,0,0,0,72" ten="250,170,250,330" oya="1" hai0="68,6,45,69,97,0,67,98,37,124,53,19,94" hai1="55,16,77,87,134,120,125,102,119,133,84,122,82" hai2="96,4,117,39,128,21,108,23,31,109,129,51,59" hai3="92,47,131,26,17,91,81,113,5,34,127,52,14"/><U73/><E55/><N who="2" m="32255" /><F39/><W29/><G113/><T132/><D124/><U130/><E102/><V8/><F117/><W78/><G127/><T121/><D132/><N who="1" m="50795" /><E125/><V86/><F96/><W76/><G131/><N who="2" m="50249" /><F86/><N who="1" m="32809" /><E130/><V58/><F58/><W54/><G5/><T88/><D121/><N who="1" m="46699" /><E16/><V57/><F31/><W61/><G54/><T103/><D19/><U49/><E49/><V24/><F24/><W28/><G28/><T27/><D27/><U64/><E64/><V79/><F4/><W95/><G17/><T2/><D67/><U25/><E25/><V30/><F30/><W7/><G7/><T70/><D6/><U60/><E60/><V56/><F8/><W118/><G61/><T10/><D10/><U104/><E119/><V13/><F13/><W41/><G14/><T112/><D53/><U32/><E32/><V44/><F44/><W93/><G52/><T80/><D45/><U105/><AGARI ba="0,0" hai="73,77,82,104,105" m="46699,32809,50795" machi="105" ten="40,12000,1" yaku="20,1,34,2,52,1" doraHai="72" who="1" fromWho="1" sc="250,-40,170,120,250,-40,330,-40" /><INIT seed="1,1,0,3,3,131" ten="210,290,210,290" oya="1" hai0="68,91,38,47,57,95,117,92,45,113,10,106,130" hai1="94,98,102,11,71,21,93,87,89,72,80,134,65" hai2="119,32,22,8,17,48,129,100,7,124,15,52,34" hai3="101,18,78,74,0,64,56,85,5,46,111,122,12"/><U114/><E114/><V28/><F119/><W70/><G122/><T29/><D106/><U55/><E11/><V6/><F129/><W23/><G111/><T112/><D68/><U9/><E9/><V97/><F124/><W105/><G74/><T58/><D10/><U24/><E55/><V40/><F40/><W118/><G70/><T127/><D130/><U16/><E72/><V27/><F32/><W36/><G0/><T110/><D91/><U62/><REACH who="1" step="1"/><E134/><REACH who="1" ten="210,280,210,290" step="2"/><V115/><F115/><W116/><G116/><T33/><D117/><U121/><E121/><V123/><F123/><W96/><G118/><T99/><D113/><U81/><AGARI ba="1,1" hai="16,21,24,62,65,71,80,81,87,89,93,94,98,102" machi="81" ten="30,6000,0" yaku="1,1,0,1,54,1,53,0" doraHai="131" doraHaiUra="133" who="1" fromWho="1" sc="210,-21,280,73,210,-21,290,-21" /><INIT seed="1,2,0,4,4,81" ten="189,353,189,269" oya="1" hai0="92,66,40,128,71,123,125,134,133,48,111,124,127" hai1="11,97,46,93,106,26,13,104,108,113,33,42,91" hai2="103,25,6,45,85,99,74,14,9,94,24,79,49" hai3="7,72,55,34,73,83,39,62,119,95,64,27,52"/><U22/><E113/><V3/><F74/><W86/><G39/><T32/><D32/><U23/><E108/><V130/><F3/><W129/><G129/><T36/><D36/><U29/><E106/><V132/><F132/><N who="0" m="50794" /><D111/><U51/><REACH who="1" step="1"/><E104/><REACH who="1" ten="189,343,189,269" step="2"/><V38/><F130/><W118/><G118/><T131/><D123/><U61/><E61/><V15/><F38/><W16/><G62/><N who="0" m="40407" /><D92/><U121/><E121/><V4/><F49/><W77/><G95/><T98/><D98/><U112/><E112/><V107/><F107/><W90/><G119/><T69/><D69/><U63/><E63/><V2/><F99/><W117/><G117/><T135/><D135/><U18/><AGARI ba="2,1" hai="11,13,18,22,23,26,29,33,42,46,51,91,93,97" machi="18" ten="20,7800,0" yaku="1,1,0,1,7,1,53,1" doraHai="81" doraHaiUra="30" who="1" fromWho="1" sc="189,-28,343,94,189,-28,269,-28" /><INIT seed="1,3,0,3,5,10" ten="161,437,161,241" oya="1" hai0="81,41,9,24,32,109,131,108,101,89,115,128,55" hai1="124,48,26,47,7,133,122,106,27,53,14,125,65" hai2="114,2,82,17,46,16,31,92,52,43,72,60,130" hai3="74,77,44,132,119,83,58,61,37,49,85,105,3"/><U6/><E122/><V40/><F2/><W63/><G132/><T70/><D115/><U50/><E106/><V34/><F114/><W8/><G105/><T59/><D70/><U104/><E104/><V127/><F130/><N who="0" m="49706" /><D41/><U51/><E133/><V45/><F127/><N who="1" m="48713" /><E65/><V102/><F31/><W38/><G74/><T57/><D101/><U28/><E14/><V42/><F34/><W117/><G8/><T99/><D9/><U111/><E111/><N who="0" m="42569" /><D55/><N who="1" m="30111" /><E50/><V79/><F45/><W20/><G44/><T4/><D4/><N who="1" m="1579" /><E28/><V93/><F46/><AGARI ba="3,0" hai="26,27,46,51,53" m="1579,30111,48713" machi="46" ten="30,1500,0" yaku="18,1" doraHai="10" who="1" fromWho="2" sc="161,0,437,24,161,-24,241,0" /><INIT seed="1,4,0,1,4,84" ten="161,461,137,241" oya="1" hai0="45,135,97,81,79,132,50,51,56,32,120,39,121" hai1="103,86,87,33,6,93,43,64,4,15,53,54,34" hai2="60,117,106,36,38,123,101,78,76,73,119,12,109" hai3="88,59,58,21,69,134,111,11,49,130,116,77,100"/><U57/><E43/><V42/><F123/><N who="0" m="47178" /><D32/><U40/><E40/><V17/><F42/><W112/><G69/><T2/><D2/><U95/><E57/><V85/><F101/><W124/><G112/><T41/><D97/><U31/><E15/><V83/><F106/><W10/><G124/><T62/><D81/><U63/><E63/><V71/><F85/><W105/><G105/><T74/><D74/><U3/><E31/><V44/><F83/><W108/><G77/><T13/><D79/><U91/><E103/><V30/><F30/><W122/><G100/><T104/><D13/><U20/><E20/><V22/><F12/><W14/><G21/><T46/><D46/><U128/><E64/><V82/><F82/><W19/><G10/><T24/><D24/><U80/><E80/><V29/><F22/><W52/><G11/><T9/><D104/><U113/><E113/><V98/><F44/><W127/><G14/><T131/><D131/><U92/><E128/><V5/><F98/><W107/><G130/><T75/><D75/><U8/><E6/><V70/><F5/><W37/><G107/><T23/><D23/><U65/><E95/><V133/><F78/><W48/><G122/><T35/><D35/><U18/><E34/><V47/><F76/><W27/><G27/><T96/><D9/><U125/><E33/><V118/><F47/><W89/><G111/><T7/><D7/><U115/><E115/><V66/><F17/><W129/><G108/><T110/><D110/><U1/><E18/><V126/><F29/><W55/><G19/><T94/><D41/><RYUUKYOKU ba="4,0" sc="161,0,461,0,137,0,241,0" /><INIT seed="2,5,0,5,5,33" ten="161,461,137,241" oya="2" hai0="32,36,57,131,88,123,44,120,113,122,35,73,78" hai1="77,104,6,50,51,19,102,129,112,121,18,29,110" hai2="38,99,83,97,69,21,59,17,49,5,15,134,109" hai3="70,62,53,68,96,81,55,14,13,75,118,128,45"/><V24/><F69/><W133/><G118/><T94/><D113/><U116/><E77/><V103/><F38/><W64/><G128/><T12/><D131/><U47/><E102/><V26/><F134/><W106/><G70/><T60/><D12/><U72/><E29/><V105/><F109/><W67/><G67/><T119/><D119/><U65/><E6/><V90/><F5/><W71/><G71/><T58/><D78/><U7/><E7/><V8/><F8/><W11/><G14/><T86/><D73/><U39/><E65/><V74/><F74/><W61/><G61/><T54/><REACH who="0" step="1"/><D57/><REACH who="0" ten="151,461,137,241" step="2"/><U115/><E115/><V132/><F132/><W23/><G13/><T56/><D56/><U98/><E72/><V37/><F15/><W100/><G133/><T4/><D4/><U27/><E112/><V92/><F59/><W89/><G75/><T28/><D28/><U30/><E110/><V108/><F108/><W40/><G68/><T127/><D127/><U20/><E129/><V101/><F17/><W3/><G11/><T95/><D95/><U93/><E18/><V84/><F92/><W22/><G81/><T0/><D0/><U79/><E19/><V111/><F83/><W25/><G3/><T42/><AGARI ba="5,1" hai="32,35,36,42,44,54,58,60,86,88,94,120,122,123" machi="42" ten="40,8000,1" yaku="1,1,0,1,54,1,53,1" doraHai="33" doraHaiUra="52" who="0" fromWho="0" sc="151,105,461,-25,137,-45,241,-25" /><INIT seed="3,0,0,1,4,97" ten="256,436,92,216" oya="3" hai0="118,53,48,23,102,2,111,34,84,16,15,35,21" hai1="52,9,67,11,55,133,96,72,6,105,39,51,129" hai2="36,43,103,12,60,113,79,125,114,69,86,27,58" hai3="42,61,40,115,32,77,80,112,17,29,54,128,49"/><W0/><G0/><T109/><D118/><U45/><E72/><V31/><F12/><W10/><G128/><T82/><D102/><U110/><E110/><N who="0" m="41993" /><D21/><U56/><E129/><V20/><F86/><W76/><G61/><T41/><D41/><U38/><E133/><V94/><F79/><W22/><G17/><T124/><D124/><U101/><E67/><V13/><F69/><W64/><G54/><T85/><D2/><U123/><E123/><V26/><F125/><W93/><G76/><N who="0" m="46151" /><D85/><U18/><E18/><V116/><F26/><W46/><G49/><T134/><D134/><U68/><E68/><V98/><F116/><W127/><G46/><AGARI ba="0,0" hai="15,16,23,34,35,46,48,53" m="46151,41993" machi="46" ten="30,2000,0" yaku="14,1,54,1" doraHai="97" who="0" fromWho="3" sc="256,20,436,0,92,0,216,-20" owari="276,7.6,436,53.6,92,-40.8,196,-20.4" /></mjloggm>