<mjloggm ver="2.3"><GO type="225" lobby="0"/><UN n0="%E8%B6%85%E7%B4%9A%E9%B3%B3%E5%87%B0" n1="%E3%82%BC%E3%83%AB%E3%83%80%E3%81%AE%E4%BC%9D%E8%AA%AC" n2="%E3%82%B2%E3%82%B9%E8%8C%82%E5%8B%9D" n3="%E9%98%BF%E9%83%A8%E5%AF%9B%EF%BC%A0%E9%B3%B3%E5%8D%93" dan="16,17,16,16" rate="2118.24,2170.19,2042.25,2136.22" sx="M,M,F,F"/><TAIKYOKU oya="0"/><INIT seed="0,0,0,5,5,119" ten="250,250,250,250" oya="0" hai0="58,59,51,32,54,8,78,57,103,66,64,104,92" hai1="132,26,97,70,2,96,33,43,41,121,102,74,55" hai2="19,131,90,118,56,17,68,113,0,110,13,128,135" hai3="115,48,23,88,15,47,82,93,134,60,130,85,36"/><T11/><D32/><U84/><E74/><V25/><F113/><W109/><G115/><T67/><D104/><U16/><E2/><V94/><F118/><W38/><G109/><T126/><D126/><U6/><E6/><V123/><F123/><W7/><G130/><N who="2" m="49705" /><F68/><W27/><G134/><T10/><D78/><U89/><E132/><V116/><F116/><W99/><G60/><T133/><D133/><U69/><E121/><V20/><F110/><W3/><G3/><T120/><D120/><U87/><E55/><V31/><F0/><W35/><G35/><T65/><N who="0" m="16384" /><DORA hai="37" /><T101/><D92/><U72/><E72/><V71/><F71/><W73/><G73/><T1/><D1/><U28/><E69/><V127/><F127/><W53/><G15/><T24/><D24/><U106/><E70/><V112/><F112/><W105/><G7/><T111/><D111/><U30/><E30/><V77/><F77/><W50/><G50/><T100/><AGARI ba="0,0" hai="8,10,11,51,54,57,58,59,100,101,103" m="16384" machi="100" ten="50,12000,1" yaku="0,1,29,2,8,1" doraHai="119,37" who="0" fromWho="0" sc="250,120,250,-40,250,-40,250,-40" /><INIT seed="0,1,0,3,3,1" ten="370,210,210,210" oya="0" hai0="103,113,49,28,77,112,132,0,23,119,53,117,107" hai1="131,59,48,98,95,45,118,36,3,17,125,40,56" hai2="93,50,116,21,76,86,122,11,81,44,96,126,80" hai3="133,129,66,43,109,32,4,71,52,46,12,25,79"/><T42/><D0/><U24/><E118/><V18/><F122/><W41/><G109/><T35/><D132/><U88/><E125/><V124/><F116/><W68/><G133/><T100/><D42/><U72/><E131/><V15/><F80/><W70/><G129/><T38/><D38/><U34/><E72/><V64/><F64/><W128/><G79/><T74/><D35/><U90/><E3/><V63/><F63/><W29/><G66/><T104/><D77/><U61/><E36/><V37/><F37/><W83/><G83/><T16/><D74/><U130/><E130/><V30/><F21/><W58/><G128/><T78/><D78/><U94/><E61/><V31/><F124/><W7/><G46/><T135/><D135/><U97/><REACH who="1" step="1"/><E17/><REACH who="1" ten="370,200,210,210" step="2"/><V26/><F126/><W134/><G134/><T10/><D16/><U14/><E14/><V60/><F60/><W33/><G33/><T9/><D117/><U115/><E115/><V89/><REACH who="2" step="1"/><F26/><REACH who="2" ten="370,200,200,210" step="2"/><W13/><G13/><T73/><D119/><U91/><E91/><V69/><F69/><W84/><G12/><T2/><D2/><U39/><E39/><V6/><F6/><W110/><G4/><T108/><D112/><U120/><E120/><V55/><AGARI ba="1,2" hai="11,15,18,30,31,44,50,55,76,81,86,89,93,96" machi="55" ten="20,5200,0" yaku="1,1,0,1,7,1,8,1,53,0" doraHai="1" doraHaiUra="22" who="2" fromWho="2" sc="370,-27,200,-14,200,75,210,-14" /><INIT seed="1,0,0,2,2,5" ten="343,186,275,196" oya="1" hai0="92,116,82,25,134,126,108,70,101,94,125,19,67" hai1="66,59,50,113,10,79,26,58,12,105,30,31,115" hai2="80,133,56,29,46,54,17,123,87,129,24,40,2" hai3="127,100,102,6,35,53,84,119,83,22,21,16,120"/><U78/><E105/><V49/><F133/><W77/><G120/><T43/><D116/><U96/><E96/><V33/><F129/><W28/><G119/><T75/><D134/><U65/><E50/><V23/><F2/><W15/><G127/><N who="0" m="48651" /><D108/><U98/><E98/><V9/><F123/><W1/><G53/><T88/><D101/><U110/><E26/><V60/><F9/><N who="3" m="2255" /><G21/><N who="0" m="13503" /><D43/><U51/><E51/><V57/><F57/><N who="1" m="21513" /><E110/><V86/><F80/><W112/><G112/><T8/><D8/><U118/><E118/><V64/><F40/><W69/><G69/><T104/><D104/><U37/><E37/><V131/><F131/><W122/><G122/><T34/><D34/><U45/><E45/><V85/><F33/><W41/><G41/><T38/><D38/><U27/><E113/><V32/><F32/><W44/><G44/><T114/><D114/><U89/><E89/><V107/><F107/><W81/><G100/><T0/><D0/><U132/><E132/><V11/><F29/><N who="1" m="10761" /><E27/><V47/><F46/><W13/><G102/><T111/><D111/><U36/><E36/><V63/><F60/><W55/><G35/><T3/><D3/><U7/><E115/><V72/><F72/><W61/><G28/><T109/><D109/><U90/><E90/><V20/><F24/><W18/><G61/><N who="0" m="40303" /><D88/><U14/><E14/><AGARI ba="0,0" hai="11,14,17,20,23,47,49,54,56,63,64,85,86,87" machi="14" ten="40,2600,0" yaku="8,1,52,1" doraHai="5" who="2" fromWho="1" sc="343,0,186,-26,275,26,196,0" /><INIT seed="2,0,0,0,2,26" ten="343,160,301,196" oya="2" hai0="54,51,107,0,76,47,45,128,133,90,9,13,102" hai1="129,80,70,117,57,89,10,43,27,20,97,34,118" hai2="18,95,98,11,69,37,23,56,113,28,48,41,35" hai3="33,115,135,15,121,84,73,134,63,67,99,12,61"/><V58/><F69/><W3/><G121/><T24/><D128/><U109/><E70/><V93/><F113/><W104/><G73/><T53/><D133/><N who="3" m="50697" /><G115/><T130/><D130/><U105/><E129/><V112/><F112/><W49/><G3/><T122/><D122/><U39/><E34/><V14/><F37/><W116/><G116/><T1/><D76/><U21/><E109/><V7/><F93/><W87/><G33/><T60/><D24/><U31/><E20/><V119/><F119/><W94/><G104/><T4/><D90/><U96/><E10/><V101/><F48/><W65/><G49/><T82/><D82/><U64/><E43/><V72/><F41/><W62/><G12/><T123/><D123/><U86/><E39/><V52/><F72/><W108/><G15/><T81/><D81/><U127/><E127/><V75/><F75/><W78/><G108/><T125/><D125/><U92/><E97/><V85/><F85/><N who="3" m="32843" /><G78/><T91/><D91/><AGARI ba="0,0" hai="61,62,63,65,67,91,94,99" m="32843,50697" machi="91" ten="30,1000,0" yaku="20,1" doraHai="26" who="3" fromWho="0" sc="343,-10,160,0,301,0,196,10" /><INIT seed="3,0,0,1,4,107" ten="333,160,301,206" oya="3" hai0="125,134,118,59,20,102,90,95,110,123,92,37,88" hai1="24,76,98,93,3,21,65,63,47,66,9,18,133" hai2="85,41,108,17,51,68,64,72,50,77,52,5,127" hai3="114,79,39,12,26,14,119,104,4,103,83,61,25"/><W28/><G119/><T132/><D118/><U22/><E133/><N who="0" m="51305" /><D123/><U60/><E3/><V55/><F108/><W6/><G114/><T99/><D37/><U2/><E2/><V96/><F72/><W111/><G39/><T19/><D110/><U81/><E47/><V56/><F127/><W48/><G48/><T16/><D125/><U80/><E9/><V135/><F135/><W126/><G14/><N who="0" m="9239" /><D59/><U13/><E63/><V54/><F5/><W97/><G83/><T106/><D19/><U73/><E81/><N who="2" m="47279" /><F68/><W105/><G97/><T124/><D124/><U130/><E130/><V44/><F64/><W32/><G79/><T8/><D8/><U91/><REACH who="1" step="1"/><E60/><REACH who="1" ten="333,150,301,206" step="2"/><V84/><F44/><W62/><G61/><T86/><D106/><U78/><E78/><V43/><F41/><W23/><G62/><T27/><D27/><U36/><E36/><V113/><F43/><W67/><G104/><T94/><D95/><U115/><E115/><V29/><F113/><W45/><G45/><T69/><D69/><U42/><E42/><V128/><F128/><W131/><G131/><T15/><D15/><U89/><E89/><AGARI ba="0,1" hai="86,88,89,90,92,94,99,102" m="9239,51305" machi="89" ten="30,3900,0" yaku="20,1,54,2" doraHai="107" who="0" fromWho="1" sc="333,49,150,-39,301,0,206,0" owari="382,48.2,111,-38.9,301,10.1,206,-19.4" /></mjloggm>