<mjloggm ver="2.3"><GO type="225" lobby="0"/><UN n0="%E8%B6%85%E7%B4%9A%E9%B3%B3%E5%87%B0" n1="%72%69%6F%75%63%68%61%6E" n2="%E3%81%A0%E3%81%8A" n3="%E7%99%BD%E5%92%B2%E8%8A%B1%E3%81%A1%E3%82%83%E3%82%93" dan="16,16,16,16" rate="2148.35,2155.17,2061.16,2073.20" sx="M,M,M,F"/><TAIKYOKU oya="0"/><INIT seed="0,0,0,4,4,39" ten="250,250,250,250" oya="0" hai0="58,46,29,30,93,97,96,63,60,21,102,94,25" hai1="0,110,5,123,108,113,20,129,50,9,68,15,131" hai2="116,57,27,101,12,104,42,98,35,37,124,76,66" hai3="87,77,67,84,4,73,81,86,82,38,112,28,109"/><T117/><D117/><U11/><E68/><V2/><F116/><W13/><G38/><T41/><D58/><U120/><E50/><V49/><F2/><W125/><G112/><T107/><D29/><U127/><E113/><V106/><F76/><W40/><G109/><N who="1" m="42090" /><E20/><V71/><F124/><W91/><G125/><T130/><D130/><N who="1" m="49675" /><E127/><V114/><F71/><W53/><G81/><T103/><REACH who="0" step="1"/><D107/><REACH who="0" ten="240,250,250,250" step="2"/><U64/><E64/><V51/><F104/><W95/><G67/><T61/><D61/><U78/><E78/><V6/><F106/><W99/><G77/><T133/><D133/><U45/><E45/><V55/><F66/><W17/><G28/><T23/><D23/><U34/><E34/><V89/><F35/><W59/><G59/><T118/><D118/><U83/><E83/><V111/><F57/><W132/><G82/><T44/><D44/><U8/><E8/><V90/><F111/><W92/><G132/><T33/><D33/><U36/><E36/><AGARI ba="0,1" hai="21,25,30,36,41,46,60,63,93,94,96,97,102,103" machi="36" ten="30,11600,0" yaku="1,1,7,1,9,1,52,1,53,0" doraHai="39" doraHaiUra="65" who="0" fromWho="1" sc="240,126,250,-116,250,0,250,0" /><INIT seed="0,1,0,3,5,106" ten="366,134,250,250" oya="0" hai0="132,43,70,76,39,73,49,13,25,1,66,31,68" hai1="134,41,53,129,81,61,45,92,128,32,127,47,4" hai2="119,23,19,98,131,108,105,123,102,74,109,118,94" hai3="55,130,12,27,29,124,104,64,26,62,9,24,80"/><T44/><D1/><U30/><E127/><V133/><F123/><W52/><G124/><T135/><D13/><U42/><E134/><N who="0" m="51241" /><D49/><U117/><E117/><N who="2" m="44555" /><F133/><W17/><G130/><N who="1" m="50282" /><E4/><V99/><F74/><W20/><G104/><T50/><D50/><N who="1" m="26927" /><E92/><V114/><F114/><W126/><G126/><T2/><D66/><U111/><E81/><V48/><F48/><W112/><G112/><T93/><D93/><U122/><E30/><V10/><F10/><W82/><G82/><N who="0" m="45327" /><D2/><U95/><E95/><V79/><F131/><W37/><G80/><T115/><D115/><U107/><E107/><V116/><F116/><W75/><G37/><T3/><D3/><U78/><E78/><V86/><F79/><W71/><G75/><T33/><AGARI ba="1,0" hai="25,31,33,39,43,44,68,70" m="45327,51241" machi="33" ten="30,6000,0" yaku="20,1,23,1,52,1" doraHai="106" who="0" fromWho="0" sc="366,63,134,-21,250,-21,250,-21" /><INIT seed="0,2,0,1,3,86" ten="429,113,229,229" oya="0" hai0="131,6,75,48,104,3,65,38,116,37,115,49,19" hai1="22,28,55,72,85,82,80,53,101,27,126,102,63" hai2="9,24,105,29,78,81,74,59,71,57,108,7,129" hai3="34,100,70,56,45,68,107,0,18,46,124,69,14"/><T127/><D115/><U111/><E111/><V43/><F71/><W97/><G124/><T61/><D116/><U134/><E126/><V110/><F105/><W42/><G0/><T133/><D127/><U109/><E109/><N who="2" m="42091" /><F43/><W87/><G34/><T44/><D104/><U117/><E117/><V31/><F129/><W114/><G114/><T10/><D75/><U20/><E134/><V54/><F54/><W77/><G56/><N who="2" m="21577" /><F24/><W64/><G64/><T125/><D125/><U135/><E135/><V96/><F96/><W119/><G119/><T128/><D133/><U23/><E63/><V60/><F60/><W76/><G87/><T112/><D112/><U123/><E123/><V88/><F88/><W98/><G98/><T92/><D38/><U79/><E53/><V67/><F67/><W130/><G130/><T21/><D37/><U2/><E55/><V89/><F89/><W90/><G90/><T15/><D3/><AGARI ba="2,0" hai="3,7,9,29,31,74,78,81" m="21577,42091" machi="3" ten="30,1000,0" yaku="14,1" doraHai="86" who="2" fromWho="0" sc="429,-16,113,0,229,16,229,0" /><INIT seed="1,0,0,0,5,27" ten="413,113,245,229" oya="1" hai0="126,125,82,25,96,119,38,17,20,100,1,53,49" hai1="51,98,8,7,72,116,127,133,69,104,105,10,99" hai2="91,39,90,43,68,22,87,107,66,26,19,18,14" hai3="59,122,124,93,71,52,84,81,45,63,54,0,12"/><U64/><E116/><V103/><F107/><W73/><G122/><T40/><D1/><U46/><E72/><V2/><F103/><W70/><G0/><T132/><D119/><U61/><E127/><N who="0" m="48649" /><D132/><U21/><E133/><V29/><F2/><W55/><G124/><T9/><D82/><U97/><E21/><V88/><F19/><W11/><G73/><T30/><D40/><U118/><E118/><V109/><F109/><W35/><G93/><N who="0" m="58383" /><D38/><U57/><E69/><V31/><F43/><W117/><G35/><T15/><D49/><U114/><E114/><V65/><F39/><W37/><G37/><T62/><D53/><U86/><E86/><V89/><F68/><W85/><G117/><T110/><D62/><U32/><E32/><V16/><F66/><W50/><G55/><T94/><D94/><U56/><E56/><V129/><F65/><W60/><G60/><T77/><D77/><U58/><E58/><V41/><F129/><W5/><REACH who="3" step="1"/><G85/><REACH who="3" ten="413,113,245,219" step="2"/><T111/><AGARI ba="0,1" hai="9,15,17,20,25,30,110,111" m="58383,48649" machi="111" ten="30,2000,0" yaku="18,1,52,1" doraHai="27" who="0" fromWho="0" sc="413,30,113,-10,245,-5,219,-5" /><INIT seed="2,0,0,4,3,22" ten="443,103,240,214" oya="2" hai0="86,51,117,104,27,92,81,118,99,15,44,66,63" hai1="75,6,74,54,114,125,101,115,32,102,30,11,37" hai2="19,69,45,14,96,12,80,83,82,29,78,24,36" hai3="61,72,109,129,47,134,105,31,34,128,130,38,56"/><V42/><F69/><W111/><G105/><T43/><D15/><U84/><E125/><V120/><F96/><W2/><G72/><T133/><D27/><U103/><E37/><V95/><F95/><W40/><G2/><T107/><D133/><U71/><E71/><V28/><F28/><W21/><G34/><T119/><D92/><U108/><E108/><V52/><F52/><N who="3" m="33927" /><G134/><T33/><D99/><U35/><E54/><V124/><F120/><W88/><G88/><N who="0" m="51279" /><D33/><N who="1" m="12875" /><E30/><V59/><F78/><W65/><G65/><T64/><D64/><U70/><E70/><AGARI ba="0,0" hai="43,44,51,63,66,70,104,107,117,118,119" m="51279" machi="70" ten="30,2000,0" yaku="12,1,54,1" doraHai="22" who="0" fromWho="1" sc="443,20,103,-20,240,0,214,0" /><INIT seed="3,0,0,2,5,127" ten="463,83,240,214" oya="3" hai0="131,2,108,1,93,43,117,46,41,31,44,135,72" hai1="42,96,100,48,111,71,115,35,37,120,107,129,122" hai2="80,18,24,130,116,133,128,38,17,10,52,11,61" hai3="20,53,98,118,92,60,87,13,85,3,36,99,49"/><W79/><G118/><T74/><D117/><U109/><E35/><V25/><F116/><W21/><G36/><T50/><D31/><U55/><E115/><V5/><F38/><W132/><G132/><T8/><D135/><U54/><E71/><V56/><F133/><W95/><G3/><T68/><D68/><U26/><E26/><N who="2" m="10347" /><F80/><N who="3" m="47263" /><G60/><T47/><D108/><U32/><E32/><V40/><F40/><W75/><G75/><T14/><D93/><N who="3" m="35913" /><G87/><T67/><D67/><U28/><E28/><V7/><F5/><W84/><G84/><T30/><D30/><U110/><E37/><V34/><F34/><W69/><G69/><T27/><D27/><U51/><E42/><V70/><F70/><W57/><G13/><T90/><D14/><U119/><E119/><V134/><F134/><W39/><G39/><T9/><D50/><U65/><E65/><V22/><F7/><W15/><G15/><T33/><D33/><U105/><E107/><V23/><F11/><W76/><G76/><T101/><D72/><U89/><E89/><V19/><F10/><W86/><G86/><T106/><D74/><U125/><E125/><V94/><F94/><W12/><G12/><T97/><D90/><U58/><REACH who="1" step="1"/><E129/><AGARI ba="0,0" hai="17,18,19,22,23,52,56,61,128,129,130" m="10347" machi="129" ten="30,8000,1" yaku="19,1,52,3,54,1" doraHai="127" who="2" fromWho="1" sc="463,0,83,-80,240,80,214,0" owari="463,56.3,3,-49.7,320,12.0,214,-18.6" /></mjloggm>