<mjloggm ver="2.3"><GO type="225" lobby="0"/><UN n0="%E6%98%93%E5%88%A9%E8%96%A9%E4%BC%AF" n1="%77%72%77%72%77%72%77%72" n2="%E9%8A%80%E3%81%B0%E3%81%95%E3%81%BF" n3="%28%EF%BF%A3%E2%96%BD%EF%BF%A3%29%CE%B4%E2%8C%92%E3%83%BB" dan="16,16,17,16" rate="2067.27,2138.12,2175.95,2131.75" sx="F,M,M,M"/><TAIKYOKU oya="0"/><INIT seed="0,0,0,0,5,64" ten="250,250,250,250" oya="0" hai0="32,16,48,45,103,21,12,43,104,98,67,13,26" hai1="115,24,59,60,52,100,127,90,114,109,58,53,102" hai2="7,4,71,129,78,120,81,57,46,41,91,3,118" hai3="128,92,101,2,35,119,73,84,6,38,19,135,79"/><T122/><D122/><U44/><E109/><V42/><F120/><W70/><G35/><T125/><D125/><U1/><E127/><V69/><F91/><W40/><G19/><T11/><D32/><U55/><E1/><V94/><F129/><W18/><G18/><T93/><D67/><U28/><E90/><V132/><F94/><W22/><G22/><T88/><REACH who="0" step="1"/><D11/><REACH who="0" ten="240,250,250,250" step="2"/><U133/><E133/><V85/><F132/><W108/><G135/><T72/><D72/><U106/><E115/><V5/><F118/><W47/><G119/><T131/><D131/><U121/><E114/><V77/><F3/><W27/><G128/><T29/><D29/><U107/><E121/><V97/><F97/><AGARI ba="0,1" hai="12,13,16,21,26,43,45,48,88,93,97,98,103,104" machi="97" ten="30,11600,0" yaku="1,1,7,1,54,2,53,0" doraHai="64" doraHaiUra="134" who="0" fromWho="2" sc="240,126,250,0,250,-116,250,0" /><INIT seed="0,1,0,2,1,31" ten="366,250,134,250" oya="0" hai0="19,116,42,47,133,4,32,76,23,1,113,94,28" hai1="43,115,15,105,132,102,127,27,98,123,20,35,126" hai2="117,53,85,80,134,96,120,73,88,18,41,17,34" hai3="62,83,92,95,70,87,46,64,109,119,135,2,69"/><T44/><D113/><U107/><E123/><V66/><F120/><W45/><G119/><T29/><D116/><U14/><E115/><V7/><F117/><W24/><G2/><T38/><D133/><U75/><E132/><V48/><F134/><W9/><G135/><T52/><D76/><U54/><E75/><V30/><F41/><W72/><G72/><T78/><D78/><U91/><E43/><V121/><F121/><W125/><G109/><T74/><D74/><U13/><E91/><V110/><F110/><W49/><G70/><T71/><D71/><U97/><E54/><V118/><F118/><W114/><G46/><T37/><D94/><U101/><REACH who="1" step="1"/><E35/><REACH who="1" ten="366,240,134,250" step="2"/><V99/><F73/><W129/><G114/><T5/><D32/><U130/><E130/><V25/><F66/><W63/><G64/><T40/><D52/><U122/><E122/><V6/><F99/><W36/><G129/><T55/><D55/><U56/><E56/><V81/><F96/><W89/><G69/><T57/><D57/><U39/><E39/><V26/><F81/><W16/><G36/><T112/><D112/><U77/><E77/><V93/><F80/><W82/><G83/><T10/><REACH who="0" step="1"/><D4/><REACH who="0" ten="356,240,134,250" step="2"/><U128/><E128/><V67/><F67/><W111/><G111/><T65/><D65/><U104/><E104/><V8/><F7/><W86/><G82/><T131/><D131/><U90/><E90/><V108/><F108/><W21/><G89/><T11/><D11/><U61/><E61/><V106/><F106/><W59/><G63/><T79/><D79/><U100/><E100/><RYUUKYOKU ba="1,2" sc="356,15,240,15,134,-15,250,-15" hai0="1,5,10,19,23,28,29,37,38,40,42,44,47" hai1="13,14,15,20,27,97,98,101,102,105,107,126,127" /><INIT seed="0,2,2,1,5,42" ten="371,255,119,235" oya="0" hai0="14,47,126,80,120,106,105,76,57,8,54,23,32" hai1="28,20,15,82,22,104,1,11,122,79,91,37,94" hai2="27,102,69,77,30,127,0,119,130,3,117,88,98" hai3="13,65,78,40,118,17,34,4,35,39,31,52,85"/><T6/><D120/><U7/><E122/><V75/><F69/><W123/><G123/><T25/><D32/><U64/><E104/><N who="2" m="63575" /><F130/><W33/><G4/><T121/><D126/><U36/><E64/><V24/><F127/><W101/><G101/><T68/><D68/><U9/><E28/><V48/><F48/><W73/><G65/><T59/><D59/><U109/><E109/><V61/><F61/><W70/><G70/><T103/><D47/><U50/><E50/><V86/><F27/><W133/><G73/><T12/><D103/><U19/><E36/><V107/><F107/><W18/><G31/><T10/><D57/><U45/><E45/><V49/><F49/><W72/><G39/><T112/><D54/><U83/><E37/><V128/><F128/><W132/><G52/><T60/><D60/><U67/><E67/><V41/><F41/><W95/><G40/><T63/><D63/><U16/><E11/><V129/><F129/><W71/><G71/><T124/><D124/><U115/><E115/><V113/><F113/><W55/><G55/><T56/><D56/><U2/><E2/><V99/><F99/><W43/><G43/><T74/><D112/><U93/><E1/><N who="2" m="587" /><F77/><W62/><G62/><T135/><D121/><U96/><E94/><N who="2" m="54551" /><F75/><W81/><G72/><T51/><D51/><U92/><E92/><V134/><F134/><N who="3" m="51819" /><G95/><T116/><D135/><U58/><E58/><V89/><F89/><W66/><G66/><T87/><D74/><U108/><E79/><V44/><F44/><W38/><G38/><T97/><D106/><U5/><E93/><RYUUKYOKU ba="2,2" sc="371,-10,255,-10,119,30,235,-10" hai2="24,30,117,119" /><INIT seed="1,3,2,4,4,105" ten="361,245,149,225" oya="1" hai0="125,41,121,11,13,124,27,131,2,67,28,68,79" hai1="126,50,104,114,102,37,78,98,44,43,58,75,14" hai2="91,23,20,38,45,33,80,61,111,86,88,25,70" hai3="19,48,87,112,18,119,133,90,42,100,36,64,101"/><U4/><E114/><V132/><F111/><W39/><G112/><T60/><D131/><U94/><E126/><V40/><F132/><W92/><G133/><T47/><D2/><U57/><E104/><V83/><F33/><W21/><G119/><T115/><D79/><U89/><E102/><V7/><F7/><W53/><G64/><T3/><D3/><U120/><E120/><V116/><F116/><W74/><G19/><T54/><D54/><U16/><E4/><V32/><F32/><W129/><G129/><T46/><D121/><U65/><E65/><V35/><F35/><W81/><G42/><T69/><D69/><U0/><E0/><V15/><F15/><W106/><G106/><T72/><D72/><U29/><E29/><V71/><F61/><W51/><G51/><T127/><D41/><U118/><E37/><V77/><F23/><W135/><G135/><T30/><D115/><U8/><REACH who="1" step="1"/><E118/><REACH who="1" ten="361,235,149,225" step="2"/><V31/><REACH who="2" step="1"/><F91/><REACH who="2" ten="361,235,139,225" step="2"/><W49/><G90/><T85/><D125/><U103/><E103/><V34/><F34/><W76/><G101/><T24/><D127/><U95/><E95/><V5/><F5/><W17/><G100/><T22/><D124/><U52/><E52/><V97/><F97/><W122/><G92/><T10/><D67/><U93/><E93/><V108/><F108/><W6/><G53/><T63/><D30/><U9/><E9/><V1/><F1/><W99/><G6/><T26/><D28/><U117/><E117/><V12/><F12/><N who="3" m="9383" /><G99/><T134/><D134/><U73/><E73/><AGARI ba="3,4" hai="20,25,31,38,40,45,70,71,73,77,80,83,86,88" machi="73" ten="30,7700,0" yaku="1,1,7,1,52,1,54,1,53,0" doraHai="105" doraHaiUra="123" who="2" fromWho="1" sc="361,0,235,-86,139,126,225,0" /><INIT seed="2,0,0,4,5,131" ten="361,149,265,225" oya="2" hai0="108,50,101,0,129,21,18,102,111,1,9,59,26" hai1="37,65,24,61,19,84,35,5,109,8,31,55,75" hai2="86,87,70,72,100,124,56,42,74,135,28,76,66" hai3="99,63,17,4,27,44,6,25,98,48,34,11,132"/><V95/><F70/><W13/><G132/><T82/><D129/><U47/><E109/><N who="0" m="42057" /><D82/><U10/><E55/><V64/><F42/><N who="3" m="24599" /><G34/><T52/><D9/><U118/><E118/><V134/><F28/><W54/><G54/><T121/><D121/><U41/><E84/><N who="2" m="32299" /><F124/><W104/><G63/><T68/><D68/><U33/><E19/><V107/><F107/><W125/><G104/><T73/><D73/><N who="2" m="28266" /><F56/><W115/><G115/><T77/><D77/><U36/><E75/><V60/><F60/><W3/><G3/><AGARI ba="0,0" hai="0,1,3,18,21,26,50,52,59,101,102" m="42057" machi="3" ten="30,2000,0" yaku="14,1,54,1" doraHai="131" who="0" fromWho="3" sc="361,20,149,0,265,0,225,-20" /><INIT seed="3,0,0,0,2,104" ten="381,149,265,205" oya="3" hai0="14,111,11,1,41,57,123,130,63,107,31,16,103" hai1="6,132,62,117,26,2,87,64,108,71,126,100,115" hai2="135,66,69,105,29,78,53,73,24,74,67,25,59" hai3="98,49,77,21,119,34,95,4,52,92,15,134,61"/><W131/><G34/><T75/><D75/><U84/><E115/><V37/><F105/><W3/><G3/><T30/><D123/><U50/><E108/><V101/><F101/><W124/><G119/><T99/><D1/><U46/><E132/><V60/><F135/><W120/><G124/><T35/><D35/><U43/><E126/><V36/><F25/><W40/><G131/><T8/><D8/><U10/><E117/><V9/><F67/><W81/><G61/><T28/><D111/><U83/><E100/><V72/><F9/><W80/><G40/><T133/><D133/><U47/><E26/><V70/><F78/><W106/><G106/><T44/><D130/><U18/><E18/><V109/><F109/><W122/><G80/><T118/><D118/><U125/><E125/><V68/><REACH who="2" step="1"/><F66/><REACH who="2" ten="381,149,255,205" step="2"/><W51/><G134/><T32/><D11/><U88/><E47/><V114/><F114/><W23/><G77/><T129/><D44/><U86/><E71/><V91/><F91/><W128/><G128/><T7/><D103/><U33/><E33/><AGARI ba="0,1" hai="24,29,33,36,37,53,59,60,68,69,70,72,73,74" machi="33" ten="50,8000,1" yaku="1,1,52,3,53,1" doraHai="104" doraHaiUra="27" who="2" fromWho="1" sc="381,0,149,-80,255,90,205,0" owari="381,48.1,69,-43.1,345,14.5,205,-19.5" /></mjloggm>