<mjloggm ver="2.3"><GO type="225" lobby="0"/><UN n0="%E3%81%8B%E3%82%8F%E3%81%A1%E3%82%83%E3%82%93%35%38" n1="%4E%6F%2E%30%30%30%31" n2="%E4%BF%BA%E3%81%A8%E5%A6%96%E5%A4%A2" n3="%6D%75%75%6D%75%72%61" dan="16,18,17,16" rate="2101.46,2233.91,2216.84,2146.65" sx="M,M,F,F"/><TAIKYOKU oya="0"/><INIT seed="0,0,0,1,0,19" ten="250,250,250,250" oya="0" hai0="107,21,97,42,23,106,81,13,51,37,135,77,95" hai1="71,85,75,6,83,93,49,0,80,33,94,108,29" hai2="124,26,87,73,8,129,86,9,54,43,113,55,72" hai3="112,14,132,38,130,82,27,50,120,12,128,114,99"/><T121/><D37/><U131/><E71/><V31/><F129/><N who="3" m="49771" /><G38/><T22/><D121/><U103/><E131/><V16/><F124/><W66/><G120/><T52/><D42/><U100/><E33/><V58/><F43/><W45/><G132/><T125/><D125/><U63/><E29/><V24/><F31/><W88/><G66/><T53/><D135/><U89/><E0/><V116/><F58/><W69/><G27/><T60/><D60/><U102/><E6/><V96/><F96/><W48/><G69/><T56/><D53/><U30/><E63/><V65/><F65/><W118/><G50/><T70/><D70/><U40/><E30/><V134/><F16/><W62/><G62/><T101/><REACH who="0" step="1"/><D13/><REACH who="0" ten="240,250,250,250" step="2"/><U3/><E3/><V119/><REACH who="2" step="1"/><F134/><REACH who="2" ten="240,250,240,250" step="2"/><W59/><G114/><AGARI ba="0,2" hai="8,9,24,26,54,55,72,73,86,87,113,114,116,119" machi="114" ten="25,6400,0" yaku="1,1,2,1,22,2,53,0" doraHai="19" doraHaiUra="133" who="2" fromWho="3" sc="240,0,250,0,240,84,250,-64" /><INIT seed="1,0,0,2,4,13" ten="240,250,324,186" oya="1" hai0="107,59,16,20,61,9,120,105,71,81,2,45,96" hai1="23,46,86,110,101,19,1,118,131,66,111,65,134" hai2="67,28,128,87,80,117,77,48,119,116,60,6,56" hai3="94,92,133,121,97,114,47,27,115,55,44,103,51"/><U4/><E118/><V106/><F106/><W76/><G121/><T58/><D71/><U68/><E131/><V95/><F128/><W109/><G109/><N who="1" m="41482" /><E134/><V75/><F6/><W25/><G133/><T132/><D132/><U54/><E101/><V34/><F48/><W24/><G76/><T100/><D120/><U72/><E72/><V113/><F113/><W41/><REACH who="3" step="1"/><G92/><REACH who="3" ten="240,250,324,176" step="2"/><T52/><D105/><U108/><E108/><V21/><F95/><W22/><G22/><T35/><D35/><U91/><E68/><V99/><F34/><W12/><G12/><T7/><D81/><N who="1" m="49615" /><E1/><V135/><F135/><W126/><G126/><T123/><D123/><U10/><E10/><V37/><F116/><W125/><G125/><T5/><D5/><U0/><E4/><V29/><F117/><W78/><G78/><T64/><D45/><U17/><E0/><V11/><F119/><W102/><G102/><T53/><D59/><U50/><E23/><V69/><F21/><W89/><G89/><T124/><D124/><U62/><E62/><V31/><F69/><W43/><G43/><T104/><D104/><U122/><E122/><V30/><F11/><W93/><G93/><T70/><D70/><U8/><E8/><V90/><F90/><W57/><G57/><T98/><D98/><U33/><E33/><V130/><F99/><W74/><G74/><T127/><D127/><U63/><E63/><V73/><F130/><W26/><N who="3" m="6144" /><DORA hai="112" /><W39/><AGARI ba="0,1" hai="39,41,44,47,51,55,94,97,103,114,115" m="6144" machi="39" ten="40,8000,1" yaku="1,1,4,1,0,1,53,2" doraHai="13,112" doraHaiUra="36,49" who="3" fromWho="3" sc="240,-20,250,-40,324,-20,176,90" /><INIT seed="2,0,0,2,5,91" ten="220,210,304,266" oya="2" hai0="52,125,16,53,1,134,110,68,93,115,41,63,69" hai1="82,133,100,7,21,83,20,113,74,35,6,32,124" hai2="56,77,92,46,109,25,31,58,108,23,24,76,8" hai3="97,60,10,37,42,132,78,121,130,119,13,51,87"/><V4/><F46/><W30/><G119/><T88/><D115/><U105/><E113/><V102/><F24/><W18/><G121/><T34/><D1/><U126/><E100/><V80/><F58/><W48/><G130/><T22/><D34/><U57/><E57/><V129/><F129/><W19/><G132/><T111/><D41/><U135/><REACH who="1" step="1"/><E105/><REACH who="1" ten="220,200,304,266" step="2"/><V90/><F56/><W39/><G60/><T123/><D123/><U62/><E62/><V61/><F61/><W3/><G39/><T106/><D106/><U65/><E65/><V59/><F59/><W0/><G37/><T49/><D134/><U101/><E101/><V54/><F102/><W99/><G48/><T96/><D125/><U50/><E50/><V114/><F114/><W17/><G51/><T95/><D49/><U116/><E116/><V81/><F54/><W122/><G122/><T112/><D112/><U14/><E14/><N who="2" m="5383" /><F109/><N who="0" m="41482" /><D93/><U29/><E29/><V75/><F108/><W128/><G30/><T117/><D117/><U15/><E15/><V73/><F92/><W2/><G13/><N who="0" m="9487" /><D63/><U86/><E86/><V26/><F26/><W40/><G87/><T98/><D98/><U47/><E47/><V120/><F120/><W107/><G128/><T11/><D11/><U70/><E70/><AGARI ba="0,1" hai="52,53,68,69,70,88,95,96" m="9487,41482" machi="70" ten="30,8000,1" yaku="14,1,52,1,54,3" doraHai="91" who="0" fromWho="1" sc="220,90,200,-80,304,0,266,0" /><INIT seed="3,0,0,3,0,43" ten="310,120,304,266" oya="3" hai0="113,35,23,64,28,75,27,102,3,54,123,24,76" hai1="122,42,48,134,60,127,90,105,26,41,87,68,25" hai2="93,52,108,38,34,80,130,37,111,70,62,131,98" hai3="15,82,120,73,4,17,9,83,74,121,89,124,116"/><W72/><G116/><T91/><D123/><U88/><E122/><V115/><F115/><W18/><G124/><T8/><D64/><U19/><E105/><V77/><F34/><W0/><G18/><T104/><D75/><U1/><E1/><V95/><F38/><W20/><G83/><T39/><D39/><U29/><E127/><V33/><F33/><W40/><G40/><T101/><D76/><U81/><E134/><V86/><F37/><W30/><G30/><T53/><D91/><U16/><E25/><V71/><F52/><W61/><G61/><T117/><D117/><U14/><E90/><N who="2" m="55607" /><F95/><W106/><G106/><T36/><D36/><U110/><E110/><N who="2" m="42027" /><F62/><W96/><G96/><T112/><D54/><U125/><E125/><V84/><F84/><W45/><G45/><T109/><D53/><U11/><E19/><V97/><F97/><W65/><REACH who="3" step="1"/><G65/><REACH who="3" ten="310,120,304,256" step="2"/><T133/><D104/><U128/><E48/><V59/><F59/><W12/><G12/><T44/><D44/><U13/><E13/><V55/><F55/><W85/><AGARI ba="0,1" hai="0,4,9,15,17,20,72,73,74,82,85,89,120,121" machi="85" ten="40,3900,0" yaku="1,1,0,1,53,0" doraHai="43" doraHaiUra="92" who="3" fromWho="3" sc="310,-13,120,-13,304,-13,256,49" owari="297,9.7,107,-39.3,291,-10.9,305,40.5" /></mjloggm>