<mjloggm ver="2.3"><GO type="225" lobby="0"/><UN n0="%E7%B4%94%E6%BD%94%E3%83%94%E3%83%A9%E3%83%8B%E3%82%A2" n1="%65%6B%61%72%75%74%65" n2="%E3%81%BF%E3%81%BF%E3%81%9A" n3="%6D%75%75%6D%75%72%61" dan="18,16,17,16" rate="2287.04,2145.59,2224.26,2155.97" sx="M,M,M,F"/><TAIKYOKU oya="0"/><INIT seed="0,0,0,1,2,9" ten="250,250,250,250" oya="0" hai0="21,82,124,134,77,88,11,3,64,118,12,34,86" hai1="20,28,115,81,93,68,57,19,29,119,24,91,103" hai2="39,123,8,108,63,105,15,114,132,27,2,96,74" hai3="97,83,76,107,23,62,92,38,51,56,17,111,128"/><T95/><D34/><U60/><E119/><V14/><F123/><W129/><G38/><T94/><D118/><U7/><E68/><V40/><F114/><W13/><G107/><T49/><D124/><U117/><E115/><V75/><F2/><W26/><G111/><T99/><D134/><U84/><E7/><V58/><F27/><W45/><G26/><T66/><D3/><U110/><E110/><V10/><F108/><W116/><G116/><T16/><D49/><U87/><E117/><V113/><F113/><W32/><G32/><T48/><D48/><U67/><REACH who="1" step="1"/><E103/><REACH who="1" ten="250,240,250,250" step="2"/><V78/><F132/><W70/><G70/><T30/><D94/><U100/><E100/><V61/><F105/><W71/><G71/><T47/><D47/><U133/><E133/><V104/><F104/><W126/><G126/><T112/><D112/><U25/><E25/><AGARI ba="0,1" hai="11,12,16,21,25,30,64,66,77,82,86,88,95,99" machi="25" ten="40,12000,1" yaku="8,1,52,1,54,2" doraHai="9" who="0" fromWho="1" sc="250,130,240,-120,250,0,250,0" /><INIT seed="0,1,0,5,2,92" ten="380,120,250,250" oya="0" hai0="115,101,123,63,14,61,94,54,126,77,19,69,25" hai1="8,11,59,32,128,121,44,34,105,122,21,124,16" hai2="5,106,70,37,53,9,60,4,103,52,86,38,62" hai3="6,29,66,0,134,55,65,79,12,73,71,111,85"/><T97/><D115/><U107/><E59/><V24/><F86/><W76/><G73/><T89/><D123/><U125/><E44/><V27/><F103/><W43/><G0/><T113/><D113/><U129/><REACH who="1" step="1"/><E21/><REACH who="1" ten="380,110,250,250" step="2"/><V132/><F132/><W23/><G23/><T90/><D69/><U95/><E95/><V30/><F106/><W82/><G71/><T83/><D126/><U130/><E130/><V17/><F70/><W135/><G135/><T41/><D41/><U1/><E1/><V74/><F53/><W116/><G55/><T120/><D120/><U48/><E48/><V98/><F52/><W26/><G43/><T102/><D25/><U91/><E91/><V75/><F37/><W93/><G26/><T88/><D54/><U42/><E42/><V31/><F38/><W47/><G134/><T13/><D13/><U57/><E57/><V119/><F119/><W35/><G12/><T68/><D68/><U109/><E109/><V2/><F2/><W10/><G111/><T56/><D56/><U100/><E100/><V15/><F15/><W39/><G39/><T50/><D101/><U108/><E108/><V118/><F118/><W87/><G116/><T99/><D50/><U51/><E51/><V80/><F27/><W96/><G47/><T104/><D89/><U81/><E81/><V28/><F24/><W36/><G36/><T33/><D90/><U114/><E114/><V58/><F80/><W64/><G82/><T110/><D110/><U72/><E72/><V117/><F75/><W78/><G93/><N who="0" m="56487" /><D14/><U45/><E45/><V127/><F74/><RYUUKYOKU ba="1,1" sc="380,-10,110,30,250,-10,250,-10" hai1="8,11,16,32,34,105,107,121,122,124,125,128,129" /><INIT seed="1,2,1,4,3,8" ten="370,140,240,240" oya="1" hai0="3,100,65,67,110,58,20,5,102,53,55,74,109" hai1="39,131,114,119,68,69,62,1,76,97,85,9,127" hai2="26,54,14,112,117,122,132,71,61,101,130,64,30" hai3="32,120,66,56,2,7,45,13,17,38,93,79,34"/><U19/><E114/><V91/><F117/><W44/><G120/><T50/><D74/><U123/><E119/><V121/><F112/><W52/><G2/><T92/><D3/><U89/><E123/><V18/><F132/><W40/><G7/><T78/><D5/><U31/><E39/><V0/><F0/><W16/><G79/><T95/><D78/><U70/><E31/><V107/><F130/><W106/><G106/><T23/><D50/><U77/><E131/><V116/><F91/><W6/><G66/><T51/><D51/><U105/><E62/><V4/><F4/><W126/><G126/><T96/><D58/><U124/><E1/><V25/><F25/><W22/><G6/><T108/><D108/><U36/><E36/><V75/><F54/><W88/><G44/><T104/><D96/><U118/><E118/><V41/><F41/><W42/><G17/><T35/><D104/><U57/><E57/><V63/><F75/><W83/><G83/><T98/><D98/><U59/><E59/><V10/><F61/><W129/><G42/><T128/><D35/><U135/><E135/><V134/><F116/><W43/><G43/><T28/><D28/><U24/><E124/><V48/><F48/><N who="3" m="30727" /><G129/><AGARI ba="2,1" hai="20,23,53,55,65,67,92,95,100,102,109,110,128,129" machi="129" ten="25,1600,0" yaku="22,2" doraHai="8" who="0" fromWho="3" sc="370,32,140,0,240,0,240,-22" /><INIT seed="2,0,0,1,3,57" ten="402,140,240,218" oya="2" hai0="65,114,124,27,128,112,58,95,82,0,78,24,89" hai1="42,49,60,55,21,17,20,81,56,53,87,131,127" hai2="85,70,35,102,111,132,109,83,96,103,34,51,33" hai3="79,101,99,23,90,106,10,8,73,26,30,36,119"/><V9/><F70/><W29/><G119/><T28/><D0/><U98/><E127/><V77/><F132/><W76/><G36/><T105/><D105/><U43/><E131/><V71/><F71/><W47/><G47/><T121/><D27/><U41/><E98/><V46/><F9/><W13/><G30/><T80/><D80/><U68/><E17/><V11/><F11/><W62/><G8/><T88/><D89/><U12/><E12/><V19/><F19/><W61/><G90/><T120/><D124/><U72/><E72/><V22/><F22/><W38/><G38/><T126/><D128/><U64/><REACH who="1" step="1"/><E55/><REACH who="1" ten="402,130,240,218" step="2"/><N who="2" m="30199" /><F96/><W67/><G73/><T104/><D126/><U69/><E69/><V135/><F135/><W44/><G67/><T52/><D65/><U39/><E39/><V7/><F7/><W74/><G74/><T116/><D116/><U118/><E118/><V100/><F102/><W18/><REACH who="3" step="1"/><G44/><REACH who="3" ten="402,130,240,208" step="2"/><T32/><D120/><U31/><E31/><V16/><F100/><W134/><G134/><T123/><D121/><U97/><E97/><V115/><F103/><W59/><G59/><T93/><D123/><U40/><N who="1" m="10240" /><DORA hai="91" /><U4/><E4/><V3/><F3/><W5/><G5/><T117/><D58/><U94/><E94/><V133/><F133/><W6/><G6/><T25/><D95/><U48/><E48/><V130/><F130/><W75/><G75/><T107/><D93/><U122/><E122/><V92/><F92/><W1/><G1/><T63/><D28/><U15/><E15/><V84/><F16/><W50/><G50/><RYUUKYOKU ba="0,2" sc="402,-15,130,15,240,-15,208,15" hai1="20,21,49,53,56,60,64,68,81,87" hai3="10,13,18,23,26,29,61,62,76,79,99,101,106" /><INIT seed="3,1,2,5,2,23" ten="387,145,225,223" oya="3" hai0="54,113,76,101,75,59,124,77,21,26,22,60,97" hai1="105,52,6,99,24,13,82,2,12,49,71,61,80" hai2="85,96,116,118,17,19,106,120,18,55,129,0,15" hai3="51,11,126,4,128,78,119,91,117,44,45,86,121"/><W104/><G121/><T93/><D75/><U9/><E71/><V112/><F0/><W58/><G104/><T84/><D113/><U20/><E61/><V68/><F112/><W16/><G128/><T133/><D124/><U1/><E105/><V131/><F68/><W40/><G126/><T89/><D22/><U123/><E123/><V66/><F66/><W127/><G127/><T50/><D50/><U90/><E2/><V100/><F120/><W14/><G78/><T8/><D8/><U32/><E32/><V122/><F122/><W92/><G58/><T41/><D41/><U94/><E12/><V38/><F38/><W62/><G62/><T132/><D133/><U83/><E1/><V64/><F64/><W135/><G135/><T63/><D60/><U65/><E65/><V25/><F55/><W110/><G110/><T81/><D132/><U47/><REACH who="1" step="1"/><E82/><REACH who="1" ten="387,135,225,223" step="2"/><V108/><F15/><W56/><G4/><T87/><D87/><U74/><E74/><V43/><F131/><W130/><G130/><T34/><D34/><U36/><E36/><V72/><F129/><W48/><G117/><T37/><D37/><U95/><E95/><N who="2" m="58399" /><F72/><W7/><G119/><T73/><D73/><U31/><AGARI ba="1,3" hai="6,9,13,20,24,31,47,49,52,80,83,90,94,99" machi="31" ten="20,12000,2" yaku="1,1,0,1,7,1,8,1,52,1,54,1,53,1" doraHai="23" doraHaiUra="42" who="1" fromWho="1" sc="387,-31,135,153,225,-31,223,-61" owari="356,45.6,288,8.8,194,-20.6,162,-33.8" /></mjloggm>