<mjloggm ver="2.3"><GO type="225" lobby="0"/><UN n0="%E5%86%B7%E5%87%8D%E3%82%AE%E3%83%A7%E3%83%BC%E3%82%B6" n1="%E8%83%83%E3%81%A8%E8%85%B8" n2="%E3%82%A2%E3%82%A4%E3%82%B9%E3%83%86%E3%82%A3%E3%83%BC%E3%81%82%E3%81%B9" n3="%E5%8D%A0%E3%81%84%E5%B8%AB%E8%A3%8F%E3%81%AA%E3%81%84%E3%81%97" dan="16,17,16,16" rate="2136.78,2246.84,2123.41,2114.21" sx="M,M,M,M"/><TAIKYOKU oya="0"/><INIT seed="0,0,0,4,0,10" ten="250,250,250,250" oya="0" hai0="14,85,80,37,45,42,27,71,68,33,8,38,49" hai1="39,96,19,94,65,125,114,44,82,64,103,41,79" hai2="16,15,97,21,130,56,109,127,20,63,11,25,110" hai3="83,134,54,40,73,132,18,135,106,66,69,6,108"/><T17/><D33/><U12/><E125/><V50/><F127/><W75/><G108/><N who="2" m="41577" /><F130/><W126/><G126/><T72/><D72/><U4/><E4/><N who="2" m="3559" /><F97/><W105/><G54/><T113/><D113/><U111/><E114/><V128/><F128/><W70/><G18/><T36/><REACH who="0" step="1"/><D27/><REACH who="0" ten="240,250,250,250" step="2"/><U5/><E111/><V22/><F50/><W131/><G131/><T100/><D100/><U23/><REACH who="1" step="1"/><E5/><REACH who="1" ten="240,240,250,250" step="2"/><V60/><F60/><W61/><G6/><T117/><D117/><U34/><E34/><V129/><F129/><W104/><G61/><T101/><D101/><U119/><E119/><V99/><F99/><W53/><G134/><T2/><D2/><U30/><E30/><V92/><F92/><W123/><G132/><T57/><D57/><U32/><E32/><V118/><F118/><W120/><G135/><T1/><D1/><U88/><E88/><AGARI ba="0,2" hai="8,14,17,36,37,38,42,45,49,68,71,80,85,88" machi="88" ten="40,7700,0" yaku="1,1,52,1,54,1,53,0" doraHai="10" doraHaiUra="31" who="0" fromWho="1" sc="240,97,240,-77,250,0,250,0" /><INIT seed="0,1,0,1,0,13" ten="337,163,250,250" oya="0" hai0="22,129,28,102,106,20,26,91,48,76,95,87,77" hai1="39,11,104,101,3,64,41,62,21,36,44,55,51" hai2="47,23,117,38,42,49,90,58,37,17,110,60,126" hai3="94,84,34,122,30,133,105,97,112,8,33,27,119"/><T31/><D129/><U14/><E3/><V99/><F110/><W111/><G112/><T120/><D120/><U73/><E73/><V24/><F126/><W80/><G119/><T54/><D106/><U1/><E1/><V132/><F132/><W68/><G111/><T18/><D102/><U128/><E128/><V53/><REACH who="2" step="1"/><F117/><REACH who="2" ten="337,163,240,250" step="2"/><W127/><G133/><T10/><D10/><U131/><E131/><V5/><F5/><W59/><G127/><T4/><D4/><U83/><E11/><V67/><F67/><W25/><G8/><T61/><D61/><U118/><E118/><V109/><F109/><W0/><G122/><T29/><REACH who="0" step="1"/><D22/><REACH who="0" ten="327,163,240,250" step="2"/><U69/><E21/><V82/><F82/><W78/><G80/><T65/><D65/><U12/><E83/><V98/><F98/><W92/><G97/><T103/><D103/><U125/><E125/><V15/><F15/><W43/><G0/><T81/><D81/><U63/><E12/><V121/><F121/><W70/><G33/><T56/><AGARI ba="1,2" hai="18,20,26,28,29,31,48,54,56,76,77,87,91,95" machi="56" ten="30,11700,0" yaku="1,1,0,1,8,1,52,1,53,0" doraHai="13" doraHaiUra="107" who="0" fromWho="0" sc="327,140,163,-40,240,-40,250,-40" /><INIT seed="0,2,0,3,1,24" ten="467,123,200,210" oya="0" hai0="104,26,47,65,82,130,115,23,38,128,71,121,44" hai1="75,88,10,96,9,8,53,99,50,56,35,15,86" hai2="33,98,83,78,6,90,51,32,72,37,95,124,103" hai3="93,70,129,122,118,21,110,67,117,22,97,89,107"/><T43/><D121/><U92/><E75/><V49/><F124/><W5/><G110/><T135/><D115/><U74/><E74/><V113/><F37/><W1/><G122/><T127/><D104/><U94/><E35/><V29/><F113/><W106/><G129/><T27/><D127/><U125/><E125/><V68/><F68/><W69/><G5/><T87/><D135/><U119/><E119/><V7/><F6/><W81/><G1/><T102/><D102/><U11/><REACH who="1" step="1"/><E92/><REACH who="1" ten="467,113,200,210" step="2"/><V108/><F108/><W0/><G93/><T34/><D34/><U80/><E80/><V101/><F33/><W40/><G81/><T112/><D112/><U20/><E20/><V31/><F32/><W64/><G21/><T62/><D128/><U61/><E61/><V4/><F4/><AGARI ba="2,1" hai="4,8,9,10,11,15,50,53,56,86,88,94,96,99" machi="4" ten="40,8000,1" yaku="1,1,8,1,54,1,53,1" doraHai="24" doraHaiUra="85" who="1" fromWho="2" sc="467,0,113,96,200,-86,210,0" /><INIT seed="1,0,0,5,4,9" ten="467,209,114,210" oya="1" hai0="74,94,48,18,13,122,111,53,57,30,58,98,89" hai1="11,24,27,2,75,39,55,69,112,121,133,119,73" hai2="44,93,124,96,70,61,82,7,45,65,107,59,128" hai3="90,52,19,8,113,83,87,91,4,64,67,54,12"/><U117/><E55/><N who="3" m="21034" /><G113/><T1/><D111/><U120/><E69/><V35/><F124/><W81/><G4/><T50/><D74/><U43/><E43/><V49/><F107/><W36/><G36/><T129/><D129/><U22/><E39/><V23/><F35/><W28/><G28/><T62/><D1/><U68/><E68/><V16/><F70/><W41/><G41/><T20/><D122/><N who="1" m="47211" /><E73/><V116/><F116/><N who="1" m="44617" /><E75/><V34/><F34/><W99/><G83/><T63/><D30/><U71/><E71/><V126/><F128/><W10/><G10/><T123/><D123/><U114/><E133/><V21/><F7/><W32/><G32/><T78/><D78/><U3/><E11/><V38/><F38/><W51/><G51/><T101/><D101/><U72/><E72/><V29/><F82/><W130/><G130/><T104/><D104/><U131/><E131/><V31/><F49/><W79/><G99/><T88/><D89/><AGARI ba="0,0" hai="8,12,19,64,67,79,81,87,89,90,91" m="21034" machi="89" ten="30,3900,0" yaku="8,1,52,1,54,1" doraHai="9" who="3" fromWho="0" sc="467,-39,209,0,114,0,210,39" /><INIT seed="2,0,0,5,2,12" ten="428,209,114,249" oya="2" hai0="9,111,41,45,82,49,16,121,30,104,39,36,25" hai1="44,22,0,34,38,64,57,2,43,86,61,87,73" hai2="126,108,46,10,133,116,125,4,29,58,124,17,70" hai3="18,107,120,135,105,67,123,75,74,78,3,118,66"/><V33/><F70/><W5/><G5/><T112/><D121/><U134/><E134/><V102/><F116/><W89/><G118/><T103/><D112/><U110/><E110/><V93/><F133/><W8/><G135/><T59/><D82/><U100/><E34/><V128/><F128/><W13/><G3/><T42/><D111/><U85/><E73/><V131/><F131/><W83/><G75/><T90/><D90/><U21/><E100/><V130/><F130/><W48/><G120/><T52/><D103/><U14/><REACH who="1" step="1"/><E22/><REACH who="1" ten="428,199,114,249" step="2"/><V51/><F108/><W26/><G74/><T79/><D39/><U77/><E77/><V94/><F102/><W63/><G78/><T24/><D79/><U109/><E109/><V47/><F33/><W40/><G123/><T1/><D36/><U127/><E127/><V35/><F35/><W117/><G117/><T65/><D104/><U132/><E132/><V129/><F129/><W50/><G105/><T88/><D88/><U113/><E113/><V101/><F101/><W114/><G89/><T106/><D106/><U72/><E72/><V7/><F126/><W19/><G107/><T20/><D20/><U92/><E92/><V27/><F94/><W68/><G114/><T69/><D9/><U37/><E37/><V28/><F93/><W98/><G8/><T84/><D84/><U6/><E6/><V11/><F125/><W95/><G95/><T76/><D76/><U55/><E55/><V97/><F124/><W96/><G96/><T54/><D54/><U115/><E115/><V56/><F97/><W81/><G98/><RYUUKYOKU ba="0,1" sc="428,-10,199,30,114,-10,249,-10" hai1="0,2,14,21,38,43,44,57,61,64,85,86,87" /><INIT seed="3,1,1,5,1,74" ten="418,229,104,239" oya="3" hai0="10,0,6,122,110,44,64,101,73,112,107,69,47" hai1="108,35,33,5,102,26,89,42,75,111,28,65,98" hai2="118,87,39,25,80,92,18,20,125,30,135,95,27" hai3="81,79,99,11,116,105,120,2,36,55,21,132,90"/><W77/><G120/><T133/><D110/><N who="1" m="42027" /><E75/><V127/><F39/><W61/><G116/><T4/><D122/><U62/><E42/><V17/><F118/><W84/><G36/><T130/><D6/><U85/><E5/><V97/><F135/><W91/><G132/><T31/><D31/><U128/><E128/><V19/><F127/><W114/><G114/><T104/><D101/><U113/><E113/><V57/><F125/><W115/><G115/><T59/><D59/><N who="1" m="37087" /><E26/><V134/><F134/><W126/><G126/><T50/><D10/><U38/><E28/><V94/><F57/><N who="3" m="35007" /><G2/><T24/><D47/><U58/><E58/><V12/><F27/><W54/><G105/><T22/><D107/><N who="1" m="63959" /><E38/><V60/><F60/><W14/><G21/><T46/><D22/><U29/><E29/><V43/><F43/><W1/><G1/><T49/><D104/><U63/><E63/><V78/><REACH who="2" step="1"/><F97/><REACH who="2" ten="418,229,94,239" step="2"/><W131/><G131/><T8/><D130/><U88/><E89/><N who="3" m="33802" /><G99/><T66/><D133/><U93/><AGARI ba="1,2" hai="33,35,85,88,93" m="63959,37087,42027" machi="93" ten="30,2000,0" yaku="14,1,54,1" doraHai="74" who="1" fromWho="1" sc="418,-6,229,43,94,-6,239,-11" owari="412,51.2,272,7.2,88,-41.2,228,-17.2" /></mjloggm>