<mjloggm ver="2.3"><GO type="225" lobby="0"/><UN n0="%E2%91%A3%E9%81%BF%E9%81%8A%E6%88%AF%E3%80%90%E6%9D%B1%E5%8D%97%E3%80%91" n1="%E3%81%A1%E3%82%85%E3%81%86%E3%81%A9%E3%81%8F%E8%B1%A1%E3%81%95%E3%82%93" n2="%E9%80%9F%E6%B0%B4%E5%87%9B%E9%A6%99" n3="%74%61%6B%65%2D%79%6F%75" dan="16,17,16,16" rate="2110.01,2199.49,2165.70,2199.35" sx="M,M,F,M"/><TAIKYOKU oya="0"/><INIT seed="0,0,0,4,4,30" ten="250,250,250,250" oya="0" hai0="46,76,126,131,97,65,118,67,22,55,66,43,75" hai1="107,88,109,32,23,79,2,24,71,64,12,84,92" hai2="40,111,36,16,50,47,119,74,85,122,10,31,1" hai3="134,106,42,120,112,108,60,73,121,29,93,34,103"/><T52/><D118/><U51/><E2/><V125/><F74/><W94/><G112/><T62/><D75/><U124/><E107/><V87/><F122/><N who="3" m="47211" /><G108/><T68/><D76/><U27/><E109/><V113/><F113/><W130/><G130/><T128/><D22/><U11/><E124/><V20/><F111/><W7/><G134/><T15/><D15/><U102/><E102/><V5/><F125/><W37/><G73/><T33/><D97/><U77/><E64/><N who="0" m="24681" /><D33/><U38/><E38/><V98/><F119/><W54/><G7/><T104/><D104/><U82/><E71/><V19/><F36/><W89/><G106/><T18/><D18/><U110/><E110/><V99/><F19/><W13/><G103/><T81/><D81/><U28/><E51/><V41/><F41/><W80/><G13/><T86/><D86/><U0/><E0/><V53/><F40/><W45/><G80/><T70/><D70/><U21/><E24/><V129/><F31/><W117/><G117/><T100/><D100/><U105/><E105/><V78/><F129/><N who="0" m="49738" /><D126/><U83/><E83/><V101/><F78/><W114/><G114/><T49/><AGARI ba="0,0" hai="43,46,49,52,55,62,67,68" m="49738,24681" machi="49" ten="30,11700,0" yaku="19,1,34,2,54,1" doraHai="30" who="0" fromWho="0" sc="250,117,250,-39,250,-39,250,-39" /><INIT seed="0,1,0,5,5,110" ten="367,211,211,211" oya="0" hai0="81,103,40,44,68,31,131,9,70,61,126,101,111" hai1="51,108,47,59,119,27,122,63,41,15,84,121,117" hai2="76,116,42,11,90,123,135,34,48,112,124,106,118" hai3="14,100,83,53,18,114,89,21,28,129,72,56,107"/><T104/><D111/><U43/><E27/><V5/><F106/><W128/><G28/><T120/><D120/><N who="1" m="46187" /><E15/><V92/><F123/><W24/><G114/><T26/><D101/><U73/><E84/><V16/><F34/><W133/><G133/><T97/><D70/><U71/><E73/><V4/><F76/><W6/><G107/><T91/><D81/><U58/><E108/><V52/><F42/><W132/><G132/><T74/><D91/><U8/><E8/><V134/><F112/><W125/><G125/><T35/><D9/><U65/><E41/><V45/><F124/><W115/><G100/><T39/><D126/><U3/><E3/><V7/><F135/><W12/><G115/><T29/><D29/><U105/><E105/><V127/><F127/><W79/><G89/><T88/><D88/><U17/><E17/><V95/><F134/><W86/><G72/><T13/><D13/><U38/><E58/><V85/><REACH who="2" step="1"/><F95/><REACH who="2" ten="367,211,201,211" step="2"/><W60/><G6/><T87/><D35/><U49/><E71/><V113/><F113/><W80/><G80/><T96/><D68/><U69/><E69/><V23/><F23/><W30/><REACH who="3" step="1"/><G14/><AGARI ba="1,1" hai="4,5,7,11,14,16,45,48,52,85,90,92,116,118" machi="14" ten="40,8000,1" yaku="1,1,54,2,53,1" doraHai="110" doraHaiUra="46" who="2" fromWho="3" sc="367,0,211,0,201,93,211,-83" /><INIT seed="1,0,0,2,1,100" ten="367,211,294,128" oya="1" hai0="26,107,14,121,104,38,132,134,24,111,120,86,124" hai1="46,64,51,90,39,125,50,129,44,9,84,58,23" hai2="98,127,106,28,126,102,65,32,21,116,131,91,29" hai3="87,47,45,52,108,19,63,17,82,30,79,5,22"/><U54/><E129/><V16/><F116/><W66/><G108/><T71/><D38/><U97/><E125/><N who="2" m="47627" /><F32/><W76/><G5/><T11/><D124/><U12/><E97/><V48/><F131/><W43/><G76/><T85/><D71/><U81/><E23/><V88/><F65/><W105/><G105/><N who="0" m="40523" /><D111/><U89/><E39/><V95/><F48/><W0/><G0/><T77/><D77/><U119/><E119/><V113/><F113/><W99/><G99/><T57/><D57/><U114/><E114/><V68/><F68/><W33/><G33/><T112/><D86/><U130/><E130/><V2/><F2/><W18/><G43/><T109/><D85/><U133/><E64/><V117/><F117/><W42/><G42/><T69/><D69/><U118/><E118/><V67/><F67/><W8/><G8/><T1/><D1/><U25/><E25/><N who="0" m="9833" /><D109/><U15/><E58/><V96/><F91/><W13/><G30/><T61/><D61/><U41/><E89/><V135/><F135/><N who="0" m="51754" /><D112/><U27/><E133/><V34/><F34/><W31/><G31/><T123/><D123/><U10/><E27/><AGARI ba="0,0" hai="16,21,27,28,29,88,95,96,98,102,106" m="47627" machi="27" ten="30,7700,0" yaku="18,1,52,1,54,2" doraHai="100" who="2" fromWho="1" sc="367,0,211,-77,294,77,128,0" /><INIT seed="2,0,0,1,2,40" ten="367,134,371,128" oya="2" hai0="69,51,10,99,20,61,30,105,19,72,83,13,42" hai1="65,78,122,52,2,85,44,91,100,106,27,1,94" hai2="8,77,82,90,53,127,128,93,81,11,103,79,29" hai3="47,21,111,64,16,12,49,109,126,110,133,26,31"/><V62/><F128/><W125/><G64/><T121/><D121/><U80/><E65/><V56/><F103/><W18/><G133/><T41/><D30/><U0/><E122/><V24/><F127/><N who="3" m="48651" /><G12/><T4/><D51/><U25/><E106/><V46/><F82/><W43/><AGARI ba="0,0" hai="16,18,21,26,31,43,47,49,109,110,111" m="48651" machi="43" ten="40,8000,1" yaku="14,1,18,1,52,1,54,1" doraHai="40" who="3" fromWho="3" sc="367,-20,134,-20,371,-40,128,80" /><INIT seed="3,0,0,4,5,51" ten="347,114,331,208" oya="3" hai0="85,46,71,115,20,43,58,0,67,26,124,129,103" hai1="10,114,57,104,41,74,14,105,29,70,121,13,89" hai2="38,7,45,134,3,91,30,131,33,93,12,44,107" hai3="48,106,39,61,128,94,56,27,116,126,8,113,16"/><W31/><G113/><T34/><D115/><U97/><E121/><V87/><F107/><W60/><G116/><T1/><D34/><U11/><E114/><V98/><F3/><W6/><G106/><T17/><D71/><U2/><E70/><V19/><F131/><W50/><G128/><T36/><D129/><U133/><E74/><V63/><F134/><W32/><G126/><T47/><D124/><U77/><E133/><V37/><F7/><W23/><G39/><T132/><D103/><U109/><E2/><V84/><F30/><W83/><G83/><T102/><D102/><U28/><E77/><V80/><F33/><W92/><G48/><T68/><D68/><U59/><E41/><V110/><F110/><W123/><G50/><T9/><D47/><U101/><E89/><V81/><F37/><W108/><G108/><T69/><D69/><U127/><E109/><V135/><F135/><W90/><G123/><T66/><D66/><U54/><E127/><V53/><F38/><W22/><G60/><N who="0" m="38295" /><D132/><U72/><E72/><V79/><F84/><W130/><G130/><T24/><D24/><U96/><REACH who="1" step="1"/><E101/><REACH who="1" ten="347,104,331,208" step="2"/><V120/><F120/><W112/><G90/><T76/><D1/><U78/><E78/><V75/><F75/><W88/><G88/><T100/><D100/><U52/><AGARI ba="0,1" hai="10,11,13,14,28,29,52,54,57,59,96,97,104,105" machi="52" ten="25,12000,2" yaku="1,1,0,1,22,2,52,2,54,1,53,0" doraHai="51" doraHaiUra="64" who="1" fromWho="1" sc="347,-30,104,130,331,-30,208,-60" owari="317,41.7,234,-16.6,301,10.1,148,-35.2" /></mjloggm>