<mjloggm ver="2.3"><GO type="225" lobby="0"/><UN n0="%E5%8F%AF%E5%85%90%E9%82%A3%E7%94%B1%E5%A4%9A" n1="%72%69%6F%75%63%68%61%6E" n2="%E4%BE%BF%E6%89%80" n3="%E3%83%B4%E3%82%A3%E3%83%AF%E3%82%B3%E3%82%B0%E3%83%8B" dan="17,17,16,16" rate="2241.66,2236.61,2080.87,2114.66" sx="F,M,M,M"/><TAIKYOKU oya="0"/><INIT seed="0,0,0,1,4,87" ten="250,250,250,250" oya="0" hai0="108,71,50,76,62,105,29,127,44,4,36,45,75" hai1="97,60,123,131,115,109,122,57,19,37,111,27,11" hai2="39,9,100,84,41,23,49,55,63,32,128,56,90" hai3="98,106,13,65,104,114,81,129,99,88,18,103,25"/><T22/><D105/><U85/><E37/><V110/><F32/><W52/><G129/><T42/><D127/><U73/><E73/><V21/><F128/><W77/><G114/><T14/><D108/><N who="1" m="41547" /><E131/><V38/><F110/><W3/><G3/><T68/><D62/><U59/><E115/><V135/><F135/><W26/><G65/><T80/><D29/><U116/><E116/><V82/><F100/><W133/><G133/><T43/><REACH who="0" step="1"/><D4/><REACH who="0" ten="240,250,250,250" step="2"/><U1/><E60/><V8/><F63/><W95/><G106/><T34/><D34/><U118/><E118/><V69/><F69/><W54/><G25/><T10/><D10/><U2/><E11/><V130/><F130/><W20/><REACH who="3" step="1"/><G26/><REACH who="3" ten="240,250,250,240" step="2"/><T31/><D31/><U78/><E27/><V72/><F8/><W96/><G96/><T132/><D132/><U121/><E97/><V16/><F9/><W83/><G83/><T0/><D0/><N who="1" m="107" /><E19/><AGARI ba="0,2" hai="14,19,22,36,42,43,44,45,50,68,71,75,76,80" machi="19" ten="40,2000,0" yaku="1,1,53,0" doraHai="87" doraHaiUra="35" who="0" fromWho="1" sc="240,40,250,-20,250,0,240,0" /><INIT seed="0,1,0,2,3,73" ten="280,230,250,240" oya="0" hai0="39,7,107,55,21,126,44,70,129,47,134,25,104" hai1="99,9,125,112,49,66,18,95,26,93,57,32,1" hai2="35,116,123,15,88,54,61,5,130,17,33,36,45" hai3="78,118,84,94,124,87,128,40,68,127,37,24,106"/><T133/><D70/><U42/><E125/><N who="3" m="48202" /><G68/><T103/><D126/><U113/><E42/><V109/><F123/><W14/><G37/><T114/><D114/><N who="1" m="44139" /><E32/><V22/><F109/><W27/><G40/><T43/><D7/><N who="1" m="1263" /><E99/><V132/><F132/><N who="0" m="50794" /><D129/><U135/><E135/><V100/><F130/><W23/><G106/><T120/><D120/><U101/><E101/><V31/><F100/><W56/><G56/><T86/><D103/><U110/><E110/><V79/><F33/><W62/><G118/><T117/><D117/><U85/><E85/><V41/><F5/><W48/><G84/><T83/><D86/><U10/><E49/><V4/><F116/><W59/><G48/><N who="0" m="29087" /><D83/><U12/><E26/><V90/><F35/><W89/><G128/><T64/><D64/><U63/><AGARI ba="1,0" hai="10,12,18,57,63,66,93,95" m="1263,44139" machi="63" ten="30,1100,0" yaku="11,1" doraHai="73" who="1" fromWho="1" sc="280,-6,230,14,250,-4,240,-4" /><INIT seed="1,0,0,5,3,12" ten="274,244,246,236" oya="1" hai0="11,24,121,52,76,14,105,10,50,83,81,98,40" hai1="2,84,134,87,70,55,37,5,57,91,116,53,74" hai2="68,25,34,67,35,28,61,125,88,73,6,20,15" hai3="115,8,27,89,85,47,108,114,60,30,110,82,119"/><U1/><E116/><V133/><F73/><W0/><G119/><T39/><D121/><U113/><E113/><V41/><F125/><W44/><G60/><T33/><D39/><U99/><E70/><V103/><F133/><W16/><G114/><T65/><D40/><U129/><E74/><V22/><F103/><W58/><G58/><T75/><D65/><U48/><E134/><V49/><F41/><W9/><G9/><T94/><D105/><U120/><E120/><V51/><F22/><N who="3" m="13767" /><G30/><T46/><D81/><U59/><E129/><V93/><F34/><W56/><G56/><T79/><D79/><U112/><E112/><V21/><F21/><W132/><G115/><T72/><D72/><U86/><E37/><V104/><F104/><W109/><G132/><T118/><D118/><U100/><E91/><V42/><F42/><W26/><G26/><T131/><D131/><U29/><E29/><V38/><F38/><W97/><G97/><T63/><D63/><U92/><REACH who="1" step="1"/><E5/><AGARI ba="0,0" hai="0,5,8,44,47,82,85,89,108,109,110" m="13767" machi="5" ten="30,3900,0" yaku="14,1,52,1,54,1" doraHai="12" who="3" fromWho="1" sc="274,0,244,-39,246,0,236,39" /><INIT seed="2,0,0,2,4,3" ten="274,205,246,275" oya="2" hai0="88,84,114,8,124,53,125,69,25,91,67,80,22" hai1="118,131,40,63,127,17,56,11,0,34,66,45,24" hai2="109,50,86,121,85,38,15,65,57,10,23,64,135" hai3="110,130,107,97,12,37,105,30,78,26,9,73,71"/><V6/><F121/><W117/><G117/><T99/><D114/><U18/><E127/><N who="0" m="48713" /><D53/><U61/><E131/><V92/><F38/><W36/><G71/><T55/><D55/><U52/><E118/><V76/><F135/><W89/><G130/><T87/><D99/><U119/><E119/><V113/><F113/><W98/><G78/><T75/><D75/><U59/><E34/><V83/><F109/><W5/><G73/><T81/><D8/><U49/><REACH who="1" step="1"/><E24/><REACH who="1" ten="274,195,246,275" step="2"/><V120/><F120/><W93/><G26/><T72/><D72/><U62/><E62/><V122/><F122/><W126/><G126/><T115/><D115/><U74/><E74/><V19/><F50/><W82/><G36/><T112/><D112/><U111/><E111/><V132/><F132/><W101/><G37/><T21/><D25/><U96/><E96/><V46/><F86/><W68/><G110/><T41/><D41/><U106/><E106/><V7/><F85/><W108/><G108/><T58/><D69/><U47/><E47/><V129/><F129/><W51/><G68/><T44/><D44/><U116/><E116/><V20/><F46/><W95/><G51/><T2/><D84/><U79/><E79/><V103/><F76/><W39/><G39/><T70/><D70/><U123/><E123/><V100/><F57/><W33/><G107/><T14/><D87/><U94/><E94/><V60/><F92/><W16/><G105/><T134/><D134/><U27/><E27/><N who="2" m="14751" /><F60/><W43/><G98/><T29/><D58/><U104/><E104/><V77/><F77/><W1/><G97/><RYUUKYOKU ba="0,1" sc="274,-10,195,30,246,-10,275,-10" hai1="0,11,17,18,40,45,49,52,56,59,61,63,66" /><INIT seed="3,1,1,1,5,120" ten="264,225,236,265" oya="3" hai0="29,36,16,106,52,135,3,46,89,111,58,104,62" hai1="98,90,48,131,84,49,69,132,70,42,101,40,122" hai2="133,66,39,105,96,61,68,86,87,92,72,109,60" hai3="59,10,113,28,43,47,79,15,0,75,23,74,83"/><W26/><G113/><T124/><D3/><U82/><E122/><V85/><F72/><W21/><G0/><T25/><D111/><U121/><E121/><V53/><F39/><W134/><G134/><T125/><D135/><U93/><E132/><V50/><F133/><W123/><G123/><T54/><D89/><U102/><E131/><V11/><F105/><W33/><G74/><T80/><D80/><U107/><E107/><V45/><F60/><W2/><G59/><T8/><D29/><U14/><E102/><V19/><F109/><W110/><G110/><T17/><D17/><U18/><E69/><V5/><F19/><W77/><G77/><T91/><D91/><U73/><E70/><V118/><F118/><W44/><G2/><T7/><D7/><U115/><E115/><V116/><F116/><W117/><G117/><T1/><D1/><U78/><E48/><V27/><F27/><W41/><G44/><T9/><D104/><N who="1" m="63543" /><E49/><V20/><F20/><AGARI ba="1,1" hai="14,18,20,40,42,73,78,82,84,90,93" m="63543" machi="20" ten="30,1000,0" yaku="24,1" doraHai="120" who="1" fromWho="2" sc="264,0,225,23,236,-13,265,0" /><INIT seed="4,0,0,5,3,121" ten="264,248,223,265" oya="0" hai0="119,34,81,49,128,135,88,73,0,80,35,66,83" hai1="42,40,54,62,79,89,6,134,127,14,85,32,44" hai2="11,55,125,16,41,50,91,114,58,23,94,27,68" hai3="106,101,39,90,78,133,31,69,64,112,3,70,102"/><T56/><D119/><U100/><E127/><V93/><F125/><W97/><G3/><T111/><D0/><U71/><E32/><V21/><F68/><W120/><G39/><T4/><D4/><U19/><E134/><V36/><F114/><W22/><G112/><T30/><D73/><U13/><E100/><V28/><F11/><W117/><G78/><T47/><D135/><U43/><E79/><V82/><F36/><W116/><G90/><T67/><D128/><U53/><E6/><V2/><F2/><W18/><G31/><T1/><D1/><U59/><E71/><V77/><F41/><W129/><G133/><T105/><D105/><U95/><REACH who="1" step="1"/><E19/><REACH who="1" ten="264,238,223,265" step="2"/><V9/><F91/><W38/><G69/><T130/><D35/><U46/><E46/><V103/><F103/><W33/><G102/><T8/><D47/><U10/><E10/><V108/><F9/><W51/><G33/><T45/><D8/><U15/><E15/><V37/><F108/><W115/><G70/><T52/><D111/><U12/><E12/><N who="2" m="9351" /><F37/><W109/><G109/><T63/><D130/><U20/><E20/><V61/><F61/><W48/><G129/><T123/><D34/><U122/><E122/><V96/><F96/><W65/><G120/><T98/><D123/><U72/><E72/><V87/><AGARI ba="0,1" hai="23,27,28,50,55,58,77,82,87,93,94" m="9351" machi="87" ten="30,2000,0" yaku="8,1,54,1" doraHai="121" who="2" fromWho="2" sc="264,-10,238,-5,223,30,265,-5" /><INIT seed="5,0,0,5,0,73" ten="254,233,253,260" oya="1" hai0="104,85,72,17,130,127,89,93,68,124,81,60,67" hai1="12,83,0,36,42,45,27,48,88,78,44,131,20" hai2="25,135,30,50,129,56,21,132,119,40,66,87,122" hai3="114,51,4,35,79,39,11,115,61,52,120,55,37"/><U69/><E0/><V14/><F119/><W6/><G120/><T31/><D130/><U49/><E69/><V71/><F122/><W121/><G121/><T15/><D104/><U84/><E131/><V110/><F129/><W47/><G35/><T5/><D5/><U123/><E123/><V77/><F110/><W103/><G103/><T59/><D31/><U3/><E3/><V107/><F107/><W74/><G61/><T63/><D72/><U76/><E12/><V26/><F14/><W7/><G55/><T100/><D100/><U102/><E102/><V32/><F71/><W134/><G11/><T28/><D28/><N who="1" m="17511" /><E36/><V53/><F66/><W116/><G116/><T94/><D63/><U8/><E8/><V133/><F40/><AGARI ba="0,0" hai="40,42,44,45,48,49,76,78,83,84,88" m="17511" machi="40" ten="30,11600,0" yaku="8,1,52,2,54,1" doraHai="73" who="1" fromWho="2" sc="254,0,233,116,253,-116,260,0" owari="254,-14.6,349,44.9,137,-36.3,260,6.0" /></mjloggm>