<mjloggm ver="2.3"><GO type="225" lobby="0"/><UN n0="%E9%80%9F%E6%B0%B4%E5%87%9B%E9%A6%99" n1="%E3%83%AD%E3%83%83%E3%83%86%E9%9B%80%E7%90%83" n2="%E3%81%A1%E3%82%85%E3%81%86%E3%81%A9%E3%81%8F%E8%B1%A1%E3%81%95%E3%82%93" n3="%43%68%65" dan="16,17,17,16" rate="2084.07,2188.66,2160.89,2157.06" sx="F,M,M,M"/><TAIKYOKU oya="0"/><INIT seed="0,0,0,1,5,48" ten="250,250,250,250" oya="0" hai0="59,37,91,3,43,77,40,109,127,121,54,4,29" hai1="13,11,74,56,10,73,51,61,12,79,131,66,22" hai2="98,9,69,7,53,27,132,112,119,75,84,82,90" hai3="118,23,2,58,63,81,83,62,96,126,33,103,125"/><T17/><D121/><U116/><E131/><V68/><F112/><W113/><G113/><T70/><D70/><U19/><E116/><V46/><F132/><W87/><G33/><T117/><D117/><U107/><E107/><V111/><F111/><W128/><G118/><T24/><D17/><U41/><E79/><V95/><F119/><W108/><G2/><T16/><D16/><U130/><E130/><V20/><F75/><W50/><G128/><T85/><D127/><N who="3" m="48649" /><G23/><T102/><D77/><U124/><E124/><V26/><F26/><W1/><G1/><T89/><D102/><U49/><E22/><V8/><F8/><W42/><G83/><T36/><D91/><U57/><E49/><V60/><F7/><W106/><G108/><T110/><D4/><U93/><E93/><V44/><F9/><W15/><G15/><T104/><D3/><U100/><E12/><V5/><F5/><W94/><G94/><T47/><D104/><U52/><E10/><V135/><F135/><W0/><G0/><T88/><D110/><U64/><E41/><V67/><F69/><W115/><G115/><T134/><D109/><U129/><E129/><V80/><F80/><W25/><G25/><T123/><D123/><U76/><E76/><V105/><F105/><W28/><G28/><T92/><D134/><U101/><REACH who="1" step="1"/><E66/><REACH who="1" ten="250,240,250,250" step="2"/><V45/><F95/><W30/><G42/><T6/><D40/><U133/><E133/><V35/><F35/><W32/><G32/><T55/><D43/><U71/><E71/><V122/><F122/><W18/><G106/><T21/><D92/><RYUUKYOKU ba="0,1" sc="250,-10,240,30,250,-10,250,-10" hai1="11,13,19,51,52,56,57,61,64,73,74,100,101" /><INIT seed="1,1,1,4,3,7" ten="240,270,240,240" oya="1" hai0="68,41,114,127,32,44,95,120,58,102,20,35,121" hai1="116,123,80,21,90,110,81,52,3,50,115,67,130" hai2="96,12,73,0,59,111,33,104,53,64,119,56,6" hai3="133,19,38,9,118,79,29,36,82,122,28,85,34"/><U2/><E115/><V93/><F119/><W30/><G122/><N who="0" m="47211" /><D68/><U108/><E116/><V72/><F104/><W40/><G118/><T94/><D114/><U109/><E123/><V26/><F0/><N who="1" m="41" /><E130/><V135/><F111/><W77/><G34/><N who="0" m="12843" /><D102/><U112/><E112/><V43/><F135/><W5/><G19/><T105/><D105/><U18/><E90/><V65/><F43/><W92/><G133/><T24/><D58/><N who="1" m="33047" /><E67/><V49/><F26/><AGARI ba="1,1" hai="18,21,26,80,81,108,109,110" m="33047,41" machi="26" ten="40,7700,0" yaku="14,1,10,1,54,1" doraHai="7" who="1" fromWho="2" sc="240,0,270,90,240,-80,240,0" /><INIT seed="1,2,0,2,3,101" ten="240,360,160,240" oya="1" hai0="48,59,42,73,31,104,35,4,125,86,98,95,26" hai1="106,81,56,55,72,49,67,63,115,36,18,130,52" hai2="79,111,128,127,87,74,10,3,54,77,23,37,61" hai3="123,40,91,109,2,85,29,124,108,47,82,27,33"/><U102/><E115/><V76/><F37/><W80/><G123/><T96/><D73/><U19/><E36/><V119/><F119/><W62/><G2/><T21/><D125/><U114/><E114/><V129/><F127/><W131/><G124/><T57/><D4/><U89/><E130/><V65/><F111/><N who="3" m="42571" /><G62/><T45/><D35/><U9/><E9/><V134/><F74/><W94/><G131/><T32/><D32/><U25/><E25/><V78/><F134/><W7/><G7/><T64/><D64/><U39/><E39/><AGARI ba="2,0" hai="27,29,33,39,40,47,80,82,85,91,94" m="42571" machi="39" ten="30,1000,0" yaku="14,1" doraHai="101" who="3" fromWho="1" sc="240,0,360,-16,160,0,240,16" /><INIT seed="2,0,0,4,0,37" ten="240,344,160,256" oya="2" hai0="96,49,123,8,69,16,101,63,73,103,31,92,35" hai1="54,21,133,42,48,66,28,85,100,46,23,2,134" hai2="26,40,70,99,41,105,71,109,98,121,80,122,50" hai3="125,24,91,60,19,132,90,1,110,30,7,14,53"/><V126/><F50/><W118/><G118/><T93/><D73/><U77/><E2/><V104/><F80/><W61/><G110/><T20/><D123/><U86/><E66/><V67/><F67/><W29/><G125/><T107/><D101/><U13/><E100/><V120/><F26/><W17/><G132/><T106/><D106/><N who="2" m="41066" /><F126/><W76/><G76/><T59/><D8/><U9/><E54/><V112/><F112/><W3/><G53/><T33/><D49/><U113/><E113/><V52/><F52/><W57/><G24/><N who="0" m="18663" /><D59/><U0/><E0/><V115/><F115/><W58/><G14/><N who="0" m="9239" /><D35/><U68/><E48/><V64/><F64/><AGARI ba="0,0" hai="63,64,69,92,93,96,103,107" m="9239,18663" machi="64" ten="30,2000,0" yaku="25,1,54,1" doraHai="37" who="0" fromWho="2" sc="240,20,344,0,160,-20,256,0" /><INIT seed="3,0,0,1,5,11" ten="260,344,140,256" oya="3" hai0="81,120,131,96,28,115,130,60,108,114,82,49,8" hai1="15,43,29,110,116,106,36,113,121,20,13,100,51" hai2="23,76,80,35,94,42,85,56,48,22,88,107,26" hai3="59,41,79,102,0,18,54,61,125,46,132,1,6"/><W34/><G125/><T123/><D28/><U112/><E36/><V75/><F35/><W91/><G132/><T90/><D49/><U128/><E121/><N who="0" m="46665" /><D60/><U109/><E128/><N who="0" m="49193" /><D8/><U38/><E116/><V93/><F93/><W122/><G122/><T33/><D33/><U104/><E100/><V10/><F26/><W21/><G34/><T99/><D108/><N who="1" m="41579" /><E38/><V105/><F105/><N who="1" m="40553" /><E29/><V32/><F32/><W31/><G31/><T64/><D64/><U103/><E103/><V16/><F107/><W66/><G102/><T69/><D69/><U52/><E43/><V67/><F67/><W129/><G129/><T62/><D62/><U55/><E55/><V101/><F101/><W47/><G54/><T24/><D24/><U118/><E118/><V134/><F134/><W71/><G71/><T45/><D45/><N who="1" m="27759" /><E20/><V126/><F126/><W53/><G53/><T65/><D65/><U127/><E127/><V87/><F56/><W78/><G47/><T39/><D39/><U7/><E7/><V124/><F124/><W63/><G63/><T73/><D73/><U2/><E2/><V19/><F75/><W68/><G68/><T25/><D25/><U133/><E133/><V30/><F30/><W57/><G6/><T119/><D119/><U58/><E58/><V92/><F10/><W5/><G59/><T14/><D115/><AGARI ba="0,0" hai="13,15,112,113,115" m="27759,40553,41579" machi="115" ten="40,8000,1" yaku="14,1,52,2,54,1" doraHai="11" who="1" fromWho="0" sc="260,-80,344,80,140,0,256,0" owari="180,-22.0,424,52.4,140,-36.0,256,5.6" /></mjloggm>