<mjloggm ver="2.3"><GO type="225" lobby="0"/><UN n0="%72%69%6F%75%63%68%61%6E" n1="%E3%81%A8%E3%82%89%E3%81%84%E3%81%A1" n2="%E5%8E%9F%E7%AF%80%E5%AD%90" n3="%E7%82%BA%E4%BA%86%E6%89%93%E6%95%97%E7%94%B7%E5%8F%8B%E7%9A%84" dan="16,16,16,16" rate="2133.93,2099.86,2090.68,2067.59" sx="M,M,F,F"/><TAIKYOKU oya="0"/><INIT seed="0,0,0,3,2,110" ten="250,250,250,250" oya="0" hai0="35,16,104,45,102,44,12,46,62,123,37,97,24" hai1="116,53,36,84,31,22,29,129,2,78,66,105,49" hai2="67,14,3,82,90,11,86,30,96,87,15,69,32" hai3="106,13,94,25,41,68,113,47,72,85,6,80,39"/><T19/><D123/><U0/><E116/><V33/><F3/><W93/><G106/><T79/><D79/><U91/><E105/><V122/><F122/><W9/><G72/><T133/><D133/><U81/><E36/><V73/><F73/><W76/><G68/><T114/><D114/><U63/><E129/><V26/><F33/><W61/><G113/><T134/><D134/><U43/><E43/><V95/><F87/><W127/><G127/><T119/><D119/><U18/><E78/><V50/><F50/><W20/><REACH who="3" step="1"/><G61/><REACH who="3" ten="250,250,250,240" step="2"/><T83/><D62/><U77/><E77/><V58/><F69/><W48/><G48/><T103/><D37/><U51/><E51/><V55/><F67/><W74/><G74/><T126/><D126/><U101/><E49/><V109/><F109/><W1/><G1/><T38/><D38/><U21/><E66/><V17/><F55/><W27/><G27/><T98/><D24/><N who="1" m="14391" /><E0/><V71/><F71/><W5/><G5/><T52/><D12/><U121/><E2/><V120/><F120/><W65/><G65/><T54/><D54/><U60/><E121/><V88/><F15/><W75/><G75/><T130/><D52/><U92/><E53/><V125/><F125/><W28/><AGARI ba="0,1" hai="6,9,13,20,25,28,39,41,47,76,80,85,93,94" machi="28" ten="20,5200,0" yaku="1,1,0,1,7,1,53,1" doraHai="110" doraHaiUra="4" who="3" fromWho="3" sc="250,-26,250,-13,250,-13,240,62" /><INIT seed="1,0,0,5,3,101" ten="224,237,237,302" oya="1" hai0="111,89,102,126,107,80,23,54,47,60,129,123,58" hai1="75,24,94,41,34,118,96,20,57,119,19,93,14" hai2="87,16,133,127,64,30,48,40,98,124,6,13,92" hai3="66,43,44,112,125,45,128,28,21,5,103,130,2"/><U31/><E75/><V99/><F133/><W82/><G112/><T69/><D111/><U38/><E93/><V35/><F64/><W26/><G125/><N who="2" m="48201" /><F6/><W120/><G120/><T49/><D129/><N who="3" m="49769" /><G66/><T79/><D126/><U113/><E113/><V8/><F30/><W59/><G59/><T53/><D123/><U132/><E132/><V0/><F0/><W17/><G103/><T85/><D69/><U91/><REACH who="1" step="1"/><E57/><REACH who="1" ten="224,227,237,302" step="2"/><V83/><F92/><W33/><G82/><T116/><D116/><U135/><E135/><V10/><F35/><W109/><G33/><T4/><D58/><U46/><AGARI ba="0,1" hai="14,19,20,24,31,34,38,41,46,91,94,96,118,119" machi="46" ten="30,6000,0" yaku="1,1,0,1,53,1" doraHai="101" doraHaiUra="70" who="1" fromWho="1" sc="224,-20,227,70,237,-20,302,-20" /><INIT seed="1,1,0,5,0,8" ten="204,297,217,282" oya="1" hai0="118,96,91,5,65,80,84,135,85,128,102,43,49" hai1="26,12,75,127,24,71,58,110,111,15,73,121,74" hai2="101,31,63,0,1,28,130,87,37,42,119,120,126" hai3="90,76,39,61,97,41,98,54,23,13,38,25,36"/><U105/><E121/><V89/><F120/><W123/><G123/><T19/><D118/><U95/><E71/><V82/><F119/><W32/><G76/><T114/><D114/><U59/><E105/><V10/><F130/><W109/><G109/><N who="1" m="41482" /><E127/><V100/><F126/><W125/><G125/><T79/><D128/><U14/><E95/><V55/><F42/><W124/><G124/><T117/><D117/><U78/><E78/><V53/><F31/><W18/><G41/><T77/><D135/><U112/><E112/><V2/><F37/><W129/><G129/><T66/><D5/><U133/><E133/><V50/><F28/><W103/><G90/><T29/><D29/><U46/><E46/><V92/><F10/><W33/><G98/><T93/><D19/><U70/><E70/><V27/><F27/><AGARI ba="1,0" hai="12,14,15,24,26,27,58,59,73,74,75" m="41482" machi="27" ten="40,18000,2" yaku="28,2,14,1,10,1,52,3" doraHai="8" who="1" fromWho="2" sc="204,0,297,183,217,-183,282,0" /><INIT seed="1,2,0,4,3,95" ten="204,480,34,282" oya="1" hai0="126,61,49,53,38,72,93,32,9,82,134,41,58" hai1="91,116,101,31,68,51,124,76,2,24,121,48,16" hai2="36,33,85,45,43,54,127,110,71,89,22,97,77" hai3="59,6,34,14,64,55,70,29,133,79,69,88,47"/><U103/><E116/><V84/><F33/><W129/><G129/><T46/><D32/><U4/><E121/><V107/><F110/><W15/><G133/><T99/><D126/><U78/><E68/><V5/><F127/><W87/><G79/><T30/><D134/><U27/><E124/><V113/><F113/><W18/><G64/><T118/><D118/><U7/><E31/><V19/><F71/><W73/><G73/><T57/><D30/><U80/><E2/><V100/><F5/><W86/><G86/><T66/><D9/><U62/><E80/><V104/><F77/><W98/><G98/><T0/><D82/><U102/><E102/><V26/><F107/><W130/><G47/><T122/><D0/><U20/><E20/><V123/><F123/><W128/><G6/><T83/><D122/><U35/><E35/><V108/><F108/><W90/><G90/><T17/><D17/><U135/><E135/><V3/><F3/><W12/><G18/><T125/><D125/><U81/><E81/><V39/><F39/><W115/><G29/><T10/><D10/><U65/><E65/><V131/><F131/><N who="3" m="50219" /><G34/><T109/><D83/><U120/><E120/><V11/><F11/><W40/><G115/><T74/><REACH who="0" step="1"/><D109/><REACH who="0" ten="194,480,34,282" step="2"/><U23/><E16/><V96/><REACH who="2" step="1"/><F54/><REACH who="2" ten="194,480,24,282" step="2"/><W13/><G55/><T111/><D111/><U119/><E119/><V1/><F1/><W28/><G28/><T56/><D56/><U94/><E78/><V114/><F114/><W21/><G59/><T44/><D44/><U50/><E76/><V112/><F112/><W60/><G69/><RYUUKYOKU ba="2,2" sc="194,15,480,-15,24,15,282,-15" hai0="38,41,46,49,53,57,58,61,66,72,74,93,99" hai2="19,22,26,36,43,45,84,85,89,96,97,100,104" /><INIT seed="2,3,2,4,0,48" ten="209,465,39,267" oya="2" hai0="6,12,36,108,94,75,76,83,99,135,38,128,123" hai1="71,7,73,112,125,114,130,74,77,106,33,97,54" hai2="104,9,111,55,100,65,81,89,87,23,53,95,29" hai3="13,0,21,2,27,31,119,30,17,3,4,14,72"/><V98/><F111/><W11/><G72/><T16/><D123/><U90/><E71/><V109/><F109/><W45/><G45/><T132/><D108/><U47/><E33/><V19/><F65/><W103/><G103/><N who="0" m="60919" /><D6/><U129/><E7/><V78/><F29/><N who="3" m="10763" /><G119/><T60/><D60/><U116/><E125/><V110/><F9/><W63/><G63/><T32/><D32/><U113/><E116/><V115/><F115/><W46/><G46/><T52/><D52/><U43/><E77/><V25/><REACH who="2" step="1"/><F110/><REACH who="2" ten="209,465,29,267" step="2"/><W118/><G118/><T22/><D128/><N who="1" m="49259" /><E114/><V42/><F42/><W44/><G44/><T70/><D70/><U85/><E43/><V93/><F93/><W120/><G120/><T64/><D64/><U18/><E112/><V15/><F15/><AGARI ba="3,3" hai="0,2,3,4,11,13,14,15,17,21,27" m="10763" machi="15" ten="40,8000,1" yaku="35,5" doraHai="48" who="3" fromWho="2" sc="209,0,465,0,29,-89,267,119" owari="209,-19.1,465,56.5,-60,-56.0,386,18.6" /></mjloggm>