<mjloggm ver="2.3"><GO type="225" lobby="0"/><UN n0="%E3%82%B2%E3%82%B9%E8%8C%82%E5%8B%9D" n1="%28%EF%BF%A3%E2%96%BD%EF%BF%A3%29%CE%B4%E2%8C%92%E3%83%BB" n2="%E5%8D%A0%E3%81%84%E5%B8%AB%E8%A3%8F%E3%81%AA%E3%81%84%E3%81%97" n3="%E3%81%82%E3%81%B9%E3%81%99%E3%81%91" dan="16,16,16,16" rate="2054.92,2106.65,2146.02,2145.29" sx="F,M,M,M"/><TAIKYOKU oya="0"/><INIT seed="0,0,0,2,4,105" ten="250,250,250,250" oya="0" hai0="36,18,17,34,3,27,64,61,80,93,42,72,31" hai1="112,77,58,71,123,5,120,19,48,116,79,22,10" hai2="50,84,63,76,106,8,68,47,73,98,78,41,52" hai3="39,83,30,110,117,127,25,102,59,54,88,4,115"/><T56/><D3/><U0/><E71/><V9/><F84/><W15/><G115/><T74/><D93/><U107/><E107/><V99/><F99/><W65/><G117/><T108/><D108/><U2/><E116/><V133/><F133/><W20/><G39/><T122/><D122/><U70/><E70/><V131/><F131/><W55/><G110/><T121/><D121/><U29/><E2/><V90/><F78/><W37/><G37/><T66/><D64/><U32/><E112/><V82/><F90/><W104/><G104/><T24/><D80/><U96/><E96/><V51/><F63/><N who="3" m="38143" /><G127/><T89/><D89/><U14/><E123/><V53/><F68/><W49/><G49/><T21/><REACH who="0" step="1"/><D17/><REACH who="0" ten="240,250,250,250" step="2"/><U45/><E120/><V118/><F118/><W35/><G102/><T23/><D23/><U132/><E132/><V6/><F106/><W100/><G100/><T13/><D13/><U94/><E94/><V95/><F95/><W44/><G15/><T86/><D86/><U81/><E81/><V26/><F98/><W125/><G83/><T97/><D97/><U128/><E19/><V11/><F26/><W103/><G103/><T130/><D130/><U1/><E14/><V101/><F101/><W91/><G88/><T7/><D7/><U16/><E5/><V33/><F33/><W134/><G4/><T43/><D43/><U60/><E128/><V67/><F67/><W114/><G91/><T57/><D57/><U109/><E58/><N who="2" m="33047" /><F6/><W40/><G134/><T75/><D75/><U113/><E109/><V126/><F41/><W92/><G35/><RYUUKYOKU ba="0,1" sc="240,15,250,-15,250,15,250,-15" hai0="18,21,24,27,31,34,36,42,56,61,66,72,74" hai2="8,9,11,47,51,53,73,76,82,126" /><INIT seed="0,1,1,2,2,128" ten="255,235,265,235" oya="0" hai0="19,121,85,43,22,120,101,99,59,79,134,98,95" hai1="125,86,10,14,102,82,119,47,5,29,27,45,127" hai2="9,105,112,13,16,68,106,70,25,133,74,65,84" hai3="81,76,71,23,57,92,58,135,109,44,66,18,69"/><T73/><D73/><U116/><E102/><V122/><F122/><W100/><G109/><T96/><D43/><U36/><E116/><V21/><F74/><W104/><G104/><T31/><D31/><U124/><E36/><V89/><F112/><W30/><G44/><T26/><D59/><U38/><E38/><V114/><F114/><W87/><G30/><T78/><D120/><U54/><E54/><V111/><F111/><W93/><G93/><T37/><D37/><U72/><E72/><V75/><F75/><W46/><G46/><T51/><D51/><U11/><E11/><V64/><F133/><W39/><G135/><T80/><D121/><U20/><REACH who="1" step="1"/><E119/><REACH who="1" ten="255,225,265,235" step="2"/><V1/><F106/><W97/><G39/><T32/><D134/><U67/><E67/><V94/><F105/><W118/><G118/><T129/><D129/><U0/><E0/><V90/><F1/><W63/><REACH who="3" step="1"/><G71/><REACH who="3" ten="255,225,265,225" step="2"/><T107/><D107/><U35/><E35/><V52/><F68/><W132/><G132/><T24/><D32/><U53/><E53/><V6/><F52/><W15/><AGARI ba="1,3" hai="15,18,23,57,58,63,66,69,76,81,87,92,97,100" machi="15" ten="20,5200,0" yaku="1,1,0,1,7,1,53,1" doraHai="128" doraHaiUra="17" who="3" fromWho="3" sc="255,-27,225,-14,265,-14,225,85" /><INIT seed="1,0,0,5,2,16" ten="228,211,251,310" oya="1" hai0="108,59,5,35,19,10,6,121,69,94,72,52,135" hai1="62,58,13,54,41,120,31,60,86,70,116,110,117" hai2="36,29,131,34,3,40,104,50,37,79,76,44,115" hai3="25,53,45,78,33,71,129,9,111,97,133,21,95"/><U96/><E120/><V85/><F131/><W4/><G71/><T127/><D72/><U92/><E110/><V132/><F104/><W77/><G33/><T14/><D108/><U114/><E114/><V107/><F107/><W84/><G129/><T90/><D121/><U73/><E73/><V15/><F3/><W11/><G133/><T80/><D135/><U20/><E41/><V8/><F132/><W57/><G45/><T42/><D69/><U27/><E86/><V39/><F115/><W28/><G84/><T38/><D35/><U89/><REACH who="1" step="1"/><E13/><REACH who="1" ten="228,201,251,310" step="2"/><V123/><F123/><W55/><G111/><T22/><D42/><U17/><E17/><V67/><F85/><W64/><G4/><T122/><D122/><U113/><E113/><V61/><F15/><W109/><G109/><T93/><D5/><U12/><E12/><V68/><F40/><W26/><G28/><T1/><D38/><U101/><E101/><V126/><F29/><W100/><G100/><T43/><D43/><U75/><E75/><V51/><F39/><W7/><G7/><T30/><D30/><U46/><E46/><V124/><F44/><W102/><G102/><T49/><D127/><U81/><E81/><V0/><F36/><W47/><G47/><T91/><REACH who="0" step="1"/><D80/><REACH who="0" ten="218,201,251,310" step="2"/><U24/><E24/><V18/><F37/><W106/><G26/><T98/><D98/><U134/><E134/><V103/><F126/><W2/><G25/><T119/><D119/><U130/><E130/><V32/><F124/><W105/><G97/><T23/><D23/><U65/><AGARI ba="0,2" hai="20,27,31,54,58,60,62,65,70,89,92,96,116,117" machi="65" ten="30,6000,0" yaku="1,1,0,1,52,1,53,0" doraHai="16" doraHaiUra="82" who="1" fromWho="1" sc="218,-20,201,80,251,-20,310,-20" /><INIT seed="1,1,0,5,3,105" ten="198,281,231,290" oya="1" hai0="132,45,17,81,19,12,23,77,78,71,115,60,103" hai1="49,1,107,79,82,39,76,59,120,129,134,73,4" hai2="38,110,32,66,28,68,21,128,63,99,6,47,55" hai3="15,54,85,80,93,84,11,57,133,14,53,69,108"/><U97/><E39/><V125/><F110/><W7/><G108/><T62/><D132/><U58/><E120/><V91/><F125/><W13/><G69/><T46/><D115/><U135/><E79/><V3/><F128/><W42/><G42/><T130/><D130/><U30/><E30/><V35/><F21/><W117/><G133/><N who="1" m="50698" /><E49/><V109/><F109/><W126/><G126/><T95/><D17/><U116/><E116/><V114/><F114/><W8/><G117/><T16/><D19/><U72/><E72/><V33/><F91/><N who="3" m="53479" /><G54/><T36/><D36/><U98/><E129/><V41/><F99/><N who="1" m="37897" /><E107/><V101/><F55/><W29/><G29/><T94/><D103/><U52/><E52/><V70/><F101/><W64/><G7/><T100/><D71/><U113/><E113/><V67/><F28/><W111/><G111/><T118/><D118/><U40/><E40/><V90/><F90/><N who="3" m="51495" /><G53/><T18/><D100/><U61/><E61/><AGARI ba="1,0" hai="8,11,13,14,15,57,61,64" m="51495,53479" machi="61" ten="30,1000,0" yaku="8,1" doraHai="105" who="3" fromWho="1" sc="198,0,281,-13,231,0,290,13" /><INIT seed="2,0,0,5,0,13" ten="198,268,231,303" oya="2" hai0="131,69,120,32,121,123,8,50,47,92,102,52,83" hai1="64,26,116,112,84,23,101,12,125,109,111,71,49" hai2="94,122,68,86,115,80,40,107,118,22,96,15,37" hai3="129,110,79,90,105,119,18,103,16,60,24,99,70"/><V10/><F115/><W74/><G119/><T3/><D131/><U43/><E116/><V21/><F118/><W61/><G129/><T81/><D32/><U31/><E112/><V5/><F107/><W113/><G113/><T76/><D69/><U4/><E125/><V135/><F68/><W126/><G24/><T66/><D66/><U57/><E101/><V28/><F135/><W63/><G110/><N who="1" m="41994" /><E71/><V98/><F122/><W6/><G6/><T62/><D62/><N who="1" m="37967" /><E84/><V42/><F37/><W7/><G7/><T124/><D124/><U46/><E12/><V104/><F104/><W14/><G14/><T11/><D3/><U91/><E91/><V1/><F1/><W67/><G67/><T65/><D65/><U82/><E4/><V27/><F22/><W114/><G126/><T134/><D134/><U87/><E87/><V72/><F72/><W54/><G114/><T85/><REACH who="0" step="1"/><D81/><AGARI ba="0,0" hai="23,26,31,43,46,49,81,82" m="37967,41994" machi="81" ten="30,1000,0" yaku="14,1" doraHai="13" who="1" fromWho="0" sc="198,-10,268,10,231,0,303,0" /><INIT seed="3,0,0,2,5,129" ten="188,278,231,303" oya="3" hai0="35,31,16,111,110,101,15,89,7,36,82,11,122" hai1="120,44,74,76,78,103,84,13,114,53,24,40,97" hai2="63,42,113,123,65,41,56,21,1,3,22,94,17" hai3="99,132,14,80,39,20,118,55,9,104,96,133,5"/><W79/><G118/><T125/><D36/><U45/><E74/><V58/><F113/><W49/><G39/><T69/><D69/><U10/><E114/><V68/><F123/><W126/><G20/><T85/><D122/><U30/><E120/><V52/><F68/><W34/><G34/><T91/><D125/><U93/><E53/><V88/><F3/><W47/><G126/><T73/><D73/><U77/><E84/><N who="2" m="52487" /><F1/><W0/><G14/><T124/><D124/><U60/><E60/><N who="2" m="38039" /><F21/><W102/><REACH who="3" step="1"/><G99/><REACH who="3" ten="188,278,231,293" step="2"/><T119/><D119/><U18/><REACH who="1" step="1"/><E40/><REACH who="1" ten="188,268,231,293" step="2"/><V121/><F121/><W72/><AGARI ba="0,2" hai="0,5,9,47,49,55,72,79,80,96,102,104,132,133" machi="72" ten="30,18000,2" yaku="1,1,2,1,0,1,52,2,53,1" doraHai="129" doraHaiUra="32" who="3" fromWho="3" sc="188,-60,268,-60,231,-60,293,200" owari="128,-37.2,208,0.8,171,-22.9,493,59.3" /></mjloggm>