<mjloggm ver="2.3"><GO type="225" lobby="0"/><UN n0="%61%6D%65%6B%69" n1="%E6%9A%87%E4%BA%BA%EF%BC%A0%E9%85%8D%E4%BF%A1%E5%9E%A2" n2="%E3%81%99%E3%81%84%E3%81%BE%E3%81%9B%E3%83%BC%E3%82%93" n3="%77%72%77%72%77%72%77%72" dan="16,17,16,16" rate="2081.07,2185.05,2210.33,2091.34" sx="M,F,M,M"/><TAIKYOKU oya="0"/><INIT seed="0,0,0,1,4,90" ten="250,250,250,250" oya="0" hai0="127,79,98,34,36,87,8,43,107,61,60,28,53" hai1="45,101,123,115,91,133,64,92,97,134,105,26,50" hai2="132,56,75,21,86,121,124,42,108,37,117,113,62" hai3="68,112,24,116,31,95,99,131,111,52,16,77,114"/><T103/><D127/><U96/><E123/><V89/><F113/><W18/><G116/><T78/><D8/><U84/><E115/><V54/><F121/><W82/><G68/><T1/><D1/><U118/><E118/><V23/><F75/><W29/><G131/><T6/><D6/><U122/><E122/><V7/><F117/><W4/><G111/><T41/><D60/><U38/><E64/><V104/><F104/><W19/><G4/><T106/><D107/><U110/><E110/><V88/><F108/><W22/><G29/><T39/><D39/><U83/><E26/><V57/><F124/><W20/><G20/><T27/><D36/><U17/><E17/><V70/><F70/><W120/><G120/><T15/><D15/><U63/><E63/><V55/><F132/><N who="1" m="50793" /><E38/><V47/><F7/><W128/><G52/><T13/><D13/><U100/><E50/><V129/><F129/><W33/><G33/><T119/><D119/><U93/><E45/><V12/><F12/><W66/><G66/><T94/><D106/><AGARI ba="0,0" hai="83,84,91,92,93,96,97,100,101,105,106" m="50793" machi="106" ten="30,8000,1" yaku="20,1,34,2,52,2" doraHai="90" who="1" fromWho="0" sc="250,-80,250,80,250,0,250,0" /><INIT seed="1,0,0,5,0,64" ten="170,330,250,250" oya="1" hai0="3,17,33,12,123,42,28,1,122,86,62,82,115" hai1="130,72,22,57,108,87,21,75,85,107,29,99,8" hai2="32,36,93,105,89,96,10,14,78,121,76,110,126" hai3="79,95,30,19,47,80,113,34,74,94,7,6,4"/><U15/><E130/><V102/><F121/><N who="0" m="46090" /><D42/><U91/><E108/><V37/><F32/><W101/><G113/><T69/><D62/><U133/><E133/><V51/><F126/><W132/><G132/><T13/><D86/><U39/><E39/><V119/><F119/><W103/><G47/><T40/><D40/><U124/><E124/><V116/><F116/><W104/><G104/><T23/><D82/><U90/><E57/><V111/><F51/><W84/><G74/><T49/><D49/><U97/><E15/><N who="0" m="5705" /><D115/><U66/><E8/><V73/><F37/><W63/><G94/><T26/><D69/><U134/><E134/><V67/><F36/><W129/><G95/><T35/><D17/><U77/><E66/><V43/><F67/><W114/><G19/><T38/><D38/><U92/><E92/><V117/><F117/><W71/><G114/><T5/><D5/><U58/><E58/><V54/><F73/><W81/><G71/><T52/><D52/><U20/><E77/><V18/><F54/><W125/><G63/><T100/><D100/><N who="3" m="38473" /><G125/><T41/><D41/><U83/><E107/><V120/><F43/><W50/><G50/><T135/><D135/><U112/><E112/><V45/><F45/><W56/><G56/><T106/><D106/><U55/><E55/><V118/><F118/><W27/><G80/><T127/><D127/><U48/><E48/><V88/><F120/><W31/><G79/><N who="2" m="30249" /><F105/><W53/><G53/><T98/><D98/><N who="1" m="37387" /><E72/><V60/><F60/><W131/><G81/><T65/><D65/><U16/><E75/><V2/><F2/><AGARI ba="0,0" hai="1,2,3,23,26,28,33,35" m="5705,46090" machi="2" ten="30,7700,0" yaku="6,1,13,1,34,2" doraHai="64" who="0" fromWho="2" sc="170,77,330,0,250,-77,250,0" /><INIT seed="2,0,0,5,1,24" ten="247,330,173,250" oya="2" hai0="36,49,61,46,109,43,113,17,4,104,12,129,80" hai1="21,120,134,82,135,22,52,29,5,65,124,11,100" hai2="3,59,88,9,35,70,16,111,105,44,122,19,25" hai3="15,54,118,126,83,75,117,69,73,40,107,57,51"/><V123/><F70/><W115/><G107/><T71/><D104/><U62/><E124/><V1/><F105/><W26/><G126/><T89/><D113/><U90/><E120/><N who="2" m="46123" /><F59/><W72/><G69/><T114/><D114/><U128/><E100/><V81/><F44/><W112/><G83/><T27/><D129/><U86/><E128/><V58/><F58/><W6/><G40/><T119/><D119/><U108/><E52/><V130/><F81/><W84/><G84/><T78/><D89/><U102/><E102/><V55/><F55/><W50/><G50/><T34/><D36/><U116/><E116/><V31/><F88/><W66/><G66/><T131/><D131/><U41/><E90/><V76/><F76/><W98/><G98/><T48/><D48/><U97/><E62/><V33/><F130/><W10/><G118/><T18/><D61/><U92/><E97/><V79/><F79/><W68/><G68/><T7/><D71/><U30/><E92/><V32/><F111/><W85/><G85/><N who="0" m="48279" /><D109/><U94/><E108/><V23/><F9/><W28/><REACH who="3" step="1"/><G117/><REACH who="3" ten="247,330,173,240" step="2"/><T110/><D110/><U8/><E86/><V47/><F47/><W14/><G14/><T125/><D12/><U93/><E82/><V38/><F38/><W42/><G42/><T37/><D37/><U133/><E41/><V13/><F13/><W95/><G95/><T87/><D87/><U53/><E65/><V106/><F106/><W91/><G91/><T45/><D45/><U127/><E93/><V121/><N who="2" m="46131" /><V77/><DORA hai="20" /><F77/><W0/><G0/><AGARI ba="0,1" hai="0,1,3,16,19,23,25,31,32,33,35" m="46131" machi="0" ten="50,12000,1" yaku="34,2,52,2,54,1" doraHai="24,20" who="2" fromWho="3" sc="247,0,330,0,173,130,240,-120" /><INIT seed="2,1,0,1,3,82" ten="247,330,303,120" oya="2" hai0="105,44,32,34,134,12,99,17,120,30,73,37,29" hai1="1,75,2,88,42,130,111,103,108,33,83,106,24" hai2="51,93,50,125,69,43,113,121,55,132,3,123,16" hai3="129,119,27,38,63,112,97,57,0,52,46,79,13"/><V96/><F3/><W41/><G0/><T39/><D73/><U109/><E130/><V80/><F113/><W66/><G119/><T10/><D120/><U68/><E68/><V4/><F4/><W87/><G129/><T92/><D105/><U116/><E116/><V126/><F69/><W28/><G112/><T77/><D77/><N who="1" m="44479" /><E42/><V78/><F132/><W128/><G128/><T22/><D134/><U11/><E88/><N who="2" m="55335" /><F43/><W91/><G97/><T15/><D44/><U25/><E11/><V54/><F16/><W9/><G79/><T58/><D58/><U118/><E118/><V89/><F89/><W67/><G28/><T7/><D30/><N who="1" m="19655" /><E25/><V90/><F90/><W53/><G27/><T61/><D29/><U101/><E101/><V72/><F50/><W85/><G91/><T31/><D31/><U98/><AGARI ba="1,0" hai="1,2,98,103,106,108,109,111" m="19655,44479" machi="98" ten="40,2700,0" yaku="14,1,23,1" doraHai="82" who="1" fromWho="1" sc="247,-8,330,30,303,-14,120,-8" /><INIT seed="3,0,0,2,0,90" ten="239,360,289,112" oya="3" hai0="134,53,73,8,38,67,120,26,47,133,2,99,11" hai1="63,34,85,128,40,76,41,79,31,91,7,118,135" hai2="43,113,55,127,75,84,5,115,21,44,15,80,68" hai3="33,101,125,28,111,112,102,25,0,130,60,13,92"/><W86/><G112/><T42/><D73/><U119/><E128/><V14/><F68/><W114/><G0/><T87/><D120/><U107/><E107/><V95/><F127/><W54/><G130/><T23/><D67/><U83/><E135/><N who="0" m="51721" /><D2/><U46/><E7/><V35/><F35/><W71/><G114/><T122/><D122/><U81/><E63/><V70/><F70/><W110/><G125/><T3/><D3/><U98/><E98/><V66/><F66/><W93/><G13/><T29/><D99/><U88/><E31/><V62/><F15/><W20/><G33/><T19/><D87/><N who="1" m="50303" /><E34/><V30/><F75/><W77/><G71/><T104/><D104/><U49/><E40/><V9/><F43/><W1/><G1/><T17/><D53/><U56/><E56/><V24/><F44/><W116/><G116/><AGARI ba="0,0" hai="41,46,49,76,79,81,85,91,116,118,119" m="50303" machi="116" ten="30,2000,0" yaku="12,1,54,1" doraHai="90" who="1" fromWho="3" sc="239,0,360,20,289,0,112,-20" owari="239,-16.1,380,48.0,289,8.9,92,-40.8" /></mjloggm>