<mjloggm ver="2.3"><GO type="225" lobby="0"/><UN n0="%E5%B0%8F%E9%B3%A5%E9%81%8A%E7%B7%B4%E7%84%A1%32%31%E6%AD%B3" n1="%6B%69%72%61%64%6F%6B%69" n2="%E3%82%A2%E3%82%A4%E3%82%B9%E3%83%86%E3%82%A3%E3%83%BC%E3%81%82%E3%81%B9" n3="%6D%61%74%69%67%75%73%61" dan="16,16,16,17" rate="2155.47,2071.93,2091.49,2220.21" sx="F,M,M,M"/><TAIKYOKU oya="0"/><INIT seed="0,0,0,2,0,91" ten="250,250,250,250" oya="0" hai0="82,53,67,133,135,69,80,76,119,36,3,100,41" hai1="50,85,39,134,56,123,111,26,58,106,127,32,124" hai2="38,34,29,9,47,117,71,52,84,121,2,87,62" hai3="95,20,54,16,11,74,48,68,43,66,104,28,6"/><T72/><D119/><U129/><E106/><V99/><F117/><W103/><G74/><T114/><D114/><U44/><E26/><V10/><F121/><W46/><G104/><T40/><D82/><U77/><E85/><V89/><F34/><W79/><G79/><T131/><D53/><N who="1" m="29895" /><E32/><V25/><F2/><W23/><G66/><T132/><D131/><U31/><E31/><V13/><F71/><W37/><G68/><T96/><D3/><U109/><E77/><V51/><F38/><W22/><G28/><T108/><D36/><U49/><E39/><V55/><F25/><W70/><G70/><T7/><D7/><U90/><E90/><V112/><F29/><W130/><G130/><T105/><D108/><N who="1" m="41547" /><E129/><V92/><F112/><W78/><G78/><T125/><D125/><N who="1" m="48203" /><E134/><V5/><F10/><W97/><G11/><T60/><AGARI ba="0,0" hai="40,41,60,67,69,72,76,80,96,100,105,132,133,135" machi="60" ten="40,3900,0" yaku="0,1,20,1" doraHai="91" who="0" fromWho="0" sc="250,39,250,-13,250,-13,250,-13" /><INIT seed="0,1,0,4,0,90" ten="289,237,237,237" oya="0" hai0="11,113,122,77,18,116,117,70,108,28,39,14,96" hai1="9,54,101,38,41,16,1,29,51,78,97,64,105" hai2="107,60,68,98,3,32,126,59,4,119,132,37,95" hai3="24,15,46,7,17,75,74,31,111,100,40,56,86"/><T85/><D39/><U99/><E29/><V63/><F63/><W129/><G111/><T114/><D70/><U123/><E123/><V69/><F107/><W103/><G7/><T5/><D122/><U62/><E78/><V36/><F32/><W25/><G56/><T53/><D53/><U87/><E41/><V26/><F126/><W52/><G86/><T92/><D28/><U81/><E97/><V57/><F132/><W13/><G52/><T91/><D108/><U120/><E38/><V10/><F36/><W134/><G129/><T34/><D34/><U22/><E9/><V102/><F37/><W133/><G31/><T118/><D5/><U73/><E73/><V27/><F59/><W58/><G58/><T104/><REACH who="0" step="1"/><D77/><REACH who="0" ten="279,237,237,237" step="2"/><U8/><E54/><V89/><F119/><W124/><G124/><T135/><D135/><U48/><E120/><V49/><F49/><W21/><G40/><T94/><D94/><U61/><E48/><V66/><REACH who="2" step="1"/><F102/><AGARI ba="1,1" hai="11,14,18,85,91,92,96,102,104,113,114,116,117,118" machi="102" ten="40,12000,1" yaku="1,1,52,1,53,3" doraHai="90" doraHaiUra="115" who="0" fromWho="2" sc="279,133,237,0,237,-123,237,0" /><INIT seed="0,2,0,1,2,59" ten="412,237,114,237" oya="0" hai0="23,100,76,58,50,134,47,22,13,3,105,6,49" hai1="46,14,103,132,62,87,17,33,120,43,89,102,130" hai2="121,74,73,92,106,55,66,85,34,95,60,114,70" hai3="135,21,83,36,45,29,82,41,37,129,52,112,77"/><T128/><D3/><U131/><E120/><V90/><F121/><W118/><G129/><N who="1" m="49162" /><E33/><V40/><F106/><W69/><G135/><T53/><D128/><U18/><E132/><V117/><F114/><W63/><G118/><T42/><D76/><U110/><E110/><V109/><F109/><W26/><G112/><T72/><D72/><U99/><E62/><V9/><F117/><W113/><G113/><T32/><D32/><U124/><E124/><V0/><F34/><W127/><G127/><T64/><D134/><U126/><E126/><V8/><F40/><W79/><G36/><T28/><D28/><U10/><E99/><V7/><F9/><W11/><G11/><N who="0" m="4343" /><D100/><U101/><E17/><V96/><REACH who="2" step="1"/><F55/><REACH who="2" ten="412,237,104,237" step="2"/><W54/><G54/><T30/><D105/><U111/><E111/><V27/><F27/><W35/><G35/><T107/><D107/><U119/><E119/><V133/><F133/><W56/><G77/><T38/><D22/><U104/><E104/><V61/><F61/><W19/><G79/><T116/><D116/><U1/><E43/><V122/><F122/><W78/><G78/><T123/><D123/><U12/><E10/><V93/><F93/><W80/><REACH who="3" step="1"/><G69/><REACH who="3" ten="412,237,104,227" step="2"/><T75/><D75/><U2/><E2/><V31/><F31/><AGARI ba="2,2" hai="19,21,26,29,31,37,41,45,52,56,63,80,82,83" machi="31" ten="40,8000,1" yaku="1,1,2,1,52,1,54,1,53,1" doraHai="59" doraHaiUra="16" who="3" fromWho="2" sc="412,0,237,0,104,-86,227,106" /><INIT seed="1,0,0,1,3,68" ten="412,237,18,333" oya="1" hai0="114,94,75,109,17,37,92,78,26,93,61,134,105" hai1="74,15,11,22,69,57,45,84,13,1,101,110,47" hai2="54,70,99,118,122,77,12,71,133,25,79,102,62" hai3="88,119,0,6,60,104,127,4,131,116,8,112,2"/><U29/><E69/><V59/><F122/><W87/><G112/><T115/><D105/><U82/><E1/><V132/><F118/><N who="3" m="45099" /><G104/><T108/><D134/><N who="2" m="51818" /><F71/><W23/><G60/><T95/><D61/><U40/><E74/><V5/><F70/><W128/><G127/><T33/><D37/><U73/><E73/><V21/><F12/><W111/><G111/><N who="0" m="42571" /><D17/><U10/><E101/><V120/><F5/><W38/><G38/><T67/><D67/><U49/><E110/><V81/><F81/><N who="3" m="49263" /><G23/><T106/><D106/><U125/><E125/><V44/><F44/><W103/><G103/><T18/><D33/><U51/><E57/><V19/><F120/><W121/><G121/><T130/><D115/><U16/><E13/><V9/><F9/><AGARI ba="0,0" hai="0,2,4,6,8,9,128,131" m="49263,45099" machi="9" ten="30,2000,0" yaku="12,1,54,1" doraHai="68" who="3" fromWho="2" sc="412,0,237,0,18,-20,333,20" owari="412,51.2,237,-16.3,-2,-50.2,353,15.3" /></mjloggm>