<mjloggm ver="2.3"><GO type="225" lobby="0"/><UN n0="%72%69%6F%75%63%68%61%6E" n1="%E3%81%BF%E3%81%BF%E3%81%9A" n2="%E3%82%BC%E3%83%AB%E3%83%80%E3%81%AE%E4%BC%9D%E8%AA%AC" n3="%E3%83%89%E3%83%A9%E3%81%8F%E3%82%8C" dan="17,18,18,17" rate="2246.84,2249.23,2248.31,2220.76" sx="M,M,M,M"/><TAIKYOKU oya="0"/><INIT seed="0,0,0,1,0,14" ten="250,250,250,250" oya="0" hai0="7,12,72,35,74,31,28,128,55,69,13,8,81" hai1="113,96,9,58,0,126,17,6,84,26,127,27,111" hai2="36,86,23,39,93,52,38,76,16,67,89,114,32" hai3="100,25,33,51,18,87,85,79,77,123,70,118,71"/><T132/><D128/><U42/><E113/><V41/><F114/><W45/><G123/><T90/><D132/><U30/><E111/><V60/><F32/><W122/><G122/><T112/><D112/><U54/><E42/><V106/><F106/><W124/><G118/><T95/><D69/><U94/><E84/><N who="3" m="32330" /><G71/><T47/><D12/><U88/><E30/><V78/><F41/><W99/><G33/><T102/><D102/><U24/><REACH who="1" step="1"/><E17/><REACH who="1" ten="250,240,250,250" step="2"/><V97/><F86/><W40/><G18/><T10/><D28/><U22/><E22/><V44/><F44/><W119/><G45/><T92/><D31/><U131/><E131/><V133/><F133/><W73/><G40/><T110/><D35/><U1/><E1/><V116/><F116/><W29/><G29/><T4/><D110/><U109/><E109/><V11/><F11/><W68/><G119/><T20/><D20/><U117/><E117/><V2/><F2/><W37/><G37/><T46/><D46/><U34/><E34/><V62/><F16/><W80/><G73/><T108/><D108/><U50/><AGARI ba="0,1" hai="0,6,9,24,26,27,50,54,58,88,94,96,126,127" machi="50" ten="30,4000,0" yaku="1,1,0,1,54,1,53,0" doraHai="14" doraHaiUra="15" who="1" fromWho="1" sc="250,-20,240,50,250,-10,250,-10" /><INIT seed="1,0,0,2,0,85" ten="230,290,240,240" oya="1" hai0="1,67,28,95,127,94,118,13,58,90,87,116,17" hai1="133,5,23,110,119,22,19,103,62,43,16,50,37" hai2="8,107,82,42,27,48,25,104,98,30,31,46,72" hai3="91,93,114,128,54,105,69,32,112,89,21,75,135"/><U29/><E119/><V18/><F72/><W4/><G32/><T6/><D127/><U80/><E37/><V71/><F71/><W123/><G69/><T51/><D28/><U121/><E121/><V79/><F8/><W15/><G123/><T11/><D95/><U109/><E133/><V120/><F120/><W68/><G68/><T0/><D0/><U124/><E124/><V12/><F98/><W20/><G105/><T45/><D67/><U97/><E5/><V77/><F104/><W39/><G39/><T40/><REACH who="0" step="1"/><D58/><REACH who="0" ten="220,290,240,240" step="2"/><U76/><E29/><V132/><F107/><W100/><G93/><T52/><D52/><U61/><E110/><V134/><F30/><W55/><G54/><T131/><D131/><U36/><E109/><V84/><F31/><W96/><G55/><T88/><D88/><U9/><E103/><V47/><F132/><W60/><G135/><T41/><D41/><U86/><E43/><V66/><F66/><W34/><G100/><T78/><D78/><U113/><E76/><V38/><F134/><W126/><G91/><T99/><D99/><U7/><E97/><V92/><F77/><W130/><G89/><T14/><D14/><U63/><E80/><V122/><F92/><W74/><G126/><T106/><D106/><U65/><E65/><V81/><F81/><W33/><G96/><T3/><D3/><U64/><E64/><V26/><F122/><W83/><G83/><T59/><D59/><U2/><E2/><V49/><F47/><W10/><G128/><T117/><D117/><U101/><E101/><V35/><F35/><RYUUKYOKU ba="0,1" sc="220,15,290,-15,240,15,240,-15" hai0="1,6,11,13,17,40,45,51,87,90,94,116,118" hai2="12,18,25,26,27,38,42,46,48,49,79,82,84" /><INIT seed="2,1,1,4,5,12" ten="235,275,255,225" oya="2" hai0="82,33,70,13,75,32,56,5,22,59,93,99,114" hai1="3,128,14,29,54,16,107,73,78,77,55,63,9" hai2="27,49,83,65,110,61,130,104,23,46,44,124,108" hai3="69,120,6,37,0,11,126,129,96,109,134,43,51"/><V135/><F104/><W133/><G120/><T47/><D114/><U118/><E118/><V72/><F124/><W17/><G69/><T36/><D70/><U117/><E117/><V28/><F135/><N who="3" m="51723" /><G37/><T81/><D32/><U123/><E107/><V100/><F100/><W112/><G96/><T21/><D33/><U38/><E38/><V84/><F72/><W88/><G43/><T18/><D5/><U111/><E123/><V98/><F98/><W34/><G51/><T105/><D105/><U80/><E111/><N who="2" m="42539" /><F130/><W97/><G109/><T127/><D127/><U95/><E128/><V60/><F49/><W30/><G129/><T122/><D122/><U40/><E40/><V125/><F125/><W91/><G97/><T62/><D75/><U90/><E3/><V31/><F31/><W57/><G112/><T8/><D47/><N who="2" m="17962" /><F65/><W101/><G101/><T42/><D42/><U48/><E29/><V103/><F103/><W119/><G119/><T50/><D36/><U79/><E63/><V4/><F4/><W39/><G39/><T19/><D50/><U25/><E48/><V1/><F1/><W115/><G115/><T2/><D2/><U35/><E35/><V85/><F85/><W76/><G34/><T53/><D59/><U64/><E64/><V74/><F74/><W24/><G57/><T45/><D45/><U94/><E73/><V10/><F10/><W20/><G126/><T41/><D8/><U7/><E54/><V15/><F15/><W58/><G58/><T26/><D41/><U102/><E55/><V116/><F116/><W92/><G0/><RYUUKYOKU ba="1,1" sc="235,15,275,-15,255,15,225,-15" hai0="13,18,19,21,22,26,53,56,62,81,82,93,99" hai2="23,27,28,60,61,83,84" /><INIT seed="2,2,1,3,3,61" ten="250,260,270,210" oya="2" hai0="47,114,104,107,132,120,82,80,23,34,64,48,37" hai1="8,122,55,125,49,52,24,117,77,123,53,60,0" hai2="66,96,129,81,41,78,35,59,88,2,7,39,68" hai3="22,131,110,105,130,14,54,89,43,100,58,21,115"/><V124/><F35/><W79/><G110/><T119/><D114/><U97/><E117/><V18/><F68/><W70/><G70/><T106/><D120/><N who="1" m="46123" /><E125/><V113/><F113/><W46/><G115/><T133/><D34/><U75/><E97/><V12/><F129/><N who="3" m="49163" /><G79/><T126/><D126/><U91/><E91/><V116/><F116/><W111/><G111/><T11/><D119/><U134/><E134/><N who="0" m="51817" /><D37/><U4/><E60/><N who="2" m="38175" /><F124/><W5/><G89/><T57/><D11/><U26/><E49/><V27/><F2/><W86/><G86/><T67/><D23/><U1/><E0/><V84/><F41/><W93/><G105/><T13/><D13/><U69/><E69/><V109/><F39/><N who="3" m="21887" /><G100/><T102/><D102/><U101/><E101/><V98/><F109/><W40/><G40/><N who="0" m="24679" /><D57/><U29/><E29/><V112/><F112/><W30/><G30/><T128/><D128/><U94/><E94/><V25/><F78/><W103/><G93/><T33/><D33/><U50/><E50/><V83/><F83/><AGARI ba="2,1" hai="64,67,80,82,83,104,106,107" m="24679,51817" machi="83" ten="40,5200,0" yaku="20,1,52,2" doraHai="61" who="0" fromWho="2" sc="250,68,260,0,270,-58,210,0" /><AGARI ba="2,0" hai="1,4,8,24,26,52,53,55,75,77,83" m="46123" machi="83" ten="30,2000,0" yaku="13,1,54,1" doraHai="61" who="1" fromWho="2" sc="318,0,260,20,212,-20,210,0" /><INIT seed="3,0,0,1,0,62" ten="318,280,192,210" oya="3" hai0="70,10,40,81,87,8,38,103,101,48,128,135,124" hai1="42,79,9,15,129,97,2,0,95,120,46,102,7" hai2="93,133,29,51,41,50,1,14,28,60,109,113,111" hai3="75,31,20,21,73,32,99,26,92,74,54,72,49"/><W30/><N who="3" m="18432" /><DORA hai="134" /><W33/><G31/><N who="2" m="11849" /><F1/><W3/><G3/><T96/><D124/><U35/><E120/><V71/><F113/><W121/><G121/><T91/><D38/><U69/><E129/><V85/><F133/><W94/><G20/><T55/><D70/><U11/><E35/><V117/><F117/><W61/><G61/><T108/><D135/><U130/><E130/><V80/><F93/><W64/><G64/><T112/><D40/><U19/><E69/><V83/><F14/><W63/><G63/><T23/><D128/><U18/><E79/><N who="2" m="46239" /><F83/><W5/><G5/><T43/><D43/><U114/><E114/><V119/><F41/><W116/><G116/><T67/><D67/><U39/><E0/><V123/><F123/><W105/><G105/><T16/><D108/><N who="2" m="41546" /><F119/><W25/><G25/><N who="0" m="14567" /><D112/><U118/><E118/><V68/><F68/><W17/><G30/><T57/><D103/><U104/><REACH who="1" step="1"/><E18/><REACH who="1" ten="318,270,192,210" step="2"/><V90/><F90/><W45/><REACH who="3" step="1"/><G94/><AGARI ba="0,1" hai="8,10,48,55,57,81,87,91,94,96,101" m="14567" machi="94" ten="30,2000,0" yaku="8,1,54,1" doraHai="62,134" who="0" fromWho="3" sc="318,30,270,0,192,0,210,-20" /><AGARI ba="0,0" hai="2,7,9,11,15,19,39,42,46,94,95,97,102,104" machi="94" ten="40,8000,1" yaku="1,1,2,1,53,2" doraHai="62,134" doraHaiUra="22,6" who="1" fromWho="3" sc="348,0,270,80,192,0,190,-80" owari="348,14.8,350,45.0,192,-20.8,110,-39.0" /></mjloggm>