<mjloggm ver="2.3"><GO type="225" lobby="0"/><UN n0="%77%72%77%72%77%72%77%72" n1="%72%65%6E%6B%75%6E" n2="%6D%75%75%73%61%6E%6D%75" n3="%E3%81%BE%E3%81%A8%E3%81%9F" dan="17,17,16,16" rate="2187.28,2189.33,2094.98,2155.97" sx="M,M,F,M"/><TAIKYOKU oya="0"/><INIT seed="0,0,0,5,2,54" ten="250,250,250,250" oya="0" hai0="118,81,89,16,68,49,31,74,11,135,50,61,120" hai1="18,13,14,36,94,45,116,41,55,21,92,48,35" hai2="71,70,95,69,76,79,26,98,57,67,113,28,5" hai3="83,115,51,101,86,1,47,72,125,43,25,65,103"/><T107/><D118/><U131/><E131/><V87/><F113/><W32/><G115/><T80/><D120/><U29/><E116/><V73/><F5/><W91/><G1/><T4/><D107/><U122/><E122/><V6/><F6/><W75/><G125/><T129/><D129/><U42/><E42/><V10/><F10/><W37/><G37/><T2/><D31/><U12/><E35/><V102/><F73/><W38/><G38/><T114/><D114/><U82/><E82/><V126/><F126/><W58/><G72/><T90/><D135/><U24/><REACH who="1" step="1"/><E29/><REACH who="1" ten="250,240,250,250" step="2"/><V17/><F28/><W9/><G32/><T112/><D112/><U59/><AGARI ba="0,1" hai="12,13,14,18,21,24,36,41,45,48,55,59,92,94" machi="59" ten="30,7900,0" yaku="1,1,2,1,0,1,52,1,53,0" doraHai="54" doraHaiUra="33" who="1" fromWho="1" sc="250,-39,240,89,250,-20,250,-20" /><INIT seed="1,0,0,2,5,19" ten="211,329,230,230" oya="1" hai0="25,104,7,96,124,100,132,21,37,119,120,99,17" hai1="102,83,16,95,125,0,14,57,26,114,32,20,111" hai2="33,15,122,4,105,107,34,129,113,101,30,18,5" hai3="130,133,12,51,118,50,39,52,45,84,41,117,78"/><U63/><E114/><V36/><F122/><W48/><G78/><T91/><D119/><N who="3" m="45577" /><G84/><T73/><D120/><U31/><E125/><V28/><F36/><W27/><G12/><T64/><D124/><U56/><E111/><V87/><F87/><W47/><G27/><T79/><D37/><U74/><E0/><V11/><F101/><W110/><G110/><T22/><D132/><U49/><E49/><N who="3" m="19050" /><G130/><T29/><D7/><N who="2" m="2634" /><F107/><W121/><G121/><T43/><D43/><U126/><E63/><V67/><F105/><W38/><G38/><T77/><D64/><U94/><E126/><V98/><F67/><W54/><G133/><T62/><D62/><U8/><E32/><N who="2" m="12395" /><F98/><W70/><G70/><T86/><D96/><U123/><E123/><V35/><F129/><W42/><AGARI ba="0,0" hai="39,41,42,45,47,51,52,54" m="19050,45577" machi="42" ten="30,7900,0" yaku="12,1,34,2,54,1" doraHai="19" who="3" fromWho="3" sc="211,-20,329,-39,230,-20,230,79" /><INIT seed="2,0,0,3,0,121" ten="191,290,210,309" oya="2" hai0="49,35,93,21,46,119,105,36,90,99,23,82,57" hai1="86,103,40,33,133,114,91,8,79,62,14,68,50" hai2="107,75,106,108,54,130,10,29,74,76,37,115,70" hai3="42,6,0,9,124,30,92,2,22,27,83,45,98"/><V135/><F115/><W44/><G124/><T60/><D36/><U12/><E33/><V71/><F37/><W67/><G67/><T87/><D105/><U123/><E123/><V20/><F130/><W56/><G56/><T85/><D35/><U132/><E114/><V118/><F118/><W48/><G83/><T73/><D73/><U134/><E103/><V80/><F75/><W109/><G45/><T1/><D1/><U15/><E79/><V95/><F135/><W31/><G0/><T59/><D85/><U125/><E125/><V126/><F126/><W66/><G66/><T52/><D119/><U100/><E100/><V97/><F10/><W111/><REACH who="3" step="1"/><G30/><REACH who="3" ten="191,290,210,299" step="2"/><T110/><D110/><U19/><E68/><V81/><F81/><W128/><G128/><T94/><D57/><U84/><E132/><V129/><F129/><W28/><G28/><T53/><REACH who="0" step="1"/><D93/><REACH who="0" ten="181,290,210,299" step="2"/><N who="1" m="54503" /><E134/><V61/><F108/><W47/><G47/><T131/><D131/><U38/><E133/><V72/><F71/><W69/><G69/><T64/><D64/><U113/><E38/><V117/><F117/><W58/><G58/><T43/><D43/><U18/><E40/><V120/><F70/><W17/><G17/><T51/><D51/><U7/><E50/><V11/><F74/><W63/><G63/><T101/><AGARI ba="0,2" hai="21,23,46,49,52,53,59,60,82,87,90,94,99,101" machi="101" ten="20,12000,2" yaku="1,1,0,1,7,1,8,1,54,1,53,1" doraHai="121" doraHaiUra="89" who="0" fromWho="0" sc="181,140,290,-30,210,-60,299,-30" /><INIT seed="3,0,0,3,0,112" ten="321,260,150,269" oya="3" hai0="73,17,55,135,37,110,1,104,43,86,65,44,122" hai1="103,45,101,98,111,18,52,79,91,121,100,14,129" hai2="76,12,0,13,40,50,6,134,2,7,89,21,35" hai3="131,123,102,113,128,107,92,30,84,96,11,29,34"/><W133/><G113/><T99/><D73/><U59/><E121/><V9/><F76/><W85/><G123/><T93/><D122/><U106/><E111/><V23/><F89/><N who="3" m="53287" /><G34/><T33/><D110/><U62/><E129/><N who="3" m="49738" /><G11/><T38/><D135/><U116/><E116/><V88/><F88/><W42/><G42/><T66/><D1/><N who="2" m="618" /><F40/><W67/><G30/><T27/><D38/><U58/><E45/><V120/><F134/><W69/><G29/><T77/><D104/><U8/><E79/><V64/><F120/><W78/><G67/><T4/><D4/><N who="2" m="1578" /><F64/><W20/><G20/><N who="2" m="7753" /><F50/><W115/><G69/><T51/><D86/><U70/><E70/><V48/><F48/><W5/><G5/><T118/><D77/><U108/><E108/><V56/><F56/><W32/><G133/><T95/><D66/><U94/><REACH who="1" step="1"/><E59/><REACH who="1" ten="321,250,150,269" step="2"/><V19/><F13/><W130/><G130/><T124/><D44/><U82/><E82/><V132/><F132/><W90/><G78/><T87/><D37/><U81/><E81/><V10/><F10/><W83/><G115/><T127/><D43/><U71/><E71/><V24/><F35/><W114/><G32/><T57/><D33/><U97/><AGARI ba="0,1" hai="8,14,18,52,58,62,91,94,97,98,100,101,103,106" machi="97" ten="20,8000,1" yaku="1,1,0,1,7,1,54,1,53,1" doraHai="112" doraHaiUra="53" who="1" fromWho="1" sc="321,-20,250,90,150,-20,269,-40" owari="301,10.1,340,44.0,130,-37.0,229,-17.1" /></mjloggm>