<mjloggm ver="2.3"><GO type="225" lobby="0"/><UN n0="%E3%82%B3%E3%83%90%E3%83%AC%E3%82%A4" n1="%E3%82%B2%E3%82%B9%E8%8C%82%E5%8B%9D" n2="%E4%BF%BA%E3%81%A8%E5%A6%96%E5%A4%A2" n3="%E5%A4%9C%E3%81%AE%E3%82%AC%E3%82%B9%E3%83%91%E3%83%BC%E3%83%AB" dan="16,16,17,17" rate="2084.05,2097.97,2191.92,2188.07" sx="M,F,F,M"/><TAIKYOKU oya="0"/><INIT seed="0,0,0,0,2,130" ten="250,250,250,250" oya="0" hai0="0,48,30,53,90,2,75,83,14,36,80,69,38" hai1="25,66,94,123,79,116,92,21,64,105,77,86,120" hai2="109,18,40,108,50,72,106,49,124,9,61,121,24" hai3="22,52,135,104,93,58,70,107,11,29,125,10,128"/><T113/><D30/><U17/><E105/><V101/><F121/><W51/><G70/><T46/><D113/><U102/><E116/><V37/><F72/><W4/><G128/><T99/><D69/><U87/><E21/><V84/><F124/><W47/><G125/><T63/><D63/><U73/><E73/><V43/><F84/><W122/><G122/><T42/><D36/><U56/><E56/><V98/><F61/><W15/><G135/><T5/><D14/><U20/><E20/><N who="2" m="13335" /><F9/><W12/><G93/><T118/><D118/><U33/><E25/><V82/><F82/><W8/><G104/><T13/><D2/><U28/><E17/><V132/><F37/><W60/><G107/><T19/><D5/><U31/><REACH who="1" step="1"/><E102/><REACH who="1" ten="250,240,250,250" step="2"/><V55/><F106/><W16/><REACH who="3" step="1"/><G29/><REACH who="3" ten="250,240,250,240" step="2"/><T127/><D127/><U133/><E133/><V74/><F132/><W76/><G76/><T112/><D112/><U100/><E100/><V131/><F131/><W59/><G59/><T27/><D46/><U115/><E115/><V45/><F45/><W110/><G110/><T103/><D103/><U129/><E129/><V26/><F108/><W35/><G35/><AGARI ba="0,2" hai="28,31,33,35,64,66,77,79,86,87,92,94,120,123" machi="35" ten="25,8000,1" yaku="1,1,22,2,53,2" doraHai="130" doraHaiUra="88" who="1" fromWho="3" sc="250,0,240,100,250,0,240,-80" /><INIT seed="1,0,0,5,4,42" ten="250,340,250,160" oya="1" hai0="47,129,95,7,2,108,117,60,118,49,25,72,120" hai1="6,54,98,10,28,50,134,109,3,88,104,32,116" hai2="90,59,31,22,14,94,17,33,51,19,115,85,36" hai3="106,83,122,114,78,56,112,82,30,97,46,123,128"/><U21/><E116/><V99/><F36/><W113/><G30/><T73/><D120/><U37/><E37/><V0/><F0/><W4/><G4/><T44/><D129/><U58/><E134/><V91/><F115/><W65/><G65/><T127/><D127/><U125/><E125/><V130/><F130/><W71/><G71/><T84/><D108/><U92/><E109/><V70/><F70/><W76/><G56/><T40/><D7/><U121/><E121/><V81/><F33/><W64/><G128/><T61/><D2/><U135/><E135/><V131/><F131/><W8/><G64/><T20/><D73/><U34/><E104/><V102/><F31/><W100/><G8/><T101/><D72/><U23/><E23/><V119/><F119/><W77/><G46/><N who="0" m="25799" /><D117/><U105/><E105/><V69/><F69/><W79/><REACH who="3" step="1"/><G83/><REACH who="3" ten="250,340,250,150" step="2"/><T107/><D118/><U9/><E10/><V48/><F59/><W38/><G38/><T63/><D61/><U93/><E28/><V52/><F19/><W132/><G132/><T133/><D133/><U1/><E3/><V124/><F124/><W41/><G41/><T13/><D63/><U96/><E21/><V66/><F66/><W43/><G43/><T45/><D60/><U16/><E16/><V75/><F48/><W24/><G24/><T74/><D25/><U67/><E67/><V26/><F26/><W89/><G89/><AGARI ba="0,1" hai="1,6,9,32,34,50,54,58,88,89,92,93,96,98" machi="89" ten="30,5800,0" yaku="7,1,9,1,54,1" doraHai="42" who="1" fromWho="3" sc="250,0,340,68,250,0,150,-58" /><INIT seed="1,1,0,5,3,56" ten="250,408,250,92" oya="1" hai0="131,63,81,62,57,97,73,88,6,32,107,93,60" hai1="26,72,8,70,119,83,48,129,76,20,58,92,111" hai2="7,90,54,59,71,67,17,85,31,64,80,114,101" hai3="120,39,44,106,33,34,96,100,61,21,134,49,105"/><U126/><E119/><V94/><F114/><W133/><G120/><T10/><D32/><U99/><E129/><V18/><F31/><W98/><G39/><T77/><D131/><U109/><E70/><V13/><F7/><W121/><G121/><T15/><REACH who="0" step="1"/><D107/><REACH who="0" ten="240,408,250,92" step="2"/><U84/><E126/><V29/><F29/><W115/><G115/><T47/><D47/><U104/><E104/><V74/><F18/><W12/><G34/><T125/><D125/><U66/><E72/><V123/><F123/><W36/><G33/><T82/><D82/><U69/><E8/><V124/><F124/><W24/><G133/><T95/><D95/><U22/><E20/><V110/><F74/><W46/><G134/><T130/><D130/><U128/><E128/><V102/><F80/><W112/><G112/><T89/><D89/><U65/><E92/><V37/><F94/><W43/><G105/><T9/><D9/><U118/><E118/><V14/><F90/><W68/><G106/><T78/><D78/><U52/><E76/><V122/><F122/><W41/><G100/><T4/><D4/><U55/><E83/><V5/><F102/><W135/><G135/><T116/><D116/><U75/><E22/><V51/><F101/><W113/><G113/><T1/><D1/><U103/><E75/><V28/><F17/><W23/><G23/><T11/><D11/><U42/><E103/><V91/><F5/><W3/><G3/><T16/><D16/><U0/><E0/><V53/><F91/><W86/><G21/><T117/><D117/><U45/><E45/><V2/><F2/><RYUUKYOKU ba="1,1" sc="240,30,408,-10,250,-10,92,-10" hai0="6,10,15,57,60,62,63,73,77,81,88,93,97" /><INIT seed="2,2,1,0,0,10" ten="270,398,240,82" oya="2" hai0="18,117,97,8,4,78,96,42,122,91,115,24,110" hai1="72,79,13,75,61,17,73,87,12,68,132,64,62" hai2="93,30,83,104,16,67,49,94,102,60,134,69,128" hai3="38,86,129,95,22,5,76,51,6,44,34,2,116"/><V11/><F134/><W33/><G116/><T89/><D115/><U106/><E132/><V45/><F128/><W90/><G38/><T127/><D117/><U77/><E106/><V98/><F30/><W99/><G129/><T25/><D122/><U84/><E17/><V14/><REACH who="2" step="1"/><F83/><REACH who="2" ten="270,398,230,82" step="2"/><N who="3" m="47463" /><G34/><T53/><D127/><U125/><E125/><V54/><AGARI ba="2,2" hai="11,14,16,45,49,54,60,67,69,93,94,98,102,104" machi="54" ten="20,18000,2" yaku="1,1,0,1,7,1,52,1,54,1,53,1" doraHai="10" doraHaiUra="43" who="2" fromWho="2" sc="270,-62,398,-62,230,206,82,-62" /><INIT seed="2,3,0,0,2,13" ten="208,336,436,20" oya="2" hai0="92,65,29,38,112,116,54,91,74,44,2,68,103" hai1="106,25,47,9,4,56,87,75,78,43,115,15,11" hai2="21,121,79,76,122,73,126,52,16,59,119,97,134" hai3="107,24,135,117,109,49,105,0,71,128,51,57,40"/><V64/><F119/><W125/><G117/><T133/><D2/><U84/><E115/><V61/><F134/><W127/><G71/><T120/><D74/><U23/><E106/><V48/><F126/><W67/><G0/><T35/><D120/><U55/><E9/><V86/><F122/><W45/><G107/><T17/><D116/><U58/><E75/><V6/><F121/><W14/><G105/><T20/><D133/><U82/><E87/><V26/><F73/><W27/><G135/><T18/><D35/><U70/><E55/><V111/><F111/><W37/><G109/><T22/><D68/><U69/><E70/><V66/><F6/><W130/><G14/><T95/><D65/><U110/><E69/><V3/><F3/><W50/><G27/><T83/><D38/><U99/><E99/><V5/><F5/><W77/><G77/><N who="2" m="29769" /><F97/><W85/><G24/><T80/><D29/><U93/><E93/><V81/><F48/><W41/><G85/><T10/><D103/><U89/><E89/><AGARI ba="3,0" hai="16,21,26,52,59,61,64,66,81,86,89" m="29769" machi="89" ten="30,11600,0" yaku="8,1,52,1,54,2" doraHai="13" who="2" fromWho="1" sc="208,0,336,-125,436,125,20,0" /><INIT seed="2,4,0,0,1,79" ten="208,211,561,20" oya="2" hai0="59,95,52,5,134,130,37,94,102,19,65,124,82" hai1="68,38,31,43,48,18,23,33,127,51,40,42,107" hai2="25,60,4,128,78,10,86,117,109,9,32,84,83" hai3="24,50,16,120,69,0,12,70,61,108,53,56,74"/><V17/><F117/><W89/><G120/><T39/><D134/><U72/><E72/><V99/><F128/><W21/><G0/><T35/><D35/><U125/><E107/><V73/><F109/><W110/><G74/><T81/><D130/><U133/><E68/><V132/><F132/><W105/><G105/><T71/><D71/><U115/><E133/><V14/><F99/><W20/><G110/><T114/><D65/><U30/><E115/><V90/><F60/><W116/><G116/><T126/><D5/><U15/><E38/><N who="0" m="14345" /><D19/><U92/><E92/><N who="0" m="35369" /><D102/><U8/><E33/><V113/><F113/><W118/><G108/><T98/><D98/><U22/><E8/><V62/><F62/><W13/><G118/><T57/><D52/><U112/><E112/><V55/><F55/><W119/><G119/><T100/><D100/><U88/><E88/><V7/><F90/><W36/><G36/><T103/><D103/><U63/><E63/><V41/><F32/><W6/><G6/><T75/><D75/><U28/><REACH who="1" step="1"/><E23/><REACH who="1" ten="208,201,561,20" step="2"/><V1/><F73/><W44/><G89/><T121/><D114/><U29/><N who="1" m="7168" /><DORA hai="129" /><U45/><E45/><V85/><F85/><W64/><REACH who="3" step="1"/><G21/><REACH who="3" ten="208,201,561,10" step="2"/><T77/><D77/><U66/><E66/><V101/><F101/><W135/><G135/><T111/><D111/><U131/><E131/><V27/><F9/><W123/><G123/><T91/><D121/><U97/><E97/><V46/><F10/><W3/><G3/><T11/><D91/><U49/><AGARI ba="4,2" hai="15,18,22,40,42,43,48,49,51,125,127" m="7168" machi="49" ten="50,8000,1" yaku="1,1,0,1,29,2,53,0" doraHai="79,129" doraHaiUra="106,54" who="1" fromWho="1" sc="208,-24,201,112,561,-44,10,-24" owari="184,-21.6,313,11.3,517,61.7,-14,-51.4" /></mjloggm>