<mjloggm ver="2.3"><GO type="225" lobby="0"/><UN n0="%6D%61%74%69%67%75%73%61" n1="%E7%89%B9%E6%9D%B1%E3%81%AF%E4%B8%96%E7%95%8C%E3%82%92%E6%95%91%E3%81%86" n2="%E3%83%AD%E3%83%83%E3%83%86%E9%9B%80%E7%90%83" n3="%72%65%6E%6B%75%6E" dan="17,16,16,17" rate="2146.85,2149.80,2202.55,2213.93" sx="M,M,M,M"/><TAIKYOKU oya="0"/><INIT seed="0,0,0,1,3,76" ten="250,250,250,250" oya="0" hai0="59,113,25,69,52,55,114,74,12,91,87,30,20" hai1="94,72,1,16,36,10,98,97,32,3,53,121,81" hai2="21,101,65,49,22,2,58,24,8,120,118,0,109" hai3="77,26,131,117,111,84,88,31,48,92,110,123,64"/><T73/><D69/><U99/><E121/><V85/><F120/><W129/><G123/><T37/><D37/><U4/><E32/><V133/><F109/><N who="3" m="41483" /><G117/><T116/><D116/><U102/><E3/><V82/><F118/><W96/><G64/><T112/><D12/><U54/><E36/><V122/><F122/><W29/><G48/><T106/><D106/><U61/><E16/><V19/><F133/><W40/><G40/><T11/><D11/><U51/><E61/><V67/><F101/><N who="3" m="60551" /><G77/><T57/><D57/><U108/><E108/><V41/><F67/><W119/><G119/><T78/><D78/><U6/><E6/><V90/><F8/><W17/><G17/><T18/><D18/><U33/><E33/><V47/><REACH who="2" step="1"/><F22/><REACH who="2" ten="250,250,240,250" step="2"/><N who="3" m="15575" /><G31/><T7/><D7/><U38/><E10/><V34/><F34/><W75/><G75/><T80/><REACH who="0" step="1"/><D55/><REACH who="0" ten="240,250,240,250" step="2"/><U105/><E54/><V63/><AGARI ba="0,2" hai="0,2,19,21,24,41,47,49,58,63,65,82,85,90" machi="63" ten="30,7900,0" yaku="1,1,0,1,52,1,53,1" doraHai="76" doraHaiUra="60" who="2" fromWho="2" sc="240,-39,250,-20,240,99,250,-20" /><INIT seed="1,0,0,0,1,37" ten="201,230,339,230" oya="1" hai0="130,134,133,106,8,104,32,124,72,54,16,26,47" hai1="82,112,97,45,39,77,98,19,13,27,51,24,109" hai2="116,73,65,100,128,80,86,1,126,61,29,9,129" hai3="5,25,70,17,127,102,22,123,59,79,108,33,93"/><U95/><E39/><V35/><F116/><W41/><G70/><T119/><D72/><U96/><E112/><V15/><F1/><W2/><G123/><T118/><D54/><U83/><E109/><V74/><F100/><W88/><G108/><T23/><D47/><U53/><E95/><V101/><F101/><W105/><G127/><T11/><D104/><U28/><E28/><V55/><F55/><W87/><G79/><T115/><D106/><U58/><E45/><V68/><F126/><W107/><G33/><T6/><D124/><U36/><E36/><V135/><F135/><N who="0" m="51722" /><D115/><U92/><E92/><V121/><F29/><W63/><G41/><T89/><D89/><U75/><REACH who="1" step="1"/><E83/><REACH who="1" ten="201,220,339,230" step="2"/><V69/><F121/><W111/><G111/><T113/><D113/><U46/><E46/><V132/><F132/><W34/><G102/><T57/><D119/><U99/><N who="1" m="24576" /><DORA hai="49" /><U43/><E43/><V12/><F80/><W20/><G105/><T44/><D44/><U84/><E84/><V40/><F86/><W76/><G107/><T56/><D118/><U66/><E66/><V114/><F40/><W67/><G93/><T50/><D32/><U71/><E71/><V42/><F35/><W62/><G34/><T103/><D103/><U64/><E64/><V81/><F42/><W131/><G67/><T120/><D120/><U7/><E7/><N who="2" m="3135" /><F114/><W94/><G5/><T110/><D6/><U48/><E48/><V122/><F122/><W0/><G62/><T3/><D110/><U60/><E60/><V10/><F69/><W90/><G63/><T18/><D50/><RYUUKYOKU ba="0,1" sc="201,-10,220,30,339,-10,230,-10" hai1="13,19,24,27,51,53,58,75,77,82" /><INIT seed="1,1,1,1,2,95" ten="191,250,329,220" oya="1" hai0="107,129,69,0,47,40,72,96,26,87,19,128,112" hai1="90,101,55,50,94,109,98,124,67,2,80,13,52" hai2="83,104,59,51,63,131,99,14,30,28,15,77,17" hai3="37,3,33,103,21,130,113,66,53,116,8,93,22"/><U114/><E114/><V34/><F131/><N who="0" m="50250" /><D72/><U78/><E2/><V62/><F51/><W35/><G37/><T16/><D112/><U84/><E124/><V76/><F34/><W57/><G66/><T61/><D0/><U117/><E117/><V126/><F126/><W125/><G113/><T85/><D61/><U120/><E120/><V11/><F63/><W100/><G125/><T88/><D69/><U111/><E67/><V27/><F27/><W5/><G130/><T122/><D122/><U91/><E13/><V31/><F83/><W36/><G36/><N who="0" m="21895" /><D26/><U24/><E24/><V132/><F15/><W79/><G79/><T82/><D87/><U18/><E18/><V45/><F45/><W4/><G3/><T123/><D123/><U29/><E29/><V48/><F48/><W65/><G65/><T92/><D107/><U121/><E121/><V134/><F76/><AGARI ba="1,1" hai="16,19,76,82,85,88,92,96" m="21895,50250" machi="76" ten="30,7700,0" yaku="19,1,52,1,54,2" doraHai="95" who="0" fromWho="2" sc="191,90,250,0,329,-80,220,0" /><INIT seed="2,0,0,5,5,6" ten="281,250,249,220" oya="2" hai0="67,55,84,105,31,54,76,39,16,1,108,63,15" hai1="58,79,11,126,41,5,57,89,106,128,111,29,14" hai2="4,72,10,47,73,52,9,70,133,7,98,117,113" hai3="81,116,96,59,32,97,65,64,118,85,36,48,127"/><V44/><F113/><W112/><G32/><T94/><D105/><U77/><E106/><V74/><F117/><W87/><G36/><T33/><D1/><U124/><E111/><V35/><F70/><W42/><G112/><T102/><D39/><U71/><E71/><V80/><F35/><W82/><G59/><T107/><D108/><U104/><E104/><V22/><F133/><W50/><REACH who="3" step="1"/><G42/><REACH who="3" ten="281,250,249,210" step="2"/><T93/><D33/><U34/><E41/><V114/><F114/><W27/><G27/><T13/><D55/><U30/><E58/><V78/><F52/><W49/><G49/><T131/><D54/><U92/><E57/><V91/><F47/><W40/><G40/><T101/><D67/><U120/><E34/><V119/><F44/><W12/><G12/><T66/><D13/><U90/><E14/><V37/><F37/><W109/><G109/><T17/><D15/><U28/><E124/><AGARI ba="0,1" hai="48,50,64,65,81,82,85,87,96,97,116,118,124,127" machi="124" ten="25,8000,1" yaku="1,1,22,2,53,2" doraHai="6" doraHaiUra="134" who="3" fromWho="1" sc="281,0,250,-80,249,0,210,90" /><INIT seed="3,0,0,2,2,16" ten="281,170,249,300" oya="3" hai0="56,81,96,76,12,66,17,48,32,3,123,14,36" hai1="9,51,2,10,87,49,108,58,37,70,107,112,61" hai2="55,65,6,53,5,118,119,116,23,7,22,98,40" hai3="8,89,67,25,109,46,78,114,69,44,102,57,30"/><W77/><G114/><T15/><D3/><U94/><E112/><V24/><F65/><W127/><G69/><T92/><D36/><U99/><E37/><V42/><F98/><W79/><G127/><T11/><D32/><U35/><E35/><V91/><F91/><W71/><G71/><T45/><D123/><U20/><E70/><V126/><F24/><W80/><G102/><T90/><D56/><U41/><E108/><V82/><F82/><W135/><G135/><T1/><D1/><U39/><E107/><V128/><F128/><W4/><G109/><T84/><D66/><N who="1" m="39223" /><E39/><V73/><F73/><W133/><G133/><T63/><D63/><U34/><E34/><V74/><F74/><W19/><G19/><T43/><AGARI ba="0,0" hai="11,12,14,15,17,43,45,48,76,81,84,90,92,96" machi="43" ten="20,2700,0" yaku="0,1,7,1,8,1" doraHai="16" who="0" fromWho="0" sc="281,27,170,-7,249,-7,300,-13" owari="308,40.8,163,-33.7,242,-15.8,287,8.7" /></mjloggm>