<mjloggm ver="2.3"><GO type="225" lobby="0"/><UN n0="%E3%83%A9%E3%82%B9%E7%8E%87%EF%BC%93%E5%89%B2" n1="%E3%81%AF%E3%82%88%E3%81%8A%E3%81%98%E3%81%95%E3%82%93" n2="%38%63%E3%81%AF%E3%81%A3%E3%81%97%E3%83%BC" n3="%E5%8F%AF%E5%85%90%E9%82%A3%E7%94%B1%E5%A4%9A" dan="16,17,16,16" rate="2150.95,2196.91,2112.30,2206.39" sx="F,M,M,F"/><TAIKYOKU oya="0"/><INIT seed="0,0,0,5,4,135" ten="250,250,250,250" oya="0" hai0="19,61,78,103,79,10,108,126,69,101,1,98,55" hai1="45,94,104,54,28,88,64,120,85,132,109,66,86" hai2="51,18,123,0,112,11,31,41,4,5,63,70,48" hai3="59,27,7,39,128,14,122,49,114,102,42,22,65"/><T13/><D1/><U44/><E120/><V110/><F123/><W21/><G122/><T50/><D108/><U83/><E104/><V106/><F106/><W131/><G114/><T15/><D126/><U56/><E132/><V17/><F31/><W87/><G39/><T71/><D101/><U60/><E109/><V75/><F75/><W57/><G102/><T91/><D91/><U53/><E28/><V127/><F63/><W23/><G87/><T32/><D32/><U52/><E64/><V12/><F70/><W96/><G96/><T68/><D15/><U111/><E111/><V37/><F37/><W90/><G90/><AGARI ba="0,0" hai="44,45,52,53,54,56,60,66,83,85,86,88,90,94" machi="90" ten="40,5200,0" yaku="8,1,54,2" doraHai="135" who="1" fromWho="3" sc="250,0,250,52,250,0,250,-52" /><INIT seed="1,0,0,5,4,94" ten="250,302,250,198" oya="1" hai0="19,29,51,102,12,7,117,13,60,58,42,105,45" hai1="3,84,79,106,9,1,81,108,22,52,31,56,126" hai2="91,78,99,40,44,5,104,68,76,111,134,8,103" hai3="63,133,98,72,53,33,83,74,128,71,130,10,80"/><U17/><E106/><V47/><F68/><W64/><G33/><T109/><D117/><U54/><E126/><V37/><F111/><W110/><G110/><T75/><D109/><U28/><E108/><V132/><F91/><W41/><G133/><N who="2" m="51305" /><F47/><W26/><G41/><T4/><D75/><U116/><E116/><V95/><F104/><W93/><G26/><T120/><D29/><U101/><E101/><V66/><F66/><W121/><G121/><T67/><D120/><U114/><E114/><V82/><F82/><N who="3" m="31275" /><G10/><T89/><D89/><U131/><E131/><N who="3" m="50218" /><G53/><T112/><D112/><U90/><E54/><V35/><F35/><W61/><G61/><T62/><D62/><U86/><E9/><V24/><F24/><W2/><G2/><AGARI ba="0,0" hai="2,5,8,37,40,44,76,78,95,99,103" m="51305" machi="2" ten="30,2000,0" yaku="20,1,52,1" doraHai="94" who="2" fromWho="3" sc="250,0,302,0,250,20,198,-20" /><INIT seed="2,0,0,0,4,95" ten="250,302,270,178" oya="2" hai0="71,134,29,60,47,20,9,57,93,117,54,108,116" hai1="121,33,35,14,50,45,133,102,31,22,0,81,40" hai2="43,106,66,67,48,118,11,110,135,41,132,122,6" hai3="26,84,114,87,62,123,27,15,83,17,75,13,103"/><V69/><F106/><W61/><G123/><T39/><D108/><U131/><E0/><V10/><F69/><W86/><G114/><T104/><D104/><U59/><E121/><V37/><F37/><W92/><G75/><T105/><D105/><U38/><E131/><V52/><F122/><W1/><G1/><T2/><D134/><U90/><E133/><N who="2" m="51275" /><F118/><N who="0" m="45674" /><D71/><U113/><E113/><V129/><F129/><W34/><G83/><T80/><D80/><U127/><E127/><V8/><F6/><W94/><G34/><T73/><D73/><U100/><E35/><V3/><F3/><W126/><G126/><T28/><D20/><U111/><E33/><V24/><F24/><N who="3" m="9259" /><G17/><T76/><D76/><U44/><E111/><V16/><F16/><W125/><G125/><T46/><D93/><N who="3" m="35945" /><G103/><T99/><D39/><U68/><E68/><V109/><F110/><W78/><G78/><T85/><D85/><N who="3" m="21761" /><W74/><DORA hai="25" /><G74/><T42/><D2/><U124/><E38/><V112/><F112/><W128/><G128/><T77/><D77/><U56/><E124/><V23/><F23/><W98/><G98/><T4/><D99/><U115/><E115/><V5/><F5/><W79/><G79/><T30/><D4/><U49/><E100/><V91/><F109/><W58/><G58/><T82/><D82/><U101/><E102/><V53/><F91/><W97/><G97/><T21/><D21/><U130/><E101/><V72/><F72/><W18/><G18/><T12/><D42/><N who="2" m="15882" /><F53/><W65/><G65/><T119/><D119/><U64/><E130/><V19/><F19/><RYUUKYOKU ba="0,0" sc="250,10,302,-30,270,10,178,10" hai0="9,12,28,29,30,46,47,54,57,60" hai2="8,10,11,48,52,66,67" hai3="13,15,61,62" /><INIT seed="2,1,0,2,5,106" ten="260,272,280,188" oya="2" hai0="87,130,58,109,102,15,83,117,26,68,100,33,29" hai1="121,66,129,57,122,48,2,85,36,39,30,10,8" hai2="51,114,62,84,111,22,53,67,80,9,134,63,97" hai3="124,72,128,17,19,120,44,13,24,23,50,132,127"/><V96/><F114/><W60/><G60/><T108/><D68/><U6/><E129/><V75/><F134/><W52/><G120/><N who="1" m="46186" /><E30/><V81/><F111/><N who="0" m="42570" /><D130/><U89/><E10/><V71/><F63/><W88/><G128/><T25/><D117/><U131/><E131/><V107/><F22/><W3/><G3/><T76/><D26/><U54/><E66/><V61/><F61/><W49/><G132/><T45/><D58/><U86/><E86/><V64/><F64/><W125/><G50/><T4/><D45/><U40/><E40/><V32/><F32/><W21/><G88/><T43/><D43/><U38/><E36/><V90/><F107/><W77/><G77/><T94/><D94/><AGARI ba="1,0" hai="2,6,8,38,39,48,54,57,85,89,94" m="46186" machi="94" ten="30,1000,0" yaku="13,1" doraHai="106" who="1" fromWho="0" sc="260,-13,272,13,280,0,188,0" /><INIT seed="3,0,0,1,4,52" ten="247,285,280,188" oya="3" hai0="58,128,69,63,105,22,82,80,134,79,108,73,13" hai1="24,117,0,66,94,123,11,91,7,99,90,61,95" hai2="23,81,53,21,76,55,131,12,20,126,125,35,16" hai3="60,40,97,59,109,51,8,6,44,41,127,33,65"/><W25/><G127/><N who="2" m="48649" /><F35/><W112/><G112/><T93/><D105/><U115/><E117/><V43/><F43/><W29/><G109/><T38/><D38/><U42/><E42/><V122/><F131/><W86/><G41/><T18/><D108/><U114/><E24/><V92/><F92/><W54/><G86/><T83/><D69/><U121/><E123/><V19/><F122/><W32/><G97/><T26/><D128/><U116/><E116/><V70/><F70/><W49/><G33/><T27/><D134/><U57/><E121/><V9/><F19/><W37/><REACH who="3" step="1"/><G54/><REACH who="3" ten="247,285,280,178" step="2"/><T104/><D104/><U62/><E115/><V98/><F98/><W56/><G56/><T15/><D58/><U88/><E114/><V84/><AGARI ba="0,1" hai="9,12,16,20,21,23,53,55,76,81,84" m="48649" machi="84" ten="30,2000,0" yaku="18,1,54,1" doraHai="52" who="2" fromWho="2" sc="247,-5,285,-5,280,30,178,-10" owari="242,-15.8,280,8.0,310,41.0,168,-33.2" /></mjloggm>