<mjloggm ver="2.3"><GO type="225" lobby="0"/><UN n0="%E3%81%A1%E3%82%85%E3%81%86%E3%81%A9%E3%81%8F%E8%B1%A1%E3%81%95%E3%82%93" n1="%E3%83%AD%E3%83%83%E3%83%86%E9%9B%80%E7%90%83" n2="%E6%98%93%E5%88%A9%E8%96%A9%E4%BC%AF" n3="%72%69%6F%75%63%68%61%6E" dan="16,17,16,17" rate="2118.15,2190.52,2132.99,2271.99" sx="M,M,F,M"/><TAIKYOKU oya="0"/><INIT seed="0,0,0,5,0,125" ten="250,250,250,250" oya="0" hai0="116,60,131,66,18,15,74,73,45,55,82,42,135" hai1="119,93,108,61,68,101,65,115,113,53,86,102,104" hai2="107,14,38,4,0,19,132,106,70,6,123,97,25" hai3="87,23,35,92,91,41,44,32,96,67,29,134,2"/><T69/><D116/><U58/><E108/><V50/><F38/><W9/><G134/><T12/><D135/><U49/><E119/><V59/><F123/><W120/><G120/><T47/><D12/><U46/><E104/><V11/><F70/><W28/><G67/><T124/><D124/><U83/><E93/><V17/><F132/><W121/><G121/><T98/><D131/><U3/><E3/><V90/><F25/><W10/><G28/><T126/><D126/><U130/><E130/><V36/><F36/><W78/><G23/><T89/><D55/><U48/><E115/><V117/><F117/><W99/><G29/><T26/><D26/><U1/><E1/><V100/><F106/><W7/><G10/><T31/><D31/><U64/><E113/><V8/><REACH who="2" step="1"/><F90/><REACH who="2" ten="250,250,240,250" step="2"/><W103/><G78/><T114/><D114/><U62/><REACH who="1" step="1"/><E49/><REACH who="1" ten="250,240,240,250" step="2"/><V16/><F16/><W105/><REACH who="3" step="1"/><G99/><REACH who="3" ten="250,240,240,240" step="2"/><T5/><D18/><U21/><E21/><V112/><F112/><W13/><G13/><T33/><D15/><U127/><E127/><V128/><F128/><W133/><G133/><T111/><D33/><U109/><E109/><V20/><F20/><W24/><G24/><T39/><D111/><U94/><E94/><V71/><F71/><W118/><G118/><T40/><D69/><U57/><E57/><V51/><F51/><AGARI ba="0,3" hai="2,7,9,32,35,41,44,51,87,91,92,96,103,105" machi="51" ten="30,3900,0" yaku="1,1,7,1,53,1" doraHai="125" doraHaiUra="43" who="3" fromWho="2" sc="250,0,240,0,240,-39,240,69" /><INIT seed="1,0,0,2,0,124" ten="250,240,201,309" oya="1" hai0="102,16,10,18,73,6,99,135,1,46,86,134,80" hai1="11,123,22,23,87,103,51,7,12,2,121,64,45" hai2="115,8,107,89,30,68,84,52,61,88,39,41,26" hai3="72,114,96,54,36,120,24,25,83,38,62,126,85"/><U59/><E103/><V49/><F107/><W13/><G120/><T21/><D46/><U101/><E101/><V14/><F115/><W105/><G126/><T97/><D73/><U81/><E2/><V9/><F39/><W112/><G72/><T17/><D21/><U127/><E127/><V92/><F41/><W66/><G54/><T91/><REACH who="0" step="1"/><D102/><REACH who="0" ten="240,240,201,309" step="2"/><U27/><E23/><V132/><F132/><AGARI ba="0,1" hai="1,6,10,16,17,18,80,86,91,97,99,132,134,135" machi="132" ten="40,12000,2" yaku="1,1,2,1,20,1,54,1,53,3" doraHai="124" doraHaiUra="128" who="0" fromWho="2" sc="240,130,240,0,201,-120,309,0" /><INIT seed="2,0,0,3,3,39" ten="370,240,81,309" oya="2" hai0="72,60,66,82,124,96,58,107,28,88,55,21,57" hai1="48,74,10,116,90,97,20,122,75,93,105,123,68" hai2="62,76,118,100,71,7,9,104,38,132,101,69,13" hai3="22,59,54,6,17,51,24,111,98,81,87,50,32"/><V94/><F118/><W119/><G111/><T44/><D124/><U42/><E116/><V83/><F132/><W79/><G119/><T45/><D72/><U127/><E68/><V1/><F104/><W134/><G134/><T37/><D37/><U67/><E67/><V5/><F38/><W99/><G32/><T121/><D121/><N who="1" m="46091" /><E127/><V63/><F71/><W84/><G6/><T16/><D28/><U56/><E105/><V35/><F35/><W43/><REACH who="3" step="1"/><G84/><REACH who="3" ten="370,240,81,299" step="2"/><N who="0" m="50199" /><D96/><U128/><E75/><V113/><F113/><W49/><G49/><N who="0" m="30959" /><D107/><U95/><E48/><V27/><F7/><W40/><G40/><T26/><AGARI ba="0,1" hai="16,21,26,44,45,58,60,66" m="30959,50199" machi="26" ten="30,4000,0" yaku="8,1,54,2" doraHai="39" who="0" fromWho="0" sc="370,50,240,-10,81,-20,299,-10" /><INIT seed="3,0,0,1,2,131" ten="420,230,61,289" oya="3" hai0="29,96,45,2,74,26,15,95,115,60,33,42,101" hai1="106,128,39,38,23,31,123,8,17,69,119,70,104" hai2="93,4,68,0,35,66,21,130,110,88,24,127,30" hai3="25,82,72,83,51,44,87,12,78,121,32,11,114"/><W134/><G134/><T90/><D2/><U112/><E8/><V63/><F130/><W57/><G114/><T64/><D74/><U84/><E84/><V56/><F110/><W47/><G121/><T116/><D116/><U107/><E31/><V103/><F127/><W16/><G57/><T85/><D15/><U80/><E80/><V18/><F68/><N who="1" m="26217" /><E23/><V133/><F35/><W3/><G3/><T118/><D118/><U59/><E17/><V50/><F0/><W1/><G1/><T19/><D19/><U126/><E59/><V98/><F4/><W7/><G51/><T62/><D115/><U108/><E119/><V40/><F18/><W94/><G94/><T75/><D75/><U100/><E100/><V5/><F5/><W81/><G81/><T49/><D101/><U77/><E77/><V28/><F28/><W79/><REACH who="3" step="1"/><G32/><REACH who="3" ten="420,230,61,279" step="2"/><T37/><D33/><U122/><E128/><V129/><F129/><W10/><G10/><T53/><D95/><U9/><E9/><V102/><F102/><W52/><G52/><T14/><D53/><U48/><E48/><V54/><F40/><W58/><G58/><T22/><D49/><U135/><E112/><V89/><REACH who="2" step="1"/><F133/><REACH who="2" ten="420,230,51,279" step="2"/><W124/><G124/><T86/><D42/><U36/><E126/><V55/><F55/><W113/><G113/><T99/><D64/><U111/><E135/><V125/><F125/><W109/><G109/><AGARI ba="0,2" hai="36,38,39,104,106,107,108,109,111,122,123" m="26217" machi="109" ten="50,8000,1" yaku="28,2,14,1,31,2" doraHai="131" who="1" fromWho="3" sc="420,0,230,100,51,0,279,-80" owari="420,52.0,330,13.0,51,-44.9,199,-20.1" /></mjloggm>