<mjloggm ver="2.3"><GO type="225" lobby="0"/><UN n0="%E8%81%B7%E6%A5%AD%E3%80%81%E9%A2%A8%32" n1="%E9%89%A2%E5%B7%BB%E3%82%AC%E3%83%96" n2="%72%69%6F%75%63%68%61%6E" n3="%73%6C%69%63%6B%33%31%39" dan="16,16,17,16" rate="2139.45,2134.26,2226.45,2193.07" sx="M,M,M,M"/><TAIKYOKU oya="0"/><INIT seed="0,0,0,5,1,106" ten="250,250,250,250" oya="0" hai0="100,9,123,43,125,120,133,68,78,83,19,54,99" hai1="58,128,33,42,39,82,87,73,63,16,117,121,28" hai2="12,124,108,34,101,59,5,35,86,113,6,96,21" hai3="67,75,2,102,62,14,57,88,17,38,40,52,18"/><T4/><D68/><U29/><E117/><V41/><F108/><W48/><G2/><T32/><D32/><U112/><E121/><V50/><F113/><W105/><G105/><T127/><D133/><U25/><E29/><V130/><F124/><N who="0" m="47690" /><D43/><U10/><E42/><V111/><F130/><W46/><G102/><T79/><D54/><U22/><E39/><V31/><F111/><W129/><G129/><T7/><D19/><U135/><E10/><V30/><F86/><W47/><G75/><N who="0" m="43487" /><D79/><U77/><E135/><V37/><F37/><W126/><G126/><T24/><D24/><U3/><E128/><V103/><F35/><W91/><REACH who="3" step="1"/><G18/><REACH who="3" ten="250,250,250,240" step="2"/><T122/><D9/><AGARI ba="0,1" hai="9,14,17,38,40,46,47,48,52,57,62,67,88,91" machi="9" ten="30,8000,1" yaku="1,1,2,1,7,1,54,2,53,0" doraHai="106" doraHaiUra="90" who="3" fromWho="0" sc="250,-80,250,0,250,0,240,90" /><INIT seed="1,0,0,4,5,124" ten="170,250,250,330" oya="1" hai0="64,11,134,17,113,52,99,45,55,6,2,67,10" hai1="36,92,106,27,102,33,63,0,112,127,100,128,125" hai2="89,104,61,30,93,133,68,79,23,50,58,86,20" hai3="107,72,44,53,82,48,87,116,101,65,51,54,43"/><U29/><E112/><V114/><F114/><W1/><G1/><T70/><D113/><U96/><E0/><V130/><F130/><W47/><G116/><T95/><D134/><U80/><E36/><V74/><F133/><W88/><G65/><T3/><D17/><U5/><E5/><V22/><F104/><W13/><G72/><T98/><D45/><U75/><E128/><V117/><F117/><W110/><G110/><T105/><D95/><U32/><E32/><V14/><F68/><W59/><G107/><T9/><D105/><U12/><E12/><V94/><F93/><W135/><G135/><T31/><D31/><U111/><E111/><V40/><F74/><W62/><G13/><T57/><D57/><U73/><E63/><V132/><F132/><W28/><G28/><T126/><D11/><U15/><E15/><V97/><F30/><W19/><G19/><T66/><D66/><U26/><E26/><V76/><F14/><W24/><G101/><T41/><D41/><U84/><E73/><V78/><F40/><W83/><G83/><T35/><D35/><U34/><E34/><V108/><F108/><W131/><G131/><T25/><D25/><AGARI ba="0,0" hai="24,25,43,44,47,48,51,53,54,59,62,82,87,88" machi="25" ten="40,2600,0" yaku="8,1,54,1" doraHai="124" who="3" fromWho="0" sc="170,-26,250,0,250,0,330,26" /><INIT seed="2,0,0,2,0,119" ten="144,250,250,356" oya="2" hai0="82,77,100,121,105,76,123,99,133,24,86,62,95" hai1="92,130,96,1,8,44,126,110,48,25,113,97,65" hai2="66,33,4,6,51,108,40,46,89,104,7,0,22" hai3="10,17,47,80,79,13,87,78,73,26,115,102,114"/><V15/><F33/><W54/><G102/><T39/><D39/><U45/><E113/><N who="3" m="43018" /><G26/><T34/><D62/><U93/><E110/><V57/><F108/><W19/><G73/><N who="0" m="43279" /><D34/><U63/><E130/><V81/><F104/><W125/><G125/><T132/><D24/><U67/><E126/><V111/><F111/><W53/><G79/><T118/><D118/><U120/><E25/><V101/><F101/><W83/><G83/><N who="0" m="47471" /><D105/><U68/><E63/><N who="2" m="38255" /><F0/><W75/><G75/><T14/><D14/><U94/><E48/><V50/><F51/><N who="3" m="28927" /><G54/><T18/><D18/><AGARI ba="0,0" hai="10,13,17,18,19,78,80,87" m="28927,43018" machi="18" ten="30,1000,0" yaku="11,1" doraHai="119" who="3" fromWho="0" sc="144,-10,250,0,250,0,356,10" /><INIT seed="3,0,0,2,1,54" ten="134,250,250,366" oya="3" hai0="3,90,18,17,12,125,11,79,91,80,87,119,23" hai1="95,75,68,88,73,105,8,130,13,71,94,85,35" hai2="98,33,16,89,84,51,65,127,15,57,110,101,61" hai3="59,52,116,96,43,14,81,69,28,20,122,21,0"/><W47/><G69/><T27/><D125/><U10/><E35/><V70/><F33/><W31/><G0/><T120/><D119/><U32/><E32/><V62/><F110/><W92/><G122/><T128/><D120/><U46/><E105/><V93/><F127/><W37/><G81/><T113/><D113/><U44/><E13/><V64/><F51/><W134/><G134/><T9/><D3/><U24/><E85/><V74/><F74/><W39/><G37/><T108/><D108/><U60/><E60/><V118/><F118/><W50/><G116/><T77/><D128/><U7/><E88/><V40/><F40/><W82/><G82/><T111/><D111/><U26/><REACH who="1" step="1"/><E7/><REACH who="1" ten="134,240,250,366" step="2"/><V131/><F131/><AGARI ba="0,1" hai="8,10,24,26,44,46,68,71,73,75,94,95,130,131" machi="131" ten="25,6400,0" yaku="1,1,2,1,22,2,53,0" doraHai="54" doraHaiUra="100" who="1" fromWho="2" sc="134,0,240,74,250,-64,366,0" owari="134,-36.6,314,11.4,186,-21.4,366,46.6" /></mjloggm>