<mjloggm ver="2.3"><GO type="225" lobby="0"/><UN n0="%E3%82%BF%E3%83%BC%E3%83%90%E3%83%B3%E9%87%8E%E5%8F%A3" n1="%33%74%72%65%65" n2="%E3%81%BF%E3%81%BF%E3%81%9A" n3="%E3%81%8B%E3%82%8F%E3%81%A1%E3%82%83%E3%82%93%35%38" dan="16,16,16,17" rate="2099.34,2154.63,2133.13,2141.11" sx="M,F,M,M"/><TAIKYOKU oya="0"/><INIT seed="0,0,0,1,4,111" ten="250,250,250,250" oya="0" hai0="76,112,13,72,84,124,33,129,116,78,54,122,106" hai1="95,117,7,94,1,125,4,19,113,47,96,23,58" hai2="88,55,28,103,17,107,30,135,40,42,126,3,29" hai3="15,51,62,32,131,87,2,57,36,93,71,74,37"/><T102/><D33/><U77/><E117/><V134/><F3/><W89/><G2/><T44/><D122/><U10/><E125/><V75/><F75/><W52/><G74/><T50/><D116/><U85/><E7/><V9/><F126/><W100/><G131/><T43/><D124/><U6/><E6/><V63/><F107/><W27/><G100/><T39/><D129/><U16/><E113/><V80/><F103/><W21/><G32/><T65/><D112/><U92/><E58/><V64/><F55/><W81/><G81/><T115/><D72/><U61/><E61/><V70/><F17/><N who="3" m="10431" /><G27/><T67/><D115/><U109/><E109/><V0/><F9/><W8/><G8/><T133/><D133/><N who="2" m="50698" /><F0/><W127/><G127/><T45/><D13/><U68/><E68/><V119/><F119/><W97/><G97/><T59/><D84/><AGARI ba="0,0" hai="28,29,30,40,42,63,64,70,80,84,88" m="50698" machi="84" ten="30,2000,0" yaku="20,1,54,1" doraHai="111" who="2" fromWho="0" sc="250,-20,250,0,250,20,250,0" /><INIT seed="1,0,0,1,2,4" ten="230,250,270,250" oya="1" hai0="132,106,56,79,102,34,0,2,3,57,125,82,53" hai1="32,108,74,33,69,55,109,83,63,64,103,119,126" hai2="46,44,42,17,104,6,10,43,41,117,86,90,76" hai3="130,26,114,16,47,81,85,54,27,19,22,35,13"/><U120/><E119/><V23/><F117/><W21/><G130/><T92/><D34/><N who="1" m="13419" /><E120/><V77/><F104/><W36/><G114/><T73/><D132/><U110/><E126/><V30/><F30/><W129/><G129/><T60/><D125/><U49/><E103/><V51/><F17/><W50/><G35/><T135/><D135/><U1/><E1/><V37/><F23/><W7/><G36/><T124/><D124/><U128/><E128/><V113/><F42/><W70/><G70/><T31/><D31/><U93/><E93/><V75/><F75/><W65/><G65/><T111/><D111/><U100/><E100/><V97/><F97/><W48/><G48/><T72/><D106/><U133/><E133/><V89/><F113/><W38/><G38/><T12/><D92/><U39/><E39/><V71/><F71/><W78/><G7/><T121/><D102/><U58/><E74/><V61/><F61/><W8/><G21/><T20/><D121/><U112/><E112/><V88/><REACH who="2" step="1"/><F86/><REACH who="2" ten="230,250,260,250" step="2"/><W84/><G85/><T122/><D122/><U67/><E67/><V11/><F11/><W116/><G116/><T66/><D73/><U94/><E64/><V87/><F87/><W18/><G19/><N who="0" m="10343" /><D66/><U123/><E123/><V91/><N who="2" m="22528" /><DORA hai="24" /><V107/><F107/><W15/><AGARI ba="0,1" hai="8,13,15,16,18,22,26,27,47,50,54,78,81,84" machi="15" ten="20,8000,1" yaku="0,1,7,1,8,1,52,1,54,1" doraHai="4,24" who="3" fromWho="3" sc="230,-20,250,-40,260,-20,250,90" /><INIT seed="2,0,0,0,4,82" ten="210,210,240,340" oya="2" hai0="6,63,24,68,15,79,71,81,114,12,78,92,61" hai1="100,0,54,128,58,74,72,105,17,125,7,62,91" hai2="16,35,11,28,103,59,135,8,77,102,52,41,36" hai3="50,84,122,60,56,107,66,85,131,64,110,132,27"/><V29/><F77/><W40/><G122/><T111/><D81/><U130/><E17/><V21/><F36/><W89/><G107/><T23/><D92/><U26/><E26/><V49/><F135/><W37/><G37/><T123/><D24/><U22/><E22/><V129/><F41/><W115/><G115/><T118/><D23/><U73/><E125/><V20/><F129/><N who="1" m="49769" /><E91/><V94/><F35/><W120/><G120/><T106/><D123/><U108/><E108/><V113/><F113/><W69/><G69/><T14/><D14/><U75/><N who="1" m="18432" /><DORA hai="51" /><U67/><E67/><V46/><F21/><W112/><G66/><T124/><D111/><U32/><E32/><V33/><F33/><W44/><G110/><T19/><D19/><U121/><E121/><V39/><F39/><W53/><G131/><T47/><D124/><U117/><E117/><V45/><F29/><W9/><G112/><T38/><D114/><U83/><E83/><V42/><F28/><W30/><G89/><T93/><D15/><U116/><E116/><V18/><F18/><W65/><G65/><T86/><D12/><U34/><E34/><V109/><F109/><W126/><G126/><T55/><D6/><U25/><E25/><N who="2" m="14471" /><F103/><W90/><G30/><T70/><D118/><U101/><E105/><V48/><F45/><W99/><G27/><T96/><D106/><U3/><E3/><V10/><F102/><W57/><G44/><T2/><D2/><U43/><E43/><V13/><F13/><W127/><G127/><T76/><D47/><U98/><E98/><V5/><F5/><RYUUKYOKU ba="0,0" sc="210,-15,210,15,240,15,340,-15" hai1="0,7,54,58,62,100,101" hai2="8,10,11,42,46,48,49,52,59,94" /><INIT seed="2,1,0,0,1,78" ten="195,225,255,325" oya="2" hai0="25,51,122,103,73,56,16,64,39,21,121,89,129" hai1="107,105,109,41,55,130,4,71,124,131,1,7,31" hai2="26,11,2,98,59,90,65,95,68,81,77,75,6" hai3="69,60,116,15,76,29,22,37,5,58,113,93,61"/><V99/><F68/><W80/><G37/><T18/><D39/><U128/><E109/><V38/><F26/><W63/><G69/><T112/><D112/><U13/><E124/><V125/><F125/><W87/><G116/><T108/><D108/><U126/><E126/><V96/><REACH who="2" step="1"/><F38/><REACH who="2" ten="195,225,245,325" step="2"/><W36/><G36/><T110/><D110/><U114/><E71/><V123/><F123/><W84/><G113/><T94/><D121/><U35/><E114/><V133/><F133/><W106/><G29/><T44/><D122/><U40/><E31/><V12/><F12/><W102/><G15/><T88/><D129/><U17/><E13/><V34/><F34/><W67/><G61/><AGARI ba="1,1" hai="2,6,11,59,61,65,75,77,81,90,95,96,98,99" machi="61" ten="40,3900,0" yaku="1,1,52,1,53,0" doraHai="78" doraHaiUra="24" who="2" fromWho="3" sc="195,0,225,0,245,52,325,-42" /><INIT seed="2,2,0,0,5,29" ten="195,225,297,283" oya="2" hai0="36,116,9,117,90,72,119,128,13,60,111,12,64" hai1="20,129,79,49,22,110,133,130,61,101,57,5,35" hai2="100,135,93,16,55,52,85,50,48,68,47,39,104" hai3="78,114,26,24,83,63,99,38,0,77,70,58,18"/><V46/><F135/><W66/><G38/><T107/><D36/><U42/><E133/><V53/><F39/><W87/><G0/><T96/><D72/><U54/><E110/><V84/><F68/><W1/><G1/><T65/><D111/><U91/><E79/><V74/><F74/><W21/><G114/><T34/><D128/><N who="1" m="49259" /><E101/><V105/><F55/><W51/><G78/><T81/><D107/><U121/><E121/><V109/><F109/><W115/><G115/><T88/><D96/><U125/><E125/><V37/><F37/><W23/><G99/><T122/><D122/><U124/><E124/><V86/><F93/><W59/><REACH who="3" step="1"/><G51/><REACH who="3" ten="195,225,297,273" step="2"/><T2/><D2/><U30/><E49/><V15/><F100/><W82/><G82/><T108/><D81/><U71/><E91/><V19/><F19/><AGARI ba="2,1" hai="18,19,21,23,24,26,58,59,63,66,70,77,83,87" machi="19" ten="30,3900,0" yaku="1,1,7,1,9,1,53,0" doraHai="29" doraHaiUra="120" who="3" fromWho="2" sc="195,0,225,0,297,-45,273,55" /><INIT seed="3,0,0,3,5,39" ten="195,225,252,328" oya="3" hai0="118,41,135,95,14,134,86,57,60,61,88,68,10" hai1="3,128,52,9,50,36,101,116,40,43,56,100,110" hai2="133,123,73,103,44,23,48,28,0,29,93,24,121" hai3="79,54,94,97,66,105,112,4,51,76,115,33,47"/><W127/><G105/><T84/><D118/><U15/><E3/><V12/><F0/><W65/><G33/><T102/><D102/><N who="1" m="39531" /><E36/><V8/><F73/><W96/><G4/><N who="0" m="3399" /><D68/><U21/><E116/><V82/><F82/><W109/><G109/><T126/><D126/><U114/><E114/><V98/><F133/><N who="0" m="50698" /><D84/><U38/><E38/><V45/><F29/><W80/><G97/><T46/><D57/><U124/><E110/><V27/><F27/><W7/><G96/><T111/><D111/><U81/><E124/><V53/><F123/><W59/><G127/><T99/><D99/><U130/><E81/><V108/><F121/><W125/><G80/><T2/><D2/><U58/><E58/><N who="2" m="33063" /><F108/><W72/><G115/><T1/><D1/><U63/><E63/><V35/><F35/><W119/><G112/><T83/><D83/><U85/><E85/><V30/><F30/><W22/><G119/><T104/><D104/><U49/><E49/><AGARI ba="0,0" hai="41,46,49,60,61,86,88,95" m="50698,3399" machi="49" ten="30,3900,0" yaku="20,1,52,1,54,1" doraHai="39" who="0" fromWho="1" sc="195,39,225,-39,252,0,328,0" owari="234,-16.6,186,-31.4,252,5.2,328,42.8" /></mjloggm>