<mjloggm ver="2.3"><GO type="225" lobby="0"/><UN n0="%E3%83%B4%E3%83%A0%EF%BC%99%E3%81%A6" n1="%43%68%65" n2="%E3%81%A1%E3%82%85%E3%81%86%E3%81%A9%E3%81%8F%E8%B1%A1%E3%81%95%E3%82%93" n3="%E5%AF%82%E5%AF%9E%E3%82%AE%E3%83%8D%E3%82%B9%E3%83%93%E3%83%BC%E3%83%AB" dan="17,16,16,16" rate="2200.23,2151.54,2078.57,2141.56" sx="M,M,M,M"/><TAIKYOKU oya="0"/><INIT seed="0,0,0,1,1,128" ten="250,250,250,250" oya="0" hai0="133,130,122,44,86,116,65,47,51,54,93,119,48" hai1="117,6,13,99,46,37,124,42,40,8,123,115,135" hai2="57,30,72,77,49,14,75,129,92,126,91,114,90" hai3="70,9,43,12,16,107,32,28,109,23,102,118,10"/><T63/><D93/><U25/><E117/><N who="0" m="45129" /><D86/><U26/><E123/><V82/><F114/><W7/><G118/><T71/><D122/><U100/><E115/><V39/><F39/><W4/><G109/><T0/><D0/><U80/><E124/><V34/><F129/><W73/><G73/><T68/><D130/><U60/><E42/><V38/><F38/><W131/><G131/><T41/><D71/><U33/><E33/><V64/><F126/><W79/><G79/><T52/><D133/><U125/><E135/><V50/><F75/><W1/><G70/><T98/><D98/><U62/><E125/><V56/><F14/><W134/><G43/><AGARI ba="0,0" hai="41,43,44,47,48,51,52,54,63,65,68" m="45129" machi="43" ten="30,5800,0" yaku="34,2,54,1" doraHai="128" who="0" fromWho="3" sc="250,58,250,0,250,0,250,-58" /><INIT seed="0,1,0,2,5,23" ten="308,250,250,192" oya="0" hai0="66,121,47,44,94,29,33,34,86,32,126,14,135" hai1="31,54,12,88,9,107,56,26,19,53,2,122,18" hai2="62,103,91,102,77,58,52,6,15,48,70,89,63" hai3="123,106,85,132,20,99,46,84,50,35,67,8,40"/><T5/><D121/><U13/><E2/><V43/><F77/><W24/><G132/><T55/><D135/><U25/><E122/><V105/><F105/><W45/><G123/><T68/><D126/><U114/><E114/><V119/><F119/><W7/><G35/><T10/><D68/><U113/><E113/><V118/><F118/><W61/><G46/><T95/><D66/><U81/><E107/><V17/><F6/><W133/><G99/><T93/><D29/><U37/><E37/><V110/><F110/><W11/><G106/><T74/><D74/><U98/><E31/><V112/><F112/><W116/><G116/><T100/><D100/><N who="2" m="38442" /><F70/><W80/><G133/><T128/><D128/><U120/><E120/><V104/><F104/><W60/><G85/><T83/><REACH who="0" step="1"/><D55/><REACH who="0" ten="298,250,250,192" step="2"/><N who="1" m="21003" /><E56/><V129/><F129/><W51/><G67/><T16/><D16/><U38/><E38/><V109/><F109/><W76/><G51/><T28/><D28/><U111/><E111/><V57/><F43/><W131/><G131/><T41/><D41/><U90/><E19/><V134/><F134/><W71/><G71/><T101/><D101/><U82/><E18/><V4/><F4/><W73/><G73/><T130/><D130/><U27/><E9/><N who="3" m="3658" /><G7/><T65/><D65/><U64/><E64/><N who="2" m="38991" /><F48/><W69/><G69/><T127/><D127/><U96/><E96/><V97/><F17/><AGARI ba="1,1" hai="17,20,24,40,45,50,60,61,76,80,84" m="3658" machi="17" ten="30,2000,0" yaku="8,1,52,1" doraHai="23" who="3" fromWho="2" sc="298,0,250,0,250,-23,192,33" /><INIT seed="1,0,0,5,1,25" ten="298,250,227,225" oya="1" hai0="24,42,67,61,69,134,125,7,58,5,91,74,37" hai1="3,60,59,50,26,49,112,124,11,133,110,97,116" hai2="14,73,119,20,48,117,12,111,107,123,32,68,92" hai3="70,99,34,28,132,38,57,64,95,108,115,81,102"/><U46/><E112/><V56/><F123/><W51/><G115/><T40/><D74/><U76/><E116/><V75/><F68/><W96/><G38/><T85/><D125/><U87/><E124/><V53/><F107/><W2/><G2/><T63/><D134/><U131/><E133/><V47/><F111/><W31/><G34/><T19/><D37/><U8/><E110/><V72/><F32/><W130/><G108/><T71/><D19/><U36/><E36/><V16/><F12/><W30/><G132/><T135/><D24/><U65/><E131/><V128/><F128/><W127/><G127/><T106/><D106/><U78/><E50/><V98/><REACH who="2" step="1"/><F47/><REACH who="2" ten="298,250,217,225" step="2"/><W10/><G130/><T15/><D15/><U29/><E3/><V101/><AGARI ba="0,1" hai="14,16,20,48,53,56,72,73,75,92,98,101,117,119" machi="101" ten="30,7900,0" yaku="1,1,2,1,0,1,54,1,53,0" doraHai="25" doraHaiUra="1" who="2" fromWho="2" sc="298,-20,250,-39,217,89,225,-20" /><INIT seed="2,0,0,5,2,55" ten="278,211,306,205" oya="2" hai0="79,69,65,32,43,135,109,26,59,81,113,42,19" hai1="44,76,39,53,126,61,23,129,124,97,14,66,16" hai2="1,33,50,0,67,22,36,57,121,128,13,116,93" hai3="58,49,8,77,54,108,3,74,17,20,2,132,71"/><V85/><F121/><W30/><G108/><T90/><D113/><U41/><E129/><V84/><F36/><W62/><G132/><T110/><D69/><U83/><E53/><V27/><F116/><W102/><G102/><T52/><D65/><U100/><E83/><V115/><F115/><W134/><G134/><T56/><D90/><U96/><E76/><V40/><F128/><W29/><G74/><T24/><D135/><U46/><E46/><V70/><F33/><W78/><G78/><T28/><D19/><U107/><REACH who="1" step="1"/><E97/><REACH who="1" ten="278,201,306,205" step="2"/><V73/><F73/><W31/><G77/><T68/><D52/><U51/><E51/><V127/><F50/><W72/><G72/><T35/><D81/><U21/><E21/><V60/><F22/><W98/><G98/><T123/><D79/><U6/><E6/><V95/><F84/><W15/><REACH who="3" step="1"/><G20/><REACH who="3" ten="278,201,306,195" step="2"/><T7/><D32/><U106/><E106/><V25/><F85/><W118/><G118/><T64/><D35/><U37/><E37/><V104/><F104/><W10/><G10/><T114/><D114/><U5/><E5/><V11/><F11/><W9/><G9/><T133/><D7/><U105/><E105/><V119/><F119/><W18/><G18/><T101/><D133/><U89/><E89/><V112/><F112/><W12/><G12/><T130/><D130/><U94/><E94/><V99/><F13/><W75/><G75/><T4/><D4/><U122/><E122/><V45/><F95/><W125/><G125/><T82/><D123/><U63/><E63/><V111/><F127/><W92/><G92/><RYUUKYOKU ba="0,2" sc="278,-15,201,15,306,-15,195,15" hai1="14,16,23,39,41,44,61,66,96,100,107,124,126" hai3="2,3,8,15,17,29,30,31,49,54,58,62,71" /><INIT seed="3,1,2,2,5,124" ten="263,216,291,210" oya="3" hai0="53,69,119,83,33,109,126,77,80,84,82,43,103" hai1="15,92,93,44,95,68,35,131,113,101,5,4,87" hai2="74,91,2,66,13,21,128,50,24,135,26,47,17" hai3="25,6,111,42,127,129,72,11,133,55,132,29,56"/><W65/><G127/><T7/><D126/><U89/><E113/><V28/><F74/><W10/><G72/><T121/><D119/><U20/><E35/><V49/><F2/><W61/><G111/><T100/><D69/><U120/><E120/><V48/><F135/><N who="3" m="51787" /><G42/><T71/><D43/><U107/><E68/><V23/><F66/><W79/><G79/><T115/><D71/><U45/><E107/><V27/><F128/><W130/><G65/><T97/><D77/><U34/><E34/><V70/><F70/><W62/><G62/><T98/><D33/><U16/><E131/><N who="3" m="50186" /><G6/><N who="1" m="2666" /><E101/><V105/><F105/><W60/><G60/><T104/><D100/><U125/><E125/><V85/><F47/><AGARI ba="1,2" hai="15,16,20,44,45,47,87,89,92,93,95" m="2666" machi="47" ten="30,2000,0" yaku="8,1,54,1" doraHai="124" who="1" fromWho="2" sc="263,0,216,43,291,-23,210,0" /><INIT seed="4,0,0,3,0,43" ten="263,259,268,210" oya="0" hai0="109,69,71,37,66,117,62,42,84,79,35,92,95" hai1="65,29,47,27,121,24,2,11,96,21,52,56,126" hai2="107,40,77,58,119,100,38,93,51,120,7,39,1" hai3="127,18,80,97,8,23,104,118,34,59,53,12,85"/><T74/><D117/><U72/><E121/><V91/><F120/><W25/><G127/><T75/><D35/><U55/><E72/><V86/><F119/><W114/><G114/><T64/><D109/><U67/><E126/><V124/><F124/><W82/><G118/><T113/><D113/><U10/><E27/><V41/><F77/><W3/><G3/><T105/><D105/><U94/><E2/><V48/><F1/><W83/><G34/><T16/><D79/><U87/><E87/><V6/><F107/><W0/><G0/><T44/><D92/><U128/><E128/><V111/><F100/><W19/><G97/><T32/><D32/><U13/><E55/><V81/><F111/><W132/><G104/><T30/><D30/><U31/><E47/><N who="2" m="25703" /><F38/><W68/><G68/><T133/><D133/><U123/><E31/><V134/><F39/><W15/><G132/><T9/><D95/><U98/><E98/><N who="2" m="57663" /><F134/><W57/><G85/><T17/><D84/><U22/><E123/><V76/><F58/><W20/><REACH who="3" step="1"/><G53/><REACH who="3" ten="263,259,268,200" step="2"/><T46/><D75/><U88/><E52/><V5/><F41/><W78/><G78/><T101/><D74/><U60/><E67/><V129/><F129/><W61/><G61/><T110/><D110/><U26/><E13/><V122/><F122/><W54/><G54/><T45/><D64/><U90/><E90/><V70/><F70/><W130/><G130/><T125/><D69/><U73/><E73/><V33/><F33/><W115/><G115/><T50/><D125/><U36/><E96/><V112/><F112/><W106/><G106/><RYUUKYOKU ba="0,1" sc="263,-15,259,-15,268,15,200,15" hai2="5,6,7,51,76,81,86" hai3="8,12,15,18,19,20,23,25,57,59,80,82,83" /><INIT seed="5,1,1,4,4,34" ten="248,244,283,215" oya="1" hai0="96,75,92,71,97,24,85,31,39,58,107,59,62" hai1="46,77,132,90,28,103,70,69,43,18,98,23,102" hai2="49,106,78,101,94,38,133,51,131,110,73,11,56" hai3="8,124,117,5,104,47,86,14,129,80,6,123,36"/><U130/><E130/><V76/><F110/><W105/><G123/><T125/><D75/><U3/><E132/><V37/><F106/><W84/><G129/><T109/><D39/><U122/><E122/><V83/><F131/><W29/><G124/><T16/><D109/><U7/><E28/><V126/><F126/><W19/><G29/><T15/><D125/><U113/><E77/><V67/><F133/><W44/><G117/><T52/><D71/><U4/><E90/><V81/><F11/><W128/><G128/><T68/><D68/><U0/><E113/><V115/><F115/><W127/><G127/><T63/><D85/><U10/><E70/><V119/><F119/><W55/><G86/><T74/><D74/><U32/><E32/><V89/><F101/><W108/><G108/><T33/><D107/><U87/><E87/><V114/><F114/><W25/><G36/><T65/><D92/><U30/><E30/><V100/><F100/><W72/><G72/><T111/><D111/><U64/><E64/><V121/><F121/><W45/><G55/><T120/><D120/><U17/><E69/><V88/><F67/><W82/><G82/><T95/><D95/><U135/><E135/><V22/><F94/><W99/><G99/><T116/><D116/><U134/><E134/><V1/><F73/><W21/><REACH who="3" step="1"/><G5/><REACH who="3" ten="248,244,283,205" step="2"/><T20/><AGARI ba="1,2" hai="15,16,20,24,31,33,52,58,59,62,63,65,96,97" machi="20" ten="20,5200,0" yaku="0,1,7,1,54,2" doraHai="34" who="0" fromWho="0" sc="248,75,244,-27,283,-14,205,-14" owari="323,42.3,217,-18.3,269,6.9,191,-30.9" /></mjloggm>