<mjloggm ver="2.3"><GO type="225" lobby="0"/><UN n0="%E3%82%A2%E3%83%A1%E3%82%A2%E3%83%A9%E3%83%AC" n1="%E6%81%A5%E6%99%92%E3%81%97" n2="%E4%BF%8A%E6%96%87%E9%BE%8D" n3="%77%72%77%72%77%72%77%72" dan="16,16,17,17" rate="2074.65,2152.59,2133.05,2232.97" sx="M,M,M,M"/><TAIKYOKU oya="0"/><INIT seed="0,0,0,5,0,27" ten="250,250,250,250" oya="0" hai0="67,86,101,132,94,133,105,97,113,68,85,71,109" hai1="120,134,15,91,129,11,61,106,4,30,130,62,72" hai2="135,117,76,45,98,41,63,9,7,32,5,99,51" hai3="20,103,42,57,43,59,60,40,2,73,35,34,50"/><T44/><D113/><U112/><E120/><V131/><F131/><N who="1" m="50185" /><E112/><V93/><F135/><N who="0" m="51786" /><D109/><U96/><E72/><V84/><F32/><W107/><G73/><T16/><D44/><U36/><E134/><V66/><F117/><W121/><G121/><T88/><D67/><U75/><E75/><V0/><F5/><W37/><G37/><T90/><D16/><N who="1" m="8319" /><E36/><V126/><F126/><W39/><G2/><T55/><D55/><U26/><E4/><V48/><F48/><W65/><G39/><T118/><D118/><U92/><E106/><V79/><F84/><W78/><G78/><T127/><D127/><U124/><E124/><V123/><F99/><W116/><G116/><T25/><D25/><U111/><E111/><V69/><REACH who="2" step="1"/><F123/><REACH who="2" ten="250,250,240,250" step="2"/><W95/><G50/><T38/><D38/><U24/><E24/><V77/><F77/><W128/><G128/><T10/><D10/><U100/><E91/><AGARI ba="0,1" hai="0,7,9,41,45,51,63,66,69,76,79,91,93,98" machi="91" ten="30,3900,0" yaku="1,1,7,1,53,1" doraHai="27" doraHaiUra="1" who="2" fromWho="1" sc="250,0,250,-39,240,49,250,0" /><INIT seed="1,0,0,0,4,128" ten="250,211,289,250" oya="1" hai0="13,120,83,23,19,125,3,119,48,58,71,1,77" hai1="38,113,135,29,50,104,35,52,26,17,127,65,8" hai2="64,126,21,107,110,68,24,34,94,87,41,115,46" hai3="123,6,102,74,12,45,85,11,121,103,54,89,16"/><U108/><E113/><V40/><F107/><W95/><G74/><T31/><D125/><U97/><E127/><V129/><F126/><W66/><G66/><T99/><D119/><U63/><E38/><V76/><F34/><W98/><G103/><T42/><D71/><N who="1" m="42431" /><E108/><V36/><F40/><W93/><REACH who="3" step="1"/><G6/><REACH who="3" ten="250,211,289,240" step="2"/><T2/><D120/><U30/><E30/><V25/><F64/><W59/><G59/><T43/><D31/><U27/><E29/><V56/><F56/><W5/><G5/><T69/><D69/><U72/><E72/><V109/><F68/><W9/><G9/><T14/><D58/><U101/><E8/><V82/><F110/><W33/><G33/><T79/><D1/><U134/><E35/><V15/><F109/><W39/><G39/><T114/><D3/><U91/><E17/><V62/><F36/><W20/><G20/><T10/><D2/><U18/><E18/><V78/><F21/><W67/><G67/><T80/><D23/><U37/><E37/><V86/><F129/><W124/><G124/><T70/><D70/><U92/><E101/><V55/><F46/><W49/><AGARI ba="0,1" hai="11,12,16,45,49,54,85,89,93,95,98,102,121,123" machi="49" ten="30,4000,0" yaku="1,1,0,1,54,1,53,0" doraHai="128" doraHaiUra="100" who="3" fromWho="3" sc="250,-10,211,-20,289,-10,240,50" /><INIT seed="2,0,0,4,2,74" ten="240,191,279,290" oya="2" hai0="22,106,15,134,18,60,24,89,130,72,87,29,114" hai1="108,63,32,46,51,49,118,116,77,28,66,121,8" hai2="25,97,107,79,21,55,91,127,109,44,27,104,128" hai3="115,120,73,12,94,45,70,123,2,19,35,36,85"/><V52/><F127/><W92/><G73/><T111/><D111/><U43/><E32/><V39/><F128/><W41/><G70/><T102/><D134/><U135/><E28/><V61/><F79/><W54/><G35/><T131/><D114/><U88/><E108/><V124/><F25/><W38/><G38/><T113/><D72/><U48/><E8/><V13/><F13/><W37/><G37/><T76/><D113/><U10/><E10/><V82/><F82/><W16/><G2/><T78/><D60/><U67/><E77/><V95/><F124/><W129/><G129/><N who="0" m="49163" /><D102/><U125/><E125/><V56/><F109/><W132/><G132/><T100/><D100/><U133/><E88/><V26/><F26/><W40/><G40/><T9/><D106/><U98/><E98/><V96/><F96/><W126/><G126/><T30/><D30/><U99/><E99/><V65/><F65/><N who="1" m="24585" /><E63/><V86/><F86/><W81/><G115/><T7/><D29/><U69/><E69/><V50/><F39/><W33/><G33/><T57/><D57/><U64/><N who="1" m="24593" /><U62/><DORA hai="6" /><E62/><V1/><F1/><W71/><G71/><T117/><D117/><N who="1" m="45163" /><E121/><V119/><F119/><W122/><G122/><T3/><D3/><U5/><E5/><V68/><F68/><W23/><G123/><T14/><D24/><U90/><E90/><V84/><F84/><W17/><G120/><T0/><D0/><U83/><E83/><AGARI ba="0,0" hai="7,9,14,15,18,22,76,78,83,87,89" m="49163" machi="83" ten="30,7700,0" yaku="19,1,52,3" doraHai="74,6" who="0" fromWho="1" sc="240,77,191,-77,279,0,290,0" /><INIT seed="3,0,0,4,2,1" ten="317,114,279,290" oya="3" hai0="6,122,103,84,128,9,117,72,98,97,51,16,92" hai1="101,129,54,93,118,13,87,11,62,85,108,18,48" hai2="30,42,78,7,2,96,52,33,5,121,125,105,47" hai3="10,123,19,21,43,66,134,104,64,0,38,53,55"/><W60/><G123/><T27/><D117/><U102/><E108/><V8/><F125/><W69/><G104/><T81/><D72/><U3/><E129/><V91/><F91/><W89/><G134/><T73/><D73/><U37/><E37/><V126/><F126/><W70/><G89/><T57/><D128/><U31/><E118/><V111/><F111/><W76/><G76/><N who="0" m="46119" /><D98/><U58/><E3/><V65/><F65/><W86/><G86/><T131/><D122/><U32/><E31/><V36/><F78/><W40/><G0/><T23/><D131/><U56/><E32/><V75/><F75/><W135/><G10/><T15/><D51/><U20/><E11/><V82/><F82/><W115/><G135/><T4/><D57/><U59/><E59/><V63/><F8/><W45/><G40/><T120/><D120/><U80/><E80/><V44/><F2/><W50/><G115/><T112/><D112/><U26/><E26/><V22/><F33/><W71/><G38/><T25/><D25/><U68/><E68/><V28/><F121/><W116/><G116/><T100/><D100/><U106/><E106/><V35/><F35/><W14/><G69/><T41/><D41/><U114/><E114/><V113/><F113/><W124/><G124/><T90/><D103/><U130/><E130/><V79/><F30/><AGARI ba="0,0" hai="4,6,9,15,16,23,27,30,90,92,97" m="46119" machi="30" ten="30,7700,0" yaku="8,1,52,2,54,1" doraHai="1" who="0" fromWho="2" sc="317,77,114,0,279,-77,290,0" owari="394,49.4,114,-38.6,202,-19.8,290,9.0" /></mjloggm>