<mjloggm ver="2.3"><GO type="225" lobby="0"/><UN n0="%E5%B8%86%E7%AB%8B%E5%A4%8F%E8%A1%A3" n1="%6D%75%75%73%61%6E%6D%75" n2="%E3%81%95%E3%81%8D%E3%81%9F%E3%81%BE%E6%9E%97%E6%AA%8E" n3="%E6%9D%B1%E9%A2%A8%E3%81%AE%E3%81%8D%E3%82%83%E3%81%B7%E3%81%95%E3%82%93" dan="16,17,16,17" rate="2200.32,2151.36,2070.61,2173.79" sx="M,F,M,M"/><TAIKYOKU oya="0"/><INIT seed="0,0,0,4,5,110" ten="250,250,250,250" oya="0" hai0="37,69,131,33,126,32,10,29,79,66,57,24,101" hai1="16,91,7,92,123,40,96,119,85,72,111,105,35" hai2="77,75,104,68,18,67,5,82,125,76,19,2,133" hai3="83,50,73,42,88,9,65,54,55,21,48,116,100"/><T99/><D126/><U115/><E111/><V56/><F125/><W112/><G116/><T47/><D131/><U26/><E119/><V34/><F133/><W27/><G100/><T118/><D118/><U8/><E123/><V87/><F104/><W45/><G9/><T59/><D10/><U46/><E72/><V1/><F34/><W78/><G65/><T109/><D79/><U0/><E115/><V49/><F49/><W61/><G112/><T134/><D33/><U52/><E35/><V44/><F44/><W113/><G113/><T129/><D129/><U102/><E26/><V38/><F38/><W128/><G61/><N who="0" m="40143" /><D134/><U17/><REACH who="1" step="1"/><E52/><REACH who="1" ten="250,240,250,250" step="2"/><V51/><F75/><W135/><G128/><T20/><D109/><U3/><E3/><V95/><F1/><W74/><G135/><T22/><D47/><U120/><E120/><V117/><F2/><W4/><G73/><T70/><D70/><U93/><E93/><V89/><F95/><W58/><G55/><T106/><D37/><AGARI ba="0,1" hai="0,7,8,16,17,37,40,46,85,91,92,96,102,105" machi="37" ten="30,3900,0" yaku="1,1,7,1,54,1,53,0" doraHai="110" doraHaiUra="53" who="1" fromWho="0" sc="250,-39,240,49,250,0,250,0" /><INIT seed="1,0,0,2,0,45" ten="211,289,250,250" oya="1" hai0="135,101,44,80,69,99,71,86,119,54,47,20,33" hai1="129,103,22,65,107,27,52,134,127,87,81,17,118" hai2="130,78,75,85,93,28,109,122,7,60,30,116,1" hai3="48,111,90,25,89,35,77,55,66,61,72,114,124"/><U64/><E118/><V117/><F122/><W38/><G111/><T12/><D33/><U53/><E127/><V63/><F130/><W56/><G38/><T95/><D135/><U105/><E129/><V24/><F30/><W102/><G102/><T21/><D119/><U133/><E65/><V13/><F109/><W106/><G106/><T70/><D12/><U15/><E64/><V84/><F1/><W16/><G114/><T91/><REACH who="0" step="1"/><D47/><REACH who="0" ten="201,289,250,250" step="2"/><U74/><E133/><V19/><F13/><W67/><G35/><T11/><D11/><U121/><E134/><V39/><F117/><W32/><G32/><T120/><D120/><U29/><E121/><V110/><F116/><W23/><G124/><T49/><AGARI ba="0,1" hai="20,21,44,49,54,69,70,71,80,86,91,95,99,101" machi="49" ten="40,5200,0" yaku="1,1,0,1,52,1,53,0" doraHai="45" doraHaiUra="5" who="0" fromWho="0" sc="201,62,289,-26,250,-13,250,-13" /><INIT seed="2,0,0,2,5,61" ten="263,263,237,237" oya="2" hai0="90,3,53,63,74,69,98,56,33,30,124,112,116" hai1="47,57,20,59,131,8,121,79,132,118,46,100,82" hai2="35,50,7,52,128,45,122,21,36,123,96,99,38" hai3="13,134,26,16,83,103,43,11,51,64,10,23,129"/><V75/><F35/><W65/><G134/><T55/><D74/><U9/><E118/><V133/><F75/><W76/><G129/><T113/><D3/><U114/><E114/><V88/><F7/><W85/><G103/><T89/><D69/><U15/><E131/><V70/><F70/><W18/><G10/><N who="1" m="4202" /><E132/><V67/><F128/><W107/><G107/><T126/><D116/><U127/><E100/><V19/><F133/><W125/><G125/><N who="0" m="48235" /><D55/><U27/><E15/><N who="2" m="9471" /><F123/><W78/><G78/><T119/><D119/><U84/><E121/><V135/><F135/><W6/><G18/><T101/><D30/><N who="1" m="17767" /><E127/><V117/><F117/><W104/><G104/><N who="0" m="63543" /><D33/><U115/><E115/><AGARI ba="0,0" hai="53,56,63,89,90,112,113,115" m="63543,48235" machi="115" ten="30,1000,0" yaku="18,1" doraHai="61" who="0" fromWho="1" sc="263,10,263,-10,237,0,237,0" /><INIT seed="3,0,0,1,0,54" ten="273,253,237,237" oya="3" hai0="26,111,77,62,60,105,34,30,37,75,101,35,57" hai1="107,4,51,33,129,59,117,115,126,45,6,68,72" hai2="112,19,100,88,29,86,24,121,104,55,64,90,3" hai3="94,81,1,131,119,118,39,78,43,67,128,7,76"/><W31/><G31/><T97/><D37/><U38/><RYUUKYOKU type="yao9" ba="0,0" sc="273,0,253,0,237,0,237,0" hai1="4,6,33,38,45,51,59,68,72,107,115,117,126,129" /><INIT seed="3,1,0,1,3,62" ten="273,253,237,237" oya="3" hai0="100,29,114,45,30,20,69,77,92,73,50,95,116" hai1="86,103,43,91,83,81,110,75,66,65,64,60,67" hai2="27,51,115,28,70,1,11,14,13,127,99,36,46" hai3="113,89,134,109,34,40,19,119,106,104,59,71,42"/><W39/><G119/><T120/><D116/><U121/><E121/><V35/><F115/><W12/><G113/><T87/><D120/><U133/><E110/><V61/><F36/><W52/><G71/><T93/><D69/><U7/><E133/><V21/><F127/><W76/><G34/><T23/><D73/><U5/><E43/><N who="3" m="16426" /><G76/><T47/><D114/><U94/><E75/><V58/><F70/><W68/><G68/><T15/><D100/><U97/><E83/><V111/><F111/><W78/><G78/><T101/><D101/><U24/><E24/><V0/><F35/><W96/><G39/><T123/><D123/><U17/><E17/><V44/><F1/><W48/><G109/><T108/><D108/><U88/><E103/><V130/><F130/><W38/><G38/><T33/><D33/><U102/><E102/><V131/><F131/><W118/><G118/><T10/><D30/><U129/><E129/><V72/><F72/><W117/><G117/><T2/><D2/><U85/><E86/><V74/><F74/><W49/><G134/><T9/><D87/><U31/><E31/><V32/><F32/><W18/><G48/><T105/><D77/><U53/><N who="1" m="16384" /><DORA hai="84" /><U98/><E98/><V8/><F51/><W126/><G126/><T79/><D50/><U112/><E112/><V26/><F99/><W124/><G124/><T56/><D105/><N who="3" m="40553" /><G12/><N who="2" m="4713" /><F0/><W107/><N who="3" m="40561" /><W63/><DORA hai="3" /><G49/><T41/><D41/><U6/><E6/><V128/><F128/><W125/><G125/><T132/><D132/><U55/><E60/><V16/><F61/><RYUUKYOKU ba="1,0" sc="273,-15,253,15,237,-15,237,15" hai1="5,7,53,55,81,85,88,91,94,97" hai3="18,19,52,59,63,89,96" /><INIT seed="3,2,0,0,1,22" ten="258,268,222,252" oya="3" hai0="97,130,0,3,83,32,38,78,128,16,43,113,123" hai1="53,1,29,28,92,87,125,24,84,35,95,69,45" hai2="44,68,133,54,81,59,52,49,37,70,111,117,135" hai3="104,42,122,65,108,99,7,132,89,131,66,102,93"/><W75/><G122/><T11/><D32/><U121/><E69/><N who="2" m="26731" /><F81/><W6/><G75/><N who="0" m="43487" /><D123/><U4/><E121/><V118/><F111/><W5/><G132/><N who="2" m="50761" /><F37/><W105/><G131/><N who="0" m="50219" /><D97/><U46/><E87/><V119/><F59/><W36/><G108/><T71/><D71/><U72/><E84/><V20/><F20/><W79/><G79/><T98/><D98/><U15/><E72/><V12/><F12/><W31/><G31/><T25/><D113/><U41/><E15/><V90/><F90/><W76/><G76/><T96/><D96/><U51/><E1/><N who="0" m="585" /><D11/><U94/><E4/><V120/><F120/><W110/><G110/><T116/><D116/><N who="2" m="29698" /><V39/><DORA hai="30" /><F39/><W88/><G89/><T126/><D126/><U74/><E125/><V40/><AGARI ba="2,0" hai="40,44,49,52,54" m="29698,50761,26731" machi="40" ten="50,8000,1" yaku="20,1,34,2,54,1" doraHai="22,30" who="2" fromWho="2" sc="258,-22,268,-22,222,86,252,-42" owari="236,-16.4,246,4.6,308,40.8,210,-29.0" /></mjloggm>