<mjloggm ver="2.3"><GO type="225" lobby="0"/><UN n0="%E3%82%82%E3%81%86%E3%81%93%E3%82%8A%E3%81%94%E3%82%8A%E3%82%89" n1="%E6%A1%9C%E8%8A%B1%E9%96%83%E3%80%85" n2="%72%69%6F%75%63%68%61%6E" n3="%E3%83%B4%E3%83%A0%EF%BC%99%E3%81%A6" dan="16,17,16,17" rate="2137.19,2137.91,2116.61,2155.32" sx="M,M,M,M"/><TAIKYOKU oya="0"/><INIT seed="0,0,0,3,3,46" ten="250,250,250,250" oya="0" hai0="120,115,24,73,22,74,129,2,43,52,77,55,111" hai1="5,16,96,103,11,98,82,6,130,92,64,39,53" hai2="134,102,17,49,8,125,1,32,99,79,107,69,68" hai3="121,29,81,78,51,30,50,127,44,34,47,122,71"/><T15/><D115/><U95/><E130/><V123/><F123/><N who="3" m="47115" /><G71/><T75/><D120/><U19/><E39/><V132/><F125/><W126/><G126/><T70/><D2/><U109/><E109/><V57/><F32/><W114/><G114/><T84/><D129/><U0/><E64/><V100/><F102/><W101/><G101/><T128/><D128/><U21/><E82/><V23/><F79/><W9/><G9/><T113/><D113/><U112/><E112/><V117/><F117/><W36/><G36/><T119/><D119/><U37/><E37/><V89/><F89/><W13/><G13/><T104/><D104/><U105/><E105/><V108/><F108/><W67/><G67/><T110/><D70/><U28/><E6/><V41/><F1/><W18/><G18/><T97/><D74/><U72/><E72/><V131/><F131/><W48/><G127/><T94/><D75/><U12/><E28/><N who="3" m="10858" /><G34/><T60/><D73/><AGARI ba="0,0" hai="44,47,48,50,51,73,78,81" m="10858,47115" machi="73" ten="30,7700,0" yaku="13,1,52,3" doraHai="46" who="3" fromWho="0" sc="250,-77,250,0,250,0,250,77" /><INIT seed="1,0,0,3,1,4" ten="173,250,250,327" oya="1" hai0="110,54,12,96,131,24,56,109,82,43,93,133,128" hai1="7,17,47,35,61,22,18,36,98,103,119,48,63" hai2="0,92,114,37,121,122,79,20,51,44,38,64,84" hai3="91,80,50,74,45,55,83,16,25,59,101,13,8"/><U77/><E119/><V111/><F0/><W68/><G68/><T89/><D24/><U2/><E35/><V32/><F32/><W113/><G113/><T49/><D12/><U21/><E36/><V19/><F114/><W58/><G101/><T67/><D133/><U130/><E77/><V62/><F111/><W99/><G74/><T69/><D82/><N who="3" m="31273" /><G25/><T1/><D1/><U70/><E130/><V123/><F79/><W75/><G75/><T125/><D125/><U126/><E22/><V94/><F84/><W124/><G124/><T28/><D28/><U27/><E18/><V40/><F37/><W127/><G127/><T134/><D134/><U88/><E70/><V107/><F107/><W41/><G41/><T52/><D43/><U118/><E88/><V5/><F38/><W100/><G100/><T117/><D117/><U14/><E2/><V34/><F34/><W31/><G31/><T85/><D85/><U120/><E120/><V42/><F40/><W65/><G65/><T72/><D72/><U57/><E118/><V116/><F116/><W105/><G105/><T90/><D90/><U30/><E30/><V87/><F87/><W81/><G99/><T3/><D3/><U6/><E27/><N who="2" m="14751" /><F94/><W115/><G115/><T60/><REACH who="0" step="1"/><D54/><REACH who="0" ten="163,250,250,327" step="2"/><N who="1" m="29983" /><E126/><V97/><F123/><W10/><G91/><T11/><D11/><N who="3" m="4137" /><G81/><T71/><D71/><U15/><E15/><V135/><F135/><W76/><G76/><T102/><D102/><U78/><E78/><V132/><F132/><W66/><G66/><T129/><AGARI ba="0,1" hai="49,52,56,60,67,69,89,93,96,109,110,128,129,131" machi="129" ten="40,8000,1" yaku="1,1,0,1,19,1,54,1,53,1" doraHai="4" doraHaiUra="46" who="0" fromWho="0" sc="163,90,250,-40,250,-20,327,-20" /><INIT seed="2,0,0,4,5,39" ten="253,210,230,307" oya="2" hai0="97,81,35,51,20,32,88,33,72,71,25,110,113" hai1="12,129,68,17,90,23,124,98,48,123,47,93,85" hai2="3,89,18,55,76,41,16,106,5,56,127,94,133" hai3="73,45,107,1,128,26,95,24,44,105,119,8,34"/><V43/><F106/><W60/><G73/><T104/><D113/><U102/><E129/><V52/><F127/><W40/><G119/><T122/><D122/><U65/><E124/><V66/><F133/><W80/><G128/><T132/><D132/><U87/><E123/><V79/><F5/><W100/><G80/><T62/><D110/><U54/><E68/><V118/><F3/><W2/><G60/><T74/><D51/><U82/><E65/><V112/><F112/><W58/><G58/><T96/><D104/><U120/><E120/><V36/><F118/><W116/><G116/><T69/><D81/><U27/><REACH who="1" step="1"/><E85/><REACH who="1" ten="253,200,230,307" step="2"/><N who="2" m="52527" /><F66/><W117/><G117/><T57/><D69/><U121/><E121/><V67/><F67/><W125/><G125/><T4/><D71/><U28/><E28/><V135/><F135/><W86/><G86/><T14/><D74/><U131/><E131/><V99/><F99/><W31/><G31/><T50/><D72/><U21/><E21/><V10/><F55/><W0/><G34/><T92/><D96/><U42/><E42/><N who="2" m="15883" /><F36/><W134/><G134/><T61/><D32/><U53/><E53/><V126/><F126/><W101/><G40/><T103/><D33/><U37/><E37/><V84/><F84/><W78/><G0/><T108/><D35/><U46/><E46/><V38/><F38/><W64/><G64/><T111/><D111/><U29/><E29/><V59/><F56/><W130/><G130/><T63/><D108/><U77/><E77/><N who="2" m="29771" /><F10/><W49/><G1/><T109/><D109/><U91/><E91/><V83/><F83/><RYUUKYOKU ba="0,1" sc="253,-15,200,15,230,15,307,-15" hai1="12,17,23,27,47,48,54,82,87,90,93,98,102" hai2="16,18,52,59" /><INIT seed="2,1,1,2,4,2" ten="238,215,245,292" oya="2" hai0="120,60,107,32,48,108,37,85,111,25,69,6,63" hai1="33,8,118,70,79,51,17,45,121,73,12,71,18" hai2="130,78,38,10,66,98,24,56,55,100,110,128,109" hai3="82,35,131,54,27,90,26,119,88,105,65,50,124"/><V44/><F78/><W127/><G119/><T103/><D120/><U74/><E118/><V92/><F66/><W84/><G105/><T31/><D37/><U101/><E121/><V23/><F10/><W15/><G131/><N who="2" m="50217" /><F44/><W122/><G122/><T80/><D48/><U13/><E33/><V19/><F38/><W133/><G133/><T61/><D6/><U43/><E101/><V125/><F125/><N who="3" m="48203" /><G65/><T29/><D29/><U42/><E42/><V116/><F116/><W72/><G72/><T59/><D69/><U132/><E132/><V76/><F76/><W117/><G117/><T0/><D0/><U4/><E74/><V64/><F64/><W99/><G35/><T97/><REACH who="0" step="1"/><D59/><REACH who="0" ten="228,215,245,292" step="2"/><U36/><E36/><V102/><F100/><W1/><G1/><T39/><D39/><U62/><E4/><V94/><F92/><N who="3" m="56711" /><G15/><T28/><D28/><U21/><E13/><V86/><F86/><W20/><G20/><T30/><D30/><U104/><E21/><V81/><F81/><W68/><G68/><T46/><D46/><AGARI ba="1,2" hai="26,27,46,50,54,82,84,90" m="56711,48203" machi="46" ten="30,2000,0" yaku="18,1,54,1" doraHai="2" who="3" fromWho="0" sc="228,-23,215,0,245,0,292,43" /><INIT seed="3,0,0,3,5,19" ten="205,215,245,335" oya="3" hai0="41,88,54,61,51,124,95,75,127,13,123,34,93" hai1="38,32,37,68,94,0,97,99,113,125,118,81,114" hai2="109,122,72,21,130,14,73,23,89,129,58,67,103" hai3="15,87,12,76,110,46,106,101,65,71,11,18,6"/><W44/><G110/><T82/><D123/><U121/><E121/><V36/><F109/><W52/><G71/><T33/><D41/><U16/><E68/><V100/><F36/><W3/><G65/><T27/><D61/><U63/><E0/><V96/><F122/><W69/><G69/><T108/><D108/><U4/><E4/><V47/><F47/><W120/><G120/><T10/><D82/><U39/><E32/><V55/><F67/><W26/><G26/><T64/><D75/><N who="2" m="28746" /><F89/><W35/><G35/><T126/><D64/><U74/><E125/><V24/><F14/><W43/><G43/><T115/><D115/><U107/><E118/><V56/><F24/><W50/><G44/><N who="0" m="28007" /><D27/><U20/><E114/><V48/><F58/><W53/><G53/><T77/><D77/><N who="1" m="44215" /><E113/><V5/><F5/><W25/><G25/><T60/><D60/><U7/><E63/><V49/><F48/><W31/><G50/><T62/><D93/><U80/><E80/><V22/><F96/><N who="1" m="36937" /><E94/><V111/><F111/><W112/><G112/><T79/><D79/><U119/><E119/><V135/><F135/><W9/><G76/><T70/><D62/><U84/><E107/><V83/><F83/><W1/><G106/><T66/><D66/><U2/><E84/><V28/><F28/><W40/><G31/><T30/><D30/><U105/><E105/><V131/><AGARI ba="0,0" hai="21,22,23,49,55,56,100,103,129,130,131" m="28746" machi="131" ten="40,8000,1" yaku="19,1,52,3" doraHai="19" who="2" fromWho="2" sc="205,-20,215,-20,245,80,335,-40" owari="185,-31.5,195,-20.5,325,42.5,295,9.5" /></mjloggm>