<mjloggm ver="2.3"><GO type="225" lobby="0"/><UN n0="%E8%B6%85%E7%B4%9A%E9%B3%B3%E5%87%B0" n1="%E3%81%AF%E3%82%88%E3%81%8A%E3%81%98%E3%81%95%E3%82%93" n2="%E6%98%93%E5%88%A9%E8%96%A9%E4%BC%AF" n3="%6D%75%75%6D%75%72%61" dan="16,17,16,16" rate="2144.93,2201.69,2043.65,2123.03" sx="M,M,F,F"/><TAIKYOKU oya="0"/><INIT seed="0,0,0,0,2,80" ten="250,250,250,250" oya="0" hai0="61,49,120,129,44,102,135,4,46,72,12,34,64" hai1="53,93,55,130,109,95,48,35,68,81,15,59,88" hai2="106,116,127,115,82,30,62,47,76,14,57,22,114" hai3="1,45,128,100,13,113,9,70,97,16,63,10,105"/><T65/><D120/><U25/><E68/><V5/><F106/><W26/><G128/><T36/><D72/><U132/><E130/><V8/><F127/><W54/><G113/><T52/><D129/><U69/><E69/><V119/><F47/><W87/><G26/><T17/><D34/><U21/><E109/><V40/><F40/><W84/><G45/><T78/><D135/><U104/><E104/><V77/><F77/><W99/><G99/><T20/><D102/><U133/><E15/><V6/><F6/><W66/><REACH who="3" step="1"/><G54/><REACH who="3" ten="250,250,250,240" step="2"/><T3/><D46/><U112/><E53/><V51/><F114/><W18/><G18/><T108/><D44/><U24/><E112/><V131/><F115/><W67/><G67/><T110/><D52/><U123/><E25/><V41/><F131/><W19/><G19/><T85/><D17/><N who="1" m="12335" /><E123/><V98/><F98/><W33/><G33/><T134/><D65/><U27/><E27/><V58/><F41/><W92/><G92/><T37/><D64/><U71/><E35/><V125/><F30/><W43/><G43/><T83/><D134/><N who="1" m="51819" /><E71/><V7/><F116/><W96/><G96/><T38/><D36/><U89/><E93/><V111/><F119/><W29/><G29/><T50/><D37/><U118/><E118/><V0/><F7/><AGARI ba="0,1" hai="1,7,9,10,13,16,63,66,70,84,87,97,100,105" machi="7" ten="40,8000,1" yaku="1,1,52,2,54,1,53,0" doraHai="80" doraHaiUra="117" who="3" fromWho="2" sc="250,0,250,0,250,-80,240,90" /><INIT seed="1,0,0,5,3,135" ten="250,250,170,330" oya="1" hai0="127,109,106,50,89,94,40,98,42,49,86,87,128" hai1="20,39,51,55,15,104,64,8,61,83,1,29,19" hai2="24,41,76,58,43,117,133,84,72,36,33,129,54" hai3="82,103,95,59,110,38,112,52,97,47,63,101,27"/><U93/><E39/><V10/><F117/><W3/><G112/><T91/><D109/><U92/><E104/><V73/><F133/><W119/><G110/><T77/><D128/><U80/><E1/><V118/><F118/><W81/><G3/><T23/><D127/><U121/><E121/><V22/><F33/><W124/><G119/><T67/><D67/><U79/><E80/><V26/><F129/><W74/><G124/><T14/><D106/><U131/><E131/><V30/><F10/><W75/><G103/><T45/><D77/><U132/><E132/><V85/><F36/><W16/><G75/><T125/><D125/><U113/><E113/><V108/><F108/><W105/><G74/><T111/><D111/><U35/><E35/><V120/><F120/><W71/><G71/><T116/><D116/><U31/><E61/><V25/><F73/><W44/><G105/><T32/><D32/><U114/><E64/><V2/><F2/><W34/><G34/><T122/><D122/><U123/><E114/><V57/><F72/><W96/><G96/><T102/><D14/><U99/><E123/><V53/><F26/><W90/><G38/><T18/><D87/><N who="1" m="48639" /><E8/><V21/><REACH who="2" step="1"/><F76/><REACH who="2" ten="250,250,160,330" step="2"/><W115/><G115/><T17/><D23/><U4/><E4/><V134/><F134/><W56/><G81/><T48/><D49/><U130/><E51/><V13/><F13/><W7/><G27/><T12/><D12/><U78/><E15/><V5/><F5/><W69/><G7/><T100/><D48/><U70/><E130/><V46/><F46/><W9/><G44/><RYUUKYOKU ba="0,1" sc="250,-10,250,-10,160,30,330,-10" hai2="21,22,24,25,30,41,43,53,54,57,58,84,85" /><INIT seed="2,1,1,3,1,0" ten="240,240,190,320" oya="2" hai0="88,76,5,2,29,129,45,31,33,94,30,32,134" hai1="74,68,128,63,72,44,25,92,17,123,23,109,118" hai2="42,75,69,95,119,65,6,127,102,60,70,9,99" hai3="124,28,77,18,41,53,10,105,108,16,135,86,71"/><V37/><F127/><W122/><G105/><T20/><D129/><U90/><E118/><V8/><F119/><W7/><G122/><T81/><D134/><U61/><E128/><V113/><F113/><W125/><G71/><T110/><D110/><U51/><E109/><V104/><F75/><W12/><G108/><T52/><D20/><U24/><E123/><V133/><F133/><W57/><G135/><T13/><D2/><U4/><E4/><V59/><F104/><W117/><G28/><T107/><D107/><U15/><E72/><V114/><F114/><W11/><G41/><T106/><D106/><U21/><E74/><V111/><F111/><W46/><G46/><T85/><D45/><U73/><E73/><V47/><REACH who="2" step="1"/><F9/><REACH who="2" ten="240,240,180,320" step="2"/><W56/><G11/><N who="0" m="4335" /><D33/><U38/><E23/><V97/><F97/><W130/><G117/><T67/><D32/><U66/><E21/><V1/><AGARI ba="1,2" hai="1,6,8,37,42,47,59,60,65,69,70,95,99,102" machi="1" ten="20,7800,0" yaku="1,1,0,1,7,1,52,1,53,0" doraHai="0" doraHaiUra="126" who="2" fromWho="2" sc="240,-27,240,-27,180,101,320,-27" /><INIT seed="2,2,0,5,0,33" ten="213,213,281,293" oya="2" hai0="23,71,103,91,76,29,109,27,4,31,36,28,2" hai1="15,127,121,32,54,79,44,83,50,35,1,14,52" hai2="123,20,77,119,84,104,26,108,66,39,5,18,21" hai3="12,105,126,134,40,10,49,129,67,81,106,116,3"/><V16/><F119/><W135/><G116/><T88/><D71/><U87/><E127/><V70/><F123/><W86/><G126/><T99/><D36/><U97/><E121/><V107/><F39/><W130/><G67/><T72/><D109/><U78/><E1/><V94/><F108/><W90/><G40/><T17/><D72/><U38/><E38/><V46/><F5/><N who="3" m="1343" /><G49/><T102/><D76/><U41/><E79/><V61/><F46/><W13/><G105/><T58/><D58/><U48/><E41/><V112/><F112/><W42/><G106/><T133/><D133/><N who="3" m="50697" /><G42/><T24/><D24/><U92/><E32/><V95/><F94/><W122/><G122/><T60/><D60/><U128/><E35/><V110/><F110/><W59/><G59/><T64/><D64/><U7/><E7/><V115/><F115/><W131/><AGARI ba="2,0" hai="12,13,81,86,90,129,130,131" m="50697,1343" machi="131" ten="40,5200,0" yaku="19,1,20,1,52,1" doraHai="33" who="3" fromWho="3" sc="213,-15,213,-15,281,-28,293,58" /><INIT seed="3,0,0,2,3,54" ten="198,198,253,351" oya="3" hai0="80,49,88,5,21,127,115,119,32,120,79,116,7" hai1="95,87,6,59,108,66,113,68,111,94,128,114,91" hai2="99,41,15,50,102,34,83,82,65,104,132,17,29" hai3="27,52,58,106,33,63,105,97,125,109,36,3,76"/><W71/><G3/><T48/><D120/><U12/><E68/><V98/><F132/><W126/><G36/><T0/><D32/><U96/><E128/><V117/><F117/><W64/><G76/><T73/><D127/><U45/><E45/><V122/><F98/><W10/><G10/><T46/><D115/><U107/><E107/><V61/><F50/><N who="3" m="30999" /><G109/><N who="1" m="42058" /><E66/><V22/><F41/><W19/><G19/><T86/><D0/><U72/><E59/><V121/><F121/><W130/><G106/><T39/><D39/><U44/><E72/><V28/><F28/><N who="3" m="19615" /><G130/><T69/><D119/><U133/><E44/><V53/><F122/><W77/><G77/><T100/><D116/><U4/><E133/><V123/><F123/><W31/><G31/><T1/><D1/><U42/><E42/><V40/><F40/><W67/><G67/><T14/><D69/><U13/><E13/><V38/><F15/><W9/><G9/><T118/><D118/><U90/><E12/><V18/><F104/><W85/><G85/><T131/><D131/><U35/><E35/><V70/><F65/><W51/><G64/><T25/><D5/><AGARI ba="0,0" hai="4,5,6,87,90,91,94,95,96,113,114" m="42058" machi="5" ten="30,1000,0" yaku="14,1" doraHai="54" who="1" fromWho="0" sc="198,-10,198,10,253,0,351,0" owari="188,-31.2,208,-19.2,253,5.3,351,45.1" /></mjloggm>