<mjloggm ver="2.3"><GO type="225" lobby="0"/><UN n0="%E3%83%A1%E3%82%AC%E3%83%87%E3%82%B8" n1="%E3%81%A1%E3%82%85%E3%81%86%E3%81%A9%E3%81%8F%E8%B1%A1%E3%81%95%E3%82%93" n2="%73%6C%69%63%6B%33%31%39" n3="%73%75%7A%75%72%61%6E%65" dan="16,17,17,16" rate="2106.25,2147.48,2170.09,2048.76" sx="F,M,M,M"/><TAIKYOKU oya="0"/><INIT seed="0,0,0,4,5,41" ten="250,250,250,250" oya="0" hai0="11,71,22,132,113,133,60,114,125,69,91,52,28" hai1="131,95,48,36,44,107,116,78,111,82,37,122,49" hai2="70,59,35,119,81,130,45,62,39,43,53,24,97" hai3="0,79,55,47,77,17,66,42,105,20,120,38,128"/><T73/><D73/><U31/><E116/><V40/><F130/><W99/><G128/><T84/><D11/><U134/><E131/><V76/><F119/><W18/><G0/><T118/><D118/><U74/><E122/><V115/><F115/><N who="0" m="44042" /><D22/><U80/><E107/><V87/><F97/><W96/><G66/><T72/><D28/><U13/><E134/><N who="0" m="51817" /><D72/><U106/><E111/><V112/><F112/><W135/><G135/><T9/><D9/><U25/><E106/><V3/><F3/><W4/><G4/><T33/><D33/><U50/><E13/><V2/><F2/><W54/><G17/><T98/><D98/><U101/><E82/><V12/><F12/><W1/><G120/><T64/><D125/><U110/><E110/><V7/><F7/><W124/><G124/><T21/><D21/><U46/><E101/><V86/><F86/><W121/><G121/><T26/><D26/><U15/><E15/><V56/><F24/><W27/><G1/><T65/><D60/><U117/><E95/><V16/><F35/><W6/><G6/><T67/><D52/><N who="3" m="20009" /><G96/><T32/><D32/><U19/><E19/><V104/><F16/><W51/><G99/><T93/><AGARI ba="0,0" hai="64,65,67,69,71,84,91,93" m="51817,44042" machi="93" ten="40,2100,0" yaku="20,1" doraHai="41" who="0" fromWho="0" sc="250,21,250,-7,250,-7,250,-7" /><INIT seed="0,1,0,0,4,70" ten="271,243,243,243" oya="0" hai0="117,120,25,35,67,12,10,54,11,56,129,27,94" hai1="17,101,69,48,79,122,1,81,6,123,22,3,30" hai2="91,23,103,134,74,39,116,60,47,124,83,77,85" hai3="19,80,78,46,90,55,16,111,109,107,63,32,132"/><T115/><D115/><U61/><E101/><V13/><F124/><W28/><G107/><T36/><D117/><U95/><E30/><V29/><F116/><W43/><G132/><T71/><D120/><U0/><E95/><V41/><F134/><W82/><G90/><T98/><D129/><U127/><E6/><V126/><F126/><W73/><G82/><T93/><D36/><U118/><E118/><V108/><F108/><N who="3" m="41547" /><G55/><T38/><D38/><U100/><E100/><V121/><F121/><W4/><G4/><T87/><D87/><U66/><E48/><V31/><F103/><W72/><G63/><T131/><D131/><U42/><E42/><V53/><F53/><W57/><G57/><T76/><D76/><U9/><E9/><V40/><F60/><W45/><G45/><T97/><D54/><U102/><E102/><V84/><F74/><W58/><G58/><T62/><D56/><U2/><N who="1" m="0" /><DORA hai="33" /><U96/><E96/><V86/><F86/><W50/><G73/><T26/><D62/><U128/><E128/><V104/><F104/><W75/><G72/><T59/><D59/><U65/><E65/><V105/><F105/><W18/><G28/><T44/><D44/><U24/><REACH who="1" step="1"/><E127/><REACH who="1" ten="271,233,243,243" step="2"/><V99/><F99/><W21/><G32/><T92/><D35/><U49/><E49/><N who="2" m="26855" /><F41/><W133/><G133/><T5/><D98/><U14/><E14/><AGARI ba="1,1" hai="14,16,18,19,21,43,46,50,75,78,80" m="41547" machi="14" ten="30,2000,0" yaku="14,1,54,1" doraHai="70,33" who="3" fromWho="1" sc="271,0,233,-23,243,0,243,33" /><INIT seed="1,0,0,0,4,117" ten="271,210,243,276" oya="1" hai0="36,8,13,119,133,92,52,80,99,125,68,7,74" hai1="40,98,89,129,5,86,81,2,10,78,28,116,19" hai2="112,104,54,105,108,84,85,53,27,23,61,30,113" hai3="66,134,43,65,77,12,42,22,76,91,32,21,9"/><U16/><E116/><V72/><F72/><W44/><G32/><T128/><D119/><U64/><E129/><V93/><F108/><W39/><G134/><T18/><D133/><U107/><E28/><V120/><F120/><W0/><G0/><T124/><D68/><U57/><E40/><V47/><F47/><W67/><G91/><T17/><D36/><U4/><E4/><V73/><F73/><W15/><G39/><T122/><D128/><U94/><REACH who="1" step="1"/><E107/><REACH who="1" ten="271,200,243,276" step="2"/><V11/><F104/><W95/><G42/><T75/><D7/><U58/><E58/><V34/><F105/><W1/><G43/><T69/><D69/><U63/><AGARI ba="0,1" hai="2,5,10,16,19,57,63,64,78,81,86,89,94,98" machi="63" ten="30,6000,0" yaku="1,1,0,1,54,1,53,0" doraHai="117" doraHaiUra="37" who="1" fromWho="1" sc="271,-20,200,70,243,-20,276,-20" /><INIT seed="1,1,0,5,5,75" ten="251,270,223,256" oya="1" hai0="96,36,95,78,102,60,109,34,117,83,63,4,80" hai1="64,110,92,29,1,107,123,27,133,128,48,56,73" hai2="106,76,53,105,51,74,16,134,99,97,91,124,54" hai3="28,62,33,130,10,79,37,45,7,121,119,25,68"/><U6/><E123/><V66/><F124/><W19/><G121/><T20/><D34/><U11/><E107/><V112/><F134/><W14/><G130/><T46/><D117/><U81/><E128/><V42/><F112/><W132/><G132/><T93/><D109/><U49/><E133/><V26/><F66/><W8/><G119/><T41/><D83/><U59/><E110/><V2/><F2/><W72/><G62/><T101/><D20/><U18/><E18/><V115/><F115/><W15/><G68/><T104/><D4/><U131/><E131/><V122/><F122/><W61/><G61/><T65/><D63/><U94/><E59/><V71/><F71/><W135/><G135/><T87/><REACH who="0" step="1"/><D102/><REACH who="0" ten="241,270,223,256" step="2"/><U67/><E81/><V125/><F125/><W30/><G33/><T69/><AGARI ba="1,1" hai="36,41,46,60,65,69,78,80,87,93,95,96,101,104" machi="69" ten="20,8000,1" yaku="1,1,2,1,0,1,7,1,52,1,53,0" doraHai="75" doraHaiUra="44" who="0" fromWho="0" sc="241,93,270,-41,223,-21,256,-21" /><INIT seed="2,0,0,5,5,71" ten="334,229,202,235" oya="2" hai0="126,46,107,5,78,32,117,110,89,95,22,29,7" hai1="99,65,58,26,92,82,31,131,101,133,102,81,49" hai2="103,67,19,35,90,70,6,23,84,100,60,50,127" hai3="33,36,105,91,75,20,120,108,83,15,66,116,34"/><V135/><F35/><W11/><G116/><T130/><D107/><U30/><E133/><V94/><F127/><W61/><G120/><T13/><D126/><U76/><E131/><V118/><F118/><W25/><G105/><T37/><D117/><U45/><E101/><V85/><F6/><W88/><G108/><T0/><D78/><U86/><E81/><V64/><F135/><W56/><G36/><T98/><D0/><U115/><E115/><V62/><F50/><W17/><G75/><T77/><D77/><U44/><E30/><V72/><F72/><W28/><REACH who="3" step="1"/><G91/><REACH who="3" ten="334,229,202,225" step="2"/><T40/><D110/><U21/><E49/><V128/><F128/><W54/><G54/><T73/><D73/><U18/><E31/><V12/><REACH who="2" step="1"/><F85/><AGARI ba="0,1" hai="11,15,17,20,25,28,33,34,56,61,66,83,85,88" machi="85" ten="40,2600,0" yaku="1,1,54,1,53,0" doraHai="71" doraHaiUra="132" who="3" fromWho="2" sc="334,0,229,0,202,-26,225,36" /><INIT seed="3,0,0,2,3,99" ten="334,229,176,261" oya="3" hai0="17,12,102,65,97,39,76,133,69,47,70,86,2" hai1="101,103,85,36,45,0,62,42,121,23,124,9,1" hai2="107,60,77,63,41,106,110,95,109,3,82,128,135" hai3="74,113,98,33,38,81,116,126,37,131,4,32,91"/><W71/><G113/><T40/><D2/><U125/><E121/><V26/><F3/><N who="1" m="1097" /><E9/><V134/><F41/><W19/><G116/><T88/><D76/><U8/><E8/><V30/><F63/><W93/><G71/><T94/><D65/><U83/><E23/><V87/><F60/><W21/><G131/><T7/><D7/><U108/><E62/><V78/><F26/><W127/><G4/><T15/><D133/><N who="2" m="50698" /><F30/><W35/><G81/><T6/><D6/><U90/><E108/><N who="2" m="41579" /><F128/><W44/><G74/><T13/><REACH who="0" step="1"/><D17/><REACH who="0" ten="324,229,176,261" step="2"/><U34/><E125/><N who="3" m="47626" /><G44/><T18/><D18/><U31/><E124/><V100/><F77/><W56/><G56/><T68/><D68/><U104/><E45/><V92/><F100/><W52/><G52/><T53/><D53/><U120/><E101/><V112/><F112/><W5/><G5/><T55/><D55/><U64/><E103/><V14/><F14/><AGARI ba="0,1" hai="14,19,21,32,33,35,37,38,91,93,98" m="47626" machi="14" ten="40,2000,0" yaku="18,1" doraHai="99" who="3" fromWho="2" sc="324,0,229,0,176,-20,261,30" /><INIT seed="3,1,0,0,1,74" ten="324,229,156,291" oya="3" hai0="118,120,34,3,63,84,101,85,66,54,55,53,44" hai1="1,81,62,14,49,12,41,109,29,79,123,95,45" hai2="61,5,24,96,40,68,57,94,112,102,76,110,100" hai3="8,60,43,99,90,56,27,114,20,134,38,42,23"/><W93/><G114/><T97/><D118/><U25/><E123/><V107/><F110/><W89/><G134/><T36/><D3/><U17/><E109/><V133/><F133/><W48/><G38/><T131/><D34/><U80/><E1/><V15/><F112/><W39/><G39/><T113/><D120/><U26/><E95/><V108/><F108/><W4/><G48/><T73/><D73/><U106/><E106/><V46/><F68/><W116/><G90/><T122/><D131/><U128/><E128/><V125/><F125/><W91/><G89/><T28/><D28/><U51/><E51/><V21/><F107/><W86/><G86/><T47/><D113/><U83/><E62/><V37/><F102/><W129/><G116/><T130/><D130/><U117/><E117/><V88/><F100/><W32/><G32/><T18/><D18/><U2/><E12/><V10/><F76/><W19/><G20/><T121/><D121/><U69/><E69/><V104/><F104/><W64/><G129/><T6/><D6/><U70/><E2/><V65/><F21/><W35/><G35/><T124/><D124/><U127/><E127/><V75/><F75/><W52/><G64/><T13/><D122/><U132/><E132/><V87/><REACH who="2" step="1"/><F24/><REACH who="2" ten="324,229,146,291" step="2"/><W92/><G23/><T31/><D101/><U71/><E26/><V59/><F59/><W77/><G56/><T111/><D111/><U0/><E79/><V82/><F82/><W16/><G77/><T103/><D103/><U9/><E71/><V119/><F119/><W135/><G135/><T105/><D105/><RYUUKYOKU ba="1,1" sc="324,-10,229,-10,146,30,291,-10" hai2="5,10,15,37,40,46,57,61,65,87,88,94,96" owari="324,42.4,219,-18.1,176,-32.4,281,8.1" /></mjloggm>