<mjloggm ver="2.3"><GO type="225" lobby="0"/><UN n0="%E4%BF%BA%E3%81%A8%E5%A6%96%E5%A4%A2" n1="%6D%61%74%69%67%75%73%61" n2="%EF%BC%AE%EF%BC%A1%EF%BC%AF%33%33%39" n3="%E3%81%B5%E3%81%98%E3%81%8B%E3%81%A4" dan="17,17,17,16" rate="2169.98,2167.28,2133.11,2188.44" sx="F,M,M,M"/><TAIKYOKU oya="0"/><INIT seed="0,0,0,1,1,110" ten="250,250,250,250" oya="0" hai0="37,120,51,63,107,22,64,19,113,124,30,14,109" hai1="116,123,93,39,66,68,26,2,33,69,80,72,56" hai2="131,42,115,57,129,82,41,59,118,84,15,45,99" hai3="61,108,32,40,130,13,24,0,83,96,86,49,34"/><T77/><D120/><U114/><E93/><V126/><F118/><W52/><G108/><T8/><D109/><U73/><E56/><V91/><F126/><W125/><G0/><T135/><D37/><U71/><E66/><V87/><F99/><W7/><G125/><T112/><D124/><U5/><E116/><V58/><F115/><W55/><G130/><N who="2" m="49673" /><F45/><W105/><G40/><T43/><D107/><U98/><E98/><V60/><F60/><W3/><G3/><T53/><D43/><U4/><E114/><V127/><F127/><W36/><G61/><T100/><D100/><U102/><E102/><V11/><F87/><W20/><G55/><T47/><D77/><U6/><E2/><V18/><AGARI ba="0,0" hai="11,15,18,41,42,57,58,59,82,84,91" m="49673" machi="18" ten="30,1100,0" yaku="19,1" doraHai="110" who="2" fromWho="2" sc="250,-5,250,-3,250,11,250,-3" /><INIT seed="1,0,0,0,2,91" ten="245,247,261,247" oya="1" hai0="125,36,43,118,2,109,85,48,52,73,9,86,82" hai1="62,79,58,61,120,31,12,54,60,19,39,33,32" hai2="69,99,102,134,65,24,67,22,129,47,124,94,59" hai3="110,42,17,40,41,76,7,3,64,30,70,83,126"/><U56/><E39/><V119/><F119/><W113/><G113/><T100/><D118/><U132/><E120/><V0/><F0/><W55/><G30/><T88/><D109/><U98/><E132/><V97/><F69/><W53/><G110/><T71/><D71/><U128/><E128/><V6/><F6/><W21/><G126/><T106/><D125/><U105/><E79/><V25/><F124/><W37/><G37/><T46/><D2/><U26/><E32/><V95/><F134/><W16/><G3/><T77/><D9/><U123/><E123/><V80/><F129/><W18/><G7/><T10/><D10/><U45/><E45/><V103/><F47/><W66/><G21/><T34/><D34/><U5/><E5/><V112/><F112/><W115/><G115/><T49/><D85/><U11/><REACH who="1" step="1"/><E54/><REACH who="1" ten="245,237,261,247" step="2"/><N who="3" m="20490" /><G70/><T78/><D77/><U1/><E1/><V90/><F59/><W116/><G116/><T15/><D52/><U96/><E96/><V8/><F8/><W133/><G133/><T93/><D15/><U14/><E14/><V13/><F13/><W63/><G63/><T35/><D35/><U130/><E130/><V28/><F25/><W104/><G76/><T4/><D4/><U50/><E50/><V111/><F111/><W89/><G66/><T107/><D107/><U117/><E117/><V108/><F108/><W57/><G104/><T84/><D84/><AGARI ba="0,1" hai="22,24,28,65,67,80,84,90,94,95,97,99,102,103" machi="84" ten="40,8000,1" yaku="9,1,8,1,52,2" doraHai="91" who="2" fromWho="0" sc="245,-80,237,0,261,90,247,0" /><INIT seed="2,0,0,3,2,130" ten="165,237,351,247" oya="2" hai0="64,4,84,128,19,126,0,43,6,121,40,49,103" hai1="29,63,115,37,91,85,58,67,118,102,61,125,26" hai2="107,127,57,86,134,129,3,75,38,123,65,79,77" hai3="122,135,1,56,120,59,83,10,12,106,21,33,13"/><V46/><F3/><W104/><G1/><T80/><D121/><U44/><E118/><V98/><F123/><W50/><G33/><T110/><D128/><U95/><E115/><V113/><F113/><W11/><G21/><T15/><D110/><U27/><E125/><V18/><F129/><W82/><G50/><T76/><D126/><U66/><E102/><V69/><F75/><W87/><G87/><T9/><D103/><U22/><E37/><V96/><F69/><W60/><G60/><T89/><D64/><U81/><E44/><V73/><F73/><W8/><G8/><T23/><D4/><U62/><E66/><V78/><F127/><W100/><G100/><T119/><D119/><U99/><REACH who="1" step="1"/><E27/><REACH who="1" ten="165,227,351,247" step="2"/><V34/><F46/><W97/><G97/><T48/><D43/><U51/><E51/><V131/><F38/><W45/><G45/><T52/><D40/><U20/><E20/><V30/><F98/><W28/><G28/><T25/><D48/><U14/><E14/><V74/><F96/><W111/><G111/><T5/><D0/><U105/><E105/><V92/><F107/><W39/><G39/><T93/><D25/><U133/><E133/><AGARI ba="0,1" hai="10,11,12,13,56,59,82,83,104,106,120,122,133,135" machi="133" ten="25,6400,0" yaku="22,2,52,2" doraHai="130" who="3" fromWho="1" sc="165,0,227,-64,351,0,247,74" /><INIT seed="3,0,0,2,1,60" ten="165,163,351,321" oya="3" hai0="72,32,54,22,2,133,19,114,12,96,15,47,65" hai1="8,49,23,131,4,36,39,108,50,90,100,33,130" hai2="31,97,112,125,104,45,134,128,68,53,61,98,79" hai3="129,115,109,74,121,17,27,43,35,21,10,103,9"/><W92/><G121/><T80/><D2/><N who="1" m="23" /><E33/><V111/><F112/><W75/><G115/><T16/><D114/><U83/><E100/><V101/><F31/><W69/><G43/><T86/><D72/><U110/><E23/><V46/><F79/><W106/><G129/><N who="1" m="49162" /><E90/><V87/><F128/><W18/><G106/><T29/><D133/><U105/><E83/><V122/><F134/><W34/><G69/><T28/><D32/><N who="3" m="12329" /><G92/><T20/><D96/><U14/><E14/><V58/><F122/><W126/><G103/><T63/><D86/><U13/><E13/><V113/><F113/><W102/><G102/><T82/><D82/><U66/><E66/><V85/><F98/><W93/><G93/><T124/><D80/><U88/><E88/><V48/><F87/><W116/><G116/><T1/><D1/><U76/><E76/><V119/><F85/><W117/><G117/><T26/><D124/><U6/><E6/><V118/><F125/><W91/><G126/><T37/><D12/><U67/><E67/><V5/><F119/><W120/><G120/><T25/><D15/><U107/><E107/><V77/><F118/><W30/><G109/><N who="1" m="42090" /><E105/><V123/><F111/><W127/><G127/><T71/><D37/><AGARI ba="0,0" hai="36,37,39,49,50" m="42090,49162,23" machi="37" ten="40,2600,0" yaku="19,1,14,1" doraHai="60" who="1" fromWho="0" sc="165,-26,163,26,351,0,321,0" owari="139,-36.1,189,-21.1,351,45.1,321,12.1" /></mjloggm>