<mjloggm ver="2.3"><GO type="225" lobby="0"/><UN n0="%E3%81%95%E3%81%8D%E3%81%9F%E3%81%BE%E6%9E%97%E6%AA%8E" n1="%E3%81%82%E3%82%93%E3%81%AA%E3%81%A4" n2="%E3%82%A2%E3%83%A1%E3%82%A2%E3%83%A9%E3%83%AC" n3="%E3%80%93%E3%81%97%E3%83%BC%E3%82%89%E3%80%93" dan="16,17,16,17" rate="2092.04,2185.87,2125.90,2142.12" sx="M,M,M,M"/><TAIKYOKU oya="0"/><INIT seed="0,0,0,4,2,76" ten="250,250,250,250" oya="0" hai0="37,55,92,90,107,31,41,121,71,116,127,86,124" hai1="69,27,66,2,11,131,53,39,1,50,135,72,42" hai2="129,9,36,74,118,62,5,58,63,79,52,13,133" hai3="16,3,12,34,61,119,88,43,40,120,10,102,113"/><T24/><D116/><U0/><E72/><V25/><F36/><W33/><G119/><T75/><D121/><U17/><E135/><V78/><F118/><W21/><G120/><T64/><D107/><U83/><E131/><V89/><F133/><W46/><G113/><T128/><D75/><U103/><E103/><V77/><F129/><W49/><G102/><T73/><D73/><U105/><E105/><V70/><F89/><W122/><G122/><T23/><D128/><U44/><E83/><V117/><F117/><W48/><G61/><T8/><D8/><U80/><E80/><V134/><F134/><W60/><G60/><T15/><D15/><U19/><E11/><V108/><F108/><W84/><G3/><T18/><D31/><U57/><E27/><V7/><F74/><W111/><G111/><T68/><D55/><U132/><E132/><V94/><F94/><W91/><G21/><T30/><D30/><U32/><E32/><V45/><F45/><W67/><G67/><T130/><D130/><U93/><E93/><V106/><F106/><W38/><G91/><T104/><D104/><U26/><E26/><V85/><F25/><W6/><G6/><T99/><D99/><U126/><E126/><N who="0" m="48169" /><D64/><U109/><E109/><V95/><F5/><W4/><G4/><T51/><D37/><U54/><E54/><V123/><F123/><W59/><G38/><T96/><D96/><U28/><E28/><V47/><F7/><W114/><G114/><T22/><D22/><U20/><E20/><V29/><F9/><W100/><G34/><T110/><D110/><RYUUKYOKU ba="0,0" sc="250,15,250,15,250,-15,250,-15" hai0="18,23,24,41,51,68,71,86,90,92" hai1="0,1,2,17,19,39,42,44,50,53,57,66,69" /><INIT seed="0,1,0,3,1,61" ten="265,265,235,235" oya="0" hai0="54,9,125,132,133,74,58,77,92,104,39,62,114" hai1="46,41,68,7,71,99,42,127,10,0,107,112,26" hai2="110,22,56,117,21,4,49,28,48,89,96,70,131" hai3="6,32,113,95,98,37,119,134,44,115,121,100,13"/><T1/><D104/><U118/><E118/><V3/><F110/><W63/><G32/><T55/><D114/><U50/><E112/><V81/><F70/><W91/><G119/><T29/><D125/><U15/><E127/><V35/><F117/><W12/><G121/><T16/><D29/><U82/><E42/><V123/><F123/><W124/><G124/><T93/><D39/><U8/><E26/><V67/><F35/><W40/><G134/><N who="0" m="51819" /><D55/><U27/><E27/><V75/><F131/><W128/><G128/><T84/><D74/><U88/><E107/><V52/><F67/><W80/><G6/><T105/><D105/><U43/><E43/><V126/><F28/><W106/><G80/><N who="0" m="47119" /><D1/><U34/><E34/><V90/><F75/><W102/><G102/><T57/><D58/><U72/><E72/><V19/><F56/><W130/><G130/><T122/><D122/><U97/><E68/><V38/><F52/><W129/><G129/><T111/><D111/><U45/><E71/><V83/><F38/><W109/><G109/><T59/><D57/><U23/><E46/><V25/><F3/><W47/><G47/><T36/><D36/><U60/><E0/><V53/><F53/><W69/><G115/><T33/><D33/><U51/><E45/><V103/><F126/><W18/><G113/><T79/><D79/><U11/><E41/><V30/><F30/><W78/><G78/><T73/><D73/><U86/><E50/><V24/><F49/><W31/><G31/><T5/><D5/><U20/><E51/><V66/><F48/><W87/><G18/><RYUUKYOKU ba="1,0" sc="265,15,265,-15,235,-15,235,15" hai0="9,16,54,59,62,92,93" hai3="12,13,37,40,44,63,69,87,91,95,98,100,106" /><INIT seed="0,2,0,3,0,108" ten="280,250,220,250" oya="0" hai0="85,3,29,104,23,30,99,35,18,107,77,74,105" hai1="49,2,90,78,64,118,125,94,71,110,15,73,46" hai2="95,83,66,31,44,37,36,25,82,14,17,75,27" hai3="57,80,123,4,127,68,103,81,76,114,72,119,11"/><T96/><D74/><U34/><E118/><V26/><F31/><W32/><G68/><T92/><D3/><U70/><E2/><V122/><F122/><W13/><G119/><T113/><D113/><U1/><E1/><V21/><F66/><W5/><G32/><T19/><D35/><U131/><E34/><V86/><F95/><W135/><G123/><T6/><D6/><U42/><E110/><V52/><F75/><W10/><G127/><T98/><D19/><U62/><E125/><V91/><REACH who="2" step="1"/><F82/><REACH who="2" ten="280,250,210,250" step="2"/><W128/><G81/><T40/><D92/><U93/><E93/><V101/><F101/><W88/><G103/><T58/><D30/><U28/><E28/><V130/><F130/><W112/><G128/><T106/><D29/><U109/><E131/><V89/><F89/><W67/><G135/><T117/><D106/><U87/><E109/><V59/><F59/><W53/><G67/><T121/><D58/><U56/><E73/><V60/><F60/><W111/><G88/><T41/><D121/><U63/><E62/><V9/><F9/><W129/><G111/><T102/><D102/><U61/><E63/><V124/><F124/><W39/><G129/><T7/><D107/><U132/><E132/><V50/><AGARI ba="2,1" hai="14,17,21,25,26,27,36,37,44,50,52,83,86,91" machi="50" ten="30,12000,2" yaku="1,1,0,1,54,1,53,3" doraHai="108" doraHaiUra="22" who="2" fromWho="2" sc="280,-62,250,-32,210,136,250,-32" /><INIT seed="1,0,0,1,1,0" ten="218,218,346,218" oya="1" hai0="111,18,52,86,37,42,125,55,108,106,64,49,84" hai1="97,71,61,2,123,100,48,76,79,70,89,11,4" hai2="114,104,29,10,87,120,74,26,58,20,44,94,57" hai3="98,9,119,68,127,122,91,92,81,105,30,124,129"/><U116/><E116/><V69/><F120/><W96/><G68/><T31/><D106/><U56/><E123/><V22/><F104/><W47/><G122/><T39/><D125/><N who="3" m="48201" /><G30/><T33/><D64/><U16/><E89/><V133/><F74/><W65/><G65/><T34/><D18/><U36/><E36/><N who="0" m="13897" /><D42/><U134/><E134/><V101/><F69/><W77/><G47/><T66/><D66/><U93/><E70/><V24/><F114/><W112/><G9/><T6/><D6/><U14/><E48/><V115/><F133/><W130/><G112/><T15/><D15/><N who="1" m="5607" /><E71/><V62/><F44/><W135/><G135/><T103/><D103/><U17/><E2/><V121/><F121/><W45/><G45/><T80/><D31/><U82/><E17/><V23/><F115/><W107/><G119/><T128/><D128/><N who="3" m="49257" /><G98/><T102/><D49/><U38/><E38/><V32/><F29/><W53/><G53/><N who="0" m="20555" /><D102/><U51/><E51/><V13/><F101/><W1/><G1/><T59/><D59/><U43/><E43/><V46/><F58/><W25/><G25/><T35/><D80/><U41/><E82/><V90/><F57/><W126/><N who="3" m="48209" /><W27/><DORA hai="7" /><G27/><T5/><D5/><U109/><E41/><V60/><F46/><W131/><N who="3" m="49265" /><W83/><DORA hai="50" /><G83/><T113/><D113/><U63/><E56/><V110/><F24/><W118/><G118/><T78/><D78/><N who="1" m="29739" /><E63/><V12/><F62/><W40/><G40/><T73/><D73/><AGARI ba="0,0" hai="73,77,81,91,92,96,105,107" m="49265,48209" machi="73" ten="60,8000,1" yaku="18,1,19,1,34,2" doraHai="0,7,50" who="3" fromWho="0" sc="218,-80,218,0,346,0,218,80" /><INIT seed="2,0,0,4,1,14" ten="138,218,346,298" oya="2" hai0="92,54,32,26,130,53,41,62,116,123,71,85,127" hai1="2,0,99,45,120,35,100,5,20,51,115,50,60" hai2="106,103,126,4,57,29,73,119,65,52,67,7,88" hai3="97,9,21,90,11,111,131,61,24,47,64,74,107"/><V43/><F119/><W87/><G74/><T108/><D123/><U135/><E115/><V110/><F73/><W98/><G111/><T30/><D116/><U133/><E35/><V83/><F110/><W44/><G131/><T13/><D130/><U132/><E120/><V15/><F126/><W95/><G11/><T63/><D127/><U48/><E45/><V59/><F43/><W49/><G9/><T76/><D108/><U128/><E5/><V104/><F29/><W93/><G107/><T70/><D41/><U25/><E60/><N who="2" m="38031" /><F106/><W36/><G36/><T80/><D92/><U121/><E121/><V102/><F67/><W101/><G98/><T28/><D28/><U38/><E38/><V22/><F104/><W19/><REACH who="3" step="1"/><G49/><REACH who="3" ten="138,218,346,288" step="2"/><T113/><D113/><U91/><E128/><V72/><F72/><W23/><G23/><T79/><D85/><U125/><E125/><V6/><F22/><W16/><G16/><T94/><D32/><U33/><E33/><V81/><F6/><W117/><G117/><T68/><D30/><N who="1" m="17703" /><E100/><V134/><F4/><W27/><G27/><T55/><D26/><U10/><E10/><N who="2" m="4575" /><F103/><W12/><G12/><T82/><D13/><U129/><E129/><V34/><F102/><W46/><G46/><T118/><D118/><U31/><E31/><V56/><F34/><W86/><G86/><N who="0" m="48391" /><D94/><AGARI ba="0,1" hai="0,2,48,50,51,91,94,99,132,133,135" m="17703" machi="94" ten="40,1300,0" yaku="20,1" doraHai="14" who="1" fromWho="0" sc="138,-13,218,23,346,0,288,0" /><INIT seed="3,0,0,3,1,19" ten="125,241,346,288" oya="3" hai0="118,96,56,9,6,44,124,85,49,134,55,129,25" hai1="116,42,0,4,133,75,111,93,77,53,115,46,97" hai2="126,62,32,105,80,74,113,108,99,2,71,38,125" hai3="60,24,112,33,119,7,11,40,101,82,28,8,131"/><W59/><G112/><T73/><D73/><U86/><E115/><V1/><RYUUKYOKU type="yao9" ba="0,0" sc="125,0,241,0,346,0,288,0" hai2="1,2,32,38,62,71,74,80,99,105,108,113,125,126" /><INIT seed="3,1,0,4,2,109" ten="125,241,346,288" oya="3" hai0="21,66,82,26,60,78,77,37,51,1,50,93,115" hai1="132,61,68,107,34,129,125,43,95,25,29,135,49" hai2="81,110,128,19,97,74,131,86,39,4,94,87,53" hai3="31,15,12,59,41,70,83,8,96,64,5,67,54"/><W105/><G70/><T45/><D1/><U27/><E125/><V99/><F110/><W108/><G108/><T116/><D116/><U63/><E129/><N who="2" m="49739" /><F39/><W11/><G41/><T104/><D104/><U38/><E95/><V36/><F36/><W13/><G31/><T28/><D37/><U32/><E49/><V42/><F42/><W24/><G24/><T20/><D20/><U91/><E91/><N who="2" m="53623" /><F74/><W9/><G5/><T6/><D6/><U118/><E118/><V84/><F84/><W122/><G122/><T18/><D18/><U0/><E0/><V79/><F4/><W120/><G120/><T89/><D51/><U90/><E90/><V126/><F126/><W48/><G105/><T35/><D35/><U102/><E63/><V130/><F130/><W23/><G23/><T103/><D82/><U10/><E10/><V3/><F3/><W62/><G96/><N who="2" m="36937" /><F19/><W16/><G83/><T2/><D2/><U88/><E88/><V73/><F73/><W124/><G124/><T65/><D65/><U40/><E102/><V85/><F85/><W100/><G100/><T98/><D89/><U57/><E107/><V69/><F69/><W14/><REACH who="3" step="1"/><G67/><REACH who="3" ten="125,241,346,278" step="2"/><T44/><D44/><N who="1" m="23575" /><E43/><V17/><F17/><W76/><G76/><T134/><D134/><N who="1" m="51243" /><E68/><V46/><F46/><W55/><G55/><AGARI ba="1,1" hai="53,55,79,81,87" m="36937,53623,49739" machi="55" ten="30,1000,0" yaku="19,1" doraHai="109" who="2" fromWho="3" sc="125,0,241,0,346,23,278,-13" owari="125,-37.5,241,-15.9,369,46.9,265,6.5" /></mjloggm>