<mjloggm ver="2.3"><GO type="225" lobby="0"/><UN n0="%45%6C%79%73%69%75%6D" n1="%E6%AB%BB%E4%BA%95%E5%A5%8F" n2="%6D%75%75%6D%75%72%61" n3="%63%68%78%62%64" dan="17,17,17,16" rate="2127.12,2219.98,2178.97,2139.29" sx="F,M,F,M"/><TAIKYOKU oya="0"/><INIT seed="0,0,0,5,4,35" ten="250,250,250,250" oya="0" hai0="89,101,133,13,135,17,116,129,26,23,65,128,4" hai1="52,115,42,66,94,0,113,90,125,40,14,87,82" hai2="1,64,105,44,76,131,7,69,88,5,111,63,114" hai3="127,51,57,102,15,10,38,130,77,54,19,85,118"/><T107/><BYE who="1" /><D65/><UN n1="%E6%AB%BB%E4%BA%95%E5%A5%8F" /><U103/><E125/><V18/><F114/><N who="1" m="43529" /><E66/><V120/><F120/><W72/><G38/><T55/><D55/><U96/><E0/><V48/><F105/><W110/><G110/><T56/><D56/><U124/><E124/><V8/><F111/><W98/><G127/><T24/><D89/><U100/><E14/><V97/><F76/><W21/><G130/><N who="0" m="50283" /><D101/><N who="1" m="38987" /><E52/><V34/><F34/><W81/><G118/><T25/><D107/><U16/><E16/><V71/><F71/><W80/><G10/><N who="0" m="4295" /><D116/><U122/><E122/><V123/><F123/><W31/><G31/><T50/><D50/><U39/><E39/><V28/><F131/><W67/><G67/><T74/><D74/><U58/><E58/><V84/><F28/><W121/><G121/><T60/><D60/><U68/><E68/><V29/><F29/><W46/><G57/><T108/><D108/><U93/><E93/><V11/><F48/><W9/><G9/><T3/><D3/><U91/><AGARI ba="0,0" hai="40,42,82,87,90,91,94,96" m="38987,43529" machi="91" ten="30,1100,0" yaku="11,1" doraHai="35" who="1" fromWho="1" sc="250,-5,250,11,250,-3,250,-3" /><INIT seed="1,0,0,5,4,36" ten="245,261,247,247" oya="1" hai0="135,6,19,18,13,35,96,49,3,26,53,70,114" hai1="110,102,120,98,117,68,37,95,118,32,80,130,129" hai2="48,100,79,22,44,121,16,90,85,8,73,17,10" hai3="51,55,107,42,134,74,83,127,122,62,97,43,4"/><U15/><E68/><V106/><F121/><W52/><G122/><T65/><D114/><U99/><E32/><V67/><F73/><W50/><G127/><T105/><D135/><U57/><E120/><V1/><F67/><W123/><G123/><T101/><D3/><U132/><E37/><V104/><F79/><W24/><G134/><T126/><D126/><U91/><E57/><V2/><F2/><W131/><G131/><N who="1" m="50186" /><E15/><V89/><F89/><W75/><G4/><T64/><D6/><U63/><E63/><V103/><F104/><W60/><G83/><T93/><D93/><N who="1" m="58703" /><E132/><V82/><F106/><W86/><G107/><T87/><D70/><U31/><E31/><V109/><F1/><W9/><G97/><T20/><D87/><N who="1" m="50663" /><E110/><V14/><F109/><W39/><G39/><T69/><D69/><U11/><E11/><N who="2" m="4139" /><F17/><W0/><G9/><T28/><D18/><U29/><E29/><V54/><AGARI ba="0,0" hai="14,16,22,44,48,54,82,85,90,100,103" m="4139" machi="54" ten="30,2000,0" yaku="8,1,54,1" doraHai="36" who="2" fromWho="2" sc="245,-5,261,-10,247,20,247,-5" /><INIT seed="2,0,0,1,4,124" ten="240,251,267,242" oya="2" hai0="45,0,132,131,17,111,103,121,57,67,84,129,74" hai1="69,73,114,22,2,24,59,116,93,88,127,133,109" hai2="46,81,117,56,89,41,49,122,91,118,102,37,9" hai3="77,95,5,19,104,101,96,100,92,128,123,14,65"/><V50/><F122/><W6/><G123/><T115/><D74/><U120/><RYUUKYOKU type="yao9" ba="0,0" sc="240,0,251,0,267,0,242,0" hai1="2,22,24,59,69,73,88,93,109,114,116,120,127,133" /><INIT seed="2,1,0,2,2,101" ten="240,251,267,242" oya="2" hai0="104,97,34,120,1,79,102,9,53,135,35,123,4" hai1="88,122,19,126,58,132,45,62,7,113,77,70,15" hai2="67,121,106,96,99,63,42,8,16,129,93,66,11" hai3="3,80,37,91,105,57,119,61,12,124,56,125,24"/><V60/><F121/><N who="0" m="46666" /><D53/><U117/><E122/><V32/><F129/><W6/><G3/><T86/><D86/><U69/><E117/><V114/><F114/><W48/><G119/><T133/><D79/><U130/><E126/><N who="3" m="48746" /><G37/><T82/><D82/><U26/><E132/><AGARI ba="1,0" hai="1,4,9,34,35,97,102,104,132,133,135" m="46666" machi="132" ten="30,3900,0" yaku="20,1,23,1,52,1" doraHai="101" who="0" fromWho="1" sc="240,42,251,-42,267,0,242,0" /><INIT seed="3,0,0,0,5,18" ten="282,209,267,242" oya="3" hai0="104,47,66,1,39,132,23,68,85,121,117,65,44" hai1="21,38,0,14,134,98,52,112,109,64,79,110,67" hai2="31,59,29,28,100,19,53,111,75,26,97,15,89" hai3="62,48,61,129,125,6,51,50,45,54,113,16,102"/><W3/><G113/><T20/><D117/><U83/><E0/><V94/><F75/><W116/><G116/><T82/><D121/><U27/><E38/><V131/><F111/><N who="1" m="42505" /><E112/><V5/><F131/><W25/><G129/><T114/><D1/><U93/><E14/><V33/><F5/><W80/><G125/><T128/><D104/><U55/><E134/><V32/><F100/><W126/><G126/><T69/><D39/><U84/><E64/><N who="0" m="24681" /><D68/><U107/><E67/><V43/><F43/><N who="3" m="24639" /><G3/><T8/><D69/><U115/><E107/><V120/><F120/><W78/><G6/><T10/><D128/><U90/><E115/><V74/><F74/><W72/><G72/><T58/><D132/><U4/><E4/><V103/><F103/><W95/><G78/><N who="0" m="46295" /><D58/><U86/><E98/><V41/><F41/><W105/><G105/><T24/><D114/><U30/><AGARI ba="0,0" hai="21,27,30,52,55,79,83,84,86,90,93" m="42505" machi="30" ten="30,4000,0" yaku="14,1,52,1,54,1" doraHai="18" who="1" fromWho="1" sc="282,-10,209,40,267,-10,242,-20" /><INIT seed="4,0,0,4,1,123" ten="272,249,257,222" oya="0" hai0="17,15,63,30,20,115,105,5,44,11,61,59,100" hai1="7,99,69,39,6,108,36,114,66,131,4,22,64" hai2="2,46,71,52,31,42,45,110,9,8,113,78,23" hai3="18,97,133,84,80,74,135,88,130,101,48,77,93"/><T3/><D115/><U98/><E108/><V40/><F71/><W68/><G68/><T47/><D63/><U19/><E114/><V1/><F113/><W25/><G48/><T73/><D73/><U28/><E131/><V50/><F78/><W126/><G130/><T38/><D38/><U116/><E116/><V32/><F32/><W56/><G56/><T55/><REACH who="0" step="1"/><D30/><REACH who="0" ten="262,249,257,222" step="2"/><U122/><E28/><V27/><F110/><W62/><G62/><T70/><D70/><U72/><E39/><V121/><F121/><W106/><REACH who="3" step="1"/><G126/><REACH who="3" ten="262,249,257,212" step="2"/><T0/><D0/><U10/><E69/><V53/><F1/><W14/><G14/><T13/><D13/><U79/><E122/><V16/><F2/><W86/><G86/><T103/><D103/><U76/><E36/><V24/><F50/><W111/><G111/><T118/><D118/><U134/><E72/><V107/><F24/><W82/><G82/><T29/><D29/><U112/><E112/><V96/><F31/><W26/><G26/><T41/><D41/><U43/><E43/><V57/><F40/><W92/><G92/><T120/><D120/><U102/><E102/><V49/><F42/><W60/><G60/><T54/><D54/><U129/><E129/><V67/><F53/><W124/><G124/><T37/><D37/><U81/><E81/><V95/><F95/><W89/><G89/><T128/><D128/><U75/><E75/><V35/><F49/><W94/><G94/><T51/><D51/><U90/><E90/><V104/><F52/><W12/><G12/><T119/><D119/><U83/><E83/><RYUUKYOKU ba="0,2" sc="262,15,249,-15,257,-15,212,15" hai0="3,5,11,15,17,20,44,47,55,59,61,100,105" hai3="18,25,74,77,80,84,88,93,97,101,106,133,135" /><INIT seed="4,1,2,4,0,96" ten="277,234,242,227" oya="0" hai0="88,121,98,58,60,131,53,31,16,133,57,42,129" hai1="72,5,0,32,79,20,35,114,116,66,38,63,111" hai2="51,1,89,115,101,68,64,117,134,84,55,2,22" hai3="12,19,11,130,29,69,123,24,56,26,71,14,80"/><T45/><D121/><U70/><E111/><V4/><F134/><W76/><G123/><T82/><D133/><U93/><E116/><V92/><F117/><W6/><G130/><N who="0" m="49675" /><D31/><U102/><E38/><V118/><F115/><W97/><G97/><T23/><D58/><U44/><E114/><V52/><F64/><W49/><G26/><N who="0" m="14695" /><D98/><U119/><E70/><V94/><F68/><W110/><G110/><T46/><D42/><U39/><E119/><V48/><F55/><W86/><G56/><T43/><D43/><U124/><E66/><V107/><F52/><W8/><REACH who="3" step="1"/><G49/><REACH who="3" ten="277,234,242,217" step="2"/><T34/><D34/><AGARI ba="1,3" hai="6,8,11,12,14,19,24,29,34,69,71,76,80,86" machi="34" ten="30,7700,0" yaku="1,1,2,1,7,1,53,1" doraHai="96" doraHaiUra="78" who="3" fromWho="0" sc="277,-80,234,0,242,0,217,110" owari="197,-30.3,234,-16.6,242,4.2,327,42.7" /></mjloggm>