<mjloggm ver="2.3"><GO type="225" lobby="0"/><UN n0="%E5%A4%96%E5%B7%9D%E7%AB%9C%E6%88%90" n1="%E5%AE%AE%E4%BF%9D%E9%B6%8F%E8%82%89" n2="%E3%81%AF%E3%82%88%E3%81%8A%E3%81%98%E3%81%95%E3%82%93" n3="%73%61%6E%64%69%72%69%73" dan="16,16,16,16" rate="2134.95,2105.55,2153.46,2131.13" sx="M,M,M,M"/><TAIKYOKU oya="0"/><INIT seed="0,0,0,0,5,13" ten="250,250,250,250" oya="0" hai0="126,74,66,43,33,48,62,29,1,39,19,63,11" hai1="108,76,124,24,131,79,107,72,47,78,130,90,101" hai2="6,93,30,31,64,82,122,12,118,26,112,116,45" hai3="97,125,17,54,128,59,53,8,68,56,2,38,71"/><T60/><D126/><U15/><E124/><V36/><F122/><W3/><G38/><T121/><D121/><U134/><E24/><V22/><F112/><W135/><G97/><T57/><D74/><U86/><E15/><V87/><F64/><W51/><G125/><T133/><D133/><U35/><E35/><V89/><F31/><W111/><G111/><T0/><D29/><U85/><E47/><V104/><F104/><W92/><G92/><T73/><D73/><U50/><E50/><V117/><F93/><W88/><G128/><N who="1" m="49194" /><E72/><V25/><F26/><W99/><G51/><T9/><D33/><U98/><E108/><V113/><F113/><W21/><G2/><T132/><D39/><U44/><E44/><V114/><F114/><W34/><G3/><T80/><D80/><N who="1" m="47239" /><E134/><V14/><REACH who="2" step="1"/><F6/><REACH who="2" ten="250,250,240,250" step="2"/><W32/><G135/><T103/><D66/><U77/><E77/><V5/><F5/><W109/><G109/><T106/><D106/><U52/><E52/><V4/><F4/><W81/><G54/><T95/><D132/><U46/><E46/><V41/><AGARI ba="0,1" hai="12,14,22,25,30,36,41,45,82,87,89,116,117,118" machi="41" ten="40,8000,1" yaku="1,1,0,1,12,1,53,1" doraHai="13" doraHaiUra="16" who="2" fromWho="2" sc="250,-40,250,-20,240,90,250,-20" /><INIT seed="1,0,0,1,3,13" ten="210,230,330,230" oya="1" hai0="80,15,34,119,100,135,39,27,60,3,104,69,85" hai1="7,63,65,82,133,40,33,38,44,11,66,57,89" hai2="59,6,75,125,42,74,76,37,93,46,62,101,112" hai3="64,16,2,49,107,36,72,97,51,126,118,117,98"/><U127/><E127/><V95/><F125/><W70/><G36/><T56/><D119/><N who="3" m="45577" /><G2/><T47/><D3/><U106/><E133/><V108/><F108/><W115/><G126/><T105/><D135/><U109/><E109/><V124/><F124/><W8/><G72/><T84/><D84/><U123/><E123/><V129/><F129/><W10/><G10/><T52/><D69/><U24/><E106/><V130/><F130/><W61/><G115/><T4/><D100/><U58/><E33/><V67/><F112/><W77/><G77/><T128/><D128/><U31/><E82/><V110/><F110/><W90/><G90/><T102/><D102/><U43/><E43/><V53/><F6/><W116/><N who="3" m="45585" /><W120/><DORA hai="81" /><G120/><T91/><D27/><U94/><E58/><V22/><F101/><N who="3" m="62895" /><G98/><T20/><D34/><U29/><E65/><V0/><F0/><W132/><G132/><T32/><D32/><U88/><E24/><V35/><F35/><W87/><G87/><T121/><D121/><U25/><E25/><V83/><F75/><W19/><G8/><T134/><D134/><U9/><E89/><V1/><F1/><W14/><G14/><T23/><D105/><U79/><E79/><V54/><F22/><W18/><AGARI ba="0,0" hai="16,18,19,49,51,61,64,70" m="62895,45585" machi="18" ten="50,8000,1" yaku="12,1,52,3,54,1" doraHai="13,81" who="3" fromWho="3" sc="210,-20,230,-40,330,-20,230,80" /><INIT seed="2,0,0,4,5,114" ten="190,190,310,310" oya="2" hai0="37,4,105,134,133,106,120,36,100,33,76,95,8" hai1="121,110,14,15,30,3,94,117,49,57,7,66,126" hai2="64,82,34,55,108,107,111,42,35,48,79,112,103" hai3="43,128,124,127,13,27,22,84,104,109,28,50,52"/><V70/><F112/><W93/><G104/><N who="0" m="40043" /><D76/><U51/><E110/><N who="2" m="42027" /><F42/><W86/><G109/><T32/><D95/><U39/><E94/><V59/><F70/><W17/><G128/><T135/><D100/><U119/><E30/><V60/><F103/><W101/><G43/><T99/><D99/><U24/><E24/><V62/><F107/><W5/><G5/><T19/><D19/><U21/><E39/><N who="0" m="14921" /><D120/><U38/><E38/><V18/><F18/><W0/><G0/><AGARI ba="0,0" hai="0,4,8,32,33,133,134,135" m="14921,40043" machi="0" ten="40,2600,0" yaku="20,1,23,1" doraHai="114" who="0" fromWho="3" sc="190,26,190,0,310,0,310,-26" /><INIT seed="3,0,0,4,4,10" ten="216,190,310,284" oya="3" hai0="83,44,108,75,40,107,27,32,87,102,15,45,127" hai1="42,82,51,132,135,24,76,26,106,81,13,41,94" hai2="109,35,11,47,34,128,31,124,57,96,77,126,37" hai3="33,93,125,123,120,74,36,58,79,2,52,134,105"/><W4/><G105/><T59/><D75/><U130/><E106/><V118/><F118/><W97/><G33/><T88/><D108/><U53/><E130/><V90/><F109/><W1/><G36/><T119/><D119/><U114/><E114/><V92/><F128/><W23/><G134/><T48/><D127/><N who="2" m="48682" /><F31/><W43/><G43/><T84/><D102/><U80/><E76/><V5/><F77/><W133/><G133/><N who="1" m="51274" /><E94/><V68/><F68/><W55/><G23/><T38/><D107/><U22/><E26/><V46/><F57/><W110/><G58/><T21/><D59/><N who="1" m="33215" /><E24/><V67/><F67/><W72/><G79/><T91/><D32/><N who="2" m="12330" /><F37/><W70/><G93/><N who="0" m="54407" /><D38/><U8/><E8/><V116/><F116/><W28/><G110/><T89/><D45/><U39/><E39/><V14/><AGARI ba="0,0" hai="5,11,14,46,47,90,92,96" m="12330,48682" machi="14" ten="30,2000,0" yaku="18,1,52,1" doraHai="10" who="2" fromWho="2" sc="216,-5,190,-5,310,20,284,-10" owari="211,-18.9,185,-31.5,330,43.0,274,7.4" /></mjloggm>