<mjloggm ver="2.3"><GO type="225" lobby="0"/><UN n0="%4B%2E%32%2E%4B%2E" n1="%6D%75%75%73%61%6E%6D%75" n2="%E6%A1%9C%E8%8A%B1%E9%96%83%E3%80%85" n3="%33%74%72%65%65" dan="16,17,16,16" rate="2177.60,2180.89,2206.88,2124.78" sx="M,F,M,F"/><TAIKYOKU oya="0"/><INIT seed="0,0,0,0,3,50" ten="250,250,250,250" oya="0" hai0="119,118,71,80,57,5,1,60,66,25,99,112,11" hai1="128,131,130,100,17,92,8,41,56,121,33,0,55" hai2="6,91,68,108,32,23,101,106,105,133,115,132,84" hai3="90,113,42,78,53,126,54,125,43,72,24,40,74"/><T61/><D112/><U82/><E121/><V46/><F32/><W87/><G113/><T7/><D7/><U98/><E33/><V79/><F115/><W77/><G24/><T69/><D80/><U13/><E82/><N who="2" m="47199" /><F68/><W95/><G77/><T19/><D71/><U124/><E124/><N who="3" m="47722" /><G78/><T52/><REACH who="0" step="1"/><D99/><REACH who="0" ten="240,250,250,250" step="2"/><U18/><E0/><V86/><F6/><W110/><G110/><T51/><D51/><N who="1" m="30847" /><E41/><V85/><F133/><W94/><G94/><T10/><D10/><U70/><E70/><V104/><F132/><W63/><G63/><T2/><D2/><U65/><E65/><V35/><F108/><W9/><G9/><T96/><D96/><U97/><E97/><V26/><F105/><W76/><G76/><T12/><D12/><U37/><E37/><V75/><F106/><W16/><G72/><T49/><D49/><U134/><E134/><V30/><F75/><W120/><G74/><T111/><D111/><U88/><E100/><V73/><F73/><W122/><G120/><T21/><AGARI ba="0,1" hai="1,5,11,19,21,25,52,57,60,61,66,69,118,119" machi="21" ten="30,12000,1" yaku="1,1,0,1,52,1,54,1,53,1" doraHai="50" doraHaiUra="64" who="0" fromWho="0" sc="240,130,250,-40,250,-40,250,-40" /><INIT seed="0,1,0,0,4,46" ten="370,210,210,210" oya="0" hai0="32,83,93,61,110,47,39,51,96,77,27,132,57" hai1="17,11,1,58,73,7,133,106,104,5,103,127,9" hai2="10,116,45,87,42,26,118,6,8,108,94,113,19" hai3="75,22,37,126,56,100,122,135,49,18,115,95,65"/><T24/><D39/><U98/><E73/><V78/><F113/><W44/><G115/><T74/><D132/><U33/><E127/><V16/><F108/><W60/><G126/><T84/><D74/><U38/><E133/><V62/><F62/><W81/><G135/><T131/><D32/><U28/><E38/><V68/><F68/><W107/><G37/><T2/><D131/><U69/><E69/><V21/><F19/><W105/><G122/><T120/><D2/><U30/><E33/><V4/><F94/><W134/><G134/><T128/><D128/><U123/><E123/><V20/><F20/><W129/><G129/><T102/><D110/><U112/><E112/><V99/><F99/><W31/><G31/><T15/><D15/><U14/><E104/><V13/><F87/><W25/><G95/><T85/><D85/><U101/><E101/><V34/><F78/><W97/><G105/><T71/><D71/><U117/><E117/><N who="2" m="45163" /><F45/><W91/><G75/><T90/><D102/><U79/><E79/><V41/><F34/><W43/><REACH who="3" step="1"/><G91/><REACH who="3" ten="370,210,210,200" step="2"/><T67/><D120/><U36/><E30/><V111/><F111/><W130/><G130/><T3/><D3/><AGARI ba="1,1" hai="3,4,6,8,10,13,16,21,26,41,42" m="45163" machi="3" ten="30,2000,0" yaku="12,1,54,1" doraHai="46" who="2" fromWho="0" sc="370,-23,210,0,210,33,200,0" /><INIT seed="1,0,0,4,3,24" ten="347,210,243,200" oya="1" hai0="116,101,69,9,16,52,29,13,3,107,124,96,30" hai1="22,100,126,105,46,21,68,53,65,98,34,27,67" hai2="112,55,118,40,8,35,119,45,115,114,109,57,88" hai3="84,7,38,87,110,82,32,91,128,81,135,64,48"/><U99/><E126/><V17/><F35/><W111/><G38/><T133/><D116/><N who="2" m="44586" /><F17/><W102/><G128/><T61/><D124/><U41/><E53/><V51/><F8/><W15/><G135/><T11/><D133/><U6/><E6/><V50/><F88/><N who="3" m="51215" /><G32/><T62/><D69/><U18/><E98/><V36/><F109/><N who="3" m="41483" /><G64/><T26/><D52/><U85/><E85/><V20/><F20/><W97/><G48/><AGARI ba="0,0" hai="36,40,45,48,50,51,55,57,112,114,115" m="44586" machi="48" ten="40,5200,0" yaku="11,1,34,2" doraHai="24" who="2" fromWho="3" sc="347,0,210,0,243,52,200,-52" /><INIT seed="2,0,0,1,3,76" ten="347,210,295,148" oya="2" hai0="96,2,39,73,99,29,54,0,71,27,129,7,126" hai1="77,132,64,106,45,69,80,44,109,33,6,121,117" hai2="22,53,25,58,83,62,93,86,63,114,60,46,32" hai3="28,133,127,24,40,122,1,110,103,81,135,3,47"/><V51/><F114/><W16/><G122/><T57/><D73/><U102/><E117/><V124/><F124/><W35/><G103/><T38/><D71/><U74/><E33/><V49/><F93/><W78/><G127/><T36/><D126/><U19/><E121/><V59/><F32/><W68/><G68/><T30/><D129/><U87/><E109/><V14/><F14/><W89/><G110/><T67/><D67/><U115/><E115/><V119/><F119/><W52/><G89/><T125/><D125/><U75/><E132/><V37/><F37/><W42/><G42/><T31/><D7/><U11/><E19/><V116/><F116/><W94/><G94/><T92/><D27/><U104/><E64/><V72/><F72/><W10/><G40/><T61/><REACH who="0" step="1"/><D99/><REACH who="0" ten="337,210,295,148" step="2"/><U4/><E69/><V17/><REACH who="2" step="1"/><F51/><REACH who="2" ten="337,210,285,148" step="2"/><W79/><G135/><T128/><D128/><U97/><E74/><V23/><F23/><W21/><G133/><T105/><D105/><U18/><E104/><V56/><F56/><W123/><G123/><T41/><D41/><U48/><E75/><V108/><F108/><W9/><G35/><T65/><D65/><U100/><E106/><V130/><F130/><W85/><G21/><T43/><D43/><U50/><E50/><V34/><F34/><W111/><G111/><T5/><D5/><U118/><E118/><V26/><F26/><W13/><G24/><T82/><D82/><U131/><E131/><V98/><F98/><W107/><G81/><T113/><D113/><U112/><E112/><V134/><F134/><W55/><G107/><RYUUKYOKU ba="0,2" sc="337,15,210,-15,285,15,148,-15" hai0="0,2,29,30,31,36,38,39,54,57,61,92,96" hai2="17,22,25,46,49,53,58,59,60,62,63,83,86" /><INIT seed="2,1,2,0,2,6" ten="352,195,300,133" oya="2" hai0="60,108,101,53,70,122,94,90,5,17,117,2,115" hai1="91,84,106,62,74,58,69,22,116,130,35,71,67" hai2="7,8,80,83,30,111,15,113,79,38,42,100,23" hai3="85,125,112,51,103,47,105,76,77,104,44,96,33"/><V36/><F113/><W55/><G112/><T12/><D115/><U119/><E35/><V98/><F111/><W66/><G125/><T54/><D122/><U75/><E106/><V1/><F83/><W72/><G105/><T127/><D101/><U31/><E130/><V29/><F15/><W28/><G72/><T88/><D108/><U59/><E31/><V9/><F9/><W99/><G99/><T131/><D131/><U92/><E22/><V46/><F38/><W126/><G126/><T14/><D90/><U120/><E120/><V78/><F23/><W102/><G102/><T34/><D53/><U133/><E133/><V64/><F64/><W50/><G66/><T87/><D34/><U89/><E75/><N who="2" m="43103" /><F79/><W40/><REACH who="3" step="1"/><G85/><REACH who="3" ten="352,195,300,123" step="2"/><T19/><D87/><U129/><E74/><V124/><F124/><W49/><G49/><T135/><D127/><U13/><E129/><V25/><F25/><W41/><G41/><T10/><D135/><U32/><E84/><V68/><F68/><W118/><G118/><T132/><D117/><U61/><E67/><V134/><F134/><W45/><G45/><T63/><D70/><U52/><E116/><V123/><F123/><W57/><G57/><T18/><D132/><U16/><E119/><V26/><F26/><W110/><G110/><T114/><D114/><U48/><E71/><V20/><F98/><W86/><G86/><N who="0" m="52503" /><D54/><U109/><E69/><V24/><F100/><W95/><G95/><T11/><D63/><N who="1" m="24075" /><E109/><V65/><F65/><W37/><G37/><T27/><D60/><U43/><E92/><V107/><F107/><RYUUKYOKU ba="1,3" sc="352,-15,195,-15,300,15,123,15" hai2="1,7,8,20,24,29,30,36,42,46" hai3="28,33,40,44,47,50,51,55,76,77,96,103,104" /><INIT seed="2,2,3,3,2,52" ten="337,180,315,138" oya="2" hai0="13,61,71,128,10,50,133,33,121,129,104,48,126" hai1="60,76,51,109,84,9,39,29,41,58,35,55,20" hai2="59,16,1,37,19,83,63,105,75,57,103,11,68" hai3="30,44,67,106,8,113,119,120,92,86,56,87,101"/><V36/><F68/><W116/><G120/><T110/><D121/><U134/><E35/><V26/><F103/><W127/><G106/><T80/><D33/><U70/><E109/><V93/><F105/><W122/><G122/><T2/><D2/><U96/><E134/><V82/><F93/><W5/><G113/><T135/><D126/><U95/><E9/><V3/><F11/><W124/><G30/><T32/><D32/><U54/><E76/><V17/><F63/><N who="3" m="38375" /><G44/><T107/><D107/><U43/><E39/><V98/><F19/><W89/><G101/><T42/><D110/><U62/><E70/><V132/><F98/><W79/><G87/><T69/><D80/><U4/><E84/><V49/><F49/><N who="0" m="19050" /><D42/><N who="1" m="15883" /><E4/><V74/><F26/><W53/><G79/><T31/><D31/><U7/><E54/><V40/><F40/><W115/><G53/><T130/><D104/><U22/><E7/><V88/><F88/><N who="3" m="53271" /><G115/><T112/><D112/><U85/><E85/><V114/><F114/><W72/><G72/><T21/><D21/><N who="1" m="8299" /><E29/><V12/><F132/><N who="0" m="50762" /><D61/><U77/><E77/><V47/><F47/><W123/><G123/><T18/><AGARI ba="2,3" hai="10,13,18,69,71,128,129,130" m="50762,19050" machi="18" ten="40,2700,0" yaku="19,1,20,1" doraHai="52" who="0" fromWho="0" sc="337,63,180,-9,315,-15,138,-9" /><INIT seed="3,0,0,4,1,84" ten="400,171,300,129" oya="3" hai0="73,133,121,15,58,57,78,125,55,111,10,106,54" hai1="18,63,44,116,130,24,99,29,103,131,127,101,122" hai2="39,48,67,59,77,89,104,75,128,51,21,76,85" hai3="3,132,36,4,40,70,117,41,65,124,17,102,123"/><W62/><G117/><T112/><D121/><U81/><E122/><V120/><F120/><W25/><G123/><T118/><D118/><U43/><E116/><V90/><F39/><W19/><G132/><T0/><D0/><U46/><E127/><V14/><F75/><W115/><G124/><T100/><D125/><U113/><E113/><V71/><F104/><W49/><G115/><T119/><D111/><U45/><E18/><N who="2" m="10455" /><F128/><N who="1" m="49193" /><E81/><N who="2" m="47279" /><F76/><W92/><G36/><T108/><D57/><U87/><E87/><V52/><F71/><W129/><G129/><T22/><D55/><U8/><E8/><V91/><F67/><W16/><G25/><T107/><D22/><N who="1" m="15511" /><E63/><AGARI ba="0,0" hai="48,51,52,59,63,89,90,91" m="47279,10455" machi="63" ten="30,8000,1" yaku="8,1,52,3,54,1" doraHai="84" who="2" fromWho="1" sc="400,0,171,-80,300,80,129,0" owari="400,50.0,91,-40.9,380,18.0,129,-27.1" /></mjloggm>