<mjloggm ver="2.3"><GO type="225" lobby="0"/><UN n0="%E3%81%95%E3%81%8D%E3%81%9F%E3%81%BE%E6%9E%97%E6%AA%8E" n1="%E3%81%99%E3%81%84%E3%81%BE%E3%81%9B%E3%83%BC%E3%82%93" n2="%E3%81%AB%E3%81%97%E3%81%A0%E3%81%8F%E3%82%93" n3="%E3%81%A4%E3%81%A3%E3%81%B1%E3%82%8A%E3%83%9D%E3%83%BC%E3%83%AB" dan="16,18,16,17" rate="2083.05,2248.69,2059.23,2221.19" sx="M,M,M,M"/><TAIKYOKU oya="0"/><INIT seed="0,0,0,3,2,113" ten="250,250,250,250" oya="0" hai0="49,132,98,54,84,93,57,43,75,99,63,108,15" hai1="9,119,46,0,81,120,64,60,86,24,80,109,27" hai2="79,111,67,8,3,39,10,126,4,121,38,128,124" hai3="71,107,37,112,83,42,135,30,25,118,56,129,104"/><T87/><D132/><U52/><E120/><V103/><F121/><W78/><G112/><T76/><D75/><U22/><E109/><V123/><F123/><W19/><G19/><T88/><D108/><U95/><E119/><V114/><F111/><W110/><G56/><T11/><D43/><U6/><E95/><V41/><F114/><W117/><G110/><T45/><D76/><U26/><E22/><V115/><F115/><W34/><G71/><T21/><D21/><U62/><E86/><V5/><F128/><W17/><G17/><T130/><D130/><U106/><E106/><N who="3" m="40490" /><G129/><T16/><REACH who="0" step="1"/><D84/><REACH who="0" ten="240,250,250,250" step="2"/><U7/><E9/><V65/><F79/><W35/><G135/><T51/><D51/><U2/><E62/><V94/><F41/><W40/><G40/><T23/><D23/><U116/><E60/><V92/><F3/><W72/><G35/><T90/><D90/><U66/><E0/><V73/><F73/><W125/><G125/><T47/><D47/><AGARI ba="0,1" hai="25,30,34,37,42,47,72,78,83,117,118" m="40490" machi="47" ten="30,3900,0" yaku="23,1,52,2" doraHai="113" who="3" fromWho="0" sc="240,-39,250,0,250,0,250,49" /><INIT seed="1,0,0,3,5,0" ten="201,250,250,299" oya="1" hai0="44,17,69,12,99,55,45,114,133,4,66,94,131" hai1="93,18,41,68,96,110,135,122,49,33,27,36,126" hai2="11,47,6,70,58,108,65,85,89,101,115,59,19" hai3="105,84,63,106,130,61,121,9,78,5,62,109,39"/><U24/><E122/><V77/><F108/><W119/><G121/><T3/><D114/><U91/><E36/><V90/><F101/><W74/><G109/><T2/><D133/><U38/><E38/><V100/><F70/><W95/><G130/><T37/><D131/><U16/><E68/><V73/><F100/><W128/><G128/><T25/><D25/><N who="1" m="9803" /><E33/><V86/><F115/><W23/><G39/><T102/><D37/><U117/><E117/><V20/><F73/><W10/><G10/><T1/><D69/><U123/><E123/><V118/><F118/><W71/><G71/><T48/><D66/><U98/><E135/><V15/><F47/><W57/><G23/><T46/><REACH who="0" step="1"/><D4/><REACH who="0" ten="191,250,250,299" step="2"/><U51/><E110/><V80/><F65/><W125/><G5/><T127/><D127/><U92/><E126/><V97/><F97/><W30/><G125/><T104/><D104/><U40/><E98/><V22/><F22/><AGARI ba="0,1" hai="1,2,3,12,17,22,44,45,46,48,55,94,99,102" machi="22" ten="40,1300,0" yaku="1,1,53,0" doraHai="0" doraHaiUra="116" who="0" fromWho="2" sc="191,23,250,0,250,-13,299,0" /><INIT seed="2,0,0,4,5,15" ten="214,250,237,299" oya="2" hai0="107,71,63,122,22,121,67,0,82,94,49,27,132" hai1="60,46,135,93,96,133,6,8,87,101,65,36,4" hai2="75,92,110,83,33,23,1,40,17,43,128,39,62" hai3="79,45,35,99,55,85,51,124,111,56,12,73,57"/><V117/><F117/><W134/><G73/><T58/><D107/><U2/><E4/><V97/><F33/><W47/><G134/><N who="1" m="51210" /><E87/><V80/><F1/><W84/><G111/><T9/><D132/><U5/><E5/><V102/><F110/><W114/><G35/><T19/><D82/><U70/><E46/><N who="3" m="17418" /><G124/><T7/><REACH who="0" step="1"/><D94/><REACH who="0" ten="204,250,237,299" step="2"/><U10/><E93/><V105/><F105/><W25/><G114/><T29/><D29/><U76/><E76/><V59/><F39/><W42/><G79/><T127/><D127/><U13/><E36/><V112/><F112/><W18/><G85/><T50/><D50/><U126/><E126/><V130/><F75/><W38/><G51/><T77/><D77/><U119/><E119/><V30/><F130/><W129/><G84/><T61/><D61/><U74/><E74/><V52/><F30/><W37/><G37/><T28/><D28/><U108/><E108/><V131/><F131/><W78/><G129/><T24/><D24/><U106/><E60/><V3/><F128/><W14/><G25/><T88/><D88/><U69/><E106/><V31/><F31/><W116/><G78/><T48/><D48/><U90/><E90/><V16/><F3/><W113/><G116/><T21/><D21/><U86/><E2/><V20/><F20/><W120/><G113/><T98/><D98/><U72/><E72/><V109/><F109/><W64/><G99/><T115/><D115/><U53/><E96/><V89/><F89/><W104/><G104/><T54/><AGARI ba="0,1" hai="0,7,9,19,22,27,49,54,58,63,67,71,121,122" machi="54" ten="30,4000,0" yaku="1,1,0,1,52,1,53,0" doraHai="15" doraHaiUra="95" who="0" fromWho="0" sc="204,50,250,-10,237,-20,299,-10" /><INIT seed="3,0,0,5,2,81" ten="254,240,217,289" oya="3" hai0="64,45,39,47,87,2,7,111,50,61,94,120,82" hai1="51,123,90,126,132,65,25,19,79,73,128,30,41" hai2="37,91,31,5,114,53,14,135,34,76,72,27,102" hai3="80,74,83,130,12,26,46,32,21,6,70,96,59"/><W13/><G70/><T55/><D120/><U92/><E123/><V40/><F114/><W9/><G32/><T108/><D2/><U0/><E0/><V75/><F135/><W58/><G74/><T4/><D94/><U125/><E132/><V134/><F134/><W117/><G117/><T103/><D103/><U23/><E65/><V36/><F102/><W1/><G1/><T77/><D39/><U29/><E128/><V93/><F40/><W18/><G130/><T16/><D47/><N who="1" m="26095" /><E79/><V133/><F133/><W24/><G96/><T38/><D38/><U119/><E73/><V17/><F5/><W22/><G46/><T63/><D63/><U10/><E10/><V86/><F75/><W35/><G35/><T131/><D131/><U62/><E62/><V106/><F106/><W8/><G18/><T33/><D33/><U20/><E23/><V99/><F72/><W122/><G122/><T54/><D54/><U88/><E119/><V107/><F107/><W11/><G11/><T85/><D4/><AGARI ba="0,0" hai="4,6,8,9,12,13,21,22,24,26,58,59,80,83" machi="4" ten="25,4800,0" yaku="22,2,8,1" doraHai="81" who="3" fromWho="0" sc="254,-48,240,0,217,0,289,48" owari="206,-29.4,240,4.0,217,-18.3,337,43.7" /></mjloggm>