<mjloggm ver="2.3"><GO type="225" lobby="0"/><UN n0="%68%6F%72%69%30%39%30%31" n1="%E3%82%A2%E3%82%A4%E3%82%B9%E3%83%86%E3%82%A3%E3%83%BC%E3%81%82%E3%81%B9" n2="%E7%BD%AA%E5%88%91%E6%B3%95%E5%AE%9A%E4%B8%BB%E7%BE%A9" n3="%E5%B8%86%E7%AB%8B%E5%A4%8F%E8%A1%A3" dan="16,16,16,16" rate="2098.07,2076.43,2199.12,2135.81" sx="M,M,M,M"/><TAIKYOKU oya="0"/><INIT seed="0,0,0,4,0,94" ten="250,250,250,250" oya="0" hai0="109,14,119,9,34,56,48,27,79,39,113,58,120" hai1="11,124,44,115,89,20,87,104,19,43,16,62,135" hai2="37,60,95,21,63,76,10,103,77,129,93,40,13" hai3="72,49,99,118,106,128,83,116,29,33,133,105,17"/><T114/><D119/><U6/><E124/><V51/><F37/><W108/><G128/><T18/><D120/><U50/><E135/><V23/><F129/><W98/><G17/><T84/><D39/><U15/><E104/><N who="3" m="40042" /><G49/><T102/><D102/><U110/><E115/><V81/><F51/><W130/><G130/><T38/><D38/><U126/><E126/><V74/><F40/><W65/><G65/><T88/><D79/><U112/><E112/><V71/><F71/><W69/><G69/><T86/><D84/><U2/><E110/><V59/><F63/><W97/><G29/><T73/><D73/><U134/><E134/><V12/><F12/><W22/><G22/><T66/><D109/><U91/><E87/><V7/><F77/><N who="3" m="44455" /><G33/><T101/><D101/><U8/><REACH who="1" step="1"/><E62/><REACH who="1" ten="250,240,250,250" step="2"/><V42/><F74/><W36/><G133/><T0/><D113/><U127/><E127/><V96/><F60/><W70/><G70/><T30/><D114/><U47/><E47/><V90/><F59/><W28/><G36/><T92/><D58/><U4/><E4/><V122/><F122/><W25/><G108/><T100/><D48/><U5/><E5/><V121/><F121/><W68/><G68/><T45/><D45/><U35/><E35/><V125/><F125/><W123/><G123/><T26/><D56/><U64/><E64/><V61/><F61/><W85/><G85/><T32/><D66/><U3/><E3/><V78/><F7/><W67/><G67/><T52/><D0/><U53/><E53/><V131/><F131/><W41/><G41/><T31/><D52/><RYUUKYOKU ba="0,1" sc="250,10,240,10,250,-30,250,10" hai0="9,14,18,26,27,30,31,32,34,86,88,92,100" hai1="2,6,8,11,15,16,19,20,43,44,50,89,91" hai3="25,28,97,98,99,116,118" /><INIT seed="0,1,1,3,2,64" ten="260,250,220,260" oya="0" hai0="3,41,97,62,87,93,82,111,5,26,21,43,100" hai1="25,2,40,81,23,8,0,103,68,79,32,107,9" hai2="98,39,89,47,61,24,1,134,130,38,67,65,132" hai3="119,4,34,115,60,31,33,114,30,70,36,66,92"/><T118/><D118/><U105/><E32/><V19/><F1/><W51/><G36/><T14/><D111/><U56/><E40/><V95/><F130/><W75/><G75/><T110/><D110/><U86/><E68/><N who="2" m="42031" /><F47/><W80/><G119/><T58/><D3/><U78/><E103/><V22/><F67/><W37/><G37/><T94/><D94/><U16/><E78/><V125/><F125/><W46/><G4/><T10/><D58/><U131/><E131/><V84/><F98/><W27/><G80/><T52/><D52/><U73/><E73/><V29/><F29/><W76/><G76/><N who="0" m="46535" /><D62/><U53/><E0/><V90/><F90/><W102/><G92/><T112/><D112/><U123/><E123/><V69/><F69/><W122/><G102/><T63/><D63/><U11/><REACH who="1" step="1"/><E2/><REACH who="1" ten="260,240,220,260" step="2"/><V88/><F89/><W54/><G122/><T91/><D100/><U6/><E6/><V17/><F17/><AGARI ba="1,2" hai="5,10,14,17,21,26,41,43,91,93,97" m="46535" machi="17" ten="30,1500,0" yaku="8,1" doraHai="64" who="0" fromWho="2" sc="260,38,240,0,220,-18,260,0" /><INIT seed="0,2,0,4,2,64" ten="298,240,202,260" oya="0" hai0="87,82,33,6,72,22,51,75,10,49,65,93,43" hai1="60,59,7,103,68,29,125,80,78,92,61,45,56" hai2="46,21,5,110,2,35,102,19,53,115,133,57,54" hai3="107,11,84,105,27,20,41,63,96,13,55,79,15"/><T50/><D33/><U101/><E125/><V123/><F123/><W66/><G41/><T111/><D43/><U76/><E29/><V94/><F115/><W16/><G55/><T42/><D42/><U9/><E45/><V30/><F110/><W12/><G11/><T109/><D22/><U100/><E92/><V116/><F133/><W38/><G38/><T8/><D65/><U134/><E68/><V113/><F113/><W89/><G79/><T131/><D131/><U39/><E39/><V1/><F116/><W81/><REACH who="3" step="1"/><G96/><REACH who="3" ten="298,240,202,250" step="2"/><T52/><D52/><U26/><E76/><V90/><F54/><W83/><G83/><T32/><D8/><U17/><E134/><V132/><F53/><W36/><G36/><T18/><D10/><U135/><E135/><V47/><F132/><W77/><G77/><T121/><D121/><U97/><E97/><V117/><F117/><W24/><G24/><T106/><D82/><U122/><E122/><V70/><F47/><W23/><G23/><T129/><D32/><U86/><E7/><V114/><F5/><W128/><G128/><T34/><D6/><U69/><E26/><V3/><F35/><W73/><G73/><N who="0" m="28235" /><D34/><U31/><E9/><V4/><F46/><W88/><G88/><N who="0" m="53407" /><D129/><U28/><E80/><V85/><F114/><W62/><G62/><T127/><D127/><U99/><E61/><V119/><F4/><W44/><G44/><T108/><D18/><U112/><E17/><V98/><F19/><W91/><G91/><T118/><D118/><U25/><E112/><V120/><F119/><W124/><G124/><RYUUKYOKU ba="2,1" sc="298,15,240,-15,202,-15,250,15" hai0="49,50,51,106,108,109,111" hai3="12,13,15,16,20,27,63,66,81,84,89,105,107" /><INIT seed="0,3,1,0,3,125" ten="313,225,187,265" oya="0" hai0="33,80,86,17,92,38,71,52,50,89,51,111,28" hai1="103,98,0,9,49,15,110,77,78,99,5,120,102" hai2="104,84,42,1,126,62,58,41,21,97,85,130,34" hai3="108,57,47,101,29,117,115,11,88,68,65,135,53"/><T60/><D38/><U30/><E120/><V20/><F34/><W109/><G117/><T90/><D111/><N who="3" m="42569" /><G115/><T100/><D100/><U37/><E37/><V121/><F121/><W54/><G135/><T116/><D116/><U26/><E110/><V112/><F112/><W23/><G101/><T95/><D33/><U46/><E0/><V66/><F1/><W44/><G11/><T2/><D2/><U69/><E69/><V39/><F126/><W67/><G88/><N who="0" m="53271" /><D71/><U94/><E26/><V48/><F39/><W19/><G29/><T10/><D28/><U13/><E15/><V3/><F3/><W8/><G8/><T107/><D107/><U7/><E5/><V119/><F119/><W35/><G35/><T14/><D80/><U45/><E45/><N who="3" m="17482" /><G68/><T87/><D90/><U40/><REACH who="1" step="1"/><E30/><REACH who="1" ten="313,215,187,265" step="2"/><V36/><F36/><W76/><G76/><T56/><AGARI ba="3,2" hai="10,14,17,50,51,52,56,60,87,89,95" m="53271" machi="56" ten="30,6000,0" yaku="8,1,54,2" doraHai="125" who="0" fromWho="0" sc="313,89,215,-23,187,-23,265,-23" /><INIT seed="0,4,0,1,0,129" ten="402,192,164,242" oya="0" hai0="80,67,47,21,111,5,4,96,56,58,25,72,71" hai1="24,85,33,106,22,46,40,61,130,78,123,28,112" hai2="48,125,51,117,86,103,116,93,64,62,35,49,19" hai3="44,124,42,31,91,131,119,105,84,55,37,68,100"/><T13/><D71/><U122/><E106/><V2/><F2/><W0/><G68/><T104/><D47/><U108/><E130/><V11/><F35/><W32/><G131/><T77/><D111/><U27/><E108/><V69/><F125/><W53/><G0/><T109/><D109/><U120/><E112/><V132/><F11/><W1/><G1/><T70/><D70/><U38/><E61/><V115/><F115/><W59/><G119/><N who="2" m="45641" /><F19/><W36/><G36/><T97/><D104/><U15/><E15/><V98/><F86/><W83/><G124/><T66/><D58/><U88/><E78/><V79/><F79/><W134/><G59/><T39/><D39/><U95/><REACH who="1" step="1"/><E123/><REACH who="1" ten="402,182,164,242" step="2"/><V90/><F103/><W34/><G100/><T43/><D13/><U10/><E10/><V133/><AGARI ba="4,1" hai="48,49,51,62,64,69,90,93,98,132,133" m="45641" machi="133" ten="40,5200,0" yaku="12,1,52,2" doraHai="129" who="2" fromWho="2" sc="402,-30,182,-17,164,74,242,-17" /><INIT seed="1,0,0,2,3,21" ten="372,165,238,225" oya="1" hai0="105,107,127,27,9,34,45,108,0,126,25,66,79" hai1="65,77,29,33,81,44,64,43,135,58,125,13,56" hai2="129,74,103,50,63,124,85,128,100,83,31,112,47" hai3="132,87,5,123,14,73,106,32,82,115,102,2,113"/><U90/><E125/><N who="0" m="47625" /><D108/><U53/><E135/><V59/><F124/><W93/><G14/><T99/><D34/><U117/><E117/><V98/><F74/><W111/><G32/><T70/><D79/><U22/><E33/><V80/><F31/><W68/><G68/><T6/><D45/><U51/><E90/><N who="2" m="51495" /><F83/><W131/><G5/><T110/><D110/><U91/><E91/><V130/><F98/><N who="3" m="61783" /><G2/><T20/><D20/><U12/><E13/><V52/><F112/><N who="3" m="43083" /><G123/><T97/><D97/><U104/><E104/><N who="0" m="40009" /><D99/><U42/><E42/><AGARI ba="0,0" hai="42,47,50,52,59,63,100,103,128,129,130" m="51495" machi="42" ten="30,2000,0" yaku="19,1,54,1" doraHai="21" who="2" fromWho="1" sc="372,0,165,-20,238,20,225,0" /><INIT seed="2,0,0,3,2,16" ten="372,145,258,225" oya="2" hai0="108,54,50,80,65,13,39,7,25,34,79,86,103" hai1="42,52,120,49,27,127,47,117,36,94,95,3,87" hai2="73,15,10,68,101,66,9,82,20,1,113,72,18" hai3="17,6,83,30,104,118,60,32,37,99,58,88,93"/><V19/><F113/><W100/><G37/><T110/><D39/><U28/><E117/><V84/><F101/><W57/><G118/><T105/><D65/><U135/><E127/><V61/><F10/><W23/><G6/><T62/><D62/><U33/><E135/><V5/><REACH who="2" step="1"/><F19/><REACH who="2" ten="372,145,248,225" step="2"/><W41/><G100/><T71/><D103/><U31/><E120/><V125/><F125/><W114/><G114/><T40/><D7/><U76/><E3/><V14/><F14/><W53/><G17/><T121/><D13/><U124/><E124/><V45/><F45/><W75/><G104/><T77/><D105/><U11/><E11/><V119/><F119/><W90/><G90/><AGARI ba="0,1" hai="1,5,9,15,18,20,61,66,68,72,73,82,84,90" machi="90" ten="30,5800,0" yaku="1,1,7,1,52,1,53,0" doraHai="16" doraHaiUra="55" who="2" fromWho="3" sc="372,0,145,0,248,68,225,-58" /><INIT seed="2,1,0,0,2,129" ten="372,145,316,167" oya="2" hai0="78,11,111,27,80,58,59,69,123,40,98,115,24" hai1="62,63,1,133,99,105,92,86,90,134,126,41,117" hai2="61,54,109,108,28,102,75,66,6,132,50,31,18" hai3="9,74,51,43,114,21,12,107,131,125,8,106,112"/><V22/><F75/><W70/><G70/><T29/><D123/><U101/><E117/><V65/><F6/><W93/><G74/><T5/><D69/><U17/><E126/><V121/><F102/><W88/><G125/><T26/><D115/><N who="3" m="44073" /><G131/><T46/><D111/><N who="2" m="42570" /><F121/><W33/><G33/><T67/><D29/><N who="2" m="11338" /><F61/><W83/><G83/><T39/><D98/><U3/><E41/><V68/><F68/><W37/><G37/><T85/><REACH who="0" step="1"/><D67/><REACH who="0" ten="362,145,316,167" step="2"/><U48/><E62/><V77/><F66/><W95/><G107/><T34/><D34/><U0/><E63/><V87/><F65/><W53/><G106/><T122/><D122/><U110/><E110/><V76/><F87/><N who="3" m="52383" /><G43/><T119/><D119/><U56/><REACH who="1" step="1"/><E17/><REACH who="1" ten="362,135,316,167" step="2"/><V100/><F18/><N who="3" m="10439" /><G95/><T96/><D96/><U120/><E120/><V55/><F55/><AGARI ba="1,2" hai="0,1,3,48,55,56,86,90,92,99,101,105,133,134" machi="55" ten="50,8000,1" yaku="1,1,52,2,53,1" doraHai="129" doraHaiUra="44" who="1" fromWho="2" sc="362,0,135,103,316,-83,167,0" /><INIT seed="3,0,0,5,3,32" ten="362,238,233,167" oya="3" hai0="56,123,118,105,31,76,62,134,27,34,75,73,80" hai1="77,30,85,127,82,15,115,54,11,101,41,16,44" hai2="12,84,83,57,47,86,70,133,106,95,124,78,108" hai3="37,66,88,131,2,122,94,112,87,97,8,59,65"/><W114/><G37/><T67/><D123/><U81/><E127/><V20/><F70/><W29/><G122/><T10/><D118/><U93/><E115/><V129/><F106/><W117/><G117/><T50/><D105/><U52/><E30/><V25/><F108/><W98/><G114/><T79/><D134/><U91/><E101/><V38/><F133/><W19/><G112/><T26/><D26/><U33/><E33/><V53/><F124/><W72/><G72/><T135/><D135/><U109/><E109/><V35/><F35/><W3/><G29/><T22/><D10/><U14/><E14/><V49/><F12/><N who="3" m="7559" /><G3/><T17/><D50/><N who="1" m="26895" /><E82/><V46/><F38/><W48/><G2/><T28/><D79/><U104/><E104/><V6/><F6/><W110/><G131/><T126/><D126/><U89/><E77/><V5/><F5/><W4/><G4/><T60/><D31/><U130/><E130/><V102/><F129/><W111/><G111/><T63/><D73/><U90/><E90/><N who="2" m="53703" /><F102/><W103/><G110/><T7/><D7/><U24/><E24/><V69/><F69/><W39/><G39/><T51/><D51/><U107/><E107/><V96/><F96/><AGARI ba="0,0" hai="11,15,16,52,54,81,85,89,91,93,96" m="26895" machi="96" ten="30,3900,0" yaku="8,1,54,2" doraHai="32" who="1" fromWho="2" sc="362,0,238,39,233,-39,167,0" owari="362,46.2,277,7.7,194,-20.6,167,-33.3" /></mjloggm>