<mjloggm ver="2.3"><GO type="225" lobby="0"/><UN n0="%E3%81%9F%E3%81%8C%E3%82%84%E3%81%99" n1="%73%6C%69%63%6B%33%31%39" n2="%E9%B3%B3%E6%9D%B1%E3%81%AE%E3%81%BF%E3%81%91%E3%81%AB%E3%82%83%E3%82%93" n3="%E3%81%BF%E3%81%BF%E3%81%9A" dan="17,16,16,16" rate="2206.21,2067.40,2094.58,2142.43" sx="M,M,F,M"/><TAIKYOKU oya="0"/><INIT seed="0,0,0,2,5,32" ten="250,250,250,250" oya="0" hai0="89,90,40,91,72,133,66,92,75,14,125,16,11" hai1="29,99,131,49,109,84,10,62,54,128,101,105,85" hai2="25,126,7,42,52,106,134,67,5,36,94,2,8" hai3="60,61,78,30,28,12,23,0,110,48,113,37,15"/><T3/><D66/><U45/><E109/><V79/><F106/><W82/><G37/><T70/><D70/><U130/><E29/><V26/><F42/><W55/><G113/><T71/><D71/><U17/><E17/><V87/><F36/><W41/><G0/><T53/><D40/><U22/><E22/><V132/><F67/><W93/><G110/><T6/><D133/><N who="2" m="51306" /><F126/><W13/><G41/><T98/><D53/><U95/><E10/><N who="2" m="2359" /><F52/><W120/><G120/><T74/><REACH who="0" step="1"/><D125/><REACH who="0" ten="240,250,250,250" step="2"/><U121/><E121/><V39/><F39/><W97/><G61/><T73/><N who="0" m="18432" /><DORA hai="107" /><T64/><D64/><U46/><E54/><V124/><F124/><W83/><G60/><T100/><D100/><U81/><E62/><V19/><F26/><W21/><G55/><T56/><D56/><U18/><E101/><V9/><F25/><W104/><G48/><T20/><AGARI ba="0,1" hai="3,6,11,14,16,20,89,90,91,92,98" m="18432" machi="20" ten="60,24000,3" yaku="1,1,0,1,52,5,54,1,53,0" doraHai="32,107" doraHaiUra="96,76" who="0" fromWho="0" sc="240,250,250,-80,250,-80,250,-80" /><INIT seed="0,1,0,3,1,3" ten="490,170,170,170" oya="0" hai0="23,129,25,135,113,45,127,108,73,106,10,90,51" hai1="104,40,124,81,28,26,84,115,83,122,94,69,98" hai2="42,18,111,60,116,68,8,57,95,88,22,61,52" hai3="65,93,78,56,50,55,21,46,19,97,24,103,132"/><T118/><D106/><U89/><E69/><V123/><F123/><W5/><G132/><T92/><D113/><U49/><E122/><V71/><F111/><W16/><G78/><T62/><D118/><U43/><E115/><V0/><F116/><W67/><G5/><T31/><D135/><U20/><E124/><V33/><F33/><W80/><G80/><T64/><D129/><U120/><E120/><V48/><F42/><W30/><G67/><T44/><D127/><U59/><E104/><V14/><F68/><W79/><G79/><T125/><D73/><U2/><E2/><V63/><F71/><W15/><G15/><T12/><D51/><U85/><E59/><V117/><F117/><W11/><G11/><T107/><D107/><U74/><E74/><V126/><F126/><W131/><G131/><T102/><D102/><U47/><E43/><V35/><F35/><W34/><G34/><T9/><D9/><U75/><E75/><V105/><F105/><W27/><G27/><T114/><D108/><U70/><E70/><V112/><F112/><W38/><G38/><T36/><D36/><U53/><E40/><V13/><F0/><W4/><G4/><T29/><D125/><U96/><REACH who="1" step="1"/><E94/><REACH who="1" ten="490,160,170,170" step="2"/><V130/><F130/><W76/><G76/><AGARI ba="1,1" hai="20,26,28,47,49,53,76,81,83,84,85,89,96,98" machi="76" ten="30,7700,0" yaku="1,1,2,1,7,1,8,1,53,0" doraHai="3" doraHaiUra="66" who="1" fromWho="3" sc="490,0,160,90,170,0,170,-80" /><INIT seed="1,0,0,1,1,113" ten="490,250,170,90" oya="1" hai0="72,76,3,7,14,26,111,73,64,75,1,41,125" hai1="67,93,68,58,104,44,94,88,92,10,115,122,43" hai2="106,127,30,86,133,35,121,22,102,90,2,6,69" hai3="20,8,82,126,15,114,52,98,132,48,28,9,129"/><U128/><E115/><V17/><F69/><W56/><G114/><T108/><D64/><U97/><E122/><V53/><F106/><W51/><G126/><T99/><D125/><U42/><E68/><V31/><F102/><W85/><G129/><T91/><D41/><U25/><E104/><V65/><F65/><W87/><G132/><T37/><D37/><U89/><E128/><V84/><F35/><W63/><G98/><T135/><D76/><U18/><E93/><V119/><F121/><W4/><G9/><N who="0" m="4415" /><D26/><U71/><E71/><V0/><F133/><W66/><G51/><T39/><D39/><U45/><E10/><V109/><F84/><W62/><G85/><T49/><D49/><U70/><E70/><V61/><F2/><W16/><G28/><T123/><D135/><U118/><E118/><V29/><F119/><W24/><REACH who="3" step="1"/><G66/><REACH who="3" ten="490,250,170,80" step="2"/><T117/><D123/><U101/><E67/><V60/><F127/><W130/><G130/><T74/><D74/><U46/><E97/><V33/><F31/><W40/><G40/><T83/><D117/><U120/><E43/><V116/><F30/><W95/><G95/><N who="0" m="56831" /><D83/><U23/><E42/><V12/><F116/><W50/><G50/><T79/><D79/><AGARI ba="0,1" hai="4,8,15,16,20,24,48,52,56,62,63,79,82,87" machi="79" ten="30,8000,1" yaku="1,1,7,1,8,1,54,2,53,0" doraHai="113" doraHaiUra="134" who="3" fromWho="0" sc="490,-80,250,0,170,0,80,90" /><INIT seed="2,0,0,5,0,88" ten="410,250,170,170" oya="2" hai0="35,59,122,110,84,99,18,53,8,64,16,77,26" hai1="113,131,95,46,27,124,109,20,133,76,14,106,68" hai2="29,87,104,69,78,71,70,5,73,127,91,101,62" hai3="118,41,56,28,85,66,129,134,107,37,58,121,92"/><V44/><F127/><W30/><G118/><T61/><D35/><U90/><E106/><V94/><F5/><W75/><G121/><T57/><D110/><U74/><E68/><V42/><F29/><N who="3" m="11371" /><G75/><T31/><D122/><U55/><E27/><V96/><F62/><N who="3" m="38215" /><G37/><T126/><D126/><U7/><E113/><V48/><REACH who="2" step="1"/><F71/><REACH who="2" ten="410,250,160,170" step="2"/><W17/><G129/><T50/><D31/><U112/><E7/><V98/><F98/><W89/><G134/><T15/><D99/><U40/><E124/><V83/><AGARI ba="0,1" hai="42,44,48,69,70,73,78,83,87,91,94,96,101,104" machi="83" ten="30,12000,1" yaku="1,1,0,1,24,2,52,1,53,0" doraHai="88" doraHaiUra="130" who="2" fromWho="2" sc="410,-40,250,-40,160,130,170,-40" /><INIT seed="2,1,0,2,4,49" ten="370,210,290,130" oya="2" hai0="121,0,38,110,64,94,114,8,86,130,134,9,41" hai1="100,87,99,52,25,45,119,85,67,22,48,132,96" hai2="88,74,118,47,79,75,135,6,59,90,95,93,111" hai3="80,42,16,69,128,109,58,39,106,46,112,108,84"/><V54/><F118/><W53/><G106/><T44/><D64/><U68/><E132/><V29/><F135/><W126/><G69/><T4/><D134/><U91/><E119/><V18/><F6/><W20/><G128/><T133/><D133/><U57/><E68/><V115/><F115/><W125/><G84/><T82/><D121/><U66/><E87/><V17/><F29/><W72/><G80/><T55/><D110/><N who="3" m="42601" /><G72/><T123/><D123/><U131/><E131/><V24/><F75/><W62/><G20/><T105/><D105/><U36/><E36/><V129/><F74/><W63/><G16/><N who="2" m="6249" /><F79/><W34/><G34/><T77/><D130/><U32/><E32/><V1/><F1/><W71/><G112/><T12/><D114/><U13/><E13/><V15/><F129/><W33/><G33/><T103/><D0/><U37/><E37/><V27/><F15/><W19/><G19/><T104/><D104/><U127/><E22/><V122/><F122/><W124/><G71/><T7/><D7/><U30/><E30/><V113/><F113/><W78/><G78/><T5/><D5/><U92/><E25/><N who="2" m="9803" /><F111/><W89/><G89/><N who="2" m="34409" /><F47/><W51/><AGARI ba="1,0" hai="39,42,46,51,53,58,62,63,124,125,126" m="42601" machi="51" ten="40,8000,1" yaku="18,1,14,1,34,2,52,1" doraHai="49" who="3" fromWho="3" sc="370,-21,210,-21,290,-41,130,83" /><INIT seed="3,0,0,0,0,61" ten="349,189,249,213" oya="3" hai0="108,74,65,6,84,42,113,49,2,89,20,116,58" hai1="68,87,55,127,52,36,121,130,40,54,110,117,114" hai2="37,18,120,31,47,21,83,90,85,75,64,125,60" hai3="7,88,11,91,81,62,63,43,59,67,27,30,10"/><W44/><G62/><T24/><D74/><U115/><E87/><V28/><F75/><W104/><G104/><T99/><D116/><U86/><E117/><V9/><F9/><W133/><G133/><T46/><D108/><U103/><E110/><V80/><F125/><W97/><G97/><T122/><D122/><U69/><E103/><V17/><F83/><W56/><G56/><T3/><D6/><U35/><E35/><V16/><F21/><W72/><G72/><T34/><D34/><U19/><E121/><V107/><F107/><W134/><G134/><T12/><D12/><U71/><E127/><V53/><F37/><W14/><G11/><T0/><D99/><U4/><E4/><V51/><F120/><W106/><G106/><T100/><D100/><U66/><E19/><V32/><F32/><W25/><G81/><T131/><D131/><U77/><E130/><V22/><F22/><N who="3" m="15671" /><G27/><T92/><D113/><N who="1" m="43019" /><E86/><V79/><F79/><W95/><G95/><T57/><D0/><U123/><E77/><V94/><F94/><W1/><G1/><T76/><D76/><U82/><E82/><V129/><F129/><W102/><G102/><T8/><D2/><U96/><E123/><V41/><F41/><W93/><G93/><T135/><D135/><U111/><E111/><V13/><F13/><W124/><G124/><T39/><D3/><U26/><E26/><V15/><F15/><W109/><G109/><T126/><D126/><U78/><E78/><V23/><F23/><W105/><G105/><T70/><D8/><U73/><E73/><V33/><F33/><RYUUKYOKU ba="0,0" sc="349,-15,189,-15,249,15,213,15" hai2="16,17,18,28,31,47,51,53,60,64,80,85,90" hai3="7,10,14,43,44,59,63,67,88,91" /><INIT seed="3,1,0,1,0,60" ten="334,174,264,228" oya="3" hai0="131,42,134,51,87,80,45,48,25,5,13,100,103" hai1="82,78,22,92,90,70,12,74,31,124,59,57,119" hai2="109,6,40,94,24,117,129,11,16,33,106,104,39" hai3="23,46,133,116,10,95,105,28,75,63,49,43,72"/><W97/><G116/><T29/><D51/><U88/><E124/><V85/><F39/><W96/><G133/><T126/><D131/><U130/><E130/><V68/><F40/><W67/><G105/><T14/><D126/><U53/><E119/><V65/><F109/><W38/><G38/><T102/><D134/><U27/><E70/><V1/><F129/><W84/><G84/><T8/><D13/><U64/><E64/><V110/><F110/><W17/><G10/><T44/><D44/><U113/><E113/><V135/><F135/><W56/><G28/><T122/><D122/><U112/><E112/><V32/><F32/><W121/><G121/><T71/><D71/><U55/><E12/><V111/><F111/><W107/><G107/><T79/><D103/><U108/><E108/><V62/><F117/><W123/><G123/><T132/><D132/><U20/><E20/><AGARI ba="1,0" hai="5,8,14,20,25,29,42,45,48,79,80,87,100,102" machi="20" ten="30,7700,0" yaku="7,1,25,2,8,1" doraHai="60" who="0" fromWho="1" sc="334,80,174,-80,264,0,228,0" owari="414,51.4,94,-40.6,264,6.4,228,-17.2" /></mjloggm>