<mjloggm ver="2.3"><GO type="225" lobby="0"/><UN n0="%E3%81%82%E3%80%81%E8%B2%A0%E3%81%91%E3%81%BE%E3%81%97%E3%81%9F" n1="%E3%81%A0%E3%81%8A" n2="%E3%83%97%E3%83%92" n3="%E5%BE%AE%E5%B7%AE%E3%81%AE%E4%BD%95%E5%88%87%E3%82%8B%EF%BC%9C%E9%81%8B" dan="16,16,16,16" rate="2139.39,2062.04,2180.88,2140.05" sx="M,M,M,M"/><TAIKYOKU oya="0"/><INIT seed="0,0,0,3,4,91" ten="250,250,250,250" oya="0" hai0="30,25,130,13,41,115,77,45,22,34,68,103,90" hai1="74,10,70,106,97,12,11,117,75,81,92,19,58" hai2="73,7,82,55,36,114,59,118,0,46,134,104,40" hai3="63,94,111,127,124,102,125,47,17,4,20,23,99"/><T116/><D115/><U135/><E70/><V31/><F114/><W8/><G111/><T88/><D116/><U54/><E117/><V29/><F118/><W84/><G63/><T128/><D68/><U9/><E106/><V93/><F104/><W126/><N who="3" m="31744" /><DORA hai="87" /><W132/><G132/><T133/><D103/><U33/><E33/><V6/><F134/><W5/><G47/><T62/><D77/><U60/><E135/><V129/><F6/><W105/><G5/><T61/><D133/><U76/><REACH who="1" step="1"/><E75/><REACH who="1" ten="250,240,250,250" step="2"/><V35/><F35/><W1/><G17/><N who="0" m="10543" /><D61/><U85/><E85/><V38/><F73/><W107/><G107/><T67/><D62/><U80/><E80/><V21/><F82/><W3/><G3/><T110/><D110/><U72/><E72/><V79/><F0/><W98/><REACH who="3" step="1"/><G84/><REACH who="3" ten="250,240,250,240" step="2"/><T109/><D109/><U121/><E121/><V15/><F7/><W48/><G48/><N who="0" m="26671" /><D67/><U39/><E39/><V28/><F38/><W66/><G66/><T83/><D83/><U119/><E119/><V51/><F36/><W24/><G24/><T64/><D64/><U43/><E43/><V27/><F40/><W32/><G32/><T65/><D65/><U120/><E120/><V18/><F27/><W112/><G112/><T49/><D49/><U56/><E56/><V42/><F59/><W16/><G16/><T2/><D2/><U123/><E123/><V100/><F42/><W113/><G113/><T14/><D14/><U37/><E37/><V52/><F15/><W53/><G53/><T122/><D122/><U78/><E78/><V95/><F79/><RYUUKYOKU ba="0,2" sc="250,10,240,10,250,-30,240,10" hai0="25,30,34,88,90,128,130" hai1="9,10,11,12,19,54,58,60,74,76,81,92,97" hai3="1,4,8,20,23,94,98,99,102,105" /><INIT seed="0,1,2,2,0,40" ten="260,250,220,250" oya="0" hai0="112,119,124,12,122,66,110,58,127,15,31,76,92" hai1="129,75,115,81,135,39,61,60,1,35,38,128,132" hai2="78,83,3,99,74,56,109,70,41,118,87,48,51" hai3="123,37,22,18,103,55,46,14,23,111,49,90,34"/><T130/><D112/><U10/><E35/><V102/><F70/><W50/><G34/><T16/><D119/><U4/><E115/><V116/><F3/><W57/><G37/><N who="1" m="13834" /><E60/><V47/><F109/><W63/><G111/><T104/><D122/><U98/><E98/><V114/><F114/><W84/><G123/><T29/><D110/><U2/><E2/><V68/><F68/><W11/><G103/><T13/><D104/><U100/><E100/><V94/><F74/><W77/><G77/><T91/><D76/><N who="1" m="44191" /><E61/><V8/><F8/><W131/><G131/><AGARI ba="1,2" hai="1,4,10,128,129,131,132,135" m="44191,13834" machi="131" ten="30,2000,0" yaku="19,1,23,1" doraHai="40" who="1" fromWho="3" sc="260,0,250,43,220,0,250,-23" /><INIT seed="1,0,0,4,0,108" ten="260,293,220,227" oya="1" hai0="1,14,82,50,18,128,55,26,10,81,45,91,68" hai1="120,129,76,93,95,4,105,122,61,104,72,96,47" hai2="31,69,67,110,20,102,19,58,118,35,86,37,53" hai3="0,29,42,38,16,113,46,44,135,57,62,9,114"/><U33/><E33/><V100/><F110/><W130/><G44/><T101/><D128/><U28/><E129/><V65/><F37/><W83/><G29/><T123/><D123/><U59/><E4/><V15/><F118/><W103/><G130/><T12/><D68/><U21/><E47/><V92/><F69/><W51/><G135/><T13/><D101/><N who="2" m="39018" /><F35/><W2/><G103/><T60/><D1/><U115/><E76/><V3/><F31/><W134/><G134/><T63/><D82/><U132/><E72/><V133/><F3/><W27/><G0/><T7/><D26/><U56/><E132/><V36/><F36/><W41/><G83/><T99/><D99/><U25/><E96/><V70/><F70/><W89/><G89/><T75/><D75/><U90/><E120/><V78/><F133/><W22/><G41/><T64/><D64/><U11/><E105/><V52/><F53/><W124/><G38/><T121/><D121/><U126/><E104/><V85/><F85/><W49/><G51/><T74/><D74/><U97/><E122/><V6/><F6/><W88/><G124/><T119/><D119/><U107/><E126/><V80/><F92/><W34/><G34/><T87/><D7/><U94/><E107/><V84/><F86/><W8/><G88/><T116/><D116/><U79/><E95/><V71/><F71/><W23/><G23/><T112/><D112/><N who="3" m="43113" /><G2/><T66/><REACH who="0" step="1"/><D66/><REACH who="0" ten="250,293,220,227" step="2"/><N who="1" m="39207" /><E115/><V40/><F40/><W117/><G117/><T106/><D106/><U24/><E97/><V109/><F109/><W43/><G42/><T17/><D17/><RYUUKYOKU ba="0,1" sc="250,10,293,-30,220,10,227,10" hai0="10,12,13,14,18,45,50,55,60,63,81,87,91" hai2="15,19,20,52,58,65,67,78,80,84" hai3="8,9,16,22,27,43,46,49,57,62" /><INIT seed="2,1,1,5,2,66" ten="260,263,230,237" oya="2" hai0="116,88,110,134,95,135,113,90,103,9,133,60,22" hai1="130,89,46,115,118,127,17,51,91,5,107,3,96" hai2="129,82,45,13,56,79,112,2,78,98,26,67,83" hai3="70,15,94,102,42,30,34,73,27,8,32,18,74"/><V29/><F112/><W99/><G34/><T53/><D113/><U111/><E118/><V44/><F2/><W36/><G36/><T86/><D110/><U121/><E115/><V68/><F129/><W106/><G42/><T108/><D108/><U125/><E121/><V6/><F68/><W122/><G122/><T14/><D116/><U128/><E111/><V76/><F98/><W16/><G18/><T63/><D103/><N who="1" m="62951" /><E17/><V38/><F38/><W50/><G94/><T72/><D72/><U41/><E5/><V71/><F71/><W54/><REACH who="3" step="1"/><G70/><REACH who="3" ten="260,263,230,227" step="2"/><T85/><D53/><U100/><E41/><V37/><F37/><W55/><G55/><T101/><D101/><U119/><E130/><V120/><F120/><W12/><G12/><T81/><REACH who="0" step="1"/><D22/><REACH who="0" ten="250,263,230,227" step="2"/><U109/><E128/><V10/><F83/><W61/><G61/><T1/><D1/><U69/><E3/><V24/><F82/><W92/><G92/><T87/><D87/><U105/><E109/><V25/><F29/><W19/><G19/><AGARI ba="1,3" hai="9,14,19,60,63,81,85,86,88,90,95,133,134,135" machi="19" ten="40,8000,1" yaku="1,1,20,1,54,1,53,1" doraHai="66" doraHaiUra="11" who="0" fromWho="3" sc="250,113,263,0,230,0,227,-83" /><INIT seed="3,0,0,5,5,102" ten="363,263,230,144" oya="3" hai0="9,94,25,38,63,70,131,23,45,92,55,114,127" hai1="44,3,86,89,31,74,126,105,12,41,57,100,120" hai2="129,13,28,39,19,51,40,112,107,121,22,93,30" hai3="59,24,101,83,64,117,72,135,110,133,119,42,122"/><W76/><G42/><T65/><D127/><U68/><E3/><V58/><F112/><W5/><G5/><T7/><D131/><U111/><E68/><V21/><F39/><W118/><G24/><T125/><D125/><U10/><E74/><V90/><F129/><W53/><G64/><T77/><D77/><U49/><E111/><V130/><F130/><W98/><G122/><T37/><D114/><U123/><E126/><V14/><F107/><N who="3" m="63927" /><G53/><T73/><D73/><U97/><E57/><V36/><F36/><W84/><G59/><T61/><D37/><U115/><E31/><V34/><F34/><W79/><G110/><T52/><D55/><U54/><E54/><N who="2" m="32095" /><F40/><W69/><G69/><T33/><D33/><U27/><E27/><V109/><F109/><W128/><G128/><T16/><D63/><U113/><E120/><V46/><F46/><W20/><G20/><N who="2" m="7785" /><F121/><W26/><G26/><T96/><D7/><U95/><E123/><V80/><F14/><W67/><G67/><T60/><D9/><U62/><E62/><V134/><F13/><W17/><G17/><AGARI ba="0,0" hai="10,12,17,41,44,49,86,89,95,97,100,105,113,115" machi="17" ten="30,2000,0" yaku="7,1,52,1" doraHai="102" who="1" fromWho="3" sc="363,0,263,20,230,0,144,-20" owari="363,46.3,283,8.3,230,-17.0,124,-37.6" /></mjloggm>