<mjloggm ver="2.3"><GO type="225" lobby="0"/><UN n0="%E3%82%B2%E3%82%B9%E8%8C%82%E5%8B%9D" n1="%E3%83%97%E3%83%AC%E3%83%B4%E3%82%A1%E3%83%86%E3%82%A3" n2="%E3%81%BF%E3%81%BF%E3%81%9A" n3="%E3%81%B2%E3%81%BE%E3%81%A4%E3%81%B6%E3%81%97" dan="16,16,16,16" rate="2044.43,2133.41,2162.28,2152.59" sx="F,F,M,M"/><TAIKYOKU oya="0"/><INIT seed="0,0,0,4,5,83" ten="250,250,250,250" oya="0" hai0="135,74,32,63,68,118,11,22,119,27,41,99,49" hai1="112,33,37,46,105,120,72,76,113,106,16,81,44" hai2="57,39,52,102,20,43,122,38,103,9,107,29,70" hai3="50,78,2,48,125,134,14,5,126,47,51,7,97"/><T17/><D135/><U53/><E33/><V26/><F122/><W100/><G134/><T66/><D74/><U94/><E120/><V8/><F70/><W73/><G2/><T90/><D32/><U133/><E133/><V101/><F107/><W111/><G111/><T0/><D41/><U82/><E37/><V123/><F123/><W62/><G62/><T109/><D109/><U54/><E94/><V55/><F55/><W92/><G73/><T129/><D129/><U40/><E72/><V31/><F29/><W45/><G78/><T1/><D49/><U104/><E76/><V131/><F131/><W69/><G69/><T130/><D130/><U28/><E28/><V85/><F43/><W23/><G23/><T59/><D68/><U24/><E40/><V18/><F85/><W71/><G71/><T21/><D21/><U124/><E105/><V56/><F56/><W30/><G30/><T64/><D66/><U88/><E24/><V89/><F89/><W128/><G128/><T6/><D0/><U96/><E96/><V95/><F95/><W93/><G93/><N who="0" m="56759" /><D119/><U87/><E124/><V116/><F116/><W15/><G125/><T19/><D118/><U115/><E82/><V58/><F58/><W80/><G80/><T42/><D42/><U75/><E75/><V98/><F98/><W13/><REACH who="3" step="1"/><G126/><REACH who="3" ten="250,250,250,240" step="2"/><T25/><D22/><U60/><E106/><V91/><F31/><W61/><G61/><T84/><D1/><U79/><E104/><V10/><REACH who="2" step="1"/><F91/><REACH who="2" ten="250,250,240,240" step="2"/><W86/><G86/><T114/><D84/><N who="1" m="48191" /><E88/><V77/><F77/><W3/><G3/><RYUUKYOKU ba="0,2" sc="250,-15,250,-15,240,15,240,15" hai2="8,9,10,18,20,26,38,39,52,57,101,102,103" hai3="5,7,13,14,15,45,47,48,50,51,92,97,100" /><INIT seed="1,1,2,2,3,108" ten="235,235,255,255" oya="1" hai0="93,30,51,125,70,128,81,94,131,100,79,120,39" hai1="46,0,104,28,83,78,105,111,75,40,59,107,101" hai2="22,43,19,90,69,84,55,88,65,13,95,38,25" hai3="37,3,48,11,21,71,118,132,34,45,35,14,124"/><U6/><E111/><V66/><F69/><W129/><G71/><T133/><D39/><N who="1" m="21791" /><E28/><V36/><F36/><W97/><G37/><T1/><D1/><U57/><E101/><V126/><F126/><W103/><G124/><T33/><D125/><U91/><E91/><V56/><F43/><W80/><G3/><T63/><D120/><U32/><E32/><V96/><F38/><W18/><G118/><T134/><D51/><U44/><E44/><V58/><F13/><W12/><G80/><T16/><D30/><U112/><E112/><V41/><F41/><W49/><G49/><T119/><D33/><U53/><E53/><V121/><F121/><W92/><G132/><N who="0" m="50795" /><D119/><U106/><N who="1" m="26624" /><DORA hai="68" /><U61/><E61/><N who="2" m="35999" /><F58/><W50/><G50/><T62/><D100/><U74/><E74/><V5/><F5/><W114/><G114/><T76/><D62/><U122/><E122/><V54/><F54/><W99/><G99/><T123/><D123/><U31/><E31/><V130/><F66/><W115/><G115/><T60/><D63/><U116/><E116/><V102/><F65/><W29/><G29/><T73/><D60/><U72/><E72/><V52/><F52/><N who="3" m="29711" /><G35/><T64/><D64/><U8/><AGARI ba="1,2" hai="0,6,8,57,59,75,78,83" m="26624,21791" machi="8" ten="60,6000,0" yaku="25,1,52,1" doraHai="108,68" who="1" fromWho="1" sc="235,-21,235,83,255,-21,255,-21" /><INIT seed="1,2,0,4,3,112" ten="214,318,234,234" oya="1" hai0="115,131,41,66,23,92,13,106,134,60,6,77,122" hai1="108,61,96,12,26,82,125,17,25,56,113,46,45" hai2="63,3,48,89,8,51,127,94,100,29,133,34,88" hai3="123,104,47,11,78,39,43,9,10,59,33,15,32"/><U35/><E113/><V116/><F116/><W37/><G123/><T71/><D122/><U64/><E125/><V54/><F127/><W99/><G39/><T28/><D115/><U14/><E108/><V49/><F133/><W117/><G78/><T0/><D134/><U72/><E35/><V105/><F105/><W30/><G59/><T68/><D131/><U2/><E2/><V53/><F34/><W62/><G62/><T119/><D106/><U36/><E12/><V118/><F118/><W44/><G15/><T86/><D119/><U130/><E130/><V50/><F29/><W75/><G75/><T121/><D121/><U103/><E72/><V132/><F132/><W70/><G70/><T69/><D41/><U128/><E82/><V101/><F63/><W1/><G1/><T18/><D28/><U84/><E84/><V95/><F3/><W90/><G47/><T31/><D31/><U73/><E73/><V38/><F38/><W67/><G67/><T91/><REACH who="0" step="1"/><D77/><REACH who="0" ten="204,318,234,234" step="2"/><U24/><E128/><V79/><F79/><W135/><G117/><T65/><D65/><U22/><REACH who="1" step="1"/><E36/><REACH who="1" ten="204,308,234,234" step="2"/><V81/><N who="2" m="12288" /><DORA hai="126" /><V85/><F81/><W19/><G37/><T4/><D4/><U5/><E5/><V42/><F42/><W120/><G43/><T16/><D16/><U93/><AGARI ba="2,2" hai="14,17,22,24,25,26,45,46,56,61,64,93,96,103" machi="93" ten="30,11700,0" yaku="1,1,0,1,8,1,53,1" doraHai="112,126" doraHaiUra="57,76" who="1" fromWho="1" sc="204,-41,308,143,234,-41,234,-41" /><INIT seed="1,3,0,0,3,32" ten="163,451,193,193" oya="1" hai0="37,55,70,80,130,100,133,6,121,15,94,51,8" hai1="83,90,103,24,111,126,41,69,7,28,46,132,10" hai2="44,118,105,43,123,5,88,42,53,73,96,78,124" hai3="22,131,99,23,65,77,129,89,35,16,92,61,20"/><U54/><E69/><V12/><F118/><W49/><G35/><T0/><D130/><N who="3" m="49673" /><G49/><T81/><D133/><U79/><E132/><V119/><F119/><W115/><G77/><T120/><D121/><U63/><E103/><V59/><F123/><W109/><G109/><T40/><D120/><U58/><E111/><V21/><F124/><W45/><G45/><T128/><D70/><U30/><E90/><V135/><F135/><W71/><G115/><T125/><D125/><U56/><E56/><V91/><F73/><W116/><G116/><T84/><D128/><U95/><E95/><N who="2" m="56423" /><F105/><W113/><G113/><T75/><D75/><U31/><E126/><V3/><F3/><W85/><G85/><T13/><D40/><U108/><E108/><V33/><F33/><W1/><G1/><T62/><D37/><U110/><E110/><V19/><F78/><W117/><G117/><T97/><D62/><U36/><E24/><AGARI ba="3,0" hai="16,20,22,23,24,61,65,71,89,92,99" m="49673" machi="24" ten="30,2000,0" yaku="19,1,54,1" doraHai="32" who="3" fromWho="1" sc="163,0,451,-29,193,0,193,29" /><INIT seed="2,0,0,3,0,82" ten="163,422,193,222" oya="2" hai0="52,26,80,85,29,73,12,11,1,120,6,31,13" hai1="101,114,116,49,117,129,62,51,18,71,65,92,131" hai2="100,77,110,14,130,70,126,55,3,41,36,47,115" hai3="54,67,111,61,38,76,60,32,87,53,102,96,2"/><V15/><F115/><W99/><G111/><T64/><D120/><U98/><E114/><V5/><F70/><W134/><G134/><T69/><D73/><U128/><E18/><V39/><F110/><W27/><G2/><T95/><D95/><U43/><E43/><V28/><F28/><W48/><G38/><T37/><D37/><U105/><REACH who="1" step="1"/><E105/><REACH who="1" ten="163,412,193,222" step="2"/><V108/><F41/><W72/><G72/><T84/><D31/><U74/><E74/><V90/><F108/><W40/><G40/><T121/><D121/><U66/><E66/><V93/><F36/><W63/><G67/><T0/><D64/><U119/><AGARI ba="0,1" hai="49,51,62,65,71,92,98,101,116,117,119,128,129,131" machi="119" ten="40,5200,0" yaku="1,1,0,1,19,1,53,0" doraHai="82" doraHaiUra="123" who="1" fromWho="1" sc="163,-13,412,62,193,-26,222,-13" /><INIT seed="3,0,0,3,5,14" ten="150,474,167,209" oya="3" hai0="62,64,115,3,89,56,25,83,26,57,132,101,11" hai1="42,36,44,98,104,24,41,28,124,73,38,8,109" hai2="100,91,96,43,77,122,71,49,128,117,93,86,118" hai3="60,111,45,87,1,134,23,113,72,0,105,103,32"/><W34/><G87/><T107/><D132/><U78/><E109/><V39/><F71/><W40/><G60/><T13/><D115/><U66/><E124/><V131/><F39/><W20/><G45/><T99/><D3/><U17/><E66/><V90/><F43/><W79/><G103/><T97/><D56/><U12/><E42/><V31/><F31/><W121/><G79/><T76/><D89/><N who="2" m="33802" /><F49/><W58/><G58/><T135/><D97/><U81/><E98/><V9/><F9/><W130/><G40/><T30/><D30/><U92/><E92/><V59/><F59/><W84/><G32/><T70/><D70/><U110/><E110/><V19/><F19/><W126/><G34/><T5/><REACH who="0" step="1"/><D135/><REACH who="0" ten="140,474,167,209" step="2"/><U74/><E104/><V52/><F52/><W55/><G55/><T88/><D88/><U116/><E116/><N who="2" m="44651" /><F122/><W65/><G121/><T46/><D46/><U4/><E38/><V37/><F37/><W27/><G1/><T69/><D69/><U63/><E63/><V48/><F48/><W95/><G0/><T6/><D6/><U7/><E74/><AGARI ba="0,1" hai="5,11,13,25,26,57,62,64,74,76,83,99,101,107" machi="74" ten="30,3900,0" yaku="1,1,7,1,53,1" doraHai="14" doraHaiUra="94" who="0" fromWho="1" sc="140,49,474,-39,167,0,209,0" owari="189,-21.1,435,53.5,167,-33.3,209,0.9" /></mjloggm>