<mjloggm ver="2.3"><GO type="225" lobby="0"/><UN n0="%E4%B8%96%E7%95%8C%E3%81%AE%E4%BA%80%E4%BA%95" n1="%E3%81%BF%E3%81%BF%E3%81%9A" n2="%68%6F%72%69%30%39%30%31" n3="%6D%75%75%6D%75%72%61" dan="17,17,16,17" rate="2219.62,2164.76,2115.58,2203.93" sx="M,M,M,F"/><TAIKYOKU oya="0"/><INIT seed="0,0,0,1,0,32" ten="250,250,250,250" oya="0" hai0="57,53,127,13,66,44,9,104,116,60,67,18,48" hai1="42,87,82,91,25,16,98,92,135,121,69,131,14" hai2="68,128,74,39,29,40,85,73,115,54,43,55,64" hai3="71,15,50,99,126,113,12,78,88,93,37,23,52"/><T107/><D127/><U70/><E121/><V24/><F115/><W27/><G113/><T122/><D122/><U124/><E124/><V35/><F128/><W6/><G126/><T86/><D116/><U58/><E131/><V103/><F103/><W11/><G37/><T22/><D67/><U110/><E110/><V41/><F39/><W114/><G114/><T123/><D123/><U51/><E135/><V65/><F85/><W7/><G71/><T63/><D63/><U1/><E1/><V117/><F117/><W84/><G78/><T46/><D46/><U120/><E120/><V90/><F90/><W95/><G95/><T106/><D86/><U4/><E4/><N who="3" m="1578" /><G11/><T97/><REACH who="0" step="1"/><D9/><REACH who="0" ten="240,250,250,250" step="2"/><U72/><E72/><V38/><F74/><W134/><G84/><T59/><D59/><U77/><E70/><V111/><F73/><W105/><G134/><T61/><D61/><U26/><E69/><V80/><F65/><W5/><G5/><T112/><D112/><U20/><E58/><V89/><F64/><W119/><G119/><T49/><D49/><U17/><E17/><V28/><F68/><W3/><G3/><T30/><D30/><U31/><E31/><V94/><F29/><N who="3" m="17663" /><G105/><T0/><D0/><U8/><E8/><V130/><F130/><W75/><G75/><T19/><D19/><U100/><REACH who="1" step="1"/><E77/><REACH who="1" ten="240,240,250,250" step="2"/><V79/><F79/><W33/><G33/><T36/><D36/><U132/><E132/><V108/><F38/><W83/><G83/><T76/><D76/><U2/><E2/><V118/><F80/><W62/><G62/><T45/><D45/><AGARI ba="0,2" hai="14,16,20,25,26,42,45,51,82,87,91,92,98,100" machi="45" ten="40,8000,1" yaku="1,1,6,1,8,1,54,1,53,1" doraHai="32" doraHaiUra="10" who="1" fromWho="0" sc="240,-80,240,100,250,0,250,0" /><AGARI ba="0,0" hai="12,15,45,50,52,88,93,99" m="17663,1578" machi="45" ten="30,7700,0" yaku="6,1,8,1,54,2" doraHai="32" who="3" fromWho="0" sc="160,-77,340,0,250,0,250,77" /><INIT seed="1,0,0,1,3,48" ten="83,340,250,327" oya="1" hai0="4,17,42,51,102,70,24,33,14,115,31,132,60" hai1="129,39,55,123,85,9,10,57,126,88,64,90,98" hai2="91,93,29,2,75,7,80,12,104,83,20,1,26" hai3="63,22,119,96,118,97,108,43,53,120,78,30,95"/><U54/><E123/><V69/><F104/><W36/><G120/><T67/><D115/><U134/><E39/><V35/><F69/><W65/><G108/><T131/><D131/><U38/><E129/><V114/><F114/><W18/><G78/><T135/><D4/><U40/><E134/><V92/><F92/><W56/><G30/><T32/><D32/><U0/><E126/><V3/><F75/><W117/><G36/><T99/><D42/><U116/><E116/><V81/><F12/><N who="3" m="9543" /><G43/><T37/><D37/><U124/><E124/><V84/><REACH who="2" step="1"/><F20/><REACH who="2" ten="83,340,240,327" step="2"/><W44/><G95/><T47/><D47/><U77/><E0/><V19/><F19/><W74/><G74/><T127/><D127/><U41/><E9/><AGARI ba="0,1" hai="1,2,3,7,9,26,29,35,80,81,83,84,91,93" machi="9" ten="40,1300,0" yaku="1,1,53,0" doraHai="48" doraHaiUra="128" who="2" fromWho="1" sc="83,0,340,-13,240,23,327,0" /><INIT seed="2,0,0,1,1,30" ten="83,327,263,327" oya="2" hai0="66,16,47,60,81,17,117,52,9,33,21,53,79" hai1="80,15,42,20,65,87,115,35,69,44,14,120,124" hai2="54,109,103,116,39,111,72,24,11,107,134,64,101" hai3="28,129,70,48,34,26,3,37,112,91,122,110,57"/><V113/><F116/><W67/><G122/><T128/><D128/><U133/><E115/><V25/><F113/><W125/><G112/><T105/><D105/><U46/><E35/><V94/><F72/><W83/><G129/><T130/><D130/><U61/><E120/><V89/><F39/><W1/><G37/><T114/><D114/><U58/><E133/><V99/><F64/><W63/><G110/><N who="2" m="41993" /><F134/><W13/><G125/><T123/><D123/><U108/><E124/><V38/><F38/><W41/><G13/><N who="1" m="4618" /><E69/><V27/><F11/><W59/><G59/><T100/><D117/><U85/><E108/><V127/><F127/><W126/><G126/><T95/><D33/><U96/><E42/><V98/><F54/><W45/><REACH who="3" step="1"/><G70/><REACH who="3" ten="83,327,263,317" step="2"/><T23/><D9/><U43/><E58/><V32/><F103/><W0/><G0/><T76/><D47/><U19/><E44/><V4/><F4/><W56/><G56/><T51/><D51/><U97/><E46/><V118/><F118/><W92/><G92/><T31/><D95/><U10/><E10/><V7/><F7/><W121/><G121/><T135/><D100/><U132/><E132/><V77/><F77/><W82/><G82/><T88/><D135/><U102/><E80/><V74/><F74/><W6/><G6/><T106/><D81/><U78/><E78/><V2/><F2/><W50/><G50/><T68/><D79/><U119/><E102/><V73/><F73/><W62/><G62/><T40/><D76/><U18/><E119/><V90/><F90/><W131/><G131/><T86/><D88/><RYUUKYOKU ba="0,1" sc="83,-15,327,-15,263,15,317,15" hai2="24,25,27,32,89,94,98,99,101,107" hai3="1,3,26,28,34,41,45,48,57,63,67,83,91" /><INIT seed="2,1,1,3,0,128" ten="68,312,278,332" oya="2" hai0="31,86,127,74,114,124,66,55,93,80,100,84,43" hai1="134,106,83,68,98,54,44,126,110,40,130,7,122" hai2="67,27,46,51,3,103,24,79,81,121,13,35,64" hai3="56,107,97,117,71,58,14,6,94,61,30,96,76"/><V52/><F121/><W15/><G117/><T41/><D66/><U133/><E122/><V113/><F113/><W102/><G76/><T118/><D114/><U77/><E68/><V85/><F3/><W125/><G125/><T16/><D31/><U19/><E126/><V116/><F116/><W47/><G30/><T38/><D118/><U132/><E110/><V37/><F37/><W33/><G33/><T4/><D4/><U8/><E19/><V63/><F35/><W75/><G75/><T50/><D74/><U88/><E54/><V69/><F67/><W49/><G71/><T36/><D55/><U70/><E70/><V2/><F2/><W45/><G6/><T120/><D93/><N who="1" m="56615" /><E106/><V17/><REACH who="2" step="1"/><F103/><REACH who="2" ten="68,312,268,332" step="2"/><W129/><G102/><T62/><D100/><U109/><E109/><V18/><F18/><W1/><G1/><T90/><D120/><U59/><E130/><V25/><F25/><W104/><G129/><T131/><D131/><U10/><E7/><V92/><F92/><W89/><G94/><T42/><D16/><U53/><E83/><V11/><AGARI ba="1,2" hai="11,13,17,24,27,46,51,52,63,64,69,79,81,85" machi="11" ten="20,7800,0" yaku="1,1,0,1,7,1,54,1,53,0" doraHai="128" doraHaiUra="0" who="2" fromWho="2" sc="68,-27,312,-27,268,101,332,-27" /><INIT seed="2,2,0,4,1,45" ten="41,285,369,305" oya="2" hai0="70,34,103,118,31,120,88,106,24,96,131,21,36" hai1="87,7,35,58,77,100,16,127,48,0,85,114,111" hai2="76,27,6,11,135,50,3,25,75,15,92,43,101" hai3="115,83,55,62,117,63,129,61,126,20,10,49,122"/><V121/><F121/><W104/><G122/><T60/><D120/><U74/><E114/><V54/><F43/><W78/><G117/><T90/><D118/><U94/><E35/><V8/><F135/><W108/><G115/><T128/><D36/><U112/><E112/><V4/><F75/><W57/><G108/><T86/><D21/><U113/><E113/><V59/><REACH who="2" step="1"/><F76/><REACH who="2" ten="41,285,359,305" step="2"/><W1/><G78/><T18/><D18/><U66/><E74/><V134/><F134/><W33/><G129/><T102/><D102/><U37/><E77/><V68/><F68/><W95/><G126/><T84/><D84/><U79/><E127/><V132/><F132/><W89/><G89/><T67/><REACH who="0" step="1"/><D86/><REACH who="0" ten="31,285,359,305" step="2"/><U44/><E79/><V13/><F13/><W72/><G72/><T93/><D93/><U82/><E87/><V123/><F123/><W41/><G95/><T5/><D5/><U125/><E125/><V53/><F53/><W109/><G55/><T40/><D40/><N who="1" m="24583" /><E7/><V110/><F110/><W52/><G109/><T133/><D133/><U98/><E111/><V29/><F29/><W91/><G52/><T81/><D81/><U73/><E73/><V28/><F28/><W22/><G83/><T32/><D32/><U19/><E37/><V105/><F105/><W69/><G104/><T97/><D97/><AGARI ba="2,2" hai="3,4,6,8,11,15,25,27,50,54,59,92,97,101" machi="97" ten="40,3900,0" yaku="1,1,52,1,53,0" doraHai="45" doraHaiUra="71" who="2" fromWho="0" sc="31,-45,285,0,359,65,305,0" owari="-14,-51.4,285,-11.5,424,52.4,305,10.5" /></mjloggm>