<mjloggm ver="2.3"><GO type="225" lobby="0"/><UN n0="%E9%B3%B3%E6%9D%B1%E3%81%AE%E3%81%86%E3%81%95%E3%81%8E%E3%81%95%E3%82%93" n1="%E8%BE%9B%E5%8F%A3%E3%82%AB%E3%83%AC%E3%83%BC%E3%83%A9%E3%82%A4%E3%82%B9" n2="%E3%81%A1%E3%82%85%E3%81%86%E3%81%A9%E3%81%8F%E8%B1%A1%E3%81%95%E3%82%93" n3="%49%27%73" dan="16,16,17,16" rate="2180.60,2125.02,2215.35,2076.12" sx="M,M,M,F"/><TAIKYOKU oya="0"/><INIT seed="0,0,0,2,5,109" ten="250,250,250,250" oya="0" hai0="55,35,117,131,13,53,74,76,41,43,87,101,126" hai1="107,10,110,132,37,125,25,95,79,6,33,58,65" hai2="57,91,32,111,106,5,119,14,19,73,97,104,26" hai3="4,39,46,16,40,118,23,77,99,124,17,94,89"/><T88/><D117/><U98/><E110/><V113/><F73/><W80/><G118/><T3/><D3/><U52/><E132/><V62/><F119/><W54/><G124/><T48/><D126/><U0/><E125/><V59/><F111/><W21/><G4/><T69/><D35/><U120/><E120/><V15/><F57/><W70/><G70/><T81/><D131/><U38/><E65/><V42/><F42/><W63/><G23/><T130/><D130/><U135/><E135/><V61/><F61/><W67/><G21/><T103/><D69/><U68/><E79/><V84/><F15/><W82/><G82/><T36/><D36/><U115/><E107/><V51/><F51/><W102/><G89/><T83/><D13/><U123/><E123/><V133/><F133/><W108/><G108/><T100/><REACH who="0" step="1"/><D55/><REACH who="0" ten="240,250,250,250" step="2"/><U122/><E68/><V92/><F32/><W134/><G134/><T47/><AGARI ba="0,1" hai="41,43,47,48,53,74,76,81,83,87,88,100,101,103" machi="47" ten="30,11700,0" yaku="1,1,2,1,0,1,54,1,53,0" doraHai="109" doraHaiUra="66" who="0" fromWho="0" sc="240,127,250,-39,250,-39,250,-39" /><INIT seed="0,1,0,2,3,65" ten="367,211,211,211" oya="0" hai0="112,68,108,125,49,29,116,30,133,72,31,14,16" hai1="22,19,102,128,88,93,132,52,109,47,119,99,67" hai2="120,80,115,127,63,78,117,71,38,131,5,12,134" hai3="10,2,57,114,26,100,55,20,75,43,45,89,33"/><T11/><D112/><U97/><E119/><V34/><F12/><W82/><G114/><T46/><D116/><U41/><E109/><V18/><F18/><W17/><G100/><T39/><D72/><U44/><E128/><V91/><F5/><W73/><G33/><T28/><D133/><U7/><E132/><V23/><F23/><W122/><G122/><T35/><D125/><U69/><E7/><V87/><F63/><W32/><G32/><T106/><D106/><U60/><E41/><V81/><F81/><W77/><G73/><T9/><D39/><U92/><REACH who="1" step="1"/><E52/><REACH who="1" ten="367,201,211,211" step="2"/><V59/><F117/><W103/><G43/><T64/><D108/><U50/><E50/><V62/><F131/><W118/><G118/><T79/><D49/><U107/><E107/><V53/><F134/><W95/><G45/><T25/><D46/><U101/><E101/><V121/><F115/><W124/><G103/><T105/><D105/><U48/><E48/><V21/><F120/><W0/><G124/><T94/><D35/><U135/><E135/><V86/><F34/><W96/><G10/><T126/><D9/><U15/><AGARI ba="1,1" hai="15,19,22,44,47,60,67,69,88,92,93,97,99,102" machi="15" ten="20,8000,1" yaku="1,1,0,1,7,1,52,1,54,1,53,0" doraHai="65" doraHaiUra="4" who="1" fromWho="1" sc="367,-41,201,93,211,-21,211,-21" /><INIT seed="1,0,0,5,0,5" ten="326,294,190,190" oya="1" hai0="35,10,28,1,52,31,70,4,55,2,87,106,105" hai1="101,22,131,118,99,134,90,71,88,125,132,73,29" hai2="11,43,68,117,20,120,38,45,33,62,79,107,86" hai3="84,97,14,77,32,56,92,61,51,64,23,129,12"/><U16/><E118/><V67/><F117/><W130/><G32/><T30/><D35/><U63/><E73/><V133/><F120/><W18/><G51/><T119/><D119/><U95/><E29/><V108/><F33/><W66/><G66/><T6/><D87/><U81/><E131/><V127/><F107/><N who="0" m="40970" /><D10/><U89/><E125/><V114/><F127/><W59/><G59/><T41/><D41/><U53/><E53/><N who="0" m="20553" /><D70/><U54/><E54/><V102/><F102/><W34/><G34/><T46/><D46/><U112/><E112/><V7/><F20/><W126/><G126/><T83/><D83/><U111/><E111/><V85/><F108/><W78/><G14/><T113/><D113/><U9/><E9/><V128/><F114/><W124/><G124/><T49/><D49/><U135/><E63/><V65/><F65/><W94/><G130/><T58/><D58/><U44/><E44/><V100/><F128/><W72/><G72/><T96/><D96/><U40/><E40/><V80/><F100/><W48/><G48/><T91/><D91/><U13/><E71/><V60/><F60/><W39/><G129/><T17/><D17/><U50/><E50/><V0/><F85/><AGARI ba="0,0" hai="13,16,22,81,85,88,89,90,95,99,101,132,134,135" machi="85" ten="40,7700,0" yaku="20,1,54,2" doraHai="5" who="1" fromWho="2" sc="326,0,294,77,190,-77,190,0" /><INIT seed="1,1,0,0,3,5" ten="326,371,113,190" oya="1" hai0="129,40,36,134,135,52,74,73,8,111,11,46,91" hai1="70,132,126,25,120,60,62,51,16,37,80,72,47" hai2="110,48,102,124,42,1,33,12,56,3,122,133,57" hai3="53,24,113,107,58,0,105,41,67,66,117,94,130"/><U82/><E120/><V4/><F122/><W79/><G113/><T87/><D111/><U83/><E126/><V14/><F33/><W93/><G130/><T100/><D100/><U68/><E72/><N who="0" m="27753" /><D129/><U61/><E132/><N who="0" m="50729" /><D52/><U29/><E37/><V15/><F133/><W9/><G41/><T54/><D54/><U65/><E65/><V45/><F110/><W44/><G117/><T104/><D104/><U34/><REACH who="1" step="1"/><E16/><REACH who="1" ten="326,361,113,190" step="2"/><V35/><F124/><W63/><G79/><T98/><D98/><U30/><E30/><V77/><F77/><W90/><G44/><T22/><D22/><U17/><E17/><V31/><F31/><W127/><G127/><T21/><D21/><U6/><E6/><V118/><F35/><W20/><G20/><T123/><D123/><U43/><AGARI ba="1,1" hai="25,29,34,43,47,51,60,61,62,68,70,80,82,83" machi="43" ten="30,3000,0" yaku="1,1,0,1,53,0" doraHai="5" doraHaiUra="108" who="1" fromWho="1" sc="326,-11,361,43,113,-11,190,-11" /><INIT seed="1,2,0,5,4,79" ten="315,404,102,179" oya="1" hai0="5,86,33,15,116,97,66,132,55,26,3,17,123" hai1="70,40,107,63,115,71,43,35,49,126,80,69,47" hai2="101,77,31,22,16,128,64,82,98,27,24,50,11" hai3="21,134,74,30,36,104,9,61,113,120,8,100,57"/><U6/><E107/><V23/><F128/><W78/><G113/><T108/><D116/><U102/><E102/><V29/><F64/><W92/><G134/><T83/><D132/><U99/><E99/><V38/><F38/><W7/><G36/><T58/><D108/><U65/><E35/><V129/><F129/><W117/><G120/><T103/><D123/><U41/><E6/><V37/><F37/><W85/><G117/><T32/><D66/><U114/><E80/><V111/><F111/><W118/><G104/><T93/><D3/><U39/><E126/><V25/><F50/><W53/><G74/><T75/><D75/><U91/><E91/><V94/><F11/><W89/><G78/><T90/><D26/><U135/><E135/><V12/><REACH who="2" step="1"/><F31/><REACH who="2" ten="315,404,92,179" step="2"/><W54/><G118/><T119/><D119/><U130/><E130/><V96/><F96/><W28/><G8/><T13/><D5/><U10/><E10/><V14/><F14/><W42/><G9/><T2/><D2/><U62/><E39/><V56/><F56/><W105/><G7/><T121/><D121/><U45/><E49/><V52/><F52/><W124/><G53/><T109/><D109/><U1/><E1/><V59/><F59/><W84/><G42/><T76/><D13/><U131/><E131/><V51/><F51/><W88/><G88/><BYE who="3" /><T46/><D90/><UN n3="%49%27%73" /><U87/><E65/><V95/><F95/><W44/><G124/><T18/><D58/><U112/><E87/><AGARI ba="2,1" hai="12,16,22,23,24,25,27,29,77,82,87,94,98,101" machi="87" ten="30,8000,1" yaku="1,1,7,1,8,1,52,1,54,1,53,0" doraHai="79" doraHaiUra="122" who="2" fromWho="1" sc="315,0,404,-86,92,96,179,0" /><INIT seed="2,0,0,2,2,94" ten="315,318,188,179" oya="2" hai0="116,18,115,17,22,0,21,67,45,92,127,60,43" hai1="66,87,122,111,32,98,24,104,2,125,47,15,106" hai2="117,36,81,69,80,38,59,42,20,95,121,12,41" hai3="105,133,8,135,19,68,79,5,55,76,13,129,27"/><V6/><F121/><W26/><G68/><T134/><D115/><U110/><E2/><V51/><F117/><W56/><G105/><T31/><D0/><U77/><E122/><V64/><F69/><W16/><G129/><T113/><D113/><U57/><E125/><V82/><F36/><W78/><G26/><T23/><D127/><U100/><E47/><N who="2" m="26095" /><F42/><W63/><REACH who="3" step="1"/><G27/><REACH who="3" ten="315,318,188,169" step="2"/><T89/><D116/><U39/><E106/><V70/><F70/><W4/><G4/><T114/><D114/><U108/><E24/><V75/><F75/><W49/><G49/><N who="0" m="26815" /><D31/><U14/><E39/><V107/><F38/><W53/><G53/><T40/><D40/><U9/><E32/><V131/><F107/><W118/><G118/><T97/><D134/><AGARI ba="0,1" hai="5,8,13,16,19,55,56,63,76,78,79,133,134,135" machi="134" ten="40,5200,0" yaku="1,1,20,1,54,1,53,0" doraHai="94" doraHaiUra="99" who="3" fromWho="0" sc="315,-52,318,0,188,0,169,62" /><INIT seed="3,0,0,2,4,102" ten="263,318,188,231" oya="3" hai0="86,135,100,35,72,134,66,31,38,119,63,68,41" hai1="22,54,125,108,6,92,98,83,127,64,94,59,115" hai2="87,121,44,103,88,39,61,53,50,111,40,10,9" hai3="7,90,12,2,70,26,14,34,105,8,128,1,96"/><W55/><G70/><T51/><D119/><U19/><E108/><V113/><F113/><W93/><G128/><T81/><D72/><U78/><E6/><V62/><F111/><W131/><G131/><T21/><D35/><U20/><E64/><V11/><F121/><W97/><G55/><T104/><D38/><U43/><E43/><V120/><F103/><W75/><G75/><T91/><D41/><U133/><E133/><N who="0" m="50697" /><D51/><N who="1" m="31199" /><E115/><V132/><F132/><W114/><G114/><T57/><D31/><U49/><E49/><V60/><F120/><W30/><REACH who="3" step="1"/><G1/><REACH who="3" ten="263,318,188,221" step="2"/><T56/><D68/><U0/><E0/><V99/><F99/><W18/><G18/><T67/><D67/><U79/><E98/><V109/><F109/><W129/><G129/><T4/><D66/><U27/><E19/><V52/><F39/><W13/><G13/><T45/><D4/><U29/><E125/><V3/><REACH who="2" step="1"/><F3/><REACH who="2" ten="263,318,178,221" step="2"/><W116/><G116/><T107/><D63/><U47/><E127/><V46/><F46/><W28/><G28/><T118/><D45/><U23/><E47/><V117/><F117/><W123/><G123/><T73/><D118/><U110/><E110/><V65/><F65/><W89/><G89/><T74/><D91/><U16/><E29/><V17/><F17/><W84/><G84/><T101/><D86/><U82/><E16/><V69/><F69/><W24/><G24/><T106/><D74/><U112/><E27/><V58/><F58/><W76/><G76/><N who="0" m="44175" /><D57/><U85/><E112/><V80/><AGARI ba="0,2" hai="9,10,11,40,44,50,52,53,60,61,62,80,87,88" machi="80" ten="30,8000,1" yaku="1,1,0,1,8,1,54,2,53,0" doraHai="102" doraHaiUra="130" who="2" fromWho="2" sc="263,-20,318,-20,178,100,221,-40" /><INIT seed="4,0,0,4,5,48" ten="243,298,278,181" oya="0" hai0="37,19,55,99,67,124,29,100,34,62,90,111,44" hai1="96,21,7,35,72,93,8,12,80,17,69,57,33" hai2="81,1,2,49,43,123,26,134,25,89,98,127,5" hai3="77,36,92,88,126,78,110,10,14,16,45,108,102"/><T115/><D115/><U95/><E69/><V64/><F64/><W38/><G126/><T107/><D124/><U97/><E72/><V76/><F127/><W47/><G102/><T54/><D19/><U79/><E57/><V13/><F123/><W61/><G61/><T73/><D73/><U40/><E40/><V91/><F134/><W121/><G121/><T50/><D37/><U11/><E80/><V24/><F1/><W3/><G3/><T117/><D117/><U6/><E79/><V41/><F2/><W63/><G63/><T118/><D118/><U42/><E42/><N who="2" m="15883" /><F49/><W4/><G4/><N who="1" m="1578" /><E33/><V51/><F51/><W65/><G65/><T18/><D18/><U133/><E35/><V105/><F105/><W83/><G38/><T119/><D111/><U82/><E82/><V114/><F98/><N who="1" m="37993" /><E133/><V27/><F27/><W103/><G103/><T59/><D90/><U109/><E109/><V68/><F68/><W104/><G104/><T15/><D119/><U20/><E20/><V74/><F114/><W30/><G30/><T0/><D15/><U94/><AGARI ba="0,0" hai="8,11,12,17,21,93,94,95" m="37993,1578" machi="94" ten="30,1100,0" yaku="8,1" doraHai="48" who="1" fromWho="1" sc="243,-5,298,11,278,-3,181,-3" owari="238,-16.2,309,40.9,275,7.5,178,-32.2" /></mjloggm>