<mjloggm ver="2.3"><GO type="225" lobby="0"/><UN n0="%E3%81%A1%E3%82%85%E3%81%86%E3%81%A9%E3%81%8F%E8%B1%A1%E3%81%95%E3%82%93" n1="%E5%B8%86%E7%AB%8B%E5%A4%8F%E8%A1%A3" n2="%E2%91%A3%E9%81%BF%E9%81%8A%E6%88%AF%E3%80%90%E6%9D%B1%E5%8D%97%E3%80%91" n3="%E3%81%8F%E3%82%8A%E3%83%94%E3%83%BC" dan="17,17,16,16" rate="2179.62,2158.66,2090.25,2111.36" sx="M,M,M,M"/><TAIKYOKU oya="0"/><INIT seed="0,0,0,4,0,63" ten="250,250,250,250" oya="0" hai0="16,6,90,79,60,88,74,10,51,120,135,58,45" hai1="85,59,40,127,114,18,17,61,21,133,77,43,39" hai2="124,24,100,7,11,105,69,113,80,34,112,92,4" hai3="89,29,37,81,26,98,84,55,66,35,73,36,104"/><T106/><D106/><U103/><E127/><V116/><F124/><W130/><G130/><T5/><D120/><U117/><E133/><V68/><F7/><N who="0" m="2570" /><D74/><U49/><E117/><V72/><F92/><W71/><G73/><T123/><D79/><U97/><E114/><V20/><F116/><W93/><G55/><N who="0" m="30191" /><D123/><U107/><E39/><V78/><F113/><W115/><G115/><T131/><D131/><U94/><E18/><V54/><F112/><W87/><G87/><T48/><D48/><U13/><E49/><V14/><F34/><W1/><G1/><T76/><D76/><U82/><REACH who="1" step="1"/><E107/><REACH who="1" ten="250,240,250,250" step="2"/><V83/><F105/><W19/><G19/><T30/><D135/><U50/><E50/><V65/><F4/><W12/><G104/><T122/><D122/><U31/><E31/><V57/><F72/><W15/><G36/><T9/><D30/><U8/><E8/><N who="0" m="3177" /><D16/><U38/><E38/><V56/><F11/><W86/><G37/><T96/><D96/><U28/><E28/><V47/><F47/><W67/><G86/><T99/><D99/><U75/><E75/><V27/><F78/><W3/><G35/><T33/><D33/><U91/><E91/><V23/><F23/><N who="3" m="15583" /><G3/><T25/><D25/><U46/><E46/><V134/><F24/><W64/><G71/><T70/><D70/><U129/><E129/><V109/><F69/><W95/><G95/><T126/><D126/><U102/><E102/><AGARI ba="0,1" hai="12,15,64,66,67,81,84,89,93,98,102" m="15583" machi="102" ten="30,7700,0" yaku="8,1,52,3" doraHai="63" who="3" fromWho="1" sc="250,0,240,-77,250,0,250,87" /><INIT seed="1,0,0,2,4,17" ten="250,163,250,337" oya="1" hai0="108,0,13,121,46,91,87,110,92,116,56,15,76" hai1="126,45,16,100,50,43,9,61,124,27,77,125,49" hai2="41,117,7,68,21,52,132,99,72,19,28,6,130" hai3="69,118,109,63,129,29,8,119,80,53,22,101,79"/><U18/><E100/><V75/><F117/><W98/><G109/><N who="0" m="42091" /><D116/><N who="3" m="44585" /><G8/><T97/><D0/><U105/><E105/><V37/><F68/><W62/><G53/><T42/><D121/><U5/><E77/><V93/><F28/><W78/><G129/><T96/><D56/><U10/><E61/><N who="3" m="23050" /><G80/><N who="0" m="47495" /><D97/><U114/><E114/><V47/><F130/><W127/><G127/><T33/><D33/><U86/><E86/><V74/><F132/><W64/><G64/><T82/><D82/><U94/><E94/><V103/><REACH who="2" step="1"/><F52/><REACH who="2" ten="250,163,240,337" step="2"/><W3/><G69/><T70/><D70/><U32/><E49/><AGARI ba="0,1" hai="13,15,42,46,49,91,92,96" m="47495,42091" machi="49" ten="30,1000,0" yaku="14,1" doraHai="17" who="0" fromWho="1" sc="250,20,163,-10,240,0,337,0" /><INIT seed="2,0,0,0,0,93" ten="270,153,240,337" oya="2" hai0="16,112,85,88,15,128,35,5,38,75,27,114,113" hai1="68,77,58,8,28,118,79,130,44,96,119,23,69" hai2="9,87,104,127,56,67,26,60,124,24,90,116,134" hai3="39,48,78,57,14,115,108,0,33,34,63,76,120"/><V12/><F104/><W30/><G108/><T86/><D75/><U41/><E130/><V123/><F123/><W32/><G0/><T95/><D38/><U132/><E132/><V62/><F134/><W94/><G39/><T18/><D128/><U53/><E69/><V19/><F116/><W1/><G1/><T37/><D37/><U40/><E68/><V64/><F127/><W46/><G30/><T59/><D59/><U121/><E121/><V17/><F124/><W129/><G115/><T70/><D70/><U89/><E119/><V74/><F74/><W20/><G120/><T102/><D102/><U82/><E118/><V103/><F103/><W65/><G129/><T98/><D35/><U2/><E8/><V80/><REACH who="2" step="1"/><F19/><REACH who="2" ten="270,153,230,337" step="2"/><W110/><G110/><T83/><D18/><U101/><E101/><V122/><F122/><W111/><G111/><T61/><D113/><U105/><E105/><V21/><F21/><W6/><G32/><T11/><D114/><U10/><E23/><V49/><F49/><W71/><G20/><N who="0" m="13703" /><D112/><U45/><E28/><V47/><F47/><W22/><G46/><T7/><D61/><N who="1" m="36047" /><E45/><V97/><F97/><W42/><G33/><T107/><D107/><U135/><E135/><V81/><F81/><W25/><G63/><T131/><D131/><U43/><E44/><V13/><F13/><W100/><G14/><N who="0" m="5487" /><D83/><U106/><E106/><V117/><F117/><W109/><G34/><T51/><D51/><U55/><E82/><V126/><F126/><W73/><G48/><T72/><D72/><U54/><E2/><V133/><F133/><RYUUKYOKU ba="0,1" sc="270,15,153,-15,230,15,337,-15" hai0="7,15,85,86,88,95,98" hai2="9,12,17,24,26,56,60,62,64,67,80,87,90" /><INIT seed="2,1,1,4,1,103" ten="285,138,245,322" oya="2" hai0="120,50,131,21,84,22,24,7,99,36,5,83,41" hai1="59,67,114,13,54,73,92,88,39,18,129,11,44" hai2="42,126,34,64,119,6,98,91,115,127,61,72,20" hai3="14,60,79,112,23,93,10,105,123,52,90,47,62"/><V12/><F119/><W0/><G105/><T124/><D120/><U69/><E129/><V100/><F34/><W117/><G0/><T30/><D36/><U49/><E114/><V122/><F122/><W135/><G117/><T80/><D131/><U33/><E33/><V35/><F35/><W8/><G79/><N who="0" m="46111" /><D124/><N who="2" m="47658" /><F115/><W107/><G107/><T113/><D113/><U75/><E69/><N who="2" m="42127" /><F72/><W15/><G23/><N who="0" m="15647" /><D99/><U89/><E89/><V1/><F42/><W116/><G90/><T101/><D101/><U27/><E27/><V121/><F91/><W76/><G123/><T108/><D83/><U32/><E32/><V71/><F71/><W78/><G78/><T51/><D108/><U2/><E2/><V31/><F121/><W19/><G76/><T48/><D41/><U4/><E39/><V85/><F85/><W82/><G82/><T130/><D130/><U57/><E75/><V70/><F70/><W104/><G116/><T128/><D128/><U132/><E73/><V28/><F1/><W65/><G65/><T63/><D63/><U95/><E67/><V106/><F6/><AGARI ba="1,1" hai="5,6,7,21,22,48,50,51" m="15647,46111" machi="6" ten="30,1000,0" yaku="8,1" doraHai="103" who="0" fromWho="2" sc="285,23,138,0,245,-13,322,0" /><INIT seed="3,0,0,5,3,126" ten="308,138,232,322" oya="3" hai0="59,38,42,37,46,108,116,113,32,67,0,92,3" hai1="84,45,81,106,55,90,21,53,99,133,66,93,25" hai2="4,134,9,29,35,43,124,61,71,5,39,41,131" hai3="62,77,78,52,76,13,11,12,87,51,27,70,31"/><W60/><G70/><T91/><D116/><U85/><E133/><V57/><F124/><W101/><G101/><T49/><D32/><U26/><E106/><V30/><F134/><W75/><G75/><T121/><D121/><U20/><E66/><V127/><F127/><W130/><G130/><T34/><D34/><U125/><E125/><V1/><F4/><W28/><G87/><T10/><D113/><U58/><E45/><V72/><F30/><N who="3" m="11307" /><G27/><T48/><D108/><U94/><E99/><V6/><F6/><N who="3" m="3191" /><G13/><T115/><D115/><U122/><E122/><V69/><F72/><W96/><G96/><T22/><D22/><U16/><E85/><V65/><F29/><W132/><G132/><T63/><D37/><U79/><E79/><V15/><F35/><W73/><G73/><T68/><D10/><U24/><E55/><V109/><F109/><W74/><G74/><T119/><D119/><U95/><REACH who="1" step="1"/><E21/><REACH who="1" ten="308,128,232,322" step="2"/><V8/><F65/><W112/><G112/><T7/><D68/><U118/><E118/><V40/><F69/><W114/><G114/><T47/><D47/><AGARI ba="0,1" hai="47,51,52,60,62,76,77,78" m="3191,11307" machi="47" ten="30,2900,0" yaku="8,1,54,1" doraHai="126" who="3" fromWho="0" sc="308,-29,128,0,232,0,322,39" owari="279,7.9,128,-37.2,232,-16.8,361,46.1" /></mjloggm>