<mjloggm ver="2.3"><GO type="225" lobby="0"/><UN n0="%45%6C%79%73%69%75%6D" n1="%47%48%4F%53%54" n2="%6D%75%75%6D%75%72%61" n3="%E3%83%B4%E3%83%A0%EF%BC%99%E3%81%A6" dan="17,17,16,17" rate="2108.55,2240.09,2124.78,2221.07" sx="F,M,F,M"/><TAIKYOKU oya="0"/><INIT seed="0,0,0,4,1,37" ten="250,250,250,250" oya="0" hai0="10,41,123,31,89,56,100,96,71,47,35,48,77" hai1="90,125,19,53,124,18,95,8,32,105,129,116,134" hai2="130,45,135,64,127,65,73,92,44,106,26,5,97" hai3="79,0,91,126,111,67,118,104,110,101,25,17,51"/><T61/><D123/><U42/><E116/><V80/><F130/><W2/><G118/><T6/><D71/><U62/><E129/><V121/><F121/><W85/><G67/><T1/><D77/><U24/><E134/><V9/><F135/><W93/><G126/><N who="1" m="48746" /><E105/><V20/><F106/><W29/><G17/><N who="1" m="6154" /><E8/><V72/><F127/><W102/><G79/><T49/><D89/><U13/><E13/><V99/><F80/><W76/><G76/><T39/><D31/><N who="1" m="19559" /><E53/><V34/><F34/><W46/><G0/><T15/><D35/><U107/><E107/><V117/><F117/><W27/><G2/><T75/><D1/><U28/><E62/><V87/><F9/><W52/><G25/><T60/><D60/><U109/><E109/><N who="3" m="41482" /><G104/><T88/><D100/><U40/><E28/><V33/><F33/><AGARI ba="0,0" hai="27,29,33,46,51,52,85,91,93,101,102" m="41482" machi="33" ten="30,2000,0" yaku="14,1,54,1" doraHai="37" who="3" fromWho="2" sc="250,0,250,0,250,-20,250,20" /><INIT seed="1,0,0,5,5,25" ten="250,250,230,270" oya="1" hai0="46,29,63,43,26,14,19,37,123,103,66,133,83" hai1="42,129,18,126,68,78,33,71,27,40,2,72,20" hai2="32,7,77,17,49,89,8,24,105,82,51,45,15" hai3="73,58,21,59,13,39,50,120,48,91,121,70,67"/><U54/><E2/><V125/><F105/><W117/><G73/><T112/><D112/><U9/><E33/><V101/><F125/><W93/><G39/><T57/><D133/><U94/><E126/><V106/><F89/><W98/><G70/><T55/><D123/><U34/><E34/><V130/><F130/><W132/><G132/><T111/><D111/><U69/><E129/><V110/><F110/><W61/><G117/><T6/><D6/><U113/><E113/><V12/><F101/><W100/><G120/><T107/><D83/><U109/><E109/><V3/><F106/><W47/><G121/><T53/><D103/><U127/><E127/><V1/><F12/><W62/><G91/><T85/><D85/><U80/><E9/><V28/><F7/><W99/><G99/><T90/><D90/><U96/><REACH who="1" step="1"/><E54/><REACH who="1" ten="250,240,230,270" step="2"/><V30/><F1/><W92/><G21/><T22/><D107/><U60/><E60/><V23/><F3/><W86/><G61/><T135/><D135/><U87/><E87/><N who="2" m="48591" /><F32/><AGARI ba="0,1" hai="14,19,22,26,29,32,37,43,46,53,55,57,63,66" machi="32" ten="30,2000,0" yaku="7,1,52,1" doraHai="25" who="0" fromWho="2" sc="250,30,240,0,230,-20,270,0" /><INIT seed="2,0,0,0,0,110" ten="280,240,210,270" oya="2" hai0="10,103,80,71,122,7,123,0,117,90,95,68,32" hai1="82,9,77,37,112,27,86,69,89,49,60,85,4" hai2="64,106,52,94,55,65,18,45,111,113,124,93,92" hai3="56,63,34,72,50,135,36,3,120,17,1,104,62"/><V13/><F111/><W128/><G36/><T61/><D32/><U24/><E37/><V12/><F106/><W5/><G34/><T130/><D130/><U96/><E112/><V35/><F35/><W43/><G72/><T59/><D117/><U84/><E96/><V127/><F113/><W134/><G120/><T8/><D80/><U38/><E38/><V58/><F45/><W21/><G128/><T39/><D39/><U101/><E101/><V30/><F30/><W41/><G104/><T66/><D103/><U115/><E115/><V74/><F74/><W78/><G78/><T118/><D118/><U29/><E49/><V91/><F91/><W11/><G1/><T133/><D8/><U81/><E85/><V87/><F87/><W53/><G62/><T31/><D31/><U54/><E29/><V19/><REACH who="2" step="1"/><F93/><REACH who="2" ten="280,240,200,270" step="2"/><W107/><G107/><T46/><D46/><U109/><E109/><V57/><AGARI ba="0,1" hai="12,13,18,19,52,55,57,58,64,65,92,94,124,127" machi="57" ten="25,24000,3" yaku="1,1,2,1,0,1,22,2,54,1,53,2" doraHai="110" doraHaiUra="14" who="2" fromWho="2" sc="280,-80,240,-80,200,250,270,-80" /><INIT seed="2,1,0,0,0,81" ten="200,160,450,190" oya="2" hai0="125,76,53,39,93,134,104,31,57,29,47,13,27" hai1="35,100,122,70,24,30,66,84,48,78,67,12,23" hai2="73,58,127,36,123,69,99,41,115,18,87,80,55" hai3="117,16,111,1,72,49,131,113,42,86,22,103,34"/><V109/><F115/><W2/><G117/><T25/><D104/><U126/><E126/><V21/><F123/><W44/><G72/><T43/><D125/><U28/><E122/><V90/><F127/><W106/><G34/><T96/><D134/><U56/><E70/><V54/><F69/><W83/><G113/><T11/><D76/><U129/><E129/><V20/><F109/><W64/><G111/><T102/><D29/><U62/><E100/><V61/><F73/><W130/><G64/><T46/><D46/><U5/><E35/><V97/><F36/><W91/><G103/><T98/><D98/><U75/><E75/><V0/><F0/><W50/><G50/><T119/><D31/><N who="1" m="17823" /><E48/><V107/><F107/><W19/><G19/><T101/><D101/><U88/><E78/><V32/><F32/><W132/><G132/><T52/><D119/><U37/><E67/><V14/><F41/><W124/><G106/><T45/><D45/><U8/><E37/><V60/><F20/><W15/><G124/><T95/><D53/><U108/><E108/><V6/><F6/><W85/><G85/><T71/><D71/><U26/><E26/><N who="0" m="9737" /><D52/><U59/><E56/><AGARI ba="1,0" hai="14,18,21,54,55,56,58,60,61,80,87,90,97,99" machi="56" ten="40,7700,0" yaku="9,1,8,1,52,1" doraHai="81" who="2" fromWho="1" sc="200,0,160,-80,450,80,190,0" /><INIT seed="2,2,0,0,1,117" ten="200,80,530,190" oya="2" hai0="95,55,0,1,115,109,102,23,84,45,10,71,38" hai1="58,14,88,114,129,99,134,133,50,29,57,49,77" hai2="85,48,82,101,92,108,27,9,97,73,90,131,87" hai3="61,132,112,127,111,21,116,8,17,19,16,67,66"/><V81/><F131/><W59/><G116/><T53/><D71/><U47/><E29/><V94/><F108/><W74/><G74/><T125/><D109/><U36/><E77/><V6/><F73/><W80/><G80/><T70/><D70/><U118/><E118/><V123/><F123/><W83/><G83/><T4/><D115/><U120/><E114/><V72/><F72/><W86/><G86/><T43/><D0/><U124/><E129/><V44/><F27/><W52/><G111/><T3/><D3/><U78/><E78/><V68/><F68/><W11/><G112/><T40/><D40/><N who="1" m="22919" /><E14/><V75/><F75/><W34/><G34/><T122/><D122/><U60/><E120/><V13/><REACH who="2" step="1"/><F85/><REACH who="2" ten="200,80,520,190" step="2"/><W63/><G127/><T39/><D125/><U28/><E124/><V7/><F7/><W76/><G132/><T126/><D126/><U12/><E134/><V20/><F20/><W18/><G76/><T96/><D84/><U42/><E133/><V121/><F121/><W128/><G128/><T46/><D23/><U15/><E28/><V5/><F5/><W110/><G110/><T79/><D79/><U62/><E15/><V69/><F69/><N who="3" m="42191" /><G21/><T105/><D4/><U37/><E12/><V56/><F56/><N who="1" m="21609" /><E99/><V35/><F35/><W104/><G19/><T100/><D96/><U65/><E65/><V98/><F98/><W89/><G67/><T103/><D1/><U106/><E106/><V119/><F119/><W32/><G104/><T93/><D105/><U26/><E26/><V2/><F2/><W51/><G32/><T30/><D30/><RYUUKYOKU ba="2,1" sc="200,-10,80,-10,520,30,190,-10" hai2="6,9,13,44,48,81,82,87,90,92,94,97,101" /><INIT seed="2,3,1,2,5,38" ten="190,70,550,180" oya="2" hai0="40,60,108,85,16,105,77,91,71,32,127,48,65" hai1="10,23,0,34,110,76,30,98,33,93,121,86,124" hai2="43,94,112,113,42,120,36,24,21,7,53,62,47" hai3="35,3,84,46,4,116,59,73,97,95,132,29,18"/><V130/><F120/><W14/><G73/><T82/><D105/><U2/><E121/><V107/><F107/><W12/><G116/><T5/><D108/><U1/><E86/><V17/><F130/><W28/><G132/><T44/><D32/><N who="1" m="12395" /><E93/><V49/><F62/><W78/><G3/><N who="1" m="1098" /><E98/><V58/><F7/><W75/><G35/><T20/><D5/><N who="1" m="1335" /><E76/><V109/><F109/><W63/><G46/><T118/><D127/><U25/><E110/><V83/><F42/><W26/><G75/><T15/><D118/><U99/><E99/><V69/><F69/><W81/><G4/><T55/><D77/><U45/><E45/><V13/><F94/><W66/><G95/><T74/><D74/><U11/><E124/><V102/><F102/><W128/><G97/><T54/><AGARI ba="3,1" hai="15,16,20,40,44,48,54,55,60,65,71,82,85,91" machi="54" ten="30,4000,0" yaku="0,1,52,1,54,1" doraHai="38" who="0" fromWho="0" sc="190,59,70,-13,550,-23,180,-13" /><INIT seed="3,0,0,3,2,22" ten="249,57,527,167" oya="3" hai0="117,17,125,78,3,81,2,73,5,53,124,4,27" hai1="48,96,85,133,64,36,71,13,15,11,57,8,90" hai2="135,30,116,50,19,88,34,65,29,97,126,7,38" hai3="31,41,14,111,56,33,59,62,63,35,80,98,121"/><W26/><G121/><T131/><D117/><U52/><E133/><V9/><F38/><W89/><G111/><T79/><D131/><U95/><E36/><V58/><F116/><W47/><G33/><T77/><D53/><U108/><E108/><V113/><F113/><W94/><G14/><T16/><D81/><U76/><E71/><V6/><F135/><W105/><G105/><T1/><D27/><U99/><E64/><V61/><F126/><N who="0" m="48746" /><D73/><U42/><E42/><V130/><F130/><W127/><G127/><T102/><D102/><U86/><E76/><V68/><F68/><W51/><G62/><T69/><D69/><U24/><E24/><V110/><F110/><W66/><G80/><T115/><D115/><U103/><E103/><V74/><F74/><W100/><G89/><T21/><D21/><U75/><E75/><V107/><F107/><W101/><G101/><T28/><D28/><N who="2" m="10858" /><F34/><W55/><G41/><T39/><D39/><U83/><E96/><V37/><F37/><W112/><G112/><T23/><D23/><U32/><E32/><V123/><F123/><W0/><G0/><T84/><D84/><U106/><E106/><V40/><F97/><W18/><G18/><AGARI ba="0,0" hai="1,2,3,4,5,16,17,18,77,78,79" m="48746" machi="18" ten="40,8000,1" yaku="28,2,18,1,54,1" doraHai="22" who="0" fromWho="3" sc="249,80,57,0,527,0,167,-80" owari="329,12.9,57,-44.3,527,62.7,87,-31.3" /></mjloggm>