<mjloggm ver="2.3"><GO type="225" lobby="0"/><UN n0="%E3%81%99%E3%81%84%E3%81%BE%E3%81%9B%E3%83%BC%E3%82%93" n1="%E6%B8%A1%E5%A4%A9%E8%97%8D" n2="%E3%81%82%E3%81%99%E3%81%AB%E3%82%83%E3%82%80" n3="%E8%B6%85%E7%B4%9A%E9%B3%B3%E5%87%B0" dan="17,16,16,16" rate="2244.29,2113.70,2097.86,2109.29" sx="M,M,F,M"/><TAIKYOKU oya="0"/><INIT seed="0,0,0,3,4,120" ten="250,250,250,250" oya="0" hai0="109,99,98,102,27,129,74,79,0,107,57,65,62" hai1="89,12,73,126,108,117,19,3,25,70,134,128,78" hai2="53,113,54,40,22,7,81,60,56,71,118,66,55" hai3="94,14,85,122,111,10,72,20,41,76,36,112,61"/><T2/><D129/><U17/><E117/><V49/><F7/><W69/><G112/><T15/><D79/><U110/><E3/><V114/><F22/><W125/><G122/><T116/><D74/><U77/><E128/><V43/><F81/><W132/><G125/><T1/><D116/><U11/><E70/><V16/><F16/><W80/><G132/><T101/><D15/><U91/><E126/><V24/><F24/><W124/><G124/><T104/><D27/><U97/><E134/><V86/><F86/><W28/><G36/><T130/><D130/><U31/><E17/><V26/><F26/><W88/><G41/><N who="2" m="15945" /><F118/><W9/><G20/><T13/><D13/><U105/><E73/><V96/><F96/><W121/><G121/><T83/><D83/><U8/><E8/><V23/><F23/><W33/><G33/><T6/><REACH who="0" step="1"/><D109/><REACH who="0" ten="240,250,250,250" step="2"/><N who="1" m="42091" /><E77/><V29/><F29/><W30/><G111/><T58/><D58/><U115/><E78/><V87/><F114/><W50/><G72/><T5/><AGARI ba="0,1" hai="0,1,2,5,6,57,62,65,98,99,101,102,104,107" machi="5" ten="40,7800,0" yaku="1,1,0,1,9,1,53,0" doraHai="120" doraHaiUra="90" who="0" fromWho="0" sc="240,88,250,-26,250,-26,250,-26" /><INIT seed="0,1,0,4,3,76" ten="328,224,224,224" oya="0" hai0="77,17,24,123,16,15,50,93,101,10,40,69,47" hai1="107,42,46,26,33,55,118,96,98,99,108,60,20" hai2="131,91,95,116,28,71,51,113,135,94,109,53,5" hai3="14,102,8,62,120,58,114,103,43,92,35,63,119"/><T106/><D123/><U84/><E118/><V34/><F109/><W65/><G119/><T1/><D69/><U36/><E108/><V57/><F113/><W4/><G114/><T89/><D1/><U124/><E124/><V27/><F116/><W64/><G35/><T13/><D24/><U38/><E33/><V44/><F135/><W128/><G120/><T87/><D77/><U68/><E36/><V126/><F131/><W11/><G128/><T122/><D122/><U6/><E6/><V85/><F126/><W22/><G43/><T59/><D106/><U132/><E132/><V83/><F71/><W86/><G22/><T30/><D30/><U32/><E32/><V115/><F115/><W66/><G8/><T39/><D101/><U3/><E3/><V31/><F31/><W129/><G129/><T67/><D67/><U52/><E107/><V56/><F5/><W80/><G92/><T82/><D93/><U75/><E75/><V49/><REACH who="2" step="1"/><F57/><REACH who="2" ten="328,224,214,224" step="2"/><W81/><G58/><T0/><D59/><U78/><E68/><V100/><F100/><W9/><G4/><T104/><D0/><U2/><E2/><V74/><F74/><W41/><G103/><T54/><D17/><U73/><E73/><V29/><F29/><W97/><G102/><T7/><D104/><U37/><E60/><V127/><F127/><W133/><G62/><T90/><D7/><U117/><E117/><V23/><F23/><W105/><G105/><T121/><D121/><U21/><E21/><V125/><F125/><W72/><G133/><T79/><D10/><U112/><E112/><RYUUKYOKU ba="1,1" sc="328,-10,224,-10,214,30,224,-10" hai2="27,28,34,44,49,51,53,56,83,85,91,94,95" /><INIT seed="1,2,1,0,1,14" ten="318,214,244,214" oya="1" hai0="18,79,47,37,21,77,118,42,12,45,23,78,97" hai1="51,29,46,80,75,22,108,20,110,112,88,9,60" hai2="90,17,101,107,132,30,113,85,74,63,33,68,53" hai3="40,32,27,6,95,94,124,134,123,44,102,73,49"/><U131/><E112/><V8/><F74/><W52/><G123/><T65/><D118/><U86/><E131/><V111/><F111/><N who="1" m="42537" /><E29/><V15/><F113/><W50/><G73/><T59/><D97/><U91/><E75/><V125/><F125/><W120/><G120/><T87/><D47/><U84/><E60/><V92/><F132/><W66/><G124/><T5/><D5/><U69/><E69/><V128/><F128/><W93/><G134/><T127/><D127/><U72/><E9/><V129/><F129/><W70/><G6/><T41/><D41/><N who="1" m="25039" /><E72/><V26/><F68/><W25/><G102/><T76/><D23/><U98/><E98/><V99/><F63/><W1/><G1/><T28/><D28/><U126/><E126/><V64/><REACH who="2" step="1"/><F53/><REACH who="2" ten="318,214,234,214" step="2"/><W81/><G70/><T55/><D55/><U117/><E117/><V43/><F43/><W2/><G40/><T11/><D42/><U13/><E13/><V16/><F16/><W35/><G52/><T36/><D18/><U121/><E121/><V135/><F135/><W38/><G2/><T119/><D12/><U82/><AGARI ba="2,2" hai="20,22,80,82,84,86,88,91" m="25039,42537" machi="82" ten="30,6000,0" yaku="14,1,10,1,54,1" doraHai="14" who="1" fromWho="1" sc="318,-22,214,86,234,-22,214,-22" /><INIT seed="1,3,0,4,2,18" ten="296,300,212,192" oya="1" hai0="16,64,29,127,128,26,22,58,32,66,131,56,69" hai1="2,107,112,50,100,97,132,87,65,46,101,10,25" hai2="71,79,118,83,94,21,95,80,48,60,9,74,106" hai3="30,135,27,126,8,91,81,13,78,40,72,38,61"/><U51/><E112/><V110/><F106/><W4/><G126/><T67/><D69/><U5/><E132/><V6/><F110/><W104/><G135/><T1/><D1/><U34/><E100/><V70/><F118/><W109/><G109/><T19/><D127/><U14/><E87/><V11/><F48/><W76/><G76/><T7/><D7/><U103/><E103/><V121/><F79/><W43/><G104/><T59/><REACH who="0" step="1"/><D19/><REACH who="0" ten="286,300,212,192" step="2"/><U134/><E2/><V57/><F6/><W42/><G38/><T53/><D53/><U35/><E5/><V75/><F70/><W84/><G61/><T54/><D54/><U23/><E134/><V62/><F71/><W88/><REACH who="3" step="1"/><G72/><REACH who="3" ten="286,300,212,182" step="2"/><T33/><D33/><AGARI ba="3,2" hai="4,8,13,27,30,33,40,42,43,78,81,84,88,91" machi="33" ten="40,5200,0" yaku="1,1,2,1,54,1,53,0" doraHai="18" doraHaiUra="117" who="3" fromWho="0" sc="286,-61,300,0,212,0,182,81" /><INIT seed="2,0,0,4,3,32" ten="225,300,212,263" oya="2" hai0="47,120,130,94,118,11,54,80,49,43,98,124,12" hai1="93,20,128,63,44,113,8,92,86,77,2,70,132" hai2="90,74,100,110,42,71,134,18,95,81,108,58,68" hai3="24,61,88,4,36,72,123,84,64,31,16,82,14"/><V122/><F122/><W62/><G123/><T106/><D120/><U27/><E113/><V107/><F134/><W29/><G36/><T105/><D124/><U69/><E92/><V3/><F42/><W59/><G72/><T37/><D130/><U78/><E78/><N who="2" m="44247" /><F18/><W52/><G4/><T112/><D112/><U30/><E128/><V89/><F58/><N who="3" m="36919" /><G24/><T35/><D35/><U87/><E44/><V10/><F68/><W73/><G73/><T39/><D80/><U75/><E69/><V57/><F57/><W6/><G6/><T13/><D118/><U125/><E70/><V53/><F53/><W115/><G115/><T135/><D135/><U96/><E63/><V33/><F33/><W25/><G25/><T85/><D85/><U41/><E27/><V15/><F71/><W22/><AGARI ba="0,0" hai="14,16,22,29,31,52,59,62,82,84,88" m="36919" machi="22" ten="30,7900,0" yaku="8,1,54,3" doraHai="32" who="3" fromWho="3" sc="225,-20,300,-20,212,-39,263,79" /><INIT seed="3,0,0,3,2,47" ten="205,280,173,342" oya="3" hai0="87,111,26,22,99,24,125,90,11,51,53,100,16" hai1="92,48,31,93,85,21,116,106,88,61,10,135,62" hai2="103,109,107,17,5,105,20,63,15,32,39,77,1" hai3="69,98,64,73,28,43,83,84,38,81,41,102,50"/><W7/><G38/><T104/><D111/><U95/><E106/><V119/><F109/><W34/><G73/><T89/><D125/><U97/><E135/><V101/><F119/><W122/><G122/><T78/><D11/><U35/><E35/><V27/><F39/><W91/><G7/><T37/><D37/><U72/><E72/><V132/><F132/><W6/><G6/><T79/><D26/><N who="1" m="16847" /><E116/><V129/><F129/><W66/><G83/><T112/><D112/><U86/><E10/><V12/><F77/><W115/><G115/><T45/><REACH who="0" step="1"/><D89/><REACH who="0" ten="195,280,173,342" step="2"/><N who="1" m="53295" /><E97/><V127/><F127/><W82/><G98/><T114/><D114/><U123/><E123/><V33/><F107/><W23/><G91/><T131/><D131/><U55/><E95/><AGARI ba="0,1" hai="16,22,24,45,51,53,78,79,87,90,95,99,100,104" machi="95" ten="30,7700,0" yaku="1,1,7,1,52,1,54,1,53,0" doraHai="47" doraHaiUra="0" who="0" fromWho="1" sc="195,87,280,-77,173,0,342,0" owari="282,8.2,203,-19.7,173,-32.7,342,44.2" /></mjloggm>