<mjloggm ver="2.3"><GO type="225" lobby="0"/><UN n0="%E9%80%86%E9%80%A3%E5%B8%AF%E3%81%AE%E9%AC%BC" n1="%E8%A8%88%E7%AE%97%E6%A9%9F%E8%87%AA%E7%84%B6" n2="%E3%81%A1%E3%82%85%E3%81%86%E3%81%A9%E3%81%8F%E8%B1%A1%E3%81%95%E3%82%93" n3="%E7%89%B9%E6%9D%B1%E3%81%AF%E4%B8%96%E7%95%8C%E3%82%92%E6%95%91%E3%81%86" dan="16,17,17,16" rate="2116.20,2203.20,2196.35,2191.21" sx="M,M,M,M"/><TAIKYOKU oya="0"/><INIT seed="0,0,0,0,2,101" ten="250,250,250,250" oya="0" hai0="88,108,59,24,109,67,35,118,131,53,43,36,57" hai1="14,31,97,124,6,49,128,2,39,72,111,50,42" hai2="22,44,122,115,18,64,83,123,79,94,7,21,34" hai3="121,30,90,27,125,127,0,102,119,13,58,73,11"/><T84/><D118/><U87/><E31/><V96/><F115/><W10/><G73/><T80/><D131/><U95/><E87/><V54/><F34/><W41/><G119/><T69/><D69/><U106/><E14/><V9/><F64/><W20/><G41/><T33/><D67/><U25/><E25/><V55/><F21/><W98/><G121/><T52/><D43/><U126/><E72/><V100/><F122/><W29/><G29/><T3/><D3/><U91/><E111/><N who="0" m="42569" /><D36/><U110/><E128/><V40/><F123/><W17/><G90/><T38/><D38/><U132/><E110/><V5/><F18/><W99/><G58/><N who="0" m="22027" /><D24/><U28/><E39/><V103/><F103/><W76/><G76/><T66/><D66/><U48/><E42/><V85/><F22/><W26/><G11/><T130/><D130/><U15/><E2/><V32/><F32/><AGARI ba="0,0" hai="32,33,35,52,53,80,84,88" m="22027,42569" machi="32" ten="30,11600,0" yaku="14,1,10,1,54,2" doraHai="101" who="0" fromWho="2" sc="250,116,250,0,250,-116,250,0" /><INIT seed="0,1,0,4,2,61" ten="366,250,134,250" oya="0" hai0="126,67,77,19,21,34,82,133,0,74,107,80,119" hai1="135,109,41,83,45,75,43,55,62,120,125,88,64" hai2="86,51,50,122,7,16,58,60,49,65,15,54,31" hai3="111,38,22,46,114,37,129,33,96,8,30,106,73"/><T69/><D119/><U3/><E3/><V79/><F122/><W53/><G114/><T94/><D133/><U32/><E32/><V110/><F110/><W57/><G33/><T1/><D126/><U121/><E109/><V56/><F31/><W81/><G111/><T87/><D107/><U24/><E24/><V26/><F26/><W66/><G129/><T134/><D134/><U132/><E125/><V12/><F7/><W116/><G116/><T104/><D104/><U91/><E55/><V2/><F2/><W105/><G30/><T90/><D34/><U130/><E130/><V4/><F4/><W131/><G22/><T36/><D36/><U68/><E132/><V117/><F117/><W29/><G8/><T13/><D82/><U20/><E20/><V52/><F54/><W92/><G38/><T78/><D78/><U99/><E135/><V89/><F79/><N who="3" m="44271" /><G37/><T25/><D25/><U28/><E28/><V123/><F123/><W108/><G29/><T113/><D113/><U100/><E41/><V72/><F72/><W47/><G47/><T6/><D6/><U98/><E45/><V40/><F40/><W101/><G108/><T128/><D128/><U124/><E43/><V118/><F118/><W14/><G14/><T44/><D44/><U76/><E124/><V85/><F12/><W115/><G115/><T84/><D74/><U10/><E10/><N who="2" m="6263" /><F86/><W93/><G131/><T63/><AGARI ba="1,0" hai="0,1,13,19,21,63,67,69,77,80,84,87,90,94" machi="63" ten="30,3000,0" yaku="0,1,52,1" doraHai="61" who="0" fromWho="0" sc="366,33,250,-11,134,-11,250,-11" /><INIT seed="0,2,0,0,1,64" ten="399,239,123,239" oya="0" hai0="41,23,83,35,74,34,26,9,3,102,72,1,117" hai1="110,42,91,109,125,122,79,77,19,28,133,36,44" hai2="65,120,57,75,118,40,2,46,97,103,101,37,95" hai3="13,20,132,121,5,108,100,99,80,55,67,21,129"/><T126/><D117/><U63/><E122/><V71/><F120/><W113/><G121/><T111/><D126/><U60/><E125/><V123/><F123/><W135/><G113/><T84/><D111/><N who="1" m="42507" /><E133/><N who="3" m="51274" /><G108/><T128/><D128/><U66/><E28/><V68/><F118/><W112/><G112/><T15/><D102/><U70/><E91/><V16/><F75/><W8/><G129/><T51/><D1/><U29/><E29/><V116/><F116/><W88/><G67/><T33/><D3/><U62/><E19/><V124/><F124/><W56/><G80/><T17/><D51/><U115/><E115/><V92/><F2/><W7/><G7/><T104/><D41/><U6/><E6/><V32/><F32/><W73/><G73/><T87/><D104/><U12/><E12/><V53/><F16/><W43/><G88/><T50/><D50/><U69/><E66/><V4/><F4/><W10/><G43/><T52/><D34/><U49/><E36/><V119/><F119/><W47/><G13/><T30/><D35/><U94/><E94/><V90/><F65/><W58/><G5/><T31/><D33/><U78/><AGARI ba="2,0" hai="42,44,49,60,62,63,69,70,77,78,79" m="42507" machi="78" ten="40,5200,0" yaku="14,1,52,2" doraHai="64" who="1" fromWho="1" sc="399,-28,239,58,123,-15,239,-15" /><INIT seed="1,0,0,2,0,8" ten="371,297,108,224" oya="1" hai0="45,10,0,81,101,108,4,62,25,117,21,64,70" hai1="39,11,118,124,33,78,88,94,87,102,127,22,100" hai2="50,135,82,105,109,53,110,128,31,111,112,85,90" hai3="58,18,20,55,5,95,98,13,72,44,47,119,83"/><U9/><E33/><V65/><F105/><W59/><G119/><T56/><D108/><U121/><E118/><V7/><F112/><W131/><G131/><T130/><D130/><U37/><E121/><V30/><F135/><W15/><G72/><T76/><D117/><U60/><E78/><V115/><F115/><W89/><G83/><T57/><D101/><N who="1" m="39019" /><E22/><V1/><F128/><W41/><G41/><T69/><D69/><U51/><E51/><V133/><F133/><W29/><G29/><T52/><D45/><N who="3" m="17481" /><G55/><T6/><D6/><U46/><E60/><V92/><F65/><W61/><G61/><T107/><D107/><U122/><E122/><V36/><F36/><N who="1" m="13897" /><E46/><V123/><F123/><W19/><G5/><T67/><D67/><U3/><E3/><V125/><F125/><AGARI ba="0,0" hai="9,11,87,88,94,124,125,127" m="13897,39019" machi="125" ten="30,2900,0" yaku="18,1,54,1" doraHai="8" who="1" fromWho="2" sc="371,0,297,29,108,-29,224,0" /><INIT seed="1,1,0,4,1,66" ten="371,326,79,224" oya="1" hai0="20,44,45,46,47,77,96,5,82,69,39,135,68" hai1="97,50,84,106,130,36,16,35,65,114,1,86,49" hai2="33,17,116,87,21,71,42,27,103,127,62,41,125" hai3="93,122,4,99,108,101,19,60,67,94,52,100,18"/><U119/><E114/><V131/><F116/><W83/><G108/><T26/><D135/><U115/><E115/><V58/><F33/><W90/><G122/><T29/><D5/><U32/><E36/><V8/><F131/><W48/><G83/><T129/><D129/><U78/><E1/><V72/><F72/><W64/><G4/><T81/><D96/><U118/><E65/><V12/><F103/><W30/><G30/><T61/><D61/><U117/><E130/><V54/><F87/><W74/><G74/><T113/><D113/><U91/><E78/><V70/><F41/><W63/><G48/><T38/><D82/><U9/><E97/><V80/><F80/><W134/><G99/><T51/><D39/><U121/><E106/><V28/><REACH who="2" step="1"/><F42/><REACH who="2" ten="371,326,69,224" step="2"/><W79/><G101/><T107/><D38/><U133/><E84/><V57/><F57/><W92/><G100/><T111/><D111/><U23/><E32/><V43/><F43/><W104/><G104/><T73/><REACH who="0" step="1"/><D107/><REACH who="0" ten="361,326,69,224" step="2"/><U25/><E118/><V110/><F110/><W76/><G134/><T6/><D6/><U126/><E133/><V55/><F55/><AGARI ba="1,2" hai="20,26,29,44,45,46,47,51,55,68,69,73,77,81" machi="55" ten="40,5200,0" yaku="1,1,52,2,53,0" doraHai="66" doraHaiUra="85" who="0" fromWho="2" sc="361,75,326,0,69,-55,224,0" /><INIT seed="2,0,0,5,4,120" ten="436,326,14,224" oya="2" hai0="65,80,109,90,61,110,103,40,39,50,69,58,89" hai1="94,108,96,5,25,121,41,52,118,131,97,106,101" hai2="135,84,35,7,124,117,57,77,92,19,8,22,3" hai3="51,10,20,93,43,125,111,28,79,86,59,4,113"/><V16/><F117/><W63/><G125/><T76/><D103/><U38/><E5/><V133/><F124/><W2/><G113/><T112/><D112/><U85/><E25/><V102/><F35/><W12/><G43/><T87/><D39/><U31/><E31/><V49/><F102/><W36/><G36/><T82/><D90/><U129/><E52/><N who="2" m="31887" /><F22/><W132/><G51/><T88/><D89/><N who="1" m="55375" /><E41/><V123/><F123/><W55/><G93/><T32/><D32/><U114/><E38/><V17/><F92/><W60/><G60/><T130/><D130/><N who="1" m="49675" /><E114/><V99/><F99/><W54/><G20/><T0/><D0/><U98/><E121/><V71/><F71/><W33/><G2/><T100/><D69/><U68/><E68/><V78/><F84/><W95/><G86/><T42/><D100/><U67/><E118/><V46/><F46/><W107/><G33/><T29/><D29/><U18/><E97/><V72/><F72/><W47/><G47/><T9/><D9/><U83/><E85/><V75/><F75/><W74/><G74/><N who="0" m="43031" /><D50/><U91/><E101/><V27/><F27/><W24/><G10/><T122/><D122/><U48/><E48/><V119/><F119/><W34/><G28/><T37/><D37/><U62/><E98/><V115/><F115/><W13/><G34/><T104/><D104/><U1/><E106/><V21/><F21/><W64/><G107/><T134/><D40/><U6/><E83/><V11/><F11/><W26/><G26/><T70/><D42/><U44/><E44/><V81/><F81/><W30/><G24/><RYUUKYOKU ba="0,0" sc="436,-10,326,-10,14,30,224,-10" hai2="3,7,8,16,17,19,77,78,133,135" /><INIT seed="2,1,0,4,1,15" ten="426,316,44,214" oya="2" hai0="111,3,12,67,89,63,6,70,56,11,18,77,128" hai1="110,82,114,1,81,21,27,51,20,62,95,38,31" hai2="109,131,0,122,83,16,117,22,28,126,105,17,39" hai3="53,10,101,123,98,76,50,102,132,9,48,41,8"/><V32/><F105/><W85/><G123/><T124/><D128/><U66/><E38/><V74/><F122/><W14/><G132/><T37/><D111/><U86/><E114/><V36/><F117/><W35/><G35/><T91/><D124/><U97/><E1/><V119/><F119/><W112/><G112/><T78/><D37/><U125/><E110/><V43/><F0/><W92/><G102/><T34/><D34/><U75/><E75/><V87/><F74/><W127/><G127/><T30/><D30/><U106/><E106/><V49/><F109/><W29/><G29/><T121/><D121/><U52/><E20/><V44/><F126/><W26/><G26/><T2/><D2/><U79/><E81/><V88/><F131/><W23/><G41/><T57/><D57/><U13/><E13/><V118/><F118/><W129/><G129/><T7/><D70/><U113/><E125/><V71/><F71/><W19/><G53/><T103/><D103/><U24/><E24/><V84/><F84/><W130/><G130/><T107/><D107/><U133/><E133/><V90/><F90/><N who="0" m="34314" /><D3/><U64/><E113/><V60/><F60/><W59/><G59/><T65/><D65/><U116/><E62/><V55/><F32/><W5/><G5/><AGARI ba="1,0" hai="5,6,7,11,12,18,56,63,67,77,78" m="34314" machi="5" ten="30,2000,0" yaku="8,1,52,1" doraHai="15" who="0" fromWho="3" sc="426,23,316,0,44,0,214,-23" /><INIT seed="3,0,0,4,4,62" ten="449,316,44,191" oya="3" hai0="4,90,8,113,3,74,13,10,94,95,57,29,125" hai1="126,27,127,128,6,51,34,97,18,2,122,117,72" hai2="30,60,35,19,102,132,44,17,98,11,130,81,93" hai3="91,59,61,109,9,7,78,120,86,104,101,53,55"/><W14/><G120/><T119/><D125/><U108/><E51/><V110/><F110/><W65/><G109/><T42/><D119/><U80/><E97/><V100/><F132/><W56/><G78/><T43/><D74/><U69/><E18/><V77/><F130/><W16/><G104/><T121/><D113/><U58/><E58/><V48/><F102/><W82/><G101/><T64/><D29/><U54/><E54/><V41/><F35/><W75/><G75/><T36/><D36/><U15/><E15/><V66/><F30/><W114/><G114/><T52/><D95/><U103/><E6/><V107/><F11/><W37/><G37/><T1/><D1/><U92/><E92/><V134/><F134/><W129/><G129/><T88/><D90/><U111/><E27/><V87/><F107/><W123/><G123/><T116/><D116/><U73/><E80/><V22/><REACH who="2" step="1"/><F22/><REACH who="2" ten="449,316,34,191" step="2"/><W38/><G9/><T20/><D20/><U21/><E21/><V12/><F12/><W32/><G32/><T0/><D10/><U106/><E103/><V63/><F63/><W96/><G61/><T79/><D0/><U118/><E108/><V50/><F50/><W5/><G14/><T76/><D3/><U24/><E117/><V26/><F26/><W99/><G38/><T33/><D33/><U31/><E111/><V124/><F124/><W83/><G7/><T133/><D8/><U23/><E126/><V47/><F47/><W68/><G5/><T84/><D4/><U71/><E127/><V46/><F46/><W115/><G115/><T67/><D13/><RYUUKYOKU ba="0,1" sc="449,-10,316,-10,34,30,191,-10" hai2="17,19,41,44,48,60,66,77,81,87,93,98,100" owari="449,54.9,306,10.6,64,-43.6,181,-21.9" /></mjloggm>