<mjloggm ver="2.3"><GO type="225" lobby="0"/><UN n0="%E3%81%8B%E3%82%8F%E3%81%A1%E3%82%83%E3%82%93%35%38" n1="%E9%80%9F%E6%B0%B4%E5%87%9B%E9%A6%99" n2="%74%61%6B%75%61%6B%61" n3="%E3%83%AB%E3%83%9B%E3%83%B3%E3%83%87%E3%82%A3%E3%82%A8" dan="16,16,17,16" rate="2120.92,2139.65,2227.28,2157.85" sx="M,F,M,M"/><TAIKYOKU oya="0"/><INIT seed="0,0,0,2,4,40" ten="250,250,250,250" oya="0" hai0="131,11,105,58,94,23,81,36,14,122,66,72,22" hai1="33,41,30,91,10,121,60,63,53,70,124,32,90" hai2="69,85,119,75,79,106,129,17,18,52,128,61,113" hai3="43,35,134,76,56,68,104,55,108,111,39,86,38"/><T93/><D105/><U103/><E121/><V31/><F113/><W34/><G86/><T114/><D114/><U9/><E103/><V115/><F115/><W27/><G76/><T1/><D1/><U130/><E41/><V118/><F106/><W100/><G100/><T25/><D36/><U0/><E30/><V57/><F75/><W95/><G95/><N who="0" m="36363" /><D72/><U83/><E83/><N who="2" m="47359" /><F31/><W74/><G74/><T88/><D131/><N who="2" m="50250" /><F69/><W67/><G104/><T92/><D81/><U6/><E70/><V116/><AGARI ba="0,0" hai="17,18,52,57,61,116,118,119" m="50250,47359" machi="116" ten="40,5200,0" yaku="12,1,19,1,54,1" doraHai="40" who="2" fromWho="2" sc="250,-26,250,-13,250,52,250,-13" /><INIT seed="1,0,0,1,0,0" ten="224,237,302,237" oya="1" hai0="13,2,75,116,130,96,4,44,134,32,5,123,41" hai1="60,71,87,82,56,109,53,55,23,111,126,3,69" hai2="11,120,63,83,22,99,105,77,80,1,103,26,20" hai3="114,102,84,16,43,133,7,18,14,112,50,88,25"/><U86/><E3/><V122/><F63/><W90/><G133/><T54/><D116/><U12/><E126/><V131/><F131/><W100/><G114/><T128/><D2/><U46/><E46/><V129/><F129/><N who="0" m="49770" /><D134/><U38/><E38/><V67/><F67/><W21/><G112/><T89/><D123/><U62/><E12/><V49/><F49/><W101/><G7/><N who="0" m="2635" /><D32/><U65/><E23/><V51/><F20/><N who="3" m="11287" /><G84/><N who="1" m="32298" /><E82/><V48/><F83/><W104/><G104/><T8/><D75/><U132/><E132/><V74/><F1/><W117/><G117/><T24/><D24/><U70/><E65/><V30/><REACH who="2" step="1"/><F11/><REACH who="2" ten="224,237,292,237" step="2"/><W39/><G39/><N who="0" m="21567" /><D54/><N who="1" m="20491" /><E56/><V85/><F85/><W119/><G119/><T10/><D13/><U66/><E66/><V19/><F19/><W40/><G40/><T58/><D58/><U36/><E36/><V34/><F34/><W31/><G18/><T113/><D113/><U121/><E121/><V93/><F93/><AGARI ba="0,1" hai="8,10,89,93,96" m="21567,2635,49770" machi="93" ten="30,7700,0" yaku="19,1,52,3" doraHai="0" who="0" fromWho="2" sc="224,87,237,0,292,-77,237,0" /><INIT seed="2,0,0,1,5,1" ten="311,237,215,237" oya="2" hai0="107,110,14,43,52,130,44,23,50,68,119,99,122" hai1="102,103,30,31,60,47,69,18,65,124,25,63,101" hai2="133,134,91,105,40,27,116,49,93,87,4,132,112" hai3="29,81,89,17,20,90,37,3,96,121,117,85,70"/><V104/><F116/><W57/><G70/><T95/><D122/><U72/><E72/><V77/><F112/><W46/><G117/><T135/><D119/><U11/><E124/><V35/><F77/><W73/><G73/><T5/><D68/><U42/><E60/><V64/><F64/><W74/><G74/><T24/><D107/><U123/><E123/><V59/><F4/><W106/><G3/><T66/><D66/><U8/><E18/><V55/><REACH who="2" step="1"/><F40/><REACH who="2" ten="311,237,205,237" step="2"/><W131/><G121/><T129/><D43/><U128/><E128/><V82/><F82/><W36/><G81/><T67/><D67/><U94/><E94/><V48/><F48/><W12/><G131/><T71/><D130/><U78/><E78/><V98/><F98/><W15/><G96/><T45/><D50/><U125/><E125/><V62/><F62/><W76/><G76/><T22/><D129/><U84/><E84/><V108/><F108/><W39/><G85/><T92/><D99/><U54/><E42/><V33/><F33/><W115/><G115/><T26/><D110/><U75/><E75/><V79/><F79/><W32/><G32/><T41/><D41/><U127/><E127/><V61/><F61/><W28/><G36/><T88/><D5/><U9/><E63/><V34/><F34/><W114/><G37/><T38/><D38/><U56/><E65/><V126/><F126/><W53/><G39/><T19/><D71/><U16/><E69/><V118/><F118/><W7/><G114/><T83/><D83/><U109/><E109/><V13/><F13/><N who="3" m="5195" /><G7/><T97/><D97/><RYUUKYOKU ba="0,1" sc="311,-10,237,-10,205,30,237,-10" hai2="27,35,49,55,59,87,91,93,104,105,132,133,134" /><INIT seed="2,1,1,1,4,0" ten="301,227,235,227" oya="2" hai0="94,65,62,32,19,10,1,68,2,74,100,23,108" hai1="9,88,12,92,20,121,52,82,34,101,45,117,109" hai2="116,107,73,11,126,60,46,128,115,99,85,102,5" hai3="18,70,112,122,47,118,17,22,58,123,27,84,41"/><V49/><F116/><W90/><G118/><T97/><D74/><U111/><E34/><V40/><F73/><W25/><G70/><T135/><D32/><U91/><E117/><V69/><F115/><W132/><G132/><T57/><D135/><U56/><E20/><V59/><F126/><W114/><G58/><T14/><D108/><N who="1" m="41547" /><E45/><V38/><F128/><W24/><G122/><T54/><D23/><U21/><E21/><V13/><F85/><W35/><G123/><T81/><D81/><U95/><E121/><V75/><F75/><W113/><G17/><T86/><D86/><N who="1" m="50263" /><E91/><V124/><F124/><W87/><G90/><T3/><D3/><U61/><E101/><V77/><F77/><W26/><REACH who="3" step="1"/><G35/><REACH who="3" ten="301,227,235,217" step="2"/><T72/><D68/><U28/><E28/><V48/><REACH who="2" step="1"/><F69/><REACH who="2" ten="301,227,225,217" step="2"/><W127/><G127/><T7/><D72/><U130/><E130/><V134/><F134/><W125/><G125/><T129/><D129/><U103/><E103/><V29/><F29/><W83/><G83/><T71/><D71/><U89/><E89/><V119/><F119/><W36/><AGARI ba="1,3" hai="18,22,24,25,26,27,36,41,47,84,87,112,113,114" machi="36" ten="40,5200,0" yaku="1,1,0,1,11,1,53,0" doraHai="0" doraHaiUra="50" who="3" fromWho="3" sc="301,-14,227,-14,225,-27,217,85" /><INIT seed="3,0,0,3,5,61" ten="287,213,198,302" oya="3" hai0="71,34,77,40,19,78,39,132,45,84,124,67,134" hai1="112,44,113,30,94,42,118,100,20,21,104,73,76" hai2="63,5,89,51,62,82,48,16,43,123,23,99,107" hai3="91,128,74,65,46,3,15,79,59,98,87,32,10"/><W53/><G3/><T25/><D84/><U127/><E104/><V70/><F123/><W22/><G32/><T106/><D106/><U60/><E127/><V55/><F5/><W17/><G74/><T49/><D124/><U8/><E76/><V41/><F107/><W68/><G68/><T129/><D39/><U37/><E73/><V9/><F9/><W110/><G98/><T33/><D129/><U95/><E118/><V115/><F115/><W86/><G46/><T101/><D101/><U75/><E75/><V122/><F122/><W18/><G65/><T2/><D2/><U47/><E100/><V27/><F70/><W36/><G36/><T50/><D50/><N who="2" m="18986" /><F82/><N who="3" m="47455" /><G110/><T4/><D4/><U13/><E113/><V131/><F131/><W31/><G31/><N who="0" m="19695" /><D19/><U1/><E112/><V88/><F89/><W24/><G128/><T83/><D34/><U7/><E1/><V120/><F120/><W109/><G109/><T12/><D83/><U56/><E30/><V133/><F133/><W121/><G121/><T135/><D78/><U66/><E47/><V125/><F125/><W103/><G103/><T57/><D77/><U102/><E102/><V69/><F69/><W81/><G59/><T0/><D71/><U93/><AGARI ba="0,0" hai="7,8,13,20,21,37,42,44,56,60,66,93,94,95" machi="93" ten="30,2000,0" yaku="0,1,52,1" doraHai="61" who="1" fromWho="1" sc="287,-5,213,20,198,-5,302,-10" /><INIT seed="4,0,0,2,3,109" ten="282,233,193,292" oya="0" hai0="55,25,57,4,129,77,30,60,97,80,121,22,100" hai1="9,120,86,104,95,122,119,32,58,44,36,52,64" hai2="126,68,24,96,112,38,16,128,76,56,20,12,85" hai3="78,94,50,102,92,42,40,13,130,132,118,29,21"/><T61/><D121/><U70/><E104/><V53/><F68/><W39/><G39/><T114/><D114/><U51/><E32/><V135/><F126/><W43/><G118/><T3/><D129/><U54/><E9/><V10/><F128/><W79/><G132/><T6/><D3/><U83/><E95/><N who="3" m="36394" /><G102/><T133/><D133/><U90/><E119/><V19/><F135/><W35/><G35/><T74/><REACH who="0" step="1"/><D60/><REACH who="0" ten="272,233,193,292" step="2"/><U131/><E131/><V65/><F112/><W49/><G130/><T110/><D110/><U72/><E122/><V37/><F96/><W7/><G50/><T18/><D18/><U48/><E120/><V31/><F19/><W99/><G49/><T0/><D0/><U45/><E36/><V89/><F65/><W87/><G99/><T26/><D26/><U63/><REACH who="1" step="1"/><E72/><REACH who="1" ten="272,223,193,292" step="2"/><V33/><F33/><W107/><G7/><T123/><D123/><U81/><E81/><V108/><F108/><W105/><G107/><AGARI ba="0,2" hai="4,6,22,25,30,55,57,61,74,77,80,97,100,107" machi="107" ten="30,11600,0" yaku="1,1,7,1,53,2" doraHai="109" doraHaiUra="1" who="0" fromWho="3" sc="272,136,223,0,193,0,292,-116" owari="408,50.8,223,2.3,193,-20.7,176,-32.4" /></mjloggm>