<mjloggm ver="2.3"><GO type="225" lobby="0"/><UN n0="%E7%AB%8B%E7%9B%B4%E5%A5%BD%E6%A3%92%40%E5%BF%98" n1="%E6%A1%9C%E8%8A%B1%E9%96%83%E3%80%85" n2="%E3%81%99%E3%81%84%E3%81%BE%E3%81%9B%E3%83%BC%E3%82%93" n3="%E9%B4%A8%4E%45%47%49" dan="17,17,18,16" rate="2107.39,2204.46,2186.39,2077.00" sx="M,M,M,M"/><TAIKYOKU oya="0"/><INIT seed="0,0,0,0,0,68" ten="250,250,250,250" oya="0" hai0="4,87,73,86,74,60,91,51,76,58,122,25,24" hai1="22,133,69,107,6,29,112,124,46,79,10,100,80" hai2="64,103,92,20,83,57,128,134,26,88,30,39,99" hai3="21,14,37,13,67,41,98,9,62,47,72,110,36"/><T94/><D122/><U7/><E69/><V93/><F134/><W78/><G110/><T45/><D73/><U108/><E108/><V52/><F128/><W114/><G114/><T119/><D74/><U32/><E133/><V15/><F39/><W11/><G72/><T31/><D119/><U33/><E7/><V115/><F115/><W43/><G78/><T89/><D76/><U104/><E124/><V5/><F64/><W117/><G117/><T54/><D4/><U3/><E112/><V55/><F83/><W111/><G111/><T19/><D19/><U97/><E104/><V135/><F135/><W0/><G0/><T116/><D31/><U120/><E120/><V8/><REACH who="2" step="1"/><F57/><REACH who="2" ten="250,250,240,250" step="2"/><W82/><G82/><N who="0" m="49367" /><D116/><U16/><E80/><V44/><F44/><W66/><G66/><AGARI ba="0,1" hai="24,25,45,51,54,58,60,66,87,91,94" m="49367" machi="66" ten="30,1500,0" yaku="8,1" doraHai="68" who="0" fromWho="3" sc="250,25,250,0,240,0,250,-15" /><INIT seed="0,1,0,1,4,87" ten="275,250,240,235" oya="0" hai0="104,65,122,17,21,102,69,4,48,76,46,10,135" hai1="14,55,45,116,68,36,66,5,16,90,82,99,77" hai2="131,37,84,58,19,51,15,35,96,59,28,2,33" hai3="39,50,40,94,43,30,25,110,89,53,8,106,56"/><T108/><D122/><U52/><E116/><V123/><F123/><W119/><G110/><T86/><D135/><U11/><E68/><V129/><F37/><W47/><G106/><T105/><D108/><U133/><E133/><V107/><F2/><W41/><G119/><T120/><D120/><U124/><E124/><V44/><F84/><W95/><G95/><T3/><D102/><U70/><E70/><V81/><F81/><W112/><G112/><T92/><D69/><U83/><E66/><V7/><F7/><W60/><G8/><T91/><D65/><U103/><E5/><V73/><F73/><W29/><G39/><T67/><D67/><U38/><E90/><V71/><F71/><W118/><G118/><T23/><D23/><U132/><E83/><V61/><F96/><N who="3" m="57423" /><G25/><T20/><D20/><U121/><E38/><V80/><F80/><W26/><G26/><T101/><D101/><U125/><E121/><V9/><F107/><W88/><G88/><T74/><D76/><U113/><E125/><V115/><F115/><W24/><G24/><T72/><D104/><N who="1" m="63615" /><E132/><V1/><F1/><W75/><G75/><T93/><D93/><U134/><E134/><V98/><F98/><W32/><G32/><T22/><D105/><U0/><E0/><V85/><F85/><W49/><G47/><T117/><D117/><U111/><E111/><V78/><F78/><W130/><G130/><N who="2" m="49673" /><F28/><AGARI ba="1,0" hai="28,29,30,40,41,43,49,50,53,56,60" m="57423" machi="28" ten="30,2000,0" yaku="8,1,52,1" doraHai="87" who="3" fromWho="2" sc="275,0,250,0,240,-23,235,23" /><INIT seed="1,0,0,3,5,58" ten="275,250,217,258" oya="1" hai0="126,68,135,42,71,119,86,117,93,81,50,134,94" hai1="12,120,35,127,10,101,22,103,125,95,23,69,52" hai2="105,123,55,99,27,21,29,37,33,65,62,83,11" hai3="80,77,3,47,116,28,26,63,34,110,132,6,128"/><U2/><E120/><V43/><F123/><W45/><G110/><T64/><D126/><N who="1" m="48139" /><E35/><V44/><F55/><W89/><G132/><N who="0" m="50731" /><D42/><U115/><E115/><V14/><F83/><W40/><G128/><T111/><D50/><U108/><E69/><N who="0" m="26697" /><D64/><U118/><E118/><N who="0" m="45065" /><D111/><U76/><E108/><V73/><F73/><W109/><G40/><T82/><D86/><U0/><E101/><V51/><F37/><W72/><G109/><T49/><D49/><U121/><E121/><V16/><F33/><W90/><G116/><T15/><D15/><U133/><E133/><V7/><F105/><W1/><G47/><T13/><D13/><U25/><E52/><V97/><REACH who="2" step="1"/><F7/><REACH who="2" ten="275,250,207,258" step="2"/><W5/><G6/><T48/><D48/><U9/><E76/><V112/><F112/><W20/><G77/><T78/><D78/><U30/><E22/><V61/><F61/><W130/><G20/><T67/><D67/><U57/><E9/><V54/><F54/><W24/><G5/><T107/><D107/><U32/><E32/><V106/><F106/><W39/><G72/><T4/><D4/><U124/><E124/><V88/><F88/><W129/><G129/><T85/><D85/><U75/><E75/><V38/><F38/><W87/><G90/><T122/><D122/><U131/><E10/><V104/><F104/><W114/><G130/><T53/><D53/><U17/><E131/><V92/><F92/><AGARI ba="0,1" hai="81,82,92,93,94" m="45065,26697,50731" machi="92" ten="40,5200,0" yaku="28,2,20,1" doraHai="58" who="0" fromWho="2" sc="275,62,250,0,207,-52,258,0" /><INIT seed="2,0,0,5,1,107" ten="337,250,155,258" oya="2" hai0="53,76,0,52,21,81,24,95,43,9,79,94,132" hai1="44,37,122,63,108,50,54,29,128,8,75,10,32" hai2="88,106,33,105,100,51,18,86,118,39,134,83,111" hai3="31,34,7,49,119,115,102,13,28,82,92,113,66"/><V23/><F118/><W73/><G119/><T1/><D132/><U80/><E108/><V57/><F39/><W56/><G34/><T30/><D0/><U5/><E128/><V125/><F134/><W71/><G71/><T85/><D1/><U16/><E122/><V55/><F33/><W127/><G127/><T58/><D43/><U123/><E123/><V74/><F125/><W72/><G7/><T19/><D79/><U98/><E63/><V93/><F111/><W40/><G13/><N who="0" m="7599" /><D53/><U114/><E114/><N who="3" m="43530" /><G82/><T68/><D68/><U121/><E121/><V6/><F6/><W12/><G12/><T36/><D36/><U64/><E37/><V117/><F117/><W41/><G66/><T25/><D25/><U42/><E64/><V47/><F47/><N who="3" m="25831" /><G41/><T45/><D45/><U20/><E42/><V61/><F61/><AGARI ba="0,0" hai="21,24,30,52,58,61,76,81,85,94,95" m="7599" machi="61" ten="30,2000,0" yaku="8,1,54,1" doraHai="107" who="0" fromWho="2" sc="337,20,250,0,155,-20,258,0" /><INIT seed="3,0,0,5,2,54" ten="357,250,135,258" oya="3" hai0="16,30,89,61,92,66,132,68,107,82,116,7,110" hai1="12,62,105,97,79,56,77,1,106,117,37,94,120" hai2="119,22,11,3,86,127,57,81,45,72,103,73,129" hai3="9,23,58,5,96,131,133,84,87,17,130,43,99"/><W52/><G133/><T25/><D116/><U71/><E1/><V80/><F119/><W126/><G126/><T55/><D107/><U95/><E117/><V118/><F118/><W76/><G43/><T83/><D110/><U26/><E71/><V15/><F127/><W88/><G76/><T44/><D7/><U36/><E12/><V75/><F45/><W108/><G108/><T10/><D132/><U60/><E26/><V112/><F112/><W134/><G134/><T19/><D19/><U63/><E63/><V53/><F129/><N who="3" m="49163" /><G84/><T33/><D44/><U50/><E50/><V39/><F39/><W46/><G46/><T34/><D34/><U69/><E97/><V42/><F42/><W48/><G17/><T70/><D70/><U2/><E69/><V18/><F103/><W104/><G23/><T113/><D16/><U90/><E90/><V41/><F41/><W65/><G65/><T35/><D35/><U93/><E79/><V109/><F109/><W101/><G104/><T78/><D78/><U128/><E77/><V14/><F3/><N who="3" m="191" /><G101/><T4/><D113/><U100/><E128/><V51/><F86/><W47/><G47/><T0/><D66/><U31/><E100/><V121/><F121/><W91/><G91/><T13/><D89/><U67/><E120/><V115/><F115/><W122/><G122/><T102/><D102/><U49/><E106/><V114/><F114/><W124/><G124/><T32/><D32/><U135/><E105/><V6/><F75/><W21/><G21/><T74/><D74/><U85/><E135/><V38/><F38/><RYUUKYOKU ba="0,0" sc="357,-15,250,-15,135,15,258,15" hai2="6,11,14,15,18,22,51,53,57,72,73,80,81" hai3="48,52,58,87,88,96,99" /><INIT seed="3,1,0,2,4,58" ten="342,235,150,273" oya="3" hai0="105,103,49,66,63,107,13,108,76,126,127,133,36" hai1="32,34,86,78,104,52,67,124,122,2,16,10,28" hai2="57,109,15,83,31,88,92,62,77,18,70,81,1" hai3="94,129,131,123,56,38,125,119,93,64,11,98,120"/><W82/><G38/><T8/><D36/><U7/><E122/><N who="3" m="46634" /><G11/><T46/><D108/><U96/><E124/><N who="0" m="47657" /><D76/><U21/><E67/><V68/><F109/><W47/><G125/><T17/><D103/><U6/><E52/><V23/><F1/><W42/><G82/><T12/><D12/><N who="1" m="9351" /><E86/><V75/><F83/><W87/><G87/><T60/><D133/><U115/><E78/><V80/><F81/><W37/><G98/><T61/><D66/><U53/><E53/><AGARI ba="1,0" hai="8,13,17,46,49,53,60,61,63,105,107" m="47657" machi="53" ten="30,7700,0" yaku="18,1,52,3" doraHai="58" who="0" fromWho="1" sc="342,80,235,-80,150,0,273,0" owari="422,52.2,155,-24.5,150,-35.0,273,7.3" /></mjloggm>