<mjloggm ver="2.3"><GO type="225" lobby="0"/><UN n0="%77%72%77%72%77%72%77%72" n1="%28%EF%BF%A3%E2%96%BD%EF%BF%A3%29%CE%B4%E2%8C%92%E3%83%BB" n2="%E3%82%BC%E3%83%AB%E3%83%80%E3%81%AE%E4%BC%9D%E8%AA%AC" n3="%E3%83%97%E3%83%AC%E3%83%B4%E3%82%A1%E3%83%86%E3%82%A3" dan="16,16,17,16" rate="2124.41,2124.47,2152.87,2118.57" sx="M,M,M,F"/><TAIKYOKU oya="0"/><INIT seed="0,0,0,3,0,68" ten="250,250,250,250" oya="0" hai0="61,13,72,75,91,11,20,95,6,126,56,79,89" hai1="87,25,118,106,58,23,107,60,130,92,46,36,124" hai2="101,116,18,5,69,115,52,10,63,70,103,65,135" hai3="50,3,29,102,128,73,12,59,111,86,43,24,45"/><T71/><D126/><U2/><E2/><V121/><F121/><W26/><G3/><T134/><D134/><U78/><E124/><V133/><F115/><W100/><G73/><T44/><D71/><U15/><E130/><V117/><F18/><W27/><G128/><T67/><D79/><U108/><E108/><V122/><F122/><W38/><G111/><T39/><D20/><U35/><E35/><V22/><F22/><W77/><G29/><T0/><D0/><U57/><E15/><V93/><F69/><W83/><G59/><T53/><D89/><U40/><E58/><N who="2" m="35271" /><F65/><W66/><G66/><T1/><D1/><U8/><E8/><V125/><F70/><W21/><G38/><T80/><D80/><U9/><E9/><V32/><F32/><W55/><G55/><T31/><D31/><U81/><E92/><V76/><F76/><W19/><AGARI ba="0,0" hai="12,19,21,24,26,27,43,45,50,77,83,86,100,102" machi="19" ten="30,2000,0" yaku="0,1,8,1" doraHai="68" who="3" fromWho="3" sc="250,-10,250,-5,250,-5,250,20" /><INIT seed="1,0,0,2,0,38" ten="240,245,245,270" oya="1" hai0="12,83,9,110,34,81,88,85,4,86,54,69,43" hai1="127,6,119,117,56,60,31,51,25,123,52,71,131" hai2="14,89,26,15,67,20,95,66,78,79,49,99,77" hai3="82,114,125,98,50,87,128,93,32,76,36,37,116"/><U21/><E123/><V17/><REACH who="2" step="1"/><F49/><REACH who="2" ten="240,245,235,270" step="2"/><W92/><G114/><T22/><D110/><U111/><E111/><V104/><F104/><W45/><G116/><T19/><D34/><U61/><E127/><V53/><F53/><W107/><G125/><T73/><D54/><U16/><E131/><V40/><F40/><N who="3" m="24871" /><G128/><T2/><D43/><U1/><E51/><V109/><F109/><W23/><G37/><T105/><D105/><U126/><E126/><V133/><F133/><W124/><G36/><T44/><D44/><U118/><E61/><V47/><F47/><W80/><G32/><T94/><D73/><U103/><E119/><V121/><F121/><W132/><G124/><T122/><D122/><U72/><E118/><V63/><F63/><W27/><G132/><T57/><D69/><U5/><E71/><V8/><F8/><W102/><G107/><T68/><D68/><U101/><E72/><V0/><F0/><W112/><G112/><T42/><D42/><U7/><E117/><V115/><F115/><W62/><G62/><T113/><D113/><U48/><E1/><V33/><F33/><W39/><G39/><T13/><D2/><U3/><E3/><V74/><F74/><W35/><G35/><T58/><D58/><U11/><E60/><V70/><F70/><W96/><G76/><N who="0" m="46247" /><D57/><U46/><E56/><V30/><F30/><N who="3" m="17791" /><G87/><T90/><D86/><U135/><E135/><V106/><F106/><W75/><G75/><T65/><D9/><U108/><E108/><V100/><F100/><AGARI ba="0,1" hai="80,82,92,93,96,98,100,102" m="17791,24871" machi="100" ten="30,2000,0" yaku="8,1,52,1" doraHai="38" who="3" fromWho="2" sc="240,0,245,0,235,-20,270,30" /><INIT seed="2,0,0,4,4,110" ten="240,245,215,300" oya="2" hai0="101,27,86,33,124,1,5,40,50,97,118,92,77" hai1="19,66,89,37,70,7,12,65,109,113,14,60,62" hai2="42,57,16,61,120,52,73,135,2,18,72,24,41" hai3="34,83,67,32,68,10,0,84,43,23,116,98,131"/><V45/><F120/><W71/><G116/><T55/><D118/><U26/><E37/><V102/><F2/><W108/><G108/><T28/><D124/><U82/><E109/><V134/><F102/><W122/><G122/><T25/><D40/><N who="2" m="15466" /><F45/><W76/><G131/><T128/><D128/><U130/><E130/><V64/><F64/><W75/><G67/><T35/><D5/><U85/><E113/><V90/><F90/><W115/><G115/><T119/><D1/><U36/><E36/><V47/><F47/><W80/><G23/><T112/><D119/><U93/><E7/><V117/><F117/><W3/><G98/><T94/><D112/><U53/><E53/><V78/><F24/><W9/><G43/><T48/><D77/><U74/><E74/><N who="2" m="28779" /><F78/><W123/><G123/><T79/><D79/><U54/><E54/><V95/><F95/><W96/><G96/><T56/><D92/><U39/><E39/><V129/><F129/><W132/><G76/><T20/><D25/><U100/><E100/><V15/><F15/><W49/><G75/><T106/><D48/><U38/><E38/><V17/><F17/><W21/><G21/><T87/><D94/><U51/><E51/><V6/><F6/><W81/><G49/><T59/><D59/><N who="1" m="37023" /><E93/><V99/><F99/><W44/><G81/><T88/><D88/><U114/><E114/><V63/><F63/><W107/><G44/><T30/><D20/><N who="1" m="13599" /><E12/><V126/><F126/><W111/><G111/><T105/><D105/><U58/><E14/><V133/><AGARI ba="0,0" hai="16,18,52,57,61,133,134,135" m="28779,15466" machi="133" ten="40,7800,0" yaku="20,1,54,2" doraHai="110" who="2" fromWho="2" sc="240,-26,245,-26,215,78,300,-26" /><INIT seed="2,1,0,3,3,35" ten="214,219,293,274" oya="2" hai0="65,116,50,125,44,17,15,25,21,128,19,134,51" hai1="30,133,12,75,84,113,45,63,109,42,120,37,98" hai2="38,126,101,13,102,79,66,54,114,3,130,131,52" hai3="119,73,110,56,9,74,100,16,83,2,61,58,69"/><V53/><F114/><W22/><G119/><T92/><D116/><U40/><E75/><V57/><F3/><W123/><G123/><T27/><D128/><N who="2" m="49194" /><F126/><W26/><G110/><T32/><D125/><U48/><E113/><V124/><F124/><W78/><G74/><T41/><D134/><U68/><E109/><V111/><F111/><W33/><G33/><T115/><D115/><U24/><E84/><V71/><F38/><W34/><G34/><T76/><D65/><U127/><E133/><V112/><F112/><W67/><REACH who="3" step="1"/><G100/><REACH who="3" ten="214,219,293,264" step="2"/><T104/><D32/><U43/><E120/><V70/><F102/><W106/><G106/><T118/><D104/><U7/><E127/><V64/><F101/><W47/><G47/><T86/><D118/><U81/><E45/><V8/><F70/><W18/><G18/><T107/><D107/><U77/><E68/><V108/><F71/><W60/><G60/><T96/><D19/><U28/><E63/><V90/><F108/><W1/><G1/><T14/><D44/><U89/><E30/><V5/><F57/><W55/><G55/><T95/><D41/><U122/><E42/><V93/><F64/><W82/><G82/><N who="0" m="47431" /><D92/><U80/><E43/><V99/><F66/><W59/><G59/><T91/><D27/><U94/><E24/><V97/><F54/><W11/><G11/><T87/><D25/><U121/><E40/><V62/><F53/><W135/><G135/><T31/><D31/><U117/><E28/><V0/><F0/><W72/><G72/><T105/><D14/><U10/><E121/><V103/><F13/><RYUUKYOKU ba="1,1" sc="214,15,219,-15,293,-15,264,15" hai0="15,17,21,50,51,87,91,95,96,105" hai3="2,9,16,22,26,56,58,61,67,69,73,78,83" /><INIT seed="3,2,1,2,0,82" ten="229,204,278,279" oya="3" hai0="133,62,3,29,57,45,85,8,97,86,72,7,111" hai1="108,135,74,35,9,94,44,54,107,93,106,61,31" hai2="49,18,22,127,33,40,67,73,79,6,69,38,130" hai3="95,110,55,101,37,10,87,47,60,109,16,75,24"/><W103/><G75/><T84/><D72/><U77/><E135/><V117/><F33/><W5/><G37/><T132/><D29/><U125/><E125/><V65/><F117/><W98/><G103/><T28/><D28/><U102/><E108/><N who="3" m="41578" /><G87/><T80/><D111/><U11/><E74/><V12/><F38/><W25/><G16/><T76/><D45/><U134/><E77/><V19/><F19/><W88/><G101/><T58/><D58/><U51/><E134/><N who="0" m="51817" /><D97/><U83/><E83/><V48/><F73/><W90/><G90/><T71/><D71/><U124/><E124/><V105/><F69/><W21/><G21/><T15/><D3/><U53/><E106/><V2/><F105/><W42/><G42/><T116/><D116/><U52/><E107/><V92/><F40/><W81/><G81/><T50/><D50/><U56/><E54/><AGARI ba="2,1" hai="7,8,15,54,57,62,76,80,84,85,86" m="51817" machi="54" ten="30,7700,0" yaku="20,1,52,3" doraHai="82" who="0" fromWho="1" sc="229,93,204,-83,278,0,279,0" owari="322,42.2,121,-37.9,278,-12.2,279,7.9" /></mjloggm>