<mjloggm ver="2.3"><GO type="225" lobby="0"/><UN n0="%72%69%6F%75%63%68%61%6E" n1="%E5%8D%A0%E3%81%84%E5%B8%AB%E8%A3%8F%E3%81%AA%E3%81%84%E3%81%97" n2="%E3%81%BD%E3%82%8D" n3="%E3%81%B5%E3%81%98%E3%81%8B%E3%81%A4" dan="16,17,16,17" rate="2196.31,2187.94,2138.34,2214.10" sx="M,M,M,M"/><TAIKYOKU oya="0"/><INIT seed="0,0,0,0,0,64" ten="250,250,250,250" oya="0" hai0="46,61,33,35,75,10,69,73,89,112,51,96,84" hai1="59,95,8,86,118,39,68,81,129,78,0,70,83" hai2="20,6,29,93,97,25,99,7,115,32,121,48,130" hai3="16,103,94,13,37,101,12,50,111,38,113,42,72"/><T67/><D112/><U134/><E118/><V92/><F115/><W62/><G113/><T60/><D96/><U30/><E30/><V104/><F104/><W128/><G72/><T15/><D60/><U9/><E134/><V77/><F77/><W49/><G111/><T135/><D135/><U28/><E28/><V133/><F133/><W52/><G62/><T31/><D31/><U71/><E129/><V122/><F130/><W123/><G12/><T126/><D126/><U117/><E117/><V76/><F76/><W107/><G107/><T87/><D87/><U88/><E39/><V34/><F48/><W116/><G116/><T3/><D3/><U65/><E0/><V11/><F29/><W80/><G80/><T120/><D120/><U56/><E83/><V45/><F20/><N who="3" m="11279" /><G123/><T82/><D75/><U47/><E47/><V106/><F106/><W24/><G24/><T108/><D108/><U58/><REACH who="1" step="1"/><E65/><REACH who="1" ten="250,240,250,250" step="2"/><V40/><F45/><N who="3" m="25783" /><G128/><T105/><D73/><AGARI ba="0,1" hai="8,9,56,58,59,68,70,71,73,78,81,86,88,95" machi="73" ten="50,8000,1" yaku="1,1,52,3,54,1,53,0" doraHai="64" doraHaiUra="26" who="1" fromWho="0" sc="250,-80,240,90,250,0,250,0" /><INIT seed="1,0,0,3,5,50" ten="170,330,250,250" oya="1" hai0="92,97,36,20,2,12,17,48,73,4,31,47,108" hai1="49,57,100,13,75,116,28,10,128,59,102,72,112" hai2="117,15,62,63,11,80,127,54,109,35,26,118,96" hai3="121,44,71,25,107,18,24,32,9,41,85,77,70"/><U120/><E112/><V124/><F96/><W93/><G121/><T61/><D108/><U84/><E120/><V91/><F109/><W110/><G107/><T126/><D126/><N who="2" m="48170" /><F26/><W67/><G110/><T74/><D36/><U66/><E128/><V111/><F35/><W30/><G25/><T5/><D31/><U101/><E28/><V23/><F23/><W68/><G67/><T105/><D105/><U81/><E116/><V1/><F1/><W51/><G93/><T7/><D2/><U21/><E21/><V45/><F111/><W39/><G39/><T38/><D61/><N who="2" m="23050" /><F91/><W6/><G18/><T19/><D38/><U22/><E22/><V29/><F80/><W132/><G132/><T79/><D17/><U82/><E82/><V46/><F29/><W88/><G71/><T0/><D79/><U78/><E66/><V58/><F15/><N who="3" m="5559" /><G88/><T123/><D0/><U14/><E14/><V33/><F11/><W60/><G85/><T113/><D113/><U95/><E75/><V64/><F64/><W131/><G77/><T135/><D135/><U40/><E72/><V125/><F33/><W103/><G131/><T69/><D69/><N who="3" m="26729" /><G60/><T119/><D119/><N who="2" m="45578" /><F125/><W53/><G103/><T16/><D123/><U134/><E95/><V52/><F58/><W133/><G133/><T99/><D19/><N who="1" m="8631" /><E134/><V43/><F46/><AGARI ba="0,0" hai="40,46,49,57,59,78,81,84,100,101,102" m="8631" machi="46" ten="30,1500,0" yaku="8,1" doraHai="50" who="1" fromWho="2" sc="170,0,330,15,250,-15,250,0" /><INIT seed="1,1,0,5,5,19" ten="170,345,235,250" oya="1" hai0="59,135,125,131,72,11,39,128,45,120,130,104,33" hai1="73,49,69,108,52,97,22,124,25,78,94,129,44" hai2="10,27,126,2,109,34,40,41,77,99,80,91,101" hai3="37,81,96,20,17,133,36,58,29,119,46,30,0"/><U95/><E124/><V65/><F109/><W100/><G0/><T28/><D72/><U51/><E108/><V123/><F123/><W86/><G119/><T88/><D104/><U132/><E69/><V21/><F126/><W122/><G122/><T4/><D125/><U71/><E71/><V7/><F34/><W48/><G133/><T93/><D120/><U14/><E132/><V87/><F65/><W15/><G58/><T85/><D135/><U32/><E32/><V84/><F87/><W106/><G36/><T3/><D59/><U12/><E73/><V79/><F79/><W98/><G98/><T121/><D121/><U38/><E78/><V115/><F115/><W74/><G74/><T47/><REACH who="0" step="1"/><D39/><REACH who="0" ten="160,345,235,250" step="2"/><U68/><E38/><V83/><F77/><W116/><G37/><T50/><D50/><U6/><E51/><V82/><F40/><W31/><G116/><T1/><D1/><U56/><E49/><V9/><F41/><W54/><G48/><T89/><D89/><U112/><E68/><V70/><F70/><W110/><G110/><T105/><D105/><U61/><E56/><V76/><F76/><N who="3" m="46375" /><G46/><T118/><D118/><U60/><E44/><V63/><F63/><W92/><G106/><T127/><D127/><U66/><E61/><V18/><REACH who="2" step="1"/><F9/><REACH who="2" ten="160,345,225,250" step="2"/><N who="3" m="6383" /><G54/><T113/><D113/><U13/><E52/><V26/><F26/><AGARI ba="1,2" hai="20,26,29,30,31,92,96,100" m="6383,46375" machi="26" ten="30,2000,0" yaku="8,1,52,1" doraHai="19" who="3" fromWho="2" sc="160,0,345,0,225,-23,250,43" /><AGARI ba="1,0" hai="3,4,11,26,28,33,45,47,85,88,93,128,130,131" machi="26" ten="40,8000,1" yaku="1,1,19,1,54,1,53,2" doraHai="19" doraHaiUra="43" who="0" fromWho="2" sc="160,80,345,0,202,-80,293,0" /><INIT seed="2,0,0,4,4,89" ten="240,345,122,293" oya="2" hai0="91,58,45,13,31,103,55,10,23,121,59,87,66" hai1="43,12,109,14,15,9,118,28,119,3,125,8,21" hai2="106,124,117,76,27,63,40,67,130,62,1,35,97" hai3="93,72,112,70,126,71,20,73,38,114,48,108,46"/><V37/><F117/><N who="1" m="44553" /><E43/><V116/><F116/><W42/><G108/><T122/><D103/><U60/><E60/><V80/><F130/><W0/><G0/><T64/><D122/><U7/><E109/><V4/><F124/><W74/><G126/><T90/><D121/><U32/><E125/><V52/><F62/><W6/><G6/><N who="0" m="3287" /><D45/><U65/><E65/><N who="0" m="25193" /><D55/><U98/><E98/><V105/><F97/><W47/><G20/><T17/><D31/><U134/><E134/><V100/><F100/><W44/><G44/><T78/><D78/><U51/><E51/><V102/><F40/><W92/><G47/><T107/><D107/><U77/><E77/><V49/><F37/><W24/><G24/><N who="0" m="14447" /><D91/><U113/><E113/><N who="3" m="43626" /><G38/><T132/><D132/><U104/><E104/><V18/><F102/><W135/><G135/><T50/><D50/><U25/><E9/><V53/><F49/><W2/><G2/><T22/><D22/><AGARI ba="0,0" hai="3,7,8,12,14,15,21,22,25,28,32" m="44553" machi="22" ten="30,2000,0" yaku="34,2" doraHai="89" who="1" fromWho="0" sc="240,-20,345,20,122,0,293,0" /><INIT seed="3,0,0,2,2,13" ten="220,365,122,293" oya="3" hai0="120,21,88,117,23,130,123,73,131,98,11,51,2" hai1="122,46,104,89,61,12,78,66,94,83,92,1,116" hai2="34,57,81,69,109,133,68,99,29,44,45,64,87" hai3="72,7,18,84,115,40,37,135,71,70,16,53,27"/><W8/><G115/><T42/><D117/><U38/><E122/><N who="0" m="46633" /><D73/><U9/><E1/><V107/><F109/><W36/><G72/><T134/><D134/><U49/><E38/><V6/><F133/><W82/><G135/><T10/><D88/><U132/><E104/><V75/><F75/><W17/><G27/><T50/><D98/><U5/><E116/><V76/><F6/><W3/><G53/><T106/><D106/><U62/><E132/><V127/><F57/><W20/><G20/><N who="0" m="7755" /><D42/><N who="1" m="24791" /><E78/><V101/><F69/><W105/><G105/><T110/><D110/><U129/><E129/><N who="0" m="49161" /><D2/><U19/><E83/><V118/><F118/><W28/><G37/><T97/><D97/><U95/><E66/><V33/><F127/><W103/><G103/><T65/><D65/><U80/><E80/><V43/><F33/><W112/><G112/><T58/><D58/><U111/><E89/><V108/><F43/><W96/><G96/><T25/><D25/><U60/><E111/><V24/><REACH who="2" step="1"/><F108/><REACH who="2" ten="220,365,112,293" step="2"/><W54/><G71/><T4/><D4/><AGARI ba="0,1" hai="4,5,9,12,19,60,61,62,92,94,95" m="24791" machi="4" ten="30,2000,0" yaku="8,1,52,1" doraHai="13" who="1" fromWho="0" sc="220,-20,365,30,112,0,293,0" owari="200,-20.0,395,49.5,112,-38.8,293,9.3" /></mjloggm>