<mjloggm ver="2.3"><GO type="225" lobby="0"/><UN n0="%E9%89%A2%E5%B7%BB%E3%82%AC%E3%83%96" n1="%48%61%61%61%6C%61%6E%64" n2="%E3%81%99%E3%81%84%E3%81%BE%E3%81%9B%E3%83%BC%E3%82%93" n3="%6B%69%6D%38" dan="16,18,16,18" rate="2077.39,2234.25,2125.13,2194.62" sx="M,M,M,M"/><TAIKYOKU oya="0"/><INIT seed="0,0,0,2,2,9" ten="250,250,250,250" oya="0" hai0="55,89,31,72,40,96,64,110,104,29,41,3,76" hai1="85,66,5,63,15,131,27,46,26,30,19,62,12" hai2="24,102,84,0,4,8,114,123,132,73,54,128,43" hai3="78,49,18,83,98,39,1,101,34,17,68,116,51"/><T52/><D3/><U36/><E131/><V14/><F123/><W93/><G116/><T117/><D117/><U74/><E74/><V16/><F73/><W57/><G68/><T124/><D124/><U32/><E5/><V112/><F128/><W80/><G39/><T79/><D64/><U88/><E36/><V69/><F69/><W97/><G1/><T60/><D72/><U59/><E46/><V28/><F43/><N who="0" m="16458" /><D104/><U21/><REACH who="1" step="1"/><E63/><REACH who="1" ten="250,240,250,250" step="2"/><V67/><F4/><W37/><G37/><T133/><D133/><U103/><E103/><V45/><F102/><W107/><G101/><T106/><D106/><U129/><E129/><V125/><F45/><W122/><G107/><T94/><D110/><U91/><E91/><V127/><F132/><W35/><G35/><T109/><D109/><U56/><E56/><V71/><F71/><W135/><G34/><T48/><D60/><U13/><E13/><V82/><F0/><W90/><G135/><T20/><D48/><U113/><E113/><V33/><F114/><W99/><G90/><T134/><D134/><U119/><E119/><V38/><F38/><W10/><G49/><T50/><D50/><U111/><E111/><V81/><F112/><W7/><G51/><T126/><D126/><U115/><E115/><V70/><F127/><W42/><G57/><T95/><D89/><U121/><E121/><V120/><F120/><W25/><G122/><T92/><D79/><U2/><E2/><V61/><F125/><W58/><G78/><T87/><D76/><U108/><E108/><V44/><F84/><W118/><G118/><RYUUKYOKU ba="0,1" sc="250,-15,240,15,250,15,250,-15" hai1="12,15,19,21,26,27,30,32,59,62,66,85,88" hai2="8,14,16,24,28,33,44,54,61,67,70,81,82" /><INIT seed="1,1,1,3,4,94" ten="235,255,265,235" oya="1" hai0="5,34,59,56,9,122,76,18,118,70,77,51,0" hai1="6,25,32,91,101,90,7,104,24,105,52,57,72" hai2="96,12,16,60,41,53,14,29,54,128,92,123,65" hai3="95,124,87,103,112,2,93,35,58,88,33,22,62"/><U80/><E72/><V133/><F123/><W127/><G2/><T23/><D118/><U61/><E104/><V64/><F128/><W81/><G112/><T114/><D114/><U45/><E45/><V85/><F133/><W47/><G47/><T73/><D70/><U106/><E106/><V111/><F111/><W107/><G107/><T20/><D20/><U78/><E6/><V119/><F119/><W63/><G63/><T89/><D73/><U15/><E7/><V8/><F29/><W26/><G35/><T125/><D125/><N who="3" m="48201" /><G33/><T38/><D38/><U102/><E15/><V109/><F85/><W129/><G103/><T11/><D11/><U113/><E113/><V79/><F79/><W134/><G134/><T130/><D89/><U126/><E126/><V121/><F41/><W36/><G36/><T40/><D40/><U44/><E44/><V115/><F109/><W21/><G129/><T116/><D116/><U27/><E32/><V99/><F121/><W82/><G95/><T46/><D34/><U86/><REACH who="1" step="1"/><E102/><REACH who="1" ten="235,245,265,235" step="2"/><V74/><F74/><W48/><G21/><T132/><D130/><U19/><E19/><V68/><F16/><N who="3" m="12615" /><G48/><T13/><D132/><U39/><E39/><V31/><F115/><W42/><G42/><N who="0" m="25047" /><D122/><U28/><E28/><V43/><F31/><W50/><G50/><T84/><D0/><U1/><E1/><V100/><F43/><W3/><G3/><T37/><D37/><U98/><AGARI ba="1,2" hai="24,25,27,52,57,61,78,80,86,90,91,98,101,105" machi="98" ten="30,11700,0" yaku="1,1,0,1,52,1,54,1,53,0" doraHai="94" doraHaiUra="71" who="1" fromWho="1" sc="235,-40,245,140,265,-40,235,-40" /><INIT seed="1,2,0,0,4,117" ten="195,385,225,195" oya="1" hai0="65,6,32,104,2,129,80,116,63,58,73,98,95" hai1="105,126,29,71,130,19,46,106,131,64,41,125,23" hai2="85,112,97,108,120,43,82,36,100,92,78,5,26" hai3="66,76,119,127,135,40,54,113,44,110,8,87,27"/><U132/><E29/><V89/><F108/><W74/><G113/><T20/><D116/><U51/><E71/><V69/><F69/><W12/><G119/><T39/><D32/><U81/><E64/><V83/><F5/><W16/><G110/><T99/><D39/><U45/><E81/><V18/><F43/><W114/><G114/><T38/><D38/><U13/><E46/><V91/><F36/><W10/><G74/><T68/><D129/><N who="1" m="49163" /><E132/><V61/><F61/><W48/><G127/><AGARI ba="2,0" hai="13,19,23,41,45,51,105,106,125,126,127" m="49163" machi="127" ten="30,2900,0" yaku="18,1,19,1" doraHai="117" who="1" fromWho="3" sc="195,0,385,35,225,0,195,-35" /><INIT seed="1,3,0,4,5,121" ten="195,420,225,160" oya="1" hai0="10,0,119,18,129,125,95,62,44,4,45,127,73" hai1="54,42,134,61,8,25,106,1,113,15,94,3,75" hai2="80,57,59,36,13,74,72,70,17,49,28,65,118" hai3="104,50,19,102,111,37,16,24,120,69,85,46,47"/><U35/><E106/><V98/><F118/><W97/><G120/><T2/><D119/><U11/><E75/><V6/><F36/><W91/><G69/><T133/><D73/><U22/><E42/><V71/><F6/><W109/><G37/><T66/><D0/><N who="1" m="75" /><E94/><V32/><F74/><W26/><G26/><T41/><D129/><U90/><E90/><V51/><F98/><W122/><G122/><T34/><D133/><U108/><E54/><V89/><F71/><W84/><G84/><T52/><D34/><U55/><E55/><V124/><F70/><W30/><G16/><T67/><D18/><N who="1" m="10591" /><E61/><V38/><F38/><W101/><G19/><T81/><D95/><U5/><E113/><V58/><F65/><W99/><G102/><T126/><D81/><U110/><E134/><V103/><F103/><W117/><G99/><T39/><REACH who="0" step="1"/><D44/><REACH who="0" ten="185,420,225,160" step="2"/><U92/><E92/><V33/><F80/><W53/><G117/><T63/><D63/><U23/><E35/><V68/><F33/><W128/><G46/><T76/><D76/><U9/><E5/><V82/><F82/><W31/><G128/><T83/><D83/><U14/><E14/><V29/><F13/><W12/><G12/><T88/><D88/><U43/><E43/><V96/><F89/><W78/><G78/><T21/><D21/><U107/><E107/><V40/><F32/><N who="3" m="20551" /><G91/><T115/><D115/><U86/><E86/><V20/><F72/><W93/><G85/><T7/><D7/><U56/><E23/><V77/><F20/><W60/><G60/><T123/><D123/><U105/><E105/><RYUUKYOKU ba="3,1" sc="185,30,420,-10,225,-10,160,-10" hai0="2,4,10,39,41,45,52,62,66,67,125,126,127" /><INIT seed="2,4,1,0,0,117" ten="215,410,215,150" oya="2" hai0="124,87,132,89,91,93,18,59,15,76,97,23,53" hai1="105,88,130,134,103,11,99,45,64,133,126,44,1" hai2="115,5,42,40,37,101,4,16,0,30,66,77,20" hai3="84,54,119,24,36,14,19,98,67,83,110,61,135"/><V70/><F115/><W106/><G119/><T109/><D109/><U69/><E126/><V7/><F0/><W123/><G36/><T49/><D132/><N who="1" m="50795" /><E130/><V62/><F37/><W82/><G135/><T27/><D124/><U52/><E64/><V108/><F108/><W92/><G106/><T114/><D114/><U25/><E69/><V50/><F30/><W56/><G110/><T65/><D65/><U55/><E25/><V48/><F101/><W78/><G83/><T68/><D68/><U35/><E35/><V81/><F42/><W94/><G123/><T17/><D76/><U86/><E11/><V79/><F40/><W10/><G24/><T38/><D38/><U51/><E1/><V33/><F33/><W102/><G92/><N who="0" m="54335" /><D15/><U74/><E74/><V31/><F31/><AGARI ba="4,1" hai="17,18,23,27,31,49,53,59,91,93,97" m="54335" machi="31" ten="30,1000,0" yaku="8,1" doraHai="117" who="0" fromWho="2" sc="215,32,410,0,215,-22,150,0" /><INIT seed="3,0,0,2,5,82" ten="247,410,193,150" oya="3" hai0="81,91,52,5,21,123,39,66,127,75,128,125,111" hai1="87,57,50,40,51,38,86,56,46,79,131,115,41" hai2="114,58,78,17,19,95,47,122,69,42,45,113,96" hai3="77,133,62,76,121,49,70,25,59,130,134,61,13"/><W73/><G121/><T3/><D123/><U53/><E115/><V9/><F69/><W72/><G25/><T29/><D39/><U65/><E131/><V34/><F34/><W14/><G49/><T110/><D66/><U124/><E124/><N who="0" m="47689" /><D128/><U15/><E79/><N who="3" m="30282" /><G70/><T104/><D104/><U101/><E101/><V94/><F122/><W18/><G130/><T7/><D75/><N who="3" m="28745" /><G59/><T37/><D37/><U100/><E38/><V129/><F129/><W120/><G120/><T48/><D91/><U54/><E100/><V6/><F58/><W93/><G93/><T16/><D81/><U126/><E126/><V30/><F78/><W33/><G33/><T12/><D29/><U103/><E103/><V108/><F30/><W43/><G43/><N who="1" m="16458" /><E15/><N who="3" m="5642" /><G18/><T135/><D48/><U31/><E31/><V107/><F107/><W26/><G26/><T85/><D16/><U55/><E55/><V27/><F27/><W35/><G35/><T105/><D52/><U8/><E53/><V10/><F42/><W67/><G67/><T132/><D105/><U117/><E65/><V106/><F106/><W97/><G97/><T20/><D12/><U71/><E71/><V92/><F92/><W64/><G64/><T28/><D28/><U98/><E56/><V4/><F96/><W118/><G118/><T24/><D24/><U89/><E117/><V116/><F116/><W112/><G112/><T102/><D102/><U44/><E57/><V2/><F2/><W99/><G99/><T63/><D3/><U68/><E68/><V119/><F119/><W90/><G90/><T88/><D88/><RYUUKYOKU ba="0,0" sc="247,-15,410,-15,193,15,150,15" hai2="4,6,9,10,17,19,45,47,94,95,108,113,114" hai3="61,62,133,134" /><INIT seed="3,1,0,2,5,33" ten="232,395,208,165" oya="3" hai0="71,67,92,57,5,39,3,15,120,36,77,0,116" hai1="105,79,106,37,93,29,72,65,60,47,109,91,63" hai2="51,107,49,104,50,18,94,128,64,122,43,42,81" hai3="73,70,96,46,124,76,74,45,129,35,118,2,89"/><W125/><G2/><T127/><D71/><U54/><E109/><V117/><F117/><W90/><G35/><T78/><D15/><U17/><E29/><V75/><F128/><W100/><G70/><T53/><D57/><U52/><E79/><V87/><F64/><W82/><G45/><T22/><D22/><U68/><E72/><N who="3" m="27754" /><G46/><T135/><D92/><U23/><E60/><V14/><F75/><N who="3" m="43295" /><G118/><T11/><D116/><U88/><E54/><V134/><F122/><W62/><G62/><T12/><D12/><U7/><E7/><V84/><F107/><N who="3" m="63879" /><G129/><T61/><D61/><U108/><E52/><V58/><F58/><W112/><G112/><T133/><D53/><U24/><E23/><V113/><F113/><W97/><G97/><T56/><D56/><U8/><E17/><V13/><F18/><W25/><G25/><T27/><D27/><U48/><E24/><V19/><F19/><W21/><G21/><T110/><D5/><U131/><E131/><V130/><F130/><W31/><G31/><T102/><D11/><U95/><E8/><V121/><F43/><W10/><G10/><T20/><D20/><U115/><E115/><V40/><F40/><W114/><G114/><T66/><D39/><U98/><E37/><V111/><F42/><W59/><G59/><T34/><D36/><U80/><E68/><V132/><F14/><W38/><G38/><T101/><D34/><U6/><E65/><V126/><F13/><W69/><G69/><T28/><D28/><U123/><E63/><V1/><F1/><W30/><G30/><T99/><D3/><RYUUKYOKU ba="1,0" sc="232,-10,395,-10,208,-10,165,30" hai3="89,90,124,125" /><INIT seed="3,2,0,4,1,97" ten="222,385,198,195" oya="3" hai0="69,37,131,121,91,42,9,71,123,51,105,104,49" hai1="88,81,90,58,125,120,10,82,109,34,52,101,80" hai2="130,89,122,55,0,8,32,25,102,75,54,43,96" hai3="98,127,14,47,79,86,73,24,114,50,74,116,61"/><W70/><G114/><T28/><D28/><U44/><E120/><V2/><F75/><W66/><G116/><T92/><D37/><U108/><E34/><V26/><F122/><W117/><G117/><T65/><D123/><U128/><E125/><V22/><F130/><W135/><G135/><T93/><D131/><U19/><E128/><V106/><F43/><W30/><G127/><T36/><D36/><U21/><E101/><V64/><F64/><W46/><G14/><T99/><D9/><U95/><E44/><V16/><F89/><W118/><G118/><T62/><D71/><U103/><E10/><V129/><F129/><W132/><G132/><T20/><D20/><U84/><E103/><V107/><F106/><W83/><G98/><T38/><D38/><U76/><E90/><V60/><F60/><W112/><G112/><T119/><D51/><N who="1" m="31007" /><E76/><V3/><REACH who="2" step="1"/><F8/><REACH who="2" ten="222,385,188,195" step="2"/><W15/><G15/><AGARI ba="2,1" hai="15,19,21,80,81,82,84,88,95,108,109" m="31007" machi="15" ten="30,3900,0" yaku="25,1,54,2" doraHai="97" who="1" fromWho="3" sc="222,0,385,55,188,0,195,-45" owari="222,2.2,440,54.0,188,-21.2,150,-35.0" /></mjloggm>