<mjloggm ver="2.3"><GO type="225" lobby="0"/><UN n0="%E7%B4%94%E6%BD%94%E3%83%94%E3%83%A9%E3%83%8B%E3%82%A2" n1="%E3%81%A9%E3%82%93%E3%82%88%E3%81%8F%4D%6B%2E%32" n2="%E5%84%AA%40%41%42%43" n3="%E3%81%99%E3%81%84%E3%81%BE%E3%81%9B%E3%83%BC%E3%82%93" dan="18,16,18,16" rate="2303.18,2133.60,2242.89,2088.87" sx="M,M,M,M"/><TAIKYOKU oya="0"/><INIT seed="0,0,0,2,0,121" ten="250,250,250,250" oya="0" hai0="128,92,54,81,47,2,72,125,68,24,5,100,27" hai1="29,101,93,103,3,53,77,9,89,110,43,112,31" hai2="79,56,4,98,75,8,63,116,102,6,115,34,59" hai3="130,38,73,87,11,113,7,111,84,114,23,64,123"/><T129/><D68/><U70/><E70/><V133/><F115/><W66/><G73/><T12/><D2/><U18/><E77/><V35/><F133/><W69/><G38/><T44/><D125/><U71/><E71/><V109/><F116/><W105/><G105/><T15/><D72/><U0/><E43/><V95/><F6/><W57/><G69/><T32/><D81/><U17/><E53/><V78/><F56/><W122/><G23/><T37/><D37/><U82/><E82/><V42/><F42/><W124/><G124/><T25/><D32/><U134/><E89/><V21/><F21/><W88/><G130/><N who="0" m="50283" /><D5/><U46/><E46/><N who="0" m="17449" /><D54/><U45/><E45/><V120/><F35/><W22/><G22/><T135/><D135/><U106/><E134/><V50/><F34/><W127/><G127/><T19/><D19/><U65/><E18/><V58/><F75/><W49/><G7/><T10/><D10/><U90/><E17/><V91/><F8/><W94/><G11/><T14/><D92/><U108/><E9/><V97/><F4/><W20/><G20/><T67/><D100/><N who="1" m="38475" /><E112/><V16/><F16/><W26/><G94/><T86/><D86/><N who="1" m="52439" /><E65/><AGARI ba="0,0" hai="12,14,15,24,25,27,65,67" m="17449,50283" machi="65" ten="40,7700,0" yaku="28,2,19,1" doraHai="121" who="0" fromWho="1" sc="250,77,250,-77,250,0,250,0" /><INIT seed="0,1,0,2,1,81" ten="327,173,250,250" oya="0" hai0="110,36,68,128,100,54,126,43,96,46,118,127,1" hai1="109,38,97,48,16,31,132,135,41,64,24,55,27" hai2="13,32,59,2,25,122,8,45,102,34,12,119,39" hai3="73,0,115,5,37,63,22,101,114,85,69,14,26"/><T99/><D118/><U133/><E109/><V113/><F39/><W134/><G73/><T72/><D72/><U11/><E64/><V124/><F45/><W125/><G37/><T58/><D110/><U80/><E38/><V105/><F59/><W7/><G0/><T67/><D1/><U83/><E41/><V42/><F42/><W62/><G134/><T121/><D121/><U93/><E27/><V44/><F44/><W52/><G101/><T79/><D79/><U76/><E11/><V74/><F102/><W112/><G125/><N who="0" m="47627" /><D128/><U9/><E9/><V88/><F105/><W108/><G108/><T50/><D100/><U15/><E31/><V116/><F88/><W4/><G69/><T61/><AGARI ba="1,0" hai="36,43,46,50,54,58,61,67,68,96,99" m="47627" machi="61" ten="30,3000,0" yaku="24,1,18,1" doraHai="81" who="0" fromWho="0" sc="327,33,173,-11,250,-11,250,-11" /><INIT seed="0,2,0,5,1,86" ten="360,162,239,239" oya="0" hai0="123,9,55,111,44,118,108,91,3,102,77,13,99" hai1="94,29,62,101,43,132,25,127,90,34,57,107,121" hai2="96,120,67,66,131,75,5,68,134,38,60,100,117" hai3="26,6,106,133,124,7,93,80,95,41,10,104,51"/><T15/><D118/><U69/><E121/><V18/><F120/><W40/><G124/><T74/><D123/><U24/><E43/><V119/><F75/><W98/><G133/><T84/><D77/><U1/><E1/><V72/><F72/><W36/><G36/><T76/><D76/><U32/><E127/><V4/><F38/><W46/><G41/><T47/><D74/><U11/><E11/><V109/><F109/><N who="0" m="42058" /><D3/><U2/><E2/><V0/><F131/><W27/><G80/><N who="0" m="49543" /><D55/><U65/><E132/><V56/><F134/><W21/><G27/><T50/><D50/><U53/><E24/><V88/><F0/><W59/><G51/><T63/><D63/><U83/><E83/><V49/><F49/><W20/><G26/><T48/><D48/><U81/><E81/><V79/><F79/><W23/><G40/><T52/><D52/><U126/><E126/><V37/><F37/><W39/><G39/><T103/><D103/><U12/><E101/><V64/><F100/><W78/><G78/><T112/><D112/><U116/><E116/><V113/><F113/><W129/><G129/><T19/><D13/><U73/><E12/><V115/><F115/><W30/><G46/><T87/><D87/><N who="1" m="52575" /><E73/><V128/><F128/><W125/><G125/><T28/><D28/><U92/><E34/><V70/><F119/><W105/><G30/><T97/><D97/><U89/><E53/><N who="2" m="33807" /><F117/><W31/><G31/><T8/><D8/><U71/><E107/><AGARI ba="2,0" hai="9,15,19,44,47,99,102,107" m="49543,42058" machi="107" ten="30,5800,0" yaku="14,1,10,1,52,1" doraHai="86" who="0" fromWho="1" sc="360,64,162,-64,239,0,239,0" /><INIT seed="0,3,0,4,0,85" ten="424,98,239,239" oya="0" hai0="47,75,19,130,107,27,72,90,36,115,133,13,120" hai1="25,14,55,116,42,111,89,127,94,97,54,39,109" hai2="79,93,2,52,43,99,125,37,86,70,101,81,68" hai3="0,78,35,135,131,64,32,124,16,132,134,113,122"/><T104/><D27/><U23/><E116/><V18/><F125/><W44/><G113/><T71/><D71/><U76/><E127/><V87/><F2/><W100/><G124/><T10/><D115/><U8/><E76/><V80/><F37/><W24/><G78/><T26/><D26/><U53/><E42/><V74/><F43/><W110/><G64/><T98/><D120/><U28/><REACH who="1" step="1"/><E39/><REACH who="1" ten="424,88,239,239" step="2"/><V63/><F74/><W106/><G122/><T12/><D36/><U103/><E103/><V17/><F70/><W77/><G77/><T91/><D130/><U21/><E21/><V117/><F68/><W58/><G100/><T114/><D114/><U118/><E118/><V126/><F117/><W20/><G131/><T9/><D133/><U1/><E1/><V30/><F126/><W51/><G0/><T11/><D11/><U121/><E121/><V6/><F79/><W105/><G135/><T34/><D34/><U4/><AGARI ba="3,1" hai="4,8,14,23,25,28,53,54,55,89,94,97,109,111" machi="4" ten="30,4000,0" yaku="1,1,0,1,52,1,53,0" doraHai="85" doraHaiUra="69" who="1" fromWho="1" sc="424,-23,88,59,239,-13,239,-13" /><INIT seed="1,0,0,3,1,117" ten="401,147,226,226" oya="1" hai0="101,39,81,107,82,73,57,89,96,75,115,85,60" hai1="44,86,100,43,17,92,58,36,16,10,97,87,61" hai2="50,29,13,28,26,42,113,131,15,38,121,133,37" hai3="83,116,20,51,90,134,49,48,79,127,21,91,76"/><U45/><E45/><V9/><F133/><W32/><G32/><T124/><D39/><U67/><E10/><V56/><F131/><W6/><G134/><T129/><D129/><U24/><E24/><V111/><F111/><W31/><G116/><T2/><D2/><U88/><REACH who="1" step="1"/><E87/><REACH who="1" ten="401,137,226,226" step="2"/><V104/><F26/><W22/><G21/><T94/><D85/><U65/><E65/><V106/><F9/><W34/><G22/><T25/><D25/><U119/><E119/><V72/><F38/><W68/><G20/><T122/><D75/><U69/><E69/><V93/><F37/><W62/><G68/><T35/><D73/><U103/><E103/><V135/><F72/><W59/><G59/><T46/><D101/><U102/><E102/><V8/><F8/><W33/><G33/><T78/><D35/><U19/><E19/><V40/><F56/><W95/><G34/><T54/><D46/><U74/><E74/><V108/><F29/><W110/><G31/><T0/><D57/><U64/><E64/><V125/><F28/><W30/><G30/><T130/><D130/><U1/><E1/><V118/><F118/><W66/><G66/><T84/><D0/><U55/><E55/><V63/><F13/><W41/><G41/><T14/><D54/><U3/><E3/><V11/><F15/><W27/><G27/><T98/><D14/><U80/><AGARI ba="0,1" hai="16,17,36,43,44,58,61,67,80,86,88,92,97,100" machi="80" ten="20,12000,1" yaku="1,1,0,1,7,1,54,2,53,0" doraHai="117" doraHaiUra="112" who="1" fromWho="1" sc="401,-40,137,130,226,-40,226,-40" /><INIT seed="1,1,0,2,2,55" ten="361,267,186,186" oya="1" hai0="103,69,87,5,45,43,14,101,111,27,83,105,49" hai1="100,129,44,74,122,21,130,102,97,117,16,128,95" hai2="10,22,9,127,93,64,0,2,72,50,78,57,37" hai3="52,86,62,91,35,123,54,26,96,66,36,46,6"/><U38/><E117/><V92/><F37/><W109/><G123/><T79/><D69/><U17/><E122/><V24/><F127/><W99/><G109/><T134/><D111/><U135/><E74/><V7/><F72/><W67/><G6/><T25/><D134/><U42/><E135/><V133/><F133/><W75/><G75/><T114/><D114/><U60/><E60/><V76/><F0/><W11/><G11/><N who="2" m="4105" /><F7/><W98/><G67/><T33/><D33/><U58/><E58/><V48/><F2/><W118/><G118/><T132/><D105/><U56/><E56/><V39/><F39/><W80/><G36/><T115/><D115/><U12/><E17/><V51/><F92/><W31/><REACH who="3" step="1"/><G46/><REACH who="3" ten="361,267,186,176" step="2"/><T108/><D108/><U30/><REACH who="1" step="1"/><E30/><REACH who="1" ten="361,257,186,176" step="2"/><N who="2" m="17687" /><F93/><W94/><G94/><T18/><D5/><U89/><AGARI ba="1,2" hai="12,16,21,38,42,44,89,95,97,100,102,128,129,130" machi="89" ten="30,11700,0" yaku="1,1,0,1,19,1,54,1,53,0" doraHai="55" doraHaiUra="107" who="1" fromWho="1" sc="361,-40,257,140,186,-40,176,-40" /><INIT seed="1,2,0,0,5,54" ten="321,397,146,136" oya="1" hai0="0,7,50,24,17,85,114,100,88,71,1,61,41" hai1="62,29,38,53,58,65,77,39,6,3,27,132,23" hai2="10,52,25,8,67,9,90,28,103,80,45,19,119" hai3="122,34,115,22,4,118,33,131,113,78,128,91,12"/><U31/><E132/><V74/><F119/><W99/><G78/><T57/><D114/><N who="3" m="43529" /><G91/><T49/><D100/><U129/><E129/><N who="3" m="49738" /><G99/><T126/><D71/><U96/><E77/><V48/><F103/><W130/><N who="3" m="49746" /><W20/><DORA hai="117" /><G118/><T82/><D126/><U108/><E108/><V76/><F67/><W83/><G83/><T95/><D41/><U60/><E96/><V92/><F19/><W121/><G4/><T42/><D7/><U84/><E31/><V109/><F109/><W21/><G12/><T66/><D42/><U64/><E64/><V44/><F45/><W43/><G43/><T2/><REACH who="0" step="1"/><D82/><REACH who="0" ten="311,397,146,136" step="2"/><U81/><E6/><V86/><REACH who="2" step="1"/><F8/><REACH who="2" ten="311,397,136,136" step="2"/><W16/><G16/><T35/><D35/><AGARI ba="2,2" hai="9,10,25,28,35,44,48,52,74,76,80,86,90,92" machi="35" ten="30,7700,0" yaku="1,1,2,1,7,1,54,1,53,0" doraHai="54,117" doraHaiUra="18,116" who="2" fromWho="0" sc="311,-83,397,0,136,103,136,0" /><AGARI ba="2,0" hai="20,21,22,33,34,35,121,122" m="49746,43529" machi="35" ten="50,12000,2" yaku="28,2,19,1,34,2,52,2" doraHai="54,117" who="3" fromWho="0" sc="228,-120,397,0,239,0,136,120" /><INIT seed="2,0,0,5,0,27" ten="108,397,239,256" oya="2" hai0="100,128,126,25,114,39,17,81,122,58,13,131,109" hai1="53,135,3,2,118,68,80,16,91,119,36,132,72" hai2="105,45,107,11,41,8,129,127,113,111,64,84,10" hai3="49,56,92,31,24,9,1,57,79,110,65,28,51"/><V42/><F113/><W43/><G110/><T14/><D39/><U15/><E68/><V48/><F129/><N who="0" m="49738" /><D58/><U26/><E36/><V70/><F127/><W104/><G104/><T32/><D81/><U59/><E26/><V33/><F33/><W77/><G92/><T20/><D100/><U50/><E91/><V106/><F111/><W63/><G24/><N who="0" m="14351" /><D109/><U21/><E80/><V88/><F64/><W93/><G93/><T87/><D87/><U61/><E72/><V54/><REACH who="2" step="1"/><F70/><REACH who="2" ten="108,397,229,256" step="2"/><W46/><G65/><T23/><D114/><U99/><E118/><V66/><F66/><W95/><G79/><T103/><D103/><U34/><E119/><V12/><F12/><N who="0" m="4714" /><D126/><U73/><E73/><V115/><F115/><W120/><G77/><T85/><D85/><U123/><E99/><V5/><F5/><W22/><G120/><T71/><D71/><U76/><E123/><V6/><F6/><W130/><G130/><T7/><D7/><U78/><E76/><V67/><F67/><W30/><G1/><T97/><D97/><U4/><E4/><V0/><F0/><W38/><G46/><T37/><D37/><U90/><E78/><V108/><F108/><W102/><G38/><T74/><D74/><U83/><E2/><V69/><F69/><W98/><G98/><T125/><D125/><U75/><E3/><V89/><F89/><W116/><G116/><T101/><D101/><U112/><E75/><V35/><F35/><W134/><G102/><T96/><D96/><U55/><E34/><V82/><AGARI ba="0,1" hai="8,10,11,41,42,45,48,54,82,84,88,105,106,107" machi="82" ten="40,12000,1" yaku="1,1,0,1,54,1,53,1" doraHai="27" doraHaiUra="44" who="2" fromWho="2" sc="108,-40,397,-40,229,130,256,-40" /><INIT seed="2,1,0,1,3,82" ten="68,357,359,216" oya="2" hai0="100,126,30,29,35,0,64,62,111,26,112,105,21" hai1="39,79,63,134,130,28,13,44,10,109,15,110,1" hai2="97,22,91,48,47,59,45,93,77,121,76,8,115" hai3="4,58,120,52,46,123,69,106,133,80,68,33,128"/><V88/><F121/><W95/><G106/><T7/><D112/><U83/><E130/><V54/><F115/><W49/><G33/><T135/><D111/><N who="1" m="42507" /><E134/><V81/><F8/><W131/><G4/><T38/><D135/><U23/><E63/><V40/><F45/><W102/><G80/><T36/><D126/><U118/><E118/><V56/><F59/><W32/><G32/><T103/><D103/><U12/><E28/><V107/><F107/><W50/><G95/><T71/><D30/><U104/><E104/><V72/><F22/><W89/><G89/><T66/><D21/><U20/><E39/><V116/><F116/><W60/><G102/><T19/><D19/><U74/><E44/><V84/><F72/><W119/><G50/><AGARI ba="1,0" hai="40,47,48,50,54,56,76,77,81,84,88,91,93,97" machi="50" ten="30,11600,0" yaku="7,1,8,1,52,1,54,1" doraHai="82" who="2" fromWho="3" sc="68,0,357,0,359,119,216,-119" /><INIT seed="2,2,0,5,3,102" ten="68,357,478,97" oya="2" hai0="90,79,131,17,84,88,99,71,81,44,89,24,113" hai1="28,56,115,11,45,111,64,126,96,77,127,68,112" hai2="43,94,117,123,129,65,86,57,21,92,41,69,39" hai3="51,100,46,72,91,95,48,120,128,78,107,54,25"/><V31/><F123/><W67/><G120/><T36/><D71/><U98/><E28/><V74/><F74/><W97/><G128/><T122/><D131/><U26/><E26/><N who="2" m="16847" /><F69/><W14/><G67/><T119/><D122/><U2/><E68/><V105/><F39/><W135/><G135/><T40/><D113/><U53/><E64/><V38/><F105/><W34/><G14/><T5/><D5/><U29/><E29/><V58/><F38/><W33/><G25/><T114/><D114/><U13/><E2/><V109/><F117/><W93/><G93/><T85/><D99/><U35/><E35/><V63/><F109/><W15/><G15/><T82/><REACH who="0" step="1"/><D119/><REACH who="0" ten="58,357,478,97" step="2"/><U110/><E98/><V7/><F129/><W1/><G1/><T116/><D116/><U49/><E96/><V62/><F7/><W3/><G3/><T59/><D59/><U121/><E56/><V134/><F58/><W124/><G97/><T0/><D0/><U61/><E121/><V22/><F62/><W104/><G104/><T118/><D118/><U55/><E112/><V87/><F63/><W6/><G6/><T8/><D8/><U50/><E115/><V108/><F57/><W75/><G107/><T101/><D101/><U47/><E61/><V42/><F108/><N who="1" m="41513" /><E77/><V4/><F4/><AGARI ba="2,1" hai="4,11,13,45,47,49,50,53,55,126,127" m="41513" machi="4" ten="30,1000,0" yaku="14,1" doraHai="102" who="1" fromWho="2" sc="58,0,357,26,478,-16,97,0" /><INIT seed="3,0,0,0,4,17" ten="58,383,462,97" oya="3" hai0="25,99,32,10,76,117,101,132,125,26,118,51,82" hai1="111,116,68,59,98,35,3,16,7,102,94,38,9" hai2="34,83,6,120,42,124,8,62,29,84,56,129,57" hai3="104,67,18,41,39,66,97,5,30,100,81,107,54"/><W31/><G5/><T128/><D125/><U108/><E68/><V79/><F124/><W46/><G107/><T73/><D128/><U105/><E38/><V130/><F120/><W37/><G37/><T45/><D132/><U89/><E35/><V0/><F42/><W74/><G54/><T53/><D10/><U24/><E116/><V88/><F29/><W23/><G31/><T11/><D26/><U22/><REACH who="1" step="1"/><E59/><REACH who="1" ten="58,373,462,97" step="2"/><V60/><F34/><W112/><G39/><T133/><D133/><U114/><E114/><V131/><F57/><W4/><G112/><T75/><D75/><U28/><E28/><V135/><F135/><W134/><G30/><T55/><D32/><U43/><E43/><V115/><F115/><W2/><G41/><T109/><D109/><U20/><E20/><V69/><F69/><W61/><G23/><T90/><D25/><U126/><E126/><V13/><F56/><W122/><G74/><T64/><D64/><U58/><E58/><V14/><F60/><W71/><G66/><T80/><D53/><U123/><E123/><V87/><F62/><W77/><G67/><T72/><D11/><U78/><E78/><V15/><F79/><W92/><G61/><T103/><D72/><U36/><E36/><V86/><AGARI ba="0,1" hai="0,6,8,13,14,15,83,84,86,87,88,129,130,131" machi="86" ten="40,5200,0" yaku="0,1,19,1,54,1" doraHai="17" who="2" fromWho="2" sc="58,-13,373,-13,462,62,97,-26" owari="45,-45.5,360,16.0,524,62.4,71,-32.9" /></mjloggm>