<mjloggm ver="2.3"><GO type="225" lobby="0"/><UN n0="%E5%8D%A0%E3%81%84%E5%B8%AB%E8%A3%8F%E3%81%AA%E3%81%84%E3%81%97" n1="%E6%B0%B7%E5%B7%9D%E9%87%8C%E5%A5%88" n2="%E5%8F%AF%E5%85%90%E9%82%A3%E7%94%B1%E5%A4%9A" n3="%E3%81%A8%E3%82%93%E3%81%A8%E3%81%93%E3%81%A8%E3%82%93" dan="16,16,17,16" rate="2147.44,2157.38,2239.89,2103.68" sx="M,F,F,M"/><TAIKYOKU oya="0"/><INIT seed="0,0,0,0,1,127" ten="250,250,250,250" oya="0" hai0="128,15,110,66,89,51,83,48,65,120,21,78,56" hai1="117,75,61,104,35,14,2,36,17,24,72,92,114" hai2="54,99,109,39,32,102,71,82,134,124,132,60,85" hai3="47,81,50,74,112,98,84,27,67,107,121,22,93"/><T68/><D120/><U13/><E117/><V76/><F32/><W55/><G112/><T42/><D68/><U90/><E104/><N who="2" m="63583" /><F39/><W129/><G121/><T97/><D110/><U0/><E2/><V133/><F54/><W122/><G122/><T40/><D128/><U43/><E114/><V101/><F60/><W20/><G67/><N who="0" m="25611" /><D78/><U41/><E0/><V118/><F71/><W70/><G70/><T131/><D131/><U10/><E61/><V44/><F44/><W46/><G129/><T5/><D5/><U63/><E63/><V30/><F30/><W59/><G74/><T96/><D83/><U91/><E35/><V16/><F124/><W38/><G107/><T6/><D6/><U119/><E119/><V123/><F123/><W80/><G38/><T103/><D103/><U135/><E36/><V125/><F125/><W105/><G105/><T69/><D69/><U86/><E24/><V57/><F118/><W49/><G27/><T116/><D116/><U3/><E3/><V34/><F34/><W79/><G80/><T8/><D8/><U52/><E52/><V108/><F101/><N who="3" m="60623" /><G46/><T53/><D42/><AGARI ba="0,0" hai="20,22,42,47,49,50,55,59,79,81,84" m="60623" machi="42" ten="30,1000,0" yaku="8,1" doraHai="127" who="3" fromWho="0" sc="250,-10,250,0,250,0,250,10" /><INIT seed="1,0,0,1,0,18" ten="240,250,250,260" oya="1" hai0="11,55,112,30,95,47,115,7,120,79,81,107,14" hai1="113,29,2,12,114,66,89,106,110,52,57,71,24" hai2="90,73,51,16,27,32,124,74,103,6,4,53,63" hai3="111,61,80,93,105,102,122,127,69,65,0,92,8"/><U23/><E2/><V67/><F124/><W15/><G122/><T42/><D107/><U133/><E106/><V10/><F103/><W56/><G0/><T130/><D120/><U50/><E133/><V68/><F90/><W84/><G127/><T3/><D130/><U13/><E110/><V70/><F70/><W116/><G111/><T85/><D3/><U40/><E40/><V45/><F32/><W129/><G129/><T39/><D55/><U98/><E98/><V62/><F62/><W17/><G116/><T41/><D41/><U108/><E108/><V20/><REACH who="2" step="1"/><F4/><REACH who="2" ten="240,250,240,260" step="2"/><W35/><G35/><T38/><D38/><U123/><E89/><V118/><F118/><W77/><G69/><T9/><D115/><U36/><E123/><V121/><F121/><W100/><G105/><T109/><D112/><U132/><E132/><V88/><F88/><W46/><G46/><T117/><D117/><U76/><E76/><V25/><F25/><W131/><G131/><T104/><D104/><U54/><E114/><V96/><F96/><W83/><G80/><T75/><D109/><U28/><E113/><V19/><F19/><W101/><AGARI ba="0,1" hai="8,15,17,56,61,65,77,83,84,92,93,100,101,102" machi="101" ten="30,2000,0" yaku="0,1,8,1" doraHai="18" who="3" fromWho="3" sc="240,-5,250,-10,240,-5,260,30" /><INIT seed="2,0,0,1,5,34" ten="235,240,235,290" oya="2" hai0="17,13,80,104,100,58,26,134,52,49,88,78,36" hai1="91,12,99,85,54,133,98,110,5,130,90,120,75" hai2="61,127,35,28,44,72,42,50,48,6,68,122,27" hai3="37,94,101,57,77,89,2,20,30,23,39,81,55"/><V119/><F119/><W38/><G101/><T96/><D36/><U125/><E75/><V117/><F122/><W25/><G2/><T107/><D134/><U79/><E110/><V51/><F117/><W73/><G20/><T112/><D112/><U76/><E133/><V113/><F113/><W4/><G4/><T8/><D26/><U67/><E130/><V95/><F72/><W93/><REACH who="3" step="1"/><G89/><REACH who="3" ten="235,240,235,280" step="2"/><T24/><D88/><U9/><E91/><V82/><F127/><W126/><G126/><T32/><D32/><U11/><E125/><V47/><F6/><W70/><G70/><T92/><D24/><U109/><E90/><V103/><F68/><W31/><G31/><T45/><REACH who="0" step="1"/><D58/><REACH who="0" ten="225,240,235,280" step="2"/><U102/><E120/><V53/><F35/><W43/><G43/><T71/><D71/><U62/><E109/><V3/><F27/><W129/><G129/><T84/><AGARI ba="0,2" hai="8,13,17,45,49,52,78,80,84,92,96,100,104,107" machi="84" ten="20,5200,0" yaku="1,1,0,1,7,1,54,1,53,0" doraHai="34" doraHaiUra="69" who="0" fromWho="0" sc="225,72,240,-13,235,-26,280,-13" /><INIT seed="3,0,0,2,0,89" ten="297,227,209,267" oya="3" hai0="3,129,70,78,33,9,4,67,123,74,135,48,12" hai1="45,125,102,112,5,133,54,130,16,43,95,132,85" hai2="53,131,113,28,57,7,44,63,17,71,90,59,86" hai3="0,80,84,6,62,10,81,119,126,110,21,38,11"/><W14/><G119/><T128/><D123/><U60/><E112/><V115/><F71/><W24/><G38/><T88/><D135/><N who="1" m="51787" /><E130/><N who="0" m="50281" /><D33/><U47/><E5/><V83/><F131/><W20/><G126/><T31/><D31/><U99/><E125/><V117/><F117/><W39/><G39/><T69/><D67/><U35/><E35/><V56/><F28/><W116/><G116/><T107/><D107/><U66/><E54/><V100/><F7/><W26/><G110/><T42/><D3/><U77/><E43/><V96/><F17/><W101/><G101/><T55/><D42/><U19/><E77/><V72/><F72/><W73/><G73/><T65/><D65/><U134/><N who="1" m="51795" /><U13/><DORA hai="15" /><E85/><V30/><F30/><W79/><G62/><T97/><D78/><U94/><E94/><V36/><F36/><W121/><G80/><T111/><D74/><U127/><E127/><V64/><F115/><W108/><G108/><T104/><D104/><U34/><E34/><V32/><F32/><W52/><G52/><T122/><D111/><U25/><E25/><V120/><F113/><W1/><G0/><T118/><D118/><U2/><E2/><V114/><F114/><W124/><G121/><T68/><D122/><U50/><E50/><N who="2" m="28871" /><F120/><W93/><G124/><T29/><D29/><U40/><E40/><V106/><F106/><W37/><G37/><T23/><D48/><U91/><E102/><V58/><F100/><W51/><G51/><T92/><D55/><U87/><E60/><V98/><AGARI ba="0,0" hai="56,57,58,59,63,64,83,86,90,96,98" m="28871" machi="98" ten="30,1100,0" yaku="8,1" doraHai="89,15" who="2" fromWho="2" sc="297,-3,227,-3,209,11,267,-5" /><INIT seed="4,0,0,4,1,5" ten="294,224,220,262" oya="0" hai0="43,2,21,6,135,0,52,66,33,112,120,126,1" hai1="19,10,59,114,88,28,110,38,79,51,4,53,108" hai2="123,15,55,47,39,113,124,107,84,106,86,119,109" hai3="17,16,9,34,125,76,116,64,13,25,111,95,130"/><T83/><D120/><U87/><E38/><V71/><F109/><W74/><G116/><T127/><D33/><U115/><E79/><V89/><F123/><W118/><G118/><T80/><D112/><N who="1" m="43051" /><E19/><V100/><F113/><W44/><G111/><T3/><D135/><U78/><E78/><V7/><F119/><W102/><G125/><N who="0" m="47627" /><D43/><U26/><E26/><V103/><F71/><W31/><G130/><T122/><D66/><U77/><E77/><V72/><F72/><W129/><G129/><T69/><D69/><U67/><E28/><V18/><F124/><W37/><G64/><T134/><D122/><U61/><E61/><V20/><F107/><W94/><G102/><T62/><D134/><U93/><E67/><V117/><F117/><W75/><G17/><T42/><D42/><U48/><E48/><N who="2" m="29087" /><F106/><W36/><G37/><T96/><D21/><U65/><E65/><V27/><F39/><W92/><REACH who="3" step="1"/><G76/><REACH who="3" ten="294,224,220,252" step="2"/><T56/><D96/><U12/><AGARI ba="0,1" hai="4,10,12,51,53,59,87,88,93,108,110" m="43051" machi="12" ten="30,7900,0" yaku="15,1,11,1,52,1,54,1" doraHai="5" who="1" fromWho="1" sc="294,-39,224,89,220,-20,252,-20" owari="255,5.5,313,41.3,200,-30.0,232,-16.8" /></mjloggm>