<mjloggm ver="2.3"><GO type="225" lobby="0"/><UN n0="%E5%AF%82%E5%AF%9E%E3%82%AE%E3%83%8D%E3%82%B9%E3%83%93%E3%83%BC%E3%83%AB" n1="%E3%82%B8%E3%83%A3%E3%83%9E%E3%83%BC%E3%83%AB%E3%83%9E%E3%83%AC%E3%83%BC" n2="%E3%81%86%E3%81%A9%E3%82%93%E3%81%93" n3="%E6%A0%B9%E5%85%83%E3%81%8B%E3%82%89%E5%90%B9%E3%81%A3%E9%A3%9B%E3%81%B6" dan="16,17,16,17" rate="2183.33,2199.51,2153.00,2195.90" sx="M,M,M,F"/><TAIKYOKU oya="0"/><INIT seed="0,0,0,4,3,97" ten="250,250,250,250" oya="0" hai0="115,41,18,107,83,58,78,123,124,125,30,14,36" hai1="91,40,35,54,112,44,50,122,23,96,29,99,57" hai2="111,93,92,34,11,86,75,103,19,127,27,94,108" hai3="7,88,37,4,16,102,95,52,98,110,126,24,70"/><T38/><D115/><U100/><E122/><V43/><F75/><W59/><G37/><T25/><D123/><U5/><E112/><V68/><F68/><W82/><G70/><T132/><D107/><U55/><E35/><V81/><F127/><N who="0" m="48714" /><D41/><U120/><E120/><V26/><F43/><W128/><G110/><N who="2" m="42025" /><F34/><W64/><G64/><T89/><D89/><U20/><E5/><N who="3" m="2122" /><G128/><T13/><D58/><U28/><E91/><N who="2" m="51663" /><F103/><W117/><G117/><T42/><D132/><U33/><E33/><V1/><F19/><W114/><G114/><T3/><D3/><U66/><E40/><V71/><F71/><W15/><G126/><T51/><D38/><U65/><E57/><V32/><F32/><W131/><G131/><T31/><D36/><U76/><E50/><V119/><F119/><W9/><G24/><T121/><D121/><U0/><E0/><V104/><F104/><W46/><G46/><N who="0" m="26071" /><D25/><N who="2" m="9226" /><F11/><W61/><G82/><T47/><D18/><U12/><E44/><V48/><F1/><W17/><G17/><T101/><D47/><U45/><E45/><V87/><F48/><W109/><G109/><T2/><D2/><U69/><E69/><V134/><F134/><W129/><G129/><T135/><D135/><U60/><E23/><V77/><F77/><W49/><G49/><T90/><D90/><AGARI ba="0,0" hai="87,90,92,93,94" m="9226,51663,42025" machi="90" ten="30,1000,0" yaku="14,1" doraHai="97" who="2" fromWho="0" sc="250,-10,250,0,250,10,250,0" /><AGARI ba="0,0" hai="9,15,16,52,59,61,88,90,95,98,102" m="2122" machi="90" ten="30,8000,1" yaku="8,1,52,1,54,3" doraHai="97" who="3" fromWho="0" sc="240,-80,250,0,260,0,250,80" /><INIT seed="1,0,0,2,5,83" ten="160,250,260,330" oya="1" hai0="12,93,130,6,43,18,38,40,22,114,115,44,45" hai1="0,51,95,89,49,128,63,127,129,67,24,21,68" hai2="110,33,70,100,124,37,111,15,107,133,50,94,98" hai3="64,47,105,11,112,119,58,90,16,71,34,23,121"/><U66/><E0/><V109/><F37/><W4/><G121/><T65/><D130/><N who="1" m="50283" /><E66/><V41/><F70/><W3/><G112/><T104/><D104/><U19/><E127/><V10/><F124/><W78/><G105/><T122/><D122/><U8/><E8/><V54/><F133/><W118/><G34/><T59/><D6/><U1/><E1/><V125/><F33/><W113/><G113/><T53/><D65/><U87/><AGARI ba="0,0" hai="19,21,24,49,51,63,67,68,87,89,95" m="50283" machi="87" ten="30,3000,0" yaku="19,1,52,1" doraHai="83" who="1" fromWho="1" sc="160,-10,250,30,260,-10,330,-10" /><INIT seed="1,1,0,2,4,12" ten="150,280,250,320" oya="1" hai0="83,106,64,15,116,96,101,58,128,65,105,47,130" hai1="123,119,57,115,13,31,131,126,16,79,21,25,111" hai2="84,70,85,120,67,17,68,124,97,49,62,14,108" hai3="132,10,112,66,38,63,24,134,74,69,23,110,117"/><U76/><E115/><V59/><F108/><W48/><G110/><T28/><D116/><U103/><E111/><V88/><F120/><W100/><G38/><T114/><D114/><U37/><E119/><V22/><F124/><W20/><G112/><T87/><D28/><U133/><E123/><V51/><F97/><W122/><G74/><T50/><D106/><U18/><E126/><V127/><F127/><W73/><G117/><T6/><D58/><U5/><E37/><V46/><F85/><W81/><G122/><T42/><D130/><U104/><E133/><N who="3" m="51306" /><G100/><T43/><D43/><U44/><E44/><V125/><F125/><W95/><G95/><T75/><D75/><U135/><E135/><V19/><F19/><N who="1" m="7209" /><E104/><V91/><F91/><W55/><G10/><T77/><REACH who="0" step="1"/><D128/><REACH who="0" ten="140,280,250,320" step="2"/><U3/><E131/><V107/><F107/><W34/><G73/><T89/><D89/><U29/><E29/><V102/><F68/><W90/><G90/><T99/><D99/><U52/><E103/><V26/><F102/><W11/><G69/><T35/><D35/><U33/><E33/><V78/><F70/><W40/><G34/><T113/><D113/><U54/><E3/><V4/><F46/><W2/><G2/><T94/><D94/><U121/><E121/><V129/><F129/><W0/><G0/><T32/><D32/><U27/><E27/><V93/><F78/><N who="1" m="29737" /><E57/><V92/><F92/><W82/><G24/><T41/><D41/><U80/><E80/><V109/><F109/><W39/><G82/><T98/><D98/><U30/><E30/><V72/><F72/><RYUUKYOKU ba="1,1" sc="140,10,280,10,250,10,320,-30" hai0="6,15,42,47,50,64,65,77,83,87,96,101,105" hai1="5,13,21,25,31,52,54" hai2="4,14,17,22,26,49,51,59,62,67,84,88,93" /><INIT seed="1,2,1,2,3,28" ten="150,290,260,290" oya="1" hai0="130,96,40,127,131,34,75,52,4,12,49,98,26" hai1="19,116,47,102,133,54,106,53,38,8,71,63,92" hai2="100,43,128,80,118,60,126,31,30,41,101,35,17" hai3="111,113,73,119,69,132,121,124,105,90,135,1,37"/><U70/><E106/><V76/><F118/><W117/><G117/><T5/><D75/><U33/><E33/><V36/><F36/><W109/><G109/><T23/><D40/><N who="2" m="15434" /><F35/><W42/><G90/><T59/><D127/><U87/><E38/><V66/><F126/><W72/><G42/><T81/><D81/><U16/><E133/><V120/><F120/><W93/><G93/><T18/><D5/><U68/><E116/><V91/><F76/><W24/><G24/><T67/><D67/><U2/><E87/><N who="2" m="50663" /><F17/><W79/><G79/><T65/><D65/><U44/><E2/><V51/><F51/><W6/><G6/><T95/><D4/><U115/><E19/><V86/><F86/><W112/><G73/><T88/><REACH who="0" step="1"/><D98/><REACH who="0" ten="140,290,260,290" step="2"/><N who="1" m="59719" /><E71/><V21/><F128/><W122/><G135/><T11/><D11/><U7/><E7/><V94/><F66/><W64/><G64/><T89/><D89/><U78/><E70/><V15/><F100/><W129/><G122/><T125/><D125/><U134/><E134/><V61/><F101/><W0/><G1/><T27/><D27/><U82/><E82/><V108/><F108/><W50/><G50/><T13/><D13/><U107/><E68/><V25/><F15/><W97/><G97/><T57/><D57/><U10/><E10/><V55/><F25/><W22/><G22/><T104/><D104/><U20/><E8/><V77/><F21/><W103/><G103/><T84/><D84/><U39/><E107/><V45/><F77/><W123/><G121/><T85/><D85/><U48/><E78/><V3/><F3/><RYUUKYOKU ba="2,2" sc="140,15,290,-15,260,-15,290,15" hai0="12,18,23,26,34,49,52,59,88,95,96,130,131" hai3="0,37,69,72,105,111,112,113,119,123,124,129,132" /><INIT seed="2,3,2,5,5,35" ten="155,275,245,305" oya="2" hai0="122,57,51,132,64,95,15,78,28,63,3,97,5" hai1="87,8,105,135,31,106,47,62,26,116,83,33,76" hai2="99,49,7,21,129,52,9,27,79,85,40,118,104" hai3="128,22,101,96,112,91,88,119,13,56,44,123,50"/><V41/><F118/><W1/><G119/><T127/><D122/><U117/><E135/><V43/><F129/><W131/><G123/><T42/><D132/><U134/><E134/><V59/><F104/><W69/><G69/><T108/><D108/><U109/><E109/><V6/><F99/><W92/><G1/><T94/><D127/><U60/><E117/><V110/><F110/><W25/><G112/><T100/><D78/><U82/><E116/><V124/><F124/><W125/><G56/><T66/><D94/><U130/><E130/><N who="3" m="49706" /><G13/><T74/><D74/><U20/><E33/><V29/><F9/><W4/><G4/><T18/><D28/><U24/><E47/><V17/><F29/><N who="3" m="17591" /><G125/><T113/><D113/><U14/><E26/><V37/><F37/><W114/><G114/><T19/><D3/><U53/><E62/><V46/><F46/><W89/><G101/><T81/><D66/><U67/><E53/><AGARI ba="3,2" hai="44,50,53,88,89,91,92,96" m="17591,49706" machi="53" ten="30,2000,0" yaku="19,1,54,1" doraHai="35" who="3" fromWho="1" sc="155,0,275,-29,245,0,305,49" /><INIT seed="3,0,0,5,1,47" ten="155,246,245,354" oya="3" hai0="71,124,113,60,64,6,20,73,81,97,79,28,23" hai1="129,111,74,13,94,131,58,59,31,40,45,36,88" hai2="16,102,21,62,90,89,65,44,132,51,95,66,33" hai3="134,118,128,92,114,126,69,24,15,135,105,107,78"/><W12/><G69/><T83/><D124/><U17/><E74/><V26/><F33/><W117/><G114/><T99/><D113/><U55/><E31/><V112/><F132/><W25/><G78/><T22/><D28/><U53/><E111/><V48/><F112/><W122/><G122/><T108/><D108/><U9/><E59/><N who="2" m="37087" /><F66/><W96/><G96/><T101/><D6/><U109/><E109/><V39/><F39/><W130/><G92/><T57/><D71/><U125/><E125/><AGARI ba="0,0" hai="12,15,24,25,105,107,117,118,125,126,128,130,134,135" machi="125" ten="25,2400,0" yaku="22,2" doraHai="47" who="3" fromWho="1" sc="155,0,246,-24,245,0,354,24" owari="155,-34.5,222,-17.8,245,4.5,378,47.8" /></mjloggm>