<mjloggm ver="2.3"><GO type="225" lobby="0"/><UN n0="%E3%82%A2%E3%82%A4%E3%82%B9%E3%83%86%E3%82%A3%E3%83%BC%E3%81%82%E3%81%B9" n1="%72%69%6F%75%63%68%61%6E" n2="%73%75%7A%75%6D%65%33" n3="%E7%BD%AA%E5%88%91%E6%B3%95%E5%AE%9A%E4%B8%BB%E7%BE%A9" dan="16,17,18,16" rate="2078.69,2235.32,2282.63,2182.36" sx="M,M,M,M"/><TAIKYOKU oya="0"/><INIT seed="0,0,0,5,2,125" ten="250,250,250,250" oya="0" hai0="128,36,40,4,124,121,38,30,80,117,84,123,37" hai1="114,79,110,74,118,17,39,87,130,41,25,29,2" hai2="35,23,70,66,116,122,12,13,19,106,1,111,24" hai3="78,97,59,9,113,90,26,63,60,68,134,120,129"/><T62/><D117/><U7/><E118/><V8/><F106/><W86/><G113/><T82/><D124/><U98/><E114/><V33/><F70/><W76/><G134/><T14/><D40/><U88/><E110/><V32/><F66/><W56/><G68/><T42/><D42/><U109/><E109/><V18/><F116/><W99/><G120/><T67/><D30/><U71/><E71/><V0/><F111/><W93/><G9/><T15/><D4/><U51/><E51/><V64/><F64/><W102/><G26/><T126/><D126/><U52/><E52/><V44/><F44/><W49/><G49/><T96/><D96/><U28/><E98/><V95/><F95/><W46/><G46/><T34/><D34/><U94/><E130/><V132/><F132/><W58/><G129/><T54/><D54/><U83/><E17/><N who="2" m="8327" /><F122/><W85/><G99/><T45/><D45/><N who="1" m="23743" /><E25/><V53/><F53/><W3/><G3/><N who="2" m="1097" /><F19/><W108/><G108/><T127/><D127/><U6/><E6/><V65/><F65/><W10/><G10/><AGARI ba="0,0" hai="2,7,10,28,29,74,79,83,87,88,94" m="23743" machi="10" ten="30,2000,0" yaku="25,1,54,1" doraHai="125" who="1" fromWho="3" sc="250,0,250,20,250,0,250,-20" /><INIT seed="1,0,0,3,0,4" ten="250,270,250,230" oya="1" hai0="77,116,15,98,104,19,24,49,5,80,95,75,42" hai1="90,93,126,128,96,74,119,92,0,65,56,64,121" hai2="101,97,10,84,71,45,38,54,82,81,7,28,30" hai3="44,27,34,58,111,118,18,113,57,17,130,122,66"/><U127/><E119/><V33/><F71/><W20/><G113/><T94/><D116/><U53/><E121/><V135/><F135/><W120/><G118/><T52/><D42/><U50/><E128/><V23/><F33/><W37/><G130/><T1/><D1/><U123/><E123/><V67/><F67/><W31/><G111/><T61/><D61/><U36/><E74/><V100/><F38/><W105/><G105/><T88/><D5/><U109/><E36/><V132/><F132/><W114/><G114/><T108/><D108/><U79/><E109/><V87/><F45/><W51/><G37/><T6/><D6/><U59/><E0/><V62/><F54/><W70/><G70/><T86/><D24/><U78/><E93/><N who="2" m="58415" /><F62/><W16/><G34/><T47/><D104/><U125/><REACH who="1" step="1"/><E64/><REACH who="1" ten="250,260,250,230" step="2"/><V14/><F101/><W68/><G122/><T2/><D2/><U63/><AGARI ba="0,1" hai="50,53,56,59,63,65,78,79,90,92,96,125,126,127" machi="63" ten="40,12000,1" yaku="1,1,2,1,0,1,18,1,53,0" doraHai="4" doraHaiUra="25" who="1" fromWho="1" sc="250,-40,260,130,250,-40,230,-40" /><INIT seed="1,1,0,5,5,2" ten="210,390,210,190" oya="1" hai0="86,83,111,54,75,21,65,85,80,12,96,46,28" hai1="92,69,27,48,119,11,99,94,38,63,51,19,30" hai2="22,32,24,74,98,20,102,81,127,134,57,91,7" hai3="62,128,72,9,45,126,76,110,40,107,70,13,78"/><U5/><E119/><V14/><F127/><W17/><G107/><T42/><D75/><U84/><E38/><V104/><F134/><W3/><G126/><T95/><D111/><U132/><E132/><V105/><F105/><W53/><G110/><T49/><D65/><U123/><E123/><V73/><F32/><W88/><G3/><T66/><D66/><U47/><E19/><V122/><F122/><W77/><G72/><T112/><D112/><U16/><E69/><V56/><F20/><W18/><G128/><T52/><D86/><U67/><E84/><V117/><F117/><W114/><G114/><T43/><D54/><U113/><E113/><V58/><F91/><W36/><G70/><T120/><D120/><U64/><E64/><V103/><F103/><W68/><G68/><T108/><D108/><U135/><E135/><V41/><F41/><N who="0" m="15370" /><D85/><U61/><E30/><V101/><F101/><W50/><G62/><N who="1" m="23562" /><E67/><V10/><REACH who="2" step="1"/><F81/><REACH who="2" ten="210,390,200,190" step="2"/><W23/><G88/><N who="0" m="55399" /><D28/><AGARI ba="1,1" hai="7,10,14,22,24,28,56,57,58,73,74,98,102,104" machi="28" ten="40,2600,0" yaku="1,1,52,1,53,0" doraHai="2" doraHaiUra="15" who="2" fromWho="0" sc="210,-29,390,0,200,39,190,0" /><INIT seed="2,0,0,1,0,99" ten="181,390,239,190" oya="2" hai0="51,124,9,39,18,58,100,5,111,77,92,76,3" hai1="52,133,84,17,6,121,83,11,73,27,44,50,119" hai2="103,89,47,135,130,91,53,34,54,90,24,117,98" hai3="67,19,116,79,40,69,35,26,131,97,126,63,106"/><V25/><F117/><W32/><G116/><T108/><D39/><U0/><E119/><V80/><F135/><W72/><G126/><T107/><D107/><U125/><E125/><V129/><F80/><W93/><G106/><T115/><D115/><U87/><E133/><V86/><F86/><W41/><G131/><N who="2" m="50185" /><F47/><W123/><G123/><T1/><D1/><U88/><E121/><V62/><F62/><W20/><G79/><T61/><D51/><U14/><E27/><N who="2" m="10315" /><F34/><W132/><G72/><T42/><D42/><U71/><E71/><V38/><F38/><W12/><G132/><T43/><D43/><U94/><E73/><V102/><F98/><W13/><G35/><T60/><D18/><U110/><E110/><N who="0" m="42025" /><D124/><U29/><E29/><V59/><F59/><W70/><G70/><T65/><D60/><U2/><E17/><V112/><F112/><W45/><G32/><T8/><D9/><U55/><E55/><AGARI ba="0,0" hai="53,54,55,89,90,91,102,103" m="10315,50185" machi="55" ten="40,12000,1" yaku="28,2,19,1,52,2" doraHai="99" who="2" fromWho="1" sc="181,0,390,-120,239,120,190,0" /><INIT seed="2,1,0,0,4,7" ten="181,270,359,190" oya="2" hai0="68,103,71,127,117,109,66,21,16,40,36,91,135" hai1="92,11,49,115,57,64,108,97,95,131,1,25,96" hai2="110,17,48,111,46,89,116,23,39,132,78,41,35" hai3="20,58,104,83,118,55,133,53,124,94,123,90,9"/><V99/><F35/><W79/><G118/><T52/><D117/><U19/><E115/><V33/><F33/><W24/><G123/><T75/><D75/><U100/><E108/><N who="2" m="41515" /><F116/><W15/><G104/><T122/><D122/><U120/><E131/><V6/><F6/><W80/><G133/><T130/><D109/><U81/><E120/><V45/><F78/><W27/><G124/><T107/><D130/><U126/><E126/><V54/><F132/><W51/><G55/><T56/><D127/><U3/><E81/><V61/><F61/><W47/><G58/><T10/><D66/><U93/><E64/><V44/><F44/><W42/><G53/><T76/><D76/><U0/><E97/><V101/><F89/><W37/><G37/><T106/><D40/><U113/><E113/><V121/><F121/><W82/><G79/><T87/><D36/><U112/><E112/><V32/><F32/><W77/><G77/><T69/><D103/><U134/><E134/><V65/><F65/><W114/><G20/><T13/><D21/><U129/><E129/><V50/><F39/><W67/><G67/><T88/><D91/><U12/><REACH who="1" step="1"/><E25/><REACH who="1" ten="181,260,359,190" step="2"/><N who="2" m="14575" /><F99/><N who="3" m="57815" /><G114/><T43/><D135/><U4/><E4/><AGARI ba="1,1" hai="4,9,15,24,27,42,47,51,80,82,83" m="57815" machi="4" ten="30,2000,0" yaku="8,1,52,1" doraHai="7" who="3" fromWho="1" sc="181,0,260,-23,359,0,190,33" /><INIT seed="3,0,0,3,4,51" ten="181,237,359,223" oya="3" hai0="22,92,34,106,11,96,130,61,42,52,103,58,60" hai1="46,129,62,71,120,10,98,47,63,2,116,117,35" hai2="15,82,0,133,78,81,7,105,18,70,77,107,28" hai3="110,36,86,1,54,45,104,37,50,4,39,131,55"/><W128/><G104/><T40/><D130/><N who="3" m="49705" /><G110/><T75/><D75/><U112/><E129/><V97/><F70/><W20/><G1/><T23/><D34/><U135/><E135/><V30/><F133/><W67/><G67/><T79/><D79/><U87/><E120/><V134/><F134/><W95/><G4/><T41/><D106/><U90/><E35/><V25/><F0/><W3/><G3/><T99/><D96/><U74/><E74/><V76/><F107/><W57/><G20/><N who="0" m="7723" /><D11/><U89/><E112/><V27/><F7/><W68/><G68/><T14/><D14/><U83/><E71/><V8/><F97/><W94/><G86/><T19/><D19/><U80/><E2/><V53/><F105/><W29/><G29/><N who="2" m="11369" /><F27/><W127/><G127/><T126/><D126/><U64/><E10/><V32/><F25/><W24/><G24/><T31/><D31/><U21/><E21/><V66/><F66/><W65/><G65/><T124/><D124/><U12/><E12/><V132/><F32/><W59/><G95/><T43/><N who="0" m="10240" /><DORA hai="101" /><T115/><D115/><U33/><E33/><V123/><F132/><W119/><G94/><T113/><D113/><U26/><E26/><V118/><F123/><W100/><G119/><N who="1" m="45642" /><E64/><V16/><F118/><W5/><G5/><T85/><D85/><N who="1" m="50343" /><E98/><V109/><F109/><W121/><G121/><T111/><D111/><U108/><E108/><V38/><F18/><W88/><G100/><N who="0" m="60519" /><D61/><AGARI ba="0,0" hai="46,47,61,62,63,83,87,90" m="50343,45642" machi="61" ten="30,1000,0" yaku="12,1" doraHai="51,101" who="1" fromWho="0" sc="181,-10,237,10,359,0,223,0" owari="171,-32.9,247,4.7,359,45.9,223,-17.7" /></mjloggm>