<mjloggm ver="2.3"><GO type="225" lobby="0"/><UN n0="%E9%BB%92%E9%89%84%E7%8F%A0%E9%9B%AB" n1="%72%65%6E%6B%75%6E" n2="%E3%82%B2%E3%82%B9%E8%8C%82%E5%8B%9D" n3="%E3%81%A9%E3%82%8F%E3%82%93%E3%81%94" dan="16,17,16,16" rate="2188.37,2222.08,2153.10,2086.31" sx="M,M,F,M"/><TAIKYOKU oya="0"/><INIT seed="0,0,0,3,2,3" ten="250,250,250,250" oya="0" hai0="105,25,34,73,55,22,10,12,106,112,83,4,2" hai1="96,42,110,131,19,8,124,104,91,85,32,115,67" hai2="46,76,21,11,28,118,38,121,111,98,81,57,129" hai3="44,99,56,54,18,17,20,68,37,70,72,79,113"/><T53/><D112/><U33/><E115/><V78/><F111/><W50/><G113/><T15/><D15/><N who="1" m="7655" /><E42/><V95/><F118/><W64/><G72/><T31/><D105/><U101/><E110/><V123/><F129/><W13/><G79/><N who="0" m="44527" /><D106/><U5/><E5/><V90/><F76/><W84/><G84/><T128/><D128/><U29/><E67/><V94/><F94/><W135/><G135/><T133/><D133/><U69/><E69/><V60/><F11/><W65/><G99/><T120/><D120/><U109/><E29/><V117/><F117/><W26/><G70/><T97/><D97/><U63/><E63/><V103/><F103/><W100/><G100/><T41/><D41/><U92/><E131/><V82/><F21/><N who="3" m="13623" /><G37/><T52/><D55/><U9/><E9/><V62/><F28/><W87/><G68/><T127/><D127/><U134/><E134/><V74/><F62/><N who="3" m="36119" /><G87/><T114/><D114/><U71/><E71/><V27/><F121/><W35/><G35/><N who="1" m="13386" /><E124/><V14/><F123/><W23/><G23/><T88/><D88/><U116/><E116/><V7/><F90/><W36/><G36/><T51/><D51/><U86/><E86/><V77/><F38/><W24/><G24/><T59/><D59/><U39/><E39/><V47/><F57/><W6/><G6/><T66/><D66/><U130/><E130/><V125/><F125/><W107/><G107/><T48/><D48/><U61/><E61/><V89/><F60/><W108/><G108/><T1/><D1/><U126/><E126/><V49/><F7/><W0/><G0/><RYUUKYOKU ba="0,0" sc="250,10,250,10,250,-30,250,10" hai0="2,4,10,12,22,25,31,34,52,53" hai1="85,91,92,96,101,104,109" hai3="13,17,20,44,50,64,65" /><INIT seed="0,1,0,3,1,112" ten="260,260,220,260" oya="0" hai0="69,65,83,1,30,44,46,25,95,77,72,5,127" hai1="117,4,54,28,48,8,39,86,27,55,7,29,129" hai2="81,102,108,14,2,68,75,105,34,21,125,40,58" hai3="19,42,109,90,115,0,59,130,88,111,82,89,78"/><T76/><D76/><U31/><E39/><V67/><F58/><W122/><G115/><T52/><D127/><U97/><E129/><V17/><F108/><N who="3" m="41547" /><G0/><T73/><D73/><U53/><E117/><V113/><F125/><W132/><G130/><T100/><D69/><U124/><E124/><V10/><F113/><W96/><G42/><T85/><D65/><U6/><E97/><V9/><F34/><W128/><G128/><T131/><D131/><U56/><E27/><V118/><F118/><W23/><G59/><T116/><D116/><U93/><E8/><V66/><F40/><W91/><G132/><T22/><D1/><U119/><E119/><V37/><F37/><W92/><G23/><T32/><D5/><U20/><E20/><V74/><F2/><W13/><G13/><T50/><D32/><U84/><E93/><V36/><F36/><W101/><G19/><T134/><D134/><U38/><E38/><V114/><F114/><W80/><G122/><T3/><D3/><U70/><E70/><V94/><F68/><W18/><G18/><T12/><D12/><U63/><REACH who="1" step="1"/><E48/><REACH who="1" ten="260,250,220,260" step="2"/><V106/><F10/><W133/><G133/><T64/><D100/><U61/><E61/><V71/><F9/><W135/><G135/><T35/><D35/><U87/><AGARI ba="1,1" hai="4,6,7,28,29,31,53,54,55,56,63,84,86,87" machi="87" ten="40,8000,1" yaku="1,1,0,1,29,2,8,1,53,0" doraHai="112" doraHaiUra="107" who="1" fromWho="1" sc="260,-41,250,93,220,-21,260,-21" /><INIT seed="1,0,0,3,0,33" ten="219,343,199,239" oya="1" hai0="90,98,75,45,91,68,107,40,31,65,95,94,0" hai1="82,12,135,104,20,113,101,11,39,60,58,10,84" hai2="21,8,103,37,132,105,48,49,28,110,81,123,89" hai3="6,116,69,62,129,66,71,19,5,2,38,77,78"/><U47/><E113/><V46/><F110/><W134/><G38/><T109/><D107/><U15/><E135/><V35/><F132/><W59/><G134/><T72/><D109/><U87/><E104/><V9/><F35/><W93/><G129/><T114/><D114/><U112/><E101/><V51/><F123/><W80/><G116/><T67/><D31/><U34/><E34/><V126/><F126/><W127/><G127/><T23/><D23/><U4/><E20/><V22/><F103/><W36/><G36/><T131/><D131/><U25/><E25/><N who="2" m="16431" /><F105/><W130/><G130/><T18/><D18/><U61/><E112/><V64/><F37/><W115/><G19/><T125/><D125/><U17/><E39/><V55/><F64/><W27/><G27/><T42/><D68/><U85/><E47/><V73/><F73/><W86/><G115/><T70/><D70/><U133/><E133/><V54/><F22/><W96/><G78/><T124/><D124/><U7/><E17/><V119/><F119/><W128/><G6/><T106/><D106/><U122/><E122/><V63/><F63/><W79/><G79/><T76/><D76/><U83/><REACH who="1" step="1"/><E61/><REACH who="1" ten="219,333,199,239" step="2"/><V41/><F46/><W117/><G128/><T13/><D45/><U24/><E24/><V120/><F120/><W102/><G117/><T56/><D42/><U57/><E57/><V111/><F41/><W29/><G29/><T44/><D40/><U3/><E3/><V88/><F111/><W99/><G99/><T26/><D0/><U100/><E100/><V74/><F8/><N who="3" m="2103" /><G59/><T32/><D56/><RYUUKYOKU ba="0,1" sc="219,-15,333,15,199,-15,239,15" hai1="4,7,10,11,12,15,58,60,82,83,84,85,87" hai3="62,66,69,71,77,80,86,93,96,102" /><INIT seed="1,1,1,5,2,38" ten="204,348,184,254" oya="1" hai0="6,106,66,54,111,24,123,77,53,73,62,128,47" hai1="113,134,98,21,27,76,125,95,39,55,57,44,1" hai2="80,130,46,4,79,78,96,22,34,42,49,33,117" hai3="124,102,0,43,67,115,133,91,99,82,23,93,2"/><U32/><E1/><V84/><F130/><W11/><G115/><T60/><D106/><U101/><E113/><V58/><F117/><W29/><G133/><T83/><D128/><U86/><E134/><V35/><F4/><W52/><G124/><T119/><D119/><U3/><E3/><V90/><F96/><W25/><G67/><T92/><D6/><U37/><E32/><V126/><F126/><W75/><G11/><T5/><D5/><U108/><E125/><V94/><F80/><W120/><G120/><T17/><D111/><U88/><E76/><V65/><REACH who="2" step="1"/><F22/><REACH who="2" ten="204,348,174,254" step="2"/><W100/><G82/><T71/><D123/><U68/><E108/><V14/><F14/><W112/><G112/><T51/><D24/><U19/><E68/><V105/><F105/><W8/><G2/><T129/><D129/><U97/><E97/><V15/><F15/><W61/><G0/><T63/><D92/><U10/><E10/><V110/><F110/><W40/><G8/><T89/><D89/><U121/><E121/><V72/><F72/><W132/><G75/><T56/><REACH who="0" step="1"/><D17/><REACH who="0" ten="194,348,174,254" step="2"/><U59/><E88/><V122/><F122/><W12/><G132/><T127/><D127/><U26/><E19/><V74/><F74/><W28/><G91/><T107/><D107/><U9/><E95/><V116/><F116/><W30/><G93/><T70/><D70/><U103/><E26/><V20/><F20/><W45/><G25/><T41/><D41/><U7/><E27/><V48/><F48/><AGARI ba="1,3" hai="47,48,51,53,54,56,60,62,63,66,71,73,77,83" machi="48" ten="30,3900,0" yaku="1,1,7,1,53,1" doraHai="38" doraHaiUra="64" who="0" fromWho="2" sc="194,72,348,0,174,-42,254,0" /><INIT seed="2,0,0,3,5,86" ten="266,348,132,254" oya="2" hai0="51,111,54,7,47,59,33,50,20,122,24,34,105" hai1="29,17,130,101,108,128,118,41,77,85,8,18,102" hai2="131,75,79,49,80,91,67,104,9,116,112,97,96" hai3="15,48,134,55,43,19,103,3,25,16,60,117,35"/><V126/><F116/><W6/><G117/><T88/><D105/><U120/><E118/><V62/><F112/><W70/><G43/><T113/><D122/><U84/><E120/><V10/><F126/><W45/><G103/><N who="1" m="39434" /><E108/><V61/><F131/><N who="1" m="50217" /><E29/><V127/><F127/><W87/><G134/><T106/><D106/><U57/><E41/><V114/><F114/><W89/><G3/><T73/><D73/><U81/><E8/><V124/><F124/><W99/><G99/><T44/><D113/><U2/><E2/><V27/><F104/><W38/><G38/><T98/><D111/><U68/><E68/><V14/><F27/><W39/><G39/><T110/><D7/><U123/><E123/><V64/><F49/><W71/><G71/><T31/><D110/><U121/><E121/><V100/><F100/><W109/><G109/><T36/><D36/><U107/><E107/><V40/><F40/><W94/><G70/><T83/><D34/><U30/><E57/><V65/><F9/><N who="3" m="4535" /><G35/><T56/><D33/><U13/><E30/><V53/><F53/><N who="3" m="29839" /><G25/><T12/><D12/><U22/><E18/><V5/><REACH who="2" step="1"/><F97/><REACH who="2" ten="266,348,122,254" step="2"/><W26/><G26/><T69/><D98/><U11/><E11/><V58/><F58/><AGARI ba="0,1" hai="16,19,55,58,60,87,89,94" m="29839,4535" machi="58" ten="30,3900,0" yaku="8,1,52,1,54,1" doraHai="86" who="3" fromWho="2" sc="266,0,348,0,122,-39,254,49" /><INIT seed="3,0,0,0,0,3" ten="266,348,83,303" oya="3" hai0="25,33,21,38,83,127,61,6,8,96,0,108,36" hai1="82,57,74,67,54,95,135,65,1,121,22,77,66" hai2="130,79,51,131,94,58,46,16,7,80,34,113,41" hai3="129,30,15,56,18,53,112,9,92,14,20,76,26"/><W102/><G112/><T99/><D33/><U23/><E121/><V107/><F107/><W48/><G129/><T106/><D108/><U64/><E135/><V35/><F113/><W42/><G76/><T101/><D127/><U104/><E104/><V5/><F94/><W70/><G70/><T75/><D99/><U124/><E124/><V59/><F79/><W81/><G81/><T100/><D100/><U68/><E68/><V55/><F41/><W63/><G15/><T29/><D75/><U116/><E116/><V52/><F51/><W110/><G110/><T103/><D103/><U39/><E39/><V126/><F46/><W84/><G102/><T91/><D83/><U28/><E1/><V69/><F80/><W37/><G37/><T133/><D91/><U105/><E105/><V97/><F69/><W17/><G84/><T117/><D117/><U132/><E28/><V40/><F40/><W128/><G92/><T72/><D72/><U27/><E27/><V98/><F16/><N who="3" m="8271" /><G128/><T86/><D86/><U50/><E132/><V119/><REACH who="2" step="1"/><F126/><REACH who="2" ten="266,348,73,303" step="2"/><W62/><G62/><T73/><D133/><U71/><N who="1" m="16384" /><DORA hai="122" /><U111/><E71/><V45/><F45/><AGARI ba="0,1" hai="17,18,20,26,30,42,45,48,53,56,63" m="8271" machi="45" ten="30,2900,0" yaku="8,1,54,1" doraHai="3,122" who="3" fromWho="2" sc="266,0,348,0,73,-29,303,39" /><INIT seed="3,1,0,3,4,18" ten="266,348,44,342" oya="3" hai0="125,38,118,12,53,90,126,87,19,25,79,1,83" hai1="36,37,4,41,122,74,14,51,57,96,113,34,95" hai2="100,129,59,10,106,3,82,111,108,30,72,119,130" hai3="88,105,89,52,42,40,103,127,93,45,27,17,92"/><W15/><G127/><T56/><D118/><U91/><E34/><V110/><F30/><W76/><G105/><T115/><D38/><U131/><E74/><V43/><F59/><W16/><G76/><T107/><D1/><U104/><E113/><V2/><F43/><N who="3" m="16427" /><G27/><T54/><D107/><U132/><E122/><V20/><F20/><N who="3" m="11295" /><G17/><T123/><D123/><U50/><E104/><V128/><F10/><W11/><G11/><T71/><D71/><U5/><E14/><V29/><F29/><W31/><G31/><T63/><D115/><U9/><E9/><V55/><F55/><W99/><G93/><T58/><D25/><U48/><E5/><V46/><F46/><W61/><G61/><T97/><D97/><U33/><E4/><V23/><F23/><W94/><G94/><T44/><D44/><N who="1" m="25999" /><E33/><V109/><N who="2" m="27648" /><DORA hai="84" /><V124/><F119/><W81/><G81/><T47/><D47/><U121/><E121/><V77/><REACH who="2" step="1"/><F124/><REACH who="2" ten="266,348,34,342" step="2"/><W35/><G35/><T69/><D126/><U116/><E116/><V70/><F70/><W7/><G7/><T102/><D125/><U101/><E37/><V134/><F134/><W62/><G62/><N who="0" m="36111" /><D69/><U117/><E132/><V13/><F13/><W39/><G39/><T8/><D8/><U64/><E36/><V24/><F24/><W135/><G135/><T80/><D12/><U28/><E28/><V78/><F78/><W0/><G0/><T65/><D54/><U66/><E117/><V133/><F133/><W114/><G114/><T112/><D112/><U85/><E66/><V86/><F86/><W75/><G75/><RYUUKYOKU ba="1,1" sc="266,-15,348,-15,34,15,342,15" hai2="2,3,72,77,82,100,106,128,129,130" hai3="45,52,88,89,92,99,103" owari="251,-14.9,333,13.3,49,-45.1,367,46.7" /></mjloggm>