<mjloggm ver="2.3"><GO type="225" lobby="0"/><UN n0="%73%6C%69%63%6B%33%31%39" n1="%6D%75%75%6D%75%72%61" n2="%72%69%6F%75%63%68%61%6E" n3="%E8%81%B7%E6%A5%AD%E3%80%81%E9%A2%A8%32" dan="16,16,17,16" rate="2172.11,2202.67,2199.95,2143.85" sx="M,F,M,M"/><TAIKYOKU oya="0"/><INIT seed="0,0,0,0,1,101" ten="250,250,250,250" oya="0" hai0="65,78,131,98,85,4,88,57,118,97,8,44,39" hai1="114,67,30,3,71,50,35,89,15,52,25,33,113" hai2="120,100,72,91,125,134,70,56,112,99,42,75,95" hai3="24,29,79,108,20,64,90,83,55,11,126,132,61"/><T45/><D118/><U84/><E3/><V34/><F120/><W82/><G108/><T106/><D78/><U115/><E35/><V66/><F125/><W93/><G132/><T130/><D65/><U2/><E2/><V28/><F134/><W105/><G105/><T32/><D32/><U12/><E67/><V6/><F112/><W104/><G104/><T14/><D57/><U80/><REACH who="1" step="1"/><E71/><REACH who="1" ten="250,240,250,250" step="2"/><V10/><F70/><W51/><G126/><T128/><D39/><U69/><E69/><V76/><F34/><W63/><G11/><T117/><D117/><U74/><E74/><V27/><F66/><W116/><G64/><T107/><D130/><U22/><E22/><V96/><F75/><W60/><G116/><T5/><D128/><U41/><E41/><V86/><F42/><W17/><G29/><T37/><D37/><U68/><E68/><V62/><F72/><W111/><G111/><T47/><D131/><U135/><E135/><V58/><F10/><W31/><G31/><T19/><D8/><U49/><E49/><V92/><F62/><W54/><G51/><T129/><D129/><U0/><E0/><V81/><F6/><W53/><REACH who="3" step="1"/><G79/><REACH who="3" ten="250,240,250,240" step="2"/><T77/><D77/><U110/><E110/><V9/><F9/><W119/><G119/><T109/><D109/><U18/><E18/><V23/><AGARI ba="0,2" hai="23,27,28,56,58,76,81,86,91,92,95,96,99,100" machi="23" ten="20,2700,0" yaku="0,1,7,1,8,1" doraHai="101" who="2" fromWho="2" sc="250,-13,240,-7,250,47,240,-7" /><INIT seed="1,0,0,5,1,106" ten="237,233,297,233" oya="1" hai0="13,26,89,42,81,105,9,135,107,55,1,117,44" hai1="132,36,21,31,65,70,24,66,112,27,101,115,39" hai2="80,28,109,87,50,51,114,110,120,102,30,128,57" hai3="126,124,113,14,49,23,127,90,46,118,133,25,97"/><U131/><E131/><V47/><F120/><W121/><G118/><T19/><D117/><U63/><E132/><V41/><F128/><W11/><G113/><T99/><D135/><U48/><E66/><V134/><F134/><W18/><G133/><T29/><D1/><U45/><E101/><V108/><F114/><W96/><G90/><T98/><D55/><U79/><E79/><V73/><F102/><W58/><G58/><T92/><D81/><U69/><E69/><V85/><F73/><W16/><REACH who="3" step="1"/><G121/><REACH who="3" ten="237,233,297,223" step="2"/><T2/><D99/><U53/><E112/><V130/><F130/><W95/><G95/><T100/><D89/><U34/><REACH who="1" step="1"/><E115/><REACH who="1" ten="237,223,297,223" step="2"/><V33/><F110/><W93/><G93/><T59/><D92/><U86/><E86/><V119/><F87/><W88/><G88/><T3/><D105/><U68/><E68/><V37/><F119/><W61/><G61/><T8/><D107/><U62/><E62/><V72/><F85/><W122/><G122/><T71/><D71/><U123/><E123/><V0/><F109/><W84/><G84/><T103/><D103/><U83/><E83/><V4/><F108/><W38/><G38/><T125/><D100/><U104/><E104/><V56/><F37/><W22/><G22/><T75/><D98/><U7/><E7/><V94/><F94/><W64/><G64/><T5/><D5/><U6/><E6/><V10/><F33/><W129/><G129/><T43/><D75/><U40/><E40/><AGARI ba="0,2" hai="11,14,16,18,23,25,40,46,49,96,97,124,126,127" machi="40" ten="40,5200,0" yaku="1,1,18,1,54,1,53,0" doraHai="106" doraHaiUra="74" who="3" fromWho="1" sc="237,0,223,-52,297,0,223,72" /><INIT seed="2,0,0,4,1,84" ten="237,171,297,295" oya="2" hai0="77,114,65,61,120,106,80,16,19,35,132,127,86" hai1="72,123,3,14,91,121,126,74,41,6,40,11,22" hai2="83,18,23,71,101,34,12,130,25,53,104,13,119" hai3="105,95,48,4,31,30,117,26,43,67,124,122,97"/><V38/><F130/><W82/><G117/><T37/><D120/><U85/><E126/><V133/><F133/><W0/><G122/><N who="1" m="46602" /><E3/><V73/><F119/><W36/><G105/><T55/><D114/><U28/><E28/><V125/><F125/><W52/><G124/><T62/><D106/><U103/><E103/><V78/><F38/><W68/><G43/><N who="1" m="16458" /><E22/><V50/><F71/><W107/><G36/><T118/><D35/><U9/><E9/><V69/><F69/><W94/><G31/><T21/><D132/><U129/><E129/><V57/><REACH who="2" step="1"/><F34/><REACH who="2" ten="237,171,287,295" step="2"/><W102/><G68/><T100/><D127/><U39/><E39/><V1/><F1/><W10/><G0/><T93/><D118/><U46/><E46/><V56/><F56/><W116/><G116/><T32/><D32/><U15/><E15/><V44/><F44/><W20/><G26/><T108/><D37/><U5/><E5/><V64/><F64/><W81/><G67/><T29/><D65/><U66/><E66/><V89/><F89/><W131/><G131/><T112/><D100/><U92/><AGARI ba="0,1" hai="6,11,14,72,74,85,91,92" m="16458,46602" machi="92" ten="30,2000,0" yaku="13,1,52,1" doraHai="84" who="1" fromWho="1" sc="237,-5,171,30,287,-10,295,-5" /><INIT seed="3,0,0,0,4,1" ten="232,201,277,290" oya="3" hai0="53,115,23,131,26,87,19,81,101,30,89,99,127" hai1="31,61,64,27,94,3,51,79,110,14,132,11,86" hai2="92,75,22,78,76,34,113,96,93,97,90,42,111" hai3="18,71,54,32,57,12,52,98,62,124,25,82,7"/><W130/><G124/><T109/><D127/><U66/><E110/><V108/><F34/><W126/><G126/><T59/><D109/><N who="2" m="42058" /><F42/><W8/><G130/><T116/><D116/><U80/><E132/><V73/><F22/><N who="3" m="13527" /><G71/><T38/><D38/><U20/><E3/><V77/><F113/><W9/><G32/><T46/><D131/><U41/><E94/><V129/><F129/><W37/><G37/><T67/><D115/><U104/><E104/><V91/><AGARI ba="0,0" hai="73,75,76,77,78,90,91,92,93,96,97" m="42058" machi="91" ten="30,4000,0" yaku="14,1,34,2" doraHai="1" who="2" fromWho="2" sc="232,-10,201,-10,277,40,290,-20" owari="222,-17.8,191,-30.9,317,41.7,270,7.0" /></mjloggm>