<mjloggm ver="2.3"><GO type="225" lobby="0"/><UN n0="%E9%80%9F%E6%B0%B4%E5%87%9B%E9%A6%99" n1="%72%69%6F%75%63%68%61%6E" n2="%E3%83%A9%E3%83%96%E3%83%AC%E3%83%BC" n3="%E3%82%8C%E3%81%99%E3%81%93" dan="16,16,18,16" rate="2174.49,2208.15,2265.94,2134.33" sx="F,M,M,F"/><TAIKYOKU oya="0"/><INIT seed="0,0,0,3,0,111" ten="250,250,250,250" oya="0" hai0="60,132,31,87,29,52,107,121,109,22,116,86,131" hai1="65,135,49,98,21,126,7,61,90,36,115,117,99" hai2="71,32,38,14,102,64,104,68,83,10,16,62,113" hai3="79,30,91,27,18,92,9,134,13,112,57,17,89"/><T39/><D121/><U128/><E117/><V19/><F38/><W59/><G134/><T44/><D116/><U100/><E36/><V72/><F32/><W114/><G79/><T124/><D107/><U55/><E135/><V82/><F113/><W4/><G59/><T34/><D132/><U40/><E126/><V45/><F45/><W108/><G57/><T1/><D1/><U41/><E128/><V63/><F72/><W94/><G108/><T120/><D120/><U43/><E115/><V24/><F102/><W95/><G18/><T81/><D131/><U125/><E125/><V123/><F104/><W106/><G17/><T50/><D124/><U85/><E7/><V105/><F105/><W73/><G73/><T46/><D34/><U48/><E21/><V74/><F74/><W47/><G47/><T127/><D39/><U70/><E100/><V11/><F123/><W25/><G106/><T42/><D87/><U2/><E2/><V58/><F71/><W37/><G37/><T118/><D118/><U101/><E101/><V88/><F88/><W97/><G95/><T129/><D129/><U35/><E35/><V78/><F78/><W56/><G56/><N who="0" m="34823" /><D44/><N who="1" m="28039" /><E49/><V122/><F122/><W3/><G3/><T8/><D109/><U77/><E77/><V6/><F6/><W15/><G15/><T51/><D127/><U76/><E76/><V20/><F11/><W33/><G27/><N who="0" m="16631" /><D8/><U53/><E53/><AGARI ba="0,0" hai="10,14,16,19,20,24,53,58,62,63,64,68,82,83" machi="53" ten="30,2000,0" yaku="7,1,54,1" doraHai="111" who="2" fromWho="1" sc="250,0,250,-20,250,20,250,0" /><INIT seed="1,0,0,4,2,100" ten="250,230,270,250" oya="1" hai0="7,124,48,63,13,134,19,112,122,60,79,4,93" hai1="16,36,71,91,53,77,92,11,90,123,121,98,119" hai2="51,111,32,38,118,67,97,21,12,94,83,23,3" hai3="105,116,18,85,31,59,50,27,1,58,76,126,109"/><U34/><E119/><V55/><F32/><W45/><G1/><T29/><D112/><U101/><E34/><V26/><F3/><W37/><G116/><T78/><D134/><U41/><E71/><V56/><F38/><W108/><G37/><T5/><D29/><U129/><E129/><V113/><F111/><N who="3" m="42571" /><G126/><T61/><D124/><U28/><E28/><V117/><F113/><W62/><G18/><T99/><D48/><U80/><E53/><V39/><F39/><W127/><G127/><T52/><D122/><U106/><E91/><V15/><F83/><N who="3" m="47335" /><G62/><T115/><D115/><U42/><E11/><V44/><F118/><W74/><G74/><T54/><D79/><U0/><E0/><V82/><F82/><W110/><N who="3" m="42579" /><W88/><DORA hai="86" /><G88/><N who="0" m="55719" /><D78/><U17/><E123/><V73/><F73/><W24/><G105/><T84/><D84/><N who="1" m="52295" /><E121/><V35/><F12/><W132/><G132/><T47/><D47/><N who="1" m="23975" /><E42/><V43/><F15/><W89/><G89/><T114/><D114/><U70/><E70/><V8/><F8/><AGARI ba="0,0" hai="4,5,7,8,13,19,52,54,60,61,63" m="55719" machi="8" ten="30,7700,0" yaku="8,1,52,1,54,2" doraHai="100,86" who="0" fromWho="2" sc="250,77,230,0,270,-77,250,0" /><INIT seed="2,0,0,3,2,100" ten="327,230,193,250" oya="2" hai0="40,109,115,85,91,70,107,72,56,13,7,82,21" hai1="11,30,14,2,17,32,4,86,128,62,9,28,106" hai2="42,1,79,58,89,61,102,52,69,131,75,83,65" hai3="81,12,78,111,25,108,3,37,51,55,135,132,50"/><V20/><F1/><W60/><G37/><T23/><D70/><U22/><E62/><V117/><F117/><W98/><G3/><T114/><D107/><U130/><E86/><V103/><F131/><N who="1" m="50217" /><E106/><V126/><F126/><W53/><G25/><T88/><D72/><U71/><E71/><V93/><F42/><W36/><G36/><T87/><D40/><U121/><E121/><V84/><REACH who="2" step="1"/><F20/><REACH who="2" ten="327,230,183,250" step="2"/><W35/><G35/><T57/><D21/><U97/><E32/><V124/><F124/><W0/><G0/><T43/><D43/><U49/><E97/><V54/><F54/><W118/><G118/><T41/><D41/><U105/><E105/><V67/><F67/><W5/><G98/><T31/><D23/><U116/><E116/><V101/><F101/><W92/><G55/><T16/><D115/><U80/><E22/><V133/><F133/><W99/><G135/><T45/><D114/><U110/><E2/><V68/><F68/><W129/><G132/><T127/><D127/><U119/><E119/><V10/><F10/><N who="3" m="4175" /><G129/><T27/><D109/><U64/><E110/><V29/><F29/><W48/><G111/><T44/><D31/><U18/><E64/><V33/><F33/><W19/><G108/><T104/><D104/><U94/><E11/><V90/><F90/><W134/><G134/><T74/><D91/><U73/><E28/><V112/><F112/><W66/><G53/><T15/><D88/><U24/><E30/><V76/><F76/><W38/><G66/><T8/><D8/><U95/><E9/><V46/><F46/><W77/><G77/><RYUUKYOKU ba="0,1" sc="327,-10,230,-10,183,30,250,-10" hai2="52,58,61,65,69,75,79,83,84,89,93,102,103" /><INIT seed="2,1,1,5,2,110" ten="317,220,213,240" oya="2" hai0="129,1,111,116,122,49,43,84,87,90,32,27,62" hai1="15,77,5,64,95,80,13,134,103,38,120,9,45" hai2="24,22,88,71,30,127,8,98,121,57,10,26,117" hai3="107,4,55,123,0,3,125,86,115,66,132,73,16"/><V79/><F71/><W135/><G123/><T60/><D1/><U94/><E120/><V31/><F117/><W72/><G125/><T54/><D122/><U106/><E134/><N who="3" m="51242" /><G107/><T28/><D111/><U37/><E64/><V100/><F127/><W53/><G66/><T12/><D129/><U11/><E106/><V56/><F121/><W23/><G86/><T109/><D109/><U128/><E128/><V133/><F133/><W101/><G101/><T63/><D43/><U78/><E103/><V47/><F79/><W48/><G115/><T96/><D116/><U81/><E45/><V14/><F47/><N who="3" m="27807" /><G55/><T119/><D119/><U91/><E91/><V36/><F36/><W20/><G20/><T126/><D96/><U25/><E25/><V130/><F130/><W2/><G4/><AGARI ba="1,1" hai="4,5,9,11,13,15,37,38,77,78,80,81,94,95" machi="4" ten="25,1600,0" yaku="22,2" doraHai="110" who="1" fromWho="3" sc="317,0,220,29,213,0,240,-19" /><INIT seed="3,0,0,0,5,86" ten="317,249,213,221" oya="3" hai0="15,39,14,113,3,85,128,6,127,7,29,107,46" hai1="76,95,22,104,17,96,115,102,117,88,55,36,49" hai2="44,27,30,16,5,90,81,24,134,56,58,66,31" hai3="112,74,103,69,87,106,101,120,32,9,8,34,65"/><W109/><G112/><T124/><D107/><U125/><E115/><V41/><F134/><W92/><G120/><T45/><D29/><N who="2" m="10762" /><F5/><W110/><G74/><T83/><D128/><U38/><E125/><N who="0" m="48201" /><D113/><U54/><E117/><V105/><F105/><W21/><G21/><T130/><D130/><U84/><E76/><V133/><F133/><W37/><G37/><T42/><D45/><U0/><E0/><V135/><F135/><W26/><G26/><N who="2" m="9769" /><F66/><W10/><G65/><T47/><D47/><U25/><REACH who="1" step="1"/><E55/><REACH who="1" ten="317,239,213,221" step="2"/><V80/><F41/><W94/><G106/><T60/><D3/><U114/><E114/><V121/><F121/><W75/><G75/><T40/><D40/><U82/><E82/><V72/><F72/><W11/><N who="3" m="2048" /><DORA hai="62" /><W111/><G69/><T50/><D6/><U97/><E97/><V57/><F81/><W4/><G4/><T13/><D7/><U67/><E67/><V43/><F43/><W64/><G64/><T93/><D83/><U48/><E48/><V100/><F80/><W61/><G61/><T1/><D60/><U18/><E18/><V12/><F44/><AGARI ba="0,1" hai="17,22,25,36,38,44,49,54,84,88,95,96,102,104" machi="44" ten="30,7700,0" yaku="1,1,7,1,52,1,54,1,53,0" doraHai="86,62" doraHaiUra="2,129" who="1" fromWho="2" sc="317,0,239,87,213,-77,221,0" owari="317,11.7,326,42.6,136,-36.4,221,-17.9" /></mjloggm>