<mjloggm ver="2.3"><GO type="225" lobby="0"/><UN n0="%E5%84%AA%40%41%42%43" n1="%E6%97%A5%E6%9B%9C%E6%97%A5%E3%82%88%E3%82%8A%E3%81%AE%E4%BD%BF%E8%80%85" n2="%E3%81%A9%E3%82%8F%E3%82%93%E3%81%94" n3="%E6%A0%B9%E5%85%83%E3%81%8B%E3%82%89%E5%90%B9%E3%81%A3%E9%A3%9B%E3%81%B6" dan="18,18,16,17" rate="2242.89,2149.36,2118.95,2222.51" sx="M,M,M,F"/><TAIKYOKU oya="0"/><INIT seed="0,0,0,0,0,38" ten="250,250,250,250" oya="0" hai0="110,43,109,130,84,30,116,98,28,44,134,85,49" hai1="4,113,29,15,96,60,73,118,135,58,99,75,119" hai2="18,124,69,106,91,63,64,3,70,56,68,2,34" hai3="61,42,65,9,50,76,74,1,111,87,51,0,21"/><T40/><D116/><U108/><E29/><N who="0" m="11369" /><D134/><U126/><E15/><V71/><F34/><W31/><G74/><N who="1" m="28170" /><E4/><V14/><F124/><W11/><G111/><N who="0" m="42507" /><D130/><U128/><E58/><V37/><F106/><W82/><G1/><T24/><D98/><U46/><E60/><V117/><F117/><W23/><G0/><T52/><D24/><U79/><E99/><V101/><F101/><W95/><G31/><T78/><D78/><U53/><E79/><V12/><F37/><W7/><G7/><T86/><AGARI ba="0,0" hai="40,43,44,49,52,84,85,86" m="42507,11369" machi="86" ten="40,12000,1" yaku="14,1,10,1,52,2,54,1" doraHai="38" who="0" fromWho="0" sc="250,120,250,-40,250,-40,250,-40" /><INIT seed="0,1,0,2,3,114" ten="370,210,210,210" oya="0" hai0="129,115,86,52,1,133,92,126,12,31,17,109,73" hai1="68,80,74,72,130,108,110,27,22,16,128,96,34" hai2="102,82,29,35,66,83,51,105,10,13,69,91,44" hai3="64,75,9,3,62,103,56,23,58,33,25,30,84"/><T132/><D1/><U107/><E68/><V104/><F35/><W67/><G75/><N who="1" m="28714" /><E34/><V42/><F29/><W57/><G103/><T21/><D73/><U40/><E40/><V127/><F127/><W70/><G67/><T60/><D115/><U77/><E77/><V119/><F119/><W88/><G33/><T87/><D126/><U7/><E7/><V48/><F48/><W106/><G106/><T120/><D120/><U78/><E78/><V41/><F41/><W4/><REACH who="3" step="1"/><G70/><REACH who="3" ten="370,210,210,200" step="2"/><T61/><D129/><N who="1" m="49771" /><E80/><AGARI ba="1,1" hai="3,4,9,23,25,30,56,57,58,62,64,80,84,88" machi="80" ten="30,3900,0" yaku="1,1,7,1,54,1,53,0" doraHai="114" doraHaiUra="134" who="3" fromWho="1" sc="370,0,210,-42,210,0,200,52" /><INIT seed="1,0,0,2,4,77" ten="370,168,210,252" oya="1" hai0="104,47,7,28,31,127,57,110,96,23,62,66,44" hai1="123,101,16,61,52,115,25,79,102,119,103,42,78" hai2="1,92,24,88,34,37,2,11,95,94,89,72,116" hai3="81,91,71,19,124,4,17,58,97,109,13,108,6"/><U75/><E115/><V131/><F116/><W9/><G71/><T15/><D110/><N who="3" m="42601" /><G124/><T14/><D127/><U38/><E119/><V132/><F37/><W68/><G68/><T135/><D135/><U43/><E123/><V41/><F41/><N who="1" m="15369" /><E75/><V129/><F132/><W22/><G58/><T63/><D104/><U5/><E5/><V113/><F113/><W106/><G106/><T36/><D36/><U111/><E111/><V86/><F72/><W74/><G97/><T55/><D96/><U56/><E38/><V54/><F54/><W130/><G130/><N who="2" m="49673" /><F11/><W114/><G114/><T21/><D7/><U8/><E8/><V33/><F24/><N who="3" m="14415" /><G91/><N who="2" m="34889" /><F86/><W112/><G112/><T30/><D47/><U105/><E105/><V73/><F73/><W98/><G98/><T99/><D99/><U90/><E90/><V85/><F85/><W118/><G118/><T87/><D87/><U18/><E18/><V84/><F84/><W64/><G64/><T70/><D44/><U120/><E120/><V0/><AGARI ba="0,0" hai="0,1,2,33,34,92,94,95" m="34889,49673" machi="0" ten="40,8000,1" yaku="28,2,19,1,54,1" doraHai="77" who="2" fromWho="2" sc="370,-20,168,-40,210,80,252,-20" /><INIT seed="2,0,0,1,5,60" ten="350,128,290,232" oya="2" hai0="25,56,32,31,12,127,41,4,99,38,91,82,35" hai1="52,28,121,131,124,16,39,40,26,106,78,93,88" hai2="19,46,72,74,17,57,69,64,23,59,94,92,98" hai3="90,96,79,103,43,132,95,70,110,117,15,48,105"/><V47/><F69/><W112/><G117/><T29/><D127/><U111/><E124/><V20/><REACH who="2" step="1"/><F98/><REACH who="2" ten="350,128,280,232" step="2"/><W58/><G70/><T7/><D99/><U2/><E121/><V53/><F53/><W1/><G96/><T84/><D41/><U115/><E115/><V0/><F0/><W77/><G1/><T54/><D38/><U49/><E2/><V36/><F36/><W14/><G43/><T100/><D100/><U81/><E39/><V55/><F55/><W66/><G103/><T62/><D12/><U134/><E40/><V89/><F89/><W83/><G90/><T97/><D97/><U118/><E52/><V102/><F102/><W129/><G14/><T71/><D71/><U86/><E88/><V80/><F80/><W6/><G15/><T116/><D116/><U8/><E81/><V120/><F120/><W22/><G83/><T133/><D133/><U113/><E134/><V63/><F63/><W44/><G132/><T126/><D126/><U61/><E61/><V34/><F34/><W42/><G42/><T104/><D104/><U11/><E106/><V123/><F123/><W73/><G105/><T10/><D35/><U114/><E118/><V76/><F76/><W68/><G79/><T109/><D32/><U24/><E78/><V50/><F50/><W3/><G48/><T45/><D62/><U130/><E114/><V125/><F125/><W9/><G77/><T135/><D135/><U128/><E113/><V101/><F101/><W5/><G112/><T87/><D82/><U85/><E49/><V51/><F51/><W67/><G3/><RYUUKYOKU ba="0,1" sc="350,-10,128,-10,280,30,232,-10" hai2="17,19,20,23,46,47,57,59,64,72,74,92,94" /><INIT seed="2,1,1,4,5,39" ten="340,118,310,222" oya="2" hai0="122,97,123,5,74,62,7,55,19,50,102,70,58" hai1="120,46,119,78,66,12,34,22,64,68,21,52,91" hai2="67,57,124,6,83,20,60,116,63,113,9,37,112" hai3="36,73,115,87,132,49,8,98,31,23,135,42,131"/><V110/><F116/><W38/><G73/><T134/><D74/><U71/><E34/><V33/><F33/><W1/><G131/><T43/><D134/><N who="3" m="51241" /><G87/><T26/><D7/><U80/><E119/><V32/><F32/><W40/><G49/><T56/><D70/><U89/><E71/><V117/><F117/><W99/><G8/><T108/><D5/><U126/><E120/><V82/><F37/><N who="3" m="14443" /><G1/><T61/><D50/><U29/><E80/><V51/><F51/><W95/><G115/><T105/><D61/><U28/><E78/><V65/><F9/><W130/><G99/><T11/><D62/><U107/><E46/><V41/><F6/><W85/><G85/><T76/><D11/><U44/><E44/><V81/><F113/><W125/><G125/><T24/><D97/><U48/><E48/><V15/><F124/><W104/><G104/><T72/><D105/><U54/><E107/><V10/><F112/><W128/><G23/><T109/><D72/><U127/><REACH who="1" step="1"/><E68/><REACH who="1" ten="340,108,310,222" step="2"/><V101/><F63/><W16/><G130/><T93/><D123/><U86/><E86/><V100/><F60/><W92/><G128/><T13/><D122/><U59/><E59/><V121/><F57/><W106/><G106/><T30/><D76/><U53/><E53/><V75/><F121/><W14/><G98/><N who="0" m="59727" /><D55/><U18/><E18/><V35/><F75/><W25/><G95/><T114/><D58/><U84/><E84/><V2/><F35/><N who="3" m="20975" /><G92/><T45/><D56/><U79/><E79/><V47/><F83/><W133/><N who="3" m="51249" /><W129/><DORA hai="94" /><G129/><T96/><D114/><RYUUKYOKU ba="1,2" sc="340,-15,108,15,310,-15,222,15" hai1="12,21,22,28,29,52,54,64,66,89,91,126,127" hai3="14,16,40,42" /><INIT seed="3,2,2,1,5,114" ten="325,123,295,237" oya="3" hai0="41,101,98,133,85,44,4,3,68,132,94,109,71" hai1="34,112,53,110,95,124,19,5,105,84,21,111,86" hai2="56,48,60,77,91,93,31,82,72,106,120,9,70" hai3="128,131,7,20,25,90,46,96,129,126,78,14,43"/><W8/><G126/><T99/><D109/><U38/><E112/><V122/><F106/><W76/><G96/><T103/><D85/><U1/><E105/><V49/><F70/><W18/><REACH who="3" step="1"/><G90/><REACH who="3" ten="325,123,295,227" step="2"/><T89/><D89/><U74/><E124/><V108/><F108/><W22/><G22/><T65/><D99/><U66/><E111/><V123/><F9/><W104/><G104/><T64/><D101/><U115/><E110/><V92/><F31/><W45/><G45/><T62/><D98/><U29/><E115/><V26/><F26/><W23/><G23/><T67/><D103/><U100/><E21/><V102/><F102/><W125/><G125/><T2/><D132/><U119/><E100/><V33/><F33/><W117/><G117/><T134/><D133/><U130/><E29/><V83/><F83/><W58/><G58/><T88/><D134/><U81/><E34/><V61/><F93/><W42/><G42/><T52/><D71/><U79/><E95/><V59/><F59/><W97/><G97/><T30/><D30/><U12/><E119/><V28/><F28/><W27/><G27/><T24/><D24/><U40/><E40/><V47/><F47/><W13/><G13/><T127/><D127/><U116/><E12/><V51/><F56/><W10/><G10/><N who="0" m="2327" /><D3/><U50/><E1/><V11/><F11/><W80/><G80/><T6/><D41/><U54/><E116/><V35/><F35/><W107/><G107/><T32/><D32/><U0/><E0/><V121/><F121/><W15/><G15/><T57/><D68/><U17/><E81/><RYUUKYOKU ba="2,3" sc="325,-15,123,-15,295,15,227,15" hai2="48,49,51,60,61,72,77,82,91,92,120,122,123" hai3="7,8,14,18,20,25,43,46,76,78,128,129,131" /><INIT seed="3,3,3,5,1,14" ten="310,108,310,242" oya="3" hai0="97,76,89,115,46,5,130,3,73,42,34,65,56" hai1="92,61,51,12,79,78,58,64,106,2,21,114,126" hai2="68,100,28,133,13,124,105,25,49,44,36,27,32" hai3="8,54,101,132,47,127,113,10,93,18,109,125,120"/><W55/><G132/><T29/><D130/><U102/><E126/><N who="3" m="48138" /><G113/><T104/><D115/><U111/><E114/><V66/><F124/><W31/><G31/><T1/><D56/><U39/><E111/><V72/><F133/><W131/><G120/><T98/><D65/><U122/><E122/><V112/><F112/><W6/><G131/><T75/><D89/><U74/><E106/><V4/><F36/><W62/><G6/><T118/><D118/><U11/><E74/><V20/><F72/><W70/><G47/><T23/><D23/><U117/><E117/><V59/><F68/><W128/><G128/><T80/><D75/><U37/><E37/><V107/><F100/><W63/><G93/><T116/><D116/><U7/><E39/><V90/><F90/><W87/><G87/><T85/><D85/><U83/><E83/><V38/><F38/><W52/><G101/><N who="0" m="62511" /><D98/><U88/><E102/><V103/><F103/><W45/><G45/><T119/><D5/><U91/><E51/><V43/><F59/><N who="3" m="35175" /><G8/><T99/><D99/><U0/><E91/><V135/><F135/><W108/><G70/><T67/><D119/><U48/><E48/><V17/><REACH who="2" step="1"/><F66/><REACH who="2" ten="310,108,300,242" step="2"/><W95/><G95/><T53/><D67/><U40/><E40/><V30/><F30/><W86/><G86/><T71/><D42/><U110/><E110/><N who="3" m="42602" /><G63/><T81/><D71/><U134/><E134/><V15/><F15/><AGARI ba="3,4" hai="10,15,18,54,55" m="42602,35175,48138" machi="15" ten="30,12000,1" yaku="18,1,14,1,10,1,52,1,54,1" doraHai="14" who="3" fromWho="2" sc="310,0,108,0,300,-129,242,169" owari="310,11.0,108,-39.2,171,-22.9,411,51.1" /></mjloggm>