<mjloggm ver="2.3"><GO type="225" lobby="0"/><UN n0="%E3%81%BF%E3%81%BF%E3%81%9A" n1="%33%74%72%65%65" n2="%E3%81%99%E3%81%84%E3%81%BE%E3%81%9B%E3%83%BC%E3%82%93" n3="%E3%81%A8%E3%82%93%E3%81%A8%E3%81%93%E3%81%A8%E3%82%93" dan="17,16,18,16" rate="2272.45,2130.35,2186.87,2116.26" sx="M,F,M,F"/><TAIKYOKU oya="0"/><INIT seed="0,0,0,4,2,0" ten="250,250,250,250" oya="0" hai0="5,69,109,50,64,53,90,125,129,75,30,49,110" hai1="33,86,84,22,45,132,41,121,24,98,126,29,79" hai2="73,63,91,20,32,61,7,99,108,134,18,85,4" hai3="65,10,21,66,31,23,106,54,11,8,44,89,3"/><T62/><D75/><U93/><E121/><V26/><F73/><W74/><G106/><T25/><D129/><U114/><E132/><V113/><F113/><W101/><G74/><T92/><D125/><U52/><E126/><V55/><F108/><N who="0" m="41578" /><D53/><U58/><E114/><V13/><F134/><W43/><G3/><T96/><D5/><N who="2" m="2122" /><F32/><AGARI ba="0,0" hai="25,30,32,49,50,62,64,69,90,92,96" m="41578" machi="32" ten="30,2900,0" yaku="14,1,10,1" doraHai="0" who="0" fromWho="2" sc="250,29,250,0,250,-29,250,0" /><INIT seed="0,1,0,4,4,121" ten="279,250,221,250" oya="0" hai0="30,3,133,52,95,103,36,127,116,55,67,27,48" hai1="15,0,91,135,108,49,32,124,38,62,24,45,9" hai2="112,37,50,105,74,120,126,80,5,33,7,47,42" hai3="22,99,128,53,58,70,23,41,129,21,54,43,125"/><T64/><D116/><U100/><E135/><V29/><F120/><W106/><G70/><T122/><D36/><U93/><E124/><V63/><F112/><W134/><G134/><T25/><D133/><U90/><E38/><V131/><F126/><W81/><G81/><T117/><D3/><U51/><E0/><V17/><F105/><W113/><G113/><T76/><D122/><U87/><E100/><V86/><F74/><W69/><G69/><T16/><D117/><U118/><E118/><V102/><F102/><N who="3" m="62815" /><G125/><T31/><D76/><U88/><E62/><V94/><F94/><W130/><G54/><T83/><D83/><U98/><E87/><V34/><F131/><N who="3" m="33539" /><W56/><DORA hai="109" /><G56/><T79/><D79/><U26/><E108/><V132/><F132/><W89/><G89/><T28/><D127/><U82/><E82/><V60/><F86/><W84/><G84/><T65/><D48/><AGARI ba="1,0" hai="21,22,23,41,43,48,53,58" m="33539,62815" machi="48" ten="40,1300,0" yaku="19,1" doraHai="121,109" who="3" fromWho="0" sc="279,-16,250,0,221,0,250,16" /><INIT seed="1,0,0,1,1,133" ten="263,250,221,266" oya="1" hai0="90,109,54,3,50,121,20,35,68,122,78,4,120" hai1="112,30,38,5,2,102,82,88,8,7,103,96,44" hai2="1,118,58,65,11,101,134,97,6,14,75,116,93" hai3="135,84,27,31,36,77,104,79,113,106,83,59,46"/><U89/><E112/><V41/><F75/><W100/><G113/><T10/><D35/><U71/><E71/><V19/><F134/><W64/><G135/><T115/><D115/><U12/><E30/><V131/><F131/><W56/><G77/><T61/><D109/><U43/><E103/><V80/><F41/><W15/><G36/><T33/><D33/><U48/><E38/><V125/><F80/><W42/><G15/><T0/><D78/><U126/><E126/><V119/><F125/><W108/><G108/><T91/><D0/><U94/><REACH who="1" step="1"/><E82/><REACH who="1" ten="263,240,221,266" step="2"/><V105/><F105/><W110/><G100/><T49/><D68/><U73/><E73/><V76/><F119/><W25/><G31/><T17/><D61/><U117/><E117/><V60/><REACH who="2" step="1"/><F76/><REACH who="2" ten="263,240,211,266" step="2"/><W9/><G83/><T72/><D72/><U63/><E63/><V107/><F107/><W29/><G104/><T28/><D49/><U24/><E24/><V23/><AGARI ba="0,2" hai="1,6,11,14,19,23,58,60,65,93,97,101,116,118" machi="23" ten="20,2700,0" yaku="1,1,0,1,7,1,53,0" doraHai="133" doraHaiUra="124" who="2" fromWho="2" sc="263,-7,240,-13,211,47,266,-7" /><INIT seed="2,0,0,2,3,80" ten="256,227,258,259" oya="2" hai0="120,45,6,15,89,110,7,64,109,14,50,83,94" hai1="13,16,2,0,95,91,101,123,87,12,106,57,96" hai2="102,24,124,100,3,51,134,17,54,115,76,112,135" hai3="32,71,122,30,126,105,10,116,111,42,79,56,85"/><V67/><F124/><W119/><G56/><T48/><D120/><U74/><E123/><V82/><F3/><W84/><G10/><T97/><D64/><U46/><E74/><V33/><F67/><W108/><G79/><T55/><D83/><U19/><E57/><V31/><F17/><W34/><G122/><T28/><D28/><U35/><E35/><V21/><F33/><N who="3" m="12907" /><G30/><T58/><D109/><N who="3" m="42057" /><G105/><T49/><D110/><U41/><E13/><N who="0" m="4617" /><D45/><U60/><E60/><AGARI ba="0,0" hai="6,7,48,49,50,55,58,60,89,94,97" m="4617" machi="60" ten="30,1000,0" yaku="8,1" doraHai="80" who="0" fromWho="1" sc="256,10,227,-10,258,0,259,0" /><INIT seed="3,0,0,0,3,111" ten="266,217,258,259" oya="3" hai0="22,81,127,6,83,0,119,62,64,61,2,77,20" hai1="75,31,34,71,67,43,21,49,131,53,109,51,28" hai2="56,39,54,13,68,23,73,88,100,126,32,82,91" hai3="58,125,92,98,70,19,60,101,26,94,102,18,36"/><W115/><G70/><T24/><D119/><U35/><E75/><V7/><F32/><W95/><G125/><T17/><D127/><U12/><E109/><V79/><F39/><W14/><G36/><T52/><D6/><U86/><E131/><V27/><F68/><W1/><G1/><T9/><D9/><U130/><E130/><V104/><F126/><W37/><G37/><T72/><D81/><U99/><E34/><V10/><F100/><W87/><G115/><T63/><D20/><U76/><E35/><V85/><F104/><W57/><G102/><T33/><D33/><U29/><E99/><V5/><F7/><W38/><G38/><T116/><D116/><U8/><E43/><V90/><F73/><W45/><G45/><T11/><D11/><U41/><E41/><V113/><F113/><W105/><G87/><T46/><D64/><U25/><E67/><V121/><F121/><W30/><G14/><T78/><D78/><U124/><E71/><V117/><F117/><W80/><G80/><T114/><D114/><U50/><E53/><V97/><F97/><W133/><G133/><T135/><D135/><U59/><E59/><N who="3" m="22538" /><G60/><T123/><D123/><U96/><E96/><V112/><F112/><W74/><G74/><T107/><D107/><U47/><E47/><V108/><F108/><W118/><G118/><T110/><D110/><U69/><E69/><V134/><F134/><W42/><G42/><T65/><D65/><U132/><E132/><V4/><F56/><W129/><G129/><T120/><D120/><U55/><E124/><V15/><F54/><RYUUKYOKU ba="0,0" sc="266,15,217,-15,258,-15,259,15" hai0="0,2,17,22,24,46,52,61,62,63,72,77,83" hai3="18,19,26,30,92,94,95,98,101,105" /><INIT seed="3,1,0,5,5,46" ten="281,202,243,274" oya="3" hai0="29,80,85,41,83,86,64,45,95,44,5,35,90" hai1="54,131,7,75,123,32,8,47,10,65,34,114,88" hai2="63,69,74,93,73,71,49,36,21,18,117,109,2" hai3="77,68,53,59,125,11,120,39,116,106,4,30,12"/><W105/><G116/><T103/><D64/><U37/><E114/><V127/><F117/><W113/><G120/><T124/><D124/><U15/><E123/><V101/><F36/><W129/><G113/><T31/><D5/><U28/><E75/><V25/><F2/><W118/><G118/><T78/><D35/><U81/><E65/><V27/><F127/><W6/><G68/><T76/><D103/><U20/><E131/><V16/><F109/><W61/><G125/><T56/><D56/><U94/><E81/><V92/><F49/><W108/><G39/><T58/><D58/><U99/><E10/><V79/><F79/><W96/><G129/><T84/><D44/><U97/><E97/><V119/><F119/><W42/><G42/><T51/><AGARI ba="1,0" hai="29,31,41,45,51,76,78,80,83,84,85,86,90,95" machi="51" ten="20,8000,1" yaku="0,1,7,1,9,1,8,1,52,1" doraHai="46" who="0" fromWho="0" sc="281,83,202,-21,243,-21,274,-41" owari="364,46.4,181,-31.9,222,-17.8,233,3.3" /></mjloggm>