<mjloggm ver="2.3"><GO type="225" lobby="0"/><UN n0="%E5%84%AA%40%41%42%43" n1="%E3%81%A8%E3%82%93%E3%81%A8%E3%81%93%E3%81%A8%E3%82%93" n2="%E5%A4%96%E5%B7%9D%E7%AB%9C%E6%88%90" n3="%E3%81%8B%E3%82%8F%E3%81%A1%E3%82%83%E3%82%93%35%38" dan="17,16,16,16" rate="2136.49,2124.86,2103.93,2154.29" sx="M,F,M,M"/><TAIKYOKU oya="0"/><INIT seed="0,0,0,0,3,98" ten="250,250,250,250" oya="0" hai0="82,120,111,51,100,106,2,86,88,5,32,13,83" hai1="90,102,127,87,6,128,124,107,126,43,74,11,47" hai2="116,118,79,7,66,70,15,8,119,123,104,94,23" hai3="92,39,28,41,29,9,103,72,105,17,21,44,22"/><T45/><D120/><U61/><E74/><V115/><F115/><W40/><G72/><T1/><D32/><U64/><E128/><V55/><F104/><W108/><G105/><T81/><D111/><U110/><E110/><V57/><F123/><W49/><G108/><T99/><D13/><U89/><E87/><V125/><F125/><W112/><G112/><T133/><D133/><U56/><E107/><V76/><F70/><W3/><G3/><T117/><D117/><U80/><E80/><V42/><F66/><W46/><G9/><T35/><D35/><U78/><E78/><V24/><F42/><W134/><G134/><T12/><D12/><U122/><E102/><V34/><F94/><W68/><G68/><T27/><D27/><U91/><E122/><V30/><REACH who="2" step="1"/><F34/><REACH who="2" ten="250,250,240,250" step="2"/><W25/><REACH who="3" step="1"/><G22/><REACH who="3" ten="250,250,240,240" step="2"/><T71/><D71/><U67/><E124/><V130/><F130/><W84/><G84/><T52/><REACH who="0" step="1"/><D5/><REACH who="0" ten="240,250,240,240" step="2"/><U97/><E126/><V65/><F65/><W85/><G85/><T101/><D101/><U54/><E127/><V37/><F37/><W113/><G113/><T121/><D121/><U16/><E64/><V109/><F109/><W50/><G50/><AGARI ba="0,3" hai="7,8,15,23,24,30,50,55,57,76,79,116,118,119" machi="50" ten="40,5200,0" yaku="1,1,12,1,53,1" doraHai="98" doraHaiUra="19" who="2" fromWho="3" sc="240,0,250,0,240,82,240,-52" /><INIT seed="1,0,0,2,1,86" ten="240,250,322,188" oya="1" hai0="39,44,132,72,120,129,35,94,55,49,65,34,115" hai1="87,46,17,31,15,127,16,111,2,95,21,51,40" hai2="19,130,41,81,60,88,68,10,82,110,133,50,79" hai3="47,61,125,123,27,85,32,83,5,90,29,14,105"/><U6/><E127/><V113/><F110/><W23/><G123/><T67/><D115/><U101/><E111/><V76/><F113/><W98/><G125/><T38/><D72/><U20/><E31/><V96/><F68/><W97/><G105/><T7/><D7/><U25/><E2/><V91/><F60/><W45/><G61/><T124/><D94/><U75/><E75/><V121/><F121/><W3/><G3/><T84/><D84/><U108/><E108/><V109/><F130/><W37/><G37/><N who="0" m="13835" /><D35/><U117/><E6/><V77/><F133/><W64/><G64/><N who="0" m="24651" /><D34/><U103/><E117/><V69/><F69/><W80/><G80/><N who="2" m="30825" /><F96/><N who="3" m="36971" /><G32/><T131/><D120/><U42/><E42/><V1/><F1/><W122/><G122/><T66/><D124/><U73/><E73/><V53/><F41/><W8/><AGARI ba="0,0" hai="5,8,14,23,27,29,45,47,83,85,90" m="36971" machi="8" ten="30,2000,0" yaku="8,1,52,1" doraHai="86" who="3" fromWho="3" sc="240,-5,250,-10,322,-5,188,20" /><INIT seed="2,0,0,4,2,111" ten="235,240,317,208" oya="2" hai0="130,22,101,62,57,82,44,15,23,49,79,88,67" hai1="58,118,26,132,128,45,125,7,10,85,66,105,81" hai2="87,14,92,13,94,63,89,99,11,73,68,133,55" hai3="117,97,33,4,1,40,9,53,21,116,52,46,20"/><V91/><F133/><W109/><G33/><T3/><D3/><U100/><E118/><V61/><F73/><W110/><G97/><T104/><D130/><U47/><E132/><V29/><F68/><W83/><G83/><T41/><D101/><U76/><E125/><V54/><F29/><W64/><G64/><T69/><D104/><U36/><E36/><V96/><F11/><W115/><G117/><T60/><D15/><U135/><E128/><V112/><F87/><W34/><G34/><T37/><D88/><U65/><E135/><V28/><F28/><W38/><G116/><T31/><D31/><U30/><E100/><V103/><F103/><W80/><G80/><T127/><D127/><U74/><E74/><V72/><F72/><W75/><G75/><N who="0" m="43391" /><D62/><U6/><E105/><V95/><F95/><W19/><G21/><T50/><D50/><U48/><E10/><V27/><F27/><N who="3" m="14751" /><G115/><AGARI ba="0,0" hai="13,14,54,55,61,63,89,91,92,94,96,99,112,115" machi="115" ten="25,9600,0" yaku="22,2,52,2" doraHai="111" who="2" fromWho="3" sc="235,0,240,0,317,96,208,-96" /><INIT seed="2,1,0,1,5,30" ten="235,240,413,112" oya="2" hai0="122,94,110,7,74,83,73,56,58,26,86,47,54" hai1="64,9,13,17,69,3,95,36,78,6,111,22,120" hai2="125,37,106,112,121,93,31,68,135,25,82,130,134" hai3="128,57,131,98,39,29,119,77,60,55,100,41,11"/><V81/><F112/><W63/><G77/><T16/><D122/><U129/><E36/><V20/><F121/><W123/><G123/><T72/><D110/><U46/><E120/><V61/><F106/><W133/><G11/><T99/><D7/><U66/><E111/><V88/><F37/><W49/><G98/><T18/><D47/><U43/><E129/><N who="3" m="49738" /><G100/><T127/><D127/><U115/><E115/><V96/><F125/><W71/><G29/><T75/><N who="0" m="18432" /><DORA hai="0" /><T23/><D18/><U90/><E78/><V34/><F130/><W116/><G133/><N who="2" m="50697" /><F20/><W124/><G124/><T52/><D56/><U118/><E69/><V19/><F19/><W50/><G50/><T79/><REACH who="0" step="1"/><D58/><REACH who="0" ten="225,240,413,112" step="2"/><U97/><E118/><N who="3" m="45098" /><G71/><T70/><D70/><U80/><E80/><V105/><F105/><W114/><G114/><T32/><D32/><U53/><E43/><V15/><F68/><W14/><G14/><T44/><D44/><AGARI ba="1,1" hai="39,41,44,49,55,57,60,63" m="45098,49738" machi="44" ten="30,3900,0" yaku="19,1,34,2" doraHai="30,0" who="3" fromWho="0" sc="225,-42,240,0,413,0,112,52" /><INIT seed="3,0,0,0,2,112" ten="183,240,413,164" oya="3" hai0="19,101,133,27,54,38,43,33,88,128,119,48,98" hai1="29,87,130,117,116,131,61,40,92,9,45,25,22" hai2="60,56,122,59,57,63,32,52,11,75,105,96,99" hai3="13,110,73,89,37,120,109,72,14,94,104,70,135"/><W95/><G120/><T125/><D119/><N who="1" m="45643" /><E61/><V39/><F32/><W80/><G37/><T51/><D88/><N who="1" m="53279" /><E9/><V68/><F75/><N who="3" m="28747" /><G70/><T114/><D114/><U108/><E108/><N who="3" m="41578" /><G104/><T64/><D64/><U0/><E0/><V100/><F39/><AGARI ba="0,0" hai="22,25,29,39,40,45,130,131" m="53279,45643" machi="39" ten="30,8000,1" yaku="12,1,52,3,54,1" doraHai="112" who="1" fromWho="2" sc="183,0,240,80,413,-80,164,0" owari="183,-21.7,320,12.0,333,43.3,164,-33.6" /></mjloggm>