<mjloggm ver="2.3"><GO type="225" lobby="0"/><UN n0="%E3%81%B7%E3%82%8A%E3%82%93%E8%81%96%E4%BA%BA" n1="%73%6C%69%63%6B%33%31%39" n2="%E3%81%BE%E3%81%A8%E3%81%9F" n3="%E3%82%BC%E3%83%AB%E3%83%80%E3%81%AE%E4%BC%9D%E8%AA%AC" dan="16,16,16,16" rate="2138.43,2195.31,2166.70,2116.07" sx="M,M,M,M"/><TAIKYOKU oya="0"/><INIT seed="0,0,0,0,0,25" ten="250,250,250,250" oya="0" hai0="126,32,102,63,134,101,70,131,7,2,128,114,18" hai1="88,94,14,27,92,45,36,106,26,10,37,132,75" hai2="64,93,86,91,58,57,54,118,6,23,108,66,111" hai3="35,44,84,79,90,33,21,103,67,13,121,15,22"/><T130/><D114/><U40/><E106/><V16/><F118/><W24/><G121/><T135/><D18/><U68/><E75/><V85/><F6/><W113/><G113/><T34/><D101/><U122/><E122/><V124/><F124/><W120/><G120/><T77/><D77/><U116/><E116/><V95/><F95/><W73/><G103/><T52/><D102/><U80/><E68/><V81/><F108/><W82/><G67/><T123/><D123/><U31/><E132/><N who="0" m="50729" /><D52/><U38/><E80/><V48/><F58/><W39/><G44/><T65/><D126/><U87/><E94/><V8/><F8/><AGARI ba="0,0" hai="2,7,8,32,34,63,65,70,128,130,131" m="50729" machi="8" ten="40,7700,0" yaku="19,1,20,1,23,1" doraHai="25" who="0" fromWho="2" sc="250,77,250,0,250,-77,250,0" /><INIT seed="0,1,0,0,3,87" ten="327,250,173,250" oya="0" hai0="3,29,78,36,21,70,20,127,110,92,117,54,112" hai1="43,90,71,119,74,48,62,22,84,83,95,99,72" hai2="2,89,76,17,65,120,24,134,15,47,25,63,118" hai3="23,53,46,26,9,60,42,125,100,56,98,80,107"/><T14/><D70/><U122/><E119/><V111/><F120/><W0/><G125/><T116/><D36/><U31/><E122/><V113/><F113/><W18/><G80/><T13/><D78/><U128/><E128/><V75/><F2/><W105/><G0/><T86/><D3/><U121/><E121/><V102/><F134/><W132/><G9/><T73/><D73/><U64/><E43/><V58/><F111/><W81/><G81/><T34/><D112/><U124/><E48/><V12/><F102/><W11/><G11/><T133/><D54/><U94/><E94/><V129/><F129/><W69/><G69/><T67/><D67/><U40/><E40/><V44/><F76/><W66/><G132/><T50/><D50/><U57/><E71/><V59/><F75/><W103/><G66/><T85/><D133/><U135/><E124/><V45/><F15/><W52/><G53/><T104/><D29/><U38/><E38/><V109/><F109/><W68/><G68/><T131/><D131/><U35/><E35/><V126/><F59/><W101/><REACH who="3" step="1"/><G105/><REACH who="3" ten="327,250,173,240" step="2"/><T108/><D104/><U96/><E135/><V77/><F126/><W123/><G123/><T115/><D127/><U8/><E8/><V32/><F118/><W82/><G82/><T97/><D115/><U28/><E74/><V91/><F77/><W130/><G130/><T41/><D116/><U10/><E10/><N who="2" m="6295" /><F32/><W55/><G55/><T49/><D34/><U114/><E114/><V5/><F5/><W7/><G7/><T30/><D117/><U39/><E72/><V27/><AGARI ba="1,1" hai="24,25,27,44,45,47,58,63,65,89,91" m="6295" machi="27" ten="30,7900,0" yaku="5,1,8,1,52,2" doraHai="87" who="2" fromWho="2" sc="327,-40,250,-21,173,92,240,-21" /><INIT seed="1,0,0,5,1,111" ten="287,229,265,219" oya="1" hai0="123,77,83,4,125,5,10,69,81,127,105,87,66" hai1="32,80,101,34,71,78,38,2,65,119,29,28,129" hai2="64,132,20,118,79,67,92,31,51,21,35,6,44" hai3="113,19,63,59,12,15,106,13,45,48,130,3,37"/><U98/><E119/><V76/><F118/><W33/><G113/><T60/><D105/><N who="1" m="63671" /><E29/><V74/><F6/><W49/><G3/><T85/><D123/><U100/><E100/><V75/><F35/><W134/><G106/><T17/><D17/><U7/><E129/><V131/><F131/><W11/><G130/><T46/><D46/><U109/><E109/><V94/><F51/><W116/><G116/><T57/><D69/><U55/><E55/><V128/><F44/><W72/><G72/><T30/><D30/><U103/><E103/><V25/><F128/><W41/><G33/><T8/><D5/><U107/><E107/><V53/><F53/><W73/><G73/><T26/><D26/><N who="1" m="18455" /><E34/><V9/><F31/><W133/><G15/><T114/><D114/><U52/><E52/><V18/><F18/><W108/><G108/><T104/><D104/><U36/><E80/><V121/><F121/><W24/><G24/><T88/><REACH who="0" step="1"/><D10/><REACH who="0" ten="277,229,265,219" step="2"/><N who="1" m="2423" /><E78/><V122/><F122/><W23/><G11/><T43/><D43/><U14/><E14/><AGARI ba="0,1" hai="4,8,14,57,60,66,77,81,83,85,87,88,125,127" machi="14" ten="40,5200,0" yaku="1,1,54,1,53,1" doraHai="111" doraHaiUra="62" who="0" fromWho="1" sc="277,62,229,-52,265,0,219,0" /><INIT seed="2,0,0,5,1,134" ten="339,177,265,219" oya="2" hai0="61,18,107,13,67,43,10,41,64,62,46,124,94" hai1="123,76,51,16,135,28,118,82,40,87,127,73,97" hai2="26,12,103,45,20,99,132,89,91,55,66,1,92" hai3="70,38,81,35,19,78,128,102,95,100,72,93,31"/><V60/><F1/><W69/><G38/><T3/><D3/><U14/><E135/><V4/><F132/><W44/><G19/><T21/><D107/><U25/><E118/><V47/><F55/><W98/><G44/><T68/><D124/><U122/><E73/><V34/><F34/><W108/><G108/><T116/><D94/><U85/><E97/><V75/><F75/><W126/><G128/><T104/><D104/><U120/><E127/><V58/><F45/><W57/><G126/><T129/><D129/><U80/><E51/><V5/><F47/><W59/><G31/><T33/><D33/><U6/><E40/><V52/><F66/><W23/><G23/><T114/><D114/><U115/><E6/><V8/><REACH who="2" step="1"/><F5/><REACH who="2" ten="339,177,255,219" step="2"/><W24/><G35/><T63/><D116/><U109/><E115/><V37/><F37/><W112/><G112/><T71/><D46/><U42/><E42/><V15/><F15/><W130/><G130/><T111/><D111/><U131/><E109/><V79/><F79/><W117/><G117/><T96/><D43/><U9/><E131/><V121/><F121/><W27/><G72/><T88/><D41/><U0/><E0/><V11/><F11/><W74/><G74/><T17/><D68/><U56/><E56/><V32/><F32/><W48/><G78/><T110/><D71/><U54/><E54/><V119/><F119/><W22/><G70/><T83/><D110/><U49/><E25/><V106/><F106/><W77/><G69/><T39/><D39/><U50/><E28/><AGARI ba="0,1" hai="4,8,12,20,26,28,52,58,60,89,91,92,99,103" machi="28" ten="30,12000,1" yaku="1,1,7,1,8,1,54,1,53,1" doraHai="134" doraHaiUra="2" who="2" fromWho="1" sc="339,0,177,-120,255,130,219,0" /><INIT seed="2,1,0,2,1,1" ten="339,57,385,219" oya="2" hai0="51,28,9,11,78,107,70,38,48,22,91,17,97" hai1="20,93,108,42,8,102,87,80,60,95,10,32,132" hai2="119,124,115,118,61,57,100,33,99,86,96,74,121" hai3="30,45,47,39,25,68,131,56,128,52,81,23,125"/><V103/><F121/><W7/><G68/><T0/><D38/><U104/><E32/><V36/><F33/><W114/><G125/><T53/><D70/><U106/><E42/><V92/><F36/><W105/><G105/><T71/><D71/><U4/><E132/><V113/><F74/><W44/><G114/><T26/><D78/><U67/><E108/><V85/><F57/><W63/><G39/><T98/><D48/><U16/><E104/><V84/><F61/><W109/><G109/><T50/><D51/><U120/><E106/><V37/><F37/><W79/><REACH who="3" step="1"/><G7/><REACH who="3" ten="339,57,385,209" step="2"/><T123/><D107/><U2/><E120/><V65/><F124/><W21/><G21/><T46/><D123/><U127/><E127/><V6/><F6/><W89/><G89/><T27/><D0/><U76/><E10/><V94/><F65/><W54/><G54/><T135/><D135/><U73/><E102/><V40/><F40/><W24/><G24/><T58/><D11/><U29/><E29/><V111/><F111/><W5/><G5/><T116/><D9/><U126/><E126/><V130/><F130/><W88/><G88/><T64/><D91/><U101/><E101/><V14/><F14/><W69/><G69/><T34/><D116/><AGARI ba="1,1" hai="84,85,86,92,94,96,99,100,103,113,115,116,118,119" machi="116" ten="40,12000,1" yaku="9,1,34,3" doraHai="1" who="2" fromWho="0" sc="339,-123,57,0,385,133,209,0" /><INIT seed="2,2,0,3,0,85" ten="216,57,518,209" oya="2" hai0="125,58,14,132,69,113,126,131,128,92,30,119,88" hai1="96,50,3,110,36,84,122,32,8,38,100,71,51" hai2="10,18,63,67,6,93,17,78,35,135,70,123,19" hai3="79,124,60,111,28,62,108,61,46,130,44,64,74"/><V106/><F106/><W42/><G28/><T68/><D113/><U45/><E110/><N who="3" m="42026" /><BYE who="2" /><G79/><UN n2="%E3%81%BE%E3%81%A8%E3%81%9F" /><T31/><D119/><U105/><E122/><V117/><F135/><W91/><G74/><T59/><D14/><U89/><E71/><N who="0" m="27209" /><D132/><U53/><E32/><V26/><F123/><W95/><G124/><N who="0" m="47723" /><D59/><U25/><E25/><V5/><F78/><W16/><G130/><N who="0" m="49707" /><D58/><U114/><E114/><V83/><F26/><W12/><G64/><T33/><D33/><U2/><E50/><V82/><F35/><W103/><G103/><T134/><D134/><U118/><E118/><V73/><F70/><W13/><G13/><T76/><D76/><U56/><E56/><V29/><F73/><W80/><G42/><T81/><D81/><U20/><E20/><V9/><F82/><W41/><G41/><T0/><D0/><U66/><E66/><V27/><F67/><W4/><G80/><T21/><D21/><U87/><E87/><AGARI ba="2,0" hai="30,31,87,88,92" m="49707,47723,27209" machi="87" ten="40,8000,1" yaku="18,1,19,1,52,1,54,1" doraHai="85" who="0" fromWho="1" sc="216,86,57,-86,518,0,209,0" owari="302,10.2,-29,-52.9,518,61.8,209,-19.1" /></mjloggm>