<mjloggm ver="2.3"><GO type="225" lobby="0"/><UN n0="%E3%81%B2%E3%81%AA%E3%81%AE%E3%82%8A%E3%81%8F" n1="%E4%B8%89%E5%86%A0%E7%8E%8B%E3%83%BB%E5%B1%B1%E7%94%B0%E5%93%B2%E4%BA%BA" n2="%6D%75%75%6D%75%72%61" n3="%72%61%6B%33" dan="17,16,16,18" rate="2212.51,2100.21,2159.83,2202.14" sx="M,M,F,M"/><TAIKYOKU oya="0"/><INIT seed="0,0,0,5,3,84" ten="250,250,250,250" oya="0" hai0="34,95,32,71,121,24,118,129,23,126,128,47,0" hai1="67,63,99,108,119,64,26,46,19,41,17,22,54" hai2="102,11,94,87,21,115,49,42,4,10,90,130,56" hai3="92,48,33,109,73,134,106,53,40,122,35,72,25"/><T133/><D118/><U55/><E119/><V111/><F115/><W70/><G106/><T16/><D71/><U7/><E108/><V132/><F111/><W77/><G109/><T75/><D121/><U97/><E7/><V120/><F120/><W62/><G134/><T79/><D133/><U3/><E3/><V124/><F132/><W112/><G112/><T9/><D126/><U125/><E125/><V76/><F124/><W82/><G122/><T96/><D79/><U5/><E5/><V12/><F130/><N who="0" m="50282" /><D75/><U38/><E67/><V61/><F76/><W31/><G40/><T52/><D9/><U91/><E17/><N who="2" m="10407" /><F4/><W1/><G1/><T131/><D0/><U60/><E60/><V29/><F29/><W69/><G73/><T78/><D78/><U89/><E99/><N who="2" m="59767" /><F42/><W50/><G35/><T98/><D98/><U27/><E27/><V85/><F85/><W44/><G62/><T43/><N who="0" m="50290" /><T57/><DORA hai="15" /><D47/><U66/><E66/><N who="2" m="39207" /><F49/><W135/><G135/><T83/><D43/><U14/><E97/><V110/><F110/><W59/><G48/><N who="0" m="30855" /><D83/><AGARI ba="0,0" hai="10,11,83,87,90" m="39207,59767,10407" machi="83" ten="30,3900,0" yaku="8,1,52,2" doraHai="84,15" who="2" fromWho="0" sc="250,-39,250,0,250,39,250,0" /><INIT seed="1,0,0,1,1,126" ten="211,250,289,250" oya="1" hai0="21,49,107,86,19,99,95,97,57,81,26,7,4" hai1="10,73,123,67,119,24,42,16,121,84,120,85,35" hai2="69,133,32,9,3,65,105,45,27,23,58,30,0" hai3="106,72,39,128,71,90,64,135,93,62,74,88,31"/><U79/><E119/><V92/><F105/><W47/><G106/><T80/><D107/><U46/><E67/><V50/><F133/><W12/><G135/><T48/><D99/><U111/><E111/><V6/><F69/><W33/><G128/><T28/><D28/><U53/><E53/><V41/><F32/><W109/><G109/><T115/><D115/><U129/><E129/><V20/><F20/><W83/><G12/><T66/><D66/><U52/><E35/><V110/><F110/><W134/><G134/><T29/><D29/><U5/><E52/><V117/><F117/><W94/><G47/><T104/><D104/><U114/><E114/><V75/><F75/><W122/><G39/><T8/><D57/><U108/><E108/><V13/><F92/><W34/><G122/><T113/><D81/><U43/><E73/><V124/><F124/><W25/><G33/><T56/><D56/><U132/><E132/><V18/><REACH who="2" step="1"/><F6/><REACH who="2" ten="211,250,279,250" step="2"/><W96/><REACH who="3" step="1"/><G83/><REACH who="3" ten="211,250,279,240" step="2"/><T118/><D113/><U102/><E121/><V37/><F37/><W14/><G14/><N who="0" m="5383" /><D118/><U77/><E123/><V87/><F87/><AGARI ba="0,2" hai="25,31,34,62,64,71,72,74,87,88,90,93,94,96" machi="87" ten="30,3900,0" yaku="1,1,7,1,54,1,53,0" doraHai="126" doraHaiUra="130" who="3" fromWho="2" sc="211,0,250,0,279,-39,240,59" /><INIT seed="2,0,0,5,1,57" ten="211,250,240,299" oya="2" hai0="3,108,14,79,116,125,85,81,46,2,131,93,103" hai1="119,26,73,36,98,68,96,120,118,27,135,17,58" hai2="25,134,37,129,56,55,61,22,59,60,133,106,32" hai3="47,51,95,127,19,8,43,88,67,50,69,12,99"/><V87/><F129/><W70/><G127/><T24/><D108/><U72/><E68/><V128/><F128/><W110/><G110/><T111/><D131/><U117/><E36/><V64/><F32/><W84/><G67/><T102/><D111/><U15/><E135/><N who="2" m="51723" /><F37/><W13/><G50/><T130/><D130/><U114/><E114/><V89/><F106/><W91/><REACH who="3" step="1"/><G13/><REACH who="3" ten="211,250,240,289" step="2"/><T54/><D14/><U52/><E15/><V107/><F107/><W31/><G31/><T75/><D125/><U10/><E118/><V20/><F25/><W122/><G122/><T86/><D116/><U92/><E120/><V76/><F76/><W18/><G18/><T109/><D109/><U115/><E17/><V39/><F39/><W100/><G100/><T63/><D102/><U53/><E27/><V126/><F126/><W77/><G77/><T29/><D103/><U74/><E26/><V112/><F112/><W45/><G45/><T97/><D46/><U35/><E115/><V5/><F5/><W0/><G0/><T78/><D78/><U4/><E119/><V23/><F23/><W105/><G105/><T34/><D3/><U11/><E117/><V30/><F30/><W123/><G123/><T41/><D2/><U82/><E4/><V113/><F113/><W71/><G71/><T40/><D24/><U33/><E33/><V94/><AGARI ba="0,1" hai="20,22,55,56,59,60,61,64,87,89,94" m="51723" machi="94" ten="30,6000,0" yaku="20,1,52,2" doraHai="57" who="2" fromWho="2" sc="211,-20,250,-20,240,70,289,-20" /><INIT seed="2,1,0,2,4,112" ten="191,230,310,269" oya="2" hai0="127,56,16,110,18,81,32,57,14,84,36,40,78" hai1="0,55,13,3,19,121,63,31,100,89,90,107,92" hai2="119,1,11,86,71,135,134,74,122,52,76,79,61" hai3="50,2,131,132,109,68,125,34,94,5,93,53,38"/><V106/><F122/><W111/><G38/><T28/><D127/><U51/><E121/><V64/><F74/><W37/><G37/><T69/><D69/><U126/><E126/><V60/><F106/><W12/><G125/><T58/><D110/><U104/><E31/><V87/><F119/><W30/><G68/><T54/><D32/><U20/><E63/><V6/><F52/><W33/><G2/><T117/><D28/><U29/><E90/><V9/><F9/><W82/><G82/><T77/><D77/><N who="2" m="29770" /><F61/><W123/><G123/><T88/><D78/><U128/><E128/><V59/><F59/><W48/><G131/><T133/><D133/><AGARI ba="1,0" hai="1,6,11,60,64,71,86,87,133,134,135" m="29770" machi="133" ten="30,1500,0" yaku="20,1" doraHai="112" who="2" fromWho="0" sc="191,-18,230,0,310,18,269,0" /><INIT seed="2,2,0,2,0,66" ten="173,230,328,269" oya="2" hai0="110,56,2,104,90,123,108,114,79,101,38,10,34" hai1="83,76,75,48,17,98,14,74,126,55,21,1,100" hai2="115,24,19,69,22,50,31,11,43,93,7,71,3" hai3="80,13,9,132,111,12,32,65,112,5,15,89,95"/><V81/><F115/><W39/><G111/><T87/><D114/><U131/><E126/><V37/><F37/><W99/><G132/><T84/><D123/><U125/><E125/><V122/><F122/><W4/><G112/><T134/><D34/><U18/><E131/><V54/><F43/><W41/><G32/><T23/><D38/><U29/><E1/><V92/><F81/><W59/><G39/><T58/><D134/><U105/><E29/><V36/><F36/><W25/><G41/><T57/><D79/><U16/><REACH who="1" step="1"/><E74/><REACH who="1" ten="173,220,328,269" step="2"/><V124/><F31/><W40/><G4/><T130/><D130/><U67/><E67/><V94/><REACH who="2" step="1"/><F124/><REACH who="2" ten="173,220,318,269" step="2"/><W70/><G5/><T77/><D108/><U28/><E28/><V118/><F118/><W0/><G0/><T46/><D110/><U61/><E61/><V68/><F68/><W86/><G70/><T6/><D2/><U20/><E20/><V47/><AGARI ba="2,2" hai="3,7,11,19,22,24,47,50,54,69,71,92,93,94" machi="47" ten="30,11700,0" yaku="1,1,0,1,52,2,53,0" doraHai="66" doraHaiUra="116" who="2" fromWho="2" sc="173,-41,220,-41,318,143,269,-41" /><INIT seed="2,3,0,1,2,112" ten="132,179,461,228" oya="2" hai0="3,107,101,14,106,102,30,87,119,68,76,65,129" hai1="125,9,50,40,7,60,86,93,85,47,67,55,109" hai2="53,37,51,54,2,62,1,126,46,88,117,10,23" hai3="49,78,5,34,84,130,79,57,135,24,89,132,48"/><V95/><F117/><W103/><G103/><T123/><D3/><U11/><E109/><V12/><F37/><W25/><G5/><T98/><D123/><U118/><E118/><V91/><F126/><W18/><G18/><T43/><D129/><U44/><E125/><V27/><F2/><W32/><G57/><T96/><D43/><U64/><E93/><V80/><F80/><W116/><G84/><T26/><D119/><U99/><E99/><V22/><F1/><W73/><G116/><T61/><D14/><U21/><E21/><V72/><F72/><W127/><G127/><T97/><D97/><U128/><E128/><V113/><F113/><W56/><G56/><T69/><D87/><U13/><E11/><V29/><F23/><W122/><G130/><T120/><D120/><U28/><E28/><V105/><F105/><W52/><G122/><T41/><D41/><U82/><E86/><V104/><F104/><W133/><G89/><T35/><D76/><N who="3" m="29225" /><G73/><T81/><D81/><U4/><E4/><V16/><F95/><W74/><G74/><T77/><D77/><N who="1" m="46287" /><E47/><V83/><F83/><W70/><G70/><AGARI ba="3,0" hai="26,30,35,61,65,68,69,70,96,98,101,102,106,107" machi="70" ten="30,12000,2" yaku="7,1,9,1,25,2,33,3" doraHai="112" who="0" fromWho="3" sc="132,129,179,0,461,0,228,-129" /><INIT seed="3,0,0,4,4,7" ten="261,179,461,99" oya="3" hai0="113,122,111,132,65,125,86,79,50,77,124,92,24" hai1="48,71,118,133,2,41,116,56,62,27,72,60,39" hai2="57,21,18,121,12,44,115,87,107,105,127,20,9" hai3="98,123,54,76,114,120,101,73,63,49,135,42,5"/><W131/><G114/><T108/><D122/><U8/><E133/><V1/><F115/><W52/><G135/><T36/><D132/><U128/><E128/><V61/><F121/><W10/><G131/><T69/><D36/><U16/><E72/><V104/><F127/><N who="0" m="48714" /><D69/><U35/><E39/><V88/><F44/><W28/><G28/><T84/><D65/><U109/><E109/><N who="0" m="42057" /><D24/><U55/><E41/><V26/><F1/><W33/><G33/><T74/><D74/><U80/><E80/><V13/><F13/><W78/><G123/><T95/><D50/><U85/><E85/><N who="0" m="32873" /><D113/><U110/><E110/><V31/><F21/><W25/><G120/><T112/><D112/><U81/><E81/><V93/><F107/><W47/><G25/><T43/><D43/><U82/><E82/><V4/><F31/><W67/><G73/><T38/><D38/><U58/><E71/><V23/><F23/><W37/><G54/><AGARI ba="0,0" hai="4,9,12,18,20,26,54,57,61,87,88,93,104,105" machi="54" ten="30,3900,0" yaku="7,1,52,1,54,1" doraHai="7" who="2" fromWho="3" sc="261,0,179,0,461,39,99,-39" owari="261,6.1,179,-22.1,500,60.0,60,-44.0" /></mjloggm>