<mjloggm ver="2.3"><GO type="225" lobby="0"/><UN n0="%E5%BA%97%E9%95%B7%4D" n1="%E7%89%B9%E6%9D%B1%E3%81%AF%E4%B8%96%E7%95%8C%E3%82%92%E6%95%91%E3%81%86" n2="%E4%BA%BA%E9%96%93%E3%83%81%E3%83%A3%E3%83%BC%E3%83%8F%E3%83%B3" n3="%72%65%6E%6B%75%6E" dan="16,16,16,17" rate="2107.95,2180.96,2072.39,2232.47" sx="M,M,M,M"/><TAIKYOKU oya="0"/><INIT seed="0,0,0,4,2,90" ten="250,250,250,250" oya="0" hai0="99,115,111,128,41,44,29,112,94,105,108,14,9" hai1="65,74,61,22,8,4,50,30,42,21,72,130,55" hai2="64,49,100,89,103,102,68,62,95,85,18,131,98" hai3="106,120,104,122,80,126,35,116,135,75,40,123,109"/><T69/><D69/><U121/><E121/><V13/><F131/><W127/><G40/><T19/><D105/><N who="3" m="40553" /><G35/><T11/><D29/><U101/><E42/><V91/><F49/><W6/><G6/><T58/><D58/><U20/><E101/><V119/><F119/><W16/><G116/><T70/><D70/><U133/><E133/><V76/><F76/><N who="3" m="44063" /><G135/><T38/><D9/><U79/><E130/><V31/><F31/><W51/><G51/><T59/><D59/><U53/><E79/><V57/><F89/><W23/><G109/><N who="0" m="42059" /><D128/><U2/><E30/><V33/><F33/><W37/><G37/><T81/><D81/><U39/><E39/><V129/><F129/><W118/><G118/><T60/><D60/><U97/><E20/><V24/><F24/><AGARI ba="0,0" hai="16,23,24,120,122,123,126,127" m="44063,40553" machi="24" ten="40,2600,0" yaku="13,1,54,1" doraHai="90" who="3" fromWho="2" sc="250,0,250,0,250,-26,250,26" /><INIT seed="1,0,0,3,0,47" ten="250,250,224,276" oya="1" hai0="13,66,135,98,37,50,107,112,105,40,116,115,24" hai1="63,58,35,28,48,93,121,127,30,82,57,54,86" hai2="22,132,19,36,7,133,11,134,83,77,123,104,117" hai3="9,20,125,26,44,102,18,1,25,94,55,131,8"/><U119/><E119/><V91/><F123/><W21/><G125/><T96/><D37/><U118/><E118/><V74/><F117/><W70/><G70/><T15/><D116/><U130/><E121/><V106/><F36/><W68/><G68/><T71/><D71/><U23/><E127/><V59/><F91/><W53/><G131/><T114/><D66/><U14/><E130/><V129/><F129/><W84/><G1/><T33/><D24/><U32/><E93/><V43/><F43/><W76/><G76/><T45/><D33/><U95/><E95/><V51/><F51/><N who="3" m="28903" /><G55/><T0/><D0/><U87/><E87/><V10/><F59/><W89/><G102/><T52/><D40/><U67/><E30/><AGARI ba="0,0" hai="8,9,18,20,21,25,26,30,84,89,94" m="28903" machi="30" ten="30,2000,0" yaku="8,1,52,1" doraHai="47" who="3" fromWho="1" sc="250,0,250,-20,224,0,276,20" /><INIT seed="2,0,0,1,0,72" ten="250,230,224,296" oya="2" hai0="116,29,127,75,129,7,125,122,23,115,69,1,52" hai1="46,32,51,107,42,54,79,130,97,24,99,108,123" hai2="27,74,86,3,53,118,45,19,26,9,80,18,58" hai3="39,33,47,20,25,91,93,134,95,71,62,96,50"/><V101/><F118/><W109/><G109/><T2/><D69/><U17/><E108/><V28/><F74/><W64/><G134/><T131/><D75/><U100/><E130/><N who="0" m="49673" /><D122/><U57/><E123/><V48/><F101/><W84/><G39/><T38/><D38/><U82/><E97/><V90/><F27/><W4/><G33/><T83/><D83/><U78/><E82/><V117/><F117/><W76/><G4/><T55/><D116/><U61/><REACH who="1" step="1"/><E17/><REACH who="1" ten="250,220,224,296" step="2"/><V35/><REACH who="2" step="1"/><F45/><REACH who="2" ten="250,220,214,296" step="2"/><W88/><G47/><T120/><D120/><U81/><E81/><V119/><F119/><W103/><G103/><T11/><D115/><U128/><E128/><V92/><F92/><W85/><G95/><T121/><D121/><U14/><E14/><V77/><F77/><W68/><G76/><T98/><D1/><U67/><E67/><V104/><F104/><W112/><G112/><T110/><D110/><U12/><E12/><V34/><F34/><W10/><G93/><T135/><D135/><U70/><E70/><V66/><F66/><W36/><G68/><T49/><D2/><U5/><E5/><AGARI ba="0,2" hai="3,5,9,18,19,26,28,35,48,53,58,80,86,90" machi="5" ten="40,2000,0" yaku="1,1,53,0" doraHai="72" doraHaiUra="43" who="2" fromWho="1" sc="250,0,220,-20,214,40,296,0" /><INIT seed="2,1,0,2,3,42" ten="250,200,254,296" oya="2" hai0="126,80,124,72,130,112,85,105,16,87,94,56,66" hai1="119,98,46,107,127,11,40,82,15,122,64,8,75" hai2="115,91,67,1,59,99,108,26,120,123,88,12,114" hai3="104,77,83,81,135,69,90,27,47,128,20,65,21"/><V49/><F1/><W92/><G104/><T41/><D112/><N who="2" m="43050" /><F12/><W106/><G106/><T19/><D105/><U0/><E119/><V96/><F26/><W5/><G69/><T13/><D130/><U43/><E127/><N who="0" m="48681" /><D41/><U97/><E122/><N who="2" m="46635" /><F49/><W132/><G65/><T116/><D116/><U38/><E64/><V73/><F59/><W79/><G128/><T23/><D94/><U78/><E107/><V29/><F29/><N who="3" m="17639" /><G21/><T3/><D3/><U33/><E33/><V48/><F48/><W50/><G5/><T9/><D72/><U7/><E43/><V129/><F67/><W6/><G6/><AGARI ba="1,0" hai="0,6,7,8,11,15,38,40,46,75,78,82,97,98" machi="6" ten="30,7700,0" yaku="7,1,25,2,52,1" doraHai="42" who="1" fromWho="3" sc="250,0,200,80,254,0,296,-80" /><INIT seed="3,0,0,1,3,2" ten="250,280,254,216" oya="3" hai0="44,95,10,124,119,96,122,107,81,67,84,118,100" hai1="17,86,22,33,128,50,117,60,4,41,35,112,108" hai2="23,132,113,91,42,79,125,18,14,82,13,78,53" hai3="102,66,80,8,134,32,1,39,7,105,61,111,121"/><W24/><G121/><T130/><D122/><U99/><E112/><V19/><F113/><W26/><G134/><T28/><D28/><U3/><E108/><V98/><F132/><W65/><G111/><T115/><D115/><U25/><E128/><V88/><F125/><W120/><G120/><T85/><D67/><U54/><E41/><V83/><F42/><W133/><G133/><T12/><D130/><U45/><E117/><V131/><F131/><W123/><G123/><T77/><D44/><U52/><E86/><V93/><F53/><W43/><G80/><N who="0" m="47119" /><D12/><U69/><E99/><V73/><F91/><W89/><G89/><N who="0" m="51375" /><D10/><U87/><E87/><V74/><REACH who="2" step="1"/><F19/><REACH who="2" ten="250,280,244,216" step="2"/><W55/><G43/><T38/><D38/><U56/><E54/><V29/><F29/><N who="3" m="19495" /><G39/><T90/><D124/><U104/><E17/><V116/><F116/><N who="0" m="44586" /><D90/><U76/><E52/><V62/><F62/><W49/><G55/><T127/><D127/><U46/><E60/><V47/><F47/><W101/><G49/><T40/><D40/><U106/><E50/><V109/><F109/><W57/><G65/><T110/><D110/><U37/><E46/><V21/><F21/><W20/><G101/><T68/><D68/><U34/><E69/><V48/><F48/><W92/><G20/><T70/><D70/><U75/><E45/><V9/><F9/><W71/><G71/><T31/><D31/><U59/><E37/><V63/><F63/><W36/><G36/><T72/><D72/><U30/><E59/><V64/><F64/><W6/><G66/><T5/><D5/><N who="3" m="1545" /><G61/><T51/><D51/><RYUUKYOKU ba="0,1" sc="250,15,280,-15,244,15,216,-15" hai0="95,96,100,107" hai2="13,14,18,23,73,74,78,79,82,83,88,93,98" /><INIT seed="4,1,1,1,5,120" ten="265,265,259,201" oya="0" hai0="61,83,106,117,45,114,135,22,7,11,37,79,84" hai1="97,98,109,94,82,108,126,101,116,34,20,60,44" hai2="70,78,58,91,15,10,35,25,17,103,88,27,26" hai3="122,90,12,87,47,73,21,107,69,119,110,30,125"/><T100/><D117/><U41/><E116/><V102/><F35/><W55/><G119/><T3/><D114/><U71/><E34/><V8/><F70/><W59/><G73/><T0/><D135/><U24/><E126/><V118/><F118/><W4/><G69/><T50/><D37/><U99/><E82/><V76/><F58/><W62/><G107/><T131/><D131/><U31/><E99/><V86/><F86/><W1/><G125/><T5/><D61/><U81/><E81/><V111/><F111/><W72/><G72/><T67/><D67/><U66/><E97/><V115/><F115/><W39/><G122/><T130/><D130/><U121/><E121/><V113/><F113/><W64/><G1/><T2/><D7/><U18/><E31/><V19/><F26/><N who="3" m="16719" /><G39/><AGARI ba="1,1" hai="18,20,24,39,41,44,60,66,71,94,98,101,108,109" machi="39" ten="30,3900,0" yaku="7,1,52,2" doraHai="120" who="1" fromWho="3" sc="265,0,265,52,259,0,201,-42" owari="265,6.5,317,41.7,259,-14.1,159,-34.1" /></mjloggm>