<mjloggm ver="2.3"><GO type="225" lobby="0"/><UN n0="%E3%81%88%E3%82%80%E3%81%82%E3%83%BC%E3%82%8B" n1="%6D%75%75%6D%75%72%61" n2="%E3%83%B4%E3%83%A0%EF%BC%99%E3%81%A6" n3="%E3%81%95%E3%81%8D%E3%81%9F%E3%81%BE%E6%9E%97%E6%AA%8E" dan="16,16,17,16" rate="2094.53,2154.59,2168.61,2097.80" sx="M,F,M,M"/><TAIKYOKU oya="0"/><INIT seed="0,0,0,3,1,103" ten="250,250,250,250" oya="0" hai0="1,64,36,126,57,93,31,78,87,67,11,29,19" hai1="22,52,44,45,39,38,55,12,125,15,26,130,106" hai2="131,51,49,112,62,121,20,59,97,91,115,133,118" hai3="108,88,34,132,46,122,18,96,65,105,77,17,27"/><T128/><D36/><U63/><E130/><V98/><F121/><W32/><G108/><T50/><D128/><U66/><E125/><V94/><F131/><W42/><G77/><T100/><D126/><U24/><E22/><V4/><F133/><W84/><G65/><T95/><D1/><U127/><E127/><V10/><F118/><W73/><G73/><T82/><D64/><U41/><E66/><V7/><F20/><W68/><G68/><T6/><D6/><U14/><E63/><V13/><F4/><W69/><G69/><T48/><D48/><U86/><E86/><V54/><F112/><W89/><G132/><T16/><D93/><U79/><E79/><V117/><F117/><W90/><G84/><T135/><D135/><U9/><E9/><V120/><F120/><W114/><G114/><T3/><D3/><U40/><REACH who="1" step="1"/><E106/><REACH who="1" ten="250,240,250,250" step="2"/><V102/><F115/><W104/><G122/><T124/><D124/><U61/><E61/><V75/><F75/><W2/><G34/><T8/><D11/><U56/><E56/><V23/><F23/><W30/><G96/><N who="0" m="59423" /><D67/><U119/><E119/><V58/><REACH who="2" step="1"/><F59/><REACH who="2" ten="250,240,240,250" step="2"/><W47/><G32/><T72/><D72/><U43/><E43/><V28/><F28/><N who="0" m="10826" /><D8/><U33/><E33/><V81/><F81/><W74/><G74/><T70/><D70/><U113/><E113/><V5/><F5/><W83/><G83/><T92/><D92/><AGARI ba="0,2" hai="7,10,13,49,51,54,58,62,91,92,94,97,98,102" machi="92" ten="30,3900,0" yaku="1,1,7,1,8,1,53,0" doraHai="103" doraHaiUra="134" who="2" fromWho="0" sc="250,-39,240,0,240,59,250,0" /><INIT seed="1,0,0,3,4,46" ten="211,240,299,250" oya="1" hai0="126,16,114,101,83,107,3,24,4,27,71,86,38" hai1="116,65,49,2,93,69,128,77,120,87,82,88,32" hai2="117,0,110,92,79,94,1,11,54,133,7,109,47" hai3="20,130,30,56,131,37,98,105,18,115,25,22,12"/><U70/><E116/><V58/><F117/><W102/><G115/><T17/><D38/><U68/><E120/><V96/><F133/><W99/><G37/><T10/><D114/><U6/><E128/><V60/><F79/><W45/><G45/><T123/><D71/><U75/><E32/><V61/><F47/><W112/><G112/><T48/><D126/><U91/><E49/><N who="2" m="31055" /><F0/><W74/><G74/><T97/><D123/><U89/><REACH who="1" step="1"/><E65/><REACH who="1" ten="211,230,299,250" step="2"/><V85/><F109/><W103/><REACH who="3" step="1"/><G56/><REACH who="3" ten="211,230,299,240" step="2"/><T14/><D48/><U41/><E41/><V52/><F110/><W40/><G40/><T119/><D119/><U80/><E80/><V118/><F118/><W122/><G122/><T125/><D125/><U19/><E19/><V33/><F7/><W106/><AGARI ba="0,2" hai="12,18,20,22,25,30,98,99,102,103,105,106,130,131" machi="106" ten="30,4000,0" yaku="1,1,0,1,9,1,53,0" doraHai="46" doraHaiUra="66" who="3" fromWho="3" sc="211,-10,230,-20,299,-10,240,60" /><INIT seed="2,0,0,0,3,47" ten="201,210,289,300" oya="2" hai0="110,65,72,48,97,25,7,14,63,66,17,52,135" hai1="130,117,77,112,50,18,78,83,39,133,127,101,111" hai2="76,105,69,96,42,62,103,84,1,30,6,118,128" hai3="74,68,113,59,64,45,106,54,3,98,120,70,126"/><V9/><F118/><W56/><G120/><T28/><D72/><U55/><E112/><V46/><F128/><W91/><G3/><T21/><D110/><U44/><E117/><V57/><F30/><W4/><G4/><T15/><D135/><U129/><E111/><V95/><F69/><W82/><G126/><T31/><D97/><U90/><E127/><V32/><F32/><W5/><G5/><T22/><D28/><U87/><E133/><V86/><F105/><W92/><G113/><T38/><D38/><U26/><E101/><V67/><REACH who="2" step="1"/><F76/><REACH who="2" ten="201,210,279,300" step="2"/><W40/><G106/><T85/><D63/><U34/><E78/><V89/><F89/><W121/><G91/><T23/><D31/><U109/><E109/><V122/><F122/><W124/><G70/><T12/><D7/><U41/><E34/><V100/><F100/><W134/><G68/><T125/><D125/><U10/><E77/><V36/><AGARI ba="0,1" hai="1,6,9,36,42,46,57,62,67,84,86,95,96,103" machi="36" ten="20,3900,0" yaku="1,1,0,1,7,1,53,0" doraHai="47" doraHaiUra="114" who="2" fromWho="2" sc="201,-13,210,-13,279,49,300,-13" /><INIT seed="2,1,0,3,3,85" ten="188,197,328,287" oya="2" hai0="48,112,2,29,49,97,73,113,22,81,26,105,9" hai1="47,38,90,40,35,121,46,104,101,86,39,6,122" hai2="4,56,78,115,75,102,92,131,69,66,23,37,99" hai3="134,34,25,125,89,116,55,120,84,126,79,96,100"/><V62/><F115/><W7/><G120/><N who="1" m="46186" /><E35/><V114/><F114/><W60/><G116/><T123/><D123/><U52/><E6/><V94/><F37/><N who="1" m="13833" /><E40/><V57/><F131/><W71/><G134/><T88/><D112/><U58/><E101/><V10/><F23/><W21/><G34/><T1/><D113/><U107/><E107/><V13/><F75/><W45/><G7/><T74/><D105/><U54/><E104/><V36/><F36/><W24/><G79/><T51/><D9/><U8/><E8/><V42/><F78/><W11/><G11/><T64/><D64/><U67/><E67/><V124/><F42/><W59/><G71/><T30/><D30/><U108/><E108/><V43/><F43/><W83/><G45/><N who="1" m="16906" /><E58/><V0/><F56/><W128/><G128/><T87/><REACH who="0" step="1"/><D97/><REACH who="0" ten="178,197,328,287" step="2"/><U12/><E12/><V132/><F13/><W76/><G96/><T103/><D103/><U127/><E127/><V50/><F124/><W17/><G100/><T68/><D68/><U65/><E65/><V106/><F99/><W95/><G126/><T41/><D41/><U14/><E14/><V31/><F102/><W5/><G125/><T130/><D130/><U118/><E118/><V98/><F106/><W61/><G25/><T72/><AGARI ba="1,1" hai="1,2,22,26,29,48,49,51,72,73,74,81,87,88" machi="72" ten="40,8000,1" yaku="1,1,0,1,52,1,54,1,53,0" doraHai="85" doraHaiUra="3" who="0" fromWho="0" sc="178,93,197,-21,328,-41,287,-21" /><INIT seed="3,0,0,3,4,21" ten="271,176,287,266" oya="3" hai0="56,117,78,103,45,14,23,54,66,125,82,4,15" hai1="48,76,11,62,93,37,9,17,67,127,100,43,38" hai2="26,128,7,63,32,126,65,73,84,83,53,1,106" hai3="13,94,5,22,85,116,89,6,131,110,16,92,112"/><W79/><G112/><T18/><D125/><U59/><E127/><V107/><F126/><W87/><G116/><T60/><D117/><U2/><E76/><N who="2" m="44431" /><F53/><W64/><G131/><T120/><D120/><U34/><E34/><V113/><F113/><W70/><G110/><T31/><D31/><U47/><E11/><N who="2" m="2543" /><F84/><W134/><G134/><T81/><D103/><U122/><E122/><V102/><F128/><W96/><G70/><T30/><D30/><U36/><E2/><V35/><F26/><N who="3" m="14663" /><G64/><T3/><D3/><U135/><E135/><V0/><F0/><W77/><G13/><T118/><D118/><U27/><E9/><V129/><F129/><W61/><G61/><T52/><D45/><U74/><E74/><V95/><F95/><W46/><G46/><T123/><D123/><U28/><E28/><V58/><F106/><W24/><G24/><T72/><D81/><U50/><E50/><V108/><F108/><W115/><G115/><T98/><D14/><U25/><REACH who="1" step="1"/><E17/><REACH who="1" ten="271,166,287,266" step="2"/><V55/><F32/><W71/><G5/><T90/><D4/><U75/><E75/><V119/><F35/><W121/><G121/><T99/><D72/><U105/><E105/><V132/><F119/><W51/><G6/><T133/><D133/><U41/><E41/><V130/><F132/><W88/><G51/><T19/><D19/><U68/><E68/><V124/><F124/><W40/><G40/><T10/><D10/><U114/><E114/><V101/><F130/><W44/><G71/><T8/><D8/><U12/><E12/><V33/><F33/><W80/><G79/><RYUUKYOKU ba="0,1" sc="271,-15,166,15,287,-15,266,15" hai1="25,27,36,37,38,43,47,48,59,62,67,93,100" hai3="44,77,80,85,87,88,89,92,94,96" /><INIT seed="3,1,1,2,5,120" ten="256,181,272,281" oya="3" hai0="73,106,119,126,10,109,83,5,96,34,47,59,78" hai1="75,38,52,35,114,36,53,112,29,69,86,134,3" hai2="99,0,16,131,125,1,51,81,54,63,111,48,7" hai3="97,68,88,82,113,95,124,30,89,118,107,132,90"/><W15/><G113/><T44/><D119/><U91/><E75/><V21/><F125/><W18/><G118/><T103/><D126/><U57/><E69/><V92/><F131/><W115/><G115/><T74/><D34/><U28/><E3/><V79/><F111/><W94/><G124/><T49/><D109/><U46/><E134/><V27/><F63/><W123/><G123/><T101/><D101/><U117/><E117/><V17/><F17/><W11/><G132/><T26/><D26/><U13/><E13/><V31/><F31/><W85/><G68/><T40/><D47/><U122/><E122/><V102/><F7/><W37/><G37/><T25/><D59/><U12/><E12/><V2/><REACH who="2" step="1"/><F54/><REACH who="2" ten="256,181,262,281" step="2"/><W77/><G30/><T32/><D32/><U33/><E33/><V70/><F70/><W60/><G60/><T58/><D25/><U71/><E71/><V100/><F100/><N who="3" m="60471" /><G107/><T50/><D5/><U39/><E112/><V135/><F135/><W121/><G121/><T130/><D130/><U66/><E114/><V42/><F42/><W22/><G22/><T9/><D73/><AGARI ba="1,2" hai="0,1,2,16,21,27,48,51,73,79,81,92,99,102" machi="73" ten="40,2600,0" yaku="1,1,54,1,53,0" doraHai="120" doraHaiUra="61" who="2" fromWho="0" sc="256,-29,181,0,262,49,281,0" owari="227,-17.3,181,-31.9,311,41.1,281,8.1" /></mjloggm>