<mjloggm ver="2.3"><GO type="225" lobby="0"/><UN n0="%72%69%6F%75%63%68%61%6E" n1="%E3%83%A9%E3%82%B9%E7%8E%87%EF%BC%93%E5%89%B2" n2="%6D%75%75%73%61%6E%6D%75" n3="%E6%B8%A9%E2%98%85%E6%83%85%E2%98%85%E6%8E%AA%E2%98%85%E7%BD%AE" dan="16,16,16,17" rate="2215.90,2177.78,2123.35,2149.62" sx="M,F,F,M"/><TAIKYOKU oya="0"/><INIT seed="0,0,0,5,3,102" ten="250,250,250,250" oya="0" hai0="16,38,27,87,5,131,44,109,31,32,93,57,20" hai1="66,35,118,63,59,56,132,30,83,22,0,37,3" hai2="108,15,101,80,134,55,6,72,45,43,48,104,123" hai3="85,62,121,125,90,17,23,98,113,10,54,135,128"/><T67/><D131/><U112/><E118/><V115/><F123/><W88/><G121/><T100/><D109/><U7/><E35/><V71/><F108/><W46/><G113/><T91/><D5/><U39/><E112/><V114/><F71/><W73/><G73/><T111/><D111/><U24/><E132/><V105/><F134/><W1/><G135/><T103/><D67/><U94/><E83/><V8/><F72/><W58/><G128/><T13/><REACH who="0" step="1"/><D57/><REACH who="0" ten="240,250,250,250" step="2"/><U81/><E59/><V92/><F114/><W50/><G125/><T86/><D86/><U9/><E3/><V61/><F115/><W116/><G116/><T26/><D26/><U84/><REACH who="1" step="1"/><E94/><REACH who="1" ten="240,240,250,250" step="2"/><V89/><F80/><W124/><G1/><T42/><AGARI ba="0,2" hai="13,16,20,27,31,32,38,42,44,87,91,93,100,103" machi="42" ten="30,6000,0" yaku="1,1,0,1,54,1,53,0" doraHai="102" doraHaiUra="110" who="0" fromWho="0" sc="240,80,240,-20,250,-20,250,-20" /><INIT seed="0,1,0,2,3,78" ten="320,220,230,230" oya="0" hai0="6,134,39,37,126,28,43,73,132,44,131,16,125" hai1="47,30,129,120,121,66,128,93,95,90,26,102,56" hai2="99,58,50,22,79,115,62,77,15,4,108,51,40" hai3="76,61,70,21,81,88,3,109,100,8,9,32,106"/><T67/><D73/><U65/><E47/><V0/><F115/><W54/><G32/><T49/><D28/><U41/><E41/><V57/><F108/><W107/><G109/><T80/><D6/><U29/><E102/><V7/><F0/><W105/><G100/><T68/><D80/><U35/><E30/><V113/><F113/><W92/><G3/><T97/><D97/><U63/><E66/><V75/><F99/><W36/><G36/><N who="0" m="13899" /><D16/><U64/><E64/><V82/><F77/><W122/><G122/><T104/><D104/><U112/><E93/><V83/><F79/><W55/><G21/><T101/><D101/><U2/><E2/><V96/><F75/><W19/><G70/><T12/><D12/><U38/><E38/><V103/><F22/><W118/><G118/><T111/><D111/><U86/><REACH who="1" step="1"/><E112/><REACH who="1" ten="320,210,230,230" step="2"/><V5/><F40/><W135/><G105/><T23/><D67/><U117/><E117/><V124/><F58/><N who="3" m="35031" /><G107/><T42/><D43/><U27/><E27/><V123/><F123/><AGARI ba="1,1" hai="26,29,35,56,63,65,86,90,95,120,121,123,128,129" machi="123" ten="40,2600,0" yaku="1,1,53,1" doraHai="78" doraHaiUra="25" who="1" fromWho="2" sc="320,0,210,39,230,-29,230,0" /><INIT seed="1,0,0,4,2,118" ten="320,249,201,230" oya="1" hai0="102,17,34,71,60,132,116,49,127,74,20,75,130" hai1="107,40,6,88,106,53,42,27,109,103,119,111,9" hai2="91,76,31,24,133,14,43,69,22,77,1,92,124" hai3="105,13,122,3,52,5,131,135,54,97,26,95,50"/><U8/><E119/><V94/><F1/><W67/><G122/><T65/><D116/><U120/><E120/><V125/><F69/><W39/><G39/><T128/><D127/><N who="2" m="48714" /><F133/><W30/><G105/><N who="1" m="39946" /><E103/><V11/><F43/><N who="1" m="16425" /><E53/><V99/><F92/><W37/><G131/><N who="0" m="50219" /><D132/><U85/><E27/><V63/><F63/><W61/><G135/><T114/><D34/><U55/><E55/><V48/><F48/><W33/><G37/><T19/><D114/><U101/><E101/><V59/><F59/><W90/><G3/><T121/><D121/><U100/><E6/><AGARI ba="0,0" hai="6,11,14,22,24,31,76,77,91,94,99" m="48714" machi="6" ten="30,1000,0" yaku="18,1" doraHai="118" who="2" fromWho="1" sc="320,0,249,-10,201,10,230,0" /><INIT seed="2,0,0,0,1,19" ten="320,239,211,230" oya="2" hai0="123,51,72,6,36,12,71,104,124,38,35,8,16" hai1="50,2,81,13,122,44,97,3,39,69,70,86,28" hai2="66,57,107,46,14,25,73,79,83,109,102,96,98" hai3="40,114,0,56,1,60,90,63,76,33,130,49,17"/><V108/><F46/><W112/><G33/><T54/><D123/><U5/><E39/><V59/><F14/><W93/><G76/><T67/><D72/><U125/><E125/><V78/><F66/><W21/><G130/><T18/><D104/><U117/><E97/><V131/><F131/><W62/><G40/><T11/><D124/><U87/><E28/><V84/><F98/><N who="3" m="57655" /><G49/><T53/><D35/><U113/><E117/><V119/><F119/><W52/><G1/><T103/><D103/><U37/><E37/><V115/><F115/><N who="3" m="44075" /><G0/><T99/><D99/><U129/><E129/><V42/><F42/><W110/><G110/><N who="2" m="42601" /><F25/><AGARI ba="0,0" hai="17,21,25,52,56,60,62,63" m="44075,57655" machi="25" ten="30,7700,0" yaku="25,1,11,1,52,1,54,1" doraHai="19" who="3" fromWho="2" sc="320,0,239,0,211,-77,230,77" /><INIT seed="3,0,0,4,4,0" ten="320,239,134,307" oya="3" hai0="92,106,53,85,9,54,43,107,91,63,98,26,31" hai1="49,112,71,47,84,8,114,41,46,56,102,74,108" hai2="13,23,15,4,88,35,75,122,76,27,132,24,80" hai3="90,72,65,39,125,7,32,89,22,100,55,66,101"/><W93/><G32/><T96/><D43/><U131/><E74/><V121/><F132/><W10/><G39/><T73/><D73/><U123/><E102/><N who="3" m="39530" /><G72/><T77/><D9/><U30/><E30/><V94/><F35/><W29/><G125/><T135/><D135/><U109/><E71/><V18/><F13/><N who="3" m="5343" /><G55/><T50/><D77/><U129/><E8/><V58/><F58/><W38/><G38/><T60/><D107/><U36/><E56/><V14/><F14/><W99/><G90/><T127/><D127/><U20/><E20/><V57/><F57/><W118/><G118/><T17/><D17/><U61/><E61/><N who="0" m="23625" /><D106/><U79/><E79/><V42/><F42/><W86/><G86/><T128/><D128/><N who="1" m="49227" /><E84/><V116/><F116/><W87/><G87/><T34/><D34/><U110/><E123/><V52/><F4/><W28/><G22/><N who="0" m="15831" /><D54/><AGARI ba="0,0" hai="36,41,46,47,49,54,108,109,110,112,114" m="49227" machi="54" ten="40,8000,1" yaku="14,1,19,1,34,2" doraHai="0" who="1" fromWho="0" sc="320,-80,239,80,134,0,307,0" owari="240,-16.0,319,41.9,134,-36.6,307,10.7" /></mjloggm>