<mjloggm ver="2.3"><GO type="225" lobby="0"/><UN n0="%E3%82%A2%E3%83%A1%E3%82%A2%E3%83%A9%E3%83%AC" n1="%E3%81%B5%E3%81%98%E3%81%8B%E3%81%A4" n2="%E3%81%AA%E3%82%81%E3%81%93%E9%9B%80%E5%A3%AB" n3="%E4%BF%BA%E3%81%A8%E5%A6%96%E5%A4%A2" dan="16,16,16,17" rate="2062.27,2177.85,2084.95,2156.25" sx="M,M,M,F"/><TAIKYOKU oya="0"/><INIT seed="0,0,0,2,1,60" ten="250,250,250,250" oya="0" hai0="79,14,70,80,51,104,127,114,102,2,41,100,69" hai1="6,83,7,45,90,125,16,54,106,47,53,1,3" hai2="113,4,123,26,50,65,91,73,129,95,132,49,22" hai3="61,134,110,109,92,43,42,12,76,111,21,126,74"/><T71/><D114/><U133/><E106/><V88/><F73/><W37/><G134/><T86/><D2/><U35/><E133/><V75/><F75/><W31/><G126/><T84/><D127/><U27/><E125/><V87/><F123/><W94/><G61/><T67/><D104/><U44/><E35/><V11/><F129/><W13/><G31/><T52/><D41/><N who="3" m="15369" /><G37/><T55/><D67/><U68/><E68/><V28/><F113/><W59/><G59/><T130/><D130/><U96/><E3/><V78/><F78/><W124/><G124/><T81/><D14/><N who="3" m="5737" /><G21/><T29/><D29/><U48/><E1/><V38/><F38/><W120/><G120/><T17/><D17/><U40/><E40/><V58/><F132/><W57/><G57/><T77/><REACH who="0" step="1"/><D55/><REACH who="0" ten="240,250,250,250" step="2"/><U107/><E54/><V30/><F30/><W93/><G74/><T39/><D39/><U103/><E53/><V33/><F4/><W32/><G32/><T0/><D0/><U46/><E7/><V20/><F33/><W66/><G66/><T8/><D8/><U116/><E6/><V135/><F11/><W98/><G76/><T101/><D101/><AGARI ba="0,1" hai="92,93,94,98,101,109,110,111" m="5737,15369" machi="101" ten="40,1300,0" yaku="14,1" doraHai="60" who="3" fromWho="0" sc="240,-13,250,0,250,0,250,23" /><INIT seed="1,0,0,5,0,46" ten="227,250,250,273" oya="1" hai0="61,56,19,94,0,128,28,35,33,135,57,22,4" hai1="7,100,110,77,106,31,60,24,55,76,125,114,95" hai2="36,27,42,116,78,54,67,21,51,119,6,133,59" hai3="47,127,50,44,16,108,58,72,97,98,91,13,83"/><U29/><E114/><V87/><F133/><W45/><G72/><T102/><D128/><U48/><E125/><V25/><F6/><W32/><G32/><T84/><D135/><U14/><E106/><V122/><F122/><W66/><G127/><T79/><D28/><U131/><E131/><V115/><F115/><W111/><G83/><T130/><D130/><U12/><E60/><V104/><F104/><W132/><G132/><T118/><D118/><U64/><E64/><V30/><F67/><W34/><G34/><T9/><D79/><U101/><E110/><N who="3" m="42026" /><G91/><T53/><D57/><N who="1" m="32999" /><E7/><V41/><F36/><W3/><G3/><T1/><D1/><U10/><E10/><V112/><F112/><W113/><G113/><T105/><D105/><U123/><E123/><V124/><F124/><W93/><G93/><T99/><REACH who="0" step="1"/><D84/><REACH who="0" ten="217,250,250,273" step="2"/><U107/><E107/><V82/><F119/><W85/><G85/><T43/><D43/><U86/><E31/><V69/><F116/><W103/><G58/><T38/><D38/><U23/><E76/><V80/><F69/><W75/><G75/><T17/><D17/><U63/><E77/><V71/><F71/><W88/><G16/><T126/><D126/><U120/><E120/><V74/><F42/><W81/><G98/><T11/><D11/><U20/><E86/><N who="2" m="48407" /><F41/><W92/><G97/><T129/><D129/><U109/><E109/><V39/><F39/><W15/><G47/><T73/><D73/><U65/><E29/><N who="2" m="17583" /><F74/><W5/><G5/><T121/><D121/><U8/><E8/><V52/><F30/><W40/><G40/><RYUUKYOKU ba="0,1" sc="217,30,250,-10,250,-10,273,-10" hai0="0,4,9,19,22,33,35,53,56,61,94,99,102" /><INIT seed="2,1,1,1,1,134" ten="247,240,240,263" oya="2" hai0="120,66,65,92,37,22,119,115,99,79,116,75,16" hai1="81,44,88,40,41,123,51,0,67,49,95,57,74" hai2="36,132,54,18,59,121,70,108,32,28,1,78,111" hai3="100,103,50,135,64,90,33,47,48,45,9,85,83"/><V77/><F121/><W76/><G33/><T130/><D115/><U69/><E0/><V62/><F1/><W4/><G135/><T13/><D37/><U114/><E114/><V15/><F36/><W19/><G64/><T112/><D112/><U23/><E123/><V124/><F132/><W107/><G107/><T39/><D39/><U61/><E74/><V126/><F70/><W27/><G4/><T60/><D120/><U86/><E69/><V11/><F28/><W34/><G34/><T117/><D130/><U43/><E51/><V84/><F32/><W133/><G133/><T55/><D55/><U131/><E131/><V98/><F98/><W10/><G76/><N who="2" m="29289" /><F84/><W12/><G27/><T63/><D63/><U93/><REACH who="1" step="1"/><E23/><REACH who="1" ten="247,230,240,263" step="2"/><V56/><F56/><W80/><G48/><T3/><D3/><U2/><E2/><V102/><F102/><W106/><G100/><N who="0" m="60519" /><D60/><U6/><E6/><V110/><AGARI ba="1,2" hai="11,15,18,54,59,62,108,110,111,124,126" m="29289" machi="110" ten="40,12000,1" yaku="14,1,10,1,52,2" doraHai="134" who="2" fromWho="2" sc="247,-41,230,-41,240,143,263,-41" /><INIT seed="2,2,0,0,2,15" ten="206,189,383,222" oya="2" hai0="42,21,67,110,131,72,30,70,91,1,48,50,81" hai1="132,55,82,116,78,120,33,94,97,41,102,31,73" hai2="104,123,84,6,39,99,10,98,28,111,96,133,53" hai3="85,23,0,51,125,92,20,88,59,2,135,83,24"/><V58/><F39/><W100/><G135/><T3/><D110/><U80/><E116/><V103/><F123/><W16/><G125/><T112/><D112/><U127/><E120/><V118/><F118/><W44/><G59/><T106/><D106/><U47/><E127/><V25/><F133/><W90/><G100/><T62/><D131/><U7/><E132/><V129/><F84/><W54/><REACH who="3" step="1"/><G23/><REACH who="3" ten="206,189,383,212" step="2"/><T69/><D21/><U46/><E102/><V60/><F129/><W114/><G114/><T109/><D69/><U101/><E33/><V128/><F128/><W86/><AGARI ba="2,1" hai="0,2,16,20,24,44,51,54,83,85,86,88,90,92" machi="86" ten="20,12000,2" yaku="1,1,0,1,7,1,52,1,54,2,53,0" doraHai="15" doraHaiUra="124" who="3" fromWho="3" sc="206,-32,189,-32,383,-62,212,136" /><INIT seed="3,0,0,2,4,115" ten="174,157,321,348" oya="3" hai0="25,47,102,67,38,22,72,53,19,121,57,4,21" hai1="18,124,117,66,129,16,71,119,43,55,23,5,106" hai2="79,100,33,109,78,62,46,113,91,73,69,130,13" hai3="54,64,20,90,83,98,44,104,24,107,35,131,26"/><W56/><G35/><T51/><D121/><U110/><E106/><V7/><F113/><W81/><G131/><T74/><D4/><U92/><E129/><V50/><F33/><W87/><G98/><T108/><D108/><U45/><E110/><V14/><F109/><W39/><G64/><T114/><D114/><U49/><E124/><V125/><F73/><W61/><G24/><T93/><D38/><N who="1" m="21751" /><E5/><V89/><F100/><W111/><G111/><T27/><D102/><U123/><E123/><V112/><F69/><W34/><G34/><T135/><D93/><U132/><E132/><V68/><F130/><W0/><G0/><T101/><D101/><U30/><E92/><V32/><F32/><W60/><G60/><T103/><D103/><U42/><E42/><V40/><F68/><W48/><G39/><T9/><D135/><U77/><E77/><N who="2" m="29195" /><F62/><W116/><G81/><T96/><D96/><U133/><E133/><V10/><F125/><W52/><G116/><N who="1" m="44618" /><E30/><AGARI ba="0,0" hai="20,26,30,44,48,52,54,56,61,83,87,90,104,107" machi="30" ten="30,2900,0" yaku="7,1,54,1" doraHai="115" who="3" fromWho="1" sc="174,0,157,-29,321,0,348,29" owari="174,-22.6,128,-37.2,321,12.1,377,47.7" /></mjloggm>