<mjloggm ver="2.3"><GO type="225" lobby="0"/><UN n0="%E3%83%B4%E3%83%A0%EF%BC%99%E3%81%A6" n1="%E3%81%8B%E3%82%8F%E3%81%A1%E3%82%83%E3%82%93%35%38" n2="%33%74%72%65%65" n3="%E3%81%A4%E3%81%A3%E3%81%B1%E3%82%8A%E3%83%9D%E3%83%BC%E3%83%AB" dan="16,16,16,16" rate="2115.67,2142.71,2140.34,2145.25" sx="M,M,F,M"/><TAIKYOKU oya="0"/><INIT seed="0,0,0,0,1,35" ten="250,250,250,250" oya="0" hai0="44,6,67,101,95,16,52,28,104,103,129,2,38" hai1="83,14,27,39,100,80,19,107,130,9,72,118,12" hai2="51,121,43,30,108,61,65,11,131,82,75,59,110" hai3="49,81,96,26,20,84,111,62,32,128,48,37,41"/><T31/><D104/><U3/><E118/><V105/><F121/><W66/><G111/><N who="2" m="42537" /><F131/><W124/><G128/><T46/><D129/><U109/><E39/><V88/><F105/><W106/><G32/><T1/><D67/><U90/><E72/><V125/><F125/><W40/><G124/><T91/><D38/><U120/><E100/><V22/><F11/><W23/><G23/><T74/><D74/><U5/><E107/><V63/><F63/><W36/><G36/><T79/><D79/><U33/><E120/><V132/><F132/><W60/><G96/><T71/><D71/><U4/><E130/><V17/><F30/><W70/><G106/><T117/><D95/><U98/><E5/><V34/><F34/><W0/><G0/><T8/><D6/><U85/><E98/><V54/><F43/><W58/><G37/><T24/><D8/><U45/><E33/><V55/><F51/><N who="3" m="19531" /><G62/><T119/><D24/><U123/><E123/><V134/><F134/><W133/><G70/><T13/><D13/><N who="1" m="5227" /><E109/><V42/><F42/><W93/><G133/><T115/><D115/><U68/><E68/><V89/><F75/><W73/><G73/><T25/><D25/><U18/><E27/><N who="2" m="14799" /><F89/><N who="3" m="51343" /><G41/><T10/><D10/><U29/><E29/><V57/><F57/><W122/><G40/><T97/><D91/><N who="1" m="51623" /><E45/><V56/><F56/><W87/><G122/><T94/><D94/><U53/><E53/><V86/><AGARI ba="0,0" hai="54,55,59,61,65,82,86,88" m="14799,42537" machi="86" ten="30,2000,0" yaku="14,1,54,1" doraHai="35" who="2" fromWho="2" sc="250,-10,250,-5,250,20,250,-5" /><INIT seed="1,0,0,3,1,54" ten="240,245,270,245" oya="1" hai0="62,132,135,71,5,102,129,36,35,56,21,114,66" hai1="3,4,111,122,121,97,90,83,58,125,0,67,70" hai2="109,13,34,87,113,39,65,7,2,128,119,26,99" hai3="81,10,118,57,101,77,116,23,134,103,51,50,73"/><U117/><E70/><V79/><F2/><N who="1" m="553" /><E4/><V47/><F65/><W98/><G134/><N who="0" m="51243" /><D35/><U24/><E117/><N who="3" m="45162" /><G10/><T9/><D114/><U19/><E97/><V64/><F99/><W124/><G124/><T68/><D36/><U76/><E90/><V96/><F119/><W88/><G23/><T17/><D102/><N who="3" m="38921" /><G57/><T93/><D93/><AGARI ba="0,0" hai="50,51,73,77,81,88,93,98" m="38921,45162" machi="93" ten="30,2000,0" yaku="12,1,54,1" doraHai="54" who="3" fromWho="0" sc="240,-20,245,0,270,0,245,20" /><INIT seed="2,0,0,1,3,35" ten="220,245,270,265" oya="2" hai0="60,119,130,92,17,98,25,85,114,48,66,53,83" hai1="84,0,47,7,101,3,40,56,18,89,39,94,31" hai2="134,33,86,26,6,54,58,9,67,24,72,131,111" hai3="57,10,63,132,90,109,2,30,120,74,93,61,14"/><V81/><F131/><W69/><G120/><T21/><D130/><U59/><E31/><V77/><F134/><W91/><G74/><T79/><D119/><U112/><E112/><V99/><F111/><W78/><G132/><T107/><D107/><U8/><E0/><V88/><F67/><W122/><G122/><T28/><D114/><U117/><E117/><V87/><F99/><W4/><G78/><T29/><D60/><U97/><REACH who="1" step="1"/><E18/><REACH who="1" ten="220,235,270,265" step="2"/><V64/><F33/><W50/><G2/><T5/><D5/><U43/><E43/><V100/><F6/><W55/><G30/><T12/><D66/><U110/><E110/><V42/><F64/><W49/><G109/><T125/><D125/><U36/><E36/><V52/><F42/><W51/><G69/><T1/><D1/><U68/><E68/><V82/><F54/><W13/><G55/><T135/><D135/><U95/><AGARI ba="0,1" hai="3,7,8,39,40,47,56,59,84,89,94,95,97,101" machi="95" ten="20,8000,1" yaku="1,1,0,1,7,1,52,1,53,1" doraHai="35" doraHaiUra="37" who="1" fromWho="1" sc="220,-20,235,90,270,-40,265,-20" /><INIT seed="3,0,0,1,0,116" ten="200,325,230,245" oya="3" hai0="94,59,11,58,86,134,33,84,92,67,15,114,110" hai1="51,38,87,113,112,122,2,99,82,32,78,80,17" hai2="43,16,62,88,127,45,5,71,57,74,12,108,129" hai3="27,30,39,91,46,35,9,8,61,83,34,135,73"/><W75/><G135/><T123/><D33/><U97/><E122/><V69/><F108/><W25/><G61/><T53/><D110/><U119/><E38/><V1/><F74/><W85/><G39/><T20/><D134/><U93/><E2/><V31/><F31/><W24/><G46/><T89/><D114/><U120/><E120/><V26/><F26/><W102/><G102/><T117/><D117/><U98/><E32/><V37/><F129/><W44/><G44/><T54/><D20/><U55/><E119/><V115/><F115/><W50/><G50/><T36/><D36/><U10/><E82/><V103/><F103/><W100/><G100/><T132/><D132/><U21/><E10/><V104/><F104/><W48/><G48/><T81/><D123/><U70/><E70/><V6/><F1/><W41/><G41/><T95/><D84/><U40/><E40/><V47/><F47/><W19/><G27/><T72/><D72/><U42/><E42/><V77/><F77/><W130/><G130/><T52/><REACH who="0" step="1"/><D67/><REACH who="0" ten="190,325,230,245" step="2"/><U90/><E113/><V121/><F121/><W105/><G35/><T131/><D131/><U126/><E112/><V96/><F127/><W109/><G109/><T118/><D118/><U79/><E126/><V0/><F0/><W4/><G75/><T66/><D66/><U64/><E64/><N who="2" m="38991" /><F71/><W28/><G73/><T23/><D23/><U49/><E21/><N who="2" m="11399" /><F69/><W7/><G85/><T65/><D65/><U29/><E87/><V76/><F76/><W124/><G124/><T56/><D56/><N who="1" m="32879" /><E79/><V107/><F107/><W128/><G105/><RYUUKYOKU ba="0,1" sc="190,15,325,-15,230,15,245,-15" hai0="11,15,52,53,54,58,59,81,86,89,92,94,95" hai2="5,6,37,43,45,88,96" owari="205,-29.5,320,42.0,245,4.5,230,-17.0" /></mjloggm>