<mjloggm ver="2.3"><GO type="225" lobby="0"/><UN n0="%E7%99%BD%E6%97%A5%E9%9B%AA%E8%8F%9C" n1="%E6%B8%A9%E2%98%85%E6%83%85%E2%98%85%E6%8E%AA%E2%98%85%E7%BD%AE" n2="%E3%83%99%E3%83%AB%E3%83%A2%E3%83%83%E3%83%88" n3="%6D%61%74%69%67%75%73%61" dan="17,17,16,17" rate="2240.91,2223.65,2094.08,2228.77" sx="M,M,M,M"/><TAIKYOKU oya="0"/><INIT seed="0,0,0,0,0,111" ten="250,250,250,250" oya="0" hai0="124,37,63,128,60,3,71,84,119,131,66,44,27" hai1="34,28,21,76,79,56,120,100,5,118,133,13,31" hai2="127,112,52,64,38,107,14,25,101,41,135,104,88" hai3="17,73,54,61,45,121,103,134,65,126,62,122,116"/><T108/><D119/><U53/><E118/><V106/><F64/><W87/><G73/><T98/><D3/><U132/><E120/><V1/><F1/><W94/><G134/><N who="1" m="51818" /><E34/><V117/><F112/><W96/><G126/><T48/><D124/><U80/><E100/><V115/><F127/><W0/><G116/><T74/><D74/><N who="1" m="43031" /><E79/><V23/><F115/><W86/><G0/><T7/><D7/><U78/><E78/><V46/><F135/><W95/><G103/><T81/><D37/><U20/><E5/><V92/><F101/><W110/><G110/><T33/><D108/><U109/><E109/><V2/><F2/><W83/><G83/><T58/><D98/><U51/><E13/><V125/><F14/><W59/><G96/><T10/><D10/><U18/><E18/><V22/><F117/><W24/><G17/><T129/><D33/><U97/><E97/><V32/><F32/><W12/><G12/><T43/><D27/><U93/><E93/><V19/><F125/><W90/><G24/><T40/><D40/><U68/><E68/><V15/><F15/><W82/><G82/><T67/><REACH who="0" step="1"/><D129/><REACH who="0" ten="240,250,250,250" step="2"/><U30/><AGARI ba="0,1" hai="20,21,28,30,31,51,53,56" m="43031,51818" machi="30" ten="30,1100,0" yaku="20,1" doraHai="111" who="1" fromWho="1" sc="240,-5,250,21,250,-3,250,-3" /><INIT seed="1,0,0,0,3,65" ten="235,271,247,247" oya="1" hai0="0,6,97,50,35,100,70,19,86,87,34,60,98" hai1="72,20,1,89,109,63,69,8,119,13,46,103,14" hai2="126,32,38,9,7,84,4,94,73,76,125,118,66" hai3="134,111,40,83,24,71,16,36,42,53,10,15,29"/><U133/><E119/><V112/><F32/><W37/><G111/><T110/><D110/><U104/><E109/><V116/><F38/><W115/><G115/><T17/><D50/><U61/><E72/><V120/><F73/><W121/><G121/><T79/><D6/><U41/><E133/><V108/><F108/><W99/><G134/><T2/><D60/><U90/><E1/><V54/><F120/><W92/><G71/><T18/><D70/><U101/><E104/><V44/><F112/><W59/><G83/><T88/><D79/><U80/><E69/><V96/><F66/><W26/><G37/><T105/><D98/><U131/><E80/><N who="2" m="47111" /><F7/><W135/><G135/><T124/><D124/><N who="2" m="47722" /><F44/><W132/><G132/><T23/><D23/><U91/><E20/><V74/><F54/><W11/><G11/><T22/><D22/><U45/><E131/><V30/><F30/><W123/><G123/><T82/><REACH who="0" step="1"/><D87/><REACH who="0" ten="225,271,247,247" step="2"/><U127/><E127/><V107/><F74/><W51/><G36/><T57/><D57/><U102/><E46/><V43/><F4/><W48/><G48/><T49/><D49/><N who="1" m="26799" /><E8/><V68/><F9/><W67/><G67/><T85/><D85/><U58/><E63/><V106/><F68/><W33/><REACH who="3" step="1"/><G26/><REACH who="3" ten="225,271,247,237" step="2"/><T93/><D93/><U62/><E62/><V31/><F107/><W21/><G21/><T117/><D117/><U27/><E27/><V113/><F106/><W130/><G130/><T77/><D77/><U75/><E75/><V78/><F78/><W47/><G47/><T56/><D56/><U39/><E39/><V114/><F118/><RYUUKYOKU ba="0,2" sc="225,10,271,10,247,-30,237,10" hai0="0,2,17,18,19,34,35,82,86,88,97,100,105" hai1="13,14,58,61,89,90,91,101,102,103" hai3="10,15,16,24,29,33,40,42,51,53,59,92,99" /><INIT seed="1,1,2,0,0,110" ten="235,281,217,247" oya="1" hai0="116,32,104,94,102,12,85,25,100,126,1,92,96" hai1="88,135,5,19,0,133,60,54,44,98,90,87,83" hai2="39,105,109,62,43,106,17,8,42,78,68,29,130" hai3="111,118,14,15,80,30,108,59,75,115,74,56,26"/><U45/><E0/><V40/><F109/><N who="3" m="42059" /><G118/><T99/><D1/><U22/><E5/><V66/><F29/><W95/><G95/><T93/><D116/><U52/><E98/><V46/><F130/><W4/><G115/><T63/><D126/><U41/><E90/><V58/><F78/><N who="3" m="44119" /><G75/><T71/><D12/><N who="3" m="4649" /><G4/><T70/><D94/><U38/><E45/><V97/><F8/><W112/><G112/><T57/><D104/><U34/><E34/><AGARI ba="1,2" hai="26,30,34,56,59" m="4649,44119,42059" machi="34" ten="30,1000,0" yaku="14,1" doraHai="110" who="3" fromWho="1" sc="235,0,281,-13,217,0,247,33" /><INIT seed="2,0,0,1,3,92" ten="235,268,217,280" oya="2" hai0="0,21,107,54,42,88,90,20,2,43,55,86,93" hai1="78,40,125,98,102,122,16,18,41,51,64,127,1" hai2="61,133,101,131,56,66,26,81,97,76,67,94,71" hai3="36,47,65,121,106,114,62,99,95,37,50,80,68"/><V87/><F131/><W63/><G121/><T100/><D93/><N who="1" m="58703" /><E1/><V58/><F133/><W130/><G106/><T77/><D100/><U116/><E116/><V109/><F109/><W23/><G130/><T135/><D86/><U12/><E122/><V57/><F67/><W89/><G114/><T111/><D77/><U31/><E31/><V6/><F6/><W28/><G62/><T73/><D73/><U35/><E35/><V53/><REACH who="2" step="1"/><F26/><REACH who="2" ten="235,268,207,280" step="2"/><W11/><G65/><T128/><D128/><U32/><E64/><V115/><F115/><W69/><G69/><T96/><D111/><U104/><E127/><V129/><F129/><W134/><G68/><T83/><D135/><U85/><E125/><V13/><F13/><W17/><G134/><T44/><D2/><U10/><E12/><V91/><F91/><W34/><G89/><T126/><D0/><U39/><E78/><V4/><F4/><W33/><G36/><T117/><D90/><U118/><E39/><V112/><F112/><W82/><G37/><T110/><D110/><U74/><E118/><V60/><AGARI ba="0,1" hai="53,56,57,58,60,61,66,71,76,81,87,94,97,101" machi="60" ten="20,7800,0" yaku="1,1,0,1,7,1,52,1,53,0" doraHai="92" doraHaiUra="19" who="2" fromWho="2" sc="235,-26,268,-26,207,88,280,-26" /><INIT seed="2,1,0,2,1,112" ten="209,242,295,254" oya="2" hai0="99,3,13,121,130,36,122,113,116,11,111,120,16" hai1="41,90,42,91,12,51,86,57,31,30,67,93,96" hai2="128,88,92,73,14,0,124,98,26,6,131,82,45" hai3="22,106,100,105,34,20,119,44,127,97,32,87,102"/><V48/><F0/><W78/><G44/><T39/><D113/><U108/><E108/><V56/><F26/><W25/><G127/><T38/><D111/><U77/><E77/><V74/><F124/><W28/><G119/><T37/><N who="0" m="9216" /><DORA hai="63" /><T65/><D130/><N who="2" m="49706" /><F56/><W68/><G68/><T24/><D116/><U109/><E109/><V125/><F125/><W9/><G9/><T71/><D3/><U115/><E12/><V43/><F82/><W134/><G134/><T4/><D99/><U101/><E115/><V7/><F14/><W1/><G1/><T18/><REACH who="0" step="1"/><D24/><REACH who="0" ten="199,242,295,254" step="2"/><U60/><E101/><V81/><F98/><W107/><G102/><T50/><D50/><U10/><E51/><V58/><F48/><W17/><G97/><T126/><D126/><U64/><E64/><V69/><F43/><N who="1" m="16393" /><E10/><V21/><F45/><W118/><G118/><T70/><D70/><U76/><E76/><V79/><F69/><W40/><G40/><T123/><N who="0" m="30720" /><DORA hai="19" /><T55/><D55/><U84/><E96/><V114/><F79/><W5/><G100/><T61/><AGARI ba="1,1" hai="4,11,13,16,18,61,65,71" m="30720,9216" machi="61" ten="90,8000,1" yaku="1,1,0,1,52,1,54,1,53,0" doraHai="112,63,19" doraHaiUra="47,129,72" who="0" fromWho="0" sc="199,93,242,-21,295,-41,254,-21" /><INIT seed="3,0,0,1,5,86" ten="292,221,254,233" oya="3" hai0="9,36,111,14,72,110,19,10,107,29,126,58,15" hai1="105,57,7,114,84,53,123,121,89,96,20,22,35" hai2="31,1,101,56,11,26,24,33,100,85,103,13,3" hai3="125,131,128,23,27,76,47,70,117,45,32,99,16"/><W25/><G117/><T63/><D72/><U52/><E114/><V65/><F24/><W127/><G70/><T18/><D107/><U42/><E35/><V51/><F85/><W124/><G76/><T90/><D36/><U69/><E69/><V55/><REACH who="2" step="1"/><F65/><REACH who="2" ten="292,221,244,233" step="2"/><W49/><G99/><T116/><D116/><U50/><E123/><V79/><F79/><W88/><G88/><T92/><D126/><U44/><E121/><V4/><AGARI ba="0,1" hai="1,3,4,11,13,26,31,33,51,55,56,100,101,103" machi="4" ten="30,2000,0" yaku="1,1,0,1,53,0" doraHai="86" doraHaiUra="132" who="2" fromWho="2" sc="292,-5,221,-5,244,30,233,-10" /><INIT seed="4,0,0,0,4,80" ten="287,216,274,223" oya="0" hai0="62,99,132,124,47,20,78,121,71,113,77,60,25" hai1="107,86,120,52,118,72,125,33,35,22,43,131,19" hai2="6,51,0,10,38,24,88,111,27,1,84,130,45" hai3="11,109,21,129,54,85,44,63,116,17,114,128,75"/><T7/><D121/><U26/><E72/><V123/><F38/><W108/><G75/><T23/><D113/><U92/><E120/><V16/><F111/><W50/><G116/><T68/><D124/><U93/><E118/><V40/><F0/><W57/><G114/><T8/><D132/><U59/><E107/><V127/><F123/><W122/><G122/><T53/><D99/><U37/><E125/><V134/><F134/><W74/><G11/><T41/><D53/><U18/><E131/><V39/><F127/><W97/><G97/><T90/><D90/><U106/><E106/><V115/><F115/><W95/><G74/><T82/><D71/><U102/><E19/><V31/><F31/><W126/><G126/><T5/><D68/><U49/><E102/><V133/><F133/><W58/><G109/><T34/><D34/><U100/><E100/><V15/><F130/><W42/><G108/><T91/><D91/><U65/><E65/><V89/><F39/><W104/><G104/><T81/><D8/><U105/><E105/><V119/><F89/><N who="3" m="53679" /><G129/><T28/><D28/><U101/><E101/><V79/><F79/><W55/><G128/><T12/><D41/><U110/><E110/><V70/><F70/><W32/><G32/><T98/><D98/><U112/><E112/><V66/><F119/><W94/><G94/><N who="1" m="36458" /><E86/><V9/><F66/><N who="3" m="39279" /><G58/><T69/><D69/><U30/><E30/><V83/><AGARI ba="0,0" hai="1,6,9,10,15,16,24,27,40,45,51,83,84,88" machi="83" ten="20,8000,1" yaku="0,1,7,1,52,1,54,2" doraHai="80" who="2" fromWho="2" sc="287,-40,216,-20,274,80,223,-20" owari="247,4.7,196,-30.4,354,45.4,203,-19.7" /></mjloggm>