<mjloggm ver="2.3"><GO type="225" lobby="0"/><UN n0="%E3%81%95%E3%81%8D%E3%81%9F%E3%81%BE%E6%9E%97%E6%AA%8E" n1="%E3%83%B4%E3%83%A0%EF%BC%99%E3%81%A6" n2="%6E%69%63%6F%6E%74%6F" n3="%33%74%72%65%65" dan="16,17,17,17" rate="2151.22,2187.37,2167.44,2234.79" sx="M,M,M,F"/><TAIKYOKU oya="0"/><INIT seed="0,0,0,2,2,119" ten="250,250,250,250" oya="0" hai0="73,2,80,20,33,49,79,36,132,128,40,22,7" hai1="16,133,47,89,65,82,104,101,72,62,46,90,13" hai2="31,34,84,95,76,25,115,134,29,4,64,83,69" hai3="53,23,131,37,14,102,45,11,52,60,85,1,114"/><T61/><D128/><U118/><E118/><V87/><F134/><W55/><G131/><T8/><D132/><U130/><E133/><V58/><F115/><W59/><G114/><T18/><D33/><U26/><E26/><V57/><F31/><W51/><G37/><T113/><D113/><U70/><E130/><V68/><F4/><W123/><G123/><T27/><D49/><U96/><E72/><V75/><F75/><W35/><G35/><T12/><D61/><U67/><E67/><V66/><F95/><W63/><G102/><T98/><D98/><U127/><E127/><V15/><F15/><W100/><G100/><T43/><REACH who="0" step="1"/><D36/><REACH who="0" ten="240,250,250,250" step="2"/><U86/><REACH who="1" step="1"/><E90/><REACH who="1" ten="240,240,250,250" step="2"/><V50/><F34/><W120/><G120/><T0/><D0/><U56/><E56/><V54/><F58/><W112/><G59/><T111/><D111/><U97/><E97/><V88/><F66/><W126/><G1/><T81/><D81/><U74/><E74/><V78/><F64/><W42/><G112/><T5/><D5/><U10/><AGARI ba="0,2" hai="10,13,16,46,47,62,65,70,82,86,89,96,101,104" machi="10" ten="20,8000,1" yaku="1,1,0,1,7,1,54,1,53,1" doraHai="119" doraHaiUra="6" who="1" fromWho="1" sc="240,-40,240,100,250,-20,250,-20" /><INIT seed="1,0,0,4,4,36" ten="200,340,230,230" oya="1" hai0="37,117,84,18,57,16,14,63,7,60,43,80,114" hai1="12,74,134,128,112,115,32,10,131,95,118,87,120" hai2="108,121,82,61,78,0,64,125,23,33,99,71,100" hai3="70,110,73,39,20,72,59,46,88,85,2,94,129"/><U68/><E68/><V77/><F23/><W130/><G70/><T50/><D114/><U15/><E74/><N who="2" m="43319" /><F78/><W38/><G2/><T25/><D117/><U92/><E118/><V28/><F28/><W8/><BYE who="2" /><G110/><T51/><D37/><N who="3" m="13833" /><G46/><N who="0" m="25951" /><D25/><U24/><E120/><V1/><F1/><W4/><G20/><T96/><D96/><U111/><E111/><V101/><F101/><W27/><G27/><UN n2="%6E%69%63%6F%6E%74%6F" /><T5/><D51/><U81/><E24/><V91/><F33/><W90/><G59/><T40/><D40/><U13/><E10/><V105/><F91/><W103/><G90/><T83/><D83/><U122/><E32/><V58/><F58/><W98/><G98/><T116/><D116/><U104/><E112/><V45/><F108/><W53/><G103/><T31/><D31/><U119/><E119/><V42/><F45/><W93/><G53/><N who="0" m="33839" /><D63/><U86/><E115/><V75/><F42/><W126/><G73/><T67/><D67/><U132/><E104/><V89/><F75/><W54/><G72/><T35/><D35/><U76/><E81/><V34/><F0/><N who="3" m="7" /><G54/><T55/><D55/><U123/><E12/><V109/><F34/><W135/><G130/><T29/><D29/><U66/><E66/><V6/><F109/><W11/><G129/><T21/><D18/><U30/><E30/><V44/><F44/><W97/><G97/><T69/><D69/><U62/><E62/><V48/><F61/><W19/><G19/><T17/><D17/><U9/><E76/><AGARI ba="0,0" hai="5,7,14,16,21,76,80,84" m="33839,25951" machi="76" ten="30,3900,0" yaku="8,1,52,1,54,1" doraHai="36" who="0" fromWho="1" sc="200,39,340,-39,230,0,230,0" /><INIT seed="2,0,0,0,3,20" ten="239,301,230,230" oya="2" hai0="45,34,94,102,75,135,117,39,128,62,12,67,114" hai1="100,124,129,83,59,2,43,30,18,17,71,82,95" hai2="51,53,99,31,115,77,65,47,106,36,87,130,127" hai3="79,88,50,3,38,90,73,33,49,16,48,5,103"/><V113/><F130/><W92/><G38/><T133/><D114/><U4/><E71/><V111/><F127/><W55/><G33/><T27/><D128/><U70/><E129/><V6/><F111/><W29/><G29/><N who="0" m="19775" /><D75/><U41/><E70/><V37/><F65/><W98/><G73/><T123/><D123/><U54/><E30/><V22/><F6/><W24/><G79/><T126/><D126/><U25/><E4/><V131/><F131/><W23/><REACH who="3" step="1"/><G55/><REACH who="3" ten="239,301,230,220" step="2"/><T110/><D39/><U10/><E54/><V86/><F115/><W76/><G76/><T81/><D110/><U61/><E124/><V97/><F113/><W125/><G125/><T21/><D117/><U107/><E41/><V26/><F37/><W93/><G93/><T66/><D94/><U32/><E95/><V120/><F36/><W35/><G35/><T116/><D116/><U96/><E43/><V1/><F120/><W122/><G122/><T132/><D133/><U91/><E32/><V63/><F77/><W109/><G109/><T121/><D121/><U89/><E82/><V119/><F119/><W28/><G28/><T134/><D81/><U84/><E83/><V0/><F106/><W108/><G108/><T64/><D132/><U69/><E107/><V56/><F87/><W7/><G7/><T72/><D72/><U105/><E84/><V42/><REACH who="2" step="1"/><F86/><REACH who="2" ten="239,301,220,220" step="2"/><W104/><G104/><T74/><D74/><U112/><E105/><V118/><F118/><W14/><G14/><T101/><D12/><U11/><E112/><V68/><F68/><W9/><AGARI ba="0,2" hai="3,5,9,16,23,24,48,49,50,88,90,92,98,103" machi="9" ten="30,8000,1" yaku="1,1,0,1,52,1,54,2,53,0" doraHai="20" doraHaiUra="60" who="3" fromWho="3" sc="239,-20,301,-20,220,-40,220,100" /><INIT seed="3,0,0,4,2,129" ten="219,281,180,320" oya="3" hai0="9,41,55,22,77,135,12,62,47,95,2,120,57" hai1="4,24,16,111,85,112,113,15,98,114,69,93,0" hai2="110,7,42,13,102,119,108,74,32,75,70,121,38" hai3="125,96,99,123,103,128,76,30,35,11,67,28,56"/><W115/><G123/><T48/><D120/><U10/><E69/><V54/><F121/><W61/><G115/><T23/><D2/><U107/><E107/><V109/><F119/><W53/><G128/><T72/><D135/><U88/><E111/><V90/><F32/><W87/><G125/><T84/><D72/><U127/><E127/><V19/><F70/><W29/><G35/><T81/><REACH who="0" step="1"/><D95/><REACH who="0" ten="209,281,180,320" step="2"/><U105/><E105/><V104/><F7/><AGARI ba="0,1" hai="7,9,12,22,23,41,47,48,55,57,62,77,81,84" machi="7" ten="30,12000,2" yaku="1,1,2,1,7,1,25,2,8,1,53,0" doraHai="129" doraHaiUra="101" who="0" fromWho="2" sc="209,130,281,0,180,-120,320,0" owari="339,43.9,281,-11.9,60,-44.0,320,12.0" /></mjloggm>