<mjloggm ver="2.3"><GO type="225" lobby="0"/><UN n0="%E3%81%82%E3%81%84%E3%81%82%E3%81%8A%E3%81%84" n1="%E7%AD%89%E3%80%85%E5%8A%9B%E5%8A%87%E5%A0%B4" n2="%6D%75%75%6D%75%72%61" n3="%72%69%6F%75%63%68%61%6E" dan="18,16,16,16" rate="2215.85,2045.32,2111.72,2214.47" sx="M,M,F,M"/><TAIKYOKU oya="0"/><INIT seed="0,0,0,4,4,73" ten="250,250,250,250" oya="0" hai0="68,119,80,110,31,32,28,69,41,82,2,96,88" hai1="30,27,76,133,42,103,106,1,60,127,74,72,124" hai2="20,17,46,52,0,70,78,45,128,122,125,43,92" hai3="120,75,12,62,129,59,35,126,104,6,5,24,16"/><T49/><D119/><U3/><E42/><V130/><F122/><W135/><G120/><T117/><D117/><U83/><E72/><V67/><F0/><W131/><G104/><T39/><D2/><N who="1" m="523" /><E60/><N who="2" m="40295" /><F125/><N who="1" m="48201" /><E133/><V118/><F43/><W84/><G135/><T64/><D39/><U113/><E113/><V79/><F92/><W11/><G75/><T132/><D132/><U34/><E103/><V19/><F19/><W115/><G115/><T95/><D110/><U102/><E102/><V38/><F38/><W109/><G109/><T47/><D32/><U89/><E89/><V107/><F107/><AGARI ba="0,0" hai="27,30,34,74,76,83,106,107" m="48201,523" machi="107" ten="30,3900,0" yaku="18,1,23,1,52,1" doraHai="73" who="1" fromWho="2" sc="250,0,250,39,250,-39,250,0" /><INIT seed="1,0,0,4,5,84" ten="250,289,211,250" oya="1" hai0="28,88,50,132,92,74,49,105,133,36,112,85,57" hai1="59,37,96,72,119,80,99,14,66,27,110,97,24" hai2="43,81,67,62,53,8,35,51,17,128,56,38,2" hai3="113,134,26,125,79,21,98,60,22,120,64,5,42"/><U122/><E119/><V123/><F123/><W73/><G125/><T107/><D112/><U33/><E122/><V52/><F128/><W7/><G134/><N who="0" m="51819" /><D36/><U131/><E37/><V54/><F35/><W12/><G120/><T127/><D74/><U58/><E131/><V111/><F111/><W61/><G113/><T114/><D114/><U20/><E110/><V118/><F118/><W13/><G42/><T108/><D108/><U109/><E109/><V3/><F38/><W86/><G73/><T10/><D127/><U76/><E33/><V65/><F65/><W6/><G98/><T82/><D28/><U44/><E44/><V46/><REACH who="2" step="1"/><F81/><REACH who="2" ten="250,289,201,250" step="2"/><N who="3" m="47423" /><G64/><T23/><D82/><U19/><E66/><V34/><F34/><W4/><N who="3" m="1024" /><DORA hai="130" /><W75/><G75/><T68/><D68/><U15/><E72/><V32/><F32/><W126/><G126/><T83/><D83/><U9/><E80/><V78/><F78/><W45/><G45/><T41/><D57/><U95/><E76/><V25/><F25/><W55/><G26/><T121/><D121/><U115/><E27/><V69/><F69/><W16/><G55/><T93/><D41/><U48/><E115/><V106/><F106/><W102/><G102/><T63/><D107/><U11/><E24/><V77/><F77/><W103/><G103/><T39/><D105/><U91/><E59/><V90/><F90/><W129/><G129/><T1/><D88/><U29/><E91/><V116/><F116/><W71/><G71/><T124/><D124/><U18/><E58/><V47/><F47/><W31/><G12/><AGARI ba="0,1" hai="2,3,8,12,17,43,46,51,52,53,54,56,62,67" machi="12" ten="40,5200,0" yaku="1,1,6,1,54,1,53,0" doraHai="84,130" doraHaiUra="94,70" who="2" fromWho="3" sc="250,0,289,0,201,62,250,-52" /><INIT seed="2,0,0,3,0,103" ten="250,289,263,198" oya="2" hai0="8,85,19,70,123,98,41,82,106,92,13,124,7" hai1="122,14,44,3,71,130,51,46,9,22,20,36,25" hai2="91,24,73,18,101,57,52,56,105,133,69,80,50" hai3="60,134,116,30,67,120,12,42,66,127,65,113,87"/><V100/><F69/><W125/><G116/><T61/><D123/><U15/><E71/><V104/><F133/><W95/><G120/><T110/><D110/><U88/><E122/><V64/><F100/><W86/><G134/><T45/><D124/><N who="3" m="47689" /><G30/><T47/><D106/><U58/><E130/><V32/><F101/><W21/><G42/><T33/><D33/><U135/><E135/><V54/><F64/><W28/><G113/><T109/><D109/><U107/><E3/><V83/><F83/><W17/><G28/><T89/><D19/><U49/><E36/><V96/><F96/><W39/><G39/><T27/><D27/><U34/><E34/><V99/><F99/><W121/><G121/><T76/><REACH who="0" step="1"/><D41/><REACH who="0" ten="240,289,263,198" step="2"/><U129/><E25/><V59/><F32/><W126/><N who="3" m="47697" /><W72/><DORA hai="90" /><G72/><T23/><D23/><U115/><E22/><V2/><F73/><W77/><G77/><T40/><D40/><U119/><E20/><V38/><F104/><W35/><G35/><T4/><D4/><U81/><E107/><V114/><F105/><W78/><G78/><T94/><D94/><U0/><E81/><V93/><F93/><W74/><G74/><T128/><D128/><U37/><E129/><V108/><F80/><W75/><G75/><T117/><D117/><U43/><E43/><V48/><F108/><W53/><G95/><T79/><D79/><U111/><E119/><V16/><F38/><W6/><G6/><T26/><D26/><U102/><E111/><V55/><F24/><W112/><G112/><T29/><D29/><U62/><E115/><RYUUKYOKU ba="0,1" sc="240,15,289,-15,263,-15,198,15" hai0="7,8,13,45,47,61,70,76,82,85,89,92,98" hai3="12,17,21,53,60,65,66,67,86,87" /><INIT seed="3,1,1,5,1,134" ten="255,274,248,213" oya="3" hai0="14,65,32,77,28,57,56,7,96,51,46,91,60" hai1="74,92,98,3,0,34,106,85,47,5,82,16,37" hai2="123,33,111,50,107,122,35,67,15,13,39,105,119" hai3="52,97,130,124,62,24,131,1,101,10,48,11,49"/><W118/><G118/><T87/><D32/><N who="2" m="12362" /><F119/><W44/><G1/><T58/><D28/><U2/><E34/><V64/><F50/><W8/><G62/><T86/><D96/><U121/><E121/><N who="2" m="46091" /><F39/><W103/><G124/><T27/><D27/><U78/><E106/><N who="2" m="40459" /><F111/><W94/><G101/><T4/><D77/><U25/><E74/><V22/><F22/><W72/><G72/><T9/><D4/><U54/><E5/><V40/><F40/><W23/><REACH who="3" step="1"/><G48/><REACH who="3" ten="255,274,248,203" step="2"/><T36/><D36/><U120/><E0/><V63/><F63/><W42/><G42/><T68/><D51/><U88/><E2/><V70/><F70/><W83/><G83/><T102/><D102/><U128/><E3/><V53/><F53/><W73/><G73/><T115/><D60/><U66/><E54/><V6/><F6/><W112/><G112/><T129/><D115/><U19/><E37/><V75/><F75/><W95/><G95/><T79/><D7/><U20/><E92/><V132/><F132/><W21/><G21/><T17/><D68/><U71/><E20/><V55/><F55/><W127/><G127/><T29/><D65/><AGARI ba="1,2" hai="13,15,64,65,67" m="40459,46091,12362" machi="65" ten="40,5200,0" yaku="28,2,13,1" doraHai="134" who="2" fromWho="0" sc="255,-55,274,0,248,75,203,0" owari="200,-30.0,274,7.4,323,42.3,203,-19.7" /></mjloggm>