<mjloggm ver="2.3"><GO type="225" lobby="0"/><UN n0="%E6%A1%9C%E8%8A%B1%E9%96%83%E3%80%85" n1="%E3%81%B7%E3%82%8A%E3%82%93%E8%81%96%E4%BA%BA" n2="%E4%B8%8B%E6%AE%B5%E3%83%81%E3%82%A7%E3%83%AA%E3%83%BC" n3="%4E%6F%2E%30%30%30%31" dan="18,16,16,18" rate="2199.54,2084.76,2118.46,2238.75" sx="M,M,M,M"/><TAIKYOKU oya="0"/><INIT seed="0,0,0,0,3,19" ten="250,250,250,250" oya="0" hai0="12,34,67,25,92,76,80,15,116,31,134,98,128" hai1="26,10,68,22,7,45,41,99,86,88,65,37,1" hai2="84,94,3,117,9,50,70,73,104,18,30,78,126" hai3="75,55,71,43,0,2,49,77,4,106,95,102,64"/><T125/><D116/><U129/><E129/><V16/><F70/><W90/><G43/><T20/><D128/><U115/><E115/><V38/><F38/><W14/><G64/><T82/><D125/><U6/><E6/><V83/><F117/><W100/><G71/><T61/><D134/><U42/><E42/><V27/><F104/><W97/><G100/><T51/><D51/><U79/><E68/><V123/><F123/><W105/><G105/><T132/><D132/><U96/><E79/><V108/><F108/><W52/><G14/><T74/><D82/><U58/><E58/><V24/><F126/><W33/><G33/><T46/><D46/><U135/><E65/><V39/><F39/><W47/><G4/><T36/><D34/><U103/><E103/><V40/><F3/><W114/><G55/><T44/><D44/><U21/><E21/><N who="2" m="15631" /><F73/><W29/><G29/><T113/><D36/><U120/><E120/><V62/><F62/><W130/><G114/><T48/><D48/><U85/><E85/><V112/><F112/><W122/><G130/><T66/><D66/><U89/><E89/><V32/><F32/><W131/><G122/><T124/><D124/><U101/><E101/><V53/><F40/><W127/><G127/><T109/><D109/><U54/><E54/><V56/><F9/><W11/><G11/><T13/><D113/><U121/><E121/><V118/><F118/><W133/><G133/><T5/><D5/><U28/><E135/><V87/><F27/><W23/><G131/><T63/><D67/><U57/><E57/><V69/><F69/><RYUUKYOKU ba="0,0" sc="250,10,250,10,250,10,250,-30" hai0="12,13,15,20,25,31,61,63,74,76,80,92,98" hai1="1,7,10,22,26,28,37,41,45,86,88,96,99" hai2="16,18,50,53,56,78,83,84,87,94" /><INIT seed="0,1,0,5,2,130" ten="260,260,260,220" oya="0" hai0="72,105,100,60,45,80,125,4,113,99,33,74,106" hai1="85,87,38,20,65,128,58,54,63,84,12,103,46" hai2="90,53,41,69,3,57,24,81,133,29,30,132,77" hai3="119,79,52,15,135,34,121,122,111,7,18,32,110"/><T124/><D33/><N who="3" m="12905" /><G79/><N who="0" m="44135" /><D4/><U129/><E103/><V11/><F69/><W23/><G52/><T31/><D31/><U120/><E120/><N who="3" m="46186" /><G119/><T131/><D60/><U101/><E101/><V108/><F108/><N who="3" m="41515" /><G7/><T91/><D45/><U64/><E38/><V67/><F67/><W47/><G47/><T39/><D39/><U93/><E93/><V43/><F90/><W117/><G117/><T40/><D74/><U82/><E82/><V19/><F41/><W83/><G83/><T70/><D40/><U13/><E46/><V107/><F43/><W9/><G135/><N who="2" m="51785" /><F107/><W48/><G48/><T8/><D106/><U78/><E78/><V75/><F3/><W102/><G102/><T92/><D100/><U25/><E64/><V94/><F94/><W59/><G59/><T49/><D105/><U68/><E68/><V55/><F55/><W14/><G14/><T116/><D70/><U89/><E65/><V118/><F118/><W36/><G36/><T5/><D116/><U62/><E62/><N who="2" m="36143" /><F24/><W98/><G98/><T42/><D42/><U112/><E89/><V6/><F6/><W76/><G76/><T44/><D5/><U86/><E86/><V17/><F77/><W16/><G16/><T97/><D91/><U26/><E13/><N who="2" m="7359" /><F19/><W126/><G126/><T88/><D125/><U35/><E12/><V22/><F81/><W10/><AGARI ba="1,0" hai="9,10,15,18,23" m="41515,46186,12905" machi="10" ten="40,8000,1" yaku="13,1,14,1,34,2" doraHai="130" who="3" fromWho="3" sc="260,-41,260,-21,260,-21,220,83" /><INIT seed="1,0,0,0,1,46" ten="219,239,239,303" oya="1" hai0="26,88,27,53,9,58,22,132,8,33,93,94,24" hai1="96,23,15,57,135,16,37,31,0,128,38,49,19" hai2="69,73,133,54,36,90,29,72,127,98,12,111,107" hai3="91,102,104,30,82,65,44,125,35,121,5,77,41"/><U110/><E0/><V25/><F36/><N who="3" m="21543" /><G91/><T7/><D132/><U56/><E135/><V81/><F81/><W50/><G50/><N who="0" m="31031" /><D33/><U130/><E31/><V61/><F133/><W66/><G66/><T21/><D94/><U85/><E38/><V45/><F45/><W87/><G87/><N who="0" m="52383" /><D7/><U51/><E37/><V48/><F107/><W13/><G35/><T119/><D119/><U3/><E3/><V114/><F69/><W116/><G5/><T97/><D97/><U106/><E106/><V92/><F98/><W11/><G104/><T76/><D76/><U95/><E85/><V4/><F92/><W32/><G77/><T74/><D74/><U80/><E80/><V123/><F73/><W131/><G82/><T63/><D63/><U83/><E83/><V89/><F61/><W18/><G32/><T14/><D22/><N who="1" m="11551" /><E56/><V115/><F4/><W117/><G117/><T84/><D84/><U129/><E57/><V55/><F72/><W43/><G116/><T126/><D126/><U39/><E39/><V47/><F127/><W108/><G125/><T17/><AGARI ba="0,0" hai="8,9,14,17,21,24,26,27" m="52383,31031" machi="17" ten="30,7900,0" yaku="25,1,8,1,52,1,54,1" doraHai="46" who="0" fromWho="0" sc="219,79,239,-39,239,-20,303,-20" /><INIT seed="2,0,0,3,5,71" ten="298,200,219,283" oya="2" hai0="128,36,85,29,60,127,90,49,133,78,120,131,38" hai1="115,117,83,130,116,100,91,93,101,5,96,57,9" hai2="81,26,21,63,24,45,7,15,22,52,111,95,28" hai3="1,18,11,17,122,135,4,102,98,14,12,84,125"/><V112/><F112/><W3/><G122/><T59/><D120/><U94/><E115/><V75/><F111/><W32/><G135/><T66/><D133/><U114/><E114/><V39/><F95/><W74/><G74/><T80/><D127/><U105/><E57/><N who="2" m="35239" /><F39/><W126/><G84/><T35/><D49/><U119/><E5/><V124/><F75/><W61/><G61/><T37/><REACH who="0" step="1"/><D78/><REACH who="0" ten="288,200,219,283" step="2"/><U118/><E118/><V55/><F124/><W8/><G125/><T0/><D0/><U104/><E130/><V134/><F134/><W129/><G126/><T123/><D123/><U92/><E9/><N who="2" m="4543" /><F45/><W79/><G129/><T2/><D2/><U69/><E69/><V54/><F81/><W53/><G1/><T16/><D16/><AGARI ba="0,1" hai="16,21,22,24,26,28,54,55" m="4543,35239" machi="16" ten="30,5800,0" yaku="8,1,54,2" doraHai="71" who="2" fromWho="0" sc="288,-58,200,0,219,68,283,0" /><INIT seed="2,1,0,1,3,116" ten="230,200,287,283" oya="2" hai0="66,114,118,21,5,10,76,82,106,127,73,90,94" hai1="104,77,42,29,88,28,86,30,92,0,48,37,16" hai2="93,74,8,89,107,17,75,85,119,55,60,121,115" hai3="78,33,122,96,128,9,71,99,101,129,34,125,58"/><V26/><F115/><W22/><G71/><T51/><D114/><U7/><E104/><V102/><F119/><W63/><G125/><T109/><D118/><U105/><E105/><V46/><F46/><W47/><G78/><T61/><D127/><U111/><E37/><V100/><F121/><W36/><G122/><T2/><D109/><U110/><E7/><V1/><F1/><W113/><G113/><T25/><D106/><U91/><E0/><V130/><F130/><N who="3" m="50283" /><G22/><T117/><D51/><U49/><E42/><V103/><F107/><N who="3" m="63911" /><G99/><T23/><D25/><U67/><E67/><V123/><F123/><W19/><G19/><T98/><REACH who="0" step="1"/><D117/><REACH who="0" ten="220,200,287,283" step="2"/><U6/><E110/><V79/><F26/><W84/><G36/><T14/><D14/><U70/><E111/><V112/><F112/><W53/><G33/><T72/><D72/><U134/><E134/><V24/><F75/><W3/><G34/><T44/><D44/><U18/><E49/><V31/><F74/><W45/><G3/><T135/><D135/><U87/><E48/><V27/><F31/><W69/><G45/><T95/><D95/><U81/><E70/><AGARI ba="1,1" hai="2,5,10,21,23,61,66,70,73,76,82,90,94,98" machi="70" ten="30,2000,0" yaku="1,1,7,1,53,0" doraHai="116" doraHaiUra="126" who="0" fromWho="1" sc="220,33,200,-23,287,0,283,0" /><INIT seed="3,0,0,1,2,75" ten="253,177,287,283" oya="3" hai0="17,40,7,56,103,112,127,83,54,65,109,118,95" hai1="121,11,21,63,64,3,81,70,4,78,34,62,41" hai2="22,107,19,72,1,77,106,20,29,18,122,2,123" hai3="90,99,36,53,24,8,30,131,126,98,86,91,33"/><W105/><G36/><T110/><D118/><U71/><E34/><V80/><F29/><W16/><G131/><T102/><D127/><U25/><E41/><V73/><F77/><W27/><G126/><T132/><D7/><U12/><E121/><V66/><F80/><W13/><G105/><T97/><D132/><U43/><E43/><V88/><F88/><W130/><G130/><T5/><D5/><U96/><E96/><V119/><F66/><W32/><G53/><T28/><D28/><U114/><E114/><V74/><F74/><W94/><G91/><T51/><D112/><U59/><E63/><V15/><F15/><W6/><REACH who="3" step="1"/><G32/><REACH who="3" ten="253,177,287,273" step="2"/><T117/><D54/><U93/><E3/><V50/><F119/><W58/><G58/><T133/><D56/><U69/><E59/><V49/><AGARI ba="0,1" hai="1,2,18,19,20,22,49,50,72,73,106,107,122,123" machi="49" ten="25,3200,0" yaku="0,1,22,2" doraHai="75" who="2" fromWho="2" sc="253,-8,177,-8,287,42,273,-16" owari="245,-15.5,169,-33.1,329,42.9,257,5.7" /></mjloggm>