<mjloggm ver="2.3"><GO type="225" lobby="0"/><UN n0="%6D%75%75%6D%75%72%61" n1="%E5%B0%8F%E9%B3%A5%E9%81%8A%E7%B7%B4%E7%84%A1%32%31%E6%AD%B3" n2="%E3%81%BE%E3%81%A8%E3%81%9F" n3="%E5%8F%AF%E5%85%90%E9%82%A3%E7%94%B1%E5%A4%9A" dan="16,16,16,17" rate="2076.53,2129.26,2085.29,2169.84" sx="F,F,M,F"/><TAIKYOKU oya="0"/><INIT seed="0,0,0,1,0,10" ten="250,250,250,250" oya="0" hai0="124,111,113,23,123,114,108,102,1,96,45,4,17" hai1="60,50,26,6,66,9,93,19,31,130,99,112,97" hai2="47,110,51,18,54,74,68,69,40,100,12,76,28" hai3="84,71,85,115,107,75,57,101,134,0,35,87,61"/><T67/><D123/><U5/><E112/><V44/><F110/><N who="0" m="42026" /><D124/><U77/><E77/><V30/><F100/><W79/><G134/><T131/><D131/><U95/><E50/><V56/><F47/><W65/><G115/><T52/><D67/><U63/><E130/><V34/><F76/><W58/><G0/><T129/><D4/><U42/><E42/><V73/><F30/><W80/><REACH who="3" step="1"/><G35/><REACH who="3" ten="250,250,250,240" step="2"/><T32/><D32/><U55/><E5/><V135/><F135/><W46/><G46/><T48/><D129/><U2/><E2/><V22/><F34/><W41/><G41/><T25/><D1/><U38/><E6/><V121/><F121/><W132/><G132/><T125/><D125/><U120/><E120/><V39/><REACH who="2" step="1"/><F28/><REACH who="2" ten="250,250,240,240" step="2"/><W83/><G83/><T49/><D49/><U11/><E31/><V24/><F24/><W104/><G104/><AGARI ba="0,2" hai="17,23,25,45,48,52,96,102,104,113,114" m="42026" machi="104" ten="30,5800,0" yaku="14,1,10,1,54,1" doraHai="10" who="0" fromWho="3" sc="250,78,250,0,240,0,240,-58" /><INIT seed="0,1,0,4,2,75" ten="328,250,240,182" oya="0" hai0="52,92,74,131,50,133,24,57,19,41,38,88,39" hai1="111,104,40,87,110,9,100,67,47,80,14,116,85" hai2="51,35,10,31,113,107,95,43,79,55,118,45,115" hai3="59,21,129,17,2,96,6,123,70,97,7,22,122"/><T77/><D131/><U3/><E67/><V29/><F118/><W25/><G70/><T84/><D133/><U62/><E116/><V64/><F107/><W60/><G129/><T89/><D41/><U20/><E62/><V66/><F35/><W78/><G22/><T98/><D19/><U119/><E20/><V105/><F105/><W102/><G96/><T15/><D15/><U99/><E3/><V16/><F113/><W42/><G42/><T73/><D24/><U76/><E87/><V120/><F120/><W132/><G132/><T134/><D134/><U94/><E104/><V72/><F72/><W127/><G127/><T86/><D74/><U130/><E119/><V91/><F79/><W83/><G2/><T36/><REACH who="0" step="1"/><D89/><REACH who="0" ten="318,250,240,182" step="2"/><U53/><E130/><V125/><F115/><W114/><G114/><T128/><D128/><U37/><REACH who="1" step="1"/><E53/><REACH who="1" ten="318,240,240,182" step="2"/><V71/><F55/><N who="3" m="33919" /><G123/><T28/><D28/><U13/><E13/><N who="2" m="7223" /><F29/><W124/><G122/><T56/><D56/><U135/><E135/><V106/><F31/><W49/><G124/><T11/><D11/><U108/><E108/><V63/><F125/><W30/><G30/><T18/><D18/><AGARI ba="1,2" hai="9,14,18,37,40,47,76,80,85,94,99,100,110,111" machi="18" ten="40,5200,0" yaku="1,1,52,1,53,1" doraHai="75" doraHaiUra="90" who="1" fromWho="0" sc="318,-55,240,75,240,0,182,0" /><INIT seed="1,0,0,1,3,11" ten="263,315,240,182" oya="1" hai0="107,44,51,48,114,101,46,96,93,71,67,82,70" hai1="129,61,88,34,63,122,121,87,106,128,80,73,17" hai2="45,40,112,81,91,98,47,54,90,94,126,42,133" hai3="14,117,6,0,115,43,65,30,12,10,64,89,20"/><U135/><E106/><V31/><F126/><W52/><G115/><T1/><D114/><U18/><E34/><V59/><F133/><W25/><G117/><T102/><D1/><U79/><E135/><V3/><F3/><W32/><G43/><N who="2" m="16425" /><F31/><W8/><G32/><T76/><D48/><U60/><E17/><V5/><F5/><N who="3" m="3151" /><G0/><T50/><D50/><U132/><E132/><V108/><F108/><W49/><G89/><T92/><D107/><U74/><E18/><V85/><F112/><W2/><G2/><T13/><D46/><AGARI ba="0,0" hai="6,8,14,20,25,30,46,49,52,64,65" m="3151" machi="46" ten="30,7700,0" yaku="8,1,52,2,54,1" doraHai="11" who="3" fromWho="0" sc="263,-77,315,0,240,0,182,77" /><INIT seed="2,0,0,1,5,119" ten="186,315,240,259" oya="2" hai0="35,29,33,59,4,38,109,17,52,120,74,134,19" hai1="45,69,135,93,132,37,58,46,79,103,9,65,21" hai2="28,24,127,110,23,50,13,106,12,82,61,6,71" hai3="67,27,32,128,90,48,76,122,89,102,100,78,36"/><V66/><F127/><W70/><G36/><T130/><D38/><U98/><E69/><V53/><F106/><W43/><G122/><T18/><D120/><U57/><E37/><V117/><F117/><W51/><G128/><T44/><D130/><U88/><E79/><V112/><F112/><W91/><G70/><T14/><D109/><U101/><E9/><V54/><F110/><W64/><G32/><T83/><D44/><N who="1" m="17003" /><E21/><V111/><F111/><W113/><G113/><T125/><D125/><U99/><E65/><N who="3" m="25162" /><G27/><T49/><D134/><N who="1" m="51243" /><E103/><N who="3" m="39466" /><G43/><T85/><D74/><U31/><E31/><V68/><F68/><W2/><G2/><T87/><D29/><U131/><E131/><V108/><F108/><W114/><G114/><T20/><D85/><U80/><E80/><V129/><F129/><W5/><G5/><T86/><D86/><U96/><E96/><V107/><F71/><W25/><G25/><T1/><D1/><U95/><AGARI ba="0,0" hai="57,58,88,93,95,98,99,101" m="51243,17003" machi="95" ten="30,2000,0" yaku="20,1,54,1" doraHai="119" who="1" fromWho="1" sc="186,-5,315,20,240,-10,259,-5" /><INIT seed="3,0,0,1,5,102" ten="181,335,230,254" oya="3" hai0="90,62,63,5,81,116,29,117,110,1,79,65,42" hai1="126,55,124,92,128,64,91,57,105,6,71,25,17" hai2="54,134,4,70,97,11,24,123,85,93,13,72,35" hai3="95,60,34,106,26,44,101,59,45,132,135,49,104"/><W127/><G127/><N who="1" m="48682" /><E105/><N who="3" m="40554" /><G49/><T9/><D110/><U114/><E128/><V23/><F72/><W76/><G76/><T50/><D90/><U18/><E114/><V109/><F70/><W69/><G69/><T46/><D29/><U31/><E6/><V58/><F35/><W125/><G125/><T67/><D63/><N who="1" m="36287" /><E64/><V30/><F109/><W8/><G8/><T131/><D65/><U36/><E36/><V32/><F32/><W10/><G10/><T3/><D3/><U51/><E51/><V28/><F123/><W0/><G0/><T80/><D131/><U121/><E121/><V33/><F33/><W84/><G26/><T115/><D115/><U16/><E71/><V100/><F85/><W37/><G37/><T12/><D1/><U7/><E7/><V22/><F22/><W41/><G41/><T66/><D66/><U48/><E48/><V52/><F30/><W111/><G111/><T39/><D39/><U74/><E74/><V68/><F68/><W21/><G21/><T133/><D79/><U19/><E19/><V15/><F54/><N who="3" m="33911" /><G34/><T20/><D116/><U99/><E31/><V2/><F2/><W122/><G122/><T75/><D75/><U87/><E25/><V107/><F15/><W77/><G77/><T88/><D117/><U89/><E18/><V82/><F4/><W112/><G112/><T38/><D38/><U98/><E91/><V40/><F11/><W118/><G118/><T103/><D67/><U47/><E17/><V129/><F28/><W56/><G101/><T27/><D103/><U86/><E16/><V119/><F100/><RYUUKYOKU ba="0,0" sc="181,0,335,0,230,0,254,0" owari="181,-31.9,335,43.5,230,-17.0,254,5.4" /></mjloggm>