<mjloggm ver="2.3"><GO type="225" lobby="0"/><UN n0="%E3%81%95%E3%81%8D%E3%81%9F%E3%81%BE%E6%9E%97%E6%AA%8E" n1="%6D%75%75%73%61%6E%6D%75" n2="%33%74%72%65%65" n3="%E3%82%B2%E3%82%B9%E8%8C%82%E5%8B%9D" dan="16,16,16,16" rate="2051.85,2143.41,2119.65,2110.59" sx="M,F,F,F"/><TAIKYOKU oya="0"/><INIT seed="0,0,0,3,3,68" ten="250,250,250,250" oya="0" hai0="37,51,22,53,11,98,65,76,86,82,116,112,17" hai1="110,80,121,118,107,10,105,123,133,15,0,32,33" hai2="124,12,36,30,120,69,31,26,90,135,99,63,60" hai3="42,109,38,44,94,20,16,72,50,132,92,126,64"/><T93/><D112/><U67/><E67/><V43/><F120/><N who="1" m="46153" /><E80/><V130/><F31/><W55/><G72/><T114/><D37/><U103/><E103/><V84/><F69/><W100/><G109/><T134/><D114/><U113/><E105/><V25/><F25/><W83/><G83/><T2/><D116/><U81/><E107/><V117/><F117/><W40/><G64/><T13/><D65/><U104/><E104/><V24/><F24/><W4/><G4/><T18/><D134/><U58/><E58/><V39/><F99/><W78/><G132/><T6/><D18/><N who="1" m="8567" /><E81/><V49/><F135/><W115/><G78/><T8/><D2/><U1/><E133/><V108/><F12/><W95/><G115/><T101/><REACH who="0" step="1"/><D6/><REACH who="0" ten="240,250,250,250" step="2"/><U54/><E113/><V45/><F39/><W57/><G100/><T119/><D119/><U89/><E118/><V77/><F36/><W66/><G66/><T29/><D29/><U74/><E1/><V91/><F30/><W73/><G38/><T3/><D3/><U41/><E0/><V14/><F108/><W23/><G16/><T75/><D75/><U129/><E74/><V5/><F5/><W46/><G73/><T71/><D71/><U88/><E110/><V35/><F35/><N who="1" m="13385" /><E41/><V79/><F43/><W52/><G42/><T102/><D102/><U19/><E19/><V127/><F77/><W70/><G70/><T96/><D96/><U122/><E122/><V7/><F79/><W27/><G40/><T97/><D97/><U125/><E54/><V87/><F7/><W106/><G55/><T21/><D21/><RYUUKYOKU ba="0,1" sc="240,30,250,-10,250,-10,250,-10" hai0="8,11,13,17,22,51,53,76,82,86,93,98,101" /><INIT seed="0,1,1,4,1,122" ten="270,240,240,240" oya="0" hai0="4,51,109,66,79,84,25,72,33,104,39,48,62" hai1="69,36,12,124,82,21,2,56,31,99,26,129,42" hai2="131,34,94,85,87,96,67,35,0,23,77,52,111" hai3="24,132,28,118,80,108,8,46,65,123,113,43,75"/><T114/><D114/><U100/><E69/><V55/><F131/><W41/><G113/><T19/><D104/><U20/><E2/><V15/><F0/><W92/><G118/><T27/><D39/><U54/><E129/><V76/><F67/><W29/><G132/><T61/><D72/><U68/><E68/><V102/><F35/><W7/><G123/><T45/><D33/><U57/><E124/><V70/><F70/><W120/><G120/><T6/><D109/><U32/><E82/><N who="2" m="47303" /><F111/><W128/><G65/><T63/><D66/><U98/><E42/><V78/><F34/><W135/><G135/><T9/><D51/><U93/><E36/><V101/><F101/><W14/><G128/><T89/><D79/><N who="2" m="30218" /><F87/><W121/><G108/><T50/><D50/><U127/><E127/><V74/><F74/><W40/><G121/><T133/><D133/><U103/><E54/><V58/><F58/><W115/><G115/><T117/><D117/><U119/><E119/><V1/><F1/><W105/><G75/><T22/><D84/><U86/><E86/><V59/><F59/><W134/><G134/><T49/><D89/><U38/><E38/><V116/><F116/><W30/><G46/><T88/><D88/><U13/><E32/><V11/><F23/><W3/><G3/><N who="0" m="159" /><D45/><U83/><E83/><V10/><F10/><W107/><G80/><T95/><D95/><N who="1" m="58463" /><E21/><V130/><F130/><W5/><G92/><T47/><D47/><U17/><E57/><V126/><F126/><W71/><G71/><T37/><D37/><U60/><E56/><V97/><F97/><RYUUKYOKU ba="1,1" sc="270,-10,240,-10,240,30,240,-10" hai2="11,15,52,55,94,96,102" /><INIT seed="1,2,1,1,5,31" ten="260,230,270,230" oya="1" hai0="120,23,45,19,75,68,43,67,37,129,11,54,84" hai1="3,46,133,98,9,7,57,127,99,131,13,80,135" hai2="85,93,88,119,108,42,61,8,117,18,78,2,94" hai3="77,55,4,12,102,24,125,59,64,91,96,0,22"/><U132/><E127/><V76/><F108/><W73/><G125/><T110/><D110/><U101/><E131/><V56/><F42/><W32/><G32/><T44/><D75/><U72/><E46/><V95/><F119/><W113/><G0/><T100/><D129/><U105/><E98/><V70/><F70/><W60/><G113/><T103/><D68/><U40/><E40/><V36/><F36/><W81/><G91/><T71/><D71/><U51/><E3/><V97/><F117/><W74/><G74/><T121/><D67/><U20/><E20/><V124/><F124/><W39/><G39/><T47/><D11/><U15/><E15/><N who="2" m="7527" /><F2/><W115/><G115/><T28/><D28/><U79/><E57/><V107/><F107/><W6/><G55/><T30/><D30/><U16/><REACH who="1" step="1"/><E51/><REACH who="1" ten="260,220,270,230" step="2"/><V50/><F50/><W128/><G128/><T86/><D45/><U27/><E27/><V53/><F97/><W106/><G12/><T65/><D47/><U114/><E114/><V21/><F21/><W104/><G106/><T126/><D126/><U82/><E82/><AGARI ba="2,2" hai="53,56,61,76,78,82,85,88,93,94,95" m="7527" machi="82" ten="30,2000,0" yaku="8,1,54,1" doraHai="31" who="2" fromWho="1" sc="260,0,220,-26,270,46,230,0" /><INIT seed="2,0,0,0,2,133" ten="260,194,316,230" oya="2" hai0="94,101,128,74,129,131,39,114,80,111,45,68,87" hai1="96,95,56,123,122,70,5,106,130,109,110,64,52" hai2="85,1,119,9,30,86,73,31,27,77,135,11,100" hai3="24,121,90,104,25,127,61,126,60,98,10,48,71"/><V120/><F119/><W47/><G121/><N who="1" m="46090" /><E106/><V92/><F120/><W124/><G10/><T22/><D68/><U91/><E5/><V105/><F135/><W132/><G132/><T59/><D114/><U76/><E70/><V34/><F31/><W54/><G90/><T112/><D112/><U2/><E2/><V113/><F113/><W58/><G71/><T78/><D111/><N who="1" m="42507" /><E76/><V36/><F105/><W0/><G0/><T17/><D59/><U44/><E130/><V82/><F1/><W35/><G35/><T83/><D83/><U125/><E44/><V12/><F36/><W40/><G61/><T57/><D57/><U37/><E37/><V69/><F69/><W107/><G107/><T3/><D3/><U53/><E125/><V21/><F73/><W75/><G75/><T66/><D39/><U42/><E42/><V18/><REACH who="2" step="1"/><F86/><REACH who="2" ten="260,194,306,230" step="2"/><W50/><G104/><T15/><D74/><U81/><E81/><V26/><F26/><W46/><REACH who="3" step="1"/><G98/><AGARI ba="0,1" hai="9,11,12,18,21,27,30,34,77,82,85,92,98,100" machi="98" ten="40,3900,0" yaku="1,1,53,1" doraHai="133" doraHaiUra="23" who="2" fromWho="3" sc="260,0,194,0,306,49,230,-39" /><INIT seed="2,1,0,2,1,133" ten="260,194,355,191" oya="2" hai0="78,1,110,61,71,98,112,89,76,116,67,104,83" hai1="2,88,82,119,59,13,114,40,103,6,90,51,93" hai2="27,28,118,7,102,33,26,65,80,87,127,34,124" hai3="23,37,17,109,39,49,3,79,35,30,57,135,81"/><V96/><F118/><W129/><G109/><T126/><D110/><U100/><E119/><V132/><F132/><W68/><G135/><T32/><D112/><U94/><E2/><V16/><F7/><W45/><G129/><T63/><D1/><U15/><E114/><V122/><F65/><W31/><G68/><T14/><D116/><U107/><E107/><V24/><F122/><W74/><G3/><T125/><D32/><U91/><E82/><V11/><F11/><W19/><G57/><T12/><D63/><U44/><E59/><V130/><F130/><W43/><G17/><T58/><D71/><U8/><REACH who="1" step="1"/><E15/><REACH who="1" ten="260,184,355,191" step="2"/><V62/><F80/><W72/><G74/><T75/><D104/><U95/><AGARI ba="1,1" hai="6,8,13,40,44,51,88,90,91,93,94,95,100,103" machi="95" ten="30,8000,1" yaku="1,1,2,1,0,1,8,1,54,1,53,0" doraHai="133" doraHaiUra="134" who="1" fromWho="1" sc="260,-21,184,93,355,-41,191,-21" /><INIT seed="3,0,0,4,4,86" ten="239,277,314,170" oya="3" hai0="70,26,115,67,131,50,74,125,133,117,84,128,60" hai1="15,126,107,1,65,88,85,56,81,8,77,93,25" hai2="32,21,110,104,27,37,63,83,47,112,66,97,78" hai3="95,33,18,7,45,5,14,119,98,127,16,105,20"/><W109/><G119/><T6/><D117/><U94/><E107/><V96/><F112/><W11/><G105/><T46/><D74/><U129/><E1/><V57/><F32/><W71/><G71/><T122/><D6/><N who="1" m="3479" /><E129/><N who="0" m="49737" /><D26/><U58/><E126/><V23/><F27/><N who="3" m="14727" /><G33/><T28/><D28/><U22/><E65/><V91/><F66/><W92/><G127/><T76/><D125/><U2/><E2/><V87/><F104/><W49/><G109/><T103/><D103/><U114/><E114/><V134/><F110/><W89/><G92/><N who="1" m="35434" /><E77/><V4/><F78/><W10/><G11/><T17/><D76/><U55/><E55/><AGARI ba="0,0" hai="5,7,10,14,18,45,49,55,89,95,98" m="14727" machi="55" ten="30,5800,0" yaku="8,1,52,1,54,1" doraHai="86" who="3" fromWho="1" sc="239,0,277,-58,314,0,170,58" /><INIT seed="3,1,0,2,4,100" ten="239,219,314,228" oya="3" hai0="99,113,54,115,32,107,122,129,118,78,81,16,18" hai1="109,120,94,62,77,41,26,92,7,35,24,96,126" hai2="70,42,47,119,114,74,132,12,45,44,50,43,106" hai3="112,108,14,56,117,87,6,51,76,13,22,131,101"/><W3/><G117/><T64/><D118/><U133/><E120/><V83/><F106/><W58/><G112/><N who="0" m="43083" /><D122/><U60/><E109/><V40/><F119/><W17/><G131/><T1/><D1/><U103/><E126/><V75/><F114/><W73/><G73/><N who="0" m="43215" /><D129/><U72/><E133/><V37/><F132/><W125/><G125/><T61/><D54/><U89/><E72/><V80/><F70/><W104/><G108/><T34/><D34/><U111/><E111/><V97/><F75/><W57/><G3/><T11/><D11/><U95/><E35/><V46/><F74/><W19/><G6/><T85/><D85/><U130/><E130/><V38/><F97/><W21/><G87/><T8/><D8/><U49/><E77/><V123/><F123/><W63/><G76/><T48/><D48/><U25/><E7/><V82/><F82/><W128/><G51/><T121/><D32/><U116/><E116/><V31/><F50/><W102/><G128/><T68/><D121/><U29/><E29/><V59/><F83/><W23/><G22/><T0/><D0/><U9/><E9/><V2/><F80/><W4/><G4/><T36/><D36/><U127/><E127/><V10/><F2/><W71/><G101/><AGARI ba="1,0" hai="16,18,61,64,68,99,101,107" m="43215,43083" machi="101" ten="30,3900,0" yaku="11,1,52,1,54,1" doraHai="100" who="0" fromWho="3" sc="239,42,219,0,314,0,228,-42" owari="281,8.1,219,-18.1,314,41.4,186,-31.4" /></mjloggm>