<mjloggm ver="2.3"><GO type="225" lobby="0"/><UN n0="%6D%75%75%6D%75%72%61" n1="%E5%80%89%E6%A9%8B%EF%BC%A0%E4%BA%8B%E5%8B%99" n2="%E3%81%B2%E3%81%AA%E3%81%AE%E3%82%8A%E3%81%8F" n3="%E4%B8%AD%E5%B9%B4%E3%81%AE%E5%8D%B1%E6%A9%9F" dan="17,16,16,17" rate="2189.06,2114.55,2142.32,2161.25" sx="F,M,M,M"/><TAIKYOKU oya="0"/><INIT seed="0,0,0,4,1,2" ten="250,250,250,250" oya="0" hai0="68,135,79,107,35,120,119,40,69,108,13,12,22" hai1="6,59,75,61,85,41,52,103,116,76,102,11,58" hai2="87,104,128,56,126,91,86,82,20,124,109,64,72" hai3="65,47,114,50,48,92,90,123,96,33,5,70,4"/><T27/><D119/><U46/><E116/><V118/><F118/><W14/><G114/><T95/><D120/><U55/><E75/><V113/><F113/><W49/><G123/><T121/><D121/><U134/><E134/><V39/><F39/><W8/><G33/><T63/><D107/><U94/><E76/><V133/><F72/><W9/><G70/><T24/><D135/><U100/><E85/><V0/><F133/><W62/><G62/><T129/><D129/><U99/><E46/><V98/><F0/><W117/><G65/><T26/><D108/><U132/><E41/><V10/><F10/><W34/><G34/><T122/><D122/><U7/><E11/><V127/><F128/><W18/><G117/><T110/><D110/><U105/><E132/><V67/><F109/><W88/><G47/><T17/><D35/><U25/><E25/><V38/><F38/><W21/><G9/><T1/><D1/><U97/><E102/><N who="2" m="62551" /><F56/><W89/><G8/><T101/><D68/><U43/><E43/><V37/><F37/><W29/><G29/><T45/><D12/><U112/><E112/><V54/><F54/><W30/><G30/><T71/><D63/><AGARI ba="0,0" hai="6,7,52,55,58,59,61,63,94,97,99,100,103,105" machi="63" ten="30,8000,1" yaku="7,1,9,1,52,2,54,1" doraHai="2" who="1" fromWho="0" sc="250,-80,250,80,250,0,250,0" /><INIT seed="1,0,0,5,4,29" ten="170,330,250,250" oya="1" hai0="55,130,22,12,115,89,31,37,122,56,48,95,87" hai1="18,57,61,85,105,134,35,11,5,7,3,108,74" hai2="42,32,6,106,21,71,44,120,135,82,9,28,1" hai3="128,67,24,63,40,38,70,119,16,96,97,83,84"/><U92/><E74/><V118/><F118/><W98/><G119/><T88/><D115/><U62/><E105/><V20/><F120/><W66/><G128/><T90/><D130/><U129/><E129/><V36/><F135/><W113/><G113/><T34/><D122/><U112/><E112/><V125/><F125/><W41/><G38/><T111/><D111/><U53/><E134/><V77/><F71/><W30/><G67/><T68/><D37/><U4/><E108/><V101/><F101/><W50/><G50/><T126/><D68/><U33/><E62/><V107/><F21/><W15/><G24/><N who="0" m="18791" /><D126/><U14/><REACH who="1" step="1"/><E3/><REACH who="1" ten="170,320,250,250" step="2"/><V2/><F1/><W76/><REACH who="3" step="1"/><G30/><REACH who="3" ten="170,320,250,240" step="2"/><T110/><D110/><U46/><E46/><V45/><F44/><W78/><G78/><T93/><D93/><U49/><E49/><V124/><F124/><W127/><G127/><T69/><D69/><U25/><E25/><N who="2" m="18447" /><F20/><AGARI ba="0,2" hai="15,16,20,40,41,63,66,70,76,83,84,96,97,98" machi="20" ten="40,2600,0" yaku="1,1,54,1,53,0" doraHai="29" doraHaiUra="91" who="3" fromWho="2" sc="170,0,320,0,250,-26,240,46" /><INIT seed="2,0,0,5,2,121" ten="170,320,224,286" oya="2" hai0="79,35,132,32,26,72,1,88,105,5,104,130,60" hai1="64,44,80,42,53,7,52,43,57,73,56,100,85" hai2="106,118,11,55,129,48,36,23,17,76,112,0,95" hai3="20,114,110,74,14,38,120,66,107,31,131,27,92"/><V119/><F112/><W67/><G107/><T68/><D130/><U16/><E73/><V54/><F106/><W62/><G120/><T13/><D132/><U34/><E34/><V25/><F36/><W115/><G38/><T41/><D1/><U126/><E126/><V103/><F129/><W83/><G131/><T117/><D117/><U4/><E100/><V19/><F76/><W111/><G92/><T86/><D41/><N who="1" m="15371" /><E44/><V33/><F33/><W59/><G66/><T69/><D72/><U58/><E64/><V75/><F55/><N who="1" m="21065" /><E16/><V70/><F70/><W124/><G14/><T10/><D79/><AGARI ba="0,0" hai="4,7,56,57,58,79,80,85" m="21065,15371" machi="79" ten="30,2000,0" yaku="8,1,54,1" doraHai="121" who="1" fromWho="0" sc="170,-20,320,20,224,0,286,0" /><INIT seed="3,0,0,4,5,23" ten="150,340,224,286" oya="3" hai0="128,89,78,11,41,65,70,95,29,8,90,46,44" hai1="110,14,108,5,118,57,34,13,81,67,121,4,50" hai2="94,39,64,79,22,38,9,134,125,83,116,113,73" hai3="120,103,36,40,15,101,112,60,135,1,0,52,106"/><W84/><G120/><T111/><D128/><U91/><E121/><V122/><F122/><W12/><G112/><T109/><D78/><U69/><E34/><V42/><F113/><W35/><G35/><T16/><D29/><U19/><E69/><V85/><F64/><W123/><G123/><T27/><D70/><U98/><E118/><V127/><F116/><W92/><G106/><T20/><D65/><U82/><E98/><V133/><F9/><W76/><G135/><N who="2" m="51721" /><F42/><W114/><G114/><T129/><D129/><U107/><E107/><V30/><F94/><W71/><G71/><T55/><D55/><N who="1" m="31991" /><E67/><V130/><F22/><W37/><G0/><T26/><D90/><U25/><E25/><N who="0" m="9225" /><D11/><U80/><E91/><V21/><F30/><W115/><G1/><T10/><D10/><N who="1" m="6583" /><E14/><N who="3" m="5162" /><G36/><T72/><D72/><U32/><E32/><V68/><F68/><W7/><G37/><T53/><D8/><U59/><E4/><V58/><F73/><W45/><G7/><T33/><D33/><U131/><E5/><V117/><F130/><W62/><G115/><T77/><D41/><U28/><E28/><V54/><F117/><W47/><G101/><T86/><D77/><U3/><E3/><V97/><F39/><N who="3" m="21663" /><G76/><T61/><D109/><U88/><E131/><V66/><F38/><W6/><G6/><T24/><D111/><U63/><E88/><V96/><F79/><W56/><G103/><T74/><D74/><U31/><E31/><V99/><F66/><W51/><G52/><T93/><D93/><U18/><E110/><V119/><F119/><W124/><G92/><RYUUKYOKU ba="0,0" sc="150,30,340,-10,224,-10,286,-10" hai0="16,20,24,44,46,53,61,86,89,95" owari="180,-32.0,330,43.0,214,-18.6,276,7.6" /></mjloggm>