<mjloggm ver="2.3"><GO type="225" lobby="0"/><UN n0="%6D%75%75%6D%75%72%61" n1="%63%68%78%62%64" n2="%E3%81%BF%E3%81%BF%E3%81%9A" n3="%E3%82%B7%E3%83%B3%E5%A4%AA%E6%9C%97" dan="17,16,16,16" rate="2165.99,2135.10,2140.98,2146.39" sx="F,F,M,M"/><TAIKYOKU oya="0"/><INIT seed="0,0,0,3,0,28" ten="250,250,250,250" oya="0" hai0="115,5,50,61,59,116,48,112,66,84,124,131,22" hai1="101,6,87,68,77,31,23,90,36,91,13,72,92" hai2="128,103,55,94,38,89,58,18,0,107,133,32,122" hai3="121,110,85,104,27,54,76,74,39,69,47,34,75"/><T82/><D116/><U65/><E36/><V93/><F122/><W29/><G121/><T9/><D131/><U70/><E101/><V88/><F128/><W95/><G104/><T57/><D124/><U114/><E114/><V62/><F133/><W60/><G110/><T100/><D100/><U67/><E72/><V33/><F0/><W7/><G7/><T20/><D112/><U52/><E77/><V86/><F38/><W45/><G45/><T24/><D115/><U117/><E117/><V41/><F41/><W12/><G12/><T40/><D40/><U8/><E70/><V19/><F103/><W81/><G95/><T80/><D57/><U63/><E68/><V71/><F71/><W106/><G106/><T120/><D120/><U49/><E63/><V130/><F130/><W111/><G111/><T132/><D82/><U123/><E90/><V16/><REACH who="2" step="1"/><F107/><REACH who="2" ten="250,250,240,250" step="2"/><W119/><G119/><T42/><D42/><U134/><E134/><V43/><F43/><W25/><G39/><T44/><D132/><U108/><E123/><V97/><AGARI ba="0,1" hai="16,18,19,32,33,55,58,62,86,88,89,93,94,97" machi="97" ten="30,12000,2" yaku="1,1,0,1,52,2,54,2,53,0" doraHai="28" doraHaiUra="10" who="2" fromWho="2" sc="250,-60,250,-30,240,130,250,-30" /><INIT seed="1,0,0,1,1,73" ten="190,220,370,220" oya="1" hai0="86,21,35,115,30,104,4,42,71,9,45,90,1" hai1="37,10,113,117,98,76,24,36,85,19,32,78,132" hai2="135,84,134,52,70,46,22,102,34,0,109,112,43" hai3="17,108,118,56,96,69,92,5,13,88,15,125,97"/><U74/><E117/><V129/><F34/><W57/><G108/><T29/><D115/><U72/><E113/><V64/><F109/><W61/><G118/><T111/><D111/><U54/><E132/><N who="2" m="50731" /><F112/><W55/><G125/><T48/><D104/><U93/><E74/><V31/><F129/><W12/><G69/><T33/><D71/><U18/><E72/><V121/><F121/><W44/><G44/><T16/><D35/><U95/><E37/><V66/><F0/><W81/><G5/><T25/><REACH who="0" step="1"/><D33/><REACH who="0" ten="180,220,370,220" step="2"/><U82/><E32/><V51/><F70/><W60/><G81/><AGARI ba="0,1" hai="1,4,9,16,21,25,29,30,42,45,48,81,86,90" machi="81" ten="30,7700,0" yaku="1,1,2,1,7,1,54,1,53,0" doraHai="73" doraHaiUra="120" who="0" fromWho="3" sc="180,87,220,0,370,0,220,-77" /><INIT seed="2,0,0,4,0,2" ten="267,220,370,143" oya="2" hai0="93,3,36,84,13,125,72,19,76,59,99,8,9" hai1="22,128,88,35,124,60,16,131,87,95,120,107,118" hai2="100,77,55,26,51,1,48,119,130,85,68,81,106" hai3="121,104,44,79,38,91,39,29,70,126,4,34,132"/><V123/><F119/><W80/><G121/><T98/><D72/><U78/><E118/><V45/><F123/><W23/><G104/><T14/><D36/><U50/><E124/><V111/><F1/><W31/><G126/><T67/><D3/><U122/><E35/><V117/><F117/><W52/><G132/><T32/><D32/><U42/><E107/><V28/><F130/><N who="1" m="49705" /><E78/><V74/><F68/><W94/><G70/><T5/><D125/><U127/><E127/><V41/><F111/><W56/><G34/><T27/><D27/><N who="1" m="14791" /><E60/><V49/><F74/><W37/><G4/><T20/><D20/><U6/><E6/><V11/><F11/><W17/><G44/><AGARI ba="0,0" hai="42,44,50,87,88,95,120,122" m="14791,49705" machi="44" ten="30,3900,0" yaku="19,1,54,2" doraHai="2" who="1" fromWho="3" sc="267,0,220,39,370,0,143,-39" /><INIT seed="3,0,0,2,5,41" ten="267,259,370,104" oya="3" hai0="39,42,6,34,46,69,13,111,75,10,97,125,47" hai1="90,70,89,110,2,109,107,76,26,117,126,45,49" hai2="8,51,14,54,133,120,74,72,37,65,95,68,38" hai3="30,113,44,85,57,19,16,102,119,132,115,31,9"/><W17/><G119/><T128/><D111/><N who="1" m="42507" /><E126/><V7/><F95/><W1/><G102/><T18/><D125/><U35/><E2/><V98/><F98/><W48/><G132/><T121/><D121/><U135/><E135/><V40/><F133/><W116/><G116/><T82/><D128/><U114/><E70/><V60/><F120/><W61/><G85/><T4/><D69/><U105/><E117/><V22/><F38/><W134/><G134/><T58/><D34/><U104/><E76/><V11/><F22/><W64/><G113/><T23/><D97/><U52/><E114/><V5/><F40/><W71/><G71/><T53/><D42/><U77/><E77/><V67/><F67/><W86/><G86/><T83/><D39/><U123/><E123/><V112/><F37/><W73/><G73/><T108/><D108/><U122/><E122/><V56/><F112/><W43/><REACH who="3" step="1"/><G115/><REACH who="3" ten="267,259,370,94" step="2"/><T94/><D75/><U55/><E55/><V28/><F74/><W96/><G96/><T130/><D53/><U32/><E32/><V93/><F72/><W59/><G59/><T79/><D58/><U63/><E63/><V124/><F124/><W99/><G99/><T24/><D79/><U127/><E127/><V129/><F93/><W88/><G88/><T92/><D92/><U20/><E35/><V15/><F129/><W3/><G3/><T101/><D130/><U91/><E91/><V106/><F106/><W66/><G66/><T78/><D78/><U80/><E80/><V100/><F100/><W50/><G50/><T103/><D94/><U118/><E118/><RYUUKYOKU ba="0,1" sc="267,-30,259,10,370,10,94,10" hai1="20,26,45,49,52,89,90,104,105,107" hai2="5,7,8,11,14,15,28,51,54,56,60,65,68" hai3="1,9,16,17,19,30,31,43,44,48,57,61,64" /><INIT seed="3,1,1,0,4,34" ten="237,269,380,104" oya="3" hai0="33,114,72,97,12,96,53,58,132,84,40,93,57" hai1="54,36,102,10,79,6,56,15,81,128,19,109,28" hai2="24,39,37,90,26,134,101,135,67,76,44,9,98" hai3="11,43,70,27,116,4,13,77,126,20,22,130,80"/><W52/><G116/><T117/><D72/><U3/><E36/><V50/><F76/><W107/><G107/><T41/><D117/><U85/><E109/><V99/><F67/><W91/><G130/><T60/><D33/><U69/><E128/><V78/><F78/><W61/><G126/><T23/><D132/><N who="2" m="50730" /><F90/><W42/><G22/><T86/><D114/><U119/><E69/><V87/><F87/><N who="0" m="33322" /><D58/><U48/><E28/><V30/><F9/><W2/><G13/><T14/><D97/><N who="2" m="36874" /><F101/><W108/><G91/><N who="0" m="55359" /><D14/><N who="1" m="5463" /><E119/><V100/><F100/><W118/><G118/><T59/><D57/><N who="1" m="32967" /><E3/><V18/><F18/><W32/><G32/><T47/><D47/><U129/><E129/><V106/><F106/><W94/><G94/><T92/><D92/><U125/><E125/><V21/><F24/><W55/><G108/><T82/><D82/><U74/><E74/><V68/><F68/><W38/><G38/><T35/><D35/><U127/><E127/><V51/><F51/><W75/><G70/><T104/><D104/><U83/><E83/><V16/><F30/><W111/><G111/><T62/><D62/><U29/><E29/><V71/><F71/><W73/><G73/><T5/><D5/><U89/><E102/><V110/><F110/><W49/><G61/><T103/><D103/><U66/><E56/><V31/><F31/><N who="3" m="17895" /><G49/><T95/><D95/><U115/><E115/><V113/><F113/><W88/><G88/><T0/><D0/><U131/><E131/><V112/><F112/><W45/><G45/><T64/><D64/><U121/><E66/><V120/><F120/><RYUUKYOKU ba="1,1" sc="237,10,269,-30,380,10,104,10" hai0="12,23,40,41,53,59,60" hai2="16,21,26,37,39,44,50" hai3="2,4,11,42,43,52,55,75,77,80" /><INIT seed="3,2,1,1,3,112" ten="247,239,390,114" oya="3" hai0="76,50,57,100,21,132,24,3,115,69,85,65,118" hai1="119,79,23,10,7,61,56,74,43,44,116,133,59" hai2="81,28,12,17,129,109,117,111,127,106,93,97,130" hai3="128,124,31,122,27,14,101,68,72,98,125,73,37"/><W114/><G122/><T11/><D118/><N who="1" m="45099" /><E133/><V40/><F127/><N who="3" m="48715" /><G114/><T1/><D132/><U84/><E74/><N who="3" m="28778" /><G128/><T95/><D115/><U38/><E23/><V135/><F28/><W49/><G37/><T47/><D21/><U32/><E32/><V103/><F106/><N who="3" m="63799" /><G49/><T16/><D50/><U77/><E84/><V20/><F129/><W102/><G14/><T62/><D62/><U75/><E75/><V67/><F130/><W26/><G68/><T58/><D3/><N who="1" m="383" /><E59/><V134/><F135/><W64/><G64/><AGARI ba="2,1" hai="38,43,44,56,61,64,77,79" m="383,45099" machi="64" ten="30,7700,0" yaku="12,1,52,3" doraHai="112" who="1" fromWho="3" sc="247,0,239,93,390,0,114,-83" owari="247,-15.3,332,13.2,390,49.0,31,-46.9" /></mjloggm>