<mjloggm ver="2.3"><GO type="225" lobby="0"/><UN n0="%E9%81%85%E5%88%BB%E3%81%AE%E3%83%97%E3%83%AA%E3%83%B3%E3%82%B9%E2%99%AA" n1="%E5%84%AA%40%41%42%43" n2="%E6%A1%9C%E8%8A%B1%E9%96%83%E3%80%85" n3="%E9%80%9F%E6%B0%B4%E5%87%9B%E9%A6%99" dan="16,17,18,16" rate="2154.87,2228.34,2214.67,2076.00" sx="F,M,M,F"/><TAIKYOKU oya="0"/><INIT seed="0,0,0,3,0,32" ten="250,250,250,250" oya="0" hai0="63,46,129,98,70,103,81,80,1,57,68,58,73" hai1="127,67,14,85,115,29,0,77,97,71,20,30,110" hai2="116,112,84,114,54,31,105,48,113,86,121,49,79" hai3="92,83,47,65,100,111,55,45,72,4,39,3,28"/><T109/><D129/><U87/><E71/><V122/><F105/><W125/><G28/><N who="1" m="10858" /><E67/><V41/><F31/><W95/><G111/><T25/><D109/><U61/><E61/><V51/><F116/><W18/><G18/><T123/><D123/><U76/><E97/><V35/><F35/><W26/><G26/><T94/><D1/><U75/><E14/><V11/><F41/><N who="3" m="22719" /><G65/><T9/><D25/><U119/><E20/><V2/><F54/><W133/><G100/><T34/><D34/><U134/><E0/><V53/><F53/><W132/><G125/><T23/><D23/><U15/><E75/><V89/><F79/><N who="1" m="30281" /><E15/><V102/><F102/><W12/><G12/><T16/><D73/><U13/><E13/><V78/><F78/><N who="3" m="44487" /><G47/><T10/><D46/><U36/><E36/><V69/><F69/><W59/><G59/><T99/><D68/><U37/><E37/><V107/><F107/><W64/><G64/><T131/><D70/><U101/><E101/><V52/><F52/><W21/><G55/><T6/><D131/><U42/><E42/><V104/><F104/><W106/><G21/><T33/><D33/><U130/><E130/><V124/><F124/><W17/><G106/><T117/><D117/><U135/><E119/><V40/><F40/><W128/><G17/><T56/><D63/><U88/><E110/><V43/><F43/><W126/><G126/><T74/><D74/><U120/><E120/><N who="2" m="46187" /><F89/><W22/><G22/><T7/><D16/><U82/><E127/><V62/><F62/><W19/><G19/><T5/><D99/><U44/><E44/><RYUUKYOKU ba="0,0" sc="250,15,250,-15,250,15,250,-15" hai0="5,6,7,9,10,56,57,58,80,81,94,98,103" hai2="2,11,48,49,51,84,86,112,113,114" /><INIT seed="0,1,0,4,5,97" ten="265,235,265,235" oya="0" hai0="95,80,78,104,16,128,82,10,122,132,103,90,11" hai1="131,47,92,70,27,123,57,5,22,55,112,71,130" hai2="6,8,49,1,61,87,96,24,109,53,108,19,76" hai3="126,51,84,77,0,37,68,54,110,116,118,115,13"/><T133/><D122/><U121/><E5/><V58/><F76/><W73/><G0/><T93/><D128/><N who="1" m="49195" /><E92/><V34/><F87/><W64/><G73/><T117/><D117/><U127/><E22/><V85/><F85/><W25/><G37/><T2/><D104/><U31/><E27/><V67/><F96/><W134/><G115/><T94/><D103/><U39/><E31/><V91/><F91/><W15/><G110/><N who="2" m="42601" /><F19/><W124/><G25/><T66/><D66/><U79/><E79/><V9/><F9/><W59/><G84/><N who="0" m="50439" /><D2/><U129/><E127/><N who="3" m="48682" /><G77/><T98/><D98/><U28/><E28/><N who="2" m="19719" /><F67/><W107/><G107/><T4/><D4/><U75/><E75/><V48/><AGARI ba="1,0" hai="1,6,8,48,49,53,58,61" m="19719,42601" machi="48" ten="30,1100,0" yaku="14,1" doraHai="97" who="2" fromWho="2" sc="265,-6,235,-4,265,14,235,-4" /><INIT seed="1,0,0,5,4,16" ten="259,231,279,231" oya="1" hai0="14,88,18,127,72,114,46,96,24,15,34,120,86" hai1="53,33,67,84,55,4,58,13,95,52,73,60,104" hai2="43,89,12,42,121,83,135,10,122,66,47,57,3" hai3="21,26,48,65,82,56,75,109,0,29,123,17,107"/><U81/><E104/><V105/><F3/><W106/><G0/><T119/><D114/><U70/><E33/><V50/><F105/><W94/><G123/><T118/><D72/><U28/><E73/><V22/><F135/><W130/><G109/><T11/><D120/><U80/><E28/><V64/><F43/><W36/><G36/><T92/><D127/><U31/><E31/><V2/><F2/><W93/><G130/><T90/><D34/><U97/><E70/><V103/><F103/><W27/><G107/><T115/><D24/><U78/><E81/><V40/><F40/><W61/><G106/><T44/><D115/><U131/><E131/><V71/><F71/><W108/><G108/><T124/><D124/><U69/><E69/><V85/><F22/><W116/><G116/><T134/><D134/><U132/><E132/><V49/><F121/><W133/><G133/><T87/><D96/><U32/><E32/><V110/><F110/><W98/><G98/><T8/><D18/><U45/><E4/><N who="2" m="3143" /><F122/><W100/><G100/><T9/><D9/><U39/><E13/><V113/><F113/><W68/><G75/><T101/><D101/><N who="1" m="60607" /><E39/><V125/><F125/><W20/><REACH who="3" step="1"/><G82/><REACH who="3" ten="259,231,279,221" step="2"/><T54/><D92/><U35/><E35/><V74/><F74/><W111/><G111/><T23/><D119/><U5/><E5/><V7/><F7/><W51/><G51/><AGARI ba="0,1" hai="45,51,52,53,55,58,60,67,78,80,84" m="60607" machi="51" ten="30,2900,0" yaku="8,1,54,1" doraHai="16" who="1" fromWho="3" sc="259,0,231,39,279,0,221,-29" /><INIT seed="1,1,0,3,4,116" ten="259,270,279,192" oya="1" hai0="84,117,98,12,90,94,55,71,56,27,73,45,58" hai1="13,101,112,108,16,105,95,123,5,132,62,65,96" hai2="42,36,47,124,82,130,50,79,75,37,129,2,133" hai3="118,83,134,40,39,93,64,63,80,122,25,34,109"/><U113/><E123/><V76/><F133/><W19/><G118/><T111/><D73/><U17/><E132/><V23/><F124/><W59/><G134/><T85/><D71/><U43/><E108/><V11/><F79/><W87/><G109/><T120/><D117/><U86/><E43/><V92/><F23/><W31/><G122/><T97/><D111/><U35/><E35/><V99/><F50/><W53/><G40/><T126/><D126/><U107/><E5/><N who="2" m="1463" /><F36/><W88/><G39/><T33/><D120/><U74/><E74/><V26/><F26/><W69/><REACH who="3" step="1"/><G19/><REACH who="3" ten="259,270,279,182" step="2"/><T21/><D33/><U29/><E17/><V48/><F48/><AGARI ba="1,1" hai="25,31,34,48,53,59,63,64,69,80,83,87,88,93" machi="48" ten="30,7700,0" yaku="1,1,2,1,7,1,54,1,53,0" doraHai="116" doraHaiUra="7" who="3" fromWho="2" sc="259,0,270,0,279,-80,182,90" /><INIT seed="2,0,0,4,0,116" ten="259,270,199,272" oya="2" hai0="47,67,4,133,112,48,113,115,76,127,25,69,41" hai1="19,43,30,75,6,131,117,99,31,68,63,114,33" hai2="134,1,39,66,44,60,9,135,102,12,42,119,100" hai3="93,49,0,72,22,2,24,13,36,14,64,3,23"/><V26/><F119/><W121/><G72/><T97/><D127/><U90/><E114/><V126/><F1/><W34/><G36/><T73/><D133/><N who="2" m="50698" /><F26/><W40/><G64/><T104/><D4/><U35/><E75/><V38/><F38/><W124/><G49/><T53/><D25/><U125/><E68/><N who="2" m="42055" /><F126/><W65/><G93/><T46/><D76/><U29/><E63/><V101/><F102/><W70/><G40/><T91/><D73/><U8/><E43/><V10/><F10/><W61/><G61/><N who="0" m="40175" /><D91/><U52/><E117/><V28/><F28/><N who="3" m="19719" /><G65/><T11/><D11/><U5/><E31/><V84/><F84/><W98/><G98/><T86/><D86/><U57/><E99/><V122/><F122/><W51/><G51/><N who="0" m="27087" /><D97/><U7/><E125/><V103/><F103/><W129/><G70/><T78/><D78/><U87/><E29/><V17/><AGARI ba="0,0" hai="9,12,17,39,42,44,100,101" m="42055,50698" machi="17" ten="30,1500,0" yaku="20,1" doraHai="116" who="2" fromWho="2" sc="259,-5,270,-5,199,15,272,-5" /><INIT seed="2,1,0,4,0,65" ten="254,265,214,267" oya="2" hai0="89,76,57,61,7,118,25,112,90,117,31,108,119" hai1="115,106,54,48,16,104,84,114,1,96,75,59,14" hai2="46,73,100,17,103,122,91,50,55,2,66,70,116" hai3="33,30,111,49,95,52,81,62,45,58,51,0,27"/><V24/><F116/><W105/><G105/><T99/><D112/><U39/><E75/><V80/><F122/><W5/><G111/><T131/><D108/><U63/><E39/><V134/><F2/><W4/><G0/><T20/><D131/><U67/><E1/><V56/><F134/><W82/><G95/><T110/><D110/><U37/><E37/><V97/><F70/><W11/><G51/><T38/><D38/><U101/><E104/><V69/><F69/><W92/><G92/><T15/><D76/><U133/><E84/><N who="2" m="50567" /><F73/><W79/><G11/><N who="0" m="4607" /><D99/><U44/><REACH who="1" step="1"/><E133/><REACH who="1" ten="254,255,214,267" step="2"/><V68/><F97/><W123/><G123/><T128/><D128/><U126/><E126/><V19/><F68/><W83/><REACH who="3" step="1"/><G79/><REACH who="3" ten="254,255,214,257" step="2"/><T93/><D93/><U71/><E71/><V22/><F17/><W125/><G125/><T129/><D129/><U135/><E135/><V10/><F10/><AGARI ba="1,2" hai="10,14,16,44,48,54,59,63,67,96,101,106,114,115" machi="10" ten="30,3900,0" yaku="1,1,7,1,54,1,53,0" doraHai="65" doraHaiUra="64" who="1" fromWho="2" sc="254,0,255,62,214,-42,257,0" /><INIT seed="3,0,0,1,1,59" ten="254,317,172,257" oya="3" hai0="77,68,110,114,44,118,52,70,21,83,45,93,116" hai1="22,15,62,23,4,104,133,71,42,102,99,33,106" hai2="76,65,107,119,125,98,11,91,19,78,69,56,13" hai3="127,39,5,126,95,72,92,89,85,34,31,60,12"/><W6/><G72/><T111/><D114/><U50/><E133/><V8/><F119/><N who="0" m="45610" /><D93/><U57/><E33/><V86/><F125/><N who="3" m="47627" /><G39/><T130/><D21/><U10/><E104/><V49/><F69/><N who="0" m="26730" /><D130/><U135/><E135/><V73/><F73/><W3/><G3/><T18/><D18/><U32/><E71/><V55/><F107/><W16/><G31/><T64/><D64/><U53/><E32/><V41/><F65/><W58/><G34/><T105/><D105/><U29/><E29/><V109/><F109/><N who="0" m="41482" /><D52/><U40/><E23/><V36/><F36/><W24/><G95/><T94/><D94/><U120/><E22/><V0/><F0/><W43/><G43/><T87/><AGARI ba="0,0" hai="44,45,77,83,87" m="41482,26730,45610" machi="87" ten="40,1500,0" yaku="14,1" doraHai="59" who="0" fromWho="0" sc="254,15,317,-4,172,-4,257,-7" owari="269,6.9,313,41.3,168,-33.2,250,-15.0" /></mjloggm>