<mjloggm ver="2.3"><GO type="225" lobby="0"/><UN n0="%77%72%77%72%77%72%77%72" n1="%E6%B0%B7%E5%B7%9D%E9%87%8C%E5%A5%88" n2="%33%74%72%65%65" n3="%6E%69%63%6F%6E%74%6F" dan="17,16,16,16" rate="2163.27,2088.69,2076.34,2106.48" sx="M,F,F,M"/><TAIKYOKU oya="0"/><INIT seed="0,0,0,5,5,26" ten="250,250,250,250" oya="0" hai0="5,7,40,46,31,10,77,119,17,1,49,13,80" hai1="128,29,113,123,86,58,127,71,104,2,75,111,66" hai2="93,122,103,34,8,81,109,67,94,38,56,133,15" hai3="100,11,9,134,91,59,79,97,105,55,132,36,42"/><T20/><D119/><U30/><RYUUKYOKU type="yao9" ba="0,0" sc="250,0,250,0,250,0,250,0" hai1="2,29,30,58,66,71,75,86,104,111,113,123,127,128" /><INIT seed="0,1,0,0,5,86" ten="250,250,250,250" oya="0" hai0="9,71,81,47,5,48,78,61,93,90,8,50,37" hai1="65,29,126,11,129,135,115,96,38,114,67,20,109" hai2="84,132,68,6,113,19,66,131,80,110,49,26,118" hai3="119,35,12,69,116,18,13,21,25,95,120,54,117"/><T56/><D71/><U0/><E38/><V15/><F113/><N who="1" m="43017" /><E96/><V59/><F110/><W40/><G69/><T28/><D28/><U103/><E103/><V79/><F132/><W22/><G40/><T107/><D107/><U101/><E101/><V14/><F131/><W134/><G54/><T83/><D37/><U45/><E45/><V36/><F118/><W32/><G95/><T105/><D105/><U82/><E109/><V43/><F68/><W100/><G100/><T62/><D48/><U23/><E135/><V16/><F36/><W31/><G134/><T7/><D7/><N who="1" m="1511" /><E126/><V127/><F127/><W2/><G2/><T44/><D44/><U39/><E39/><V70/><F43/><W42/><G42/><N who="0" m="24951" /><D5/><U4/><E4/><V27/><F6/><W121/><REACH who="3" step="1"/><G13/><REACH who="3" ten="250,250,250,240" step="2"/><T89/><D81/><U133/><E133/><V41/><F14/><W124/><G124/><T87/><D61/><U74/><E129/><V123/><F70/><W64/><G64/><N who="1" m="24650" /><E29/><V98/><F66/><W17/><G17/><T88/><D93/><U3/><E3/><V1/><F1/><W24/><G24/><T72/><D72/><U63/><E63/><V55/><F26/><W99/><G99/><T102/><D102/><U91/><E74/><V92/><F27/><W106/><G106/><T51/><D62/><U76/><E76/><V108/><F108/><W46/><G46/><T75/><D75/><U130/><E130/><V60/><F60/><W94/><G94/><T52/><AGARI ba="1,1" hai="8,9,51,52,56,78,83,87,88,89,90" m="24951" machi="52" ten="30,18000,2" yaku="8,1,52,3,54,2" doraHai="86" who="0" fromWho="0" sc="250,193,250,-61,250,-61,240,-61" /><INIT seed="0,2,0,3,1,91" ten="443,189,189,179" oya="0" hai0="134,23,62,131,93,107,27,109,21,74,9,120,31" hai1="3,135,132,80,16,52,95,94,59,118,133,110,104" hai2="14,81,103,78,79,70,20,87,10,67,92,18,13" hai3="76,6,77,71,83,49,15,66,86,113,111,29,84"/><T98/><D120/><U47/><E118/><V64/><F70/><W106/><G113/><T69/><D74/><U101/><E3/><V99/><REACH who="2" step="1"/><F78/><REACH who="2" ten="443,189,179,179" step="2"/><W42/><G77/><T19/><D69/><U44/><E110/><V17/><AGARI ba="2,1" hai="10,13,14,17,18,20,64,67,79,81,87,92,99,103" machi="17" ten="20,12000,2" yaku="1,1,2,1,0,1,7,1,8,1,52,1,53,0" doraHai="91" doraHaiUra="28" who="2" fromWho="2" sc="443,-62,189,-32,179,136,179,-32" /><INIT seed="1,0,0,5,2,62" ten="381,157,315,147" oya="1" hai0="118,38,28,55,117,121,45,29,47,116,84,48,25" hai1="4,36,68,113,54,16,26,110,115,50,64,21,19" hai2="58,114,107,108,134,32,99,2,27,74,30,56,109" hai3="49,126,112,106,98,52,125,90,24,20,35,96,124"/><U78/><E36/><V111/><F134/><W87/><G112/><T86/><D121/><U92/><E4/><V66/><F114/><W83/><G35/><T12/><D12/><U97/><E78/><V7/><F74/><W119/><G119/><T79/><D29/><U41/><E41/><V123/><F123/><W44/><REACH who="3" step="1"/><G106/><REACH who="3" ten="381,157,315,137" step="2"/><T46/><D118/><U34/><E110/><V122/><F122/><W127/><N who="3" m="31744" /><DORA hai="76" /><W31/><AGARI ba="0,1" hai="20,24,31,44,49,52,83,87,90,96,98" m="31744" machi="31" ten="60,12000,2" yaku="1,1,4,1,0,1,18,1,52,1,54,1,53,0" doraHai="62,76" doraHaiUra="89,63" who="3" fromWho="3" sc="381,-30,157,-60,315,-30,137,130" /><INIT seed="2,0,0,2,4,19" ten="351,97,285,267" oya="2" hai0="5,114,43,27,124,49,54,55,52,85,90,17,37" hai1="89,61,6,74,53,97,108,110,33,22,67,77,30" hai2="62,18,66,64,38,20,57,133,135,78,98,50,59" hai3="103,109,134,99,127,118,73,16,113,44,93,84,23"/><V130/><F38/><W87/><G118/><T45/><D114/><U131/><E53/><V2/><F2/><W86/><G113/><T70/><D124/><U91/><E6/><V39/><F39/><W21/><G127/><T14/><D70/><U115/><E115/><V126/><F126/><W0/><G134/><N who="2" m="51209" /><F130/><W25/><G109/><T94/><D27/><U125/><E125/><V15/><F78/><W8/><G73/><T69/><D69/><U31/><E33/><V101/><F50/><W129/><G129/><T34/><D34/><U122/><E122/><V81/><F81/><W92/><G44/><T11/><REACH who="0" step="1"/><D5/><REACH who="0" ten="341,97,285,267" step="2"/><U72/><E131/><V106/><F64/><W119/><G119/><T116/><D116/><U123/><E123/><V58/><AGARI ba="0,1" hai="15,18,20,57,58,59,62,66,98,101,106" m="51209" machi="58" ten="30,3000,0" yaku="20,1,52,1" doraHai="19" who="2" fromWho="2" sc="341,-10,97,-10,285,40,267,-10" /><INIT seed="2,1,0,4,5,88" ten="331,87,325,257" oya="2" hai0="48,21,30,34,52,7,132,135,103,74,67,75,44" hai1="133,81,41,84,120,134,59,123,85,106,121,102,64" hai2="77,11,57,116,61,25,6,89,115,113,128,10,80" hai3="19,97,16,12,93,71,38,127,108,4,92,58,3"/><V105/><F116/><W46/><G71/><T51/><D34/><U68/><E68/><V126/><F126/><W29/><G127/><T86/><D67/><U62/><E41/><V124/><F124/><W82/><G108/><T69/><D69/><U32/><E32/><V49/><F128/><W47/><G29/><T114/><D114/><U96/><REACH who="1" step="1"/><E81/><REACH who="1" ten="331,77,325,257" step="2"/><V109/><F80/><W129/><G82/><T104/><D135/><AGARI ba="1,1" hai="59,62,64,84,85,96,102,106,120,121,123,133,134,135" machi="135" ten="50,8000,1" yaku="1,1,2,1,13,1,20,1,53,0" doraHai="88" doraHaiUra="33" who="1" fromWho="0" sc="331,-83,77,93,325,0,257,0" /><INIT seed="3,0,0,0,2,121" ten="248,170,325,257" oya="3" hai0="46,84,32,120,17,40,115,82,94,127,16,54,102" hai1="92,63,26,43,9,67,103,112,50,25,93,119,14" hai2="24,104,4,8,59,21,90,19,22,69,62,52,106" hai3="122,96,129,134,39,126,60,3,77,37,55,23,1"/><W28/><G122/><T61/><D120/><U128/><E112/><V75/><F75/><W111/><G129/><T12/><D32/><U72/><E128/><V79/><F79/><W116/><G116/><T2/><D2/><U73/><E119/><V44/><F69/><W135/><G126/><T31/><D31/><U118/><E118/><V76/><F76/><W88/><G77/><T45/><D127/><U123/><E123/><V71/><F71/><W124/><G124/><T107/><D107/><U97/><E72/><V99/><F21/><W49/><G60/><T48/><D115/><U91/><E73/><V70/><F44/><N who="3" m="28071" /><G3/><T80/><D61/><U29/><E43/><V95/><F70/><W11/><G1/><AGARI ba="0,0" hai="1,4,8,19,22,24,52,59,62,90,95,99,104,106" machi="1" ten="30,7700,0" yaku="7,1,25,2,54,1" doraHai="121" who="2" fromWho="3" sc="248,0,170,0,325,77,257,-77" owari="248,4.8,170,-33.0,402,50.2,180,-22.0" /></mjloggm>