<mjloggm ver="2.3"><GO type="225" lobby="0"/><UN n0="%48%61%61%61%6C%61%6E%64" n1="%E3%81%B5%E3%81%98%E3%81%8B%E3%81%A4" n2="%6B%69%72%61%64%6F%6B%69" n3="%72%69%6F%75%63%68%61%6E" dan="18,16,16,16" rate="2255.49,2185.52,2094.69,2136.41" sx="M,M,M,M"/><TAIKYOKU oya="0"/><INIT seed="0,0,0,3,0,121" ten="250,250,250,250" oya="0" hai0="11,3,87,61,102,124,1,57,65,63,83,77,60" hai1="125,135,81,130,107,58,4,76,36,49,9,108,34" hai2="66,14,115,70,82,80,119,44,52,8,37,16,25" hai3="19,94,23,53,95,33,40,10,67,96,27,13,97"/><T5/><D124/><U86/><E125/><V117/><F115/><W132/><G132/><T129/><D129/><U29/><E135/><V110/><F110/><W47/><G33/><T128/><D128/><U74/><E130/><V55/><F25/><W24/><G67/><T2/><REACH who="0" step="1"/><D102/><REACH who="0" ten="240,250,250,250" step="2"/><U127/><E127/><V43/><F119/><W39/><G53/><T56/><D56/><U41/><E58/><V64/><F117/><W120/><G120/><T6/><D6/><U103/><E4/><V88/><F64/><W45/><G47/><T31/><D31/><U85/><E29/><V72/><F55/><W46/><G45/><T35/><D35/><U122/><E34/><V59/><F66/><W30/><G30/><T105/><D105/><U114/><E103/><V78/><F70/><W17/><G46/><T73/><D73/><U68/><E107/><V104/><F104/><W20/><G19/><T131/><D131/><U118/><E68/><V90/><REACH who="2" step="1"/><F80/><REACH who="2" ten="240,250,240,250" step="2"/><W92/><G92/><T79/><D79/><U48/><E76/><V28/><F28/><N who="3" m="17415" /><G94/><T12/><AGARI ba="0,2" hai="1,2,3,5,11,12,57,60,61,63,65,77,83,87" machi="12" ten="30,3000,0" yaku="1,1,0,1,53,0" doraHai="121" doraHaiUra="42" who="0" fromWho="0" sc="240,50,250,-10,240,-10,250,-10" /><INIT seed="0,1,0,3,4,118" ten="290,240,230,240" oya="0" hai0="98,132,128,66,68,74,126,95,65,79,32,81,18" hai1="125,46,124,31,1,13,51,133,127,17,114,88,33" hai2="7,104,39,84,83,75,113,25,96,70,109,120,24" hai3="2,40,107,63,71,99,8,28,80,47,53,12,117"/><T10/><D126/><U64/><E133/><V91/><F39/><W49/><G117/><T58/><D132/><U93/><E1/><V15/><F113/><W110/><G110/><T121/><D128/><U9/><E114/><V41/><F41/><W45/><G2/><T115/><D115/><U50/><E64/><V105/><F70/><W131/><G131/><T135/><D135/><U16/><E17/><V38/><F38/><W92/><G107/><T69/><D32/><U122/><E122/><V112/><F112/><W11/><G28/><T67/><D121/><U14/><E14/><V20/><F109/><W29/><G29/><T34/><D34/><U89/><E46/><V6/><F120/><W5/><G80/><T90/><REACH who="0" step="1"/><D58/><REACH who="0" ten="280,240,230,240" step="2"/><U123/><E123/><V119/><F119/><W103/><G71/><T37/><D37/><U55/><E33/><V86/><F104/><W116/><G116/><T42/><D42/><U19/><E31/><V129/><F105/><W59/><G45/><T35/><D35/><U106/><E106/><V101/><F129/><W27/><G40/><T76/><D76/><U108/><E108/><V60/><F24/><W54/><G27/><T72/><D72/><U22/><E55/><V78/><F75/><W134/><G134/><T30/><D30/><U4/><E4/><V23/><F6/><W77/><G77/><T97/><D97/><N who="1" m="57511" /><E89/><V26/><F7/><W61/><G63/><T52/><D52/><U73/><E73/><V82/><F60/><W85/><G85/><T44/><D44/><U21/><E19/><N who="2" m="10367" /><F23/><AGARI ba="1,1" hai="9,13,16,21,22,23,50,51,124,125,127" m="57511" machi="23" ten="30,3900,0" yaku="18,1,54,2" doraHai="118" who="1" fromWho="2" sc="280,0,240,52,230,-42,240,0" /><INIT seed="1,0,0,3,3,48" ten="280,292,188,240" oya="1" hai0="67,134,84,77,14,93,46,13,27,40,119,5,12" hai1="133,17,15,56,7,102,25,60,118,128,30,52,11" hai2="1,75,0,114,79,22,113,63,61,35,4,9,111" hai3="55,36,57,3,8,73,64,54,99,90,121,43,109"/><U120/><E118/><V34/><F79/><W74/><G121/><T78/><D119/><U129/><E120/><V126/><F75/><W83/><G109/><T80/><D134/><U100/><E133/><V127/><F61/><W88/><G64/><T51/><D67/><U49/><E17/><V10/><F63/><W89/><G99/><T108/><D108/><U28/><E28/><V68/><F68/><W45/><G57/><T42/><D78/><U106/><E106/><V58/><F58/><W2/><G2/><T23/><D93/><U110/><E110/><V31/><F111/><W39/><G39/><T86/><D86/><U26/><E26/><N who="2" m="18807" /><F35/><W105/><G105/><T32/><D32/><N who="1" m="20559" /><E60/><V29/><F29/><W53/><REACH who="3" step="1"/><G83/><REACH who="3" ten="280,292,188,230" step="2"/><T92/><D80/><U87/><E87/><V19/><F113/><W71/><G71/><T91/><D84/><U44/><E56/><V135/><F114/><W115/><G115/><T65/><D65/><U94/><E94/><V98/><F98/><W20/><G20/><T50/><D23/><U82/><E82/><V130/><F135/><W24/><G24/><T72/><D27/><U59/><E59/><V107/><F107/><W122/><G122/><T81/><D92/><U95/><E95/><V66/><F66/><W132/><G132/><T123/><D123/><U96/><E96/><V85/><F85/><W62/><G62/><T21/><D81/><U69/><E69/><V97/><F97/><W131/><G131/><AGARI ba="0,1" hai="7,11,15,44,49,52,100,102,128,129,131" m="20559" machi="131" ten="30,5800,0" yaku="19,1,52,1,54,1" doraHai="48" who="1" fromWho="3" sc="280,0,292,68,188,0,230,-58" /><INIT seed="1,1,0,1,5,98" ten="280,360,188,172" oya="1" hai0="5,39,3,46,64,130,56,59,34,115,76,63,128" hai1="71,116,67,55,104,92,69,7,121,29,49,94,131" hai2="35,18,82,105,1,103,112,90,72,44,41,16,26" hai3="97,124,2,111,135,109,54,127,10,117,52,57,132"/><U25/><E116/><V68/><F1/><W134/><G117/><T108/><D115/><U125/><E104/><V0/><F0/><W38/><G38/><T32/><D108/><N who="3" m="41545" /><G97/><T85/><D59/><U102/><E121/><V13/><F68/><W133/><N who="3" m="33792" /><DORA hai="27" /><W8/><G54/><T95/><D3/><U60/><E131/><N who="0" m="50217" /><D5/><U15/><E125/><N who="3" m="48202" /><G2/><T88/><D76/><U99/><E55/><V31/><F112/><W81/><G81/><T42/><AGARI ba="1,0" hai="32,34,39,42,46,56,63,64,85,88,95" m="50217" machi="42" ten="30,2000,0" yaku="19,1,54,1" doraHai="98,27" who="0" fromWho="0" sc="280,23,360,-11,188,-6,172,-6" /><INIT seed="2,0,0,0,0,126" ten="303,349,182,166" oya="2" hai0="4,18,129,102,6,128,70,34,20,124,9,59,23" hai1="135,100,114,99,56,17,122,93,96,134,50,32,92" hai2="46,83,66,104,69,13,58,41,1,45,123,44,35" hai3="73,113,53,75,38,28,0,42,37,109,79,19,63"/><V118/><F1/><W130/><G0/><T33/><D70/><U54/><E32/><N who="0" m="12393" /><D59/><U49/><E114/><V62/><F35/><W90/><G113/><T29/><D102/><U14/><E122/><V88/><F104/><W125/><G125/><T40/><D40/><U86/><E86/><N who="2" m="50271" /><F123/><W71/><G109/><T101/><D101/><U30/><E30/><V36/><F118/><W111/><G28/><T131/><D124/><U97/><E50/><V106/><F106/><W81/><G111/><T84/><D84/><U74/><E74/><V15/><F69/><W2/><G2/><T61/><D61/><U77/><E77/><V47/><F36/><W91/><G130/><T25/><D9/><N who="1" m="6351" /><E100/><V89/><N who="2" m="11264" /><DORA hai="119" /><V72/><F72/><W105/><G75/><T10/><D10/><U112/><E112/><V68/><F68/><W110/><G110/><T132/><D132/><AGARI ba="0,0" hai="49,54,56,92,93,96,97,99,132,134,135" m="6351" machi="132" ten="30,1000,0" yaku="20,1" doraHai="126,119" who="1" fromWho="0" sc="303,-10,349,10,182,0,166,0" /><INIT seed="3,0,0,5,1,58" ten="293,359,182,166" oya="3" hai0="90,53,115,83,105,35,64,102,26,22,2,18,111" hai1="119,27,88,124,104,30,13,50,46,84,68,79,128" hai2="15,40,126,82,106,107,0,33,51,97,62,113,4" hai3="77,43,71,93,99,44,121,127,108,24,117,85,48"/><W130/><G121/><T52/><D2/><U34/><E104/><V76/><F113/><W94/><G117/><T123/><D123/><U28/><E119/><V32/><F0/><W72/><G127/><T20/><D35/><U133/><E124/><V21/><F32/><W56/><G71/><T12/><D111/><U74/><E68/><V8/><F33/><W103/><G108/><T16/><D115/><U110/><E28/><V134/><F134/><W66/><G130/><T37/><D37/><U3/><E13/><V60/><F21/><W29/><G72/><T6/><D6/><U55/><E128/><V132/><F132/><W80/><G93/><T86/><REACH who="0" step="1"/><D64/><REACH who="0" ten="283,359,182,166" step="2"/><U61/><E3/><V65/><F126/><W54/><G66/><T59/><D59/><U41/><E133/><V135/><F65/><W92/><G92/><T112/><D112/><U25/><E110/><V63/><F135/><W10/><G10/><T91/><D91/><U36/><E36/><V73/><F106/><W78/><G77/><T118/><D118/><U125/><E79/><V42/><F107/><W81/><G80/><T19/><D19/><U38/><E38/><V45/><F82/><W23/><REACH who="3" step="1"/><G56/><REACH who="3" ten="283,359,182,156" step="2"/><T9/><D9/><U49/><E125/><V5/><F76/><W109/><G109/><T69/><D69/><U7/><E74/><V129/><F73/><W39/><G39/><T131/><D131/><U70/><E70/><V67/><F129/><W57/><G57/><T47/><D47/><U120/><E46/><V96/><F45/><W101/><G101/><T98/><AGARI ba="0,2" hai="12,16,18,20,22,26,52,53,83,86,90,98,102,105" machi="98" ten="30,8000,1" yaku="1,1,5,1,0,1,54,2,53,0" doraHai="58" doraHaiUra="1" who="0" fromWho="0" sc="283,100,359,-20,182,-20,156,-40" owari="383,48.3,339,13.9,162,-23.8,116,-38.4" /></mjloggm>