<mjloggm ver="2.3"><GO type="225" lobby="0"/><UN n0="%72%61%6B%33" n1="%4B%2E%32%2E%4B%2E" n2="%E8%83%83%E3%81%A8%E8%85%B8" n3="%E3%81%97%E3%82%83%E3%82%8B%E3%81%BC%E3%82%93" dan="16,17,16,16" rate="2085.50,2193.88,2191.82,2152.08" sx="M,M,M,M"/><TAIKYOKU oya="0"/><INIT seed="0,0,0,5,0,8" ten="250,250,250,250" oya="0" hai0="70,99,48,16,64,68,112,115,88,36,26,132,67" hai1="131,119,125,130,12,97,31,63,10,42,77,113,7" hai2="47,49,34,126,82,76,65,17,37,78,46,3,15" hai3="61,85,18,30,27,96,54,39,19,124,0,74,58"/><T105/><D36/><U60/><E119/><V35/><F3/><W56/><G74/><T14/><D132/><U98/><E125/><V90/><F126/><W122/><G124/><T43/><D26/><U41/><E113/><V134/><F134/><W29/><G122/><T110/><D110/><U72/><E31/><V116/><F116/><W33/><G30/><T23/><D68/><U128/><E77/><V25/><F65/><W57/><G39/><T102/><D88/><U71/><E72/><V73/><F76/><W89/><G0/><T114/><REACH who="0" step="1"/><D70/><REACH who="0" ten="240,250,250,250" step="2"/><U86/><E71/><V80/><F25/><W95/><G96/><T24/><D24/><U123/><E123/><V79/><F90/><W117/><G117/><T107/><D107/><U22/><E98/><V87/><F37/><W1/><G1/><T84/><D84/><U133/><E133/><V108/><F108/><W104/><G104/><T52/><D52/><U13/><E86/><V40/><REACH who="2" step="1"/><F46/><AGARI ba="0,1" hai="14,16,23,43,46,48,64,67,99,102,105,112,114,115" machi="46" ten="40,7700,0" yaku="1,1,52,1,54,1,53,0" doraHai="8" doraHaiUra="106" who="0" fromWho="2" sc="240,87,250,0,250,-77,250,0" /><INIT seed="0,1,0,2,1,2" ten="327,250,173,250" oya="0" hai0="70,38,30,98,7,62,88,42,97,133,135,127,132" hai1="60,48,4,21,93,84,16,3,117,51,130,54,6" hai2="0,61,80,22,1,75,44,129,59,32,36,19,33" hai3="122,65,9,120,103,87,13,20,46,89,114,116,82"/><T77/><D127/><U40/><E117/><V71/><F71/><W34/><G116/><T10/><D77/><U12/><E130/><V67/><F129/><W94/><G34/><T31/><D42/><U8/><E4/><V28/><F32/><W45/><G114/><T5/><D38/><U24/><E3/><V102/><F102/><W121/><G65/><N who="0" m="41271" /><D98/><U73/><E73/><V124/><F124/><W47/><G20/><T26/><D10/><U108/><E108/><V43/><F28/><N who="0" m="10794" /><D26/><U57/><E40/><V11/><F33/><W63/><G63/><T79/><D79/><U92/><E84/><V15/><F75/><W53/><G103/><T52/><D52/><N who="1" m="33831" /><E48/><V109/><F109/><W27/><G27/><T35/><D35/><U95/><E95/><AGARI ba="1,0" hai="5,7,88,95,97,132,133,135" m="10794,41271" machi="95" ten="40,12000,1" yaku="20,1,52,2,54,1" doraHai="2" who="0" fromWho="1" sc="327,123,250,-123,173,0,250,0" /><INIT seed="0,2,0,0,4,29" ten="450,127,173,250" oya="0" hai0="41,134,99,70,63,98,111,1,52,109,24,103,93" hai1="22,61,77,21,120,72,129,45,88,60,26,76,5" hai2="115,46,58,33,106,108,128,130,18,62,68,94,74" hai3="34,15,50,19,54,105,14,11,69,78,67,95,8"/><T84/><D1/><U23/><E120/><V132/><F94/><W122/><G105/><T36/><D134/><U90/><E129/><N who="2" m="49771" /><F106/><W102/><G122/><T121/><D121/><U114/><E114/><V44/><F74/><W4/><G69/><T91/><D41/><U64/><E5/><V12/><F115/><W40/><G67/><T133/><D36/><U2/><E2/><V10/><F68/><W66/><G66/><T43/><D43/><U86/><E26/><V42/><F108/><W97/><G40/><T82/><D133/><U59/><E72/><V96/><F96/><W56/><G34/><T101/><D24/><U104/><E104/><V39/><F44/><W117/><G117/><T81/><D81/><U83/><E45/><V35/><F132/><W55/><G78/><T107/><D70/><U116/><E116/><V32/><F58/><W119/><G119/><T123/><D123/><U89/><E76/><V85/><F62/><AGARI ba="2,0" hai="21,22,23,59,60,61,62,64,77,83,86,88,89,90" machi="62" ten="40,2600,0" yaku="8,1,54,1" doraHai="29" who="1" fromWho="2" sc="450,0,127,32,173,-32,250,0" /><INIT seed="1,0,0,3,0,100" ten="450,159,141,250" oya="1" hai0="39,101,11,113,69,73,12,88,63,86,7,115,29" hai1="128,83,34,108,121,55,30,125,66,37,135,4,50" hai2="98,41,26,45,82,97,58,10,47,44,74,22,120" hai3="2,62,14,0,127,1,27,31,61,43,124,85,19"/><U18/><E37/><V72/><F120/><W84/><G43/><T110/><D73/><U75/><E121/><V49/><F10/><W133/><G133/><T104/><D39/><U102/><E135/><V21/><F41/><W78/><G78/><T36/><D36/><U131/><E125/><N who="3" m="48202" /><G85/><T117/><D117/><U33/><E30/><V54/><F22/><N who="3" m="11639" /><G84/><T129/><D110/><U70/><E4/><V53/><F53/><W13/><G13/><T95/><D129/><N who="1" m="49739" /><E108/><V107/><F82/><W20/><AGARI ba="0,0" hai="0,1,2,20,27,31,61,62" m="11639,48202" machi="20" ten="40,1500,0" yaku="18,1" doraHai="100" who="3" fromWho="3" sc="450,-4,159,-7,141,-4,250,15" /><INIT seed="2,0,0,2,4,0" ten="446,152,137,265" oya="2" hai0="4,24,8,105,97,75,131,52,59,53,38,134,130" hai1="77,57,94,88,126,87,85,2,101,20,86,41,118" hai2="76,49,90,12,43,6,33,64,60,115,108,14,69" hai3="99,67,106,18,5,54,111,127,47,7,92,22,123"/><V78/><F115/><W68/><G123/><T58/><D75/><U84/><E118/><V81/><F33/><W79/><G106/><T23/><D38/><U73/><E2/><V110/><F90/><W104/><G104/><T26/><D134/><U46/><E126/><V56/><F12/><W121/><G121/><T133/><D133/><U51/><E73/><V31/><F31/><W44/><G127/><T48/><D105/><U50/><E101/><V135/><F135/><W113/><G68/><T42/><D42/><U128/><E128/><N who="0" m="49193" /><D97/><U91/><E77/><V119/><F119/><W19/><G67/><T16/><D26/><U21/><E91/><V13/><F13/><W15/><G113/><T89/><D89/><U29/><E29/><V122/><F122/><W66/><G66/><T112/><D112/><U95/><E95/><V36/><F36/><W116/><G79/><T55/><D48/><U93/><E93/><V17/><F76/><W34/><G34/><T25/><D25/><U63/><E51/><V9/><F17/><W27/><G116/><T114/><D114/><U109/><E109/><N who="2" m="42091" /><F69/><W62/><G111/><T102/><D102/><U98/><E98/><V65/><F60/><W1/><G1/><AGARI ba="0,0" hai="1,4,8,16,23,24,52,53,55,58,59" m="49193" machi="1" ten="30,7700,0" yaku="19,1,52,1,54,2" doraHai="0" who="0" fromWho="3" sc="446,77,152,0,137,0,265,-77" /><INIT seed="3,0,0,0,2,30" ten="523,152,137,188" oya="3" hai0="71,34,133,49,66,122,47,127,35,77,17,92,98" hai1="57,23,38,40,45,18,90,112,128,100,96,104,1" hai2="13,107,64,59,74,94,56,9,25,21,4,42,110" hai3="19,75,84,41,65,123,131,12,46,83,120,63,87"/><W70/><G131/><T101/><D122/><U103/><E1/><V67/><F107/><W97/><G75/><T24/><D77/><U95/><E128/><V6/><F74/><W102/><G120/><T93/><D127/><U22/><E112/><V89/><F110/><W119/><G119/><T44/><D44/><U28/><E104/><V60/><F42/><W20/><G123/><T81/><D81/><U108/><E108/><V61/><F6/><W8/><G83/><T48/><D48/><U106/><E28/><V11/><F11/><W52/><G8/><T80/><D133/><U10/><E103/><V53/><F53/><W0/><G0/><T91/><D66/><U118/><E57/><V79/><F79/><W16/><G19/><T43/><D71/><U130/><E118/><V29/><F94/><W27/><G27/><T124/><D124/><U114/><E114/><V37/><F37/><W76/><G76/><T58/><D58/><U36/><E36/><V26/><F26/><W14/><G14/><T51/><D51/><U50/><E38/><V54/><F54/><W72/><G52/><T31/><D80/><U5/><E130/><V134/><F134/><W115/><G72/><T125/><D125/><U69/><E69/><V39/><F39/><W121/><G121/><T109/><D17/><U105/><E105/><V55/><F55/><W62/><G62/><T117/><D117/><U15/><REACH who="1" step="1"/><E5/><REACH who="1" ten="523,142,137,188" step="2"/><V126/><F126/><W3/><G115/><T113/><D113/><U88/><E88/><AGARI ba="0,1" hai="4,9,13,21,25,29,56,59,60,61,64,67,88,89" machi="88" ten="40,5200,0" yaku="9,1,8,1,54,1" doraHai="30" who="2" fromWho="1" sc="523,0,142,-52,137,62,188,0" owari="523,62.3,90,-41.0,199,-0.1,188,-21.2" /></mjloggm>