<mjloggm ver="2.3"><GO type="225" lobby="0"/><UN n0="%72%69%6F%75%63%68%61%6E" n1="%74%61%6B%75%61%6B%61" n2="%E3%81%95%E3%81%8D%E3%81%9F%E3%81%BE%E6%9E%97%E6%AA%8E" n3="%E3%81%AF%E3%82%88%E3%81%8A%E3%81%98%E3%81%95%E3%82%93" dan="17,17,16,16" rate="2224.02,2169.09,2130.98,2148.86" sx="M,M,M,M"/><TAIKYOKU oya="0"/><INIT seed="0,0,0,0,4,54" ten="250,250,250,250" oya="0" hai0="33,0,130,104,90,52,5,88,87,10,62,11,48" hai1="72,82,13,22,68,123,2,113,107,111,67,95,134" hai2="65,15,103,37,30,110,27,19,46,100,70,23,17" hai3="12,91,75,74,96,61,132,35,9,114,50,127,29"/><T45/><D33/><U59/><E95/><V125/><F110/><W81/><G114/><T83/><D104/><U58/><E2/><V18/><F125/><W25/><G127/><T14/><D130/><U40/><E123/><V77/><F77/><W115/><G115/><T64/><D90/><U101/><E113/><V55/><F70/><W43/><G132/><T38/><D38/><U3/><E3/><V131/><F65/><W105/><G61/><T7/><D62/><U73/><E111/><V122/><F122/><W92/><G105/><T49/><D48/><U98/><E134/><V36/><F36/><W133/><G133/><T41/><REACH who="0" step="1"/><D64/><REACH who="0" ten="240,250,250,250" step="2"/><U51/><E67/><V97/><F131/><W76/><G50/><T53/><AGARI ba="0,1" hai="0,5,7,10,11,14,41,45,49,52,53,83,87,88" machi="53" ten="30,12000,1" yaku="1,1,2,1,0,1,54,2,53,0" doraHai="54" doraHaiUra="121" who="0" fromWho="0" sc="240,130,250,-40,250,-40,250,-40" /><INIT seed="0,1,0,2,5,57" ten="370,210,210,210" oya="0" hai0="101,36,40,32,78,18,58,34,80,132,46,3,88" hai1="85,9,30,41,102,83,111,39,96,97,95,126,13" hai2="49,11,14,71,8,100,122,63,61,76,26,56,25" hai3="23,4,118,106,27,125,87,99,104,81,6,66,82"/><T68/><D68/><U94/><E111/><V22/><F122/><W55/><G118/><T60/><D132/><U20/><E126/><V131/><F131/><W42/><G125/><T44/><D3/><U134/><E134/><V59/><F71/><W129/><G129/><T135/><D135/><U107/><E39/><V54/><F100/><W116/><G116/><T123/><D123/><U98/><E41/><V86/><F49/><W53/><G42/><T38/><D101/><U89/><E107/><V108/><F108/><W35/><G35/><T37/><D18/><U24/><REACH who="1" step="1"/><E94/><REACH who="1" ten="370,200,210,210" step="2"/><V65/><F14/><W128/><G106/><T17/><D40/><U124/><E124/><V62/><F26/><W121/><G104/><T113/><D113/><U7/><AGARI ba="1,1" hai="7,9,13,20,24,30,83,85,89,95,96,97,98,102" machi="7" ten="20,5200,0" yaku="1,1,0,1,7,1,8,1,53,0" doraHai="57" doraHaiUra="29" who="1" fromWho="1" sc="370,-27,200,65,210,-14,210,-14" /><INIT seed="1,0,0,2,0,42" ten="343,265,196,196" oya="1" hai0="45,47,68,77,4,125,69,131,17,122,15,115,5" hai1="66,72,28,43,8,110,102,134,93,105,55,83,46" hai2="124,101,67,36,32,135,51,18,13,113,97,16,60" hai3="63,31,111,22,39,104,84,65,100,128,11,53,81"/><U40/><E105/><V61/><F135/><W116/><G39/><T6/><D115/><U129/><E134/><V107/><F36/><W88/><G111/><T57/><D125/><U94/><E129/><V127/><F32/><W74/><G128/><T99/><D131/><U119/><E119/><V52/><F113/><W3/><G116/><T56/><D122/><U62/><E110/><V82/><F82/><W33/><G33/><T71/><D77/><U44/><E28/><V30/><F30/><W37/><G37/><T64/><D99/><U123/><E123/><V48/><F48/><W108/><G108/><T130/><D130/><U59/><E8/><N who="2" m="6183" /><F67/><W103/><G74/><T1/><D1/><U34/><E34/><V9/><F9/><W0/><G53/><T117/><D117/><U126/><E126/><N who="2" m="48171" /><F18/><W92/><G104/><T90/><D90/><U38/><E102/><V14/><F14/><W118/><G118/><T98/><D98/><U133/><E66/><V79/><F79/><W109/><G109/><T80/><D80/><U96/><E133/><V87/><F87/><W114/><G114/><T95/><D95/><U73/><E83/><V70/><F70/><N who="3" m="42303" /><G11/><N who="0" m="6399" /><D64/><U85/><E85/><V50/><F50/><W75/><G75/><N who="1" m="28746" /><E96/><V58/><AGARI ba="0,0" hai="51,52,58,60,61,97,101,107" m="48171,6183" machi="58" ten="30,4000,0" yaku="18,1,54,2" doraHai="42" who="2" fromWho="2" sc="343,-10,265,-20,196,40,196,-10" /><INIT seed="2,0,0,2,2,135" ten="333,245,236,186" oya="2" hai0="130,66,117,33,89,42,94,132,12,40,32,110,17" hai1="48,22,95,105,19,56,30,25,104,2,28,75,82" hai2="6,128,84,102,62,8,35,36,106,1,68,72,133" hai3="101,58,73,124,5,99,90,83,3,7,63,46,29"/><V85/><F133/><W61/><G29/><T67/><D132/><U4/><E2/><V13/><F128/><W134/><G134/><T15/><D130/><U23/><E4/><V112/><F112/><W34/><G34/><T55/><D110/><U37/><E37/><V45/><F72/><W39/><G46/><T21/><D117/><U77/><E95/><V78/><F35/><W51/><G39/><T18/><D55/><U108/><E108/><V20/><F102/><W14/><G3/><T107/><D107/><U70/><E70/><V87/><F106/><W50/><G61/><T125/><D125/><U81/><E81/><V80/><F68/><W16/><G124/><T74/><D74/><U113/><E113/><V60/><F62/><W24/><G24/><T69/><D69/><U0/><E0/><V38/><F60/><W41/><G41/><N who="0" m="15979" /><D32/><U76/><E76/><V49/><F38/><W79/><G90/><T93/><D33/><U9/><E9/><V98/><F98/><W71/><G71/><T31/><D31/><U88/><E88/><N who="2" m="51207" /><F36/><W92/><G50/><T52/><D52/><N who="1" m="31751" /><E105/><V96/><F78/><W26/><G51/><T109/><D109/><U64/><E104/><V116/><F116/><W123/><G26/><T27/><D27/><N who="1" m="14815" /><E28/><V114/><F114/><W126/><G126/><T54/><D54/><U53/><E53/><N who="2" m="29871" /><F96/><W115/><G115/><T10/><D94/><U59/><E64/><V91/><F91/><W43/><G43/><T103/><D103/><U129/><E129/><V120/><F120/><W122/><G123/><T100/><D100/><RYUUKYOKU ba="0,0" sc="333,10,245,10,236,10,186,-30" hai0="10,12,15,17,18,21,66,67,89,93" hai1="23,25,30,59,75,77,82" hai2="1,6,8,13,20,85,87" /><INIT seed="2,1,0,3,0,39" ten="343,255,246,156" oya="2" hai0="29,18,79,131,15,64,30,84,110,57,20,72,99" hai1="91,104,107,16,24,41,44,67,63,74,52,124,83" hai2="27,65,89,120,105,45,94,134,43,1,85,133,11" hai3="132,54,100,112,10,34,26,31,8,113,38,13,80"/><V47/><F120/><W102/><G38/><T92/><D72/><U119/><E119/><V96/><F65/><W121/><G121/><T75/><D75/><U9/><E124/><V95/><F105/><W51/><G132/><N who="2" m="50793" /><F47/><W33/><G34/><T77/><D110/><U0/><E0/><V28/><F11/><W46/><G8/><T23/><D131/><U22/><E9/><V6/><F6/><W97/><G80/><N who="0" m="47119" /><D79/><U3/><E3/><V42/><F45/><W17/><REACH who="3" step="1"/><G97/><REACH who="3" ten="343,255,246,146" step="2"/><T108/><D108/><U76/><E83/><V123/><F123/><W117/><G117/><T68/><D23/><U58/><E22/><N who="2" m="15479" /><F1/><W61/><G61/><N who="0" m="37935" /><D68/><U101/><E63/><V5/><F5/><W114/><AGARI ba="1,1" hai="10,13,17,26,31,33,46,51,54,100,102,112,113,114" machi="114" ten="30,4000,0" yaku="1,1,0,1,11,1,53,0" doraHai="39" doraHaiUra="116" who="3" fromWho="3" sc="343,-11,255,-11,246,-21,146,53" /><INIT seed="3,0,0,4,5,69" ten="332,244,225,199" oya="3" hai0="128,34,99,46,14,20,62,119,13,37,74,50,15" hai1="131,25,97,43,79,77,5,55,0,3,123,30,88" hai2="52,133,124,70,28,27,96,125,91,48,17,68,45" hai3="117,122,80,41,111,66,84,59,114,39,26,18,106"/><W73/><G114/><T105/><D119/><U6/><E123/><V9/><F133/><W67/><G122/><T121/><D37/><U135/><E135/><V4/><F17/><W57/><G117/><T112/><D121/><U61/><E131/><V47/><F47/><W103/><G73/><T109/><D34/><U104/><E43/><V83/><F83/><W82/><G82/><T87/><D74/><U63/><E0/><V42/><F42/><W95/><G106/><T29/><D109/><U86/><E97/><V76/><F76/><N who="1" m="29257" /><E3/><N who="2" m="159" /><F91/><N who="3" m="51591" /><G39/><T1/><D1/><U102/><E102/><V21/><F96/><N who="3" m="59807" /><G41/><T8/><D112/><U129/><E129/><V110/><F110/><W44/><G44/><T32/><D128/><U58/><E104/><V31/><F31/><W64/><G111/><T2/><D32/><U51/><E5/><V116/><F116/><W11/><G11/><T49/><D2/><U101/><E6/><V35/><F35/><W78/><G78/><T10/><D87/><U65/><E101/><V126/><AGARI ba="0,0" hai="21,27,28,45,48,52,68,70,124,125,126" m="159" machi="126" ten="30,2000,0" yaku="18,1,54,1" doraHai="69" who="2" fromWho="2" sc="332,-5,244,-5,225,20,199,-10" owari="327,42.7,239,-16.1,245,4.5,189,-31.1" /></mjloggm>