<mjloggm ver="2.3"><GO type="225" lobby="0"/><UN n0="%E5%B8%86%E7%AB%8B%E5%A4%8F%E8%A1%A3" n1="%E6%B4%BE%E9%81%A3%E3%81%AE%E3%82%B8%E3%83%A3%E3%83%83%E3%82%AF" n2="%6D%75%75%73%61%6E%6D%75" n3="%E3%80%93%E3%81%97%E3%83%BC%E3%82%89%E3%80%93" dan="17,17,17,17" rate="2205.78,2216.49,2171.31,2140.72" sx="M,M,F,M"/><TAIKYOKU oya="0"/><INIT seed="0,0,0,4,2,65" ten="250,250,250,250" oya="0" hai0="46,123,10,130,38,115,77,110,54,62,81,63,120" hai1="108,95,13,97,60,12,30,44,125,116,19,82,0" hai2="128,40,117,133,93,89,52,101,73,33,3,134,92" hai3="129,88,80,114,58,55,36,35,106,28,56,53,6"/><T43/><D115/><U131/><E116/><V45/><F3/><W49/><G106/><T15/><D130/><U61/><E0/><V20/><F33/><W14/><G36/><T25/><D110/><U16/><E30/><V87/><F73/><W105/><G105/><T23/><D123/><U27/><E27/><V78/><F78/><W69/><G129/><T124/><D54/><U98/><E125/><V107/><F128/><W24/><G114/><T64/><D124/><U85/><E44/><V59/><F117/><W31/><G31/><T39/><D39/><U113/><E108/><V96/><F20/><W9/><G69/><T47/><D47/><U21/><E113/><V18/><F18/><W71/><G71/><T11/><D15/><U112/><E112/><V72/><F72/><W127/><G127/><T104/><D63/><N who="1" m="24139" /><E95/><V118/><F118/><W32/><G32/><T1/><D104/><U109/><E109/><V132/><F45/><W135/><G135/><T57/><D1/><U84/><E84/><V41/><REACH who="2" step="1"/><F107/><REACH who="2" ten="250,250,240,250" step="2"/><W22/><G35/><T42/><D42/><U91/><E131/><V48/><AGARI ba="0,1" hai="40,41,48,52,59,87,89,92,93,96,101,132,133,134" machi="48" ten="30,8000,1" yaku="1,1,2,1,0,1,20,1,54,1,53,0" doraHai="65" doraHaiUra="100" who="2" fromWho="2" sc="250,-40,250,-20,240,90,250,-20" /><INIT seed="1,0,0,1,2,15" ten="210,230,330,230" oya="1" hai0="1,32,14,124,103,34,67,36,5,122,115,42,111" hai1="132,60,104,133,33,125,54,39,113,114,78,72,94" hai2="66,90,56,87,10,59,93,71,100,9,52,18,50" hai3="88,98,116,7,105,48,28,81,70,24,40,92,80"/><U68/><E104/><V102/><F71/><W126/><G70/><T106/><D14/><U3/><E33/><V86/><F86/><W82/><G126/><T21/><D21/><U6/><E39/><V12/><F10/><W134/><G134/><N who="1" m="51818" /><E125/><V85/><F85/><W123/><G123/><T17/><D17/><U112/><E94/><V49/><F49/><W57/><G116/><T35/><D67/><N who="1" m="41063" /><E54/><V30/><F30/><W41/><G105/><T96/><D124/><U108/><E108/><V46/><F66/><W53/><REACH who="3" step="1"/><G7/><REACH who="3" ten="210,230,330,220" step="2"/><T69/><D69/><U128/><E6/><V91/><F91/><W131/><G131/><T89/><D89/><U38/><E128/><V119/><F119/><W29/><G29/><T121/><D111/><U97/><E112/><V76/><F76/><W77/><G77/><T61/><D115/><U109/><E109/><V26/><F26/><W84/><G84/><T31/><D31/><U23/><E78/><V65/><F65/><W127/><G127/><T0/><D122/><U11/><E113/><V27/><F27/><W22/><AGARI ba="0,1" hai="22,24,28,40,41,48,53,57,80,81,82,88,92,98" machi="22" ten="30,8000,1" yaku="1,1,0,1,8,1,54,1,53,1" doraHai="15" doraHaiUra="47" who="3" fromWho="3" sc="210,-20,230,-40,330,-20,220,90" /><INIT seed="2,0,0,3,4,89" ten="190,190,310,310" oya="2" hai0="19,70,4,38,48,20,93,123,99,5,134,32,7" hai1="18,9,1,128,58,41,35,100,92,105,88,15,33" hai2="59,52,103,46,55,40,72,118,133,81,106,31,60" hai3="61,112,68,117,127,22,102,50,45,104,28,121,67"/><V8/><F118/><W36/><G117/><T125/><D38/><U64/><E41/><V132/><F31/><W29/><G121/><T95/><D123/><U91/><E128/><V97/><F8/><W14/><G36/><T120/><D120/><U43/><E1/><V54/><F81/><W82/><G127/><T6/><D70/><U66/><E43/><V114/><F72/><W108/><G108/><T49/><D32/><U12/><E35/><V74/><F74/><W2/><G2/><T115/><D134/><N who="2" m="51818" /><F114/><W37/><G37/><AGARI ba="0,0" hai="37,40,46,52,54,55,59,60,97,103,106" m="51818" machi="37" ten="30,2900,0" yaku="20,1,54,1" doraHai="89" who="2" fromWho="3" sc="190,0,190,0,310,29,310,-29" /><INIT seed="2,1,0,2,2,10" ten="190,190,339,281" oya="2" hai0="92,28,79,12,76,88,47,18,74,20,128,46,49" hai1="1,42,83,61,96,41,4,52,13,116,15,117,14" hai2="112,3,114,84,9,27,65,63,131,51,77,85,105" hai3="48,126,86,120,122,124,100,68,31,98,82,107,22"/><V67/><F105/><W69/><G48/><T5/><D128/><U8/><E83/><V11/><F131/><W94/><G31/><T73/><D73/><U75/><E75/><V70/><F67/><W33/><G33/><T54/><D74/><U101/><E116/><V2/><F51/><W21/><G21/><T55/><D28/><U121/><E121/><N who="3" m="46698" /><G22/><T43/><D5/><U32/><E32/><V40/><F27/><W24/><G24/><T57/><D47/><U123/><E117/><V119/><F119/><W50/><G50/><N who="0" m="30935" /><D43/><N who="1" m="16395" /><E1/><V6/><F40/><W56/><G56/><T34/><D34/><U129/><E129/><V36/><F36/><W90/><G68/><T64/><D64/><U125/><E125/><N who="3" m="48234" /><G69/><T134/><D134/><U16/><E123/><V78/><F70/><W23/><G23/><T127/><D127/><U108/><E4/><V53/><F65/><W60/><G60/><T130/><D130/><U110/><E61/><V118/><F118/><W29/><G29/><T37/><D37/><U104/><E52/><V135/><F63/><W80/><AGARI ba="1,0" hai="80,82,86,90,94,98,100,107" m="48234,46698" machi="80" ten="40,5200,0" yaku="18,1,34,2" doraHai="10" who="3" fromWho="3" sc="190,-14,190,-14,339,-27,281,55" /><INIT seed="3,0,0,4,5,7" ten="176,176,312,336" oya="3" hai0="4,63,27,99,111,128,123,121,102,124,130,57,116" hai1="91,62,73,78,92,59,5,40,86,22,117,21,108" hai2="32,33,16,52,85,14,75,107,88,97,60,6,0" hai3="8,45,55,48,44,109,133,84,54,39,56,58,17"/><W71/><G71/><T11/><D116/><U42/><E108/><V104/><F75/><W37/><G109/><T41/><D41/><N who="1" m="15979" /><E73/><V74/><F74/><W77/><G133/><T46/><D46/><N who="3" m="18025" /><G37/><T38/><D27/><U3/><E3/><V105/><F0/><W115/><G39/><T25/><D25/><U114/><E114/><V113/><F113/><W89/><G77/><T98/><D124/><U90/><E78/><V94/><F6/><W28/><G28/><T31/><D31/><U2/><E2/><V68/><F85/><W103/><G103/><T95/><D99/><N who="1" m="57751" /><E5/><V87/><F87/><W132/><G132/><T135/><D38/><U110/><E110/><V79/><F79/><W15/><G115/><T134/><D111/><U118/><E118/><V10/><REACH who="2" step="1"/><F52/><REACH who="2" ten="176,176,302,336" step="2"/><N who="3" m="20011" /><G48/><T69/><D135/><U1/><E1/><V64/><AGARI ba="0,1" hai="10,14,16,32,33,60,64,68,88,94,97,104,105,107" machi="64" ten="40,8000,1" yaku="1,1,0,1,52,1,54,2,53,0" doraHai="7" doraHaiUra="80" who="2" fromWho="2" sc="176,-20,176,-20,302,90,336,-40" owari="156,-24.4,156,-34.4,392,49.2,296,9.6" /></mjloggm>