<mjloggm ver="2.3"><GO type="225" lobby="0"/><UN n0="%E3%81%8B%E3%82%8F%E3%81%A1%E3%82%83%E3%82%93%35%38" n1="%E9%80%9F%E6%B0%B4%E5%87%9B%E9%A6%99" n2="%4D%50%43%32%38%30%30" n3="%E6%80%AA%E3%81%97%E3%81%99%E3%81%8E%E3%82%8B%E3%83%81%E3%83%BC" dan="16,17,16,16" rate="2103.83,2160.36,2130.00,2051.66" sx="M,F,M,M"/><TAIKYOKU oya="0"/><INIT seed="0,0,0,0,3,61" ten="250,250,250,250" oya="0" hai0="103,94,93,120,82,128,8,34,7,59,47,113,68" hai1="42,2,78,15,26,123,109,67,131,57,20,100,29" hai2="48,121,127,39,37,31,43,64,84,119,65,11,63" hai3="91,86,13,116,81,0,41,88,102,5,110,126,66"/><T129/><D68/><U4/><E2/><V45/><F31/><W54/><G0/><T133/><D113/><U12/><E123/><V52/><F121/><W79/><G116/><T89/><D120/><U85/><E109/><V105/><F105/><W62/><G110/><T51/><D34/><U124/><E131/><N who="0" m="50249" /><D133/><U56/><E124/><V25/><F25/><W117/><G126/><T83/><D59/><U40/><E100/><V60/><F127/><W125/><G102/><T18/><D18/><U77/><E56/><N who="2" m="36871" /><F11/><N who="3" m="4335" /><G41/><N who="0" m="25071" /><D103/><U75/><E57/><N who="2" m="37103" /><F84/><W53/><G117/><T130/><N who="0" m="50257" /><T112/><DORA hai="135" /><D112/><U111/><E85/><V134/><F134/><W72/><G125/><T90/><D94/><U32/><E32/><V80/><F80/><N who="0" m="30762" /><D93/><U30/><E111/><V14/><F119/><W44/><G72/><T74/><D74/><U28/><E75/><V17/><F17/><W24/><G44/><T99/><D99/><U55/><E29/><V50/><F14/><AGARI ba="0,0" hai="7,8,14,89,90" m="30762,25071,50257" machi="14" ten="40,2000,0" yaku="19,1" doraHai="61,135" who="0" fromWho="2" sc="250,20,250,0,250,-20,250,0" /><INIT seed="0,1,0,4,1,14" ten="270,250,230,250" oya="0" hai0="12,41,66,58,15,135,9,68,112,43,76,78,49" hai1="108,45,84,71,26,91,28,104,121,55,73,50,48" hai2="40,131,77,115,98,110,37,96,74,64,89,106,86" hai3="79,122,130,80,20,38,3,60,95,124,19,72,16"/><T93/><D112/><U102/><E121/><V10/><F115/><W109/><G122/><T47/><D135/><U25/><E73/><V31/><F110/><W81/><G109/><T53/><D43/><U126/><E71/><V4/><F131/><W129/><G124/><T103/><D15/><U24/><E108/><V13/><F64/><W128/><G3/><T57/><D57/><U100/><E126/><V36/><F31/><W111/><G38/><T118/><D118/><U21/><E104/><V116/><F116/><W59/><G111/><T62/><D93/><U132/><E132/><V32/><F32/><W65/><G20/><T105/><D103/><N who="1" m="39467" /><E50/><V42/><F106/><W17/><G95/><AGARI ba="1,0" hai="21,24,25,26,28,45,48,55,84,91,95" m="39467" machi="95" ten="30,1000,0" yaku="8,1" doraHai="14" who="1" fromWho="3" sc="270,0,250,13,230,0,250,-13" /><INIT seed="1,0,0,2,4,45" ten="270,263,230,237" oya="1" hai0="6,15,102,51,104,123,128,61,85,20,58,119,117" hai1="130,115,46,92,36,122,11,62,26,111,98,83,99" hai2="71,23,109,105,52,21,120,53,16,13,74,30,39" hai3="116,106,125,78,113,35,127,73,103,49,90,56,44"/><U31/><E122/><V132/><F120/><W76/><G113/><T9/><D123/><U41/><E115/><V22/><F39/><W3/><G116/><T129/><D85/><U33/><E130/><N who="0" m="50281" /><D51/><U87/><E111/><V14/><F105/><W1/><G35/><T112/><D112/><U95/><E11/><V8/><F74/><W38/><G90/><T88/><D88/><U100/><E62/><V89/><F71/><W57/><G38/><T121/><D121/><U25/><E25/><N who="2" m="16687" /><F132/><W42/><G73/><T72/><D72/><U27/><E27/><V40/><F40/><W77/><G103/><T37/><D37/><U133/><E133/><V124/><F124/><N who="3" m="47691" /><G106/><T60/><D20/><N who="2" m="7722" /><F109/><W79/><N who="3" m="19456" /><DORA hai="10" /><W107/><G107/><T48/><D102/><U18/><E87/><V110/><F110/><W131/><G131/><T118/><D104/><U82/><REACH who="1" step="1"/><E18/><REACH who="1" ten="270,253,230,237" step="2"/><N who="2" m="8487" /><F89/><AGARI ba="0,1" hai="26,31,33,36,41,46,82,83,89,92,95,98,99,100" machi="89" ten="30,2900,0" yaku="1,1,7,1,53,0" doraHai="45,10" doraHaiUra="17,7" who="1" fromWho="2" sc="270,0,253,39,230,-29,237,0" /><INIT seed="1,1,0,5,5,13" ten="270,292,201,237" oya="1" hai0="130,121,82,61,8,118,20,92,33,15,34,59,102" hai1="57,9,30,104,1,32,31,18,45,56,26,63,44" hai2="51,95,79,110,4,101,29,62,14,96,67,64,28" hai3="108,27,106,133,100,72,68,70,131,89,107,69,24"/><U38/><E104/><V60/><F110/><W25/><G108/><T55/><D118/><U10/><E38/><V65/><F79/><W54/><G133/><T114/><D114/><U115/><E115/><V78/><F78/><W94/><G131/><T120/><D130/><U134/><E134/><V117/><F117/><W52/><G72/><T75/><D20/><U74/><E74/><V85/><F85/><W76/><G76/><N who="0" m="44319" /><D92/><U84/><E56/><V93/><F93/><W43/><G43/><T112/><D102/><U88/><E1/><V80/><F80/><W6/><G6/><N who="0" m="3479" /><D112/><U111/><E111/><V129/><F129/><W48/><G100/><T21/><D21/><N who="1" m="13623" /><E32/><V46/><F4/><W90/><G48/><T66/><D66/><N who="1" m="39279" /><E9/><V71/><F14/><W99/><REACH who="3" step="1"/><G90/><REACH who="3" ten="270,292,201,227" step="2"/><T19/><D121/><U16/><E31/><N who="2" m="11851" /><F71/><W91/><G91/><T37/><D120/><U86/><E30/><V119/><F119/><W3/><G3/><T103/><D103/><U122/><E122/><V36/><F36/><W123/><G123/><T83/><D37/><U5/><E88/><V17/><F17/><W97/><G97/><T77/><D34/><U50/><E5/><V47/><F51/><W22/><G22/><T105/><D33/><U135/><E135/><V98/><F98/><W40/><G40/><T39/><D39/><U73/><E50/><V41/><F41/><W49/><G49/><T11/><D19/><U12/><E73/><V7/><F7/><W113/><G113/><T124/><D11/><U116/><E116/><V53/><F53/><AGARI ba="1,1" hai="24,25,27,52,53,54,68,69,70,89,94,99,106,107" machi="53" ten="50,3200,0" yaku="1,1,54,1,53,0" doraHai="13" doraHaiUra="125" who="3" fromWho="2" sc="270,0,292,0,201,-35,227,45" /><INIT seed="2,0,0,1,2,57" ten="270,292,166,272" oya="2" hai0="73,85,94,33,6,99,20,38,5,93,116,132,66" hai1="92,12,111,126,43,13,15,40,71,127,17,113,135" hai2="82,29,122,112,28,45,76,11,46,62,42,48,18" hai3="119,114,91,101,31,51,67,16,50,35,69,120,128"/><V2/><F112/><W24/><G114/><T102/><D33/><U131/><E113/><V117/><F117/><W25/><G119/><T95/><D73/><U105/><E105/><V129/><F122/><W108/><G120/><T60/><D38/><U96/><E71/><V58/><F129/><W26/><G108/><T47/><D116/><U7/><E111/><V27/><F2/><W54/><G128/><T49/><D132/><U97/><E131/><V98/><F98/><W59/><G101/><T64/><D20/><U78/><E78/><V86/><F46/><W118/><G91/><N who="0" m="53487" /><D94/><U8/><E97/><V23/><REACH who="2" step="1"/><F11/><REACH who="2" ten="270,292,156,272" step="2"/><W39/><G118/><T22/><D99/><U115/><E115/><V75/><F75/><W61/><G39/><T130/><D130/><U70/><E96/><V0/><F0/><W133/><G133/><T14/><D47/><U37/><E135/><V107/><F107/><W124/><G124/><T65/><D102/><U88/><E127/><V41/><F41/><W90/><G35/><T87/><D87/><U123/><E43/><V77/><F77/><W1/><G1/><T9/><D9/><U19/><E40/><V74/><F74/><W104/><G104/><T100/><D100/><U103/><E8/><V72/><F72/><W109/><G109/><T89/><D89/><U110/><E88/><V30/><F30/><W83/><G31/><T53/><D22/><U34/><E103/><V63/><F63/><W4/><G90/><T81/><D60/><U79/><E34/><V134/><F134/><W21/><G61/><T121/><D121/><RYUUKYOKU ba="0,1" sc="270,-10,292,-10,156,30,272,-10" hai2="18,23,27,28,29,42,45,48,58,62,76,82,86" /><INIT seed="2,1,1,0,1,55" ten="260,282,186,262" oya="2" hai0="118,22,81,63,122,78,115,79,1,109,35,87,89" hai1="3,92,64,20,127,106,70,15,41,133,27,112,135" hai2="38,105,134,74,47,126,14,114,9,71,18,6,113" hai3="119,84,86,72,52,56,75,123,40,19,33,12,131"/><V31/><F74/><W8/><G119/><T16/><D35/><U67/><E3/><V88/><F105/><W73/><G123/><T93/><D115/><U43/><E106/><V26/><F71/><W82/><G131/><T57/><D122/><U17/><E112/><V11/><F134/><N who="1" m="51209" /><E127/><V49/><F38/><W54/><G33/><T58/><D1/><U24/><E70/><V61/><F61/><W69/><G69/><T121/><D121/><U90/><E67/><V91/><F126/><W104/><G40/><N who="1" m="15434" /><E64/><V48/><F114/><W32/><G32/><T110/><D118/><U98/><AGARI ba="1,1" hai="15,17,20,24,27,90,92,98" m="15434,51209" machi="98" ten="30,1100,0" yaku="20,1" doraHai="55" who="1" fromWho="1" sc="260,-4,282,24,186,-6,262,-4" /><INIT seed="3,0,0,2,0,34" ten="256,306,180,258" oya="3" hai0="120,78,133,92,64,3,91,103,42,7,74,72,96" hai1="114,39,84,130,21,45,47,79,75,38,57,31,9" hai2="51,53,71,25,33,61,54,80,16,77,85,135,63" hai3="6,94,1,69,107,50,27,126,58,118,97,52,11"/><W122/><G118/><T32/><D32/><U111/><E75/><N who="0" m="28713" /><D42/><U12/><E114/><V43/><F135/><W102/><G126/><T123/><D64/><U13/><E111/><V119/><F119/><W73/><G122/><N who="0" m="46635" /><D7/><U127/><E130/><V86/><F33/><W104/><G73/><T88/><D3/><U124/><E38/><V56/><F71/><W131/><G131/><T37/><D37/><U121/><E121/><V70/><F70/><W59/><G69/><T24/><D24/><N who="1" m="16783" /><E39/><V116/><F116/><W93/><G104/><T2/><D2/><U112/><E112/><V4/><F4/><W41/><G41/><T40/><D40/><U83/><E13/><V48/><F85/><W100/><G100/><T67/><D67/><U49/><E127/><V90/><F77/><W15/><G27/><T36/><D36/><U98/><E98/><V81/><F81/><W17/><G59/><T109/><D109/><U10/><E10/><AGARI ba="0,0" hai="1,6,10,11,15,17,50,52,58,93,94,97,102,107" machi="10" ten="30,5800,0" yaku="7,1,52,1,54,1" doraHai="34" who="3" fromWho="1" sc="256,0,306,-58,180,0,258,58" owari="256,5.6,248,-15.2,180,-32.0,316,41.6" /></mjloggm>