<mjloggm ver="2.3"><GO type="225" lobby="0"/><UN n0="%E3%81%B5%E3%81%98%E3%81%8B%E3%81%A4" n1="%E3%82%BF%E3%83%BC%E3%83%90%E3%83%B3%E9%87%8E%E5%8F%A3" n2="%E3%81%A0%E3%81%8A" n3="%5C%28%E2%89%A7%E2%96%BD%E2%89%A6%29%2F" dan="16,16,16,16" rate="2091.41,2124.71,2029.13,2036.38" sx="M,M,M,M"/><TAIKYOKU oya="0"/><INIT seed="0,0,0,3,3,89" ten="250,250,250,250" oya="0" hai0="114,86,87,96,112,40,75,45,76,12,110,84,128" hai1="36,52,6,134,91,135,22,48,11,122,121,99,81" hai2="4,27,117,66,56,124,69,9,18,21,42,131,73" hai3="98,57,92,119,82,38,28,67,39,93,62,3,50"/><T59/><D128/><U103/><E36/><V104/><F73/><W130/><G119/><T53/><D110/><U127/><E22/><V123/><F104/><W72/><G3/><T125/><D125/><U113/><E127/><V33/><F123/><W23/><G130/><T47/><D75/><U20/><E20/><V44/><F69/><W132/><G132/><N who="1" m="50730" /><E91/><V19/><F131/><W106/><G106/><T118/><D118/><U63/><E63/><V24/><F33/><W129/><G129/><T120/><D120/><U88/><E81/><V15/><F124/><W37/><G50/><T94/><D76/><U83/><E83/><V5/><F117/><W116/><G98/><T61/><D12/><N who="1" m="5239" /><E88/><V68/><F4/><W100/><G100/><T126/><D126/><U49/><E49/><V107/><F5/><W70/><G70/><T29/><D29/><U55/><E55/><V90/><F68/><W79/><REACH who="3" step="1"/><G116/><REACH who="3" ten="250,250,250,240" step="2"/><T65/><D114/><U41/><E113/><V17/><F107/><W97/><G97/><T111/><D111/><U58/><E41/><V64/><F42/><W101/><G101/><N who="0" m="60567" /><D112/><U54/><E54/><V8/><F66/><W109/><G109/><T14/><D40/><U46/><E121/><V31/><F64/><W51/><G51/><N who="0" m="28927" /><D45/><U13/><E122/><V115/><F44/><W26/><AGARI ba="0,1" hai="23,26,28,37,38,39,57,62,67,72,79,82,92,93" machi="26" ten="40,8000,1" yaku="1,1,0,1,52,2,53,0" doraHai="89" doraHaiUra="2" who="3" fromWho="3" sc="250,-40,250,-20,250,-20,240,90" /><INIT seed="1,0,0,2,4,131" ten="210,230,230,330" oya="1" hai0="15,19,113,43,97,110,44,103,76,17,100,93,104" hai1="88,51,35,125,59,118,123,23,32,6,122,42,20" hai2="68,79,116,90,107,119,77,30,109,124,11,81,52" hai3="73,18,127,71,135,74,75,36,7,40,94,101,67"/><U69/><E118/><V92/><F107/><W70/><G135/><T58/><D113/><U4/><E69/><V96/><F68/><W14/><G7/><T120/><D120/><U129/><E42/><V134/><F109/><W115/><G115/><T12/><D110/><U24/><E24/><V53/><F124/><W111/><G111/><T5/><D76/><U0/><E59/><V3/><F134/><W60/><G127/><T66/><D104/><U86/><E125/><V34/><F79/><W85/><G40/><T108/><D103/><U84/><E51/><V54/><F30/><W13/><G36/><T48/><D108/><U22/><E22/><V10/><F34/><W80/><G70/><T26/><D26/><U63/><E63/><V61/><F61/><W62/><G62/><N who="0" m="38231" /><D5/><U78/><E78/><V27/><F27/><W38/><G38/><T46/><D44/><U65/><E65/><V57/><F57/><W98/><REACH who="3" step="1"/><G18/><AGARI ba="0,0" hai="12,15,17,18,19,43,46,48,93,97,100" m="38231" machi="18" ten="30,1000,0" yaku="8,1" doraHai="131" who="0" fromWho="3" sc="210,10,230,0,230,0,330,-10" /><INIT seed="2,0,0,3,0,80" ten="220,230,230,320" oya="2" hai0="111,89,94,69,41,5,67,3,131,43,86,42,48" hai1="14,4,1,10,11,127,7,85,52,66,33,61,93" hai2="101,98,130,105,99,108,58,21,118,2,72,50,125" hai3="97,32,128,17,109,84,40,116,107,30,95,23,70"/><V26/><F118/><W60/><G116/><T53/><D131/><U79/><E127/><V115/><F115/><W18/><G109/><T45/><D111/><U36/><E33/><V135/><F108/><W121/><G40/><T119/><D119/><U39/><E52/><V34/><F72/><W113/><G121/><T25/><D3/><U123/><E123/><V44/><F2/><W87/><G128/><T122/><D122/><U88/><REACH who="1" step="1"/><E79/><REACH who="1" ten="220,220,230,320" step="2"/><V15/><F34/><W8/><G32/><T13/><D67/><U106/><E106/><V126/><F125/><W28/><G107/><T49/><D69/><AGARI ba="0,1" hai="1,4,7,10,11,14,36,39,61,66,69,85,88,93" machi="69" ten="30,7700,0" yaku="1,1,7,1,52,1,54,1,53,0" doraHai="80" doraHaiUra="110" who="1" fromWho="0" sc="220,-77,220,87,230,0,320,0" /><INIT seed="3,0,0,1,0,89" ten="143,307,230,320" oya="3" hai0="106,102,103,121,47,40,42,120,24,67,80,105,96" hai1="23,17,97,63,13,101,0,79,9,65,34,70,74" hai2="66,59,113,50,61,78,71,115,31,45,119,129,107" hai3="125,46,2,56,95,72,130,51,33,38,90,69,84"/><W6/><G69/><T124/><D67/><U26/><E0/><V53/><F107/><W10/><G33/><T86/><D24/><U14/><E34/><V16/><F119/><W118/><G118/><T77/><D47/><U35/><E35/><V82/><F129/><W123/><G123/><T91/><D40/><U3/><E3/><V126/><F126/><W134/><G72/><T20/><D20/><U127/><E127/><V22/><F31/><W93/><G125/><T43/><D43/><U117/><E117/><V57/><F113/><W64/><G38/><T1/><D42/><U75/><E79/><V131/><F131/><W18/><G130/><T87/><D1/><U21/><E21/><V132/><F132/><W128/><G134/><T60/><D60/><U110/><E110/><V52/><F53/><N who="3" m="29943" /><G18/><T109/><D109/><U99/><E99/><V98/><F98/><W111/><G111/><T73/><D124/><U135/><E135/><V15/><REACH who="2" step="1"/><F115/><REACH who="2" ten="143,307,220,320" step="2"/><W122/><G128/><T36/><D36/><U29/><REACH who="1" step="1"/><E14/><REACH who="1" ten="143,297,220,320" step="2"/><V5/><F5/><W49/><G122/><T19/><D19/><U25/><E25/><V68/><F68/><W11/><G6/><T48/><D48/><U116/><E116/><V133/><F133/><W62/><G49/><T12/><D12/><U39/><E39/><V7/><F7/><W112/><G112/><T100/><D96/><U30/><E30/><V94/><F94/><AGARI ba="0,2" hai="9,13,17,23,26,29,63,65,70,74,75,94,97,101" machi="94" ten="30,7700,0" yaku="1,1,7,1,52,1,53,1" doraHai="89" doraHaiUra="88" who="1" fromWho="2" sc="143,0,297,97,220,-77,320,0" owari="143,-25.7,394,49.4,143,-35.7,320,12.0" /></mjloggm>