<mjloggm ver="2.3"><GO type="225" lobby="0"/><UN n0="%33%74%72%65%65" n1="%73%6C%69%63%6B%33%31%39" n2="%E3%81%95%E3%81%8D%E3%81%9F%E3%81%BE%E6%9E%97%E6%AA%8E" n3="%E2%91%A3%E9%81%BF%E9%81%8A%E6%88%AF%E3%80%90%E6%9D%B1%E5%8D%97%E3%80%91" dan="17,17,16,16" rate="2223.05,2180.82,2127.78,2093.47" sx="F,M,M,M"/><TAIKYOKU oya="0"/><INIT seed="0,0,0,3,4,31" ten="250,250,250,250" oya="0" hai0="62,12,108,87,101,38,104,127,100,90,77,15,14" hai1="64,135,3,76,24,89,118,69,1,71,44,40,46" hai2="85,26,19,96,129,0,86,125,8,124,102,29,74" hai3="30,106,51,120,128,130,112,113,5,61,47,121,11"/><T48/><D38/><U36/><E118/><V88/><F74/><W22/><G106/><T111/><D77/><U27/><E135/><V20/><F129/><N who="3" m="49771" /><G61/><T73/><D73/><U116/><E116/><V115/><F115/><N who="3" m="44107" /><G51/><T10/><D127/><N who="2" m="48714" /><F102/><N who="0" m="39530" /><D104/><U93/><E76/><V107/><F107/><W83/><G83/><N who="0" m="49535" /><D62/><U42/><E64/><V13/><F0/><N who="3" m="423" /><G47/><T110/><D48/><U6/><E44/><V103/><F103/><W53/><G53/><T18/><AGARI ba="0,0" hai="10,12,14,15,18,108,110,111" m="49535,39530" machi="18" ten="40,3900,0" yaku="14,1,10,1" doraHai="31" who="0" fromWho="0" sc="250,39,250,-13,250,-13,250,-13" /><INIT seed="0,1,0,4,0,37" ten="289,237,237,237" oya="0" hai0="77,86,42,67,68,28,104,4,61,9,124,88,6" hai1="87,54,115,100,30,84,90,24,32,93,123,128,1" hai2="92,44,118,29,48,120,125,82,135,50,12,23,26" hai3="102,49,31,19,41,94,96,69,14,20,130,25,65"/><T47/><D124/><U36/><E123/><V89/><F120/><W117/><G130/><T108/><D104/><U99/><E1/><V112/><F112/><W110/><G117/><T66/><D108/><U131/><E115/><V34/><F118/><W10/><G110/><T63/><D77/><U52/><E36/><V58/><F135/><W45/><G69/><T21/><D9/><U116/><E116/><V46/><F125/><W0/><G0/><T57/><D21/><U71/><E71/><V59/><F82/><W91/><G65/><T98/><D98/><U76/><E87/><V111/><F34/><W27/><G27/><T133/><D28/><U40/><E40/><N who="2" m="24583" /><F12/><W70/><G70/><T16/><D16/><U11/><E11/><V114/><F114/><W95/><G91/><T51/><D133/><U101/><E101/><V17/><F17/><W72/><REACH who="3" step="1"/><G72/><REACH who="3" ten="289,237,237,227" step="2"/><T55/><REACH who="0" step="1"/><D67/><REACH who="0" ten="279,237,237,227" step="2"/><U80/><E76/><V79/><F79/><W60/><G60/><T97/><D97/><U18/><E131/><V78/><F78/><W33/><G33/><T43/><D43/><U74/><E128/><V126/><F126/><W132/><G132/><T53/><D53/><U2/><E52/><N who="2" m="29783" /><F111/><W109/><G109/><T105/><D105/><AGARI ba="1,2" hai="10,14,19,20,25,31,41,45,49,94,95,96,102,105" machi="105" ten="30,3900,0" yaku="1,1,7,1,52,1,53,0" doraHai="37" doraHaiUra="35" who="3" fromWho="0" sc="279,-42,237,0,237,0,227,62" /><INIT seed="1,0,0,3,2,5" ten="237,237,237,289" oya="1" hai0="113,78,98,85,95,96,10,13,127,81,71,27,37" hai1="119,89,6,105,41,121,49,87,94,75,57,106,8" hai2="74,86,64,99,26,77,7,59,56,18,22,91,118" hai3="114,66,79,102,73,1,58,101,111,68,103,83,112"/><U115/><E115/><V0/><F118/><W23/><G68/><T76/><D113/><U14/><E119/><V70/><F70/><W53/><G66/><T62/><D127/><U50/><E121/><V51/><F74/><W107/><G107/><T52/><D37/><U80/><E49/><V135/><F135/><W30/><G1/><T35/><D71/><U72/><E75/><V100/><F77/><N who="0" m="29802" /><D35/><U28/><E72/><V54/><F0/><W42/><G42/><T24/><D24/><U36/><E36/><V47/><F7/><W29/><G111/><T15/><D27/><U38/><E38/><V25/><F25/><W126/><G126/><T130/><D15/><U60/><E28/><V16/><F18/><W45/><G23/><T84/><D81/><U90/><E50/><V92/><REACH who="2" step="1"/><F64/><REACH who="2" ten="237,237,227,289" step="2"/><W134/><G134/><T20/><D130/><U132/><E132/><V125/><F125/><W117/><G117/><T43/><D43/><U12/><E41/><V131/><F131/><W69/><G69/><T11/><D52/><U21/><E12/><V48/><F48/><W120/><G114/><T55/><D55/><U31/><E14/><V2/><F2/><W61/><G112/><T124/><D124/><U88/><E31/><N who="3" m="11786" /><G45/><T3/><D3/><U67/><E67/><V33/><F33/><W122/><G122/><T32/><D32/><U108/><E108/><V133/><F133/><W44/><G44/><T110/><D110/><U17/><E17/><V65/><F65/><W9/><G120/><T19/><D19/><U4/><E4/><V39/><F39/><RYUUKYOKU ba="0,1" sc="237,-15,237,-15,227,15,289,15" hai2="16,22,26,47,51,54,56,59,86,91,92,99,100" hai3="9,53,58,61,73,79,83,101,102,103" /><INIT seed="2,1,1,3,3,62" ten="222,222,242,304" oya="2" hai0="26,101,99,72,0,56,32,17,12,90,61,48,7" hai1="60,43,113,74,106,116,83,1,44,94,102,64,91" hai2="19,23,89,31,108,5,107,46,98,122,88,39,40" hai3="37,45,92,30,33,41,20,134,29,47,82,118,71"/><V124/><F122/><W38/><G118/><T66/><D72/><U42/><E113/><V126/><F5/><W103/><G134/><T78/><D78/><U8/><E116/><V11/><F11/><W51/><G33/><T110/><D110/><U28/><E28/><V119/><F31/><W10/><G71/><T69/><D0/><U111/><E111/><V70/><F70/><W58/><G37/><T80/><D32/><U93/><E1/><V133/><F133/><W18/><G58/><T129/><D129/><U16/><E106/><V114/><F114/><W86/><G92/><N who="0" m="58599" /><D69/><U131/><E131/><V22/><F22/><W2/><G103/><T68/><D68/><U97/><E74/><V85/><F108/><W67/><G10/><N who="0" m="4191" /><D48/><U105/><E105/><V130/><F130/><W132/><G2/><T57/><D57/><N who="1" m="36879" /><E44/><V121/><F121/><W14/><G132/><T52/><D52/><U104/><E104/><V81/><F119/><W59/><G47/><T109/><D109/><U87/><E94/><N who="2" m="56647" /><F107/><W75/><G75/><T54/><D54/><U24/><E8/><V15/><F39/><W21/><G38/><T77/><D77/><U79/><E79/><V9/><F9/><W115/><G21/><AGARI ba="1,1" hai="16,21,24,42,43,83,87,91,93,97,102" m="36879" machi="21" ten="30,3900,0" yaku="8,1,52,1,54,1" doraHai="62" who="1" fromWho="3" sc="222,0,222,52,242,0,304,-42" /><INIT seed="3,0,0,3,5,19" ten="222,274,242,262" oya="3" hai0="101,65,107,25,99,31,89,42,13,102,111,76,132" hai1="95,38,109,131,39,125,44,47,0,64,108,50,85" hai2="92,3,52,32,105,68,135,79,57,127,81,124,70" hai3="9,113,134,36,73,46,86,61,6,33,121,120,133"/><W77/><G33/><T94/><D111/><N who="1" m="42571" /><E0/><V60/><F135/><N who="3" m="51723" /><G86/><T69/><D132/><U97/><E131/><V54/><F105/><W34/><G61/><T27/><D42/><U23/><E125/><N who="2" m="48203" /><F32/><W106/><G34/><T122/><D122/><U5/><E5/><V62/><F3/><N who="3" m="223" /><G106/><T17/><D107/><U40/><E64/><V20/><F92/><W2/><G113/><T128/><D128/><U83/><E47/><V51/><F62/><W75/><G2/><T93/><D93/><U16/><E95/><V24/><F81/><N who="3" m="45231" /><G75/><T103/><D94/><U11/><E97/><V104/><F104/><W35/><G35/><T58/><D99/><U41/><E11/><V30/><F79/><W22/><G22/><N who="0" m="11567" /><D76/><N who="1" m="46311" /><E41/><AGARI ba="0,0" hai="36,41,46,120,121" m="45231,223,51723" machi="41" ten="30,5800,0" yaku="25,1,20,1,23,1" doraHai="19" who="3" fromWho="1" sc="222,0,274,-58,242,0,262,58" owari="222,-17.8,216,-28.4,242,4.2,320,42.0" /></mjloggm>