<mjloggm ver="2.3"><GO type="225" lobby="0"/><UN n0="%E3%81%AA%E3%81%BE%E3%81%91%E8%80%85" n1="%E6%98%93%E5%88%A9%E8%96%A9%E4%BC%AF" n2="%E3%83%81%E3%83%83%E3%82%BF%E3%82%BD%E3%83%BC" n3="%72%65%6E%6B%75%6E" dan="16,16,17,17" rate="2102.34,2083.02,2183.90,2242.62" sx="M,F,F,M"/><TAIKYOKU oya="0"/><INIT seed="0,0,0,3,5,88" ten="250,250,250,250" oya="0" hai0="126,133,122,61,16,45,23,3,13,21,71,65,15" hai1="121,81,132,52,55,0,4,113,68,12,2,94,36" hai2="10,29,20,27,42,64,110,47,5,67,117,129,86" hai3="109,135,87,108,41,123,105,48,59,26,83,72,40"/><T9/><D122/><U98/><E121/><V56/><F110/><N who="3" m="42603" /><G123/><T11/><D133/><U76/><E68/><V125/><F125/><W57/><G105/><T93/><D126/><U63/><E36/><V30/><F129/><W35/><G72/><T1/><D45/><U119/><E119/><V43/><F117/><W97/><G97/><T14/><D14/><U80/><E113/><V62/><F30/><N who="3" m="19927" /><G135/><T18/><REACH who="0" step="1"/><D93/><REACH who="0" ten="240,250,250,250" step="2"/><U75/><E132/><V25/><F47/><N who="3" m="25703" /><G41/><T53/><D53/><U115/><E12/><V127/><F127/><W130/><G130/><T37/><D37/><U114/><E114/><V70/><F42/><W78/><AGARI ba="0,1" hai="57,59,78,83,87" m="25703,19927,42603" machi="78" ten="30,1100,0" yaku="14,1" doraHai="88" who="3" fromWho="3" sc="240,-5,250,-3,250,-3,250,21" /><INIT seed="1,0,0,5,4,59" ten="235,247,247,271" oya="1" hai0="18,124,68,128,7,65,17,35,66,64,26,9,81" hai1="63,75,116,36,29,125,31,32,1,49,51,107,90" hai2="25,62,71,85,4,8,119,135,76,88,13,94,57" hai3="104,42,38,73,14,40,102,99,87,45,89,58,44"/><U93/><E116/><V82/><F135/><W72/><G14/><T112/><D112/><U16/><E107/><V78/><F119/><W30/><G30/><T12/><D68/><U54/><E75/><V117/><F117/><W56/><G73/><T133/><D133/><U118/><E36/><V2/><F71/><W120/><G120/><T96/><D128/><U50/><E1/><V60/><F2/><W91/><G72/><T86/><D124/><U10/><E32/><V83/><F25/><W105/><G105/><T67/><N who="0" m="16384" /><DORA hai="27" /><T113/><D113/><U34/><E34/><V108/><F108/><W109/><G109/><T24/><D24/><U126/><E118/><V33/><F33/><W103/><G103/><T115/><D96/><N who="1" m="57399" /><E126/><V74/><F57/><W61/><G61/><T22/><D35/><U129/><E129/><V110/><F110/><W92/><REACH who="3" step="1"/><G89/><REACH who="3" ten="235,247,247,261" step="2"/><T47/><D115/><U132/><E132/><V41/><F41/><W15/><G15/><T98/><D98/><AGARI ba="0,1" hai="4,8,13,60,62,74,76,78,82,83,85,88,94,98" machi="98" ten="30,7700,0" yaku="7,1,52,2,54,1" doraHai="59,27" who="2" fromWho="0" sc="235,-77,247,0,247,87,261,0" /><INIT seed="2,0,0,4,0,128" ten="158,247,334,261" oya="2" hai0="96,86,102,3,119,51,114,28,59,112,23,83,16" hai1="17,74,78,88,30,82,10,44,80,26,60,33,106" hai2="52,14,95,36,0,84,13,50,94,129,101,121,116" hai3="126,110,68,19,58,12,91,76,75,133,92,25,31"/><V34/><F129/><W48/><G68/><T46/><D119/><U81/><E106/><V98/><F121/><W41/><G110/><T69/><D69/><U104/><E104/><V39/><F0/><W27/><G126/><T108/><D28/><U120/><E120/><V5/><F116/><W61/><G75/><T29/><D3/><U42/><E60/><V122/><F122/><W105/><G105/><T15/><D29/><U100/><E100/><V20/><F34/><W64/><G76/><T123/><D108/><U131/><E131/><V40/><F40/><W111/><G31/><T53/><D123/><U87/><E10/><V1/><F1/><W54/><G41/><T99/><D102/><U2/><E2/><V134/><F134/><W90/><G133/><T9/><D112/><U89/><E17/><V70/><F70/><W56/><G91/><T125/><D125/><U62/><E62/><V35/><F35/><W57/><G58/><T67/><D114/><U73/><E81/><V79/><F79/><W8/><REACH who="3" step="1"/><G111/><REACH who="3" ten="158,247,334,251" step="2"/><T132/><D132/><U32/><E32/><V21/><F101/><W115/><G115/><T18/><D59/><U103/><E103/><V55/><F39/><W72/><G72/><T4/><D67/><U127/><E127/><V109/><F36/><W107/><G107/><T6/><D99/><AGARI ba="0,1" hai="8,12,19,25,27,48,54,56,57,61,64,90,92,99" machi="99" ten="30,7700,0" yaku="1,1,7,1,8,1,53,1" doraHai="128" doraHaiUra="47" who="3" fromWho="0" sc="158,-77,247,0,334,0,251,87" /><INIT seed="3,0,0,2,0,1" ten="81,247,334,338" oya="3" hai0="18,89,107,85,16,65,120,123,72,97,76,67,4" hai1="79,61,15,119,40,90,38,105,84,25,36,80,44" hai2="134,5,46,94,11,59,35,128,62,33,64,7,39" hai3="29,19,124,92,81,17,132,135,8,66,24,10,125"/><W55/><G66/><T102/><D123/><U130/><E105/><V122/><F122/><W48/><G92/><T95/><D120/><U98/><E119/><V100/><F128/><W68/><G68/><T56/><D67/><U103/><E130/><V70/><F134/><N who="3" m="51243" /><G81/><T14/><D65/><U52/><E25/><V71/><F70/><W126/><G8/><T117/><D56/><U87/><E15/><V109/><F109/><W83/><G10/><T77/><D117/><U53/><E38/><V121/><F121/><W20/><G83/><T47/><D47/><AGARI ba="0,0" hai="17,19,20,24,29,47,48,55,124,125,126" m="51243" machi="47" ten="40,3900,0" yaku="18,1,20,1" doraHai="1" who="3" fromWho="0" sc="81,-39,247,0,334,0,338,39" owari="42,-45.8,247,-15.3,334,13.4,377,47.7" /></mjloggm>