<mjloggm ver="2.3"><GO type="225" lobby="0"/><UN n0="%E3%81%95%E3%81%8D%E3%81%9F%E3%81%BE%E6%9E%97%E6%AA%8E" n1="%72%69%6F%75%63%68%61%6E" n2="%E3%81%AF%E3%82%88%E3%81%8A%E3%81%98%E3%81%95%E3%82%93" n3="%E3%81%9F%E3%81%93%E2%98%86%E7%84%BC%E3%81%8D" dan="16,16,16,16" rate="2056.39,2195.90,2110.57,2067.60" sx="M,M,M,M"/><TAIKYOKU oya="0"/><INIT seed="0,0,0,1,0,59" ten="250,250,250,250" oya="0" hai0="95,70,6,32,103,100,43,30,86,74,16,57,99" hai1="63,45,3,131,61,119,108,17,26,29,92,51,38" hai2="36,87,93,94,85,4,47,10,128,60,37,33,122" hai3="48,117,134,78,49,132,75,66,71,67,46,98,40"/><T79/><D70/><U12/><E119/><V8/><F33/><W135/><G98/><T19/><D74/><U72/><E38/><V116/><F47/><N who="3" m="25703" /><G117/><T96/><D6/><U97/><E3/><V121/><F4/><W106/><G106/><T88/><D43/><U41/><E108/><V127/><F116/><W44/><G78/><T73/><D73/><U31/><E131/><V118/><F118/><W34/><G34/><T105/><D79/><U120/><E120/><V77/><F77/><W21/><G21/><T102/><D32/><U112/><E112/><V130/><REACH who="2" step="1"/><F127/><REACH who="2" ten="250,250,240,250" step="2"/><W125/><G125/><T18/><D105/><U114/><E114/><V91/><F91/><W23/><G44/><T84/><D84/><U9/><E72/><V123/><F123/><W53/><G75/><T133/><D133/><U2/><E2/><V28/><F28/><N who="1" m="10825" /><E26/><V115/><F115/><W69/><G23/><T81/><D30/><U15/><E15/><V83/><F83/><W126/><G126/><T54/><REACH who="0" step="1"/><D81/><REACH who="0" ten="240,250,240,250" step="2"/><U62/><E97/><V111/><F111/><W1/><G1/><T58/><D58/><U39/><E39/><V25/><F25/><W20/><G71/><T76/><D76/><U129/><E129/><V50/><F50/><AGARI ba="0,2" hai="16,18,19,50,54,57,86,88,95,96,99,100,102,103" machi="50" ten="40,12000,1" yaku="1,1,8,1,54,2,53,0" doraHai="59" doraHaiUra="104" who="0" fromWho="2" sc="240,140,250,0,240,-120,250,0" /><INIT seed="0,1,0,2,0,115" ten="380,250,120,250" oya="0" hai0="5,80,120,95,79,31,74,15,102,108,6,16,85" hai1="91,64,3,4,27,12,84,34,59,110,68,39,118" hai2="51,45,73,10,116,100,103,82,61,23,38,72,121" hai3="132,71,63,14,109,125,9,8,37,11,2,52,0"/><T107/><D120/><U55/><E118/><V42/><F121/><W97/><G37/><T1/><D1/><U32/><E3/><V90/><F38/><W129/><G109/><T17/><D31/><U105/><E105/><V46/><F45/><W98/><G14/><T123/><D123/><U117/><E117/><V112/><F112/><W70/><G129/><T96/><D108/><U57/><E39/><V36/><F36/><W76/><G76/><T128/><D128/><U29/><E110/><V53/><F116/><W131/><G131/><T89/><D17/><U119/><E119/><V19/><F73/><W106/><G132/><T30/><D30/><U101/><E101/><V65/><F42/><W58/><G125/><T87/><D87/><U26/><E26/><V81/><F81/><W133/><G133/><T130/><D130/><U111/><E111/><V33/><F33/><W69/><G106/><T127/><D127/><U114/><E114/><V28/><F28/><W124/><G124/><T135/><D135/><U99/><E99/><V75/><F10/><AGARI ba="1,0" hai="5,6,10,15,16,74,79,80,85,89,95,96,102,107" machi="10" ten="30,11600,0" yaku="7,1,24,2,54,1" doraHai="115" who="0" fromWho="2" sc="380,119,250,0,120,-119,250,0" /><INIT seed="0,2,0,3,0,60" ten="499,250,1,250" oya="0" hai0="88,24,120,87,105,93,101,128,32,3,72,123,80" hai1="33,99,44,122,114,52,10,131,37,56,104,118,5" hai2="74,15,31,83,19,51,50,40,95,66,22,29,49" hai3="116,17,106,6,54,107,30,53,85,73,78,18,11"/><T124/><D3/><U63/><E118/><V110/><F74/><W55/><G73/><T79/><D32/><U57/><E122/><V16/><F110/><W4/><G116/><T69/><D69/><U39/><E33/><V134/><F134/><W82/><G30/><N who="2" m="11273" /><F83/><W43/><G43/><T68/><D68/><U90/><E131/><V121/><F121/><N who="0" m="46666" /><D24/><U21/><E114/><V81/><F81/><W47/><G47/><T28/><D28/><U97/><E21/><N who="2" m="11423" /><F95/><W126/><G126/><T76/><D128/><U25/><E25/><N who="2" m="14559" /><F40/><W71/><G71/><T70/><D70/><U102/><E44/><V132/><F132/><W48/><G48/><T1/><D124/><U84/><E99/><V65/><AGARI ba="2,0" hai="49,50,51,65,66" m="14559,11423,11273" machi="65" ten="30,7900,0" yaku="8,1,52,2,54,1" doraHai="60" who="2" fromWho="2" sc="499,-41,250,-22,1,85,250,-22" /><INIT seed="1,0,0,0,2,98" ten="458,228,86,228" oya="1" hai0="47,18,27,115,35,108,29,71,12,28,60,120,56" hai1="83,96,78,70,76,117,37,59,67,22,131,104,73" hai2="91,42,63,46,36,44,51,58,15,126,17,11,74" hai3="118,127,8,105,69,89,48,55,133,93,132,84,54"/><U38/><E117/><V111/><F111/><W72/><G69/><T20/><D108/><U66/><E131/><V43/><F126/><W4/><G127/><T80/><D115/><U110/><E110/><V5/><F74/><W26/><G72/><T95/><D120/><U19/><E70/><V45/><F36/><W122/><G122/><T103/><D71/><U6/><E6/><V49/><F91/><W13/><G105/><T30/><D80/><U50/><E76/><V101/><F46/><W81/><G26/><T124/><D47/><U34/><E34/><V123/><F123/><W114/><G114/><T75/><D75/><U40/><E40/><V79/><F79/><W88/><G48/><T134/><D134/><N who="3" m="51817" /><G118/><T57/><D57/><U52/><E38/><V7/><REACH who="2" step="1"/><F101/><REACH who="2" ten="458,228,76,228" step="2"/><W125/><G125/><T24/><D124/><U129/><E37/><V77/><F77/><W32/><G32/><T92/><D103/><U41/><E129/><V10/><F10/><W99/><AGARI ba="0,1" hai="4,8,13,54,55,81,84,88,89,93,99" m="51817" machi="99" ten="30,2000,0" yaku="20,1,54,1" doraHai="98" who="3" fromWho="3" sc="458,-5,228,-10,76,-5,228,30" /><INIT seed="2,0,0,3,2,109" ten="453,218,71,258" oya="2" hai0="85,54,76,45,46,28,114,135,90,86,79,92,96" hai1="31,35,7,55,15,11,0,4,51,82,78,74,97" hai2="38,113,63,49,116,57,125,127,122,77,6,36,84" hai3="67,99,75,103,18,104,66,108,102,69,115,70,129"/><V60/><F6/><W107/><G18/><T44/><D28/><U47/><E97/><V68/><F77/><N who="0" m="29770" /><D114/><U14/><REACH who="1" step="1"/><E7/><REACH who="1" ten="453,208,71,258" step="2"/><V118/><F84/><W117/><G99/><T80/><D96/><U120/><E120/><V29/><F122/><W10/><G108/><T128/><D128/><U72/><E72/><V134/><F113/><W101/><G129/><T48/><D135/><U21/><E21/><V71/><F29/><W24/><G75/><T106/><D106/><U3/><E3/><V27/><F27/><AGARI ba="0,1" hai="0,4,11,14,15,27,31,35,47,51,55,74,78,82" machi="27" ten="40,1300,0" yaku="1,1,53,0" doraHai="109" doraHaiUra="95" who="1" fromWho="2" sc="453,0,208,23,71,-13,258,0" /><INIT seed="3,0,0,2,5,85" ten="453,231,58,258" oya="3" hai0="89,35,12,73,19,121,22,93,14,40,91,86,17" hai1="113,88,97,65,133,11,67,125,32,8,10,74,70" hai2="18,111,81,53,3,13,45,33,54,128,106,103,61" hai3="114,127,27,130,79,25,50,5,23,55,62,102,120"/><W134/><G114/><T112/><D121/><U30/><E113/><V16/><F3/><W96/><G120/><T38/><D73/><U115/><E115/><V64/><F33/><W0/><G130/><T48/><D38/><U68/><E74/><V24/><F128/><W51/><G134/><T69/><D69/><U87/><E133/><V72/><F111/><W83/><G127/><T26/><D112/><U44/><E125/><V101/><F106/><W90/><G62/><T107/><D107/><U49/><E97/><V39/><F39/><W46/><G25/><T2/><D2/><U66/><E30/><V122/><F122/><W20/><G23/><T36/><D36/><U41/><REACH who="1" step="1"/><E32/><REACH who="1" ten="453,221,58,258" step="2"/><V104/><F72/><W4/><G0/><T60/><D60/><U100/><E100/><V99/><F103/><W47/><G102/><T63/><D19/><U126/><E126/><V129/><F129/><W57/><G96/><T109/><D14/><U21/><E21/><V82/><F18/><N who="3" m="12695" /><G79/><T119/><D35/><U95/><AGARI ba="0,1" hai="8,10,11,41,44,49,65,66,67,68,70,87,88,95" machi="95" ten="30,7900,0" yaku="1,1,0,1,52,1,54,1,53,0" doraHai="85" doraHaiUra="94" who="1" fromWho="1" sc="453,-20,221,89,58,-20,258,-39" owari="433,53.3,310,11.0,38,-46.2,219,-18.1" /></mjloggm>