<mjloggm ver="2.3"><GO type="225" lobby="0"/><UN n0="%6E%69%63%6F%6E%74%6F" n1="%E6%B4%BE%E9%81%A3%E3%81%AE%E3%82%B8%E3%83%A3%E3%83%83%E3%82%AF" n2="%6D%75%75%73%61%6E%6D%75" n3="%E7%82%8E%E3%83%8E%E6%9C%B1%E9%9B%80" dan="16,17,17,16" rate="2137.54,2215.68,2152.67,2180.47" sx="M,M,F,M"/><TAIKYOKU oya="0"/><INIT seed="0,0,0,5,2,98" ten="250,250,250,250" oya="0" hai0="104,15,135,9,4,122,25,121,132,99,37,72,82" hai1="85,69,108,40,96,47,3,124,28,86,92,52,12" hai2="41,105,56,20,42,89,117,115,64,71,49,39,101" hai3="79,46,1,58,111,114,129,78,30,17,23,106,102"/><T65/><D37/><U83/><E108/><V109/><F109/><W11/><G114/><T95/><D65/><U19/><E3/><V73/><F115/><W103/><G111/><T13/><D104/><U130/><E28/><V18/><F73/><W91/><G129/><T128/><D128/><U38/><E69/><V45/><F117/><W67/><G46/><T112/><D112/><U119/><E130/><V81/><F71/><W120/><G120/><T59/><D59/><U29/><E29/><V113/><F113/><W14/><G106/><T50/><D50/><U80/><E124/><V32/><F32/><W36/><G36/><T63/><D63/><U7/><E7/><V97/><F64/><W35/><G91/><T27/><D82/><N who="1" m="31275" /><E40/><V125/><F125/><W24/><G67/><T26/><D72/><U5/><E5/><V84/><F56/><W16/><G58/><T87/><D87/><U77/><E77/><N who="3" m="29194" /><G17/><T68/><D68/><U116/><E38/><V0/><F0/><W31/><G31/><T60/><D60/><U100/><E116/><V75/><F75/><W133/><G133/><N who="0" m="51275" /><D15/><U44/><E119/><V55/><REACH who="2" step="1"/><F39/><REACH who="2" ten="250,250,240,250" step="2"/><W22/><G35/><T90/><AGARI ba="0,1" hai="4,9,13,25,26,27,90,95,99,121,122" m="51275" machi="90" ten="30,1500,0" yaku="20,1" doraHai="98" who="0" fromWho="0" sc="250,25,250,-5,240,-5,250,-5" /><INIT seed="0,1,0,1,2,23" ten="275,245,235,245" oya="0" hai0="108,85,49,39,51,83,102,97,4,101,98,130,45" hai1="126,103,17,135,131,88,53,114,95,96,128,124,123" hai2="2,115,70,106,87,73,91,77,46,27,58,7,76" hai3="117,14,6,93,18,43,29,0,100,34,37,54,80"/><T94/><D130/><N who="1" m="49707" /><E123/><V132/><F70/><W127/><G117/><T33/><D33/><U118/><E118/><V133/><F115/><W35/><G127/><N who="1" m="48682" /><E53/><V32/><F73/><W44/><G54/><T71/><D71/><U15/><E114/><V134/><F106/><W72/><G93/><T19/><D108/><U62/><E62/><V86/><F46/><W112/><G100/><T78/><D4/><U8/><E103/><V50/><F50/><W99/><G112/><T81/><D19/><U121/><E121/><V21/><F32/><W5/><G5/><T92/><REACH who="0" step="1"/><D83/><REACH who="0" ten="265,245,235,245" step="2"/><U13/><E13/><V48/><F2/><W3/><G18/><T40/><AGARI ba="1,1" hai="39,40,45,49,51,78,81,85,92,94,97,98,101,102" machi="40" ten="30,11700,0" yaku="1,1,2,1,0,1,9,1,53,0" doraHai="23" doraHaiUra="105" who="0" fromWho="0" sc="265,130,245,-40,235,-40,245,-40" /><INIT seed="0,2,0,4,3,110" ten="395,205,195,205" oya="0" hai0="34,120,29,60,14,113,121,48,109,71,40,26,53" hai1="92,105,70,108,13,69,84,65,7,78,0,35,125" hai2="20,50,58,2,61,91,88,132,124,22,49,104,31" hai3="32,123,79,112,3,86,51,19,98,116,21,95,67"/><T43/><D113/><U83/><E105/><V24/><F2/><W72/><G116/><T6/><D109/><U101/><E108/><V126/><F104/><W68/><G112/><T134/><D134/><U66/><E35/><V44/><F22/><W55/><G32/><T74/><D74/><U62/><E0/><V64/><F132/><W36/><G3/><T56/><D121/><U93/><E125/><N who="2" m="48235" /><F49/><W12/><G36/><T11/><D120/><U42/><E42/><AGARI ba="2,0" hai="20,24,31,42,44,50,58,61,64,88,91" m="48235" machi="42" ten="30,2000,0" yaku="18,1,54,1" doraHai="110" who="2" fromWho="1" sc="395,0,205,-26,195,26,205,0" /><INIT seed="1,0,0,4,5,120" ten="395,179,221,205" oya="1" hai0="65,103,80,130,134,55,69,10,91,26,133,12,119" hai1="78,113,17,11,27,109,7,53,90,94,114,61,73" hai2="38,84,112,129,31,60,42,24,57,131,33,92,0" hai3="79,63,118,37,15,68,35,46,99,22,126,28,23"/><U72/><E27/><V106/><F0/><W39/><G126/><T49/><D119/><U30/><E30/><V14/><F106/><W48/><G118/><T47/><D130/><N who="2" m="49674" /><F112/><W93/><G79/><T50/><D103/><U76/><E17/><V74/><F74/><W67/><G35/><T127/><D127/><U32/><E32/><V66/><F14/><W71/><G71/><T3/><D3/><U2/><E73/><V108/><F42/><W125/><G125/><T122/><D122/><U43/><E43/><V36/><F108/><W115/><G115/><T102/><D102/><U95/><E95/><V54/><F54/><W124/><G124/><T62/><D26/><U40/><E40/><V51/><F51/><W6/><G28/><T52/><D50/><U107/><E107/><V88/><AGARI ba="0,0" hai="24,31,33,36,38,57,60,66,84,88,92" m="49674" machi="88" ten="30,2000,0" yaku="19,1,54,1" doraHai="120" who="2" fromWho="2" sc="395,-5,179,-10,221,20,205,-5" /><INIT seed="2,0,0,5,3,60" ten="390,169,241,200" oya="2" hai0="94,39,120,32,7,3,15,83,37,110,125,8,70" hai1="64,112,66,84,92,26,21,133,108,46,20,13,65" hai2="131,62,90,44,27,45,36,38,61,30,53,4,79" hai3="82,67,31,2,12,93,88,22,113,55,116,25,85"/><V58/><F131/><W76/><G116/><T63/><D120/><U127/><E112/><V48/><F79/><W77/><G2/><T114/><D114/><U130/><E130/><V103/><F103/><W17/><G113/><T81/><D110/><U122/><E108/><V91/><F4/><W129/><G129/><T49/><D125/><U128/><E128/><V117/><F117/><W71/><G55/><T101/><D32/><U18/><E127/><V89/><F62/><W118/><G118/><T51/><D39/><U97/><E133/><V111/><F44/><W135/><G135/><T75/><D37/><U41/><E122/><V0/><F0/><W29/><G77/><T78/><D83/><U50/><E84/><V132/><F111/><W40/><G40/><T54/><D3/><U105/><E105/><V10/><F10/><W1/><G1/><T59/><D70/><U119/><E119/><V68/><F68/><W23/><G71/><T43/><D43/><U72/><E72/><V74/><F74/><W28/><REACH who="3" step="1"/><G67/><REACH who="3" ten="390,169,241,190" step="2"/><T124/><D124/><U96/><E92/><V24/><F132/><W19/><G19/><AGARI ba="0,1" hai="13,18,19,20,21,26,41,46,50,64,65,66,96,97" machi="19" ten="40,8000,1" yaku="8,1,52,3" doraHai="60" who="1" fromWho="3" sc="390,0,169,90,241,0,190,-80" /><INIT seed="3,0,0,5,0,133" ten="390,259,241,110" oya="3" hai0="68,32,100,65,67,13,109,135,9,24,117,86,125" hai1="16,98,128,6,132,99,45,56,70,54,84,46,114" hai2="55,94,91,44,14,116,89,90,123,105,36,124,72" hai3="80,48,27,77,63,18,61,126,47,28,33,110,51"/><W0/><G110/><T121/><D117/><U92/><E70/><V5/><F116/><W35/><G0/><T131/><D121/><U20/><E6/><V71/><F105/><W3/><G3/><T25/><D135/><U4/><E4/><V2/><F2/><W43/><G35/><T134/><D131/><U52/><E128/><V40/><F71/><W82/><G126/><T120/><D125/><U79/><E114/><V81/><F123/><W106/><G106/><T76/><D120/><U127/><E127/><V39/><F124/><W58/><G18/><T41/><D109/><U112/><E112/><V53/><F39/><W95/><G95/><T115/><D115/><U50/><E132/><V22/><F94/><W103/><G103/><T12/><D134/><U34/><E34/><V23/><F5/><W130/><G130/><T113/><D113/><U60/><E46/><V119/><F119/><W96/><G96/><T7/><D68/><U87/><E79/><V42/><F42/><W29/><G29/><T26/><D32/><U38/><E38/><V78/><F14/><W111/><G111/><T75/><D75/><U1/><E1/><V83/><F83/><W11/><G11/><T59/><D100/><N who="1" m="60487" /><E99/><V17/><F17/><W93/><G93/><T107/><D107/><U8/><E8/><V62/><F53/><N who="3" m="32039" /><G82/><T101/><D101/><U31/><E31/><V104/><F104/><W30/><G30/><T122/><D13/><AGARI ba="0,0" hai="13,16,20,45,50,52,54,56,60,84,87" m="60487" machi="13" ten="30,3900,0" yaku="8,1,54,2" doraHai="133" who="1" fromWho="0" sc="390,-39,259,39,241,0,110,0" owari="351,45.1,298,9.8,241,-15.9,110,-39.0" /></mjloggm>