<mjloggm ver="2.3"><GO type="225" lobby="0"/><UN n0="%72%69%6F%75%63%68%61%6E" n1="%47%68%6F%73%74%55%30" n2="%E6%97%A5%E6%9B%9C%E6%97%A5%E3%82%88%E3%82%8A%E3%81%AE%E4%BD%BF%E8%80%85" n3="%E8%B6%85%E7%B4%9A%E9%B3%B3%E5%87%B0" dan="16,17,17,17" rate="2146.71,2186.28,2149.34,2178.14" sx="M,M,M,M"/><TAIKYOKU oya="0"/><INIT seed="0,0,0,5,0,69" ten="250,250,250,250" oya="0" hai0="88,79,37,68,57,95,29,5,16,43,110,41,98" hai1="103,59,93,60,126,123,32,17,117,96,107,81,7" hai2="33,21,118,46,28,55,20,10,26,67,4,94,91" hai3="27,86,25,85,122,39,72,92,78,70,15,112,75"/><T18/><D68/><U64/><E117/><V56/><F118/><W63/><G112/><T130/><D130/><U73/><E123/><V58/><F67/><W34/><G122/><T1/><D110/><U24/><E126/><V102/><F102/><W132/><G132/><T19/><D29/><U124/><E124/><V115/><F46/><W45/><G15/><T82/><D37/><U125/><E125/><V8/><F115/><W113/><G113/><T22/><D22/><U97/><E7/><V23/><F55/><W6/><G6/><T61/><D1/><U35/><E17/><V54/><F54/><W76/><G70/><T89/><D89/><U31/><E32/><V106/><F106/><W83/><G63/><T134/><D5/><U109/><E109/><V36/><F36/><W49/><G39/><T12/><D12/><U66/><E66/><V30/><F30/><W114/><G114/><T108/><D134/><U47/><E47/><V42/><F42/><N who="0" m="15882" /><D108/><U121/><E121/><V3/><REACH who="2" step="1"/><F10/><REACH who="2" ten="250,250,240,250" step="2"/><W127/><G127/><T131/><D131/><U65/><E107/><V135/><F135/><W38/><G38/><T71/><D71/><U119/><E119/><V128/><F128/><W84/><G45/><T9/><D9/><U74/><E65/><V99/><AGARI ba="0,1" hai="3,4,8,20,21,23,26,28,33,56,58,91,94,99" machi="99" ten="30,2000,0" yaku="1,1,0,1,53,0" doraHai="69" doraHaiUra="48" who="2" fromWho="2" sc="250,-10,250,-5,240,30,250,-5" /><INIT seed="1,0,0,0,0,76" ten="240,245,270,245" oya="1" hai0="55,61,116,63,108,119,16,88,123,131,34,103,104" hai1="117,29,124,75,97,48,95,23,134,28,15,81,11" hai2="37,112,130,100,90,78,87,129,2,128,62,31,59" hai3="89,24,39,57,0,115,133,5,120,43,111,135,118"/><U60/><E117/><V99/><F112/><W109/><G115/><T73/><D34/><U68/><E124/><V98/><F2/><W83/><G120/><T47/><D73/><U71/><E134/><N who="3" m="51210" /><G118/><T26/><D123/><U72/><E48/><V80/><F37/><W94/><G57/><T20/><D108/><N who="3" m="41545" /><G24/><T42/><D131/><U13/><E68/><V74/><F31/><W105/><G105/><T7/><D7/><U86/><E28/><V56/><F62/><W110/><N who="3" m="41553" /><W67/><DORA hai="93" /><G67/><T58/><D61/><U9/><E60/><V69/><F69/><W85/><G94/><T102/><D104/><U65/><E65/><V12/><F12/><N who="1" m="4681" /><E71/><V46/><F46/><N who="3" m="23935" /><G5/><T17/><D119/><U53/><E53/><V106/><F99/><W82/><G82/><AGARI ba="0,0" hai="56,59,74,78,80,82,87,90,98,100,106,128,129,130" machi="82" ten="40,8000,1" yaku="19,1,52,3" doraHai="76,93" who="2" fromWho="3" sc="240,0,245,0,270,80,245,-80" /><INIT seed="2,0,0,4,3,118" ten="240,245,350,165" oya="2" hai0="117,16,129,77,70,9,104,23,81,83,33,7,62" hai1="55,3,101,122,135,127,110,8,6,131,58,40,111" hai2="18,61,68,105,25,0,34,91,124,71,69,80,45" hai3="126,59,121,102,28,4,84,88,39,60,106,51,5"/><V38/><F105/><W11/><G39/><T90/><D33/><U17/><E131/><V21/><F0/><W42/><G126/><T96/><D129/><U82/><E127/><V57/><F124/><W123/><G28/><T14/><D117/><U92/><E135/><V76/><F91/><W100/><G5/><T64/><D77/><U24/><E40/><V73/><F34/><W103/><G106/><T30/><D30/><U134/><E134/><V1/><F1/><W48/><G42/><T116/><D116/><U26/><E82/><V12/><F25/><W113/><G48/><T50/><D50/><U120/><E92/><V54/><F38/><W74/><G51/><T44/><D44/><U128/><E101/><V112/><F45/><W41/><G41/><T93/><REACH who="0" step="1"/><D104/><REACH who="0" ten="230,245,350,165" step="2"/><U87/><E128/><V22/><F112/><W63/><G113/><T31/><D31/><U115/><E115/><V13/><F76/><W98/><G74/><T125/><D125/><U132/><E132/><V94/><F73/><W95/><G63/><T114/><D114/><U67/><E110/><V27/><F61/><W66/><REACH who="3" step="1"/><G84/><REACH who="3" ten="230,245,350,155" step="2"/><T97/><D97/><U133/><E87/><V130/><F130/><W10/><G10/><T108/><D108/><U37/><E111/><V65/><F21/><W79/><G79/><T89/><D89/><U46/><E133/><V99/><F22/><W2/><AGARI ba="0,2" hai="2,4,11,59,60,66,88,95,98,100,102,103,121,123" machi="2" ten="30,12000,2" yaku="1,1,0,1,52,2,54,1,53,1" doraHai="118" doraHaiUra="32" who="3" fromWho="3" sc="230,-30,245,-30,350,-60,155,140" /><INIT seed="3,0,0,2,4,52" ten="200,215,290,295" oya="3" hai0="16,121,77,54,126,49,51,18,21,102,63,127,44" hai1="90,71,112,104,98,103,108,29,5,116,61,27,6" hai2="31,80,99,57,0,2,19,69,10,47,35,62,34" hai3="59,105,28,37,95,26,40,107,113,58,75,1,100"/><W41/><G113/><T87/><D121/><U118/><E112/><V125/><F69/><W92/><G1/><T67/><D102/><U72/><E72/><V65/><F125/><N who="0" m="47626" /><D49/><U15/><E90/><V114/><F114/><W119/><G119/><N who="1" m="45610" /><E15/><V131/><F131/><W94/><G75/><T13/><D18/><U111/><E71/><V33/><F31/><W30/><G100/><T135/><D135/><U93/><E61/><V88/><F0/><W25/><G92/><T53/><D87/><U3/><E104/><V12/><F2/><W122/><G37/><T32/><D32/><N who="1" m="20543" /><E3/><V66/><F35/><W42/><G42/><N who="0" m="24983" /><D77/><U36/><E36/><V70/><F34/><W50/><G50/><T60/><D60/><U56/><E5/><V38/><F33/><W64/><G64/><T74/><D74/><U86/><E6/><V85/><F66/><W109/><G109/><N who="1" m="42058" /><E86/><V11/><F38/><W96/><G96/><T43/><D43/><U8/><E8/><V81/><F99/><W123/><AGARI ba="0,0" hai="25,26,28,30,40,41,58,59,94,95,105,107,122,123" machi="123" ten="25,12000,1" yaku="0,1,22,2,52,2" doraHai="52" who="3" fromWho="3" sc="200,-40,215,-40,290,-40,295,120" owari="160,-34.0,175,-22.5,250,5.0,415,51.5" /></mjloggm>