<mjloggm ver="2.3"><GO type="225" lobby="0"/><UN n0="%73%75%7A%75%6D%65%33" n1="%E7%A7%8B%E6%9C%88%E7%9C%9F%E7%90%86%E4%BA%9E" n2="%4E%6F%2E%30%30%30%31" n3="%6D%75%75%6D%75%72%61" dan="16,16,18,17" rate="2186.30,2113.41,2239.77,2180.79" sx="M,F,M,F"/><TAIKYOKU oya="0"/><INIT seed="0,0,0,2,0,49" ten="250,250,250,250" oya="0" hai0="119,88,11,100,50,92,21,45,65,82,24,60,26" hai1="10,124,39,61,1,6,116,93,33,23,129,48,31" hai2="123,109,42,35,30,97,86,95,127,81,15,126,84" hai3="111,112,41,54,40,75,94,130,68,36,53,85,114"/><T12/><D119/><U27/><E39/><V70/><F123/><W32/><G75/><T34/><D34/><U44/><E116/><V106/><F70/><W72/><G72/><T78/><D100/><U134/><E129/><V57/><F106/><W5/><G68/><T105/><D105/><U13/><E124/><V66/><F42/><N who="3" m="16491" /><G36/><T22/><D78/><U7/><E134/><V89/><F109/><W3/><G32/><T43/><D82/><U46/><E61/><N who="2" m="38191" /><F15/><W58/><G3/><T96/><D26/><U132/><E132/><V52/><F30/><W110/><G5/><T120/><D24/><U107/><E107/><V83/><F35/><W0/><G0/><T4/><REACH who="0" step="1"/><D120/><REACH who="0" ten="240,250,250,250" step="2"/><U99/><E33/><V125/><F83/><W17/><G111/><T98/><D98/><U37/><E99/><V55/><F86/><W91/><G110/><T51/><D51/><U104/><E48/><V87/><F84/><W47/><G112/><T122/><D122/><U67/><E104/><V80/><F80/><W131/><G114/><T121/><D121/><U63/><E37/><V133/><F133/><W19/><G130/><T117/><D117/><U56/><E93/><V108/><F108/><W101/><G131/><T73/><D73/><U38/><E38/><V69/><F69/><AGARI ba="0,1" hai="4,11,12,21,22,43,45,50,60,65,69,88,92,96" machi="69" ten="30,11600,0" yaku="1,1,7,1,54,1,53,1" doraHai="49" doraHaiUra="90" who="0" fromWho="2" sc="240,126,250,0,250,-116,250,0" /><INIT seed="0,1,0,1,3,6" ten="366,250,134,250" oya="0" hai0="43,61,113,132,65,76,79,99,74,33,19,46,106" hai1="114,103,45,109,31,54,21,117,32,133,18,66,87" hai2="111,11,120,81,50,72,12,29,55,0,9,4,112" hai3="80,91,122,110,77,102,51,16,98,124,41,27,92"/><T131/><D113/><U123/><E114/><V2/><F120/><W57/><G122/><T86/><D74/><U89/><E117/><V67/><F112/><W56/><G110/><T121/><D121/><U26/><E109/><V64/><F111/><W13/><G124/><T44/><D33/><U39/><E123/><V105/><F105/><W42/><G27/><T68/><D132/><U58/><E103/><V97/><F29/><W135/><G102/><T125/><D125/><U59/><E66/><V48/><F97/><W70/><G70/><T28/><D131/><U93/><E133/><V37/><F37/><W14/><G14/><T30/><D19/><U35/><E35/><V1/><F48/><W134/><G134/><T3/><D3/><U38/><E45/><V34/><F34/><W53/><G57/><T129/><D129/><U7/><E7/><V108/><F108/><W15/><G15/><T130/><D130/><U5/><E5/><V69/><F69/><W126/><G126/><T94/><D106/><U8/><E59/><V60/><F60/><W82/><G135/><T85/><D44/><U20/><E32/><V23/><F23/><N who="3" m="11663" /><G77/><T78/><D46/><U63/><E8/><V25/><F11/><W62/><G62/><T104/><D104/><U119/><E119/><V24/><F25/><AGARI ba="1,0" hai="18,20,21,25,26,31,38,39,54,58,63,87,89,93" machi="25" ten="30,1000,0" yaku="7,1" doraHai="6" who="1" fromWho="2" sc="366,0,250,13,134,-13,250,0" /><INIT seed="1,0,0,4,5,69" ten="366,263,121,250" oya="1" hai0="73,26,118,42,94,135,123,71,120,104,7,15,61" hai1="83,132,5,111,110,96,39,29,8,55,127,72,22" hai2="93,68,34,134,52,101,79,125,40,92,105,102,80" hai3="16,64,25,20,90,121,28,2,57,58,38,49,130"/><U31/><E127/><V18/><F34/><W112/><G121/><N who="0" m="46667" /><D104/><U37/><E132/><V91/><F68/><W86/><G112/><T85/><D135/><U95/><E55/><V100/><F134/><W81/><G130/><T117/><D73/><U6/><E83/><V24/><F125/><W59/><G2/><T99/><D42/><U122/><E72/><V3/><F3/><W82/><G38/><N who="1" m="14346" /><E122/><V60/><F40/><W53/><G82/><T50/><D85/><U32/><E32/><V13/><F24/><W43/><G43/><T17/><D50/><U27/><E8/><V56/><F105/><W108/><G108/><N who="1" m="41514" /><E31/><V106/><F106/><W35/><REACH who="3" step="1"/><G64/><REACH who="3" ten="366,263,121,240" step="2"/><T124/><D124/><U103/><AGARI ba="0,1" hai="5,6,22,27,29,95,96,103" m="41514,14346" machi="103" ten="30,12000,1" yaku="14,1,10,1,52,3" doraHai="69" who="1" fromWho="1" sc="366,-40,263,130,121,-40,240,-40" /><INIT seed="1,1,0,1,0,63" ten="326,393,81,200" oya="1" hai0="71,64,9,85,21,12,106,90,121,29,81,50,31" hai1="117,133,130,116,15,123,125,30,131,26,135,105,68" hai2="114,35,113,118,102,5,87,107,3,103,104,44,119" hai3="112,88,49,69,36,57,42,122,39,111,24,82,98"/><U33/><E105/><N who="2" m="40523" /><F44/><W74/><G69/><T120/><D106/><U17/><E68/><V59/><F59/><W40/><G111/><T41/><D21/><N who="1" m="11455" /><E123/><N who="0" m="47177" /><D41/><U52/><E52/><V47/><F47/><W109/><G109/><T100/><D100/><N who="2" m="38442" /><F5/><W95/><G122/><T84/><D84/><U46/><E46/><V20/><F20/><W6/><G24/><T13/><D50/><U48/><E48/><V127/><F3/><W89/><G6/><N who="0" m="3127" /><D13/><U22/><E22/><V10/><F10/><W51/><G57/><T2/><D2/><U70/><E70/><V45/><F35/><W62/><G39/><T76/><D76/><U115/><E115/><N who="2" m="44043" /><F45/><W18/><G112/><T23/><D23/><U58/><E58/><V97/><F97/><W128/><G18/><T73/><D71/><U99/><E99/><V96/><F96/><W101/><G36/><T77/><D31/><U11/><E11/><V25/><F25/><W56/><G49/><T53/><D53/><U75/><E26/><V14/><F14/><W79/><G51/><T108/><D29/><U43/><E43/><V92/><F127/><W67/><G42/><T126/><D126/><U132/><E125/><V37/><F37/><W61/><G40/><T66/><D108/><U16/><E30/><V134/><F134/><W55/><G55/><T60/><D60/><U93/><E33/><V0/><F0/><W4/><G61/><T80/><AGARI ba="1,0" hai="64,66,73,77,80,81,85,90" m="3127,47177" machi="80" ten="30,4000,0" yaku="13,1,52,2" doraHai="63" who="0" fromWho="0" sc="326,43,393,-21,81,-11,200,-11" /><INIT seed="2,0,0,1,2,130" ten="369,372,70,189" oya="2" hai0="116,19,33,54,89,129,77,118,114,133,71,9,119" hai1="30,53,37,10,22,96,26,100,32,65,60,122,28" hai2="6,44,46,83,38,24,81,21,59,103,105,97,66" hai3="13,123,108,15,95,8,42,106,110,31,102,94,48"/><V11/><F66/><W109/><G123/><T76/><D114/><U64/><E37/><V70/><F70/><W93/><G31/><T69/><D129/><U43/><E43/><V85/><F59/><W52/><G42/><T41/><D33/><U101/><E122/><V90/><F81/><W120/><G120/><T84/><D41/><U57/><E10/><V62/><F62/><W92/><G106/><T112/><D112/><U40/><E40/><V82/><F82/><W4/><G95/><T2/><D54/><U18/><E32/><V56/><F56/><N who="3" m="32775" /><G13/><N who="0" m="7599" /><D2/><U3/><E3/><V134/><F38/><W29/><G29/><N who="1" m="11370" /><E96/><AGARI ba="0,0" hai="4,8,15,92,93,94,96,102,108,109,110" m="32775" machi="96" ten="30,2000,0" yaku="14,1,54,1" doraHai="130" who="3" fromWho="1" sc="369,0,372,-20,70,0,189,20" /><INIT seed="3,0,0,3,5,75" ten="369,352,70,209" oya="3" hai0="88,92,117,78,44,95,104,16,19,56,132,85,93" hai1="127,122,37,58,25,61,14,120,82,70,46,90,97" hai2="40,59,32,24,0,52,135,9,10,62,100,123,81" hai3="73,115,108,12,98,28,69,55,1,89,74,76,103"/><W18/><G115/><T20/><D117/><U96/><E70/><V3/><F135/><W80/><G1/><T63/><D104/><U42/><E127/><V43/><F123/><W130/><G130/><T118/><D118/><U31/><E14/><V27/><F32/><W23/><G69/><T72/><D132/><U5/><E5/><V64/><F100/><W124/><G124/><T48/><D78/><U29/><E29/><V114/><F114/><W35/><G108/><T11/><D11/><U34/><E97/><V131/><F131/><W126/><G126/><T116/><D72/><U102/><E90/><V21/><F27/><W133/><G133/><T4/><D4/><U41/><E82/><V6/><F3/><W33/><G73/><T91/><D116/><U79/><E42/><V99/><F10/><W121/><G121/><T65/><D91/><U45/><E45/><V125/><F99/><W54/><G89/><T57/><D57/><U68/><E79/><V17/><F125/><W110/><G110/><T113/><D113/><U53/><REACH who="1" step="1"/><E68/><REACH who="1" ten="369,342,70,209" step="2"/><V49/><REACH who="2" step="1"/><F81/><REACH who="2" ten="369,342,60,209" step="2"/><W83/><G83/><N who="0" m="49215" /><D20/><U60/><E60/><V129/><F129/><W94/><G33/><T67/><D67/><U8/><E8/><V38/><F38/><W119/><G119/><T15/><D15/><U112/><E112/><V128/><F128/><W2/><G2/><T111/><D111/><U66/><E66/><V71/><AGARI ba="0,2" hai="0,6,9,17,21,24,40,43,49,52,59,62,64,71" machi="71" ten="20,5200,0" yaku="1,1,0,1,7,1,54,1,53,0" doraHai="75" doraHaiUra="84" who="2" fromWho="2" sc="369,-13,342,-13,60,72,209,-26" owari="356,45.6,329,12.9,132,-36.8,183,-21.7" /></mjloggm>