<mjloggm ver="2.3"><GO type="225" lobby="0"/><UN n0="%E5%AE%89%E6%96%8E" n1="%E7%B4%94%E6%BD%94%E3%83%94%E3%83%A9%E3%83%8B%E3%82%A2" n2="%E3%81%A9%E3%82%93%E3%82%88%E3%81%8F%4D%6B%2E%32" n3="%69%71%31%38%30%E7%9C%9F%E5%89%A3%E6%A7%98" dan="17,18,16,17" rate="2239.62,2295.96,2128.86,2201.56" sx="M,M,M,M"/><TAIKYOKU oya="0"/><INIT seed="0,0,0,4,0,36" ten="250,250,250,250" oya="0" hai0="6,41,64,78,94,8,118,119,53,26,135,19,91" hai1="76,18,106,81,16,50,54,2,71,43,56,47,46" hai2="12,62,122,13,44,63,23,125,131,57,82,128,101" hai3="65,85,61,7,40,124,96,77,30,116,109,35,33"/><T115/><D115/><U1/><E106/><V86/><F122/><W129/><G116/><T29/><D135/><U3/><E71/><V107/><F125/><W98/><G124/><T11/><D64/><U31/><E31/><V105/><F63/><W79/><G109/><T89/><D78/><U39/><REACH who="1" step="1"/><E56/><REACH who="1" ten="250,240,250,250" step="2"/><V24/><F105/><W42/><G30/><T110/><D29/><U58/><E58/><V49/><F107/><W123/><G123/><T70/><D70/><U59/><E59/><V14/><F57/><W90/><G65/><T0/><D119/><U21/><E21/><V32/><F23/><W51/><G61/><T28/><D118/><U84/><AGARI ba="0,1" hai="1,2,3,16,18,39,43,46,47,50,54,76,81,84" machi="84" ten="30,7900,0" yaku="1,1,0,1,52,1,54,1,53,0" doraHai="36" doraHaiUra="133" who="1" fromWho="1" sc="250,-39,240,89,250,-20,250,-20" /><INIT seed="1,0,0,2,0,113" ten="211,329,230,230" oya="1" hai0="135,34,21,18,88,17,114,35,71,56,118,65,60" hai1="97,6,11,74,83,93,105,20,89,112,28,99,108" hai2="96,39,68,87,134,107,12,126,45,62,92,64,115" hai3="36,70,125,103,128,98,8,19,121,133,119,61,124"/><U122/><E112/><V9/><F107/><W7/><G121/><T33/><D114/><U129/><E122/><V30/><F115/><W2/><G36/><T14/><D135/><U50/><E129/><V23/><F87/><W43/><G43/><T26/><D71/><U3/><E108/><V91/><F134/><W81/><G19/><T1/><D1/><U52/><E28/><V111/><F111/><W94/><G133/><T73/><D73/><U69/><E69/><V48/><F39/><W54/><G128/><T53/><D65/><U102/><E20/><V38/><F38/><W22/><G22/><T72/><D72/><U27/><E27/><V42/><F126/><W95/><G81/><T77/><D77/><U130/><E130/><V10/><F12/><W66/><G119/><T80/><D118/><U4/><E4/><V44/><REACH who="2" step="1"/><F45/><REACH who="2" ten="211,329,220,230" step="2"/><W49/><REACH who="3" step="1"/><G94/><REACH who="3" ten="211,329,220,220" step="2"/><T76/><D80/><U116/><E83/><V82/><F82/><W47/><AGARI ba="0,2" hai="2,7,8,47,49,54,61,66,70,95,98,103,124,125" machi="47" ten="30,7900,0" yaku="1,1,2,1,0,1,53,1" doraHai="113" doraHaiUra="51" who="3" fromWho="3" sc="211,-20,329,-39,220,-20,220,99" /><INIT seed="2,0,0,0,2,106" ten="191,290,200,319" oya="2" hai0="20,50,124,99,30,56,95,118,0,7,2,17,65" hai1="18,52,113,27,44,62,6,43,38,135,29,109,80" hai2="115,81,16,91,97,47,64,35,42,110,103,76,25" hai3="86,74,51,83,14,96,15,73,22,82,104,75,107"/><V49/><F115/><W57/><G51/><T33/><D124/><U39/><E113/><V1/><F1/><W84/><G57/><T9/><D118/><U53/><E109/><V90/><F64/><W5/><G22/><T126/><D126/><U79/><E135/><V10/><F110/><W70/><G70/><T68/><D0/><U60/><E6/><V41/><F41/><W48/><G48/><T105/><D105/><N who="3" m="40521" /><G5/><T129/><D129/><U28/><E18/><V111/><F111/><W34/><G34/><T87/><D87/><N who="3" m="33321" /><G96/><T131/><D131/><U67/><E38/><V88/><F35/><W37/><G37/><T40/><D68/><U116/><E116/><V8/><F97/><W130/><G130/><T134/><D33/><U36/><E39/><V133/><F133/><W21/><G21/><T117/><D134/><U112/><E112/><V114/><F114/><W46/><G46/><T19/><D117/><U66/><E66/><V94/><F25/><W127/><G127/><T101/><D40/><U122/><E122/><V85/><F16/><W23/><G23/><T125/><D125/><U120/><E120/><V3/><F3/><W77/><G77/><T54/><REACH who="0" step="1"/><D65/><REACH who="0" ten="181,290,200,319" step="2"/><U98/><E67/><V108/><F108/><W121/><G121/><T72/><D72/><N who="1" m="43111" /><E27/><AGARI ba="0,1" hai="2,7,9,17,19,20,27,30,50,54,56,95,99,101" machi="27" ten="40,1300,0" yaku="1,1,53,0" doraHai="106" doraHaiUra="63" who="0" fromWho="1" sc="181,23,290,-13,200,0,319,0" /><INIT seed="3,0,0,3,1,63" ten="204,277,200,319" oya="3" hai0="52,46,7,14,122,34,58,103,120,36,126,119,93" hai1="20,80,133,3,91,72,94,48,41,35,73,77,50" hai2="37,65,128,30,64,130,11,21,54,16,125,6,110" hai3="60,49,131,25,121,88,74,90,55,67,62,32,9"/><W4/><G121/><T104/><D104/><U33/><E3/><V75/><F75/><W38/><G74/><T42/><D34/><U19/><E133/><V105/><F105/><W96/><G38/><T69/><D119/><U45/><E72/><V23/><F37/><W57/><G131/><N who="2" m="50217" /><F125/><W79/><G79/><T78/><D78/><U112/><E50/><V108/><F30/><W100/><G62/><T0/><D0/><U39/><E39/><V124/><F124/><W59/><G25/><T61/><D126/><U13/><REACH who="1" step="1"/><E112/><REACH who="1" ten="204,267,200,319" step="2"/><V99/><F99/><AGARI ba="0,1" hai="13,19,20,33,35,41,45,48,73,77,80,91,94,99" machi="99" ten="30,7700,0" yaku="1,1,2,1,7,1,53,1" doraHai="63" doraHaiUra="84" who="1" fromWho="2" sc="204,0,267,87,200,-77,319,0" owari="204,-19.6,354,45.4,123,-37.7,319,11.9" /></mjloggm>