<mjloggm ver="2.3"><GO type="225" lobby="0"/><UN n0="%48%61%61%61%6C%61%6E%64" n1="%E3%81%BF%E3%81%BF%E3%81%9A" n2="%E3%81%8B%E3%82%8F%E3%81%A1%E3%82%83%E3%82%93%35%38" n3="%E7%B4%94%E6%BD%94%E3%83%94%E3%83%A9%E3%83%8B%E3%82%A2" dan="18,16,16,16" rate="2274.21,2154.97,2174.36,2126.87" sx="M,M,M,M"/><TAIKYOKU oya="0"/><INIT seed="0,0,0,2,4,46" ten="250,250,250,250" oya="0" hai0="123,89,67,43,111,34,134,115,27,33,17,125,3" hai1="5,131,20,71,61,24,77,86,51,85,121,81,53" hai2="70,19,78,62,47,54,95,36,4,58,38,57,119" hai3="56,92,90,133,14,96,66,28,30,12,126,76,93"/><T91/><D115/><U83/><E121/><V98/><F119/><W130/><G76/><T22/><D123/><U25/><E131/><V29/><F4/><W68/><G68/><T26/><D3/><U65/><E5/><V129/><F129/><W80/><G80/><T7/><D7/><U99/><E99/><V108/><F108/><W127/><G133/><T101/><D134/><U6/><E20/><V64/><F29/><N who="3" m="11371" /><G92/><T104/><D111/><U31/><E31/><V74/><F78/><W69/><G69/><T44/><D67/><U112/><E6/><V16/><F74/><W8/><G8/><T39/><D125/><N who="3" m="47625" /><G130/><T42/><D33/><U18/><E18/><V100/><F58/><W97/><G97/><T21/><D34/><U109/><E112/><V0/><F0/><W103/><G103/><T13/><D101/><U117/><E117/><V120/><F120/><W114/><G114/><T106/><D17/><U87/><E109/><V105/><F95/><W9/><G9/><T2/><D2/><U75/><REACH who="1" step="1"/><E81/><REACH who="1" ten="250,240,250,250" step="2"/><V15/><F19/><W11/><G11/><T40/><D22/><U128/><E128/><V35/><F35/><W10/><G10/><T52/><D21/><U132/><E132/><V59/><F16/><W55/><G66/><T107/><D106/><U94/><E94/><V49/><F15/><W84/><G96/><T82/><D13/><U79/><E79/><V73/><F73/><W124/><G124/><T45/><D82/><U122/><E122/><V1/><F1/><W48/><AGARI ba="0,1" hai="12,14,48,55,56,84,90,93" m="47625,11371" machi="48" ten="30,2000,0" yaku="18,1,52,1" doraHai="46" who="3" fromWho="3" sc="250,-10,240,-5,250,-5,250,30" /><INIT seed="1,0,0,3,2,31" ten="240,235,245,280" oya="1" hai0="9,22,56,93,114,132,29,99,4,33,64,95,15" hai1="27,134,17,75,85,113,45,79,119,59,24,71,5" hai2="90,83,18,135,25,14,63,46,117,94,65,30,70" hai3="10,34,109,124,32,47,80,126,115,86,122,60,73"/><U42/><E113/><V76/><F135/><W77/><G122/><T58/><D114/><U40/><E119/><V19/><F117/><W50/><G109/><T2/><D132/><U41/><E71/><V35/><F46/><W23/><G115/><T118/><D118/><U112/><E112/><V38/><F38/><W128/><G128/><T16/><D64/><U39/><E134/><V129/><F129/><W69/><G23/><T107/><D107/><U1/><E85/><V43/><F43/><W7/><G73/><T87/><D87/><U130/><E59/><N who="0" m="22569" /><D99/><U104/><E104/><V36/><F36/><W78/><G78/><T8/><D8/><N who="1" m="2095" /><E130/><V48/><F48/><W111/><G111/><T121/><D121/><U127/><E127/><N who="3" m="48682" /><G60/><T28/><D28/><U101/><E101/><V108/><F108/><W61/><G61/><T37/><D37/><U55/><E55/><V102/><F102/><W68/><G69/><T12/><D12/><U57/><E57/><V6/><F14/><N who="3" m="5471" /><G68/><T44/><D44/><U91/><E24/><AGARI ba="0,0" hai="2,4,9,15,16,22,24,29,33,93,95" m="22569" machi="24" ten="30,3900,0" yaku="24,1,52,1,54,1" doraHai="31" who="0" fromWho="1" sc="240,39,235,-39,245,0,280,0" /><INIT seed="2,0,0,3,0,96" ten="279,196,245,280" oya="2" hai0="116,105,28,106,109,13,98,131,40,25,125,47,6" hai1="0,129,134,42,87,93,120,132,97,1,65,50,18" hai2="46,74,83,61,95,133,71,52,59,89,49,4,66" hai3="115,135,119,77,79,10,63,2,100,110,75,86,11"/><V114/><F133/><N who="1" m="51305" /><E129/><V78/><F114/><W27/><G135/><T64/><D131/><U30/><E30/><V56/><REACH who="2" step="1"/><F4/><REACH who="2" ten="279,196,235,280" step="2"/><W112/><G115/><T58/><D6/><U99/><E120/><V15/><F15/><W82/><G112/><T68/><D13/><U122/><E122/><V72/><F72/><W107/><G75/><T8/><D116/><U70/><E0/><V26/><F26/><W124/><G27/><T20/><D25/><U31/><E1/><V43/><F43/><W23/><G2/><T51/><D40/><U91/><E31/><V102/><F102/><W127/><G100/><T104/><D28/><U69/><E18/><V45/><F45/><W33/><G119/><T118/><D47/><N who="1" m="25975" /><E65/><V14/><F14/><W35/><G124/><T90/><D64/><U34/><E34/><V130/><F130/><W55/><G127/><T76/><D125/><U57/><E57/><V3/><F3/><W101/><G33/><T9/><D58/><U88/><E99/><AGARI ba="0,1" hai="46,49,52,56,59,61,66,71,74,78,83,89,95,99" machi="99" ten="30,5800,0" yaku="1,1,7,1,54,1,53,0" doraHai="96" doraHaiUra="21" who="2" fromWho="1" sc="279,0,196,-58,235,68,280,0" /><INIT seed="2,1,0,3,5,7" ten="279,138,303,280" oya="2" hai0="1,11,79,8,54,31,50,42,35,29,5,124,15" hai1="43,13,73,33,109,100,114,75,46,34,40,20,19" hai2="83,77,93,78,2,53,37,72,98,110,122,52,10" hai3="134,44,116,102,80,120,49,62,123,117,87,70,55"/><V27/><F122/><N who="3" m="46635" /><G87/><T94/><D124/><U135/><E114/><V85/><F37/><W16/><G80/><T48/><D79/><N who="2" m="30218" /><F2/><W125/><G102/><T89/><D42/><U105/><E109/><V76/><F72/><W6/><G6/><T60/><D60/><U38/><E135/><V22/><F10/><W90/><G16/><N who="0" m="8295" /><D35/><U127/><E127/><V131/><F131/><W82/><G90/><T86/><D1/><U0/><E0/><V63/><F63/><W25/><G25/><T14/><D48/><U66/><E66/><V64/><F64/><N who="3" m="41239" /><G82/><T130/><D130/><U111/><E111/><V59/><F59/><AGARI ba="1,0" hai="5,11,14,29,31,50,54,59,86,89,94" m="8295" machi="59" ten="30,7700,0" yaku="8,1,52,2,54,1" doraHai="7" who="0" fromWho="2" sc="279,80,138,0,303,-80,280,0" /><INIT seed="3,0,0,1,2,10" ten="359,138,223,280" oya="3" hai0="81,95,17,69,108,13,24,7,62,44,8,18,72" hai1="21,26,89,125,20,102,84,112,36,109,101,41,25" hai2="123,85,74,134,19,1,68,97,34,131,126,29,129" hai3="40,66,67,133,118,87,99,130,3,46,63,86,111"/><W91/><G118/><T92/><D108/><U38/><E112/><V94/><F74/><W61/><G3/><T51/><D69/><U107/><E109/><V106/><F68/><W127/><G111/><T83/><D62/><U53/><E125/><V88/><F1/><W32/><G32/><T55/><D72/><U9/><E9/><V77/><F29/><W70/><G133/><T47/><D47/><U14/><E53/><V5/><F5/><W124/><G130/><N who="2" m="49673" /><F34/><W27/><G27/><T117/><D117/><U120/><E120/><V42/><F42/><W48/><G99/><T37/><D37/><U64/><E64/><V15/><F126/><N who="3" m="48171" /><G91/><T121/><D121/><U76/><E41/><V113/><F113/><W50/><G50/><T11/><D24/><U59/><E89/><V73/><F73/><W39/><G39/><T103/><D103/><U23/><E84/><V135/><F123/><W60/><G60/><T110/><D110/><U96/><E76/><V132/><F106/><W119/><G119/><T93/><REACH who="0" step="1"/><D18/><REACH who="0" ten="349,138,223,280" step="2"/><U2/><E2/><AGARI ba="0,1" hai="2,7,8,11,13,17,44,51,55,81,83,92,93,95" machi="2" ten="40,5200,0" yaku="1,1,2,1,52,1,53,0" doraHai="10" doraHaiUra="71" who="0" fromWho="1" sc="349,62,138,-52,223,0,280,0" owari="411,51.1,86,-41.4,223,-17.7,280,8.0" /></mjloggm>