<mjloggm ver="2.3"><GO type="225" lobby="0"/><UN n0="%E3%81%8B%E3%82%8F%E3%81%A1%E3%82%83%E3%82%93%35%38" n1="%33%74%72%65%65" n2="%E6%A0%B9%E5%85%83%E3%81%8B%E3%82%89%E5%90%B9%E3%81%A3%E9%A3%9B%E3%81%B6" n3="%E3%83%97%E3%83%AC%E3%83%B4%E3%82%A1%E3%83%86%E3%82%A3" dan="17,16,17,16" rate="2194.04,2176.47,2188.48,2152.96" sx="M,F,F,F"/><TAIKYOKU oya="0"/><INIT seed="0,0,0,3,2,105" ten="250,250,250,250" oya="0" hai0="63,76,116,50,31,21,117,112,18,81,115,126,83" hai1="125,51,53,77,54,66,17,89,19,10,93,123,68" hai2="42,70,100,109,41,133,26,97,75,40,24,65,119" hai3="91,127,103,48,71,106,5,84,28,39,33,92,13"/><T94/><D63/><U16/><E123/><V52/><F109/><W90/><G71/><T29/><D50/><U129/><E129/><V110/><F110/><W67/><G39/><T15/><D94/><U12/><E125/><V73/><F70/><W132/><G127/><T44/><D44/><U4/><E77/><V101/><F65/><W58/><G132/><T95/><D95/><U11/><E11/><V49/><F133/><W34/><G28/><N who="0" m="10827" /><D81/><U7/><E7/><V20/><F119/><N who="0" m="45642" /><D83/><U22/><E22/><V2/><F2/><W72/><G72/><N who="2" m="27721" /><F97/><W3/><G3/><T27/><D76/><U114/><E114/><N who="0" m="43561" /><D126/><U80/><E80/><V98/><F20/><W120/><G120/><T113/><N who="0" m="43569" /><T78/><DORA hai="37" /><D78/><U108/><E108/><V102/><F98/><W57/><G106/><T45/><D45/><U62/><REACH who="1" step="1"/><E51/><REACH who="1" ten="250,240,250,250" step="2"/><V61/><F49/><W55/><G48/><T74/><D74/><U25/><E25/><AGARI ba="0,1" hai="15,18,21,25,27" m="43569,45642,10827" machi="25" ten="50,4800,0" yaku="34,2" doraHai="105,37" who="0" fromWho="1" sc="250,58,240,-48,250,0,250,0" /><INIT seed="0,1,0,2,5,10" ten="308,192,250,250" oya="0" hai0="124,108,56,24,20,28,110,42,128,40,61,79,87" hai1="27,103,39,111,33,30,15,29,58,91,32,121,26" hai2="106,105,70,22,6,77,119,132,116,127,21,35,86" hai3="93,17,13,118,59,46,101,80,117,68,92,89,51"/><T0/><D0/><U73/><E121/><V88/><F127/><W47/><G68/><T14/><D124/><U135/><E135/><V36/><F35/><W100/><G80/><N who="0" m="47519" /><D128/><U109/><E73/><V95/><F36/><W123/><G123/><T133/><D133/><U81/><E39/><V9/><F70/><W54/><G117/><N who="2" m="45129" /><F132/><W99/><G118/><T120/><D120/><U71/><E71/><V7/><F77/><W82/><G82/><T19/><D56/><U18/><E103/><V12/><F7/><W69/><G69/><T98/><D98/><U60/><E81/><V37/><F37/><W134/><G134/><T76/><D61/><U90/><E109/><N who="0" m="42089" /><D76/><U62/><E111/><V38/><F38/><W115/><G115/><T8/><AGARI ba="1,0" hai="8,14,19,20,24,28,40,42" m="42089,47519" machi="8" ten="30,6000,0" yaku="14,1,10,1,52,1" doraHai="10" who="0" fromWho="0" sc="308,63,192,-21,250,-21,250,-21" /><INIT seed="0,2,0,5,3,22" ten="371,171,229,229" oya="0" hai0="83,98,63,15,131,5,88,0,49,107,121,118,80" hai1="86,14,8,20,37,28,104,42,99,21,6,69,106" hai2="4,109,117,110,108,125,101,71,115,74,66,13,11" hai3="123,3,18,75,114,92,56,1,100,44,79,84,81"/><T65/><D118/><U89/><E69/><V51/><F115/><W116/><G114/><T53/><D121/><U57/><E99/><V33/><F74/><W46/><G116/><T29/><D0/><U60/><E37/><V27/><F125/><W103/><G123/><T112/><D112/><U58/><E42/><V41/><F117/><W77/><G56/><T25/><D5/><U59/><E60/><N who="2" m="40391" /><F101/><W12/><G75/><T43/><D15/><U73/><E73/><V30/><F51/><W48/><G79/><T135/><D43/><AGARI ba="2,0" hai="4,11,13,27,30,33,41,43,108,109,110" m="40391" machi="43" ten="30,2000,0" yaku="14,1,52,1" doraHai="22" who="2" fromWho="0" sc="371,-26,171,0,229,26,229,0" /><INIT seed="1,0,0,3,0,22" ten="345,171,255,229" oya="1" hai0="41,99,110,33,27,133,93,105,34,95,83,5,0" hai1="106,126,24,45,48,128,96,62,19,2,132,102,134" hai2="100,76,129,18,47,98,80,7,11,118,10,23,123" hai3="56,79,21,57,78,103,6,107,68,50,36,35,39"/><U38/><E128/><V86/><F118/><W31/><G68/><T101/><D41/><U15/><E2/><V71/><F123/><W115/><G35/><T64/><D64/><U113/><E113/><V87/><F129/><W37/><G115/><T8/><D110/><U121/><E121/><V4/><F71/><W131/><G131/><T104/><D133/><N who="1" m="51307" /><E38/><V60/><F60/><W73/><G6/><N who="2" m="2089" /><F47/><W65/><G73/><T69/><D69/><U122/><E122/><V59/><F59/><W114/><G114/><T20/><D34/><U112/><E112/><V97/><F87/><W72/><G72/><T25/><D33/><U46/><E126/><V82/><F82/><W120/><G120/><T109/><D109/><U58/><E48/><V130/><F130/><W81/><G81/><T32/><D32/><U12/><E46/><V70/><F70/><W111/><G111/><T127/><D127/><U17/><E45/><V94/><F98/><W119/><G50/><T77/><D83/><U85/><E85/><V49/><F49/><W44/><G119/><T117/><D117/><U53/><E19/><V28/><F28/><W1/><G44/><T92/><D99/><U89/><E89/><V124/><F124/><W54/><G54/><T26/><D0/><U125/><E125/><V91/><F91/><W3/><G3/><T90/><D90/><U75/><E75/><V52/><F52/><W9/><G1/><T116/><D116/><U13/><E17/><V29/><F29/><W40/><G37/><T108/><D108/><U66/><E53/><V67/><F67/><RYUUKYOKU ba="0,0" sc="345,-15,171,15,255,15,229,-15" hai1="12,13,15,24,58,62,66,96,102,106" hai2="10,11,18,23,76,80,86,94,97,100" /><INIT seed="1,1,0,2,4,69" ten="330,186,270,214" oya="1" hai0="79,135,2,94,131,68,43,97,87,1,42,56,18" hai1="134,57,66,63,120,93,64,14,8,6,127,113,20" hai2="41,34,116,77,71,36,100,46,102,105,125,50,98" hai3="11,108,86,112,101,61,78,118,62,15,73,123,80"/><U45/><E113/><V49/><F116/><W91/><G112/><T47/><D68/><U103/><E120/><V12/><F34/><W55/><G123/><T104/><D104/><U16/><E134/><V31/><F71/><W115/><G115/><T53/><D43/><U10/><E127/><V0/><F0/><W48/><G118/><T114/><D114/><U24/><E10/><V29/><F102/><W95/><G108/><T44/><D44/><U132/><E132/><V35/><F77/><W4/><REACH who="3" step="1"/><G101/><REACH who="3" ten="330,186,270,204" step="2"/><T119/><D119/><U90/><E103/><V37/><F100/><W25/><G25/><T28/><D135/><U9/><E9/><V17/><F125/><W99/><G99/><T82/><D97/><N who="1" m="57527" /><E45/><AGARI ba="1,1" hai="4,11,15,45,48,55,61,62,73,78,80,86,91,95" machi="45" ten="30,2000,0" yaku="1,1,7,1,53,0" doraHai="69" doraHaiUra="54" who="3" fromWho="1" sc="330,0,186,-23,270,0,204,33" /><INIT seed="2,0,0,5,3,109" ten="330,163,270,237" oya="2" hai0="21,40,38,100,135,115,84,14,25,56,72,55,113" hai1="125,24,57,20,83,9,13,105,134,7,122,28,44" hai2="35,11,47,87,104,65,18,74,92,93,27,99,37" hai3="4,131,19,82,129,121,66,48,3,36,52,39,118"/><V75/><F65/><W59/><G118/><T117/><D72/><U60/><E134/><V33/><F104/><W43/><G121/><T73/><D73/><U81/><E122/><V6/><F87/><W17/><G82/><T108/><D100/><U63/><E125/><V49/><F37/><W97/><G97/><T79/><D14/><U132/><E132/><V89/><F92/><W78/><G78/><T26/><D26/><U119/><E119/><V32/><F18/><N who="3" m="6667" /><G43/><T112/><D117/><U70/><E105/><V2/><REACH who="2" step="1"/><F27/><REACH who="2" ten="330,163,260,237" step="2"/><W123/><G123/><T76/><D84/><U127/><E24/><V50/><F50/><W103/><G103/><T91/><D135/><U29/><E127/><V61/><F61/><W106/><G106/><T45/><D38/><U107/><E107/><V1/><F1/><W77/><G36/><T31/><D113/><U69/><E63/><V42/><AGARI ba="0,1" hai="2,6,11,32,33,35,42,47,49,74,75,89,93,99" machi="42" ten="30,3000,0" yaku="1,1,0,1,53,0" doraHai="109" doraHaiUra="51" who="2" fromWho="2" sc="330,-10,163,-10,260,40,237,-10" /><INIT seed="2,1,0,2,2,74" ten="320,153,300,227" oya="2" hai0="135,79,42,50,59,115,93,86,108,131,54,122,23" hai1="120,106,49,25,29,117,21,24,46,13,91,7,78" hai2="128,65,100,77,41,105,125,60,127,34,96,0,44" hai3="52,116,62,134,80,9,22,28,114,129,126,89,107"/><V61/><F0/><W130/><G116/><T101/><D115/><U51/><E117/><V64/><F34/><W56/><G107/><T102/><D122/><U17/><E120/><V84/><F128/><N who="3" m="49259" /><G114/><T37/><D131/><U71/><E106/><V10/><F10/><W32/><G32/><T27/><D108/><U73/><E71/><V103/><F103/><W70/><G70/><T38/><D38/><U48/><E7/><V35/><F35/><W133/><G9/><T121/><D121/><U69/><E69/><V109/><F109/><W20/><G126/><N who="2" m="48137" /><F84/><N who="3" m="50311" /><G28/><T53/><D102/><U81/><E91/><V33/><F77/><W68/><G68/><T19/><D79/><U123/><E123/><V26/><F26/><W87/><G87/><T76/><D76/><U4/><E4/><V85/><F85/><W16/><G22/><T55/><D86/><U58/><E46/><V98/><F98/><W2/><G2/><T104/><D104/><U90/><E90/><V18/><F18/><W75/><G75/><T111/><D101/><U112/><E112/><V14/><F33/><W47/><G47/><N who="0" m="24015" /><D111/><U97/><E97/><V132/><F96/><W31/><G31/><T43/><D19/><U36/><E36/><N who="2" m="21543" /><F100/><W119/><G119/><T118/><D118/><U11/><REACH who="1" step="1"/><E25/><AGARI ba="1,0" hai="16,20,25,52,56,62,133,134" m="50311,49259" machi="25" ten="30,3900,0" yaku="19,1,54,2" doraHai="74" who="3" fromWho="1" sc="320,0,153,-42,300,0,227,42" /><INIT seed="3,0,0,3,4,114" ten="320,111,300,269" oya="3" hai0="85,106,119,31,76,58,64,127,73,35,43,5,74" hai1="15,101,14,53,59,10,4,38,112,8,123,30,34" hai2="97,75,120,115,12,98,131,117,16,94,99,0,69" hai3="22,11,124,54,84,81,27,50,135,126,18,121,20"/><W39/><G39/><T55/><D119/><U66/><E123/><V129/><F117/><W78/><G121/><T13/><D106/><U2/><E112/><V57/><F69/><W41/><G41/><T82/><D43/><U93/><E38/><V37/><F37/><W83/><G83/><T92/><D64/><U60/><E2/><V133/><F133/><W7/><G7/><T40/><D40/><U70/><E70/><V109/><F109/><W24/><G11/><T90/><D35/><U63/><E34/><V91/><F75/><W88/><G78/><T21/><D127/><U100/><E30/><V47/><F0/><W68/><G68/><T89/><D89/><U67/><E53/><V56/><F47/><W49/><G135/><T28/><D74/><U25/><E25/><V29/><F29/><W44/><REACH who="3" step="1"/><G50/><REACH who="3" ten="320,111,300,259" step="2"/><N who="0" m="31095" /><D5/><U26/><E26/><V95/><F115/><W105/><G105/><T61/><D76/><U130/><E130/><N who="2" m="49675" /><F120/><W125/><G125/><T116/><D82/><U96/><E63/><V6/><F6/><W33/><G33/><T80/><D61/><U128/><E128/><V42/><F42/><W72/><G72/><T1/><D73/><U32/><E32/><V134/><F134/><W71/><G71/><T111/><D80/><U118/><E118/><V87/><F95/><W36/><G36/><T48/><D116/><U51/><E51/><V45/><F45/><W52/><G52/><T132/><D132/><U107/><E107/><V122/><F122/><W102/><G102/><T17/><D1/><U19/><E101/><V113/><F113/><RYUUKYOKU ba="0,1" sc="320,-30,111,10,300,10,259,10" hai1="4,8,10,14,15,19,59,60,66,67,93,96,100" hai2="12,16,56,57,87,91,94,97,98,99" hai3="18,20,22,24,27,44,49,54,81,84,88,124,126" /><INIT seed="3,1,1,4,3,68" ten="290,121,310,269" oya="3" hai0="70,12,6,90,92,126,64,44,11,74,96,65,101" hai1="41,107,87,71,102,57,133,37,24,88,42,89,9" hai2="2,132,59,58,30,56,35,113,78,26,81,97,124" hai3="52,18,5,91,63,119,108,16,21,38,100,111,14"/><W17/><G119/><T40/><D74/><U95/><E71/><V3/><F113/><W20/><G100/><T130/><D70/><U135/><E9/><V122/><F124/><W23/><G91/><T15/><D126/><U93/><E102/><V13/><F132/><W110/><G38/><T53/><D130/><U98/><E107/><V129/><F129/><W45/><G5/><T99/><D53/><U131/><E131/><V120/><F97/><W83/><G83/><T0/><D0/><U46/><E42/><V77/><F13/><W8/><REACH who="3" step="1"/><G63/><REACH who="3" ten="290,121,310,259" step="2"/><T85/><D15/><U123/><E123/><N who="2" m="47147" /><F78/><W84/><G84/><AGARI ba="1,2" hai="2,3,26,30,35,56,58,59,77,81,84" m="47147" machi="84" ten="30,1000,0" yaku="13,1" doraHai="68" who="2" fromWho="3" sc="290,0,121,0,310,33,259,-13" owari="290,9.0,121,-37.9,343,44.3,246,-15.4" /></mjloggm>