<mjloggm ver="2.3"><GO type="225" lobby="0"/><UN n0="%6D%75%75%6D%75%72%61" n1="%E6%9D%B1%E9%A2%A8%E3%81%AE%E3%81%8D%E3%82%83%E3%81%B7%E3%81%95%E3%82%93" n2="%48%61%61%61%6C%61%6E%64" n3="%E4%BF%BA%E3%81%A8%E5%A6%96%E5%A4%A2" dan="16,16,18,17" rate="2137.55,2145.01,2183.47,2230.30" sx="F,M,M,F"/><TAIKYOKU oya="0"/><INIT seed="0,0,0,1,1,10" ten="250,250,250,250" oya="0" hai0="97,35,15,71,98,43,62,76,56,14,1,118,9" hai1="64,48,122,66,49,129,114,89,4,5,11,75,130" hai2="26,28,90,135,40,30,38,112,6,50,7,87,17" hai3="92,126,36,41,111,55,68,77,88,0,128,39,124"/><T3/><D118/><U23/><E75/><V101/><F112/><W123/><G0/><T59/><D35/><U94/><E23/><N who="2" m="13679" /><F38/><W24/><G68/><T19/><D71/><U70/><E122/><V93/><F135/><W81/><G123/><T125/><D125/><N who="3" m="48233" /><G111/><T32/><D32/><U113/><E70/><V47/><F101/><W127/><N who="3" m="48241" /><W44/><DORA hai="86" /><G128/><N who="1" m="49258" /><E94/><V84/><F84/><N who="3" m="52231" /><G55/><T108/><D108/><U42/><E89/><V34/><F34/><W100/><G100/><T45/><D76/><U80/><E80/><V78/><F78/><W58/><G58/><T102/><D102/><U51/><E42/><V13/><F93/><W69/><G24/><T22/><D3/><U91/><E91/><V73/><F90/><W117/><G69/><T33/><D1/><N who="1" m="399" /><E5/><V65/><F6/><W60/><G117/><T99/><D33/><U18/><E18/><V53/><F7/><W16/><G16/><N who="0" m="8271" /><D62/><U20/><E20/><V37/><F28/><W85/><G60/><T105/><D105/><U63/><E63/><V109/><F30/><W95/><G95/><T133/><D133/><U119/><E119/><V31/><F31/><W96/><G96/><T54/><D43/><U12/><E113/><V74/><F109/><W8/><G8/><T103/><D103/><U21/><E114/><V131/><F131/><W110/><G110/><T29/><D29/><U134/><E134/><V67/><F40/><W61/><G61/><T106/><D106/><U57/><E57/><V83/><F47/><W46/><G41/><T25/><D25/><U132/><E132/><RYUUKYOKU ba="0,0" sc="250,10,250,10,250,-30,250,10" hai0="15,19,22,45,54,56,59,97,98,99" hai1="12,21,48,49,51,64,66" hai3="36,39,44,46,77,81,85" /><INIT seed="0,1,0,0,5,6" ten="260,260,220,260" oya="0" hai0="58,126,62,0,66,69,70,133,48,43,41,5,103" hai1="2,38,98,104,52,110,53,128,7,89,115,117,96" hai2="113,49,105,84,127,61,102,75,135,12,59,55,35" hai3="28,108,112,3,23,118,93,114,1,51,81,16,80"/><T56/><D133/><U4/><E38/><V63/><F75/><W119/><G28/><T99/><D126/><U83/><E117/><N who="3" m="44554" /><G51/><T111/><D111/><U44/><E128/><V19/><F135/><W37/><G93/><T88/><D103/><U121/><E115/><N who="3" m="44074" /><G37/><T86/><D99/><N who="1" m="37931" /><E110/><V47/><F113/><W25/><G81/><T71/><D48/><N who="1" m="28679" /><E2/><N who="3" m="522" /><G80/><T57/><D43/><U39/><E121/><V134/><F134/><W30/><G30/><T78/><D41/><U22/><E104/><V10/><F102/><W123/><G108/><T46/><D46/><U85/><E39/><V77/><F105/><W125/><G125/><T100/><D100/><U26/><E53/><V132/><F127/><W87/><G87/><T129/><D129/><U32/><E32/><V106/><F106/><W14/><G123/><T24/><D78/><U29/><AGARI ba="1,0" hai="4,7,22,26,29,83,85,89" m="28679,37931" machi="29" ten="30,2000,0" yaku="8,1,54,1" doraHai="6" who="1" fromWho="1" sc="260,-11,260,23,220,-6,260,-6" /><INIT seed="1,0,0,1,4,51" ten="249,283,214,254" oya="1" hai0="38,127,44,126,46,117,101,111,124,74,108,26,82" hai1="135,5,12,116,4,2,70,60,100,114,17,130,90" hai2="6,67,16,7,25,99,61,71,10,105,68,45,118" hai3="34,102,133,89,125,96,112,95,58,33,47,93,21"/><U8/><E116/><V62/><F118/><W54/><G112/><T103/><D117/><U18/><E114/><V115/><F115/><W110/><G110/><N who="0" m="42027" /><D26/><U113/><E113/><V131/><F131/><W78/><G133/><T80/><D74/><U14/><E100/><N who="0" m="38473" /><D38/><U128/><E90/><V119/><F119/><W81/><G125/><T92/><D92/><U48/><E48/><V23/><F105/><W11/><G47/><AGARI ba="0,0" hai="44,46,47,80,82,124,126,127" m="38473,42027" machi="47" ten="40,8000,1" yaku="28,2,18,1,14,1" doraHai="51" who="0" fromWho="3" sc="249,80,283,0,214,0,254,-80" /><INIT seed="2,0,0,3,2,27" ten="329,283,214,174" oya="2" hai0="70,60,42,69,106,123,124,17,26,119,12,133,62" hai1="19,75,93,38,32,40,132,104,58,54,127,47,113" hai2="71,110,48,84,25,2,74,111,100,96,59,92,90" hai3="82,3,8,107,41,108,0,14,121,7,50,125,102"/><V53/><F2/><W56/><G121/><T6/><D123/><U114/><E104/><V43/><F71/><W117/><G117/><T86/><D119/><U29/><E75/><V5/><F5/><W73/><G108/><N who="2" m="41513" /><F74/><W51/><G125/><T87/><D124/><U23/><E132/><V22/><F43/><W88/><G107/><T24/><D133/><U77/><E93/><V97/><F100/><W34/><G102/><T4/><D106/><U103/><E103/><V134/><F134/><W109/><G109/><T9/><D42/><U49/><E77/><V98/><F84/><N who="3" m="50199" /><G34/><T35/><D35/><U45/><E127/><V135/><F135/><W79/><G0/><T52/><D69/><U1/><E45/><V46/><F46/><N who="3" m="25935" /><G3/><T13/><D70/><U18/><E1/><V101/><F101/><W65/><G73/><T36/><D36/><U31/><E32/><V66/><F66/><W63/><G79/><T20/><D4/><U15/><REACH who="1" step="1"/><E18/><AGARI ba="0,0" hai="18,22,25,48,53,59,90,92,96,97,98" m="41513" machi="18" ten="30,2900,0" yaku="14,1,10,1" doraHai="27" who="2" fromWho="1" sc="329,0,283,-29,214,29,174,0" /><INIT seed="2,1,0,0,1,82" ten="329,254,243,174" oya="2" hai0="116,107,51,3,77,119,50,64,31,11,54,43,123" hai1="129,86,128,93,96,27,13,87,20,8,41,78,73" hai2="59,1,22,12,132,35,89,28,121,38,58,47,37" hai3="15,63,117,24,53,62,97,122,70,7,33,29,130"/><V111/><F121/><W92/><G117/><N who="0" m="45131" /><D123/><U85/><E41/><V112/><F112/><W88/><G122/><T23/><D107/><U45/><E45/><V44/><F1/><W65/><G130/><N who="1" m="50282" /><E73/><V66/><F132/><W2/><G2/><T72/><D64/><U56/><E56/><N who="2" m="21547" /><F35/><W0/><G0/><T99/><D54/><U26/><E78/><V120/><F37/><W108/><G53/><T18/><D43/><U91/><E20/><V55/><F38/><W110/><REACH who="3" step="1"/><G62/><REACH who="3" ten="329,254,243,164" step="2"/><T105/><D3/><U6/><AGARI ba="1,1" hai="6,8,13,26,27,85,86,87,91,93,96" m="50282" machi="6" ten="30,7900,0" yaku="19,1,52,3" doraHai="82" who="1" fromWho="1" sc="329,-21,254,92,243,-40,164,-21" /><INIT seed="3,0,0,4,3,92" ten="308,346,203,143" oya="3" hai0="74,80,122,38,110,111,29,49,86,88,125,133,30" hai1="40,50,17,12,71,59,5,37,76,16,54,53,116" hai2="4,100,115,31,22,127,2,123,95,117,118,39,9" hai3="44,85,109,69,121,79,103,36,21,101,61,96,102"/><W108/><G121/><T63/><D38/><U67/><E116/><V32/><F115/><W107/><G21/><T23/><D122/><U70/><E76/><V75/><F123/><W113/><G113/><T51/><D125/><U8/><E53/><V119/><F127/><W73/><G73/><T72/><D63/><N who="1" m="40319" /><E71/><V18/><F39/><W65/><G85/><T43/><D133/><U89/><E89/><V77/><F77/><W33/><G33/><T13/><D13/><U62/><E62/><V7/><F7/><W28/><G28/><N who="0" m="10859" /><D23/><U6/><E6/><V52/><F75/><N who="0" m="28714" /><D43/><U60/><E60/><V90/><F31/><W0/><G79/><T57/><D57/><U131/><E131/><V10/><F32/><W48/><G0/><T55/><D55/><U14/><E14/><V132/><F132/><W20/><G20/><T24/><D24/><U94/><E94/><V87/><F10/><W124/><G36/><T27/><D27/><U112/><E112/><V134/><F134/><W129/><G129/><T68/><D68/><U15/><E15/><V114/><F114/><W42/><REACH who="3" step="1"/><G124/><REACH who="3" ten="308,346,203,133" step="2"/><T99/><D86/><U130/><E130/><V81/><F22/><W106/><G106/><T58/><D110/><AGARI ba="0,1" hai="42,44,48,61,65,69,96,101,102,103,107,108,109,110" machi="110" ten="40,12000,1" yaku="1,1,14,1,10,1,52,1,53,0" doraHai="92" doraHaiUra="34" who="3" fromWho="0" sc="308,-120,346,0,203,0,133,130" /><INIT seed="3,1,0,2,1,95" ten="188,346,203,263" oya="3" hai0="88,42,27,134,106,77,103,47,18,59,24,23,58" hai1="21,70,69,44,75,105,73,56,33,97,34,6,39" hai2="91,87,51,80,122,8,15,81,22,102,65,93,100" hai3="132,64,123,43,124,67,45,4,115,125,128,99,66"/><W35/><G35/><N who="1" m="13322" /><E21/><V26/><F122/><W49/><G123/><T130/><D77/><U111/><E56/><V119/><F119/><W76/><G115/><T71/><D71/><N who="1" m="27147" /><E6/><N who="2" m="3479" /><F65/><W101/><G4/><T90/><D130/><U28/><E28/><N who="2" m="17495" /><F51/><W89/><G128/><T84/><D27/><U7/><E7/><V96/><F80/><W120/><G120/><T118/><D118/><U17/><E17/><V3/><F3/><W83/><G89/><AGARI ba="1,0" hai="81,87,89,91,93,96,100,102" m="17495,3479" machi="89" ten="30,2000,0" yaku="8,1,52,1" doraHai="95" who="2" fromWho="3" sc="188,0,346,0,203,23,263,-23" owari="188,-31.2,346,44.6,226,-17.4,240,4.0" /></mjloggm>