<mjloggm ver="2.3"><GO type="225" lobby="0"/><UN n0="%E5%B6%BA%E4%B8%8A%E5%92%B2" n1="%E5%91%A8%E6%9D%B1" n2="%6D%75%75%73%61%6E%6D%75" n3="%E3%83%B4%E3%83%A0%EF%BC%99%E3%81%A6" dan="16,17,17,16" rate="2089.11,2115.97,2157.98,2121.99" sx="F,M,F,M"/><TAIKYOKU oya="0"/><INIT seed="0,0,0,5,3,30" ten="250,250,250,250" oya="0" hai0="85,124,68,128,2,113,8,18,99,19,63,69,65" hai1="105,95,78,55,101,23,130,29,37,72,57,59,7" hai2="0,60,81,6,134,94,41,75,25,22,36,4,112" hai3="107,79,62,97,89,33,53,84,43,31,96,49,51"/><T82/><D113/><U127/><E37/><V135/><F112/><W39/><G39/><T121/><D121/><U1/><E105/><V80/><F94/><W90/><G79/><T16/><D128/><U108/><E130/><V48/><F36/><W24/><G62/><T54/><D124/><U9/><E127/><V67/><F41/><W52/><G43/><T126/><D126/><U3/><E108/><V77/><F80/><W88/><G84/><T123/><D123/><U98/><E3/><V115/><F48/><W110/><G110/><T129/><D129/><U93/><E93/><V42/><F42/><W132/><G132/><N who="2" m="50729" /><F0/><W35/><G107/><T102/><D54/><U103/><E103/><V100/><F100/><W50/><REACH who="3" step="1"/><G35/><REACH who="3" ten="250,250,250,240" step="2"/><T58/><D85/><U117/><E78/><V28/><F115/><W120/><G120/><T116/><D116/><U45/><E117/><V11/><F11/><W131/><G131/><T86/><D86/><U66/><E72/><V133/><N who="2" m="50737" /><V87/><DORA hai="74" /><F87/><W27/><G27/><T119/><D119/><U34/><E34/><V14/><F14/><W91/><N who="3" m="22528" /><DORA hai="71" /><W83/><G83/><T70/><D82/><U13/><E13/><V47/><F47/><W61/><G61/><T12/><REACH who="0" step="1"/><D2/><REACH who="0" ten="240,250,250,240" step="2"/><U73/><E73/><V38/><F38/><W118/><G118/><T111/><D111/><U17/><E1/><V10/><F10/><W109/><G109/><T56/><D56/><AGARI ba="0,2" hai="4,6,22,25,28,56,60,67,75,77,81" m="50737" machi="56" ten="40,2600,0" yaku="20,1,52,1" doraHai="30,74,71" who="2" fromWho="0" sc="240,-26,250,0,250,46,240,0" /><INIT seed="1,0,0,3,4,41" ten="214,250,296,240" oya="1" hai0="94,59,89,80,93,44,63,115,21,102,28,114,16" hai1="17,83,128,119,60,104,76,96,87,5,95,34,75" hai2="113,19,71,90,1,2,85,12,6,24,57,48,43" hai3="64,10,35,91,103,98,65,32,36,84,73,130,121"/><U125/><E119/><V132/><F71/><W70/><G121/><T15/><D114/><U25/><E128/><V26/><F113/><W45/><G73/><T18/><D115/><U77/><E125/><V40/><F132/><W72/><G72/><T27/><D102/><U3/><E60/><V14/><F43/><W33/><G10/><T68/><D68/><U127/><E127/><V100/><F100/><W131/><G70/><T54/><D44/><U111/><E111/><V81/><F12/><W124/><G124/><T79/><D89/><U13/><E104/><V117/><F117/><W97/><G97/><T99/><D99/><U74/><E77/><V116/><F116/><W61/><G61/><T42/><D42/><U46/><E46/><V11/><F40/><N who="3" m="22663" /><G91/><T92/><REACH who="0" step="1"/><D15/><REACH who="0" ten="204,250,296,240" step="2"/><U22/><E3/><V133/><F2/><W9/><G98/><T39/><D39/><U108/><E108/><V118/><F118/><W106/><G103/><T23/><D23/><U110/><E110/><V122/><F122/><W8/><G130/><T66/><D66/><U51/><E96/><V120/><F120/><W58/><G131/><T52/><D52/><U7/><E13/><V123/><F123/><W82/><G64/><T29/><D29/><U135/><E135/><V101/><F133/><W30/><G30/><T47/><D47/><U78/><E78/><V20/><F101/><W56/><G65/><T88/><D88/><U49/><E76/><V112/><F112/><W107/><G106/><T126/><D126/><U105/><E105/><V129/><F129/><W0/><G107/><RYUUKYOKU ba="0,1" sc="204,15,250,-15,296,15,240,-15" hai0="16,18,21,27,28,54,59,63,79,80,92,93,94" hai2="1,6,11,14,19,20,24,26,48,57,81,85,90" /><INIT seed="2,1,1,2,5,6" ten="219,235,311,225" oya="2" hai0="44,81,84,96,38,111,134,85,45,2,46,94,115" hai1="110,78,13,5,39,123,109,92,58,56,101,30,113" hai2="132,88,28,8,52,133,70,76,72,102,1,22,80" hai3="41,24,79,87,15,130,129,128,97,62,29,49,82"/><V63/><F102/><W119/><G119/><T122/><D115/><U26/><E39/><V55/><F28/><W35/><G62/><T117/><D117/><U53/><E113/><V121/><F22/><W33/><G97/><T14/><D122/><U60/><E123/><V127/><F121/><W100/><G100/><N who="0" m="60439" /><D2/><U10/><E78/><V125/><F88/><W27/><G15/><T124/><D38/><U3/><E3/><V73/><F73/><W95/><G95/><T16/><D111/><N who="1" m="42507" /><E58/><N who="2" m="35271" /><F55/><W99/><G99/><T47/><D134/><N who="2" m="51818" /><F70/><W91/><G79/><N who="0" m="46143" /><D124/><U67/><E92/><V107/><F107/><W17/><G33/><T37/><D37/><U86/><E101/><V106/><F106/><W50/><G41/><T54/><D85/><U90/><E86/><V126/><F1/><W11/><G24/><T103/><D103/><U18/><E90/><V9/><AGARI ba="1,1" hai="8,9,72,76,80,125,126,127" m="51818,35271" machi="9" ten="40,12000,1" yaku="18,1,20,1,52,2,54,1" doraHai="6" who="2" fromWho="2" sc="219,-41,235,-41,311,133,225,-41" /><INIT seed="2,2,0,0,4,44" ten="178,194,444,184" oya="2" hai0="84,96,32,103,59,46,113,60,110,33,129,17,54" hai1="47,126,9,80,56,123,55,50,31,58,53,119,105" hai2="130,30,34,107,79,106,93,16,122,112,42,135,98" hai3="69,5,35,14,7,76,133,43,124,41,81,92,108"/><V65/><F112/><W71/><G35/><T85/><D113/><U128/><E105/><V90/><F122/><W77/><G108/><T101/><D110/><U48/><E119/><V38/><F130/><W0/><G0/><T64/><D129/><U21/><E128/><V94/><F135/><W88/><G133/><T49/><D32/><U91/><E123/><V82/><F65/><W8/><G124/><T70/><D33/><U22/><E126/><V74/><F34/><W12/><G81/><T117/><D117/><U52/><E31/><V83/><F30/><W116/><G116/><T15/><D70/><U68/><E68/><V3/><F3/><W102/><G102/><N who="0" m="38923" /><D96/><U1/><E9/><AGARI ba="2,0" hai="9,15,17,46,49,54,59,60,64,84,85" m="38923" machi="9" ten="30,2000,0" yaku="8,1,52,1" doraHai="44" who="0" fromWho="1" sc="178,26,194,-26,444,0,184,0" /><INIT seed="3,0,0,0,0,104" ten="204,168,444,184" oya="3" hai0="82,29,87,51,17,97,6,54,71,25,14,65,52" hai1="88,119,94,48,23,75,47,68,28,2,20,70,101" hai2="42,114,110,121,92,0,73,123,50,16,40,134,77" hai3="99,22,96,18,127,112,55,30,122,57,3,66,74"/><W106/><G112/><T130/><D130/><U59/><E119/><V4/><F114/><W131/><G122/><N who="2" m="46601" /><F110/><W32/><G3/><T116/><D116/><U135/><E2/><V41/><F134/><W91/><G131/><T24/><D71/><U1/><E1/><V37/><F37/><W49/><G127/><T83/><D65/><U38/><E135/><V34/><F34/><W63/><G74/><T115/><D115/><U15/><E75/><V53/><F92/><W113/><G113/><T111/><D111/><U62/><E101/><V84/><F84/><W93/><G32/><T31/><D6/><U46/><E38/><V19/><F4/><W8/><G30/><N who="0" m="11275" /><D97/><N who="1" m="57543" /><E70/><V12/><F0/><W72/><G72/><T89/><D83/><U90/><E68/><V36/><F36/><W117/><G117/><T76/><D76/><U69/><E69/><V61/><F61/><W11/><G99/><T79/><D79/><U10/><E90/><V78/><F73/><W81/><G81/><T44/><D54/><N who="1" m="34167" /><E28/><V67/><F67/><W108/><G106/><T60/><D60/><U33/><E33/><V35/><F35/><W128/><G108/><T58/><D58/><U45/><E48/><V56/><F19/><AGARI ba="0,0" hai="10,15,19,20,23,45,46,47" m="34167,57543" machi="19" ten="30,2000,0" yaku="8,1,54,1" doraHai="104" who="1" fromWho="2" sc="204,0,168,20,444,-20,184,0" owari="204,0.4,188,-21.2,424,52.4,184,-31.6" /></mjloggm>