<mjloggm ver="2.3"><GO type="225" lobby="0"/><UN n0="%E3%82%A2%E3%83%BC%E3%83%A2%E3%83%AD%E3%83%BC%E3%83%B4%E3%82%A1" n1="%73%6C%69%63%6B%33%31%39" n2="%E3%83%97%E3%83%AC%E3%83%B4%E3%82%A1%E3%83%86%E3%82%A3" n3="%E5%84%AA%40%41%42%43" dan="16,16,16,17" rate="2167.04,2111.08,2108.89,2139.59" sx="M,M,F,M"/><TAIKYOKU oya="0"/><INIT seed="0,0,0,1,3,53" ten="250,250,250,250" oya="0" hai0="109,23,52,90,65,42,123,50,21,29,61,51,31" hai1="75,47,78,112,64,102,36,84,25,101,127,86,99" hai2="98,95,32,60,135,45,114,30,34,115,43,39,121" hai3="54,20,120,108,81,104,119,91,14,2,87,49,37"/><T26/><D123/><U6/><E127/><V57/><F121/><W41/><G119/><T130/><D130/><U27/><E112/><V80/><F135/><W16/><G2/><T124/><D124/><U66/><E75/><V70/><F70/><W24/><G108/><T19/><D109/><U83/><E6/><V3/><F3/><W11/><G120/><T132/><D132/><U71/><E71/><V85/><F30/><N who="0" m="11274" /><D42/><U7/><E7/><V40/><F40/><W12/><G104/><T96/><D23/><U76/><E99/><V55/><F115/><W10/><G37/><T94/><D65/><U131/><E83/><V59/><F114/><W79/><G41/><T13/><D13/><N who="3" m="5225" /><G79/><T4/><D4/><U97/><E97/><V107/><F107/><W5/><G5/><T77/><D77/><U15/><E15/><V129/><F129/><W0/><G0/><T8/><D8/><U62/><E131/><V33/><F60/><W22/><G20/><T110/><D110/><U46/><E36/><V133/><F55/><W56/><AGARI ba="0,0" hai="10,11,16,22,24,49,54,56,81,87,91" m="5225" machi="56" ten="30,4000,0" yaku="8,1,52,1,54,1" doraHai="53" who="3" fromWho="3" sc="250,-20,250,-10,250,-10,250,40" /><INIT seed="1,0,0,2,2,80" ten="230,240,240,290" oya="1" hai0="37,45,71,4,91,69,108,32,119,34,51,52,75" hai1="111,135,81,77,67,16,9,39,89,61,21,64,134" hai2="112,14,63,47,85,104,46,18,30,133,56,35,31" hai3="5,120,95,62,26,118,132,100,44,50,11,83,98"/><U24/><E39/><V13/><F104/><W127/><G127/><T121/><D119/><U102/><E102/><V29/><F112/><W36/><G132/><N who="1" m="50730" /><E111/><V76/><F133/><W90/><G120/><T60/><D108/><U68/><E67/><V86/><F35/><W49/><G118/><T27/><D121/><U25/><E9/><V57/><F76/><W109/><G36/><T12/><D75/><N who="1" m="43199" /><E89/><V110/><F110/><W113/><G113/><T126/><D126/><U15/><AGARI ba="0,0" hai="15,16,21,24,25,61,64,68" m="43199,50730" machi="15" ten="30,3000,0" yaku="20,1,54,1" doraHai="80" who="1" fromWho="1" sc="230,-10,240,30,240,-10,290,-10" /><INIT seed="1,1,0,5,1,15" ten="220,270,230,280" oya="1" hai0="76,134,85,66,135,101,51,40,77,24,128,104,80" hai1="83,111,129,55,82,131,48,109,133,39,6,99,10" hai2="22,95,102,12,38,53,44,96,43,26,5,92,1" hai3="20,87,30,31,84,34,124,33,116,4,88,23,119"/><U79/><E39/><V105/><F1/><W2/><G2/><T62/><D128/><N who="1" m="49227" /><E133/><N who="0" m="50697" /><D24/><U28/><E99/><V57/><F5/><W8/><G124/><T63/><D77/><U11/><E28/><N who="3" m="10794" /><G87/><T75/><D75/><U35/><E35/><N who="3" m="13322" /><G88/><T60/><D101/><U59/><E82/><V25/><F12/><N who="3" m="5127" /><G84/><T125/><D104/><U127/><E127/><V94/><REACH who="2" step="1"/><F22/><AGARI ba="1,0" hai="20,22,23,116,119" m="5127,13322,10794" machi="22" ten="30,2000,0" yaku="34,2" doraHai="15" who="3" fromWho="2" sc="220,0,270,0,230,-23,280,23" /><INIT seed="2,0,0,0,5,51" ten="220,270,207,303" oya="2" hai0="102,8,20,93,69,128,29,26,17,121,14,106,2" hai1="11,123,95,54,72,90,107,125,101,76,134,80,89" hai2="68,110,40,135,50,78,115,129,25,27,42,66,88" hai3="96,131,124,100,33,22,28,81,6,92,133,127,97"/><V63/><F115/><W130/><G33/><T21/><D121/><U23/><E123/><V47/><F129/><N who="3" m="49163" /><G6/><N who="0" m="1111" /><D128/><U87/><E125/><N who="3" m="48202" /><G28/><T83/><D69/><U35/><E134/><V58/><F135/><W122/><G22/><T0/><D83/><U44/><E35/><V37/><F110/><W109/><G122/><T116/><D21/><U48/><E90/><V85/><F78/><W108/><G133/><T57/><D0/><U41/><E23/><V52/><F42/><W84/><G96/><T18/><D20/><U9/><E41/><V75/><F75/><W105/><G105/><T82/><D29/><U112/><E112/><V132/><F132/><W79/><AGARI ba="0,0" hai="79,81,84,92,97,100,108,109" m="48202,49163" machi="79" ten="40,8000,1" yaku="19,1,18,1,34,2" doraHai="51" who="3" fromWho="3" sc="220,-20,270,-20,207,-40,303,80" /><INIT seed="3,0,0,5,4,57" ten="200,250,167,383" oya="3" hai0="109,41,0,51,121,75,2,132,29,97,34,36,68" hai1="5,91,63,58,53,117,70,93,35,1,108,3,44" hai2="28,98,42,27,130,33,52,14,114,10,69,74,81" hai3="50,100,31,116,76,24,89,6,39,71,18,124,73"/><W85/><G50/><T110/><D121/><U46/><E70/><V13/><F114/><W80/><G18/><T22/><D132/><U88/><E35/><V107/><F130/><W21/><G124/><T135/><D135/><U119/><E108/><N who="0" m="41577" /><D34/><U123/><E123/><V45/><F69/><W49/><G89/><T86/><D36/><U84/><E91/><V15/><F107/><W65/><G85/><T99/><D75/><U133/><E133/><V38/><F98/><N who="0" m="37386" /><D86/><U55/><E55/><V105/><F105/><W126/><G49/><T19/><D29/><U30/><E30/><V4/><F74/><W131/><G21/><T79/><D79/><U77/><E77/><V43/><F81/><W62/><G24/><N who="0" m="14431" /><D68/><U82/><E82/><V61/><REACH who="2" step="1"/><F42/><REACH who="2" ten="200,250,157,383" step="2"/><W40/><G40/><T112/><D112/><U32/><E84/><V104/><F104/><W83/><G80/><T78/><D78/><U122/><E93/><V23/><F23/><W101/><G83/><T94/><D94/><U8/><E32/><V127/><F127/><W20/><G76/><T95/><D95/><U60/><E122/><V102/><F102/><W128/><G100/><T66/><D66/><U115/><E115/><V111/><F111/><W67/><G101/><T16/><D41/><U125/><E125/><V17/><F17/><W106/><G65/><T72/><D16/><U47/><E119/><V103/><F103/><W90/><G116/><T59/><D72/><U48/><E117/><V120/><F120/><W56/><G73/><T118/><D118/><U129/><E129/><N who="3" m="49738" /><G126/><T87/><D87/><RYUUKYOKU ba="0,1" sc="200,15,250,-15,157,15,383,-15" hai0="0,2,51,59" hai2="4,10,13,14,15,27,28,33,38,43,45,52,61" owari="215,-18.5,235,3.5,172,-32.8,378,47.8" /></mjloggm>