<mjloggm ver="2.3"><GO type="225" lobby="0"/><UN n0="%E6%98%93%E5%88%A9%E8%96%A9%E4%BC%AF" n1="%E3%82%BF%E3%83%BC%E3%83%90%E3%83%B3%E9%87%8E%E5%8F%A3" n2="%E5%87%BA%E6%B0%B4" n3="%E3%82%B7%E3%83%B3%E5%A4%AA%E6%9C%97" dan="16,16,16,16" rate="2048.11,2145.89,2103.33,2191.02" sx="F,M,F,M"/><TAIKYOKU oya="0"/><INIT seed="0,0,0,2,2,107" ten="250,250,250,250" oya="0" hai0="87,60,104,20,93,68,73,19,120,26,113,51,63" hai1="50,52,106,66,0,57,53,58,128,74,97,18,117" hai2="17,112,28,32,37,14,33,45,88,48,56,1,44" hai3="41,16,78,129,131,43,29,102,109,84,59,124,114"/><T110/><D113/><U7/><E117/><V40/><F112/><W67/><G114/><T11/><D120/><U4/><E128/><N who="3" m="49226" /><G109/><T76/><D104/><U100/><E66/><V42/><F1/><W122/><G122/><T135/><D135/><U82/><E0/><V39/><F28/><W108/><G29/><T133/><D133/><U94/><E106/><V123/><F123/><W49/><G102/><T35/><D35/><U103/><E103/><V23/><F48/><W75/><G75/><T34/><D34/><U69/><E69/><V91/><F56/><W130/><G108/><T72/><D110/><U65/><E65/><V90/><AGARI ba="0,0" hai="14,17,23,32,33,37,39,40,42,44,45,88,90,91" machi="90" ten="30,4000,0" yaku="0,1,9,1,54,1" doraHai="107" who="2" fromWho="2" sc="250,-20,250,-10,250,40,250,-10" /><INIT seed="1,0,0,4,4,19" ten="230,240,290,240" oya="1" hai0="114,100,129,131,128,95,50,93,57,92,30,119,134" hai1="36,20,109,1,86,79,47,112,68,4,88,65,8" hai2="63,14,42,33,17,60,105,99,10,37,29,43,48" hai3="102,80,113,70,96,28,2,35,76,71,78,81,23"/><U24/><E112/><V0/><F37/><W3/><G113/><T87/><D114/><U21/><E79/><V40/><F48/><W15/><G35/><T108/><D119/><U59/><E68/><V32/><F0/><W91/><G91/><T51/><D108/><U85/><E109/><V11/><F11/><W72/><G3/><T58/><D100/><U90/><E36/><V94/><F105/><W101/><G2/><T118/><D118/><U39/><E39/><V62/><REACH who="2" step="1"/><F29/><REACH who="2" ten="230,240,280,240" step="2"/><W44/><G28/><T22/><D134/><U27/><E1/><V53/><F53/><W84/><G44/><T132/><D132/><U115/><E47/><V34/><F34/><W9/><G9/><T12/><D51/><U26/><E115/><V104/><F104/><W45/><G45/><T116/><D116/><U98/><E8/><V41/><N who="2" m="10240" /><DORA hai="77" /><V74/><F74/><W16/><REACH who="3" step="1"/><G102/><AGARI ba="0,1" hai="10,14,17,32,33,60,62,63,94,99,102" m="10240" machi="102" ten="50,1600,0" yaku="1,1,53,0" doraHai="19,77" doraHaiUra="127,135" who="2" fromWho="3" sc="230,0,240,0,280,26,240,-16" /><INIT seed="2,0,0,0,5,63" ten="230,240,306,224" oya="2" hai0="119,53,114,92,99,71,132,65,100,43,98,30,102" hai1="76,13,1,68,109,60,52,133,41,108,79,86,96" hai2="97,4,38,27,32,8,12,34,18,9,134,70,64" hai3="6,88,66,120,39,121,49,5,111,94,129,89,16"/><V135/><F38/><W77/><G39/><T117/><D114/><U84/><E1/><V83/><F83/><W116/><G116/><T59/><D43/><U26/><E41/><V73/><F73/><W69/><G129/><T20/><D132/><N who="2" m="50730" /><F97/><W17/><G111/><N who="1" m="42570" /><E133/><V126/><F126/><W14/><G77/><N who="1" m="29770" /><E96/><V15/><F27/><W40/><G40/><T62/><D71/><U107/><E107/><V29/><F29/><W128/><G128/><T127/><D127/><U78/><E78/><V2/><F2/><W90/><G94/><N who="0" m="58455" /><D53/><U118/><E26/><AGARI ba="0,0" hai="20,26,30,59,62,65,92,99,102,117,119" m="58455" machi="26" ten="30,2000,0" yaku="25,1,52,1" doraHai="63" who="0" fromWho="1" sc="230,20,240,-20,306,0,224,0" /><INIT seed="3,0,0,3,3,122" ten="250,220,306,224" oya="3" hai0="120,34,5,91,60,64,98,75,57,114,33,86,76" hai1="133,48,81,126,62,106,83,17,22,135,66,50,37" hai2="121,128,99,44,95,79,23,27,2,24,9,85,25" hai3="67,125,36,96,74,92,127,16,84,89,94,49,21"/><W30/><G36/><T105/><D120/><U6/><E106/><V4/><F128/><W63/><G74/><T61/><D5/><U10/><E37/><V59/><F121/><W68/><G49/><N who="1" m="19050" /><E126/><V40/><F59/><W134/><G30/><T55/><D75/><U102/><E102/><V14/><F40/><W71/><G134/><N who="1" m="51210" /><E17/><V28/><F44/><W118/><G118/><T100/><D76/><U116/><E22/><V39/><F39/><W104/><G104/><T113/><D113/><U101/><E101/><N who="2" m="60671" /><F2/><W0/><G0/><T12/><D114/><U45/><E45/><V108/><F23/><W111/><G71/><T82/><D12/><N who="1" m="5207" /><E116/><V115/><F115/><W51/><G51/><T56/><AGARI ba="0,0" hai="33,34,55,56,57,60,61,64,82,86,91,98,100,105" machi="56" ten="20,1500,0" yaku="0,1,7,1" doraHai="122" who="0" fromWho="0" sc="250,15,220,-4,306,-4,224,-7" owari="265,6.5,216,-28.4,302,40.2,217,-18.3" /></mjloggm>