<mjloggm ver="2.3"><GO type="225" lobby="0"/><UN n0="%E9%BB%92%E9%89%84%E7%8F%A0%E9%9B%AB" n1="%33%74%72%65%65" n2="%E6%A1%9C%E8%8A%B1%E9%96%83%E3%80%85" n3="%E3%81%86%E3%82%8C%E3%81%9F%E3%82%93%E6%9E%95" dan="16,17,18,16" rate="2182.98,2148.83,2209.62,2108.99" sx="F,F,M,F"/><TAIKYOKU oya="0"/><INIT seed="0,0,0,2,2,6" ten="250,250,250,250" oya="0" hai0="16,30,133,48,81,95,128,87,82,56,100,123,72" hai1="120,4,101,70,27,33,22,29,38,55,20,19,26" hai2="131,41,34,3,113,53,49,60,23,97,117,37,12" hai3="109,18,67,107,2,115,134,63,127,129,47,45,21"/><T58/><D123/><U119/><E119/><V62/><F113/><W108/><G115/><T51/><D72/><U0/><E120/><V74/><F34/><W25/><G129/><T1/><D1/><U24/><E38/><V104/><F3/><W11/><G134/><T59/><D30/><N who="1" m="19655" /><E70/><V13/><F74/><W84/><G107/><T116/><D116/><U5/><E55/><V46/><F117/><W73/><G73/><T114/><D133/><U52/><E52/><V61/><F131/><W79/><G127/><T121/><D121/><U110/><E101/><V69/><F69/><W7/><G79/><T10/><D128/><U125/><E125/><V106/><F23/><W76/><G76/><N who="0" m="46503" /><D82/><U35/><E110/><N who="3" m="42602" /><G84/><T126/><D114/><U89/><E89/><V124/><F124/><W103/><G103/><T111/><D126/><U8/><E4/><V112/><F112/><W9/><G9/><T43/><D43/><U90/><E90/><V96/><F104/><W85/><G85/><T57/><N who="0" m="14336" /><DORA hai="64" /><T118/><D118/><U39/><E39/><V66/><F106/><W93/><G93/><T122/><D122/><U17/><E35/><V36/><F36/><W77/><G77/><T28/><D111/><U31/><AGARI ba="0,0" hai="0,5,8,17,19,20,22,26,27,29,31" m="19655" machi="31" ten="30,12000,2" yaku="35,5,52,1" doraHai="6,64" who="1" fromWho="1" sc="250,-60,250,120,250,-30,250,-30" /><INIT seed="1,0,0,3,1,42" ten="190,370,220,220" oya="1" hai0="128,131,22,127,17,111,83,67,13,53,115,90,39" hai1="62,122,104,68,94,64,6,12,123,5,135,4,86" hai2="51,2,120,8,25,15,134,35,65,110,109,73,66" hai3="77,11,85,92,23,108,95,60,71,75,81,63,10"/><U57/><E104/><V24/><F120/><W78/><G108/><N who="2" m="41577" /><F2/><W59/><G71/><T40/><D111/><U84/><E135/><V103/><F134/><W18/><G75/><T98/><D115/><U58/><E12/><V96/><F73/><W113/><G78/><T70/><D127/><U119/><E119/><V56/><F51/><W117/><G113/><T74/><D67/><N who="2" m="25610" /><F56/><W106/><G106/><T93/><D70/><U126/><E126/><V46/><F46/><W82/><G82/><T118/><D118/><U28/><E58/><V45/><F45/><W72/><G72/><T76/><REACH who="0" step="1"/><D53/><REACH who="0" ten="180,370,220,220" step="2"/><U3/><E68/><V37/><F35/><W47/><G117/><T116/><D116/><U100/><E123/><V44/><F37/><W132/><G132/><T26/><D26/><U129/><E122/><V121/><F121/><W133/><G133/><T30/><D30/><U124/><E28/><V32/><F32/><W33/><G33/><T9/><D9/><U48/><E124/><V14/><F8/><W69/><G10/><T91/><D91/><U36/><E36/><V0/><F25/><N who="3" m="14583" /><G11/><T43/><D43/><U125/><E125/><V114/><F24/><W34/><G34/><T55/><D55/><U38/><E38/><V27/><F27/><W50/><G69/><T105/><D105/><U29/><E29/><V88/><F114/><W79/><G79/><T89/><D89/><U99/><E100/><V54/><F88/><W102/><G102/><T31/><D31/><U130/><E130/><V49/><F0/><W16/><G77/><T21/><D21/><RYUUKYOKU ba="0,1" sc="180,15,370,-15,220,15,220,-15" hai0="13,17,22,39,40,74,76,83,90,93,98,128,131" hai2="14,15,44,49,54,96,103" /><INIT seed="2,1,1,4,2,105" ten="195,355,235,205" oya="2" hai0="12,58,23,8,42,32,112,15,84,87,34,43,3" hai1="53,109,51,7,50,62,24,48,41,110,85,22,80" hai2="90,47,131,97,66,135,5,89,71,99,60,59,10" hai3="92,29,78,4,69,55,70,83,86,74,79,2,125"/><V113/><F113/><W126/><G29/><T104/><D104/><U116/><E116/><V100/><F135/><W28/><G28/><T128/><D3/><U65/><E7/><V14/><F131/><W93/><G55/><T88/><D112/><U39/><E39/><V133/><F133/><W33/><G33/><T98/><D128/><U63/><E41/><V27/><F71/><W68/><G4/><T124/><D124/><N who="3" m="47721" /><G2/><T18/><D34/><U49/><E53/><V121/><F121/><W107/><G107/><T82/><D32/><U129/><E51/><V16/><F47/><W134/><G134/><T81/><D98/><N who="2" m="37386" /><F100/><W36/><G36/><T108/><D58/><U20/><E129/><V64/><F64/><W102/><G102/><T75/><D75/><U21/><E24/><V61/><F61/><W26/><G26/><T38/><D38/><U73/><E63/><V94/><F94/><N who="3" m="36459" /><G78/><N who="0" m="46135" /><D108/><U72/><E109/><V13/><F27/><W52/><G52/><T67/><D67/><U106/><E106/><V117/><F5/><AGARI ba="1,1" hai="5,8,12,15,18,23,42,43,82,87,88" m="46135" machi="5" ten="30,2000,0" yaku="8,1,54,1" doraHai="105" who="0" fromWho="2" sc="195,33,355,0,235,-23,205,0" /><INIT seed="3,0,0,1,1,80" ten="228,355,212,205" oya="3" hai0="49,131,33,129,66,101,44,23,106,24,46,105,26" hai1="102,32,48,114,88,135,122,2,100,68,134,25,98" hai2="43,56,3,121,41,93,55,11,109,126,78,89,124" hai3="58,31,13,12,111,34,97,79,90,9,35,86,118"/><W52/><G118/><T47/><D66/><U74/><E74/><V128/><F78/><W15/><G79/><T95/><D33/><U20/><E68/><V67/><F67/><W0/><G111/><T28/><D26/><U119/><E114/><V61/><F109/><W92/><G31/><T75/><D75/><U113/><E122/><V125/><F128/><N who="0" m="49226" /><D95/><N who="1" m="56679" /><E113/><V53/><F53/><W103/><G9/><T123/><D123/><U59/><E2/><V132/><F132/><N who="1" m="50729" /><E32/><V1/><F121/><W57/><G0/><N who="2" m="73" /><F11/><W117/><G117/><T50/><D101/><U10/><E10/><V45/><F45/><N who="0" m="17514" /><D50/><U37/><E37/><V99/><AGARI ba="0,0" hai="41,43,55,56,61,89,93,99,124,125,126" m="73" machi="99" ten="40,1500,0" yaku="18,1" doraHai="80" who="2" fromWho="2" sc="228,-4,355,-4,212,15,205,-7" owari="224,-17.6,351,45.1,227,2.7,198,-30.2" /></mjloggm>