<mjloggm ver="2.3"><GO type="225" lobby="0"/><UN n0="%72%69%6F%75%63%68%61%6E" n1="%E3%82%A2%E3%82%A4%E3%82%B9%E3%83%86%E3%82%A3%E3%83%BC%E3%81%82%E3%81%B9" n2="%4C%4F%4C%49%54%41" n3="%E5%B0%8F%E9%B3%A5%E9%81%8A%E7%B7%B4%E7%84%A1%32%31%E6%AD%B3" dan="17,16,16,16" rate="2151.84,2132.48,2176.52,2169.42" sx="M,M,F,F"/><TAIKYOKU oya="0"/><INIT seed="0,0,0,3,3,124" ten="250,250,250,250" oya="0" hai0="98,80,13,100,125,75,42,129,4,58,22,23,84" hai1="71,108,30,101,54,52,51,20,32,39,17,74,21" hai2="56,47,82,37,36,83,60,45,35,8,16,64,88" hai3="63,5,117,120,79,33,123,102,94,68,118,6,92"/><T115/><D129/><U133/><E39/><V57/><F35/><W127/><G33/><T26/><D125/><U89/><E108/><V7/><F37/><W2/><G79/><T113/><D75/><U114/><E71/><V99/><F36/><W66/><G127/><T104/><D42/><U93/><E74/><V62/><F7/><N who="3" m="2571" /><G2/><T78/><D58/><U103/><E32/><V73/><F73/><W34/><G34/><T126/><D126/><U119/><E133/><V15/><F82/><W135/><G135/><T132/><D132/><U97/><E119/><V18/><F18/><W85/><G85/><T87/><D87/><U11/><E114/><V77/><F77/><W90/><G102/><N who="1" m="38922" /><E30/><V95/><F83/><W43/><G43/><T70/><D70/><U130/><E130/><V121/><F121/><N who="3" m="46667" /><G90/><T110/><D110/><U48/><E11/><V105/><REACH who="2" step="1"/><F105/><REACH who="2" ten="250,250,240,250" step="2"/><W111/><G111/><T40/><D104/><U134/><E134/><V19/><F19/><W116/><AGARI ba="0,1" hai="63,66,68,92,94,116,117,118" m="46667,2571" machi="116" ten="40,1500,0" yaku="13,1" doraHai="124" who="3" fromWho="3" sc="250,-7,250,-4,240,-4,250,25" /><INIT seed="1,0,0,2,3,76" ten="243,246,236,275" oya="1" hai0="40,9,128,27,36,80,122,52,71,47,5,119,125" hai1="18,37,12,108,63,61,62,24,56,39,42,134,73" hai2="96,53,8,75,120,2,26,82,130,55,31,16,95" hai3="129,101,135,10,50,89,97,0,30,78,123,74,93"/><U121/><E121/><V14/><F120/><W22/><G123/><T117/><D71/><U118/><E118/><V116/><F116/><W113/><G113/><T23/><D122/><U81/><E134/><V25/><F130/><W6/><G135/><T85/><D128/><U132/><E132/><V105/><F105/><W21/><G30/><T110/><D110/><U102/><E102/><V106/><F106/><W91/><G50/><T58/><D125/><U115/><E115/><V69/><F2/><W131/><G131/><T79/><D23/><U94/><E94/><V114/><F69/><W51/><G51/><T77/><D27/><U111/><E24/><V15/><F114/><W90/><REACH who="3" step="1"/><G129/><REACH who="3" ten="243,246,236,265" step="2"/><T57/><D119/><U88/><E39/><V45/><F31/><W54/><G54/><T107/><D117/><U92/><E37/><V46/><F53/><W100/><G100/><T1/><D107/><U32/><E42/><V20/><F55/><W41/><G41/><T17/><D17/><U104/><E104/><V84/><F16/><W29/><G29/><T86/><D52/><N who="1" m="33927" /><E32/><V13/><F46/><W72/><G72/><T127/><D127/><U60/><E73/><V33/><F75/><W3/><G3/><T59/><REACH who="0" step="1"/><D77/><REACH who="0" ten="233,246,236,265" step="2"/><U133/><E133/><V83/><F33/><W87/><G87/><AGARI ba="0,2" hai="1,5,9,36,40,47,57,58,59,79,80,85,86,87" machi="87" ten="40,5200,0" yaku="1,1,2,1,52,1,53,0" doraHai="76" doraHaiUra="112" who="0" fromWho="3" sc="233,72,246,0,236,0,265,-52" /><INIT seed="2,0,0,0,1,122" ten="305,246,236,213" oya="2" hai0="65,125,38,60,43,133,21,53,76,80,83,67,108" hai1="2,70,27,44,102,85,79,4,8,31,29,96,32" hai2="71,115,77,118,117,78,97,112,42,69,52,3,128" hai3="62,1,116,110,132,91,119,46,93,33,17,126,18"/><V7/><F3/><W99/><G33/><T19/><D108/><U75/><E85/><V82/><F7/><W134/><G1/><T56/><D125/><U61/><E44/><V50/><F128/><W101/><G46/><T36/><D43/><U120/><E31/><V106/><F42/><W74/><G62/><T95/><D133/><N who="3" m="51305" /><G74/><T37/><D95/><U0/><E120/><V68/><F97/><N who="3" m="57535" /><G126/><T123/><D123/><U114/><E114/><V35/><F106/><N who="3" m="63807" /><G17/><T40/><D40/><U130/><E130/><V15/><F35/><W12/><G18/><T51/><D51/><U5/><E4/><V98/><F15/><W84/><G12/><T9/><D9/><U113/><E113/><V121/><F121/><W129/><G129/><T127/><D127/><U45/><E45/><V107/><F115/><W30/><G30/><T94/><D94/><U89/><E2/><V39/><F112/><W49/><G49/><T22/><D22/><U47/><E47/><N who="2" m="27743" /><F39/><W111/><G84/><T23/><D23/><U124/><E124/><V16/><F16/><W20/><G20/><T6/><D6/><U57/><E5/><V10/><F10/><W66/><G66/><T34/><D34/><U25/><E8/><V26/><F26/><W86/><G86/><N who="0" m="48391" /><D21/><U28/><E32/><V109/><F68/><W103/><G103/><T131/><D19/><U104/><E0/><V81/><F69/><W48/><G48/><T92/><D131/><U54/><E70/><V14/><F71/><W11/><G11/><T63/><D36/><U55/><E29/><V87/><F87/><RYUUKYOKU ba="0,0" sc="305,-10,246,-10,236,-10,213,30" hai3="110,111,116,119" /><INIT seed="3,1,0,0,4,130" ten="295,236,226,243" oya="3" hai0="39,17,4,33,32,9,123,58,73,86,28,120,99" hai1="129,36,18,0,44,64,46,69,104,133,72,26,97" hai2="8,35,61,127,131,16,115,85,43,67,79,50,30" hai3="116,107,88,78,42,83,53,3,106,49,25,113,134"/><W105/><G113/><T110/><D73/><U112/><E112/><V60/><F115/><W121/><G121/><T51/><D39/><U21/><E129/><V63/><F131/><W19/><G3/><T15/><D110/><U103/><E133/><V74/><F74/><W70/><G70/><T48/><D99/><U96/><E36/><V87/><F127/><W82/><G42/><T77/><D48/><U111/><E111/><V91/><F35/><W118/><G134/><T37/><D37/><U23/><E0/><V126/><F30/><W95/><G19/><T54/><D32/><U100/><E72/><V80/><F126/><W71/><G25/><N who="0" m="18575" /><D77/><U101/><E101/><V132/><F132/><W5/><G5/><T108/><D86/><U11/><E11/><V75/><F75/><W66/><G78/><T38/><D38/><U109/><E109/><V84/><F67/><W128/><G128/><T24/><D24/><U65/><E21/><V89/><F79/><W81/><G66/><T47/><D47/><U119/><E119/><V45/><F91/><W6/><G6/><T12/><D108/><U114/><E114/><V55/><F43/><W57/><REACH who="3" step="1"/><G71/><REACH who="3" ten="295,236,226,233" step="2"/><T76/><D76/><U20/><E65/><V56/><F56/><W1/><G1/><T122/><D4/><U2/><E2/><V68/><F68/><W13/><G13/><AGARI ba="1,1" hai="8,13,16,45,50,55,60,61,63,80,84,85,87,89" machi="13" ten="40,8000,1" yaku="25,2,8,1,54,1" doraHai="130" who="2" fromWho="3" sc="295,0,236,0,226,93,233,-83" owari="295,9.5,236,-16.4,319,41.9,150,-35.0" /></mjloggm>