<mjloggm ver="2.3"><GO type="225" lobby="0"/><UN n0="%74%61%6B%75%61%6B%61" n1="%E3%81%8B%E3%82%8F%E3%81%A1%E3%82%83%E3%82%93%35%38" n2="%E3%81%B5%E3%81%98%E3%81%8B%E3%81%A4" n3="%E7%99%BD%E6%97%A5%E9%9B%AA%E8%8F%9C" dan="16,17,17,17" rate="2084.59,2185.02,2191.25,2197.58" sx="M,M,M,M"/><TAIKYOKU oya="0"/><INIT seed="0,0,0,1,0,95" ten="250,250,250,250" oya="0" hai0="39,82,117,50,77,66,43,75,134,127,103,37,41" hai1="30,133,36,101,23,52,132,21,96,107,60,116,72" hai2="40,109,69,135,130,44,59,104,67,46,125,78,6" hai3="68,4,18,81,71,24,17,84,2,114,35,111,12"/><T19/><D117/><U45/><E72/><V64/><F78/><W61/><G114/><T58/><D127/><U94/><E116/><V122/><F6/><W31/><G111/><T26/><D134/><N who="1" m="51819" /><E30/><V79/><F79/><W56/><G2/><T85/><D75/><U86/><E36/><N who="2" m="21511" /><F104/><W87/><G4/><T74/><D74/><U73/><E73/><V106/><F106/><W102/><G102/><T99/><D37/><U28/><E28/><V118/><F135/><W126/><G84/><T89/><D39/><U80/><E107/><V129/><F118/><W0/><G0/><T48/><D77/><N who="1" m="46351" /><E45/><V88/><F88/><W63/><G126/><T8/><D41/><U16/><E16/><V62/><F125/><W25/><G25/><T121/><D26/><U7/><E7/><V3/><F3/><W47/><G47/><T53/><D19/><U9/><E9/><V29/><F29/><W93/><G18/><T34/><D8/><U110/><E110/><V27/><F27/><W42/><G17/><T76/><D34/><U112/><E112/><V33/><F33/><W91/><G12/><T38/><D76/><U113/><E113/><V54/><F109/><W100/><G35/><T49/><D38/><U128/><E128/><N who="2" m="49259" /><F122/><W92/><G31/><T13/><D121/><U10/><E10/><V108/><F108/><W15/><G24/><T124/><D124/><U1/><E1/><V22/><F22/><W65/><G15/><T20/><D13/><U119/><E119/><V14/><F14/><W70/><G100/><T131/><D131/><U83/><E83/><RYUUKYOKU ba="0,0" sc="250,-10,250,30,250,-10,250,-10" hai1="21,23,52,60,94,96,101" /><INIT seed="1,1,0,1,0,126" ten="240,280,240,240" oya="1" hai0="11,87,2,103,131,67,110,116,5,47,45,111,106" hai1="1,60,19,125,82,92,36,3,49,130,129,75,33" hai2="80,26,86,14,78,63,38,119,77,18,117,133,121" hai3="20,53,94,62,21,95,91,0,56,48,73,43,83"/><U44/><E36/><V81/><F121/><W96/><G0/><T105/><D116/><U84/><E33/><V41/><F133/><W30/><G30/><T104/><D103/><U16/><E75/><V123/><F123/><W93/><G73/><T34/><D34/><U22/><E92/><N who="3" m="35434" /><G83/><T64/><D87/><U55/><E125/><V115/><F26/><W65/><G43/><T79/><D79/><U54/><E60/><V32/><F63/><W72/><G72/><T61/><D131/><N who="1" m="50187" /><E54/><V8/><F32/><W4/><G4/><T59/><REACH who="0" step="1"/><D67/><REACH who="0" ten="230,280,240,240" step="2"/><U101/><E101/><V90/><F119/><W17/><G65/><T15/><D15/><N who="1" m="9503" /><E19/><V88/><F117/><W134/><G17/><T132/><D132/><U46/><E46/><AGARI ba="1,1" hai="2,5,11,45,46,47,59,61,64,104,105,106,110,111" machi="46" ten="50,1600,0" yaku="1,1,53,0" doraHai="126" doraHaiUra="113" who="0" fromWho="1" sc="230,29,280,-19,240,0,240,0" /><INIT seed="2,0,0,1,2,93" ten="259,261,240,240" oya="2" hai0="3,70,135,104,39,16,124,87,78,109,32,100,12" hai1="35,118,46,99,34,24,57,101,122,98,127,64,63" hai2="33,47,131,55,80,22,21,74,128,42,50,94,7" hai3="9,113,18,81,44,1,75,48,5,8,26,103,37"/><V82/><F33/><W68/><G68/><T90/><D3/><U27/><E118/><V96/><F7/><W43/><G113/><T6/><D32/><U51/><E35/><V13/><F74/><W56/><G103/><T0/><D39/><U71/><E34/><V121/><F121/><W88/><G9/><T115/><D115/><U119/><E119/><V92/><F92/><W91/><G18/><T132/><D70/><U123/><E71/><V38/><F13/><W86/><G26/><N who="1" m="9770" /><E101/><N who="2" m="60567" /><F80/><W117/><G117/><T14/><D0/><U41/><E127/><V65/><F65/><W4/><G4/><T108/><D6/><U126/><E126/><V105/><F82/><W120/><G120/><AGARI ba="0,0" hai="41,46,51,57,63,64,98,99,120,122,123" m="9770" machi="120" ten="30,3900,0" yaku="13,1,52,2" doraHai="93" who="1" fromWho="3" sc="259,0,261,39,240,0,240,-39" /><INIT seed="3,0,0,5,1,57" ten="259,300,240,201" oya="3" hai0="70,20,95,81,64,112,69,74,47,89,134,58,4" hai1="24,108,97,130,98,31,53,54,135,107,88,28,49" hai2="94,83,14,63,101,131,13,92,91,100,115,21,68" hai3="125,5,119,126,10,11,56,3,116,51,65,52,132"/><W19/><G132/><T8/><D134/><U128/><E135/><V102/><F115/><W99/><G99/><T34/><D34/><U37/><E37/><V93/><F131/><N who="1" m="50217" /><E28/><V27/><F68/><W38/><G38/><T113/><D20/><U32/><E108/><V67/><F83/><W87/><G65/><T103/><D103/><N who="1" m="62959" /><E49/><V22/><F91/><W43/><G43/><T41/><D89/><U106/><E88/><V96/><F96/><W127/><G87/><T42/><D95/><U76/><E76/><V73/><F73/><W23/><REACH who="3" step="1"/><G11/><REACH who="3" ten="259,300,240,191" step="2"/><T124/><D8/><U104/><E104/><V71/><REACH who="2" step="1"/><F22/><REACH who="2" ten="259,300,230,191" step="2"/><W118/><G118/><T62/><D112/><U39/><E106/><V86/><F86/><W129/><G129/><T77/><D113/><U7/><E98/><V29/><AGARI ba="0,2" hai="13,14,21,27,29,63,67,71,92,93,94,100,101,102" machi="29" ten="30,4000,0" yaku="1,1,0,1,52,1,53,0" doraHai="57" doraHaiUra="45" who="2" fromWho="2" sc="259,-10,300,-10,230,60,191,-20" /><INIT seed="4,0,0,5,1,34" ten="249,290,290,171" oya="0" hai0="128,75,126,73,61,94,70,25,96,23,14,43,120" hai1="98,39,104,30,110,122,62,22,124,26,17,84,117" hai2="32,99,111,10,56,100,7,106,24,129,74,31,38" hai3="51,27,1,47,89,121,5,53,42,48,63,54,103"/><T118/><D120/><U134/><E117/><V11/><F111/><W123/><G103/><T65/><D118/><U116/><E110/><V105/><F129/><W18/><G89/><T36/><D128/><U135/><E116/><V95/><F11/><N who="3" m="2479" /><G63/><T88/><D126/><U29/><E122/><N who="3" m="46602" /><G51/><T40/><D14/><U46/><E124/><V127/><F127/><W92/><G92/><T9/><D9/><U109/><E109/><V2/><F74/><W130/><G130/><T8/><D8/><U113/><E113/><V93/><F38/><W81/><G81/><T37/><D37/><U67/><E84/><V97/><F56/><W101/><G101/><AGARI ba="0,0" hai="2,7,10,24,31,32,93,95,97,99,100,101,105,106" machi="101" ten="30,3900,0" yaku="7,1,9,1,52,1" doraHai="34" who="2" fromWho="3" sc="249,0,290,0,290,39,171,-39" owari="249,-15.1,290,9.0,329,42.9,132,-36.8" /></mjloggm>