<mjloggm ver="2.3"><GO type="225" lobby="0"/><UN n0="%E3%83%B4%E3%83%A0%EF%BC%99%E3%81%A6" n1="%E3%81%8B%E3%82%8F%E3%81%A1%E3%82%83%E3%82%93%35%38" n2="%E3%81%8A%E3%81%8B%E3%81%8F%E3%82%89" n3="%E6%97%A5%E6%9B%9C%E6%97%A5%E3%82%88%E3%82%8A%E3%81%AE%E4%BD%BF%E8%80%85" dan="16,16,17,17" rate="2159.32,2106.56,2103.78,2132.82" sx="M,M,M,M"/><TAIKYOKU oya="0"/><INIT seed="0,0,0,5,3,31" ten="250,250,250,250" oya="0" hai0="91,82,126,28,56,10,68,16,111,2,59,8,79" hai1="27,21,70,112,25,135,32,124,3,129,131,62,73" hai2="65,13,106,83,93,117,37,97,123,120,14,77,94" hai3="128,76,40,19,88,74,113,78,58,18,81,122,101"/><T0/><D68/><U48/><E73/><V72/><F37/><W127/><G113/><T125/><D91/><U20/><E48/><V108/><F108/><W44/><G127/><N who="0" m="48651" /><D111/><U92/><E92/><V95/><F117/><W109/><G109/><T26/><D56/><U90/><E90/><V103/><REACH who="2" step="1"/><F65/><REACH who="2" ten="250,250,240,250" step="2"/><W105/><G128/><T69/><D69/><U47/><E124/><V85/><F85/><W133/><G74/><N who="0" m="43383" /><D59/><U61/><E70/><V114/><F114/><W60/><G58/><T132/><D132/><U24/><E112/><V50/><F50/><W67/><G133/><T116/><D116/><U121/><E135/><V22/><F22/><N who="1" m="8809" /><E62/><V43/><F43/><W96/><G40/><T1/><D8/><U99/><E61/><V104/><F104/><W115/><G115/><T51/><D51/><U12/><E131/><V7/><F7/><W11/><G60/><T134/><D134/><U38/><E129/><V9/><F9/><W36/><G11/><T102/><D10/><U39/><E39/><V89/><F89/><W30/><G36/><T118/><D118/><U55/><E38/><V66/><F66/><W29/><G67/><T98/><D0/><U6/><E3/><V23/><F23/><W46/><G46/><T53/><D1/><U86/><E47/><V64/><F64/><W15/><G44/><T100/><D2/><U71/><E71/><V52/><F52/><W42/><G42/><T49/><D53/><U41/><E55/><V130/><F130/><W5/><G5/><T110/><D49/><U35/><E6/><V63/><F63/><RYUUKYOKU ba="0,1" sc="250,-10,250,-10,240,30,250,-10" hai2="13,14,72,77,83,93,94,95,97,103,106,120,123" /><INIT seed="1,1,1,1,5,123" ten="240,240,270,240" oya="1" hai0="96,60,84,3,126,86,49,79,134,46,77,65,93" hai1="90,31,44,52,115,50,129,132,91,78,110,104,48" hai2="53,73,20,41,120,128,108,55,69,16,92,45,116" hai3="121,83,97,111,117,4,39,11,47,24,103,105,99"/><U87/><E115/><V2/><F73/><W72/><G121/><T17/><D3/><U114/><E114/><V95/><F2/><N who="3" m="407" /><G99/><T80/><D134/><U63/><E104/><V66/><F116/><W119/><G24/><T37/><D37/><U36/><E36/><V88/><F120/><W0/><G0/><T112/><D112/><U34/><E132/><V124/><F124/><W62/><G62/><T94/><D126/><U68/><E129/><V135/><F128/><W122/><G122/><T59/><D17/><U89/><E34/><V56/><F135/><W98/><G98/><T127/><D127/><U102/><E102/><V10/><F10/><W51/><G51/><T32/><D32/><U25/><E68/><V21/><F21/><W61/><G61/><T71/><D71/><U9/><E63/><V26/><F69/><W38/><G38/><T12/><D12/><U27/><E9/><V13/><F26/><N who="1" m="9737" /><E31/><V76/><F66/><W81/><G81/><N who="0" m="47151" /><D96/><U43/><E78/><V33/><F76/><N who="3" m="44423" /><G111/><T15/><D15/><U29/><E110/><V131/><F108/><W106/><G106/><T133/><D133/><U101/><E29/><V5/><F131/><W75/><G75/><T58/><D58/><N who="1" m="33031" /><E101/><V125/><F125/><W8/><G8/><T6/><D6/><U113/><E113/><V22/><F5/><W54/><G54/><AGARI ba="1,1" hai="46,49,54,59,60,65,79,80,86,93,94" m="47151" machi="54" ten="30,1000,0" yaku="8,1" doraHai="123" who="0" fromWho="3" sc="240,23,240,0,270,0,240,-13" /><INIT seed="2,0,0,5,2,53" ten="263,240,270,227" oya="2" hai0="111,121,80,90,114,110,42,131,95,19,99,33,64" hai1="51,105,77,109,32,133,45,126,82,6,14,88,108" hai2="118,22,62,37,16,132,84,60,41,23,43,85,81" hai3="129,93,124,31,28,67,72,4,35,78,65,123,40"/><V29/><F132/><W97/><G123/><T13/><D121/><U128/><E105/><V89/><F118/><W116/><G116/><T134/><D114/><U120/><E120/><V100/><F37/><W79/><G124/><T86/><D33/><U56/><E32/><V119/><F100/><W102/><G129/><T15/><D131/><U70/><E70/><V117/><F29/><N who="3" m="11339" /><G72/><T36/><D134/><U3/><E133/><V107/><F107/><W27/><G35/><T104/><D104/><U30/><E128/><V75/><F75/><W63/><G27/><T24/><D64/><N who="3" m="24649" /><G40/><T46/><D24/><U55/><E30/><V18/><F81/><W135/><G135/><T127/><D127/><U58/><E3/><V83/><F83/><W11/><G63/><T10/><REACH who="0" step="1"/><D15/><AGARI ba="0,0" hai="4,11,15,78,79,93,97,102" m="24649,11339" machi="15" ten="30,1000,0" yaku="8,1" doraHai="53" who="3" fromWho="0" sc="263,-10,240,0,270,0,227,10" /><INIT seed="3,0,0,4,4,5" ten="253,240,270,237" oya="3" hai0="124,1,10,43,35,74,66,50,40,3,44,123,129" hai1="127,73,24,17,26,108,118,38,91,110,21,48,101" hai2="8,20,113,51,57,115,6,121,64,29,87,62,34" hai3="85,78,23,119,33,30,100,131,63,76,25,109,81"/><W32/><G119/><T120/><D35/><U96/><E38/><V99/><F34/><W42/><G131/><T106/><D106/><U7/><E73/><V132/><F87/><W61/><G109/><N who="1" m="42090" /><E127/><V135/><F99/><W52/><G42/><T83/><D124/><U122/><E122/><V19/><F29/><W130/><G130/><T88/><D129/><U134/><E134/><N who="2" m="51243" /><F51/><W128/><G128/><T2/><D40/><U0/><E118/><V80/><F80/><W37/><G37/><T92/><D66/><U79/><E79/><V111/><F111/><W31/><G100/><T47/><D47/><U84/><E48/><V22/><F22/><W86/><G31/><T117/><D117/><U94/><E7/><V55/><F64/><W70/><G70/><T107/><D107/><N who="1" m="63911" /><E0/><N who="2" m="71" /><F121/><W102/><G102/><T28/><D1/><U93/><E93/><V82/><F82/><W49/><G33/><T71/><D2/><U77/><E77/><V9/><F9/><W27/><G78/><T67/><D83/><U36/><E36/><V12/><AGARI ba="0,0" hai="12,19,20,55,57,62,113,115" m="71,51243" machi="12" ten="30,2000,0" yaku="20,1,52,1" doraHai="5" who="2" fromWho="2" sc="253,-5,240,-5,270,20,237,-10" /><INIT seed="4,0,0,4,0,52" ten="248,235,290,227" oya="0" hai0="92,110,123,89,127,114,15,48,129,134,61,46,23" hai1="74,106,135,67,11,93,8,5,50,72,58,29,122" hai2="102,115,97,125,24,19,84,85,99,113,9,75,126" hai3="0,91,98,95,3,13,10,82,1,70,116,16,64"/><T36/><D123/><U90/><E106/><N who="2" m="63823" /><F99/><W22/><G116/><T28/><D114/><N who="2" m="43530" /><F75/><W111/><G111/><T133/><D36/><U7/><E122/><V47/><F47/><W118/><G118/><T55/><D110/><U79/><E79/><V105/><F105/><W21/><REACH who="3" step="1"/><G82/><REACH who="3" ten="248,235,290,217" step="2"/><T96/><D133/><U112/><E135/><V83/><F83/><W107/><G107/><T108/><D134/><U68/><E112/><V32/><F32/><W59/><G59/><T78/><D108/><U117/><E58/><V100/><F126/><W56/><G56/><T60/><D127/><U103/><E117/><V71/><F71/><W69/><G69/><T77/><D129/><U121/><E68/><V54/><F125/><W65/><G65/><T76/><REACH who="0" step="1"/><D15/><REACH who="0" ten="238,235,290,217" step="2"/><U38/><E121/><V26/><F24/><AGARI ba="0,2" hai="23,24,28,46,48,55,60,61,76,77,78,89,92,96" machi="24" ten="40,7700,0" yaku="1,1,2,1,8,1,53,0" doraHai="52" doraHaiUra="6" who="0" fromWho="2" sc="238,97,235,0,290,-77,217,0" owari="335,43.5,235,3.5,213,-28.7,217,-18.3" /></mjloggm>