<mjloggm ver="2.3"><GO type="225" lobby="0"/><UN n0="%E3%81%BF%E3%81%BF%E3%81%9A" n1="%E3%81%8B%E3%82%8F%E3%81%A1%E3%82%83%E3%82%93%35%38" n2="%E3%83%A9%E3%83%BC%E3%83%A1%E3%83%B3%E4%BA%94%E9%83%8E" n3="%E5%91%A8%E6%9D%B1" dan="18,16,16,17" rate="2253.79,2144.17,2153.16,2124.38" sx="M,M,M,M"/><TAIKYOKU oya="0"/><INIT seed="0,0,0,5,1,7" ten="250,250,250,250" oya="0" hai0="27,90,26,12,126,24,102,80,9,31,28,95,129" hai1="94,72,2,32,71,43,55,48,111,128,4,18,16" hai2="29,122,89,42,93,117,45,78,97,135,33,134,132" hai3="88,105,77,17,114,82,23,96,54,106,121,65,34"/><T123/><BYE who="1" /><D123/><U39/><E39/><UN n1="%E3%81%8B%E3%82%8F%E3%81%A1%E3%82%83%E3%82%93%35%38" /><V127/><F122/><W101/><G121/><T36/><D36/><U15/><E72/><V40/><F127/><W112/><G34/><T130/><D80/><U83/><E71/><V67/><F117/><W20/><G106/><T120/><D102/><U131/><E32/><V103/><F78/><W79/><G65/><T109/><D120/><U124/><E43/><N who="2" m="16427" /><F45/><W100/><G100/><T81/><D81/><U35/><E35/><V1/><F1/><W99/><G54/><T119/><D119/><U59/><E2/><V75/><F75/><W64/><G64/><T84/><D109/><U8/><E111/><V63/><F29/><W46/><G46/><T13/><D13/><U41/><E41/><V70/><F33/><W86/><G99/><T25/><N who="0" m="6144" /><DORA hai="118" /><T104/><D104/><U5/><E124/><V10/><F10/><W60/><G60/><T98/><D126/><U47/><E47/><V14/><F14/><W51/><G51/><T125/><D125/><U52/><E55/><V92/><F89/><W21/><REACH who="3" step="1"/><G17/><REACH who="3" ten="250,250,250,240" step="2"/><N who="0" m="8335" /><D98/><U6/><E18/><V110/><F110/><W3/><G3/><T58/><D58/><U37/><E37/><V74/><F97/><W108/><G108/><T62/><D62/><U113/><E59/><V53/><F103/><W61/><G61/><T22/><D28/><U57/><E57/><V38/><F38/><W69/><G69/><T85/><D31/><U91/><E16/><V30/><F30/><W107/><G107/><T44/><D44/><U11/><E5/><V73/><F53/><RYUUKYOKU ba="0,1" sc="250,-15,250,-15,250,15,240,15" hai2="63,67,70,73,74,92,93,132,134,135" hai3="20,21,23,77,79,82,86,88,96,101,105,112,114" /><INIT seed="1,1,1,0,4,22" ten="235,235,265,255" oya="1" hai0="56,130,125,77,12,6,105,128,85,50,122,34,72" hai1="18,133,124,19,119,98,127,83,65,87,15,11,97" hai2="126,94,14,103,39,93,16,106,92,71,95,27,108" hai3="117,54,61,107,109,25,67,21,100,43,115,73,13"/><U8/><E119/><V79/><F106/><W41/><G115/><T112/><D112/><U60/><E133/><V123/><F123/><W120/><G120/><T89/><D122/><U131/><E131/><N who="0" m="50217" /><D34/><U58/><E124/><V33/><F39/><W110/><G73/><T48/><D105/><U74/><E74/><V111/><F71/><W51/><G117/><T70/><D70/><U28/><E28/><N who="2" m="19615" /><F79/><W63/><G13/><T118/><D118/><U66/><E66/><V134/><F93/><W3/><G3/><T44/><D125/><U75/><E75/><V99/><F134/><W129/><G129/><T96/><D96/><N who="1" m="36971" /><E127/><V101/><F99/><N who="3" m="61855" /><G43/><T62/><D77/><N who="1" m="46575" /><E8/><N who="2" m="6215" /><F126/><W35/><G41/><T40/><D72/><U104/><E104/><V68/><F68/><W17/><G35/><T24/><D40/><U52/><E65/><V42/><F42/><W114/><G67/><N who="0" m="39367" /><D44/><U2/><E2/><V88/><F88/><W64/><G64/><T55/><D55/><U80/><E80/><V45/><F45/><N who="3" m="28015" /><G114/><T26/><D48/><U36/><E36/><V20/><F101/><W81/><G81/><N who="0" m="49327" /><D50/><U47/><E47/><V116/><F116/><W84/><G84/><T121/><D121/><U1/><E1/><V76/><F103/><W90/><G90/><T0/><D0/><U37/><E37/><V10/><F76/><W78/><G78/><T30/><D30/><U9/><E9/><AGARI ba="1,1" hai="6,9,12,24,26" m="49327,39367,50217" machi="9" ten="30,3900,0" yaku="19,1,52,2" doraHai="22" who="0" fromWho="1" sc="235,52,235,-42,265,0,255,0" /><INIT seed="2,0,0,1,0,87" ten="287,193,265,255" oya="2" hai0="46,42,101,110,27,0,25,20,83,3,88,31,121" hai1="105,45,73,2,114,29,126,39,50,9,35,63,89" hai2="64,78,57,36,123,133,106,26,118,107,74,82,135" hai3="19,113,22,53,60,11,54,72,13,67,58,85,79"/><V96/><F118/><W28/><G72/><T102/><D121/><U117/><E114/><V12/><F123/><W51/><G113/><T80/><D110/><U37/><E117/><V1/><F1/><W24/><G79/><T77/><D0/><U55/><E126/><V70/><F36/><W93/><REACH who="3" step="1"/><G51/><REACH who="3" ten="287,193,265,245" step="2"/><T97/><D77/><U68/><E73/><V90/><F74/><W86/><G86/><T109/><D109/><U119/><E39/><V6/><F78/><W47/><G47/><T132/><D46/><U122/><E37/><V30/><F135/><W56/><G56/><T91/><D132/><U92/><E119/><V33/><F57/><W104/><G104/><T84/><D84/><U124/><E105/><V134/><F134/><W120/><G120/><T115/><D115/><U18/><E122/><V65/><F133/><W125/><G125/><T32/><D97/><N who="1" m="57487" /><E124/><V40/><F107/><W59/><G59/><T81/><D42/><U131/><E45/><V112/><F112/><W128/><G128/><T52/><D3/><U49/><E131/><V62/><F40/><W94/><G94/><T69/><D69/><U7/><E68/><V75/><F70/><W116/><G116/><T5/><D80/><U95/><E95/><N who="2" m="56439" /><F106/><W103/><G103/><T16/><D81/><U99/><E99/><V10/><F62/><W76/><G76/><T43/><D83/><U15/><E63/><V108/><F108/><W34/><G34/><N who="0" m="20847" /><D43/><U61/><E61/><V14/><F75/><W100/><G100/><N who="0" m="38507" /><D32/><U8/><E55/><V71/><F71/><W48/><G48/><RYUUKYOKU ba="0,1" sc="287,-15,193,15,265,-15,245,15" hai1="2,7,8,9,15,18,29,35,49,50" hai3="11,13,19,22,24,28,53,54,58,60,67,85,93" /><INIT seed="3,1,1,0,5,112" ten="272,208,250,260" oya="3" hai0="51,121,61,36,75,11,33,49,18,76,6,108,47" hai1="52,53,116,25,122,0,63,120,99,119,85,57,84" hai2="38,65,127,59,109,81,118,55,80,79,46,1,14" hai3="124,86,16,132,48,67,97,12,62,77,73,78,69"/><W100/><G73/><T15/><D121/><U4/><E0/><V29/><F1/><W102/><G132/><T104/><D104/><U110/><E4/><V8/><F109/><W10/><G124/><T41/><D108/><U13/><E110/><V22/><F127/><W128/><G128/><T26/><D61/><U70/><E70/><V40/><F65/><W27/><G48/><T71/><D71/><U58/><E13/><V126/><F126/><W20/><G86/><T135/><D135/><U91/><E25/><V2/><F2/><W74/><G74/><T43/><D43/><U98/><E91/><V82/><F118/><W113/><G113/><T54/><D33/><U37/><E63/><V125/><F125/><W3/><G3/><T9/><D36/><AGARI ba="1,1" hai="36,37,52,53,57,58,84,85,98,99,116,119,120,122" machi="36" ten="25,8000,1" yaku="22,2,52,2,54,1" doraHai="112" who="1" fromWho="0" sc="272,-83,208,93,250,0,260,0" owari="189,-31.1,301,40.1,250,-15.0,260,6.0" /></mjloggm>