<mjloggm ver="2.3"><GO type="225" lobby="0"/><UN n0="%E3%82%BF%E3%83%BC%E3%83%90%E3%83%B3%E9%87%8E%E5%8F%A3" n1="%4E%49%4A%49%49%52%4F" n2="%E7%99%BD%E9%9B%AA%E4%B9%83%E6%84%9B" n3="%47%68%6F%73%74%55%30" dan="16,17,16,17" rate="2136.14,2232.49,2065.04,2149.17" sx="M,M,F,M"/><TAIKYOKU oya="0"/><INIT seed="0,0,0,2,3,52" ten="250,250,250,250" oya="0" hai0="115,10,86,91,92,75,96,51,93,110,70,3,35" hai1="45,31,77,111,53,33,104,95,14,27,97,116,89" hai2="99,24,30,5,44,81,34,129,100,76,9,56,11" hai3="105,127,119,132,20,42,109,36,131,80,135,37,108"/><T122/><D122/><U15/><E116/><V117/><F129/><W13/><G80/><T22/><D115/><U118/><E118/><V128/><F128/><W85/><G85/><T107/><D35/><U47/><E111/><N who="3" m="42570" /><G13/><T126/><D110/><U60/><E104/><V32/><F117/><W79/><G20/><T0/><D70/><U68/><E77/><V57/><F34/><W63/><G79/><T67/><D67/><U54/><E68/><V102/><F44/><N who="3" m="23623" /><G105/><T48/><D75/><U49/><E60/><V4/><F9/><W29/><G29/><T124/><D107/><U64/><E64/><V69/><F69/><W41/><G131/><T101/><D22/><U78/><E78/><V73/><F99/><W59/><G127/><N who="0" m="48683" /><D10/><U88/><E89/><V71/><F71/><W6/><G6/><T98/><D98/><U72/><E72/><V121/><F121/><W25/><G25/><T130/><D130/><U103/><E103/><V65/><F4/><W7/><G7/><T12/><D12/><U84/><E84/><V58/><REACH who="2" step="1"/><F65/><REACH who="2" ten="250,250,240,250" step="2"/><N who="3" m="39167" /><G119/><T62/><D96/><U46/><E46/><AGARI ba="0,1" hai="37,41,46,132,135" m="39167,23623,42570" machi="46" ten="30,7700,0" yaku="14,1,34,2,52,1" doraHai="52" who="3" fromWho="1" sc="250,0,250,-77,240,0,250,87" /><INIT seed="1,0,0,1,0,35" ten="250,173,240,337" oya="1" hai0="54,100,11,29,2,13,133,104,25,3,6,79,81" hai1="99,42,12,60,28,94,122,130,63,41,78,16,24" hai2="61,118,56,107,36,57,8,115,85,70,86,45,18" hai3="82,112,93,123,43,44,95,14,96,22,75,105,111"/><U1/><E1/><V4/><F118/><W65/><G112/><T92/><D104/><U17/><E130/><V87/><F107/><W74/><G123/><T121/><D121/><U129/><E129/><V33/><F115/><W98/><G105/><T124/><D133/><U80/><E122/><V26/><F70/><W69/><G111/><T66/><D124/><U76/><E60/><V113/><F113/><W47/><G65/><T101/><D66/><U103/><E63/><V51/><F36/><W53/><G82/><T62/><D54/><U19/><E12/><V67/><F57/><W30/><G53/><T134/><D62/><U40/><REACH who="1" step="1"/><E80/><REACH who="1" ten="250,163,240,337" step="2"/><V109/><F109/><W91/><G14/><T89/><D134/><U106/><E106/><V49/><F61/><W116/><G116/><T64/><D64/><U7/><E7/><V32/><F67/><W120/><G120/><T23/><D100/><U126/><E126/><V90/><F4/><W31/><G69/><T108/><D101/><U37/><E37/><V135/><F135/><W27/><G31/><T97/><REACH who="0" step="1"/><D108/><REACH who="0" ten="240,163,240,337" step="2"/><U88/><E88/><V110/><F90/><W119/><G91/><T55/><D55/><U21/><AGARI ba="0,2" hai="16,17,19,21,24,28,40,41,42,76,78,94,99,103" machi="21" ten="30,11700,0" yaku="1,1,0,1,8,1,54,1,53,0" doraHai="35" doraHaiUra="125" who="1" fromWho="1" sc="240,-39,163,137,240,-39,337,-39" /><INIT seed="1,1,0,3,0,37" ten="201,300,201,298" oya="1" hai0="107,98,19,17,115,104,89,36,2,68,121,9,108" hai1="122,58,22,38,59,57,7,48,11,53,110,27,52" hai2="64,93,132,56,26,126,72,71,130,82,29,113,79" hai3="112,124,31,40,24,85,50,134,8,61,3,129,127"/><U123/><E38/><V120/><F120/><W97/><G112/><T91/><D115/><U23/><E110/><V119/><F113/><W114/><G114/><T1/><D36/><U16/><E22/><V88/><F119/><W49/><G129/><T95/><D68/><U81/><E81/><V15/><F130/><W12/><G3/><T94/><D98/><U32/><E32/><V109/><F109/><W128/><G128/><T5/><D108/><U45/><REACH who="1" step="1"/><E53/><REACH who="1" ten="201,290,201,298" step="2"/><V101/><F132/><W30/><G134/><T67/><D121/><U76/><E76/><V90/><F126/><W87/><G124/><T75/><D9/><U13/><AGARI ba="1,1" hai="7,11,13,16,23,27,45,48,52,57,58,59,122,123" machi="13" ten="30,11700,0" yaku="1,1,0,1,54,2,53,0" doraHai="37" doraHaiUra="25" who="1" fromWho="1" sc="201,-40,290,130,201,-40,298,-40" /><INIT seed="1,2,0,1,4,33" ten="161,420,161,258" oya="1" hai0="30,122,69,80,7,14,79,34,2,13,43,134,90" hai1="21,109,19,130,12,38,84,51,48,4,125,129,47" hai2="63,29,98,110,60,108,103,62,53,31,74,6,99" hai3="55,115,107,95,11,8,26,78,83,73,120,119,75"/><U0/><E125/><V1/><F74/><W71/><G107/><T106/><D69/><U16/><E109/><N who="2" m="42091" /><F53/><W40/><G115/><T117/><D106/><U28/><E28/><N who="2" m="10827" /><F103/><W64/><G26/><N who="0" m="18775" /><D117/><U111/><E111/><V67/><F67/><W114/><G120/><T128/><D122/><U20/><E38/><V39/><F39/><W54/><G114/><T25/><D25/><U131/><E84/><V94/><F94/><W46/><G119/><T58/><D58/><U93/><E93/><V59/><F59/><W96/><G73/><N who="0" m="43119" /><D90/><U50/><E4/><V17/><F17/><W118/><G118/><T35/><D35/><U101/><E0/><V91/><F91/><W49/><G95/><T61/><D61/><U85/><E85/><V104/><F104/><W92/><G92/><T37/><D134/><U126/><E101/><V41/><F41/><W116/><G96/><N who="2" m="36905" /><F6/><W121/><G116/><T57/><D57/><U10/><E126/><V44/><F44/><W123/><G123/><T68/><D68/><U133/><E133/><V100/><F100/><W56/><G121/><T42/><D42/><U112/><E112/><V32/><F32/><W87/><G75/><T52/><D52/><N who="3" m="20009" /><G71/><T5/><D5/><N who="1" m="3151" /><E47/><V65/><F65/><W23/><G56/><T45/><D128/><U22/><AGARI ba="2,0" hai="16,19,20,21,22,48,50,51,129,130,131" m="3151" machi="22" ten="40,12000,1" yaku="29,2,19,1,54,1" doraHai="33" who="1" fromWho="1" sc="161,-42,420,126,161,-42,258,-42" /><INIT seed="1,3,0,5,1,72" ten="119,546,119,216" oya="1" hai0="107,53,41,60,71,124,102,0,105,104,112,59,25" hai1="7,46,33,4,1,116,125,86,69,43,42,73,19" hai2="103,44,82,119,128,35,23,47,133,30,129,97,120" hai3="57,85,131,38,48,32,76,54,24,110,13,99,67"/><U80/><E116/><V96/><F35/><W83/><G110/><T95/><D112/><U26/><E69/><V49/><F119/><W39/><G131/><N who="2" m="50249" /><F120/><W98/><G67/><T31/><D0/><U3/><E125/><V37/><F133/><W87/><G13/><T123/><D124/><U34/><E73/><V17/><F30/><W132/><G132/><T121/><D41/><U109/><E109/><V81/><F37/><W50/><G38/><T66/><D95/><U126/><E126/><V127/><F127/><W62/><G39/><T75/><D75/><U106/><E106/><N who="2" m="63847" /><F97/><N who="3" m="36875" /><G32/><T6/><D6/><U51/><E3/><V118/><F118/><W52/><G85/><T29/><D102/><U20/><E1/><V28/><F28/><W18/><G54/><T117/><D117/><U40/><E33/><V91/><F91/><W113/><G113/><T5/><D5/><U114/><E34/><V36/><F36/><W100/><G100/><T45/><D121/><U14/><E114/><V78/><F78/><W11/><G11/><T61/><D123/><U77/><E4/><V65/><F65/><W94/><G94/><T90/><D31/><U108/><E108/><V79/><F79/><W63/><G48/><T92/><D29/><U130/><E130/><V22/><F22/><AGARI ba="3,0" hai="18,22,24,50,52,57,62,63,76,83,87" m="36875" machi="22" ten="30,3900,0" yaku="8,1,52,1,54,1" doraHai="72" who="3" fromWho="2" sc="119,0,546,0,119,-48,216,48" /><INIT seed="2,0,0,5,4,64" ten="119,546,71,264" oya="2" hai0="70,24,41,16,32,0,17,124,28,91,5,133,34" hai1="115,47,131,1,29,72,55,90,105,43,2,117,6" hai2="40,100,125,53,12,134,83,51,123,98,106,58,25" hai3="113,129,19,27,89,128,126,46,73,22,77,107,127"/><V103/><F123/><W37/><G107/><T11/><D41/><U119/><E115/><V122/><F122/><W7/><G89/><T99/><D70/><U62/><E131/><N who="3" m="50250" /><G77/><T63/><D63/><U86/><E72/><V118/><F118/><W87/><G87/><T104/><D91/><U93/><E105/><V39/><F134/><W3/><G73/><T135/><D99/><U57/><E29/><V48/><F125/><N who="3" m="47627" /><G46/><T45/><D104/><U110/><E110/><V36/><F103/><W76/><G76/><T79/><D45/><U65/><E65/><V111/><F111/><W20/><G37/><T69/><D79/><U59/><E59/><V74/><F25/><W60/><G60/><T71/><D124/><U66/><E66/><V31/><F31/><N who="3" m="17895" /><G113/><T112/><D112/><U109/><E109/><V130/><F130/><W35/><G35/><T96/><D96/><U101/><E101/><V4/><F83/><W13/><G7/><T82/><D82/><U10/><E117/><V132/><F74/><W26/><G3/><T84/><D84/><U50/><E119/><V23/><F132/><N who="0" m="50762" /><D34/><U85/><E1/><V78/><F78/><W80/><G80/><T120/><D120/><U75/><E75/><V95/><F106/><W68/><G68/><T33/><D33/><U67/><E67/><V108/><F108/><W8/><G8/><T114/><D114/><U9/><E9/><N who="2" m="4135" /><F23/><W88/><G88/><T18/><AGARI ba="0,0" hai="0,5,11,16,17,18,24,28,32,69,71" m="50762" machi="18" ten="30,7900,0" yaku="20,1,52,2,54,1" doraHai="64" who="0" fromWho="0" sc="119,79,546,-20,71,-39,264,-20" /><INIT seed="3,0,0,3,3,29" ten="198,526,32,244" oya="3" hai0="0,8,86,115,97,89,117,119,101,32,22,94,76" hai1="130,111,35,71,43,85,127,62,135,44,109,90,93" hai2="26,131,10,68,5,123,103,52,60,116,59,25,53" hai3="40,56,19,51,48,134,7,4,77,33,99,105,46"/><W66/><G134/><T69/><D69/><U73/><E73/><V64/><F116/><W37/><G77/><T23/><D115/><U36/><E135/><V78/><F123/><W120/><G120/><T91/><D32/><U98/><E35/><V100/><F131/><W47/><G37/><T11/><D76/><U110/><E130/><V96/><F78/><W41/><G33/><T132/><D132/><U82/><E127/><V80/><F80/><W104/><G19/><T30/><D30/><U106/><E106/><V18/><F18/><W87/><G87/><T17/><D91/><U6/><E6/><V126/><F126/><W50/><G50/><T65/><D65/><N who="1" m="41399" /><E82/><V39/><F103/><W38/><G38/><T107/><D23/><U114/><E114/><V63/><F39/><W54/><G66/><T122/><D122/><U92/><E92/><V9/><F53/><W112/><G112/><T55/><D55/><U118/><E118/><V75/><F75/><W113/><G113/><T133/><D133/><U1/><E1/><V15/><F9/><N who="0" m="3658" /><D0/><U125/><E125/><V42/><F42/><W72/><G72/><T20/><D20/><U3/><E3/><V2/><F2/><W121/><G121/><T83/><D107/><U102/><E85/><V12/><F12/><W84/><G104/><T79/><D79/><U108/><E108/><V16/><F5/><W95/><G105/><T27/><D119/><U21/><E21/><V74/><F74/><W129/><G129/><T61/><D117/><U70/><E70/><V34/><F34/><W24/><G54/><RYUUKYOKU ba="0,0" sc="198,10,526,10,32,10,244,-30" hai0="17,22,27,61,83,86,89,94,97,101" hai1="36,43,44,90,93,98,102,109,110,111" hai2="10,15,16,25,26,52,59,60,63,64,68,96,100" owari="208,-19.2,536,63.6,42,-45.8,214,1.4" /></mjloggm>