<mjloggm ver="2.3"><GO type="225" lobby="0"/><UN n0="%E3%83%97%E3%83%92" n1="%E3%81%B5%E3%81%98%E3%81%8B%E3%81%A4" n2="%E6%B4%BE%E9%81%A3%E3%81%AE%E3%82%B8%E3%83%A3%E3%83%83%E3%82%AF" n3="%E3%81%99%E3%81%84%E3%81%BE%E3%81%9B%E3%83%BC%E3%82%93" dan="17,16,17,17" rate="2169.01,2192.28,2198.28,2244.71" sx="M,M,M,M"/><TAIKYOKU oya="0"/><INIT seed="0,0,0,4,3,52" ten="250,250,250,250" oya="0" hai0="41,114,107,130,66,98,87,110,32,23,49,12,85" hai1="77,46,88,56,15,118,101,123,121,24,104,80,43" hai2="27,34,63,26,50,57,59,89,5,6,51,120,78" hai3="0,75,81,10,28,33,2,19,82,117,21,3,115"/><T119/><D114/><U86/><E118/><V134/><F120/><W55/><G115/><T29/><D119/><U84/><E24/><N who="2" m="9259" /><F34/><W62/><G117/><T95/><D107/><U44/><E44/><V13/><F78/><W132/><G132/><T135/><D32/><U16/><E104/><V133/><F89/><W100/><G100/><T103/><D135/><N who="2" m="51722" /><F63/><W125/><G125/><T108/><D66/><U38/><E101/><V14/><F14/><W116/><G116/><T122/><D122/><U105/><E105/><V94/><F94/><W11/><G75/><T35/><D35/><U17/><E17/><V102/><F102/><W113/><G113/><T74/><D74/><U20/><REACH who="1" step="1"/><E56/><REACH who="1" ten="250,240,250,250" step="2"/><N who="2" m="21579" /><F6/><W40/><G33/><T128/><D103/><U58/><E58/><V126/><F126/><W18/><G62/><T22/><D110/><U93/><AGARI ba="0,1" hai="15,16,20,38,43,46,77,80,84,86,88,93,121,123" machi="93" ten="20,8000,1" yaku="1,1,0,1,7,1,54,2,53,0" doraHai="52" doraHaiUra="111" who="1" fromWho="1" sc="250,-40,240,90,250,-20,250,-20" /><INIT seed="1,0,0,0,0,89" ten="210,330,230,230" oya="1" hai0="10,2,72,70,95,93,23,1,71,31,107,127,103" hai1="73,67,3,0,57,56,121,111,88,82,112,34,87" hai2="69,119,25,99,126,35,117,46,102,123,52,75,101" hai3="105,116,43,19,113,115,54,49,124,58,74,40,44"/><U128/><E121/><V90/><F123/><W12/><G74/><T29/><D72/><U24/><E112/><V47/><F75/><W37/><G124/><T60/><D107/><U17/><E128/><V30/><F126/><W78/><G116/><T13/><D127/><U26/><E73/><V130/><F130/><W21/><G78/><T5/><D103/><U84/><E67/><V42/><F69/><W61/><G105/><T66/><D70/><U7/><E7/><V68/><F68/><W63/><G43/><T14/><D14/><U4/><E4/><V92/><F102/><W110/><G110/><T122/><D122/><U94/><E111/><V64/><F64/><W132/><REACH who="3" step="1"/><G132/><REACH who="3" ten="210,330,230,220" step="2"/><T120/><D120/><U83/><E0/><V16/><F117/><W80/><G80/><T134/><D134/><U96/><E3/><V8/><F119/><W51/><G51/><T100/><D1/><U65/><E82/><V97/><F42/><W55/><G55/><T11/><D2/><U18/><E83/><V135/><F135/><W108/><G108/><T129/><D129/><U91/><E65/><V86/><F52/><W6/><G6/><T85/><D5/><U28/><E34/><V131/><F131/><W41/><G41/><T109/><D109/><U79/><E79/><V39/><F39/><W118/><G118/><T50/><D50/><U48/><E48/><V32/><F32/><W33/><G33/><T20/><D66/><U106/><E106/><V76/><F76/><W53/><G53/><T45/><D71/><U81/><E81/><V133/><F133/><RYUUKYOKU ba="0,1" sc="210,-10,330,-10,230,-10,220,30" hai3="12,19,21,37,40,44,49,54,58,61,63,113,115" /><INIT seed="2,1,1,0,2,111" ten="200,320,220,250" oya="2" hai0="68,70,39,100,53,22,99,72,92,128,89,62,52" hai1="77,63,113,23,120,75,67,21,106,97,20,36,84" hai2="82,56,122,114,123,135,5,61,34,105,43,78,58" hai3="45,54,125,51,112,66,83,55,35,95,16,126,103"/><V9/><F105/><W79/><G35/><T76/><D128/><U90/><E120/><V11/><F34/><W71/><G112/><T47/><D72/><U30/><E36/><V24/><F24/><W19/><G55/><T74/><D74/><U37/><E37/><V26/><F26/><W127/><G66/><T104/><D76/><U1/><E1/><V121/><F135/><W50/><G71/><T48/><D22/><U107/><E113/><V49/><F114/><W87/><G51/><T69/><D39/><U81/><E30/><V59/><F61/><W15/><G15/><T38/><D38/><U4/><E4/><V108/><F108/><W14/><G14/><T10/><D10/><U2/><E2/><V17/><F17/><W13/><G13/><T6/><D6/><U88/><E90/><V119/><F119/><W44/><G44/><T94/><REACH who="0" step="1"/><D89/><REACH who="0" ten="190,320,220,250" step="2"/><U98/><E75/><N who="2" m="43359" /><F5/><W32/><G32/><T102/><D102/><U86/><E77/><V80/><F9/><W46/><G103/><T41/><D41/><U18/><E21/><V133/><F11/><W42/><G95/><T117/><D117/><U101/><E23/><V31/><F133/><W129/><G129/><T0/><D0/><U91/><E101/><V132/><F132/><W124/><G124/><T7/><D7/><U25/><E107/><V3/><F3/><W64/><G127/><T118/><D118/><U12/><E106/><V85/><F43/><W116/><G116/><T40/><D40/><U130/><E130/><V33/><F33/><W131/><G131/><T109/><D109/><RYUUKYOKU ba="1,2" sc="190,30,320,-10,220,-10,250,-10" hai0="47,48,52,53,62,68,69,70,92,94,99,100,104" /><INIT seed="3,2,2,4,2,104" ten="220,310,210,240" oya="3" hai0="79,67,73,23,63,122,86,55,20,70,121,11,92" hai1="39,46,68,41,110,25,3,99,123,101,78,117,7" hai2="37,62,60,38,129,40,133,88,49,22,112,100,83" hai3="54,94,29,108,132,8,21,97,118,69,127,64,65"/><W75/><G118/><T24/><D23/><U96/><E123/><V115/><F100/><W42/><G75/><T111/><D111/><U82/><E110/><V50/><F22/><W14/><G108/><T56/><D11/><N who="1" m="2559" /><E68/><V18/><F18/><W27/><G132/><T105/><D105/><N who="1" m="63655" /><E99/><V76/><F76/><W95/><G127/><T120/><D73/><N who="1" m="43343" /><E25/><V130/><F83/><W30/><G69/><T89/><D79/><U107/><E107/><V53/><F88/><N who="3" m="55495" /><G29/><T87/><D87/><U113/><E113/><N who="2" m="43595" /><F133/><W119/><G119/><AGARI ba="2,2" hai="39,41,46,117,119" m="43343,63655,2559" machi="119" ten="30,3900,0" yaku="25,1,23,1,52,1" doraHai="104" who="1" fromWho="3" sc="220,0,310,65,210,0,240,-45" owari="220,2.0,375,47.5,210,-19.0,195,-30.5" /></mjloggm>