<mjloggm ver="2.3"><GO type="225" lobby="0"/><UN n0="%E6%98%93%E5%88%A9%E8%96%A9%E4%BC%AF" n1="%6D%75%75%73%61%6E%6D%75" n2="%E4%B8%89%E5%88%86%E5%B0%8F%E5%83%A7" n3="%E8%A8%88%E7%AE%97%E6%A9%9F%E8%87%AA%E7%84%B6" dan="16,17,16,17" rate="2113.11,2155.28,2082.59,2172.44" sx="F,F,M,M"/><TAIKYOKU oya="0"/><INIT seed="0,0,0,1,5,108" ten="250,250,250,250" oya="0" hai0="121,94,120,24,37,41,5,29,129,38,53,125,104" hai1="75,63,124,31,112,49,72,60,0,43,130,110,57" hai2="114,68,135,50,116,87,96,67,54,118,14,42,73" hai3="109,6,117,4,55,74,131,111,18,11,90,32,3"/><T23/><D104/><U13/><E0/><V46/><F73/><W100/><G74/><T47/><D129/><U45/><E110/><N who="3" m="41994" /><G90/><T83/><D125/><U21/><E124/><V85/><F135/><W77/><G77/><T33/><D38/><U128/><E75/><V86/><F114/><W52/><G117/><N who="2" m="45161" /><F14/><N who="3" m="7519" /><G131/><N who="1" m="50218" /><E72/><V59/><F96/><W81/><G81/><T69/><D83/><U34/><E34/><V132/><F132/><W65/><G32/><T1/><D69/><U9/><E57/><V8/><F8/><N who="3" m="2079" /><G6/><T115/><D5/><N who="1" m="3247" /><E112/><V44/><F42/><W122/><G122/><T113/><D1/><U7/><E7/><V71/><F71/><W2/><G2/><T61/><D94/><U35/><E35/><V39/><F39/><W102/><G65/><T58/><REACH who="0" step="1"/><D33/><REACH who="0" ten="240,250,250,250" step="2"/><U64/><E64/><V28/><F67/><W16/><G16/><T22/><D22/><U88/><E88/><V91/><F91/><W126/><G126/><T92/><D92/><U76/><E76/><V106/><F106/><W26/><G26/><AGARI ba="0,1" hai="21,26,31,43,45,49,60,63" m="3247,50218" machi="26" ten="30,1000,0" yaku="19,1" doraHai="108" who="1" fromWho="3" sc="240,0,250,20,250,0,250,-10" /><INIT seed="1,0,0,3,5,95" ten="240,270,250,240" oya="1" hai0="120,22,37,28,93,14,116,67,77,56,4,11,84" hai1="26,68,83,102,55,87,54,5,98,23,43,6,97" hai2="92,45,48,33,13,27,61,107,15,108,82,125,105" hai3="81,12,0,2,124,44,115,42,65,113,126,57,73"/><U72/><E68/><V101/><F108/><W50/><G12/><T16/><D116/><U9/><E72/><V123/><F123/><W129/><G81/><T71/><D37/><U76/><E43/><V29/><F125/><N who="3" m="48235" /><G73/><T51/><D120/><U94/><E97/><V86/><F61/><N who="3" m="38063" /><G0/><T52/><D28/><U109/><E109/><V40/><F92/><W74/><G2/><T106/><D106/><U53/><REACH who="1" step="1"/><E9/><REACH who="1" ten="240,260,250,240" step="2"/><V21/><F101/><W118/><G74/><T133/><D71/><U122/><E122/><V75/><F75/><W135/><G118/><T134/><D67/><U69/><E69/><V46/><F107/><W91/><G129/><T41/><D41/><U60/><E60/><V31/><F105/><W88/><G135/><T130/><D130/><U58/><E58/><V34/><F46/><W128/><G128/><T35/><D134/><U99/><E99/><V7/><F45/><W127/><N who="3" m="48243" /><W79/><DORA hai="104" /><G79/><T85/><D133/><U18/><AGARI ba="0,1" hai="5,6,18,23,26,53,54,55,76,83,87,94,98,102" machi="18" ten="30,11700,0" yaku="1,1,0,1,8,1,52,1,53,0" doraHai="95,104" doraHaiUra="47,66" who="1" fromWho="1" sc="240,-39,260,127,250,-39,240,-39" /><INIT seed="1,1,0,4,4,36" ten="201,387,211,201" oya="1" hai0="98,118,51,81,102,19,52,86,53,15,110,115,18" hai1="90,124,58,87,23,16,123,3,89,28,99,64,1" hai2="68,10,62,135,47,71,134,109,6,120,13,5,97" hai3="125,35,67,129,45,48,96,27,49,82,21,57,54"/><U117/><E123/><V73/><F120/><W100/><G129/><T77/><D110/><U85/><E117/><V8/><F109/><W132/><G125/><T80/><D118/><U93/><E124/><V131/><F131/><W59/><G132/><N who="2" m="50729" /><F73/><W60/><G35/><T20/><D115/><U76/><E28/><V104/><F62/><W69/><G82/><T128/><D128/><U12/><E76/><V126/><F126/><W103/><G96/><T9/><D80/><U122/><E122/><V26/><F26/><W107/><G107/><T17/><D51/><U33/><E33/><V75/><F75/><W114/><G114/><T39/><D39/><U119/><E119/><V25/><F25/><W72/><G72/><T130/><D130/><U95/><E99/><V66/><F66/><W112/><G112/><T30/><D30/><U24/><E24/><V43/><F97/><W56/><REACH who="3" step="1"/><G48/><REACH who="3" ten="201,387,211,191" step="2"/><T29/><D98/><U113/><E113/><V50/><F104/><W32/><G32/><T94/><D94/><U116/><E116/><V38/><F50/><W55/><G55/><T11/><D52/><U22/><E64/><V78/><F78/><W83/><G83/><T41/><D53/><U61/><E93/><V31/><F31/><AGARI ba="1,1" hai="21,27,31,45,49,54,56,57,59,60,67,69,100,103" machi="31" ten="40,2600,0" yaku="1,1,53,1" doraHai="36" doraHaiUra="44" who="3" fromWho="2" sc="201,0,387,0,211,-29,191,39" /><INIT seed="2,0,0,2,4,96" ten="201,387,182,230" oya="2" hai0="0,84,18,4,10,39,134,3,77,67,17,32,13" hai1="30,46,45,38,89,104,26,91,86,119,15,133,94" hai2="113,66,58,81,16,69,102,80,132,122,55,82,62" hai3="135,61,6,41,68,56,50,126,109,76,116,125,9"/><V90/><F113/><W107/><G116/><T21/><D39/><U59/><E104/><V24/><F122/><W74/><G107/><T49/><D67/><U33/><E119/><V121/><F121/><W1/><G109/><T52/><D32/><U87/><E133/><V93/><F132/><W120/><G120/><T110/><D110/><U35/><E35/><V44/><F44/><W70/><G135/><T14/><D4/><U71/><E71/><V25/><F16/><W115/><G115/><T106/><D106/><U85/><E38/><V130/><F130/><W105/><G105/><T12/><D12/><U92/><E86/><V22/><F22/><W127/><G76/><T99/><D99/><U97/><E97/><V101/><F24/><W65/><G74/><T19/><D19/><U98/><E98/><N who="2" m="57655" /><F25/><W64/><G64/><T124/><D124/><U117/><E117/><V47/><F69/><W72/><G72/><T28/><D28/><U36/><E36/><V60/><F60/><W29/><G29/><T27/><D27/><U108/><E108/><V88/><F88/><W57/><G68/><T78/><D134/><U23/><E59/><N who="2" m="37215" /><F47/><AGARI ba="0,0" hai="1,6,9,41,47,50,56,57,61,65,70,125,126,127" machi="47" ten="40,1300,0" yaku="18,1" doraHai="96" who="3" fromWho="2" sc="201,0,387,0,182,-13,230,13" /><INIT seed="3,0,0,2,5,122" ten="201,387,169,243" oya="3" hai0="128,130,23,68,89,24,118,102,43,119,7,8,92" hai1="48,133,29,4,38,35,124,78,79,90,37,104,3" hai2="110,76,63,50,96,51,61,97,46,32,117,64,116" hai3="33,75,99,60,72,111,101,77,132,27,125,30,56"/><W65/><G125/><T14/><D68/><U34/><E104/><V18/><F32/><W21/><G132/><T6/><D102/><U83/><E90/><V74/><F74/><W71/><G111/><T16/><D43/><U106/><E48/><V115/><F115/><W13/><G77/><T69/><D69/><U121/><E79/><V126/><F126/><W120/><G120/><T123/><D123/><U84/><E121/><V10/><F76/><W52/><G13/><T80/><D80/><U12/><E12/><V109/><F46/><W73/><G21/><T41/><D41/><U103/><E84/><V2/><F2/><W107/><G73/><T57/><D57/><U108/><E133/><V47/><F47/><W66/><G66/><T127/><D7/><U59/><E59/><V42/><F42/><W62/><AGARI ba="0,0" hai="27,30,33,52,56,60,62,65,71,72,75,99,101,107" machi="62" ten="20,12000,1" yaku="0,1,7,1,25,2,54,1" doraHai="122" who="3" fromWho="3" sc="201,-40,387,-40,169,-40,243,120" owari="161,-23.9,347,14.7,129,-37.1,363,46.3" /></mjloggm>