<mjloggm ver="2.3"><GO type="225" lobby="0"/><UN n0="%E3%81%99%E3%81%84%E3%81%BE%E3%81%9B%E3%83%BC%E3%82%93" n1="%E3%83%97%E3%83%AC%E3%83%B4%E3%82%A1%E3%83%86%E3%82%A3" n2="%E3%82%A2%E3%82%A4%E3%82%B9%E3%83%86%E3%82%A3%E3%83%BC%E3%81%82%E3%81%B9" n3="%77%72%77%72%77%72%77%72" dan="17,16,16,16" rate="2237.80,2106.15,2080.36,2253.53" sx="M,F,M,M"/><TAIKYOKU oya="0"/><INIT seed="0,0,0,1,3,60" ten="250,250,250,250" oya="0" hai0="41,47,99,72,95,121,59,75,103,27,9,10,81" hai1="132,65,62,44,58,112,113,66,49,45,50,74,28" hai2="82,32,124,123,96,23,24,122,109,104,77,88,51" hai3="91,39,93,25,21,78,126,89,107,2,57,120,6"/><T0/><D121/><U63/><E74/><V84/><F109/><W110/><G110/><T128/><D128/><U125/><E28/><V100/><F124/><W64/><G126/><T80/><D27/><U34/><E34/><V29/><F32/><W56/><G107/><T54/><D75/><U98/><E98/><V55/><REACH who="2" step="1"/><F77/><REACH who="2" ten="250,250,240,250" step="2"/><W38/><G78/><T115/><D115/><N who="1" m="44107" /><E125/><V116/><F116/><W7/><G120/><T15/><D72/><U5/><E5/><V135/><F135/><W35/><G7/><T102/><D0/><U52/><E132/><V22/><F22/><W53/><G6/><T133/><D133/><U134/><E134/><V94/><F94/><W114/><G35/><T127/><D127/><U68/><E49/><V67/><F67/><W3/><G64/><T111/><D111/><U17/><E17/><V42/><F42/><W70/><G2/><T76/><D41/><U31/><E31/><V90/><F90/><W73/><G91/><T92/><D76/><U19/><E19/><V130/><F130/><W18/><G3/><T118/><D118/><U87/><E87/><V119/><F119/><W71/><G73/><T1/><D1/><U105/><E105/><V12/><F12/><W26/><G114/><T8/><D15/><U40/><E40/><V11/><F11/><W108/><G108/><T43/><D43/><U69/><AGARI ba="0,1" hai="44,45,50,52,58,62,63,65,66,68,69" m="44107" machi="69" ten="30,12000,2" yaku="11,1,34,2,52,2,54,1" doraHai="60" who="1" fromWho="1" sc="250,-60,250,130,240,-30,250,-30" /><INIT seed="1,0,0,2,3,81" ten="190,380,210,220" oya="1" hai0="38,61,101,55,106,33,105,43,34,128,20,56,16" hai1="104,42,132,7,45,68,18,115,114,15,75,59,112" hai2="50,23,111,86,13,11,66,60,98,117,93,51,9" hai3="32,92,107,64,44,77,26,113,21,108,131,52,36"/><U71/><E75/><V129/><F111/><W12/><G113/><T121/><D128/><U99/><E7/><V49/><F117/><W25/><G107/><T78/><D121/><U74/><E74/><V17/><F129/><W90/><G131/><T14/><D78/><U22/><E132/><V126/><F126/><W85/><G32/><T95/><D106/><U73/><E73/><V133/><F133/><W89/><G77/><T125/><D105/><U3/><E3/><V63/><F86/><N who="3" m="52279" /><G64/><T27/><D125/><U83/><E83/><V47/><F47/><W102/><G102/><T110/><D110/><U37/><REACH who="1" step="1"/><E59/><REACH who="1" ten="190,370,210,220" step="2"/><N who="2" m="37151" /><F63/><W24/><G108/><T87/><D61/><U70/><E70/><V54/><F54/><W127/><G127/><T72/><D55/><U76/><E76/><V41/><F41/><W88/><G52/><T69/><D69/><U31/><E31/><V134/><F134/><W84/><G36/><T30/><D38/><U39/><E39/><V28/><F28/><W29/><G29/><T91/><D43/><U119/><E119/><V46/><F46/><W130/><G44/><T80/><D34/><U120/><E120/><V118/><F118/><W82/><G130/><T48/><D72/><U94/><E94/><V96/><F93/><N who="3" m="54407" /><G12/><T109/><D109/><U5/><E5/><V62/><F62/><W79/><G79/><T123/><D123/><U58/><E58/><V1/><F1/><W8/><G26/><T6/><D56/><U2/><E2/><V57/><F57/><W122/><G122/><T10/><D101/><AGARI ba="0,1" hai="15,18,22,37,42,45,68,71,99,101,104,112,114,115" machi="101" ten="40,3900,0" yaku="1,1,53,1" doraHai="81" doraHaiUra="100" who="1" fromWho="0" sc="190,-39,370,49,210,0,220,0" /><INIT seed="1,1,0,1,5,76" ten="151,419,210,220" oya="1" hai0="53,40,2,89,77,17,119,48,113,72,133,100,111" hai1="13,126,90,44,3,131,56,132,16,47,125,62,60" hai2="30,46,96,97,115,42,43,5,73,68,14,25,8" hai3="38,34,128,110,51,101,59,57,69,84,24,95,123"/><U15/><E3/><V6/><F73/><W36/><G123/><T103/><D113/><U18/><E90/><V80/><F68/><W7/><G69/><T70/><D119/><U81/><E56/><V67/><F67/><W65/><G7/><T78/><D70/><U39/><E39/><V55/><F115/><W93/><G34/><T82/><D2/><U11/><E11/><V91/><F6/><W29/><G24/><T41/><D133/><U112/><E112/><V102/><F55/><W12/><G12/><T52/><D111/><U99/><E99/><V117/><F117/><W106/><G29/><T61/><D17/><U135/><E131/><V75/><F97/><N who="3" m="61743" /><G110/><T109/><D109/><U1/><E1/><V23/><F46/><W98/><G84/><N who="0" m="50327" /><D72/><U9/><E9/><V21/><F23/><W104/><G128/><T58/><D78/><U22/><E22/><V83/><F75/><W63/><G36/><T129/><D77/><U107/><E107/><V45/><F91/><W33/><G38/><T120/><D129/><U130/><E130/><V28/><F30/><W35/><G35/><T108/><D108/><U114/><E114/><V19/><F28/><W88/><G33/><T85/><D85/><U92/><E92/><N who="2" m="58631" /><F45/><W10/><G10/><T105/><D120/><U26/><E26/><V87/><F87/><N who="3" m="52383" /><G104/><T71/><D105/><U50/><E50/><V79/><F79/><W31/><G31/><T20/><D71/><U122/><E122/><V64/><F64/><W74/><G74/><T127/><D20/><U4/><E4/><V116/><F116/><RYUUKYOKU ba="1,0" sc="151,-15,419,15,210,15,220,-15" hai1="13,15,16,18,44,47,60,62,81,125,126,132,135" hai2="5,8,14,19,21,25,42,43,80,83" /><INIT seed="1,2,0,5,3,81" ten="136,434,225,205" oya="1" hai0="129,6,22,93,1,107,104,27,88,14,75,44,98" hai1="108,42,133,5,134,49,33,96,26,25,7,58,72" hai2="57,127,71,116,28,32,40,10,70,130,79,120,113" hai3="92,101,69,8,95,125,131,46,38,67,56,16,59"/><U17/><E72/><V76/><F120/><W128/><G69/><T112/><D112/><U114/><E114/><V100/><F116/><W74/><G74/><T24/><D129/><N who="3" m="49737" /><G125/><T109/><D109/><U121/><E121/><V21/><F130/><W124/><G124/><T37/><D75/><U23/><E96/><V122/><F32/><W52/><G101/><T48/><D37/><U20/><E58/><V43/><F122/><W29/><G29/><T87/><D1/><U97/><E97/><V77/><F127/><W62/><G46/><T51/><D51/><U15/><E49/><V47/><F100/><W86/><G86/><T63/><D63/><U34/><E42/><V94/><F94/><N who="3" m="35883" /><G38/><T103/><D107/><U99/><E99/><V31/><F57/><N who="3" m="35111" /><G67/><T115/><D115/><U132/><E108/><V89/><F89/><W3/><G3/><T85/><D85/><U110/><E110/><V73/><F31/><W78/><G78/><T68/><D68/><U66/><E66/><V91/><F91/><W126/><G126/><T0/><D0/><U61/><E61/><V105/><F73/><W13/><AGARI ba="2,0" hai="8,13,16,56,59" m="35111,35883,49737" machi="13" ten="30,4000,0" yaku="19,1,54,2" doraHai="81" who="3" fromWho="3" sc="136,-12,434,-22,225,-12,205,46" /><INIT seed="2,0,0,3,4,52" ten="124,412,213,251" oya="2" hai0="83,128,43,18,126,22,49,62,29,117,82,38,124" hai1="75,122,81,110,4,39,85,16,28,97,46,61,94" hai2="118,17,57,48,96,76,74,25,41,111,73,42,56" hai3="8,19,90,84,103,113,125,30,12,102,26,107,35"/><V129/><F118/><W5/><G125/><T80/><D38/><U133/><E110/><V45/><F42/><W100/><G113/><T3/><D3/><U37/><E133/><V53/><F111/><W54/><G54/><T36/><D36/><U31/><E75/><V104/><F129/><W69/><G69/><T63/><D29/><U91/><E122/><V9/><F104/><W1/><G107/><T23/><D117/><U108/><E108/><V88/><F74/><W130/><G130/><T95/><D128/><U2/><E37/><V87/><F73/><W112/><G112/><T65/><D95/><U123/><E123/><V77/><F96/><W116/><G116/><T131/><D131/><U7/><E2/><V21/><F9/><W32/><G32/><T15/><D23/><U60/><E39/><V64/><F64/><W78/><G78/><N who="2" m="30313" /><F41/><W40/><G40/><T86/><D86/><U114/><E46/><V33/><F33/><W55/><G55/><T127/><REACH who="0" step="1"/><D65/><REACH who="0" ten="114,412,213,251" step="2"/><U24/><E114/><V72/><F72/><W79/><G1/><T101/><D101/><U14/><E31/><V98/><F98/><W47/><G103/><T132/><D132/><U93/><E93/><AGARI ba="0,1" hai="17,21,25,45,48,53,56,57,87,88,93" m="30313" machi="93" ten="30,11600,0" yaku="8,1,52,2,54,1" doraHai="52" who="2" fromWho="1" sc="114,0,412,-116,213,126,251,0" /><INIT seed="2,1,0,3,2,74" ten="114,296,339,251" oya="2" hai0="71,96,128,133,27,110,2,72,56,16,122,82,63" hai1="35,101,43,42,107,86,44,66,81,25,47,126,67" hai2="70,79,30,62,10,26,95,28,108,69,75,109,1" hai3="134,57,59,89,51,5,21,36,32,113,38,98,34"/><V90/><F1/><W83/><G134/><T64/><D122/><U97/><E126/><V14/><F75/><W119/><G119/><T49/><D2/><U112/><E112/><V33/><F30/><W106/><G5/><T9/><D133/><U104/><E104/><V50/><F50/><W130/><G113/><T129/><D110/><N who="2" m="42602" /><F62/><W24/><G34/><T117/><D117/><U118/><E118/><V68/><F79/><W76/><G32/><T84/><D72/><U116/><E116/><V19/><F70/><W121/><G121/><T80/><D96/><AGARI ba="1,0" hai="10,14,19,26,28,33,68,69,90,95,96" m="42602" machi="96" ten="30,2900,0" yaku="14,1,10,1" doraHai="74" who="2" fromWho="0" sc="114,-32,296,0,339,32,251,0" /><INIT seed="2,2,0,1,4,128" ten="82,296,371,251" oya="2" hai0="90,85,110,28,71,36,112,113,19,70,47,53,33" hai1="84,118,23,129,121,14,17,65,54,64,98,6,76" hai2="57,75,43,59,45,69,67,18,116,11,68,21,63" hai3="78,99,88,35,50,96,41,31,100,123,105,1,48"/><V22/><F116/><W80/><G123/><T95/><D110/><U104/><E118/><V87/><F75/><W133/><G1/><T62/><D19/><U39/><E39/><V16/><F11/><W20/><G35/><T58/><D28/><U130/><E121/><V72/><F72/><W101/><G41/><T0/><D33/><U24/><E54/><V102/><F102/><W2/><G2/><T97/><D0/><U56/><E104/><V26/><F69/><W46/><G46/><T55/><D97/><U122/><E122/><V107/><F87/><W119/><G119/><T37/><D85/><U4/><E98/><V82/><F82/><W52/><G78/><T91/><D95/><U13/><E84/><V135/><F135/><W134/><G88/><N who="0" m="33835" /><D47/><U74/><E76/><V15/><REACH who="2" step="1"/><F107/><REACH who="2" ten="82,296,361,251" step="2"/><W89/><G80/><T126/><D70/><U60/><E74/><V120/><F120/><W3/><G100/><T127/><D71/><U77/><E77/><V103/><F103/><W61/><G99/><T93/><D93/><U32/><E130/><V81/><F81/><W124/><G96/><T29/><D113/><U38/><E129/><V117/><F117/><W79/><G101/><T86/><D86/><U12/><E38/><AGARI ba="2,1" hai="15,16,18,21,22,26,38,43,45,57,59,63,67,68" machi="38" ten="30,5800,0" yaku="1,1,7,1,54,1,53,0" doraHai="128" doraHaiUra="131" who="2" fromWho="1" sc="82,0,296,-64,361,74,251,0" /><INIT seed="2,3,0,1,5,122" ten="82,232,435,251" oya="2" hai0="88,82,104,87,68,56,73,78,1,26,132,29,21" hai1="19,80,43,14,63,105,127,51,103,13,91,11,39" hai2="34,131,117,28,90,118,61,17,24,31,124,25,50" hai3="2,58,102,101,27,111,45,41,98,9,135,81,5"/><V10/><F61/><W120/><G120/><T99/><D132/><U16/><E127/><V4/><F50/><W133/><G111/><T6/><D68/><U38/><E105/><V126/><F90/><W97/><G58/><T123/><D123/><U96/><E63/><V121/><F17/><W23/><G81/><T75/><D56/><U33/><E33/><N who="2" m="20615" /><F121/><W22/><G98/><T72/><D6/><U100/><E51/><V66/><F66/><W15/><G101/><T8/><D8/><U48/><E48/><V57/><F57/><W94/><G2/><T49/><D49/><U42/><E80/><V69/><F69/><W84/><G102/><T107/><REACH who="0" step="1"/><D1/><REACH who="0" ten="72,232,435,251" step="2"/><U60/><E60/><V113/><F113/><W47/><G5/><T116/><D116/><N who="2" m="44650" /><F131/><W0/><G9/><T130/><D130/><U119/><E119/><V93/><F93/><AGARI ba="3,1" hai="21,26,29,72,73,75,78,82,87,88,93,99,104,107" machi="93" ten="40,5200,0" yaku="1,1,54,1,53,1" doraHai="122" doraHaiUra="89" who="0" fromWho="2" sc="72,71,232,0,435,-61,251,0" /><INIT seed="3,0,0,1,1,114" ten="143,232,374,251" oya="3" hai0="117,121,49,83,48,115,46,100,134,9,13,53,129" hai1="10,66,127,30,104,52,70,56,25,102,24,135,19" hai2="125,72,68,3,130,88,74,107,124,51,29,27,40" hai3="7,126,18,81,87,105,60,5,12,37,15,28,31"/><W65/><G37/><T16/><D121/><U73/><E73/><V61/><F3/><W118/><G105/><T122/><D122/><U45/><E127/><N who="2" m="48715" /><F107/><W36/><G36/><T99/><D115/><U98/><E135/><V17/><F17/><W119/><G126/><T71/><D134/><U38/><E10/><V133/><F130/><W93/><G93/><T103/><D129/><U76/><E76/><V80/><F40/><W110/><G110/><T8/><D71/><U22/><E38/><V94/><F51/><W63/><G87/><T111/><D111/><U78/><E78/><V84/><F133/><W79/><G18/><T85/><D117/><U132/><E132/><V26/><F26/><W96/><G96/><T11/><D49/><U58/><E45/><V91/><F61/><W77/><G81/><T108/><D108/><U92/><E92/><V44/><F44/><W112/><G112/><T75/><D75/><U59/><E52/><V4/><F68/><W14/><G14/><T101/><REACH who="0" step="1"/><D99/><REACH who="0" ten="133,232,374,251" step="2"/><U116/><E116/><V82/><F74/><W34/><G119/><T89/><AGARI ba="0,1" hai="8,9,11,13,16,46,48,53,83,85,89,100,101,103" machi="89" ten="30,12000,2" yaku="1,1,2,1,0,1,25,2,8,1,54,1,53,0" doraHai="114" doraHaiUra="0" who="0" fromWho="0" sc="133,130,232,-30,374,-30,251,-60" owari="263,6.3,202,-19.8,344,44.4,191,-30.9" /></mjloggm>