<mjloggm ver="2.3"><GO type="225" lobby="0"/><UN n0="%E3%81%9F%E3%81%93%E2%98%86%E7%84%BC%E3%81%8D" n1="%6D%75%75%6D%75%72%61" n2="%72%69%6F%75%63%68%61%6E" n3="%E3%81%82%E3%83%BC%E3%81%97" dan="16,16,16,16" rate="2104.92,2112.57,2224.69,2108.29" sx="M,F,M,M"/><TAIKYOKU oya="0"/><INIT seed="0,0,0,0,1,36" ten="250,250,250,250" oya="0" hai0="5,93,8,105,90,26,86,121,116,52,53,133,88" hai1="1,20,31,58,129,43,75,80,134,2,56,77,94" hai2="119,97,61,60,7,135,51,21,79,101,17,16,46" hai3="70,96,57,91,64,40,66,124,11,115,29,71,89"/><T18/><D105/><U9/><E129/><V99/><F135/><W125/><G115/><T111/><D116/><U3/><E134/><V131/><F131/><W82/><G29/><T120/><D133/><U13/><E94/><V117/><F7/><W25/><G25/><T37/><D37/><U107/><E107/><V108/><F108/><W4/><G96/><N who="0" m="57383" /><D111/><U27/><REACH who="1" step="1"/><E43/><REACH who="1" ten="250,240,250,250" step="2"/><N who="2" m="25055" /><F97/><W98/><G98/><T87/><D121/><U38/><E38/><V41/><F41/><W47/><G40/><T130/><D120/><U49/><E49/><V123/><F123/><W69/><G124/><T95/><D130/><U22/><E22/><V114/><F114/><W34/><G34/><T132/><D132/><U78/><E78/><V110/><F79/><W23/><G23/><N who="0" m="13687" /><D87/><U33/><E33/><V39/><F39/><W48/><G125/><T85/><D86/><U102/><E102/><V32/><F32/><W72/><G72/><T68/><D68/><U122/><E122/><V28/><F110/><W67/><G71/><T92/><D95/><U59/><E59/><V12/><F119/><W30/><G57/><T54/><D8/><U84/><E84/><V106/><F117/><W128/><G11/><T15/><D53/><U100/><E100/><V81/><F101/><W126/><G70/><T19/><D5/><AGARI ba="0,1" hai="1,2,3,5,9,13,20,27,31,56,58,75,77,80" machi="5" ten="40,1300,0" yaku="1,1,53,0" doraHai="36" doraHaiUra="118" who="1" fromWho="0" sc="250,-13,240,23,250,0,250,0" /><INIT seed="1,0,0,4,0,79" ten="237,263,250,250" oya="1" hai0="76,124,12,44,125,117,13,70,128,61,88,69,85" hai1="103,75,104,72,94,32,122,131,86,99,126,133,43" hai2="30,28,107,71,91,25,96,45,95,97,31,56,101" hai3="74,108,38,23,6,52,11,24,17,0,55,80,20"/><U59/><E32/><V68/><F25/><W84/><G108/><T119/><D76/><U19/><E122/><V7/><F7/><W22/><G74/><T110/><D44/><U106/><E43/><V33/><F33/><W81/><G38/><T34/><D34/><U115/><E115/><V98/><F56/><W109/><G109/><T77/><D77/><U14/><E131/><V82/><F97/><W134/><G134/><T112/><D112/><U113/><E113/><V2/><F2/><W60/><G60/><T63/><D110/><U73/><E133/><V65/><F65/><W57/><G57/><T46/><D46/><U47/><E47/><V50/><REACH who="2" step="1"/><F82/><REACH who="2" ten="237,263,240,250" step="2"/><W10/><G81/><N who="0" m="49199" /><D128/><U90/><E59/><V18/><F18/><W51/><G6/><T42/><D13/><U36/><E106/><V67/><F67/><W121/><G121/><T105/><D12/><U37/><REACH who="1" step="1"/><E126/><REACH who="1" ten="237,253,240,250" step="2"/><V26/><F26/><W116/><G24/><T40/><D105/><U111/><E111/><V29/><N who="2" m="7168" /><DORA hai="1" /><V127/><F127/><N who="0" m="48714" /><D70/><U83/><E83/><V118/><F118/><N who="0" m="45066" /><D69/><U49/><E49/><V92/><F92/><W123/><G51/><T64/><D64/><U78/><E78/><V8/><F8/><AGARI ba="0,2" hai="8,14,19,36,37,72,73,75,86,90,94,99,103,104" machi="8" ten="40,3900,0" yaku="1,1,53,1" doraHai="79,1" doraHaiUra="89,66" who="1" fromWho="2" sc="237,0,253,59,240,-39,250,0" /><INIT seed="1,1,0,3,4,109" ten="237,312,201,250" oya="1" hai0="125,80,64,30,9,33,91,110,46,14,37,90,12" hai1="1,4,117,47,98,65,101,75,120,66,95,121,36" hai2="60,26,99,106,76,28,39,72,56,73,43,11,94" hai3="54,59,118,71,17,131,29,35,107,128,108,112,122"/><U16/><E117/><V132/><F132/><W58/><G107/><T2/><D125/><U97/><E75/><V100/><F76/><W134/><G108/><T82/><D64/><U13/><E1/><V102/><F11/><W48/><G71/><T23/><D33/><U42/><E4/><V69/><F69/><W103/><G122/><T133/><D2/><U19/><E19/><V3/><F3/><W34/><G103/><T115/><D133/><U0/><E0/><V15/><F15/><W52/><G134/><T96/><D96/><U126/><E126/><V50/><F39/><W22/><G112/><T111/><D23/><U87/><E87/><V86/><F50/><N who="3" m="30999" /><G29/><T25/><D46/><U129/><E129/><N who="3" m="49738" /><G118/><T55/><D55/><U135/><E135/><V88/><F43/><W61/><G61/><T41/><D41/><U51/><E36/><V104/><F102/><W114/><G114/><T124/><D30/><U53/><E42/><V84/><F106/><W85/><G85/><T92/><D37/><U8/><REACH who="1" step="1"/><E98/><REACH who="1" ten="237,302,201,250" step="2"/><V31/><F84/><W44/><G44/><T5/><D124/><U49/><E49/><V10/><F31/><W57/><G57/><T93/><D5/><U119/><E119/><V32/><REACH who="2" step="1"/><F10/><REACH who="2" ten="237,302,191,250" step="2"/><W78/><G78/><T83/><D9/><U105/><E105/><V63/><F63/><W130/><G130/><T123/><D111/><U45/><E45/><V7/><F7/><W77/><G77/><T38/><D110/><U79/><E79/><V74/><F74/><W24/><AGARI ba="1,2" hai="17,22,24,34,35,48,54,59" m="49738,30999" machi="24" ten="30,2000,0" yaku="19,1,54,1" doraHai="109" who="3" fromWho="3" sc="237,-6,302,-11,191,-6,250,43" /><INIT seed="2,0,0,5,4,52" ten="231,291,185,293" oya="2" hai0="33,73,17,72,16,6,122,14,132,66,97,91,93" hai1="34,71,111,56,61,9,85,11,44,110,65,5,27" hai2="124,47,59,103,32,50,83,8,38,131,106,76,23" hai3="115,109,127,79,108,40,37,90,88,63,81,80,30"/><V7/><F32/><W98/><G30/><T118/><D122/><U31/><E85/><V69/><F69/><W82/><G40/><T114/><D33/><U117/><E117/><V15/><F124/><W45/><G127/><T46/><D114/><U126/><E126/><V120/><F131/><W77/><G45/><T0/><D132/><U58/><E44/><V60/><F120/><W64/><G37/><T49/><D66/><U133/><E133/><V75/><F38/><W25/><G25/><T57/><D17/><U89/><E89/><N who="3" m="34410" /><G115/><T19/><D19/><U68/><E68/><V67/><F23/><W125/><G125/><T54/><D46/><U105/><E105/><V20/><F20/><W112/><G112/><T104/><D104/><U29/><E9/><V55/><F106/><W86/><G98/><T128/><D128/><U99/><E29/><V2/><REACH who="2" step="1"/><F103/><REACH who="2" ten="231,291,175,293" step="2"/><W78/><G109/><N who="1" m="41482" /><E99/><V18/><F18/><W41/><G108/><T116/><D118/><U113/><E113/><V1/><AGARI ba="0,1" hai="1,2,7,8,15,47,50,55,59,60,67,75,76,83" machi="1" ten="30,11700,0" yaku="1,1,0,1,52,1,53,1" doraHai="52" doraHaiUra="74" who="2" fromWho="2" sc="231,-39,291,-39,175,127,293,-39" /><INIT seed="2,1,0,0,0,0" ten="192,252,302,254" oya="2" hai0="51,60,46,1,3,90,87,111,69,50,73,95,63" hai1="88,37,62,110,67,106,53,75,120,10,27,131,34" hai2="65,89,115,47,25,105,116,20,91,18,12,2,8" hai3="36,7,5,38,31,79,119,74,41,21,26,28,113"/><V76/><F115/><W83/><G119/><T55/><D73/><U43/><E110/><V23/><F116/><W64/><G113/><T94/><D111/><U17/><E106/><V33/><F105/><W54/><G64/><T109/><D109/><U121/><E75/><V130/><F130/><W100/><G100/><T82/><D1/><U16/><E131/><V85/><F65/><W32/><G54/><T11/><D69/><N who="1" m="42231" /><E53/><V81/><F47/><W22/><G32/><T101/><D3/><U93/><E10/><V117/><F117/><W45/><G38/><T9/><D9/><U98/><E43/><V35/><F35/><W114/><G114/><T56/><D11/><U66/><E37/><V14/><F2/><W108/><G108/><T44/><D63/><U126/><E66/><V103/><F103/><W59/><G59/><T42/><REACH who="0" step="1"/><D101/><REACH who="0" ten="182,252,302,254" step="2"/><U61/><E61/><V24/><F33/><W77/><G77/><T107/><D107/><U122/><E126/><V71/><F71/><W128/><G128/><T92/><D92/><U15/><E15/><N who="2" m="5675" /><F8/><W6/><REACH who="3" step="1"/><G22/><REACH who="3" ten="182,252,302,244" step="2"/><T49/><D49/><U104/><E104/><V13/><F13/><W80/><G80/><T72/><D72/><U125/><E125/><V52/><F20/><W127/><G127/><T58/><D58/><U132/><E132/><V97/><F23/><W86/><G86/><T68/><D68/><U84/><E84/><V48/><F85/><W124/><G124/><T99/><D99/><U96/><E98/><V134/><F97/><W29/><AGARI ba="1,2" hai="5,6,7,21,26,28,29,31,36,41,45,74,79,83" machi="29" ten="30,12000,2" yaku="1,1,0,1,52,3,53,1" doraHai="0" doraHaiUra="39" who="3" fromWho="3" sc="182,-31,252,-31,302,-61,244,143" /><INIT seed="3,0,0,2,1,37" ten="151,221,241,387" oya="3" hai0="125,4,34,127,75,118,68,94,54,117,87,30,3" hai1="61,9,104,134,73,45,8,66,86,77,71,128,101" hai2="24,42,114,122,85,18,52,53,60,98,119,28,78" hai3="41,83,33,84,74,120,19,100,103,15,57,13,121"/><W25/><G74/><T76/><D54/><U81/><E128/><V7/><F114/><W129/><G33/><T49/><D49/><U23/><E134/><V6/><F119/><W47/><G25/><N who="0" m="18767" /><D94/><U20/><E104/><V111/><F111/><W14/><G129/><T72/><D87/><U110/><E101/><V22/><F122/><W93/><G57/><T56/><D56/><U63/><E110/><V26/><F42/><W115/><G115/><T55/><D55/><U90/><E61/><V44/><F98/><W82/><G82/><T95/><D95/><U10/><REACH who="1" step="1"/><E45/><REACH who="1" ten="151,211,241,387" step="2"/><V123/><F123/><W107/><G47/><T58/><D58/><U1/><E1/><V102/><F102/><W65/><G103/><T69/><D118/><U92/><AGARI ba="0,1" hai="8,9,10,20,23,63,66,71,73,77,81,86,90,92" machi="92" ten="30,2000,0" yaku="1,1,0,1,53,0" doraHai="37" doraHaiUra="2" who="1" fromWho="1" sc="151,-5,211,30,241,-5,387,-10" owari="146,-35.4,241,4.1,236,-16.4,377,47.7" /></mjloggm>