<mjloggm ver="2.3"><GO type="225" lobby="0"/><UN n0="%E8%B6%85%E7%B4%9A%E9%B3%B3%E5%87%B0" n1="%4C%4F%4C%49%54%41" n2="%E3%82%BC%E3%83%AB%E3%83%80%E3%81%AE%E4%BC%9D%E8%AA%AC" n3="%E3%81%BF%E3%81%BF%E3%81%9A" dan="16,16,17,16" rate="2145.16,2182.28,2161.47,2128.98" sx="M,F,M,M"/><TAIKYOKU oya="0"/><INIT seed="0,0,0,2,5,85" ten="250,250,250,250" oya="0" hai0="32,120,45,89,64,26,61,57,135,34,33,41,101" hai1="20,16,21,124,18,132,35,91,125,90,116,99,66" hai2="59,3,119,58,49,71,29,76,96,92,83,121,52" hai3="47,62,105,67,70,14,131,134,109,100,73,23,55"/><T118/><D118/><U86/><E35/><V11/><F121/><W40/><G109/><T51/><D120/><U0/><E116/><V80/><F71/><W130/><G73/><T78/><D135/><U4/><E132/><V75/><F119/><W97/><G134/><T9/><D78/><U79/><E66/><V39/><F39/><W127/><G127/><N who="1" m="48714" /><E79/><V94/><F83/><W37/><G14/><T88/><D101/><U111/><E111/><V56/><F29/><W10/><G23/><N who="1" m="8778" /><E99/><V44/><REACH who="2" step="1"/><F96/><REACH who="2" ten="250,250,240,250" step="2"/><W108/><G108/><T7/><REACH who="0" step="1"/><D26/><REACH who="0" ten="240,250,240,250" step="2"/><U42/><E42/><V19/><F19/><N who="1" m="7209" /><E86/><V128/><F128/><W17/><G17/><T113/><D113/><U60/><E60/><V13/><F13/><AGARI ba="0,2" hai="7,9,13,32,33,34,41,45,51,57,61,64,88,89" machi="13" ten="40,12000,1" yaku="1,1,52,2,54,1,53,1" doraHai="85" doraHaiUra="1" who="0" fromWho="2" sc="240,140,250,0,240,-120,250,0" /><INIT seed="0,1,0,3,0,39" ten="380,250,120,250" oya="0" hai0="15,105,51,12,57,72,80,68,133,70,38,106,64" hai1="82,40,121,50,36,129,104,113,6,54,87,33,23" hai2="99,46,74,14,59,95,88,116,110,97,115,55,109" hai3="8,100,123,65,134,112,20,98,1,127,31,4,34"/><T81/><D38/><U11/><E33/><V37/><F115/><W43/><G112/><T126/><D126/><U26/><E113/><V18/><F74/><W5/><G127/><T71/><D133/><U114/><E114/><V56/><F116/><W13/><G43/><T0/><D0/><U30/><E104/><V29/><F29/><W53/><G65/><T62/><D51/><U73/><E129/><V21/><F97/><W58/><G134/><T108/><D108/><N who="2" m="41578" /><F55/><W83/><G123/><T131/><D131/><U66/><E66/><V35/><F35/><W48/><G83/><T45/><D45/><U69/><E69/><V111/><N who="2" m="41586" /><V122/><DORA hai="120" /><F122/><W128/><G128/><T24/><D24/><U86/><E121/><V76/><F76/><W7/><G1/><T17/><D72/><U32/><E32/><V132/><F132/><W67/><G34/><T90/><D68/><U92/><E73/><V2/><F2/><W42/><G67/><T61/><D64/><U103/><E54/><V125/><F125/><W79/><G79/><T93/><D70/><U28/><E28/><V16/><F18/><W91/><G91/><T77/><D71/><U124/><E30/><V78/><F78/><W44/><G98/><T130/><D130/><U19/><E19/><V96/><F96/><W60/><G100/><T47/><D77/><U41/><E103/><V9/><F9/><W117/><G117/><T101/><D17/><U3/><E124/><V135/><F135/><W118/><G118/><T27/><D101/><U85/><E3/><V119/><F119/><RYUUKYOKU ba="1,0" sc="380,-15,250,-15,120,15,250,15" hai2="14,16,21,37,46,56,59,88,95,99" hai3="4,5,7,8,13,20,31,42,44,48,53,58,60" /><INIT seed="1,2,0,2,2,116" ten="365,235,135,265" oya="1" hai0="126,12,90,103,19,130,121,71,30,86,99,115,16" hai1="81,22,39,25,15,42,18,132,68,26,8,101,36" hai2="125,55,89,128,48,28,4,85,58,6,79,84,69" hai3="72,43,44,117,46,108,63,7,100,92,29,56,133"/><U107/><E68/><V0/><F125/><W102/><G72/><T24/><D115/><U87/><E132/><V50/><F128/><W1/><G133/><T127/><D71/><U49/><E107/><V33/><F69/><W34/><G117/><T40/><D40/><U129/><E129/><V13/><F0/><W45/><G108/><T2/><D2/><U70/><E70/><V65/><F65/><W59/><G1/><T95/><D130/><U14/><E101/><V20/><F33/><W17/><G7/><T38/><D38/><U32/><E32/><V91/><F79/><W60/><G34/><T98/><D98/><U41/><E39/><V96/><F96/><W82/><G29/><T5/><D5/><N who="1" m="3343" /><E36/><V94/><F50/><W51/><G82/><T123/><D126/><U47/><E42/><V88/><F89/><AGARI ba="2,0" hai="15,18,22,25,26,41,47,49,81,87,89" m="3343" machi="89" ten="30,1500,0" yaku="8,1" doraHai="116" who="1" fromWho="2" sc="365,0,235,21,135,-21,265,0" /><INIT seed="1,3,0,5,0,57" ten="365,256,114,265" oya="1" hai0="52,58,114,24,34,43,104,90,128,79,29,69,96" hai1="76,18,72,33,82,54,103,15,131,110,116,42,117" hai2="19,108,22,111,5,55,44,84,38,61,23,71,105" hai3="85,134,99,98,119,113,14,127,101,31,63,56,28"/><U118/><E33/><V100/><F5/><W36/><G113/><T3/><D114/><U47/><E131/><V65/><F84/><W41/><G127/><T48/><D69/><U93/><E110/><N who="2" m="42027" /><F19/><W81/><G134/><T78/><D3/><U17/><E54/><V129/><F129/><W132/><G132/><T121/><D121/><U59/><E59/><N who="2" m="35071" /><F100/><W51/><G36/><T53/><D43/><U16/><E93/><V92/><F92/><W88/><G119/><T70/><D70/><U27/><E27/><V1/><F1/><W62/><G14/><T89/><D128/><U125/><E103/><V80/><F80/><W10/><G10/><T102/><D53/><U120/><E120/><V64/><F105/><W8/><G8/><T46/><D46/><U30/><E30/><N who="3" m="11306" /><G56/><T91/><AGARI ba="3,0" hai="24,29,34,48,52,58,78,79,89,90,91,96,102,104" machi="91" ten="30,2000,0" yaku="0,1,54,1" doraHai="57" who="0" fromWho="0" sc="365,29,256,-13,114,-8,265,-8" /><INIT seed="2,0,0,1,0,45" ten="394,243,106,257" oya="2" hai0="116,133,38,13,104,48,1,5,113,82,68,54,128" hai1="109,71,0,31,77,118,21,80,65,73,34,32,69" hai2="119,35,107,111,87,14,129,99,36,127,112,122,46" hai3="39,2,102,16,28,8,58,89,64,90,4,79,3"/><V10/><RYUUKYOKU type="yao9" ba="0,0" sc="394,0,243,0,106,0,257,0" hai2="10,14,35,36,46,87,99,107,111,112,119,122,127,129" /><INIT seed="2,1,0,3,3,118" ten="394,243,106,257" oya="2" hai0="74,115,21,94,105,34,103,67,99,91,127,109,90" hai1="8,33,58,135,45,39,60,72,2,77,54,104,133" hai2="68,43,13,41,42,128,62,97,110,95,56,14,106" hai3="40,7,55,102,50,10,130,26,75,100,5,132,49"/><V113/><F113/><W46/><G75/><T89/><D115/><U107/><E33/><V101/><F128/><W92/><G130/><T32/><D74/><U83/><E107/><V123/><F68/><W29/><G132/><N who="1" m="50762" /><E104/><V65/><F110/><W125/><G125/><T48/><D109/><U57/><E58/><V51/><F106/><W1/><G92/><T81/><D127/><U129/><E129/><V131/><F131/><W112/><G112/><T9/><D67/><U117/><E117/><V69/><REACH who="2" step="1"/><F123/><REACH who="2" ten="394,243,96,257" step="2"/><W86/><G5/><T31/><D105/><U25/><E25/><V17/><F17/><W37/><G37/><T70/><D70/><U3/><E8/><V66/><F66/><W15/><G1/><T87/><D9/><U6/><E6/><V121/><F121/><W16/><G7/><T122/><D122/><U28/><E28/><V79/><F79/><W134/><G134/><T124/><D124/><U30/><E30/><V24/><F24/><W120/><G120/><T12/><D31/><U71/><E71/><V59/><F59/><W52/><G26/><T27/><D27/><U93/><E39/><V61/><F61/><W96/><G29/><T116/><D116/><U114/><E114/><V38/><F38/><W84/><G49/><T108/><D48/><U126/><E126/><V36/><F36/><W18/><G18/><N who="0" m="10439" /><D108/><U119/><E119/><V73/><F73/><W88/><G16/><T0/><D0/><N who="1" m="43" /><E45/><V82/><F82/><W22/><G15/><T11/><D11/><U53/><E93/><V64/><F64/><AGARI ba="1,1" hai="53,54,57,60,64,72,77,83" m="43,50762" machi="64" ten="30,1000,0" yaku="20,1" doraHai="118" who="1" fromWho="2" sc="394,0,243,23,96,-13,257,0" /><INIT seed="3,0,0,0,3,110" ten="394,266,83,257" oya="3" hai0="38,6,34,36,85,124,107,69,125,12,117,45,83" hai1="8,57,98,49,14,84,114,4,109,42,10,112,55" hai2="11,104,27,20,16,71,43,1,68,91,78,76,131" hai3="134,51,24,59,46,25,127,3,23,102,67,133,29"/><W41/><G127/><N who="0" m="48715" /><D117/><U73/><E73/><V108/><F108/><W135/><G3/><T60/><D34/><U74/><E74/><V100/><F131/><W37/><G102/><T79/><D107/><U5/><E109/><V121/><F121/><W72/><G72/><T47/><D6/><U123/><E123/><V94/><F104/><W70/><G25/><T22/><D12/><U77/><E42/><V82/><F100/><W119/><G119/><T128/><D128/><U44/><E98/><V13/><F68/><W132/><N who="3" m="33792" /><DORA hai="65" /><W7/><G7/><T122/><D122/><U89/><E57/><V52/><F1/><W116/><G116/><T21/><D47/><U26/><E77/><V99/><F71/><W56/><G37/><N who="0" m="14443" /><D45/><U17/><E26/><V40/><F52/><W18/><G18/><T58/><D69/><U32/><E32/><V50/><F50/><W88/><G88/><T126/><D126/><U86/><E5/><V115/><F115/><W64/><G64/><AGARI ba="0,0" hai="21,22,58,60,64,79,83,85" m="14443,48715" machi="64" ten="30,1000,0" yaku="18,1" doraHai="110,65" who="0" fromWho="3" sc="394,10,266,0,83,0,257,-10" owari="404,50.4,266,6.6,83,-41.7,247,-15.3" /></mjloggm>