<mjloggm ver="2.3"><GO type="225" lobby="0"/><UN n0="%E6%B0%B7%E5%B7%9D%E9%87%8C%E5%A5%88" n1="%E3%82%A2%E3%82%A4%E3%82%B9%E3%83%86%E3%82%A3%E3%83%BC%E3%81%82%E3%81%B9" n2="%72%61%6B%33" n3="%E3%82%AD%E3%83%B3%E3%82%B0%E3%81%82%E3%81%A4%E3%81%97" dan="16,16,17,17" rate="2149.19,2099.90,2161.04,2172.16" sx="F,M,M,M"/><TAIKYOKU oya="0"/><INIT seed="0,0,0,3,1,130" ten="250,250,250,250" oya="0" hai0="14,111,54,9,39,81,104,103,22,27,45,135,62" hai1="36,64,60,41,15,123,18,114,91,70,75,12,108" hai2="4,10,37,57,52,0,71,127,51,117,44,87,1" hai3="3,53,107,28,82,34,113,89,77,84,102,5,26"/><T97/><D135/><U7/><E108/><V128/><F128/><W133/><G113/><T31/><D111/><U40/><E123/><V95/><F127/><W98/><G133/><T24/><D81/><U17/><E7/><V61/><F117/><W124/><G124/><T94/><D27/><U55/><E75/><V115/><F115/><W109/><G109/><T83/><D83/><U50/><E114/><V112/><F112/><W92/><G53/><T78/><D78/><U119/><E36/><V21/><F21/><W19/><G19/><T66/><D104/><U29/><E29/><V72/><F72/><N who="3" m="43303" /><G5/><T69/><D54/><U65/><E64/><V49/><F0/><AGARI ba="0,0" hai="0,3,26,28,34,84,89,92,98,102,107" m="43303" machi="0" ten="30,1000,0" yaku="24,1" doraHai="130" who="3" fromWho="2" sc="250,0,250,0,250,-10,250,10" /><INIT seed="1,0,0,1,4,26" ten="250,250,240,260" oya="1" hai0="7,65,54,18,28,11,40,69,50,128,22,75,53" hai1="129,104,86,109,64,105,71,91,12,125,119,82,70" hai2="107,116,62,17,63,93,34,99,0,15,133,23,73" hai3="10,45,61,44,77,14,131,25,117,84,89,74,106"/><U78/><E119/><V110/><F116/><W66/><G106/><T21/><D75/><U46/><E125/><V60/><F73/><W4/><G117/><T43/><D128/><U126/><E126/><V41/><F110/><W132/><G131/><T122/><D122/><U3/><E3/><V47/><F133/><W49/><G132/><T81/><D81/><U90/><E129/><V112/><F0/><W20/><G74/><T56/><D65/><U121/><E121/><V92/><F34/><W127/><G77/><T120/><D69/><U95/><E91/><V76/><F76/><W24/><G24/><N who="0" m="16399" /><D120/><U94/><E94/><V111/><F111/><W16/><G127/><T80/><D80/><U5/><E46/><V32/><F32/><W87/><G89/><T98/><D98/><U113/><E113/><V103/><REACH who="2" step="1"/><F112/><REACH who="2" ten="250,250,230,260" step="2"/><W59/><REACH who="3" step="1"/><G44/><REACH who="3" ten="250,250,230,250" step="2"/><T42/><D42/><AGARI ba="0,2" hai="4,10,14,16,20,25,42,45,49,59,61,66,84,87" machi="42" ten="30,12000,2" yaku="1,1,2,1,7,1,8,1,54,1,53,1" doraHai="26" doraHaiUra="57" who="3" fromWho="0" sc="250,-120,250,0,230,0,250,140" /><INIT seed="2,0,0,0,3,35" ten="130,250,230,390" oya="2" hai0="78,73,26,16,32,82,11,129,30,21,102,115,6" hai1="69,96,130,125,80,74,58,24,41,134,109,25,101" hai2="111,60,88,49,112,2,106,90,40,19,48,128,33" hai3="124,43,27,37,65,79,3,28,34,91,99,118,87"/><V39/><F112/><W98/><G118/><T36/><D129/><U81/><E109/><V1/><F33/><W51/><G37/><T9/><D115/><U84/><E69/><V89/><F106/><W67/><G79/><T29/><D36/><U10/><E130/><V110/><F128/><W93/><G3/><N who="2" m="1033" /><F19/><W75/><G75/><T44/><D102/><U97/><E74/><V114/><F114/><W133/><G67/><T103/><D103/><U63/><E101/><V66/><F39/><W107/><G65/><T85/><D44/><U71/><E58/><N who="2" m="37143" /><F40/><W8/><G43/><T42/><D42/><U105/><E41/><V5/><F5/><W72/><G34/><T47/><D47/><U123/><E63/><V45/><F45/><W76/><G107/><T116/><D116/><U53/><E53/><V14/><F14/><W126/><G28/><T62/><D62/><U7/><E7/><V59/><F59/><W15/><G15/><T95/><D6/><U50/><E50/><V77/><F77/><W135/><G51/><T122/><D122/><U86/><E25/><V104/><F104/><W108/><G27/><T4/><D4/><U52/><E24/><V68/><F68/><W0/><G0/><T57/><D57/><U83/><E71/><V64/><F64/><W121/><G76/><T56/><D56/><U113/><E52/><V23/><F23/><W55/><G55/><T46/><D46/><U31/><E113/><V131/><F131/><W13/><G13/><N who="0" m="9359" /><D30/><U120/><E31/><V119/><F119/><W12/><G12/><T127/><D127/><RYUUKYOKU ba="0,0" sc="130,15,250,-15,230,15,390,-15" hai0="9,11,26,29,32,73,78,82,85,95" hai2="48,49,88,89,90,110,111" /><INIT seed="2,1,0,2,4,32" ten="145,235,245,375" oya="2" hai0="29,2,127,130,24,8,100,65,39,27,35,115,37" hai1="113,79,76,105,57,128,134,0,120,114,66,44,90" hai2="26,81,69,10,78,34,18,97,87,89,60,71,48" hai3="72,112,20,68,64,14,5,123,16,22,86,118,58"/><V53/><F34/><W111/><G123/><T135/><D115/><U28/><E105/><V117/><F117/><W63/><G118/><T75/><D75/><U38/><E0/><V47/><F60/><W93/><G72/><T46/><D135/><U94/><E134/><V1/><F78/><W55/><G111/><T4/><D130/><U17/><E128/><V132/><F132/><W41/><G112/><T54/><D127/><U122/><E28/><V25/><F97/><W131/><G41/><T102/><D65/><U82/><E17/><V106/><F106/><W95/><G131/><T126/><D126/><U7/><E7/><V3/><F25/><W92/><G5/><T59/><D24/><U116/><E76/><V15/><F26/><W85/><REACH who="3" step="1"/><G22/><REACH who="3" ten="145,235,245,365" step="2"/><T121/><D121/><N who="1" m="46699" /><E116/><V108/><F108/><W74/><G74/><T96/><D46/><U19/><E44/><V104/><F104/><W124/><G124/><T42/><D42/><U21/><E21/><V107/><F107/><W30/><G30/><T73/><D73/><N who="1" m="43375" /><E19/><V83/><F83/><W31/><G31/><T101/><REACH who="0" step="1"/><D96/><REACH who="0" ten="135,235,245,365" step="2"/><N who="1" m="57431" /><E38/><V12/><F12/><W43/><G43/><T80/><D80/><U62/><AGARI ba="1,2" hai="57,62,66,113,114" m="57431,43375,46699" machi="62" ten="30,1100,0" yaku="13,1" doraHai="32" who="1" fromWho="1" sc="135,-4,235,34,245,-6,365,-4" /><INIT seed="3,0,0,4,0,130" ten="131,269,239,361" oya="3" hai0="7,51,45,77,108,120,59,13,62,12,134,116,123" hai1="73,72,27,106,125,63,117,121,66,98,135,14,41" hai2="15,92,9,69,124,80,20,34,65,37,24,31,112" hai3="90,110,55,1,22,103,44,53,113,49,115,99,29"/><W52/><G1/><T109/><D77/><U84/><E121/><N who="0" m="46665" /><D7/><U87/><E117/><V17/><F37/><W25/><G110/><N who="0" m="42603" /><D13/><U122/><E135/><V6/><F112/><W75/><G75/><T4/><D12/><U119/><E119/><V94/><F124/><W54/><REACH who="3" step="1"/><G90/><REACH who="3" ten="131,269,239,351" step="2"/><T38/><D4/><U18/><E73/><V104/><F6/><W128/><G128/><T8/><D8/><U40/><E72/><V114/><F9/><W79/><G79/><T89/><D89/><U64/><E122/><V102/><F102/><W48/><G48/><T5/><D5/><U19/><E125/><V71/><F104/><AGARI ba="0,1" hai="22,25,29,44,49,52,53,54,55,99,103,104,113,115" machi="104" ten="40,3900,0" yaku="1,1,54,1,53,0" doraHai="130" doraHaiUra="78" who="3" fromWho="2" sc="131,0,269,0,239,-39,351,49" owari="131,-36.9,269,6.9,200,-20.0,400,50.0" /></mjloggm>