<mjloggm ver="2.3"><GO type="225" lobby="0"/><UN n0="%E3%83%81%E3%83%AF%E3%83%AF%E9%9A%8A%E9%95%B7" n1="%E7%99%BD%E6%97%A5%E9%9B%AA%E8%8F%9C" n2="%43%E3%82%A8%E3%83%BC%E3%82%B8%E3%82%A7%E3%83%B3%E3%83%88" n3="%E5%A4%9C%E5%85%89%E5%A4%A9%E6%A5%BC" dan="16,17,16,17" rate="2120.44,2225.00,2151.24,2173.25" sx="M,M,M,M"/><TAIKYOKU oya="0"/><INIT seed="0,0,0,1,0,32" ten="250,250,250,250" oya="0" hai0="78,39,42,41,13,35,132,11,27,89,0,54,10" hai1="57,18,53,64,119,99,24,129,66,5,109,102,100" hai2="113,36,33,69,34,4,28,117,82,127,94,75,12" hai3="105,46,76,65,131,115,63,77,74,61,125,51,15"/><T21/><D132/><U135/><E119/><V40/><F94/><W52/><G115/><T19/><D39/><U25/><E109/><V85/><F85/><W116/><G116/><T111/><D111/><U133/><E129/><V67/><F12/><W43/><G105/><T6/><D78/><U71/><E5/><V118/><F4/><W79/><G131/><T96/><D54/><U123/><E71/><V26/><F33/><W8/><G125/><T1/><D1/><U80/><E80/><V120/><F120/><W17/><G74/><T103/><D89/><U126/><E123/><V62/><F113/><W7/><G65/><T2/><D2/><U55/><E18/><V83/><F83/><W98/><G98/><T106/><D10/><U44/><E44/><N who="2" m="23559" /><F127/><W88/><G88/><T128/><D128/><U122/><E57/><V107/><F107/><W124/><G124/><T87/><D87/><U86/><E86/><V112/><F112/><W48/><REACH who="3" step="1"/><G7/><REACH who="3" ten="250,250,250,240" step="2"/><T110/><D110/><U130/><E126/><V14/><F75/><W3/><G3/><T45/><D45/><AGARI ba="0,1" hai="8,15,17,43,45,46,48,51,52,61,63,76,77,79" machi="45" ten="40,5200,0" yaku="1,1,8,1,54,1,53,0" doraHai="32" doraHaiUra="93" who="3" fromWho="0" sc="250,-52,250,0,250,0,240,62" /><INIT seed="1,0,0,0,1,90" ten="198,250,250,302" oya="1" hai0="21,36,88,58,119,135,91,31,102,82,122,93,78" hai1="7,55,97,26,108,43,38,5,68,76,70,107,23" hai2="29,128,66,27,57,73,117,3,105,84,2,118,11" hai3="22,125,35,123,63,114,37,74,109,131,110,33,71"/><U24/><E76/><V54/><F73/><W10/><RYUUKYOKU type="yao9" ba="0,0" sc="198,0,250,0,250,0,302,0" hai3="10,22,33,35,37,63,71,74,109,110,114,123,125,131" /><INIT seed="1,1,0,5,3,83" ten="198,250,250,302" oya="1" hai0="133,19,92,5,51,11,125,81,127,132,99,10,37" hai1="26,28,31,41,95,131,100,21,119,44,68,42,84" hai2="3,65,66,52,30,53,126,29,39,45,2,62,103" hai3="73,129,128,118,67,93,6,35,89,102,115,111,32"/><U15/><E119/><V69/><F126/><N who="0" m="48138" /><D37/><U121/><E121/><V116/><F116/><W48/><G118/><T86/><D19/><U78/><E68/><V13/><F103/><W104/><G73/><T107/><D107/><U12/><E131/><N who="3" m="50250" /><G115/><T80/><D51/><U38/><E31/><V55/><F65/><W76/><G76/><N who="0" m="46343" /><D81/><N who="1" m="47159" /><E38/><V79/><F79/><W85/><G48/><T17/><D17/><U61/><E61/><V130/><F130/><W16/><G6/><T123/><D123/><U57/><E57/><V23/><F13/><N who="1" m="5193" /><E44/><V63/><F63/><W60/><G16/><T88/><D5/><U14/><N who="1" m="5201" /><U1/><DORA hai="108" /><E1/><V18/><F18/><W46/><G46/><T124/><N who="0" m="48146" /><T114/><DORA hai="54" /><D114/><U34/><E34/><V109/><F2/><W72/><G35/><T24/><D24/><U22/><E22/><V106/><F3/><W94/><G32/><T20/><D20/><U110/><E110/><V113/><F109/><W105/><G111/><T134/><AGARI ba="1,0" hai="10,11,88,92,99,132,133,134" m="46343,48146" machi="134" ten="50,8000,1" yaku="20,1,18,1,52,1,54,1" doraHai="83,108,54" who="0" fromWho="0" sc="198,83,250,-41,250,-21,302,-21" /><INIT seed="2,0,0,2,1,121" ten="281,209,229,281" oya="2" hai0="20,39,67,130,110,14,95,76,71,19,8,79,38" hai1="119,2,17,26,55,33,80,12,135,27,18,120,44" hai2="31,69,32,86,131,35,30,83,114,104,23,75,78" hai3="47,61,16,54,56,7,93,102,46,134,109,124,25"/><V49/><F104/><W62/><G134/><T36/><D130/><U116/><E135/><V57/><F69/><W87/><G124/><T129/><D129/><U98/><E120/><V45/><F131/><W115/><G109/><T123/><D123/><U65/><E65/><V89/><F114/><W108/><G108/><T88/><D110/><U24/><E98/><V100/><F100/><W94/><G7/><T64/><D64/><U48/><E2/><V6/><F6/><W133/><G115/><T53/><D53/><U106/><E106/><V66/><F23/><N who="3" m="13543" /><G62/><T22/><D22/><U99/><E33/><V58/><F35/><W77/><G133/><T126/><D126/><U91/><E17/><V118/><F118/><W90/><G77/><T84/><REACH who="0" step="1"/><D20/><REACH who="0" ten="271,209,229,281" step="2"/><U1/><E119/><V42/><F66/><W70/><G70/><T21/><D21/><U127/><E116/><V51/><F32/><W10/><G10/><T59/><D59/><U105/><E127/><V28/><REACH who="2" step="1"/><F51/><REACH who="2" ten="271,209,219,281" step="2"/><W132/><G132/><T34/><D34/><U60/><E48/><V15/><F15/><W11/><G11/><T0/><D0/><U50/><E1/><V82/><AGARI ba="0,2" hai="28,30,31,42,45,49,57,58,75,78,82,83,86,89" machi="82" ten="30,3000,0" yaku="1,1,0,1,53,0" doraHai="121" doraHaiUra="68" who="2" fromWho="2" sc="271,-10,209,-10,219,50,281,-10" /><INIT seed="2,1,0,2,1,32" ten="261,199,269,271" oya="2" hai0="95,132,76,69,31,37,11,122,16,55,114,67,6" hai1="9,93,28,82,127,123,64,117,60,38,13,110,14" hai2="49,33,120,3,101,63,47,112,71,39,128,20,62" hai3="65,118,91,4,42,134,68,119,8,89,97,109,125"/><V99/><F112/><W51/><G68/><T106/><D106/><U113/><E117/><V25/><F120/><W100/><G65/><T131/><D37/><U111/><E113/><V121/><F121/><W56/><G118/><T80/><D114/><U12/><E123/><V34/><F128/><W79/><G79/><T18/><D122/><U73/><E38/><V129/><F39/><W2/><G119/><T35/><D131/><U105/><E105/><V53/><F3/><W19/><G125/><T103/><D132/><U75/><E127/><V52/><F53/><W27/><G56/><T74/><D55/><U26/><E93/><V78/><F78/><W98/><G98/><T87/><D31/><U17/><E82/><V45/><F45/><W46/><G109/><N who="1" m="41482" /><E75/><V130/><F130/><W5/><G5/><T126/><D35/><N who="1" m="20887" /><E73/><V81/><F81/><W36/><G134/><T48/><D126/><U59/><AGARI ba="1,0" hai="9,12,13,14,17,59,60,64" m="20887,41482" machi="59" ten="30,1100,0" yaku="14,1" doraHai="32" who="1" fromWho="1" sc="261,-4,199,14,269,-6,271,-4" /><INIT seed="3,0,0,2,0,33" ten="257,213,263,267" oya="3" hai0="114,57,119,65,64,62,50,130,110,2,26,55,86" hai1="68,105,46,128,8,40,28,52,85,87,6,102,43" hai2="18,104,112,67,24,127,99,94,25,103,134,132,21" hai3="101,74,133,91,10,125,54,117,79,97,122,93,0"/><W12/><G117/><T41/><D119/><U20/><E68/><V39/><F39/><W63/><G122/><T69/><D114/><U60/><E128/><V66/><F112/><W49/><G133/><N who="2" m="51305" /><F127/><W13/><G125/><T108/><D130/><U95/><E105/><V89/><F25/><W36/><G36/><T44/><D2/><U109/><E109/><N who="0" m="42089" /><D86/><AGARI ba="0,0" hai="18,21,24,66,67,86,89,94,99,103,104" m="51305" machi="86" ten="30,1000,0" yaku="20,1" doraHai="33" who="2" fromWho="0" sc="257,-10,213,0,263,10,267,0" /><INIT seed="4,0,0,5,5,104" ten="247,213,273,267" oya="0" hai0="101,1,28,75,131,31,9,99,68,81,94,78,76" hai1="124,26,55,103,12,85,45,80,50,52,114,123,54" hai2="134,36,107,16,135,70,71,20,30,6,97,33,110" hai3="113,118,44,95,69,5,61,46,21,49,109,116,14"/><T57/><D68/><U130/><E123/><V43/><F110/><W115/><G109/><T129/><D76/><U92/><E130/><N who="0" m="49673" /><D57/><U82/><E124/><V4/><F43/><W58/><G69/><T63/><D63/><U13/><E114/><N who="3" m="43530" /><G46/><T112/><D112/><U37/><E37/><V74/><F36/><W96/><G58/><T2/><D9/><U24/><E103/><V66/><F30/><AGARI ba="0,0" hai="1,2,28,30,31,75,78,81,94,99,101" m="49673" machi="30" ten="30,2900,0" yaku="19,1,52,1" doraHai="104" who="0" fromWho="2" sc="247,29,213,0,273,-29,267,0" /><INIT seed="4,1,0,2,2,18" ten="276,213,244,267" oya="0" hai0="93,56,39,74,78,80,28,135,58,126,63,33,27" hai1="123,107,45,117,43,111,132,66,109,16,106,47,79" hai2="19,118,94,121,17,9,55,21,46,122,103,104,88" hai3="34,110,115,57,36,54,72,29,60,68,130,101,6"/><T69/><D39/><U81/><E117/><V48/><F118/><W26/><G110/><T7/><D126/><U91/><E123/><V67/><F67/><W30/><G72/><T38/><D38/><U4/><E4/><V11/><F103/><W51/><G36/><T129/><D129/><U119/><E119/><V23/><F104/><W1/><G130/><T52/><D135/><U61/><E132/><V40/><F40/><W95/><G68/><T75/><D69/><U24/><E109/><V65/><F65/><W70/><G29/><T12/><D93/><U84/><E111/><V86/><F122/><W13/><G1/><T100/><D100/><U15/><E24/><N who="2" m="14383" /><F121/><W44/><G70/><T99/><D75/><U125/><E125/><V42/><F42/><W128/><G101/><T3/><D3/><U127/><E127/><V82/><F82/><W62/><G95/><T96/><REACH who="0" step="1"/><D56/><REACH who="0" ten="266,213,244,267" step="2"/><N who="1" m="37159" /><E107/><V64/><F64/><W98/><G128/><T73/><D73/><U5/><E106/><V31/><F31/><W22/><G30/><T114/><D114/><U50/><E5/><V14/><AGARI ba="1,1" hai="9,11,14,19,23,46,48,55,86,88,94" m="14383" machi="14" ten="30,7900,0" yaku="8,1,52,2,54,1" doraHai="18" who="2" fromWho="2" sc="266,-40,213,-21,244,92,267,-21" owari="226,-17.4,192,-30.8,336,43.6,246,4.6" /></mjloggm>