<mjloggm ver="2.3"><GO type="225" lobby="0"/><UN n0="%E6%A1%9C%E8%8A%B1%E9%96%83%E3%80%85" n1="%E3%82%89%E3%81%84%E3%81%B5%E3%81%8C%E3%83%BC%E3%81%A9%E3%81%99%E3%81%8D" n2="%E9%B3%B3%E6%9D%B1%E3%81%AE%E3%81%BF%E3%81%91%E3%81%AB%E3%82%83%E3%82%93" n3="%E3%81%B5%E3%81%98%E3%81%8B%E3%81%A4" dan="16,16,17,16" rate="2101.69,2107.89,2140.39,2215.64" sx="M,M,F,M"/><TAIKYOKU oya="0"/><INIT seed="0,0,0,4,5,64" ten="250,250,250,250" oya="0" hai0="29,93,42,19,117,51,35,69,44,80,39,98,121" hai1="104,134,127,101,58,60,109,21,66,49,112,27,114" hai2="48,82,70,38,75,107,88,100,68,122,56,71,2" hai3="20,108,92,62,45,5,23,113,55,110,25,32,1"/><T116/><D121/><U111/><E127/><V43/><F122/><W124/><G113/><N who="1" m="43626" /><E134/><V128/><F2/><W13/><G124/><T76/><D19/><N who="1" m="12735" /><E49/><V50/><F128/><W65/><G92/><T0/><D51/><U10/><E10/><V125/><F125/><W94/><G94/><T87/><D0/><U129/><E129/><V22/><F22/><W7/><G55/><T120/><D120/><U81/><E81/><V52/><F75/><W74/><G45/><T90/><REACH who="0" step="1"/><D69/><REACH who="0" ten="240,250,250,250" step="2"/><U73/><E73/><V102/><F50/><W106/><G74/><T59/><D59/><U46/><E46/><V17/><F68/><N who="3" m="42039" /><G1/><T31/><D31/><U41/><E41/><V15/><F43/><W34/><G5/><T135/><D135/><U47/><E47/><V123/><F123/><W24/><G7/><T4/><D4/><U126/><E126/><V28/><F28/><W26/><G34/><T53/><D53/><U77/><E58/><V12/><F17/><N who="3" m="10287" /><G32/><T3/><D3/><U67/><E67/><V130/><F70/><W9/><G9/><T16/><D16/><U30/><E30/><V61/><F71/><W37/><G37/><T11/><D11/><U85/><E66/><V86/><F38/><W131/><G131/><T115/><D115/><U14/><E60/><V95/><F61/><W18/><G18/><T119/><D119/><U36/><E36/><V8/><F8/><W6/><G6/><T103/><D103/><U89/><E101/><V79/><F130/><W84/><G23/><T97/><D97/><U133/><E133/><V63/><F63/><RYUUKYOKU ba="0,1" sc="240,30,250,-10,250,-10,250,-10" hai0="29,35,39,42,44,76,80,87,90,93,98,116,117" /><INIT seed="0,1,1,5,3,127" ten="270,240,240,240" oya="0" hai0="106,4,51,63,52,56,111,5,123,110,27,75,67" hai1="62,104,49,97,82,119,95,135,9,34,125,58,10" hai2="29,37,48,77,6,126,19,85,103,108,31,33,39" hai3="42,96,44,133,98,11,94,35,3,88,26,84,32"/><T15/><D123/><U90/><E119/><V14/><F126/><W107/><G133/><T54/><D75/><U80/><E125/><V117/><F117/><W1/><G107/><T132/><D132/><U93/><E135/><V46/><F108/><N who="0" m="41514" /><D106/><U118/><E34/><V128/><F6/><N who="0" m="2666" /><D15/><U18/><E104/><V57/><F57/><W72/><G72/><T89/><D89/><N who="1" m="55471" /><E49/><V122/><F103/><W124/><G35/><T78/><D78/><U120/><E120/><V92/><F77/><W131/><G124/><T59/><D27/><U28/><E28/><V121/><F31/><W101/><G32/><T130/><D130/><U22/><E118/><V17/><F29/><W66/><G26/><T0/><D54/><N who="1" m="34135" /><E9/><V50/><F33/><W102/><G11/><T81/><D81/><U30/><E30/><V79/><F79/><W68/><G1/><AGARI ba="1,1" hai="0,1,51,52,56,59,63,67" m="2666,41514" machi="1" ten="30,5800,0" yaku="14,1,10,1,54,1" doraHai="127" who="0" fromWho="3" sc="270,71,240,0,240,0,240,-61" /><INIT seed="0,2,0,0,5,71" ten="341,240,240,179" oya="0" hai0="2,121,82,15,45,81,126,74,42,92,90,3,44" hai1="58,118,98,125,132,116,76,5,18,102,12,16,25" hai2="83,87,69,13,96,35,50,94,79,127,59,89,80" hai3="62,101,22,103,9,6,43,39,11,105,75,61,117"/><T135/><D121/><U27/><E132/><V88/><F69/><W130/><G117/><T99/><D135/><U73/><E125/><V36/><F35/><W100/><G130/><T85/><D126/><U1/><E1/><V93/><F127/><W32/><G32/><T91/><D15/><U34/><E5/><V68/><F68/><W95/><G75/><T4/><D4/><U56/><E73/><V112/><F112/><W57/><G105/><T48/><REACH who="0" step="1"/><D44/><REACH who="0" ten="331,240,240,179" step="2"/><U113/><E12/><V40/><F13/><W106/><G6/><T63/><D63/><U14/><E14/><V114/><F114/><W38/><G62/><T66/><D66/><U47/><E113/><V41/><F36/><W60/><G60/><T0/><D0/><U8/><E47/><V86/><F50/><W65/><G106/><T49/><D49/><U109/><E118/><V54/><F59/><W52/><G65/><T30/><D30/><U64/><E8/><V133/><F133/><W23/><G9/><T97/><D97/><U119/><E98/><V110/><F110/><W51/><G11/><T134/><D134/><U10/><E109/><V53/><F96/><W55/><G39/><T104/><D104/><U21/><E64/><V24/><F24/><W72/><G38/><T131/><D131/><U67/><E67/><V111/><F111/><W26/><G26/><N who="1" m="9738" /><E119/><V115/><F115/><W124/><G124/><T29/><D29/><U129/><E116/><V107/><F107/><W108/><G108/><T17/><D17/><U120/><E129/><V31/><F31/><W78/><G51/><RYUUKYOKU ba="2,1" sc="331,15,240,-15,240,15,179,-15" hai0="2,3,42,45,48,74,81,82,85,90,91,92,99" hai2="40,41,53,54,79,80,83,86,87,88,89,93,94" /><INIT seed="0,3,1,5,2,110" ten="346,225,255,164" oya="0" hai0="75,57,104,83,11,4,46,8,128,94,77,62,81" hai1="0,2,17,19,35,69,96,101,89,53,15,37,135" hai2="61,24,26,115,133,1,25,122,63,107,76,64,78" hai3="105,28,65,129,90,80,32,84,73,92,85,114,18"/><T50/><D128/><U126/><E69/><V120/><F107/><W88/><G65/><T111/><D104/><U99/><E37/><V52/><F1/><W131/><G18/><T109/><D94/><U103/><E35/><V108/><F108/><N who="0" m="41546" /><D83/><U31/><E31/><V125/><F125/><W47/><G47/><T123/><D123/><U23/><E89/><V121/><F133/><W59/><G59/><T60/><D57/><U87/><E87/><V55/><F64/><W68/><G68/><T38/><D38/><U30/><E30/><V79/><REACH who="2" step="1"/><F115/><REACH who="2" ten="346,225,245,164" step="2"/><W48/><G114/><T112/><D112/><U97/><E135/><V41/><F41/><W130/><G105/><T71/><D71/><U16/><E126/><V95/><F95/><N who="3" m="54663" /><G32/><T20/><D20/><U70/><E23/><V12/><F12/><W9/><G9/><N who="0" m="3659" /><D4/><U86/><E70/><V56/><F56/><W58/><G58/><T44/><D44/><U7/><E7/><V54/><AGARI ba="3,2" hai="24,25,26,52,54,55,61,63,76,78,79,120,121,122" machi="54" ten="50,32000,5" yakuman="40" doraHai="110" doraHaiUra="27" who="2" fromWho="2" sc="346,-163,225,-83,245,349,164,-83" /><INIT seed="1,0,0,2,0,100" ten="183,142,594,81" oya="1" hai0="14,82,31,101,118,17,37,87,40,10,6,95,66" hai1="106,105,65,134,60,57,9,8,3,73,44,128,4" hai2="42,45,23,12,2,70,120,7,0,62,16,113,53" hai3="93,13,86,71,77,22,56,110,116,64,79,112,131"/><U74/><E128/><V108/><F120/><W119/><G71/><T11/><D118/><N who="3" m="45097" /><G112/><T59/><D31/><U55/><E134/><V99/><F108/><W67/><G131/><T115/><D115/><U104/><REACH who="1" step="1"/><E9/><REACH who="1" ten="183,132,594,81" step="2"/><V35/><F113/><W26/><G110/><T63/><D11/><U28/><E28/><V129/><F129/><W69/><G69/><T76/><D6/><U58/><E58/><V75/><F7/><W109/><G109/><T114/><D114/><U130/><E130/><V50/><F70/><W68/><G68/><T54/><D10/><U83/><E83/><V80/><F80/><N who="3" m="47375" /><G56/><T78/><D82/><U125/><E125/><V29/><F29/><N who="3" m="17623" /><G79/><T39/><D76/><U92/><E92/><V122/><F122/><W48/><G93/><T81/><D95/><U21/><E21/><V102/><F23/><W24/><G24/><T20/><D81/><U61/><E61/><V117/><F62/><W97/><G13/><T96/><D78/><U91/><E91/><V89/><F12/><W126/><G126/><T72/><D63/><U107/><N who="1" m="26624" /><DORA hai="98" /><U25/><E25/><V127/><F127/><W33/><G33/><T47/><D59/><U103/><E103/><V121/><F117/><W43/><G97/><T123/><D96/><U41/><E41/><V49/><F89/><W46/><AGARI ba="0,1" hai="43,46,48,64,67" m="17623,47375,45097" machi="46" ten="30,1100,0" yaku="12,1" doraHai="100,98" who="3" fromWho="3" sc="183,-3,132,-5,594,-3,81,21" /><INIT seed="2,0,0,3,4,72" ten="180,127,591,102" oya="2" hai0="116,121,87,90,102,133,86,132,67,50,6,3,56" hai1="29,35,95,60,4,66,118,135,19,22,113,92,30" hai2="47,10,55,108,37,109,82,68,34,124,13,28,7" hai3="27,89,111,18,76,53,127,41,40,97,91,110,75"/><V21/><F68/><W125/><G53/><T9/><D121/><U33/><E113/><V38/><F124/><N who="3" m="47691" /><G18/><T126/><D126/><U73/><E135/><N who="0" m="51785" /><D116/><U32/><E73/><V128/><F34/><W44/><G27/><T45/><D102/><U39/><E118/><V26/><F128/><W24/><G24/><T79/><D79/><U31/><E39/><V120/><F120/><W131/><G131/><T130/><D90/><N who="3" m="34313" /><G97/><T69/><D69/><U77/><E4/><V49/><F38/><N who="3" m="21527" /><G41/><N who="0" m="24879" /><D130/><U129/><E129/><V93/><F37/><W71/><G71/><T64/><D64/><U94/><E66/><V16/><F93/><W48/><G48/><T5/><D5/><U83/><E60/><AGARI ba="0,0" hai="3,6,9,56,60,67,86,87" m="24879,51785" machi="60" ten="30,1000,0" yaku="20,1" doraHai="72" who="0" fromWho="1" sc="180,10,127,-10,591,0,102,0" /><INIT seed="3,0,0,3,0,91" ten="190,117,591,102" oya="3" hai0="123,64,0,134,107,70,87,18,11,74,61,37,79" hai1="112,108,4,7,100,27,84,33,31,130,14,113,106" hai2="119,85,41,129,21,102,28,32,39,57,90,124,46" hai3="81,51,109,19,9,49,127,10,23,88,110,96,6"/><W77/><G127/><T66/><D123/><U118/><E106/><V12/><F32/><W126/><G126/><T42/><D87/><U103/><E103/><V101/><F124/><W68/><G68/><T47/><D134/><U59/><E100/><V80/><F119/><W17/><G77/><T121/><D121/><U71/><E71/><V56/><F56/><W97/><G6/><N who="0" m="1479" /><D107/><U125/><E130/><V60/><F129/><W95/><G81/><N who="0" m="45303" /><D18/><N who="3" m="6665" /><G97/><T99/><D99/><U98/><E108/><N who="3" m="41578" /><G23/><T35/><D64/><U34/><E98/><V83/><F21/><W38/><G38/><T43/><D43/><U25/><E125/><V45/><F39/><W131/><G131/><T55/><D55/><U114/><E114/><V22/><F22/><W116/><G116/><T36/><D36/><U63/><E118/><V30/><F85/><W75/><G75/><T2/><D2/><U62/><E84/><V120/><F83/><W76/><G76/><T135/><D135/><U26/><E113/><V86/><F80/><W132/><G132/><T82/><D82/><U133/><E133/><V111/><F86/><W58/><G58/><T89/><D35/><N who="1" m="13323" /><E112/><V20/><F57/><W67/><G67/><T54/><D54/><U40/><E40/><V104/><F111/><W5/><G10/><T115/><D115/><U52/><E59/><V29/><F120/><W48/><G51/><T24/><D24/><N who="1" m="9323" /><E52/><V1/><F104/><W117/><G117/><T92/><D42/><U93/><E27/><V69/><F69/><W16/><N who="3" m="6673" /><W72/><DORA hai="73" /><G72/><T122/><D70/><RYUUKYOKU ba="0,0" sc="190,-10,117,-10,591,-10,102,30" hai3="5,9,48,49,88,95,96" /><INIT seed="3,1,0,2,2,128" ten="180,107,581,132" oya="3" hai0="68,57,11,56,127,30,39,2,0,7,116,29,96" hai1="129,18,74,3,22,131,46,25,71,119,85,63,125" hai2="40,90,101,23,97,4,78,105,112,34,69,60,26" hai3="102,104,61,9,89,82,77,79,114,27,67,94,99"/><W51/><G114/><T15/><D116/><U81/><E3/><V28/><F112/><W120/><G120/><T72/><D68/><U17/><E74/><V35/><F78/><W55/><G9/><T62/><D72/><U50/><E119/><V87/><F40/><W113/><G113/><T83/><D39/><U6/><E6/><V54/><F4/><W5/><G5/><T12/><D127/><U124/><E63/><V86/><F86/><W80/><G27/><T42/><D42/><U31/><E71/><V8/><F8/><W24/><G24/><T48/><D83/><N who="3" m="31785" /><G102/><T107/><D2/><U64/><E64/><N who="2" m="41095" /><F34/><W41/><G41/><T44/><D12/><U33/><E50/><V13/><F13/><W118/><G104/><T109/><D15/><U123/><E123/><V122/><F122/><W132/><G118/><T19/><D7/><U93/><E46/><V110/><F23/><W10/><G10/><T21/><D44/><U65/><E65/><V45/><F87/><W134/><G67/><T36/><D21/><U111/><E93/><V130/><F26/><W52/><G61/><T53/><D62/><U43/><E43/><V91/><F101/><W106/><G106/><T133/><D107/><U108/><E33/><V37/><F105/><W75/><G75/><T32/><D32/><U47/><E47/><V38/><F35/><W92/><G92/><T98/><D0/><U16/><E124/><V76/><F38/><W100/><G100/><T66/><D36/><U88/><E125/><V1/><F37/><W84/><G51/><T59/><D48/><RYUUKYOKU ba="1,0" sc="180,-10,107,30,581,-10,132,-10" hai1="16,17,18,22,25,31,81,85,88,108,111,129,131" owari="170,-3.0,137,-26.3,571,67.1,122,-37.8" /></mjloggm>