<mjloggm ver="2.3"><GO type="225" lobby="0"/><UN n0="%E5%A4%8F%E9%88%B4%E9%88%B4%E5%A4%8F" n1="%E8%B6%85%E7%B4%9A%E9%B3%B3%E5%87%B0" n2="%73%6C%69%63%6B%33%31%39" n3="%E3%81%AF%E3%82%88%E3%81%8A%E3%81%98%E3%81%95%E3%82%93" dan="16,16,16,17" rate="2135.57,2136.21,2069.11,2213.74" sx="M,M,M,M"/><TAIKYOKU oya="0"/><INIT seed="0,0,0,4,1,21" ten="250,250,250,250" oya="0" hai0="96,107,99,121,66,91,29,134,56,22,72,30,23" hai1="89,20,24,130,8,117,3,122,40,118,32,53,135" hai2="74,17,114,119,4,128,110,71,106,80,131,61,47" hai3="98,60,108,42,90,73,87,101,76,112,125,95,124"/><T50/><D72/><U54/><E122/><V51/><F106/><N who="3" m="63799" /><G60/><N who="0" m="38151" /><D107/><U82/><E130/><N who="2" m="49707" /><F114/><W15/><G42/><T37/><D37/><U123/><E123/><V104/><F104/><W43/><G15/><T102/><D102/><U88/><E135/><V57/><F4/><W13/><G13/><T86/><D134/><U33/><E40/><N who="2" m="25063" /><F74/><W97/><G43/><T103/><D121/><U18/><E3/><V67/><F80/><N who="3" m="45071" /><G108/><T41/><D30/><U55/><E8/><V39/><F17/><W83/><G112/><T84/><D41/><U44/><E44/><V85/><F85/><W94/><G83/><T109/><D109/><U126/><E118/><V58/><F110/><W59/><G59/><N who="2" m="22537" /><F39/><W45/><G45/><T0/><D0/><U116/><E117/><AGARI ba="0,0" hai="61,67,71,117,119" m="22537,25063,49707" machi="117" ten="30,3900,0" yaku="19,1,34,2" doraHai="21" who="2" fromWho="1" sc="250,0,250,-39,250,39,250,0" /><INIT seed="1,0,0,5,0,37" ten="250,211,289,250" oya="1" hai0="128,34,125,23,39,9,60,89,111,35,85,102,45" hai1="63,117,57,53,94,13,48,29,113,130,90,38,2" hai2="84,64,51,40,124,32,91,24,61,52,99,73,71" hai3="109,46,108,101,81,44,78,86,76,77,97,79,25"/><U49/><E113/><V12/><F73/><W22/><G108/><T112/><D112/><U74/><E117/><V114/><F114/><W21/><G109/><T0/><D111/><U20/><E2/><V120/><F120/><W116/><G116/><T72/><D72/><U66/><E38/><V135/><F124/><W30/><REACH who="3" step="1"/><G21/><REACH who="3" ten="250,211,289,240" step="2"/><T28/><D23/><U67/><E20/><V127/><F127/><W129/><G129/><T115/><D128/><U36/><E130/><V55/><F32/><W121/><G121/><T68/><D125/><U15/><E74/><V54/><F135/><W16/><G16/><T18/><D18/><U42/><E29/><V107/><F24/><W92/><AGARI ba="0,1" hai="22,25,30,44,46,76,77,78,79,81,86,92,97,101" machi="92" ten="30,8000,1" yaku="1,1,0,1,8,1,53,2" doraHai="37" doraHaiUra="41" who="3" fromWho="3" sc="250,-20,211,-40,289,-20,240,90" /><INIT seed="2,0,0,1,2,96" ten="230,171,269,330" oya="2" hai0="122,102,135,125,67,85,27,1,64,24,8,46,105" hai1="40,94,62,109,88,104,71,37,83,59,25,91,110" hai2="72,101,97,80,43,51,118,78,86,22,66,13,121" hai3="20,77,134,74,108,58,90,75,114,60,116,73,53"/><V126/><F118/><W36/><G116/><T41/><D122/><U98/><E71/><V99/><F121/><W32/><G32/><T119/><D119/><U49/><E37/><V47/><F126/><W69/><G36/><T123/><D123/><U17/><E104/><V11/><F66/><W15/><G108/><N who="1" m="41578" /><E25/><V52/><F22/><W103/><G134/><T12/><D105/><U89/><E17/><V56/><F72/><W117/><G117/><T9/><D24/><U81/><E49/><V113/><F113/><W57/><G69/><T42/><D27/><U50/><E50/><N who="2" m="27007" /><F101/><W30/><G103/><T61/><D135/><U3/><E40/><V16/><AGARI ba="0,0" hai="11,13,16,51,52,56,78,80,86,97,99" m="27007" machi="16" ten="30,6000,0" yaku="8,1,54,2" doraHai="96" who="2" fromWho="2" sc="230,-20,171,-20,269,60,330,-20" /><INIT seed="2,1,0,3,4,101" ten="210,151,329,310" oya="2" hai0="126,90,122,95,46,35,66,58,124,45,77,52,114" hai1="85,29,100,68,28,110,84,18,22,118,82,123,41" hai2="47,135,130,19,111,36,125,54,62,94,131,51,119" hai3="59,33,7,97,8,102,9,105,4,10,91,113,80"/><V70/><F119/><W65/><G33/><T63/><D35/><U64/><E118/><V106/><F106/><W134/><G134/><T103/><D122/><U37/><E123/><V0/><F0/><W117/><G117/><T74/><D103/><U2/><E2/><V15/><F135/><W60/><G113/><T86/><D114/><U132/><E132/><V13/><F125/><N who="0" m="48234" /><D66/><U42/><E110/><V73/><F73/><W1/><G1/><T61/><D61/><U5/><E100/><V98/><F36/><W57/><G57/><T83/><AGARI ba="1,0" hai="45,46,52,58,63,74,77,83,86,90,95" m="48234" machi="83" ten="30,2000,0" yaku="18,1,54,1" doraHai="101" who="0" fromWho="0" sc="210,23,151,-6,329,-11,310,-6" /><INIT seed="3,0,0,1,0,56" ten="233,145,318,304" oya="3" hai0="44,67,39,94,33,74,130,60,112,124,104,103,5" hai1="57,79,30,29,64,128,97,83,24,32,116,48,69" hai2="114,125,36,133,0,50,113,122,109,93,28,98,70" hai3="26,38,63,15,49,78,58,120,46,18,3,61,27"/><W131/><G120/><T19/><D94/><U82/><E128/><V51/><F36/><W34/><G3/><T12/><D5/><U35/><E116/><V40/><F0/><W89/><G38/><T54/><D74/><U52/><E97/><V68/><F122/><W76/><G131/><T6/><D6/><U65/><E69/><V43/><F28/><W132/><G132/><T72/><D72/><U100/><E100/><V123/><F123/><W95/><G34/><T101/><D33/><U121/><E121/><V127/><F109/><W85/><G58/><T99/><D103/><U91/><E91/><V2/><F2/><W16/><G78/><T66/><D124/><N who="2" m="47690" /><F50/><W11/><G76/><T17/><D39/><U25/><REACH who="1" step="1"/><E83/><REACH who="1" ten="233,135,318,304" step="2"/><V92/><F98/><W73/><G89/><T10/><D99/><U80/><E80/><V37/><F68/><W1/><G95/><N who="2" m="36425" /><F70/><W102/><G102/><T87/><D101/><U129/><E129/><V117/><F117/><W22/><G1/><T134/><D130/><U119/><E119/><V62/><F133/><W14/><G73/><AGARI ba="0,1" hai="24,25,29,30,32,35,48,52,57,64,65,73,79,82" machi="73" ten="30,7700,0" yaku="1,1,7,1,9,1,54,1,53,0" doraHai="56" doraHaiUra="71" who="1" fromWho="3" sc="233,0,135,87,318,0,304,-77" owari="233,3.3,222,-27.8,318,41.8,227,-17.3" /></mjloggm>