<mjloggm ver="2.3"><GO type="225" lobby="0"/><UN n0="%E3%81%A9%E3%82%93%E3%82%88%E3%81%8F%4D%6B%2E%32" n1="%E6%B8%A9%E2%98%85%E6%83%85%E2%98%85%E6%8E%AA%E2%98%85%E7%BD%AE" n2="%38%63%E3%81%AF%E3%81%A3%E3%81%97%E3%83%BC" n3="%E7%AD%89%E3%80%85%E5%8A%9B%E5%8A%87%E5%A0%B4" dan="16,16,16,17" rate="2153.88,2167.09,2101.31,2178.88" sx="M,M,M,M"/><TAIKYOKU oya="0"/><INIT seed="0,0,0,2,4,96" ten="250,250,250,250" oya="0" hai0="127,51,81,32,74,133,25,69,122,22,78,128,72" hai1="43,28,31,125,95,73,100,18,88,87,93,111,103" hai2="42,79,84,64,7,132,135,36,134,27,119,105,23" hai3="34,10,130,38,94,126,109,20,14,102,54,107,3"/><T49/><D122/><U30/><E73/><V52/><F119/><W33/><G107/><T121/><D121/><U8/><E111/><V68/><F105/><W47/><G3/><T6/><D32/><U86/><E125/><V11/><F64/><W92/><G109/><T113/><D74/><U101/><E43/><V37/><F68/><W77/><G130/><T129/><D113/><U123/><E123/><V16/><F42/><W61/><G77/><T55/><D69/><U40/><E40/><V90/><F79/><W5/><G38/><T91/><D127/><U106/><E106/><V41/><F41/><W12/><G94/><N who="1" m="35850" /><E88/><V99/><F99/><W65/><G34/><T116/><D91/><U63/><E63/><V26/><F26/><W0/><G61/><T83/><D83/><U2/><E2/><V15/><REACH who="2" step="1"/><F52/><REACH who="2" ten="250,250,240,250" step="2"/><W59/><G54/><T17/><D55/><U85/><E85/><V124/><F124/><W66/><G65/><T60/><D116/><U114/><E114/><V45/><F45/><W131/><G47/><T53/><D128/><U21/><E8/><V108/><F108/><W4/><G10/><T117/><D129/><U115/><E115/><V19/><F19/><W1/><G131/><T70/><D117/><U62/><E62/><V104/><F104/><W24/><G126/><T80/><D70/><U35/><E35/><V75/><F75/><W56/><G33/><T76/><D60/><U57/><E57/><V44/><F44/><W46/><G46/><T39/><D53/><U89/><E89/><V29/><F29/><N who="1" m="7425" /><U67/><DORA hai="50" /><E67/><RYUUKYOKU ba="0,1" sc="250,-15,250,15,240,15,250,-15" hai1="18,21,86,87,100,101,103" hai2="7,11,15,16,23,27,36,37,84,90,132,134,135" /><INIT seed="1,1,1,5,5,126" ten="235,265,255,235" oya="1" hai0="117,69,4,39,63,124,22,32,64,14,51,21,132" hai1="78,130,1,135,75,36,86,68,105,80,16,112,98" hai2="18,38,81,10,122,87,72,119,128,85,133,35,29" hai3="54,111,55,52,19,109,17,34,129,41,121,9,24"/><U116/><RYUUKYOKU type="yao9" ba="1,1" sc="235,0,265,0,255,0,235,0" hai1="1,16,36,68,75,78,80,86,98,105,112,116,130,135" /><INIT seed="1,2,1,5,1,39" ten="235,265,255,235" oya="1" hai0="41,93,61,70,4,55,46,40,85,77,1,116,88" hai1="103,128,90,17,62,111,81,112,115,19,98,18,92" hai2="49,23,105,130,69,99,8,119,100,108,110,0,75" hai3="47,134,73,37,35,31,7,84,67,131,94,53,15"/><U11/><E128/><V3/><F119/><W25/><G73/><T57/><D116/><U28/><E111/><V82/><F69/><W102/><G134/><T44/><D70/><U114/><E28/><V58/><F23/><W121/><G121/><T78/><D1/><U38/><E38/><V124/><F130/><W126/><G131/><T51/><D4/><U36/><E36/><AGARI ba="2,1" hai="36,40,41,44,46,51,55,57,61,77,78,85,88,93" machi="36" ten="30,7700,0" yaku="7,1,52,2,54,1" doraHai="39" who="0" fromWho="1" sc="235,93,265,-83,255,0,235,0" /><INIT seed="2,0,0,0,5,122" ten="328,182,255,235" oya="2" hai0="74,53,58,8,60,17,79,27,70,2,121,0,54" hai1="120,126,103,73,43,108,113,78,6,38,128,90,22" hai2="123,63,129,55,13,10,28,69,37,114,4,20,102" hai3="48,132,95,93,66,92,117,40,115,39,127,67,29"/><V62/><F123/><W96/><G117/><T85/><D121/><U76/><E113/><V112/><F37/><W110/><G39/><T77/><D74/><U64/><E120/><V75/><F75/><W14/><G132/><T45/><D70/><U41/><E38/><V68/><F102/><W97/><G127/><T100/><D100/><U32/><E32/><V130/><F28/><W125/><G125/><T133/><D133/><U116/><E126/><V131/><F20/><W111/><G29/><T61/><D0/><U59/><E116/><V18/><F4/><W42/><G14/><T135/><D135/><U81/><E103/><V30/><F30/><W107/><G107/><T15/><D2/><U72/><E6/><V5/><F5/><W44/><G40/><N who="1" m="15434" /><E73/><V24/><F24/><W9/><G9/><T36/><D36/><U25/><E72/><V33/><F33/><W88/><G115/><N who="2" m="44073" /><F55/><W19/><G19/><T124/><D124/><U26/><E128/><V65/><F63/><W84/><G67/><T23/><D85/><N who="1" m="50479" /><E26/><V118/><F118/><W101/><REACH who="3" step="1"/><G66/><REACH who="3" ten="328,182,255,225" step="2"/><T98/><D8/><U80/><E64/><V105/><F105/><W51/><G51/><N who="0" m="28911" /><D15/><U46/><E25/><V3/><F3/><W119/><G119/><T91/><D61/><U87/><E22/><V71/><AGARI ba="0,1" hai="10,13,18,62,65,68,69,71,129,130,131" m="44073" machi="71" ten="40,2100,0" yaku="19,1" doraHai="122" who="2" fromWho="2" sc="328,-7,182,-7,255,31,225,-7" /><INIT seed="2,1,0,4,5,48" ten="321,175,286,218" oya="2" hai0="9,39,91,102,8,29,114,99,135,78,31,13,66" hai1="87,117,121,93,23,17,44,127,73,30,86,11,88" hai2="82,83,26,12,18,22,63,62,51,4,94,60,46" hai3="112,84,80,58,104,95,57,74,16,113,123,125,0"/><V126/><F126/><W116/><G104/><T25/><D114/><U124/><E73/><V54/><F4/><W27/><G0/><T37/><D78/><U6/><E117/><V35/><F35/><W28/><G123/><T75/><D75/><U10/><E121/><V47/><F47/><W5/><G5/><T130/><D66/><U92/><E30/><V24/><F94/><W79/><G116/><T49/><D91/><N who="1" m="53367" /><E6/><V132/><F132/><W41/><G41/><T68/><D68/><U129/><E129/><V81/><AGARI ba="1,0" hai="12,18,22,24,26,46,51,54,60,62,63,81,82,83" machi="81" ten="30,6000,0" yaku="0,1,8,1,52,1" doraHai="48" who="2" fromWho="2" sc="321,-21,175,-21,286,63,218,-21" /><INIT seed="2,2,0,0,2,129" ten="300,154,349,197" oya="2" hai0="38,134,34,91,88,52,99,7,23,69,32,102,131" hai1="103,63,35,95,42,85,33,25,10,15,90,125,121" hai2="100,115,109,114,132,12,123,92,14,47,16,11,82" hai3="108,122,80,49,68,43,58,56,118,74,41,39,96"/><V17/><F123/><W55/><G122/><T75/><D75/><U98/><E121/><V62/><F109/><W46/><G118/><T51/><D38/><U13/><E125/><V40/><F62/><W70/><G96/><T124/><D69/><N who="3" m="26729" /><G80/><T113/><D113/><U64/><E42/><N who="3" m="15882" /><G74/><T93/><D131/><U4/><E25/><V3/><F3/><W45/><G108/><T120/><D120/><U84/><E84/><V50/><F82/><W89/><G89/><T21/><D7/><U104/><REACH who="1" step="1"/><E15/><REACH who="1" ten="300,144,349,197" step="2"/><V37/><F37/><W76/><G76/><T110/><D124/><U29/><E29/><V72/><F72/><W128/><G128/><T107/><D110/><U130/><E130/><V48/><F115/><W105/><G105/><T77/><D107/><U65/><E65/><V106/><F114/><W28/><G28/><T78/><D34/><U116/><E116/><V36/><F106/><W59/><G39/><T1/><D32/><U18/><E18/><V57/><F17/><W30/><G30/><T81/><D1/><U117/><E117/><V61/><F14/><W67/><G67/><T22/><D78/><U135/><E135/><V71/><F132/><W101/><G101/><T53/><D134/><U97/><E97/><V127/><F127/><W9/><G9/><T8/><D8/><U6/><E6/><V31/><F31/><W111/><G111/><T26/><D26/><U119/><E119/><V126/><F126/><W66/><G66/><T60/><D77/><U54/><E54/><V19/><F19/><W87/><G87/><T44/><D81/><RYUUKYOKU ba="2,1" sc="300,10,144,10,349,-30,197,10" hai0="21,22,23,44,51,52,53,60,88,91,93,99,102" hai1="4,10,13,33,35,63,64,85,90,95,98,103,104" hai3="45,46,49,55,56,58,59" /><INIT seed="3,3,1,1,0,67" ten="310,154,319,207" oya="3" hai0="79,133,116,131,20,53,40,54,98,83,99,46,8" hai1="114,108,22,70,132,10,74,78,129,35,127,60,134" hai2="2,32,50,7,77,33,109,85,36,42,94,16,30" hai3="80,100,49,91,58,19,45,12,126,81,82,107,15"/><W43/><G126/><T72/><D116/><U135/><E114/><V0/><F36/><W117/><G117/><T118/><D118/><U68/><E127/><V66/><F109/><W69/><G69/><T95/><D131/><U73/><E35/><V5/><F66/><W105/><G15/><T92/><D133/><N who="1" m="34051" /><U112/><DORA hai="86" /><E112/><V130/><F130/><W101/><G107/><T38/><D20/><U63/><E129/><V9/><F16/><W56/><G91/><T57/><D8/><U39/><E39/><V31/><F50/><W59/><REACH who="3" step="1"/><G105/><REACH who="3" ten="310,154,319,197" step="2"/><T120/><D120/><U44/><E108/><V21/><F0/><W6/><G6/><T119/><D119/><U25/><E10/><AGARI ba="3,2" hai="10,12,19,43,45,49,56,58,59,80,81,82,100,101" machi="10" ten="40,12000,1" yaku="1,1,8,1,53,3" doraHai="67,86" doraHaiUra="11,97" who="3" fromWho="1" sc="310,0,154,-129,319,0,197,149" owari="310,-9.0,25,-47.5,319,11.9,346,44.6" /></mjloggm>