<mjloggm ver="2.3"><GO type="225" lobby="0"/><UN n0="%E6%A1%9C%E8%8A%B1%E9%96%83%E3%80%85" n1="%E7%9C%9F%E4%B8%80" n2="%4C%4F%4C%49%54%41" n3="%E3%81%99%E3%81%84%E3%81%BE%E3%81%9B%E3%83%BC%E3%82%93" dan="17,17,16,16" rate="2147.95,2176.34,2160.88,2077.56" sx="M,M,F,M"/><TAIKYOKU oya="0"/><INIT seed="0,0,0,0,5,34" ten="250,250,250,250" oya="0" hai0="49,126,21,115,77,58,85,128,14,25,73,122,107" hai1="71,11,8,113,48,29,2,127,13,65,72,38,60" hai2="27,9,0,6,110,20,15,133,117,99,47,12,33" hai3="104,40,112,89,114,123,82,66,120,92,118,45,17"/><T44/><D115/><U43/><E113/><V131/><F99/><W18/><G118/><T46/><D122/><N who="3" m="46633" /><G104/><T94/><D107/><U4/><E127/><V83/><F117/><W102/><G66/><T35/><D126/><U39/><E29/><N who="2" m="19647" /><F83/><W135/><G135/><T74/><D35/><U111/><E72/><V88/><F88/><W64/><G64/><T61/><D128/><U105/><E105/><V50/><F50/><N who="3" m="26919" /><G102/><T57/><D73/><U69/><E111/><V84/><F84/><N who="3" m="52263" /><G82/><N who="0" m="47311" /><D74/><U30/><E71/><V70/><F70/><W1/><G1/><T52/><D14/><N who="2" m="5162" /><F47/><W86/><G86/><T116/><D94/><U119/><E119/><V26/><F131/><W109/><G109/><T78/><D78/><U68/><E69/><V7/><F133/><W91/><G91/><T108/><D108/><U101/><E101/><V36/><F36/><W5/><G5/><T134/><D134/><U121/><E121/><V16/><F110/><W95/><G95/><T93/><D93/><U63/><E39/><V42/><F42/><W75/><G75/><T76/><D76/><U56/><E38/><V80/><F80/><W19/><AGARI ba="0,0" hai="17,18,19,112,114" m="52263,26919,46633" machi="19" ten="30,1100,0" yaku="13,1" doraHai="34" who="3" fromWho="3" sc="250,-5,250,-3,250,-3,250,11" /><INIT seed="1,0,0,4,5,100" ten="245,247,247,261" oya="1" hai0="99,36,37,31,135,109,75,71,124,119,72,128,62" hai1="0,114,77,2,90,89,49,112,126,7,96,42,39" hai2="83,19,121,32,65,24,79,61,101,4,133,93,54" hai3="134,107,95,47,6,94,53,35,59,122,64,30,74"/><U117/><E117/><V102/><F121/><W46/><G122/><T106/><RYUUKYOKU type="yao9" ba="0,0" sc="245,0,247,0,247,0,261,0" hai0="31,36,37,62,71,72,75,99,106,109,119,124,128,135" /><INIT seed="1,1,0,1,3,130" ten="245,247,247,261" oya="1" hai0="56,118,86,45,108,114,35,23,133,110,131,65,91" hai1="104,9,31,64,120,17,124,29,128,123,111,57,101" hai2="34,76,78,6,42,69,40,99,115,85,93,67,44" hai3="90,80,38,62,74,119,20,113,8,33,134,49,81"/><U13/><E128/><V14/><F34/><W103/><G33/><T16/><D131/><U24/><E124/><V46/><F115/><W3/><G38/><T18/><D114/><U55/><E64/><V116/><F116/><W88/><G113/><T121/><D118/><U82/><E111/><N who="0" m="42537" /><D35/><U71/><E71/><V43/><F67/><W89/><G119/><T59/><D121/><U48/><E31/><V61/><F61/><W51/><G103/><T37/><D133/><U105/><E82/><N who="2" m="47303" /><F78/><W92/><G134/><T41/><D65/><U126/><E126/><V32/><F69/><W112/><G112/><T12/><D18/><U106/><REACH who="1" step="1"/><E101/><REACH who="1" ten="245,237,247,261" step="2"/><V2/><F32/><AGARI ba="1,1" hai="9,13,17,24,29,32,48,55,57,104,105,106,120,123" machi="32" ten="40,7700,0" yaku="1,1,2,1,53,1" doraHai="130" doraHaiUra="21" who="1" fromWho="2" sc="245,0,237,90,247,-80,261,0" /><INIT seed="1,2,0,1,5,76" ten="245,327,167,261" oya="1" hai0="17,97,12,20,105,8,127,73,83,84,53,110,62" hai1="115,133,96,66,11,40,37,82,9,65,101,59,81" hai2="121,87,116,92,4,122,49,134,25,72,125,78,71" hai3="93,135,6,30,107,75,58,128,31,48,55,47,29"/><U15/><E115/><V27/><F116/><W119/><G107/><T3/><D110/><U103/><E133/><V44/><F71/><W130/><G135/><T51/><D127/><U56/><E37/><V43/><F134/><W46/><G75/><T89/><D73/><U10/><E15/><V129/><F125/><W54/><G119/><T117/><D117/><U90/><E40/><V38/><F129/><N who="3" m="49771" /><G6/><T13/><D3/><U63/><E90/><V0/><F49/><N who="3" m="31055" /><G93/><T131/><D131/><U77/><E77/><V26/><F87/><W126/><G126/><T113/><D62/><N who="1" m="38087" /><E96/><V39/><F92/><W111/><G111/><T123/><D123/><U100/><AGARI ba="2,0" hai="9,10,11,59,63,66,81,82,100,101,103" m="38087" machi="100" ten="30,6000,0" yaku="8,1,52,2" doraHai="76" who="1" fromWho="1" sc="245,-22,327,66,167,-22,261,-22" /><INIT seed="1,3,0,4,4,1" ten="223,393,145,239" oya="1" hai0="98,127,118,116,14,71,95,126,108,3,134,37,38" hai1="22,36,7,4,100,117,90,70,121,58,16,17,60" hai2="39,61,99,9,111,122,26,42,133,112,23,69,8" hai3="30,49,104,24,82,86,74,56,18,41,31,94,76"/><U85/><E117/><V62/><F122/><W128/><G104/><T45/><D3/><U102/><E70/><V73/><F73/><W91/><G128/><T44/><D14/><N who="1" m="9495" /><E36/><N who="0" m="13929" /><D108/><U57/><E17/><V129/><F111/><W96/><G74/><T87/><D87/><U119/><E119/><N who="0" m="45609" /><D134/><U113/><E113/><V40/><F129/><W78/><G78/><T88/><D71/><U93/><E58/><V123/><F69/><W135/><G135/><T80/><D80/><U64/><E121/><V125/><F123/><W47/><G56/><T25/><D25/><U59/><E59/><V2/><F26/><W48/><G48/><T12/><D12/><U79/><E79/><V21/><F2/><W103/><G76/><T20/><D20/><AGARI ba="3,0" hai="18,20,24,30,31,41,47,49,82,86,91,94,96,103" machi="20" ten="40,1300,0" yaku="8,1" doraHai="1" who="3" fromWho="0" sc="223,-22,393,0,145,0,239,22" /><INIT seed="2,0,0,5,5,89" ten="201,393,145,261" oya="2" hai0="22,40,44,49,117,52,116,15,36,112,68,64,32" hai1="53,51,29,132,92,121,3,134,59,34,14,104,25" hai2="67,122,79,43,66,108,101,28,56,118,57,96,98" hai3="110,39,129,19,37,18,103,91,106,10,74,95,63"/><V23/><F118/><N who="0" m="45674" /><D32/><U26/><E104/><V124/><F122/><W13/><G110/><T83/><D83/><U31/><E3/><V69/><F124/><W130/><G74/><T0/><D0/><U80/><E121/><V55/><F108/><W102/><G63/><N who="0" m="39967" /><D15/><U2/><E2/><V123/><F123/><W9/><G106/><T30/><D22/><U128/><E128/><N who="3" m="49258" /><G18/><T50/><D30/><U133/><E80/><V135/><F43/><W86/><G9/><T105/><D105/><U45/><E14/><V85/><F69/><W75/><G75/><T33/><D33/><N who="1" m="20655" /><E45/><V84/><F135/><W48/><G48/><T78/><D78/><U131/><E131/><V76/><F28/><W7/><G19/><T73/><D73/><U87/><E87/><V81/><F81/><W99/><G86/><T97/><D97/><U47/><E47/><V12/><F12/><W126/><G126/><T94/><D112/><U115/><E92/><V62/><F62/><W88/><G91/><T125/><D94/><U54/><E115/><V8/><F8/><W5/><G5/><T17/><D17/><U1/><E1/><V4/><F4/><W60/><G60/><T72/><D72/><U24/><E24/><V46/><F23/><W127/><G127/><T71/><D125/><U21/><E21/><V42/><F101/><AGARI ba="0,0" hai="7,10,13,37,39,88,95,99,101,102,103" m="49258" machi="101" ten="30,3900,0" yaku="19,1,52,1,54,1" doraHai="89" who="3" fromWho="2" sc="201,0,393,0,145,-39,261,39" /><INIT seed="3,0,0,0,4,43" ten="201,393,106,300" oya="3" hai0="65,94,36,66,117,9,8,58,30,70,75,20,101" hai1="82,3,64,47,24,53,42,10,48,35,12,52,106" hai2="63,74,6,54,134,99,71,34,38,17,127,18,131" hai3="84,32,88,56,98,113,14,7,91,67,4,61,1"/><W51/><G113/><T114/><D117/><U37/><E106/><V132/><F74/><W93/><G32/><T44/><D75/><U16/><E3/><V125/><F99/><W31/><G31/><T119/><D70/><U104/><E104/><V15/><F38/><W33/><G33/><T133/><D119/><U123/><E123/><V5/><F71/><W130/><G130/><T22/><D133/><N who="2" m="51306" /><F54/><W68/><G1/><T112/><D94/><U116/><E116/><V26/><F63/><W45/><G68/><T121/><D101/><U126/><E126/><N who="2" m="48139" /><F131/><W27/><G27/><T55/><D36/><U29/><E64/><V76/><F76/><W23/><G23/><T78/><D22/><U102/><E102/><V62/><F62/><W122/><G14/><T21/><D21/><U28/><E28/><N who="2" m="19735" /><F18/><W89/><G122/><T73/><D121/><U72/><E37/><V80/><F80/><N who="3" m="49159" /><G91/><T0/><D78/><U128/><E128/><V135/><N who="2" m="51314" /><V109/><DORA hai="19" /><F109/><W96/><G98/><T95/><D73/><U103/><E103/><V79/><F79/><W57/><G57/><T108/><D108/><U2/><E72/><V60/><F60/><W105/><G105/><T39/><D58/><U50/><E82/><V11/><AGARI ba="0,0" hai="5,6,11,15,17" m="19735,48139,51314" machi="11" ten="50,8000,1" yaku="20,1,18,1,34,2" doraHai="43,19" who="2" fromWho="2" sc="201,-20,393,-20,106,80,300,-40" owari="181,-31.9,373,47.3,186,-21.4,260,6.0" /></mjloggm>