<mjloggm ver="2.3"><GO type="225" lobby="0"/><UN n0="%E9%80%9F%E6%B0%B4%E5%87%9B%E9%A6%99" n1="%E4%B8%AD%E5%B9%B4%E3%81%AE%E5%8D%B1%E6%A9%9F" n2="%E3%81%AF%E3%82%88%E3%81%8A%E3%81%98%E3%81%95%E3%82%93" n3="%E5%80%89%E6%A9%8B%EF%BC%A0%E4%BA%8B%E5%8B%99" dan="16,17,16,16" rate="2155.84,2124.31,2111.46,2069.35" sx="F,M,M,M"/><TAIKYOKU oya="0"/><INIT seed="0,0,0,1,1,4" ten="250,250,250,250" oya="0" hai0="67,38,3,48,107,131,12,27,130,11,18,89,114" hai1="126,15,43,116,98,55,127,108,135,37,83,93,110" hai2="123,124,9,22,49,32,95,35,111,16,45,47,74" hai3="76,46,59,31,103,100,60,2,52,61,109,41,102"/><T119/><D38/><U6/><E55/><V73/><F123/><W86/><G2/><T105/><D119/><U91/><E116/><V121/><F121/><W10/><G109/><N who="1" m="42090" /><E43/><V88/><F111/><W24/><G60/><T101/><D114/><U62/><E62/><V134/><F124/><N who="1" m="47657" /><E37/><V78/><F134/><W51/><G76/><T5/><D67/><U1/><E1/><V20/><F32/><W34/><REACH who="3" step="1"/><G86/><REACH who="3" ten="250,250,250,240" step="2"/><T118/><D118/><U56/><E135/><V92/><F78/><W72/><G72/><T0/><D0/><U117/><E117/><V14/><F74/><W28/><G28/><T79/><D79/><U57/><E83/><V36/><F73/><W58/><G58/><T90/><D3/><U50/><E50/><V44/><F36/><W54/><G54/><T70/><D48/><U94/><E94/><V29/><F92/><W39/><G39/><T65/><D70/><U115/><E115/><V8/><F49/><W25/><G25/><T104/><D65/><U17/><E6/><V21/><F29/><W40/><G40/><T106/><D27/><U33/><E33/><V69/><F35/><W42/><G42/><T30/><D30/><U99/><E99/><N who="2" m="57831" /><F69/><W97/><G97/><N who="0" m="61487" /><D5/><U122/><E122/><V63/><F63/><W87/><G87/><T132/><D132/><U112/><E112/><V71/><F71/><W68/><G68/><T84/><D84/><U113/><E113/><V23/><AGARI ba="0,1" hai="8,9,14,16,20,21,22,23,44,45,47" m="57831" machi="23" ten="30,8000,1" yaku="8,1,52,2,54,2" doraHai="4" who="2" fromWho="2" sc="250,-40,250,-20,250,90,240,-20" /><INIT seed="1,0,0,5,5,91" ten="210,230,340,220" oya="1" hai0="60,64,56,89,115,51,48,11,67,88,95,99,132" hai1="74,85,114,10,129,119,109,66,49,101,50,0,7" hai2="62,25,96,123,33,130,102,27,41,8,3,29,98" hai3="104,68,117,118,22,32,82,92,110,57,100,126,9"/><U52/><E119/><N who="3" m="45578" /><G32/><T77/><D115/><U71/><E114/><V81/><F123/><W16/><G68/><T30/><D132/><U116/><E116/><V2/><F130/><W122/><G122/><T134/><D134/><U1/><E74/><V21/><F41/><W90/><G104/><T63/><D77/><U45/><E129/><V127/><F127/><W79/><G100/><T24/><D11/><U13/><E109/><V36/><F36/><W135/><G9/><T78/><D78/><U75/><E75/><V121/><F121/><W59/><G135/><T80/><D80/><U17/><E101/><V103/><F81/><W94/><G90/><T112/><D112/><U44/><E85/><V93/><F62/><W6/><G6/><T15/><D15/><U133/><E133/><V73/><F73/><N who="3" m="43375" /><G110/><T39/><D39/><U113/><E113/><V31/><REACH who="2" step="1"/><F8/><REACH who="2" ten="210,230,330,220" step="2"/><W38/><G38/><T70/><REACH who="0" step="1"/><D89/><REACH who="0" ten="200,230,330,220" step="2"/><U23/><E1/><V35/><F35/><AGARI ba="0,2" hai="24,30,35,48,51,56,60,63,64,67,70,88,95,99" machi="35" ten="30,12000,2" yaku="1,1,2,1,7,1,52,1,54,1,53,2" doraHai="91" doraHaiUra="61" who="0" fromWho="2" sc="200,140,230,0,330,-120,220,0" /><INIT seed="2,0,0,4,4,6" ten="340,230,210,220" oya="2" hai0="117,15,51,90,130,60,108,79,17,18,8,68,29" hai1="109,27,59,66,95,19,71,48,80,62,104,69,33" hai2="45,49,2,133,119,72,31,85,42,46,111,25,103" hai3="44,107,39,127,1,125,23,123,30,88,37,21,63"/><V99/><F119/><W14/><G107/><T78/><D108/><U122/><E104/><V57/><F72/><W134/><G1/><T81/><D130/><U118/><E118/><V28/><F2/><W13/><G123/><T20/><D29/><U116/><E116/><V50/><F133/><W83/><G134/><T53/><D60/><U86/><E109/><V67/><F111/><W65/><G44/><N who="0" m="27879" /><D68/><U38/><E38/><V112/><F112/><W82/><G63/><T5/><D5/><U121/><E95/><N who="2" m="58879" /><F25/><W4/><G4/><T9/><D117/><U75/><E75/><V36/><F36/><W101/><G101/><T43/><D43/><U35/><E35/><V105/><F105/><W110/><G110/><T0/><D0/><U16/><E121/><V100/><F100/><W135/><G30/><N who="2" m="11305" /><F85/><W92/><G135/><T126/><D126/><U94/><E33/><V129/><F129/><W40/><G40/><T96/><D96/><U10/><E122/><V74/><F74/><W54/><G92/><T89/><D18/><U124/><E124/><V97/><F97/><W131/><G131/><T120/><D120/><U84/><E71/><V102/><F102/><W56/><G127/><T3/><D3/><U77/><E69/><V115/><F115/><W12/><G125/><T34/><D34/><U7/><E27/><V61/><F42/><W52/><G39/><T64/><D64/><U11/><E86/><V113/><F113/><W22/><G37/><T93/><D93/><U55/><E94/><V87/><F87/><N who="3" m="50295" /><G83/><T98/><D81/><N who="1" m="47151" /><E66/><V114/><F114/><RYUUKYOKU ba="0,0" sc="340,-15,230,-15,210,15,220,15" hai2="45,46,49,50,57,61,67" hai3="12,13,14,21,22,23,52,54,56,65" /><INIT seed="2,1,0,5,1,13" ten="325,215,225,235" oya="2" hai0="71,27,104,19,3,94,16,50,30,14,64,69,43" hai1="56,106,53,123,99,73,135,133,36,34,105,90,83" hai2="4,78,101,38,54,33,7,130,85,72,0,113,28" hai3="37,98,29,44,100,96,86,125,15,32,25,1,31"/><V112/><F72/><W68/><G1/><T26/><D104/><U48/><E36/><V55/><F38/><W87/><G68/><T8/><D3/><U35/><E123/><V103/><F0/><W107/><G125/><T128/><D128/><U82/><E90/><V11/><F130/><W10/><G29/><T22/><D64/><U95/><E95/><V67/><F67/><W114/><G114/><T40/><D71/><U110/><E110/><V75/><F75/><W77/><G96/><T79/><D69/><U131/><E131/><V45/><F28/><W63/><G63/><T93/><D79/><U119/><E119/><V42/><F33/><W127/><G77/><T20/><D50/><U18/><E73/><V74/><F74/><W126/><G87/><T120/><D120/><U52/><E48/><N who="2" m="26679" /><F113/><W5/><REACH who="3" step="1"/><G86/><REACH who="3" ten="325,215,225,225" step="2"/><T46/><D30/><U92/><E99/><V2/><F2/><W118/><G118/><T122/><D122/><U70/><E70/><V111/><F112/><W39/><G39/><T9/><D46/><U88/><E35/><V89/><F111/><W115/><G115/><T24/><D94/><U76/><E34/><V84/><F78/><W60/><G60/><T109/><D93/><U102/><E76/><V49/><F84/><W117/><G117/><T6/><D109/><U108/><E108/><V66/><F49/><W134/><G134/><T116/><D116/><U57/><E92/><V65/><F85/><W132/><G132/><T17/><D9/><U129/><E129/><V121/><F11/><W23/><G23/><AGARI ba="1,1" hai="6,8,14,16,17,19,20,22,23,24,26,27,40,43" machi="23" ten="40,12000,2" yaku="9,1,8,1,52,3,54,1" doraHai="13" who="0" fromWho="3" sc="325,133,215,0,225,0,225,-123" /><INIT seed="3,0,0,2,3,114" ten="458,215,225,102" oya="3" hai0="22,48,124,60,33,53,87,80,89,108,52,77,106" hai1="131,125,0,12,30,72,88,25,2,66,75,35,46" hai2="9,31,10,55,123,38,34,96,61,85,81,37,111" hai3="19,57,71,94,62,8,56,113,20,120,70,50,79"/><W1/><G113/><T59/><D33/><U92/><E125/><V121/><F111/><W23/><G120/><N who="2" m="46153" /><F96/><W104/><G104/><T69/><D108/><U117/><E131/><V73/><F73/><W68/><G79/><T11/><D124/><U78/><E117/><V100/><F100/><W26/><G94/><T98/><D69/><U41/><E66/><V14/><F31/><W36/><G36/><T101/><D11/><U6/><E75/><V27/><F27/><W3/><G8/><T40/><D40/><U24/><E24/><V54/><F34/><W130/><G130/><T134/><D134/><U90/><E12/><V103/><F103/><W4/><G4/><T97/><D97/><U105/><E105/><V83/><F9/><W58/><G62/><T16/><D77/><U84/><E6/><V93/><F93/><W127/><G127/><T112/><D112/><U135/><E135/><V7/><F83/><W51/><G26/><T82/><D82/><U118/><E90/><N who="2" m="51503" /><F61/><W21/><G19/><T116/><D116/><U107/><E118/><V110/><F110/><W91/><G91/><T76/><D76/><U132/><E132/><V43/><F43/><W67/><G67/><T45/><D16/><U95/><E107/><V63/><F63/><W86/><G86/><T109/><D109/><U129/><E129/><V119/><F119/><W102/><G102/><T128/><D128/><U13/><E13/><V133/><F133/><W32/><G32/><T49/><D60/><U42/><E95/><V115/><F115/><W65/><G65/><T99/><D99/><RYUUKYOKU ba="0,0" sc="458,10,215,-30,225,10,102,10" hai0="22,45,48,49,52,53,59,80,87,89,98,101,106" hai2="7,10,14,37,38,54,55" hai3="1,3,20,21,23,50,51,56,57,58,68,70,71" /><INIT seed="3,1,0,0,0,39" ten="468,185,235,112" oya="3" hai0="38,40,88,102,32,59,74,49,20,115,100,104,31" hai1="90,78,57,82,61,110,77,18,121,79,41,69,87" hai2="51,76,81,111,26,128,29,118,58,130,133,85,17" hai3="73,99,5,19,1,50,75,3,55,95,45,68,44"/><W126/><G68/><T24/><D32/><U42/><E121/><V27/><F111/><W94/><G126/><T36/><D74/><U2/><E110/><V108/><F108/><W6/><G19/><T109/><D109/><U116/><E116/><V114/><F118/><W47/><G50/><T125/><D38/><U112/><E112/><V30/><F114/><W62/><G62/><T117/><D104/><U119/><E119/><V22/><F133/><W0/><G55/><T71/><D71/><U91/><E69/><V7/><F7/><W97/><G73/><T66/><D117/><U129/><E2/><V33/><F17/><W56/><G56/><T93/><D125/><U43/><E129/><N who="2" m="49771" /><F58/><W53/><G53/><T123/><D36/><U120/><E120/><V16/><F29/><W134/><G75/><T64/><D123/><U48/><E18/><V72/><F72/><W131/><G131/><T92/><D92/><U67/><E91/><V135/><F135/><W52/><G52/><T86/><D115/><U124/><E124/><V11/><F11/><W37/><G37/><T25/><D59/><U13/><E13/><V65/><F65/><W83/><G83/><T80/><D64/><U8/><E8/><V14/><F26/><W35/><G35/><T10/><D66/><U113/><E113/><V54/><F54/><W103/><REACH who="3" step="1"/><G134/><REACH who="3" ten="468,185,235,102" step="2"/><T101/><D80/><U60/><E60/><V107/><F51/><AGARI ba="1,1" hai="41,42,43,48,51,57,61,67,77,78,79,82,87,90" machi="51" ten="40,8000,1" yaku="8,1,52,3" doraHai="39" who="1" fromWho="2" sc="468,0,185,93,235,-83,102,0" owari="468,56.8,278,7.8,152,-24.8,102,-39.8" /></mjloggm>