<mjloggm ver="2.3"><GO type="225" lobby="0"/><UN n0="%E3%83%AD%E3%83%83%E3%83%86%E9%9B%80%E7%90%83" n1="%E3%81%9F%E3%81%A3%E3%81%A1%E3%82%87" n2="%E8%81%B7%E6%A5%AD%E3%80%81%E9%A2%A8%32" n3="%37%2F%32%E3%81%AB%E7%94%9F%E3%81%BE%E3%82%8C%E3%81%A6" dan="17,16,16,17" rate="2257.17,2058.84,2143.51,2175.87" sx="M,M,M,M"/><TAIKYOKU oya="0"/><INIT seed="0,0,0,2,3,15" ten="250,250,250,250" oya="0" hai0="48,88,27,40,124,99,75,79,86,90,41,0,93" hai1="131,16,29,38,4,51,6,56,106,113,127,104,112" hai2="12,115,43,82,74,76,36,128,117,20,59,30,91" hai3="98,85,49,13,118,47,70,37,95,132,57,17,18"/><T28/><D124/><U63/><E38/><V62/><F115/><N who="1" m="44105" /><E29/><V110/><F117/><W77/><G118/><T100/><D0/><U133/><E127/><V39/><F110/><W108/><G70/><T52/><D79/><U45/><E131/><V129/><F91/><W22/><G108/><T105/><D90/><U73/><E73/><V11/><F20/><W64/><G37/><T102/><D102/><U31/><E31/><V94/><F30/><W126/><G132/><T55/><D75/><U58/><E133/><V119/><F94/><W72/><G72/><T121/><D55/><N who="1" m="30191" /><E56/><V61/><F119/><W5/><G126/><T23/><REACH who="0" step="1"/><D121/><REACH who="0" ten="240,250,250,250" step="2"/><U109/><E109/><V33/><F74/><W69/><G77/><T60/><D60/><U26/><E104/><V68/><F62/><N who="3" m="37967" /><G85/><T7/><D7/><U87/><E87/><V42/><F76/><W32/><G5/><T116/><D116/><U67/><E106/><V54/><F61/><W25/><G98/><T114/><D114/><U50/><E50/><V24/><F39/><W19/><G95/><T130/><D130/><U2/><E2/><V97/><F36/><W1/><G1/><T103/><D103/><U122/><E122/><V71/><F97/><W125/><G125/><T111/><D111/><U53/><E53/><V9/><F128/><W107/><G107/><T46/><AGARI ba="0,1" hai="23,27,28,40,41,46,48,52,86,88,93,99,100,105" machi="46" ten="20,12000,1" yaku="1,1,0,1,7,1,54,2,53,0" doraHai="15" doraHaiUra="3" who="0" fromWho="0" sc="240,130,250,-40,250,-40,250,-40" /><INIT seed="0,1,0,4,1,119" ten="370,210,210,210" oya="0" hai0="112,118,22,102,21,60,14,73,107,105,124,58,115" hai1="32,46,40,53,31,71,78,134,36,85,8,1,50" hai2="83,0,42,132,10,59,90,30,11,103,57,98,12" hai3="81,63,108,17,101,74,100,116,86,64,38,92,114"/><T65/><D118/><U111/><E71/><V84/><F132/><W3/><G3/><T120/><D73/><U25/><E134/><V54/><F0/><W61/><G38/><T33/><D33/><U24/><E111/><V68/><F68/><W131/><G108/><T72/><D72/><U66/><E66/><V52/><F42/><W44/><G114/><T62/><D14/><U29/><E78/><V95/><F30/><W18/><G131/><T128/><D58/><N who="2" m="22026" /><F11/><W89/><G116/><T104/><D102/><N who="3" m="39529" /><G74/><T96/><D96/><U94/><E94/><V2/><F2/><W70/><G44/><T41/><D105/><U75/><E85/><V113/><F113/><W7/><G7/><AGARI ba="1,0" hai="7,10,12,52,54,83,84,90,95,98,103" m="22026" machi="7" ten="30,2000,0" yaku="8,1,54,1" doraHai="119" who="2" fromWho="3" sc="370,0,210,0,210,23,210,-23" /><INIT seed="1,0,0,5,4,55" ten="370,210,233,187" oya="1" hai0="67,88,95,56,87,93,126,3,132,69,16,79,94" hai1="113,11,114,38,22,35,10,50,76,99,36,104,85" hai2="91,1,61,21,7,40,33,123,47,82,90,106,51" hai3="119,130,31,5,107,48,77,108,58,34,131,68,32"/><U23/><E35/><N who="3" m="13354" /><G68/><T39/><D126/><U100/><E36/><V42/><F106/><W127/><G107/><T122/><D132/><U98/><E38/><V19/><F123/><W134/><G127/><T97/><D3/><U46/><E99/><V112/><F112/><W86/><G134/><T20/><D69/><U8/><E76/><V92/><F33/><W59/><G58/><T129/><D129/><N who="3" m="49161" /><G59/><T26/><D39/><U133/><E85/><V135/><F135/><W30/><G48/><T28/><D28/><N who="3" m="10793" /><G86/><T0/><D0/><U101/><E133/><V73/><F1/><W6/><G77/><T44/><D44/><U117/><E113/><V83/><F47/><W17/><G17/><T62/><D122/><U25/><E114/><V105/><F19/><W84/><G84/><T81/><AGARI ba="0,0" hai="16,20,26,56,62,67,79,81,87,88,93,94,95,97" machi="81" ten="30,8000,1" yaku="0,1,8,1,52,1,54,2" doraHai="55" who="0" fromWho="0" sc="370,80,210,-40,233,-20,187,-20" /><INIT seed="2,0,0,3,1,109" ten="450,170,213,167" oya="2" hai0="43,25,130,41,60,110,29,18,3,48,113,45,85" hai1="22,62,89,24,105,56,34,59,67,100,61,132,35" hai2="6,17,66,54,97,106,51,99,21,13,44,131,94" hai3="52,26,50,77,87,125,120,70,14,64,73,38,135"/><V103/><F131/><W69/><G73/><T1/><D113/><U16/><E132/><V32/><F32/><W39/><G120/><T53/><D110/><U102/><E89/><V134/><F134/><W119/><G135/><T111/><D111/><U42/><E42/><V11/><F66/><W71/><G119/><T74/><D74/><U55/><REACH who="1" step="1"/><E105/><REACH who="1" ten="450,160,213,167" step="2"/><V124/><F124/><W128/><G125/><T10/><D43/><U93/><E93/><V127/><F127/><W86/><G128/><T36/><D41/><U9/><E9/><V98/><REACH who="2" step="1"/><F106/><REACH who="2" ten="450,160,203,167" step="2"/><W78/><G39/><T75/><D36/><U117/><E117/><V122/><F122/><W57/><G38/><T12/><D130/><U58/><E58/><V68/><F68/><W37/><G37/><T81/><D10/><U20/><E20/><V15/><AGARI ba="0,2" hai="6,11,13,15,17,21,44,51,54,94,97,98,99,103" machi="15" ten="20,18000,2" yaku="1,1,0,1,7,1,8,1,53,3" doraHai="109" doraHaiUra="92" who="2" fromWho="2" sc="450,-60,160,-60,203,200,167,-60" /><INIT seed="2,1,0,4,3,5" ten="390,100,403,107" oya="2" hai0="77,102,119,75,82,56,0,98,10,94,11,100,71" hai1="36,78,24,95,115,35,108,92,74,79,121,126,43" hai2="34,70,110,116,129,124,90,93,66,7,6,69,58" hai3="84,127,16,12,13,122,40,30,118,53,14,105,123"/><V68/><F34/><W89/><G118/><T49/><D0/><U130/><E115/><V114/><F116/><W120/><G105/><T91/><D71/><U19/><E108/><V59/><F114/><W107/><G107/><T103/><REACH who="0" step="1"/><D119/><REACH who="0" ten="380,100,403,107" step="2"/><U131/><E126/><V106/><F124/><W117/><G127/><T45/><D45/><N who="1" m="23783" /><E121/><V65/><F110/><W132/><G117/><T1/><D1/><U50/><E50/><V52/><F106/><W96/><G123/><T86/><D86/><U46/><E46/><V37/><F37/><W81/><G122/><T31/><D31/><N who="1" m="19943" /><E19/><V32/><F70/><W62/><G30/><T125/><D125/><U42/><E42/><V61/><F69/><W15/><G40/><T26/><D26/><U55/><E74/><V135/><F68/><W21/><G120/><T133/><D133/><U3/><E3/><V17/><F135/><W97/><G132/><T112/><D112/><U25/><E25/><V83/><F17/><W87/><G84/><T60/><D60/><U48/><E78/><V33/><F61/><W111/><G111/><T29/><D29/><U72/><E79/><V64/><F59/><AGARI ba="1,1" hai="12,13,14,15,16,21,53,59,62,81,87,89,96,97" machi="59" ten="40,2600,0" yaku="8,1,54,1" doraHai="5" who="3" fromWho="2" sc="380,0,100,0,403,-29,107,39" /><INIT seed="3,0,0,0,3,41" ten="380,100,374,146" oya="3" hai0="80,50,134,111,124,38,20,78,84,15,123,30,45" hai1="128,86,14,59,87,118,64,122,67,119,35,55,108" hai2="12,95,54,7,51,114,97,10,74,89,0,5,44" hai3="43,92,68,102,71,37,4,46,56,60,115,32,17"/><W21/><G32/><T16/><D123/><U2/><E35/><V42/><F74/><W81/><G115/><T8/><D111/><U27/><E108/><V93/><F114/><W48/><G4/><T99/><D124/><U103/><E122/><V31/><F0/><W125/><G125/><T127/><D127/><U9/><E2/><V83/><F31/><W23/><G23/><T90/><D38/><U120/><E120/><V40/><F7/><W49/><G81/><T131/><D134/><U109/><E27/><V69/><F69/><W130/><G130/><T135/><D135/><U28/><E28/><V96/><F83/><W22/><G22/><T91/><D131/><U100/><E109/><V24/><F24/><W101/><G49/><T73/><D99/><U132/><E132/><V79/><F79/><W47/><G92/><T26/><D73/><U34/><E34/><V52/><F54/><AGARI ba="0,0" hai="8,15,16,20,26,30,45,50,54,78,80,84,90,91" machi="54" ten="30,7700,0" yaku="7,1,8,1,52,1,54,1" doraHai="41" who="0" fromWho="2" sc="380,77,100,0,374,-77,146,0" owari="457,55.7,100,-40.0,297,9.7,146,-25.4" /></mjloggm>