<mjloggm ver="2.3"><GO type="225" lobby="0"/><UN n0="%E3%82%BC%E3%83%AB%E3%83%80%E3%81%AE%E4%BC%9D%E8%AA%AC" n1="%E4%B8%89%E5%86%A0%E7%8E%8B%E3%83%BB%E5%B1%B1%E7%94%B0%E5%93%B2%E4%BA%BA" n2="%E7%AD%89%E3%80%85%E5%8A%9B%E5%8A%87%E5%A0%B4" n3="%6D%75%75%6D%75%72%61" dan="16,16,16,16" rate="2215.27,2135.01,2165.94,2117.90" sx="M,M,M,F"/><TAIKYOKU oya="0"/><INIT seed="0,0,0,3,0,30" ten="250,250,250,250" oya="0" hai0="132,89,106,24,74,56,98,62,121,27,99,8,126" hai1="47,11,101,116,26,5,113,0,35,23,79,53,37" hai2="125,36,15,49,122,14,59,61,40,28,51,135,104" hai3="96,110,21,81,73,42,92,117,60,82,29,6,16"/><T32/><D121/><U7/><E116/><V128/><F104/><W88/><G117/><T75/><D126/><U45/><E113/><V83/><F122/><W57/><G110/><T108/><D108/><U124/><E124/><V19/><F125/><W112/><G112/><T52/><D132/><U127/><E127/><V105/><F105/><W85/><G73/><T68/><D8/><U39/><E101/><V41/><F128/><W66/><G42/><T91/><D68/><U50/><E7/><V97/><F135/><W48/><G48/><T10/><D10/><U12/><E79/><V100/><F83/><N who="3" m="49215" /><G6/><T18/><D106/><U93/><E93/><V33/><F15/><N who="3" m="9375" /><G29/><N who="0" m="19495" /><D98/><U1/><E35/><V95/><F41/><W130/><G130/><T17/><D17/><U131/><E131/><V46/><F28/><W76/><G76/><T123/><D123/><U69/><E69/><V133/><F133/><W134/><G134/><T64/><D64/><U107/><E107/><V129/><F129/><W119/><G119/><T43/><D43/><N who="1" m="22767" /><E39/><V120/><F120/><W54/><G66/><T118/><D118/><U65/><E65/><V3/><F3/><W55/><G55/><T67/><D67/><U20/><E26/><V109/><F109/><W2/><G2/><T90/><D99/><U4/><E0/><V111/><F111/><W78/><G78/><T63/><D63/><U71/><E71/><V38/><F38/><W86/><G86/><T58/><D75/><U77/><E77/><V34/><F61/><W31/><G31/><T103/><D74/><U114/><E114/><RYUUKYOKU ba="0,0" sc="250,-15,250,15,250,-15,250,15" hai1="1,4,5,11,12,20,23,47,50,53" hai3="54,57,60,81,82,92,96" /><INIT seed="1,1,0,2,3,20" ten="235,265,235,265" oya="1" hai0="57,44,108,97,33,104,113,95,132,68,35,27,8" hai1="42,50,116,109,48,103,124,54,62,85,127,83,92" hai2="25,26,125,117,84,118,105,99,120,65,59,36,80" hai3="9,61,56,122,21,4,28,16,5,93,101,12,58"/><U53/><E116/><V110/><F120/><W79/><G122/><T43/><D113/><U81/><E42/><V115/><F36/><W55/><G79/><T73/><D68/><U91/><E62/><V22/><F110/><W39/><G39/><T128/><D108/><U129/><E109/><V14/><F125/><N who="1" m="48201" /><E129/><V23/><F115/><W119/><G119/><T19/><D128/><U2/><E2/><V13/><F118/><W66/><G101/><T130/><D130/><U49/><E103/><V69/><F69/><W31/><G93/><T64/><D104/><U94/><E94/><V1/><F1/><W18/><G18/><T135/><D73/><U37/><E37/><V52/><F65/><W82/><G82/><AGARI ba="1,0" hai="48,49,50,53,54,81,82,83,85,91,92" m="48201" machi="82" ten="30,1500,0" yaku="18,1" doraHai="20" who="1" fromWho="3" sc="235,0,265,18,235,0,265,-18" /><INIT seed="1,2,0,3,5,7" ten="235,283,235,247" oya="1" hai0="104,42,60,105,103,121,78,119,72,82,16,36,58" hai1="131,70,1,123,25,100,61,117,55,23,26,106,20" hai2="21,67,53,44,99,24,89,57,47,40,88,4,69" hai3="27,74,92,128,48,46,120,62,108,64,68,107,35"/><U5/><E117/><V3/><F69/><W115/><G120/><T14/><D119/><U33/><E123/><V51/><F67/><W71/><G115/><T2/><D2/><U11/><E131/><V8/><F99/><W29/><G107/><T118/><D118/><U87/><E87/><V96/><F96/><W39/><G128/><T18/><D121/><U81/><E81/><V130/><F130/><W30/><G108/><T90/><D103/><U110/><E110/><V114/><F114/><W13/><G39/><T111/><D111/><U50/><E100/><V112/><F112/><W129/><G129/><T79/><D79/><U12/><E106/><V133/><F133/><W101/><G74/><T85/><D42/><U45/><E1/><V93/><F93/><W37/><G37/><T17/><D14/><U80/><E80/><V31/><REACH who="2" step="1"/><F47/><REACH who="2" ten="235,283,225,247" step="2"/><W28/><G92/><T77/><D105/><U9/><E70/><V84/><F84/><W76/><G71/><T66/><D104/><U32/><E45/><V65/><F65/><W91/><G68/><T6/><D72/><U98/><E98/><V56/><F56/><W113/><G113/><T0/><REACH who="0" step="1"/><D36/><AGARI ba="2,1" hai="3,4,8,21,24,31,36,40,44,51,53,57,88,89" machi="36" ten="30,7700,0" yaku="1,1,7,1,52,1,54,1,53,0" doraHai="7" doraHaiUra="94" who="2" fromWho="0" sc="235,-83,283,0,225,93,247,0" /><INIT seed="2,0,0,1,0,42" ten="152,283,318,247" oya="2" hai0="63,10,8,121,66,41,40,17,15,26,88,21,52" hai1="108,105,125,50,99,4,58,19,131,101,135,103,0" hai2="9,13,120,100,18,132,12,111,110,133,24,73,90" hai3="79,61,51,71,53,95,93,123,37,48,11,128,35"/><V1/><F73/><W7/><G123/><T38/><D121/><U69/><E69/><V34/><F100/><W106/><G37/><T20/><D38/><U97/><E108/><N who="2" m="41515" /><F120/><W134/><G106/><T2/><D2/><U89/><E135/><N who="2" m="51787" /><F90/><W94/><G134/><T39/><D39/><U117/><E89/><V6/><F18/><W74/><G35/><T47/><D21/><U80/><E19/><V102/><F102/><W126/><G126/><T65/><D10/><U84/><E101/><V92/><F92/><W85/><G128/><T28/><D88/><U67/><E125/><V29/><AGARI ba="0,0" hai="1,6,9,12,13,24,29,34" m="51787,41515" machi="29" ten="40,12000,1" yaku="14,1,10,1,20,1,34,2" doraHai="42" who="2" fromWho="2" sc="152,-40,283,-40,318,120,247,-40" /><INIT seed="2,1,0,5,0,93" ten="112,243,438,207" oya="2" hai0="87,133,35,104,20,88,50,71,32,34,108,54,79" hai1="40,39,113,13,16,98,126,90,89,103,68,86,8" hai2="130,47,117,73,123,100,51,105,2,24,124,75,97" hai3="95,9,106,99,62,60,118,127,134,57,3,128,116"/><V110/><F117/><W78/><G127/><T70/><D108/><U38/><E68/><V10/><F123/><W65/><G128/><T85/><D133/><U0/><E113/><V77/><F124/><W22/><G134/><T111/><D111/><U23/><E126/><V59/><F110/><W5/><G106/><T7/><D104/><U56/><E40/><V29/><F130/><W80/><G60/><T121/><D121/><U129/><E90/><V122/><F122/><W25/><G80/><T107/><D107/><U102/><E102/><V115/><F115/><W131/><G78/><T11/><D79/><U101/><E101/><V76/><F77/><W132/><G131/><T114/><D87/><U21/><E21/><V81/><F59/><W41/><G41/><T109/><D20/><U31/><E56/><V96/><F96/><W112/><G132/><T82/><D114/><U91/><E91/><V52/><F10/><W44/><G44/><T6/><D109/><U135/><E8/><V46/><F2/><W36/><G36/><T27/><D27/><U84/><E0/><V14/><F14/><W45/><G45/><N who="0" m="27983" /><D11/><U67/><E129/><V61/><F61/><W48/><G48/><T125/><D125/><U37/><E37/><V17/><F47/><W49/><G49/><T119/><D119/><U1/><E39/><V64/><F64/><W94/><G112/><T72/><D72/><U63/><E67/><V120/><F120/><W43/><G43/><T55/><D55/><U66/><E66/><V74/><F17/><N who="3" m="12495" /><G94/><T92/><D92/><U69/><E135/><RYUUKYOKU ba="1,0" sc="112,10,243,-30,438,10,207,10" hai0="6,7,32,34,35,70,71,82,85,88" hai2="24,29,46,51,52,73,74,75,76,81,97,100,105" hai3="3,5,9,57,62,65,95,99,116,118" /><INIT seed="2,2,0,1,3,59" ten="122,213,448,217" oya="2" hai0="64,53,50,37,81,68,97,116,44,89,5,42,131" hai1="108,109,1,61,18,66,91,51,56,45,67,15,122" hai2="98,55,104,85,46,92,35,62,99,47,2,57,9" hai3="119,21,93,74,54,132,113,115,79,73,48,58,72"/><V31/><F104/><W14/><G119/><T52/><D131/><U13/><E1/><V20/><F35/><W17/><G132/><T40/><D116/><U25/><E122/><V65/><F2/><W30/><G79/><T94/><D5/><U38/><E38/><V95/><F9/><W101/><G30/><T49/><D81/><U16/><E67/><V121/><F121/><W117/><G117/><T26/><D37/><U43/><E25/><N who="2" m="16807" /><F85/><W88/><REACH who="3" step="1"/><G101/><REACH who="3" ten="122,213,448,207" step="2"/><T106/><D106/><U41/><E109/><V82/><F82/><W80/><G80/><T29/><D68/><U39/><E108/><V27/><F95/><W114/><G114/><T135/><D135/><U23/><E39/><V36/><F36/><W127/><G127/><T83/><D83/><U32/><E32/><V87/><F92/><W103/><G103/><T120/><D120/><U112/><E112/><V134/><F134/><W69/><G69/><T22/><REACH who="0" step="1"/><D64/><REACH who="0" ten="112,213,448,207" step="2"/><U133/><E133/><V105/><F65/><W129/><G129/><T100/><D100/><U24/><E66/><V12/><F105/><W124/><G124/><T130/><D130/><U33/><E33/><V123/><F123/><W7/><G7/><T118/><D118/><U77/><E77/><V63/><F87/><AGARI ba="2,2" hai="14,17,21,48,54,58,72,73,74,87,88,93,113,115" machi="87" ten="40,8000,1" yaku="1,1,25,2,54,1,53,0" doraHai="59" doraHaiUra="60" who="3" fromWho="2" sc="112,0,213,0,448,-86,207,106" /><INIT seed="3,0,0,0,4,17" ten="112,213,362,313" oya="3" hai0="83,20,52,90,19,35,2,72,74,105,67,125,96" hai1="60,82,130,69,99,3,65,1,87,116,24,5,117" hai2="57,26,40,80,42,95,21,49,37,119,98,89,111" hai3="115,76,110,134,107,103,78,54,36,73,46,4,81"/><W32/><G115/><T109/><D109/><U41/><E130/><V114/><F119/><N who="1" m="45641" /><E41/><V48/><F114/><W79/><G110/><T7/><D125/><U131/><E131/><V66/><F111/><W59/><G134/><T70/><D35/><U31/><E99/><V132/><F132/><W88/><G32/><T33/><D33/><N who="1" m="20711" /><E5/><V38/><F38/><W104/><G4/><T29/><D29/><U135/><E135/><V11/><F11/><W101/><G73/><T50/><D7/><U84/><E84/><V23/><F37/><W56/><G36/><T51/><D2/><U126/><E126/><V15/><F42/><W121/><G121/><T133/><D133/><U14/><E14/><V47/><F15/><W27/><G27/><T106/><D106/><U97/><E97/><V118/><F118/><W113/><G113/><T25/><D51/><U18/><E18/><V63/><F26/><W62/><G107/><T93/><D105/><U127/><E127/><V58/><F80/><W55/><G104/><T112/><D112/><U124/><E124/><V22/><F49/><N who="3" m="30799" /><G46/><T71/><D83/><U10/><E10/><V123/><REACH who="2" step="1"/><F123/><REACH who="2" ten="112,213,352,313" step="2"/><W39/><G39/><T85/><D96/><U28/><E28/><V34/><F34/><W64/><G55/><T77/><D77/><AGARI ba="0,1" hai="1,3,60,65,69,77,82,87" m="20711,45641" machi="77" ten="30,1000,0" yaku="12,1" doraHai="17" who="1" fromWho="0" sc="112,-10,213,20,352,0,313,0" owari="102,-39.8,233,-16.7,352,45.2,313,11.3" /></mjloggm>