<mjloggm ver="2.3"><GO type="225" lobby="0"/><UN n0="%E8%90%BD%E6%97%A5" n1="%6D%75%75%73%61%6E%6D%75" n2="%61%6D%65%6B%69" n3="%E6%81%A5%E6%99%92%E3%81%97" dan="16,16,16,16" rate="2142.11,2147.37,2059.53,2084.58" sx="F,F,M,M"/><TAIKYOKU oya="0"/><INIT seed="0,0,0,2,5,4" ten="250,250,250,250" oya="0" hai0="24,32,6,15,7,122,116,1,49,48,132,93,44" hai1="103,127,128,95,105,113,27,2,3,23,54,66,25" hai2="68,125,36,69,63,124,40,100,10,82,96,99,86" hai3="74,30,90,26,102,0,85,58,41,52,75,51,84"/><T57/><D116/><U16/><E105/><V94/><F36/><W118/><G118/><T60/><D122/><U135/><E128/><V38/><F38/><W50/><G102/><T12/><D132/><U21/><E135/><V98/><F40/><W107/><G107/><T70/><D70/><U111/><E111/><V39/><F39/><W42/><G85/><T19/><D1/><U18/><E127/><N who="2" m="48715" /><F10/><W76/><G0/><T72/><D72/><U110/><E110/><V37/><F37/><W120/><G120/><T59/><D32/><U22/><E113/><V20/><F20/><W43/><G76/><T35/><D35/><U126/><E126/><V71/><F63/><W34/><REACH who="3" step="1"/><G50/><REACH who="3" ten="250,250,250,240" step="2"/><T81/><D49/><U45/><E3/><V112/><F112/><W134/><G134/><T87/><D48/><N who="1" m="28943" /><E2/><V121/><F121/><W106/><G106/><T79/><D44/><U29/><E66/><V9/><F9/><W91/><G91/><AGARI ba="0,1" hai="68,69,71,82,86,91,94,96,98,99,100" m="48715" machi="91" ten="40,1300,0" yaku="18,1" doraHai="4" who="2" fromWho="3" sc="250,0,250,0,250,23,240,-13" /><INIT seed="1,0,0,0,5,52" ten="250,250,273,227" oya="1" hai0="13,135,109,54,70,133,27,96,125,86,74,128,113" hai1="97,61,83,108,79,7,8,131,115,102,44,62,100" hai2="59,132,112,76,122,65,124,73,77,3,31,85,33" hai3="23,20,34,78,5,45,66,94,68,47,12,55,30"/><U18/><E115/><V129/><F73/><W50/><G34/><T120/><D13/><U35/><E131/><V127/><F3/><W24/><G78/><T98/><D27/><U111/><E35/><V72/><F72/><W93/><G68/><T4/><D4/><U134/><E18/><V46/><F122/><W110/><G110/><N who="1" m="42026" /><E44/><V101/><F112/><W118/><G118/><T39/><D86/><N who="1" m="48511" /><E134/><V106/><F129/><W58/><G47/><T36/><D74/><U6/><E102/><V48/><F132/><W37/><G37/><T9/><D109/><U16/><E16/><V116/><F116/><W105/><G105/><T25/><D128/><U49/><E49/><V29/><F101/><W17/><REACH who="3" step="1"/><G5/><REACH who="3" ten="250,250,273,217" step="2"/><N who="1" m="1546" /><E8/><V89/><F106/><AGARI ba="0,1" hai="61,62,97,100,106" m="1546,48511,42026" machi="106" ten="30,2900,0" yaku="14,1,10,1" doraHai="52" who="1" fromWho="2" sc="250,0,250,39,273,-29,217,0" /><INIT seed="1,1,0,0,5,10" ten="250,289,244,217" oya="1" hai0="86,60,106,44,33,118,66,72,89,61,47,62,74" hai1="135,133,5,100,54,12,48,13,28,39,0,123,3" hai2="9,88,70,51,8,7,96,134,58,75,76,126,120" hai3="104,1,97,87,78,17,19,55,109,121,26,98,22"/><U35/><E123/><V11/><F70/><W45/><G109/><T129/><D118/><U49/><E39/><V46/><F120/><W69/><G121/><T24/><D106/><U125/><E125/><V110/><F110/><W130/><G130/><T116/><D116/><U85/><E100/><V122/><F122/><W53/><G69/><T40/><D129/><U20/><E35/><V63/><F134/><N who="1" m="51209" /><E85/><V14/><F75/><W2/><G78/><T52/><D66/><U37/><E37/><V112/><F76/><W83/><G104/><T50/><D33/><U71/><E71/><V84/><F96/><W105/><G105/><T65/><D65/><U80/><E80/><V38/><F38/><W23/><G87/><T94/><REACH who="0" step="1"/><D24/><REACH who="0" ten="240,289,244,217" step="2"/><N who="1" m="16391" /><E5/><V99/><F126/><W21/><G26/><T132/><D132/><U16/><E16/><V128/><F128/><W131/><G131/><T27/><D27/><U57/><E49/><AGARI ba="1,1" hai="40,44,47,49,50,52,60,61,62,72,74,86,89,94" machi="49" ten="40,2600,0" yaku="1,1,54,1,53,0" doraHai="10" doraHaiUra="30" who="0" fromWho="1" sc="240,39,289,-29,244,0,217,0" /><INIT seed="2,0,0,1,1,25" ten="279,260,244,217" oya="2" hai0="19,4,23,81,64,104,5,109,18,13,9,119,59" hai1="15,107,74,86,42,27,57,21,41,40,79,49,135" hai2="0,105,51,66,2,110,46,124,78,26,117,84,61" hai3="77,115,10,31,43,73,131,63,128,36,70,83,50"/><V58/><F117/><W29/><G36/><T108/><D104/><U75/><E107/><V30/><F105/><W14/><G115/><T113/><D81/><U56/><E135/><V92/><F124/><W123/><G123/><T53/><D64/><U111/><E111/><N who="0" m="42569" /><D113/><U88/><E75/><V130/><F130/><N who="3" m="49707" /><G70/><T47/><D47/><U68/><E68/><V93/><F110/><W120/><G120/><T1/><D119/><U16/><E74/><V134/><F134/><W38/><G38/><T72/><D72/><U90/><E15/><V99/><F78/><W20/><G20/><T22/><D59/><N who="1" m="22603" /><E49/><V97/><F84/><W100/><G100/><T80/><D53/><U39/><E39/><V82/><F82/><AGARI ba="0,0" hai="16,21,27,40,41,42,79,82,86,88,90" m="22603" machi="82" ten="30,3900,0" yaku="8,1,54,2" doraHai="25" who="1" fromWho="2" sc="279,0,260,39,244,-39,217,0" /><INIT seed="3,0,0,5,2,97" ten="279,299,205,217" oya="3" hai0="30,85,66,51,96,123,18,67,12,109,5,19,73" hai1="134,48,127,100,61,81,94,14,75,95,91,10,86" hai2="58,36,41,122,27,89,110,76,121,132,34,106,70" hai3="33,60,99,24,133,26,80,116,62,115,78,98,130"/><W55/><G116/><T6/><D73/><U90/><E75/><V119/><F119/><W49/><G130/><T2/><D2/><U54/><E127/><V102/><F70/><W0/><G0/><T105/><D123/><N who="2" m="47114" /><F110/><W25/><G133/><T82/><D30/><U107/><E107/><V101/><F106/><W45/><G115/><T72/><D72/><U117/><E134/><V104/><F104/><W77/><G33/><T9/><D109/><U88/><E117/><V135/><F132/><W129/><G129/><T40/><D6/><N who="1" m="3415" /><E61/><N who="3" m="23658" /><G80/><T32/><D32/><U128/><E128/><V103/><F135/><W11/><G11/><T93/><D105/><U65/><E65/><N who="0" m="24585" /><D40/><U47/><E100/><N who="2" m="25603" /><V39/><DORA hai="118" /><F41/><W71/><G71/><T69/><D69/><U20/><E20/><V111/><F111/><W53/><G55/><T29/><D29/><U74/><E74/><V112/><F112/><W84/><G84/><T125/><D125/><U64/><E64/><V21/><F34/><W44/><G45/><T43/><D43/><U131/><E131/><V114/><F114/><W38/><G38/><N who="2" m="14377" /><F89/><AGARI ba="0,0" hai="47,48,54,81,86,88,89,90,91,94,95" m="3415" machi="89" ten="30,2000,0" yaku="8,1,54,1" doraHai="97,118" who="1" fromWho="2" sc="279,0,299,20,205,-20,217,0" owari="279,7.9,319,41.9,185,-31.5,217,-18.3" /></mjloggm>