<mjloggm ver="2.3"><GO type="225" lobby="0"/><UN n0="%67%61%79%75%6E%79" n1="%E6%80%AA%E3%81%97%E3%81%99%E3%81%8E%E3%82%8B%E3%83%81%E3%83%BC" n2="%E5%84%AA%40%41%42%43" n3="%E3%81%AF%E3%81%BE%E3%81%A1%E3%83%AA%E3%83%BC%E3%82%B0" dan="16,16,17,16" rate="2165.41,2129.97,2242.36,2049.59" sx="M,M,M,M"/><TAIKYOKU oya="0"/><INIT seed="0,0,0,5,0,75" ten="250,250,250,250" oya="0" hai0="127,74,15,34,41,79,56,63,16,37,129,30,28" hai1="11,9,101,82,57,2,111,109,93,113,43,5,119" hai2="70,48,38,26,52,135,102,103,66,32,21,128,47" hai3="95,131,46,84,125,88,71,83,51,14,40,3,22"/><T12/><D127/><U19/><E119/><V96/><F135/><W130/><G71/><T33/><D129/><N who="3" m="49161" /><G3/><T24/><D37/><U94/><E113/><V4/><F128/><W90/><G125/><T64/><D41/><U133/><E133/><V78/><F32/><W36/><G22/><T39/><D39/><U121/><E121/><V25/><F38/><W42/><G14/><T23/><D15/><N who="1" m="7663" /><E43/><V61/><F4/><W99/><G40/><T6/><D6/><U31/><E31/><V59/><F78/><N who="3" m="46199" /><G36/><T92/><D92/><U35/><E35/><V100/><F70/><W98/><G98/><T108/><D108/><N who="1" m="41547" /><E101/><AGARI ba="0,0" hai="42,46,51,88,90,95,99,101" m="46199,49161" machi="101" ten="30,3900,0" yaku="19,1,52,1,54,1" doraHai="75" who="3" fromWho="1" sc="250,0,250,-39,250,0,250,39" /><INIT seed="1,0,0,3,4,72" ten="250,211,250,289" oya="1" hai0="81,95,114,90,107,18,3,27,20,103,105,11,31" hai1="116,51,93,52,84,121,89,37,47,106,65,38,12" hai2="86,111,30,17,57,82,24,125,79,119,102,96,61" hai3="15,55,133,101,67,19,63,104,33,85,50,112,8"/><U130/><E116/><V109/><F125/><W99/><G112/><T36/><D36/><U41/><E121/><V32/><F119/><W98/><G133/><T16/><D114/><U66/><E130/><V45/><F45/><W28/><G98/><T44/><D103/><U43/><E106/><V135/><F17/><W100/><G100/><T14/><D3/><U46/><REACH who="1" step="1"/><E12/><REACH who="1" ten="250,201,250,289" step="2"/><V70/><F135/><W64/><G104/><T59/><D107/><U78/><E78/><V6/><F111/><W26/><G15/><T122/><D105/><U10/><E10/><V131/><F109/><W126/><G8/><T5/><D122/><U49/><E49/><V87/><F131/><W127/><G50/><T21/><D11/><U75/><E75/><V73/><F6/><W124/><G124/><T23/><D5/><U69/><E69/><V53/><F70/><W62/><G127/><T88/><D14/><U123/><E123/><V71/><F71/><W22/><G126/><T91/><D31/><U60/><E60/><V128/><F128/><W4/><G4/><T120/><D120/><U54/><E54/><V25/><F25/><N who="3" m="18575" /><G55/><T97/><D27/><U117/><E117/><V2/><F2/><W0/><G0/><T74/><D74/><U129/><E129/><V134/><F134/><W113/><G113/><T1/><D18/><U92/><E92/><AGARI ba="0,1" hai="24,30,32,53,57,61,73,79,82,86,87,92,96,102" machi="92" ten="30,2000,0" yaku="7,1,52,1" doraHai="72" who="2" fromWho="1" sc="250,0,201,-20,250,30,289,0" /><INIT seed="2,0,0,2,1,22" ten="250,181,280,289" oya="2" hai0="82,34,57,23,74,100,62,24,135,101,50,85,47" hai1="122,61,89,121,6,39,73,3,7,118,40,88,83" hai2="16,70,33,41,30,76,72,99,15,43,92,69,29" hai3="19,108,124,95,53,126,71,127,52,20,75,115,112"/><V35/><F72/><W133/><G108/><T77/><D34/><U123/><E118/><V107/><F107/><W25/><G75/><T56/><D74/><U110/><E110/><V1/><F1/><W60/><G133/><T37/><D37/><U65/><E40/><N who="2" m="15435" /><F33/><W104/><G104/><T67/><D57/><N who="1" m="37039" /><E39/><V90/><F35/><W129/><G129/><T38/><D38/><U103/><E103/><V21/><F69/><W58/><G95/><T80/><D80/><U9/><E6/><V12/><F70/><W26/><G71/><T97/><D97/><U45/><E45/><V132/><F76/><AGARI ba="0,0" hai="3,7,9,73,76,83,88,89,121,122,123" m="37039" machi="76" ten="30,2000,0" yaku="13,1,54,1" doraHai="22" who="1" fromWho="2" sc="250,0,181,20,280,-20,289,0" /><INIT seed="3,0,0,0,0,92" ten="250,201,260,289" oya="3" hai0="86,12,22,96,36,3,28,64,87,103,70,29,56" hai1="75,110,90,58,107,27,42,33,106,40,112,51,38" hai2="93,85,30,67,78,94,79,118,9,129,132,100,134" hai3="130,11,114,31,25,17,41,43,59,117,99,81,88"/><W32/><G117/><T133/><D3/><U119/><E112/><V91/><F30/><W126/><G114/><T7/><D36/><U48/><E119/><V37/><F37/><W62/><G130/><T124/><D70/><U113/><E113/><V80/><F67/><W1/><G126/><T2/><D2/><U35/><E38/><V66/><F66/><W108/><G108/><T122/><D133/><N who="2" m="51306" /><F9/><W123/><G123/><T68/><D68/><U127/><E27/><V6/><F6/><W116/><G116/><T20/><D122/><U21/><E21/><V105/><F118/><W125/><G125/><T13/><D124/><U121/><E127/><V0/><F0/><W131/><G131/><T8/><D13/><U109/><E121/><V101/><F129/><W111/><G111/><T24/><D22/><U34/><E34/><V54/><F54/><W47/><G47/><T52/><D64/><U71/><E58/><V98/><F101/><W39/><G39/><T4/><D4/><U60/><E71/><V61/><F61/><W72/><G62/><T16/><D7/><U5/><E5/><V69/><F69/><W50/><G59/><T115/><D29/><U84/><E60/><V53/><F53/><W97/><G50/><N who="0" m="30743" /><D115/><U73/><REACH who="1" step="1"/><E90/><REACH who="1" ten="250,191,260,289" step="2"/><N who="2" m="51495" /><F105/><W82/><G32/><T10/><D10/><U63/><E63/><V95/><F91/><W44/><G11/><T76/><D76/><U104/><E104/><N who="2" m="63511" /><F78/><W55/><G1/><T65/><D65/><U49/><E49/><V120/><F79/><N who="3" m="44263" /><G25/><T18/><D28/><U77/><E77/><V83/><F120/><RYUUKYOKU ba="0,1" sc="250,10,191,10,260,10,289,-30" hai0="8,12,16,18,20,24,86,87,96,103" hai1="33,35,40,42,48,51,73,75,84,106,107,109,110" hai2="83,93,94,95" /><INIT seed="4,1,1,2,2,52" ten="260,201,270,259" oya="0" hai0="59,5,109,96,93,14,15,35,103,78,2,121,81" hai1="48,36,106,24,89,90,71,108,61,84,64,117,86" hai2="54,40,111,124,112,60,123,25,13,33,50,21,80" hai3="129,94,51,9,118,8,99,97,122,43,100,18,67"/><T77/><D121/><U125/><E108/><V130/><F111/><W68/><G118/><T4/><D35/><U22/><E117/><V135/><F123/><W63/><G122/><T75/><D109/><U3/><E125/><V87/><F33/><W55/><G129/><T126/><D126/><U26/><E36/><V131/><F112/><W85/><G43/><T1/><D78/><U133/><E133/><V76/><F135/><W6/><G85/><T107/><D107/><U119/><E119/><V102/><F124/><W30/><G30/><T88/><D2/><U31/><E106/><V113/><F40/><W79/><G79/><T66/><D103/><U7/><E26/><V116/><F60/><W70/><G70/><T16/><D14/><U41/><E86/><V73/><F13/><W27/><G99/><T98/><D98/><U58/><E84/><V12/><F12/><W92/><G92/><T120/><D1/><U46/><REACH who="1" step="1"/><E71/><REACH who="1" ten="260,191,270,259" step="2"/><V104/><F116/><W91/><G68/><T20/><REACH who="0" step="1"/><D120/><REACH who="0" ten="250,191,270,259" step="2"/><U0/><E0/><V95/><F104/><W83/><G27/><T127/><D127/><U29/><E29/><V32/><F25/><W132/><G132/><T11/><D11/><AGARI ba="1,3" hai="3,7,11,22,24,31,41,46,48,58,61,64,89,90" machi="11" ten="40,2600,0" yaku="1,1,52,1,53,0" doraHai="52" doraHaiUra="74" who="1" fromWho="0" sc="250,-29,191,59,270,0,259,0" /><INIT seed="5,0,0,2,5,115" ten="221,250,270,259" oya="1" hai0="77,78,86,32,43,47,120,111,124,88,75,103,11" hai1="67,50,2,123,3,21,74,13,80,4,39,64,5" hai2="15,36,90,81,28,35,107,87,117,112,53,69,73" hai3="97,68,33,127,45,0,105,49,133,8,131,119,116"/><U101/><E39/><V31/><F117/><N who="3" m="45131" /><G133/><T34/><D111/><U51/><E123/><V121/><F69/><W57/><G131/><T60/><D120/><U19/><E101/><V72/><F36/><W108/><G108/><T134/><D103/><U20/><E74/><V42/><F42/><N who="3" m="24759" /><G68/><T106/><D106/><U114/><E114/><V12/><F107/><W14/><G33/><T58/><D134/><U118/><E118/><V70/><F70/><W27/><G127/><T40/><D124/><U125/><E125/><V52/><F90/><W95/><G27/><T1/><D43/><U98/><E13/><V129/><F12/><W59/><G0/><T30/><D75/><U7/><E7/><V130/><F72/><W23/><G23/><T82/><D34/><U113/><E113/><V16/><F35/><W17/><G105/><T84/><D84/><U46/><E3/><V91/><F73/><W96/><G96/><T109/><D109/><U48/><E2/><V102/><F121/><W9/><G9/><T24/><D11/><U41/><E98/><V18/><F112/><W26/><G26/><T55/><REACH who="0" step="1"/><D1/><REACH who="0" ten="211,250,270,259" step="2"/><U54/><E21/><N who="2" m="11423" /><F130/><W25/><G25/><T62/><D62/><U128/><E128/><V89/><F129/><W83/><G83/><T85/><D85/><U38/><E80/><V122/><F87/><W6/><G6/><T10/><D10/><U110/><E110/><V63/><F63/><W79/><G79/><T94/><D94/><U37/><E5/><V44/><F81/><W135/><G135/><T56/><D56/><N who="1" m="32839" /><E4/><V104/><F122/><RYUUKYOKU ba="0,1" sc="211,15,250,-15,270,-15,259,15" hai0="24,30,32,40,47,55,58,60,77,78,82,86,88" hai3="8,14,17,57,59,95,97" /><INIT seed="6,1,1,3,1,117" ten="226,235,255,274" oya="2" hai0="36,70,119,48,124,60,83,9,5,26,94,81,98" hai1="66,52,43,71,69,32,130,15,49,89,132,133,17" hai2="55,47,28,110,41,76,112,129,113,3,90,87,101" hai3="86,24,80,10,7,72,135,64,22,2,118,0,30"/><V82/><F129/><W18/><G118/><T12/><D36/><U126/><E32/><V79/><F3/><W59/><G135/><N who="1" m="51786" /><E130/><V92/><F28/><W114/><G72/><T50/><D119/><U74/><E126/><V73/><F110/><W103/><G103/><T33/><D124/><U99/><E74/><V122/><F122/><W29/><G114/><N who="2" m="44137" /><F55/><W44/><G44/><T34/><D34/><U106/><E66/><V1/><F1/><W111/><G0/><T109/><D109/><U19/><E43/><V104/><F76/><W116/><G111/><T20/><D33/><U84/><E99/><N who="2" m="61503" /><F47/><W128/><G128/><T53/><D83/><N who="1" m="49311" /><E106/><V105/><F41/><W108/><G108/><T13/><D81/><U125/><E125/><V75/><F105/><W6/><G116/><T54/><D13/><U123/><E123/><V25/><F25/><W31/><G2/><T65/><D53/><U68/><E15/><V58/><F58/><AGARI ba="1,1" hai="17,19,49,52,58,68,69,71" m="49311,51786" machi="58" ten="40,2600,0" yaku="20,1,54,1" doraHai="117" who="1" fromWho="2" sc="226,0,235,39,255,-29,274,0" /><INIT seed="7,0,0,1,2,25" ten="226,274,226,274" oya="3" hai0="130,35,113,69,127,52,82,44,39,42,122,119,38" hai1="134,7,16,92,76,23,32,97,124,133,5,80,85" hai2="43,75,102,11,73,84,64,53,55,37,104,135,19" hai3="49,72,96,93,6,67,66,31,83,115,36,8,99"/><W74/><G115/><T78/><D122/><U15/><E32/><V56/><F104/><W87/><G36/><T46/><D119/><U45/><E124/><V33/><F33/><W13/><G74/><T4/><D113/><U17/><E17/><V94/><F37/><W62/><G72/><T81/><D127/><U9/><E45/><V117/><F117/><W54/><G31/><T126/><D126/><U51/><E51/><V108/><F108/><W100/><G99/><T114/><D114/><U59/><E59/><V112/><F112/><W95/><G95/><T120/><D120/><U3/><REACH who="1" step="1"/><E7/><REACH who="1" ten="226,264,226,274" step="2"/><V70/><F43/><W21/><G62/><T89/><D35/><U10/><E10/><V118/><F118/><W12/><G21/><T48/><D39/><U2/><E2/><V58/><F70/><W101/><G13/><T103/><D69/><U29/><E29/><V14/><F64/><W61/><G67/><T111/><D38/><U41/><E41/><V18/><F135/><W57/><G61/><T1/><D111/><U121/><E121/><V105/><F19/><W90/><G66/><T50/><D1/><U65/><E65/><V107/><F56/><W60/><G60/><T125/><D125/><U68/><E68/><V79/><F55/><W91/><AGARI ba="0,1" hai="6,8,12,49,54,57,83,87,90,91,93,96,100,101" machi="91" ten="20,3900,0" yaku="0,1,7,1,8,1" doraHai="25" who="3" fromWho="3" sc="226,-13,264,-13,226,-13,274,49" owari="213,-18.7,251,5.1,213,-28.7,323,42.3" /></mjloggm>