<mjloggm ver="2.3"><GO type="225" lobby="0"/><UN n0="%2D%E8%B1%8A%E5%8F%A3%E3%82%81%E3%81%90%E3%81%BF%2D" n1="%72%65%6E%6B%75%6E" n2="%E6%A1%9C%E8%8A%B1%E9%96%83%E3%80%85" n3="%6D%75%75%73%61%6E%6D%75" dan="16,17,16,16" rate="2105.11,2197.44,2205.29,2108.26" sx="F,M,M,F"/><TAIKYOKU oya="0"/><INIT seed="0,0,0,3,3,0" ten="250,250,250,250" oya="0" hai0="32,26,76,100,24,75,98,56,43,135,65,94,58" hai1="77,22,93,116,1,133,6,108,49,42,90,74,83" hai2="51,125,127,45,80,118,120,19,134,105,59,9,124" hai3="129,18,107,66,130,7,89,2,114,109,34,110,40"/><T37/><D135/><U25/><E116/><V86/><F120/><W79/><G107/><T73/><D76/><U21/><E133/><V113/><F134/><W41/><G114/><T101/><D37/><U132/><E132/><V35/><F113/><W16/><G34/><T82/><D43/><N who="3" m="16457" /><G79/><T117/><D82/><U55/><E42/><N who="2" m="25015" /><F118/><W15/><G66/><T60/><D117/><U84/><E108/><N who="3" m="41578" /><G89/><T3/><D3/><U67/><E67/><V17/><F105/><W103/><G103/><T11/><D101/><U13/><E1/><V81/><F35/><W119/><G119/><T62/><D11/><U92/><E92/><V33/><F33/><W46/><G46/><T78/><D78/><U12/><E6/><V131/><F9/><N who="3" m="2295" /><G18/><T115/><D115/><U31/><REACH who="1" step="1"/><E22/><AGARI ba="0,0" hai="15,16,22,129,130" m="2295,41578,16457" machi="22" ten="30,3900,0" yaku="14,1,52,1,54,1" doraHai="0" who="3" fromWho="1" sc="250,0,250,-39,250,0,250,39" /><INIT seed="1,0,0,5,2,57" ten="250,211,250,289" oya="1" hai0="111,127,90,104,105,85,10,76,15,115,88,122,48" hai1="22,27,29,124,49,133,47,126,87,6,69,68,33" hai2="102,0,30,89,32,31,12,38,98,118,2,132,123" hai3="51,109,117,34,110,131,24,9,70,84,58,23,75"/><U99/><E133/><V106/><F118/><W20/><G75/><T92/><D115/><U77/><E6/><V130/><F123/><W52/><G117/><T113/><D113/><U18/><E99/><V80/><F132/><W134/><G134/><T86/><D122/><U119/><E119/><V74/><F130/><W125/><G131/><T26/><D111/><N who="3" m="42505" /><G125/><N who="1" m="48234" /><E77/><V8/><F38/><W61/><G84/><T135/><D135/><U96/><E96/><V93/><F32/><W17/><G9/><T79/><D127/><U3/><E3/><V129/><F0/><W14/><G34/><T54/><D26/><N who="1" m="18615" /><E87/><N who="2" m="52415" /><F2/><W116/><G116/><T25/><D25/><U59/><E59/><V44/><F129/><W21/><G24/><T64/><D105/><U19/><E18/><N who="2" m="8455" /><F44/><N who="3" m="27751" /><G70/><T5/><D104/><U50/><E50/><V60/><F31/><W65/><AGARI ba="0,0" hai="14,17,20,21,23,58,61,65" m="27751,42505" machi="65" ten="30,4000,0" yaku="14,1,52,1,54,1" doraHai="57" who="3" fromWho="3" sc="250,-10,211,-20,250,-10,289,40" /><INIT seed="2,0,0,1,2,102" ten="240,191,240,329" oya="2" hai0="45,1,92,29,88,6,36,21,90,15,96,131,120" hai1="34,109,33,117,31,108,111,54,73,53,124,20,76" hai2="133,5,91,51,57,16,62,0,115,12,125,11,116" hai3="93,80,134,86,81,83,126,65,26,72,100,64,32"/><V123/><F123/><W50/><G126/><T85/><D120/><U8/><E117/><V112/><F116/><W106/><G134/><T10/><D131/><U49/><E124/><V30/><F125/><W25/><G72/><T19/><D29/><U58/><E8/><V105/><F133/><W47/><G106/><T103/><REACH who="0" step="1"/><D85/><REACH who="0" ten="230,191,240,329" step="2"/><U132/><E132/><V43/><F30/><W95/><G86/><T130/><D130/><U13/><E73/><V104/><F115/><W118/><G118/><T70/><D70/><U114/><E114/><V4/><F112/><W77/><G77/><T48/><D48/><N who="1" m="31015" /><E76/><V35/><F51/><W44/><G50/><T78/><D78/><U89/><E89/><V38/><F91/><W79/><G79/><T69/><D69/><U23/><E31/><V17/><F35/><N who="1" m="13321" /><E13/><V68/><F68/><W61/><G32/><T122/><D122/><U74/><E74/><V127/><F127/><W110/><G25/><T7/><D7/><U135/><E135/><V87/><F87/><W59/><G26/><T52/><D52/><U119/><E119/><V82/><F5/><W55/><G55/><T28/><D28/><U39/><E39/><V41/><F38/><W94/><G65/><T14/><D14/><U42/><E42/><AGARI ba="0,1" hai="1,6,10,15,19,21,36,42,45,88,90,92,96,103" machi="42" ten="40,2600,0" yaku="1,1,54,1,53,0" doraHai="102" doraHaiUra="24" who="0" fromWho="1" sc="230,36,191,-26,240,0,329,0" /><INIT seed="3,0,0,2,1,77" ten="266,165,240,329" oya="3" hai0="103,2,20,79,75,43,107,132,39,64,116,91,44" hai1="93,28,9,16,130,4,89,29,54,3,101,94,81" hai2="51,76,17,115,15,55,47,135,41,33,128,13,7" hai3="22,80,69,40,110,98,65,95,133,117,30,104,21"/><W125/><G104/><T62/><D116/><U19/><E130/><V112/><F128/><W97/><G40/><T42/><D42/><U53/><E101/><V114/><F135/><W78/><G125/><T124/><D132/><U50/><E3/><V68/><F33/><W134/><G110/><T70/><D124/><U106/><E106/><V32/><F32/><W10/><G69/><T18/><D2/><U27/><E4/><V24/><F68/><W122/><G65/><T46/><D46/><U8/><E89/><V96/><F96/><W85/><G98/><T108/><D108/><U59/><E27/><V84/><F55/><W100/><G122/><T87/><D103/><U12/><E12/><V131/><F131/><W31/><G97/><T35/><D35/><U23/><E23/><V60/><F60/><W57/><G100/><T83/><D107/><U1/><E1/><V0/><F24/><W26/><G26/><T37/><D37/><U99/><E99/><V56/><F56/><W36/><G36/><T14/><REACH who="0" step="1"/><D91/><REACH who="0" ten="256,165,240,329" step="2"/><U5/><E5/><V49/><F0/><W73/><G117/><T82/><D82/><U48/><E59/><V63/><F7/><W118/><G118/><T92/><D92/><U126/><E126/><V88/><F88/><W74/><G133/><T45/><D45/><U72/><E72/><AGARI ba="0,1" hai="14,18,20,39,43,44,62,64,70,72,75,79,83,87" machi="72" ten="40,2600,0" yaku="1,1,52,1,53,0" doraHai="77" doraHaiUra="109" who="0" fromWho="1" sc="256,36,165,-26,240,0,329,0" owari="292,9.2,139,-36.1,240,-16.0,329,42.9" /></mjloggm>