<mjloggm ver="2.3"><GO type="225" lobby="0"/><UN n0="%72%69%6F%75%63%68%61%6E" n1="%E3%81%B2%E3%81%AA%E3%81%AE%E3%82%8A%E3%81%8F" n2="%4E%6F%2E%30%30%30%31" n3="%54%61%6E%67%6C%65" dan="16,16,18,16" rate="2176.33,2092.48,2189.40,2044.23" sx="M,M,F,M"/><TAIKYOKU oya="0"/><INIT seed="0,0,0,0,0,17" ten="250,250,250,250" oya="0" hai0="122,45,35,94,23,37,2,7,20,80,51,43,84" hai1="90,119,4,39,55,115,101,83,110,125,32,46,98" hai2="113,27,134,118,52,42,62,65,120,104,11,103,131" hai3="34,30,33,127,15,106,67,97,91,60,102,87,9"/><T21/><D122/><U88/><E32/><V64/><F120/><W25/><G127/><T82/><D35/><U92/><E119/><V79/><F113/><W12/><G34/><T5/><D37/><U75/><E125/><V44/><F131/><W29/><G29/><T56/><D2/><U1/><E110/><V58/><F134/><W73/><G73/><T6/><D56/><U70/><E70/><V13/><F118/><W116/><G9/><T24/><D24/><U63/><E63/><V108/><F108/><W89/><G89/><AGARI ba="0,0" hai="5,6,7,20,21,23,43,45,51,80,82,84,89,94" machi="89" ten="40,12000,1" yaku="8,1,52,3" doraHai="17" who="0" fromWho="3" sc="250,120,250,0,250,0,250,-120" /><INIT seed="0,1,0,0,4,85" ten="370,250,250,130" oya="0" hai0="4,105,127,14,70,96,97,100,102,67,109,78,76" hai1="83,75,69,36,71,90,80,107,110,135,54,58,16" hai2="2,93,81,13,25,42,89,35,65,131,46,28,30" hai3="53,79,68,128,20,45,21,39,17,11,98,18,92"/><T84/><D127/><U32/><E110/><V106/><F106/><W132/><G68/><T112/><D112/><U99/><E36/><V108/><F2/><W47/><G132/><T5/><D109/><U15/><E32/><V57/><F108/><W124/><G128/><T126/><D126/><U51/><E135/><V8/><F131/><W56/><G124/><T19/><D70/><U10/><E80/><V43/><F30/><W3/><G79/><T49/><D67/><U130/><E130/><V116/><F116/><W115/><G115/><T50/><D84/><U23/><E23/><V94/><F81/><W22/><G3/><T37/><D37/><U27/><E27/><V61/><F94/><W38/><G38/><T7/><D76/><U133/><E133/><V63/><F63/><W88/><G39/><T73/><D78/><U86/><REACH who="1" step="1"/><E75/><REACH who="1" ten="370,240,250,130" step="2"/><V77/><F77/><W29/><G29/><T0/><D73/><U59/><E59/><V117/><F117/><W118/><G118/><T111/><D111/><U62/><E62/><V134/><F134/><W123/><G123/><T91/><D0/><U52/><E52/><V87/><REACH who="2" step="1"/><F46/><REACH who="2" ten="370,240,240,130" step="2"/><W31/><G31/><T6/><D105/><U12/><E12/><V66/><F66/><W122/><G122/><T72/><D14/><U34/><E34/><V44/><F44/><W33/><G33/><T120/><D120/><U24/><E24/><V1/><F1/><W104/><G104/><T41/><D72/><U74/><E74/><V113/><F113/><W26/><G47/><T121/><D121/><U95/><E95/><RYUUKYOKU ba="1,2" sc="370,-15,240,15,240,15,130,-15" hai1="10,15,16,51,54,58,69,71,83,86,90,99,107" hai2="8,13,25,28,35,42,43,57,61,65,87,89,93" /><INIT seed="1,2,2,1,1,82" ten="355,255,255,115" oya="1" hai0="48,110,108,69,25,10,97,1,93,79,9,120,68" hai1="35,24,111,52,53,130,19,85,7,129,41,44,36" hai2="51,118,104,57,95,83,22,114,8,74,81,42,124" hai3="62,132,11,38,75,98,134,135,94,18,65,99,125"/><U45/><E7/><V3/><F118/><W66/><G75/><T86/><D120/><U5/><E5/><V4/><F104/><W87/><G38/><T117/><D117/><U96/><E111/><N who="0" m="42537" /><D25/><U78/><E96/><V128/><F128/><N who="1" m="49257" /><E45/><V49/><F124/><W55/><G125/><T100/><D48/><U59/><E59/><V127/><F127/><W6/><G18/><T26/><D26/><U133/><E133/><V27/><F114/><W109/><G109/><T15/><D1/><U50/><E50/><V47/><F57/><W119/><G119/><T12/><D12/><U84/><E19/><V131/><F51/><W39/><G39/><T101/><D101/><U56/><E78/><V112/><F131/><W89/><G55/><N who="1" m="21066" /><E56/><V43/><F112/><W72/><G72/><T2/><D2/><U21/><E21/><V17/><F74/><W113/><G113/><T80/><D9/><U77/><E77/><V31/><F42/><W90/><G99/><T63/><D63/><U33/><E33/><V116/><F116/><W37/><G37/><T91/><D79/><U105/><E105/><V0/><F0/><N who="3" m="455" /><G62/><T54/><D54/><U64/><E64/><V29/><F17/><AGARI ba="2,2" hai="10,15,17,68,69,80,86,91,93,97,100" m="42537" machi="17" ten="30,2000,0" yaku="14,1,52,1" doraHai="82" who="0" fromWho="2" sc="355,46,255,0,255,-26,115,0" /><INIT seed="2,0,0,3,1,134" ten="401,255,229,115" oya="2" hai0="71,102,32,78,64,44,60,70,2,99,105,21,113" hai1="93,19,82,45,47,62,106,16,54,120,10,80,73" hai2="49,66,56,96,104,132,67,77,9,127,8,57,91" hai3="95,5,37,112,72,17,38,18,31,79,42,68,119"/><V53/><F132/><W83/><G119/><T92/><D113/><U81/><E106/><V65/><F127/><W116/><G116/><T1/><D71/><U22/><E73/><V4/><F77/><W107/><G107/><T75/><D32/><U109/><E109/><V101/><F91/><W55/><G112/><T89/><D44/><U48/><E62/><V133/><F133/><W94/><G68/><T121/><D121/><U110/><E110/><V111/><F111/><W12/><G31/><T43/><D43/><U26/><E93/><V125/><F125/><W59/><G5/><T25/><D78/><U103/><E103/><V108/><F108/><W74/><G72/><T46/><D46/><N who="1" m="27927" /><E120/><V58/><REACH who="2" step="1"/><F9/><REACH who="2" ten="401,255,219,115" step="2"/><W41/><G79/><T131/><D75/><U0/><E0/><AGARI ba="0,1" hai="0,4,8,49,53,56,57,58,65,66,67,96,101,104" machi="0" ten="40,3900,0" yaku="1,1,2,1,53,0" doraHai="134" doraHaiUra="122" who="2" fromWho="1" sc="401,0,255,-39,219,49,115,0" /><INIT seed="2,1,0,5,2,81" ten="401,216,268,115" oya="2" hai0="15,66,73,126,17,47,8,26,28,127,87,96,97" hai1="21,74,7,20,129,92,108,83,95,70,33,44,114" hai2="22,71,69,77,59,16,103,42,85,2,38,115,35" hai3="131,4,46,64,53,39,12,91,10,119,31,56,14"/><V65/><F35/><W1/><G119/><T52/><D73/><U100/><E33/><V24/><F2/><W90/><G131/><T130/><D130/><U121/><E114/><V55/><F115/><W104/><G104/><T11/><D66/><U75/><E129/><V34/><F34/><W132/><G132/><T62/><D8/><U133/><E70/><V6/><F6/><W107/><G107/><T82/><D127/><U49/><E133/><V0/><F0/><W51/><G31/><T68/><D126/><U45/><E7/><V5/><F103/><W135/><G135/><T37/><D68/><U63/><E63/><V48/><F5/><W54/><G64/><T88/><D37/><U40/><E108/><V134/><F134/><W61/><G39/><T118/><D118/><U9/><E9/><V67/><F69/><W3/><G3/><T78/><D78/><U128/><E49/><N who="2" m="31215" /><F71/><W99/><G99/><T76/><D76/><U18/><E100/><V43/><F38/><W124/><G124/><T117/><D117/><U109/><E109/><V58/><F58/><W23/><REACH who="3" step="1"/><G1/><REACH who="3" ten="401,216,268,105" step="2"/><T32/><REACH who="0" step="1"/><D62/><REACH who="0" ten="391,216,268,105" step="2"/><U25/><E128/><V72/><F67/><W98/><G98/><T94/><D94/><U93/><E95/><V36/><F65/><W57/><G57/><T116/><D116/><U122/><E93/><V102/><F36/><W30/><G30/><T112/><D112/><U86/><E92/><V111/><F111/><W105/><G105/><T120/><D120/><U110/><E121/><V113/><F113/><W79/><G79/><T84/><D84/><RYUUKYOKU ba="1,2" sc="391,15,216,-15,268,-15,105,15" hai0="11,15,17,26,28,32,47,52,82,87,88,96,97" hai3="4,10,12,14,23,46,51,53,54,56,61,90,91" /><INIT seed="3,2,2,2,2,111" ten="406,201,253,120" oya="3" hai0="112,86,21,65,38,12,66,16,123,70,30,76,0" hai1="130,10,45,110,79,82,53,37,120,107,52,93,94" hai2="57,125,119,14,60,77,73,131,47,104,41,63,64" hai3="33,4,44,84,132,6,3,108,129,9,62,5,126"/><W74/><G108/><T101/><D123/><U22/><E110/><V61/><F119/><W114/><G114/><T98/><D0/><U135/><E107/><V117/><F117/><W81/><G74/><T28/><D38/><U122/><E130/><V95/><F104/><W80/><G33/><T46/><D112/><U102/><E135/><V105/><F105/><W99/><G132/><T87/><D46/><U88/><E102/><V25/><F131/><W59/><G129/><T54/><D54/><U133/><E133/><V85/><F73/><W29/><G126/><T113/><D113/><U26/><E10/><V2/><F2/><W43/><G99/><T96/><D98/><U24/><E37/><V127/><F25/><W134/><G29/><N who="0" m="11371" /><D70/><U109/><E109/><V128/><F128/><W115/><G115/><T89/><D76/><U8/><E8/><V116/><F116/><W92/><G92/><N who="0" m="58503" /><D86/><U121/><E45/><V42/><F14/><W106/><G106/><T20/><D20/><U32/><E32/><V40/><F47/><W31/><G31/><T100/><D100/><U7/><E7/><V90/><F77/><W97/><G97/><T13/><D12/><U75/><E94/><AGARI ba="2,2" hai="13,16,21,65,66,87,89,94" m="58503,11371" machi="94" ten="30,2000,0" yaku="8,1,54,1" doraHai="111" who="0" fromWho="1" sc="406,46,201,-26,253,0,120,0" owari="452,55.2,175,-22.5,253,5.3,120,-38.0" /></mjloggm>