<mjloggm ver="2.3"><GO type="225" lobby="0"/><UN n0="%77%72%77%72%77%72%77%72" n1="%E3%81%B5%E3%81%98%E3%81%8B%E3%81%A4" n2="%E3%81%BE%E3%81%A8%E3%81%9F" n3="%E4%BA%BA%E9%96%93%E3%83%81%E3%83%A3%E3%83%BC%E3%83%8F%E3%83%B3" dan="17,16,16,16" rate="2159.27,2140.08,2194.15,2132.51" sx="M,M,M,M"/><TAIKYOKU oya="0"/><INIT seed="0,0,0,2,3,131" ten="250,250,250,250" oya="0" hai0="99,87,54,92,42,79,40,135,9,88,73,128,89" hai1="130,26,34,95,45,17,25,64,113,48,83,76,58" hai2="108,21,22,27,3,122,31,68,13,97,38,63,20" hai3="118,14,119,103,86,77,1,112,107,46,94,80,134"/><T123/><D123/><U114/><E130/><V75/><F38/><W61/><G1/><T43/><D128/><U6/><E6/><V124/><F75/><N who="3" m="43071" /><G46/><T12/><D135/><U104/><E104/><V120/><F97/><N who="3" m="61935" /><G112/><N who="1" m="43114" /><E95/><V33/><F63/><W15/><G61/><T69/><D69/><U24/><E17/><V121/><F68/><W11/><G11/><T127/><D127/><U117/><E117/><N who="3" m="44554" /><G134/><T67/><D67/><U93/><E93/><V0/><F124/><W82/><G82/><N who="0" m="47583" /><D73/><N who="1" m="43407" /><E64/><V2/><F108/><W37/><G37/><T35/><D35/><U132/><E132/><V90/><F90/><AGARI ba="0,0" hai="14,15,86,90,94" m="44554,61935,43071" machi="90" ten="30,1000,0" yaku="24,1" doraHai="131" who="3" fromWho="2" sc="250,0,250,0,250,-10,250,10" /><INIT seed="1,0,0,2,4,47" ten="250,250,240,260" oya="1" hai0="34,67,106,84,37,122,22,108,21,24,23,95,30" hai1="87,105,27,43,68,104,125,13,15,113,127,133,77" hai2="81,58,46,61,64,89,128,36,135,99,1,76,114" hai3="66,86,56,79,26,75,91,33,112,102,41,63,7"/><U55/><E68/><V118/><F118/><W14/><G112/><T71/><D37/><U134/><E43/><V9/><F135/><N who="1" m="51721" /><E27/><V29/><F128/><W38/><G102/><T90/><D108/><U93/><E55/><V45/><F29/><W123/><G123/><T98/><D122/><U72/><E113/><V60/><F114/><W94/><G75/><T115/><D115/><U109/><E109/><V117/><F117/><W62/><G79/><T132/><D132/><U83/><E13/><V53/><F36/><W88/><G38/><T48/><D48/><U6/><E6/><V39/><F39/><W49/><G33/><T120/><D120/><U28/><E15/><V18/><F9/><N who="3" m="4415" /><G26/><T129/><D129/><U51/><E28/><V121/><F1/><W0/><G0/><T54/><D54/><U35/><E35/><V19/><F121/><W101/><G63/><N who="0" m="40447" /><D21/><U50/><E50/><V124/><F61/><W103/><G91/><T57/><D57/><U11/><E51/><V31/><F60/><W12/><G12/><T5/><D5/><U78/><E11/><V70/><F70/><W17/><G17/><T92/><D106/><N who="1" m="41067" /><E78/><V126/><F76/><W111/><G111/><T96/><D22/><U97/><E72/><V42/><F19/><W10/><G10/><T32/><D32/><U119/><E119/><V69/><F18/><W65/><G65/><T3/><D3/><U59/><E59/><V85/><F58/><W116/><G116/><T52/><D52/><U110/><E110/><V2/><F53/><N who="3" m="31791" /><G41/><T74/><D34/><U16/><E16/><RYUUKYOKU ba="0,0" sc="250,-15,250,15,240,-15,260,15" hai1="77,83,87,93,97,125,127" hai3="62,66,86,88,94,101,103" /><INIT seed="1,1,0,1,5,75" ten="235,265,225,275" oya="1" hai0="80,50,67,46,35,95,78,47,116,85,10,128,2" hai1="114,107,127,62,8,17,119,38,28,39,102,81,30" hai2="57,74,98,91,83,88,126,97,29,34,111,99,100" hai3="31,0,105,52,5,59,61,87,130,25,66,53,103"/><U12/><E119/><V118/><F118/><W65/><G130/><T54/><D116/><U18/><E114/><V23/><F34/><W82/><G0/><T33/><D128/><U58/><E127/><V6/><F111/><W94/><G105/><T115/><D115/><U110/><E110/><V7/><F100/><W96/><G5/><N who="2" m="1545" /><F126/><W22/><G66/><T90/><D2/><U93/><E107/><V69/><F69/><W133/><G133/><T92/><D10/><U109/><E109/><V13/><F74/><W27/><G27/><T106/><D106/><U124/><E124/><V120/><F83/><W68/><G68/><T11/><D11/><U125/><E125/><V56/><F120/><W21/><G21/><T40/><D67/><U77/><E38/><V112/><F112/><W55/><G55/><T63/><D95/><U36/><E18/><N who="2" m="10703" /><F29/><W123/><G123/><T117/><D117/><U19/><E19/><V72/><F72/><W86/><G86/><T108/><D108/><U71/><E39/><V76/><F76/><AGARI ba="1,0" hai="22,25,31,52,53,59,61,65,76,82,87,94,96,103" machi="76" ten="30,12000,2" yaku="7,1,25,2,8,1,52,1,54,1" doraHai="75" who="3" fromWho="2" sc="235,0,265,0,225,-123,275,123" /><INIT seed="2,0,0,1,4,37" ten="235,265,102,398" oya="2" hai0="80,111,46,53,35,98,102,40,133,130,52,14,131" hai1="110,3,77,44,9,28,34,24,93,47,76,124,62" hai2="103,69,15,21,43,88,106,75,79,121,54,128,61" hai3="109,12,16,57,120,132,2,97,18,122,107,33,119"/><V31/><F121/><W45/><G119/><T95/><D35/><U81/><E110/><V1/><F1/><W63/><G2/><T89/><D111/><U32/><E124/><V20/><F128/><N who="0" m="49194" /><D133/><U123/><E123/><V83/><F103/><W13/><G109/><T85/><D14/><U6/><E93/><V86/><F106/><W104/><G33/><T126/><D126/><U73/><E77/><V4/><F31/><W116/><G116/><T105/><D80/><U78/><E34/><V7/><F69/><W8/><G132/><T10/><D10/><U60/><E78/><V39/><F54/><W59/><G45/><T19/><D19/><U135/><E135/><V26/><F61/><W22/><G97/><T36/><AGARI ba="0,0" hai="36,40,46,52,53,85,89,95,98,102,105" m="49194" machi="36" ten="30,4000,0" yaku="19,1,52,1,54,1" doraHai="37" who="0" fromWho="0" sc="235,40,265,-10,102,-20,398,-10" /><INIT seed="3,0,0,1,0,82" ten="275,255,82,388" oya="3" hai0="5,8,125,129,92,47,48,98,0,133,34,67,38" hai1="45,35,77,123,64,59,2,109,112,104,13,107,65" hai2="24,53,54,43,95,94,89,73,33,121,126,14,29" hai3="80,130,37,115,26,106,85,12,9,10,117,22,132"/><W83/><G115/><T58/><D129/><U127/><E112/><V44/><F73/><W16/><G117/><T50/><D133/><U108/><E123/><V99/><F126/><W122/><G122/><T100/><D125/><U51/><E127/><V116/><F116/><W110/><G106/><T62/><D34/><U23/><E35/><V69/><F69/><W15/><G37/><T79/><D79/><U93/><E2/><V31/><F31/><N who="3" m="17879" /><G130/><T87/><D38/><U19/><E77/><V1/><F1/><W119/><G119/><T52/><REACH who="0" step="1"/><D48/><REACH who="0" ten="265,255,82,388" step="2"/><U21/><E21/><V78/><F121/><W42/><G132/><T41/><D41/><N who="1" m="25007" /><E93/><V55/><F78/><N who="3" m="46231" /><G110/><N who="1" m="42602" /><E59/><V134/><F134/><W28/><G42/><T57/><D57/><U96/><E107/><V68/><F68/><W61/><G83/><T39/><D39/><U120/><E120/><V4/><F95/><W111/><G111/><T90/><D90/><U71/><E71/><V66/><F66/><N who="1" m="25705" /><E104/><V102/><F89/><W30/><G61/><T76/><D76/><U20/><E20/><V84/><F43/><W6/><AGARI ba="0,1" hai="6,9,10,12,15,16,28,30" m="46231,17879" machi="6" ten="30,6000,0" yaku="8,1,52,1,54,1" doraHai="82" who="3" fromWho="3" sc="265,-20,255,-20,82,-20,388,70" owari="245,4.5,235,-16.5,62,-43.8,458,55.8" /></mjloggm>