<mjloggm ver="2.3"><GO type="225" lobby="0"/><UN n0="%E3%81%82%E3%82%93%E3%81%AA%E3%81%A4" n1="%73%61%6E%64%69%72%69%73" n2="%61%69%73%79%6F" n3="%72%61%6B%33" dan="16,16,17,17" rate="2124.18,2121.75,2150.67,2204.15" sx="M,M,M,M"/><TAIKYOKU oya="0"/><INIT seed="0,0,0,5,1,119" ten="250,250,250,250" oya="0" hai0="112,6,51,88,16,61,106,109,87,49,34,132,134" hai1="69,96,11,68,39,29,129,94,89,130,7,115,50" hai2="13,38,31,79,26,46,78,54,107,35,126,98,124" hai3="14,135,43,74,52,111,21,57,92,113,65,67,91"/><T99/><D112/><U40/><E39/><V56/><F13/><W17/><G113/><T83/><D34/><U73/><E73/><V116/><F116/><W27/><G111/><T71/><D6/><U114/><E29/><V64/><F64/><W37/><G135/><N who="0" m="51755" /><D109/><U81/><E81/><V101/><F38/><W1/><G74/><T110/><D110/><U66/><E115/><V63/><REACH who="2" step="1"/><F46/><REACH who="2" ten="250,250,240,250" step="2"/><W76/><G67/><N who="0" m="41455" /><D16/><U15/><E114/><V33/><F33/><W12/><G17/><T5/><D5/><U120/><E66/><V70/><F70/><W48/><G65/><T80/><D80/><U20/><E69/><V2/><F2/><W95/><G1/><T0/><D0/><U128/><E68/><V77/><AGARI ba="0,1" hai="26,31,35,54,56,63,77,78,79,98,101,107,124,126" machi="77" ten="30,4000,0" yaku="1,1,0,1,53,1" doraHai="119" doraHaiUra="103" who="2" fromWho="2" sc="250,-20,250,-10,240,50,250,-10" /><INIT seed="1,0,0,1,5,78" ten="230,240,290,240" oya="1" hai0="18,4,81,27,107,62,2,61,79,40,31,46,94" hai1="74,111,14,93,71,108,56,91,112,11,132,43,116" hai2="130,52,123,68,65,70,50,30,0,76,21,34,92" hai3="54,24,36,60,16,104,77,63,45,38,7,15,106"/><U129/><E112/><V83/><F34/><W121/><G121/><T82/><D107/><U44/><E116/><V119/><F0/><W19/><G77/><T41/><D18/><U113/><E113/><V57/><F123/><W17/><G24/><T124/><D124/><U128/><E71/><V3/><F3/><W32/><G32/><T87/><D94/><U58/><E74/><V131/><F119/><W85/><G85/><N who="0" m="48319" /><D2/><U125/><E132/><V48/><F65/><W69/><G69/><T5/><D27/><U103/><E103/><V64/><F64/><W101/><G101/><T135/><D31/><U80/><E125/><V117/><F117/><W96/><G96/><T109/><D109/><N who="1" m="42059" /><E80/><V67/><F67/><W66/><G66/><T47/><D47/><U98/><E128/><N who="2" m="49195" /><F92/><W122/><G106/><T95/><D95/><U90/><E90/><V84/><F50/><W20/><G104/><T23/><D135/><U110/><E129/><V10/><F10/><W6/><G122/><T25/><D61/><U12/><N who="1" m="42067" /><U51/><DORA hai="133" /><E14/><V37/><F37/><W33/><G38/><T49/><D62/><U97/><E97/><V72/><F72/><W88/><G63/><T35/><D49/><U22/><E22/><V99/><F99/><W75/><G60/><T102/><D35/><U86/><E98/><V26/><AGARI ba="0,0" hai="21,26,30,48,52,57,68,70,76,83,84" m="49195" machi="26" ten="30,4000,0" yaku="19,1,52,1,54,1" doraHai="78,133" who="2" fromWho="2" sc="230,-10,240,-20,290,40,240,-10" /><INIT seed="2,0,0,4,3,102" ten="220,220,330,230" oya="2" hai0="107,17,70,104,21,26,71,126,46,79,117,89,99" hai1="83,76,45,0,130,12,112,100,68,119,38,22,24" hai2="31,94,37,62,75,109,52,56,61,95,91,133,51" hai3="44,97,64,5,114,9,125,67,72,74,90,80,85"/><V53/><F37/><W60/><G125/><T18/><D126/><U65/><E112/><V123/><F75/><W30/><G114/><T103/><D117/><U132/><E119/><V3/><F3/><W59/><G64/><T8/><D79/><U129/><E0/><V29/><F123/><W27/><G44/><T41/><D89/><U120/><E100/><V43/><F133/><W23/><REACH who="3" step="1"/><G97/><REACH who="3" ten="220,220,330,220" step="2"/><T2/><D70/><U13/><E65/><V113/><F113/><W105/><G105/><T118/><D71/><U111/><E68/><V73/><F109/><W28/><G28/><T57/><D118/><U48/><E111/><V108/><F108/><W19/><G19/><T36/><D104/><U128/><E120/><V15/><F29/><W14/><AGARI ba="0,1" hai="5,9,14,23,27,30,59,60,67,72,74,80,85,90" machi="14" ten="20,5200,0" yaku="1,1,0,1,7,1,53,1" doraHai="102" doraHaiUra="16" who="3" fromWho="3" sc="220,-13,220,-13,330,-26,220,62" /><INIT seed="3,0,0,2,2,7" ten="207,207,304,282" oya="3" hai0="77,16,21,75,5,110,130,42,81,73,80,78,24" hai1="100,119,106,96,35,34,6,101,49,32,131,60,19" hai2="54,102,27,52,11,67,46,20,104,55,79,71,132" hai3="22,56,129,99,113,40,74,135,107,13,39,23,128"/><W1/><G1/><T76/><D110/><U98/><E131/><N who="3" m="50250" /><G113/><T12/><D130/><U33/><E119/><V91/><F132/><W28/><G74/><T3/><D3/><U103/><N who="1" m="8192" /><DORA hai="95" /><U88/><E6/><V108/><F79/><W18/><G135/><T47/><D77/><U63/><E49/><V4/><F91/><W122/><G56/><T29/><D5/><U57/><E19/><V114/><F108/><W117/><G122/><T14/><D29/><U127/><E127/><V25/><F46/><N who="3" m="23839" /><G117/><T92/><D92/><U62/><E106/><V48/><F48/><AGARI ba="0,0" hai="12,14,16,21,24,42,47,48,73,75,76,78,80,81" machi="48" ten="30,3900,0" yaku="7,1,9,1,54,1" doraHai="7,95" who="0" fromWho="2" sc="207,39,207,0,304,-39,282,0" /><INIT seed="4,0,0,1,0,123" ten="246,207,265,282" oya="0" hai0="9,36,91,12,110,29,54,73,16,87,4,103,56" hai1="82,126,32,124,79,67,19,40,84,41,90,20,83" hai2="104,15,96,115,118,117,133,121,49,85,30,44,10" hai3="47,39,46,33,78,5,35,51,130,60,88,106,120"/><T2/><D36/><U89/><E32/><V127/><F121/><W26/><G120/><T61/><D73/><U14/><E67/><V27/><F115/><W99/><G130/><T74/><D74/><U75/><REACH who="1" step="1"/><E90/><REACH who="1" ten="246,197,265,282" step="2"/><V25/><F118/><W42/><G88/><T43/><D91/><U80/><E80/><V135/><F117/><W63/><G33/><T119/><D119/><U132/><E132/><V71/><F135/><W70/><G35/><T21/><D103/><U107/><E107/><V66/><F133/><W62/><G106/><T13/><D110/><U129/><E129/><V8/><F104/><W112/><G70/><T6/><D2/><U97/><E97/><V50/><F96/><W128/><G99/><T109/><D109/><U48/><E48/><V102/><F66/><W94/><G51/><T22/><D61/><U38/><E38/><V131/><F71/><W1/><G63/><T3/><D3/><U31/><E31/><V116/><F102/><W76/><G62/><T113/><D29/><U100/><E100/><V34/><F131/><W122/><G60/><T125/><D113/><U69/><E69/><V105/><F105/><W11/><G112/><T23/><D125/><AGARI ba="0,1" hai="14,19,20,40,41,75,79,82,83,84,89,124,125,126" machi="125" ten="40,2600,0" yaku="1,1,18,1,53,0" doraHai="123" doraHaiUra="65" who="1" fromWho="0" sc="246,-26,197,36,265,0,282,0" /><INIT seed="5,0,0,2,0,59" ten="220,233,265,282" oya="1" hai0="42,79,100,54,60,23,3,44,109,19,37,118,61" hai1="53,12,71,123,16,68,128,27,13,5,73,111,75" hai2="103,113,35,32,96,1,77,101,93,108,43,97,14" hai3="95,33,81,135,34,50,49,129,66,92,87,84,132"/><U24/><E53/><V99/><F108/><W80/><REACH who="3" step="1"/><G66/><REACH who="3" ten="220,233,265,272" step="2"/><T46/><D109/><U36/><E111/><V63/><F113/><W131/><AGARI ba="0,1" hai="33,34,49,50,80,81,84,87,92,95,129,131,132,135" machi="131" ten="25,12000,2" yaku="21,2,2,1,0,1,22,2,53,0" doraHai="59" doraHaiUra="115" who="3" fromWho="3" sc="220,-30,233,-60,265,-30,272,130" owari="190,-21.0,173,-32.7,235,3.5,402,50.2" /></mjloggm>