<mjloggm ver="2.3"><GO type="225" lobby="0"/><UN n0="%E3%81%8F%E3%81%BE%E3%81%96%E3%82%8F" n1="%E5%B8%86%E7%AB%8B%E5%A4%8F%E8%A1%A3" n2="%4D%50%43%32%38%30%30" n3="%E3%82%B5%E3%83%AB%E3%82%B7%E3%83%B3" dan="16,16,16,16" rate="2070.62,2112.79,2112.03,2125.22" sx="M,M,M,M"/><TAIKYOKU oya="0"/><INIT seed="0,0,0,0,3,94" ten="250,250,250,250" oya="0" hai0="87,108,30,128,48,129,123,65,64,34,76,10,132" hai1="54,109,89,78,70,47,103,18,97,27,104,55,84" hai2="44,90,67,59,9,125,69,12,66,92,74,116,91" hai3="98,81,32,86,53,25,77,118,135,46,42,16,111"/><T60/><D123/><U63/><E109/><V62/><F116/><W58/><G118/><T5/><D108/><U19/><E78/><V93/><F74/><W45/><G111/><T80/><D132/><U4/><E4/><V56/><F125/><W6/><G135/><T113/><D113/><U126/><E126/><V134/><F134/><W133/><G133/><T7/><D5/><U72/><E72/><V114/><F44/><W49/><G6/><T120/><D120/><U37/><E37/><V22/><F22/><W110/><G110/><T17/><D17/><U130/><E130/><N who="0" m="50281" /><D48/><U51/><E27/><V3/><F3/><W71/><G71/><T35/><D30/><U50/><E63/><V21/><F21/><N who="3" m="13479" /><G32/><N who="0" m="12331" /><D60/><U121/><E70/><V68/><F114/><W26/><G26/><T115/><D115/><U14/><E121/><V13/><F62/><W11/><G11/><AGARI ba="0,0" hai="9,11,12,13,56,59,66,67,68,69,90,91,92,93" machi="11" ten="25,1600,0" yaku="22,2" doraHai="94" who="2" fromWho="3" sc="250,0,250,0,250,16,250,-16" /><INIT seed="1,0,0,3,1,54" ten="250,250,266,234" oya="1" hai0="85,107,129,52,110,89,48,78,114,12,119,128,75" hai1="131,33,44,124,80,99,84,24,27,3,5,105,127" hai2="8,0,108,46,55,26,109,121,23,130,113,90,9" hai3="25,104,71,58,18,81,57,42,59,56,13,4,96"/><U112/><E112/><V118/><F118/><W10/><G71/><T111/><D119/><U97/><E131/><N who="0" m="50249" /><D114/><U2/><E44/><V94/><F113/><W100/><G42/><T43/><D107/><U103/><E99/><N who="2" m="57815" /><F0/><W45/><G45/><N who="0" m="27663" /><D43/><U93/><E105/><V95/><F95/><W132/><G132/><T68/><D68/><U67/><E67/><V74/><F74/><W88/><N who="3" m="14336" /><DORA hai="19" /><W134/><G134/><T36/><D36/><U41/><E41/><V50/><F121/><W73/><G73/><T30/><D30/><U64/><E64/><V47/><F47/><W16/><REACH who="3" step="1"/><G25/><REACH who="3" ten="250,250,266,224" step="2"/><T125/><D125/><U101/><E27/><V28/><F130/><W79/><G79/><T53/><D78/><U29/><E127/><V35/><F35/><W20/><G20/><T60/><D75/><U22/><E124/><V14/><F109/><W91/><G91/><T15/><D53/><U86/><E33/><V87/><F108/><N who="0" m="41514" /><D60/><U76/><E76/><V51/><F46/><W17/><G17/><T98/><D98/><U69/><E97/><V133/><F133/><W38/><G38/><T66/><D66/><U7/><E69/><V11/><F55/><W123/><G123/><T34/><D34/><U126/><E126/><V92/><F14/><W37/><G37/><T1/><D1/><U62/><E2/><V115/><F115/><W6/><G6/><T49/><D49/><U40/><E3/><V102/><F51/><W70/><G70/><T117/><D117/><U65/><E5/><V21/><F50/><W77/><G77/><T63/><D63/><RYUUKYOKU ba="0,1" sc="250,15,250,-15,266,-15,224,15" hai0="12,15,85,89" hai3="4,10,13,16,18,81,88,96,100,104" /><INIT seed="2,1,1,2,5,11" ten="265,235,251,239" oya="2" hai0="104,116,61,119,45,89,47,94,122,96,125,69,59" hai1="105,62,9,13,82,63,101,6,4,48,41,44,5" hai2="33,14,73,102,68,127,34,39,42,52,23,118,130" hai3="74,85,46,31,131,97,53,123,134,12,58,112,24"/><V66/><F118/><N who="0" m="45098" /><D122/><U37/><E37/><V64/><F73/><W28/><G74/><T90/><D104/><U129/><E129/><V57/><F130/><W135/><G131/><T78/><D78/><U67/><E105/><V76/><F76/><W49/><G123/><T1/><D1/><U55/><E101/><V113/><F113/><W2/><G2/><T54/><D125/><U38/><E82/><V51/><F127/><W117/><G117/><T91/><D69/><U80/><E80/><V84/><F84/><W27/><G85/><T50/><D45/><U99/><E99/><V7/><F102/><W70/><G70/><T121/><D121/><U8/><E67/><AGARI ba="1,1" hai="47,50,54,59,61,67,89,90,91,94,96" m="45098" machi="67" ten="30,1000,0" yaku="12,1" doraHai="11" who="0" fromWho="1" sc="265,23,235,-13,251,0,239,0" /><INIT seed="3,0,0,4,3,51" ten="288,222,251,239" oya="3" hai0="93,26,60,14,131,19,62,97,11,4,105,18,132" hai1="63,2,102,34,118,55,10,52,130,74,29,107,108" hai2="94,87,96,85,37,83,49,0,36,122,104,7,75" hai3="5,61,103,59,25,92,32,66,128,35,78,89,101"/><W79/><G128/><T71/><D131/><U120/><E130/><V100/><F122/><W86/><G5/><T106/><D132/><U69/><E120/><V111/><F111/><W38/><G38/><T70/><D70/><U72/><E108/><V135/><F135/><W46/><G46/><T84/><D71/><U13/><E2/><V23/><F0/><W64/><G64/><T82/><D105/><U124/><E124/><V47/><F7/><W129/><G129/><T33/><D106/><U39/><E39/><V88/><F23/><W127/><G127/><T31/><D18/><U77/><E118/><V6/><F87/><W30/><REACH who="3" step="1"/><G35/><REACH who="3" ten="288,222,251,229" step="2"/><T65/><D65/><N who="1" m="41151" /><E77/><AGARI ba="0,1" hai="25,30,32,59,61,66,77,78,79,86,89,92,101,103" machi="77" ten="40,2000,0" yaku="1,1,53,0" doraHai="51" doraHaiUra="121" who="3" fromWho="1" sc="288,0,222,-20,251,0,229,30" /><INIT seed="3,1,0,1,5,107" ten="288,202,251,259" oya="3" hai0="8,45,131,116,92,10,14,119,1,71,134,68,73" hai1="104,5,23,102,100,13,11,28,43,12,44,57,76" hai2="128,0,39,60,37,129,30,21,35,65,61,67,19" hai3="17,7,81,98,91,130,54,6,38,80,127,56,105"/><W135/><G38/><T50/><D73/><U46/><E104/><V55/><F0/><W110/><G130/><N who="2" m="50281" /><F30/><W126/><G135/><T9/><D131/><U114/><E114/><V32/><F55/><W63/><G110/><T74/><D74/><U49/><E76/><V36/><F21/><W24/><G127/><T109/><D1/><U96/><E96/><V82/><F19/><W59/><G126/><T133/><D109/><U83/><E83/><N who="3" m="31818" /><G105/><T58/><D58/><U97/><E97/><V2/><F2/><W94/><G59/><T113/><D92/><U89/><E89/><V118/><F82/><W115/><G115/><T122/><D113/><U99/><E99/><V75/><F118/><W87/><G98/><T86/><D68/><U90/><E90/><V27/><F27/><W34/><G34/><N who="2" m="12841" /><F75/><W79/><G79/><T25/><D25/><U124/><E124/><V29/><F29/><W117/><G117/><T121/><D116/><U15/><E46/><V123/><F123/><W16/><G17/><T66/><D119/><U78/><E78/><V84/><F84/><W72/><G72/><T3/><D86/><U18/><E28/><V132/><F132/><N who="0" m="50794" /><D3/><U53/><REACH who="1" step="1"/><E13/><REACH who="1" ten="288,192,251,259" step="2"/><V64/><AGARI ba="1,1" hai="36,37,39,60,61,64,65,67" m="12841,50281" machi="64" ten="50,6400,0" yaku="28,2,19,1" doraHai="107" who="2" fromWho="2" sc="288,-17,192,-17,251,77,259,-33" owari="271,7.1,175,-32.5,328,42.8,226,-17.4" /></mjloggm>