<mjloggm ver="2.3"><GO type="225" lobby="0"/><UN n0="%E5%B8%86%E7%AB%8B%E5%A4%8F%E8%A1%A3" n1="%E3%83%A9%E3%83%BC%E3%83%A1%E3%83%B3%E4%BA%94%E9%83%8E" n2="%E6%98%93%E5%88%A9%E8%96%A9%E4%BC%AF" n3="%6D%75%75%73%61%6E%6D%75" dan="16,16,16,17" rate="2202.90,2134.70,2099.03,2164.72" sx="M,M,F,F"/><TAIKYOKU oya="0"/><INIT seed="0,0,0,3,3,116" ten="250,250,250,250" oya="0" hai0="87,100,94,43,85,30,42,0,70,17,112,25,60" hai1="31,74,11,105,28,5,32,92,13,64,40,22,14" hai2="56,8,62,53,19,103,50,37,101,75,128,131,108" hai3="95,27,119,73,127,109,45,2,58,102,49,48,126"/><T114/><D0/><U107/><E74/><V122/><F37/><W66/><G73/><T98/><D114/><U130/><E32/><V96/><F75/><W99/><G2/><T132/><D132/><U24/><E130/><N who="2" m="49707" /><F108/><W6/><G109/><T134/><D134/><U76/><E76/><V67/><F96/><W7/><G119/><T106/><D112/><U72/><E72/><V20/><F8/><W93/><G27/><T35/><D17/><N who="1" m="10543" /><E107/><V117/><F117/><W123/><G95/><T34/><D34/><N who="1" m="20743" /><E92/><V26/><F122/><W52/><G123/><T1/><D1/><N who="1" m="431" /><E40/><V118/><F118/><W89/><G89/><T125/><D125/><N who="3" m="47625" /><G66/><N who="0" m="41287" /><D87/><U111/><E111/><V65/><F65/><W38/><G38/><T113/><D113/><U44/><E105/><V59/><AGARI ba="0,0" hai="19,20,26,50,53,56,59,62,67,101,103" m="49707" machi="59" ten="30,1100,0" yaku="19,1" doraHai="116" who="2" fromWho="2" sc="250,-5,250,-3,250,11,250,-3" /><INIT seed="1,0,0,2,2,0" ten="245,247,261,247" oya="1" hai0="105,82,31,30,74,60,24,103,55,64,35,110,78" hai1="16,89,48,66,42,44,77,32,59,49,76,101,65" hai2="102,115,4,5,108,75,93,15,38,52,67,114,63" hai3="100,6,91,21,47,129,123,106,28,132,83,2,37"/><U117/><E117/><V86/><F75/><W134/><G123/><T45/><D110/><U18/><E32/><V69/><F38/><W17/><G129/><T62/><D31/><U19/><E89/><N who="2" m="53431" /><F102/><W121/><G121/><T54/><D62/><U81/><E101/><V39/><F39/><W56/><G28/><T25/><D45/><U11/><E11/><V46/><F15/><W3/><G91/><T124/><D24/><U133/><E133/><V96/><F96/><W112/><G83/><T87/><D87/><N who="1" m="48551" /><E77/><V111/><F108/><W107/><G112/><N who="2" m="43049" /><F111/><W135/><G100/><T7/><D124/><U36/><E36/><V116/><F116/><W126/><G3/><T58/><D105/><U109/><E109/><V10/><F10/><N who="3" m="2391" /><G126/><T88/><D103/><U33/><E33/><V79/><F79/><W94/><G94/><T70/><D70/><U61/><E48/><AGARI ba="0,0" hai="4,5,46,48,52,63,67,69" m="43049,53431" machi="48" ten="30,7700,0" yaku="11,1,52,2,54,1" doraHai="0" who="2" fromWho="1" sc="245,0,247,-77,261,77,247,0" /><INIT seed="2,0,0,4,0,41" ten="245,170,338,247" oya="2" hai0="96,23,27,124,50,109,116,78,47,59,66,112,1" hai1="85,129,120,107,104,134,98,46,45,29,101,33,35" hai2="131,92,24,74,130,69,7,94,83,5,76,56,19" hai3="4,70,51,103,11,22,97,128,62,9,34,71,40"/><V55/><F69/><W95/><G34/><T15/><D1/><U44/><E129/><N who="2" m="49163" /><F24/><W80/><G128/><T99/><D112/><U43/><E134/><V28/><F28/><W102/><G70/><T89/><D109/><U12/><E120/><V75/><F75/><W58/><G71/><T65/><D124/><U123/><E123/><V88/><F19/><W114/><G114/><T87/><D78/><U39/><E107/><V67/><F67/><N who="0" m="25610" /><D15/><U105/><E105/><V108/><F94/><W135/><G11/><T122/><D59/><U86/><E12/><V90/><F108/><W20/><G9/><T115/><D116/><U126/><E126/><V125/><F125/><W14/><G14/><T63/><D63/><U49/><E39/><V37/><F37/><W2/><G62/><T32/><D32/><U100/><E35/><V77/><F77/><W132/><G2/><T36/><D36/><U82/><E82/><V42/><F42/><W61/><G4/><N who="2" m="1609" /><F92/><W48/><G80/><N who="0" m="49383" /><D115/><U10/><E33/><V93/><F93/><N who="3" m="58671" /><G135/><T60/><D122/><U30/><E104/><V113/><F113/><W25/><G132/><T21/><D21/><U52/><E43/><V64/><F64/><N who="3" m="38967" /><G40/><N who="0" m="24935" /><D23/><N who="3" m="8745" /><G25/><T119/><D27/><U121/><E121/><V54/><F54/><W117/><G117/><T73/><D73/><U111/><E111/><V133/><F133/><W57/><G57/><T3/><D119/><U79/><E52/><V72/><F72/><W84/><G84/><T53/><D3/><U6/><E85/><V127/><F127/><W106/><G106/><T110/><D110/><RYUUKYOKU ba="0,0" sc="245,10,170,-30,338,10,247,10" hai0="53,60,96,99" hai2="55,56,74,76,83,88,90" hai3="48,51,95,103" /><INIT seed="2,1,0,0,2,38" ten="255,140,348,257" oya="2" hai0="83,78,111,33,20,79,100,41,9,5,124,26,85" hai1="105,92,15,10,106,8,27,115,98,55,114,56,112" hai2="119,18,126,110,64,107,30,50,1,37,39,129,131" hai3="80,81,46,2,61,34,69,76,93,120,52,94,53"/><V133/><F119/><W72/><G34/><T91/><D111/><U3/><E27/><V57/><F1/><W29/><G29/><T51/><D124/><U42/><E3/><V118/><F118/><W0/><G120/><T62/><D33/><U123/><E123/><V70/><F30/><W127/><G127/><T65/><D100/><U97/><E97/><V44/><F107/><W132/><G132/><T90/><D79/><U71/><E71/><V25/><F126/><W35/><G35/><T95/><D62/><U14/><E42/><N who="2" m="24855" /><F25/><W54/><G46/><N who="0" m="26063" /><D65/><U67/><E67/><V125/><F18/><W128/><G128/><N who="2" m="49225" /><F125/><W74/><G2/><T103/><D103/><U122/><E122/><V43/><F110/><W24/><G0/><T116/><D116/><U104/><E15/><V89/><F89/><W36/><G36/><N who="2" m="13897" /><F133/><W87/><G24/><T4/><D9/><U86/><E14/><V84/><F84/><W66/><REACH who="3" step="1"/><G72/><REACH who="3" ten="255,140,348,247" step="2"/><T23/><D26/><U31/><E31/><V32/><F32/><W16/><G16/><T45/><D4/><U99/><E114/><V73/><F73/><W22/><G22/><T40/><D5/><U63/><E115/><V77/><F70/><W21/><G21/><T58/><D20/><U17/><E112/><V19/><F19/><W96/><G96/><N who="1" m="36906" /><E17/><V109/><F109/><W48/><G48/><N who="0" m="26663" /><D23/><U59/><E8/><V60/><F57/><W101/><G101/><T121/><D121/><U68/><E59/><V49/><F49/><W102/><G102/><T13/><D58/><U135/><E135/><V82/><F60/><RYUUKYOKU ba="1,1" sc="255,-10,140,-10,348,-10,247,30" hai3="52,53,54,61,66,69,74,76,80,81,87,93,94" /><INIT seed="3,2,1,3,0,116" ten="245,130,338,277" oya="3" hai0="121,65,33,119,112,102,77,48,35,84,60,40,62" hai1="80,56,17,108,22,118,69,131,72,73,99,64,61" hai2="114,87,51,12,86,70,0,11,91,104,89,29,71" hai3="113,4,127,7,26,76,88,97,25,50,135,123,19"/><W2/><G113/><T16/><D119/><U42/><E118/><V27/><F104/><W45/><G76/><T83/><D112/><U55/><E108/><V96/><F0/><W82/><G123/><T13/><D102/><U133/><E131/><V41/><F96/><W74/><G74/><T57/><D121/><U47/><E133/><V105/><F105/><W8/><G135/><T128/><D128/><U43/><E99/><V124/><F124/><W85/><G127/><T109/><D109/><U6/><E80/><V132/><F41/><W58/><G97/><T49/><D62/><U37/><E6/><V125/><F51/><W52/><G4/><T68/><D49/><U101/><E43/><V90/><F125/><W24/><REACH who="3" step="1"/><G58/><REACH who="3" ten="245,130,338,267" step="2"/><T39/><D57/><U134/><E134/><V75/><F75/><W66/><G66/><T103/><D103/><U63/><E63/><V59/><F59/><W111/><G111/><T20/><REACH who="0" step="1"/><D48/><REACH who="0" ten="235,130,338,267" step="2"/><U18/><E101/><V32/><F132/><W46/><G46/><AGARI ba="2,3" hai="13,16,20,33,35,39,40,46,60,65,68,77,83,84" machi="46" ten="40,8000,1" yaku="1,1,2,1,54,1,53,1" doraHai="116" doraHaiUra="79" who="0" fromWho="3" sc="235,116,130,0,338,0,267,-86" owari="351,45.1,130,-37.0,338,13.8,181,-21.9" /></mjloggm>