<mjloggm ver="2.3"><GO type="225" lobby="0"/><UN n0="%E3%81%BF%E3%81%BF%E3%81%9A" n1="%E9%80%9F%E6%B0%B4%E5%87%9B%E9%A6%99" n2="%E3%83%AC%E3%82%A4%E3%83%88%E3%83%B3%E5%87%86%E6%95%99%E6%8E%88" n3="%74%61%6B%75%61%6B%61" dan="17,16,18,17" rate="2226.63,2181.83,2235.76,2198.86" sx="M,F,M,M"/><TAIKYOKU oya="0"/><INIT seed="0,0,0,1,4,3" ten="250,250,250,250" oya="0" hai0="80,56,72,119,7,95,92,135,1,15,81,69,45" hai1="40,98,104,54,67,24,41,84,39,112,35,34,46" hai2="59,102,51,108,22,101,55,86,115,131,78,5,117" hai3="47,87,32,77,89,94,103,0,111,90,97,110,49"/><T74/><D69/><U13/><E40/><V122/><F115/><W50/><G32/><T121/><D1/><U91/><E112/><V14/><F122/><W21/><G0/><T120/><D119/><U23/><E67/><V44/><F108/><N who="3" m="41515" /><G21/><T63/><D45/><U62/><E62/><V99/><F131/><W60/><G60/><T109/><D109/><U65/><E65/><V88/><F78/><W128/><G128/><T4/><D63/><U130/><E54/><V42/><F99/><W33/><G33/><T9/><D9/><U37/><E37/><V75/><F75/><W58/><G58/><T106/><D15/><U134/><E134/><V20/><F20/><W68/><G68/><T53/><D53/><U127/><E127/><V79/><F79/><W27/><G27/><T83/><D83/><U126/><E126/><V36/><F117/><W123/><G123/><T66/><D135/><U52/><E52/><V26/><F14/><W61/><G61/><T17/><D66/><U107/><E13/><V48/><F36/><W8/><G8/><T71/><D71/><U76/><E34/><V18/><REACH who="2" step="1"/><F5/><REACH who="2" ten="250,250,240,250" step="2"/><W124/><G124/><T132/><D132/><U100/><E35/><V116/><F116/><W10/><G77/><T38/><D38/><U118/><E76/><V70/><F70/><W28/><G87/><T19/><D56/><U85/><E118/><V93/><AGARI ba="0,1" hai="18,22,26,42,44,48,51,55,59,86,88,93,101,102" machi="93" ten="20,8000,1" yaku="1,1,0,1,7,1,8,1,54,1,53,0" doraHai="3" doraHaiUra="133" who="2" fromWho="2" sc="250,-40,250,-20,240,90,250,-20" /><INIT seed="1,0,0,3,4,69" ten="210,230,330,230" oya="1" hai0="112,129,66,105,87,57,75,11,125,84,21,80,14" hai1="131,88,111,9,15,52,54,39,19,44,113,8,2" hai2="23,25,73,72,94,61,90,81,20,10,122,59,26" hai3="134,60,35,62,102,108,45,92,65,32,46,37,28"/><U48/><E113/><V97/><F122/><W12/><G108/><T0/><D112/><U5/><E111/><V124/><F124/><W34/><G134/><T49/><D125/><U30/><E131/><V7/><F81/><W16/><G28/><T83/><D105/><U99/><E30/><V107/><F107/><W117/><G117/><T86/><D129/><U96/><E39/><V100/><F90/><W55/><G55/><T109/><D109/><U89/><REACH who="1" step="1"/><E54/><REACH who="1" ten="210,220,330,230" step="2"/><V93/><F72/><W123/><G37/><T33/><D75/><U63/><E63/><V50/><F73/><W95/><G60/><T68/><D33/><U67/><E67/><V29/><F61/><W53/><G53/><T116/><D66/><U36/><E36/><V114/><F50/><W91/><G62/><T43/><D116/><U27/><E27/><V78/><F26/><W6/><G65/><T18/><D68/><U70/><E70/><V42/><F25/><W3/><G35/><T121/><D121/><U85/><E85/><V51/><F29/><W104/><G34/><T133/><D133/><U41/><E41/><V1/><F42/><W58/><G32/><T98/><D98/><AGARI ba="0,1" hai="2,5,8,9,15,19,44,48,52,88,89,96,98,99" machi="98" ten="40,7700,0" yaku="1,1,54,2,53,0" doraHai="69" doraHaiUra="74" who="1" fromWho="0" sc="210,-77,220,87,330,0,230,0" /><INIT seed="1,1,0,1,1,79" ten="133,307,330,230" oya="1" hai0="97,22,9,45,24,132,94,54,84,67,66,57,122" hai1="35,116,0,59,26,117,100,93,98,121,29,74,131" hai2="106,86,71,58,56,61,10,14,13,91,37,70,30" hai3="41,129,62,34,77,108,123,83,28,63,5,85,76"/><U127/><E121/><V52/><F106/><W55/><G123/><T2/><D122/><U39/><E39/><V101/><F37/><W120/><G120/><T125/><D132/><U60/><E0/><V73/><F73/><W126/><G108/><T16/><D125/><U107/><E127/><V88/><F101/><W80/><G126/><T78/><D45/><U27/><E131/><V90/><F30/><W53/><G129/><T44/><D44/><U75/><E26/><V124/><F124/><W43/><G5/><T64/><D2/><U81/><E107/><V32/><F32/><W6/><G6/><T36/><D36/><U135/><E135/><V82/><F14/><W115/><G28/><T112/><D112/><U134/><E134/><V65/><F71/><W48/><G34/><T105/><D9/><U103/><E103/><V113/><F70/><W69/><G69/><T111/><D111/><U12/><E12/><V20/><F20/><W8/><G8/><T47/><D47/><U23/><E35/><V110/><F110/><W19/><G19/><T15/><D105/><U102/><E102/><V42/><F42/><W33/><G33/><T7/><D7/><U21/><E21/><V130/><F113/><W114/><G85/><T46/><D46/><U104/><E104/><V11/><F130/><W51/><AGARI ba="1,0" hai="41,43,48,51,53,55,62,63,76,77,80,83,114,115" machi="51" ten="25,8000,1" yaku="0,1,22,2,52,2" doraHai="79" who="3" fromWho="3" sc="133,-21,307,-41,330,-21,230,83" /><INIT seed="2,0,0,3,4,44" ten="112,266,309,313" oya="2" hai0="121,20,61,83,108,81,8,115,103,124,3,110,24" hai1="114,100,35,112,6,69,80,96,129,23,86,62,72" hai2="125,18,60,38,4,47,94,122,82,36,13,70,65" hai3="12,74,51,117,53,22,120,89,107,17,134,14,79"/><V1/><F122/><W95/><G120/><T113/><D121/><U31/><E35/><V28/><F125/><W75/><G117/><T59/><D103/><U11/><E72/><V106/><F106/><W33/><G107/><T58/><D124/><U39/><E39/><V7/><F1/><W64/><G134/><T105/><D105/><U63/><E129/><V34/><F94/><W84/><G33/><T90/><D8/><U92/><E69/><V102/><F102/><W57/><G79/><T16/><D3/><U5/><E114/><N who="0" m="43529" /><D90/><U131/><E131/><V10/><F82/><N who="0" m="31242" /><D61/><N who="1" m="23051" /><E11/><V32/><F32/><W118/><G118/><T50/><D50/><U9/><E9/><V104/><F104/><W48/><G64/><T130/><D130/><U126/><E126/><V76/><F36/><W88/><G89/><T52/><D52/><U0/><E0/><V77/><F77/><W56/><G12/><T67/><D67/><U98/><E98/><V85/><F76/><W68/><G68/><T27/><D27/><N who="1" m="16895" /><E112/><V66/><F66/><W93/><G93/><T49/><D49/><U30/><E30/><V54/><F28/><W128/><G128/><T46/><D46/><U45/><E45/><V91/><F34/><W87/><G87/><T21/><D21/><U19/><E19/><V15/><F15/><W29/><G29/><T55/><D55/><AGARI ba="0,0" hai="14,17,22,48,51,53,55,56,57,74,75,84,88,95" machi="55" ten="40,12000,2" yaku="9,1,25,2,52,2,54,1" doraHai="44" who="3" fromWho="0" sc="112,-120,266,0,309,0,313,120" owari="-8,-50.8,266,-13.4,309,10.9,433,53.3" /></mjloggm>