<mjloggm ver="2.3"><GO type="225" lobby="0"/><UN n0="%E4%BF%BA%E3%81%A8%E5%A6%96%E5%A4%A2" n1="%6E%69%63%6F%6E%74%6F" n2="%70%6E%64%73%6E%67" n3="%E5%B0%8F%37%34" dan="17,17,16,16" rate="2262.45,2139.41,2095.52,2163.74" sx="F,M,M,M"/><TAIKYOKU oya="0"/><INIT seed="0,0,0,2,2,14" ten="250,250,250,250" oya="0" hai0="70,51,135,125,129,107,13,18,130,91,106,19,122" hai1="39,24,61,3,80,119,108,36,72,52,74,77,23" hai2="92,2,34,85,62,73,0,69,29,22,5,8,84" hai3="102,46,134,131,28,12,100,123,79,30,76,43,120"/><T94/><D122/><N who="3" m="46633" /><G131/><N who="0" m="50187" /><D70/><U49/><E108/><V64/><F73/><W31/><G134/><T21/><D135/><U99/><E119/><V6/><F34/><W127/><G127/><T115/><D125/><U60/><E3/><V114/><F114/><W90/><G90/><T111/><D115/><U7/><E7/><V109/><F109/><W110/><G110/><T11/><D51/><U124/><E74/><V44/><F92/><W97/><G12/><N who="0" m="9415" /><D111/><U27/><E27/><V33/><F33/><W58/><G58/><T57/><D57/><U40/><E124/><V103/><F103/><N who="3" m="39467" /><G97/><AGARI ba="0,0" hai="11,13,19,91,94,97,106,107" m="9415,50187" machi="97" ten="30,5800,0" yaku="19,1,52,2" doraHai="14" who="0" fromWho="3" sc="250,58,250,0,250,0,250,-58" /><INIT seed="0,1,0,3,5,28" ten="308,250,250,192" oya="0" hai0="118,33,30,4,41,127,97,47,75,93,56,68,61" hai1="103,96,132,77,11,22,130,133,60,134,51,48,112" hai2="52,104,67,27,54,90,32,12,99,37,80,102,36" hai3="121,87,63,5,29,16,3,57,62,25,13,78,110"/><T84/><D118/><U44/><E130/><V2/><F2/><W9/><G110/><T69/><D75/><U131/><E131/><V88/><F67/><W21/><G121/><T74/><D84/><U119/><E119/><V43/><F12/><W82/><REACH who="3" step="1"/><G57/><REACH who="3" ten="308,250,250,182" step="2"/><T59/><D56/><U46/><E112/><V65/><F37/><W8/><AGARI ba="1,1" hai="3,5,8,9,13,16,21,25,29,62,63,78,82,87" machi="8" ten="20,12000,2" yaku="1,1,2,1,0,1,7,1,54,1,53,2" doraHai="28" doraHaiUra="58" who="3" fromWho="3" sc="308,-61,250,-31,250,-31,182,133" /><INIT seed="1,0,0,2,2,117" ten="247,219,219,315" oya="1" hai0="97,56,38,0,135,87,54,62,17,10,32,131,46" hai1="73,42,92,95,78,129,4,89,133,72,86,76,82" hai2="25,8,128,134,23,91,60,108,2,44,107,124,77" hai3="79,115,83,65,20,88,27,49,7,110,104,37,119"/><U40/><E4/><V74/><F108/><W11/><G37/><T90/><D32/><U96/><E129/><V34/><F107/><W66/><G115/><T118/><D118/><U101/><E133/><V116/><F116/><W81/><G104/><T93/><D131/><U127/><E127/><V36/><F34/><W9/><G119/><T113/><D113/><U51/><E51/><V98/><F60/><W6/><G49/><T1/><D135/><U63/><E63/><V13/><F124/><W100/><G100/><T123/><D123/><U35/><E35/><V132/><F13/><W30/><G110/><T55/><D55/><U12/><E12/><V43/><F91/><W5/><G79/><N who="1" m="30250" /><E42/><V31/><F98/><W64/><G88/><T57/><D57/><U53/><E53/><V111/><F111/><W114/><G114/><T84/><D0/><U52/><E52/><V85/><F85/><W18/><G30/><T67/><D67/><U16/><E16/><V94/><F94/><N who="1" m="35881" /><E40/><V80/><REACH who="2" step="1"/><F128/><REACH who="2" ten="247,219,209,315" step="2"/><W68/><G68/><T102/><D62/><U22/><E22/><V122/><F122/><W61/><G61/><T14/><D14/><U50/><E50/><V47/><F47/><W29/><G29/><T109/><D46/><U105/><AGARI ba="0,1" hai="72,73,82,86,89,96,101,105" m="35881,30250" machi="105" ten="30,12000,1" yaku="35,5" doraHai="117" who="1" fromWho="1" sc="247,-40,219,130,209,-40,315,-40" /><INIT seed="1,1,0,1,4,58" ten="207,349,169,275" oya="1" hai0="34,126,42,46,93,123,51,128,9,29,134,97,47" hai1="28,105,109,113,54,13,102,96,39,88,66,62,74" hai2="103,65,53,59,44,35,43,16,69,82,56,107,78" hai3="76,83,104,15,17,2,73,106,5,119,8,135,72"/><U30/><E113/><V77/><F35/><W131/><G135/><T63/><D134/><U112/><E112/><V115/><F115/><W79/><G131/><T10/><D128/><U40/><E109/><V90/><F69/><W91/><G119/><T22/><D34/><U110/><E110/><V32/><F32/><W50/><G91/><T84/><D126/><U23/><E74/><V31/><F31/><W60/><G50/><T80/><D123/><U48/><E39/><V116/><F116/><W122/><G122/><T68/><D46/><U12/><E40/><V118/><F118/><W101/><G101/><T27/><D68/><U6/><E88/><V85/><F103/><W3/><G3/><T61/><D93/><U1/><E1/><V100/><F100/><W99/><G99/><T64/><D97/><U94/><E105/><V95/><F107/><W114/><G114/><T133/><D133/><U45/><E6/><V0/><F0/><W38/><G38/><T98/><D98/><U75/><E75/><V41/><F65/><W129/><G129/><T4/><D64/><U87/><E87/><V7/><F7/><W26/><G26/><T89/><D9/><U120/><E120/><V24/><F78/><W86/><G86/><T20/><D20/><U25/><E30/><V19/><F77/><W14/><G76/><T36/><D36/><U127/><E127/><V130/><F130/><W67/><G73/><T57/><D57/><AGARI ba="1,0" hai="12,13,23,25,28,45,48,54,57,62,66,94,96,102" machi="57" ten="30,12000,1" yaku="7,1,25,2,8,1,52,1" doraHai="58" who="1" fromWho="0" sc="207,-123,349,123,169,0,275,0" /><INIT seed="1,2,0,2,3,45" ten="84,472,169,275" oya="1" hai0="64,66,17,80,62,21,3,29,101,111,35,131,122" hai1="134,108,126,114,91,57,63,94,97,95,78,115,26" hai2="16,127,55,28,51,65,118,119,128,44,85,125,27" hai3="1,42,25,110,36,100,132,109,107,106,30,20,90"/><U116/><E116/><V5/><F128/><W46/><G1/><T133/><D131/><U41/><E134/><V129/><F129/><W113/><G132/><T83/><D133/><U50/><E126/><N who="2" m="48139" /><F5/><W48/><G113/><T86/><D111/><N who="3" m="42505" /><G100/><T12/><D122/><U37/><E108/><V54/><F65/><W49/><G90/><T67/><D3/><U39/><E39/><V13/><F85/><W2/><G2/><T52/><D101/><U53/><E37/><V82/><F82/><W105/><AGARI ba="2,0" hai="20,25,30,36,42,46,48,49,105,106,107" m="42505" machi="105" ten="40,5200,0" yaku="14,1,52,2" doraHai="45" who="3" fromWho="3" sc="84,-15,472,-28,169,-15,275,58" /><INIT seed="2,0,0,1,5,104" ten="69,444,154,333" oya="2" hai0="40,76,134,42,60,49,57,123,29,73,48,79,84" hai1="70,72,30,135,38,80,108,89,95,71,20,12,59" hai2="3,88,75,68,128,56,58,65,119,16,61,120,33" hai3="41,126,106,86,5,36,62,11,131,10,4,26,69"/><V116/><F120/><W39/><G106/><T18/><D123/><U2/><E2/><V54/><F33/><W124/><G131/><T78/><D134/><U91/><E38/><V53/><F3/><W17/><G41/><T21/><D29/><U25/><E135/><V19/><F128/><W32/><G69/><T130/><D130/><U97/><E108/><V96/><F75/><W90/><G62/><T82/><D42/><U111/><E111/><V45/><F68/><W100/><G100/><T24/><D40/><U44/><E44/><V64/><F45/><W14/><G32/><T85/><D73/><U110/><E110/><V127/><F127/><N who="3" m="48683" /><G26/><T93/><D93/><U107/><E107/><V67/><F116/><W74/><G74/><T0/><D0/><U43/><E43/><V102/><F119/><W63/><G63/><T117/><D117/><U112/><E112/><V52/><F88/><N who="1" m="33865" /><E59/><V51/><REACH who="2" step="1"/><F53/><REACH who="2" ten="69,444,144,333" step="2"/><W103/><G39/><T13/><D76/><U109/><E109/><V94/><AGARI ba="0,1" hai="16,19,51,52,54,56,58,61,64,65,67,94,96,102" machi="94" ten="30,18000,2" yaku="1,1,2,1,0,1,8,1,54,2,53,0" doraHai="104" doraHaiUra="34" who="2" fromWho="2" sc="69,-60,444,-60,144,190,333,-60" /><INIT seed="2,1,0,2,4,5" ten="9,384,334,273" oya="2" hai0="112,90,135,71,118,84,103,80,2,85,116,79,25" hai1="97,32,70,132,114,104,7,125,108,52,15,75,92" hai2="130,19,61,3,50,38,74,31,78,129,21,82,43" hai3="23,109,8,4,120,91,122,121,63,42,37,99,117"/><V10/><F31/><W105/><G117/><N who="0" m="45163" /><D2/><U18/><E114/><V96/><F50/><W1/><G109/><T45/><D71/><U113/><E113/><V33/><F33/><W24/><G63/><T56/><D56/><U22/><E75/><V64/><F96/><W44/><G91/><T14/><D45/><U133/><E108/><V51/><F51/><W69/><G69/><T67/><D25/><U59/><E125/><V46/><F21/><W29/><G99/><T20/><D20/><U55/><E70/><N who="2" m="42255" /><F19/><W98/><G98/><T100/><D67/><U60/><E32/><V53/><F53/><W9/><G105/><T0/><D0/><U93/><E7/><AGARI ba="1,0" hai="3,7,10,38,43,46,74,78,82,129,130" m="42255" machi="7" ten="30,5800,0" yaku="25,1,23,1,52,1" doraHai="5" who="2" fromWho="1" sc="9,0,384,-61,334,61,273,0" /><INIT seed="2,2,0,2,5,32" ten="9,323,395,273" oya="2" hai0="110,76,33,9,80,84,126,22,89,26,1,91,73" hai1="108,118,129,13,96,52,42,94,60,78,0,3,62" hai2="66,115,87,24,30,74,55,127,58,29,45,37,18" hai3="21,130,135,77,46,44,43,79,6,90,39,101,8"/><V15/><F74/><W85/><G130/><T23/><D110/><U104/><E118/><V88/><F127/><W40/><G135/><T67/><D126/><U63/><E129/><V99/><F115/><W49/><G21/><T7/><D67/><U116/><E116/><V27/><F66/><W75/><G101/><T128/><D128/><U11/><E108/><V71/><F71/><W5/><G5/><T131/><D131/><U41/><E104/><V19/><F99/><W54/><G54/><T86/><D73/><U133/><E133/><V117/><F45/><W120/><G120/><T56/><D56/><U98/><E78/><V50/><F37/><W83/><REACH who="3" step="1"/><G75/><REACH who="3" ten="9,323,395,263" step="2"/><T16/><D84/><U59/><E52/><V14/><F117/><W95/><G95/><T10/><D10/><U134/><E134/><V109/><F109/><W20/><G20/><T81/><D81/><U57/><E94/><V105/><F105/><W124/><G124/><T34/><D34/><U53/><E53/><V92/><F29/><W119/><G119/><T28/><D23/><U70/><E70/><V17/><F30/><W61/><G61/><T64/><D64/><U47/><E47/><V97/><F55/><W51/><G51/><T114/><D114/><U122/><E122/><V100/><F50/><W68/><G68/><T123/><D123/><U65/><E65/><V102/><F102/><W107/><G107/><T82/><D82/><U111/><E111/><V4/><F4/><W48/><G48/><T113/><D113/><U72/><E72/><V125/><F125/><W12/><AGARI ba="2,1" hai="6,8,12,39,40,43,44,46,49,77,79,83,85,90" machi="12" ten="20,5200,0" yaku="1,1,5,1,0,1,7,1,53,0" doraHai="32" doraHaiUra="106" who="3" fromWho="3" sc="9,-15,323,-15,395,-28,263,68" owari="-6,-50.6,308,-9.2,367,46.7,331,13.1" /></mjloggm>