<mjloggm ver="2.3"><GO type="225" lobby="0"/><UN n0="%E3%80%90%E3%83%88%E3%83%AA%E3%83%A5%E3%83%95%E3%80%91" n1="%E5%B8%86%E7%AB%8B%E5%A4%8F%E8%A1%A3" n2="%E3%83%81%E3%83%83%E3%82%BF%E3%82%BD%E3%83%BC" n3="%E5%8D%A0%E3%81%84%E5%B8%AB%E8%A3%8F%E3%81%AA%E3%81%84%E3%81%97" dan="16,17,17,17" rate="2099.18,2161.84,2116.16,2190.90" sx="M,M,F,M"/><TAIKYOKU oya="0"/><INIT seed="0,0,0,1,5,46" ten="250,250,250,250" oya="0" hai0="135,33,73,86,23,22,19,66,93,118,57,124,26" hai1="83,18,113,6,78,1,95,5,60,39,89,99,80" hai2="28,35,7,98,96,14,42,108,59,92,85,38,32" hai3="8,3,17,54,44,20,84,123,111,97,87,34,90"/><T129/><D118/><U15/><E113/><V37/><F108/><W134/><G34/><T127/><D73/><U117/><E117/><V47/><F37/><W119/><G119/><T70/><D33/><U131/><E131/><V55/><F85/><W71/><G71/><T31/><D129/><U48/><E39/><V104/><F104/><W50/><G111/><T11/><D70/><U68/><E1/><V43/><F43/><W41/><G134/><T81/><D93/><U91/><E60/><V64/><F64/><W69/><G69/><T51/><D11/><U112/><E68/><V53/><F28/><W52/><G123/><T16/><D135/><U49/><E112/><V101/><F96/><W79/><G8/><T103/><D103/><U128/><E128/><V27/><F27/><W105/><G3/><T0/><D0/><U132/><E132/><V61/><F53/><W30/><G30/><T109/><D109/><U9/><E78/><V24/><F24/><N who="3" m="14351" /><G105/><T115/><D23/><U45/><E45/><V110/><F110/><W25/><G25/><T63/><D115/><U13/><E5/><V114/><F114/><W58/><G79/><N who="0" m="46399" /><D124/><U75/><E75/><V94/><F92/><N who="3" m="56471" /><G41/><T36/><D36/><U107/><E107/><V29/><F29/><W2/><G2/><T74/><D74/><U121/><E121/><V116/><F116/><W12/><G12/><T130/><D130/><U125/><E125/><V62/><F14/><W100/><G100/><T133/><D133/><U65/><E83/><V126/><F126/><W56/><G56/><N who="0" m="37223" /><D127/><U21/><E65/><RYUUKYOKU ba="0,0" sc="250,10,250,10,250,-30,250,10" hai0="16,19,22,26,31,51,57" hai1="6,9,13,15,18,21,48,49,80,89,91,95,99" hai3="44,50,52,54,58,84,87" /><INIT seed="0,1,0,4,2,123" ten="260,260,220,260" oya="0" hai0="15,44,118,100,33,35,80,17,95,52,24,111,48" hai1="6,38,135,117,64,8,28,126,79,122,93,45,114" hai2="104,36,113,30,67,61,39,76,110,68,78,133,53" hai3="98,134,106,112,20,34,65,25,29,5,131,66,75"/><T14/><D118/><U51/><E117/><V125/><F113/><W11/><G112/><T54/><D80/><U63/><E122/><V31/><F104/><W96/><G75/><T71/><D71/><U0/><E114/><V43/><F125/><W84/><G134/><T16/><D111/><U49/><E126/><V57/><F133/><W46/><G131/><T124/><D124/><U26/><E135/><V7/><F7/><W83/><G34/><T56/><D24/><U18/><E79/><V23/><F36/><W109/><G109/><T97/><D33/><U69/><E38/><V27/><F31/><W105/><G46/><T55/><D35/><U41/><E51/><N who="2" m="30911" /><F110/><W103/><G98/><T10/><D44/><AGARI ba="1,0" hai="23,27,30,39,43,44,61,67,68,76,78" m="30911" machi="44" ten="30,1000,0" yaku="24,1" doraHai="123" who="2" fromWho="0" sc="260,-13,260,0,220,13,260,0" /><INIT seed="1,0,0,5,2,126" ten="247,260,233,260" oya="1" hai0="67,11,117,56,64,102,131,111,121,135,122,51,4" hai1="108,116,9,8,129,103,31,68,37,58,85,93,57" hai2="43,98,55,42,100,71,53,60,73,1,133,7,120" hai3="72,38,84,25,127,44,113,101,81,26,24,82,87"/><U54/><E129/><V78/><F133/><W74/><G113/><T104/><D117/><U20/><E116/><V0/><F120/><N who="0" m="46186" /><D111/><U46/><E68/><V66/><F78/><W83/><G101/><T28/><D28/><U79/><E108/><V70/><F73/><N who="3" m="28267" /><G44/><T65/><D135/><U40/><E58/><V14/><F14/><W88/><G88/><T45/><D131/><U109/><E109/><V22/><F22/><W10/><G10/><T124/><D124/><U115/><E115/><V114/><F114/><W52/><G127/><T95/><D104/><U21/><E21/><V48/><F71/><W89/><G89/><T13/><D56/><U32/><E32/><V92/><F55/><W119/><G119/><T30/><D30/><U75/><E75/><V12/><F12/><W76/><G76/><T80/><D80/><U90/><E103/><V63/><F60/><W128/><G52/><N who="0" m="29807" /><D67/><U69/><E79/><V107/><F107/><W33/><G33/><T29/><D29/><U27/><REACH who="1" step="1"/><E69/><REACH who="1" ten="247,250,233,260" step="2"/><V5/><F70/><W17/><G128/><T96/><AGARI ba="0,1" hai="4,11,13,64,65,95,96,102" m="29807,46186" machi="96" ten="30,2000,0" yaku="13,1,54,1" doraHai="126" who="0" fromWho="0" sc="247,30,250,-10,233,-5,260,-5" /><INIT seed="2,0,0,3,0,99" ten="277,240,228,255" oya="2" hai0="35,118,127,63,2,90,109,112,43,106,16,27,8" hai1="110,71,88,30,91,85,64,67,84,47,124,95,76" hai2="111,62,134,49,19,53,92,11,17,81,37,68,12" hai3="24,56,123,48,82,21,23,72,13,20,113,107,40"/><V120/><F120/><W77/><G123/><T104/><D112/><U14/><E110/><V55/><F134/><W9/><G113/><T54/><D109/><U75/><E124/><V102/><F111/><W73/><G107/><T22/><D43/><U97/><E30/><V26/><F37/><W36/><G36/><T18/><D127/><U80/><E71/><V101/><F81/><W34/><G34/><T66/><D54/><U44/><E75/><V69/><F92/><W132/><G132/><T114/><D114/><U87/><E14/><V74/><F74/><W117/><G117/><T133/><D133/><U93/><E97/><V116/><F116/><W108/><G108/><T51/><D51/><U121/><E121/><V28/><F19/><W29/><G72/><T65/><D35/><U115/><E115/><V4/><F4/><W129/><G129/><T7/><D118/><U57/><E57/><N who="2" m="35119" /><F68/><W135/><G135/><T59/><D90/><U125/><E125/><V39/><F39/><W38/><G38/><T33/><D66/><AGARI ba="0,0" hai="44,47,64,66,67,76,80,84,85,87,88,91,93,95" machi="66" ten="40,5200,0" yaku="9,1,8,1,54,1" doraHai="99" who="1" fromWho="0" sc="277,-52,240,52,228,0,255,0" /><INIT seed="3,0,0,0,5,50" ten="225,292,228,255" oya="3" hai0="35,90,6,54,114,128,93,80,65,99,32,22,84" hai1="134,120,43,100,72,61,39,55,37,107,66,36,28" hai2="20,17,77,16,131,25,19,41,47,68,82,105,9" hai3="132,40,59,12,4,30,106,13,70,123,97,118,8"/><W62/><G118/><T34/><D128/><U133/><E72/><V92/><F131/><W91/><G123/><T110/><D110/><U18/><E120/><V56/><F105/><W29/><G70/><T87/><D65/><U86/><E28/><V74/><F68/><W27/><G132/><N who="1" m="50794" /><E86/><V24/><F92/><N who="3" m="56479" /><G40/><T83/><D114/><U10/><E100/><V127/><F127/><W11/><G27/><T46/><D6/><U0/><E107/><V23/><F56/><W21/><G21/><T101/><D22/><U115/><E115/><V117/><F117/><W52/><G106/><T14/><D14/><N who="1" m="7511" /><E0/><V125/><F125/><W129/><G129/><T5/><D5/><AGARI ba="0,0" hai="4,5,8,11,12,13,29,30,52,59,62" m="56479" machi="5" ten="30,5800,0" yaku="8,1,52,1,54,1" doraHai="50" who="3" fromWho="0" sc="225,-58,292,0,228,0,255,58" owari="167,-33.3,292,9.2,228,-17.2,313,41.3" /></mjloggm>