<mjloggm ver="2.3"><GO type="225" lobby="0"/><UN n0="%72%69%6F%75%63%68%61%6E" n1="%E3%81%AF%E3%82%88%E3%81%8A%E3%81%98%E3%81%95%E3%82%93" n2="%E3%81%99%E3%81%84%E3%81%BE%E3%81%9B%E3%83%BC%E3%82%93" n3="%E6%98%93%E5%88%A9%E8%96%A9%E4%BC%AF" dan="16,16,16,16" rate="2117.23,2089.26,2115.03,2103.16" sx="M,M,M,F"/><TAIKYOKU oya="0"/><INIT seed="0,0,0,4,1,125" ten="250,250,250,250" oya="0" hai0="64,39,103,17,45,90,68,74,43,104,34,49,48" hai1="31,134,80,116,120,65,57,121,96,118,127,105,131" hai2="124,77,28,10,123,79,20,0,35,115,89,107,58" hai3="102,55,110,30,52,46,75,78,135,126,88,86,51"/><T50/><D34/><U15/><E31/><V60/><F123/><W11/><G126/><T83/><D17/><U7/><E127/><V40/><F35/><W19/><G110/><T13/><D13/><U92/><E65/><V73/><F107/><W33/><G135/><T122/><D122/><N who="1" m="47211" /><E57/><V112/><F73/><W24/><G102/><T72/><D90/><U93/><E7/><V62/><F124/><W14/><G75/><T36/><D36/><U6/><E6/><V25/><F40/><W4/><G78/><T76/><D72/><U87/><E15/><V22/><F10/><W26/><G26/><T81/><D81/><U32/><E32/><V98/><F0/><W2/><G55/><T5/><D5/><U94/><E134/><V21/><F60/><W23/><G86/><T63/><REACH who="0" step="1"/><D39/><REACH who="0" ten="240,250,250,250" step="2"/><U95/><E80/><V42/><F25/><W97/><G88/><T133/><D133/><U111/><E111/><V130/><F89/><W108/><G108/><T59/><D59/><U66/><E87/><V109/><F58/><W9/><G11/><T1/><D1/><U56/><E56/><V18/><F109/><W128/><G97/><AGARI ba="0,1" hai="43,45,48,49,50,63,64,68,74,76,83,97,103,104" machi="97" ten="40,3900,0" yaku="1,1,53,1" doraHai="125" doraHaiUra="100" who="0" fromWho="3" sc="240,49,250,0,250,0,250,-39" /><INIT seed="0,1,0,0,1,33" ten="289,250,250,211" oya="0" hai0="27,133,91,29,63,90,73,96,107,41,0,85,89" hai1="105,79,69,131,2,12,54,103,74,98,64,26,23" hai2="127,13,135,122,6,99,5,101,77,68,110,95,100" hai3="30,16,38,117,49,36,9,8,67,71,25,121,132"/><T112/><D112/><U113/><E113/><V51/><F122/><W129/><G117/><T88/><D73/><U124/><E124/><V76/><F68/><W92/><G129/><T35/><D133/><U42/><E131/><V87/><F127/><W57/><G121/><T84/><D0/><U15/><E2/><V75/><F75/><W34/><G132/><T130/><D130/><U18/><E42/><V22/><F110/><W20/><G71/><T47/><D63/><U32/><E54/><V115/><F101/><W11/><G92/><T94/><REACH who="0" step="1"/><D107/><REACH who="0" ten="279,250,250,211" step="2"/><U17/><E74/><V93/><F135/><W102/><G67/><T65/><D65/><U46/><E64/><V45/><F115/><W1/><G1/><T10/><D10/><U48/><E69/><V43/><F5/><W44/><G57/><T4/><D4/><U52/><E79/><V55/><F6/><W119/><G119/><T56/><D56/><U50/><E105/><V70/><F70/><W31/><G8/><T53/><D53/><U109/><E52/><V97/><F55/><W83/><G9/><T37/><AGARI ba="1,1" hai="27,29,35,37,41,47,84,85,88,89,90,91,94,96" machi="37" ten="30,11700,0" yaku="1,1,0,1,54,1,53,1" doraHai="33" doraHaiUra="39" who="0" fromWho="0" sc="279,130,250,-40,250,-40,211,-40" /><INIT seed="0,2,0,2,5,93" ten="409,210,210,171" oya="0" hai0="8,28,85,56,18,92,115,116,104,12,10,68,130" hai1="107,23,119,25,31,43,51,77,52,27,41,29,1" hai2="103,5,122,33,44,99,37,133,9,120,15,38,123" hai3="113,49,105,42,91,64,6,118,3,14,39,17,87"/><T117/><D115/><U106/><E119/><V62/><F133/><W72/><G113/><T0/><D104/><U34/><E1/><V75/><F33/><W131/><G72/><T80/><D68/><U48/><E77/><V70/><F75/><W20/><G131/><T110/><D130/><U47/><REACH who="1" step="1"/><E43/><REACH who="1" ten="409,200,210,171" step="2"/><V60/><F123/><W63/><G118/><T4/><D117/><U71/><E71/><V32/><F70/><W132/><G42/><T24/><D116/><U67/><E67/><V26/><F122/><W69/><G3/><T19/><D110/><U135/><E135/><V126/><F120/><W61/><G64/><T95/><D56/><AGARI ba="2,1" hai="23,25,27,29,31,34,41,47,48,51,52,56,106,107" machi="56" ten="30,3900,0" yaku="1,1,7,1,54,1,53,0" doraHai="93" doraHaiUra="11" who="1" fromWho="0" sc="409,-45,200,55,210,0,171,0" /><INIT seed="1,0,0,1,1,50" ten="364,255,210,171" oya="1" hai0="94,54,26,92,28,134,46,43,135,11,133,101,66" hai1="124,106,15,79,75,33,93,42,90,45,51,83,57" hai2="68,17,35,103,56,113,107,96,71,85,87,20,131" hai3="6,32,88,18,109,60,89,40,73,55,112,108,53"/><U58/><E124/><V122/><F122/><W80/><G112/><T82/><D66/><U105/><E33/><V27/><F113/><W29/><G6/><T67/><D67/><U1/><E1/><V123/><F123/><W52/><G40/><T9/><D82/><U34/><E34/><V95/><F131/><W12/><G60/><T76/><D76/><U74/><E75/><V115/><F115/><W22/><G73/><T21/><D54/><U39/><E15/><V127/><F127/><W25/><REACH who="3" step="1"/><G80/><REACH who="3" ten="364,255,210,161" step="2"/><T38/><D43/><U129/><E129/><V48/><F71/><W16/><G16/><T117/><D134/><U81/><E83/><V132/><F68/><W128/><G128/><T70/><D135/><U99/><E39/><V10/><F132/><W30/><G30/><T119/><D28/><U64/><E64/><V77/><F17/><W0/><G0/><T118/><D70/><U8/><E81/><V69/><F69/><W102/><G102/><T116/><D101/><U72/><E74/><V114/><F103/><W78/><G78/><T125/><D133/><U7/><E79/><V13/><F77/><W37/><G37/><T91/><D38/><U3/><E72/><V110/><F114/><W120/><G120/><T97/><D119/><U59/><AGARI ba="0,1" hai="3,7,8,42,45,51,57,58,59,90,93,99,105,106" machi="59" ten="30,1500,0" yaku="0,1" doraHai="50" who="1" fromWho="1" sc="364,-5,255,25,210,-5,161,-5" /><INIT seed="1,1,0,2,2,62" ten="359,280,205,156" oya="1" hai0="96,74,60,82,105,66,6,30,35,47,126,45,99" hai1="53,48,128,23,38,41,28,88,121,17,113,110,117" hai2="22,19,89,51,134,95,34,42,2,120,54,98,24" hai3="61,32,106,124,12,116,85,135,39,131,9,59,91"/><U104/><E117/><V115/><F120/><W5/><G116/><T3/><D126/><U71/><E121/><V108/><F108/><W127/><G131/><T92/><D105/><U75/><E113/><V86/><F134/><W13/><G106/><T79/><D99/><U43/><E104/><V49/><F2/><W57/><G39/><T26/><D6/><U84/><E75/><V50/><F34/><W81/><G32/><T119/><D3/><U72/><E72/><V40/><F115/><W10/><G135/><T111/><D111/><U18/><E71/><V65/><F65/><W78/><G78/><T101/><REACH who="0" step="1"/><D119/><REACH who="0" ten="349,280,205,156" step="2"/><U7/><E110/><V56/><REACH who="2" step="1"/><F98/><REACH who="2" ten="349,280,195,156" step="2"/><W94/><G127/><T25/><D25/><N who="1" m="16447" /><E7/><V118/><F118/><W44/><G124/><T132/><D132/><U27/><E27/><V130/><F130/><W69/><G69/><AGARI ba="1,2" hai="26,30,35,45,47,60,66,69,74,79,82,92,96,101" machi="69" ten="30,3900,0" yaku="1,1,7,1,52,1,53,0" doraHai="62" doraHaiUra="102" who="0" fromWho="3" sc="349,62,280,0,195,0,156,-42" /><INIT seed="2,0,0,0,5,115" ten="411,280,195,114" oya="2" hai0="1,16,15,6,23,29,56,100,57,109,40,73,112" hai1="26,96,92,53,117,65,68,27,111,132,19,71,32" hai2="97,131,123,36,4,75,76,74,70,61,110,24,101" hai3="54,5,58,81,134,91,44,120,41,114,116,14,55"/><V42/><F123/><W135/><G114/><T37/><D112/><U69/><E111/><V83/><F110/><W48/><G120/><T84/><D73/><U108/><E108/><V21/><F131/><W106/><G106/><T3/><D109/><U17/><E132/><V113/><F113/><W11/><G58/><T125/><D125/><U33/><E65/><V78/><F4/><W66/><G66/><T127/><D127/><U60/><E60/><V28/><F42/><W0/><G0/><T63/><D100/><U80/><E80/><V43/><F43/><W46/><G116/><T121/><D121/><U39/><E53/><V7/><F7/><W35/><G35/><T90/><D57/><U119/><E92/><V88/><F36/><W31/><G31/><T85/><D85/><U122/><E96/><V124/><F124/><W49/><REACH who="3" step="1"/><G41/><REACH who="3" ten="411,280,195,104" step="2"/><T89/><D29/><U34/><E122/><V22/><F28/><W102/><G102/><T2/><D40/><U38/><E68/><V47/><F70/><W129/><G129/><T30/><D30/><U87/><E32/><V12/><F101/><W104/><G104/><T50/><D3/><U128/><E128/><V98/><F61/><W86/><AGARI ba="0,1" hai="5,11,14,44,46,48,49,54,55,81,86,91,134,135" machi="86" ten="30,7900,0" yaku="1,1,0,1,9,1,53,1" doraHai="115" doraHaiUra="8" who="3" fromWho="3" sc="411,-20,280,-20,195,-39,104,89" /><INIT seed="3,0,0,2,3,9" ten="391,260,156,193" oya="3" hai0="31,62,99,102,120,93,49,122,66,54,113,114,16" hai1="132,91,18,71,131,90,19,1,39,32,119,35,129" hai2="126,3,58,61,24,135,107,106,30,78,92,74,79" hai3="45,11,50,43,101,10,105,77,104,23,108,100,80"/><W22/><G108/><T118/><D31/><U37/><E71/><V20/><F3/><W109/><G109/><T60/><D118/><U13/><E1/><V6/><F6/><W63/><G105/><T112/><D16/><U56/><E56/><V53/><F126/><W86/><G63/><N who="0" m="24107" /><D66/><U73/><E73/><V123/><F135/><W8/><G104/><T59/><AGARI ba="0,0" hai="49,54,59,93,99,102,112,113,114,120,122" m="24107" machi="59" ten="40,1500,0" yaku="11,1" doraHai="9" who="0" fromWho="0" sc="391,15,260,-4,156,-4,193,-7" owari="406,50.6,256,5.6,152,-34.8,186,-21.4" /></mjloggm>