<mjloggm ver="2.3"><GO type="225" lobby="0"/><UN n0="%E5%B8%86%E7%AB%8B%E5%A4%8F%E8%A1%A3" n1="%E3%81%9F%E3%81%93%E2%98%86%E7%84%BC%E3%81%8D" n2="%E3%81%82%E3%83%BC%E3%81%97" n3="%E9%80%9F%E6%B0%B4%E5%87%9B%E9%A6%99" dan="17,16,16,16" rate="2180.01,2097.10,2092.63,2143.79" sx="M,M,M,F"/><TAIKYOKU oya="0"/><INIT seed="0,0,0,3,2,66" ten="250,250,250,250" oya="0" hai0="131,74,43,116,87,104,34,135,70,32,98,60,99" hai1="11,28,20,49,129,7,112,41,44,69,67,93,72" hai2="33,114,121,36,75,38,12,118,45,89,125,13,107" hai3="59,39,113,6,84,91,81,8,54,95,103,115,105"/><T15/><D116/><U83/><E129/><V134/><RYUUKYOKU type="yao9" ba="0,0" sc="250,0,250,0,250,0,250,0" hai2="12,13,33,36,38,45,75,89,107,114,118,121,125,134" /><INIT seed="0,1,0,4,5,67" ten="250,250,250,250" oya="0" hai0="88,89,94,121,110,129,79,122,131,53,4,62,16" hai1="32,135,57,48,127,103,125,8,119,116,72,81,52" hai2="26,18,92,93,46,126,22,23,6,80,5,96,76" hai3="66,90,50,49,30,31,106,123,112,64,128,28,54"/><T3/><D3/><U60/><E32/><V105/><F105/><W58/><G106/><T102/><D4/><U56/><E103/><V124/><F93/><W39/><G39/><T83/><D53/><N who="1" m="33807" /><E8/><V29/><F46/><W17/><G112/><T42/><D62/><N who="1" m="36135" /><E72/><V19/><F29/><W36/><G36/><T133/><D42/><U63/><E81/><V84/><F126/><N who="1" m="48137" /><E135/><V99/><F124/><W87/><G128/><N who="0" m="49227" /><D110/><U7/><E7/><N who="2" m="2571" /><F92/><N who="3" m="54367" /><G123/><N who="0" m="47115" /><D16/><U114/><E114/><V74/><F74/><W132/><G132/><T24/><D133/><U43/><E63/><V98/><F98/><W1/><G1/><T130/><D130/><U51/><E43/><V61/><F61/><N who="3" m="36055" /><G17/><T113/><D113/><U37/><E37/><V55/><F55/><W13/><G13/><AGARI ba="1,0" hai="13,18,19,22,23,26,76,80,84,96,99" m="2571" machi="13" ten="30,1000,0" yaku="8,1" doraHai="67" who="2" fromWho="3" sc="250,0,250,0,250,13,250,-13" /><INIT seed="1,0,0,2,1,45" ten="250,250,263,237" oya="1" hai0="38,85,47,27,29,63,122,83,94,106,135,86,120" hai1="69,14,123,74,67,108,19,89,124,60,28,99,90" hai2="77,6,102,128,80,8,92,11,35,127,7,87,130" hai3="91,70,51,101,34,125,21,56,72,26,54,81,134"/><U131/><E123/><N who="0" m="47145" /><D106/><U15/><E74/><V61/><F35/><W112/><G70/><T36/><D135/><U111/><E131/><N who="2" m="50219" /><F61/><W64/><G112/><T18/><D18/><U49/><E124/><V31/><F31/><W46/><G134/><T22/><D47/><U23/><E28/><V4/><F127/><W119/><G34/><T98/><D63/><U79/><E79/><V121/><F121/><W132/><G125/><T24/><D24/><U3/><E3/><V116/><F116/><W30/><G119/><T76/><D85/><U107/><E14/><V109/><F109/><N who="1" m="42057" /><E99/><AGARI ba="0,0" hai="4,6,7,8,11,77,80,87,92,99,102" m="50219" machi="99" ten="30,1000,0" yaku="19,1" doraHai="45" who="2" fromWho="1" sc="250,0,250,-10,263,10,237,0" /><INIT seed="2,0,0,2,3,4" ten="250,240,273,237" oya="2" hai0="24,61,19,7,45,99,77,9,129,81,0,63,102" hai1="42,6,54,85,118,36,8,88,101,43,90,55,48" hai2="96,33,44,116,125,112,73,37,98,124,82,94,74" hai3="133,110,120,75,59,127,95,40,11,15,114,93,103"/><V28/><F116/><W41/><G120/><T91/><D129/><U50/><E36/><V111/><F112/><W72/><G114/><T12/><D91/><U1/><E101/><V26/><F37/><W67/><G110/><T69/><D45/><U135/><E135/><V106/><F111/><W60/><G133/><T76/><D24/><U10/><E6/><V79/><F44/><W13/><G127/><N who="2" m="48713" /><F106/><W31/><G31/><T22/><D76/><U25/><E1/><V65/><F65/><W107/><G107/><T115/><D69/><U134/><E134/><V84/><F98/><W35/><G35/><T20/><D20/><U39/><E39/><V122/><F122/><W46/><G75/><T27/><D0/><U29/><E85/><V2/><F2/><W64/><G72/><T126/><D126/><U38/><E38/><V58/><F58/><W30/><G30/><T113/><D113/><U3/><E3/><V49/><F49/><W109/><G109/><T70/><D70/><U53/><E29/><V100/><AGARI ba="0,0" hai="26,28,33,73,74,79,82,84,94,96,100" m="48713" machi="100" ten="30,1500,0" yaku="18,1" doraHai="4" who="2" fromWho="2" sc="250,-5,240,-5,273,15,237,-5" /><INIT seed="2,1,0,0,4,28" ten="245,235,288,232" oya="2" hai0="111,102,61,74,129,84,88,45,4,52,98,2,67" hai1="42,125,46,36,44,35,19,24,49,1,130,75,124" hai2="97,122,92,66,113,86,131,57,76,53,101,47,8" hai3="100,110,123,43,121,15,21,68,6,99,5,107,82"/><V59/><F122/><W69/><G43/><T3/><D74/><U26/><E75/><V135/><F113/><W51/><G51/><N who="0" m="28783" /><D3/><U90/><E1/><V22/><F135/><W133/><G133/><T117/><D2/><U18/><E130/><V132/><F8/><W60/><G60/><T105/><D4/><U87/><E46/><V48/><F132/><W16/><G110/><T30/><D30/><N who="1" m="19911" /><E26/><V134/><F134/><W39/><G39/><T118/><D111/><U11/><E11/><V7/><F7/><W13/><G82/><N who="0" m="49175" /><D61/><U83/><E36/><V50/><F131/><W17/><G5/><T106/><D67/><U0/><E0/><V31/><F66/><W40/><G40/><T115/><D115/><U63/><E63/><V104/><F50/><W116/><G6/><T77/><D77/><U55/><E42/><V14/><F104/><W37/><G37/><T20/><D129/><U10/><E10/><V79/><F31/><W119/><G123/><T9/><D9/><U91/><E91/><V109/><F109/><W54/><G121/><T72/><D72/><U41/><E41/><V25/><F79/><W80/><G54/><T38/><D38/><U108/><E108/><V32/><F76/><W58/><G58/><N who="2" m="22025" /><F86/><W33/><G33/><T64/><D64/><U114/><E114/><V56/><F56/><W89/><G69/><T65/><D65/><U34/><E34/><V126/><F32/><W27/><G68/><T71/><D71/><U81/><E81/><V103/><F47/><W78/><G80/><T128/><D128/><U95/><E83/><RYUUKYOKU ba="1,0" sc="245,-10,235,30,288,-10,232,-10" hai1="18,19,44,49,55,87,90,95,124,125" /><INIT seed="3,2,0,4,3,16" ten="235,265,278,222" oya="3" hai0="15,8,29,126,82,23,56,86,45,124,68,88,25" hai1="76,128,48,9,127,44,19,2,5,61,69,116,89" hai2="102,6,104,33,135,10,39,47,111,31,22,109,97" hai3="75,118,30,13,77,42,133,21,27,79,37,18,55"/><W100/><G118/><T83/><D68/><U72/><E128/><V1/><F135/><W91/><G133/><T90/><D56/><U71/><E127/><N who="0" m="48681" /><D45/><U115/><E89/><N who="0" m="34409" /><D86/><U11/><E72/><V113/><F113/><W106/><G75/><T93/><D93/><U70/><E76/><V3/><F3/><W24/><G42/><T74/><D74/><U46/><E115/><V58/><F58/><W41/><G37/><T57/><D57/><U65/><E44/><V117/><F117/><W67/><G41/><T122/><D122/><U63/><E63/><V38/><F33/><W112/><G67/><T43/><D43/><U12/><REACH who="1" step="1"/><E116/><REACH who="1" ten="235,255,278,222" step="2"/><V20/><F47/><W120/><G112/><T84/><D84/><U17/><E17/><AGARI ba="2,1" hai="8,15,17,23,25,29,82,83" m="34409,48681" machi="17" ten="30,3900,0" yaku="18,1,52,1,54,1" doraHai="16" who="0" fromWho="1" sc="235,55,255,-45,278,0,222,0" /><INIT seed="4,0,0,4,0,37" ten="290,210,278,222" oya="0" hai0="130,84,109,119,12,60,82,0,72,48,18,87,49" hai1="120,6,104,106,30,43,77,15,85,55,101,89,97" hai2="34,53,33,11,86,129,92,66,125,112,3,70,114" hai3="132,8,67,123,116,100,51,95,78,40,38,19,25"/><T24/><D119/><U13/><E120/><V56/><F70/><W118/><G38/><T108/><D0/><U75/><E106/><V64/><F129/><W103/><G123/><T65/><D24/><U46/><E55/><V36/><F36/><W54/><G78/><N who="0" m="46167" /><D87/><U7/><E30/><V115/><F125/><W32/><G32/><N who="2" m="12393" /><F92/><W17/><G67/><T14/><D72/><U83/><E13/><N who="0" m="5225" /><D18/><U124/><E15/><V57/><F86/><W59/><G132/><T5/><D5/><U1/><E1/><V135/><F135/><W128/><G128/><T26/><D26/><U102/><E102/><V29/><F29/><W2/><G2/><T122/><D122/><U71/><E124/><V23/><F23/><W42/><G118/><T44/><D44/><U50/><REACH who="1" step="1"/><E71/><REACH who="1" ten="290,200,278,222" step="2"/><V73/><F3/><W45/><G116/><T10/><D130/><U91/><E91/><V79/><F115/><W107/><G107/><T35/><D35/><U105/><E105/><V117/><F114/><W68/><G68/><N who="0" m="42023" /><D10/><U110/><E110/><AGARI ba="0,1" hai="48,49,108,109,110" m="42023,5225,46167" machi="110" ten="30,1500,0" yaku="10,1" doraHai="37" who="0" fromWho="1" sc="290,25,200,-15,278,0,222,0" owari="315,41.5,185,-31.5,278,7.8,222,-17.8" /></mjloggm>