<mjloggm ver="2.3"><GO type="225" lobby="0"/><UN n0="%E3%83%AB%E3%83%9B%E3%83%B3%E3%83%87%E3%82%A3%E3%82%A8" n1="%E3%81%A8%E3%82%93%E3%81%A8%E3%81%93%E3%81%A8%E3%82%93" n2="%77%72%77%72%77%72%77%72" n3="%E5%84%AA%40%41%42%43" dan="17,16,16,17" rate="2188.27,2115.41,2220.57,2141.77" sx="M,F,M,M"/><TAIKYOKU oya="0"/><INIT seed="0,0,0,3,4,45" ten="250,250,250,250" oya="0" hai0="41,91,70,0,104,21,38,123,2,7,120,122,24" hai1="32,65,74,109,4,66,33,67,77,126,75,10,35" hai2="118,44,114,9,54,49,31,100,132,52,98,36,13" hai3="76,57,79,5,86,82,78,39,88,102,34,8,133"/><T17/><D70/><U40/><E109/><V71/><F114/><W119/><G119/><T29/><D104/><U73/><E126/><V26/><F36/><W27/><G133/><T53/><D38/><U80/><REACH who="1" step="1"/><E40/><REACH who="1" ten="250,240,250,250" step="2"/><V113/><F118/><W105/><G39/><T93/><D41/><U30/><E30/><V111/><F111/><W125/><G125/><T95/><D29/><U97/><E97/><V96/><F132/><W43/><G43/><T134/><D134/><U3/><AGARI ba="0,1" hai="3,4,10,32,33,35,65,66,67,73,74,75,77,80" machi="3" ten="40,2700,0" yaku="1,1,0,1,53,0" doraHai="45" doraHaiUra="20" who="1" fromWho="1" sc="250,-13,240,37,250,-7,250,-7" /><INIT seed="1,0,0,0,5,104" ten="237,277,243,243" oya="1" hai0="36,113,52,30,14,72,40,88,46,7,80,127,62" hai1="111,12,25,13,75,23,35,101,15,100,60,134,97" hai2="130,63,69,93,54,57,38,9,129,108,126,11,27" hai3="16,102,44,91,118,20,105,135,89,116,67,19,82"/><U33/><E134/><V4/><F108/><W5/><G135/><T8/><D113/><U81/><E111/><V56/><F126/><W22/><G5/><T74/><D30/><U2/><E2/><V106/><F106/><W32/><G32/><T53/><D127/><U96/><E60/><V120/><F120/><W59/><G44/><T28/><D28/><U117/><E117/><N who="3" m="45162" /><G102/><T123/><D123/><U87/><E75/><V6/><F69/><W3/><G105/><T55/><D62/><U79/><E100/><V39/><F63/><N who="3" m="38399" /><G3/><T84/><AGARI ba="0,0" hai="7,8,14,36,40,46,52,53,55,72,74,80,84,88" machi="84" ten="30,8000,1" yaku="0,1,52,2,54,2" doraHai="104" who="0" fromWho="0" sc="237,80,277,-40,243,-20,243,-20" /><INIT seed="2,0,0,0,3,101" ten="317,237,223,223" oya="2" hai0="49,56,5,109,133,99,55,112,90,62,6,21,41" hai1="53,122,81,120,119,45,13,11,14,135,16,25,65" hai2="115,4,34,93,52,88,50,8,79,91,98,100,43" hai3="129,67,12,68,105,87,24,44,106,38,15,71,17"/><V103/><F115/><W121/><G121/><T73/><D73/><U131/><E119/><V59/><F34/><W107/><G129/><T66/><D112/><U0/><E131/><V124/><F124/><W20/><G87/><T92/><D109/><U1/><E135/><V29/><F79/><W19/><G67/><T75/><D75/><U117/><E117/><V42/><F29/><W9/><REACH who="3" step="1"/><G24/><REACH who="3" ten="317,237,223,213" step="2"/><T40/><D133/><U36/><E65/><V39/><F39/><W54/><G54/><T77/><D77/><U134/><E25/><V128/><F128/><W97/><G97/><T2/><D40/><AGARI ba="0,1" hai="9,12,15,17,19,20,38,40,44,68,71,105,106,107" machi="40" ten="40,8000,1" yaku="1,1,52,3,53,0" doraHai="101" doraHaiUra="3" who="3" fromWho="0" sc="317,-80,237,0,223,0,213,90" /><INIT seed="3,0,0,2,1,0" ten="237,237,223,303" oya="3" hai0="61,93,57,78,102,35,40,4,56,39,62,55,89" hai1="81,68,49,88,42,69,8,21,52,73,82,109,77" hai2="48,116,44,47,13,58,33,59,34,45,122,27,135" hai3="131,54,84,111,97,103,26,41,60,121,105,6,119"/><W100/><G119/><T36/><D35/><U130/><E109/><V53/><F116/><W66/><G121/><T104/><D78/><U108/><E108/><V106/><F106/><W12/><G54/><T99/><D40/><U98/><E130/><V1/><F1/><W115/><G41/><T30/><D30/><U129/><E129/><V91/><F122/><W126/><G103/><T85/><D4/><U125/><E125/><V7/><F135/><W90/><G126/><T101/><D101/><U38/><E38/><V117/><F117/><W112/><G111/><T5/><D5/><U19/><E8/><V67/><F91/><W24/><G24/><T9/><D9/><U132/><E42/><V74/><F74/><W80/><G131/><T14/><D14/><U123/><E132/><V11/><REACH who="2" step="1"/><F27/><REACH who="2" ten="237,237,213,303" step="2"/><W31/><G26/><T63/><D89/><U17/><E123/><V113/><F113/><W87/><G112/><T32/><D104/><U16/><E21/><V50/><F50/><W107/><G105/><T118/><D36/><U22/><E22/><V18/><F18/><W114/><G31/><T133/><D39/><U134/><E134/><V83/><F83/><W51/><G51/><T128/><D118/><U92/><REACH who="1" step="1"/><E82/><REACH who="1" ten="237,227,213,303" step="2"/><V64/><F64/><W71/><G114/><T23/><D133/><U37/><E37/><V46/><N who="2" m="11264" /><DORA hai="94" /><V3/><F3/><W86/><G115/><T127/><D128/><U25/><E25/><V28/><F28/><W96/><G96/><T15/><D127/><U2/><E2/><V65/><F65/><W70/><G70/><RYUUKYOKU ba="0,2" sc="237,-30,227,10,213,10,303,10" hai1="16,17,19,49,52,68,69,73,77,81,88,92,98" hai2="7,11,13,33,34,48,53,58,59,67" hai3="6,12,60,66,71,80,84,86,87,90,97,100,107" owari="207,-29.3,237,3.7,223,-17.7,333,43.3" /></mjloggm>