<mjloggm ver="2.3"><GO type="225" lobby="0"/><UN n0="%72%69%6F%75%63%68%61%6E" n1="%E3%80%93%E3%81%97%E3%83%BC%E3%82%89%E3%80%93" n2="%E7%99%BD%E6%97%A5%E9%9B%AA%E8%8F%9C" n3="%E3%81%8C%E3%81%9F" dan="16,16,17,16" rate="2156.02,2114.56,2213.97,2095.65" sx="M,M,M,M"/><TAIKYOKU oya="0"/><INIT seed="0,0,0,2,0,103" ten="250,250,250,250" oya="0" hai0="93,66,25,19,78,79,122,124,109,71,45,35,127" hai1="14,13,99,37,10,125,3,94,91,38,1,33,129" hai2="21,135,62,74,20,72,118,23,67,76,120,133,12" hai3="86,80,131,41,9,82,61,77,4,113,65,52,57"/><T50/><D122/><U56/><E33/><V28/><F120/><W36/><G113/><T29/><D109/><U106/><E125/><N who="0" m="48201" /><D19/><U126/><E126/><V51/><F118/><W84/><G131/><T48/><D50/><U97/><E129/><V49/><F28/><W83/><G65/><T75/><D75/><U128/><E128/><V26/><F26/><W18/><G18/><T54/><D93/><U81/><E81/><V0/><F0/><W107/><G107/><T17/><D17/><U15/><E56/><V64/><F12/><W102/><G102/><T39/><D39/><U44/><E44/><V105/><F105/><W31/><G31/><T87/><D87/><U101/><REACH who="1" step="1"/><E1/><REACH who="1" ten="250,240,250,250" step="2"/><V96/><F133/><W100/><G82/><T69/><D71/><U59/><E59/><V73/><F135/><W95/><G83/><T116/><D116/><U7/><AGARI ba="0,1" hai="3,7,10,13,14,15,37,38,91,94,97,99,101,106" machi="7" ten="30,4000,0" yaku="1,1,0,1,52,1,53,0" doraHai="103" doraHaiUra="111" who="1" fromWho="1" sc="250,-20,240,50,250,-10,250,-10" /><INIT seed="1,0,0,3,3,30" ten="230,290,240,240" oya="1" hai0="38,43,57,5,78,32,79,41,55,47,69,23,101" hai1="106,117,21,85,50,74,126,132,88,49,18,115,35" hai2="110,60,26,39,104,94,66,45,22,29,124,100,73" hai3="42,24,48,119,133,109,91,52,83,89,87,19,81"/><U114/><E74/><V86/><F73/><W7/><G109/><T111/><D111/><U77/><E77/><V31/><F110/><W8/><G133/><T105/><D69/><U59/><E106/><V118/><F118/><W0/><G42/><T44/><D32/><U40/><E117/><V93/><F124/><W16/><G119/><T98/><D5/><U125/><E132/><V130/><F130/><W92/><G24/><T99/><D99/><U102/><E102/><V46/><F104/><W97/><REACH who="3" step="1"/><G81/><REACH who="3" ten="230,290,240,230" step="2"/><T103/><D103/><U113/><E40/><V80/><F100/><W116/><G116/><T134/><D134/><U67/><E125/><V10/><F39/><W131/><G131/><T65/><D101/><U3/><E126/><V2/><F80/><W54/><G54/><T37/><D105/><U56/><E115/><V112/><F112/><W1/><G1/><T62/><D55/><U127/><E3/><V84/><F2/><W4/><G4/><T82/><D82/><U15/><E114/><V51/><F94/><W90/><G90/><T75/><D75/><U68/><E113/><V135/><F93/><W129/><G129/><T13/><D98/><U122/><E127/><V107/><F135/><W25/><G25/><T64/><D65/><U33/><E67/><V17/><F66/><W108/><G108/><T9/><D79/><U70/><E88/><V123/><F107/><W12/><G12/><T128/><D78/><U120/><E15/><V11/><F26/><W6/><G6/><N who="0" m="3255" /><D128/><U121/><E122/><V61/><F86/><W36/><G36/><RYUUKYOKU ba="0,1" sc="230,15,290,-15,240,-15,230,15" hai0="23,37,38,41,43,44,47,57,62,64" hai3="0,7,8,16,19,48,52,83,87,89,91,92,97" /><INIT seed="2,1,1,2,5,98" ten="245,275,225,245" oya="2" hai0="104,126,76,105,68,51,9,132,55,115,42,21,70" hai1="86,67,101,25,24,113,15,73,125,91,85,130,29" hai2="4,8,49,40,19,32,110,35,118,89,135,80,82" hai3="34,20,59,26,120,60,61,107,22,23,94,122,45"/><V36/><F118/><W0/><G107/><T27/><D115/><U39/><E39/><V106/><F36/><W54/><G0/><T87/><D126/><U95/><E73/><V48/><F106/><W128/><G128/><T96/><D132/><U109/><E113/><V37/><F135/><W124/><G124/><T78/><D42/><U65/><E125/><V116/><F116/><W90/><G45/><T131/><D131/><U111/><E130/><V58/><F37/><W92/><G92/><T74/><D74/><U46/><E46/><V50/><F40/><W88/><G60/><T84/><D9/><U43/><E43/><V62/><F19/><W102/><G102/><T103/><D105/><U79/><E101/><V57/><F57/><W99/><REACH who="3" step="1"/><G90/><REACH who="3" ten="245,275,225,235" step="2"/><T100/><D103/><U127/><E127/><V114/><F114/><W11/><G11/><T133/><D133/><U28/><E91/><V6/><F89/><W1/><G1/><T112/><D112/><U14/><E95/><V7/><F8/><W18/><G18/><T134/><D134/><U119/><E119/><V63/><F110/><W30/><AGARI ba="1,2" hai="20,22,23,26,30,34,54,59,61,88,94,99,120,122" machi="30" ten="30,4000,0" yaku="1,1,0,1,54,1,53,0" doraHai="98" doraHaiUra="129" who="3" fromWho="3" sc="245,-11,275,-11,225,-21,235,63" /><INIT seed="3,0,0,2,4,8" ten="234,264,204,298" oya="3" hai0="31,60,111,81,119,72,132,27,30,131,120,4,129" hai1="18,47,17,36,41,117,22,107,64,16,113,2,49" hai2="134,44,82,79,32,50,13,28,97,29,106,77,39" hai3="88,6,122,92,45,40,21,42,133,96,105,86,25"/><W59/><G122/><T7/><D119/><U61/><E107/><V58/><F39/><W80/><G105/><T66/><D120/><U55/><E2/><V57/><F134/><W5/><G133/><T109/><D132/><U78/><E113/><V20/><F77/><N who="3" m="46351" /><G59/><T23/><D81/><U108/><E78/><V54/><F32/><W115/><G115/><T135/><D72/><U74/><E74/><V101/><F29/><N who="0" m="10762" /><D60/><U91/><E91/><V99/><F99/><W51/><G42/><T11/><D66/><U34/><E34/><V75/><REACH who="2" step="1"/><F28/><AGARI ba="0,0" hai="5,6,21,25,28,40,45,51,88,92,96" m="46351" machi="28" ten="30,2900,0" yaku="8,1,54,1" doraHai="8" who="3" fromWho="2" sc="234,0,264,0,204,-29,298,29" owari="234,-16.6,264,6.4,175,-32.5,327,42.7" /></mjloggm>