<mjloggm ver="2.3"><GO type="225" lobby="0"/><UN n0="%4C%4F%4C%49%54%41" n1="%E3%81%AF%E3%82%88%E3%81%8A%E3%81%98%E3%81%95%E3%82%93" n2="%E7%99%BD%E6%97%A5%E9%9B%AA%E8%8F%9C" n3="%E8%BE%9B%E5%8F%A3%E3%82%AB%E3%83%AC%E3%83%BC%E3%83%A9%E3%82%A4%E3%82%B9" dan="16,17,16,16" rate="2186.03,2253.21,2162.72,2216.23" sx="F,M,M,M"/><TAIKYOKU oya="0"/><INIT seed="0,0,0,4,2,100" ten="250,250,250,250" oya="0" hai0="95,16,85,101,46,58,75,28,106,84,1,65,107" hai1="52,70,53,126,49,99,89,22,115,36,30,47,37" hai2="14,78,120,40,3,83,129,71,123,66,29,135,64" hai3="6,112,9,56,43,20,91,57,93,105,125,61,74"/><T17/><D75/><U111/><E111/><V116/><F3/><W31/><G112/><T34/><D1/><U124/><E70/><V25/><F129/><W76/><G43/><T11/><D34/><U73/><E73/><V80/><F135/><W77/><G125/><N who="1" m="48234" /><E115/><V39/><F116/><W5/><G105/><T12/><D28/><U35/><E35/><V121/><F14/><W48/><G48/><T15/><D46/><U42/><E22/><V24/><F40/><W55/><G56/><T8/><D101/><U131/><E30/><V133/><F133/><W72/><G72/><T117/><D117/><U98/><E131/><V63/><F39/><N who="1" m="14921" /><E89/><V59/><F29/><W26/><G74/><T60/><D85/><U0/><E0/><V119/><F119/><W130/><G130/><T92/><D84/><U23/><E23/><V81/><F71/><W69/><G69/><T96/><D96/><AGARI ba="0,0" hai="42,47,49,52,53,96,98,99" m="14921,48234" machi="96" ten="30,2000,0" yaku="18,1,54,1" doraHai="100" who="1" fromWho="0" sc="250,-20,250,20,250,0,250,0" /><INIT seed="1,0,0,2,3,129" ten="230,270,250,250" oya="1" hai0="101,83,65,94,93,116,4,58,70,111,124,114,55" hai1="110,69,7,68,43,92,82,120,96,118,80,117,60" hai2="90,115,97,77,13,50,107,36,130,81,22,98,35" hai3="108,33,78,59,45,34,46,71,66,102,56,39,16"/><U57/><E120/><V1/><F36/><W11/><G71/><T125/><D114/><U51/><E7/><V37/><F37/><W91/><G108/><T54/><D116/><U6/><E6/><V38/><F38/><W132/><G102/><T67/><D111/><U40/><E110/><V85/><F1/><W64/><G78/><T21/><D70/><U74/><E68/><V2/><F2/><W112/><G39/><T76/><D4/><U23/><E69/><V133/><F35/><W53/><G112/><T121/><D121/><U95/><E23/><V17/><F130/><W32/><G91/><T20/><D101/><U88/><E95/><N who="0" m="36361" /><D65/><U3/><E3/><V104/><F115/><W109/><G109/><T12/><D67/><U19/><E19/><V8/><F107/><W52/><G33/><T122/><D122/><U73/><E51/><V131/><F104/><W10/><G16/><N who="0" m="10247" /><D58/><U27/><E27/><V62/><F131/><W0/><G0/><T79/><D21/><U105/><E105/><V84/><F22/><W28/><G28/><T14/><D14/><U31/><E31/><V61/><F13/><W89/><G89/><T47/><D47/><U9/><E9/><V87/><F8/><W44/><G44/><T86/><D76/><N who="1" m="44047" /><E118/><V5/><F77/><W72/><G72/><T41/><D41/><U119/><E119/><V103/><F90/><W49/><G49/><T42/><D42/><U18/><E117/><V26/><F50/><W99/><G99/><T123/><D123/><U75/><E75/><V127/><F98/><W15/><G15/><RYUUKYOKU ba="0,0" sc="230,15,270,-15,250,-15,250,15" hai0="54,55,79,83,86,124,125" hai3="10,11,32,34,45,46,52,53,56,59,64,66,132" /><INIT seed="2,1,0,2,0,25" ten="245,255,235,265" oya="2" hai0="36,117,121,38,29,6,3,75,71,42,46,22,33" hai1="50,19,88,98,111,62,14,124,126,86,68,101,112" hai2="12,100,103,95,92,21,17,99,120,53,63,108,134" hai3="35,79,40,27,28,45,7,18,87,11,125,83,26"/><V81/><F120/><W84/><G125/><N who="1" m="48234" /><E112/><V66/><F134/><W123/><G123/><T114/><D121/><U97/><E111/><V10/><F108/><W49/><G26/><N who="0" m="18615" /><D22/><N who="1" m="11639" /><E50/><V119/><F119/><W65/><G65/><T23/><D23/><U77/><E77/><V106/><F53/><W90/><G18/><T122/><D122/><U74/><E74/><V69/><F81/><W113/><G113/><T15/><D15/><U1/><E1/><V78/><F78/><W30/><G30/><T107/><D114/><U9/><E9/><V37/><F37/><W0/><REACH who="3" step="1"/><G90/><REACH who="3" ten="245,255,235,255" step="2"/><T34/><D117/><U94/><E88/><V59/><F100/><W127/><G127/><T89/><D89/><U4/><E101/><V82/><F82/><W72/><AGARI ba="1,1" hai="0,7,11,27,28,35,40,45,49,72,79,83,84,87" machi="72" ten="20,5200,0" yaku="1,1,0,1,7,1,52,1,53,0" doraHai="25" doraHaiUra="70" who="3" fromWho="3" sc="245,-14,255,-14,235,-27,255,65" /><INIT seed="3,0,0,3,3,119" ten="231,241,208,320" oya="3" hai0="27,111,108,6,60,62,31,113,10,3,45,112,4" hai1="68,20,18,92,96,83,50,37,74,63,81,61,69" hai2="36,114,94,34,56,30,11,9,65,118,35,86,85" hai3="104,124,5,46,130,89,134,132,13,110,100,32,67"/><W52/><G32/><N who="0" m="20607" /><D4/><U64/><E37/><V38/><F114/><N who="0" m="44138" /><D45/><U17/><E50/><V103/><F118/><W24/><G67/><T48/><D48/><U122/><E122/><V49/><F49/><W88/><G124/><T58/><D60/><U66/><E74/><V72/><F72/><W135/><G130/><T22/><D22/><U76/><E76/><V87/><F30/><W43/><G24/><T77/><D77/><U116/><E116/><V40/><F103/><W33/><G100/><T53/><AGARI ba="0,0" hai="3,6,10,53,58,62,108,111" m="44138,20607" machi="53" ten="30,1100,0" yaku="11,1" doraHai="119" who="0" fromWho="0" sc="231,11,241,-3,208,-3,320,-5" owari="242,4.2,238,-16.2,205,-29.5,315,41.5" /></mjloggm>