<mjloggm ver="2.3"><GO type="225" lobby="0"/><UN n0="%E8%B1%86%59%E5%A4%AA%E9%83%8E" n1="%E3%81%BF%E3%81%BF%E3%81%9A" n2="%E3%81%99%E3%81%84%E3%81%BE%E3%81%9B%E3%83%BC%E3%82%93" n3="%E5%8D%A0%E3%81%84%E5%B8%AB%E8%A3%8F%E3%81%AA%E3%81%84%E3%81%97" dan="16,16,17,16" rate="2031.80,2141.66,2231.53,2131.42" sx="M,M,M,M"/><TAIKYOKU oya="0"/><INIT seed="0,0,0,2,4,64" ten="250,250,250,250" oya="0" hai0="12,118,71,90,69,39,28,0,34,30,3,92,32" hai1="1,85,60,23,100,58,47,77,8,133,59,48,135" hai2="4,66,57,80,78,2,52,122,95,5,15,116,76" hai3="97,67,70,6,25,125,119,33,93,94,14,45,61"/><T27/><D39/><U128/><E100/><V49/><F122/><W82/><G119/><T65/><D65/><U114/><E128/><V10/><F116/><W68/><G125/><T75/><D75/><U38/><E38/><V43/><F43/><W17/><G93/><T22/><D118/><U51/><E23/><V105/><F105/><W31/><G6/><T103/><D103/><U91/><E77/><V13/><F5/><W126/><G82/><T129/><D129/><U44/><E8/><V108/><F108/><W46/><G126/><T62/><D62/><U81/><E1/><V55/><F78/><W89/><REACH who="3" step="1"/><G70/><REACH who="3" ten="250,250,250,240" step="2"/><T115/><D115/><U56/><E114/><V24/><F95/><W132/><G132/><T73/><D73/><U21/><E135/><V117/><F117/><W124/><G124/><T41/><D0/><U37/><E133/><V99/><F2/><W113/><G113/><T112/><D3/><U18/><E60/><V54/><F80/><W127/><G127/><T7/><D112/><U11/><E37/><V79/><F4/><W98/><G98/><T106/><D106/><U83/><E81/><V40/><F99/><W20/><AGARI ba="0,1" hai="14,17,20,25,31,33,45,46,61,67,68,89,94,97" machi="20" ten="20,5200,0" yaku="1,1,0,1,7,1,52,1,53,0" doraHai="64" doraHaiUra="102" who="3" fromWho="3" sc="250,-26,250,-13,250,-13,240,62" /><INIT seed="1,0,0,2,3,98" ten="224,237,237,302" oya="1" hai0="127,96,74,85,114,118,48,71,131,27,94,6,7" hai1="135,103,49,124,68,52,86,123,113,63,9,34,107" hai2="97,76,46,5,14,62,91,126,72,29,59,70,4" hai3="79,23,15,32,61,84,22,104,111,93,92,31,87"/><U13/><E113/><V120/><F120/><W39/><G104/><T122/><D71/><U8/><E123/><V42/><F70/><W134/><G111/><T128/><D74/><U24/><E124/><V38/><F126/><W53/><G39/><T37/><D37/><U75/><E75/><V78/><F29/><W112/><G112/><T18/><D122/><U119/><E119/><V17/><F72/><W36/><G36/><T50/><D118/><U57/><E135/><V99/><F78/><W130/><G130/><N who="0" m="49707" /><D85/><U2/><E2/><V64/><F76/><W19/><G32/><T95/><D95/><N who="3" m="36425" /><G79/><T102/><D127/><U25/><E86/><V109/><F109/><W41/><G41/><T66/><D66/><N who="1" m="41055" /><E13/><V28/><F14/><W12/><G12/><T40/><D114/><U51/><E24/><V90/><F42/><W69/><G69/><T116/><D116/><U105/><E49/><N who="0" m="19049" /><D40/><U83/><E83/><V108/><F108/><W0/><G0/><T129/><N who="0" m="49715" /><T10/><DORA hai="80" /><D10/><U117/><E117/><V16/><F38/><W121/><G134/><T60/><D60/><U77/><E77/><V89/><F62/><W54/><G61/><T20/><AGARI ba="0,0" hai="6,7,18,20,27,94,96,102" m="19049,49715" machi="20" ten="50,3200,0" yaku="19,1,52,1" doraHai="98,80" who="0" fromWho="0" sc="224,32,237,-16,237,-8,302,-8" /><INIT seed="2,0,0,4,2,94" ten="256,221,229,294" oya="2" hai0="1,120,49,98,93,41,131,91,57,3,18,130,79" hai1="52,97,21,67,117,69,134,58,11,24,125,90,10" hai2="75,112,70,50,128,37,111,40,33,110,35,0,71" hai3="63,5,53,17,34,9,87,116,121,80,22,30,64"/><V31/><F112/><W16/><G116/><T38/><D79/><U68/><E117/><V66/><F0/><W8/><G121/><T88/><D120/><U118/><E118/><V51/><F128/><N who="0" m="49194" /><D38/><U36/><E36/><V108/><F75/><W99/><G34/><N who="2" m="12809" /><F31/><W61/><G53/><N who="0" m="31919" /><D41/><U86/><E134/><V81/><F81/><W65/><G30/><T107/><D107/><U29/><E125/><V47/><F66/><W25/><G64/><T43/><D43/><U123/><E123/><V119/><F119/><W113/><G113/><T133/><D133/><U132/><E132/><V84/><F84/><W109/><G65/><T54/><D54/><U100/><E67/><V83/><F83/><W26/><G80/><T73/><D73/><U42/><E68/><AGARI ba="0,0" hai="37,40,47,50,51,68,70,71,108,110,111" m="12809" machi="68" ten="40,3900,0" yaku="14,1,10,1" doraHai="94" who="2" fromWho="1" sc="256,0,221,-39,229,39,294,0" /><INIT seed="2,1,0,3,0,26" ten="256,182,268,294" oya="2" hai0="77,28,1,73,45,81,75,98,61,114,99,129,126" hai1="116,66,37,122,103,87,130,24,7,95,40,51,110" hai2="135,121,4,74,56,132,48,113,33,63,108,101,112" hai3="41,36,127,106,9,120,38,131,29,31,3,118,90"/><V82/><F33/><W49/><G118/><T13/><D114/><U42/><E116/><V54/><F4/><W88/><G120/><T59/><D1/><U71/><E122/><V14/><F14/><W68/><G68/><T25/><D129/><U128/><E110/><V104/><F121/><W50/><G106/><T105/><D45/><U5/><E37/><V8/><F8/><W65/><G65/><T97/><D13/><U119/><E119/><V62/><F108/><W67/><G67/><T83/><D126/><U60/><E24/><V134/><F101/><W92/><G127/><T44/><D44/><U93/><E103/><V47/><F104/><W79/><G92/><N who="1" m="35402" /><E87/><V94/><F94/><W64/><G64/><T109/><D109/><U76/><E76/><N who="2" m="44311" /><F63/><W6/><G79/><T69/><D69/><U123/><E123/><V100/><F100/><W32/><G32/><T55/><D105/><U10/><E51/><V22/><F22/><W107/><G107/><T115/><D115/><U58/><E71/><V39/><F39/><W52/><G49/><T125/><D125/><U78/><E78/><V30/><F113/><W16/><G131/><N who="1" m="50218" /><E5/><V84/><F112/><W96/><G38/><T57/><D83/><U23/><E23/><V2/><F2/><AGARI ba="1,0" hai="2,7,10,40,42,58,60,66" m="50218,35402" machi="2" ten="30,1000,0" yaku="19,1" doraHai="26" who="1" fromWho="2" sc="256,0,182,13,268,-13,294,0" /><INIT seed="3,0,0,1,1,44" ten="256,195,255,294" oya="3" hai0="109,65,98,86,6,112,64,24,135,30,105,62,123" hai1="84,88,45,39,23,47,40,52,25,111,34,113,115" hai2="129,66,58,76,68,46,3,9,48,122,73,79,102" hai3="107,51,22,90,11,95,0,132,26,120,89,124,15"/><W94/><G120/><T72/><D123/><U69/><E34/><V83/><F122/><W19/><G107/><T50/><D72/><U130/><E69/><V121/><F121/><W110/><G0/><T55/><D6/><U85/><E111/><V100/><F68/><W81/><G110/><T28/><D28/><U49/><E130/><V32/><F32/><W99/><G132/><T117/><D117/><U60/><E60/><V92/><F79/><W56/><G81/><T126/><D126/><U18/><REACH who="1" step="1"/><E84/><REACH who="1" ten="256,185,255,294" step="2"/><V63/><F129/><W13/><G124/><T118/><D86/><U61/><E61/><V17/><F63/><W8/><G8/><T54/><D109/><U42/><E42/><V104/><F9/><W116/><G116/><T31/><D118/><U106/><E106/><V127/><F104/><W67/><G11/><T36/><D105/><U2/><E2/><V12/><F3/><W93/><G67/><T97/><D65/><U41/><E41/><N who="2" m="24655" /><F127/><W114/><G114/><T70/><D112/><U7/><E7/><V33/><F33/><W71/><G71/><T133/><D133/><U87/><E87/><V74/><F73/><W108/><G108/><T29/><D135/><U134/><E134/><V77/><F66/><W101/><G94/><AGARI ba="0,1" hai="18,23,25,39,40,45,47,49,52,85,88,94,113,115" machi="94" ten="30,12000,2" yaku="1,1,7,1,52,1,54,2,53,1" doraHai="44" doraHaiUra="37" who="1" fromWho="3" sc="256,0,185,130,255,0,294,-120" owari="256,5.6,315,41.5,255,-14.5,174,-32.6" /></mjloggm>