<mjloggm ver="2.3"><GO type="225" lobby="0"/><UN n0="%E3%82%B2%E3%82%B9%E8%8C%82%E5%8B%9D" n1="%E3%82%8C%E3%81%99%E3%81%93" n2="%33%74%72%65%65" n3="%E4%BF%BA%E3%81%A8%E5%A6%96%E5%A4%A2" dan="16,16,16,17" rate="2128.43,2098.08,2126.98,2214.87" sx="F,F,F,F"/><TAIKYOKU oya="0"/><INIT seed="0,0,0,3,4,77" ten="250,250,250,250" oya="0" hai0="27,129,62,58,69,103,100,84,119,86,32,115,113" hai1="20,81,23,1,6,102,8,93,41,90,75,13,15" hai2="87,61,112,132,12,35,26,95,22,64,78,56,134" hai3="30,116,125,19,110,53,17,72,83,101,98,107,97"/><T99/><D119/><U91/><E102/><V122/><F122/><W4/><G116/><T33/><D129/><U51/><E51/><V42/><F112/><W50/><G110/><T117/><D117/><U92/><E41/><V7/><F42/><W106/><G125/><T65/><D58/><U108/><E108/><V44/><F44/><W88/><G4/><T52/><D52/><U71/><E71/><V55/><F64/><W10/><G30/><T38/><D38/><U14/><E75/><V118/><F118/><W124/><G124/><T45/><D45/><U131/><E81/><N who="2" m="47543" /><F35/><W111/><G111/><T28/><D33/><U114/><E114/><V68/><F68/><W36/><G36/><T16/><D113/><U18/><E131/><V34/><F34/><W46/><G72/><T24/><D115/><U109/><E109/><V43/><F43/><W74/><G74/><T128/><D128/><U54/><E54/><V70/><F70/><W123/><G10/><T0/><D0/><U133/><E133/><N who="2" m="51307" /><F95/><N who="1" m="36425" /><E1/><V39/><F39/><W89/><G123/><T60/><D62/><U105/><E105/><V3/><F3/><W96/><G107/><N who="0" m="63903" /><D103/><U21/><E15/><V127/><F127/><W59/><G106/><T79/><D69/><U5/><E5/><V2/><F2/><W25/><G101/><T135/><D135/><U104/><E104/><V11/><F26/><W40/><G25/><T130/><D130/><U126/><E126/><V9/><F7/><W49/><G83/><T82/><D27/><U47/><E47/><V121/><F121/><W48/><G48/><RYUUKYOKU ba="0,0" sc="250,-30,250,10,250,10,250,10" hai1="6,8,13,14,18,20,21,23,90,91" hai2="9,11,12,22,55,56,61" hai3="17,19,40,46,49,50,53,59,88,89,96,97,98" /><INIT seed="1,1,0,5,3,56" ten="220,260,260,260" oya="1" hai0="85,134,13,104,102,11,48,35,70,66,83,86,51" hai1="79,82,23,90,29,123,67,41,50,17,47,115,119" hai2="4,69,121,131,107,97,93,73,6,26,88,18,16" hai3="22,59,122,127,76,113,130,37,64,31,81,75,126"/><U25/><E115/><V61/><F121/><W45/><G113/><T120/><D134/><U128/><E123/><V7/><F131/><W103/><G122/><T34/><D120/><U87/><E128/><V8/><F73/><W124/><G130/><T117/><D117/><U72/><E119/><V30/><F107/><W32/><G32/><T92/><D104/><U9/><E67/><V135/><F135/><W52/><G103/><T19/><D34/><U78/><E72/><V116/><F116/><W63/><G31/><T5/><D35/><U21/><REACH who="1" step="1"/><E9/><REACH who="1" ten="220,250,260,260" step="2"/><V1/><F8/><W80/><G64/><T55/><D66/><U89/><E89/><V10/><F10/><W44/><G75/><T125/><D11/><U49/><E49/><V12/><F1/><W118/><G118/><T3/><D48/><U109/><E109/><V95/><F6/><W58/><G124/><T0/><D51/><U36/><E36/><V112/><F112/><W74/><G127/><T33/><D5/><U101/><E101/><V129/><F129/><W14/><G126/><T106/><D125/><U96/><E96/><V65/><F4/><W24/><G37/><T100/><D3/><U68/><E68/><V114/><F114/><W57/><G74/><T27/><D0/><U98/><E98/><V94/><F97/><W42/><G76/><T62/><D100/><U40/><E40/><V84/><F88/><W91/><G42/><T108/><D70/><U54/><E54/><V111/><F111/><W43/><G43/><T105/><D102/><U39/><E39/><V60/><F65/><RYUUKYOKU ba="1,1" sc="220,-10,250,30,260,-10,260,-10" hai1="17,21,23,25,29,41,47,50,78,79,82,87,90" /><INIT seed="1,2,1,4,5,27" ten="210,280,250,250" oya="1" hai0="20,129,65,127,52,13,55,12,25,98,76,51,9" hai1="36,5,2,99,30,32,14,3,6,86,118,80,61" hai2="59,77,24,92,103,71,125,19,126,21,57,95,105" hai3="68,42,58,123,93,49,73,26,46,40,135,96,18"/><U66/><E118/><V88/><F71/><W102/><G123/><T38/><D38/><U67/><E36/><V122/><F122/><W48/><G68/><T134/><D127/><N who="2" m="48650" /><F77/><W131/><G73/><T37/><D37/><U31/><E32/><V91/><F105/><W50/><G131/><T35/><D129/><U83/><E14/><V63/><F103/><W23/><G135/><T110/><D134/><U120/><E120/><V4/><F4/><N who="1" m="1641" /><E99/><N who="2" m="57735" /><F63/><W60/><REACH who="3" step="1"/><G42/><REACH who="3" ten="210,280,250,240" step="2"/><T117/><D117/><U115/><E115/><V0/><F0/><W130/><G130/><T78/><D110/><U16/><E2/><V101/><F101/><W45/><G45/><T84/><D9/><U15/><E3/><V47/><F47/><W41/><G41/><T97/><D35/><U79/><E83/><V43/><F43/><W17/><G17/><T70/><D70/><U44/><E44/><V7/><F7/><W22/><G22/><T11/><D11/><N who="1" m="6271" /><E61/><V112/><F112/><W72/><G72/><T81/><D20/><U39/><E39/><V56/><F56/><W107/><G107/><T8/><D8/><U124/><E124/><V29/><F19/><W87/><G87/><AGARI ba="2,2" hai="21,24,29,57,59,87,91,95" m="57735,48650" machi="87" ten="30,3900,0" yaku="18,1,52,1,54,1" doraHai="27" who="2" fromWho="3" sc="210,0,280,0,250,65,240,-45" /><INIT seed="2,0,0,1,1,126" ten="210,280,315,195" oya="2" hai0="88,98,94,86,43,33,80,115,108,102,68,51,85" hai1="127,7,73,91,42,83,120,57,29,135,82,66,28" hai2="70,59,92,114,2,23,76,130,37,111,96,30,95" hai3="97,100,129,60,122,8,132,21,16,32,36,124,107"/><V104/><F130/><W24/><G122/><T119/><D33/><U50/><E127/><V110/><F114/><W113/><G124/><T71/><D115/><U49/><E135/><V117/><F117/><W101/><G113/><T47/><D119/><U134/><E134/><V35/><F70/><W63/><G132/><T109/><REACH who="0" step="1"/><D85/><REACH who="0" ten="200,280,315,195" step="2"/><U14/><E120/><V26/><F35/><W89/><G32/><T31/><D31/><U79/><E28/><V118/><F118/><W3/><G129/><T0/><D0/><U58/><E29/><V131/><F2/><W9/><G3/><T13/><D13/><U5/><E14/><V81/><F131/><W44/><G100/><T121/><D121/><U10/><E73/><V93/><F111/><AGARI ba="0,1" hai="43,47,51,68,71,80,86,88,94,98,102,108,109,111" machi="111" ten="40,5200,0" yaku="1,1,14,1,54,1,53,0" doraHai="126" doraHaiUra="20" who="0" fromWho="2" sc="200,62,280,0,315,-52,195,0" /><INIT seed="3,0,0,3,4,80" ten="262,280,263,195" oya="3" hai0="20,65,93,62,85,75,120,97,23,53,52,50,69" hai1="16,74,57,29,76,117,49,36,35,6,101,119,63" hai2="103,22,112,110,5,134,25,87,33,26,125,71,39" hai3="66,79,38,24,127,4,124,59,114,34,135,105,60"/><W54/><G114/><T30/><D120/><U2/><E36/><V130/><F112/><W58/><G105/><T70/><D75/><U91/><E101/><V109/><F39/><W11/><G38/><T47/><D70/><U8/><E49/><V12/><F71/><W3/><G135/><T37/><D37/><U89/><E76/><V1/><F103/><W78/><G34/><T9/><D9/><U92/><E74/><V102/><F102/><W107/><G107/><T123/><D123/><U41/><E41/><V118/><F118/><N who="1" m="45065" /><E92/><V90/><F1/><W61/><REACH who="3" step="1"/><G24/><REACH who="3" ten="262,280,263,185" step="2"/><T121/><D121/><U128/><E128/><V108/><F130/><W17/><G17/><T45/><D30/><U13/><E35/><V99/><F134/><W111/><G111/><T7/><D7/><U116/><E116/><V14/><F33/><W94/><G94/><T83/><D93/><U72/><E29/><N who="2" m="17591" /><F26/><W88/><G88/><T68/><D97/><U104/><E104/><V55/><F99/><W113/><G113/><T100/><D100/><U48/><E91/><V40/><F5/><W67/><G67/><T27/><D27/><U43/><E89/><V115/><F115/><W132/><G132/><T28/><D28/><U46/><E6/><V77/><F90/><W96/><G96/><T32/><D32/><U73/><E2/><V95/><F95/><W56/><G56/><T19/><D19/><U51/><E57/><V82/><F109/><W42/><G42/><T31/><D31/><U131/><E16/><V64/><F110/><W0/><G0/><T10/><D65/><RYUUKYOKU ba="0,1" sc="262,-10,280,-10,263,-10,185,30" hai3="3,4,11,54,58,59,60,61,66,78,79,124,127" /><INIT seed="3,1,1,4,3,6" ten="252,270,253,215" oya="3" hai0="71,18,118,67,54,80,123,99,57,66,41,20,81" hai1="93,32,74,129,65,114,68,100,27,38,5,3,124" hai2="9,17,110,127,1,28,16,24,77,90,39,132,120" hai3="91,35,130,46,104,113,109,133,63,51,102,76,50"/><W112/><G35/><T2/><D118/><U128/><E114/><V25/><F39/><W72/><G133/><T103/><D123/><U52/><E38/><V95/><F132/><W48/><G130/><N who="1" m="50282" /><E74/><V82/><F120/><W64/><G109/><T49/><D2/><U44/><E124/><V135/><F135/><W4/><G102/><T40/><D80/><U131/><E131/><V111/><F127/><W26/><G104/><T78/><D71/><U69/><E65/><V85/><F25/><W12/><G26/><T7/><D7/><U84/><E5/><N who="2" m="1199" /><F24/><W105/><G105/><T107/><D66/><U10/><E10/><V62/><F62/><W43/><G112/><T97/><D97/><N who="1" m="59439" /><E3/><V55/><F28/><W101/><G113/><T98/><D98/><U119/><E84/><N who="2" m="52679" /><F55/><W117/><G117/><T106/><D67/><U21/><E32/><V61/><F61/><W15/><G101/><T115/><D107/><U96/><E96/><V79/><F111/><W94/><G72/><T56/><D115/><U122/><E119/><V45/><F110/><W8/><G76/><T134/><D134/><U83/><E83/><V23/><F79/><W53/><G43/><N who="0" m="16459" /><D81/><U73/><E73/><V30/><F82/><W31/><G15/><N who="0" m="9311" /><D78/><U36/><E122/><V11/><F77/><W125/><G125/><T13/><D13/><U19/><E36/><V87/><F87/><N who="3" m="52607" /><G31/><T92/><D106/><U70/><E70/><V75/><F75/><W33/><G33/><T42/><N who="0" m="16467" /><T60/><DORA hai="14" /><D60/><U47/><E52/><V34/><F34/><W59/><AGARI ba="1,1" hai="4,8,12,46,48,50,51,53,59,63,64" m="52607" machi="59" ten="30,6000,0" yaku="5,1,8,1,52,1" doraHai="6,14" who="3" fromWho="3" sc="252,-21,270,-21,253,-21,215,73" /><INIT seed="3,2,0,1,2,75" ten="231,249,232,288" oya="3" hai0="127,77,23,119,44,9,79,121,27,38,82,34,15" hai1="36,52,76,98,66,125,97,115,4,104,57,26,126" hai2="103,29,39,72,1,106,99,55,31,81,49,117,33" hai3="80,30,108,107,116,105,109,85,73,14,13,54,131"/><W51/><G73/><T101/><D119/><U67/><E115/><V48/><F117/><W83/><G116/><T94/><D121/><U128/><E36/><V47/><F1/><W6/><G30/><T12/><D127/><N who="1" m="48651" /><E128/><V61/><F39/><W28/><G28/><T93/><D34/><U25/><E4/><V37/><F37/><W7/><G131/><T102/><D38/><U53/><E76/><N who="0" m="29257" /><D44/><U60/><E53/><V32/><F72/><W2/><G2/><T84/><D23/><U89/><E104/><V58/><F81/><N who="3" m="31307" /><G85/><T17/><D27/><N who="1" m="10251" /><E89/><V45/><F32/><W42/><G42/><T41/><D12/><N who="3" m="4713" /><G107/><T135/><D41/><U35/><E35/><V133/><F33/><W113/><G105/><T69/><D69/><U20/><E20/><V5/><F31/><W18/><G113/><T71/><D71/><U68/><E68/><V46/><F29/><W130/><G130/><T118/><D118/><U114/><E114/><V123/><F123/><W96/><G6/><T92/><D135/><U64/><AGARI ba="2,0" hai="52,57,60,64,66,67,97,98" m="10251,48651" machi="64" ten="40,2700,0" yaku="18,1,54,1" doraHai="75" who="1" fromWho="1" sc="231,-9,249,33,232,-9,288,-15" /><INIT seed="4,0,0,0,0,56" ten="222,282,223,273" oya="0" hai0="30,24,110,73,39,44,122,132,113,120,4,46,80" hai1="27,41,22,37,11,103,59,40,91,75,84,64,65" hai2="54,130,52,53,42,88,98,71,43,35,63,93,135" hai3="6,47,74,128,78,111,77,50,66,1,67,105,114"/><T68/><D68/><U108/><E108/><V115/><F115/><W99/><G111/><T117/><D113/><U15/><E75/><V123/><F123/><N who="0" m="47146" /><D46/><U0/><E0/><V7/><F130/><W25/><G128/><T124/><D110/><U89/><E103/><V72/><F135/><W90/><G114/><T45/><D45/><U134/><E134/><V81/><F35/><W5/><G25/><T48/><D48/><U21/><E37/><V33/><F33/><W16/><G105/><T32/><D132/><U60/><E65/><V86/><F72/><W85/><G99/><T126/><D4/><N who="1" m="3559" /><E91/><N who="2" m="55615" /><F71/><W107/><G107/><T92/><D92/><N who="1" m="54311" /><E22/><V14/><F63/><W2/><G74/><T131/><D131/><U101/><E101/><V82/><F82/><N who="3" m="49463" /><G1/><T97/><D117/><U106/><E106/><V118/><F118/><W100/><G100/><T119/><D119/><U34/><E34/><V17/><F7/><W104/><G104/><T3/><D3/><U94/><E94/><V76/><F76/><N who="3" m="29291" /><G6/><T57/><D97/><U116/><E116/><V109/><F109/><W36/><G36/><T18/><D73/><U102/><E102/><V20/><AGARI ba="0,0" hai="14,17,20,42,43,52,53,54,81,86,88" m="55615" machi="20" ten="30,4000,0" yaku="8,1,54,2" doraHai="56" who="2" fromWho="2" sc="222,-20,282,-10,223,40,273,-10" /><INIT seed="5,0,0,3,0,50" ten="202,272,263,263" oya="1" hai0="12,125,118,54,131,86,116,26,70,107,62,9,121" hai1="28,3,108,105,132,39,112,134,91,8,94,130,122" hai2="75,87,126,58,120,96,129,81,53,97,51,90,38" hai3="14,5,115,33,80,43,56,102,100,65,45,111,27"/><U34/><RYUUKYOKU type="yao9" ba="0,0" sc="202,0,272,0,263,0,263,0" hai1="3,8,28,34,39,91,94,105,108,112,122,130,132,134" /><INIT seed="5,1,0,0,1,50" ten="202,272,263,263" oya="1" hai0="48,65,5,33,32,7,114,53,102,14,39,120,38" hai1="87,8,37,9,101,3,51,45,110,31,116,77,64" hai2="121,80,30,131,135,86,26,67,4,92,118,83,71" hai3="106,23,60,46,96,6,130,58,44,56,40,129,62"/><U89/><E116/><V76/><F121/><W12/><G106/><T103/><D65/><U21/><E3/><V91/><F118/><W127/><G96/><T18/><D114/><U88/><E37/><V95/><F135/><W125/><G23/><T27/><D120/><U13/><E101/><V52/><F131/><N who="3" m="50187" /><G12/><T63/><D63/><N who="3" m="24105" /><G6/><T84/><D84/><U66/><E77/><V81/><F4/><W112/><G112/><T2/><D2/><U79/><E79/><V61/><F76/><W104/><G104/><T70/><D70/><U16/><E110/><V36/><F36/><N who="3" m="21511" /><G46/><T69/><D69/><U55/><E89/><V122/><F122/><W24/><G24/><T73/><D73/><U132/><E132/><V47/><F92/><W123/><G123/><T94/><D94/><N who="1" m="54559" /><E8/><V42/><F26/><AGARI ba="1,0" hai="9,13,16,21,26,31,45,51,55,64,66" m="54559" machi="26" ten="30,11600,0" yaku="8,1,52,1,54,2" doraHai="50" who="1" fromWho="2" sc="202,0,272,119,263,-119,263,0" owari="202,-19.8,391,49.1,144,-35.6,263,6.3" /></mjloggm>