<mjloggm ver="2.3"><GO type="225" lobby="0"/><UN n0="%E3%81%86%E3%83%BC%E3%81%B1%E3%83%BC" n1="%E3%81%99%E3%81%84%E3%81%BE%E3%81%9B%E3%83%BC%E3%82%93" n2="%E7%99%BD%E9%9B%AA%E4%B9%83%E6%84%9B" n3="%E6%98%93%E5%88%A9%E8%96%A9%E4%BC%AF" dan="16,17,16,16" rate="2145.99,2230.00,2073.34,2070.16" sx="F,M,F,F"/><TAIKYOKU oya="0"/><INIT seed="0,0,0,4,2,67" ten="250,250,250,250" oya="0" hai0="91,31,20,48,87,132,97,125,44,93,100,114,83" hai1="80,102,50,111,95,43,135,127,62,29,52,71,73" hai2="3,10,61,75,8,133,112,120,38,89,131,46,47" hai3="58,56,92,84,101,60,123,63,0,1,110,19,98"/><T65/><D125/><U88/><E127/><V86/><F120/><W55/><G110/><T15/><D132/><U53/><E111/><V42/><F112/><W116/><G116/><T17/><D114/><U16/><E135/><V26/><F133/><W117/><G117/><T11/><D65/><U109/><E109/><V13/><F75/><W108/><G123/><T45/><D45/><N who="1" m="25919" /><E71/><V96/><F131/><W103/><G103/><T12/><D31/><U118/><E29/><V81/><F26/><W30/><G30/><T76/><D76/><U122/><E73/><V113/><F113/><W68/><G68/><T70/><D70/><U130/><E130/><V41/><F61/><W121/><G121/><T51/><REACH who="0" step="1"/><D44/><REACH who="0" ten="240,250,250,250" step="2"/><U34/><E122/><V126/><F126/><W115/><G115/><T24/><D24/><U35/><E118/><V6/><F46/><W77/><G108/><T54/><D54/><U37/><E53/><V32/><F41/><W39/><G77/><T79/><D79/><U18/><E35/><V124/><F124/><W78/><G78/><T107/><D107/><U14/><E34/><V25/><F25/><W82/><G55/><T85/><D85/><U7/><E52/><V66/><F32/><W33/><G84/><T129/><D129/><U49/><E62/><V59/><F66/><W90/><G60/><T57/><D57/><U5/><E80/><V72/><F59/><W2/><G58/><T9/><D9/><U4/><E37/><V27/><F13/><W99/><G63/><T106/><D106/><U28/><E28/><V74/><F74/><RYUUKYOKU ba="0,1" sc="240,30,250,-10,250,-10,250,-10" hai0="11,12,15,17,20,48,51,83,87,91,93,97,100" /><INIT seed="0,1,1,5,5,123" ten="270,240,240,240" oya="0" hai0="32,36,96,4,112,85,63,71,134,118,95,109,82" hai1="51,41,37,65,25,89,101,35,56,91,129,3,66" hai2="59,119,64,74,16,22,58,93,24,120,44,27,92" hai3="121,61,55,116,88,23,75,62,111,10,79,14,45"/><T39/><D112/><U49/><E3/><V130/><F120/><W17/><G116/><T133/><D32/><U5/><E129/><V33/><F130/><W100/><G100/><N who="0" m="60447" /><D4/><U110/><E5/><V11/><F74/><W90/><G121/><T43/><D43/><U80/><E37/><V77/><F77/><W83/><G111/><T67/><D118/><U72/><E101/><V135/><F119/><W68/><G68/><T117/><D117/><U20/><E35/><V1/><F135/><N who="0" m="51722" /><D109/><U0/><E0/><V108/><F108/><W115/><G115/><T7/><D7/><U127/><E110/><V98/><F1/><W54/><G23/><T97/><D97/><U87/><E127/><V52/><F11/><W60/><REACH who="3" step="1"/><G45/><REACH who="3" ten="270,240,240,230" step="2"/><T107/><D107/><U53/><E20/><N who="2" m="13319" /><F33/><W57/><G57/><T113/><D113/><U31/><E56/><N who="2" m="21547" /><F64/><W50/><G50/><T81/><D81/><U12/><E51/><N who="2" m="28775" /><F98/><W104/><G104/><T78/><AGARI ba="1,2" hai="36,39,63,67,71,78,82,85" m="51722,60447" machi="78" ten="30,1500,0" yaku="20,1" doraHai="123" who="0" fromWho="0" sc="270,38,240,-6,240,-6,230,-6" /><INIT seed="0,2,0,4,5,48" ten="308,234,234,224" oya="0" hai0="112,122,104,0,31,9,40,117,32,110,121,59,74" hai1="120,10,127,57,35,73,78,53,126,65,47,30,45" hai2="41,91,90,134,106,21,34,77,108,22,85,80,12" hai3="4,86,101,119,63,15,25,76,42,16,27,107,82"/><T5/><D104/><U38/><E120/><N who="0" m="46185" /><D59/><U52/><E10/><V46/><F34/><W44/><G4/><T79/><D112/><U3/><E3/><V7/><F106/><W14/><G14/><T115/><D115/><U124/><E30/><V70/><F70/><W75/><G119/><T93/><D93/><U87/><E35/><V18/><F108/><W66/><G75/><T1/><D117/><U20/><E20/><V105/><F134/><W102/><G102/><T43/><D43/><N who="1" m="22775" /><E73/><V111/><F111/><W8/><G101/><T98/><D98/><U100/><E47/><V123/><F123/><W114/><G114/><T97/><D97/><U109/><E100/><V29/><F7/><W68/><REACH who="3" step="1"/><G107/><REACH who="3" ten="308,234,234,214" step="2"/><T92/><D74/><U133/><E109/><V116/><F105/><W128/><G128/><T84/><D110/><U56/><E133/><V51/><REACH who="2" step="1"/><F116/><REACH who="2" ten="308,234,224,214" step="2"/><W67/><G67/><T125/><D5/><U61/><E65/><V99/><F99/><W55/><G55/><N who="1" m="21066" /><E61/><V81/><F81/><AGARI ba="2,2" hai="56,57,78,81,87,124,126,127" m="21066,22775" machi="81" ten="40,8000,1" yaku="18,1,52,3,54,1" doraHai="48" who="1" fromWho="2" sc="308,0,234,106,224,-86,214,0" /><INIT seed="1,0,0,1,5,127" ten="308,340,138,214" oya="1" hai0="111,35,133,51,117,16,72,15,47,9,14,96,73" hai1="44,24,8,98,12,103,59,25,109,46,68,106,115" hai2="21,55,75,39,105,19,17,116,5,76,81,58,93" hai3="78,4,45,20,7,37,128,80,66,48,41,118,113"/><U74/><E115/><V10/><F116/><W22/><G113/><T130/><D117/><U89/><E68/><V32/><F105/><W56/><G118/><T61/><D35/><U64/><E74/><V42/><F32/><W67/><G128/><T33/><D33/><U125/><E125/><V102/><F102/><W88/><G67/><T99/><D130/><U54/><E64/><V124/><F124/><W70/><G78/><T2/><D2/><U27/><E89/><V60/><F93/><W13/><G70/><T100/><D111/><U110/><E59/><V126/><F126/><W34/><G22/><T132/><D15/><U28/><E28/><V23/><F23/><W120/><G120/><T134/><D61/><U83/><E83/><V104/><F104/><W31/><G37/><T65/><D65/><U53/><E46/><V86/><F21/><W18/><G31/><T36/><D36/><U90/><E90/><V92/><F92/><W30/><G30/><T11/><D11/><U95/><E106/><V108/><F86/><N who="3" m="50247" /><G34/><T119/><D119/><U97/><E97/><N who="0" m="37449" /><D100/><U3/><E3/><V85/><F85/><W79/><G79/><T94/><D94/><U40/><E110/><V114/><F114/><W63/><AGARI ba="0,0" hai="4,7,13,18,20,41,45,48,56,63,66" m="50247" machi="63" ten="30,2000,0" yaku="8,1,54,1" doraHai="127" who="3" fromWho="3" sc="308,-5,340,-10,138,-5,214,20" /><INIT seed="2,0,0,0,4,16" ten="303,330,133,234" oya="2" hai0="81,40,15,106,9,71,119,122,68,123,96,132,78" hai1="33,0,11,49,53,83,47,18,65,28,22,43,4" hai2="135,94,6,57,102,69,56,116,20,72,124,3,86" hai3="128,118,114,75,8,80,91,13,129,29,50,77,126"/><V107/><F116/><W26/><G118/><T44/><D132/><U36/><E65/><V134/><F69/><W88/><G126/><T38/><D119/><U51/><E33/><V5/><F72/><W27/><G50/><T60/><D60/><U113/><E113/><V21/><F124/><W97/><G27/><T10/><D9/><U93/><E28/><V12/><F3/><W58/><G58/><N who="2" m="22633" /><F107/><W54/><G54/><T45/><D45/><U112/><E112/><V42/><F42/><W109/><G109/><T101/><D68/><U23/><E53/><V115/><F115/><W87/><G97/><T19/><REACH who="0" step="1"/><D71/><REACH who="0" ten="293,330,133,234" step="2"/><U25/><E47/><V17/><F21/><N who="3" m="15567" /><G114/><T74/><AGARI ba="0,1" hai="10,15,19,38,40,44,74,78,81,96,101,106,122,123" machi="74" ten="20,2700,0" yaku="1,1,0,1,7,1,53,0" doraHai="16" doraHaiUra="120" who="0" fromWho="0" sc="293,37,330,-7,133,-13,234,-7" /><INIT seed="3,0,0,1,3,22" ten="330,323,120,227" oya="3" hai0="7,15,53,6,73,93,54,111,68,39,102,108,96" hai1="55,78,59,19,123,60,27,91,57,31,47,100,66" hai2="117,125,45,28,16,56,5,69,0,34,105,23,58" hai3="64,74,116,109,94,29,127,82,135,110,2,50,13"/><W17/><G116/><T3/><D3/><U120/><E78/><V38/><F117/><W1/><G64/><T48/><D39/><U112/><E112/><V18/><F69/><W119/><G119/><T121/><D121/><U80/><E19/><V37/><F105/><W132/><G94/><T26/><D73/><U43/><E100/><V95/><F125/><W87/><G74/><T35/><D68/><U88/><E80/><V4/><F95/><W107/><G50/><T36/><D36/><U51/><E123/><V63/><F45/><W129/><G29/><N who="0" m="19895" /><D15/><U128/><E128/><V126/><F126/><W76/><G107/><T32/><D32/><U24/><E120/><V67/><F56/><W99/><G99/><T98/><D96/><U81/><E81/><V77/><F77/><W97/><G97/><T113/><D113/><U124/><E124/><V30/><F18/><W103/><G103/><T70/><D70/><U114/><E114/><V9/><F4/><N who="0" m="1578" /><D48/><U40/><E40/><V14/><F28/><W72/><G72/><T101/><D101/><U65/><E65/><V41/><F41/><W12/><G129/><T52/><D102/><U75/><E75/><V130/><F130/><W115/><G76/><T10/><D10/><U49/><E27/><V42/><F42/><W71/><G71/><T90/><D93/><U61/><E51/><V89/><F89/><W8/><G115/><T79/><D79/><U11/><E11/><V133/><F133/><W134/><G17/><T46/><D46/><U33/><AGARI ba="0,0" hai="24,31,33,43,47,49,55,57,59,60,61,66,88,91" machi="33" ten="20,5200,0" yaku="0,1,7,1,52,1,54,1" doraHai="22" who="1" fromWho="1" sc="330,-13,323,52,120,-13,227,-26" owari="317,11.7,375,47.5,107,-39.3,201,-19.9" /></mjloggm>