<mjloggm ver="2.3"><GO type="225" lobby="0"/><UN n0="%E7%99%BD%E6%97%A5%E9%9B%AA%E8%8F%9C" n1="%E8%B7%AF%E9%9C%B8" n2="%E3%81%8B%E3%82%8F%E3%81%A1%E3%82%83%E3%82%93%35%38" n3="%E3%81%B2%E3%81%AA%E3%81%AE%E3%82%8A%E3%81%8F" dan="16,17,17,17" rate="2191.30,2129.34,2131.29,2167.00" sx="M,M,M,M"/><TAIKYOKU oya="0"/><INIT seed="0,0,0,3,0,28" ten="250,250,250,250" oya="0" hai0="120,1,97,124,74,10,68,18,52,20,79,84,69" hai1="5,98,75,2,62,30,12,39,111,71,115,104,11" hai2="130,48,85,50,116,125,15,44,16,117,89,103,27" hai3="31,47,119,93,94,40,42,76,43,81,9,77,92"/><T82/><D120/><U25/><E111/><V38/><F130/><W126/><G119/><N who="2" m="45641" /><F125/><W80/><G126/><T58/><D124/><U99/><E115/><V95/><F103/><W56/><G47/><T19/><D97/><U72/><E39/><V29/><F38/><W49/><G31/><T54/><D74/><U8/><E98/><V132/><F44/><W17/><G49/><T53/><D58/><U113/><E113/><V118/><N who="2" m="45649" /><V96/><DORA hai="45" /><F96/><W67/><G67/><T127/><D127/><U21/><E62/><V6/><F6/><W61/><G17/><T41/><D41/><U36/><E71/><V83/><F83/><N who="3" m="31819" /><G9/><T26/><REACH who="0" step="1"/><D19/><REACH who="0" ten="240,250,250,250" step="2"/><U87/><E87/><V63/><F63/><W14/><G56/><T70/><D70/><U57/><E57/><V3/><F132/><W37/><G37/><T0/><D0/><U106/><E36/><V105/><F3/><W107/><G61/><T131/><D131/><U73/><REACH who="1" step="1"/><E99/><REACH who="1" ten="240,240,250,250" step="2"/><V32/><F105/><W102/><G107/><T34/><D34/><U101/><E101/><V88/><F89/><W109/><G102/><T121/><D121/><U90/><E90/><V129/><F129/><W13/><G109/><T122/><D122/><U134/><E134/><V128/><F128/><W59/><G59/><T46/><D46/><U65/><E65/><V23/><AGARI ba="0,2" hai="15,16,23,27,29,32,48,50,85,88,95" m="45649" machi="23" ten="40,12000,2" yaku="12,1,52,3,54,2" doraHai="28,45" who="2" fromWho="2" sc="240,-60,240,-30,250,140,250,-30" /><INIT seed="1,0,0,5,0,46" ten="180,210,390,220" oya="1" hai0="40,66,53,10,95,79,65,30,62,60,37,6,35" hai1="72,8,116,74,16,17,0,109,9,51,106,86,63" hai2="14,76,102,71,81,97,48,132,29,101,75,33,112" hai3="115,22,134,103,99,84,118,13,110,125,90,94,12"/><U36/><E36/><V117/><F71/><W57/><G115/><T52/><D79/><U73/><E116/><V27/><F117/><W128/><G118/><T56/><D40/><U92/><E106/><V124/><F112/><W20/><G110/><T4/><D37/><U104/><E104/><V7/><F132/><W19/><G125/><T135/><D135/><U5/><E109/><V32/><F32/><W131/><G134/><T87/><D35/><U23/><E63/><V78/><F124/><W47/><G57/><T34/><D34/><U39/><E39/><V49/><F78/><W93/><G47/><T120/><D30/><U113/><E113/><V68/><F68/><W55/><G55/><T88/><D120/><U107/><E107/><V82/><F82/><W96/><G96/><T91/><D91/><U77/><E9/><V70/><F70/><W105/><G105/><T123/><D123/><U28/><E51/><V21/><F102/><W15/><REACH who="3" step="1"/><G22/><REACH who="3" ten="180,210,390,210" step="2"/><T126/><D126/><U26/><REACH who="1" step="1"/><E92/><REACH who="1" ten="180,200,390,210" step="2"/><V64/><F64/><W121/><G121/><T129/><D66/><U58/><E58/><V89/><F49/><W114/><G114/><T2/><D65/><U50/><E50/><V108/><F48/><W31/><G31/><T111/><D56/><U41/><E41/><V69/><F69/><W1/><G1/><T100/><D2/><U42/><E42/><V130/><F29/><W25/><AGARI ba="0,2" hai="12,13,15,19,20,25,84,90,93,94,99,103,128,131" machi="25" ten="30,4000,0" yaku="1,1,0,1,53,1" doraHai="46" doraHaiUra="83" who="3" fromWho="3" sc="180,-10,200,-20,390,-10,210,60" /><INIT seed="2,0,0,4,0,129" ten="170,180,380,270" oya="2" hai0="49,60,26,56,45,70,27,48,111,132,127,39,52" hai1="118,55,13,36,95,134,116,131,92,17,113,38,99" hai2="62,59,103,58,102,119,68,12,115,80,120,87,126" hai3="3,77,22,66,79,76,41,123,9,6,54,93,94"/><V121/><F115/><W8/><G123/><T10/><D111/><U91/><E131/><V124/><F68/><W108/><G108/><T89/><D127/><U4/><E113/><V30/><F30/><W50/><G66/><T82/><D39/><U16/><E4/><V35/><F35/><W117/><G41/><T2/><D70/><U73/><E73/><V114/><F12/><W112/><G117/><T72/><D132/><U71/><E71/><V20/><F20/><W28/><G9/><T125/><D125/><U15/><E55/><V63/><F87/><W11/><G11/><T97/><D48/><U53/><E53/><V122/><F80/><W69/><G69/><T98/><D72/><U43/><E91/><V42/><F121/><W106/><G106/><T5/><D82/><U1/><E99/><V21/><F21/><W51/><G51/><T83/><D98/><U64/><E1/><V88/><F42/><W78/><G78/><T57/><D57/><U85/><E43/><V96/><F96/><W135/><G79/><T109/><D109/><U107/><E107/><V29/><F114/><W110/><G77/><T34/><D34/><U100/><E85/><V14/><F119/><W23/><G110/><T84/><D97/><U104/><E104/><V86/><F86/><W0/><G3/><T24/><D27/><U37/><E37/><V75/><F75/><W65/><G112/><T81/><D83/><U61/><E100/><V19/><F126/><W74/><G74/><T40/><AGARI ba="0,0" hai="2,5,10,24,26,40,45,49,52,56,60,81,84,89" machi="40" ten="20,2700,0" yaku="0,1,7,1,54,1" doraHai="129" who="0" fromWho="0" sc="170,27,180,-7,380,-13,270,-7" /><INIT seed="3,0,0,4,4,98" ten="197,173,367,263" oya="3" hai0="81,108,3,70,28,84,45,5,32,107,69,2,71" hai1="23,36,96,38,20,90,67,82,106,109,135,85,14" hai2="27,132,86,131,102,121,24,94,37,54,74,22,89" hai3="114,41,110,65,73,117,49,125,35,8,133,62,76"/><W11/><G114/><T55/><D107/><U63/><E109/><V4/><F37/><W129/><G35/><T40/><D108/><U46/><E135/><V21/><F74/><W72/><G76/><T115/><D115/><U60/><E60/><V66/><F66/><W1/><G49/><T127/><D127/><U101/><E14/><V87/><F4/><W95/><G41/><T79/><D55/><U29/><E29/><V118/><F102/><W15/><G15/><T47/><D5/><U53/><E38/><V124/><F118/><W58/><G11/><T48/><REACH who="0" step="1"/><D47/><REACH who="0" ten="187,173,367,263" step="2"/><U126/><E126/><V75/><F54/><N who="3" m="34135" /><G125/><T13/><D13/><U7/><E7/><V43/><F124/><W111/><G110/><T128/><D128/><U99/><E53/><V92/><F131/><W105/><G129/><T88/><D88/><U113/><E113/><V26/><F43/><W116/><G105/><T123/><D123/><U25/><E25/><AGARI ba="0,1" hai="2,3,25,28,32,40,45,48,69,70,71,79,81,84" machi="25" ten="40,1300,0" yaku="1,1,53,0" doraHai="98" doraHaiUra="120" who="0" fromWho="1" sc="187,23,173,-13,367,0,263,0" owari="210,-19.0,160,-34.0,367,46.7,263,6.3" /></mjloggm>