<mjloggm ver="2.3"><GO type="225" lobby="0"/><UN n0="%E3%81%B5%E3%81%98%E3%81%8B%E3%81%A4" n1="%72%69%6F%75%63%68%61%6E" n2="%65%6B%61%72%75%74%65" n3="%E6%B4%BE%E9%81%A3%E3%81%AE%E3%82%B8%E3%83%A3%E3%83%83%E3%82%AF" dan="17,16,16,17" rate="2196.33,2231.60,2139.66,2232.68" sx="M,M,M,M"/><TAIKYOKU oya="0"/><INIT seed="0,0,0,2,1,119" ten="250,250,250,250" oya="0" hai0="30,51,74,107,26,80,3,104,134,84,39,87,41" hai1="50,116,132,29,81,62,57,13,127,48,19,56,75" hai2="121,85,105,33,11,93,0,58,21,32,103,22,60" hai3="72,110,63,34,112,49,77,106,117,130,61,109,124"/><T79/><D134/><U69/><E116/><V43/><F105/><W118/><G34/><T4/><D87/><U5/><E132/><V38/><F38/><W36/><G36/><T101/><D51/><U15/><E127/><V82/><F43/><W14/><G106/><T83/><D101/><U8/><E29/><V47/><F47/><W133/><G133/><T76/><D41/><U40/><E69/><V70/><F70/><W28/><G28/><T113/><D39/><U111/><E111/><V6/><F121/><W126/><G14/><T20/><REACH who="0" step="1"/><D113/><REACH who="0" ten="240,250,250,250" step="2"/><U10/><E40/><V88/><F33/><W27/><G112/><T35/><D35/><U1/><E48/><V53/><REACH who="2" step="1"/><F32/><REACH who="2" ten="240,250,240,250" step="2"/><W46/><G118/><T92/><D92/><U24/><E81/><V37/><F37/><W129/><G117/><T90/><D90/><U95/><E95/><V135/><F135/><W65/><G124/><T125/><D125/><U122/><E50/><V9/><F9/><AGARI ba="0,2" hai="3,4,9,20,26,30,74,76,79,80,83,84,104,107" machi="9" ten="40,2000,0" yaku="1,1,53,0" doraHai="119" doraHaiUra="123" who="0" fromWho="2" sc="240,40,250,0,240,-20,250,0" /><INIT seed="0,1,0,2,5,36" ten="280,250,220,250" oya="0" hai0="53,44,67,75,76,107,134,30,57,61,13,56,125" hai1="32,41,62,58,100,113,88,91,24,118,129,2,92" hai2="68,131,46,22,109,28,71,105,103,95,14,123,126" hai3="121,120,25,97,73,117,64,48,65,114,51,17,42"/><T72/><D125/><U50/><E118/><V47/><F95/><W127/><G117/><T7/><D134/><U132/><E132/><V128/><F22/><N who="3" m="13519" /><G73/><T102/><D30/><U74/><E2/><V82/><F14/><W98/><G114/><T15/><D76/><U79/><E113/><V18/><F82/><W84/><G127/><T9/><D15/><U119/><E119/><V90/><F90/><W124/><G124/><T81/><D81/><U11/><E129/><N who="2" m="49739" /><F18/><W78/><G51/><T6/><D6/><U43/><E11/><V3/><F28/><W16/><G16/><T40/><D102/><U26/><E32/><V0/><F126/><W21/><G21/><T29/><D29/><U93/><E100/><V10/><F10/><W19/><G19/><T69/><D107/><U108/><E108/><V1/><F109/><W8/><G8/><T110/><D110/><U45/><E43/><V66/><F123/><N who="3" m="47179" /><G84/><T116/><D116/><U83/><E93/><V39/><F66/><N who="3" m="25707" /><G78/><T86/><D86/><N who="1" m="50271" /><E79/><V96/><F46/><AGARI ba="1,0" hai="42,46,48,97,98" m="25707,47179,13519" machi="46" ten="30,2000,0" yaku="13,1,52,1" doraHai="36" who="3" fromWho="2" sc="280,0,250,0,220,-23,250,23" /><INIT seed="1,0,0,2,0,63" ten="280,250,197,273" oya="1" hai0="58,118,42,59,23,55,107,17,18,21,3,22,49" hai1="102,90,40,26,32,39,110,93,69,12,0,6,27" hai2="106,89,67,1,86,126,78,8,95,7,108,98,80" hai3="84,123,34,44,128,117,133,9,115,114,91,60,97"/><U77/><E0/><V76/><F108/><W112/><G34/><T19/><D107/><U16/><E110/><V5/><F126/><W30/><G30/><T119/><D3/><U132/><E132/><V71/><F7/><W109/><G109/><T51/><D42/><U15/><E69/><V88/><REACH who="2" step="1"/><F106/><REACH who="2" ten="280,250,187,273" step="2"/><W92/><G115/><T79/><D79/><U64/><E6/><V125/><F125/><W41/><G112/><T2/><D2/><U14/><E32/><V116/><F116/><W35/><G117/><T54/><AGARI ba="0,1" hai="17,18,19,21,22,23,49,51,54,55,58,59,118,119" machi="54" ten="40,2700,0" yaku="0,1,9,1" doraHai="63" who="0" fromWho="0" sc="280,37,250,-13,187,-7,273,-7" /><INIT seed="2,0,0,4,1,32" ten="317,237,180,266" oya="2" hai0="44,3,28,52,21,118,13,25,134,86,91,55,2" hai1="63,29,97,104,72,7,1,95,66,41,133,106,18" hai2="99,107,10,105,49,117,92,57,14,132,79,17,33" hai3="87,67,81,108,115,11,89,26,119,20,74,35,82"/><V93/><F132/><W127/><G119/><T37/><D134/><U50/><E133/><V84/><F117/><W9/><G108/><T83/><D118/><U12/><E72/><V125/><F125/><W131/><G35/><T80/><D80/><U112/><E112/><V116/><F116/><W101/><G115/><T45/><D13/><U48/><E29/><V122/><F122/><W6/><G131/><T69/><D69/><U8/><E41/><V56/><F33/><W78/><G127/><T110/><D110/><U36/><E36/><V54/><F57/><W0/><G11/><T65/><D65/><U100/><E106/><V109/><F109/><W75/><G101/><T102/><D102/><U130/><E104/><V58/><F58/><W62/><G75/><T94/><D37/><U111/><E130/><V59/><F59/><W23/><G26/><T90/><D2/><U96/><E96/><V53/><F53/><N who="0" m="20554" /><D3/><U103/><E100/><V121/><F121/><W129/><REACH who="3" step="1"/><G129/><REACH who="3" ten="317,237,180,256" step="2"/><T71/><D71/><AGARI ba="0,1" hai="0,6,9,20,23,62,67,71,74,78,81,82,87,89" machi="71" ten="30,7700,0" yaku="1,1,2,1,7,1,52,1,53,0" doraHai="32" doraHaiUra="43" who="3" fromWho="0" sc="317,-77,237,0,180,0,256,87" /><INIT seed="3,0,0,0,1,102" ten="240,237,180,343" oya="3" hai0="97,38,22,15,28,95,98,21,66,13,51,30,9" hai1="123,121,83,92,35,69,85,81,26,47,108,71,7" hai2="122,93,53,77,116,55,36,68,61,33,90,91,3" hai3="14,5,82,101,41,75,23,16,17,20,104,111,74"/><W45/><G111/><T42/><D38/><U131/><E108/><V89/><F116/><W129/><G5/><N who="0" m="3247" /><D66/><U133/><E7/><V56/><F122/><W25/><G129/><T127/><D127/><U1/><E1/><V117/><F117/><W80/><G75/><T27/><D15/><U125/><E81/><V32/><F3/><W52/><G52/><T49/><D42/><U65/><E65/><V40/><F68/><W6/><G74/><T58/><D58/><U96/><E125/><V107/><F77/><W124/><G6/><T114/><D114/><U130/><E133/><V99/><F55/><W119/><G119/><T79/><D98/><U11/><E11/><V132/><F132/><W64/><G64/><T43/><D43/><U103/><E47/><V31/><F31/><N who="0" m="11818" /><D79/><N who="1" m="46335" /><E26/><V112/><F112/><W34/><G34/><T2/><D2/><U110/><E35/><V10/><F10/><W12/><G25/><T60/><D60/><U120/><E110/><V29/><F29/><W57/><G57/><T24/><D24/><U4/><E4/><V59/><F59/><W37/><G124/><T76/><D76/><U113/><E113/><V48/><F36/><W94/><G104/><T84/><D27/><U88/><E103/><V135/><F135/><W115/><G115/><T44/><D44/><U19/><E19/><V100/><REACH who="2" step="1"/><F93/><REACH who="2" ten="240,237,170,343" step="2"/><W54/><G54/><T105/><D95/><U72/><E72/><V128/><F128/><AGARI ba="0,1" hai="69,71,88,92,96,120,121,123,128,130,131" m="46335" machi="128" ten="40,2600,0" yaku="19,1,54,1" doraHai="102" who="1" fromWho="2" sc="240,0,237,36,170,-26,343,0" owari="240,-16.0,273,7.3,144,-35.6,343,44.3" /></mjloggm>