<mjloggm ver="2.3"><GO type="225" lobby="0"/><UN n0="%E3%81%86%E3%82%8B%E3%81%8A%E3%81%A1%E3%82%83" n1="%33%74%72%65%65" n2="%70%68%65%6E%6F%6D%65" n3="%E3%81%A1%E3%82%85%E3%81%86%E3%81%A9%E3%81%8F%E8%B1%A1%E3%81%95%E3%82%93" dan="16,17,17,17" rate="2092.92,2169.14,2174.95,2167.72" sx="F,F,M,M"/><TAIKYOKU oya="0"/><INIT seed="0,0,0,2,2,49" ten="250,250,250,250" oya="0" hai0="39,65,13,99,33,24,46,19,124,122,35,41,116" hai1="54,95,114,106,108,12,134,78,86,71,58,47,135" hai2="83,51,76,1,91,4,11,115,79,123,63,8,60" hai3="120,103,61,129,110,77,133,9,18,30,82,98,80"/><T89/><D116/><U94/><E106/><V5/><F123/><W118/><G118/><T44/><D122/><U117/><E117/><V107/><F115/><W66/><G120/><T132/><D132/><N who="1" m="50731" /><E114/><V40/><F107/><W73/><G133/><T53/><D124/><U57/><E71/><V127/><F127/><W50/><G129/><T100/><D65/><U25/><E108/><V29/><F29/><W6/><G110/><T62/><D89/><N who="1" m="53559" /><E78/><V43/><F91/><W90/><G30/><T88/><D24/><U15/><E95/><V81/><REACH who="2" step="1"/><F51/><REACH who="2" ten="250,250,240,250" step="2"/><W67/><G50/><T113/><D113/><U23/><E47/><V97/><F97/><W109/><G98/><T85/><D44/><U16/><E58/><V72/><F72/><W128/><G90/><T27/><D99/><U37/><E37/><V59/><F59/><W102/><G109/><T28/><D46/><U70/><E70/><V38/><F38/><W55/><G128/><T68/><D39/><U75/><E75/><V56/><F56/><W42/><G73/><T111/><D68/><U93/><E93/><V64/><F64/><W131/><G131/><T69/><D69/><U87/><E87/><V126/><F126/><W3/><G67/><T10/><D111/><U2/><E2/><AGARI ba="0,1" hai="1,2,4,5,8,11,40,43,60,63,76,79,81,83" machi="2" ten="25,3200,0" yaku="1,1,22,2,53,0" doraHai="49" doraHaiUra="104" who="2" fromWho="1" sc="250,0,250,-32,240,42,250,0" /><INIT seed="1,0,0,0,4,14" ten="250,218,282,250" oya="1" hai0="40,82,22,58,46,41,115,105,55,120,47,13,118" hai1="12,6,39,38,3,60,62,108,85,64,23,77,110" hai2="103,8,16,123,93,10,125,111,80,61,75,129,78" hai3="113,122,89,96,51,19,43,42,94,119,109,56,88"/><U133/><E3/><V95/><F123/><W92/><G113/><T99/><D115/><U28/><E133/><V101/><F111/><N who="1" m="42537" /><E6/><V18/><F125/><W79/><G122/><T121/><D118/><U32/><E32/><V132/><F132/><W7/><G109/><T26/><D120/><U71/><E60/><V53/><F129/><W9/><G119/><T86/><D121/><U52/><E52/><V2/><F2/><W106/><G106/><T72/><D72/><U116/><E116/><V34/><F34/><W87/><G79/><N who="0" m="46431" /><D105/><U1/><E1/><V117/><F117/><W81/><G81/><T98/><D13/><U15/><E77/><V69/><F53/><N who="3" m="31807" /><G7/><T97/><D40/><U30/><E85/><N who="2" m="48279" /><F69/><W127/><G127/><T70/><D70/><U73/><E73/><V44/><F61/><W29/><G29/><N who="1" m="11370" /><E12/><AGARI ba="0,0" hai="9,12,19,42,43,87,88,89,92,94,96" m="31807" machi="12" ten="30,3900,0" yaku="8,1,52,1,54,1" doraHai="14" who="3" fromWho="1" sc="250,0,218,-39,282,0,250,39" /><INIT seed="2,0,0,1,2,77" ten="250,179,282,289" oya="2" hai0="18,110,63,105,103,17,21,126,104,112,28,81,95" hai1="60,55,129,72,41,102,120,78,62,37,99,59,15" hai2="50,101,46,31,23,67,61,131,113,114,85,33,42" hai3="132,111,118,49,69,43,124,45,8,44,16,30,48"/><V123/><F123/><W86/><G118/><T1/><D112/><U100/><E120/><V115/><F131/><W52/><G69/><T53/><D1/><U32/><E129/><V108/><F108/><W82/><G111/><T56/><D110/><U70/><E32/><V91/><F101/><W22/><G132/><T10/><D126/><U84/><E72/><V6/><F33/><W87/><G124/><T93/><D104/><U94/><E102/><V135/><F6/><W25/><G82/><T116/><D81/><U71/><E62/><V38/><F135/><W39/><G39/><T125/><D105/><U88/><E78/><V47/><F23/><W35/><G8/><T0/><D125/><U79/><E79/><V7/><F7/><W27/><AGARI ba="0,0" hai="16,22,25,27,30,35,43,44,45,48,49,52,86,87" machi="27" ten="20,5200,0" yaku="0,1,7,1,54,2" doraHai="77" who="3" fromWho="3" sc="250,-13,179,-13,282,-26,289,52" /><INIT seed="3,0,0,5,3,5" ten="237,166,256,341" oya="3" hai0="52,70,130,110,107,114,33,2,92,90,53,40,43" hai1="6,9,118,34,45,67,56,101,124,30,106,97,95" hai2="103,39,32,98,76,15,74,119,54,22,10,127,31" hai3="115,120,79,23,78,69,89,94,19,42,55,26,36"/><W75/><G69/><T28/><D107/><U85/><E124/><V17/><F119/><W117/><G75/><T77/><D70/><U123/><E123/><V112/><F127/><W41/><G120/><T60/><D2/><U99/><E118/><V116/><F116/><W121/><G121/><T0/><D0/><U59/><E85/><V21/><F39/><W27/><G55/><N who="0" m="21067" /><D33/><U81/><E81/><V102/><F112/><W88/><G36/><T84/><D114/><U8/><E45/><V49/><F102/><W29/><G89/><N who="0" m="53287" /><D77/><U16/><E34/><V132/><F132/><W38/><G79/><T133/><D133/><U66/><E30/><V126/><F126/><W134/><G78/><T48/><D28/><U46/><E46/><V7/><F76/><W91/><G38/><T87/><D110/><U62/><E6/><V51/><F74/><W128/><G29/><T82/><D130/><U72/><E72/><V57/><F51/><W113/><G134/><T64/><D48/><U104/><E16/><V96/><F103/><W61/><G19/><T68/><D68/><U58/><E104/><V109/><F109/><W18/><G18/><T122/><D122/><U73/><E73/><V71/><F71/><W14/><G128/><T44/><D44/><U86/><E86/><V83/><F83/><W13/><G117/><T24/><D24/><U93/><E106/><V100/><F100/><W135/><G26/><T35/><D35/><U108/><E108/><V65/><F32/><W105/><G135/><T47/><D47/><U1/><E1/><N who="2" m="367" /><F65/><N who="1" m="24585" /><E62/><V50/><F49/><RYUUKYOKU ba="0,0" sc="237,10,166,10,256,10,341,-30" hai0="40,43,60,64,82,87,90" hai1="8,9,56,58,59,93,95,97,99,101" hai2="15,17,21,22,31,50,54,57,96,98" owari="247,-15.3,176,-32.4,266,6.6,311,41.1" /></mjloggm>