<mjloggm ver="2.3"><GO type="225" lobby="0"/><UN n0="%E3%82%BC%E3%83%AB%E3%83%80%E3%81%AE%E4%BC%9D%E8%AA%AC" n1="%E8%83%83%E3%81%A8%E8%85%B8" n2="%E5%8F%AF%E5%85%90%E9%82%A3%E7%94%B1%E5%A4%9A" n3="%E6%B0%B7%E5%B7%9D%E9%87%8C%E5%A5%88" dan="17,16,16,16" rate="2214.91,2154.31,2231.93,2138.46" sx="M,M,F,F"/><TAIKYOKU oya="0"/><INIT seed="0,0,0,4,1,11" ten="250,250,250,250" oya="0" hai0="63,7,85,117,24,37,0,20,72,122,12,19,55" hai1="9,27,73,67,57,98,4,131,14,53,106,33,126" hai2="34,68,6,90,130,74,17,31,52,101,96,127,99" hai3="22,41,83,44,42,49,38,62,36,32,29,70,43"/><T35/><D72/><U18/><E126/><V91/><F68/><W120/><G32/><T47/><D117/><U13/><E131/><V75/><F127/><W103/><G120/><T118/><D118/><U109/><E109/><V39/><F39/><W28/><G103/><T10/><D122/><U54/><E73/><V76/><F130/><W125/><G125/><T60/><D85/><U65/><E106/><V56/><F6/><W94/><G94/><T114/><D114/><U81/><E98/><V26/><F17/><W119/><G119/><T95/><D95/><U111/><E111/><V102/><F102/><W115/><G115/><T69/><D69/><U124/><E124/><V132/><F132/><W16/><G83/><T110/><D110/><U2/><E2/><V97/><F101/><W129/><G129/><T107/><D107/><U51/><E81/><V23/><F34/><W77/><G77/><T86/><D86/><U112/><E112/><V59/><F75/><W25/><G38/><T123/><D123/><U50/><E27/><V5/><F5/><W84/><G84/><T116/><D116/><U134/><E33/><V30/><F30/><W78/><G78/><T87/><D87/><U113/><E134/><V82/><REACH who="2" step="1"/><F59/><REACH who="2" ten="250,250,240,250" step="2"/><W89/><G36/><T61/><D37/><U121/><E113/><V15/><F15/><W1/><G1/><T21/><D35/><U48/><E121/><V71/><F71/><W66/><REACH who="3" step="1"/><G89/><REACH who="3" ten="250,250,240,240" step="2"/><T128/><D128/><U40/><E40/><AGARI ba="0,2" hai="16,22,25,28,29,40,41,42,43,44,49,62,66,70" machi="40" ten="40,5200,0" yaku="1,1,2,1,54,1,53,0" doraHai="11" doraHaiUra="92" who="3" fromWho="1" sc="250,0,250,-52,240,0,240,72" /><INIT seed="1,0,0,0,5,126" ten="250,198,240,312" oya="1" hai0="82,44,121,100,65,63,29,30,130,70,86,50,69" hai1="124,109,118,45,24,62,25,103,76,2,66,21,133" hai2="101,32,77,33,98,96,43,60,51,91,39,46,20" hai3="37,16,27,9,78,90,55,13,31,135,58,92,122"/><U84/><E118/><V49/><F77/><W114/><G135/><T1/><D1/><U113/><E113/><V8/><F20/><W53/><G114/><T105/><D121/><U18/><E124/><V119/><F119/><W17/><G122/><T12/><D70/><U79/><E133/><V38/><F60/><W117/><G117/><T125/><D125/><U56/><E2/><V115/><F115/><W89/><G37/><T35/><D35/><U59/><E103/><V123/><F123/><W15/><G78/><T120/><D120/><U42/><E109/><V26/><F8/><W72/><G72/><T81/><D81/><U108/><E108/><V11/><F11/><W41/><G41/><T14/><D100/><U7/><E7/><V116/><F116/><W74/><G74/><T95/><D95/><U5/><E5/><V97/><F101/><W28/><G27/><T112/><D105/><U48/><E24/><V132/><F132/><W111/><G111/><T83/><D83/><U88/><REACH who="1" step="1"/><E56/><REACH who="1" ten="250,188,240,312" step="2"/><V67/><F26/><W129/><G58/><T104/><D112/><U36/><E36/><V61/><F38/><W34/><G13/><T57/><D57/><U22/><E22/><V87/><F32/><W0/><G0/><T64/><D12/><U47/><E47/><V3/><F33/><W71/><G15/><T40/><D14/><U23/><E23/><V75/><F3/><W94/><G34/><T54/><D44/><U106/><E106/><V19/><F39/><W107/><G107/><T80/><D104/><U68/><E68/><V85/><F46/><RYUUKYOKU ba="0,1" sc="250,-10,188,30,240,-10,312,-10" hai1="18,21,25,42,45,48,59,62,66,76,79,84,88" /><INIT seed="1,1,1,3,3,4" ten="240,218,230,302" oya="1" hai0="103,134,99,116,117,115,70,127,135,74,93,7,67" hai1="62,84,112,73,65,16,66,92,98,44,102,88,68" hai2="119,123,54,130,79,23,27,40,95,28,35,110,49" hai3="126,21,0,56,19,94,124,125,5,13,82,133,2"/><U32/><E112/><V76/><F119/><W77/><G133/><N who="0" m="50699" /><D115/><U48/><E32/><V22/><F123/><W72/><G94/><T17/><D127/><U43/><E73/><V26/><F110/><W108/><G108/><T132/><D132/><U20/><E65/><V87/><F130/><W29/><G29/><T96/><D74/><U55/><E43/><V30/><F40/><W80/><G80/><T25/><D7/><U128/><E128/><V15/><F35/><W42/><G42/><T91/><D67/><U113/><E113/><V109/><F109/><W129/><G129/><T60/><D60/><U36/><E36/><V100/><F15/><W105/><G105/><N who="0" m="63719" /><D70/><U71/><E71/><V34/><F34/><W83/><G83/><T31/><D17/><U37/><E37/><V24/><F24/><W9/><REACH who="3" step="1"/><G56/><REACH who="3" ten="240,218,230,292" step="2"/><T11/><D31/><U78/><E78/><V89/><F100/><W75/><G75/><T120/><D93/><U63/><E68/><V85/><F85/><W118/><G118/><T107/><D107/><U111/><E111/><V114/><F114/><W121/><G121/><T86/><D86/><U6/><E66/><V39/><F39/><W69/><G69/><T101/><D120/><U10/><E84/><V3/><F3/><AGARI ba="1,2" hai="0,2,3,5,9,13,19,21,72,77,82,124,125,126" machi="3" ten="40,5200,0" yaku="1,1,18,1,52,1,53,0" doraHai="4" doraHaiUra="51" who="3" fromWho="2" sc="240,0,218,0,230,-55,292,75" /><INIT seed="2,0,0,4,5,96" ten="240,218,175,367" oya="2" hai0="100,129,132,123,120,126,9,65,130,60,128,24,19" hai1="15,27,44,70,17,25,35,118,71,80,82,23,40" hai2="48,52,42,63,32,83,51,108,54,2,106,116,22" hai3="87,18,67,95,107,47,127,135,28,124,98,78,89"/><V77/><F32/><W73/><G135/><T86/><D132/><U59/><E118/><V121/><F116/><W76/><G28/><T133/><D133/><U74/><E59/><V131/><F121/><W72/><G67/><T111/><D111/><U16/><E35/><V56/><F2/><W38/><G18/><T45/><D126/><N who="3" m="48169" /><G47/><T109/><D109/><U50/><E74/><N who="3" m="28778" /><G38/><T0/><D45/><U69/><REACH who="1" step="1"/><E27/><REACH who="1" ten="240,208,175,367" step="2"/><V79/><F108/><W101/><AGARI ba="0,1" hai="76,78,87,89,95,98,101,107" m="28778,48169" machi="101" ten="40,8000,1" yaku="18,1,34,2,52,1" doraHai="96" who="3" fromWho="3" sc="240,-20,208,-20,175,-40,367,90" /><INIT seed="3,0,0,2,1,130" ten="220,188,135,457" oya="3" hai0="109,27,18,131,25,32,73,10,64,15,31,86,128" hai1="0,55,19,129,45,53,72,91,30,78,67,43,135" hai2="29,108,93,79,76,14,77,85,111,24,11,1,110" hai3="62,54,123,132,17,100,124,82,97,103,74,113,96"/><W12/><G113/><T133/><D73/><U35/><E129/><V6/><F1/><W48/><G123/><T63/><D86/><U87/><E0/><V5/><F5/><W71/><G124/><T28/><D109/><U56/><E19/><V59/><F59/><W117/><G132/><T4/><D133/><U80/><E135/><V23/><REACH who="2" step="1"/><F93/><REACH who="2" ten="220,188,125,457" step="2"/><W7/><G7/><T122/><D4/><U69/><E56/><V116/><F116/><W47/><G97/><T75/><D128/><U95/><E69/><V68/><F68/><W16/><G117/><T134/><D134/><U90/><E95/><V22/><F22/><W60/><G71/><T98/><D98/><U57/><E57/><V127/><F127/><W65/><G65/><T2/><D64/><U21/><E67/><V112/><F112/><W120/><G17/><T37/><D2/><U41/><E21/><V94/><F94/><W9/><G103/><T88/><D131/><U3/><E3/><V83/><AGARI ba="0,1" hai="6,11,14,23,24,29,76,77,79,83,85,108,110,111" machi="83" ten="40,5200,0" yaku="1,1,0,1,14,1,53,0" doraHai="130" doraHaiUra="34" who="2" fromWho="2" sc="220,-13,188,-13,125,62,457,-26" owari="207,0.7,175,-32.5,187,-21.3,431,53.1" /></mjloggm>