<mjloggm ver="2.3"><GO type="225" lobby="0"/><UN n0="%72%69%6F%75%63%68%61%6E" n1="%E3%81%BF%E3%81%BF%E3%81%9A" n2="%73%6C%69%63%6B%33%31%39" n3="%E3%82%BC%E3%83%AB%E3%83%80%E3%81%AE%E4%BC%9D%E8%AA%AC" dan="17,17,16,16" rate="2148.34,2198.59,2162.42,2194.77" sx="M,M,M,M"/><TAIKYOKU oya="0"/><INIT seed="0,0,0,4,5,3" ten="250,250,250,250" oya="0" hai0="58,107,42,31,44,90,128,108,91,81,119,0,48" hai1="43,104,23,135,57,1,76,30,47,93,9,60,50" hai2="126,65,15,120,74,24,101,33,39,106,100,134,68" hai3="98,37,41,53,13,4,78,5,69,38,113,45,70"/><T71/><D119/><U20/><E104/><V85/><F120/><W122/><G113/><T35/><D71/><U115/><E115/><V73/><F85/><W99/><G122/><T102/><D128/><U26/><E135/><V72/><F134/><W133/><G133/><T21/><D35/><U111/><E111/><V109/><F109/><W36/><G53/><T6/><D108/><U103/><E76/><V92/><F92/><W40/><G78/><T125/><D125/><U52/><E20/><V112/><F112/><W32/><G32/><T10/><D81/><U16/><E1/><V88/><F88/><W34/><G34/><T61/><D102/><U110/><E110/><V124/><F15/><W94/><G13/><T54/><REACH who="0" step="1"/><D107/><REACH who="0" ten="240,250,250,250" step="2"/><U67/><E103/><V55/><F101/><W114/><G114/><T121/><D121/><U130/><E93/><V80/><F80/><W46/><G38/><T63/><D63/><U8/><E130/><V132/><F132/><W89/><G94/><T22/><D22/><U62/><E30/><N who="2" m="19655" /><F39/><W29/><G29/><T84/><D84/><U77/><E77/><V131/><F131/><W49/><G49/><T123/><D123/><U79/><REACH who="1" step="1"/><E79/><REACH who="1" ten="240,240,250,250" step="2"/><V118/><F106/><W116/><REACH who="3" step="1"/><G89/><REACH who="3" ten="240,240,250,240" step="2"/><T19/><D19/><U28/><E28/><V7/><F124/><W87/><G87/><T64/><D64/><U105/><E105/><V59/><F126/><W75/><G75/><T25/><AGARI ba="0,3" hai="0,6,10,21,25,31,42,44,48,54,58,61,90,91" machi="25" ten="30,6000,0" yaku="1,1,0,1,52,1,53,0" doraHai="3" doraHaiUra="129" who="0" fromWho="0" sc="240,90,240,-20,250,-20,240,-20" /><INIT seed="0,1,0,1,1,133" ten="330,220,230,220" oya="0" hai0="45,49,39,56,50,43,80,124,6,16,27,117,129" hai1="31,34,57,26,120,123,121,63,97,91,64,105,20" hai2="122,113,59,11,58,12,68,65,135,107,60,116,84" hai3="94,28,5,106,82,17,75,62,30,102,24,127,108"/><T38/><D124/><U95/><REACH who="1" step="1"/><E105/><REACH who="1" ten="330,210,230,220" step="2"/><V98/><F107/><W90/><G106/><T36/><D117/><U37/><E37/><V115/><F116/><W125/><G108/><T96/><D36/><U72/><E72/><V29/><F115/><W44/><G75/><T54/><D38/><U41/><E41/><V18/><F113/><W22/><G127/><T46/><D39/><U1/><E1/><V86/><F135/><W118/><G118/><T83/><D43/><U13/><E13/><V99/><F122/><W70/><G125/><T3/><D3/><U61/><E61/><V0/><F0/><W112/><G112/><T93/><D50/><U48/><E48/><V73/><F73/><W78/><G62/><T25/><D49/><U111/><E111/><V92/><F12/><W19/><G24/><T128/><D25/><U14/><E14/><V104/><F104/><W114/><G114/><T88/><D27/><U51/><E51/><V100/><F60/><W131/><G44/><T21/><D45/><U52/><E52/><V69/><F69/><W126/><G70/><T103/><D46/><U109/><E109/><V53/><F53/><W119/><G126/><T79/><D54/><U110/><E110/><V134/><F68/><W81/><G119/><T55/><D55/><U10/><E10/><V40/><F11/><W23/><G23/><AGARI ba="1,1" hai="20,23,26,31,34,57,63,64,91,95,97,120,121,123" machi="23" ten="40,2600,0" yaku="21,2,53,0" doraHai="133" doraHaiUra="77" who="1" fromWho="3" sc="330,0,210,39,230,0,220,-29" /><INIT seed="1,0,0,1,3,123" ten="330,249,230,191" oya="1" hai0="118,98,26,50,94,88,82,16,46,112,90,61,66" hai1="20,79,130,126,131,106,63,3,43,62,127,93,36" hai2="133,23,22,47,72,8,128,121,105,113,95,100,19" hai3="85,53,92,27,134,32,101,69,35,60,78,74,10"/><U71/><E106/><V2/><F121/><W67/><G134/><T57/><D112/><U42/><E3/><V110/><F72/><W87/><G53/><T103/><D118/><U1/><E1/><V132/><F105/><W115/><G115/><T7/><D7/><U6/><E6/><N who="2" m="1111" /><F47/><W111/><G10/><T31/><D82/><U52/><E79/><V48/><F48/><W25/><G74/><T104/><D104/><U13/><E93/><V4/><F95/><W56/><G69/><T81/><D81/><U80/><E80/><V120/><F100/><W68/><G68/><T119/><D16/><N who="1" m="10255" /><E71/><V129/><F113/><W17/><G78/><T38/><D38/><U107/><E107/><V64/><F64/><W97/><G17/><T11/><D11/><U83/><E83/><V58/><F4/><W109/><G25/><T21/><D119/><U18/><E18/><V117/><F117/><W96/><G96/><T54/><AGARI ba="0,0" hai="21,26,31,46,50,54,57,61,66,88,90,94,98,103" machi="54" ten="20,12000,2" yaku="0,1,7,1,25,2,8,1,54,1" doraHai="123" who="0" fromWho="0" sc="330,120,249,-60,230,-30,191,-30" /><INIT seed="2,0,0,3,3,116" ten="450,189,200,161" oya="2" hai0="47,64,114,79,14,17,28,135,55,80,89,117,72" hai1="69,82,129,29,40,90,41,5,76,103,13,59,130" hai2="75,38,65,126,24,108,66,31,36,63,133,118,61" hai3="42,93,101,100,96,62,119,2,73,35,94,132,60"/><V9/><F75/><W0/><G119/><T70/><D114/><U120/><E69/><V121/><F118/><W33/><G73/><T57/><D117/><U134/><E103/><V88/><F126/><W83/><G83/><T106/><D106/><U6/><E134/><V8/><F133/><W110/><G132/><T109/><D135/><U86/><E29/><V50/><F50/><W56/><G42/><N who="1" m="16490" /><E13/><V71/><F108/><W11/><G11/><T18/><D109/><U95/><E59/><V7/><F121/><W98/><G56/><T113/><D89/><U37/><E37/><V77/><F88/><W43/><G43/><T111/><D80/><U85/><E120/><V87/><F87/><W124/><REACH who="3" step="1"/><G110/><REACH who="3" ten="450,189,200,151" step="2"/><T78/><D111/><U44/><E44/><V49/><F38/><W107/><G107/><T46/><D72/><U52/><E52/><V112/><F36/><W53/><G53/><T48/><D55/><U127/><E127/><AGARI ba="0,1" hai="0,2,33,35,60,62,93,94,96,98,100,101,124,127" machi="127" ten="25,8000,1" yaku="1,1,22,2,53,2" doraHai="116" doraHaiUra="58" who="3" fromWho="1" sc="450,0,189,-80,200,0,151,90" /><INIT seed="3,0,0,4,3,18" ten="450,109,200,241" oya="3" hai0="133,67,126,116,28,30,81,69,121,42,96,54,36" hai1="60,113,12,53,7,77,15,86,2,71,75,102,41" hai2="17,111,66,14,44,123,129,27,90,20,119,24,115" hai3="108,132,82,5,37,22,34,135,78,23,64,134,125"/><W52/><G125/><T4/><D116/><U118/><E113/><V25/><F119/><W112/><G112/><T74/><D121/><U48/><E118/><V85/><F115/><W104/><G108/><T29/><D126/><U124/><E124/><V51/><F129/><W50/><G37/><T45/><D133/><U101/><E75/><V3/><F3/><W19/><G34/><T43/><D4/><U122/><E122/><V11/><F111/><W127/><G127/><T39/><D96/><U8/><E2/><V55/><F66/><W103/><G5/><T26/><D54/><U80/><E15/><V72/><F72/><N who="3" m="43335" /><G19/><T88/><D69/><U65/><REACH who="1" step="1"/><E53/><REACH who="1" ten="450,99,200,241" step="2"/><V105/><F123/><W35/><G52/><T38/><D67/><U120/><E120/><V93/><F105/><W31/><G64/><T110/><D110/><U100/><E100/><V47/><F47/><AGARI ba="0,1" hai="7,8,12,41,47,48,60,65,71,77,80,86,101,102" machi="47" ten="40,8000,1" yaku="1,1,25,2,53,1" doraHai="18" doraHaiUra="56" who="1" fromWho="2" sc="450,0,99,90,200,-80,241,0" owari="450,55.0,189,-21.1,120,-38.0,241,4.1" /></mjloggm>