<mjloggm ver="2.3"><GO type="225" lobby="0"/><UN n0="%E3%81%99%E3%81%84%E3%81%BE%E3%81%9B%E3%83%BC%E3%82%93" n1="%E3%81%BF%E3%81%BF%E3%81%9A" n2="%E8%BE%9B%E5%8F%A3%E3%82%AB%E3%83%AC%E3%83%BC%E3%83%A9%E3%82%A4%E3%82%B9" n3="%E3%81%B5%E3%81%98%E3%81%8B%E3%81%A4" dan="18,17,17,16" rate="2211.65,2293.34,2257.21,2178.73" sx="M,M,M,M"/><TAIKYOKU oya="0"/><INIT seed="0,0,0,2,5,21" ten="250,250,250,250" oya="0" hai0="19,75,9,88,122,52,98,89,87,12,106,129,27" hai1="45,26,72,85,42,102,100,135,125,123,46,104,67" hai2="80,94,128,14,30,105,114,57,74,132,51,86,20" hai3="10,8,4,38,65,112,93,107,55,33,53,110,81"/><T44/><D122/><U108/><E123/><V32/><F114/><W70/><G112/><T124/><D75/><U54/><E72/><V17/><F105/><W28/><G110/><T48/><D124/><U82/><E108/><V83/><F128/><W43/><G107/><T62/><D129/><U13/><E125/><V130/><F130/><W68/><G10/><T131/><D131/><U61/><E135/><V95/><F132/><W2/><G93/><N who="0" m="56615" /><D106/><U101/><E104/><V76/><F57/><W3/><G3/><T1/><D1/><U118/><E118/><V34/><F51/><W41/><G81/><N who="0" m="49391" /><D27/><U5/><E54/><V24/><REACH who="2" step="1"/><F34/><REACH who="2" ten="250,250,240,250" step="2"/><W121/><G33/><T47/><D62/><U133/><E61/><V115/><F115/><W120/><G120/><T18/><D47/><U117/><E45/><V16/><F16/><AGARI ba="0,1" hai="9,12,16,18,19,44,48,52" m="49391,56615" machi="16" ten="30,12000,1" yaku="25,1,8,1,54,3" doraHai="21" who="0" fromWho="2" sc="250,130,250,0,240,-120,250,0" /><INIT seed="0,1,0,4,5,1" ten="380,250,120,250" oya="0" hai0="110,40,80,28,6,98,2,134,107,35,10,79,122" hai1="58,31,71,96,20,128,115,47,19,46,22,76,57" hai2="25,113,8,75,66,117,89,135,68,44,116,27,55" hai3="131,127,105,23,133,104,67,51,13,49,39,87,101"/><T77/><D122/><U38/><E71/><V102/><F113/><W56/><G127/><T124/><D124/><U45/><E115/><V92/><F75/><W18/><G39/><T82/><D134/><U91/><E38/><V64/><F135/><W36/><G133/><T129/><D129/><U12/><E76/><V65/><F68/><W103/><G131/><T32/><D110/><U108/><E128/><V53/><F102/><W11/><G36/><T54/><D54/><U73/><E73/><V99/><F116/><W106/><G87/><T59/><D59/><U114/><E108/><V95/><F117/><W118/><G118/><T100/><D40/><U90/><E114/><V16/><F92/><W112/><G112/><T84/><REACH who="0" step="1"/><D28/><REACH who="0" ten="370,250,120,250" step="2"/><U97/><E58/><V7/><F44/><W43/><G43/><T93/><D93/><U132/><E57/><V94/><F94/><W17/><G56/><T52/><D52/><N who="2" m="20042" /><F7/><W120/><G120/><T86/><AGARI ba="1,1" hai="2,6,10,32,35,77,79,80,82,84,86,98,100,107" machi="86" ten="20,12000,1" yaku="1,1,0,1,7,1,9,1,52,1,53,0" doraHai="1" doraHaiUra="61" who="0" fromWho="0" sc="370,133,250,-41,120,-41,250,-41" /><INIT seed="0,2,0,3,0,82" ten="503,209,79,209" oya="0" hai0="60,26,11,48,84,133,115,24,42,13,57,14,45" hai1="73,72,98,121,30,74,33,21,35,87,34,63,64" hai2="20,44,15,27,18,53,124,131,99,94,105,5,103" hai3="111,66,129,135,92,50,75,38,55,78,65,61,31"/><T91/><D115/><U126/><E121/><V113/><F124/><W1/><G111/><T17/><D14/><U89/><E126/><V25/><F131/><W107/><G129/><T0/><D0/><U125/><E125/><V40/><F113/><W43/><G107/><T36/><D36/><U67/><E98/><V76/><F5/><W71/><G1/><T49/><D49/><U93/><REACH who="1" step="1"/><E63/><REACH who="1" ten="503,199,79,209" step="2"/><V97/><F76/><W8/><G78/><T4/><D133/><U134/><E134/><V86/><F99/><W22/><G135/><T106/><D106/><U23/><E23/><V100/><F100/><W47/><G22/><T104/><D104/><U51/><E51/><V12/><F105/><W95/><G50/><T118/><D118/><U79/><E79/><V52/><F97/><W119/><G61/><T112/><D112/><U102/><E102/><V7/><F20/><W19/><G38/><T3/><D60/><U37/><E37/><V70/><F103/><W96/><G96/><T101/><D101/><U117/><E117/><V116/><F116/><W128/><G119/><T85/><D48/><U88/><E88/><V46/><F70/><W59/><G71/><T132/><D132/><U114/><E114/><V108/><F108/><W32/><G128/><T109/><D109/><U28/><E28/><V130/><F130/><W120/><G31/><T2/><D91/><U69/><E69/><V56/><F56/><W68/><G59/><T110/><D57/><U122/><E122/><V83/><F46/><W90/><G47/><T16/><D45/><U54/><E54/><RYUUKYOKU ba="2,1" sc="503,-10,199,30,79,-10,209,-10" hai1="21,30,33,34,35,64,67,72,73,74,87,89,93" /><INIT seed="1,3,1,5,3,37" ten="493,229,69,199" oya="1" hai0="107,82,74,30,47,108,39,115,101,41,66,133,54" hai1="65,64,91,29,38,52,21,89,34,2,11,130,18" hai2="120,26,60,77,36,17,93,112,72,99,12,114,24" hai3="15,35,83,132,51,5,94,100,103,92,127,102,53"/><U8/><E34/><V7/><F120/><W95/><G35/><T56/><D115/><N who="2" m="44074" /><F7/><W19/><G127/><T25/><D133/><U109/><E38/><V111/><F60/><W90/><G132/><T123/><D108/><U4/><E130/><V14/><F36/><W0/><G0/><T6/><D6/><U48/><E109/><V106/><F106/><W69/><G5/><T20/><D66/><N who="1" m="25707" /><E29/><V71/><F71/><W78/><G69/><T135/><D135/><U50/><E2/><V68/><F68/><W32/><G32/><T113/><D113/><U76/><E50/><V126/><F111/><W62/><G62/><T96/><D123/><U22/><E76/><V116/><F116/><W121/><G121/><T40/><D74/><U63/><E22/><N who="2" m="13391" /><F26/><W55/><G51/><T42/><D82/><U16/><E63/><AGARI ba="3,1" hai="20,25,30,39,40,41,42,47,54,56,63,96,101,107" machi="63" ten="30,7700,0" yaku="7,1,52,3" doraHai="37" who="0" fromWho="1" sc="493,96,229,-86,69,0,199,0" /><INIT seed="2,0,0,2,5,11" ten="589,143,69,199" oya="2" hai0="100,99,73,108,44,102,17,118,22,85,59,93,71" hai1="27,55,25,69,36,110,67,134,116,5,31,81,6" hai2="60,33,10,1,66,2,83,72,130,88,35,7,48" hai3="49,45,3,120,117,76,91,20,19,119,62,16,131"/><V32/><F130/><W84/><G120/><T105/><D71/><U129/><E116/><V94/><F48/><W0/><G131/><T41/><D73/><U128/><E36/><V26/><F72/><W75/><G62/><T80/><D118/><U123/><E81/><V133/><F133/><W97/><G97/><T34/><D34/><U74/><E74/><V77/><F83/><W135/><G135/><T46/><D108/><U24/><E134/><V50/><F50/><W90/><G75/><T104/><D59/><U121/><E31/><V61/><F77/><W58/><G0/><T96/><D104/><U65/><E55/><V106/><F106/><W103/><G3/><T92/><D105/><U107/><E107/><V54/><F54/><W101/><G58/><T12/><D41/><U82/><E82/><V47/><F47/><W112/><G76/><AGARI ba="0,0" hai="12,17,22,44,46,76,80,85,92,93,96,99,100,102" machi="76" ten="30,7700,0" yaku="7,1,9,1,8,1,52,1" doraHai="11" who="0" fromWho="3" sc="589,77,143,0,69,0,199,-77" /><INIT seed="3,0,0,5,0,72" ten="666,143,69,122" oya="3" hai0="99,126,34,38,60,11,10,13,122,91,98,123,107" hai1="96,18,104,79,82,22,88,125,129,119,106,85,33" hai2="42,0,86,25,52,4,46,62,101,110,51,50,134" hai3="47,78,31,65,120,12,92,74,64,61,37,83,63"/><W53/><G120/><T135/><D38/><U114/><E33/><V90/><F110/><W58/><G31/><T2/><D34/><U39/><E114/><V94/><F134/><W131/><G131/><T124/><D91/><U73/><E39/><V115/><F115/><W103/><G63/><T69/><D13/><U40/><E40/><V30/><F101/><W116/><G116/><T109/><D2/><U14/><E129/><V19/><F62/><W76/><G12/><T118/><D118/><U127/><E119/><V3/><F19/><W77/><G74/><T35/><D107/><U70/><E70/><V111/><F111/><W41/><REACH who="3" step="1"/><G83/><REACH who="3" ten="666,143,69,112" step="2"/><T59/><D60/><U24/><E14/><V68/><F68/><W121/><G121/><T130/><D69/><U43/><E125/><V55/><F4/><W44/><G44/><T45/><D45/><U8/><E127/><V100/><F100/><W56/><G56/><T36/><D59/><U75/><E75/><V57/><REACH who="2" step="1"/><F42/><REACH who="2" ten="666,143,59,112" step="2"/><W17/><G17/><T95/><D130/><U80/><E43/><V108/><F108/><W113/><G113/><T7/><D109/><U93/><E8/><V16/><F16/><W21/><G21/><AGARI ba="0,2" hai="0,3,21,25,30,46,50,51,52,55,57,86,90,94" machi="21" ten="30,3900,0" yaku="1,1,7,1,54,1,53,0" doraHai="72" doraHaiUra="117" who="2" fromWho="3" sc="666,0,143,0,59,59,112,-39" owari="666,76.6,143,-5.7,118,-28.2,73,-42.7" /></mjloggm>