<mjloggm ver="2.3"><GO type="225" lobby="0"/><UN n0="%E6%A1%9C%E8%8A%B1%E9%96%83%E3%80%85" n1="%E3%81%8B%E3%82%8F%E3%81%A1%E3%82%83%E3%82%93%35%38" n2="%E3%81%A8%E3%82%93%E3%81%A8%E3%81%93%E3%81%A8%E3%82%93" n3="%E3%81%BE%E3%81%A8%E3%81%9F" dan="16,16,16,16" rate="2208.74,2219.82,2130.29,2152.62" sx="M,M,F,M"/><TAIKYOKU oya="0"/><INIT seed="0,0,0,3,1,105" ten="250,250,250,250" oya="0" hai0="22,110,76,135,100,78,109,91,2,8,64,56,37" hai1="90,120,85,53,107,63,20,88,94,58,116,113,106" hai2="82,71,128,93,6,74,131,69,133,118,68,13,16" hai3="43,73,96,117,15,39,104,77,11,121,12,119,84"/><T0/><D37/><U127/><E116/><V124/><F124/><W72/><G84/><T47/><D100/><U26/><E120/><V111/><F111/><N who="0" m="42506" /><D135/><U31/><E127/><V66/><F133/><W48/><G39/><T75/><D47/><U25/><E113/><V5/><F66/><W35/><G35/><T28/><D91/><U10/><E10/><V80/><F93/><W129/><G104/><T17/><D28/><U95/><REACH who="1" step="1"/><E26/><REACH who="1" ten="250,240,250,250" step="2"/><V60/><F118/><W52/><G119/><T54/><D8/><U41/><E41/><V1/><F128/><W9/><G11/><T132/><D132/><U46/><E46/><V67/><F131/><W57/><G9/><T38/><D38/><U86/><AGARI ba="0,1" hai="20,25,31,53,58,63,85,86,88,90,94,95,106,107" machi="86" ten="20,8000,1" yaku="1,1,0,1,7,1,9,1,54,1,53,0" doraHai="105" doraHaiUra="44" who="1" fromWho="1" sc="250,-40,240,90,250,-20,250,-20" /><INIT seed="1,0,0,1,1,24" ten="210,330,230,230" oya="1" hai0="134,25,16,120,74,116,123,122,27,129,11,20,17" hai1="51,43,135,42,90,32,80,89,59,28,13,33,53" hai2="81,106,0,97,111,69,9,68,4,99,48,44,121" hai3="38,125,49,109,82,60,87,10,55,98,70,108,114"/><U22/><E135/><V65/><F121/><W46/><G114/><T119/><D74/><U58/><E32/><V83/><F111/><N who="3" m="42571" /><G38/><T34/><D134/><U73/><E33/><V64/><F106/><W103/><G10/><T104/><D104/><U41/><E73/><V61/><F83/><W112/><G112/><T79/><D79/><U63/><E80/><V124/><F81/><W133/><G125/><T67/><D67/><U2/><E2/><V92/><F124/><W85/><G133/><T107/><D107/><U47/><E59/><V31/><F31/><W127/><G127/><T21/><D129/><U105/><E105/><V62/><REACH who="2" step="1"/><F92/><REACH who="2" ten="210,330,220,230" step="2"/><N who="3" m="58823" /><G82/><T117/><D34/><U88/><E28/><V77/><F77/><W8/><G8/><AGARI ba="0,1" hai="8,11,16,17,20,21,25,27,116,117,119,120,122,123" machi="8" ten="50,12000,2" yaku="9,1,13,1,34,3,54,1" doraHai="24" who="0" fromWho="3" sc="210,130,330,0,220,0,230,-120" /><INIT seed="2,0,0,0,1,12" ten="340,330,220,110" oya="2" hai0="135,73,46,70,7,128,13,43,53,48,102,114,88" hai1="87,29,76,66,65,34,42,132,89,83,64,122,125" hai2="96,103,85,120,93,4,72,39,26,119,50,131,90" hai3="11,55,115,47,57,101,75,62,37,20,9,41,91"/><V81/><F39/><W59/><G115/><T33/><D114/><U107/><E107/><V69/><F69/><W97/><G75/><T36/><D33/><U15/><E132/><V52/><F119/><W32/><G32/><T106/><D135/><U45/><E125/><V127/><F120/><W1/><G1/><T58/><D128/><U77/><E122/><V116/><F116/><W51/><G91/><T38/><D73/><U35/><E35/><V31/><F127/><W0/><G0/><T82/><D70/><U112/><E112/><V16/><F131/><W30/><G30/><T10/><D106/><U78/><E34/><V14/><F72/><W2/><G2/><T84/><REACH who="0" step="1"/><D102/><REACH who="0" ten="330,330,220,110" step="2"/><U19/><E29/><V17/><F4/><W94/><REACH who="3" step="1"/><G20/><REACH who="3" ten="330,330,220,100" step="2"/><T100/><D100/><U49/><E77/><V21/><REACH who="2" step="1"/><F14/><REACH who="2" ten="330,330,210,100" step="2"/><W111/><G111/><T123/><D123/><U60/><E15/><V23/><F23/><W61/><G61/><AGARI ba="0,3" hai="7,10,13,36,38,43,46,48,53,58,61,82,84,88" machi="61" ten="30,3900,0" yaku="1,1,7,1,54,1,53,0" doraHai="12" doraHaiUra="113" who="0" fromWho="3" sc="330,69,330,0,210,0,100,-39" /><INIT seed="3,0,0,0,2,80" ten="399,330,210,61" oya="3" hai0="98,58,57,121,71,77,46,74,0,30,31,42,132" hai1="13,96,15,14,118,92,65,64,66,117,54,95,108" hai2="34,75,4,130,76,32,122,100,38,28,78,48,88" hai3="90,8,83,105,87,62,107,16,119,9,19,110,103"/><W52/><G119/><T36/><D121/><U1/><E1/><V20/><F38/><W67/><G107/><T23/><D71/><U134/><E108/><V24/><F100/><W126/><G110/><T82/><D132/><U39/><E39/><V69/><F69/><W6/><G126/><T21/><D0/><U84/><E134/><V106/><F106/><W56/><G8/><T12/><D98/><U59/><E96/><V22/><F130/><W44/><G103/><T40/><D40/><U33/><E33/><V86/><F75/><W89/><G105/><T72/><D72/><U109/><E109/><V79/><F122/><W27/><G90/><T125/><D125/><U63/><REACH who="1" step="1"/><E84/><REACH who="1" ten="399,320,210,61" step="2"/><V18/><F4/><W17/><G27/><T60/><D12/><U3/><E3/><V104/><F104/><W7/><REACH who="3" step="1"/><G9/><REACH who="3" ten="399,320,210,51" step="2"/><T135/><D135/><U37/><E37/><V112/><F112/><W111/><G111/><T124/><D124/><U55/><E55/><V45/><F88/><W101/><G101/><T93/><D36/><U70/><E70/><V50/><F24/><W10/><G10/><T47/><D42/><U114/><E114/><V81/><F78/><W49/><AGARI ba="0,2" hai="6,7,16,17,19,44,49,52,56,62,67,83,87,89" machi="49" ten="30,18000,2" yaku="1,1,0,1,8,1,52,1,54,2,53,0" doraHai="80" doraHaiUra="102" who="3" fromWho="3" sc="399,-60,320,-60,210,-60,51,200" /><INIT seed="3,1,0,3,1,114" ten="339,260,150,251" oya="3" hai0="69,18,10,46,120,94,11,63,119,98,21,73,0" hai1="41,77,25,86,135,42,81,20,100,35,101,4,36" hai2="7,59,60,111,61,49,38,115,1,109,67,31,30" hai3="79,113,29,72,124,117,116,51,33,53,129,105,66"/><W54/><G113/><T2/><D119/><N who="3" m="45641" /><G105/><T90/><D120/><U12/><E35/><V50/><F38/><W28/><G33/><T16/><D73/><U125/><E36/><V131/><F1/><W130/><G124/><T134/><D46/><U74/><E74/><V57/><F7/><W127/><G127/><T65/><D134/><U27/><E135/><V70/><F115/><W24/><G66/><T44/><D44/><U55/><E125/><V71/><REACH who="2" step="1"/><F67/><REACH who="2" ten="339,260,140,251" step="2"/><W34/><G29/><T96/><D0/><U9/><E4/><V104/><F104/><W112/><G112/><T87/><D2/><U118/><E118/><V23/><F23/><W121/><G121/><T8/><D18/><U128/><E20/><V48/><F48/><W93/><G51/><T132/><D132/><U47/><E9/><V102/><F102/><W110/><G110/><T91/><D16/><U5/><E101/><V88/><F88/><W107/><G107/><T82/><D21/><U122/><E100/><V37/><F37/><W6/><G6/><T123/><D123/><U40/><E122/><V56/><F56/><W64/><G64/><T106/><D106/><U99/><E5/><V85/><F85/><W133/><G133/><T15/><D8/><U97/><E86/><V75/><F75/><W13/><G72/><T62/><D10/><U76/><E47/><V68/><F68/><W92/><G28/><T84/><D63/><U22/><E22/><V83/><F83/><W52/><G34/><T26/><D11/><U103/><E81/><V58/><F58/><W14/><G14/><RYUUKYOKU ba="1,1" sc="339,-10,260,-10,140,30,251,-10" hai2="30,31,49,50,57,59,60,61,70,71,109,111,131" owari="339,43.9,250,5.0,170,-33.0,241,-15.9" /></mjloggm>