<mjloggm ver="2.3"><GO type="225" lobby="0"/><UN n0="%E8%B1%86%59%E5%A4%AA%E9%83%8E" n1="%72%69%6F%75%63%68%61%6E" n2="%E3%81%AF%E3%82%88%E3%81%8A%E3%81%98%E3%81%95%E3%82%93" n3="%4C%4F%4C%49%54%41" dan="16,17,17,16" rate="2050.61,2233.02,2168.85,2195.20" sx="M,M,M,F"/><TAIKYOKU oya="0"/><INIT seed="0,0,0,5,0,29" ten="250,250,250,250" oya="0" hai0="96,26,57,73,30,0,90,32,35,33,101,135,91" hai1="126,115,9,46,80,100,119,127,76,99,3,130,44" hai2="4,18,17,55,82,134,23,43,69,13,24,5,104" hai3="16,98,124,74,133,110,49,12,28,83,8,75,109"/><T89/><D73/><U36/><E119/><V19/><F104/><W58/><G133/><T113/><D113/><U1/><E115/><V131/><F69/><W53/><G124/><N who="1" m="47658" /><E130/><V50/><F131/><W31/><G98/><T25/><D135/><U77/><E77/><V118/><F134/><W15/><G15/><T84/><D0/><N who="1" m="75" /><E9/><V22/><F118/><W116/><G116/><T14/><D14/><U95/><E36/><V102/><F102/><W20/><G83/><T107/><D25/><U128/><E128/><V39/><F43/><W94/><G94/><T11/><D11/><U45/><E44/><V38/><F18/><W37/><G37/><T92/><D57/><U120/><E120/><V67/><F67/><W51/><G8/><T71/><D71/><U41/><E41/><V56/><F39/><W117/><G117/><T10/><REACH who="0" step="1"/><D10/><REACH who="0" ten="240,250,250,250" step="2"/><U48/><E48/><V21/><F38/><W64/><G49/><T63/><D63/><U61/><E61/><V129/><F129/><W60/><G75/><AGARI ba="0,1" hai="45,46,75,76,80,95,99,100" m="75,47658" machi="75" ten="30,1000,0" yaku="18,1" doraHai="29" who="1" fromWho="3" sc="240,0,250,20,250,0,250,-10" /><INIT seed="1,0,0,1,5,88" ten="240,270,250,240" oya="1" hai0="105,93,43,75,67,7,114,104,21,97,45,65,34" hai1="77,1,89,112,80,115,42,36,55,94,121,25,95" hai2="4,79,13,24,41,60,83,33,46,82,26,57,63" hai3="103,98,28,14,62,118,10,19,11,87,128,90,125"/><U108/><E121/><V76/><F33/><W37/><G37/><T127/><D34/><U70/><E1/><V126/><F126/><W130/><G125/><T92/><D75/><U47/><E70/><V86/><F13/><W109/><G109/><T68/><D114/><U38/><E38/><V74/><F4/><W135/><G135/><T17/><D7/><U48/><E108/><V66/><REACH who="2" step="1"/><F63/><REACH who="2" ten="240,270,240,240" step="2"/><W22/><G62/><T81/><D127/><U40/><E25/><V59/><F59/><W117/><G117/><T15/><D68/><U111/><E111/><V120/><F120/><W102/><G118/><T0/><D0/><U44/><E115/><V72/><F72/><W35/><G35/><T31/><D15/><U124/><E124/><V30/><F30/><W69/><G69/><T23/><D31/><U39/><E112/><V129/><F129/><N who="3" m="49771" /><G28/><T6/><D6/><U64/><E64/><V16/><F16/><W3/><G3/><T53/><D17/><U116/><E116/><V119/><F119/><W100/><G98/><T5/><D97/><U110/><E110/><V113/><F113/><W54/><G54/><T50/><D5/><U91/><E55/><V2/><F2/><W9/><G9/><T85/><D53/><U12/><E12/><V18/><F18/><W8/><G10/><T20/><D67/><U106/><E44/><V96/><F96/><W107/><G107/><N who="0" m="41035" /><D65/><U71/><E106/><V51/><AGARI ba="0,1" hai="24,26,41,46,51,57,60,66,74,76,79,82,83,86" machi="51" ten="20,2700,0" yaku="1,1,0,1,7,1,53,0" doraHai="88" doraHaiUra="122" who="2" fromWho="2" sc="240,-7,270,-13,240,37,240,-7" /><INIT seed="2,0,0,4,5,43" ten="233,257,277,233" oya="2" hai0="135,23,64,21,30,35,40,68,119,67,132,84,42" hai1="75,124,52,121,5,26,104,76,13,47,10,0,133" hai2="2,120,8,90,48,70,63,103,22,27,109,25,72" hai3="3,129,107,122,57,60,134,45,128,39,69,56,29"/><V111/><F120/><W37/><G3/><T131/><D35/><U130/><E104/><V117/><F117/><W112/><G107/><T110/><D84/><U31/><E121/><V74/><F103/><W16/><G29/><T81/><D81/><U41/><E130/><N who="3" m="50282" /><G122/><T79/><D79/><U20/><E124/><V82/><F48/><W78/><G78/><T15/><D131/><U114/><E133/><N who="0" m="51273" /><D68/><U87/><E114/><V97/><F63/><W96/><G96/><T85/><D85/><U6/><E75/><V118/><F70/><W19/><G134/><T49/><D40/><U9/><E76/><V34/><F118/><W33/><G33/><T98/><D98/><U123/><E87/><N who="2" m="50551" /><F97/><W113/><G69/><T53/><D42/><U44/><E123/><V125/><F125/><W4/><G112/><T55/><D55/><U24/><E41/><V58/><F34/><W106/><G113/><T105/><D105/><U65/><E65/><N who="0" m="25161" /><D30/><U101/><E101/><V102/><F102/><W54/><G106/><T127/><D127/><U115/><E115/><V28/><F72/><W73/><G73/><T77/><D77/><U126/><E126/><V93/><F28/><W14/><G39/><T46/><D119/><U92/><E52/><V32/><F32/><W94/><G37/><T7/><D110/><U99/><E26/><V100/><F74/><W59/><G54/><T91/><D91/><U18/><E31/><N who="2" m="17847" /><F27/><W116/><G116/><T89/><D89/><U62/><E62/><V38/><F38/><W17/><G60/><T88/><D88/><N who="1" m="55687" /><E24/><V80/><F109/><RYUUKYOKU ba="0,0" sc="233,15,257,15,277,-15,233,-15" hai0="7,15,21,23,46,49,53" hai1="0,5,6,9,10,13,18,20,44,47" /><INIT seed="3,1,0,1,4,132" ten="248,272,262,218" oya="3" hai0="118,109,43,58,87,19,112,130,110,8,33,3,6" hai1="73,36,126,62,64,80,11,65,1,82,86,14,97" hai2="25,34,63,113,26,28,51,105,93,95,15,99,84" hai3="74,45,111,24,117,119,76,89,114,41,116,75,71"/><W23/><G114/><T46/><D118/><U121/><E126/><V30/><F113/><W79/><G71/><T5/><D130/><U10/><E121/><V61/><F15/><W39/><G111/><N who="0" m="42507" /><D33/><U0/><E36/><V44/><F105/><W66/><G66/><T78/><D58/><U32/><E32/><V57/><F84/><W13/><G13/><N who="0" m="7591" /><D112/><U27/><E27/><V60/><F57/><W7/><G7/><T77/><D87/><U48/><E97/><V42/><F99/><W90/><G79/><N who="0" m="30219" /><D3/><U106/><E73/><V37/><REACH who="2" step="1"/><F37/><AGARI ba="1,0" hai="5,6,37,43,46" m="30219,7591,42507" machi="37" ten="30,1000,0" yaku="14,1" doraHai="132" who="0" fromWho="2" sc="248,13,272,0,262,-13,218,0" /><INIT seed="4,0,0,1,1,118" ten="261,272,249,218" oya="0" hai0="113,33,125,0,40,76,1,79,58,45,114,32,34" hai1="83,43,90,110,60,81,124,22,112,123,56,30,129" hai2="117,13,106,71,63,97,93,78,95,12,115,19,72" hai3="47,87,25,109,48,104,9,44,15,59,86,80,108"/><T36/><D58/><U11/><E123/><V101/><F117/><W122/><G104/><T14/><D14/><U62/><E110/><V92/><F115/><N who="0" m="44042" /><D125/><U35/><E129/><V89/><F12/><W4/><G122/><T132/><D132/><U41/><E112/><V70/><F89/><W2/><G2/><AGARI ba="0,0" hai="0,1,2,32,33,34,36,40,45,76,79" m="44042" machi="2" ten="40,2000,0" yaku="15,1" doraHai="118" who="0" fromWho="3" sc="261,20,272,0,249,0,218,-20" /><INIT seed="4,1,0,5,0,119" ten="281,272,249,198" oya="0" hai0="33,86,70,44,34,122,92,10,97,113,121,84,117" hai1="25,76,73,124,118,24,31,108,0,9,3,11,67" hai2="128,12,64,78,134,17,60,58,68,110,74,8,26" hai3="96,101,90,87,115,102,6,49,36,19,72,1,130"/><T91/><D70/><U66/><E118/><V103/><F110/><W56/><G36/><T4/><D117/><U71/><E108/><V99/><F128/><W27/><G72/><T69/><D69/><U20/><E76/><V131/><F131/><W93/><G130/><T45/><D113/><U127/><E73/><V106/><F134/><W75/><G75/><T22/><D22/><N who="1" m="15767" /><E66/><V54/><F26/><W125/><G125/><N who="1" m="48202" /><E67/><V62/><F74/><W79/><G115/><T32/><D84/><U61/><E61/><V132/><F78/><W80/><G6/><T55/><D55/><U50/><E50/><V28/><F28/><W37/><G1/><N who="1" m="586" /><E71/><V14/><F14/><W98/><G37/><T82/><D45/><U42/><E42/><V81/><F81/><W112/><G112/><T65/><D44/><U77/><E77/><V38/><F38/><W100/><G98/><T105/><D105/><U18/><AGARI ba="1,0" hai="9,11,18,20,25" m="586,48202,15767" machi="18" ten="30,4000,0" yaku="18,1,34,2" doraHai="119" who="1" fromWho="1" sc="281,-21,272,43,249,-11,198,-11" owari="260,6.0,315,41.5,238,-16.2,187,-31.3" /></mjloggm>