<mjloggm ver="2.3"><GO type="225" lobby="0"/><UN n0="%E3%81%A1%E3%82%85%E3%81%86%E3%81%A9%E3%81%8F%E8%B1%A1%E3%81%95%E3%82%93" n1="%E3%81%A9%E3%82%8F%E3%82%93%E3%81%94" n2="%E3%82%AF%E3%82%A3%E3%82%A6" n3="%E3%83%B4%E3%82%A3%E3%83%AF%E3%82%B3%E3%82%B0%E3%83%8B" dan="17,16,16,16" rate="2192.95,2206.69,2111.99,2168.74" sx="M,M,F,M"/><TAIKYOKU oya="0"/><INIT seed="0,0,0,1,5,37" ten="250,250,250,250" oya="0" hai0="96,53,114,107,38,9,72,12,46,19,30,8,68" hai1="75,41,123,95,77,97,64,65,100,126,21,106,13" hai2="47,26,127,48,28,73,5,90,134,63,39,23,0" hai3="120,92,51,40,103,34,129,55,42,57,132,60,84"/><T85/><D114/><U58/><E126/><V93/><F73/><W104/><G34/><T71/><D72/><U32/><E32/><V4/><F127/><W125/><G125/><T94/><D30/><U22/><E123/><V45/><F134/><W35/><G35/><T43/><D8/><U33/><E33/><V108/><F108/><W89/><G132/><T88/><REACH who="0" step="1"/><D53/><REACH who="0" ten="240,250,250,250" step="2"/><U29/><E29/><V52/><F0/><W122/><G129/><T117/><D117/><U82/><E22/><V78/><F78/><W76/><G76/><T116/><D116/><U59/><E21/><V91/><F4/><W102/><G122/><T24/><D24/><U69/><E13/><V118/><F5/><W79/><G120/><T66/><D66/><U16/><E16/><V133/><F118/><W70/><G79/><T87/><D87/><U98/><E65/><V74/><F74/><W10/><G10/><T20/><D20/><U99/><E75/><V44/><F133/><W80/><G84/><T36/><D36/><U105/><E77/><V14/><F39/><W131/><G131/><T128/><D128/><U54/><E54/><V119/><F119/><W2/><G55/><T1/><D1/><U130/><E64/><V17/><F63/><W56/><G60/><T18/><D18/><U83/><E130/><V31/><F31/><W27/><G27/><T101/><AGARI ba="0,1" hai="9,12,19,38,43,46,68,71,85,88,94,96,101,107" machi="101" ten="30,11700,0" yaku="1,1,0,1,52,1,54,1,53,0" doraHai="37" doraHaiUra="49" who="0" fromWho="0" sc="240,127,250,-39,250,-39,250,-39" /><INIT seed="0,1,0,1,0,55" ten="367,211,211,211" oya="0" hai0="54,79,97,90,9,122,65,126,32,33,42,113,133" hai1="48,40,125,1,130,68,124,11,116,20,36,92,3" hai2="95,26,89,64,94,34,99,115,59,102,18,8,30" hai3="123,108,73,41,105,70,61,128,7,84,31,103,6"/><T131/><D122/><U52/><E116/><V22/><F115/><W91/><G73/><T75/><D113/><U104/><E104/><V96/><F8/><W86/><G123/><T100/><D126/><N who="1" m="48747" /><E68/><V23/><REACH who="2" step="1"/><F18/><REACH who="2" ten="367,211,201,211" step="2"/><W111/><G111/><T81/><D9/><U119/><E11/><V83/><F83/><W4/><G108/><T110/><D110/><U112/><E112/><V101/><F101/><W27/><G103/><T56/><D100/><U135/><E119/><V85/><F85/><W134/><G86/><T80/><D80/><U66/><E3/><V74/><F74/><W0/><G84/><T37/><D75/><U46/><E1/><V28/><F28/><W43/><G0/><T15/><D81/><U17/><E130/><V44/><F44/><W14/><G128/><T16/><D131/><U118/><E118/><V69/><F69/><W132/><G70/><T60/><D16/><U82/><E82/><V72/><F72/><W2/><G31/><T109/><D109/><U38/><E17/><V58/><F58/><W77/><G2/><T19/><D56/><U71/><E71/><V93/><F93/><W35/><G4/><T76/><D19/><U63/><E92/><V5/><F5/><W50/><G6/><T25/><D97/><U120/><E46/><V129/><F129/><W57/><G7/><T49/><D79/><U88/><E120/><V39/><F39/><W13/><G77/><T21/><D76/><U62/><E38/><V45/><F45/><W107/><G57/><T47/><D37/><U10/><E36/><V29/><F29/><RYUUKYOKU ba="1,1" sc="367,-10,211,-10,201,30,211,-10" hai2="22,23,26,30,34,59,64,89,94,95,96,99,102" /><INIT seed="1,2,1,3,3,110" ten="357,201,231,201" oya="1" hai0="29,1,87,124,131,112,95,105,22,122,85,41,101" hai1="16,8,102,88,123,27,116,57,46,104,90,71,43" hai2="30,107,74,51,45,89,65,115,10,47,93,127,113" hai3="64,40,126,100,83,0,11,14,63,58,135,32,68"/><U35/><E123/><V25/><F107/><W86/><G135/><T62/><D1/><U36/><E116/><V31/><F127/><W39/><G126/><T34/><D105/><U55/><E71/><V120/><F120/><W61/><G32/><T106/><D34/><U38/><E38/><V52/><F74/><W19/><G100/><T73/><D73/><U99/><E35/><V77/><F77/><W21/><G39/><T12/><D122/><U49/><REACH who="1" step="1"/><E8/><REACH who="1" ten="357,191,231,201" step="2"/><V96/><F10/><W82/><G40/><T117/><D41/><U53/><E53/><V2/><F2/><W69/><G69/><T91/><D117/><U37/><E37/><V98/><F65/><W67/><REACH who="3" step="1"/><G86/><REACH who="3" ten="357,191,231,191" step="2"/><T59/><D87/><U42/><E42/><V6/><F98/><W128/><G128/><T121/><D85/><U94/><E94/><V76/><F96/><W92/><G92/><T108/><D95/><U20/><AGARI ba="2,3" hai="16,20,27,36,43,46,49,55,57,88,90,99,102,104" machi="20" ten="30,11700,0" yaku="1,1,0,1,54,2,53,0" doraHai="110" doraHaiUra="24" who="1" fromWho="1" sc="357,-41,191,153,231,-41,191,-41" /><INIT seed="1,3,0,3,0,24" ten="316,344,190,150" oya="1" hai0="17,117,51,125,93,18,111,130,30,89,91,8,21" hai1="103,96,75,114,16,1,109,108,95,115,118,134,60" hai2="85,119,58,69,88,48,15,53,66,39,46,25,42" hai3="43,12,13,29,62,52,131,76,120,50,5,124,110"/><U11/><E75/><V90/><F119/><W63/><G120/><T102/><D117/><U128/><E118/><V123/><F123/><W27/><G110/><N who="1" m="42602" /><E134/><V34/><F85/><W133/><G133/><T36/><D36/><U127/><E127/><V97/><F15/><W99/><G124/><T14/><D111/><U44/><E128/><V78/><F78/><W10/><G43/><T20/><D125/><U32/><E32/><V112/><F112/><W135/><G135/><T80/><D130/><U104/><E44/><V57/><F97/><W77/><G13/><T122/><D122/><U67/><E95/><V83/><F83/><W28/><G131/><T41/><D80/><U82/><E82/><V23/><F34/><W105/><G105/><T121/><D121/><U73/><E73/><V6/><F6/><W7/><G7/><T70/><D70/><N who="1" m="42343" /><E16/><N who="2" m="12519" /><F58/><W47/><G99/><T126/><D17/><U98/><E98/><V35/><F35/><W106/><G106/><T54/><D18/><U2/><E11/><V71/><F71/><W87/><G87/><T0/><D8/><U129/><E129/><V31/><F31/><N who="3" m="11851" /><G27/><T19/><D30/><U64/><E115/><V113/><F113/><W9/><G9/><T132/><D132/><U37/><E114/><V72/><F72/><W55/><G55/><T45/><D54/><U26/><E37/><V38/><F38/><W86/><G86/><T33/><D126/><U94/><E104/><V68/><F68/><W107/><G107/><T74/><D33/><U40/><E2/><V65/><F69/><W59/><G59/><RYUUKYOKU ba="3,0" sc="316,-15,344,-15,190,15,150,15" hai2="39,42,46,48,53,57,65,66,88,90" hai3="5,10,12,47,50,52,62,63,76,77" /><INIT seed="2,4,0,1,5,84" ten="301,329,205,165" oya="2" hai0="38,25,7,79,103,28,31,107,67,115,47,76,19" hai1="60,129,93,78,35,8,23,1,30,14,5,46,15" hai2="87,99,33,58,113,77,105,89,66,54,57,92,120" hai3="96,2,69,49,97,3,90,72,26,110,68,74,6"/><V75/><F120/><W108/><G6/><T116/><D115/><U51/><E78/><V53/><F113/><W55/><G26/><T98/><D7/><U123/><E123/><V130/><F130/><W64/><G64/><T114/><D114/><U9/><E129/><V70/><F33/><W95/><G96/><T29/><D116/><U44/><E35/><V122/><F122/><W48/><G68/><T102/><D102/><U27/><E1/><V112/><F112/><W22/><G22/><T73/><D67/><U80/><E80/><N who="2" m="45119" /><F70/><W4/><G69/><T134/><D134/><U117/><E60/><N who="2" m="38159" /><F58/><W100/><G72/><T85/><D73/><U124/><E117/><V91/><F91/><W13/><G74/><T21/><D85/><U106/><E106/><V65/><F65/><W132/><G132/><T63/><REACH who="0" step="1"/><D63/><REACH who="0" ten="291,329,205,165" step="2"/><U81/><E5/><V131/><F131/><W109/><G3/><T16/><D16/><U36/><E30/><V62/><F62/><W125/><G2/><T71/><D71/><U32/><E9/><V133/><F133/><W126/><G100/><AGARI ba="4,1" hai="53,54,87,89,92,99,100,105" m="38159,45119" machi="100" ten="30,2900,0" yaku="24,1,52,1" doraHai="84" who="2" fromWho="3" sc="291,0,329,0,205,51,165,-41" /><INIT seed="2,5,0,4,3,109" ten="291,329,256,124" oya="2" hai0="104,30,94,125,97,60,90,7,24,89,2,33,124" hai1="19,80,85,84,61,91,86,63,77,103,74,21,8" hai2="116,122,37,96,81,47,38,18,79,71,36,52,10" hai3="48,50,69,121,22,29,62,59,112,108,9,12,31"/><V57/><F116/><W15/><G121/><T45/><D104/><U68/><E8/><V73/><F122/><W5/><G108/><T34/><D45/><U41/><E41/><V44/><F71/><W115/><G69/><T55/><D7/><U93/><E103/><V113/><F113/><N who="3" m="43595" /><G12/><T25/><D2/><U130/><E130/><V23/><F10/><W134/><G134/><T46/><D90/><U26/><REACH who="1" step="1"/><E68/><REACH who="1" ten="291,319,256,124" step="2"/><V131/><F131/><W133/><G133/><T123/><D123/><U54/><E54/><V88/><F52/><N who="3" m="34151" /><G22/><T0/><D33/><U107/><E107/><V65/><F65/><W11/><G9/><T35/><D34/><U132/><E132/><V114/><F114/><W1/><G1/><T110/><D0/><U78/><E78/><V14/><REACH who="2" step="1"/><F57/><REACH who="2" ten="291,319,246,124" step="2"/><W67/><G67/><T4/><D110/><U49/><E49/><AGARI ba="5,2" hai="5,11,15,29,31,48,49,50" m="34151,43595" machi="49" ten="30,8000,1" yaku="11,1,52,3,54,1" doraHai="109" who="3" fromWho="1" sc="291,0,319,-95,246,0,124,115" /><INIT seed="3,0,0,1,1,1" ten="291,224,246,239" oya="3" hai0="90,98,108,116,76,24,17,14,88,28,41,91,82" hai1="105,16,59,86,55,128,118,40,92,23,99,64,42" hai2="46,9,43,122,11,19,87,74,53,123,22,72,12" hai3="29,124,133,48,7,109,67,115,30,68,104,111,45"/><W25/><G104/><T21/><D116/><U62/><E128/><V131/><F53/><W3/><G115/><T50/><D108/><N who="3" m="41545" /><G133/><T77/><D98/><U85/><E105/><V129/><F87/><N who="1" m="33289" /><E64/><V65/><F65/><W2/><G124/><T32/><REACH who="0" step="1"/><D82/><REACH who="0" ten="281,224,246,239" step="2"/><U126/><E118/><V69/><F69/><W127/><G127/><T79/><D79/><U73/><E126/><V56/><F56/><W37/><G68/><T51/><D51/><U33/><E73/><V112/><F74/><W135/><G135/><T107/><D107/><U110/><E110/><V103/><F72/><W106/><G106/><T96/><D96/><U26/><E33/><V95/><F122/><W94/><G48/><T57/><D57/><U15/><E26/><V63/><F123/><W132/><G132/><T84/><D84/><U10/><E99/><V89/><F112/><W134/><G134/><T102/><D102/><U60/><E92/><V61/><F103/><W121/><G121/><T71/><D71/><U120/><E120/><V113/><F113/><W18/><G94/><T97/><D97/><U93/><E93/><V0/><F95/><W54/><G25/><T44/><AGARI ba="0,1" hai="14,17,21,24,28,32,41,44,50,76,77,88,90,91" machi="44" ten="30,4000,0" yaku="1,1,0,1,54,1,53,0" doraHai="1" doraHaiUra="58" who="0" fromWho="0" sc="281,50,224,-10,246,-10,239,-20" owari="331,43.1,214,-28.6,236,3.6,219,-18.1" /></mjloggm>