<mjloggm ver="2.3"><GO type="225" lobby="0"/><UN n0="%E3%83%97%E3%83%AC%E3%83%B4%E3%82%A1%E3%83%86%E3%82%A3" n1="%E3%82%A2%E3%83%A1%E3%82%A2%E3%83%A9%E3%83%AC" n2="%E6%A1%9C%E8%8A%B1%E9%96%83%E3%80%85" n3="%E3%81%A4%E3%81%A3%E3%81%B1%E3%82%8A%E3%83%9D%E3%83%BC%E3%83%AB" dan="16,16,16,16" rate="2131.05,2088.39,2158.09,2107.84" sx="F,M,M,M"/><TAIKYOKU oya="0"/><INIT seed="0,0,0,3,2,120" ten="250,250,250,250" oya="0" hai0="132,82,13,114,57,94,43,88,97,91,49,24,22" hai1="128,116,85,71,64,107,113,102,40,62,73,84,10" hai2="131,48,51,36,45,42,21,56,52,122,26,33,66" hai3="63,80,123,53,126,70,1,5,83,87,130,101,106"/><T75/><D114/><U110/><E116/><V6/><F122/><W54/><G123/><T39/><D132/><U135/><E73/><V74/><F131/><W37/><G37/><T109/><D39/><U38/><E128/><V46/><F33/><W93/><G130/><T119/><D119/><U134/><E113/><V104/><F104/><W81/><G126/><T99/><D13/><U50/><E38/><V118/><F118/><W32/><G32/><T103/><D109/><U89/><E110/><V111/><F111/><W4/><G106/><T112/><D112/><U8/><E84/><V90/><F74/><W78/><G70/><T0/><D0/><U69/><E69/><V30/><F6/><N who="3" m="2667" /><G1/><T100/><D75/><U59/><E102/><V12/><F12/><W67/><G67/><T11/><D11/><U133/><E107/><V86/><F66/><W34/><G34/><T115/><D115/><U125/><E125/><V105/><F105/><W23/><G23/><T92/><D82/><N who="3" m="31849" /><G63/><T14/><D14/><U127/><E127/><V16/><F30/><W29/><G29/><T17/><D57/><U129/><E129/><V19/><F19/><W58/><G58/><T3/><D3/><U77/><E77/><V108/><F108/><W98/><AGARI ba="0,0" hai="53,54,78,83,87,93,98,101" m="31849,2667" machi="98" ten="30,1100,0" yaku="8,1" doraHai="120" who="3" fromWho="3" sc="250,-5,250,-3,250,-3,250,11" /><INIT seed="1,0,0,3,4,29" ten="245,247,247,261" oya="1" hai0="37,135,86,109,57,19,119,121,129,7,71,1,31" hai1="77,67,133,123,127,59,89,107,116,73,80,97,82" hai2="45,16,40,36,27,101,38,128,60,42,10,111,83" hai3="43,2,58,12,124,23,65,61,75,9,126,105,22"/><U108/><E67/><V100/><F111/><W24/><G105/><T113/><RYUUKYOKU type="yao9" ba="0,0" sc="245,0,247,0,247,0,261,0" hai0="1,7,19,31,37,57,71,86,109,113,119,121,129,135" /><INIT seed="1,1,0,1,3,60" ten="245,247,247,261" oya="1" hai0="51,113,2,110,124,123,86,9,68,59,20,99,82" hai1="47,56,26,69,67,45,108,12,30,17,35,118,104" hai2="78,3,116,117,44,119,25,39,89,132,98,80,64" hai3="34,91,127,38,111,48,107,114,93,92,22,126,52"/><U63/><E118/><V106/><F132/><W11/><G34/><T5/><D113/><U36/><E108/><V49/><F3/><W94/><G114/><T109/><D124/><N who="3" m="47657" /><G38/><T81/><D68/><U130/><E130/><V129/><F129/><W66/><G111/><N who="0" m="42507" /><D123/><U112/><E112/><V40/><F25/><W75/><G107/><T128/><D128/><U70/><E104/><V10/><F10/><W101/><G75/><T46/><D99/><U84/><E84/><V50/><F64/><W58/><G101/><T96/><D96/><U83/><E83/><V115/><F115/><W105/><G105/><T120/><D120/><U21/><REACH who="1" step="1"/><E45/><REACH who="1" ten="245,237,247,261" step="2"/><V29/><F106/><W122/><G122/><T7/><D82/><U19/><E19/><V76/><F80/><W88/><G94/><T54/><D5/><U23/><E23/><V97/><F97/><W74/><G92/><T42/><D20/><U13/><E13/><V73/><F117/><W100/><G22/><T71/><D81/><U133/><E133/><V43/><F119/><W24/><G93/><T6/><D6/><U135/><E135/><V90/><F116/><W4/><G4/><T125/><D86/><U27/><E27/><V102/><F98/><W85/><G85/><T15/><D125/><U134/><E134/><V121/><F121/><W28/><G24/><T72/><D15/><U1/><E1/><V62/><F44/><W87/><G87/><T37/><D72/><U55/><E55/><V33/><F76/><W0/><G74/><T41/><D42/><AGARI ba="1,1" hai="12,17,21,26,30,35,36,42,47,56,63,67,69,70" machi="42" ten="40,3900,0" yaku="1,1,52,1,53,0" doraHai="60" doraHaiUra="95" who="1" fromWho="0" sc="245,-42,237,52,247,0,261,0" /><INIT seed="1,2,0,2,1,102" ten="203,289,247,261" oya="1" hai0="59,120,94,56,83,44,99,106,60,47,73,8,104" hai1="40,82,109,54,76,95,0,117,63,55,126,90,57" hai2="9,41,10,118,92,12,11,39,26,29,43,72,134" hai3="50,68,7,15,61,101,85,58,121,123,34,81,133"/><U111/><E117/><V3/><F118/><W37/><G37/><T62/><D120/><U91/><E126/><V31/><F72/><W24/><G68/><T125/><D125/><U32/><E32/><V110/><F110/><N who="1" m="41993" /><E0/><V79/><F3/><W105/><G50/><T75/><D94/><U13/><E40/><V70/><F70/><W22/><G34/><T42/><D8/><N who="2" m="3178" /><F39/><W119/><G133/><T46/><D42/><U71/><E71/><V69/><F69/><W14/><G119/><T28/><D99/><N who="1" m="57847" /><E13/><V98/><F134/><W45/><G15/><T33/><D33/><U96/><E96/><V93/><F93/><W131/><G14/><T116/><D116/><U49/><E91/><V53/><F43/><W38/><G38/><T89/><D89/><U135/><E135/><V52/><F41/><W17/><G123/><T78/><D28/><N who="2" m="10826" /><F26/><W108/><G24/><T103/><D103/><U1/><E1/><V36/><F36/><W100/><G100/><T48/><D48/><U128/><E49/><V65/><F12/><W19/><G121/><T16/><D16/><N who="3" m="6217" /><G108/><T23/><D23/><U130/><E55/><N who="2" m="21067" /><F11/><W113/><G22/><T107/><REACH who="0" step="1"/><D73/><AGARI ba="2,0" hai="54,57,63,73,76,82,128,130" m="57847,41993" machi="73" ten="30,2900,0" yaku="14,1,10,1" doraHai="102" who="1" fromWho="0" sc="203,-35,289,35,247,0,261,0" /><INIT seed="1,3,0,2,2,106" ten="168,324,247,261" oya="1" hai0="80,95,26,20,74,3,69,4,131,117,123,45,0" hai1="23,2,88,98,125,99,9,52,81,41,5,63,35" hai2="17,43,36,126,87,127,21,64,58,85,18,10,44" hai3="37,103,39,100,68,114,28,90,82,53,92,102,51"/><U97/><E35/><V47/><F47/><W66/><G114/><T14/><D117/><U13/><E125/><N who="2" m="47627" /><F10/><W72/><G28/><T121/><D69/><U73/><E41/><V96/><F96/><W8/><G8/><T105/><D105/><U116/><E116/><V12/><F17/><W60/><G82/><T111/><D95/><U109/><E109/><V55/><F64/><W31/><G31/><T132/><D45/><U6/><E6/><V42/><F42/><W40/><G72/><T29/><D111/><U108/><E108/><V128/><F128/><W56/><REACH who="3" step="1"/><G40/><REACH who="3" ten="168,324,247,251" step="2"/><T48/><D131/><U30/><E73/><V77/><F77/><W49/><G49/><AGARI ba="3,1" hai="12,18,21,36,43,44,49,55,58,85,87" m="47627" machi="49" ten="30,1000,0" yaku="18,1" doraHai="106" who="2" fromWho="3" sc="168,0,324,0,247,29,251,-19" /><INIT seed="2,0,0,0,3,1" ten="168,324,276,232" oya="2" hai0="30,65,4,55,35,62,9,32,71,6,20,41,5" hai1="90,39,109,77,125,129,81,102,2,105,22,16,128" hai2="107,108,118,87,93,122,78,18,46,83,37,126,47" hai3="76,103,111,25,117,110,121,67,100,73,44,91,104"/><V33/><F118/><W74/><G121/><T11/><D41/><U106/><E39/><V101/><F122/><W89/><G67/><T10/><D55/><U80/><E2/><V98/><F33/><W7/><G117/><T92/><D92/><U15/><E109/><N who="3" m="41482" /><G44/><T56/><REACH who="0" step="1"/><D71/><REACH who="0" ten="158,324,276,232" step="2"/><U23/><E106/><V57/><F108/><W50/><G104/><T8/><N who="0" m="2048" /><DORA hai="85" /><T75/><D75/><U70/><E70/><V38/><F107/><W120/><G74/><T49/><D49/><U14/><E105/><V24/><F38/><W0/><G50/><T95/><D95/><U69/><E69/><V84/><F37/><W99/><G73/><T17/><D17/><U68/><E16/><V133/><F18/><W72/><G72/><T119/><D119/><U134/><E68/><V54/><F54/><W31/><G0/><T124/><D124/><U115/><E125/><V94/><F126/><W86/><G120/><T130/><D130/><U52/><E52/><V61/><F94/><W66/><G66/><T131/><D131/><U45/><E128/><V97/><F97/><W63/><G99/><T28/><D28/><U36/><E36/><V12/><F93/><W43/><G31/><T34/><D34/><U82/><E129/><V112/><F98/><W58/><G43/><T26/><AGARI ba="0,1" hai="4,5,6,20,26,30,32,35,56,62,65" m="2048" machi="26" ten="50,8000,1" yaku="1,1,0,1,52,3,53,0" doraHai="1,85" doraHaiUra="114,135" who="0" fromWho="0" sc="158,90,324,-20,276,-40,232,-20" /><INIT seed="3,0,0,4,4,60" ten="248,304,236,212" oya="3" hai0="18,59,4,61,43,41,120,58,39,84,5,85,35" hai1="47,66,108,113,122,29,9,96,70,26,31,46,24" hai2="22,107,13,72,14,127,94,32,55,42,130,118,53" hai3="126,48,34,73,93,64,1,12,77,27,65,67,95"/><W112/><G112/><T23/><D35/><U123/><E113/><V103/><F107/><W132/><G1/><T52/><D120/><U124/><E124/><V114/><F32/><W121/><G121/><T30/><D30/><U131/><E131/><V129/><F114/><W36/><G36/><T106/><D106/><U128/><E128/><N who="2" m="49259" /><F118/><W45/><G126/><T74/><D74/><U16/><E96/><N who="2" m="59799" /><F127/><W80/><G132/><T115/><D115/><U62/><E9/><V8/><F72/><W68/><G68/><T20/><D39/><U6/><E122/><V79/><F79/><W78/><G78/><T54/><D61/><U83/><E62/><V57/><F42/><W69/><G69/><T49/><REACH who="0" step="1"/><D18/><REACH who="0" ten="238,304,236,212" step="2"/><U102/><E16/><N who="2" m="10519" /><F57/><W10/><G34/><T51/><AGARI ba="0,1" hai="4,5,20,23,41,43,49,51,52,54,58,59,84,85" machi="51" ten="25,12000,2" yaku="1,1,0,1,22,2,8,1,54,1,53,0" doraHai="60" doraHaiUra="105" who="0" fromWho="0" sc="238,130,304,-30,236,-30,212,-60" owari="368,46.8,274,7.4,206,-19.4,152,-34.8" /></mjloggm>