<mjloggm ver="2.3"><GO type="225" lobby="0"/><UN n0="%33%74%72%65%65" n1="%E3%81%B5%E3%81%98%E3%81%8B%E3%81%A4" n2="%E3%82%BC%E3%83%AB%E3%83%80%E3%81%AE%E4%BC%9D%E8%AA%AC" n3="%77%72%77%72%77%72%77%72" dan="16,16,18,17" rate="2138.65,2160.04,2177.39,2193.01" sx="F,M,M,M"/><TAIKYOKU oya="0"/><INIT seed="0,0,0,2,2,10" ten="250,250,250,250" oya="0" hai0="96,77,110,86,60,103,32,67,69,61,117,29,17" hai1="87,74,15,18,88,58,43,106,113,89,41,3,131" hai2="68,107,112,90,101,7,54,63,102,4,111,57,119" hai3="83,126,123,121,120,19,26,16,23,132,64,52,14"/><T2/><D117/><U20/><E74/><V45/><F112/><W133/><G64/><T127/><D127/><U44/><E113/><V95/><F119/><W39/><G39/><T42/><D110/><U35/><E106/><V71/><F111/><W51/><G126/><T34/><D2/><U108/><E108/><V31/><F107/><W47/><REACH who="3" step="1"/><G83/><REACH who="3" ten="250,250,250,240" step="2"/><T11/><D67/><U115/><E131/><V122/><F122/><W78/><G78/><T38/><D77/><U82/><E115/><V79/><F79/><W70/><G70/><T105/><D69/><U36/><E3/><V37/><F68/><W28/><G28/><T66/><D29/><U128/><E128/><V73/><F31/><W33/><G33/><T50/><D38/><U53/><E35/><V92/><F71/><W24/><G24/><T49/><D66/><U135/><E135/><V8/><F37/><W25/><G25/><T21/><D34/><U118/><E118/><V91/><F101/><W124/><G124/><T13/><D103/><U30/><E30/><V94/><F102/><W46/><G46/><T1/><D32/><U27/><E27/><V59/><F45/><W72/><G72/><T56/><D1/><U125/><E125/><V48/><F73/><W40/><G40/><N who="1" m="15434" /><E44/><V62/><F59/><W84/><G84/><T55/><D56/><U109/><E109/><V100/><F100/><W22/><AGARI ba="0,1" hai="14,16,19,22,23,26,47,51,52,120,121,123,132,133" machi="22" ten="40,12000,2" yaku="1,1,0,1,13,1,52,1,54,2,53,0" doraHai="10" doraHaiUra="80" who="3" fromWho="3" sc="250,-60,250,-30,250,-30,240,130" /><INIT seed="1,0,0,5,0,21" ten="190,220,220,370" oya="1" hai0="45,16,88,55,41,72,14,57,130,0,49,76,106" hai1="100,62,122,43,68,111,96,17,1,99,13,50,22" hai2="95,91,75,83,82,2,128,5,127,30,105,69,37" hai3="121,117,29,104,84,80,3,19,51,108,129,34,118"/><U35/><E122/><V9/><F69/><W8/><G121/><T54/><D130/><U90/><E1/><V20/><F128/><W115/><G129/><T134/><D134/><U33/><E90/><V44/><F105/><W112/><G104/><T123/><D123/><U79/><E79/><V32/><F32/><W48/><G108/><T66/><D106/><U31/><E111/><V63/><F127/><W4/><G19/><T71/><D0/><U28/><E43/><V46/><F63/><W11/><G11/><T103/><D103/><U15/><E50/><N who="3" m="18986" /><G29/><T36/><D72/><U10/><E35/><V78/><F83/><W74/><G74/><T70/><D76/><U133/><E133/><V40/><F46/><W86/><G86/><T64/><D55/><U47/><E47/><V18/><F30/><N who="1" m="11305" /><E33/><V61/><F61/><W6/><G6/><T67/><REACH who="0" step="1"/><D88/><REACH who="0" ten="180,220,220,370" step="2"/><U73/><E100/><V7/><F91/><N who="3" m="51591" /><G34/><T124/><D124/><U59/><E73/><V65/><F75/><W116/><AGARI ba="0,1" hai="3,4,8,112,115,116,117,118" m="51591,18986" machi="116" ten="40,1500,0" yaku="12,1" doraHai="21" who="3" fromWho="3" sc="180,-4,220,-7,220,-4,370,25" /><INIT seed="2,0,0,3,5,91" ten="176,213,216,395" oya="2" hai0="122,34,12,46,96,53,130,14,81,115,47,84,57" hai1="85,123,63,67,120,71,49,42,36,16,68,66,110" hai2="103,97,48,27,62,21,133,50,114,89,132,117,25" hai3="78,65,92,6,101,17,38,10,86,76,30,51,82"/><V52/><F117/><W0/><G38/><T124/><D122/><N who="1" m="46635" /><E85/><V70/><F114/><W127/><G127/><T77/><D115/><U32/><E32/><V99/><F70/><N who="1" m="26665" /><E16/><N who="2" m="12455" /><F27/><W26/><G17/><T125/><D34/><U94/><E94/><N who="2" m="56527" /><F48/><W108/><G51/><T112/><D112/><U135/><E110/><V106/><F50/><W60/><G108/><T100/><D125/><U95/><E95/><V75/><F75/><W119/><G119/><T18/><D124/><U11/><E11/><V59/><AGARI ba="0,0" hai="52,59,62,99,103,106,132,133" m="56527,12455" machi="59" ten="30,11700,0" yaku="25,1,52,1,54,2" doraHai="91" who="2" fromWho="2" sc="176,-39,213,-39,216,117,395,-39" /><INIT seed="2,1,0,0,2,107" ten="137,174,333,356" oya="2" hai0="135,14,7,1,112,69,10,126,49,22,36,113,68" hai1="48,53,102,29,35,75,85,114,15,132,18,104,90" hai2="125,88,72,94,38,50,24,91,4,43,131,109,16" hai3="3,21,77,98,64,46,60,37,45,78,105,27,84"/><V119/><F119/><W118/><G118/><T32/><D36/><U121/><E114/><V120/><F120/><W17/><G3/><T58/><D135/><U71/><E71/><V51/><F72/><W11/><G11/><T74/><D126/><U96/><E75/><V106/><F106/><W93/><G37/><T101/><D101/><U23/><E132/><V111/><F125/><W44/><G105/><T13/><D32/><U26/><E121/><V40/><F4/><W108/><G108/><N who="2" m="41545" /><F131/><W100/><REACH who="3" step="1"/><G84/><REACH who="3" ten="137,174,333,346" step="2"/><T57/><D113/><U97/><E85/><N who="2" m="52495" /><F91/><W87/><G87/><T73/><D112/><U2/><E90/><V89/><F89/><W95/><G95/><T25/><D74/><U54/><E104/><V92/><F92/><W82/><G82/><T80/><D80/><U99/><E102/><V42/><F38/><W130/><G130/><T83/><D83/><U103/><E103/><V0/><F0/><W28/><G28/><T31/><D73/><U127/><E2/><V76/><F76/><W12/><G12/><T86/><D86/><U128/><E128/><V66/><F66/><W122/><G122/><T47/><D13/><U20/><E127/><V70/><F70/><AGARI ba="1,1" hai="17,21,27,44,45,46,60,64,70,77,78,93,98,100" machi="70" ten="40,1300,0" yaku="1,1,53,0" doraHai="107" doraHaiUra="116" who="3" fromWho="2" sc="137,0,174,0,333,-16,346,26" /><INIT seed="3,0,0,5,1,90" ten="137,174,317,372" oya="3" hai0="35,68,48,4,33,102,34,109,0,80,6,73,25" hai1="83,44,121,21,92,63,62,108,93,74,122,123,13" hai2="19,37,125,28,30,86,76,24,107,2,82,27,55" hai3="88,84,115,51,20,71,38,77,18,124,11,130,40"/><W26/><G115/><T8/><D109/><U41/><E108/><V134/><F125/><W12/><G124/><T22/><D68/><U89/><E74/><V114/><F134/><W56/><G71/><T79/><D4/><U126/><E126/><V53/><F114/><W43/><G38/><T94/><D48/><U98/><E83/><V78/><F2/><W58/><G77/><T75/><D75/><U95/><E62/><V61/><F107/><W70/><G70/><T128/><D128/><U39/><E63/><V103/><F37/><W112/><G130/><T118/><D118/><U113/><E113/><V54/><F78/><W91/><G91/><T42/><D42/><N who="3" m="15913" /><G51/><T116/><D116/><U23/><E23/><V46/><F46/><W81/><G112/><T135/><D135/><U129/><E129/><V36/><F36/><W1/><G1/><T99/><REACH who="0" step="1"/><D35/><REACH who="0" ten="127,174,317,372" step="2"/><U87/><E121/><V10/><F61/><W101/><G56/><T100/><D100/><U49/><E41/><V111/><F111/><W31/><G58/><T32/><D32/><U65/><E49/><V132/><F132/><W105/><G101/><T15/><D15/><U106/><E13/><V120/><F120/><W45/><G12/><T29/><AGARI ba="0,1" hai="0,6,8,22,25,29,33,34,73,79,80,94,99,102" machi="29" ten="20,8000,1" yaku="1,1,0,1,7,1,52,1,53,1" doraHai="90" doraHaiUra="16" who="0" fromWho="0" sc="127,90,174,-20,317,-20,372,-40" owari="217,-18.3,154,-34.6,297,9.7,332,43.2" /></mjloggm>