<mjloggm ver="2.3"><GO type="225" lobby="0"/><UN n0="%72%69%6F%75%63%68%61%6E" n1="%72%65%6E%6B%75%6E" n2="%E3%83%A9%E3%83%96%E3%83%AC%E3%83%BC" n3="%E3%81%B5%E3%81%98%E3%81%8B%E3%81%A4" dan="16,17,17,16" rate="2130.22,2216.09,2125.26,2200.10" sx="M,M,M,M"/><TAIKYOKU oya="0"/><INIT seed="0,0,0,3,1,34" ten="250,250,250,250" oya="0" hai0="25,97,63,20,133,113,98,33,6,100,109,53,44" hai1="71,8,30,51,39,118,27,115,107,16,12,36,79" hai2="91,70,128,5,94,66,64,59,86,135,28,88,62" hai3="32,45,52,46,93,21,50,126,104,81,18,43,84"/><T47/><D113/><U75/><E118/><V19/><F128/><W90/><G126/><T37/><D133/><U22/><E115/><V108/><F135/><W23/><G32/><T31/><D109/><U3/><E107/><V131/><F131/><W56/><G104/><T10/><D33/><U7/><E71/><V122/><F122/><W132/><G132/><T130/><D130/><U106/><E106/><V129/><F108/><W82/><G46/><T49/><D63/><U68/><E68/><V99/><F28/><W125/><G125/><T13/><REACH who="0" step="1"/><D100/><REACH who="0" ten="240,250,250,250" step="2"/><U96/><E96/><V60/><F129/><W119/><G23/><T103/><D103/><U95/><E95/><V1/><F94/><W17/><G119/><T92/><D92/><U110/><E110/><V67/><F99/><W76/><G21/><T9/><D9/><U29/><E51/><V57/><F62/><W48/><REACH who="3" step="1"/><G82/><REACH who="3" ten="240,250,250,240" step="2"/><T14/><D14/><U123/><E12/><V26/><F26/><W134/><G134/><T38/><D38/><U127/><E127/><V24/><F24/><W116/><G116/><T65/><D65/><U2/><E36/><V77/><F67/><W124/><G124/><T42/><AGARI ba="0,2" hai="6,10,13,20,25,31,37,42,44,47,49,53,97,98" machi="42" ten="30,3000,0" yaku="1,1,0,1,53,0" doraHai="34" doraHaiUra="80" who="0" fromWho="0" sc="240,50,250,-10,250,-10,240,-10" /><INIT seed="0,1,0,1,2,26" ten="290,240,240,230" oya="0" hai0="9,4,8,51,3,44,96,48,90,59,16,127,133" hai1="106,28,78,38,88,36,130,39,71,104,49,109,21" hai2="61,80,69,33,108,81,5,11,128,18,37,99,15" hai3="46,76,24,121,79,14,31,13,77,12,52,40,92"/><T101/><D127/><U25/><E109/><V23/><F37/><W0/><G121/><T70/><D133/><U45/><E71/><V10/><F108/><W58/><G0/><T116/><D116/><U102/><E78/><V125/><F125/><W32/><G92/><T83/><D70/><U113/><E130/><V91/><F33/><W34/><G34/><T73/><D59/><U118/><E118/><V62/><F128/><W65/><G65/><T115/><D115/><U53/><E113/><V98/><F69/><W72/><G72/><T67/><D67/><U30/><E102/><V84/><F81/><W29/><G32/><T6/><D16/><U134/><E134/><V50/><F50/><N who="3" m="26951" /><G24/><T74/><D90/><U2/><E2/><V122/><F122/><W114/><G114/><T93/><D83/><U120/><E120/><V7/><F98/><W19/><G19/><T89/><D101/><U56/><E30/><V22/><F99/><W54/><G54/><T86/><D96/><U27/><E27/><V82/><F80/><W105/><G105/><T131/><D131/><U107/><REACH who="1" step="1"/><E88/><REACH who="1" ten="290,230,240,230" step="2"/><V124/><F124/><W64/><G64/><T117/><D117/><U119/><E119/><V43/><F91/><W85/><G85/><T126/><D126/><U47/><AGARI ba="1,1" hai="21,25,28,36,38,39,45,47,49,53,56,104,106,107" machi="47" ten="40,8000,1" yaku="1,1,0,1,52,1,53,1" doraHai="26" doraHaiUra="17" who="1" fromWho="1" sc="290,-41,230,93,240,-21,230,-21" /><INIT seed="1,0,0,4,4,17" ten="249,323,219,209" oya="1" hai0="73,74,12,101,59,0,6,22,25,26,69,98,48" hai1="93,96,116,55,40,57,54,97,79,112,13,15,82" hai2="103,43,50,115,126,68,53,86,127,134,11,131,117" hai3="8,63,52,20,38,32,61,102,92,27,42,90,60"/><U41/><E112/><V65/><F117/><W135/><G32/><T129/><D69/><U77/><E116/><V132/><F103/><W95/><G135/><N who="2" m="51753" /><F86/><W118/><G118/><T91/><D129/><U45/><E57/><N who="2" m="32951" /><F115/><W62/><G8/><T28/><D0/><U2/><E2/><V75/><F75/><W33/><G33/><T121/><D121/><U49/><E49/><V108/><F11/><W71/><G38/><T94/><D26/><U89/><E93/><V107/><F107/><W130/><G130/><T124/><D124/><N who="2" m="47658" /><F43/><W84/><G42/><T5/><D73/><U58/><E41/><V99/><F99/><N who="3" m="59775" /><G71/><T35/><D74/><U37/><E96/><V51/><F131/><W21/><G27/><T18/><REACH who="0" step="1"/><D101/><REACH who="0" ten="239,323,219,209" step="2"/><U119/><E119/><V10/><F68/><W122/><G122/><T9/><D9/><U47/><E37/><V3/><F10/><W19/><G19/><T66/><D66/><U120/><E120/><V83/><F65/><W128/><G128/><T80/><D80/><U104/><E82/><V46/><F83/><W78/><G78/><T7/><D7/><U105/><E77/><V72/><F72/><W100/><G100/><T111/><D111/><U125/><E79/><V109/><F3/><W31/><G31/><T14/><D14/><U85/><E15/><V39/><F39/><W23/><N who="3" m="15360" /><DORA hai="36" /><W67/><G67/><T34/><D34/><U24/><E13/><V114/><F114/><W110/><G110/><T56/><D56/><U133/><E125/><V30/><F30/><W106/><G106/><T123/><D123/><RYUUKYOKU ba="0,1" sc="239,10,323,-30,219,10,209,10" hai0="5,6,12,18,22,25,28,35,48,59,91,94,98" hai2="46,51,108,109" hai3="20,21,23,52,84,90,92" /><INIT seed="2,1,1,1,4,0" ten="249,293,229,219" oya="2" hai0="101,80,69,15,95,114,106,58,25,81,131,78,34" hai1="41,117,23,75,79,51,53,56,86,29,74,83,92" hai2="42,66,14,84,18,30,67,127,47,73,123,119,87" hai3="44,60,125,126,17,31,55,52,108,122,90,65,134"/><V121/><F73/><W5/><G122/><T20/><D114/><U36/><E117/><V124/><F119/><W94/><G31/><T104/><D131/><U43/><E36/><V37/><F30/><W40/><G17/><T59/><D69/><U32/><E32/><V57/><F87/><W85/><G108/><T77/><D34/><U3/><E3/><V70/><F70/><W50/><G134/><T135/><D135/><U98/><E74/><V8/><F84/><W132/><G132/><T24/><D15/><U89/><E75/><V68/><F68/><W35/><G35/><T133/><D133/><U45/><E45/><V1/><F1/><W91/><G91/><T82/><D95/><U116/><E116/><V61/><REACH who="2" step="1"/><F67/><REACH who="2" ten="249,293,219,219" step="2"/><W11/><G65/><T113/><D113/><U54/><E29/><V16/><F16/><W118/><G118/><T33/><D33/><U129/><E129/><V9/><F9/><W26/><G26/><T97/><D24/><U27/><E27/><V105/><F105/><W115/><G115/><T62/><D106/><U107/><E23/><V99/><F99/><W19/><G19/><T64/><D25/><U130/><E107/><V10/><F10/><W7/><G11/><T46/><D20/><U21/><E21/><V72/><F72/><W28/><G28/><T110/><D110/><U93/><E130/><V128/><F128/><W109/><G109/><T4/><D104/><U100/><E98/><V76/><F76/><W13/><G13/><T71/><D77/><U88/><E79/><V63/><F63/><W103/><G60/><RYUUKYOKU ba="1,2" sc="249,-10,293,-10,219,30,219,-10" hai2="8,14,18,37,42,47,57,61,66,121,123,124,127" /><INIT seed="2,2,2,3,0,31" ten="239,283,249,209" oya="2" hai0="88,68,35,89,129,132,126,56,28,18,101,82,54" hai1="50,33,119,34,17,104,65,116,69,59,72,135,70" hai2="78,52,94,8,22,113,55,103,53,2,133,97,75" hai3="125,48,57,74,131,114,111,85,63,87,13,12,0"/><V38/><F113/><W30/><G74/><T96/><D68/><N who="1" m="26219" /><E17/><V110/><F133/><W105/><G105/><T118/><D132/><U11/><E11/><V60/><F38/><W37/><G37/><T25/><D126/><U117/><E135/><V100/><F110/><W83/><G0/><T16/><D129/><U127/><E50/><V102/><F60/><W84/><G131/><T99/><D118/><U62/><E59/><V66/><F66/><W49/><G125/><T23/><D82/><U115/><E127/><V64/><F64/><N who="3" m="39023" /><G111/><T61/><D18/><U51/><E51/><N who="3" m="19530" /><G30/><T76/><D76/><U41/><E41/><V67/><F67/><W122/><G114/><T20/><D35/><N who="1" m="13323" /><E62/><V91/><F78/><N who="3" m="46199" /><G122/><T130/><D130/><U123/><E65/><V32/><F32/><W39/><G39/><T134/><D134/><U42/><E42/><V124/><F124/><W90/><G87/><T107/><REACH who="0" step="1"/><D96/><REACH who="0" ten="229,283,249,209" step="2"/><U93/><E115/><V73/><F73/><W44/><G44/><T43/><D43/><U120/><E72/><V80/><F75/><W7/><G7/><T98/><D98/><U86/><E120/><V26/><F80/><AGARI ba="2,3" hai="12,13,80,85,90" m="46199,19530,39023" machi="80" ten="30,1000,0" yaku="8,1" doraHai="31" who="3" fromWho="2" sc="229,0,283,0,249,-16,209,46" /><INIT seed="3,0,0,5,0,36" ten="229,283,233,255" oya="3" hai0="122,84,11,10,125,52,98,34,99,31,90,131,112" hai1="77,3,128,97,19,101,14,78,83,44,114,50,49" hai2="67,111,129,126,62,5,127,54,41,55,16,123,24" hai3="69,134,57,26,88,63,135,20,58,7,42,87,117"/><W115/><G115/><T45/><D122/><U39/><E3/><V28/><F5/><W107/><G107/><T30/><D112/><U51/><E114/><V85/><F123/><W120/><G120/><T92/><D125/><N who="2" m="47626" /><F129/><W130/><G130/><T61/><D131/><U93/><E128/><V33/><F111/><W9/><G117/><T8/><D34/><U27/><E27/><N who="2" m="18591" /><F85/><W74/><G74/><T46/><D46/><U104/><E104/><V80/><F80/><N who="3" m="49255" /><G69/><T29/><REACH who="0" step="1"/><D61/><REACH who="0" ten="219,283,233,255" step="2"/><U72/><E39/><V53/><F62/><W109/><G63/><T59/><D59/><U1/><E44/><V106/><F67/><W66/><G66/><T79/><D79/><U119/><E77/><V76/><F76/><W35/><G35/><T108/><D108/><U113/><E113/><V47/><F106/><W25/><G109/><T12/><D12/><U121/><E121/><V82/><F82/><W73/><G58/><T48/><AGARI ba="0,1" hai="8,10,11,29,30,31,45,48,52,84,90,92,98,99" machi="48" ten="40,8000,1" yaku="1,1,0,1,8,1,54,1,53,0" doraHai="36" doraHaiUra="132" who="0" fromWho="0" sc="219,90,283,-20,233,-20,255,-40" owari="309,40.9,263,6.3,213,-28.7,215,-18.5" /></mjloggm>