<mjloggm ver="2.3"><GO type="225" lobby="0"/><UN n0="%6D%75%75%6D%75%72%61" n1="%E7%89%B9%E6%9D%B1%E3%81%AF%E4%B8%96%E7%95%8C%E3%82%92%E6%95%91%E3%81%86" n2="%E3%81%8B%E3%82%8F%E3%81%A1%E3%82%83%E3%82%93%35%38" n3="%E5%86%B7%E5%87%8D%E3%82%AE%E3%83%A7%E3%83%BC%E3%82%B6" dan="17,16,16,16" rate="2176.28,2127.88,2183.44,2130.72" sx="F,M,M,M"/><TAIKYOKU oya="0"/><INIT seed="0,0,0,2,1,89" ten="250,250,250,250" oya="0" hai0="3,37,42,53,28,73,23,134,38,114,110,55,57" hai1="77,44,90,125,22,118,84,56,121,79,112,60,21" hai2="11,128,75,133,8,6,17,123,85,59,52,86,95" hai3="33,61,39,25,120,119,115,51,12,13,83,24,107"/><T16/><D114/><U94/><E118/><V63/><F123/><W99/><G39/><T27/><D134/><U104/><E121/><V122/><F75/><W62/><G120/><T58/><D110/><U69/><E112/><V91/><F122/><W50/><G115/><T2/><D73/><U129/><E69/><V36/><F36/><W64/><G119/><T131/><D131/><U35/><E35/><V116/><F116/><W70/><G83/><T81/><D81/><U88/><E125/><V49/><F133/><W48/><G61/><T18/><D28/><U7/><E104/><V45/><F128/><W0/><G0/><T67/><D67/><U111/><E111/><V68/><F68/><W132/><G132/><T41/><REACH who="0" step="1"/><D23/><REACH who="0" ten="240,250,250,250" step="2"/><U106/><E129/><V126/><F126/><W43/><G43/><T30/><D30/><U32/><E32/><V46/><F17/><W15/><G33/><T105/><D105/><U124/><E124/><V117/><F117/><W93/><REACH who="3" step="1"/><G107/><REACH who="3" ten="240,250,250,240" step="2"/><T101/><D101/><AGARI ba="0,2" hai="12,13,15,24,25,48,50,51,62,64,70,93,99,101" machi="101" ten="40,5200,0" yaku="1,1,2,1,52,1,53,0" doraHai="89" doraHaiUra="4" who="3" fromWho="0" sc="240,-52,250,0,250,0,240,72" /><INIT seed="1,0,0,5,1,72" ten="188,250,250,312" oya="1" hai0="81,99,93,112,5,6,27,50,100,67,78,79,66" hai1="110,43,22,124,32,94,77,48,97,85,131,57,102" hai2="106,45,65,58,23,9,109,114,52,18,73,1,91" hai3="132,122,64,12,129,113,0,34,42,105,125,62,84"/><U134/><E32/><V61/><F106/><W33/><G122/><T15/><D112/><U53/><E131/><V88/><F73/><W71/><G113/><T2/><D2/><U44/><E134/><V74/><F74/><W4/><G129/><T92/><D81/><U10/><E124/><V101/><F114/><W38/><G132/><T17/><D27/><U7/><E110/><V68/><F101/><W108/><G108/><T29/><D29/><U14/><E22/><V41/><F109/><W127/><G105/><T47/><D92/><U60/><E85/><V24/><F9/><N who="3" m="2183" /><G12/><T133/><D133/><U26/><E26/><V25/><F1/><W11/><G11/><N who="0" m="6399" /><D6/><U28/><E28/><V107/><F107/><W90/><G90/><T119/><D119/><U130/><E130/><V51/><REACH who="2" step="1"/><F25/><REACH who="2" ten="188,250,240,312" step="2"/><W89/><G127/><T121/><D121/><U96/><E96/><V111/><F111/><W19/><G125/><T56/><D5/><U31/><E31/><V123/><F123/><W126/><G126/><T69/><D69/><U95/><E95/><V87/><F87/><W54/><G84/><T128/><D128/><U3/><E3/><V8/><F8/><W20/><G71/><T120/><D120/><U135/><E135/><V16/><F16/><W104/><G19/><T36/><D36/><AGARI ba="0,1" hai="18,23,24,36,41,45,51,52,58,61,65,68,88,91" machi="36" ten="30,12000,2" yaku="1,1,7,1,24,2,54,2,53,0" doraHai="72" doraHaiUra="103" who="2" fromWho="0" sc="188,-120,250,0,240,130,312,0" /><INIT seed="2,0,0,3,0,123" ten="68,250,370,312" oya="2" hai0="110,114,63,83,107,41,65,132,17,16,64,129,44" hai1="101,92,10,115,126,33,31,57,113,22,104,43,34" hai2="120,75,77,25,121,100,29,133,81,12,53,32,2" hai3="15,78,66,97,79,36,84,71,6,68,48,7,95"/><V28/><F2/><W3/><G36/><T118/><D118/><U91/><E43/><V62/><F133/><W74/><G74/><T122/><D114/><U24/><E101/><V14/><F100/><W49/><G3/><T70/><D122/><U93/><E104/><V1/><F1/><W117/><G117/><T109/><D132/><U82/><E82/><V102/><F102/><W21/><G21/><T38/><D129/><U50/><E92/><V0/><F0/><W52/><G66/><T42/><D107/><U105/><E105/><V46/><F46/><W60/><G60/><T23/><D42/><U87/><E126/><V89/><F62/><W103/><G49/><T125/><D125/><U54/><REACH who="1" step="1"/><E10/><REACH who="1" ten="68,240,370,312" step="2"/><V73/><F121/><W98/><G95/><T39/><D39/><U128/><E128/><V61/><F81/><W90/><G103/><T19/><D65/><U119/><E119/><V106/><F106/><W80/><G80/><T116/><D116/><U37/><E37/><V8/><F120/><W112/><G112/><AGARI ba="0,1" hai="22,24,31,33,34,50,54,57,87,91,93,112,113,115" machi="112" ten="40,8000,1" yaku="1,1,53,3" doraHai="123" doraHaiUra="108" who="1" fromWho="3" sc="68,0,240,90,370,0,312,-80" /><INIT seed="3,0,0,1,0,78" ten="68,330,370,232" oya="3" hai0="105,55,89,116,80,15,1,37,76,60,131,77,13" hai1="122,117,64,83,12,38,33,115,17,59,106,109,9" hai2="7,32,8,128,86,20,58,35,87,53,54,79,4" hai3="102,31,125,27,22,93,114,48,19,44,21,129,70"/><W67/><G114/><T51/><D131/><U62/><E122/><V113/><F113/><W23/><G129/><T29/><D105/><U84/><E115/><V130/><F20/><W82/><G125/><T110/><D110/><U10/><E109/><V63/><F79/><W134/><G134/><T39/><D1/><U119/><E38/><V101/><F101/><W56/><G70/><T42/><D39/><U72/><E72/><V66/><F66/><W90/><G102/><T74/><D37/><U2/><E33/><V57/><F8/><W47/><G82/><T3/><D3/><U5/><REACH who="1" step="1"/><E106/><REACH who="1" ten="68,320,370,232" step="2"/><V104/><F104/><W14/><G22/><T92/><D116/><U98/><E98/><V96/><F63/><N who="3" m="38375" /><G48/><T0/><D0/><U123/><E123/><V94/><F94/><W46/><G46/><T26/><D42/><U91/><AGARI ba="0,1" hai="2,5,9,10,12,17,59,62,64,83,84,91,117,119" machi="91" ten="30,4000,0" yaku="1,1,0,1,52,1,53,0" doraHai="78" doraHaiUra="121" who="1" fromWho="1" sc="68,-10,320,50,370,-10,232,-20" owari="58,-44.2,370,47.0,360,16.0,212,-18.8" /></mjloggm>