<mjloggm ver="2.3"><GO type="225" lobby="0"/><UN n0="%72%65%6E%6B%75%6E" n1="%E3%81%B5%E3%81%98%E3%81%8B%E3%81%A4" n2="%77%72%77%72%77%72%77%72" n3="%E3%81%8B%E3%82%8F%E3%81%A1%E3%82%83%E3%82%93%35%38" dan="17,16,17,16" rate="2197.26,2185.37,2194.63,2169.32" sx="M,M,M,M"/><TAIKYOKU oya="0"/><INIT seed="0,0,0,3,0,2" ten="250,250,250,250" oya="0" hai0="49,124,50,75,46,13,39,28,108,105,122,40,115" hai1="51,63,78,11,68,20,98,74,58,70,29,92,41" hai2="88,36,23,96,73,103,15,8,12,120,7,99,24" hai3="132,31,9,131,0,59,83,82,53,37,54,16,6"/><T100/><D115/><U117/><E117/><V109/><F120/><W26/><G37/><T17/><D122/><U133/><E133/><V121/><F121/><W69/><G69/><T62/><D75/><U79/><E11/><N who="2" m="4223" /><F36/><W89/><G132/><T35/><D124/><U127/><E127/><V91/><F73/><W116/><G116/><T87/><D108/><U112/><E112/><V129/><F129/><W106/><G106/><T25/><D87/><U66/><E70/><V123/><F109/><W30/><G131/><T4/><D62/><U42/><E74/><V128/><F128/><W84/><G83/><T38/><D38/><U104/><E104/><V14/><F14/><N who="3" m="5431" /><G54/><T64/><D64/><U93/><E93/><N who="2" m="58767" /><F99/><W60/><G0/><T125/><D4/><U85/><E85/><V95/><F95/><W113/><G113/><T47/><D125/><U44/><E68/><V71/><F71/><W21/><AGARI ba="0,0" hai="16,21,26,30,31,53,59,60,82,84,89" m="5431" machi="21" ten="30,4000,0" yaku="8,1,52,1,54,1" doraHai="2" who="3" fromWho="3" sc="250,-20,250,-10,250,-10,250,40" /><INIT seed="1,0,0,4,5,58" ten="230,240,240,290" oya="1" hai0="124,108,84,48,10,95,61,81,131,106,43,92,39" hai1="26,89,91,73,34,123,33,16,12,15,65,112,100" hai2="0,99,105,41,24,126,116,28,37,78,66,83,44" hai3="55,115,13,122,35,111,3,127,79,96,88,109,19"/><U9/><E123/><V60/><F116/><W4/><G122/><T64/><D106/><U128/><E112/><V69/><F126/><W68/><G115/><T121/><D124/><U63/><E73/><N who="2" m="43471" /><F0/><W36/><G127/><T85/><D108/><U45/><E128/><V22/><F22/><W110/><G35/><T74/><D39/><U30/><E100/><N who="2" m="62623" /><F24/><W97/><G36/><T7/><D74/><U47/><E33/><V75/><F28/><W50/><G79/><T14/><D131/><U113/><E113/><V87/><F87/><W38/><G38/><T51/><D121/><U118/><E118/><V32/><F75/><W8/><G68/><T77/><D85/><U49/><E12/><V1/><F1/><W56/><REACH who="3" step="1"/><G88/><REACH who="3" ten="230,240,240,280" step="2"/><T76/><D76/><U114/><E114/><V90/><F90/><W133/><G133/><T62/><D64/><U94/><E91/><V107/><F32/><W130/><G130/><T46/><D48/><U70/><REACH who="1" step="1"/><E49/><REACH who="1" ten="230,230,240,280" step="2"/><V119/><F119/><W125/><G125/><T80/><REACH who="0" step="1"/><D81/><REACH who="0" ten="220,230,240,280" step="2"/><U27/><E27/><V120/><F120/><W59/><G59/><T31/><D31/><U101/><E101/><V129/><F129/><W104/><G104/><AGARI ba="0,3" hai="37,41,44,60,66,69,104,107" m="62623,43471" machi="104" ten="30,3900,0" yaku="33,2,52,1" doraHai="58" who="2" fromWho="3" sc="220,0,230,0,240,69,280,-39" /><INIT seed="2,0,0,1,1,108" ten="220,230,309,241" oya="2" hai0="79,63,82,10,92,59,70,95,86,89,118,34,78" hai1="26,31,13,106,24,134,85,113,66,40,25,71,23" hai2="38,32,84,112,20,81,75,18,128,87,47,67,77" hai3="57,130,97,17,109,12,69,6,50,110,61,72,91"/><V4/><F112/><W93/><G72/><T119/><D34/><U22/><E106/><V19/><F32/><W9/><G130/><T126/><D70/><U5/><E40/><V98/><F128/><W62/><G69/><T37/><D37/><U90/><E134/><V124/><F124/><W101/><G50/><T73/><D126/><U80/><E113/><V35/><F35/><W76/><G76/><N who="0" m="44303" /><D10/><N who="1" m="4303" /><E71/><V100/><F67/><W53/><G61/><T21/><D21/><N who="1" m="7691" /><E66/><V28/><F4/><W111/><REACH who="3" step="1"/><G6/><REACH who="3" ten="220,230,309,231" step="2"/><T65/><D78/><U117/><E117/><N who="0" m="44553" /><D79/><U29/><AGARI ba="0,1" hai="24,25,26,29,31,80,85,90" m="7691,4303" machi="29" ten="30,1100,0" yaku="8,1" doraHai="108" who="1" fromWho="1" sc="220,-3,230,21,309,-5,231,-3" /><INIT seed="3,0,0,2,1,42" ten="217,251,304,228" oya="3" hai0="92,0,40,109,73,70,135,87,29,52,93,23,53" hai1="60,86,106,91,46,39,117,62,118,44,67,26,99" hai2="18,59,116,130,107,16,19,111,30,72,115,129,63" hai3="25,32,66,49,51,21,34,113,108,56,27,41,80"/><W14/><G113/><T95/><D73/><U127/><E127/><V126/><F115/><W74/><G34/><T122/><D122/><U75/><E75/><V76/><F116/><N who="1" m="44649" /><E39/><V22/><F126/><W97/><G32/><T134/><D70/><N who="1" m="42343" /><E62/><V112/><F107/><W35/><G35/><T10/><D109/><U1/><E26/><N who="2" m="16727" /><F112/><W121/><G25/><N who="0" m="16575" /><D40/><U114/><E1/><V57/><F111/><W13/><G108/><T94/><N who="0" m="23552" /><DORA hai="11" /><T64/><D64/><U5/><E5/><V65/><F76/><N who="3" m="44055" /><G121/><T55/><D87/><U96/><E114/><V79/><F79/><W83/><G41/><T89/><D89/><U31/><E31/><V54/><F54/><N who="0" m="13826" /><T69/><DORA hai="15" /><D69/><U45/><E106/><V24/><F72/><W7/><G66/><T50/><D50/><U6/><E6/><V105/><F105/><W47/><G51/><T43/><D43/><U8/><E8/><V36/><F36/><W124/><G124/><T68/><D68/><U119/><E119/><V61/><F24/><W4/><G4/><T82/><D82/><AGARI ba="0,0" hai="44,45,46,82,86,91,96,99" m="42343,44649" machi="82" ten="30,7700,0" yaku="12,1,52,3" doraHai="42,11,15" who="1" fromWho="0" sc="217,-77,251,77,304,0,228,0" owari="140,-36.0,328,42.8,304,10.4,228,-17.2" /></mjloggm>