<mjloggm ver="2.3"><GO type="225" lobby="0"/><UN n0="%6D%75%75%6D%75%72%61" n1="%E3%81%86%E3%83%BC%E3%81%B1%E3%83%BC" n2="%E3%81%AF%E3%82%88%E3%81%8A%E3%81%98%E3%81%95%E3%82%93" n3="%E5%8F%AF%E5%85%90%E9%82%A3%E7%94%B1%E5%A4%9A" dan="16,16,17,17" rate="2086.72,2127.01,2164.88,2193.80" sx="F,F,M,F"/><TAIKYOKU oya="0"/><INIT seed="0,0,0,2,2,4" ten="250,250,250,250" oya="0" hai0="132,2,52,34,117,127,20,22,6,71,10,39,72" hai1="128,87,91,12,57,65,123,106,48,16,31,94,92" hai2="41,7,49,37,63,61,5,81,55,70,14,95,8" hai3="129,35,67,86,62,30,60,69,36,120,51,11,112"/><T84/><D117/><U111/><E123/><V28/><F37/><W24/><G36/><T73/><D71/><U59/><E106/><V18/><F28/><W122/><G112/><T74/><D39/><U103/><E111/><V13/><F41/><W98/><G129/><T88/><D34/><U130/><E31/><V107/><F107/><W105/><G60/><T75/><N who="0" m="18432" /><DORA hai="104" /><T0/><D0/><U64/><E128/><V76/><F5/><W3/><G86/><T53/><D132/><U115/><E115/><V54/><F54/><W43/><G51/><T40/><D40/><U27/><E27/><V133/><F70/><W134/><G43/><T45/><D127/><U33/><E33/><V125/><F133/><W79/><G79/><T46/><D53/><N who="1" m="31911" /><E59/><V116/><F125/><W1/><G134/><T21/><REACH who="0" step="1"/><D52/><REACH who="0" ten="240,250,250,250" step="2"/><U38/><E38/><V26/><F116/><W29/><G3/><T17/><D17/><U85/><E130/><V118/><F118/><W15/><G29/><T78/><D78/><U25/><E16/><V93/><F61/><W42/><G42/><T121/><D121/><U97/><E65/><V100/><F63/><W119/><G119/><T50/><D50/><U9/><E64/><V66/><F66/><W101/><G1/><T135/><D135/><U83/><E25/><V126/><F26/><W90/><G122/><T23/><N who="0" m="5120" /><DORA hai="113" /><T47/><D47/><U58/><E58/><N who="2" m="33135" /><F126/><W56/><G120/><T89/><D89/><N who="1" m="53295" /><E12/><V109/><F14/><W131/><G131/><T124/><D124/><U82/><E91/><V96/><F13/><RYUUKYOKU ba="0,1" sc="240,30,250,-10,250,-10,250,-10" hai0="2,6,10,45,46,84,88" /><INIT seed="0,1,1,5,1,52" ten="270,240,240,240" oya="0" hai0="111,91,40,113,14,133,105,68,48,5,79,92,20" hai1="74,78,98,124,62,103,38,45,104,100,8,73,72" hai2="121,15,75,11,77,109,19,4,102,23,66,87,96" hai3="126,22,116,0,41,7,50,123,18,90,9,81,125"/><T70/><D113/><U86/><E124/><N who="3" m="47722" /><G116/><T13/><D105/><U33/><E86/><V26/><F109/><W55/><G41/><T60/><D133/><U36/><E100/><V43/><F121/><W35/><G35/><T134/><D134/><U131/><E131/><V31/><F75/><W64/><G64/><T17/><D79/><U24/><E78/><V16/><F43/><W108/><G108/><T107/><D107/><U106/><E106/><V30/><F66/><W25/><G123/><T47/><D111/><U89/><E89/><V82/><REACH who="2" step="1"/><F31/><REACH who="2" ten="270,240,230,240" step="2"/><W115/><G115/><T10/><REACH who="0" step="1"/><D60/><REACH who="0" ten="260,240,230,240" step="2"/><U21/><E62/><V32/><F32/><W119/><G119/><T53/><D53/><U112/><E33/><V56/><F56/><N who="3" m="32887" /><G90/><T46/><D46/><U67/><E112/><V129/><F129/><W132/><G132/><T93/><D93/><AGARI ba="1,3" hai="4,11,15,16,19,23,26,30,77,82,87,93,96,102" machi="93" ten="30,8000,1" yaku="1,1,7,1,8,1,54,1,53,1" doraHai="52" doraHaiUra="27" who="2" fromWho="0" sc="260,-83,240,0,230,113,240,0" /><INIT seed="1,0,0,3,5,68" ten="177,240,343,240" oya="1" hai0="73,37,1,126,58,96,103,81,90,72,57,4,38" hai1="7,59,95,62,131,52,86,118,60,130,115,54,88" hai2="15,100,6,22,47,80,42,134,9,25,91,56,132" hai3="119,98,19,34,20,111,21,120,3,83,13,85,36"/><U110/><E118/><V87/><F100/><W123/><G119/><T16/><D126/><U122/><E122/><V31/><REACH who="2" step="1"/><F56/><REACH who="2" ten="177,240,333,240" step="2"/><W127/><G123/><T40/><D58/><N who="1" m="34887" /><E115/><V51/><AGARI ba="0,1" hai="6,9,15,22,25,31,42,47,51,80,87,91,132,134" machi="51" ten="30,4000,0" yaku="1,1,0,1,53,1" doraHai="68" doraHaiUra="26" who="2" fromWho="2" sc="177,-10,240,-20,333,50,240,-10" /><INIT seed="2,0,0,3,5,109" ten="167,220,383,230" oya="2" hai0="20,102,126,85,66,3,70,125,98,56,99,65,117" hai1="43,120,112,53,89,32,111,96,4,39,110,71,122" hai2="133,84,100,118,69,86,49,36,101,83,23,17,82" hai3="15,79,78,87,105,27,73,131,97,114,72,11,57"/><V37/><F118/><W106/><G27/><T40/><D70/><U60/><E32/><V67/><F133/><W80/><G57/><T18/><D3/><U116/><E116/><V52/><F69/><W104/><G15/><N who="0" m="9311" /><D117/><U94/><E4/><V30/><F30/><W21/><G21/><T74/><D74/><N who="3" m="28777" /><G11/><T46/><D85/><U29/><E112/><V121/><F67/><N who="0" m="25610" /><D56/><N who="1" m="34831" /><E29/><V13/><F37/><W19/><G19/><T58/><D58/><U8/><E8/><V2/><F36/><W75/><G131/><T48/><D102/><U123/><E71/><V42/><F42/><W115/><G97/><T6/><D6/><U24/><E24/><V35/><F2/><W1/><G1/><T129/><D129/><U22/><E22/><V62/><F121/><W41/><G41/><T77/><D77/><U130/><E130/><V134/><F62/><W25/><G25/><T124/><AGARI ba="0,0" hai="40,46,48,98,99,124,125,126" m="25610,9311" machi="124" ten="40,1500,0" yaku="18,1" doraHai="109" who="0" fromWho="0" sc="167,15,220,-4,383,-7,230,-4" /><INIT seed="3,0,0,0,0,102" ten="182,216,376,226" oya="3" hai0="130,76,41,134,57,71,32,75,39,100,36,73,20" hai1="2,98,119,59,79,53,46,107,43,101,45,81,111" hai2="68,14,12,83,23,97,85,84,21,31,77,34,106" hai3="105,30,65,40,19,11,61,6,108,115,123,35,29"/><W120/><G115/><T10/><D71/><U50/><E111/><V17/><F68/><N who="3" m="42031" /><G19/><T121/><D32/><U86/><E119/><V113/><F113/><W95/><G95/><T60/><D130/><U70/><E70/><V72/><F34/><W99/><G30/><T94/><D134/><U28/><E2/><V42/><F42/><W93/><G93/><T80/><D121/><U1/><E1/><V131/><F131/><W22/><G22/><T51/><D75/><U96/><E96/><V122/><F122/><W124/><G124/><T47/><D10/><U27/><E43/><V5/><F5/><W0/><G40/><T55/><REACH who="0" step="1"/><D20/><AGARI ba="0,0" hai="20,27,28,45,46,50,53,59,79,81,86,98,101,107" machi="20" ten="30,2000,0" yaku="7,1,52,1" doraHai="102" who="1" fromWho="0" sc="182,-20,216,20,376,0,226,0" owari="162,-33.8,236,3.6,376,47.6,226,-17.4" /></mjloggm>