<mjloggm ver="2.3"><GO type="225" lobby="0"/><UN n0="%E6%A1%9C%E8%8A%B1%E9%96%83%E3%80%85" n1="%72%61%6B%33" n2="%E9%89%A2%E5%B7%BB%E3%82%AC%E3%83%96" n3="%E6%A9%98%E3%83%AF%E3%83%AB%E3%83%84" dan="17,18,16,16" rate="2149.86,2231.29,2047.72,2032.22" sx="M,M,M,M"/><TAIKYOKU oya="0"/><INIT seed="0,0,0,3,1,53" ten="250,250,250,250" oya="0" hai0="96,123,98,108,41,11,93,134,68,90,113,117,125" hai1="3,48,38,2,101,10,47,26,51,77,110,30,39" hai2="66,40,37,31,115,74,107,15,99,6,62,9,84" hai3="32,43,72,126,56,70,100,135,17,85,7,104,64"/><T112/><D68/><U118/><E110/><V76/><F115/><N who="0" m="44106" /><D11/><U13/><E118/><V16/><F74/><W116/><G116/><T45/><D45/><U105/><E77/><V131/><F131/><W1/><G32/><T89/><D41/><U133/><E133/><V106/><F31/><W12/><G70/><T36/><D36/><U60/><E38/><V27/><F99/><N who="0" m="37930" /><D117/><U34/><E39/><V58/><F40/><W75/><G43/><T18/><D18/><U128/><E128/><V102/><F102/><W81/><G135/><T73/><D134/><U88/><E51/><V119/><F119/><W122/><G100/><T109/><D123/><U49/><E48/><V111/><F111/><N who="0" m="42570" /><D125/><U127/><E127/><V29/><F37/><W87/><G126/><T24/><D24/><U97/><E60/><V20/><F6/><W91/><G122/><T44/><D44/><U5/><REACH who="1" step="1"/><E88/><REACH who="1" ten="250,240,250,250" step="2"/><N who="0" m="33897" /><D73/><U121/><E121/><V63/><REACH who="2" step="1"/><F62/><REACH who="2" ten="250,240,240,250" step="2"/><W52/><G75/><T130/><D130/><U46/><E46/><V124/><F124/><W57/><G72/><T78/><D78/><U83/><E83/><AGARI ba="0,2" hai="9,15,16,20,27,29,58,63,66,76,83,84,106,107" machi="83" ten="40,5200,0" yaku="1,1,52,1,54,1,53,0" doraHai="53" doraHaiUra="42" who="2" fromWho="1" sc="250,0,240,-52,240,72,250,0" /><INIT seed="1,0,0,5,4,80" ten="250,188,312,250" oya="1" hai0="63,9,101,26,58,15,98,1,93,105,103,127,14" hai1="16,121,37,100,24,11,89,64,22,33,47,3,132" hai2="78,13,21,42,128,133,23,57,8,40,81,27,83" hai3="25,87,119,84,54,129,109,65,5,112,113,114,85"/><U18/><E121/><V55/><F128/><W10/><G65/><T76/><D127/><U68/><E132/><V117/><F133/><W28/><G129/><T53/><D76/><U50/><E37/><V31/><F117/><W90/><G119/><T0/><D26/><U102/><E33/><V115/><F21/><W52/><G90/><T30/><D30/><U43/><E89/><V88/><F115/><W96/><G96/><T110/><D110/><U48/><E48/><V131/><F131/><W74/><G74/><T126/><D126/><U17/><E3/><V135/><F83/><W56/><G56/><T122/><D122/><U46/><E46/><V75/><F88/><W104/><G104/><T12/><D9/><U123/><E123/><V60/><REACH who="2" step="1"/><F135/><REACH who="2" ten="250,188,302,250" step="2"/><W91/><G91/><T29/><D29/><U73/><E73/><V66/><F66/><W51/><G109/><T71/><D101/><U59/><E68/><V2/><F2/><W45/><G28/><T62/><D0/><U61/><REACH who="1" step="1"/><E11/><REACH who="1" ten="250,178,302,250" step="2"/><V120/><F120/><W82/><G82/><T69/><D1/><U39/><E39/><V134/><F134/><W6/><G10/><T130/><D130/><U107/><E107/><V118/><F118/><W35/><G35/><T95/><D71/><U97/><E97/><V44/><F44/><W116/><G116/><T108/><D108/><U86/><E86/><V124/><F124/><W79/><G79/><T19/><D105/><U72/><E72/><V7/><AGARI ba="0,2" hai="7,8,13,23,27,31,40,42,55,57,60,75,78,81" machi="7" ten="20,2700,0" yaku="1,1,0,1,7,1,53,0" doraHai="80" doraHaiUra="125" who="2" fromWho="2" sc="250,-7,178,-13,302,47,250,-7" /><INIT seed="2,0,0,3,1,86" ten="243,165,349,243" oya="2" hai0="135,132,20,72,95,120,75,42,68,32,17,2,129" hai1="16,46,53,89,105,61,116,48,31,51,112,26,13" hai2="44,15,1,80,40,101,45,117,36,12,0,60,73" hai3="128,96,79,54,102,110,29,41,84,78,4,94,87"/><V67/><F117/><W114/><G29/><T133/><D120/><U130/><E130/><V127/><F127/><W55/><G41/><T52/><D129/><U91/><E112/><V81/><F101/><W111/><G128/><T125/><D125/><U8/><E116/><V88/><F45/><W119/><G119/><T104/><D104/><U43/><E61/><V35/><F35/><W38/><G38/><T85/><D32/><U10/><E105/><V106/><F106/><W92/><G4/><T58/><D68/><U124/><E124/><V93/><F0/><W47/><G47/><T134/><D42/><U19/><E8/><V100/><F1/><W123/><G123/><T118/><D2/><U109/><E19/><V24/><F24/><W27/><G27/><N who="0" m="14735" /><D118/><U23/><E109/><V74/><F100/><W126/><G126/><T18/><N who="0" m="33792" /><DORA hai="66" /><T9/><D18/><U63/><REACH who="1" step="1"/><E63/><REACH who="1" ten="243,155,349,243" step="2"/><V21/><F60/><W69/><G114/><T6/><D9/><U65/><E65/><V70/><F67/><W50/><G69/><T83/><D6/><U76/><E76/><V28/><F70/><W56/><G111/><T30/><D30/><U99/><E99/><V90/><F28/><W108/><G108/><T3/><D3/><U14/><E14/><V115/><F15/><W122/><G122/><T121/><D121/><U7/><E7/><V11/><F12/><W57/><G110/><T37/><D75/><U77/><E77/><V103/><F73/><W82/><G96/><T22/><D72/><U33/><E33/><V71/><F74/><W64/><G64/><RYUUKYOKU ba="0,1" sc="243,-10,155,30,349,-10,243,-10" hai1="10,13,16,23,26,31,43,46,48,51,53,89,91" /><INIT seed="3,1,1,1,5,64" ten="233,185,339,233" oya="3" hai0="111,19,55,60,119,58,97,70,87,0,5,29,20" hai1="7,30,12,93,66,22,83,17,96,25,6,88,80" hai2="16,9,115,49,109,86,129,132,63,38,118,36,37" hai3="39,1,43,75,48,54,72,107,114,27,2,120,34"/><W106/><G120/><T135/><D119/><U14/><E66/><V124/><F115/><W81/><G54/><T125/><D111/><U117/><E117/><V31/><F118/><W53/><G53/><T33/><D135/><U71/><E71/><V123/><F109/><W59/><G59/><T11/><D125/><U84/><E83/><V121/><F124/><W103/><G48/><T56/><D70/><U131/><E131/><V116/><F116/><W92/><G92/><T46/><D87/><U10/><REACH who="1" step="1"/><E14/><REACH who="1" ten="233,175,339,233" step="2"/><V4/><F132/><W104/><G114/><T28/><D0/><N who="3" m="105" /><G81/><T102/><D60/><U23/><E23/><V100/><F129/><W69/><G69/><T101/><D20/><U133/><E133/><V127/><F127/><W85/><G85/><T67/><D67/><U90/><AGARI ba="1,2" hai="6,7,10,12,17,22,25,30,80,84,88,90,93,96" machi="90" ten="20,8000,1" yaku="1,1,0,1,7,1,8,1,54,1,53,0" doraHai="64" doraHaiUra="61" who="1" fromWho="1" sc="233,-21,175,103,339,-21,233,-41" owari="212,-18.8,278,7.8,318,41.8,192,-30.8" /></mjloggm>