<mjloggm ver="2.3"><GO type="225" lobby="0"/><UN n0="%E3%82%BC%E3%83%AB%E3%83%80%E3%81%AE%E4%BC%9D%E8%AA%AC" n1="%6A%79%75%6E%6F%68" n2="%E3%81%9F%E3%81%A3%E3%81%A1%E3%82%87" n3="%E3%83%A9%E3%83%BC%E3%83%A1%E3%83%B3%E4%BA%94%E9%83%8E" dan="16,16,16,16" rate="2146.71,2134.83,2078.79,2072.79" sx="M,M,M,M"/><TAIKYOKU oya="0"/><INIT seed="0,0,0,1,0,5" ten="250,250,250,250" oya="0" hai0="86,73,9,84,70,4,109,55,28,15,75,20,78" hai1="22,100,99,113,116,40,130,60,21,27,58,56,36" hai2="103,34,12,76,11,98,13,107,77,18,67,25,108" hai3="31,62,123,2,89,64,101,72,39,47,65,92,122"/><T85/><D70/><U127/><E116/><V42/><F108/><W82/><G2/><T95/><D109/><U102/><E127/><V24/><F42/><N who="3" m="23007" /><G31/><T110/><D110/><U88/><E130/><V45/><F45/><W97/><G62/><T16/><D78/><U111/><E113/><V83/><F67/><W63/><G63/><T79/><D79/><U133/><E133/><V81/><F34/><W96/><G72/><T10/><D95/><N who="1" m="56807" /><E36/><V46/><F46/><W134/><G134/><T94/><D94/><U51/><E111/><V126/><F126/><W54/><G54/><T52/><D75/><U115/><E21/><V37/><F37/><W33/><G33/><T91/><D91/><U29/><E115/><V44/><F44/><W74/><G74/><T93/><D93/><U32/><E32/><V105/><F105/><N who="3" m="63655" /><G82/><T69/><D69/><U43/><E58/><V8/><F81/><W121/><AGARI ba="0,0" hai="64,65,89,92,97,121,122,123" m="63655,23007" machi="121" ten="30,1100,0" yaku="13,1" doraHai="5" who="3" fromWho="3" sc="250,-5,250,-3,250,-3,250,11" /><INIT seed="1,0,0,0,1,73" ten="245,247,247,261" oya="1" hai0="104,8,95,27,111,121,83,88,84,67,118,116,69" hai1="34,48,32,60,112,59,71,50,1,122,22,30,127" hai2="120,126,46,79,54,9,75,128,12,14,133,20,62" hai3="41,92,47,23,55,105,40,113,21,53,29,80,10"/><U98/><E112/><V64/><F120/><W57/><G105/><T3/><D121/><U25/><E122/><V63/><F126/><W74/><G113/><T102/><D111/><U99/><E1/><V11/><F128/><W24/><G10/><T91/><D69/><U78/><E127/><V36/><F133/><W13/><G74/><T28/><D67/><U115/><E115/><V43/><F54/><W52/><G80/><T132/><D132/><U130/><E130/><V56/><F63/><N who="3" m="36271" /><G92/><T31/><D102/><U33/><E71/><V37/><F37/><W2/><G2/><T42/><D42/><N who="3" m="16489" /><G47/><T108/><D104/><U107/><E107/><V86/><F75/><W49/><G49/><T61/><D61/><U6/><E6/><V38/><F38/><W65/><G65/><T114/><D108/><U97/><REACH who="1" step="1"/><E78/><REACH who="1" ten="245,237,247,261" step="2"/><V39/><F39/><W124/><G124/><T129/><D129/><U35/><N who="1" m="8192" /><DORA hai="96" /><U85/><E85/><V76/><F86/><W4/><G4/><T109/><D114/><U5/><E5/><V16/><F20/><W103/><G23/><T18/><D109/><U110/><E110/><V134/><F134/><W135/><G135/><T26/><D84/><U87/><E87/><V93/><REACH who="2" step="1"/><F93/><REACH who="2" ten="245,237,237,261" step="2"/><W90/><G21/><T131/><D95/><U77/><E77/><V17/><AGARI ba="0,2" hai="9,11,12,14,16,17,36,43,46,56,62,64,76,79" machi="17" ten="20,16000,3" yaku="1,1,2,1,0,1,7,1,9,1,52,2,54,1,53,2" doraHai="73,96" doraHaiUra="125,7" who="2" fromWho="2" sc="245,-40,237,-80,237,180,261,-40" /><INIT seed="2,0,0,2,3,56" ten="205,157,417,221" oya="2" hai0="33,101,27,79,122,54,105,9,51,91,117,21,134" hai1="36,31,131,93,62,15,43,6,125,129,42,35,108" hai2="135,111,130,12,61,104,84,1,50,88,10,28,66" hai3="113,86,3,41,103,47,38,26,78,30,72,115,126"/><V14/><F104/><W39/><G126/><T80/><D122/><U94/><E125/><V46/><F135/><W90/><G3/><T132/><D33/><U121/><E121/><V44/><F130/><N who="1" m="49673" /><E31/><V37/><F37/><N who="3" m="21935" /><G103/><T71/><D71/><U77/><E35/><V110/><F28/><W32/><G78/><T58/><D117/><U17/><E77/><V116/><F116/><W34/><G72/><T73/><D9/><U16/><E108/><N who="2" m="41515" /><F1/><W4/><G4/><T0/><D0/><U68/><E6/><N who="2" m="3159" /><F50/><W123/><G123/><T8/><D134/><U120/><E120/><V23/><F23/><W76/><G76/><T81/><D8/><N who="1" m="6247" /><E17/><V133/><F14/><W45/><G34/><T19/><D132/><U70/><E70/><N who="2" m="42319" /><F133/><W75/><G32/><T82/><D19/><U106/><E106/><V83/><AGARI ba="0,0" hai="44,46,83,84,88" m="42319,3159,41515" machi="83" ten="30,11700,0" yaku="14,1,10,1,52,1,54,1" doraHai="56" who="2" fromWho="2" sc="205,-39,157,-39,417,117,221,-39" /><INIT seed="2,1,0,0,2,49" ten="166,118,534,182" oya="2" hai0="60,3,21,95,86,98,39,69,24,133,64,106,70" hai1="116,19,33,35,108,9,11,42,90,7,52,118,134" hai2="50,110,72,121,59,13,78,135,61,29,55,37,88" hai3="56,125,99,30,18,28,71,10,79,8,113,32,26"/><V94/><F121/><W5/><G71/><T23/><D39/><U45/><E108/><V112/><F112/><W6/><G113/><T44/><D3/><U75/><E75/><V51/><F37/><W0/><G79/><T20/><D133/><U65/><E134/><V22/><F135/><W85/><G85/><T66/><D44/><U126/><E65/><V114/><F114/><W31/><G99/><T101/><D86/><U119/><E126/><V115/><F115/><W77/><G77/><T48/><D48/><N who="2" m="18474" /><F110/><W16/><G56/><T89/><D89/><U107/><E19/><N who="3" m="7210" /><G125/><T129/><D129/><U84/><E107/><V46/><F72/><W81/><G81/><T74/><D74/><U36/><E11/><V54/><F46/><W93/><G93/><T62/><REACH who="0" step="1"/><D106/><REACH who="0" ten="156,118,534,182" step="2"/><U127/><E127/><V124/><F88/><W17/><G17/><AGARI ba="1,1" hai="17,20,21,23,24,60,62,64,66,69,70,95,98,101" machi="17" ten="30,8000,1" yaku="1,1,2,1,7,1,9,1,53,1" doraHai="49" doraHaiUra="97" who="0" fromWho="3" sc="156,93,118,0,534,0,182,-83" /><INIT seed="3,0,0,4,0,113" ten="249,118,534,99" oya="3" hai0="44,132,75,84,59,128,12,16,103,5,56,121,120" hai1="27,39,67,106,38,9,135,42,35,118,24,134,51" hai2="26,65,83,96,124,41,98,77,71,58,30,18,114" hai3="63,125,57,72,49,100,46,22,108,15,32,10,78"/><W94/><G32/><T43/><D75/><U89/><E106/><V68/><F71/><W92/><G125/><T13/><D103/><U133/><E118/><V86/><F68/><W87/><G72/><T115/><D115/><U34/><E67/><V28/><F41/><W85/><G108/><T116/><D116/><U55/><E89/><V53/><F65/><N who="3" m="39151" /><G22/><T90/><D132/><U20/><E9/><V131/><F114/><W95/><G78/><T2/><D128/><U99/><E99/><N who="2" m="37931" /><F131/><W76/><G76/><T4/><D2/><U36/><E42/><V127/><F127/><W81/><G81/><T69/><D69/><U66/><E66/><V37/><F37/><W97/><G97/><T14/><D121/><U47/><E27/><V91/><F77/><W19/><G100/><T7/><D120/><U109/><E109/><V82/><F83/><W62/><G62/><T119/><D119/><U25/><E25/><V122/><F122/><W8/><G10/><T1/><D1/><U110/><E110/><V31/><F124/><W79/><G79/><T23/><D84/><U3/><E3/><V48/><F28/><AGARI ba="0,0" hai="20,24,28,34,35,36,38,39,47,51,55,133,134,135" machi="28" ten="50,1600,0" yaku="20,1" doraHai="113" who="1" fromWho="2" sc="249,0,118,16,534,-16,99,0" owari="249,4.9,134,-26.6,518,61.8,99,-40.1" /></mjloggm>