<mjloggm ver="2.3"><GO type="225" lobby="0"/><UN n0="%E5%B8%86%E7%AB%8B%E5%A4%8F%E8%A1%A3" n1="%E3%81%8F%E3%82%8A%E3%83%94%E3%83%BC" n2="%E9%80%9F%E6%B0%B4%E5%87%9B%E9%A6%99" n3="%E3%83%B4%E3%82%A3%E3%83%AF%E3%82%B3%E3%82%B0%E3%83%8B" dan="17,16,16,16" rate="2162.83,2112.72,2160.23,2165.79" sx="M,M,F,M"/><TAIKYOKU oya="0"/><INIT seed="0,0,0,3,3,72" ten="250,250,250,250" oya="0" hai0="25,3,16,124,89,61,93,94,134,51,73,106,63" hai1="98,112,100,103,135,97,46,131,86,127,18,133,36" hai2="74,28,83,41,6,0,111,56,14,85,95,101,27" hai3="65,110,102,128,29,49,52,126,5,33,104,22,84"/><T87/><D124/><U123/><E123/><V109/><F111/><W42/><G110/><T80/><D134/><N who="1" m="51211" /><E46/><V62/><F109/><W130/><G33/><T68/><D3/><U53/><E53/><V21/><F0/><W117/><G117/><T45/><D106/><U78/><E36/><V30/><F74/><W115/><G115/><T39/><D39/><U125/><E18/><V50/><F50/><W8/><G42/><N who="0" m="25015" /><D68/><U107/><E131/><V11/><F41/><W71/><G126/><T69/><D73/><U1/><E112/><V99/><F30/><W81/><G65/><T4/><D69/><U82/><E1/><V88/><F56/><W31/><G71/><T122/><D4/><U54/><E54/><V96/><F96/><W10/><G102/><T43/><D43/><U44/><E44/><V132/><F132/><W64/><G104/><AGARI ba="0,0" hai="78,82,86,97,98,100,103,104,107,125,127" m="51211" machi="104" ten="30,7700,0" yaku="20,1,34,2,52,1" doraHai="72" who="1" fromWho="3" sc="250,0,250,77,250,0,250,-77" /><INIT seed="1,0,0,3,4,124" ten="250,327,250,173" oya="1" hai0="24,21,36,104,33,44,76,11,28,111,7,8,6" hai1="119,74,98,47,83,32,118,17,70,0,102,75,116" hai2="43,77,16,91,134,31,100,58,34,25,40,61,94" hai3="88,92,126,120,37,5,108,105,26,65,133,13,27"/><U30/><E0/><V97/><F134/><W15/><G126/><T4/><D104/><N who="1" m="63575" /><E17/><V79/><F100/><W48/><G108/><T19/><D76/><N who="2" m="29258" /><F31/><W18/><G105/><T95/><D95/><U35/><E83/><V54/><F34/><N who="1" m="12841" /><E30/><V109/><F109/><W128/><G133/><T135/><D135/><U64/><E47/><V42/><F42/><W55/><G37/><T29/><D111/><U73/><E64/><V60/><F60/><W122/><G65/><T117/><D117/><U101/><E101/><V130/><F130/><W23/><G128/><T45/><D36/><U49/><E49/><V63/><F63/><W115/><G115/><T72/><D72/><U22/><E22/><AGARI ba="0,0" hai="16,22,25,40,43,54,58,61,91,94,97" m="29258" machi="22" ten="30,3900,0" yaku="25,1,8,1,54,1" doraHai="124" who="2" fromWho="1" sc="250,0,327,-39,250,39,173,0" /><INIT seed="2,0,0,1,1,126" ten="250,288,289,173" oya="2" hai0="70,59,67,35,21,129,63,108,73,53,76,42,100" hai1="81,114,131,3,69,15,20,119,14,116,101,121,13" hai2="5,94,105,75,19,120,95,8,109,39,10,51,110" hai3="123,125,74,128,57,117,22,68,71,111,92,134,82"/><V99/><F39/><W85/><G125/><T97/><D108/><N who="2" m="41578" /><F75/><W107/><G111/><T64/><D129/><U56/><E3/><V4/><F120/><W24/><G107/><T25/><D42/><U96/><E69/><V46/><F105/><W83/><G117/><T28/><D73/><U6/><E114/><V103/><F95/><W18/><G123/><T1/><D1/><U32/><E32/><V23/><F8/><W47/><G134/><T133/><D76/><U72/><E121/><V58/><F58/><W2/><G2/><T78/><D78/><U91/><E20/><V44/><F10/><W7/><G92/><T130/><D130/><U66/><E131/><V12/><F44/><W104/><G104/><T102/><D133/><U89/><E56/><V49/><F49/><W118/><G118/><T87/><D87/><U52/><E72/><V115/><F115/><W43/><G128/><T38/><D38/><U90/><E81/><V26/><F26/><W106/><G106/><T55/><D35/><U65/><E6/><V132/><F132/><W112/><G112/><T29/><D70/><U61/><E119/><V27/><F27/><W48/><G7/><T79/><D102/><U45/><E116/><V77/><F77/><N who="3" m="44343" /><G57/><N who="0" m="35247" /><D79/><U9/><E45/><V122/><F122/><W88/><G68/><T62/><D29/><U36/><E36/><V93/><F93/><AGARI ba="0,0" hai="21,25,28,55,59,62,64,67,93,97,100" m="35247" machi="93" ten="30,1000,0" yaku="8,1" doraHai="126" who="0" fromWho="2" sc="250,10,288,0,289,-10,173,0" /><INIT seed="3,0,0,4,2,14" ten="260,288,279,173" oya="3" hai0="109,70,117,5,59,63,135,87,58,86,129,119,12" hai1="99,57,120,73,20,9,106,105,26,65,16,81,114" hai2="45,91,78,8,56,7,76,77,10,115,80,51,101" hai3="130,44,25,21,11,71,50,94,1,39,41,124,123"/><W35/><G123/><T102/><D109/><U131/><E114/><V36/><F36/><W122/><G122/><T47/><D129/><U53/><E65/><V55/><F115/><W84/><G130/><T118/><D135/><U32/><E120/><V100/><F56/><W96/><G124/><T31/><D31/><U111/><E111/><V110/><F110/><W103/><G71/><T40/><D102/><N who="2" m="39530" /><F7/><W42/><G35/><T127/><D127/><U85/><E73/><V37/><F37/><W60/><G60/><T22/><D59/><U126/><E126/><V3/><F3/><W64/><G64/><T121/><D70/><U74/><E74/><V13/><F13/><W92/><G84/><AGARI ba="0,0" hai="8,10,45,51,55,76,77,78,80,84,91" m="39530" machi="84" ten="30,1000,0" yaku="8,1" doraHai="14" who="2" fromWho="3" sc="260,0,288,0,279,10,173,-10" /><INIT seed="4,0,0,5,5,93" ten="260,288,289,163" oya="0" hai0="103,67,133,11,47,58,40,116,117,124,50,98,91" hai1="81,70,43,111,8,104,44,88,115,49,79,27,131" hai2="76,2,89,52,63,72,114,64,119,13,37,17,99" hai3="95,12,54,32,82,97,56,60,132,122,125,53,112"/><T113/><D113/><U15/><E111/><V14/><F37/><W85/><G132/><T5/><D124/><U75/><E131/><V48/><F2/><W18/><G32/><T33/><D33/><U4/><E115/><V57/><F114/><W1/><G1/><T10/><D133/><U74/><E70/><V51/><F72/><W45/><G125/><T121/><D121/><U86/><E104/><V107/><F76/><W120/><G112/><T80/><D117/><U123/><E123/><V83/><F119/><W6/><G6/><T96/><D103/><U38/><E27/><V25/><F107/><W7/><G7/><T106/><D106/><U23/><E23/><N who="2" m="13551" /><F48/><W41/><G122/><T31/><D31/><U55/><E79/><V24/><F24/><W73/><G73/><T59/><D116/><U129/><E129/><V90/><F83/><W28/><G120/><T110/><D110/><U9/><E8/><N who="0" m="3113" /><D5/><U134/><E134/><V130/><F130/><W94/><G28/><T62/><D59/><AGARI ba="0,0" hai="4,9,15,38,43,44,49,55,59,74,75,81,86,88" machi="59" ten="30,2000,0" yaku="7,1,54,1" doraHai="93" who="1" fromWho="0" sc="260,-20,288,20,289,0,163,0" owari="240,-16.0,308,40.8,289,8.9,163,-33.7" /></mjloggm>