<mjloggm ver="2.3"><GO type="225" lobby="0"/><UN n0="%E3%83%A9%E3%82%A4%E3%83%B3%E3%81%AE%E8%99%8E" n1="%E9%B4%A8%4E%45%47%49" n2="%E7%89%B9%E6%9D%B1%E3%81%AF%E4%B8%96%E7%95%8C%E3%82%92%E6%95%91%E3%81%86" n3="%E8%90%BD%E6%97%A5" dan="16,16,16,17" rate="2114.76,2109.55,2136.11,2221.69" sx="M,M,M,F"/><TAIKYOKU oya="0"/><INIT seed="0,0,0,5,2,22" ten="250,250,250,250" oya="0" hai0="6,119,10,29,114,96,1,104,97,131,36,69,50" hai1="106,19,18,38,105,122,74,112,78,17,12,72,34" hai2="39,120,52,43,98,4,118,30,86,132,64,91,92" hai3="121,9,108,102,80,128,49,16,134,115,107,66,90"/><T135/><D36/><U5/><E78/><V56/><F120/><W44/><G115/><T51/><D114/><U79/><E79/><V55/><F132/><W127/><G134/><T58/><D135/><U48/><E38/><V3/><F118/><W88/><G121/><T110/><D119/><U65/><E112/><V20/><F3/><W130/><G108/><T35/><D69/><U117/><E122/><V70/><F70/><W59/><G127/><T83/><D131/><N who="3" m="50217" /><G80/><T61/><D110/><U68/><E34/><V45/><F4/><W23/><G9/><T21/><D35/><U113/><E113/><V84/><F64/><W81/><G81/><T42/><D83/><U37/><E37/><V62/><REACH who="2" step="1"/><F55/><REACH who="2" ten="250,250,240,250" step="2"/><N who="3" m="32239" /><G66/><T7/><D7/><U95/><E65/><V85/><F85/><W11/><G11/><T41/><D10/><U0/><E68/><V73/><F73/><W63/><G63/><T57/><D6/><U100/><E74/><V40/><F40/><W71/><G71/><T75/><D75/><U99/><E72/><V31/><F31/><W94/><G44/><T25/><D1/><U32/><E117/><V54/><F54/><W33/><G107/><T129/><D129/><U14/><E106/><V126/><F126/><W111/><G111/><T24/><D104/><U15/><E105/><V2/><F2/><W8/><G8/><T76/><D42/><U124/><E124/><V109/><F109/><W116/><G116/><T89/><D41/><U47/><E0/><V133/><F133/><W123/><G123/><T103/><D61/><U93/><E5/><RYUUKYOKU ba="0,1" sc="250,-10,250,-10,240,30,250,-10" hai2="20,30,39,43,45,52,56,62,84,86,91,92,98" /><INIT seed="1,1,1,1,1,107" ten="240,240,270,240" oya="1" hai0="69,76,90,36,91,130,93,16,134,118,106,116,135" hai1="124,101,9,88,34,94,5,97,67,12,75,50,28" hai2="65,47,89,55,74,43,1,64,77,52,100,105,92" hai3="85,13,41,78,87,73,109,35,95,112,0,54,68"/><U48/><E124/><V117/><F1/><W125/><G0/><T25/><D106/><U15/><E67/><V26/><F117/><W82/><G68/><T98/><D69/><U45/><E50/><V31/><F100/><W44/><G112/><T23/><D36/><U133/><E133/><N who="0" m="50697" /><D130/><U27/><E75/><V122/><F105/><W40/><G35/><T103/><D76/><U33/><E15/><V3/><F3/><W30/><G30/><T20/><D20/><U11/><E11/><V39/><F122/><W42/><G125/><T56/><D56/><U24/><E24/><V14/><F14/><W113/><G113/><T123/><D123/><U119/><E119/><AGARI ba="1,1" hai="16,23,25,90,91,93,98,103,116,118,119" m="50697" machi="119" ten="30,2000,0" yaku="20,1,54,1" doraHai="107" who="0" fromWho="1" sc="240,33,240,-23,270,0,240,0" /><INIT seed="2,0,0,1,0,11" ten="273,217,270,240" oya="2" hai0="83,47,10,97,21,106,126,89,65,107,81,49,121" hai1="119,20,43,125,37,0,29,51,114,35,13,34,99" hai2="94,67,28,17,3,15,92,95,98,5,128,122,9" hai3="26,42,124,40,60,117,30,45,22,75,8,1,14"/><V24/><F122/><W64/><G117/><T108/><D108/><U123/><E119/><V36/><F128/><W59/><G124/><T41/><D126/><U39/><E125/><V76/><F36/><W69/><G75/><T66/><D121/><U102/><E114/><V54/><F67/><N who="0" m="25610" /><D107/><U103/><E123/><V104/><F76/><W120/><G120/><T7/><D106/><U71/><E0/><V73/><F73/><W90/><G1/><T48/><D48/><U56/><E71/><V4/><F54/><W115/><G115/><T86/><D97/><U16/><E103/><V6/><F104/><W134/><G134/><T31/><D10/><U91/><E91/><V79/><F79/><W52/><G90/><T111/><D111/><U72/><E72/><V44/><F44/><W57/><G45/><T63/><D7/><U116/><E116/><V87/><F87/><W77/><G77/><T68/><D63/><U62/><E51/><V93/><F3/><W84/><G84/><T101/><D68/><U38/><E43/><V85/><F85/><W25/><G25/><N who="0" m="16815" /><D101/><U131/><E29/><V82/><F98/><W46/><G46/><T105/><D105/><U2/><E2/><V74/><F74/><W133/><G133/><T118/><D118/><U70/><E70/><V53/><F53/><W80/><G69/><T19/><D19/><U33/><E62/><V55/><F55/><W58/><G58/><T100/><D100/><U129/><E56/><V18/><N who="2" m="23552" /><DORA hai="23" /><V61/><F5/><N who="3" m="3343" /><G80/><AGARI ba="0,0" hai="41,47,49,80,81,83,86,89" m="16815,25610" machi="80" ten="30,2000,0" yaku="8,1,52,1" doraHai="11,23" who="0" fromWho="3" sc="273,20,217,0,270,0,240,-20" /><INIT seed="3,0,0,3,3,52" ten="293,217,270,220" oya="3" hai0="37,3,112,79,97,14,49,124,115,111,62,83,40" hai1="84,108,127,1,26,66,35,94,19,96,20,86,28" hai2="103,13,30,43,25,42,53,101,76,36,131,17,114" hai3="10,15,47,133,63,55,16,99,54,116,32,23,134"/><W46/><G32/><T90/><D3/><U67/><E108/><V45/><F114/><N who="0" m="43562" /><D111/><U41/><E127/><V58/><F43/><W50/><G116/><T51/><D124/><U110/><E110/><V34/><F76/><W29/><G99/><T9/><D62/><U57/><E41/><V6/><F6/><W24/><REACH who="3" step="1"/><G63/><REACH who="3" ten="293,217,270,210" step="2"/><T117/><D117/><U60/><E1/><V75/><F131/><W123/><G123/><T2/><D2/><U71/><E71/><V128/><F128/><W121/><G121/><T109/><D109/><U5/><E67/><V93/><F75/><W91/><G91/><T120/><D90/><U11/><E96/><V27/><F27/><W89/><G89/><T132/><D97/><U105/><E105/><V104/><F104/><W81/><G81/><T95/><D120/><U44/><E94/><V38/><F93/><W65/><G65/><T39/><D95/><U7/><E44/><V56/><F103/><W31/><G31/><T69/><D69/><U130/><E130/><V77/><F101/><W113/><G113/><T98/><D98/><U80/><E80/><V68/><F68/><W73/><G73/><T107/><D107/><U74/><E74/><V18/><F34/><W22/><G22/><T0/><D0/><N who="1" m="423" /><E7/><V102/><F102/><W122/><G122/><T4/><D4/><U8/><E8/><V59/><F45/><W82/><G82/><T78/><D83/><U33/><E33/><V119/><F119/><W64/><G64/><T129/><D129/><U88/><E88/><V92/><F92/><W21/><G21/><RYUUKYOKU ba="0,1" sc="293,-15,217,15,270,-15,210,15" hai1="19,20,26,28,35,57,60,66,84,86" hai3="10,15,16,23,24,29,46,47,50,54,55,133,134" /><INIT seed="3,1,1,5,3,14" ten="278,232,255,225" oya="3" hai0="63,29,110,77,130,90,104,76,131,22,3,88,89" hai1="78,0,4,59,34,1,21,122,91,35,15,92,44" hai2="121,108,111,67,107,33,46,85,60,68,65,17,79" hai3="75,41,52,6,123,100,12,95,71,112,73,82,43"/><W132/><G112/><T9/><D104/><U134/><E122/><V19/><F121/><W30/><G123/><T48/><D110/><N who="2" m="42026" /><F33/><W2/><G71/><T36/><D36/><U126/><E78/><V55/><F107/><W24/><G2/><T57/><D48/><U87/><E44/><V11/><F11/><N who="3" m="4215" /><G75/><T10/><D22/><U39/><E134/><V81/><F67/><W72/><G72/><T51/><D51/><AGARI ba="1,1" hai="17,19,46,51,55,60,65,68,79,81,85" m="42026" machi="51" ten="30,3900,0" yaku="14,1,52,2" doraHai="14" who="2" fromWho="0" sc="278,-42,232,0,255,52,225,0" owari="236,3.6,232,-16.8,307,40.7,225,-27.5" /></mjloggm>