<mjloggm ver="2.3"><GO type="225" lobby="0"/><UN n0="%E3%82%8C%E3%81%99%E3%81%93" n1="%E5%AF%82%E5%AF%9E%E3%82%AE%E3%83%8D%E3%82%B9%E3%83%93%E3%83%BC%E3%83%AB" n2="%E6%98%93%E5%88%A9%E8%96%A9%E4%BC%AF" n3="%E8%A8%88%E7%AE%97%E6%A9%9F%E8%87%AA%E7%84%B6" dan="17,16,16,17" rate="2181.51,2129.14,2164.16,2184.85" sx="F,M,F,M"/><TAIKYOKU oya="0"/><INIT seed="0,0,0,0,4,54" ten="250,250,250,250" oya="0" hai0="23,85,10,68,7,86,49,70,20,36,94,2,93" hai1="90,125,67,3,5,128,116,75,24,83,26,41,98" hai2="113,82,72,114,74,91,133,134,76,104,84,15,50" hai3="35,21,29,131,121,79,34,119,111,95,126,127,129"/><T14/><D36/><U6/><E116/><V46/><F15/><W4/><G79/><T107/><D107/><U40/><E125/><N who="3" m="47626" /><G95/><T11/><D49/><U100/><E128/><N who="3" m="49226" /><G119/><T109/><D14/><U22/><E3/><V130/><F130/><W103/><G103/><T117/><D117/><U30/><E67/><V42/><F104/><W38/><G38/><T8/><D109/><U120/><E120/><V57/><F74/><W1/><G111/><T102/><D102/><U12/><E75/><V87/><F72/><W92/><G92/><N who="0" m="35435" /><D7/><U53/><E100/><V39/><F87/><N who="0" m="33290" /><D2/><U59/><E83/><V105/><F91/><W89/><G89/><T118/><D118/><U52/><E90/><V58/><F105/><W106/><G106/><T47/><D47/><U123/><E123/><V66/><F84/><W115/><G121/><T78/><D78/><U64/><E98/><V81/><F76/><W73/><G73/><T18/><D18/><U0/><E0/><V51/><F82/><W132/><G4/><T43/><D43/><U37/><E37/><V25/><F81/><W65/><G1/><T9/><N who="0" m="2048" /><DORA hai="17" /><T28/><D28/><U16/><E41/><V122/><F42/><W32/><G29/><T33/><D33/><U13/><E40/><V69/><F39/><W97/><G35/><T45/><D45/><U61/><E5/><V19/><F19/><W77/><G34/><T124/><D124/><U56/><E6/><V101/><F101/><W44/><G32/><T48/><D48/><N who="1" m="30727" /><E30/><V55/><F122/><W62/><G77/><T108/><D108/><RYUUKYOKU ba="0,0" sc="250,30,250,-10,250,-10,250,-10" hai0="20,23,68,70" /><INIT seed="0,1,0,4,1,18" ten="280,240,240,240" oya="0" hai0="61,94,98,113,49,25,90,130,0,68,111,77,114" hai1="48,31,95,102,73,118,84,109,115,108,53,29,21" hai2="87,2,8,80,106,27,11,56,44,126,85,86,32" hai3="81,110,103,122,64,35,88,119,74,93,131,70,33"/><T47/><D0/><U89/><E118/><V117/><F106/><W16/><G119/><T78/><D130/><U57/><E73/><V82/><F117/><W105/><G131/><T66/><D111/><N who="1" m="42571" /><E115/><V79/><F126/><W104/><G110/><T65/><D65/><U112/><E112/><V75/><F82/><W129/><G129/><T41/><D78/><U134/><E134/><V125/><F2/><W91/><G122/><T83/><REACH who="0" step="1"/><D25/><REACH who="0" ten="270,240,240,240" step="2"/><N who="1" m="16559" /><E102/><V6/><F27/><W121/><G103/><T99/><D99/><U36/><E31/><V51/><F79/><W34/><G64/><T50/><D50/><U96/><E36/><V107/><F51/><W116/><G116/><T26/><D26/><U42/><E42/><V135/><F135/><W132/><G132/><T76/><D76/><U52/><E53/><V30/><F30/><W101/><G101/><T12/><D12/><U128/><E128/><V97/><F97/><AGARI ba="1,1" hai="48,52,57,84,89,95,96,97" m="16559,42571" machi="97" ten="30,3900,0" yaku="14,1,52,1,54,1" doraHai="18" who="1" fromWho="2" sc="270,0,240,52,240,-42,240,0" /><INIT seed="1,0,0,5,3,86" ten="270,292,198,240" oya="1" hai0="72,63,15,92,17,1,6,97,61,81,3,21,90" hai1="38,133,10,121,103,23,25,8,32,131,94,113,120" hai2="40,84,125,18,106,127,87,129,36,128,76,11,108" hai3="19,41,77,74,100,12,110,119,111,42,37,135,47"/><U116/><E38/><V28/><F36/><W104/><G42/><T13/><D13/><U134/><E103/><V44/><F28/><W24/><G135/><N who="1" m="51722" /><E94/><V95/><F40/><W101/><G24/><T122/><D122/><N who="1" m="47211" /><E116/><V30/><F30/><W71/><G71/><T58/><D6/><U45/><E45/><V7/><F18/><W39/><G39/><T51/><D51/><U34/><E113/><V124/><F44/><W0/><G0/><T5/><D5/><U114/><E131/><N who="2" m="50251" /><F106/><W89/><G119/><T22/><D22/><U59/><E59/><V112/><F112/><W99/><G101/><T54/><REACH who="0" step="1"/><D63/><REACH who="0" ten="260,292,198,240" step="2"/><U98/><E114/><V20/><F20/><W80/><G12/><T102/><D102/><U88/><E8/><V27/><F11/><W82/><G19/><T65/><D65/><U105/><E10/><V16/><F7/><W73/><G89/><T9/><D9/><U117/><E117/><V109/><F16/><W118/><G118/><T43/><D43/><U35/><E88/><N who="2" m="53639" /><F27/><W126/><G126/><T26/><D26/><U64/><E23/><V66/><F66/><W52/><G52/><T85/><D85/><U62/><E25/><V67/><F67/><W56/><G37/><T60/><D60/><U53/><E64/><V83/><AGARI ba="0,1" hai="76,83,87,108,109,124,125,127" m="53639,50251" machi="83" ten="40,12000,2" yaku="18,1,19,1,34,2,52,1,54,1" doraHai="86" who="2" fromWho="2" sc="260,-30,292,-60,198,130,240,-30" /><INIT seed="2,0,0,5,5,74" ten="230,232,328,210" oya="2" hai0="108,110,135,12,75,39,1,78,125,131,91,56,54" hai1="96,19,13,127,81,29,66,11,15,3,88,42,63" hai2="61,79,93,37,73,94,119,77,60,36,25,112,38" hai3="65,48,34,100,30,86,89,52,14,4,0,17,102"/><V130/><F112/><W83/><G0/><T62/><D1/><U123/><E123/><V115/><F115/><W101/><G4/><T87/><D131/><U53/><E3/><V33/><F73/><W117/><G117/><T97/><D135/><U103/><E127/><V5/><F5/><W35/><G65/><T76/><D75/><U69/><E42/><V116/><F25/><W57/><REACH who="3" step="1"/><G30/><REACH who="3" ten="230,232,328,200" step="2"/><T124/><D125/><U85/><E29/><V80/><F116/><W122/><G122/><T21/><D124/><U27/><E53/><V55/><F55/><W47/><G47/><T113/><D113/><U59/><E69/><V10/><F119/><W40/><G40/><T114/><D114/><U104/><REACH who="1" step="1"/><E11/><AGARI ba="0,1" hai="11,14,17,34,35,48,52,57,83,86,89,100,101,102" machi="11" ten="40,8000,1" yaku="1,1,54,1,53,3" doraHai="74" doraHaiUra="98" who="3" fromWho="1" sc="230,0,232,-80,328,0,200,90" /><INIT seed="3,0,0,2,4,24" ten="230,152,328,290" oya="3" hai0="68,60,33,63,36,1,95,57,26,45,49,114,4" hai1="59,106,117,71,19,37,125,46,64,93,126,77,9" hai2="31,61,34,86,52,28,54,47,101,75,15,51,23" hai3="76,115,94,116,84,127,40,38,110,8,97,29,73"/><W0/><G115/><T41/><D114/><U128/><E106/><V18/><F75/><W50/><G116/><T10/><D68/><U62/><E77/><V133/><F34/><W121/><G121/><T104/><D104/><U129/><E93/><V69/><F69/><W21/><G38/><T78/><D95/><U103/><E103/><V16/><F101/><W81/><G127/><N who="1" m="48650" /><E19/><V124/><F133/><W27/><G110/><T58/><D33/><U111/><E9/><V119/><F119/><W90/><G0/><T88/><D88/><U44/><E117/><V7/><F7/><W87/><G8/><T35/><D35/><U122/><E122/><V120/><F86/><W17/><G17/><T43/><D78/><U105/><E105/><V13/><F120/><W25/><G25/><T14/><D26/><U65/><E111/><V96/><F96/><W42/><G50/><T22/><D22/><U11/><E11/><N who="2" m="6207" /><F124/><W132/><G132/><T5/><D10/><U30/><E30/><V92/><F92/><N who="3" m="54343" /><G73/><T32/><D32/><U20/><E20/><V107/><F107/><W80/><G80/><T70/><D5/><U109/><E109/><V130/><F130/><N who="1" m="50281" /><E37/><V99/><F99/><W82/><G81/><T113/><D14/><U74/><E74/><V79/><F79/><W2/><G2/><T89/><D1/><U56/><E71/><V123/><F123/><W85/><G85/><T12/><D70/><U100/><E100/><V83/><F83/><W118/><G118/><T134/><D4/><U53/><E65/><V112/><F112/><W98/><G94/><RYUUKYOKU ba="0,0" sc="230,-30,152,10,328,10,290,10" hai1="44,46,53,56,59,62,64" hai2="15,18,23,28,31,47,51,52,54,61" hai3="21,27,29,40,42,76,82,87,97,98" /><INIT seed="3,1,0,2,5,25" ten="200,162,338,300" oya="3" hai0="100,135,29,21,126,85,117,67,81,119,66,24,49" hai1="37,112,106,58,20,40,114,7,73,116,13,129,50" hai2="124,16,10,122,2,78,0,86,108,63,84,46,18" hai3="3,32,101,128,70,4,52,45,110,61,62,131,127"/><W107/><G32/><T42/><D126/><U134/><E73/><V19/><F108/><W94/><G107/><T8/><D135/><U104/><E134/><V17/><F124/><W113/><G113/><T30/><D117/><U36/><E116/><V27/><F63/><W87/><G127/><T98/><D119/><U72/><E72/><V55/><F2/><W111/><G4/><T82/><D8/><U48/><E7/><V28/><F19/><W68/><G3/><T102/><D82/><U56/><E20/><V121/><F0/><W57/><G45/><N who="0" m="25783" /><D30/><U105/><E105/><V95/><F95/><W79/><G79/><N who="0" m="46271" /><D98/><U115/><E115/><V34/><F78/><W80/><G80/><T99/><D99/><U47/><E47/><V65/><F65/><AGARI ba="1,0" hai="21,24,29,65,66,67,100,102" m="46271,25783" machi="65" ten="30,2000,0" yaku="8,1,52,1" doraHai="25" who="0" fromWho="2" sc="200,23,162,0,338,-23,300,0" owari="223,-17.7,162,-33.8,315,41.5,300,10.0" /></mjloggm>