<mjloggm ver="2.3"><GO type="225" lobby="0"/><UN n0="%E3%81%8B%E3%82%8F%E3%81%A1%E3%82%83%E3%82%93%35%38" n1="%72%69%6F%75%63%68%61%6E" n2="%E5%91%89%E5%AF%8C%E6%98%A5" n3="%E7%B4%94%E6%BD%94%E3%83%94%E3%83%A9%E3%83%8B%E3%82%A2" dan="16,16,16,17" rate="2130.49,2149.42,2161.10,2203.15" sx="M,M,M,M"/><TAIKYOKU oya="0"/><INIT seed="0,0,0,2,0,31" ten="250,250,250,250" oya="0" hai0="30,86,39,72,27,48,5,121,127,79,123,17,21" hai1="32,113,76,110,89,1,19,77,75,43,117,100,70" hai2="2,53,22,63,116,74,101,73,96,99,97,82,24" hai3="68,33,36,120,25,119,135,44,8,108,103,37,85"/><T16/><D39/><U34/><E117/><V46/><F2/><W38/><G119/><T45/><D72/><U42/><E70/><V102/><F116/><W93/><G68/><T106/><D106/><U15/><E1/><V35/><F35/><W7/><G108/><T71/><D71/><U54/><E100/><V104/><F82/><W57/><G135/><T129/><D79/><U41/><E110/><V10/><F10/><W50/><G57/><T134/><D86/><U9/><E113/><V60/><F96/><W130/><G130/><T56/><D56/><U64/><E64/><V94/><F73/><W118/><G118/><T51/><D51/><U55/><E89/><V78/><F78/><W12/><G120/><N who="0" m="46155" /><D48/><U109/><E109/><V61/><F74/><W4/><G103/><T13/><D45/><U47/><E77/><V107/><F94/><W88/><G7/><T0/><D134/><U90/><E90/><V131/><F131/><W58/><G58/><T114/><D129/><U69/><E69/><V92/><F92/><W11/><G11/><N who="0" m="2471" /><D114/><U49/><REACH who="1" step="1"/><E54/><REACH who="1" ten="250,240,250,250" step="2"/><V91/><F91/><W84/><G88/><T95/><D95/><U66/><E66/><V14/><F53/><W20/><G93/><T18/><D127/><U26/><E26/><V59/><F24/><W23/><G85/><T40/><D40/><U125/><E125/><V65/><F46/><W52/><G84/><T124/><D124/><U115/><E115/><V87/><F87/><W81/><G81/><AGARI ba="0,1" hai="9,15,19,32,34,41,42,43,47,49,55,75,76,81" machi="81" ten="40,5200,0" yaku="1,1,52,2,53,0" doraHai="31" doraHaiUra="111" who="1" fromWho="3" sc="250,0,240,62,250,0,250,-52" /><INIT seed="1,0,0,2,5,19" ten="250,302,250,198" oya="1" hai0="98,11,37,66,45,26,50,124,24,111,101,21,100" hai1="130,126,8,95,80,1,4,65,110,30,115,15,16" hai2="104,3,29,13,82,128,9,72,108,92,114,23,39" hai3="75,86,32,129,135,91,33,60,102,119,78,70,38"/><U47/><E115/><V57/><F104/><W71/><G38/><T85/><D37/><U6/><E126/><V49/><F114/><W56/><G119/><T81/><D124/><U7/><E130/><V10/><F39/><W53/><G129/><T125/><D125/><U62/><E110/><V112/><F128/><W103/><G135/><T74/><D74/><U0/><E30/><V79/><F112/><W122/><G122/><T83/><D111/><U88/><E80/><V61/><F108/><W113/><G113/><T69/><D69/><U36/><E36/><V105/><F105/><W89/><G75/><T99/><D66/><U87/><REACH who="1" step="1"/><E47/><REACH who="1" ten="250,292,250,198" step="2"/><V77/><F29/><W54/><G78/><T17/><D83/><U133/><E133/><V131/><F131/><W134/><G134/><T107/><D45/><U76/><E76/><V52/><F79/><W117/><G117/><T2/><D81/><U22/><E22/><V97/><F23/><W106/><G106/><T55/><D21/><U132/><E132/><V118/><F118/><W28/><G28/><T42/><D107/><U58/><AGARI ba="0,1" hai="0,1,4,6,7,8,15,16,58,62,65,87,88,95" machi="58" ten="30,11700,0" yaku="1,1,0,1,54,2,53,0" doraHai="19" doraHaiUra="67" who="1" fromWho="1" sc="250,-39,292,127,250,-39,198,-39" /><INIT seed="1,1,0,1,2,31" ten="211,419,211,159" oya="1" hai0="57,102,88,118,5,108,96,62,85,64,90,125,65" hai1="0,63,112,127,83,39,50,29,91,34,18,47,30" hai2="72,105,133,61,93,13,38,60,55,97,77,59,49" hai3="24,80,70,73,53,7,121,115,92,81,28,68,113"/><U135/><E112/><V76/><F105/><W10/><G92/><T126/><D118/><U15/><E39/><V48/><F38/><W45/><G121/><T9/><D65/><U23/><E0/><V33/><F133/><W106/><G106/><T134/><D108/><U104/><E135/><V6/><F33/><W117/><G53/><T89/><D85/><U40/><E104/><V71/><F71/><W69/><G45/><T122/><D122/><U74/><E127/><N who="0" m="48649" /><D134/><U20/><E34/><V27/><F27/><W119/><G115/><T131/><D131/><U129/><E129/><V25/><F25/><W1/><G113/><T22/><D22/><U87/><E74/><V41/><F61/><W114/><G114/><T75/><D75/><U111/><E111/><V36/><F36/><W46/><G46/><T26/><D26/><U3/><E3/><V32/><F32/><N who="3" m="20487" /><G80/><T66/><D66/><U95/><E23/><V110/><F110/><W103/><G103/><T56/><D56/><U79/><REACH who="1" step="1"/><E63/><REACH who="1" ten="211,409,211,159" step="2"/><V12/><F60/><W44/><G44/><T86/><D62/><U124/><E124/><V78/><F72/><W16/><G73/><T67/><D67/><U128/><E128/><V98/><F49/><W19/><G81/><N who="0" m="49231" /><D64/><U2/><E2/><V35/><F35/><W58/><G58/><T94/><D57/><U107/><E107/><V130/><F130/><W14/><G1/><AGARI ba="1,1" hai="1,5,9,89,90,94,96,102" m="49231,48649" machi="1" ten="30,2000,0" yaku="18,1,54,1" doraHai="31" who="0" fromWho="3" sc="211,33,409,0,211,0,159,-23" /><INIT seed="2,0,0,0,4,33" ten="244,409,211,136" oya="2" hai0="57,0,67,34,110,108,42,72,10,121,74,71,131" hai1="31,22,15,80,83,61,55,69,100,21,17,96,87" hai2="38,125,106,128,77,62,126,54,103,91,27,113,134" hai3="59,92,117,81,114,29,58,99,24,3,41,94,4"/><V123/><F27/><W75/><G117/><T8/><D34/><U64/><E55/><V93/><F54/><W5/><G114/><T111/><D121/><U44/><E44/><V130/><F62/><W104/><G104/><T36/><D57/><U45/><E45/><V7/><F7/><W79/><G41/><T116/><D116/><U19/><E31/><V90/><F38/><W95/><G99/><T76/><D131/><N who="2" m="50218" /><F113/><W127/><G127/><N who="2" m="48649" /><F123/><W122/><G122/><T124/><D124/><U50/><E50/><V46/><F46/><W107/><G107/><T78/><D42/><U102/><E61/><V88/><F77/><N who="0" m="29802" /><D36/><U48/><E48/><V135/><F106/><W26/><G4/><N who="0" m="1031" /><D10/><U20/><E64/><V112/><F112/><W13/><G13/><T101/><D67/><U37/><E15/><V23/><F23/><W2/><G5/><T89/><D110/><U16/><E21/><V132/><F103/><W118/><G118/><T129/><D101/><U65/><E102/><V52/><F52/><W56/><REACH who="3" step="1"/><G29/><REACH who="3" ten="244,409,211,126" step="2"/><T43/><D129/><U30/><E30/><V115/><F115/><W133/><G133/><N who="2" m="34049" /><V25/><DORA hai="82" /><F25/><AGARI ba="0,1" hai="2,3,24,25,26,56,58,59,75,79,81,92,94,95" machi="25" ten="40,5200,0" yaku="1,1,52,2,53,0" doraHai="33,82" doraHaiUra="51,63" who="3" fromWho="2" sc="244,0,409,0,211,-52,126,62" /><INIT seed="3,0,0,5,5,71" ten="244,409,159,188" oya="3" hai0="125,58,48,54,84,76,27,2,1,62,28,111,114" hai1="97,3,31,45,16,129,51,67,124,99,20,56,122" hai2="70,88,18,57,15,49,0,130,106,29,47,24,44" hai3="87,117,74,52,14,4,59,81,105,68,33,72,120"/><W107/><G68/><T104/><D104/><U109/><E109/><V123/><F130/><W65/><G65/><T115/><D111/><U25/><E122/><V135/><F135/><W92/><G33/><N who="0" m="20639" /><D125/><U100/><E3/><V55/><F0/><W110/><G117/><T113/><D62/><N who="1" m="38343" /><E124/><V11/><F70/><W132/><G132/><T73/><D73/><U41/><E129/><V119/><F106/><W121/><G110/><T7/><D7/><U116/><E116/><V21/><F119/><W35/><G35/><T98/><D98/><N who="1" m="37387" /><E100/><V17/><F123/><W9/><G107/><T131/><D131/><U37/><E37/><V86/><F29/><AGARI ba="0,0" hai="16,20,25,29,31,41,45,51" m="37387,38343" machi="29" ten="30,2000,0" yaku="8,1,54,1" doraHai="71" who="1" fromWho="2" sc="244,0,409,20,159,-20,188,0" owari="244,4.4,429,52.9,139,-36.1,188,-21.2" /></mjloggm>