<mjloggm ver="2.3"><GO type="225" lobby="0"/><UN n0="%E3%81%B5%E3%81%98%E3%81%8B%E3%81%A4" n1="%48%61%61%61%6C%61%6E%64" n2="%E3%81%BF%E3%81%BF%E3%81%9A" n3="%E3%83%8F%E3%82%AC%E3%82%BF%E3%82%AB%E3%81%AE%E3%81%88%E3%81%98%E3%81%8D" dan="16,18,17,16" rate="2189.79,2254.04,2247.63,2171.64" sx="M,M,M,M"/><TAIKYOKU oya="0"/><INIT seed="0,0,0,1,5,116" ten="250,250,250,250" oya="0" hai0="10,39,9,76,132,36,42,23,45,77,30,67,97" hai1="110,135,55,49,128,119,130,60,35,59,85,57,111" hai2="33,81,62,47,134,54,11,82,122,2,12,95,27" hai3="120,99,93,43,114,91,19,65,80,64,16,117,25"/><T86/><D132/><U32/><E135/><V0/><F122/><W101/><G117/><T96/><D67/><U6/><E119/><V24/><F134/><W17/><G114/><T112/><D112/><U53/><E6/><V71/><F71/><W44/><G120/><T127/><D127/><U107/><E85/><V94/><F33/><N who="1" m="12873" /><E107/><V14/><F47/><W104/><G25/><T69/><D69/><U37/><E37/><V28/><F62/><W46/><G46/><T88/><D39/><U102/><E102/><V124/><F54/><W75/><G75/><T41/><D36/><U121/><E121/><V40/><F11/><N who="0" m="4106" /><D45/><U113/><E113/><V133/><F133/><W68/><G68/><T92/><D23/><U100/><E100/><V8/><F8/><W89/><G104/><T72/><D72/><U20/><E20/><V84/><F28/><W79/><G65/><T63/><D63/><U38/><E38/><V13/><F13/><W18/><G64/><T66/><D66/><U48/><E60/><V105/><F105/><W74/><N who="3" m="4096" /><DORA hai="106" /><W5/><REACH who="3" step="1"/><G5/><REACH who="3" ten="250,250,250,240" step="2"/><T3/><D30/><U51/><E57/><V61/><F27/><W70/><G70/><T50/><D3/><U34/><E59/><V129/><F24/><W87/><G87/><T131/><D86/><U108/><E34/><V1/><F1/><W29/><G29/><T125/><D125/><U126/><E126/><V78/><F124/><W118/><G118/><T7/><D96/><U52/><AGARI ba="0,1" hai="48,49,51,52,53,55,108,110,111,128,130" m="12873" machi="52" ten="50,12000,2" yaku="29,2,28,2,14,1,54,1" doraHai="116,106" who="1" fromWho="1" sc="250,-60,250,130,250,-30,240,-30" /><INIT seed="1,0,0,4,4,28" ten="190,380,220,210" oya="1" hai0="116,45,66,108,107,46,29,69,101,52,90,31,118" hai1="115,111,96,1,14,58,70,113,11,41,49,82,50" hai2="59,77,43,22,132,51,26,25,47,67,102,10,21" hai3="104,126,88,18,103,100,135,85,119,33,20,106,32"/><U74/><E70/><V73/><F132/><W93/><G135/><T39/><D107/><U54/><E1/><V3/><F73/><W91/><G126/><T56/><D101/><U78/><E111/><V79/><F3/><W72/><G72/><T89/><D108/><U6/><REACH who="1" step="1"/><E96/><REACH who="1" ten="190,370,220,210" step="2"/><V112/><F112/><W48/><G119/><T23/><D69/><U5/><E5/><V94/><F10/><W99/><G106/><T131/><D118/><U24/><E24/><V98/><F26/><W53/><G104/><T134/><D116/><U83/><E83/><V97/><F98/><W15/><G103/><T121/><D134/><U128/><E128/><V125/><F125/><W87/><G100/><T124/><D131/><U9/><E9/><V80/><F80/><N who="3" m="49191" /><G99/><T27/><D124/><U110/><E110/><V120/><F120/><W114/><G114/><T129/><D129/><U8/><E8/><V2/><F2/><W122/><G122/><T68/><D121/><U95/><E95/><V65/><F25/><W19/><G19/><T61/><D31/><U34/><E34/><V62/><F21/><W117/><G117/><T71/><D71/><U7/><E7/><V42/><F22/><W37/><G37/><T35/><D23/><U4/><E4/><V12/><F12/><W44/><G33/><T130/><D130/><U36/><E36/><V17/><F17/><W0/><G32/><T38/><D38/><U64/><E64/><V92/><F94/><N who="3" m="54655" /><G0/><T109/><D109/><U60/><E60/><V127/><F127/><W105/><G105/><T75/><D39/><RYUUKYOKU ba="0,1" sc="190,-15,370,15,220,-15,210,15" hai1="6,11,14,41,49,50,54,58,74,78,82,113,115" hai3="15,18,20,44,48,53,93" /><INIT seed="1,1,1,4,4,30" ten="175,385,205,225" oya="1" hai0="118,123,25,14,17,104,94,111,72,9,107,24,112" hai1="115,5,95,76,57,13,114,106,12,73,58,16,102" hai2="97,20,127,29,71,33,66,133,132,39,11,98,62" hai3="37,101,19,40,44,69,121,88,34,22,41,116,26"/><U52/><E106/><V46/><F20/><W28/><G121/><T113/><D118/><U129/><E129/><V124/><F11/><W89/><G116/><T1/><D72/><U80/><E5/><V47/><F98/><W128/><G69/><T53/><D123/><U56/><E12/><V109/><F109/><W0/><G41/><T59/><D111/><U119/><E119/><V54/><F97/><W85/><G101/><T82/><D107/><U83/><E83/><V117/><F117/><W74/><G74/><T103/><D104/><U63/><E95/><V68/><F68/><W50/><G37/><T65/><D65/><U35/><E35/><V134/><F54/><W51/><G51/><T15/><D1/><U23/><REACH who="1" step="1"/><E102/><REACH who="1" ten="175,375,205,225" step="2"/><V70/><F70/><W27/><G128/><T31/><D82/><U84/><E84/><V45/><REACH who="2" step="1"/><F39/><REACH who="2" ten="175,375,195,225" step="2"/><W87/><G0/><T67/><D113/><AGARI ba="1,3" hai="13,16,23,52,56,57,58,63,73,76,80,113,114,115" machi="113" ten="40,7700,0" yaku="1,1,54,2,53,0" doraHai="30" doraHaiUra="32" who="1" fromWho="0" sc="175,-80,375,110,195,0,225,0" /><INIT seed="1,2,0,0,5,112" ten="95,485,195,225" oya="1" hai0="31,95,32,105,41,98,87,88,86,82,26,71,48" hai1="102,49,133,127,21,94,67,27,110,22,62,54,12" hai2="116,96,92,84,129,107,124,40,0,99,117,9,24" hai3="39,135,90,66,57,126,44,114,97,111,93,113,47"/><U100/><E127/><V28/><F124/><W37/><G90/><T130/><D71/><U125/><E125/><V122/><F122/><W45/><G97/><T43/><D130/><U17/><E133/><V106/><F40/><W60/><G93/><T79/><REACH who="0" step="1"/><D48/><REACH who="0" ten="85,485,195,225" step="2"/><U101/><E110/><V64/><F129/><W58/><G126/><T119/><D119/><U16/><E49/><V3/><F117/><W56/><G111/><T121/><D121/><U30/><E54/><V5/><F116/><W89/><G135/><T83/><D83/><U6/><E67/><V74/><F64/><W81/><G81/><T50/><D50/><U7/><E62/><V103/><F107/><W15/><G66/><T18/><D18/><U10/><REACH who="1" step="1"/><E94/><REACH who="1" ten="85,475,195,225" step="2"/><V65/><F92/><W51/><G60/><T53/><D53/><U36/><E36/><V69/><F65/><W77/><G51/><T80/><D80/><U68/><E68/><V52/><F69/><W131/><G39/><T115/><D115/><U91/><E91/><V120/><F52/><W35/><G37/><T76/><D76/><U1/><E1/><V61/><F0/><W25/><G89/><T134/><D134/><U19/><E19/><V29/><F3/><W46/><G77/><T123/><D123/><U118/><E118/><V33/><F120/><W11/><G131/><T8/><D8/><U38/><E38/><V59/><F9/><W128/><G128/><T109/><D109/><U14/><AGARI ba="2,2" hai="6,7,10,12,14,16,17,21,22,27,30,100,101,102" machi="14" ten="30,18000,2" yaku="1,1,0,1,8,1,54,1,53,2" doraHai="112" doraHaiUra="2" who="1" fromWho="1" sc="85,-62,475,206,195,-62,225,-62" /><INIT seed="1,3,0,5,4,47" ten="23,681,133,163" oya="1" hai0="60,103,102,112,33,36,41,45,53,135,11,105,44" hai1="55,84,107,17,96,79,85,7,78,111,1,74,93" hai2="62,57,117,100,19,82,81,125,15,89,4,97,65" hai3="129,2,121,95,13,34,127,130,76,27,98,3,32"/><U123/><E123/><V39/><F117/><W26/><G76/><T134/><D33/><N who="3" m="12905" /><G95/><T56/><D105/><U66/><E107/><V87/><F125/><W52/><G52/><T29/><D29/><U108/><E66/><V54/><F39/><W20/><G98/><T21/><D21/><U35/><E35/><V8/><F82/><W22/><G127/><T42/><D103/><U90/><E17/><V131/><F131/><N who="3" m="50187" /><G13/><T28/><D11/><U46/><E55/><V92/><F65/><W77/><G77/><T94/><D28/><U40/><E79/><V133/><F133/><N who="0" m="50698" /><D94/><U80/><E93/><V16/><AGARI ba="3,0" hai="4,8,15,16,19,54,57,62,81,87,89,92,97,100" machi="16" ten="30,4000,0" yaku="0,1,8,1,54,1" doraHai="47" who="2" fromWho="2" sc="23,-13,681,-23,133,49,163,-13" /><INIT seed="2,0,0,0,2,4" ten="10,658,182,150" oya="2" hai0="9,102,119,19,50,125,124,87,59,90,34,17,58" hai1="33,121,13,108,132,0,12,35,131,97,118,107,110" hai2="1,16,92,103,98,93,63,61,127,67,21,64,62" hai3="73,114,18,65,26,25,28,100,117,72,135,30,78"/><V70/><F127/><W94/><G117/><T2/><D119/><U120/><E118/><V53/><F1/><W112/><G65/><T115/><D115/><N who="3" m="44073" /><G18/><T133/><D102/><N who="1" m="62927" /><E0/><V71/><F53/><W51/><G51/><T31/><D133/><U5/><E132/><V99/><F62/><W42/><G42/><T88/><D34/><N who="1" m="12811" /><E131/><V54/><F54/><W74/><G78/><T27/><D90/><U49/><E49/><V60/><F60/><W104/><G104/><T32/><D59/><U109/><E5/><V79/><F79/><W37/><G37/><T83/><D58/><U80/><E80/><V14/><F99/><N who="3" m="59511" /><G135/><T52/><D124/><U96/><E96/><V84/><F84/><W123/><G123/><AGARI ba="0,0" hai="12,13,108,109,110,120,121,123" m="12811,62927" machi="123" ten="40,2600,0" yaku="14,1,13,1" doraHai="4" who="1" fromWho="3" sc="10,0,658,26,182,0,150,-26" /><INIT seed="3,0,0,0,0,3" ten="10,684,182,124" oya="3" hai0="5,31,55,25,94,83,104,47,120,8,132,22,12" hai1="24,76,125,38,32,131,61,89,105,18,15,50,113" hai2="72,84,116,82,103,36,20,101,45,102,26,122,107" hai3="23,34,4,17,30,39,41,121,118,99,109,16,112"/><W63/><G112/><T14/><D132/><U42/><E50/><V130/><F72/><W9/><G118/><T129/><D120/><U0/><E15/><V128/><F116/><W35/><G121/><T98/><D104/><U106/><E18/><N who="3" m="7274" /><G63/><T46/><D129/><N who="2" m="49770" /><F122/><W27/><G41/><T100/><D14/><U7/><E61/><V111/><F111/><W58/><G58/><T74/><D74/><U73/><E42/><N who="2" m="22727" /><F107/><W86/><G99/><T1/><D1/><U51/><E0/><V13/><F13/><N who="3" m="5287" /><G86/><T123/><D123/><U95/><E106/><V37/><F37/><W124/><G39/><T49/><REACH who="0" step="1"/><D83/><REACH who="0" ten="0,684,182,124" step="2"/><U62/><E73/><V60/><F82/><W135/><G135/><T10/><D10/><U53/><E131/><V54/><F84/><W75/><G75/><T40/><D40/><U97/><E105/><V126/><F102/><W65/><G109/><T68/><D68/><U21/><E113/><V2/><F103/><W11/><G11/><T52/><D52/><U81/><E53/><V70/><F101/><W93/><G65/><T134/><D134/><U67/><E67/><V19/><F70/><W115/><G115/><T6/><D6/><U91/><E7/><V88/><F54/><W48/><G27/><T64/><D64/><U28/><E24/><V85/><F85/><W114/><G114/><T117/><D117/><U29/><E38/><V69/><F69/><W133/><G133/><T78/><D78/><U119/><E76/><V127/><F26/><W80/><G80/><T77/><D77/><U108/><E81/><V92/><F2/><RYUUKYOKU ba="0,1" sc="0,30,684,-10,182,-10,124,-10" hai0="5,8,12,22,25,31,46,47,49,55,94,98,100" owari="30,-47.0,684,78.4,172,-2.8,114,-28.6" /></mjloggm>