<mjloggm ver="2.3"><GO type="225" lobby="0"/><UN n0="%E5%BE%80%E5%B9%B4%E3%81%AE%E3%82%B4%E3%83%AA%E3%83%A9" n1="%E3%81%BF%E3%81%BF%E3%81%9A" n2="%33%74%72%65%65" n3="%E4%BF%BA%E3%81%A8%E5%A6%96%E5%A4%A2" dan="16,17,17,17" rate="2121.78,2241.16,2225.32,2209.22" sx="M,M,F,F"/><TAIKYOKU oya="0"/><INIT seed="0,0,0,0,4,53" ten="250,250,250,250" oya="0" hai0="103,33,21,111,79,28,69,95,40,86,70,82,83" hai1="77,6,47,102,117,4,41,81,62,11,112,104,50" hai2="134,45,88,131,3,30,2,75,96,14,24,25,12" hai3="46,36,74,98,48,65,68,115,76,127,85,60,109"/><T43/><D33/><U119/><E112/><V72/><F45/><W10/><G115/><T73/><D70/><U80/><E80/><V97/><F30/><W120/><G74/><T42/><D69/><U27/><E4/><V44/><F44/><W51/><G98/><T113/><D113/><U67/><E27/><V71/><F71/><W100/><G100/><T34/><D34/><U108/><E108/><V31/><F31/><W99/><G99/><T110/><D103/><U15/><E104/><V17/><F17/><W38/><G85/><T26/><REACH who="0" step="1"/><D95/><REACH who="0" ten="240,250,250,250" step="2"/><U135/><E102/><V1/><F134/><W39/><G68/><T125/><D125/><U89/><E135/><V23/><F131/><W55/><G127/><T64/><D64/><U19/><E119/><V29/><F1/><W114/><G114/><T107/><D107/><U7/><E117/><V59/><F2/><W118/><G118/><T84/><D84/><N who="1" m="48175" /><E89/><AGARI ba="0,1" hai="21,26,28,40,42,43,73,79,82,83,86,89,110,111" machi="89" ten="40,2000,0" yaku="1,1,53,0" doraHai="53" doraHaiUra="130" who="0" fromWho="1" sc="240,30,250,-20,250,0,250,0" /><INIT seed="0,1,0,5,4,127" ten="270,230,250,250" oya="0" hai0="92,58,75,109,8,82,71,103,27,80,43,36,99" hai1="35,102,10,13,15,101,38,7,89,118,93,76,14" hai2="21,3,77,73,88,16,55,46,28,72,86,49,115" hai3="119,112,100,96,128,18,65,59,17,61,42,126,40"/><T20/><D71/><U85/><E118/><V37/><F115/><W78/><G119/><T84/><D75/><U133/><E133/><V41/><F3/><W95/><G112/><T105/><D109/><U135/><E135/><V69/><F69/><W12/><G126/><T70/><D70/><U90/><E38/><V47/><F28/><W67/><G78/><T52/><D8/><U54/><E35/><V121/><F77/><W62/><G128/><T110/><D110/><U64/><E64/><V79/><F79/><W26/><G26/><T23/><D23/><U39/><E39/><V53/><F53/><W34/><G34/><T48/><D84/><U117/><E76/><V44/><F44/><W19/><REACH who="3" step="1"/><G12/><REACH who="3" ten="270,230,250,240" step="2"/><N who="1" m="4714" /><E117/><V4/><F4/><W25/><G25/><T134/><D134/><U97/><E54/><V125/><F125/><W50/><G50/><T104/><D36/><U22/><E22/><V60/><F60/><W107/><G107/><T132/><D132/><U87/><E87/><V9/><F73/><W114/><G114/><T106/><REACH who="0" step="1"/><D43/><REACH who="0" ten="260,230,250,240" step="2"/><U113/><E113/><V24/><F72/><W11/><G11/><T81/><D81/><AGARI ba="1,2" hai="7,10,15,81,85,89,90,93,97,101,102" m="4714" machi="81" ten="30,1000,0" yaku="8,1" doraHai="127" who="1" fromWho="0" sc="260,-13,230,33,250,0,240,0" /><INIT seed="1,0,0,4,4,19" ten="247,263,250,240" oya="1" hai0="6,42,26,97,96,78,1,15,106,125,56,74,86" hai1="24,57,93,70,127,84,79,133,94,10,118,49,66" hai2="89,68,111,109,22,91,18,47,104,113,21,27,37" hai3="59,134,124,33,88,123,38,5,131,126,85,87,55"/><U80/><E118/><V100/><F68/><W2/><G123/><T120/><D1/><U40/><E133/><V7/><F7/><W108/><G33/><T43/><D74/><U115/><E115/><V61/><F61/><W64/><G38/><T31/><D125/><N who="3" m="48233" /><G134/><T29/><D29/><U58/><E127/><V90/><F113/><W8/><G108/><N who="2" m="41545" /><F18/><W69/><G131/><T4/><D56/><U135/><E70/><V99/><F27/><W114/><G114/><T110/><D120/><U117/><E135/><V72/><F72/><W3/><G3/><T119/><D119/><U101/><E117/><V82/><F82/><N who="3" m="49207" /><G87/><T116/><D116/><U53/><E84/><V122/><F122/><W75/><G75/><T95/><D110/><U54/><E80/><V23/><F90/><W103/><G103/><T36/><D86/><U17/><E101/><V52/><F37/><W65/><G69/><T71/><D36/><U129/><E129/><V83/><F83/><W63/><AGARI ba="0,0" hai="2,5,8,55,59,63,64,65" m="49207,48233" machi="63" ten="30,2000,0" yaku="18,1,54,1" doraHai="19" who="3" fromWho="3" sc="247,-5,263,-10,250,-5,240,20" /><INIT seed="2,0,0,2,4,111" ten="242,253,245,260" oya="2" hai0="77,106,3,31,121,6,92,122,42,123,88,116,38" hai1="21,25,49,46,110,13,39,127,98,105,65,72,32" hai2="0,10,80,18,27,51,52,75,85,112,76,58,135" hai3="67,81,30,14,90,57,114,45,97,40,23,100,15"/><V19/><F135/><W36/><G90/><T129/><D106/><U54/><E72/><V84/><F112/><W53/><G81/><T24/><D129/><U78/><E78/><V115/><F115/><W102/><G102/><T117/><D77/><U47/><E110/><V33/><F0/><W89/><G89/><T99/><D42/><U73/><E73/><V79/><F79/><W41/><G41/><T83/><D83/><U50/><E32/><V55/><F10/><W12/><G67/><T64/><D64/><U91/><E39/><V95/><F95/><W59/><G114/><T108/><D38/><U69/><E127/><V5/><F5/><W43/><G43/><T22/><D108/><U16/><E69/><V68/><F68/><W29/><G23/><T133/><D133/><U126/><E126/><V130/><F130/><W48/><REACH who="3" step="1"/><G57/><REACH who="3" ten="242,253,245,250" step="2"/><T74/><D74/><U131/><E65/><V7/><F58/><W132/><G132/><T2/><REACH who="0" step="1"/><D6/><REACH who="0" ten="232,253,245,250" step="2"/><U61/><E131/><V103/><F80/><W93/><AGARI ba="0,2" hai="12,14,15,29,30,36,40,45,48,53,59,93,97,100" machi="93" ten="30,2000,0" yaku="1,1,0,1,53,0" doraHai="111" doraHaiUra="35" who="3" fromWho="3" sc="232,-5,253,-5,245,-10,250,40" /><INIT seed="3,0,0,1,4,78" ten="227,248,235,290" oya="3" hai0="131,96,83,73,95,135,11,81,56,53,22,71,19" hai1="34,13,59,10,44,99,75,132,39,123,127,70,28" hai2="18,86,66,125,109,35,24,58,94,1,119,80,74" hai3="62,114,2,113,55,110,45,49,5,29,0,89,133"/><W63/><G29/><T32/><D71/><U90/><E70/><V91/><F119/><W82/><G133/><T3/><D32/><U17/><E123/><V23/><F109/><W120/><G120/><T46/><D135/><U52/><E75/><V54/><F125/><W12/><G110/><T69/><D69/><U43/><E127/><V65/><F1/><W6/><G0/><T130/><D46/><U97/><E132/><V26/><F35/><W108/><G2/><T100/><D73/><U106/><E106/><V122/><F26/><W134/><G108/><T64/><D64/><N who="2" m="24682" /><F74/><W84/><G134/><T129/><D11/><U76/><E76/><V38/><F38/><W111/><G111/><T25/><REACH who="0" step="1"/><D3/><REACH who="0" ten="217,248,235,290" step="2"/><U9/><E10/><V103/><F122/><W112/><G112/><T27/><D27/><U40/><E34/><V30/><F58/><W101/><G113/><T93/><D93/><U21/><E44/><V128/><F128/><W31/><G114/><T118/><D118/><U61/><E39/><V60/><F54/><W126/><G126/><T116/><D116/><U105/><E105/><V92/><F92/><W14/><G55/><T20/><D20/><U57/><E59/><V47/><F47/><W16/><G45/><T42/><D42/><N who="1" m="15915" /><E9/><V85/><F103/><W8/><G101/><T104/><D104/><U37/><E37/><V7/><F7/><W98/><G5/><T77/><D77/><U115/><E115/><V51/><F94/><W79/><G6/><T67/><D67/><U33/><E90/><V88/><F91/><W121/><G89/><RYUUKYOKU ba="0,1" sc="217,15,248,15,235,-15,290,-15" hai0="19,22,25,53,56,81,83,95,96,100,129,130,131" hai1="13,17,21,28,33,52,57,61,97,99" /><INIT seed="4,1,1,0,3,133" ten="232,263,220,275" oya="0" hai0="25,97,17,22,7,118,66,116,33,85,50,51,52" hai1="21,62,29,65,16,55,23,14,11,107,42,135,81" hai2="127,77,4,63,31,53,47,60,73,102,28,121,39" hai3="45,117,37,109,124,94,131,130,122,10,2,12,129"/><T61/><D33/><U83/><E107/><V128/><F121/><W89/><G122/><T70/><D7/><U57/><E42/><V32/><F102/><W68/><G68/><T110/><D51/><U92/><E135/><V54/><F128/><W58/><G117/><T30/><D30/><N who="2" m="11306" /><F4/><W113/><G109/><T48/><D48/><U114/><E114/><V3/><F3/><W80/><G80/><N who="1" m="30794" /><E29/><V91/><F32/><W6/><G58/><T59/><D110/><U5/><E92/><V0/><F0/><W71/><G71/><T74/><D74/><U67/><E21/><V99/><F73/><W19/><G45/><T27/><D27/><AGARI ba="1,1" hai="5,11,14,16,23,27,55,57,62,65,67" m="30794" machi="27" ten="30,2000,0" yaku="8,1,54,1" doraHai="133" who="1" fromWho="0" sc="232,-23,263,33,220,0,275,0" /><INIT seed="5,0,0,5,4,0" ten="209,296,220,275" oya="1" hai0="44,125,30,61,75,104,7,117,43,50,129,17,70" hai1="21,28,51,120,130,81,133,6,64,42,77,97,132" hai2="23,49,60,98,19,22,41,83,25,78,112,39,119" hai3="95,16,33,29,58,93,14,67,45,96,71,12,5"/><U94/><E120/><V85/><F119/><W18/><G71/><T35/><D117/><U48/><E6/><V124/><F124/><W36/><G33/><T91/><D125/><U74/><E64/><V34/><F112/><W131/><G29/><T111/><D111/><U56/><E56/><V106/><F39/><W126/><G126/><T37/><D129/><U122/><E122/><V102/><F34/><W134/><G131/><T88/><D75/><U79/><E79/><V115/><F60/><N who="3" m="38295" /><G36/><T52/><D104/><U80/><E80/><V62/><F62/><W82/><G134/><N who="1" m="51818" /><E42/><V32/><F41/><W90/><G5/><T11/><D70/><U20/><E130/><V68/><F68/><W108/><G108/><T107/><D107/><U15/><E15/><N who="3" m="5674" /><G45/><T73/><D61/><U26/><E20/><V24/><F32/><W53/><G53/><T31/><D35/><U66/><E66/><V69/><F69/><W114/><G114/><T63/><D63/><U86/><E74/><V59/><F115/><W57/><G57/><T46/><D73/><U65/><E65/><V105/><F105/><W116/><G116/><T101/><D101/><AGARI ba="0,0" hai="21,26,28,48,51,77,81,86,94,97,101" m="51818" machi="101" ten="30,1500,0" yaku="20,1" doraHai="0" who="1" fromWho="0" sc="209,-15,296,15,220,0,275,0" owari="194,-30.6,311,41.1,220,-18.0,275,7.5" /></mjloggm>