<mjloggm ver="2.3"><GO type="225" lobby="0"/><UN n0="%E3%83%AD%E3%83%83%E3%83%86%E9%9B%80%E7%90%83" n1="%E8%81%B7%E6%A5%AD%E3%80%81%E9%A2%A8%32" n2="%E6%A0%B9%E5%85%83%E3%81%8B%E3%82%89%E5%90%B9%E3%81%A3%E9%A3%9B%E3%81%B6" n3="%E3%82%B7%E3%83%A5%E3%83%9E%E3%82%A4%E3%82%B1%E3%83%AB" dan="17,16,17,17" rate="2221.27,2132.34,2197.30,2167.14" sx="M,M,F,M"/><TAIKYOKU oya="0"/><INIT seed="0,0,0,0,4,51" ten="250,250,250,250" oya="0" hai0="108,44,100,37,123,86,90,120,1,133,16,3,35" hai1="7,132,73,30,118,68,48,112,104,11,15,89,124" hai2="98,40,25,114,79,6,71,131,57,69,36,41,42" hai3="5,85,61,97,134,67,95,27,26,50,126,102,13"/><T75/><D75/><U99/><E68/><V105/><F114/><W82/><G126/><T53/><D35/><U9/><E118/><V19/><F131/><W94/><G94/><T109/><D100/><U135/><E124/><V64/><F36/><W58/><G134/><N who="1" m="51242" /><E73/><V121/><F121/><W128/><G128/><T127/><D127/><U96/><E112/><V45/><F6/><W115/><G115/><T29/><D29/><U83/><E30/><V43/><F79/><W49/><G49/><N who="0" m="28839" /><D37/><U107/><E83/><V119/><F119/><W80/><G80/><N who="0" m="49479" /><D133/><U33/><E33/><V125/><F98/><N who="1" m="37417" /><E89/><V113/><F113/><W14/><G50/><T81/><D81/><U116/><E116/><V18/><F125/><W4/><G4/><T65/><D65/><U101/><E101/><V129/><F64/><W59/><G5/><T88/><D88/><U84/><E84/><V117/><F71/><W122/><G122/><N who="0" m="46635" /><D16/><N who="1" m="8303" /><E48/><V110/><F117/><W21/><G85/><T8/><D8/><U70/><E70/><V106/><F69/><W52/><G82/><T87/><D87/><U66/><E66/><V10/><F10/><W12/><G21/><T92/><D92/><U17/><E104/><V62/><F106/><W55/><REACH who="3" step="1"/><G59/><REACH who="3" ten="250,250,250,240" step="2"/><T91/><D91/><U2/><E107/><V111/><F57/><W77/><G77/><T78/><D78/><U32/><E32/><V76/><F105/><W74/><G74/><T38/><D38/><U47/><E17/><V23/><N who="2" m="10240" /><DORA hai="72" /><V0/><F76/><W93/><G93/><T20/><D20/><U34/><E34/><RYUUKYOKU ba="0,1" sc="250,10,250,10,250,-30,240,10" hai0="1,3,108,109" hai1="2,7,11,47" hai3="12,13,14,26,27,52,55,58,61,67,95,97,102" /><INIT seed="0,1,1,0,2,135" ten="260,260,220,250" oya="0" hai0="52,71,96,61,77,64,47,17,126,37,104,68,45" hai1="111,19,132,91,46,121,38,1,7,133,116,93,67" hai2="31,90,102,106,87,73,99,40,85,60,65,6,103" hai3="58,114,101,43,55,109,16,92,13,70,20,26,10"/><T42/><D126/><U2/><E121/><V130/><F6/><W39/><G70/><T88/><D77/><U34/><E116/><V4/><F40/><W32/><G114/><T117/><D117/><U125/><E111/><V80/><F4/><W79/><G109/><T50/><D17/><U15/><E125/><V124/><F124/><W98/><G32/><T44/><D71/><U105/><E105/><V122/><F122/><W84/><G39/><T9/><D9/><U94/><E34/><V56/><F130/><W51/><G43/><T72/><D72/><U63/><E46/><V24/><F73/><W14/><REACH who="3" step="1"/><G10/><REACH who="3" ten="260,260,220,240" step="2"/><T27/><D37/><U57/><E38/><V36/><F36/><W48/><G48/><T75/><D42/><U62/><E133/><V69/><F69/><W115/><G115/><T21/><D75/><U120/><E132/><V18/><F103/><W41/><G41/><T78/><D78/><U81/><E120/><V22/><REACH who="2" step="1"/><F87/><REACH who="2" ten="260,260,210,240" step="2"/><W97/><G97/><T83/><D96/><U128/><E128/><V11/><F11/><W129/><G129/><T131/><D131/><U59/><E7/><V95/><F95/><W0/><G0/><T3/><D3/><U8/><E2/><V66/><F66/><W134/><G134/><T107/><D107/><U108/><E1/><V53/><F53/><W89/><G89/><T23/><D104/><U113/><E108/><V127/><F127/><W112/><G112/><T74/><D88/><U30/><E113/><V82/><F82/><AGARI ba="1,3" hai="13,14,16,20,26,51,55,58,79,82,84,92,98,101" machi="82" ten="40,5200,0" yaku="1,1,8,1,54,1,53,0" doraHai="135" doraHaiUra="86" who="3" fromWho="2" sc="260,0,260,0,210,-55,240,85" /><INIT seed="1,0,0,1,0,1" ten="260,260,155,325" oya="1" hai0="123,0,118,2,116,95,3,127,133,125,91,6,101" hai1="106,68,48,36,108,40,13,16,41,132,32,33,99" hai2="75,104,58,119,66,105,59,23,100,28,92,109,51" hai3="46,93,113,49,98,129,43,56,71,74,121,134,79"/><U111/><E132/><V10/><F119/><N who="0" m="45610" /><D101/><N who="1" m="62783" /><E36/><V130/><F109/><N who="1" m="42057" /><E68/><V65/><F130/><W69/><G113/><T78/><D78/><U17/><E17/><V25/><F75/><W5/><G121/><T42/><D42/><N who="1" m="16491" /><E48/><V135/><F135/><W19/><G19/><T83/><D133/><U44/><E44/><V15/><F105/><W94/><G129/><T107/><D107/><U7/><E7/><V39/><F39/><W63/><G134/><T8/><D123/><U9/><AGARI ba="0,0" hai="9,13,16,32,33" m="16491,42057,62783" machi="9" ten="30,6000,0" yaku="14,1,10,1,54,1" doraHai="1" who="1" fromWho="1" sc="260,-20,260,60,155,-20,325,-20" /><INIT seed="1,1,0,4,2,69" ten="240,320,135,305" oya="1" hai0="94,101,68,129,135,19,104,123,84,34,44,67,77" hai1="22,122,79,78,58,37,4,8,103,6,90,107,119" hai2="43,3,111,110,85,18,47,9,29,131,75,2,100" hai3="49,116,134,73,30,11,61,14,12,124,52,66,81"/><U51/><E122/><V105/><F75/><W32/><G124/><T23/><D129/><U24/><E37/><V93/><F131/><W95/><G134/><T65/><D135/><U17/><E119/><V74/><F74/><W89/><G116/><T41/><D34/><U1/><E6/><V16/><F29/><W59/><G30/><T53/><D53/><U62/><E51/><V117/><F117/><W70/><G32/><T64/><D123/><U13/><E103/><V55/><F55/><W48/><G48/><N who="0" m="26639" /><D104/><U7/><E107/><V28/><F28/><W118/><G118/><T54/><D68/><U115/><E115/><V72/><F72/><W113/><G113/><T33/><D33/><U0/><E0/><V26/><F105/><W21/><G21/><T128/><D54/><U63/><E63/><V114/><F114/><W38/><G38/><T76/><D128/><U15/><E1/><V88/><F100/><W42/><G42/><T86/><D101/><U80/><E13/><N who="2" m="7215" /><F2/><W40/><G40/><T57/><D57/><U125/><E125/><V126/><F3/><W87/><G11/><T102/><D102/><U132/><E132/><V97/><F126/><W35/><REACH who="3" step="1"/><G35/><REACH who="3" ten="240,320,135,295" step="2"/><T92/><D23/><U133/><E133/><V39/><F110/><W108/><G108/><T109/><D109/><U5/><E8/><V31/><F111/><W121/><G121/><T46/><D46/><U91/><E24/><V98/><F31/><W10/><G10/><T60/><D60/><U36/><E36/><V106/><F106/><W112/><G112/><T20/><D20/><AGARI ba="1,1" hai="18,20,26,39,43,47,85,88,93,97,98" m="7215" machi="20" ten="30,7700,0" yaku="6,1,52,1,54,2" doraHai="69" who="2" fromWho="0" sc="240,-80,320,0,135,90,295,0" /><INIT seed="2,0,0,2,2,116" ten="160,320,225,295" oya="2" hai0="85,15,75,41,79,132,1,117,47,59,12,101,113" hai1="37,67,7,33,73,56,38,66,134,82,34,14,68" hai2="19,42,97,76,45,98,28,126,43,23,46,78,29" hai3="83,6,55,61,72,124,106,122,105,77,84,96,123"/><V54/><F126/><W58/><G124/><T133/><D113/><U10/><E68/><V81/><F54/><W95/><G6/><T90/><D117/><U74/><E134/><N who="0" m="51817" /><D1/><U130/><E130/><V70/><F70/><W39/><G39/><T16/><D12/><U94/><E82/><V99/><F19/><W57/><G106/><T89/><D75/><U20/><E74/><V87/><F23/><W112/><G112/><T13/><D15/><U40/><E73/><V102/><F102/><N who="3" m="62663" /><G58/><T110/><D110/><U93/><E38/><V88/><F78/><W49/><G49/><N who="0" m="26863" /><D101/><U119/><E119/><V32/><F76/><W127/><G127/><T69/><D69/><U65/><E14/><V107/><F107/><W44/><G44/><N who="2" m="17001" /><F32/><W62/><G62/><T50/><D79/><U36/><E33/><V114/><F114/><W60/><G60/><T25/><D25/><U35/><E34/><V100/><F100/><W111/><G111/><T2/><D2/><U18/><E35/><V121/><F121/><W103/><G103/><T48/><D59/><U0/><E56/><V22/><F22/><W63/><G63/><T91/><D85/><U115/><E20/><AGARI ba="0,0" hai="13,16,20,48,50,89,90,91" m="26863,51817" machi="20" ten="30,2000,0" yaku="20,1,54,1" doraHai="116" who="0" fromWho="1" sc="160,20,320,-20,225,0,295,0" /><INIT seed="3,0,0,2,0,51" ten="180,300,225,295" oya="3" hai0="90,54,36,76,37,39,64,82,72,132,38,86,130" hai1="9,19,10,21,45,22,114,56,25,118,134,20,0" hai2="17,121,23,31,65,24,16,43,102,87,83,104,85" hai3="101,119,113,124,106,2,126,125,131,8,97,33,50"/><W4/><G113/><T127/><N who="0" m="9216" /><DORA hai="6" /><T93/><D130/><U27/><E114/><V58/><F43/><W32/><G119/><T44/><D127/><U14/><E0/><V105/><F121/><W3/><G131/><T74/><D132/><U112/><E112/><V69/><F69/><W42/><G2/><T100/><D100/><U133/><E118/><V88/><F87/><W129/><G129/><T128/><D128/><U79/><E45/><AGARI ba="0,0" hai="3,4,8,32,33,42,45,50,97,101,106,124,125,126" machi="45" ten="40,3900,0" yaku="18,1,52,1" doraHai="51,6" who="3" fromWho="1" sc="180,0,300,-39,225,0,295,39" owari="180,-32.0,261,6.1,225,-17.5,334,43.4" /></mjloggm>