<mjloggm ver="2.3"><GO type="225" lobby="0"/><UN n0="%E5%A4%9C%E3%81%AE%E3%82%AC%E3%82%B9%E3%83%91%E3%83%BC%E3%83%AB" n1="%E3%82%A2%E3%83%A1%E3%82%A2%E3%83%A9%E3%83%AC" n2="%E3%82%B2%E3%82%B9%E8%8C%82%E5%8B%9D" n3="%72%69%6F%75%63%68%61%6E" dan="17,16,16,17" rate="2227.84,2041.75,2068.44,2199.35" sx="M,M,F,M"/><TAIKYOKU oya="0"/><INIT seed="0,0,0,5,4,76" ten="250,250,250,250" oya="0" hai0="98,124,135,134,96,15,62,37,84,86,130,7,74" hai1="88,14,132,60,38,73,35,68,129,21,85,56,49" hai2="116,33,122,110,57,28,0,81,125,23,133,11,2" hai3="108,59,106,42,30,29,131,94,48,1,47,126,36"/><T117/><D37/><U104/><E132/><N who="0" m="50729" /><D62/><U93/><E129/><V24/><F57/><W91/><G108/><T40/><D40/><U77/><E35/><V5/><F133/><W69/><G126/><T31/><D117/><U119/><E104/><V20/><F110/><W127/><G127/><T10/><D124/><U82/><E38/><V12/><F125/><W46/><G106/><T113/><D113/><U112/><E119/><V102/><F102/><W72/><G69/><T17/><D130/><U70/><E112/><V87/><F116/><W27/><G131/><T63/><D31/><U43/><E43/><V120/><F20/><W13/><G1/><N who="0" m="367" /><D74/><U53/><E60/><V103/><F103/><W51/><G72/><T8/><D63/><U75/><E73/><V66/><F66/><W54/><G13/><T121/><D121/><U114/><E114/><V95/><F95/><W44/><G36/><T79/><D86/><U78/><E78/><V97/><F97/><W99/><REACH who="3" step="1"/><G30/><REACH who="3" ten="250,250,250,240" step="2"/><T71/><D71/><U41/><E41/><V89/><REACH who="2" step="1"/><F0/><REACH who="2" ten="250,250,240,240" step="2"/><W16/><G16/><AGARI ba="0,2" hai="14,16,21,49,53,56,68,70,75,77,82,85,88,93" machi="16" ten="40,8000,1" yaku="25,2,52,1,54,2" doraHai="76" who="1" fromWho="3" sc="250,0,250,100,240,0,240,-80" /><AGARI ba="0,0" hai="2,5,11,12,16,23,24,28,33,81,87,89,120,122" machi="16" ten="40,12000,2" yaku="1,1,2,1,24,2,52,1,54,1,53,1" doraHai="76" doraHaiUra="9" who="2" fromWho="3" sc="250,0,350,0,240,120,160,-120" /><INIT seed="1,0,0,0,4,59" ten="250,350,360,40" oya="1" hai0="18,14,107,102,24,119,125,87,31,76,73,81,47" hai1="32,16,118,40,113,84,133,17,9,132,123,89,35" hai2="26,95,110,46,33,60,109,77,80,98,30,13,65" hai3="70,128,58,129,38,105,122,1,50,56,97,54,82"/><U127/><E113/><V49/><F13/><W2/><G122/><T8/><D119/><U42/><E118/><V45/><F80/><W36/><G70/><T112/><D125/><U93/><E123/><V114/><F77/><W23/><G82/><T92/><D112/><U27/><E127/><V106/><F114/><W6/><G23/><T21/><D47/><U86/><E86/><V11/><F11/><W44/><G105/><T108/><D108/><N who="2" m="41578" /><F49/><W85/><G85/><T69/><D69/><U126/><E126/><V55/><F55/><W117/><G117/><T134/><D134/><N who="1" m="51819" /><E9/><V37/><F37/><W78/><G78/><T25/><D87/><U79/><E79/><V66/><F66/><W41/><G97/><T3/><D76/><U120/><E120/><V10/><F10/><W53/><G6/><T72/><D81/><U115/><E115/><V116/><F116/><W68/><G68/><T15/><D8/><U7/><E7/><V20/><F33/><N who="1" m="12873" /><E27/><V63/><F106/><W43/><G50/><T111/><D111/><U64/><E64/><V121/><F121/><W67/><G67/><T12/><D25/><U130/><E130/><V100/><F65/><W94/><REACH who="3" step="1"/><G44/><AGARI ba="0,0" hai="20,26,30,44,45,46,60,63,95,98,100" m="41578" machi="44" ten="30,3900,0" yaku="14,1,52,2" doraHai="59" who="2" fromWho="3" sc="250,0,350,0,360,39,40,-39" /><INIT seed="2,0,0,2,3,10" ten="250,350,399,1" oya="2" hai0="66,55,51,110,68,116,84,39,41,69,91,132,81" hai1="78,83,3,97,35,75,21,67,64,95,87,56,23" hai2="48,76,117,93,121,82,63,98,27,133,79,54,102" hai3="31,88,11,12,71,127,86,14,36,77,0,100,13"/><V43/><F117/><W34/><G36/><T20/><D116/><U107/><E3/><V74/><F133/><W60/><G127/><T9/><D132/><U108/><E108/><V22/><F121/><W53/><G0/><T19/><D110/><U18/><E35/><V94/><F76/><W85/><G100/><T96/><D66/><U45/><E45/><V89/><F63/><W24/><G77/><T92/><D41/><U119/><E119/><V134/><F43/><W112/><G112/><T61/><D39/><U29/><E56/><V131/><F131/><W42/><G42/><T114/><D114/><U26/><E107/><V33/><F33/><W126/><G126/><T122/><D122/><U46/><E46/><V72/><F134/><W7/><G86/><T101/><D61/><U2/><E2/><V135/><F135/><W6/><G6/><T129/><D129/><U38/><E75/><V25/><F22/><N who="3" m="15767" /><G71/><T52/><D9/><U49/><E49/><V5/><F72/><W105/><G105/><T118/><D118/><U44/><E44/><V50/><F5/><W103/><G103/><T62/><D62/><U70/><E70/><V106/><F48/><W28/><G28/><T124/><D124/><U113/><E113/><V115/><F115/><W15/><G34/><T99/><D99/><U120/><E120/><V59/><F106/><W128/><G128/><T130/><D130/><U109/><E109/><V8/><F8/><W16/><G7/><T47/><D55/><U111/><E111/><V58/><F59/><N who="3" m="34927" /><G85/><AGARI ba="0,0" hai="25,27,50,54,58,74,79,82,85,89,93,94,98,102" machi="85" ten="30,1500,0" yaku="7,1" doraHai="10" who="2" fromWho="3" sc="250,0,350,0,399,15,1,-15" owari="250,-15.0,350,15.0,414,51.4,-14,-51.4" /></mjloggm>