<mjloggm ver="2.3"><GO type="225" lobby="0"/><UN n0="%E3%81%AF%E3%82%88%E3%81%8A%E3%81%98%E3%81%95%E3%82%93" n1="%48%61%61%61%6C%61%6E%64" n2="%E3%83%B4%E3%83%A0%EF%BC%99%E3%81%A6" n3="%45%6C%79%73%69%75%6D" dan="16,17,17,18" rate="2143.20,2235.00,2182.95,2171.76" sx="M,M,M,F"/><TAIKYOKU oya="0"/><INIT seed="0,0,0,3,1,48" ten="250,250,250,250" oya="0" hai0="58,21,45,88,127,10,114,5,86,14,110,68,91" hai1="106,61,56,62,82,9,23,122,38,97,3,104,8" hai2="78,7,87,6,24,89,13,111,39,117,4,31,47" hai3="79,118,12,41,98,130,30,115,36,123,112,72,71"/><T132/><D114/><U76/><E122/><V15/><F111/><W84/><G12/><T134/><D68/><U65/><E38/><V116/><F78/><W77/><G30/><T95/><D110/><U55/><E23/><N who="2" m="15775" /><F39/><W80/><G41/><T19/><D127/><U43/><E43/><V113/><F47/><W33/><G33/><T120/><D120/><U57/><E97/><V60/><F60/><W29/><G29/><T49/><D91/><U105/><REACH who="1" step="1"/><E3/><REACH who="1" ten="250,240,250,250" step="2"/><V133/><F113/><W32/><G36/><T128/><D128/><U46/><E46/><V131/><F131/><W67/><G98/><T94/><D45/><U129/><E129/><V18/><F116/><W64/><G130/><T90/><D132/><U135/><E135/><V34/><F117/><W102/><G118/><T42/><D134/><U16/><E16/><V22/><F133/><W92/><G123/><T124/><D124/><U126/><E126/><V59/><F34/><W99/><G32/><T73/><D42/><U27/><E27/><V121/><F121/><W37/><G37/><T52/><D73/><AGARI ba="0,1" hai="8,9,55,56,57,61,62,65,73,76,82,104,105,106" machi="73" ten="40,2600,0" yaku="1,1,52,1,53,0" doraHai="48" doraHaiUra="85" who="1" fromWho="0" sc="250,-26,240,36,250,0,250,0" /><INIT seed="1,0,0,1,3,113" ten="224,276,250,250" oya="1" hai0="35,34,43,92,56,76,70,53,84,121,5,73,124" hai1="3,94,29,61,8,117,19,41,25,130,80,108,60" hai2="109,87,1,9,68,67,105,7,66,62,54,10,134" hai3="132,52,13,37,86,79,111,28,77,83,75,55,88"/><U0/><E130/><V96/><F109/><W119/><G111/><T114/><D114/><U47/><E108/><V74/><F74/><W30/><G37/><T104/><D70/><U103/><E117/><V33/><F33/><W97/><G132/><T81/><D124/><U100/><E80/><V42/><F134/><W101/><G119/><T115/><D115/><U2/><E19/><V64/><F42/><W123/><G123/><T72/><D121/><U23/><E8/><V16/><F87/><W27/><G13/><T95/><D104/><U17/><E17/><V85/><F85/><W11/><G11/><T110/><D110/><U51/><REACH who="1" step="1"/><E94/><REACH who="1" ten="224,266,250,250" step="2"/><V89/><F9/><W6/><G6/><T107/><D5/><U112/><E112/><V91/><F16/><W98/><G30/><T127/><D95/><U135/><E135/><V50/><F10/><W24/><G28/><T118/><D118/><U39/><E39/><V65/><F7/><W106/><G83/><T48/><D107/><U90/><E90/><V12/><F89/><W125/><G106/><T38/><D127/><U93/><E93/><V14/><F91/><W57/><G125/><T45/><D92/><U58/><E58/><N who="2" m="33111" /><F1/><W133/><G133/><T82/><REACH who="0" step="1"/><D73/><REACH who="0" ten="214,266,250,250" step="2"/><U49/><E49/><V129/><F129/><W131/><G131/><T126/><D126/><U46/><E46/><V18/><F18/><W32/><G75/><T128/><D128/><U21/><E21/><V69/><F69/><W78/><G32/><T22/><D22/><U71/><E71/><V120/><F120/><W20/><G20/><RYUUKYOKU ba="0,2" sc="214,10,266,10,250,10,250,-30" hai0="34,35,38,43,45,48,53,56,72,76,81,82,84" hai1="0,2,3,23,25,29,41,47,51,60,61,100,103" hai2="12,14,62,64,65,66,67,68,96,105" /><INIT seed="1,1,2,3,1,94" ten="224,276,260,220" oya="1" hai0="55,44,126,75,70,8,110,83,26,96,42,130,103" hai1="100,37,12,2,108,106,38,101,0,46,78,85,33" hai2="125,18,86,123,113,77,87,6,15,67,69,57,13" hai3="122,133,52,107,51,73,80,62,109,111,121,1,58"/><U97/><E108/><N who="3" m="41546" /><G1/><T19/><D110/><U43/><E37/><V50/><F123/><N who="3" m="47115" /><G107/><T91/><D70/><U92/><E33/><V63/><F125/><W102/><G102/><T48/><D126/><U21/><E101/><V14/><F113/><W32/><G32/><T84/><D130/><U10/><E21/><V72/><F72/><W3/><G3/><T41/><D75/><U20/><E20/><V11/><F77/><N who="3" m="44079" /><G133/><T129/><D129/><U65/><E65/><V29/><F29/><W23/><G23/><T66/><D66/><U131/><E131/><V76/><F76/><W16/><G16/><T118/><D118/><U89/><REACH who="1" step="1"/><E78/><REACH who="1" ten="224,266,260,220" step="2"/><V35/><F35/><W105/><G105/><T53/><D26/><U116/><E116/><V24/><F24/><W88/><G88/><T93/><D103/><U117/><E117/><V128/><F128/><W81/><G81/><T4/><D83/><U27/><E27/><V9/><F67/><W127/><G127/><T82/><D82/><U124/><E124/><V34/><F34/><W64/><G64/><T5/><D91/><U56/><E56/><V114/><F57/><W25/><G25/><T60/><D93/><U28/><E28/><V39/><F11/><W119/><G119/><T134/><D8/><U71/><E71/><V61/><F9/><W54/><G54/><T49/><D55/><U79/><E79/><V95/><F69/><W74/><G74/><T135/><D53/><U132/><E132/><V31/><F95/><W90/><G90/><T68/><D134/><U40/><E40/><N who="0" m="15465" /><D135/><U36/><E36/><RYUUKYOKU ba="1,3" sc="224,-15,266,15,260,-15,220,15" hai1="0,2,10,12,38,43,46,85,89,92,97,100,106" hai3="51,52,58,62" /><INIT seed="1,2,3,3,3,20" ten="209,281,245,235" oya="1" hai0="55,88,68,56,12,124,94,50,67,41,4,105,30" hai1="113,120,1,81,116,80,59,70,15,118,90,85,134" hai2="77,104,92,2,28,62,131,74,39,87,135,22,9" hai3="19,8,132,33,43,115,125,63,40,103,27,82,71"/><U24/><E1/><V96/><F39/><W102/><G115/><T78/><D105/><U14/><E70/><V133/><F74/><W25/><G33/><T3/><D3/><U47/><E113/><V7/><F131/><W73/><G132/><N who="2" m="50761" /><F104/><W127/><G73/><T0/><D0/><U17/><E134/><V101/><F62/><W6/><G82/><T95/><D124/><N who="3" m="47689" /><G19/><T31/><D68/><U53/><E120/><V45/><F45/><W84/><G84/><T100/><D67/><U114/><E114/><V37/><F37/><W44/><G63/><T18/><D4/><U49/><E47/><V110/><F110/><W54/><G54/><T108/><D78/><U112/><E112/><V109/><F109/><W126/><G71/><T130/><D41/><N who="3" m="15945" /><G44/><T91/><D130/><U72/><E72/><V98/><F98/><W111/><G111/><T89/><D108/><U97/><E97/><V61/><F61/><W65/><G65/><T128/><D128/><U93/><E116/><V121/><F121/><W123/><G123/><T69/><D69/><U42/><E118/><V107/><F77/><W52/><G52/><T106/><D55/><U26/><E42/><V29/><F87/><W51/><G51/><T75/><D50/><U21/><E81/><V99/><F99/><W64/><G64/><T16/><D75/><U66/><E66/><V36/><F36/><W83/><G83/><T119/><D119/><U76/><E76/><V57/><F57/><W38/><G38/><T122/><D56/><U117/><E117/><V5/><F96/><W34/><G126/><RYUUKYOKU ba="2,3" sc="209,0,281,0,245,0,235,0" /><INIT seed="2,3,3,0,1,106" ten="209,281,245,235" oya="2" hai0="17,19,35,49,54,59,68,80,56,51,105,67,131" hai1="90,31,2,65,23,53,97,93,89,135,75,102,85" hai2="3,104,109,50,33,66,86,91,118,113,39,134,126" hai3="69,132,101,25,103,34,112,1,129,120,48,36,99"/><V12/><RYUUKYOKU type="yao9" ba="3,3" sc="209,0,281,0,245,0,235,0" hai2="3,12,33,39,50,66,86,91,104,109,113,118,126,134" /><INIT seed="2,4,3,2,1,125" ten="209,281,245,235" oya="2" hai0="81,41,19,94,96,120,3,40,17,7,35,102,10" hai1="31,84,20,28,90,6,70,57,69,128,66,113,1" hai2="68,129,60,27,116,110,135,49,26,38,101,109,45" hai3="36,34,86,54,18,29,14,115,76,98,2,130,114"/><V56/><F116/><W100/><G36/><T55/><D120/><U39/><E113/><N who="3" m="43018" /><G130/><T79/><D35/><U124/><E39/><V0/><F0/><W9/><G2/><T64/><D64/><U12/><E124/><V95/><F135/><W15/><G76/><T46/><D55/><U44/><E44/><V71/><F38/><W48/><G86/><T105/><D105/><U50/><E128/><V30/><F129/><W107/><G14/><T78/><D78/><U121/><E121/><V25/><F30/><N who="1" m="11305" /><E69/><V126/><F126/><W134/><G134/><T119/><D119/><U72/><E70/><V104/><F104/><W23/><G34/><T99/><D96/><U24/><E72/><V47/><F68/><W122/><G122/><T59/><D59/><U117/><E1/><V37/><F71/><W43/><G43/><T83/><D83/><U42/><E117/><V91/><F37/><W127/><G127/><T61/><D61/><N who="1" m="38191" /><E12/><V75/><F75/><W53/><G48/><T133/><D133/><U73/><E73/><V118/><F49/><W22/><G29/><T65/><D65/><U87/><E6/><V51/><F51/><W131/><G131/><T106/><D106/><U52/><E42/><N who="0" m="16489" /><D46/><N who="1" m="27735" /><E90/><V33/><F33/><W16/><G53/><T62/><D62/><U108/><E108/><N who="2" m="41579" /><F91/><W58/><G54/><T13/><D3/><U89/><E89/><V103/><F118/><W4/><G58/><T112/><D112/><U85/><E85/><AGARI ba="4,3" hai="7,10,13,17,19,79,81,85,94,99,102" m="16489" machi="85" ten="30,1000,0" yaku="8,1" doraHai="125" who="0" fromWho="1" sc="209,52,281,-22,245,0,235,0" /><INIT seed="3,0,0,0,5,60" ten="261,259,245,235" oya="3" hai0="25,21,75,7,3,116,102,23,88,58,94,55,4" hai1="120,125,54,12,79,63,110,127,130,86,108,52,59" hai2="47,31,70,64,103,69,30,53,98,106,8,105,15" hai3="101,1,34,17,95,91,27,111,49,36,113,50,96"/><W121/><G36/><T9/><D116/><U87/><E120/><V124/><F106/><W78/><G121/><T39/><D75/><U35/><E35/><V122/><F122/><W114/><G1/><T5/><D102/><U11/><E130/><V26/><F124/><N who="1" m="47689" /><E54/><V92/><F105/><W24/><G113/><T40/><D21/><U10/><E10/><V73/><F73/><W89/><G114/><T38/><D5/><N who="1" m="3183" /><E79/><V22/><F30/><W76/><G111/><AGARI ba="0,0" hai="52,59,63,86,87,108,110,111" m="3183,47689" machi="111" ten="30,3900,0" yaku="14,1,18,1,54,1" doraHai="60" who="1" fromWho="3" sc="261,0,259,39,245,0,235,-39" /><INIT seed="4,0,0,1,2,2" ten="261,298,245,196" oya="0" hai0="117,83,40,7,76,22,56,110,62,58,34,19,35" hai1="81,41,27,114,65,121,23,14,37,125,55,28,106" hai2="30,29,63,11,36,124,57,111,119,3,21,115,123" hai3="77,52,13,51,105,45,38,101,5,97,24,4,108"/><T109/><D117/><U116/><E116/><V49/><F119/><W74/><G108/><N who="0" m="41579" /><D40/><U50/><E121/><V48/><F111/><W20/><G38/><T61/><D56/><U1/><E1/><V16/><F36/><W72/><G13/><N who="0" m="9583" /><D7/><U135/><E37/><V17/><F123/><W80/><G72/><N who="0" m="43399" /><D62/><U133/><E41/><V31/><F3/><W100/><G100/><T25/><D25/><U59/><E106/><V46/><F11/><W71/><G71/><T103/><D103/><U32/><E125/><V79/><F124/><W18/><AGARI ba="0,0" hai="4,5,18,20,24,45,51,52,74,77,80,97,101,105" machi="18" ten="20,8000,1" yaku="0,1,7,1,52,2,54,1" doraHai="2" who="3" fromWho="3" sc="261,-40,298,-20,245,-20,196,80" /><INIT seed="5,0,0,2,0,98" ten="221,278,225,276" oya="1" hai0="71,18,61,92,7,116,121,66,3,34,72,65,30" hai1="111,128,17,28,105,53,20,68,27,125,94,4,102" hai2="123,93,40,127,55,16,37,79,133,118,33,97,58" hai3="81,43,119,48,6,47,69,78,109,74,67,91,124"/><U14/><E125/><V112/><F123/><W86/><G124/><T100/><D116/><U135/><E128/><V95/><F127/><W73/><G119/><T23/><D72/><U104/><E68/><V8/><F118/><W50/><G109/><T96/><D121/><U52/><E111/><V45/><F33/><W117/><G117/><T63/><D34/><U83/><E135/><V99/><F133/><W57/><G69/><T108/><D108/><U46/><E4/><V132/><F132/><W26/><G26/><T101/><D30/><U131/><E131/><V120/><F120/><W80/><G6/><T82/><D82/><U89/><E83/><V10/><F79/><W103/><G74/><T75/><D75/><U32/><E102/><N who="0" m="39529" /><D3/><U59/><E46/><V9/><F112/><W126/><G126/><T15/><D7/><U36/><E36/><V22/><F93/><W49/><G103/><N who="0" m="60807" /><D71/><U70/><E70/><V110/><F95/><W77/><G77/><T60/><AGARI ba="0,0" hai="15,18,23,60,61,63,65,66" m="60807,39529" machi="60" ten="30,8000,1" yaku="8,1,52,4" doraHai="98" who="0" fromWho="0" sc="221,80,278,-40,225,-20,276,-20" owari="301,40.1,238,-16.2,205,-29.5,256,5.6" /></mjloggm>