<mjloggm ver="2.3"><GO type="225" lobby="0"/><UN n0="%E7%99%BD%E9%9B%AA%E4%B9%83%E6%84%9B" n1="%E3%82%A2%E3%82%A4%E3%82%B9%E3%83%86%E3%82%A3%E3%83%BC%E3%81%82%E3%81%B9" n2="%E3%81%8B%E3%82%8F%E3%81%A1%E3%82%83%E3%82%93%35%38" n3="%E3%83%88%E3%83%A9%E3%83%9E%E3%83%AB" dan="16,16,17,16" rate="2063.43,2109.14,2124.84,2071.99" sx="F,M,M,M"/><TAIKYOKU oya="0"/><INIT seed="0,0,0,0,0,78" ten="250,250,250,250" oya="0" hai0="85,14,32,4,61,113,119,7,62,68,98,92,129" hai1="56,77,112,67,71,22,118,20,131,55,100,65,117" hai2="84,21,83,25,31,108,101,43,121,86,111,49,97" hai3="124,134,19,127,66,18,82,133,41,60,2,72,36"/><T94/><D113/><U29/><E112/><V52/><F43/><W35/><G2/><T5/><D119/><U95/><E131/><V44/><F121/><W63/><G35/><T126/><D32/><U38/><E38/><V48/><F48/><W39/><G41/><T40/><D129/><U103/><E71/><V58/><F44/><W120/><G66/><T1/><D126/><U73/><E73/><V8/><F8/><W30/><G30/><T135/><D1/><U6/><E77/><V115/><F115/><W128/><G128/><T102/><D135/><U69/><E69/><V26/><F26/><W93/><G93/><T104/><D40/><U87/><E6/><V23/><F23/><W105/><G72/><T81/><D14/><U27/><E22/><V122/><F122/><W89/><G89/><T34/><D34/><U13/><E13/><V12/><F12/><W76/><G76/><T91/><D68/><U28/><E29/><V33/><F33/><W11/><G120/><T10/><D10/><U74/><E74/><V3/><F3/><W110/><G11/><T51/><D51/><N who="1" m="30847" /><E118/><V79/><REACH who="2" step="1"/><F84/><REACH who="2" ten="250,250,240,250" step="2"/><W24/><G24/><T90/><REACH who="0" step="1"/><D104/><AGARI ba="0,1" hai="21,25,31,49,52,58,79,83,86,97,101,104,108,111" machi="104" ten="40,8000,1" yaku="1,1,2,1,52,1,54,1,53,0" doraHai="78" doraHaiUra="42" who="2" fromWho="0" sc="250,-80,250,0,240,90,250,0" /><INIT seed="1,0,0,4,2,72" ten="170,250,330,250" oya="1" hai0="9,4,131,99,110,104,100,45,130,27,87,20,120" hai1="113,57,50,76,92,40,46,105,85,60,128,77,53" hai2="127,12,49,36,106,3,111,64,16,132,32,62,96" hai3="37,118,74,129,17,5,30,67,134,94,48,135,109"/><U124/><E105/><V35/><F3/><W29/><G37/><T38/><D110/><U98/><E113/><V123/><F36/><W66/><G109/><T69/><D69/><U78/><E124/><V61/><F123/><W81/><G129/><T122/><D120/><U25/><E128/><V125/><F49/><W22/><G5/><T103/><D122/><U51/><E25/><V84/><F84/><W126/><G126/><N who="2" m="48137" /><F132/><W63/><G48/><T102/><D131/><U90/><E51/><V33/><F111/><W15/><G118/><T95/><D104/><U24/><REACH who="1" step="1"/><E24/><REACH who="1" ten="170,240,330,250" step="2"/><V101/><F64/><W71/><G67/><T88/><D130/><U52/><E52/><V56/><F56/><W115/><G115/><T47/><D38/><U23/><E23/><AGARI ba="0,1" hai="12,16,23,32,33,35,61,62,96,101,106" m="48137" machi="23" ten="40,2600,0" yaku="18,1,54,1" doraHai="72" who="2" fromWho="1" sc="170,0,240,-26,330,36,250,0" /><INIT seed="2,0,0,1,3,91" ten="170,214,366,250" oya="2" hai0="42,32,52,30,13,9,94,35,6,124,49,63,127" hai1="74,73,71,14,103,80,46,59,126,27,82,65,116" hai2="99,70,131,110,100,21,81,89,28,101,120,7,24" hai3="72,134,135,128,29,23,114,92,0,67,11,96,109"/><V115/><F70/><W107/><G107/><T1/><D42/><U37/><E71/><V62/><F62/><W90/><G72/><T34/><D63/><U106/><E116/><V47/><F47/><W19/><G67/><T17/><D30/><U12/><E65/><V20/><F7/><W10/><G109/><T15/><D1/><U119/><E59/><V68/><F68/><W133/><G128/><T66/><D66/><U111/><E111/><V117/><F117/><W123/><G123/><T58/><REACH who="0" step="1"/><D94/><REACH who="0" ten="160,214,366,250" step="2"/><U88/><E119/><V50/><F28/><W86/><G29/><T122/><D122/><U87/><E106/><V79/><F120/><W104/><G114/><T41/><D41/><U16/><E37/><V98/><F115/><W8/><G0/><T4/><D4/><U113/><E113/><V95/><F95/><W121/><G121/><T105/><D105/><U55/><E55/><V22/><F110/><W2/><G2/><T84/><D84/><N who="1" m="50183" /><E74/><V69/><F69/><W108/><G108/><T83/><D83/><U18/><E73/><V38/><F81/><W33/><G104/><T64/><D64/><U97/><E87/><V130/><F38/><W102/><G86/><T77/><D77/><U26/><E82/><V3/><F79/><W118/><G118/><T75/><D75/><U56/><E97/><V132/><F99/><W36/><G36/><T129/><D129/><U25/><E18/><N who="2" m="12311" /><F130/><W61/><G61/><T93/><D93/><U43/><E16/><V51/><F131/><W5/><G92/><T48/><D48/><U57/><E43/><RYUUKYOKU ba="0,1" sc="160,30,214,-10,366,-10,250,-10" hai0="6,9,13,15,17,32,34,35,49,52,58,124,127" /><INIT seed="3,1,1,0,2,109" ten="190,204,356,240" oya="3" hai0="57,2,52,118,75,132,25,21,39,115,61,11,82" hai1="49,88,117,93,15,9,10,79,5,53,83,22,14" hai2="92,108,32,70,27,16,68,112,7,120,86,91,131" hai3="87,80,123,121,17,67,99,133,33,94,42,71,119"/><W63/><G119/><T23/><D118/><U30/><E117/><V64/><F64/><W60/><G33/><T69/><D132/><U8/><E30/><V134/><F7/><W96/><G133/><T47/><D69/><U3/><E3/><V101/><F101/><W31/><G31/><T35/><D35/><U59/><E22/><V6/><F6/><W76/><G42/><T12/><D2/><U100/><E100/><V29/><F16/><W20/><G99/><T41/><D25/><U18/><E5/><V0/><F86/><W26/><REACH who="3" step="1"/><G63/><REACH who="3" ten="190,204,356,230" step="2"/><T38/><D38/><U51/><E49/><V58/><F29/><W19/><G19/><T45/><D115/><U116/><E116/><V50/><F50/><W28/><G28/><T111/><D111/><U124/><E18/><V72/><F32/><W4/><G4/><N who="0" m="3175" /><D41/><U1/><E51/><V65/><F112/><W66/><G66/><T73/><D39/><U78/><E53/><V90/><F65/><W110/><G110/><T62/><D62/><U126/><E126/><V13/><F108/><W114/><G114/><T43/><D43/><U44/><E124/><V40/><F134/><W102/><AGARI ba="1,2" hai="17,20,26,60,67,71,76,80,87,94,96,102,121,123" machi="102" ten="20,3900,0" yaku="1,1,0,1,7,1,53,0" doraHai="109" doraHaiUra="84" who="3" fromWho="3" sc="190,-14,204,-14,356,-14,230,62" /><INIT seed="3,2,0,2,1,0" ten="176,190,342,292" oya="3" hai0="110,94,84,53,48,134,65,77,2,4,82,9,73" hai1="85,112,91,120,76,49,29,31,63,93,78,23,61" hai2="83,10,25,115,51,34,8,127,118,27,20,21,100" hai3="45,22,44,116,59,114,105,72,132,128,87,92,42"/><W133/><G105/><T81/><D110/><U56/><E120/><V108/><F34/><W69/><G72/><T67/><D94/><U3/><E3/><V57/><F57/><W111/><G69/><T5/><D5/><U68/><E112/><V40/><F83/><W124/><G114/><T24/><D24/><N who="1" m="16543" /><E31/><V26/><F26/><W17/><G116/><T86/><D134/><N who="3" m="51817" /><G124/><T99/><D99/><N who="1" m="57791" /><E68/><V119/><F127/><W33/><G33/><T70/><D70/><U80/><E78/><V43/><F119/><W55/><G128/><T37/><D37/><U123/><E123/><V39/><F118/><W125/><G125/><T75/><D75/><U113/><E113/><V38/><F115/><W60/><G111/><T13/><D2/><U101/><E101/><V46/><F108/><W107/><G107/><T18/><D18/><U74/><E74/><V98/><F39/><W16/><G17/><T79/><D73/><U102/><E102/><V103/><F38/><W52/><G55/><AGARI ba="2,0" hai="49,55,56,61,63,76,80,85" m="57791,16543" machi="55" ten="30,1000,0" yaku="8,1" doraHai="0" who="1" fromWho="3" sc="176,0,190,16,342,0,292,-16" owari="176,-32.4,206,-19.4,342,44.2,276,7.6" /></mjloggm>