<mjloggm ver="2.3"><GO type="225" lobby="0"/><UN n0="%E9%A2%A8%E3%81%A7%E9%B3%B4%E3%81%8F" n1="%E3%81%BF%E3%81%BF%E3%81%9A" n2="%E3%81%B5%E3%81%98%E3%81%8B%E3%81%A4" n3="%E9%B3%B3%E6%9D%B1%E3%81%AE%E3%81%86%E3%81%95%E3%81%8E%E3%81%95%E3%82%93" dan="16,16,16,17" rate="2189.98,2150.27,2200.91,2270.70" sx="M,M,M,M"/><TAIKYOKU oya="0"/><INIT seed="0,0,0,3,0,124" ten="250,250,250,250" oya="0" hai0="5,43,119,100,84,104,33,57,71,82,72,23,91" hai1="113,31,115,17,30,117,36,0,46,56,44,127,25" hai2="77,37,35,79,96,32,98,112,38,114,83,92,20" hai3="62,67,2,59,81,3,129,69,49,99,95,10,126"/><T125/><D125/><U132/><E117/><V130/><F92/><W9/><G126/><T108/><D119/><U109/><E127/><V135/><F83/><W28/><G28/><N who="1" m="10794" /><E109/><V26/><F20/><W93/><G81/><T70/><D33/><U111/><E111/><V47/><F26/><W116/><G116/><T120/><D108/><U131/><E36/><V55/><F55/><W1/><G93/><T85/><D120/><U123/><E123/><V52/><F52/><W97/><G97/><T6/><D43/><U64/><E0/><V8/><F47/><W76/><G76/><T29/><D72/><U133/><E17/><V40/><F40/><W19/><G19/><T87/><D70/><U74/><E25/><V42/><F42/><W58/><G49/><T60/><D71/><U11/><E11/><V75/><F8/><W16/><G9/><T128/><D100/><U88/><E88/><V102/><F135/><N who="1" m="51785" /><E74/><V105/><F102/><W73/><G73/><T89/><D104/><U45/><E131/><V41/><F75/><W50/><G129/><T122/><D128/><U101/><E101/><V4/><F130/><W15/><REACH who="3" step="1"/><G50/><REACH who="3" ten="250,250,250,240" step="2"/><T118/><D122/><U65/><E56/><V78/><F98/><W61/><G61/><T90/><D118/><U13/><E13/><V110/><F96/><W68/><G68/><T94/><D94/><U63/><E63/><V18/><F110/><W103/><AGARI ba="0,1" hai="1,2,3,10,15,16,58,59,62,67,69,95,99,103" machi="103" ten="30,8000,1" yaku="1,1,0,1,54,1,53,2" doraHai="124" doraHaiUra="54" who="3" fromWho="3" sc="250,-40,250,-20,250,-20,240,90" /><INIT seed="1,0,0,5,1,63" ten="210,230,230,330" oya="1" hai0="33,75,37,97,69,4,116,110,128,91,135,71,115" hai1="82,130,34,65,103,93,80,43,73,98,44,94,57" hai2="64,16,39,23,6,38,49,105,25,46,59,92,31" hai3="70,2,96,77,113,108,109,24,56,118,72,51,17"/><U126/><E130/><V76/><F105/><W52/><G113/><T40/><RYUUKYOKU type="yao9" ba="0,0" sc="210,0,230,0,230,0,330,0" hai0="4,33,37,40,69,71,75,91,97,110,115,116,128,135" /><INIT seed="1,1,0,0,5,100" ten="210,230,230,330" oya="1" hai0="114,51,29,112,119,24,94,133,122,35,23,47,25" hai1="109,7,49,88,81,46,104,13,83,31,36,2,62" hai2="121,101,72,65,69,87,82,58,60,76,125,0,27" hai3="53,22,57,33,9,30,129,134,95,78,102,92,38"/><U3/><E36/><V132/><F121/><W59/><G33/><T11/><D119/><U44/><E31/><V103/><F125/><W55/><G38/><T120/><D94/><N who="3" m="35881" /><G129/><T115/><D133/><U99/><E62/><V45/><F132/><W73/><G73/><T105/><D105/><U126/><E126/><V28/><F0/><W128/><G128/><T66/><D66/><U131/><E131/><V96/><F45/><W68/><G68/><T97/><D97/><U93/><E109/><V130/><F130/><W21/><G102/><T118/><D118/><U70/><E104/><V90/><F58/><W111/><G111/><T1/><D51/><U4/><E70/><V107/><F103/><W19/><G78/><T26/><D47/><U5/><E44/><V64/><F64/><W74/><G74/><T123/><D35/><U54/><REACH who="1" step="1"/><E13/><REACH who="1" ten="210,220,230,330" step="2"/><V32/><REACH who="2" step="1"/><F72/><REACH who="2" ten="210,220,220,330" step="2"/><W12/><G134/><T113/><N who="0" m="28672" /><DORA hai="16" /><T39/><D39/><U56/><E56/><V15/><F15/><W80/><G59/><T20/><D29/><U42/><E42/><V50/><F50/><W67/><G12/><T43/><D43/><U116/><E116/><V10/><F10/><W98/><G9/><T18/><D20/><U17/><E17/><V85/><F85/><W41/><G19/><T91/><D18/><U110/><E110/><V127/><F127/><W135/><G21/><T77/><D23/><U117/><E117/><V124/><F124/><W86/><G22/><T108/><D108/><U14/><E14/><V52/><F52/><W8/><G135/><T79/><D122/><RYUUKYOKU ba="1,2" sc="210,-15,220,15,220,15,330,-15" hai1="2,3,4,5,7,46,49,54,81,83,88,93,99" hai2="27,28,32,60,65,69,76,82,87,90,96,101,107" /><INIT seed="1,2,2,5,2,101" ten="195,235,235,315" oya="1" hai0="58,52,53,126,25,19,96,2,26,40,86,48,38" hai1="70,43,127,51,112,99,13,124,7,37,133,94,78" hai2="102,8,88,56,15,122,11,10,106,59,130,104,114" hai3="85,111,35,22,33,115,44,55,32,74,28,110,41"/><U62/><E112/><V107/><F122/><W16/><G74/><T47/><D2/><U73/><E37/><V84/><F114/><W123/><G123/><T27/><D126/><N who="1" m="48171" /><E133/><V98/><F130/><W69/><G115/><T77/><D77/><U109/><E109/><N who="3" m="41482" /><G69/><T67/><D67/><N who="1" m="41335" /><E43/><V45/><F45/><W23/><G55/><T65/><D65/><U54/><E13/><V129/><F15/><N who="3" m="9503" /><G85/><T113/><D113/><U82/><E7/><V92/><REACH who="2" step="1"/><F129/><REACH who="2" ten="195,235,225,315" step="2"/><W42/><G44/><T95/><D86/><U18/><E18/><V5/><F5/><W80/><G80/><AGARI ba="2,3" hai="8,10,11,56,59,80,84,88,92,98,102,104,106,107" machi="80" ten="50,16000,3" yaku="1,1,52,3,54,1,53,3" doraHai="101" doraHaiUra="6" who="2" fromWho="3" sc="195,0,235,0,225,196,315,-166" /><INIT seed="2,0,0,5,3,133" ten="195,235,421,149" oya="2" hai0="82,105,49,38,13,94,30,75,44,40,91,48,39" hai1="68,25,55,63,118,27,120,3,69,98,85,23,77" hai2="113,53,61,60,41,6,84,132,124,106,108,70,15" hai3="54,86,67,72,122,95,102,22,18,128,87,56,20"/><V130/><F113/><W0/><G128/><T71/><D71/><U4/><E118/><V109/><F130/><W9/><G72/><T26/><D105/><U76/><E98/><V96/><F132/><W62/><G122/><T24/><D13/><U73/><E73/><V134/><F41/><W107/><G107/><T135/><D24/><U127/><E55/><V7/><F84/><W123/><G123/><T92/><D92/><U42/><E42/><V31/><F31/><W83/><G0/><T79/><D48/><U32/><E32/><V5/><F15/><W80/><G9/><T12/><D12/><U88/><E25/><V14/><F14/><W19/><G67/><T115/><D115/><U47/><E47/><V74/><F74/><W46/><G46/><T43/><D43/><U129/><E129/><V59/><F134/><W2/><G2/><T104/><D104/><U101/><E101/><V10/><F10/><W8/><G8/><T51/><D39/><U99/><E77/><V16/><F106/><W131/><G131/><T90/><D90/><U28/><E76/><V125/><F96/><W110/><G110/><N who="2" m="42601" /><F16/><W97/><G19/><T103/><D103/><U65/><E99/><V119/><F119/><W121/><G121/><T29/><D29/><U78/><E78/><V36/><F36/><W45/><G18/><T89/><D135/><U1/><E120/><V126/><F70/><N who="1" m="27241" /><E4/><V64/><F64/><N who="3" m="38983" /><G87/><N who="0" m="52543" /><D91/><U21/><E1/><V33/><F33/><W93/><G86/><T17/><D30/><N who="1" m="17775" /><E3/><V35/><F35/><W81/><G95/><T112/><D112/><RYUUKYOKU ba="0,0" sc="195,10,235,-30,421,10,149,10" hai0="17,26,38,40,44,49,51,75,79,82" hai2="5,6,7,53,59,60,61,124,125,126" hai3="20,22,45,54,80,81,83,93,97,102" /><INIT seed="2,1,0,4,5,9" ten="205,205,431,159" oya="2" hai0="132,47,45,86,35,120,36,101,57,5,133,12,2" hai1="49,37,50,83,85,126,23,15,44,38,1,10,69" hai2="29,52,100,34,51,7,114,118,78,27,72,48,26" hai3="8,135,76,105,89,92,127,61,20,102,108,64,112"/><V80/><F118/><W62/><G135/><N who="0" m="51787" /><D35/><U65/><E126/><V70/><F114/><W79/><G127/><T129/><D120/><U115/><E115/><V67/><F7/><W41/><G108/><T94/><D36/><U66/><E50/><V32/><F100/><W77/><G112/><T113/><D129/><U16/><E38/><V124/><F124/><W68/><G41/><T56/><D2/><U110/><E37/><V54/><F48/><W81/><G105/><T17/><D5/><N who="1" m="3535" /><E69/><V18/><F51/><W88/><G81/><T98/><D86/><U21/><E21/><V134/><F134/><W131/><G131/><T74/><D74/><U128/><E1/><V73/><F73/><W6/><G20/><N who="0" m="11303" /><D113/><U71/><E71/><V119/><F119/><W106/><G106/><T60/><D57/><U104/><E104/><V39/><F18/><W99/><REACH who="3" step="1"/><G62/><REACH who="3" ten="205,205,431,149" step="2"/><T55/><AGARI ba="1,1" hai="45,47,55,56,60,94,98,101" m="11303,51787" machi="55" ten="30,2000,0" yaku="20,1,52,1" doraHai="9" who="0" fromWho="0" sc="205,33,205,-6,431,-11,149,-6" /><INIT seed="3,0,0,3,3,62" ten="238,199,420,143" oya="3" hai0="133,58,70,23,39,24,95,57,50,0,119,31,104" hai1="93,27,94,37,135,82,126,36,107,115,84,125,103" hai2="47,56,127,6,29,33,117,79,69,66,131,60,113" hai3="52,8,48,80,72,114,90,17,92,1,132,3,110"/><W116/><G114/><T49/><D0/><U41/><E115/><V78/><F113/><W38/><G116/><T18/><D104/><U68/><E68/><V86/><F127/><N who="1" m="48649" /><E135/><V120/><F131/><W75/><G38/><N who="1" m="14954" /><E41/><V30/><F6/><W42/><G42/><T40/><D40/><U34/><E103/><V35/><F86/><W88/><G132/><T81/><D39/><U61/><E107/><V10/><F10/><W7/><G1/><T4/><D4/><U134/><E61/><V32/><F47/><W118/><G118/><T87/><D70/><U105/><E105/><V46/><F46/><W97/><G17/><T121/><D121/><U96/><E96/><V102/><F102/><W111/><G90/><T53/><D119/><U123/><E123/><V98/><F56/><N who="3" m="32775" /><G80/><T12/><D95/><U74/><E74/><V91/><F120/><W106/><G106/><T45/><D50/><U15/><E134/><V101/><F117/><W54/><G54/><T83/><D83/><U19/><E34/><V2/><F91/><W20/><G20/><N who="0" m="15751" /><D133/><U25/><E94/><V76/><F2/><W63/><G63/><T109/><D109/><AGARI ba="0,0" hai="3,7,8,72,75,88,92,97,109,110,111" m="32775" machi="109" ten="30,11600,0" yaku="14,1,10,1,54,2" doraHai="62" who="3" fromWho="0" sc="238,-116,199,0,420,0,143,116" /><INIT seed="3,1,0,1,1,0" ten="122,199,420,259" oya="3" hai0="122,124,135,37,18,49,34,20,8,47,7,13,88" hai1="29,119,72,128,97,66,127,90,56,5,101,93,68" hai2="48,79,102,17,106,83,52,33,11,1,73,100,51" hai3="87,14,84,50,54,133,75,61,62,115,77,107,85"/><W3/><G115/><T10/><D124/><U110/><E68/><V95/><F33/><W28/><G3/><T70/><D135/><U4/><E127/><V58/><F106/><W36/><G36/><T123/><D70/><U82/><E110/><V108/><F108/><W31/><G107/><T42/><D34/><U92/><E128/><V9/><F48/><W134/><G14/><T32/><D32/><U120/><E120/><V23/><F95/><W80/><G61/><T65/><D65/><U78/><E29/><V24/><F11/><W94/><G62/><T131/><D131/><U55/><E66/><V98/><F98/><W26/><G94/><T126/><D126/><U67/><E67/><V15/><F1/><W86/><N who="3" m="21504" /><DORA hai="96" /><W112/><G112/><T30/><D30/><AGARI ba="1,0" hai="9,15,17,23,24,30,51,52,58,73,79,83,100,102" machi="30" ten="30,7700,0" yaku="7,1,52,2,54,1" doraHai="0,96" who="2" fromWho="0" sc="122,-80,199,0,420,80,259,0" owari="42,-45.8,199,-20.1,500,60.0,259,5.9" /></mjloggm>