<mjloggm ver="2.3"><GO type="225" lobby="0"/><UN n0="%E3%80%90%E3%83%88%E3%83%AA%E3%83%A5%E3%83%95%E3%80%91" n1="%E3%83%B4%E3%82%A3%E3%83%AF%E3%82%B3%E3%82%B0%E3%83%8B" n2="%6E%69%63%6F%6E%74%6F" n3="%6D%75%75%73%61%6E%6D%75" dan="16,16,16,17" rate="2095.01,2218.82,2149.86,2156.65" sx="M,M,M,F"/><TAIKYOKU oya="0"/><INIT seed="0,0,0,5,0,14" ten="250,250,250,250" oya="0" hai0="108,126,20,48,49,81,89,112,77,6,54,85,123" hai1="82,122,25,59,34,119,13,43,68,60,84,118,79" hai2="103,132,117,116,105,107,102,24,124,73,100,99,9" hai3="80,93,98,56,31,69,74,110,35,83,131,5,92"/><T72/><D112/><U0/><E122/><V28/><F132/><W22/><G69/><T114/><D114/><U47/><E0/><V29/><F124/><W130/><G35/><T120/><D126/><U62/><E68/><V55/><F73/><W15/><G74/><T109/><D6/><U94/><E94/><V33/><F29/><W19/><G110/><N who="0" m="42603" /><D20/><U106/><E106/><V134/><F134/><W101/><G5/><T38/><D38/><U65/><E60/><V90/><F9/><W63/><G31/><T44/><D48/><U91/><E79/><V51/><F90/><W67/><REACH who="3" step="1"/><G92/><AGARI ba="0,0" hai="44,49,54,72,77,81,85,89,92,120,123" m="42603" machi="92" ten="30,2900,0" yaku="14,1,10,1" doraHai="14" who="0" fromWho="3" sc="250,29,250,0,250,0,250,-29" /><INIT seed="0,1,0,1,2,131" ten="279,250,250,221" oya="0" hai0="4,58,9,39,121,45,74,118,12,29,85,120,99" hai1="53,103,130,25,92,91,83,28,123,113,55,68,106" hai2="15,54,37,30,132,22,34,38,114,72,119,116,41" hai3="18,125,102,122,66,124,63,44,112,81,87,71,19"/><T13/><D118/><N who="2" m="45098" /><F114/><W14/><G112/><T56/><D74/><U80/><E113/><V62/><F72/><W5/><G122/><T104/><D29/><U27/><E123/><V75/><F75/><W52/><G102/><T33/><D33/><U1/><E68/><V97/><F34/><W127/><G5/><T16/><D85/><U65/><E1/><V78/><F78/><W90/><G14/><T10/><D58/><U95/><E65/><V100/><F41/><W47/><G47/><T49/><D56/><U67/><E67/><V109/><F54/><W7/><G7/><T128/><D39/><U96/><E130/><V82/><F62/><W43/><REACH who="3" step="1"/><G52/><REACH who="3" ten="279,250,250,211" step="2"/><N who="1" m="20042" /><E106/><V61/><F61/><W98/><G98/><T70/><D128/><U69/><E103/><V42/><F97/><W20/><G20/><T48/><D99/><U2/><E96/><V134/><F100/><W6/><G6/><T133/><D104/><U93/><E2/><V26/><F15/><W84/><G84/><T76/><D45/><U79/><E25/><V126/><F26/><W24/><G24/><T31/><D4/><U46/><E46/><V51/><F22/><W107/><G107/><T88/><D120/><U40/><E27/><V129/><F30/><W60/><G60/><T89/><D121/><U50/><E28/><V17/><F129/><W59/><G59/><T101/><D31/><U32/><E32/><V36/><F17/><W94/><G94/><T73/><D101/><U57/><E93/><V77/><F82/><W35/><G35/><T111/><D73/><U21/><E80/><RYUUKYOKU ba="1,1" sc="279,-10,250,-10,250,-10,211,30" hai3="18,19,43,44,63,66,71,81,87,90,124,125,127" /><INIT seed="1,2,1,0,0,19" ten="269,240,240,241" oya="1" hai0="109,13,119,84,61,128,39,124,108,78,107,43,53" hai1="73,123,135,6,120,27,3,67,45,117,9,70,69" hai2="111,100,129,65,22,8,16,80,5,17,28,89,98" hai3="52,86,4,105,40,88,82,50,102,35,76,97,134"/><U96/><E117/><V68/><F111/><N who="0" m="42570" /><D119/><U25/><E73/><V132/><F129/><W29/><G134/><T72/><D107/><U56/><E135/><V15/><F132/><W58/><G4/><T63/><D128/><U115/><E115/><V32/><F68/><W47/><G35/><T87/><D13/><U133/><E133/><V131/><F131/><W59/><G29/><T1/><D1/><U103/><E56/><V94/><F65/><W83/><REACH who="3" step="1"/><G40/><REACH who="3" ten="269,240,240,231" step="2"/><T7/><D7/><U81/><E120/><V112/><F32/><W14/><G14/><T92/><D43/><U42/><E123/><V34/><F34/><W21/><G21/><T11/><D11/><U54/><E9/><V37/><F112/><W125/><G125/><T121/><D124/><U71/><E6/><V114/><F114/><W49/><G49/><T12/><D12/><U33/><E3/><V23/><F37/><W38/><G38/><T2/><D39/><U57/><E33/><V36/><F36/><W126/><G126/><T51/><D2/><U41/><E41/><V60/><F60/><W30/><G30/><T110/><D110/><U0/><E0/><V26/><F23/><W74/><AGARI ba="2,2" hai="47,50,52,58,59,74,76,82,83,86,88,97,102,105" machi="74" ten="20,8000,1" yaku="1,1,0,1,7,1,54,2,53,0" doraHai="19" doraHaiUra="130" who="3" fromWho="3" sc="269,-22,240,-42,240,-22,231,106" /><INIT seed="2,0,0,5,3,69" ten="247,198,218,337" oya="2" hai0="93,90,132,109,42,114,72,111,28,29,80,3,92" hai1="25,106,76,31,59,102,117,115,37,85,55,30,20" hai2="133,1,12,122,58,113,35,39,21,131,101,91,44" hai3="108,10,119,118,125,48,78,43,95,54,26,27,23"/><V57/><F122/><W22/><G108/><N who="0" m="41547" /><D114/><U127/><E115/><V81/><F113/><W24/><G125/><T60/><D3/><U100/><E117/><V8/><F131/><W0/><G78/><N who="0" m="44103" /><D132/><U129/><E127/><V18/><F133/><W46/><G0/><T104/><D104/><U88/><E37/><V77/><F101/><N who="1" m="39017" /><E106/><V64/><F64/><W130/><G130/><T40/><D60/><N who="1" m="35967" /><E129/><V94/><F35/><W45/><G118/><T6/><D6/><U89/><E31/><N who="0" m="11849" /><D93/><U66/><E66/><V83/><F1/><W38/><G95/><T73/><D73/><U47/><E47/><V49/><F21/><W19/><G119/><T50/><D50/><U103/><N who="1" m="39025" /><U51/><DORA hai="65" /><E51/><V16/><F49/><W14/><AGARI ba="0,0" hai="10,14,19,22,23,24,26,27,38,43,45,46,48,54" machi="14" ten="30,2000,0" yaku="0,1,52,1" doraHai="69,65" who="3" fromWho="3" sc="247,-5,198,-5,218,-10,337,20" /><INIT seed="3,0,0,4,1,120" ten="242,193,208,357" oya="3" hai0="56,10,74,49,123,102,31,116,114,131,117,52,98" hai1="17,14,44,105,53,126,32,4,41,89,6,115,40" hai2="59,2,55,96,125,50,75,92,19,81,9,110,8" hai3="73,72,69,29,90,1,68,20,111,108,35,71,93"/><W33/><G1/><T54/><D123/><U133/><E115/><V135/><F135/><W22/><G93/><T132/><D74/><N who="3" m="28777" /><G29/><T11/><D114/><U3/><E133/><V82/><F110/><N who="3" m="42027" /><G90/><T26/><D116/><U88/><E105/><V28/><F125/><W124/><G124/><T106/><D117/><U119/><E32/><AGARI ba="0,0" hai="20,22,32,33,35,68,69,71" m="42027,28777" machi="32" ten="40,18000,2" yaku="28,2,14,1,10,1,52,3" doraHai="120" who="3" fromWho="1" sc="242,0,193,-180,208,0,357,180" owari="242,4.2,13,-48.7,208,-19.2,537,63.7" /></mjloggm>