<mjloggm ver="2.3"><GO type="225" lobby="0"/><UN n0="%4B%2E%32%2E%4B%2E" n1="%E3%82%B2%E3%82%B9%E8%8C%82%E5%8B%9D" n2="%E3%81%8B%E3%82%8F%E3%81%A1%E3%82%83%E3%82%93%35%38" n3="%77%72%77%72%77%72%77%72" dan="17,16,17,16" rate="2159.06,2071.59,2136.64,2096.83" sx="M,F,M,M"/><TAIKYOKU oya="0"/><INIT seed="0,0,0,2,1,113" ten="250,250,250,250" oya="0" hai0="97,120,112,81,71,16,67,57,6,118,24,1,8" hai1="76,5,60,49,132,104,78,109,72,86,66,64,130" hai2="47,105,9,93,126,96,101,135,30,80,62,19,14" hai3="82,36,116,50,34,127,29,10,41,48,0,85,51"/><T111/><D112/><U15/><E104/><V95/><F135/><W88/><G127/><T40/><D120/><U22/><E132/><V52/><F126/><W3/><G116/><T7/><D71/><U121/><E121/><V13/><F30/><W83/><G83/><T45/><D111/><U115/><E115/><V21/><F80/><W74/><G74/><T53/><D118/><U133/><E133/><V38/><F38/><W12/><G29/><T73/><D67/><U61/><E72/><V75/><F75/><W108/><G34/><T110/><D97/><U125/><E125/><V17/><REACH who="2" step="1"/><F62/><REACH who="2" ten="250,250,240,250" step="2"/><W100/><G108/><T84/><D73/><U54/><E109/><V20/><F20/><W89/><G36/><T35/><D110/><U70/><E22/><V44/><F44/><W58/><G41/><T32/><D32/><U18/><E60/><V2/><F2/><W28/><G28/><T63/><D35/><U131/><E130/><V69/><F69/><W123/><G0/><T91/><D1/><U103/><E131/><V79/><F79/><N who="3" m="46303" /><G3/><T77/><D77/><U129/><E76/><V31/><F31/><W46/><G123/><T23/><REACH who="0" step="1"/><D8/><REACH who="0" ten="240,250,240,250" step="2"/><U59/><E78/><V27/><F27/><W26/><G26/><T106/><D106/><U107/><E107/><V124/><F124/><W99/><G10/><T94/><D94/><U33/><E33/><V122/><F122/><W114/><G114/><T98/><D98/><U102/><E129/><V56/><F56/><W55/><G58/><T25/><D25/><U43/><E59/><V68/><F68/><RYUUKYOKU ba="0,2" sc="240,15,250,-15,240,15,250,-15" hai0="6,7,16,23,24,40,45,53,57,63,81,84,91" hai2="9,13,14,17,19,21,47,52,93,95,96,101,105" /><INIT seed="0,1,2,5,5,89" ten="255,235,255,235" oya="0" hai0="38,5,83,54,95,127,135,52,37,120,42,47,98" hai1="46,48,118,39,72,0,2,91,33,70,19,3,122" hai2="73,55,124,76,82,117,17,79,115,61,114,25,50" hai3="77,129,111,92,116,59,96,41,36,14,99,10,62"/><T40/><D120/><U58/><E122/><V4/><F124/><W85/><G116/><T69/><D127/><U100/><E118/><V34/><F117/><W108/><G129/><T121/><D121/><U9/><E70/><V84/><F4/><W81/><G36/><T35/><D35/><U32/><E72/><V126/><F126/><W112/><G41/><T78/><D69/><U80/><E39/><V28/><F61/><W71/><G71/><T90/><D135/><U12/><E100/><V53/><F53/><W128/><G112/><T130/><D5/><U30/><E58/><V109/><F109/><N who="3" m="42059" /><G128/><T22/><D22/><U15/><E15/><V101/><F101/><W20/><G20/><T113/><D113/><U23/><E23/><V133/><F133/><W93/><G99/><T18/><D18/><U57/><E57/><V63/><F17/><N who="3" m="8407" /><G96/><T8/><D8/><U119/><E30/><V107/><F115/><W105/><G105/><T26/><D26/><U21/><E21/><V44/><F107/><W60/><G60/><T103/><D130/><U1/><N who="1" m="0" /><DORA hai="65" /><U94/><E119/><V131/><F114/><W7/><G7/><T45/><D103/><U86/><REACH who="1" step="1"/><E80/><REACH who="1" ten="255,225,255,235" step="2"/><N who="2" m="47111" /><F131/><W68/><G68/><T11/><D11/><U13/><E13/><V87/><F73/><AGARI ba="1,3" hai="37,38,40,42,45,47,52,54,73,78,83,90,95,98" machi="73" ten="30,11600,0" yaku="7,1,9,1,52,1,54,1" doraHai="89,65" who="0" fromWho="2" sc="255,149,225,0,255,-119,235,0" /><INIT seed="0,2,0,0,1,87" ten="404,225,136,235" oya="0" hai0="64,16,30,15,100,31,96,20,27,55,90,12,8" hai1="117,69,7,81,19,115,109,102,23,133,127,13,132" hai2="67,112,25,121,89,99,62,108,11,104,134,68,129" hai3="63,82,118,95,61,4,1,41,65,46,14,135,40"/><T130/><D130/><U93/><E117/><V98/><F112/><W113/><G118/><T111/><D111/><U54/><E109/><V86/><F108/><W75/><G113/><T47/><D64/><U38/><E38/><V39/><F121/><W78/><G135/><T71/><D71/><U131/><E115/><V80/><F134/><W18/><G95/><N who="0" m="56439" /><D100/><U122/><E122/><V77/><F129/><W119/><G119/><T26/><D15/><U97/><E131/><V73/><F39/><N who="3" m="21791" /><G41/><T49/><D27/><U106/><E127/><V60/><F104/><W125/><G65/><T120/><D120/><U110/><E110/><V32/><F62/><W76/><G76/><T6/><AGARI ba="2,0" hai="6,8,12,16,20,26,30,31,47,49,55" m="56439" machi="6" ten="30,6000,0" yaku="8,1,52,1,54,1" doraHai="87" who="0" fromWho="0" sc="404,66,225,-22,136,-22,235,-22" /><INIT seed="0,3,0,3,5,94" ten="470,203,114,213" oya="0" hai0="11,39,48,88,65,125,40,85,67,33,134,114,128" hai1="54,32,97,4,7,23,35,52,119,50,108,53,55" hai2="46,111,36,30,83,1,80,59,100,96,121,91,34" hai3="98,66,81,22,118,64,130,72,133,68,107,21,37"/><T20/><D33/><U123/><E119/><V43/><F111/><W86/><G118/><T26/><D39/><U82/><E108/><V8/><F121/><W63/><G130/><T13/><D128/><U104/><E123/><V31/><F59/><W47/><G133/><T56/><D114/><U42/><E82/><V117/><F117/><W99/><G72/><T25/><D125/><U103/><E32/><V49/><F36/><W3/><G3/><T51/><D26/><U115/><E35/><V109/><F109/><W84/><G107/><T122/><D40/><U27/><N who="1" m="13312" /><DORA hai="62" /><U9/><E9/><V41/><F41/><W90/><G37/><T77/><D56/><U87/><E87/><V112/><F112/><W58/><G68/><T70/><D77/><U89/><E89/><V60/><F60/><W124/><G66/><T6/><D88/><U101/><E101/><V78/><F91/><N who="3" m="51599" /><G47/><T92/><D11/><U126/><E126/><V102/><F102/><W105/><G105/><T61/><D70/><U135/><E135/><V127/><F127/><W93/><G124/><T2/><D2/><U29/><REACH who="1" step="1"/><E115/><REACH who="1" ten="470,193,114,213" step="2"/><V76/><F34/><W75/><G75/><T113/><D113/><U57/><E57/><V44/><F80/><W10/><G10/><T14/><D134/><U16/><E16/><V45/><F78/><W120/><G120/><T19/><D19/><U131/><E131/><V28/><F8/><W95/><G86/><T116/><D85/><U69/><E69/><V5/><F76/><W110/><G110/><T129/><D122/><U18/><E18/><RYUUKYOKU ba="3,1" sc="470,-15,193,15,114,-15,213,15" hai1="4,7,23,27,29,42,50,97,103,104" hai3="21,22,58,63,64,90,93,95,98,99" /><INIT seed="1,4,1,4,5,96" ten="455,208,99,228" oya="1" hai0="81,90,25,27,0,63,62,6,107,127,41,4,91" hai1="18,110,118,58,36,83,113,11,22,103,10,123,46" hai2="44,67,28,126,64,132,121,72,39,15,131,42,89" hai3="122,115,114,33,76,104,3,47,9,14,16,82,135"/><U100/><E113/><V69/><F121/><W17/><G122/><T65/><D107/><U49/><E123/><V88/><F126/><W85/><G104/><T32/><D32/><U86/><E118/><V13/><F131/><W57/><G33/><T109/><D41/><N who="1" m="24783" /><E36/><V99/><F72/><W119/><G119/><T48/><D48/><U92/><E58/><V87/><F132/><W80/><G135/><T106/><D65/><U71/><E71/><V60/><F28/><W2/><G57/><T38/><D38/><U52/><E52/><V40/><F40/><W95/><G95/><T43/><D0/><U75/><E92/><V8/><F67/><W111/><G47/><T97/><D106/><U12/><E75/><V55/><F55/><W29/><G29/><T120/><D43/><U59/><E59/><V116/><F116/><W84/><G2/><T79/><D62/><U50/><E50/><V66/><F66/><W124/><G3/><T68/><D63/><U61/><E61/><V54/><F54/><W73/><G73/><T77/><D68/><U5/><E110/><V20/><F20/><W108/><G115/><T26/><D109/><U112/><E112/><V74/><F74/><W125/><G114/><T31/><D120/><U23/><E23/><V34/><F34/><W101/><G111/><T129/><D129/><U105/><E105/><V24/><F24/><W78/><G108/><T51/><D31/><U7/><E11/><V102/><F13/><W98/><G17/><T53/><D53/><U94/><E18/><N who="2" m="8551" /><F87/><W128/><G128/><T19/><D51/><RYUUKYOKU ba="4,1" sc="455,-15,208,-15,99,15,228,15" hai2="39,42,44,60,64,69,88,89,99,102" hai3="9,14,16,76,78,80,82,84,85,98,101,124,125" /><INIT seed="2,5,1,4,4,79" ten="440,193,114,243" oya="2" hai0="18,74,84,70,105,89,124,85,99,106,2,4,26" hai1="87,35,97,133,127,49,28,129,93,55,51,31,78" hai2="66,95,42,60,30,65,120,14,69,17,15,103,19" hai3="128,8,12,56,20,123,63,86,24,75,90,62,108"/><V3/><F3/><W112/><G123/><T46/><D70/><U11/><E127/><V64/><F120/><W101/><G75/><T48/><D74/><U81/><E129/><V114/><F114/><W100/><G112/><T68/><D68/><U76/><E133/><V73/><F73/><W110/><G128/><T80/><D124/><U91/><E35/><V125/><F125/><W130/><G130/><T7/><D85/><U115/><E115/><V32/><F42/><W39/><G39/><T126/><D2/><U41/><E76/><V22/><F32/><W0/><G0/><T43/><D126/><U21/><E11/><V118/><F30/><N who="3" m="17671" /><G110/><T98/><D105/><U57/><E21/><V83/><F118/><W72/><G72/><T10/><D106/><U45/><AGARI ba="5,1" hai="28,31,41,45,49,51,55,57,78,81,87,91,93,97" machi="45" ten="30,4000,0" yaku="0,1,8,1,52,1" doraHai="79" who="1" fromWho="1" sc="440,-15,193,65,114,-25,243,-15" /><INIT seed="3,0,0,4,2,113" ten="425,258,89,228" oya="3" hai0="99,100,89,135,18,85,122,87,61,3,88,26,30" hai1="29,116,134,0,35,16,79,45,112,31,27,94,110" hai2="133,75,123,39,13,91,128,129,15,52,58,48,50" hai3="34,43,67,68,109,44,108,6,33,101,22,47,37"/><W104/><G6/><T7/><D122/><U49/><E112/><V56/><F75/><W32/><G22/><T38/><D38/><U114/><E114/><V125/><F39/><W82/><G82/><T64/><D135/><U93/><E110/><N who="3" m="42602" /><G44/><T127/><D26/><U76/><E0/><V98/><F98/><N who="3" m="61495" /><G67/><T1/><D30/><U8/><E134/><V70/><F70/><AGARI ba="0,0" hai="32,33,34,37,43,47,68,70" m="61495,42602" machi="70" ten="40,7700,0" yaku="14,1,10,1,23,1" doraHai="113" who="3" fromWho="2" sc="425,0,258,0,89,-77,228,77" /><INIT seed="3,1,0,3,2,115" ten="425,258,12,305" oya="3" hai0="64,63,101,36,49,53,97,127,104,126,94,86,135" hai1="107,37,20,95,43,112,124,21,65,96,60,85,52" hai2="113,5,57,29,40,132,33,6,8,25,119,130,14" hai3="80,59,44,68,61,88,108,50,22,91,17,54,72"/><W93/><G108/><T114/><D36/><U35/><E112/><V1/><F57/><W122/><G122/><T69/><D114/><U78/><E124/><N who="0" m="47657" /><D135/><U2/><E2/><V71/><F40/><W13/><G68/><T111/><D111/><U106/><E35/><V110/><F71/><W116/><G116/><T7/><D7/><U31/><E43/><V120/><F110/><W100/><G72/><T129/><D129/><U123/><E37/><V73/><F73/><W24/><G80/><T56/><D86/><U98/><E123/><V67/><F67/><W46/><G46/><T74/><D74/><U92/><E65/><V48/><F48/><W12/><G100/><T105/><AGARI ba="1,0" hai="49,53,56,63,64,69,94,97,101,104,105" m="47657" machi="105" ten="30,1100,0" yaku="18,1" doraHai="115" who="0" fromWho="0" sc="425,14,258,-4,12,-4,305,-6" owari="439,53.9,254,-14.6,8,-49.2,299,9.9" /></mjloggm>