<mjloggm ver="2.3"><GO type="225" lobby="0"/><UN n0="%E3%83%B4%E3%83%A0%EF%BC%99%E3%81%A6" n1="%73%69%72%6F%75%74" n2="%E3%81%B8%E3%82%80%E3%81%B8%E3%82%80%EF%BC%92%E5%8F%B7" n3="%E2%91%A3%E9%81%BF%E9%81%8A%E6%88%AF%E3%80%90%E6%9D%B1%E5%8D%97%E3%80%91" dan="17,16,17,16" rate="2195.20,2079.94,2196.00,2112.14" sx="M,M,M,M"/><TAIKYOKU oya="0"/><INIT seed="0,0,0,1,1,45" ten="250,250,250,250" oya="0" hai0="91,120,104,25,128,75,83,81,12,130,105,107,20" hai1="95,135,31,2,74,108,58,54,46,33,62,100,127" hai2="80,11,122,3,123,41,84,51,125,115,6,40,28" hai3="21,106,121,32,44,37,4,27,99,26,63,71,59"/><T77/><D12/><U24/><E74/><V86/><F115/><W66/><G121/><T38/><D120/><U49/><E108/><V101/><F125/><W94/><G106/><T8/><D8/><U5/><E135/><V39/><F39/><W117/><G117/><T73/><D38/><U96/><E127/><V132/><F132/><W89/><G4/><T42/><D42/><U56/><E5/><V118/><F118/><W15/><G32/><T57/><D57/><U116/><E116/><V36/><F36/><W47/><G37/><T64/><D64/><U55/><E2/><V35/><F101/><W53/><G15/><T76/><REACH who="0" step="1"/><D91/><REACH who="0" ten="240,250,250,250" step="2"/><U9/><E9/><V65/><F65/><W19/><REACH who="3" step="1"/><G27/><REACH who="3" ten="240,250,250,240" step="2"/><T98/><D98/><U111/><E111/><V103/><F122/><W7/><G7/><T34/><D34/><U102/><REACH who="1" step="1"/><E46/><REACH who="1" ten="240,240,250,240" step="2"/><V119/><F123/><W43/><G43/><T61/><D61/><AGARI ba="0,3" hai="19,21,26,44,47,53,59,61,63,66,71,89,94,99" machi="61" ten="30,8000,1" yaku="1,1,7,1,25,2,53,1" doraHai="45" doraHaiUra="85" who="3" fromWho="0" sc="240,-80,240,0,250,0,240,110" /><INIT seed="1,0,0,5,5,96" ten="160,240,250,350" oya="1" hai0="76,133,99,16,80,112,122,95,130,11,6,125,128" hai1="38,134,91,126,18,83,12,8,55,69,67,108,17" hai2="93,48,60,103,47,13,50,102,54,19,58,39,30" hai3="1,35,81,28,9,117,25,21,22,89,94,79,64"/><U109/><E38/><V82/><F30/><W131/><G117/><T113/><D125/><U5/><E126/><V4/><F4/><W124/><G124/><T43/><D43/><U114/><E114/><V31/><F31/><W70/><G131/><N who="0" m="50219" /><D133/><U88/><E134/><V132/><F132/><W74/><G70/><T73/><D6/><U14/><E55/><V68/><F68/><W27/><G64/><T56/><D56/><U46/><E46/><V3/><F3/><W118/><G118/><T40/><D40/><U15/><E69/><V36/><F36/><W41/><G41/><T24/><D122/><U10/><E67/><V106/><F106/><W120/><G120/><T72/><D72/><U2/><E83/><V135/><F135/><W85/><G1/><T115/><D115/><U129/><E129/><V127/><F39/><W65/><G65/><T116/><D116/><U29/><E29/><V78/><F93/><W33/><G9/><T62/><D62/><U37/><E37/><V57/><F127/><W77/><G79/><T23/><D11/><U84/><E2/><V49/><F58/><W75/><G74/><T7/><D7/><U92/><REACH who="1" step="1"/><E91/><AGARI ba="0,0" hai="16,23,24,73,76,80,91,95,99,112,113" m="50219" machi="91" ten="30,2000,0" yaku="19,1,54,1" doraHai="96" who="0" fromWho="1" sc="160,20,240,-20,250,0,350,0" /><INIT seed="2,0,0,4,4,34" ten="180,220,250,350" oya="2" hai0="73,83,123,84,59,61,35,90,70,24,41,17,27" hai1="33,101,76,14,39,120,103,121,96,111,131,102,47" hai2="109,15,22,50,64,135,52,57,79,21,31,5,117" hai3="37,38,30,113,132,0,129,1,86,75,133,45,16"/><V130/><F117/><W125/><G75/><T127/><D123/><N who="1" m="47179" /><E33/><V108/><F130/><W66/><G30/><T114/><D114/><U19/><E131/><V105/><F105/><W28/><G129/><T43/><D127/><U11/><E111/><N who="2" m="42571" /><F135/><N who="3" m="51787" /><G28/><T99/><D70/><U89/><E76/><V10/><F79/><W2/><G66/><T54/><D73/><U42/><E89/><V77/><F77/><W134/><G134/><T51/><D35/><U36/><E36/><N who="3" m="13930" /><G125/><T95/><D51/><U87/><E87/><V58/><F31/><W53/><G86/><T62/><D62/><AGARI ba="0,0" hai="5,10,15,21,22,50,52,57,58,62,64" m="42571" machi="62" ten="30,5800,0" yaku="14,1,10,1,54,1" doraHai="34" who="2" fromWho="0" sc="180,-58,220,0,250,58,350,0" /><INIT seed="2,1,0,3,3,89" ten="122,220,308,350" oya="2" hai0="83,20,18,0,16,23,121,82,128,105,93,29,57" hai1="80,24,96,31,68,98,126,22,28,88,77,106,51" hai2="9,90,32,92,134,78,27,39,101,43,36,62,14" hai3="37,64,116,76,61,113,33,50,130,103,133,15,19"/><V104/><F134/><W97/><G133/><T102/><D121/><U44/><E68/><V135/><F135/><W132/><G132/><T26/><D0/><U91/><E126/><V10/><F78/><W54/><G116/><T46/><D128/><U66/><E66/><V84/><F62/><W131/><G37/><T71/><D105/><U35/><E106/><V119/><F119/><W53/><G33/><T73/><D71/><U123/><E123/><V124/><F124/><W129/><G76/><T63/><D46/><U58/><E58/><V70/><F70/><N who="3" m="42255" /><G50/><T115/><D115/><U4/><E4/><V99/><F43/><W59/><G59/><T111/><D111/><U45/><E77/><V30/><REACH who="2" step="1"/><F9/><REACH who="2" ten="122,220,298,350" step="2"/><N who="3" m="6639" /><G113/><T42/><D42/><U21/><E51/><V94/><F94/><AGARI ba="1,1" hai="53,54,94,97,103,129,130,131" m="6639,42255" machi="94" ten="30,2000,0" yaku="19,1,52,1" doraHai="89" who="3" fromWho="2" sc="122,0,220,0,298,-23,350,33" /><INIT seed="3,0,0,3,2,118" ten="122,220,275,383" oya="3" hai0="19,63,44,4,42,47,18,57,5,113,49,62,74" hai1="32,105,13,8,36,0,61,11,20,56,71,75,38" hai2="111,125,134,103,53,117,1,28,40,65,123,78,76" hai3="43,35,91,121,100,37,116,131,109,6,127,17,50"/><W31/><G121/><T30/><D74/><U129/><E32/><V59/><F117/><W122/><G122/><T119/><D119/><U66/><E75/><V69/><F123/><W80/><G116/><T101/><D113/><U96/><E129/><V64/><F1/><W81/><G37/><T48/><D101/><U77/><E77/><V21/><F69/><W130/><G6/><T51/><D51/><U23/><E71/><V89/><F103/><W25/><G100/><T68/><D68/><U82/><E82/><V93/><F40/><W39/><G39/><T110/><D110/><U7/><E105/><V9/><F9/><W126/><G17/><T83/><D83/><N who="3" m="31817" /><G91/><T90/><D90/><U92/><E38/><V95/><F125/><N who="3" m="47627" /><G109/><T115/><D115/><U107/><E107/><V70/><F70/><W73/><G73/><T22/><D22/><U79/><E79/><V133/><F21/><W132/><G132/><T12/><D12/><U85/><E85/><V54/><F111/><W124/><G124/><T99/><D99/><U58/><E56/><V41/><F89/><W2/><G2/><T27/><D57/><U102/><E36/><V106/><F59/><W14/><G14/><T88/><D88/><U16/><AGARI ba="0,0" hai="0,7,8,11,13,16,20,23,58,61,66,92,96,102" machi="16" ten="20,2700,0" yaku="0,1,7,1,54,1" doraHai="118" who="1" fromWho="1" sc="122,-7,220,27,275,-7,383,-13" owari="115,-38.5,247,-15.3,268,6.8,370,47.0" /></mjloggm>