<mjloggm ver="2.3"><GO type="225" lobby="0"/><UN n0="%E5%A4%8F%E9%88%B4%E9%88%B4%E5%A4%8F" n1="%E5%B8%86%E7%AB%8B%E5%A4%8F%E8%A1%A3" n2="%E3%82%B5%E3%83%AB%E3%82%B7%E3%83%B3" n3="%E6%A1%9C%E8%8A%B1%E9%96%83%E3%80%85" dan="16,16,16,17" rate="2131.00,2106.25,2112.32,2199.17" sx="M,M,M,M"/><TAIKYOKU oya="0"/><INIT seed="0,0,0,2,2,18" ten="250,250,250,250" oya="0" hai0="48,80,108,79,134,2,53,50,30,125,128,122,43" hai1="65,98,28,92,96,6,14,127,40,52,124,66,119" hai2="62,121,27,77,63,69,89,93,123,51,45,0,34" hai3="10,115,23,29,9,103,78,47,35,105,91,117,33"/><T101/><D122/><U41/><E119/><V44/><F0/><W126/><G78/><T26/><D2/><U67/><E28/><V5/><F5/><W75/><G75/><T31/><D125/><N who="1" m="48203" /><E6/><V58/><F69/><W76/><G76/><T70/><D70/><U106/><E14/><V110/><F77/><W57/><G57/><T112/><D112/><U118/><E118/><V13/><F13/><W95/><G47/><T4/><D4/><U59/><E106/><V73/><F73/><W100/><G100/><T90/><D101/><N who="1" m="60551" /><E98/><V68/><F34/><W16/><G103/><T1/><D1/><U39/><E39/><V85/><F27/><N who="3" m="14823" /><G105/><T84/><D31/><U22/><E22/><V7/><F7/><W55/><G29/><T72/><D30/><U114/><E114/><V83/><F123/><W113/><G113/><T15/><D72/><U21/><E21/><V81/><F121/><W74/><G74/><T3/><D3/><U19/><E19/><V87/><F68/><W129/><G117/><T86/><D26/><U133/><E133/><V94/><F89/><W120/><G120/><T12/><D134/><U61/><AGARI ba="0,0" hai="40,41,52,59,61,65,66,67" m="60551,48203" machi="61" ten="30,2000,0" yaku="18,1,54,1" doraHai="18" who="1" fromWho="1" sc="250,-10,250,20,250,-5,250,-5" /><INIT seed="1,0,0,0,3,6" ten="240,270,245,245" oya="1" hai0="17,41,84,114,82,3,36,68,12,113,115,24,92" hai1="33,16,65,88,2,104,11,26,106,34,120,39,81" hai2="27,15,100,129,58,133,93,94,13,111,70,0,131" hai3="45,85,55,76,50,51,32,87,75,1,135,96,69"/><U125/><E120/><V83/><F70/><W22/><G32/><T102/><D3/><U59/><E39/><V23/><F0/><W78/><G69/><T97/><D68/><U79/><E125/><V90/><F111/><W25/><G1/><T9/><D41/><U49/><E34/><V30/><F133/><W116/><G135/><T10/><D36/><U8/><E2/><V64/><F83/><W54/><G96/><T109/><D24/><U19/><E33/><V35/><F35/><W21/><G75/><T47/><D47/><U117/><E117/><V121/><F121/><W91/><G116/><T101/><D109/><U122/><E122/><V29/><F29/><N who="3" m="17583" /><G22/><T20/><REACH who="0" step="1"/><D102/><REACH who="0" ten="230,270,245,245" step="2"/><U118/><E118/><V126/><F126/><W89/><G78/><AGARI ba="0,1" hai="9,10,12,17,20,78,82,84,92,97,101,113,114,115" machi="78" ten="40,8000,1" yaku="1,1,2,1,52,2,53,0" doraHai="6" doraHaiUra="46" who="0" fromWho="3" sc="230,90,270,0,245,0,245,-80" /><INIT seed="2,0,0,1,3,69" ten="320,270,245,165" oya="2" hai0="125,105,123,88,2,98,61,30,104,99,118,21,56" hai1="32,23,55,5,62,47,7,65,132,108,107,115,96" hai2="11,73,6,77,103,13,63,49,34,133,78,82,33" hai3="51,72,100,57,52,35,131,48,14,117,25,20,127"/><V89/><F133/><W79/><G117/><T114/><D114/><U54/><E108/><V4/><F103/><W1/><G1/><T134/><D2/><U113/><E32/><V85/><F6/><W110/><G110/><T68/><D123/><U97/><E132/><V38/><F78/><W26/><G127/><T8/><D134/><U28/><E113/><V44/><F63/><W10/><G131/><T12/><D68/><U41/><E115/><V17/><F4/><W75/><G100/><T129/><D125/><U15/><E107/><V95/><REACH who="2" step="1"/><F38/><REACH who="2" ten="320,270,235,165" step="2"/><W106/><G79/><T80/><D61/><U111/><E7/><V59/><F59/><W31/><G106/><T87/><D56/><U76/><E5/><V119/><F119/><W71/><G71/><T112/><D118/><U24/><E76/><V22/><F22/><W58/><G58/><T94/><D112/><U130/><E62/><V91/><F91/><W70/><G70/><T84/><D104/><U19/><E111/><V3/><F3/><W37/><G37/><T83/><D105/><U18/><E23/><V53/><AGARI ba="0,1" hai="11,13,17,33,34,44,49,53,73,77,82,85,89,95" machi="53" ten="20,3900,0" yaku="1,1,0,1,7,1,53,0" doraHai="69" doraHaiUra="27" who="2" fromWho="2" sc="320,-13,270,-13,235,49,165,-13" /><INIT seed="2,1,0,0,4,31" ten="307,257,284,152" oya="2" hai0="22,59,65,98,131,20,129,63,10,0,74,123,71" hai1="122,6,117,113,110,36,44,132,124,72,130,2,50" hai2="92,56,87,9,105,49,43,102,15,32,107,97,88" hai3="133,48,99,29,33,30,40,3,58,66,16,120,26"/><V11/><F32/><W19/><G120/><T55/><D74/><U13/><E13/><V115/><F115/><W89/><G3/><T106/><D123/><U90/><E6/><V68/><F68/><W21/><G133/><T45/><D45/><U80/><E80/><V46/><F56/><W12/><G40/><T27/><D0/><U73/><E90/><V35/><F35/><W112/><G112/><T51/><D10/><U8/><E8/><V62/><F62/><W100/><G89/><T1/><D1/><U61/><E61/><V95/><REACH who="2" step="1"/><F9/><REACH who="2" ten="307,257,274,152" step="2"/><W121/><G121/><T37/><D59/><U38/><E113/><V54/><F54/><W111/><G33/><T126/><D55/><U83/><E122/><V85/><F85/><W53/><G66/><T18/><D63/><U82/><E73/><V41/><F41/><W75/><G75/><T4/><D71/><U34/><E72/><V17/><AGARI ba="1,1" hai="11,15,17,43,46,49,87,88,92,95,97,102,105,107" machi="17" ten="20,12000,1" yaku="1,1,0,1,7,1,54,1,53,1" doraHai="31" doraHaiUra="14" who="2" fromWho="2" sc="307,-41,257,-41,274,133,152,-41" /><INIT seed="2,2,0,0,2,58" ten="266,216,407,111" oya="2" hai0="119,48,128,47,8,125,17,120,77,43,53,65,116" hai1="3,133,70,89,124,41,38,23,88,51,135,115,76" hai2="22,18,5,72,111,100,55,101,30,112,74,67,54" hai3="42,87,15,134,49,68,106,75,102,12,13,73,24"/><V113/><F30/><W14/><G134/><N who="1" m="51210" /><E115/><V94/><F5/><W63/><N who="3" m="3072" /><DORA hai="78" /><W16/><G87/><T95/><D17/><U90/><E124/><V66/><F94/><W61/><G42/><T91/><D8/><U59/><E23/><V132/><F22/><W27/><G49/><T50/><D120/><U131/><E3/><V129/><F18/><W82/><G16/><T52/><D125/><U103/><E103/><V19/><F19/><W29/><G82/><T107/><D107/><U96/><E70/><V93/><F93/><W20/><G24/><T79/><D65/><U92/><E131/><V34/><F129/><W57/><G68/><T36/><D128/><U6/><E6/><V83/><F34/><W104/><G104/><T7/><D7/><U108/><E108/><V86/><F111/><W0/><G0/><T10/><D10/><U109/><E109/><V130/><F130/><W1/><G1/><T46/><D116/><U21/><E21/><V98/><F132/><W11/><G11/><T127/><D119/><U2/><E76/><V45/><F113/><W25/><G25/><T39/><D127/><U105/><E105/><V4/><F4/><W9/><G9/><T118/><D118/><U56/><E2/><V114/><F112/><W99/><REACH who="3" step="1"/><G63/><REACH who="3" ten="266,216,407,101" step="2"/><T44/><D36/><U69/><E38/><V60/><F114/><W62/><G62/><T97/><AGARI ba="2,1" hai="39,43,44,46,47,48,50,52,53,77,79,91,95,97" machi="97" ten="20,5200,0" yaku="0,1,7,1,9,1,54,1" doraHai="58,78" who="0" fromWho="0" sc="266,68,216,-15,407,-28,101,-15" /><INIT seed="3,0,0,5,5,86" ten="334,201,379,86" oya="3" hai0="37,130,23,63,122,72,105,103,112,1,57,40,80" hai1="132,16,25,0,89,28,31,111,5,21,61,39,2" hai2="85,90,118,58,76,93,13,30,123,3,46,77,38" hai3="36,35,14,117,43,131,92,125,94,29,66,19,74"/><W116/><G74/><T114/><D1/><U79/><E39/><V4/><F118/><W115/><G66/><T41/><D23/><U71/><E79/><V47/><F3/><W135/><G115/><N who="0" m="44075" /><D103/><U62/><E111/><V104/><F104/><W87/><G125/><T109/><D105/><U12/><E132/><V68/><F68/><W34/><G135/><T134/><D72/><U44/><E44/><N who="2" m="16939" /><F38/><W17/><G43/><T88/><D37/><U97/><E25/><V67/><F123/><W32/><G36/><T70/><D134/><U9/><E21/><V59/><F30/><W75/><G75/><T65/><D122/><U119/><E62/><N who="2" m="38359" /><F59/><W100/><G131/><T53/><D109/><U83/><E97/><V102/><F102/><W82/><G29/><T18/><D18/><N who="3" m="6665" /><G14/><T95/><D80/><U24/><E83/><V42/><F42/><N who="0" m="16490" /><D130/><U64/><E71/><V126/><F126/><W108/><G108/><T133/><D133/><U98/><E119/><N who="3" m="45642" /><G100/><T73/><D73/><U121/><E121/><V60/><F60/><W54/><G54/><T110/><D110/><U6/><E64/><V45/><F45/><W96/><G96/><N who="0" m="57447" /><D53/><U101/><E61/><V106/><F106/><W113/><G113/><T124/><D70/><U20/><E101/><V22/><F22/><W48/><G48/><T129/><D129/><U69/><E31/><V26/><F26/><W56/><G56/><T99/><D124/><U15/><E69/><V51/><F51/><W91/><G34/><T107/><D107/><U78/><E78/><V81/><F81/><W84/><G82/><RYUUKYOKU ba="0,0" sc="334,10,201,-30,379,10,86,10" hai0="57,63,65,99" hai2="4,13,76,77,85,90,93" hai3="32,35,84,87,91,92,94" /><INIT seed="3,1,0,1,3,18" ten="344,171,389,96" oya="3" hai0="81,109,31,21,56,47,93,113,58,69,117,35,122" hai1="10,0,114,15,132,30,53,66,32,134,16,55,97" hai2="60,40,83,37,121,75,125,106,101,98,26,127,95" hai3="46,102,135,61,119,51,88,19,73,99,52,27,6"/><W131/><G119/><T50/><D69/><U63/><E114/><V68/><F121/><W33/><G131/><T103/><D35/><U20/><E97/><V115/><F115/><W111/><G135/><N who="1" m="51754" /><E32/><V70/><F95/><W107/><G73/><T92/><D117/><U59/><E30/><V86/><F26/><W72/><G72/><T85/><D122/><U91/><E91/><V64/><F70/><W118/><G118/><T38/><D38/><U87/><E87/><V5/><F5/><AGARI ba="1,0" hai="0,5,10,15,16,20,53,55,59,63,66" m="51754" machi="5" ten="30,3900,0" yaku="20,1,52,1,54,1" doraHai="18" who="1" fromWho="2" sc="344,0,171,42,389,-42,96,0" owari="344,14.4,213,-18.7,347,44.7,96,-40.4" /></mjloggm>