<mjloggm ver="2.3"><GO type="225" lobby="0"/><UN n0="%E9%B3%B3%E6%9D%B1%E3%81%AE%E3%81%BF%E3%81%91%E3%81%AB%E3%82%83%E3%82%93" n1="%72%69%6F%75%63%68%61%6E" n2="%E3%81%82%E3%81%99%E3%81%AB%E3%82%83%E3%82%80" n3="%E3%80%93%E3%81%97%E3%83%BC%E3%82%89%E3%80%93" dan="17,16,16,16" rate="2170.08,2152.67,2113.41,2068.72" sx="F,M,F,M"/><TAIKYOKU oya="0"/><INIT seed="0,0,0,0,0,9" ten="250,250,250,250" oya="0" hai0="3,15,0,2,102,90,101,22,51,109,121,7,28" hai1="110,81,35,42,55,48,78,119,72,93,8,127,94" hai2="80,24,43,97,49,107,112,135,77,128,61,126,108" hai3="17,96,85,44,68,56,50,115,76,104,21,16,31"/><T13/><D121/><U46/><E110/><V30/><F108/><W131/><G68/><T27/><D109/><U58/><E127/><V54/><F112/><W116/><G115/><T29/><D29/><U92/><E119/><V34/><F126/><W105/><G116/><T95/><D51/><U20/><E35/><V113/><F113/><W36/><G36/><T75/><D75/><U133/><E133/><V89/><F135/><W120/><G120/><T129/><D129/><U59/><E20/><V99/><F128/><W19/><G131/><T100/><REACH who="0" step="1"/><D7/><REACH who="0" ten="240,250,250,250" step="2"/><U66/><E66/><V134/><F134/><W82/><G31/><T10/><D10/><U63/><E8/><V84/><F61/><W23/><G23/><T130/><D130/><U12/><REACH who="1" step="1"/><E58/><REACH who="1" ten="240,240,250,250" step="2"/><V124/><F34/><W53/><G21/><T47/><D47/><U88/><E88/><V86/><F89/><W18/><N who="3" m="4096" /><DORA hai="33" /><W65/><G56/><T14/><D14/><AGARI ba="0,2" hai="12,14,42,46,48,55,59,63,72,78,81,92,93,94" machi="14" ten="40,12000,2" yaku="1,1,52,2,53,3" doraHai="9,33" doraHaiUra="57,11" who="1" fromWho="0" sc="240,-120,240,140,250,0,250,0" /><INIT seed="1,0,0,1,5,65" ten="120,380,250,250" oya="1" hai0="79,62,60,0,66,84,25,104,90,103,45,54,4" hai1="99,92,129,52,71,55,100,50,38,117,18,56,33" hai2="89,63,77,81,109,135,1,114,118,39,17,78,11" hai3="6,36,94,59,133,48,5,2,19,96,27,46,130"/><U98/><E117/><V30/><F109/><W113/><G113/><T127/><D127/><U76/><E33/><V10/><F118/><W61/><G36/><T82/><D0/><U8/><E129/><V93/><F39/><W57/><G130/><T41/><D4/><N who="3" m="1641" /><G133/><T88/><D25/><U122/><E122/><V47/><F1/><W101/><G2/><T83/><D54/><U28/><E38/><V26/><F135/><W13/><G27/><T91/><D82/><U37/><E37/><V97/><F47/><W15/><G61/><T86/><D86/><U134/><E134/><V9/><F114/><W125/><G125/><T112/><D112/><U74/><E71/><V14/><F63/><W95/><G95/><T23/><D23/><U24/><E55/><V106/><F106/><W51/><G13/><T21/><D21/><N who="1" m="15375" /><E74/><V16/><F81/><W123/><G123/><T105/><D103/><U43/><E43/><V69/><F69/><W115/><G115/><T67/><D62/><U29/><E29/><V128/><F128/><W44/><G51/><T3/><D3/><U42/><E42/><V75/><F75/><W120/><G120/><T34/><D34/><U132/><E132/><V116/><F116/><W119/><G119/><T121/><D121/><U73/><E73/><V85/><F14/><W31/><G31/><T58/><D67/><U22/><E8/><V53/><F9/><N who="3" m="6639" /><G46/><T20/><D20/><U35/><E35/><V111/><F10/><W32/><G32/><T124/><D124/><U102/><E22/><N who="2" m="13639" /><F11/><W70/><G70/><T110/><D110/><RYUUKYOKU ba="0,0" sc="120,15,380,-15,250,-15,250,15" hai0="41,45,58,60,66,79,83,84,88,90,91,104,105" hai3="44,48,57,59,94,96,101" /><INIT seed="2,1,0,2,3,129" ten="135,365,235,265" oya="2" hai0="99,77,100,117,52,61,30,95,87,66,64,103,0" hai1="135,49,32,54,38,92,70,74,93,60,111,67,8" hai2="116,33,17,104,73,14,39,58,9,108,24,75,68" hai3="79,5,26,53,16,130,120,115,106,119,45,62,83"/><V21/><F68/><W91/><G106/><T13/><D0/><U96/><E135/><V41/><F104/><W23/><G130/><T133/><D133/><U84/><E74/><V57/><F116/><W12/><G119/><T114/><D114/><U81/><E32/><V18/><F39/><W85/><G115/><T65/><D117/><U15/><E111/><V40/><F33/><W109/><G109/><T42/><D42/><U131/><E38/><V112/><F112/><W124/><G124/><T7/><D30/><U126/><E126/><V51/><F108/><W20/><G120/><T35/><D35/><U125/><E131/><V97/><F97/><W6/><G79/><T44/><D100/><U55/><E125/><V94/><F94/><W82/><G82/><T19/><D7/><U36/><E36/><V4/><F4/><W10/><G23/><T31/><D31/><U127/><E127/><V56/><REACH who="2" step="1"/><F51/><REACH who="2" ten="135,365,225,265" step="2"/><N who="3" m="28911" /><G62/><T122/><D122/><U46/><E96/><V105/><F105/><W25/><G5/><T98/><D98/><U2/><E93/><V76/><F76/><W69/><G69/><T113/><D113/><U27/><E92/><V110/><F110/><W11/><G6/><T90/><D77/><N who="1" m="46127" /><E2/><V72/><AGARI ba="1,1" hai="9,14,17,18,21,24,40,41,56,57,58,72,73,75" machi="72" ten="40,12000,1" yaku="1,1,0,1,53,3" doraHai="129" doraHaiUra="107" who="2" fromWho="2" sc="135,-41,365,-41,225,133,265,-41" /><INIT seed="2,2,0,5,5,63" ten="94,324,358,224" oya="2" hai0="13,114,7,112,130,72,81,45,122,70,127,42,126" hai1="44,121,62,135,133,91,0,26,111,129,8,37,66" hai2="71,15,19,51,87,52,39,25,88,125,108,14,68" hai3="20,97,85,50,38,57,84,46,77,100,69,3,95"/><V32/><F39/><W27/><G69/><T76/><D13/><U131/><E111/><V104/><F104/><W58/><G3/><T90/><D90/><U132/><E121/><V17/><F125/><W12/><G12/><N who="2" m="4649" /><F68/><W40/><G38/><T55/><D55/><U65/><E91/><V103/><F71/><W4/><G4/><T2/><D122/><U30/><E62/><V34/><F34/><W1/><G1/><T31/><D31/><U101/><E101/><V21/><F32/><W49/><G49/><T11/><D130/><N who="1" m="49675" /><E44/><N who="2" m="27751" /><F103/><W18/><REACH who="3" step="1"/><G77/><REACH who="3" ten="94,324,358,214" step="2"/><T5/><D5/><N who="1" m="1063" /><E37/><V106/><F108/><W96/><G96/><T94/><D70/><U36/><E36/><V109/><F109/><W33/><G33/><AGARI ba="2,1" hai="26,30,33,65,66,132,133,135" m="1063,49675" machi="33" ten="40,8000,1" yaku="20,1,19,1,52,2" doraHai="63" who="1" fromWho="3" sc="94,0,324,96,358,0,214,-86" /><INIT seed="3,0,0,2,2,75" ten="94,420,358,128" oya="3" hai0="24,23,27,122,30,63,28,114,126,128,64,21,115" hai1="56,29,88,66,106,57,34,118,48,5,78,117,17" hai2="22,116,113,123,103,40,45,86,13,61,73,59,26" hai3="0,132,92,102,12,87,46,121,50,6,105,84,31"/><W3/><G105/><T36/><D36/><U76/><E106/><V15/><F116/><N who="1" m="44649" /><E5/><V71/><F113/><W2/><G121/><T52/><D122/><U7/><E7/><V108/><F73/><W43/><G132/><T77/><D128/><U65/><E17/><V83/><F71/><W100/><G31/><T62/><D126/><U42/><E88/><V14/><F108/><W20/><G20/><T49/><D77/><N who="1" m="29803" /><E42/><V74/><F74/><W60/><G6/><T10/><D10/><U69/><E48/><V129/><F129/><W120/><G120/><T39/><D39/><U98/><E98/><V135/><F103/><W97/><G102/><T33/><D33/><U124/><E124/><V91/><F135/><W107/><G107/><T94/><D94/><U53/><E69/><V79/><F91/><W19/><G87/><T70/><REACH who="0" step="1"/><D62/><REACH who="0" ten="84,420,358,128" step="2"/><N who="1" m="36111" /><E57/><AGARI ba="0,1" hai="21,23,24,27,28,30,49,52,57,63,64,70,114,115" machi="57" ten="40,5200,0" yaku="1,1,9,1,54,1,53,0" doraHai="75" doraHaiUra="131" who="0" fromWho="1" sc="84,62,420,-52,358,0,128,0" owari="146,-25.4,368,46.8,358,15.8,128,-37.2" /></mjloggm>