<mjloggm ver="2.3"><GO type="225" lobby="0"/><UN n0="%E5%B8%86%E7%AB%8B%E5%A4%8F%E8%A1%A3" n1="%E3%81%99%E3%81%84%E3%81%BE%E3%81%9B%E3%83%BC%E3%82%93" n2="%E2%91%A3%E9%81%BF%E9%81%8A%E6%88%AF%E3%80%90%E6%9D%B1%E5%8D%97%E3%80%91" n3="%E3%81%AF%E3%82%88%E3%81%8A%E3%81%98%E3%81%95%E3%82%93" dan="16,16,16,16" rate="2109.81,2165.79,2114.85,2178.49" sx="M,M,M,M"/><TAIKYOKU oya="0"/><INIT seed="0,0,0,3,2,48" ten="250,250,250,250" oya="0" hai0="58,72,42,32,90,75,36,40,22,73,21,80,101" hai1="33,82,132,91,103,71,125,87,98,9,30,45,18" hai2="119,11,56,27,107,94,92,84,65,115,68,104,95" hai3="89,99,74,28,110,127,51,35,109,112,55,124,126"/><T96/><D32/><U128/><E71/><V121/><F115/><W106/><G112/><T88/><D58/><U70/><E70/><V25/><F68/><W8/><G74/><T29/><D36/><U34/><E125/><V37/><F121/><W64/><G64/><T49/><D49/><U134/><E128/><V97/><F37/><W120/><G120/><T10/><D10/><U3/><E30/><V105/><F119/><W14/><G28/><T50/><D50/><U31/><E31/><V76/><F11/><W6/><G35/><T19/><D29/><U79/><E79/><V44/><F44/><W13/><G13/><T117/><D117/><U57/><E45/><V12/><F12/><W113/><G113/><T17/><D80/><U122/><E122/><V67/><F97/><W16/><G6/><T69/><D69/><U61/><E33/><V78/><F56/><N who="3" m="32895" /><G89/><T131/><D131/><U86/><E34/><V59/><F59/><W23/><G8/><T66/><D66/><N who="2" m="25098" /><F84/><W111/><G99/><T100/><D75/><U53/><E86/><V133/><F133/><W123/><G123/><T102/><D102/><U54/><E3/><V63/><F63/><W108/><N who="3" m="27648" /><DORA hai="43" /><W83/><G83/><T130/><D130/><U0/><E0/><V41/><F41/><W85/><G85/><T118/><D118/><U77/><E134/><V114/><F114/><W62/><G62/><T5/><D96/><U129/><E129/><V81/><F81/><W2/><G2/><T20/><D20/><U135/><E135/><V52/><F27/><W39/><G39/><RYUUKYOKU ba="0,0" sc="250,15,250,-15,250,-15,250,15" hai0="5,17,19,21,22,40,42,72,73,88,90,100,101" hai3="14,16,23,106,124,126,127" /><INIT seed="0,1,0,3,1,61" ten="265,235,235,265" oya="0" hai0="20,34,91,130,4,105,127,31,90,114,7,97,37" hai1="12,77,49,65,101,131,62,2,25,44,70,116,68" hai2="85,92,54,17,47,115,129,74,111,102,50,122,108" hai3="67,39,59,11,56,104,26,45,75,106,96,14,98"/><T35/><D114/><U13/><E2/><V88/><F115/><W69/><G75/><T9/><D127/><U22/><E116/><V80/><F122/><W30/><G69/><T126/><D126/><U29/><E131/><V79/><F129/><W6/><G39/><T1/><D130/><U93/><E70/><V32/><F32/><W43/><G104/><T0/><D37/><U23/><E77/><V71/><F71/><W109/><G109/><T8/><D105/><U133/><E133/><V118/><F118/><W119/><G119/><T24/><D97/><U110/><E110/><V100/><F111/><W72/><G72/><T123/><D123/><U124/><E23/><V28/><F28/><W33/><G67/><T64/><D64/><U36/><E36/><V41/><F108/><W57/><G106/><T51/><D51/><U94/><E124/><V120/><F120/><W76/><G76/><T46/><D46/><U103/><E103/><V42/><F17/><W40/><G40/><T63/><D63/><U48/><E48/><V10/><F10/><W53/><G53/><T121/><D121/><U87/><E101/><V135/><F135/><W128/><G128/><T132/><D132/><U78/><E78/><V125/><F125/><W16/><G6/><T58/><D58/><N who="1" m="37079" /><E87/><V60/><F41/><W73/><G73/><T18/><D35/><U134/><E134/><V66/><F42/><W112/><G112/><T86/><D86/><U99/><E68/><V84/><F74/><W15/><G15/><AGARI ba="1,0" hai="0,1,4,7,8,9,15,18,20,24,31,34,90,91" machi="15" ten="30,11600,0" yaku="7,1,9,1,24,2" doraHai="61" who="0" fromWho="3" sc="265,119,235,0,235,0,265,-119" /><INIT seed="0,2,0,5,3,28" ten="384,235,235,146" oya="0" hai0="1,11,65,70,81,130,71,112,14,37,84,107,94" hai1="126,50,3,131,2,88,64,18,110,78,129,45,15" hai2="123,91,49,29,51,98,56,73,79,55,96,120,5" hai3="52,53,35,12,8,41,121,60,22,111,17,6,32"/><T40/><D112/><U63/><E110/><V83/><F5/><W109/><G41/><T68/><D130/><N who="1" m="49675" /><E78/><V122/><F91/><W20/><G121/><T72/><D107/><U67/><E126/><V74/><F74/><W42/><G42/><T77/><D94/><U34/><E34/><N who="3" m="12842" /><G60/><T100/><D100/><U44/><E88/><V89/><F29/><W85/><G85/><T61/><D84/><U102/><E102/><V43/><F43/><W132/><G132/><T116/><D14/><U97/><E97/><V75/><F73/><W19/><G52/><T133/><D116/><U48/><E48/><V33/><F33/><W10/><G53/><T38/><D133/><U66/><E63/><V108/><F108/><N who="3" m="41547" /><G17/><T135/><D135/><U25/><E45/><V24/><F51/><W134/><G134/><T69/><D40/><N who="1" m="24839" /><E25/><V104/><F120/><W27/><G27/><T46/><D46/><U23/><AGARI ba="2,0" hai="2,3,15,18,23,64,66,67" m="24839,49675" machi="23" ten="30,1100,0" yaku="19,1" doraHai="28" who="1" fromWho="1" sc="384,-7,235,17,235,-5,146,-5" /><INIT seed="1,0,0,0,5,36" ten="377,252,230,141" oya="1" hai0="51,101,123,8,33,37,134,21,42,130,80,124,128" hai1="41,95,5,132,71,30,109,44,47,122,17,26,9" hai2="57,113,29,68,98,87,127,78,96,116,135,84,4" hai3="75,11,64,55,62,3,105,27,63,1,31,99,14"/><U13/><E122/><V69/><F116/><W28/><G75/><T81/><D123/><U52/><E132/><V2/><F135/><W50/><G105/><T23/><D134/><U100/><E71/><V120/><F120/><W24/><G99/><T73/><D33/><U110/><E5/><V6/><F2/><W19/><G27/><T15/><D101/><U49/><E95/><V54/><F29/><W18/><G18/><T39/><D124/><U67/><E67/><V20/><F127/><W88/><G31/><T35/><D35/><U60/><E100/><V83/><F20/><W74/><G74/><T103/><D103/><U10/><E9/><V90/><F69/><W89/><G1/><T125/><D125/><U86/><E86/><V97/><F68/><W121/><G3/><T53/><D23/><U118/><E118/><V112/><F113/><W126/><G121/><T92/><D21/><U59/><REACH who="1" step="1"/><E47/><REACH who="1" ten="377,242,230,141" step="2"/><V85/><F112/><W46/><G126/><T107/><D92/><U77/><E77/><V12/><F78/><W16/><G64/><T38/><D107/><U65/><E65/><V115/><F115/><W22/><G19/><N who="0" m="8679" /><D73/><U108/><E108/><V7/><F83/><W131/><G131/><N who="0" m="50219" /><D81/><U76/><E76/><V45/><F45/><W40/><G55/><T117/><D117/><U82/><E82/><V48/><F90/><AGARI ba="0,1" hai="11,14,16,22,24,28,40,46,50,62,63,88,89,90" machi="90" ten="40,8000,1" yaku="8,1,52,1,54,2" doraHai="36" who="3" fromWho="2" sc="377,0,242,0,230,-80,141,90" /><INIT seed="2,0,0,1,4,125" ten="377,242,150,231" oya="2" hai0="84,40,34,7,98,29,3,13,43,61,92,130,4" hai1="62,33,48,101,91,126,58,83,28,117,41,109,2" hai2="65,100,38,99,102,60,128,67,108,111,122,21,135" hai3="116,18,17,133,110,123,134,9,55,1,42,119,12"/><V64/><F122/><W30/><G42/><T36/><D130/><U73/><E2/><V80/><F38/><W76/><G76/><T44/><D43/><U57/><E117/><N who="3" m="45130" /><G55/><T68/><D3/><U52/><E109/><N who="2" m="42059" /><F135/><N who="3" m="51723" /><G110/><T14/><D61/><U51/><E126/><V15/><F80/><W79/><G79/><T93/><D68/><U6/><E83/><V120/><F120/><W77/><G77/><T27/><D7/><U16/><E6/><V95/><F102/><W104/><G104/><T75/><D4/><U59/><E101/><V69/><F128/><W23/><G123/><T66/><D66/><U19/><E91/><V94/><F95/><W103/><G103/><T127/><D127/><U53/><E73/><V0/><F0/><W81/><G81/><T107/><D75/><U49/><E41/><V46/><F46/><W39/><G39/><T88/><D107/><U121/><E121/><V131/><F131/><W10/><G1/><T50/><D36/><U32/><E62/><V31/><F31/><W20/><G30/><T114/><D114/><U86/><E28/><V112/><F112/><W63/><G63/><T90/><AGARI ba="0,0" hai="13,14,27,29,34,40,44,50,84,88,90,92,93,98" machi="90" ten="20,2700,0" yaku="0,1,7,1,54,1" doraHai="125" who="0" fromWho="0" sc="377,27,242,-7,150,-13,231,-7" /><INIT seed="3,0,0,4,0,48" ten="404,235,137,224" oya="3" hai0="9,105,12,84,68,73,29,132,61,13,8,110,83" hai1="111,58,125,120,16,21,124,53,4,114,103,51,64" hai2="127,15,129,95,56,126,106,38,117,0,77,122,20" hai3="57,50,25,130,49,55,30,128,80,85,67,44,88"/><W19/><G19/><T3/><D105/><U119/><E111/><V62/><F106/><W10/><G10/><T5/><D73/><U2/><E120/><V86/><F0/><W108/><G108/><T7/><D110/><U123/><E123/><V32/><F122/><W14/><G14/><T109/><D109/><U118/><E114/><V69/><F32/><W97/><G97/><T116/><D116/><N who="1" m="44587" /><E103/><V107/><F117/><W81/><G80/><T65/><D132/><U92/><E92/><V37/><F69/><W101/><G101/><T135/><D135/><U35/><E35/><V134/><F107/><W91/><G91/><T96/><D96/><U93/><E93/><V74/><F74/><W43/><REACH who="3" step="1"/><G67/><REACH who="3" ten="404,235,137,214" step="2"/><T52/><D12/><N who="1" m="9351" /><E64/><V17/><F134/><W112/><G112/><T33/><D8/><AGARI ba="0,1" hai="2,4,8,51,53,58,124,125" m="9351,44587" machi="8" ten="30,3900,0" yaku="12,1,52,1,54,1" doraHai="48" who="1" fromWho="0" sc="404,-39,235,49,137,0,214,0" owari="365,46.5,284,8.4,137,-36.3,214,-18.6" /></mjloggm>