<mjloggm ver="2.3"><GO type="225" lobby="0"/><UN n0="%E3%83%9D%E3%83%B3%E3%83%9D%E3%82%B3%E5%95%86%E4%BA%8B" n1="%E9%B3%B3%E6%9D%B1%E3%81%AE%E3%81%86%E3%81%95%E3%81%8E%E3%81%95%E3%82%93" n2="%E5%B6%BA%E4%B8%8A%E5%92%B2" n3="%4B%2E%32%2E%4B%2E" dan="16,17,16,16" rate="2109.02,2265.64,2065.08,2074.27" sx="M,M,F,M"/><TAIKYOKU oya="0"/><INIT seed="0,0,0,1,3,54" ten="250,250,250,250" oya="0" hai0="1,94,14,60,29,33,82,92,56,21,88,3,58" hai1="102,117,122,123,90,7,104,9,93,5,62,118,66" hai2="106,0,84,13,8,49,75,86,97,51,130,44,115" hai3="96,101,25,39,134,100,107,112,2,57,110,111,47"/><T77/><D33/><U105/><E90/><V65/><F75/><W109/><G134/><T36/><D36/><U42/><E93/><N who="0" m="35945" /><D77/><U103/><E62/><V53/><F0/><W48/><G112/><T16/><D3/><U32/><E9/><V73/><F73/><W11/><G39/><T63/><D1/><U43/><REACH who="1" step="1"/><E32/><REACH who="1" ten="250,240,250,250" step="2"/><V22/><F115/><W19/><G11/><N who="0" m="6239" /><D63/><U95/><E95/><V79/><F130/><W50/><G111/><T135/><D60/><U81/><E81/><V26/><F8/><W35/><G35/><T87/><D135/><U119/><E119/><V85/><F79/><W89/><G110/><T41/><D41/><U4/><E4/><V38/><F106/><W30/><G109/><T83/><D83/><U10/><E10/><V72/><F72/><W113/><G113/><T132/><D132/><U67/><AGARI ba="0,1" hai="5,7,42,43,66,67,102,103,104,105,117,118,122,123" machi="67" ten="25,6400,0" yaku="1,1,0,1,22,2,53,0" doraHai="54" doraHaiUra="68" who="1" fromWho="1" sc="250,-32,240,74,250,-16,250,-16" /><INIT seed="1,0,0,4,0,95" ten="218,314,234,234" oya="1" hai0="44,79,77,124,34,72,113,59,57,18,8,101,126" hai1="55,75,50,60,21,115,35,7,91,58,94,53,102" hai2="41,5,48,135,66,111,107,47,117,118,20,129,22" hai3="3,17,67,125,73,81,69,103,56,51,32,122,109"/><U63/><E115/><V23/><F107/><W108/><G122/><T105/><D113/><U2/><E35/><V14/><F111/><N who="3" m="42571" /><G125/><N who="0" m="48235" /><D34/><U92/><E75/><V46/><F129/><W90/><G3/><T120/><D120/><U61/><E2/><V64/><F135/><W11/><G32/><T25/><D44/><U70/><E7/><V133/><F133/><W24/><G103/><T84/><D72/><U114/><E114/><V89/><F47/><W110/><G110/><T104/><D84/><N who="1" m="52327" /><E21/><V28/><F89/><W78/><G90/><T39/><D39/><U116/><E70/><V26/><F117/><W119/><G119/><T99/><D105/><U134/><E134/><V85/><F85/><W130/><G130/><T9/><D25/><U132/><E116/><V40/><F40/><W31/><G69/><T74/><D74/><U15/><E15/><V49/><F49/><W97/><G51/><T65/><D65/><N who="2" m="25194" /><F118/><W43/><G43/><T42/><D42/><U45/><E132/><V38/><F38/><W36/><G36/><T123/><D123/><U13/><E13/><V87/><F87/><W121/><G121/><T82/><D82/><U83/><E83/><V52/><F41/><W33/><G11/><AGARI ba="0,0" hai="5,11,14,20,22,23,26,28,46,48,52" m="25194" machi="11" ten="30,2000,0" yaku="8,1,54,1" doraHai="95" who="2" fromWho="3" sc="218,0,314,0,234,20,234,-20" /><INIT seed="2,0,0,4,2,10" ten="218,314,254,214" oya="2" hai0="30,101,58,31,23,48,134,91,87,95,100,118,34" hai1="121,96,11,98,63,41,44,116,62,104,43,71,70" hai2="49,85,54,38,18,92,57,79,47,16,17,114,86" hai3="112,94,40,76,66,64,32,97,7,72,5,14,46"/><V42/><F114/><W107/><G107/><T130/><D34/><U73/><E116/><V21/><F79/><W15/><G32/><T111/><D111/><U25/><E73/><V59/><F59/><W120/><G120/><T9/><D118/><U61/><E121/><V108/><F108/><W89/><G112/><T122/><D122/><U52/><E25/><V13/><F85/><W53/><G72/><T36/><D36/><U74/><E74/><V4/><F4/><N who="3" m="1611" /><G40/><T103/><D130/><U68/><E11/><V123/><F123/><W102/><G76/><T51/><D134/><U127/><E127/><V82/><F82/><W55/><G102/><T60/><D9/><U78/><E78/><V115/><F115/><W110/><G110/><T69/><D69/><U67/><E104/><V45/><F45/><W99/><G99/><T8/><D8/><U19/><E98/><V83/><F83/><W106/><G106/><T28/><REACH who="0" step="1"/><D23/><REACH who="0" ten="208,314,254,214" step="2"/><U119/><E119/><V12/><REACH who="2" step="1"/><F21/><REACH who="2" ten="208,314,244,214" step="2"/><W84/><G84/><T81/><D81/><U109/><E109/><V129/><F129/><W128/><G128/><T0/><D0/><U131/><E131/><V90/><AGARI ba="0,2" hai="12,13,16,17,18,38,42,47,49,54,57,86,90,92" machi="90" ten="30,12000,1" yaku="1,1,0,1,52,2,54,1,53,0" doraHai="10" doraHaiUra="117" who="2" fromWho="2" sc="208,-40,314,-40,244,140,214,-40" /><INIT seed="2,1,0,2,3,71" ten="168,274,384,174" oya="2" hai0="88,112,39,79,18,11,78,26,25,91,47,96,9" hai1="34,55,75,131,61,116,50,117,43,7,74,8,42" hai2="68,80,104,95,103,114,113,130,108,93,110,111,134" hai3="123,124,44,59,56,100,119,14,94,105,30,32,73"/><V4/><F68/><W128/><G105/><T46/><D112/><N who="2" m="43114" /><F4/><W15/><G119/><T125/><D96/><U5/><E131/><V41/><F41/><W33/><G123/><T29/><D18/><U53/><E50/><V17/><F130/><W38/><G73/><T83/><D83/><U48/><E48/><V51/><F51/><W45/><G128/><T24/><D29/><U0/><E61/><V19/><F134/><W101/><G124/><T10/><D125/><U89/><E89/><N who="0" m="34377" /><D39/><U31/><E31/><V27/><F27/><W28/><G94/><N who="2" m="35849" /><F80/><W16/><G16/><N who="2" m="6217" /><F104/><W64/><G64/><T12/><D12/><U90/><E90/><V76/><F103/><W99/><G99/><T107/><D107/><U118/><E5/><V87/><F87/><W66/><G66/><T6/><D6/><U21/><E21/><V20/><F20/><W102/><G100/><T82/><D82/><U63/><E7/><V106/><F106/><W115/><G115/><T37/><D37/><AGARI ba="1,0" hai="14,15,28,30,32,33,37,38,44,45,56,59,101,102" machi="37" ten="25,6400,0" yaku="22,2,52,2" doraHai="71" who="3" fromWho="0" sc="168,-67,274,0,384,0,174,67" /><INIT seed="3,0,0,0,3,108" ten="101,274,384,241" oya="3" hai0="22,86,82,60,35,13,79,84,69,70,104,80,29" hai1="91,36,41,28,24,61,43,134,46,10,11,48,115" hai2="128,14,124,88,93,53,34,58,107,75,1,38,110" hai3="127,0,72,68,99,67,81,116,64,123,125,114,20"/><W54/><G116/><T26/><D104/><U95/><E134/><V16/><F34/><W131/><G123/><T37/><D37/><U52/><E115/><V103/><F75/><W126/><G131/><T32/><D32/><U25/><E61/><V39/><F1/><W9/><G68/><T132/><D132/><U76/><E76/><V3/><F124/><W90/><G20/><T63/><D70/><U5/><E11/><V105/><F3/><W27/><G27/><N who="1" m="10314" /><E36/><V8/><F103/><W77/><G54/><T71/><D71/><U62/><E28/><V30/><F30/><W111/><G111/><T47/><D69/><U40/><E62/><V129/><F110/><W65/><G114/><T55/><D35/><U51/><E10/><V113/><F113/><W89/><G99/><T21/><D47/><N who="1" m="27775" /><E5/><AGARI ba="0,0" hai="0,5,9,64,65,67,72,77,81,89,90,125,126,127" machi="5" ten="50,2400,0" yaku="18,1" doraHai="108" who="3" fromWho="1" sc="101,0,274,-24,384,0,241,24" /><INIT seed="3,1,0,3,4,47" ten="101,250,384,265" oya="3" hai0="54,131,124,121,64,125,97,12,50,24,93,11,57" hai1="42,132,75,83,45,31,44,95,37,87,29,122,41" hai2="25,80,98,104,107,40,114,43,73,90,14,48,2" hai3="56,51,66,35,58,16,106,76,82,86,62,63,52"/><W133/><G35/><T115/><D121/><U72/><E122/><V134/><F2/><W19/><G106/><T118/><D118/><U17/><E132/><V130/><F134/><W112/><G133/><T3/><D3/><U22/><E95/><N who="2" m="56695" /><F130/><W100/><G112/><T101/><D115/><U84/><E17/><N who="3" m="6730" /><G100/><T113/><D113/><U102/><E102/><V59/><F73/><W60/><AGARI ba="1,0" hai="51,52,56,58,60,62,63,66,76,82,86" m="6730" machi="60" ten="30,11700,0" yaku="8,1,52,1,54,2" doraHai="47" who="3" fromWho="3" sc="101,-40,250,-40,384,-40,265,120" owari="61,-43.9,210,-19.0,344,14.4,385,48.5" /></mjloggm>