<mjloggm ver="2.3"><GO type="225" lobby="0"/><UN n0="%E6%9D%B1%E9%A2%A8%E3%81%AE%E3%81%8D%E3%82%83%E3%81%B7%E3%81%95%E3%82%93" n1="%33%74%72%65%65" n2="%E3%81%8B%E3%82%8F%E3%81%A1%E3%82%83%E3%82%93%35%38" n3="%74%61%6B%75%61%6B%61" dan="17,16,16,16" rate="2200.64,2119.52,2143.34,2094.48" sx="M,F,M,M"/><TAIKYOKU oya="0"/><INIT seed="0,0,0,5,5,50" ten="250,250,250,250" oya="0" hai0="97,130,117,114,8,12,18,96,77,101,111,3,30" hai1="25,118,10,66,14,40,135,63,88,123,128,29,53" hai2="113,116,131,90,109,105,9,92,83,42,122,75,82" hai3="70,54,76,99,132,104,46,65,125,32,37,48,108"/><T74/><D117/><U22/><E118/><V129/><F9/><W64/><G108/><T78/><D114/><U45/><E123/><V59/><F42/><W47/><G125/><T5/><D111/><U71/><E128/><V100/><F116/><W73/><G132/><T134/><D130/><N who="2" m="49674" /><F109/><W2/><G32/><T7/><D134/><U107/><E135/><V102/><F105/><W56/><G2/><T49/><D96/><U23/><E107/><V6/><F6/><W69/><G76/><T43/><D30/><U110/><E110/><V0/><F0/><W55/><G73/><T44/><D74/><U89/><E23/><V93/><F122/><W127/><G99/><T72/><D72/><U39/><REACH who="1" step="1"/><E53/><REACH who="1" ten="250,240,250,250" step="2"/><V41/><F113/><W80/><G104/><T103/><D103/><U16/><AGARI ba="0,1" hai="10,14,16,22,25,29,39,40,45,63,66,71,88,89" machi="16" ten="20,12000,2" yaku="1,1,2,1,0,1,7,1,54,2,53,0" doraHai="50" doraHaiUra="121" who="1" fromWho="1" sc="250,-60,240,130,250,-30,250,-30" /><INIT seed="1,0,0,4,1,71" ten="190,370,220,220" oya="1" hai0="34,2,108,41,49,91,94,15,9,105,87,82,46" hai1="75,123,120,110,38,32,121,26,93,83,118,40,106" hai2="5,10,104,116,77,122,97,84,12,126,73,8,109" hai3="86,18,128,39,79,0,14,64,33,68,85,30,67"/><U114/><E114/><V42/><F116/><W80/><G0/><T130/><D105/><U134/><E118/><V28/><F122/><W90/><G128/><T11/><D130/><U56/><E93/><V89/><F109/><W48/><G39/><T125/><D108/><U60/><E106/><V72/><F126/><W78/><G68/><T92/><D125/><U25/><E110/><V117/><F117/><W52/><G30/><T7/><REACH who="0" step="1"/><D34/><REACH who="0" ten="180,370,220,220" step="2"/><U100/><E32/><V22/><F104/><W103/><G33/><T124/><D124/><U50/><E123/><V17/><F73/><W69/><G103/><T132/><D132/><U20/><E100/><V58/><F72/><W4/><G4/><AGARI ba="0,1" hai="2,4,7,9,11,15,41,46,49,82,87,91,92,94" machi="4" ten="30,2000,0" yaku="1,1,7,1,53,0" doraHai="71" doraHaiUra="111" who="0" fromWho="3" sc="180,30,370,0,220,0,220,-20" /><INIT seed="2,0,0,2,0,53" ten="210,370,220,200" oya="2" hai0="126,10,73,12,111,103,85,44,61,16,84,34,125" hai1="95,88,32,38,31,127,122,99,71,39,2,131,69" hai2="7,18,36,9,48,82,79,33,100,74,113,25,66" hai3="117,13,72,130,102,26,42,121,108,45,60,86,76"/><V124/><F113/><W97/><G121/><T104/><D73/><U8/><E122/><V105/><F36/><W22/><G117/><T50/><D34/><U30/><E38/><V107/><F124/><N who="0" m="47722" /><D61/><U11/><E39/><V90/><F100/><W57/><G108/><T15/><D111/><U106/><E106/><V47/><F66/><W41/><G130/><T133/><D133/><U27/><E131/><V116/><F90/><W81/><G13/><T49/><D49/><U29/><E127/><V78/><F78/><W110/><G72/><T64/><D64/><U14/><E71/><V92/><F92/><N who="3" m="58663" /><G45/><T101/><D15/><U80/><E69/><V67/><F67/><N who="3" m="39311" /><G110/><T24/><D24/><U59/><E27/><V119/><F119/><W1/><G1/><T58/><D104/><U63/><E14/><V77/><F77/><W91/><G76/><T56/><D103/><N who="1" m="60927" /><E2/><V94/><F116/><W28/><AGARI ba="0,0" hai="22,26,28,41,42,81,86,91" m="39311,58663" machi="28" ten="30,4000,0" yaku="25,1,8,1,52,1" doraHai="53" who="3" fromWho="3" sc="210,-10,370,-10,220,-20,200,40" /><INIT seed="3,0,0,2,5,108" ten="200,360,200,240" oya="3" hai0="89,41,68,96,49,14,11,117,94,120,90,34,106" hai1="110,31,102,54,63,133,20,38,134,5,59,3,65" hai2="121,53,27,125,23,30,60,95,1,36,29,81,4" hai3="129,114,67,79,18,100,24,21,43,122,66,92,73"/><W12/><G122/><T52/><D68/><U76/><E110/><V78/><F36/><W51/><G129/><T35/><D120/><U37/><E102/><V44/><F121/><W83/><G114/><T50/><D117/><U39/><E76/><V46/><F1/><W119/><G119/><T131/><D106/><U61/><E5/><V84/><F4/><W8/><G100/><T101/><D131/><U87/><E87/><N who="2" m="48567" /><F125/><W128/><G128/><T113/><D113/><U9/><E9/><V85/><F29/><W116/><G116/><T64/><D64/><U75/><E75/><V32/><F32/><W15/><G15/><T107/><D41/><U7/><E7/><V22/><F22/><W45/><REACH who="3" step="1"/><G92/><REACH who="3" ten="200,360,200,230" step="2"/><T70/><D107/><U62/><E3/><V86/><F95/><W123/><G123/><T48/><D94/><U80/><E80/><V10/><F10/><W58/><G58/><AGARI ba="0,1" hai="23,27,30,44,46,53,58,60,84,85,86" m="48567" machi="58" ten="30,1000,0" yaku="8,1" doraHai="108" who="2" fromWho="3" sc="200,0,360,0,200,20,230,-10" owari="200,-30.0,360,46.0,220,2.0,220,-18.0" /></mjloggm>