<mjloggm ver="2.3"><GO type="225" lobby="0"/><UN n0="%E3%81%99%E3%81%84%E3%81%BE%E3%81%9B%E3%83%BC%E3%82%93" n1="%61%69%73%79%6F" n2="%73%75%7A%75%72%61%6E%65" n3="%28%EF%BF%A3%E2%96%BD%EF%BF%A3%29%CE%B4%E2%8C%92%E3%83%BB" dan="16,17,16,16" rate="2135.68,2223.73,2066.49,2124.92" sx="M,M,M,M"/><TAIKYOKU oya="0"/><INIT seed="0,0,0,2,4,37" ten="250,250,250,250" oya="0" hai0="40,26,39,112,38,114,95,67,63,135,41,3,60" hai1="89,104,103,55,72,66,70,90,81,96,36,76,5" hai2="46,17,119,124,62,54,93,133,32,27,94,127,87" hai3="111,78,98,61,83,64,35,30,101,1,19,82,33"/><T113/><D3/><U102/><E5/><V8/><F133/><W7/><G111/><T132/><D26/><U43/><E70/><V29/><F119/><W91/><G91/><N who="1" m="34826" /><E55/><V58/><F87/><W12/><G7/><T13/><D13/><U69/><E43/><N who="0" m="16457" /><D95/><N who="1" m="58655" /><E66/><V51/><F17/><W74/><G82/><T126/><D126/><N who="2" m="48170" /><F8/><W116/><G30/><T80/><D80/><N who="1" m="45063" /><E69/><V75/><F75/><W86/><G74/><T105/><D105/><U11/><E11/><V109/><F109/><W117/><G1/><T14/><D14/><U77/><E36/><N who="0" m="13865" /><D60/><U100/><E104/><V15/><F15/><W34/><G12/><T121/><D121/><U50/><E50/><V56/><F62/><W128/><G19/><T122/><D122/><U4/><E4/><V0/><F0/><W125/><G125/><T21/><D21/><U123/><E123/><V20/><F20/><W53/><G117/><T108/><D108/><U99/><E99/><V85/><F27/><W6/><G116/><T48/><D48/><U65/><E65/><V47/><F29/><W22/><G64/><T9/><D9/><U24/><E24/><V31/><F31/><W57/><G6/><T49/><D49/><U79/><E79/><V88/><F32/><W68/><G22/><T131/><D131/><U107/><E107/><V130/><F130/><W59/><G128/><T97/><D97/><U23/><E23/><V52/><F94/><N who="3" m="58583" /><G68/><AGARI ba="0,0" hai="63,67,68,112,113,114,132,135" m="13865,16457" machi="68" ten="40,12000,1" yaku="34,2,52,3" doraHai="37" who="0" fromWho="3" sc="250,120,250,0,250,0,250,-120" /><INIT seed="0,1,0,5,0,79" ten="370,250,250,130" oya="0" hai0="84,129,69,48,11,118,63,30,126,34,70,106,83" hai1="29,119,95,45,77,98,109,47,18,107,128,53,35" hai2="51,125,90,62,102,1,82,54,88,133,121,91,105" hai3="94,49,127,40,73,131,114,111,25,108,135,50,56"/><T85/><D118/><U58/><E119/><V14/><F1/><W87/><G73/><T65/><D106/><U13/><E107/><V42/><F121/><W2/><G2/><T22/><D34/><U8/><E128/><V61/><F133/><W117/><G135/><T57/><D129/><U96/><E109/><V100/><F125/><W38/><G127/><T59/><D126/><U28/><E77/><V81/><F42/><W60/><G131/><T89/><D11/><U3/><E3/><V36/><F36/><W75/><G75/><T103/><D103/><N who="2" m="39466" /><F14/><W104/><G104/><T99/><D99/><N who="1" m="37931" /><E95/><V68/><F68/><W31/><G117/><T27/><REACH who="0" step="1"/><D84/><REACH who="0" ten="360,250,250,130" step="2"/><U120/><E35/><V130/><F105/><W21/><G111/><T4/><D4/><U110/><E120/><V92/><F130/><W46/><G108/><T15/><D15/><U16/><E110/><V115/><F115/><W44/><G114/><T124/><D124/><U12/><E29/><V23/><F23/><W43/><G87/><T71/><D71/><U6/><E28/><V24/><F24/><W134/><G134/><T19/><D19/><N who="1" m="7211" /><E13/><V66/><F92/><W0/><G0/><T116/><D116/><U123/><E123/><V80/><F66/><N who="3" m="39175" /><G94/><T52/><AGARI ba="1,1" hai="22,27,30,48,52,57,59,63,65,69,70,83,85,89" machi="52" ten="30,11700,0" yaku="1,1,0,1,52,1,54,1,53,0" doraHai="79" doraHaiUra="32" who="0" fromWho="0" sc="360,130,250,-40,250,-40,130,-40" /><INIT seed="0,2,0,4,3,6" ten="490,210,210,90" oya="0" hai0="129,57,102,46,36,112,62,51,13,65,130,25,101" hai1="127,10,67,119,134,131,68,94,135,39,31,73,14" hai2="108,81,29,126,20,69,98,111,27,48,114,105,100" hai3="12,9,28,109,52,53,11,18,61,128,47,45,0"/><T85/><D112/><U82/><E119/><V123/><F114/><W63/><G128/><N who="0" m="49259" /><D36/><U66/><E39/><V7/><F123/><W91/><G109/><N who="2" m="42057" /><F69/><W116/><G116/><T107/><D107/><U70/><E31/><V86/><F7/><W21/><G0/><T50/><D25/><U60/><E127/><V17/><F48/><N who="0" m="18474" /><D46/><N who="3" m="17417" /><G91/><T79/><D13/><U71/><E94/><V87/><F126/><W97/><G97/><T24/><D24/><U33/><E33/><N who="2" m="20671" /><F81/><AGARI ba="2,0" hai="57,62,65,79,81,85,101,102" m="18474,49259" machi="81" ten="30,1500,0" yaku="19,1" doraHai="6" who="0" fromWho="2" sc="490,21,210,0,210,-21,90,0" /><INIT seed="0,3,0,0,3,92" ten="511,210,189,90" oya="0" hai0="45,4,69,122,5,31,89,42,94,28,83,107,61" hai1="87,3,117,55,21,103,15,65,127,19,32,100,48" hai2="17,10,58,36,24,111,66,35,102,26,49,22,74" hai3="18,14,131,51,7,70,11,63,81,112,9,85,114"/><T46/><D107/><U96/><E117/><V91/><F36/><W54/><G131/><T0/><D122/><U76/><E32/><V68/><F74/><W113/><G70/><T30/><D83/><N who="1" m="47591" /><E3/><V80/><F68/><W79/><G63/><T77/><D77/><U115/><E127/><V98/><F111/><W99/><G99/><T116/><D116/><U75/><E75/><V104/><F10/><W72/><G72/><T97/><D0/><U84/><E115/><V6/><F6/><W73/><G73/><T105/><D105/><U2/><E2/><V34/><F49/><W43/><G54/><T47/><REACH who="0" step="1"/><D42/><REACH who="0" ten="501,210,189,90" step="2"/><U130/><E130/><V29/><F80/><W118/><G118/><T120/><D120/><U128/><E128/><V59/><F104/><W50/><REACH who="3" step="1"/><G43/><REACH who="3" ten="501,210,189,80" step="2"/><T78/><D78/><U52/><E55/><V133/><F66/><AGARI ba="3,2" hai="4,5,28,30,31,45,46,47,61,66,69,89,94,97" machi="66" ten="40,3900,0" yaku="1,1,52,1,53,0" doraHai="92" doraHaiUra="37" who="0" fromWho="2" sc="501,68,210,0,189,-48,80,0" /><INIT seed="0,4,0,5,2,47" ten="569,210,141,80" oya="0" hai0="77,35,115,64,97,12,33,78,66,13,83,21,62" hai1="53,91,50,34,67,80,117,54,126,19,112,131,95" hai2="90,36,60,94,26,133,8,63,16,120,129,107,48" hai3="114,79,61,56,88,96,57,111,116,98,118,69,23"/><T65/><D115/><U103/><E112/><V46/><F120/><W14/><G114/><T105/><D62/><U73/><E117/><V15/><F36/><W101/><G69/><T59/><D59/><U39/><E34/><V93/><F107/><W125/><G125/><T121/><D121/><U51/><E39/><V130/><F133/><W128/><G128/><N who="2" m="49257" /><F26/><W45/><G111/><T24/><D35/><U106/><E126/><V110/><F110/><W44/><G79/><T6/><D33/><U89/><E67/><V135/><F135/><W9/><G116/><T124/><D124/><U3/><E3/><V55/><F94/><W113/><G113/><T68/><D68/><U41/><E41/><V37/><F37/><W132/><G132/><T31/><D6/><U100/><E106/><V4/><F4/><W11/><G118/><T71/><D71/><U52/><E19/><V119/><F119/><W86/><G23/><T2/><D2/><U92/><E131/><V127/><F127/><W134/><G134/><T74/><REACH who="0" step="1"/><D78/><REACH who="0" ten="559,210,141,80" step="2"/><U49/><E73/><V70/><F70/><W10/><G57/><T122/><D122/><U0/><E0/><V1/><F1/><W72/><G72/><T7/><D7/><U108/><E108/><V84/><AGARI ba="4,1" hai="8,15,16,46,48,55,60,63,84,90,93" m="49257" machi="84" ten="30,4000,0" yaku="19,1,52,1,54,1" doraHai="47" who="2" fromWho="2" sc="559,-24,210,-14,141,62,80,-14" /><INIT seed="1,0,0,2,0,114" ten="535,196,203,66" oya="1" hai0="28,83,110,86,87,134,122,76,35,75,52,53,36" hai1="60,88,14,44,111,85,95,133,92,130,93,32,48" hai2="26,124,40,91,54,57,132,25,135,59,104,72,77" hai3="33,125,103,62,34,12,27,2,94,17,73,47,16"/><U56/><E133/><N who="2" m="51275" /><F104/><W3/><G73/><T98/><D134/><U24/><E130/><V49/><F40/><W96/><G47/><T97/><D36/><U89/><E111/><V11/><F124/><W107/><G125/><T79/><D110/><U9/><E32/><V120/><F120/><W50/><G50/><T106/><D122/><U4/><E24/><N who="2" m="9323" /><F91/><W15/><G107/><T100/><D98/><U68/><E68/><V10/><F59/><W70/><G70/><T115/><D115/><U99/><E92/><V82/><AGARI ba="0,0" hai="10,11,49,54,57,72,77,82" m="9323,51275" machi="82" ten="30,1100,0" yaku="20,1" doraHai="114" who="2" fromWho="2" sc="535,-3,196,-5,203,11,66,-3" /><INIT seed="2,0,0,4,4,90" ten="532,191,214,63" oya="2" hai0="3,109,71,38,13,68,33,46,62,65,94,10,35" hai1="120,55,108,11,114,131,25,102,122,14,133,95,119" hai2="110,47,121,28,132,81,97,72,116,17,43,91,50" hai3="56,7,12,70,107,23,89,54,48,30,39,32,113"/><V64/><F116/><W128/><G39/><T19/><D109/><U40/><E119/><V85/><F121/><N who="1" m="46697" /><E114/><V41/><F72/><W58/><G70/><T27/><D68/><U100/><E108/><V16/><F110/><W104/><G113/><T42/><D3/><U135/><E40/><V2/><F2/><W5/><G128/><T112/><D112/><U36/><E36/><V75/><F75/><W87/><G32/><T37/><D37/><U24/><E55/><V74/><F74/><W53/><G107/><T51/><D38/><U82/><E82/><V96/><F64/><W134/><G104/><T125/><D125/><U78/><E78/><V61/><F61/><W111/><G111/><T67/><D65/><U115/><E115/><V124/><F124/><W101/><G101/><N who="1" m="39018" /><E95/><V130/><F130/><W103/><G103/><T15/><D94/><U86/><E86/><V29/><F41/><W26/><G12/><T0/><D0/><U92/><E92/><N who="2" m="56351" /><F97/><W117/><G117/><T98/><D98/><U88/><E88/><N who="2" m="51247" /><F132/><N who="1" m="50761" /><E131/><V60/><F60/><W45/><G134/><T34/><D62/><U44/><E44/><V20/><F17/><AGARI ba="0,0" hai="11,14,17,24,25" m="50761,39018,46697" machi="17" ten="30,2000,0" yaku="13,1,20,1" doraHai="90" who="1" fromWho="2" sc="532,0,191,20,214,-20,63,0" /><INIT seed="3,0,0,2,1,77" ten="532,211,194,63" oya="3" hai0="85,56,26,54,37,16,119,5,52,49,84,107,25" hai1="1,35,51,130,21,27,106,33,71,74,17,128,55" hai2="44,131,23,135,8,50,90,116,40,73,120,87,59" hai3="36,122,28,109,2,111,60,65,126,95,15,118,47"/><W100/><G2/><T115/><D107/><U103/><E71/><V14/><F116/><W113/><G28/><T88/><D37/><U104/><E74/><V0/><F73/><W132/><G15/><T46/><D119/><U9/><E1/><V48/><F120/><W24/><G24/><T78/><D5/><U64/><E64/><V11/><F131/><N who="1" m="50217" /><E9/><V72/><F72/><W20/><G20/><T123/><D78/><U75/><E75/><V124/><F124/><W121/><G95/><T83/><D84/><U89/><E89/><V99/><F99/><W18/><G18/><T3/><D3/><U38/><E38/><V129/><F0/><W22/><G22/><T34/><D34/><N who="1" m="12811" /><E103/><V61/><F135/><W30/><G30/><T6/><D6/><U94/><E94/><N who="2" m="54623" /><F61/><W114/><G100/><T32/><D32/><U134/><E134/><V29/><F129/><W127/><G132/><T7/><D7/><U13/><E13/><V125/><F125/><N who="3" m="47627" /><G118/><T79/><D16/><U112/><E112/><N who="3" m="43114" /><G36/><T41/><D115/><U96/><E96/><V80/><F80/><W19/><G19/><T4/><D4/><U43/><E43/><V45/><F29/><W110/><G47/><AGARI ba="0,0" hai="17,21,27,47,51,55,104,106" m="12811,50217" machi="47" ten="30,1000,0" yaku="19,1" doraHai="77" who="1" fromWho="3" sc="532,0,211,10,194,0,63,-10" owari="532,63.2,221,2.1,194,-20.6,53,-44.7" /></mjloggm>