<mjloggm ver="2.3"><GO type="225" lobby="0"/><UN n0="%E5%B8%86%E7%AB%8B%E5%A4%8F%E8%A1%A3" n1="%E3%83%97%E3%83%92" n2="%E7%B4%94%E6%BD%94%E3%83%94%E3%83%A9%E3%83%8B%E3%82%A2" n3="%E5%8D%A0%E3%81%84%E5%B8%AB%E8%A3%8F%E3%81%AA%E3%81%84%E3%81%97" dan="16,17,16,16" rate="2090.61,2196.18,2152.77,2162.55" sx="M,M,M,M"/><TAIKYOKU oya="0"/><INIT seed="0,0,0,5,0,83" ten="250,250,250,250" oya="0" hai0="99,47,48,13,100,108,98,134,24,107,8,90,68" hai1="27,20,103,28,23,0,85,73,2,57,26,117,60" hai2="122,131,45,97,93,71,118,84,67,109,124,105,32" hai3="63,39,123,128,10,35,59,51,36,21,94,7,31"/><T61/><D108/><U15/><E73/><V135/><RYUUKYOKU type="yao9" ba="0,0" sc="250,0,250,0,250,0,250,0" hai2="32,45,67,71,84,93,97,105,109,118,122,124,131,135" /><INIT seed="0,1,0,0,5,67" ten="250,250,250,250" oya="0" hai0="98,96,88,29,126,102,0,5,47,55,119,130,85" hai1="57,13,89,81,61,60,115,4,15,53,10,124,133" hai2="8,26,125,54,116,51,100,105,106,72,94,134,97" hai3="79,95,103,86,12,23,40,35,118,65,32,37,107"/><T108/><D119/><U46/><E133/><V30/><F134/><W127/><G118/><T90/><D126/><U17/><E124/><V113/><F113/><W132/><G132/><T50/><D130/><U131/><E131/><V3/><F72/><W38/><G127/><T112/><D112/><U71/><E115/><V21/><F116/><W121/><G107/><T135/><D135/><U68/><E46/><V27/><F125/><W109/><G109/><T120/><D120/><U41/><E41/><V91/><F27/><W101/><G40/><T14/><D108/><U64/><E81/><V77/><F77/><W110/><G65/><T11/><D29/><U111/><E89/><V19/><F91/><W39/><G110/><T92/><D90/><U59/><REACH who="1" step="1"/><E111/><REACH who="1" ten="250,240,250,250" step="2"/><V76/><F76/><W56/><G79/><T93/><REACH who="0" step="1"/><D98/><REACH who="0" ten="240,240,250,250" step="2"/><U63/><E63/><V1/><F97/><W117/><G117/><T128/><D128/><U70/><E70/><V129/><F129/><W75/><G121/><T82/><D82/><U20/><AGARI ba="1,2" hai="4,10,13,15,17,20,53,57,59,60,61,64,68,71" machi="20" ten="20,8000,1" yaku="1,1,0,1,7,1,52,2,53,0" doraHai="67" doraHaiUra="80" who="1" fromWho="1" sc="240,-41,240,103,250,-21,250,-21" /><INIT seed="1,0,0,1,3,39" ten="199,343,229,229" oya="1" hai0="25,1,4,65,126,105,89,30,119,51,91,32,86" hai1="84,115,59,88,79,46,24,129,0,113,73,90,103" hai2="44,28,52,74,27,121,20,42,109,50,23,98,128" hai3="97,102,37,108,18,114,61,75,101,66,110,47,56"/><U120/><E120/><V54/><F121/><W93/><G114/><T122/><D119/><U81/><E0/><V34/><F74/><W87/><G75/><T82/><D122/><U71/><E71/><V83/><F109/><N who="3" m="42091" /><G87/><T43/><D105/><U7/><E7/><V14/><F128/><W80/><G80/><T2/><D126/><U38/><E129/><V9/><F83/><W40/><G18/><T124/><D65/><U125/><E125/><V45/><F98/><W127/><G127/><T19/><D124/><U77/><E103/><AGARI ba="0,0" hai="37,40,47,56,61,66,93,97,101,102,103" m="42091" machi="103" ten="30,2000,0" yaku="14,1,52,1" doraHai="39" who="3" fromWho="1" sc="199,0,343,-20,229,0,229,20" /><INIT seed="2,0,0,5,5,91" ten="199,323,229,249" oya="2" hai0="132,54,115,92,41,103,71,86,121,74,44,3,126" hai1="69,125,60,118,135,56,113,42,35,128,0,108,124" hai2="33,31,81,78,107,26,75,67,84,97,70,134,28" hai3="90,99,13,109,77,52,57,112,37,62,89,79,20"/><V34/><F134/><W123/><G123/><T88/><D115/><U100/><RYUUKYOKU type="yao9" ba="0,0" sc="199,0,323,0,229,0,249,0" hai1="0,35,42,56,60,69,100,108,113,118,124,125,128,135" /><INIT seed="2,1,0,4,5,58" ten="199,323,229,249" oya="2" hai0="27,20,88,115,42,120,54,112,40,46,100,81,22" hai1="49,134,25,96,114,99,1,92,13,29,35,87,10" hai2="28,102,71,106,50,8,69,2,59,5,111,103,135" hai3="98,110,11,74,7,60,122,133,9,16,93,104,24"/><V30/><F135/><W72/><G122/><T3/><D3/><U38/><E38/><V47/><F111/><W73/><G104/><T123/><D100/><U26/><E134/><V130/><F130/><W119/><G119/><T128/><D128/><U43/><E114/><V95/><F106/><W113/><G113/><T18/><D115/><U36/><E36/><V105/><F105/><W51/><G133/><T23/><D112/><U61/><E1/><V83/><F83/><W84/><G51/><N who="0" m="29047" /><D123/><U80/><E26/><V85/><F59/><W109/><G84/><N who="0" m="50191" /><D120/><U45/><E92/><V132/><F132/><W76/><G76/><T108/><D108/><N who="3" m="41577" /><G7/><T14/><D27/><U68/><E68/><V126/><F126/><W21/><G60/><T37/><D37/><U32/><E61/><V63/><F69/><W55/><G55/><T44/><D44/><U129/><E35/><V52/><F85/><W125/><G125/><T33/><D33/><U64/><E64/><V6/><F6/><W65/><G65/><T31/><D31/><U53/><E129/><V116/><F116/><W12/><G24/><T4/><D4/><U91/><E43/><AGARI ba="1,0" hai="14,18,20,22,23,40,42,43" m="50191,29047" machi="43" ten="30,2000,0" yaku="8,1,54,1" doraHai="58" who="0" fromWho="1" sc="199,23,323,-23,229,0,249,0" /><INIT seed="3,0,0,0,2,53" ten="222,300,229,249" oya="3" hai0="16,0,14,93,39,41,85,129,73,46,42,88,22" hai1="110,103,13,52,114,7,91,86,90,132,131,120,101" hai2="80,32,6,43,95,17,130,123,47,125,98,27,83" hai3="81,84,118,119,10,59,57,135,18,23,62,51,48"/><W31/><G135/><T34/><D129/><U29/><E120/><V94/><F130/><W71/><G71/><T113/><D113/><U24/><E131/><V25/><F123/><W15/><G119/><T66/><D34/><U69/><E132/><V1/><F125/><W33/><G33/><T35/><D35/><U100/><E69/><V40/><F32/><W78/><G118/><T21/><D73/><U115/><E110/><V37/><F1/><W97/><G97/><T19/><D42/><U28/><E114/><V82/><F6/><N who="3" m="3543" /><G31/><N who="1" m="11850" /><E24/><V60/><F43/><W99/><G99/><T2/><REACH who="0" step="1"/><D66/><REACH who="0" ten="212,300,229,249" step="2"/><U9/><E115/><V50/><F37/><W49/><G62/><T106/><D106/><U36/><E36/><V12/><F60/><W116/><G116/><T122/><D122/><U38/><E38/><V92/><F98/><W67/><G67/><T72/><D72/><U124/><E124/><V4/><F4/><W11/><G11/><AGARI ba="0,1" hai="11,12,17,25,27,40,47,50,80,82,83,92,94,95" machi="11" ten="40,1300,0" yaku="8,1" doraHai="53" who="2" fromWho="3" sc="212,0,300,0,229,23,249,-13" owari="212,-28.8,300,40.0,252,5.2,236,-16.4" /></mjloggm>