<mjloggm ver="2.3"><GO type="225" lobby="0"/><UN n0="%E3%81%A0%E3%81%8A" n1="%E3%81%AF%E3%82%88%E3%81%8A%E3%81%98%E3%81%95%E3%82%93" n2="%E4%B8%AD%E5%B9%B4%E3%81%AE%E5%8D%B1%E6%A9%9F" n3="%E9%B3%B3%E6%9D%B1%E3%81%AE%E3%81%86%E3%81%95%E3%81%8E%E3%81%95%E3%82%93" dan="16,16,16,16" rate="2027.74,2198.01,2127.56,2213.16" sx="M,M,M,M"/><TAIKYOKU oya="0"/><INIT seed="0,0,0,3,0,124" ten="250,250,250,250" oya="0" hai0="33,115,22,55,70,13,132,58,28,2,79,131,133" hai1="96,98,8,100,73,37,42,126,4,36,93,104,25" hai2="97,99,84,21,50,87,101,29,63,103,30,102,12" hai3="130,113,69,45,119,123,94,68,52,71,11,64,90"/><T59/><D2/><U85/><E73/><V78/><F63/><W74/><G113/><T41/><D115/><U129/><E126/><V77/><F50/><W44/><G119/><T91/><D70/><U89/><E129/><V110/><F12/><W76/><G123/><T61/><D131/><U116/><E116/><V60/><F60/><W134/><G130/><T24/><D41/><U111/><E111/><V14/><F14/><W51/><G134/><N who="0" m="51819" /><D79/><N who="2" m="30218" /><F21/><W17/><G44/><T107/><D107/><U35/><E85/><N who="2" m="32843" /><F110/><W82/><G17/><N who="0" m="10543" /><D91/><U16/><E42/><V65/><F65/><W118/><G118/><T117/><D117/><U112/><E112/><V114/><F114/><W75/><G75/><T92/><D92/><U6/><E6/><V128/><F128/><W88/><G64/><T135/><D135/><U56/><E56/><AGARI ba="0,0" hai="24,28,33,55,56,58,59,61" m="10543,51819" machi="56" ten="30,1500,0" yaku="20,1" doraHai="124" who="0" fromWho="1" sc="250,15,250,-15,250,0,250,0" /><INIT seed="0,1,0,4,4,131" ten="265,235,250,250" oya="0" hai0="12,130,45,89,117,29,7,44,3,28,31,94,64" hai1="55,69,88,122,124,95,119,62,5,115,110,102,22" hai2="133,15,126,80,56,42,127,25,112,46,47,77,111" hai3="34,92,54,134,9,116,57,30,32,99,84,114,85"/><T107/><D107/><U0/><E119/><V71/><F71/><W41/><G114/><T58/><D3/><U96/><E122/><V18/><F112/><W59/><G116/><T123/><D130/><U132/><E115/><V108/><F25/><W75/><G75/><T10/><D123/><U37/><E37/><V109/><F56/><W86/><G41/><T97/><REACH who="0" step="1"/><D117/><REACH who="0" ten="255,235,250,250" step="2"/><U4/><E0/><V87/><F133/><W33/><G134/><T51/><D51/><U1/><E1/><V23/><REACH who="2" step="1"/><F47/><REACH who="2" ten="255,235,240,250" step="2"/><W121/><G121/><T19/><D19/><U8/><E132/><V101/><F101/><W76/><G30/><T16/><D16/><U118/><E102/><V21/><F21/><W6/><G33/><T79/><D79/><U53/><E22/><V98/><F98/><W50/><G76/><T91/><D91/><U24/><E88/><V100/><F100/><W90/><G32/><T129/><D129/><U74/><E96/><V65/><F65/><W68/><G34/><T48/><D48/><AGARI ba="1,2" hai="15,18,23,42,46,48,77,80,87,108,109,111,126,127" machi="48" ten="40,5200,0" yaku="1,1,14,1,53,1" doraHai="131" doraHaiUra="83" who="2" fromWho="0" sc="255,-55,235,0,240,75,250,0" /><INIT seed="1,0,0,5,4,43" ten="200,235,315,250" oya="1" hai0="71,65,50,32,6,13,128,55,121,134,91,25,101" hai1="68,23,89,62,57,92,67,2,107,122,34,28,106" hai2="0,93,109,54,96,110,11,47,127,97,35,70,115" hai3="19,27,85,24,51,60,26,44,22,7,29,4,103"/><U38/><E122/><V61/><F35/><W69/><G103/><T9/><D121/><U78/><E2/><V30/><F30/><W112/><G112/><T90/><D128/><U111/><E38/><V74/><F74/><W58/><G69/><T36/><D36/><U46/><E34/><V88/><F115/><W56/><G85/><T75/><D75/><U129/><E129/><V63/><F127/><W133/><G133/><T21/><D32/><U87/><E111/><N who="2" m="42507" /><F96/><W99/><G99/><T113/><D134/><U84/><E68/><V82/><F82/><W40/><G58/><T100/><D65/><U33/><E33/><V5/><F70/><W31/><G31/><T81/><D71/><U77/><E106/><V120/><F120/><W119/><G119/><T15/><D15/><U130/><E107/><V132/><F132/><W105/><G105/><T102/><D81/><N who="1" m="47151" /><E130/><V14/><F0/><W95/><G95/><T39/><D39/><U49/><E78/><V64/><F64/><N who="3" m="38919" /><G29/><T116/><D116/><U66/><E67/><V53/><F53/><W41/><G40/><T8/><D8/><U80/><E80/><V98/><F98/><W10/><G10/><T20/><D113/><U135/><E135/><V59/><F59/><W118/><G118/><T86/><D86/><U48/><E28/><V108/><N who="2" m="42515" /><V12/><DORA hai="125" /><F12/><AGARI ba="0,0" hai="4,7,12,19,22,24,26,27,41,44,51" m="38919" machi="12" ten="30,2000,0" yaku="8,1,52,1" doraHai="43,125" who="3" fromWho="2" sc="200,0,235,0,315,-20,250,20" /><INIT seed="2,0,0,4,4,71" ten="200,235,295,270" oya="2" hai0="43,24,109,60,119,52,57,10,69,59,91,129,33" hai1="105,54,78,114,55,31,41,13,58,112,107,117,16" hai2="42,36,1,15,96,40,84,102,30,95,5,66,35" hai3="8,38,123,135,127,118,3,37,90,63,94,75,103"/><V76/><F1/><W72/><G118/><T111/><D129/><U23/><E117/><V34/><F66/><W74/><G123/><T80/><D69/><U101/><E41/><V113/><F113/><W79/><G79/><T82/><D119/><U27/><E78/><V46/><F42/><W48/><G103/><T39/><D10/><U86/><E86/><V11/><REACH who="2" step="1"/><F30/><REACH who="2" ten="200,235,285,270" step="2"/><W29/><G29/><T32/><D43/><U17/><E31/><V67/><F67/><W7/><G135/><T132/><D132/><U64/><E64/><V134/><F134/><W85/><G127/><T124/><D124/><U22/><E112/><V0/><F0/><W97/><G63/><T26/><D60/><U77/><E114/><V106/><F106/><W81/><G48/><T12/><D111/><U50/><E105/><V20/><F20/><W51/><G51/><T87/><D109/><U131/><E131/><V125/><F125/><W62/><G62/><T116/><D116/><U21/><E22/><V92/><F92/><W122/><G122/><T70/><D32/><U56/><E50/><V83/><AGARI ba="0,1" hai="5,11,15,34,35,36,40,46,76,83,84,95,96,102" machi="83" ten="30,11700,0" yaku="1,1,0,1,52,1,53,1" doraHai="71" doraHaiUra="2" who="2" fromWho="2" sc="200,-39,235,-39,285,127,270,-39" /><INIT seed="2,1,0,2,5,37" ten="161,196,412,231" oya="2" hai0="39,55,84,2,6,74,131,33,30,121,57,118,45" hai1="128,34,20,119,75,40,103,69,26,106,22,91,49" hai2="23,97,47,96,126,9,27,13,115,5,10,81,79" hai3="125,51,72,135,98,8,108,58,44,65,62,48,32"/><V129/><F126/><W113/><G72/><T64/><D74/><U66/><E119/><V50/><F129/><W35/><G125/><T19/><D121/><U60/><E75/><V71/><F71/><W80/><G108/><T68/><D131/><U38/><E38/><V63/><F63/><W104/><G135/><T109/><D109/><U1/><E1/><V93/><F10/><W95/><G104/><T94/><D6/><U67/><E66/><V99/><F115/><W111/><G111/><T83/><D2/><U100/><E128/><V28/><F81/><W92/><G80/><T11/><D11/><U52/><E91/><V7/><F79/><W15/><G51/><T134/><D94/><U86/><E86/><V132/><F132/><W14/><G14/><T36/><D36/><U24/><E40/><N who="2" m="24935" /><F7/><W102/><G95/><AGARI ba="1,0" hai="5,9,13,23,27,28,93,95,96,97,99" m="24935" machi="95" ten="30,2900,0" yaku="8,1,52,1" doraHai="37" who="2" fromWho="3" sc="161,0,196,0,412,32,231,-32" /><INIT seed="2,2,0,2,3,94" ten="161,196,444,199" oya="2" hai0="125,63,15,11,118,84,85,64,21,114,80,129,42" hai1="77,1,111,10,45,69,39,98,134,48,50,116,105" hai2="87,14,2,95,44,65,101,115,43,60,123,4,76" hai3="100,102,109,113,120,70,13,89,93,19,26,12,0"/><V37/><F123/><W23/><G109/><T62/><D114/><U122/><E116/><V106/><F2/><W22/><G120/><T73/><D125/><U6/><E122/><V25/><F106/><W99/><G113/><T54/><D129/><U31/><E69/><V36/><F36/><W24/><G0/><T103/><D118/><U41/><E111/><V29/><F115/><W83/><G70/><T133/><D133/><U40/><E134/><V68/><F14/><N who="3" m="5739" /><G83/><T75/><D42/><U18/><E31/><AGARI ba="2,0" hai="19,22,23,24,26,31,89,93,99,100,102" m="5739" machi="31" ten="30,2000,0" yaku="8,1,52,1" doraHai="94" who="3" fromWho="1" sc="161,0,196,-26,444,0,199,26" /><INIT seed="3,0,0,1,2,114" ten="161,170,444,225" oya="3" hai0="125,131,27,50,124,54,103,73,134,104,7,106,99" hai1="49,100,62,4,41,90,76,39,102,32,55,35,47" hai2="132,74,44,117,53,108,82,37,21,36,127,119,133" hai3="45,79,128,40,72,18,58,107,11,61,83,129,5"/><W78/><G107/><N who="0" m="63999" /><D73/><U118/><E118/><N who="2" m="45067" /><F21/><W116/><G18/><T2/><D131/><N who="3" m="50249" /><G116/><T3/><D134/><N who="2" m="51818" /><F127/><N who="0" m="48714" /><D27/><U97/><E62/><V57/><F44/><W15/><G45/><N who="0" m="27983" /><D2/><U38/><E32/><V25/><F25/><W8/><G61/><T68/><D68/><U42/><E35/><V26/><F26/><W94/><G58/><T60/><D60/><U0/><E0/><V12/><F12/><W110/><G15/><T123/><D123/><U121/><E121/><V17/><F17/><W89/><G5/><T135/><D135/><U23/><E4/><V56/><F108/><W9/><G110/><T64/><D64/><U112/><E112/><V10/><F10/><AGARI ba="0,0" hai="3,7,10,104,106" m="27983,48714,63999" machi="10" ten="30,1000,0" yaku="18,1" doraHai="114" who="0" fromWho="2" sc="161,10,170,0,444,-10,225,0" owari="171,-22.9,170,-33.0,434,53.4,225,2.5" /></mjloggm>