<mjloggm ver="2.3"><GO type="225" lobby="0"/><UN n0="%E6%A1%9C%E8%8A%B1%E9%96%83%E3%80%85" n1="%E3%81%AF%E3%82%88%E3%81%8A%E3%81%98%E3%81%95%E3%82%93" n2="%E3%81%99%E3%81%84%E3%81%BE%E3%81%9B%E3%83%BC%E3%82%93" n3="%6C%61%6D%62" dan="17,16,16,16" rate="2237.49,2168.26,2147.50,2151.58" sx="M,M,M,M"/><TAIKYOKU oya="0"/><INIT seed="0,0,0,1,1,44" ten="250,250,250,250" oya="0" hai0="35,31,85,52,6,39,57,84,12,10,68,106,133" hai1="33,134,111,97,27,11,24,115,25,22,98,62,130" hai2="78,47,88,9,129,99,119,135,87,118,80,40,15" hai3="108,45,75,66,17,48,7,21,53,94,70,90,51"/><T81/><D68/><U79/><E33/><V91/><F129/><W64/><G108/><T36/><D106/><U65/><E111/><V124/><F124/><W82/><G70/><T5/><D133/><U8/><E130/><V49/><F135/><W60/><G7/><T67/><D67/><U103/><E134/><V20/><F20/><W95/><G60/><T23/><D35/><U28/><E115/><V109/><F109/><W123/><G123/><T104/><D104/><U34/><E79/><V105/><F105/><W61/><G61/><T117/><D117/><N who="2" m="44554" /><F99/><W14/><G75/><T63/><D5/><AGARI ba="0,0" hai="5,9,15,40,47,49,78,80,87,88,91" m="44554" machi="5" ten="30,7700,0" yaku="25,1,12,1,52,1,54,1" doraHai="44" who="2" fromWho="0" sc="250,-77,250,0,250,77,250,0" /><INIT seed="1,0,0,5,3,98" ten="173,250,327,250" oya="1" hai0="56,31,20,124,44,88,130,85,117,83,105,67,59" hai1="101,119,81,68,82,29,79,15,89,30,72,5,12" hai2="108,24,113,7,86,102,126,57,4,53,90,27,0" hai3="115,97,33,47,63,26,116,93,75,10,109,132,38"/><U129/><E119/><V69/><F108/><W22/><G115/><T74/><D117/><U34/><E68/><V135/><F69/><W104/><G116/><T49/><D130/><U21/><E129/><V76/><F135/><W55/><G75/><T106/><D124/><U14/><E34/><V3/><F126/><W77/><G109/><T17/><D74/><U120/><E120/><V71/><F71/><W118/><G118/><T37/><D37/><U2/><E2/><V94/><F0/><W9/><G33/><T50/><D31/><U18/><E101/><V45/><F45/><W99/><G77/><T96/><D50/><U19/><E5/><N who="2" m="2123" /><F76/><W35/><G35/><T107/><D96/><U41/><E41/><V40/><F40/><W70/><G97/><T64/><D64/><U114/><E114/><V51/><F3/><W65/><G104/><T39/><D67/><U6/><E6/><V43/><F43/><W1/><G1/><T23/><D39/><U60/><E60/><V58/><F57/><W125/><G132/><T122/><D122/><U127/><E127/><V73/><F73/><W46/><G125/><T84/><D84/><N who="1" m="50319" /><E30/><V111/><F111/><W28/><G38/><T11/><D11/><U123/><E123/><V92/><F113/><W36/><G36/><T91/><D91/><U48/><E48/><V95/><F102/><N who="3" m="60783" /><G55/><N who="0" m="30119" /><D23/><U66/><E66/><V110/><F110/><W131/><G131/><T121/><D121/><U13/><N who="1" m="3072" /><DORA hai="62" /><U87/><E72/><V32/><F32/><W103/><G103/><T128/><D128/><U8/><E8/><AGARI ba="0,0" hai="8,9,10,22,26,28,46,47,63,65,70" m="60783" machi="8" ten="30,3900,0" yaku="6,1,52,2" doraHai="98,62" who="3" fromWho="1" sc="173,0,250,-39,327,0,250,39" /><INIT seed="2,0,0,5,4,65" ten="173,211,327,289" oya="2" hai0="120,8,84,70,101,4,135,26,15,123,124,2,41" hai1="78,33,46,94,24,131,110,129,39,92,19,66,117" hai2="10,30,20,61,88,74,108,109,28,35,63,62,22" hai3="77,134,75,12,16,56,1,82,133,96,107,53,119"/><V51/><F74/><W17/><G1/><T93/><D124/><U36/><E117/><V23/><F35/><W25/><G119/><T21/><D41/><U43/><E110/><N who="2" m="42603" /><F51/><W0/><G0/><T52/><D135/><N who="3" m="51721" /><G25/><T42/><D42/><U45/><E78/><V44/><F44/><W83/><G83/><T103/><D2/><U34/><E66/><V27/><F27/><W60/><G12/><T122/><D70/><U18/><E24/><V114/><F114/><W11/><G11/><T57/><D84/><U50/><E50/><V13/><F88/><W127/><G127/><T9/><D9/><U5/><E43/><V130/><F130/><W64/><G53/><T81/><D81/><U6/><AGARI ba="0,0" hai="5,6,18,19,33,34,36,39,45,46,92,94,129,131" machi="6" ten="25,3200,0" yaku="0,1,22,2" doraHai="65" who="1" fromWho="1" sc="173,-8,211,32,327,-16,289,-8" /><INIT seed="3,0,0,0,0,4" ten="165,243,311,281" oya="3" hai0="33,35,44,115,19,41,46,0,72,114,24,63,108" hai1="89,131,85,74,113,25,9,75,27,5,103,2,11" hai2="93,95,26,125,32,102,126,65,58,92,120,36,1" hai3="121,87,40,104,64,135,73,38,34,71,84,91,28"/><W30/><G121/><T68/><D72/><U122/><E113/><V53/><F36/><W83/><G104/><T29/><D46/><U22/><E122/><V77/><F1/><W80/><G73/><T81/><D108/><U20/><E131/><V130/><F130/><W66/><G135/><T109/><D109/><U107/><E103/><V31/><F77/><W49/><G38/><T14/><D81/><U15/><E107/><V118/><F65/><N who="3" m="25195" /><G34/><T13/><D35/><U76/><E76/><V101/><F118/><W97/><G97/><T43/><D0/><U78/><E78/><V94/><F120/><W117/><G71/><T39/><D43/><U62/><E62/><N who="2" m="36175" /><F94/><W111/><G117/><T86/><D86/><U133/><E133/><V105/><F105/><W110/><G110/><T52/><D68/><U116/><E116/><V132/><F132/><W60/><G60/><T48/><D39/><U96/><E96/><V90/><F90/><N who="3" m="51463" /><G111/><T70/><D70/><U56/><E56/><V57/><F57/><W61/><G61/><T98/><D98/><U17/><E74/><V67/><F67/><W88/><G91/><T50/><D50/><U100/><E100/><V6/><F102/><W112/><G112/><T23/><REACH who="0" step="1"/><D14/><REACH who="0" ten="155,243,311,281" step="2"/><N who="1" m="7375" /><E75/><V59/><F101/><W123/><G123/><T79/><D79/><U18/><E2/><V37/><F37/><W42/><G42/><T99/><D99/><U12/><E85/><V129/><F129/><W3/><G3/><T10/><D10/><N who="1" m="4175" /><E89/><V8/><F59/><AGARI ba="0,1" hai="13,19,23,24,29,33,41,44,48,52,59,63,114,115" machi="59" ten="40,5200,0" yaku="1,1,54,1,53,1" doraHai="4" doraHaiUra="45" who="0" fromWho="2" sc="155,62,243,0,311,-52,281,0" /><INIT seed="4,0,0,5,5,7" ten="217,243,259,281" oya="0" hai0="19,51,66,64,10,23,130,54,32,4,112,87,108" hai1="84,124,132,63,129,21,0,15,102,90,93,83,18" hai2="69,82,100,134,30,8,60,131,122,92,39,47,25" hai3="107,106,70,55,104,31,67,97,71,76,96,40,62"/><T72/><D72/><U33/><E33/><V110/><F110/><W1/><G1/><T79/><D32/><U3/><E124/><V28/><F122/><W89/><G71/><T109/><D112/><U78/><E129/><V133/><F131/><W74/><G40/><T116/><D116/><U80/><E132/><V45/><F82/><W65/><G65/><T53/><D130/><U68/><E102/><V103/><F8/><W59/><G31/><T99/><D99/><U105/><E105/><V27/><F92/><W61/><REACH who="3" step="1"/><G89/><REACH who="3" ten="217,243,259,271" step="2"/><T56/><D54/><U114/><E68/><V43/><F30/><W127/><G127/><T22/><D108/><U91/><E90/><V113/><F69/><W9/><G9/><T111/><D111/><U77/><E114/><V5/><F28/><W88/><G88/><T17/><D109/><U35/><E35/><V94/><F113/><W128/><G128/><T14/><D23/><U46/><E91/><V85/><F43/><W12/><G12/><N who="0" m="9575" /><D17/><U42/><E0/><V81/><F103/><W49/><G49/><T16/><D4/><U135/><E3/><V36/><F5/><W115/><G115/><T52/><D53/><U20/><E20/><V37/><F100/><W13/><G13/><T101/><D101/><U24/><E15/><V2/><F2/><W117/><G117/><T98/><D98/><U119/><E119/><V126/><F126/><W123/><G123/><T121/><D121/><U75/><E93/><V38/><F94/><W6/><G6/><T34/><D34/><U50/><E135/><V73/><F134/><RYUUKYOKU ba="0,1" sc="217,10,243,10,259,-30,271,10" hai0="10,14,16,51,52,56,64,66,79,87" hai1="18,21,24,42,46,50,63,75,77,78,80,83,84" hai3="55,59,61,62,67,70,74,76,96,97,104,106,107" /><INIT seed="4,1,1,2,0,84" ten="227,253,229,281" oya="0" hai0="36,8,115,128,87,112,99,10,15,97,23,80,20" hai1="82,54,67,98,6,25,90,11,74,38,118,40,58" hai2="117,116,111,133,113,57,130,76,3,4,48,79,106" hai3="88,70,1,91,101,78,124,86,120,53,123,14,81"/><T114/><D128/><U28/><E118/><V83/><F111/><W107/><G1/><T16/><D36/><U94/><E67/><V63/><F106/><W21/><G70/><T18/><D8/><U5/><E40/><V75/><F130/><W135/><G135/><T27/><REACH who="0" step="1"/><D10/><REACH who="0" ten="217,253,229,281" step="2"/><U47/><E11/><V26/><F117/><W109/><G120/><T61/><D61/><U59/><E38/><V100/><F116/><W51/><G123/><T64/><D64/><U9/><E9/><V55/><F63/><W92/><G109/><T122/><D122/><U125/><E5/><V50/><F4/><W110/><G110/><T41/><D41/><U43/><E43/><V56/><F133/><W52/><G53/><T35/><D35/><U68/><E54/><V19/><F55/><W102/><G52/><T44/><D44/><U33/><E47/><V7/><F7/><W103/><G51/><T2/><D2/><U46/><E46/><V0/><F0/><W104/><G104/><T129/><D129/><U66/><E6/><V62/><F3/><W17/><G107/><T72/><D72/><U77/><E66/><V42/><F42/><W108/><G108/><T24/><D24/><U29/><E25/><V65/><F65/><W22/><G14/><T96/><D96/><U105/><E33/><V69/><F62/><W73/><G73/><T127/><D127/><U45/><E125/><V126/><F126/><W60/><G60/><T49/><D49/><U31/><E45/><V85/><F75/><W119/><G124/><T12/><D12/><U132/><E74/><RYUUKYOKU ba="1,2" sc="217,30,253,-10,229,-10,281,-10" hai0="15,16,18,20,23,27,80,87,97,99,112,114,115" /><INIT seed="4,2,2,0,1,89" ten="247,243,219,271" oya="0" hai0="18,22,34,10,77,134,19,20,27,125,68,32,130" hai1="23,110,37,107,57,60,101,74,118,51,80,99,38" hai2="115,13,97,95,28,14,30,88,52,21,106,75,2" hai3="44,16,73,67,98,49,42,133,91,4,65,78,86"/><T132/><D68/><U102/><E118/><V135/><F2/><W11/><G73/><T63/><D63/><U7/><E110/><V64/><F75/><W128/><G78/><T100/><D77/><U9/><E102/><V104/><F115/><W55/><G133/><N who="0" m="51307" /><D130/><U31/><E51/><V111/><F111/><W26/><G98/><T108/><D108/><U94/><E107/><V3/><F3/><W8/><G128/><T114/><D114/><U122/><E122/><V6/><F135/><W105/><G105/><T119/><D119/><U61/><E61/><V25/><F64/><W53/><G53/><T43/><D43/><U121/><E80/><V1/><F106/><W96/><G96/><T92/><D125/><U81/><E81/><V41/><F41/><W5/><G55/><T93/><D10/><U129/><E74/><V117/><F104/><W45/><G42/><T84/><D84/><U36/><E121/><V76/><F76/><W126/><G86/><T124/><D124/><U83/><E83/><V40/><F40/><W112/><G112/><T72/><D72/><U47/><E129/><V70/><F117/><W50/><G126/><T82/><D82/><U90/><E38/><V113/><F113/><W54/><G54/><T127/><D127/><U79/><E79/><V56/><F70/><W116/><G116/><T85/><D85/><U62/><E37/><V29/><F52/><W15/><G11/><T120/><D120/><U46/><E36/><V24/><F56/><W123/><G123/><T131/><D131/><U12/><E57/><V87/><F87/><RYUUKYOKU ba="2,2" sc="247,0,243,0,219,0,271,0" /><INIT seed="5,3,2,0,3,45" ten="247,243,219,271" oya="1" hai0="73,20,101,88,2,129,72,59,33,3,124,34,40" hai1="75,131,133,99,81,22,55,53,63,82,105,15,30" hai2="68,97,48,65,120,78,13,47,35,49,5,134,123" hai3="32,56,69,66,0,126,109,37,67,92,21,76,79"/><U77/><E131/><V44/><F35/><W25/><G109/><T94/><D129/><U14/><E133/><V70/><F78/><W114/><G69/><N who="2" m="26729" /><F97/><W112/><G37/><T62/><D101/><U103/><E82/><V127/><F13/><W128/><G126/><T46/><D124/><U4/><E63/><V135/><F5/><W43/><G43/><T6/><D33/><U116/><E116/><V106/><F65/><W100/><G0/><T85/><D34/><U29/><E15/><V39/><F39/><W104/><G104/><T121/><D121/><N who="2" m="46666" /><F106/><W36/><G36/><T8/><D20/><U7/><E7/><V91/><F91/><W26/><G32/><T31/><D31/><U27/><REACH who="1" step="1"/><E30/><REACH who="1" ten="247,233,219,271" step="2"/><V57/><F127/><W115/><G128/><T132/><D132/><N who="2" m="50730" /><F57/><W24/><G56/><T98/><D2/><U111/><E111/><V110/><F110/><W23/><G114/><T107/><D59/><U38/><E38/><V12/><F12/><W130/><G112/><T54/><D3/><U83/><E83/><V113/><F113/><W10/><G115/><T122/><D122/><U41/><E41/><V119/><F119/><W87/><G130/><T102/><D6/><U42/><E42/><V51/><AGARI ba="3,3" hai="44,47,48,49,51" m="50730,46666,26729" machi="51" ten="40,16000,3" yaku="28,2,20,1,34,2,52,3" doraHai="45" who="2" fromWho="2" sc="247,-43,233,-83,219,199,271,-43" owari="204,-19.6,150,-35.0,418,51.8,228,2.8" /></mjloggm>