<mjloggm ver="2.3"><GO type="225" lobby="0"/><UN n0="%E8%90%BD%E6%97%A5" n1="%61%6D%65%6B%69" n2="%E3%83%81%E3%83%AF%E3%83%AF%E9%9A%8A%E9%95%B7" n3="%E6%81%A5%E6%99%92%E3%81%97" dan="16,16,17,16" rate="2158.95,2068.82,2178.00,2088.17" sx="F,M,M,M"/><TAIKYOKU oya="0"/><INIT seed="0,0,0,5,2,40" ten="250,250,250,250" oya="0" hai0="57,5,101,63,75,60,78,104,41,129,89,91,55" hai1="95,133,27,33,53,0,11,20,8,58,51,127,132" hai2="120,24,71,50,37,100,1,6,116,47,115,134,56" hai3="15,130,84,2,65,87,108,86,17,34,18,3,35"/><T125/><D125/><U14/><E33/><V7/><F120/><W109/><G65/><T77/><D129/><U119/><E119/><V25/><F115/><W70/><G130/><T54/><D5/><U22/><E127/><V98/><F71/><W64/><G64/><T81/><D41/><U122/><E122/><V92/><F116/><W90/><G90/><T30/><D30/><U96/><E0/><N who="3" m="42" /><G15/><T21/><D21/><U79/><E79/><V135/><F56/><W110/><G70/><T12/><D12/><U126/><E20/><V19/><F37/><W43/><G43/><T46/><D78/><U124/><E126/><V26/><F19/><AGARI ba="0,0" hai="17,18,19,34,35,84,86,87,108,109,110" m="42" machi="19" ten="40,5200,0" yaku="28,2,14,1" doraHai="40" who="3" fromWho="2" sc="250,0,250,0,250,-52,250,52" /><INIT seed="1,0,0,0,3,46" ten="250,250,198,302" oya="1" hai0="95,24,40,22,48,43,113,110,18,117,129,62,72" hai1="98,6,2,77,61,83,7,28,121,71,0,70,30" hai2="79,102,38,63,116,78,14,37,1,131,85,32,89" hai3="23,120,108,53,99,112,82,31,5,132,51,52,87"/><U88/><E121/><V13/><F1/><W68/><G120/><T122/><D117/><U25/><E2/><V128/><F116/><W86/><G112/><T109/><D122/><U10/><E7/><V27/><F102/><W100/><G68/><T3/><D113/><U33/><E30/><N who="2" m="19551" /><F63/><W42/><G108/><N who="0" m="41579" /><D3/><U81/><E61/><V107/><F107/><W60/><G132/><T44/><D72/><U91/><E83/><V115/><F115/><W29/><G5/><T135/><D135/><U127/><E127/><V134/><F134/><W17/><G99/><T119/><D119/><U96/><E96/><V118/><F118/><W90/><G100/><T124/><D124/><U67/><E67/><V26/><F26/><N who="3" m="14703" /><G87/><T123/><D123/><U97/><E97/><V59/><F59/><N who="3" m="34919" /><G42/><N who="0" m="24599" /><D129/><N who="2" m="49738" /><F37/><W104/><G104/><T20/><D62/><U58/><E58/><AGARI ba="0,0" hai="29,31,51,53,58,82,86,90" m="34919,14703" machi="58" ten="30,3900,0" yaku="8,1,52,1,54,1" doraHai="46" who="3" fromWho="1" sc="250,0,250,-39,198,0,302,39" /><INIT seed="2,0,0,3,1,57" ten="250,211,198,341" oya="2" hai0="21,114,104,10,115,90,29,17,1,118,69,11,38" hai1="80,96,88,30,51,107,78,92,9,42,101,20,36" hai2="81,22,108,132,23,91,84,131,105,59,73,39,53" hai3="116,87,8,26,14,129,24,6,16,15,35,99,113"/><V133/><F39/><W117/><G99/><T64/><D38/><U0/><E36/><V47/><F131/><W52/><G129/><T72/><D72/><U7/><E30/><V5/><F105/><W79/><G113/><T110/><D104/><U127/><E127/><V97/><F108/><W13/><G13/><T25/><D110/><U98/><E20/><V27/><F47/><W124/><G124/><T120/><D120/><U2/><E42/><V76/><F5/><W37/><G37/><T77/><D77/><U121/><E121/><V62/><F97/><W34/><G87/><T4/><D90/><U67/><E67/><V106/><F106/><W49/><G79/><T43/><D43/><U33/><E51/><V60/><F60/><W58/><G26/><T55/><D55/><U128/><E33/><V66/><F66/><W12/><G24/><T28/><D69/><U130/><REACH who="1" step="1"/><E2/><REACH who="1" ten="250,201,198,341" step="2"/><V85/><F22/><W94/><G35/><T134/><D64/><U123/><E123/><V32/><F32/><W82/><G34/><T135/><D29/><U126/><E126/><V31/><REACH who="2" step="1"/><F73/><AGARI ba="0,1" hai="0,7,9,73,78,80,88,92,96,98,101,107,128,130" machi="73" ten="40,2600,0" yaku="1,1,54,1,53,0" doraHai="57" doraHaiUra="56" who="1" fromWho="2" sc="250,0,201,36,198,-26,341,0" /><INIT seed="3,0,0,1,0,50" ten="250,237,172,341" oya="3" hai0="123,69,53,92,42,47,4,59,31,124,100,45,3" hai1="36,8,13,99,25,94,48,55,15,5,98,40,52" hai2="85,132,73,33,134,111,23,66,88,20,70,51,24" hai3="129,79,90,105,127,29,131,116,30,93,103,46,9"/><W108/><G108/><T77/><D69/><U113/><E113/><V11/><F73/><W117/><G127/><T41/><D123/><U44/><E36/><V2/><F111/><W54/><G79/><T84/><D124/><U28/><E15/><V17/><F33/><W128/><G9/><T38/><D31/><N who="3" m="11785" /><G103/><T130/><D130/><U67/><E67/><V75/><F75/><W82/><G82/><T43/><D4/><U56/><E56/><V104/><F104/><W18/><G18/><T16/><D3/><U91/><REACH who="1" step="1"/><E99/><REACH who="1" ten="250,227,172,341" step="2"/><V121/><F121/><W27/><G128/><T135/><D135/><U58/><E58/><V101/><F101/><W12/><G12/><T83/><D38/><U0/><E0/><V14/><F2/><W133/><G133/><T97/><D16/><U89/><E89/><V10/><F10/><W22/><G90/><T21/><D21/><AGARI ba="0,1" hai="5,8,13,21,25,28,40,44,48,52,55,91,94,98" machi="21" ten="30,12000,2" yaku="1,1,7,1,8,1,52,2,54,1,53,0" doraHai="50" doraHaiUra="107" who="1" fromWho="0" sc="250,-120,227,130,172,0,341,0" owari="130,-37.0,357,45.7,172,-22.8,341,14.1" /></mjloggm>