<mjloggm ver="2.3"><GO type="225" lobby="0"/><UN n0="%E3%81%BF%E3%81%BF%E3%81%9A" n1="%E7%99%BD%E6%97%A5%E9%9B%AA%E8%8F%9C" n2="%72%69%6F%75%63%68%61%6E" n3="%E3%83%89%E3%83%A9%E3%81%8F%E3%82%8C" dan="17,17,16,16" rate="2324.82,2204.68,2162.35,2140.65" sx="M,M,M,M"/><TAIKYOKU oya="0"/><INIT seed="0,0,0,1,2,35" ten="250,250,250,250" oya="0" hai0="49,76,135,59,117,119,91,18,74,69,106,98,45" hai1="50,5,30,43,62,10,103,78,31,2,120,37,108" hai2="114,110,11,131,70,52,12,72,89,100,21,109,34" hai3="44,19,29,102,128,3,57,54,48,111,51,94,118"/><T79/><D69/><U116/><E116/><V107/><F114/><W93/><G118/><T67/><D135/><U87/><E120/><V22/><F34/><W55/><G111/><N who="2" m="42505" /><F131/><W85/><G128/><T14/><D74/><U73/><E108/><V84/><F72/><W64/><G3/><T133/><D133/><U126/><E103/><V24/><F70/><W134/><G134/><T71/><D71/><U127/><E62/><V0/><F24/><W61/><G29/><T63/><D117/><U32/><E50/><V58/><F0/><W36/><G36/><T77/><D119/><U60/><E60/><N who="2" m="35911" /><F100/><W53/><G19/><T90/><D106/><U113/><E113/><V16/><F107/><W105/><G105/><T122/><D98/><U39/><E87/><V13/><F12/><W92/><G102/><T23/><REACH who="0" step="1"/><D122/><REACH who="0" ten="240,250,250,250" step="2"/><U38/><E73/><V15/><F15/><W27/><G27/><T8/><D8/><U121/><E121/><V25/><F25/><W80/><REACH who="3" step="1"/><G51/><REACH who="3" ten="240,250,250,240" step="2"/><T99/><D99/><U26/><E26/><V88/><F89/><AGARI ba="0,2" hai="44,48,53,54,55,57,61,64,80,85,89,92,93,94" machi="89" ten="40,8000,1" yaku="1,1,2,1,8,1,53,1" doraHai="35" doraHaiUra="47" who="3" fromWho="2" sc="240,0,250,0,250,-80,240,100" /><INIT seed="1,0,0,5,4,81" ten="240,250,170,340" oya="1" hai0="58,83,126,84,120,54,89,43,105,53,35,110,29" hai1="62,36,129,14,44,55,69,22,66,74,2,65,50" hai2="5,79,103,134,88,18,42,31,112,77,11,6,135" hai3="3,116,98,95,1,45,71,46,72,68,96,51,108"/><U24/><E2/><V64/><F112/><W33/><G116/><T80/><D110/><U40/><E74/><V52/><F103/><W99/><G33/><T82/><D105/><U56/><E129/><V131/><F131/><W19/><G72/><T47/><D126/><U28/><E65/><V32/><F42/><W121/><G95/><T59/><D120/><U104/><E14/><V4/><F64/><W100/><G51/><N who="0" m="27135" /><D35/><U92/><E92/><V26/><F52/><N who="0" m="20074" /><D29/><U37/><REACH who="1" step="1"/><E104/><REACH who="1" ten="240,240,170,340" step="2"/><V27/><F135/><W17/><G1/><T0/><D0/><U61/><AGARI ba="0,1" hai="22,24,28,36,37,40,44,50,55,56,61,62,66,69" machi="61" ten="20,7800,0" yaku="1,1,2,1,0,1,7,1,53,0" doraHai="81" doraHaiUra="75" who="1" fromWho="1" sc="240,-26,240,88,170,-26,340,-26" /><INIT seed="1,1,0,4,2,3" ten="214,328,144,314" oya="1" hai0="122,58,4,1,24,92,100,70,76,0,23,129,42" hai1="132,21,33,9,110,7,25,85,95,39,55,99,32" hai2="35,75,12,67,135,121,37,112,49,131,44,106,101" hai3="30,43,91,63,104,127,2,34,46,130,54,27,72"/><U64/><E39/><V94/><F121/><W119/><G104/><T120/><D70/><U126/><E126/><V22/><F35/><W128/><G72/><T47/><D76/><U40/><E40/><V79/><F106/><W88/><G2/><T57/><D129/><N who="3" m="49769" /><G127/><T71/><D71/><U98/><E132/><V103/><F131/><W16/><G119/><T31/><D0/><U38/><E38/><V13/><F135/><W18/><G54/><T15/><D1/><U5/><E64/><V77/><F112/><W87/><G63/><T116/><D116/><U86/><E110/><V73/><F37/><N who="3" m="21871" /><G91/><T66/><D47/><U60/><E33/><V20/><F67/><W53/><G53/><T52/><D42/><U107/><E32/><V84/><F44/><W78/><G78/><T14/><D58/><N who="1" m="34911" /><E107/><V48/><REACH who="2" step="1"/><F84/><REACH who="2" ten="214,328,134,314" step="2"/><W69/><G69/><T89/><D66/><U59/><E59/><V124/><F124/><W41/><G41/><T19/><D122/><U36/><E36/><V113/><F113/><W134/><G134/><T62/><D120/><U115/><E115/><V108/><F108/><W118/><G118/><T6/><D100/><N who="1" m="60511" /><E99/><V90/><F90/><W29/><G87/><N who="1" m="33290" /><E9/><V10/><F10/><W45/><G34/><T17/><D89/><U61/><E61/><V28/><F28/><AGARI ba="1,1" hai="5,7,21,25,28" m="33290,60511,34911" machi="28" ten="30,5800,0" yaku="8,1,52,2" doraHai="3" who="1" fromWho="2" sc="214,0,328,71,134,-61,314,0" /><INIT seed="1,2,0,3,2,34" ten="214,399,73,314" oya="1" hai0="9,102,120,19,11,119,1,42,107,22,64,76,40" hai1="47,125,108,53,77,128,54,24,63,100,60,48,81" hai2="127,74,96,26,0,56,45,114,133,35,20,84,39" hai3="111,86,87,73,130,135,33,27,105,51,16,10,129"/><U103/><E128/><N who="3" m="49258" /><G73/><T28/><D119/><U2/><E125/><V41/><F127/><W46/><G105/><T59/><D76/><U29/><E2/><V115/><F133/><W80/><G135/><T55/><D64/><U110/><E100/><V117/><F117/><W65/><G65/><T50/><D120/><U44/><E103/><V13/><F74/><W31/><G111/><N who="1" m="42538" /><E44/><V109/><F109/><W93/><G93/><T8/><D28/><U79/><E53/><V95/><F84/><W98/><G98/><T112/><D112/><U66/><E81/><V61/><F35/><W14/><G80/><T83/><D83/><U67/><E67/><V88/><F13/><W3/><G3/><T52/><D107/><U82/><E82/><V106/><F0/><W7/><G7/><T43/><D102/><U62/><E66/><V68/><F68/><W58/><G58/><T37/><D37/><U101/><E101/><V30/><REACH who="2" step="1"/><F106/><REACH who="2" ten="214,399,63,314" step="2"/><W72/><G72/><T15/><D1/><U89/><E89/><V6/><F6/><W134/><G134/><T92/><D92/><U21/><AGARI ba="2,1" hai="21,24,29,47,48,54,60,62,63,77,79" m="42538" machi="21" ten="30,3000,0" yaku="14,1,10,1" doraHai="34" who="1" fromWho="1" sc="214,-12,399,46,63,-12,314,-12" /><INIT seed="1,3,0,5,1,33" ten="202,445,51,302" oya="1" hai0="42,87,67,39,16,2,121,59,83,62,80,82,125" hai1="70,65,108,73,81,54,109,96,22,131,32,114,117" hai2="36,84,11,69,3,34,18,45,68,51,25,91,14" hai3="75,60,135,17,20,19,76,12,106,99,26,79,133"/><U0/><E114/><V24/><F36/><W113/><G113/><T37/><D125/><U56/><E32/><V103/><F103/><N who="3" m="62847" /><G60/><T35/><D35/><U47/><E117/><V31/><F24/><W71/><G71/><T107/><D107/><U64/><E22/><V52/><REACH who="2" step="1"/><F3/><REACH who="2" ten="202,445,41,302" step="2"/><W27/><G27/><T13/><D2/><U28/><E0/><V4/><F4/><W10/><G26/><T127/><D127/><U111/><E28/><V118/><F118/><W98/><G12/><T53/><D121/><U29/><E29/><V77/><F77/><W93/><G79/><T92/><D37/><U46/><E111/><V72/><F72/><W119/><G76/><T40/><D39/><U63/><E73/><V112/><F112/><W8/><G75/><T86/><D67/><U15/><E65/><V58/><F58/><W95/><G119/><T110/><D110/><U1/><E1/><V66/><F66/><W126/><G126/><T48/><D62/><U115/><E64/><V21/><F21/><W44/><G20/><N who="0" m="11279" /><D86/><U30/><E63/><V55/><F55/><W128/><G98/><T134/><D134/><U89/><E96/><V5/><F5/><W124/><G135/><T123/><D123/><U49/><E109/><V132/><F132/><W6/><G133/><T61/><D61/><U9/><E108/><V122/><F122/><W43/><G124/><T120/><D120/><U57/><E115/><V102/><F102/><W78/><G6/><T41/><D40/><U23/><E54/><V74/><F74/><W105/><G43/><N who="0" m="16395" /><D87/><U85/><E85/><RYUUKYOKU ba="3,1" sc="202,15,445,-15,41,15,302,-15" hai0="48,53,59,80,82,83,92" hai2="11,14,18,25,31,34,45,51,52,68,69,84,91" /><INIT seed="2,4,1,0,0,126" ten="217,430,56,287" oya="2" hai0="120,125,118,78,63,23,79,4,72,15,56,41,88" hai1="53,12,35,27,3,89,18,134,108,91,84,115,94" hai2="0,83,103,58,25,131,73,19,114,105,32,66,20" hai3="98,87,122,6,71,76,52,17,127,37,109,33,57"/><V2/><F114/><W75/><G122/><T133/><D120/><U48/><E3/><V59/><F32/><W67/><G127/><T10/><D125/><U50/><E108/><V51/><F131/><W47/><G109/><T5/><D118/><U8/><E134/><V30/><F19/><W14/><G6/><T90/><D133/><U54/><E35/><V40/><F105/><W70/><G75/><T61/><D41/><U80/><E27/><V31/><F30/><W28/><G98/><T107/><D107/><U43/><E115/><V85/><F73/><W86/><G76/><T132/><D132/><U123/><E123/><V101/><F0/><W21/><G71/><T24/><D72/><U11/><E11/><V117/><F2/><W34/><G28/><T60/><D56/><N who="2" m="21546" /><F66/><W111/><G111/><T39/><D39/><U92/><E43/><V82/><F117/><W45/><G34/><T128/><D128/><U29/><E29/><V44/><F82/><W124/><G33/><T119/><D119/><U46/><E91/><AGARI ba="4,1" hai="20,25,31,40,44,51,83,85,91,101,103" m="21546" machi="91" ten="30,1500,0" yaku="8,1" doraHai="126" who="2" fromWho="1" sc="217,0,430,-27,56,37,287,0" /><INIT seed="2,5,0,4,1,126" ten="217,403,93,287" oya="2" hai0="122,59,2,67,21,57,27,104,81,97,68,82,105" hai1="8,31,85,23,12,69,79,115,133,60,135,83,113" hai2="45,7,103,125,64,117,58,134,25,86,78,26,92" hai3="34,0,107,130,49,89,102,55,14,93,50,4,110"/><V63/><F117/><W43/><G110/><T62/><D122/><U77/><E77/><V71/><F134/><N who="1" m="51209" /><E31/><V51/><F125/><W54/><G34/><T16/><D2/><U76/><E23/><V108/><F108/><W96/><G0/><T17/><D68/><U80/><E60/><V52/><F7/><W28/><G43/><T98/><D21/><U106/><E106/><V121/><F121/><W6/><G28/><T118/><D62/><U29/><E29/><V44/><F78/><W91/><G14/><T88/><D27/><U101/><E101/><V33/><F33/><W20/><G20/><T9/><D9/><U30/><E69/><V40/><F44/><W84/><G91/><T1/><D1/><U114/><E30/><V56/><F56/><W132/><G132/><T39/><D39/><U128/><E128/><V3/><F3/><W24/><G130/><T94/><D94/><U123/><E123/><V75/><F75/><W99/><G99/><T61/><D61/><U129/><E129/><V13/><F13/><W15/><G24/><T100/><D100/><U72/><E114/><V66/><F66/><W74/><G74/><T18/><D18/><AGARI ba="5,0" hai="8,12,18,72,76,79,80,83,85,113,115" m="51209" machi="18" ten="30,1000,0" yaku="20,1" doraHai="126" who="1" fromWho="0" sc="217,-25,403,25,93,0,287,0" /><INIT seed="3,0,0,5,5,115" ten="192,428,93,287" oya="3" hai0="4,20,90,102,77,117,6,89,22,79,118,98,51" hai1="40,58,73,82,14,28,39,37,75,44,33,49,135" hai2="76,59,126,41,93,111,91,38,0,32,3,55,15" hai3="2,101,122,83,13,106,25,96,36,8,26,53,62"/><W67/><G122/><T78/><D51/><U56/><E33/><V120/><F126/><W112/><G2/><T46/><D46/><U131/><E28/><V60/><F32/><W95/><G112/><T72/><D98/><U21/><E131/><V123/><F111/><W65/><G36/><T84/><D84/><U100/><E100/><V80/><F15/><W1/><G1/><T132/><D102/><U116/><E116/><N who="0" m="44649" /><D72/><U97/><E97/><V42/><F0/><W52/><G83/><T27/><D27/><N who="3" m="10249" /><G106/><T71/><D71/><U68/><E68/><V125/><F3/><W86/><G86/><T94/><D94/><U18/><E73/><V99/><F125/><W129/><G129/><T45/><D45/><U43/><E75/><V85/><REACH who="2" step="1"/><F38/><REACH who="2" ten="192,428,83,287" step="2"/><W119/><G119/><T113/><D113/><U57/><E39/><V109/><F109/><W105/><G105/><T17/><D4/><U130/><E37/><V19/><F19/><N who="3" m="8615" /><G62/><T48/><D6/><U74/><E130/><V134/><F134/><W31/><G31/><T9/><D132/><U23/><E135/><V70/><F70/><W88/><G101/><T66/><D17/><U54/><E18/><V81/><F81/><W10/><G10/><T92/><D9/><U5/><E82/><V87/><F87/><W110/><G110/><T104/><D48/><U127/><E49/><V30/><F30/><W34/><G34/><T11/><D11/><N who="1" m="4463" /><E127/><V35/><F35/><W29/><G29/><T50/><D50/><N who="1" m="28999" /><E74/><V7/><F7/><W69/><G69/><T47/><D20/><AGARI ba="0,1" hai="20,21,23,40,43,56,57,58" m="28999,4463" machi="20" ten="30,1000,0" yaku="8,1" doraHai="115" who="1" fromWho="0" sc="192,-10,428,20,83,0,287,0" owari="182,-21.8,448,54.8,83,-41.7,287,8.7" /></mjloggm>