<mjloggm ver="2.3"><GO type="225" lobby="0"/><UN n0="%E3%82%82%E3%82%93%E3%81%8D%E3%82%93%E3%81%90" n1="%E8%B5%A4%E7%BE%BD%E3%81%AE%E7%8E%8B" n2="%E3%81%BF%E3%81%BF%E3%81%9A" n3="%E5%8D%A0%E3%81%84%E5%B8%AB%E8%A3%8F%E3%81%AA%E3%81%84%E3%81%97" dan="16,16,16,16" rate="2028.50,2086.00,2171.49,2147.43" sx="M,M,M,M"/><TAIKYOKU oya="0"/><INIT seed="0,0,0,4,5,62" ten="250,250,250,250" oya="0" hai0="92,108,47,23,28,74,18,83,15,89,95,3,116" hai1="131,68,133,53,13,65,129,70,94,79,72,45,14" hai2="9,110,8,60,107,39,80,99,50,19,132,130,82" hai3="77,81,96,12,16,51,35,46,90,103,126,66,22"/><T124/><D116/><U38/><E133/><V40/><F39/><W69/><G35/><T6/><D124/><U5/><E72/><V27/><F132/><W135/><G135/><T26/><D108/><U86/><E14/><V61/><F99/><W56/><G69/><T115/><D115/><U17/><E5/><V41/><F107/><W55/><G126/><T64/><D3/><U91/><E79/><V48/><F130/><N who="1" m="49673" /><E65/><V29/><F110/><W114/><G114/><T121/><D6/><U88/><E91/><V105/><F105/><W2/><G2/><T7/><D7/><U120/><E120/><V11/><F27/><W42/><G90/><T112/><D112/><U21/><E53/><V117/><F117/><W44/><G42/><AGARI ba="0,0" hai="13,17,21,38,42,45,68,70,86,88,94" m="49673" machi="42" ten="30,2000,0" yaku="19,1,54,1" doraHai="62" who="1" fromWho="3" sc="250,0,250,20,250,0,250,-20" /><INIT seed="1,0,0,3,4,23" ten="250,270,250,230" oya="1" hai0="94,62,58,3,29,126,25,72,123,2,134,109,129" hai1="15,10,69,6,130,92,84,60,57,9,127,55,116" hai2="20,26,35,44,79,12,45,11,31,124,133,78,40" hai3="113,81,30,90,41,73,33,18,112,70,61,99,76"/><U101/><E116/><V102/><F124/><W4/><G18/><T67/><D72/><U27/><E127/><V52/><F133/><W71/><G41/><T122/><D126/><U51/><E130/><V110/><F110/><W132/><G132/><T119/><D134/><U42/><E27/><V93/><F35/><W32/><G4/><T65/><D119/><U47/><E69/><V114/><F114/><W53/><G53/><T36/><D36/><U77/><E101/><V46/><F40/><W120/><G120/><N who="0" m="46123" /><D109/><U28/><E28/><V19/><REACH who="2" step="1"/><F52/><REACH who="2" ten="250,270,240,230" step="2"/><W118/><G118/><T103/><D129/><U91/><E77/><V98/><AGARI ba="0,1" hai="11,12,19,20,26,31,44,45,46,78,79,93,98,102" machi="98" ten="30,8000,1" yaku="1,1,2,1,0,1,8,1,52,1,53,0" doraHai="23" doraHaiUra="85" who="2" fromWho="2" sc="250,-20,270,-40,240,90,230,-20" /><INIT seed="2,0,0,2,2,114" ten="230,230,330,210" oya="2" hai0="94,27,23,62,13,89,123,51,52,58,35,77,30" hai1="28,116,119,18,40,49,76,78,128,121,126,107,108" hai2="65,59,20,25,31,124,84,122,29,61,15,54,103" hai3="24,133,87,34,74,73,88,46,112,120,95,45,101"/><V104/><F122/><W43/><G120/><T2/><D2/><U72/><E121/><V68/><F124/><W10/><G133/><T41/><D77/><U50/><E107/><V92/><F104/><W131/><G112/><T60/><D123/><U6/><E28/><V125/><F125/><W81/><G131/><T71/><D71/><U111/><E126/><V19/><F103/><W42/><G10/><T79/><D79/><N who="1" m="30251" /><E72/><V0/><F0/><W135/><G135/><T17/><REACH who="0" step="1"/><D41/><REACH who="0" ten="220,230,330,210" step="2"/><U36/><E40/><V80/><F68/><W115/><G115/><T102/><D102/><U109/><E128/><V12/><F80/><W83/><G74/><T132/><D132/><U1/><E1/><V113/><F113/><W7/><G73/><T96/><AGARI ba="0,1" hai="13,17,23,27,30,35,51,52,58,60,62,89,94,96" machi="96" ten="20,5200,0" yaku="1,1,0,1,7,1,54,1,53,0" doraHai="114" doraHaiUra="33" who="0" fromWho="0" sc="220,62,230,-13,330,-26,210,-13" /><INIT seed="3,0,0,5,4,71" ten="282,217,304,197" oya="3" hai0="67,50,35,131,81,100,27,41,103,29,18,30,40" hai1="70,11,62,127,129,7,28,61,36,87,114,1,21" hai2="16,121,3,118,83,79,58,25,119,14,73,80,98" hai3="135,8,117,42,113,84,43,15,106,115,57,0,105"/><W23/><G117/><T93/><D131/><U44/><E114/><V69/><F69/><W20/><G0/><T90/><D81/><U72/><E127/><V54/><F3/><W68/><G68/><T34/><D67/><U107/><E107/><V96/><F25/><W64/><G135/><T2/><D2/><U92/><E72/><V134/><F134/><W78/><G105/><T17/><D27/><U126/><E70/><V99/><F83/><N who="3" m="47223" /><G106/><T94/><D50/><U86/><E86/><V4/><F4/><N who="3" m="3463" /><G115/><T37/><D90/><U38/><E126/><V112/><F121/><W110/><G113/><T24/><D24/><U91/><E28/><V9/><REACH who="2" step="1"/><F112/><REACH who="2" ten="282,217,294,197" step="2"/><W116/><G116/><T63/><D37/><U120/><E38/><V88/><F88/><W51/><G110/><T31/><D31/><U53/><E36/><V76/><F76/><W60/><G42/><T102/><D100/><U104/><E1/><V125/><F125/><W46/><AGARI ba="0,1" hai="20,23,43,46,51,57,60,64" m="3463,47223" machi="46" ten="30,3000,0" yaku="25,1,8,1" doraHai="71" who="3" fromWho="3" sc="282,-10,217,-10,294,-10,197,40" /><INIT seed="3,1,0,5,5,116" ten="272,207,284,237" oya="3" hai0="92,9,1,109,87,132,24,80,102,53,38,69,94" hai1="65,115,82,125,33,10,95,8,111,4,131,19,101" hai2="70,57,112,12,66,129,113,103,108,67,71,61,27" hai3="77,120,54,28,29,118,55,126,2,106,20,62,68"/><W45/><G118/><T128/><D109/><U98/><E33/><V99/><F12/><W21/><G2/><T121/><D121/><U63/><E115/><V6/><F6/><W15/><G106/><T48/><D38/><U14/><E125/><V16/><F16/><W43/><G126/><T79/><D69/><N who="2" m="26122" /><F27/><W73/><G120/><T23/><D132/><U46/><E46/><V75/><F75/><W59/><G68/><T32/><D128/><U36/><E36/><V117/><F99/><W35/><G35/><T81/><D32/><U104/><E111/><V134/><F103/><W74/><G77/><T100/><D81/><U34/><E34/><V51/><F108/><W72/><G15/><T130/><D130/><U40/><E40/><V96/><F96/><W50/><G43/><T107/><D107/><U30/><E30/><V49/><F129/><W13/><G13/><T127/><D127/><U17/><E131/><V39/><F39/><W85/><G85/><T91/><D9/><U0/><E82/><V5/><F5/><W97/><G97/><T26/><D1/><U11/><E104/><V7/><F7/><W41/><G28/><N who="0" m="17439" /><D26/><U3/><E3/><V86/><F86/><W88/><G29/><T135/><D135/><U83/><E83/><V18/><F117/><W22/><G88/><T90/><D91/><U110/><E110/><V37/><F37/><W84/><G84/><T31/><D31/><U89/><E89/><V114/><F134/><W105/><G105/><T44/><D90/><U56/><E14/><V42/><F42/><W52/><AGARI ba="1,0" hai="20,21,22,41,45,50,52,54,55,59,62,72,73,74" machi="52" ten="40,7800,0" yaku="5,1,0,1,54,1" doraHai="116" who="3" fromWho="3" sc="272,-27,207,-27,284,-27,237,81" owari="245,-15.5,180,-32.0,257,5.7,318,41.8" /></mjloggm>