<mjloggm ver="2.3"><GO type="225" lobby="0"/><UN n0="%E3%81%8B%E3%82%8F%E3%81%A1%E3%82%83%E3%82%93%35%38" n1="%E5%8D%A0%E3%81%84%E5%B8%AB%E8%A3%8F%E3%81%AA%E3%81%84%E3%81%97" n2="%E3%81%A9%E3%82%8F%E3%82%93%E3%81%94" n3="%E7%B4%94%E6%BD%94%E3%83%94%E3%83%A9%E3%83%8B%E3%82%A2" dan="16,16,16,16" rate="2170.86,2164.13,2093.54,2155.58" sx="M,M,M,M"/><TAIKYOKU oya="0"/><INIT seed="0,0,0,2,1,62" ten="250,250,250,250" oya="0" hai0="7,99,32,47,104,109,93,37,69,60,54,117,24" hai1="106,79,19,45,65,48,2,98,8,127,36,87,78" hai2="96,46,0,120,89,21,101,74,55,9,134,67,116" hai3="91,92,82,25,12,53,66,80,131,44,84,15,58"/><T107/><D117/><U16/><E36/><V30/><F120/><W132/><G131/><T5/><D109/><U115/><E127/><V56/><F74/><W1/><G1/><T122/><D122/><U111/><E111/><V64/><F134/><W110/><G110/><T41/><D5/><U81/><E115/><V73/><F73/><W23/><G132/><T105/><D7/><U11/><E2/><V133/><F0/><W126/><G126/><T10/><D10/><N who="1" m="3627" /><E106/><V95/><F133/><W114/><G44/><T135/><D135/><U102/><E79/><V35/><F35/><W76/><G66/><N who="2" m="25129" /><F46/><W88/><G91/><T28/><D69/><U59/><E98/><V118/><F9/><W51/><G114/><T94/><REACH who="0" step="1"/><D99/><REACH who="0" ten="240,250,250,250" step="2"/><U17/><E102/><V22/><F101/><W31/><REACH who="3" step="1"/><G80/><REACH who="3" ten="240,250,250,240" step="2"/><T85/><D85/><AGARI ba="0,2" hai="12,15,23,25,31,51,53,58,76,82,84,85,88,92" machi="85" ten="30,12000,2" yaku="1,1,2,1,7,1,8,1,54,1,53,1" doraHai="62" doraHaiUra="77" who="3" fromWho="0" sc="240,-120,250,0,250,0,240,140" /><INIT seed="1,0,0,4,2,80" ten="120,250,250,380" oya="1" hai0="83,87,74,43,69,72,113,129,97,31,127,24,29" hai1="32,0,126,70,73,6,94,37,132,34,110,76,3" hai2="117,58,131,67,77,71,99,54,82,25,78,118,88" hai3="11,2,26,47,15,36,120,35,93,133,95,46,103"/><U60/><E126/><V65/><F131/><W9/><G120/><T92/><D113/><U14/><E14/><V18/><F118/><W124/><G124/><T109/><D127/><U33/><E132/><V57/><F117/><W20/><G133/><T23/><D69/><U128/><E128/><V104/><F71/><W44/><G36/><T59/><D129/><U4/><E94/><N who="3" m="35850" /><G35/><T105/><D105/><U62/><E110/><V115/><F115/><W130/><G2/><T27/><D109/><U111/><E111/><V21/><F104/><W22/><G103/><T84/><D43/><U50/><E50/><V68/><F68/><W52/><G130/><T116/><D116/><U64/><E62/><N who="2" m="36151" /><F99/><W13/><G52/><T125/><D125/><U106/><E106/><V108/><F108/><W75/><G75/><T96/><D59/><U90/><E37/><V81/><F81/><W16/><G26/><T63/><D63/><U38/><E38/><V28/><F28/><W19/><AGARI ba="0,0" hai="9,11,13,15,16,19,20,22,44,46,47" m="35850" machi="19" ten="30,2000,0" yaku="8,1,54,1" doraHai="80" who="3" fromWho="3" sc="120,-5,250,-10,250,-5,380,20" /><INIT seed="2,0,0,1,4,6" ten="115,240,245,400" oya="2" hai0="39,23,80,41,109,26,82,130,32,36,48,52,19" hai1="91,9,81,15,34,83,28,12,93,20,47,45,123" hai2="129,120,51,71,84,3,21,122,78,17,46,40,74" hai3="56,90,5,53,86,59,113,69,114,115,92,11,135"/><V38/><F74/><W18/><G69/><T35/><D109/><U126/><E34/><V7/><F71/><W104/><G104/><T85/><D130/><U64/><E126/><V110/><F129/><W33/><G33/><T117/><D117/><U4/><E64/><V22/><F110/><W30/><G30/><T14/><D32/><U116/><E123/><V10/><F38/><W100/><G100/><T94/><D41/><U44/><E116/><V61/><F61/><W111/><G111/><T27/><D39/><U73/><E73/><V60/><F60/><W105/><G105/><T67/><D36/><U128/><E128/><V77/><F22/><W0/><G135/><T75/><D75/><U2/><E2/><V24/><REACH who="2" step="1"/><F84/><REACH who="2" ten="115,240,235,400" step="2"/><W42/><G115/><T121/><D121/><AGARI ba="0,1" hai="3,7,10,17,21,24,40,46,51,77,78,120,121,122" machi="121" ten="40,7700,0" yaku="1,1,2,1,52,1,53,0" doraHai="6" doraHaiUra="101" who="2" fromWho="0" sc="115,-77,240,0,235,87,400,0" /><INIT seed="2,1,0,1,2,11" ten="38,240,322,400" oya="2" hai0="10,18,93,134,2,127,25,40,107,88,47,110,95" hai1="33,7,113,122,82,121,9,74,63,99,1,20,83" hai2="27,5,16,6,50,86,26,15,106,46,73,98,36" hai3="131,135,45,57,132,80,116,0,75,34,85,133,17"/><V35/><F36/><W76/><G116/><T67/><D110/><U91/><E113/><V22/><F73/><W8/><G131/><T48/><D134/><U101/><E33/><V42/><F86/><W13/><G34/><T89/><D127/><U117/><E117/><V62/><F62/><W19/><G0/><T28/><D107/><U12/><E74/><V53/><F42/><W92/><G57/><T102/><D67/><U43/><E43/><V109/><F109/><W104/><G104/><T39/><D39/><U21/><E63/><V112/><F112/><W114/><G45/><T68/><D68/><U71/><E71/><V41/><F41/><W32/><G32/><T84/><D102/><U66/><E66/><V69/><F69/><W64/><G64/><T124/><D124/><U100/><E100/><V78/><F78/><W72/><G114/><T103/><D103/><U52/><E91/><V96/><F106/><W3/><G3/><T97/><D2/><U60/><E1/><V24/><F35/><W54/><G54/><T115/><D115/><U111/><E111/><V120/><F120/><N who="1" m="46185" /><E52/><V108/><F108/><W56/><G56/><T4/><D4/><AGARI ba="1,0" hai="4,5,6,15,16,22,24,26,27,46,50,53,96,98" machi="4" ten="40,7700,0" yaku="8,1,52,1,54,1" doraHai="11" who="2" fromWho="0" sc="38,-80,240,0,322,80,400,0" owari="-42,-54.2,240,-16.0,402,50.2,400,20.0" /></mjloggm>