<mjloggm ver="2.3"><GO type="225" lobby="0"/><UN n0="%E3%83%B4%E3%82%A3%E3%83%AF%E3%82%B3%E3%82%B0%E3%83%8B" n1="%E3%81%BF%E3%81%BF%E3%81%9A" n2="%E3%81%A8%E3%82%93%E3%81%A8%E3%81%93%E3%81%A8%E3%82%93" n3="%E5%86%B7%E5%87%8D%E3%82%AE%E3%83%A7%E3%83%BC%E3%82%B6" dan="16,16,16,16" rate="2157.28,2139.59,2125.86,2125.01" sx="M,M,M,M"/><TAIKYOKU oya="0"/><INIT seed="0,0,0,3,1,11" ten="250,250,250,250" oya="0" hai0="50,25,132,98,52,125,133,1,2,78,84,19,121" hai1="123,39,29,135,17,72,42,61,68,124,118,66,24" hai2="31,89,81,76,82,96,12,102,65,131,20,92,71" hai3="35,3,38,106,119,97,7,60,9,15,112,26,55"/><T4/><D121/><U36/><E118/><V110/><F110/><W21/><G38/><T113/><D113/><U80/><E123/><V103/><F131/><W0/><G112/><T33/><D4/><U74/><E124/><V63/><F82/><W34/><G119/><T83/><D125/><U126/><E126/><V91/><F103/><W101/><G55/><T70/><D98/><U8/><E135/><N who="0" m="51785" /><D70/><U44/><E80/><V108/><F108/><W45/><G45/><N who="0" m="27727" /><D33/><U13/><REACH who="1" step="1"/><E36/><REACH who="1" ten="250,240,250,250" step="2"/><V32/><F32/><AGARI ba="0,1" hai="8,13,17,24,29,32,39,42,44,61,66,68,72,74" machi="32" ten="30,7700,0" yaku="1,1,2,1,7,1,52,1,53,0" doraHai="11" doraHaiUra="54" who="1" fromWho="2" sc="250,0,240,87,250,-77,250,0" /><INIT seed="1,0,0,0,2,14" ten="250,327,173,250" oya="1" hai0="5,84,1,111,126,30,0,37,26,73,54,65,55" hai1="80,135,81,34,66,108,119,63,29,27,89,96,21" hai2="117,82,114,90,39,124,92,129,46,102,99,112,20" hai3="77,115,79,12,113,100,57,3,13,62,86,91,22"/><U127/><E119/><V132/><F20/><W36/><G3/><T61/><D73/><U45/><E135/><V11/><F11/><W130/><G36/><T64/><D37/><U38/><E127/><V19/><F19/><N who="3" m="10599" /><G130/><T8/><D0/><U118/><E118/><V76/><F117/><W44/><G115/><N who="2" m="44073" /><F39/><W101/><G44/><T110/><D84/><U16/><E108/><N who="0" m="41513" /><D126/><U58/><E45/><V116/><F46/><W106/><G106/><T60/><D60/><U31/><E38/><V122/><F116/><W78/><G13/><T97/><D97/><U2/><E2/><V10/><F10/><W51/><G51/><T50/><D50/><U87/><E34/><V128/><F124/><W88/><G113/><T85/><D85/><N who="1" m="50343" /><E96/><N who="2" m="57367" /><F122/><W23/><G23/><N who="0" m="15711" /><D65/><U43/><E43/><V25/><F25/><W35/><G35/><T32/><D32/><U70/><E70/><AGARI ba="0,0" hai="1,5,8,54,55,61,64,70" m="15711,41513" machi="70" ten="30,1000,0" yaku="14,1" doraHai="14" who="0" fromWho="1" sc="250,10,327,-10,173,0,250,0" /><INIT seed="2,0,0,3,3,39" ten="260,317,173,250" oya="2" hai0="56,102,28,59,14,52,30,111,89,91,32,19,128" hai1="130,43,95,103,127,36,109,70,115,50,10,51,26" hai2="6,123,78,104,1,97,37,113,24,35,133,60,21" hai3="69,86,83,65,64,53,90,94,112,118,54,131,41"/><V15/><F113/><W68/><G118/><T99/><D111/><U124/><E115/><V57/><F123/><W58/><G131/><T20/><D128/><U76/><E130/><V18/><F133/><W98/><G112/><T40/><D59/><U117/><E117/><V119/><F119/><W73/><G73/><T4/><D4/><U121/><E121/><V42/><F78/><W82/><G82/><T85/><D40/><U107/><E107/><V92/><F104/><W45/><G68/><T5/><D5/><U38/><E70/><V31/><F37/><W12/><G12/><T77/><D77/><U80/><E109/><V122/><F122/><W110/><G69/><T48/><D32/><U116/><E10/><V44/><F44/><W55/><G58/><T134/><D134/><U34/><E116/><V22/><F22/><W74/><G74/><T13/><D13/><U100/><E26/><V33/><F33/><W84/><G84/><T16/><D19/><U17/><E17/><V79/><F79/><W101/><REACH who="3" step="1"/><G110/><REACH who="3" ten="260,317,173,240" step="2"/><T93/><D89/><U62/><E80/><AGARI ba="0,1" hai="14,16,20,28,30,48,52,56,80,85,91,93,99,102" machi="80" ten="30,7700,0" yaku="7,1,8,1,54,2" doraHai="39" who="0" fromWho="1" sc="260,87,317,-77,173,0,240,0" /><INIT seed="3,0,0,3,2,89" ten="347,240,173,240" oya="3" hai0="83,55,28,38,16,80,24,18,105,95,25,7,67" hai1="91,14,93,110,114,119,125,104,82,19,53,96,39" hai2="134,52,57,116,48,103,31,20,27,130,128,106,90" hai3="85,108,126,131,87,46,22,84,42,113,32,45,3"/><W41/><G32/><T111/><D105/><U88/><E114/><V49/><F116/><W92/><G113/><T63/><D111/><U9/><E39/><V59/><F134/><W101/><G3/><T5/><D38/><U26/><E110/><V8/><F8/><W76/><G108/><T40/><D40/><N who="3" m="15465" /><G126/><T107/><D55/><U36/><E36/><V65/><F90/><W74/><G74/><T50/><D50/><U54/><E125/><V30/><F30/><W23/><G76/><T71/><D95/><N who="1" m="56447" /><E104/><V10/><F10/><W109/><G131/><T66/><D107/><U34/><E34/><V115/><F115/><W81/><G81/><T62/><D28/><U77/><E119/><V120/><F120/><W124/><G124/><T75/><D71/><U122/><E122/><V127/><F127/><W97/><G109/><T1/><D75/><U70/><E70/><V29/><F31/><W44/><AGARI ba="0,0" hai="22,23,44,45,46,84,85,87,92,97,101" m="15465" machi="44" ten="40,3900,0" yaku="8,1,52,1" doraHai="89" who="3" fromWho="3" sc="347,-13,240,-13,173,-13,240,39" /><INIT seed="3,1,0,2,2,77" ten="334,227,160,279" oya="3" hai0="85,94,46,116,105,83,21,86,5,54,26,38,4" hai1="14,121,78,60,81,126,104,102,125,15,131,28,35" hai2="135,43,48,122,50,1,118,72,98,103,64,96,128" hai3="70,120,97,76,109,75,66,113,133,22,10,123,111"/><W79/><G113/><T49/><D105/><U127/><E121/><N who="3" m="46666" /><G22/><T61/><D116/><U115/><E115/><V29/><F122/><W47/><G47/><T3/><D38/><U88/><E131/><V62/><F118/><W11/><G97/><T9/><D94/><U71/><E28/><V58/><F128/><W65/><G133/><T101/><D101/><U57/><E71/><V84/><F72/><W44/><G44/><T18/><D4/><U90/><E35/><V19/><F135/><W42/><G42/><T95/><D95/><U107/><E14/><V39/><F1/><W93/><G93/><T55/><D83/><U91/><E15/><V110/><F39/><W36/><G36/><T68/><REACH who="0" step="1"/><D54/><REACH who="0" ten="324,227,160,279" step="2"/><N who="1" m="33847" /><E102/><V52/><F103/><W100/><G100/><T56/><D56/><U80/><E80/><V37/><F37/><W12/><G70/><T69/><D69/><U99/><E99/><V124/><F96/><W114/><G114/><T16/><D16/><U6/><E6/><V92/><F19/><N who="3" m="8599" /><G11/><T32/><D32/><U17/><E17/><V45/><F124/><N who="1" m="31745" /><U53/><DORA hai="25" /><E53/><V40/><F110/><N who="3" m="41995" /><G75/><AGARI ba="1,1" hai="75,78,81,88,90,91,104,107" m="31745,33847" machi="75" ten="40,5200,0" yaku="18,1,52,1,54,1" doraHai="77,25" who="1" fromWho="3" sc="324,0,227,65,160,0,279,-55" owari="324,42.4,292,9.2,160,-34.0,224,-17.6" /></mjloggm>