<mjloggm ver="2.3"><GO type="225" lobby="0"/><UN n0="%E3%81%A9%E3%82%8F%E3%82%93%E3%81%94" n1="%73%75%7A%75%6D%65%33" n2="%E3%83%89%E3%83%A9%E3%81%8F%E3%82%8C" n3="%E3%81%B5%E3%81%98%E3%81%8B%E3%81%A4" dan="16,17,16,16" rate="2100.17,2241.57,2142.29,2167.11" sx="M,M,M,M"/><TAIKYOKU oya="0"/><INIT seed="0,0,0,1,4,25" ten="250,250,250,250" oya="0" hai0="94,10,36,92,50,30,119,3,35,6,27,58,99" hai1="87,121,127,69,53,124,96,81,103,0,37,109,79" hai2="2,65,47,40,28,72,11,73,115,31,120,9,63" hai3="12,128,1,101,43,104,110,90,18,89,15,46,80"/><T113/><D119/><U45/><E69/><V129/><F120/><W33/><G1/><T51/><D113/><U122/><E0/><V41/><F115/><W56/><G128/><T54/><D36/><U102/><E53/><V71/><F129/><W7/><G33/><T68/><D68/><U116/><E45/><V44/><F2/><W29/><G104/><T5/><D5/><U66/><E66/><V21/><F21/><W130/><G101/><N who="1" m="38410" /><E37/><V125/><F125/><N who="1" m="48201" /><E116/><V39/><F9/><W117/><G56/><T135/><D135/><U114/><E114/><V76/><F11/><W75/><G130/><T93/><REACH who="0" step="1"/><D51/><REACH who="0" ten="240,250,250,250" step="2"/><U23/><E109/><V95/><F39/><W26/><G7/><T132/><D132/><U17/><E96/><AGARI ba="0,1" hai="3,6,10,27,30,35,50,54,58,92,93,94,96,99" machi="96" ten="40,3900,0" yaku="1,1,52,1,53,0" doraHai="25" doraHaiUra="107" who="0" fromWho="1" sc="240,49,250,-39,250,0,250,0" /><INIT seed="0,1,0,3,0,50" ten="289,211,250,250" oya="0" hai0="59,45,0,96,114,120,75,56,58,60,39,28,80" hai1="111,73,76,71,98,115,78,23,99,105,74,108,41" hai2="72,70,11,133,4,93,31,123,126,128,86,14,36" hai3="21,10,19,9,79,107,117,54,7,65,109,52,13"/><T32/><D120/><U40/><E71/><V37/><F123/><W53/><G117/><T2/><D114/><U27/><E27/><V112/><F112/><W29/><G109/><N who="1" m="42058" /><E23/><V30/><F72/><N who="1" m="27753" /><E115/><V77/><F70/><W47/><G107/><T83/><D75/><U46/><E46/><V68/><F68/><W38/><G65/><T16/><D32/><U67/><E67/><V8/><F31/><W118/><G118/><T25/><D28/><U18/><E18/><V103/><F30/><W125/><G125/><T43/><D60/><U119/><E119/><V131/><F126/><W132/><G132/><T106/><D0/><U5/><E5/><V90/><F133/><W87/><G38/><T42/><D43/><N who="1" m="16459" /><E105/><V88/><F11/><N who="3" m="4107" /><G7/><T20/><REACH who="0" step="1"/><D2/><REACH who="0" ten="279,211,250,250" step="2"/><U130/><E130/><V81/><F131/><W134/><G29/><T69/><D69/><U97/><AGARI ba="1,1" hai="76,78,97,98,99" m="16459,27753,42058" machi="97" ten="40,5200,0" yaku="28,2,14,1" doraHai="50" who="1" fromWho="1" sc="279,-27,211,65,250,-14,250,-14" /><INIT seed="1,0,0,2,5,73" ten="252,276,236,236" oya="1" hai0="111,74,43,91,87,3,26,82,50,118,113,117,14" hai1="18,99,61,88,35,124,86,67,56,25,95,34,37" hai2="71,131,10,22,31,89,42,8,33,125,79,83,49" hai3="23,75,132,38,108,130,16,92,97,135,103,59,106"/><U122/><E122/><V98/><F131/><W121/><G121/><T6/><D113/><U46/><E124/><V65/><F125/><W127/><G127/><T104/><D104/><U66/><E66/><V94/><F33/><W84/><G130/><T27/><D111/><U68/><E37/><V60/><F42/><W44/><G108/><T114/><D114/><U76/><E46/><V54/><F31/><W133/><G75/><T12/><D74/><U101/><E68/><V30/><F22/><W120/><G120/><T55/><D43/><U24/><E76/><V102/><F30/><W69/><G69/><T57/><D3/><U32/><REACH who="1" step="1"/><E18/><REACH who="1" ten="252,266,236,236" step="2"/><V51/><F71/><W107/><G44/><T123/><D123/><U81/><AGARI ba="0,1" hai="24,25,32,34,35,56,61,67,81,86,88,95,99,101" machi="81" ten="30,12000,1" yaku="1,1,2,1,0,1,54,1,53,1" doraHai="73" doraHaiUra="90" who="1" fromWho="1" sc="252,-40,266,130,236,-40,236,-40" /><INIT seed="1,1,0,2,2,2" ten="212,396,196,196" oya="1" hai0="17,111,37,22,50,41,58,9,101,8,1,120,33" hai1="53,119,21,3,38,94,27,86,19,117,10,121,105" hai2="49,44,130,78,131,25,31,52,59,35,6,69,98" hai3="102,75,132,28,14,92,133,42,16,82,66,68,83"/><U13/><E105/><V70/><F78/><W127/><G42/><T67/><D33/><U61/><E38/><V45/><F98/><N who="3" m="59719" /><G75/><T60/><D111/><U77/><E121/><V87/><F87/><W88/><G28/><T71/><D120/><U15/><E3/><V11/><F70/><W46/><G46/><N who="0" m="23855" /><D101/><U26/><E119/><V109/><F69/><W24/><G127/><T84/><D84/><U18/><E117/><V89/><F89/><W20/><G68/><T113/><D1/><U125/><E125/><V72/><F72/><W40/><G40/><T104/><D104/><U39/><E39/><V123/><F123/><W122/><G66/><T36/><D113/><U106/><E106/><V0/><REACH who="2" step="1"/><F109/><REACH who="2" ten="212,396,186,196" step="2"/><W29/><G122/><T73/><D73/><U124/><E124/><V93/><F93/><W23/><G88/><T97/><D97/><U85/><E85/><V51/><F51/><W74/><G74/><T115/><D36/><U114/><E94/><V112/><F112/><W129/><G129/><AGARI ba="1,1" hai="0,6,11,25,31,35,44,45,49,52,59,129,130,131" machi="129" ten="40,12000,2" yaku="1,1,19,1,52,1,54,1,53,3" doraHai="2" doraHaiUra="126" who="2" fromWho="3" sc="212,0,396,0,186,133,196,-123" /><INIT seed="2,0,0,2,5,101" ten="212,396,319,73" oya="2" hai0="124,31,70,118,19,115,84,40,117,90,20,59,72" hai1="37,119,113,99,120,82,71,24,27,61,102,32,74" hai2="62,8,9,80,49,46,129,41,68,121,54,89,133" hai3="0,78,130,122,15,38,26,64,23,22,39,3,67"/><V81/><F121/><W87/><G122/><T91/><D115/><U36/><E120/><V100/><F129/><W47/><G130/><T55/><D70/><U69/><E113/><V97/><F133/><W18/><G87/><T131/><D72/><U63/><E63/><V34/><F34/><W98/><G78/><T93/><D131/><U107/><E27/><V75/><F75/><W14/><G98/><T95/><D124/><U112/><E112/><V16/><F89/><W53/><G47/><T132/><D40/><U48/><E48/><V85/><F85/><W79/><G79/><T106/><D31/><N who="1" m="19559" /><E119/><N who="0" m="45577" /><D106/><U108/><E108/><V6/><F6/><W110/><G26/><N who="0" m="14623" /><D132/><U28/><E28/><V21/><F68/><N who="1" m="26185" /><E61/><V109/><F109/><W50/><G110/><T123/><D123/><U88/><E88/><N who="0" m="33833" /><D84/><U29/><E29/><V33/><F81/><W56/><G39/><T135/><D135/><U10/><E10/><V2/><F80/><W96/><G38/><T30/><D30/><U83/><E83/><V1/><F33/><W77/><G77/><AGARI ba="0,0" hai="36,37,74,77,82,99,102,107" m="26185,19559" machi="77" ten="30,3900,0" yaku="33,2,52,1" doraHai="101" who="1" fromWho="3" sc="212,0,396,39,319,0,73,-39" /><INIT seed="3,0,0,2,1,19" ten="212,435,319,34" oya="3" hai0="91,60,27,45,103,17,43,8,119,12,133,29,123" hai1="49,2,52,15,134,38,31,24,125,71,93,34,81" hai2="14,76,95,106,9,100,79,51,78,90,3,42,126" hai3="46,36,83,5,4,92,115,26,44,30,47,58,130"/><W87/><G115/><T109/><D133/><U99/><E2/><V74/><F126/><W66/><G130/><T121/><D109/><U35/><E38/><V101/><F3/><W69/><G69/><T13/><D103/><U1/><E1/><V28/><F74/><W41/><G92/><T129/><D119/><U39/><E39/><V113/><F106/><W16/><G36/><T32/><D129/><U63/><E81/><V65/><F65/><W96/><G41/><T22/><D60/><U10/><E134/><V128/><F28/><W82/><G96/><T118/><D118/><U53/><E125/><V6/><F113/><W108/><G108/><T7/><D91/><U50/><E34/><V105/><F105/><W114/><G114/><T54/><D54/><U61/><E50/><AGARI ba="0,0" hai="7,8,12,13,17,22,27,29,32,43,45,50,121,123" machi="50" ten="30,2000,0" yaku="7,1,52,1" doraHai="19" who="0" fromWho="1" sc="212,20,435,-20,319,0,34,0" owari="232,-16.8,415,51.5,319,11.9,34,-46.6" /></mjloggm>