<mjloggm ver="2.3"><GO type="225" lobby="0"/><UN n0="%72%69%6F%75%63%68%61%6E" n1="%E3%80%93%E3%81%97%E3%83%BC%E3%82%89%E3%80%93" n2="%E4%BA%AE%E6%B5%81%E6%89%93%E8%80%85" n3="%E3%80%90%E3%83%88%E3%83%AA%E3%83%A5%E3%83%95%E3%80%91" dan="16,17,16,16" rate="2182.03,2156.54,2106.79,2055.08" sx="M,M,F,M"/><TAIKYOKU oya="0"/><INIT seed="0,0,0,5,3,11" ten="250,250,250,250" oya="0" hai0="58,106,40,129,97,42,86,124,50,48,83,125,92" hai1="63,34,122,111,51,95,117,90,72,135,22,35,80" hai2="47,44,68,114,69,128,54,23,93,107,2,36,17" hai3="43,121,31,103,26,14,89,101,46,39,15,3,71"/><T102/><D129/><U100/><E117/><V7/><F107/><W52/><G3/><T118/><D118/><U57/><E122/><V108/><F114/><W53/><G71/><T37/><D106/><U113/><E113/><V65/><F128/><W0/><G0/><T130/><D130/><U6/><E135/><V133/><F36/><W27/><G121/><T132/><D37/><U79/><E111/><V49/><F44/><W16/><G89/><T62/><D132/><U94/><E51/><N who="0" m="19497" /><D125/><U56/><E56/><V98/><F65/><W67/><G67/><N who="0" m="39383" /><D124/><U105/><E6/><V109/><F133/><W12/><G101/><T20/><D20/><U73/><E73/><V8/><F108/><W76/><G103/><T60/><D60/><U29/><E95/><V82/><F109/><W55/><G76/><AGARI ba="0,0" hai="40,42,76,83,86,92,97,102" m="39383,19497" machi="76" ten="30,1500,0" yaku="8,1" doraHai="11" who="0" fromWho="3" sc="250,15,250,0,250,0,250,-15" /><INIT seed="0,1,0,2,5,87" ten="265,250,250,235" oya="0" hai0="118,22,13,98,86,67,54,27,101,58,72,65,15" hai1="45,53,49,32,41,8,3,119,52,85,48,43,81" hai2="31,80,100,7,75,35,0,12,16,14,114,11,17" hai3="131,38,123,76,36,89,95,115,64,125,77,47,107"/><T104/><D118/><U33/><E119/><V51/><F100/><W6/><G115/><T24/><D72/><U46/><E3/><V112/><F75/><W128/><G107/><T57/><D86/><U28/><E8/><N who="2" m="6151" /><F80/><W88/><G6/><T10/><D13/><U79/><REACH who="1" step="1"/><E28/><REACH who="1" ten="265,240,250,235" step="2"/><V120/><F120/><W9/><G123/><T102/><D102/><U61/><E61/><V70/><F70/><W106/><G9/><T133/><D133/><U132/><E132/><V84/><F0/><W135/><G135/><T68/><D68/><U4/><E4/><V113/><F7/><W103/><G106/><T19/><D24/><U108/><E108/><V121/><F121/><W83/><G125/><T82/><D82/><U96/><E96/><V91/><F112/><W69/><G69/><T50/><REACH who="0" step="1"/><D58/><REACH who="0" ten="255,240,250,235" step="2"/><U29/><E29/><AGARI ba="1,2" hai="10,15,19,22,27,29,50,54,57,65,67,98,101,104" machi="29" ten="30,5800,0" yaku="1,1,2,1,7,1,53,0" doraHai="87" doraHaiUra="59" who="0" fromWho="1" sc="255,81,240,-61,250,0,235,0" /><INIT seed="0,2,0,5,0,47" ten="336,179,250,235" oya="0" hai0="111,38,131,76,80,60,109,26,103,121,21,20,83" hai1="112,5,4,13,24,2,127,43,41,120,39,6,34" hai2="49,81,70,32,75,89,65,101,94,107,72,14,54" hai3="119,134,126,53,25,15,84,113,69,51,27,77,95"/><T56/><D121/><U57/><E39/><V128/><F32/><W100/><G113/><T117/><D117/><U17/><E120/><V130/><F81/><N who="3" m="47151" /><G69/><T66/><D131/><N who="2" m="50218" /><F101/><W62/><G62/><T88/><D38/><U50/><E112/><V64/><F107/><W1/><G1/><T67/><D67/><N who="2" m="25674" /><F14/><W48/><G53/><T96/><D88/><U124/><E2/><V116/><F116/><W8/><G134/><T98/><D98/><U82/><E82/><N who="0" m="31273" /><D76/><U90/><E90/><V12/><F12/><W110/><G119/><T19/><D19/><U35/><E24/><N who="3" m="9290" /><G110/><N who="0" m="41995" /><D26/><U36/><E36/><V16/><F16/><N who="3" m="8295" /><G126/><N who="1" m="48170" /><E34/><V44/><F70/><W58/><G58/><T3/><D3/><U0/><E35/><V102/><F102/><W31/><G31/><T92/><AGARI ba="2,0" hai="20,21,56,60,66,92,96,103" m="41995,31273" machi="92" ten="30,3000,0" yaku="14,1,10,1" doraHai="47" who="0" fromWho="0" sc="336,36,179,-12,250,-12,235,-12" /><INIT seed="0,3,0,2,2,28" ten="372,167,238,223" oya="0" hai0="110,36,32,132,14,54,117,83,130,58,4,131,85" hai1="78,47,20,34,70,2,38,18,99,7,19,43,114" hai2="123,79,15,119,24,30,96,109,17,81,103,23,5" hai3="87,86,10,59,46,84,49,94,26,72,1,73,90"/><T61/><D117/><U122/><E70/><V40/><F123/><W107/><G107/><T77/><D132/><U95/><E122/><V71/><F71/><W88/><G59/><T127/><D127/><U93/><E114/><V120/><F120/><W121/><G26/><T126/><D126/><U39/><E78/><V102/><F119/><W31/><G31/><T118/><D118/><U60/><E60/><V76/><F5/><W41/><G121/><T67/><D36/><U21/><E7/><V92/><F109/><W3/><G10/><T27/><D110/><U55/><E2/><V105/><F40/><W68/><G68/><T48/><D27/><U45/><E55/><V37/><F37/><W98/><REACH who="3" step="1"/><G90/><REACH who="3" ten="372,167,238,213" step="2"/><T8/><REACH who="0" step="1"/><D32/><REACH who="0" ten="362,167,238,213" step="2"/><U97/><E43/><V22/><F24/><W91/><G91/><T50/><D50/><U74/><E74/><AGARI ba="3,2" hai="1,3,41,46,49,72,73,74,84,86,87,88,94,98" machi="74" ten="40,2600,0" yaku="1,1,54,1,53,0" doraHai="28" doraHaiUra="6" who="3" fromWho="1" sc="362,0,167,-35,238,0,213,55" /><INIT seed="1,0,0,4,2,75" ten="362,132,238,268" oya="1" hai0="40,17,0,19,21,104,42,49,54,25,90,37,82" hai1="34,120,18,83,113,99,46,20,126,16,10,27,98" hai2="102,14,28,135,44,131,45,62,109,57,97,6,127" hai3="41,32,65,56,124,76,93,51,84,79,77,26,105"/><U119/><E119/><V63/><F109/><W134/><G105/><T115/><D115/><U60/><E120/><V78/><F131/><W132/><G124/><T73/><D104/><U33/><E113/><V101/><F135/><N who="3" m="51755" /><G32/><T72/><D0/><U129/><E129/><V128/><F28/><W92/><G26/><T69/><D69/><U58/><E126/><V48/><F128/><W117/><G117/><T86/><D37/><U100/><E46/><N who="2" m="18027" /><F127/><W59/><G41/><N who="0" m="15979" /><D72/><U61/><E83/><V4/><F78/><N who="3" m="30315" /><G65/><T13/><D73/><U112/><E112/><V91/><F91/><W55/><G59/><N who="0" m="33231" /><D13/><U74/><E74/><V9/><F4/><W88/><N who="3" m="30323" /><W24/><DORA hai="7" /><G24/><T23/><D23/><U68/><E68/><V66/><F66/><W70/><G70/><T133/><D133/><U85/><E58/><V106/><F106/><W110/><G110/><T36/><D36/><U108/><E108/><V89/><F14/><W12/><G12/><T96/><D21/><U67/><E67/><V1/><F6/><W29/><G29/><T22/><D22/><U114/><E114/><V39/><F57/><W52/><G55/><T53/><D53/><U15/><E100/><V3/><F3/><W81/><AGARI ba="0,0" hai="51,52,56,81,84,88,92,93" m="30323,51755" machi="81" ten="40,12000,2" yaku="20,1,52,4,54,2" doraHai="75,7" who="3" fromWho="3" sc="362,-30,132,-60,238,-30,268,120" /><INIT seed="2,0,0,5,5,85" ten="332,72,208,388" oya="2" hai0="56,122,53,97,75,40,133,80,27,55,49,103,14" hai1="65,3,51,20,15,52,118,104,1,16,21,6,73" hai2="33,50,24,69,91,22,77,70,93,111,116,9,4" hai3="26,74,94,109,28,23,121,32,7,46,127,112,18"/><V19/><F116/><W120/><G74/><T71/><D122/><U64/><E118/><V60/><F111/><W123/><G46/><T110/><D71/><U119/><E119/><V79/><F33/><W35/><G94/><T10/><D110/><U39/><E73/><V102/><F102/><W125/><G109/><T114/><D114/><U12/><E39/><V130/><F130/><W98/><G98/><T62/><D133/><U38/><E38/><V117/><F117/><W81/><G81/><T78/><D27/><U100/><E100/><V108/><F108/><W41/><G41/><T13/><D40/><U88/><E104/><V11/><F69/><W72/><G72/><T31/><D31/><U86/><E3/><V66/><F50/><W106/><G106/><T124/><D124/><N who="3" m="47689" /><G7/><T84/><D75/><U87/><E1/><V135/><F135/><W90/><G90/><T34/><D34/><N who="3" m="12841" /><G112/><T131/><D131/><U37/><E37/><V58/><F70/><W105/><G105/><T29/><D29/><AGARI ba="0,0" hai="18,23,26,28,29,120,121,123" m="12841,47689" machi="29" ten="40,5200,0" yaku="18,1,34,2" doraHai="85" who="3" fromWho="0" sc="332,-52,72,0,208,0,388,52" /><INIT seed="3,0,0,4,5,9" ten="280,72,208,440" oya="3" hai0="108,119,27,104,96,16,13,48,10,106,4,36,15" hai1="40,62,128,122,7,88,133,2,84,127,78,86,80" hai2="39,126,65,134,22,25,114,87,109,79,100,125,26" hai3="124,70,45,18,53,60,73,68,99,24,111,121,30"/><W81/><G121/><T90/><D119/><U41/><E122/><V85/><F39/><W31/><G124/><N who="2" m="47721" /><F65/><W8/><G99/><T71/><D36/><U38/><E127/><V33/><F100/><W14/><G111/><T34/><D108/><U118/><E118/><V135/><F79/><W94/><G31/><T44/><D71/><U5/><E128/><V130/><F85/><W116/><G94/><T66/><D66/><U55/><E133/><N who="2" m="50699" /><F87/><W21/><G116/><T47/><D47/><U115/><E115/><V37/><F37/><W6/><G73/><T1/><D1/><U51/><E38/><V113/><F109/><W58/><G81/><T101/><D90/><U76/><E2/><V98/><F98/><W42/><G68/><T28/><D96/><U120/><E120/><V32/><F26/><W97/><G97/><T95/><D95/><U103/><E103/><V20/><F20/><W132/><G70/><T54/><REACH who="0" step="1"/><D101/><REACH who="0" ten="270,72,208,440" step="2"/><U129/><E78/><V117/><F117/><W77/><G132/><T123/><D123/><U93/><E129/><V110/><F130/><W3/><G77/><T61/><D61/><U59/><REACH who="1" step="1"/><E62/><REACH who="1" ten="270,62,208,440" step="2"/><V89/><F110/><W72/><G60/><T105/><D105/><U74/><E74/><V49/><F89/><W83/><G45/><T107/><D107/><U57/><E57/><V82/><F113/><W35/><G58/><T56/><D56/><U131/><E131/><V46/><F114/><W67/><G67/><T112/><D112/><U50/><E50/><V63/><F49/><W19/><G3/><T102/><D102/><RYUUKYOKU ba="0,2" sc="270,15,62,15,208,-15,440,-15" hai0="4,10,13,15,16,27,28,34,44,48,54,104,106" hai1="5,7,40,41,51,55,59,76,80,84,86,88,93" owari="285,8.5,77,-42.3,193,-20.7,445,54.5" /></mjloggm>