<mjloggm ver="2.3"><GO type="225" lobby="0"/><UN n0="%E6%B4%BE%E9%81%A3%E3%81%AE%E3%82%B8%E3%83%A3%E3%83%83%E3%82%AF" n1="%E4%BA%95%E5%B8%AF" n2="%66%67%67%68%68%64%66" n3="%E3%81%BF%E3%81%BF%E3%81%9A" dan="17,16,16,16" rate="2198.33,2067.33,2093.72,2147.13" sx="M,M,M,M"/><TAIKYOKU oya="0"/><INIT seed="0,0,0,2,0,18" ten="250,250,250,250" oya="0" hai0="47,114,120,54,109,50,37,98,45,121,80,124,21" hai1="9,82,73,133,108,104,10,5,119,4,49,116,53" hai2="33,28,81,14,23,129,76,91,126,35,38,26,0" hai3="22,102,105,3,122,42,84,67,128,60,46,74,100"/><T16/><D114/><U34/><E104/><V51/><F38/><W20/><G74/><T106/><D124/><U30/><E108/><V83/><F0/><W85/><G3/><T89/><D109/><U111/><E111/><V63/><F129/><W107/><G128/><T103/><D37/><U70/><E70/><V94/><F126/><W11/><G11/><T15/><REACH who="0" step="1"/><D47/><REACH who="0" ten="240,250,250,250" step="2"/><U29/><E119/><V135/><F135/><W27/><G46/><T12/><D12/><U48/><E116/><V44/><F14/><W64/><G122/><T79/><D79/><U99/><E133/><V1/><F1/><W130/><G130/><T65/><D65/><U125/><E125/><V40/><F76/><W66/><G66/><T39/><D39/><U69/><E4/><V87/><REACH who="2" step="1"/><F63/><REACH who="2" ten="240,250,240,250" step="2"/><W77/><G77/><T6/><D6/><U62/><E5/><V78/><F78/><W56/><G60/><T68/><D68/><U59/><E62/><V17/><F17/><W117/><G117/><T71/><D71/><U2/><E69/><V92/><F92/><W19/><G107/><T123/><D123/><U7/><E2/><V24/><F24/><W75/><G105/><T72/><D72/><U86/><E73/><V31/><F31/><W90/><G75/><T8/><D8/><U118/><E9/><V132/><F132/><W88/><G19/><T96/><D96/><U95/><E118/><V61/><F61/><W41/><G27/><T115/><D115/><U13/><E29/><V57/><F57/><AGARI ba="0,2" hai="20,22,41,42,56,57,64,67,84,85,88,90,100,102" machi="57" ten="25,12000,2" yaku="22,2,8,1,52,2,54,1" doraHai="18" who="3" fromWho="2" sc="240,0,250,0,240,-120,250,140" /><INIT seed="1,0,0,5,4,81" ten="240,250,120,390" oya="1" hai0="62,96,58,19,39,120,117,92,101,9,116,40,4" hai1="102,132,71,47,109,32,64,128,12,56,15,10,67" hai2="69,77,66,115,20,35,14,27,38,26,41,84,50" hai3="122,75,37,22,110,106,87,13,63,3,28,23,21"/><U33/><E71/><V89/><F115/><W79/><G75/><T124/><D124/><U54/><E102/><V42/><F38/><W118/><G3/><T72/><D120/><U114/><E114/><V52/><F77/><W95/><G37/><T98/><D72/><U111/><E47/><V55/><F69/><W125/><G106/><T121/><D121/><U25/><E128/><V83/><F66/><N who="1" m="25129" /><E132/><V53/><F35/><N who="1" m="13385" /><E25/><N who="2" m="9227" /><F50/><W59/><G125/><T90/><D19/><AGARI ba="0,0" hai="14,19,20,41,42,52,53,55,83,84,89" m="9227" machi="19" ten="30,3900,0" yaku="8,1,52,1,54,1" doraHai="81" who="2" fromWho="0" sc="240,-39,250,0,120,39,390,0" /><INIT seed="2,0,0,3,3,95" ten="201,250,159,390" oya="2" hai0="10,2,97,20,108,67,12,80,6,115,82,1,88" hai1="128,93,113,86,41,102,124,78,36,51,54,4,33" hai2="5,90,3,16,40,68,43,19,119,13,69,106,47" hai3="110,98,34,37,31,133,0,87,28,130,14,48,8"/><V75/><F119/><W55/><G37/><T126/><D115/><U23/><E33/><V38/><F106/><W35/><G0/><T65/><D108/><U11/><E36/><V117/><F117/><W118/><G110/><T50/><D126/><U77/><E41/><V22/><F43/><W30/><G118/><T52/><D2/><U96/><E128/><V63/><F63/><W81/><G130/><T24/><D1/><U103/><E124/><V29/><F29/><W121/><G133/><T105/><D105/><U120/><E120/><V79/><F19/><N who="3" m="8647" /><G121/><T135/><D135/><U101/><E23/><V53/><F53/><W71/><G71/><T104/><D104/><U62/><E62/><V49/><F49/><W107/><G98/><T100/><D100/><U83/><E77/><V127/><F90/><N who="3" m="51567" /><G107/><T109/><D109/><U112/><E112/><V94/><F94/><W132/><G132/><T84/><D80/><U122/><E122/><V116/><F116/><W64/><G64/><T114/><D97/><U70/><E70/><V18/><F18/><W66/><G66/><T85/><D85/><U76/><E76/><V46/><F127/><W60/><G60/><T58/><D114/><U25/><E113/><V9/><F47/><AGARI ba="0,0" hai="28,30,31,34,35,47,48,55" m="51567,8647" machi="47" ten="30,1000,0" yaku="25,1" doraHai="95" who="3" fromWho="2" sc="201,0,250,0,159,-10,390,10" /><INIT seed="3,0,0,4,2,58" ten="201,250,149,400" oya="3" hai0="98,3,109,9,69,66,88,106,85,112,90,39,7" hai1="102,61,77,36,60,131,71,34,130,108,43,84,6" hai2="133,105,121,30,93,12,83,50,99,107,35,117,95" hai3="32,21,124,115,54,28,132,40,48,33,118,17,111"/><W15/><G115/><T45/><D112/><U4/><E34/><V63/><F117/><W53/><G118/><T49/><D39/><U38/><E102/><V128/><F128/><W51/><G124/><T122/><D122/><U1/><E71/><V103/><F121/><W68/><G68/><T23/><D23/><U59/><E59/><V55/><F133/><W56/><G40/><T81/><D109/><U125/><E43/><V47/><F107/><W76/><G132/><T127/><D127/><U29/><E84/><V64/><F12/><W31/><G111/><T94/><D106/><U113/><E77/><V101/><F83/><W22/><G76/><T8/><D8/><U16/><E29/><N who="3" m="11338" /><G32/><T13/><D3/><U80/><E1/><V44/><F44/><N who="3" m="27783" /><G33/><T67/><D69/><U65/><E80/><V14/><F14/><W96/><G96/><T89/><D89/><U123/><E36/><V134/><F103/><W18/><G18/><T116/><D116/><U72/><E16/><V25/><REACH who="2" step="1"/><F134/><REACH who="2" ten="201,250,139,400" step="2"/><W11/><AGARI ba="0,1" hai="11,15,17,21,22,51,54,56" m="27783,11338" machi="11" ten="30,1500,0" yaku="8,1" doraHai="58" who="3" fromWho="3" sc="201,-5,250,-5,139,-5,400,25" owari="196,-20.4,245,4.5,134,-36.6,425,52.5" /></mjloggm>