<mjloggm ver="2.3"><GO type="225" lobby="0"/><UN n0="%E7%AB%8B%E8%8A%B1%E9%9F%BF" n1="%E6%9D%B1%E9%A2%A8%E3%81%AE%E3%81%8D%E3%82%83%E3%81%B7%E3%81%95%E3%82%93" n2="%E3%81%B5%E3%81%98%E3%81%8B%E3%81%A4" n3="%E8%83%83%E3%81%A8%E8%85%B8" dan="17,16,16,17" rate="2134.11,2179.33,2105.26,2178.97" sx="F,M,M,M"/><TAIKYOKU oya="0"/><INIT seed="0,0,0,1,0,122" ten="250,250,250,250" oya="0" hai0="112,48,81,19,80,113,108,25,3,60,29,133,46" hai1="83,5,110,90,78,69,37,131,41,121,73,13,67" hai2="103,127,123,7,74,30,107,12,130,126,54,100,43" hai3="102,17,50,97,124,114,32,20,87,18,86,85,76"/><T1/><D133/><U21/><E121/><V40/><F123/><W31/><G124/><N who="2" m="47657" /><F30/><W101/><G114/><T11/><D112/><U84/><E131/><V33/><F33/><W0/><G0/><T39/><D39/><U6/><E67/><V92/><F74/><W128/><G128/><T77/><D113/><U98/><E69/><V125/><F130/><W99/><G32/><T120/><D120/><U116/><E98/><N who="3" m="37386" /><G76/><T132/><D132/><U57/><E57/><V15/><F107/><W109/><G50/><T38/><D38/><U91/><E116/><V134/><F134/><W115/><G115/><T42/><D108/><U79/><E79/><V16/><F54/><W24/><G109/><T135/><D135/><U52/><E110/><V53/><F53/><W72/><G72/><T27/><D60/><U51/><E37/><V22/><F92/><W56/><G56/><T58/><D58/><N who="1" m="33055" /><E73/><V93/><F93/><W36/><G36/><T88/><D77/><U119/><E41/><N who="2" m="15947" /><F125/><W8/><G31/><T106/><D106/><U118/><E118/><V63/><F63/><W70/><G70/><T66/><D66/><U61/><E61/><V62/><F62/><W47/><G47/><T59/><D59/><U64/><E64/><V10/><AGARI ba="0,0" hai="7,10,12,15,16,22,100,103" m="15947,47657" machi="10" ten="30,2000,0" yaku="18,1,54,1" doraHai="122" who="2" fromWho="2" sc="250,-10,250,-5,250,20,250,-5" /><INIT seed="1,0,0,3,3,122" ten="240,245,270,245" oya="1" hai0="66,88,106,104,11,16,49,89,99,59,44,43,80" hai1="31,91,127,123,4,24,102,46,3,42,15,74,69" hai2="35,50,60,26,10,124,41,120,52,33,20,134,75" hai3="56,84,13,108,9,113,38,118,131,0,37,64,107"/><U72/><E123/><V23/><F120/><W103/><G84/><T82/><D104/><U28/><E127/><V110/><F75/><W109/><G0/><T78/><D106/><U94/><E102/><V58/><F124/><W5/><G113/><T18/><D82/><U19/><E69/><V132/><F10/><W93/><G107/><T105/><D105/><U115/><E115/><V29/><F110/><N who="3" m="42603" /><G131/><T63/><D11/><U83/><E4/><V67/><F41/><W92/><G118/><T53/><D43/><U6/><E6/><V111/><F111/><W22/><G22/><T2/><D2/><U77/><E3/><V14/><F23/><W85/><G103/><T125/><D125/><U7/><E7/><V17/><REACH who="2" step="1"/><F33/><REACH who="2" ten="240,245,260,245" step="2"/><W119/><G119/><T34/><D34/><U133/><E74/><V48/><F48/><W114/><G114/><T87/><D78/><U54/><E42/><V70/><AGARI ba="0,1" hai="14,17,20,26,29,35,50,52,58,60,67,70,132,134" machi="70" ten="30,7900,0" yaku="1,1,0,1,54,1,53,1" doraHai="122" doraHaiUra="45" who="2" fromWho="2" sc="240,-20,245,-39,260,89,245,-20" /><INIT seed="2,0,0,2,4,13" ten="220,206,349,225" oya="2" hai0="75,39,111,38,70,36,98,35,4,109,32,48,121" hai1="12,132,16,59,52,120,131,60,17,67,51,43,133" hai2="34,97,50,10,119,99,47,25,21,100,80,40,18" hai3="93,64,107,130,90,61,37,26,124,129,30,83,127"/><V62/><F119/><W20/><G37/><T113/><D48/><U114/><E114/><V69/><F34/><N who="0" m="12842" /><D98/><U45/><E120/><V14/><F80/><W2/><G2/><T115/><D4/><U95/><E131/><N who="3" m="50186" /><G107/><T58/><D58/><U94/><E43/><V8/><F8/><W46/><G46/><T134/><D121/><U81/><E81/><V88/><F88/><W105/><G105/><T29/><D29/><U66/><E66/><V68/><F62/><W74/><G74/><T71/><D134/><N who="1" m="51819" /><E17/><V41/><F40/><W123/><G83/><T24/><D24/><U77/><E77/><V76/><F76/><W42/><G42/><T65/><D65/><U102/><E102/><V55/><F41/><W126/><G123/><T91/><D91/><U128/><E128/><V85/><F100/><W44/><G44/><T108/><D75/><U49/><E49/><V110/><F50/><W125/><G125/><T27/><D27/><U117/><E117/><V5/><F25/><W28/><G28/><T19/><D19/><U23/><AGARI ba="0,0" hai="12,16,23,45,51,52,59,60,67,94,95" m="51819" machi="23" ten="30,7900,0" yaku="20,1,52,1,54,2" doraHai="13" who="1" fromWho="1" sc="220,-20,206,79,349,-39,225,-20" /><INIT seed="3,0,0,2,4,89" ten="200,285,310,205" oya="3" hai0="21,64,8,134,112,91,71,62,66,96,65,77,95" hai1="45,47,3,81,63,93,85,27,29,122,52,4,86" hai2="119,46,35,92,133,14,25,56,61,75,12,84,36" hai3="129,115,123,40,39,34,58,18,19,17,41,1,48"/><W30/><G115/><T98/><D134/><U107/><E107/><V106/><F119/><W127/><G123/><T26/><D112/><U94/><E122/><V2/><F75/><W111/><G39/><T88/><D77/><U90/><E4/><V60/><F2/><W76/><G1/><T33/><D33/><U73/><E3/><V57/><F106/><W59/><G129/><T49/><D49/><U20/><E73/><V118/><F133/><W114/><G76/><T100/><D8/><U104/><E104/><V15/><F118/><W54/><G114/><T110/><D110/><U72/><E72/><V6/><F35/><W97/><G127/><T99/><D100/><U109/><E109/><V0/><F0/><W10/><G111/><T23/><D23/><U31/><E31/><V87/><F25/><W83/><G83/><T124/><D124/><U113/><E113/><V11/><F46/><N who="1" m="17417" /><E85/><N who="2" m="32843" /><F36/><W132/><G132/><T5/><D5/><U117/><E117/><V78/><F78/><W68/><G68/><T74/><D74/><U9/><E9/><V105/><F105/><W24/><G10/><T80/><D80/><U130/><E130/><V128/><F92/><W28/><G28/><T7/><D7/><U135/><E135/><V131/><F131/><W102/><REACH who="3" step="1"/><G58/><AGARI ba="0,0" hai="20,27,29,52,58,63,81,86,90,93,94" m="17417" machi="58" ten="30,7700,0" yaku="8,1,52,2,54,1" doraHai="89" who="1" fromWho="3" sc="200,0,285,77,310,0,205,-77" owari="200,-20.0,362,46.2,310,11.0,128,-37.2" /></mjloggm>