<mjloggm ver="2.3"><GO type="225" lobby="0"/><UN n0="%72%65%6E%6B%75%6E" n1="%E6%B8%A9%E2%98%85%E6%83%85%E2%98%85%E6%8E%AA%E2%98%85%E7%BD%AE" n2="%E5%8F%AF%E5%85%90%E9%82%A3%E7%94%B1%E5%A4%9A" n3="%E3%81%B5%E3%81%98%E3%81%8B%E3%81%A4" dan="17,17,16,16" rate="2205.55,2226.22,2092.36,2220.01" sx="M,M,F,M"/><TAIKYOKU oya="0"/><INIT seed="0,0,0,0,0,60" ten="250,250,250,250" oya="0" hai0="42,18,7,47,66,73,85,22,20,120,133,77,50" hai1="96,10,117,68,91,21,81,41,28,57,86,69,62" hai2="2,44,134,8,40,74,24,79,131,116,103,3,12" hai3="15,132,72,35,43,93,6,114,27,30,56,23,118"/><T52/><D120/><U0/><E117/><V95/><F116/><W59/><G118/><T83/><D133/><U98/><E41/><V16/><F134/><W14/><G72/><T104/><D104/><U75/><E75/><V51/><F131/><W9/><G114/><T67/><D7/><U105/><E105/><V106/><F106/><W37/><G132/><T110/><D110/><U111/><E111/><V32/><F74/><W58/><G37/><T33/><D33/><U25/><E0/><V4/><F79/><W26/><G43/><T5/><D5/><U49/><E49/><V101/><F95/><W76/><G76/><T13/><D73/><U82/><E10/><V29/><REACH who="2" step="1"/><F3/><REACH who="2" ten="250,250,240,250" step="2"/><W124/><G93/><T61/><D22/><AGARI ba="0,1" hai="2,4,8,12,16,22,24,29,32,40,44,51,101,103" machi="22" ten="30,12000,2" yaku="1,1,2,1,7,1,24,2,54,1,53,0" doraHai="60" doraHaiUra="90" who="2" fromWho="0" sc="250,-120,250,0,240,130,250,0" /><INIT seed="1,0,0,3,3,107" ten="130,250,370,250" oya="1" hai0="27,47,49,37,120,63,16,6,73,82,26,0,69" hai1="56,92,20,115,55,17,125,33,113,111,127,98,46" hai2="118,36,61,80,71,30,106,114,48,81,97,12,53" hai3="44,132,110,91,67,86,128,7,35,23,21,131,133"/><U25/><E46/><V66/><F118/><W100/><G100/><T104/><D104/><U121/><E121/><V94/><F36/><W51/><G67/><T85/><D120/><U68/><E68/><V2/><F2/><W14/><G35/><T45/><D69/><U135/><E33/><V43/><F43/><N who="3" m="24991" /><G7/><T75/><D63/><N who="1" m="36255" /><E135/><N who="3" m="51786" /><G110/><T62/><D62/><U19/><E19/><V130/><F106/><W5/><G5/><T24/><D37/><U54/><E54/><V59/><F30/><W57/><G57/><T78/><D16/><N who="1" m="12423" /><E111/><V39/><F94/><N who="3" m="54647" /><G14/><T60/><D60/><U79/><E79/><V76/><F53/><W119/><G119/><T77/><D77/><U10/><E115/><V11/><F114/><W105/><G105/><T74/><REACH who="0" step="1"/><D49/><REACH who="0" ten="120,250,370,250" step="2"/><U117/><E117/><V4/><F48/><W103/><G131/><T32/><D32/><U83/><E113/><V134/><F130/><W87/><G128/><T3/><D3/><U70/><E70/><V96/><F39/><W28/><G28/><T126/><D126/><U65/><E65/><V8/><F134/><W123/><G123/><T129/><D129/><U31/><E31/><V22/><F71/><W108/><G108/><T101/><D101/><N who="1" m="60615" /><E127/><V34/><F34/><W38/><G38/><T84/><D84/><U50/><E125/><V72/><F76/><W15/><G103/><T58/><D58/><U112/><E112/><V109/><F59/><W102/><G102/><T122/><D122/><U41/><E50/><V13/><F109/><W18/><G87/><T93/><D93/><U116/><E116/><RYUUKYOKU ba="0,1" sc="120,15,250,-15,370,-15,250,15" hai0="0,6,24,26,27,45,47,73,74,75,78,82,85" hai3="15,18,21,23" /><INIT seed="2,1,1,0,0,79" ten="135,235,355,265" oya="2" hai0="106,28,46,4,131,85,3,91,31,15,112,92,38" hai1="87,8,16,51,127,27,70,40,90,82,95,73,99" hai2="129,64,116,103,96,101,120,94,62,110,97,81,1" hai3="69,39,33,24,14,60,42,55,122,89,21,58,123"/><V43/><F1/><W80/><G33/><T133/><D112/><U84/><E70/><V57/><F116/><W0/><G0/><T7/><D131/><U52/><E127/><V68/><F120/><W74/><G14/><T118/><D133/><U6/><E40/><V9/><F129/><W107/><G107/><T93/><D106/><U132/><E132/><V54/><F110/><W66/><G39/><T124/><D124/><U113/><E113/><V98/><F43/><W117/><G42/><T22/><D118/><U53/><E73/><V83/><F9/><W105/><G105/><T86/><D46/><U5/><E87/><V102/><REACH who="2" step="1"/><F94/><REACH who="2" ten="135,235,345,265" step="2"/><W130/><G130/><T108/><D3/><U35/><E8/><V48/><AGARI ba="1,2" hai="48,54,57,62,64,68,81,83,96,97,98,101,102,103" machi="48" ten="30,12000,1" yaku="1,1,2,1,0,1,52,2,53,0" doraHai="79" doraHaiUra="111" who="2" fromWho="2" sc="135,-41,235,-41,345,143,265,-41" /><INIT seed="2,2,0,0,2,81" ten="94,194,488,224" oya="2" hai0="22,70,90,105,63,114,42,47,57,134,45,96,115" hai1="80,86,72,62,99,21,48,121,106,26,125,32,82" hai2="94,31,8,61,56,51,64,17,117,23,75,59,127" hai3="104,12,6,43,1,4,53,85,102,77,11,18,100"/><V65/><F117/><W29/><G43/><T27/><D134/><U67/><E32/><V9/><F75/><W131/><G131/><T76/><D70/><U55/><E125/><V15/><F127/><W123/><G123/><T74/><D74/><U25/><E121/><V10/><F31/><W87/><G104/><T97/><D76/><U19/><E72/><V103/><F51/><W128/><G77/><T34/><D34/><U58/><E82/><V78/><F78/><W20/><G53/><T79/><D79/><N who="1" m="46367" /><E106/><V129/><F129/><W71/><G71/><T101/><D114/><U116/><E116/><V54/><F59/><W14/><G1/><T16/><D115/><U7/><E7/><V49/><F61/><W69/><G69/><T108/><D108/><U46/><E99/><AGARI ba="2,0" hai="8,9,10,15,17,23,49,54,56,64,65,94,99,103" machi="99" ten="40,2000,0" yaku="8,1" doraHai="81" who="2" fromWho="1" sc="94,0,194,-26,488,26,224,0" /><INIT seed="2,3,0,2,1,32" ten="94,168,514,224" oya="2" hai0="34,97,49,29,13,47,48,61,69,80,115,51,135" hai1="79,17,44,108,78,98,4,22,38,105,33,16,43" hai2="88,132,55,6,41,122,64,7,19,101,26,28,71" hai3="66,130,37,24,107,54,94,52,91,114,100,125,120"/><V31/><F122/><W77/><G120/><T25/><D115/><U128/><E33/><V99/><F41/><W35/><G37/><T20/><D135/><U84/><E108/><V104/><F132/><W75/><G66/><T46/><D69/><U59/><E128/><V58/><F19/><W50/><G114/><T68/><D68/><U70/><E70/><V27/><F64/><W131/><G125/><T87/><D34/><U57/><E4/><V18/><F71/><W106/><G77/><T86/><D61/><U23/><E105/><V1/><F18/><W109/><G75/><T0/><D0/><U11/><E98/><V112/><F112/><W12/><G12/><T72/><D72/><U42/><E11/><V3/><F7/><W62/><G109/><T124/><D124/><U83/><E79/><V21/><F6/><W67/><G54/><T89/><D97/><U121/><E43/><V39/><F39/><W53/><G53/><T2/><D2/><U116/><E116/><V45/><F45/><N who="3" m="27727" /><G100/><T123/><D123/><U93/><E93/><V56/><F56/><N who="3" m="37319" /><G106/><T40/><D13/><U102/><E102/><V111/><F58/><W129/><G107/><T118/><D118/><U113/><E113/><V15/><F101/><W117/><G117/><T9/><D46/><U110/><E121/><V76/><F104/><W119/><G119/><T134/><D134/><U30/><E110/><V5/><F111/><W82/><G82/><N who="0" m="49367" /><D9/><U8/><E8/><V90/><F1/><W127/><G127/><T81/><D81/><U74/><E74/><V63/><F3/><RYUUKYOKU ba="3,0" sc="94,30,168,-10,514,-10,224,-10" hai0="20,25,29,40,47,48,49,51,80,87" /><INIT seed="3,4,0,4,2,25" ten="124,158,504,214" oya="3" hai0="30,130,40,95,22,110,108,0,116,92,91,48,69" hai1="73,32,81,107,74,17,76,106,46,12,50,117,99" hai2="102,11,115,56,100,57,5,118,122,133,67,88,27" hai3="28,79,93,129,39,23,114,34,2,66,87,109,90"/><W112/><G2/><T72/><D72/><U71/><E71/><V68/><F115/><W10/><G34/><T24/><D116/><U124/><E117/><V119/><F68/><W38/><G79/><T53/><D69/><U59/><E32/><V62/><F133/><W54/><G54/><T89/><D0/><U128/><E74/><V1/><F122/><W123/><G66/><T98/><D40/><U78/><E78/><V82/><F119/><W77/><G90/><T21/><D130/><U42/><E128/><V19/><F118/><W132/><G77/><T84/><REACH who="0" step="1"/><D22/><REACH who="0" ten="114,158,504,214" step="2"/><U49/><E124/><V134/><F134/><W70/><G70/><T44/><AGARI ba="4,1" hai="21,24,30,44,48,53,84,89,91,92,95,98,108,110" machi="44" ten="30,8000,1" yaku="1,1,2,1,0,1,52,1,53,1" doraHai="25" doraHaiUra="26" who="0" fromWho="0" sc="114,102,158,-24,504,-24,214,-44" owari="216,1.6,134,-36.6,480,58.0,170,-23.0" /></mjloggm>