<mjloggm ver="2.3"><GO type="225" lobby="0"/><UN n0="%6D%75%75%73%61%6E%6D%75" n1="%E5%82%8D%E8%8B%A5%E7%84%A1%E4%BA%BA%35%31" n2="%E5%A4%9C%E5%85%89%E5%A4%A9%E6%A5%BC" n3="%4C%4F%4C%49%54%41" dan="16,16,16,16" rate="2069.48,2124.85,2114.01,2139.71" sx="F,M,F,F"/><TAIKYOKU oya="0"/><INIT seed="0,0,0,5,5,74" ten="250,250,250,250" oya="0" hai0="101,130,83,107,56,86,124,87,6,46,9,12,91" hai1="90,105,112,69,10,125,100,115,99,54,38,20,119" hai2="93,64,19,122,117,65,129,27,79,58,71,25,73" hai3="26,84,44,14,43,36,68,131,120,3,11,81,17"/><T66/><D124/><U32/><E32/><V103/><F122/><W113/><G113/><N who="1" m="43594" /><E119/><V52/><F129/><W2/><G68/><T126/><D126/><U104/><E125/><V76/><F73/><W82/><G131/><T67/><D130/><U63/><E38/><V88/><F103/><W106/><G106/><T29/><D29/><U1/><E20/><N who="2" m="13471" /><F27/><W0/><G120/><T96/><D46/><U61/><E104/><V24/><F24/><W127/><G127/><T134/><D134/><U31/><E31/><V102/><F102/><W77/><G26/><T8/><D56/><U15/><E1/><V60/><F117/><W28/><G28/><T40/><D40/><U22/><E22/><V21/><F21/><W97/><G97/><T85/><D85/><U16/><E69/><V121/><F121/><W5/><REACH who="3" step="1"/><G82/><REACH who="3" ten="250,250,250,240" step="2"/><T123/><D123/><U133/><E133/><V89/><F71/><W110/><G110/><T45/><D107/><U13/><E105/><V42/><F42/><W49/><G49/><T30/><D30/><U62/><E100/><V57/><F57/><W33/><G33/><T70/><D70/><U55/><E15/><V128/><F128/><W109/><G109/><T7/><D101/><U47/><E47/><V18/><F58/><W94/><G94/><AGARI ba="0,1" hai="10,13,16,54,55,61,62,63,90,94,99" m="43594" machi="94" ten="30,2000,0" yaku="11,1,54,1" doraHai="74" who="1" fromWho="3" sc="250,0,250,30,250,0,240,-20" /><INIT seed="1,0,0,1,4,59" ten="250,280,250,220" oya="1" hai0="40,12,83,48,108,28,77,45,26,17,120,7,60" hai1="52,88,2,32,81,89,51,67,55,99,98,125,65" hai2="39,15,27,58,57,4,14,72,1,70,54,66,103" hai3="29,84,117,62,101,43,44,115,13,6,124,10,104"/><U69/><E2/><V122/><F122/><W36/><G115/><T47/><D120/><U3/><E3/><V50/><F39/><W114/><G114/><T123/><D123/><U102/><E32/><V5/><F72/><W31/><G124/><T105/><D108/><U121/><E121/><V76/><F70/><W75/><G75/><T107/><D7/><N who="2" m="2634" /><F76/><W35/><G117/><T24/><D45/><U129/><E69/><V46/><F103/><W18/><G35/><T56/><D83/><U71/><E71/><V126/><F126/><W42/><G42/><T79/><D105/><U92/><E129/><V82/><F82/><W11/><G84/><T8/><D107/><U119/><E119/><V113/><F113/><W53/><G101/><T74/><D74/><U80/><E125/><V78/><F78/><N who="0" m="29706" /><D28/><U30/><E30/><V68/><F68/><W106/><G104/><T87/><D87/><U131/><E131/><V111/><F111/><W25/><G106/><T22/><D8/><U110/><E110/><V21/><F46/><W134/><G134/><T61/><D61/><U33/><E33/><V34/><F1/><W16/><G25/><T95/><D95/><U97/><E102/><V128/><F128/><W93/><G93/><T86/><D86/><N who="1" m="50247" /><E81/><V116/><F34/><W94/><G94/><T9/><D9/><U23/><E23/><V20/><F116/><W118/><G118/><T49/><D49/><U112/><E51/><V130/><F130/><W85/><G11/><T38/><D38/><U100/><E112/><V132/><F21/><W19/><G85/><RYUUKYOKU ba="0,0" sc="250,15,280,-15,250,-15,220,15" hai0="12,17,22,24,26,40,47,48,56,60" hai3="6,10,13,16,18,19,29,31,36,43,44,53,62" /><INIT seed="2,1,0,1,1,22" ten="265,265,235,235" oya="2" hai0="31,12,123,128,111,78,50,80,32,98,107,85,81" hai1="18,15,84,130,62,105,102,88,103,122,91,86,124" hai2="110,19,21,104,42,67,45,100,11,83,4,35,89" hai3="94,6,60,2,36,129,23,132,108,66,73,59,54"/><V113/><F113/><W69/><G73/><T76/><D123/><U133/><E130/><V93/><F35/><W112/><G108/><T79/><D111/><U58/><E133/><V72/><F67/><W114/><G129/><T57/><D128/><U37/><E37/><V61/><F61/><W119/><G119/><T27/><D12/><U13/><E124/><V131/><F110/><W48/><G132/><T44/><D57/><U20/><E122/><V101/><F104/><W26/><G36/><T75/><D78/><U63/><E105/><V135/><F135/><W39/><G39/><T24/><D24/><N who="1" m="14359" /><E63/><V28/><F28/><W125/><G125/><T9/><D9/><U33/><E33/><V134/><F134/><W64/><G64/><T74/><D98/><U51/><E51/><N who="2" m="27063" /><F83/><W30/><REACH who="3" step="1"/><G94/><REACH who="3" ten="265,265,235,225" step="2"/><T8/><D107/><U77/><E77/><V71/><F72/><W126/><G126/><T38/><D38/><U82/><E15/><N who="2" m="5607" /><F131/><W92/><G92/><T118/><D75/><U87/><E13/><N who="2" m="9455" /><F71/><W47/><G47/><T116/><REACH who="0" step="1"/><D8/><AGARI ba="1,1" hai="2,6,8,23,26,30,48,54,59,60,66,69,112,114" machi="8" ten="40,5200,0" yaku="1,1,52,1,53,1" doraHai="22" doraHaiUra="1" who="3" fromWho="0" sc="265,-55,265,0,235,0,225,65" /><INIT seed="3,0,0,0,1,105" ten="210,265,235,290" oya="3" hai0="77,99,93,63,38,92,15,113,132,79,104,102,46" hai1="20,66,84,13,23,25,96,33,94,18,115,110,68" hai2="21,48,9,67,130,4,50,6,83,124,34,112,65" hai3="30,126,73,14,103,54,59,107,1,90,76,42,3"/><W37/><G30/><T95/><D132/><U116/><E110/><V58/><F34/><W47/><G126/><T101/><D101/><U87/><E115/><V16/><F112/><W117/><G117/><T133/><D133/><U111/><E111/><V61/><F130/><W36/><G36/><T5/><D113/><U2/><E2/><V35/><F35/><W44/><G44/><T125/><D125/><U56/><E68/><V39/><F39/><W91/><G107/><T41/><REACH who="0" step="1"/><D63/><REACH who="0" ten="200,265,235,290" step="2"/><U52/><E116/><V0/><F124/><W7/><G103/><T28/><D28/><N who="1" m="17447" /><E33/><V82/><F67/><W17/><G91/><T89/><D89/><N who="1" m="55375" /><E66/><V131/><F131/><W78/><G90/><T10/><AGARI ba="0,1" hai="5,10,15,38,41,46,77,79,92,93,95,99,102,104" machi="10" ten="30,2000,0" yaku="1,1,0,1,53,0" doraHai="105" doraHaiUra="114" who="0" fromWho="0" sc="200,30,265,-5,235,-5,290,-10" /><INIT seed="4,0,0,2,5,30" ten="230,260,230,280" oya="0" hai0="70,72,40,0,5,46,51,88,80,2,43,104,68" hai1="14,111,126,48,69,84,25,94,121,93,39,73,8" hai2="27,97,132,74,35,86,122,62,47,55,116,134,31" hai3="42,105,12,99,109,60,75,119,19,4,124,85,6"/><T41/><D104/><U56/><E111/><V22/><F74/><W77/><G109/><T59/><D59/><U128/><E39/><V113/><F122/><W20/><G119/><T54/><D72/><U123/><E69/><V23/><F113/><W91/><G124/><T130/><D130/><U18/><E126/><V98/><F86/><W65/><G42/><T36/><D36/><U92/><E73/><V131/><F116/><W29/><G29/><T61/><D5/><U120/><E128/><V107/><F131/><W16/><G19/><T11/><D11/><U53/><REACH who="1" step="1"/><E25/><REACH who="1" ten="230,250,230,280" step="2"/><V83/><F27/><W100/><G75/><T135/><D70/><U78/><E78/><V129/><F129/><W79/><G77/><T127/><D127/><U34/><E34/><V15/><F35/><W45/><G79/><T63/><D135/><U82/><E82/><V57/><F83/><W112/><G112/><T90/><D68/><U117/><E117/><V49/><F132/><W118/><G118/><T3/><REACH who="0" step="1"/><D80/><REACH who="0" ten="220,250,230,280" step="2"/><U76/><E76/><V26/><F134/><W103/><G4/><T95/><D95/><U32/><E32/><V108/><F107/><W81/><G6/><T10/><D10/><U89/><AGARI ba="0,2" hai="8,14,18,48,53,56,84,89,92,93,94,120,121,123" machi="89" ten="40,5200,0" yaku="1,1,0,1,53,1" doraHai="30" doraHaiUra="50" who="1" fromWho="1" sc="220,-26,250,72,230,-13,280,-13" owari="194,-30.6,322,42.2,217,-18.3,267,6.7" /></mjloggm>