<mjloggm ver="2.3"><GO type="225" lobby="0"/><UN n0="%E4%B8%89%E5%86%A0%E7%8E%8B%E3%83%BB%E5%B1%B1%E7%94%B0%E5%93%B2%E4%BA%BA" n1="%67%61%79%75%6E%79" n2="%E3%81%82%E3%81%99%E3%81%AB%E3%82%83%E3%82%80" n3="%E5%84%AA%40%41%42%43" dan="17,16,16,17" rate="2166.29,2124.85,2035.99,2247.78" sx="M,M,F,M"/><TAIKYOKU oya="0"/><INIT seed="0,0,0,5,0,96" ten="250,250,250,250" oya="0" hai0="95,124,128,55,98,15,36,69,77,6,80,57,21" hai1="112,82,42,7,111,71,30,100,33,114,113,68,121" hai2="67,20,51,25,88,47,39,126,43,35,17,92,81" hai3="14,53,19,84,65,38,125,132,45,11,134,133,37"/><T131/><D69/><U89/><E121/><V110/><F110/><W66/><G125/><T13/><D36/><N who="3" m="13929" /><G84/><T22/><D124/><U116/><E116/><V73/><F126/><W18/><G18/><T16/><D22/><U135/><E135/><V119/><F119/><W97/><G97/><T85/><D6/><U127/><E111/><V104/><F104/><W120/><G120/><T0/><D0/><U2/><E42/><V105/><F105/><W108/><G108/><T28/><D28/><U83/><E127/><V72/><F39/><W10/><G10/><T27/><D131/><U87/><E83/><V70/><F35/><W54/><G45/><T122/><D128/><U118/><E118/><V60/><REACH who="2" step="1"/><F81/><REACH who="2" ten="250,250,240,250" step="2"/><W1/><G1/><T63/><REACH who="0" step="1"/><D122/><REACH who="0" ten="240,250,240,250" step="2"/><U5/><E2/><V79/><F79/><W103/><G134/><T78/><D78/><U102/><E33/><V130/><F130/><W62/><G133/><T75/><D75/><U74/><E74/><V24/><F24/><W86/><G132/><T129/><D129/><U56/><E114/><V52/><F52/><W58/><G54/><T59/><D59/><U29/><E113/><V44/><F44/><W115/><G115/><T32/><D32/><U109/><E112/><V40/><F40/><W34/><G34/><T117/><D117/><U106/><E109/><V49/><F49/><W94/><G53/><T48/><D48/><U26/><E56/><V61/><F61/><W101/><G65/><T123/><D123/><U64/><E64/><V12/><F12/><W76/><G76/><T23/><D23/><RYUUKYOKU ba="0,2" sc="240,10,250,-30,240,10,250,10" hai0="13,15,16,21,27,55,57,63,77,80,85,95,98" hai2="17,20,25,43,47,51,60,67,70,72,73,88,92" hai3="11,14,19,58,62,66,86,94,101,103" /><INIT seed="0,1,2,0,0,82" ten="250,220,250,260" oya="0" hai0="51,90,7,112,79,18,122,116,108,31,92,101,36" hai1="80,53,46,47,105,94,91,2,100,69,16,128,60" hai2="4,134,119,97,75,9,64,48,110,55,107,109,30" hai3="88,124,66,28,57,43,74,72,21,111,71,63,35"/><T76/><D36/><U133/><E2/><V37/><F37/><W13/><G35/><T81/><D112/><U24/><E133/><V96/><F134/><W62/><G43/><T123/><D116/><U125/><E125/><V73/><F64/><W52/><G124/><T15/><D7/><U114/><E114/><V10/><F30/><W33/><G111/><N who="2" m="42505" /><F119/><W87/><G33/><T106/><D31/><U121/><E121/><V113/><F113/><W126/><G126/><T120/><D108/><U78/><E128/><V19/><F19/><W83/><REACH who="3" step="1"/><G13/><REACH who="3" ten="250,220,250,250" step="2"/><T115/><D115/><U103/><E69/><V84/><F73/><W127/><G127/><T20/><D122/><U34/><E34/><V14/><F75/><W11/><G11/><T5/><D123/><U89/><E47/><V95/><F10/><W49/><G49/><T29/><D51/><U54/><E46/><N who="2" m="28055" /><F107/><W6/><G6/><T56/><D5/><U8/><E105/><V86/><F97/><W68/><G68/><T98/><D120/><U0/><E8/><V42/><F42/><W45/><G45/><T102/><D106/><U99/><E99/><V59/><F59/><W39/><G39/><T131/><D56/><U67/><E0/><V77/><F77/><W17/><G17/><T12/><D79/><U61/><E78/><V40/><F40/><W44/><G44/><T1/><D1/><U117/><E16/><V58/><F58/><W130/><G130/><T3/><D131/><U50/><E117/><V41/><F41/><W70/><G70/><T118/><D118/><U93/><E50/><RYUUKYOKU ba="1,3" sc="250,-15,220,-15,250,15,250,15" hai2="4,9,14,84,86,95,96" hai3="21,28,52,57,62,63,66,71,72,74,83,87,88" /><INIT seed="1,2,3,4,0,76" ten="235,205,265,265" oya="1" hai0="84,124,52,101,78,90,38,24,98,100,49,53,29" hai1="92,106,11,113,40,27,18,65,85,88,74,73,114" hai2="112,1,3,20,26,133,37,111,32,135,77,68,15" hai3="105,130,134,19,108,103,128,10,62,59,61,122,80"/><U14/><E106/><V56/><F111/><W16/><G122/><T4/><D38/><U72/><E40/><V0/><F68/><W127/><G108/><T58/><D124/><U25/><REACH who="1" step="1"/><E65/><REACH who="1" ten="235,195,265,265" step="2"/><V21/><F37/><W129/><G127/><T63/><D4/><U104/><E104/><V131/><F112/><AGARI ba="2,4" hai="11,14,18,25,27,72,73,74,85,88,92,112,113,114" machi="112" ten="50,4800,0" yaku="1,1,54,1,53,0" doraHai="76" doraHaiUra="75" who="1" fromWho="2" sc="235,0,195,94,265,-54,265,0" /><INIT seed="1,3,0,3,0,91" ten="235,289,211,265" oya="1" hai0="48,18,89,25,134,12,104,118,86,22,70,68,42" hai1="21,58,100,72,75,128,39,125,4,7,111,61,82" hai2="132,122,119,94,55,103,76,131,101,95,99,129,0" hai3="63,14,126,115,71,88,105,69,13,10,90,51,123"/><U47/><E125/><V43/><F43/><W64/><G123/><T60/><D118/><U34/><E34/><V83/><F0/><W84/><G115/><T62/><D104/><U78/><E128/><N who="2" m="49227" /><F119/><W45/><G105/><T116/><D116/><U17/><E75/><N who="2" m="43423" /><F55/><W44/><G126/><T66/><D134/><U80/><E80/><V37/><F37/><W38/><G38/><T97/><D97/><U110/><E100/><N who="2" m="38475" /><F132/><W8/><G71/><T67/><D42/><U77/><E77/><V30/><F122/><W23/><G23/><T6/><D48/><U85/><E72/><V32/><F99/><W24/><G24/><AGARI ba="3,0" hai="24,30,32,94,95" m="38475,43423,49227" machi="24" ten="30,3900,0" yaku="19,1,52,2" doraHai="91" who="2" fromWho="3" sc="235,0,289,0,211,48,265,-48" /><INIT seed="2,0,0,2,2,91" ten="235,289,259,217" oya="2" hai0="66,76,73,109,120,74,37,30,72,53,126,119,2" hai1="94,56,11,55,77,0,75,105,69,133,68,67,97" hai2="45,79,3,19,71,99,125,29,31,48,36,93,65" hai3="81,43,127,49,5,8,95,85,92,26,84,25,96"/><V1/><F36/><W89/><G127/><T50/><D120/><U82/><E105/><V130/><F125/><W83/><G43/><T114/><D126/><U113/><E113/><V13/><F79/><W88/><G49/><T122/><D122/><U14/><E0/><V10/><F130/><W32/><G32/><T63/><D114/><U39/><E67/><V6/><F65/><W101/><G81/><T52/><D37/><U15/><E15/><AGARI ba="0,0" hai="5,8,15,25,26,83,84,85,88,89,92,95,96,101" machi="15" ten="30,8000,1" yaku="7,1,8,1,52,2,54,1" doraHai="91" who="3" fromWho="1" sc="235,0,289,-80,259,0,217,80" /><INIT seed="3,0,0,0,3,42" ten="235,209,259,297" oya="3" hai0="135,77,39,15,71,54,56,38,134,88,55,7,58" hai1="109,117,115,84,91,16,17,62,63,122,107,64,79" hai2="40,125,74,92,126,103,101,25,69,20,93,128,95" hai3="66,78,27,4,51,43,124,119,23,65,73,118,86"/><W59/><G73/><T60/><D77/><U34/><E122/><V41/><F69/><W5/><G124/><N who="2" m="47721" /><F74/><W30/><G118/><T68/><D15/><U61/><E117/><V8/><F8/><W14/><G119/><T44/><D7/><N who="3" m="2633" /><G14/><T89/><D60/><U112/><E107/><V6/><F6/><W82/><G43/><N who="2" m="16457" /><F128/><W70/><G70/><T19/><D19/><AGARI ba="0,0" hai="19,20,25,92,93,95,101,103" m="16457,47721" machi="19" ten="30,1000,0" yaku="18,1" doraHai="42" who="2" fromWho="0" sc="235,-10,209,0,259,10,297,0" /><INIT seed="4,0,0,5,3,9" ten="225,209,269,297" oya="0" hai0="93,46,58,71,30,80,114,117,99,2,88,116,134" hai1="69,67,18,3,15,33,28,100,133,59,37,122,8" hai2="55,19,73,63,21,32,64,87,13,34,98,94,95" hai3="126,1,125,124,6,91,5,68,27,79,60,104,54"/><T130/><D71/><U36/><E122/><V107/><F73/><W103/><G79/><T131/><D2/><U17/><E69/><V39/><F39/><W89/><G27/><T111/><D30/><U42/><E133/><V65/><F107/><W101/><G1/><T108/><D46/><U7/><E18/><V127/><F127/><W20/><G20/><T135/><D58/><U132/><E132/><N who="0" m="50729" /><D114/><U43/><E100/><N who="3" m="38474" /><G104/><T22/><D80/><U10/><E37/><V40/><F40/><W49/><G60/><T53/><D53/><U92/><E92/><N who="2" m="35371" /><F98/><W12/><G68/><T24/><D22/><U84/><E84/><V50/><F32/><W26/><G26/><T74/><D24/><U4/><E36/><V48/><F34/><W121/><G121/><T112/><D112/><U11/><E28/><V35/><F35/><W72/><G72/><T16/><D16/><U106/><E33/><V97/><F97/><W70/><G70/><T78/><D78/><U44/><E106/><V52/><F87/><W115/><G115/><T45/><D45/><U0/><REACH who="1" step="1"/><E44/><REACH who="1" ten="225,199,269,297" step="2"/><N who="2" m="27655" /><F63/><AGARI ba="0,1" hai="0,3,4,7,8,10,11,15,17,42,43,59,63,67" machi="63" ten="40,5200,0" yaku="1,1,9,1,52,1,53,0" doraHai="9" doraHaiUra="120" who="1" fromWho="2" sc="225,0,199,62,269,-52,297,0" /><INIT seed="5,0,0,2,2,1" ten="225,261,217,297" oya="1" hai0="86,46,122,102,75,85,93,107,4,43,27,106,79" hai1="109,38,10,101,65,83,30,94,89,130,103,35,36" hai2="14,120,125,100,32,73,15,31,77,59,134,52,42" hai3="69,41,98,53,84,37,131,111,127,2,99,64,133"/><U22/><E35/><V49/><F120/><W126/><G111/><T91/><D122/><U119/><E119/><V47/><F125/><N who="3" m="47627" /><G2/><T39/><D102/><U90/><E109/><V3/><F3/><W76/><G133/><T113/><D113/><U57/><E130/><V9/><F134/><W78/><G131/><T112/><D112/><U72/><E72/><V45/><F100/><W67/><G53/><T121/><D121/><U74/><E74/><V29/><F45/><N who="3" m="23727" /><G78/><T11/><D27/><U6/><E83/><V54/><F32/><W5/><G5/><T96/><D107/><U87/><E90/><V26/><F26/><W48/><G48/><T104/><D104/><U114/><E114/><V116/><F116/><W60/><G67/><T7/><D106/><U117/><E38/><V97/><F97/><W124/><G124/><T18/><D4/><U16/><E30/><N who="2" m="11275" /><F77/><W115/><G115/><T118/><D118/><U8/><E36/><V105/><F105/><W40/><G40/><T71/><D18/><U34/><E34/><V17/><F73/><W21/><G21/><T0/><D71/><U110/><E110/><V33/><F33/><W70/><G70/><T51/><D51/><U28/><E28/><V50/><F54/><W132/><G132/><T13/><D13/><AGARI ba="0,0" hai="9,13,14,15,17,42,47,49,50,52,59" m="11275" machi="13" ten="30,2000,0" yaku="8,1,54,1" doraHai="1" who="2" fromWho="0" sc="225,-20,261,0,217,20,297,0" /><INIT seed="6,0,0,3,4,97" ten="205,261,237,297" oya="2" hai0="69,56,77,81,22,100,20,117,68,10,31,110,115" hai1="48,128,37,92,121,86,29,131,88,75,18,116,119" hai2="104,40,84,9,114,66,72,19,108,87,52,80,45" hai3="64,99,102,76,41,32,118,46,71,135,129,11,44"/><V43/><F114/><W95/><G118/><T70/><D110/><U35/><E37/><V12/><F104/><W51/><G32/><T42/><D117/><U24/><E121/><V73/><F108/><W38/><G135/><T58/><D115/><U54/><E75/><V74/><F66/><W124/><G129/><N who="1" m="49738" /><E18/><V14/><F14/><W101/><G124/><T123/><D123/><U36/><E36/><V82/><F87/><W21/><G76/><T61/><D42/><U6/><E6/><V113/><F113/><W62/><G21/><T127/><D127/><U111/><E111/><V134/><F82/><W50/><G11/><T90/><D90/><U28/><E28/><V25/><F134/><W63/><G63/><T16/><D100/><U105/><E105/><V98/><F25/><W47/><G101/><T1/><D31/><U132/><E132/><V122/><F122/><W130/><G130/><T109/><D109/><U89/><E89/><N who="2" m="51335" /><F98/><W120/><G120/><T33/><D33/><U65/><E65/><V103/><F103/><W4/><G4/><T93/><D93/><U27/><E27/><V126/><F126/><W5/><G5/><T53/><D58/><AGARI ba="0,0" hai="24,29,35,48,54,58,86,88,92,116,119" m="49738" machi="58" ten="30,2000,0" yaku="19,1,54,1" doraHai="97" who="1" fromWho="0" sc="205,-20,261,20,237,0,297,0" /><INIT seed="7,0,0,5,1,49" ten="185,281,237,297" oya="3" hai0="130,85,126,114,12,111,55,21,93,40,84,108,13" hai1="123,51,44,24,95,64,43,76,62,48,26,99,119" hai2="86,107,63,88,135,14,90,129,1,54,52,67,29" hai3="92,128,82,45,79,96,41,22,8,91,109,7,28"/><W61/><G128/><T18/><D130/><U117/><E76/><V42/><F1/><W112/><G112/><T20/><D114/><U23/><E123/><V30/><F107/><W59/><G109/><T72/><D72/><U89/><E51/><V57/><F129/><W132/><G132/><T37/><D126/><U124/><E124/><V5/><F42/><W80/><G28/><N who="2" m="10857" /><F135/><W87/><G22/><T17/><D40/><U47/><E47/><V9/><F90/><W71/><G82/><AGARI ba="0,0" hai="5,9,14,52,54,57,63,67,82,86,88" m="10857" machi="82" ten="30,8000,1" yaku="8,1,52,2,54,2" doraHai="49" who="2" fromWho="3" sc="185,0,281,0,237,80,297,-80" owari="185,-31.5,281,8.1,317,41.7,217,-18.3" /></mjloggm>