<mjloggm ver="2.3"><GO type="225" lobby="0"/><UN n0="%E5%A4%8F%E9%88%B4%E9%88%B4%E5%A4%8F" n1="%E3%81%82%E3%81%B9%E3%81%99%E3%81%91" n2="%72%61%6B%33" n3="%E8%B6%85%E7%B4%9A%E9%B3%B3%E5%87%B0" dan="16,16,16,16" rate="2145.63,2085.83,2153.58,2115.81" sx="M,M,M,M"/><TAIKYOKU oya="0"/><INIT seed="0,0,0,3,5,134" ten="250,250,250,250" oya="0" hai0="8,83,90,117,47,23,80,17,98,61,21,36,101" hai1="110,87,37,102,92,82,26,103,112,22,107,116,131" hai2="69,120,85,111,99,38,49,40,16,105,100,95,72" hai3="29,13,28,70,86,25,24,67,126,54,18,31,58"/><T77/><D117/><U12/><E37/><V106/><F120/><W20/><G67/><T55/><D36/><U45/><E116/><V81/><F69/><W68/><G126/><T114/><D114/><U11/><E131/><V130/><F130/><W96/><G96/><T108/><D108/><U63/><E45/><V104/><F38/><W30/><G86/><N who="0" m="50503" /><D83/><U14/><E14/><V7/><F111/><W123/><G123/><T0/><D0/><U109/><E92/><V128/><F128/><W15/><G68/><T75/><D77/><U64/><E112/><V91/><F7/><W27/><G70/><T66/><D75/><U48/><E107/><V88/><F40/><W127/><G127/><T84/><D84/><U97/><E97/><N who="2" m="57599" /><F16/><N who="3" m="10255" /><G54/><T62/><D8/><U34/><E34/><V76/><F49/><W122/><G122/><T5/><D5/><N who="1" m="3183" /><E48/><V3/><F3/><W115/><G58/><T2/><D2/><U57/><E109/><V93/><AGARI ba="0,0" hai="72,76,81,85,88,93,99,100,104,105,106" m="57599" machi="93" ten="30,12000,2" yaku="24,1,35,5,54,1" doraHai="134" who="2" fromWho="2" sc="250,-60,250,-30,250,120,250,-30" /><INIT seed="1,0,0,0,5,103" ten="190,220,370,220" oya="1" hai0="79,12,97,123,98,27,43,41,76,48,83,35,62" hai1="121,94,38,118,78,54,87,22,9,126,15,25,36" hai2="80,0,46,5,119,34,74,66,106,86,104,88,2" hai3="77,81,92,21,47,63,107,114,117,37,6,28,65"/><U33/><E118/><V11/><F119/><W116/><G114/><T95/><D123/><U56/><E121/><V32/><F0/><W69/><G107/><T67/><D12/><U17/><E33/><V90/><F66/><W70/><G70/><T129/><D129/><U99/><E126/><V30/><F74/><W134/><G134/><T53/><D35/><U73/><E87/><V96/><F34/><W4/><G92/><T93/><D27/><U26/><E78/><V127/><F127/><W110/><G110/><T109/><D109/><U71/><E71/><V57/><F57/><W84/><G116/><T39/><D39/><U14/><E14/><V68/><F68/><W100/><G100/><N who="0" m="60463" /><D62/><U44/><E73/><V115/><F115/><W42/><G117/><T29/><D29/><U82/><E82/><V133/><F133/><W16/><REACH who="3" step="1"/><G28/><REACH who="3" ten="190,220,370,210" step="2"/><T10/><D95/><U7/><E44/><V122/><F46/><W31/><G31/><T135/><D135/><U8/><E38/><V131/><F122/><W111/><G111/><T108/><D108/><U13/><E36/><V112/><F112/><W40/><G40/><T75/><D43/><U24/><E7/><V125/><F125/><W124/><G124/><T49/><D41/><U102/><E102/><V85/><F5/><W72/><G72/><T58/><D75/><U64/><E94/><V3/><F32/><W18/><G18/><T23/><D98/><U91/><E99/><V128/><F96/><W52/><G52/><T59/><D53/><U45/><E54/><V101/><F101/><W50/><G50/><RYUUKYOKU ba="0,1" sc="190,-10,220,-10,370,-10,210,30" hai3="4,6,16,21,37,42,47,63,65,69,77,81,84" /><INIT seed="2,1,1,1,5,18" ten="180,210,360,240" oya="2" hai0="109,45,130,62,116,83,78,60,81,28,84,95,119" hai1="68,30,48,123,100,34,121,88,108,27,25,117,4" hai2="46,0,7,10,9,43,128,57,82,90,56,37,75" hai3="98,102,51,89,77,73,69,8,39,24,71,61,125"/><V38/><F128/><W92/><G39/><T107/><D107/><U126/><E117/><N who="0" m="45129" /><D130/><U91/><E108/><V11/><F37/><W16/><G125/><T44/><D109/><U20/><E68/><V33/><F33/><W74/><G51/><T122/><D122/><N who="1" m="46603" /><E126/><V41/><F41/><W1/><G102/><T124/><D124/><U66/><E66/><V13/><F90/><N who="1" m="34345" /><E4/><N who="2" m="3239" /><F11/><W29/><G61/><N who="0" m="23659" /><D95/><U132/><E132/><V6/><F6/><W42/><G69/><T113/><D113/><U129/><E129/><V112/><F112/><W52/><G71/><T67/><D67/><U94/><E48/><V101/><F101/><W12/><G1/><T47/><D28/><N who="1" m="17447" /><E94/><V105/><F105/><W31/><G92/><T111/><D111/><U76/><E100/><V35/><F35/><W40/><G98/><T79/><D84/><U99/><E99/><V32/><F32/><W64/><G64/><T114/><D114/><U87/><E87/><V93/><F93/><W131/><G131/><T133/><D133/><U80/><E80/><AGARI ba="1,1" hai="44,45,47,78,79,80,81,83" m="23659,45129" machi="80" ten="40,5200,0" yaku="28,2,12,1" doraHai="18" who="0" fromWho="1" sc="180,65,210,-55,360,0,240,0" /><INIT seed="3,0,0,2,0,8" ten="245,155,360,240" oya="3" hai0="40,35,61,53,71,129,1,120,122,123,24,52,77" hai1="39,80,33,121,22,55,124,11,79,66,134,107,48" hai2="72,87,3,27,112,127,91,102,29,126,16,89,50" hai3="6,5,75,56,106,60,13,90,32,57,47,95,51"/><W78/><G106/><T96/><D1/><U97/><E121/><V44/><F72/><W69/><G32/><T98/><D77/><U132/><E39/><V82/><F112/><W45/><G69/><T30/><D40/><U15/><E33/><V114/><F114/><W101/><G101/><T119/><D119/><U34/><E34/><V17/><F3/><W84/><G75/><T23/><D129/><U43/><E66/><V70/><F70/><W110/><G110/><T63/><D23/><U105/><E22/><N who="2" m="15607" /><F91/><W68/><G68/><T100/><D98/><U93/><E124/><N who="2" m="47659" /><F102/><W62/><G78/><T111/><D111/><U4/><E43/><AGARI ba="0,0" hai="16,17,43,44,50,82,87,89" m="47659,15607" machi="43" ten="30,2000,0" yaku="18,1,54,1" doraHai="8" who="2" fromWho="1" sc="245,0,155,-20,360,20,240,0" owari="245,4.5,135,-36.5,380,48.0,240,-16.0" /></mjloggm>