<mjloggm ver="2.3"><GO type="225" lobby="0"/><UN n0="%E5%A4%9C%E5%85%89%E5%A4%A9%E6%A5%BC" n1="%E3%82%BC%E3%83%AB%E3%83%80%E3%81%AE%E4%BC%9D%E8%AA%AC" n2="%72%69%6F%75%63%68%61%6E" n3="%E4%BA%BA%E9%96%93%E3%83%81%E3%83%A3%E3%83%BC%E3%83%8F%E3%83%B3" dan="17,17,16,16" rate="2122.74,2231.93,2233.71,2105.44" sx="M,M,M,M"/><TAIKYOKU oya="0"/><INIT seed="0,0,0,0,5,68" ten="250,250,250,250" oya="0" hai0="108,103,133,131,105,64,34,102,90,84,55,58,99" hai1="37,75,76,18,25,98,56,24,118,80,44,1,32" hai2="20,10,26,104,49,120,82,117,53,27,17,7,81" hai3="16,60,70,30,38,2,93,9,130,54,0,19,74"/><T15/><D34/><U113/><E118/><V4/><F120/><W128/><G74/><T125/><D108/><U72/><E113/><V91/><F117/><W77/><G30/><T126/><D64/><U21/><E1/><N who="3" m="618" /><G77/><T73/><D73/><U14/><E75/><V13/><F104/><W33/><G33/><T86/><D15/><U36/><E44/><V101/><F101/><W66/><G54/><T47/><D47/><U95/><E56/><V6/><F26/><W63/><G63/><N who="0" m="36319" /><D103/><U88/><REACH who="1" step="1"/><E25/><REACH who="1" ten="250,240,250,250" step="2"/><V39/><F39/><W124/><G70/><T78/><D131/><U79/><E79/><V71/><F71/><N who="3" m="42439" /><G38/><T28/><D78/><U67/><E67/><V115/><F115/><W119/><G119/><T12/><D105/><U69/><E69/><V57/><REACH who="2" step="1"/><F91/><REACH who="2" ten="250,240,240,250" step="2"/><W116/><G116/><T46/><D90/><U40/><E40/><V65/><F65/><W96/><G128/><T112/><D112/><U87/><E87/><V51/><F51/><W127/><G130/><T50/><D86/><U62/><E62/><V97/><F97/><W111/><G111/><T52/><D84/><U107/><E107/><V94/><F94/><W92/><G92/><T89/><D89/><U11/><E11/><V23/><F23/><W35/><G93/><T114/><D114/><U41/><E41/><V83/><AGARI ba="0,2" hai="4,6,7,10,13,17,20,27,49,53,57,81,82,83" machi="83" ten="30,4000,0" yaku="1,1,0,1,8,1,53,0" doraHai="68" doraHaiUra="122" who="2" fromWho="2" sc="250,-20,240,-10,240,60,250,-10" /><INIT seed="1,0,0,2,2,62" ten="230,230,300,240" oya="1" hai0="52,67,84,5,39,34,30,113,72,66,63,69,101" hai1="35,127,18,109,38,45,122,120,26,55,4,125,53" hai2="71,25,128,131,92,106,130,80,33,133,94,54,13" hai3="114,76,123,89,97,108,48,118,36,24,22,134,12"/><U21/><E38/><V43/><F133/><W57/><G123/><T7/><D72/><U77/><E77/><V126/><F126/><N who="1" m="48137" /><E45/><V116/><F116/><W51/><G114/><T79/><D113/><U129/><E53/><V10/><F106/><W103/><G36/><T107/><D39/><U83/><E83/><V47/><F71/><W3/><G3/><T60/><D107/><U119/><E55/><V40/><F25/><W8/><G108/><T124/><D124/><U81/><E81/><V100/><F33/><W64/><G134/><T90/><D79/><U104/><E104/><V20/><F20/><W73/><G89/><T58/><D101/><U88/><E119/><V61/><F80/><W56/><G76/><T9/><D9/><U102/><E102/><V74/><F74/><W98/><G73/><T93/><REACH who="0" step="1"/><D52/><REACH who="0" ten="220,230,300,240" step="2"/><U59/><E109/><V32/><F100/><W2/><G103/><T6/><D6/><U1/><E120/><V87/><F54/><W82/><G8/><T111/><D111/><U99/><E122/><V95/><F47/><W78/><G78/><T46/><D46/><U27/><E4/><V117/><F131/><W29/><G118/><T31/><D31/><N who="1" m="19959" /><E129/><V16/><F117/><W17/><G29/><T37/><D37/><U68/><E18/><V42/><F130/><W121/><G121/><T86/><D86/><U75/><E75/><V28/><F128/><W65/><G17/><T14/><D14/><U49/><E1/><V41/><N who="2" m="10240" /><DORA hai="110" /><V91/><F61/><W96/><G2/><T0/><D0/><U112/><E112/><RYUUKYOKU ba="0,1" sc="220,15,230,-15,300,15,240,-15" hai0="5,7,30,34,58,60,63,66,67,69,84,90,93" hai2="10,13,16,28,32,87,91,92,94,95" /><INIT seed="2,1,1,1,0,51" ten="235,215,315,225" oya="2" hai0="121,74,93,59,23,58,18,103,81,6,77,88,85" hai1="12,56,24,62,132,10,94,122,42,31,83,44,26" hai2="64,45,104,16,28,92,20,9,30,55,38,53,119" hai3="91,40,33,118,35,117,115,66,3,79,75,80,22"/><V114/><F114/><W84/><G3/><T60/><D121/><U82/><E132/><V87/><F119/><W134/><G134/><T135/><D135/><U105/><E105/><V65/><F104/><W36/><G115/><T129/><D129/><U101/><E122/><V13/><F38/><W73/><G66/><N who="2" m="25705" /><F45/><W90/><G75/><T29/><D6/><U41/><E101/><V61/><F61/><W127/><G127/><T130/><D130/><U89/><E44/><V131/><F131/><W99/><G22/><T25/><D103/><U50/><E50/><V72/><F72/><W68/><G68/><T63/><REACH who="0" step="1"/><D29/><REACH who="0" ten="225,215,315,225" step="2"/><N who="2" m="11370" /><F9/><W8/><G8/><T0/><D0/><U21/><E10/><V70/><F70/><W108/><G118/><T48/><D48/><U71/><E71/><V47/><F47/><W113/><G117/><T27/><D27/><U2/><E26/><V97/><F87/><W128/><G84/><T78/><D78/><U54/><E2/><V39/><F39/><W110/><G128/><T32/><D32/><U11/><E11/><V69/><F69/><W133/><G133/><T1/><D1/><U116/><E116/><V5/><F5/><W34/><G113/><T57/><AGARI ba="1,2" hai="18,23,25,57,58,59,60,63,74,77,81,85,88,93" machi="57" ten="30,4000,0" yaku="1,1,0,1,54,1,53,0" doraHai="51" doraHaiUra="4" who="0" fromWho="0" sc="225,63,215,-11,315,-21,225,-11" /><INIT seed="3,0,0,2,0,132" ten="288,204,294,214" oya="3" hai0="131,48,102,64,2,117,26,123,49,60,81,17,65" hai1="59,37,54,108,95,74,30,130,45,61,89,107,1" hai2="118,25,70,128,8,42,115,103,121,71,13,3,97" hai3="43,127,39,28,52,94,21,93,112,87,134,38,66"/><W124/><G112/><T85/><D117/><U77/><E107/><V53/><F115/><W126/><G134/><T135/><D135/><U90/><E108/><V33/><F118/><W80/><G66/><T82/><D2/><U11/><E130/><V9/><F128/><W119/><G119/><T58/><D123/><U14/><E30/><V16/><F121/><W120/><G120/><T4/><D4/><N who="1" m="1423" /><E14/><V133/><F133/><W125/><N who="3" m="31744" /><DORA hai="78" /><W22/><G52/><T98/><D65/><U46/><E95/><N who="3" m="36362" /><G43/><T84/><D98/><U57/><E57/><V100/><F42/><W47/><G47/><T68/><D102/><U110/><E110/><V106/><F103/><W104/><G104/><T19/><D131/><U113/><E113/><V40/><F40/><W18/><G28/><T111/><D111/><U51/><E46/><V44/><F53/><W92/><N who="3" m="36370" /><W12/><DORA hai="10" /><G22/><N who="0" m="13647" /><D19/><U29/><E29/><N who="2" m="19631" /><F44/><W62/><G62/><T99/><D99/><U50/><E61/><V56/><F106/><W75/><G75/><T41/><D41/><N who="1" m="22703" /><E50/><N who="0" m="19561" /><D68/><U0/><E0/><V34/><F97/><W88/><AGARI ba="0,0" hai="12,18,21,38,39,80,87,88" m="36370,31744" machi="88" ten="70,24000,3" yaku="18,1,52,6,54,1" doraHai="132,78,10" who="3" fromWho="3" sc="288,-80,204,-80,294,-80,214,240" owari="208,-19.2,124,-37.6,214,1.4,454,55.4" /></mjloggm>