<mjloggm ver="2.3"><GO type="225" lobby="0"/><UN n0="%E4%BF%BA%E3%81%A8%E5%A6%96%E5%A4%A2" n1="%6D%61%74%69%67%75%73%61" n2="%E3%81%8B%E3%82%8F%E3%81%A1%E3%82%83%E3%82%93%35%38" n3="%E6%97%A5%E6%9B%9C%E6%97%A5%E3%82%88%E3%82%8A%E3%81%AE%E4%BD%BF%E8%80%85" dan="17,17,17,17" rate="2167.13,2167.67,2254.72,2100.68" sx="F,M,M,M"/><TAIKYOKU oya="0"/><INIT seed="0,0,0,1,2,129" ten="250,250,250,250" oya="0" hai0="3,68,54,123,101,20,45,127,40,59,106,58,41" hai1="39,116,111,71,105,72,128,92,11,99,103,121,57" hai2="31,23,17,7,115,80,27,112,98,18,36,70,120" hai3="5,97,66,51,122,22,55,62,43,32,93,13,95"/><T89/><D106/><U42/><E11/><V65/><F36/><W86/><G32/><T56/><D101/><U114/><E57/><N who="0" m="22121" /><D3/><U78/><E92/><V76/><F120/><W104/><G104/><T38/><D89/><U132/><E42/><V14/><F7/><W135/><G43/><N who="0" m="22775" /><D20/><U16/><E99/><V0/><F0/><W102/><G122/><T125/><D123/><U30/><E103/><V24/><F98/><W131/><G86/><T34/><D34/><U28/><E28/><V35/><F65/><W130/><G95/><T119/><D119/><U82/><E30/><V110/><F70/><W100/><G100/><T67/><D127/><U10/><E10/><V90/><F90/><W87/><G87/><T85/><D85/><U109/><E82/><V134/><F80/><W74/><G74/><T84/><D125/><U52/><E78/><V25/><F76/><W73/><G73/><T108/><D108/><U37/><E111/><V8/><F110/><W12/><G22/><T21/><D21/><U94/><E94/><V53/><F27/><W81/><G81/><T117/><D117/><U9/><E72/><V96/><F96/><W63/><G5/><T19/><D84/><U133/><E116/><V49/><F112/><W69/><G97/><T29/><D29/><U33/><E114/><V61/><F115/><W60/><G102/><T88/><D88/><U75/><E109/><V48/><F35/><W50/><G93/><T126/><D126/><U77/><E33/><V91/><F91/><W107/><G107/><T113/><D113/><U79/><E121/><RYUUKYOKU ba="0,0" sc="250,0,250,0,250,0,250,0" /><INIT seed="1,1,0,2,0,93" ten="250,250,250,250" oya="1" hai0="59,38,71,99,105,17,107,9,5,95,111,27,55" hai1="35,43,25,80,121,124,88,102,51,2,134,56,96" hai2="8,82,117,74,31,120,133,86,130,73,87,106,7" hai3="44,42,12,123,47,68,127,122,4,118,77,114,109"/><U37/><E121/><V58/><F120/><W24/><G77/><T50/><D71/><U28/><E2/><V92/><F117/><W41/><G24/><T135/><D38/><U131/><E37/><V14/><F106/><W76/><G76/><T89/><D111/><U125/><E131/><V10/><F130/><W69/><G12/><T78/><D135/><U45/><E56/><V64/><F133/><W132/><G4/><T83/><D27/><U79/><E134/><V15/><F31/><W6/><G6/><T18/><D105/><U46/><E46/><V116/><F116/><W40/><G132/><T70/><D107/><U54/><E43/><V53/><F64/><W0/><G0/><T13/><REACH who="0" step="1"/><D70/><REACH who="0" ten="240,250,250,250" step="2"/><U32/><E32/><V63/><F92/><W1/><G109/><T29/><D29/><U66/><E25/><V34/><F34/><W67/><G69/><T65/><D65/><U26/><E66/><V62/><F82/><W113/><G67/><T98/><D98/><U108/><E108/><V101/><F14/><W60/><G1/><T30/><D30/><U72/><REACH who="1" step="1"/><E88/><REACH who="1" ten="240,240,250,250" step="2"/><V103/><F15/><W84/><G123/><T112/><D112/><N who="3" m="43113" /><G122/><T119/><D119/><U57/><E57/><V115/><F115/><W90/><G118/><T85/><AGARI ba="1,2" hai="5,9,13,17,18,50,55,59,78,83,85,89,95,99" machi="85" ten="20,12000,2" yaku="1,1,0,1,7,1,8,1,52,1,53,1" doraHai="93" doraHaiUra="91" who="0" fromWho="0" sc="240,143,240,-61,250,-31,250,-31" /><INIT seed="2,0,0,5,3,117" ten="383,179,219,219" oya="2" hai0="78,21,45,125,105,63,25,73,94,41,61,11,110" hai1="16,51,46,27,76,19,7,64,35,1,47,96,12" hai2="23,2,133,89,124,53,62,97,65,33,26,0,66" hai3="36,58,82,134,99,74,49,70,71,131,30,103,9"/><V104/><F124/><W34/><G36/><T126/><D105/><U54/><E1/><V93/><F133/><W38/><G38/><T43/><D110/><U122/><E64/><V101/><F65/><W108/><G58/><T119/><D119/><U88/><E76/><V10/><F53/><W91/><G49/><T83/><D11/><U18/><E122/><V24/><F33/><W3/><G91/><T31/><D94/><N who="1" m="56391" /><E35/><V132/><F132/><W56/><G56/><T129/><D129/><U107/><E107/><V77/><F77/><N who="3" m="44343" /><G108/><T59/><D63/><U67/><E67/><V115/><F115/><W55/><G55/><N who="0" m="34047" /><D45/><N who="1" m="28015" /><E27/><V40/><F40/><W100/><G131/><T69/><D69/><U6/><E12/><V113/><F113/><W42/><G42/><T86/><D73/><U50/><E47/><V52/><F52/><AGARI ba="0,0" hai="6,7,16,18,19,46,50,52" m="28015,56391" machi="52" ten="30,7700,0" yaku="8,1,54,3" doraHai="117" who="1" fromWho="2" sc="383,0,179,77,219,-77,219,0" /><INIT seed="3,0,0,4,3,100" ten="383,256,142,219" oya="3" hai0="17,107,25,98,101,63,34,35,92,102,97,114,18" hai1="124,128,88,87,108,110,105,9,77,58,117,66,90" hai2="85,73,95,120,45,80,22,129,71,111,30,109,106" hai3="37,0,23,47,65,51,116,53,33,61,6,8,21"/><W96/><G116/><T121/><D121/><U126/><E9/><V48/><F71/><W76/><G33/><T4/><D114/><U24/><E24/><V40/><F30/><W10/><G76/><T103/><D103/><U119/><E58/><V125/><F22/><W134/><G134/><T11/><D63/><U79/><E66/><V16/><F73/><W133/><G133/><T36/><D36/><U122/><E87/><V123/><F95/><W74/><G74/><T70/><D70/><U7/><E7/><V20/><F125/><W94/><G10/><T57/><D57/><U56/><E56/><V1/><F1/><W15/><G37/><T42/><D42/><U67/><E67/><V39/><F39/><W50/><G50/><T135/><D135/><U99/><E99/><V55/><F40/><W83/><G83/><T89/><D89/><U127/><E105/><V38/><F38/><W5/><G5/><T32/><D25/><U60/><E60/><V44/><F44/><W14/><G14/><T131/><D131/><U28/><E28/><V62/><F129/><W78/><G0/><T27/><D27/><U118/><E122/><N who="2" m="46635" /><F62/><W82/><G61/><T64/><D64/><U31/><E31/><V130/><F130/><W75/><G65/><T54/><D54/><U12/><E12/><N who="2" m="9223" /><F85/><W69/><G69/><T68/><D68/><U46/><E46/><V112/><F80/><W93/><G93/><T3/><AGARI ba="0,0" hai="3,4,11,17,18,32,34,35,92,97,98,101,102,107" machi="3" ten="30,2000,0" yaku="0,1,52,1" doraHai="100" who="0" fromWho="0" sc="383,20,256,-5,142,-5,219,-10" owari="403,50.3,251,5.1,137,-36.3,209,-19.1" /></mjloggm>