<mjloggm ver="2.3"><GO type="225" lobby="0"/><UN n0="%E6%A1%9C%E8%8A%B1%E9%96%83%E3%80%85" n1="%E3%81%82%E3%81%99%E3%81%AB%E3%82%83%E3%82%80" n2="%E3%82%A2%E3%83%A1%E3%82%A2%E3%83%A9%E3%83%AC" n3="%E3%81%95%E3%81%8D%E3%81%9F%E3%81%BE%E6%9E%97%E6%AA%8E" dan="16,16,16,16" rate="2151.57,2153.48,2149.35,2026.58" sx="M,F,M,M"/><TAIKYOKU oya="0"/><INIT seed="0,0,0,1,1,31" ten="250,250,250,250" oya="0" hai0="99,60,41,8,9,29,77,40,132,71,21,54,89" hai1="11,4,35,0,106,107,85,94,59,114,134,3,48" hai2="86,82,52,20,116,80,32,93,65,56,127,63,39" hai3="130,64,118,111,96,55,1,72,120,125,44,121,2"/><T61/><D132/><U37/><E37/><V26/><F127/><W38/><G111/><T90/><D77/><U57/><E134/><V97/><F39/><W87/><G118/><T6/><D71/><U51/><E114/><V18/><F116/><W105/><G72/><T70/><D70/><U126/><E126/><V73/><F73/><W98/><G125/><T110/><D110/><U36/><E36/><V117/><F117/><W46/><G130/><T34/><D34/><U79/><E79/><V7/><F7/><W122/><G64/><T74/><D54/><U42/><E4/><V100/><F32/><W101/><G55/><T69/><D69/><U62/><E35/><V103/><F103/><W124/><G124/><T10/><D6/><U17/><E94/><V119/><F119/><W131/><G131/><T58/><D61/><U108/><E62/><V14/><F86/><W50/><G87/><T92/><D90/><U81/><E108/><V16/><F65/><W67/><G67/><N who="0" m="39319" /><D74/><U78/><E78/><V27/><F27/><AGARI ba="0,0" hai="8,9,10,21,27,29,40,41,89,92,99" m="39319" machi="27" ten="30,1500,0" yaku="8,1" doraHai="31" who="0" fromWho="2" sc="250,15,250,0,250,-15,250,0" /><INIT seed="0,1,0,4,0,6" ten="265,250,235,250" oya="0" hai0="13,56,88,73,118,122,30,65,130,64,135,33,55" hai1="49,125,104,48,42,51,32,35,20,18,132,36,134" hai2="120,127,77,129,69,8,22,1,78,109,75,59,14" hai3="133,85,87,67,21,72,90,54,7,31,112,74,12"/><T117/><D73/><U10/><E104/><V47/><F120/><W76/><G133/><N who="1" m="51306" /><E125/><V107/><F69/><W28/><G112/><T25/><D135/><U93/><E93/><V60/><F107/><W102/><G102/><T37/><D122/><U95/><E95/><V53/><F109/><W23/><G67/><T34/><D37/><U43/><E36/><V66/><F129/><W46/><G74/><T29/><D130/><U113/><E113/><V11/><F1/><W16/><G72/><T115/><D115/><U0/><E0/><V17/><F127/><W80/><G7/><T91/><D13/><N who="1" m="7479" /><E20/><V27/><F75/><W63/><G23/><T119/><D65/><U62/><E62/><V26/><F26/><W121/><G121/><T126/><D64/><U44/><E44/><V9/><F27/><W128/><G128/><T24/><REACH who="0" step="1"/><D126/><REACH who="0" ten="255,250,235,250" step="2"/><U98/><E98/><V84/><F84/><W97/><G97/><T52/><D52/><U70/><E70/><V96/><F96/><W4/><G87/><T92/><D92/><U50/><N who="1" m="12288" /><DORA hai="82" /><U100/><E100/><V38/><REACH who="2" step="1"/><F53/><REACH who="2" ten="255,250,225,250" step="2"/><W86/><G54/><T2/><D2/><U83/><E83/><V111/><F111/><W45/><G80/><T5/><D5/><U81/><E81/><V89/><F89/><W116/><G90/><T61/><AGARI ba="1,2" hai="24,25,29,30,33,34,55,56,61,88,91,117,118,119" machi="61" ten="30,11700,0" yaku="1,1,0,1,9,1,54,1,53,0" doraHai="6,82" doraHaiUra="110,131" who="0" fromWho="0" sc="255,140,250,-40,225,-40,250,-40" /><INIT seed="0,2,0,0,2,5" ten="395,210,185,210" oya="0" hai0="1,16,110,118,13,104,96,34,105,35,85,23,28" hai1="124,112,48,51,20,53,91,45,80,111,11,92,12" hai2="126,3,58,76,84,115,64,78,63,119,106,17,97" hai3="38,77,52,103,69,41,135,0,68,127,88,4,114"/><T8/><D118/><U66/><E111/><V120/><F115/><W31/><G114/><T75/><D75/><U56/><E112/><V121/><F126/><W57/><G127/><T47/><D110/><U37/><E124/><V122/><F119/><W89/><G135/><T128/><D128/><U54/><E37/><V19/><F3/><W109/><G103/><T18/><D85/><U81/><E66/><V62/><F84/><W55/><G77/><T123/><D123/><U113/><E20/><V36/><F36/><W100/><G100/><T107/><D96/><U72/><E113/><V39/><F39/><W61/><G31/><T70/><D70/><U74/><E72/><V98/><F121/><W90/><G109/><T133/><D133/><U83/><E74/><V93/><F93/><W6/><G55/><T50/><D28/><U33/><E33/><V27/><F27/><W86/><G86/><T65/><D65/><U42/><E42/><V117/><F64/><W32/><G32/><T108/><D108/><U29/><E29/><V15/><F117/><W67/><G0/><T24/><REACH who="0" step="1"/><D1/><REACH who="0" ten="385,210,185,210" step="2"/><U26/><E80/><V132/><F132/><W129/><G129/><T131/><D131/><U25/><E81/><V43/><F120/><W10/><G69/><T99/><D99/><N who="1" m="57759" /><E83/><V87/><F122/><W7/><G68/><T116/><D116/><U101/><E101/><V46/><F87/><W125/><G125/><T130/><D130/><U40/><E54/><AGARI ba="2,1" hai="8,13,16,18,23,24,34,35,47,50,54,104,105,107" machi="54" ten="40,12000,1" yaku="1,1,52,1,54,1,53,1" doraHai="5" doraHaiUra="44" who="0" fromWho="1" sc="385,136,210,-126,185,0,210,0" /><INIT seed="0,3,0,0,5,101" ten="521,84,185,210" oya="0" hai0="13,6,32,3,120,113,1,39,47,72,31,25,110" hai1="9,98,85,135,102,58,82,104,21,53,42,52,80" hai2="69,0,4,111,71,119,55,23,65,68,94,27,116" hai3="56,50,12,74,73,100,118,123,129,51,16,134,103"/><T8/><D72/><U117/><E135/><V121/><F111/><W10/><G118/><N who="2" m="45097" /><F121/><W2/><G123/><T126/><D120/><U115/><E117/><V88/><F55/><W66/><G2/><N who="0" m="523" /><D47/><U109/><E115/><V92/><F92/><W77/><G134/><T37/><D37/><U28/><E109/><V79/><F79/><W48/><G129/><T70/><D70/><U43/><E9/><N who="2" m="2183" /><F65/><W26/><G74/><T38/><D38/><U112/><E112/><V54/><F54/><W11/><G73/><T76/><D76/><U7/><E7/><V35/><F35/><W14/><G77/><T34/><D39/><U46/><E46/><V127/><F127/><W57/><G26/><N who="0" m="18551" /><D110/><U83/><E53/><V87/><F71/><W130/><G130/><T114/><D126/><U89/><E42/><V61/><F61/><W107/><G107/><T33/><D33/><U64/><E43/><V49/><F49/><W125/><G125/><T19/><D6/><U97/><E64/><V44/><F44/><W5/><G66/><T60/><D60/><U67/><E67/><V106/><F106/><W41/><G41/><T17/><D34/><U20/><E104/><V95/><F94/><W62/><G62/><T124/><D124/><U86/><E102/><AGARI ba="3,0" hai="5,10,11,12,14,16,48,50,51,56,57,100,102,103" machi="102" ten="40,2600,0" yaku="8,1,54,1" doraHai="101" who="3" fromWho="1" sc="521,0,84,-35,185,0,210,35" /><INIT seed="1,0,0,0,1,52" ten="521,49,185,245" oya="1" hai0="35,110,48,81,76,70,54,120,96,123,59,51,9" hai1="18,131,11,3,38,39,74,12,89,1,102,0,72" hai2="46,130,36,49,10,57,122,78,61,109,125,104,17" hai3="47,42,124,91,75,112,56,45,85,111,44,16,101"/><U106/><E131/><V60/><F109/><W95/><G111/><T65/><D110/><U92/><E102/><V8/><F122/><N who="0" m="46634" /><D35/><U84/><REACH who="1" step="1"/><E106/><REACH who="1" ten="521,39,185,245" step="2"/><V20/><F104/><W19/><G101/><T94/><D70/><U119/><E119/><V117/><F117/><W41/><G112/><T71/><D71/><U40/><E40/><V87/><F130/><W66/><G42/><T79/><D79/><U31/><E31/><V83/><F125/><W29/><G41/><T98/><D76/><U32/><E32/><V68/><F68/><W99/><G29/><T23/><D98/><U62/><E62/><N who="2" m="24171" /><F36/><AGARI ba="0,1" hai="0,1,3,11,12,18,36,38,39,72,74,84,89,92" machi="36" ten="50,2400,0" yaku="1,1,53,0" doraHai="52" doraHaiUra="93" who="1" fromWho="2" sc="521,0,39,34,185,-24,245,0" /><INIT seed="1,1,0,2,0,13" ten="521,73,161,245" oya="1" hai0="86,36,78,129,82,37,15,0,119,102,92,83,125" hai1="67,47,54,6,48,3,9,127,65,71,61,87,130" hai2="97,105,27,17,90,91,21,124,59,98,57,51,116" hai3="93,32,110,118,126,42,80,84,24,53,39,96,45"/><U50/><E130/><V89/><F116/><W19/><G118/><T63/><D119/><U28/><E127/><V1/><F124/><W58/><G126/><T72/><D125/><U70/><E28/><V34/><F1/><W79/><G110/><T11/><D0/><U75/><E50/><V7/><F7/><W4/><G4/><T46/><D129/><U20/><E87/><V2/><F2/><W135/><G135/><T100/><D63/><U64/><E64/><V60/><F34/><W85/><G32/><T12/><D12/><U35/><E35/><V25/><F105/><W10/><G85/><T128/><D92/><U115/><E115/><V31/><F27/><W81/><G81/><T18/><D128/><U120/><E120/><V77/><F77/><W55/><G58/><T29/><D29/><U38/><E20/><V68/><F31/><W101/><G24/><T109/><D109/><U62/><REACH who="1" step="1"/><E38/><REACH who="1" ten="521,63,161,245" step="2"/><V5/><F68/><W14/><AGARI ba="1,1" hai="10,14,19,39,42,45,53,55,79,80,84,93,96,101" machi="14" ten="30,2000,0" yaku="0,1,52,1" doraHai="13" who="3" fromWho="3" sc="521,-6,63,-11,161,-6,245,33" /><INIT seed="2,0,0,4,1,100" ten="515,52,155,278" oya="2" hai0="130,90,18,124,65,133,106,70,49,28,103,94,105" hai1="69,112,7,41,71,57,0,22,67,73,14,122,116" hai2="108,111,12,86,61,91,83,128,102,3,20,75,30" hai3="44,115,27,74,40,76,56,39,29,43,98,55,78"/><V101/><F3/><W38/><G115/><T97/><D124/><U134/><E112/><V126/><F126/><W16/><G74/><T66/><D133/><U4/><E116/><V31/><F128/><W99/><G29/><N who="2" m="10761" /><F75/><W84/><G84/><T113/><D113/><U77/><E134/><V87/><F61/><W1/><G1/><T114/><D114/><U131/><E131/><V62/><F62/><W11/><G56/><T54/><D130/><U36/><E122/><V121/><F121/><W25/><G55/><T92/><D18/><U37/><E57/><V48/><F48/><W127/><G127/><T82/><D82/><U68/><E67/><V21/><F87/><W8/><G16/><T10/><D10/><U85/><E85/><V24/><F12/><W46/><AGARI ba="0,0" hai="8,11,25,27,38,39,40,43,44,46,76,78,98,99" machi="46" ten="25,3200,0" yaku="0,1,22,2" doraHai="100" who="3" fromWho="3" sc="515,-8,52,-8,155,-16,278,32" /><INIT seed="3,0,0,3,0,15" ten="507,44,139,310" oya="3" hai0="119,131,24,51,36,13,56,12,79,20,109,99,28" hai1="54,88,76,134,5,103,100,112,23,33,44,113,130" hai2="0,128,129,29,118,52,126,55,35,104,43,8,106" hai3="4,39,25,40,95,41,26,85,48,93,11,59,66"/><W94/><G39/><T72/><D119/><U135/><E33/><V63/><F118/><W120/><G120/><T105/><D36/><U102/><E130/><N who="2" m="50283" /><F126/><W133/><G133/><T127/><D131/><U89/><E5/><N who="2" m="1063" /><F43/><W87/><G4/><T27/><D127/><U62/><E62/><V114/><F114/><N who="1" m="44137" /><E54/><N who="2" m="20523" /><F63/><N who="3" m="38271" /><G11/><T122/><D99/><U61/><E61/><V78/><F78/><W123/><G123/><T116/><D105/><U73/><E44/><V110/><F110/><W47/><G41/><T16/><D72/><U7/><E7/><V17/><F17/><W108/><G108/><T74/><D109/><U67/><E67/><V125/><F125/><W9/><G9/><T91/><D91/><N who="1" m="34891" /><E23/><V57/><F57/><W82/><G82/><T21/><D122/><U37/><E37/><V70/><F70/><W22/><G26/><AGARI ba="0,0" hai="26,29,35,104,106" m="20523,1063,50283" machi="26" ten="30,2000,0" yaku="19,1,54,1" doraHai="15" who="2" fromWho="3" sc="507,0,44,0,139,20,310,-20" owari="507,60.7,44,-45.6,159,-24.1,290,9.0" /></mjloggm>