<mjloggm ver="2.3"><GO type="225" lobby="0"/><UN n0="%E3%81%BE%E3%81%95%EF%BC%A7" n1="%79%69%6E%6E%65%72%30%36" n2="%E5%A4%96%E5%B7%9D%E7%AB%9C%E6%88%90" n3="%E6%B4%BE%E9%81%A3%E3%81%AE%E3%82%B8%E3%83%A3%E3%83%83%E3%82%AF" dan="16,17,16,16" rate="2124.68,2155.38,2199.41,2152.11" sx="M,F,M,M"/><TAIKYOKU oya="0"/><INIT seed="0,0,0,2,5,119" ten="250,250,250,250" oya="0" hai0="34,45,20,129,32,39,94,38,135,103,126,56,25" hai1="85,27,66,42,73,60,9,69,29,87,134,76,111" hai2="124,8,89,64,10,6,81,96,21,74,113,40,121" hai3="86,68,51,95,128,47,133,14,91,83,97,0,78"/><T77/><D126/><U24/><E111/><V108/><F113/><W101/><G133/><T41/><D135/><U82/><E134/><V3/><F108/><W12/><G128/><T31/><D129/><U80/><E42/><V62/><F124/><W123/><G0/><T46/><D77/><U33/><E9/><V98/><F21/><W70/><G70/><T93/><D93/><U17/><E17/><V55/><F55/><W1/><G1/><T36/><D56/><U100/><E27/><V15/><F40/><W37/><G68/><T44/><REACH who="0" step="1"/><D41/><REACH who="0" ten="240,250,250,250" step="2"/><U105/><REACH who="1" step="1"/><E80/><REACH who="1" ten="240,240,250,250" step="2"/><V61/><F81/><W4/><G83/><T92/><D92/><U49/><E49/><V125/><F125/><W107/><G51/><T23/><D23/><U132/><E132/><V54/><F10/><W131/><G95/><T88/><D88/><U22/><E22/><V26/><F89/><W5/><G91/><T67/><D67/><U90/><E90/><V72/><F64/><W28/><G131/><T52/><D52/><U130/><E130/><V30/><F54/><W35/><G35/><T102/><D102/><U122/><E122/><V43/><F121/><W53/><G123/><T50/><D50/><U109/><E109/><V18/><F43/><N who="3" m="23023" /><G53/><T114/><D114/><U79/><E79/><V84/><F8/><W13/><G78/><T118/><D118/><U65/><E65/><V2/><F74/><W99/><G101/><T115/><D115/><U106/><E106/><V59/><F72/><W16/><G107/><T11/><D11/><U127/><E127/><V117/><F117/><RYUUKYOKU ba="0,2" sc="240,15,240,15,250,-15,250,-15" hai0="20,25,31,32,34,36,38,39,44,45,46,94,103" hai1="24,29,33,60,66,69,73,76,82,85,87,100,105" /><INIT seed="0,1,2,2,5,125" ten="255,255,235,235" oya="0" hai0="49,104,93,45,77,25,54,85,41,57,131,11,81" hai1="63,40,102,32,96,65,111,3,7,68,17,42,8" hai2="71,133,69,21,28,58,110,24,46,10,121,126,100" hai3="117,129,73,116,98,88,50,2,124,135,37,30,13"/><T64/><D104/><U31/><E111/><V115/><F115/><W108/><G2/><T20/><D131/><U105/><REACH who="1" step="1"/><E17/><REACH who="1" ten="255,245,235,235" step="2"/><V6/><F110/><W103/><G108/><T66/><D11/><U56/><E56/><V80/><F58/><W120/><G124/><T5/><D5/><U76/><E76/><V118/><F126/><W27/><G120/><T26/><D93/><U18/><E18/><V90/><F10/><W74/><G27/><AGARI ba="1,3" hai="3,7,8,27,31,32,40,42,63,65,68,96,102,105" machi="27" ten="40,8000,1" yaku="1,1,25,2,53,1" doraHai="125" doraHaiUra="22" who="1" fromWho="3" sc="255,0,245,113,235,0,235,-83" /><INIT seed="1,0,0,0,3,87" ten="255,358,235,152" oya="1" hai0="115,127,94,14,19,31,116,99,29,91,123,79,117" hai1="21,74,66,111,64,22,6,93,101,81,89,35,67" hai2="37,57,73,69,82,75,131,95,122,39,118,85,50" hai3="23,42,65,10,72,3,102,17,16,129,24,25,125"/><U13/><E35/><V119/><F69/><W100/><G72/><T40/><D115/><U62/><E111/><V126/><F57/><W128/><G42/><T108/><D108/><U70/><E101/><V11/><F11/><W106/><G65/><T28/><D127/><U44/><E44/><V112/><F50/><W130/><G106/><T5/><D123/><U98/><E22/><V20/><F20/><N who="3" m="13327" /><G100/><T18/><D79/><U84/><E74/><V90/><F37/><W53/><G53/><T52/><D40/><U58/><E70/><V68/><F39/><W88/><G102/><T32/><D32/><U0/><E0/><V27/><F27/><W80/><G125/><T121/><D121/><U120/><E120/><V49/><F49/><W107/><G107/><T113/><D52/><U26/><E13/><V2/><F2/><W76/><G76/><T41/><D41/><U86/><E6/><V92/><F68/><W34/><G34/><T51/><D51/><U60/><E60/><V133/><F126/><W135/><G135/><T114/><D19/><N who="1" m="12607" /><E98/><V15/><F133/><W59/><G59/><T45/><D5/><U38/><E38/><V97/><F122/><W46/><G46/><T56/><D56/><U71/><E71/><V61/><F61/><W33/><G33/><T134/><D45/><U124/><E124/><V103/><F103/><W1/><G10/><N who="0" m="6487" /><D134/><U9/><E9/><V96/><F73/><W43/><G43/><T36/><D36/><U55/><E67/><V78/><F75/><W7/><G7/><T109/><D109/><U47/><E47/><RYUUKYOKU ba="0,0" sc="255,10,358,10,235,-30,152,10" hai0="28,29,31,91,94,99,113,114,116,117" hai1="55,58,62,64,66,81,84,86,89,93" hai3="1,3,16,23,25,80,88,128,129,130" /><INIT seed="1,1,0,4,1,94" ten="265,368,205,162" oya="1" hai0="106,83,9,93,62,4,14,79,48,15,72,61,128" hai1="90,107,116,69,113,8,77,1,63,127,92,67,43" hai2="95,56,102,55,47,65,131,115,59,135,54,44,85" hai3="11,105,32,27,30,58,134,96,133,87,29,108,52"/><U35/><E116/><V97/><F131/><W41/><G108/><T114/><D114/><U125/><E107/><V66/><F135/><N who="3" m="51723" /><G41/><T119/><D119/><U70/><E113/><V81/><F115/><W17/><G87/><T22/><D128/><U99/><E35/><V49/><F66/><W19/><G30/><T75/><D106/><U34/><E34/><V73/><F65/><W88/><G11/><T74/><D48/><U110/><E110/><V12/><F12/><W26/><G26/><T25/><D15/><U104/><E104/><V76/><REACH who="2" step="1"/><F73/><REACH who="2" ten="265,368,195,162" step="2"/><W50/><G105/><T130/><D130/><U78/><E69/><V42/><F42/><W91/><G91/><T64/><D64/><U31/><E43/><V40/><F40/><W18/><G88/><T129/><D129/><U0/><E67/><V28/><F28/><W57/><G57/><T126/><D72/><U112/><E31/><V100/><F100/><W5/><G5/><T132/><D74/><U120/><E112/><V82/><F82/><W122/><G122/><T68/><D132/><U123/><E70/><V39/><F39/><W13/><G13/><T51/><D68/><U71/><E71/><V24/><F24/><W60/><G50/><AGARI ba="1,1" hai="44,47,49,50,54,55,56,59,76,81,85,95,97,102" machi="50" ten="30,8000,1" yaku="1,1,7,1,9,1,8,1,52,1,53,0" doraHai="94" doraHaiUra="124" who="2" fromWho="3" sc="265,0,368,0,195,93,162,-83" /><INIT seed="2,0,0,0,5,4" ten="265,368,288,79" oya="2" hai0="28,87,70,13,25,126,59,100,85,107,19,52,112" hai1="82,45,43,68,6,79,121,10,97,132,105,40,7" hai2="95,119,30,135,36,29,24,89,51,101,114,91,115" hai3="26,94,90,118,72,67,62,73,122,12,108,60,127"/><V5/><F119/><W42/><G118/><T74/><D112/><U18/><E68/><V81/><F36/><W2/><G2/><T63/><D126/><U57/><E132/><V113/><F135/><W35/><G127/><T37/><D37/><U76/><E121/><V44/><F5/><W117/><G117/><T133/><D133/><U131/><E131/><V103/><F81/><W55/><G122/><T14/><D74/><U11/><E57/><V88/><F95/><W83/><G108/><T49/><D85/><U93/><E105/><V39/><F39/><W84/><G42/><N who="1" m="15914" /><E45/><V54/><REACH who="2" step="1"/><F24/><REACH who="2" ten="265,368,278,79" step="2"/><W33/><G26/><T123/><D123/><U15/><E6/><V80/><F80/><W77/><G72/><T65/><D87/><U32/><E82/><V110/><F110/><W111/><G111/><T128/><D128/><U106/><E106/><V96/><F96/><W92/><G92/><T48/><D107/><U130/><E130/><V66/><F66/><W41/><G41/><T47/><D100/><AGARI ba="0,1" hai="29,30,44,51,54,88,89,91,100,101,103,113,114,115" machi="100" ten="50,4800,0" yaku="1,1,54,1,53,0" doraHai="4" doraHaiUra="129" who="2" fromWho="0" sc="265,-48,368,0,278,58,79,0" /><INIT seed="2,1,0,4,0,83" ten="217,368,336,79" oya="2" hai0="26,69,99,46,51,86,131,129,18,113,1,28,109" hai1="72,17,100,10,75,73,12,71,123,47,32,122,106" hai2="78,101,40,81,25,133,38,84,50,59,30,4,103" hai3="65,15,53,2,89,14,127,134,82,60,23,37,61"/><V63/><F133/><W105/><G105/><T21/><D109/><U7/><E71/><V66/><F38/><W54/><G2/><T96/><D113/><U64/><E32/><V62/><F4/><W111/><G37/><T95/><D69/><U125/><E64/><V135/><F135/><W108/><G134/><T49/><D1/><U34/><E34/><V80/><F62/><N who="3" m="24171" /><G65/><T120/><D120/><N who="1" m="46123" /><E125/><V29/><F81/><W97/><G97/><T104/><D28/><N who="2" m="10858" /><F25/><W94/><G82/><T76/><D76/><U74/><E47/><AGARI ba="1,0" hai="40,47,50,59,63,66,78,80,84,101,103" m="10858" machi="47" ten="30,2900,0" yaku="8,1,52,1" doraHai="83" who="2" fromWho="1" sc="217,0,368,-32,336,32,79,0" /><INIT seed="2,2,0,0,5,24" ten="217,336,368,79" oya="2" hai0="64,89,93,113,65,43,31,50,98,36,26,83,23" hai1="133,70,127,42,91,41,20,3,58,62,40,134,102" hai2="76,106,16,29,115,56,21,99,68,104,103,11,114" hai3="108,45,110,27,51,28,77,119,17,72,61,97,135"/><V129/><F68/><W85/><G119/><T6/><D113/><U126/><E3/><V75/><F106/><W9/><G72/><T18/><D36/><U4/><E4/><V52/><F129/><W111/><G135/><N who="1" m="51722" /><E102/><V118/><F118/><W128/><G128/><T121/><D121/><U22/><E91/><V92/><F11/><W130/><G130/><T78/><D6/><U39/><E70/><V124/><F124/><N who="1" m="47657" /><E39/><V33/><F104/><W1/><G97/><T38/><D38/><U71/><E71/><V100/><F100/><W105/><G105/><T79/><D18/><U46/><E46/><V10/><F10/><W7/><G61/><T60/><D60/><U25/><E25/><V87/><F115/><W107/><G107/><T73/><REACH who="0" step="1"/><D78/><REACH who="0" ten="207,336,368,79" step="2"/><U90/><E90/><V48/><F114/><W59/><G17/><T37/><D37/><U67/><AGARI ba="2,1" hai="20,22,40,41,42,58,62,67" m="47657,51722" machi="67" ten="40,2700,0" yaku="20,1,18,1" doraHai="24" who="1" fromWho="1" sc="207,-9,336,43,368,-15,79,-9" /><INIT seed="3,0,0,1,0,20" ten="198,379,353,70" oya="3" hai0="14,107,12,34,76,60,95,73,6,108,126,75,50" hai1="133,40,42,3,72,134,86,127,10,128,32,31,91" hai2="122,124,45,58,67,48,69,22,135,74,4,0,115" hai3="131,43,21,132,24,1,35,57,118,53,49,38,84"/><W2/><G118/><T106/><D108/><U63/><E128/><V56/><F115/><W65/><G35/><T130/><D34/><U105/><E72/><V103/><F103/><W129/><G132/><N who="1" m="50794" /><E105/><V114/><F74/><W104/><G104/><T55/><D12/><U68/><E127/><V112/><F4/><W15/><G15/><T83/><D50/><U41/><E31/><V113/><F22/><W77/><G65/><T71/><D55/><U36/><E32/><V81/><F81/><N who="3" m="47151" /><G38/><T16/><D95/><N who="1" m="54775" /><E10/><V51/><F0/><W78/><G78/><T8/><D16/><U98/><E98/><V54/><F124/><W117/><G43/><T70/><D14/><U18/><E18/><V33/><F33/><W5/><G117/><T9/><D6/><U62/><E3/><V26/><F135/><W61/><G5/><T116/><D71/><U17/><E17/><V87/><F87/><W120/><G120/><T97/><D76/><U110/><E110/><V7/><F122/><W29/><G49/><T30/><D83/><U93/><E68/><V37/><F7/><W19/><G19/><T39/><D39/><U89/><E36/><V44/><F37/><W25/><G25/><T46/><D70/><U27/><E27/><V123/><F26/><W52/><G53/><T88/><D73/><U11/><E11/><V47/><F123/><W85/><G85/><T23/><D75/><U111/><E111/><V100/><F69/><W96/><G96/><T109/><D126/><U59/><E59/><N who="2" m="22571" /><F67/><W64/><G64/><T13/><D13/><U125/><E125/><RYUUKYOKU ba="0,0" sc="198,-15,379,15,353,-15,70,15" hai1="40,41,42,62,63,89,93" hai3="1,2,21,24,29,52,57,61,129,131" /><INIT seed="3,1,0,2,0,129" ten="183,394,338,85" oya="3" hai0="111,100,126,98,103,18,31,32,127,3,90,59,115" hai1="64,71,11,114,61,63,38,1,7,46,26,93,68" hai2="96,110,124,119,16,25,9,78,24,95,42,94,14" hai3="75,12,15,67,87,85,112,0,8,54,118,66,23"/><W83/><G118/><T108/><D3/><U10/><E114/><V44/><F119/><W22/><G112/><T99/><D115/><U92/><E26/><V101/><F110/><N who="0" m="42026" /><D18/><U106/><E106/><V43/><F124/><N who="0" m="47658" /><D59/><U132/><E132/><V73/><F73/><W128/><G128/><T74/><D74/><U107/><E107/><V86/><F43/><W97/><G75/><T102/><D90/><U4/><E38/><V39/><REACH who="2" step="1"/><F94/><REACH who="2" ten="183,394,328,85" step="2"/><W27/><G0/><T58/><D58/><U36/><E93/><V134/><F134/><W80/><G97/><N who="0" m="36875" /><D31/><U17/><E92/><V116/><F116/><W60/><G60/><T13/><D13/><U81/><E63/><V37/><F37/><W47/><G27/><T49/><D49/><U55/><E61/><V89/><F89/><W5/><G5/><T88/><D88/><U34/><E4/><V117/><F117/><W113/><G113/><T123/><D32/><U70/><E34/><V109/><F109/><W28/><G28/><T120/><AGARI ba="1,1" hai="100,102,103,120,123" m="36875,47658,42026" machi="120" ten="40,12000,2" yaku="28,2,14,1,18,1,34,2" doraHai="129" who="0" fromWho="0" sc="183,133,394,-31,328,-31,85,-61" owari="316,11.6,363,46.3,297,-10.3,24,-47.6" /></mjloggm>