<mjloggm ver="2.3"><GO type="225" lobby="0"/><UN n0="%E5%80%89%E6%A9%8B%EF%BC%A0%E4%BA%8B%E5%8B%99" n1="%73%6C%69%63%6B%33%31%39" n2="%74%61%6B%75%61%6B%61" n3="%E6%A1%9C%E8%8A%B1%E9%96%83%E3%80%85" dan="16,17,17,16" rate="2140.27,2193.75,2184.67,2161.89" sx="M,M,M,M"/><TAIKYOKU oya="0"/><INIT seed="0,0,0,4,5,117" ten="250,250,250,250" oya="0" hai0="6,39,7,36,74,123,94,69,24,79,10,112,84" hai1="21,127,28,98,26,97,25,131,8,17,37,83,89" hai2="67,52,61,42,85,32,0,40,88,46,20,114,65" hai3="113,118,56,110,73,92,104,2,124,54,76,100,119"/><T30/><D112/><U86/><E37/><V41/><F32/><W81/><G113/><T80/><D69/><U57/><E131/><V45/><F0/><W55/><G2/><T132/><D132/><U107/><E127/><V102/><F102/><W129/><G129/><T135/><D135/><U106/><E107/><V34/><F34/><W11/><G124/><T13/><D6/><U33/><E106/><V82/><F114/><W58/><G104/><T5/><D7/><U38/><E38/><V16/><F45/><W44/><G11/><T59/><D59/><U62/><REACH who="1" step="1"/><E8/><REACH who="1" ten="250,240,250,250" step="2"/><V4/><F4/><W51/><G119/><T22/><D39/><U15/><E15/><N who="2" m="9247" /><F61/><W91/><G118/><T18/><D36/><U105/><E105/><V101/><F101/><W103/><G103/><T111/><D111/><U66/><AGARI ba="0,1" hai="17,21,25,26,28,33,57,62,66,83,86,89,97,98" machi="66" ten="20,2700,0" yaku="1,1,0,1,7,1,53,0" doraHai="117" doraHaiUra="9" who="1" fromWho="1" sc="250,-13,240,37,250,-7,250,-7" /><INIT seed="1,0,0,4,5,28" ten="237,277,243,243" oya="1" hai0="15,95,74,122,130,91,2,87,47,27,88,59,85" hai1="19,56,4,6,57,26,89,108,51,84,44,90,18" hai2="70,79,17,94,62,110,76,53,36,105,5,131,123" hai3="21,128,1,98,50,37,39,46,13,100,61,45,120"/><U80/><E108/><V72/><F105/><W121/><G1/><T96/><D2/><U34/><E34/><V73/><F123/><W9/><G21/><T112/><D74/><U106/><E106/><V8/><F36/><W83/><G128/><T113/><D130/><U86/><E26/><V99/><F110/><W60/><G39/><T64/><D122/><U103/><E103/><V69/><F17/><W114/><G114/><T117/><D117/><U102/><E102/><V127/><F127/><W81/><G46/><T75/><D75/><U115/><E115/><V48/><F131/><W129/><G37/><T93/><D47/><U43/><E4/><V52/><F72/><W101/><G101/><T78/><D27/><U107/><E6/><V71/><F62/><N who="3" m="24171" /><G129/><T16/><D78/><U109/><E107/><V134/><F134/><W42/><G121/><T66/><D96/><U58/><REACH who="1" step="1"/><E109/><REACH who="1" ten="237,267,243,243" step="2"/><V67/><F73/><W24/><G24/><T116/><D116/><U35/><E35/><V23/><F5/><N who="3" m="3247" /><G120/><T111/><D111/><U82/><AGARI ba="0,1" hai="18,19,43,44,51,56,57,58,80,82,84,86,89,90" machi="82" ten="30,11700,0" yaku="1,1,0,1,9,1,8,1,53,0" doraHai="28" doraHaiUra="63" who="1" fromWho="1" sc="237,-39,267,127,243,-39,243,-39" /><INIT seed="1,1,0,4,1,118" ten="198,394,204,204" oya="1" hai0="88,107,33,30,100,61,94,8,73,76,112,96,59" hai1="18,63,12,126,109,41,130,93,53,77,114,35,110" hai2="39,19,123,49,115,84,82,128,16,103,131,86,10" hai3="50,34,64,20,97,28,40,7,26,44,71,0,31"/><U3/><E114/><V113/><F39/><W1/><G71/><T38/><D112/><N who="2" m="43082" /><F103/><W87/><G64/><T74/><D38/><U29/><E3/><V90/><F123/><W24/><G7/><T72/><D8/><U69/><E41/><V45/><F86/><W122/><G122/><T89/><D30/><U37/><E37/><V17/><F10/><W14/><G14/><T51/><D33/><U58/><E69/><V79/><F79/><W57/><G57/><T132/><D51/><U5/><E5/><V101/><F101/><W15/><G15/><T36/><D36/><U66/><E77/><V68/><F68/><W13/><G13/><T133/><D59/><U62/><E93/><V54/><AGARI ba="1,0" hai="16,17,19,45,49,54,82,84,90,128,131" m="43082" machi="54" ten="40,2700,0" yaku="11,1,54,1" doraHai="118" who="2" fromWho="2" sc="198,-8,394,-14,204,30,204,-8" /><INIT seed="2,0,0,1,1,111" ten="190,380,234,196" oya="2" hai0="54,129,100,68,63,16,8,94,40,113,44,41,103" hai1="85,93,57,106,121,134,109,128,86,50,53,51,23" hai2="9,117,97,14,133,83,0,108,116,99,48,104,66" hai3="123,64,88,18,90,112,37,114,6,132,29,72,60"/><V135/><F0/><W105/><G123/><T47/><D113/><N who="3" m="43625" /><G132/><N who="2" m="50761" /><F66/><W65/><G37/><T75/><D75/><U25/><E106/><V73/><F48/><W118/><G118/><N who="2" m="45673" /><F104/><W28/><G72/><T124/><D124/><U59/><E51/><V21/><F21/><W24/><G6/><T15/><D129/><U96/><E50/><V69/><F69/><N who="3" m="42119" /><G105/><T32/><D32/><U10/><E23/><V12/><F108/><W56/><G18/><T34/><D34/><U35/><E35/><V77/><F14/><W84/><G24/><T80/><D68/><U92/><E25/><V45/><F45/><W52/><G65/><T131/><D47/><U49/><E128/><V55/><F55/><W3/><G3/><T13/><D131/><U120/><E53/><V26/><F26/><W36/><G36/><T38/><D40/><U39/><E39/><V74/><F74/><W130/><G130/><T95/><D15/><U42/><E42/><V76/><F76/><W79/><G52/><T58/><REACH who="0" step="1"/><D80/><REACH who="0" ten="180,380,234,196" step="2"/><U2/><E134/><V102/><F83/><N who="3" m="47231" /><G56/><T122/><D122/><U107/><E57/><V22/><F73/><W61/><G61/><T119/><D119/><U30/><E59/><V70/><F70/><W115/><N who="3" m="43633" /><W81/><DORA hai="87" /><G81/><T20/><D20/><U4/><E121/><V46/><F22/><W89/><AGARI ba="0,1" hai="28,29,88,89,90" m="47231,42119,43633" machi="89" ten="50,16000,3" yaku="11,1,52,7,54,1" doraHai="111,87" who="3" fromWho="3" sc="180,-40,380,-40,234,-80,196,170" /><INIT seed="3,0,0,4,5,11" ten="140,340,154,366" oya="3" hai0="22,105,125,63,62,0,112,61,135,87,124,24,17" hai1="64,93,33,57,78,94,15,60,134,109,77,25,58" hai2="113,89,16,91,81,76,106,47,45,34,86,6,71" hai3="69,132,10,114,97,8,121,20,41,83,117,120,50"/><W92/><G117/><T26/><D105/><U1/><E1/><V28/><F106/><W126/><G114/><T42/><D112/><U116/><E116/><V88/><F71/><W21/><G69/><T53/><D0/><U98/><E109/><V12/><F113/><W75/><G8/><T110/><D110/><U131/><E131/><V3/><F3/><W115/><G115/><T80/><D135/><U66/><E134/><V56/><F6/><W31/><G10/><T29/><D42/><U14/><E25/><V74/><F74/><W9/><G9/><T73/><D73/><U108/><E33/><V129/><F129/><W44/><G132/><T30/><D53/><U122/><E108/><V119/><F119/><W102/><G126/><N who="0" m="48747" /><D26/><U4/><E122/><V68/><F68/><W43/><G43/><T123/><D123/><U2/><E2/><V13/><F34/><W99/><G31/><T49/><D49/><U70/><E70/><V23/><F28/><W130/><G130/><T104/><D104/><U59/><E4/><V27/><F56/><N who="1" m="21609" /><E64/><V40/><REACH who="2" step="1"/><F47/><REACH who="2" ten="140,340,144,366" step="2"/><W39/><G120/><T46/><D46/><U85/><E94/><V90/><N who="2" m="22528" /><DORA hai="52" /><V72/><F72/><W51/><G121/><T36/><D36/><AGARI ba="0,1" hai="12,13,16,23,27,36,40,45,76,81,86" m="22528" machi="36" ten="50,12000,2" yaku="1,1,52,2,54,2,53,1" doraHai="11,52" doraHaiUra="128,79" who="2" fromWho="0" sc="140,-120,340,0,144,130,366,0" owari="20,-48.0,340,14.0,274,-12.6,366,46.6" /></mjloggm>