<mjloggm ver="2.3"><GO type="225" lobby="0"/><UN n0="%63%62%69%73%6B%65%74" n1="%E5%B8%86%E7%AB%8B%E5%A4%8F%E8%A1%A3" n2="%77%72%77%72%77%72%77%72" n3="%E3%81%AA%E3%81%A1%30%39%32%37" dan="16,16,16,16" rate="2074.61,2123.96,2073.85,2076.17" sx="M,M,M,M"/><TAIKYOKU oya="0"/><INIT seed="0,0,0,0,2,77" ten="250,250,250,250" oya="0" hai0="88,93,55,37,1,18,113,7,91,65,54,78,10" hai1="24,87,80,97,32,16,29,74,17,95,75,59,66" hai2="48,28,121,14,120,39,25,94,112,21,103,132,106" hai3="104,135,13,125,63,68,47,101,64,118,79,86,0"/><T99/><D113/><U57/><E75/><V128/><F39/><W115/><G115/><T52/><D37/><U38/><E74/><V56/><F112/><W22/><G118/><T35/><D35/><U130/><E38/><V71/><F71/><W26/><G0/><T114/><D114/><U40/><E40/><V6/><F106/><W19/><G135/><T69/><D78/><N who="1" m="46487" /><E32/><V46/><F132/><W4/><G125/><T9/><D91/><N who="1" m="55551" /><E130/><V5/><F56/><N who="1" m="21577" /><E66/><V76/><F76/><W105/><G47/><T70/><REACH who="0" step="1"/><D65/><REACH who="0" ten="240,250,250,250" step="2"/><U124/><E124/><V122/><F128/><W60/><G64/><T44/><D44/><U49/><E49/><V3/><F48/><W67/><G67/><T98/><D98/><U31/><E24/><V23/><F25/><W83/><G63/><T73/><D73/><U82/><E82/><V89/><F46/><W126/><G60/><T62/><D62/><U110/><E110/><V12/><F89/><W123/><G126/><T50/><D50/><U133/><E133/><V61/><F61/><W81/><G81/><T43/><D43/><U107/><E107/><V53/><F122/><W51/><G51/><T102/><D102/><U42/><E42/><V119/><F103/><W58/><G123/><T72/><D72/><U15/><E15/><AGARI ba="0,1" hai="1,7,9,10,15,18,52,54,55,69,70,88,93,99" machi="15" ten="40,7700,0" yaku="1,1,54,2,53,0" doraHai="77" doraHaiUra="111" who="0" fromWho="1" sc="240,87,250,-77,250,0,250,0" /><INIT seed="0,1,0,5,4,56" ten="327,173,250,250" oya="0" hai0="40,59,38,23,77,2,42,101,133,66,89,54,34" hai1="15,73,98,87,91,36,21,70,103,68,43,125,51" hai2="12,1,27,7,99,6,116,48,134,86,81,108,119" hai3="35,16,93,124,112,25,110,65,20,115,26,75,17"/><T90/><D34/><U83/><E125/><V85/><F1/><W14/><G75/><T18/><D2/><U47/><E36/><V45/><F108/><W130/><G110/><T88/><D133/><U10/><E21/><V114/><F134/><W63/><G124/><T107/><D77/><U123/><E73/><V106/><F114/><W113/><G130/><T132/><D132/><U4/><REACH who="1" step="1"/><E123/><REACH who="1" ten="327,163,250,250" step="2"/><V121/><F121/><W19/><G35/><T118/><D38/><U131/><E131/><V95/><F119/><W44/><G20/><T102/><D118/><U80/><E80/><V0/><F81/><W32/><G32/><T62/><D107/><AGARI ba="1,1" hai="4,10,15,43,47,51,68,70,83,87,91,98,103,107" machi="107" ten="30,3900,0" yaku="1,1,7,1,53,1" doraHai="56" doraHaiUra="94" who="1" fromWho="0" sc="327,-42,163,52,250,0,250,0" /><INIT seed="1,0,0,2,4,8" ten="285,215,250,250" oya="1" hai0="68,19,58,89,78,42,122,90,101,50,131,79,71" hai1="34,84,70,121,27,38,59,32,5,39,132,22,123" hai2="3,0,91,61,2,1,33,74,14,129,41,30,55" hai3="107,130,113,109,117,82,17,16,48,81,47,87,112"/><U9/><E70/><V24/><F74/><W115/><G107/><T120/><D101/><U124/><E59/><V85/><F129/><W13/><G130/><T53/><D131/><U15/><E84/><V116/><F116/><W11/><G117/><T62/><D19/><U45/><E45/><V63/><F41/><W43/><G109/><T4/><D4/><U77/><E77/><N who="0" m="29193" /><D42/><U25/><E39/><V119/><F119/><W21/><REACH who="3" step="1"/><G87/><REACH who="3" ten="285,215,250,240" step="2"/><T128/><D128/><U31/><E132/><V135/><F135/><W80/><G80/><T49/><D122/><N who="1" m="46603" /><E38/><V36/><F36/><W97/><G97/><T88/><D120/><U23/><E124/><V106/><F106/><W133/><G133/><T126/><D126/><U83/><E83/><V73/><F85/><W72/><G72/><T12/><D71/><U76/><E76/><V114/><F73/><W28/><G28/><AGARI ba="0,1" hai="5,9,15,22,23,25,27,28,31,32,34" m="46603" machi="28" ten="30,5800,0" yaku="34,2,52,1" doraHai="8" who="1" fromWho="3" sc="285,0,215,68,250,0,240,-58" /><INIT seed="1,1,0,4,3,97" ten="285,283,250,182" oya="1" hai0="48,40,105,132,43,7,24,56,130,106,37,65,46" hai1="51,131,79,116,57,118,111,72,32,50,121,35,80" hai2="25,17,13,60,33,129,107,114,3,10,82,117,26" hai3="52,74,44,102,94,134,75,76,22,78,64,27,16"/><U8/><E121/><V133/><F117/><W59/><G134/><T53/><D132/><U61/><E131/><V41/><F133/><W58/><G75/><T66/><D7/><U108/><E50/><V21/><F129/><W62/><G74/><T85/><D130/><U11/><E51/><V119/><F119/><W128/><G44/><N who="0" m="23567" /><D85/><U6/><E118/><V5/><F107/><W47/><G47/><T1/><D24/><U89/><E89/><V34/><F41/><W120/><G120/><T2/><D1/><U36/><E36/><V100/><F100/><W93/><G128/><T68/><D2/><N who="1" m="87" /><E11/><N who="2" m="2495" /><F60/><N who="3" m="35911" /><G93/><T18/><D18/><U54/><E116/><V20/><F82/><W127/><G127/><T99/><D99/><AGARI ba="1,0" hai="16,22,27,59,62,64,76,78,94,99,102" m="35911" machi="99" ten="30,7700,0" yaku="8,1,52,1,54,2" doraHai="97" who="3" fromWho="0" sc="285,-80,283,0,250,0,182,80" /><INIT seed="2,0,0,4,3,68" ten="205,283,250,262" oya="2" hai0="19,83,71,5,46,123,129,76,26,23,89,18,114" hai1="96,77,66,101,105,21,6,30,58,25,56,124,73" hai2="44,85,37,111,63,0,32,45,116,113,20,100,128" hai3="103,7,106,9,93,78,135,48,40,127,61,102,112"/><V94/><F113/><W28/><G135/><T49/><D71/><U54/><E124/><V34/><F116/><W59/><G127/><T134/><D123/><U108/><E108/><V35/><F0/><W109/><G106/><T84/><D114/><U52/><E6/><V24/><F111/><W117/><G117/><T43/><D134/><U130/><E130/><V67/><F128/><W87/><G109/><T57/><D129/><U132/><E132/><V33/><F37/><W12/><G28/><T38/><D5/><U50/><E66/><V121/><F121/><W55/><G112/><T36/><D57/><U65/><E65/><V97/><N who="2" m="8192" /><DORA hai="91" /><V98/><F85/><W4/><G4/><T88/><REACH who="0" step="1"/><D18/><REACH who="0" ten="195,283,250,262" step="2"/><U95/><E58/><N who="2" m="37367" /><F97/><W86/><G59/><T110/><D110/><U80/><REACH who="1" step="1"/><E54/><REACH who="1" ten="195,273,250,262" step="2"/><V122/><F122/><W118/><G55/><T27/><D27/><U2/><E2/><V13/><F13/><W69/><G12/><T62/><D62/><U14/><E14/><V16/><F24/><W107/><G61/><T11/><D11/><U104/><AGARI ba="0,2" hai="21,25,30,50,52,56,73,77,80,95,96,101,104,105" machi="104" ten="30,8000,1" yaku="1,1,0,1,52,1,54,1,53,1" doraHai="68,91" doraHaiUra="1,51" who="1" fromWho="1" sc="195,-20,273,100,250,-40,262,-20" /><INIT seed="3,0,0,1,3,102" ten="175,373,210,242" oya="3" hai0="122,16,91,7,88,4,73,49,47,128,115,55,18" hai1="52,101,31,26,107,8,124,9,23,11,83,82,3" hai2="108,30,85,78,63,104,44,12,106,123,110,109,120" hai3="114,42,118,24,14,131,133,68,69,64,40,71,130"/><W29/><G114/><T121/><D115/><U21/><E3/><V59/><F30/><W35/><G118/><T51/><D73/><U19/><E124/><V99/><F44/><W117/><G117/><T13/><D128/><N who="3" m="49193" /><G133/><T48/><D122/><N who="2" m="46634" /><F12/><W25/><G64/><T129/><D121/><U134/><E83/><N who="2" m="47351" /><F99/><W77/><G77/><T89/><D129/><U112/><E101/><V103/><F103/><W37/><G37/><T56/><D18/><U116/><E23/><V67/><AGARI ba="0,0" hai="59,63,67,104,106,108,109,110" m="47351,46634" machi="67" ten="40,8000,1" yaku="14,1,13,1,52,2" doraHai="102" who="2" fromWho="2" sc="175,-20,373,-20,210,80,242,-40" owari="155,-34.5,353,45.3,290,9.0,202,-19.8" /></mjloggm>