<mjloggm ver="2.3"><GO type="225" lobby="0"/><UN n0="%E3%82%B2%E3%82%B9%E8%8C%82%E5%8B%9D" n1="%E3%81%B5%E3%81%98%E3%81%8B%E3%81%A4" n2="%72%65%6E%6B%75%6E" n3="%E7%B4%94%E6%BD%94%E3%83%94%E3%83%A9%E3%83%8B%E3%82%A2" dan="16,16,17,16" rate="2133.18,2115.53,2241.49,2164.29" sx="F,M,M,M"/><TAIKYOKU oya="0"/><INIT seed="0,0,0,3,1,28" ten="250,250,250,250" oya="0" hai0="77,79,54,13,42,96,74,26,35,12,15,6,0" hai1="108,103,124,131,80,123,24,44,89,39,17,90,118" hai2="76,134,81,117,47,50,71,101,135,56,68,21,40" hai3="107,32,63,10,109,66,99,53,43,33,55,83,22"/><T16/><D42/><U36/><E118/><V128/><F128/><W5/><G43/><T75/><D96/><U58/><E123/><V125/><F117/><W19/><G109/><T1/><D54/><U94/><E131/><V45/><F125/><W93/><G107/><T31/><D16/><U122/><E108/><V88/><F101/><W97/><G83/><T65/><D65/><U14/><E124/><V57/><F21/><W87/><G87/><T116/><D116/><U114/><E122/><V37/><F76/><W104/><G104/><T64/><D64/><U120/><E114/><V61/><F81/><W11/><G55/><T4/><D15/><U59/><E120/><V95/><F68/><W112/><G53/><T73/><D73/><U27/><E103/><V91/><F71/><W132/><G112/><T34/><REACH who="0" step="1"/><D31/><REACH who="0" ten="240,250,250,250" step="2"/><U78/><E14/><V98/><F61/><W82/><G99/><T2/><D2/><U9/><E17/><V119/><F119/><W70/><G19/><T130/><D130/><U67/><E67/><V133/><F37/><W30/><G97/><T18/><D18/><U86/><E36/><V49/><F45/><W3/><G30/><T115/><D115/><U23/><E39/><V126/><F126/><W69/><G66/><T48/><D48/><U41/><E44/><V85/><F50/><W121/><G121/><T100/><D100/><U92/><E41/><V25/><F25/><AGARI ba="0,1" hai="0,1,4,6,12,13,25,26,34,35,74,75,77,79" machi="25" ten="25,18000,2" yaku="1,1,22,2,52,2,53,2" doraHai="28" doraHaiUra="106" who="0" fromWho="2" sc="240,190,250,0,250,-180,250,0" /><INIT seed="0,1,0,1,1,56" ten="430,250,70,250" oya="0" hai0="64,124,129,2,90,85,100,41,104,95,134,26,40" hai1="125,25,16,0,37,48,58,120,6,46,21,119,83" hai2="106,114,72,103,27,47,115,15,74,94,89,88,24" hai3="111,51,57,97,32,127,102,19,91,49,33,69,135"/><T34/><D124/><U9/><E120/><V112/><F47/><W108/><G69/><T17/><D129/><U22/><E119/><V54/><F54/><W132/><G91/><T96/><D134/><N who="3" m="51241" /><G19/><T131/><D131/><U23/><E125/><V65/><F15/><W60/><G51/><T118/><D118/><U30/><E37/><V61/><F106/><N who="3" m="63823" /><G49/><T63/><D2/><U121/><E121/><V5/><F5/><W4/><G4/><T42/><D17/><U71/><E71/><V62/><F65/><N who="3" m="39055" /><G127/><T18/><D18/><U82/><E58/><V93/><REACH who="2" step="1"/><F114/><REACH who="2" ten="430,250,60,250" step="2"/><W79/><G79/><T44/><D44/><U1/><E1/><V43/><F43/><W92/><G92/><T11/><D11/><U99/><E46/><V59/><F59/><W76/><G76/><T28/><D40/><U84/><E9/><V31/><F31/><W20/><G20/><T38/><D38/><U81/><E30/><V14/><F14/><W105/><G105/><T109/><D109/><AGARI ba="1,1" hai="32,33,108,109,111" m="39055,63823,51241" machi="109" ten="30,3900,0" yaku="14,1,20,1,52,1" doraHai="56" who="3" fromWho="0" sc="430,-42,250,0,60,0,250,52" /><INIT seed="1,0,0,5,3,1" ten="388,250,60,302" oya="1" hai0="89,46,102,41,40,103,18,19,99,48,123,67,8" hai1="43,10,64,86,84,65,78,70,54,76,30,62,16" hai2="93,28,124,61,33,23,42,37,11,116,36,26,44" hai3="20,39,7,45,115,126,91,31,101,58,34,55,4"/><U15/><E30/><V66/><F124/><W134/><G126/><T118/><D123/><U87/><E43/><V2/><F116/><W75/><G34/><T52/><D118/><U47/><REACH who="1" step="1"/><E65/><REACH who="1" ten="388,240,60,302" step="2"/><V21/><F37/><W14/><G39/><T81/><D67/><U82/><E82/><V128/><F128/><W121/><G31/><T57/><D40/><U106/><E106/><V97/><F66/><W56/><G121/><T22/><D81/><U24/><E24/><V5/><REACH who="2" step="1"/><F61/><REACH who="2" ten="388,240,50,302" step="2"/><W80/><G115/><T69/><D41/><U60/><E60/><V96/><F96/><W13/><G134/><T114/><D99/><U17/><E17/><V100/><AGARI ba="0,2" hai="2,5,11,21,23,26,28,33,36,42,44,93,97,100" machi="100" ten="20,5200,0" yaku="1,1,0,1,7,1,52,1,53,0" doraHai="1" doraHaiUra="120" who="2" fromWho="2" sc="388,-13,240,-26,50,72,302,-13" /><INIT seed="2,0,0,0,5,86" ten="375,214,122,289" oya="2" hai0="64,1,59,116,16,20,57,118,108,22,106,28,63" hai1="99,122,110,104,77,36,55,69,25,58,35,12,75" hai2="74,53,38,15,37,130,120,32,84,100,3,70,66" hai3="61,21,123,29,60,93,33,67,56,73,83,24,23"/><V113/><F74/><W52/><G123/><T107/><D108/><U27/><E110/><V111/><F3/><W41/><G41/><T131/><D1/><U62/><E36/><V72/><F72/><W132/><G132/><T114/><D131/><U13/><E122/><V6/><F32/><W48/><G60/><T103/><D114/><U135/><E135/><V49/><F113/><W79/><REACH who="3" step="1"/><G93/><REACH who="3" ten="375,214,122,279" step="2"/><T18/><D106/><U112/><E104/><V90/><F120/><W42/><G42/><T65/><D107/><U98/><E62/><N who="2" m="40279" /><F111/><W68/><AGARI ba="0,1" hai="21,23,24,29,33,48,52,56,61,67,68,73,79,83" machi="68" ten="20,5200,0" yaku="1,1,0,1,7,1,54,1,53,0" doraHai="86" doraHaiUra="129" who="3" fromWho="3" sc="375,-13,214,-13,122,-26,279,62" /><INIT seed="3,0,0,5,5,63" ten="362,201,96,341" oya="3" hai0="3,64,6,38,14,81,44,78,95,125,99,17,126" hai1="36,51,74,116,53,71,84,94,31,100,135,21,55" hai2="61,131,35,115,58,20,120,102,12,25,29,65,49" hai3="122,98,40,88,52,30,73,68,80,60,106,39,76"/><W118/><G118/><T46/><D64/><U22/><E36/><V75/><F131/><W41/><G122/><T87/><D6/><U5/><E71/><V34/><F120/><W112/><G112/><T27/><D27/><U93/><E74/><V109/><F109/><W103/><G39/><T2/><D3/><U128/><E128/><V9/><F75/><W18/><G18/><T113/><D2/><U50/><E5/><V28/><F28/><W90/><G30/><T86/><D86/><U83/><E84/><V70/><F115/><W15/><G15/><T82/><D82/><U69/><E69/><V56/><F70/><W47/><G68/><T127/><D38/><U132/><E83/><V129/><F129/><W92/><G90/><N who="0" m="55799" /><D113/><U13/><E13/><V7/><F56/><N who="3" m="34823" /><G47/><T37/><D37/><U130/><E130/><V111/><F49/><W79/><G79/><T77/><D77/><U19/><E19/><V133/><F133/><W91/><G91/><T96/><D96/><U85/><E85/><V134/><F134/><W26/><G26/><T67/><D67/><U24/><E116/><V110/><F110/><W45/><G45/><T11/><AGARI ba="0,0" hai="11,14,17,44,46,78,81,87,125,126,127" m="55799" machi="11" ten="30,1100,0" yaku="18,1" doraHai="63" who="0" fromWho="0" sc="362,11,201,-3,96,-3,341,-5" owari="373,47.3,198,-20.2,93,-40.7,336,13.6" /></mjloggm>