<mjloggm ver="2.3"><GO type="225" lobby="0"/><UN n0="%E7%AC%B9%E9%A4%85" n1="%E7%B4%94%E6%BD%94%E3%83%94%E3%83%A9%E3%83%8B%E3%82%A2" n2="%61%69%73%79%6F" n3="%E3%81%A8%E3%82%93%E3%81%A8%E3%81%93%E3%81%A8%E3%82%93" dan="16,17,17,16" rate="2194.80,2156.43,2246.52,2117.56" sx="M,M,M,M"/><TAIKYOKU oya="0"/><INIT seed="0,0,0,5,2,75" ten="250,250,250,250" oya="0" hai0="38,48,0,126,74,46,112,134,45,26,58,15,131" hai1="65,66,6,84,102,10,67,53,106,114,34,30,135" hai2="98,5,18,59,94,69,83,107,41,108,29,1,22" hai3="49,72,62,109,9,12,11,128,20,25,99,47,2"/><T61/><D0/><U56/><E114/><V43/><F69/><W57/><G109/><T125/><D112/><U33/><E135/><V71/><F71/><W130/><G72/><T116/><D134/><U73/><E73/><V92/><F108/><W7/><G99/><T3/><D3/><U19/><E19/><V79/><F29/><W77/><G77/><T88/><D116/><U127/><E127/><N who="0" m="48649" /><D74/><U133/><E133/><V86/><F107/><W111/><G111/><T91/><D131/><U44/><E44/><V110/><F92/><W39/><G39/><T52/><D15/><U36/><E36/><V70/><F70/><W124/><G124/><T76/><D76/><U17/><E17/><V40/><F110/><W118/><G118/><T87/><D26/><U105/><E84/><V37/><F59/><W24/><G20/><T100/><D100/><U54/><E56/><V113/><F113/><W82/><G128/><T93/><D38/><U28/><E102/><N who="2" m="60759" /><F1/><W95/><G130/><T101/><D101/><U121/><E121/><V123/><F123/><W129/><G129/><T80/><D61/><U89/><E89/><V90/><F90/><W42/><G9/><T8/><D8/><U132/><E132/><V51/><F37/><W13/><G2/><T32/><D32/><N who="1" m="12395" /><E106/><V81/><F81/><W63/><G82/><T103/><D103/><U115/><E105/><V120/><F120/><W35/><G95/><T68/><D68/><U117/><E115/><V23/><F5/><N who="3" m="3183" /><G35/><T16/><D16/><U122/><E117/><V104/><F104/><W119/><G119/><RYUUKYOKU ba="0,0" sc="250,30,250,-10,250,-10,250,-10" hai0="45,46,48,52,58,80,87,88,91,93" /><INIT seed="0,1,0,5,0,94" ten="280,240,240,240" oya="0" hai0="72,83,5,38,114,54,2,46,121,24,19,109,99" hai1="89,39,70,64,9,123,14,33,116,126,40,62,103" hai2="52,101,23,74,90,41,35,79,58,60,135,48,128" hai3="27,25,122,73,93,130,85,13,49,132,0,65,57"/><T115/><D121/><U120/><E116/><V88/><F35/><W113/><G0/><T31/><D19/><U22/><E33/><V12/><F135/><W6/><G113/><T28/><D28/><U36/><E126/><V107/><F128/><W84/><G73/><T76/><D54/><U61/><E89/><N who="2" m="34411" /><F107/><W1/><G1/><T21/><D109/><U56/><E22/><V3/><F74/><W18/><G132/><T129/><D129/><U106/><E106/><V69/><F3/><W43/><G6/><T97/><D114/><U96/><E40/><V53/><F69/><W95/><G130/><T110/><D110/><U71/><E39/><V67/><F101/><W104/><G104/><T59/><D59/><U68/><E36/><V51/><F79/><W112/><G122/><T50/><D115/><U80/><E80/><V111/><F111/><W45/><G112/><T133/><D133/><U102/><E102/><V100/><F100/><W78/><G78/><T134/><D134/><U86/><E86/><V32/><F32/><W82/><G85/><T47/><D50/><N who="2" m="18986" /><F41/><W108/><G108/><T131/><D131/><U30/><E123/><V11/><F23/><N who="3" m="11727" /><G84/><T42/><D46/><U16/><E120/><V66/><F53/><W91/><G65/><T8/><AGARI ba="1,0" hai="2,5,8,21,24,31,38,42,47,72,76,83,97,99" machi="8" ten="30,12000,1" yaku="0,1,25,2,52,2" doraHai="94" who="0" fromWho="0" sc="280,123,240,-41,240,-41,240,-41" /><INIT seed="0,2,0,0,5,91" ten="403,199,199,199" oya="0" hai0="82,90,0,72,107,120,94,112,10,122,106,4,133" hai1="2,33,124,111,109,44,43,15,47,104,71,34,41" hai2="87,62,8,81,18,96,130,60,7,67,51,40,36" hai3="1,49,69,32,52,131,97,89,100,119,129,19,115"/><T95/><D112/><U16/><E2/><V117/><F117/><W102/><G119/><T38/><D38/><N who="1" m="21559" /><E104/><N who="0" m="39977" /><D10/><N who="1" m="6263" /><E71/><V48/><F130/><N who="3" m="49675" /><G115/><T127/><D4/><U54/><E54/><V61/><F36/><W110/><G32/><T11/><D11/><U78/><E78/><V74/><F74/><W63/><G1/><T57/><D57/><U26/><E26/><V113/><F113/><W27/><G69/><T24/><D24/><U125/><E34/><V76/><F67/><W103/><G63/><T77/><D0/><U30/><E30/><V35/><F35/><W55/><G49/><T73/><D73/><U118/><E118/><V59/><F18/><W128/><G128/><T29/><D29/><U56/><E56/><V98/><F59/><W12/><G27/><T114/><D114/><U126/><E33/><V105/><F51/><AGARI ba="2,0" hai="43,47,51,109,111,124,125,126" m="6263,21559" machi="51" ten="30,2000,0" yaku="18,1,54,1" doraHai="91" who="1" fromWho="2" sc="403,0,199,26,199,-26,199,0" /><INIT seed="1,0,0,1,5,119" ten="403,225,173,199" oya="1" hai0="18,69,93,118,65,44,95,130,23,42,134,106,61" hai1="53,88,111,67,81,123,32,63,103,104,68,90,60" hai2="36,47,22,86,122,38,120,94,92,3,112,64,132" hai3="19,57,55,98,5,75,17,0,78,121,71,99,39"/><U45/><E32/><V29/><F3/><W40/><G71/><T124/><D118/><U13/><E123/><N who="2" m="47147" /><F86/><W56/><G56/><T126/><D106/><U25/><E104/><V51/><F29/><W129/><G129/><T131/><D134/><U4/><E103/><V49/><F22/><W2/><G121/><T41/><D95/><N who="2" m="36394" /><F47/><W101/><G0/><T52/><D93/><U91/><E25/><V70/><F70/><W79/><G2/><T46/><D23/><U100/><E100/><V109/><F64/><W97/><G101/><T62/><D18/><U9/><E111/><V113/><F109/><W108/><G108/><T6/><D6/><U10/><E10/><V58/><F58/><W28/><G5/><T33/><D33/><U83/><REACH who="1" step="1"/><E60/><REACH who="1" ten="403,215,173,199" step="2"/><V7/><F132/><W127/><G28/><T80/><D62/><U66/><E66/><V30/><F30/><W24/><G24/><T105/><D65/><U128/><E128/><V82/><F7/><W21/><G21/><T37/><D130/><U8/><E8/><V72/><F36/><W110/><G39/><T125/><D131/><U50/><AGARI ba="0,1" hai="4,9,13,45,50,53,63,67,68,81,83,88,90,91" machi="50" ten="30,6000,0" yaku="1,1,0,1,54,1,53,0" doraHai="119" doraHaiUra="117" who="1" fromWho="1" sc="403,-20,215,70,173,-20,199,-20" /><INIT seed="1,1,0,2,4,63" ten="383,285,153,179" oya="1" hai0="72,58,2,15,88,37,29,85,68,91,100,65,103" hai1="16,94,19,71,60,40,53,33,133,35,42,99,95" hai2="54,84,30,117,41,97,129,64,134,12,14,6,26" hai3="51,49,74,124,46,128,89,55,93,57,28,135,101"/><U59/><E133/><V98/><F117/><W123/><G123/><T109/><D2/><U114/><E114/><V10/><F134/><W115/><G115/><T104/><D72/><U48/><E95/><V122/><F122/><W32/><G135/><T52/><D37/><U102/><E35/><V9/><F129/><W73/><G124/><T127/><D127/><U86/><E33/><V20/><F41/><N who="1" m="15977" /><E71/><V130/><F130/><W67/><G101/><T45/><D104/><U116/><E116/><V107/><F107/><W105/><G105/><T39/><D29/><U118/><E86/><V66/><F54/><W56/><G128/><T1/><D1/><U3/><E3/><V106/><F84/><W38/><G38/><T23/><D39/><U108/><E108/><V131/><F131/><W5/><G73/><T0/><D0/><U18/><E118/><V50/><F50/><AGARI ba="1,0" hai="16,18,19,48,50,53,59,60,94,99,102" m="15977" machi="50" ten="30,2900,0" yaku="8,1,54,1" doraHai="63" who="1" fromWho="2" sc="383,0,285,32,153,-32,179,0" /><INIT seed="1,2,0,3,4,90" ten="383,317,121,179" oya="1" hai0="105,84,16,15,117,130,6,97,127,21,114,28,80" hai1="103,73,134,20,53,57,85,126,26,12,122,75,123" hai2="9,61,55,56,25,112,74,118,106,107,19,116,38" hai3="111,42,96,24,45,54,135,1,128,50,101,98,119"/><U46/><E134/><V91/><F38/><W115/><G115/><T79/><D114/><U10/><E126/><V102/><F112/><W44/><G135/><T68/><D117/><U95/><E46/><V63/><F74/><W81/><G111/><T72/><D68/><U93/><E75/><V36/><F36/><W27/><G128/><T124/><D130/><U64/><E73/><V14/><F118/><W83/><G1/><T78/><D6/><N who="1" m="3159" /><E123/><V100/><F116/><W41/><G119/><T69/><D69/><U113/><E122/><V108/><F108/><W125/><G125/><N who="0" m="48203" /><D28/><N who="1" m="17479" /><E103/><V120/><F120/><W7/><G7/><T104/><D97/><U29/><E29/><V43/><F43/><W99/><G101/><T92/><D78/><U35/><E35/><V37/><F37/><W87/><G54/><T34/><D34/><U58/><E85/><V82/><F107/><W5/><G87/><T121/><D121/><U30/><E30/><V52/><F106/><W4/><G98/><T32/><D32/><U89/><E89/><AGARI ba="2,0" hai="15,16,21,72,79,80,84,89,92,104,105" m="48203" machi="89" ten="30,3900,0" yaku="18,1,52,1,54,1" doraHai="90" who="0" fromWho="1" sc="383,45,317,-45,121,0,179,0" /><INIT seed="2,0,0,4,0,54" ten="428,272,121,179" oya="2" hai0="124,119,44,100,82,26,75,86,37,40,8,72,104" hai1="11,63,87,81,77,78,20,33,94,42,53,125,96" hai2="83,10,52,61,84,134,45,108,39,14,0,122,99" hai3="110,43,28,120,101,80,116,41,7,95,23,36,76"/><V24/><F122/><W1/><G116/><T57/><D119/><U70/><E33/><V118/><F118/><W127/><G120/><T12/><D124/><U67/><E125/><V62/><F0/><W91/><G127/><T113/><D113/><U55/><E77/><V22/><F134/><W64/><G110/><T27/><D57/><U29/><E11/><V135/><F135/><W111/><G111/><T68/><D68/><U5/><E5/><V18/><F108/><W35/><G35/><T123/><D123/><U13/><E42/><V129/><F129/><W4/><G101/><T89/><D27/><U106/><E106/><V105/><F39/><W31/><G64/><T126/><D126/><U38/><E38/><V73/><F73/><W9/><G7/><T112/><D112/><U74/><E74/><V128/><F99/><W56/><G43/><T60/><D60/><U115/><E115/><V97/><F97/><N who="3" m="57599" /><G56/><T3/><D3/><U132/><E132/><V90/><F105/><W66/><G23/><T32/><D104/><U121/><E121/><V58/><F128/><W109/><G66/><T98/><D98/><U88/><E29/><V133/><F133/><W46/><G109/><T130/><D100/><U59/><E70/><V25/><F45/><W21/><G21/><T65/><D65/><U6/><E6/><V131/><F131/><W30/><G31/><N who="0" m="19575" /><D130/><U48/><E48/><N who="2" m="30983" /><F25/><W34/><G34/><T15/><D75/><AGARI ba="0,0" hai="1,4,9,28,30,36,41,46,75,76,80" m="57599" machi="75" ten="30,1000,0" yaku="25,1" doraHai="54" who="3" fromWho="0" sc="428,-10,272,0,121,0,179,10" /><INIT seed="3,0,0,1,3,95" ten="418,272,121,189" oya="3" hai0="109,76,41,16,35,2,12,25,36,44,126,17,1" hai1="111,74,110,119,58,21,13,50,129,108,66,77,101" hai2="115,107,6,83,20,62,5,94,0,67,118,47,68" hai3="70,39,43,100,42,120,82,37,122,48,63,135,96"/><W10/><G135/><T65/><D109/><U84/><E119/><V93/><F115/><W49/><G82/><T51/><D126/><U112/><E112/><V4/><F118/><W60/><G10/><T53/><D65/><U55/><E129/><V92/><F107/><W127/><G127/><T104/><D104/><U29/><E74/><V99/><F0/><W97/><G100/><T38/><D76/><U24/><E101/><V78/><F47/><W87/><G87/><T28/><D17/><U114/><E114/><V61/><F20/><W9/><G9/><T23/><D38/><U57/><E13/><V31/><F31/><W64/><G64/><T106/><D106/><U103/><E103/><V18/><F18/><W105/><G105/><T117/><D117/><U69/><E69/><AGARI ba="0,0" hai="37,39,42,43,48,49,60,63,69,70,96,97,120,122" machi="69" ten="25,9600,0" yaku="22,2,52,2" doraHai="95" who="3" fromWho="1" sc="418,0,272,-96,121,0,189,96" /><INIT seed="3,1,0,1,2,64" ten="418,176,121,285" oya="3" hai0="26,51,25,85,100,20,4,83,12,0,87,58,126" hai1="59,61,17,80,55,23,72,18,3,60,5,115,36" hai2="120,40,38,49,71,123,37,122,34,81,91,44,76" hai3="101,46,116,33,131,109,9,48,103,74,82,67,77"/><W13/><G116/><T130/><D0/><U15/><E36/><V47/><F34/><W10/><G131/><T41/><D130/><U121/><E115/><V29/><F29/><W88/><G33/><T65/><D126/><U114/><E114/><V70/><F91/><W89/><G67/><T22/><D100/><U1/><E121/><V112/><F112/><W69/><G69/><N who="2" m="26121" /><F47/><W127/><G127/><T117/><D117/><U135/><E5/><V95/><F95/><W107/><G9/><N who="0" m="4135" /><D41/><U68/><E68/><V39/><F39/><W16/><G109/><T97/><D97/><U102/><E102/><V54/><F40/><W90/><REACH who="3" step="1"/><G107/><REACH who="3" ten="418,176,121,275" step="2"/><T105/><D105/><U118/><E118/><V96/><F96/><W2/><G2/><T35/><D35/><U66/><E1/><V19/><F19/><W62/><G62/><T129/><D129/><U75/><E3/><V98/><F98/><W92/><G92/><T6/><D65/><U134/><E17/><V133/><F133/><W14/><G14/><T30/><D6/><U94/><E94/><V45/><F45/><W31/><G31/><N who="0" m="17831" /><D83/><U57/><E80/><V119/><F119/><W50/><G50/><T78/><D30/><U73/><AGARI ba="1,1" hai="15,18,23,55,57,59,60,61,66,72,73,75,134,135" machi="73" ten="40,1500,0" yaku="0,1" doraHai="64" who="1" fromWho="1" sc="418,-5,176,28,121,-5,275,-8" owari="413,51.3,204,-19.6,116,-38.4,267,6.7" /></mjloggm>