<mjloggm ver="2.3"><GO type="225" lobby="0"/><UN n0="%E3%81%B7%E3%82%8A%E3%82%93%E8%81%96%E4%BA%BA" n1="%E5%AF%82%E5%AF%9E%E3%82%AE%E3%83%8D%E3%82%B9%E3%83%93%E3%83%BC%E3%83%AB" n2="%E3%83%B4%E3%83%A0%EF%BC%99%E3%81%A6" n3="%E9%81%85%E5%88%BB%E3%81%AE%E3%83%97%E3%83%AA%E3%83%B3%E3%82%B9%E2%99%AA" dan="16,16,17,16" rate="2109.11,2145.63,2195.45,2166.76" sx="M,M,M,F"/><TAIKYOKU oya="0"/><INIT seed="0,0,0,5,5,128" ten="250,250,250,250" oya="0" hai0="123,83,25,36,118,66,99,132,111,49,0,79,10" hai1="59,127,126,12,33,125,121,77,41,32,109,75,5" hai2="29,42,37,84,45,2,70,119,56,93,87,58,90" hai3="62,94,38,117,60,28,100,14,89,92,116,134,71"/><T129/><D36/><U95/><E121/><V110/><F70/><W40/><G28/><T133/><D66/><U106/><E106/><V39/><F2/><W48/><G38/><T52/><D123/><U108/><E41/><V13/><F110/><N who="1" m="42601" /><E95/><V80/><F119/><W124/><G124/><T112/><D118/><U6/><E59/><V64/><F64/><W44/><G100/><T7/><D111/><U91/><E91/><V105/><F105/><W57/><G94/><T47/><D129/><U130/><E130/><V122/><F29/><W18/><G71/><T22/><D99/><U120/><E120/><V69/><F69/><W11/><G134/><T103/><D103/><U4/><E77/><V16/><F39/><W21/><G11/><T107/><D107/><U31/><E75/><V81/><F93/><W82/><G82/><T26/><D112/><U55/><E55/><V85/><F85/><W101/><G101/><T30/><REACH who="0" step="1"/><D26/><REACH who="0" ten="240,250,250,250" step="2"/><N who="1" m="18551" /><E33/><V20/><F122/><W23/><G117/><T24/><D24/><U115/><E115/><V35/><F35/><W102/><G116/><T131/><D131/><U86/><E86/><AGARI ba="0,1" hai="0,7,10,22,25,30,47,49,52,79,83,86,132,133" machi="86" ten="40,12000,1" yaku="1,1,52,2,54,1,53,1" doraHai="128" doraHaiUra="72" who="0" fromWho="1" sc="240,130,250,-120,250,0,250,0" /><INIT seed="0,1,0,3,0,113" ten="370,130,250,250" oya="0" hai0="52,75,8,64,48,88,76,32,92,101,45,51,40" hai1="132,44,71,66,128,55,103,127,19,65,54,78,62" hai2="28,83,34,80,29,0,121,133,116,4,27,95,60" hai3="97,102,114,12,125,86,42,73,53,31,26,59,5"/><T112/><D32/><U36/><E78/><V25/><F121/><W96/><G114/><T61/><D101/><U11/><E103/><V93/><F133/><W98/><G73/><T49/><D112/><U85/><E85/><V72/><F4/><W13/><G125/><T21/><D75/><U122/><E19/><V70/><F72/><W58/><G42/><T6/><D21/><U119/><E11/><V67/><F0/><W131/><G131/><T108/><D76/><U74/><E74/><V69/><F60/><W50/><G102/><T106/><D40/><N who="1" m="22535" /><E122/><V89/><F67/><W16/><G86/><T1/><D106/><U87/><E87/><V56/><F56/><N who="3" m="32823" /><G31/><T2/><D2/><U20/><E20/><V117/><F89/><W17/><G26/><T118/><D118/><U7/><E7/><V24/><F24/><W91/><G5/><T47/><D47/><U22/><E22/><V10/><REACH who="2" step="1"/><F10/><REACH who="2" ten="370,130,240,250" step="2"/><N who="3" m="6167" /><G91/><T107/><D8/><AGARI ba="1,1" hai="8,13,17,58,59,96,97,98" m="6167,32823" machi="8" ten="30,2000,0" yaku="8,1,54,1" doraHai="113" who="3" fromWho="0" sc="370,-23,130,0,240,0,250,33" /><INIT seed="1,0,0,5,2,134" ten="347,130,240,283" oya="1" hai0="73,98,123,91,121,117,109,59,1,22,18,87,55" hai1="2,107,20,65,89,127,10,46,104,25,12,31,81" hai2="8,4,14,6,71,30,132,56,100,110,101,128,99" hai3="93,131,68,125,95,37,75,38,108,48,34,85,74"/><U43/><E65/><V124/><F71/><W40/><G34/><T28/><D73/><U13/><E13/><V119/><F132/><W88/><G68/><T50/><D1/><U69/><E69/><V78/><F119/><W102/><G108/><T129/><D109/><U24/><E127/><V57/><F110/><W94/><G131/><T17/><D98/><U60/><E60/><V115/><F128/><W62/><G125/><T39/><D39/><U0/><E25/><V33/><F124/><W36/><G62/><T76/><D76/><U41/><E41/><V97/><F115/><W90/><G102/><T79/><D79/><U47/><E47/><V67/><F78/><W45/><REACH who="3" step="1"/><G94/><REACH who="3" ten="347,130,240,273" step="2"/><T86/><D129/><U11/><E107/><V21/><F101/><W106/><G106/><T92/><D117/><U27/><E104/><V126/><F100/><W42/><G42/><T19/><D121/><U29/><E0/><V83/><F33/><W53/><G53/><T26/><D123/><U112/><E2/><V51/><F126/><W133/><G133/><T61/><D61/><U80/><E112/><V116/><F116/><W122/><G122/><T114/><D114/><U15/><E43/><V5/><F67/><W7/><G7/><T113/><D113/><U66/><E66/><V54/><F4/><W111/><G111/><T84/><AGARI ba="0,1" hai="17,18,19,22,26,28,50,55,59,84,86,87,91,92" machi="84" ten="30,2000,0" yaku="0,1,8,1" doraHai="134" who="0" fromWho="0" sc="347,30,130,-10,240,-5,273,-5" /><INIT seed="2,0,0,0,4,121" ten="377,120,235,268" oya="2" hai0="127,78,50,36,133,98,83,9,13,99,8,27,56" hai1="125,103,5,107,116,19,46,43,95,135,84,32,79" hai2="112,81,102,54,100,101,21,37,96,134,42,15,76" hai3="104,124,30,75,130,86,91,71,93,60,113,26,34"/><V7/><F112/><W58/><G113/><T11/><D36/><U72/><E116/><V59/><F134/><W40/><G75/><T108/><D133/><U18/><E135/><V128/><F128/><W39/><G130/><T67/><D127/><U119/><E125/><V106/><F37/><W6/><G124/><T2/><D2/><U70/><E70/><V85/><F42/><W80/><G104/><T69/><D27/><U118/><E32/><V20/><F7/><W53/><G71/><T73/><D69/><U31/><E31/><V17/><REACH who="2" step="1"/><F21/><REACH who="2" ten="377,120,225,268" step="2"/><W55/><G6/><T47/><D11/><U23/><E119/><V28/><F28/><W120/><G120/><T105/><D9/><U117/><E118/><V14/><F14/><W126/><G126/><T33/><D13/><U97/><E117/><V1/><F1/><W87/><G40/><T82/><D8/><U22/><E5/><V16/><F16/><W61/><G39/><T45/><D33/><U62/><E22/><V66/><F66/><W38/><G38/><T48/><D67/><U57/><E23/><V12/><F12/><W131/><G131/><T122/><D122/><U10/><E10/><V77/><F77/><W44/><G55/><T63/><D78/><U115/><E115/><V4/><F4/><W3/><G3/><T68/><D68/><U41/><E41/><V90/><F90/><W0/><G0/><T89/><D89/><N who="1" m="53671" /><E43/><V110/><F110/><W129/><G129/><T35/><D108/><U25/><E25/><V65/><F65/><W64/><G64/><N who="0" m="39015" /><D35/><U111/><E111/><RYUUKYOKU ba="0,1" sc="377,-10,120,-10,225,30,268,-10" hai2="15,17,20,54,59,76,81,85,96,100,101,102,106" /><INIT seed="2,1,1,3,0,38" ten="367,110,255,258" oya="2" hai0="109,17,37,87,117,89,26,133,120,66,33,11,9" hai1="127,6,79,56,95,100,101,84,22,123,105,48,65" hai2="118,14,13,125,39,88,51,35,55,4,68,32,82" hai3="80,112,119,40,54,31,83,30,47,124,134,135,70"/><V44/><F118/><W63/><G119/><T94/><D117/><U73/><E127/><V116/><F116/><W104/><G124/><T34/><D120/><U0/><E0/><V126/><F68/><W2/><G2/><T16/><D37/><U21/><E6/><V90/><F39/><W42/><G104/><T129/><D133/><N who="3" m="50697" /><G112/><T58/><D129/><U50/><E123/><V114/><F114/><W86/><G80/><T113/><D113/><U41/><E73/><V69/><F69/><W15/><G15/><N who="2" m="5641" /><F4/><W132/><G132/><T67/><D26/><U72/><E72/><V102/><F102/><W106/><G106/><T25/><D25/><U103/><E105/><V99/><F32/><W60/><G54/><T12/><D12/><U75/><E75/><V36/><F35/><W97/><G97/><T98/><D98/><U53/><E65/><V23/><F23/><W121/><G121/><T46/><D34/><U5/><E5/><V61/><F36/><N who="3" m="21895" /><G42/><T78/><D33/><U122/><E122/><V29/><F61/><N who="3" m="23627" /><G70/><T108/><D67/><U92/><E79/><AGARI ba="1,1" hai="30,31,79,83,86" m="23627,21895,50697" machi="79" ten="30,2000,0" yaku="20,1,52,1" doraHai="38" who="3" fromWho="1" sc="367,0,110,-23,255,0,258,33" /><INIT seed="3,0,0,3,4,7" ten="367,87,255,291" oya="3" hai0="78,83,46,3,104,126,123,131,134,2,115,27,20" hai1="107,22,70,91,67,87,71,127,38,135,98,132,44" hai2="128,61,19,76,85,122,28,32,51,113,26,88,121" hai3="117,111,4,39,16,23,6,29,108,75,60,105,5"/><W57/><G117/><T106/><D123/><N who="2" m="47114" /><F113/><W125/><G75/><T13/><D115/><U9/><E127/><V8/><F76/><W84/><G105/><T47/><D126/><U33/><E33/><V80/><F128/><W24/><G125/><T93/><D104/><U119/><E119/><V74/><F74/><W42/><G84/><T25/><D106/><U30/><E107/><V31/><F31/><W1/><G1/><T77/><D131/><U56/><E98/><V86/><F86/><W102/><G102/><T35/><D35/><U101/><E101/><V97/><F97/><W15/><G42/><T109/><D93/><U100/><E100/><V18/><F61/><W81/><G81/><T41/><D13/><U73/><E73/><V120/><N who="2" m="47122" /><V37/><DORA hai="124" /><F37/><W110/><G39/><T66/><D20/><U48/><E22/><V68/><F68/><W65/><REACH who="3" step="1"/><G5/><REACH who="3" ten="367,87,255,281" step="2"/><T21/><D41/><U14/><E38/><V40/><F40/><W112/><G112/><T53/><D83/><U103/><E103/><V43/><F43/><W55/><G55/><T118/><D53/><U94/><E87/><V116/><F116/><W63/><G63/><T96/><D118/><U99/><E99/><V72/><F72/><W130/><G130/><T34/><D96/><U12/><E94/><V45/><F51/><W92/><G92/><T54/><D54/><U10/><E48/><V90/><F85/><W59/><G59/><T52/><D52/><U50/><E50/><V49/><F80/><W64/><G64/><T69/><D66/><U58/><E67/><RYUUKYOKU ba="0,1" sc="367,-10,87,-10,255,-10,281,30" hai3="4,6,15,16,23,24,29,57,60,65,108,110,111" /><INIT seed="3,1,1,5,2,125" ten="357,77,245,311" oya="3" hai0="18,71,73,88,62,126,115,65,46,58,134,75,86" hai1="90,101,112,50,41,28,120,3,23,42,68,130,45" hai2="74,25,82,106,107,93,98,22,56,39,16,20,119" hai3="61,108,53,111,34,96,117,66,83,5,55,10,128"/><W11/><G128/><T59/><D126/><U70/><E3/><V81/><F119/><W43/><G117/><T129/><D129/><U21/><E101/><V63/><F39/><W123/><G123/><T1/><D1/><U91/><E28/><V69/><F69/><W14/><G34/><T133/><D115/><U116/><E116/><V29/><F74/><W114/><G114/><T24/><D46/><U9/><E9/><V103/><F106/><W57/><G43/><T37/><D37/><U48/><E45/><V100/><F100/><W77/><G96/><T110/><D110/><N who="3" m="42025" /><G11/><T76/><D76/><U94/><E94/><V32/><F32/><W95/><G95/><N who="0" m="54679" /><D73/><AGARI ba="1,1" hai="5,10,14,53,55,57,61,66,73,77,83" m="42025" machi="73" ten="30,2900,0" yaku="14,1,10,1" doraHai="125" who="3" fromWho="0" sc="357,-32,77,0,245,0,311,42" owari="325,12.5,77,-42.3,245,-15.5,353,45.3" /></mjloggm>