<mjloggm ver="2.3"><GO type="225" lobby="0"/><UN n0="%E3%81%99%E3%81%84%E3%81%BE%E3%81%9B%E3%83%BC%E3%82%93" n1="%E8%BE%9B%E5%8F%A3%E3%82%AB%E3%83%AC%E3%83%BC%E3%83%A9%E3%82%A4%E3%82%B9" n2="%43%68%65" n3="%E3%81%A1%E3%82%85%E3%81%86%E3%81%A9%E3%81%8F%E8%B1%A1%E3%81%95%E3%82%93" dan="16,16,16,17" rate="2121.88,2148.35,2115.83,2124.32" sx="M,M,M,M"/><TAIKYOKU oya="0"/><INIT seed="0,0,0,2,0,127" ten="250,250,250,250" oya="0" hai0="134,79,27,80,1,76,0,25,93,10,41,19,108" hai1="119,133,107,83,85,31,75,50,68,94,24,20,121" hai2="7,131,102,113,118,100,66,73,98,18,70,67,103" hai3="84,28,45,81,106,104,32,129,116,51,2,8,26"/><T72/><D134/><U91/><E119/><V61/><F113/><W3/><G116/><T74/><D108/><U89/><E121/><V69/><F118/><W122/><G122/><T49/><D93/><U135/><E107/><V117/><F117/><W115/><G115/><T101/><D101/><U92/><E68/><V112/><F112/><W90/><G129/><T13/><D0/><U88/><E50/><V16/><F73/><W99/><G99/><T4/><D76/><U60/><E60/><V55/><F7/><W59/><G59/><T21/><REACH who="0" step="1"/><D74/><REACH who="0" ten="240,250,250,250" step="2"/><U96/><REACH who="1" step="1"/><E75/><REACH who="1" ten="240,240,250,250" step="2"/><V53/><F103/><W130/><G106/><T17/><D17/><U47/><E47/><AGARI ba="0,2" hai="1,4,10,13,19,21,25,27,41,47,49,72,79,80" machi="47" ten="40,3900,0" yaku="1,1,53,1" doraHai="127" doraHaiUra="36" who="0" fromWho="1" sc="240,59,240,-39,250,0,250,0" /><INIT seed="0,1,0,0,1,132" ten="299,201,250,250" oya="0" hai0="60,69,124,131,37,90,5,133,54,47,3,109,117" hai1="91,128,129,88,126,35,83,112,89,64,68,79,7" hai2="116,9,59,20,38,44,123,95,130,11,49,62,39" hai3="108,50,104,111,85,28,66,18,52,97,46,75,16"/><T119/><D3/><U53/><E35/><V4/><F123/><W19/><G75/><T77/><D5/><U55/><E7/><V120/><F120/><W127/><G28/><T61/><D90/><U72/><E112/><V10/><F4/><W99/><G66/><N who="0" m="41159" /><D77/><U13/><E13/><V73/><F73/><W135/><G135/><T33/><D33/><U24/><E24/><V56/><F130/><N who="1" m="50281" /><E126/><V15/><F116/><W63/><G63/><AGARI ba="1,0" hai="53,55,63,64,68,72,79,83,88,89,91" m="50281" machi="63" ten="30,2000,0" yaku="19,1,54,1" doraHai="132" who="1" fromWho="3" sc="299,0,201,23,250,0,250,-23" /><INIT seed="1,0,0,5,0,69" ten="299,224,250,227" oya="1" hai0="87,9,57,46,134,76,90,1,66,132,105,93,125" hai1="4,14,19,60,82,72,70,131,42,26,6,108,130" hai2="30,13,111,55,122,119,47,28,11,79,48,113,109" hai3="34,106,49,115,92,21,17,85,58,75,78,53,120"/><U89/><E42/><V44/><F119/><W52/><G115/><T83/><D105/><U103/><E103/><V7/><F113/><W43/><G120/><T129/><D129/><N who="1" m="49163" /><E26/><V56/><F122/><W38/><G106/><T5/><D125/><U107/><E107/><V117/><F79/><W16/><G34/><T3/><D3/><U88/><E108/><N who="2" m="41547" /><F117/><W32/><G32/><T2/><D2/><U112/><E112/><V68/><F68/><W63/><G75/><T20/><D46/><AGARI ba="0,0" hai="7,11,13,28,30,44,46,47,48,55,56" m="41547" machi="46" ten="30,1000,0" yaku="14,1" doraHai="69" who="2" fromWho="0" sc="299,-10,224,0,250,10,227,0" /><INIT seed="2,0,0,4,4,48" ten="289,224,260,227" oya="2" hai0="86,35,97,115,105,49,66,19,87,124,37,39,41" hai1="116,10,94,76,90,8,55,74,73,57,68,14,125" hai2="46,3,101,88,22,92,36,93,60,120,85,89,32" hai3="53,100,133,128,59,25,16,56,2,69,135,20,67"/><V9/><F32/><W126/><G2/><T95/><D115/><U58/><E116/><V21/><F120/><W96/><G126/><T30/><D105/><U50/><E68/><V5/><F101/><W43/><G43/><T70/><D124/><U130/><E125/><V104/><F104/><W42/><G42/><T103/><D19/><U114/><E114/><V0/><F0/><W6/><G6/><T47/><D66/><U119/><E119/><V106/><F106/><W34/><G128/><T51/><D70/><U127/><E127/><V64/><F46/><W123/><G123/><T54/><D39/><U84/><E130/><V26/><F26/><W113/><G34/><T45/><REACH who="0" step="1"/><D37/><REACH who="0" ten="279,224,260,227" step="2"/><U112/><E112/><V132/><F36/><W63/><G113/><T33/><D33/><U134/><E134/><V4/><F132/><W61/><REACH who="3" step="1"/><G69/><REACH who="3" ten="279,224,260,217" step="2"/><T17/><D17/><U44/><E74/><V23/><F5/><W71/><G71/><T117/><D117/><U18/><E73/><V80/><F4/><W108/><G108/><T110/><D110/><U99/><E8/><V62/><F9/><W72/><G72/><T12/><D12/><U7/><E7/><V28/><F3/><W15/><G15/><T38/><D38/><U79/><E10/><V27/><F27/><AGARI ba="0,2" hai="27,30,35,41,45,47,49,51,54,86,87,95,97,103" machi="27" ten="40,2600,0" yaku="1,1,52,1,53,0" doraHai="48" doraHaiUra="65" who="0" fromWho="2" sc="279,46,224,0,260,-26,217,0" /><INIT seed="3,0,0,5,1,106" ten="325,224,234,217" oya="3" hai0="84,20,15,91,19,87,32,72,17,67,69,12,14" hai1="122,62,81,31,126,51,130,40,77,25,56,74,29" hai2="30,119,35,73,101,21,82,92,36,61,4,71,80" hai3="5,16,18,114,129,49,105,120,24,3,52,10,68"/><W9/><G114/><T22/><D72/><U48/><E122/><V39/><F119/><W11/><G120/><T131/><D32/><U88/><E126/><V89/><F35/><W117/><G117/><T41/><D131/><U128/><E88/><V57/><F71/><W66/><G105/><T42/><D67/><N who="1" m="39367" /><E40/><N who="0" m="15465" /><D69/><U111/><E111/><V96/><F4/><W55/><G129/><N who="1" m="49770" /><E31/><V28/><F28/><W64/><G68/><T110/><D110/><U46/><E46/><V97/><F97/><W1/><G5/><T47/><D47/><U94/><E94/><V98/><F98/><W109/><G109/><T116/><D116/><U127/><E127/><V115/><F115/><W70/><G70/><T6/><D91/><U107/><E107/><V58/><F58/><W134/><G134/><T83/><D83/><U0/><E0/><N who="3" m="74" /><G24/><N who="0" m="14351" /><D6/><U104/><E104/><V123/><F123/><W108/><G108/><T33/><D33/><AGARI ba="0,0" hai="25,29,33,48,51,74,77,81" m="49770,39367" machi="33" ten="30,2000,0" yaku="19,1,52,1" doraHai="106" who="1" fromWho="0" sc="325,-20,224,20,234,0,217,0" owari="305,40.5,244,4.4,234,-16.6,217,-28.3" /></mjloggm>