<mjloggm ver="2.3"><GO type="225" lobby="0"/><UN n0="%E5%8D%A0%E3%81%84%E5%B8%AB%E8%A3%8F%E3%81%AA%E3%81%84%E3%81%97" n1="%E3%81%B5%E3%81%98%E3%81%8B%E3%81%A4" n2="%E3%83%81%E3%83%AF%E3%83%AF%E9%9A%8A%E9%95%B7" n3="%77%72%77%72%77%72%77%72" dan="17,16,16,17" rate="2164.65,2158.08,2173.18,2203.63" sx="M,M,M,M"/><TAIKYOKU oya="0"/><INIT seed="0,0,0,3,4,62" ten="250,250,250,250" oya="0" hai0="132,56,46,76,21,98,99,52,12,134,74,123,2" hai1="105,35,94,80,28,16,4,93,111,114,77,31,5" hai2="116,24,45,15,101,119,47,90,30,53,37,121,81" hai3="60,126,125,64,100,129,95,73,34,20,42,55,70"/><T75/><D2/><U130/><E105/><V32/><F121/><W6/><G34/><T8/><D123/><U0/><E111/><V86/><F101/><W7/><G73/><N who="0" m="27659" /><D21/><U102/><E114/><V57/><F15/><W3/><G42/><T27/><D27/><U78/><E130/><V79/><F79/><W14/><G129/><T54/><D46/><U128/><E128/><V41/><REACH who="2" step="1"/><F45/><REACH who="2" ten="250,250,240,250" step="2"/><W40/><G14/><T33/><D76/><U103/><E0/><V127/><F127/><W1/><G3/><T71/><D71/><U68/><E68/><V107/><F107/><W66/><G1/><T117/><D117/><U39/><E39/><V26/><F26/><W72/><G70/><T18/><D33/><U84/><E35/><V92/><F92/><W113/><G126/><T110/><D110/><U135/><E93/><V25/><F25/><W120/><G125/><T88/><D88/><U67/><E78/><V59/><F59/><W63/><G95/><T65/><D99/><U36/><E77/><V19/><F19/><W10/><G120/><T82/><D98/><U108/><E16/><V13/><F13/><W23/><G72/><T89/><D89/><U97/><E94/><V49/><AGARI ba="0,1" hai="24,30,32,37,41,47,49,53,57,81,86,90,116,119" machi="49" ten="30,2000,0" yaku="1,1,0,1,53,0" doraHai="62" doraHaiUra="118" who="2" fromWho="2" sc="250,-10,250,-5,240,30,250,-5" /><INIT seed="1,0,0,2,1,121" ten="240,245,270,245" oya="1" hai0="57,81,69,82,135,12,61,37,48,98,80,44,8" hai1="31,125,68,123,40,106,36,4,120,127,55,90,128" hai2="20,33,65,35,126,58,74,95,93,21,87,56,113" hai3="119,46,105,103,91,38,96,43,6,17,101,111,66"/><U72/><E106/><V133/><F74/><W26/><G111/><T116/><D116/><U92/><E72/><V88/><F113/><W0/><G119/><T104/><D135/><U34/><E4/><V1/><F1/><W107/><G66/><T15/><D37/><U47/><E34/><V118/><F118/><W52/><G91/><T10/><D69/><U7/><E7/><V51/><F133/><W110/><G110/><T54/><D104/><U84/><E31/><V102/><F126/><N who="1" m="48137" /><E68/><V70/><F70/><W28/><G17/><T99/><D12/><U94/><E128/><V97/><F33/><W24/><G52/><N who="0" m="29703" /><D8/><U53/><E94/><V132/><F35/><W78/><G6/><AGARI ba="0,0" hai="6,10,15,54,57,61,80,81,82,98,99" m="29703" machi="6" ten="30,2000,0" yaku="8,1,54,1" doraHai="121" who="0" fromWho="3" sc="240,20,245,0,270,0,245,-20" /><INIT seed="2,0,0,2,1,105" ten="260,245,270,225" oya="2" hai0="98,104,68,121,101,1,10,69,28,56,76,44,19" hai1="41,5,92,106,126,8,59,34,38,14,80,108,45" hai2="61,30,50,64,122,134,65,57,81,74,113,26,111" hai3="27,88,24,63,115,128,82,117,6,23,42,83,112"/><V84/><F113/><N who="3" m="43595" /><G117/><T67/><D121/><U48/><E108/><V118/><F122/><W96/><G128/><T120/><D120/><U133/><E126/><V13/><F118/><W89/><G42/><T2/><D44/><U25/><E106/><V124/><F124/><W125/><G125/><T46/><D56/><U3/><E133/><V87/><F134/><W99/><G6/><T29/><D19/><U20/><E92/><V47/><F111/><W0/><G0/><T66/><D46/><U70/><E70/><V130/><F130/><W33/><G33/><T97/><D104/><U94/><E94/><V102/><F102/><W40/><G40/><T93/><D93/><U119/><E119/><V16/><F64/><W51/><G51/><T22/><D22/><U86/><E34/><V110/><F110/><W127/><G63/><T9/><D76/><N who="1" m="46343" /><E3/><V4/><F4/><W7/><G7/><T75/><REACH who="0" step="1"/><D101/><REACH who="0" ten="250,245,270,225" step="2"/><U85/><E59/><V131/><F131/><W35/><G127/><T62/><D62/><U91/><E38/><V73/><F47/><W90/><G35/><T132/><D132/><U31/><E91/><V116/><F57/><W37/><G37/><T129/><D129/><U60/><E60/><V72/><F61/><W109/><G109/><T12/><D12/><U95/><E95/><V15/><F15/><W54/><G24/><T71/><D71/><U103/><E103/><V123/><F26/><W114/><N who="3" m="43603" /><W79/><DORA hai="135" /><G79/><T100/><D100/><U78/><E78/><V77/><F123/><W21/><G27/><T11/><D11/><RYUUKYOKU ba="0,1" sc="250,15,245,15,270,-15,225,-15" hai0="1,2,9,10,28,29,66,67,68,69,75,97,98" hai1="5,8,14,20,25,31,41,45,48,85" /><INIT seed="3,1,1,2,0,36" ten="265,260,255,210" oya="3" hai0="12,88,49,39,105,95,59,6,17,44,80,82,57" hai1="61,129,83,113,56,7,131,76,74,86,89,43,115" hai2="51,108,69,92,90,78,126,63,41,101,58,37,40" hai3="8,124,62,122,123,107,120,3,18,47,26,106,35"/><W128/><G128/><N who="1" m="49226" /><E7/><V13/><F37/><W100/><G124/><T96/><D105/><U34/><E34/><V91/><F126/><W28/><G62/><T112/><D6/><U102/><E102/><V38/><F38/><W45/><G106/><T97/><D97/><U5/><E5/><V16/><F108/><W42/><G3/><T14/><D39/><U77/><E43/><N who="2" m="16459" /><F69/><W31/><G31/><T27/><D27/><U119/><E119/><V9/><F78/><N who="1" m="30313" /><E74/><V21/><F51/><W32/><G32/><T46/><D12/><U79/><N who="1" m="30321" /><U130/><N who="1" m="49234" /><DORA hai="10" /><U118/><DORA hai="114" /><E118/><V71/><F71/><W50/><G45/><T60/><D46/><U73/><E73/><V104/><F104/><W25/><G25/><T84/><D44/><U64/><AGARI ba="1,1" hai="56,61,64,83,86,89,113,115" m="30321,49234" machi="64" ten="50,1600,0" yaku="19,1" doraHai="36,10,114" who="1" fromWho="1" sc="265,-5,260,29,255,-5,210,-9" /><INIT seed="4,0,0,2,4,92" ten="260,289,250,201" oya="0" hai0="41,10,90,49,126,21,122,50,59,70,47,22,73" hai1="48,42,9,65,127,88,71,37,60,100,53,25,95" hai2="72,39,105,83,135,116,132,54,133,11,13,131,67" hai3="27,0,40,74,46,5,23,98,8,29,99,129,55"/><T96/><D122/><U36/><E127/><V97/><F39/><W102/><G129/><T34/><D73/><U124/><E124/><V112/><F131/><W62/><G102/><T109/><D70/><U17/><E100/><N who="2" m="62607" /><F112/><W82/><G55/><N who="0" m="32239" /><D34/><U103/><E103/><V66/><F116/><W104/><G62/><T4/><D126/><U81/><E81/><V84/><F72/><W45/><G45/><T24/><D24/><U120/><E42/><V108/><F54/><W75/><G75/><T111/><D90/><U79/><E79/><N who="2" m="46207" /><F108/><N who="0" m="41546" /><D96/><U58/><E120/><V117/><F117/><W115/><G115/><T52/><D41/><U19/><E25/><V125/><F125/><W91/><G104/><T121/><D121/><U15/><E19/><AGARI ba="0,0" hai="11,13,19,66,67,132,133,135" m="46207,62607" machi="19" ten="30,2000,0" yaku="20,1,52,1" doraHai="92" who="2" fromWho="1" sc="260,0,289,-20,250,20,201,0" /><INIT seed="5,0,0,5,2,90" ten="260,269,270,201" oya="1" hai0="43,7,3,99,1,115,124,69,100,49,104,24,41" hai1="67,17,66,50,9,75,33,28,14,76,15,134,64" hai2="85,98,113,8,36,127,68,79,83,2,94,52,122" hai3="55,19,30,87,92,116,128,34,21,108,71,101,25"/><U0/><E134/><V111/><F122/><W86/><G108/><T114/><D69/><U132/><E132/><V31/><F111/><W133/><G133/><T126/><D24/><U20/><E50/><V121/><F121/><W54/><G128/><T23/><D23/><U106/><E106/><V39/><F68/><W72/><G72/><T35/><D35/><U40/><E40/><N who="0" m="15433" /><D49/><U61/><E0/><N who="0" m="73" /><D7/><U105/><E105/><V93/><F36/><W13/><G116/><T4/><D4/><N who="1" m="3367" /><E33/><V81/><F39/><W22/><G34/><T77/><D77/><U18/><E76/><V97/><F2/><W80/><G71/><T119/><D119/><U5/><E5/><V46/><F79/><N who="3" m="46367" /><G87/><T53/><D53/><U47/><E75/><V125/><F85/><W65/><G65/><T117/><D117/><U37/><E37/><V110/><F110/><W130/><G130/><T74/><D74/><U27/><E47/><V109/><F109/><W42/><G42/><T38/><D38/><U51/><E51/><V96/><F46/><W91/><G91/><T78/><D78/><U131/><E131/><V48/><F48/><W112/><G112/><AGARI ba="0,0" hai="99,100,104,112,114,115,124,126" m="73,15433" machi="112" ten="40,1300,0" yaku="15,1" doraHai="90" who="0" fromWho="3" sc="260,13,269,0,270,0,201,-13" /><INIT seed="6,0,0,0,3,39" ten="273,269,270,188" oya="2" hai0="53,85,113,14,28,82,67,59,44,117,21,124,24" hai1="86,16,72,29,94,79,37,41,15,42,90,115,30" hai2="119,8,80,25,108,27,6,130,104,127,106,20,125" hai3="75,3,35,2,10,45,57,93,128,47,50,61,98"/><V131/><F119/><W87/><G75/><T112/><D124/><N who="2" m="47690" /><F80/><W1/><G35/><T135/><D135/><U65/><E65/><V97/><F108/><W18/><G128/><N who="2" m="49193" /><F97/><W49/><G87/><T116/><D67/><U40/><E37/><V31/><F25/><W92/><G18/><T11/><D44/><U9/><E72/><V99/><F99/><W122/><G10/><T54/><D82/><N who="1" m="47455" /><E115/><N who="0" m="44105" /><D85/><AGARI ba="0,0" hai="9,15,16,29,30,40,41,42,85,90,94" m="47455" machi="85" ten="30,8000,1" yaku="8,1,52,3,54,1" doraHai="39" who="1" fromWho="0" sc="273,-80,269,80,270,0,188,0" owari="193,-20.7,349,44.9,270,7.0,188,-31.2" /></mjloggm>