<mjloggm ver="2.3"><GO type="225" lobby="0"/><UN n0="%EF%BC%B3%E3%81%9E%E3%81%88%E2%98%86" n1="%72%69%6F%75%63%68%61%6E" n2="%E3%81%B5%E3%81%98%E3%81%8B%E3%81%A4" n3="%E3%81%8B%E3%82%8F%E3%81%A1%E3%82%83%E3%82%93%35%38" dan="16,16,17,17" rate="2103.55,2238.14,2204.00,2189.53" sx="F,M,M,M"/><TAIKYOKU oya="0"/><INIT seed="0,0,0,0,5,125" ten="250,250,250,250" oya="0" hai0="113,126,74,24,110,40,21,75,96,71,70,100,78" hai1="48,114,57,85,80,16,64,89,18,37,22,49,127" hai2="135,99,3,42,109,66,106,118,8,95,54,44,53" hai3="98,35,90,10,7,134,133,58,28,13,59,52,14"/><T129/><D113/><U1/><E37/><V121/><F121/><W29/><G35/><T82/><D126/><U81/><E127/><V97/><F109/><W93/><G59/><T112/><D112/><U47/><E114/><V101/><F135/><N who="3" m="51723" /><G13/><T15/><D110/><U130/><E130/><V86/><F66/><W83/><G83/><T31/><D129/><U27/><E1/><V62/><F62/><AGARI ba="0,0" hai="7,10,14,28,29,52,58,62,90,93,98" m="51723" machi="62" ten="30,2000,0" yaku="20,1,54,1" doraHai="125" who="3" fromWho="2" sc="250,0,250,0,250,-20,250,20" /><INIT seed="1,0,0,5,0,41" ten="250,250,230,270" oya="1" hai0="115,15,110,58,36,90,42,127,124,67,83,48,3" hai1="135,73,108,46,91,130,86,104,128,133,63,38,77" hai2="39,81,123,30,66,14,112,117,64,102,74,40,33" hai3="31,76,12,114,19,54,6,100,106,24,57,96,80"/><U70/><E104/><V53/><F123/><W10/><G114/><T79/><D3/><U18/><E108/><V122/><F117/><W25/><G6/><T60/><D110/><U119/><E119/><V52/><F122/><W2/><G2/><T44/><D115/><U88/><E73/><V99/><F112/><W131/><G131/><N who="1" m="50218" /><E18/><V23/><F33/><W125/><G125/><T126/><D90/><N who="1" m="34347" /><E70/><V116/><F116/><W82/><G31/><T84/><REACH who="0" step="1"/><D15/><REACH who="0" ten="240,250,230,270" step="2"/><U92/><E133/><V27/><F14/><W59/><G12/><T113/><D113/><U98/><E135/><V65/><F74/><W43/><G82/><T71/><D71/><U47/><E38/><AGARI ba="0,1" hai="36,38,42,44,48,58,60,67,79,83,84,124,126,127" machi="38" ten="40,5200,0" yaku="1,1,18,1,52,1,53,0" doraHai="41" doraHaiUra="28" who="0" fromWho="1" sc="240,62,250,-52,230,0,270,0" /><INIT seed="2,0,0,4,0,97" ten="302,198,230,270" oya="2" hai0="46,105,59,21,131,124,48,106,44,74,26,76,119" hai1="126,24,35,27,51,31,70,114,94,67,16,77,6" hai2="104,69,101,20,103,29,32,117,87,23,41,88,82" hai3="13,3,92,40,79,18,130,53,2,90,132,118,123"/><V89/><F117/><W64/><G118/><T110/><D119/><U52/><E114/><V99/><F69/><W0/><G123/><T128/><D110/><U28/><E126/><V30/><F41/><W9/><G132/><T22/><D124/><U36/><E36/><V100/><F32/><W7/><G130/><N who="0" m="49707" /><D59/><U112/><E112/><V15/><F104/><N who="0" m="40042" /><D26/><U134/><E134/><V85/><F99/><W108/><G108/><T135/><D46/><N who="1" m="27767" /><E35/><V78/><F78/><W17/><G79/><T113/><D113/><U65/><E70/><V14/><F103/><W96/><G64/><N who="1" m="24650" /><E77/><V54/><F54/><W1/><G40/><N who="0" m="24583" /><D135/><U8/><E24/><V66/><F66/><W39/><G39/><T60/><D60/><U19/><E27/><V47/><F47/><W84/><G53/><T83/><AGARI ba="0,0" hai="21,22,74,76,83" m="24583,40042,49707" machi="83" ten="40,1500,0" yaku="19,1" doraHai="97" who="0" fromWho="0" sc="302,15,198,-4,230,-7,270,-4" /><INIT seed="3,0,0,4,2,134" ten="317,194,223,266" oya="3" hai0="124,16,62,125,10,120,0,29,79,65,132,109,15" hai1="75,90,102,129,56,133,5,20,22,70,99,73,51" hai2="33,69,74,59,85,54,44,9,100,38,111,64,43" hai3="117,60,19,55,42,130,11,47,86,2,83,84,113"/><W46/><G113/><T48/><D120/><U25/><E70/><V123/><F123/><W131/><G117/><T71/><D132/><U28/><E133/><V88/><F74/><W17/><G2/><T106/><D106/><U67/><E129/><V41/><F41/><W72/><G72/><T61/><D109/><U30/><E5/><V93/><F111/><W32/><G32/><T115/><D115/><U49/><E90/><V24/><F100/><W126/><G60/><T78/><D0/><U81/><E81/><V97/><F9/><W8/><G83/><T110/><D110/><U57/><E75/><V14/><F14/><W37/><G55/><T4/><D4/><U119/><E73/><V82/><F69/><W107/><G42/><T87/><D62/><U104/><E119/><V122/><F122/><W91/><G91/><T128/><D128/><U114/><E114/><V76/><F64/><W105/><G37/><T12/><D29/><U121/><E121/><V23/><F33/><W92/><G92/><T68/><D68/><U77/><E77/><N who="0" m="29193" /><D15/><U21/><E67/><V135/><F135/><W36/><G36/><T27/><D27/><U35/><REACH who="1" step="1"/><E30/><REACH who="1" ten="317,184,223,266" step="2"/><V6/><F6/><W98/><G131/><T18/><D71/><U7/><E7/><V40/><F24/><W13/><G130/><T95/><D65/><U52/><E52/><V31/><F43/><W66/><G66/><T118/><D118/><U3/><E3/><V89/><F31/><W45/><G17/><T96/><D18/><U127/><E127/><V103/><F23/><W58/><G19/><RYUUKYOKU ba="0,1" sc="317,-15,184,15,223,15,266,-15" hai1="20,21,22,25,28,35,49,51,56,57,99,102,104" hai2="38,40,44,54,59,76,82,85,88,89,93,97,103" owari="312,41.2,199,-30.1,238,-16.2,251,5.1" /></mjloggm>