<mjloggm ver="2.3"><GO type="225" lobby="0"/><UN n0="%E3%81%8C%E3%81%9F" n1="%E6%97%A5%E6%9B%9C%E6%97%A5%E3%82%88%E3%82%8A%E3%81%AE%E4%BD%BF%E8%80%85" n2="%E3%81%AF%E3%82%88%E3%81%8A%E3%81%98%E3%81%95%E3%82%93" n3="%E3%81%82%E3%81%84%E3%81%82%E3%81%8A%E3%81%84" dan="16,17,16,18" rate="2096.71,2155.15,2149.30,2194.00" sx="F,M,M,M"/><TAIKYOKU oya="0"/><INIT seed="0,0,0,3,5,79" ten="250,250,250,250" oya="0" hai0="32,85,75,34,61,126,116,0,133,12,110,109,96" hai1="35,99,122,131,16,70,129,118,91,31,50,39,41" hai2="4,127,7,120,124,21,121,65,105,113,86,63,72" hai3="93,2,78,33,27,49,88,69,76,38,6,45,59"/><T68/><D116/><U1/><E118/><V108/><F72/><W103/><G69/><T44/><D75/><U30/><E39/><V132/><F105/><W46/><G103/><T17/><D0/><U22/><E70/><V28/><F86/><W90/><G2/><T47/><D126/><N who="2" m="48170" /><F63/><W102/><G6/><N who="2" m="2089" /><F65/><W92/><G102/><T125/><D125/><U15/><E1/><V53/><F53/><N who="3" m="32175" /><G27/><T87/><D133/><U11/><E122/><N who="2" m="47211" /><F113/><W51/><G33/><N who="0" m="12907" /><D96/><U48/><E35/><V40/><F40/><N who="3" m="24999" /><G46/><N who="0" m="17451" /><D61/><U57/><E99/><V77/><F77/><W42/><G42/><T14/><D68/><U100/><E41/><V3/><F3/><W52/><G52/><T25/><D85/><U80/><E50/><V84/><F84/><N who="3" m="52231" /><G38/><T115/><D115/><U107/><E48/><V23/><F132/><W82/><G82/><T54/><D54/><U83/><E80/><V106/><F106/><W55/><G55/><T112/><D112/><U128/><E83/><V119/><F119/><W74/><G74/><T29/><D87/><AGARI ba="0,0" hai="76,78,87,90,93" m="52231,24999,32175" machi="87" ten="30,2000,0" yaku="8,1,54,1" doraHai="79" who="3" fromWho="0" sc="250,-20,250,0,250,0,250,20" /><INIT seed="1,0,0,2,2,36" ten="230,250,250,270" oya="1" hai0="55,123,24,102,74,18,89,90,23,82,3,41,54" hai1="2,61,10,109,16,53,86,12,39,48,121,64,84" hai2="81,28,13,132,19,75,27,93,118,44,30,70,69" hai3="42,49,100,21,63,105,135,32,119,129,57,45,72"/><U126/><E121/><V98/><F118/><W120/><G120/><T71/><D123/><U79/><E39/><V7/><F132/><W29/><G135/><T22/><D71/><U107/><E107/><V124/><F124/><W73/><G32/><T6/><D102/><U104/><E104/><V11/><F75/><W43/><G129/><T96/><D3/><U133/><E133/><V58/><F81/><W14/><G119/><T110/><D6/><U46/><E126/><V76/><F76/><W101/><G43/><T106/><D110/><U1/><E109/><V130/><F130/><W0/><G0/><T83/><D41/><U88/><E79/><V26/><F70/><W20/><G20/><T103/><D22/><U92/><REACH who="1" step="1"/><E84/><REACH who="1" ten="230,240,250,270" step="2"/><V35/><F98/><W87/><G87/><T114/><D74/><U8/><E8/><V17/><F11/><W60/><G105/><T47/><D114/><U51/><E51/><V91/><F91/><W66/><G73/><T95/><D106/><U131/><E131/><V80/><F80/><W111/><G72/><T62/><D83/><U128/><E128/><V67/><F93/><W78/><G78/><T99/><D82/><U9/><E9/><V59/><F35/><W50/><G111/><T25/><D99/><U97/><E97/><V85/><F85/><W113/><G113/><T112/><D112/><U31/><E31/><V38/><F30/><W134/><G29/><T15/><D90/><U116/><E116/><V37/><F28/><W108/><G134/><T122/><D89/><U56/><AGARI ba="0,1" hai="1,2,10,12,16,46,48,53,56,61,64,86,88,92" machi="56" ten="20,12000,1" yaku="1,1,0,1,7,1,54,2,53,0" doraHai="36" doraHaiUra="117" who="1" fromWho="1" sc="230,-40,240,130,250,-40,270,-40" /><INIT seed="1,1,0,4,3,71" ten="190,370,210,230" oya="1" hai0="45,44,27,55,125,38,93,18,20,56,92,11,129" hai1="40,87,121,32,10,108,43,4,12,76,29,61,113" hai2="33,111,34,9,90,123,134,122,135,119,130,2,99" hai3="1,133,120,84,75,128,117,54,127,15,0,25,104"/><U53/><E113/><V74/><F74/><W97/><G84/><T118/><D118/><U132/><E121/><N who="2" m="46091" /><F90/><W13/><G54/><T49/><D125/><U98/><E32/><N who="2" m="12395" /><F99/><W94/><G97/><T23/><D129/><U36/><E29/><V37/><F37/><W31/><G94/><T114/><D114/><U7/><E98/><V60/><F60/><W78/><G75/><T96/><D11/><U3/><E61/><V95/><F95/><W105/><G78/><T22/><D93/><U110/><E53/><V35/><N who="2" m="12403" /><V19/><DORA hai="14" /><F119/><W79/><G79/><T6/><D6/><U65/><E76/><V88/><F88/><W16/><G105/><T102/><REACH who="0" step="1"/><D45/><REACH who="0" ten="180,370,210,230" step="2"/><U46/><E7/><N who="2" m="1271" /><F130/><W66/><G128/><T131/><D131/><U17/><E46/><V100/><F100/><W83/><G117/><T72/><D72/><U42/><E4/><V8/><F111/><W106/><G104/><T112/><D112/><U85/><E110/><V82/><F82/><W59/><G83/><T116/><D116/><U69/><E108/><V68/><F68/><W86/><G106/><T26/><D26/><U24/><E24/><V89/><F89/><W109/><G25/><T57/><D57/><U47/><E47/><V51/><F51/><W63/><G59/><T52/><D52/><U101/><E69/><V73/><F73/><W126/><G109/><T81/><D81/><U5/><E5/><V41/><F41/><AGARI ba="1,1" hai="18,20,22,23,27,38,41,44,49,55,56,92,96,102" machi="41" ten="40,5200,0" yaku="1,1,52,2,53,0" doraHai="71,14" doraHaiUra="30,62" who="0" fromWho="2" sc="180,65,370,0,210,-55,230,0" /><INIT seed="2,0,0,2,4,9" ten="245,370,155,230" oya="2" hai0="15,66,72,32,42,76,7,33,27,28,101,132,97" hai1="0,37,121,41,100,62,49,47,2,135,131,12,56" hai2="11,60,111,98,64,93,26,39,20,115,113,106,57" hai3="23,10,30,3,116,13,4,38,134,36,52,92,61"/><V48/><F111/><W86/><G116/><T82/><D132/><U50/><E135/><V109/><F109/><W63/><G134/><T35/><D42/><U73/><E73/><V118/><F118/><W46/><G63/><T8/><REACH who="0" step="1"/><D66/><REACH who="0" ten="235,370,155,230" step="2"/><U107/><E41/><V1/><F39/><W88/><G38/><T5/><D5/><U102/><E37/><V77/><F106/><AGARI ba="0,1" hai="7,8,15,27,28,32,33,35,72,76,82,97,101,106" machi="106" ten="30,3900,0" yaku="1,1,7,1,52,1,53,0" doraHai="9" doraHaiUra="127" who="0" fromWho="2" sc="235,49,370,0,155,-39,230,0" /><INIT seed="3,0,0,5,0,102" ten="284,370,116,230" oya="3" hai0="74,37,108,85,61,53,133,65,25,117,20,42,31" hai1="40,12,60,104,97,32,124,51,73,4,11,59,115" hai2="90,127,132,33,34,18,56,23,5,98,87,22,10" hai3="24,119,44,100,134,123,64,112,93,63,109,35,135"/><W71/><G112/><T48/><D108/><U103/><E115/><V9/><F127/><W38/><G123/><T89/><D117/><U15/><E73/><V52/><F132/><N who="3" m="50731" /><G119/><T118/><D133/><U116/><E116/><V43/><F43/><N who="3" m="22647" /><G109/><T28/><D74/><U54/><E124/><V19/><F98/><N who="3" m="59471" /><G24/><T46/><D118/><U84/><E84/><V26/><F5/><W45/><G45/><T95/><D31/><U72/><E72/><V41/><F41/><W114/><G114/><T17/><D28/><U128/><E128/><V76/><F76/><W68/><G35/><T69/><D37/><U121/><E32/><V99/><F99/><W8/><G8/><T47/><D42/><U7/><E121/><V122/><F122/><W3/><G3/><T88/><REACH who="0" step="1"/><D89/><REACH who="0" ten="274,370,116,230" step="2"/><U120/><E120/><V55/><F34/><W21/><G21/><T2/><D2/><U77/><E40/><V107/><F33/><W13/><G13/><T101/><D101/><U82/><E15/><V80/><F107/><W111/><G111/><T16/><D16/><U91/><E91/><V113/><F113/><W79/><G79/><T62/><D62/><U106/><E60/><V70/><F70/><AGARI ba="0,1" hai="63,64,68,70,71" m="59471,22647,50731" machi="70" ten="30,1500,0" yaku="20,1" doraHai="102" who="3" fromWho="2" sc="274,0,370,0,116,-15,230,25" /><INIT seed="3,1,0,0,1,30" ten="274,370,101,255" oya="3" hai0="119,134,19,108,29,41,91,76,48,101,79,99,59" hai1="63,73,123,82,83,45,93,28,92,51,135,66,23" hai2="103,81,4,122,116,112,13,57,124,80,132,25,118" hai3="32,131,109,126,7,90,89,56,55,62,68,113,84"/><W1/><G113/><T95/><D119/><U52/><E123/><V88/><F112/><W42/><G126/><T121/><D121/><U107/><E107/><V14/><F122/><W46/><G131/><T77/><D108/><U40/><E135/><V8/><F132/><W31/><G68/><T65/><D134/><U15/><E40/><V6/><F124/><W54/><G109/><T85/><D19/><N who="1" m="10751" /><E28/><V130/><F130/><W111/><G111/><T94/><D29/><U5/><E5/><V87/><F103/><W24/><G55/><N who="0" m="32231" /><D41/><U100/><E73/><V64/><F25/><W96/><G96/><N who="0" m="59543" /><D65/><U26/><E26/><V105/><F105/><W128/><G128/><T53/><D53/><U133/><E133/><V72/><F72/><W67/><G54/><T39/><D39/><U125/><E125/><V117/><F117/><W17/><G17/><T12/><D12/><U44/><E44/><V129/><F129/><W18/><G18/><T10/><D10/><U75/><E83/><AGARI ba="1,0" hai="76,77,79,83,85,91,95,99" m="59543,32231" machi="83" ten="30,1000,0" yaku="8,1" doraHai="30" who="0" fromWho="1" sc="274,13,370,-13,101,0,255,0" owari="287,8.7,357,45.7,101,-39.9,255,-14.5" /></mjloggm>