<mjloggm ver="2.3"><GO type="225" lobby="0"/><UN n0="%73%6C%69%63%6B%33%31%39" n1="%E3%81%B7%E3%82%8A%E3%82%93%E8%81%96%E4%BA%BA" n2="%E4%B8%8B%E6%AE%B5%E3%83%81%E3%82%A7%E3%83%AA%E3%83%BC" n3="%E7%9C%9F%E4%B8%80" dan="16,16,16,17" rate="2193.80,2154.17,2149.27,2251.08" sx="M,M,M,M"/><TAIKYOKU oya="0"/><INIT seed="0,0,0,4,0,12" ten="250,250,250,250" oya="0" hai0="36,38,4,126,89,74,128,54,93,47,2,65,100" hai1="123,135,96,127,73,18,94,84,83,53,125,42,41" hai2="71,35,111,79,85,31,69,58,34,86,50,56,121" hai3="57,76,55,82,16,5,17,49,112,108,116,98,81"/><T114/><D114/><U130/><E123/><V6/><F121/><W21/><G112/><T19/><D74/><U101/><E73/><V13/><F111/><W134/><G116/><T23/><D65/><U10/><E130/><V67/><F31/><W117/><G117/><T8/><D126/><U80/><E83/><N who="3" m="31754" /><G108/><T102/><D128/><U75/><E75/><V95/><F79/><W3/><G3/><T30/><D30/><U29/><E29/><V72/><F72/><W64/><G134/><T99/><D38/><U26/><E135/><V77/><F77/><W59/><G76/><T0/><D2/><U32/><E32/><V70/><F67/><W105/><G105/><T44/><D44/><U110/><E110/><V14/><F50/><W124/><G5/><T51/><REACH who="0" step="1"/><D36/><REACH who="0" ten="240,250,250,250" step="2"/><U97/><E125/><V9/><F70/><W129/><G129/><T78/><D78/><U43/><E127/><V7/><F9/><W107/><G124/><T48/><D48/><U33/><E10/><V24/><F71/><W119/><G119/><T52/><D52/><U22/><E33/><V106/><F69/><W15/><G64/><T133/><D133/><U132/><E132/><V91/><F34/><W20/><G59/><T115/><D115/><U37/><E37/><V61/><F35/><W66/><G66/><T90/><D90/><U25/><E53/><V46/><F58/><W87/><G57/><T27/><AGARI ba="0,1" hai="0,4,8,19,23,27,47,51,54,89,93,99,100,102" machi="27" ten="20,7800,0" yaku="1,1,0,1,7,1,52,1,53,0" doraHai="12" doraHaiUra="104" who="0" fromWho="0" sc="240,88,250,-26,250,-26,250,-26" /><INIT seed="0,1,0,5,1,110" ten="328,224,224,224" oya="0" hai0="97,88,31,26,54,129,24,103,9,61,98,133,12" hai1="65,39,120,96,108,38,60,126,102,22,7,56,115" hai2="128,45,66,113,90,107,76,73,80,111,83,72,15" hai3="29,43,51,17,49,53,130,20,79,2,134,59,91"/><T85/><D133/><U132/><E120/><V82/><F66/><W122/><G134/><T78/><D129/><U70/><E132/><V8/><F111/><W75/><G2/><T0/><D0/><U100/><E108/><V3/><F3/><W116/><G116/><T74/><D74/><U123/><E123/><V62/><F62/><W35/><G122/><T41/><D41/><U28/><E102/><V23/><F107/><W105/><G105/><T95/><D78/><U89/><E7/><V52/><F128/><W71/><G71/><T69/><D97/><U13/><E126/><V64/><F64/><W55/><G43/><T33/><D26/><U86/><E70/><V34/><F34/><W6/><G6/><T118/><D118/><U25/><E13/><V1/><F1/><W84/><G35/><T37/><D37/><U67/><E65/><V4/><F23/><W121/><G29/><T10/><D69/><U18/><E18/><V119/><F119/><W21/><G121/><T93/><REACH who="0" step="1"/><D12/><REACH who="0" ten="318,224,224,224" step="2"/><U87/><E87/><V36/><F36/><W5/><G130/><T19/><D19/><U99/><E99/><V44/><F72/><W101/><G17/><T127/><D127/><U114/><E39/><V27/><F27/><W106/><G75/><T112/><D112/><U32/><E38/><V68/><F113/><W57/><G5/><T58/><AGARI ba="1,1" hai="9,10,24,31,33,54,58,61,85,88,93,95,98,103" machi="58" ten="30,11700,0" yaku="1,1,0,1,54,1,53,1" doraHai="110" doraHaiUra="94" who="0" fromWho="0" sc="318,130,224,-40,224,-40,224,-40" /><INIT seed="0,2,0,1,0,78" ten="448,184,184,184" oya="0" hai0="108,62,45,75,58,131,115,102,30,122,29,89,25" hai1="118,119,50,56,6,24,103,73,84,111,15,36,80" hai2="64,11,76,88,124,100,104,16,18,55,52,26,95" hai3="33,121,4,93,72,20,117,125,99,96,129,59,19"/><T3/><D115/><U31/><E36/><V17/><F124/><W27/><G117/><T74/><D122/><U9/><E73/><V12/><F64/><W42/><G125/><T90/><D3/><U60/><E50/><V54/><F76/><W53/><G129/><T7/><D7/><U109/><E103/><V39/><F39/><W57/><G121/><T114/><D114/><U70/><E70/><V81/><F104/><W10/><G33/><T82/><D131/><U83/><E84/><N who="2" m="50191" /><F26/><W66/><G72/><T77/><D74/><U105/><E105/><V63/><F63/><W130/><G42/><T65/><D30/><U5/><E6/><V2/><F2/><W132/><G132/><T28/><D29/><U116/><E109/><V85/><F85/><W51/><G130/><T0/><D0/><U40/><E40/><V94/><F100/><W13/><G93/><AGARI ba="2,0" hai="11,12,16,17,18,52,54,55,93,94,95" m="50191" machi="93" ten="30,8000,1" yaku="8,1,52,1,54,3" doraHai="78" who="2" fromWho="3" sc="448,0,184,0,184,86,184,-86" /><INIT seed="1,0,0,3,1,109" ten="448,184,270,98" oya="1" hai0="79,20,76,104,83,39,71,3,119,49,115,77,97" hai1="47,6,131,87,33,106,82,122,25,124,28,80,94" hai2="133,123,42,90,113,63,35,61,19,102,120,56,99" hai3="62,118,9,26,132,73,1,29,78,64,111,93,12"/><U107/><E122/><V129/><F35/><W38/><G111/><T84/><D39/><U48/><E131/><V51/><F129/><W121/><G121/><T8/><D71/><U40/><E124/><V125/><F125/><W89/><G38/><T57/><D119/><U72/><E94/><V0/><F0/><W66/><G118/><T34/><D34/><U98/><E98/><V21/><F133/><W128/><G1/><T100/><D115/><U135/><E135/><V2/><F2/><W75/><G128/><T114/><D114/><U55/><E6/><V112/><F90/><W14/><G14/><T13/><D3/><U95/><E95/><V5/><F5/><W91/><G91/><T23/><D57/><U50/><E72/><V4/><F4/><W44/><G44/><T67/><D67/><U116/><E80/><V130/><F130/><W70/><G66/><T54/><D54/><U103/><E103/><V36/><F36/><W17/><G78/><T16/><D49/><U45/><E116/><V60/><F123/><W11/><G11/><T134/><D134/><U59/><E59/><V74/><F74/><W69/><G69/><T52/><D52/><U65/><E65/><V110/><F110/><W22/><REACH who="3" step="1"/><G132/><REACH who="3" ten="448,184,270,88" step="2"/><T27/><D8/><U37/><E37/><V96/><F120/><W10/><G10/><T15/><D13/><U117/><E117/><V46/><F56/><W88/><G88/><AGARI ba="0,1" hai="25,28,33,40,45,47,48,50,55,82,87,88,106,107" machi="88" ten="30,2900,0" yaku="7,1,54,1" doraHai="109" who="1" fromWho="3" sc="448,0,184,39,270,0,88,-29" /><INIT seed="1,1,0,4,4,121" ten="448,223,270,59" oya="1" hai0="106,1,135,50,75,47,23,97,39,112,91,81,56" hai1="30,82,77,94,117,129,69,98,78,3,84,46,28" hai2="71,116,63,107,6,92,4,70,90,113,61,11,51" hai3="18,33,38,7,104,123,108,48,52,65,20,95,55"/><U58/><E3/><V88/><F116/><W99/><G123/><T101/><D1/><U59/><E69/><V86/><F107/><W66/><G38/><T14/><D112/><U60/><E78/><V96/><F113/><W93/><G33/><T109/><D109/><U53/><E117/><V67/><F51/><W130/><G130/><T44/><D135/><U29/><E129/><V21/><F21/><W125/><G125/><T8/><D23/><U118/><E118/><V17/><F17/><W2/><G104/><T45/><D39/><U27/><E46/><V114/><F114/><W110/><G7/><T32/><D32/><U64/><E59/><V124/><F124/><W72/><G72/><T120/><D120/><U34/><E53/><N who="3" m="20554" /><G48/><T133/><D133/><U131/><E131/><V122/><F122/><W5/><G5/><T128/><D128/><U134/><E134/><V111/><F111/><N who="3" m="42539" /><G2/><T87/><D75/><U73/><E73/><V42/><F4/><W0/><G0/><T22/><D50/><U37/><E37/><V57/><F6/><W10/><G10/><T26/><D8/><U76/><E76/><V83/><F11/><W105/><G105/><T24/><D106/><U68/><E68/><V119/><F119/><W9/><G9/><T19/><D14/><U62/><E62/><V127/><F127/><W80/><G80/><T43/><D81/><U74/><E74/><V15/><F63/><W115/><G115/><T12/><D12/><U54/><E54/><V132/><F83/><W102/><G95/><T126/><D126/><U25/><E25/><AGARI ba="1,0" hai="18,20,25,65,66,93,99,102" m="42539,20554" machi="25" ten="30,12000,2" yaku="6,1,14,1,52,3,54,1" doraHai="121" who="3" fromWho="1" sc="448,0,223,-123,270,0,59,123" /><INIT seed="2,0,0,1,5,0" ten="448,100,270,182" oya="2" hai0="23,45,134,99,92,67,131,104,13,120,107,70,61" hai1="19,25,79,98,10,83,108,77,16,86,102,55,89" hai2="27,3,68,126,31,32,69,97,57,26,66,100,110" hai3="129,48,15,53,81,35,39,62,20,82,125,4,78"/><V12/><F3/><W41/><G129/><T17/><D120/><U74/><E108/><V103/><F110/><W71/><G35/><T76/><D131/><U5/><E55/><V28/><F126/><W47/><G125/><T132/><D76/><U18/><E79/><V80/><F80/><W49/><G49/><T118/><D45/><U106/><E25/><V50/><F100/><W44/><G78/><T11/><D118/><U72/><REACH who="1" step="1"/><E77/><REACH who="1" ten="448,90,270,182" step="2"/><V75/><F75/><W65/><REACH who="3" step="1"/><G20/><REACH who="3" ten="448,90,270,172" step="2"/><T51/><D23/><U21/><E21/><N who="2" m="15439" /><F50/><W87/><G87/><T90/><D51/><U63/><E63/><V38/><F32/><W95/><G95/><T111/><D111/><U85/><E85/><V117/><F38/><W30/><G30/><T43/><D104/><U105/><E105/><V59/><F31/><W40/><G40/><T73/><D107/><U33/><E33/><V114/><F117/><W24/><G24/><T56/><D43/><U94/><E94/><V128/><F27/><W60/><G60/><T8/><D61/><U34/><E34/><V46/><F128/><W84/><G84/><T127/><D73/><U88/><E88/><V115/><F114/><W109/><G109/><T135/><D127/><U2/><AGARI ba="0,2" hai="2,5,10,16,18,19,72,74,83,86,89,98,102,106" machi="2" ten="30,7900,0" yaku="1,1,0,1,52,1,54,1,53,0" doraHai="0" doraHaiUra="124" who="1" fromWho="1" sc="448,-20,90,99,270,-39,172,-20" /><INIT seed="3,0,0,1,5,113" ten="428,189,231,152" oya="3" hai0="83,41,125,24,46,43,57,75,22,114,63,85,95" hai1="119,78,66,105,48,127,29,133,112,27,18,109,76" hai2="92,37,81,91,19,69,1,51,60,59,2,16,8" hai3="49,72,98,32,56,131,25,34,123,4,71,38,62"/><W31/><G123/><T111/><D75/><U53/><E105/><V26/><F37/><W15/><G38/><T90/><D114/><U97/><E112/><V100/><F100/><W21/><G72/><T44/><D111/><U80/><E109/><V70/><F81/><W74/><G74/><T20/><D125/><U124/><E97/><V132/><F132/><W50/><G131/><T54/><D83/><U104/><E104/><V73/><F73/><W120/><G120/><T6/><D6/><U99/><E99/><V28/><F51/><W115/><G115/><T117/><D117/><U101/><E101/><V45/><F45/><N who="0" m="17514" /><D20/><U106/><E106/><V82/><F82/><W121/><G121/><T11/><D11/><U3/><E3/><V10/><F10/><N who="3" m="4551" /><G71/><T13/><D13/><U103/><E103/><V87/><F70/><W130/><G130/><T118/><D118/><U35/><E119/><V102/><F69/><W55/><G98/><T42/><D42/><U67/><E133/><V17/><F8/><W12/><G34/><T126/><D126/><N who="1" m="48171" /><E18/><AGARI ba="0,0" hai="18,22,24,41,43,54,57,63,85,90,95" m="17514" machi="18" ten="30,1000,0" yaku="8,1" doraHai="113" who="0" fromWho="1" sc="428,10,189,-10,231,0,152,0" owari="438,53.8,179,-22.1,231,3.1,152,-34.8" /></mjloggm>