<mjloggm ver="2.3"><GO type="225" lobby="0"/><UN n0="%74%2E%6F%2E%6F%2E%73" n1="%E3%80%90%E3%83%88%E3%83%AA%E3%83%A5%E3%83%95%E3%80%91" n2="%6D%75%75%73%61%6E%6D%75" n3="%E3%83%81%E3%83%AF%E3%83%AF%E9%9A%8A%E9%95%B7" dan="17,16,17,16" rate="2114.79,2064.57,2184.22,2113.44" sx="M,F,F,M"/><TAIKYOKU oya="0"/><INIT seed="0,0,0,2,0,14" ten="250,250,250,250" oya="0" hai0="18,97,119,70,57,35,15,53,115,41,118,69,49" hai1="122,92,54,101,65,131,21,77,62,102,0,89,50" hai2="85,72,28,43,44,48,94,37,103,7,17,29,111" hai3="107,117,87,109,76,83,16,27,99,8,135,24,120"/><T61/><D115/><U2/><E122/><V129/><F72/><W88/><G117/><T108/><D35/><U98/><E131/><V106/><F129/><W4/><G120/><T25/><D25/><U67/><E77/><V45/><F111/><W126/><G109/><T110/><D110/><U26/><E2/><V20/><F7/><W90/><G126/><T133/><D108/><U132/><E0/><V96/><F85/><W82/><G135/><T33/><D33/><U75/><E75/><V42/><REACH who="2" step="1"/><F106/><REACH who="2" ten="250,250,240,250" step="2"/><W125/><G107/><T22/><D118/><U5/><E5/><V3/><F3/><W46/><G4/><T91/><D119/><U47/><E132/><V112/><F112/><W12/><G125/><T74/><D74/><U6/><E6/><V13/><AGARI ba="0,1" hai="13,17,20,28,29,37,42,43,44,45,48,94,96,103" machi="13" ten="20,5200,0" yaku="1,1,0,1,7,1,52,1,53,0" doraHai="14" doraHaiUra="81" who="2" fromWho="2" sc="250,-26,250,-13,240,62,250,-13" /><INIT seed="1,0,0,1,4,15" ten="224,237,302,237" oya="1" hai0="56,124,65,6,4,52,50,25,14,93,18,67,98" hai1="64,128,66,44,21,54,90,48,5,1,80,13,96" hai2="97,106,32,132,29,19,109,51,131,23,33,70,11" hai3="49,37,112,101,34,55,115,83,116,123,0,119,41"/><U129/><E1/><V121/><F70/><W20/><G34/><N who="2" m="13417" /><F51/><W81/><G0/><T38/><D38/><U39/><E39/><V95/><F95/><W28/><G123/><T78/><D78/><U9/><E21/><V60/><F60/><W107/><G37/><T24/><D124/><U10/><E10/><V53/><F53/><W94/><G41/><T7/><D65/><U12/><E12/><N who="2" m="7583" /><F97/><W84/><G107/><T85/><D67/><U135/><E64/><V79/><F79/><W120/><G120/><T27/><D85/><N who="1" m="50471" /><E66/><V46/><F106/><W82/><G101/><T87/><D87/><U114/><E96/><V63/><F63/><W31/><G84/><T127/><D127/><U88/><E88/><V118/><F46/><W100/><G100/><T86/><D86/><U57/><E44/><V113/><F121/><W58/><G94/><T92/><D98/><U36/><E36/><V74/><F74/><W117/><REACH who="3" step="1"/><G20/><AGARI ba="0,0" hai="4,6,7,14,18,20,24,25,27,50,52,56,92,93" machi="20" ten="40,5200,0" yaku="8,1,52,1,54,1" doraHai="15" who="0" fromWho="3" sc="224,52,237,0,302,0,237,-52" /><INIT seed="2,0,0,5,1,16" ten="276,237,302,185" oya="2" hai0="75,19,22,65,53,12,126,1,132,115,102,56,131" hai1="58,91,105,34,57,90,103,117,99,35,25,69,116" hai2="20,74,61,127,55,92,134,14,73,46,71,21,111" hai3="0,27,77,113,76,48,3,108,114,59,43,87,44"/><V17/><F127/><W89/><G108/><T47/><D115/><N who="3" m="44041" /><G59/><T9/><D75/><U66/><E35/><V79/><F111/><W81/><G27/><T29/><D126/><U63/><E58/><V94/><F134/><W40/><G40/><T37/><D132/><U80/><E57/><V93/><F46/><W101/><G101/><T135/><D135/><U85/><REACH who="1" step="1"/><E91/><REACH who="1" ten="276,227,302,185" step="2"/><V95/><F71/><W97/><G97/><T33/><D56/><U96/><E96/><V24/><F61/><W100/><G100/><T125/><D102/><U32/><E32/><V18/><F79/><AGARI ba="0,1" hai="0,3,43,44,48,76,77,79,81,87,89" m="44041" machi="79" ten="30,1000,0" yaku="11,1" doraHai="16" who="3" fromWho="2" sc="276,0,227,0,302,-10,185,20" /><INIT seed="3,0,0,4,2,49" ten="276,227,292,205" oya="3" hai0="129,34,23,12,64,29,125,44,68,127,91,90,76" hai1="93,113,13,97,92,52,47,134,50,123,65,116,87" hai2="62,112,121,10,27,63,41,48,46,14,75,106,117" hai3="84,111,32,19,61,85,128,74,45,105,2,131,72"/><W30/><G105/><T54/><D34/><U15/><E113/><V33/><F112/><W119/><G119/><T0/><D0/><U132/><E123/><V120/><F117/><W21/><G2/><T7/><D76/><U43/><E65/><V8/><F75/><N who="3" m="28715" /><G45/><T109/><D68/><U26/><E26/><V1/><F106/><W102/><G102/><T16/><D64/><U60/><E116/><V17/><F33/><W6/><G6/><T67/><D67/><U94/><E87/><N who="3" m="33354" /><G61/><T135/><D7/><U22/><E97/><V89/><F89/><W79/><G79/><T107/><D107/><U126/><E126/><V38/><F27/><N who="3" m="18527" /><G111/><T5/><D5/><U57/><REACH who="1" step="1"/><E22/><REACH who="1" ten="276,217,292,205" step="2"/><V77/><F120/><W11/><G21/><T78/><D125/><U39/><E39/><V101/><F121/><W124/><G124/><T70/><D127/><U110/><E110/><V103/><F38/><W108/><G108/><T130/><D109/><U88/><E88/><V114/><F114/><W18/><G11/><T83/><D90/><U20/><E20/><V3/><F10/><W31/><G31/><T55/><D91/><U51/><E51/><V4/><F101/><W100/><G100/><T66/><D66/><U35/><E35/><V82/><F103/><W37/><G37/><T59/><D23/><U56/><E56/><V69/><F69/><W42/><G42/><T118/><D59/><U71/><E71/><V24/><F63/><W98/><G98/><T99/><D70/><U73/><E73/><N who="2" m="43311" /><F62/><W9/><G9/><T25/><D99/><U53/><E53/><RYUUKYOKU ba="0,1" sc="276,-30,217,10,292,10,205,10" hai1="13,15,43,47,50,52,57,60,92,93,94,132,134" hai2="1,3,4,8,14,17,24,41,46,48" hai3="18,19,128,131" /><INIT seed="3,1,1,0,4,0" ten="246,227,302,215" oya="3" hai0="3,121,64,85,40,48,80,12,86,91,92,95,30" hai1="79,61,63,88,113,70,109,14,97,94,128,9,74" hai2="27,104,65,129,56,53,18,76,96,125,31,25,119" hai3="47,105,82,22,103,39,99,7,11,102,81,60,17"/><W41/><G102/><T28/><D3/><U57/><E109/><V68/><F119/><W21/><G60/><T83/><D121/><U16/><E113/><V120/><F76/><W49/><G39/><T54/><D40/><U110/><E110/><V26/><F120/><W8/><G22/><T1/><D1/><U52/><E128/><V10/><F129/><W66/><G66/><T42/><D42/><U101/><E79/><V73/><F73/><W72/><G72/><T108/><D64/><U89/><E74/><V35/><F10/><W127/><G127/><T34/><D12/><U106/><E106/><V98/><F18/><W46/><G46/><T132/><D132/><U67/><AGARI ba="1,1" hai="9,14,16,52,57,61,63,67,70,88,89,94,97,101" machi="67" ten="30,7900,0" yaku="0,1,54,3" doraHai="0" who="1" fromWho="1" sc="246,-21,227,92,302,-21,215,-40" owari="225,-17.5,319,41.9,281,8.1,175,-32.5" /></mjloggm>