<mjloggm ver="2.3"><GO type="225" lobby="0"/><UN n0="%E3%81%AF%E3%82%88%E3%81%8A%E3%81%98%E3%81%95%E3%82%93" n1="%E7%B4%94%E6%BD%94%E3%83%94%E3%83%A9%E3%83%8B%E3%82%A2" n2="%E3%80%93%E3%81%97%E3%83%BC%E3%82%89%E3%80%93" n3="%E3%81%B2%E3%81%AA%E3%81%AE%E3%82%8A%E3%81%8F" dan="17,16,16,17" rate="2189.26,2088.43,2164.88,2146.32" sx="M,M,M,M"/><TAIKYOKU oya="0"/><INIT seed="0,0,0,5,0,26" ten="250,250,250,250" oya="0" hai0="44,85,33,113,99,3,129,25,30,81,80,47,77" hai1="66,68,122,2,84,86,43,36,119,70,112,1,20" hai2="100,64,93,108,67,42,13,97,94,102,34,61,50" hai3="133,57,82,21,118,37,60,103,38,111,48,101,126"/><T71/><D113/><U27/><E119/><V32/><F108/><W39/><G118/><T89/><D129/><U76/><E122/><V63/><F13/><W24/><G111/><T16/><D71/><U5/><E112/><V65/><F42/><W106/><G126/><T134/><D134/><U127/><E127/><V12/><F12/><W92/><G106/><T51/><D3/><U18/><E66/><V105/><F50/><W29/><G133/><T135/><D135/><U54/><E54/><V8/><F8/><W53/><G82/><T45/><D16/><U6/><E1/><V79/><F79/><W49/><G49/><T96/><REACH who="0" step="1"/><D51/><REACH who="0" ten="240,250,250,250" step="2"/><U128/><E128/><V110/><F110/><W59/><REACH who="3" step="1"/><G92/><REACH who="3" ten="240,250,250,240" step="2"/><T131/><D131/><U87/><E2/><V91/><F105/><W115/><G115/><T40/><D40/><U132/><E132/><V117/><F117/><W35/><G35/><T41/><D41/><U98/><E43/><V11/><F32/><W120/><G120/><T22/><D22/><U75/><E20/><V4/><F34/><W69/><G69/><T28/><D28/><U107/><E68/><V58/><F94/><W116/><G116/><T104/><D104/><U74/><E70/><V114/><F114/><W78/><G78/><T130/><D130/><U56/><E76/><V10/><F93/><W23/><G23/><T123/><D123/><U55/><E107/><V124/><F124/><W15/><G15/><T19/><D19/><U109/><E18/><V125/><F125/><W62/><G62/><T90/><D90/><U52/><E109/><RYUUKYOKU ba="0,2" sc="240,15,250,-15,250,-15,240,15" hai0="25,30,33,44,45,47,77,80,81,85,89,96,99" hai3="21,24,29,37,38,39,48,53,57,59,60,101,103" /><INIT seed="0,1,2,3,0,21" ten="255,235,235,255" oya="0" hai0="20,79,45,25,57,59,97,16,91,53,113,131,102" hai1="50,98,122,94,105,108,114,88,106,101,65,2,7" hai2="58,89,4,109,74,128,22,125,83,38,0,82,69" hai3="130,84,75,61,47,129,77,115,80,1,5,64,9"/><T48/><D131/><N who="3" m="50185" /><G115/><T31/><D113/><U26/><E114/><V60/><F69/><N who="3" m="42127" /><G47/><T104/><D79/><U29/><E122/><V135/><F38/><W100/><G100/><T76/><D76/><U23/><E108/><V54/><F128/><W35/><G35/><T33/><REACH who="0" step="1"/><D91/><REACH who="0" ten="245,235,235,255" step="2"/><U96/><E65/><V34/><F109/><W90/><G90/><T11/><D11/><U133/><E133/><V72/><F135/><W92/><G92/><T67/><D67/><U73/><E73/><AGARI ba="1,3" hai="1,5,9,73,75,77,80,84" m="42127,50185" machi="73" ten="30,1000,0" yaku="19,1" doraHai="21" who="3" fromWho="1" sc="245,0,235,-13,235,0,255,43" /><INIT seed="1,0,0,1,3,127" ten="245,222,235,298" oya="1" hai0="108,2,33,38,86,0,18,85,69,87,25,116,88" hai1="77,121,109,11,84,57,79,14,16,67,15,111,32" hai2="17,24,117,126,55,71,113,58,73,133,131,124,42" hai3="119,1,135,43,45,47,39,29,46,31,102,36,120"/><U125/><E125/><N who="2" m="48235" /><F73/><W130/><G120/><T96/><D116/><U82/><E32/><V94/><F71/><W99/><G119/><T27/><D38/><U83/><E121/><V5/><F117/><W8/><G135/><T21/><D69/><U106/><E106/><V35/><F133/><W10/><G130/><T80/><D108/><N who="1" m="41547" /><E15/><V65/><F65/><W41/><G47/><T9/><D9/><U48/><E48/><N who="2" m="31079" /><F5/><W132/><G132/><T114/><D114/><U12/><E12/><V110/><F110/><W54/><G54/><T101/><D0/><U107/><E107/><V89/><F42/><W23/><G1/><T62/><D62/><N who="1" m="38351" /><E82/><V115/><F131/><W56/><G56/><T129/><D2/><U64/><E64/><V13/><F24/><W61/><G61/><T104/><REACH who="0" step="1"/><D129/><REACH who="0" ten="235,222,235,298" step="2"/><U105/><E105/><V19/><F115/><W40/><G36/><T72/><D72/><U90/><AGARI ba="0,1" hai="11,14,16,77,79,83,84,90" m="38351,41547" machi="90" ten="30,6000,0" yaku="14,1,10,1,54,1" doraHai="127" who="1" fromWho="1" sc="235,-20,222,70,235,-20,298,-20" /><INIT seed="1,1,0,0,5,44" ten="215,292,215,278" oya="1" hai0="131,132,119,121,2,35,38,41,82,73,24,27,86" hai1="60,16,42,105,61,75,36,116,12,20,127,81,1" hai2="29,6,46,102,112,89,123,99,96,32,128,94,67" hai3="45,31,4,59,25,53,40,87,0,56,68,39,113"/><U21/><E116/><V74/><F74/><W107/><G113/><T51/><D119/><U57/><E105/><V90/><F112/><W19/><G107/><T50/><D73/><U115/><E115/><V78/><F78/><W14/><G68/><T124/><D2/><U18/><E1/><V17/><F6/><W72/><G72/><T91/><D38/><U8/><E127/><V52/><F123/><W79/><G4/><T98/><D124/><U100/><E100/><V126/><F126/><W114/><G0/><T76/><D121/><U22/><E60/><V43/><F128/><W48/><G114/><T129/><D132/><U23/><E36/><V11/><F67/><W101/><G101/><T92/><D41/><U95/><E42/><V97/><F29/><W135/><G135/><T58/><D58/><U125/><E95/><V28/><F28/><W71/><G59/><T134/><D134/><U63/><E125/><V10/><F32/><W15/><G71/><T70/><D70/><U49/><E81/><V110/><F43/><W7/><G7/><T103/><D103/><U33/><E33/><V106/><F110/><W26/><G31/><N who="0" m="19943" /><D27/><N who="3" m="10249" /><G19/><T37/><D37/><U120/><E120/><V47/><F17/><W77/><G77/><T69/><D69/><U80/><E18/><V117/><F117/><W118/><G118/><T88/><D76/><N who="1" m="44063" /><E20/><V9/><F52/><W84/><G79/><T54/><D54/><N who="1" m="31951" /><E63/><V130/><F130/><AGARI ba="1,0" hai="50,51,82,86,88,91,92,98,129,130,131" m="19943" machi="130" ten="30,7700,0" yaku="19,1,52,2,54,1" doraHai="44" who="0" fromWho="2" sc="215,80,292,0,215,-80,278,0" /><INIT seed="2,0,0,1,3,50" ten="295,292,135,278" oya="2" hai0="49,131,16,28,58,86,83,67,45,27,100,52,109" hai1="85,30,87,121,41,63,116,40,64,113,92,38,53" hai2="111,66,108,103,43,46,4,98,135,54,133,80,23" hai3="35,47,25,55,71,48,31,115,82,17,124,33,112"/><V76/><F4/><W132/><G71/><T84/><D109/><N who="2" m="42058" /><F23/><W44/><G132/><N who="2" m="50761" /><F66/><W130/><G130/><T0/><D0/><U59/><E113/><N who="3" m="43594" /><G124/><T90/><D131/><U15/><E116/><V114/><F114/><W10/><G82/><N who="0" m="49431" /><D100/><U70/><E121/><V3/><F3/><W8/><G35/><T6/><D6/><U120/><E120/><V95/><F43/><W74/><G74/><T12/><D67/><U21/><E40/><V99/><F98/><W9/><G47/><T65/><D65/><U57/><E41/><V75/><F46/><W22/><G33/><T72/><D72/><U97/><E70/><V1/><F1/><W24/><G24/><T123/><D123/><U2/><E2/><V29/><F29/><AGARI ba="0,0" hai="8,9,10,17,22,25,29,31,44,48,55" m="43594" machi="29" ten="30,2000,0" yaku="11,1,52,1" doraHai="50" who="3" fromWho="2" sc="295,0,292,0,135,-20,278,20" /><INIT seed="3,0,0,5,0,30" ten="295,292,115,298" oya="3" hai0="124,96,98,23,95,125,133,61,132,38,111,102,14" hai1="113,104,60,40,80,33,108,89,73,28,44,116,36" hai2="112,118,91,3,106,63,110,84,42,74,83,2,101" hai3="70,5,120,62,100,59,130,10,29,51,71,57,43"/><W27/><G120/><T114/><D111/><U81/><E113/><V7/><F110/><W25/><G130/><T24/><D38/><U32/><E108/><V52/><F112/><W92/><G71/><T135/><D114/><U13/><E28/><V85/><F118/><W69/><G69/><T17/><D61/><U115/><E115/><V79/><F42/><W8/><G70/><T119/><D119/><U128/><E116/><V22/><F85/><W76/><G76/><T93/><D24/><N who="3" m="9289" /><G29/><T26/><D26/><U82/><E73/><V54/><F22/><W49/><G5/><T15/><D14/><U66/><E128/><V117/><F117/><W37/><G37/><T78/><D78/><U107/><E89/><AGARI ba="0,0" hai="15,17,23,89,93,95,96,98,102,124,125,132,133,135" machi="89" ten="40,1300,0" yaku="20,1" doraHai="30" who="0" fromWho="1" sc="295,13,292,-13,115,0,298,0" owari="308,40.8,279,-12.1,115,-38.5,298,9.8" /></mjloggm>