<mjloggm ver="2.3"><GO type="225" lobby="0"/><UN n0="%E6%A1%9C%E8%8A%B1%E9%96%83%E3%80%85" n1="%E3%83%A9%E3%83%96%E3%83%AC%E3%83%BC" n2="%4B%2E%32%2E%4B%2E" n3="%E9%80%9F%E6%B0%B4%E5%87%9B%E9%A6%99" dan="17,18,16,16" rate="2120.47,2217.81,2135.98,2089.46" sx="M,M,M,F"/><TAIKYOKU oya="0"/><INIT seed="0,0,0,5,3,9" ten="250,250,250,250" oya="0" hai0="52,31,34,19,121,125,56,27,11,66,45,63,55" hai1="61,73,5,17,131,116,32,129,72,24,4,81,10" hai2="104,100,25,75,37,28,128,77,21,102,118,41,13" hai3="7,12,48,95,26,3,94,0,44,126,2,35,76"/><T42/><D121/><U69/><E116/><V88/><F118/><W98/><G126/><T130/><D125/><U111/><E111/><V16/><F128/><N who="1" m="49225" /><E17/><V112/><F112/><W40/><G76/><T74/><D74/><N who="1" m="28779" /><E81/><V71/><F71/><W110/><G110/><T57/><D130/><U46/><E46/><V64/><F64/><W115/><G115/><T1/><D56/><U86/><E86/><V92/><F77/><W106/><G106/><T133/><D133/><U20/><E32/><V90/><F75/><W123/><G123/><T113/><D113/><U30/><E10/><V119/><F104/><W51/><G51/><T23/><D1/><U6/><E61/><V134/><F134/><W58/><G58/><BYE who="3" /><T97/><D97/><U101/><E101/><V60/><F60/><W68/><G68/><AGARI ba="0,0" hai="4,5,6,20,24,30,68,69" m="28779,49225" machi="68" ten="40,1300,0" yaku="19,1" doraHai="9" who="1" fromWho="3" sc="250,0,250,13,250,0,250,-13" /><INIT seed="1,0,0,2,1,47" ten="250,263,250,237" oya="1" hai0="116,99,27,87,80,89,64,32,52,122,108,58,93" hai1="22,62,39,42,79,120,113,48,125,92,16,36,23" hai2="112,49,15,109,28,10,76,115,91,61,135,12,121" hai3="74,41,31,46,30,63,35,73,84,78,72,9,37"/><U55/><E113/><N who="2" m="43595" /><F121/><W19/><G19/><T85/><D116/><UN n3="%E9%80%9F%E6%B0%B4%E5%87%9B%E9%A6%99" /><U107/><E120/><V133/><F109/><W1/><G35/><T90/><D122/><U26/><E107/><V21/><F76/><W7/><REACH who="3" step="1"/><G63/><REACH who="3" ten="250,263,250,227" step="2"/><T75/><D108/><U33/><E62/><V119/><F61/><W94/><G94/><T43/><D32/><U98/><E33/><V110/><F110/><W95/><G95/><T13/><D27/><U29/><E29/><V2/><F28/><W124/><G124/><T111/><D111/><U25/><E125/><V132/><F132/><W3/><G3/><T127/><D127/><U54/><E16/><N who="2" m="10375" /><F2/><W134/><G134/><T71/><D13/><U5/><E26/><V34/><F34/><W38/><G38/><T67/><D71/><U128/><E39/><V17/><F119/><W0/><G0/><T100/><D93/><U44/><E92/><V96/><F135/><W130/><G130/><T114/><D114/><U60/><E128/><V83/><F133/><W59/><G59/><T104/><D58/><U129/><E25/><V77/><F96/><W88/><G88/><T103/><D90/><U11/><E98/><V45/><F91/><W8/><G8/><T123/><D89/><U126/><E36/><V106/><F106/><W105/><G105/><T69/><D123/><U14/><E126/><V50/><F45/><W68/><G68/><T66/><D69/><U97/><E97/><V6/><F17/><W56/><G56/><T51/><D99/><U65/><E129/><V40/><F15/><W131/><G131/><T118/><D104/><RYUUKYOKU ba="0,1" sc="250,-10,263,-10,250,-10,227,30" hai3="1,7,9,30,31,37,41,46,72,73,74,78,84" /><INIT seed="2,1,1,5,3,40" ten="240,253,240,257" oya="2" hai0="129,98,131,117,45,111,78,96,110,65,89,103,94" hai1="56,60,10,114,59,39,93,91,4,73,38,113,101" hai2="83,42,46,48,127,31,21,120,102,54,28,118,84" hai3="123,134,64,37,88,130,44,11,109,133,1,72,5"/><V8/><F118/><W112/><G123/><T124/><D65/><U25/><E73/><V16/><F120/><W70/><G72/><T55/><D117/><U105/><E105/><V50/><F127/><W100/><G100/><T43/><D55/><U52/><E101/><V132/><F132/><N who="3" m="50795" /><G109/><N who="0" m="41483" /><D78/><U87/><E25/><N who="2" m="14503" /><F8/><W79/><G79/><T69/><D69/><U126/><E126/><V20/><F20/><W62/><G130/><N who="0" m="49675" /><D124/><U18/><E114/><V51/><F102/><W19/><G112/><T61/><D61/><U67/><E113/><V24/><F24/><W35/><G35/><T47/><D43/><U115/><E115/><V13/><F13/><W3/><G3/><T119/><D119/><U74/><E74/><V34/><F34/><W135/><G19/><T68/><D68/><U0/><E18/><V22/><F22/><W36/><G135/><T125/><D125/><U99/><E99/><V29/><F42/><N who="3" m="22599" /><G37/><T27/><D27/><U71/><E71/><V66/><F66/><W86/><G64/><T15/><D15/><U82/><E39/><V97/><F97/><W33/><G33/><T76/><D76/><AGARI ba="1,1" hai="28,29,31,46,48,50,51,54,76,83,84" m="14503" machi="76" ten="30,5800,0" yaku="8,1,52,1,54,1" doraHai="40" who="2" fromWho="0" sc="240,-61,253,0,240,71,257,0" /><INIT seed="2,2,0,5,3,34" ten="179,253,311,257" oya="2" hai0="66,109,0,86,56,44,29,97,84,74,123,46,104" hai1="1,5,125,12,11,55,16,64,32,133,61,50,113" hai2="131,14,102,129,13,24,85,107,112,78,80,122,17" hai3="4,57,96,52,18,19,67,63,49,98,76,15,108"/><V77/><F112/><W119/><G108/><T25/><D123/><U89/><E113/><V94/><F122/><W103/><G119/><T87/><D74/><U95/><E125/><V33/><F107/><W100/><G76/><T121/><D121/><U114/><E32/><V134/><F134/><W69/><G4/><T72/><D72/><U68/><E133/><V73/><F78/><W31/><G31/><T99/><D109/><U93/><E114/><V90/><F102/><W48/><G48/><T35/><D104/><U83/><E83/><V36/><F36/><W40/><G40/><T82/><D82/><U30/><E30/><N who="2" m="19655" /><F17/><W75/><G75/><T23/><D35/><U101/><E101/><V92/><F94/><W45/><G69/><T106/><D0/><U132/><E132/><V91/><F91/><W135/><G135/><T51/><D106/><U117/><E117/><V110/><F110/><W26/><G103/><T2/><D2/><U10/><E89/><V8/><F8/><W70/><G70/><T6/><D6/><U71/><E71/><V62/><F62/><W111/><G100/><T60/><REACH who="0" step="1"/><D46/><AGARI ba="2,0" hai="1,5,10,11,12,16,46,50,55,61,64,68,93,95" machi="46" ten="30,3900,0" yaku="7,1,52,1,54,1" doraHai="34" who="1" fromWho="0" sc="179,-45,253,45,311,0,257,0" /><INIT seed="3,0,0,1,0,82" ten="134,298,311,257" oya="3" hai0="109,60,54,133,1,49,12,62,85,79,87,103,28" hai1="47,130,66,127,31,97,6,108,112,17,98,88,55" hai2="34,20,122,115,46,81,111,42,123,101,116,135,18" hai3="48,53,74,40,77,51,10,80,117,90,128,131,37"/><W4/><G117/><T36/><D36/><U91/><E112/><V59/><F111/><W44/><G90/><N who="1" m="34346" /><E108/><V75/><F115/><W119/><G119/><T43/><D109/><U52/><E127/><V8/><F116/><W15/><REACH who="3" step="1"/><G53/><REACH who="3" ten="134,298,311,247" step="2"/><T61/><D1/><U0/><E0/><V100/><F123/><W67/><G67/><T76/><D133/><U56/><E66/><V45/><F122/><W106/><G106/><T30/><D43/><U22/><E130/><AGARI ba="0,1" hai="4,10,15,37,40,44,48,51,74,77,80,128,130,131" machi="130" ten="40,3900,0" yaku="1,1,19,1,53,0" doraHai="82" doraHaiUra="120" who="3" fromWho="1" sc="134,0,298,-39,311,0,247,49" /><INIT seed="3,1,0,0,1,18" ten="134,259,311,296" oya="3" hai0="41,97,116,76,107,84,50,123,29,12,28,51,83" hai1="46,130,26,9,63,58,134,34,19,128,125,101,44" hai2="21,122,69,47,77,30,73,62,131,121,38,55,33" hai3="129,105,8,80,53,45,4,110,118,120,0,104,11"/><W59/><G120/><N who="2" m="46185" /><F131/><W32/><G129/><N who="1" m="49770" /><E101/><V72/><F33/><W114/><G118/><T81/><D123/><U37/><E37/><V92/><F77/><W17/><G32/><T36/><D116/><U40/><E40/><N who="2" m="22935" /><F92/><W6/><G114/><T112/><D112/><U74/><E74/><N who="2" m="28779" /><F55/><W61/><G110/><T14/><D36/><U87/><E134/><V127/><F127/><W111/><G111/><T57/><D107/><U102/><E102/><V31/><F21/><W96/><G80/><T7/><D97/><U103/><E103/><V1/><F1/><W115/><G96/><T119/><D119/><U88/><E125/><V15/><F15/><N who="0" m="5674" /><D7/><U60/><E9/><V117/><F117/><W67/><G115/><T70/><D70/><U90/><E90/><V49/><F49/><N who="0" m="18442" /><D41/><U132/><E132/><V16/><F16/><W91/><G17/><T35/><D35/><U27/><E34/><V25/><F25/><N who="1" m="9225" /><E19/><V5/><F5/><W113/><G113/><T20/><D83/><N who="1" m="49279" /><E63/><V75/><F75/><W2/><G91/><T82/><D82/><U65/><AGARI ba="1,0" hai="44,46,58,60,65" m="49279,9225,49770" machi="65" ten="30,2000,0" yaku="19,1,54,1" doraHai="18" who="1" fromWho="1" sc="134,-6,259,23,311,-6,296,-11" owari="128,-37.2,282,-11.8,305,40.5,285,8.5" /></mjloggm>