<mjloggm ver="2.3"><GO type="225" lobby="0"/><UN n0="%47%32%E9%BE%8D%E9%96%80" n1="%4C%4F%4C%49%54%41" n2="%E3%81%88%E3%81%8C%E3%82%8F%E3%82%8A%E3%81%8A" n3="%E3%81%95%E3%81%8D%E3%81%9F%E3%81%BE%E6%9E%97%E6%AA%8E" dan="16,16,16,16" rate="2113.03,2181.26,2114.54,2169.43" sx="M,F,M,M"/><TAIKYOKU oya="0"/><INIT seed="0,0,0,0,5,71" ten="250,250,250,250" oya="0" hai0="9,123,62,90,42,98,128,108,15,113,96,46,103" hai1="37,135,132,4,43,7,61,83,125,86,82,131,118" hai2="79,126,34,130,112,70,69,50,44,134,84,21,107" hai3="31,116,28,80,22,111,119,27,105,20,124,122,100"/><T64/><D113/><U109/><E118/><V93/><F112/><W58/><G111/><T81/><D123/><U89/><E109/><V10/><F34/><W85/><G124/><T74/><D108/><U76/><E131/><V13/><F107/><W114/><G114/><T39/><D128/><U36/><E125/><V19/><F130/><W53/><G122/><T3/><D103/><U95/><E61/><V38/><F126/><W14/><G105/><T16/><D3/><U17/><E17/><V66/><F134/><N who="1" m="51241" /><E82/><V92/><F38/><N who="1" m="14953" /><E43/><V60/><F70/><W59/><G100/><T57/><REACH who="0" step="1"/><D90/><REACH who="0" ten="240,250,250,250" step="2"/><U68/><E68/><V87/><F69/><W47/><G119/><T6/><D6/><U33/><E33/><V94/><F60/><W40/><G116/><T129/><D129/><U117/><E117/><V24/><F66/><W127/><G127/><T73/><D73/><AGARI ba="0,1" hai="4,7,73,76,83,86,89,95" m="14953,51241" machi="73" ten="30,7700,0" yaku="20,1,52,3" doraHai="71" who="1" fromWho="0" sc="240,-77,250,87,250,0,250,0" /><INIT seed="1,0,0,3,4,43" ten="163,337,250,250" oya="1" hai0="80,121,77,122,95,129,52,16,72,112,50,61,7" hai1="113,37,8,124,98,125,58,111,128,63,68,132,56" hai2="70,94,71,0,53,74,14,135,119,5,97,13,99" hai3="131,6,105,85,51,93,20,96,10,134,130,78,25"/><U104/><E113/><V84/><F119/><W59/><G134/><T103/><D112/><U73/><E73/><V115/><F74/><W30/><G105/><T55/><D7/><U126/><E8/><V75/><F75/><W34/><G34/><T109/><D109/><U15/><E15/><V83/><F135/><W46/><G59/><N who="1" m="22570" /><E132/><V114/><F53/><W2/><G85/><T67/><D129/><U49/><E98/><V27/><F84/><W41/><REACH who="3" step="1"/><G78/><REACH who="3" ten="163,337,250,240" step="2"/><T116/><D116/><U100/><E104/><V48/><F114/><W117/><G117/><T89/><D103/><AGARI ba="0,1" hai="2,6,10,20,25,30,41,46,51,93,96,103,130,131" machi="103" ten="40,5200,0" yaku="1,1,52,1,53,1" doraHai="43" doraHaiUra="22" who="3" fromWho="0" sc="163,-52,337,0,250,0,240,62" /><INIT seed="2,0,0,4,2,19" ten="111,337,250,302" oya="2" hai0="15,2,132,97,22,98,46,103,38,67,16,120,21" hai1="102,135,33,58,55,133,88,82,81,51,89,94,11" hai2="106,72,0,86,87,35,39,99,50,118,85,64,113" hai3="37,121,101,112,63,100,93,60,91,83,43,90,80"/><V114/><F118/><W18/><G121/><T74/><D120/><U7/><E33/><V95/><F39/><W68/><G37/><T57/><D2/><U117/><E117/><V62/><F0/><W12/><G43/><T69/><D74/><U30/><E30/><V42/><F72/><W126/><G126/><T70/><D132/><N who="1" m="50763" /><E102/><V73/><F73/><W17/><G112/><T41/><D97/><N who="1" m="57543" /><E89/><V53/><F42/><W24/><G68/><T32/><D32/><U28/><E28/><V45/><F106/><W48/><G48/><T3/><D3/><AGARI ba="0,0" hai="3,7,11,51,55,58,81,82" m="57543,50763" machi="3" ten="30,2000,0" yaku="20,1,54,1" doraHai="19" who="1" fromWho="0" sc="111,-20,337,20,250,0,302,0" /><INIT seed="3,0,0,1,3,113" ten="91,357,250,302" oya="3" hai0="6,7,39,58,9,82,48,75,22,95,65,68,11" hai1="14,53,106,29,76,128,63,21,100,49,74,98,118" hai2="107,32,90,51,81,35,135,99,115,10,122,44,37" hai3="108,64,54,132,34,67,134,93,13,109,59,103,43"/><W57/><G34/><T92/><D22/><U77/><E74/><V27/><F115/><W56/><G43/><T36/><D58/><N who="3" m="22633" /><G13/><T19/><D48/><U71/><E118/><V41/><F135/><N who="3" m="51755" /><G93/><T17/><D82/><U55/><E128/><V97/><F122/><W52/><G103/><T26/><D26/><U112/><E112/><V133/><F133/><W104/><G104/><T28/><D65/><N who="3" m="25161" /><G54/><T127/><D28/><U126/><E55/><V119/><F27/><W40/><G40/><T69/><REACH who="0" step="1"/><D127/><REACH who="0" ten="81,357,250,302" step="2"/><U31/><E126/><V18/><F51/><AGARI ba="0,1" hai="51,52,59,108,109" m="25161,51755,22633" machi="51" ten="40,12000,1" yaku="20,1,34,2,54,1" doraHai="113" who="3" fromWho="2" sc="81,0,357,0,250,-120,302,130" owari="81,-41.9,357,15.7,130,-27.0,432,53.2" /></mjloggm>