<mjloggm ver="2.3"><GO type="225" lobby="0"/><UN n0="%E5%A4%9C%E5%85%89%E5%A4%A9%E6%A5%BC" n1="%E3%80%93%E3%81%97%E3%83%BC%E3%82%89%E3%80%93" n2="%E3%81%B5%E3%81%98%E3%81%8B%E3%81%A4" n3="%E5%8D%A0%E3%81%84%E5%B8%AB%E8%A3%8F%E3%81%AA%E3%81%84%E3%81%97" dan="16,16,16,17" rate="2102.17,2158.37,2163.92,2152.77" sx="M,M,M,M"/><TAIKYOKU oya="0"/><INIT seed="0,0,0,2,2,25" ten="250,250,250,250" oya="0" hai0="110,39,63,94,19,45,131,111,54,43,113,79,13" hai1="115,64,74,55,2,32,5,87,133,80,27,99,23" hai2="84,75,102,67,127,42,65,14,88,98,66,132,26" hai3="15,122,4,18,53,135,35,81,117,10,109,76,120"/><T91/><D113/><U11/><E133/><V34/><F132/><W1/><G135/><T31/><D79/><U85/><E115/><V56/><F127/><W16/><G109/><N who="0" m="41483" /><D131/><U73/><E64/><V0/><F75/><W59/><G35/><T92/><D91/><U134/><E134/><V107/><F0/><W86/><G117/><T101/><D101/><U129/><E129/><V77/><F77/><W6/><G6/><T69/><D31/><U46/><E32/><V106/><F106/><W40/><G40/><T119/><D119/><U38/><E99/><V78/><F78/><W70/><G70/><T52/><D69/><U128/><E128/><V62/><F42/><W12/><G1/><T118/><D118/><U96/><E96/><V8/><F34/><W103/><G103/><T89/><D63/><U116/><E116/><V105/><F105/><W124/><G124/><T61/><D61/><U50/><E38/><V71/><F71/><W49/><REACH who="3" step="1"/><G4/><REACH who="3" ten="250,250,250,240" step="2"/><T60/><D60/><U7/><E7/><V37/><F66/><W36/><G36/><T90/><D54/><U114/><E114/><V130/><F67/><W104/><G104/><T82/><D52/><U22/><E5/><N who="2" m="3343" /><F37/><W17/><G17/><T93/><D82/><U48/><E80/><N who="2" m="49159" /><F130/><W21/><AGARI ba="0,1" hai="10,12,15,16,18,21,49,53,59,76,81,86,120,122" machi="21" ten="30,4000,0" yaku="1,1,0,1,54,1,53,0" doraHai="25" doraHaiUra="28" who="3" fromWho="3" sc="250,-20,250,-10,250,-10,240,50" /><INIT seed="1,0,0,3,2,48" ten="230,240,240,290" oya="1" hai0="87,85,19,27,3,123,103,61,127,0,63,55,114" hai1="83,38,7,106,69,86,100,104,37,47,35,18,46" hai2="101,96,53,105,74,22,65,134,120,64,130,39,107" hai3="95,33,79,52,30,5,112,81,41,71,66,34,124"/><U113/><E35/><V51/><F120/><W45/><G112/><T54/><D114/><U121/><E113/><V135/><F74/><W92/><G124/><T72/><D72/><U4/><E69/><V11/><F39/><W67/><G5/><T98/><D127/><U70/><E70/><V108/><F107/><W93/><G41/><T2/><D123/><U57/><E100/><V20/><F130/><W82/><G71/><T88/><D61/><U14/><E121/><V77/><F77/><W111/><G111/><T15/><D27/><U1/><E1/><V40/><F40/><W109/><G109/><T29/><D29/><U42/><E38/><V126/><F11/><W58/><G30/><T102/><D63/><U129/><E129/><V115/><F115/><W21/><G81/><T26/><D26/><U97/><E97/><V119/><F119/><W75/><G45/><N who="1" m="16906" /><E104/><V94/><F105/><W117/><G117/><T16/><D3/><U13/><E106/><V122/><F122/><W17/><G33/><T132/><D98/><U116/><E42/><V78/><F78/><W62/><REACH who="3" step="1"/><G34/><REACH who="3" ten="230,240,240,280" step="2"/><T110/><D110/><U99/><E116/><V59/><F108/><W56/><G56/><T36/><D36/><U90/><E37/><V60/><F126/><W91/><G91/><T49/><D88/><N who="1" m="51295" /><E7/><V24/><F135/><W128/><G128/><T73/><D132/><U89/><E4/><V68/><F134/><W9/><G9/><T28/><D2/><U131/><E131/><V43/><F68/><W44/><G44/><T31/><D0/><U6/><E6/><RYUUKYOKU ba="0,1" sc="230,-10,240,-10,240,-10,280,30" hai3="17,21,52,58,62,66,67,75,79,82,92,93,95" /><INIT seed="2,1,1,1,1,134" ten="220,230,230,310" oya="2" hai0="10,113,50,45,92,28,44,5,7,110,111,39,58" hai1="68,53,121,80,26,116,79,75,4,70,129,81,36" hai2="102,37,32,23,6,120,31,14,61,109,43,11,48" hai3="96,85,22,76,8,24,122,56,3,54,87,29,67"/><V97/><F120/><W19/><G122/><T128/><D113/><U62/><E36/><V41/><F37/><W124/><G124/><T123/><D123/><U47/><E121/><V1/><F109/><N who="0" m="41482" /><D128/><U9/><E129/><V84/><F84/><W104/><G76/><T98/><D28/><U17/><E116/><V90/><F90/><W65/><G3/><N who="0" m="319" /><D7/><U15/><E80/><V2/><F61/><W66/><G104/><T131/><D131/><U117/><E117/><V77/><F77/><W42/><G42/><T27/><D27/><U135/><E135/><V49/><F43/><W115/><G96/><T38/><D58/><U132/><E132/><V55/><F41/><W93/><G93/><T74/><D74/><U21/><REACH who="1" step="1"/><E62/><REACH who="1" ten="220,220,230,310" step="2"/><V0/><F48/><AGARI ba="1,2" hai="4,9,15,17,21,26,47,48,53,68,70,75,79,81" machi="48" ten="40,2600,0" yaku="1,1,2,1,53,0" doraHai="134" doraHaiUra="103" who="1" fromWho="2" sc="220,0,220,49,230,-29,310,0" /><INIT seed="3,0,0,2,1,18" ten="220,269,201,310" oya="3" hai0="65,120,26,122,37,76,30,52,64,44,77,135,23" hai1="119,36,99,38,46,95,85,80,9,2,109,84,13" hai2="54,108,72,58,92,11,34,130,3,15,114,10,41" hai3="49,63,117,57,6,112,88,132,62,68,14,100,32"/><W43/><G112/><T21/><D135/><U27/><E2/><V50/><F114/><W66/><G32/><T121/><D23/><U98/><E109/><V116/><F72/><W74/><G74/><T8/><D8/><N who="2" m="3114" /><F116/><W5/><G117/><T42/><REACH who="0" step="1"/><D52/><REACH who="0" ten="210,269,201,310" step="2"/><U127/><E119/><V106/><F108/><W1/><G132/><T31/><D31/><U105/><E9/><V67/><F34/><W81/><G5/><T51/><D51/><U111/><E111/><V104/><F130/><W69/><G49/><T90/><D90/><U7/><E38/><V47/><F3/><W56/><G88/><T82/><D82/><U129/><E80/><V45/><F106/><W103/><G81/><T79/><AGARI ba="0,1" hai="21,26,30,37,42,44,64,65,76,77,79,120,121,122" machi="79" ten="40,5200,0" yaku="1,1,0,1,52,1,53,0" doraHai="18" doraHaiUra="94" who="0" fromWho="0" sc="210,62,269,-13,201,-13,310,-26" /><INIT seed="4,0,0,0,0,64" ten="272,256,188,284" oya="0" hai0="106,51,45,78,1,20,92,34,27,13,126,95,22" hai1="38,50,36,117,52,113,110,77,68,130,97,81,21" hai2="80,33,42,83,87,74,125,93,120,82,86,114,75" hai3="31,84,4,25,118,65,54,39,12,2,46,62,47"/><T56/><D1/><U40/><E117/><V73/><F33/><W71/><G118/><T5/><D106/><U30/><E110/><V61/><F42/><W124/><G39/><T7/><D126/><U129/><E97/><V127/><F61/><W16/><G124/><N who="2" m="47689" /><F120/><W79/><G54/><T112/><D112/><U32/><E32/><V99/><F114/><W116/><G116/><T111/><D78/><U66/><E113/><V102/><AGARI ba="0,0" hai="73,74,75,80,82,83,86,87,93,99,102" m="47689" machi="102" ten="40,5200,0" yaku="18,1,34,2" doraHai="64" who="2" fromWho="2" sc="272,-26,256,-13,188,52,284,-13" /><INIT seed="5,0,0,0,5,3" ten="246,243,240,271" oya="1" hai0="134,128,15,52,58,1,88,79,66,65,118,48,94" hai1="61,20,100,74,22,53,122,77,120,46,35,108,95" hai2="70,32,67,64,38,107,59,99,91,80,27,42,29" hai3="54,75,8,50,97,90,60,41,78,47,33,84,30"/><U4/><E35/><V125/><F125/><W132/><G132/><T51/><D118/><U124/><E124/><V34/><F34/><W69/><G33/><T28/><D134/><U7/><E74/><V93/><F70/><W73/><G30/><T87/><D1/><U39/><E39/><V113/><F107/><W104/><G78/><T109/><D109/><U18/><E108/><V86/><F59/><W10/><G75/><T83/><D128/><U135/><E135/><V63/><F113/><W19/><G73/><T13/><D28/><U112/><E77/><V96/><F96/><W5/><G19/><T43/><D51/><N who="1" m="28919" /><E122/><V85/><F85/><W62/><G69/><T57/><D43/><U115/><E120/><V119/><F119/><W36/><G10/><T130/><D130/><U14/><E61/><V45/><REACH who="2" step="1"/><F63/><REACH who="2" ten="246,243,230,271" step="2"/><W56/><G104/><T40/><D58/><U49/><E115/><V71/><F71/><W16/><G97/><N who="0" m="57543" /><D40/><U123/><E112/><V117/><F117/><W81/><G41/><T106/><D106/><U31/><E123/><V24/><F24/><W126/><G56/><T37/><D37/><U111/><E111/><V103/><AGARI ba="0,1" hai="27,29,32,38,42,45,64,67,80,86,91,93,99,103" machi="103" ten="20,2700,0" yaku="1,1,0,1,7,1,53,0" doraHai="3" doraHaiUra="0" who="2" fromWho="2" sc="246,-7,243,-13,230,37,271,-7" /><INIT seed="6,0,0,2,2,70" ten="239,230,267,264" oya="2" hai0="49,79,39,80,64,95,10,61,76,26,103,63,52" hai1="126,13,54,117,118,130,90,75,101,128,44,15,122" hai2="53,23,129,48,50,94,36,65,66,25,116,134,4" hai3="7,34,73,123,28,6,108,18,67,125,127,20,104"/><V133/><F116/><N who="1" m="44649" /><E75/><V92/><F4/><N who="3" m="1579" /><G104/><T42/><D10/><U60/><E101/><V27/><F129/><N who="1" m="49769" /><E126/><N who="3" m="48138" /><G67/><T111/><D64/><U11/><E122/><V110/><F23/><W68/><G68/><T81/><D103/><U77/><E77/><V124/><F124/><W71/><G71/><T99/><D79/><U58/><E11/><V115/><F53/><W21/><G108/><T30/><D76/><U16/><E16/><V93/><F93/><W88/><G73/><T91/><D111/><U74/><E74/><V12/><F110/><W114/><G88/><T59/><D81/><U69/><E69/><V62/><F62/><W82/><G123/><T14/><D80/><U32/><E32/><V106/><F106/><W83/><G83/><T55/><D14/><N who="1" m="5131" /><E90/><V29/><F12/><W33/><G82/><T121/><D121/><U22/><E22/><V102/><F102/><W89/><G89/><T8/><D8/><U56/><E60/><V47/><F94/><W105/><G105/><T24/><D24/><U40/><E54/><V87/><F25/><N who="3" m="14487" /><G21/><T1/><D55/><U46/><E40/><V109/><F92/><W31/><G114/><T2/><D61/><U0/><E0/><V84/><F109/><W100/><G100/><T57/><D63/><U135/><E135/><V132/><F132/><W43/><G43/><T3/><D26/><U86/><E86/><V96/><F27/><W112/><G112/><T98/><D98/><U5/><E5/><V41/><F115/><W17/><G17/><T97/><D97/><U119/><N who="1" m="44657" /><U72/><DORA hai="113" /><E72/><RYUUKYOKU ba="0,0" sc="239,-15,230,15,267,-15,264,15" hai1="44,46,56,58" hai3="28,31,33,34" /><INIT seed="7,1,0,3,0,98" ten="224,245,252,279" oya="3" hai0="13,76,111,52,117,88,42,71,94,95,36,49,34" hai1="23,19,106,60,133,2,48,61,17,57,16,128,58" hai2="33,120,50,27,18,101,56,81,25,118,96,8,45" hai3="126,54,114,68,29,63,15,72,135,32,7,62,51"/><W104/><G72/><T113/><D117/><U102/><E2/><V82/><F118/><W39/><G114/><T74/><D111/><U87/><E133/><V93/><F33/><W103/><G39/><T132/><D71/><U9/><E128/><V38/><F38/><W84/><G84/><T116/><D116/><U122/><E122/><V107/><F107/><W12/><G7/><T1/><D1/><U109/><E109/><V55/><F120/><W30/><G63/><N who="1" m="24138" /><E106/><V65/><F8/><W70/><G30/><T46/><D132/><U121/><E102/><V75/><F75/><W115/><G126/><T47/><D34/><U21/><E121/><V108/><F108/><W59/><G68/><T131/><D131/><U40/><E87/><V80/><F18/><N who="1" m="7273" /><E9/><V134/><F134/><W66/><G135/><T67/><D113/><U31/><E31/><V83/><N who="2" m="20480" /><DORA hai="124" /><V85/><F85/><W78/><G115/><T5/><D74/><U112/><E112/><V20/><F20/><N who="1" m="7753" /><E19/><V10/><F10/><W4/><G32/><T90/><D67/><U43/><E48/><N who="2" m="30823" /><F65/><W6/><G66/><T0/><D0/><U64/><E64/><V26/><F26/><W130/><G130/><T119/><D119/><U24/><E24/><V35/><F35/><W129/><G129/><T89/><D76/><U14/><E14/><V123/><F123/><W125/><G78/><T53/><D13/><N who="3" m="5193" /><G125/><T86/><D5/><U97/><E97/><V79/><F79/><W28/><G4/><T110/><D110/><U105/><E105/><V37/><F37/><W99/><G6/><RYUUKYOKU ba="1,0" sc="224,-30,245,10,252,10,279,10" hai1="40,43,57,58" hai2="25,27,45,50,93,96,101" hai3="28,29,51,54,59,62,70,99,103,104" /><INIT seed="7,2,0,0,2,106" ten="194,255,262,289" oya="3" hai0="69,101,130,36,61,134,105,6,120,96,89,63,91" hai1="9,118,26,48,119,88,45,135,38,20,128,64,57" hai2="107,93,73,102,108,4,110,92,58,56,115,77,19" hai3="49,32,27,65,100,95,98,16,81,59,132,74,11"/><W7/><G132/><T34/><D120/><U0/><E135/><V116/><F4/><W21/><G32/><T87/><D134/><U126/><E126/><V22/><F116/><N who="1" m="44585" /><E128/><V28/><F28/><W94/><G74/><T51/><D130/><U99/><E38/><V68/><F68/><W30/><G81/><T23/><D34/><U52/><E9/><V41/><F41/><W62/><G49/><T104/><D36/><U50/><E0/><V25/><F107/><W15/><G94/><T71/><D6/><AGARI ba="2,0" hai="6,7,11,15,16,21,27,30,59,62,65,95,98,100" machi="6" ten="40,12000,1" yaku="25,2,8,1,54,1" doraHai="106" who="3" fromWho="0" sc="194,-126,255,0,262,0,289,126" owari="68,-43.2,255,-14.5,262,6.2,415,51.5" /></mjloggm>