<mjloggm ver="2.3"><GO type="225" lobby="0"/><UN n0="%77%72%77%72%77%72%77%72" n1="%E3%81%B5%E3%81%98%E3%81%8B%E3%81%A4" n2="%E7%99%BD%E6%97%A5%E9%9B%AA%E8%8F%9C" n3="%E3%81%BF%E3%81%BF%E3%81%9A" dan="16,16,16,16" rate="2199.64,2105.77,2178.24,2154.19" sx="M,M,M,M"/><TAIKYOKU oya="0"/><INIT seed="0,0,0,3,0,86" ten="250,250,250,250" oya="0" hai0="42,18,53,113,68,69,38,135,134,119,1,90,115" hai1="112,87,22,91,55,3,59,83,101,93,116,99,44" hai2="27,102,107,31,82,15,110,47,14,126,35,75,120" hai3="131,60,118,80,25,79,4,17,37,132,89,26,81"/><T50/><D1/><U108/><E108/><V62/><F120/><W97/><G37/><T106/><D106/><U130/><E130/><V124/><F110/><W40/><G118/><T77/><D77/><U92/><E112/><N who="0" m="43081" /><D18/><U128/><E116/><V36/><F62/><W20/><G131/><T133/><D119/><U12/><E3/><V71/><F71/><N who="0" m="27210" /><D90/><U64/><E44/><V66/><F66/><W72/><G132/><T84/><D84/><U105/><E64/><V0/><F0/><W67/><G4/><T5/><D5/><U48/><E128/><V46/><F46/><W29/><G40/><T76/><D76/><U103/><E103/><V8/><F75/><W54/><G54/><T95/><D95/><U88/><E91/><V121/><F82/><W70/><G81/><T123/><D123/><U41/><E41/><N who="2" m="22951" /><F121/><W52/><G52/><T34/><D34/><U56/><E56/><V129/><F129/><W94/><REACH who="3" step="1"/><G29/><REACH who="3" ten="250,250,250,240" step="2"/><T111/><D111/><U74/><REACH who="1" step="1"/><E74/><REACH who="1" ten="250,240,250,240" step="2"/><V96/><F31/><W78/><G78/><T117/><D117/><U7/><E7/><V109/><F109/><W6/><G6/><T57/><D42/><U65/><E65/><V43/><F43/><W28/><G28/><T85/><D38/><U2/><E2/><V45/><F45/><W114/><G114/><T58/><D57/><U21/><E21/><V39/><F39/><W100/><G100/><T125/><D125/><U73/><E73/><V16/><F124/><W127/><G127/><T51/><D51/><U10/><E10/><V104/><F126/><W33/><G33/><RYUUKYOKU ba="0,2" sc="250,10,240,10,250,-30,240,10" hai0="50,53,58,85,133,134,135" hai1="12,22,48,55,59,83,87,88,92,93,99,101,105" hai3="17,20,25,26,60,67,70,72,79,80,89,94,97" /><INIT seed="0,1,2,3,2,96" ten="260,250,220,250" oya="0" hai0="38,132,6,118,112,42,94,110,62,120,18,129,101" hai1="55,113,40,103,57,71,124,15,135,122,25,28,37" hai2="111,73,43,45,108,49,83,10,74,33,61,2,63" hai3="98,26,105,130,48,1,53,52,41,119,92,21,9"/><T16/><D112/><U89/><E122/><V134/><F33/><W59/><G119/><T0/><D118/><U115/><E71/><V91/><F134/><W20/><G130/><T51/><D120/><U82/><E135/><V76/><F73/><W69/><G69/><T60/><D132/><U32/><E124/><V77/><F77/><W97/><G41/><T128/><D38/><U56/><E103/><V81/><F81/><W67/><G105/><T35/><D35/><U121/><E121/><V117/><F117/><W14/><G1/><T116/><D116/><U58/><E15/><V106/><F106/><W125/><G125/><T114/><D114/><N who="1" m="43531" /><E37/><V85/><F2/><W23/><G67/><T68/><D68/><U8/><E8/><V90/><F10/><W79/><G79/><T104/><D104/><U133/><E40/><V64/><F63/><N who="3" m="36327" /><G26/><T44/><D6/><U72/><E133/><V84/><F74/><W30/><G30/><T65/><D0/><U19/><E19/><N who="0" m="7209" /><D65/><U46/><E46/><V70/><REACH who="2" step="1"/><F84/><REACH who="2" ten="260,250,210,250" step="2"/><W109/><G9/><T7/><D7/><U50/><E72/><V66/><F66/><W78/><G78/><T3/><D3/><U80/><E82/><V75/><F75/><W54/><G14/><T100/><D62/><U99/><E80/><V5/><F5/><W4/><G4/><T127/><D60/><U93/><AGARI ba="1,3" hai="25,28,32,50,55,56,57,58,89,93,99" m="43531" machi="93" ten="30,1100,0" yaku="11,1" doraHai="96" who="1" fromWho="1" sc="260,-6,250,44,210,-4,250,-4" /><INIT seed="1,0,0,2,5,116" ten="254,294,206,246" oya="1" hai0="117,97,123,14,78,121,101,5,82,94,12,20,103" hai1="24,81,39,15,56,85,107,41,128,29,112,35,83" hai2="30,98,80,43,1,93,131,125,61,27,54,69,118" hai3="45,87,134,49,71,37,36,76,52,64,46,120,18"/><U74/><E112/><V67/><F118/><W21/><G134/><T84/><D117/><U40/><E107/><V104/><F1/><W63/><G120/><N who="0" m="46155" /><D5/><U62/><E128/><V130/><F125/><W75/><G75/><T58/><D58/><U34/><E34/><V4/><F4/><W50/><G87/><T92/><D20/><U59/><E15/><N who="0" m="5673" /><D103/><U122/><E122/><V60/><F130/><W89/><G76/><T99/><D97/><U91/><E59/><V73/><F131/><W95/><G21/><T109/><D109/><U70/><E70/><V55/><F98/><W124/><G18/><T2/><D2/><U88/><E39/><V77/><F69/><W113/><G124/><T68/><D68/><U11/><E11/><V51/><F104/><AGARI ba="0,0" hai="78,82,84,92,94,99,101,104" m="5673,46155" machi="104" ten="30,7700,0" yaku="13,1,52,3" doraHai="116" who="0" fromWho="2" sc="254,77,294,0,206,-77,246,0" /><INIT seed="2,0,0,3,2,89" ten="331,294,129,246" oya="2" hai0="122,30,6,123,72,135,39,47,84,18,57,54,4" hai1="91,130,115,66,33,131,16,132,10,112,119,28,94" hai2="52,113,87,27,25,124,77,11,107,36,79,120,126" hai3="32,92,17,65,110,38,9,8,114,99,118,75,13"/><V1/><F113/><W73/><G118/><T42/><D72/><U2/><E119/><V3/><F120/><W103/><G114/><T37/><D30/><U19/><E66/><V129/><F107/><W0/><G110/><T50/><D18/><N who="1" m="6699" /><E132/><V29/><F36/><W31/><G38/><T62/><D39/><U100/><E100/><V24/><F29/><W101/><G65/><T76/><D135/><U125/><E91/><V90/><F129/><N who="1" m="49161" /><E94/><N who="2" m="54623" /><F52/><W82/><G82/><T5/><D123/><U64/><E64/><V71/><F71/><W74/><G103/><T43/><D122/><U60/><E125/><N who="2" m="48235" /><F11/><W134/><G134/><T7/><N who="0" m="1024" /><DORA hai="15" /><T35/><D37/><U106/><E106/><V12/><F12/><W69/><G8/><T58/><D58/><U93/><E93/><V49/><F49/><W108/><G108/><T22/><D43/><U51/><E51/><V127/><N who="2" m="48243" /><V98/><DORA hai="133" /><F98/><W88/><G69/><T46/><D42/><U67/><E10/><V34/><F34/><W105/><G31/><T55/><D35/><U121/><E2/><AGARI ba="0,0" hai="1,2,3,24,25,27,77,79" m="48243,54623" machi="2" ten="50,18000,2" yaku="18,1,52,5" doraHai="89,15,133" who="2" fromWho="1" sc="331,0,294,-180,129,180,246,0" /><INIT seed="2,1,0,4,2,128" ten="331,114,309,246" oya="2" hai0="2,6,44,88,90,18,47,129,54,133,55,103,85" hai1="62,36,73,105,123,86,8,104,37,12,24,34,91" hai2="101,98,65,121,57,106,0,92,71,41,59,75,74" hai3="100,32,56,21,87,11,97,116,119,46,132,79,48"/><V109/><F121/><W53/><G32/><T124/><D129/><U26/><E123/><V68/><F0/><W49/><G21/><T15/><D124/><U3/><E73/><V69/><F109/><W122/><G122/><T82/><D133/><U108/><E108/><V16/><F41/><W52/><G132/><T131/><D131/><U135/><E135/><V31/><F31/><W93/><G79/><T130/><D2/><U80/><E3/><V40/><F40/><W107/><G87/><N who="0" m="50295" /><D6/><U22/><E34/><V67/><F106/><W134/><G134/><T83/><D103/><U35/><E35/><V96/><F16/><W43/><G11/><T94/><D94/><U120/><E120/><V39/><F39/><W7/><G7/><T42/><D130/><U23/><E37/><V89/><F101/><W114/><G114/><T117/><D117/><U127/><E127/><V29/><F29/><W118/><REACH who="3" step="1"/><G43/><REACH who="3" ten="331,114,309,236" step="2"/><T102/><D42/><U1/><E36/><V14/><F14/><W63/><G63/><T5/><D5/><U111/><E111/><V112/><F112/><W113/><G113/><T64/><D15/><U66/><E1/><V27/><F27/><W50/><G50/><T13/><D13/><U25/><E105/><AGARI ba="1,1" hai="46,48,49,52,53,56,93,97,100,105,107,116,118,119" machi="105" ten="40,2600,0" yaku="1,1,54,1,53,0" doraHai="128" doraHaiUra="17" who="3" fromWho="1" sc="331,0,114,-29,309,0,236,39" /><INIT seed="3,0,0,5,5,11" ten="331,85,309,275" oya="3" hai0="61,121,50,10,114,127,6,21,128,8,129,54,115" hai1="113,81,7,88,44,124,106,104,63,67,126,45,19" hai2="9,22,73,86,24,120,35,94,98,3,62,18,58" hai3="38,103,51,77,109,135,27,37,130,20,68,66,49"/><W26/><G77/><T23/><D121/><U117/><E7/><V71/><F73/><W132/><G103/><T13/><D61/><U100/><E19/><V52/><F120/><W33/><G33/><T28/><D127/><U92/><E63/><V123/><F123/><W4/><G4/><T53/><D53/><U107/><E67/><V75/><F75/><W118/><G118/><T90/><D90/><U14/><E117/><V111/><F111/><W30/><G130/><N who="0" m="50283" /><D10/><U72/><E45/><V78/><F71/><W32/><G68/><T133/><D133/><N who="3" m="51273" /><G66/><T31/><D31/><U41/><E41/><V12/><F35/><W102/><G102/><T43/><D43/><U40/><E40/><V108/><F3/><W85/><G85/><T47/><D28/><U96/><E44/><V74/><F74/><W95/><G95/><T97/><D97/><U46/><E46/><V99/><F108/><W76/><G76/><T0/><D0/><U36/><E36/><N who="3" m="13930" /><G109/><T56/><D47/><U134/><E134/><V2/><F2/><W25/><G32/><T5/><D6/><U16/><E113/><AGARI ba="0,0" hai="5,8,13,21,23,50,54,56,113,114,115" m="50283" machi="113" ten="30,3900,0" yaku="11,1,19,1,52,1" doraHai="11" who="0" fromWho="1" sc="331,39,85,-39,309,0,275,0" owari="370,47.0,46,-45.4,309,10.9,275,-12.5" /></mjloggm>