<mjloggm ver="2.3"><GO type="225" lobby="0"/><UN n0="%E5%B8%86%E7%AB%8B%E5%A4%8F%E8%A1%A3" n1="%E6%9D%B1%E9%A2%A8%E3%81%AE%E3%81%8D%E3%82%83%E3%81%B7%E3%81%95%E3%82%93" n2="%E3%81%AE%E3%81%AA%E3%82%81%E3%83%BC%E3%82%93" n3="%72%69%6F%75%63%68%61%6E" dan="16,17,16,16" rate="2178.23,2187.14,2072.81,2149.46" sx="M,M,M,M"/><TAIKYOKU oya="0"/><INIT seed="0,0,0,5,4,62" ten="250,250,250,250" oya="0" hai0="106,130,125,2,87,88,103,18,31,44,122,8,48" hai1="80,39,120,37,83,113,57,94,16,128,117,51,64" hai2="5,1,27,121,19,56,89,35,99,10,84,135,127" hai3="79,60,75,86,119,77,70,111,98,30,114,72,42"/><T81/><D122/><U59/><E117/><V49/><F121/><W129/><G114/><T63/><D130/><U69/><E120/><V65/><F127/><W100/><G119/><T102/><D125/><U7/><E94/><V14/><F135/><W4/><G129/><T54/><D106/><U134/><E7/><V101/><F35/><W132/><G132/><T107/><D107/><U92/><E92/><V123/><F123/><W46/><G111/><T66/><D31/><U96/><E96/><V22/><F1/><W115/><G115/><T82/><D82/><U32/><E32/><V20/><F20/><W9/><G30/><T131/><D131/><U53/><E69/><V6/><F6/><W36/><G79/><T68/><D2/><U28/><E28/><V126/><F126/><W91/><G77/><T110/><D110/><U24/><E128/><V61/><F49/><W108/><G108/><T73/><D73/><U15/><E134/><V40/><F40/><W93/><G70/><T118/><D118/><U52/><E113/><V23/><F23/><W109/><G60/><T112/><D112/><U76/><E83/><V43/><F43/><W45/><G45/><T78/><D78/><U116/><E76/><V38/><F38/><W13/><REACH who="3" step="1"/><G109/><REACH who="3" ten="250,250,250,240" step="2"/><T95/><D95/><AGARI ba="0,1" hai="4,9,13,36,42,46,72,75,86,91,93,95,98,100" machi="95" ten="30,3900,0" yaku="1,1,2,1,7,1,53,0" doraHai="62" doraHaiUra="74" who="3" fromWho="0" sc="250,-39,250,0,250,0,240,49" /><INIT seed="1,0,0,4,3,70" ten="211,250,250,289" oya="1" hai0="72,43,51,79,91,93,87,11,15,50,66,96,67" hai1="41,100,119,13,45,9,102,135,14,108,134,99,81" hai2="19,130,97,74,82,106,101,39,30,37,116,114,47" hai3="112,113,89,55,103,83,90,122,52,6,126,42,44"/><U133/><E119/><V117/><F19/><W17/><G122/><T4/><D72/><U120/><E120/><V85/><F30/><W131/><G126/><T28/><D28/><U53/><E53/><V3/><F85/><W64/><G131/><T63/><D63/><U0/><E108/><V132/><F47/><W40/><G6/><T2/><D2/><U111/><E111/><V77/><F130/><W18/><G103/><N who="1" m="39466" /><E81/><V75/><F75/><W16/><G64/><T110/><D110/><U125/><E99/><V10/><F132/><W84/><G90/><T46/><D51/><N who="1" m="27055" /><E125/><V121/><F114/><W62/><G40/><T80/><AGARI ba="0,0" hai="4,11,15,43,46,50,66,67,79,80,87,91,93,96" machi="80" ten="30,7900,0" yaku="0,1,25,2,8,1" doraHai="70" who="0" fromWho="0" sc="211,79,250,-39,250,-20,289,-20" /><INIT seed="2,0,0,0,1,3" ten="290,211,230,269" oya="2" hai0="6,45,17,15,116,133,84,70,13,85,53,10,44" hai1="80,20,93,16,108,74,114,103,18,94,57,50,58" hai2="111,96,23,0,88,60,135,32,79,31,87,9,110" hai3="104,117,119,129,125,37,5,134,25,49,21,11,61"/><V62/><F135/><W59/><G37/><T112/><D70/><U100/><E114/><V101/><F79/><W64/><G134/><T47/><D133/><U69/><E69/><V98/><F32/><W29/><G104/><T91/><D116/><U95/><E108/><N who="2" m="41515" /><F23/><W123/><G123/><T130/><D130/><U56/><E50/><V43/><F43/><W115/><G125/><T30/><D30/><U81/><E74/><V132/><F31/><W97/><G129/><T78/><D112/><U66/><E66/><V131/><F131/><W4/><G115/><T120/><D120/><U75/><E75/><V82/><F132/><W39/><G39/><T86/><D78/><U106/><E106/><N who="2" m="63783" /><F98/><W52/><G97/><T51/><REACH who="0" step="1"/><D91/><REACH who="0" ten="280,211,230,269" step="2"/><U99/><E99/><V102/><F102/><N who="1" m="38953" /><E20/><AGARI ba="0,1" hai="6,10,13,15,17,20,44,45,47,51,53,84,85,86" machi="20" ten="40,5200,0" yaku="1,1,8,1,52,1,53,0" doraHai="3" doraHaiUra="107" who="0" fromWho="1" sc="280,62,211,-52,230,0,269,0" /><INIT seed="3,0,0,5,5,6" ten="342,159,230,269" oya="3" hai0="64,40,57,123,32,41,43,53,78,91,60,25,105" hai1="65,36,128,90,11,68,48,98,5,31,118,113,28" hai2="56,13,119,70,99,103,29,83,27,14,104,19,135" hai3="85,58,49,80,18,69,111,12,71,129,3,130,59"/><W87/><G3/><T1/><D105/><U94/><E36/><V125/><F119/><W62/><G111/><T88/><D1/><U63/><E118/><V7/><F125/><W122/><G122/><T20/><D123/><U54/><E113/><V72/><F135/><W0/><G0/><T92/><D32/><U35/><E35/><V9/><F70/><W55/><G69/><T50/><D78/><U102/><E102/><V38/><F38/><W76/><G71/><T107/><D107/><U127/><E127/><V2/><F72/><W117/><G117/><T109/><D109/><U21/><E21/><V74/><F74/><W124/><G124/><T24/><D24/><U120/><E128/><V84/><F56/><W44/><G87/><N who="0" m="52255" /><D91/><U26/><E26/><V93/><F104/><W46/><G58/><N who="0" m="36887" /><D43/><U10/><E120/><V110/><F110/><W77/><G77/><T96/><D96/><U39/><E39/><V82/><F2/><W126/><G126/><T37/><D37/><U17/><E5/><V108/><F84/><W51/><G51/><T95/><D95/><U81/><E81/><V79/><F79/><W134/><G134/><T132/><D132/><U101/><E90/><V67/><F83/><W45/><REACH who="3" step="1"/><G49/><REACH who="3" ten="342,159,230,259" step="2"/><T114/><D114/><U112/><E112/><V15/><F108/><W86/><G86/><T131/><D131/><U121/><E121/><V8/><F99/><W115/><G115/><T52/><D53/><U4/><E54/><V33/><F67/><W42/><G42/><T106/><D106/><U100/><E98/><V34/><F82/><RYUUKYOKU ba="0,1" sc="342,15,159,-15,230,-15,259,15" hai0="20,25,40,41,50,52,57" hai3="12,18,44,45,46,55,59,62,76,80,85,129,130" /><INIT seed="3,1,1,4,3,84" ten="357,144,215,274" oya="3" hai0="132,9,107,30,131,25,101,91,34,126,39,76,14" hai1="50,49,62,12,97,122,45,54,102,89,75,123,5" hai2="96,90,113,56,38,72,120,21,79,37,92,23,125" hai3="51,88,118,105,68,74,36,99,109,100,22,115,19"/><W114/><G36/><T63/><D39/><U59/><E75/><V77/><F113/><W124/><G118/><T42/><D42/><U11/><E102/><V24/><F125/><W18/><G68/><T119/><D76/><U28/><E28/><V130/><F120/><W86/><G124/><T94/><D126/><U2/><E2/><V69/><F69/><W40/><G74/><T93/><D132/><U6/><E6/><V58/><F130/><W55/><G40/><T129/><D63/><U16/><E5/><V27/><F72/><W0/><G0/><T103/><D94/><U43/><REACH who="1" step="1"/><E49/><REACH who="1" ten="357,134,215,274" step="2"/><V17/><F37/><W70/><G100/><T116/><D103/><U83/><E83/><V87/><F38/><W10/><G115/><T127/><D127/><U1/><E1/><V44/><F44/><W133/><G114/><T47/><D47/><U78/><E78/><N who="2" m="29707" /><F96/><W81/><G99/><N who="0" m="57791" /><D101/><U46/><E46/><V60/><F60/><W65/><G19/><AGARI ba="1,2" hai="17,19,21,23,24,27,56,58,87,90,92" m="29707" machi="19" ten="30,2000,0" yaku="8,1,52,1" doraHai="84" who="2" fromWho="3" sc="357,0,134,0,215,43,274,-23" owari="357,45.7,134,-36.6,258,5.8,251,-14.9" /></mjloggm>