<mjloggm ver="2.3"><GO type="225" lobby="0"/><UN n0="%E7%B4%94%E6%BD%94%E3%83%94%E3%83%A9%E3%83%8B%E3%82%A2" n1="%E6%80%AA%E3%81%97%E3%81%99%E3%81%8E%E3%82%8B%E3%83%81%E3%83%BC" n2="%E3%81%99%E3%81%84%E3%81%BE%E3%81%9B%E3%83%BC%E3%82%93" n3="%E6%97%A5%E6%9B%9C%E6%97%A5%E3%82%88%E3%82%8A%E3%81%AE%E4%BD%BF%E8%80%85" dan="16,16,16,17" rate="2074.53,2166.97,2123.97,2158.73" sx="M,M,M,M"/><TAIKYOKU oya="0"/><INIT seed="0,0,0,2,2,93" ten="250,250,250,250" oya="0" hai0="68,84,72,97,102,26,4,64,131,109,119,125,65" hai1="74,41,98,25,13,22,29,89,44,18,122,43,124" hai2="128,86,94,134,42,95,101,35,123,62,129,1,96" hai3="77,115,110,52,66,105,14,17,132,45,76,46,49"/><T60/><D119/><U120/><E74/><V58/><F1/><W70/><G115/><T53/><D72/><U117/><E117/><V71/><F123/><W54/><G105/><T7/><D125/><U12/><E124/><V82/><F35/><W126/><G126/><T73/><D73/><U106/><E13/><V33/><F33/><W88/><G110/><T55/><D131/><N who="2" m="50250" /><F42/><W111/><G111/><T100/><D109/><U92/><E106/><N who="2" m="63783" /><F71/><W10/><G132/><T108/><D108/><U15/><E15/><V118/><F134/><W107/><G107/><T85/><D26/><U113/><E113/><V90/><F118/><W40/><G70/><T59/><D68/><U6/><E6/><V133/><F133/><W83/><G66/><AGARI ba="0,0" hai="58,62,66,82,86,90,94,95" m="63783,50250" machi="66" ten="30,2000,0" yaku="19,1,52,1" doraHai="93" who="2" fromWho="3" sc="250,0,250,0,250,20,250,-20" /><INIT seed="1,0,0,1,4,104" ten="250,250,270,230" oya="1" hai0="100,19,90,18,97,128,94,122,84,89,6,78,32" hai1="40,11,73,22,117,103,43,52,66,61,21,85,96" hai2="24,34,28,42,133,5,59,2,45,79,93,31,27" hai3="132,80,83,69,1,67,54,14,53,130,74,120,8"/><U3/><E117/><V99/><F133/><W124/><G120/><T105/><D32/><U92/><E73/><V101/><F79/><W41/><G1/><T68/><D68/><U131/><E131/><V126/><F126/><W125/><G41/><N who="1" m="15946" /><E3/><V135/><F135/><W55/><G132/><T16/><D122/><U57/><E66/><V118/><F118/><W60/><G130/><T48/><D128/><U17/><E85/><V95/><F59/><W12/><G12/><AGARI ba="0,0" hai="11,12,17,21,22,52,57,61,92,96,103" m="15946" machi="12" ten="30,2900,0" yaku="8,1,54,1" doraHai="104" who="1" fromWho="3" sc="250,0,250,29,270,0,230,-29" /><INIT seed="1,1,0,5,2,111" ten="250,279,270,201" oya="1" hai0="13,3,129,34,122,36,21,62,28,32,100,134,15" hai1="48,65,79,12,6,52,119,35,73,130,118,70,22" hai2="92,85,108,69,133,50,106,58,47,82,19,97,51" hai3="94,93,96,127,59,128,112,89,81,43,76,57,102"/><U90/><E35/><V91/><F108/><W29/><G127/><T39/><D100/><U46/><E130/><V7/><F133/><W67/><G128/><T121/><D129/><U135/><E135/><V116/><F69/><W18/><G112/><T27/><D134/><U80/><E90/><V98/><F116/><W125/><G125/><T83/><D83/><U33/><E33/><N who="0" m="12905" /><D62/><U4/><E4/><V131/><F131/><W1/><G1/><T104/><D104/><U30/><E6/><V25/><F106/><W68/><G68/><T49/><D49/><U20/><E12/><N who="0" m="4681" /><D3/><U5/><E5/><V11/><F7/><W31/><G43/><T2/><D2/><U61/><REACH who="1" step="1"/><E22/><REACH who="1" ten="250,269,270,201" step="2"/><N who="2" m="13535" /><F11/><W113/><G113/><T10/><D10/><U105/><E105/><V99/><F47/><W56/><G89/><T40/><D40/><U120/><E120/><AGARI ba="1,1" hai="21,27,28,36,39,120,121,122" m="4681,12905" machi="120" ten="30,1000,0" yaku="13,1" doraHai="111" who="0" fromWho="1" sc="250,23,269,-13,270,0,201,0" /><INIT seed="2,0,0,0,1,30" ten="273,256,270,201" oya="2" hai0="41,21,28,131,121,64,2,78,98,7,123,9,13" hai1="11,45,49,130,91,27,19,17,100,58,5,33,124" hai2="108,128,52,35,18,25,81,87,115,80,10,3,114" hai3="67,116,0,65,63,77,88,73,112,110,44,15,47"/><V89/><F128/><W8/><G116/><T4/><D78/><U53/><E130/><V38/><F38/><W125/><G0/><T6/><D64/><U68/><E124/><V12/><F3/><W43/><G73/><T120/><D41/><U117/><E68/><V133/><F133/><W37/><G77/><T71/><D71/><U48/><E117/><V106/><F106/><W1/><G1/><T69/><D69/><U46/><E100/><V95/><F108/><W59/><G125/><T99/><D131/><U55/><E91/><V104/><F104/><W113/><G110/><T42/><D42/><U57/><E33/><V56/><F115/><N who="3" m="44107" /><G47/><T82/><D82/><U22/><REACH who="1" step="1"/><E19/><REACH who="1" ten="273,246,270,201" step="2"/><V54/><F114/><W75/><G88/><T74/><D123/><U85/><E85/><V93/><F35/><W60/><G75/><T62/><D74/><U14/><AGARI ba="0,1" hai="5,11,14,17,22,27,45,46,48,49,53,55,57,58" machi="14" ten="20,8000,1" yaku="1,1,0,1,7,1,9,1,8,1,53,0" doraHai="30" doraHaiUra="86" who="1" fromWho="1" sc="273,-20,246,90,270,-40,201,-20" /><INIT seed="3,0,0,5,3,51" ten="253,336,230,181" oya="3" hai0="126,48,2,46,40,6,119,9,41,92,15,120,109" hai1="52,104,84,17,107,59,63,94,49,13,32,95,58" hai2="26,116,72,122,85,112,35,76,71,90,129,125,19" hai3="27,106,91,62,100,115,10,98,130,36,24,61,64"/><W7/><G115/><T74/><D74/><U3/><E3/><V80/><F112/><W77/><G36/><T79/><D119/><U12/><E32/><V108/><F116/><W47/><G130/><T87/><D120/><U39/><E39/><V114/><F114/><W5/><G77/><T105/><D105/><U127/><E127/><V43/><F125/><W123/><G123/><T56/><D109/><U53/><E13/><V68/><F108/><W128/><G128/><T44/><D126/><U82/><E104/><V103/><F122/><W97/><G47/><T0/><D56/><U133/><E107/><V131/><F71/><W135/><G135/><T42/><D92/><U14/><E14/><V23/><F68/><W121/><G121/><T25/><D25/><U102/><E102/><V34/><F131/><W99/><G5/><T4/><D6/><U29/><E29/><V54/><F129/><W8/><G8/><T20/><D20/><N who="1" m="11303" /><E133/><V50/><F43/><W1/><G62/><T21/><D21/><U57/><E57/><V89/><F103/><W37/><G37/><N who="0" m="21519" /><D41/><U134/><E134/><V73/><F72/><W96/><REACH who="3" step="1"/><G91/><AGARI ba="0,0" hai="49,52,53,58,59,63,82,84,91,94,95" m="11303" machi="91" ten="30,7700,0" yaku="8,1,52,2,54,1" doraHai="51" who="1" fromWho="3" sc="253,0,336,77,230,0,181,-77" owari="253,5.3,413,51.3,230,-17.0,104,-39.6" /></mjloggm>