<mjloggm ver="2.3"><GO type="225" lobby="0"/><UN n0="%E5%A4%96%E5%B7%9D%E7%AB%9C%E6%88%90" n1="%E3%83%97%E3%83%92" n2="%E3%81%BF%E3%81%BF%E3%81%9A" n3="%E3%83%97%E3%83%AC%E3%83%B4%E3%82%A1%E3%83%86%E3%82%A3" dan="16,16,16,16" rate="2130.93,2154.33,2156.33,2045.65" sx="M,M,M,F"/><TAIKYOKU oya="0"/><INIT seed="0,0,0,4,5,93" ten="250,250,250,250" oya="0" hai0="69,126,65,87,25,75,9,72,129,58,59,98,68" hai1="103,14,90,57,119,117,128,134,29,84,76,108,118" hai2="43,15,109,37,123,70,83,35,132,44,116,62,26" hai3="13,55,6,36,18,1,63,34,104,4,28,53,60"/><T49/><D126/><U33/><E108/><V8/><F123/><W5/><G36/><T122/><D122/><U120/><E120/><V127/><F109/><W0/><G104/><T50/><D129/><U77/><E128/><V22/><F127/><W7/><N who="3" m="1024" /><DORA hai="91" /><W24/><G63/><T89/><D9/><U27/><E134/><V114/><F114/><W54/><REACH who="3" step="1"/><G60/><REACH who="3" ten="250,250,250,240" step="2"/><T79/><D50/><U2/><E2/><V20/><F62/><W86/><G86/><T125/><D87/><U110/><E110/><V135/><F37/><W32/><G32/><T12/><D49/><U46/><E117/><V17/><F35/><W113/><G113/><T30/><D75/><U52/><E118/><V51/><F116/><W115/><G115/><T85/><D72/><U47/><E119/><V40/><F70/><W3/><G3/><T66/><D85/><U101/><E33/><V39/><F39/><W45/><G45/><T61/><D61/><N who="1" m="36007" /><E47/><V107/><F107/><W73/><G73/><T64/><D69/><U82/><E46/><V131/><F131/><W19/><G19/><T99/><D68/><U97/><E97/><V106/><F106/><W56/><G56/><T105/><D99/><U88/><E84/><V42/><F42/><W124/><G124/><T48/><D98/><U41/><E41/><V92/><F40/><W80/><G80/><T133/><D105/><U130/><E82/><V38/><F83/><W16/><G16/><T11/><D125/><U81/><E81/><V71/><F38/><W23/><AGARI ba="0,1" hai="0,1,13,18,23,24,28,34,53,54,55" m="1024" machi="23" ten="50,6400,0" yaku="1,1,0,1,53,1" doraHai="93,91" doraHaiUra="100,10" who="3" fromWho="3" sc="250,-32,250,-16,250,-16,240,74" /><INIT seed="1,0,0,1,1,49" ten="218,234,234,314" oya="1" hai0="54,106,62,30,27,103,69,8,43,74,110,45,102" hai1="3,84,116,71,114,56,50,5,13,25,125,105,0" hai2="53,115,107,81,119,104,122,127,52,129,19,76,100" hai3="123,97,95,44,16,35,113,66,59,11,86,128,26"/><U17/><E114/><V118/><F122/><W135/><G123/><T130/><D110/><U14/><E116/><V91/><F115/><W68/><G113/><T47/><D130/><U67/><E105/><V131/><F91/><W48/><G68/><T55/><D74/><U7/><E125/><V64/><F64/><W70/><G70/><T33/><D8/><U133/><E71/><V34/><F34/><W21/><G128/><N who="2" m="49225" /><F127/><W85/><G135/><T75/><D75/><U10/><E133/><V37/><F37/><W51/><G35/><T77/><D77/><U108/><E108/><V38/><F38/><W29/><G11/><T32/><D32/><U87/><E67/><V88/><F88/><N who="3" m="55527" /><G29/><T28/><D28/><U12/><E5/><V9/><F9/><W94/><G94/><T82/><D82/><U93/><E0/><V1/><F19/><W15/><G26/><T40/><D106/><N who="2" m="40490" /><F100/><W121/><G121/><T96/><D102/><U98/><E93/><V46/><F1/><W89/><G89/><T120/><D103/><U90/><E98/><V80/><F46/><N who="0" m="17418" /><D96/><U126/><E126/><V42/><F42/><N who="0" m="15914" /><D120/><U92/><E84/><N who="3" m="32362" /><G44/><T112/><D112/><U24/><E17/><V134/><F134/><W111/><G111/><T6/><D6/><U109/><E109/><V61/><F80/><W73/><G73/><T99/><D99/><U124/><E124/><V83/><F81/><W117/><G117/><N who="2" m="44553" /><F83/><W4/><G4/><T132/><D132/><U79/><E79/><V101/><F76/><W22/><G22/><T60/><D69/><U78/><E78/><RYUUKYOKU ba="0,0" sc="218,10,234,10,234,-30,314,10" hai0="27,30,33,54,55,60,62" hai1="3,7,10,12,13,14,24,25,50,56,87,90,92" hai3="15,16,21,48,51,59,66" /><INIT seed="1,1,0,2,5,78" ten="228,244,204,324" oya="1" hai0="5,30,41,53,33,68,135,130,46,128,45,17,97" hai1="98,10,71,115,87,3,77,129,96,38,54,18,103" hai2="9,14,109,86,36,84,101,134,81,35,123,99,29" hai3="111,47,110,57,11,70,60,105,85,55,16,4,50"/><U127/><E115/><V72/><F36/><W13/><G105/><T114/><D114/><U112/><E112/><V89/><F123/><W93/><G70/><T52/><D68/><U43/><E71/><V133/><F29/><W42/><G93/><T1/><D135/><N who="2" m="51722" /><F35/><W120/><G120/><T108/><D108/><U48/><E38/><V49/><F109/><W122/><G122/><T51/><D17/><U118/><E43/><V2/><F2/><W76/><REACH who="3" step="1"/><G16/><REACH who="3" ten="228,244,204,314" step="2"/><T74/><D128/><U65/><E18/><N who="2" m="8527" /><F49/><W90/><G90/><T113/><D130/><U24/><E48/><V26/><F26/><W27/><G27/><T116/><D51/><U62/><E24/><V6/><F6/><W83/><AGARI ba="1,1" hai="4,11,13,42,47,50,55,57,60,76,83,85,110,111" machi="83" ten="30,8000,1" yaku="1,1,0,1,25,2,52,1,53,0" doraHai="78" doraHaiUra="66" who="3" fromWho="3" sc="228,-21,244,-41,204,-21,314,93" /><INIT seed="2,0,0,3,3,126" ten="207,203,183,407" oya="2" hai0="54,64,43,86,92,85,98,67,95,13,116,127,3" hai1="120,80,129,49,24,26,123,11,63,73,46,112,118" hai2="76,30,74,75,111,110,119,44,27,97,87,12,81" hai3="33,78,66,71,17,131,89,48,77,113,70,83,72"/><V108/><F119/><W61/><G113/><T10/><D127/><U28/><E112/><V37/><F12/><W79/><G70/><T51/><D43/><U15/><E118/><V93/><F44/><W69/><G69/><T60/><D3/><U41/><E63/><V68/><F37/><W117/><G117/><T104/><D104/><U7/><E129/><V102/><REACH who="2" step="1"/><F68/><REACH who="2" ten="207,203,173,407" step="2"/><W99/><G131/><T94/><D116/><U16/><E7/><V134/><F134/><W47/><G33/><AGARI ba="0,1" hai="27,30,33,74,75,76,81,87,93,97,102,108,110,111" machi="33" ten="40,7700,0" yaku="1,1,14,1,10,1,53,0" doraHai="126" doraHaiUra="62" who="2" fromWho="3" sc="207,0,203,0,173,87,407,-77" /><INIT seed="2,1,0,3,2,26" ten="207,203,260,330" oya="2" hai0="120,106,28,83,15,78,4,119,99,22,2,27,13" hai1="64,104,38,12,94,49,9,60,72,17,68,23,34" hai2="70,1,56,42,102,135,97,46,116,76,131,41,107" hai3="67,103,0,122,44,71,88,16,87,101,95,50,35"/><V98/><F116/><W74/><G122/><T7/><D120/><U52/><E104/><V3/><F70/><W20/><G0/><T69/><D69/><U43/><E34/><V85/><F131/><W14/><G35/><T30/><D119/><U55/><E72/><V18/><F135/><W90/><G74/><T93/><D106/><U63/><E63/><V31/><F97/><N who="3" m="57591" /><G67/><T100/><D2/><U29/><E38/><V89/><F41/><N who="3" m="24847" /><G71/><T59/><D59/><U113/><E113/><V57/><F1/><W126/><G126/><T32/><D32/><U81/><E81/><AGARI ba="1,0" hai="14,16,20,81,87,88,101,103" m="24847,57591" machi="81" ten="30,3900,0" yaku="8,1,54,2" doraHai="26" who="3" fromWho="1" sc="207,0,203,-42,260,0,330,42" /><INIT seed="3,0,0,4,1,14" ten="207,161,260,372" oya="3" hai0="64,35,104,17,132,91,112,42,10,2,81,0,51" hai1="103,40,19,77,82,76,13,3,126,130,102,124,115" hai2="97,101,33,78,100,50,30,59,84,107,110,108,8" hai3="20,4,37,47,105,7,54,87,28,31,90,1,125"/><W72/><G105/><T43/><D104/><U61/><E3/><V22/><F101/><W63/><G72/><T62/><D35/><U16/><E115/><V56/><F33/><W18/><G1/><T117/><D117/><U93/><E130/><V113/><F113/><W85/><G37/><T6/><D0/><U106/><E40/><V29/><F8/><W55/><G125/><N who="1" m="48234" /><E106/><V38/><F38/><W111/><G111/><T36/><D36/><U11/><E61/><V57/><F50/><N who="3" m="29023" /><G85/><T119/><D62/><U15/><E93/><V52/><F78/><N who="1" m="30313" /><E82/><V121/><F84/><W44/><G4/><T9/><D43/><U129/><E129/><V86/><F86/><W74/><G7/><T21/><D6/><U94/><E94/><V109/><F121/><W70/><G70/><T83/><D42/><U96/><E96/><V71/><F71/><W34/><G74/><T49/><D83/><U24/><E24/><V45/><F45/><W128/><G34/><T89/><D81/><U25/><E25/><V66/><F66/><W95/><G128/><T99/><D64/><U5/><E5/><V134/><F134/><W67/><G67/><T58/><D2/><U23/><AGARI ba="0,0" hai="11,13,15,16,19,23,102,103" m="30313,48234" machi="23" ten="30,7900,0" yaku="18,1,52,2,54,1" doraHai="14" who="1" fromWho="1" sc="207,-20,161,79,260,-20,372,-39" owari="187,-31.3,240,4.0,240,-16.0,333,43.3" /></mjloggm>