<mjloggm ver="2.3"><GO type="225" lobby="0"/><UN n0="%74%61%6B%65%2D%79%6F%75" n1="%E8%81%B7%E6%A5%AD%E3%80%81%E9%A2%A8%32" n2="%61%6D%65%6B%69" n3="%E6%80%AA%E3%81%97%E3%81%99%E3%81%8E%E3%82%8B%E3%83%81%E3%83%BC" dan="17,16,16,16" rate="2146.78,2163.11,2077.98,2110.19" sx="M,M,M,M"/><TAIKYOKU oya="0"/><INIT seed="0,0,0,4,0,91" ten="250,250,250,250" oya="0" hai0="45,73,98,13,65,18,85,57,58,8,119,49,112" hai1="126,124,116,105,20,76,122,93,101,1,51,117,87" hai2="120,61,59,11,50,84,42,52,70,17,102,135,9" hai3="19,92,5,56,89,64,125,53,62,94,47,106,95"/><T74/><D112/><U78/><E1/><V46/><F120/><W2/><G106/><T100/><D119/><N who="1" m="45643" /><E20/><V63/><F135/><W80/><G125/><N who="1" m="48234" /><E51/><V111/><F111/><W72/><G72/><T82/><D74/><U75/><E122/><V7/><F102/><W40/><G2/><T34/><D73/><U103/><E105/><V22/><F84/><N who="3" m="50311" /><G5/><T113/><D34/><U28/><E28/><V118/><F118/><W32/><G32/><T90/><D65/><U10/><E10/><V67/><REACH who="2" step="1"/><F7/><REACH who="2" ten="250,250,240,250" step="2"/><W39/><G39/><T41/><REACH who="0" step="1"/><D113/><REACH who="0" ten="240,250,240,250" step="2"/><U54/><E75/><V35/><F35/><W14/><G64/><T128/><D128/><U77/><E54/><V108/><F108/><W99/><G40/><T36/><D36/><U104/><E104/><AGARI ba="0,2" hai="8,13,18,41,45,49,57,58,82,85,90,98,100,104" machi="104" ten="30,5800,0" yaku="1,1,7,1,53,1" doraHai="91" doraHaiUra="81" who="0" fromWho="1" sc="240,78,250,-58,240,0,250,0" /><INIT seed="0,1,0,3,5,83" ten="318,192,240,250" oya="0" hai0="118,93,69,124,97,67,96,125,78,0,51,62,92" hai1="107,135,128,31,111,77,94,17,22,12,37,103,66" hai2="98,79,57,126,23,32,48,109,116,27,46,63,24" hai3="119,60,74,21,55,100,30,102,38,54,81,117,53"/><T72/><D118/><U34/><E111/><V89/><F109/><W80/><G38/><T56/><D0/><U88/><E128/><V106/><F116/><W42/><G42/><T91/><D72/><U133/><E37/><V16/><F79/><W68/><G74/><T13/><D78/><U28/><E66/><V113/><F113/><W104/><G104/><T58/><D13/><U52/><E77/><V90/><F126/><N who="0" m="48746" /><D51/><U71/><E71/><V114/><F114/><W115/><G68/><T20/><D20/><U86/><E34/><V120/><F120/><W9/><G115/><T4/><D4/><U11/><E11/><V15/><F106/><W95/><G9/><T36/><D36/><U87/><E103/><AGARI ba="1,0" hai="56,58,62,67,69,91,92,93,96,97,103" m="48746" machi="103" ten="30,1500,0" yaku="18,1" doraHai="83" who="0" fromWho="1" sc="318,18,192,-18,240,0,250,0" /><INIT seed="0,2,0,0,2,93" ten="336,174,240,250" oya="0" hai0="132,113,25,42,92,73,109,19,47,41,124,43,65" hai1="35,45,64,131,98,27,74,91,59,116,122,48,89" hai2="84,10,5,86,60,80,46,7,104,102,23,63,44" hai3="8,76,85,97,37,96,119,120,11,107,21,29,28"/><T52/><D113/><U112/><E74/><V31/><F104/><W36/><G107/><T75/><D132/><U103/><E116/><V134/><F134/><W69/><G69/><T127/><D92/><U95/><E122/><V56/><F102/><W101/><G101/><T12/><D25/><U33/><E112/><V115/><F115/><W118/><G21/><T129/><D129/><U68/><E68/><V16/><F31/><W79/><REACH who="3" step="1"/><G85/><REACH who="3" ten="336,174,240,240" step="2"/><T114/><D75/><U71/><E71/><V40/><F86/><W9/><G9/><T87/><D73/><U78/><E35/><V39/><F10/><W67/><G67/><T62/><D87/><U14/><E131/><V83/><F83/><W110/><G110/><T49/><D109/><U26/><E33/><V126/><F126/><W100/><G100/><T18/><D114/><U125/><E125/><V70/><F70/><W13/><G13/><T22/><D124/><U20/><E14/><V121/><F84/><W54/><G54/><T30/><D127/><U72/><E20/><V55/><F80/><W17/><G17/><N who="0" m="10535" /><D30/><U24/><E72/><V2/><F2/><W3/><G3/><T77/><D77/><U38/><E78/><V117/><F117/><W82/><G82/><T4/><D4/><U108/><E108/><V135/><F135/><W99/><G99/><T32/><D32/><U123/><E123/><AGARI ba="2,1" hai="8,11,28,29,36,37,76,79,96,97,118,119,120,123" machi="123" ten="25,8000,1" yaku="1,1,22,2,52,2,53,0" doraHai="93" doraHaiUra="130" who="3" fromWho="1" sc="336,0,174,-86,240,0,240,96" /><INIT seed="1,0,0,5,5,12" ten="336,88,240,336" oya="1" hai0="54,38,31,80,105,11,124,61,99,98,130,7,24" hai1="59,46,28,8,77,123,94,49,30,26,132,51,135" hai2="58,115,120,14,25,71,42,32,53,48,39,35,16" hai3="36,108,67,86,75,18,6,2,5,103,78,125,117"/><U19/><E123/><V57/><F120/><W133/><G36/><T72/><D38/><U10/><E77/><V27/><F71/><W55/><G75/><T47/><D130/><U93/><E59/><V44/><F115/><W21/><G2/><T106/><D124/><U65/><E65/><V68/><F68/><W37/><G37/><T126/><D126/><U89/><E89/><V88/><F58/><W129/><G108/><T41/><D105/><U13/><E10/><V66/><F66/><W96/><G133/><N who="1" m="51274" /><E51/><V1/><F1/><W52/><G67/><T17/><D61/><U22/><E30/><V63/><F63/><W127/><G117/><T9/><D72/><U97/><E97/><V116/><F116/><W82/><G129/><T109/><D98/><U101/><E101/><V92/><F35/><W113/><G113/><T70/><D99/><U40/><AGARI ba="0,0" hai="8,13,19,22,26,28,40,46,49,93,94" m="51274" machi="40" ten="30,3000,0" yaku="20,1,52,1" doraHai="12" who="1" fromWho="1" sc="336,-10,88,30,240,-10,336,-10" /><INIT seed="1,1,0,3,3,42" ten="326,118,230,326" oya="1" hai0="22,13,129,125,100,24,69,23,1,82,94,115,33" hai1="78,98,47,131,32,40,63,105,108,113,6,26,48" hai2="83,20,110,87,132,29,50,7,114,107,52,127,90" hai3="4,65,71,76,5,112,12,43,80,9,128,58,16"/><U27/><E113/><V97/><F110/><W117/><G112/><T49/><D115/><U119/><E119/><V11/><F114/><W46/><G117/><T56/><D129/><U122/><E122/><V75/><F75/><W25/><G128/><T124/><D69/><U57/><E131/><V59/><F127/><N who="0" m="48714" /><D1/><U54/><E108/><V106/><F132/><W62/><G71/><T92/><D82/><U53/><E6/><V34/><F34/><W89/><G25/><T38/><D38/><U68/><E68/><V36/><F36/><W19/><G89/><T73/><D73/><U102/><E78/><V123/><F123/><W84/><REACH who="3" step="1"/><G5/><REACH who="3" ten="326,118,230,316" step="2"/><T28/><D24/><U14/><E32/><V130/><F130/><W133/><G133/><T41/><D33/><U10/><REACH who="1" step="1"/><E40/><REACH who="1" ten="326,108,230,316" step="2"/><V126/><F126/><W79/><G79/><T99/><D41/><U30/><E30/><V74/><F29/><W95/><G95/><T120/><D94/><U3/><E3/><V104/><F74/><W2/><G2/><T39/><D28/><U21/><E21/><V67/><F20/><W96/><G96/><T18/><D120/><U135/><E135/><V70/><F97/><W61/><G61/><T85/><D23/><U103/><E103/><V118/><F118/><W45/><G45/><T86/><D99/><U44/><E44/><V88/><F106/><W66/><G66/><T51/><D22/><U35/><E35/><V72/><F72/><W37/><AGARI ba="1,2" hai="4,9,12,16,19,37,43,46,58,62,65,76,80,84" machi="37" ten="20,8000,1" yaku="1,1,0,1,7,1,52,1,54,1,53,0" doraHai="42" doraHaiUra="101" who="3" fromWho="3" sc="326,-21,108,-41,230,-21,316,103" /><INIT seed="2,0,0,4,1,65" ten="305,67,209,419" oya="2" hai0="10,57,22,113,49,126,131,80,109,72,36,99,75" hai1="1,56,92,38,105,67,60,34,81,110,54,127,58" hai2="46,124,122,82,135,45,18,98,40,25,2,9,12" hai3="21,13,73,39,91,48,11,8,97,32,68,104,71"/><V23/><F122/><W26/><G39/><T6/><D113/><U112/><E105/><V100/><F135/><W0/><G73/><T102/><D109/><U69/><E110/><V31/><F124/><W3/><G48/><T51/><D126/><U78/><E127/><V111/><F111/><W84/><G32/><T55/><D36/><U101/><E1/><V44/><F2/><W115/><G115/><T62/><D131/><U134/><E34/><V118/><F118/><W30/><G3/><T59/><D22/><U28/><E28/><V107/><REACH who="2" step="1"/><F82/><REACH who="2" ten="305,67,199,419" step="2"/><W77/><G0/><T50/><D80/><U29/><E134/><V37/><AGARI ba="0,1" hai="9,12,18,23,25,31,37,40,44,45,46,98,100,107" machi="37" ten="20,7800,0" yaku="1,1,2,1,0,1,7,1,53,0" doraHai="65" doraHaiUra="85" who="2" fromWho="2" sc="305,-26,67,-26,199,88,419,-26" /><INIT seed="2,1,0,0,2,124" ten="279,41,287,393" oya="2" hai0="41,87,79,21,115,90,132,88,99,80,113,32,19" hai1="20,58,69,15,107,120,10,119,129,30,8,24,133" hai2="2,34,56,91,49,125,122,0,71,37,1,76,12" hai3="103,3,83,17,127,131,22,135,117,23,101,6,75"/><V40/><F122/><W85/><G131/><T123/><D123/><U116/><E69/><V25/><F125/><W73/><G135/><T77/><D132/><U126/><E58/><V28/><F71/><W45/><G117/><N who="1" m="45130" /><E107/><V62/><F37/><W18/><G6/><T92/><D32/><N who="1" m="20551" /><E133/><V96/><F76/><W128/><G128/><T72/><D41/><U64/><E64/><V61/><F12/><W78/><G3/><T102/><D77/><U82/><E82/><V86/><F96/><W39/><G127/><T60/><D60/><U68/><E68/><V109/><F109/><W57/><G57/><T70/><D70/><U9/><E126/><V48/><F40/><W44/><G75/><T67/><D67/><U43/><E43/><V110/><F110/><W55/><G55/><T105/><D90/><U16/><E120/><V84/><F62/><W66/><G66/><T50/><D50/><U46/><E46/><V95/><REACH who="2" step="1"/><F84/><REACH who="2" ten="279,41,277,393" step="2"/><N who="3" m="48247" /><G39/><T59/><D59/><U27/><E129/><V63/><F63/><W93/><G44/><T52/><D52/><AGARI ba="1,1" hai="0,1,2,25,28,34,48,49,52,56,61,86,91,95" machi="52" ten="40,3900,0" yaku="1,1,54,1,53,0" doraHai="124" doraHaiUra="65" who="2" fromWho="0" sc="279,-42,41,0,277,52,393,0" /><INIT seed="2,2,0,2,0,49" ten="237,41,329,393" oya="2" hai0="64,121,89,56,8,72,129,128,19,69,124,11,104" hai1="97,98,58,13,114,47,15,115,100,103,22,24,26" hai2="44,90,41,45,91,95,113,20,94,70,76,1,108" hai3="27,84,71,119,68,2,57,10,118,106,51,5,82"/><V111/><F1/><W122/><G106/><T86/><D121/><U81/><E47/><N who="2" m="17995" /><F113/><W23/><G122/><T99/><D69/><U60/><E81/><V131/><F70/><W96/><G96/><T43/><D72/><U0/><E0/><V52/><F131/><N who="0" m="50250" /><D124/><U21/><E58/><V12/><F41/><W59/><G71/><T133/><D133/><U125/><REACH who="1" step="1"/><E60/><REACH who="1" ten="237,31,329,393" step="2"/><V120/><F120/><W37/><G68/><T85/><D56/><U117/><E117/><V61/><F76/><W88/><G59/><T14/><D43/><U53/><E53/><V34/><F34/><W110/><G57/><T83/><D83/><U40/><E40/><V39/><F39/><W126/><G37/><T42/><D42/><U46/><E46/><V105/><F105/><W67/><G119/><T87/><D104/><U31/><E31/><V16/><F52/><W109/><G118/><T101/><D64/><U75/><E75/><V50/><F50/><W123/><G51/><T25/><D14/><U93/><E93/><N who="2" m="35339" /><F61/><W127/><G67/><T66/><D66/><U55/><E55/><V48/><F48/><W30/><G123/><T38/><D38/><U112/><E112/><V3/><F3/><W65/><G65/><T134/><D134/><U63/><E63/><V78/><F78/><W130/><G130/><T33/><D33/><U73/><E73/><V18/><F18/><W62/><G62/><T35/><D19/><U80/><E80/><V77/><F77/><W17/><G17/><T32/><D35/><U4/><E4/><V9/><F9/><W102/><G10/><RYUUKYOKU ba="2,1" sc="237,-15,31,15,329,15,393,-15" hai1="13,15,21,22,24,26,97,98,100,103,114,115,125" hai2="12,16,20,90,91,108,111" /><INIT seed="2,3,1,0,0,16" ten="222,46,344,378" oya="2" hai0="29,60,59,10,110,120,101,5,104,47,94,112,21" hai1="96,55,4,74,82,69,128,73,119,77,33,15,31" hai2="13,126,57,17,35,67,22,86,109,117,99,11,49" hai3="45,41,19,54,103,68,124,3,97,50,113,122,100"/><V105/><F35/><W111/><G122/><T28/><D120/><U84/><E119/><V38/><F38/><W36/><G111/><T66/><D112/><U114/><E69/><V85/><F117/><W95/><G124/><T72/><D110/><U123/><E114/><V63/><F109/><W24/><G113/><T40/><D72/><U52/><E123/><V91/><F126/><W0/><G68/><T121/><D104/><U107/><E128/><V62/><F105/><W26/><G100/><T23/><D121/><U102/><E73/><V116/><F116/><W51/><G36/><T8/><D29/><U93/><E31/><V14/><F63/><W58/><G24/><T78/><D78/><U12/><E33/><V27/><F49/><W89/><G103/><T71/><D71/><U64/><E64/><V76/><F76/><W135/><G135/><T30/><D30/><U131/><E131/><V43/><F43/><W129/><G129/><T20/><D28/><U2/><E2/><V108/><F108/><W81/><G81/><T37/><D5/><U9/><E15/><N who="2" m="5643" /><F11/><W87/><G3/><T53/><D66/><U133/><E133/><V98/><F85/><W70/><G0/><T132/><D132/><U79/><E79/><V34/><F34/><W1/><G1/><T32/><D32/><U6/><E4/><V48/><F48/><W18/><G70/><T118/><D118/><U125/><E125/><V75/><F75/><W83/><G26/><T90/><D101/><U39/><E39/><V65/><F65/><W7/><G7/><T115/><D115/><RYUUKYOKU ba="3,1" sc="222,0,46,0,344,0,378,0" hai0="8,10,20,21,23,37,40,47,53,59,60,90,94" hai1="6,9,12,52,55,74,77,82,84,93,96,102,107" hai2="17,22,27,57,62,67,86,91,98,99" hai3="18,19,41,45,50,51,54,58,83,87,89,95,97" /><INIT seed="2,4,1,4,0,44" ten="222,46,344,378" oya="2" hai0="1,113,12,28,71,134,51,117,39,62,0,114,95" hai1="72,2,119,116,20,21,42,56,94,38,26,49,102" hai2="97,76,132,84,98,66,58,50,126,30,45,4,3" hai3="131,47,35,13,104,46,29,65,88,8,87,91,64"/><V69/><F69/><W24/><G104/><T129/><D39/><U17/><E72/><V83/><F126/><W123/><G123/><T19/><D129/><U112/><E2/><V54/><F132/><W103/><G131/><T10/><D134/><U11/><E112/><V16/><F30/><W74/><G103/><T27/><D95/><U85/><E38/><V55/><F66/><W6/><G74/><T25/><D71/><U78/><E11/><V115/><F115/><N who="0" m="44042" /><D62/><U81/><E21/><V93/><F93/><W100/><G100/><T108/><D51/><U125/><E125/><V67/><F67/><W110/><G110/><T122/><D122/><U79/><E79/><V90/><F76/><W40/><G46/><T101/><D101/><U118/><E42/><V15/><F4/><W52/><G91/><T61/><D61/><U127/><E127/><V5/><F5/><W18/><G6/><T106/><D106/><U43/><E43/><V36/><F3/><N who="0" m="1098" /><D108/><U48/><REACH who="1" step="1"/><E56/><REACH who="1" ten="222,36,344,378" step="2"/><V33/><F33/><W60/><G40/><T63/><D10/><U34/><E34/><V75/><F75/><W41/><G41/><T31/><D31/><U109/><E109/><V59/><F36/><W107/><G35/><T70/><D28/><U80/><E80/><V120/><F120/><W22/><G29/><T130/><D130/><U92/><E92/><V7/><F7/><N who="3" m="3231" /><G107/><T86/><D70/><U68/><E68/><V105/><F105/><W57/><G47/><T135/><D135/><U96/><AGARI ba="4,2" hai="17,20,26,48,49,78,81,85,94,96,102,116,118,119" machi="96" ten="40,8000,1" yaku="1,1,0,1,52,2,53,1" doraHai="44" doraHaiUra="73" who="1" fromWho="1" sc="222,-24,36,112,344,-44,378,-24" /><INIT seed="3,0,0,3,5,53" ten="198,148,300,354" oya="3" hai0="50,93,126,19,88,51,6,49,33,123,47,115,80" hai1="128,27,131,95,98,70,120,37,20,39,44,9,121" hai2="55,109,112,127,10,107,79,59,38,30,101,36,4" hai3="5,99,22,94,62,110,11,75,104,43,35,41,26"/><W105/><G75/><T65/><D123/><U114/><E114/><V125/><F112/><W117/><G35/><T132/><D115/><U96/><E70/><V32/><F79/><W111/><G117/><T118/><D118/><U13/><E44/><V81/><F81/><W85/><G62/><T76/><D132/><U67/><E67/><V3/><F109/><N who="3" m="41483" /><G85/><N who="0" m="48263" /><D33/><U69/><E69/><V102/><F32/><W78/><G78/><T2/><D2/><U45/><E45/><V66/><F66/><W61/><G61/><T90/><D126/><U68/><E68/><V87/><F87/><W1/><G41/><T100/><D47/><U15/><E95/><V18/><F30/><N who="3" m="17751" /><G43/><T14/><D65/><U12/><E9/><V8/><F38/><N who="1" m="14345" /><E20/><V16/><F36/><W46/><G46/><T97/><D6/><U64/><E27/><V103/><F10/><AGARI ba="0,0" hai="10,14,19,49,50,51,88,90,93,97,100" m="48263" machi="10" ten="30,2000,0" yaku="8,1,54,1" doraHai="53" who="0" fromWho="2" sc="198,20,148,0,300,-20,354,0" owari="218,-18.2,148,-35.2,280,8.0,354,45.4" /></mjloggm>