<mjloggm ver="2.3"><GO type="225" lobby="0"/><UN n0="%E3%83%A9%E3%82%B9%E7%8E%87%EF%BC%93%E5%89%B2" n1="%E7%AC%B9%E9%A4%85" n2="%E5%8F%AF%E5%85%90%E9%82%A3%E7%94%B1%E5%A4%9A" n3="%63%68%78%62%64" dan="16,16,16,16" rate="2162.03,2202.53,2204.24,2127.59" sx="F,M,F,M"/><TAIKYOKU oya="0"/><INIT seed="0,0,0,3,4,109" ten="250,250,250,250" oya="0" hai0="35,23,48,124,37,10,25,89,59,34,107,41,24" hai1="67,119,17,27,130,129,114,68,20,110,135,55,131" hai2="58,32,9,0,127,6,90,112,88,50,75,94,4" hai3="61,53,30,56,115,120,39,84,33,116,54,26,46"/><T79/><D124/><U96/><E110/><V76/><F32/><W105/><G116/><T18/><D107/><U43/><E119/><V81/><F127/><W117/><G117/><T45/><D79/><U113/><E135/><V132/><F132/><W86/><G105/><T65/><D10/><U28/><E43/><V69/><F69/><W60/><G120/><T13/><D89/><U71/><E55/><V31/><F31/><W5/><G115/><N who="1" m="44042" /><E67/><V70/><F70/><N who="1" m="26665" /><E96/><V111/><F112/><W95/><G5/><T100/><D65/><U12/><E130/><V3/><F111/><W77/><G53/><T91/><D41/><U36/><E36/><V1/><F6/><W72/><G39/><T123/><D37/><U49/><E49/><V85/><F50/><W22/><G54/><T106/><D48/><U103/><E103/><V57/><REACH who="2" step="1"/><F90/><REACH who="2" ten="250,250,240,250" step="2"/><W134/><G134/><T101/><D91/><U44/><E44/><V128/><F128/><W97/><G46/><T29/><D45/><U98/><E98/><V11/><F11/><AGARI ba="0,1" hai="11,12,17,20,27,28,129,131" m="26665,44042" machi="11" ten="30,7700,0" yaku="11,1,52,3" doraHai="109" who="1" fromWho="2" sc="250,0,250,87,240,-77,250,0" /><INIT seed="1,0,0,4,0,8" ten="250,337,163,250" oya="1" hai0="119,61,115,91,21,128,123,92,116,29,109,135,69" hai1="20,77,19,79,36,13,25,33,76,114,22,120,86" hai2="117,56,32,84,81,93,49,11,104,55,50,12,48" hai3="90,131,5,54,73,98,18,107,133,110,112,4,67"/><U68/><E114/><V105/><F117/><W9/><G73/><T75/><D115/><U126/><E120/><V108/><F108/><W82/><G112/><T129/><D75/><U62/><E126/><V44/><F32/><W31/><G110/><T26/><D109/><U124/><E124/><V121/><F121/><W134/><G67/><N who="0" m="41199" /><D123/><U37/><E33/><V71/><F71/><W17/><G31/><T63/><D63/><U72/><E72/><V24/><F24/><W106/><G131/><N who="0" m="50251" /><D135/><N who="3" m="51721" /><G5/><T96/><AGARI ba="0,0" hai="21,26,29,91,92,96,116,119" m="50251,41199" machi="96" ten="30,1100,0" yaku="19,1" doraHai="8" who="0" fromWho="0" sc="250,11,337,-5,163,-3,250,-3" /><INIT seed="2,0,0,4,4,131" ten="261,332,160,247" oya="2" hai0="116,37,97,114,72,21,120,105,10,90,76,85,36" hai1="51,22,43,50,77,121,68,79,118,27,100,33,101" hai2="16,65,59,73,47,117,123,126,20,125,129,2,99" hai3="88,8,42,35,57,9,30,0,3,115,29,83,67"/><V75/><F117/><W17/><G42/><T58/><D116/><U86/><E118/><V132/><F123/><W66/><G115/><T34/><D34/><U74/><E74/><V87/><F2/><W44/><G44/><T133/><D120/><U12/><E68/><V55/><F129/><W63/><G35/><T89/><D21/><U95/><E121/><V39/><F65/><W107/><G107/><T109/><D10/><N who="3" m="4201" /><G66/><T6/><D6/><U15/><E33/><V103/><F87/><N who="3" m="50303" /><G3/><T69/><D69/><U46/><E77/><V78/><F47/><W119/><G119/><T135/><D114/><U40/><E40/><V94/><F39/><W70/><G70/><T19/><D109/><U52/><E79/><V104/><F104/><W110/><G110/><T56/><D19/><U128/><E128/><V45/><F45/><W112/><G112/><T106/><D76/><U92/><E86/><V98/><F98/><W64/><G64/><T48/><D85/><U111/><E111/><V80/><F75/><W130/><G130/><T1/><D97/><U41/><E41/><V96/><F96/><W32/><G32/><T102/><D1/><U122/><E122/><V60/><REACH who="2" step="1"/><F132/><REACH who="2" ten="261,332,150,247" step="2"/><W31/><G0/><T108/><D108/><U38/><E38/><V7/><F7/><W49/><G67/><T62/><D72/><U134/><E134/><V25/><AGARI ba="0,1" hai="16,20,25,55,59,60,73,78,80,94,99,103,125,126" machi="25" ten="30,11700,0" yaku="1,1,0,1,54,1,53,1" doraHai="131" doraHaiUra="91" who="2" fromWho="2" sc="261,-39,332,-39,150,127,247,-39" /><INIT seed="2,1,0,5,3,117" ten="222,293,277,208" oya="2" hai0="128,133,126,122,60,15,87,13,9,92,119,32,38" hai1="21,48,98,110,120,50,96,39,4,57,80,14,0" hai2="91,66,103,31,26,74,76,45,11,108,7,72,90" hai3="58,109,55,23,3,67,52,65,10,18,105,131,28"/><V116/><F116/><W37/><G37/><T54/><D38/><U6/><E39/><V97/><F108/><W1/><G109/><T75/><D75/><U33/><E33/><V106/><F45/><W70/><G70/><T132/><D32/><U64/><E110/><V59/><F66/><W95/><G105/><T35/><D35/><U20/><E0/><V81/><F59/><W89/><G131/><T16/><D128/><U135/><E135/><N who="0" m="51785" /><D126/><U79/><E120/><V46/><F46/><W56/><G28/><T114/><D114/><U111/><E111/><V25/><F74/><W88/><G10/><T123/><D119/><U113/><E113/><V107/><F107/><W82/><G82/><T84/><D15/><U34/><E34/><V5/><F5/><W40/><G40/><T17/><D17/><U61/><E6/><V30/><F30/><W134/><G134/><T12/><D12/><U73/><E21/><V129/><F129/><W93/><G18/><T124/><D124/><U8/><E20/><AGARI ba="1,0" hai="1,3,20,23,52,55,56,58,65,67,88,89,93,95" machi="20" ten="25,6400,0" yaku="22,2,54,2" doraHai="117" who="3" fromWho="1" sc="222,0,293,-67,277,0,208,67" /><INIT seed="3,0,0,3,0,33" ten="222,226,277,275" oya="3" hai0="102,125,78,1,86,96,127,23,93,34,87,24,53" hai1="90,71,4,57,106,110,58,134,67,74,79,123,11" hai2="94,84,112,114,133,38,131,63,61,54,89,66,95" hai3="128,76,64,70,19,116,111,60,65,104,25,39,68"/><W12/><G116/><T72/><D34/><U30/><E123/><V28/><F38/><W9/><G111/><T45/><D72/><U124/><E110/><V26/><F131/><W121/><G128/><T99/><D78/><U98/><E30/><V101/><F133/><W29/><G104/><T130/><D130/><U51/><E134/><V6/><F6/><W77/><G39/><T52/><D99/><U55/><E124/><N who="0" m="47689" /><D1/><U2/><E71/><V31/><F54/><N who="0" m="21098" /><D45/><U15/><E79/><V83/><F101/><W129/><G121/><T59/><D59/><U62/><E74/><V37/><F37/><W117/><G117/><T92/><D92/><U126/><E126/><V56/><F95/><W105/><G105/><T20/><D20/><U75/><E75/><V85/><F94/><W113/><G113/><T109/><D109/><U44/><E90/><V118/><F118/><W41/><G129/><T82/><D82/><U69/><REACH who="1" step="1"/><E15/><REACH who="1" ten="222,216,277,275" step="2"/><V40/><F89/><W80/><G77/><T135/><D135/><U91/><E91/><V18/><F114/><W48/><G76/><T47/><D47/><U22/><E22/><V120/><F112/><W81/><G70/><T108/><D108/><U14/><E14/><V88/><F120/><W32/><G68/><T119/><D119/><U13/><E13/><V36/><F88/><W132/><G132/><T27/><D27/><U49/><E49/><V17/><F26/><W21/><G21/><T46/><D46/><U50/><E50/><V107/><F83/><W100/><G80/><T7/><D7/><U103/><AGARI ba="0,1" hai="2,4,11,44,51,55,57,58,62,67,69,98,103,106" machi="103" ten="30,7900,0" yaku="1,1,5,1,0,1,52,1,53,0" doraHai="33" doraHaiUra="115" who="1" fromWho="1" sc="222,-20,216,89,277,-20,275,-39" owari="202,-29.8,305,40.5,257,5.7,236,-16.4" /></mjloggm>