<mjloggm ver="2.3"><GO type="225" lobby="0"/><UN n0="%37%2F%32%E3%81%AB%E7%94%9F%E3%81%BE%E3%82%8C%E3%81%A6" n1="%E4%B8%AD%E5%B9%B4%E3%81%AE%E5%8D%B1%E6%A9%9F" n2="%72%69%6F%75%63%68%61%6E" n3="%E3%81%82%E3%82%93%E3%81%AA%E3%81%A4" dan="17,16,17,17" rate="2178.61,2156.17,2225.12,2181.37" sx="M,M,M,M"/><TAIKYOKU oya="0"/><INIT seed="0,0,0,4,4,27" ten="250,250,250,250" oya="0" hai0="32,66,12,124,40,14,61,72,128,63,69,73,76" hai1="59,6,92,77,39,4,31,56,127,42,88,105,62" hai2="75,84,48,2,117,104,109,49,3,83,89,38,74" hai3="71,132,102,53,114,58,1,103,67,13,51,129,16"/><T57/><BYE who="1" /><D32/><U106/><E106/><V97/><F38/><W35/><G132/><T134/><D134/><U135/><E135/><V23/><F109/><W85/><G1/><T111/><D124/><U81/><E81/><V107/><F117/><W68/><G114/><T93/><D128/><U60/><E60/><V116/><F116/><W52/><G129/><T17/><D111/><U36/><E36/><V70/><F70/><W82/><G35/><T96/><D40/><U34/><E34/><V95/><F23/><N who="3" m="11663" /><G68/><T99/><D99/><U5/><E5/><V25/><F25/><W0/><G71/><T43/><D43/><U112/><E112/><V91/><F107/><W33/><G0/><T115/><D115/><U100/><E100/><N who="3" m="38442" /><G33/><T29/><D12/><U98/><E98/><V20/><F104/><W78/><G53/><T131/><D131/><UN n1="%E4%B8%AD%E5%B9%B4%E3%81%AE%E5%8D%B1%E6%A9%9F" /><U21/><E105/><V24/><F2/><W47/><G67/><T55/><D76/><U64/><E77/><V19/><REACH who="2" step="1"/><F3/><REACH who="2" ten="250,250,240,250" step="2"/><W121/><G121/><T126/><D126/><U7/><E127/><V15/><F15/><W113/><G113/><T125/><D125/><U87/><E21/><V28/><F28/><W90/><G78/><T10/><REACH who="0" step="1"/><D29/><REACH who="0" ten="240,250,240,250" step="2"/><U18/><E31/><V65/><F65/><W41/><G41/><T22/><D22/><U26/><E42/><V79/><F79/><W86/><G86/><T80/><D80/><U37/><E37/><V45/><F45/><AGARI ba="0,2" hai="45,47,51,52,58,82,85,90" m="38442,11663" machi="45" ten="30,3900,0" yaku="8,1,54,2" doraHai="27" who="3" fromWho="2" sc="240,0,250,0,240,-39,250,59" /><INIT seed="1,0,0,3,2,50" ten="240,250,201,309" oya="1" hai0="123,122,134,3,133,103,76,119,1,83,110,7,16" hai1="74,34,70,130,93,105,78,67,51,59,39,108,84" hai2="90,98,49,17,2,112,52,42,9,43,46,73,115" hai3="86,61,94,48,8,96,128,87,10,40,14,101,129"/><U38/><E34/><V37/><F73/><W21/><G21/><T28/><D103/><U79/><E105/><V45/><F42/><W54/><G40/><T81/><D119/><U72/><E72/><V41/><F41/><W58/><G61/><T20/><D110/><U64/><E108/><V5/><REACH who="2" step="1"/><F17/><REACH who="2" ten="240,250,191,309" step="2"/><W127/><G129/><T97/><D123/><U15/><E130/><V120/><F120/><W53/><G128/><T24/><D122/><U36/><E74/><V85/><F85/><W31/><G87/><T33/><D97/><U114/><E114/><V4/><F4/><W88/><G86/><T68/><D7/><U107/><E79/><V60/><F60/><W80/><G96/><T32/><D76/><U121/><E121/><V57/><F57/><W77/><G58/><T75/><D75/><U62/><E78/><V56/><F56/><W102/><G77/><T29/><D68/><U104/><E67/><V124/><F124/><W106/><G127/><T125/><D125/><U132/><E132/><N who="0" m="50793" /><D83/><U13/><E51/><V6/><F6/><W109/><G48/><T95/><D81/><U82/><E70/><V55/><F55/><W126/><G54/><T12/><D95/><AGARI ba="0,1" hai="2,5,9,37,43,45,46,49,52,90,95,98,112,115" machi="95" ten="40,8000,1" yaku="1,1,52,1,54,1,53,1" doraHai="50" doraHaiUra="47" who="2" fromWho="0" sc="240,-80,250,0,191,90,309,0" /><INIT seed="2,0,0,2,3,65" ten="160,250,281,309" oya="2" hai0="92,123,122,42,66,94,10,41,93,89,99,83,11" hai1="4,5,51,59,115,84,39,104,85,81,76,57,102" hai2="95,117,113,108,37,75,9,28,24,124,21,29,53" hai3="88,61,19,35,60,55,20,3,118,1,125,128,74"/><V96/><F113/><W78/><G118/><T32/><D32/><U47/><E39/><V72/><F117/><W44/><G35/><T54/><D66/><U58/><E115/><V26/><F124/><W43/><G125/><T0/><D83/><U77/><E104/><V105/><F37/><W7/><G128/><T114/><D114/><U131/><E131/><V106/><F108/><W34/><G34/><T80/><D80/><N who="1" m="47111" /><E102/><V107/><F9/><W132/><G132/><T17/><D0/><U15/><E15/><V91/><REACH who="2" step="1"/><F53/><AGARI ba="0,0" hai="4,5,47,51,53,57,58,59,77,81,85" m="47111" machi="53" ten="30,1000,0" yaku="8,1" doraHai="65" who="1" fromWho="2" sc="160,0,250,10,281,-10,309,0" /><INIT seed="3,0,0,1,4,70" ten="160,260,271,309" oya="3" hai0="65,27,16,108,22,76,69,86,125,60,73,42,85" hai1="32,131,99,31,2,93,97,78,110,106,135,5,61" hai2="18,116,81,124,53,50,55,82,7,34,72,21,129" hai3="119,103,54,45,122,92,127,12,79,112,109,130,117"/><W39/><G112/><T15/><D108/><U88/><E110/><V87/><F116/><W47/><G109/><T91/><D125/><U41/><E135/><V80/><F34/><W33/><G33/><T13/><D73/><U71/><E78/><V90/><F129/><W62/><G79/><T6/><D76/><U3/><E41/><V102/><F124/><W133/><G12/><T1/><D1/><U24/><E131/><V105/><F72/><W37/><G130/><T28/><D42/><U67/><E5/><V56/><F7/><W84/><G84/><T118/><D118/><N who="3" m="45065" /><G92/><T111/><D111/><U74/><E74/><V52/><F105/><W51/><G103/><AGARI ba="0,0" hai="2,3,24,31,32,61,67,71,88,93,97,99,103,106" machi="103" ten="40,5200,0" yaku="25,2,54,1" doraHai="70" who="1" fromWho="3" sc="160,0,260,52,271,0,309,-52" owari="160,-34.0,312,41.2,271,7.1,257,-14.3" /></mjloggm>