<mjloggm ver="2.3"><GO type="225" lobby="0"/><UN n0="%E3%81%A1%E3%82%85%E3%81%86%E3%81%A9%E3%81%8F%E8%B1%A1%E3%81%95%E3%82%93" n1="%33%74%72%65%65" n2="%E5%A0%80%E5%B7%9D%E9%9B%B7%E9%BC%93" n3="%E6%98%93%E5%88%A9%E8%96%A9%E4%BC%AF" dan="17,17,16,16" rate="2190.24,2188.37,2091.60,2117.10" sx="M,F,F,F"/><TAIKYOKU oya="0"/><INIT seed="0,0,0,5,5,135" ten="250,250,250,250" oya="0" hai0="7,6,29,83,102,119,109,75,84,113,128,2,52" hai1="35,71,21,116,33,34,60,22,42,130,122,9,120" hai2="133,80,14,101,31,43,100,114,99,54,68,117,0" hai3="3,123,94,110,39,41,129,45,98,77,30,103,105"/><T23/><D113/><U51/><E116/><V107/><F0/><W63/><G110/><T73/><D119/><U126/><E130/><V4/><F117/><W49/><G129/><T11/><D128/><U85/><E120/><V66/><F114/><W55/><G123/><T121/><D121/><U72/><E72/><V115/><F115/><W112/><G112/><T82/><D6/><U50/><E122/><V46/><F100/><W97/><G3/><T40/><D40/><U74/><E74/><V32/><F54/><W15/><G77/><T24/><D109/><U65/><E51/><V93/><F80/><W134/><G30/><T70/><D70/><U61/><E61/><N who="2" m="40015" /><F93/><W37/><G15/><T53/><D102/><U111/><E111/><V92/><F92/><W81/><G81/><T20/><D20/><U26/><E85/><V59/><F59/><W69/><G134/><T108/><D108/><U86/><E86/><V8/><F133/><W132/><G132/><T104/><D104/><U62/><E22/><V131/><F131/><W125/><G39/><T88/><REACH who="0" step="1"/><D73/><REACH who="0" ten="240,250,250,250" step="2"/><U57/><E21/><V36/><F32/><W5/><G105/><T47/><D47/><N who="1" m="25975" /><E34/><V64/><F31/><W91/><G69/><T118/><D118/><U1/><E35/><V67/><F4/><W58/><G5/><T28/><D28/><U96/><E71/><V106/><F106/><N who="3" m="63855" /><G37/><T90/><D90/><U56/><E33/><V19/><F107/><W79/><G91/><T48/><D48/><U44/><E44/><V13/><F13/><W127/><G45/><T38/><D38/><RYUUKYOKU ba="0,1" sc="240,15,250,-15,250,15,250,-15" hai0="2,7,11,23,24,29,52,53,75,82,83,84,88" hai2="8,14,19,36,43,46,64,67,99,101" /><INIT seed="0,1,1,4,1,41" ten="255,235,265,235" oya="0" hai0="77,123,32,55,69,47,28,30,43,102,72,132,8" hai1="56,19,104,107,89,95,130,88,112,80,81,129,20" hai2="11,5,98,24,67,78,12,114,117,10,53,44,42" hai3="84,83,106,59,90,131,29,16,40,4,124,127,74"/><T103/><D123/><U9/><E9/><V82/><F114/><W85/><G106/><N who="1" m="40490" /><E56/><V37/><F117/><W25/><G74/><T38/><D69/><U64/><E64/><V105/><F67/><W63/><G4/><T113/><D113/><U52/><E112/><V97/><F105/><W3/><G3/><T96/><D132/><U99/><E89/><V46/><F24/><W94/><G40/><T100/><D8/><U61/><E61/><V31/><F31/><W66/><G131/><N who="1" m="50186" /><E52/><V35/><F35/><W27/><G29/><T76/><D28/><U70/><E70/><V125/><F125/><N who="3" m="48203" /><G16/><T18/><D18/><U120/><E120/><V73/><REACH who="2" step="1"/><F11/><REACH who="2" ten="255,235,255,235" step="2"/><W91/><AGARI ba="1,2" hai="25,27,59,63,66,83,84,85,90,91,94" m="48203" machi="91" ten="30,1100,0" yaku="18,1" doraHai="41" who="3" fromWho="3" sc="255,-6,235,-4,255,-4,235,34" /><INIT seed="1,0,0,2,3,19" ten="249,231,251,269" oya="1" hai0="63,98,77,113,85,107,116,3,55,14,2,133,37" hai1="51,82,90,129,118,34,16,103,18,36,78,24,1" hai2="35,108,121,59,64,29,31,124,47,131,4,75,10" hai3="112,109,33,7,87,74,126,30,93,41,114,39,73"/><U50/><E118/><V94/><F121/><W92/><G109/><T119/><D113/><U0/><E36/><V60/><F75/><W42/><G126/><T57/><D37/><U91/><E103/><V101/><F108/><W66/><G7/><T134/><D14/><U130/><E34/><V45/><F124/><W80/><G66/><T62/><D107/><U46/><E78/><V89/><F101/><W102/><G33/><T54/><D98/><U132/><E24/><V71/><F71/><W70/><G30/><N who="2" m="11273" /><F131/><N who="1" m="50185" /><E132/><V97/><F35/><W5/><G5/><T53/><D77/><U61/><E61/><N who="0" m="23049" /><D85/><N who="1" m="50487" /><E91/><V43/><F43/><W79/><G70/><T115/><D57/><U104/><E104/><V26/><F26/><W123/><G123/><T12/><D12/><AGARI ba="0,0" hai="4,10,12,45,47,59,60,64,89,94,97" m="11273" machi="12" ten="30,1000,0" yaku="8,1" doraHai="19" who="2" fromWho="0" sc="249,-10,231,0,251,10,269,0" /><INIT seed="2,0,0,4,1,21" ten="239,231,261,269" oya="2" hai0="104,70,20,44,55,120,76,51,58,77,27,14,65" hai1="11,110,40,13,37,35,30,80,106,48,125,115,90" hai2="23,15,118,112,81,113,88,126,54,132,69,28,71" hai3="99,50,109,78,101,74,42,19,26,85,29,121,84"/><V36/><F36/><W92/><G121/><T22/><D120/><U127/><E115/><V73/><F118/><W122/><G122/><T31/><D104/><U17/><E106/><V79/><F113/><W97/><G109/><T72/><D70/><U135/><E37/><V67/><F112/><W66/><G19/><N who="0" m="10359" /><D72/><U10/><E110/><V47/><F132/><W56/><G74/><T124/><D124/><N who="1" m="47691" /><E135/><V129/><F126/><W89/><G42/><N who="0" m="24983" /><D65/><U41/><E10/><V18/><F129/><W117/><G117/><T6/><D6/><U128/><E128/><V93/><F67/><W59/><G99/><T100/><D100/><U62/><E62/><AGARI ba="0,0" hai="22,27,31,55,58,62,76,77" m="24983,10359" machi="62" ten="30,2000,0" yaku="8,1,52,1" doraHai="21" who="0" fromWho="1" sc="239,20,231,-20,261,0,269,0" /><INIT seed="3,0,0,1,4,54" ten="259,211,261,269" oya="3" hai0="128,80,105,129,109,81,117,102,38,35,7,36,52" hai1="99,115,2,6,63,68,37,20,106,64,79,69,114" hai2="87,15,45,57,133,82,71,32,113,50,12,4,98" hai3="96,132,88,31,29,5,94,23,84,49,91,85,47"/><W27/><G132/><T16/><D117/><U126/><E126/><V39/><F113/><W97/><G5/><T0/><D35/><U61/><E37/><V34/><F71/><W124/><G31/><T44/><D109/><U22/><E79/><V41/><F133/><W11/><G11/><T9/><D102/><U30/><E22/><V17/><F98/><W135/><G124/><T53/><D105/><U13/><E30/><V67/><F4/><W75/><G75/><T58/><D16/><U120/><E120/><V111/><F111/><W116/><G116/><T121/><D121/><U19/><E6/><V56/><F39/><N who="0" m="14890" /><D44/><U60/><E2/><V77/><F12/><W3/><G3/><T46/><D46/><U18/><E18/><V130/><F130/><N who="0" m="50282" /><D53/><U110/><E110/><V42/><F42/><W25/><G25/><T78/><D78/><U95/><E106/><V112/><F112/><W26/><G26/><T103/><D103/><U59/><E68/><V51/><F51/><AGARI ba="0,0" hai="0,7,9,51,52,58,80,81" m="50282,14890" machi="51" ten="30,3900,0" yaku="19,1,52,1,54,1" doraHai="54" who="0" fromWho="2" sc="259,39,211,0,261,-39,269,0" /><INIT seed="4,0,0,1,0,38" ten="298,211,222,269" oya="0" hai0="64,88,120,107,122,41,79,0,121,111,69,131,43" hai1="97,130,99,81,132,29,26,52,28,11,85,92,74" hai2="94,46,65,77,91,19,104,82,17,27,123,33,54" hai3="116,135,60,124,95,9,70,12,106,6,98,125,96"/><T7/><D107/><U114/><E130/><V100/><F123/><W73/><G116/><T93/><D79/><N who="1" m="46271" /><E74/><V55/><F104/><W128/><G73/><T119/><D119/><U4/><E132/><V75/><F100/><W89/><G128/><T42/><D131/><U20/><E114/><V13/><F65/><W5/><G5/><T62/><D111/><U67/><E67/><V32/><F19/><W113/><G113/><T3/><REACH who="0" step="1"/><D7/><REACH who="0" ten="288,211,222,269" step="2"/><U103/><E99/><AGARI ba="0,1" hai="0,3,41,42,43,62,64,69,88,93,99,120,121,122" machi="99" ten="50,18000,2" yaku="1,1,2,1,52,3,54,1,53,1" doraHai="38" doraHaiUra="90" who="0" fromWho="1" sc="288,190,211,-180,222,0,269,0" owari="478,57.8,31,-46.9,222,-17.8,269,6.9" /></mjloggm>