<mjloggm ver="2.3"><GO type="225" lobby="0"/><UN n0="%E3%81%BF%E3%81%BF%E3%81%9A" n1="%72%65%6E%6B%75%6E" n2="%E5%B3%B6%E7%94%B0%E7%9C%9F%E5%A4%A2" n3="%E9%80%86%E9%80%A3%E5%B8%AF%E3%81%AE%E9%AC%BC" dan="17,17,16,16" rate="2272.73,2179.03,2083.66,2171.38" sx="M,M,F,M"/><TAIKYOKU oya="0"/><INIT seed="0,0,0,5,5,64" ten="250,250,250,250" oya="0" hai0="129,52,18,44,110,66,134,43,118,62,81,72,28" hai1="111,75,12,54,83,108,10,34,1,117,131,74,116" hai2="24,0,11,59,21,84,17,36,2,97,73,27,92" hai3="94,7,70,120,93,112,38,114,135,124,68,85,16"/><T39/><D118/><N who="1" m="45675" /><E34/><V67/><F36/><W100/><G38/><T88/><D129/><U113/><E1/><V58/><F73/><W107/><G120/><T57/><D134/><U35/><E35/><V77/><F2/><W121/><G121/><T101/><D110/><N who="1" m="42027" /><E131/><V95/><F27/><W69/><G7/><T133/><D133/><U63/><E83/><V26/><F26/><W125/><G135/><T78/><D28/><U8/><E113/><V76/><F0/><W33/><G33/><T19/><D101/><U53/><E63/><V5/><F5/><W14/><G107/><T45/><D45/><U126/><E126/><N who="3" m="48746" /><G85/><T90/><REACH who="0" step="1"/><D66/><REACH who="0" ten="240,250,250,250" step="2"/><U23/><E23/><V96/><F67/><W132/><G132/><T104/><D104/><U47/><E8/><V79/><F11/><N who="3" m="6239" /><G100/><T40/><D40/><U41/><E41/><V128/><F128/><W103/><G103/><T99/><D99/><U80/><E47/><V37/><F97/><W82/><G82/><T86/><D86/><U50/><E80/><V3/><F84/><W9/><G9/><T105/><D105/><U61/><E75/><V119/><F96/><W65/><G65/><T98/><D98/><U15/><E74/><V71/><F119/><W106/><G106/><T29/><D29/><U51/><E10/><V13/><F21/><W31/><G31/><T102/><D102/><U6/><E6/><V30/><F30/><W48/><G48/><N who="1" m="18474" /><E53/><V87/><F87/><W42/><G42/><T22/><D22/><U115/><E115/><AGARI ba="0,1" hai="68,69,70,93,94,112,114,115" m="6239,48746" machi="115" ten="40,8000,1" yaku="18,1,52,3,54,1" doraHai="64" who="3" fromWho="1" sc="240,0,250,-80,250,0,250,90" /><INIT seed="1,0,0,5,0,0" ten="240,170,250,340" oya="1" hai0="6,18,128,43,122,61,121,71,79,89,132,7,98" hai1="16,90,24,30,80,8,104,91,40,11,50,135,115" hai2="49,100,119,4,94,129,56,97,109,15,27,78,26" hai3="1,118,10,113,130,44,66,52,64,112,72,125,111"/><U134/><E115/><V59/><F119/><W126/><G118/><T75/><D43/><U76/><E104/><V84/><F129/><W23/><G72/><T53/><D128/><U34/><E40/><V86/><F109/><W54/><G130/><T77/><D132/><N who="1" m="50731" /><E50/><V106/><F106/><W13/><G111/><T116/><D116/><U29/><E29/><V117/><F117/><W93/><G1/><T81/><D18/><U45/><E45/><V41/><F41/><W85/><G23/><T28/><D28/><U22/><E34/><V105/><F105/><W103/><G113/><T12/><D77/><U55/><E55/><N who="2" m="31855" /><F59/><W131/><G112/><T5/><D12/><N who="1" m="7199" /><E8/><N who="2" m="4487" /><F86/><AGARI ba="0,0" hai="22,24,30,76,80,86,90,91" m="7199,50731" machi="86" ten="30,2900,0" yaku="20,1,54,1" doraHai="0" who="1" fromWho="2" sc="240,0,170,29,250,-29,340,0" /><INIT seed="1,1,0,5,0,44" ten="240,199,221,340" oya="1" hai0="116,56,6,63,87,79,75,25,52,11,30,128,99" hai1="41,55,133,4,21,124,49,66,40,91,8,123,51" hai2="59,24,88,71,130,89,46,126,54,16,60,77,131" hai3="64,37,117,112,68,106,39,97,9,57,14,70,111"/><U121/><E66/><V2/><F2/><W22/><G112/><T115/><D115/><U17/><E124/><V134/><F126/><W20/><G117/><T0/><D116/><U3/><E133/><V67/><F134/><W58/><G111/><T53/><D128/><N who="2" m="49194" /><F46/><W127/><G127/><T62/><D75/><U129/><E129/><V45/><F45/><W61/><G58/><T135/><D135/><U19/><E123/><V23/><F77/><W120/><G120/><T98/><D53/><U18/><E121/><V35/><F35/><W110/><G110/><T118/><D63/><AGARI ba="1,0" hai="16,23,24,54,59,60,63,67,71,88,89" m="49194" machi="63" ten="30,3900,0" yaku="19,1,54,2" doraHai="44" who="2" fromWho="0" sc="240,-42,199,0,221,42,340,0" /><INIT seed="2,0,0,4,5,20" ten="198,199,263,340" oya="2" hai0="30,89,82,83,133,15,85,42,76,19,56,7,93" hai1="51,114,21,44,104,121,49,115,78,50,135,81,119" hai2="72,122,65,29,94,126,98,3,70,22,74,68,132" hai3="77,60,26,46,97,61,66,108,2,32,64,91,73"/><V18/><F122/><W11/><G108/><T63/><D133/><U88/><E119/><V128/><F3/><W90/><G46/><T84/><D30/><U6/><E135/><V24/><F132/><W8/><G77/><T96/><D7/><U124/><E121/><V35/><F128/><W55/><G73/><T54/><D42/><U71/><E71/><V25/><F126/><W33/><G55/><T103/><D15/><U62/><E104/><V53/><F53/><W123/><G123/><T117/><D117/><U41/><E124/><V31/><F31/><W1/><G97/><T102/><REACH who="0" step="1"/><D19/><REACH who="0" ten="188,199,263,340" step="2"/><U100/><E6/><V43/><F43/><W5/><G5/><T107/><D107/><U69/><E114/><V99/><F18/><W110/><G110/><T16/><D16/><U120/><E115/><V45/><F29/><W58/><G1/><T134/><D134/><U37/><E120/><V130/><F130/><W101/><G2/><T87/><D87/><N who="1" m="50287" /><E21/><V52/><F22/><W95/><G33/><T111/><D111/><U27/><E27/><V12/><F25/><W112/><G32/><T10/><D10/><U57/><E37/><V38/><F24/><W106/><G106/><T131/><D131/><U125/><E125/><V23/><F38/><W34/><G26/><T80/><D80/><U0/><E0/><V40/><F23/><W105/><G34/><T92/><D92/><U59/><E41/><V9/><F40/><W118/><G105/><T39/><D39/><U86/><E86/><V17/><F35/><W28/><G112/><T116/><D116/><RYUUKYOKU ba="0,1" sc="188,30,199,-10,263,-10,340,-10" hai0="54,56,63,76,82,83,84,85,89,93,96,102,103" /><INIT seed="3,1,1,4,0,117" ten="218,189,253,330" oya="3" hai0="98,3,21,110,15,109,33,83,86,22,79,69,56" hai1="132,99,45,1,37,34,13,59,135,42,30,58,18" hai2="76,17,72,97,60,107,19,6,106,118,28,8,14" hai3="94,43,5,32,113,20,122,124,75,61,85,134,87"/><W80/><G32/><T128/><D33/><U133/><E1/><V55/><F118/><W95/><G134/><T29/><D69/><U74/><E74/><V12/><F28/><W121/><G124/><T4/><D128/><U103/><E30/><V115/><F115/><W108/><G108/><N who="0" m="41579" /><D3/><U2/><E2/><V131/><F131/><W54/><G61/><T71/><D71/><U16/><E34/><V48/><F60/><W120/><G54/><T24/><D56/><U66/><E66/><V50/><F50/><W125/><G20/><N who="0" m="15495" /><D98/><U44/><E44/><V119/><F97/><W78/><G5/><T40/><D40/><U102/><E18/><V104/><F6/><W9/><G9/><AGARI ba="1,1" hai="4,9,15,21,22,79,83,86" m="15495,41579" machi="9" ten="30,1000,0" yaku="14,1" doraHai="117" who="0" fromWho="3" sc="218,23,189,0,253,0,330,-13" owari="241,-15.9,189,-31.1,253,5.3,317,41.7" /></mjloggm>