<mjloggm ver="2.3"><GO type="225" lobby="0"/><UN n0="%E9%80%9F%E6%B0%B4%E5%87%9B%E9%A6%99" n1="%68%6F%72%69%30%39%30%31" n2="%E3%81%AF%E3%82%88%E3%81%8A%E3%81%98%E3%81%95%E3%82%93" n3="%6D%75%75%6D%75%72%61" dan="16,16,17,16" rate="2089.38,2049.73,2204.90,2170.94" sx="F,M,M,F"/><TAIKYOKU oya="0"/><INIT seed="0,0,0,4,0,28" ten="250,250,250,250" oya="0" hai0="100,5,103,30,3,111,106,107,76,69,67,12,93" hai1="64,72,14,104,132,97,83,50,85,17,70,92,0" hai2="25,126,94,112,109,22,18,33,52,134,73,89,19" hai3="15,60,43,98,48,84,133,41,11,27,46,129,65"/><T20/><D76/><U123/><E0/><V36/><F112/><W47/><G129/><T42/><D42/><U99/><E123/><V82/><F36/><W75/><G75/><T130/><D130/><U62/><E132/><V135/><F109/><W87/><G133/><N who="2" m="50697" /><F126/><W125/><G125/><T108/><D67/><U7/><E72/><V1/><F1/><W49/><G98/><T63/><D63/><U81/><E104/><V88/><F33/><W120/><G27/><T122/><D69/><U80/><E7/><V56/><F18/><W91/><G120/><T102/><D122/><U54/><E85/><V66/><F66/><W31/><G31/><T10/><D93/><U44/><REACH who="1" step="1"/><E92/><REACH who="1" ten="250,240,250,250" step="2"/><V21/><F94/><W39/><G39/><T29/><D107/><U57/><E57/><V55/><F56/><W16/><REACH who="3" step="1"/><G91/><REACH who="3" ten="250,240,250,240" step="2"/><T37/><D37/><U127/><E127/><V114/><F89/><W77/><G77/><T2/><D106/><U115/><E115/><V121/><F114/><W79/><G79/><T45/><D111/><U40/><E40/><V113/><F113/><W131/><G131/><T78/><D108/><U90/><E90/><V35/><F88/><W71/><AGARI ba="0,2" hai="11,15,16,41,43,46,47,48,49,60,65,71,84,87" machi="71" ten="20,12000,2" yaku="1,1,0,1,7,1,9,1,54,1,53,1" doraHai="28" doraHaiUra="4" who="3" fromWho="3" sc="250,-60,240,-30,250,-30,240,140" /><INIT seed="1,0,0,4,2,43" ten="190,210,220,380" oya="1" hai0="134,37,57,107,30,34,15,18,11,19,24,108,74" hai1="105,76,126,16,5,12,84,46,103,62,48,1,3" hai2="130,20,32,98,6,9,122,93,111,38,86,68,77" hai3="7,123,85,101,25,21,114,127,131,97,73,60,58"/><U10/><E126/><V92/><F32/><W35/><G73/><T110/><D107/><U0/><E62/><V75/><F122/><W132/><G123/><T51/><D74/><U81/><E105/><V100/><F111/><N who="0" m="42538" /><D37/><U40/><REACH who="1" step="1"/><E103/><REACH who="1" ten="190,200,220,380" step="2"/><V53/><F100/><W49/><G101/><T128/><D128/><U99/><E99/><V29/><F98/><W124/><G97/><T133/><D51/><U14/><E14/><V94/><F130/><W129/><G49/><T112/><D112/><U47/><E47/><V119/><F38/><W65/><G114/><T89/><D57/><U96/><E96/><V70/><F68/><W44/><G129/><T80/><D80/><U39/><E39/><V109/><F70/><W33/><G131/><T67/><D67/><U102/><E102/><V26/><F109/><W66/><G124/><T52/><D89/><U64/><E64/><V45/><F45/><W63/><G44/><T31/><D15/><U118/><E118/><V82/><F119/><W72/><G127/><T22/><D134/><U69/><E69/><V113/><F113/><W27/><G132/><T104/><D133/><U106/><E106/><V59/><F59/><W120/><G58/><T8/><D104/><U78/><E78/><V4/><F77/><W79/><G79/><T135/><D135/><U41/><E41/><V61/><F61/><W88/><G63/><T36/><D36/><U91/><E91/><N who="2" m="51671" /><F53/><W83/><G60/><T54/><D52/><U55/><E55/><V71/><F71/><W23/><G65/><T50/><D54/><U125/><E125/><RYUUKYOKU ba="0,1" sc="190,-10,200,30,220,-10,380,-10" hai1="0,1,3,5,10,12,16,40,46,48,76,81,84" /><INIT seed="1,1,1,1,3,109" ten="180,230,210,370" oya="1" hai0="1,45,122,8,74,100,11,25,22,12,54,117,39" hai1="94,28,4,130,69,114,106,60,103,61,63,51,41" hai2="84,17,108,0,123,48,110,58,27,72,71,30,104" hai3="88,124,99,91,3,98,37,5,125,112,59,128,118"/><U80/><E106/><V7/><F123/><W115/><G37/><T20/><D74/><U23/><E130/><V73/><F71/><W55/><G128/><T93/><D117/><U76/><E114/><N who="3" m="43562" /><G5/><T83/><D122/><U6/><E69/><V21/><F104/><W14/><G14/><T46/><D1/><U36/><E36/><V127/><F127/><N who="3" m="48715" /><G3/><T120/><D120/><U78/><E41/><V19/><F7/><N who="1" m="2601" /><E51/><V87/><F0/><W40/><G40/><T32/><D32/><U56/><E56/><V38/><F38/><W42/><G42/><T43/><D43/><U111/><E111/><N who="2" m="42539" /><F58/><W107/><G118/><T75/><D39/><U101/><E94/><V52/><F48/><N who="3" m="31207" /><G107/><T35/><D12/><U13/><E13/><V53/><F53/><W96/><AGARI ba="1,1" hai="88,91,96,98,99" m="31207,48715,43562" machi="96" ten="40,8000,1" yaku="18,1,52,3,54,1" doraHai="109" who="3" fromWho="3" sc="180,-21,230,-41,210,-21,370,93" /><INIT seed="2,0,0,5,2,9" ten="159,189,189,463" oya="2" hai0="130,65,11,73,134,125,132,83,95,114,0,46,50" hai1="20,81,19,109,4,113,88,82,129,60,135,8,26" hai2="14,43,96,68,117,28,120,31,56,70,78,72,121" hai3="118,91,127,45,123,100,105,79,2,106,112,119,111"/><V30/><F117/><W90/><G123/><T24/><D114/><U69/><E113/><V54/><F43/><W57/><G2/><T87/><D65/><U17/><E109/><V63/><F96/><W89/><G112/><T97/><D73/><U133/><E129/><V15/><F78/><W34/><G34/><T40/><D24/><U107/><E107/><N who="3" m="40970" /><G57/><T47/><D130/><U1/><E17/><V22/><F72/><W93/><G45/><T3/><D47/><U115/><E115/><V86/><F86/><N who="3" m="52407" /><G111/><T108/><D125/><U84/><E81/><V61/><F22/><W92/><G127/><T41/><D41/><U103/><E103/><V12/><REACH who="2" step="1"/><F63/><REACH who="2" ten="159,189,179,463" step="2"/><W44/><G118/><T37/><D108/><U23/><E23/><V52/><F52/><W67/><G119/><T33/><D33/><U18/><REACH who="1" step="1"/><E19/><REACH who="1" ten="159,179,179,463" step="2"/><V35/><F35/><W32/><G79/><T102/><D102/><U66/><AGARI ba="0,2" hai="1,4,8,18,20,26,60,66,69,82,84,88,133,135" machi="66" ten="30,7900,0" yaku="1,1,2,1,0,1,54,1,53,0" doraHai="9" doraHaiUra="71" who="1" fromWho="1" sc="159,-20,179,99,179,-39,463,-20" /><INIT seed="3,0,0,5,5,83" ten="139,278,140,443" oya="3" hai0="98,92,118,17,105,134,55,129,21,52,68,42,15" hai1="117,133,19,38,96,89,130,62,48,32,54,102,47" hai2="64,75,23,51,20,10,56,6,126,66,59,79,37" hai3="34,115,18,100,76,29,60,46,72,61,103,86,9"/><W85/><G72/><T41/><D118/><U135/><E32/><V124/><F37/><W24/><G46/><T119/><D119/><U33/><E117/><V82/><F23/><W108/><G76/><T69/><D105/><U0/><E33/><V8/><F20/><W125/><G115/><T116/><D116/><U58/><E0/><V70/><F10/><W5/><G18/><T25/><D129/><U39/><E19/><V35/><F35/><W2/><G125/><N who="2" m="48233" /><F70/><W11/><G11/><N who="0" m="6399" /><D69/><U111/><E89/><V13/><F51/><W45/><G108/><T87/><D87/><U77/><E77/><V112/><F112/><W12/><G2/><T71/><D71/><U123/><E123/><V95/><F95/><W121/><G121/><T107/><D68/><U7/><E130/><V3/><F3/><W91/><G91/><N who="0" m="55583" /><D107/><U40/><E38/><V80/><F82/><W44/><G44/><T49/><D134/><U94/><E111/><V26/><F26/><W132/><G103/><T65/><D65/><AGARI ba="0,0" hai="6,8,13,56,59,64,65,66,75,79,80" m="48233" machi="65" ten="30,1000,0" yaku="18,1" doraHai="83" who="2" fromWho="0" sc="139,-10,278,0,140,10,443,0" owari="129,-37.1,278,7.8,150,-25.0,443,54.3" /></mjloggm>