<mjloggm ver="2.3"><GO type="225" lobby="0"/><UN n0="%E5%BA%97%E9%95%B7%4D" n1="%E9%A6%AC%E4%BA%86%E9%9A%94%E5%A3%81" n2="%E3%81%BF%E3%81%BF%E3%81%9A" n3="%79%6B%66%35%35%33%38%39" dan="16,17,18,16" rate="2108.70,2201.46,2276.00,2096.07" sx="M,M,M,M"/><TAIKYOKU oya="0"/><INIT seed="0,0,0,4,4,19" ten="250,250,250,250" oya="0" hai0="125,95,66,107,84,101,91,70,5,93,9,29,11" hai1="4,34,13,103,134,14,78,50,61,106,92,54,30" hai2="37,83,98,35,6,20,21,43,1,52,90,74,89" hai3="99,64,16,88,128,119,77,133,53,94,116,67,25"/><T15/><D125/><U31/><E106/><V131/><F35/><W117/><G133/><T63/><D29/><N who="1" m="10763" /><E134/><V45/><F131/><W69/><G128/><T42/><D42/><U96/><E34/><V80/><F80/><W75/><G69/><T56/><D107/><U112/><E4/><V18/><F18/><W104/><G104/><T86/><D11/><U10/><E10/><N who="2" m="2383" /><F52/><W17/><G17/><T72/><D72/><U109/><E109/><V73/><F73/><W48/><G75/><T32/><D32/><U111/><E111/><V121/><F121/><W97/><G77/><T40/><D40/><U57/><E78/><N who="2" m="44503" /><F98/><W55/><G97/><N who="0" m="59567" /><D70/><U27/><E112/><V129/><F129/><W23/><REACH who="3" step="1"/><G53/><REACH who="3" ten="250,250,250,240" step="2"/><T100/><D100/><U108/><E108/><V82/><F82/><W132/><G132/><T59/><D59/><AGARI ba="0,1" hai="16,23,25,48,55,59,64,67,88,94,99,116,117,119" machi="59" ten="40,8000,1" yaku="1,1,52,1,54,2,53,0" doraHai="19" doraHaiUra="126" who="3" fromWho="0" sc="250,-80,250,0,250,0,240,90" /><INIT seed="1,0,0,4,4,35" ten="170,250,250,330" oya="1" hai0="11,24,129,55,119,121,3,60,70,45,30,8,10" hai1="104,31,12,67,115,128,74,40,84,94,106,53,86" hai2="81,76,100,61,116,126,120,0,83,29,52,48,111" hai3="62,114,49,20,132,89,75,93,15,77,39,16,124"/><U17/><E115/><V23/><F116/><W113/><G39/><T69/><D119/><U122/><E122/><V117/><F120/><W13/><G132/><T135/><D121/><U50/><E74/><V72/><F117/><W130/><G130/><T91/><D135/><U78/><E128/><V14/><F111/><W33/><G124/><T36/><D129/><U56/><E31/><V105/><F126/><W34/><G62/><T90/><D3/><U54/><E67/><V82/><F0/><W27/><G13/><T2/><D2/><U18/><E40/><V102/><F61/><W9/><G49/><T65/><D70/><U4/><E4/><V123/><F123/><W26/><G26/><T95/><D95/><U110/><E110/><V57/><F105/><W19/><G34/><T98/><D98/><U133/><E133/><V63/><F72/><W66/><G66/><T6/><D6/><U37/><E37/><V85/><F63/><W108/><G33/><T1/><D1/><U21/><E54/><V32/><F32/><W99/><REACH who="3" step="1"/><G108/><REACH who="3" ten="170,250,250,320" step="2"/><T41/><REACH who="0" step="1"/><D55/><REACH who="0" ten="160,250,250,320" step="2"/><U42/><E53/><V127/><F127/><W107/><G107/><T28/><D28/><U112/><E106/><V47/><F29/><W43/><G43/><T64/><D64/><U68/><E104/><V7/><F7/><W38/><G38/><T96/><D96/><U51/><E42/><V79/><F52/><W5/><G5/><T22/><AGARI ba="0,2" hai="8,10,11,22,24,30,36,41,45,60,65,69,90,91" machi="22" ten="30,4000,0" yaku="1,1,0,1,53,1" doraHai="35" doraHaiUra="25" who="0" fromWho="0" sc="160,60,250,-20,250,-10,320,-10" /><INIT seed="2,0,0,3,3,112" ten="220,230,240,310" oya="2" hai0="81,96,69,33,120,37,52,124,31,43,115,2,106" hai1="128,103,127,114,45,85,29,1,65,64,7,98,87" hai2="88,116,91,77,13,36,133,75,55,17,16,134,8" hai3="22,74,130,46,48,15,19,71,93,83,57,86,42"/><V38/><F116/><W90/><G130/><T80/><D115/><U123/><E114/><V53/><F77/><N who="3" m="46447" /><G71/><T14/><D120/><U89/><E128/><V125/><F125/><W97/><G74/><T20/><D2/><U117/><E127/><V44/><F75/><W50/><G50/><T39/><D124/><U68/><E117/><V119/><F119/><W82/><G82/><T102/><D69/><U94/><E123/><V41/><F36/><W79/><G79/><T78/><D33/><U12/><E1/><V70/><F70/><W121/><G121/><T84/><D43/><U34/><E45/><V32/><F32/><W10/><G57/><T51/><D80/><U118/><E118/><V67/><F67/><W0/><G0/><T92/><D106/><U3/><E3/><V58/><F17/><W76/><G76/><T95/><D95/><U122/><E122/><V132/><F53/><W4/><G22/><T60/><D60/><AGARI ba="0,0" hai="8,13,16,38,41,44,55,58,60,88,91,132,133,134" machi="60" ten="40,7700,0" yaku="20,1,54,2" doraHai="112" who="2" fromWho="0" sc="220,-77,230,0,240,77,310,0" /><INIT seed="2,1,0,1,0,15" ten="143,230,317,310" oya="2" hai0="110,40,36,4,56,33,123,54,67,47,64,98,81" hai1="117,53,38,1,90,12,85,119,24,118,48,93,70" hai2="83,19,51,0,77,99,63,113,84,49,106,25,28" hai3="14,10,5,3,39,78,46,34,107,133,121,87,72"/><V32/><F113/><W82/><G121/><T13/><D123/><U112/><E112/><V26/><F0/><W109/><G109/><T8/><D33/><U111/><E1/><V104/><F63/><W30/><G133/><T59/><D110/><U80/><E111/><V127/><F127/><W42/><G14/><T11/><D98/><U88/><E38/><V71/><F71/><W92/><G92/><T135/><D135/><U105/><E105/><V7/><F7/><W52/><G52/><T18/><D81/><U125/><E70/><V95/><F106/><W61/><G61/><T43/><D43/><U23/><E12/><V96/><F104/><W94/><G107/><T130/><D59/><U35/><E35/><V57/><F57/><W114/><G114/><T134/><D134/><U29/><E125/><V17/><F99/><W60/><G60/><T132/><D132/><U131/><E131/><V102/><REACH who="2" step="1"/><F26/><REACH who="2" ten="143,230,307,310" step="2"/><N who="3" m="18775" /><G94/><T65/><D130/><U22/><E119/><V27/><F27/><W2/><G2/><T55/><REACH who="0" step="1"/><D56/><REACH who="0" ten="133,230,307,310" step="2"/><N who="1" m="32807" /><E118/><V126/><F126/><W74/><G74/><T124/><D124/><U6/><E117/><V9/><F9/><W31/><G72/><T97/><D97/><U44/><E44/><V128/><F128/><W50/><G46/><T101/><D101/><U62/><E62/><V41/><F41/><W68/><G42/><T37/><D37/><U45/><E45/><V69/><F69/><W103/><G68/><T122/><D122/><U116/><E116/><V115/><F115/><W58/><G39/><T75/><D75/><U21/><E6/><RYUUKYOKU ba="1,2" sc="133,10,230,10,307,10,310,-30" hai0="4,8,11,13,18,36,40,47,54,55,64,65,67" hai1="21,22,23,24,29,80,85,88,90,93" hai2="17,19,25,28,32,49,51,77,83,84,95,96,102" /><INIT seed="2,2,2,5,1,118" ten="143,240,317,280" oya="2" hai0="88,60,56,64,1,46,43,29,62,58,111,86,35" hai1="97,122,11,42,74,102,22,37,103,8,116,124,109" hai2="52,10,36,61,91,53,75,120,117,3,49,98,44" hai3="81,101,45,13,67,106,12,127,0,108,26,110,47"/><V2/><F117/><W32/><G0/><T34/><D1/><U73/><E116/><V78/><F120/><W28/><G127/><T38/><D111/><N who="3" m="42537" /><G67/><T5/><D5/><U50/><E109/><V76/><F36/><W16/><G81/><T57/><D29/><U41/><E37/><V70/><F75/><W87/><G87/><T30/><D30/><U77/><E124/><V113/><F113/><W133/><G133/><T123/><D123/><U18/><E122/><V130/><F130/><W66/><G66/><T93/><REACH who="0" step="1"/><D60/><REACH who="0" ten="133,240,317,280" step="2"/><U25/><E18/><V33/><F2/><W20/><G12/><T96/><D96/><AGARI ba="2,3" hai="13,16,20,26,28,32,45,47,96,101,106" m="42537" machi="96" ten="30,2000,0" yaku="14,1,54,1" doraHai="118" who="3" fromWho="0" sc="133,-26,240,0,317,0,280,56" /><INIT seed="3,0,0,5,2,89" ten="107,240,317,336" oya="3" hai0="55,107,66,10,78,125,97,83,100,96,132,9,75" hai1="93,57,59,37,90,30,123,128,29,5,130,104,68" hai2="114,23,70,51,16,133,77,34,12,31,131,99,112" hai3="42,26,88,124,28,134,85,13,80,4,84,50,67"/><W113/><G113/><T115/><D66/><U22/><E123/><V65/><F77/><W81/><G134/><T38/><D115/><U45/><E104/><V44/><F133/><W72/><G124/><T6/><D125/><U119/><E68/><V36/><F36/><W20/><G72/><T63/><D63/><U73/><E73/><V82/><F82/><N who="3" m="49175" /><G67/><T60/><D60/><U105/><E105/><V8/><F131/><W49/><G42/><T48/><D132/><U1/><E119/><V25/><F65/><W69/><G69/><T64/><D64/><U21/><E5/><V87/><F87/><W120/><G120/><T40/><D96/><U117/><E117/><V19/><F99/><W92/><G92/><T56/><D10/><U126/><E126/><V61/><F61/><W11/><G80/><T17/><D17/><U108/><E108/><V32/><F32/><W27/><G27/><T103/><D103/><U39/><E90/><AGARI ba="0,0" hai="4,11,13,20,26,28,49,50,81,85,90" m="49175" machi="90" ten="30,2900,0" yaku="8,1,54,1" doraHai="89" who="3" fromWho="1" sc="107,0,240,-29,317,0,336,29" owari="107,-39.3,211,-18.9,317,11.7,365,46.5" /></mjloggm>