<mjloggm ver="2.3"><GO type="225" lobby="0"/><UN n0="%E6%80%AA%E3%81%97%E3%81%99%E3%81%8E%E3%82%8B%E3%83%81%E3%83%BC" n1="%E3%81%A1%E3%82%85%E3%81%86%E3%81%A9%E3%81%8F%E8%B1%A1%E3%81%95%E3%82%93" n2="%E5%AF%82%E5%AF%9E%E3%82%AE%E3%83%8D%E3%82%B9%E3%83%93%E3%83%BC%E3%83%AB" n3="%45%6C%79%73%69%75%6D" dan="16,16,16,17" rate="2179.29,2149.72,2143.92,2148.82" sx="M,M,M,F"/><TAIKYOKU oya="0"/><INIT seed="0,0,0,0,5,94" ten="250,250,250,250" oya="0" hai0="37,120,64,21,93,96,114,47,116,15,103,51,75" hai1="88,99,31,2,79,128,43,60,49,81,123,6,80" hai2="46,100,90,40,129,42,105,12,35,73,106,19,110" hai3="91,39,118,44,33,131,26,130,45,87,32,76,16"/><T68/><D114/><U122/><E128/><N who="3" m="49194" /><G118/><T4/><D116/><U83/><E31/><V97/><F129/><W107/><G76/><T104/><D120/><U132/><E132/><V133/><F133/><W22/><G107/><T101/><D75/><U24/><E79/><V3/><F3/><W20/><G20/><T86/><D37/><U69/><E24/><V74/><F35/><N who="3" m="13387" /><G39/><T23/><D64/><U112/><E112/><V5/><F5/><W52/><G52/><T10/><D68/><U57/><E69/><V126/><F126/><W59/><G59/><T54/><REACH who="0" step="1"/><D103/><REACH who="0" ten="240,250,250,250" step="2"/><U48/><E122/><V84/><F74/><W28/><G28/><T78/><D78/><U38/><E123/><V124/><F73/><W9/><G9/><T34/><D34/><U109/><E38/><V41/><F124/><W25/><G25/><T71/><D71/><U82/><E43/><V7/><F42/><W14/><G26/><T56/><D56/><U121/><E121/><V27/><F41/><W11/><G11/><T92/><D92/><AGARI ba="0,1" hai="14,16,22,44,45,87,91,92" m="13387,49194" machi="92" ten="30,2000,0" yaku="19,1,54,1" doraHai="94" who="3" fromWho="0" sc="240,-20,250,0,250,0,250,30" /><INIT seed="1,0,0,3,4,55" ten="220,250,250,280" oya="1" hai0="127,45,47,72,31,18,34,92,112,48,39,82,40" hai1="104,8,98,52,114,107,49,35,118,88,26,73,22" hai2="65,4,54,46,9,0,36,96,133,21,13,134,91" hai3="106,75,116,94,43,80,37,7,79,101,90,60,15"/><U87/><E118/><V129/><F129/><W61/><G116/><T2/><D112/><U124/><E114/><V125/><F125/><W42/><G7/><T32/><D127/><U17/><E73/><V24/><F65/><W16/><G37/><T132/><D132/><N who="2" m="50794" /><F91/><W78/><G78/><T64/><D2/><U108/><E124/><V3/><F96/><N who="3" m="61735" /><G60/><T113/><D113/><U70/><E70/><V71/><F71/><W128/><G61/><T6/><D64/><U10/><E35/><V100/><F100/><W68/><G68/><T93/><D32/><U89/><E108/><V53/><F36/><W20/><G128/><T81/><D81/><N who="1" m="49263" /><E107/><V14/><F0/><W97/><G97/><T30/><D39/><U117/><E104/><V19/><F54/><W111/><G111/><T99/><D34/><U69/><E69/><V5/><F5/><W38/><G38/><T131/><D6/><U110/><E117/><V126/><F126/><W120/><G120/><T25/><D131/><U119/><E119/><V115/><F115/><W83/><G83/><T57/><D82/><U67/><E67/><V122/><F122/><W23/><G94/><T74/><D93/><N who="1" m="56623" /><E110/><V11/><F11/><N who="3" m="6271" /><G90/><T41/><D92/><U135/><E135/><V12/><F3/><W33/><G33/><T123/><D123/><U103/><E103/><V66/><F66/><W56/><G75/><T58/><D74/><U27/><E27/><V109/><F109/><W86/><G80/><T59/><D72/><U51/><E51/><AGARI ba="0,0" hai="4,9,12,13,14,19,21,24,46,51,53" m="50794" machi="51" ten="30,1000,0" yaku="20,1" doraHai="55" who="2" fromWho="1" sc="220,0,250,-10,250,10,280,0" /><INIT seed="2,0,0,3,1,80" ten="220,240,260,280" oya="2" hai0="59,43,17,54,62,21,108,0,86,70,100,49,27" hai1="47,93,35,76,97,18,10,127,91,20,131,71,107" hai2="135,84,122,101,45,92,30,55,46,121,5,3,19" hai3="1,83,117,48,125,89,72,63,74,103,2,95,82"/><V42/><F135/><W118/><G63/><T4/><D108/><U33/><E71/><V28/><F19/><W90/><G48/><T56/><D70/><U23/><E131/><V68/><F68/><W61/><G61/><T105/><D105/><U114/><E114/><V66/><F66/><W39/><G125/><T69/><D69/><U102/><E127/><V77/><F55/><W88/><G39/><T126/><D100/><U85/><E47/><V98/><F46/><W37/><G37/><T38/><D126/><U111/><E111/><V31/><F5/><W119/><G103/><T132/><D132/><U128/><E128/><V57/><F3/><N who="3" m="1035" /><G95/><T22/><D22/><U16/><E10/><V133/><F57/><W50/><G50/><T51/><D38/><U9/><E9/><V113/><F113/><W12/><G12/><T14/><D0/><U25/><REACH who="1" step="1"/><E76/><REACH who="1" ten="220,230,260,280" step="2"/><V6/><F133/><W75/><AGARI ba="0,1" hai="72,74,75,82,83,88,89,90,117,118,119" m="1035" machi="75" ten="50,8000,1" yaku="29,2,28,2,54,1" doraHai="80" who="3" fromWho="3" sc="220,-20,230,-20,260,-40,280,90" /><INIT seed="3,0,0,5,0,36" ten="200,210,220,370" oya="3" hai0="99,3,86,60,5,87,110,111,102,131,74,120,114" hai1="128,124,77,88,76,92,51,53,129,2,134,85,112" hai2="23,70,56,61,31,72,42,135,62,117,119,106,82" hai3="6,127,121,50,103,126,24,98,48,15,20,41,35"/><W84/><G84/><N who="0" m="32299" /><D120/><U44/><E112/><V81/><F106/><W29/><G41/><T14/><D74/><U4/><E124/><V94/><F94/><W100/><G100/><T59/><D3/><U123/><E123/><V34/><F34/><W113/><G50/><T91/><D131/><N who="1" m="50251" /><E134/><V16/><F31/><W45/><G48/><T21/><D114/><U10/><AGARI ba="0,0" hai="2,4,10,44,51,53,76,77,85,88,92" m="50251" machi="10" ten="30,2000,0" yaku="19,1,54,1" doraHai="36" who="1" fromWho="1" sc="200,-5,210,20,220,-5,370,-10" owari="195,-30.5,230,3.0,215,-18.5,360,46.0" /></mjloggm>