<mjloggm ver="2.3"><GO type="225" lobby="0"/><UN n0="%E3%83%8F%E3%83%B3%E3%83%89%E3%83%A9%E3%83%BC%E3%83%BB%E3%83%AF%E3%83%B3" n1="%33%74%72%65%65" n2="%E3%81%BF%E3%81%BF%E3%81%9A" n3="%52%61%69%61%6E%2E" dan="17,16,18,16" rate="2251.75,2146.48,2254.83,2031.77" sx="M,F,M,M"/><TAIKYOKU oya="0"/><INIT seed="0,0,0,2,0,4" ten="250,250,250,250" oya="0" hai0="123,122,68,33,121,69,45,103,48,127,24,9,12" hai1="95,52,29,111,37,55,90,62,118,108,61,2,14" hai2="53,11,66,7,96,74,114,44,72,17,130,124,16" hai3="10,104,78,34,81,38,18,22,107,71,70,132,113"/><T23/><D33/><U27/><E2/><V15/><F114/><W30/><G38/><T28/><D103/><U83/><E37/><V125/><F66/><W119/><G119/><T102/><D102/><U57/><E83/><V54/><F96/><W106/><G113/><T80/><D80/><U36/><E36/><V116/><F116/><W100/><G100/><T60/><D60/><U135/><E118/><V41/><F41/><W59/><G59/><T110/><D127/><N who="2" m="48714" /><F130/><W128/><G128/><T39/><D39/><U32/><E135/><V98/><F98/><W26/><G10/><T64/><D64/><U88/><E90/><V126/><N who="2" m="48722" /><V1/><DORA hai="86" /><F44/><W117/><G132/><T76/><D76/><U91/><E91/><V67/><F67/><W43/><G43/><T93/><D93/><U5/><E55/><N who="2" m="21003" /><F17/><W31/><G117/><T99/><D99/><U82/><E61/><V109/><F109/><W87/><REACH who="3" step="1"/><G30/><REACH who="3" ten="250,250,250,240" step="2"/><T85/><D28/><U79/><E111/><V21/><AGARI ba="0,1" hai="1,7,11,15,16,21,72,74" m="21003,48722" machi="21" ten="40,5200,0" yaku="18,1,52,1,54,1" doraHai="4,86" who="2" fromWho="2" sc="250,-26,250,-13,250,62,240,-13" /><INIT seed="1,0,0,0,1,122" ten="224,237,312,227" oya="1" hai0="30,9,48,124,10,104,34,79,47,14,57,2,29" hai1="12,58,27,110,127,125,52,49,24,0,78,42,76" hai2="68,131,87,118,94,93,43,19,40,106,97,45,130" hai3="73,133,84,85,32,102,65,51,46,66,41,4,98"/><U109/><E0/><V69/><F118/><W59/><G73/><T18/><D104/><U56/><E42/><V61/><F19/><W63/><G133/><T107/><D107/><U6/><E6/><V126/><F126/><N who="1" m="48137" /><E12/><V15/><F15/><W60/><G32/><T101/><D101/><U103/><E103/><V54/><F106/><W89/><G89/><T67/><D34/><U111/><E58/><N who="2" m="35031" /><F87/><W80/><G4/><T83/><D124/><U75/><E75/><V37/><F93/><N who="3" m="58703" /><G80/><T33/><D33/><U91/><E91/><V132/><F132/><W31/><G31/><T3/><D3/><U35/><E35/><V120/><F120/><W123/><G123/><T38/><D38/><U53/><E53/><V20/><F20/><W50/><G50/><T5/><D57/><AGARI ba="0,0" hai="41,46,51,57,59,60,63,65,66,84,85" m="58703" machi="57" ten="30,1000,0" yaku="8,1" doraHai="122" who="3" fromWho="0" sc="224,-10,237,0,312,0,227,10" /><INIT seed="2,0,0,2,4,46" ten="214,237,312,237" oya="2" hai0="3,73,63,39,12,106,118,127,49,36,19,17,37" hai1="100,10,95,70,42,40,0,90,88,94,8,22,18" hai2="28,130,123,57,133,60,66,31,96,108,129,48,87" hai3="61,89,2,92,102,53,121,128,112,80,4,14,44"/><V27/><F123/><W110/><G112/><T55/><D3/><U67/><E100/><V35/><F133/><W51/><G121/><T105/><D73/><U98/><E70/><V54/><F108/><W41/><G110/><T85/><D127/><U15/><E67/><V84/><F96/><W132/><G132/><T72/><D72/><U76/><E76/><V99/><F99/><W45/><G128/><N who="2" m="49257" /><F31/><W107/><G2/><T111/><D111/><U113/><E113/><V126/><F126/><W7/><G107/><T62/><D118/><U34/><E34/><V13/><F13/><W131/><G131/><T58/><D85/><N who="1" m="52495" /><E0/><V74/><F74/><W125/><G125/><T6/><D6/><N who="1" m="3479" /><E10/><V83/><F83/><W75/><G102/><T104/><REACH who="0" step="1"/><D19/><REACH who="0" ten="204,237,312,237" step="2"/><U25/><AGARI ba="0,1" hai="18,22,25,40,42,90,95,98" m="3479,52495" machi="25" ten="30,2000,0" yaku="8,1,54,1" doraHai="46" who="1" fromWho="1" sc="204,-5,237,30,312,-10,237,-5" /><INIT seed="3,0,0,5,1,104" ten="199,267,302,232" oya="3" hai0="11,102,99,50,80,1,31,98,85,10,122,53,27" hai1="26,132,65,127,97,133,120,18,29,57,37,14,114" hai2="58,106,42,110,21,77,90,135,61,83,5,45,81" hai3="117,125,72,15,23,75,119,63,108,24,107,100,12"/><W33/><G63/><T30/><D122/><U70/><E114/><V20/><F106/><W38/><G38/><T2/><D2/><U43/><E120/><V36/><F110/><W118/><G108/><T87/><D1/><U39/><E70/><V17/><F135/><N who="1" m="51785" /><E43/><V62/><F5/><W71/><G71/><T76/><D87/><U4/><E97/><V60/><F58/><W95/><G107/><T115/><D115/><U123/><E4/><V73/><F17/><W28/><G125/><T68/><D68/><U48/><E127/><V69/><F69/><W74/><REACH who="3" step="1"/><G33/><REACH who="3" ten="199,267,302,222" step="2"/><T86/><D86/><U9/><E123/><V130/><F60/><W89/><G89/><T25/><D99/><AGARI ba="0,1" hai="12,15,23,24,28,72,74,75,95,99,100,117,118,119" machi="99" ten="50,12000,1" yaku="1,1,52,3,53,0" doraHai="104" doraHaiUra="66" who="3" fromWho="0" sc="199,-120,267,0,302,0,222,130" owari="79,-42.1,267,-13.3,302,10.2,352,45.2" /></mjloggm>