<mjloggm ver="2.3"><GO type="225" lobby="0"/><UN n0="%33%74%72%65%65" n1="%E5%A4%96%E5%B7%9D%E7%AB%9C%E6%88%90" n2="%E6%97%A5%E6%9B%9C%E6%97%A5%E3%82%88%E3%82%8A%E3%81%AE%E4%BD%BF%E8%80%85" n3="%6E%69%63%6B%6C%6F%77" dan="16,16,18,16" rate="2138.67,2247.72,2150.21,2114.53" sx="F,M,M,F"/><TAIKYOKU oya="0"/><INIT seed="0,0,0,4,3,77" ten="250,250,250,250" oya="0" hai0="53,126,13,58,46,114,108,56,81,47,42,7,121" hai1="39,122,109,87,113,52,18,48,22,72,85,37,63" hai2="1,14,51,97,16,111,19,44,73,34,49,82,12" hai3="79,88,38,117,4,61,11,25,99,69,27,10,119"/><T31/><D114/><U102/><E122/><V124/><F1/><W123/><G38/><T115/><D115/><U45/><E113/><V120/><F34/><W93/><G123/><T78/><D121/><U0/><E0/><V118/><F120/><W30/><G25/><T95/><D126/><U90/><E72/><V75/><F97/><W59/><G69/><T91/><D31/><U80/><E109/><V67/><F67/><W134/><G134/><T107/><D107/><U60/><E102/><V36/><F36/><W23/><G79/><T106/><D106/><U43/><E39/><V35/><F35/><W8/><REACH who="3" step="1"/><G4/><REACH who="3" ten="250,250,250,240" step="2"/><T135/><D135/><U127/><E127/><V9/><F124/><W21/><G21/><T2/><D78/><N who="1" m="46231" /><E37/><V24/><F24/><W15/><G15/><T50/><D13/><N who="1" m="9551" /><E43/><V3/><F14/><W83/><G83/><AGARI ba="0,1" hai="45,48,52,60,63,83,87,90" m="9551,46231" machi="83" ten="30,7700,0" yaku="8,1,52,2,54,1" doraHai="77" who="1" fromWho="3" sc="250,0,250,87,250,0,240,-77" /><INIT seed="1,0,0,1,0,7" ten="250,337,250,163" oya="1" hai0="33,111,73,91,121,12,120,106,132,119,56,125,96" hai1="65,52,16,15,115,86,68,74,57,67,108,43,20" hai2="131,77,80,113,64,129,2,14,48,100,22,40,32" hai3="122,98,117,28,44,114,62,76,60,94,11,107,42"/><U116/><E115/><V71/><F32/><W123/><G114/><T50/><D119/><U31/><E116/><V27/><F2/><W75/><G117/><T4/><D33/><U41/><E74/><V82/><F100/><W85/><G28/><T102/><D111/><U89/><E108/><V134/><F113/><W54/><G75/><T5/><D132/><U25/><E41/><V83/><F134/><W128/><G128/><N who="2" m="49225" /><F14/><W6/><G107/><T70/><D70/><U24/><E43/><V19/><F64/><N who="1" m="24649" /><E31/><V97/><F71/><W104/><G104/><T51/><D73/><U84/><E68/><V90/><F90/><W87/><G123/><T103/><D91/><U3/><E3/><V53/><F97/><W69/><G69/><T95/><D96/><U35/><E35/><V8/><F40/><W39/><G122/><T109/><D109/><U17/><E17/><V18/><F77/><W36/><G36/><T29/><D121/><U10/><E89/><V26/><F26/><N who="1" m="10345" /><E20/><V37/><F37/><W9/><G6/><T72/><D5/><U13/><E13/><N who="2" m="7463" /><F83/><N who="3" m="47335" /><G87/><T135/><D135/><U79/><E79/><V78/><F78/><W23/><G23/><T21/><D21/><U66/><E66/><V45/><AGARI ba="0,0" hai="19,22,27,45,48,53,80,82" m="7463,49225" machi="45" ten="30,2000,0" yaku="19,1,52,1" doraHai="7" who="2" fromWho="2" sc="250,-5,337,-10,250,20,163,-5" /><INIT seed="2,0,0,0,3,103" ten="245,327,270,158" oya="2" hai0="40,132,90,18,89,27,48,130,41,65,10,95,86" hai1="50,59,93,44,75,17,107,72,45,57,135,20,108" hai2="39,61,131,73,11,126,125,112,1,121,29,84,105" hai3="19,80,43,100,82,3,21,115,127,78,6,97,124"/><V76/><F112/><W54/><G43/><T52/><D130/><U71/><E71/><V26/><F121/><W7/><G115/><T99/><D132/><U22/><E93/><V129/><F84/><W116/><G116/><T87/><D65/><U0/><E17/><V5/><F39/><W49/><G82/><N who="0" m="49367" /><D99/><U16/><E16/><V42/><F42/><W92/><G3/><T120/><D120/><U94/><E94/><V85/><F85/><W23/><G23/><N who="0" m="13815" /><D10/><U96/><E96/><V55/><F55/><W38/><G38/><T88/><D90/><U28/><E0/><V77/><F61/><W79/><G127/><N who="2" m="48649" /><F105/><W109/><G109/><T58/><AGARI ba="0,0" hai="40,41,48,52,58,87,88,95" m="13815,49367" machi="58" ten="30,4000,0" yaku="8,1,54,2" doraHai="103" who="0" fromWho="0" sc="245,40,327,-10,270,-20,158,-10" /><INIT seed="3,0,0,3,1,31" ten="285,317,250,148" oya="3" hai0="72,115,36,32,87,63,48,109,71,62,85,106,98" hai1="11,131,52,129,69,0,118,90,121,78,88,49,34" hai2="1,55,13,59,97,29,60,2,58,24,47,101,35" hai3="8,14,100,93,95,4,132,7,107,108,126,105,25"/><W23/><G126/><T30/><D36/><U10/><E121/><V120/><F120/><W130/><G132/><T134/><D72/><U37/><E118/><V19/><F47/><W50/><G130/><N who="1" m="49674" /><E37/><V133/><F58/><W26/><G4/><T86/><D134/><U53/><E34/><V116/><F116/><W39/><G39/><T74/><D74/><U6/><E69/><V44/><F44/><W99/><G108/><T76/><D115/><U119/><E119/><V73/><F73/><W5/><G5/><T84/><D109/><U64/><E64/><V66/><F55/><W128/><G128/><T82/><D71/><U83/><E11/><V104/><REACH who="2" step="1"/><F133/><REACH who="2" ten="285,317,240,148" step="2"/><W40/><G40/><T81/><D81/><U42/><E42/><V92/><F92/><W3/><G50/><T124/><D124/><U91/><E49/><V102/><F102/><W65/><G65/><T89/><D48/><U112/><E112/><V21/><AGARI ba="0,1" hai="1,2,13,19,21,24,29,35,59,60,66,97,101,104" machi="21" ten="20,8000,1" yaku="1,1,0,1,7,1,52,1,53,1" doraHai="31" doraHaiUra="17" who="2" fromWho="2" sc="285,-20,317,-20,240,90,148,-40" owari="265,-13.5,297,9.7,330,43.0,108,-39.2" /></mjloggm>