<mjloggm ver="2.3"><GO type="225" lobby="0"/><UN n0="%E9%B3%B3%E6%9D%B1%E3%81%AE%E3%81%86%E3%81%95%E3%81%8E%E3%81%95%E3%82%93" n1="%E3%83%97%E3%83%AC%E3%83%B4%E3%82%A1%E3%83%86%E3%82%A3" n2="%E3%82%B2%E3%82%B9%E8%8C%82%E5%8B%9D" n3="%77%72%77%72%77%72%77%72" dan="17,16,16,16" rate="2263.64,2097.82,2099.56,2229.54" sx="M,F,F,M"/><TAIKYOKU oya="0"/><INIT seed="0,0,0,3,5,92" ten="250,250,250,250" oya="0" hai0="117,108,106,46,74,68,79,33,94,10,6,85,95" hai1="118,90,125,122,87,61,70,127,11,67,99,72,9" hai2="75,56,1,129,116,130,84,103,107,97,121,39,71" hai3="57,126,104,111,41,48,60,53,77,40,51,58,35"/><T2/><D117/><U124/><E72/><V98/><F121/><W69/><G35/><T38/><D68/><U42/><E122/><V14/><F71/><W81/><G111/><T17/><D108/><U21/><E118/><V65/><F1/><W100/><G126/><T4/><D4/><U63/><E42/><V96/><F116/><W59/><G104/><T45/><D33/><U89/><E61/><N who="2" m="38055" /><F75/><W54/><G100/><T20/><D106/><U23/><E9/><V113/><F39/><W34/><G34/><T25/><D85/><U88/><E11/><V133/><F113/><W123/><G123/><T28/><D28/><U18/><E87/><V3/><F3/><W27/><G27/><T78/><D78/><U12/><REACH who="1" step="1"/><E21/><REACH who="1" ten="250,240,250,250" step="2"/><V5/><F84/><N who="3" m="48175" /><G69/><T109/><D109/><U115/><E115/><V50/><F133/><W43/><G60/><T44/><REACH who="0" step="1"/><D38/><REACH who="0" ten="240,240,250,250" step="2"/><U22/><E22/><V91/><F107/><W82/><G82/><AGARI ba="0,2" hai="2,6,10,17,20,25,44,45,46,74,79,82,94,95" machi="82" ten="40,3900,0" yaku="1,1,2,1,53,0" doraHai="92" doraHaiUra="55" who="0" fromWho="3" sc="240,59,240,0,250,0,250,-39" /><INIT seed="0,1,0,2,5,20" ten="299,240,250,211" oya="0" hai0="92,100,27,133,52,129,45,117,28,36,110,119,68" hai1="131,123,87,76,53,72,7,26,115,85,15,43,42" hai2="25,54,83,16,62,3,121,31,108,40,1,101,32" hai3="132,29,91,126,9,114,24,6,57,58,41,80,122"/><T69/><D129/><U134/><E123/><V47/><F108/><W113/><G122/><T86/><D110/><U99/><E115/><V37/><F121/><W46/><G132/><T19/><D19/><U33/><E134/><V12/><F101/><W130/><G130/><T81/><D133/><U82/><E131/><V61/><F83/><W34/><G126/><T44/><D92/><U22/><E33/><V4/><F4/><W95/><G80/><T74/><D100/><U38/><E99/><V35/><F35/><W103/><G103/><T5/><D5/><U8/><E53/><V11/><REACH who="2" step="1"/><F54/><REACH who="2" ten="299,240,240,211" step="2"/><W97/><G114/><T39/><D52/><U125/><E125/><V112/><F112/><W60/><G113/><T21/><D81/><U73/><E72/><V13/><F13/><W90/><G90/><T66/><D74/><U30/><REACH who="1" step="1"/><E38/><REACH who="1" ten="299,230,240,211" step="2"/><V18/><F18/><W120/><G120/><T23/><D39/><U49/><E49/><V17/><F17/><W59/><G60/><AGARI ba="1,2" hai="1,3,11,12,16,25,31,32,37,40,47,60,61,62" machi="60" ten="40,5200,0" yaku="1,1,52,1,54,1,53,0" doraHai="20" doraHaiUra="127" who="2" fromWho="3" sc="299,0,230,0,240,75,211,-55" /><INIT seed="1,0,0,3,0,33" ten="299,230,315,156" oya="1" hai0="113,125,133,52,40,130,117,103,62,50,106,68,69" hai1="29,42,0,124,114,26,71,127,9,79,75,77,8" hai2="37,38,102,95,97,132,45,105,92,73,57,74,47" hai3="34,3,93,61,90,122,55,80,91,129,70,83,28"/><U118/><E71/><V18/><F132/><W72/><G122/><T81/><D113/><U58/><E114/><V89/><F57/><W98/><G129/><T31/><D117/><U64/><E118/><V135/><F135/><W53/><G72/><T39/><D133/><U60/><E42/><V126/><F126/><N who="1" m="48169" /><E75/><V20/><F73/><W88/><G3/><T2/><D125/><U85/><E85/><V112/><F112/><W116/><G116/><T6/><D130/><U99/><E99/><V94/><F74/><W59/><G70/><T107/><D81/><U24/><E24/><V44/><REACH who="2" step="1"/><F89/><REACH who="2" ten="299,230,305,156" step="2"/><W4/><G90/><T65/><D68/><U5/><E9/><V63/><F63/><W36/><G91/><T96/><D62/><U41/><E41/><V1/><F1/><W25/><G83/><T15/><D2/><U84/><E84/><V46/><N who="2" m="11264" /><DORA hai="66" /><V51/><F51/><W56/><G80/><T134/><D50/><U48/><E48/><V82/><F82/><W104/><G36/><T120/><D40/><U16/><E79/><V67/><F67/><W87/><G87/><T131/><D65/><U7/><E77/><V35/><F35/><W23/><G34/><T13/><D39/><U19/><E5/><V14/><AGARI ba="0,1" hai="14,18,20,37,38,92,94,95,97,102,105" m="11264" machi="14" ten="50,12000,2" yaku="1,1,0,1,53,5" doraHai="33,66" doraHaiUra="43,12" who="2" fromWho="2" sc="299,-30,230,-60,305,130,156,-30" /><INIT seed="2,0,0,1,0,45" ten="269,170,435,126" oya="2" hai0="102,135,119,99,128,24,70,23,44,83,68,43,21" hai1="105,111,18,11,62,0,14,107,127,108,41,81,29" hai2="50,94,46,92,126,74,98,129,22,63,116,109,118" hai3="10,1,134,2,120,8,38,7,19,125,85,100,76"/><V5/><F74/><W64/><G120/><T104/><D128/><U86/><E127/><V113/><F113/><W67/><G125/><T112/><D112/><U131/><E131/><V31/><F126/><W34/><G134/><T47/><D135/><U30/><E0/><V88/><F129/><W15/><G38/><T79/><D119/><U65/><E41/><V25/><F109/><N who="1" m="42057" /><E107/><V51/><F5/><W87/><G34/><T61/><D61/><U117/><E105/><V39/><F63/><W36/><G36/><T114/><D114/><U115/><E117/><V96/><F39/><W78/><G100/><T56/><D56/><N who="1" m="37063" /><E115/><V4/><F4/><W17/><G7/><T77/><D21/><U35/><E35/><V12/><F12/><W71/><REACH who="3" step="1"/><G15/><REACH who="3" ten="269,170,435,116" step="2"/><T130/><D130/><U52/><E14/><V26/><F116/><W28/><G28/><T122/><D122/><U123/><E29/><V133/><F118/><W90/><G90/><T57/><D102/><U124/><E30/><V3/><F133/><W27/><G27/><T54/><D24/><U32/><E124/><V103/><F3/><W73/><G73/><T75/><D75/><U132/><E132/><V69/><F25/><W121/><G121/><T72/><D72/><U82/><E32/><V106/><F31/><W9/><G9/><T20/><D20/><U53/><E11/><V40/><F22/><W6/><G6/><T95/><D23/><U37/><E37/><V13/><F26/><W55/><G55/><N who="1" m="21066" /><E123/><V59/><F13/><W48/><G48/><T58/><D43/><U110/><E110/><RYUUKYOKU ba="0,1" sc="269,-10,170,-10,435,-10,116,30" hai3="1,2,8,10,17,19,64,67,71,76,78,85,87" /><INIT seed="3,1,1,1,5,108" ten="259,160,425,146" oya="3" hai0="37,86,7,11,3,42,121,34,70,12,13,104,90" hai1="24,27,10,74,130,16,25,14,40,46,21,114,69" hai2="122,117,54,56,50,92,4,47,44,112,22,135,81" hai3="132,45,68,75,31,101,41,38,123,15,102,36,134"/><W85/><G123/><T28/><D70/><U129/><E69/><V76/><F122/><W48/><G75/><T84/><D104/><U2/><E74/><V95/><F117/><W109/><G68/><T128/><D121/><U83/><E83/><V18/><F135/><N who="3" m="51755" /><G109/><T64/><D64/><U71/><E71/><V118/><F112/><W93/><G31/><T33/><D128/><N who="1" m="49259" /><E40/><V52/><F118/><W62/><G62/><T99/><D99/><U110/><E46/><N who="2" m="17451" /><F4/><W88/><G15/><T106/><D106/><U60/><E60/><N who="2" m="35847" /><F81/><W32/><G32/><T127/><D90/><U100/><E100/><AGARI ba="1,1" hai="36,38,41,45,48,85,88,93,100,101,102" m="51755" machi="100" ten="30,2900,0" yaku="20,1,54,1" doraHai="108" who="3" fromWho="1" sc="259,0,160,-32,425,0,146,42" /><INIT seed="3,2,0,4,5,76" ten="259,128,425,188" oya="3" hai0="120,74,134,27,135,15,59,16,52,9,131,77,46" hai1="28,6,83,49,70,117,41,73,118,10,58,103,18" hai2="71,132,102,98,31,64,29,0,26,69,4,90,17" hai3="45,91,50,122,55,133,114,107,33,124,53,93,112"/><W86/><G122/><T115/><D120/><U127/><E70/><V51/><F132/><N who="0" m="50730" /><D131/><U100/><E28/><V81/><F17/><W126/><G33/><T39/><D115/><U24/><E127/><N who="3" m="48682" /><G107/><T110/><D110/><U87/><E73/><V125/><F125/><W47/><G133/><T43/><D27/><U82/><E118/><V48/><F4/><W101/><G101/><T60/><D77/><N who="1" m="46543" /><E117/><V67/><F0/><W5/><G5/><T36/><D74/><U116/><E116/><V111/><F111/><W119/><G119/><T109/><D109/><U30/><E30/><V13/><F13/><W44/><G53/><T11/><D11/><U21/><E58/><AGARI ba="2,0" hai="44,45,47,50,55,58,86,91,93,112,114" m="48682" machi="58" ten="30,1500,0" yaku="18,1" doraHai="76" who="3" fromWho="1" sc="259,0,128,-21,425,0,188,21" /><INIT seed="3,3,0,2,1,33" ten="259,107,425,209" oya="3" hai0="54,82,111,132,85,13,134,20,19,79,118,3,72" hai1="10,94,59,22,109,49,55,87,51,30,123,0,45" hai2="76,12,62,74,57,56,69,128,84,101,114,66,112" hai3="7,98,127,115,64,27,70,32,77,96,44,92,102"/><W121/><G115/><T47/><D118/><U91/><E123/><V93/><F128/><W126/><G121/><T40/><D111/><U25/><E109/><V116/><F116/><W110/><G110/><T125/><D3/><U135/><E135/><N who="0" m="51753" /><D125/><N who="3" m="47625" /><G77/><T21/><D54/><U5/><REACH who="1" step="1"/><E45/><REACH who="1" ten="259,97,425,209" step="2"/><V16/><F112/><W41/><G44/><T1/><D47/><U60/><AGARI ba="3,1" hai="0,5,10,22,25,30,49,51,55,59,60,87,91,94" machi="60" ten="20,8000,1" yaku="1,1,2,1,0,1,7,1,52,1,53,0" doraHai="33" doraHaiUra="68" who="1" fromWho="1" sc="259,-23,97,99,425,-23,209,-43" owari="236,3.6,196,-20.4,402,50.2,166,-33.4" /></mjloggm>