<mjloggm ver="2.3"><GO type="225" lobby="0"/><UN n0="%4C%C3%97%57%C3%97%4C" n1="%E3%82%A2%E3%83%9E%E3%83%9D%EF%BD%9E%EF%BD%9E%E3%83%A9" n2="%E5%84%AA%40%41%42%43" n3="%4C%4F%4C%49%54%41" dan="18,17,17,16" rate="2142.81,2187.67,2256.22,2184.91" sx="M,M,M,F"/><TAIKYOKU oya="0"/><INIT seed="0,0,0,5,2,55" ten="250,250,250,250" oya="0" hai0="59,45,50,70,131,8,43,44,48,34,32,73,99" hai1="92,26,12,121,127,124,14,122,97,28,15,33,120" hai2="106,129,60,35,83,86,95,61,133,75,46,23,66" hai3="57,67,79,74,72,102,18,42,110,116,71,113,10"/><T40/><D131/><U130/><REACH who="1" step="1"/><E130/><REACH who="1" ten="250,240,250,250" step="2"/><V135/><F129/><W4/><G116/><T30/><D70/><U115/><E115/><V81/><F135/><W16/><G113/><T5/><D73/><U31/><E31/><V98/><F133/><W56/><G71/><T24/><D99/><U90/><AGARI ba="0,1" hai="12,14,15,26,28,33,90,92,97,120,121,122,124,127" machi="90" ten="40,8000,1" yaku="21,2,0,1,53,1" doraHai="55" doraHaiUra="22" who="1" fromWho="1" sc="250,-40,240,90,250,-20,250,-20" /><INIT seed="1,0,0,4,2,102" ten="210,330,230,230" oya="1" hai0="79,131,34,128,37,110,67,16,74,43,12,24,55" hai1="54,88,46,21,9,107,53,42,29,104,123,119,15" hai2="2,80,61,22,48,52,25,47,44,68,125,31,132" hai3="17,126,118,97,45,94,130,18,28,57,58,105,135"/><U0/><E123/><V60/><F132/><W86/><G130/><N who="0" m="49707" /><D67/><U87/><E119/><V109/><F2/><W121/><G121/><T106/><D110/><U26/><E0/><V98/><F109/><W93/><G135/><T134/><D134/><U83/><E54/><V30/><F125/><W77/><G126/><T85/><D74/><U81/><E81/><V92/><F68/><W8/><G105/><T41/><D37/><U120/><E120/><V38/><F31/><W84/><G28/><N who="0" m="19719" /><D55/><U56/><E42/><N who="0" m="15881" /><D85/><U39/><E46/><N who="2" m="27671" /><F80/><W113/><G45/><N who="2" m="17481" /><F38/><W112/><G118/><T101/><D79/><U114/><E114/><V100/><AGARI ba="0,0" hai="22,25,30,60,61,92,98,100" m="17481,27671" machi="100" ten="30,2000,0" yaku="8,1,54,1" doraHai="102" who="2" fromWho="2" sc="210,-5,330,-10,230,20,230,-5" /><INIT seed="2,0,0,1,0,116" ten="205,320,250,225" oya="2" hai0="31,97,119,81,123,73,96,95,94,111,130,62,133" hai1="69,5,59,90,52,98,68,92,132,128,86,63,78" hai2="122,89,99,82,105,39,127,64,67,134,110,112,1" hai3="126,55,54,7,121,43,33,27,34,22,29,30,16"/><V35/><RYUUKYOKU type="yao9" ba="0,0" sc="205,0,320,0,250,0,225,0" hai2="1,35,39,64,67,82,89,99,105,110,112,122,127,134" /><INIT seed="2,1,0,5,5,26" ten="205,320,250,225" oya="2" hai0="53,74,96,25,59,56,69,105,124,125,78,8,44" hai1="33,92,46,51,50,128,5,117,14,114,47,11,22" hai2="57,60,67,120,31,4,66,76,64,99,52,39,45" hai3="41,94,122,75,129,119,106,111,91,63,77,131,112"/><V18/><F120/><W42/><G42/><T123/><D123/><U97/><E33/><V88/><F4/><W0/><G0/><T135/><D69/><U36/><E128/><N who="3" m="49226" /><G122/><T55/><D135/><U83/><E114/><V40/><F76/><W35/><G41/><T82/><D8/><U23/><E83/><V34/><F34/><W58/><G35/><T87/><D44/><N who="1" m="16939" /><E117/><V102/><F31/><W2/><G2/><T10/><D10/><U85/><E85/><V101/><REACH who="2" step="1"/><F18/><REACH who="2" ten="205,320,240,225" step="2"/><W126/><G77/><T62/><D74/><U118/><E118/><V37/><F37/><W93/><G75/><T109/><D78/><U30/><E36/><V15/><F15/><W86/><G119/><T127/><D25/><U89/><E30/><V1/><F1/><W80/><G112/><T54/><D109/><U72/><E72/><V121/><F121/><W107/><G111/><T12/><D12/><U68/><E14/><V116/><F116/><W95/><G126/><T79/><D62/><U98/><E5/><V28/><F28/><W108/><G108/><T115/><D115/><U84/><E68/><V6/><F6/><W104/><G107/><T29/><D29/><U27/><E27/><V21/><F21/><W130/><G130/><T43/><D43/><U7/><E23/><V32/><F32/><W103/><G103/><AGARI ba="1,1" hai="53,54,55,56,59,79,82,87,96,103,105,124,125,127" machi="103" ten="50,1600,0" yaku="18,1" doraHai="26" who="0" fromWho="3" sc="205,29,320,0,240,0,225,-19" /><INIT seed="3,0,0,3,5,87" ten="234,320,240,206" oya="3" hai0="108,98,105,74,7,44,28,34,73,14,29,85,38" hai1="114,37,26,117,132,86,55,124,104,81,126,99,56" hai2="93,110,80,36,0,102,19,75,83,40,43,71,49" hai3="119,9,88,130,13,51,113,127,5,10,103,101,69"/><W32/><G119/><T41/><D108/><U30/><E132/><V97/><F36/><W62/><G113/><T12/><D85/><U129/><E129/><V78/><F71/><W94/><G32/><T63/><D14/><U8/><E8/><V95/><F0/><W123/><G123/><T64/><D12/><U20/><E37/><V54/><F110/><W27/><G130/><T39/><D7/><U133/><E133/><V77/><F95/><W84/><G127/><T2/><D2/><U47/><E47/><V96/><F97/><W118/><G118/><T11/><D11/><U53/><E114/><V42/><F19/><W112/><G112/><T25/><D29/><U68/><E68/><V60/><F60/><W76/><G76/><N who="2" m="29289" /><F75/><W107/><G107/><T61/><D61/><U1/><E1/><V21/><F21/><W23/><G10/><T4/><D4/><U58/><E99/><V82/><F54/><N who="1" m="20489" /><E104/><V111/><F111/><W48/><G69/><N who="0" m="42143" /><D38/><U91/><E117/><V57/><F57/><W115/><G115/><T120/><D120/><U17/><E30/><V6/><F6/><W35/><G35/><T116/><D116/><U22/><E22/><V100/><F100/><AGARI ba="0,0" hai="25,28,34,39,41,44,73,74,98,100,105" m="42143" machi="100" ten="30,3900,0" yaku="25,1,33,2" doraHai="87" who="0" fromWho="2" sc="234,39,320,0,240,-39,206,0" owari="273,7.3,320,42.0,201,-29.9,206,-19.4" /></mjloggm>