<mjloggm ver="2.3"><GO type="225" lobby="0"/><UN n0="%E3%81%BF%E3%81%BF%E3%81%9A" n1="%E3%82%A2%E3%83%BC%E3%83%A2%E3%83%AD%E3%83%BC%E3%83%B4%E3%82%A1" n2="%77%72%77%72%77%72%77%72" n3="%E3%81%B5%E3%81%98%E3%81%8B%E3%81%A4" dan="16,16,17,16" rate="2243.09,2163.61,2229.59,2177.03" sx="M,M,M,M"/><TAIKYOKU oya="0"/><INIT seed="0,0,0,3,2,29" ten="250,250,250,250" oya="0" hai0="35,92,113,61,90,45,41,37,118,10,21,71,115" hai1="122,56,77,40,1,69,73,39,110,52,48,65,12" hai2="72,15,124,27,66,82,127,94,131,78,104,19,50" hai3="105,125,80,119,6,86,30,89,23,100,9,63,132"/><T51/><D118/><U87/><E122/><V130/><F104/><W133/><G119/><T58/><D35/><U68/><E1/><V24/><F66/><W60/><G125/><N who="2" m="48201" /><F50/><W36/><G36/><T126/><D126/><U22/><E73/><V4/><F4/><W57/><G105/><T85/><D10/><U128/><E110/><V96/><F15/><N who="3" m="5559" /><G100/><T2/><D2/><U64/><E128/><N who="2" m="49195" /><F19/><W102/><G102/><AGARI ba="0,0" hai="24,27,72,78,82,94,96,102" m="49195,48201" machi="102" ten="30,2000,0" yaku="18,1,19,1" doraHai="29" who="2" fromWho="3" sc="250,0,250,0,250,20,250,-20" /><INIT seed="1,0,0,0,5,79" ten="250,250,270,230" oya="1" hai0="0,63,47,26,10,69,85,48,45,109,76,54,125" hai1="16,1,55,71,33,115,84,49,42,130,113,128,15" hai2="119,12,98,40,2,112,77,99,96,118,59,73,106" hai3="36,67,90,135,97,38,7,111,8,23,93,114,121"/><U132/><E132/><V14/><F2/><W89/><G121/><T103/><D109/><U100/><E1/><V58/><F106/><W50/><G114/><T124/><D103/><U78/><E71/><V65/><F112/><W39/><G111/><T17/><D0/><U68/><E68/><V72/><F40/><W28/><G135/><T102/><D102/><U82/><E33/><V19/><F19/><W9/><G67/><T116/><D116/><N who="2" m="44586" /><F77/><W107/><G107/><T66/><D45/><N who="1" m="28079" /><E42/><V4/><F4/><W21/><G50/><T18/><D26/><U57/><E57/><N who="2" m="21515" /><F65/><W101/><G28/><T134/><D134/><U31/><E100/><V104/><F104/><W83/><G9/><T108/><D108/><U29/><E29/><V51/><F51/><W87/><REACH who="3" step="1"/><G101/><REACH who="3" ten="250,250,270,220" step="2"/><T91/><D10/><N who="1" m="6263" /><E31/><V117/><F117/><W94/><G94/><T27/><D27/><U25/><E25/><V13/><AGARI ba="0,1" hai="12,13,14,72,73,96,98,99" m="21515,44586" machi="13" ten="40,2700,0" yaku="28,2" doraHai="79" who="2" fromWho="2" sc="250,-7,250,-13,270,37,220,-7" /><INIT seed="2,0,0,1,1,60" ten="243,237,307,213" oya="2" hai0="115,19,4,51,14,30,47,99,135,40,31,82,68" hai1="77,96,123,12,132,46,15,133,79,21,74,110,9" hai2="89,29,98,63,65,101,107,118,69,54,116,128,94" hai3="18,33,70,113,6,127,57,109,23,134,49,50,108"/><V34/><F128/><W8/><G33/><T3/><D115/><U117/><E117/><V78/><F78/><W42/><G113/><T48/><D135/><N who="1" m="51787" /><E110/><N who="3" m="42602" /><G70/><T122/><D122/><U7/><E123/><V103/><F54/><N who="3" m="31951" /><G127/><T92/><D3/><U37/><E96/><N who="2" m="57423" /><F101/><W76/><G76/><T64/><D4/><U112/><E74/><V13/><F13/><N who="3" m="9679" /><G134/><T17/><D68/><U73/><E73/><V72/><F72/><W105/><G105/><T36/><D14/><U38/><E112/><V80/><F116/><W39/><G39/><N who="1" m="14858" /><E46/><V28/><F118/><W45/><G6/><T129/><D47/><U61/><E61/><V114/><F63/><W32/><G32/><T87/><D48/><U124/><E124/><V71/><F69/><W58/><G58/><T131/><D51/><U24/><E15/><V84/><F34/><W10/><AGARI ba="0,0" hai="8,10,42,45,50" m="9679,31951,42602" machi="10" ten="30,1100,0" yaku="14,1" doraHai="60" who="3" fromWho="3" sc="243,-3,237,-3,307,-5,213,11" /><INIT seed="3,0,0,3,2,110" ten="240,234,302,224" oya="3" hai0="51,1,121,39,10,56,49,50,88,91,134,33,74" hai1="8,40,55,132,93,11,99,22,6,68,14,97,133" hai2="2,96,5,30,105,129,124,62,9,24,69,31,116" hai3="44,114,17,21,98,28,109,65,34,35,53,61,36"/><W3/><G114/><T45/><D33/><U82/><E68/><V94/><F116/><W113/><G113/><T108/><D121/><U131/><E131/><V84/><F129/><W7/><G109/><T41/><D108/><U23/><E40/><V79/><F124/><W13/><G98/><N who="1" m="37386" /><E93/><V87/><F79/><W26/><G36/><T77/><D56/><U120/><E120/><V32/><F30/><W111/><G111/><T106/><D134/><N who="1" m="51819" /><E55/><V37/><F37/><W80/><G80/><N who="0" m="45111" /><D106/><U72/><E11/><V78/><F78/><AGARI ba="0,0" hai="6,8,14,22,23,72,78,82" m="51819,37386" machi="78" ten="30,1000,0" yaku="20,1" doraHai="110" who="1" fromWho="2" sc="240,0,234,10,302,-10,224,0" /><INIT seed="4,0,0,5,5,21" ten="240,244,292,224" oya="0" hai0="23,83,92,95,35,133,71,12,41,75,127,4,66" hai1="110,89,13,20,77,37,121,54,29,108,16,49,47" hai2="53,115,84,45,85,111,19,15,118,132,104,52,36" hai3="7,22,57,81,94,125,131,10,116,100,74,56,79"/><T31/><D127/><U67/><E121/><V129/><F111/><W112/><G116/><T86/><D75/><U134/><E134/><V60/><F104/><W119/><G119/><T91/><D133/><U105/><E105/><V44/><F118/><W101/><G125/><T5/><D35/><U76/><E37/><V51/><F132/><W72/><G131/><T128/><D128/><U24/><E67/><V48/><F115/><W30/><G112/><T114/><D114/><U65/><E65/><V99/><F129/><W3/><G74/><T55/><D41/><U8/><REACH who="1" step="1"/><E89/><REACH who="1" ten="240,234,292,224" step="2"/><V39/><F39/><W34/><G101/><T117/><D117/><U17/><E17/><V122/><F36/><W59/><G100/><T120/><D120/><U124/><E124/><V87/><F122/><W68/><G68/><T1/><D66/><U69/><E69/><V96/><F60/><W123/><G123/><T109/><D71/><U73/><E73/><V80/><F80/><W106/><G106/><T98/><D109/><AGARI ba="0,1" hai="8,13,16,20,24,29,47,49,54,76,77,108,109,110" machi="109" ten="40,5200,0" yaku="1,1,52,1,54,1,53,0" doraHai="21" doraHaiUra="130" who="1" fromWho="0" sc="240,-52,234,62,292,0,224,0" /><INIT seed="5,0,0,4,1,14" ten="188,296,292,224" oya="1" hai0="74,13,29,48,71,134,7,96,116,1,87,5,52" hai1="61,64,103,55,62,26,118,69,83,130,54,44,57" hai2="117,73,37,77,47,39,93,133,15,53,40,75,20" hai3="129,24,92,27,70,18,126,35,68,132,104,122,84"/><U76/><E118/><V107/><F117/><W113/><G104/><T112/><D116/><U98/><E130/><V125/><F107/><W65/><G122/><T88/><D74/><U58/><E26/><V85/><F133/><W119/><G113/><T25/><D71/><U56/><E44/><V21/><F125/><W0/><G126/><T120/><D1/><U50/><E55/><V99/><F53/><W45/><G0/><T101/><D134/><U67/><E62/><V19/><F37/><W121/><G129/><T90/><D112/><U42/><E42/><V110/><F110/><W2/><G2/><T12/><D120/><U10/><E10/><V11/><F73/><W105/><G105/><T33/><D12/><U3/><E3/><V128/><F75/><W108/><G70/><T72/><D72/><U23/><E23/><V111/><F111/><W17/><G35/><T124/><D124/><U82/><E67/><V41/><F41/><W16/><G68/><T102/><D96/><U51/><E51/><N who="2" m="27111" /><F128/><W38/><G38/><T4/><D13/><U31/><E31/><V28/><F28/><W115/><G115/><T34/><D33/><U63/><E63/><V89/><F39/><W109/><G121/><T86/><D87/><N who="1" m="48583" /><E83/><AGARI ba="0,0" hai="11,15,19,20,21,77,83,85,89,93,99" m="27111" machi="83" ten="30,2000,0" yaku="8,1,52,1" doraHai="14" who="2" fromWho="1" sc="188,0,296,-20,292,20,224,0" owari="188,-31.2,276,7.6,312,41.2,224,-17.6" /></mjloggm>