<mjloggm ver="2.3"><GO type="225" lobby="0"/><UN n0="%72%69%6F%75%63%68%61%6E" n1="%E6%B0%B7%E5%B7%9D%E9%87%8C%E5%A5%88" n2="%E3%81%AA%E3%81%A1%30%39%32%37" n3="%E5%B0%8F%E9%B3%A5%E9%81%8A%E7%B7%B4%E7%84%A1%32%31%E6%AD%B3" dan="17,16,16,16" rate="2252.07,2135.14,2095.55,2167.66" sx="M,F,M,F"/><TAIKYOKU oya="0"/><INIT seed="0,0,0,2,2,30" ten="250,250,250,250" oya="0" hai0="48,89,27,35,122,36,12,88,77,69,83,39,46" hai1="70,58,73,51,29,90,41,59,2,8,101,62,120" hai2="14,67,99,125,0,56,97,31,60,118,3,76,132" hai3="34,75,93,133,116,79,112,128,95,102,18,55,110"/><T52/><D122/><U100/><E120/><V45/><F132/><W84/><G75/><T38/><D69/><U106/><E73/><V13/><F125/><W130/><G112/><T113/><D113/><U25/><E70/><V74/><F118/><W11/><G116/><T49/><D12/><U123/><E123/><V57/><F74/><W16/><G55/><T105/><D105/><U37/><E37/><V43/><F31/><W81/><G110/><T17/><D48/><U92/><E106/><V19/><F76/><W10/><G133/><T103/><D103/><U4/><E58/><V87/><F87/><W82/><G84/><T94/><D94/><U134/><E134/><V135/><F57/><W129/><G79/><T7/><D7/><U65/><E51/><V28/><F28/><W9/><G102/><T119/><D119/><U78/><E41/><V114/><F14/><W104/><G104/><T24/><D35/><U127/><E78/><V96/><F114/><W98/><G34/><T40/><D40/><U33/><REACH who="1" step="1"/><E127/><REACH who="1" ten="250,240,250,250" step="2"/><V86/><F135/><W109/><G109/><T44/><D44/><U5/><E5/><V6/><F6/><W22/><G129/><T26/><REACH who="0" step="1"/><D17/><REACH who="0" ten="240,240,250,250" step="2"/><U47/><E47/><V1/><F45/><W15/><G18/><T108/><D108/><U117/><E117/><V21/><F43/><W68/><G128/><T64/><D64/><U32/><E32/><V91/><F1/><W20/><G130/><T61/><D61/><U80/><E80/><N who="2" m="49607" /><F3/><W124/><G68/><T126/><D126/><U131/><E131/><V121/><F0/><RYUUKYOKU ba="0,2" sc="240,10,240,10,250,10,250,-30" hai0="24,26,27,36,38,39,46,49,52,77,83,88,89" hai1="2,4,8,25,29,33,59,62,65,90,92,100,101" hai2="13,19,21,56,60,67,96,97,99,121" /><INIT seed="0,1,2,4,2,15" ten="250,250,260,220" oya="0" hai0="52,116,135,107,115,82,130,101,64,50,131,17,76" hai1="100,128,111,31,0,20,14,53,30,127,33,51,85" hai2="66,108,125,112,16,8,96,55,19,104,63,119,132" hai3="91,39,77,1,72,123,11,18,117,68,84,134,3"/><T120/><D115/><U94/><E0/><V93/><F112/><W38/><G77/><T10/><D135/><U110/><E127/><V47/><F125/><W106/><G11/><T133/><D133/><U9/><E128/><N who="0" m="49193" /><D116/><U48/><E20/><V129/><F129/><W95/><G72/><T44/><D120/><U2/><E2/><V45/><F132/><W75/><G75/><N who="0" m="43295" /><D64/><U23/><E33/><V40/><F104/><W46/><G68/><T5/><D107/><U13/><E9/><V105/><F108/><W12/><G123/><T26/><D101/><U41/><E100/><V61/><F105/><W60/><G106/><T24/><D17/><N who="2" m="6730" /><F8/><W28/><G117/><T124/><D124/><U25/><E31/><V54/><F119/><W113/><G113/><T97/><D97/><U67/><E67/><V42/><F66/><W121/><G121/><T80/><D80/><U35/><E35/><V86/><F86/><W59/><G84/><T71/><D71/><U36/><E85/><V92/><F63/><W103/><G60/><T34/><D34/><U87/><E87/><V81/><F81/><W69/><G69/><T62/><D62/><U21/><E111/><V122/><F122/><W88/><G134/><T126/><D126/><U70/><E110/><V7/><F7/><W73/><G73/><T32/><D32/><U102/><E70/><V22/><F22/><W74/><G74/><T109/><D109/><U57/><E23/><V90/><F61/><W79/><G1/><AGARI ba="1,2" hai="1,5,10,24,26,44,50,52" m="43295,49193" machi="1" ten="30,2900,0" yaku="19,1,54,1" doraHai="15" who="0" fromWho="3" sc="250,52,250,0,260,0,220,-32" /><INIT seed="0,2,0,4,1,38" ten="302,250,260,188" oya="0" hai0="3,41,75,112,79,36,102,76,120,135,91,84,107" hai1="132,49,58,119,115,7,26,100,71,18,35,43,61" hai2="44,34,70,106,90,8,54,118,59,10,89,39,2" hai3="81,6,97,88,19,11,64,32,111,45,22,131,80"/><T109/><D112/><U114/><E119/><V94/><F118/><W55/><G32/><T116/><D116/><U134/><E100/><V78/><F106/><W40/><G111/><T67/><D120/><U68/><E7/><V72/><F34/><W1/><G64/><T105/><D3/><U86/><E86/><V51/><F70/><N who="1" m="26665" /><E18/><V12/><F12/><W99/><G55/><T15/><D67/><N who="1" m="39351" /><E26/><V17/><F17/><W92/><G99/><T127/><D135/><N who="1" m="51755" /><E35/><V128/><F10/><W9/><G9/><T60/><D102/><U20/><E20/><V42/><F94/><W117/><G117/><T125/><D75/><U93/><E93/><V21/><F21/><W110/><G110/><T101/><D109/><U87/><E87/><V126/><F89/><W108/><G108/><T98/><D107/><U50/><E50/><V53/><F90/><W69/><G131/><T65/><D15/><U4/><E4/><N who="2" m="1047" /><F128/><W24/><REACH who="3" step="1"/><G69/><REACH who="3" ten="302,250,260,178" step="2"/><N who="0" m="42151" /><D98/><U56/><E56/><V124/><F59/><W133/><G133/><T83/><D105/><U23/><E23/><V33/><F33/><W25/><G25/><T57/><D57/><U122/><E122/><V13/><F51/><AGARI ba="2,1" hai="1,6,11,19,22,24,40,45,51,80,81,88,92,97" machi="51" ten="30,7700,0" yaku="1,1,7,1,52,1,54,1,53,0" doraHai="38" doraHaiUra="62" who="3" fromWho="2" sc="302,0,250,0,260,-83,178,93" /><INIT seed="1,0,0,0,4,54" ten="302,250,177,271" oya="1" hai0="122,94,26,63,135,34,66,125,99,83,18,71,104" hai1="40,131,110,44,65,84,78,106,32,10,101,51,96" hai2="103,31,20,0,49,120,52,109,124,115,2,21,108" hai3="80,24,75,57,98,126,39,90,43,93,130,16,116"/><U132/><E32/><V6/><F120/><W85/><G126/><T9/><D135/><U79/><E132/><V123/><F123/><W53/><G130/><T4/><D125/><U70/><E131/><V47/><F124/><W25/><G75/><T133/><D133/><U36/><E110/><N who="2" m="42603" /><F115/><W27/><G116/><T13/><D122/><U114/><E114/><V117/><F117/><W81/><G43/><T41/><D41/><U62/><E84/><V22/><F31/><W88/><G39/><T3/><D83/><U105/><E105/><V89/><F103/><W64/><G64/><T11/><D104/><U60/><E10/><N who="2" m="2375" /><F89/><W91/><G80/><T56/><D71/><U76/><E62/><V129/><F129/><W1/><G1/><AGARI ba="0,0" hai="1,2,20,21,22,47,49,52" m="2375,42603" machi="1" ten="30,2000,0" yaku="14,1,54,1" doraHai="54" who="2" fromWho="3" sc="302,0,250,0,177,20,271,-20" /><INIT seed="2,0,0,1,0,116" ten="302,250,197,251" oya="2" hai0="49,34,74,31,45,82,39,85,11,111,44,126,10" hai1="42,101,8,65,5,76,91,56,38,77,71,124,105" hai2="94,112,41,131,21,113,106,17,2,93,134,33,22" hai3="80,110,66,132,100,109,46,37,120,27,12,86,3"/><V19/><F106/><W64/><G3/><T118/><D111/><N who="3" m="42505" /><G132/><T4/><D126/><U84/><E124/><V48/><F2/><W40/><G100/><T97/><D118/><U35/><E35/><V18/><F33/><W95/><G95/><T43/><D74/><U15/><E71/><V60/><F134/><W89/><G12/><T25/><D97/><U135/><E135/><V14/><F131/><W68/><G27/><T130/><D130/><U57/><E38/><V119/><F119/><W20/><G20/><T114/><D114/><U67/><E42/><V125/><F125/><W63/><G66/><N who="1" m="25098" /><E101/><V107/><F107/><W92/><G92/><T123/><D123/><AGARI ba="0,0" hai="37,40,46,63,64,68,80,86,89,120,123" m="42505" machi="123" ten="30,3900,0" yaku="14,1,52,2" doraHai="116" who="3" fromWho="0" sc="302,-39,250,0,197,0,251,39" /><INIT seed="3,0,0,2,5,21" ten="263,250,197,290" oya="3" hai0="32,119,105,90,78,11,54,29,88,3,72,51,10" hai1="68,94,116,106,8,111,123,38,112,15,44,61,99" hai2="63,2,26,14,82,65,84,93,17,57,33,6,132" hai3="70,73,50,25,135,7,42,80,114,35,67,58,55"/><W81/><G114/><T66/><D119/><U87/><E123/><V124/><F132/><W98/><G42/><T45/><D105/><U24/><E112/><V39/><F39/><W126/><G7/><T117/><D117/><U13/><E116/><V46/><F124/><W59/><G135/><T9/><D3/><U31/><E106/><V121/><F121/><W62/><G126/><T113/><D113/><U23/><E111/><V76/><F2/><W100/><G59/><T64/><D78/><U83/><E68/><V92/><F46/><W34/><G34/><T43/><D72/><U0/><E0/><V86/><F6/><W22/><G35/><T77/><D77/><U103/><E61/><V134/><F84/><W85/><G85/><T110/><D110/><U120/><E120/><V97/><F97/><W129/><G129/><T128/><D128/><U107/><E107/><V18/><F134/><W133/><G73/><T47/><D29/><U69/><E69/><V79/><F79/><W118/><G118/><T28/><D28/><U12/><E44/><V40/><F40/><W125/><G125/><T91/><REACH who="0" step="1"/><D32/><REACH who="0" ten="253,250,197,290" step="2"/><U4/><E38/><AGARI ba="0,1" hai="9,10,11,38,43,45,47,51,54,64,66,88,90,91" machi="38" ten="40,5200,0" yaku="1,1,2,1,54,1,53,0" doraHai="21" doraHaiUra="27" who="0" fromWho="1" sc="253,62,250,-52,197,0,290,0" owari="315,41.5,198,-20.2,197,-30.3,290,9.0" /></mjloggm>