<mjloggm ver="2.3"><GO type="225" lobby="0"/><UN n0="%4D%50%43%32%38%30%30" n1="%48%61%61%61%6C%61%6E%64" n2="%E3%81%A9%E3%82%8F%E3%82%93%E3%81%94" n3="%6D%75%75%6D%75%72%61" dan="16,17,16,16" rate="2126.34,2170.96,2143.03,2139.58" sx="M,M,M,F"/><TAIKYOKU oya="0"/><INIT seed="0,0,0,1,4,49" ten="250,250,250,250" oya="0" hai0="53,123,28,87,24,68,32,48,94,111,61,120,78" hai1="40,18,76,22,0,117,85,110,103,14,57,130,90" hai2="83,98,21,82,27,4,133,35,131,93,116,119,102" hai3="114,46,80,105,121,58,30,62,91,74,107,113,17"/><T29/><D111/><U134/><E117/><N who="2" m="45131" /><F35/><W66/><G121/><T52/><D29/><U23/><E110/><V109/><F109/><W33/><G46/><T92/><D92/><U108/><E108/><V19/><F133/><W12/><G30/><T15/><D15/><U127/><E134/><V60/><F131/><W132/><G33/><T54/><D48/><U106/><E0/><V89/><F4/><W99/><G132/><T9/><D9/><U84/><E130/><V25/><F25/><W64/><G64/><T55/><N who="0" m="13312" /><DORA hai="118" /><T95/><D95/><U77/><E14/><V59/><F102/><W129/><G129/><T39/><D39/><U47/><E103/><V3/><F3/><W2/><G2/><T1/><D1/><U34/><E34/><V6/><F6/><W128/><G128/><T71/><D94/><U70/><E23/><V79/><F79/><W122/><G122/><T81/><REACH who="0" step="1"/><D71/><REACH who="0" ten="240,250,250,250" step="2"/><U26/><E70/><V7/><F7/><W72/><G12/><T86/><D86/><U115/><E85/><V43/><F43/><W75/><G75/><T135/><D135/><U36/><E40/><V104/><F93/><W5/><G74/><T100/><D100/><U69/><E84/><V65/><F27/><W42/><G72/><T97/><D97/><U44/><E26/><N who="2" m="14655" /><F104/><W10/><G105/><T38/><D38/><U13/><E36/><V50/><F50/><W101/><G42/><T8/><D8/><U126/><E106/><V20/><F98/><W96/><G96/><T41/><D41/><U88/><E13/><V16/><F89/><RYUUKYOKU ba="0,1" sc="240,15,250,-15,250,15,250,-15" hai0="24,28,32,61,68,78,81,87,120,123" hai2="16,20,59,60,65,82,83" /><INIT seed="0,1,1,0,0,117" ten="255,235,265,235" oya="0" hai0="87,12,17,57,53,27,2,128,121,63,24,132,69" hai1="91,36,55,48,0,99,14,9,103,92,89,70,8" hai2="5,80,90,85,64,88,120,79,33,68,102,45,123" hai3="31,43,131,84,13,32,50,34,82,116,40,134,10"/><T86/><D2/><U94/><E36/><V133/><F33/><W125/><G116/><T93/><D121/><N who="2" m="46666" /><F45/><W119/><G119/><T29/><D132/><U111/><E111/><V26/><F26/><W25/><G131/><T129/><D69/><U18/><E70/><V101/><F5/><W7/><G125/><T23/><D27/><U110/><E110/><V58/><F58/><W56/><G34/><T54/><D54/><U39/><E39/><V42/><F42/><W135/><G56/><T76/><D76/><U22/><E0/><V106/><F64/><W83/><G83/><T115/><D115/><U28/><E28/><V37/><F37/><W130/><G130/><N who="0" m="50283" /><D93/><U77/><E77/><V35/><F35/><AGARI ba="1,1" hai="12,17,23,24,29,35,53,57,63,86,87" m="50283" machi="35" ten="30,1500,0" yaku="19,1" doraHai="117" who="0" fromWho="2" sc="255,28,235,0,265,-18,235,0" /><INIT seed="0,2,0,0,4,53" ten="283,235,247,235" oya="0" hai0="56,68,93,135,48,97,17,9,79,5,110,70,80" hai1="62,106,89,122,111,12,2,86,46,13,92,74,27" hai2="130,117,69,113,118,61,39,99,21,8,112,73,105" hai3="0,20,38,40,77,104,28,16,6,76,85,115,49"/><T63/><D135/><U121/><E2/><V96/><F73/><W50/><G115/><T35/><D48/><U14/><E111/><V126/><F39/><W88/><G104/><T107/><D107/><U91/><E74/><V82/><F130/><W42/><G28/><T11/><D17/><U67/><E106/><V131/><F131/><W75/><G75/><T41/><D35/><U34/><E46/><V78/><F8/><W102/><G102/><T33/><D33/><U10/><E10/><V59/><F69/><W7/><G0/><T120/><D41/><N who="3" m="15977" /><G38/><T44/><D44/><U30/><REACH who="1" step="1"/><E91/><REACH who="1" ten="283,225,247,235" step="2"/><V129/><F129/><W90/><G90/><T109/><D11/><U127/><E127/><V60/><F126/><W124/><G124/><T32/><D120/><U15/><N who="1" m="3072" /><DORA hai="95" /><U31/><E31/><V22/><F105/><W51/><G7/><T114/><D9/><U94/><E94/><V87/><F113/><W36/><G6/><T100/><D5/><U134/><E134/><V123/><F112/><W84/><G36/><T72/><D114/><U45/><E45/><V119/><F123/><W57/><G88/><T108/><REACH who="0" step="1"/><D32/><REACH who="0" ten="273,225,247,235" step="2"/><U47/><E47/><V98/><F61/><W64/><G16/><T23/><D23/><U52/><E52/><AGARI ba="2,2" hai="21,22,52,59,60,78,82,87,96,98,99,117,118,119" machi="52" ten="50,12000,2" yaku="12,1,52,4,54,1" doraHai="53,95" who="2" fromWho="1" sc="273,0,225,-126,247,146,235,0" /><AGARI ba="2,0" hai="52,56,63,68,70,72,79,80,93,97,100,108,109,110" machi="52" ten="40,24000,3" yaku="1,1,14,1,10,1,52,2,54,1,53,2" doraHai="53,95" doraHaiUra="3,66" who="0" fromWho="1" sc="273,240,99,-240,393,0,235,0" owari="513,61.3,-141,-64.1,393,19.3,235,-16.5" /></mjloggm>