<mjloggm ver="2.3"><GO type="225" lobby="0"/><UN n0="%E3%82%A2%E3%83%A1%E3%82%A2%E3%83%A9%E3%83%AC" n1="%E5%BE%AE%E5%B7%AE%E3%81%AE%E4%BD%95%E5%88%87%E3%82%8B%EF%BC%9C%E9%81%8B" n2="%E3%80%93%E3%81%97%E3%83%BC%E3%82%89%E3%80%93" n3="%E3%81%B5%E3%81%98%E3%81%8B%E3%81%A4" dan="16,16,16,16" rate="2050.19,2091.66,2157.25,2150.33" sx="M,M,M,M"/><TAIKYOKU oya="0"/><INIT seed="0,0,0,1,1,2" ten="250,250,250,250" oya="0" hai0="109,73,69,21,80,74,129,51,3,32,70,101,45" hai1="98,18,9,60,37,25,100,105,67,103,34,97,106" hai2="117,40,22,7,31,57,1,123,5,82,58,52,47" hai3="124,50,107,39,99,93,112,90,61,26,104,96,116"/><T65/><D32/><U46/><E18/><V127/><F123/><W134/><G39/><T56/><D3/><U94/><E94/><V66/><F1/><W108/><G112/><T6/><D129/><U95/><E95/><V49/><F117/><W114/><G114/><T43/><D101/><U35/><E9/><V135/><F135/><W63/><G116/><T122/><D6/><N who="2" m="2058" /><F127/><W110/><G124/><T72/><D122/><U102/><E102/><V41/><F82/><W78/><G134/><T54/><D109/><N who="3" m="42089" /><G78/><T68/><D21/><U10/><E10/><V19/><F31/><W64/><G107/><T24/><D24/><U12/><E12/><N who="2" m="9575" /><F66/><W79/><G64/><T28/><D28/><U48/><E25/><V81/><F81/><W119/><G26/><T62/><REACH who="0" step="1"/><D80/><REACH who="0" ten="240,250,250,250" step="2"/><U4/><E4/><V42/><AGARI ba="0,1" hai="40,41,42,47,49,52,57,58" m="9575,2058" machi="42" ten="30,8000,1" yaku="8,1,52,3,54,1" doraHai="2" who="2" fromWho="2" sc="240,-40,250,-20,250,90,250,-20" /><INIT seed="1,0,0,1,4,118" ten="200,230,340,230" oya="1" hai0="28,102,51,76,12,24,43,79,87,66,20,85,110" hai1="71,23,96,4,61,31,48,40,10,80,113,39,59" hai2="49,30,93,62,90,70,95,1,131,35,25,115,41" hai3="19,91,126,109,34,68,127,38,75,120,64,21,6"/><U5/><E113/><V84/><F1/><W86/><G38/><T3/><D3/><U98/><E71/><V83/><F115/><W108/><G75/><T133/><D110/><N who="3" m="42601" /><G34/><T52/><D133/><U114/><E114/><V135/><F135/><W37/><G37/><T29/><D102/><U60/><E39/><V63/><F131/><W121/><G6/><T88/><D43/><U132/><E132/><V26/><F70/><W129/><G129/><T33/><D66/><U111/><E111/><V128/><F128/><W14/><G64/><T22/><D85/><U54/><E80/><V56/><F26/><W74/><G74/><T36/><D36/><U32/><E32/><V58/><F49/><W107/><G107/><T15/><D29/><U103/><E5/><V8/><F8/><W18/><G18/><N who="0" m="10311" /><D15/><N who="1" m="5575" /><E40/><V134/><F41/><W77/><G77/><T97/><D97/><N who="1" m="37483" /><E103/><V105/><F105/><W100/><G100/><T92/><D33/><U0/><E0/><V55/><F134/><W45/><G68/><T101/><D101/><U104/><E104/><V82/><F82/><N who="3" m="49623" /><G45/><AGARI ba="0,0" hai="22,24,28,45,51,52,76,79,87,88,92" m="10311" machi="45" ten="30,3900,0" yaku="8,1,54,2" doraHai="118" who="0" fromWho="3" sc="200,39,230,0,340,0,230,-39" /><INIT seed="2,0,0,4,4,106" ten="239,230,340,191" oya="2" hai0="88,30,42,38,16,20,10,94,11,134,129,22,122" hai1="114,44,93,130,53,61,127,120,115,85,32,87,55" hai2="25,123,81,70,18,33,52,68,19,59,108,58,34" hai3="97,109,133,107,14,79,54,21,113,83,135,96,1"/><V82/><F25/><W101/><G1/><T35/><D122/><U124/><E32/><V104/><F104/><W27/><G14/><T118/><D134/><N who="3" m="51209" /><G54/><T76/><D129/><U103/><E130/><V12/><F12/><W73/><G21/><T72/><D22/><U26/><E26/><V63/><F52/><N who="1" m="20041" /><E120/><V43/><F123/><W132/><N who="3" m="51217" /><W57/><DORA hai="125" /><G27/><T67/><D118/><U28/><E28/><V2/><F2/><W64/><G57/><T5/><D67/><U98/><E61/><V49/><F63/><W111/><G64/><T3/><D11/><U105/><E44/><V84/><F49/><W8/><G8/><T117/><D117/><U62/><E62/><V95/><F43/><W0/><G0/><T65/><D65/><U78/><E105/><V23/><F23/><W131/><G113/><N who="1" m="43018" /><E78/><V89/><F34/><W128/><G97/><T37/><D30/><U126/><AGARI ba="0,0" hai="85,87,93,98,103,124,126,127" m="43018,20041" machi="126" ten="40,2700,0" yaku="18,1,54,1" doraHai="106,125" who="1" fromWho="1" sc="239,-7,230,27,340,-13,191,-7" /><INIT seed="3,0,0,2,3,73" ten="232,257,327,184" oya="3" hai0="117,124,49,64,66,51,32,29,95,109,104,133,125" hai1="135,99,70,53,56,79,36,89,121,115,63,15,33" hai2="78,103,14,37,102,91,112,74,31,25,113,46,35" hai3="20,129,131,38,43,76,22,83,10,94,2,130,19"/><W100/><G100/><T122/><D109/><U59/><E115/><V116/><F91/><W13/><G94/><T134/><D104/><U77/><E70/><V110/><F102/><W69/><G69/><T55/><D117/><U42/><E121/><V24/><F14/><W23/><G43/><T106/><D106/><U92/><E33/><N who="2" m="20711" /><F103/><W114/><G114/><T68/><D122/><U26/><E135/><N who="0" m="51721" /><D95/><U62/><E36/><V9/><F9/><W4/><REACH who="3" step="1"/><G38/><REACH who="3" ten="232,257,327,174" step="2"/><T52/><D68/><U17/><E42/><N who="2" m="22863" /><F116/><W119/><G119/><T132/><D132/><U72/><E72/><AGARI ba="0,1" hai="2,4,10,13,19,20,22,23,72,76,83,129,130,131" machi="72" ten="40,7700,0" yaku="1,1,19,1,52,1,53,0" doraHai="73" doraHaiUra="21" who="3" fromWho="1" sc="232,0,257,-77,327,0,174,87" /><INIT seed="3,1,0,0,4,62" ten="232,180,327,261" oya="3" hai0="34,83,64,26,99,104,27,10,73,74,50,68,111" hai1="69,42,14,46,31,76,85,125,19,22,106,135,66" hai2="81,91,96,35,126,6,131,92,57,79,122,16,51" hai3="101,61,87,124,97,86,72,36,38,134,133,128,114"/><W94/><G114/><T119/><D111/><U115/><E115/><V39/><F39/><W52/><G72/><T32/><D119/><U110/><E110/><V82/><F35/><W4/><G4/><T100/><D10/><U41/><E125/><V49/><F6/><W84/><G124/><T116/><D116/><U121/><E121/><V5/><F5/><W47/><G128/><T56/><D56/><U53/><E135/><N who="3" m="51722" /><G47/><T45/><D83/><U0/><E106/><V60/><F131/><W30/><G30/><N who="0" m="19543" /><D50/><U75/><E75/><V113/><F113/><W88/><G101/><T44/><D44/><U20/><E0/><V117/><F117/><W130/><G130/><T3/><D45/><U89/><E76/><V13/><F122/><W29/><G29/><N who="0" m="19775" /><D3/><U105/><E105/><V18/><F126/><W123/><G123/><T65/><D65/><U103/><E103/><V25/><F79/><W9/><G9/><T118/><D118/><U93/><E31/><V58/><F81/><W120/><G120/><T78/><D78/><U112/><E112/><V28/><F82/><W11/><G11/><T54/><D54/><U17/><E53/><V21/><F28/><W77/><G77/><T12/><D12/><U55/><E55/><N who="2" m="33855" /><F58/><AGARI ba="1,0" hai="36,38,52,58,61,84,86,87,88,94,97" m="51722" machi="58" ten="30,5800,0" yaku="20,1,54,2" doraHai="62" who="3" fromWho="2" sc="232,0,180,0,327,-61,261,61" owari="232,-16.8,180,-32.0,266,6.6,322,42.2" /></mjloggm>