<mjloggm ver="2.3"><GO type="225" lobby="0"/><UN n0="%E7%AD%89%E3%80%85%E5%8A%9B%E5%8A%87%E5%A0%B4" n1="%6E%69%63%6B%6C%6F%77" n2="%6D%75%75%6D%75%72%61" n3="%6B%65%6E%6E%64%69" dan="16,16,16,16" rate="2142.20,2118.69,2102.62,2154.20" sx="M,F,F,M"/><TAIKYOKU oya="0"/><INIT seed="0,0,0,4,4,128" ten="250,250,250,250" oya="0" hai0="27,87,85,97,30,37,78,117,76,104,89,111,35" hai1="109,60,38,100,50,13,54,40,3,98,62,134,12" hai2="73,114,108,1,121,94,95,36,32,31,41,69,33" hai3="135,10,57,52,46,11,19,45,44,96,28,20,93"/><T63/><D117/><U72/><E3/><V48/><F114/><W22/><G135/><T132/><D37/><U125/><E72/><V88/><F121/><W64/><G64/><T58/><D111/><U75/><E75/><V25/><F108/><W127/><G127/><T0/><D0/><U43/><E38/><V90/><F73/><W120/><G28/><T112/><D112/><U130/><E130/><V65/><F36/><W23/><G19/><T2/><D2/><U99/><E109/><V14/><F1/><W5/><G5/><T18/><D87/><U84/><E84/><V59/><F33/><W77/><G77/><T126/><D126/><U17/><E125/><V119/><F119/><W53/><G120/><T49/><D49/><U110/><E110/><V68/><F14/><W123/><G123/><T122/><D122/><U56/><E12/><V105/><F105/><W51/><REACH who="3" step="1"/><G53/><REACH who="3" ten="250,250,250,240" step="2"/><T79/><D132/><U67/><E134/><V55/><F65/><W21/><N who="3" m="5120" /><DORA hai="9" /><W118/><G118/><T106/><D18/><U92/><E67/><V86/><REACH who="2" step="1"/><F41/><REACH who="2" ten="250,250,240,240" step="2"/><W26/><G26/><T24/><D24/><U61/><E40/><V74/><F74/><W66/><G66/><T4/><D27/><U7/><E43/><V42/><F42/><W39/><G39/><T29/><D35/><U16/><REACH who="1" step="1"/><E98/><AGARI ba="0,2" hai="25,31,32,48,55,59,68,69,86,88,90,94,95,98" machi="98" ten="30,8000,1" yaku="1,1,7,1,54,1,53,2" doraHai="128,9" doraHaiUra="15,91" who="2" fromWho="1" sc="250,0,250,-80,240,100,240,0" /><INIT seed="1,0,0,0,3,21" ten="250,170,340,240" oya="1" hai0="20,83,42,41,133,33,39,57,85,112,48,53,91" hai1="103,123,9,31,8,115,98,6,62,28,1,36,14" hai2="116,11,12,61,44,59,76,124,19,25,15,70,105" hai3="66,65,125,45,97,16,131,52,50,29,113,110,10"/><U27/><E115/><V72/><F116/><W0/><G113/><T121/><D33/><U104/><E123/><V118/><F118/><W26/><G110/><T95/><D112/><U102/><E36/><V37/><F105/><W69/><G131/><T77/><D133/><U34/><E103/><V74/><F70/><W64/><G125/><T5/><D121/><U90/><E28/><V84/><F124/><W51/><G69/><T93/><D39/><U111/><E111/><V79/><F15/><N who="3" m="7287" /><G0/><T4/><D95/><U75/><E75/><V43/><F25/><W46/><G97/><T55/><D55/><U47/><E47/><N who="3" m="17930" /><G52/><T63/><D48/><U80/><E62/><V18/><F18/><W56/><G56/><T89/><D89/><U67/><E67/><V38/><F38/><W3/><G3/><T2/><D2/><U7/><REACH who="1" step="1"/><E90/><REACH who="1" ten="250,160,340,240" step="2"/><V135/><F74/><W81/><G81/><AGARI ba="0,1" hai="1,6,7,8,9,14,27,31,34,80,81,98,102,104" machi="81" ten="40,12000,1" yaku="1,1,2,1,52,1,53,1" doraHai="21" doraHaiUra="99" who="1" fromWho="3" sc="250,0,160,130,340,0,240,-120" /><INIT seed="1,1,0,0,4,43" ten="250,290,340,120" oya="1" hai0="89,29,93,14,32,54,84,118,6,83,127,3,18" hai1="125,69,117,34,37,98,36,4,66,25,12,67,44" hai2="88,65,20,112,123,126,101,75,121,7,73,57,104" hai3="35,86,61,26,49,68,105,23,77,81,48,100,110"/><U40/><E117/><V79/><F126/><W9/><G110/><T8/><D118/><U52/><E36/><V108/><F108/><W131/><G131/><T63/><D127/><U97/><E125/><V28/><F7/><W115/><G115/><T47/><D63/><U124/><E124/><V19/><F112/><W130/><G130/><T55/><D93/><U31/><E52/><V71/><F71/><W1/><G9/><T91/><D91/><U59/><E59/><V64/><F101/><W133/><G1/><T17/><D17/><U106/><E69/><V0/><F0/><W53/><G133/><T50/><D32/><U13/><E13/><V45/><F28/><W33/><G33/><T113/><D29/><U114/><E114/><V62/><F104/><W74/><G74/><T119/><D113/><U135/><E135/><V42/><F65/><W78/><G78/><T95/><D119/><U129/><E129/><V87/><F79/><W21/><G35/><T134/><D134/><U2/><E2/><V41/><F41/><W120/><G120/><T27/><D27/><U107/><E107/><V22/><F123/><W102/><G105/><T109/><D109/><U94/><E106/><V128/><F128/><W99/><G68/><T51/><D3/><U132/><E98/><V116/><F116/><W46/><G61/><T90/><D6/><U10/><REACH who="1" step="1"/><E132/><REACH who="1" ten="250,280,340,120" step="2"/><V60/><F121/><W76/><G99/><N who="0" m="57839" /><D51/><U70/><E70/><V92/><F57/><W24/><G49/><T80/><D55/><U5/><E5/><V85/><F60/><W58/><G53/><RYUUKYOKU ba="1,1" sc="250,15,280,15,340,-15,120,-15" hai0="8,14,18,47,50,54,80,83,84,90" hai1="4,10,12,25,31,34,37,40,44,66,67,94,97" /><INIT seed="1,2,1,1,4,74" ten="265,295,325,105" oya="1" hai0="85,50,33,18,24,89,77,135,58,104,70,27,79" hai1="97,41,134,122,103,91,132,25,51,20,102,86,39" hai2="37,116,59,35,53,62,88,61,49,92,71,114,40" hai3="69,109,68,43,115,81,112,57,121,96,73,118,16"/><U44/><E122/><V31/><F116/><W26/><G121/><T14/><D70/><U7/><E7/><V42/><F114/><W127/><G118/><T76/><D104/><U98/><E39/><V125/><F125/><W1/><G1/><T38/><D38/><U130/><E130/><V107/><F107/><W106/><G127/><T47/><D33/><U17/><E97/><N who="2" m="57479" /><F71/><W93/><G69/><T120/><D58/><U0/><E0/><V101/><F35/><W119/><G68/><T108/><D108/><U30/><E30/><V36/><F36/><W22/><G119/><T28/><D28/><U100/><REACH who="1" step="1"/><E98/><REACH who="1" ten="265,285,325,105" step="2"/><V13/><F37/><W10/><G109/><T90/><D120/><U19/><E19/><V82/><F31/><W55/><G106/><T99/><D99/><U133/><E133/><V23/><F101/><W8/><G115/><T129/><D135/><U117/><E117/><V21/><F40/><W32/><G43/><N who="0" m="24959" /><D129/><U123/><E123/><V11/><F42/><W110/><G110/><T48/><D48/><U63/><E63/><V2/><F2/><W66/><G112/><T128/><D128/><U3/><E3/><V5/><F62/><W4/><G4/><T15/><D18/><U131/><E131/><V72/><F61/><N who="3" m="38191" /><G32/><T60/><D60/><U46/><E46/><V75/><F75/><W52/><G55/><T95/><D90/><U34/><E34/><V84/><F72/><W105/><G52/><T87/><D85/><U67/><E67/><V6/><F6/><W64/><G64/><T94/><D95/><AGARI ba="2,2" hai="17,20,25,41,44,51,86,91,95,100,102,103,132,134" machi="95" ten="40,2000,0" yaku="1,1,53,0" doraHai="74" doraHaiUra="113" who="1" fromWho="0" sc="265,-26,285,46,325,0,105,0" /><INIT seed="1,3,0,0,2,61" ten="239,331,325,105" oya="1" hai0="13,110,38,17,66,20,37,125,23,76,104,77,134" hai1="68,10,129,105,121,124,16,26,86,90,2,123,31" hai2="114,6,24,94,35,48,11,58,101,119,27,132,118" hai3="135,71,21,130,84,36,120,108,79,62,100,128,49"/><U22/><E105/><V93/><F132/><W54/><G100/><T53/><D104/><U28/><E68/><V65/><F114/><W88/><G120/><T116/><D116/><U42/><E42/><V87/><F35/><W117/><G135/><T57/><D134/><U3/><E90/><V52/><F118/><W40/><G117/><T5/><D110/><U113/><E86/><V127/><F127/><W99/><G108/><T126/><D5/><U103/><E103/><V60/><F119/><W81/><G21/><T39/><D23/><U45/><E45/><V59/><F87/><W91/><G36/><T74/><D66/><U19/><E113/><V78/><F78/><W33/><G33/><T96/><D96/><U122/><E124/><N who="0" m="47721" /><D74/><U12/><E129/><V98/><REACH who="2" step="1"/><F93/><REACH who="2" ten="239,331,315,105" step="2"/><W109/><G109/><T107/><D107/><U18/><REACH who="1" step="1"/><E19/><REACH who="1" ten="239,321,315,105" step="2"/><V56/><F56/><W80/><G84/><T106/><D106/><U97/><E97/><V111/><F111/><W8/><G99/><T43/><D57/><U44/><E44/><V133/><F133/><W67/><G130/><T46/><D46/><U25/><E25/><V32/><F32/><W34/><G34/><T102/><D17/><U73/><E73/><V82/><F82/><W131/><G131/><T47/><D47/><U4/><E4/><V1/><AGARI ba="3,2" hai="1,6,11,24,27,48,52,58,59,60,65,94,98,101" machi="1" ten="20,8000,1" yaku="1,1,0,1,7,1,52,1,54,1,53,0" doraHai="61" doraHaiUra="29" who="2" fromWho="2" sc="239,-23,321,-43,315,109,105,-23" /><INIT seed="2,0,0,3,4,28" ten="216,278,424,82" oya="2" hai0="48,88,102,74,103,82,80,49,56,105,32,30,23" hai1="111,37,126,52,35,21,95,65,70,13,15,84,64" hai2="116,110,1,75,16,4,129,101,53,5,50,114,27" hai3="55,76,128,90,135,108,99,93,79,67,107,59,124"/><V130/><F114/><W120/><G120/><T132/><D132/><U12/><E37/><V118/><F75/><W58/><G108/><T61/><D32/><U104/><E104/><V125/><F125/><W39/><G39/><T45/><D105/><U91/><E111/><V121/><F121/><W85/><G135/><T8/><D74/><U31/><E70/><V127/><F127/><W40/><G128/><T81/><D8/><U92/><E35/><V9/><F101/><W29/><G40/><T112/><D112/><U86/><E31/><V33/><F110/><W115/><G115/><T44/><D30/><U38/><E38/><V20/><F33/><W71/><G71/><T122/><D122/><U109/><E21/><V119/><F5/><W6/><G6/><T89/><D23/><U131/><E131/><V60/><F60/><W87/><G29/><T24/><D24/><U22/><E22/><V47/><AGARI ba="0,0" hai="1,4,9,16,20,27,47,50,53,116,118,119,129,130" machi="47" ten="40,3900,0" yaku="0,1,54,1" doraHai="28" who="2" fromWho="2" sc="216,-13,278,-13,424,39,82,-13" /><INIT seed="2,1,0,2,4,10" ten="203,265,463,69" oya="2" hai0="133,9,37,88,96,115,33,97,63,17,91,57,72" hai1="7,34,75,38,81,85,27,127,122,39,87,19,78" hai2="86,4,18,129,131,21,89,66,11,60,98,110,94" hai3="92,76,1,128,116,22,132,50,59,117,0,36,2"/><V70/><F110/><W109/><G36/><T103/><D115/><U44/><E7/><V121/><F121/><W49/><G76/><T31/><D37/><U95/><E127/><V53/><F53/><W14/><G109/><T64/><D72/><U125/><E125/><V30/><F30/><W69/><G69/><T82/><D133/><U134/><E122/><V99/><F129/><W77/><G128/><T68/><D68/><U62/><E134/><V102/><F102/><W107/><G107/><T112/><D112/><U100/><E62/><V80/><F80/><W54/><G132/><T45/><D45/><U65/><E65/><V47/><F47/><W61/><G77/><T55/><D33/><U118/><E118/><V16/><F18/><W20/><G92/><T83/><D31/><U93/><E34/><V6/><F6/><W123/><G123/><T3/><D3/><U130/><E130/><V15/><REACH who="2" step="1"/><F131/><REACH who="2" ten="203,265,453,69" step="2"/><W67/><G54/><T71/><D83/><U101/><E44/><V104/><F104/><W40/><G117/><T126/><D126/><U25/><E19/><V46/><F46/><N who="3" m="25799" /><G116/><T41/><D82/><U135/><E81/><V73/><F73/><W114/><G114/><T84/><D55/><U113/><E135/><V43/><F43/><W105/><G105/><T120/><D41/><U5/><E113/><V13/><AGARI ba="1,1" hai="4,11,13,15,16,21,60,66,70,86,89,94,98,99" machi="13" ten="20,18000,2" yaku="1,1,0,1,7,1,52,2,54,1,53,0" doraHai="10" doraHaiUra="42" who="2" fromWho="2" sc="203,-61,265,-61,453,193,69,-61" /><INIT seed="2,2,0,4,2,69" ten="142,204,646,8" oya="2" hai0="26,66,108,70,68,94,64,29,5,82,31,89,8" hai1="133,93,98,57,76,33,37,46,91,88,56,27,35" hai2="24,30,19,85,44,22,75,125,72,9,21,43,55" hai3="110,111,23,32,92,1,17,12,78,87,117,121,104"/><V52/><F125/><W116/><G104/><T0/><D108/><N who="3" m="41513" /><G78/><T107/><D107/><U128/><E133/><V123/><F123/><W102/><G102/><T71/><D82/><U131/><E76/><V49/><F49/><W50/><G87/><T10/><D10/><U106/><E91/><V38/><F38/><W25/><G92/><T16/><D16/><U13/><E13/><V4/><F4/><W130/><G50/><T129/><D129/><N who="1" m="49739" /><E106/><V113/><F113/><W99/><G99/><T47/><D47/><U58/><E27/><V60/><F60/><W63/><G63/><T28/><REACH who="0" step="1"/><D26/><REACH who="0" ten="132,204,646,8" step="2"/><U54/><E54/><V100/><F100/><W112/><G112/><T48/><D48/><U124/><E124/><V84/><F84/><AGARI ba="2,1" hai="0,5,8,28,29,31,64,66,68,70,71,84,89,94" machi="84" ten="50,1600,0" yaku="1,1,53,0" doraHai="69" doraHaiUra="101" who="0" fromWho="2" sc="132,32,204,0,646,-22,8,0" /><INIT seed="3,0,0,1,0,34" ten="164,204,624,8" oya="3" hai0="51,126,78,115,107,33,121,111,27,13,102,26,124" hai1="100,20,69,59,112,0,60,23,114,42,113,12,91" hai2="8,19,29,32,40,89,3,28,49,21,48,129,93" hai3="30,36,80,85,52,99,5,92,15,103,53,122,18"/><W6/><G122/><T67/><D121/><U87/><E0/><V66/><F66/><W120/><G36/><T134/><D78/><U10/><E69/><V24/><F24/><BYE who="2" /><N who="0" m="9258" /><D33/><U46/><E100/><V83/><F83/><W62/><G30/><T135/><D67/><U2/><E2/><V7/><F7/><N who="3" m="2571" /><G62/><T1/><D1/><U22/><E10/><V65/><F65/><W54/><G120/><T55/><D111/><U72/><E72/><V47/><F47/><W25/><G25/><T95/><D107/><U106/><E106/><V131/><F131/><W133/><G133/><N who="0" m="50699" /><D115/><U110/><E110/><V128/><F128/><W39/><G39/><T9/><D102/><U43/><E12/><UN n2="%6D%75%75%6D%75%72%61" /><V16/><F129/><W79/><G54/><T97/><D13/><U118/><E118/><V63/><F63/><W64/><G64/><T38/><D9/><AGARI ba="0,0" hai="9,15,18,52,53,79,80,85,92,99,103" m="2571" machi="9" ten="30,2900,0" yaku="8,1,54,1" doraHai="34" who="3" fromWho="0" sc="164,-29,204,0,624,0,8,29" /><INIT seed="3,1,0,4,1,9" ten="135,204,624,37" oya="3" hai0="50,40,56,4,132,79,33,14,118,122,95,87,108" hai1="75,23,53,106,61,100,43,35,93,81,126,117,45" hai2="133,31,112,70,85,8,131,26,24,130,22,21,72" hai3="78,58,71,57,27,54,74,15,55,0,5,83,51"/><W113/><G113/><T25/><D118/><U13/><E35/><V65/><F72/><W59/><G71/><T63/><D122/><U62/><E106/><V1/><F1/><W29/><G0/><T12/><D108/><U77/><E53/><V92/><F112/><W67/><G67/><T6/><D132/><U124/><E13/><N who="0" m="5225" /><D33/><U2/><E23/><V86/><F133/><W127/><G127/><N who="1" m="48682" /><E2/><V39/><F8/><W121/><G121/><T105/><D105/><U66/><E66/><V3/><F3/><W60/><G15/><T52/><D25/><U103/><E117/><V107/><F39/><W111/><G111/><T102/><D79/><U120/><E120/><V76/><F76/><W116/><G116/><T99/><D87/><U30/><E30/><V17/><F17/><W44/><REACH who="3" step="1"/><G5/><REACH who="3" ten="135,204,624,27" step="2"/><T94/><D4/><U41/><E75/><V88/><F65/><W18/><G18/><T47/><D6/><U80/><E77/><V34/><F70/><W10/><G10/><T129/><D129/><U16/><E16/><V69/><F130/><W7/><G7/><T114/><D114/><U64/><E64/><V19/><F131/><W135/><G135/><T49/><D95/><U134/><E93/><V89/><F69/><W28/><G28/><T36/><D36/><U110/><E134/><V101/><F107/><W123/><G123/><T97/><D94/><U98/><E110/><V90/><F19/><W109/><G109/><T115/><D115/><U128/><E128/><V37/><F92/><W46/><G46/><N who="0" m="27703" /><D102/><U42/><E103/><V82/><F101/><RYUUKYOKU ba="1,1" sc="135,15,204,-15,624,-15,27,15" hai0="40,47,50,56,63,97,99" hai3="27,29,44,51,54,55,57,58,59,60,74,78,83" /><INIT seed="3,2,1,2,3,44" ten="150,189,609,42" oya="3" hai0="103,110,29,35,7,11,91,53,38,33,46,40,36" hai1="75,43,55,101,4,67,132,78,116,47,16,79,23" hai2="74,133,42,12,54,30,50,102,57,105,80,19,128" hai3="49,129,115,5,113,24,32,70,121,13,120,94,117"/><W14/><G70/><T85/><D110/><U6/><E75/><V60/><F128/><W106/><G106/><T56/><D103/><U73/><E73/><V48/><F48/><W131/><G94/><T31/><D38/><U15/><E101/><V51/><F51/><W0/><G0/><T92/><D33/><U123/><E67/><V98/><F98/><W93/><G93/><T112/><D35/><U134/><E55/><V17/><F17/><W108/><G49/><T114/><D114/><N who="3" m="43529" /><G117/><T84/><D84/><U130/><E130/><N who="3" m="49674" /><G108/><T9/><D112/><U71/><E123/><N who="3" m="47178" /><G5/><T2/><D11/><U82/><E71/><V18/><F105/><W52/><G52/><T135/><D135/><U81/><E116/><V104/><F133/><N who="1" m="51305" /><E4/><V119/><F50/><AGARI ba="2,1" hai="2,7,9,29,31,36,40,46,50,53,56,85,91,92" machi="50" ten="30,2000,0" yaku="7,1,52,1" doraHai="44" who="0" fromWho="2" sc="150,36,189,0,609,-26,42,0" owari="186,-21.4,189,-1.1,583,68.3,42,-45.8" /></mjloggm>