<mjloggm ver="2.3"><GO type="225" lobby="0"/><UN n0="%72%61%6B%33" n1="%E5%8D%A0%E3%81%84%E5%B8%AB%E8%A3%8F%E3%81%AA%E3%81%84%E3%81%97" n2="%E6%B0%B7%E5%B7%9D%E9%87%8C%E5%A5%88" n3="%E3%82%B2%E3%82%B9%E8%8C%82%E5%8B%9D" dan="16,16,16,16" rate="2096.04,2141.57,2161.70,2060.46" sx="M,M,F,F"/><TAIKYOKU oya="0"/><INIT seed="0,0,0,5,4,120" ten="250,250,250,250" oya="0" hai0="25,73,61,7,27,100,121,41,108,77,122,5,21" hai1="59,105,15,30,113,9,118,16,67,8,19,117,128" hai2="103,11,1,66,48,111,54,125,24,69,20,84,106" hai3="91,78,76,114,65,107,129,4,33,133,127,110,18"/><T74/><D41/><U112/><E105/><V17/><F125/><W50/><G50/><T116/><D61/><U82/><E82/><V92/><F106/><W64/><G18/><T44/><D44/><U53/><E67/><V2/><F69/><W99/><G4/><T97/><D116/><N who="1" m="44651" /><E30/><V38/><F38/><W89/><G99/><T132/><D97/><U85/><E85/><V28/><F66/><W72/><G107/><T29/><D29/><U45/><E45/><V62/><F62/><W124/><G33/><T83/><D83/><U68/><E68/><V131/><F131/><W81/><G81/><T134/><D21/><N who="1" m="11423" /><E128/><V56/><F103/><W71/><G71/><T87/><D87/><U0/><E59/><V36/><F36/><W32/><G32/><T31/><D31/><U57/><E57/><V37/><F37/><W52/><G129/><T104/><D104/><U22/><E53/><V115/><F115/><N who="1" m="44105" /><E0/><V58/><F58/><W10/><G72/><T35/><D100/><U39/><E39/><V3/><F92/><W75/><G114/><T102/><D102/><U12/><AGARI ba="0,0" hai="8,9,12,19,22" m="44105,11423,44651" machi="12" ten="30,7900,0" yaku="11,1,34,2,54,1" doraHai="120" who="1" fromWho="1" sc="250,-39,250,79,250,-20,250,-20" /><INIT seed="1,0,0,0,5,17" ten="211,329,230,230" oya="1" hai0="75,116,36,4,40,83,64,89,67,132,58,90,125" hai1="47,24,85,111,37,55,92,121,18,33,8,131,118" hai2="14,9,77,66,79,123,134,39,41,32,113,20,57" hai3="26,122,78,88,91,27,19,5,108,96,61,10,76"/><U45/><E118/><V127/><F123/><W35/><G122/><T135/><D116/><U124/><E121/><V97/><F32/><W99/><G108/><T109/><D109/><U114/><E114/><V22/><F127/><W74/><G74/><T98/><D125/><U103/><E124/><V72/><F134/><W104/><G61/><T115/><D115/><U51/><E131/><V60/><F113/><W44/><G44/><T86/><D75/><U28/><E111/><V52/><F39/><W65/><G104/><T130/><D130/><U126/><E126/><V56/><F41/><W25/><G35/><T117/><D117/><U73/><E73/><V120/><F97/><N who="3" m="37451" /><G65/><T21/><D64/><U80/><E103/><V59/><F120/><W101/><G101/><T54/><D67/><U105/><E105/><V1/><F1/><W46/><G46/><T63/><D36/><U70/><E47/><V94/><F94/><W0/><G0/><T31/><D40/><U102/><E92/><V69/><F52/><W29/><G29/><T48/><D63/><U16/><E102/><V84/><F72/><W43/><G43/><T34/><D34/><U7/><E37/><V119/><F119/><W30/><G30/><T13/><D31/><U6/><E28/><V100/><F100/><W62/><G62/><T95/><D135/><U49/><E33/><V93/><F93/><W128/><G128/><T133/><D132/><U53/><E53/><V15/><F69/><W38/><G38/><T82/><D133/><U129/><E129/><V71/><F71/><W112/><G112/><RYUUKYOKU ba="0,0" sc="211,0,329,0,230,0,230,0" /><INIT seed="2,1,0,3,0,70" ten="211,329,230,230" oya="2" hai0="49,65,130,50,74,37,135,101,129,28,100,85,33" hai1="69,124,44,86,60,56,110,64,131,128,111,123,108" hai2="11,81,30,73,22,12,24,61,63,36,117,103,98" hai3="105,107,83,113,90,127,82,8,51,76,43,25,48"/><V27/><F117/><W31/><G127/><T87/><D65/><U78/><E124/><V47/><F27/><W126/><G126/><T57/><D57/><U7/><E7/><V23/><F23/><W9/><G113/><T6/><D6/><U10/><E10/><V62/><F73/><W125/><G125/><T134/><D74/><U112/><E112/><V40/><F81/><W66/><G66/><T95/><D95/><U4/><E4/><V15/><REACH who="2" step="1"/><F11/><REACH who="2" ten="211,329,220,230" step="2"/><W119/><G119/><T93/><D33/><U71/><E110/><V5/><F5/><W120/><G9/><T118/><D118/><U106/><E108/><V55/><F55/><W17/><G8/><T39/><D93/><AGARI ba="1,1" hai="12,15,22,24,30,36,40,47,61,62,63,93,98,103" machi="93" ten="40,3900,0" yaku="1,1,52,1,53,0" doraHai="70" doraHaiUra="32" who="2" fromWho="0" sc="211,-42,329,0,220,52,230,0" /><INIT seed="2,2,0,5,1,27" ten="169,329,272,230" oya="2" hai0="116,80,3,115,34,53,79,42,1,20,58,87,91" hai1="103,77,40,19,8,127,107,131,104,125,130,7,132" hai2="97,99,9,38,44,88,76,96,60,51,63,25,55" hai3="93,31,28,4,67,35,61,45,100,48,33,23,37"/><V119/><F119/><W78/><G37/><T81/><D34/><U83/><E19/><V56/><F76/><W46/><G78/><T120/><D120/><U112/><E40/><V95/><F38/><W64/><G4/><T128/><D115/><U69/><E69/><V106/><F106/><N who="1" m="40489" /><E103/><V36/><F36/><W21/><G100/><T133/><D116/><U134/><E112/><V110/><F110/><W90/><G48/><T94/><D128/><N who="1" m="49195" /><E8/><V85/><F9/><W124/><G124/><N who="1" m="47690" /><E7/><V6/><F6/><W117/><G117/><T105/><D133/><N who="1" m="51307" /><E77/><V114/><F114/><W11/><G11/><T29/><D105/><U41/><E41/><V49/><REACH who="2" step="1"/><F25/><REACH who="2" ten="169,329,262,230" step="2"/><W47/><G33/><T72/><D79/><U62/><E62/><V50/><F50/><W12/><G35/><T13/><D1/><U75/><E83/><V74/><F74/><AGARI ba="2,1" hai="74,75" m="51307,47690,49195,40489" machi="74" ten="40,32000,5" yakuman="39" doraHai="27" who="1" fromWho="2" paoWho="0" sc="169,-166,329,336,262,-160,230,0" /><INIT seed="3,0,0,0,4,5" ten="3,665,102,230" oya="3" hai0="40,19,105,44,33,54,28,52,87,113,127,80,22" hai1="115,20,79,13,121,9,108,93,45,23,42,47,132" hai2="59,96,90,2,56,99,134,72,97,92,100,68,11" hai3="14,131,55,17,109,124,36,10,74,104,39,102,77"/><W81/><G124/><T43/><D105/><U35/><E121/><V4/><F68/><W133/><G133/><T1/><D1/><U70/><E70/><V66/><F72/><W88/><G131/><T78/><D127/><U29/><E35/><V7/><F134/><W130/><G130/><T6/><D33/><U27/><E132/><V86/><F100/><W110/><G55/><T129/><D129/><U3/><E3/><V94/><F66/><W8/><G8/><T75/><D113/><U120/><E115/><V125/><F125/><W25/><G25/><T48/><D75/><U76/><E120/><V46/><F46/><N who="1" m="17417" /><E42/><V111/><F111/><N who="3" m="42507" /><G102/><T107/><D107/><U123/><E123/><V119/><F119/><W73/><G104/><T34/><D40/><U49/><E108/><V89/><F7/><W0/><G0/><T122/><D122/><U83/><E9/><V112/><F112/><W71/><G71/><T103/><D34/><U106/><E23/><V91/><F86/><N who="3" m="50255" /><G73/><T114/><D114/><U31/><E27/><V16/><F16/><W18/><G17/><T84/><D28/><U61/><E31/><V60/><F96/><W12/><G12/><N who="0" m="9575" /><D103/><U116/><E13/><V24/><F24/><W64/><G64/><T32/><D32/><U41/><E106/><V135/><F135/><W118/><G118/><T101/><D101/><U82/><E116/><V57/><F91/><W63/><G74/><T58/><D6/><U30/><E30/><V53/><AGARI ba="0,0" hai="2,4,11,53,56,57,59,60,89,90,92,94,97,99" machi="53" ten="20,5200,0" yaku="0,1,7,1,9,1,52,1" doraHai="5" who="2" fromWho="2" sc="3,-13,665,-13,102,52,230,-26" owari="-10,-51.0,652,75.2,154,-24.6,204,0.4" /></mjloggm>