<mjloggm ver="2.3"><GO type="225" lobby="0"/><UN n0="%6D%75%75%73%61%6E%6D%75" n1="%EF%BC%AE%EF%BC%A1%EF%BC%AF%33%33%39" n2="%E7%99%BD%E6%97%A5%E9%9B%AA%E8%8F%9C" n3="%E3%81%99%E3%81%84%E3%81%BE%E3%81%9B%E3%83%BC%E3%82%93" dan="16,17,17,18" rate="2120.30,2186.62,2223.18,2189.50" sx="F,M,M,M"/><TAIKYOKU oya="0"/><INIT seed="0,0,0,3,4,77" ten="250,250,250,250" oya="0" hai0="17,131,96,4,107,81,118,72,71,47,57,133,100" hai1="82,103,106,66,6,120,59,116,93,108,91,12,31" hai2="46,111,36,61,128,63,67,76,83,13,16,101,92" hai3="135,115,9,28,85,18,110,5,27,45,114,2,64"/><T53/><D118/><U0/><E116/><V15/><F111/><W75/><G75/><T88/><D71/><U68/><E120/><V99/><F13/><W19/><G110/><T1/><D131/><U48/><E0/><V125/><F125/><W89/><G135/><T43/><D133/><U38/><E38/><V30/><F30/><W22/><G64/><T21/><D4/><U56/><E31/><V117/><F117/><W40/><G115/><T126/><D1/><U69/><E69/><V41/><F67/><W65/><G65/><T10/><D10/><U44/><E106/><V87/><REACH who="2" step="1"/><F128/><REACH who="2" ten="250,250,240,250" step="2"/><W20/><G114/><T95/><D126/><U51/><E66/><V79/><F79/><W90/><G22/><AGARI ba="0,1" hai="15,16,22,36,41,46,61,63,76,83,87,92,99,101" machi="22" ten="30,7700,0" yaku="1,1,7,1,52,1,54,1,53,0" doraHai="77" doraHaiUra="60" who="2" fromWho="3" sc="250,0,250,0,240,87,250,-77" /><INIT seed="1,0,0,5,0,121" ten="250,250,327,173" oya="1" hai0="67,78,62,98,77,24,25,44,99,35,6,53,37" hai1="50,124,106,79,134,36,8,29,68,122,28,70,41" hai2="55,47,90,59,38,89,48,109,85,17,100,11,135" hai3="126,13,69,112,75,66,18,60,31,127,10,0,88"/><U4/><E122/><V74/><F74/><W72/><G112/><T120/><D120/><U87/><E106/><V39/><F135/><W108/><G0/><T93/><D6/><U111/><E36/><V43/><F100/><W92/><G31/><T49/><D37/><U32/><E134/><V5/><F17/><W61/><G61/><T40/><D40/><U125/><E79/><V129/><F129/><W58/><G69/><T83/><D78/><U101/><E101/><V34/><F34/><W14/><G13/><T95/><D98/><U33/><E87/><V103/><F103/><W9/><G9/><T65/><D65/><U2/><E50/><V117/><F117/><W105/><G105/><T80/><D80/><U15/><E41/><V56/><F56/><W42/><G42/><T132/><D35/><N who="1" m="13387" /><E68/><V64/><F64/><W130/><G130/><T26/><D99/><U86/><E86/><V22/><F22/><W128/><G128/><T115/><D132/><U12/><E70/><V104/><F104/><W19/><G19/><T96/><D96/><U82/><E82/><V30/><F38/><W71/><G71/><T45/><D115/><U91/><E91/><V116/><F90/><W118/><G118/><T107/><D107/><U3/><E3/><N who="2" m="447" /><F116/><W131/><G131/><T21/><D45/><U20/><E20/><V73/><F73/><W97/><G75/><N who="0" m="43455" /><D21/><U27/><E2/><V63/><F39/><W114/><G72/><T84/><D84/><U16/><E4/><V94/><F43/><W23/><G114/><T57/><D44/><U113/><E113/><RYUUKYOKU ba="0,0" sc="250,30,250,-10,327,-10,173,-10" hai0="24,25,26,49,53,57,62,67,93,95" /><INIT seed="2,1,0,0,3,88" ten="280,240,317,163" oya="2" hai0="51,78,105,102,70,39,4,134,128,112,12,57,42" hai1="33,79,111,69,95,81,50,72,65,3,89,127,68" hai2="61,17,21,96,22,6,27,34,54,122,59,7,11" hai3="120,118,19,87,107,124,58,93,55,60,53,52,64"/><V2/><F122/><W10/><G120/><T104/><D112/><U101/><E33/><V31/><F7/><W67/><G118/><T85/><D70/><U9/><E65/><V29/><F29/><W73/><G73/><T28/><D39/><U44/><E101/><V133/><F133/><W20/><G107/><T47/><D134/><U71/><E111/><V15/><REACH who="2" step="1"/><F96/><REACH who="2" ten="280,240,307,163" step="2"/><W86/><G124/><T115/><D28/><U100/><E127/><V46/><F46/><W41/><G41/><T0/><D47/><U56/><E44/><V30/><F30/><W121/><G121/><T108/><D4/><U106/><E3/><V62/><F62/><W66/><G10/><AGARI ba="1,1" hai="2,6,10,11,15,17,21,22,27,31,34,54,59,61" machi="10" ten="30,2900,0" yaku="1,1,7,1,53,0" doraHai="88" doraHaiUra="37" who="2" fromWho="3" sc="280,0,240,0,307,42,163,-32" /><INIT seed="2,2,0,0,5,1" ten="280,240,349,131" oya="2" hai0="23,88,31,12,92,80,34,111,25,100,85,27,127" hai1="37,22,6,128,15,96,26,3,129,2,66,121,59" hai2="76,93,86,28,90,108,135,91,20,112,32,47,53" hai3="103,29,65,97,64,57,46,106,7,43,54,30,122"/><V81/><F112/><W11/><G122/><T113/><D113/><U78/><E37/><V48/><F32/><W95/><G106/><T89/><D111/><U0/><E78/><V84/><F135/><W38/><G65/><T51/><D127/><U114/><E114/><V72/><F108/><W87/><G87/><T62/><D62/><U117/><E96/><V75/><REACH who="2" step="1"/><F76/><REACH who="2" ten="280,240,339,131" step="2"/><W99/><G64/><T74/><D34/><U14/><E66/><V73/><F73/><W116/><G116/><T120/><D74/><U68/><E117/><V67/><F67/><W50/><REACH who="3" step="1"/><G97/><REACH who="3" ten="280,240,339,121" step="2"/><T24/><D85/><U107/><E121/><V69/><F69/><W63/><G63/><T82/><D120/><U60/><E68/><V77/><F77/><W130/><G130/><T71/><D71/><U119/><E119/><V19/><F19/><W58/><G58/><T33/><D33/><U55/><E129/><V17/><F17/><W16/><G16/><T42/><D80/><U39/><E128/><V125/><F125/><W40/><G40/><T94/><D82/><U4/><E59/><V49/><F49/><W83/><G83/><T101/><D51/><U13/><E60/><V35/><F35/><W45/><G45/><T18/><D42/><U102/><E55/><V104/><F104/><W110/><G110/><T70/><D70/><U52/><E52/><V133/><F133/><W118/><G118/><T132/><D132/><U131/><E131/><V61/><F61/><W123/><G123/><T5/><D18/><U115/><E115/><V105/><F105/><W98/><G98/><RYUUKYOKU ba="2,2" sc="280,-15,240,-15,339,15,121,15" hai2="20,28,47,48,53,72,75,81,84,86,90,91,93" hai3="7,11,29,30,38,43,46,50,54,57,95,99,103" /><INIT seed="2,3,2,3,4,28" ten="265,225,354,136" oya="2" hai0="56,38,33,130,78,88,51,117,67,43,4,75,83" hai1="22,106,119,24,30,134,11,5,116,41,124,92,18" hai2="79,58,35,86,98,6,127,55,8,15,115,90,113" hai3="126,19,0,36,10,128,3,27,71,125,129,72,95"/><V17/><F127/><N who="3" m="48651" /><G71/><T23/><D33/><U29/><E106/><V81/><F35/><W135/><G36/><T109/><D38/><U132/><E41/><V91/><F6/><W66/><G66/><T26/><D109/><U47/><E47/><V62/><REACH who="2" step="1"/><F98/><REACH who="2" ten="265,225,344,136" step="2"/><W84/><G72/><T32/><D32/><U102/><E124/><V25/><F25/><W120/><G120/><T82/><D4/><U44/><E5/><V61/><F61/><W131/><G84/><T96/><D75/><U16/><E24/><V53/><F53/><W48/><G27/><T69/><D26/><U110/><E30/><V65/><F65/><W60/><G60/><T68/><D67/><U59/><E29/><V63/><F63/><W99/><G135/><T39/><D69/><U2/><E134/><V100/><F100/><N who="3" m="60543" /><G48/><T70/><D51/><U37/><E132/><V87/><F87/><W76/><G76/><T121/><D78/><U77/><E77/><V101/><F101/><W12/><AGARI ba="3,3" hai="0,3,10,12,19,128,129,131" m="60543,48651" machi="12" ten="40,2700,0" yaku="19,1,18,1" doraHai="28" who="3" fromWho="3" sc="265,-10,225,-10,344,-16,136,66" /><INIT seed="3,0,0,3,0,44" ten="255,215,328,202" oya="3" hai0="37,77,11,98,126,131,94,38,115,134,73,23,81" hai1="34,16,63,13,59,64,0,26,83,53,114,47,125" hai2="36,54,96,40,9,88,56,61,120,97,39,19,75" hai3="74,93,78,122,49,72,108,133,128,95,90,20,50"/><W42/><G122/><T8/><D126/><U84/><E114/><V103/><F75/><W52/><G128/><T5/><D131/><U27/><E0/><V71/><F71/><W10/><G133/><T80/><D134/><U86/><E34/><V41/><F39/><W130/><G130/><T35/><D35/><U55/><E125/><V113/><F36/><W87/><G108/><T109/><D109/><U116/><E116/><V76/><F76/><W15/><G78/><T29/><D8/><N who="1" m="6183" /><E86/><V62/><F62/><W123/><G123/><T25/><D80/><U17/><E17/><V68/><F68/><W3/><G3/><T117/><D117/><U121/><E121/><V119/><F113/><W57/><G95/><T33/><D33/><U118/><E118/><V58/><F19/><N who="3" m="10367" /><G10/><T102/><D115/><U127/><E127/><V65/><F9/><W89/><G89/><T66/><D66/><U18/><E18/><V12/><F88/><W7/><G7/><T46/><D46/><AGARI ba="0,0" hai="42,46,49,50,52,57,72,74,87,90,93" m="10367" machi="46" ten="30,11600,0" yaku="25,1,52,2,54,1" doraHai="44" who="3" fromWho="0" sc="255,-116,215,0,328,0,202,116" /><INIT seed="3,1,0,4,5,110" ten="139,215,328,318" oya="3" hai0="90,92,62,15,123,55,45,94,13,132,33,3,97" hai1="111,61,95,30,34,58,9,60,80,125,68,17,25" hai2="36,96,44,78,67,89,14,128,114,6,71,59,19" hai3="23,41,120,7,101,72,99,22,18,108,88,42,129"/><W21/><G120/><T35/><D123/><U32/><E111/><V75/><F114/><W134/><G108/><T79/><D3/><U5/><E125/><V65/><F6/><W126/><G126/><T0/><D0/><U133/><E133/><V70/><F128/><W28/><G72/><T83/><D132/><U2/><E32/><V105/><F78/><W38/><G38/><T112/><D35/><U12/><E68/><V49/><F75/><W86/><G7/><T73/><D33/><U24/><E24/><V91/><F36/><W117/><G117/><T54/><D54/><U122/><E122/><V87/><F71/><W56/><G56/><T53/><D53/><U37/><E37/><V8/><F70/><W127/><G129/><T130/><D130/><U104/><E104/><V50/><F105/><W66/><G66/><N who="2" m="25097" /><F59/><W10/><G28/><T124/><D124/><U16/><E17/><V121/><F121/><W103/><G134/><T115/><D92/><U109/><E109/><V69/><F69/><W40/><G99/><T107/><D107/><U27/><E27/><V113/><F113/><W116/><G116/><T31/><D31/><U106/><E106/><V102/><F102/><N who="3" m="38923" /><G127/><T84/><D73/><U20/><E58/><V85/><F96/><W29/><G29/><T4/><D62/><U77/><REACH who="1" step="1"/><E95/><REACH who="1" ten="139,205,328,318" step="2"/><N who="2" m="54703" /><F44/><W100/><G100/><T48/><REACH who="0" step="1"/><D15/><REACH who="0" ten="129,205,328,318" step="2"/><U76/><E76/><V47/><F47/><W26/><G26/><T57/><D57/><U11/><E11/><AGARI ba="1,2" hai="4,11,13,45,48,55,79,83,84,90,94,97,112,115" machi="11" ten="40,5200,0" yaku="1,1,52,2,53,0" doraHai="110" doraHaiUra="39" who="0" fromWho="1" sc="129,75,205,-55,328,0,318,0" owari="204,-19.6,150,-35.0,328,42.8,318,11.8" /></mjloggm>