<mjloggm ver="2.3"><GO type="225" lobby="0"/><UN n0="%48%61%61%61%6C%61%6E%64" n1="%E3%82%A2%E3%83%BC%E3%83%A2%E3%83%AD%E3%83%BC%E3%83%B4%E3%82%A1" n2="%E5%84%AA%40%41%42%43" n3="%E4%BA%95%E5%B8%AF" dan="18,16,17,16" rate="2243.96,2144.08,2149.89,2051.49" sx="M,M,M,M"/><TAIKYOKU oya="0"/><INIT seed="0,0,0,1,4,18" ten="250,250,250,250" oya="0" hai0="23,93,78,97,60,101,34,105,112,57,38,42,29" hai1="2,89,1,135,47,28,119,56,50,36,30,77,110" hai2="33,61,21,128,58,67,127,106,3,117,80,64,40" hai3="14,115,100,109,98,104,59,125,76,6,96,92,27"/><T31/><D112/><U48/><E119/><V52/><F33/><W22/><G115/><T44/><D34/><U19/><E36/><V13/><F3/><W46/><G109/><T99/><D78/><U94/><E110/><V12/><F106/><W15/><G125/><T51/><D38/><U114/><E114/><V88/><F127/><W7/><G76/><T130/><D130/><U45/><E77/><V43/><F128/><W41/><G59/><T75/><D75/><U118/><E118/><V72/><F72/><W116/><G116/><T95/><D105/><U133/><E56/><V126/><F126/><W17/><G7/><T24/><D31/><U87/><E19/><N who="2" m="10471" /><F13/><W132/><G6/><T65/><D95/><U102/><E102/><V54/><F54/><W73/><G132/><N who="1" m="50762" /><E30/><V35/><F35/><W81/><G81/><T123/><REACH who="0" step="1"/><D99/><REACH who="0" ten="240,250,250,250" step="2"/><U0/><E28/><V91/><F117/><W90/><REACH who="3" step="1"/><G73/><REACH who="3" ten="240,250,250,240" step="2"/><T121/><AGARI ba="0,2" hai="23,24,29,42,44,51,57,60,65,93,97,101,121,123" machi="121" ten="30,18000,2" yaku="1,1,2,1,0,1,25,2,52,1,53,1" doraHai="18" doraHaiUra="20" who="0" fromWho="0" sc="240,200,250,-60,250,-60,240,-60" /><INIT seed="0,1,0,5,2,103" ten="440,190,190,180" oya="0" hai0="93,8,26,98,18,24,33,94,91,87,135,54,52" hai1="123,27,57,13,59,63,117,37,55,82,92,23,131" hai2="15,39,68,106,71,53,80,12,41,50,7,61,124" hai3="105,85,51,75,35,134,65,30,70,38,86,19,116"/><T1/><D135/><U3/><E117/><V64/><F124/><W20/><G38/><T21/><D1/><U42/><E123/><V58/><F106/><W100/><G75/><T28/><REACH who="0" step="1"/><D8/><REACH who="0" ten="430,190,190,180" step="2"/><U108/><E3/><V62/><F7/><W31/><G134/><T5/><D5/><U4/><E4/><V6/><F6/><W112/><G116/><T128/><D128/><U122/><E131/><V119/><F119/><W9/><G9/><T126/><D126/><U89/><E122/><V81/><F12/><W32/><G112/><T125/><D125/><U120/><E13/><V133/><F15/><W10/><G10/><T25/><D25/><U109/><E120/><V29/><F133/><W17/><G35/><T11/><D11/><U2/><E27/><V127/><F127/><W36/><G32/><T111/><D111/><U47/><E2/><V115/><F115/><W79/><G20/><T66/><D66/><U34/><E23/><V88/><F29/><W40/><G65/><T0/><D0/><U132/><E34/><V74/><F71/><W22/><G70/><T113/><D113/><U44/><E132/><V46/><F74/><W16/><G22/><T110/><D110/><U56/><E108/><V67/><F67/><W114/><G31/><T130/><D130/><U99/><E109/><V90/><F62/><W72/><G30/><T83/><D83/><AGARI ba="1,1" hai="39,41,46,50,53,58,61,64,68,80,81,83,88,90" machi="83" ten="40,5200,0" yaku="24,2,54,1" doraHai="103" who="2" fromWho="0" sc="430,-55,190,0,190,65,180,0" /><INIT seed="1,0,0,0,5,42" ten="375,190,255,180" oya="1" hai0="133,123,113,91,98,122,59,69,131,132,27,16,32" hai1="135,99,105,94,114,46,85,111,56,10,15,55,126" hai2="97,134,106,130,35,104,51,38,72,71,125,112,45" hai3="53,103,89,20,41,62,57,34,36,74,23,58,40"/><U64/><E114/><V49/><RYUUKYOKU type="yao9" ba="0,0" sc="375,0,190,0,255,0,180,0" hai2="35,38,45,49,51,71,72,97,104,106,112,125,130,134" /><INIT seed="1,1,0,3,5,86" ten="375,190,255,180" oya="1" hai0="75,105,104,2,39,115,135,66,128,132,93,111,94" hai1="64,54,7,129,119,71,106,107,1,100,91,68,44" hai2="89,63,88,83,0,114,41,40,59,42,36,32,113" hai3="10,122,17,9,96,31,61,102,23,24,112,8,58"/><U15/><E119/><V97/><F32/><W69/><G112/><N who="2" m="43113" /><F0/><W120/><G69/><T5/><D115/><U125/><E1/><V56/><F36/><W22/><G22/><T133/><D111/><U30/><E30/><V117/><F117/><W21/><G21/><T70/><D128/><U116/><E116/><V20/><F83/><W90/><G31/><T16/><D39/><U98/><E106/><N who="0" m="41065" /><D75/><U101/><E125/><V108/><F108/><W74/><G74/><T78/><D78/><U73/><E100/><V34/><F34/><W60/><G102/><T45/><D45/><U127/><E127/><V51/><F97/><W35/><G35/><T52/><D2/><U38/><E73/><V80/><F80/><W26/><G26/><T134/><D134/><U50/><E129/><V3/><F3/><W14/><G14/><T47/><D135/><U48/><E38/><V72/><F72/><W28/><G28/><T46/><D133/><U121/><E121/><V131/><F131/><W85/><G96/><T62/><D132/><U37/><E37/><V27/><F51/><W99/><G99/><T87/><D87/><U4/><E50/><V65/><F56/><W95/><REACH who="3" step="1"/><G61/><REACH who="3" ten="375,190,255,170" step="2"/><T123/><D62/><N who="1" m="39959" /><E71/><V55/><F65/><AGARI ba="1,1" hai="8,9,10,17,23,24,58,60,65,85,90,95,120,122" machi="65" ten="40,2600,0" yaku="1,1,52,1,53,0" doraHai="86" doraHaiUra="130" who="3" fromWho="2" sc="375,0,190,0,255,-29,170,39" /><INIT seed="2,0,0,0,2,9" ten="375,190,226,209" oya="2" hai0="85,31,28,14,15,118,44,11,29,61,86,120,105" hai1="92,74,55,97,80,128,17,21,68,33,23,30,126" hai2="5,59,70,91,99,42,116,134,56,35,43,122,104" hai3="94,2,119,129,49,50,13,32,110,60,71,6,132"/><V96/><F35/><W16/><G119/><T51/><D120/><U117/><E117/><V108/><F116/><W66/><G110/><T112/><D118/><U77/><E128/><V101/><F70/><W10/><G132/><T64/><D105/><U135/><E135/><V25/><F122/><W26/><G129/><T69/><D112/><U125/><E68/><V0/><F134/><W107/><G107/><T48/><D48/><U22/><E55/><V54/><F108/><W19/><G94/><T3/><D3/><U41/><E41/><V67/><F67/><W81/><G81/><T130/><D130/><U1/><E1/><V88/><F0/><W115/><G19/><T102/><D102/><U111/><E111/><V87/><F5/><W84/><G84/><T40/><REACH who="0" step="1"/><D15/><REACH who="0" ten="365,190,226,209" step="2"/><U12/><E125/><V65/><F101/><W34/><G115/><T103/><D103/><U131/><E126/><V89/><F104/><W73/><G13/><T38/><D38/><U57/><E131/><V78/><F25/><W106/><G26/><T63/><D63/><U62/><E30/><V8/><F99/><W24/><G106/><T121/><D121/><U123/><E123/><V90/><F96/><W95/><G60/><T52/><D52/><U46/><E46/><V98/><F98/><W93/><G2/><T27/><D27/><U83/><E97/><V114/><F43/><W36/><G24/><T72/><D72/><U39/><E62/><V127/><F42/><W76/><G73/><T53/><D53/><U18/><E74/><V47/><N who="2" m="22528" /><DORA hai="4" /><V109/><F109/><RYUUKYOKU ba="0,1" sc="365,30,190,-10,226,-10,209,-10" hai0="11,14,28,29,31,40,44,51,61,64,69,85,86" /><INIT seed="3,1,1,3,4,118" ten="395,180,216,199" oya="3" hai0="24,55,25,117,121,116,79,120,70,57,38,59,11" hai1="78,74,134,122,130,124,31,65,45,101,106,28,66" hai2="8,93,27,86,52,126,34,10,1,2,18,80,15" hai3="96,30,51,75,76,23,46,63,21,9,94,135,3"/><W43/><G135/><T119/><D70/><U33/><E134/><V81/><F126/><W49/><G63/><T50/><D38/><U95/><E124/><V73/><F73/><W60/><G60/><T69/><D69/><U4/><E106/><V131/><F93/><W12/><G3/><T19/><D79/><U97/><E122/><V44/><F81/><W62/><G62/><T113/><D113/><U71/><E71/><V26/><F131/><W104/><G104/><T56/><D11/><U92/><E130/><V102/><F102/><W53/><G76/><T54/><D19/><U29/><E33/><V108/><F108/><W100/><G30/><T35/><D35/><U22/><E74/><V13/><F34/><W61/><G61/><T48/><D57/><U111/><E111/><V17/><F1/><W110/><G75/><T99/><D99/><N who="1" m="59623" /><E78/><N who="2" m="46359" /><F2/><W32/><G32/><T83/><D83/><U103/><E4/><V98/><F98/><W39/><G110/><T5/><D5/><U68/><E68/><V0/><F0/><W72/><G72/><T90/><D90/><U14/><E45/><V133/><F133/><W129/><G129/><T115/><D115/><U128/><E128/><V41/><F41/><W132/><G132/><T87/><D87/><U77/><E77/><V114/><F114/><W109/><G109/><T127/><D117/><U125/><E125/><AGARI ba="1,1" hai="24,25,48,50,54,55,56,59,116,119,120,121,125,127" machi="125" ten="25,6400,0" yaku="22,2,52,2" doraHai="118" who="0" fromWho="1" sc="395,77,180,-67,216,0,199,0" owari="472,57.2,113,-38.7,216,1.6,199,-20.1" /></mjloggm>