<mjloggm ver="2.3"><GO type="225" lobby="0"/><UN n0="%E3%81%B5%E3%81%98%E3%81%8B%E3%81%A4" n1="%E3%83%AD%E3%83%83%E3%83%86%E9%9B%80%E7%90%83" n2="%E6%A1%9C%E8%8A%B1%E9%96%83%E3%80%85" n3="%E8%B6%85%E7%B4%9A%E9%B3%B3%E5%87%B0" dan="16,16,16,17" rate="2178.31,2162.16,2155.39,2186.83" sx="M,M,M,F"/><TAIKYOKU oya="0"/><INIT seed="0,0,0,4,0,59" ten="250,250,250,250" oya="0" hai0="7,23,73,84,16,82,77,111,109,105,94,92,101" hai1="30,52,1,74,3,120,61,68,102,81,100,132,133" hai2="89,134,28,129,110,6,14,122,40,131,65,58,20" hai3="62,5,106,53,87,31,33,64,86,108,107,50,41"/><T49/><D7/><U48/><E120/><V36/><F122/><W123/><G123/><T18/><D49/><U88/><E30/><V91/><F110/><N who="0" m="41994" /><D105/><U99/><E74/><V43/><F134/><N who="1" m="51817" /><E68/><V116/><F116/><W119/><G108/><T63/><D63/><U118/><E118/><V115/><F115/><W95/><G119/><T79/><D23/><U96/><E96/><V26/><F129/><W56/><G5/><T130/><D130/><U97/><E97/><V51/><F51/><W113/><G113/><T34/><D34/><U112/><E112/><V71/><F6/><W37/><G31/><T46/><D46/><U24/><E24/><V121/><F26/><W45/><G33/><T17/><D101/><U125/><E102/><V10/><F28/><W67/><G67/><T103/><D103/><U44/><E61/><V114/><F114/><W0/><G0/><T8/><D8/><U75/><E75/><V54/><F10/><W127/><G107/><T4/><D4/><U39/><E1/><V55/><F131/><W29/><G106/><T15/><D15/><U135/><E3/><V72/><F72/><W35/><G35/><T85/><D73/><U69/><E100/><V13/><F14/><W32/><G32/><T90/><D79/><U27/><E27/><V124/><F13/><W57/><G29/><T66/><D66/><U80/><E135/><V60/><F65/><W21/><G21/><T117/><D117/><U83/><E48/><V70/><F20/><W2/><G2/><T93/><AGARI ba="0,0" hai="16,17,18,77,82,84,85,90,92,93,94" m="41994" machi="93" ten="40,7800,0" yaku="14,1,10,1,54,1" doraHai="59" who="0" fromWho="0" sc="250,78,250,-26,250,-26,250,-26" /><INIT seed="0,1,0,3,5,130" ten="328,224,224,224" oya="0" hai0="132,7,123,109,127,8,135,75,51,81,66,25,122" hai1="97,0,98,6,37,5,113,36,50,100,22,80,9" hai2="84,73,2,77,120,119,95,118,131,91,49,92,44" hai3="43,63,124,31,86,40,39,125,18,35,88,71,10"/><T101/><D66/><U108/><E108/><V59/><F120/><W56/><G71/><T64/><D64/><U79/><E113/><V115/><F115/><W3/><G31/><T60/><D60/><U13/><E50/><V47/><F2/><W89/><G35/><T69/><D69/><U85/><E98/><V102/><F131/><W76/><G76/><N who="0" m="44191" /><D109/><U29/><E6/><V27/><F27/><W112/><G112/><T24/><D51/><U54/><E54/><N who="2" m="32207" /><F73/><W12/><G3/><N who="0" m="127" /><D101/><U90/><E79/><V15/><F77/><W32/><G32/><T57/><D57/><U78/><E78/><V68/><F68/><W70/><G70/><T67/><D67/><U83/><E83/><V4/><F102/><W55/><G89/><T96/><D96/><U62/><E62/><V126/><F95/><W87/><G86/><T61/><D61/><U17/><REACH who="1" step="1"/><E29/><REACH who="1" ten="328,214,224,224" step="2"/><V65/><F65/><W34/><G63/><T74/><D127/><U19/><E19/><V93/><F126/><W42/><G125/><T14/><D74/><U116/><E116/><N who="2" m="44587" /><F93/><AGARI ba="1,1" hai="0,5,9,13,17,22,36,37,80,85,90,93,97,100" machi="93" ten="30,2000,0" yaku="1,1,7,1,53,0" doraHai="130" doraHaiUra="45" who="1" fromWho="2" sc="328,0,214,33,224,-23,224,0" /><INIT seed="1,0,0,0,0,77" ten="328,247,201,224" oya="1" hai0="88,48,65,9,19,107,106,52,130,31,122,92,109" hai1="61,62,3,58,54,47,75,21,76,4,127,24,23" hai2="83,115,59,135,82,53,132,66,112,118,0,134,15" hai3="111,67,25,57,121,125,64,90,131,123,114,128,43"/><U126/><E3/><V99/><F118/><W101/><G114/><N who="2" m="43561" /><F0/><W79/><G111/><T68/><D109/><U97/><E4/><V39/><F39/><W86/><G125/><N who="1" m="47626" /><E47/><V2/><F2/><W116/><G116/><T129/><D31/><U28/><E97/><V27/><F66/><W81/><G101/><T95/><D95/><U110/><E110/><V7/><F27/><W11/><G25/><T6/><D19/><U93/><E93/><V69/><F69/><W10/><G43/><T20/><D20/><N who="1" m="15367" /><E62/><N who="2" m="36207" /><F99/><W108/><G108/><T12/><D122/><U119/><E119/><V55/><F55/><W30/><G30/><T70/><D65/><N who="3" m="25161" /><G57/><N who="0" m="32903" /><D106/><U29/><E29/><V124/><F124/><W51/><G121/><T103/><D107/><U56/><E56/><V80/><F134/><W113/><G123/><T133/><D133/><U60/><E60/><V8/><AGARI ba="0,0" hai="7,8,15,80,82,83,132,135" m="36207,43561" machi="8" ten="40,8000,1" yaku="11,1,52,3" doraHai="77" who="2" fromWho="2" sc="328,-20,247,-40,201,80,224,-20" /><INIT seed="2,0,0,2,1,50" ten="308,207,281,204" oya="2" hai0="10,113,49,114,34,116,134,21,45,119,67,85,76" hai1="22,9,82,86,131,28,96,41,127,11,55,32,16" hai2="115,92,88,110,24,75,2,4,72,44,71,79,126" hai3="122,95,80,48,36,19,59,78,61,66,29,42,43"/><V102/><F115/><W117/><G117/><N who="0" m="45131" /><D34/><U104/><E127/><V46/><F126/><W125/><G125/><T73/><D134/><U1/><E131/><V98/><F71/><W57/><G122/><T120/><D120/><U6/><E41/><V23/><F110/><W99/><G29/><T121/><D121/><U100/><E11/><V103/><F2/><W81/><G19/><T65/><D73/><U118/><E118/><V60/><F4/><W108/><G108/><T38/><D38/><U31/><E55/><V58/><F75/><W51/><G36/><T130/><D130/><U89/><REACH who="1" step="1"/><E32/><REACH who="1" ten="308,197,281,204" step="2"/><V97/><F102/><W87/><G42/><N who="0" m="24759" /><D10/><U69/><E69/><V64/><F72/><W18/><G43/><T77/><D21/><U123/><E123/><V106/><REACH who="2" step="1"/><F79/><REACH who="2" ten="308,197,271,204" step="2"/><W27/><G78/><T53/><D77/><U94/><E94/><V83/><F83/><W74/><G74/><T128/><D128/><U39/><E39/><V107/><F107/><W91/><G95/><T101/><D101/><U105/><E105/><V14/><F14/><AGARI ba="0,2" hai="1,6,9,14,16,22,28,31,82,86,89,96,100,104" machi="14" ten="30,7700,0" yaku="1,1,7,1,54,1,53,1" doraHai="50" doraHaiUra="12" who="1" fromWho="2" sc="308,0,197,97,271,-77,204,0" /><INIT seed="3,0,0,4,4,109" ten="308,294,194,204" oya="3" hai0="107,3,117,62,84,122,135,40,113,45,33,30,44" hai1="36,8,20,25,90,47,106,13,130,82,2,9,89" hai2="17,66,54,29,63,87,42,101,116,128,58,23,112" hai3="0,100,81,64,61,103,14,94,124,125,4,16,95"/><W69/><G81/><T56/><D117/><U55/><E106/><V27/><F116/><W111/><G111/><T133/><D122/><U52/><E130/><V22/><F128/><W32/><G32/><T126/><D126/><N who="3" m="48745" /><G4/><T38/><D107/><U15/><E2/><V48/><F112/><W24/><G24/><N who="0" m="18631" /><D3/><U77/><E36/><V79/><F101/><N who="3" m="38987" /><G0/><T50/><D84/><N who="1" m="50327" /><E90/><V1/><F1/><W67/><G67/><N who="0" m="39367" /><D113/><U43/><E77/><V99/><F99/><W93/><G93/><T10/><D10/><AGARI ba="0,0" hai="10,14,16,61,64,69,94,95" m="38987,48745" machi="10" ten="30,2900,0" yaku="18,1,54,1" doraHai="109" who="3" fromWho="0" sc="308,-29,294,0,194,0,204,29" /><INIT seed="3,1,0,2,5,9" ten="279,294,194,233" oya="3" hai0="113,91,118,101,63,75,23,47,127,54,114,72,81" hai1="17,43,44,79,131,90,84,26,11,70,41,93,48" hai2="50,133,27,68,25,73,22,49,78,88,65,60,111" hai3="98,5,76,0,74,85,71,103,56,125,58,30,55"/><W39/><G71/><T1/><D1/><U31/><E70/><V64/><F111/><W126/><G39/><T110/><D110/><U96/><E131/><V35/><F133/><W32/><G74/><T21/><D118/><U92/><E43/><V134/><F134/><W77/><G0/><T124/><D101/><U20/><E79/><N who="3" m="30282" /><G5/><T112/><D91/><N who="1" m="53351" /><E11/><V62/><F35/><W37/><G37/><T135/><D135/><U16/><AGARI ba="1,0" hai="16,17,20,26,31,41,44,48,90,93,96" m="53351" machi="16" ten="30,2000,0" yaku="8,1,54,1" doraHai="9" who="1" fromWho="1" sc="279,-6,294,23,194,-6,233,-11" owari="273,7.3,317,41.7,188,-31.2,222,-17.8" /></mjloggm>