<mjloggm ver="2.3"><GO type="225" lobby="0"/><UN n0="%48%61%61%61%6C%61%6E%64" n1="%73%75%7A%75%6D%65%33" n2="%6D%75%75%6D%75%72%61" n3="%E6%A1%9C%E8%8A%B1%E9%96%83%E3%80%85" dan="17,17,16,18" rate="2232.37,2197.06,2138.24,2269.71" sx="M,M,F,M"/><TAIKYOKU oya="0"/><INIT seed="0,0,0,3,4,31" ten="250,250,250,250" oya="0" hai0="18,90,13,108,48,93,33,50,12,95,14,36,69" hai1="22,37,98,77,131,28,115,118,91,20,52,54,124" hai2="130,15,58,96,59,84,111,0,126,23,135,134,49" hai3="11,17,47,127,81,117,40,80,34,99,3,87,24"/><T65/><D36/><U82/><E118/><V73/><F73/><W76/><G117/><T2/><D2/><U100/><E115/><V107/><F0/><W19/><G127/><T4/><D4/><U109/><E124/><V9/><F126/><W104/><G81/><T56/><D108/><U128/><E37/><V66/><F111/><W101/><G3/><T79/><D69/><U83/><E91/><V74/><F74/><W39/><REACH who="3" step="1"/><G11/><REACH who="3" ten="250,250,250,240" step="2"/><T89/><D79/><U5/><E109/><V46/><F9/><W55/><G55/><T121/><D121/><U45/><E83/><V71/><F134/><W35/><G35/><T75/><D33/><U68/><E54/><V88/><F135/><W41/><G41/><T62/><D75/><U10/><E52/><V42/><F42/><W102/><G102/><T60/><D90/><U133/><E10/><V1/><F1/><W38/><G38/><T67/><D89/><U120/><E82/><V86/><F88/><W70/><G70/><T97/><D97/><U26/><E68/><V21/><F71/><W92/><G92/><T63/><D95/><U32/><E77/><V119/><F96/><W110/><G110/><T114/><D93/><U8/><E133/><V103/><F103/><W61/><G61/><N who="0" m="23659" /><D114/><U29/><E120/><V64/><F119/><W123/><G123/><T85/><D85/><U44/><E32/><V30/><F86/><W94/><G94/><T43/><D43/><U132/><E132/><V53/><F84/><W78/><G78/><T113/><N who="0" m="23667" /><T72/><DORA hai="27" /><D113/><U105/><E98/><RYUUKYOKU ba="0,1" sc="250,-10,250,-10,250,-10,240,30" hai3="17,19,24,34,39,40,47,76,80,87,99,101,104" /><INIT seed="1,1,1,3,1,54" ten="240,240,240,270" oya="1" hai0="125,97,116,81,70,76,6,129,132,86,63,45,32" hai1="64,80,131,75,87,27,41,77,71,106,36,18,9" hai2="69,79,133,72,115,124,93,88,37,102,78,11,73" hai3="21,23,66,34,89,48,7,67,57,39,10,56,24"/><U16/><E106/><V117/><F37/><W42/><G39/><T103/><D116/><U2/><E131/><V40/><F40/><W110/><G34/><T3/><D129/><U5/><E27/><V95/><F69/><W26/><G110/><T104/><D125/><U14/><E87/><N who="2" m="52383" /><F11/><W127/><G127/><T38/><D32/><U92/><E92/><V52/><F52/><N who="3" m="31751" /><G42/><T112/><D70/><U83/><E83/><N who="2" m="45511" /><F124/><W29/><G89/><T128/><D128/><U121/><E121/><V98/><F117/><W8/><G7/><T15/><D6/><U50/><E50/><V0/><F0/><W13/><G13/><T108/><D15/><U123/><E123/><V126/><F126/><W31/><G67/><T119/><D119/><U111/><E111/><V1/><F1/><W101/><G101/><T55/><D3/><U134/><E14/><V60/><F133/><W28/><G28/><T49/><D132/><U96/><E134/><V135/><F135/><W62/><AGARI ba="1,1" hai="8,10,21,23,24,26,29,31,57,62,66" m="31751" machi="62" ten="30,7900,0" yaku="8,1,52,2,54,1" doraHai="54" who="3" fromWho="3" sc="240,-21,240,-40,240,-21,270,92" /><INIT seed="2,0,0,1,3,49" ten="219,200,219,362" oya="2" hai0="7,62,61,46,14,79,70,135,69,109,106,95,67" hai1="73,57,34,21,23,122,47,85,33,110,101,58,107" hai2="113,91,24,25,60,30,22,93,119,94,81,71,128" hai3="4,10,132,76,118,65,102,68,59,96,16,129,50"/><V63/><F113/><W32/><G32/><T6/><D106/><U108/><E73/><V37/><F37/><W55/><BYE who="2" /><G118/><T56/><D109/><N who="1" m="42091" /><E85/><V117/><F117/><W116/><G116/><UN n2="%6D%75%75%6D%75%72%61" /><T17/><D135/><U19/><E47/><V130/><F119/><W38/><G132/><T12/><D79/><U83/><E83/><V88/><F81/><W5/><G38/><T87/><D46/><U74/><E74/><V66/><F22/><N who="1" m="8201" /><E19/><V114/><F114/><W72/><G16/><T123/><D17/><U131/><E131/><V90/><F30/><W26/><G129/><N who="2" m="49769" /><F63/><W11/><G72/><T45/><D61/><U111/><N who="1" m="42099" /><U127/><DORA hai="1" /><E127/><V35/><F35/><N who="1" m="13321" /><E122/><V54/><F54/><W105/><G76/><T92/><D123/><U125/><E125/><V97/><F91/><W31/><G55/><T28/><D62/><U13/><E13/><V42/><F42/><W104/><G65/><T77/><D67/><U9/><E9/><V0/><F0/><W64/><G11/><T39/><D12/><U98/><AGARI ba="0,0" hai="57,58,98,101,107" m="13321,8201,42099" machi="98" ten="50,1600,0" yaku="14,1" doraHai="49,1" who="1" fromWho="1" sc="219,-4,200,16,219,-8,362,-4" /><INIT seed="3,0,0,2,0,49" ten="215,216,211,358" oya="3" hai0="13,32,33,90,41,1,50,116,119,43,101,26,47" hai1="133,19,38,29,70,135,63,80,28,16,62,85,75" hai2="57,10,126,86,34,39,79,105,108,96,132,88,30" hai3="3,106,53,48,77,118,4,11,45,40,15,66,87"/><W71/><G106/><T73/><D1/><U35/><E75/><V114/><F114/><W95/><G3/><T94/><D73/><U68/><E38/><V97/><F39/><W98/><G118/><T24/><D101/><U5/><E5/><V61/><F105/><W111/><G111/><T82/><D82/><U58/><E70/><V2/><F108/><W89/><G71/><T99/><D116/><U23/><E35/><V31/><F34/><W72/><G66/><T6/><D32/><U112/><E68/><V130/><F79/><W78/><G72/><T122/><D122/><U107/><E107/><V7/><F126/><W54/><G98/><T14/><D119/><U12/><E19/><V93/><F130/><W100/><G100/><T129/><D129/><U25/><E112/><V52/><REACH who="2" step="1"/><F132/><REACH who="2" ten="215,216,201,358" step="2"/><W60/><G78/><T103/><D33/><U74/><E135/><V69/><F69/><W20/><G77/><T115/><D115/><U67/><E133/><V55/><F55/><W59/><G53/><N who="0" m="29919" /><D103/><U51/><E74/><V64/><F64/><W27/><G54/><T123/><D123/><U109/><E109/><V8/><F8/><W102/><G102/><T18/><D41/><U44/><E63/><V84/><F84/><W113/><G87/><T17/><D43/><N who="1" m="24991" /><E25/><N who="0" m="9833" /><D6/><U125/><E125/><V56/><F56/><W65/><G59/><T117/><D117/><U121/><E121/><V76/><F76/><AGARI ba="0,1" hai="12,16,23,28,29,58,62,67,76,80,85" m="24991" machi="76" ten="30,2000,0" yaku="8,1,54,1" doraHai="49" who="1" fromWho="2" sc="215,0,216,30,201,-20,358,0" owari="215,-18.5,246,4.6,181,-31.9,358,45.8" /></mjloggm>