<mjloggm ver="2.3"><GO type="225" lobby="0"/><UN n0="%E3%82%82%E3%81%90%E3%82%89" n1="%E3%81%86%E3%81%86%E3%82%84%61%62" n2="%E4%B8%AD%E5%B9%B4%E3%81%AE%E5%8D%B1%E6%A9%9F" n3="%74%61%6B%75%61%6B%61" dan="16,16,17,17" rate="2188.58,2039.51,2163.50,2221.06" sx="M,M,M,M"/><TAIKYOKU oya="0"/><INIT seed="0,0,0,2,0,61" ten="250,250,250,250" oya="0" hai0="101,87,113,74,106,117,83,50,124,126,92,62,22" hai1="7,46,4,70,65,26,122,115,0,16,29,135,103" hai2="80,8,24,37,107,63,96,75,118,66,125,11,18" hai3="9,119,12,89,114,60,40,67,5,30,90,88,76"/><T10/><D117/><U17/><E122/><V69/><F118/><W128/><G119/><T42/><D113/><U100/><E115/><V95/><F37/><W3/><G114/><T94/><D22/><U55/><E70/><V104/><F125/><N who="0" m="48234" /><D74/><U43/><E55/><V134/><F134/><W14/><G128/><T131/><D131/><U38/><E65/><V36/><F36/><W120/><G120/><T64/><D10/><U35/><E135/><V97/><F24/><W127/><G127/><T129/><D129/><U78/><E78/><V58/><F69/><W57/><G30/><T99/><D42/><U59/><E59/><V39/><F39/><W77/><G40/><T68/><D50/><U2/><E2/><V73/><F73/><W41/><G41/><T19/><D19/><U105/><E0/><V112/><F112/><W1/><G1/><T47/><D47/><U121/><E121/><V79/><F18/><W25/><REACH who="3" step="1"/><G25/><REACH who="3" ten="250,250,250,240" step="2"/><T28/><D28/><U54/><E26/><V111/><F111/><W72/><G72/><T31/><D31/><U27/><E29/><V82/><F75/><W133/><G133/><T34/><D34/><U15/><E27/><V132/><F132/><W13/><AGARI ba="0,1" hai="3,5,9,12,13,14,57,60,67,76,77,88,89,90" machi="13" ten="30,8000,1" yaku="1,1,0,1,52,1,54,1,53,1" doraHai="61" doraHaiUra="56" who="3" fromWho="3" sc="250,-40,250,-20,250,-20,240,90" /><INIT seed="1,0,0,3,1,48" ten="210,230,230,330" oya="1" hai0="67,112,7,82,53,95,133,27,55,91,4,65,80" hai1="128,129,64,62,26,122,58,101,15,34,84,98,2" hai2="19,117,87,106,3,18,96,125,41,31,121,108,42" hai3="21,71,5,85,86,69,72,56,36,111,39,17,63"/><U10/><E122/><V105/><F87/><W102/><G72/><T114/><D27/><U11/><E2/><V30/><F3/><W6/><G102/><T107/><D95/><U43/><E43/><N who="2" m="16395" /><F96/><W61/><G56/><T130/><D130/><N who="1" m="50283" /><E84/><V94/><F94/><W37/><G37/><T77/><D91/><U20/><E15/><V110/><F121/><W93/><G93/><T8/><D133/><U89/><E34/><V97/><F97/><W38/><G38/><T83/><D83/><U79/><E89/><V50/><F117/><W32/><G32/><T103/><D103/><U74/><E79/><V60/><F50/><W68/><G85/><T113/><D113/><U76/><E76/><V47/><F47/><W12/><G86/><T24/><D24/><U81/><E81/><V22/><F60/><W99/><G61/><T16/><D77/><U40/><E40/><V75/><F22/><W131/><G63/><T88/><D88/><U116/><E74/><V25/><F25/><W57/><G131/><T0/><D0/><U132/><E116/><V120/><F120/><W9/><G99/><T78/><D78/><U54/><E98/><V118/><F75/><W49/><G36/><T45/><D107/><N who="2" m="40970" /><F118/><W92/><G39/><T119/><D119/><U90/><E90/><V109/><F125/><W104/><G104/><T29/><D45/><U51/><E101/><V70/><F70/><W28/><G71/><T127/><D127/><U135/><E20/><V123/><F123/><W134/><G21/><T33/><D33/><U13/><E26/><V73/><F73/><RYUUKYOKU ba="0,0" sc="210,-10,230,-10,230,30,330,-10" hai2="18,19,30,31,108,109,110" /><INIT seed="2,1,0,5,0,121" ten="200,220,260,320" oya="2" hai0="102,69,115,21,51,37,49,82,114,96,130,39,132" hai1="100,13,23,97,59,122,60,25,15,116,11,83,0" hai2="126,28,50,68,124,32,119,98,92,127,10,123,134" hai3="12,45,26,52,113,63,33,117,77,36,43,107,89"/><V110/><F123/><W86/><G117/><T47/><D69/><U111/><E116/><V1/><F68/><W46/><G107/><T81/><D130/><U9/><E0/><V75/><F75/><W3/><G3/><T88/><D132/><U90/><E122/><V44/><F119/><W131/><G131/><T6/><D6/><U78/><E90/><V93/><F134/><W80/><G113/><T95/><D114/><U66/><E111/><V85/><F110/><W118/><G118/><T34/><D34/><U64/><E64/><V79/><F1/><W62/><G12/><T73/><D115/><U65/><E66/><V101/><F10/><W27/><G77/><T5/><D5/><U35/><E35/><V4/><F4/><W30/><REACH who="3" step="1"/><G26/><REACH who="3" ten="200,220,260,310" step="2"/><T8/><D73/><U76/><E15/><V133/><F133/><W38/><G38/><T112/><D39/><U99/><E13/><V54/><F79/><W108/><G108/><T67/><D37/><U91/><E78/><V18/><F18/><W48/><AGARI ba="1,1" hai="27,30,33,36,43,45,46,48,52,62,63,80,86,89" machi="48" ten="30,4000,0" yaku="1,1,0,1,54,1,53,0" doraHai="121" doraHaiUra="120" who="3" fromWho="3" sc="200,-11,220,-11,260,-21,310,53" /><INIT seed="3,0,0,0,1,7" ten="189,209,239,363" oya="3" hai0="20,116,34,61,15,99,57,59,2,121,102,17,36" hai1="42,31,56,78,13,22,10,19,122,21,62,114,113" hai2="125,68,124,80,65,108,5,29,127,111,48,27,98" hai3="51,16,73,93,90,58,41,43,75,1,115,24,30"/><W33/><G1/><T109/><D109/><N who="2" m="42058" /><F5/><W100/><G115/><T89/><D116/><U66/><E122/><V6/><F6/><W92/><G100/><T94/><D121/><U83/><E42/><V50/><F98/><W9/><G93/><T55/><D2/><U72/><E31/><V23/><F80/><W123/><G123/><T14/><D34/><U47/><E47/><V76/><F76/><W54/><G73/><T130/><D36/><U126/><E126/><V128/><F128/><W39/><G39/><T91/><D130/><U38/><E38/><V82/><F82/><W25/><G75/><T88/><D59/><U11/><E22/><V134/><F134/><W45/><G58/><T12/><AGARI ba="0,0" hai="12,14,15,17,20,55,57,61,88,89,91,94,99,102" machi="12" ten="30,4000,0" yaku="0,1,8,1,54,1" doraHai="7" who="0" fromWho="0" sc="189,40,209,-10,239,-10,363,-20" owari="229,2.9,199,-30.1,229,-17.1,343,44.3" /></mjloggm>