<mjloggm ver="2.3"><GO type="225" lobby="0"/><UN n0="%E3%81%A4%E3%81%A3%E3%81%B1%E3%82%8A%E3%83%9D%E3%83%BC%E3%83%AB" n1="%E6%97%A5%E6%9B%9C%E6%97%A5%E3%82%88%E3%82%8A%E3%81%AE%E4%BD%BF%E8%80%85" n2="%E3%81%A9%E3%82%93%E3%82%88%E3%81%8F%4D%6B%2E%32" n3="%6D%75%75%73%61%6E%6D%75" dan="16,16,16,16" rate="2171.18,2086.59,2157.29,2127.51" sx="M,M,M,F"/><TAIKYOKU oya="0"/><INIT seed="0,0,0,4,2,42" ten="250,250,250,250" oya="0" hai0="131,126,120,48,135,49,107,124,82,32,17,18,99" hai1="66,134,121,93,67,16,29,56,9,78,20,0,5" hai2="86,50,14,46,114,51,22,88,62,28,40,15,83" hai3="1,98,129,80,103,85,108,104,102,128,31,55,63"/><T75/><D120/><U116/><E121/><V109/><F109/><W90/><G1/><T71/><D71/><U23/><E116/><V6/><F114/><W26/><G108/><T84/><D32/><U61/><E134/><V11/><F62/><W106/><G63/><T35/><D35/><U105/><E105/><V24/><REACH who="2" step="1"/><F51/><REACH who="2" ten="250,250,240,250" step="2"/><W122/><G122/><T97/><D49/><U92/><E67/><V52/><F52/><W13/><G55/><T36/><D48/><U2/><E66/><V44/><F44/><W57/><G57/><T38/><D135/><U130/><E56/><V4/><F4/><W76/><G128/><T7/><D131/><U127/><E61/><V111/><F111/><W101/><G129/><T45/><D7/><U47/><E47/><V19/><F19/><N who="0" m="7178" /><D45/><U69/><E130/><V112/><F112/><W10/><G106/><T58/><D58/><U94/><E69/><V81/><F81/><W60/><G60/><T110/><D110/><U96/><E5/><V118/><F118/><W95/><G104/><T3/><D107/><U73/><E16/><V77/><F77/><W33/><G76/><N who="0" m="44319" /><D38/><U59/><E78/><V64/><F64/><W53/><G53/><T87/><D36/><U41/><E59/><V113/><F113/><W133/><G133/><T72/><D72/><U27/><E41/><V74/><F74/><W132/><G132/><T89/><D126/><U34/><E73/><V79/><F79/><W100/><G13/><AGARI ba="0,1" hai="6,11,13,14,15,22,24,28,40,46,50,83,86,88" machi="13" ten="30,8000,1" yaku="1,1,7,1,8,1,52,1,54,1,53,0" doraHai="42" doraHaiUra="119" who="2" fromWho="3" sc="250,0,250,0,240,90,250,-80" /><INIT seed="1,0,0,4,1,83" ten="250,250,330,170" oya="1" hai0="6,72,70,131,110,59,49,92,37,4,27,123,129" hai1="39,108,91,79,74,26,57,104,19,82,65,113,85" hai2="47,84,23,1,111,42,122,105,127,120,66,5,55" hai3="32,15,99,118,116,12,10,60,9,8,93,14,18"/><U81/><E113/><V33/><F105/><W41/><G32/><T16/><D70/><U58/><E39/><V7/><F33/><W132/><G132/><T21/><D37/><U11/><E104/><V103/><F103/><W63/><G41/><T126/><D72/><U109/><E65/><V62/><F127/><W76/><G76/><T115/><D115/><U40/><E40/><V20/><F55/><W50/><G50/><T3/><D3/><U35/><E11/><V67/><F111/><N who="1" m="42569" /><E19/><V30/><F67/><W77/><G77/><T114/><D114/><U112/><E112/><V130/><F130/><N who="0" m="49674" /><D110/><U78/><E78/><V95/><F30/><AGARI ba="0,0" hai="26,30,35,57,58,74,79,81,82,85,91" m="42569" machi="30" ten="30,5800,0" yaku="14,1,10,1,52,1" doraHai="83" who="1" fromWho="2" sc="250,0,250,58,330,-58,170,0" /><INIT seed="1,1,0,3,2,79" ten="250,308,272,170" oya="1" hai0="41,33,124,91,65,75,67,28,7,59,135,35,1" hai1="34,20,127,37,76,48,83,94,102,63,60,5,133" hai2="120,134,54,42,11,50,117,93,66,12,55,45,100" hai3="22,121,74,25,84,95,112,82,24,89,13,31,69"/><U118/><E118/><V96/><F120/><W105/><G121/><T21/><D75/><U4/><E34/><V81/><F117/><W14/><G112/><T86/><D135/><U56/><E37/><V3/><F3/><W18/><G105/><T16/><D124/><U44/><E127/><V62/><F134/><W111/><G69/><T126/><D126/><U6/><E133/><V38/><F38/><W23/><G111/><T99/><D41/><U68/><E68/><V109/><F109/><W88/><REACH who="3" step="1"/><G74/><REACH who="3" ten="250,308,272,160" step="2"/><T131/><D131/><U114/><E114/><V98/><F98/><AGARI ba="1,1" hai="13,14,18,22,23,24,25,31,82,84,88,89,95,98" machi="98" ten="30,12000,2" yaku="1,1,2,1,7,1,8,1,52,1,54,1,53,0" doraHai="79" doraHaiUra="39" who="3" fromWho="2" sc="250,0,308,0,272,-123,160,133" /><INIT seed="2,0,0,4,4,53" ten="250,308,149,293" oya="2" hai0="104,3,14,70,116,79,2,46,25,41,105,42,86" hai1="51,123,65,19,120,12,84,43,10,72,110,54,22" hai2="117,114,112,61,80,30,69,26,127,32,33,67,133" hai3="74,94,77,122,55,118,17,27,88,96,75,13,103"/><V39/><F117/><W44/><G118/><T81/><D70/><U0/><E72/><V93/><F127/><W38/><G122/><N who="1" m="46634" /><E110/><V49/><F39/><W23/><G77/><T73/><D116/><U78/><E65/><V24/><F133/><W131/><G131/><T20/><D41/><U134/><E134/><V8/><F93/><W18/><G38/><T71/><D71/><U56/><E43/><V135/><F135/><W121/><G121/><T100/><D73/><U7/><E84/><V68/><F68/><W62/><G103/><T31/><D14/><N who="1" m="9591" /><E78/><V107/><F107/><W102/><G102/><T28/><D28/><U101/><E101/><V66/><F66/><W60/><G75/><T92/><D92/><U87/><E87/><V128/><F128/><W36/><G74/><T1/><REACH who="0" step="1"/><D100/><REACH who="0" ten="240,308,149,293" step="2"/><U125/><E125/><V132/><F132/><W6/><G36/><AGARI ba="0,1" hai="1,2,3,20,25,31,36,42,46,79,81,86,104,105" machi="36" ten="40,2600,0" yaku="1,1,2,1,53,0" doraHai="53" doraHaiUra="97" who="0" fromWho="3" sc="240,36,308,0,149,0,293,-26" /><INIT seed="3,0,0,5,0,62" ten="276,308,149,267" oya="3" hai0="50,81,46,5,29,21,89,20,38,49,98,41,75" hai1="113,119,108,67,35,34,18,74,69,9,92,124,94" hai2="66,82,17,44,85,132,61,22,57,123,3,48,76" hai3="25,1,112,77,72,4,118,28,19,40,8,60,104"/><W42/><G112/><T109/><D109/><U101/><E74/><V95/><F132/><W56/><G118/><T116/><D116/><U135/><E113/><V7/><F123/><W70/><G104/><T55/><D75/><U10/><E69/><V27/><F3/><W36/><G70/><T103/><D5/><U115/><E67/><V65/><F7/><W11/><G36/><T88/><D38/><U84/><E119/><V30/><F95/><W86/><G72/><T26/><D21/><U93/><E115/><V126/><F126/><W24/><G8/><T114/><D81/><U106/><E106/><V127/><F127/><W2/><G2/><T37/><D37/><U102/><E124/><V23/><F57/><W47/><G47/><T16/><D29/><U122/><E122/><V134/><F61/><W51/><G51/><T105/><D114/><U129/><E35/><V83/><F83/><W54/><G77/><T73/><D73/><U91/><E34/><V64/><F134/><W68/><G86/><T6/><D6/><U121/><E121/><V110/><F110/><W45/><G68/><T97/><D98/><U59/><E135/><V111/><F111/><W87/><G87/><T133/><D133/><U63/><E129/><V52/><F22/><W53/><G45/><AGARI ba="0,0" hai="16,20,26,41,45,46,49,50,55,88,89,97,103,105" machi="45" ten="30,3900,0" yaku="7,1,54,2" doraHai="62" who="0" fromWho="3" sc="276,39,308,0,149,0,267,-39" owari="315,41.5,308,10.8,149,-35.1,228,-17.2" /></mjloggm>