<mjloggm ver="2.3"><GO type="225" lobby="0"/><UN n0="%6D%75%75%6D%75%72%61" n1="%E3%81%99%E3%81%84%E3%81%BE%E3%81%9B%E3%83%BC%E3%82%93" n2="%E3%82%82%E3%81%90%E3%82%89" n3="%E3%82%BC%E3%83%AB%E3%83%80%E3%81%AE%E4%BC%9D%E8%AA%AC" dan="16,16,17,16" rate="2135.54,2063.17,2243.68,2197.17" sx="F,M,M,M"/><TAIKYOKU oya="0"/><INIT seed="0,0,0,0,5,11" ten="250,250,250,250" oya="0" hai0="93,37,123,24,100,56,39,73,20,1,126,70,98" hai1="72,15,121,118,38,108,60,85,21,4,95,110,53" hai2="62,80,134,19,30,76,67,105,88,68,13,127,112" hai3="23,8,22,99,6,101,79,131,2,31,17,10,71"/><T74/><D123/><U5/><E118/><V92/><F112/><W111/><G71/><T75/><D70/><U87/><E121/><V16/><F134/><W77/><G111/><N who="1" m="42538" /><E72/><V89/><F127/><W57/><G131/><T32/><D126/><U14/><E38/><V78/><F105/><W25/><G10/><T133/><D133/><U84/><E95/><V28/><F78/><W115/><G57/><T45/><D1/><U54/><E21/><V66/><F66/><W103/><G115/><T119/><D119/><U46/><E60/><V18/><F13/><N who="1" m="4617" /><E46/><V135/><F135/><W109/><G109/><T51/><D32/><U27/><E27/><V122/><F122/><W106/><G103/><T91/><D56/><U33/><E33/><V0/><F0/><W120/><G120/><T61/><D61/><U12/><N who="1" m="4625" /><AGARI ba="0,0" hai="2,6,8,12,17,22,23,25,31,77,79,99,101,106" machi="12" ten="30,3900,0" yaku="3,1,7,1,52,1" doraHai="11" who="3" fromWho="1" sc="250,0,250,-39,250,0,250,39" /><INIT seed="1,0,0,5,5,115" ten="250,211,250,289" oya="1" hai0="85,91,133,52,53,29,60,111,48,69,63,21,93" hai1="62,112,33,27,39,77,11,72,14,34,38,94,67" hai2="3,110,109,104,30,117,89,132,54,31,97,75,103" hai3="125,90,79,74,124,83,58,28,37,68,45,26,123"/><U61/><E112/><V107/><F132/><W0/><G123/><T49/><D133/><U35/><E72/><V47/><F75/><W12/><G68/><T51/><D111/><N who="2" m="42506" /><F3/><W121/><G121/><T5/><D5/><U101/><E77/><V44/><F107/><W23/><G0/><T71/><D71/><U78/><E78/><V120/><F120/><W16/><G58/><T7/><D7/><U114/><E114/><V17/><F17/><W113/><G113/><T81/><D81/><U87/><E27/><V2/><F2/><W96/><G90/><T82/><D82/><U70/><E62/><N who="0" m="23593" /><D69/><U76/><E76/><V22/><F117/><W131/><G96/><T129/><D129/><U24/><E24/><AGARI ba="0,0" hai="21,24,29,48,49,51,52,53,85,91,93" m="23593" machi="24" ten="30,2000,0" yaku="8,1,54,1" doraHai="115" who="0" fromWho="1" sc="250,20,211,-20,250,0,289,0" /><INIT seed="2,0,0,5,5,91" ten="270,191,250,289" oya="2" hai0="42,110,73,121,104,71,51,26,15,23,82,38,34" hai1="32,99,46,25,102,30,37,18,133,45,98,66,6" hai2="12,76,8,67,20,112,50,128,61,60,22,95,14" hai3="52,118,88,84,108,68,62,36,109,24,123,69,64"/><V43/><F128/><W58/><G118/><T10/><D121/><U87/><E133/><V126/><F126/><W47/><G123/><T41/><D34/><U39/><E6/><V83/><F112/><W116/><G116/><T19/><D110/><N who="3" m="42601" /><G24/><T29/><D71/><N who="3" m="27209" /><G36/><T103/><D38/><U119/><E119/><V86/><F14/><W131/><G131/><T72/><D104/><U100/><E66/><V63/><F67/><W16/><G16/><T81/><D73/><U106/><E18/><V55/><F95/><N who="3" m="54663" /><G47/><T120/><D103/><U74/><E74/><V97/><F97/><W93/><G93/><T70/><D72/><U129/><E129/><V107/><F107/><W96/><G96/><T113/><D70/><U21/><E32/><V125/><F125/><W130/><G130/><T111/><D113/><U117/><E117/><V44/><F22/><W92/><G92/><T114/><D120/><U33/><E33/><V115/><F20/><W65/><AGARI ba="0,0" hai="52,58,62,64,65" m="54663,27209,42601" machi="65" ten="40,8000,1" yaku="14,1,52,1,54,2" doraHai="91" who="3" fromWho="3" sc="270,-20,191,-20,250,-40,289,80" /><INIT seed="3,0,0,0,0,26" ten="250,171,210,369" oya="3" hai0="86,121,31,94,58,40,96,109,132,38,54,10,70" hai1="47,16,118,15,3,63,89,103,28,37,85,110,27" hai2="19,51,4,73,23,81,59,1,57,133,56,61,5" hai3="105,77,11,101,39,68,52,36,69,25,34,14,129"/><W67/><G77/><T124/><D70/><U95/><E3/><V30/><F133/><W102/><G52/><T106/><D121/><U65/><E110/><V119/><F119/><W122/><G101/><T64/><D106/><U21/><E118/><V24/><F1/><W100/><G100/><T49/><D109/><U55/><E103/><V74/><F51/><W114/><G129/><T128/><D38/><U111/><E111/><V60/><F81/><W92/><G92/><T72/><D72/><U130/><E130/><V120/><F120/><W0/><G0/><T42/><D124/><U88/><E89/><V48/><F48/><W7/><G69/><T71/><D71/><U66/><E37/><V46/><F46/><W17/><G17/><T18/><D132/><U33/><E47/><V41/><F41/><W123/><G114/><T108/><D108/><U91/><E91/><V104/><F104/><W75/><G75/><T32/><D128/><U79/><E79/><V125/><F125/><W82/><G102/><T116/><D116/><U44/><E44/><V131/><F74/><W22/><G105/><T115/><D115/><U2/><E2/><V76/><F76/><W113/><G39/><T78/><D32/><U53/><E66/><V35/><F73/><W83/><G36/><T12/><D78/><U43/><E43/><V93/><F93/><W62/><G113/><T20/><D40/><U107/><E107/><V84/><F84/><W90/><G123/><T127/><D42/><U29/><E28/><V126/><F131/><W87/><G67/><T8/><D64/><RYUUKYOKU ba="0,0" sc="250,-10,171,30,210,-10,369,-10" hai1="15,16,21,27,29,33,53,55,63,65,85,88,95" owari="240,4.0,201,-19.9,200,-30.0,359,45.9" /></mjloggm>