<mjloggm ver="2.3"><GO type="225" lobby="0"/><UN n0="%74%61%6B%75%61%6B%61" n1="%E3%81%95%E3%81%8D%E3%81%9F%E3%81%BE%E6%9E%97%E6%AA%8E" n2="%E3%81%A9%E3%82%8F%E3%82%93%E3%81%94" n3="%E5%AE%AE%E4%BF%9D%E9%B6%8F%E8%82%89" dan="17,16,16,16" rate="2228.42,2127.41,2157.96,2145.94" sx="M,M,M,M"/><TAIKYOKU oya="0"/><INIT seed="0,0,0,4,4,57" ten="250,250,250,250" oya="0" hai0="61,51,54,47,29,71,5,41,45,121,17,10,105" hai1="31,75,123,23,0,37,55,126,7,70,87,68,131" hai2="81,25,95,101,84,14,104,127,80,102,64,132,129" hai3="28,77,34,73,48,13,86,30,94,74,99,110,11"/><T111/><D121/><U36/><E123/><V133/><F25/><W98/><G110/><T67/><D111/><U135/><E75/><V60/><F14/><W65/><G99/><T52/><D105/><U27/><E135/><N who="2" m="51787" /><F129/><W125/><G125/><T107/><D107/><U32/><E131/><V21/><F21/><W82/><G65/><T115/><D115/><U38/><E126/><V8/><F8/><W62/><G62/><T24/><D17/><U69/><E87/><V56/><F127/><W3/><G3/><T40/><D10/><U78/><E78/><V119/><F104/><W103/><G34/><T33/><REACH who="0" step="1"/><D5/><REACH who="0" ten="240,250,250,250" step="2"/><U43/><E7/><V83/><F119/><W20/><G30/><T116/><D116/><U1/><E1/><V92/><F92/><W91/><G28/><T46/><D46/><U109/><E109/><V49/><F95/><W128/><G128/><T106/><D106/><U63/><E0/><V26/><F26/><W100/><G11/><T130/><D130/><U9/><E9/><V97/><F83/><W44/><G13/><T90/><D90/><U113/><E113/><V39/><F81/><W50/><G44/><T42/><D42/><U122/><E122/><V88/><F80/><W18/><G74/><T76/><D76/><U6/><E6/><V19/><F19/><W15/><G103/><T72/><D72/><U35/><E43/><V118/><F118/><W108/><G108/><T85/><D85/><U112/><E112/><V114/><F114/><W124/><G124/><T2/><D2/><U66/><E55/><N who="2" m="31855" /><F102/><W89/><G100/><RYUUKYOKU ba="0,1" sc="240,10,250,10,250,-30,250,10" hai0="24,29,33,40,41,45,47,51,52,54,61,67,71" hai1="23,27,31,32,35,36,37,38,63,66,68,69,70" hai3="15,18,20,48,50,73,77,82,86,89,91,94,98" /><INIT seed="0,1,1,3,4,10" ten="250,260,220,260" oya="0" hai0="74,83,119,115,88,79,94,125,75,131,46,63,60" hai1="25,44,132,114,34,71,21,100,50,3,99,12,129" hai2="110,49,103,0,36,18,118,73,107,126,54,117,45" hai3="40,53,69,17,20,23,109,89,98,81,27,33,127"/><T30/><D119/><N who="2" m="45578" /><F110/><W52/><G109/><T6/><D115/><U67/><E3/><V108/><F108/><W2/><G69/><T13/><D125/><U61/><E132/><V102/><F126/><W128/><G33/><T37/><D74/><U68/><E129/><V7/><F73/><W9/><G127/><T82/><D82/><U116/><E116/><V8/><F107/><W134/><G40/><T93/><D93/><U104/><E114/><V55/><F36/><W105/><G134/><T56/><D30/><N who="1" m="19791" /><E71/><V57/><F18/><W90/><G128/><T84/><D131/><U77/><E77/><V86/><F86/><W4/><G81/><T35/><D35/><U72/><E72/><V59/><F45/><W26/><G105/><T91/><D91/><U24/><E24/><V58/><F58/><W14/><G2/><T120/><D120/><U97/><E97/><V113/><F113/><W19/><G98/><T101/><D101/><U48/><E44/><V80/><F80/><W39/><G39/><T32/><D32/><U62/><E62/><AGARI ba="1,1" hai="0,7,8,49,54,55,57,59,62,102,103" m="45578" machi="62" ten="30,1000,0" yaku="12,1" doraHai="10" who="2" fromWho="1" sc="250,0,260,-13,220,23,260,0" /><INIT seed="1,0,0,2,4,21" ten="250,247,243,260" oya="1" hai0="18,75,118,95,16,56,82,63,89,60,28,3,127" hai1="5,40,43,115,102,98,17,58,126,77,105,59,35" hai2="37,112,68,80,41,113,125,11,13,32,69,6,12" hai3="73,55,38,114,64,72,87,93,129,133,108,101,10"/><U110/><E115/><N who="2" m="44107" /><F125/><W111/><G114/><T27/><D118/><U79/><E126/><V91/><F32/><W49/><G38/><T29/><D3/><U26/><E5/><V34/><F34/><W117/><G133/><T132/><D127/><U19/><E110/><N who="3" m="42026" /><G64/><T116/><D116/><U78/><E17/><V107/><F107/><W67/><G67/><T84/><D132/><U8/><E8/><N who="2" m="4119" /><F41/><W83/><G129/><T100/><D63/><U131/><E131/><V31/><F31/><W103/><G10/><T81/><D75/><N who="3" m="28745" /><G93/><T15/><D29/><U66/><E66/><V57/><F37/><W99/><G99/><N who="0" m="59519" /><D15/><U88/><E105/><V24/><F69/><W104/><G104/><T53/><D81/><U36/><E36/><V1/><F13/><W94/><G94/><T90/><D90/><U92/><E102/><V74/><F91/><N who="3" m="51711" /><G117/><T70/><D70/><U45/><E35/><V128/><F128/><W48/><G48/><T71/><D71/><U7/><E7/><V44/><F68/><W106/><G106/><T14/><D14/><U120/><E120/><V30/><F80/><W97/><G97/><T42/><D42/><U123/><E123/><V51/><F51/><W130/><G130/><T20/><AGARI ba="0,0" hai="16,18,20,27,28,53,56,60,82,84,89" m="59519" machi="20" ten="30,4000,0" yaku="8,1,52,1,54,1" doraHai="21" who="0" fromWho="0" sc="250,40,247,-20,243,-10,260,-10" /><INIT seed="2,0,0,5,3,66" ten="290,227,233,250" oya="2" hai0="102,125,123,86,3,55,1,111,117,19,119,77,81" hai1="59,129,69,6,112,95,46,40,133,61,96,83,118" hai2="131,90,28,85,21,135,99,5,17,51,68,71,12" hai3="82,50,58,13,128,27,32,72,15,79,42,23,24"/><V33/><F135/><W132/><G132/><T8/><D123/><U56/><E133/><V44/><F99/><W26/><G32/><T92/><D111/><U53/><E118/><N who="0" m="45065" /><D125/><U37/><E112/><V11/><F131/><W100/><G100/><T105/><D105/><U43/><E129/><V116/><F28/><W31/><G128/><T14/><D55/><U114/><E114/><V22/><F33/><W64/><G42/><T25/><D25/><U48/><E43/><V35/><F35/><W70/><G70/><T76/><D76/><U109/><E109/><V57/><F57/><W18/><G13/><T89/><D102/><U97/><E6/><V65/><F65/><W75/><G75/><AGARI ba="0,0" hai="1,3,8,14,19,75,77,81,86,89,92" m="45065" machi="75" ten="30,1000,0" yaku="12,1" doraHai="66" who="0" fromWho="3" sc="290,10,227,0,233,0,250,-10" /><INIT seed="3,0,0,5,1,23" ten="300,227,233,240" oya="3" hai0="134,29,37,77,106,61,70,83,101,62,130,115,124" hai1="7,32,15,31,68,20,109,86,67,18,52,39,78" hai2="126,63,113,16,87,28,2,72,35,38,9,53,3" hai3="54,80,0,60,79,4,48,21,26,47,1,100,74"/><W119/><G119/><T120/><D61/><U81/><E39/><V8/><F113/><W89/><G100/><T42/><D29/><U73/><E73/><V25/><F72/><W64/><G4/><T40/><D40/><U125/><E125/><V102/><F38/><W131/><G89/><T92/><D92/><U22/><E32/><V76/><F126/><W85/><G74/><N who="0" m="43447" /><D120/><U114/><E114/><V132/><F132/><W104/><G131/><T65/><D124/><U95/><E109/><V108/><F102/><W12/><G12/><T66/><D66/><U24/><E7/><V5/><F108/><W107/><G107/><T30/><D30/><U90/><E68/><V99/><F99/><W6/><G104/><T10/><D10/><U118/><E118/><V75/><F3/><W43/><G43/><T46/><D134/><U117/><E117/><V98/><F75/><W105/><G105/><T51/><D51/><U14/><E67/><V33/><F33/><W96/><G96/><N who="0" m="61735" /><D130/><U128/><E128/><V45/><F98/><W49/><G48/><T94/><D94/><U127/><E127/><V93/><F93/><W121/><G6/><T135/><D135/><U129/><E129/><V122/><F122/><W133/><G121/><T123/><D123/><U97/><E52/><V69/><F53/><W59/><G133/><T82/><D82/><U17/><E31/><AGARI ba="0,0" hai="0,1,21,26,31,47,49,54,59,60,64,79,80,85" machi="31" ten="30,2900,0" yaku="7,1,52,1" doraHai="23" who="3" fromWho="1" sc="300,0,227,-29,233,0,240,29" /><INIT seed="3,1,0,0,0,30" ten="300,198,233,269" oya="3" hai0="40,14,97,17,104,96,36,92,124,86,8,132,89" hai1="112,56,54,0,24,101,106,121,91,51,21,55,27" hai2="25,34,16,23,59,63,32,50,109,10,93,65,82" hai3="58,19,102,80,105,26,28,7,61,66,57,18,131"/><W20/><G131/><T41/><D124/><U37/><E112/><V88/><F109/><W71/><G7/><T125/><D125/><U103/><E121/><V126/><F126/><W119/><G119/><T68/><D68/><U116/><E37/><V33/><F82/><W31/><G31/><T1/><D1/><U85/><E0/><V67/><F50/><W77/><G105/><T53/><D132/><U69/><E69/><V60/><F10/><W117/><G102/><T35/><D104/><U99/><E116/><V73/><F73/><W107/><G107/><T74/><D35/><U22/><E103/><V130/><F130/><W62/><G117/><T75/><D75/><U114/><E114/><V79/><F79/><W123/><G123/><T44/><D74/><U94/><REACH who="1" step="1"/><E55/><REACH who="1" ten="300,188,233,269" step="2"/><V6/><F6/><W9/><G71/><T29/><D53/><U39/><E39/><V98/><F34/><W113/><G113/><T42/><D36/><U111/><E111/><V128/><F128/><W129/><G129/><T76/><D40/><U120/><E120/><V2/><F2/><W84/><G9/><T48/><D41/><U81/><E81/><V70/><AGARI ba="1,1" hai="16,23,25,32,33,59,60,63,65,67,70,88,93,98" machi="70" ten="20,12000,2" yaku="0,1,7,1,52,2,54,2" doraHai="30" who="2" fromWho="2" sc="300,-31,188,-31,233,133,269,-61" owari="269,6.9,157,-34.3,366,46.6,208,-19.2" /></mjloggm>