<mjloggm ver="2.3"><GO type="225" lobby="0"/><UN n0="%E5%B8%86%E7%AB%8B%E5%A4%8F%E8%A1%A3" n1="%30%2E%31%32%30" n2="%E6%B4%BE%E9%81%A3%E3%81%AE%E3%82%B8%E3%83%A3%E3%83%83%E3%82%AF" n3="%72%61%6B%33" dan="16,16,17,16" rate="2099.79,2141.01,2204.11,2102.57" sx="M,M,M,M"/><TAIKYOKU oya="0"/><INIT seed="0,0,0,0,2,117" ten="250,250,250,250" oya="0" hai0="25,133,134,24,22,44,16,67,61,114,103,20,127" hai1="102,113,8,65,90,121,89,74,66,46,93,55,0" hai2="5,50,71,32,10,131,73,85,19,52,119,36,63" hai3="86,29,33,96,15,106,78,104,62,1,101,115,49"/><T30/><D114/><U57/><E74/><V126/><F73/><W38/><G38/><T79/><D79/><U34/><E34/><V97/><F32/><W91/><G1/><T105/><D127/><U13/><E0/><V95/><F36/><W75/><G115/><T99/><REACH who="0" step="1"/><D44/><REACH who="0" ten="240,250,250,250" step="2"/><U68/><E113/><V72/><F126/><W58/><G78/><T11/><D11/><U41/><E46/><V40/><F10/><W53/><G75/><T70/><AGARI ba="0,1" hai="16,20,22,24,25,30,61,67,70,99,103,105,133,134" machi="70" ten="30,6000,0" yaku="1,1,0,1,54,1,53,0" doraHai="117" doraHaiUra="109" who="0" fromWho="0" sc="240,70,250,-20,250,-20,250,-20" /><INIT seed="0,1,0,4,4,19" ten="310,230,230,230" oya="0" hai0="58,23,11,45,90,33,66,105,79,133,123,69,115" hai1="126,83,21,20,35,55,49,62,43,68,128,18,111" hai2="28,89,70,8,117,97,60,96,22,53,104,102,41" hai3="51,25,7,108,119,56,37,61,75,87,94,84,91"/><T10/><D115/><U81/><E35/><V118/><F41/><W40/><G119/><N who="2" m="45577" /><F8/><W30/><G75/><T15/><D33/><U113/><E126/><V67/><F53/><W12/><G108/><T38/><D69/><U34/><E111/><V125/><F125/><W13/><G37/><T42/><D105/><U78/><E34/><V71/><F71/><W77/><G7/><T99/><D123/><U109/><E109/><V73/><F73/><W48/><G84/><T3/><D3/><U112/><E128/><V82/><F82/><N who="1" m="31241" /><E18/><V88/><F96/><W101/><G77/><T44/><D79/><U32/><E32/><V65/><F65/><W98/><G40/><T5/><D11/><U135/><E43/><V2/><F2/><W80/><G48/><N who="0" m="26647" /><D45/><N who="1" m="28079" /><E78/><V72/><F72/><W24/><G51/><T16/><D38/><U100/><E100/><V0/><F0/><W121/><G121/><T36/><D36/><U4/><E4/><V29/><F29/><W95/><G80/><T17/><D5/><U39/><E39/><V14/><F14/><N who="3" m="5739" /><G30/><T6/><D6/><U57/><E68/><V54/><F54/><AGARI ba="1,0" hai="24,25,54,56,61,87,91,94,95,98,101" m="5739" machi="54" ten="30,1000,0" yaku="8,1" doraHai="19" who="3" fromWho="2" sc="310,0,230,0,230,-13,230,13" /><INIT seed="1,0,0,1,3,112" ten="310,230,217,243" oya="1" hai0="35,3,54,120,128,105,97,88,76,22,132,134,38" hai1="98,66,104,123,39,43,111,52,106,63,1,81,21" hai2="26,16,101,14,122,83,57,2,92,103,47,69,9" hai3="114,67,27,62,107,85,50,56,53,129,79,91,77"/><U41/><E1/><V11/><F69/><W68/><G114/><T100/><D35/><U28/><E123/><V36/><F122/><W51/><G107/><T4/><D120/><U117/><E81/><V34/><F57/><W58/><G129/><T93/><D128/><U87/><E87/><V24/><F83/><W18/><G68/><T75/><D38/><U20/><E39/><V30/><F26/><W133/><G133/><N who="0" m="51307" /><D54/><U96/><E52/><V94/><F94/><W65/><G65/><T23/><D22/><U74/><E74/><V86/><F2/><W29/><G18/><T19/><D4/><U0/><E0/><V42/><REACH who="2" step="1"/><F11/><REACH who="2" ten="310,230,207,243" step="2"/><W95/><REACH who="3" step="1"/><G51/><REACH who="3" ten="310,230,207,233" step="2"/><T130/><D130/><U124/><E63/><V60/><F60/><W5/><G5/><T126/><D105/><U82/><E104/><V25/><F25/><W7/><G7/><T70/><D70/><U89/><E106/><V121/><F121/><W17/><G17/><T31/><D19/><U72/><E66/><V135/><F135/><W33/><AGARI ba="0,2" hai="27,29,33,50,53,56,58,62,67,77,79,85,91,95" machi="33" ten="20,2700,0" yaku="1,1,0,1,7,1,53,0" doraHai="112" doraHaiUra="119" who="3" fromWho="3" sc="310,-7,230,-13,207,-7,233,47" /><INIT seed="2,0,0,2,4,107" ten="303,217,200,280" oya="2" hai0="94,134,43,91,132,123,41,64,111,36,71,131,100" hai1="16,109,0,73,83,115,33,130,92,74,11,59,12" hai2="19,54,121,20,77,124,78,72,90,99,63,129,61" hai3="38,57,47,118,53,106,62,9,114,117,82,112,127"/><V51/><F121/><W97/><G9/><T110/><D123/><U22/><E115/><N who="3" m="44074" /><G82/><T98/><D131/><U67/><E33/><V37/><F37/><W88/><G106/><N who="0" m="63767" /><D71/><U31/><E130/><V39/><F39/><W24/><G24/><T120/><D64/><U108/><E83/><V4/><F4/><W66/><G127/><T96/><D120/><U56/><E92/><N who="2" m="56727" /><F72/><N who="1" m="27753" /><E67/><V34/><F34/><W48/><G38/><T52/><D52/><U30/><E0/><V18/><F124/><W133/><G133/><N who="0" m="51307" /><D43/><U42/><E42/><V50/><F129/><W122/><G122/><T113/><D113/><U101/><E101/><V95/><F95/><AGARI ba="0,0" hai="47,48,53,57,62,66,88,95,97,117,118" m="44074" machi="95" ten="30,2000,0" yaku="11,1,54,1" doraHai="107" who="3" fromWho="2" sc="303,0,217,0,200,-20,280,20" /><INIT seed="3,0,0,3,0,123" ten="303,217,180,300" oya="3" hai0="40,60,4,127,115,31,42,0,87,133,49,79,12" hai1="89,128,50,35,41,107,6,125,17,122,113,80,96" hai2="29,100,3,72,129,30,84,108,97,48,78,21,69" hai3="33,38,53,8,44,83,75,111,109,59,131,1,56"/><W86/><G131/><T10/><D127/><U118/><E35/><V20/><F69/><W99/><G33/><T55/><D133/><U5/><E122/><V45/><F72/><W81/><G99/><T64/><D115/><U94/><E125/><V116/><F3/><W121/><G121/><T23/><D79/><U85/><E118/><V66/><F66/><W37/><G75/><T18/><D87/><U73/><E128/><V63/><F63/><W43/><G38/><T28/><D42/><U93/><E113/><V46/><F116/><W19/><G83/><T104/><D40/><U32/><E32/><V61/><F61/><W130/><G130/><T52/><D104/><U120/><E120/><V34/><F129/><W103/><G103/><T2/><D2/><U106/><E73/><V119/><F119/><W105/><G105/><T110/><D55/><U9/><E107/><V102/><F34/><W126/><G126/><T25/><D0/><U16/><E106/><V54/><F97/><W90/><G19/><N who="1" m="7242" /><E9/><V15/><F15/><W117/><G117/><T101/><D101/><N who="1" m="60559" /><E80/><V39/><F39/><W14/><G14/><T71/><D31/><U88/><E89/><V58/><F78/><W13/><G13/><T135/><D28/><N who="2" m="10858" /><F84/><W95/><G81/><T74/><D74/><U27/><E27/><V132/><F132/><W62/><G59/><N who="0" m="33167" /><D135/><U92/><E92/><V112/><F112/><W11/><G1/><N who="0" m="271" /><D25/><U51/><E51/><V134/><F134/><W26/><G26/><T82/><D82/><U124/><E124/><V67/><F100/><W91/><G91/><RYUUKYOKU ba="0,0" sc="303,10,217,10,180,-30,300,10" hai0="12,18,23,60,64,71,110" hai1="5,6,41,50,85,88,94" hai3="8,11,37,43,44,53,56,62,86,90,95,109,111" /><INIT seed="3,1,0,4,1,19" ten="313,227,150,310" oya="3" hai0="74,69,130,50,125,93,102,3,127,10,54,90,75" hai1="13,11,55,20,29,78,53,56,91,111,101,83,86" hai2="25,7,99,27,39,112,43,124,121,61,117,63,70" hai3="32,14,110,72,98,35,95,76,103,62,2,23,41"/><W87/><G2/><T28/><D69/><U65/><E111/><V42/><F117/><W105/><G110/><T89/><D130/><U64/><E101/><V48/><F112/><W109/><G109/><T1/><D28/><U36/><E36/><V40/><F39/><W0/><G0/><N who="0" m="75" /><D10/><U122/><E122/><V45/><F121/><W108/><G108/><T134/><D102/><U37/><E37/><V6/><F124/><N who="0" m="47690" /><D134/><U22/><E29/><V73/><F73/><N who="0" m="27658" /><D93/><U47/><E47/><AGARI ba="1,0" hai="47,50,54,89,90" m="27658,47690,75" machi="47" ten="40,1300,0" yaku="18,1" doraHai="19" who="0" fromWho="1" sc="313,16,227,-16,150,0,310,0" owari="329,42.9,211,-18.9,150,-35.0,310,11.0" /></mjloggm>