<mjloggm ver="2.3"><GO type="225" lobby="0"/><UN n0="%E3%81%A9%E3%82%8F%E3%82%93%E3%81%94" n1="%E3%82%B2%E3%82%B9%E8%8C%82%E5%8B%9D" n2="%E3%81%82%E3%81%99%E3%81%AB%E3%82%83%E3%82%80" n3="%4B%2E%32%2E%4B%2E" dan="16,16,16,17" rate="2088.77,2068.21,2094.46,2170.77" sx="M,F,F,M"/><TAIKYOKU oya="0"/><INIT seed="0,0,0,0,4,119" ten="250,250,250,250" oya="0" hai0="69,97,43,109,132,118,41,101,133,80,59,93,0" hai1="121,134,31,18,81,19,114,34,70,110,37,2,13" hai2="116,27,129,29,82,21,1,107,33,96,95,26,73" hai3="87,54,45,32,39,91,76,9,5,113,28,120,112"/><T123/><D118/><U36/><E70/><V46/><F116/><W83/><G32/><T127/><D69/><U62/><E2/><V24/><F1/><W20/><G28/><T57/><D0/><U85/><E114/><V7/><F129/><W64/><G20/><T128/><D127/><U88/><E110/><V98/><F7/><W66/><G39/><T58/><D128/><U126/><E126/><V30/><F107/><W71/><G71/><T131/><D131/><U60/><E134/><N who="0" m="51817" /><D109/><U106/><E106/><V17/><F46/><W38/><G38/><T50/><D80/><U8/><E121/><V61/><F61/><W44/><G120/><T89/><D123/><U14/><E37/><V48/><F48/><W130/><G130/><T68/><D68/><U51/><E36/><V100/><F82/><W79/><G112/><T102/><D50/><U16/><E51/><V63/><F63/><N who="1" m="24105" /><E34/><V56/><F56/><N who="0" m="14338" /><T22/><DORA hai="104" /><D22/><N who="1" m="11535" /><E31/><V86/><F29/><W103/><G113/><T72/><D72/><U115/><E115/><V15/><F73/><W92/><G66/><T111/><D111/><U55/><E55/><V90/><F30/><W74/><G64/><T42/><AGARI ba="0,0" hai="41,42,43,89,93,97,101,102" m="14338,51817" machi="42" ten="40,2100,0" yaku="20,1" doraHai="119,104" who="0" fromWho="0" sc="250,21,250,-7,250,-7,250,-7" /><INIT seed="0,1,0,4,5,106" ten="271,243,243,243" oya="0" hai0="5,31,99,86,127,57,94,126,10,32,24,59,16" hai1="35,113,114,20,81,42,107,98,92,51,123,134,60" hai2="73,133,96,29,48,129,62,112,111,54,36,72,58" hai3="119,2,61,33,68,78,100,41,37,47,17,63,66"/><T25/><D86/><U115/><E35/><V13/><F112/><W67/><G119/><T7/><D25/><U122/><E107/><V128/><F36/><W3/><G33/><T69/><D69/><U70/><E81/><V121/><F121/><W95/><G17/><T110/><D110/><U88/><E134/><V21/><F111/><W43/><G78/><T18/><D59/><U84/><E98/><V104/><F133/><W131/><G131/><N who="2" m="50249" /><F62/><W56/><REACH who="3" step="1"/><G43/><REACH who="3" ten="271,243,243,233" step="2"/><T93/><D18/><U91/><E122/><V117/><F117/><W22/><G22/><T45/><D16/><U27/><E123/><V4/><F29/><W109/><G109/><T102/><D32/><U83/><E20/><V44/><F21/><W77/><G77/><T15/><D31/><U11/><E27/><V50/><F4/><W82/><G82/><T39/><D24/><U118/><E118/><V135/><F135/><W38/><G38/><T55/><D7/><U6/><E6/><V8/><F8/><W124/><G124/><T12/><D5/><U125/><E125/><N who="0" m="47625" /><D10/><U46/><E11/><V1/><F13/><W65/><G65/><T19/><D19/><U85/><E113/><V26/><F26/><W130/><G130/><T28/><D15/><U40/><E42/><N who="2" m="24599" /><F1/><W9/><G9/><T52/><D12/><U132/><E132/><V120/><F120/><W108/><G108/><T80/><D28/><U23/><E23/><V14/><F14/><W49/><G49/><N who="0" m="28719" /><D39/><U53/><E40/><V75/><F75/><W30/><G30/><T116/><D116/><U89/><E114/><RYUUKYOKU ba="1,1" sc="271,-15,243,-15,243,15,233,15" hai2="50,54,58,72,73,96,104" hai3="2,3,37,41,47,56,61,63,66,67,68,95,100" /><INIT seed="1,2,1,1,3,64" ten="256,228,258,248" oya="1" hai0="38,28,90,89,59,114,118,88,42,97,127,46,67" hai1="18,125,102,26,11,68,62,70,112,49,15,47,98" hai2="113,33,77,14,78,36,103,4,92,109,105,20,32" hai3="99,3,44,52,63,96,2,115,8,65,75,132,76"/><U16/><E125/><V72/><F36/><W1/><G115/><T57/><D118/><U40/><E112/><V21/><F113/><W93/><G132/><T100/><D114/><U80/><E62/><V17/><F109/><W104/><G104/><T30/><D127/><U130/><E130/><V24/><F105/><W61/><G8/><T5/><D5/><U45/><E80/><V122/><F122/><W81/><G93/><T60/><REACH who="0" step="1"/><D57/><REACH who="0" ten="246,228,258,248" step="2"/><U84/><E45/><V95/><F4/><W51/><REACH who="3" step="1"/><G63/><REACH who="3" ten="246,228,258,238" step="2"/><T134/><D134/><U43/><E43/><V120/><F120/><W37/><G37/><T116/><D116/><U31/><E40/><V74/><F103/><W54/><G54/><T19/><D19/><U101/><E18/><V50/><F17/><W121/><G121/><T6/><D6/><U0/><E102/><V13/><F50/><W53/><G53/><T128/><D128/><U56/><E49/><V27/><AGARI ba="2,3" hai="13,14,20,21,24,27,32,33,72,74,77,78,92,95" machi="27" ten="25,3200,0" yaku="0,1,22,2" doraHai="64" who="2" fromWho="2" sc="246,-10,228,-18,258,68,238,-10" /><INIT seed="2,0,0,1,5,2" ten="236,210,326,228" oya="2" hai0="32,25,97,90,93,53,55,63,125,88,44,80,107" hai1="119,35,62,37,7,34,113,78,101,117,22,100,12" hai2="121,131,108,104,75,13,76,130,135,46,112,56,36" hai3="122,66,28,111,0,120,83,20,60,123,86,26,116"/><V31/><F112/><W103/><G116/><T24/><D107/><U47/><E113/><V58/><F121/><W94/><G111/><T69/><D125/><U57/><E78/><V10/><F104/><W118/><G118/><T9/><D32/><U27/><E117/><V124/><F124/><W85/><G0/><T3/><D69/><U30/><E119/><V132/><F108/><W4/><G4/><T106/><D106/><U23/><E35/><V17/><F31/><W48/><G48/><N who="0" m="28807" /><D9/><U99/><E47/><V133/><F76/><W59/><REACH who="3" step="1"/><G83/><REACH who="3" ten="236,210,326,218" step="2"/><T109/><D3/><U134/><E37/><V114/><F114/><W84/><G84/><N who="0" m="50183" /><D109/><U11/><E134/><V54/><F132/><W67/><G67/><T18/><D18/><U115/><E115/><V73/><F133/><W102/><G102/><T5/><D5/><U79/><E101/><V129/><F135/><W82/><G82/><T68/><D68/><U16/><E7/><V14/><F36/><W72/><G72/><T71/><D71/><U91/><E91/><V49/><F75/><W1/><G1/><T50/><D63/><U65/><REACH who="1" step="1"/><E79/><REACH who="1" ten="236,200,326,218" step="2"/><V96/><F129/><W128/><G128/><T21/><D90/><U98/><E98/><AGARI ba="0,2" hai="20,26,28,59,60,66,85,86,94,98,103,120,122,123" machi="98" ten="40,5200,0" yaku="1,1,25,2,53,0" doraHai="2" doraHaiUra="40" who="3" fromWho="1" sc="236,0,200,-52,326,0,218,72" /><INIT seed="3,0,0,2,0,20" ten="236,148,326,290" oya="3" hai0="12,132,88,50,13,119,81,40,19,32,41,99,36" hai1="65,43,107,86,109,2,96,120,15,114,27,38,6" hai2="77,115,61,45,74,134,111,34,102,103,33,89,18" hai3="131,30,75,0,7,1,73,84,78,106,97,14,87"/><W8/><G131/><T11/><D132/><U83/><E109/><V9/><F111/><W105/><G30/><T72/><D119/><U112/><E120/><V26/><F134/><W82/><G87/><T44/><D32/><U76/><E2/><V80/><F115/><W10/><G0/><T95/><D72/><U67/><E112/><V56/><F45/><W28/><G28/><T3/><D3/><U93/><E114/><V55/><F89/><W53/><G53/><T21/><D81/><U98/><E107/><V58/><F102/><W108/><G108/><T46/><D11/><U22/><E43/><V128/><F103/><W57/><G57/><T126/><D126/><U123/><E38/><V51/><F128/><W100/><REACH who="3" step="1"/><G106/><REACH who="3" ten="236,148,326,280" step="2"/><T129/><D129/><U54/><E123/><V5/><F58/><W37/><G37/><T16/><D19/><AGARI ba="0,1" hai="1,7,8,10,14,19,73,75,78,82,84,97,100,105" machi="19" ten="30,2900,0" yaku="1,1,7,1,53,0" doraHai="20" doraHaiUra="42" who="3" fromWho="0" sc="236,-29,148,0,326,0,280,39" /><INIT seed="3,1,0,2,3,124" ten="207,148,326,319" oya="3" hai0="17,63,29,37,93,78,1,74,114,81,23,18,134" hai1="43,42,41,98,24,133,51,92,13,25,76,73,66" hai2="106,27,86,128,75,130,40,70,7,100,112,22,15" hai3="89,88,105,19,94,67,58,121,104,21,49,5,52"/><W95/><G121/><T69/><D1/><U82/><E133/><V101/><F75/><W0/><G0/><T9/><D134/><U12/><E73/><V72/><F72/><W2/><G2/><T85/><D37/><U71/><E71/><V111/><F70/><W109/><G5/><T54/><D114/><U80/><E66/><V118/><F112/><W6/><G6/><T8/><D69/><U125/><E125/><V126/><F126/><W132/><G132/><T129/><D74/><U30/><E51/><V107/><F40/><W113/><G113/><T39/><D39/><U127/><E127/><V115/><F115/><W46/><G109/><T87/><D29/><U48/><E48/><V96/><F86/><N who="3" m="52535" /><G104/><T90/><D63/><U26/><E30/><V20/><F111/><W28/><G105/><T57/><D57/><U116/><E116/><V108/><F108/><W62/><G28/><T32/><D54/><U120/><E120/><V47/><F118/><W59/><G59/><T3/><D32/><U55/><E55/><V119/><F119/><W50/><G50/><T91/><D3/><U103/><E76/><V110/><F110/><W99/><G21/><N who="2" m="8297" /><F47/><N who="3" m="27711" /><G19/><T102/><D18/><U38/><E38/><V44/><F44/><AGARI ba="1,0" hai="44,46,58,62,67,88,95,99" m="27711,52535" machi="44" ten="30,5800,0" yaku="8,1,54,2" doraHai="124" who="3" fromWho="2" sc="207,0,148,0,326,-61,319,61" owari="207,-19.3,148,-35.2,265,6.5,380,48.0" /></mjloggm>