<mjloggm ver="2.3"><GO type="225" lobby="0"/><UN n0="%E8%90%BD%E6%97%A5" n1="%6D%75%75%6D%75%72%61" n2="%E3%83%AD%E3%83%83%E3%83%86%E9%9B%80%E7%90%83" n3="%E6%80%AA%E3%81%97%E3%81%99%E3%81%8E%E3%82%8B%E3%83%81%E3%83%BC" dan="18,16,17,16" rate="2201.87,2205.19,2275.24,2145.69" sx="F,F,M,M"/><TAIKYOKU oya="0"/><INIT seed="0,0,0,4,0,79" ten="250,250,250,250" oya="0" hai0="51,56,4,87,84,7,8,123,119,83,130,65,110" hai1="11,15,135,67,118,23,39,113,61,53,41,43,124" hai2="47,19,27,128,13,62,132,50,45,34,85,17,93" hai3="80,117,10,44,16,91,40,75,22,89,88,9,32"/><T120/><D119/><U5/><E118/><V126/><F126/><W95/><G117/><T122/><D130/><U64/><E124/><V3/><F132/><W54/><G32/><T121/><N who="0" m="30720" /><DORA hai="98" /><T52/><D110/><U26/><E135/><V78/><F3/><W116/><G116/><T82/><D65/><N who="1" m="25163" /><E39/><V37/><F62/><W111/><G111/><T35/><D35/><U97/><E97/><V86/><F93/><W48/><G40/><T115/><D115/><U58/><E113/><V2/><F2/><W103/><G103/><T94/><D94/><U14/><E14/><V90/><F13/><N who="3" m="9487" /><G75/><T29/><D29/><AGARI ba="0,0" hai="5,11,15,23,26,29,41,43,53,58,61" m="25163" machi="29" ten="30,1000,0" yaku="8,1" doraHai="79,98" who="1" fromWho="0" sc="250,-10,250,10,250,0,250,0" /><INIT seed="1,0,0,2,2,10" ten="240,260,250,250" oya="1" hai0="28,29,124,55,105,23,40,63,130,107,37,11,90" hai1="71,97,30,52,119,89,0,61,113,16,51,116,120" hai2="101,87,24,26,36,32,72,42,102,25,14,43,115" hai3="127,122,131,112,4,95,128,94,126,65,46,88,78"/><U70/><E113/><V22/><F72/><W19/><G112/><T39/><D124/><N who="3" m="47657" /><G122/><T123/><D123/><U110/><E120/><V2/><F2/><W13/><G4/><T77/><D130/><N who="3" m="49705" /><G78/><T98/><D77/><U59/><E0/><V66/><F32/><W86/><G65/><T60/><D11/><U41/><E30/><V84/><F36/><W6/><G46/><T49/><D40/><N who="2" m="15402" /><F66/><W44/><G44/><T67/><D39/><U3/><E3/><V1/><F1/><W135/><G6/><T108/><D37/><U79/><E79/><V74/><F74/><W109/><G109/><T125/><D125/><U53/><E110/><V129/><F115/><W35/><G35/><T7/><D7/><U111/><E41/><V27/><N who="2" m="6144" /><DORA hai="5" /><V93/><F129/><W81/><G135/><T57/><D108/><U58/><E111/><V8/><F22/><AGARI ba="0,0" hai="13,19,22,81,86,88,94,95" m="49705,47657" machi="22" ten="30,7700,0" yaku="18,1,19,1,52,1,54,1" doraHai="10,5" who="3" fromWho="2" sc="240,0,260,0,250,-77,250,77" /><INIT seed="2,0,0,4,1,99" ten="240,260,173,327" oya="2" hai0="89,75,123,117,122,3,88,63,130,94,59,43,34" hai1="133,62,54,101,22,48,36,121,134,68,72,108,8" hai2="106,111,69,131,80,13,118,5,116,50,30,23,53" hai3="61,58,15,87,77,29,24,28,128,25,115,104,7"/><V20/><F106/><W85/><G104/><T79/><D34/><U74/><E108/><V9/><F69/><W12/><G128/><T120/><D130/><U86/><E36/><V57/><F131/><W135/><G135/><N who="1" m="51722" /><E121/><V126/><F126/><W97/><G97/><T33/><D33/><U16/><E101/><V4/><F111/><W35/><G115/><T73/><D3/><U11/><E86/><N who="3" m="32778" /><G35/><T92/><D43/><U37/><E37/><V39/><F39/><W55/><G77/><T93/><D117/><U49/><E68/><V6/><F80/><W84/><G84/><T96/><D79/><U90/><E62/><V102/><F102/><W98/><G98/><T103/><D59/><N who="1" m="33223" /><E49/><V21/><REACH who="2" step="1"/><F30/><REACH who="2" ten="240,260,163,327" step="2"/><W112/><G28/><T45/><D63/><U46/><E90/><N who="0" m="34921" /><D45/><U1/><E46/><V100/><F100/><W0/><G29/><T70/><D70/><U71/><E71/><V10/><F10/><N who="1" m="3625" /><E1/><V129/><F129/><W109/><G0/><T42/><D42/><U67/><E67/><V32/><F32/><W113/><G112/><T82/><D82/><U95/><E95/><AGARI ba="0,1" hai="73,75,92,93,94,95,96,103,120,122,123" m="34921" machi="95" ten="40,8000,1" yaku="34,2,52,1,54,1" doraHai="99" who="0" fromWho="1" sc="240,90,260,-80,163,0,327,0" /><INIT seed="3,0,0,2,0,116" ten="330,180,163,327" oya="3" hai0="84,80,94,58,72,107,123,59,127,39,25,5,71" hai1="32,97,117,81,27,31,108,95,9,79,7,36,70" hai2="66,21,62,102,82,100,55,28,13,53,67,14,77" hai3="24,78,40,76,113,112,75,46,8,18,88,115,30"/><W61/><G88/><N who="0" m="51207" /><D71/><U83/><E117/><V3/><F3/><W121/><G121/><T22/><D123/><U125/><E108/><V124/><F124/><W42/><G61/><T37/><D107/><U87/><E125/><V92/><F77/><W86/><G86/><T111/><D72/><U54/><E70/><V0/><F0/><W34/><G75/><T56/><D127/><U93/><E36/><V49/><F82/><W91/><G91/><T2/><D2/><U85/><E97/><N who="2" m="59431" /><F102/><W26/><G40/><T16/><D39/><U1/><E54/><N who="2" m="20491" /><F49/><W69/><G69/><T33/><D33/><U126/><E126/><V17/><F28/><W110/><G110/><T90/><D37/><U60/><E60/><V133/><F133/><W65/><G65/><N who="2" m="24585" /><F62/><W11/><G78/><AGARI ba="0,0" hai="1,7,9,27,31,32,78,79,81,83,85,87,93,95" machi="78" ten="30,2000,0" yaku="7,1,9,1" doraHai="116" who="1" fromWho="3" sc="330,0,180,20,163,0,327,-20" owari="330,43.0,200,-20.0,163,-33.7,307,10.7" /></mjloggm>