<mjloggm ver="2.3"><GO type="225" lobby="0"/><UN n0="%E3%81%BE%E3%81%A8%E3%81%9F" n1="%E6%80%AA%E3%81%97%E3%81%99%E3%81%8E%E3%82%8B%E3%83%81%E3%83%BC" n2="%E3%83%AB%E3%83%9B%E3%83%B3%E3%83%87%E3%82%A3%E3%82%A8" n3="%E3%81%8F%E3%81%BE%E3%81%96%E3%82%8F" dan="16,16,17,16" rate="2129.41,2136.43,2192.59,2045.11" sx="M,M,M,M"/><TAIKYOKU oya="0"/><INIT seed="0,0,0,3,4,89" ten="250,250,250,250" oya="0" hai0="77,95,55,93,21,69,13,60,2,3,76,96,68" hai1="112,132,4,51,73,44,124,113,100,120,39,117,128" hai2="8,20,35,62,83,91,114,116,130,125,17,12,23" hai3="106,107,111,135,53,50,79,75,0,82,90,46,65"/><T33/><D33/><U14/><E117/><V41/><F114/><N who="1" m="44137" /><E120/><V56/><F35/><W129/><G111/><T118/><D118/><U29/><E73/><V122/><F122/><W7/><G129/><T32/><D32/><U58/><E39/><V54/><F130/><W48/><G135/><T67/><D69/><U126/><E128/><V70/><F70/><W36/><G65/><T28/><D55/><N who="1" m="30183" /><E29/><V52/><F125/><N who="1" m="48233" /><E58/><V80/><F116/><W27/><G27/><T103/><D93/><U115/><E100/><V30/><F41/><W42/><G90/><T49/><D49/><U99/><E99/><V78/><F30/><W16/><G50/><T74/><D74/><U105/><E105/><V9/><F80/><W15/><G36/><T102/><D102/><U131/><E131/><V38/><F38/><W94/><G94/><T19/><REACH who="0" step="1"/><D28/><REACH who="0" ten="240,250,250,250" step="2"/><U22/><E115/><V134/><F134/><W66/><G107/><T6/><D6/><U87/><E4/><V1/><F54/><W43/><G106/><T40/><D40/><U86/><E132/><V121/><F52/><W123/><G123/><T98/><D98/><U57/><E57/><V34/><F56/><W92/><G92/><T101/><D101/><U5/><E5/><V84/><F34/><W81/><G66/><T85/><D85/><U59/><E59/><V63/><F121/><W31/><G31/><T47/><D47/><U61/><E61/><V24/><F62/><W37/><G37/><T45/><D45/><U88/><E88/><V97/><F63/><W108/><G43/><T18/><D18/><AGARI ba="0,1" hai="14,18,22,86,87" m="48233,30183,44137" machi="18" ten="30,3900,0" yaku="6,1,11,1,18,1" doraHai="89" who="1" fromWho="0" sc="240,-39,250,49,250,0,250,0" /><INIT seed="1,0,0,4,2,52" ten="201,299,250,250" oya="1" hai0="49,131,129,4,124,14,96,91,15,81,1,0,34" hai1="28,77,5,11,48,111,19,16,37,30,132,105,113" hai2="98,17,125,135,57,106,93,7,112,117,88,33,83" hai3="122,10,108,67,87,35,32,115,65,12,66,79,116"/><U78/><E37/><V59/><F33/><W114/><G122/><T29/><D49/><U127/><E105/><V46/><F117/><W61/><G116/><T133/><D81/><U43/><E113/><V95/><F106/><W80/><G108/><T69/><D91/><U44/><E111/><V55/><F112/><W126/><G126/><T76/><D96/><U18/><E132/><V23/><F125/><W8/><G8/><N who="0" m="4359" /><D76/><U63/><E63/><V86/><F7/><W70/><G115/><T47/><D47/><U54/><E43/><V85/><F135/><W58/><G114/><T71/><D124/><U120/><E120/><V51/><F93/><W64/><REACH who="3" step="1"/><G70/><REACH who="3" ten="201,299,250,240" step="2"/><N who="0" m="26635" /><D133/><U101/><E127/><V102/><F86/><W90/><G90/><T9/><D9/><U99/><E101/><V94/><F83/><W56/><G56/><T134/><D134/><U24/><E99/><V26/><AGARI ba="0,1" hai="17,23,26,46,51,55,57,59,85,88,94,95,98,102" machi="26" ten="20,12000,2" yaku="0,1,7,1,8,1,52,2,54,1" doraHai="52" who="2" fromWho="2" sc="201,-30,299,-60,250,130,240,-30" /><INIT seed="2,0,0,5,5,37" ten="171,239,380,210" oya="2" hai0="109,112,114,5,54,38,42,99,18,130,95,79,102" hai1="117,93,87,71,88,46,14,3,29,106,12,44,69" hai2="66,80,110,63,85,45,17,33,40,131,43,132,74" hai3="121,59,94,89,115,86,53,10,62,67,125,60,96"/><V6/><F33/><W72/><G121/><T108/><D5/><U31/><E3/><V113/><F74/><W61/><G125/><T16/><D54/><U15/><E106/><V35/><F35/><W13/><G72/><T56/><D56/><U134/><E117/><V120/><F120/><W76/><G115/><N who="0" m="44075" /><D130/><U52/><E134/><V57/><F113/><W119/><G119/><T84/><D84/><U2/><E2/><V48/><F131/><W24/><G24/><T105/><D79/><U11/><E11/><V32/><F32/><W34/><G34/><T58/><D58/><U26/><E26/><V122/><F122/><W81/><REACH who="3" step="1"/><G53/><REACH who="3" ten="171,239,380,200" step="2"/><T65/><D65/><U101/><E52/><V103/><F132/><W4/><AGARI ba="0,1" hai="4,10,13,59,60,61,62,67,76,81,86,89,94,96" machi="4" ten="20,8000,1" yaku="1,1,2,1,0,1,7,1,8,1,53,0" doraHai="37" doraHaiUra="23" who="3" fromWho="3" sc="171,-20,239,-20,380,-40,200,90" /><INIT seed="3,0,0,2,2,118" ten="151,219,340,290" oya="3" hai0="75,109,123,110,76,121,29,85,125,2,56,46,116" hai1="22,80,114,24,83,98,9,78,54,70,131,42,27" hai2="5,15,59,67,43,38,130,90,45,91,97,17,61" hai3="87,102,32,134,21,6,39,41,99,25,108,30,63"/><W4/><G134/><T132/><D132/><U93/><E114/><V84/><F130/><W106/><G87/><T50/><D116/><U124/><E70/><V107/><F5/><W133/><G133/><T82/><D2/><U103/><E124/><V111/><F111/><N who="0" m="42506" /><D125/><U23/><E131/><V105/><F97/><W48/><G108/><T35/><D56/><U62/><E42/><V8/><F91/><W113/><G113/><T3/><D3/><U89/><E9/><V88/><F90/><W120/><G120/><N who="0" m="46155" /><D29/><N who="1" m="17559" /><E103/><V40/><F40/><W119/><G119/><T135/><D135/><U100/><E100/><V7/><F7/><W20/><G102/><T129/><D129/><U128/><E78/><V10/><F10/><W1/><G1/><T95/><D35/><U57/><E128/><V77/><F77/><W112/><G30/><AGARI ba="0,0" hai="23,27,30,54,57,62,80,83,89,93,98" m="17559" machi="30" ten="30,1000,0" yaku="8,1" doraHai="118" who="1" fromWho="3" sc="151,0,219,10,340,0,290,-10" owari="151,-34.9,229,-17.1,340,44.0,280,8.0" /></mjloggm>