<mjloggm ver="2.3"><GO type="225" lobby="0"/><UN n0="%72%69%6F%75%63%68%61%6E" n1="%72%61%6B%33" n2="%E8%BE%9B%E5%8F%A3%E3%82%AB%E3%83%AC%E3%83%BC%E3%83%A9%E3%82%A4%E3%82%B9" n3="%45%6C%79%73%69%75%6D" dan="17,16,16,17" rate="2195.83,2078.10,2203.15,2104.81" sx="M,M,M,F"/><TAIKYOKU oya="0"/><INIT seed="0,0,0,5,4,70" ten="250,250,250,250" oya="0" hai0="115,102,64,90,39,95,122,0,117,40,119,25,14" hai1="23,24,26,116,79,9,104,11,35,30,52,135,91" hai2="12,107,130,8,58,45,38,17,118,46,75,66,80" hai3="28,62,54,42,83,19,47,123,134,81,84,73,65"/><T110/><D115/><U20/><E104/><V29/><F130/><W36/><G134/><T18/><D122/><U85/><E135/><V68/><F107/><W34/><G123/><T89/><D0/><U32/><E79/><V128/><F128/><W105/><G105/><T106/><D110/><U4/><E116/><V56/><F118/><W74/><G19/><T55/><D64/><U131/><E131/><V121/><F121/><W57/><G83/><T96/><D25/><U59/><E35/><V33/><F33/><W88/><REACH who="3" step="1"/><G65/><REACH who="3" ten="250,250,250,240" step="2"/><T51/><D106/><U67/><E67/><V129/><F80/><W69/><G69/><T94/><D119/><U60/><E26/><AGARI ba="0,1" hai="26,28,34,36,42,47,54,57,62,73,74,81,84,88" machi="26" ten="40,5200,0" yaku="1,1,52,1,54,1,53,0" doraHai="70" doraHaiUra="111" who="3" fromWho="1" sc="250,0,250,-52,250,0,240,62" /><INIT seed="1,0,0,0,5,126" ten="250,198,250,302" oya="1" hai0="62,56,113,114,33,99,4,100,76,86,11,19,46" hai1="85,53,1,47,24,80,96,71,94,66,27,121,26" hai2="120,124,75,88,59,105,15,8,74,101,57,92,58" hai3="127,64,68,2,6,130,44,91,128,54,116,65,123"/><U0/><E121/><V87/><F120/><W34/><G34/><T12/><D33/><U115/><E115/><V90/><F124/><W79/><G123/><T21/><D46/><U98/><E66/><V50/><F90/><W13/><G127/><T30/><D30/><U69/><E0/><V89/><F89/><W84/><G2/><T7/><D86/><U14/><E1/><V72/><F101/><W61/><G79/><T103/><D76/><U38/><E14/><V41/><F105/><W117/><G13/><T104/><D100/><U131/><E131/><N who="3" m="50218" /><G6/><T97/><D97/><U37/><E98/><V82/><F41/><W52/><G64/><T29/><D29/><U42/><E53/><N who="3" m="20586" /><G44/><T109/><D4/><U63/><E63/><V60/><F50/><W70/><G70/><T10/><D7/><U129/><E129/><V102/><F60/><W67/><G67/><T55/><REACH who="0" step="1"/><D109/><REACH who="0" ten="240,198,250,302" step="2"/><U49/><E71/><V119/><F75/><W107/><G107/><T111/><D111/><U25/><E69/><V134/><F74/><W35/><G35/><T3/><D3/><U106/><E106/><V51/><F72/><W20/><G20/><T43/><D43/><U45/><E45/><V132/><F102/><W28/><G28/><T31/><D31/><U135/><E47/><V83/><F132/><W108/><G108/><T23/><D23/><U32/><E135/><V16/><F134/><W95/><AGARI ba="0,1" hai="61,65,68,84,91,95,116,117" m="20586,50218" machi="95" ten="30,8000,1" yaku="19,1,52,3,54,1" doraHai="126" who="3" fromWho="3" sc="240,-20,198,-40,250,-20,302,90" /><INIT seed="2,0,0,2,0,104" ten="220,158,230,392" oya="2" hai0="10,78,111,110,37,1,99,119,36,59,22,120,74" hai1="98,122,62,5,14,115,27,121,82,39,125,17,21" hai2="80,64,97,11,13,112,19,31,91,94,85,128,30" hai3="35,26,43,41,63,48,66,69,51,16,61,132,15"/><V3/><F128/><W56/><G132/><T135/><D120/><U83/><E39/><V124/><F124/><W126/><G126/><T84/><D135/><U58/><E125/><V60/><F112/><W42/><G26/><T105/><D119/><U20/><E115/><V92/><F3/><W45/><G35/><T113/><D113/><U25/><E98/><V33/><F33/><W88/><G88/><T70/><D70/><U130/><E130/><V53/><F53/><N who="3" m="33935" /><G16/><T4/><D84/><U87/><E5/><V8/><F8/><W65/><G15/><T129/><D59/><U72/><E14/><V118/><F118/><W38/><G66/><T6/><D6/><U103/><E103/><V127/><F127/><W77/><G77/><T116/><D116/><U96/><E96/><V108/><F108/><N who="0" m="41514" /><D22/><U102/><E102/><V81/><F92/><W86/><G86/><T89/><D129/><U71/><E71/><V9/><F9/><W50/><AGARI ba="0,0" hai="38,41,42,43,45,48,50,51,63,65,69" m="33935" machi="50" ten="30,8000,1" yaku="35,5" doraHai="104" who="3" fromWho="3" sc="220,-20,158,-20,230,-40,392,80" /><INIT seed="3,0,0,0,2,22" ten="200,138,190,472" oya="3" hai0="73,34,85,132,80,127,26,110,87,98,36,84,24" hai1="63,131,12,32,125,48,39,10,50,23,4,55,88" hai2="7,62,43,116,78,130,59,13,72,42,15,97,95" hai3="108,75,90,58,33,120,67,41,112,100,28,6,53"/><W19/><G90/><T14/><D36/><U123/><E39/><V60/><F116/><W83/><G19/><T74/><D34/><U106/><E123/><V9/><F130/><W81/><G6/><T135/><D110/><U79/><E32/><V82/><F15/><W49/><G100/><T27/><D127/><U101/><E125/><V64/><REACH who="2" step="1"/><F60/><REACH who="2" ten="200,138,180,472" step="2"/><W66/><G75/><N who="0" m="28683" /><D14/><U8/><E131/><V117/><F117/><W16/><G67/><T30/><D30/><U5/><E79/><V102/><AGARI ba="0,1" hai="7,9,13,42,43,59,62,64,72,78,82,95,97,102" machi="102" ten="20,2700,0" yaku="1,1,0,1,7,1,53,0" doraHai="22" doraHaiUra="124" who="2" fromWho="2" sc="200,-7,138,-7,180,37,472,-13" owari="193,-20.7,131,-36.9,217,1.7,459,55.9" /></mjloggm>