<mjloggm ver="2.3"><GO type="225" lobby="0"/><UN n0="%E5%84%AA%40%41%42%43" n1="%E7%B4%94%E6%BD%94%E3%83%94%E3%83%A9%E3%83%8B%E3%82%A2" n2="%73%61%6E%64%69%72%69%73" n3="%E9%B3%B3%E6%9D%B1%E3%81%AE%E3%81%86%E3%81%95%E3%81%8E%E3%81%95%E3%82%93" dan="17,16,16,16" rate="2252.31,2182.25,2167.27,2250.44" sx="M,M,M,M"/><TAIKYOKU oya="0"/><INIT seed="0,0,0,1,0,47" ten="250,250,250,250" oya="0" hai0="119,114,127,77,59,52,73,34,9,117,43,94,104" hai1="107,66,72,49,80,0,85,92,126,98,28,131,57" hai2="25,124,44,106,135,29,14,75,79,81,89,46,16" hai3="38,116,101,87,123,40,95,12,15,63,60,125,1"/><T42/><D114/><U32/><E0/><V96/><F135/><W37/><G116/><T84/><D104/><U115/><E115/><V30/><F124/><W55/><G1/><T97/><D34/><U120/><E126/><V103/><F89/><W24/><G125/><T111/><D127/><U99/><E120/><V82/><F82/><W56/><G123/><T10/><D73/><U90/><E131/><V4/><F4/><W17/><G38/><T74/><D74/><U122/><E122/><V134/><F134/><W130/><G130/><T68/><D68/><U112/><E112/><V61/><F61/><W88/><G101/><T93/><D111/><U41/><E107/><V110/><F110/><W35/><G37/><T78/><D117/><U53/><E28/><V70/><F70/><W67/><G40/><N who="0" m="15403" /><D119/><U7/><E7/><V20/><REACH who="2" step="1"/><F30/><REACH who="2" ten="250,250,240,250" step="2"/><W62/><G67/><T33/><D78/><U105/><E66/><V113/><F113/><W64/><G64/><T21/><D77/><U2/><E80/><V133/><F133/><W51/><G35/><AGARI ba="0,1" hai="14,16,20,25,29,35,44,46,75,79,81,96,103,106" machi="35" ten="30,7700,0" yaku="1,1,7,1,54,1,53,1" doraHai="47" doraHaiUra="18" who="2" fromWho="3" sc="250,0,250,0,240,87,250,-77" /><INIT seed="1,0,0,1,5,123" ten="250,250,327,173" oya="1" hai0="110,115,133,64,1,104,62,21,31,51,24,4,84" hai1="5,3,121,10,9,89,83,75,99,88,74,128,124" hai2="41,16,28,80,91,61,56,122,65,66,90,25,107" hai3="44,82,70,92,20,53,71,132,77,112,33,117,114"/><U100/><E121/><V60/><F122/><W43/><G33/><T47/><D115/><U130/><E124/><V87/><F107/><W49/><G92/><T96/><D133/><U119/><E119/><V46/><F90/><N who="1" m="34921" /><E83/><V15/><F25/><W34/><G34/><T2/><D4/><U54/><E54/><V19/><F28/><W18/><G132/><T73/><D73/><U69/><E69/><V67/><F61/><W95/><G95/><T118/><D84/><U63/><E63/><V22/><REACH who="2" step="1"/><F19/><REACH who="2" ten="250,250,317,173" step="2"/><W76/><G18/><T120/><D62/><U32/><E32/><V6/><F6/><W59/><G114/><T50/><D31/><U78/><E78/><V103/><F103/><W0/><G77/><T14/><D104/><U45/><E5/><V42/><F42/><W7/><G112/><T94/><D120/><U111/><E100/><V57/><F57/><W113/><G113/><T131/><D24/><U13/><E45/><V8/><F8/><W106/><G106/><T102/><D47/><U11/><E13/><V109/><F109/><W27/><G7/><T37/><D110/><U116/><E111/><V30/><F30/><N who="3" m="17767" /><G0/><T35/><D1/><U36/><E3/><V48/><AGARI ba="0,1" hai="15,16,22,41,46,48,56,60,65,66,67,80,87,91" machi="48" ten="20,12000,2" yaku="1,1,0,1,7,1,8,1,54,1,53,1" doraHai="123" doraHaiUra="85" who="2" fromWho="2" sc="250,-30,250,-60,317,130,173,-30" /><INIT seed="2,0,0,4,3,7" ten="220,190,447,143" oya="2" hai0="1,53,6,111,88,39,66,28,12,58,105,32,60" hai1="73,85,11,8,119,48,55,123,30,36,46,13,4" hai2="57,129,126,75,61,93,16,130,72,71,49,33,0" hai3="24,56,100,115,118,112,98,79,84,86,82,40,127"/><V134/><F33/><W34/><G40/><T22/><D105/><U133/><E73/><V131/><F134/><W15/><G56/><T65/><D39/><U43/><E119/><V117/><F117/><W83/><G118/><T54/><D111/><U31/><E133/><V132/><F132/><W25/><G127/><T67/><D1/><U20/><E123/><V37/><F37/><W95/><G34/><T10/><D32/><U23/><E85/><V70/><F0/><W27/><REACH who="3" step="1"/><G15/><REACH who="3" ten="220,190,447,133" step="2"/><T52/><D58/><U63/><E43/><V35/><F35/><W41/><G41/><T38/><D38/><U26/><E36/><V76/><F126/><W114/><G114/><T42/><D42/><U87/><E63/><V51/><F57/><W128/><G128/><T3/><D60/><U92/><E26/><V97/><F61/><W14/><G14/><T121/><D3/><U103/><E13/><V106/><F130/><W120/><G120/><T113/><D121/><U68/><E68/><V69/><F131/><W94/><G94/><T29/><D113/><U101/><E92/><V59/><F59/><W135/><G135/><T99/><D22/><U125/><E125/><V108/><F129/><W64/><G64/><T116/><D116/><U44/><E48/><V2/><F51/><W81/><G81/><T18/><D6/><U110/><E4/><V5/><F69/><W80/><G80/><T50/><D50/><U90/><E55/><V89/><F71/><W74/><G74/><N who="2" m="28201" /><F5/><W19/><G19/><T47/><D47/><U78/><E46/><V96/><F70/><RYUUKYOKU ba="0,1" sc="220,15,190,-15,447,-15,133,15" hai0="10,12,18,28,29,52,53,54,65,66,67,88,99" hai3="24,25,27,79,82,83,84,86,95,98,100,112,115" /><INIT seed="3,1,1,0,2,103" ten="235,175,432,148" oya="3" hai0="30,128,20,18,117,17,99,106,88,125,61,84,5" hai1="127,33,25,64,9,24,40,36,86,68,6,31,122" hai2="109,23,115,78,79,112,123,1,45,8,37,133,76" hai3="52,80,101,130,116,120,14,132,81,47,121,38,62"/><W32/><G116/><T107/><D117/><U71/><E64/><V28/><F109/><W119/><G119/><T74/><D74/><U22/><E122/><V134/><F123/><W105/><G32/><T19/><D5/><U85/><E127/><V10/><F28/><W34/><G34/><T58/><D125/><U77/><E40/><N who="2" m="22671" /><F23/><W4/><G121/><T60/><D128/><U100/><E36/><V87/><F87/><W94/><G120/><T49/><D49/><U13/><E100/><V82/><F82/><N who="3" m="31851" /><G38/><T51/><D51/><U108/><E108/><V11/><F1/><W75/><G105/><T57/><D99/><U131/><E131/><V72/><F72/><W35/><G35/><T46/><D46/><U111/><E111/><V3/><F3/><W2/><G2/><T53/><D30/><U56/><E56/><V97/><F97/><N who="3" m="59575" /><G75/><T39/><D39/><U44/><E44/><V135/><AGARI ba="1,1" hai="8,10,11,76,78,79,112,115,133,134,135" m="22671" machi="135" ten="40,5200,0" yaku="29,2,20,1" doraHai="103" who="2" fromWho="2" sc="235,-14,175,-14,432,65,148,-27" owari="221,2.1,161,-23.9,497,59.7,121,-37.9" /></mjloggm>