<mjloggm ver="2.3"><GO type="225" lobby="0"/><UN n0="%72%69%6F%75%63%68%61%6E" n1="%E3%82%BC%E3%83%AB%E3%83%80%E3%81%AE%E4%BC%9D%E8%AA%AC" n2="%E4%BF%BA%E3%81%A8%E5%A6%96%E5%A4%A2" n3="%E8%83%83%E3%81%A8%E8%85%B8" dan="17,18,17,17" rate="2253.72,2255.67,2205.42,2164.01" sx="M,M,F,M"/><TAIKYOKU oya="0"/><INIT seed="0,0,0,3,5,84" ten="250,250,250,250" oya="0" hai0="108,71,104,81,45,29,1,60,11,124,58,21,130" hai1="51,118,55,70,132,88,5,109,22,77,44,79,110" hai2="78,90,43,9,98,31,48,13,134,67,119,105,38" hai3="64,39,40,6,56,92,89,103,97,93,112,117,16"/><T62/><D124/><U87/><E118/><V47/><F119/><W0/><G117/><T59/><D130/><U96/><E70/><V32/><F134/><W7/><G112/><T80/><D104/><U54/><E132/><V94/><F105/><W4/><G0/><T23/><D71/><U133/><E133/><V30/><F32/><W57/><G64/><T122/><D122/><U25/><E5/><V123/><F123/><W125/><G125/><T24/><D108/><N who="1" m="41579" /><E96/><V75/><F67/><W42/><G16/><T83/><D45/><U28/><E54/><V131/><F131/><W76/><G76/><T46/><D46/><U121/><E121/><V82/><REACH who="2" step="1"/><F38/><REACH who="2" ten="250,250,240,250" step="2"/><W3/><G3/><T49/><D1/><U106/><E106/><V126/><F126/><W91/><G39/><T128/><D128/><U116/><E116/><V66/><F66/><W68/><G68/><T129/><D129/><U86/><E86/><V107/><F107/><W36/><G36/><T101/><D101/><U8/><E8/><V113/><F113/><W35/><G35/><T74/><D11/><U95/><AGARI ba="0,1" hai="22,25,28,44,51,55,77,79,87,88,95" m="41579" machi="95" ten="30,4000,0" yaku="14,1,52,1,54,1" doraHai="84" who="1" fromWho="1" sc="250,-20,250,50,240,-10,250,-10" /><INIT seed="1,0,0,4,2,1" ten="230,300,230,240" oya="1" hai0="7,53,61,68,82,40,102,4,128,118,16,120,91" hai1="107,97,88,55,98,28,71,69,58,110,51,112,74" hai2="32,39,49,95,125,19,134,80,99,44,14,132,101" hai3="29,56,27,37,63,81,65,96,46,52,85,114,24"/><U36/><E112/><V89/><F32/><W20/><G114/><T26/><D118/><U90/><E36/><V23/><F39/><W64/><G96/><T45/><D128/><U10/><E74/><V38/><F38/><W119/><G119/><T123/><D102/><U115/><E115/><V35/><F35/><W105/><G105/><T103/><D103/><U11/><E110/><V111/><F111/><W30/><G37/><N who="0" m="21647" /><D91/><U3/><E28/><V75/><F125/><W122/><G122/><N who="0" m="46635" /><D82/><U8/><E3/><V131/><F131/><W87/><G46/><T57/><D68/><U67/><E107/><V79/><REACH who="2" step="1"/><F101/><REACH who="2" ten="230,300,220,240" step="2"/><W78/><REACH who="3" step="1"/><G85/><REACH who="3" ten="230,300,220,230" step="2"/><T21/><AGARI ba="0,2" hai="4,7,16,21,26,53,57,61" m="46635,21647" machi="21" ten="30,7900,0" yaku="13,1,52,2,54,1" doraHai="1" who="0" fromWho="0" sc="230,99,300,-39,220,-20,230,-20" /><INIT seed="2,0,0,3,5,127" ten="329,261,200,210" oya="2" hai0="121,77,52,86,72,46,3,29,33,22,15,54,19" hai1="115,40,21,106,114,36,104,81,116,132,112,131,78" hai2="10,63,100,134,93,101,61,4,124,98,119,125,50" hai3="76,70,43,135,0,95,96,117,110,24,9,48,105"/><V66/><F119/><W39/><G117/><T97/><D121/><U18/><E116/><V6/><F134/><W58/><G110/><T45/><D72/><N who="1" m="43207" /><E21/><V73/><F73/><W13/><G70/><T56/><D3/><U65/><E18/><V133/><F133/><W35/><G76/><T80/><D97/><U109/><E132/><V20/><F20/><W51/><G0/><T31/><D33/><U99/><E109/><V37/><F37/><W14/><G105/><N who="1" m="40554" /><E65/><V74/><F74/><W64/><G39/><T113/><D113/><U126/><E99/><V75/><F75/><W108/><G108/><T32/><D32/><U90/><E90/><N who="2" m="55607" /><F50/><W82/><G48/><N who="0" m="28687" /><D46/><N who="1" m="23815" /><E126/><N who="2" m="48747" /><F61/><AGARI ba="0,0" hai="15,19,22,29,31,54,56,61,77,80,86" m="28687" machi="61" ten="30,2000,0" yaku="8,1,54,1" doraHai="127" who="0" fromWho="2" sc="329,20,261,0,200,-20,210,0" /><INIT seed="3,0,0,5,0,26" ten="349,261,180,210" oya="3" hai0="19,122,111,124,66,108,74,91,123,71,13,84,50" hai1="63,59,114,48,70,98,79,83,104,127,22,8,94" hai2="67,21,62,135,107,57,93,125,110,96,95,60,134" hai3="117,133,47,86,109,45,31,97,4,82,17,2,5"/><W72/><G117/><T56/><D74/><U132/><E104/><V106/><F110/><N who="0" m="42026" /><D124/><U115/><E127/><V16/><F125/><W78/><G109/><T112/><D71/><U32/><E32/><V103/><F107/><W51/><G133/><N who="2" m="50697" /><F62/><W101/><G72/><T65/><D112/><U9/><E22/><V30/><F30/><W28/><G17/><T27/><D27/><U131/><E48/><V33/><F33/><W100/><G45/><T128/><D128/><U73/><E131/><V75/><F75/><W120/><G120/><N who="0" m="46123" /><D56/><U18/><E70/><V90/><F90/><W77/><G77/><T11/><D50/><U42/><E42/><V1/><F1/><W52/><G101/><T118/><D118/><U38/><E38/><V36/><F36/><W92/><G2/><T25/><D25/><U20/><E9/><V64/><F64/><W58/><G58/><T55/><D55/><U39/><E8/><V102/><F102/><W44/><G44/><T88/><D88/><N who="1" m="55623" /><E39/><V68/><F68/><W15/><G15/><AGARI ba="0,0" hai="15,16,21,57,60,67,93,95,96,103,106" m="50697" machi="15" ten="30,2000,0" yaku="20,1,54,1" doraHai="26" who="2" fromWho="3" sc="349,0,261,0,180,20,210,-20" owari="349,44.9,261,6.1,200,-20.0,190,-31.0" /></mjloggm>