<mjloggm ver="2.3"><GO type="225" lobby="0"/><UN n0="%E6%97%A5%E6%9B%9C%E6%97%A5%E3%82%88%E3%82%8A%E3%81%AE%E4%BD%BF%E8%80%85" n1="%E3%82%82%E3%82%93%E3%81%8D%E3%82%93%E3%81%90" n2="%E7%99%BD%E6%97%A5%E9%9B%AA%E8%8F%9C" n3="%5C%28%E2%89%A7%E2%96%BD%E2%89%A6%29%2F" dan="17,16,16,16" rate="2140.93,2054.68,2202.31,2068.65" sx="M,M,F,M"/><TAIKYOKU oya="0"/><INIT seed="0,0,0,1,4,1" ten="250,250,250,250" oya="0" hai0="45,71,103,82,73,85,97,93,79,100,31,121,27" hai1="2,81,34,64,66,126,5,32,57,87,133,35,49" hai2="26,30,80,47,17,13,104,50,75,74,59,41,9" hai3="115,131,65,14,117,61,89,0,22,83,95,40,46"/><T107/><D121/><U135/><E126/><V11/><F104/><W86/><G0/><T39/><D71/><U108/><E108/><V18/><F59/><W15/><G117/><T44/><D39/><U94/><E94/><V99/><F99/><W70/><G115/><T42/><D42/><U134/><E49/><V92/><F92/><W72/><G131/><T77/><D77/><U76/><E57/><V20/><REACH who="2" step="1"/><F80/><REACH who="2" ten="250,250,240,250" step="2"/><W4/><G95/><T125/><D125/><U123/><E123/><V52/><F52/><W58/><G70/><T96/><REACH who="0" step="1"/><D85/><REACH who="0" ten="240,250,240,250" step="2"/><U106/><REACH who="1" step="1"/><E106/><REACH who="1" ten="240,240,240,250" step="2"/><V19/><F19/><W132/><G86/><T53/><D53/><U12/><E12/><AGARI ba="0,3" hai="9,11,12,13,17,18,20,26,30,41,47,50,74,75" machi="12" ten="40,5200,0" yaku="1,1,9,1,53,1" doraHai="1" doraHaiUra="37" who="2" fromWho="1" sc="240,0,240,-52,240,82,250,0" /><INIT seed="1,0,0,3,5,65" ten="240,188,322,250" oya="1" hai0="50,8,114,78,56,73,107,74,129,75,131,111,32" hai1="42,45,134,21,57,37,4,7,60,93,99,100,103" hai2="119,41,39,118,16,82,124,14,34,104,5,130,15" hai3="38,125,22,64,101,76,29,36,89,69,40,11,28"/><U24/><E100/><V116/><F104/><W26/><G125/><T0/><D114/><U96/><E99/><V23/><F34/><W58/><G29/><T127/><D32/><U92/><E92/><V122/><F122/><W47/><G38/><T9/><D107/><U62/><E62/><V30/><F124/><W68/><G76/><T85/><D127/><U84/><E84/><V46/><F30/><W80/><G101/><T90/><D78/><U81/><E81/><V20/><F130/><N who="0" m="49674" /><D0/><U61/><E61/><V97/><F97/><W70/><G11/><N who="0" m="4171" /><D111/><U63/><E63/><V71/><F5/><W1/><G1/><T33/><D33/><U31/><REACH who="1" step="1"/><E134/><REACH who="1" ten="240,178,322,250" step="2"/><V133/><F133/><W72/><G72/><T128/><N who="0" m="49682" /><T67/><DORA hai="95" /><D67/><AGARI ba="0,1" hai="4,7,21,24,31,37,42,45,57,60,67,93,96,103" machi="67" ten="30,12000,1" yaku="1,1,7,1,25,2,52,1,53,0" doraHai="65,95" doraHaiUra="115,12" who="1" fromWho="0" sc="240,-120,178,130,322,0,250,0" /><INIT seed="1,1,0,2,5,35" ten="120,308,322,250" oya="1" hai0="74,2,46,125,43,51,53,112,90,31,15,100,122" hai1="72,116,8,61,135,16,85,113,92,119,103,62,64" hai2="108,110,58,57,70,81,79,7,83,37,65,6,47" hai3="59,127,80,120,99,121,124,18,117,66,97,88,102"/><U25/><E72/><V76/><F70/><W98/><G18/><T68/><D74/><U104/><E113/><V22/><F22/><W42/><G42/><T1/><D112/><U19/><E104/><V10/><F65/><W132/><G59/><T107/><D68/><U52/><E135/><V73/><F47/><W130/><G66/><T123/><D125/><N who="3" m="48201" /><G132/><T55/><D31/><U14/><E64/><V26/><F26/><W78/><G130/><T36/><D90/><N who="1" m="53327" /><E103/><V82/><F37/><W20/><G20/><T4/><D100/><U50/><E119/><V5/><F10/><W0/><G0/><N who="0" m="107" /><D107/><U133/><E116/><V89/><F89/><W69/><G69/><T38/><D38/><U126/><E133/><V3/><F3/><W17/><G17/><N who="1" m="6730" /><E25/><V28/><F28/><W77/><G117/><T134/><D134/><U9/><E126/><V56/><F73/><W96/><G77/><AGARI ba="1,0" hai="5,6,7,56,57,58,76,77,79,81,82,83,108,110" machi="77" ten="50,8000,1" yaku="29,2,28,2" doraHai="35" who="2" fromWho="3" sc="120,0,308,0,322,83,250,-83" /><INIT seed="2,0,0,2,4,87" ten="120,308,405,167" oya="2" hai0="94,52,84,63,32,44,129,1,53,17,125,10,26" hai1="135,25,102,72,130,0,123,36,120,28,7,34,8" hai2="46,39,35,92,61,37,79,128,21,115,4,62,29" hai3="12,6,20,22,110,77,23,134,24,3,51,85,48"/><V43/><F43/><W112/><BYE who="2" /><G110/><T118/><D125/><UN n2="%E7%99%BD%E6%97%A5%E9%9B%AA%E8%8F%9C" /><U114/><E72/><V42/><F115/><W70/><G70/><T122/><D122/><U100/><E36/><V93/><F37/><W41/><G3/><T73/><D73/><U74/><E74/><V81/><F35/><W45/><G112/><T47/><D129/><U59/><E114/><V88/><F128/><W49/><G134/><T103/><D118/><U96/><E130/><V127/><F127/><W109/><G109/><T119/><D119/><U16/><E135/><V75/><F4/><W78/><G24/><T56/><D53/><U132/><E59/><V82/><F82/><N who="3" m="47311" /><G78/><T33/><D33/><U68/><E68/><V5/><F5/><W66/><G66/><T50/><D63/><U106/><E132/><V131/><F93/><W15/><G15/><T117/><D117/><U54/><E54/><V98/><F131/><W38/><G38/><T86/><D1/><U113/><E113/><V116/><F116/><W80/><G80/><T111/><D111/><U64/><E64/><V27/><AGARI ba="0,0" hai="21,27,29,39,42,46,61,62,75,79,81,88,92,98" machi="27" ten="30,6000,0" yaku="0,1,52,1,54,1" doraHai="87" who="2" fromWho="2" sc="120,-20,308,-20,405,60,167,-20" /><INIT seed="2,1,0,4,5,135" ten="100,288,465,147" oya="2" hai0="15,81,1,12,83,4,68,100,132,16,119,14,39" hai1="45,96,130,44,42,80,118,54,121,63,106,47,26" hai2="98,71,92,0,84,110,99,102,66,43,86,126,40" hai3="5,89,129,51,122,3,112,75,82,85,91,28,76"/><V30/><F0/><W70/><G122/><T27/><D68/><U60/><E118/><V131/><F131/><W35/><G129/><T36/><D132/><U25/><E130/><V49/><F30/><W8/><G70/><T109/><D100/><U24/><E106/><V59/><F71/><W77/><G112/><T125/><D4/><U13/><E121/><V61/><F110/><W133/><G133/><T20/><D1/><U22/><E80/><V50/><F98/><W6/><G6/><T78/><D109/><U17/><E42/><V23/><F23/><W128/><G128/><T93/><D119/><U21/><E96/><V127/><F43/><W113/><G113/><T88/><D125/><N who="2" m="47626" /><F40/><W97/><G28/><T58/><D58/><U90/><E22/><V69/><F69/><W103/><G35/><T37/><REACH who="0" step="1"/><D78/><REACH who="0" ten="90,288,465,147" step="2"/><U116/><E116/><V107/><F107/><W46/><G76/><T18/><D18/><U123/><E123/><V72/><F72/><W2/><G75/><T104/><D104/><U65/><E17/><V111/><F111/><W33/><G2/><T94/><D94/><U34/><E47/><V67/><F66/><W101/><G3/><T95/><D95/><U74/><E65/><V117/><F117/><W79/><G79/><T115/><D115/><U31/><E74/><V19/><F19/><W105/><G77/><T9/><D9/><U57/><E31/><V62/><F62/><W11/><G8/><T52/><D52/><U7/><E54/><V120/><F92/><W55/><G11/><T10/><D10/><N who="1" m="4319" /><E60/><V114/><F61/><RYUUKYOKU ba="1,1" sc="90,30,288,-10,465,-10,147,-10" hai0="12,14,15,16,20,27,36,37,39,81,83,88,93" /><INIT seed="3,2,1,3,0,87" ten="120,278,455,137" oya="3" hai0="8,9,52,66,56,64,95,129,54,85,12,83,30" hai1="22,57,55,68,44,130,0,127,123,109,94,91,70" hai2="63,114,92,17,133,107,47,102,98,110,40,73,82" hai3="108,117,29,97,93,81,37,76,120,61,78,125,134"/><W77/><G120/><T46/><D129/><U113/><E113/><V96/><F114/><W88/><G117/><T116/><D116/><U74/><E74/><V1/><F1/><W48/><G37/><T100/><D30/><U21/><E0/><V65/><F110/><W13/><G29/><T11/><D46/><U24/><E44/><V19/><F133/><W23/><G134/><T115/><D115/><U126/><E123/><V3/><F3/><W53/><G108/><T39/><D39/><U26/><E130/><V122/><F122/><W36/><G36/><T27/><D27/><U50/><E24/><V28/><F28/><W60/><G81/><T35/><D35/><U31/><E21/><V124/><F124/><N who="1" m="47657" /><E109/><V18/><F73/><W67/><G125/><T111/><D111/><U62/><E62/><V16/><F82/><W72/><G72/><T132/><D132/><U34/><E34/><V42/><F19/><N who="3" m="10735" /><G67/><N who="0" m="25643" /><D12/><U106/><E106/><V10/><F10/><N who="0" m="2562" /><T33/><DORA hai="49" /><D33/><U71/><E71/><V2/><F2/><W118/><G118/><T38/><D38/><U104/><E104/><V59/><F47/><AGARI ba="2,1" hai="47,48,53,60,61,76,77,78,88,93,97" m="10735" machi="47" ten="30,11600,0" yaku="8,1,52,2,54,1" doraHai="87,49" who="3" fromWho="2" sc="120,0,278,0,455,-122,137,132" /><INIT seed="3,3,0,4,2,47" ten="120,278,333,269" oya="3" hai0="70,53,11,85,60,0,99,57,24,103,78,132,76" hai1="118,38,82,4,67,51,26,101,65,98,46,33,95" hai2="128,89,48,125,30,121,133,113,130,87,106,117,135" hai3="44,119,25,83,42,84,43,9,97,92,62,29,49"/><W17/><G119/><T18/><D132/><N who="2" m="50762" /><F117/><W27/><G62/><T131/><D131/><N who="2" m="50218" /><F113/><W56/><G56/><T81/><D70/><U52/><E118/><V110/><F110/><W94/><G43/><T8/><D0/><U100/><E38/><V79/><F125/><W55/><G42/><T96/><D78/><U69/><E69/><V91/><F121/><W10/><G25/><T15/><D24/><U6/><E33/><V120/><F120/><W66/><G66/><N who="1" m="25098" /><E26/><V2/><F106/><W64/><G64/><T58/><D103/><N who="1" m="39499" /><E82/><N who="2" m="47583" /><F2/><W122/><G122/><T63/><REACH who="0" step="1"/><D8/><REACH who="0" ten="110,278,333,269" step="2"/><U105/><E105/><V124/><F124/><W54/><G9/><T88/><D88/><AGARI ba="3,1" hai="4,6,46,51,52,88,95,98" m="39499,25098" machi="88" ten="30,7700,0" yaku="8,1,52,1,54,2" doraHai="47" who="1" fromWho="0" sc="110,-86,278,96,333,0,269,0" owari="24,-47.6,374,47.4,333,13.3,269,-13.1" /></mjloggm>