<mjloggm ver="2.3"><GO type="225" lobby="0"/><UN n0="%E3%81%86%E3%82%8B%E3%81%8A%E3%81%A1%E3%82%83" n1="%6D%75%75%6D%75%72%61" n2="%E3%81%82%E3%81%99%E3%81%AB%E3%82%83%E3%82%80" n3="%4E%55%44%41" dan="16,17,16,17" rate="2063.44,2183.30,2121.87,2140.52" sx="F,F,F,M"/><TAIKYOKU oya="0"/><INIT seed="0,0,0,0,4,29" ten="250,250,250,250" oya="0" hai0="77,120,117,63,38,55,115,28,119,123,62,20,48" hai1="53,113,124,47,118,14,18,133,6,39,94,1,32" hai2="52,11,100,132,106,2,26,65,135,54,21,102,37" hai3="121,34,84,74,103,112,49,75,92,122,3,81,17"/><T10/><D38/><U0/><E118/><N who="0" m="45065" /><D77/><U33/><E124/><V51/><F37/><W44/><G112/><T104/><D104/><U82/><E113/><V86/><F65/><W109/><G3/><T4/><D20/><U108/><E108/><V7/><F86/><W72/><G17/><T57/><D28/><U23/><E133/><N who="2" m="51275" /><F106/><W66/><G66/><N who="0" m="39247" /><D10/><U85/><E94/><V93/><F54/><W70/><G70/><T96/><D96/><U130/><E130/><V126/><F93/><W9/><G9/><T41/><D4/><U22/><E22/><V36/><F36/><W16/><G16/><T61/><D41/><U35/><E6/><V45/><F126/><W111/><G34/><T134/><D115/><U107/><E107/><V50/><F21/><W68/><G103/><T69/><D134/><U90/><REACH who="1" step="1"/><E53/><REACH who="1" ten="250,240,250,250" step="2"/><V40/><F52/><N who="3" m="29735" /><G92/><T59/><D69/><U58/><E58/><V67/><F7/><W131/><G68/><T27/><D27/><U31/><E31/><V46/><F26/><W89/><G131/><T91/><D91/><U128/><E128/><V25/><F25/><W8/><G8/><T24/><D24/><U71/><E71/><V125/><F11/><W116/><G116/><T73/><D73/><U80/><E80/><V12/><F2/><W76/><G89/><T64/><D64/><U5/><E5/><V79/><F67/><W98/><G98/><T87/><D87/><U110/><E110/><AGARI ba="0,1" hai="72,74,75,76,81,84,109,110,111,121,122" m="29735" machi="110" ten="40,2600,0" yaku="14,1,54,1" doraHai="29" who="3" fromWho="1" sc="250,0,240,-26,250,0,250,36" /><INIT seed="1,0,0,0,5,77" ten="250,214,250,286" oya="1" hai0="56,22,31,133,54,71,19,32,45,79,67,6,125" hai1="7,84,3,102,95,87,4,115,25,35,46,118,60" hai2="51,127,59,37,63,34,114,18,47,30,105,57,82" hai3="74,108,21,44,15,129,38,109,116,72,36,83,123"/><U94/><E115/><V101/><F127/><W28/><G123/><T81/><D125/><U69/><E118/><V110/><F114/><W131/><G116/><T61/><D133/><U41/><E3/><V8/><F110/><N who="3" m="42603" /><G44/><T121/><D121/><U16/><E69/><V130/><F130/><N who="3" m="49675" /><G83/><T89/><D6/><N who="1" m="2091" /><E35/><V122/><F122/><W50/><G50/><T12/><D45/><U85/><E60/><V100/><F82/><W106/><G106/><T10/><D89/><U76/><E76/><V92/><F37/><N who="3" m="14443" /><G15/><T96/><D96/><U62/><E62/><V33/><F63/><W80/><G80/><T88/><D71/><U135/><E135/><V0/><F51/><W120/><G120/><T104/><D104/><U2/><E2/><V99/><F0/><W39/><G39/><T73/><D32/><U124/><E124/><V64/><F105/><W42/><G42/><T23/><D67/><U48/><E102/><V75/><F100/><W113/><G113/><T66/><D66/><U53/><E41/><V13/><F64/><W24/><AGARI ba="0,0" hai="21,24,28,72,74" m="14443,49675,42603" machi="24" ten="40,2700,0" yaku="14,1,19,1" doraHai="77" who="3" fromWho="3" sc="250,-7,214,-13,250,-7,286,27" /><INIT seed="2,0,0,5,0,31" ten="243,201,243,313" oya="2" hai0="73,121,11,88,98,75,30,46,114,111,113,103,74" hai1="127,27,83,41,101,102,44,116,90,29,108,42,69" hai2="16,59,77,21,38,1,3,23,125,49,84,8,34" hai3="25,52,54,32,107,79,120,57,37,109,133,100,85"/><V93/><F38/><W9/><G120/><T39/><D121/><U105/><E116/><V36/><F36/><W135/><G37/><T126/><D111/><U70/><E108/><V66/><F125/><W76/><G109/><T63/><D126/><U128/><E127/><V20/><F34/><W123/><G123/><T118/><D118/><U19/><E128/><V2/><F8/><W7/><G100/><T99/><D30/><U124/><E124/><V10/><F10/><W95/><G107/><T56/><D11/><U6/><E6/><V60/><F49/><N who="3" m="30863" /><G54/><T112/><D88/><U43/><E44/><V55/><F55/><W115/><G115/><T24/><D24/><U81/><E19/><V97/><F84/><W132/><G95/><T58/><D63/><U4/><E4/><V12/><REACH who="2" step="1"/><F77/><REACH who="2" ten="243,201,233,313" step="2"/><W80/><G76/><T131/><D131/><U129/><E129/><V96/><F96/><W119/><G119/><T33/><D33/><U26/><E43/><V110/><F110/><W62/><G9/><T50/><D39/><U104/><REACH who="1" step="1"/><E29/><REACH who="1" ten="243,191,233,313" step="2"/><V61/><F61/><W17/><G62/><T134/><D112/><U92/><E92/><V130/><F130/><W51/><G7/><T18/><D114/><U13/><E13/><V65/><F65/><W28/><G17/><T40/><D113/><U45/><E45/><V68/><F68/><W89/><G51/><T91/><D18/><U86/><E86/><V87/><F87/><W15/><G15/><T72/><D72/><U94/><E94/><V82/><F82/><W117/><G117/><T47/><D50/><RYUUKYOKU ba="0,2" sc="243,-30,191,10,233,10,313,10" hai1="26,27,41,42,69,70,81,83,90,101,102,104,105" hai2="1,2,3,12,16,20,21,23,59,60,66,93,97" hai3="25,28,32,79,80,85,89,132,133,135" /><INIT seed="2,1,2,4,1,73" ten="213,201,243,323" oya="2" hai0="93,35,48,57,18,128,68,84,34,101,2,121,41" hai1="9,11,47,85,108,102,14,107,1,17,3,126,16" hai2="89,81,112,118,100,127,83,95,106,104,90,44,52" hai3="120,59,62,123,119,55,114,22,67,8,110,28,80"/><V46/><F112/><W71/><G119/><T43/><D68/><U58/><E108/><V21/><F118/><W77/><G110/><T27/><D121/><U116/><E116/><V132/><F132/><W91/><G114/><T4/><D128/><U7/><E126/><V38/><F127/><W39/><G39/><T60/><D2/><U109/><E109/><V99/><F38/><W86/><G8/><T56/><D4/><U50/><E58/><V10/><F10/><W133/><G133/><T49/><D35/><U125/><E125/><V61/><F21/><W51/><G28/><T30/><D18/><U40/><E85/><V88/><F106/><W25/><G25/><T135/><D57/><U79/><E79/><V24/><F24/><W64/><G22/><N who="0" m="15735" /><D135/><U13/><REACH who="1" step="1"/><E7/><REACH who="1" ten="213,191,243,323" step="2"/><V45/><F104/><W82/><G67/><N who="0" m="39303" /><D34/><U63/><E63/><V29/><F29/><W23/><G23/><T53/><D84/><AGARI ba="1,3" hai="51,55,59,62,64,71,77,80,82,84,86,91,120,123" machi="84" ten="30,2000,0" yaku="7,1,52,1" doraHai="73" who="3" fromWho="0" sc="213,-23,191,0,243,0,323,53" /><INIT seed="3,0,0,0,5,28" ten="190,191,243,376" oya="3" hai0="0,95,61,120,130,4,105,125,92,9,91,33,56" hai1="44,43,18,10,89,90,29,39,3,42,15,55,123" hai2="36,7,78,19,100,76,79,26,69,113,116,75,34" hai3="93,37,67,74,107,133,128,38,122,11,117,106,118"/><W5/><G93/><T1/><D105/><U50/><E123/><V59/><F69/><W8/><G8/><T24/><D120/><U104/><E104/><V32/><F36/><W17/><G17/><T40/><D125/><U114/><E114/><V80/><F113/><W13/><G67/><T31/><D130/><U68/><E68/><V49/><F116/><W12/><G12/><T112/><D112/><U73/><E73/><V124/><F7/><W47/><G47/><T70/><D70/><U77/><E3/><V126/><F100/><W110/><G74/><T84/><D40/><N who="1" m="15403" /><E39/><V54/><F80/><W16/><G16/><T65/><REACH who="0" step="1"/><D0/><REACH who="0" ten="180,191,243,376" step="2"/><U23/><E77/><V2/><F2/><W119/><G106/><T87/><D87/><U6/><E6/><V109/><F75/><W111/><G107/><T63/><D63/><U83/><E83/><AGARI ba="0,1" hai="1,4,9,24,31,33,56,61,65,83,84,91,92,95" machi="83" ten="30,7700,0" yaku="1,1,7,1,52,1,53,1" doraHai="28" doraHaiUra="53" who="0" fromWho="1" sc="180,87,191,-77,243,0,376,0" owari="267,6.7,114,-38.6,243,-15.7,376,47.6" /></mjloggm>