<mjloggm ver="2.3"><GO type="225" lobby="0"/><UN n0="%E3%81%B5%E3%81%98%E3%81%8B%E3%81%A4" n1="%72%69%6F%75%63%68%61%6E" n2="%E9%97%98%E5%B0%86%E3%81%A0%E3%82%93%E3%81%A7%E3%81%83" n3="%E3%81%BF%E3%81%BF%E3%81%9A" dan="16,16,16,17" rate="2191.80,2170.68,2129.09,2276.75" sx="M,M,M,M"/><TAIKYOKU oya="0"/><INIT seed="0,0,0,5,2,14" ten="250,250,250,250" oya="0" hai0="1,42,74,18,33,59,56,114,85,21,12,81,41" hai1="8,17,88,5,97,110,84,107,52,109,94,123,121" hai2="7,79,0,11,133,57,72,36,93,118,78,25,108" hai3="66,62,47,95,120,46,34,104,22,130,122,125,73"/><T135/><D114/><U92/><E107/><V28/><F108/><N who="1" m="41577" /><E5/><V40/><F133/><W51/><G104/><T54/><D135/><U134/><E134/><V89/><F72/><W99/><G34/><T48/><D74/><U58/><E8/><V128/><F128/><W31/><G73/><T82/><D33/><U69/><E17/><V112/><F112/><W20/><G125/><T70/><D70/><U15/><E15/><V111/><F111/><W39/><G39/><T19/><D1/><U4/><E4/><V38/><F118/><W32/><G32/><T126/><D126/><U65/><E65/><V6/><F6/><W105/><G105/><T71/><D59/><U90/><E69/><V87/><F38/><W10/><G10/><N who="0" m="6423" /><D71/><U119/><E119/><V102/><F102/><N who="3" m="60799" /><G130/><T67/><D67/><U37/><E37/><V24/><F57/><N who="3" m="37199" /><G46/><T101/><D101/><U45/><E45/><V106/><F106/><W77/><G77/><N who="0" m="46255" /><D82/><U76/><E76/><V61/><F79/><W75/><G75/><T117/><D117/><U44/><E44/><V103/><F78/><W115/><G115/><T100/><D100/><U30/><E30/><V2/><F103/><W53/><G31/><T29/><D29/><U23/><E23/><V35/><F2/><W80/><G80/><T43/><D21/><U127/><E127/><V50/><F36/><W13/><G13/><T86/><D86/><U83/><E83/><V124/><F124/><W64/><G64/><T116/><D116/><U91/><E91/><V26/><F35/><W60/><G20/><T3/><D3/><RYUUKYOKU ba="0,0" sc="250,15,250,15,250,-15,250,-15" hai0="19,41,42,43,48,54,56" hai1="52,58,84,88,90,92,94,97,121,123" /><INIT seed="0,1,0,3,1,135" ten="265,265,235,235" oya="0" hai0="0,8,70,134,44,75,10,112,58,57,128,82,1" hai1="41,117,121,118,64,18,101,15,3,12,27,39,123" hai2="119,40,68,78,36,92,125,13,21,79,98,87,105" hai3="100,74,116,61,73,114,50,62,131,17,99,56,111"/><T25/><BYE who="3" /><D112/><U132/><E3/><UN n3="%E3%81%BF%E3%81%BF%E3%81%9A" /><V33/><F68/><W46/><G114/><T77/><D134/><U95/><E132/><V31/><F33/><W97/><G116/><T133/><D133/><U14/><E64/><V103/><F119/><N who="1" m="45577" /><E95/><V26/><F125/><W9/><G111/><T6/><D70/><U7/><E101/><V115/><F115/><W30/><G30/><T106/><D106/><U23/><E41/><V49/><F36/><W42/><G131/><T66/><D128/><U86/><E86/><V102/><F13/><N who="1" m="5225" /><E39/><V60/><F60/><W72/><G9/><AGARI ba="1,0" hai="7,9,15,18,23,27,121,123" m="5225,45577" machi="9" ten="30,2000,0" yaku="34,2" doraHai="135" who="1" fromWho="3" sc="265,0,265,23,235,0,235,-23" /><INIT seed="1,0,0,0,4,62" ten="265,288,235,212" oya="1" hai0="56,25,65,0,101,67,103,44,126,41,59,105,95" hai1="17,49,9,38,106,68,111,6,34,125,69,21,104" hai2="132,116,63,88,23,2,85,129,121,124,122,87,64" hai3="32,80,20,29,120,115,12,8,92,70,96,35,58"/><U97/><E38/><V86/><F116/><W100/><G70/><T31/><D0/><U131/><E34/><V11/><F132/><W74/><G120/><T51/><D105/><U94/><E125/><V114/><F124/><W61/><G115/><T117/><D126/><U4/><E131/><V78/><F129/><W53/><G74/><T57/><D117/><U54/><E111/><V83/><F114/><W81/><G32/><T119/><D119/><U55/><E106/><V134/><F134/><W110/><G35/><T10/><D10/><U98/><E104/><V93/><F87/><W73/><G73/><T43/><D43/><U66/><E98/><V84/><F84/><W30/><G110/><T45/><D45/><U18/><E18/><V75/><F75/><W135/><G135/><T33/><REACH who="0" step="1"/><D95/><REACH who="0" ten="255,288,235,212" step="2"/><U109/><E109/><V48/><F23/><W37/><G37/><T89/><D89/><U99/><E94/><V24/><F11/><W36/><G36/><T60/><D60/><U128/><E9/><V107/><F2/><W40/><G40/><T77/><D77/><U19/><E21/><V123/><F107/><W82/><REACH who="3" step="1"/><G20/><REACH who="3" ten="255,288,235,202" step="2"/><T79/><D79/><U27/><E128/><V108/><F108/><W52/><G52/><T118/><D118/><U102/><E54/><V14/><F123/><W133/><G133/><T113/><D113/><U16/><E55/><V130/><F122/><W1/><G1/><T91/><D91/><U50/><E102/><AGARI ba="0,2" hai="25,31,33,41,44,51,56,57,59,65,67,101,102,103" machi="102" ten="40,5200,0" yaku="1,1,52,2,53,0" doraHai="62" doraHaiUra="13" who="0" fromWho="1" sc="255,72,288,-52,235,0,202,0" /><INIT seed="2,0,0,0,1,109" ten="327,236,235,202" oya="2" hai0="90,60,23,56,86,50,81,102,53,67,110,8,100" hai1="106,6,51,10,113,13,61,37,47,46,22,70,72" hai2="21,75,66,128,17,52,68,104,11,7,49,43,95" hai3="3,88,32,120,78,24,41,117,127,74,12,132,44"/><V115/><F115/><W98/><G120/><T131/><D110/><U89/><E113/><V116/><F104/><W64/><G117/><T130/><D8/><U103/><E72/><V133/><F116/><W15/><G3/><T25/><D131/><U55/><E89/><V38/><F75/><W9/><G64/><T126/><D126/><U0/><E106/><V83/><F83/><W94/><G127/><T107/><D107/><U4/><E103/><V59/><F128/><W99/><G132/><T62/><D62/><U111/><E111/><V105/><F105/><W119/><G119/><T118/><D118/><U18/><E4/><V1/><F133/><W40/><G98/><T114/><D114/><U27/><E37/><V82/><F82/><W31/><G44/><N who="0" m="27847" /><D130/><U69/><E46/><V122/><F122/><W33/><G33/><T135/><D135/><U112/><E112/><V125/><F125/><W63/><G63/><T35/><D35/><U54/><REACH who="1" step="1"/><E0/><REACH who="1" ten="327,226,235,202" step="2"/><V76/><F38/><W19/><G74/><T124/><D124/><U101/><E101/><V77/><F77/><W123/><G78/><T5/><D5/><U65/><E65/><V71/><F76/><W85/><G123/><T42/><D102/><U121/><E121/><V26/><F66/><W20/><G99/><T45/><D100/><U87/><E87/><V29/><F95/><W34/><REACH who="3" step="1"/><G32/><REACH who="3" ten="327,226,235,192" step="2"/><T80/><D45/><U92/><E92/><V36/><F36/><W2/><G2/><T28/><D80/><U129/><E129/><V96/><F96/><W57/><G57/><AGARI ba="0,2" hai="6,10,13,18,22,27,47,51,54,55,57,61,69,70" machi="57" ten="40,1300,0" yaku="1,1,53,0" doraHai="109" doraHaiUra="30" who="1" fromWho="3" sc="327,0,226,33,235,0,192,-13" /><INIT seed="3,0,0,1,4,44" ten="327,259,235,179" oya="3" hai0="3,94,40,1,26,55,54,57,65,51,75,118,106" hai1="16,42,59,24,21,2,39,77,38,82,131,18,71" hai2="0,99,8,117,111,126,19,97,73,15,35,62,125" hai3="132,112,69,124,25,114,74,67,108,48,121,12,78"/><W5/><G121/><T127/><D106/><U83/><E71/><V10/><F111/><W9/><G108/><T49/><D75/><U34/><E2/><V45/><F35/><W103/><G103/><T95/><D118/><U90/><E131/><V31/><F31/><W27/><G124/><N who="2" m="47721" /><F73/><W80/><G132/><T134/><D40/><U68/><E68/><V47/><F62/><W61/><REACH who="3" step="1"/><G48/><REACH who="3" ten="327,259,235,169" step="2"/><N who="0" m="30919" /><D134/><U28/><E38/><V13/><F117/><W76/><G76/><T115/><D51/><U87/><E39/><V88/><F0/><W116/><G116/><T4/><D1/><U22/><E77/><V66/><F66/><W133/><G133/><T70/><D65/><U105/><E105/><V50/><F88/><W36/><G36/><T58/><D3/><U135/><E135/><V30/><F47/><W122/><G122/><T84/><D127/><U98/><E90/><V86/><F45/><W29/><G29/><T92/><D49/><U20/><E42/><V53/><F30/><W100/><G100/><T130/><D130/><U128/><E128/><V60/><F50/><W110/><G110/><T14/><D115/><AGARI ba="0,1" hai="5,9,12,25,27,61,67,69,74,78,80,112,114,115" machi="115" ten="40,2000,0" yaku="1,1,53,0" doraHai="44" doraHaiUra="33" who="3" fromWho="0" sc="327,-20,259,0,235,0,169,30" /><INIT seed="3,1,0,2,5,58" ten="307,259,235,199" oya="3" hai0="45,108,68,112,104,46,66,106,95,11,134,37,13" hai1="43,82,25,20,115,105,33,87,75,88,83,76,57" hai2="98,102,92,81,53,72,114,120,8,111,89,80,132" hai3="130,91,78,65,52,122,74,31,27,2,14,103,118"/><W133/><G118/><T15/><D37/><U90/><E115/><V50/><F114/><W49/><G122/><T59/><D112/><U7/><E105/><V1/><F111/><W41/><G2/><T4/><D108/><U93/><E33/><V119/><F119/><W70/><G103/><T40/><D68/><U28/><E43/><V121/><F132/><W24/><G41/><T125/><D134/><U67/><E7/><N who="2" m="1135" /><F72/><W10/><G133/><T109/><D125/><U42/><E42/><V19/><F19/><W39/><G39/><T99/><D46/><U38/><E38/><V97/><F53/><W107/><G107/><T35/><D15/><U3/><E3/><V69/><F50/><W94/><G130/><T16/><D35/><U54/><E67/><V126/><F69/><W21/><G27/><T22/><D66/><U131/><E131/><V128/><F128/><W47/><G70/><T30/><D59/><U116/><E116/><V56/><F56/><W101/><G65/><T63/><D109/><U44/><E44/><V96/><F126/><W64/><G64/><T77/><D106/><U12/><E12/><V0/><F0/><W123/><G123/><N who="2" m="47177" /><F102/><W84/><G101/><T55/><D55/><U18/><E18/><V73/><F73/><W127/><G127/><T5/><D16/><U135/><E135/><V26/><F26/><W79/><G74/><T85/><D4/><AGARI ba="1,0" hai="4,10,14,21,24,31,47,49,52,78,79,84,91,94" machi="4" ten="30,5800,0" yaku="7,1,8,1,54,1" doraHai="58" who="3" fromWho="0" sc="307,-61,259,0,235,0,199,61" /><INIT seed="3,2,0,5,3,117" ten="246,259,235,260" oya="3" hai0="34,74,119,32,51,70,101,118,89,45,130,127,125" hai1="107,115,116,22,52,82,83,112,100,86,43,18,99" hai2="121,102,69,62,105,5,61,95,13,106,35,73,10" hai3="104,120,96,124,31,134,1,111,6,4,44,47,54"/><W126/><G120/><T98/><D70/><U12/><E116/><V97/><F121/><W37/><G134/><T65/><D74/><U68/><E68/><V40/><F73/><W80/><G31/><T57/><D130/><U71/><E71/><V28/><F40/><N who="3" m="22543" /><G80/><T90/><D65/><U42/><E82/><V59/><F69/><W123/><G123/><T30/><D57/><U92/><E107/><V25/><REACH who="2" step="1"/><F62/><REACH who="2" ten="246,259,225,260" step="2"/><W109/><G126/><N who="0" m="48139" /><D119/><U56/><E115/><V7/><F7/><W64/><G124/><T60/><D118/><U8/><E112/><V14/><F14/><W88/><G1/><T110/><D60/><U49/><E8/><V50/><F50/><N who="3" m="29023" /><G64/><AGARI ba="2,1" hai="5,10,13,25,28,35,59,61,64,95,97,102,105,106" machi="64" ten="30,2000,0" yaku="1,1,7,1,53,0" doraHai="117" doraHaiUra="131" who="2" fromWho="3" sc="246,0,259,0,225,36,260,-26" /><INIT seed="4,0,0,4,1,133" ten="246,259,261,234" oya="0" hai0="0,49,61,123,3,120,40,39,10,115,105,27,7" hai1="62,16,93,18,2,19,112,67,71,90,56,31,15" hai2="88,135,1,119,122,41,103,121,79,60,100,87,5" hai3="59,110,6,55,127,84,94,78,37,42,73,113,108"/><T29/><D115/><U64/><E2/><V111/><F135/><W134/><G134/><T9/><D49/><U63/><E31/><V109/><F41/><W46/><G113/><T75/><D61/><U86/><REACH who="1" step="1"/><E112/><REACH who="1" ten="246,249,261,234" step="2"/><V126/><F1/><W43/><G110/><T118/><D3/><U95/><E95/><V130/><F111/><W34/><G108/><T104/><D105/><U77/><E77/><V124/><F79/><W35/><G78/><T129/><D104/><U83/><E83/><V99/><F109/><W132/><G94/><T22/><D120/><U30/><E30/><V17/><F121/><W50/><G132/><T125/><D123/><U81/><E81/><V106/><F122/><W68/><G35/><T98/><D0/><U116/><E116/><V107/><F119/><W82/><G34/><T33/><D33/><U52/><E52/><V13/><F107/><W38/><G82/><T57/><D118/><U92/><E92/><V117/><F117/><W12/><G55/><T85/><D29/><U66/><E66/><V76/><F76/><W65/><G65/><T131/><D131/><U97/><E97/><V72/><F99/><W91/><G73/><T54/><D75/><U25/><E25/><V69/><F72/><W53/><G12/><AGARI ba="0,1" hai="12,15,16,18,19,56,62,63,64,67,71,86,90,93" machi="12" ten="40,8000,1" yaku="1,1,54,1,53,2" doraHai="133" doraHaiUra="11" who="1" fromWho="3" sc="246,0,249,90,261,0,234,-80" owari="246,-15.4,339,43.9,261,6.1,154,-34.6" /></mjloggm>