<mjloggm ver="2.3"><GO type="225" lobby="0"/><UN n0="%E6%80%AA%E3%81%97%E3%81%99%E3%81%8E%E3%82%8B%E3%83%81%E3%83%BC" n1="%6D%75%75%6D%75%72%61" n2="%E8%81%B7%E6%A5%AD%E3%80%81%E9%A2%A8%32" n3="%E7%BD%AA%E5%88%91%E6%B3%95%E5%AE%9A%E4%B8%BB%E7%BE%A9" dan="17,16,16,16" rate="2196.44,2099.27,2098.81,2163.83" sx="M,F,M,M"/><TAIKYOKU oya="0"/><INIT seed="0,0,0,1,1,129" ten="250,250,250,250" oya="0" hai0="95,73,41,35,77,33,18,47,90,9,125,44,52" hai1="37,39,102,20,108,51,122,31,103,8,0,106,113" hai2="133,89,121,79,68,6,53,78,130,32,81,75,105" hai3="92,126,23,70,124,48,54,10,128,99,36,87,110"/><T100/><D125/><N who="3" m="48233" /><G128/><T115/><D115/><U76/><E122/><V50/><F68/><W7/><G36/><T69/><D69/><U65/><E108/><V4/><F32/><W116/><G70/><T56/><D100/><U97/><E65/><V17/><F130/><W30/><G110/><T62/><D77/><U93/><E76/><V34/><F34/><W22/><G87/><T3/><D73/><U55/><E113/><V74/><F121/><W91/><G30/><T60/><D60/><U61/><E61/><V58/><F105/><W38/><G38/><T66/><D66/><U26/><E103/><V21/><F133/><W2/><G116/><T43/><D43/><U42/><E42/><V13/><REACH who="2" step="1"/><F89/><REACH who="2" ten="250,250,240,250" step="2"/><W94/><G92/><T112/><D35/><U132/><E93/><V40/><F40/><W131/><G131/><T45/><D33/><U49/><E132/><V16/><F16/><W27/><G27/><T1/><D41/><U82/><E26/><V96/><F96/><W134/><G134/><T72/><D112/><U86/><E97/><V71/><F71/><W14/><G2/><T46/><D3/><U57/><E0/><V29/><F29/><W63/><G63/><T123/><D1/><U59/><E31/><V15/><F15/><W117/><G117/><T25/><D123/><U85/><E106/><V84/><F84/><W101/><G91/><T28/><D72/><U109/><E85/><V24/><F24/><W67/><G94/><T120/><D120/><U11/><E86/><V135/><F135/><W127/><G99/><T104/><D25/><RYUUKYOKU ba="0,1" sc="250,-10,250,-10,240,30,250,-10" hai2="4,6,13,17,21,50,53,58,74,75,78,79,81" /><INIT seed="1,1,1,0,1,103" ten="240,240,270,240" oya="1" hai0="97,111,129,98,41,29,91,116,81,67,43,86,20" hai1="73,112,12,85,105,78,71,110,10,34,9,59,77" hai2="17,27,56,124,25,69,23,93,28,2,75,44,46" hai3="64,58,70,7,4,125,65,33,68,126,96,55,117"/><U102/><E112/><V38/><F69/><N who="3" m="26731" /><G33/><T19/><D116/><U100/><E71/><V37/><F75/><W95/><G95/><T11/><D111/><U123/><E123/><V26/><F2/><W24/><G24/><N who="0" m="16519" /><D129/><U119/><E119/><V36/><F27/><W51/><G96/><N who="0" m="36971" /><D67/><N who="3" m="25673" /><G7/><T130/><D130/><U121/><E121/><V118/><F93/><W49/><G4/><T66/><D66/><U14/><E34/><V35/><F118/><W115/><G117/><T48/><D48/><N who="3" m="18505" /><G115/><T15/><AGARI ba="1,1" hai="11,15,19,41,43,81,86,91" m="36971,16519" machi="15" ten="30,1100,0" yaku="8,1" doraHai="103" who="0" fromWho="0" sc="240,24,240,-6,270,-4,240,-4" /><INIT seed="2,0,0,1,1,83" ten="264,234,266,236" oya="2" hai0="133,71,0,102,127,63,86,93,78,70,92,85,91" hai1="54,4,64,123,90,45,46,68,112,57,94,107,118" hai2="3,120,109,67,117,19,60,111,8,6,74,89,95" hai3="103,22,38,58,132,52,81,21,69,115,34,98,61"/><V100/><F120/><W75/><G34/><T43/><D0/><U48/><E118/><V36/><F117/><W37/><G69/><T31/><D127/><U87/><E112/><V25/><F74/><W18/><G115/><T116/><D116/><U5/><E123/><V35/><F36/><W17/><G132/><T122/><D122/><U77/><E107/><V23/><F35/><W108/><G108/><N who="2" m="41545" /><F100/><W12/><G81/><T59/><D133/><U104/><E104/><V47/><F47/><N who="1" m="17929" /><E68/><V66/><F60/><W114/><G75/><T11/><D43/><U135/><E135/><V80/><F80/><W42/><G42/><T128/><D71/><U20/><E77/><V124/><F124/><W15/><REACH who="3" step="1"/><G114/><REACH who="3" ten="264,234,266,226" step="2"/><T84/><D70/><U105/><E105/><AGARI ba="0,1" hai="12,15,17,18,21,22,37,38,52,58,61,98,103,105" machi="105" ten="30,12000,2" yaku="1,1,2,1,7,1,9,1,54,1,53,1" doraHai="83" doraHaiUra="53" who="3" fromWho="1" sc="264,0,234,-120,266,0,226,130" /><INIT seed="3,0,0,2,4,120" ten="264,114,266,356" oya="3" hai0="61,46,78,133,12,38,116,21,70,14,106,117,52" hai1="35,119,69,64,111,26,36,94,31,27,87,23,90" hai2="1,33,53,96,11,80,15,29,25,98,112,41,30" hai3="92,34,113,8,93,132,89,105,10,39,50,48,3"/><W7/><G113/><T2/><D106/><U59/><E119/><V103/><F1/><W5/><G105/><T83/><D2/><U54/><E36/><V97/><F112/><W128/><G39/><T16/><D133/><U43/><E69/><V66/><F41/><W18/><G132/><T127/><D127/><U56/><E43/><V6/><F30/><W77/><G77/><T126/><D126/><U49/><E35/><V79/><F66/><W130/><G18/><T88/><D38/><U81/><E27/><V73/><F53/><W114/><G114/><T58/><D46/><U108/><E64/><V63/><F63/><W19/><G19/><T101/><D70/><U109/><REACH who="1" step="1"/><E59/><REACH who="1" ten="264,104,266,356" step="2"/><V17/><F33/><W121/><G34/><T95/><D58/><U13/><E13/><V124/><F15/><W60/><G3/><T74/><D14/><U99/><E99/><V84/><F96/><W9/><G121/><T45/><D12/><U51/><E51/><V134/><F97/><W85/><G50/><T102/><D45/><U76/><E76/><V42/><F98/><W118/><G48/><T57/><D116/><U67/><E67/><V47/><F79/><W28/><G118/><T0/><D117/><U44/><E44/><V115/><F25/><W135/><G135/><T86/><D0/><U110/><N who="1" m="27648" /><DORA hai="37" /><U68/><E68/><V125/><F47/><W129/><G130/><T100/><D101/><U24/><E24/><V4/><F103/><W62/><G129/><T22/><D100/><U131/><E131/><V71/><F134/><W55/><G128/><RYUUKYOKU ba="0,1" sc="264,-10,104,30,266,-10,356,-10" hai1="23,26,31,49,54,56,81,87,90,94" owari="254,-14.6,134,-36.6,256,5.6,356,45.6" /></mjloggm>