<mjloggm ver="2.3"><GO type="225" lobby="0"/><UN n0="%E3%82%BC%E3%83%AB%E3%83%80%E3%81%AE%E4%BC%9D%E8%AA%AC" n1="%E8%81%B7%E6%A5%AD%E3%80%81%E9%A2%A8%32" n2="%E3%83%94%E3%82%B3%E3%83%9E%E3%82%B9%E3%83%86%E3%82%A3%E3%83%95" n3="%E3%81%82%E3%81%99%E3%81%AB%E3%82%83%E3%82%80" dan="16,16,17,16" rate="2175.24,2143.04,2174.92,2186.49" sx="M,M,M,F"/><TAIKYOKU oya="0"/><INIT seed="0,0,0,5,5,35" ten="250,250,250,250" oya="0" hai0="29,33,8,20,25,62,78,109,46,1,54,98,122" hai1="101,130,116,37,82,103,135,118,117,60,32,76,93" hai2="115,80,2,88,52,40,7,66,85,134,42,38,105" hai3="47,83,129,45,94,44,49,63,22,61,19,96,125"/><T111/><D122/><U86/><E130/><V51/><F115/><W73/><G129/><T113/><D113/><U95/><E37/><V36/><F105/><W120/><G120/><T39/><D98/><U43/><E43/><V69/><F134/><W133/><G133/><T21/><D78/><U119/><E32/><V5/><F38/><W10/><G10/><T67/><D54/><U124/><E60/><N who="2" m="40135" /><F42/><W58/><G125/><T89/><D89/><U104/><E135/><V6/><F6/><W102/><G73/><T53/><D53/><U99/><E124/><V18/><F18/><W131/><G83/><T15/><D46/><U123/><E123/><V87/><F2/><W4/><G4/><N who="0" m="1039" /><D39/><U81/><E119/><V41/><F85/><W30/><G30/><T126/><D126/><U132/><E132/><V57/><F41/><W26/><G131/><T16/><D21/><U31/><E31/><V55/><F55/><AGARI ba="0,0" hai="19,22,26,44,45,47,49,55,58,61,63,94,96,102" machi="55" ten="40,1300,0" yaku="8,1" doraHai="35" who="3" fromWho="2" sc="250,0,250,0,250,-13,250,13" /><INIT seed="1,0,0,0,1,128" ten="250,250,237,263" oya="1" hai0="45,134,26,94,124,53,1,39,101,28,52,55,78" hai1="122,100,50,70,42,20,41,36,114,130,119,56,25" hai2="27,105,5,22,121,111,110,12,3,38,24,44,75" hai3="58,95,32,115,29,48,135,71,76,65,14,97,6"/><U88/><E122/><V96/><F75/><W80/><G115/><T90/><D1/><U106/><E70/><V0/><F105/><W112/><G112/><T98/><D124/><U34/><E114/><V102/><F38/><W15/><G32/><T21/><D134/><U82/><E34/><V40/><F96/><W99/><G29/><T8/><D78/><U10/><E119/><V37/><F102/><W116/><G116/><T61/><D8/><U51/><E130/><V64/><F64/><W67/><G135/><T73/><D73/><U68/><E68/><V84/><F84/><N who="3" m="48135" /><G71/><T85/><D39/><U93/><E36/><V7/><F121/><W13/><G6/><N who="2" m="2057" /><F12/><W74/><G99/><T62/><REACH who="0" step="1"/><D45/><REACH who="0" ten="240,250,237,263" step="2"/><N who="1" m="25903" /><E106/><AGARI ba="0,1" hai="21,26,28,52,53,55,61,62,85,90,94,98,101,106" machi="106" ten="40,5200,0" yaku="1,1,54,1,53,1" doraHai="128" doraHaiUra="91" who="0" fromWho="1" sc="240,62,250,-52,237,0,263,0" /><INIT seed="2,0,0,5,3,73" ten="302,198,237,263" oya="2" hai0="78,59,40,76,1,65,56,90,2,38,6,24,88" hai1="113,102,10,95,133,44,7,117,37,4,57,75,60" hai2="61,9,58,99,100,131,129,20,25,125,19,51,17" hai3="126,47,62,124,80,18,70,48,130,23,46,27,55"/><V52/><F125/><W79/><G130/><N who="2" m="49673" /><F9/><W105/><G105/><T41/><D24/><U112/><E117/><V5/><F5/><W96/><G96/><T134/><D6/><U36/><E133/><V92/><F51/><W123/><G123/><T42/><D134/><U98/><E7/><V67/><F67/><W49/><G62/><T91/><D38/><U132/><E132/><V97/><F97/><W81/><G70/><T22/><D22/><U50/><E75/><V31/><AGARI ba="0,0" hai="17,19,20,25,31,52,58,61,92,99,100" m="49673" machi="31" ten="30,3000,0" yaku="19,1,54,1" doraHai="73" who="2" fromWho="2" sc="302,-10,198,-10,237,30,263,-10" /><INIT seed="2,1,0,1,1,23" ten="292,188,267,253" oya="2" hai0="57,54,110,78,8,10,21,80,81,45,127,83,31" hai1="46,38,2,94,18,59,24,134,25,67,51,37,111" hai2="47,128,117,114,53,56,120,88,9,16,107,112,58" hai3="101,49,121,0,41,50,123,64,44,12,106,85,42"/><V99/><F117/><W4/><G0/><T113/><D113/><U119/><E119/><V29/><F120/><W55/><G101/><T95/><D110/><U28/><E111/><V30/><F128/><W3/><G3/><T35/><D35/><U73/><E2/><V122/><F122/><N who="3" m="46603" /><G85/><T75/><D127/><U48/><E73/><V104/><F99/><W11/><G106/><T71/><D71/><U87/><E38/><V72/><F72/><W20/><G20/><T13/><D45/><U34/><E37/><V100/><F100/><W96/><G12/><T63/><D95/><U7/><E7/><V43/><F9/><W135/><G4/><T129/><D129/><U52/><E134/><V68/><F68/><W89/><G89/><T14/><D8/><U5/><E5/><V26/><F88/><W69/><G96/><T77/><D10/><U19/><E25/><V65/><F26/><W131/><G11/><T62/><D62/><U102/><E67/><V76/><F104/><W115/><G131/><T40/><D40/><N who="3" m="15465" /><G135/><T90/><D90/><U91/><E102/><V22/><F107/><W92/><G92/><T109/><D109/><U66/><REACH who="1" step="1"/><E66/><REACH who="1" ten="292,178,267,253" step="2"/><V79/><F65/><W60/><G115/><T93/><D75/><U15/><E15/><N who="0" m="5641" /><D93/><U97/><E97/><V86/><F114/><W133/><G133/><T105/><D105/><U126/><E126/><V39/><F112/><W32/><G32/><T1/><D1/><U132/><E132/><V130/><F39/><W116/><G116/><T17/><D17/><U98/><E98/><V103/><F130/><RYUUKYOKU ba="1,1" sc="292,10,178,10,267,-30,253,10" hai0="21,31,54,57,63,77,78,80,81,83" hai1="18,19,24,28,34,46,48,51,52,59,87,91,94" hai3="44,49,50,55,60,64,69" /><INIT seed="3,2,1,5,3,110" ten="302,188,237,263" oya="3" hai0="0,64,1,6,91,112,106,115,56,113,134,39,109" hai1="102,114,18,128,25,80,2,5,37,34,89,121,62" hai2="53,15,103,63,131,55,38,13,120,33,81,49,126" hai3="17,11,122,61,46,101,135,95,8,83,116,9,87"/><W27/><G116/><T51/><D109/><U58/><E121/><V88/><F38/><W26/><G122/><T93/><D134/><U125/><E37/><V79/><F120/><W85/><G135/><T90/><D39/><U66/><E125/><V31/><F103/><W104/><G104/><T76/><D106/><U3/><E128/><V36/><F36/><W68/><G46/><T124/><D124/><U67/><E102/><V52/><F126/><W28/><G68/><T10/><D76/><U97/><E67/><V54/><F131/><W69/><G69/><T57/><D0/><U40/><E40/><V32/><F63/><W118/><G118/><T84/><D91/><U72/><E5/><V50/><F88/><N who="3" m="53647" /><G101/><T98/><D64/><U96/><E114/><V29/><F55/><W41/><G41/><T129/><D129/><U99/><E72/><V16/><F54/><W78/><G61/><T30/><D30/><U82/><E89/><V44/><F81/><W65/><G65/><T19/><D98/><U75/><E82/><V74/><F74/><W94/><G94/><T100/><D100/><U4/><E4/><V14/><F79/><W59/><G59/><N who="0" m="22603" /><D51/><U130/><E130/><V12/><F49/><W45/><G45/><T7/><D1/><U132/><E132/><V133/><F53/><W73/><G73/><T35/><D35/><N who="2" m="13386" /><F133/><W71/><G71/><T21/><D10/><N who="3" m="4201" /><G28/><T42/><D42/><U117/><E117/><V108/><F108/><W60/><G60/><T127/><D127/><U48/><E34/><V111/><F111/><W92/><G92/><RYUUKYOKU ba="2,1" sc="302,10,188,-30,237,10,263,10" hai0="6,7,19,21,84,90,93,112,113,115" hai2="12,13,14,15,16,29,31,44,50,52" hai3="11,17,26,27,78,83,87" /><INIT seed="3,3,1,2,2,108" ten="312,158,247,273" oya="3" hai0="40,44,13,115,133,35,28,114,23,56,117,33,21" hai1="27,98,50,48,4,24,72,46,6,81,31,131,68" hai2="88,37,110,92,85,29,93,54,64,95,5,2,90" hai3="112,59,109,78,116,123,3,76,65,97,9,30,67"/><W75/><G112/><N who="0" m="43051" /><D133/><U94/><E68/><V42/><F64/><W134/><G116/><T73/><D117/><U16/><E131/><V22/><F110/><W39/><G109/><T113/><D113/><U43/><E72/><V58/><F2/><W20/><G123/><T86/><D73/><U61/><E81/><V69/><F5/><W79/><G39/><N who="0" m="21535" /><D56/><U12/><E61/><V111/><F69/><W132/><G75/><T129/><D129/><U45/><E6/><V60/><F111/><W14/><G3/><T8/><D86/><U106/><E4/><V101/><F37/><W25/><G59/><T103/><D103/><U38/><E106/><V126/><F101/><W77/><N who="3" m="19456" /><DORA hai="135" /><W17/><REACH who="3" step="1"/><G97/><REACH who="3" ten="312,158,247,263" step="2"/><T7/><D35/><U32/><E46/><V55/><F58/><W107/><G107/><T84/><D84/><U53/><E53/><V105/><F55/><W11/><G11/><T10/><D8/><U63/><E63/><V66/><F60/><W99/><G99/><T19/><D7/><U122/><E122/><V74/><F105/><W80/><G80/><T121/><D121/><U49/><E38/><V127/><F74/><W125/><G125/><T119/><D119/><U0/><E0/><V47/><F127/><W100/><G100/><T52/><D52/><U83/><E83/><V128/><F126/><W118/><G118/><T120/><D120/><U34/><E45/><V96/><F47/><W1/><G1/><T18/><D18/><U82/><E82/><V104/><F54/><W102/><G102/><T51/><D51/><U91/><E43/><RYUUKYOKU ba="3,2" sc="312,15,158,-15,247,-15,263,15" hai0="10,13,19,21,23,28,33" hai3="9,14,17,20,25,30,65,67,132,134" /><INIT seed="3,4,2,0,5,115" ten="327,143,232,278" oya="3" hai0="92,99,88,107,66,31,91,30,118,8,82,123,6" hai1="11,60,114,50,89,48,95,65,85,125,9,79,105" hai2="56,121,97,78,98,80,13,69,100,32,129,77,132" hai3="10,74,39,128,20,75,93,64,4,47,54,1,111"/><W29/><G64/><T90/><D118/><U15/><E114/><V14/><F69/><W86/><G128/><T24/><D123/><U119/><E105/><V87/><F32/><W63/><G111/><T53/><D107/><U94/><E125/><V7/><F129/><W42/><G63/><T70/><D70/><U61/><E79/><V117/><F121/><W134/><G54/><T21/><D66/><U23/><E119/><V130/><F130/><W71/><G71/><T0/><D53/><U67/><E23/><V59/><F132/><W62/><G62/><T102/><REACH who="0" step="1"/><D31/><REACH who="0" ten="317,143,232,278" step="2"/><U17/><E15/><V3/><F14/><W22/><G134/><T108/><D108/><U81/><E17/><V116/><F13/><W18/><G29/><T109/><D109/><U127/><E127/><V34/><F116/><W19/><G74/><T49/><D49/><U126/><E126/><V12/><F12/><W76/><G75/><T58/><D58/><U46/><E46/><V104/><F59/><W16/><REACH who="3" step="1"/><G93/><REACH who="3" ten="317,143,232,268" step="2"/><T43/><D43/><U52/><E52/><V113/><F117/><W5/><G5/><T27/><D27/><U135/><E135/><V101/><F7/><W37/><G37/><T36/><D36/><U73/><E73/><V45/><F113/><W35/><G35/><T25/><D25/><U131/><E131/><V2/><F34/><W44/><G44/><T51/><D51/><U124/><E124/><V103/><F45/><W122/><G122/><T83/><AGARI ba="4,4" hai="0,6,8,21,24,30,82,83,88,90,91,92,99,102" machi="83" ten="30,4000,0" yaku="1,1,0,1,54,1,53,0" doraHai="115" doraHaiUra="41" who="0" fromWho="0" sc="317,92,143,-14,232,-14,268,-24" owari="409,50.9,129,-37.1,218,-18.2,244,4.4" /></mjloggm>