<mjloggm ver="2.3"><GO type="225" lobby="0"/><UN n0="%E3%83%B4%E3%83%A0%EF%BC%99%E3%81%A6" n1="%E7%AD%89%E3%80%85%E5%8A%9B%E5%8A%87%E5%A0%B4" n2="%E7%B4%94%E6%BD%94%E3%83%94%E3%83%A9%E3%83%8B%E3%82%A2" n3="%E6%A1%9C%E8%8A%B1%E9%96%83%E3%80%85" dan="17,16,18,17" rate="2194.98,2153.56,2302.82,2150.45" sx="M,M,M,M"/><TAIKYOKU oya="0"/><INIT seed="0,0,0,0,2,0" ten="250,250,250,250" oya="0" hai0="82,89,71,26,113,24,79,88,59,131,122,111,45" hai1="100,68,123,8,2,15,50,95,73,30,125,21,25" hai2="60,32,105,36,17,116,1,20,55,72,48,92,66" hai3="91,102,46,44,132,62,33,11,10,94,35,98,118"/><T63/><D113/><U124/><E73/><V65/><F32/><W85/><G118/><T61/><D122/><U119/><E68/><V110/><F105/><W22/><G132/><T54/><D131/><U121/><E50/><V128/><F36/><W78/><G78/><T58/><D71/><U9/><E100/><V75/><F110/><W104/><G35/><T83/><D45/><U101/><E101/><V6/><F116/><W96/><G33/><T103/><D103/><U77/><E77/><V112/><F112/><W114/><G114/><T52/><REACH who="0" step="1"/><D79/><REACH who="0" ten="240,250,250,250" step="2"/><U38/><E121/><V51/><F128/><W129/><G46/><T23/><D23/><U57/><E21/><V84/><F20/><W135/><G44/><T13/><D13/><U74/><E15/><V42/><F1/><W12/><G129/><T87/><D87/><U108/><E2/><V69/><F84/><W133/><G85/><T40/><D40/><U64/><E123/><V70/><F42/><W97/><G97/><T81/><D81/><U3/><E3/><V28/><F70/><W127/><G22/><T120/><D120/><U39/><E119/><V4/><F69/><W134/><G12/><T49/><D49/><U90/><E39/><V126/><F51/><W37/><G37/><T47/><D47/><U31/><E38/><V99/><F48/><W107/><G107/><T106/><D106/><U115/><E115/><V80/><F80/><W34/><G34/><T29/><D29/><U18/><E31/><V41/><F41/><W53/><G127/><N who="1" m="48714" /><E30/><V93/><F126/><W27/><G27/><RYUUKYOKU ba="0,1" sc="240,15,250,-15,250,-15,250,15" hai0="24,26,52,54,58,59,61,63,82,83,88,89,111" hai3="10,11,53,62,91,94,96,98,102,104,133,134,135" /><INIT seed="0,1,1,2,1,71" ten="255,235,235,265" oya="0" hai0="11,118,48,12,123,106,35,3,16,91,18,53,47" hai1="49,31,67,135,40,114,43,95,109,93,51,75,61" hai2="46,63,87,60,115,23,110,8,116,121,62,89,15" hai3="78,65,99,90,76,107,21,56,120,80,10,45,9"/><T13/><D118/><U131/><E75/><V103/><F115/><W19/><G120/><T0/><D123/><U79/><E79/><N who="3" m="30250" /><G107/><T32/><D106/><U27/><E109/><V59/><F121/><W14/><G45/><T20/><REACH who="0" step="1"/><D91/><REACH who="0" ten="245,235,235,265" step="2"/><U58/><E114/><V54/><F116/><W66/><G66/><T77/><D77/><U98/><E67/><V102/><F110/><W132/><G132/><T55/><D55/><U6/><E135/><V5/><F102/><W126/><G126/><T122/><D122/><U39/><E131/><V100/><F103/><W34/><G65/><T94/><D94/><U130/><E95/><V44/><F100/><W30/><G90/><T117/><D117/><U124/><E93/><V42/><F42/><W28/><G80/><T108/><D108/><U86/><E43/><V36/><F89/><W74/><G74/><T26/><D26/><U113/><E27/><V29/><F54/><W24/><G24/><T69/><D69/><U85/><E40/><V73/><F73/><W70/><G70/><T64/><D64/><U57/><E130/><V82/><F82/><W81/><G81/><T111/><D111/><U96/><E124/><V127/><F127/><W97/><G97/><T2/><AGARI ba="1,2" hai="0,2,3,11,12,13,16,18,20,32,35,47,48,53" machi="2" ten="30,6000,0" yaku="1,1,0,1,54,1,53,0" doraHai="71" doraHaiUra="128" who="0" fromWho="0" sc="245,83,235,-21,235,-21,265,-21" /><INIT seed="0,2,0,3,3,32" ten="328,214,214,244" oya="0" hai0="33,46,106,120,128,12,101,16,74,59,45,30,125" hai1="21,34,68,88,4,66,14,127,112,61,129,83,47" hai2="65,27,93,50,134,105,81,7,6,60,116,98,42" hai3="132,10,84,111,9,124,115,19,36,26,11,69,118"/><T130/><D120/><U92/><E34/><V1/><F105/><W13/><G69/><T91/><D74/><U39/><E129/><N who="0" m="49769" /><D125/><U35/><E35/><V28/><F116/><W71/><G71/><T5/><D5/><U117/><E117/><V52/><F134/><W131/><G36/><T67/><D91/><U113/><E127/><V75/><F42/><W85/><G131/><T54/><D67/><U57/><E83/><V135/><F81/><W63/><G63/><T29/><D101/><U126/><E126/><V103/><F75/><W87/><G124/><T24/><D30/><U31/><E68/><V119/><F1/><W15/><G118/><T3/><D3/><U100/><E100/><V89/><F89/><W95/><G115/><T102/><D102/><U43/><E31/><V79/><F79/><W77/><G77/><T133/><D106/><U2/><E2/><V90/><F90/><W56/><G132/><T8/><D133/><U104/><E104/><V23/><F135/><W41/><G85/><T114/><D114/><U96/><REACH who="1" step="1"/><E4/><REACH who="1" ten="328,204,214,244" step="2"/><V48/><F119/><W18/><G95/><T80/><D80/><U20/><E20/><V64/><F7/><W76/><G9/><T70/><D70/><U94/><E94/><V49/><F6/><W121/><G10/><T78/><D78/><U25/><E25/><V122/><F122/><W38/><G11/><T53/><D59/><AGARI ba="2,1" hai="23,27,28,48,49,50,52,59,60,64,65,93,98,103" machi="59" ten="40,2600,0" yaku="8,1,54,1" doraHai="32" who="2" fromWho="0" sc="328,-32,204,0,214,42,244,0" /><INIT seed="1,0,0,1,4,89" ten="296,204,256,244" oya="1" hai0="49,39,23,2,29,63,71,86,47,31,80,22,121" hai1="130,67,5,126,21,101,123,13,17,132,77,44,69" hai2="0,14,128,119,116,51,94,34,122,79,102,85,9" hai3="100,117,74,124,48,70,64,98,84,35,61,129,53"/><U73/><E123/><V41/><F122/><W12/><G74/><T135/><D121/><U68/><E132/><V25/><F0/><W118/><G129/><T114/><D114/><U56/><E126/><V38/><F38/><W32/><G124/><T66/><D39/><U133/><E133/><V26/><F128/><W42/><G42/><T91/><D2/><U36/><E130/><V108/><F108/><W19/><G84/><T60/><D60/><U52/><E67/><V103/><F34/><W46/><G117/><T43/><D135/><U97/><E5/><N who="2" m="3375" /><F119/><W125/><G118/><T115/><D115/><U28/><E28/><V10/><F10/><W76/><G76/><T37/><D22/><U45/><E77/><V131/><F116/><W30/><G30/><T112/><D112/><U109/><E73/><V65/><F65/><W107/><G125/><T7/><D7/><U11/><E109/><V54/><F41/><W40/><G40/><T3/><D3/><U96/><E96/><N who="2" m="59671" /><F103/><W27/><G27/><T88/><D23/><AGARI ba="0,0" hai="12,19,23,32,35,46,48,53,61,64,70,98,100,107" machi="23" ten="30,1000,0" yaku="7,1" doraHai="89" who="3" fromWho="0" sc="296,-10,204,0,256,0,244,10" /><INIT seed="2,0,0,0,3,123" ten="286,204,256,254" oya="2" hai0="27,110,120,63,94,24,109,59,60,52,21,101,102" hai1="26,98,88,125,124,33,46,105,7,96,133,11,113" hai2="3,23,129,35,127,74,65,132,13,41,115,71,28" hai3="93,119,104,80,32,49,37,117,44,22,12,122,15"/><V84/><F74/><W73/><G32/><T77/><D120/><U8/><E113/><V89/><F115/><W86/><G122/><T78/><D94/><U64/><E64/><V40/><F3/><W95/><G104/><T38/><D38/><U36/><E133/><V99/><F132/><W103/><G37/><T135/><D135/><U39/><E26/><V56/><F71/><W90/><G95/><T69/><D69/><U76/><E76/><N who="0" m="29289" /><D60/><U51/><E51/><V34/><F34/><W58/><G58/><T66/><D24/><U130/><E33/><V126/><F35/><W10/><G22/><T42/><D42/><U57/><E57/><V83/><F99/><W134/><G15/><T30/><D66/><U91/><E46/><V55/><F65/><W67/><G67/><T81/><D81/><U111/><E7/><V18/><F129/><W107/><G107/><T87/><D87/><U79/><E79/><V20/><F20/><W4/><G73/><T2/><D2/><U97/><E105/><V19/><F28/><W6/><G6/><T31/><D31/><U0/><E98/><V47/><F18/><W48/><G134/><T50/><D63/><U53/><E0/><V100/><F100/><W85/><G103/><T106/><D106/><U128/><E53/><V43/><REACH who="2" step="1"/><F47/><REACH who="2" ten="286,204,246,254" step="2"/><W75/><G44/><T9/><D9/><U61/><E8/><V72/><F72/><W92/><G75/><T54/><D101/><U114/><E11/><V82/><F82/><W29/><G80/><T14/><D102/><U62/><E114/><V45/><F45/><RYUUKYOKU ba="0,1" sc="286,-15,204,15,246,15,254,-15" hai1="36,39,61,62,88,91,96,97,111,124,125,128,130" hai2="13,19,23,40,41,43,55,56,83,84,89,126,127" /><INIT seed="2,1,1,2,4,123" ten="271,219,261,239" oya="2" hai0="41,59,18,100,126,10,40,14,33,76,61,64,12" hai1="55,102,38,86,65,51,93,1,128,3,119,37,77" hai2="95,71,16,44,125,120,36,70,81,111,74,112,90" hai3="31,97,78,75,98,19,46,53,47,15,30,35,57"/><V115/><F120/><W5/><G5/><T29/><D126/><U56/><E119/><V20/><F125/><W58/><G75/><T8/><D76/><U109/><E128/><V87/><F71/><W88/><G78/><T26/><REACH who="0" step="1"/><D100/><REACH who="0" ten="261,219,261,239" step="2"/><U80/><E102/><V129/><F129/><W131/><G131/><T66/><D66/><U113/><E65/><V11/><F115/><W124/><G124/><T13/><D13/><U84/><E113/><V48/><F112/><W85/><G15/><T130/><D130/><U110/><E3/><V114/><F114/><W63/><G88/><T134/><D134/><U24/><E1/><V116/><F116/><W92/><G98/><T45/><D45/><U106/><E106/><V6/><F74/><W9/><G97/><T42/><D42/><U60/><E84/><V107/><F107/><W101/><G47/><T23/><D23/><U99/><E99/><V67/><F67/><W133/><G46/><T135/><D135/><U69/><E86/><V122/><F122/><W121/><G133/><T32/><D32/><U118/><E77/><V52/><F70/><W83/><G35/><T25/><D25/><U103/><E24/><V82/><F36/><W0/><G0/><T105/><D105/><U7/><E118/><V17/><F20/><W108/><G121/><T50/><D50/><U104/><E51/><V21/><F21/><W89/><G101/><T132/><D132/><U34/><E103/><V62/><F48/><W68/><G68/><T27/><D27/><U39/><E34/><V96/><F90/><W2/><G89/><RYUUKYOKU ba="1,2" sc="261,30,219,-10,261,-10,239,-10" hai0="8,10,12,14,18,26,29,33,40,41,59,61,64" /><INIT seed="3,2,2,2,2,103" ten="291,209,251,229" oya="3" hai0="74,68,129,15,112,18,37,46,124,61,28,94,64" hai1="101,20,70,45,97,23,1,89,66,109,29,12,21" hai2="10,122,0,69,43,58,133,88,25,27,119,65,47" hai3="120,60,53,41,90,57,22,55,127,7,132,123,93"/><W100/><G127/><T72/><D124/><U40/><E1/><V4/><F119/><W73/><G73/><T91/><D28/><U36/><E109/><V30/><F122/><W130/><G132/><T71/><D71/><U131/><E131/><V67/><F133/><W114/><G114/><T83/><D129/><U39/><E39/><V128/><F128/><W59/><G130/><T111/><D111/><U44/><E44/><V38/><F69/><W87/><G41/><T85/><D112/><U56/><E70/><V50/><F25/><W84/><G7/><T78/><D46/><U48/><E89/><V31/><F31/><W125/><G125/><T2/><D2/><U135/><E135/><V54/><REACH who="2" step="1"/><F88/><REACH who="2" ten="291,209,241,229" step="2"/><N who="3" m="53383" /><G123/><T63/><D63/><U80/><E29/><V107/><F107/><W51/><G120/><T102/><D102/><U33/><E101/><V62/><F62/><W117/><G117/><T81/><D37/><U121/><E36/><V52/><F52/><N who="3" m="31903" /><G100/><T17/><D15/><U9/><E12/><V86/><F86/><W99/><G99/><T32/><D32/><AGARI ba="2,3" hai="0,4,10,27,30,32,38,43,47,50,54,58,65,67" machi="32" ten="30,3900,0" yaku="1,1,7,1,53,1" doraHai="103" doraHaiUra="24" who="2" fromWho="0" sc="291,-45,209,0,241,75,229,0" owari="246,4.6,209,-29.1,316,41.6,229,-17.1" /></mjloggm>