<mjloggm ver="2.3"><GO type="225" lobby="0"/><UN n0="%E3%80%93%E3%81%97%E3%83%BC%E3%82%89%E3%80%93" n1="%E3%81%B5%E3%81%98%E3%81%8B%E3%81%A4" n2="%E3%81%8B%E3%82%8F%E3%81%A1%E3%82%83%E3%82%93%35%38" n3="%E8%B6%85%E7%B4%9A%E9%B3%B3%E5%87%B0" dan="16,17,17,17" rate="2172.62,2207.83,2169.53,2157.19" sx="M,M,M,F"/><TAIKYOKU oya="0"/><INIT seed="0,0,0,5,2,36" ten="250,250,250,250" oya="0" hai0="16,81,24,19,1,119,22,87,125,31,104,110,105" hai1="50,17,44,0,126,27,101,5,57,84,60,41,90" hai2="75,54,32,59,28,123,48,99,63,49,86,77,42" hai3="20,45,79,38,66,53,103,14,34,11,21,134,72"/><T26/><D119/><U96/><E126/><V70/><F123/><W6/><G34/><T80/><D125/><U15/><E0/><V98/><F75/><W68/><G134/><T78/><D1/><U69/><E69/><V2/><F2/><W3/><G103/><T73/><D110/><U9/><E27/><V133/><F133/><W131/><G131/><T46/><D46/><U25/><E25/><V128/><F128/><W132/><G132/><T114/><D114/><U55/><E5/><V106/><F106/><W121/><G121/><T118/><D118/><U71/><E71/><V107/><F107/><W88/><G14/><T82/><D82/><U83/><E101/><V30/><F70/><W43/><G53/><T61/><D61/><U124/><E124/><V130/><F32/><W12/><G12/><T10/><D19/><U111/><REACH who="1" step="1"/><E96/><REACH who="1" ten="250,240,250,250" step="2"/><V117/><F99/><W7/><G6/><T62/><D26/><U23/><E23/><V76/><F98/><W56/><G68/><T112/><D112/><U51/><E51/><V95/><F49/><W37/><G38/><T47/><D24/><U52/><E52/><V102/><F117/><W122/><G122/><T120/><D22/><U113/><E113/><V89/><F102/><W116/><G116/><T85/><D120/><U29/><E29/><N who="2" m="11371" /><F130/><W135/><G135/><T108/><D31/><U18/><E18/><V109/><F109/><AGARI ba="0,1" hai="9,15,17,41,44,50,55,57,60,83,84,90,109,111" machi="109" ten="40,5200,0" yaku="1,1,52,1,53,1" doraHai="36" doraHaiUra="8" who="1" fromWho="2" sc="250,0,240,62,250,-52,250,0" /><INIT seed="1,0,0,2,3,0" ten="250,302,198,250" oya="1" hai0="90,105,106,81,91,20,48,49,72,31,96,39,15" hai1="25,110,54,74,29,5,12,86,133,66,46,111,38" hai2="93,103,8,68,94,124,98,118,80,77,32,92,134" hai3="85,95,65,100,45,88,55,104,21,119,13,67,102"/><U47/><E74/><V126/><F32/><W27/><G119/><T14/><D39/><U11/><E133/><V51/><F68/><W114/><G114/><T42/><D72/><U122/><E122/><V3/><F51/><N who="3" m="29167" /><G104/><T107/><D42/><U30/><E66/><N who="3" m="25098" /><G13/><T117/><D117/><U60/><E38/><V63/><F63/><W76/><G76/><T128/><D128/><U79/><E30/><AGARI ba="0,0" hai="21,27,30,85,88,95,100,102" m="25098,29167" machi="30" ten="30,2000,0" yaku="8,1,54,1" doraHai="0" who="3" fromWho="1" sc="250,0,302,-20,198,0,250,20" /><INIT seed="2,0,0,5,2,57" ten="250,282,198,270" oya="2" hai0="37,118,39,110,134,98,63,93,44,76,4,2,16" hai1="30,48,69,38,112,1,114,121,125,13,91,92,59" hai2="108,102,126,33,84,58,46,62,82,75,131,105,7" hai3="18,90,116,25,52,53,123,64,89,14,80,94,61"/><V67/><F126/><W35/><G116/><T128/><D118/><U120/><E69/><V109/><F131/><W19/><G123/><N who="1" m="47178" /><E38/><V12/><F33/><W122/><G122/><T129/><D110/><N who="2" m="42602" /><F75/><W106/><G106/><T87/><D134/><U107/><E107/><V22/><F46/><W50/><G80/><N who="0" m="47495" /><D44/><U3/><E125/><V66/><F105/><W41/><G41/><T36/><D39/><U83/><E30/><V68/><F102/><W132/><G132/><T95/><D37/><U42/><E114/><V81/><F81/><W51/><G35/><T127/><D36/><U54/><E83/><V72/><F72/><W32/><G32/><T135/><D127/><U31/><E31/><V77/><F22/><N who="3" m="13527" /><G94/><T20/><D95/><U100/><E100/><V60/><F12/><W74/><G74/><T8/><D135/><U85/><E13/><V15/><F15/><W0/><G0/><N who="1" m="74" /><E112/><V117/><F7/><W49/><G90/><T113/><D113/><U5/><E42/><V40/><F40/><W24/><G89/><T101/><D129/><U78/><E78/><V56/><F68/><W130/><G130/><T119/><D128/><U29/><E29/><V86/><F86/><W73/><G73/><T10/><D119/><AGARI ba="0,0" hai="56,58,60,62,66,67,77,82,84,117,119" m="42602" machi="119" ten="30,11600,0" yaku="14,1,10,1,52,2" doraHai="57" who="2" fromWho="0" sc="250,-116,282,0,198,116,270,0" /><INIT seed="2,1,0,1,3,31" ten="134,282,314,270" oya="2" hai0="83,36,38,126,46,96,101,57,67,16,5,86,115" hai1="41,118,42,34,81,2,93,59,89,25,48,130,58" hai2="30,117,66,56,103,24,3,79,0,6,73,64,39" hai3="11,72,43,8,134,7,70,127,19,47,91,27,75"/><V99/><F117/><W15/><G70/><T12/><D115/><U131/><E118/><V78/><F39/><W113/><G113/><T53/><D126/><U84/><E2/><V71/><F56/><N who="1" m="21545" /><E48/><V54/><F54/><W74/><G127/><T90/><D67/><U51/><E51/><V132/><F66/><W76/><G134/><T22/><D5/><U123/><E81/><N who="2" m="45263" /><F79/><W26/><G76/><T120/><D120/><U114/><E114/><V40/><F40/><W49/><REACH who="3" step="1"/><G91/><REACH who="3" ten="134,282,314,260" step="2"/><T10/><D22/><U125/><E125/><V52/><F132/><W60/><G60/><T124/><D124/><U62/><E62/><V77/><F77/><W122/><G122/><T111/><D111/><U87/><E123/><V106/><F71/><W94/><G94/><T50/><D57/><U55/><E93/><AGARI ba="1,1" hai="10,12,16,36,38,46,50,53,83,86,90,93,96,101" machi="93" ten="30,7700,0" yaku="7,1,25,2,54,1" doraHai="31" who="0" fromWho="1" sc="134,90,282,-80,314,0,260,0" /><INIT seed="3,0,0,5,0,46" ten="224,202,314,260" oya="3" hai0="11,71,121,87,15,55,122,100,101,33,97,24,0" hai1="108,41,115,6,130,112,86,52,91,120,126,18,65" hai2="98,73,30,13,39,32,51,74,57,43,2,56,102" hai3="69,107,117,20,63,85,25,83,96,105,60,134,22"/><W94/><G117/><T66/><D0/><U34/><E34/><V103/><F2/><W50/><G134/><T104/><D100/><U88/><E120/><V133/><F39/><W49/><G69/><T37/><D37/><U35/><E35/><V78/><F32/><W70/><G70/><T59/><D87/><U128/><E41/><V110/><F30/><W23/><G25/><T4/><D55/><U106/><E106/><V95/><F78/><W90/><G107/><T21/><D59/><U27/><E65/><V54/><F43/><W135/><G105/><T1/><D15/><U92/><E6/><V7/><F103/><W131/><G131/><N who="1" m="50218" /><E126/><V114/><F114/><N who="1" m="43561" /><E91/><V132/><F7/><W109/><G109/><T5/><D5/><U82/><E108/><V72/><F110/><W48/><G135/><N who="2" m="51785" /><F13/><W68/><G68/><T58/><D58/><AGARI ba="0,0" hai="51,54,56,57,58,72,73,74,95,98,102" m="51785" machi="58" ten="40,2600,0" yaku="20,1,52,1" doraHai="46" who="2" fromWho="0" sc="224,-26,202,0,314,26,260,0" owari="198,-30.2,202,-19.8,340,44.0,260,6.0" /></mjloggm>