<mjloggm ver="2.3"><GO type="225" lobby="0"/><UN n0="%E3%82%A2%E3%83%BC%E3%83%A2%E3%83%AD%E3%83%BC%E3%83%B4%E3%82%A1" n1="%4C%4F%4C%49%54%41" n2="%33%74%72%65%65" n3="%E5%8D%A0%E3%81%84%E5%B8%AB%E8%A3%8F%E3%81%AA%E3%81%84%E3%81%97" dan="16,16,16,17" rate="2105.93,2159.60,2166.33,2224.90" sx="M,F,F,M"/><TAIKYOKU oya="0"/><INIT seed="0,0,0,1,2,101" ten="250,250,250,250" oya="0" hai0="135,63,9,26,58,111,24,23,98,67,121,119,125" hai1="13,83,16,80,100,18,103,3,81,102,118,57,25" hai2="45,89,115,87,120,65,108,36,73,12,72,20,134" hai3="109,49,105,88,76,53,22,131,123,33,40,86,90"/><T132/><D119/><U15/><E3/><V99/><F120/><W6/><G33/><T128/><D121/><U94/><E118/><V2/><F115/><W61/><G123/><T54/><D125/><U114/><E114/><V130/><F2/><W107/><G6/><T82/><D128/><U113/><E113/><V17/><F108/><W91/><G109/><T51/><D111/><U31/><E94/><V117/><F134/><N who="0" m="51242" /><D9/><U104/><E104/><V43/><F130/><W64/><G40/><T37/><D37/><U32/><E57/><V69/><F99/><W28/><G131/><T97/><D82/><U14/><AGARI ba="0,0" hai="13,14,15,16,18,25,31,32,80,81,83,100,102,103" machi="14" ten="40,8000,1" yaku="0,1,29,2,54,1" doraHai="101" who="1" fromWho="1" sc="250,-40,250,80,250,-20,250,-20" /><INIT seed="1,0,0,4,4,42" ten="210,330,230,230" oya="1" hai0="21,112,9,43,68,109,91,76,131,36,89,118,72" hai1="23,122,35,34,61,90,28,93,70,29,128,107,102" hai2="59,67,33,8,98,94,24,129,132,19,25,3,40" hai3="133,84,130,121,48,52,64,37,12,127,51,47,1"/><U4/><E122/><V45/><F129/><W46/><G1/><T95/><D112/><U86/><E128/><V116/><F116/><W54/><G130/><T85/><D131/><U96/><E4/><V65/><F132/><W15/><G121/><T31/><D118/><U63/><E61/><V108/><F108/><W80/><G37/><T115/><D115/><U69/><E69/><V56/><F33/><W103/><G133/><T77/><D109/><U39/><E39/><V5/><F59/><W117/><G117/><T88/><D68/><U50/><E50/><V125/><F125/><W120/><G120/><T104/><D104/><U7/><E7/><V105/><F105/><W78/><G127/><T66/><D66/><N who="1" m="41311" /><E29/><V110/><F110/><W58/><G103/><T75/><D9/><U38/><E38/><V16/><F56/><W106/><G106/><T74/><D21/><U97/><E23/><V81/><F65/><W92/><G92/><T126/><D31/><U79/><E79/><N who="0" m="30281" /><D126/><U135/><E135/><V14/><F67/><W17/><G17/><N who="2" m="6729" /><F3/><W30/><G30/><T114/><D114/><U26/><E34/><V6/><F6/><W2/><G2/><T60/><D60/><AGARI ba="0,0" hai="12,15,46,47,48,51,52,54,58,60,64,78,80,84" machi="60" ten="40,8000,1" yaku="9,1,8,1,52,2,54,1" doraHai="42" who="3" fromWho="0" sc="210,-80,330,0,230,0,230,80" /><INIT seed="2,0,0,3,2,63" ten="130,330,230,310" oya="2" hai0="49,34,102,52,36,79,105,135,19,60,51,35,103" hai1="115,58,81,77,47,28,41,13,92,71,1,59,4" hai2="11,134,70,55,21,107,74,84,33,64,57,125,110" hai3="45,128,93,26,119,66,118,65,108,121,112,3,80"/><V97/><F74/><W46/><G121/><T98/><D135/><U86/><E115/><V40/><F33/><W90/><G3/><T76/><D36/><U85/><E71/><V88/><F134/><W2/><G2/><T73/><D73/><U44/><E28/><V129/><F129/><W124/><G128/><T114/><D114/><U30/><E30/><V9/><F125/><W10/><G112/><T101/><D105/><U22/><E1/><V23/><F40/><W106/><G106/><T127/><D98/><U126/><E126/><V53/><F110/><W18/><G124/><T69/><D127/><U130/><E130/><V78/><F78/><W61/><G61/><T94/><D94/><U50/><E44/><N who="3" m="17002" /><G108/><T113/><D113/><U42/><E41/><V37/><F37/><W12/><G119/><T123/><D123/><U24/><E24/><V7/><F70/><W6/><G80/><T68/><D60/><U56/><E22/><V109/><F21/><N who="3" m="13623" /><G118/><T62/><D62/><U89/><E4/><V95/><F7/><W122/><G122/><T100/><D100/><U32/><E32/><V82/><F107/><W91/><G91/><T83/><D103/><U133/><E133/><V117/><F117/><W16/><G6/><T72/><D72/><U96/><E13/><V87/><F109/><W104/><G104/><T25/><D25/><U99/><AGARI ba="0,0" hai="42,47,50,56,58,59,77,81,85,86,89,92,96,99" machi="99" ten="30,2000,0" yaku="0,1,8,1" doraHai="63" who="1" fromWho="1" sc="130,-5,330,20,230,-10,310,-5" /><INIT seed="3,0,0,1,4,15" ten="125,350,220,305" oya="3" hai0="44,92,40,88,69,21,115,65,27,19,5,57,12" hai1="94,125,32,53,43,34,85,84,110,14,100,58,20" hai2="135,121,36,103,127,77,61,42,134,9,56,47,49" hai3="119,70,129,105,24,112,33,55,29,59,16,99,87"/><W28/><G112/><T10/><D115/><U133/><E43/><V18/><F127/><W102/><G119/><T113/><D113/><U126/><E110/><V7/><F121/><W41/><G129/><T13/><D69/><U108/><E108/><V107/><F77/><W64/><G41/><T48/><D65/><U51/><E133/><V98/><F36/><W3/><G3/><T83/><D57/><U132/><E132/><V11/><F11/><W30/><G87/><N who="1" m="33354" /><E20/><V122/><F122/><W111/><G111/><T114/><D114/><U89/><E14/><V128/><F128/><W82/><G82/><T66/><D66/><U97/><E100/><V123/><F123/><W78/><G78/><T101/><D101/><U62/><E62/><V131/><F131/><W6/><G6/><T38/><D38/><U130/><E130/><V81/><F81/><W73/><G73/><T96/><REACH who="0" step="1"/><D83/><REACH who="0" ten="115,350,220,305" step="2"/><U22/><E126/><V60/><F56/><W37/><G37/><T1/><AGARI ba="0,1" hai="1,5,10,12,13,19,21,27,40,44,48,88,92,96" machi="1" ten="20,12000,2" yaku="1,1,2,1,0,1,7,1,52,1,54,1,53,0" doraHai="15" doraHaiUra="71" who="0" fromWho="0" sc="115,130,350,-30,220,-30,305,-60" owari="245,4.5,320,42.0,190,-31.0,245,-15.5" /></mjloggm>