<mjloggm ver="2.3"><GO type="225" lobby="0"/><UN n0="%74%61%6B%75%61%6B%61" n1="%E3%81%99%E3%81%84%E3%81%BE%E3%81%9B%E3%83%BC%E3%82%93" n2="%E6%A1%9C%E8%8A%B1%E9%96%83%E3%80%85" n3="%E6%B0%B7%E5%B7%9D%E9%87%8C%E5%A5%88" dan="16,18,16,16" rate="2100.55,2174.41,2151.77,2066.49" sx="M,M,M,F"/><TAIKYOKU oya="0"/><INIT seed="0,0,0,5,1,127" ten="250,250,250,250" oya="0" hai0="89,19,74,38,104,98,117,30,39,12,29,77,14" hai1="87,109,35,68,32,25,97,100,131,71,119,94,126" hai2="124,0,24,57,4,20,42,84,116,48,56,110,102" hai3="105,60,64,41,43,55,26,123,22,62,130,9,85"/><T135/><D117/><U125/><E119/><V63/><F116/><W70/><G123/><T80/><D135/><U132/><E132/><V79/><F110/><W23/><G105/><T91/><D12/><U49/><E109/><V82/><F124/><N who="1" m="47721" /><E131/><V58/><F102/><W61/><G130/><T45/><D89/><N who="1" m="53567" /><E49/><V67/><F4/><W65/><G9/><T5/><D5/><U90/><E90/><V46/><REACH who="2" step="1"/><F0/><REACH who="2" ten="250,250,240,250" step="2"/><W40/><G70/><N who="1" m="26666" /><E25/><V121/><F121/><W113/><G26/><T11/><D104/><AGARI ba="0,1" hai="32,35,97,100,104" m="26666,53567,47721" machi="104" ten="30,1000,0" yaku="18,1" doraHai="127" who="1" fromWho="0" sc="250,-10,250,20,240,0,250,0" /><INIT seed="1,0,0,2,5,20" ten="240,270,240,250" oya="1" hai0="30,87,50,35,135,125,95,127,28,10,109,122,17" hai1="54,120,18,1,89,25,45,126,79,37,42,132,43" hai2="3,84,16,55,6,81,103,104,44,48,11,53,92" hai3="72,52,129,49,5,123,4,68,36,57,106,8,97"/><U32/><E120/><V66/><F104/><W83/><G123/><T121/><D50/><U46/><E1/><V110/><F110/><W47/><G129/><T94/><D109/><U24/><E126/><N who="0" m="48137" /><D135/><U19/><E132/><V111/><F111/><W99/><G68/><T85/><D121/><U108/><E108/><V38/><F66/><W13/><G4/><T119/><D119/><U56/><E79/><V31/><F31/><N who="0" m="11818" /><D35/><U15/><E89/><V2/><F38/><W77/><REACH who="3" step="1"/><G106/><REACH who="3" ten="240,270,240,240" step="2"/><T64/><D122/><U62/><E32/><V9/><F6/><W76/><G76/><T113/><D113/><U105/><E105/><V75/><F2/><W128/><G128/><T21/><D10/><U80/><E80/><V65/><F9/><W73/><G73/><T124/><D124/><U88/><E19/><V61/><F75/><W134/><G134/><T74/><D74/><U90/><E18/><V59/><F3/><W69/><G69/><T14/><D64/><U115/><E115/><V58/><F16/><W12/><G12/><T40/><D95/><U70/><E70/><V102/><F92/><W78/><G78/><T91/><D94/><U117/><E15/><V63/><REACH who="2" step="1"/><F11/><REACH who="2" ten="240,270,230,240" step="2"/><W133/><G133/><T60/><D17/><U41/><E117/><V39/><F39/><W100/><G100/><T22/><D14/><U67/><E37/><V118/><F118/><W96/><G96/><T33/><D85/><U26/><E67/><V114/><F114/><W101/><G101/><T71/><D87/><U93/><E93/><V112/><F112/><W82/><G82/><RYUUKYOKU ba="0,2" sc="240,-30,270,10,230,10,240,10" hai1="24,25,26,41,42,43,45,46,54,56,62,88,90" hai2="44,48,53,55,58,59,61,63,65,81,84,102,103" hai3="5,8,13,36,47,49,52,57,72,77,83,97,99" /><INIT seed="1,1,2,5,4,2" ten="210,280,240,250" oya="1" hai0="125,122,67,73,79,74,112,95,16,77,84,65,98" hai1="108,118,87,78,11,86,48,19,15,30,82,24,17" hai2="72,21,71,114,133,36,76,134,69,58,102,14,116" hai3="60,123,75,94,91,81,70,132,37,29,111,55,59"/><U90/><E118/><V46/><F116/><W99/><G123/><T96/><D112/><U128/><E128/><V124/><F102/><W18/><G111/><T119/><D119/><U83/><E108/><V121/><F121/><W129/><G129/><T80/><D122/><U92/><E48/><V135/><F124/><W33/><G132/><T113/><D113/><U89/><E30/><V31/><F114/><W28/><G37/><T4/><D125/><U42/><E42/><N who="2" m="22855" /><F58/><W127/><G127/><T32/><D32/><U13/><E24/><N who="2" m="16783" /><F14/><W3/><G33/><T106/><D106/><U63/><E63/><V10/><F10/><W109/><G109/><T45/><D45/><U39/><E39/><V44/><F44/><W68/><G3/><T5/><D84/><U9/><E92/><V62/><F62/><W110/><G110/><T34/><D34/><U101/><E101/><V43/><F43/><W22/><G70/><T56/><D56/><U50/><E50/><V52/><F52/><W23/><G68/><T130/><D95/><U20/><E20/><N who="3" m="7722" /><G18/><T61/><D61/><U100/><E100/><V115/><F115/><W27/><G27/><T107/><D16/><U66/><E66/><V53/><F53/><W0/><G0/><T12/><D107/><U6/><E19/><V126/><F126/><W49/><G60/><T40/><D40/><U85/><E85/><V97/><F97/><W35/><G35/><T47/><D12/><U57/><E57/><V8/><F8/><W41/><G41/><T1/><D1/><U51/><E51/><V104/><F104/><RYUUKYOKU ba="1,2" sc="210,-30,280,10,240,10,250,10" hai1="6,9,11,13,15,17,78,82,83,86,87,89,90" hai2="69,71,72,76,133,134,135" hai3="28,29,49,55,59,75,81,91,94,99" /><INIT seed="1,2,2,2,4,12" ten="180,290,250,260" oya="1" hai0="20,7,54,113,114,39,32,105,99,67,3,96,93" hai1="118,95,37,77,60,33,70,56,40,49,79,27,92" hai2="45,135,66,101,11,128,115,91,102,80,64,84,13" hai3="75,68,51,131,97,2,61,5,42,14,87,16,24"/><U76/><E118/><V36/><F128/><W55/><G75/><T1/><D32/><U26/><E70/><V112/><F135/><W81/><G131/><T82/><D39/><U78/><E37/><V17/><F102/><W50/><G24/><N who="1" m="9258" /><E79/><V31/><F101/><W65/><G97/><T59/><D67/><N who="1" m="39303" /><E33/><V133/><F31/><W72/><G72/><T53/><D105/><U85/><E85/><V4/><F4/><W18/><G42/><T43/><D43/><U86/><E86/><V58/><F133/><W48/><G55/><T9/><D7/><U62/><E62/><V123/><F123/><W134/><G134/><T119/><D119/><U122/><E122/><V126/><F126/><W63/><G63/><T69/><D69/><U52/><E40/><N who="2" m="22663" /><F58/><AGARI ba="2,2" hai="49,52,58,76,77,78,92,95" m="39303,9258" machi="58" ten="30,2900,0" yaku="8,1,54,1" doraHai="12" who="1" fromWho="2" sc="180,0,290,55,250,-35,260,0" /><INIT seed="1,3,0,5,4,61" ten="180,345,215,260" oya="1" hai0="113,44,1,98,68,73,120,46,106,72,93,96,133" hai1="125,26,24,12,27,10,95,0,117,15,55,66,82" hai2="62,89,60,102,135,111,123,35,99,22,43,17,53" hai3="78,30,132,122,50,13,34,121,54,38,104,70,88"/><U3/><E117/><V103/><F123/><W115/><G115/><T69/><D1/><U32/><E125/><V16/><F35/><W36/><G104/><T59/><D106/><U74/><E66/><V101/><F111/><W97/><G78/><T65/><D93/><U9/><E55/><V28/><F135/><W71/><G132/><T109/><D59/><U6/><E95/><N who="2" m="56815" /><F43/><W20/><G34/><T64/><D133/><U129/><E82/><V87/><F87/><W80/><G71/><T105/><D105/><U18/><E74/><V119/><F119/><W57/><G70/><T77/><D77/><U128/><E32/><V75/><F75/><W45/><G38/><T37/><D37/><U127/><E127/><V79/><F79/><W130/><G130/><AGARI ba="3,0" hai="0,3,6,9,10,12,15,18,24,26,27,128,129,130" machi="130" ten="40,12000,1" yaku="19,1,34,3" doraHai="61" who="1" fromWho="3" sc="180,0,345,129,215,0,260,-129" /><INIT seed="1,4,0,3,3,42" ten="180,474,215,131" oya="1" hai0="85,52,36,100,23,45,0,103,30,110,96,120,70" hai1="34,55,131,114,75,44,25,94,69,117,21,2,10" hai2="95,79,17,66,22,24,62,123,129,107,116,68,43" hai3="106,50,47,91,28,19,112,57,1,56,63,113,26"/><U121/><E69/><V89/><F116/><W32/><G106/><T86/><D110/><U82/><E114/><V35/><F129/><W60/><G1/><T92/><D0/><U122/><E34/><V118/><F118/><W108/><G108/><T115/><D115/><U97/><E131/><V6/><F123/><W133/><G133/><T3/><D3/><U132/><E132/><V4/><F107/><W48/><G19/><T7/><D70/><U83/><E83/><V99/><F35/><W37/><G37/><T101/><D7/><U14/><E2/><V76/><F43/><W31/><G91/><N who="0" m="55327" /><D36/><U8/><E117/><V61/><F61/><W5/><G5/><T104/><D104/><U73/><E73/><V40/><F40/><W39/><G39/><T16/><D30/><U77/><E14/><V58/><F68/><W127/><G127/><T74/><D74/><U88/><E122/><V38/><F38/><W53/><G31/><T67/><D67/><U105/><E105/><V12/><F4/><W11/><G11/><AGARI ba="4,0" hai="6,11,12,17,22,24,58,62,66,76,79,89,95,99" machi="11" ten="40,1300,0" yaku="8,1" doraHai="42" who="2" fromWho="3" sc="180,0,474,0,215,25,131,-25" /><INIT seed="2,0,0,1,2,86" ten="180,474,240,106" oya="2" hai0="19,48,116,36,24,5,52,110,119,11,134,106,96" hai1="26,54,57,114,85,120,53,102,31,97,21,125,126" hai2="133,121,44,29,80,113,58,94,51,56,46,81,130" hai3="41,128,95,73,72,135,45,27,99,67,0,61,22"/><V66/><F121/><W62/><G0/><T63/><D36/><U112/><E120/><V107/><F113/><W115/><G115/><N who="1" m="44074" /><E85/><V20/><F107/><W131/><G135/><T25/><D134/><U100/><E57/><V34/><F130/><W117/><G117/><N who="0" m="45131" /><D63/><U89/><E89/><V18/><F34/><W92/><G73/><T10/><D110/><U64/><E64/><V111/><F29/><W124/><G72/><T60/><D60/><U37/><E37/><V79/><F46/><W50/><G124/><N who="1" m="47722" /><E100/><V76/><F111/><W32/><G32/><T39/><D39/><U84/><E84/><V109/><F66/><W23/><G61/><T93/><D106/><AGARI ba="0,0" hai="21,26,31,53,54,97,102,106" m="47722,44074" machi="106" ten="30,1000,0" yaku="18,1" doraHai="86" who="1" fromWho="0" sc="180,-10,474,10,240,0,106,0" /><INIT seed="3,0,0,0,0,133" ten="170,484,240,106" oya="3" hai0="119,81,131,29,37,72,117,135,76,75,86,112,71" hai1="5,46,42,12,80,102,32,35,57,8,40,84,123" hai2="134,101,19,93,130,129,9,111,85,96,6,68,21" hai3="105,17,110,38,77,45,1,58,89,48,43,115,69"/><W52/><G115/><T70/><D29/><U49/><E123/><V128/><F111/><W30/><G105/><T109/><D86/><U31/><E42/><V33/><F33/><W82/><G1/><T44/><D72/><U106/><E31/><V36/><F134/><W61/><G110/><T79/><D79/><N who="1" m="46111" /><E57/><V126/><F126/><W60/><G30/><T124/><D81/><U51/><E51/><V127/><F127/><W88/><G17/><T39/><D44/><U113/><E113/><V74/><F74/><W118/><G118/><T56/><D76/><U95/><E106/><V108/><F68/><W26/><G26/><T53/><D53/><U104/><E104/><V103/><F36/><W2/><G2/><T120/><D56/><U125/><E125/><V97/><F85/><N who="3" m="48335" /><G61/><T10/><D10/><U41/><E41/><V64/><F108/><W99/><G99/><AGARI ba="0,0" hai="5,8,12,32,35,40,46,49,95,99,102" m="46111" machi="99" ten="30,1000,0" yaku="25,1" doraHai="133" who="1" fromWho="3" sc="170,0,484,10,240,0,106,-10" owari="170,-23.0,494,59.4,240,4.0,96,-40.4" /></mjloggm>