<mjloggm ver="2.3"><GO type="225" lobby="0"/><UN n0="%72%69%6F%75%63%68%61%6E" n1="%E5%AE%AE%E4%BF%9D%E9%B6%8F%E8%82%89" n2="%72%61%6B%33" n3="%E6%A1%9C%E8%8A%B1%E9%96%83%E3%80%85" dan="17,16,16,17" rate="2242.00,2101.14,2147.60,2238.26" sx="M,M,M,M"/><TAIKYOKU oya="0"/><INIT seed="0,0,0,3,0,116" ten="250,250,250,250" oya="0" hai0="16,120,6,3,11,99,133,37,34,124,69,100,5" hai1="9,50,51,90,25,23,40,65,106,1,12,17,89" hai2="48,71,63,86,31,56,113,102,111,121,38,119,4" hai3="88,104,80,59,75,42,77,128,93,57,94,22,123"/><T30/><D120/><U33/><E106/><V46/><F119/><W8/><G128/><T118/><D118/><U76/><E76/><V64/><F113/><W135/><G135/><T72/><D72/><U67/><E1/><V28/><F111/><W35/><G35/><T125/><D133/><U36/><E36/><V14/><F121/><W20/><G123/><T10/><D37/><U129/><E33/><V49/><F102/><W101/><G94/><T66/><D66/><N who="1" m="25099" /><E129/><V108/><F108/><W68/><G42/><T61/><D61/><U107/><E107/><V83/><F38/><W97/><G8/><T117/><D69/><U85/><E40/><N who="2" m="24647" /><F49/><N who="1" m="18441" /><E85/><V27/><F71/><W24/><G68/><T32/><D117/><U79/><E79/><N who="2" m="46463" /><F27/><W134/><G134/><T87/><D87/><U45/><E45/><V110/><F110/><W96/><REACH who="3" step="1"/><G20/><REACH who="3" ten="250,250,250,240" step="2"/><T15/><D5/><AGARI ba="0,1" hai="5,9,12,17,23,25,89,90" m="18441,25099" machi="5" ten="30,1000,0" yaku="8,1" doraHai="116" who="1" fromWho="0" sc="250,-10,250,20,250,0,240,0" /><INIT seed="1,0,0,4,2,101" ten="240,270,250,240" oya="1" hai0="52,12,105,17,8,4,56,88,71,83,117,42,23" hai1="91,49,46,93,78,64,76,124,10,39,21,43,87" hai2="67,107,27,61,59,3,40,7,84,122,44,126,97" hai3="92,45,19,47,32,5,1,104,65,50,77,79,111"/><U80/><E124/><V34/><F126/><W30/><G111/><T121/><D117/><U82/><E64/><V48/><F122/><W95/><G65/><T70/><D121/><U135/><E135/><V35/><F84/><W108/><G108/><T120/><D120/><U98/><E39/><V133/><F133/><W132/><G104/><T94/><D105/><U24/><E10/><V22/><F7/><W100/><G47/><T9/><D83/><U33/><E33/><V109/><F3/><W89/><G19/><T72/><D72/><U16/><REACH who="1" step="1"/><E82/><REACH who="1" ten="240,260,250,240" step="2"/><V63/><F109/><W129/><G32/><T0/><D9/><U26/><E26/><V73/><F34/><W75/><G132/><T14/><D0/><U41/><E41/><V125/><F35/><W128/><G1/><T20/><D42/><U74/><E74/><V115/><F73/><W106/><G75/><T110/><D110/><U38/><E38/><V81/><F125/><W36/><G36/><T85/><REACH who="0" step="1"/><D23/><REACH who="0" ten="230,260,250,240" step="2"/><U119/><E119/><V62/><F81/><W69/><G129/><T60/><AGARI ba="0,2" hai="4,8,12,14,17,20,52,56,60,70,71,85,88,94" machi="60" ten="20,12000,2" yaku="1,1,2,1,0,1,7,1,54,2,53,1" doraHai="101" doraHaiUra="51" who="0" fromWho="0" sc="230,140,260,-60,250,-30,240,-30" /><INIT seed="2,0,0,5,4,101" ten="370,200,220,210" oya="2" hai0="46,65,1,80,73,71,121,39,134,24,57,119,58" hai1="125,43,50,44,66,99,52,4,87,3,59,41,115" hai2="38,27,28,92,86,64,117,70,97,22,34,88,35" hai3="129,133,130,10,48,42,131,91,32,9,123,111,76"/><V20/><F117/><W118/><G118/><T13/><D119/><U106/><E115/><V127/><F127/><W116/><G116/><T7/><D121/><U94/><E125/><V55/><F38/><W72/><G123/><T105/><D105/><U2/><E106/><V114/><F114/><W75/><G111/><T16/><D134/><U36/><E66/><V23/><F35/><W102/><G133/><T85/><D24/><U122/><E122/><V79/><F55/><W107/><G32/><T31/><D31/><U26/><E43/><V95/><F79/><W69/><G91/><T15/><D71/><U30/><E87/><V124/><F124/><W61/><G61/><T62/><D57/><U104/><E4/><V74/><F74/><N who="3" m="28203" /><G76/><N who="0" m="44047" /><D85/><U113/><E104/><V96/><REACH who="2" step="1"/><F92/><REACH who="2" ten="370,200,210,210" step="2"/><W45/><G69/><T49/><D39/><U11/><E113/><V17/><F17/><W56/><G56/><T112/><D16/><U82/><E82/><V5/><F5/><W100/><G107/><T89/><D112/><U53/><E53/><V8/><F8/><AGARI ba="0,1" hai="8,9,10,42,45,48,100,102,129,130,131" m="28203" machi="8" ten="40,1300,0" yaku="19,1" doraHai="101" who="3" fromWho="2" sc="370,0,200,0,210,-13,210,23" /><INIT seed="3,0,0,5,4,37" ten="370,200,197,233" oya="3" hai0="90,36,105,11,81,2,12,119,75,123,13,39,27" hai1="120,5,70,25,10,60,89,93,66,98,106,48,86" hai2="122,126,71,118,41,50,47,19,74,7,125,16,42" hai3="14,46,40,17,26,0,21,127,77,80,58,44,102"/><W18/><G127/><N who="2" m="48649" /><F118/><W135/><G135/><T100/><D123/><U9/><E120/><V56/><F122/><W114/><G114/><T62/><D119/><U101/><E5/><V113/><F113/><W108/><G0/><T96/><D12/><U63/><E48/><V88/><F71/><W15/><G108/><T28/><D62/><U129/><E129/><V87/><F74/><W55/><G102/><T83/><D83/><U68/><E25/><V53/><F7/><W85/><G40/><N who="2" m="15465" /><F56/><W20/><G26/><T95/><D27/><U124/><E124/><V73/><F73/><W32/><G32/><T79/><D2/><U52/><E52/><V104/><F104/><W65/><G65/><AGARI ba="0,0" hai="9,10,60,63,65,66,68,70,86,89,93,98,101,106" machi="65" ten="40,1300,0" yaku="9,1" doraHai="37" who="1" fromWho="3" sc="370,0,200,13,197,0,233,-13" owari="370,47.0,213,-18.7,197,-30.3,220,2.0" /></mjloggm>