<mjloggm ver="2.3"><GO type="225" lobby="0"/><UN n0="%E5%A4%96%E5%B7%9D%E7%AB%9C%E6%88%90" n1="%4D%6F%6E%61%6E%61" n2="%E6%A1%9C%E8%8A%B1%E9%96%83%E3%80%85" n3="%E3%83%94%E3%83%B3%E3%82%B5%E3%83%AD%E5%BA%97%E5%93%A1" dan="16,16,16,16" rate="2100.58,2132.82,2182.29,2209.02" sx="M,F,M,M"/><TAIKYOKU oya="0"/><INIT seed="0,0,0,2,3,35" ten="250,250,250,250" oya="0" hai0="60,74,129,13,28,94,109,3,113,108,12,1,10" hai1="90,100,41,32,126,30,99,121,103,17,18,115,125" hai2="26,24,85,7,14,111,75,88,102,123,101,58,21" hai3="119,11,64,135,42,9,0,16,22,70,133,23,20"/><T84/><D113/><U112/><E41/><V37/><F123/><W79/><G119/><T81/><D74/><U65/><E65/><V68/><F68/><W57/><G70/><T8/><D28/><U134/><E121/><V120/><F120/><W36/><G79/><T4/><D94/><N who="1" m="56791" /><E30/><V132/><F75/><W131/><G131/><T54/><D129/><U31/><E31/><V29/><F37/><W39/><G11/><T5/><D54/><U82/><E32/><V48/><F111/><N who="0" m="42570" /><D60/><U130/><E130/><V63/><F132/><N who="3" m="50763" /><G42/><T6/><D6/><U105/><E18/><V15/><F7/><N who="3" m="1255" /><G16/><T77/><AGARI ba="0,0" hai="1,3,4,5,8,10,12,13,77,81,84" m="42570" machi="77" ten="30,11700,0" yaku="14,1,10,1,52,2" doraHai="35" who="0" fromWho="0" sc="250,117,250,-39,250,-39,250,-39" /><INIT seed="0,1,0,4,5,22" ten="367,211,211,211" oya="0" hai0="75,125,15,21,62,48,13,79,91,86,16,24,110" hai1="67,43,42,57,120,84,36,102,94,41,65,87,51" hai2="98,60,69,11,37,29,77,45,40,55,104,52,96" hai3="124,38,111,129,61,81,19,53,50,134,122,127,26"/><T82/><D125/><N who="3" m="48201" /><G38/><T71/><D71/><U3/><E3/><V0/><F77/><W63/><G111/><T105/><D105/><U10/><E120/><V80/><F80/><W118/><G118/><T88/><D110/><U135/><E135/><V130/><F130/><W4/><G4/><T35/><D62/><U49/><E36/><V25/><F11/><W92/><G129/><T100/><D100/><U64/><E10/><V66/><F0/><W116/><G116/><T128/><D128/><U76/><E76/><V78/><F78/><W23/><G81/><T123/><D123/><U5/><E5/><V2/><F2/><W97/><G134/><T54/><D35/><U113/><E113/><V95/><F98/><W83/><G83/><N who="0" m="47487" /><D75/><U109/><E109/><V106/><F106/><W47/><G122/><T17/><D82/><U90/><E102/><AGARI ba="1,0" hai="19,23,26,47,50,53,61,63,92,97,102" m="48201" machi="102" ten="30,2000,0" yaku="18,1,52,1" doraHai="22" who="3" fromWho="1" sc="367,0,211,-23,211,0,211,23" /><INIT seed="1,0,0,3,4,41" ten="367,188,211,234" oya="1" hai0="116,46,123,32,126,98,82,30,101,28,77,92,106" hai1="0,37,48,72,130,33,85,88,66,53,80,112,63" hai2="22,18,43,125,115,3,87,118,19,67,13,70,117" hai3="10,5,58,71,38,16,93,129,6,62,81,50,94"/><U100/><E112/><V133/><F115/><W76/><G38/><T42/><D116/><U91/><E130/><V7/><F70/><W95/><G71/><T90/><D32/><U121/><E121/><V17/><F67/><W65/><G129/><T34/><D34/><U105/><E0/><V64/><F64/><W113/><G113/><T79/><D126/><U89/><E33/><V24/><F87/><N who="3" m="48551" /><G50/><N who="0" m="26967" /><D123/><U45/><E72/><V2/><F43/><W40/><G40/><T127/><D127/><U31/><E31/><N who="0" m="11817" /><D106/><U73/><E73/><V51/><F51/><W4/><G16/><N who="2" m="6249" /><F125/><W102/><G10/><T75/><D75/><U119/><E37/><V12/><F133/><W9/><G9/><T57/><D57/><N who="1" m="37231" /><E119/><N who="2" m="45579" /><F7/><W84/><G84/><AGARI ba="0,0" hai="77,79,82,84,90,92,98,101" m="11817,26967" machi="84" ten="30,2000,0" yaku="8,1,52,1" doraHai="41" who="0" fromWho="3" sc="367,20,188,0,211,0,234,-20" /><INIT seed="2,0,0,2,1,73" ten="387,188,211,214" oya="2" hai0="94,125,44,102,5,48,104,123,47,118,33,68,62" hai1="61,21,77,127,114,13,132,63,24,52,19,50,109" hai2="98,57,70,43,22,58,9,49,120,0,131,25,2" hai3="42,83,128,129,32,107,112,10,55,66,27,92,110"/><V53/><F120/><W126/><G107/><T18/><D123/><U121/><E121/><V46/><F131/><N who="3" m="50251" /><G110/><T20/><D5/><U23/><E114/><V8/><F70/><W67/><G112/><T135/><D94/><U79/><E109/><V37/><F58/><W69/><G126/><T71/><D33/><U35/><E35/><V97/><F0/><W117/><G117/><T41/><D62/><N who="1" m="23563" /><E132/><V81/><F81/><W7/><G69/><T36/><D102/><U84/><E84/><V12/><F2/><N who="3" m="375" /><G55/><T106/><D125/><U3/><E3/><V101/><F12/><W89/><G83/><T74/><D74/><U91/><E91/><V86/><F86/><N who="3" m="52279" /><G42/><T14/><D135/><U65/><E65/><V6/><F6/><W56/><G56/><T78/><D118/><U28/><E127/><V134/><F134/><W119/><G119/><T75/><D71/><U39/><E39/><V40/><F40/><W87/><G87/><T29/><D68/><U4/><E4/><V31/><REACH who="2" step="1"/><F97/><REACH who="2" ten="387,188,201,214" step="2"/><W80/><G80/><N who="0" m="45151" /><D41/><U85/><E85/><V105/><AGARI ba="0,1" hai="8,9,22,25,31,37,43,46,49,53,57,98,101,105" machi="105" ten="20,3900,0" yaku="1,1,0,1,7,1,53,0" doraHai="73" doraHaiUra="11" who="2" fromWho="2" sc="387,-13,188,-13,201,49,214,-13" /><INIT seed="2,1,0,3,0,18" ten="374,175,250,201" oya="2" hai0="79,135,114,63,14,64,16,60,49,91,75,97,99" hai1="127,58,130,38,21,48,15,93,111,45,86,62,27" hai2="8,22,54,105,118,56,76,25,44,61,78,129,42" hai3="117,107,36,19,52,13,123,24,65,124,9,113,3"/><V83/><F118/><W47/><G123/><T126/><D114/><U10/><E111/><V100/><F129/><W102/><G117/><T106/><D126/><U134/><E134/><V67/><F8/><W26/><G124/><T20/><D135/><U98/><E130/><V37/><F105/><W112/><G65/><T2/><D2/><U39/><E86/><V71/><F100/><W96/><G3/><T50/><D75/><U87/><E87/><V46/><F46/><W17/><G36/><T90/><D79/><U119/><E119/><V121/><F83/><W88/><G88/><N who="0" m="33835" /><D106/><U33/><E33/><V59/><F59/><W40/><G40/><T85/><D85/><U29/><E127/><V5/><F5/><W82/><G82/><T115/><D60/><U72/><E72/><V109/><F109/><W30/><G19/><T41/><D115/><N who="3" m="44105" /><G30/><T55/><D41/><U73/><E73/><V28/><REACH who="2" step="1"/><F121/><REACH who="2" ten="374,175,240,201" step="2"/><W95/><G107/><T122/><D122/><U1/><E93/><V66/><F66/><W6/><G6/><T53/><D64/><U43/><E1/><V51/><AGARI ba="1,1" hai="22,25,28,37,42,44,51,54,56,61,67,71,76,78" machi="51" ten="20,18000,2" yaku="1,1,0,1,7,1,24,2,52,1,53,1" doraHai="18" doraHaiUra="70" who="2" fromWho="2" sc="374,-61,175,-61,240,193,201,-61" /><INIT seed="2,2,0,0,5,53" ten="313,114,433,140" oya="2" hai0="13,96,70,14,76,36,2,0,121,50,95,134,29" hai1="97,23,129,68,109,100,38,71,105,21,19,86,73" hai2="45,32,27,56,17,94,103,11,131,116,127,128,93" hai3="107,117,60,133,30,41,79,35,25,135,42,28,49"/><V37/><F116/><W33/><G117/><T102/><D36/><U4/><E73/><V12/><F127/><W1/><G1/><T44/><D121/><U118/><E118/><V123/><F123/><W85/><G107/><T7/><D70/><U98/><E109/><V64/><F37/><W124/><G124/><T92/><D134/><N who="3" m="51209" /><G49/><T51/><D76/><U16/><E129/><N who="2" m="49739" /><F45/><W83/><G60/><T78/><D78/><U122/><E38/><V43/><F43/><N who="3" m="16395" /><G30/><T87/><D29/><U65/><E122/><V77/><F77/><W5/><G5/><T72/><D72/><U126/><E4/><V110/><F110/><W89/><G79/><T10/><D0/><U52/><E126/><V24/><F103/><W6/><G6/><T80/><D95/><N who="2" m="36362" /><F32/><AGARI ba="2,0" hai="25,28,32,33,35,83,85,89" m="16395,51209" machi="32" ten="30,1000,0" yaku="20,1" doraHai="53" who="3" fromWho="2" sc="313,0,114,0,433,-16,140,16" /><INIT seed="3,0,0,2,3,102" ten="313,114,417,156" oya="3" hai0="110,20,43,101,58,1,31,11,128,130,0,7,60" hai1="22,119,6,2,8,67,44,107,98,74,57,10,133" hai2="25,42,38,116,131,33,129,35,123,52,12,87,73" hai3="80,30,21,85,51,135,100,109,134,16,56,27,47"/><W125/><G125/><T84/><D110/><U3/><E74/><V4/><F73/><W92/><G109/><T71/><D71/><U81/><E133/><V97/><F87/><W105/><G56/><T127/><D127/><U113/><E113/><V48/><F97/><W90/><G80/><T66/><D101/><U124/><E119/><V115/><F42/><W120/><G120/><T24/><D43/><U95/><E124/><V106/><F106/><W34/><G100/><T79/><D0/><U59/><E81/><V96/><F96/><W82/><G82/><T104/><D104/><U88/><E67/><V46/><F25/><W55/><REACH who="3" step="1"/><G105/><REACH who="3" ten="313,114,417,146" step="2"/><T17/><D79/><U118/><E107/><V65/><F123/><W91/><G91/><T45/><D45/><U62/><E118/><V108/><F46/><W75/><G75/><T9/><D58/><U41/><E62/><V86/><F116/><W114/><G114/><T93/><D60/><U53/><E57/><V39/><F115/><W78/><G78/><T18/><D93/><U126/><E126/><V112/><F112/><W26/><AGARI ba="0,1" hai="16,21,26,27,30,34,47,51,55,85,90,92,134,135" machi="26" ten="30,11700,0" yaku="1,1,0,1,54,1,53,1" doraHai="102" doraHaiUra="19" who="3" fromWho="3" sc="313,-39,114,-39,417,-39,146,127" /><INIT seed="3,1,0,5,4,60" ten="274,75,378,273" oya="3" hai0="3,51,134,119,54,129,45,73,124,101,15,85,131" hai1="40,36,67,114,38,37,117,115,130,116,89,55,35" hai2="42,103,126,91,90,49,50,122,29,58,121,96,30" hai3="109,47,22,82,68,123,28,127,95,77,31,23,80"/><W5/><G123/><N who="2" m="47113" /><F126/><W94/><G68/><T132/><D119/><U84/><E89/><N who="2" m="33803" /><F58/><W59/><G127/><T63/><D124/><U27/><E84/><V18/><F18/><W16/><G5/><T93/><D73/><U25/><E35/><V66/><F66/><W43/><G59/><T10/><D85/><U1/><E1/><V44/><F50/><N who="3" m="27007" /><G109/><T108/><D3/><U8/><E8/><V21/><F21/><N who="3" m="7691" /><G16/><N who="0" m="8311" /><D108/><U98/><E98/><V105/><AGARI ba="1,0" hai="29,30,42,44,49,96,103,105" m="33803,47113" machi="105" ten="30,1100,0" yaku="13,1" doraHai="60" who="2" fromWho="2" sc="274,-4,75,-4,378,14,273,-6" owari="270,7.0,71,-42.9,392,49.2,267,-13.3" /></mjloggm>