<mjloggm ver="2.3"><GO type="225" lobby="0"/><UN n0="%E5%B0%8F%E9%B3%A5%E9%81%8A%E7%B7%B4%E7%84%A1%32%31%E6%AD%B3" n1="%40%79%75%6B%69%73" n2="%E5%8D%A0%E3%81%84%E5%B8%AB%E8%A3%8F%E3%81%AA%E3%81%84%E3%81%97" n3="%E5%84%AA%40%41%42%43" dan="16,16,16,17" rate="2159.32,2192.49,2156.38,2140.65" sx="F,M,M,M"/><TAIKYOKU oya="0"/><INIT seed="0,0,0,0,5,22" ten="250,250,250,250" oya="0" hai0="26,17,38,23,11,118,73,119,104,127,5,107,75" hai1="53,69,37,116,74,30,111,34,129,25,125,39,96" hai2="2,68,94,7,120,105,102,87,72,99,66,40,135" hai3="86,70,55,41,109,100,115,67,97,131,63,71,47"/><T12/><D38/><U79/><E53/><V18/><F120/><W65/><G115/><T133/><D133/><U85/><E85/><V95/><F135/><W14/><G109/><T27/><D127/><U1/><E96/><V36/><F72/><W0/><G0/><T52/><D75/><U21/><E21/><V91/><F68/><W123/><G131/><T16/><D73/><U124/><E25/><V3/><F66/><W19/><G86/><T117/><D52/><U42/><E30/><V110/><F110/><W29/><G29/><T46/><D46/><U9/><E9/><V80/><F7/><W28/><G28/><T126/><D126/><U56/><E56/><V83/><F83/><W60/><G55/><T49/><D49/><U76/><E76/><V48/><F36/><W90/><G90/><T10/><D107/><U61/><E61/><V62/><F62/><W101/><G123/><T77/><D77/><U33/><E79/><V50/><F18/><W4/><G4/><T35/><D104/><U98/><E42/><V45/><F94/><W8/><REACH who="3" step="1"/><G97/><REACH who="3" ten="250,250,250,240" step="2"/><T6/><D35/><U106/><E98/><V24/><F87/><W103/><G103/><T122/><D122/><U32/><E125/><V89/><F102/><W92/><G92/><T31/><REACH who="0" step="1"/><D10/><REACH who="0" ten="240,250,250,240" step="2"/><U58/><E33/><V82/><F105/><W20/><G20/><T128/><D128/><U134/><E34/><V57/><F40/><W88/><G88/><T132/><D132/><U64/><E134/><V121/><F89/><W54/><G54/><T81/><D81/><N who="2" m="31338" /><F121/><W43/><G43/><RYUUKYOKU ba="0,2" sc="240,15,250,-15,250,-15,240,15" hai0="5,6,11,12,16,17,23,26,27,31,117,118,119" hai3="8,14,19,41,47,60,63,65,67,70,71,100,101" /><INIT seed="0,1,2,1,4,59" ten="255,235,235,255" oya="0" hai0="5,6,10,91,54,74,92,40,68,28,102,35,62" hai1="65,94,108,33,79,75,47,19,36,113,21,49,0" hai2="105,14,117,43,127,17,133,63,72,128,96,27,2" hai3="44,84,126,57,80,89,25,122,109,9,16,118,130"/><T115/><D74/><U1/><E33/><V53/><F72/><W50/><G118/><T95/><D115/><U4/><E36/><V135/><F2/><W67/><G109/><T107/><D40/><U38/><E108/><V119/><F127/><W18/><G130/><T39/><D39/><U78/><E38/><V114/><F43/><W29/><G126/><T124/><D124/><U69/><E113/><V12/><F27/><W129/><G129/><T13/><D5/><U41/><E94/><V48/><F128/><W85/><G122/><T45/><D45/><U37/><E49/><V125/><F125/><W51/><G9/><T110/><D110/><U26/><E4/><V93/><F105/><W70/><G70/><T98/><D91/><U7/><E7/><V60/><F12/><W22/><G84/><T52/><D54/><U76/><REACH who="1" step="1"/><E75/><REACH who="1" ten="255,225,235,255" step="2"/><V42/><F114/><W82/><G51/><T31/><D35/><U61/><AGARI ba="1,3" hai="0,1,19,21,26,37,41,47,61,65,69,76,78,79" machi="61" ten="30,7900,0" yaku="1,1,2,1,0,1,52,1,53,0" doraHai="59" doraHaiUra="55" who="1" fromWho="1" sc="255,-40,225,112,235,-21,255,-21" /><INIT seed="1,0,0,0,0,64" ten="215,337,214,234" oya="1" hai0="26,16,7,135,14,88,101,96,85,74,78,115,127" hai1="33,23,62,103,105,22,21,2,86,19,39,8,49" hai2="77,71,107,52,48,125,40,69,133,12,25,18,93" hai3="47,102,121,84,100,20,65,134,35,132,99,45,122"/><U95/><E39/><V79/><F107/><W43/><G35/><T110/><D115/><U111/><E105/><V46/><F125/><W81/><G20/><T104/><D127/><U63/><E33/><V32/><F133/><N who="3" m="51307" /><G65/><T97/><D110/><U0/><E0/><V38/><F79/><N who="3" m="46143" /><G47/><T36/><D97/><N who="1" m="59839" /><E86/><V90/><F77/><W123/><G99/><T37/><D7/><U56/><E111/><V30/><F90/><W117/><G117/><T129/><D26/><U41/><E2/><V113/><F93/><W17/><G17/><T58/><D135/><U124/><E124/><V68/><F113/><W54/><G54/><T75/><D75/><U61/><E8/><V9/><F71/><W4/><G4/><T5/><D5/><U34/><E34/><V24/><F25/><W28/><G28/><T108/><D108/><U106/><E106/><V10/><F10/><W1/><G1/><T44/><D74/><U42/><E19/><V59/><AGARI ba="0,0" hai="9,12,18,24,30,32,38,40,46,48,52,59,68,69" machi="59" ten="20,8000,1" yaku="0,1,7,1,52,2,54,1" doraHai="64" who="2" fromWho="2" sc="215,-20,337,-40,214,80,234,-20" /><INIT seed="2,0,0,1,0,70" ten="195,297,294,214" oya="2" hai0="62,85,108,24,129,127,53,1,78,95,77,14,130" hai1="76,117,97,132,15,10,67,28,128,9,22,49,100" hai2="121,34,80,33,99,4,3,81,58,110,87,96,41" hai3="51,63,45,111,71,135,19,20,92,27,42,123,116"/><V61/><F121/><W36/><G116/><T43/><D1/><U93/><E117/><V30/><F3/><W38/><G123/><T119/><D108/><U2/><E132/><V0/><F110/><W103/><G111/><T52/><D119/><U101/><E101/><V46/><F4/><W16/><G135/><T124/><D14/><U68/><E128/><N who="0" m="49257" /><D24/><U73/><E2/><V104/><F0/><W11/><G11/><T31/><D31/><U29/><E9/><V113/><F113/><W32/><G32/><T65/><D43/><U125/><E22/><V120/><F81/><W23/><G103/><T18/><D18/><U105/><E105/><V21/><F21/><W134/><G92/><T107/><D107/><U50/><E125/><N who="0" m="48201" /><D95/><U84/><E28/><V54/><F120/><W66/><G134/><T17/><D17/><U115/><E29/><V64/><F104/><W74/><G74/><T25/><D25/><AGARI ba="0,0" hai="16,19,20,23,25,27,36,38,42,45,51,63,66,71" machi="25" ten="30,8000,1" yaku="7,1,9,1,52,2,54,1" doraHai="70" who="3" fromWho="0" sc="195,-80,297,0,294,0,214,80" /><INIT seed="3,0,0,2,5,113" ten="115,297,294,294" oya="3" hai0="69,62,6,123,133,43,92,46,13,109,51,116,76" hai1="9,12,20,106,105,120,108,93,54,58,99,59,135" hai2="37,81,80,73,77,88,97,60,45,36,122,128,104" hai3="19,75,42,124,119,130,0,114,131,53,63,115,87"/><W26/><G119/><T79/><D116/><U16/><E120/><V5/><F122/><W22/><G75/><T129/><D123/><U27/><E108/><V15/><F104/><W125/><G0/><T3/><D109/><U72/><E72/><V18/><F5/><W134/><G134/><T14/><D133/><U55/><E135/><V107/><F107/><W21/><G42/><T25/><D129/><N who="3" m="49161" /><G87/><T4/><D3/><U1/><E1/><V68/><F128/><W100/><G100/><T8/><D92/><U49/><E58/><V83/><F83/><W38/><G38/><T117/><D25/><U102/><E55/><V110/><F110/><W47/><G22/><T85/><D117/><U65/><E65/><V74/><F45/><W29/><G29/><AGARI ba="0,0" hai="9,12,16,20,27,29,49,54,59,93,99,102,105,106" machi="29" ten="30,2000,0" yaku="7,1,54,1" doraHai="113" who="1" fromWho="3" sc="115,0,297,20,294,0,294,-20" owari="115,-38.5,317,41.7,294,9.4,274,-12.6" /></mjloggm>