<mjloggm ver="2.3"><GO type="225" lobby="0"/><UN n0="%E4%BB%8A%E6%97%A5%E4%B8%80" n1="%72%69%6F%75%63%68%61%6E" n2="%72%65%6E%6B%75%6E" n3="%E8%B6%85%E7%B4%9A%E9%B3%B3%E5%87%B0" dan="16,16,17,16" rate="2163.23,2107.37,2259.96,2114.40" sx="M,M,M,M"/><TAIKYOKU oya="0"/><INIT seed="0,0,0,0,3,130" ten="250,250,250,250" oya="0" hai0="105,134,85,110,39,42,12,40,37,47,72,82,113" hai1="71,62,5,98,99,81,31,21,114,83,119,92,9" hai2="1,15,118,43,89,95,50,13,123,103,106,27,97" hai3="69,73,23,14,11,120,16,57,86,46,49,4,116"/><T48/><D113/><U61/><E119/><V26/><F1/><W101/><G73/><T35/><D35/><U128/><E128/><V90/><F118/><W17/><G116/><T6/><D105/><U3/><E114/><V70/><F70/><W111/><G69/><T93/><D110/><U79/><E83/><V56/><F123/><W84/><G111/><T77/><D42/><U18/><E31/><V131/><F131/><W78/><G120/><T52/><D134/><U135/><E135/><V104/><F104/><W80/><G57/><T60/><D72/><U58/><E71/><V2/><F2/><W24/><G101/><T54/><D93/><U38/><E38/><N who="0" m="14345" /><D60/><U19/><E61/><V107/><F107/><W129/><G129/><T8/><AGARI ba="0,0" hai="6,8,12,40,47,48,52,54,77,82,85" m="14345" machi="8" ten="30,3000,0" yaku="25,1,54,1" doraHai="130" who="0" fromWho="0" sc="250,30,250,-10,250,-10,250,-10" /><INIT seed="0,1,0,2,5,128" ten="280,240,240,240" oya="0" hai0="33,60,77,110,21,95,121,106,133,102,74,53,93" hai1="90,63,80,32,105,49,99,83,81,127,0,97,25" hai2="22,73,88,31,14,91,98,78,44,108,1,103,104" hai3="100,18,76,65,55,8,16,70,12,37,13,96,50"/><T94/><D121/><U123/><E123/><V131/><F1/><W68/><G37/><T10/><D33/><U126/><E0/><V134/><F131/><W125/><G125/><N who="1" m="47626" /><E63/><V51/><F108/><W111/><G111/><T75/><D10/><U36/><E36/><V15/><F31/><W69/><G76/><T107/><D110/><U62/><E62/><V45/><F45/><W5/><G12/><T79/><D21/><U57/><E105/><N who="0" m="39945" /><D53/><N who="1" m="31919" /><E90/><V23/><F91/><W27/><G27/><T84/><D60/><U59/><E59/><V113/><F88/><W28/><G28/><AGARI ba="1,0" hai="25,28,32,80,81,83,97,99" m="31919,47626" machi="28" ten="30,1000,0" yaku="18,1" doraHai="128" who="1" fromWho="3" sc="280,0,240,13,240,0,240,-13" /><INIT seed="1,0,0,0,4,109" ten="280,253,240,227" oya="1" hai0="14,55,19,62,132,59,96,110,13,91,9,77,33" hai1="38,124,46,22,103,35,10,98,121,101,88,53,134" hai2="105,31,115,119,64,81,118,74,23,113,15,89,94" hai3="67,21,50,24,82,40,8,30,70,114,104,99,95"/><U60/><E121/><V126/><F105/><W45/><G104/><T28/><D110/><U73/><E35/><V56/><F126/><W43/><G114/><N who="2" m="43529" /><F64/><W61/><G82/><T4/><D77/><U47/><E73/><V5/><F56/><W63/><G63/><N who="0" m="36351" /><D33/><U44/><E134/><V102/><F102/><W68/><G8/><N who="0" m="4231" /><D132/><U72/><E72/><V25/><F15/><W16/><G68/><T107/><D107/><U86/><E38/><V41/><F41/><W52/><REACH who="3" step="1"/><G30/><REACH who="3" ten="280,253,240,217" step="2"/><T133/><D133/><U48/><E60/><V69/><F69/><W39/><G39/><T127/><D127/><U108/><E124/><V116/><F5/><W12/><G12/><T93/><D62/><U7/><E108/><V51/><F51/><W57/><G57/><T135/><D135/><U26/><E48/><V34/><F81/><W37/><G37/><T90/><D28/><U49/><E7/><V83/><F83/><W2/><G2/><T11/><D9/><U100/><E10/><V85/><F74/><W97/><G97/><T125/><D125/><U20/><E98/><V1/><F1/><W66/><G66/><T123/><D123/><U111/><E111/><V36/><F36/><W128/><G128/><T131/><D131/><U117/><E49/><V120/><F120/><W29/><G29/><T129/><D129/><U92/><E26/><V27/><F25/><W54/><G54/><T79/><D79/><U122/><E53/><V75/><F75/><W84/><G84/><T42/><D42/><U80/><E80/><V71/><F71/><W0/><G0/><RYUUKYOKU ba="0,1" sc="280,10,253,-30,240,10,217,10" hai0="11,14,19,90,91,93,96" hai2="23,27,31,34,85,89,94,116,118,119" hai3="16,21,24,40,43,45,50,52,61,67,70,95,99" /><INIT seed="2,1,1,4,2,101" ten="290,223,250,227" oya="2" hai0="6,77,111,59,44,97,28,31,16,67,54,131,90" hai1="24,29,93,106,79,102,92,119,65,68,37,40,63" hai2="25,100,23,27,103,8,49,112,52,121,34,17,47" hai3="10,129,56,66,83,69,72,22,98,81,135,113,76"/><V104/><F112/><W35/><G35/><T95/><D111/><U58/><E119/><V110/><F121/><W123/><G123/><T88/><D131/><U85/><E58/><V30/><F110/><W14/><G69/><T120/><D120/><U127/><E127/><V39/><F39/><W32/><G32/><T20/><D6/><U96/><E79/><V61/><F104/><W114/><G129/><T74/><D90/><U82/><E40/><V78/><F78/><W45/><G135/><T33/><D33/><N who="1" m="20647" /><E37/><V105/><F105/><W26/><G81/><T46/><D67/><U48/><E48/><V62/><F62/><N who="3" m="38215" /><G45/><N who="0" m="17515" /><D74/><U57/><E57/><V7/><REACH who="2" step="1"/><F61/><REACH who="2" ten="290,223,240,227" step="2"/><W50/><G114/><T116/><D77/><N who="1" m="46287" /><E92/><V60/><F60/><W134/><G113/><T0/><D116/><U12/><E93/><V94/><F94/><W75/><G76/><T36/><D36/><U124/><E124/><V130/><F130/><W125/><G125/><T91/><D91/><U89/><E89/><V132/><F132/><W43/><G134/><T15/><D95/><U80/><E80/><V128/><F128/><W117/><G117/><T9/><D88/><U118/><E118/><V18/><F18/><N who="3" m="8535" /><G83/><T122/><D122/><U51/><E51/><V53/><F53/><W3/><G50/><T38/><D38/><U1/><E1/><AGARI ba="1,2" hai="1,7,8,17,23,25,27,30,34,47,49,52,100,103" machi="1" ten="30,5800,0" yaku="1,1,7,1,54,1,53,0" doraHai="101" doraHaiUra="84" who="2" fromWho="1" sc="290,0,223,-61,240,81,227,0" /><INIT seed="2,2,0,3,2,115" ten="290,162,321,227" oya="2" hai0="85,38,127,36,109,111,77,92,87,46,76,53,51" hai1="45,32,59,60,101,123,9,12,62,108,134,102,3" hai2="66,107,67,106,50,110,125,33,41,104,26,7,13" hai3="24,37,126,5,29,57,96,31,15,88,65,81,116"/><V63/><F125/><W95/><G37/><T130/><D127/><U128/><E128/><V28/><F110/><N who="0" m="41994" /><D130/><U2/><E108/><V52/><F41/><W103/><G126/><T114/><D114/><U68/><E134/><V56/><F7/><W79/><G116/><T14/><D14/><U131/><E131/><V40/><REACH who="2" step="1"/><F13/><REACH who="2" ten="290,162,311,227" step="2"/><W61/><G5/><T133/><D133/><U113/><E12/><V129/><F129/><W11/><G15/><T8/><D36/><U54/><E113/><V4/><F4/><W0/><G0/><T10/><D38/><U97/><E2/><V98/><F98/><W55/><G11/><T30/><D8/><U58/><E97/><V112/><F112/><W117/><G96/><T1/><D10/><U42/><E123/><V91/><F91/><W99/><G88/><T47/><D77/><U72/><E3/><V132/><F132/><W80/><G79/><T21/><D1/><U18/><E9/><V124/><F124/><W64/><G103/><T118/><D76/><U135/><E135/><V23/><F23/><W6/><G6/><T100/><D21/><U73/><E32/><V17/><F17/><W49/><G99/><T19/><D19/><U35/><E18/><V120/><F120/><W122/><G122/><T74/><D100/><U94/><E35/><V25/><F25/><W71/><G24/><T89/><D89/><U27/><E27/><V20/><F20/><W82/><G31/><T119/><D30/><U44/><E102/><V121/><F121/><W75/><G29/><T34/><D34/><U43/><E101/><RYUUKYOKU ba="2,1" sc="290,-10,162,-10,311,30,227,-10" hai2="26,28,33,40,50,52,56,63,66,67,104,106,107" /><INIT seed="2,3,1,0,1,76" ten="280,152,341,217" oya="2" hai0="128,115,16,42,75,111,29,31,66,103,102,4,126" hai1="40,82,117,56,22,39,36,57,50,116,27,92,25" hai2="69,48,104,133,6,47,135,46,44,20,41,123,33" hai3="2,19,51,74,77,105,88,67,78,100,129,72,93"/><V24/><F123/><W130/><G2/><T90/><D115/><U125/><E125/><V101/><F69/><W10/><G67/><T59/><D4/><U53/><E92/><V114/><F33/><W43/><G43/><T98/><D75/><N who="3" m="28713" /><G51/><T15/><D128/><N who="3" m="49257" /><G19/><T35/><D111/><U79/><E56/><V131/><F114/><W124/><G10/><N who="0" m="6263" /><D126/><U13/><E13/><V110/><F110/><W70/><G70/><T60/><D42/><U71/><E71/><V32/><F32/><W109/><G109/><T3/><D3/><U73/><E27/><V21/><F6/><W45/><G45/><N who="2" m="17513" /><F24/><W54/><G54/><T118/><D118/><U94/><E94/><V49/><F49/><W7/><G7/><T95/><D35/><U113/><E113/><V83/><F131/><W11/><G11/><T38/><D38/><U134/><E134/><V84/><F20/><W99/><G124/><T26/><D26/><U12/><E12/><V61/><F21/><W68/><G68/><T80/><D103/><U62/><E50/><V107/><F48/><W34/><G34/><T9/><D9/><U63/><E62/><V86/><F47/><W106/><G106/><T81/><D102/><U96/><E40/><V97/><F41/><W91/><G91/><T8/><D8/><U55/><E55/><V112/><F104/><W121/><G121/><T65/><D66/><U28/><E36/><V58/><F107/><W37/><G37/><T132/><D132/><U17/><E39/><V0/><F135/><W127/><G127/><T30/><AGARI ba="3,1" hai="29,30,31,59,60,65,80,81,90,95,98" m="6263" machi="30" ten="30,7900,0" yaku="8,1,52,2,54,1" doraHai="76" who="0" fromWho="0" sc="280,98,152,-23,341,-42,217,-23" /><INIT seed="3,0,0,5,4,42" ten="378,129,299,194" oya="3" hai0="20,120,35,17,19,9,2,81,112,5,132,53,8" hai1="126,69,118,50,38,41,32,70,28,113,31,47,123" hai2="11,115,109,100,99,104,59,130,16,48,97,61,116" hai3="67,36,56,74,133,91,111,55,84,58,18,87,33"/><W105/><G74/><T26/><D120/><U95/><E123/><V43/><F115/><W21/><G36/><T1/><D81/><U71/><E113/><V57/><F116/><W49/><G105/><T82/><D82/><U114/><E114/><V75/><F75/><W80/><G33/><T131/><D53/><U68/><N who="1" m="17408" /><DORA hai="37" /><U66/><E32/><V73/><F73/><W119/><G119/><T98/><D98/><U108/><E118/><V7/><F109/><W129/><G84/><T125/><D112/><U44/><E108/><V77/><F77/><W135/><G111/><T83/><D83/><U128/><E66/><V106/><F130/><W29/><G29/><T121/><D121/><U88/><E128/><V85/><F85/><W13/><G129/><T72/><D72/><U60/><E60/><V134/><F134/><N who="3" m="51211" /><G67/><T117/><D35/><U25/><E126/><V12/><F7/><W93/><G80/><T79/><D5/><U23/><E28/><V0/><F0/><W54/><G54/><T65/><D1/><U51/><REACH who="1" step="1"/><E44/><AGARI ba="0,0" hai="13,18,21,44,49,55,56,58,87,91,93" m="51211" machi="44" ten="30,2900,0" yaku="20,1,52,1" doraHai="42,37" who="3" fromWho="1" sc="378,0,129,-29,299,0,194,29" /><INIT seed="3,1,0,0,5,133" ten="378,100,299,223" oya="3" hai0="30,131,122,57,74,16,110,82,24,97,101,125,22" hai1="63,85,0,86,12,50,69,60,75,64,116,135,35" hai2="106,20,132,118,76,126,113,3,109,28,78,18,45" hai3="89,70,29,8,77,6,2,134,48,121,90,72,129"/><W100/><G121/><T56/><D125/><U14/><E135/><V93/><F93/><W108/><G70/><T80/><D122/><U54/><E116/><V92/><F45/><W53/><G134/><T79/><D131/><U39/><E75/><V13/><F92/><W21/><G129/><T55/><D110/><U19/><E0/><V4/><F106/><W120/><G120/><T112/><D112/><U42/><E35/><V111/><F113/><W83/><G100/><T88/><D80/><U25/><E60/><V58/><F132/><W128/><G128/><T102/><D30/><U62/><E62/><V47/><F28/><W23/><G108/><N who="2" m="41545" /><F118/><W103/><G103/><T31/><D31/><U44/><E25/><V130/><F130/><W52/><G53/><T11/><D11/><U127/><E127/><V73/><F58/><W5/><G5/><T61/><D57/><U10/><REACH who="1" step="1"/><E12/><REACH who="1" ten="378,90,299,223" step="2"/><V40/><F73/><W43/><G72/><T27/><D24/><U71/><E71/><V38/><F126/><W105/><G2/><T119/><D119/><U107/><E107/><V26/><F3/><W46/><G105/><T7/><D74/><U36/><E36/><V59/><F38/><W9/><G48/><T65/><D61/><U94/><E94/><V114/><F13/><W81/><G83/><T104/><D82/><U41/><E41/><V15/><F40/><W17/><G43/><T117/><D104/><U123/><E123/><V33/><F26/><W49/><G81/><T1/><D1/><U115/><E115/><V84/><F114/><W66/><G49/><RYUUKYOKU ba="1,1" sc="378,-10,90,30,299,-10,223,-10" hai1="10,14,19,39,42,44,50,54,63,64,69,85,86" owari="378,47.8,120,-38.0,289,8.9,213,-18.7" /></mjloggm>