<mjloggm ver="2.3"><GO type="225" lobby="0"/><UN n0="%33%74%72%65%65" n1="%E9%80%9F%E6%B0%B4%E5%87%9B%E9%A6%99" n2="%E5%A4%8F%E9%88%B4%E9%88%B4%E5%A4%8F" n3="%72%69%6F%75%63%68%61%6E" dan="17,16,16,16" rate="2212.88,2142.21,2125.12,2189.27" sx="F,F,M,M"/><TAIKYOKU oya="0"/><INIT seed="0,0,0,2,0,35" ten="250,250,250,250" oya="0" hai0="72,6,105,15,13,132,0,97,109,25,20,93,64" hai1="83,50,56,12,57,37,130,78,95,52,119,90,131" hai2="7,61,102,46,117,21,81,59,118,9,26,10,84" hai3="23,120,101,92,47,89,115,45,32,29,100,60,103"/><T22/><D105/><U53/><E37/><V134/><F102/><W39/><G115/><T96/><D72/><U124/><E119/><N who="2" m="45579" /><F46/><W114/><G114/><T75/><D75/><U129/><E124/><V3/><F10/><W91/><G32/><T2/><D64/><U14/><E83/><V34/><F34/><W42/><G120/><T77/><D77/><U74/><E78/><N who="2" m="46135" /><F134/><W99/><G89/><T40/><D40/><U80/><E80/><V63/><F59/><W66/><G45/><T51/><D132/><U125/><E74/><V123/><F123/><W135/><G135/><T38/><D38/><U43/><E43/><V70/><F70/><W110/><G110/><T98/><D51/><N who="1" m="30751" /><E125/><V55/><F55/><W24/><REACH who="3" step="1"/><G91/><REACH who="3" ten="250,250,250,240" step="2"/><T67/><D109/><U16/><E90/><V104/><F104/><W54/><G54/><T116/><D67/><U44/><E44/><V87/><F87/><W11/><G11/><T126/><D126/><U8/><E95/><V94/><F94/><W58/><AGARI ba="0,1" hai="23,24,29,39,42,47,58,60,66,92,99,100,101,103" machi="58" ten="20,8000,1" yaku="1,1,0,1,7,1,25,2,53,0" doraHai="35" doraHaiUra="65" who="3" fromWho="3" sc="250,-40,250,-20,250,-20,240,90" /><INIT seed="1,0,0,1,1,55" ten="210,230,230,330" oya="1" hai0="68,111,58,79,126,53,110,85,124,3,128,93,103" hai1="123,118,101,112,50,66,89,81,99,69,60,116,26" hai2="56,122,96,22,78,11,67,5,82,8,21,27,98" hai3="88,38,59,33,17,70,95,84,39,13,20,16,40"/><U117/><E112/><V63/><F122/><W30/><G70/><T106/><D3/><U107/><E123/><V134/><F134/><W75/><G75/><T49/><D68/><U129/><E129/><V29/><F22/><W19/><G40/><T54/><D128/><U65/><E65/><V41/><F41/><W48/><G33/><T31/><D31/><U74/><E50/><V104/><F104/><W62/><G48/><T97/><D54/><U12/><E12/><V92/><F5/><W135/><G135/><T121/><D121/><U37/><E37/><V114/><F98/><W83/><G83/><N who="0" m="47359" /><D106/><U42/><E42/><V23/><F23/><N who="3" m="11663" /><G38/><T127/><AGARI ba="0,0" hai="49,53,58,93,97,103,110,111,124,126,127" m="47359" machi="127" ten="40,2700,0" yaku="18,1,52,1" doraHai="55" who="0" fromWho="0" sc="210,27,230,-13,230,-7,330,-7" /><INIT seed="2,0,0,4,0,27" ten="237,217,223,323" oya="2" hai0="127,88,37,106,114,9,128,108,55,5,25,121,118" hai1="17,31,84,115,16,93,85,59,45,3,74,26,20" hai2="18,32,24,1,4,35,75,70,100,40,15,117,71" hai3="72,28,105,82,110,133,34,48,49,111,10,51,53"/><V22/><F117/><W19/><G133/><T89/><D37/><U58/><E74/><V14/><F75/><W131/><G131/><T119/><D121/><U78/><E3/><V38/><F100/><W104/><G53/><T13/><D114/><U97/><E115/><V12/><F40/><W92/><G92/><T33/><D128/><U56/><E45/><V52/><F38/><W69/><G69/><T123/><D123/><U61/><E61/><V76/><F76/><N who="3" m="44295" /><G19/><N who="1" m="7242" /><E78/><V102/><F102/><AGARI ba="0,0" hai="20,26,31,56,58,59,84,85,93,97,102" m="7242" machi="102" ten="30,3900,0" yaku="8,1,52,1,54,1" doraHai="27" who="1" fromWho="2" sc="237,0,217,39,223,-39,323,0" /><INIT seed="3,0,0,3,3,40" ten="237,256,184,323" oya="3" hai0="50,128,55,85,122,93,95,118,0,6,78,5,43" hai1="99,27,22,9,1,4,110,20,81,130,77,39,84" hai2="75,57,29,34,47,63,13,2,91,124,33,96,82" hai3="117,66,28,129,88,16,73,71,89,56,3,112,64"/><W30/><G112/><T32/><D122/><U100/><E110/><V86/><F124/><W37/><G117/><T23/><D118/><U116/><E130/><V45/><F2/><W8/><G73/><T46/><D32/><U52/><E39/><V83/><F29/><W97/><G37/><T68/><D68/><U54/><E116/><V79/><F13/><N who="3" m="7207" /><G71/><T126/><D128/><U61/><E61/><V119/><F119/><W70/><G70/><T42/><D126/><U106/><REACH who="1" step="1"/><E22/><REACH who="1" ten="237,246,184,323" step="2"/><V94/><F33/><W104/><G129/><T59/><D23/><U25/><E25/><V15/><F34/><W17/><G64/><T131/><D131/><U35/><E35/><V26/><F26/><W76/><G66/><T90/><D78/><U127/><E127/><V120/><F120/><W134/><G76/><T7/><D0/><U108/><E108/><V19/><F15/><W114/><G3/><T107/><D107/><U12/><E12/><V10/><F10/><W58/><G104/><T51/><D95/><U53/><E53/><AGARI ba="0,1" hai="5,6,7,42,43,46,50,51,53,55,59,85,90,93" machi="53" ten="40,2600,0" yaku="8,1,52,1" doraHai="40" who="0" fromWho="1" sc="237,36,246,-26,184,0,323,0" owari="273,7.3,220,-18.0,184,-31.6,323,42.3" /></mjloggm>