<mjloggm ver="2.3"><GO type="225" lobby="0"/><UN n0="%E6%A1%9C%E8%8A%B1%E9%96%83%E3%80%85" n1="%E3%81%AF%E3%82%88%E3%81%8A%E3%81%98%E3%81%95%E3%82%93" n2="%E7%99%BD%E9%9B%AA%E4%B9%83%E6%84%9B" n3="%E7%AD%89%E3%80%85%E5%8A%9B%E5%8A%87%E5%A0%B4" dan="17,17,16,16" rate="2117.06,2198.25,2083.74,2157.49" sx="M,M,F,M"/><TAIKYOKU oya="0"/><INIT seed="0,0,0,1,1,95" ten="250,250,250,250" oya="0" hai0="53,94,30,135,61,119,48,84,121,60,103,24,111" hai1="76,125,16,85,66,86,28,58,47,18,71,93,42" hai2="0,43,55,104,127,25,115,100,38,32,23,6,72" hai3="75,51,11,107,74,33,27,96,81,131,5,117,19"/><T108/><D119/><U77/><E71/><V31/><F115/><W17/><G117/><T50/><D121/><U56/><E125/><V36/><F127/><W134/><G134/><T83/><D135/><U92/><E47/><V73/><F55/><W78/><G131/><T87/><D50/><U126/><E126/><V69/><F69/><W120/><G75/><N who="2" m="28745" /><F23/><W112/><G112/><T99/><D84/><U26/><E26/><V21/><F21/><W14/><G120/><T105/><D105/><U110/><E110/><N who="0" m="42025" /><D87/><U70/><E70/><V67/><F67/><W20/><G33/><N who="0" m="20679" /><D83/><U46/><E46/><AGARI ba="0,0" hai="46,48,53,60,61,94,99,103" m="20679,42025" machi="46" ten="30,5800,0" yaku="14,1,10,1,52,1" doraHai="95" who="0" fromWho="1" sc="250,58,250,-58,250,0,250,0" /><INIT seed="0,1,0,3,1,41" ten="308,192,250,250" oya="0" hai0="110,34,115,51,47,95,10,43,120,63,74,76,113" hai1="92,90,96,125,3,24,106,18,36,123,88,6,30" hai2="71,54,111,11,130,121,58,132,9,99,49,85,0" hai3="31,109,86,69,38,72,119,45,89,42,21,17,15"/><T33/><D120/><U46/><E123/><V1/><F121/><W112/><G112/><T50/><D95/><U77/><E125/><V75/><F75/><W12/><G119/><T107/><D107/><U122/><E122/><V57/><F71/><W62/><G72/><T80/><D110/><U52/><E106/><V134/><F111/><W61/><G109/><T133/><D133/><N who="2" m="51306" /><F130/><W91/><G69/><T67/><D10/><N who="2" m="3594" /><F99/><W124/><G124/><T4/><D4/><U35/><E6/><V32/><F32/><W60/><G31/><T73/><D73/><U82/><E3/><N who="2" m="1099" /><F85/><W7/><G7/><T97/><D97/><U23/><E36/><V19/><F19/><W29/><G29/><T78/><D78/><U100/><E18/><V118/><F118/><W81/><REACH who="3" step="1"/><G15/><REACH who="3" ten="308,192,250,240" step="2"/><T108/><D108/><U44/><E35/><V94/><F94/><W84/><G84/><T53/><D33/><U65/><E92/><V25/><F25/><W103/><G103/><T101/><D101/><U66/><E100/><V104/><F104/><W98/><G98/><T13/><D13/><U27/><E96/><V131/><F131/><W28/><G28/><T83/><D34/><U64/><E24/><V126/><F126/><W16/><G16/><T40/><D74/><U117/><E117/><V48/><F54/><W105/><G105/><T128/><D53/><U8/><E52/><V14/><F14/><W26/><G26/><T93/><D128/><U135/><E135/><V59/><AGARI ba="1,1" hai="48,49,57,58,59" m="1099,3594,51306" machi="59" ten="40,5200,0" yaku="28,2,20,1" doraHai="41" who="2" fromWho="2" sc="308,-27,192,-14,250,65,240,-14" /><INIT seed="1,0,0,4,4,0" ten="281,178,315,226" oya="1" hai0="106,13,24,79,70,21,108,46,56,31,89,17,10" hai1="96,78,61,36,114,68,60,63,105,73,55,25,52" hai2="29,71,11,38,99,103,18,39,14,80,117,91,48" hai3="7,28,84,85,1,128,65,94,4,110,124,66,16"/><U115/><E36/><V116/><F71/><W125/><G1/><T19/><D70/><U119/><E68/><V57/><F29/><W127/><G110/><T75/><D106/><U81/><E119/><V62/><F39/><W134/><G134/><T32/><D108/><U87/><E73/><V135/><F38/><W27/><G128/><T44/><D89/><U64/><E64/><N who="3" m="24682" /><G16/><T6/><D56/><U120/><E120/><V40/><F135/><W59/><G59/><T5/><D19/><U126/><E126/><V72/><F62/><W133/><G133/><T97/><D97/><U43/><E43/><V30/><F30/><W2/><G2/><N who="0" m="311" /><D6/><N who="3" m="2089" /><G94/><T41/><D75/><U113/><REACH who="1" step="1"/><E25/><REACH who="1" ten="281,168,315,226" step="2"/><V37/><F37/><W92/><G92/><T9/><D24/><U118/><E118/><V121/><F121/><W67/><G67/><T53/><D13/><U58/><E58/><V132/><F132/><W34/><AGARI ba="0,1" hai="27,28,34,84,85,124,125,127" m="2089,24682" machi="34" ten="40,8000,1" yaku="18,1,52,3" doraHai="0" who="3" fromWho="3" sc="281,-20,168,-40,315,-20,226,90" /><INIT seed="2,0,0,5,5,50" ten="261,128,295,316" oya="2" hai0="21,116,58,77,111,2,107,113,89,4,55,90,29" hai1="135,15,106,82,101,130,49,28,123,74,81,84,1" hai2="10,118,105,99,13,14,6,35,45,53,37,44,97" hai3="94,72,31,5,61,32,30,51,91,39,70,38,85"/><V68/><F118/><W126/><G72/><T64/><D113/><U43/><E1/><V125/><F68/><W134/><G134/><T80/><D111/><U7/><E135/><V41/><F35/><W25/><G126/><T110/><D107/><U88/><E130/><V42/><F125/><W102/><G31/><T11/><D64/><U92/><E123/><V20/><F105/><W108/><G108/><T9/><D9/><U100/><E28/><V47/><F37/><W122/><G122/><T75/><D116/><U27/><E27/><V83/><F83/><W93/><G5/><T96/><D96/><U79/><E82/><V0/><F0/><W78/><G78/><T87/><D75/><U8/><E106/><V62/><F20/><W98/><G70/><T109/><D109/><U119/><E119/><V67/><F13/><W40/><G61/><T48/><REACH who="0" step="1"/><D110/><REACH who="0" ten="251,128,295,316" step="2"/><U23/><E23/><V34/><F67/><W17/><G98/><N who="2" m="37385" /><F34/><W65/><G32/><T132/><D132/><U26/><REACH who="1" step="1"/><E26/><AGARI ba="0,1" hai="2,4,11,21,26,29,48,55,58,77,80,87,89,90" machi="26" ten="40,5200,0" yaku="1,1,52,1,53,1" doraHai="50" doraHaiUra="76" who="0" fromWho="1" sc="251,62,128,-52,295,0,316,0" /><INIT seed="3,0,0,5,4,104" ten="313,76,295,316" oya="3" hai0="74,26,113,47,114,62,83,52,105,133,17,73,61" hai1="108,34,110,96,57,3,75,129,30,132,99,123,33" hai2="115,92,15,119,60,48,128,32,111,77,94,41,124" hai3="21,36,79,72,37,5,93,125,58,22,53,71,97"/><W69/><G5/><T91/><D105/><U90/><E57/><V70/><F115/><N who="0" m="44042" /><D133/><U134/><E90/><V120/><F119/><W101/><G125/><T43/><D91/><U127/><E30/><V135/><F32/><W45/><G71/><T67/><D52/><U106/><E106/><V51/><F77/><W8/><G69/><N who="0" m="42223" /><D62/><U2/><E127/><V19/><F124/><W40/><G36/><N who="0" m="21991" /><D83/><U117/><E117/><V118/><F118/><W102/><G102/><T27/><D27/><U116/><E116/><V88/><F111/><W42/><G42/><T59/><D59/><U12/><E12/><V68/><F135/><W87/><G87/><T1/><D1/><U24/><E24/><V4/><F4/><W65/><G65/><T78/><D78/><U39/><E39/><V82/><F128/><W112/><G112/><T13/><D26/><U121/><REACH who="1" step="1"/><E129/><REACH who="1" ten="313,66,295,316" step="2"/><V20/><F68/><W86/><G58/><T18/><D18/><U98/><E98/><V107/><F107/><W25/><G25/><T14/><D14/><U66/><E66/><V100/><F70/><W16/><G16/><T76/><D76/><U55/><E55/><V64/><F64/><W28/><G53/><T122/><D122/><U46/><E46/><V80/><F120/><W89/><G28/><T35/><D35/><U6/><E6/><V95/><F88/><W54/><G54/><T85/><D85/><U126/><E126/><V84/><F19/><W10/><G86/><T49/><D49/><U63/><E63/><V50/><F60/><W103/><G89/><T131/><D131/><RYUUKYOKU ba="0,1" sc="313,15,66,15,295,-15,316,-15" hai0="13,17,73,74" hai1="2,3,33,34,75,96,99,108,110,121,123,132,134" owari="338,43.8,81,-41.9,280,-12.0,301,10.1" /></mjloggm>