<mjloggm ver="2.3"><GO type="225" lobby="0"/><UN n0="%EF%BC%AE%EF%BC%A1%EF%BC%AF%33%33%39" n1="%E3%81%99%E3%81%84%E3%81%BE%E3%81%9B%E3%83%BC%E3%82%93" n2="%E3%83%8F%E3%83%B3%E3%83%89%E3%83%A9%E3%83%BC%E3%83%BB%E3%83%AF%E3%83%B3" n3="%E5%B8%86%E7%AB%8B%E5%A4%8F%E8%A1%A3" dan="17,18,17,16" rate="2146.41,2198.82,2208.56,2179.92" sx="M,M,M,M"/><TAIKYOKU oya="0"/><INIT seed="0,0,0,5,2,33" ten="250,250,250,250" oya="0" hai0="79,131,128,100,60,86,94,104,15,96,55,2,30" hai1="129,44,89,38,82,121,88,62,133,53,113,108,66" hai2="118,31,58,95,12,99,119,102,77,132,50,29,135" hai3="67,134,48,7,23,57,39,35,36,76,52,41,42"/><T110/><D30/><N who="2" m="11274" /><F77/><W93/><G35/><T22/><D110/><U45/><E121/><V115/><F115/><W120/><G76/><T116/><D116/><N who="2" m="44586" /><F12/><W112/><G23/><T17/><D2/><U18/><E113/><V25/><F25/><W125/><G112/><T123/><D123/><U107/><E108/><V16/><F16/><W117/><G93/><T98/><D79/><U64/><E82/><V10/><F10/><W71/><G7/><T5/><D5/><U101/><E18/><V63/><F50/><W127/><G134/><T83/><D83/><U72/><E72/><V13/><F13/><W4/><G4/><T84/><D131/><U6/><E6/><V51/><F51/><W85/><G120/><T9/><D128/><U73/><E133/><V1/><F1/><W34/><G34/><T11/><D11/><U19/><E73/><V43/><F43/><N who="3" m="16395" /><G117/><T27/><D9/><U8/><E129/><V92/><F92/><W49/><G49/><T69/><D15/><U46/><E8/><V90/><F102/><W61/><G85/><T70/><D86/><U91/><E19/><V37/><F37/><AGARI ba="0,0" hai="36,37,39,48,52,57,61,67,71,125,127" m="16395" machi="37" ten="30,3900,0" yaku="34,2,54,1" doraHai="33" who="3" fromWho="2" sc="250,0,250,0,250,-39,250,39" /><INIT seed="1,0,0,3,1,55" ten="250,250,211,289" oya="1" hai0="83,104,18,40,74,90,119,4,71,131,85,125,54" hai1="46,94,45,135,13,114,132,24,61,20,44,123,68" hai2="10,53,52,64,122,82,96,25,103,37,0,48,87" hai3="6,11,38,34,100,112,32,127,97,21,77,57,117"/><U60/><E114/><V67/><F122/><W110/><G38/><T15/><D119/><U58/><E123/><V98/><F37/><W49/><G110/><T134/><D104/><U118/><E118/><V116/><F116/><W29/><G127/><T7/><D71/><U16/><E68/><V99/><F103/><W106/><G112/><T33/><D33/><U76/><E76/><V75/><F75/><W56/><G77/><T41/><D74/><U23/><E94/><V130/><F130/><W93/><G106/><T115/><D115/><U50/><E50/><V80/><F53/><W128/><G128/><T47/><D131/><U86/><E86/><V9/><F25/><W66/><G49/><N who="0" m="28991" /><D125/><U121/><E121/><V63/><F0/><W69/><G117/><T22/><D134/><N who="1" m="51243" /><E58/><N who="2" m="36983" /><F67/><W12/><G34/><T105/><D105/><U19/><AGARI ba="0,0" hai="13,16,19,20,23,24,44,45,46,60,61" m="51243" machi="19" ten="40,3900,0" yaku="20,1,54,1" doraHai="55" who="1" fromWho="1" sc="250,-13,250,39,211,-13,289,-13" /><INIT seed="1,1,0,0,4,93" ten="237,289,198,276" oya="1" hai0="4,0,6,59,129,60,50,92,57,12,94,54,89" hai1="80,105,87,112,16,133,44,76,40,21,121,2,14" hai2="30,35,126,108,117,23,36,53,64,67,1,56,106" hai3="65,17,97,118,83,85,127,45,63,15,79,96,99"/><U107/><E112/><V38/><F117/><W131/><G118/><T24/><D0/><U61/><E121/><V52/><F1/><W46/><G127/><T10/><D129/><U42/><E2/><V37/><F35/><W125/><G125/><T135/><D135/><U48/><E133/><V111/><F126/><W95/><G131/><T90/><D6/><U75/><E42/><V19/><F30/><W134/><G134/><T78/><D78/><U130/><E130/><V18/><F106/><W34/><G34/><T101/><D24/><U70/><REACH who="1" step="1"/><E75/><REACH who="1" ten="237,279,198,276" step="2"/><V5/><F111/><W41/><G41/><T86/><D101/><U110/><E110/><V32/><F108/><W91/><G46/><T29/><D29/><U123/><E123/><V124/><F124/><W31/><G45/><T27/><D27/><U20/><E20/><V55/><F23/><W104/><G31/><T98/><REACH who="0" step="1"/><D57/><REACH who="0" ten="227,279,198,276" step="2"/><U122/><E122/><V115/><F56/><N who="3" m="37095" /><G104/><T28/><D28/><U113/><E113/><V132/><F115/><W103/><G103/><T71/><D71/><U33/><E33/><V119/><F32/><W128/><G128/><T88/><D88/><U39/><E39/><V81/><F132/><W11/><AGARI ba="1,2" hai="11,15,17,79,83,85,91,95,96,97,99" m="37095" machi="11" ten="30,7900,0" yaku="8,1,52,3" doraHai="93" who="3" fromWho="3" sc="227,-21,279,-40,198,-21,276,102" /><INIT seed="2,0,0,0,0,73" ten="206,239,177,378" oya="2" hai0="92,80,69,41,125,115,109,133,126,47,102,12,124" hai1="18,95,71,78,114,14,105,129,50,88,15,72,64" hai2="23,53,67,52,103,117,134,85,74,83,43,76,24" hai3="57,68,32,77,90,62,118,4,113,59,19,121,1"/><V3/><F117/><W13/><G32/><T31/><D69/><U36/><E36/><V106/><F3/><W42/><G77/><T30/><D115/><U99/><E114/><V5/><F5/><W54/><G121/><T100/><D109/><U9/><E129/><V35/><F35/><W130/><G130/><T63/><D63/><U101/><E64/><V98/><F134/><W20/><G42/><T86/><D12/><U48/><E71/><V89/><F43/><W84/><G118/><T127/><N who="0" m="31744" /><DORA hai="123" /><T128/><D128/><U112/><E112/><V60/><F60/><W96/><G96/><N who="0" m="59399" /><D102/><U56/><E56/><V135/><F67/><W0/><G68/><T29/><D133/><U37/><E37/><V44/><F44/><W79/><G113/><T25/><D25/><U122/><E122/><V2/><F2/><W16/><G4/><T22/><D22/><U39/><E39/><V111/><F111/><W58/><G0/><T110/><D110/><U131/><E131/><V6/><F6/><W93/><G1/><T46/><D41/><U26/><E26/><V70/><F70/><W132/><G132/><T82/><D82/><N who="1" m="45383" /><E15/><V11/><F135/><W38/><G38/><T116/><D116/><U107/><E107/><V45/><F11/><W40/><G40/><T119/><D119/><U61/><E61/><V66/><F66/><W21/><G62/><T55/><D55/><U104/><E104/><V8/><F8/><W27/><G54/><T91/><AGARI ba="0,0" hai="29,30,31,46,47,80,86,91" m="59399,31744" machi="91" ten="60,2000,0" yaku="18,1" doraHai="73,123" who="0" fromWho="0" sc="206,20,239,-5,177,-10,378,-5" /><INIT seed="3,0,0,3,0,54" ten="226,234,167,373" oya="3" hai0="53,116,41,82,59,65,37,56,114,90,31,77,133" hai1="75,115,125,123,15,3,14,5,20,89,118,91,10" hai2="38,63,132,121,80,32,43,119,34,60,117,99,27" hai3="128,7,39,50,109,81,124,135,79,74,92,55,8"/><W35/><G55/><T61/><D116/><U113/><E123/><V40/><F132/><W105/><G8/><T19/><D31/><U97/><E75/><V28/><F121/><W102/><G81/><T127/><D90/><U98/><E125/><V57/><F34/><W62/><G92/><T110/><D41/><U11/><E118/><V4/><F4/><W22/><G22/><T96/><D37/><U13/><E20/><V52/><F63/><W100/><G62/><T67/><D96/><U101/><E101/><V51/><F38/><W106/><G50/><T86/><D133/><U88/><E11/><V42/><F99/><W72/><G109/><T2/><D2/><U129/><E129/><V78/><REACH who="2" step="1"/><F60/><REACH who="2" ten="226,234,157,373" step="2"/><W131/><G135/><T87/><D61/><U0/><E98/><V134/><F134/><W66/><G39/><T12/><D67/><U44/><E97/><V49/><F49/><W103/><G66/><T26/><D65/><U104/><E0/><V18/><F18/><W23/><G35/><T25/><D19/><U21/><E3/><V30/><F30/><W9/><G102/><T112/><D112/><U70/><E115/><V122/><F122/><W120/><G103/><T69/><D114/><U6/><E113/><V111/><F111/><W33/><G100/><T85/><D110/><U95/><E5/><V46/><F46/><W58/><G7/><T83/><D127/><U108/><E6/><V24/><F24/><W73/><G124/><T64/><D25/><U47/><E108/><V76/><F76/><W29/><G120/><T71/><D26/><RYUUKYOKU ba="0,1" sc="226,-10,234,-10,157,30,373,-10" hai2="27,28,32,40,42,43,51,52,57,78,80,117,119" owari="216,-18.4,224,2.4,187,-31.3,373,47.3" /></mjloggm>