<mjloggm ver="2.3"><GO type="225" lobby="0"/><UN n0="%54%4F%52" n1="%E3%82%BC%E3%83%AB%E3%83%80%E3%81%AE%E4%BC%9D%E8%AA%AC" n2="%72%69%6F%75%63%68%61%6E" n3="%E3%81%99%E3%81%84%E3%81%BE%E3%81%9B%E3%83%BC%E3%82%93" dan="17,17,17,17" rate="2226.82,2135.17,2167.47,2228.96" sx="M,M,M,M"/><TAIKYOKU oya="0"/><INIT seed="0,0,0,5,0,22" ten="250,250,250,250" oya="0" hai0="13,61,93,127,113,120,29,10,42,112,135,43,92" hai1="100,116,99,38,64,12,81,125,25,54,86,18,45" hai2="133,41,78,8,111,102,89,30,26,109,37,84,105" hai3="60,123,87,11,53,82,119,36,33,134,80,47,95"/><T23/><D120/><U0/><E0/><V1/><F133/><W74/><G119/><T44/><D135/><U88/><E116/><V129/><F129/><W63/><G134/><T79/><D127/><U130/><E125/><V75/><F78/><W76/><G33/><T5/><D79/><U15/><E130/><V24/><F75/><W40/><G123/><T55/><D113/><U108/><E108/><N who="2" m="41547" /><F30/><W83/><G11/><T3/><D112/><U131/><E64/><V57/><F57/><W66/><G53/><T7/><D7/><U20/><E131/><V59/><F59/><W97/><G63/><T68/><D68/><U6/><E6/><N who="2" m="1103" /><F102/><W110/><G74/><T32/><D32/><U121/><E121/><V14/><F105/><W94/><G110/><T126/><D126/><U28/><E28/><V16/><F37/><W106/><G106/><T101/><D61/><U107/><REACH who="1" step="1"/><E38/><REACH who="1" ten="250,240,250,250" step="2"/><V96/><F41/><W52/><G40/><T69/><D43/><U50/><AGARI ba="0,1" hai="12,15,18,20,25,45,50,54,81,86,88,99,100,107" machi="50" ten="30,8000,1" yaku="1,1,2,1,0,1,52,1,54,1,53,0" doraHai="22" doraHaiUra="27" who="1" fromWho="1" sc="250,-40,240,90,250,-20,250,-20" /><INIT seed="1,0,0,3,5,39" ten="210,330,230,230" oya="1" hai0="113,107,17,99,45,72,111,84,119,101,95,129,105" hai1="38,25,85,10,87,40,29,53,104,59,57,33,114" hai2="27,26,32,66,69,79,48,109,89,130,3,75,126" hai3="90,81,8,102,62,34,97,54,106,71,44,135,24"/><U78/><E114/><V20/><F109/><W120/><G120/><T61/><D113/><U122/><E122/><V64/><F126/><W1/><G135/><T6/><D119/><U0/><E104/><V110/><F110/><W41/><G90/><T42/><D111/><U11/><E59/><V77/><F130/><W14/><G81/><T103/><D72/><U28/><E28/><V12/><F3/><W96/><G96/><T51/><D129/><U74/><E11/><V23/><F32/><W49/><G1/><T15/><D6/><N who="1" m="1351" /><E57/><V100/><F100/><W56/><G71/><T118/><D118/><U94/><E53/><V125/><F125/><W131/><G131/><T46/><D103/><U21/><E94/><V60/><F12/><W18/><G24/><T2/><D2/><U37/><E37/><V16/><F75/><W58/><G58/><T83/><D61/><U112/><E33/><V123/><F123/><W9/><G34/><T91/><REACH who="0" step="1"/><D46/><REACH who="0" ten="200,330,230,230" step="2"/><N who="1" m="23831" /><E112/><V132/><F132/><W55/><REACH who="3" step="1"/><G8/><AGARI ba="0,1" hai="8,15,17,42,45,51,83,84,91,95,99,101,105,107" machi="8" ten="30,7700,0" yaku="1,1,7,1,52,1,53,1" doraHai="39" doraHaiUra="76" who="0" fromWho="3" sc="200,87,330,0,230,0,230,-77" /><INIT seed="2,0,0,5,0,35" ten="287,330,230,153" oya="2" hai0="40,62,7,29,26,63,13,65,95,113,109,118,115" hai1="52,9,80,92,61,49,19,33,129,24,43,89,106" hai2="32,91,17,15,16,60,125,99,112,44,73,48,14" hai3="39,64,132,124,68,134,30,21,28,121,4,37,27"/><V18/><F125/><W88/><G121/><T46/><D109/><U34/><E106/><V66/><F112/><W100/><G124/><T114/><D118/><U45/><E129/><V85/><F73/><W70/><G100/><T93/><D13/><U38/><E80/><V108/><F32/><W116/><G116/><T103/><D7/><U51/><E51/><V84/><F99/><W12/><G30/><T86/><D86/><U97/><E9/><V74/><F74/><W135/><G64/><T42/><D103/><U67/><E19/><V83/><F108/><W128/><G128/><T23/><D62/><U90/><E90/><V119/><F119/><W120/><G120/><T54/><D54/><U127/><E24/><V110/><F85/><W107/><G107/><T82/><D82/><U117/><E117/><V31/><F31/><W71/><REACH who="3" step="1"/><G88/><REACH who="3" ten="287,330,230,143" step="2"/><T69/><REACH who="0" step="1"/><D40/><REACH who="0" ten="277,330,230,143" step="2"/><U104/><E127/><V72/><F110/><W122/><G122/><T53/><D53/><U105/><E105/><V94/><F66/><W25/><G25/><T133/><D133/><U59/><E104/><V130/><F130/><W77/><G77/><T56/><D56/><AGARI ba="0,2" hai="33,34,38,43,45,49,52,56,59,61,67,89,92,97" machi="56" ten="30,2000,0" yaku="7,1,54,1" doraHai="35" who="1" fromWho="0" sc="277,-20,330,40,230,0,143,0" /><INIT seed="3,0,0,0,4,77" ten="257,370,230,143" oya="3" hai0="134,6,28,68,133,21,132,16,99,22,114,52,119" hai1="64,12,41,13,55,37,103,71,110,91,118,125,131" hai2="120,129,102,97,39,126,47,93,135,76,88,61,94" hai3="62,42,34,5,31,56,35,75,70,96,23,20,54"/><W85/><G75/><T116/><D68/><U18/><E103/><V36/><F129/><W49/><G5/><T27/><D99/><U65/><E131/><V45/><F126/><W14/><G96/><T73/><D73/><U10/><E125/><V115/><F115/><W81/><G23/><T80/><D80/><U87/><E110/><V130/><F130/><W40/><G40/><T44/><D114/><U74/><E74/><V66/><F135/><W123/><G123/><T78/><D78/><U33/><E33/><V69/><F120/><W117/><G117/><T46/><D6/><U19/><E71/><V48/><F76/><W2/><G2/><T83/><D83/><U32/><E32/><V60/><F60/><W107/><G107/><T8/><D8/><U112/><E112/><V82/><F82/><W124/><G124/><T98/><D98/><U128/><E118/><N who="0" m="45097" /><D52/><U89/><E55/><V51/><F51/><W43/><G43/><T95/><D95/><U3/><E3/><V84/><REACH who="2" step="1"/><F45/><REACH who="2" ten="257,370,220,143" step="2"/><N who="3" m="25783" /><G70/><T105/><D105/><U72/><E128/><V111/><F111/><W127/><G127/><T15/><AGARI ba="0,1" hai="15,16,21,22,27,28,44,46,132,133,134" m="45097" machi="15" ten="40,2700,0" yaku="20,1,54,1" doraHai="77" who="0" fromWho="0" sc="257,37,370,-7,220,-7,143,-13" owari="294,9.4,363,46.3,213,-18.7,130,-37.0" /></mjloggm>