<mjloggm ver="2.3"><GO type="225" lobby="0"/><UN n0="%E6%B0%B7%E5%B7%9D%E9%87%8C%E5%A5%88" n1="%72%61%6B%33" n2="%E3%83%A9%E3%83%BC%E3%83%A1%E3%83%B3%E4%BA%94%E9%83%8E" n3="%E3%81%86%E3%82%8C%E3%81%9F%E3%82%93%E6%9E%95" dan="16,16,16,16" rate="2071.64,2099.05,2087.35,2089.54" sx="F,M,M,F"/><TAIKYOKU oya="0"/><INIT seed="0,0,0,1,5,39" ten="250,250,250,250" oya="0" hai0="99,91,36,11,56,112,71,87,19,105,125,13,12" hai1="95,5,7,2,94,130,47,16,40,24,107,51,113" hai2="73,108,111,58,68,23,75,85,22,26,20,135,38" hai3="17,118,123,28,131,79,9,37,32,15,101,67,92"/><T46/><D112/><U74/><E113/><V35/><F68/><W14/><G118/><T119/><D71/><U30/><E107/><V80/><F38/><W6/><G37/><T115/><D115/><U52/><E130/><V86/><F135/><W109/><G79/><T102/><D119/><U134/><E134/><V98/><F98/><W82/><G82/><T114/><D114/><U3/><E74/><N who="2" m="28171" /><F58/><W70/><G92/><T59/><D125/><U31/><E2/><V42/><F42/><W81/><G101/><T77/><D77/><U83/><E83/><V89/><F86/><W78/><G123/><T34/><D34/><U1/><E1/><V88/><F35/><W121/><G81/><T61/><D61/><U33/><E30/><N who="2" m="17735" /><F89/><W100/><G78/><T43/><REACH who="0" step="1"/><D13/><REACH who="0" ten="240,250,250,250" step="2"/><U60/><E3/><V132/><F132/><W57/><G15/><T48/><D48/><U25/><E5/><V90/><F108/><W44/><G109/><T76/><D76/><U128/><E7/><V29/><F111/><W116/><G6/><T127/><D127/><U120/><E120/><V104/><F90/><W4/><G70/><T21/><D21/><N who="1" m="15759" /><E128/><V122/><F122/><W124/><G131/><T129/><D129/><U126/><E126/><V54/><F22/><N who="3" m="11575" /><G124/><T96/><D96/><U0/><E0/><V49/><F23/><W41/><G121/><T27/><D27/><U97/><E97/><V117/><F117/><W133/><G116/><T65/><D65/><U103/><E33/><V106/><F29/><W93/><G28/><T64/><D64/><U84/><E25/><RYUUKYOKU ba="0,1" sc="240,15,250,-15,250,15,250,-15" hai0="11,12,19,36,43,46,56,59,87,91,99,102,105" hai2="49,54,80,85,88,104,106" /><INIT seed="0,1,1,2,2,29" ten="255,235,265,235" oya="0" hai0="31,88,40,110,83,71,2,63,42,118,105,101,0" hai1="119,21,116,30,72,8,84,80,35,133,67,75,10" hai2="109,61,24,92,135,26,111,87,57,85,48,123,128" hai3="18,70,37,98,62,20,34,90,121,73,99,117,64"/><T94/><D118/><U120/><E120/><V131/><F123/><W59/><G121/><T32/><D83/><U49/><E133/><V79/><F48/><W104/><G117/><T113/><D113/><U115/><E115/><V15/><F15/><W52/><G37/><T16/><D110/><N who="2" m="41994" /><F135/><W125/><G125/><T36/><D2/><U65/><E49/><V95/><F79/><W19/><G73/><T45/><D0/><U103/><E21/><V81/><F87/><W134/><G134/><T130/><D130/><N who="2" m="49706" /><F81/><W25/><G99/><N who="0" m="61631" /><D45/><U22/><E22/><V3/><F3/><W89/><G104/><T96/><D36/><U5/><E80/><V74/><F74/><W102/><G102/><T7/><D7/><U68/><E84/><V13/><F13/><W58/><G98/><T100/><D100/><U56/><E103/><V51/><F51/><W69/><G90/><T60/><D60/><U50/><E50/><V97/><F85/><W12/><G89/><T124/><D124/><U77/><E77/><V66/><F92/><W114/><G114/><T82/><D82/><U39/><E39/><V127/><F127/><W44/><G44/><T107/><D107/><U78/><E78/><V132/><F132/><W54/><G70/><T28/><D71/><U108/><E108/><V4/><F4/><W43/><G69/><T27/><D63/><U55/><E119/><V122/><F122/><W47/><G62/><T53/><D96/><U76/><E116/><V86/><F86/><W38/><G38/><T46/><D94/><U41/><E75/><V11/><F11/><RYUUKYOKU ba="1,1" sc="255,-10,235,-10,265,30,235,-10" hai2="24,26,57,61,66,95,97" /><INIT seed="1,2,1,4,0,110" ten="245,225,295,225" oya="1" hai0="54,116,117,68,24,29,7,21,90,99,43,125,124" hai1="50,113,94,26,71,101,3,13,67,6,120,135,111" hai2="39,9,19,85,126,23,91,30,11,59,77,102,105" hai3="82,93,32,108,112,8,115,16,64,34,49,41,15"/><U106/><E120/><V76/><F39/><W44/><G108/><T118/><D68/><U1/><E111/><V55/><F30/><W132/><G132/><T60/><D43/><U17/><E106/><V46/><F46/><W0/><G0/><T107/><D7/><U134/><E50/><N who="2" m="31223" /><F102/><W47/><G64/><T100/><REACH who="0" step="1"/><D90/><REACH who="0" ten="235,225,295,225" step="2"/><U57/><E71/><V128/><F91/><W133/><G133/><T83/><D83/><U65/><E6/><V119/><F119/><W121/><G121/><T53/><D53/><U56/><E135/><V40/><F40/><W89/><G82/><T98/><D98/><U104/><E134/><V18/><F76/><W129/><G129/><T14/><D14/><U72/><E13/><V10/><F128/><W87/><REACH who="3" step="1"/><G47/><REACH who="3" ten="235,225,295,215" step="2"/><T97/><D97/><U28/><E1/><V123/><F123/><W33/><AGARI ba="2,3" hai="8,15,16,32,33,34,41,44,49,87,89,93,112,115" machi="33" ten="30,12000,2" yaku="1,1,2,1,0,1,52,2,54,1,53,1" doraHai="110" doraHaiUra="45" who="3" fromWho="3" sc="235,-32,225,-62,295,-32,215,156" /><INIT seed="2,0,0,5,3,119" ten="203,163,263,371" oya="2" hai0="76,59,104,57,131,37,113,28,78,47,116,93,73" hai1="39,77,4,94,67,120,62,3,90,54,125,16,74" hai2="82,40,127,2,79,50,81,117,64,134,55,32,17" hai3="24,29,129,109,132,63,114,111,38,12,103,97,13"/><V66/><F117/><W105/><G114/><T49/><D116/><U87/><E39/><V69/><F2/><W15/><G129/><T30/><D104/><U99/><E125/><V61/><F127/><W25/><G132/><T89/><D113/><U0/><E54/><V60/><F32/><W10/><G38/><T20/><D37/><U48/><E48/><V1/><F1/><W80/><G10/><T56/><D131/><U110/><E110/><N who="3" m="41994" /><G29/><N who="0" m="11371" /><D20/><U36/><E36/><V88/><F134/><W5/><G5/><T14/><D14/><U43/><E43/><V52/><F40/><W135/><G135/><T6/><D6/><U122/><E74/><V130/><F130/><W92/><G105/><T44/><D73/><U84/><E16/><V51/><F17/><W102/><G102/><T42/><D47/><U126/><E126/><V11/><F11/><W123/><G80/><T18/><D18/><U124/><E124/><V21/><F21/><W95/><G95/><T108/><D108/><U34/><E34/><V121/><F69/><W35/><G35/><T118/><D118/><U86/><E77/><V8/><F8/><W41/><G41/><T71/><D71/><N who="1" m="42487" /><E4/><V115/><F79/><W68/><G68/><T96/><AGARI ba="0,0" hai="42,44,49,56,57,59,76,78,89,93,96" m="11371" machi="96" ten="30,1100,0" yaku="8,1" doraHai="119" who="0" fromWho="0" sc="203,11,163,-3,263,-5,371,-3" /><INIT seed="3,0,0,0,2,0" ten="214,160,258,368" oya="3" hai0="100,102,10,67,49,117,11,55,43,106,41,110,96" hai1="109,121,93,28,73,6,118,113,101,51,62,119,53" hai2="47,74,45,3,21,9,75,65,1,103,114,86,70" hai3="85,98,44,112,81,31,115,52,15,94,61,127,105"/><W37/><G127/><T64/><D117/><N who="1" m="44555" /><E73/><V33/><F33/><W39/><G105/><T57/><D110/><U66/><E28/><V92/><F114/><W22/><G39/><T107/><D107/><U126/><E93/><V69/><F65/><N who="0" m="25162" /><D106/><U71/><E101/><N who="0" m="39017" /><D96/><U135/><E113/><V99/><F21/><W89/><G37/><T72/><D72/><U87/><E87/><V95/><F103/><N who="3" m="60887" /><G115/><T7/><D7/><U48/><E6/><V26/><F99/><W8/><G112/><T23/><D23/><U13/><E13/><V27/><F86/><W54/><G31/><T14/><D14/><U4/><E4/><V18/><F18/><N who="3" m="8551" /><G22/><T83/><D83/><U88/><E88/><V56/><F9/><AGARI ba="0,0" hai="9,10,11,41,43,49,55,57" m="39017,25162" machi="9" ten="30,1000,0" yaku="8,1" doraHai="0" who="0" fromWho="2" sc="214,10,160,0,258,-10,368,0" owari="224,-17.6,160,-34.0,248,4.8,368,46.8" /></mjloggm>