<mjloggm ver="2.3"><GO type="225" lobby="0"/><UN n0="%E7%99%BD%E5%92%B2%E8%8A%B1%E3%81%A1%E3%82%83%E3%82%93" n1="%E7%99%BD%E6%97%A5%E9%9B%AA%E8%8F%9C" n2="%E3%83%B4%E3%83%A0%EF%BC%99%E3%81%A6" n3="%E3%81%B2%E3%81%AA%E3%81%AE%E3%82%8A%E3%81%8F" dan="16,17,16,17" rate="2165.32,2184.94,2116.15,2197.56" sx="F,M,M,M"/><TAIKYOKU oya="0"/><INIT seed="0,0,0,1,4,0" ten="250,250,250,250" oya="0" hai0="61,15,118,47,46,53,1,130,35,114,62,121,2" hai1="18,91,22,56,12,85,96,21,49,11,102,83,87" hai2="51,68,112,57,126,16,98,65,95,6,43,84,36" hai3="50,129,122,115,100,105,132,28,131,107,4,8,26"/><T66/><D114/><U67/><E87/><V97/><F112/><W71/><G115/><T113/><D113/><U103/><E103/><V44/><F126/><W38/><G38/><T63/><D118/><U93/><REACH who="1" step="1"/><E49/><REACH who="1" ten="250,240,250,250" step="2"/><V124/><F84/><W120/><G50/><T73/><D73/><U94/><E94/><V30/><F95/><W70/><G132/><T82/><D63/><AGARI ba="0,1" hai="11,12,18,21,22,56,63,67,83,85,91,93,96,102" machi="63" ten="40,5200,0" yaku="1,1,8,1,53,1" doraHai="0" doraHaiUra="5" who="1" fromWho="0" sc="250,-52,240,62,250,0,250,0" /><INIT seed="1,0,0,2,2,124" ten="198,302,250,250" oya="1" hai0="46,73,60,119,52,12,57,67,49,8,55,66,89" hai1="105,135,110,11,28,47,40,19,112,14,114,54,103" hai2="118,81,97,61,63,45,129,111,85,43,117,21,3" hai3="71,5,65,108,6,116,77,80,41,120,17,106,18"/><U83/><E135/><V25/><F3/><W20/><G120/><T24/><D119/><U59/><E28/><V64/><F111/><W56/><G71/><T23/><D73/><U74/><E110/><V115/><F115/><W84/><G108/><T131/><D131/><U93/><E105/><V130/><F97/><W78/><G106/><T86/><D23/><U16/><E19/><V33/><F33/><W127/><G127/><T68/><D24/><U1/><E1/><V2/><F2/><W38/><G77/><T102/><D102/><U87/><E74/><V69/><F61/><W90/><G78/><T29/><D29/><U133/><E133/><V94/><F94/><W31/><G31/><T96/><D96/><N who="1" m="59791" /><E112/><V72/><F72/><W122/><G122/><T79/><D79/><N who="1" m="46591" /><E114/><V98/><F98/><W62/><G18/><T9/><D68/><U22/><E40/><V50/><F85/><W30/><G30/><T53/><D67/><U51/><E47/><V88/><F81/><W10/><G10/><AGARI ba="0,0" hai="10,11,14,16,22,51,54,59" m="46591,59791" machi="10" ten="30,2900,0" yaku="8,1,54,1" doraHai="124" who="1" fromWho="3" sc="198,0,302,29,250,0,250,-29" /><INIT seed="1,1,0,4,5,81" ten="198,331,250,221" oya="1" hai0="43,51,93,105,82,106,124,80,14,86,39,128,97" hai1="24,27,101,7,58,55,36,21,92,47,16,35,15" hai2="116,85,119,44,64,100,108,77,56,78,111,41,127" hai3="11,25,3,10,89,91,125,12,67,2,112,115,29"/><U40/><E35/><V122/><F122/><W13/><G67/><T30/><D124/><U1/><E1/><V120/><F120/><W83/><G125/><T96/><D128/><U90/><E101/><V28/><F127/><W79/><G79/><T123/><D123/><U135/><E7/><V132/><F28/><W110/><G110/><N who="2" m="42025" /><F100/><W117/><G83/><T94/><D39/><U134/><E134/><V66/><F132/><W34/><G117/><N who="2" m="45129" /><F85/><W104/><G104/><T72/><D105/><U6/><E6/><V84/><F84/><W130/><G130/><T133/><D106/><U54/><E54/><V129/><F129/><W114/><G91/><T65/><D133/><U38/><E38/><N who="2" m="21559" /><F64/><W48/><G89/><T50/><D86/><U20/><E135/><V18/><F18/><N who="3" m="8471" /><G48/><T99/><D30/><U126/><E126/><V103/><F103/><W0/><G0/><T76/><D51/><U19/><E36/><V87/><F87/><W46/><G46/><T131/><D131/><U118/><E47/><V45/><F45/><W57/><G3/><T113/><D65/><U63/><E118/><V23/><F66/><W8/><G2/><T69/><D43/><U68/><E90/><V59/><F59/><W52/><G13/><T26/><D14/><U9/><E15/><V33/><F56/><W62/><G11/><T95/><D26/><U5/><E27/><V49/><F49/><W17/><G8/><T31/><D50/><U22/><E9/><V102/><F102/><W60/><G17/><T42/><D42/><U70/><E19/><V109/><F109/><RYUUKYOKU ba="1,0" sc="198,-10,331,-10,250,-10,221,30" hai3="25,29,34,52,57,60,62,112,114,115" /><INIT seed="2,2,0,5,5,104" ten="188,321,240,251" oya="2" hai0="134,9,106,7,102,26,28,41,96,25,95,77,66" hai1="49,133,32,83,63,12,101,55,57,110,81,4,88" hai2="90,116,97,93,135,120,64,42,60,99,91,74,132" hai3="19,11,100,39,34,103,15,131,47,130,92,38,84"/><V126/><F42/><W113/><G34/><T61/><D134/><N who="2" m="51242" /><F116/><W59/><G113/><T44/><D77/><U21/><E32/><V82/><F120/><W73/><G73/><T5/><D9/><U48/><E101/><V8/><F8/><W1/><G1/><T14/><D14/><U117/><E12/><V122/><F122/><W87/><G59/><T24/><D28/><U125/><E4/><V112/><F112/><W98/><G103/><T127/><D127/><U65/><E125/><V50/><F50/><W20/><G11/><T22/><D22/><U17/><E49/><V114/><F114/><W53/><G53/><T35/><D35/><U18/><E21/><V45/><F45/><W6/><G6/><T70/><REACH who="0" step="1"/><D106/><REACH who="0" ten="178,321,240,251" step="2"/><U10/><E10/><V62/><F126/><W107/><G107/><T69/><D69/><U80/><E133/><V85/><F74/><W118/><G118/><T128/><D128/><N who="3" m="49193" /><G39/><AGARI ba="2,1" hai="5,7,24,25,26,39,41,44,61,66,70,95,96,102" machi="39" ten="40,1300,0" yaku="1,1,53,0" doraHai="104" doraHaiUra="54" who="0" fromWho="3" sc="178,29,321,0,240,0,251,-19" /><INIT seed="3,0,0,3,1,32" ten="207,321,240,232" oya="3" hai0="106,25,7,23,134,58,30,110,132,31,127,100,48" hai1="10,55,46,121,113,131,28,98,9,123,21,111,51" hai2="63,2,37,118,52,83,65,6,29,94,135,59,1" hai3="20,87,72,53,84,27,54,105,101,40,44,74,126"/><W86/><G126/><T108/><D127/><U112/><E111/><N who="0" m="42537" /><D106/><U125/><E125/><V115/><F115/><W35/><G35/><T47/><D100/><U13/><E131/><V14/><F37/><W69/><G69/><T43/><D7/><U120/><E98/><V119/><F29/><W90/><G101/><T114/><D58/><U38/><E38/><V130/><F130/><W15/><G105/><T39/><D39/><U18/><E28/><V67/><F118/><W0/><G0/><T57/><D57/><U17/><E21/><V97/><F119/><W24/><G74/><T26/><D26/><N who="3" m="9769" /><G72/><T60/><D60/><U75/><E75/><V107/><F107/><W5/><G90/><T116/><D116/><U80/><E113/><V73/><F1/><W103/><G103/><T22/><D114/><U45/><E112/><V79/><F2/><W82/><G82/><T50/><D50/><U122/><E80/><V85/><F73/><W36/><G36/><T89/><D89/><U61/><E123/><V102/><F83/><W88/><G88/><T77/><D77/><U4/><E122/><V56/><F79/><W124/><G124/><T3/><D3/><U99/><E121/><V66/><F85/><W42/><G5/><T117/><D117/><U19/><E4/><V64/><N who="2" m="16384" /><DORA hai="91" /><V95/><F95/><W16/><G44/><T81/><D81/><U104/><E46/><V128/><F128/><W68/><G68/><T12/><D31/><U92/><E104/><V109/><F109/><W129/><G129/><T76/><D76/><U93/><E120/><RYUUKYOKU ba="0,0" sc="207,15,321,-15,240,-15,232,15" hai0="12,22,23,25,30,43,47,48,132,134" hai3="15,16,20,40,42,53,54,84,86,87" /><INIT seed="3,1,0,2,3,91" ten="222,306,225,247" oya="3" hai0="20,127,132,6,74,116,2,100,64,105,38,58,84" hai1="9,35,77,1,50,72,34,46,104,114,75,69,134" hai2="22,87,49,130,17,92,89,73,15,71,29,45,120" hai3="96,19,86,14,30,122,0,101,112,121,67,102,109"/><W90/><G0/><T82/><D116/><U97/><E114/><V88/><F71/><W93/><G112/><T4/><D38/><U28/><E69/><V61/><F73/><W81/><G109/><T21/><D74/><U3/><E134/><V98/><F130/><W68/><G30/><T12/><D132/><U110/><E110/><V66/><F120/><W24/><G24/><T94/><D105/><U123/><E123/><V55/><F29/><W129/><G102/><T78/><D2/><U125/><E28/><V57/><F87/><W119/><G119/><T53/><D64/><U65/><E65/><V51/><F51/><W56/><G68/><T39/><D39/><U63/><E63/><V8/><F8/><W95/><G81/><T80/><D80/><U23/><E9/><V16/><F17/><W37/><G37/><T54/><D127/><U117/><E125/><V43/><F89/><W33/><G33/><T70/><D70/><U44/><E117/><V18/><F18/><W85/><G129/><T32/><D32/><U106/><E77/><V128/><F128/><W62/><G86/><T7/><D12/><U11/><E97/><V133/><F133/><W47/><G47/><T115/><D115/><U13/><E13/><V107/><F107/><W25/><G25/><T113/><D113/><U41/><E104/><V60/><F60/><W40/><G40/><AGARI ba="1,0" hai="15,16,22,40,43,45,49,55,57,61,66,88,92,98" machi="40" ten="40,8000,1" yaku="8,1,52,1,54,2" doraHai="91" who="2" fromWho="3" sc="222,0,306,0,225,83,247,-83" owari="222,-17.8,306,10.6,308,40.8,164,-33.6" /></mjloggm>