<mjloggm ver="2.3"><GO type="225" lobby="0"/><UN n0="%E3%83%B4%E3%83%A0%EF%BC%99%E3%81%A6" n1="%E3%81%B2%E3%81%AA%E3%81%AE%E3%82%8A%E3%81%8F" n2="%72%69%6F%75%63%68%61%6E" n3="%77%72%77%72%77%72%77%72" dan="17,17,17,17" rate="2106.47,2202.88,2232.45,2193.99" sx="M,M,M,M"/><TAIKYOKU oya="0"/><INIT seed="0,0,0,1,5,7" ten="250,250,250,250" oya="0" hai0="10,22,12,9,17,129,24,55,134,48,61,115,110" hai1="113,85,123,27,91,0,121,42,25,116,59,39,98" hai2="75,101,99,49,28,127,14,133,64,124,37,88,119" hai3="19,20,70,112,6,16,105,100,31,125,120,41,72"/><T47/><D115/><U114/><E116/><V130/><F133/><W81/><G112/><N who="1" m="43114" /><E0/><V118/><F37/><W96/><G125/><N who="2" m="48201" /><F75/><W80/><G120/><N who="1" m="46154" /><E98/><V54/><F130/><W29/><G70/><T44/><D134/><U63/><E42/><V45/><F64/><W107/><G41/><T50/><D129/><U36/><E36/><V90/><F28/><W52/><G6/><T21/><D110/><U3/><E3/><V74/><F74/><W126/><G126/><T102/><D102/><U117/><E39/><V60/><F60/><W33/><G107/><T11/><D61/><U67/><E117/><N who="2" m="44555" /><F14/><W132/><G132/><T76/><D76/><U86/><E86/><V23/><F23/><W131/><G20/><T94/><D94/><AGARI ba="0,0" hai="25,27,59,63,67,85,91,94" m="46154,43114" machi="94" ten="30,1000,0" yaku="11,1" doraHai="7" who="1" fromWho="0" sc="250,-10,250,10,250,0,250,0" /><AGARI ba="0,0" hai="45,49,54,88,90,94,99,101" m="44555,48201" machi="94" ten="30,3900,0" yaku="18,1,12,1,54,1" doraHai="7" who="2" fromWho="0" sc="240,-39,260,0,250,39,250,0" /><INIT seed="1,0,0,1,4,103" ten="201,260,289,250" oya="1" hai0="41,118,131,52,6,24,47,102,49,117,120,16,23" hai1="113,38,133,88,34,87,135,33,79,39,112,0,68" hai2="60,111,115,53,71,101,18,69,1,58,129,125,91" hai3="57,89,130,105,72,124,13,123,82,96,126,59,94"/><U27/><E68/><N who="2" m="26187" /><F1/><W51/><G123/><T76/><D120/><U5/><E79/><V20/><F101/><N who="3" m="62631" /><G130/><T22/><D131/><U56/><E0/><V81/><F81/><W8/><G51/><T46/><D6/><U3/><E3/><V114/><F91/><W63/><G63/><T42/><D76/><U35/><E5/><V90/><F90/><W119/><G119/><T78/><D78/><U62/><E27/><V14/><F129/><W12/><G12/><T15/><D102/><U104/><E104/><V134/><F111/><W4/><G82/><T26/><D15/><U31/><E31/><V30/><F30/><W98/><G72/><T128/><D128/><U25/><E25/><V67/><F53/><W50/><G50/><T10/><D10/><U110/><E110/><V44/><F44/><W70/><G70/><T73/><D73/><U127/><E127/><AGARI ba="0,0" hai="4,8,13,57,59,89,94,98,124,126,127" m="62631" machi="127" ten="30,2000,0" yaku="18,1,52,1" doraHai="103" who="3" fromWho="1" sc="201,0,260,-20,289,0,250,20" /><INIT seed="2,0,0,0,2,27" ten="201,240,289,270" oya="2" hai0="98,125,71,82,30,116,120,132,45,32,28,103,2" hai1="96,5,34,65,9,38,102,72,131,70,85,127,84" hai2="64,133,17,47,122,100,26,25,108,44,62,95,51" hai3="124,93,8,67,81,94,63,39,130,87,40,83,89"/><V68/><F122/><W66/><G130/><T105/><D120/><U86/><E131/><V6/><F133/><W49/><G124/><T109/><D32/><U129/><E129/><V115/><F115/><W54/><G39/><T36/><D71/><U113/><E113/><V73/><F73/><W112/><G112/><T10/><D125/><U117/><E117/><V53/><F108/><W111/><G111/><T126/><D109/><U11/><E38/><V18/><F6/><W104/><G104/><T134/><D126/><U57/><E70/><V99/><REACH who="2" step="1"/><F44/><REACH who="2" ten="201,240,279,270" step="2"/><W121/><G121/><T13/><D116/><U114/><E72/><V69/><F69/><W61/><G67/><T37/><D134/><U12/><E114/><V80/><F80/><W78/><G66/><T59/><D132/><U56/><E127/><V77/><F77/><W16/><G81/><T1/><D82/><U79/><E65/><V75/><F75/><W23/><G78/><T110/><D110/><U123/><E79/><V35/><F35/><W128/><G128/><T29/><D59/><U15/><E34/><V91/><F91/><W76/><G76/><T90/><D90/><U31/><E123/><V106/><F106/><W119/><G119/><T55/><D37/><U48/><E57/><V58/><F58/><W97/><G83/><T0/><D36/><U46/><E56/><V33/><F33/><W24/><G89/><T101/><D101/><U50/><E46/><V20/><F20/><W43/><G23/><T3/><N who="0" m="0" /><DORA hai="52" /><T22/><D22/><U41/><E5/><V14/><F14/><RYUUKYOKU ba="0,1" sc="201,-10,240,-10,279,30,270,-10" hai2="17,18,25,26,47,51,53,62,64,68,95,99,100" /><INIT seed="2,1,1,2,1,128" ten="191,230,309,260" oya="2" hai0="25,28,54,44,107,58,85,0,23,63,76,45,112" hai1="59,24,30,110,37,18,50,3,125,13,51,11,101" hai2="14,35,47,33,121,41,20,6,90,67,120,73,78" hai3="116,69,53,82,105,114,95,60,124,81,38,98,57"/><V7/><F67/><W115/><G116/><T27/><D112/><N who="3" m="43049" /><G124/><T131/><D131/><U75/><E37/><V89/><F78/><W40/><G105/><T19/><D0/><U1/><E125/><V119/><F119/><W133/><G133/><T97/><D107/><U12/><E110/><V111/><F73/><W36/><G69/><T15/><D97/><U43/><E75/><V10/><F111/><W135/><G135/><T46/><REACH who="0" step="1"/><D28/><REACH who="0" ten="181,230,309,260" step="2"/><U16/><E3/><V108/><F108/><W62/><G98/><T122/><D122/><U26/><E1/><V2/><F121/><W55/><G36/><T83/><AGARI ba="1,2" hai="15,19,23,25,27,44,45,46,54,58,63,76,83,85" machi="83" ten="30,4000,0" yaku="1,1,0,1,8,1,53,0" doraHai="128" doraHaiUra="29" who="0" fromWho="0" sc="181,63,230,-11,309,-21,260,-11" /><INIT seed="3,0,0,4,5,64" ten="244,219,288,249" oya="3" hai0="121,113,46,102,68,28,29,104,107,74,40,105,39" hai1="30,66,115,92,10,33,101,123,100,27,26,32,70" hai2="134,34,61,54,67,1,98,13,44,118,17,109,85" hai3="18,86,16,131,48,45,110,122,87,72,59,24,126"/><W78/><G122/><T49/><D121/><U41/><E123/><V99/><F118/><W4/><G131/><T3/><D3/><U103/><E115/><V124/><F1/><W108/><G4/><T119/><D119/><U125/><E125/><V58/><F34/><W15/><G126/><T11/><D74/><U96/><E41/><V79/><F124/><W8/><G59/><T12/><D113/><U80/><E80/><V36/><F109/><N who="3" m="42091" /><G78/><T120/><D120/><U9/><E27/><V21/><F134/><W76/><G76/><T117/><D102/><U38/><E38/><V22/><F22/><N who="3" m="13383" /><G72/><T0/><D0/><U7/><E33/><V65/><F65/><W71/><G71/><T106/><D68/><U112/><E112/><V91/><F79/><W90/><G90/><T111/><D117/><U75/><E75/><V25/><F25/><W83/><G83/><T63/><D111/><U116/><E116/><V94/><F36/><W129/><G129/><T114/><D39/><U35/><E35/><V55/><F67/><W37/><G37/><T88/><D114/><U132/><E132/><V50/><AGARI ba="0,0" hai="13,17,21,44,50,54,55,58,61,85,91,94,98,99" machi="50" ten="30,2000,0" yaku="0,1,8,1" doraHai="64" who="2" fromWho="2" sc="244,-5,219,-5,288,20,249,-10" owari="239,3.9,214,-28.6,308,40.8,239,-16.1" /></mjloggm>