<mjloggm ver="2.3"><GO type="225" lobby="0"/><UN n0="%74%61%6B%75%61%6B%61" n1="%E3%82%A2%E3%83%9E%E3%83%9D%EF%BD%9E%EF%BD%9E%E3%83%A9" n2="%72%69%6F%75%63%68%61%6E" n3="%E3%81%BF%E3%81%BF%E3%81%9A" dan="17,17,16,17" rate="2188.50,2203.35,2159.63,2217.07" sx="M,M,M,M"/><TAIKYOKU oya="0"/><INIT seed="0,0,0,1,2,82" ten="250,250,250,250" oya="0" hai0="64,58,118,52,84,117,94,21,34,86,81,10,100" hai1="50,30,8,120,25,122,36,129,42,97,66,113,1" hai2="62,35,70,71,56,105,63,16,44,20,123,46,40" hai3="5,17,78,47,77,72,85,61,65,31,39,92,102"/><T76/><BYE who="2" /><D34/><U55/><E129/><V103/><F103/><W79/><G72/><UN n2="%72%69%6F%75%63%68%61%6E" /><T14/><D64/><U12/><E1/><V6/><F123/><W24/><G5/><T53/><D21/><U96/><E66/><V93/><F35/><W27/><G39/><T7/><D53/><U83/><E113/><V107/><F6/><W116/><G116/><T108/><D108/><U73/><E36/><V119/><F119/><W28/><G47/><T127/><D127/><U22/><E42/><V18/><F93/><W130/><G130/><T67/><D67/><U109/><E109/><V75/><F75/><W88/><G102/><T33/><D33/><U131/><E131/><V37/><F46/><W68/><REACH who="3" step="1"/><G17/><REACH who="3" ten="250,250,250,240" step="2"/><T106/><D106/><U98/><E73/><V95/><F18/><W54/><G54/><T112/><D112/><U114/><E114/><V3/><F3/><W26/><AGARI ba="0,1" hai="24,26,27,28,31,61,65,68,77,78,79,85,88,92" machi="26" ten="30,8000,1" yaku="1,1,0,1,52,1,54,1,53,1" doraHai="82" doraHaiUra="60" who="3" fromWho="3" sc="250,-40,250,-20,250,-20,240,90" /><INIT seed="1,0,0,2,3,93" ten="210,230,230,330" oya="1" hai0="79,40,74,5,121,0,24,106,15,28,8,100,96" hai1="134,135,123,86,47,90,107,71,105,51,12,109,78" hai2="127,70,38,110,88,72,77,7,73,45,95,65,27" hai3="133,94,16,131,6,92,42,22,20,17,80,60,48"/><U103/><E123/><V26/><F110/><W25/><G133/><N who="1" m="50698" /><E71/><V76/><F127/><W58/><G131/><T67/><D67/><U122/><E122/><V117/><F117/><W83/><G6/><T33/><D40/><U66/><E66/><V53/><F7/><W35/><G35/><T91/><D91/><U1/><E1/><V85/><F73/><W104/><G104/><T132/><D132/><U41/><E78/><V114/><F114/><W61/><G48/><T18/><D121/><U21/><E103/><V101/><F101/><W89/><G42/><T46/><D46/><U37/><E37/><V13/><F13/><N who="3" m="9231" /><G94/><T32/><D32/><U29/><E109/><V108/><F108/><W36/><G36/><T98/><D98/><U87/><E87/><V68/><F70/><W43/><G43/><T97/><D97/><U126/><E126/><V19/><F38/><W125/><G125/><T39/><D39/><U3/><E3/><V4/><F72/><W115/><G115/><T34/><D34/><U116/><E116/><V112/><F112/><W52/><G61/><T118/><D118/><U120/><E120/><V129/><F129/><W84/><AGARI ba="0,0" hai="17,22,25,52,58,60,80,83,84,89,92" m="9231" machi="84" ten="30,4000,0" yaku="8,1,54,2" doraHai="93" who="3" fromWho="3" sc="210,-10,230,-20,230,-10,330,40" /><INIT seed="2,0,0,5,1,17" ten="200,210,220,370" oya="2" hai0="31,19,90,46,78,112,89,95,49,59,69,40,21" hai1="39,20,88,91,47,10,111,131,98,116,80,23,118" hai2="93,123,106,76,22,25,60,67,35,64,133,28,75" hai3="74,72,84,134,94,135,86,62,5,13,9,83,26"/><V128/><F123/><W58/><G26/><T63/><D112/><U36/><E111/><V61/><F106/><W121/><G121/><T70/><D31/><U8/><E47/><V12/><F128/><W45/><G45/><T16/><D78/><U122/><E98/><V41/><F133/><N who="3" m="50699" /><G94/><T113/><D19/><U129/><E80/><V100/><F41/><W126/><G126/><T105/><D105/><U14/><E14/><V0/><F0/><W3/><G3/><T99/><D89/><U11/><E11/><V37/><F37/><W2/><G2/><T44/><D44/><U107/><E107/><V56/><F12/><W124/><G124/><T96/><D96/><U65/><E65/><V15/><F15/><W43/><G43/><T54/><D113/><U110/><E110/><V48/><F35/><W7/><G7/><T29/><D29/><U119/><E119/><V117/><F117/><W6/><G6/><T52/><D40/><U130/><E131/><V73/><F48/><W1/><G1/><T34/><D34/><U81/><E81/><V132/><F132/><W57/><G86/><T92/><D92/><U77/><E122/><V42/><F42/><W87/><G84/><T82/><D82/><U102/><E102/><V4/><F4/><W24/><G24/><AGARI ba="0,0" hai="16,21,24,46,49,52,54,59,63,69,70,90,95,99" machi="24" ten="30,12000,2" yaku="7,1,25,2,52,1,54,2" doraHai="17" who="0" fromWho="3" sc="200,120,210,0,220,0,370,-120" /><INIT seed="3,0,0,4,5,111" ten="320,210,220,250" oya="3" hai0="69,11,108,129,127,101,87,91,112,52,118,124,72" hai1="61,57,92,3,86,66,67,20,22,48,119,50,77" hai2="106,36,4,27,56,81,83,8,71,134,58,54,98" hai3="113,120,18,82,37,15,70,99,45,117,13,100,33"/><W7/><G117/><T125/><D112/><U49/><E3/><V109/><F71/><W24/><G120/><T65/><D72/><U85/><E119/><V104/><F36/><W28/><G113/><T126/><D118/><U80/><E67/><V75/><F109/><W135/><G135/><T10/><D108/><U94/><E85/><V23/><F134/><W76/><G7/><T68/><D127/><U53/><E66/><V103/><F106/><W73/><G70/><N who="0" m="27243" /><D65/><U60/><E60/><V88/><F75/><W16/><G13/><T40/><D101/><U89/><E89/><V122/><F122/><W6/><G37/><T78/><D78/><U39/><E39/><V29/><F88/><W9/><REACH who="3" step="1"/><G45/><REACH who="3" ten="320,210,220,240" step="2"/><T31/><D125/><U30/><E30/><V26/><F26/><W14/><G14/><T2/><D31/><U25/><E25/><V121/><F121/><W62/><G62/><T115/><D124/><U12/><E12/><V107/><F107/><AGARI ba="0,1" hai="6,9,15,16,18,24,28,33,73,76,82,99,100,107" machi="107" ten="30,5800,0" yaku="1,1,7,1,54,1,53,0" doraHai="111" doraHaiUra="42" who="3" fromWho="2" sc="320,0,210,0,220,-58,240,68" /><INIT seed="3,1,0,4,0,61" ten="320,210,162,308" oya="3" hai0="21,41,40,128,23,56,18,1,99,27,76,49,130" hai1="88,6,48,62,129,65,77,19,79,92,30,15,97" hai2="63,2,117,4,73,28,100,74,66,89,132,12,25" hai3="42,102,52,16,94,7,106,17,90,68,38,11,98"/><W72/><G68/><T93/><D1/><U59/><E129/><N who="0" m="49769" /><D76/><N who="1" m="29259" /><E30/><V67/><F117/><W107/><G72/><T10/><D10/><N who="1" m="6647" /><E48/><V53/><F132/><W78/><G78/><T133/><D133/><U119/><E119/><V54/><F2/><W120/><G120/><T70/><D70/><U14/><E14/><V122/><F122/><W35/><G35/><T45/><D21/><U87/><E6/><V82/><F100/><W105/><G102/><N who="0" m="60783" /><D56/><U126/><E126/><V127/><F127/><W115/><G115/><T47/><D47/><U95/><E95/><V91/><F74/><W51/><G42/><AGARI ba="1,0" hai="18,23,27,40,41,42,45,49" m="60783,49769" machi="42" ten="30,1000,0" yaku="19,1" doraHai="61" who="0" fromWho="3" sc="320,13,210,0,162,0,308,-13" owari="333,43.3,210,-19.0,162,-33.8,295,9.5" /></mjloggm>