<mjloggm ver="2.3"><GO type="225" lobby="0"/><UN n0="%E3%83%B4%E3%82%A3%E3%83%AF%E3%82%B3%E3%82%B0%E3%83%8B" n1="%6D%75%75%6D%75%72%61" n2="%E6%A1%9C%E8%8A%B1%E9%96%83%E3%80%85" n3="%E5%80%89%E6%A9%8B%EF%BC%A0%E4%BA%8B%E5%8B%99" dan="16,16,16,16" rate="2166.75,2156.92,2152.66,2099.15" sx="M,F,M,M"/><TAIKYOKU oya="0"/><INIT seed="0,0,0,4,3,33" ten="250,250,250,250" oya="0" hai0="20,132,101,124,49,5,95,129,69,35,48,61,7" hai1="66,93,127,68,38,1,115,46,59,67,81,78,82" hai2="41,52,120,125,27,0,60,105,12,119,34,18,21" hai3="55,16,86,87,57,45,3,118,19,108,54,85,64"/><T6/><D129/><U4/><E127/><V135/><F120/><W133/><G118/><T77/><D124/><U25/><E115/><V63/><F125/><W99/><G108/><T102/><D35/><U31/><E68/><V24/><F119/><W39/><G133/><T131/><D131/><U15/><E15/><V89/><F135/><W121/><G121/><T112/><D112/><U94/><E59/><V71/><F105/><W90/><G3/><T73/><D132/><U36/><E36/><V84/><F41/><W126/><G126/><T116/><D116/><U37/><E37/><V79/><F79/><W8/><G39/><T72/><D20/><U117/><E117/><V128/><F0/><W109/><G109/><T58/><D69/><U104/><E104/><V122/><F34/><W70/><G70/><T44/><D77/><U10/><E82/><V2/><F2/><W14/><G19/><T62/><D48/><U80/><E80/><V107/><F107/><W110/><G45/><T65/><D61/><U32/><E94/><N who="2" m="54567" /><F122/><W103/><G103/><T42/><REACH who="0" step="1"/><D95/><REACH who="0" ten="240,250,250,250" step="2"/><U43/><REACH who="1" step="1"/><E93/><REACH who="1" ten="240,240,250,250" step="2"/><V100/><F128/><W111/><G110/><T76/><D76/><U123/><E123/><V113/><F113/><W9/><G111/><T50/><D50/><U53/><E53/><V40/><F71/><W28/><G54/><T96/><D96/><U51/><E51/><V75/><F52/><W106/><G99/><T114/><D114/><U83/><E83/><V74/><F63/><N who="3" m="37999" /><G106/><T11/><D11/><U98/><E98/><V26/><F60/><W130/><G55/><RYUUKYOKU ba="0,2" sc="240,15,240,15,250,-15,250,-15" hai0="5,6,7,42,44,49,58,62,65,72,73,101,102" hai1="1,4,10,25,31,32,38,43,46,66,67,78,81" /><INIT seed="0,1,2,1,1,39" ten="255,255,235,235" oya="0" hai0="97,134,133,106,61,9,94,2,111,13,76,17,112" hai1="57,102,69,47,72,21,51,31,46,1,43,73,20" hai2="30,8,107,0,88,38,56,127,33,19,66,130,48" hai3="103,86,78,118,84,22,100,35,121,52,65,26,99"/><T64/><D112/><U12/><E69/><V45/><F107/><W5/><G118/><T40/><D106/><U82/><E1/><V4/><F127/><W53/><G35/><T116/><D116/><U92/><E57/><V49/><F130/><W81/><G121/><T126/><D126/><U3/><E3/><V62/><F19/><W129/><G129/><T101/><D2/><U6/><E6/><V44/><F44/><W91/><G5/><T58/><D111/><U131/><E131/><V14/><F0/><W80/><G65/><T122/><D122/><U104/><E104/><V25/><REACH who="2" step="1"/><F88/><REACH who="2" ten="255,255,225,235" step="2"/><N who="3" m="51207" /><G99/><T117/><D117/><U135/><E47/><V7/><F7/><W96/><G91/><T93/><D93/><U95/><E95/><V85/><F85/><W87/><G86/><T75/><REACH who="0" step="1"/><D40/><AGARI ba="1,3" hai="4,8,14,25,30,33,38,40,45,48,49,56,62,66" machi="40" ten="40,5200,0" yaku="1,1,52,1,53,1" doraHai="39" doraHaiUra="11" who="2" fromWho="0" sc="255,-55,255,0,225,85,235,0" /><INIT seed="1,0,0,3,1,50" ten="200,255,310,235" oya="1" hai0="67,109,23,128,51,116,26,102,77,40,120,99,52" hai1="68,21,13,48,135,7,134,62,132,43,87,61,31" hai2="71,111,39,63,69,33,58,92,55,30,74,125,29" hai3="121,11,72,93,75,110,131,8,113,1,90,103,95"/><U129/><E129/><V18/><F74/><W10/><G121/><T89/><D116/><U16/><E68/><V19/><F39/><W20/><G113/><T127/><D128/><U66/><E66/><V112/><F112/><W56/><G131/><T133/><D120/><U107/><E107/><V119/><F119/><W35/><G35/><T76/><D109/><U126/><E126/><V105/><F105/><W32/><G32/><T65/><D40/><U130/><E130/><V64/><F111/><W9/><G110/><T118/><D133/><U101/><E101/><V41/><F41/><W0/><G20/><T78/><D89/><U84/><E7/><V108/><F71/><W114/><G114/><T88/><D88/><U54/><E43/><V49/><F125/><W115/><G115/><T82/><D82/><U15/><E15/><V3/><F3/><W17/><G103/><T106/><D118/><U47/><E31/><V12/><F18/><W122/><G122/><T34/><D34/><U91/><E87/><V81/><F81/><AGARI ba="0,0" hai="13,16,21,47,48,54,61,62,81,84,91,132,134,135" machi="81" ten="40,7700,0" yaku="20,1,52,1,54,1" doraHai="50" who="1" fromWho="2" sc="200,0,255,77,310,-77,235,0" /><INIT seed="1,1,0,5,4,100" ten="200,332,233,235" oya="1" hai0="94,133,78,14,22,49,135,91,124,59,62,112,60" hai1="84,83,82,96,41,104,9,129,90,64,89,92,107" hai2="115,75,68,85,72,1,86,98,55,110,35,12,95" hai3="70,125,109,13,118,25,50,8,30,127,134,79,108"/><U74/><E41/><V121/><F1/><W37/><G70/><T4/><D112/><U58/><E64/><V67/><F35/><N who="3" m="20943" /><G37/><T29/><D124/><N who="3" m="47689" /><G79/><T119/><D119/><U15/><E58/><V65/><F121/><W32/><G50/><T61/><D78/><N who="1" m="44375" /><E15/><V34/><F75/><W71/><G71/><T114/><D114/><U47/><E9/><V6/><F72/><W106/><G106/><N who="1" m="40490" /><E47/><V26/><F68/><W18/><G118/><T57/><D49/><U69/><E69/><V53/><F53/><W131/><G131/><AGARI ba="1,0" hai="83,84,89,90,92,96,129,131" m="40490,44375" machi="131" ten="30,12000,1" yaku="34,2,52,3" doraHai="100" who="1" fromWho="3" sc="200,0,332,123,233,0,235,-123" /><INIT seed="1,2,0,5,5,62" ten="200,455,233,112" oya="1" hai0="131,0,23,85,28,107,135,95,20,133,57,61,45" hai1="83,6,109,111,114,53,126,89,104,65,124,13,1" hai2="25,134,34,106,96,93,71,50,70,86,69,116,102" hai3="115,42,92,33,67,132,17,103,7,98,51,74,35"/><U55/><E114/><V127/><F116/><W121/><G74/><T105/><D0/><U48/><E1/><V125/><F134/><W49/><G121/><T100/><D131/><U66/><E104/><V94/><F50/><W37/><G115/><T31/><D45/><N who="1" m="27791" /><E55/><V129/><F129/><W80/><G132/><T24/><D85/><N who="1" m="50367" /><E13/><V41/><F41/><W2/><G17/><T18/><D31/><U27/><E27/><V84/><F84/><W29/><G80/><T120/><D120/><U9/><E9/><V79/><F79/><W10/><G37/><T63/><D107/><U47/><E47/><V68/><N who="2" m="17408" /><DORA hai="91" /><V97/><F86/><W81/><G81/><T82/><D82/><U76/><E6/><V52/><F52/><W128/><G128/><T40/><D105/><U26/><E26/><V101/><F106/><W77/><G77/><T16/><D135/><U59/><E59/><V110/><F110/><N who="1" m="41993" /><E76/><V108/><F108/><W5/><G7/><T38/><D57/><U39/><E39/><V99/><F99/><W90/><G42/><T44/><D133/><U19/><E19/><V60/><F60/><W73/><G73/><T58/><D58/><U46/><E46/><V21/><F34/><W78/><G33/><T4/><D4/><U72/><E72/><V64/><F64/><AGARI ba="2,0" hai="64,65,66,124,126" m="41993,50367,27791" machi="64" ten="30,12000,1" yaku="14,1,10,1,52,3" doraHai="62,91" who="1" fromWho="2" sc="200,0,455,126,233,-126,112,0" /><INIT seed="1,3,0,4,3,11" ten="200,581,107,112" oya="1" hai0="112,62,58,116,64,46,19,103,98,128,102,44,127" hai1="86,89,50,101,29,0,119,37,48,109,85,94,4" hai2="105,131,56,135,75,42,88,77,38,71,10,31,26" hai3="69,22,106,115,104,45,129,66,111,91,110,78,60"/><U47/><E119/><V79/><F71/><W130/><G78/><T40/><D112/><U124/><E101/><V92/><F105/><N who="3" m="40555" /><G22/><T134/><D116/><U99/><E124/><V80/><F135/><W82/><G45/><T118/><D127/><U27/><E37/><V108/><F108/><N who="3" m="41515" /><G115/><T70/><D46/><U97/><E0/><V90/><F79/><W15/><G15/><T14/><D44/><U23/><E4/><V6/><F131/><N who="3" m="50187" /><G91/><T9/><D14/><U53/><E109/><V93/><F38/><W30/><G30/><T33/><D128/><U18/><E29/><V8/><F42/><W67/><G67/><T34/><D64/><U21/><E23/><V52/><F10/><W24/><G24/><T107/><D9/><U43/><E43/><V20/><F92/><W87/><G87/><T96/><D107/><U5/><E5/><V113/><F93/><W95/><G95/><T13/><D40/><U114/><E86/><V117/><F113/><W81/><AGARI ba="3,0" hai="60,66,69,81,82" m="50187,41515,40555" machi="81" ten="40,2700,0" yaku="14,1,19,1" doraHai="11" who="3" fromWho="3" sc="200,-10,581,-16,107,-10,112,36" /><INIT seed="2,0,0,0,5,58" ten="190,565,97,148" oya="2" hai0="0,48,52,107,116,91,90,104,88,11,129,46,25" hai1="102,28,54,130,134,13,75,71,33,89,38,50,5" hai2="37,111,85,119,59,93,84,81,74,49,35,112,19" hai3="73,125,36,133,24,117,21,31,8,121,41,7,69"/><V124/><F119/><W105/><G73/><T60/><D116/><U42/><E75/><V55/><F112/><W86/><G105/><T16/><D129/><U27/><E102/><V18/><F124/><W110/><G69/><T80/><D60/><U95/><E134/><V23/><F35/><W120/><G117/><T128/><D128/><U17/><E5/><V115/><F115/><W77/><G36/><T132/><D132/><U66/><E38/><V65/><F37/><W113/><G41/><T70/><D70/><U4/><E4/><V96/><F111/><W64/><G64/><T34/><D0/><U67/><E42/><V10/><F65/><W1/><G110/><T135/><D135/><U2/><E2/><V22/><F74/><W3/><G133/><T123/><D123/><U101/><E101/><N who="2" m="60559" /><F10/><W47/><G125/><T97/><D97/><U76/><E130/><V79/><F85/><W114/><G1/><T72/><D34/><U12/><E71/><V39/><F39/><W99/><G99/><T45/><D45/><U126/><E126/><V56/><F59/><W61/><G121/><T30/><D72/><U94/><E33/><V98/><F98/><W26/><G120/><T29/><D80/><U131/><E131/><V82/><F81/><N who="3" m="47407" /><G114/><T92/><D92/><U57/><E94/><V9/><F9/><W83/><G113/><T53/><D11/><U118/><E118/><V127/><F127/><W109/><G109/><T51/><D107/><U106/><E106/><V122/><F122/><W40/><G83/><T108/><D104/><U44/><E57/><RYUUKYOKU ba="0,0" sc="190,-10,565,-10,97,30,148,-10" hai2="18,19,22,23,49,55,56,79,82,84" /><INIT seed="2,1,0,3,4,37" ten="180,555,127,138" oya="2" hai0="12,126,54,135,50,95,117,122,15,58,97,48,96" hai1="2,70,55,100,118,1,6,24,132,3,10,66,16" hai2="4,17,60,41,108,110,84,71,18,103,9,14,8" hai3="30,130,89,13,43,46,86,52,80,85,26,7,63"/><V114/><F114/><W128/><G86/><T92/><D122/><U94/><E118/><V19/><F103/><W112/><G112/><T38/><D38/><U120/><E132/><V45/><F84/><W121/><G121/><T68/><D68/><U127/><E127/><V22/><F9/><W21/><G7/><T53/><D135/><U29/><E120/><V77/><F77/><W87/><G87/><T75/><D75/><U82/><E82/><V124/><F124/><W65/><G13/><T44/><D126/><U131/><E131/><N who="3" m="50218" /><G52/><T115/><D117/><U101/><E94/><N who="0" m="35881" /><D115/><U133/><E133/><V105/><F105/><W47/><G43/><T102/><D102/><U106/><E106/><V83/><F83/><W36/><G36/><T42/><D53/><U78/><E78/><V72/><F72/><W27/><G27/><T69/><D12/><U40/><E10/><V62/><F22/><W74/><G74/><T64/><D15/><U61/><E100/><V5/><F5/><W56/><AGARI ba="1,0" hai="21,26,30,46,47,56,63,65,80,85,89" m="50218" machi="56" ten="30,1100,0" yaku="19,1" doraHai="37" who="3" fromWho="3" sc="180,-4,555,-4,127,-6,138,14" /><INIT seed="3,0,0,4,2,45" ten="176,551,121,152" oya="3" hai0="132,92,23,126,21,10,46,32,37,121,64,68,78" hai1="79,113,48,91,3,12,69,4,128,2,123,5,55" hai2="53,28,17,16,89,26,61,80,134,90,19,9,95" hai3="71,56,43,76,35,57,34,38,88,129,99,39,41"/><W120/><G120/><T94/><D32/><U6/><E79/><V54/><F134/><W117/><G117/><T36/><D121/><U86/><E113/><V116/><F116/><W93/><G71/><T100/><D132/><U111/><E128/><V122/><F122/><W13/><G76/><T131/><D10/><U52/><E69/><V47/><F9/><W51/><G129/><T50/><D126/><U30/><E123/><V25/><F80/><W60/><G13/><T82/><D36/><U84/><E111/><V114/><F114/><W109/><G109/><T8/><D37/><U7/><E30/><V77/><F77/><W74/><G74/><T31/><D8/><U20/><E55/><V85/><F28/><W40/><G39/><T101/><D131/><U87/><E91/><V133/><F133/><W33/><G38/><T70/><D31/><U108/><E6/><V0/><F0/><W11/><G11/><T67/><D78/><U42/><E108/><V135/><F135/><W104/><G104/><T49/><D46/><N who="1" m="25687" /><E3/><V112/><F112/><W14/><G14/><T105/><D82/><U24/><E2/><V97/><F61/><W44/><REACH who="3" step="1"/><G57/><REACH who="3" ten="176,551,121,142" step="2"/><T18/><D105/><U66/><E4/><V130/><F130/><W65/><AGARI ba="0,1" hai="33,34,35,40,41,43,44,51,56,60,65,88,93,99" machi="65" ten="30,12000,1" yaku="1,1,2,1,0,1,52,1,54,1,53,0" doraHai="45" doraHaiUra="27" who="3" fromWho="3" sc="176,-40,551,-40,121,-40,142,130" /><INIT seed="3,1,0,2,3,26" ten="136,511,81,272" oya="3" hai0="60,84,13,111,28,4,33,133,59,19,108,61,54" hai1="80,121,64,109,20,71,110,93,14,123,79,10,68" hai2="6,100,128,36,31,135,63,74,12,67,92,49,77" hai3="99,24,34,16,124,65,125,114,90,70,131,81,5"/><W45/><G114/><T43/><D133/><U97/><E20/><V88/><F36/><W46/><G5/><T95/><D4/><N who="1" m="3399" /><E64/><V1/><F135/><W30/><G131/><T112/><D84/><N who="1" m="48159" /><E71/><V40/><F128/><W96/><G70/><T42/><D60/><U66/><E66/><V127/><F127/><N who="3" m="48715" /><G65/><T132/><D95/><U48/><E48/><V58/><F1/><W32/><G32/><T116/><D19/><U3/><E3/><V82/><F100/><W85/><G16/><T106/><D13/><U55/><E55/><V52/><F40/><W101/><G96/><T44/><D116/><U21/><E21/><V89/><F31/><W35/><G34/><T75/><D75/><U113/><E68/><V103/><F6/><W53/><G53/><T73/><D108/><N who="1" m="41579" /><E113/><V120/><F12/><W83/><G81/><T29/><D106/><AGARI ba="1,0" hai="24,30,35,45,46,83,85,90,99,101,106" m="48715" machi="106" ten="30,2900,0" yaku="18,1,52,1" doraHai="26" who="3" fromWho="0" sc="136,-32,511,0,81,0,272,32" /><INIT seed="3,2,0,2,0,134" ten="104,511,81,304" oya="3" hai0="76,117,109,38,3,49,13,115,28,120,45,129,113" hai1="75,100,66,104,95,58,73,83,9,123,89,116,69" hai2="84,91,26,79,27,106,112,44,56,87,85,32,34" hai3="48,24,51,132,6,131,30,29,40,57,81,11,102"/><W94/><G132/><T41/><D120/><U68/><E123/><V88/><F112/><N who="0" m="43082" /><D3/><U110/><E68/><V127/><F106/><W90/><G131/><T119/><D109/><U43/><E69/><V124/><F56/><W80/><G102/><T96/><D129/><U46/><E9/><V97/><F44/><W22/><G30/><T20/><D76/><U130/><E110/><V101/><F79/><W78/><G40/><T133/><D133/><U60/><E116/><N who="0" m="44617" /><D96/><U107/><E100/><V86/><F86/><W21/><G21/><T74/><D74/><U71/><E71/><V14/><F14/><W108/><G108/><T15/><D38/><U62/><E104/><V39/><F39/><W16/><G29/><T126/><D126/><N who="2" m="48170" /><F101/><W19/><G19/><T54/><D41/><U114/><E43/><V37/><F37/><W42/><G42/><T59/><D45/><U23/><E89/><N who="2" m="34379" /><F97/><W99/><G57/><T0/><D0/><U10/><E23/><V121/><F121/><W128/><G128/><T36/><D36/><U135/><E114/><V12/><F12/><N who="3" m="5239" /><G78/><T65/><D65/><U67/><E73/><V64/><F64/><W122/><G122/><T82/><D82/><AGARI ba="2,0" hai="16,22,24,48,51,80,81,82,90,94,99" m="5239" machi="82" ten="30,2900,0" yaku="8,1,54,1" doraHai="134" who="3" fromWho="0" sc="104,-35,511,0,81,0,304,35" /><INIT seed="3,3,0,0,5,15" ten="69,511,81,339" oya="3" hai0="11,51,59,134,85,122,37,126,108,97,16,113,114" hai1="133,25,66,135,111,117,96,34,109,5,131,72,30" hai2="47,28,3,61,93,62,84,53,69,65,76,63,2" hai3="32,125,12,130,26,24,55,82,36,75,33,128,45"/><W39/><G55/><T50/><D122/><U103/><E131/><N who="3" m="50218" /><G45/><T58/><D108/><N who="1" m="41547" /><E72/><V46/><F28/><W70/><G70/><T73/><D73/><U100/><E117/><V107/><F107/><W119/><G119/><T8/><D134/><N who="1" m="51211" /><E96/><V56/><F62/><W7/><G82/><T41/><D126/><U94/><E94/><V88/><F76/><W79/><G75/><T68/><D68/><U18/><E5/><V60/><F69/><W110/><G79/><T27/><D97/><U67/><E67/><V106/><F65/><W74/><G74/><T83/><D37/><N who="3" m="14409" /><G110/><T44/><D113/><U132/><E132/><V121/><F106/><W86/><G86/><T99/><D114/><U14/><E66/><V42/><F84/><W91/><G91/><T17/><D85/><U0/><E0/><V127/><F3/><W31/><G125/><T78/><D83/><U89/><E89/><V22/><F88/><W98/><G98/><T129/><D99/><U124/><E124/><V40/><F127/><W118/><G118/><T116/><D116/><U95/><E95/><V1/><F93/><W49/><G49/><T6/><D129/><U120/><E120/><V102/><F121/><W48/><G48/><T101/><D50/><U9/><AGARI ba="3,0" hai="9,14,18,25,30,34,100,103" m="51211,41547" machi="9" ten="30,4000,0" yaku="14,1,20,1,52,1" doraHai="15" who="1" fromWho="1" sc="69,-13,511,49,81,-13,339,-23" owari="56,-44.4,560,66.0,68,-33.2,316,11.6" /></mjloggm>