<mjloggm ver="2.3"><GO type="225" lobby="0"/><UN n0="%E7%99%BD%E6%97%A5%E9%9B%AA%E8%8F%9C" n1="%E3%81%BF%E3%81%BF%E3%81%9A" n2="%E9%BB%92%E9%89%84%E7%8F%A0%E9%9B%AB" n3="%73%6C%69%63%6B%33%31%39" dan="16,16,16,16" rate="2190.54,2169.66,2174.65,2105.26" sx="M,M,M,M"/><TAIKYOKU oya="0"/><INIT seed="0,0,0,0,0,103" ten="250,250,250,250" oya="0" hai0="70,97,131,119,14,96,13,87,133,36,127,15,120" hai1="57,98,27,17,59,71,92,81,68,35,125,121,19" hai2="2,118,64,65,116,104,48,69,91,42,115,109,95" hai3="99,12,50,24,34,47,67,23,9,44,82,94,108"/><T37/><D119/><N who="2" m="45610" /><F2/><W63/><G34/><T40/><D120/><U52/><E121/><V18/><F115/><W100/><G108/><T93/><D70/><U25/><E125/><V4/><F4/><W113/><G82/><T83/><D127/><U130/><E130/><V132/><F109/><W72/><G72/><T117/><D117/><U30/><E81/><V31/><F31/><W75/><G75/><T41/><D131/><U55/><E30/><V32/><F32/><W10/><G113/><T74/><D74/><U62/><E35/><V20/><F69/><W85/><G85/><T128/><D128/><U0/><E92/><V22/><F132/><W126/><G126/><T6/><D6/><U78/><E98/><N who="2" m="57727" /><F104/><W111/><G111/><T89/><D133/><U102/><E102/><V124/><F124/><W7/><G9/><T86/><D97/><U77/><REACH who="1" step="1"/><E62/><REACH who="1" ten="250,240,250,250" step="2"/><V29/><F29/><W8/><G100/><T43/><REACH who="0" step="1"/><D87/><REACH who="0" ten="240,240,250,250" step="2"/><U73/><E73/><V110/><F110/><W54/><G99/><T80/><D80/><U3/><AGARI ba="0,2" hai="0,3,17,19,25,27,52,55,57,59,68,71,77,78" machi="3" ten="25,8000,1" yaku="1,1,0,1,22,2,54,1,53,0" doraHai="103" doraHaiUra="129" who="1" fromWho="1" sc="240,-40,240,100,250,-20,250,-20" /><INIT seed="1,0,0,0,5,4" ten="200,340,230,230" oya="1" hai0="68,13,59,26,104,123,11,18,10,9,45,70,2" hai1="22,116,126,127,88,38,95,121,27,56,110,46,34" hai2="12,128,111,103,52,130,90,94,43,49,135,71,99" hai3="30,6,35,75,37,74,19,58,129,61,118,7,107"/><U132/><E116/><V133/><F71/><W17/><G107/><T15/><D104/><U112/><E112/><V101/><F43/><W54/><G37/><T21/><D2/><U82/><E121/><V23/><F111/><W51/><G118/><T72/><D72/><U5/><E34/><V131/><F23/><W50/><G129/><T98/><D123/><U47/><E110/><V40/><F40/><W83/><G30/><T125/><D125/><N who="1" m="47627" /><E132/><N who="2" m="50763" /><F12/><W91/><G35/><T57/><D98/><N who="1" m="57703" /><E38/><V78/><F78/><W96/><G96/><T20/><D45/><AGARI ba="0,0" hai="45,49,52,90,94,99,101,103,128,130,131" m="50763" machi="45" ten="40,5200,0" yaku="19,1,20,1,54,1" doraHai="4" who="2" fromWho="0" sc="200,-52,340,0,230,52,230,0" /><INIT seed="2,0,0,2,4,53" ten="148,340,282,230" oya="2" hai0="46,11,129,125,71,110,29,106,87,81,52,41,56" hai1="122,66,89,77,111,6,20,115,118,120,127,8,51" hai2="130,47,80,59,50,133,54,33,67,98,40,9,128" hai3="17,18,119,134,7,107,135,124,97,109,101,27,5"/><V116/><F33/><W21/><G119/><T61/><D106/><U35/><E115/><V24/><F116/><W62/><G109/><T23/><D110/><U104/><E111/><V26/><F133/><W45/><G124/><T86/><D125/><U95/><E35/><V83/><F98/><W94/><G107/><T38/><D129/><N who="2" m="49770" /><F9/><W64/><G45/><T3/><D71/><U88/><E104/><V85/><F67/><W69/><REACH who="3" step="1"/><G18/><REACH who="3" ten="148,340,282,220" step="2"/><T68/><D68/><U30/><E118/><V2/><F2/><W93/><G93/><T73/><D29/><U19/><E95/><V91/><F83/><W15/><G15/><T58/><D23/><U82/><E127/><V112/><F112/><W114/><G114/><T123/><D123/><U43/><E122/><V25/><F25/><W14/><G14/><T48/><D3/><U108/><E120/><V44/><F44/><W39/><G39/><AGARI ba="0,1" hai="24,26,39,40,47,50,54,59,80,85,91" m="49770" machi="39" ten="30,2900,0" yaku="19,1,52,1" doraHai="53" who="2" fromWho="3" sc="148,0,340,0,282,39,220,-29" /><INIT seed="2,1,0,3,5,71" ten="148,340,321,191" oya="2" hai0="57,66,134,102,10,17,88,27,68,121,76,108,126" hai1="105,45,23,133,54,101,92,91,51,63,69,130,8" hai2="95,44,31,19,103,32,18,120,47,11,16,2,21" hai3="38,49,87,29,113,61,117,50,72,46,12,41,86"/><V114/><F114/><W111/><G117/><T94/><D121/><U128/><E133/><V119/><F119/><W1/><G1/><T28/><D68/><U35/><E35/><V106/><F106/><W9/><G72/><T48/><D134/><U7/><E101/><V40/><F120/><W65/><G113/><T55/><D108/><U4/><E105/><V30/><F32/><W122/><G122/><T42/><D126/><U97/><E23/><V104/><F104/><W78/><G29/><N who="2" m="10761" /><F2/><W83/><G87/><T25/><D102/><U107/><E107/><V124/><F124/><W26/><G26/><T129/><D129/><N who="1" m="49771" /><E8/><V116/><F116/><W14/><G14/><T84/><D76/><U135/><E135/><V43/><F11/><W132/><G111/><T22/><D66/><AGARI ba="1,0" hai="4,7,45,51,54,63,66,69,91,92,97" m="49771" machi="66" ten="30,1000,0" yaku="19,1" doraHai="71" who="1" fromWho="0" sc="148,-13,340,13,321,0,191,0" /><INIT seed="3,0,0,3,1,108" ten="135,353,321,191" oya="3" hai0="32,98,4,36,2,16,61,114,12,82,26,66,50" hai1="18,1,119,109,45,102,40,24,75,3,84,68,27" hai2="30,81,56,105,70,135,121,97,5,125,43,72,8" hai3="9,60,14,106,31,116,96,77,29,86,133,126,57"/><W85/><G116/><T89/><D36/><U51/><E75/><V21/><F70/><W47/><G126/><T15/><D15/><U115/><E115/><V94/><F105/><W88/><G133/><T42/><D42/><U128/><E119/><V100/><F135/><W122/><G122/><T62/><D50/><U104/><E68/><V107/><F125/><W64/><G47/><T73/><D73/><U111/><E128/><V13/><F43/><W123/><G123/><T39/><D39/><U127/><E127/><V65/><F107/><W6/><G106/><T19/><D2/><U44/><E84/><N who="3" m="32362" /><G77/><T22/><D82/><U59/><E59/><V7/><F121/><W113/><G113/><T90/><D114/><U74/><E74/><V53/><F72/><W120/><G120/><T38/><D38/><U25/><E18/><V80/><F7/><W48/><G48/><T41/><D41/><U132/><E45/><V99/><F99/><W83/><G83/><T92/><D4/><U79/><E79/><V101/><F101/><W78/><G78/><T35/><D90/><U93/><E104/><V76/><F76/><W55/><G64/><T130/><D130/><U131/><E132/><V17/><F65/><W117/><G117/><T58/><REACH who="0" step="1"/><D62/><REACH who="0" ten="125,353,321,191" step="2"/><U28/><E131/><V118/><F118/><W91/><G91/><T124/><D124/><U110/><E1/><V95/><F5/><W49/><G49/><T33/><D33/><N who="1" m="20615" /><E3/><V52/><F81/><W34/><G34/><T134/><D134/><U67/><E111/><V69/><F80/><W23/><G60/><RYUUKYOKU ba="0,1" sc="125,30,353,-10,321,-10,191,-10" hai0="12,16,19,22,26,32,35,58,61,66,89,92,98" owari="155,-34.5,353,45.3,311,11.1,181,-21.9" /></mjloggm>