<mjloggm ver="2.3"><GO type="225" lobby="0"/><UN n0="%E6%A1%9C%E8%8A%B1%E9%96%83%E3%80%85" n1="%E3%81%8B%E3%82%8F%E3%81%A1%E3%82%83%E3%82%93%35%38" n2="%E3%81%A1%E3%82%85%E3%81%86%E3%81%A9%E3%81%8F%E8%B1%A1%E3%81%95%E3%82%93" n3="%E3%81%82%E3%83%BC%E3%81%97" dan="16,16,17,16" rate="2115.83,2074.96,2199.44,2115.06" sx="M,M,M,M"/><TAIKYOKU oya="0"/><INIT seed="0,0,0,2,0,94" ten="250,250,250,250" oya="0" hai0="107,72,86,105,61,13,127,34,32,50,37,114,0" hai1="57,109,119,46,100,67,6,20,121,123,88,58,117" hai2="132,16,29,27,56,97,99,54,43,49,65,115,118" hai3="53,82,47,73,103,130,62,66,124,90,21,24,18"/><T106/><D114/><U64/><E20/><N who="2" m="15591" /><F115/><W31/><G130/><T135/><D72/><U126/><E88/><V78/><F132/><W108/><G124/><T38/><D127/><U101/><E6/><V60/><F118/><W89/><G108/><T125/><D125/><U85/><E126/><V33/><F33/><W4/><G4/><T98/><D0/><U39/><E85/><V45/><F78/><W76/><G103/><T48/><D135/><U104/><E104/><V15/><F65/><W35/><G53/><T116/><D61/><U22/><E22/><AGARI ba="0,0" hai="15,16,22,43,45,49,54,56,60,97,99" m="15591" machi="22" ten="30,7700,0" yaku="8,1,52,2,54,1" doraHai="94" who="2" fromWho="1" sc="250,0,250,-77,250,77,250,0" /><INIT seed="1,0,0,4,5,98" ten="250,173,327,250" oya="1" hai0="0,58,63,51,122,132,59,105,124,41,8,50,79" hai1="95,88,72,54,62,36,23,66,80,12,18,125,71" hai2="27,22,93,82,29,28,90,32,5,65,133,45,76" hai3="56,126,102,39,86,115,21,11,25,83,73,37,110"/><U96/><E125/><V61/><F133/><W38/><G110/><T19/><D124/><U13/><E36/><V75/><F5/><W77/><G126/><T108/><D108/><U117/><E117/><V2/><F2/><W31/><G115/><T35/><D132/><U101/><E54/><V26/><F45/><W42/><G56/><T57/><D35/><U30/><E30/><V94/><REACH who="2" step="1"/><F90/><REACH who="2" ten="250,173,317,250" step="2"/><W24/><G39/><T53/><D0/><U17/><E72/><V44/><F44/><W134/><G73/><T130/><D51/><U109/><E109/><V6/><F6/><W131/><G38/><T103/><D50/><U116/><E116/><V112/><F112/><W14/><G134/><T111/><D111/><U89/><REACH who="1" step="1"/><E80/><REACH who="1" ten="250,163,317,250" step="2"/><V55/><F55/><W15/><G83/><T128/><D53/><U49/><E49/><V81/><F81/><W7/><G37/><T113/><D113/><U67/><E67/><V129/><F129/><W106/><G131/><T60/><D130/><U68/><E68/><AGARI ba="0,2" hai="22,26,27,28,29,32,61,65,68,75,76,82,93,94" machi="68" ten="30,2000,0" yaku="1,1,7,1,53,0" doraHai="98" doraHaiUra="40" who="2" fromWho="1" sc="250,0,163,-20,317,40,250,0" /><INIT seed="2,0,0,2,1,28" ten="250,143,357,250" oya="2" hai0="71,16,120,113,77,106,85,23,135,13,105,82,47" hai1="19,74,96,57,17,109,79,64,41,124,81,131,29" hai2="44,45,24,2,75,6,51,56,58,67,93,117,70" hai3="50,73,33,12,66,121,7,130,0,59,108,35,134"/><V54/><F75/><W98/><G121/><T88/><D120/><U61/><E109/><V92/><F117/><W4/><G73/><T99/><D113/><U132/><E132/><V21/><F2/><W3/><G108/><T115/><D115/><U32/><E131/><V14/><F70/><W97/><G130/><T39/><D71/><U112/><E112/><V133/><F133/><W128/><G128/><T76/><D135/><U15/><E124/><V46/><F14/><W68/><G68/><T26/><D26/><U52/><E41/><V111/><F6/><W94/><G12/><T90/><D90/><U69/><E96/><V18/><F111/><W11/><G134/><T62/><D62/><AGARI ba="0,0" hai="18,21,24,44,45,46,51,54,56,58,62,67,92,93" machi="62" ten="40,2000,0" yaku="8,1" doraHai="28" who="2" fromWho="0" sc="250,-20,143,0,357,20,250,0" /><INIT seed="2,1,0,4,4,89" ten="230,143,377,250" oya="2" hai0="54,28,99,46,47,64,40,16,127,14,66,63,31" hai1="113,20,76,15,124,130,112,94,0,92,93,24,129" hai2="135,49,109,21,68,88,6,111,8,3,30,131,50" hai3="120,108,74,98,71,23,87,4,57,5,100,51,82"/><V52/><F68/><W19/><G71/><T69/><D127/><U86/><E0/><V2/><F135/><W32/><G32/><T45/><D40/><U103/><E15/><V29/><F131/><N who="1" m="50185" /><E124/><V70/><F70/><W96/><G74/><T110/><D110/><N who="2" m="41994" /><F2/><W104/><G98/><T62/><D54/><U102/><E20/><V72/><F72/><W42/><G120/><T97/><D31/><N who="2" m="11786" /><F21/><W53/><G42/><T81/><D28/><U39/><E24/><V118/><F118/><W36/><G36/><T90/><D81/><N who="1" m="47399" /><E39/><V73/><F73/><W106/><G106/><T12/><D12/><U17/><E17/><V58/><F88/><W84/><G84/><T105/><D14/><U25/><E25/><V123/><F123/><W133/><G133/><T41/><D16/><U18/><E18/><V48/><AGARI ba="1,0" hai="3,6,8,48,49,50,52,58" m="11786,41994" machi="48" ten="30,6000,0" yaku="14,1,10,1,54,1" doraHai="89" who="2" fromWho="2" sc="230,-21,143,-21,377,63,250,-21" /><INIT seed="2,2,0,5,2,23" ten="209,122,440,229" oya="2" hai0="72,66,9,68,49,26,82,111,104,98,19,95,35" hai1="41,30,69,121,130,96,81,67,65,101,53,131,115" hai2="117,110,31,76,56,8,10,100,119,55,59,124,16" hai3="63,102,94,61,92,135,27,1,118,79,50,15,74"/><V93/><F76/><W134/><G1/><T17/><D111/><U123/><E81/><V37/><F37/><W18/><G118/><T103/><D49/><U88/><E101/><V106/><F106/><W73/><G50/><T4/><D95/><N who="1" m="56423" /><E115/><V89/><F100/><W14/><G102/><T64/><D64/><U125/><E41/><V51/><F110/><W120/><G79/><N who="0" m="44391" /><D9/><U132/><E53/><V5/><F31/><W21/><G120/><N who="1" m="46154" /><E132/><N who="3" m="50730" /><G92/><T78/><D78/><U86/><E86/><V6/><F56/><W40/><G94/><T48/><D103/><U47/><E69/><V108/><F93/><W32/><G40/><T84/><D68/><U116/><E116/><V3/><F108/><W57/><G63/><T80/><D104/><U33/><E47/><V107/><F107/><W113/><G113/><T99/><D98/><U2/><E2/><V91/><F117/><W122/><G122/><T83/><D99/><U87/><E87/><V126/><F119/><W45/><G45/><T71/><D84/><U0/><E0/><V109/><F109/><W28/><G14/><T70/><D83/><U112/><E112/><V11/><F3/><W62/><G62/><T54/><D80/><U52/><E52/><AGARI ba="2,0" hai="15,18,21,27,28,32,52,57,61,73,74" m="50730" machi="52" ten="30,3900,0" yaku="20,1,52,1,54,1" doraHai="23" who="3" fromWho="1" sc="209,0,122,-45,440,0,229,45" /><INIT seed="3,0,0,4,4,109" ten="209,77,440,274" oya="3" hai0="54,82,91,89,22,126,58,134,52,103,105,18,13" hai1="129,95,20,5,79,59,35,42,132,120,56,34,2" hai2="96,43,19,40,131,116,124,14,73,57,102,117,8" hai3="45,36,133,66,104,11,62,31,69,121,32,64,85"/><W128/><G121/><T3/><D126/><U81/><E95/><V101/><F73/><W115/><G115/><T63/><D134/><U127/><E42/><V114/><F114/><W86/><G133/><T33/><D33/><U87/><E87/><V0/><F0/><W70/><G128/><T68/><D3/><U16/><E81/><V55/><F101/><W111/><G111/><T41/><D68/><U118/><E79/><V12/><F131/><W10/><G104/><T53/><D41/><U37/><E37/><V60/><F124/><W90/><G86/><T125/><D125/><U93/><E127/><V49/><F43/><W46/><G31/><T27/><D105/><U47/><E129/><V78/><F78/><W67/><G32/><T26/><D103/><U50/><E132/><V51/><F51/><W74/><G74/><T100/><D100/><U38/><E50/><V75/><F75/><W30/><G30/><T119/><D119/><U9/><E93/><V80/><F80/><N who="3" m="49447" /><G36/><T107/><D107/><U28/><E118/><V83/><F83/><W92/><G92/><T99/><D99/><U113/><E113/><V29/><F117/><W48/><G70/><T88/><REACH who="0" step="1"/><D82/><REACH who="0" ten="199,77,440,274" step="2"/><U123/><E35/><V61/><F116/><W97/><G97/><T98/><D98/><U130/><E130/><V17/><F96/><W65/><G69/><T39/><D39/><U24/><E38/><V108/><F102/><W1/><G1/><T44/><D44/><U122/><REACH who="1" step="1"/><E47/><REACH who="1" ten="199,67,440,274" step="2"/><V84/><F108/><W94/><G46/><T106/><D106/><U110/><E110/><RYUUKYOKU ba="0,2" sc="199,15,67,15,440,-15,274,-15" hai0="13,18,22,26,27,52,53,54,58,63,88,89,91" hai1="2,5,9,16,20,24,28,34,56,59,120,122,123" owari="214,-18.6,82,-41.8,445,54.5,259,5.9" /></mjloggm>