<mjloggm ver="2.3"><GO type="225" lobby="0"/><UN n0="%E6%A1%9C%E8%8A%B1%E9%96%83%E3%80%85" n1="%6B%75%7A%75%6E" n2="%73%6C%69%63%6B%33%31%39" n3="%72%65%6E%6B%75%6E" dan="16,17,16,17" rate="2066.77,2187.62,2108.84,2199.52" sx="M,M,M,M"/><TAIKYOKU oya="0"/><INIT seed="0,0,0,4,2,0" ten="250,250,250,250" oya="0" hai0="57,106,65,75,88,67,42,50,125,83,109,32,85" hai1="129,72,114,115,58,117,39,98,126,17,120,96,135" hai2="46,112,15,105,68,99,30,116,11,3,110,73,23" hai3="63,59,1,77,40,107,47,119,21,91,87,35,132"/><T81/><D125/><U121/><E58/><V55/><F112/><W9/><G35/><T93/><D32/><U44/><E17/><N who="2" m="10687" /><F73/><W61/><G107/><T20/><D109/><U54/><E54/><V7/><F68/><W103/><G119/><T62/><D106/><U33/><E44/><V24/><F55/><W69/><G103/><T95/><D67/><U131/><E39/><V102/><F46/><W111/><G77/><T78/><REACH who="0" step="1"/><D20/><REACH who="0" ten="240,250,250,250" step="2"/><U25/><E126/><V92/><F110/><W43/><G21/><T89/><D89/><U122/><E117/><V74/><F116/><W5/><G91/><T16/><D16/><U60/><E135/><V123/><F123/><W80/><G132/><T45/><AGARI ba="0,1" hai="42,45,50,57,62,65,75,78,81,83,85,88,93,95" machi="45" ten="30,6000,0" yaku="1,1,0,1,54,1,53,0" doraHai="0" doraHaiUra="70" who="0" fromWho="0" sc="240,70,250,-20,250,-20,250,-20" /><INIT seed="0,1,0,3,5,29" ten="310,230,230,230" oya="0" hai0="100,113,77,6,72,25,127,120,65,118,109,55,111" hai1="90,38,2,41,128,83,60,84,17,98,123,105,10" hai2="97,35,101,80,27,99,3,129,71,106,87,36,48" hai3="5,131,86,112,125,73,50,130,122,56,110,79,74"/><T88/><D113/><U103/><E123/><V135/><F36/><W19/><G5/><T14/><D120/><U78/><E128/><N who="3" m="49194" /><G122/><T75/><D118/><U9/><E2/><V95/><F129/><W82/><G112/><T102/><D127/><U42/><E38/><V117/><F3/><W69/><G69/><T11/><D65/><U26/><E10/><V134/><F71/><W133/><G125/><T94/><D55/><U114/><E114/><V81/><F48/><W15/><G110/><N who="0" m="41995" /><D25/><U18/><E17/><V52/><F52/><N who="3" m="31767" /><G133/><N who="2" m="50697" /><F117/><W1/><G1/><T40/><D40/><U53/><E53/><V4/><F4/><W39/><G39/><T49/><D49/><U119/><E60/><V63/><F63/><W66/><G66/><T8/><D8/><AGARI ba="1,0" hai="8,15,19,73,74,79,82,86" m="31767,49194" machi="8" ten="30,2000,0" yaku="19,1,54,1" doraHai="29" who="3" fromWho="0" sc="310,-23,230,0,230,0,230,23" /><INIT seed="1,0,0,2,3,65" ten="287,230,230,253" oya="1" hai0="81,124,72,87,129,79,105,119,73,76,66,85,93" hai1="64,8,16,48,127,18,75,69,26,6,37,11,120" hai2="131,44,112,61,126,34,56,122,107,118,28,135,130" hai3="35,57,100,74,10,4,91,52,32,23,43,88,27"/><U98/><E120/><V31/><F107/><W17/><G74/><T62/><D119/><U46/><E127/><V7/><F122/><W13/><G43/><T21/><D124/><U60/><E75/><V96/><F126/><W86/><G100/><T101/><D21/><U115/><E115/><V102/><F118/><W92/><REACH who="3" step="1"/><G91/><REACH who="3" ten="287,230,230,243" step="2"/><T99/><D73/><U29/><E37/><V15/><F102/><W83/><G83/><T89/><D79/><U50/><E98/><V116/><F96/><W125/><G125/><T123/><D123/><U40/><E48/><AGARI ba="0,1" hai="4,10,13,17,23,27,32,35,48,52,57,86,88,92" machi="48" ten="30,8000,1" yaku="1,1,7,1,54,2,53,1" doraHai="65" doraHaiUra="2" who="3" fromWho="1" sc="287,0,230,-80,230,0,243,90" /><INIT seed="2,0,0,1,3,131" ten="287,150,230,333" oya="2" hai0="95,36,17,134,15,70,24,27,76,32,106,86,26" hai1="101,47,63,56,5,89,49,34,65,20,99,21,13" hai2="9,111,33,45,39,3,14,80,115,113,122,58,62" hai3="54,128,127,18,123,69,57,120,40,28,124,133,2"/><V43/><F122/><W19/><G2/><T0/><D106/><U7/><E34/><V118/><F118/><W93/><G69/><T97/><D0/><U11/><E7/><V48/><F3/><W98/><G28/><T135/><D36/><U84/><E99/><V74/><F33/><W77/><G77/><T126/><D70/><U94/><REACH who="1" step="1"/><E101/><REACH who="1" ten="287,140,230,333" step="2"/><V107/><F107/><W6/><G98/><T16/><D32/><U52/><AGARI ba="0,1" hai="5,11,13,20,21,47,49,52,56,63,65,84,89,94" machi="52" ten="20,12000,2" yaku="1,1,2,1,0,1,7,1,8,1,54,1,53,0" doraHai="131" doraHaiUra="112" who="1" fromWho="1" sc="287,-30,140,130,230,-60,333,-30" /><INIT seed="3,0,0,0,1,130" ten="257,270,170,303" oya="3" hai0="10,68,121,100,30,122,83,89,88,108,48,92,98" hai1="101,72,15,44,51,80,123,66,125,128,85,55,105" hai2="8,60,69,33,104,18,40,1,67,84,109,45,53" hai3="76,115,12,70,21,6,27,25,126,87,94,5,75"/><W54/><G70/><T116/><D68/><U37/><E123/><V119/><F109/><W93/><G115/><T17/><D116/><U59/><E128/><V64/><F119/><W61/><G75/><T131/><D131/><U31/><E72/><V32/><F104/><W57/><G126/><T133/><D108/><U19/><E125/><V3/><F67/><W73/><G73/><T112/><D112/><U117/><E31/><V74/><F74/><W97/><G12/><T99/><D133/><U90/><E117/><V95/><F53/><W118/><G118/><T24/><D48/><U135/><E101/><V58/><F69/><W38/><G38/><T4/><D17/><U79/><E105/><V23/><F95/><N who="3" m="36363" /><G97/><T86/><D99/><U71/><E37/><V0/><F84/><W91/><G76/><T106/><D100/><U14/><E14/><V34/><F8/><W39/><G39/><T78/><D78/><U9/><E71/><V65/><F65/><W127/><G25/><T113/><D113/><U11/><E11/><V63/><F63/><W47/><G47/><T120/><D106/><U49/><E79/><V107/><F107/><W132/><G132/><T124/><D124/><U29/><E66/><V102/><F102/><W114/><G114/><T41/><D41/><N who="1" m="24719" /><E135/><V16/><REACH who="2" step="1"/><F23/><REACH who="2" ten="257,270,160,303" step="2"/><W26/><G127/><T77/><D92/><U96/><E85/><V28/><F28/><W20/><G21/><N who="0" m="15631" /><D98/><U50/><E96/><V129/><F129/><W42/><G42/><T2/><D121/><U36/><E29/><V111/><F111/><W81/><G20/><RYUUKYOKU ba="0,1" sc="257,10,270,-30,160,10,303,10" hai0="2,4,10,77,83,86,88,89,120,122" hai2="0,1,3,16,18,32,33,34,40,45,58,60,64" hai3="5,6,26,27,54,57,61,81,87,91" owari="267,6.7,240,-16.0,170,-33.0,323,42.3" /></mjloggm>