<mjloggm ver="2.3"><GO type="225" lobby="0"/><UN n0="%E5%A4%9C%E3%81%AE%E3%82%AC%E3%82%B9%E3%83%91%E3%83%BC%E3%83%AB" n1="%4D%6F%6E%61%6E%61" n2="%72%69%6F%75%63%68%61%6E" n3="%E3%81%A4%E3%81%A3%E3%81%B1%E3%82%8A%E3%83%9D%E3%83%BC%E3%83%AB" dan="17,16,16,17" rate="2147.31,2095.30,2154.35,2222.82" sx="M,F,M,M"/><TAIKYOKU oya="0"/><INIT seed="0,0,0,5,2,62" ten="250,250,250,250" oya="0" hai0="30,83,63,85,43,80,36,129,2,84,92,49,91" hai1="116,112,131,98,68,135,82,73,39,89,21,128,132" hai2="118,38,11,35,79,54,24,76,26,40,74,61,51" hai3="70,111,75,72,15,67,119,104,78,123,45,113,25"/><T23/><D2/><U3/><E39/><V27/><F118/><W13/><G119/><T93/><D36/><U31/><E3/><V120/><F120/><W33/><G113/><T109/><D129/><N who="1" m="49739" /><E31/><V42/><F35/><W127/><G45/><N who="0" m="25791" /><D109/><U90/><E21/><V103/><F103/><W52/><G111/><T41/><D41/><N who="2" m="15978" /><F74/><W97/><G75/><T105/><D105/><U17/><E17/><V114/><F114/><W18/><G104/><T110/><D110/><U65/><E112/><V29/><F29/><W66/><G72/><T19/><D30/><U115/><E115/><V99/><F38/><W22/><G123/><T101/><D63/><N who="1" m="39999" /><E116/><V55/><F99/><W9/><G33/><T122/><D101/><U87/><E73/><V130/><F130/><W60/><G70/><T1/><D1/><U71/><E71/><V64/><F11/><W56/><G9/><T50/><D122/><U106/><E106/><V48/><F64/><W125/><G97/><T8/><D8/><U12/><E12/><N who="3" m="4682" /><G78/><N who="2" m="29737" /><F61/><W77/><G77/><T46/><D23/><U126/><E126/><AGARI ba="0,0" hai="18,22,25,52,56,60,66,67,125,126,127" m="4682" machi="126" ten="30,7700,0" yaku="18,1,52,2,54,1" doraHai="62" who="3" fromWho="1" sc="250,0,250,-77,250,0,250,77" /><INIT seed="1,0,0,3,4,31" ten="250,173,250,327" oya="1" hai0="119,109,56,87,85,21,79,42,92,120,45,28,89" hai1="49,11,26,18,2,88,35,40,36,10,128,24,129" hai2="30,69,90,118,61,97,6,124,15,134,115,29,95" hai3="110,3,4,57,84,123,16,64,125,38,77,106,43"/><U48/><E2/><V86/><F118/><W17/><G123/><T102/><D119/><U94/><E36/><V117/><F117/><W105/><G3/><T50/><D120/><U5/><E24/><V46/><F124/><W13/><G38/><T0/><D0/><U37/><E37/><V76/><F134/><W108/><G43/><T98/><D109/><N who="3" m="42089" /><G4/><T22/><D28/><N who="1" m="19863" /><E18/><N who="3" m="7274" /><G13/><T14/><D14/><N who="1" m="5455" /><E11/><N who="2" m="4599" /><F69/><W70/><G70/><T82/><REACH who="0" step="1"/><D56/><REACH who="0" ten="240,173,250,327" step="2"/><U80/><E40/><V74/><F29/><W58/><G125/><T9/><D9/><U25/><E25/><V101/><F30/><W1/><G1/><T63/><D63/><U96/><E80/><AGARI ba="0,1" hai="21,22,42,45,50,79,80,82,85,87,89,92,98,102" machi="80" ten="30,7700,0" yaku="1,1,7,1,8,1,53,1" doraHai="31" doraHaiUra="75" who="0" fromWho="1" sc="240,87,173,-77,250,0,327,0" /><INIT seed="2,0,0,1,5,126" ten="327,96,250,327" oya="2" hai0="16,56,64,28,88,73,122,3,29,22,135,34,97" hai1="19,81,123,79,99,106,61,131,50,121,49,120,15" hai2="27,98,96,13,77,82,94,12,21,17,65,67,1" hai3="55,86,63,134,9,108,39,8,114,95,113,101,36"/><V7/><F1/><W125/><G125/><T129/><D122/><U6/><E6/><V47/><F47/><W115/><G108/><T109/><D73/><U68/><E106/><V124/><F124/><W44/><G134/><T72/><D72/><U127/><E99/><V102/><F98/><N who="3" m="59615" /><G86/><T103/><D3/><U46/><E127/><V20/><F12/><W25/><G25/><T32/><D109/><U105/><E105/><V14/><F13/><W90/><G90/><T18/><D135/><U130/><E61/><V89/><F89/><W112/><G112/><T60/><D129/><N who="1" m="49163" /><E68/><V38/><F38/><N who="3" m="14379" /><G63/><T118/><D103/><U11/><E46/><V2/><F2/><W91/><G91/><T37/><D37/><U59/><E59/><V133/><F133/><W62/><G44/><T87/><D97/><U85/><AGARI ba="0,0" hai="11,15,19,49,50,79,81,85,120,121,123" m="49163" machi="85" ten="40,8000,1" yaku="13,1,19,1,52,3" doraHai="126" who="1" fromWho="1" sc="327,-20,96,80,250,-40,327,-20" /><INIT seed="3,0,0,0,5,75" ten="307,176,210,307" oya="3" hai0="0,60,111,74,14,46,2,104,118,24,32,18,120" hai1="3,53,78,59,83,77,97,69,4,106,116,76,88" hai2="123,127,34,27,103,109,119,84,112,114,72,16,82" hai3="12,79,92,48,107,102,8,20,56,129,19,45,90"/><W54/><G129/><T58/><D118/><U96/><E69/><V133/><F119/><W108/><G108/><T124/><D120/><U64/><E116/><V89/><F72/><W126/><G126/><T43/><D104/><U65/><E106/><V9/><F109/><W30/><G79/><T128/><D111/><U62/><E4/><V125/><F123/><W135/><G135/><T51/><D74/><U113/><E3/><V131/><F131/><W121/><G121/><T134/><D128/><U39/><E39/><V117/><F117/><W86/><G107/><T132/><D124/><N who="2" m="47690" /><F133/><N who="0" m="51306" /><D24/><U52/><E113/><N who="2" m="43627" /><F103/><W115/><G115/><T105/><D32/><U68/><E68/><V93/><F34/><W110/><G110/><T94/><D94/><N who="1" m="56391" /><E97/><V95/><F27/><N who="3" m="16743" /><G102/><T41/><D41/><U38/><E38/><V57/><F57/><AGARI ba="0,0" hai="8,12,19,45,48,54,56,57,86,90,92" m="16743" machi="57" ten="30,1500,0" yaku="8,1" doraHai="75" who="3" fromWho="2" sc="307,0,176,0,210,-15,307,15" owari="307,10.7,176,-32.4,195,-20.5,322,42.2" /></mjloggm>