<mjloggm ver="2.3"><GO type="225" lobby="0"/><UN n0="%E3%81%B2%E3%81%AA%E3%81%AE%E3%82%8A%E3%81%8F" n1="%E7%99%BD%E9%9B%AA%E4%B9%83%E6%84%9B" n2="%E3%82%BC%E3%83%AB%E3%83%80%E3%81%AE%E4%BC%9D%E8%AA%AC" n3="%6D%75%75%6D%75%72%61" dan="17,16,17,17" rate="2159.30,2061.26,2131.93,2151.42" sx="M,F,M,F"/><TAIKYOKU oya="0"/><INIT seed="0,0,0,0,1,98" ten="250,250,250,250" oya="0" hai0="60,116,45,57,87,115,54,96,11,7,18,113,80" hai1="33,22,74,6,104,129,41,26,55,52,39,9,77" hai2="29,85,40,94,65,31,44,122,67,125,63,131,114" hai3="37,19,99,134,127,102,121,91,12,56,100,42,108"/><T120/><BYE who="3" /><D120/><UN n3="%6D%75%75%6D%75%72%61" /><U8/><E33/><V17/><F114/><W13/><G121/><T64/><D116/><U103/><E129/><V59/><F122/><W82/><G108/><T34/><D34/><U70/><E70/><V0/><F131/><W58/><G127/><T79/><D18/><U68/><E68/><V72/><F72/><W71/><G71/><T36/><D96/><U75/><E41/><V130/><F125/><W50/><G37/><T4/><D4/><U61/><E39/><V48/><F0/><W106/><G134/><T111/><D111/><U78/><E61/><V132/><F132/><W21/><G106/><T88/><D79/><U1/><E104/><V118/><F118/><W27/><G42/><T97/><D97/><U95/><E95/><V76/><F130/><W25/><G13/><T43/><REACH who="0" step="1"/><D54/><REACH who="0" ten="240,250,250,250" step="2"/><U73/><E78/><V117/><F117/><W128/><G99/><T119/><D119/><U2/><E77/><V30/><F17/><W81/><G128/><T35/><D35/><U69/><E6/><V62/><F76/><W83/><G91/><T47/><D47/><U51/><E55/><V109/><F109/><W135/><G135/><T86/><D86/><U112/><E75/><V92/><REACH who="2" step="1"/><F85/><REACH who="2" ten="240,250,240,250" step="2"/><W46/><G19/><T23/><D23/><U110/><E22/><V124/><F124/><W93/><G21/><T89/><D89/><U38/><E74/><V133/><F133/><W16/><G16/><T32/><D32/><U105/><E73/><V20/><F20/><W66/><G27/><T49/><D49/><U84/><E26/><RYUUKYOKU ba="0,2" sc="240,15,250,-15,240,15,250,-15" hai0="7,11,36,43,45,57,60,64,80,87,88,113,115" hai2="29,30,31,40,44,48,59,62,63,65,67,92,94" /><INIT seed="0,1,2,4,1,110" ten="255,235,255,235" oya="0" hai0="6,9,127,28,90,94,124,31,63,14,12,5,111" hai1="125,103,101,24,107,4,105,87,49,99,27,51,95" hai2="33,109,10,58,77,40,35,70,61,59,97,17,91" hai3="133,19,53,20,45,117,50,62,71,76,134,37,88"/><T29/><D111/><U122/><E122/><V1/><F109/><W18/><G117/><T98/><REACH who="0" step="1"/><D63/><REACH who="0" ten="245,235,255,235" step="2"/><U115/><E125/><V42/><F61/><W72/><G62/><T8/><AGARI ba="1,3" hai="5,6,8,9,12,14,28,29,31,90,94,98,124,127" machi="8" ten="30,11700,0" yaku="1,1,2,1,0,1,9,1,53,0" doraHai="110" doraHaiUra="96" who="0" fromWho="0" sc="245,150,235,-40,255,-40,235,-40" /><INIT seed="0,2,0,4,1,17" ten="395,195,215,195" oya="0" hai0="78,79,122,18,2,129,85,43,49,72,70,124,40" hai1="87,114,71,125,84,110,130,20,4,9,13,76,21" hai2="89,92,22,30,7,106,86,77,45,133,16,135,57" hai3="54,119,26,53,31,74,39,115,32,3,37,105,65"/><T131/><D122/><U128/><E110/><V52/><F106/><W109/><G115/><T69/><D2/><U0/><E71/><V23/><F7/><W1/><G119/><T34/><D72/><U97/><E125/><V132/><F45/><W47/><G109/><T99/><D34/><U28/><E114/><V96/><F30/><W120/><G120/><T38/><D38/><U102/><E28/><V112/><F112/><W14/><G74/><T36/><D36/><U27/><E27/><V75/><F75/><W100/><G39/><T83/><D78/><U58/><E58/><V51/><F16/><W123/><G123/><T95/><D124/><U64/><E64/><V41/><F41/><N who="0" m="15946" /><D49/><U101/><E0/><V19/><F19/><W117/><G117/><T6/><D18/><U88/><E76/><V68/><F68/><W35/><G35/><T59/><D59/><U107/><E102/><N who="2" m="60679" /><F77/><W62/><G37/><T113/><D6/><U60/><E60/><V73/><F73/><W42/><G42/><T33/><D33/><U116/><E116/><V104/><F104/><W11/><G3/><T12/><D12/><U103/><E103/><V91/><F91/><W44/><G1/><T25/><D25/><U127/><E88/><V24/><F24/><W121/><G121/><T94/><D113/><U90/><E127/><V15/><F15/><W10/><G14/><T80/><D70/><U126/><E126/><V134/><N who="2" m="33792" /><DORA hai="48" /><V61/><F51/><N who="3" m="28903" /><G105/><T29/><D69/><U67/><E107/><V118/><F118/><W5/><G5/><T56/><D79/><RYUUKYOKU ba="2,0" sc="395,-10,195,-10,215,30,195,-10" hai2="22,23,52,57,61,86,89" /><INIT seed="1,3,0,2,4,121" ten="385,185,245,185" oya="1" hai0="3,2,0,89,84,123,48,16,38,30,45,88,75" hai1="92,116,7,9,110,59,131,68,18,95,13,87,41" hai2="77,1,47,98,72,114,108,19,74,56,83,132,126" hai3="93,43,32,124,23,10,34,20,67,134,21,51,42"/><U28/><E116/><V86/><F1/><W4/><G124/><T60/><D75/><U65/><E68/><V76/><F126/><W120/><G120/><T54/><D38/><U44/><E131/><V46/><F132/><W29/><G134/><T91/><D30/><U49/><E28/><V58/><F19/><W39/><G39/><T52/><D123/><U73/><E73/><V129/><F86/><W111/><G111/><T12/><D54/><U106/><E106/><V79/><F79/><W127/><G127/><T22/><REACH who="0" step="1"/><D60/><REACH who="0" ten="375,185,245,185" step="2"/><N who="1" m="38047" /><E110/><V33/><F108/><W8/><G29/><T27/><D27/><U35/><E35/><V107/><F33/><W61/><G34/><T101/><D101/><U62/><E62/><V118/><F74/><W37/><G32/><T85/><AGARI ba="3,1" hai="0,2,3,12,16,22,45,48,52,84,85,88,89,91" machi="85" ten="40,8000,1" yaku="1,1,0,1,54,3,53,0" doraHai="121" doraHaiUra="102" who="0" fromWho="0" sc="375,99,185,-43,245,-23,185,-23" /><INIT seed="2,0,0,5,4,98" ten="474,142,222,162" oya="2" hai0="72,112,6,128,55,23,121,9,4,89,70,79,65" hai1="134,12,21,130,131,124,16,67,111,56,105,115,52" hai2="133,84,27,85,34,64,91,14,75,22,38,88,47" hai3="5,95,59,81,116,51,117,87,2,108,129,103,101"/><V104/><F75/><W26/><G108/><T32/><D32/><U107/><E115/><V13/><F104/><W120/><G120/><T113/><D23/><U109/><E67/><V63/><F133/><W97/><G129/><N who="1" m="49162" /><E124/><V132/><F132/><W37/><G37/><T78/><D89/><U24/><E134/><V119/><F119/><W46/><G59/><T15/><D55/><U74/><E74/><V60/><F34/><W71/><G71/><T118/><D15/><N who="2" m="5642" /><F47/><W7/><G26/><T61/><D6/><U11/><E107/><V29/><F38/><W93/><G116/><T86/><D65/><U53/><E105/><V19/><F19/><W62/><G62/><N who="2" m="23593" /><F64/><W45/><G2/><T125/><D72/><U44/><E44/><N who="3" m="17002" /><G51/><T25/><D70/><U39/><E39/><V41/><F41/><W127/><G117/><T123/><D118/><U40/><E40/><V18/><F18/><W92/><G127/><T10/><D125/><U110/><E56/><V33/><F33/><W66/><G66/><T20/><D128/><U106/><E106/><V49/><F49/><W122/><G122/><T58/><D123/><U17/><AGARI ba="0,0" hai="11,12,16,17,21,24,52,53,109,110,111" m="49162" machi="17" ten="40,8000,1" yaku="14,1,19,1,54,2" doraHai="98" who="1" fromWho="1" sc="474,-20,142,80,222,-40,162,-20" /><INIT seed="3,0,0,2,5,87" ten="454,222,182,142" oya="3" hai0="16,114,24,111,113,90,82,93,17,77,85,34,122" hai1="12,132,33,58,74,51,96,35,79,60,3,7,41" hai2="37,121,129,106,48,5,83,98,6,19,26,119,84" hai3="42,23,89,105,20,107,32,43,50,10,18,81,46"/><W108/><G32/><T95/><D111/><U127/><E3/><V56/><F37/><W100/><G108/><T117/><D122/><U134/><E127/><V64/><F119/><W72/><G43/><T128/><D128/><U38/><E38/><V27/><F121/><W25/><G72/><T44/><D95/><U61/><E96/><V101/><F129/><W86/><G100/><T68/><D68/><U124/><E124/><V54/><F64/><W73/><G73/><T22/><D34/><N who="1" m="12811" /><E51/><V120/><F120/><W59/><G10/><T57/><D57/><U1/><E1/><V65/><F65/><W94/><G94/><T21/><D44/><U70/><E58/><V103/><F103/><W67/><REACH who="3" step="1"/><G23/><REACH who="3" ten="454,222,182,132" step="2"/><T116/><D117/><U118/><E41/><V125/><F125/><W126/><G126/><T75/><D116/><U92/><E92/><V45/><F106/><W135/><G135/><T14/><AGARI ba="0,1" hai="14,16,17,21,22,24,75,77,82,85,90,93,113,114" machi="14" ten="30,4000,0" yaku="0,1,52,1,54,1" doraHai="87" who="0" fromWho="0" sc="454,50,222,-10,182,-10,132,-20" owari="504,60.4,212,1.2,172,-22.8,112,-38.8" /></mjloggm>