<mjloggm ver="2.3"><GO type="225" lobby="0"/><UN n0="%6D%75%75%6D%75%72%61" n1="%E6%A1%9C%E8%8A%B1%E9%96%83%E3%80%85" n2="%E8%81%B7%E6%A5%AD%E3%80%81%E9%A2%A8%32" n3="%E5%AF%82%E5%AF%9E%E3%82%AE%E3%83%8D%E3%82%B9%E3%83%93%E3%83%BC%E3%83%AB" dan="16,17,16,16" rate="2144.28,2115.50,2161.51,2104.16" sx="F,M,M,M"/><TAIKYOKU oya="0"/><INIT seed="0,0,0,2,1,103" ten="250,250,250,250" oya="0" hai0="133,106,52,41,119,71,118,126,112,107,37,99,95" hai1="51,66,81,116,89,131,5,33,72,53,100,59,55" hai2="9,129,12,17,101,62,27,97,104,102,29,60,20" hai3="73,14,82,13,83,56,134,94,2,43,32,113,64"/><T117/><D112/><U45/><E116/><V61/><REACH who="2" step="1"/><F102/><REACH who="2" ten="250,250,240,250" step="2"/><W120/><G113/><T70/><D118/><U86/><E100/><V130/><AGARI ba="0,1" hai="9,12,17,20,27,29,60,61,62,97,101,104,129,130" machi="130" ten="30,8000,1" yaku="21,2,2,1,0,1,52,1,53,0" doraHai="103" doraHaiUra="49" who="2" fromWho="2" sc="250,-40,250,-20,240,90,250,-20" /><INIT seed="1,0,0,4,2,100" ten="210,230,330,230" oya="1" hai0="128,130,103,119,47,8,85,9,82,77,13,81,5" hai1="28,16,117,76,111,7,22,87,12,57,123,99,98" hai2="79,74,68,37,52,44,27,54,3,25,43,127,95" hai3="67,94,78,15,116,41,20,65,112,104,75,32,38"/><U124/><E117/><V107/><F107/><W10/><G112/><T26/><D119/><U14/><E123/><V69/><F127/><W35/><G116/><T36/><D103/><U91/><E124/><V18/><F3/><W39/><G94/><T48/><D36/><U63/><E111/><V70/><F95/><W83/><G20/><T0/><D26/><U61/><E76/><V45/><F18/><W33/><G104/><T122/><D122/><U53/><E61/><V102/><F102/><W73/><G73/><T29/><D29/><U88/><E28/><V121/><F121/><W114/><G114/><T58/><D58/><U118/><E118/><V11/><F11/><W66/><REACH who="3" step="1"/><G41/><REACH who="3" ten="210,230,330,220" step="2"/><T62/><D82/><N who="1" m="49271" /><E91/><V113/><F113/><W23/><G23/><T96/><D96/><U50/><E63/><V126/><F126/><W135/><G135/><T59/><D62/><U2/><E2/><V89/><F74/><W90/><G90/><T101/><D101/><U105/><E105/><V40/><F89/><W71/><G71/><T108/><D0/><U60/><E60/><V34/><F34/><W92/><G92/><T125/><D125/><U64/><E64/><V49/><F79/><W1/><G1/><T46/><D77/><U19/><E99/><V97/><F97/><W31/><G31/><T80/><D80/><U55/><E98/><V120/><F120/><W4/><AGARI ba="0,1" hai="4,10,15,32,33,35,38,39,65,66,67,75,78,83" machi="4" ten="40,2700,0" yaku="1,1,0,1,53,0" doraHai="100" doraHaiUra="132" who="3" fromWho="3" sc="210,-7,230,-13,330,-7,220,37" /><INIT seed="2,0,0,2,0,62" ten="203,217,323,257" oya="2" hai0="105,40,90,26,91,103,50,45,95,98,36,120,20" hai1="55,130,110,84,127,124,87,28,70,58,134,57,69" hai2="72,97,46,1,108,128,119,131,102,48,51,74,79" hai3="125,11,100,68,114,88,0,8,6,67,54,59,33"/><V37/><F119/><W66/><G68/><N who="1" m="26218" /><E28/><V76/><F1/><W82/><G33/><T56/><D120/><U85/><E110/><V126/><F37/><W89/><G125/><N who="1" m="48202" /><E134/><V5/><F5/><W34/><G34/><T15/><D15/><U16/><E130/><N who="2" m="49707" /><F51/><N who="3" m="31199" /><G0/><T93/><D36/><U71/><N who="1" m="26226" /><U19/><DORA hai="133" /><E58/><V123/><F108/><W94/><G114/><T23/><D56/><U101/><E101/><V106/><F123/><W99/><G100/><T41/><D26/><U47/><E47/><V42/><F126/><W115/><G115/><T10/><D103/><U92/><E92/><V12/><F46/><W73/><G73/><T27/><D27/><U75/><E75/><V17/><F74/><W53/><G94/><T65/><D45/><U113/><E113/><V117/><F72/><W77/><G82/><T63/><D105/><U129/><E129/><V29/><F106/><W86/><G67/><T60/><D65/><U96/><E96/><V83/><F97/><W122/><G66/><T30/><D98/><U3/><E3/><V9/><F102/><W104/><G122/><T32/><D32/><U109/><E109/><V13/><F29/><W78/><G104/><T18/><D30/><U35/><E35/><V81/><F83/><W135/><G99/><T64/><D64/><U43/><E43/><V118/><F81/><W107/><G107/><T116/><D40/><U22/><E22/><V111/><F111/><W31/><G31/><T21/><D41/><U25/><E25/><V14/><F42/><W7/><G135/><T2/><D2/><RYUUKYOKU ba="0,0" sc="203,-10,217,30,323,-10,257,-10" hai1="16,19,55,57,84,85,87" /><INIT seed="3,1,0,0,0,84" ten="193,247,313,247" oya="3" hai0="93,125,30,38,99,98,122,24,46,130,126,6,68" hai1="12,107,19,95,101,62,85,21,71,1,72,2,50" hai2="116,55,78,22,106,92,132,94,66,112,64,131,48" hai3="8,88,29,59,114,117,124,15,105,67,110,40,17"/><W32/><G114/><T18/><D122/><U73/><E107/><V104/><F116/><W96/><G117/><T100/><D68/><U52/><E62/><V0/><F0/><W119/><G119/><T134/><D134/><U83/><E71/><V60/><F112/><W33/><G124/><T108/><D108/><U16/><E1/><V43/><F43/><W20/><G40/><T36/><D130/><U5/><E2/><V3/><F3/><W23/><G110/><T86/><D6/><U54/><E5/><V91/><F78/><W103/><G33/><T102/><D18/><N who="1" m="10439" /><E73/><V13/><F60/><W82/><G59/><T80/><D46/><N who="1" m="27735" /><E54/><V26/><F131/><W35/><G67/><T27/><D80/><U89/><E72/><V65/><F132/><W61/><G61/><T121/><D121/><U58/><E58/><V34/><F34/><W28/><G35/><T120/><D120/><U31/><E31/><V10/><F104/><W87/><REACH who="3" step="1"/><G29/><REACH who="3" ten="193,247,313,237" step="2"/><T127/><D30/><U70/><E70/><V76/><F64/><W53/><G53/><T14/><D126/><U129/><E129/><V133/><F55/><W42/><G42/><T45/><D125/><U9/><E9/><V74/><F10/><W111/><G111/><T11/><D127/><U25/><E25/><AGARI ba="1,1" hai="8,15,17,20,23,25,28,32,82,87,88,96,103,105" machi="25" ten="40,7700,0" yaku="1,1,52,1,54,1,53,0" doraHai="84" doraHaiUra="123" who="3" fromWho="1" sc="193,0,247,-80,313,0,237,90" owari="193,-20.7,167,-33.3,313,11.3,327,42.7" /></mjloggm>