<mjloggm ver="2.3"><GO type="225" lobby="0"/><UN n0="%43%68%65" n1="%4C%4F%4C%49%54%41" n2="%E3%81%9F%E3%81%A3%E3%81%A1%E3%82%87" n3="%73%69%72%6F%75%74" dan="16,16,16,16" rate="2140.50,2200.90,2085.16,2144.51" sx="M,F,M,M"/><TAIKYOKU oya="0"/><INIT seed="0,0,0,2,1,102" ten="250,250,250,250" oya="0" hai0="70,122,63,104,85,36,101,15,10,40,96,116,61" hai1="128,69,5,109,50,3,74,45,93,126,26,48,32" hai2="119,134,72,47,18,87,9,110,41,79,22,54,97" hai3="133,51,2,103,31,95,68,108,37,99,52,13,56"/><T94/><D116/><U114/><E74/><V113/><F72/><W24/><G2/><T14/><D122/><U34/><E69/><V7/><F113/><W86/><G108/><T57/><D70/><U21/><E109/><V17/><F134/><W117/><G68/><T39/><D63/><U105/><E126/><V100/><F54/><W38/><G133/><T88/><D40/><U80/><E80/><V121/><F121/><W91/><G117/><T35/><D35/><U8/><E128/><V65/><F65/><W92/><REACH who="3" step="1"/><G13/><REACH who="3" ten="250,250,250,240" step="2"/><T132/><D132/><U84/><E3/><V23/><F119/><W55/><G55/><T4/><D15/><U67/><E114/><V81/><F110/><W0/><G0/><T59/><D59/><U112/><E112/><V1/><F17/><W107/><G107/><T127/><D127/><U60/><E105/><V30/><F18/><W115/><G115/><T58/><D57/><U62/><E67/><AGARI ba="0,1" hai="4,10,14,36,39,58,61,67,85,88,94,96,101,104" machi="67" ten="30,5800,0" yaku="7,1,52,1,54,1" doraHai="102" who="0" fromWho="1" sc="250,68,250,-58,250,0,240,0" /><INIT seed="0,1,0,1,2,103" ten="318,192,250,240" oya="0" hai0="2,122,91,129,100,72,49,118,128,36,46,127,45" hai1="87,99,12,20,110,32,54,130,102,57,65,82,68" hai2="73,53,42,31,98,97,21,84,115,66,89,26,11" hai3="113,101,112,41,104,69,83,119,3,107,43,125,18"/><T28/><D118/><U55/><E32/><V0/><F115/><N who="3" m="44107" /><G101/><T123/><D2/><U15/><E110/><V30/><F73/><W76/><G3/><T85/><D72/><U25/><E130/><N who="0" m="50281" /><D127/><U17/><E68/><V64/><F30/><W74/><G18/><T34/><D100/><U27/><E65/><V59/><F42/><W77/><G41/><N who="0" m="22695" /><D28/><U116/><E116/><V93/><F11/><W67/><G43/><N who="0" m="24799" /><D34/><U94/><E12/><V37/><F0/><W126/><G119/><T111/><D111/><U79/><REACH who="1" step="1"/><E54/><REACH who="1" ten="318,182,250,240" step="2"/><V134/><F53/><W13/><G13/><T14/><D14/><U51/><AGARI ba="1,1" hai="15,17,20,25,27,51,55,57,79,82,87,94,99,102" machi="51" ten="20,12000,2" yaku="1,1,2,1,0,1,7,1,8,1,53,1" doraHai="103" doraHaiUra="48" who="1" fromWho="1" sc="318,-61,182,133,250,-31,240,-31" /><INIT seed="1,0,0,1,5,126" ten="257,315,219,209" oya="1" hai0="25,75,90,55,83,135,12,49,106,4,86,66,47" hai1="131,67,115,79,110,9,69,87,96,72,43,10,39" hai2="3,18,80,24,15,26,28,114,103,44,21,130,59" hai3="27,6,99,98,31,14,40,123,11,85,104,70,13"/><U50/><E115/><V74/><F114/><W93/><G123/><T68/><D135/><U17/><E72/><V102/><F3/><W34/><G40/><T41/><D106/><U73/><E73/><V65/><F44/><W52/><G70/><T76/><D25/><U38/><E69/><V82/><F130/><W19/><G104/><T35/><D35/><U116/><E67/><V16/><F74/><W117/><G117/><T107/><D107/><U36/><E96/><V64/><F59/><W32/><G32/><T22/><D66/><U53/><E43/><V113/><F113/><W101/><G98/><T78/><D68/><U121/><E121/><V58/><F58/><W23/><G85/><T94/><D78/><U105/><E105/><V91/><F15/><W95/><G95/><T109/><D109/><U122/><E116/><V56/><F56/><W51/><G51/><T63/><D63/><U118/><E131/><V33/><F33/><W48/><G48/><T120/><D120/><U0/><E110/><V108/><F108/><W133/><REACH who="3" step="1"/><G52/><REACH who="3" ten="257,315,219,199" step="2"/><T29/><D55/><U8/><E118/><V132/><F21/><W45/><G45/><T30/><D22/><U77/><E122/><V119/><F119/><W54/><G54/><T71/><D71/><U88/><E53/><V60/><F60/><W100/><G100/><T5/><D41/><U128/><E50/><V92/><F92/><W46/><G46/><T20/><D47/><U129/><E129/><V97/><F97/><W37/><G37/><T111/><D111/><U81/><E128/><V1/><F102/><RYUUKYOKU ba="0,1" sc="257,-10,315,-10,219,-10,199,30" hai3="6,11,13,14,19,23,27,31,34,93,99,101,133" /><INIT seed="2,1,1,1,1,109" ten="247,305,209,229" oya="2" hai0="107,87,13,57,120,60,39,11,128,77,56,112,94" hai1="95,20,40,76,91,125,93,7,82,50,46,59,10" hai2="85,52,55,110,69,37,0,96,80,27,3,24,90" hai3="48,8,26,9,25,111,15,70,67,106,78,130,44"/><V104/><F37/><W129/><G106/><T118/><D107/><U102/><E125/><V114/><F69/><W133/><G78/><T33/><D33/><U61/><E102/><V19/><F110/><W101/><G101/><T1/><D1/><U68/><E20/><N who="2" m="13343" /><F104/><W31/><G111/><T73/><D39/><U97/><E68/><V6/><F0/><W122/><G122/><T71/><D71/><U74/><E97/><V123/><F114/><W12/><G133/><T38/><D38/><U36/><E91/><N who="2" m="51623" /><F3/><W65/><G70/><T126/><D73/><U75/><E50/><V47/><F6/><W43/><G129/><T134/><D128/><U103/><E103/><V63/><F123/><W108/><G108/><T119/><D120/><U14/><REACH who="1" step="1"/><E74/><REACH who="1" ten="247,295,209,229" step="2"/><V113/><F113/><W100/><G100/><T16/><D112/><U117/><E117/><V29/><F63/><W131/><G130/><T51/><D126/><U2/><E2/><V49/><F49/><W116/><G131/><T115/><D115/><U41/><E41/><V98/><F47/><W4/><G116/><T30/><D119/><U17/><E17/><V21/><F90/><W135/><G135/><T42/><D134/><U99/><E99/><AGARI ba="1,2" hai="21,27,29,52,55,96,98,99" m="51623,13343" machi="99" ten="30,2900,0" yaku="8,1,54,1" doraHai="109" who="2" fromWho="1" sc="247,0,295,-32,209,52,229,0" /><INIT seed="2,2,0,3,1,44" ten="247,263,261,229" oya="2" hai0="120,122,92,22,128,16,5,29,103,42,25,133,57" hai1="124,123,132,104,71,47,30,105,50,94,27,96,67" hai2="18,19,58,65,38,45,74,108,131,83,121,4,32" hai3="40,106,134,127,2,87,26,98,115,135,7,100,14"/><V109/><F121/><W119/><G119/><T0/><D133/><N who="3" m="50697" /><G127/><T107/><D107/><U63/><E132/><V89/><F32/><W41/><G115/><T69/><D69/><U33/><E124/><V64/><F131/><W20/><G2/><T37/><D128/><U28/><E28/><V70/><F4/><W112/><G112/><T15/><D37/><U88/><REACH who="1" step="1"/><E123/><REACH who="1" ten="247,253,261,229" step="2"/><V85/><F108/><W102/><G102/><T17/><D29/><U117/><E117/><V56/><F109/><W125/><G125/><T11/><D103/><U1/><E1/><V48/><F38/><W6/><G6/><T9/><D122/><U84/><E84/><V21/><F74/><W43/><G87/><T110/><D120/><U75/><E75/><V34/><F34/><W35/><G35/><T13/><D110/><U77/><E77/><V12/><F18/><N who="3" m="10327" /><G7/><T23/><D5/><U39/><E39/><V114/><F114/><W99/><G98/><T101/><D0/><U49/><E49/><V10/><F48/><W60/><G60/><T3/><D3/><U81/><E81/><V53/><F83/><W90/><G90/><T79/><D79/><U62/><E62/><N who="2" m="37959" /><F85/><W72/><G72/><T52/><D17/><U73/><E73/><V129/><F89/><W66/><G99/><T130/><D130/><U116/><E116/><V31/><F129/><W46/><G100/><T95/><D101/><U78/><E78/><V82/><F82/><W24/><G106/><T80/><D80/><U118/><E118/><V126/><F126/><W59/><G46/><T93/><D16/><RYUUKYOKU ba="2,1" sc="247,-15,253,15,261,-15,229,15" hai1="27,30,33,47,50,63,67,71,88,94,96,104,105" hai3="24,26,40,41,43,59,66" /><INIT seed="3,3,1,0,3,81" ten="232,268,246,244" oya="3" hai0="95,98,72,16,39,55,80,61,69,59,66,28,93" hai1="111,29,47,94,103,71,77,22,119,129,10,87,112" hai2="30,92,122,79,46,74,97,31,130,50,57,120,3" hai3="109,41,23,53,12,106,19,4,134,43,38,132,42"/><W49/><G106/><T127/><D127/><U5/><E112/><V68/><F68/><W34/><G34/><T20/><D39/><U21/><E71/><V63/><F3/><W115/><G115/><T99/><D28/><U114/><E114/><V14/><F130/><W70/><G70/><T58/><D69/><U123/><E123/><V75/><F14/><W54/><G109/><T44/><D44/><U65/><E65/><N who="2" m="39151" /><F75/><W83/><G38/><T108/><D108/><U105/><E105/><V117/><F79/><W48/><G4/><T8/><D8/><U110/><E29/><V1/><F117/><W6/><G6/><T7/><D7/><U85/><E129/><V32/><F74/><W9/><G9/><T131/><D131/><U88/><E47/><V26/><F1/><W107/><G107/><T64/><D80/><N who="1" m="47247" /><E103/><N who="2" m="60839" /><F31/><W13/><G12/><N who="0" m="9223" /><D72/><U52/><E119/><V67/><F32/><W116/><G116/><T33/><D33/><U27/><E110/><V73/><F73/><W124/><G124/><T24/><D24/><U121/><E111/><V40/><F120/><W35/><G35/><T125/><D125/><U78/><E121/><V113/><F122/><W135/><G83/><T91/><D59/><U90/><E5/><V89/><F113/><W15/><G13/><T96/><D95/><U133/><E94/><V102/><F26/><W36/><G36/><T37/><D37/><U100/><E27/><V101/><F30/><W56/><G56/><T128/><D128/><U0/><E0/><V51/><F46/><W11/><G11/><T82/><D82/><RYUUKYOKU ba="3,1" sc="232,15,268,-15,246,-15,244,15" hai0="55,58,61,64,66,91,93,96,98,99" hai3="15,19,23,41,42,43,48,49,53,54,132,134,135" /><INIT seed="3,4,1,2,5,107" ten="247,253,231,259" oya="3" hai0="31,123,132,9,125,57,47,101,26,111,108,35,67" hai1="16,77,96,69,104,36,129,0,10,50,32,81,88" hai2="103,130,113,8,124,131,80,85,134,70,127,54,29" hai3="93,73,24,40,83,58,2,30,42,82,17,90,34"/><W117/><G2/><T78/><D123/><U46/><E69/><V87/><F70/><W66/><G117/><T89/><D125/><N who="2" m="48202" /><F113/><W105/><G105/><T37/><D132/><U15/><E32/><V119/><F119/><W28/><G73/><T63/><D89/><U12/><E0/><V19/><F29/><N who="3" m="11371" /><G34/><T91/><D101/><U102/><E129/><N who="2" m="49163" /><F103/><W121/><G121/><T3/><D91/><U97/><E36/><V74/><F54/><W68/><G68/><T55/><D78/><U72/><E88/><V49/><F49/><W122/><G122/><T39/><D55/><U71/><E71/><V76/><F134/><W86/><G58/><T43/><D39/><U120/><E120/><V79/><F79/><W61/><G61/><T22/><D35/><U114/><E114/><V62/><F62/><W60/><G60/><T20/><D111/><U4/><E102/><V115/><F115/><W110/><G66/><T25/><D108/><U126/><E126/><V98/><F98/><W65/><G65/><T99/><D99/><U5/><E104/><V94/><F94/><W27/><G110/><T14/><D67/><U135/><E135/><V23/><F8/><W38/><G38/><T18/><D63/><U116/><E116/><V45/><F45/><W100/><G100/><T13/><D57/><U59/><E59/><V75/><F87/><W106/><G106/><T118/><D118/><U109/><E109/><V6/><F6/><W51/><G40/><T53/><D53/><N who="1" m="29911" /><E4/><V56/><F56/><W11/><G42/><T48/><D37/><U7/><E5/><AGARI ba="4,1" hai="3,5,9,13,14,18,20,22,25,26,31,43,47,48" machi="5" ten="40,1300,0" yaku="6,1" doraHai="107" who="0" fromWho="1" sc="247,35,253,-25,231,0,259,0" /><INIT seed="4,0,0,2,0,52" ten="282,228,231,259" oya="0" hai0="0,119,100,93,25,128,81,69,71,21,65,123,17" hai1="3,130,19,31,33,74,66,78,29,7,114,34,14" hai2="55,106,129,62,77,1,98,45,8,122,135,51,59" hai3="43,67,56,96,121,103,115,133,79,61,32,13,58"/><T76/><D119/><U84/><E74/><V28/><F122/><W73/><G43/><T107/><D107/><U5/><E130/><V12/><F129/><W125/><G79/><T132/><D123/><U88/><E114/><V108/><F108/><W46/><G46/><T42/><D0/><U102/><E78/><V35/><F135/><W89/><G121/><T83/><D128/><U105/><E3/><V26/><F1/><W127/><G73/><T49/><D132/><U104/><E66/><V15/><F77/><W95/><G133/><T22/><D83/><U97/><E105/><V16/><F15/><W70/><G32/><T60/><D22/><U99/><E99/><V117/><F117/><W6/><G115/><T87/><D100/><U57/><E57/><V40/><REACH who="2" step="1"/><F106/><REACH who="2" ten="282,228,221,259" step="2"/><W37/><G13/><T131/><D131/><U30/><E5/><V134/><F134/><W113/><G6/><T101/><D76/><U118/><E7/><V18/><F18/><W91/><G113/><T63/><D17/><U85/><E118/><V47/><F47/><W86/><G127/><T54/><D25/><U53/><E19/><V38/><F38/><W23/><G37/><T124/><D124/><U68/><E14/><V120/><F120/><W27/><G125/><T4/><D4/><U36/><E36/><V2/><F2/><W11/><G11/><T109/><D109/><U92/><E104/><V72/><F72/><W90/><G86/><T112/><D87/><U126/><E84/><V111/><F111/><W44/><G44/><T39/><D39/><U110/><E126/><RYUUKYOKU ba="0,1" sc="282,-15,228,-15,221,15,259,15" hai2="8,12,16,26,28,35,40,45,51,55,59,62,98" hai3="23,27,56,58,61,67,70,89,90,91,95,96,103" /><INIT seed="5,1,1,0,0,100" ten="267,213,236,274" oya="1" hai0="28,118,14,26,3,0,93,18,33,2,113,106,7" hai1="132,75,45,59,110,5,108,87,78,129,47,81,16" hai2="55,109,94,57,36,50,96,9,123,112,134,34,27" hai3="19,15,80,62,38,52,126,20,72,85,63,116,133"/><U17/><E129/><V103/><F109/><N who="1" m="42089" /><E132/><V115/><F123/><W97/><G38/><T51/><D106/><U92/><E5/><V35/><F134/><W42/><G72/><T95/><D118/><U76/><E59/><V48/><F36/><W122/><G122/><T124/><D113/><N who="2" m="43594" /><F27/><W60/><G42/><T24/><D124/><U121/><E121/><V130/><F130/><W79/><G126/><T127/><D127/><U49/><E47/><N who="2" m="28063" /><F9/><W88/><G133/><T104/><D26/><U107/><E107/><V31/><F31/><W54/><G116/><T10/><D104/><U21/><E92/><AGARI ba="1,1" hai="15,19,20,52,54,60,62,63,79,80,85,88,92,97" machi="92" ten="40,5200,0" yaku="8,1,54,2" doraHai="100" who="3" fromWho="1" sc="267,0,213,-55,236,0,274,65" owari="267,6.7,158,-34.2,236,-16.4,339,43.9" /></mjloggm>