<mjloggm ver="2.3"><GO type="225" lobby="0"/><UN n0="%E6%B0%B7%E5%B7%9D%E9%87%8C%E5%A5%88" n1="%E3%82%BC%E3%83%AB%E3%83%80%E3%81%AE%E4%BC%9D%E8%AA%AC" n2="%E5%8F%AF%E5%85%90%E9%82%A3%E7%94%B1%E5%A4%9A" n3="%4C%4F%4C%49%54%41" dan="16,17,16,16" rate="2131.64,2211.39,2240.85,2178.53" sx="F,M,F,F"/><TAIKYOKU oya="0"/><INIT seed="0,0,0,4,3,28" ten="250,250,250,250" oya="0" hai0="127,52,54,11,106,84,37,117,5,32,10,49,27" hai1="47,103,20,97,128,3,100,101,131,130,78,9,15" hai2="14,42,94,64,113,63,25,91,120,23,7,77,66" hai3="35,133,68,93,99,50,33,57,61,104,71,69,124"/><T24/><D117/><U45/><E78/><V19/><F120/><W18/><G104/><T43/><D106/><U70/><E70/><V44/><F113/><W1/><G1/><T111/><D127/><U98/><E3/><V110/><F110/><W51/><G124/><T67/><D67/><U36/><E20/><V126/><F126/><W60/><G133/><T74/><D74/><U119/><E119/><V31/><F77/><W125/><G125/><T122/><D122/><U129/><N who="1" m="32768" /><DORA hai="48" /><U107/><E36/><V56/><F7/><W80/><G80/><T82/><D111/><U115/><E115/><V17/><F66/><W76/><G18/><T90/><D37/><U29/><E29/><V75/><F75/><W88/><G76/><T85/><D85/><U134/><E134/><V109/><F109/><W73/><G61/><T92/><D82/><U41/><E41/><V123/><F123/><W39/><G39/><T114/><D114/><U72/><E72/><V2/><F2/><W87/><G87/><T13/><D11/><U79/><E79/><V89/><F94/><W40/><G73/><T95/><D95/><N who="1" m="58431" /><E101/><V96/><F96/><W59/><G40/><T135/><D135/><U62/><E62/><V118/><F118/><W22/><G22/><T108/><D108/><U81/><E81/><V6/><F31/><W21/><G21/><T83/><D83/><U34/><E34/><N who="3" m="12810" /><G60/><T102/><D102/><U65/><E65/><V26/><F23/><W0/><G0/><T86/><D86/><U53/><E53/><N who="0" m="20585" /><D32/><U46/><E9/><N who="2" m="4407" /><F64/><W12/><G12/><AGARI ba="0,0" hai="12,15,45,46,47,98,103,107" m="58431,32768" machi="12" ten="60,3900,0" yaku="6,1,19,1" doraHai="28,48" who="1" fromWho="3" sc="250,0,250,39,250,0,250,-39" /><INIT seed="1,0,0,4,5,134" ten="250,289,250,211" oya="1" hai0="9,75,19,125,110,53,88,12,5,93,114,97,92" hai1="33,64,58,133,27,117,87,57,0,107,135,48,81" hai2="16,102,123,25,98,42,39,71,119,94,67,82,49" hai3="103,65,51,70,118,45,95,40,121,23,28,37,69"/><U46/><E117/><V91/><F119/><W72/><G118/><T109/><D114/><U115/><E107/><V15/><F123/><W132/><G121/><T21/><D75/><U41/><E0/><V86/><F39/><W126/><G72/><T6/><D6/><U44/><E115/><V113/><F113/><W100/><G132/><N who="1" m="50762" /><E64/><V31/><F71/><W90/><G126/><T26/><D125/><U120/><E120/><V85/><F67/><W101/><G65/><T8/><D8/><U38/><E27/><V22/><F85/><W13/><G37/><T79/><D79/><N who="1" m="46527" /><E33/><V73/><F73/><W1/><G1/><T47/><D47/><U78/><E78/><V99/><F99/><W80/><G80/><T106/><D106/><U36/><E36/><V2/><F2/><W14/><G69/><T112/><D112/><U56/><E56/><V130/><F130/><W74/><G70/><T131/><D131/><U116/><E116/><V63/><F63/><W128/><G74/><T18/><D5/><U7/><E7/><V84/><F84/><N who="3" m="52679" /><G128/><T60/><D93/><U11/><E11/><V20/><F49/><W127/><G127/><T50/><D50/><U59/><E59/><AGARI ba="0,0" hai="9,12,18,19,21,26,53,59,60,88,92,97,109,110" machi="59" ten="40,5200,0" yaku="25,2,54,1" doraHai="134" who="0" fromWho="1" sc="250,52,289,-52,250,0,211,0" /><INIT seed="2,0,0,2,5,77" ten="302,237,250,211" oya="2" hai0="55,96,46,124,39,112,69,44,40,71,2,50,97" hai1="126,45,110,62,65,60,37,83,6,47,28,18,85" hai2="130,93,38,104,81,10,34,41,64,4,22,111,16" hai3="49,25,122,135,86,1,95,90,106,118,117,53,73"/><V9/><F104/><W8/><G122/><T35/><D35/><U116/><E110/><V11/><F34/><W7/><G135/><T14/><D2/><U57/><E116/><V91/><F130/><W75/><G106/><T31/><D31/><U26/><E126/><V54/><F111/><W94/><G94/><T29/><D29/><U92/><E6/><V3/><F64/><W36/><G36/><T129/><D112/><U76/><E37/><V132/><F132/><W0/><G1/><T80/><D124/><U63/><E18/><V48/><F38/><W17/><G25/><T78/><D129/><U21/><E92/><V88/><F41/><W33/><G33/><T42/><D55/><U24/><E24/><V99/><F91/><W103/><G103/><T13/><D71/><U70/><REACH who="1" step="1"/><E60/><REACH who="1" ten="302,227,250,211" step="2"/><V127/><F127/><W123/><G17/><T56/><D39/><U52/><AGARI ba="0,1" hai="21,26,28,45,47,52,57,62,63,65,70,76,83,85" machi="52" ten="20,12000,2" yaku="1,1,2,1,0,1,7,1,52,1,54,1,53,0" doraHai="77" doraHaiUra="30" who="1" fromWho="1" sc="302,-30,227,130,250,-60,211,-30" /><INIT seed="3,0,0,2,3,51" ten="272,357,190,181" oya="3" hai0="86,63,105,101,25,108,81,65,69,1,29,97,30" hai1="107,66,70,20,134,130,68,82,116,96,10,92,36" hai2="39,11,74,110,122,111,103,5,60,14,79,64,41" hai3="132,22,47,102,13,23,117,53,106,46,83,84,119"/><W114/><G114/><T87/><D1/><U58/><E36/><V59/><F122/><W85/><G132/><T52/><D108/><N who="2" m="41514" /><F103/><W16/><G23/><T135/><D135/><U78/><E70/><V7/><F7/><W123/><G123/><T77/><D87/><U0/><E92/><V113/><F113/><W120/><G120/><T48/><REACH who="0" step="1"/><D25/><REACH who="0" ten="262,357,190,181" step="2"/><U17/><E0/><V9/><F74/><W55/><G85/><T98/><D98/><U42/><E96/><V54/><F79/><W99/><G46/><AGARI ba="0,1" hai="29,30,46,48,52,63,65,69,77,81,86,97,101,105" machi="46" ten="30,7700,0" yaku="1,1,7,1,52,1,54,1,53,0" doraHai="51" doraHaiUra="12" who="0" fromWho="3" sc="262,87,357,0,190,0,181,-77" owari="349,14.9,357,45.7,190,-21.0,104,-39.6" /></mjloggm>