<mjloggm ver="2.3"><GO type="225" lobby="0"/><UN n0="%6C%61%6D%62" n1="%E4%B8%89%E5%88%86%E5%B0%8F%E5%83%A7" n2="%E6%98%93%E5%88%A9%E8%96%A9%E4%BC%AF" n3="%E5%AE%AE%E4%BF%9D%E9%B6%8F%E8%82%89" dan="16,16,16,16" rate="2201.86,2076.87,2083.86,2086.32" sx="M,M,F,M"/><TAIKYOKU oya="0"/><INIT seed="0,0,0,1,1,64" ten="250,250,250,250" oya="0" hai0="56,66,129,120,40,95,106,78,53,3,57,18,116" hai1="62,90,59,75,84,125,68,83,15,26,131,103,74" hai2="52,5,96,87,109,25,7,99,4,69,105,86,128" hai3="127,100,123,102,65,54,33,67,10,8,37,49,0"/><T41/><D116/><U12/><E125/><V76/><F109/><W126/><G37/><T113/><D113/><U98/><E131/><V130/><F25/><W119/><G33/><T58/><D106/><U118/><E118/><V30/><F30/><W117/><G49/><T88/><D3/><U35/><E12/><V47/><F76/><W108/><G0/><T71/><D120/><U6/><E6/><V32/><F32/><W20/><G20/><T44/><D78/><U91/><E91/><V60/><F105/><W77/><G77/><T38/><D41/><U23/><E15/><V27/><F27/><W107/><G107/><T110/><D129/><N who="2" m="49770" /><F47/><W42/><G54/><T45/><D18/><U55/><E68/><V101/><F101/><W31/><G42/><T112/><D112/><U72/><E35/><V50/><F50/><W39/><G31/><T51/><D110/><U80/><E103/><V85/><F52/><W24/><G24/><T81/><D81/><U21/><E98/><N who="2" m="37419" /><F60/><W9/><G108/><T43/><D88/><U82/><REACH who="1" step="1"/><E21/><REACH who="1" ten="250,240,250,250" step="2"/><V121/><F69/><W61/><G8/><T104/><D104/><U22/><E22/><V97/><F97/><W28/><G123/><AGARI ba="0,1" hai="4,5,7,85,86,87,121,123" m="37419,49770" machi="123" ten="40,5200,0" yaku="28,2,19,1" doraHai="64" who="2" fromWho="3" sc="250,0,240,0,250,62,250,-52" /><INIT seed="1,0,0,1,5,114" ten="250,240,312,198" oya="1" hai0="81,70,102,53,104,28,48,125,42,55,126,43,27" hai1="34,12,39,112,124,99,29,101,60,91,20,116,30" hai2="106,26,69,67,133,24,17,79,49,62,14,73,52" hai3="100,56,93,57,65,94,87,120,103,18,25,128,7"/><U86/><E112/><V82/><F106/><W63/><G120/><T15/><D70/><U105/><E124/><N who="0" m="47721" /><D15/><U83/><E39/><V23/><REACH who="2" step="1"/><F133/><REACH who="2" ten="250,240,302,198" step="2"/><W54/><G128/><T66/><D104/><U74/><E34/><V71/><F71/><W59/><G7/><T98/><D66/><U108/><E108/><V3/><F3/><W47/><G65/><T80/><D43/><U19/><E116/><V4/><F4/><W38/><G54/><T90/><D42/><U97/><E97/><V123/><F123/><W37/><G103/><T119/><D55/><U92/><REACH who="1" step="1"/><E60/><REACH who="1" ten="250,230,302,198" step="2"/><V132/><F132/><W96/><G63/><T109/><D119/><U13/><E13/><V111/><F111/><W107/><G96/><T88/><D109/><U31/><E31/><V118/><F118/><W45/><G100/><T78/><D98/><U117/><E117/><V85/><F85/><W72/><G87/><T22/><D102/><U122/><E122/><V36/><F36/><W40/><G37/><T76/><D28/><U95/><E95/><V50/><F50/><W121/><G121/><T46/><D48/><U61/><E61/><V44/><AGARI ba="0,2" hai="14,17,23,24,26,44,49,52,62,67,69,73,79,82" machi="44" ten="20,8000,1" yaku="1,1,0,1,7,1,54,1,53,1" doraHai="114" doraHaiUra="58" who="2" fromWho="2" sc="250,-20,230,-40,302,100,198,-20" /><INIT seed="2,0,0,3,2,11" ten="230,190,402,178" oya="2" hai0="33,20,70,8,81,107,113,49,15,109,74,9,127" hai1="125,131,60,134,98,112,25,100,30,102,97,1,4" hai2="128,3,21,92,14,72,73,54,44,122,110,103,48" hai3="34,118,18,13,121,93,5,40,130,132,23,51,119"/><V35/><F35/><W10/><G121/><T28/><D113/><U68/><E112/><V99/><F3/><W65/><G65/><T108/><D70/><U7/><E125/><V47/><F122/><W12/><G132/><T83/><D107/><U84/><E134/><V26/><F128/><W59/><G130/><T115/><D115/><U96/><E131/><V52/><F14/><W88/><G34/><T38/><D38/><U82/><E68/><V85/><F85/><N who="3" m="52367" /><G40/><T95/><D33/><U45/><E60/><V50/><REACH who="2" step="1"/><F110/><REACH who="2" ten="230,190,392,178" step="2"/><W53/><AGARI ba="0,1" hai="5,10,12,13,18,23,51,53,59,118,119" m="52367" machi="53" ten="30,7900,0" yaku="25,1,52,2,54,1" doraHai="11" who="3" fromWho="3" sc="230,-20,190,-20,392,-39,178,89" /><INIT seed="3,0,0,2,4,76" ten="210,170,353,267" oya="3" hai0="96,15,62,117,107,14,99,51,21,2,111,72,25" hai1="42,89,110,31,88,63,126,9,129,58,133,37,24" hai2="39,43,57,49,8,112,33,80,132,91,54,123,105" hai3="38,23,73,55,60,11,131,90,64,44,87,109,4"/><W28/><G73/><T12/><D2/><U84/><E110/><V30/><F105/><W19/><G28/><T52/><D117/><U35/><E126/><V36/><F112/><W77/><G77/><T17/><D72/><U7/><E129/><V59/><F132/><W83/><G131/><T124/><D111/><U56/><E133/><V82/><F33/><W115/><G115/><T16/><D124/><U108/><E108/><V29/><F39/><W47/><G38/><T70/><D107/><U0/><E63/><V78/><F43/><W104/><G104/><T102/><D102/><U122/><E122/><V92/><F36/><W85/><G55/><T40/><D40/><U125/><E125/><V130/><F123/><W97/><G97/><N who="0" m="37451" /><D70/><U50/><E37/><V135/><F135/><W74/><G74/><T6/><D62/><U32/><E32/><V100/><F100/><W3/><G87/><T118/><D118/><U86/><E86/><N who="2" m="52343" /><F8/><W20/><G20/><N who="0" m="11295" /><D6/><U67/><E67/><V18/><F18/><W113/><G113/><T103/><D103/><U116/><E116/><V27/><F27/><W93/><G93/><T75/><D75/><U101/><E101/><V53/><F130/><W45/><G109/><T127/><D127/><U41/><E89/><V119/><F119/><W5/><G5/><T61/><D61/><U10/><E10/><V26/><F26/><W79/><G90/><T34/><D34/><U121/><E121/><V106/><F106/><W98/><G98/><T22/><D22/><U48/><E42/><V134/><F134/><W13/><G64/><RYUUKYOKU ba="0,0" sc="210,15,170,-15,353,-15,267,15" hai0="12,14,17,21,25,51,52" hai3="3,4,11,13,19,23,44,45,47,60,79,83,85" /><INIT seed="3,1,0,5,0,116" ten="225,155,338,282" oya="3" hai0="35,65,102,103,3,101,7,29,1,26,129,95,72" hai1="4,86,17,19,14,135,71,114,2,64,44,37,48" hai2="41,118,90,49,130,123,78,45,31,119,40,77,56" hai3="84,100,24,0,127,106,16,5,134,50,73,52,11"/><W80/><G73/><T107/><D107/><U63/><E114/><V43/><F130/><W57/><G127/><T36/><D129/><U27/><E135/><V82/><F123/><W18/><G134/><T83/><D36/><U30/><E2/><V110/><F110/><W10/><G10/><T53/><D65/><U81/><E37/><V62/><F31/><W20/><G106/><T91/><D7/><U93/><E4/><V39/><F119/><W33/><G100/><T132/><D132/><U8/><E93/><V94/><F118/><W99/><G99/><T28/><D28/><U42/><E19/><V85/><F39/><W88/><G33/><T67/><D67/><U47/><E47/><V105/><F105/><W76/><G76/><N who="2" m="29289" /><F94/><W38/><G38/><T70/><D70/><U9/><E9/><V51/><F51/><W89/><G89/><T6/><D83/><U96/><E96/><V97/><F97/><W60/><G50/><T58/><D72/><U55/><E42/><V104/><F104/><W69/><G69/><T87/><REACH who="0" step="1"/><D6/><REACH who="0" ten="215,155,338,282" step="2"/><U128/><E128/><V122/><F122/><W75/><G75/><T109/><D109/><U32/><E32/><V13/><F13/><W66/><G66/><AGARI ba="1,1" hai="40,41,43,45,49,56,62,66,82,85,90" m="29289" machi="66" ten="30,1000,0" yaku="8,1" doraHai="116" who="2" fromWho="3" sc="215,0,155,0,338,23,282,-13" owari="215,-18.5,155,-34.5,361,46.1,269,6.9" /></mjloggm>