<mjloggm ver="2.3"><GO type="225" lobby="0"/><UN n0="%E5%A4%8F%E9%88%B4%E9%88%B4%E5%A4%8F" n1="%E6%B8%A9%E2%98%85%E6%83%85%E2%98%85%E6%8E%AA%E2%98%85%E7%BD%AE" n2="%E7%A6%8F%E5%8E%9F%E9%81%A5%E3%81%A8%E7%B5%90%E5%A9%9A%E3%81%99%E3%82%8B" n3="%E3%81%8B%E3%82%8F%E3%81%A1%E3%82%83%E3%82%93%35%38" dan="16,17,17,16" rate="2106.98,2211.67,2124.76,2180.67" sx="M,M,M,M"/><TAIKYOKU oya="0"/><INIT seed="0,0,0,2,2,71" ten="250,250,250,250" oya="0" hai0="7,86,94,78,52,50,122,90,18,34,39,91,67" hai1="12,64,124,33,2,88,0,31,40,35,56,3,48" hai2="17,134,53,41,116,120,36,89,26,82,72,27,58" hai3="38,43,113,19,112,74,131,42,129,73,76,135,106"/><T13/><D122/><U6/><E124/><V63/><F120/><W93/><G19/><T83/><D34/><U28/><E64/><V57/><F134/><W97/><G42/><T69/><D7/><U54/><E40/><V130/><F130/><N who="3" m="49675" /><G106/><T23/><D39/><U123/><E123/><V15/><F116/><W59/><G59/><T10/><D69/><U49/><E49/><V32/><F32/><W55/><G55/><T109/><D67/><U103/><E103/><V46/><F58/><W16/><G135/><T14/><D109/><U68/><E68/><V79/><REACH who="2" step="1"/><F89/><REACH who="2" ten="250,250,240,250" step="2"/><W108/><G108/><T5/><REACH who="0" step="1"/><D94/><REACH who="0" ten="240,250,240,250" step="2"/><U77/><E35/><V25/><F25/><W37/><G93/><T99/><D99/><U65/><E33/><V84/><F84/><W110/><G97/><T114/><D114/><U100/><E65/><V1/><F1/><W132/><G110/><T20/><D20/><AGARI ba="0,2" hai="15,17,20,26,27,36,41,46,53,57,63,72,79,82" machi="20" ten="30,3900,0" yaku="1,1,7,1,52,1,53,0" doraHai="71" doraHaiUra="101" who="2" fromWho="0" sc="240,-39,250,0,240,59,250,0" /><INIT seed="1,0,0,3,4,69" ten="201,250,299,250" oya="1" hai0="75,38,36,12,46,90,22,19,1,93,72,21,8" hai1="82,49,25,23,15,39,94,133,123,128,101,109,95" hai2="118,73,76,102,33,52,121,100,37,13,112,86,70" hai3="88,107,89,5,29,131,84,11,85,125,3,68,28"/><U97/><E123/><V14/><F118/><W9/><G68/><T92/><D92/><U43/><E128/><V129/><F70/><W81/><G125/><T59/><D59/><U79/><E133/><V105/><F33/><W113/><G113/><T4/><D22/><U16/><E109/><V80/><F121/><W32/><G32/><T130/><D130/><U96/><E39/><V34/><F34/><W55/><G107/><T135/><D135/><U66/><E66/><V44/><F129/><W65/><G65/><T17/><D17/><U31/><E43/><V63/><F112/><W103/><G103/><T30/><D30/><U6/><E6/><V41/><F73/><W7/><G55/><T116/><D116/><U24/><E49/><V87/><F87/><W35/><G35/><T57/><D57/><U132/><E132/><V56/><REACH who="2" step="1"/><F100/><REACH who="2" ten="201,250,289,250" step="2"/><W115/><G131/><T77/><D72/><U64/><E64/><V106/><F106/><W18/><G115/><T20/><D75/><U110/><E110/><V2/><F2/><W67/><G67/><T91/><D1/><U83/><E101/><V122/><F122/><W119/><G119/><T26/><D77/><U62/><E79/><V98/><AGARI ba="0,1" hai="13,14,37,41,44,52,56,63,76,80,86,98,102,105" machi="98" ten="30,7900,0" yaku="1,1,0,1,52,1,54,1,53,0" doraHai="69" doraHaiUra="60" who="2" fromWho="2" sc="201,-20,250,-39,289,89,250,-20" /><INIT seed="2,0,0,2,4,127" ten="181,211,378,230" oya="2" hai0="130,85,119,4,132,55,99,56,67,122,60,1,5" hai1="6,3,100,97,24,10,131,71,123,35,52,41,33" hai2="2,58,0,36,16,133,9,89,11,68,93,111,15" hai3="86,110,17,22,126,8,102,64,109,46,103,44,63"/><V45/><F68/><N who="3" m="42015" /><G8/><T75/><D75/><U70/><E41/><V20/><F133/><W118/><G118/><T135/><D122/><U105/><E123/><V34/><F34/><W94/><G126/><T88/><D119/><U117/><E117/><V129/><F129/><W18/><G18/><T114/><D114/><U108/><E131/><V31/><F31/><W69/><G69/><T101/><D130/><U27/><E108/><N who="3" m="41578" /><G86/><T104/><D67/><U42/><E42/><V48/><F36/><W12/><G94/><T40/><D40/><U78/><E78/><V125/><F125/><W26/><G26/><T29/><D29/><U73/><E73/><V7/><F58/><W80/><G80/><T112/><D112/><U30/><E52/><V74/><F74/><W106/><G106/><T23/><D23/><U47/><E47/><AGARI ba="0,0" hai="12,17,22,44,46,47,102,103" m="41578,42015" machi="47" ten="30,1000,0" yaku="14,1" doraHai="127" who="3" fromWho="1" sc="181,0,211,-10,378,0,230,10" /><INIT seed="3,0,0,4,3,21" ten="181,201,378,240" oya="3" hai0="111,42,116,77,123,58,1,82,64,22,57,3,87" hai1="29,103,23,26,27,55,110,59,56,32,108,78,33" hai2="95,80,81,20,11,66,17,93,104,35,52,118,119" hai3="2,34,15,128,14,120,129,39,72,88,89,6,5"/><W117/><G39/><T68/><D116/><U51/><E103/><V74/><F35/><W10/><G117/><T16/><D123/><U113/><E113/><V37/><F37/><W90/><G120/><T31/><D111/><N who="1" m="42539" /><E78/><V54/><F66/><W76/><G34/><N who="1" m="13418" /><E26/><V28/><F28/><W109/><G109/><T40/><D31/><U100/><E100/><V25/><F11/><W75/><G76/><T127/><D68/><U67/><E67/><V71/><F71/><W135/><G135/><T102/><D127/><U12/><E12/><N who="3" m="4650" /><G6/><T84/><D102/><U94/><E94/><V106/><F74/><W121/><G121/><T114/><D114/><U105/><E105/><V132/><F132/><W99/><G99/><T61/><D1/><U4/><E4/><V60/><F104/><W62/><G62/><N who="0" m="37967" /><D87/><U85/><E85/><V122/><F106/><W133/><G133/><T53/><D3/><U47/><AGARI ba="0,0" hai="23,27,29,47,51,55,56,59" m="13418,42539" machi="47" ten="30,2000,0" yaku="14,1,52,1" doraHai="21" who="1" fromWho="1" sc="181,-5,201,20,378,-5,240,-10" owari="176,-32.4,221,-17.9,373,47.3,230,3.0" /></mjloggm>