<mjloggm ver="2.3"><GO type="225" lobby="0"/><UN n0="%6D%75%75%6D%75%72%61" n1="%E9%80%9F%E6%B0%B4%E5%87%9B%E9%A6%99" n2="%E7%AC%B9%E9%A4%85" n3="%E3%82%BC%E3%83%AB%E3%83%80%E3%81%AE%E4%BC%9D%E8%AA%AC" dan="16,16,16,16" rate="2130.43,2097.66,2183.02,2222.90" sx="F,F,M,M"/><TAIKYOKU oya="0"/><INIT seed="0,0,0,4,3,123" ten="250,250,250,250" oya="0" hai0="56,129,76,24,104,88,116,65,100,131,57,15,19" hai1="84,93,9,69,50,63,130,60,43,111,55,95,80" hai2="49,109,25,53,121,134,34,0,44,48,6,11,23" hai3="71,83,79,28,85,22,61,4,7,117,18,46,108"/><T5/><D116/><U17/><E130/><N who="0" m="49673" /><D76/><U10/><E111/><V96/><F121/><W39/><G117/><T114/><D114/><U90/><E69/><V125/><F34/><W41/><G108/><T101/><D104/><U120/><E43/><V91/><F125/><W98/><G28/><T102/><D65/><U78/><E120/><V54/><F134/><W20/><G20/><N who="0" m="13343" /><D88/><U30/><E30/><V132/><F132/><W32/><G32/><T87/><D87/><U1/><E1/><V12/><F109/><W72/><G85/><T66/><D66/><U21/><E95/><N who="2" m="56447" /><F0/><W124/><G124/><T13/><D5/><U99/><E60/><V82/><F82/><W38/><G98/><T133/><D133/><U64/><E63/><V37/><F37/><W106/><G39/><T128/><N who="0" m="49681" /><T42/><DORA hai="103" /><D42/><U110/><E64/><V118/><F118/><W119/><G119/><T29/><D29/><U92/><E92/><V52/><F49/><W68/><G106/><T36/><D36/><U75/><E75/><V59/><F44/><W73/><G73/><T86/><D86/><U135/><E135/><V115/><F115/><W127/><G127/><T81/><D81/><U67/><E67/><V77/><F77/><W89/><G61/><T126/><D126/><U58/><REACH who="1" step="1"/><E110/><REACH who="1" ten="250,240,250,250" step="2"/><V112/><F112/><W51/><G68/><T113/><D113/><U97/><E97/><V3/><F3/><W122/><G71/><T14/><AGARI ba="0,1" hai="13,14,15,56,57,100,101,102" m="13343,49681" machi="14" ten="50,2400,0" yaku="19,1" doraHai="123,103" who="0" fromWho="0" sc="250,34,240,-8,250,-8,250,-8" /><INIT seed="0,1,0,4,0,4" ten="284,232,242,242" oya="0" hai0="46,39,118,3,20,113,90,126,91,122,134,35,58" hai1="53,119,112,47,31,42,128,59,62,14,61,7,25" hai2="74,29,102,75,17,18,131,98,1,68,50,11,73" hai3="67,129,77,132,76,30,93,120,99,107,81,83,2"/><T63/><D113/><U41/><E119/><V52/><F68/><W44/><G30/><T124/><D35/><U64/><E128/><V111/><F29/><W54/><G67/><T65/><D118/><U72/><E72/><V32/><F32/><W103/><G2/><T117/><D117/><U36/><E112/><V0/><F131/><W60/><G129/><T13/><D122/><U38/><E38/><V23/><F111/><W101/><G60/><T66/><D3/><U121/><E121/><V88/><F18/><W6/><G54/><T19/><D66/><U133/><E133/><V48/><F88/><N who="3" m="55719" /><G44/><T49/><D39/><U9/><E41/><V8/><F1/><W109/><G6/><T94/><D134/><U125/><E125/><N who="0" m="48233" /><D94/><U79/><E79/><N who="3" m="30282" /><G132/><T16/><D19/><U26/><REACH who="1" step="1"/><E31/><REACH who="1" ten="284,222,242,242" step="2"/><V37/><F37/><W84/><G120/><T34/><D34/><U15/><E15/><V97/><F0/><W56/><G109/><T27/><D13/><U87/><E87/><V5/><F74/><W110/><G110/><T55/><AGARI ba="1,1" hai="16,20,27,46,49,55,58,63,65,90,91" m="48233" machi="55" ten="30,3000,0" yaku="18,1,54,1" doraHai="4" who="0" fromWho="0" sc="284,43,222,-11,242,-11,242,-11" /><INIT seed="0,2,0,1,2,23" ten="327,211,231,231" oya="0" hai0="50,1,6,7,11,60,39,104,88,92,22,21,127" hai1="103,57,124,38,34,42,87,115,13,129,61,55,59" hai2="73,46,135,76,78,74,45,131,90,5,58,29,66" hai3="114,68,67,85,106,37,30,75,113,95,123,134,130"/><T98/><D39/><U15/><E129/><V119/><F119/><W18/><G18/><T91/><D127/><U51/><E124/><V3/><F131/><W107/><G30/><T132/><D104/><U110/><E110/><V4/><F135/><W8/><G8/><T0/><D132/><U83/><E34/><V79/><F29/><W65/><G37/><T44/><D60/><U26/><E115/><V89/><F66/><W19/><G75/><N who="2" m="28681" /><F58/><W49/><G19/><T27/><D91/><N who="2" m="34826" /><F3/><W69/><G49/><T25/><D7/><AGARI ba="2,0" hai="4,5,7,45,46,76,78,79" m="34826,28681" machi="7" ten="40,2600,0" yaku="28,2" doraHai="23" who="2" fromWho="0" sc="327,-32,211,0,231,32,231,0" /><INIT seed="1,0,0,1,4,91" ten="295,211,263,231" oya="1" hai0="74,95,40,36,4,1,17,44,58,88,26,47,128" hai1="57,39,87,66,14,102,112,70,56,35,34,72,133" hai2="125,64,55,110,5,6,114,132,120,106,38,42,46" hai3="22,61,80,122,12,100,123,97,49,63,90,76,7"/><U109/><E72/><V62/><F120/><W124/><G124/><T59/><D128/><U21/><E112/><V18/><F125/><W101/><G123/><T15/><D74/><U16/><E39/><V10/><F114/><W0/><G0/><T51/><D26/><U107/><E133/><V79/><F132/><W92/><G122/><T115/><D1/><U94/><E109/><V60/><F106/><W30/><G49/><T93/><D4/><U9/><E70/><V116/><F116/><W65/><G30/><T103/><D115/><U54/><E57/><V134/><F134/><W3/><G3/><T85/><D36/><U48/><E66/><V130/><F110/><W68/><G61/><T28/><D28/><U24/><E107/><V41/><F130/><W113/><G113/><T32/><D32/><U19/><REACH who="1" step="1"/><E87/><REACH who="1" ten="295,201,263,231" step="2"/><V127/><F38/><W121/><G121/><T25/><D44/><U73/><E73/><V104/><F46/><W135/><G135/><T29/><D59/><U52/><E52/><V118/><F55/><W13/><G68/><T75/><D58/><U50/><E50/><V105/><F64/><W20/><G65/><T78/><D75/><U89/><E89/><V117/><F127/><W31/><G63/><T131/><D131/><U129/><E129/><V82/><F62/><W43/><G90/><T86/><D86/><U108/><E108/><V11/><F60/><W2/><G43/><T27/><D78/><U126/><E126/><V67/><F67/><W77/><G77/><T99/><D29/><U8/><E8/><AGARI ba="0,1" hai="8,15,17,25,27,40,47,51,85,88,93,95,99,103" machi="8" ten="30,8000,1" yaku="7,1,8,1,52,2,54,1" doraHai="91" who="0" fromWho="1" sc="295,90,201,-80,263,0,231,0" /><INIT seed="2,0,0,0,4,35" ten="385,121,263,231" oya="2" hai0="70,120,86,105,89,133,93,127,75,130,23,66,92" hai1="117,106,108,20,17,9,116,69,55,5,57,41,22" hai2="111,118,96,45,119,12,101,47,60,100,79,132,103" hai3="74,113,26,110,73,56,99,49,88,8,83,16,125"/><V31/><F132/><W97/><G110/><T1/><D120/><U65/><E69/><V0/><F0/><W102/><G125/><T43/><D105/><U94/><E65/><V121/><F121/><W62/><G113/><T107/><D107/><U38/><E106/><V61/><F79/><W58/><G73/><T129/><D127/><U34/><E94/><V115/><F115/><W81/><G74/><T30/><D75/><U33/><E57/><V54/><F31/><W15/><G102/><T29/><D133/><U52/><E41/><V90/><F111/><W85/><G83/><T134/><D134/><U24/><E38/><V10/><F119/><W76/><G76/><T44/><D1/><U131/><E108/><V48/><F47/><W36/><G36/><N who="0" m="21607" /><D93/><U71/><E71/><V91/><F118/><W25/><G49/><T6/><D6/><U77/><E77/><V72/><F72/><W87/><G87/><T19/><D66/><U82/><E82/><V68/><F68/><W2/><G2/><T80/><D80/><U4/><E131/><N who="0" m="50185" /><D70/><U63/><E63/><N who="2" m="24139" /><F96/><N who="3" m="36939" /><G56/><T109/><D109/><U53/><E9/><V46/><F46/><W95/><G81/><T32/><D32/><U7/><REACH who="1" step="1"/><E22/><REACH who="1" ten="385,111,263,231" step="2"/><V135/><F135/><W104/><G104/><T21/><D21/><U37/><E37/><V84/><F45/><W114/><G114/><T123/><D123/><U27/><E27/><AGARI ba="0,1" hai="19,23,27,29,30,86,89,92" m="50185,21607" machi="27" ten="30,1000,0" yaku="19,1" doraHai="35" who="0" fromWho="1" sc="385,20,111,-10,263,0,231,0" /><INIT seed="3,0,0,0,5,34" ten="405,101,263,231" oya="3" hai0="98,108,104,57,123,121,69,112,20,73,50,41,37" hai1="130,91,127,97,38,44,22,105,79,56,6,16,66" hai2="36,75,71,63,111,42,82,7,118,129,124,68,1" hai3="11,117,45,15,126,53,84,101,119,31,27,52,40"/><W62/><G126/><T25/><D69/><U51/><E130/><V67/><F118/><W49/><G101/><T0/><D73/><U43/><E127/><V103/><F124/><W92/><G117/><T113/><D108/><U17/><E79/><N who="2" m="44415" /><F103/><W128/><G128/><T21/><D0/><U95/><E6/><V39/><F129/><W60/><G119/><T114/><D37/><U2/><E2/><V48/><F48/><W64/><G84/><T8/><D8/><U85/><E105/><V28/><F28/><W46/><G92/><T94/><D104/><U72/><E72/><V81/><F81/><W32/><G64/><T59/><D41/><U135/><E135/><V5/><F5/><W3/><G3/><T110/><D110/><U54/><E66/><N who="2" m="41055" /><F42/><W89/><G89/><N who="0" m="55631" /><D20/><U99/><E17/><V132/><F132/><W131/><G131/><T83/><D83/><U55/><REACH who="1" step="1"/><E55/><REACH who="1" ten="405,91,263,231" step="2"/><V77/><F77/><W18/><G53/><N who="0" m="31927" /><D59/><U12/><AGARI ba="0,1" hai="12,16,22,38,43,44,51,54,56,85,91,95,97,99" machi="12" ten="20,12000,2" yaku="1,1,0,1,7,1,25,2,54,1,53,0" doraHai="34" doraHaiUra="61" who="1" fromWho="1" sc="405,-30,91,130,263,-30,231,-60" owari="375,47.5,221,-17.9,233,3.3,171,-32.9" /></mjloggm>