<mjloggm ver="2.3"><GO type="225" lobby="0"/><UN n0="%38%63%E3%81%AF%E3%81%A3%E3%81%97%E3%83%BC" n1="%E4%BE%BF%E6%89%80" n2="%E3%81%86%E3%83%BC%E3%81%B1%E3%83%BC" n3="%E6%AF%9B%E8%8D%92%E3%82%8C%E3%83%BB%E3%82%B9%E3%83%9F%E3%82%B9" dan="16,16,17,16" rate="2128.97,2052.90,2175.13,2059.86" sx="M,M,F,F"/><TAIKYOKU oya="0"/><INIT seed="0,0,0,3,4,68" ten="250,250,250,250" oya="0" hai0="47,97,89,12,96,32,108,81,131,79,63,26,103" hai1="8,13,70,134,51,92,112,99,90,6,43,20,128" hai2="102,100,14,101,93,114,34,52,77,73,4,130,109" hai3="40,9,27,124,2,87,115,16,84,88,111,75,36"/><T54/><D131/><U5/><E128/><V60/><F130/><W83/><G115/><T0/><D0/><U110/><E70/><V116/><F114/><W69/><G69/><T76/><D12/><U50/><E112/><V94/><F34/><W133/><G111/><T61/><D89/><U72/><E72/><V3/><F3/><W7/><G124/><T10/><D10/><U119/><E119/><V121/><F121/><W135/><G75/><T117/><D117/><U126/><E126/><V62/><F109/><W82/><G40/><T95/><D97/><U28/><E110/><V113/><F113/><W105/><G36/><T107/><D107/><U78/><E134/><N who="3" m="51210" /><G105/><T129/><D129/><U24/><E78/><V31/><F31/><W1/><G1/><T45/><D79/><U106/><E106/><V49/><F73/><W29/><G16/><T11/><D11/><U66/><E66/><V118/><F77/><N who="3" m="46159" /><G29/><T132/><D108/><U23/><E5/><V59/><F118/><W42/><G42/><T39/><D39/><U104/><E104/><V19/><F4/><W18/><G18/><T41/><D41/><U35/><REACH who="1" step="1"/><E51/><REACH who="1" ten="250,240,250,250" step="2"/><V46/><F116/><W125/><G125/><T48/><D132/><U127/><E127/><V65/><REACH who="2" step="1"/><F62/><REACH who="2" ten="250,240,240,250" step="2"/><W122/><G122/><T53/><D63/><U37/><E37/><V71/><F71/><W21/><G7/><T80/><D61/><U44/><AGARI ba="0,2" hai="6,8,13,20,23,24,28,35,43,44,50,90,92,99" machi="44" ten="30,4000,0" yaku="1,1,0,1,53,1" doraHai="68" doraHaiUra="38" who="1" fromWho="1" sc="250,-20,240,60,240,-10,250,-10" /><INIT seed="1,0,0,0,0,20" ten="230,300,230,240" oya="1" hai0="41,40,8,103,51,93,76,133,68,89,47,119,43" hai1="73,21,17,27,16,117,116,29,6,62,56,118,79" hai2="5,128,50,106,80,107,46,85,66,112,4,63,100" hai3="109,31,25,24,30,77,126,54,58,83,98,135,52"/><U127/><E127/><V86/><F128/><W59/><G126/><T90/><D119/><U15/><E73/><V122/><F122/><W96/><G109/><T108/><D68/><U42/><E79/><V92/><F107/><W7/><G135/><T91/><D108/><U10/><REACH who="1" step="1"/><E42/><REACH who="1" ten="230,290,230,240" step="2"/><V64/><F112/><W0/><G0/><T44/><D76/><U111/><E111/><V129/><F129/><W9/><G77/><T74/><D74/><U35/><E35/><V2/><F2/><W87/><G7/><T113/><D113/><U84/><E84/><V70/><F86/><W99/><G87/><T81/><D133/><U53/><AGARI ba="0,1" hai="6,10,15,16,17,21,27,29,53,56,62,116,117,118" machi="53" ten="30,11700,0" yaku="1,1,0,1,52,1,54,1,53,0" doraHai="20" doraHaiUra="32" who="1" fromWho="1" sc="230,-39,290,127,230,-39,240,-39" /><INIT seed="1,1,0,3,4,28" ten="191,417,191,201" oya="1" hai0="37,50,116,22,53,96,11,40,15,91,7,104,45" hai1="135,34,67,27,94,90,78,21,69,47,60,77,85" hai2="114,36,87,86,121,99,44,118,127,39,46,52,42" hai3="108,26,75,56,23,19,133,88,71,111,51,89,101"/><U31/><E135/><V9/><F118/><W18/><G133/><T103/><D116/><U49/><REACH who="1" step="1"/><E21/><REACH who="1" ten="191,407,191,201" step="2"/><V62/><F9/><W83/><G111/><T97/><D22/><U14/><E14/><V48/><F114/><W20/><G108/><T3/><D15/><U54/><AGARI ba="1,1" hai="27,31,34,47,49,54,60,67,69,77,78,85,90,94" machi="54" ten="20,7800,0" yaku="1,1,0,1,7,1,52,1,53,0" doraHai="28" doraHaiUra="12" who="1" fromWho="1" sc="191,-27,407,91,191,-27,201,-27" /><INIT seed="1,2,0,5,3,134" ten="164,498,164,174" oya="1" hai0="22,39,54,69,46,61,111,64,58,132,88,79,90" hai1="91,116,112,8,81,32,66,63,3,127,40,120,27" hai2="126,97,30,49,128,110,12,84,15,13,43,109,38" hai3="16,86,56,104,52,48,1,0,125,118,5,115,4"/><U135/><E112/><V62/><F128/><W108/><G125/><T83/><D132/><U65/><E135/><V53/><F62/><W133/><G115/><T95/><D111/><N who="2" m="42506" /><F126/><W103/><G108/><T106/><D106/><U36/><E116/><V59/><F97/><W122/><G122/><T82/><D22/><U24/><E120/><V123/><F123/><W85/><G133/><T75/><D83/><U51/><E127/><V119/><F119/><W37/><G37/><T78/><D78/><U129/><E36/><V23/><F84/><N who="3" m="32363" /><G0/><T33/><D33/><U77/><E32/><V18/><F30/><W2/><G1/><T19/><D19/><U98/><E63/><V60/><F38/><W29/><G2/><T28/><D28/><U41/><E3/><V72/><F72/><W131/><G104/><T101/><D101/><U100/><E100/><V113/><F113/><W71/><G71/><T117/><D95/><U25/><E129/><V76/><F76/><W26/><G118/><T73/><D73/><U68/><E77/><V96/><F96/><W92/><G29/><T14/><D117/><U105/><E98/><V87/><F87/><W114/><G114/><T44/><D39/><U45/><E68/><V7/><F7/><N who="3" m="2635" /><G131/><T57/><D69/><U121/><E121/><V10/><F10/><W102/><G92/><T67/><D75/><U89/><E8/><V6/><F6/><W94/><G94/><T42/><D79/><U9/><E105/><V50/><F43/><W99/><G99/><T17/><D42/><U55/><E40/><V74/><F74/><RYUUKYOKU ba="2,0" sc="164,-15,498,-15,164,15,174,15" hai2="12,13,15,18,23,49,50,53,59,60" hai3="16,26,48,52,56,102,103" /><INIT seed="2,3,0,4,5,81" ten="149,483,179,189" oya="2" hai0="118,15,32,64,37,105,66,112,5,48,0,123,59" hai1="89,126,67,77,56,18,132,22,51,57,8,107,7" hai2="45,12,95,40,82,120,121,115,117,109,16,71,76" hai3="61,114,127,20,133,33,9,124,93,6,23,4,80"/><V83/><F115/><W116/><G133/><T131/><D15/><N who="1" m="5535" /><E107/><V68/><F117/><W60/><G116/><T111/><D5/><U54/><E132/><V125/><F125/><N who="3" m="48203" /><G33/><T14/><D14/><N who="1" m="9559" /><E126/><V21/><F95/><W1/><G4/><T73/><D32/><U65/><E77/><V129/><F83/><W55/><G114/><T90/><D0/><U29/><E29/><V47/><F47/><W72/><G93/><T98/><D73/><U122/><E122/><V27/><F27/><W52/><G80/><T135/><D105/><U101/><E101/><V92/><F92/><W38/><G38/><T46/><D37/><U2/><E2/><V78/><F78/><W87/><G72/><T49/><D123/><U31/><E31/><V58/><F121/><W50/><G20/><T74/><D135/><U104/><E104/><V128/><F120/><W10/><G23/><T102/><D74/><U13/><E13/><V26/><F12/><W36/><G9/><T63/><D118/><U28/><E28/><V79/><F79/><W108/><G36/><T85/><D102/><U70/><E70/><V86/><F71/><W53/><G108/><T94/><D111/><U134/><E134/><V119/><F109/><W99/><G50/><T42/><D98/><U100/><E100/><V62/><F119/><W96/><G87/><T25/><D112/><U110/><E110/><V44/><F68/><W43/><G43/><T84/><D84/><U69/><E69/><V11/><F40/><W103/><G103/><T17/><D85/><U24/><E24/><V97/><F26/><RYUUKYOKU ba="3,0" sc="149,-10,483,-10,179,-10,189,30" hai3="1,6,10,52,53,55,60,61,96,99" /><INIT seed="3,4,0,4,3,43" ten="139,473,169,219" oya="3" hai0="72,55,49,38,31,94,63,61,0,11,102,4,53" hai1="80,114,77,119,89,135,129,74,117,22,41,21,96" hai2="52,71,59,116,54,42,115,93,28,85,29,101,107" hai3="30,125,25,60,1,6,128,16,75,78,97,32,65"/><W109/><G128/><T19/><D72/><U92/><E114/><V126/><F115/><W20/><G125/><T127/><D38/><U90/><E129/><V40/><F71/><W104/><G109/><T108/><D108/><U8/><E135/><V45/><F116/><N who="1" m="44617" /><E41/><N who="2" m="15979" /><F107/><W73/><G78/><T3/><D127/><U57/><E8/><V62/><F126/><W69/><G6/><T67/><D3/><U105/><E105/><V26/><F26/><W2/><G1/><T7/><D7/><U47/><E47/><V111/><F111/><W133/><G2/><T44/><D31/><U56/><E90/><N who="2" m="53455" /><F101/><N who="3" m="62511" /><G133/><T36/><D36/><U15/><E15/><AGARI ba="4,0" hai="15,16,20,25,30,32,60,65,69,73,75" m="62511" machi="15" ten="30,2900,0" yaku="25,1,54,1" doraHai="43" who="3" fromWho="1" sc="139,0,473,-41,169,0,219,41" /><INIT seed="3,5,0,1,1,99" ten="139,432,169,260" oya="3" hai0="104,71,101,103,111,26,60,27,102,123,92,46,28" hai1="47,7,21,89,6,19,69,107,56,16,29,76,25" hai2="66,105,37,15,97,58,61,78,45,114,2,43,22" hai3="120,95,42,72,32,70,129,90,112,53,48,5,94"/><W133/><G112/><T73/><D123/><U82/><E69/><V41/><F41/><W122/><G72/><T50/><D73/><U20/><E107/><V134/><F134/><W121/><G70/><T96/><D111/><U64/><E89/><V93/><F2/><W125/><G133/><T126/><D126/><U68/><E68/><V135/><F135/><W40/><G125/><T51/><D104/><U33/><E47/><V84/><F114/><W62/><G129/><T63/><D50/><U109/><E109/><V115/><F115/><W36/><G32/><T108/><D108/><U52/><E64/><V9/><F22/><W117/><G117/><T128/><D128/><U77/><E33/><V11/><F15/><W132/><G132/><T85/><D85/><N who="1" m="48327" /><E77/><V74/><F74/><W14/><G36/><T31/><D31/><U100/><E100/><N who="0" m="38505" /><D71/><U23/><E23/><V49/><F37/><W55/><G122/><T130/><D130/><U87/><E87/><V113/><F105/><W0/><G0/><T17/><D28/><U10/><E10/><V67/><F113/><W30/><G121/><T79/><D79/><U3/><E3/><V75/><F75/><W124/><G124/><T110/><D110/><U119/><E119/><V54/><F84/><W12/><G120/><T8/><D8/><N who="2" m="3146" /><F78/><W39/><G39/><T81/><D81/><U91/><E91/><AGARI ba="5,0" hai="43,45,49,54,58,61,66,67,91,93,97" m="3146" machi="91" ten="30,1000,0" yaku="8,1" doraHai="99" who="2" fromWho="1" sc="139,0,432,-25,169,25,260,0" owari="139,-36.1,407,50.7,194,-20.6,260,6.0" /></mjloggm>