<mjloggm ver="2.3"><GO type="225" lobby="0"/><UN n0="%E6%A1%9C%E8%8A%B1%E9%96%83%E3%80%85" n1="%E3%81%BE%E3%81%A8%E3%81%9F" n2="%E3%83%81%E3%83%AF%E3%83%AF%E9%9A%8A%E9%95%B7" n3="%E3%80%93%E3%81%97%E3%83%BC%E3%82%89%E3%80%93" dan="16,17,17,16" rate="2172.63,2145.45,2207.50,2162.17" sx="M,M,M,M"/><TAIKYOKU oya="0"/><INIT seed="0,0,0,3,0,93" ten="250,250,250,250" oya="0" hai0="17,79,98,37,129,58,101,85,120,2,113,57,82" hai1="64,119,128,111,30,69,76,103,110,117,11,36,12" hai2="63,70,18,52,106,78,6,109,80,51,31,81,132" hai3="84,16,94,4,100,108,66,3,72,123,61,5,21"/><T10/><D113/><U35/><E36/><V0/><F109/><N who="1" m="41481" /><E76/><V46/><F132/><W39/><G39/><T41/><D120/><U38/><E38/><V112/><F112/><W96/><G72/><T90/><D129/><U105/><E64/><V99/><F31/><W71/><G123/><T107/><D17/><N who="1" m="8351" /><E69/><V7/><F0/><W65/><G108/><T23/><D23/><U86/><E86/><V118/><F118/><N who="1" m="45065" /><E103/><V124/><F124/><W116/><G116/><T47/><REACH who="0" step="1"/><D79/><REACH who="0" ten="240,250,250,250" step="2"/><U88/><E128/><V8/><F78/><W50/><G21/><T20/><D20/><U121/><E121/><V45/><F8/><W73/><G71/><T42/><D42/><U135/><E135/><V53/><F70/><W54/><G16/><T126/><D126/><U134/><E134/><V131/><F18/><W25/><G5/><AGARI ba="0,1" hai="2,5,10,37,41,47,57,58,82,85,90,98,101,107" machi="5" ten="40,3900,0" yaku="1,1,52,1,53,0" doraHai="93" doraHaiUra="49" who="0" fromWho="3" sc="240,49,250,0,250,0,250,-39" /><INIT seed="0,1,0,1,2,84" ten="289,250,250,211" oya="0" hai0="87,46,6,80,48,104,72,47,132,98,39,82,113" hai1="29,73,103,116,107,115,19,5,12,123,117,90,21" hai2="24,57,94,38,49,91,18,10,101,110,124,96,51" hai3="126,9,109,15,85,62,42,1,88,55,28,79,41"/><T63/><D113/><U53/><E73/><V34/><F38/><W33/><G1/><T44/><D39/><U31/><E123/><V25/><F124/><W37/><G126/><T93/><D132/><U134/><E134/><V81/><F110/><W64/><G109/><T54/><D104/><U118/><E115/><V22/><F10/><W32/><G55/><T13/><D72/><U86/><E5/><V36/><F36/><W58/><G79/><T14/><D63/><U65/><E65/><V68/><F68/><W50/><G37/><T3/><D82/><U105/><E53/><N who="2" m="31919" /><F34/><W125/><G125/><T92/><D92/><U129/><E129/><V131/><F131/><W17/><G28/><T127/><D3/><U102/><E107/><V74/><F74/><W23/><G23/><T114/><D114/><U60/><E60/><V52/><F81/><W119/><G119/><T121/><D121/><U0/><E0/><V2/><F2/><W56/><G56/><N who="0" m="32839" /><D6/><U108/><E108/><V111/><F111/><W16/><G17/><T26/><D26/><U89/><E105/><V61/><F61/><W67/><G67/><T30/><D30/><U122/><E122/><V66/><F66/><W135/><G135/><T27/><D27/><U59/><E31/><V71/><F71/><W8/><G8/><T76/><D127/><U100/><E29/><V112/><F112/><W128/><G128/><T97/><D93/><U45/><E117/><V130/><F130/><W35/><REACH who="3" step="1"/><G50/><REACH who="3" ten="289,250,250,201" step="2"/><T77/><D77/><U43/><E118/><V7/><F51/><W4/><G4/><RYUUKYOKU ba="1,1" sc="289,15,250,-15,250,-15,201,15" hai0="13,14,44,46,47,76,80,87,97,98" hai3="9,15,16,32,33,35,41,42,58,62,64,85,88" /><INIT seed="0,2,1,3,2,95" ten="304,235,235,216" oya="0" hai0="88,84,53,74,34,3,36,92,125,103,6,33,94" hai1="111,12,96,1,129,11,119,2,116,35,69,78,82" hai2="93,71,70,39,106,81,126,15,61,65,76,122,30" hai3="75,89,24,132,67,46,120,130,10,32,44,101,115"/><T72/><D36/><U135/><E69/><V107/><F122/><W8/><G75/><T77/><D53/><U60/><E35/><V25/><F39/><W37/><G115/><T73/><D125/><U109/><E60/><V118/><F126/><W59/><G120/><T90/><D77/><U56/><E56/><V87/><F118/><N who="1" m="45097" /><E96/><V51/><F71/><W55/><G67/><T13/><D3/><U79/><E135/><V80/><F15/><W131/><G132/><T123/><D103/><U110/><E129/><N who="3" m="49162" /><G89/><T27/><D123/><U19/><E79/><V114/><F114/><W97/><G24/><T85/><REACH who="0" step="1"/><D27/><REACH who="0" ten="294,235,235,216" step="2"/><U112/><E112/><V133/><F133/><W20/><G37/><T50/><D50/><U47/><E47/><N who="3" m="17962" /><G32/><T52/><D52/><U22/><E22/><V42/><F76/><W5/><G20/><T117/><D117/><U57/><E1/><V113/><F113/><W124/><G124/><T127/><D127/><U23/><E2/><V21/><F21/><W98/><G101/><T49/><D49/><U83/><E78/><V54/><F51/><N who="3" m="31231" /><G8/><AGARI ba="2,2" hai="6,8,13,33,34,72,73,74,84,85,88,90,92,94" machi="8" ten="40,7700,0" yaku="1,1,9,1,54,1,53,0" doraHai="95" doraHaiUra="108" who="0" fromWho="3" sc="294,103,235,0,235,0,216,-83" /><INIT seed="0,3,0,5,0,84" ten="397,235,235,133" oya="0" hai0="59,134,97,125,107,62,63,35,41,101,113,131,21" hai1="67,111,22,98,60,58,70,89,3,102,50,5,13" hai2="54,88,23,83,123,72,34,75,91,77,47,46,9" hai3="7,71,38,45,126,0,31,19,109,76,121,8,29"/><T24/><D113/><U56/><E3/><V124/><F34/><W86/><G71/><T16/><D131/><U26/><E111/><V52/><F123/><W48/><G38/><T87/><D134/><U55/><E5/><V25/><F124/><W11/><G121/><T114/><D114/><U117/><E13/><V4/><F75/><W82/><G126/><T64/><D125/><U28/><E117/><V1/><F46/><W36/><G109/><T69/><D41/><U61/><E89/><V80/><F80/><W132/><G132/><T115/><D115/><U94/><E61/><V133/><F133/><W40/><G36/><T99/><D99/><U32/><REACH who="1" step="1"/><E32/><REACH who="1" ten="397,225,235,133" step="2"/><V100/><F100/><W44/><G44/><AGARI ba="3,1" hai="22,26,28,44,50,55,56,58,60,67,70,94,98,102" machi="44" ten="30,7700,0" yaku="1,1,2,1,7,1,53,1" doraHai="84" doraHaiUra="93" who="1" fromWho="3" sc="397,0,225,96,235,0,133,-86" /><INIT seed="1,0,0,1,1,4" ten="397,321,235,47" oya="1" hai0="0,115,55,74,84,90,120,108,45,6,50,78,14" hai1="113,112,109,121,106,56,3,130,54,38,127,65,40" hai2="46,1,110,105,60,22,123,41,34,87,48,75,116" hai3="10,31,85,89,59,82,93,119,129,33,52,27,101"/><U132/><RYUUKYOKU type="yao9" ba="0,0" sc="397,0,321,0,235,0,47,0" hai1="3,38,40,54,56,65,106,109,112,113,121,127,130,132" /><INIT seed="1,1,0,3,5,36" ten="397,321,235,47" oya="1" hai0="24,101,72,49,116,89,76,68,69,62,102,134,130" hai1="0,106,46,135,107,132,51,77,112,87,133,99,123" hai2="55,81,111,97,2,48,64,118,60,75,58,85,17" hai3="83,100,42,15,125,71,9,41,12,66,115,114,78"/><U34/><E0/><V93/><F118/><W129/><G129/><T119/><D130/><U95/><E34/><V4/><F75/><W20/><G125/><T28/><D89/><N who="1" m="55791" /><E51/><V8/><F111/><W88/><G100/><T84/><D69/><U10/><E46/><V27/><F17/><W127/><G127/><T86/><D49/><U65/><E65/><V96/><F27/><W92/><G20/><T3/><D3/><U21/><E21/><V5/><F5/><W25/><G25/><T90/><D62/><U13/><E13/><V40/><F93/><W103/><G103/><T1/><D68/><U110/><E10/><V91/><REACH who="2" step="1"/><F40/><REACH who="2" ten="397,321,225,47" step="2"/><W6/><G15/><T33/><D24/><U11/><E110/><V74/><F74/><W131/><G131/><T117/><D117/><U54/><E107/><V39/><F39/><W80/><G115/><T94/><D119/><U19/><E106/><V124/><F124/><W26/><G114/><T61/><D116/><U22/><E112/><V29/><F29/><W67/><G26/><T79/><D28/><U73/><E19/><V50/><F50/><W37/><G37/><T128/><D128/><U82/><E73/><V35/><F35/><W105/><G105/><T16/><D33/><U56/><E132/><V121/><F121/><W52/><G71/><AGARI ba="1,1" hai="2,4,8,48,55,58,60,64,71,81,85,91,96,97" machi="71" ten="30,2000,0" yaku="1,1,7,1,53,0" doraHai="36" doraHaiUra="14" who="2" fromWho="3" sc="397,0,321,0,225,33,47,-23" /><INIT seed="2,0,0,5,1,11" ten="397,321,258,24" oya="2" hai0="19,131,107,80,91,17,22,13,3,114,50,125,73" hai1="41,106,51,95,62,127,27,65,135,34,116,77,53" hai2="75,43,115,48,42,78,16,113,70,44,39,58,93" hai3="49,94,45,52,126,89,67,82,59,63,61,119,36"/><V21/><F70/><N who="3" m="42351" /><G82/><T102/><D114/><U54/><E127/><V72/><F93/><W47/><G94/><T14/><D3/><U35/><E135/><V2/><F2/><W23/><G89/><T28/><D125/><U64/><E64/><V100/><F100/><W9/><G23/><T32/><D131/><U97/><E116/><V26/><F43/><N who="3" m="22759" /><G9/><T60/><D60/><U56/><E77/><V103/><F103/><W99/><G99/><T6/><D6/><U10/><E53/><V98/><F98/><W24/><G24/><N who="0" m="16407" /><D32/><U4/><E41/><V20/><F20/><W133/><G126/><T38/><D38/><U30/><E106/><V122/><F122/><W109/><G133/><T108/><D73/><U18/><E18/><N who="0" m="6665" /><D108/><U117/><E117/><V84/><F115/><W74/><G74/><T111/><D111/><U92/><E97/><V68/><F113/><W5/><G5/><T33/><D33/><U123/><E123/><V87/><F72/><W1/><G1/><T57/><D102/><U0/><E92/><V79/><F68/><W71/><G109/><T69/><D69/><U12/><E95/><V130/><F130/><W29/><G29/><T15/><D107/><U101/><E101/><V88/><F75/><W134/><G134/><T121/><D121/><U55/><E35/><V86/><F88/><W31/><G31/><T129/><D129/><U132/><E132/><V8/><F8/><W66/><G119/><T7/><D91/><U81/><E0/><V124/><F124/><W76/><G76/><T96/><D96/><U118/><E34/><RYUUKYOKU ba="0,0" sc="397,-15,321,-15,258,15,24,15" hai2="16,21,26,39,42,44,48,58,78,79,84,86,87" hai3="47,49,52,59,63,66,71" /><INIT seed="2,1,0,2,5,123" ten="382,306,273,39" oya="2" hai0="93,58,109,102,32,9,73,12,49,91,80,76,96" hai1="28,122,43,79,68,69,26,35,110,39,16,116,42" hai2="74,72,65,114,67,66,99,119,103,63,51,38,10" hai3="134,7,31,25,98,111,70,44,94,133,36,126,40"/><V53/><F114/><W75/><G70/><T17/><D109/><U84/><E116/><V117/><F38/><W55/><G75/><T14/><D32/><U90/><E79/><V124/><F63/><W77/><G77/><T50/><D58/><U104/><E104/><V27/><F124/><W22/><G126/><T45/><D14/><U2/><E2/><V95/><F10/><W20/><G7/><T30/><D30/><U82/><E122/><V129/><F129/><W52/><G22/><T61/><D61/><U5/><E5/><V100/><F100/><W13/><G13/><T92/><D45/><U89/><E89/><V128/><F128/><W60/><G111/><T81/><D81/><U41/><E39/><V34/><F119/><W121/><G121/><T56/><D56/><U132/><E132/><N who="3" m="50794" /><G60/><T0/><D0/><U130/><E110/><V127/><F117/><W57/><G57/><T3/><D3/><U1/><E1/><V105/><F127/><W115/><G115/><T11/><D11/><U8/><E130/><V6/><F6/><W85/><G85/><AGARI ba="1,0" hai="9,12,17,49,50,73,76,80,85,91,92,93,96,102" machi="85" ten="30,1000,0" yaku="7,1" doraHai="123" who="0" fromWho="3" sc="382,13,306,0,273,0,39,-13" /><INIT seed="3,0,0,1,0,127" ten="395,306,273,26" oya="3" hai0="90,45,77,67,51,85,94,30,26,43,71,133,124" hai1="70,2,25,103,17,31,100,28,52,36,116,33,15" hai2="96,72,10,123,78,54,24,122,111,130,82,19,113" hai3="4,23,47,12,59,57,29,1,34,60,32,61,21"/><W38/><G38/><T95/><D124/><U132/><E70/><V64/><F113/><W58/><G47/><T118/><D118/><U62/><E36/><V63/><F111/><W80/><G80/><T126/><D126/><U112/><E112/><V74/><F74/><W117/><G117/><T22/><D133/><U87/><E132/><V5/><F54/><W13/><G1/><T86/><D71/><U83/><E31/><V50/><F50/><W76/><G29/><T107/><D107/><U89/><E116/><V108/><F108/><W88/><G76/><T98/><D67/><U49/><E62/><V46/><F46/><W16/><G4/><T79/><D86/><U9/><REACH who="1" step="1"/><E2/><REACH who="1" ten="395,296,273,26" step="2"/><V41/><F63/><N who="3" m="24139" /><G34/><T101/><AGARI ba="0,1" hai="22,26,30,43,45,51,77,79,85,90,94,95,98,101" machi="101" ten="20,2700,0" yaku="0,1,7,1,8,1" doraHai="127" who="0" fromWho="0" sc="395,37,296,-7,273,-7,26,-13" owari="432,53.2,289,8.9,266,-13.4,13,-48.7" /></mjloggm>