<mjloggm ver="2.3"><GO type="225" lobby="0"/><UN n0="%E3%81%99%E3%81%84%E3%81%BE%E3%81%9B%E3%83%BC%E3%82%93" n1="%48%61%61%61%6C%61%6E%64" n2="%74%61%6B%75%61%6B%61" n3="%E5%8D%A0%E3%81%84%E5%B8%AB%E8%A3%8F%E3%81%AA%E3%81%84%E3%81%97" dan="17,18,16,16" rate="2240.00,2275.77,2148.27,2166.06" sx="M,M,M,M"/><TAIKYOKU oya="0"/><INIT seed="0,0,0,0,4,2" ten="250,250,250,250" oya="0" hai0="46,20,40,26,62,54,114,66,80,107,21,129,59" hai1="133,123,134,104,15,135,28,64,50,19,113,92,51" hai2="29,86,105,31,130,75,108,106,30,109,45,52,1" hai3="81,83,16,37,100,48,95,61,90,71,76,0,49"/><T18/><D129/><U8/><E104/><V38/><F75/><W55/><G37/><T82/><D107/><U58/><E123/><V85/><F1/><W74/><G0/><T25/><D66/><U111/><E113/><V101/><F130/><W42/><G100/><T122/><D122/><U124/><E111/><N who="2" m="42571" /><F38/><W115/><G115/><T87/><D87/><N who="2" m="33290" /><F101/><W84/><G42/><T125/><D114/><U14/><E124/><V103/><F103/><W110/><G110/><T97/><D97/><U5/><E92/><V79/><F79/><W94/><G49/><AGARI ba="0,0" hai="29,30,31,45,49,52,105,106" m="33290,42571" machi="49" ten="40,2600,0" yaku="14,1,54,1" doraHai="2" who="2" fromWho="3" sc="250,0,250,0,250,26,250,-26" /><INIT seed="1,0,0,5,2,14" ten="250,250,276,224" oya="1" hai0="18,34,27,8,67,75,30,94,69,97,57,39,59" hai1="98,25,132,17,7,79,32,29,38,89,78,12,112" hai2="107,0,13,22,26,58,49,19,128,42,52,28,64" hai3="110,6,11,50,114,106,113,99,95,104,85,15,20"/><U55/><E112/><V118/><F118/><W44/><G110/><T31/><D75/><U72/><E132/><V80/><F128/><W62/><G114/><T126/><D39/><U92/><E38/><V111/><F111/><W35/><G35/><T96/><D126/><U48/><E7/><V21/><F107/><W108/><G113/><T74/><D74/><U127/><E72/><V56/><F0/><W123/><G123/><T70/><D96/><U33/><E33/><V100/><F100/><W135/><G135/><T77/><D77/><U87/><E98/><V121/><F121/><W66/><G85/><T4/><D31/><U68/><E68/><V45/><F64/><W5/><G20/><T105/><D105/><U101/><E101/><V83/><REACH who="2" step="1"/><F56/><REACH who="2" ten="250,250,266,224" step="2"/><W103/><G108/><T119/><D59/><U41/><E127/><V130/><F130/><W47/><G106/><T24/><D57/><U86/><E41/><V2/><F2/><W53/><G104/><T3/><D119/><U116/><E116/><V82/><F82/><W9/><G66/><T40/><D67/><U120/><E120/><V90/><F90/><W65/><G65/><T37/><D40/><U133/><E133/><V84/><F84/><W16/><G62/><AGARI ba="0,1" hai="13,19,21,22,26,28,42,45,49,52,58,62,80,83" machi="62" ten="30,8000,1" yaku="1,1,7,1,8,1,52,1,54,1,53,0" doraHai="14" doraHaiUra="129" who="2" fromWho="3" sc="250,0,250,0,266,90,224,-80" /><INIT seed="2,0,0,3,4,75" ten="250,250,356,144" oya="2" hai0="66,43,134,36,123,7,32,110,11,46,99,25,22" hai1="67,71,41,68,5,17,61,49,131,37,115,127,62" hai2="79,1,108,104,50,63,122,100,19,9,90,15,70" hai3="56,27,64,91,14,57,35,126,40,73,95,42,101"/><V80/><F122/><W113/><G73/><T125/><D123/><U93/><E115/><V87/><F1/><W102/><G113/><T116/><D125/><U54/><E5/><V120/><F120/><W107/><G126/><T132/><D110/><U69/><E127/><V2/><F2/><W8/><G107/><T45/><D32/><U94/><E131/><V97/><F108/><W26/><G35/><T76/><D116/><U4/><E4/><V128/><F128/><W118/><G118/><T119/><D119/><U129/><E129/><V58/><F70/><W0/><G0/><T29/><D66/><U10/><E41/><V47/><F90/><W130/><G130/><T98/><D46/><U65/><E37/><V28/><F28/><W13/><G64/><T112/><D76/><U21/><E10/><V60/><REACH who="2" step="1"/><F58/><REACH who="2" ten="250,250,346,144" step="2"/><W86/><G91/><T89/><D89/><U38/><E71/><V51/><F51/><W44/><G44/><T30/><D30/><U114/><E114/><V85/><F85/><W103/><G86/><T74/><D112/><U121/><E121/><V133/><F133/><W59/><G95/><T16/><D29/><U52/><E93/><V53/><AGARI ba="0,1" hai="9,15,19,47,50,53,60,63,79,80,87,97,100,104" machi="53" ten="20,12000,1" yaku="1,1,0,1,7,1,52,1,53,1" doraHai="75" doraHaiUra="48" who="2" fromWho="2" sc="250,-40,250,-40,346,130,144,-40" /><INIT seed="2,1,0,3,0,81" ten="210,210,476,104" oya="2" hai0="105,43,106,120,95,48,11,41,50,97,42,77,1" hai1="108,47,113,130,36,40,131,80,112,94,73,99,126" hai2="122,66,34,65,119,127,60,13,51,46,63,52,18" hai3="107,76,9,22,132,2,15,92,31,23,75,8,44"/><V74/><F34/><W102/><G107/><T30/><D120/><U0/><E0/><V17/><F74/><W117/><G117/><T128/><D128/><N who="1" m="49195" /><E108/><V7/><F122/><W54/><G132/><T70/><D70/><U114/><E126/><V55/><F119/><W37/><G2/><T49/><D30/><U38/><E38/><V111/><F127/><W124/><G124/><T85/><D77/><N who="1" m="44079" /><E114/><V33/><F33/><W135/><G76/><T39/><D39/><U96/><E96/><V84/><F111/><W71/><G75/><T115/><D115/><U3/><E3/><V89/><F7/><W14/><G71/><T86/><D106/><U109/><E109/><V59/><F63/><W91/><G37/><T123/><D105/><U110/><E110/><V20/><F18/><W78/><G78/><T16/><D123/><U87/><E87/><V4/><F4/><W28/><G135/><T83/><D83/><AGARI ba="1,0" hai="13,17,20,46,51,52,55,59,60,65,66,83,84,89" machi="83" ten="30,11600,0" yaku="7,1,8,1,52,1,54,1" doraHai="81" who="2" fromWho="0" sc="210,-119,210,0,476,119,104,0" /><INIT seed="2,2,0,3,2,47" ten="91,210,595,104" oya="2" hai0="52,107,32,56,133,60,10,58,121,71,68,120,69" hai1="132,130,38,3,46,95,7,127,76,73,104,86,39" hai2="66,129,51,83,24,112,11,114,26,99,103,79,18" hai3="128,15,74,92,27,50,94,124,111,61,34,30,1"/><V53/><F129/><W85/><G1/><T23/><D32/><U108/><E104/><V12/><F66/><W115/><G128/><T96/><D10/><U63/><E130/><V25/><F114/><W54/><G74/><T6/><D6/><U55/><E108/><V134/><F134/><W91/><G111/><T97/><D133/><U123/><E132/><V101/><F112/><W5/><G115/><T84/><D84/><U89/><E127/><V19/><F19/><W82/><G61/><T106/><D23/><U35/><E35/><V126/><F126/><W4/><G124/><T33/><D33/><U113/><E113/><V14/><F14/><W42/><G42/><T80/><D80/><U72/><E123/><V65/><F65/><W70/><G70/><T105/><REACH who="0" step="1"/><D58/><REACH who="0" ten="81,210,595,104" step="2"/><U40/><E7/><V59/><REACH who="2" step="1"/><F99/><AGARI ba="2,1" hai="52,56,60,68,69,71,96,97,99,105,106,107,120,121" machi="99" ten="50,6400,0" yaku="1,1,2,1,54,1,53,0" doraHai="47" doraHaiUra="0" who="0" fromWho="2" sc="81,80,210,0,595,-70,104,0" /><INIT seed="3,0,0,3,4,48" ten="161,210,525,104" oya="3" hai0="115,112,101,1,97,90,58,78,63,71,46,93,54" hai1="3,130,88,92,131,25,36,7,124,62,2,100,56" hai2="43,111,16,47,121,120,110,68,128,39,64,50,61" hai3="40,86,45,55,8,118,83,98,12,51,114,105,38"/><W14/><G114/><N who="0" m="43563" /><D1/><U18/><E36/><V20/><F39/><W22/><G118/><T84/><D71/><U60/><E100/><V35/><F35/><W26/><G105/><T15/><D15/><U66/><E124/><V72/><F72/><W27/><G98/><T13/><D13/><U65/><E18/><V23/><F23/><W41/><G38/><T113/><N who="0" m="43571" /><T52/><DORA hai="33" /><D78/><U89/><E25/><N who="2" m="14471" /><F128/><N who="1" m="49193" /><E7/><V108/><AGARI ba="0,0" hai="43,47,50,61,64,68,108,110,111,120,121" m="14471" machi="108" ten="40,2700,0" yaku="14,1,54,1" doraHai="48,33" who="2" fromWho="2" sc="161,-7,210,-7,525,27,104,-13" owari="154,-24.6,203,0.3,552,65.2,91,-40.9" /></mjloggm>