<mjloggm ver="2.3"><GO type="225" lobby="0"/><UN n0="%E5%8F%AF%E5%85%90%E9%82%A3%E7%94%B1%E5%A4%9A" n1="%72%61%6B%33" n2="%E6%B4%BE%E9%81%A3%E3%81%AE%E3%82%B8%E3%83%A3%E3%83%83%E3%82%AF" n3="%6D%75%75%6D%75%72%61" dan="16,17,16,16" rate="2197.85,2217.87,2176.68,2158.24" sx="F,M,M,F"/><TAIKYOKU oya="0"/><INIT seed="0,0,0,0,1,131" ten="250,250,250,250" oya="0" hai0="116,120,105,33,43,20,22,16,27,127,92,77,8" hai1="23,106,68,39,129,109,7,79,36,91,18,54,104" hai2="63,126,73,85,35,87,107,96,132,128,67,61,29" hai3="60,2,3,58,122,102,108,130,123,95,1,45,26"/><T83/><D116/><U89/><E129/><V11/><F73/><W70/><G130/><T30/><D120/><N who="3" m="46121" /><G70/><T115/><D115/><U37/><E109/><V6/><F128/><W101/><G108/><T117/><D117/><U28/><E68/><N who="2" m="42095" /><F63/><W124/><G124/><T44/><D127/><U114/><E114/><V103/><F126/><W12/><G12/><T78/><D105/><U42/><E42/><V46/><F46/><W4/><G4/><T93/><D8/><U49/><E7/><V111/><F111/><W41/><G26/><T119/><D119/><U97/><E28/><V52/><F52/><N who="3" m="33863" /><G95/><T133/><D33/><U0/><E106/><V25/><F132/><W118/><G118/><T40/><D133/><U51/><E104/><V76/><F76/><N who="0" m="29290" /><D83/><U10/><E79/><V48/><F48/><AGARI ba="0,0" hai="1,2,3,41,45,48,101,102" m="33863,46121" machi="48" ten="40,2600,0" yaku="13,1,54,1" doraHai="131" who="3" fromWho="2" sc="250,0,250,0,250,-26,250,26" /><INIT seed="1,0,0,2,0,116" ten="250,250,224,276" oya="1" hai0="115,129,24,71,9,66,26,48,77,86,45,118,119" hai1="55,17,50,63,7,13,57,79,126,34,120,40,35" hai2="0,97,56,62,87,58,15,73,39,72,89,60,3" hai3="102,43,23,85,123,70,78,117,31,91,42,46,44"/><U80/><E126/><V125/><F39/><W134/><G117/><T122/><D115/><U128/><E128/><V127/><F15/><W114/><G114/><T64/><D129/><U103/><E103/><V101/><F101/><W10/><G70/><T21/><D9/><U99/><E99/><V1/><F97/><W47/><G123/><T14/><D14/><U18/><E120/><V104/><F104/><W132/><G78/><T32/><D122/><U12/><E12/><V92/><F60/><W33/><G33/><T81/><D32/><U36/><E36/><V22/><F22/><W69/><G69/><T20/><D71/><U106/><E106/><V130/><F130/><W65/><G65/><T28/><D119/><U54/><E40/><V19/><F19/><W49/><G102/><T29/><REACH who="0" step="1"/><D118/><REACH who="0" ten="240,250,224,276" step="2"/><U90/><E34/><V121/><F121/><W52/><G10/><T98/><D98/><U96/><E35/><V38/><F125/><W100/><G132/><T11/><D11/><U93/><E13/><V30/><F127/><W107/><G134/><T51/><D51/><U135/><E135/><V111/><F38/><W95/><G49/><T16/><D16/><U4/><E17/><V88/><F3/><W25/><G25/><T108/><D108/><U27/><E27/><V2/><F111/><W112/><G112/><T124/><D124/><U67/><E18/><V53/><F30/><W37/><G31/><T5/><D5/><N who="1" m="2123" /><E50/><V109/><F109/><W8/><G37/><T83/><D83/><U68/><E68/><V75/><F0/><W41/><G8/><RYUUKYOKU ba="0,1" sc="240,15,250,15,224,-15,276,-15" hai0="20,21,24,26,28,29,45,48,64,66,77,81,86" hai1="54,55,57,63,67,79,80,90,93,96" /><INIT seed="1,1,1,5,3,59" ten="255,265,209,261" oya="1" hai0="95,102,6,129,135,34,63,15,99,64,39,17,45" hai1="86,132,13,120,121,97,51,25,80,113,82,43,131" hai2="111,69,61,40,50,36,88,7,1,24,66,52,4" hai3="71,103,3,9,112,28,5,11,89,85,22,41,125"/><U101/><E113/><V105/><F105/><W30/><G112/><T93/><D34/><U90/><E131/><V98/><F111/><W108/><G108/><T130/><D135/><U60/><E132/><V70/><F70/><W100/><G125/><T87/><D6/><U73/><E13/><V107/><F24/><W27/><G71/><T53/><D39/><U18/><E43/><V38/><F107/><W0/><G30/><T78/><D45/><U77/><E51/><V83/><F1/><W37/><G41/><T115/><D53/><U92/><E18/><V116/><F116/><W134/><G37/><T19/><D115/><U124/><E25/><V56/><F38/><W8/><G134/><T104/><D78/><U110/><E110/><V79/><F98/><W75/><G75/><T12/><D12/><U94/><E124/><V47/><F88/><W10/><REACH who="3" step="1"/><G3/><REACH who="3" ten="255,265,209,251" step="2"/><T119/><D129/><U67/><REACH who="1" step="1"/><E82/><AGARI ba="1,2" hai="0,5,8,9,10,11,22,27,28,82,85,89,100,103" machi="82" ten="40,2600,0" yaku="1,1,2,1,53,0" doraHai="59" doraHaiUra="106" who="3" fromWho="1" sc="255,0,265,-29,209,0,251,49" /><INIT seed="2,0,0,4,3,109" ten="255,236,209,300" oya="2" hai0="17,127,104,117,70,116,9,123,96,2,129,33,25" hai1="75,41,37,89,106,82,11,65,126,95,38,5,14" hai2="131,51,4,30,53,3,63,22,54,110,122,62,115" hai3="86,15,112,32,12,39,91,27,133,59,83,73,67"/><V68/><F122/><W134/><G39/><T19/><D70/><U18/><E126/><V16/><F131/><W36/><G36/><T45/><D45/><U105/><E65/><V28/><F110/><W23/><G73/><T102/><D123/><U46/><E38/><V80/><F115/><W120/><G32/><T87/><D129/><U128/><E128/><V132/><F132/><N who="3" m="50795" /><G120/><T55/><D127/><U60/><E60/><N who="2" m="23083" /><F3/><W90/><G67/><T78/><D55/><N who="2" m="21002" /><F68/><W8/><G59/><T42/><D42/><U99/><E75/><V119/><F119/><N who="0" m="45642" /><D2/><U50/><E37/><V93/><F51/><W20/><G112/><T61/><D61/><U77/><REACH who="1" step="1"/><E18/><REACH who="1" ten="255,226,209,300" step="2"/><V35/><F35/><W49/><G49/><T69/><D33/><U79/><E79/><V31/><F4/><W85/><G20/><T1/><D17/><U81/><E81/><V130/><F130/><W29/><G8/><T0/><D9/><U48/><E48/><V118/><F118/><W52/><G52/><T111/><D111/><U97/><E97/><V24/><F80/><AGARI ba="0,1" hai="12,15,23,27,29,80,83,85,86,90,91" m="50795" machi="80" ten="30,1000,0" yaku="20,1" doraHai="109" who="3" fromWho="2" sc="255,0,226,0,209,-10,300,20" /><INIT seed="3,0,0,2,1,103" ten="255,226,199,320" oya="3" hai0="96,71,132,13,80,32,1,50,73,90,64,27,79" hai1="128,100,101,62,86,48,43,42,135,129,130,70,102" hai2="121,17,119,3,6,0,57,91,110,65,35,78,22" hai3="39,61,68,9,5,93,111,45,36,133,98,18,12"/><W41/><G133/><T97/><D1/><U29/><E135/><V11/><F119/><W122/><G122/><T112/><D132/><U84/><E29/><V20/><F35/><W30/><G111/><T44/><D112/><U21/><E21/><V117/><F117/><W46/><G30/><T116/><D116/><U125/><E125/><V85/><F3/><W53/><G18/><T55/><D90/><U87/><E48/><V7/><F7/><W23/><G23/><T47/><D13/><U33/><E33/><V106/><F110/><W76/><G76/><T74/><D74/><U31/><E31/><V115/><F115/><W34/><G34/><T72/><D72/><U99/><E99/><V75/><F121/><W26/><G26/><T89/><D89/><U60/><E70/><V24/><F22/><W114/><G114/><T131/><D131/><U77/><E77/><V134/><F134/><W4/><G4/><T120/><D120/><U81/><E81/><V15/><F0/><W58/><G68/><T108/><D108/><U82/><E82/><V92/><F106/><W118/><G118/><T94/><D94/><U38/><E38/><V54/><F65/><W59/><G59/><N who="0" m="33271" /><D27/><U51/><E51/><V113/><F113/><W67/><G67/><T37/><D32/><U124/><E124/><V25/><F25/><W52/><G53/><T56/><D71/><U127/><E127/><V2/><F2/><W16/><G5/><T10/><D10/><U107/><E107/><V49/><F75/><W28/><G28/><T126/><D126/><U63/><AGARI ba="0,0" hai="42,43,60,62,63,84,86,87,100,101,102,128,129,130" machi="63" ten="50,32000,5" yakuman="40" doraHai="103" who="1" fromWho="1" sc="255,-80,226,320,199,-80,320,-160" owari="175,-2.5,546,64.6,119,-38.1,160,-24.0" /></mjloggm>