<mjloggm ver="2.3"><GO type="225" lobby="0"/><UN n0="%E8%90%BD%E6%97%A5" n1="%E3%82%BC%E3%83%AB%E3%83%80%E3%81%AE%E4%BC%9D%E8%AA%AC" n2="%E3%81%BF%E3%81%BF%E3%81%9A" n3="%E6%97%A5%E6%9B%9C%E6%97%A5%E3%82%88%E3%82%8A%E3%81%AE%E4%BD%BF%E8%80%85" dan="16,18,18,17" rate="2182.96,2246.75,2218.24,2100.98" sx="F,M,M,M"/><TAIKYOKU oya="0"/><INIT seed="0,0,0,1,3,73" ten="250,250,250,250" oya="0" hai0="11,7,102,86,128,37,28,4,135,55,71,82,61" hai1="83,42,41,94,87,64,131,58,0,2,44,35,59" hai2="23,89,34,115,116,63,17,69,122,70,8,43,68" hai3="50,30,101,25,91,132,52,119,133,33,54,14,127"/><T76/><D128/><U27/><E131/><V20/><F34/><W65/><G119/><T75/><D135/><N who="3" m="51785" /><G127/><T126/><D126/><U15/><E94/><V26/><F122/><W18/><G65/><T6/><D37/><U117/><E117/><V99/><F116/><W62/><G101/><T114/><D114/><U47/><E15/><V46/><F115/><W92/><G62/><T38/><D38/><U121/><E121/><V40/><F8/><N who="3" m="6471" /><G50/><T93/><D28/><U109/><E109/><V130/><F130/><W13/><G13/><T118/><D118/><U67/><E27/><V103/><F63/><W66/><G66/><T108/><D108/><U129/><E129/><V21/><F43/><W5/><G5/><T88/><D102/><U74/><E35/><V51/><REACH who="2" step="1"/><F89/><REACH who="2" ten="250,250,240,250" step="2"/><W79/><G79/><T111/><D111/><U81/><E41/><V56/><F56/><W3/><G3/><T45/><D71/><U29/><E42/><V107/><AGARI ba="0,1" hai="17,20,21,23,26,40,46,51,68,69,70,99,103,107" machi="107" ten="30,2000,0" yaku="1,1,0,1,53,0" doraHai="73" doraHaiUra="105" who="2" fromWho="2" sc="250,-10,250,-5,240,30,250,-5" /><INIT seed="1,0,0,0,3,125" ten="240,245,270,245" oya="1" hai0="47,0,14,7,25,78,104,98,84,131,83,19,97" hai1="80,45,121,35,12,36,72,53,105,23,33,37,101" hai2="15,91,79,107,89,31,106,75,108,32,67,17,129" hai3="49,102,64,10,87,29,54,8,134,76,43,42,52"/><U119/><E119/><V5/><F5/><W86/><G134/><T2/><D104/><U63/><E121/><V81/><F67/><W20/><G102/><T110/><D110/><U77/><E105/><V55/><F108/><W3/><G64/><T112/><D112/><U124/><E101/><V39/><F39/><W27/><G3/><T96/><D25/><U59/><E124/><V24/><F91/><W41/><G54/><T9/><D131/><U16/><REACH who="1" step="1"/><E45/><REACH who="1" ten="240,235,270,245" step="2"/><V69/><F107/><W48/><G48/><T113/><D113/><U68/><E68/><V28/><F106/><W6/><G6/><T13/><REACH who="0" step="1"/><D47/><REACH who="0" ten="230,235,270,245" step="2"/><U132/><E132/><V126/><F126/><W61/><G61/><T90/><D90/><U95/><E95/><V50/><F89/><W73/><G73/><T34/><D34/><AGARI ba="0,2" hai="12,16,23,33,34,35,36,37,53,59,63,72,77,80" machi="34" ten="40,3900,0" yaku="1,1,54,1,53,0" doraHai="125" doraHaiUra="130" who="1" fromWho="0" sc="230,-39,235,59,270,0,245,0" /><INIT seed="1,1,0,5,0,96" ten="191,294,270,245" oya="1" hai0="50,69,70,7,112,115,105,130,118,83,93,57,72" hai1="2,0,77,9,133,87,58,99,127,33,3,132,15" hai2="66,134,1,30,95,22,12,68,43,126,21,11,32" hai3="125,51,14,6,89,61,44,42,107,113,26,91,82"/><U73/><E73/><V4/><F43/><W18/><G113/><T131/><D7/><U34/><E58/><V94/><F126/><W52/><G107/><T108/><D105/><U71/><E71/><N who="0" m="27145" /><D93/><U84/><E99/><V63/><F22/><N who="3" m="13655" /><G82/><T110/><D83/><U54/><E54/><V35/><F134/><N who="1" m="51817" /><E77/><V90/><F94/><W62/><G125/><T124/><D72/><U97/><E127/><V104/><F104/><W74/><G74/><T76/><D76/><U25/><E97/><V98/><REACH who="2" step="1"/><F12/><REACH who="2" ten="191,294,260,245" step="2"/><W38/><G42/><T81/><D81/><U29/><E33/><V111/><F111/><N who="0" m="42538" /><D124/><U13/><E15/><V56/><F56/><W79/><G14/><T20/><D118/><U48/><E13/><V60/><F60/><W114/><G62/><T80/><D20/><U19/><E3/><V59/><F59/><W121/><G61/><T128/><D80/><U78/><E2/><V47/><F47/><W40/><G44/><T102/><D102/><U123/><E0/><V129/><F129/><W101/><G101/><T119/><D119/><U10/><E34/><V92/><F92/><W88/><G40/><T64/><D64/><U17/><E10/><V37/><F37/><W120/><G38/><T36/><D36/><U49/><E9/><V116/><F116/><W67/><G67/><T28/><D28/><U135/><E29/><V106/><F106/><W46/><G46/><T122/><D122/><U75/><E123/><V41/><F41/><W117/><G117/><T65/><D65/><U109/><E135/><V55/><F55/><AGARI ba="1,1" hai="50,55,57,112,115,128,130,131" m="42538,27145" machi="55" ten="40,8000,1" yaku="19,1,14,1,34,2" doraHai="96" who="0" fromWho="2" sc="191,93,294,0,260,-83,245,0" /><INIT seed="2,0,0,1,2,49" ten="284,294,177,245" oya="2" hai0="99,48,118,4,58,81,8,73,97,116,33,54,65" hai1="131,56,70,120,40,78,76,92,119,3,84,50,24" hai2="30,128,112,105,38,25,132,12,121,83,7,111,71" hai3="93,134,77,1,98,45,23,21,100,122,36,114,80"/><V91/><F112/><W66/><G122/><T126/><D33/><U0/><E70/><V17/><F121/><W89/><G1/><T31/><D31/><U130/><E120/><V94/><F105/><W69/><G69/><T88/><D65/><U19/><E119/><N who="0" m="45609" /><D126/><U60/><E50/><V82/><F38/><W27/><G66/><T14/><D73/><U35/><E40/><V133/><F7/><W115/><G89/><T2/><D2/><U9/><E92/><V44/><F71/><W102/><G102/><T47/><D58/><U75/><E84/><AGARI ba="0,0" hai="4,8,14,47,48,54,81,84,88,97,99" m="45609" machi="84" ten="30,3900,0" yaku="12,1,52,1,54,1" doraHai="49" who="0" fromWho="1" sc="284,39,294,-39,177,0,245,0" /><INIT seed="3,0,0,5,3,58" ten="323,255,177,245" oya="3" hai0="35,130,117,114,123,4,12,38,111,15,96,69,32" hai1="97,72,10,63,124,91,42,109,25,118,100,119,23" hai2="40,122,134,2,67,19,86,81,18,107,121,77,95" hai3="14,126,53,131,46,56,47,30,22,61,29,41,135"/><W1/><G1/><T128/><D96/><U16/><E109/><V102/><F2/><W80/><G126/><T20/><D69/><U34/><E124/><V11/><F134/><W83/><G135/><T27/><D38/><U110/><E110/><V48/><F107/><W78/><G131/><N who="0" m="50219" /><D111/><U99/><E72/><V104/><F104/><W98/><G98/><T79/><D117/><N who="1" m="44555" /><E34/><N who="0" m="12841" /><D123/><U113/><E113/><V87/><F67/><W51/><G47/><T132/><D132/><U71/><E42/><V89/><F102/><W52/><G41/><T8/><D79/><U31/><E91/><V44/><REACH who="2" step="1"/><F11/><REACH who="2" ten="323,255,167,245" step="2"/><W64/><G64/><T17/><D114/><U24/><E100/><V45/><F45/><W54/><G54/><T50/><D8/><U112/><E10/><V127/><F127/><W21/><G83/><T116/><D116/><U57/><E112/><V101/><F101/><W36/><G36/><T49/><D4/><U75/><E71/><V103/><F103/><W90/><G53/><T120/><D120/><AGARI ba="0,1" hai="18,19,40,44,48,77,81,86,87,89,95,120,121,122" machi="120" ten="40,2600,0" yaku="1,1,13,1,53,0" doraHai="58" doraHaiUra="28" who="2" fromWho="0" sc="323,-26,255,0,167,36,245,0" /><INIT seed="4,0,0,2,2,74" ten="297,255,203,245" oya="0" hai0="131,129,67,109,83,16,71,40,106,86,58,135,8" hai1="81,116,130,57,90,93,6,114,13,120,110,68,24" hai2="75,94,111,126,121,22,96,50,59,84,54,9,79" hai3="64,43,31,12,77,1,134,127,102,69,70,107,76"/><T112/><D112/><U32/><E68/><V132/><F111/><W103/><G1/><T119/><D119/><U38/><E116/><V11/><F121/><W28/><G107/><T36/><D106/><U27/><E38/><V133/><F75/><W52/><G43/><T34/><D34/><U17/><E120/><V85/><F126/><W0/><G0/><T19/><D71/><U115/><E110/><V72/><F72/><W118/><G118/><T65/><D109/><U124/><E124/><V91/><F22/><W97/><G64/><N who="0" m="24651" /><D58/><U117/><E57/><V98/><F132/><W95/><G127/><T37/><D135/><U35/><E81/><N who="2" m="47167" /><F133/><W73/><G73/><T66/><D66/><U5/><E117/><V101/><F98/><W41/><G41/><T21/><D8/><N who="2" m="3146" /><F85/><W92/><G134/><T20/><D20/><N who="1" m="11311" /><E35/><V26/><F26/><N who="1" m="9769" /><E32/><V104/><F104/><W56/><G70/><T80/><D19/><U47/><E6/><V89/><AGARI ba="0,0" hai="50,54,59,89,91,94,96,101" m="3146,47167" machi="89" ten="30,2000,0" yaku="8,1,52,1" doraHai="74" who="2" fromWho="2" sc="297,-10,255,-5,203,20,245,-5" /><INIT seed="5,0,0,4,4,119" ten="287,250,223,240" oya="1" hai0="121,81,50,101,52,43,77,4,27,114,61,118,92" hai1="9,35,15,34,13,30,51,46,71,69,133,103,73" hai2="127,117,70,99,124,102,80,59,60,56,115,39,82" hai3="85,76,100,2,55,45,8,130,91,0,116,111,11"/><U132/><E73/><V22/><F117/><W68/><G68/><T36/><D36/><U31/><E103/><V12/><F39/><W108/><G76/><T3/><D118/><U53/><E9/><V97/><F70/><N who="1" m="26633" /><E46/><V66/><F56/><W54/><G100/><T125/><D43/><U105/><E51/><V106/><F99/><W128/><G116/><T112/><D61/><U109/><E53/><V120/><F120/><W110/><G45/><T83/><D121/><U104/><E109/><V107/><F107/><N who="1" m="41033" /><E15/><V26/><F12/><W47/><G47/><T90/><D101/><U129/><E13/><V131/><F131/><N who="3" m="50219" /><G11/><T37/><D37/><U135/><E129/><V98/><F98/><W123/><G8/><T94/><D50/><U14/><E14/><V7/><F7/><W122/><G54/><T74/><D52/><U58/><E58/><V88/><F115/><W41/><G55/><T28/><D4/><U84/><E84/><V75/><F75/><W44/><G41/><T10/><D10/><U79/><E79/><V1/><F1/><N who="3" m="619" /><G44/><T17/><D3/><U67/><E67/><V42/><F42/><W126/><G126/><N who="2" m="48169" /><F88/><W20/><G123/><T62/><D125/><U86/><E86/><V95/><F106/><W29/><G122/><T23/><D114/><U48/><E48/><V16/><AGARI ba="0,0" hai="16,22,26,59,60,66,80,82,95,97,102" m="48169" machi="16" ten="30,2000,0" yaku="18,1,54,1" doraHai="119" who="2" fromWho="2" sc="287,-5,250,-10,223,20,240,-5" /><INIT seed="6,0,0,2,0,52" ten="282,240,243,235" oya="2" hai0="100,38,59,11,82,104,54,55,119,75,63,47,25" hai1="24,37,128,133,36,105,127,30,72,111,51,41,50" hai2="118,78,120,18,94,115,116,56,126,68,81,40,65" hai3="132,19,42,67,20,71,29,8,83,21,45,74,28"/><V61/><F120/><W80/><G74/><T93/><D104/><U125/><E111/><V17/><F115/><W31/><G71/><T110/><D110/><U76/><E105/><V0/><F0/><W9/><G67/><T129/><D129/><U2/><E2/><V99/><F40/><W84/><G132/><T58/><D119/><U95/><E133/><V46/><F46/><W44/><G21/><T117/><D117/><U49/><E128/><V124/><F118/><W13/><G83/><T107/><D107/><U131/><E131/><V106/><F106/><W23/><G20/><T121/><D25/><U103/><E41/><V14/><F116/><W4/><G42/><T7/><D47/><N who="3" m="17993" /><G4/><T3/><D38/><U32/><E76/><AGARI ba="0,0" hai="8,9,13,19,23,28,29,31,76,80,84" m="17993" machi="76" ten="30,1000,0" yaku="8,1" doraHai="52" who="3" fromWho="1" sc="282,0,240,-10,243,0,235,10" /><INIT seed="7,0,0,0,5,129" ten="282,230,243,245" oya="3" hai0="118,25,31,67,41,63,65,20,106,112,79,114,23" hai1="77,16,101,57,82,64,46,52,123,135,56,27,4" hai2="70,11,132,121,100,97,47,87,126,104,32,36,55" hai3="115,44,61,39,103,58,119,17,48,108,111,3,102"/><W50/><G3/><T9/><D106/><U116/><E123/><V1/><F121/><W74/><G74/><T95/><D79/><U78/><E135/><V81/><F32/><W38/><G17/><T54/><D41/><U128/><E128/><V75/><F70/><W21/><G21/><T80/><D80/><U22/><E116/><V18/><F126/><W90/><G90/><T109/><D109/><N who="3" m="42057" /><G119/><T49/><D118/><U94/><E4/><V125/><F125/><W2/><G2/><T86/><D9/><U30/><E30/><V69/><F69/><W130/><G130/><T85/><D23/><U127/><E127/><V105/><F75/><W71/><G71/><N who="0" m="42431" /><D67/><U51/><E64/><V28/><F28/><W5/><G5/><T117/><D95/><U133/><E133/><V13/><F105/><W124/><G124/><T120/><D120/><U8/><E8/><V42/><F1/><W26/><G26/><T99/><D99/><N who="1" m="59639" /><E78/><V96/><F96/><W37/><G115/><N who="0" m="44075" /><D117/><U93/><E93/><V0/><F0/><W113/><G113/><T43/><D43/><U122/><E122/><V15/><F132/><W6/><G6/><T40/><D40/><U98/><E98/><V14/><F55/><W83/><G83/><T91/><D91/><AGARI ba="0,0" hai="11,13,14,15,18,36,42,47,81,87,91,97,100,104" machi="91" ten="30,1000,0" yaku="7,1" doraHai="129" who="2" fromWho="0" sc="282,-10,230,0,243,10,245,0" owari="272,37.2,230,-27.0,253,5.3,245,-15.5" /></mjloggm>