<mjloggm ver="2.3"><GO type="225" lobby="0"/><UN n0="%E3%81%99%E3%81%84%E3%81%BE%E3%81%9B%E3%83%BC%E3%82%93" n1="%6D%75%75%6D%75%72%61" n2="%72%61%6B%33" n3="%53%61%63%68%69%30%34" dan="16,16,16,16" rate="2127.67,2124.93,2149.52,2091.07" sx="M,F,M,M"/><TAIKYOKU oya="0"/><INIT seed="0,0,0,5,1,93" ten="250,250,250,250" oya="0" hai0="131,25,3,54,75,123,24,50,9,44,94,56,51" hai1="114,31,99,121,12,124,113,8,78,86,97,72,43" hai2="77,0,66,65,27,60,23,48,100,89,108,95,92" hai3="49,7,38,88,15,34,63,73,107,98,130,91,132"/><T36/><D123/><U76/><E121/><V4/><F108/><W125/><G38/><T109/><D75/><U83/><E124/><V70/><F66/><W74/><G34/><T79/><D79/><U105/><E43/><V20/><F77/><W110/><G125/><T13/><D3/><U32/><E32/><V47/><F0/><W26/><G110/><T46/><D131/><U1/><E1/><V55/><F4/><W40/><G130/><T104/><D104/><U52/><E105/><V112/><F112/><N who="1" m="43113" /><E31/><V122/><F122/><W111/><G26/><T53/><D109/><U28/><E28/><V30/><F100/><W85/><G107/><T22/><D22/><U57/><E76/><V5/><F5/><W2/><G40/><T128/><D128/><U64/><E64/><V103/><F103/><W90/><G111/><T59/><D36/><U96/><E72/><V10/><F10/><W134/><G74/><T80/><D80/><U6/><E99/><V119/><F119/><W16/><G98/><T61/><D94/><U19/><E6/><V33/><REACH who="2" step="1"/><F95/><REACH who="2" ten="250,250,240,250" step="2"/><W101/><G7/><N who="0" m="3263" /><D59/><U87/><E87/><AGARI ba="0,1" hai="20,23,27,30,33,47,48,55,60,65,70,87,89,92" machi="87" ten="30,2000,0" yaku="1,1,7,1,53,0" doraHai="93" doraHaiUra="14" who="2" fromWho="1" sc="250,0,250,-20,240,30,250,0" /><INIT seed="1,0,0,2,4,8" ten="250,230,270,250" oya="1" hai0="74,115,21,82,68,92,34,102,27,71,7,110,6" hai1="39,15,30,129,31,133,126,89,47,19,99,38,79" hai2="123,127,24,45,130,107,120,72,36,122,59,131,55" hai3="20,111,118,90,52,54,86,104,80,10,119,46,125"/><U108/><E129/><N who="2" m="49163" /><F107/><W103/><G111/><T16/><D110/><U60/><E108/><V132/><F72/><W113/><G113/><T66/><D115/><U135/><E126/><V63/><F24/><W53/><G125/><T44/><D34/><U9/><E79/><V5/><F5/><W1/><G20/><T0/><D44/><U83/><E60/><V96/><F96/><N who="3" m="61543" /><G1/><T25/><D25/><U67/><E67/><V26/><F26/><W124/><G10/><T69/><D66/><U48/><E99/><V85/><F85/><W84/><G84/><T2/><D2/><U114/><E114/><V94/><F94/><W109/><G109/><T37/><D37/><U61/><E61/><V56/><F56/><W33/><G33/><T11/><D7/><U73/><E73/><V76/><F76/><W87/><G87/><T112/><D112/><U121/><E121/><V117/><F127/><W100/><G100/><T64/><D64/><U58/><E58/><V105/><F105/><W41/><G124/><T128/><D128/><U51/><E89/><V17/><F17/><W62/><G62/><T65/><D65/><U35/><E83/><V29/><F29/><N who="1" m="10761" /><E35/><V93/><F93/><W42/><G46/><T57/><D57/><U50/><E47/><V28/><F28/><W106/><G106/><T75/><D82/><U134/><AGARI ba="0,0" hai="9,15,19,38,39,48,50,51,133,134,135" m="10761" machi="134" ten="40,3900,0" yaku="20,1,52,1" doraHai="8" who="1" fromWho="1" sc="250,-13,230,39,270,-13,250,-13" /><INIT seed="1,1,0,1,1,124" ten="237,269,257,237" oya="1" hai0="52,65,30,118,38,132,123,57,102,51,107,23,3" hai1="26,69,127,33,134,53,90,122,135,126,28,98,35" hai2="115,88,93,129,55,10,31,77,95,50,5,16,21" hai3="58,36,63,114,101,110,100,34,78,39,4,40,47"/><U133/><E122/><V73/><F129/><W32/><G114/><T83/><D118/><U80/><E69/><V56/><F115/><W85/><G39/><T99/><D123/><U49/><E35/><V76/><F31/><W1/><G110/><T103/><D3/><U68/><E68/><V42/><F42/><W29/><G100/><T119/><D119/><U44/><E80/><V37/><F37/><W18/><G18/><T82/><D132/><U106/><REACH who="1" step="1"/><E90/><REACH who="1" ten="237,259,257,237" step="2"/><V19/><F73/><W20/><G34/><T14/><D83/><U92/><E92/><V87/><F95/><W128/><G32/><T74/><D82/><U97/><E97/><V89/><F89/><W70/><G70/><T109/><D74/><U13/><E13/><N who="2" m="9359" /><F19/><W86/><G1/><AGARI ba="1,1" hai="1,5,10,50,55,56,76,77,87,88,93" m="9359" machi="1" ten="30,3900,0" yaku="25,1,54,2" doraHai="124" who="2" fromWho="3" sc="237,0,259,0,257,52,237,-42" /><INIT seed="2,0,0,4,5,111" ten="237,259,309,195" oya="2" hai0="65,62,78,96,130,1,129,12,49,120,57,15,104" hai1="26,86,108,32,8,59,135,102,91,87,22,60,118" hai2="119,82,83,84,4,126,14,33,47,92,0,80,35" hai3="90,9,134,46,16,53,55,110,99,85,42,68,50"/><V114/><F119/><W98/><G134/><T101/><D120/><U52/><E135/><V123/><F123/><W24/><G110/><T11/><D78/><U34/><E108/><V113/><F0/><W72/><G68/><T13/><D49/><U7/><E118/><V74/><F74/><W128/><G128/><N who="0" m="49259" /><D1/><U37/><E102/><V70/><F70/><W121/><G72/><T3/><D3/><U79/><E37/><V20/><F47/><W38/><G121/><T88/><D88/><U19/><E79/><V93/><F126/><W28/><G38/><T51/><D51/><U76/><E76/><V63/><F63/><W97/><G9/><AGARI ba="0,0" hai="9,11,12,13,15,57,62,65,96,101,104" m="49259" machi="9" ten="30,1000,0" yaku="19,1" doraHai="111" who="0" fromWho="3" sc="237,10,259,0,309,0,195,-10" /><INIT seed="3,0,0,3,5,61" ten="247,259,309,185" oya="3" hai0="57,2,46,98,34,56,14,125,116,122,20,88,84" hai1="71,94,81,68,96,115,0,93,32,113,106,53,52" hai2="101,18,36,26,59,123,112,44,120,86,135,73,8" hai3="43,4,37,19,27,6,21,132,70,91,72,74,7"/><W66/><G132/><T126/><D122/><U79/><E106/><V111/><F73/><W55/><G55/><T31/><D116/><U24/><E0/><V133/><F112/><W16/><G43/><T13/><D2/><U3/><E3/><V119/><F119/><W103/><G37/><T42/><D98/><U124/><E124/><N who="0" m="47721" /><D34/><U82/><E96/><V128/><F111/><W51/><G103/><T114/><D31/><U5/><E5/><V100/><F128/><W58/><G91/><T76/><D76/><U118/><E118/><V48/><F59/><N who="0" m="22602" /><D20/><U105/><E105/><V9/><F100/><W64/><G19/><T130/><D130/><U75/><E32/><V41/><F101/><W50/><G70/><T54/><D54/><U39/><E79/><V1/><F1/><W29/><G29/><T17/><D17/><U62/><E75/><V65/><F18/><W38/><G38/><N who="0" m="21847" /><D114/><U95/><E39/><V87/><F36/><W97/><G97/><T134/><D134/><U23/><E23/><V121/><F135/><W108/><G108/><T89/><D89/><U99/><E99/><V12/><F133/><W129/><G129/><T47/><D47/><U22/><E113/><V45/><F45/><W77/><G72/><T30/><D30/><N who="1" m="17687" /><E115/><V15/><F123/><W49/><REACH who="3" step="1"/><G58/><REACH who="3" ten="247,259,309,175" step="2"/><T69/><D69/><U110/><E110/><V102/><F121/><W127/><G127/><T80/><AGARI ba="0,1" hai="13,14,80,84,88" m="21847,22602,47721" machi="80" ten="30,2000,0" yaku="18,1,54,1" doraHai="61" who="0" fromWho="0" sc="247,30,259,-5,309,-5,175,-10" owari="277,7.7,254,-14.6,304,40.4,165,-33.5" /></mjloggm>