<mjloggm ver="2.3"><GO type="225" lobby="0"/><UN n0="%E6%B0%B7%E5%B7%9D%E9%87%8C%E5%A5%88" n1="%E3%81%82%E3%81%99%E3%81%AB%E3%82%83%E3%82%80" n2="%E7%B4%94%E6%BD%94%E3%83%94%E3%83%A9%E3%83%8B%E3%82%A2" n3="%E3%81%BF%E3%81%BF%E3%81%9A" dan="16,16,17,17" rate="2056.52,2114.45,2216.73,2312.55" sx="F,F,M,M"/><TAIKYOKU oya="0"/><INIT seed="0,0,0,2,4,71" ten="250,250,250,250" oya="0" hai0="64,41,20,3,8,90,115,56,127,17,46,111,38" hai1="122,77,79,129,105,63,59,96,82,6,28,110,66" hai2="43,69,83,76,53,89,1,30,62,47,10,52,130" hai3="88,26,132,42,92,70,106,4,75,73,39,80,5"/><T2/><D115/><U91/><E122/><V94/><F130/><W45/><G132/><T67/><D127/><U95/><E129/><V13/><F30/><W116/><G116/><T65/><D111/><U37/><E110/><V49/><F1/><W16/><G106/><T23/><D56/><U86/><E37/><V29/><F29/><W58/><G70/><T81/><D8/><U11/><E28/><V35/><F35/><W108/><G108/><T98/><D20/><U74/><E105/><V44/><F44/><W14/><G26/><T117/><D117/><U48/><E48/><V40/><F69/><W84/><G58/><T126/><D126/><U118/><E118/><V128/><F43/><W24/><G24/><T112/><D112/><U51/><E51/><V131/><F62/><W27/><G27/><T68/><D68/><U104/><E104/><V0/><F0/><W18/><G18/><T15/><REACH who="0" step="1"/><D81/><REACH who="0" ten="240,250,250,250" step="2"/><U102/><REACH who="1" step="1"/><E74/><REACH who="1" ten="240,240,250,250" step="2"/><V60/><F128/><W133/><G75/><T99/><D99/><U100/><E100/><V32/><F131/><W12/><G133/><T119/><D119/><U124/><E124/><V107/><F32/><W109/><G109/><T135/><D135/><U61/><E61/><V123/><F60/><W101/><G101/><T113/><D113/><U57/><E57/><V31/><F31/><W85/><G73/><T78/><D78/><U55/><E55/><V25/><F76/><W22/><REACH who="3" step="1"/><G14/><AGARI ba="0,2" hai="6,11,14,59,63,66,77,79,82,86,91,95,96,102" machi="14" ten="30,3900,0" yaku="1,1,7,1,8,1,53,0" doraHai="71" doraHaiUra="21" who="1" fromWho="3" sc="240,0,240,59,250,0,250,-39" /><INIT seed="1,0,0,2,3,35" ten="240,299,250,211" oya="1" hai0="116,40,110,43,47,60,125,132,11,31,44,103,41" hai1="109,90,9,105,68,51,113,86,33,8,30,120,54" hai2="92,21,63,106,3,102,70,6,81,134,5,61,124" hai3="34,91,48,82,119,129,29,118,55,24,89,69,94"/><U77/><E113/><V135/><F106/><W95/><G69/><T93/><D125/><U62/><E105/><V50/><F124/><W36/><G36/><T123/><D116/><U1/><E120/><V74/><F50/><W39/><G39/><T128/><D123/><U52/><E77/><N who="2" m="44215" /><F21/><W0/><G129/><T121/><D121/><U26/><E109/><V22/><F22/><W64/><G64/><T18/><D110/><U38/><E38/><V66/><F63/><W58/><G82/><T27/><D128/><U130/><E130/><V56/><F56/><W32/><G32/><T79/><D79/><U75/><E75/><V122/><F122/><W4/><G94/><T57/><D132/><N who="2" m="50730" /><F3/><W97/><REACH who="3" step="1"/><G91/><REACH who="3" ten="240,299,250,201" step="2"/><T65/><D93/><U76/><E68/><V53/><F53/><W46/><G46/><T117/><D117/><U45/><E54/><V13/><F13/><W59/><G59/><T71/><D71/><U72/><E52/><V49/><F49/><W108/><G108/><T14/><REACH who="0" step="1"/><D103/><REACH who="0" ten="230,299,250,201" step="2"/><U107/><E76/><V16/><F102/><W80/><G80/><T83/><D83/><U104/><E72/><V96/><F92/><W84/><G84/><T42/><D42/><U7/><E86/><V85/><F85/><W19/><G19/><T87/><D87/><U23/><E30/><V114/><F16/><W101/><G101/><T98/><D98/><U10/><E7/><N who="2" m="2571" /><F96/><W12/><G12/><T28/><D28/><U126/><E126/><V115/><AGARI ba="0,2" hai="61,66,70,114,115" m="2571,50730,44215" machi="115" ten="40,1500,0" yaku="20,1" doraHai="35" who="2" fromWho="2" sc="230,-4,299,-7,250,35,201,-4" /><INIT seed="2,0,0,5,3,58" ten="226,292,285,197" oya="2" hai0="103,104,83,57,86,95,19,108,125,122,20,84,27" hai1="100,120,112,48,15,65,38,59,8,113,56,121,70" hai2="105,93,94,30,81,96,72,64,11,13,132,134,42" hai3="52,109,118,5,16,131,47,63,22,24,41,44,98"/><V111/><F30/><W71/><G118/><T66/><D122/><N who="1" m="47211" /><E100/><N who="2" m="62599" /><F42/><W39/><G109/><T79/><D108/><U75/><E75/><V37/><F37/><W90/><G131/><T117/><D125/><U10/><E38/><V33/><F33/><W31/><G5/><T123/><D123/><U50/><E10/><V127/><F127/><W87/><G98/><N who="0" m="59871" /><D104/><U34/><E34/><V35/><F35/><W106/><G106/><T43/><D117/><U119/><E119/><V89/><F64/><W97/><G97/><T18/><D86/><U51/><E15/><V124/><F124/><W29/><G47/><T110/><D110/><U69/><E8/><V3/><F3/><W116/><G116/><T135/><D135/><N who="2" m="51754" /><F111/><W68/><G68/><N who="1" m="26218" /><E65/><V1/><F1/><W126/><G126/><T67/><D43/><U40/><E40/><V130/><F130/><W133/><G133/><T7/><D7/><U32/><E32/><V55/><F55/><W85/><G85/><T91/><D66/><U62/><E62/><V115/><F115/><AGARI ba="0,0" hai="48,50,51,56,59,112,113,115" m="26218,47211" machi="115" ten="40,8000,1" yaku="28,2,13,1,34,2" doraHai="58" who="1" fromWho="2" sc="226,0,292,80,285,-80,197,0" /><INIT seed="3,0,0,3,0,23" ten="226,372,205,197" oya="3" hai0="62,114,108,85,61,34,90,132,51,121,93,43,41" hai1="57,94,68,26,73,64,56,6,91,126,65,8,35" hai2="28,103,14,109,115,30,4,32,24,77,88,102,47" hai3="79,112,99,83,101,49,7,95,70,58,127,37,82"/><W55/><G112/><T38/><D121/><U39/><E73/><V123/><F115/><W12/><G127/><T87/><D34/><U67/><E39/><V76/><F123/><W119/><G119/><T106/><D106/><U19/><E68/><V120/><F120/><W135/><G135/><T117/><D117/><U9/><E35/><V44/><F109/><W22/><G70/><T15/><D38/><U110/><E110/><V48/><F32/><W133/><G133/><T50/><D108/><U54/><E56/><V96/><F24/><W104/><G37/><T46/><D132/><U25/><E19/><V107/><F107/><W116/><G116/><T81/><D15/><N who="1" m="5527" /><E9/><V11/><F30/><W29/><G104/><T53/><D114/><U0/><E0/><V118/><F28/><W17/><G7/><T75/><D75/><U21/><E21/><V66/><F66/><W80/><REACH who="3" step="1"/><G29/><REACH who="3" ten="226,372,205,187" step="2"/><T40/><D50/><N who="1" m="30935" /><E126/><V1/><F118/><W5/><G5/><T124/><D124/><U128/><E128/><V3/><F48/><W10/><G10/><T20/><D20/><U131/><E131/><V72/><F3/><W134/><G134/><T16/><D16/><U69/><E69/><V100/><F1/><W31/><G31/><T59/><D59/><U129/><E129/><V98/><F44/><W33/><G33/><T111/><D111/><U105/><E105/><V84/><F47/><W27/><G27/><T74/><D74/><AGARI ba="0,1" hai="12,17,22,49,55,58,74,79,80,82,83,95,99,101" machi="74" ten="30,12000,1" yaku="1,1,7,1,53,3" doraHai="23" doraHaiUra="78" who="3" fromWho="0" sc="226,-120,372,0,205,0,187,130" /><INIT seed="3,1,0,3,4,133" ten="106,372,205,317" oya="3" hai0="1,61,135,64,118,42,80,78,134,128,0,51,67" hai1="24,2,8,106,83,117,26,99,88,94,21,107,9" hai2="23,6,90,5,43,62,69,15,65,109,59,84,40" hai3="125,58,30,102,132,101,82,22,19,131,77,71,119"/><W45/><G71/><T122/><D118/><U56/><E117/><V66/><F109/><W29/><G119/><T76/><D122/><U123/><E123/><V4/><F66/><W44/><G132/><T87/><D128/><U38/><E38/><V92/><F69/><W126/><G131/><T124/><D42/><U127/><E127/><N who="3" m="48650" /><G58/><T33/><D124/><U52/><E2/><V35/><F35/><W113/><G113/><T116/><D33/><U18/><E107/><V54/><F65/><W81/><G102/><T96/><D116/><U97/><E26/><V75/><F75/><N who="3" m="43199" /><G101/><T105/><D51/><U129/><E129/><V55/><F59/><W20/><G82/><T3/><D105/><U115/><E115/><V130/><F130/><W39/><G39/><T89/><D96/><U11/><E83/><V73/><F73/><W41/><G22/><T7/><D7/><U72/><E72/><V110/><F5/><W74/><G74/><T31/><D134/><U50/><E106/><V91/><F6/><W98/><G98/><AGARI ba="1,0" hai="8,9,11,18,21,24,50,52,56,88,94,97,98,99" machi="98" ten="40,5200,0" yaku="8,1,54,2" doraHai="133" who="1" fromWho="3" sc="106,0,372,55,205,0,317,-55" owari="106,-39.4,427,52.7,205,-19.5,262,6.2" /></mjloggm>