<mjloggm ver="2.3"><GO type="225" lobby="0"/><UN n0="%72%69%6F%75%63%68%61%6E" n1="%E5%87%BA%E6%B0%B4" n2="%6D%75%75%6D%75%72%61" n3="%E8%B1%86%59%E5%A4%AA%E9%83%8E" dan="17,16,17,16" rate="2275.92,2081.31,2146.46,2041.93" sx="M,F,F,M"/><TAIKYOKU oya="0"/><INIT seed="0,0,0,4,3,66" ten="250,250,250,250" oya="0" hai0="44,55,134,88,29,41,9,81,101,106,135,32,128" hai1="16,62,122,35,90,123,57,109,30,45,73,4,92" hai2="47,8,36,80,38,96,20,120,115,54,129,43,56" hai3="3,0,33,78,133,72,28,89,79,117,37,95,103"/><T27/><D128/><U110/><E4/><V132/><F115/><W49/><G37/><T111/><D111/><N who="1" m="42507" /><E73/><V40/><F129/><W130/><G133/><N who="0" m="50699" /><D55/><N who="1" m="34111" /><E45/><V21/><F132/><W82/><G117/><T65/><D65/><U64/><E64/><V71/><F120/><W67/><G67/><T85/><D9/><U7/><E7/><V99/><F47/><W14/><G103/><T104/><D101/><U18/><E30/><V11/><F56/><W39/><G39/><AGARI ba="0,0" hai="27,29,32,39,41,44,81,85,88,104,106" m="50699" machi="39" ten="30,2900,0" yaku="20,1,54,1" doraHai="66" who="0" fromWho="3" sc="250,29,250,0,250,0,250,-29" /><INIT seed="0,1,0,3,2,24" ten="279,250,250,221" oya="0" hai0="114,18,80,76,128,116,100,19,89,133,113,123,51" hai1="60,83,39,127,33,43,74,112,73,50,65,125,107" hai2="13,126,132,32,104,118,29,8,54,63,16,109,122" hai3="23,90,38,30,111,9,87,62,56,96,135,37,70"/><T42/><D116/><U48/><E112/><V79/><F122/><W1/><G70/><T98/><D128/><U46/><E107/><V117/><F109/><W71/><G71/><T31/><D133/><U106/><E106/><V14/><F104/><W61/><G61/><T3/><D123/><U85/><E33/><V12/><F79/><W72/><G72/><T10/><D89/><U101/><E101/><V41/><F41/><W0/><G96/><T97/><D31/><U67/><E67/><V7/><F126/><N who="1" m="48137" /><E74/><V99/><F99/><W45/><G111/><T2/><D98/><U28/><E28/><V15/><F132/><W124/><G135/><T66/><D66/><U119/><E73/><V25/><REACH who="2" step="1"/><F7/><REACH who="2" ten="279,250,240,221" step="2"/><W95/><G124/><T93/><D114/><U108/><E108/><V17/><F17/><W81/><G30/><T94/><D113/><U47/><E119/><V53/><F53/><W88/><G90/><T64/><D19/><U103/><E103/><V22/><F22/><W105/><G23/><T78/><D76/><N who="1" m="46311" /><E47/><V68/><F68/><AGARI ba="1,1" hai="39,43,46,48,50,60,65,68" m="46311,48137" machi="68" ten="30,1000,0" yaku="18,1" doraHai="24" who="1" fromWho="2" sc="279,0,250,23,240,-13,221,0" /><INIT seed="1,0,0,2,2,72" ten="279,273,227,221" oya="1" hai0="92,116,106,12,46,87,88,118,35,90,73,132,52" hai1="57,80,130,22,16,38,19,45,97,112,58,104,98" hai2="31,53,64,135,129,15,107,125,50,44,99,68,49" hai3="0,85,40,124,77,61,66,79,117,71,62,6,75"/><U69/><E112/><V82/><F129/><W105/><G75/><T47/><D35/><U32/><E69/><V103/><F125/><W95/><G105/><T25/><D106/><U2/><E32/><V39/><F135/><W108/><G40/><T78/><D132/><U54/><E2/><V26/><F39/><W18/><G124/><T86/><D25/><U63/><E104/><V67/><F68/><W9/><G108/><T30/><D30/><U84/><E130/><V27/><F15/><W131/><G131/><T83/><D12/><N who="1" m="9479" /><E38/><V14/><F14/><W37/><G18/><T121/><D121/><U34/><E45/><V56/><F82/><W11/><G37/><T48/><D46/><U122/><E34/><V24/><REACH who="2" step="1"/><F31/><REACH who="2" ten="279,273,217,221" step="2"/><W109/><G109/><T133/><D133/><U123/><E123/><V81/><F81/><AGARI ba="0,1" hai="47,48,52,73,78,81,83,86,87,88,90,92,116,118" machi="81" ten="30,7700,0" yaku="7,1,52,1,54,2" doraHai="72" who="0" fromWho="2" sc="279,87,273,0,217,-77,221,0" /><INIT seed="2,0,0,5,4,112" ten="366,273,140,221" oya="2" hai0="48,31,96,26,35,13,10,54,37,86,4,28,11" hai1="52,121,1,57,73,56,9,8,105,128,74,36,43" hai2="6,85,14,62,49,70,24,118,21,129,94,97,69" hai3="133,29,106,3,75,59,120,19,65,67,88,134,82"/><V108/><F129/><W30/><G106/><T46/><D28/><N who="3" m="10857" /><G3/><T16/><D37/><U34/><E34/><V25/><F108/><W41/><G75/><T0/><D86/><U81/><E105/><V55/><F118/><W98/><G41/><T101/><D96/><U22/><E22/><V50/><F85/><N who="3" m="50231" /><G98/><T60/><D60/><U61/><E128/><V114/><F114/><W23/><G59/><T93/><D93/><U95/><E121/><V115/><F115/><W116/><G116/><T40/><REACH who="0" step="1"/><D101/><REACH who="0" ten="356,273,140,221" step="2"/><U78/><E95/><V33/><F62/><W51/><G120/><T83/><D83/><U66/><E74/><V87/><F87/><W80/><G80/><T58/><D58/><U53/><E57/><N who="2" m="33007" /><F70/><W127/><G51/><T135/><D135/><N who="3" m="51721" /><G127/><T113/><D113/><U92/><E73/><V42/><F69/><W122/><G122/><T64/><D64/><U110/><E36/><V45/><F33/><W104/><G104/><T130/><D130/><U47/><E110/><V71/><F71/><W90/><G90/><T27/><D27/><AGARI ba="0,1" hai="19,23,27,65,67" m="51721,50231,10857" machi="27" ten="30,2000,0" yaku="20,1,54,1" doraHai="112" who="3" fromWho="0" sc="356,-20,273,0,140,0,221,30" /><INIT seed="3,0,0,1,1,132" ten="336,273,140,251" oya="3" hai0="85,71,77,94,44,67,55,108,78,116,125,97,110" hai1="127,33,61,65,86,75,9,70,59,28,30,40,73" hai2="17,106,31,92,15,123,120,21,6,126,66,7,82" hai3="49,84,22,87,91,134,32,26,88,34,83,42,100"/><W29/><G100/><T118/><D125/><U43/><E127/><V135/><F106/><W122/><G122/><T74/><D74/><U124/><E124/><V20/><F126/><W38/><G38/><T63/><D55/><U35/><E9/><V115/><F115/><W111/><G111/><N who="0" m="42539" /><D44/><U121/><E86/><V72/><F135/><W69/><G69/><T50/><D50/><U46/><E121/><V128/><F66/><W36/><G36/><T56/><D56/><U131/><E131/><V3/><F92/><W37/><G37/><T47/><D47/><U57/><E46/><V68/><F68/><W129/><G134/><T90/><D85/><U79/><E79/><AGARI ba="0,0" hai="63,67,71,77,78,79,90,94,97,116,118" m="42539" machi="79" ten="30,1000,0" yaku="14,1" doraHai="132" who="0" fromWho="1" sc="336,10,273,-10,140,0,251,0" owari="346,44.6,263,6.3,140,-36.0,251,-14.9" /></mjloggm>