<mjloggm ver="2.3"><GO type="225" lobby="0"/><UN n0="%E6%A1%9C%E8%8A%B1%E9%96%83%E3%80%85" n1="%E9%89%A2%E5%B7%BB%E3%82%AC%E3%83%96" n2="%E6%A0%B9%E5%85%83%E3%81%8B%E3%82%89%E5%90%B9%E3%81%A3%E9%A3%9B%E3%81%B6" n3="%E5%84%AA%40%41%42%43" dan="17,16,17,18" rate="2145.18,2054.03,2222.11,2253.57" sx="M,M,F,M"/><TAIKYOKU oya="0"/><INIT seed="0,0,0,2,2,37" ten="250,250,250,250" oya="0" hai0="30,113,28,106,92,120,56,99,43,97,102,36,78" hai1="32,127,50,13,107,130,116,89,132,131,108,12,121" hai2="31,6,103,16,104,29,57,115,17,46,98,109,86" hai3="105,80,14,83,24,55,45,41,54,63,48,18,69"/><T126/><D113/><U64/><E107/><V111/><F115/><W122/><G105/><T39/><D120/><U91/><E32/><V42/><F6/><W2/><G2/><T129/><D129/><N who="1" m="49163" /><E116/><V66/><F31/><W119/><G119/><T5/><D126/><U128/><E121/><V76/><F29/><W79/><G24/><T90/><D39/><U47/><E64/><V22/><F76/><W88/><G122/><T49/><D5/><U15/><E127/><V68/><F86/><N who="3" m="50247" /><G69/><T7/><D7/><U93/><E132/><V67/><F68/><W84/><G63/><T74/><D36/><U100/><N who="1" m="49171" /><U33/><DORA hai="95" /><E33/><V61/><F66/><W21/><AGARI ba="0,0" hai="14,18,21,41,45,48,54,55,79,83,84" m="50247" machi="21" ten="30,4000,0" yaku="8,1,52,1,54,1" doraHai="37,95" who="3" fromWho="3" sc="250,-20,250,-10,250,-10,250,40" /><INIT seed="1,0,0,0,3,127" ten="230,240,240,290" oya="1" hai0="108,6,50,11,47,16,38,71,25,114,3,126,116" hai1="100,76,106,90,62,83,70,14,103,8,52,2,128" hai2="9,98,111,112,104,53,33,24,82,58,131,64,45" hai3="19,63,132,95,107,29,4,26,73,44,117,119,23"/><U78/><E2/><V42/><F111/><W99/><G73/><T123/><D114/><U79/><E128/><V65/><F112/><W10/><G132/><T46/><D116/><N who="3" m="44617" /><G107/><T84/><D126/><U36/><E36/><V39/><F82/><W109/><G63/><T121/><D108/><U102/><E106/><V40/><F40/><W91/><G44/><T32/><D71/><U35/><E35/><V135/><F135/><W60/><G60/><T49/><D84/><N who="1" m="50463" /><E70/><V77/><F77/><W69/><G69/><T55/><D38/><U43/><E43/><V37/><F37/><W80/><G80/><T97/><D97/><U125/><E125/><V93/><F104/><W88/><G109/><T61/><D61/><U129/><E129/><V89/><F9/><W59/><G59/><T28/><REACH who="0" step="1"/><D16/><REACH who="0" ten="220,240,240,290" step="2"/><N who="1" m="8263" /><E62/><V68/><F68/><W17/><G91/><T122/><D122/><U22/><E22/><V66/><F66/><W75/><G75/><T110/><D110/><U0/><E0/><AGARI ba="0,1" hai="0,4,10,17,19,23,26,29,88,95,99" m="44617" machi="0" ten="30,2000,0" yaku="12,1,54,1" doraHai="127" who="3" fromWho="1" sc="220,0,240,-20,240,0,290,30" /><INIT seed="2,0,0,4,0,8" ten="220,220,240,320" oya="2" hai0="4,134,45,44,24,85,66,59,33,36,76,14,87" hai1="89,127,113,60,108,35,48,67,23,49,70,97,98" hai2="55,133,115,131,25,10,57,124,94,104,19,9,22" hai3="109,38,72,68,126,32,0,92,107,2,80,125,96"/><V52/><F115/><W31/><G109/><T105/><D105/><U84/><E113/><V30/><F104/><W50/><G38/><T51/><D134/><U61/><E35/><V73/><F73/><W111/><G68/><T34/><D36/><U18/><E108/><V75/><F75/><W88/><G111/><T101/><D101/><U5/><E5/><V132/><F124/><N who="3" m="47723" /><G107/><T46/><D33/><U7/><E7/><V37/><F131/><W71/><G71/><T16/><D34/><U15/><E127/><V93/><F37/><W102/><G50/><N who="1" m="19562" /><E70/><V40/><F40/><W122/><G122/><T29/><D29/><U20/><E20/><V3/><F3/><W63/><G63/><N who="1" m="24138" /><E67/><V83/><F57/><W117/><G117/><T39/><D39/><U65/><E65/><V13/><F10/><W42/><G42/><T69/><D69/><U86/><E86/><N who="0" m="32777" /><D66/><U95/><AGARI ba="0,0" hai="15,18,23,84,89,95,97,98" m="24138,19562" machi="95" ten="30,2000,0" yaku="8,1,52,1" doraHai="8" who="1" fromWho="1" sc="220,-5,220,20,240,-10,320,-5" /><INIT seed="3,0,0,0,1,117" ten="215,240,230,315" oya="3" hai0="126,25,52,109,13,12,57,58,59,43,26,42,67" hai1="38,61,107,46,71,74,51,69,34,124,55,81,103" hai2="83,98,33,11,8,31,118,114,68,1,96,72,94" hai3="92,89,70,29,40,44,3,102,2,121,127,5,14"/><W4/><G70/><T111/><D67/><U36/><E34/><V125/><F68/><W123/><G102/><T99/><D99/><U108/><E81/><V90/><F114/><W78/><G29/><T41/><D126/><U101/><E74/><V27/><F118/><W93/><G78/><T65/><D65/><U105/><E61/><V130/><F130/><W48/><G127/><T63/><D63/><U54/><E51/><V24/><F1/><W122/><G92/><T53/><D58/><U82/><E82/><V100/><F27/><W110/><G110/><T131/><REACH who="0" step="1"/><D42/><REACH who="0" ten="205,240,230,315" step="2"/><U88/><E124/><V134/><F125/><W119/><G119/><T84/><D84/><U86/><E86/><V77/><F134/><W17/><G3/><T60/><D60/><U20/><E69/><V132/><F132/><W39/><G2/><T0/><D0/><U19/><E71/><V49/><F49/><W120/><G48/><T16/><D16/><U21/><E19/><V22/><F33/><W28/><G121/><T23/><D23/><U10/><E20/><V30/><F30/><W6/><G28/><T112/><D112/><U80/><E21/><V116/><F116/><W32/><G32/><T35/><D35/><U133/><E133/><V87/><F98/><N who="3" m="57647" /><G123/><T37/><D37/><U62/><E36/><V7/><F7/><W113/><G113/><T56/><D56/><U18/><E38/><V66/><F66/><W73/><G122/><T15/><D15/><U75/><E18/><V106/><AGARI ba="0,1" hai="8,11,22,24,31,72,77,83,87,90,94,96,100,106" machi="106" ten="20,5200,0" yaku="0,1,7,1,24,2" doraHai="117" who="2" fromWho="2" sc="205,-13,240,-13,230,62,315,-26" /><INIT seed="4,0,0,5,5,89" ten="192,227,292,289" oya="0" hai0="2,43,56,109,24,71,128,92,16,23,85,57,32" hai1="70,59,49,34,72,95,54,31,20,26,47,83,4" hai2="36,5,42,90,50,126,41,8,74,133,53,15,1" hai3="3,12,123,10,81,114,116,7,6,84,0,100,124"/><T33/><D71/><U96/><E70/><V27/><F74/><W80/><G116/><T79/><D128/><U122/><E122/><V113/><F113/><W69/><G69/><T62/><D109/><U86/><E72/><V9/><F36/><W94/><G114/><T17/><D2/><U88/><E4/><N who="3" m="1578" /><G3/><T131/><D131/><U107/><E107/><V25/><F126/><W130/><G0/><T77/><D43/><U39/><E39/><V13/><F133/><W118/><G118/><T51/><D33/><U28/><E34/><V61/><F61/><W30/><G130/><T99/><D32/><U112/><E112/><V78/><F78/><N who="0" m="29706" /><D85/><U102/><E47/><N who="2" m="27871" /><F90/><W46/><G100/><N who="0" m="60519" /><D51/><U11/><E11/><N who="2" m="4335" /><F1/><W127/><G123/><T120/><D120/><U103/><E103/><V73/><F73/><W37/><G37/><T67/><D57/><U134/><E134/><V121/><F121/><W129/><G46/><T66/><D66/><U29/><AGARI ba="0,0" hai="20,26,28,29,31,49,54,59,83,86,88,95,96,102" machi="29" ten="20,8000,1" yaku="0,1,7,1,8,1,52,1,54,1" doraHai="89" who="1" fromWho="1" sc="192,-40,227,80,292,-20,289,-20" owari="152,-34.8,307,40.7,272,7.2,269,-13.1" /></mjloggm>