<mjloggm ver="2.3"><GO type="225" lobby="0"/><UN n0="%E7%AB%8B%E7%9B%B4%E5%A5%BD%E6%A3%92%40%E5%BF%98" n1="%E3%82%A2%E3%83%AC%E3%83%83%E3%82%AF%E3%82%B9%5A%5A%56" n2="%E3%83%B4%E3%83%A0%EF%BC%99%E3%81%A6" n3="%E6%9D%B1%E9%A2%A8%E3%81%AE%E3%81%8D%E3%82%83%E3%81%B7%E3%81%95%E3%82%93" dan="17,16,16,16" rate="2140.29,2084.04,2125.88,2177.60" sx="M,F,M,M"/><TAIKYOKU oya="0"/><INIT seed="0,0,0,0,0,14" ten="250,250,250,250" oya="0" hai0="10,11,129,80,112,41,125,90,123,30,73,47,19" hai1="27,133,130,9,43,132,29,71,104,1,65,119,75" hai2="62,70,6,49,18,85,83,96,15,13,134,127,45" hai3="120,48,111,3,33,131,58,22,21,74,5,108,118"/><T99/><D112/><U20/><E75/><V116/><F127/><W110/><G74/><T97/><D123/><U52/><E104/><V91/><F134/><N who="1" m="51817" /><E119/><V63/><F116/><W115/><G118/><T103/><D30/><U87/><E130/><V69/><F69/><W59/><G120/><T76/><D125/><U66/><E71/><V60/><F70/><W122/><G122/><T24/><D129/><U135/><E43/><V92/><F6/><W102/><G131/><T89/><D10/><U121/><E121/><V7/><F7/><W82/><G115/><T61/><D61/><U117/><E117/><V44/><F49/><W86/><G102/><T126/><D126/><U25/><E25/><V17/><F13/><W124/><G33/><T88/><D103/><U81/><E52/><V0/><F0/><W46/><G124/><T42/><D42/><U2/><E9/><V114/><F114/><W106/><G106/><T94/><D99/><U79/><E135/><V51/><F15/><W53/><G5/><T8/><D8/><U38/><E38/><V107/><F107/><W93/><G3/><AGARI ba="0,0" hai="1,2,3,20,27,29,65,66,79,81,87" m="51817" machi="3" ten="30,1000,0" yaku="20,1" doraHai="14" who="1" fromWho="3" sc="250,0,250,10,250,0,250,-10" /><INIT seed="1,0,0,1,3,52" ten="250,260,250,240" oya="1" hai0="27,97,73,69,85,18,93,77,23,20,15,2,26" hai1="91,134,65,34,3,80,108,25,8,44,38,75,74" hai2="66,71,127,9,99,30,21,94,89,111,67,131,47" hai3="124,33,62,86,128,58,105,32,101,50,43,119,90"/><U117/><E117/><V6/><F111/><W83/><G119/><T68/><D73/><U118/><E118/><V39/><F127/><W92/><G124/><T78/><D2/><U12/><E108/><V88/><F131/><W48/><G128/><T11/><D69/><U84/><E3/><V55/><F71/><W51/><G105/><T132/><D68/><U133/><E65/><V122/><F122/><W96/><REACH who="3" step="1"/><G43/><REACH who="3" ten="250,260,250,230" step="2"/><T54/><D132/><U19/><E133/><V42/><F55/><AGARI ba="0,1" hai="32,33,48,50,51,55,58,62,83,86,90,92,96,101" machi="55" ten="40,5200,0" yaku="1,1,2,1,52,1,53,0" doraHai="52" doraHaiUra="135" who="3" fromWho="2" sc="250,0,260,0,250,-52,230,62" /><INIT seed="2,0,0,3,1,90" ten="250,260,198,292" oya="2" hai0="72,48,83,130,132,92,118,69,38,28,19,40,119" hai1="32,96,133,15,58,120,135,25,43,60,68,112,124" hai2="33,1,93,111,61,59,49,27,87,115,101,14,131" hai3="123,44,16,9,46,26,126,106,125,127,89,107,63"/><V62/><F115/><W2/><G123/><T70/><D28/><N who="1" m="19471" /><E120/><V102/><F1/><W30/><G63/><N who="2" m="24073" /><F33/><N who="3" m="20695" /><G89/><T34/><D34/><U81/><E112/><V17/><F131/><W35/><G35/><T42/><D19/><U105/><E68/><N who="0" m="26217" /><D38/><U64/><E124/><V75/><F75/><W22/><G9/><T36/><D36/><U4/><E43/><N who="0" m="16425" /><D48/><U77/><E96/><N who="2" m="59535" /><F102/><W10/><G10/><T13/><D13/><U37/><E105/><N who="3" m="39946" /><G2/><T56/><D56/><U110/><E37/><V20/><F87/><W8/><G8/><T116/><D132/><U51/><E133/><V88/><F88/><W24/><AGARI ba="0,0" hai="16,22,24,44,46,125,126,127" m="39946,20695" machi="24" ten="40,2700,0" yaku="18,1,54,1" doraHai="90" who="3" fromWho="3" sc="250,-7,260,-7,198,-13,292,27" /><INIT seed="3,0,0,0,4,16" ten="243,253,185,319" oya="3" hai0="51,88,133,115,48,56,103,47,99,128,0,59,23" hai1="40,134,42,116,117,119,25,100,102,5,112,34,57" hai2="75,113,45,19,20,52,54,49,37,17,21,91,127" hai3="84,98,131,89,55,85,74,35,29,61,50,32,28"/><W122/><G74/><T7/><D128/><U44/><E112/><V1/><F113/><W24/><G122/><T70/><D70/><U11/><E134/><V14/><F1/><W43/><G131/><T78/><D115/><U124/><E124/><V58/><F127/><W60/><G43/><N who="1" m="16426" /><E44/><V64/><F75/><W94/><G98/><T106/><D78/><U97/><E57/><V90/><F64/><W123/><G85/><T15/><D133/><U135/><E135/><V13/><F37/><W38/><G38/><T80/><D0/><N who="1" m="423" /><E97/><V72/><F72/><W108/><G123/><T107/><D107/><U4/><E4/><V33/><F33/><W53/><G29/><AGARI ba="0,0" hai="25,29,34,100,102,116,117,119" m="423,16426" machi="29" ten="40,1300,0" yaku="12,1" doraHai="16" who="1" fromWho="3" sc="243,0,253,13,185,0,319,-13" owari="243,-15.7,266,6.6,185,-31.5,306,40.6" /></mjloggm>