<mjloggm ver="2.3"><GO type="225" lobby="0"/><UN n0="%E3%81%BF%E3%81%BF%E3%81%9A" n1="%E5%86%B7%E5%87%8D%E3%82%AE%E3%83%A7%E3%83%BC%E3%82%B6" n2="%E3%81%B5%E3%81%98%E3%81%8B%E3%81%A4" n3="%E3%82%BF%E3%83%BC%E3%83%90%E3%83%B3%E9%87%8E%E5%8F%A3" dan="16,17,16,16" rate="2238.10,2194.22,2174.68,2106.62" sx="M,M,M,M"/><TAIKYOKU oya="0"/><INIT seed="0,0,0,2,3,41" ten="250,250,250,250" oya="0" hai0="103,132,15,125,122,135,104,13,116,74,12,134,123" hai1="109,30,29,51,133,95,94,0,72,129,18,19,1" hai2="61,101,17,77,24,64,69,27,7,115,25,59,5" hai3="84,100,71,49,38,111,33,114,57,67,107,44,124"/><T131/><D116/><U14/><E72/><V9/><F115/><W99/><G114/><T110/><D110/><U6/><E109/><V120/><F120/><N who="0" m="46122" /><D74/><U96/><E129/><V130/><F130/><W2/><G111/><T46/><D131/><U118/><E118/><V73/><F101/><W62/><G124/><T127/><D46/><U89/><E133/><N who="0" m="34049" /><T112/><DORA hai="56" /><D112/><U16/><E94/><V21/><F69/><W93/><G2/><T97/><AGARI ba="0,0" hai="12,13,15,97,103,104,125,127" m="34049,46122" machi="97" ten="50,2400,0" yaku="20,1" doraHai="41,56" who="0" fromWho="0" sc="250,24,250,-8,250,-8,250,-8" /><INIT seed="0,1,0,3,1,66" ten="274,242,242,242" oya="0" hai0="123,134,104,110,24,79,85,54,65,72,6,4,99" hai1="101,87,51,95,37,46,11,106,63,49,12,9,38" hai2="31,107,7,130,14,18,92,29,97,135,122,117,98" hai3="96,83,53,35,119,124,100,93,128,17,20,1,26"/><T133/><D123/><U34/><E34/><V44/><F122/><W103/><G119/><T59/><D72/><U64/><E106/><V61/><F117/><W109/><G109/><T78/><D65/><U39/><E9/><V88/><F135/><N who="0" m="51722" /><D110/><U113/><E113/><V0/><F130/><W90/><G128/><T30/><D99/><U56/><E101/><V22/><F44/><W68/><G124/><T45/><D45/><U94/><E87/><V52/><F107/><W80/><G1/><T115/><D104/><U57/><E57/><N who="2" m="34983" /><F0/><W116/><G116/><T120/><D120/><U108/><E108/><V13/><F97/><W33/><G33/><N who="0" m="20679" /><D115/><U21/><E51/><V77/><F77/><N who="0" m="29194" /><D85/><U132/><E132/><V36/><F36/><W27/><G35/><T19/><D19/><U28/><E28/><N who="2" m="10827" /><F7/><W16/><G17/><T62/><AGARI ba="1,0" hai="4,6,54,59,62" m="29194,20679,51722" machi="62" ten="30,1500,0" yaku="20,1" doraHai="66" who="0" fromWho="0" sc="274,18,242,-6,242,-6,242,-6" /><INIT seed="0,2,0,1,3,25" ten="292,236,236,236" oya="0" hai0="15,81,98,131,4,119,21,102,66,67,89,6,124" hai1="62,87,114,80,20,132,13,129,56,0,2,60,128" hai2="93,52,9,51,106,47,61,34,94,75,49,39,42" hai3="115,5,86,100,32,3,18,83,79,73,118,11,22"/><T82/><D119/><U48/><E132/><V121/><F106/><W92/><G115/><T91/><D131/><N who="1" m="50251" /><E114/><V46/><F75/><W130/><G118/><T122/><D122/><U101/><E101/><V59/><F121/><W28/><G130/><T99/><D124/><U55/><E13/><V8/><F34/><W135/><G135/><T127/><D127/><U110/><E110/><V50/><REACH who="2" step="1"/><F47/><REACH who="2" ten="292,236,226,236" step="2"/><W16/><G32/><T29/><D21/><U63/><E20/><V14/><F14/><W72/><G73/><T1/><D15/><U58/><E58/><V78/><F78/><AGARI ba="2,1" hai="0,2,48,55,56,60,62,63,78,80,87" m="50251" machi="78" ten="30,1000,0" yaku="19,1" doraHai="25" who="1" fromWho="2" sc="292,0,236,26,226,-16,236,0" /><INIT seed="1,0,0,2,1,123" ten="292,262,210,236" oya="1" hai0="76,5,25,6,24,52,3,47,70,112,126,108,91" hai1="122,115,56,16,30,23,128,93,41,121,114,109,64" hai2="17,74,62,130,77,65,103,9,50,71,86,15,29" hai3="134,0,7,19,102,92,135,11,1,31,42,4,10"/><U39/><E93/><V84/><F130/><W81/><G42/><T96/><D112/><N who="1" m="43051" /><E30/><V21/><F103/><W37/><G37/><T107/><D70/><U18/><E23/><V63/><F74/><W69/><G69/><T2/><D76/><U58/><E41/><V98/><F98/><W57/><G57/><N who="1" m="22122" /><E39/><V87/><F62/><W89/><G81/><T59/><D107/><U28/><E28/><V45/><F77/><W12/><G102/><T119/><D96/><U67/><E128/><V118/><F118/><W132/><G89/><T36/><D91/><U113/><N who="1" m="43059" /><U54/><DORA hai="79" /><E54/><V48/><REACH who="2" step="1"/><F45/><REACH who="2" ten="292,262,200,236" step="2"/><W116/><G116/><T83/><D47/><U95/><E122/><V51/><F51/><W8/><G92/><T110/><D119/><U66/><E95/><V38/><F38/><W33/><G31/><T127/><D36/><U20/><E121/><V78/><F78/><W131/><G131/><T104/><D59/><U34/><E67/><V97/><F97/><W32/><AGARI ba="0,1" hai="0,1,4,7,8,10,11,12,19,32,33,132,134,135" machi="32" ten="40,12000,2" yaku="0,1,9,1,20,1,34,3" doraHai="123,79" who="3" fromWho="3" sc="292,-30,262,-60,200,-30,236,130" /><INIT seed="2,0,0,0,1,97" ten="262,202,170,366" oya="2" hai0="94,4,110,133,89,51,70,58,109,62,123,5,16" hai1="43,37,79,59,76,40,38,124,72,42,31,67,52" hai2="118,30,55,23,104,3,99,84,7,86,50,100,11" hai3="127,82,121,53,28,120,57,116,65,107,15,77,12"/><V80/><F118/><W95/><G116/><T122/><D70/><U64/><E31/><V1/><F1/><W18/><G107/><T13/><D51/><U41/><E72/><V10/><F10/><W111/><G111/><N who="0" m="42507" /><D133/><U56/><E76/><V134/><F134/><W85/><G127/><T125/><D125/><U29/><E79/><V106/><F106/><W112/><G112/><T34/><D34/><U108/><E29/><V115/><F115/><W66/><G28/><T126/><D126/><U131/><E108/><V48/><F80/><W22/><G12/><T0/><D0/><U128/><E124/><V47/><REACH who="2" step="1"/><F50/><REACH who="2" ten="262,202,160,366" step="2"/><W92/><G120/><T26/><D123/><U96/><E37/><V135/><F135/><W90/><G121/><T60/><D122/><U6/><E38/><V105/><F105/><W91/><G95/><T61/><D4/><U88/><E6/><V32/><F32/><W98/><REACH who="3" step="1"/><G77/><REACH who="3" ten="262,202,160,356" step="2"/><T78/><D78/><U49/><E128/><V25/><AGARI ba="0,2" hai="3,7,11,23,25,30,47,48,55,84,86,99,100,104" machi="25" ten="30,6000,0" yaku="1,1,0,1,52,1,53,0" doraHai="97" doraHaiUra="39" who="2" fromWho="2" sc="262,-20,202,-20,160,80,356,-20" /><INIT seed="2,1,0,3,0,59" ten="242,182,240,336" oya="2" hai0="6,67,78,129,51,135,103,20,81,23,42,26,123" hai1="63,28,31,50,43,17,15,86,112,76,110,34,52" hai2="94,119,73,45,106,98,114,33,131,91,1,116,69" hai3="64,107,133,55,104,56,115,46,49,16,29,36,39"/><V118/><F114/><W4/><G29/><T14/><D123/><U38/><E112/><V120/><F120/><W25/><G115/><T96/><D129/><U84/><E110/><V125/><F125/><W88/><G4/><T79/><D135/><U11/><E34/><V82/><F1/><W102/><G133/><T12/><D67/><U24/><E38/><V127/><F33/><W100/><G88/><T68/><D68/><U95/><E24/><V35/><F35/><W8/><G64/><T58/><D23/><U93/><E43/><V3/><F3/><W27/><G56/><T101/><D6/><U30/><E63/><V71/><F69/><W90/><G90/><T48/><D48/><U53/><E53/><V128/><F106/><W122/><G8/><T77/><D81/><U9/><E9/><V92/><F71/><W40/><G40/><T37/><D37/><U126/><E126/><V89/><F128/><W47/><G49/><T70/><D70/><U57/><REACH who="1" step="1"/><E76/><REACH who="1" ten="242,172,240,336" step="2"/><V117/><F127/><W74/><G55/><N who="0" m="32127" /><D42/><U13/><E13/><N who="0" m="5225" /><D96/><U83/><E83/><V18/><F131/><W44/><G39/><T10/><D10/><U22/><E22/><V5/><F117/><W19/><G36/><T108/><D108/><U121/><E121/><V132/><F118/><W99/><G122/><T32/><D32/><U61/><E61/><V80/><F132/><W87/><G27/><T111/><D111/><U60/><E60/><V7/><F119/><W124/><G25/><T130/><D130/><U2/><E2/><V97/><F116/><W109/><G124/><RYUUKYOKU type="nm" ba="1,1" sc="242,-40,172,-40,240,120,336,-40" hai0="20,26,77,78,79,101,103" hai1="11,15,17,28,30,31,50,52,57,84,86,93,95" /><INIT seed="3,2,1,3,3,16" ten="202,132,360,296" oya="3" hai0="81,126,47,48,55,73,96,31,67,80,103,94,30" hai1="100,118,130,44,72,43,132,18,10,98,35,3,107" hai2="33,69,109,29,119,122,134,82,78,42,17,115,83" hai3="124,71,108,97,87,56,39,15,4,111,89,27,63"/><W0/><G124/><T57/><D126/><U86/><E86/><V41/><F69/><W1/><G39/><T46/><D73/><U9/><E130/><V60/><F119/><W34/><G71/><T123/><D123/><U37/><E132/><V117/><F115/><W112/><G112/><T54/><D67/><U85/><E85/><V26/><F109/><N who="3" m="42059" /><G97/><T95/><D95/><U5/><E18/><V121/><F134/><W65/><G4/><T38/><D38/><U49/><E49/><V114/><F114/><W61/><G61/><T64/><D64/><U7/><E118/><V91/><F60/><W19/><G27/><T76/><D76/><U129/><E129/><V59/><F117/><W50/><G50/><N who="0" m="29015" /><D57/><U133/><E133/><V74/><F59/><W84/><G34/><T45/><D47/><U32/><REACH who="1" step="1"/><E72/><REACH who="1" ten="202,122,360,296" step="2"/><V23/><F74/><W11/><G84/><T12/><D12/><AGARI ba="2,2" hai="3,5,7,9,10,12,32,35,37,43,44,98,100,107" machi="12" ten="30,3900,0" yaku="1,1,2,1,7,1,53,0" doraHai="16" doraHaiUra="113" who="1" fromWho="0" sc="202,-45,122,65,360,0,296,0" owari="157,-34.3,187,-21.3,360,46.0,296,9.6" /></mjloggm>