<mjloggm ver="2.3"><GO type="225" lobby="0"/><UN n0="%E3%81%8B%E3%82%8F%E3%81%A1%E3%82%83%E3%82%93%35%38" n1="%E3%82%BF%E3%83%BC%E3%83%90%E3%83%B3%E9%87%8E%E5%8F%A3" n2="%48%61%61%61%6C%61%6E%64" n3="%72%61%6B%33" dan="16,16,18,16" rate="2152.36,2095.21,2231.76,2118.81" sx="M,M,M,M"/><TAIKYOKU oya="0"/><INIT seed="0,0,0,2,0,101" ten="250,250,250,250" oya="0" hai0="70,27,52,79,24,18,60,75,51,93,68,85,16" hai1="72,21,116,108,45,80,82,81,100,83,95,59,77" hai2="33,121,32,5,96,90,53,22,28,20,54,14,40" hai3="38,4,66,7,41,89,12,2,106,126,102,23,119"/><T64/><D75/><U109/><E45/><V103/><F121/><W6/><G119/><T97/><D68/><U120/><E59/><V128/><F128/><W37/><G2/><T15/><D85/><U117/><E21/><V55/><F90/><W19/><G126/><T132/><D79/><U8/><E8/><V111/><F111/><N who="1" m="42569" /><E120/><V49/><F40/><W1/><G1/><T76/><D76/><U47/><E47/><V123/><F123/><W13/><G66/><T91/><D132/><U34/><E34/><V36/><F49/><W30/><G30/><T88/><D91/><U110/><N who="1" m="42577" /><U0/><DORA hai="84" /><E0/><V58/><F58/><W17/><G89/><T31/><D15/><U118/><E118/><V73/><F36/><W78/><G78/><T48/><D48/><U26/><E26/><V87/><F32/><W92/><G92/><T69/><D69/><U115/><E115/><V122/><F33/><W98/><REACH who="3" step="1"/><G41/><REACH who="3" ten="250,250,250,240" step="2"/><T62/><D62/><U43/><E43/><V46/><F122/><W42/><G42/><T29/><D29/><U112/><E112/><V74/><F28/><W86/><G86/><T135/><D135/><U39/><E39/><V133/><F87/><W57/><G57/><T130/><D130/><U63/><E63/><V71/><F133/><W114/><G114/><T61/><D61/><U3/><E3/><V50/><F46/><W25/><G25/><N who="0" m="9803" /><D31/><U129/><E129/><V124/><F74/><W35/><G35/><T94/><D94/><U44/><E44/><N who="2" m="27847" /><F73/><W10/><AGARI ba="0,1" hai="4,6,7,10,12,13,17,19,23,37,38,98,102,106" machi="10" ten="30,4000,0" yaku="1,1,0,1,52,1,53,0" doraHai="101,84" doraHaiUra="125,134" who="3" fromWho="3" sc="250,-20,250,-10,250,-10,240,50" /><INIT seed="1,0,0,1,4,17" ten="230,240,240,290" oya="1" hai0="114,91,45,61,16,1,71,88,64,134,80,13,104" hai1="6,12,123,122,120,108,119,50,110,107,22,26,112" hai2="10,51,78,95,47,98,58,40,72,69,5,7,129" hai3="41,42,59,70,111,106,31,105,115,15,130,38,46"/><U14/><E107/><V27/><F69/><W127/><G15/><N who="1" m="5674" /><E50/><V74/><F129/><W93/><G93/><T25/><D114/><U89/><E89/><V82/><F74/><W79/><G79/><T43/><D1/><U131/><E131/><V102/><F10/><W103/><G103/><T73/><D104/><U53/><E53/><V62/><REACH who="2" step="1"/><F27/><REACH who="2" ten="230,240,230,290" step="2"/><W86/><G70/><T81/><D25/><U94/><E112/><V23/><F23/><W11/><G11/><T56/><D71/><U65/><E119/><V92/><F92/><W21/><G115/><T117/><D117/><U55/><E94/><V87/><F87/><W48/><G130/><T67/><D134/><U126/><E126/><V60/><F60/><W18/><G127/><T99/><D73/><U113/><E113/><V3/><F3/><W135/><G106/><T37/><D99/><U20/><E6/><V101/><F101/><W132/><G105/><T109/><D109/><N who="1" m="42091" /><E26/><V39/><F39/><W116/><G38/><T63/><D81/><U118/><E118/><V34/><F34/><W124/><G116/><T2/><D80/><U28/><E28/><V24/><F24/><W84/><G31/><T9/><REACH who="0" step="1"/><D2/><REACH who="0" ten="220,240,230,290" step="2"/><U76/><E120/><V66/><AGARI ba="0,2" hai="5,7,40,47,51,58,62,66,72,78,82,95,98,102" machi="66" ten="20,5200,0" yaku="1,1,0,1,7,1,53,1" doraHai="17" doraHaiUra="57" who="2" fromWho="2" sc="220,-13,240,-26,230,72,290,-13" /><INIT seed="2,0,0,3,1,27" ten="207,214,302,277" oya="2" hai0="44,32,104,111,61,86,63,2,125,6,47,39,100" hai1="132,108,107,48,117,57,34,135,66,53,102,43,98" hai2="41,71,123,62,90,82,115,81,130,120,29,65,95" hai3="18,8,24,46,105,13,96,35,124,54,50,64,4"/><V28/><F115/><W72/><G124/><T69/><D63/><N who="1" m="38255" /><E117/><V80/><F41/><W116/><G116/><T14/><D14/><U30/><E43/><V33/><F130/><W79/><G64/><T127/><D32/><U1/><E1/><V12/><F12/><W88/><G72/><T97/><D111/><U74/><E74/><V52/><F52/><W76/><G105/><T131/><D131/><U40/><E40/><V114/><F114/><W26/><G35/><T25/><D39/><U101/><E108/><V87/><REACH who="2" step="1"/><F33/><REACH who="2" ten="207,214,292,277" step="2"/><W73/><G54/><T20/><D127/><U3/><E3/><V84/><F84/><W118/><G73/><T112/><D86/><U134/><E98/><V51/><F51/><W0/><G50/><T106/><D125/><U119/><E119/><V60/><F60/><W99/><G99/><T92/><D112/><U126/><E126/><V67/><F67/><W78/><G118/><T22/><D61/><U49/><E53/><V89/><F89/><W75/><G75/><T85/><D85/><U55/><E55/><V59/><F59/><W94/><REACH who="3" step="1"/><G46/><REACH who="3" ten="207,214,292,267" step="2"/><T113/><D47/><U21/><E34/><V23/><F23/><AGARI ba="0,2" hai="0,4,8,13,18,23,24,26,76,78,79,88,94,96" machi="23" ten="40,5200,0" yaku="1,1,2,1,54,1,53,0" doraHai="27" doraHaiUra="68" who="3" fromWho="2" sc="207,0,214,0,292,-52,267,72" /><INIT seed="3,0,0,5,5,94" ten="207,214,240,339" oya="3" hai0="42,116,106,4,38,102,41,96,130,70,9,1,31" hai1="25,104,71,51,7,29,80,23,131,110,18,76,117" hai2="126,68,44,24,74,91,22,55,0,133,6,63,115" hai3="95,99,75,8,120,27,83,39,113,77,47,107,118"/><W132/><G113/><T46/><D116/><U81/><E104/><V62/><F115/><W45/><G120/><T59/><D130/><U135/><E71/><V66/><F74/><W5/><G118/><T34/><D59/><U15/><E117/><V19/><F126/><W90/><G132/><T100/><D42/><U87/><E131/><V105/><F105/><W97/><G27/><N who="0" m="18815" /><D100/><U60/><E135/><V98/><F133/><W57/><G57/><T84/><D84/><N who="1" m="48135" /><E110/><V40/><F6/><W123/><G123/><T127/><D127/><U48/><E60/><V58/><F0/><W129/><G129/><T35/><D35/><U69/><E69/><AGARI ba="0,0" hai="1,4,9,38,41,46,69,70,96,102,106" m="18815" machi="69" ten="30,3900,0" yaku="33,2,52,1" doraHai="94" who="0" fromWho="1" sc="207,39,214,-39,240,0,339,0" owari="246,4.6,175,-32.5,240,-16.0,339,43.9" /></mjloggm>