<mjloggm ver="2.3"><GO type="225" lobby="0"/><UN n0="%E3%83%8F%E3%83%B3%E3%83%89%E3%83%A9%E3%83%BC%E3%83%BB%E3%83%AF%E3%83%B3" n1="%E7%89%B9%E6%9D%B1%E3%81%AF%E4%B8%96%E7%95%8C%E3%82%92%E6%95%91%E3%81%86" n2="%E5%8D%A0%E3%81%84%E5%B8%AB%E8%A3%8F%E3%81%AA%E3%81%84%E3%81%97" n3="%E3%81%B5%E3%81%98%E3%81%8B%E3%81%A4" dan="17,16,17,16" rate="2200.72,2065.01,2173.88,2165.14" sx="M,M,M,M"/><TAIKYOKU oya="0"/><INIT seed="0,0,0,2,2,21" ten="250,250,250,250" oya="0" hai0="113,40,22,26,17,102,99,81,30,117,98,35,32" hai1="57,97,118,85,83,45,74,18,1,68,31,7,54" hai2="44,46,116,108,121,13,25,84,62,95,72,53,129" hai3="2,56,71,47,58,107,29,43,126,42,114,91,20"/><T89/><D113/><U101/><E118/><V130/><F121/><W9/><G114/><T131/><D117/><U4/><E68/><V110/><F72/><W82/><G71/><T127/><D131/><N who="2" m="50186" /><F116/><W39/><G107/><T34/><D127/><U0/><E74/><V106/><F13/><W70/><G70/><T67/><D67/><U66/><E66/><V49/><F106/><W122/><G122/><T73/><D40/><U132/><E132/><V100/><F100/><W10/><G126/><T12/><D99/><U3/><E45/><V94/><F46/><W23/><G2/><T63/><D63/><U38/><E38/><V111/><F62/><W76/><G91/><T69/><D69/><U135/><E135/><V87/><F25/><N who="3" m="16551" /><G39/><T119/><D119/><U109/><E101/><V112/><F112/><W19/><G82/><T134/><D134/><U5/><E83/><V8/><F8/><N who="3" m="3179" /><G76/><T105/><REACH who="0" step="1"/><D89/><REACH who="0" ten="240,250,250,250" step="2"/><U115/><E115/><V86/><AGARI ba="0,1" hai="44,49,53,84,86,87,94,95,108,110,111" m="50186" machi="86" ten="40,2700,0" yaku="14,1,19,1" doraHai="21" who="2" fromWho="2" sc="240,-13,250,-7,250,37,250,-7" /><INIT seed="1,0,0,3,4,120" ten="227,243,287,243" oya="1" hai0="51,37,78,13,92,107,53,55,18,14,21,99,68" hai1="119,113,121,10,61,86,114,60,45,106,129,46,76" hai2="104,80,58,7,47,117,43,24,32,127,11,79,89" hai3="25,125,112,54,116,83,109,8,110,74,67,52,98"/><U26/><E121/><V81/><F117/><W29/><G116/><T59/><D37/><U65/><E119/><V33/><F104/><W27/><G112/><T82/><D68/><U39/><E106/><V17/><F127/><W126/><G67/><T75/><D107/><U100/><E100/><V28/><F58/><W132/><G132/><T40/><D40/><U135/><E135/><V16/><F89/><W35/><G8/><T111/><D55/><N who="3" m="21033" /><G25/><T44/><D111/><N who="3" m="42505" /><G98/><T122/><D122/><U9/><E26/><V38/><F32/><W64/><G64/><T95/><D99/><U19/><E9/><V34/><F33/><W90/><G90/><T23/><D44/><U96/><E45/><V56/><F11/><W101/><G101/><T41/><D41/><U91/><E46/><V3/><F43/><W85/><G85/><T93/><D93/><U105/><E91/><V72/><F47/><W49/><G49/><T108/><D108/><U15/><E114/><V22/><F34/><W48/><G48/><T134/><D134/><U124/><E86/><V20/><F24/><W30/><G30/><T97/><D97/><U77/><E113/><V88/><F28/><W103/><G103/><T102/><D102/><U118/><E118/><V73/><F88/><W42/><G42/><T69/><D69/><U57/><E96/><V115/><F115/><W71/><G71/><T133/><D133/><U5/><E105/><V128/><F38/><W87/><G87/><T66/><D66/><U130/><E39/><V131/><F73/><W63/><G63/><N who="1" m="24138" /><E65/><V94/><F72/><RYUUKYOKU ba="0,0" sc="227,15,243,-15,287,-15,243,15" hai0="13,14,18,21,23,51,53,59,75,78,82,92,95" hai3="27,29,35,74,83,125,126" /><INIT seed="2,1,0,5,4,115" ten="242,228,272,258" oya="2" hai0="51,24,18,121,53,3,27,108,123,20,58,133,82" hai1="71,67,62,107,80,21,94,118,45,76,106,125,120" hai2="0,49,5,89,100,36,96,109,39,61,11,26,111" hai3="34,130,116,83,131,103,33,92,2,98,77,70,95"/><V88/><F49/><W60/><G2/><T75/><D3/><U40/><E125/><V119/><F119/><W57/><G70/><T81/><D108/><N who="2" m="41546" /><F61/><W13/><G13/><T134/><D24/><U54/><E120/><N who="0" m="46153" /><D75/><U113/><E113/><V90/><F26/><W32/><G95/><AGARI ba="1,0" hai="0,5,11,36,39,88,89,90,95,96,100" m="41546" machi="95" ten="30,5800,0" yaku="14,1,10,1,54,1" doraHai="115" who="2" fromWho="3" sc="242,0,228,0,272,61,258,-61" /><INIT seed="2,2,0,3,5,86" ten="242,228,333,197" oya="2" hai0="9,100,63,31,96,107,114,103,36,4,129,58,95" hai1="92,43,55,125,75,10,73,133,57,131,72,53,82" hai2="5,59,115,109,113,33,98,78,108,27,30,60,127" hai3="68,18,0,35,32,111,134,45,76,28,25,37,19"/><V124/><F78/><W101/><G68/><T77/><D114/><N who="2" m="43530" /><F98/><W89/><G76/><T46/><D129/><U105/><E105/><V50/><F50/><W88/><G0/><T94/><D31/><U135/><E131/><V104/><F104/><W122/><G122/><T15/><D103/><U52/><E125/><N who="2" m="48203" /><F5/><W64/><G101/><T93/><D77/><U48/><E82/><V69/><F59/><W21/><G37/><T90/><D46/><U49/><E43/><V85/><F85/><W24/><G45/><T67/><REACH who="0" step="1"/><D36/><REACH who="0" ten="232,228,333,197" step="2"/><U118/><E118/><V84/><F84/><AGARI ba="2,1" hai="4,9,15,58,63,67,84,90,93,94,95,96,100,107" machi="84" ten="30,7700,0" yaku="1,1,2,1,7,1,52,1,53,0" doraHai="86" doraHaiUra="71" who="0" fromWho="2" sc="232,93,228,0,333,-83,197,0" /><INIT seed="3,0,0,3,1,38" ten="325,228,250,197" oya="3" hai0="23,121,11,83,99,95,78,63,30,112,46,52,122" hai1="72,80,87,18,31,85,70,110,103,40,44,117,50" hai2="125,67,109,91,115,105,75,8,102,60,16,55,77" hai3="27,124,98,33,36,49,9,97,116,39,79,73,111"/><W118/><G9/><T34/><D34/><U6/><E70/><V84/><F115/><W120/><G120/><T25/><D112/><U69/><E69/><V0/><F55/><W133/><G133/><T35/><D35/><U93/><E110/><V20/><F109/><W108/><G49/><T107/><D107/><U130/><E31/><V37/><F37/><N who="3" m="14411" /><G124/><T32/><D32/><U2/><E18/><V47/><F47/><W71/><G71/><T92/><D92/><U86/><E117/><N who="3" m="45162" /><G98/><T88/><D11/><U7/><E2/><V90/><F0/><W17/><G17/><T42/><D52/><U135/><E135/><V68/><F8/><W64/><G97/><T100/><D63/><U53/><E53/><V129/><F125/><W24/><G64/><T29/><D29/><U65/><E65/><V56/><F68/><W76/><G33/><T12/><D100/><U106/><E106/><V82/><F102/><W14/><G14/><T101/><D12/><U89/><E103/><V48/><F105/><W26/><G73/><T28/><D101/><U1/><E72/><V134/><F134/><W41/><G41/><T54/><D30/><U10/><E7/><V62/><F48/><W58/><G58/><T123/><D54/><U13/><E1/><V22/><F60/><W4/><G4/><T51/><D122/><U127/><E127/><V128/><F16/><W45/><G45/><T15/><D15/><U119/><E119/><V5/><F5/><W96/><G96/><T66/><D66/><U104/><E104/><V126/><F126/><W3/><G3/><RYUUKYOKU ba="0,0" sc="325,15,228,-15,250,-15,197,15" hai0="23,25,28,42,46,51,78,83,88,95,99,121,123" hai3="24,26,27,76,79,108,111" /><INIT seed="3,1,0,2,2,115" ten="340,213,235,212" oya="3" hai0="90,23,101,60,84,128,118,2,77,33,122,13,29" hai1="81,38,117,133,79,11,109,21,113,57,14,83,135" hai2="106,30,58,26,100,53,55,43,95,108,9,63,86" hai3="125,93,116,56,82,119,105,70,16,17,15,107,40"/><W124/><BYE who="0" /><G70/><UN n0="%E3%83%8F%E3%83%B3%E3%83%89%E3%83%A9%E3%83%BC%E3%83%BB%E3%83%AF%E3%83%B3" /><T74/><D118/><N who="3" m="45097" /><G82/><T47/><D2/><U37/><E109/><V10/><F108/><W42/><G56/><T111/><D111/><U98/><E117/><V41/><F106/><N who="3" m="40459" /><G93/><T132/><D122/><U72/><E113/><V6/><F9/><W75/><G75/><T46/><D74/><U130/><E130/><V28/><F55/><W85/><G85/><T27/><D128/><U76/><E98/><V96/><F86/><W94/><G94/><T134/><D84/><N who="1" m="48167" /><E21/><V32/><F28/><W120/><G120/><T126/><D29/><U5/><E57/><V19/><F19/><N who="3" m="7243" /><G15/><AGARI ba="1,0" hai="6,10,15,26,30,32,41,43,53,58,63,95,96,100" machi="15" ten="30,1000,0" yaku="7,1" doraHai="115" who="2" fromWho="3" sc="340,0,213,0,235,13,212,-13" owari="340,44.0,213,-18.7,248,4.8,199,-30.1" /></mjloggm>