<mjloggm ver="2.3"><GO type="225" lobby="0"/><UN n0="%61%69%73%79%6F" n1="%72%69%6F%75%63%68%61%6E" n2="%E6%80%AA%E3%81%97%E3%81%99%E3%81%8E%E3%82%8B%E3%83%81%E3%83%BC" n3="%47%48%4F%53%54" dan="17,17,16,17" rate="2185.79,2181.15,2116.33,2231.87" sx="M,M,M,M"/><TAIKYOKU oya="0"/><INIT seed="0,0,0,2,5,93" ten="250,250,250,250" oya="0" hai0="89,113,35,46,51,2,68,11,30,34,117,91,99" hai1="24,70,115,66,21,116,56,62,126,7,84,47,80" hai2="132,16,18,104,64,118,12,82,3,77,9,100,0" hai3="63,97,87,28,86,125,114,41,83,131,102,50,53"/><T65/><D113/><U5/><E126/><V36/><F132/><W58/><G114/><T40/><D117/><U31/><E116/><V112/><F118/><W19/><G131/><T109/><D68/><U85/><E115/><V72/><F112/><W22/><G28/><T8/><D65/><U45/><E85/><V129/><F129/><W133/><G125/><T6/><D109/><U43/><E70/><V10/><F36/><W13/><G133/><T29/><D8/><U111/><E111/><V90/><F64/><W74/><G74/><T98/><D30/><U60/><E60/><V14/><F90/><W32/><G32/><T105/><D29/><U55/><E55/><V23/><F23/><W33/><G33/><T101/><REACH who="0" step="1"/><D91/><REACH who="0" ten="240,250,250,250" step="2"/><U106/><E106/><V49/><F49/><W71/><G71/><T42/><D42/><U17/><E31/><V69/><F69/><W120/><G120/><T27/><D27/><U4/><REACH who="1" step="1"/><E43/><REACH who="1" ten="240,240,250,250" step="2"/><V61/><F61/><W38/><G63/><T25/><D25/><U92/><E92/><AGARI ba="0,2" hai="2,6,11,34,35,40,46,51,89,92,98,99,101,105" machi="92" ten="40,7700,0" yaku="1,1,52,2,53,0" doraHai="93" doraHaiUra="57" who="0" fromWho="1" sc="240,97,240,-77,250,0,250,0" /><INIT seed="0,1,0,1,4,92" ten="337,163,250,250" oya="0" hai0="91,70,49,122,80,63,119,52,96,127,31,105,66" hai1="44,8,60,68,42,24,13,48,2,128,10,83,46" hai2="16,57,32,47,125,11,4,27,116,90,75,100,50" hai3="53,109,94,12,26,120,97,115,73,81,18,28,106"/><T108/><D119/><U37/><E128/><V34/><F116/><W85/><G115/><T17/><D122/><U107/><E107/><V98/><F125/><W89/><G109/><T135/><D135/><U121/><E121/><V76/><F90/><W82/><G120/><T62/><D127/><U61/><E68/><V95/><F57/><W78/><G53/><T117/><D117/><U79/><E24/><V33/><F76/><W110/><G110/><T43/><D108/><U93/><E93/><V113/><F75/><W58/><G58/><T25/><D17/><U129/><E129/><V111/><F111/><W54/><G54/><T133/><D43/><U132/><E132/><V22/><F113/><W99/><G81/><T5/><D5/><U38/><E2/><V134/><F134/><W88/><G89/><T19/><D19/><U130/><E130/><V51/><REACH who="2" step="1"/><F47/><REACH who="2" ten="337,163,240,250" step="2"/><W65/><G65/><T3/><D133/><U6/><E8/><V59/><F59/><W87/><G73/><T1/><D91/><U29/><E29/><V69/><F69/><W40/><G106/><T101/><D63/><N who="1" m="24139" /><E46/><V0/><AGARI ba="1,1" hai="0,4,11,16,22,27,32,33,34,50,51,95,98,100" machi="0" ten="30,8000,1" yaku="1,1,0,1,52,1,54,1,53,1" doraHai="92" doraHaiUra="35" who="2" fromWho="2" sc="337,-41,163,-21,240,93,250,-21" /><INIT seed="1,0,0,4,2,95" ten="296,142,333,229" oya="1" hai0="131,114,107,64,39,121,56,83,17,6,122,90,69" hai1="76,60,88,35,51,32,55,75,91,74,126,87,5" hai2="106,102,130,124,12,70,7,46,98,115,42,38,66" hai3="133,113,129,85,79,1,47,93,9,111,101,99,58"/><U41/><E126/><V82/><F124/><W112/><G111/><T21/><D114/><U67/><E41/><V30/><F115/><W2/><G47/><T14/><D39/><U28/><E5/><V84/><F130/><W16/><G129/><T19/><D107/><U11/><E11/><V54/><F30/><W27/><G133/><T43/><D69/><U52/><E28/><V110/><F110/><W15/><G2/><T119/><D43/><U120/><E120/><V94/><F54/><N who="1" m="20521" /><E51/><V0/><F0/><W40/><G40/><T34/><D119/><U18/><E18/><V118/><F106/><W97/><G1/><T72/><D34/><N who="1" m="12843" /><E76/><V116/><F70/><W48/><G48/><T105/><D105/><U25/><E25/><V20/><F66/><W78/><G27/><T49/><D6/><U23/><E23/><V92/><F92/><W86/><G112/><T89/><D19/><U128/><E128/><V10/><REACH who="2" step="1"/><F20/><REACH who="2" ten="296,142,323,229" step="2"/><W50/><G93/><T8/><D131/><U71/><E71/><V77/><AGARI ba="0,1" hai="7,10,12,38,42,46,77,82,84,94,98,102,116,118" machi="77" ten="20,8000,1" yaku="1,1,2,1,0,1,7,1,52,1,53,0" doraHai="95" doraHaiUra="22" who="2" fromWho="2" sc="296,-20,142,-40,323,90,229,-20" /><INIT seed="2,0,0,2,2,81" ten="276,102,413,209" oya="2" hai0="84,101,83,121,46,49,100,133,23,117,126,69,93" hai1="118,112,102,99,43,1,72,123,63,36,47,40,135" hai2="105,130,74,124,37,73,22,103,58,59,131,48,12" hai3="2,97,122,68,13,6,108,94,107,96,15,113,41"/><V116/><F37/><W75/><G122/><T128/><D121/><U98/><E123/><V78/><F116/><W111/><G68/><T31/><D69/><U80/><E112/><V51/><F103/><N who="3" m="62959" /><G75/><N who="2" m="28681" /><F78/><W106/><G106/><T79/><D133/><U82/><E135/><V70/><F105/><W134/><G41/><T18/><D128/><N who="2" m="49194" /><F124/><W19/><G19/><T95/><D126/><U54/><E118/><V71/><F22/><W20/><G20/><T5/><D117/><U91/><E1/><V61/><F12/><W38/><G38/><T64/><D31/><U3/><E3/><V50/><F59/><W21/><G21/><T132/><D132/><U25/><E43/><V67/><AGARI ba="0,0" hai="48,50,51,58,61,67,70,71" m="49194,28681" machi="67" ten="40,2100,0" yaku="19,1" doraHai="81" who="2" fromWho="2" sc="276,-7,102,-7,413,21,209,-7" /><INIT seed="2,1,0,5,5,133" ten="269,95,434,202" oya="2" hai0="68,46,9,79,126,10,32,91,76,38,78,56,92" hai1="53,131,87,116,48,85,15,25,42,65,63,80,115" hai2="29,50,64,3,14,128,0,24,134,93,118,8,22" hai3="95,37,113,120,28,84,34,44,4,132,69,33,101"/><V58/><F118/><W20/><G120/><T36/><D68/><U45/><E131/><V71/><F128/><W83/><G132/><T70/><D70/><U19/><E115/><V96/><F71/><W11/><G69/><T6/><D32/><U57/><E116/><V99/><F99/><W43/><G113/><T124/><D56/><U67/><E25/><V27/><F27/><W54/><G20/><T49/><D10/><U117/><E117/><V60/><F50/><W77/><G28/><T23/><D23/><U75/><E75/><V123/><F123/><W13/><G54/><T105/><D105/><U90/><REACH who="1" step="1"/><E87/><REACH who="1" ten="269,85,434,202" step="2"/><V86/><F86/><W97/><AGARI ba="1,1" hai="4,11,13,33,34,37,43,44,77,83,84,95,97,101" machi="97" ten="30,1100,0" yaku="0,1" doraHai="133" who="3" fromWho="3" sc="269,-4,85,-4,434,-6,202,24" /><INIT seed="3,0,0,1,1,20" ten="265,81,428,226" oya="3" hai0="30,51,64,13,14,82,96,89,36,99,75,16,3" hai1="47,37,48,98,42,86,24,79,113,11,22,131,38" hai2="73,71,74,111,9,102,44,59,100,81,5,80,60" hai3="84,35,61,0,135,117,7,116,103,123,26,56,112"/><W17/><G112/><T72/><D3/><U77/><E131/><V108/><F71/><W63/><G123/><T41/><D36/><U124/><E124/><V101/><F44/><W4/><G135/><T109/><D109/><N who="2" m="42058" /><F81/><W21/><G103/><T132/><D30/><U45/><E113/><V125/><F80/><W115/><G115/><T18/><D64/><U46/><E37/><V104/><F104/><W83/><G35/><T129/><D129/><U130/><E130/><V121/><F121/><W91/><G63/><T67/><D67/><U33/><E33/><V119/><F119/><W68/><G68/><T106/><D106/><U93/><E38/><V12/><F125/><W1/><G1/><T40/><D82/><U122/><E122/><V134/><F134/><W65/><REACH who="3" step="1"/><G0/><REACH who="3" ten="265,81,428,216" step="2"/><T87/><D132/><U110/><E110/><V10/><F102/><W55/><G55/><T70/><D70/><U15/><E79/><V76/><F76/><W43/><G43/><T23/><D41/><U31/><E77/><V8/><F101/><W97/><G97/><T29/><D75/><U34/><E86/><V69/><F100/><W78/><G78/><T128/><D72/><N who="2" m="27754" /><F69/><W95/><G95/><N who="0" m="54719" /><D128/><U107/><E34/><V28/><F60/><W54/><G54/><T85/><D85/><U94/><E107/><V120/><F120/><W88/><G88/><T53/><D40/><U114/><E114/><V6/><F6/><AGARI ba="0,1" hai="4,6,7,17,21,26,56,61,65,83,84,91,116,117" machi="6" ten="40,3900,0" yaku="1,1,52,1,53,0" doraHai="20" doraHaiUra="27" who="3" fromWho="2" sc="265,0,81,0,428,-39,216,49" /><INIT seed="3,1,0,2,0,99" ten="265,81,389,265" oya="3" hai0="92,135,13,41,101,74,39,11,59,82,129,83,79" hai1="81,44,18,36,109,60,127,133,78,71,38,64,68" hai2="107,104,89,125,32,57,106,110,86,77,87,4,120" hai3="54,122,130,65,108,80,84,40,115,102,8,52,117"/><W114/><G117/><T103/><D135/><U9/><E133/><V63/><F32/><W121/><G102/><N who="0" m="38923" /><D74/><U27/><E109/><V7/><F110/><W50/><G108/><T3/><D39/><U73/><E18/><V22/><F125/><W66/><G8/><T75/><D3/><U134/><E127/><V91/><F22/><W26/><G26/><T34/><D75/><U0/><E134/><V72/><F77/><W93/><G93/><T43/><D34/><U5/><E71/><V23/><F23/><W128/><G84/><N who="0" m="48223" /><D83/><U30/><REACH who="1" step="1"/><E44/><REACH who="1" ten="265,71,389,265" step="2"/><V47/><F107/><W33/><G121/><T69/><D69/><U10/><E10/><V51/><F47/><W20/><G122/><T97/><D129/><U119/><E119/><V116/><F104/><W19/><G128/><T58/><D58/><U61/><E61/><V112/><F63/><W100/><G19/><N who="0" m="8639" /><D59/><U95/><E95/><V88/><F57/><W90/><G130/><T56/><D56/><U1/><E1/><V67/><F106/><W113/><G115/><T132/><D132/><U76/><E76/><V16/><F112/><W21/><G114/><T126/><D126/><U53/><E53/><V85/><F116/><W17/><G52/><T49/><D49/><U35/><AGARI ba="1,1" hai="0,5,9,27,30,35,36,38,60,64,68,73,78,81" machi="35" ten="20,12000,2" yaku="1,1,0,1,7,1,33,3,53,1" doraHai="99" doraHaiUra="2" who="1" fromWho="1" sc="265,-31,71,133,389,-31,265,-61" owari="234,3.4,204,-19.6,358,45.8,204,-29.6" /></mjloggm>