<mjloggm ver="2.3"><GO type="225" lobby="0"/><UN n0="%E5%A4%8F%E9%88%B4%E9%88%B4%E5%A4%8F" n1="%E3%81%AF%E3%82%88%E3%81%8A%E3%81%98%E3%81%95%E3%82%93" n2="%6D%75%75%6D%75%72%61" n3="%E3%81%82%E3%81%84%E3%81%82%E3%81%8A%E3%81%84" dan="16,16,16,18" rate="2130.52,2088.56,2158.23,2242.23" sx="M,M,F,M"/><TAIKYOKU oya="0"/><INIT seed="0,0,0,4,5,56" ten="250,250,250,250" oya="0" hai0="73,25,6,40,104,57,78,38,84,97,94,124,60" hai1="69,30,108,90,32,47,9,37,93,23,58,86,119" hai2="33,3,99,121,91,115,20,5,52,103,113,36,27" hai3="70,96,43,105,64,89,24,31,34,79,39,87,11"/><T50/><D38/><U71/><E119/><V46/><F121/><W127/><G127/><T98/><D73/><U18/><E108/><V8/><F33/><W49/><G79/><T116/><D116/><U17/><E32/><V109/><F91/><W21/><G39/><T135/><D124/><U2/><E30/><V122/><F109/><W85/><G11/><T16/><D6/><U55/><E47/><V120/><F120/><W65/><G34/><T72/><D72/><U0/><E37/><V106/><F122/><W100/><G70/><T117/><D104/><U22/><E9/><V126/><F126/><W110/><G87/><T92/><D135/><U133/><E133/><V15/><F3/><W81/><REACH who="3" step="1"/><G110/><REACH who="3" ten="250,250,250,240" step="2"/><T45/><D117/><U125/><E125/><V44/><F36/><W10/><G10/><T128/><D78/><U123/><E123/><V4/><F4/><W13/><G13/><T114/><D114/><U53/><E69/><V28/><F113/><W102/><G102/><T26/><D84/><U63/><E71/><V131/><F115/><W14/><G14/><T101/><D128/><U129/><E129/><V83/><F131/><W12/><G12/><T62/><D26/><N who="1" m="14671" /><E0/><V111/><F111/><W59/><G59/><T51/><D57/><U66/><E2/><V67/><F5/><W54/><G54/><T132/><D132/><U88/><E90/><V1/><F1/><W74/><G74/><T68/><D68/><U61/><E63/><N who="0" m="24105" /><D50/><U48/><E48/><V82/><F27/><AGARI ba="0,1" hai="18,23,27,53,55,58,61,66,86,88,93" m="14671" machi="27" ten="30,3900,0" yaku="8,1,52,1,54,1" doraHai="56" who="1" fromWho="2" sc="250,0,250,49,250,-39,240,0" /><INIT seed="1,0,0,1,0,71" ten="250,299,211,240" oya="1" hai0="67,69,47,57,31,133,84,106,38,23,56,74,88" hai1="45,115,4,63,42,22,8,76,10,7,9,62,83" hai2="21,66,118,68,51,135,0,93,61,91,134,12,35" hai3="53,130,82,104,109,37,70,110,64,48,6,85,15"/><U97/><E115/><V39/><F0/><W90/><G104/><T123/><D74/><U96/><E22/><V11/><F35/><W41/><G130/><T121/><D106/><U65/><E96/><V105/><F105/><W40/><G6/><T13/><D133/><U131/><E97/><V78/><F118/><W111/><G15/><T5/><D69/><U119/><E131/><V55/><F78/><W17/><G17/><N who="0" m="10671" /><D67/><U80/><E119/><V99/><F21/><W102/><G102/><T24/><D5/><U36/><E80/><V34/><F34/><W49/><G37/><T127/><D127/><U33/><E33/><V116/><F116/><W77/><G77/><T117/><D24/><U58/><REACH who="1" step="1"/><E63/><REACH who="1" ten="250,289,211,240" step="2"/><V25/><F135/><W75/><G110/><T103/><D117/><U1/><E1/><V73/><F134/><W79/><G111/><T27/><D31/><U20/><E20/><V2/><F2/><W16/><G109/><T129/><D27/><U26/><E26/><V89/><F25/><W72/><G82/><N who="0" m="49175" /><D129/><U43/><E43/><V120/><F120/><N who="0" m="46154" /><D103/><U107/><E107/><V44/><F12/><W113/><G113/><T59/><D38/><U128/><E128/><V30/><F39/><W112/><G112/><T92/><D92/><U60/><E60/><V29/><F29/><W95/><G95/><T81/><D81/><U86/><AGARI ba="0,1" hai="4,7,8,9,10,36,42,45,58,62,65,76,83,86" machi="86" ten="30,6000,0" yaku="1,1,0,1,52,1,53,0" doraHai="71" doraHaiUra="101" who="1" fromWho="1" sc="250,-20,289,70,211,-20,240,-20" /><INIT seed="1,1,0,1,4,10" ten="230,359,191,220" oya="1" hai0="124,24,112,38,88,135,104,87,103,84,114,39,71" hai1="111,55,52,45,115,81,4,3,91,102,50,73,15" hai2="97,119,96,11,16,58,95,25,8,118,51,82,90" hai3="75,44,29,70,129,76,94,83,42,37,20,47,13"/><U61/><E3/><V54/><F97/><W106/><G106/><T49/><D71/><U77/><E115/><V41/><F41/><W14/><G70/><T30/><D135/><U80/><E111/><V63/><F63/><W43/><G129/><T126/><D49/><U19/><E4/><V78/><F8/><W17/><G94/><N who="0" m="54535" /><D87/><U123/><E123/><V9/><F9/><W5/><G29/><T130/><D130/><U74/><E102/><V48/><F48/><W40/><G5/><T108/><D108/><U26/><E26/><V116/><F116/><W100/><G100/><T113/><D104/><U120/><E120/><V67/><F67/><W27/><G42/><T131/><D103/><U18/><E18/><V65/><F65/><W21/><G20/><N who="0" m="15623" /><D131/><U101/><E101/><V107/><F107/><W35/><G35/><T105/><D105/><U53/><E61/><V22/><REACH who="2" step="1"/><F11/><REACH who="2" ten="230,359,181,220" step="2"/><W66/><G66/><T59/><D112/><U1/><E50/><AGARI ba="1,1" hai="13,14,17,21,27,37,40,43,44,47,50,75,76,83" machi="50" ten="30,3900,0" yaku="7,1,52,2" doraHai="10" who="3" fromWho="1" sc="230,0,359,-42,181,0,220,52" /><INIT seed="2,0,0,2,0,4" ten="230,317,181,272" oya="2" hai0="69,46,42,20,109,7,57,52,101,87,17,123,32" hai1="29,93,84,94,82,6,26,115,110,1,104,91,124" hai2="62,23,22,40,28,106,111,59,70,30,86,122,133" hai3="76,48,99,85,39,44,10,134,132,45,79,3,50"/><V37/><F122/><W2/><G39/><T51/><D123/><U119/><E115/><V126/><F70/><W113/><G99/><T77/><D109/><U0/><E119/><V67/><F111/><W21/><G21/><T90/><D32/><U18/><E104/><V108/><F108/><W56/><G56/><T95/><D69/><U55/><E110/><V83/><F106/><W121/><G121/><T14/><D77/><U135/><E124/><V98/><F126/><W125/><G125/><T13/><D101/><U81/><E135/><V58/><F133/><W60/><G85/><T8/><REACH who="0" step="1"/><D57/><REACH who="0" ten="220,317,181,272" step="2"/><U33/><E33/><V120/><F120/><W24/><G79/><T66/><D66/><U112/><E112/><V116/><F116/><W127/><G76/><T43/><AGARI ba="0,1" hai="7,8,13,14,17,20,42,43,46,51,52,87,90,95" machi="43" ten="30,12000,2" yaku="1,1,0,1,8,1,52,1,54,1,53,1" doraHai="4" doraHaiUra="80" who="0" fromWho="0" sc="220,130,317,-30,181,-60,272,-30" /><INIT seed="3,0,0,0,3,67" ten="350,287,121,242" oya="3" hai0="86,47,73,119,6,122,124,103,51,64,25,8,55" hai1="26,50,68,62,46,88,70,104,133,80,74,78,33" hai2="18,118,17,31,16,45,43,128,61,113,107,11,101" hai3="65,71,30,93,36,27,76,28,125,58,48,83,14"/><W89/><G36/><T19/><D73/><U134/><E104/><V52/><F113/><W41/><G125/><T23/><D122/><U91/><E62/><V81/><F118/><W3/><G3/><T126/><D119/><U95/><E26/><V79/><F128/><W7/><G71/><T42/><D103/><U112/><E33/><V121/><F121/><W87/><G65/><T131/><D131/><U84/><E91/><V96/><F31/><W2/><G2/><N who="0" m="87" /><D86/><U22/><E22/><V15/><F43/><W123/><G123/><T57/><D64/><U39/><E39/><V54/><F61/><W21/><G30/><T24/><D24/><U44/><E44/><V69/><F69/><W85/><G58/><T117/><D117/><U66/><E112/><V108/><F108/><W90/><G90/><T135/><D135/><N who="1" m="51723" /><E66/><V63/><F45/><N who="3" m="25647" /><G14/><N who="0" m="9719" /><D57/><U115/><E115/><V40/><F40/><AGARI ba="0,0" hai="40,46,50,68,70,74,78,80,84,88,95" m="51723" machi="40" ten="30,7700,0" yaku="20,1,52,2,54,1" doraHai="67" who="1" fromWho="2" sc="350,0,287,77,121,-77,242,0" owari="350,15.0,364,46.4,44,-45.6,242,-15.8" /></mjloggm>