<mjloggm ver="2.3"><GO type="225" lobby="0"/><UN n0="%E6%97%A5%E6%9B%9C%E6%97%A5%E3%82%88%E3%82%8A%E3%81%AE%E4%BD%BF%E8%80%85" n1="%E3%82%B8%E3%83%A3%E3%83%9E%E3%83%BC%E3%83%AB%E3%83%9E%E3%83%AC%E3%83%BC" n2="%6D%75%75%6D%75%72%61" n3="%E3%83%96%E3%83%A9%E3%82%B6%E3%83%BC" dan="18,17,16,16" rate="2176.22,2196.96,2209.24,2092.33" sx="M,M,F,M"/><TAIKYOKU oya="0"/><INIT seed="0,0,0,5,1,99" ten="250,250,250,250" oya="0" hai0="53,66,62,76,128,23,100,106,96,78,127,20,124" hai1="74,49,90,58,80,30,50,34,21,105,18,46,93" hai2="33,97,72,107,13,123,86,131,7,71,94,51,65" hai3="61,135,126,91,69,133,41,119,102,68,36,39,55"/><T79/><D128/><U43/><E105/><V84/><F72/><W26/><G119/><T37/><D53/><U28/><E34/><V42/><F131/><W134/><G126/><N who="0" m="48171" /><D37/><N who="3" m="14409" /><G26/><T16/><D16/><U45/><E58/><AGARI ba="0,0" hai="20,23,58,62,66,76,78,79,96,100,106" m="48171" machi="58" ten="30,2900,0" yaku="18,1,52,1" doraHai="99" who="0" fromWho="1" sc="250,29,250,-29,250,0,250,0" /><INIT seed="0,1,0,5,4,132" ten="279,221,250,250" oya="0" hai0="81,21,75,45,44,130,30,58,105,99,73,2,11" hai1="41,76,63,71,0,112,114,124,127,50,90,135,24" hai2="79,36,72,89,134,13,55,77,78,18,133,102,16" hai3="17,101,28,120,117,93,53,86,37,88,65,91,69"/><T116/><D116/><U57/><E0/><V3/><F3/><W123/><G117/><T62/><D105/><U10/><E135/><N who="2" m="51723" /><F36/><W110/><G110/><T4/><D99/><U125/><E76/><V128/><F128/><W66/><G37/><T42/><D130/><U46/><E10/><N who="2" m="6199" /><F102/><W26/><G101/><T22/><D44/><U84/><E24/><V51/><F18/><W20/><G53/><T40/><D40/><U25/><E25/><V98/><F72/><W6/><G6/><T85/><D73/><U34/><E71/><V14/><F14/><W87/><G69/><T118/><D30/><U113/><E34/><V43/><F43/><W80/><REACH who="3" step="1"/><G28/><REACH who="3" ten="279,221,250,240" step="2"/><T94/><D118/><U38/><E38/><V96/><F89/><W83/><G83/><T9/><D81/><N who="1" m="49423" /><E113/><V33/><F33/><W5/><G5/><T126/><D4/><U60/><E60/><V12/><F12/><W109/><G109/><T92/><D62/><U64/><AGARI ba="1,1" hai="41,46,50,57,63,64,112,114,124,125,127" m="49423" machi="64" ten="40,8000,1" yaku="18,1,52,3" doraHai="132" who="1" fromWho="1" sc="279,-41,221,93,250,-21,240,-21" /><INIT seed="1,0,0,2,0,14" ten="238,314,229,219" oya="1" hai0="11,94,17,58,78,25,2,39,13,42,130,104,100" hai1="102,3,26,72,59,18,7,88,49,10,50,43,36" hai2="124,122,113,91,33,5,0,4,71,74,97,76,38" hai3="117,118,61,108,21,80,75,19,95,77,123,44,82"/><U48/><E72/><V46/><F122/><W28/><G123/><T87/><D130/><U69/><E69/><V83/><F124/><W93/><G108/><T112/><D112/><U101/><E59/><V1/><F113/><W127/><G127/><T66/><D2/><U16/><E88/><V85/><F71/><W67/><G28/><T109/><D109/><U79/><E79/><V135/><F135/><W73/><G44/><T29/><D104/><U45/><REACH who="1" step="1"/><E26/><REACH who="1" ten="238,304,229,219" step="2"/><V119/><F74/><W92/><G75/><T52/><D78/><U68/><E68/><V34/><F76/><W51/><G77/><T115/><D115/><U53/><E53/><V132/><F91/><W40/><G73/><T110/><D110/><U6/><E6/><V27/><F5/><W63/><G117/><T125/><D125/><U22/><E22/><V120/><F4/><W8/><G118/><T121/><D121/><U64/><E64/><V106/><F119/><W90/><G90/><N who="0" m="53599" /><D66/><U35/><E35/><V47/><F120/><W99/><G67/><T9/><D100/><AGARI ba="0,1" hai="3,7,10,16,18,36,43,45,48,49,50,100,101,102" machi="100" ten="40,12000,1" yaku="1,1,52,2,54,1,53,0" doraHai="14" doraHaiUra="133" who="1" fromWho="0" sc="238,-120,304,130,229,0,219,0" /><INIT seed="1,1,0,3,1,73" ten="118,434,229,219" oya="1" hai0="85,32,118,123,51,125,4,112,36,59,74,13,28" hai1="7,42,76,56,15,61,130,63,41,70,81,77,109" hai2="2,33,19,131,108,68,22,10,98,90,107,58,134" hai3="115,0,100,27,60,124,126,102,52,43,53,69,135"/><U122/><E122/><V54/><F108/><W127/><G115/><T121/><D74/><U40/><E109/><V111/><F111/><W72/><G0/><T31/><D36/><U57/><E130/><V86/><F33/><W128/><G128/><T30/><D112/><U45/><E45/><V84/><F131/><W14/><G135/><T116/><D85/><U117/><E81/><V104/><F68/><W87/><G72/><T20/><D59/><N who="1" m="22603" /><E70/><V79/><F134/><W91/><G43/><T16/><D51/><U129/><E117/><N who="0" m="45161" /><D125/><U9/><E129/><V46/><F46/><W62/><G69/><T93/><D93/><U80/><E80/><V29/><F86/><W12/><G87/><T82/><D82/><U18/><E7/><V89/><F107/><W132/><G126/><T75/><D75/><U38/><E38/><V120/><F120/><N who="0" m="46154" /><D4/><U133/><E133/><V3/><F104/><W17/><G132/><T71/><D71/><U95/><E95/><V44/><F44/><W55/><G124/><T6/><D6/><U39/><E39/><V35/><F84/><W67/><G127/><T119/><N who="0" m="45169" /><T47/><DORA hai="5" /><D47/><U92/><E92/><V25/><F89/><W21/><G91/><T78/><D78/><AGARI ba="1,0" hai="9,15,18,40,41,42,61,63,76,77,78" m="22603" machi="78" ten="30,12000,1" yaku="8,1,52,4" doraHai="73,5" who="1" fromWho="0" sc="118,-123,434,123,229,0,219,0" owari="-5,-50.5,557,65.7,229,2.9,219,-18.1" /></mjloggm>