<mjloggm ver="2.3"><GO type="225" lobby="0"/><UN n0="%6D%75%75%6D%75%72%61" n1="%E9%87%8E%E3%80%85%E5%AE%AE%E8%97%8D" n2="%E6%98%93%E5%88%A9%E8%96%A9%E4%BC%AF" n3="%E5%87%BA%E6%B0%B4" dan="16,16,16,16" rate="2122.76,2113.40,2052.64,2103.36" sx="F,F,F,F"/><TAIKYOKU oya="0"/><INIT seed="0,0,0,4,1,93" ten="250,250,250,250" oya="0" hai0="64,81,131,116,111,40,95,105,133,90,88,18,46" hai1="132,122,84,37,115,10,74,71,119,24,63,120,16" hai2="9,57,39,69,23,43,79,107,36,106,6,13,12" hai3="114,47,38,31,102,123,68,112,83,85,67,97,4"/><T49/><D116/><U11/><E74/><V96/><F69/><W80/><G123/><T34/><D105/><U26/><E37/><V33/><F33/><W59/><G68/><T135/><D131/><U52/><E119/><V44/><F79/><W87/><G4/><T20/><D34/><U89/><E132/><N who="0" m="50761" /><D111/><U110/><E110/><V72/><F72/><W109/><G109/><T15/><D64/><U54/><E71/><V117/><F39/><W22/><G38/><T2/><D2/><U5/><E115/><V103/><F57/><W60/><G47/><T98/><D81/><N who="3" m="31305" /><G112/><T129/><D129/><U121/><E63/><V27/><F117/><W62/><G62/><T53/><D90/><U75/><E75/><V73/><F73/><W126/><G126/><T70/><D70/><U30/><E5/><V17/><REACH who="2" step="1"/><F107/><REACH who="2" ten="250,250,240,250" step="2"/><W32/><G32/><T86/><D86/><U7/><E122/><V125/><F125/><W104/><G114/><T108/><D108/><U99/><E121/><V65/><F65/><W55/><G67/><T45/><D45/><U128/><E120/><V94/><F94/><W1/><G104/><T19/><D19/><U3/><E128/><V77/><F77/><W130/><G130/><T100/><D100/><U35/><E16/><V8/><F8/><W66/><G66/><T124/><D124/><U127/><E127/><V42/><F42/><AGARI ba="0,1" hai="15,18,20,40,42,46,49,53,88,95,98" m="50761" machi="42" ten="30,5800,0" yaku="20,1,52,1,54,1" doraHai="93" who="0" fromWho="2" sc="250,68,250,0,240,-58,250,0" /><INIT seed="0,1,0,1,5,62" ten="318,250,182,250" oya="0" hai0="3,85,45,123,8,43,24,99,38,114,72,48,110" hai1="41,126,71,134,131,22,16,70,104,5,15,120,88" hai2="42,83,100,106,135,34,94,6,98,52,13,60,19" hai3="53,32,122,27,112,93,80,107,4,75,10,61,129"/><T90/><D114/><U67/><E120/><V97/><F135/><W46/><G112/><T86/><D123/><U132/><E104/><V95/><F34/><W74/><G107/><T91/><D72/><U40/><E126/><V0/><F0/><W76/><G129/><T65/><D110/><U82/><E5/><V2/><F2/><W37/><G75/><T96/><D38/><U102/><E102/><V87/><F6/><W20/><G32/><T47/><D24/><U92/><E82/><V109/><F42/><W63/><G93/><T79/><D79/><U36/><E131/><V35/><F35/><W28/><G122/><T119/><D119/><U49/><E49/><V59/><F109/><W25/><G25/><T44/><D43/><N who="1" m="16459" /><E67/><V116/><F98/><W127/><G37/><T11/><D3/><U23/><E23/><V58/><F58/><W50/><REACH who="3" step="1"/><G127/><REACH who="3" ten="318,250,182,240" step="2"/><T26/><D26/><U66/><E36/><V9/><REACH who="2" step="1"/><F116/><REACH who="2" ten="318,250,172,240" step="2"/><W69/><G69/><T39/><D39/><U128/><E128/><V1/><F1/><AGARI ba="1,2" hai="1,4,10,20,27,28,46,50,53,61,63,74,76,80" machi="1" ten="30,2000,0" yaku="1,1,7,1,53,0" doraHai="62" doraHaiUra="111" who="3" fromWho="2" sc="318,0,250,0,172,-23,240,43" /><INIT seed="1,0,0,4,0,94" ten="318,250,149,283" oya="1" hai0="73,132,23,129,117,131,19,27,30,71,72,41,130" hai1="35,110,33,97,91,12,111,77,18,79,29,47,80" hai2="82,101,26,98,21,118,42,84,65,81,55,89,39" hai3="66,8,104,25,37,46,100,83,76,58,50,75,85"/><U105/><E47/><V3/><F118/><W134/><G134/><T95/><D132/><U124/><E124/><V38/><F3/><W122/><G122/><T127/><D127/><U17/><E17/><V11/><F65/><W103/><G37/><T16/><D117/><U106/><E79/><V88/><F11/><W115/><G115/><T109/><D109/><N who="1" m="41483" /><E29/><V92/><F55/><W60/><G104/><N who="1" m="40042" /><E91/><V36/><F42/><W120/><G120/><T99/><D41/><U54/><E54/><V0/><F0/><W56/><G75/><N who="0" m="28747" /><D71/><U48/><E48/><V9/><F9/><W28/><G8/><T93/><D93/><U34/><E97/><V44/><F44/><W1/><G58/><T112/><D112/><U113/><E113/><V126/><F126/><W90/><G76/><T13/><D13/><U57/><E57/><V5/><F5/><W22/><REACH who="3" step="1"/><G1/><REACH who="3" ten="318,250,149,273" step="2"/><T4/><D4/><U61/><E61/><V49/><F49/><W69/><G69/><T52/><D129/><U123/><E123/><V59/><F59/><W96/><G96/><T125/><D130/><U31/><E77/><V24/><REACH who="2" step="1"/><F21/><REACH who="2" ten="318,250,139,273" step="2"/><W45/><G45/><T67/><D131/><U15/><E35/><V53/><F53/><AGARI ba="0,2" hai="22,25,28,46,50,53,56,60,66,83,85,90,100,103" machi="53" ten="30,7700,0" yaku="1,1,7,1,8,1,53,1" doraHai="94" doraHaiUra="43" who="3" fromWho="2" sc="318,0,250,0,139,-77,273,97" /><INIT seed="2,0,0,0,0,83" ten="318,250,62,370" oya="2" hai0="128,16,73,127,116,118,89,41,47,10,50,86,42" hai1="51,17,82,129,45,22,2,91,5,105,25,132,49" hai2="121,75,133,88,110,29,19,85,90,4,67,80,99" hai3="119,0,65,33,39,43,60,36,101,130,14,109,74"/><V106/><F121/><W104/><G14/><N who="0" m="7255" /><D73/><U52/><E105/><V66/><F75/><W3/><G119/><N who="0" m="45611" /><D128/><U46/><E129/><V100/><F133/><W18/><G18/><T84/><D127/><U70/><E70/><V35/><F4/><W68/><G109/><T56/><D89/><U71/><E71/><V63/><F110/><W96/><G130/><T98/><D98/><U44/><E132/><V7/><F7/><W28/><G74/><T13/><D41/><U112/><E112/><V37/><F37/><N who="3" m="14411" /><G43/><T124/><D124/><U38/><E38/><V113/><F113/><W9/><G9/><T6/><D56/><N who="1" m="32783" /><E2/><V131/><F131/><W123/><G123/><T26/><D26/><AGARI ba="0,0" hai="0,3,26,28,33,60,65,68,96,101,104" m="14411" machi="26" ten="30,3900,0" yaku="25,1,33,2" doraHai="83" who="3" fromWho="0" sc="318,-39,250,0,62,0,370,39" /><INIT seed="3,0,0,3,5,33" ten="279,250,62,409" oya="3" hai0="35,115,71,54,80,95,135,20,127,57,92,117,5" hai1="75,121,25,132,86,128,58,134,77,111,103,66,30" hai2="50,28,45,99,62,116,130,91,16,8,63,89,14" hai3="114,125,90,68,31,64,88,70,48,84,44,108,39"/><W34/><G48/><T2/><D35/><U82/><E121/><V21/><F130/><W53/><G108/><T32/><D32/><U24/><E111/><V3/><F116/><W113/><G90/><T96/><D71/><U104/><E128/><V118/><F118/><W18/><G84/><T17/><D117/><U65/><E86/><V123/><F123/><W47/><G18/><T101/><D115/><U129/><E129/><V55/><F3/><W94/><G88/><T23/><D127/><U119/><E119/><V112/><F112/><W1/><G53/><T37/><D37/><U81/><E81/><V36/><F36/><W41/><G94/><T19/><D135/><N who="1" m="51755" /><E58/><V7/><F91/><W29/><G64/><N who="1" m="24682" /><E30/><V98/><F98/><AGARI ba="0,0" hai="24,25,75,77,82,98,103,104" m="24682,51755" machi="98" ten="30,1000,0" yaku="20,1" doraHai="33" who="1" fromWho="2" sc="279,0,250,10,62,-10,409,0" owari="279,7.9,260,-14.0,52,-44.8,409,50.9" /></mjloggm>