<mjloggm ver="2.3"><GO type="225" lobby="0"/><UN n0="%E3%81%84%E3%81%A1%E3%81%B2%E3%81%8B%E3%82%8A" n1="%E3%81%B5%E3%81%98%E3%81%8B%E3%81%A4" n2="%EF%BC%AE%EF%BC%A1%EF%BC%AF%33%33%39" n3="%E3%81%8F%E3%82%89%E3%82%89" dan="16,17,17,18" rate="2116.81,2213.03,2173.51,2242.44" sx="M,M,M,F"/><TAIKYOKU oya="0"/><INIT seed="0,0,0,3,1,13" ten="250,250,250,250" oya="0" hai0="72,60,126,32,69,104,117,122,34,83,52,43,36" hai1="7,26,61,3,58,73,91,25,108,102,96,47,9" hai2="53,130,65,45,84,5,44,24,35,19,54,95,68" hai3="37,14,22,115,103,75,63,86,94,55,80,38,93"/><T57/><D122/><U131/><E131/><V132/><F5/><W62/><G115/><T110/><D117/><U59/><E108/><V129/><F65/><W77/><G94/><T11/><D104/><U17/><E73/><V134/><F68/><W6/><G63/><T120/><D120/><U118/><E118/><V113/><F113/><W28/><G28/><T114/><D114/><U105/><E47/><N who="2" m="17995" /><F35/><W29/><G29/><T50/><D110/><U85/><E59/><V64/><F64/><W101/><G101/><T70/><D126/><U121/><E121/><V74/><F74/><W27/><G27/><T109/><D109/><U18/><E25/><V81/><F95/><W21/><G21/><T124/><D124/><U41/><E26/><V106/><F106/><W112/><G112/><T100/><D69/><U30/><E30/><V90/><F54/><W56/><G6/><T46/><D32/><U12/><E41/><V23/><F53/><W89/><REACH who="3" step="1"/><G103/><REACH who="3" ten="250,250,250,240" step="2"/><T42/><D100/><U51/><E51/><V10/><F10/><W107/><G107/><T40/><D34/><U119/><E119/><V92/><F92/><W127/><G127/><T71/><D11/><U0/><E105/><V98/><F98/><W88/><G88/><T2/><D42/><U8/><E102/><V99/><F99/><W48/><G48/><T82/><D43/><U39/><E96/><V20/><F20/><W1/><G1/><T76/><D2/><U31/><E0/><V67/><F67/><W16/><AGARI ba="0,1" hai="14,16,22,37,38,55,56,62,75,77,80,86,89,93" machi="16" ten="30,8000,1" yaku="1,1,0,1,52,1,54,1,53,1" doraHai="13" doraHaiUra="79" who="3" fromWho="3" sc="250,-40,250,-20,250,-20,240,90" /><INIT seed="1,0,0,5,5,40" ten="210,230,230,330" oya="1" hai0="50,66,112,45,61,133,16,77,34,85,23,56,63" hai1="88,46,119,68,116,8,135,113,35,118,83,129,91" hai2="93,5,48,124,90,102,86,87,67,42,80,78,4" hai3="94,111,0,10,70,79,15,122,58,25,95,20,69"/><U106/><E113/><V33/><F33/><W38/><G122/><T36/><D112/><U72/><E68/><V26/><F124/><W14/><G0/><T73/><D34/><U128/><E35/><V84/><F67/><W47/><G111/><T49/><D133/><U18/><E106/><V76/><F26/><W59/><G79/><T121/><D73/><U62/><E62/><V115/><F102/><W75/><G75/><T44/><D63/><U17/><E135/><V103/><F103/><W82/><G82/><N who="0" m="47311" /><D36/><U13/><E72/><V29/><F29/><W131/><G38/><T132/><D132/><U120/><E120/><V32/><F32/><W110/><G25/><N who="0" m="14567" /><D121/><U99/><E83/><N who="2" m="47207" /><F115/><W96/><G20/><T9/><D9/><U117/><E119/><V43/><F43/><W37/><G10/><T123/><D123/><U12/><E99/><V134/><F134/><W101/><G96/><T11/><D11/><U54/><E13/><V21/><F21/><W60/><G37/><T19/><D19/><U57/><E18/><V51/><F42/><W114/><G114/><T92/><D92/><U1/><E1/><V97/><F97/><W89/><G15/><T130/><D130/><N who="1" m="50283" /><E57/><V30/><F30/><W109/><G14/><T31/><D31/><U125/><E125/><V28/><F28/><W27/><G131/><T7/><D7/><AGARI ba="0,0" hai="4,5,7,48,51,78,80,86,87,90,93" m="47207" machi="7" ten="30,1000,0" yaku="8,1" doraHai="40" who="2" fromWho="0" sc="210,-10,230,0,230,10,330,0" /><INIT seed="2,0,0,5,3,28" ten="200,230,240,330" oya="2" hai0="71,95,72,5,88,8,79,73,132,111,86,13,127" hai1="29,34,17,77,36,106,19,78,101,47,11,109,82" hai2="134,104,133,129,130,43,110,56,25,68,62,92,24" hai3="30,99,1,135,84,76,20,70,108,53,117,65,105"/><V69/><F104/><W40/><G1/><T7/><D71/><N who="2" m="27210" /><F92/><W52/><G70/><T120/><D120/><U122/><E122/><V15/><F15/><W32/><G20/><T90/><D111/><U125/><E109/><V89/><F89/><W18/><G30/><T100/><D132/><N who="2" m="50794" /><F110/><W59/><G84/><T14/><D127/><U37/><E125/><V10/><F10/><W49/><G99/><T60/><D100/><U22/><E78/><V63/><F43/><W33/><G40/><T12/><D79/><U124/><E124/><V128/><F56/><W21/><G59/><T6/><D8/><U55/><E11/><V51/><F51/><W67/><G49/><T2/><D2/><U26/><E101/><V118/><F118/><W4/><G117/><T96/><REACH who="0" step="1"/><D60/><AGARI ba="0,0" hai="24,25,60,62,63,128,129,130" m="50794,27210" machi="60" ten="40,12000,1" yaku="28,2,19,1,20,1" doraHai="28" who="2" fromWho="0" sc="200,-120,230,0,240,120,330,0" /><INIT seed="2,1,0,2,5,91" ten="80,230,360,330" oya="2" hai0="26,107,86,76,96,128,11,35,97,98,31,94,117" hai1="119,61,24,38,126,116,87,129,65,16,54,95,50" hai2="132,80,74,115,110,108,99,121,21,125,102,17,63" hai3="103,105,131,75,123,29,82,62,47,22,100,81,28"/><V64/><F115/><W25/><G123/><T93/><D128/><U37/><E126/><V85/><F121/><W8/><G131/><T53/><D117/><U49/><E129/><V114/><F114/><W18/><G105/><T14/><D107/><U20/><E119/><V69/><F74/><W71/><G75/><T41/><D41/><U10/><E116/><V52/><F125/><W77/><G71/><T56/><D76/><U51/><E54/><V106/><F132/><W2/><G62/><T113/><D86/><U43/><E10/><V68/><F68/><W84/><G82/><T3/><D3/><U33/><E33/><V39/><F39/><W45/><G2/><T104/><D104/><U92/><E87/><V135/><F135/><W79/><G79/><T78/><D78/><U13/><E24/><V23/><F17/><W72/><G72/><T122/><D122/><U32/><E32/><V36/><F36/><W60/><G60/><T120/><D120/><U27/><E27/><V67/><F67/><W112/><G112/><T5/><REACH who="0" step="1"/><D113/><REACH who="0" ten="70,230,360,330" step="2"/><U83/><E43/><V42/><F42/><W19/><G84/><T66/><D66/><U130/><E65/><V118/><F118/><W30/><G77/><T48/><AGARI ba="1,1" hai="5,11,14,26,31,35,48,53,56,93,94,96,97,98" machi="48" ten="30,12000,2" yaku="1,1,0,1,52,2,53,2" doraHai="91" doraHaiUra="90" who="0" fromWho="0" sc="70,133,230,-31,360,-61,330,-31" /><INIT seed="3,0,0,4,0,135" ten="203,199,299,299" oya="3" hai0="109,88,105,130,97,132,35,96,128,134,40,3,9" hai1="44,107,55,8,94,22,23,91,92,118,19,129,67" hai2="33,104,51,83,16,70,14,62,86,95,87,17,53" hai3="127,79,101,18,108,102,36,124,77,100,121,31,58"/><W61/><G121/><T45/><D35/><U84/><E107/><V47/><F33/><W38/><G108/><T113/><D109/><U25/><E118/><V46/><F104/><W64/><G18/><T5/><D113/><U57/><E129/><N who="0" m="49769" /><D105/><U131/><E131/><V114/><F114/><W28/><G79/><T0/><D0/><U7/><E23/><V66/><F47/><W72/><G77/><T49/><D88/><N who="1" m="53255" /><E44/><V106/><F106/><W30/><REACH who="3" step="1"/><G72/><REACH who="3" ten="203,199,299,289" step="2"/><T4/><D134/><U12/><E67/><V60/><F17/><W56/><G56/><T15/><D132/><U99/><E55/><V24/><F66/><W2/><G2/><T80/><D3/><U21/><E21/><N who="2" m="11415" /><F70/><W90/><G90/><T112/><D112/><U73/><E73/><V6/><F6/><W117/><G117/><T43/><D5/><U125/><E125/><AGARI ba="0,1" hai="28,30,31,36,38,58,61,64,100,101,102,124,125,127" machi="125" ten="50,12000,1" yaku="1,1,18,1,52,3,53,0" doraHai="135" doraHaiUra="78" who="3" fromWho="1" sc="203,0,199,-120,299,0,289,130" owari="203,-19.7,79,-42.1,299,9.9,419,51.9" /></mjloggm>