<mjloggm ver="2.3"><GO type="225" lobby="0"/><UN n0="%E8%B6%85%E7%B4%9A%E9%B3%B3%E5%87%B0" n1="%E3%82%BC%E3%83%AB%E3%83%80%E3%81%AE%E4%BC%9D%E8%AA%AC" n2="%E5%BE%AE%E5%B7%AE%E3%81%AE%E4%BD%95%E5%88%87%E3%82%8B%EF%BC%9C%E9%81%8B" n3="%E5%B0%8F%37%34" dan="16,17,17,16" rate="2117.25,2180.58,2142.03,2094.06" sx="M,M,M,M"/><TAIKYOKU oya="0"/><INIT seed="0,0,0,5,1,76" ten="250,250,250,250" oya="0" hai0="68,49,120,3,16,15,12,35,24,116,81,113,21" hai1="34,79,42,46,36,33,83,59,41,25,73,119,86" hai2="19,65,125,63,105,128,67,109,55,100,29,45,87" hai3="5,30,26,53,96,127,102,56,123,82,8,122,58"/><T78/><D113/><U135/><E119/><V99/><F109/><W7/><G127/><T54/><D116/><U17/><E135/><V48/><F125/><W132/><G132/><T10/><D120/><N who="3" m="46121" /><G58/><T104/><D68/><U133/><E133/><V129/><F87/><W18/><G18/><T94/><D104/><U51/><E73/><V64/><F19/><W77/><G8/><T44/><D35/><U27/><E27/><V110/><F110/><W37/><G37/><T89/><D3/><U22/><REACH who="1" step="1"/><E42/><REACH who="1" ten="250,240,250,250" step="2"/><V114/><F114/><W70/><G26/><T108/><D108/><U91/><E91/><V13/><F13/><W124/><G124/><T71/><D10/><U61/><E61/><V6/><F63/><W117/><G117/><T40/><D40/><U4/><E4/><V23/><REACH who="2" step="1"/><F6/><REACH who="2" ten="250,240,240,250" step="2"/><W9/><G5/><T131/><D12/><U106/><E106/><V39/><F39/><W20/><G7/><T74/><D15/><U111/><E111/><V80/><F80/><W11/><G82/><T107/><D107/><U60/><E60/><V28/><F28/><W52/><G30/><T43/><D81/><U88/><E88/><V115/><F115/><W97/><G77/><T134/><D78/><U66/><E66/><V118/><F118/><W32/><G32/><T93/><D134/><U103/><E103/><V2/><F2/><W14/><G102/><T1/><D1/><U0/><E0/><V50/><F50/><W84/><G14/><T72/><D89/><U130/><E130/><V121/><F121/><W126/><G126/><T69/><D131/><RYUUKYOKU ba="0,2" sc="250,-15,240,15,240,15,250,-15" hai1="17,22,25,33,34,36,41,46,51,59,79,83,86" hai2="23,29,45,48,55,64,65,67,99,100,105,128,129" /><INIT seed="1,1,2,3,5,12" ten="235,255,255,235" oya="1" hai0="123,107,55,88,17,4,122,129,61,22,79,54,0" hai1="8,36,89,64,99,47,119,125,126,113,27,124,6" hai2="108,117,76,25,104,106,84,45,94,77,75,10,78" hai3="120,51,14,24,46,48,40,63,58,130,15,131,81"/><U72/><E113/><V112/><F45/><W23/><G51/><T96/><D129/><N who="3" m="49161" /><G81/><T101/><D79/><N who="2" m="30282" /><F10/><W118/><G120/><N who="0" m="46123" /><D61/><U34/><E119/><V19/><F25/><W62/><G118/><T50/><D0/><U121/><E121/><V95/><F19/><N who="3" m="12415" /><G63/><T29/><D4/><U132/><E132/><V44/><F44/><W90/><G90/><T83/><D29/><N who="1" m="19775" /><E72/><V110/><F117/><W3/><G3/><T105/><D105/><N who="2" m="40554" /><F75/><W33/><G33/><T32/><D32/><U30/><E30/><V100/><F112/><W39/><G39/><T28/><D28/><U13/><E64/><AGARI ba="1,2" hai="14,15,40,46,48,58,62,64" m="12415,49161" machi="64" ten="30,2000,0" yaku="19,1,52,1" doraHai="12" who="3" fromWho="1" sc="235,0,255,-23,255,0,235,43" /><INIT seed="2,0,0,3,3,49" ten="235,232,255,278" oya="2" hai0="122,90,87,111,6,55,107,117,23,59,127,83,118" hai1="17,37,51,119,11,31,113,75,86,58,7,81,132" hai2="130,25,60,54,104,125,52,3,133,9,99,116,82" hai3="19,61,77,10,29,32,53,66,114,124,121,33,1"/><V103/><F116/><N who="0" m="44650" /><D122/><U109/><E119/><V26/><F133/><W21/><G121/><T5/><D107/><U101/><E113/><V38/><F38/><W71/><G114/><T0/><D111/><U72/><E37/><V98/><F130/><W63/><G124/><T80/><D127/><U65/><E109/><V79/><F125/><W15/><G77/><T68/><D68/><U41/><E132/><V45/><F3/><W16/><G29/><T84/><D23/><U30/><E101/><V100/><F45/><W135/><G135/><T56/><D0/><U73/><E17/><V4/><F60/><W35/><G1/><T57/><D55/><N who="2" m="21034" /><F104/><W42/><G42/><T62/><D62/><U134/><E134/><V14/><F79/><AGARI ba="0,0" hai="5,6,56,57,59,79,80,83,84,87,90" m="44650" machi="79" ten="30,1000,0" yaku="12,1" doraHai="49" who="0" fromWho="2" sc="235,10,232,0,255,-10,278,0" /><INIT seed="3,0,0,1,0,44" ten="245,232,245,278" oya="3" hai0="85,92,108,94,34,91,129,30,130,104,55,95,77" hai1="37,96,64,113,22,42,80,15,109,78,45,7,5" hai2="56,35,27,24,23,2,84,36,29,133,52,86,38" hai3="105,66,106,99,62,58,11,18,123,20,76,112,102"/><W81/><G123/><T72/><D30/><U87/><E109/><V121/><F133/><W21/><G112/><T54/><D34/><U39/><E113/><V119/><F119/><W90/><G90/><N who="0" m="53327" /><D54/><U48/><E64/><V9/><F121/><W67/><G11/><T122/><D55/><U83/><E96/><V0/><F36/><W127/><G127/><T49/><D49/><U50/><E39/><V89/><F38/><W12/><G21/><T47/><D47/><N who="1" m="25719" /><E37/><V51/><F86/><W134/><G134/><T32/><D32/><U65/><E80/><V117/><F9/><W116/><G116/><T132/><D122/><U69/><E65/><V14/><F14/><W79/><G79/><T107/><D132/><U33/><E69/><V126/><F126/><W70/><G67/><T16/><D16/><N who="1" m="10527" /><E33/><V71/><F71/><W74/><REACH who="3" step="1"/><G70/><REACH who="3" ten="245,232,245,268" step="2"/><T19/><D77/><U110/><E110/><V8/><F117/><W4/><G4/><T1/><D108/><U17/><E17/><V75/><F8/><W120/><G120/><T88/><D19/><U135/><E135/><V25/><F75/><W128/><G128/><T100/><D72/><U93/><E93/><AGARI ba="0,1" hai="12,18,20,58,62,66,74,76,81,93,99,102,105,106" machi="93" ten="30,2900,0" yaku="1,1,7,1,53,0" doraHai="44" doraHaiUra="31" who="3" fromWho="1" sc="245,0,232,-29,245,0,268,39" owari="245,4.5,203,-29.7,245,-15.5,307,40.7" /></mjloggm>