<mjloggm ver="2.3"><GO type="225" lobby="0"/><UN n0="%E5%B8%86%E7%AB%8B%E5%A4%8F%E8%A1%A3" n1="%48%61%61%61%6C%61%6E%64" n2="%4C%4F%4C%49%54%41" n3="%E7%89%B9%E6%9D%B1%E3%81%AF%E4%B8%96%E7%95%8C%E3%82%92%E6%95%91%E3%81%86" dan="16,18,16,16" rate="2163.00,2184.84,2192.84,2152.91" sx="M,M,F,M"/><TAIKYOKU oya="0"/><INIT seed="0,0,0,2,1,111" ten="250,250,250,250" oya="0" hai0="28,32,83,97,114,13,29,112,62,110,20,134,27" hai1="61,4,105,120,60,53,47,43,81,64,24,82,54" hai2="17,123,71,99,49,2,46,80,113,70,101,135,125" hai3="73,98,102,45,122,57,12,6,108,38,76,7,21"/><T68/><D68/><U67/><E105/><V0/><F123/><W78/><G122/><T92/><D110/><U52/><E120/><V63/><F135/><W74/><G108/><T3/><D134/><U116/><E116/><V121/><F121/><W132/><G132/><T66/><D3/><U133/><E133/><V69/><F125/><W40/><G74/><T5/><D83/><U34/><E4/><V127/><F127/><W89/><G89/><T75/><D75/><U118/><E118/><V9/><F113/><W124/><G124/><T31/><D62/><U18/><E61/><V50/><F63/><W130/><G130/><T87/><D87/><U103/><E103/><V94/><F80/><W126/><G73/><T48/><D48/><U8/><E67/><V22/><F9/><W30/><G57/><T79/><D79/><U23/><E34/><V36/><F36/><W100/><G100/><T117/><D66/><U95/><E95/><V44/><F44/><W1/><G1/><T19/><D117/><U72/><E8/><V41/><REACH who="2" step="1"/><F50/><REACH who="2" ten="250,250,240,250" step="2"/><W25/><G126/><T131/><D131/><U104/><E72/><V39/><F39/><W35/><G38/><T14/><D5/><U119/><E119/><V106/><F106/><W91/><G7/><T90/><REACH who="0" step="1"/><D32/><REACH who="0" ten="240,250,240,250" step="2"/><U86/><E82/><V42/><F42/><W15/><G6/><T115/><AGARI ba="0,2" hai="13,14,19,20,27,28,29,31,90,92,97,112,114,115" machi="115" ten="40,18000,2" yaku="1,1,2,1,0,1,52,3,53,1" doraHai="111" doraHaiUra="84" who="0" fromWho="0" sc="240,200,250,-60,240,-60,250,-60" /><INIT seed="0,1,0,4,0,8" ten="440,190,180,190" oya="0" hai0="49,13,1,83,90,81,2,105,30,29,131,21,93" hai1="74,98,122,17,28,62,103,33,130,37,61,27,38" hai2="55,19,32,87,63,23,100,121,82,34,12,132,86" hai3="16,75,92,110,117,112,104,101,44,88,67,134,31"/><T60/><D131/><U80/><E122/><V133/><F121/><W56/><G112/><T53/><D105/><U108/><E130/><V42/><F42/><W119/><G75/><T0/><D60/><U84/><E74/><V85/><F100/><W95/><G31/><T26/><D30/><U57/><E108/><V99/><F99/><W102/><G104/><T14/><D81/><U79/><E62/><V64/><F55/><W46/><G110/><T25/><D83/><U71/><E17/><V43/><F43/><W111/><G111/><T54/><D26/><U6/><E6/><V69/><REACH who="2" step="1"/><F82/><REACH who="2" ten="440,190,170,190" step="2"/><W66/><G101/><T59/><REACH who="0" step="1"/><D54/><REACH who="0" ten="430,190,170,190" step="2"/><U48/><E80/><V106/><F106/><W118/><G118/><T116/><D116/><U39/><E79/><V18/><F18/><W40/><G16/><T70/><D70/><U41/><E71/><V5/><F5/><W89/><G119/><T65/><D65/><U15/><E41/><V123/><F123/><W4/><G117/><T78/><D78/><U36/><E28/><V22/><F22/><W51/><G66/><T128/><D128/><U76/><E76/><V45/><F45/><W58/><G44/><T114/><D114/><U127/><E57/><V115/><F115/><W7/><G58/><T96/><AGARI ba="1,2" hai="0,1,2,13,14,21,25,29,49,53,59,90,93,96" machi="96" ten="30,12000,1" yaku="1,1,0,1,52,2,53,1" doraHai="8" doraHaiUra="20" who="0" fromWho="0" sc="430,143,190,-41,170,-41,190,-41" /><INIT seed="0,2,0,5,0,113" ten="573,149,129,149" oya="0" hai0="50,40,75,90,8,24,76,55,49,131,52,112,42" hai1="105,109,69,86,34,115,97,93,132,23,37,106,78" hai2="120,1,62,88,122,81,79,21,114,72,38,71,89" hai3="80,56,94,10,7,127,118,65,133,57,83,45,134"/><T16/><D112/><U59/><E34/><V53/><F114/><W73/><G127/><T27/><D131/><U61/><E115/><V5/><F38/><W128/><G128/><T44/><D76/><U82/><E109/><V60/><F1/><W87/><G118/><T58/><D75/><U91/><E132/><N who="3" m="50794" /><G45/><T77/><D77/><U14/><E69/><V101/><F5/><W0/><G73/><T129/><D129/><U13/><E37/><V29/><F101/><W110/><G110/><T74/><D74/><U125/><E125/><V119/><F119/><W3/><G3/><T126/><D126/><U67/><REACH who="1" step="1"/><E23/><REACH who="1" ten="573,139,129,149" step="2"/><V12/><F71/><W6/><G6/><T85/><D42/><U2/><E2/><V47/><F21/><W25/><G0/><T135/><D40/><U41/><E41/><V35/><F35/><W46/><G7/><T20/><D135/><U26/><E26/><V43/><F43/><W18/><G25/><N who="0" m="14471" /><D8/><U54/><E54/><V19/><F53/><W15/><G65/><T111/><D111/><U98/><E98/><V32/><F32/><W130/><G130/><T99/><D99/><U33/><E33/><V31/><F120/><W39/><G39/><T68/><D68/><U70/><E70/><V96/><F96/><W108/><G108/><T123/><D123/><U117/><E117/><V107/><F122/><W63/><G10/><T124/><D124/><U17/><E17/><V51/><F19/><W36/><G36/><T28/><D28/><U22/><E22/><V103/><F29/><W11/><G11/><T116/><D116/><RYUUKYOKU ba="2,1" sc="573,15,139,15,129,-15,149,-15" hai0="24,27,44,49,50,52,55,58,85,90" hai1="13,14,59,61,67,78,82,86,91,93,97,105,106" /><INIT seed="0,3,1,2,0,6" ten="588,154,114,134" oya="0" hai0="48,40,113,20,60,47,46,75,118,33,22,32,31" hai1="117,87,9,100,92,76,84,38,37,130,26,64,35" hai2="69,66,128,0,57,81,34,83,85,25,102,119,59" hai3="1,125,131,93,28,13,17,24,63,67,104,45,21"/><T52/><D113/><U30/><E117/><V68/><F0/><W71/><G131/><T39/><D118/><U106/><E130/><V61/><F119/><W108/><G108/><T65/><D75/><U132/><E132/><V135/><F128/><W77/><G125/><T27/><REACH who="0" step="1"/><D33/><REACH who="0" ten="578,154,114,134" step="2"/><U110/><E35/><V3/><F34/><W72/><G72/><T95/><D95/><U55/><E92/><V78/><F135/><W122/><G93/><T41/><D41/><U49/><E110/><V111/><F111/><W88/><G104/><T23/><D23/><U36/><E106/><V2/><F83/><W134/><G134/><T79/><D79/><U97/><E76/><V12/><F78/><W94/><G77/><T112/><D112/><U14/><E37/><V98/><F81/><W56/><G94/><T120/><D120/><U90/><E36/><V101/><F101/><W86/><G122/><T54/><D54/><U53/><E53/><V115/><F102/><W29/><G21/><T99/><D99/><U96/><E38/><V123/><F98/><W107/><G107/><T43/><D43/><U105/><E97/><V70/><F115/><W109/><G109/><T62/><D62/><U80/><E105/><V89/><F123/><W7/><G63/><T82/><D82/><U73/><E100/><V116/><F116/><W42/><G42/><T15/><D15/><U4/><E96/><V133/><F133/><W127/><G13/><T8/><D8/><U121/><E121/><V58/><F12/><W126/><G126/><T129/><D129/><U114/><E114/><RYUUKYOKU ba="3,2" sc="578,30,154,-10,114,-10,134,-10" hai0="20,22,27,31,32,39,40,46,47,48,52,60,65" /><INIT seed="0,4,2,4,5,56" ten="608,144,104,124" oya="0" hai0="87,88,62,85,45,26,9,52,99,50,17,81,55" hai1="131,134,11,37,105,110,113,119,94,83,92,127,79" hai2="112,128,24,63,133,48,93,4,0,38,68,124,22" hai3="10,97,51,53,65,12,115,7,46,71,70,104,116"/><T40/><D62/><U59/><E37/><V121/><F38/><W66/><G115/><T89/><D99/><U77/><E119/><V76/><F121/><W18/><G116/><T30/><D17/><U129/><E105/><V44/><F112/><W69/><REACH who="3" step="1"/><G7/><REACH who="3" ten="608,144,104,114" step="2"/><T111/><D111/><U3/><E113/><V100/><F4/><W15/><G15/><T33/><REACH who="0" step="1"/><D9/><REACH who="0" ten="598,144,104,114" step="2"/><U14/><E11/><V80/><F128/><W108/><G108/><T27/><D27/><U84/><E110/><V35/><F24/><W91/><G91/><T8/><D8/><U117/><E131/><V125/><F100/><AGARI ba="4,4" hai="10,12,18,46,51,53,65,66,69,70,71,97,100,104" machi="100" ten="40,2600,0" yaku="1,1,53,1" doraHai="56" doraHaiUra="103" who="3" fromWho="2" sc="598,0,144,0,104,-38,114,78" /><INIT seed="1,0,0,0,1,37" ten="598,144,66,192" oya="1" hai0="87,28,118,133,49,135,40,77,123,82,35,9,52" hai1="101,62,73,60,59,30,1,84,39,63,3,61,51" hai2="121,106,41,50,53,21,90,80,0,48,95,103,14" hai3="13,16,122,10,94,32,18,68,124,76,8,26,31"/><U98/><E73/><V91/><F121/><W129/><G68/><T93/><D118/><U66/><E39/><V74/><F0/><W12/><G122/><T46/><D123/><U19/><E30/><V34/><F34/><W25/><G129/><T134/><D35/><U81/><E19/><V127/><F127/><W65/><G65/><T119/><D28/><U83/><E51/><V5/><F106/><W111/><G124/><T17/><D119/><U4/><E4/><V23/><F74/><W2/><G76/><T11/><D17/><U85/><E85/><N who="2" m="50471" /><F103/><W112/><G112/><T15/><D93/><U58/><E83/><V86/><F50/><W57/><G57/><T109/><D109/><U56/><E1/><V130/><F130/><W29/><G94/><T126/><D126/><U96/><E3/><V42/><F21/><N who="3" m="15791" /><G2/><T27/><D27/><U131/><E131/><V117/><F117/><W43/><G111/><T108/><D108/><U88/><REACH who="1" step="1"/><E96/><REACH who="1" ten="598,134,66,192" step="2"/><V64/><F23/><W69/><G18/><N who="0" m="8559" /><D11/><U102/><E102/><V67/><F5/><W128/><G10/><T107/><D135/><U89/><E89/><V113/><F14/><W45/><G12/><T79/><D134/><U132/><E132/><V33/><F33/><W70/><G128/><T36/><D133/><U99/><E99/><V104/><F86/><W7/><G7/><T55/><D36/><U97/><E97/><V78/><F48/><W20/><G8/><T44/><D79/><U92/><AGARI ba="0,1" hai="56,58,59,60,61,62,63,66,81,84,88,92,98,101" machi="92" ten="30,11700,0" yaku="1,1,0,1,8,1,54,1,53,0" doraHai="37" doraHaiUra="72" who="1" fromWho="1" sc="598,-39,134,127,66,-39,192,-39" /><INIT seed="1,1,0,3,2,61" ten="559,261,27,153" oya="1" hai0="11,0,53,38,20,63,73,79,3,1,101,30,75" hai1="120,86,122,24,9,116,88,56,21,5,76,102,92" hai2="42,47,94,109,69,133,98,108,132,67,39,104,114" hai3="8,33,2,23,89,37,131,19,126,49,17,119,50"/><U28/><E116/><V100/><F94/><W41/><G33/><T46/><D101/><U44/><E76/><V93/><F114/><W124/><G119/><T96/><D96/><U34/><E102/><V54/><F54/><W123/><G123/><T80/><D20/><U129/><E129/><V58/><F58/><W71/><G71/><T112/><D30/><U26/><E44/><V84/><F84/><W7/><G131/><T81/><D63/><U18/><REACH who="1" step="1"/><E56/><REACH who="1" ten="559,251,27,153" step="2"/><V43/><F42/><W29/><G41/><T72/><D79/><U107/><E107/><V128/><F128/><W74/><G89/><T35/><D46/><U15/><AGARI ba="1,1" hai="5,9,15,18,21,24,26,28,34,86,88,92,120,122" machi="15" ten="20,7800,0" yaku="1,1,0,1,7,1,54,1,53,0" doraHai="61" doraHaiUra="66" who="1" fromWho="1" sc="559,-27,251,91,27,-27,153,-27" /><INIT seed="1,2,0,0,0,102" ten="532,342,0,126" oya="1" hai0="103,78,35,95,33,81,93,31,50,64,7,58,117" hai1="76,16,131,53,70,37,92,62,130,126,15,38,51" hai2="6,57,29,74,59,25,89,134,17,10,122,65,115" hai3="47,14,118,13,11,18,8,1,46,96,114,23,125"/><U88/><E76/><V27/><F122/><W85/><G114/><T71/><D117/><U101/><E101/><V99/><F74/><W36/><G118/><T132/><D7/><U100/><E100/><V49/><F134/><W43/><G125/><T105/><D58/><U52/><E126/><V39/><F39/><W94/><G1/><T24/><D50/><U30/><E30/><V124/><F115/><W79/><G47/><T82/><D35/><U119/><E119/><V135/><F135/><W123/><G123/><T19/><D19/><U0/><E0/><V128/><F124/><W68/><G68/><T91/><D91/><U133/><E133/><V77/><F77/><W121/><G121/><T66/><D66/><U83/><E83/><V4/><F128/><N who="1" m="49193" /><E62/><N who="2" m="38095" /><F29/><W120/><G120/><T75/><D82/><U5/><E5/><N who="2" m="2155" /><F10/><W26/><G79/><T107/><D132/><U63/><E38/><V87/><F99/><W9/><G85/><T111/><D95/><U112/><E37/><V12/><F59/><W40/><G96/><T60/><D93/><U21/><E112/><V106/><F49/><W97/><G36/><T32/><D32/><U48/><E70/><V45/><F45/><W34/><G46/><T3/><D3/><U84/><E63/><V41/><F41/><W54/><G34/><T104/><D103/><U22/><E22/><N who="2" m="11559" /><F106/><W80/><G23/><T113/><D113/><U28/><E28/><V116/><F116/><W98/><G40/><T2/><D2/><U73/><E73/><V44/><F44/><W86/><G43/><T67/><D67/><RYUUKYOKU ba="2,0" sc="532,10,342,10,0,10,126,-30" hai0="24,31,33,60,64,71,75,78,81,104,105,107,111" hai1="15,16,21,48,51,52,53,84,88,92" hai2="25,27,87,89" /><INIT seed="1,3,0,5,0,130" ten="542,352,10,96" oya="1" hai0="86,83,119,93,43,106,117,87,19,67,46,1,41" hai1="6,110,128,22,72,27,123,89,124,88,102,99,129" hai2="63,3,134,8,31,15,14,125,42,38,105,16,32" hai3="68,21,94,61,49,131,101,80,47,92,44,115,107"/><U55/><E123/><V29/><F105/><W24/><G115/><T108/><D106/><U18/><E72/><V4/><F125/><W69/><G131/><N who="1" m="50250" /><E124/><V70/><F38/><W103/><G80/><T127/><D1/><U51/><E6/><V11/><F42/><W57/><G107/><T114/><D114/><U50/><E110/><V28/><F63/><W132/><G132/><T91/><D108/><U30/><E30/><V17/><F70/><W9/><G9/><T2/><D2/><U112/><E112/><V0/><F134/><W73/><G73/><T39/><D127/><U84/><E84/><V25/><REACH who="2" step="1"/><F0/><REACH who="2" ten="542,352,0,96" step="2"/><W45/><G69/><T37/><D43/><U40/><E40/><V95/><F95/><N who="3" m="36395" /><G68/><T58/><D86/><U85/><E85/><V97/><F97/><W36/><G36/><T62/><D83/><U33/><E50/><V20/><AGARI ba="3,1" hai="3,4,8,11,14,15,16,17,20,25,28,29,31,32" machi="20" ten="20,24000,4" yaku="1,1,0,1,7,1,24,2,35,6,54,1,53,0" doraHai="130" doraHaiUra="109" who="2" fromWho="2" sc="542,-63,352,-123,0,259,96,-63" /><INIT seed="2,0,0,3,5,80" ten="479,229,259,33" oya="2" hai0="44,92,17,130,119,96,37,43,25,75,117,85,84" hai1="97,24,10,0,28,91,135,33,121,68,118,113,109" hai2="7,23,55,51,16,61,87,70,2,74,40,110,14" hai3="63,86,105,125,129,71,53,112,66,45,30,72,131"/><V116/><F74/><W59/><G72/><T78/><D130/><U20/><E68/><V128/><F116/><N who="0" m="44618" /><D78/><U15/><E118/><V111/><F128/><W101/><G125/><T35/><D75/><U100/><E113/><V94/><F40/><W49/><G112/><T89/><D17/><U134/><E109/><N who="2" m="41483" /><F2/><W120/><G120/><T62/><D62/><U106/><E121/><V81/><F94/><W52/><G30/><AGARI ba="0,0" hai="25,30,35,37,43,44,84,85,89,92,96" m="44618" machi="30" ten="30,3900,0" yaku="12,1,52,2" doraHai="80" who="0" fromWho="3" sc="479,39,229,0,259,0,33,-39" owari="518,61.8,229,-17.1,259,5.9,-6,-50.6" /></mjloggm>