<mjloggm ver="2.3"><GO type="225" lobby="0"/><UN n0="%E5%8D%A0%E3%81%84%E5%B8%AB%E8%A3%8F%E3%81%AA%E3%81%84%E3%81%97" n1="%E3%81%BF%E3%81%BF%E3%81%9A" n2="%77%72%77%72%77%72%77%72" n3="%4C%4F%4C%49%54%41" dan="16,16,17,16" rate="2199.77,2231.81,2241.12,2141.29" sx="M,M,M,F"/><TAIKYOKU oya="0"/><INIT seed="0,0,0,4,4,79" ten="250,250,250,250" oya="0" hai0="123,38,55,135,131,78,99,64,54,13,48,50,83" hai1="77,73,75,125,18,30,116,42,124,88,12,23,122" hai2="76,25,37,93,29,90,111,0,43,91,92,102,53" hai3="65,126,17,49,72,127,26,113,9,133,119,20,74"/><T36/><D123/><U58/><E116/><V107/><F0/><W27/><G119/><T6/><D135/><U100/><E122/><V82/><F111/><W24/><G113/><T35/><D35/><U40/><E100/><V66/><F66/><W28/><G65/><T112/><D112/><U98/><E30/><V14/><F107/><W94/><G133/><T80/><D131/><U84/><E98/><V70/><F70/><W5/><G49/><T52/><D64/><U57/><E58/><V103/><F43/><N who="1" m="16425" /><E77/><V47/><F37/><W85/><G94/><T68/><D68/><U128/><E57/><V7/><F103/><W44/><G85/><T97/><D55/><U51/><E51/><N who="2" m="28927" /><F102/><W19/><G44/><T10/><D78/><U118/><E118/><V8/><F90/><W45/><G45/><N who="0" m="27663" /><D38/><U114/><E128/><V22/><F76/><W134/><G134/><T15/><D36/><U31/><E31/><V121/><F121/><W1/><G74/><T104/><D104/><U108/><E108/><V95/><F91/><W2/><G2/><T106/><D106/><U32/><E32/><V86/><F86/><W101/><G72/><T16/><D99/><U11/><E114/><V21/><F21/><N who="3" m="13359" /><G101/><T34/><D34/><AGARI ba="0,0" hai="1,5,9,19,20,26,27,28,34,126,127" m="13359" machi="34" ten="30,2000,0" yaku="34,2" doraHai="79" who="3" fromWho="0" sc="250,-20,250,0,250,0,250,20" /><INIT seed="1,0,0,5,4,37" ten="230,250,250,270" oya="1" hai0="67,80,24,53,84,90,103,85,106,0,60,38,22" hai1="33,51,36,59,6,56,107,83,101,104,134,122,43" hai2="93,5,115,63,105,17,108,54,23,71,27,34,112" hai3="77,65,98,120,111,47,126,66,28,131,109,20,68"/><U39/><E122/><V55/><F105/><W18/><G120/><T46/><D0/><U35/><E6/><V31/><F5/><W13/><G126/><T52/><D106/><U99/><E134/><V14/><F108/><N who="3" m="41547" /><G131/><T29/><D103/><U91/><E91/><V61/><F93/><W102/><G77/><T82/><D46/><U114/><E51/><V81/><F81/><W41/><G28/><T2/><D2/><U133/><E83/><V30/><F30/><W12/><G13/><T70/><REACH who="0" step="1"/><D38/><REACH who="0" ten="220,250,250,270" step="2"/><U123/><E101/><V88/><F115/><W26/><G47/><T11/><D11/><U49/><E123/><V32/><F112/><W10/><G102/><T76/><AGARI ba="0,1" hai="22,24,29,52,53,60,67,70,76,80,82,84,85,90" machi="76" ten="20,8000,1" yaku="1,1,0,1,7,1,54,1,53,1" doraHai="37" doraHaiUra="19" who="0" fromWho="0" sc="220,90,250,-40,250,-20,270,-20" /><INIT seed="2,0,0,4,0,71" ten="310,210,230,250" oya="2" hai0="132,76,107,79,78,103,26,128,41,54,68,133,67" hai1="55,106,59,112,91,33,87,111,93,65,60,35,21" hai2="105,129,32,10,98,115,108,72,121,102,45,119,17" hai3="0,84,36,12,135,40,15,46,114,73,118,80,31"/><V47/><F115/><W83/><G118/><T95/><D107/><U24/><E112/><V7/><F119/><W11/><G114/><T117/><D117/><U8/><E111/><V104/><F121/><W90/><G135/><T96/><D41/><U94/><E106/><V57/><F105/><W123/><G31/><T53/><D128/><U25/><E25/><V38/><F32/><W130/><G130/><T131/><D131/><U70/><E8/><V126/><F129/><W48/><G48/><T110/><D110/><U16/><REACH who="1" step="1"/><E94/><REACH who="1" ten="310,200,230,250" step="2"/><V101/><F108/><W14/><G123/><T124/><D26/><U61/><AGARI ba="0,1" hai="16,21,24,33,35,55,59,60,61,65,70,87,91,93" machi="61" ten="20,8000,1" yaku="1,1,2,1,0,1,7,1,54,1,53,0" doraHai="71" doraHaiUra="127" who="1" fromWho="1" sc="310,-20,200,90,230,-40,250,-20" /><INIT seed="3,0,0,0,1,61" ten="290,290,190,230" oya="3" hai0="30,50,44,102,16,12,72,34,64,75,100,9,38" hai1="41,119,94,32,51,54,5,107,113,70,135,83,20" hai2="1,65,27,63,7,33,105,115,80,122,87,26,99" hai3="19,130,22,17,25,10,98,126,132,84,125,71,67"/><W81/><G132/><T15/><D38/><U36/><E107/><V57/><F115/><W76/><G130/><T42/><D72/><U0/><E32/><V69/><F122/><W78/><G98/><T49/><D75/><U86/><E113/><V73/><F73/><W90/><G10/><T6/><D64/><U8/><E70/><V88/><F57/><W13/><G13/><T129/><D129/><U111/><E135/><V43/><F43/><W79/><G17/><T121/><D121/><U96/><E20/><V4/><F26/><W77/><G77/><T110/><D110/><U29/><E111/><V62/><F62/><W55/><G55/><T133/><D133/><U92/><E29/><N who="2" m="19647" /><F1/><W52/><G52/><T91/><D30/><U82/><E119/><V134/><F134/><W89/><G89/><T104/><D91/><U117/><E117/><V74/><F74/><W128/><G128/><T127/><D12/><U93/><E96/><V14/><F14/><W131/><G131/><T37/><D15/><U46/><REACH who="1" step="1"/><E86/><REACH who="1" ten="290,280,190,230" step="2"/><V58/><F58/><AGARI ba="0,1" hai="0,5,8,36,41,46,51,54,58,82,83,92,93,94" machi="58" ten="40,2600,0" yaku="1,1,2,1,53,0" doraHai="61" doraHaiUra="28" who="1" fromWho="2" sc="290,0,280,36,190,-26,230,0" owari="290,9.0,316,41.6,164,-33.6,230,-17.0" /></mjloggm>