<mjloggm ver="2.3"><GO type="225" lobby="0"/><UN n0="%E7%AD%89%E3%80%85%E5%8A%9B%E5%8A%87%E5%A0%B4" n1="%E8%81%B7%E6%A5%AD%E3%80%81%E9%A2%A8%32" n2="%72%69%6F%75%63%68%61%6E" n3="%6E%69%63%6B%6C%6F%77" dan="16,16,16,16" rate="2142.33,2150.05,2129.44,2107.94" sx="M,M,M,F"/><TAIKYOKU oya="0"/><INIT seed="0,0,0,4,1,46" ten="250,250,250,250" oya="0" hai0="111,53,33,93,22,100,88,3,2,66,20,115,114" hai1="130,58,77,120,128,68,69,117,56,35,64,63,4" hai2="135,14,0,84,134,103,70,87,97,49,15,50,26" hai3="86,40,122,91,105,28,123,71,25,110,36,10,80"/><T44/><D33/><U98/><E35/><V47/><F0/><W85/><G71/><N who="1" m="27210" /><E98/><V23/><F70/><W82/><G105/><T37/><D100/><U78/><E4/><V109/><F109/><W132/><G110/><T108/><D66/><U92/><E92/><V60/><F60/><W124/><G36/><T102/><D102/><U24/><E24/><V121/><F121/><W8/><G40/><T127/><D111/><U131/><E120/><N who="3" m="46122" /><G124/><T57/><D108/><U133/><E117/><V41/><F49/><W38/><G132/><N who="2" m="50729" /><F15/><W32/><G38/><T61/><D127/><U13/><E133/><V99/><F14/><W94/><G94/><T45/><D2/><U31/><E31/><N who="2" m="17887" /><F97/><W65/><G65/><T48/><D3/><U5/><E56/><V21/><F21/><W18/><G18/><T76/><D22/><U59/><E59/><V89/><F89/><AGARI ba="0,0" hai="8,10,25,28,32,80,82,85,86,89,91" m="46122" machi="89" ten="30,1000,0" yaku="13,1" doraHai="46" who="3" fromWho="2" sc="250,0,250,0,250,-10,250,10" /><INIT seed="1,0,0,2,0,49" ten="250,250,240,260" oya="1" hai0="102,73,65,75,122,56,81,60,120,74,79,30,12" hai1="78,118,93,26,44,3,15,18,25,66,33,5,46" hai2="114,134,76,133,24,86,67,97,103,29,4,62,89" hai3="27,92,47,37,116,98,80,6,23,87,57,9,115"/><U90/><E118/><V52/><F114/><W28/><G115/><T35/><D102/><U125/><E125/><V68/><F76/><W108/><G108/><T0/><D0/><U85/><E66/><V117/><F4/><W113/><G113/><T132/><D132/><U20/><E78/><V99/><F117/><W127/><G127/><T21/><D35/><U71/><E71/><V42/><F42/><W83/><G116/><T34/><D34/><U119/><E119/><V43/><F43/><W77/><G80/><T106/><D106/><U104/><E104/><V31/><F52/><W38/><G47/><T72/><D30/><N who="1" m="19663" /><E26/><V39/><F39/><W96/><G96/><T94/><D94/><U50/><E50/><V11/><F11/><AGARI ba="0,0" hai="3,5,11,15,18,20,44,46,85,90,93" m="19663" machi="11" ten="30,1500,0" yaku="24,1" doraHai="49" who="1" fromWho="2" sc="250,0,250,15,240,-15,260,0" /><INIT seed="1,1,0,3,1,112" ten="250,265,225,260" oya="1" hai0="18,51,72,98,17,13,21,131,99,39,66,118,73" hai1="122,30,135,114,1,130,120,70,75,52,80,132,22" hai2="46,31,50,108,40,2,60,115,16,110,81,107,59" hai3="62,93,12,48,56,20,34,41,4,14,91,71,111"/><U109/><E1/><V33/><F115/><W63/><G34/><T37/><D66/><U15/><E114/><V96/><F2/><W5/><G71/><T23/><D51/><U58/><E70/><V55/><F81/><W29/><G111/><N who="2" m="42537" /><F33/><W54/><G63/><T74/><D13/><U123/><E109/><V42/><F31/><W25/><G12/><T65/><D65/><U38/><E38/><V10/><F107/><W103/><G103/><T57/><D57/><U43/><E43/><N who="2" m="24927" /><F96/><W47/><REACH who="3" step="1"/><G14/><AGARI ba="1,0" hai="10,14,16,40,42,55,59,60" m="24927,42537" machi="14" ten="30,2000,0" yaku="14,1,54,1" doraHai="112" who="2" fromWho="3" sc="250,0,265,0,225,23,260,-23" /><INIT seed="2,0,0,5,5,19" ten="250,265,248,237" oya="2" hai0="24,113,0,33,5,67,34,21,123,39,117,62,13" hai1="75,31,79,112,18,77,134,109,107,89,96,69,63" hai2="127,122,40,114,101,121,103,50,51,37,48,47,93" hai3="53,49,119,90,61,131,45,7,10,64,71,22,46"/><V128/><F114/><W43/><G119/><T12/><D123/><N who="2" m="47114" /><F93/><W76/><G131/><T87/><D113/><U42/><E109/><V52/><F101/><W72/><G72/><T8/><D39/><U99/><E134/><V55/><F103/><W14/><G76/><T26/><D87/><U92/><E112/><V70/><F128/><W66/><G66/><T130/><D130/><U78/><E75/><V58/><F70/><W115/><G115/><T35/><D117/><U41/><E107/><V65/><F127/><W82/><G82/><T126/><D126/><U60/><E69/><V108/><F108/><W85/><G85/><T100/><D100/><U97/><E31/><V88/><F88/><W68/><G90/><T86/><D86/><N who="1" m="52279" /><E18/><V129/><F129/><W3/><G71/><T1/><D62/><AGARI ba="0,0" hai="41,42,60,62,63,77,78,79,96,97,99" m="52279" machi="62" ten="30,1000,0" yaku="8,1" doraHai="19" who="1" fromWho="0" sc="250,-10,265,10,248,0,237,0" /><AGARI ba="0,0" hai="37,40,47,48,50,51,52,55,58,62,65" m="47114" machi="62" ten="30,5800,0" yaku="34,2,54,1" doraHai="19" who="2" fromWho="0" sc="240,-58,275,0,248,58,237,0" /><INIT seed="2,1,0,3,3,68" ten="182,275,306,237" oya="2" hai0="121,92,90,52,99,107,94,134,72,4,96,40,115" hai1="26,82,3,130,0,31,66,50,28,67,48,54,19" hai2="51,70,75,62,111,53,32,69,9,73,20,78,65" hai3="36,58,79,46,101,24,57,2,18,25,127,61,16"/><V27/><F32/><W10/><G101/><T45/><D121/><U100/><E130/><V83/><F70/><W43/><G79/><T126/><D115/><U6/><E0/><V11/><F75/><W125/><G57/><T35/><D35/><U5/><E3/><V122/><F111/><W91/><G91/><T135/><D107/><U114/><E100/><V60/><F60/><W59/><G59/><T81/><D126/><N who="3" m="48137" /><G2/><T1/><D1/><U89/><E114/><V108/><F122/><W38/><G10/><T112/><D112/><U41/><E41/><V29/><REACH who="2" step="1"/><F108/><REACH who="2" ten="182,275,296,237" step="2"/><W15/><G61/><T13/><D72/><U93/><E31/><V44/><AGARI ba="1,1" hai="9,11,20,27,29,44,51,53,62,65,69,73,78,83" machi="44" ten="20,12000,1" yaku="1,1,2,1,0,1,7,1,53,1" doraHai="68" doraHaiUra="56" who="2" fromWho="2" sc="182,-41,275,-41,296,133,237,-41" /><INIT seed="2,2,0,2,2,16" ten="141,234,429,196" oya="2" hai0="46,108,74,11,68,65,118,53,114,1,97,72,96" hai1="76,105,55,121,13,34,9,49,44,8,14,15,85" hai2="35,43,18,81,88,19,101,116,5,0,90,38,79" hai3="94,59,51,58,37,70,78,115,6,39,130,95,106"/><V99/><F116/><W45/><G106/><T82/><D114/><U133/><E133/><V123/><F123/><W112/><G78/><T100/><D108/><U26/><E121/><V4/><F35/><W54/><G6/><T110/><D110/><U113/><E113/><N who="3" m="43594" /><G70/><T89/><D118/><U33/><E105/><V80/><F38/><N who="3" m="14347" /><G130/><T28/><D1/><U3/><E34/><V66/><F43/><W64/><G64/><T56/><D68/><U12/><E3/><V98/><F0/><W17/><G17/><T42/><D65/><U63/><E33/><V25/><F66/><W57/><AGARI ba="2,0" hai="45,51,54,57,58,59,94,95" m="14347,43594" machi="57" ten="40,1500,0" yaku="11,1" doraHai="16" who="3" fromWho="3" sc="141,-6,234,-6,429,-9,196,21" /><INIT seed="3,0,0,3,4,134" ten="135,228,420,217" oya="3" hai0="25,120,93,76,39,2,115,79,83,121,111,36,104" hai1="95,29,3,12,128,85,72,106,75,51,66,38,131" hai2="1,7,125,73,110,59,65,16,0,99,9,102,98" hai3="33,133,105,74,63,52,23,117,101,80,69,50,100"/><W32/><G117/><T107/><D2/><U20/><E106/><V37/><F125/><W58/><G133/><T13/><D25/><U6/><E38/><V19/><F0/><W77/><G23/><T70/><D70/><U14/><E66/><V122/><F37/><W113/><G113/><T55/><D13/><N who="1" m="5227" /><E51/><V56/><F73/><W71/><G71/><T57/><D93/><U118/><E85/><V5/><F110/><W24/><G105/><T54/><D57/><U62/><E62/><N who="2" m="38087" /><F1/><W112/><G112/><T96/><D83/><U10/><E95/><N who="2" m="58719" /><F9/><W45/><G69/><T53/><D96/><U129/><E118/><V28/><F28/><W127/><G127/><T31/><D54/><U86/><E86/><V130/><F130/><W17/><G17/><N who="2" m="6729" /><F122/><W27/><G27/><AGARI ba="0,0" hai="3,6,10,20,27,29,72,75,128,129,131" m="5227" machi="27" ten="40,1300,0" yaku="19,1" doraHai="134" who="1" fromWho="3" sc="135,0,228,13,420,0,217,-13" owari="135,-36.5,241,4.1,420,52.0,204,-19.6" /></mjloggm>