<mjloggm ver="2.3"><GO type="225" lobby="0"/><UN n0="%E6%97%A5%E6%9B%9C%E6%97%A5%E3%82%88%E3%82%8A%E3%81%AE%E4%BD%BF%E8%80%85" n1="%E3%83%A9%E3%83%BC%E3%83%A1%E3%83%B3%E4%BA%94%E9%83%8E" n2="%E9%B3%B3%E6%9D%B1%E3%81%AE%E3%81%86%E3%81%95%E3%81%8E%E3%81%95%E3%82%93" n3="%E6%A1%9C%E8%8A%B1%E9%96%83%E3%80%85" dan="17,16,16,18" rate="2180.44,2075.30,2241.84,2255.36" sx="M,M,M,M"/><TAIKYOKU oya="0"/><INIT seed="0,0,0,4,4,49" ten="250,250,250,250" oya="0" hai0="74,5,92,6,16,19,17,68,26,30,97,43,70" hai1="23,114,18,46,65,34,78,135,12,81,80,106,41" hai2="3,9,130,117,133,126,24,21,109,2,76,52,72" hai3="132,75,87,13,122,110,134,28,62,128,37,69,64"/><T71/><D74/><U14/><E135/><N who="3" m="51754" /><G75/><T102/><REACH who="0" step="1"/><D43/><REACH who="0" ten="240,250,250,250" step="2"/><U58/><E41/><V40/><F40/><W32/><G122/><T119/><D119/><U63/><E114/><V48/><F133/><W25/><G37/><T39/><D39/><U113/><E113/><V96/><F117/><W38/><G38/><T29/><D29/><U54/><E34/><AGARI ba="0,1" hai="5,6,16,17,19,26,30,34,68,70,71,92,97,102" machi="34" ten="50,4800,0" yaku="1,1,54,1,53,0" doraHai="49" doraHaiUra="112" who="0" fromWho="1" sc="240,58,250,-48,250,0,250,0" /><INIT seed="0,1,0,4,0,78" ten="298,202,250,250" oya="0" hai0="108,120,63,55,107,9,113,12,106,99,3,39,86" hai1="6,36,82,67,81,65,0,2,60,34,125,69,112" hai2="77,18,75,94,45,116,47,20,104,30,53,126,25" hai3="110,91,52,95,100,49,76,101,14,46,97,24,7"/><T96/><D39/><U11/><E125/><V117/><F104/><W73/><G110/><T118/><D3/><U92/><E36/><V23/><F126/><W124/><G124/><T83/><D113/><U26/><E112/><V16/><F94/><W42/><G24/><T128/><D118/><N who="2" m="45674" /><F53/><W48/><G76/><N who="0" m="46439" /><D107/><U33/><E0/><V10/><F10/><N who="3" m="4447" /><G73/><T114/><D106/><U61/><E92/><V4/><F4/><W17/><G17/><N who="2" m="6761" /><F20/><W85/><G97/><N who="0" m="37451" /><D114/><U50/><E34/><V13/><F13/><W74/><G74/><T70/><D120/><U35/><E35/><V1/><F1/><W58/><AGARI ba="1,0" hai="42,46,48,49,52,58,85,91,95,100,101" m="4447" machi="58" ten="30,2000,0" yaku="8,1,54,1" doraHai="78" who="3" fromWho="3" sc="298,-11,202,-6,250,-6,250,23" /><INIT seed="1,0,0,4,5,35" ten="287,196,244,273" oya="1" hai0="97,13,114,20,133,132,111,10,123,117,69,41,38" hai1="113,63,110,46,131,134,120,104,103,64,105,30,108" hai2="44,9,96,102,40,39,74,79,83,22,81,5,58" hai3="115,73,33,70,62,54,52,86,56,32,0,50,72"/><U84/><E113/><V109/><F109/><N who="1" m="42089" /><E120/><V23/><F58/><W28/><G115/><T6/><D117/><U80/><E134/><V60/><F60/><W48/><G0/><T12/><D123/><U127/><E131/><V1/><REACH who="2" step="1"/><F81/><REACH who="2" ten="287,196,234,273" step="2"/><W101/><G62/><T51/><D111/><U95/><E46/><V112/><F112/><W45/><G70/><T68/><D69/><U4/><E80/><V119/><F119/><W25/><G33/><T3/><D68/><U76/><E63/><V125/><F125/><W129/><G129/><T7/><D114/><U2/><E127/><V61/><F61/><W75/><G101/><T126/><D126/><U67/><E103/><V91/><F91/><W37/><G37/><T15/><D38/><U16/><E64/><V87/><F87/><W53/><REACH who="3" step="1"/><G86/><REACH who="3" ten="287,196,234,263" step="2"/><T99/><D133/><U100/><E100/><V98/><F98/><W94/><G94/><AGARI ba="0,2" hai="1,5,9,22,23,39,40,44,74,79,83,94,96,102" machi="94" ten="30,12000,2" yaku="1,1,7,1,25,2,52,1,53,1" doraHai="35" doraHaiUra="36" who="2" fromWho="3" sc="287,0,196,0,234,140,263,-120" /><INIT seed="2,0,0,1,4,125" ten="287,196,374,143" oya="2" hai0="106,134,12,0,6,60,9,113,69,56,34,93,92" hai1="39,101,40,76,118,30,91,126,31,33,36,57,74" hai2="22,109,122,64,115,129,96,26,8,55,29,5,46" hai3="49,90,94,19,100,75,127,17,87,54,37,85,111"/><V95/><F115/><W102/><G127/><T71/><D113/><U65/><E118/><V121/><F109/><W131/><G75/><T68/><D106/><U61/><E126/><V97/><F129/><W21/><G37/><T63/><D34/><U105/><E91/><V52/><F64/><W78/><G111/><T86/><D134/><U104/><E40/><V70/><F70/><W132/><G132/><T11/><D86/><U62/><E62/><V14/><F96/><W98/><G131/><T44/><D44/><U124/><E124/><V3/><F3/><W28/><G28/><T128/><D128/><U107/><E101/><V58/><F46/><W16/><G21/><T81/><D81/><U79/><E79/><V43/><F43/><W41/><G41/><T27/><D27/><U73/><E76/><V10/><F10/><W18/><N who="3" m="4096" /><DORA hai="32" /><W84/><REACH who="3" step="1"/><G78/><REACH who="3" ten="287,196,374,133" step="2"/><T120/><D120/><U116/><E39/><V103/><F122/><W67/><G67/><T25/><D25/><U82/><E36/><V2/><F121/><W1/><G1/><T135/><D135/><U45/><E65/><V59/><F2/><W119/><G119/><T108/><D108/><U99/><E116/><V77/><F77/><W110/><G110/><T89/><D0/><U42/><E42/><V51/><F55/><W7/><G7/><T117/><D117/><U4/><E73/><V38/><F38/><W66/><G66/><T114/><D6/><U13/><E4/><V47/><AGARI ba="0,1" hai="5,8,14,22,26,29,47,51,52,58,59,95,97,103" machi="47" ten="20,7800,0" yaku="0,1,7,1,8,1,54,1" doraHai="125,32" who="2" fromWho="2" sc="287,-26,196,-26,374,88,133,-26" /><INIT seed="2,1,0,3,5,41" ten="261,170,462,107" oya="2" hai0="96,73,34,92,37,48,103,43,65,12,54,20,88" hai1="99,58,129,104,13,61,100,84,26,53,64,22,124" hai2="55,3,78,118,7,35,134,63,70,126,113,67,45" hai3="114,52,33,132,6,82,108,23,89,83,98,77,102"/><V5/><F113/><W19/><G114/><T109/><D34/><U106/><E129/><V57/><F118/><W42/><G108/><T74/><D109/><U4/><E124/><V97/><F35/><W36/><G33/><T46/><D65/><U125/><E125/><V128/><F126/><W1/><G132/><T101/><D74/><U62/><E84/><V115/><F115/><W11/><G89/><T90/><D73/><U95/><E13/><V21/><F134/><W75/><G83/><T68/><D68/><U60/><E4/><V111/><F111/><W25/><G52/><T127/><D127/><U76/><E76/><V85/><F21/><W130/><G130/><T9/><D20/><U38/><E38/><V116/><F116/><W119/><G119/><T2/><D90/><U123/><E123/><V122/><F97/><W93/><G93/><T27/><D27/><U44/><E44/><V110/><F45/><W50/><G50/><T79/><D79/><U24/><E24/><V133/><F122/><W91/><G91/><T71/><D71/><U120/><E120/><V72/><F70/><W80/><G80/><T56/><D2/><U17/><REACH who="1" step="1"/><E61/><REACH who="1" ten="261,160,462,107" step="2"/><V29/><F63/><W49/><G49/><T16/><AGARI ba="1,1" hai="9,12,16,37,43,46,48,54,56,88,92,96,101,103" machi="16" ten="20,8000,1" yaku="0,1,7,1,52,1,54,2" doraHai="41" who="0" fromWho="0" sc="261,93,160,-21,462,-41,107,-21" /><INIT seed="3,0,0,1,5,104" ten="354,139,421,86" oya="3" hai0="2,106,6,74,88,87,122,91,94,134,36,53,123" hai1="95,28,61,101,9,93,83,79,103,43,38,66,73" hai2="41,39,76,90,30,119,96,64,126,67,132,16,85" hai3="110,4,10,60,1,8,92,47,102,51,81,77,65"/><W111/><G10/><T108/><D106/><U80/><E38/><V121/><F119/><W35/><G35/><T29/><D36/><U99/><E43/><V84/><F30/><W22/><G22/><T100/><D29/><U56/><E28/><V115/><F115/><W97/><G60/><T23/><D23/><U58/><E9/><V135/><F126/><W55/><REACH who="3" step="1"/><G65/><REACH who="3" ten="354,139,421,76" step="2"/><T127/><D127/><U89/><E66/><V0/><F64/><W59/><G59/><T52/><D123/><U3/><E61/><V107/><F67/><W116/><G116/><T75/><D122/><U82/><E56/><V14/><F121/><W48/><G48/><T68/><D53/><U114/><E58/><V27/><F39/><W120/><G120/><T63/><D52/><U105/><E114/><V112/><F112/><W130/><G130/><T7/><D63/><U45/><E45/><V18/><F41/><W124/><G124/><T57/><D57/><U117/><E117/><V46/><F46/><W128/><G128/><T113/><D113/><U50/><E50/><V25/><F25/><W12/><G12/><T11/><D11/><U78/><E3/><V109/><F27/><W44/><G44/><T13/><D13/><U34/><E34/><V125/><F14/><W86/><AGARI ba="0,1" hai="1,4,8,47,51,55,77,81,86,92,97,102,110,111" machi="86" ten="30,3000,0" yaku="1,1,0,1,53,0" doraHai="104" doraHaiUra="69" who="3" fromWho="3" sc="354,-10,139,-10,421,-10,76,40" /><INIT seed="3,1,0,3,3,33" ten="344,129,411,116" oya="3" hai0="31,124,81,34,135,49,84,54,4,15,47,51,50" hai1="74,133,24,10,52,27,117,14,115,32,19,67,131" hai2="83,16,56,100,121,89,123,3,88,29,76,40,96" hai3="87,86,132,125,26,69,116,28,71,82,30,18,107"/><W111/><G116/><T11/><D124/><U128/><E133/><V95/><F3/><W41/><G132/><T43/><D135/><U129/><E115/><V53/><F40/><W20/><G125/><T46/><D50/><U79/><E117/><V48/><F29/><W37/><G107/><T113/><D113/><U35/><E67/><V6/><F6/><W91/><G111/><T99/><D99/><U78/><E52/><V97/><F16/><W55/><G55/><T103/><D103/><U80/><E78/><V102/><F89/><W21/><G87/><T126/><D126/><U12/><E12/><V94/><F88/><W118/><G118/><T36/><D36/><U108/><E108/><V134/><F134/><W105/><G105/><T112/><D112/><U73/><E74/><AGARI ba="1,0" hai="48,53,56,74,76,83,94,95,96,97,100,102,121,123" machi="74" ten="40,1300,0" yaku="9,1" doraHai="33" who="2" fromWho="1" sc="344,0,129,-16,411,16,116,0" owari="344,14.4,113,-38.7,427,52.7,116,-28.4" /></mjloggm>