<mjloggm ver="2.3"><GO type="225" lobby="0"/><UN n0="%E3%81%AF%E3%82%88%E3%81%8A%E3%81%98%E3%81%95%E3%82%93" n1="%E3%81%91%E3%83%BC%E3%81%9E%E3%81%88" n2="%72%65%6E%6B%75%6E" n3="%47%48%4F%53%54" dan="16,16,17,17" rate="2211.16,2154.70,2327.93,2238.68" sx="M,M,M,M"/><TAIKYOKU oya="0"/><INIT seed="0,0,0,0,5,54" ten="250,250,250,250" oya="0" hai0="110,56,118,83,69,91,42,114,131,40,27,3,112" hai1="59,53,90,63,37,60,123,130,28,88,66,128,55" hai2="62,2,14,43,6,20,23,129,70,48,103,75,127" hai3="32,106,45,119,18,96,105,34,16,132,124,113,13"/><T102/><D69/><U30/><E123/><V68/><F75/><W24/><G113/><T9/><D118/><U7/><E37/><V84/><F2/><W73/><G119/><T12/><D3/><U58/><E66/><V115/><F115/><W39/><G73/><T134/><D114/><U1/><E1/><V104/><F84/><W36/><G124/><T21/><D112/><U85/><E85/><V108/><F127/><W92/><G132/><T10/><D134/><U19/><E19/><V65/><F68/><W15/><G45/><T122/><D122/><U5/><AGARI ba="0,0" hai="5,7,28,30,53,55,58,59,60,63,88,90,128,130" machi="5" ten="25,12000,2" yaku="0,1,22,2,52,2,54,1" doraHai="54" who="1" fromWho="1" sc="250,-60,250,120,250,-30,250,-30" /><INIT seed="1,0,0,1,1,15" ten="190,370,220,220" oya="1" hai0="48,82,63,40,38,62,77,110,70,129,100,119,80" hai1="50,111,29,16,45,24,93,71,18,84,2,14,66" hai2="108,67,51,128,61,65,43,64,6,46,28,94,8" hai3="101,52,30,9,73,90,68,83,49,95,7,126,31"/><U131/><E2/><V54/><F108/><W55/><G126/><T85/><D119/><U58/><E111/><V132/><F128/><W96/><G68/><T26/><D110/><U27/><E71/><V97/><F132/><W20/><G20/><T135/><D38/><U33/><E131/><V78/><F78/><W3/><G55/><T117/><D117/><U59/><E66/><V122/><F28/><W22/><G22/><T17/><D129/><U127/><E127/><V114/><F114/><W75/><G75/><T60/><D135/><U92/><E18/><V124/><F122/><W0/><G3/><T13/><D70/><U76/><E76/><V107/><F107/><W88/><G73/><T123/><D123/><U121/><E121/><V118/><F118/><W4/><G4/><T21/><D100/><U105/><E105/><V120/><F120/><W44/><REACH who="3" step="1"/><G83/><REACH who="3" ten="190,370,220,210" step="2"/><N who="0" m="47343" /><D13/><U1/><E1/><V106/><F124/><W130/><G130/><T53/><D40/><U36/><E14/><N who="2" m="5399" /><F43/><W99/><G99/><T89/><D89/><AGARI ba="0,1" hai="0,7,9,30,31,44,49,52,88,89,90,95,96,101" machi="89" ten="40,5200,0" yaku="1,1,54,2,53,0" doraHai="15" doraHaiUra="79" who="3" fromWho="0" sc="190,-52,370,0,220,0,210,62" /><INIT seed="2,0,0,3,1,125" ten="138,370,220,272" oya="2" hai0="94,14,133,51,41,5,84,45,39,17,89,135,105" hai1="68,42,106,6,75,31,72,127,36,107,19,21,38" hai2="122,116,66,29,43,97,27,91,88,81,44,85,110" hai3="64,115,13,54,58,131,82,55,128,7,93,1,65"/><V118/><F122/><W33/><G1/><T79/><D105/><N who="1" m="39947" /><E19/><V108/><F66/><N who="3" m="25707" /><G33/><T18/><D39/><U74/><E21/><N who="2" m="15599" /><F97/><W100/><G115/><T32/><D32/><U129/><E31/><V60/><F60/><W28/><G28/><T95/><D79/><U96/><E96/><V67/><F67/><W50/><G55/><T120/><D120/><U126/><E42/><V9/><F9/><N who="3" m="4287" /><G82/><T62/><D62/><U76/><E68/><V57/><F57/><W0/><G93/><T2/><D2/><U46/><E46/><V26/><F26/><W34/><G34/><T25/><D94/><U10/><E127/><V40/><F40/><W99/><G99/><T3/><D3/><U49/><E10/><V35/><F35/><W61/><G0/><T83/><D95/><U114/><E126/><V80/><F44/><W69/><G100/><T134/><REACH who="0" step="1"/><D25/><REACH who="0" ten="128,370,220,272" step="2"/><U59/><E38/><V47/><F81/><W16/><G61/><T52/><D52/><U12/><E36/><N who="2" m="21991" /><F91/><W77/><G77/><T22/><D22/><U20/><E20/><V103/><F103/><W112/><G54/><T101/><D101/><U111/><E76/><V123/><F123/><W15/><G69/><T37/><D37/><U8/><E8/><AGARI ba="0,1" hai="5,8,14,17,18,41,45,51,83,84,89,133,134,135" machi="8" ten="40,5200,0" yaku="1,1,20,1,53,1" doraHai="125" doraHaiUra="4" who="0" fromWho="1" sc="128,62,370,-52,220,0,272,0" /><INIT seed="3,0,0,2,5,118" ten="190,318,220,272" oya="3" hai0="89,8,82,113,68,90,102,17,0,59,46,30,121" hai1="123,133,119,105,76,63,97,4,52,80,50,7,112" hai2="110,79,127,25,45,15,98,74,51,122,43,134,41" hai3="2,5,70,9,73,35,29,47,60,69,78,6,32"/><W61/><G47/><T132/><D68/><U100/><E119/><V120/><F110/><W22/><G22/><T106/><D121/><N who="2" m="46698" /><F134/><W34/><G6/><T33/><D132/><U3/><E123/><V103/><F127/><W67/><G61/><T1/><D113/><U115/><E133/><V124/><F124/><W81/><REACH who="3" step="1"/><G69/><REACH who="3" ten="190,318,220,262" step="2"/><T36/><D36/><U23/><E63/><V14/><F41/><W20/><G20/><T26/><D46/><U104/><E23/><V28/><F74/><W58/><G58/><T16/><D59/><U75/><E115/><V64/><F64/><W92/><G92/><T44/><D44/><U107/><E112/><V93/><F79/><W40/><G40/><T54/><D54/><U65/><E65/><V13/><F25/><AGARI ba="0,1" hai="2,5,9,25,29,32,34,35,60,67,70,73,78,81" machi="25" ten="40,12000,1" yaku="1,1,33,3,53,0" doraHai="118" doraHaiUra="12" who="3" fromWho="2" sc="190,0,318,0,220,-120,262,130" owari="190,-21.0,318,11.8,100,-40.0,392,49.2" /></mjloggm>