<mjloggm ver="2.3"><GO type="225" lobby="0"/><UN n0="%E7%B5%82%E6%9C%AB%E3%81%AE%E6%95%91%E3%81%84" n1="%E5%A4%9C%E3%81%AE%E3%82%AC%E3%82%B9%E3%83%91%E3%83%BC%E3%83%AB" n2="%E3%81%A0%E3%81%8A" n3="%E3%81%B5%E3%81%98%E3%81%8B%E3%81%A4" dan="16,16,16,16" rate="2092.55,2113.89,2021.87,2078.14" sx="F,M,M,M"/><TAIKYOKU oya="0"/><INIT seed="0,0,0,2,2,8" ten="250,250,250,250" oya="0" hai0="111,38,41,118,91,74,3,115,33,94,22,35,77" hai1="121,43,82,48,95,18,29,14,31,83,30,47,109" hai2="61,129,99,21,81,84,12,104,133,67,124,134,1" hai3="70,102,13,20,131,44,72,25,59,93,46,97,2"/><T39/><D115/><U19/><E121/><V64/><F1/><W63/><G72/><T128/><D118/><U110/><E19/><N who="2" m="10471" /><F124/><W69/><G2/><T114/><D114/><U6/><E6/><V26/><F129/><W80/><G131/><T15/><D128/><U34/><E34/><V49/><F49/><W32/><G70/><T85/><D3/><U52/><E43/><V45/><F45/><W120/><G69/><T66/><D66/><U123/><E123/><V5/><F5/><W76/><G32/><T17/><D111/><N who="1" m="42507" /><E95/><V103/><F61/><W57/><G57/><T4/><D4/><U54/><E54/><V130/><F26/><W9/><G80/><T132/><D132/><N who="2" m="50794" /><F130/><W105/><G105/><T98/><D38/><U101/><E101/><V27/><F27/><W56/><G76/><AGARI ba="0,0" hai="64,67,76,81,84,99,103,104" m="50794,10471" machi="76" ten="30,2000,0" yaku="20,1,52,1" doraHai="8" who="2" fromWho="3" sc="250,0,250,0,250,20,250,-20" /><INIT seed="1,0,0,5,3,54" ten="250,250,270,230" oya="1" hai0="29,22,79,63,14,5,36,47,118,45,121,86,93" hai1="7,110,60,48,107,67,57,135,9,115,92,84,70" hai2="51,108,24,3,111,74,18,26,120,113,53,59,77" hai3="0,56,40,94,62,12,44,39,31,6,81,130,25"/><U127/><E115/><V46/><F120/><W61/><G130/><T17/><D118/><U43/><E107/><V91/><F3/><W106/><G106/><T99/><D36/><U41/><E127/><V69/><F69/><W27/><G0/><T131/><D131/><U35/><E35/><V80/><F113/><W49/><G81/><T133/><D133/><U8/><E135/><V72/><F72/><W1/><G1/><T2/><D29/><U104/><E104/><V102/><F102/><W38/><G62/><T117/><D117/><U10/><E110/><N who="2" m="42027" /><F18/><W88/><G12/><T30/><D30/><U55/><REACH who="1" step="1"/><E7/><REACH who="1" ten="250,240,270,230" step="2"/><V20/><F91/><AGARI ba="0,1" hai="8,9,10,41,43,48,55,57,60,67,70,84,91,92" machi="91" ten="40,7700,0" yaku="1,1,2,1,52,1,53,0" doraHai="54" doraHaiUra="128" who="1" fromWho="2" sc="250,0,240,87,270,-77,230,0" /><INIT seed="1,1,0,4,5,7" ten="250,327,193,230" oya="1" hai0="85,86,4,77,103,125,80,95,66,6,113,49,110" hai1="9,121,41,88,43,119,132,68,73,37,13,22,0" hai2="96,83,127,114,15,128,72,47,117,17,3,24,44" hai3="34,36,33,60,135,129,126,57,104,11,82,26,40"/><U8/><E119/><V53/><F3/><W91/><G104/><T81/><D113/><U93/><E121/><V20/><F117/><W28/><G126/><T105/><D125/><U97/><E68/><V90/><F128/><W14/><G129/><T30/><D110/><U38/><E73/><V65/><F114/><W78/><G135/><T54/><D105/><U55/><E132/><V75/><F127/><W116/><G116/><T12/><D66/><U25/><E38/><V16/><F65/><W46/><G91/><T124/><D30/><N who="1" m="17719" /><E37/><V106/><F83/><W62/><G34/><T87/><D124/><U21/><E0/><V52/><F47/><W98/><G98/><N who="0" m="59871" /><D12/><U79/><E79/><V112/><F112/><W94/><G94/><T74/><D74/><U50/><E21/><V123/><F123/><W130/><G130/><T2/><D2/><U134/><E134/><V131/><F131/><W76/><G82/><N who="0" m="31851" /><D77/><U107/><E107/><V70/><F70/><W29/><G29/><T71/><D71/><U10/><E13/><V23/><F72/><W100/><G100/><T111/><D111/><U63/><E63/><V27/><F75/><W45/><G62/><T115/><D115/><U39/><E39/><V31/><F106/><W64/><REACH who="3" step="1"/><G45/><AGARI ba="1,0" hai="4,6,45,49,54,85,86,87" m="31851,59871" machi="45" ten="30,1000,0" yaku="8,1" doraHai="7" who="0" fromWho="3" sc="250,13,327,0,193,0,230,-13" /><AGARI ba="1,0" hai="8,9,10,41,43,45,50,55,88,93,97" m="17719" machi="45" ten="30,12000,1" yaku="8,1,52,3,54,1" doraHai="7" who="1" fromWho="3" sc="263,0,327,120,193,0,217,-120" /><INIT seed="1,2,0,5,3,95" ten="263,447,193,97" oya="1" hai0="60,5,32,54,131,121,42,75,31,87,94,16,109" hai1="40,127,107,96,116,103,52,45,30,110,13,24,49" hai2="125,2,123,67,15,53,105,76,84,78,10,70,69" hai3="106,38,3,25,50,115,89,43,91,113,11,97,111"/><U83/><E116/><V8/><F105/><W81/><G111/><T58/><D75/><U18/><E127/><V44/><F123/><W124/><G124/><T108/><D5/><U120/><E110/><N who="0" m="42601" /><D131/><U21/><E83/><V48/><F2/><W66/><G38/><T33/><D31/><U28/><E120/><V79/><F125/><W98/><G66/><T68/><D42/><U26/><E26/><V55/><F67/><W74/><G25/><T119/><D68/><U100/><E100/><V93/><F55/><W126/><G126/><T47/><D47/><U64/><E64/><V22/><F70/><W27/><G27/><T65/><D119/><U135/><E135/><V12/><F69/><W101/><G50/><T112/><D112/><N who="3" m="43081" /><G11/><T0/><D0/><U46/><REACH who="1" step="1"/><E24/><REACH who="1" ten="263,437,193,97" step="2"/><V118/><F118/><W29/><G29/><T99/><D121/><U56/><E56/><V23/><F78/><N who="3" m="44247" /><G3/><T77/><D65/><U39/><AGARI ba="2,1" hai="13,18,21,28,30,39,40,45,46,49,52,96,103,107" machi="39" ten="20,12000,1" yaku="1,1,0,1,7,1,52,1,54,1,53,0" doraHai="95" doraHaiUra="6" who="1" fromWho="1" sc="263,-42,437,136,193,-42,97,-42" /><INIT seed="1,3,0,1,5,12" ten="221,573,151,55" oya="1" hai0="22,98,66,114,119,113,130,47,89,82,59,2,94" hai1="97,13,115,63,126,77,50,118,56,85,18,51,107" hai2="121,43,88,93,14,10,116,127,34,24,108,57,39" hai3="64,15,19,67,110,128,21,31,99,86,9,26,58"/><U109/><E115/><V1/><F116/><W11/><G110/><T120/><D2/><U55/><E118/><V17/><F121/><W29/><G128/><T62/><D119/><U33/><E33/><V72/><F108/><W46/><G99/><T69/><D130/><U75/><E75/><V7/><F72/><W70/><G70/><T41/><D120/><U135/><E109/><V103/><F103/><W92/><G46/><T124/><D124/><U90/><E135/><V68/><F68/><W16/><G9/><T100/><D69/><U52/><E126/><V0/><F127/><W32/><G32/><T60/><D60/><U81/><E55/><V129/><F129/><W106/><G106/><T80/><D113/><U5/><E5/><V84/><F7/><W3/><G3/><T44/><D44/><U117/><E117/><V101/><F0/><W48/><G67/><T96/><D22/><N who="1" m="11599" /><E107/><V49/><F1/><W38/><G38/><T53/><D66/><U30/><E30/><V79/><F39/><W102/><G64/><T27/><D114/><U87/><E97/><V104/><F104/><W95/><G102/><T131/><D131/><U36/><E36/><V73/><F101/><W37/><G37/><T122/><D122/><U78/><E78/><V40/><F79/><W6/><G6/><T71/><D71/><U91/><E77/><V125/><F125/><W83/><G31/><T45/><D100/><U133/><E133/><V105/><F105/><W35/><G29/><T4/><D4/><U20/><E20/><V28/><F73/><W65/><G35/><RYUUKYOKU ba="3,0" sc="221,-15,573,15,151,15,55,-15" hai1="50,51,52,56,63,81,85,87,90,91" hai2="10,14,17,24,28,34,40,43,49,57,84,88,93" /><INIT seed="1,4,0,2,0,103" ten="206,588,166,40" oya="1" hai0="115,7,32,72,17,30,89,127,128,9,38,124,97" hai1="104,52,74,4,108,43,27,79,23,93,92,121,134" hai2="130,40,80,20,53,42,101,122,54,22,29,98,111" hai3="11,18,39,55,36,129,35,41,117,16,3,26,118"/><U21/><E121/><V99/><F122/><W110/><G41/><T107/><D115/><U84/><E134/><V45/><F111/><W114/><G55/><T96/><D38/><U86/><E74/><V66/><F130/><W78/><G78/><T82/><D17/><N who="3" m="6761" /><G39/><T81/><D128/><U12/><E43/><V61/><F80/><W48/><G48/><T65/><D65/><U6/><E104/><V91/><F91/><W67/><G67/><T10/><D30/><U13/><E79/><V64/><F101/><W106/><G106/><T25/><D107/><U75/><E75/><V123/><F123/><W71/><G71/><T109/><D72/><U90/><E90/><V31/><F61/><W8/><G36/><T126/><D109/><U51/><E108/><V95/><F95/><W120/><G110/><T116/><D89/><U33/><E51/><V50/><F50/><W28/><G120/><T100/><D100/><U85/><E85/><V112/><F112/><W37/><G37/><T1/><D124/><U24/><E52/><V125/><F125/><W119/><G114/><T59/><D126/><U49/><E49/><V15/><F45/><W135/><G129/><T131/><D131/><U47/><E47/><V63/><F63/><W46/><G135/><T19/><D127/><U56/><E56/><V57/><F57/><W73/><G73/><T2/><D59/><U76/><E76/><V77/><F77/><W0/><G46/><T14/><D81/><U132/><E132/><V58/><F58/><W62/><G62/><T113/><D113/><U94/><E94/><RYUUKYOKU ba="4,0" sc="206,-30,588,10,166,10,40,10" hai1="4,6,12,13,21,23,24,27,33,84,86,92,93" hai2="15,20,22,29,31,40,42,53,54,64,66,98,99" hai3="0,3,8,11,26,28,35,117,118,119" /><INIT seed="1,5,0,4,5,65" ten="176,598,176,50" oya="1" hai0="71,9,129,6,86,96,8,97,32,85,61,128,111" hai1="94,41,13,59,79,78,20,48,69,22,102,54,106" hai2="4,115,81,130,49,35,120,23,34,39,16,53,99" hai3="31,36,18,131,80,33,47,124,14,45,57,113,63"/><U0/><E0/><V1/><F115/><W114/><G33/><T42/><D32/><U93/><E106/><V37/><F120/><W29/><G124/><T103/><D42/><U88/><E69/><V21/><F130/><N who="0" m="50282" /><D111/><U119/><E119/><V74/><F99/><N who="0" m="37962" /><D103/><U98/><E41/><V55/><F4/><W66/><G131/><T62/><D71/><U125/><E125/><V10/><F39/><W46/><G36/><T15/><D8/><U109/><E109/><V92/><F37/><W60/><G114/><T101/><D101/><U25/><E13/><V107/><F35/><W70/><G113/><T135/><D135/><U12/><E12/><V95/><F34/><W52/><REACH who="3" step="1"/><G80/><REACH who="3" ten="176,598,176,40" step="2"/><T116/><D116/><U77/><REACH who="1" step="1"/><E25/><REACH who="1" ten="176,588,176,40" step="2"/><V58/><F107/><W30/><G30/><T108/><D108/><U68/><E68/><V83/><F81/><W82/><G82/><T26/><D26/><U76/><N who="1" m="19456" /><DORA hai="43" /><U91/><E91/><V134/><F83/><W123/><G123/><T133/><D133/><U105/><E105/><V19/><F134/><W100/><G100/><T90/><D90/><U84/><AGARI ba="5,2" hai="20,22,48,54,59,84,88,93,94,98,102" m="19456" machi="84" ten="40,24000,3" yaku="1,1,0,1,8,1,54,1,53,5" doraHai="65,43" doraHaiUra="73,87" who="1" fromWho="1" sc="176,-85,588,275,176,-85,40,-85" owari="91,-10.9,863,96.3,91,-30.9,-45,-54.5" /></mjloggm>