<mjloggm ver="2.3"><GO type="225" lobby="0"/><UN n0="%E6%97%A5%E6%9B%9C%E6%97%A5%E3%82%88%E3%82%8A%E3%81%AE%E4%BD%BF%E8%80%85" n1="%28%EF%BF%A3%E2%96%BD%EF%BF%A3%29%CE%B4%E2%8C%92%E3%83%BB" n2="%E3%83%A9%E3%82%B9%E7%8E%87%EF%BC%93%E5%89%B2" n3="%72%69%6F%75%63%68%61%6E" dan="17,16,16,17" rate="2129.44,2152.55,2166.13,2222.09" sx="M,M,F,M"/><TAIKYOKU oya="0"/><INIT seed="0,0,0,2,1,80" ten="250,250,250,250" oya="0" hai0="72,77,109,71,60,93,53,133,64,91,103,73,110" hai1="32,24,9,92,119,127,79,33,82,44,98,116,65" hai2="56,120,10,75,50,20,129,21,86,27,83,48,87" hai3="97,123,0,15,12,105,58,57,111,63,121,118,69"/><T67/><D133/><U114/><E127/><V95/><F120/><N who="3" m="46155" /><G111/><N who="0" m="42507" /><D103/><U46/><E65/><N who="0" m="25161" /><D71/><U108/><E114/><V26/><F129/><W106/><G118/><T90/><D77/><U99/><E108/><V16/><F10/><W94/><G0/><T51/><D60/><U54/><E9/><V25/><F75/><N who="0" m="28746" /><D93/><U29/><E92/><V43/><F56/><AGARI ba="0,0" hai="51,53,56,90,91" m="28746,25161,42507" machi="56" ten="30,2900,0" yaku="14,1,10,1" doraHai="80" who="0" fromWho="2" sc="250,29,250,0,250,-29,250,0" /><INIT seed="0,1,0,3,3,93" ten="279,250,221,250" oya="0" hai0="69,127,49,50,77,134,135,38,78,53,27,124,132" hai1="119,102,52,107,82,61,11,60,131,1,37,121,45" hai2="47,19,74,90,55,39,130,63,109,80,133,56,116" hai3="29,21,34,8,123,98,67,5,99,58,54,73,86"/><T36/><D27/><U101/><E121/><V113/><F113/><W75/><G34/><T122/><D122/><U7/><E119/><V129/><F116/><W108/><G123/><T9/><D9/><U44/><E131/><N who="2" m="50187" /><F109/><W46/><G108/><T76/><D69/><U40/><E82/><V12/><F133/><W28/><G67/><T91/><D91/><U14/><E1/><V51/><F39/><N who="0" m="14890" /><D53/><U33/><E33/><V97/><F74/><W17/><G46/><T96/><D96/><N who="3" m="36905" /><G73/><T25/><D25/><U24/><E24/><V42/><F97/><W48/><G75/><T18/><D18/><U88/><E107/><V110/><F110/><W68/><G68/><T0/><D0/><U26/><E26/><V125/><F125/><AGARI ba="1,0" hai="49,50,76,77,78,124,125,127,132,134,135" m="14890" machi="125" ten="40,12000,1" yaku="28,2,18,1,20,1" doraHai="93" who="0" fromWho="2" sc="279,123,250,0,221,-123,250,0" /><INIT seed="0,2,0,5,3,112" ten="402,250,98,250" oya="0" hai0="65,127,85,110,3,99,61,38,106,77,15,60,37" hai1="26,40,104,122,107,125,115,25,109,72,31,23,22" hai2="9,57,111,97,54,49,62,35,8,45,36,102,41" hai3="126,18,135,84,44,29,132,83,20,48,101,91,124"/><T53/><D3/><U11/><E72/><V75/><F75/><W59/><G101/><T79/><D15/><U33/><E122/><V42/><F111/><W64/><G29/><T98/><D53/><U86/><E109/><V46/><REACH who="2" step="1"/><F35/><REACH who="2" ten="402,250,88,250" step="2"/><W12/><G126/><T133/><D110/><U116/><E125/><V14/><F14/><W21/><G124/><T114/><D127/><U73/><E33/><V103/><F103/><W121/><G121/><T13/><D13/><U118/><E73/><V80/><F80/><W123/><G123/><T120/><D120/><U10/><E115/><V63/><F63/><N who="3" m="38015" /><G135/><T92/><D61/><U47/><E10/><V30/><F30/><W81/><G132/><T24/><D60/><U94/><E11/><V129/><F129/><W50/><G81/><T88/><D133/><U1/><E1/><V27/><F27/><W71/><G71/><T58/><D24/><U28/><E107/><AGARI ba="2,1" hai="8,9,36,41,42,45,46,49,54,57,62,97,102,107" machi="107" ten="30,2000,0" yaku="1,1,7,1,53,0" doraHai="112" doraHaiUra="108" who="2" fromWho="1" sc="402,0,250,-26,88,36,250,0" /><INIT seed="1,0,0,1,5,74" ten="402,224,124,250" oya="1" hai0="48,123,89,135,6,38,77,63,22,97,57,45,83" hai1="75,127,24,8,32,13,49,103,10,80,79,9,93" hai2="98,121,25,82,30,54,15,20,33,7,115,86,14" hai3="11,124,73,70,120,53,17,35,94,85,133,99,55"/><U28/><E127/><V105/><F121/><W60/><G120/><T100/><D123/><U44/><E103/><V113/><F105/><W72/><G124/><T21/><D38/><U131/><E93/><V110/><F98/><W51/><G35/><T134/><D6/><U78/><E131/><V19/><F54/><W39/><G39/><T42/><D89/><U66/><E66/><V96/><F96/><W101/><G133/><N who="0" m="50699" /><D57/><U4/><REACH who="1" step="1"/><E79/><REACH who="1" ten="402,214,124,250" step="2"/><V84/><F110/><W69/><G94/><N who="0" m="58423" /><D63/><U0/><E0/><V64/><F64/><W112/><G60/><T40/><D40/><AGARI ba="0,1" hai="4,8,9,10,13,24,28,32,40,44,49,75,78,80" machi="40" ten="30,11600,0" yaku="1,1,7,1,52,1,53,1" doraHai="74" doraHaiUra="2" who="1" fromWho="0" sc="402,-116,214,126,124,0,250,0" /><INIT seed="1,1,0,1,1,45" ten="286,340,124,250" oya="1" hai0="103,12,70,117,91,104,20,94,108,41,36,105,62" hai1="121,58,65,9,111,83,82,10,40,64,101,59,81" hai2="132,80,4,127,35,68,56,93,98,67,44,14,5" hai3="118,21,89,16,57,7,135,15,115,33,109,71,77"/><U114/><E114/><V73/><F132/><W110/><G115/><T50/><D36/><U74/><E121/><V126/><F68/><W122/><G122/><T29/><D117/><U52/><E74/><V53/><F35/><W49/><G71/><T100/><D105/><U27/><E111/><N who="3" m="42506" /><G33/><T55/><D104/><U18/><E101/><V19/><F44/><W128/><G135/><T31/><D70/><U11/><E40/><V129/><F67/><N who="1" m="25673" /><E59/><V8/><F129/><W124/><G118/><T42/><D62/><N who="1" m="36167" /><E27/><V102/><F73/><W6/><G124/><T17/><D108/><U72/><E72/><V26/><F80/><W22/><G128/><T86/><D42/><U88/><E18/><V54/><F54/><N who="3" m="31951" /><G77/><T60/><D41/><U99/><E99/><V130/><F130/><W123/><G123/><T116/><D60/><U0/><E0/><V51/><REACH who="2" step="1"/><F26/><REACH who="2" ten="286,340,114,250" step="2"/><W30/><G89/><AGARI ba="1,1" hai="9,10,11,81,82,83,88,89" m="36167,25673" machi="89" ten="40,7700,0" yaku="8,1,54,2" doraHai="45" who="1" fromWho="3" sc="286,0,340,90,114,0,250,-80" /><INIT seed="1,2,0,0,4,134" ten="286,430,114,170" oya="1" hai0="127,77,113,126,44,57,60,120,18,106,63,133,132" hai1="24,41,71,94,79,29,99,51,115,74,26,30,35" hai2="125,111,67,12,66,93,48,117,17,69,88,101,129" hai3="47,46,5,72,1,37,54,20,73,91,97,38,83"/><U27/><E71/><V3/><F3/><W7/><G20/><T92/><D106/><U105/><E105/><V9/><F117/><W33/><G33/><T22/><D113/><U123/><E123/><V107/><F129/><W82/><G1/><T96/><D77/><U39/><E39/><N who="3" m="14858" /><G97/><T55/><D44/><N who="3" m="16937" /><G91/><N who="0" m="55327" /><D63/><U52/><E41/><V14/><F111/><W85/><G85/><T130/><D130/><U112/><E79/><V53/><F69/><W90/><G90/><T50/><D50/><U108/><E74/><N who="3" m="28778" /><G54/><T89/><D89/><U81/><E108/><V70/><F70/><W62/><G62/><T59/><D59/><U109/><E109/><V4/><F101/><W43/><G43/><T102/><D102/><U10/><E99/><V25/><F107/><W65/><G65/><T56/><D56/><U32/><E35/><V98/><F25/><W61/><G61/><T11/><D11/><U42/><E10/><V40/><F40/><W64/><G64/><T0/><D0/><U104/><E42/><V84/><F98/><W128/><G128/><T78/><D78/><U68/><E32/><V131/><F131/><W114/><G114/><T21/><D120/><U122/><E104/><V135/><F67/><W34/><G34/><T6/><D6/><AGARI ba="2,0" hai="5,6,7,82,83" m="28778,16937,14858" machi="6" ten="40,2600,0" yaku="28,2" doraHai="134" who="3" fromWho="0" sc="286,-32,430,0,114,0,170,32" /><INIT seed="2,0,0,0,1,16" ten="254,430,114,202" oya="2" hai0="104,49,1,30,10,57,133,27,0,131,91,5,93" hai1="83,26,69,110,103,98,67,127,61,8,135,23,42" hai2="123,52,128,58,32,88,56,11,51,106,7,31,46" hai3="73,132,48,81,85,38,35,95,64,12,94,34,105"/><V53/><F123/><W90/><G38/><T114/><D114/><U6/><E127/><V50/><F128/><W77/><G132/><T14/><D104/><U47/><E110/><V130/><F130/><W17/><G64/><T36/><D36/><U24/><E83/><V33/><F106/><W41/><G105/><T101/><D101/><U92/><E135/><V63/><F31/><W72/><G72/><T62/><D49/><U100/><E100/><V125/><F125/><W120/><G120/><T59/><D131/><U65/><E23/><V60/><F88/><W102/><G41/><T3/><D62/><U112/><E67/><V124/><F124/><W21/><REACH who="3" step="1"/><G48/><REACH who="3" ten="254,430,114,192" step="2"/><T71/><D133/><U122/><E122/><V55/><REACH who="2" step="1"/><F51/><REACH who="2" ten="254,430,104,192" step="2"/><W121/><G121/><T79/><D79/><U82/><E112/><V99/><F99/><AGARI ba="0,2" hai="12,17,21,34,35,73,77,81,85,90,94,95,99,102" machi="99" ten="40,2600,0" yaku="1,1,52,1,53,0" doraHai="16" doraHaiUra="113" who="3" fromWho="2" sc="254,0,430,0,104,-26,192,46" /><INIT seed="3,0,0,5,3,110" ten="254,430,78,238" oya="3" hai0="108,56,117,100,1,38,114,91,74,7,24,96,35" hai1="132,102,116,123,49,76,81,17,25,64,59,34,92" hai2="4,5,40,66,30,22,55,133,112,87,120,128,65" hai3="134,46,60,57,80,95,101,54,21,106,45,27,2"/><W83/><G106/><T39/><D91/><U130/><E123/><V129/><F87/><W36/><G134/><T13/><D13/><U23/><E34/><V69/><F40/><W31/><G2/><T71/><D56/><U8/><E116/><V127/><F55/><W73/><G36/><T9/><D117/><U10/><E132/><V32/><F133/><W119/><G119/><T85/><D85/><N who="1" m="48295" /><E130/><V89/><F89/><W51/><G73/><T19/><D19/><U118/><E118/><V109/><F22/><W68/><G68/><T63/><D63/><N who="1" m="38015" /><E49/><V70/><F30/><W126/><G126/><T67/><D74/><U3/><E3/><V72/><F72/><W121/><G121/><T105/><D24/><U18/><E18/><V37/><F32/><W111/><G111/><T29/><D29/><U42/><E42/><V33/><F33/><W104/><G104/><T28/><D28/><U98/><AGARI ba="0,0" hai="8,10,17,23,25,92,98,102" m="38015,48295" machi="98" ten="30,1100,0" yaku="8,1" doraHai="110" who="1" fromWho="1" sc="254,-3,430,11,78,-3,238,-5" owari="251,5.1,441,54.1,75,-42.5,233,-16.7" /></mjloggm>