<mjloggm ver="2.3"><GO type="225" lobby="0"/><UN n0="%E7%89%B9%E6%9D%B1%E3%81%AF%E4%B8%96%E7%95%8C%E3%82%92%E6%95%91%E3%81%86" n1="%E5%B8%86%E7%AB%8B%E5%A4%8F%E8%A1%A3" n2="%E6%B0%B7%E5%B7%9D%E9%87%8C%E5%A5%88" n3="%72%61%6B%33" dan="16,16,16,17" rate="2113.44,2078.01,2089.08,2180.03" sx="M,M,F,M"/><TAIKYOKU oya="0"/><INIT seed="0,0,0,5,2,67" ten="250,250,250,250" oya="0" hai0="88,124,41,116,90,98,70,64,115,56,63,97,105" hai1="104,5,11,113,101,26,59,72,13,119,3,33,133" hai2="4,7,102,100,82,21,61,34,10,121,135,48,94" hai3="31,107,37,68,118,52,75,71,57,40,127,111,42"/><T60/><D115/><U122/><E119/><V79/><F121/><W93/><G107/><T54/><D116/><U130/><E122/><V24/><F135/><W43/><G75/><T58/><D124/><U2/><E72/><V25/><F34/><W39/><G118/><T84/><D41/><U44/><E44/><V9/><F48/><W28/><G93/><T14/><D14/><N who="1" m="5487" /><E59/><V50/><F50/><N who="3" m="30871" /><G28/><T0/><D0/><N who="1" m="43" /><E101/><V23/><F94/><W53/><G31/><T109/><D109/><U30/><E104/><V20/><F20/><W129/><G111/><T120/><D120/><U32/><E133/><V125/><F125/><W87/><G87/><T85/><D70/><N who="3" m="26665" /><G127/><T77/><D77/><U76/><E76/><V78/><REACH who="2" step="1"/><F61/><REACH who="2" ten="250,250,240,250" step="2"/><W83/><G83/><AGARI ba="0,1" hai="4,7,9,10,21,23,24,25,78,79,82,83,100,102" machi="83" ten="25,8000,1" yaku="1,1,2,1,22,2,8,1,53,0" doraHai="67" doraHaiUra="110" who="2" fromWho="3" sc="250,0,250,0,240,90,250,-80" /><INIT seed="1,0,0,4,2,28" ten="250,250,330,170" oya="1" hai0="105,63,20,8,35,89,47,55,91,93,42,125,7" hai1="92,44,21,29,129,75,40,68,51,26,58,3,107" hai2="87,114,12,123,67,62,83,70,48,5,86,132,88" hai3="45,31,94,19,41,34,116,108,6,128,65,25,97"/><U43/><E129/><V60/><F123/><W84/><G128/><T71/><D105/><U56/><E107/><V101/><F132/><W15/><G108/><T39/><D125/><U99/><E75/><V80/><F114/><W77/><G116/><T78/><D35/><U13/><E3/><V14/><F101/><W119/><G119/><T30/><D78/><U23/><E68/><V120/><F120/><W131/><G131/><T133/><D133/><U81/><E81/><V36/><F36/><W74/><G65/><T110/><D110/><U100/><E43/><V121/><F121/><W79/><G84/><T96/><D30/><U24/><REACH who="1" step="1"/><E13/><REACH who="1" ten="250,240,330,170" step="2"/><V69/><F12/><W27/><G74/><T103/><D71/><U134/><E134/><V127/><F127/><W95/><G95/><T54/><D42/><U111/><E111/><V72/><F72/><W49/><G6/><T126/><D126/><U124/><E124/><V32/><F14/><W76/><G25/><T22/><D7/><U4/><E4/><V115/><F5/><W0/><G0/><T112/><D93/><U53/><E53/><V38/><F70/><W90/><REACH who="3" step="1"/><G77/><REACH who="3" ten="250,240,330,160" step="2"/><T104/><D104/><U113/><E113/><V52/><F115/><W2/><G2/><T1/><D1/><U122/><E122/><V109/><F109/><W66/><G66/><T9/><D112/><U37/><E37/><V10/><F38/><W85/><G85/><T64/><D39/><U73/><E73/><V17/><F67/><W130/><G130/><T135/><D64/><U102/><E102/><V33/><F69/><RYUUKYOKU ba="0,2" sc="250,-15,240,15,330,-15,160,15" hai1="21,23,24,26,29,40,44,51,56,58,92,99,100" hai3="15,19,27,31,34,41,45,49,76,79,90,94,97" /><INIT seed="1,1,2,4,4,119" ten="235,255,315,175" oya="1" hai0="13,102,97,20,88,100,129,131,108,76,29,21,2" hai1="121,114,45,32,31,19,84,117,14,111,95,55,133" hai2="93,30,59,112,18,10,6,69,63,77,11,74,41" hai3="75,43,12,113,83,82,80,33,65,86,46,42,4"/><U98/><E114/><V110/><F69/><W85/><G33/><T3/><D76/><U8/><E117/><V120/><F30/><W134/><G113/><T52/><D108/><U50/><E133/><V66/><F112/><W5/><G75/><T126/><D126/><U56/><E111/><V96/><F110/><W130/><G134/><T106/><D102/><U0/><E0/><V124/><F124/><W15/><G130/><N who="0" m="49675" /><D88/><N who="1" m="55655" /><E121/><V94/><F41/><N who="3" m="15371" /><G46/><T92/><D106/><U35/><E35/><V104/><F120/><W135/><G65/><T118/><D118/><U23/><E32/><V36/><F63/><W24/><G24/><N who="0" m="16519" /><D52/><N who="1" m="29775" /><E84/><N who="3" m="32362" /><G135/><T87/><D87/><U90/><E90/><V22/><F74/><W48/><G48/><T16/><AGARI ba="1,2" hai="2,3,13,16,21,92,97,100" m="16519,49675" machi="16" ten="30,2000,0" yaku="19,1,54,1" doraHai="119" who="0" fromWho="0" sc="235,43,255,-11,315,-6,175,-6" /><INIT seed="2,0,0,3,0,23" ten="278,244,309,169" oya="2" hai0="62,134,61,59,0,81,133,130,52,135,103,58,4" hai1="30,113,82,123,117,132,44,129,121,33,64,34,110" hai2="98,18,43,45,102,55,76,80,36,93,16,86,20" hai3="26,15,101,39,87,106,105,94,32,74,49,84,24"/><V60/><REACH who="2" step="1"/><F20/><REACH who="2" ten="278,244,299,169" step="2"/><W7/><G32/><T100/><D130/><U124/><E129/><V29/><F29/><W9/><G39/><T78/><D0/><U125/><E33/><V54/><F54/><W47/><G74/><N who="0" m="43223" /><D4/><U27/><E34/><V131/><F131/><W50/><G106/><T116/><D116/><U122/><E30/><V75/><F75/><W88/><G87/><T57/><D57/><AGARI ba="0,1" hai="16,18,36,43,45,55,57,60,76,80,86,93,98,102" machi="57" ten="40,7700,0" yaku="21,2,54,1,53,0" doraHai="23" doraHaiUra="65" who="2" fromWho="0" sc="278,-77,244,0,299,87,169,0" /><INIT seed="2,1,0,0,1,34" ten="201,244,386,169" oya="2" hai0="52,116,4,117,50,67,10,13,71,128,11,51,12" hai1="105,14,61,86,44,80,30,72,27,79,93,66,16" hai2="41,102,89,15,94,122,28,56,58,73,1,29,135" hai3="75,31,47,54,132,113,109,49,78,32,55,131,20"/><V118/><F118/><N who="0" m="45674" /><D128/><U70/><E105/><V6/><F122/><W7/><G131/><T17/><D52/><U0/><E0/><V106/><F73/><W2/><G113/><T84/><D84/><U48/><E93/><V60/><F41/><W88/><G109/><T100/><D100/><U123/><E123/><V119/><F119/><W63/><G132/><T22/><D11/><U101/><E101/><V26/><F15/><W115/><G115/><T3/><D13/><U114/><E114/><V8/><F29/><W5/><G32/><T24/><D24/><U36/><E36/><V92/><F135/><W81/><G88/><T65/><D71/><U39/><E39/><V107/><F102/><W112/><G112/><T18/><D18/><U98/><E98/><V103/><F103/><W43/><G55/><T53/><D51/><U96/><E96/><V83/><F83/><W82/><G82/><T91/><D91/><U126/><E126/><V133/><F133/><W99/><G99/><T23/><D23/><U125/><E125/><V110/><F26/><W87/><G75/><T42/><D42/><U37/><E37/><V69/><F69/><W68/><G68/><T120/><D120/><U104/><E104/><V127/><F127/><W124/><G124/><T21/><D21/><N who="1" m="15727" /><E72/><V85/><F107/><W19/><G31/><T134/><D134/><U97/><E97/><V33/><F28/><W35/><G35/><T40/><D40/><N who="1" m="24583" /><E14/><V108/><F33/><W111/><G43/><T45/><AGARI ba="1,0" hai="3,4,10,12,17,22,45,50,53,65,67" m="45674" machi="45" ten="30,2000,0" yaku="12,1,52,1" doraHai="34" who="0" fromWho="0" sc="201,23,244,-6,386,-11,169,-6" /><INIT seed="3,0,0,0,5,60" ten="224,238,375,163" oya="3" hai0="102,0,7,78,99,24,134,135,101,22,20,106,77" hai1="73,129,120,12,40,81,88,35,103,123,38,58,69" hai2="105,132,25,82,46,53,13,3,85,15,79,19,104" hai3="111,43,52,18,72,54,97,112,47,49,118,39,96"/><W36/><G112/><T126/><D126/><U109/><E69/><V30/><F3/><W26/><G118/><T116/><D116/><U98/><E35/><V67/><F132/><N who="0" m="50730" /><D102/><U14/><E129/><V90/><F105/><W76/><G111/><T51/><D51/><U64/><E109/><V21/><F104/><W45/><G39/><T133/><N who="0" m="50738" /><T113/><DORA hai="74" /><D113/><U50/><E123/><V124/><F124/><W9/><G54/><T23/><D24/><U10/><E120/><V29/><F67/><W34/><G34/><T33/><D33/><U80/><E73/><V119/><F119/><W66/><G66/><T71/><D71/><U128/><E128/><V114/><F114/><W55/><G55/><T59/><D59/><U122/><E38/><V117/><F90/><W121/><G121/><T68/><D68/><U57/><E103/><V110/><F117/><W91/><G91/><T4/><D0/><U41/><E122/><V37/><F110/><W6/><G26/><T94/><D106/><U27/><E27/><V86/><F86/><W2/><REACH who="3" step="1"/><G18/><REACH who="3" ten="224,238,375,153" step="2"/><T127/><D127/><U93/><E64/><V108/><F108/><W65/><G65/><T17/><D17/><U83/><E41/><V48/><F37/><W44/><G44/><T87/><D78/><U61/><E61/><V100/><F100/><W11/><G11/><T92/><D77/><U62/><E10/><V5/><F25/><W131/><G131/><T75/><D101/><U107/><E62/><V56/><F46/><W8/><G8/><AGARI ba="0,1" hai="5,8,13,15,19,21,29,30,48,53,56,79,82,85" machi="8" ten="40,2600,0" yaku="8,1,52,1" doraHai="60,74" who="2" fromWho="3" sc="224,0,238,0,375,36,153,-26" owari="224,-17.6,238,3.8,411,51.1,127,-37.3" /></mjloggm>