<mjloggm ver="2.3"><GO type="225" lobby="0"/><UN n0="%E9%80%86%E9%80%A3%E5%B8%AF%E3%81%AE%E9%AC%BC" n1="%E3%81%8B%E3%82%8F%E3%81%A1%E3%82%83%E3%82%93%35%38" n2="%E4%BF%BA%E3%81%A8%E5%A6%96%E5%A4%A2" n3="%E5%A4%9C%E5%85%89%E5%A4%A9%E6%A5%BC" dan="16,16,17,16" rate="2169.29,2150.78,2176.76,2101.74" sx="M,M,F,F"/><TAIKYOKU oya="0"/><INIT seed="0,0,0,0,5,118" ten="250,250,250,250" oya="0" hai0="131,111,92,79,130,17,109,105,45,128,65,106,112" hai1="24,10,91,102,73,34,63,82,93,53,96,9,68" hai2="104,114,26,119,97,126,72,13,19,113,60,69,38" hai3="99,116,1,125,51,66,15,64,43,42,100,33,37"/><T94/><D65/><U4/><E34/><V74/><F119/><W36/><G1/><T62/><D62/><U0/><E24/><V23/><F38/><N who="3" m="14955" /><G15/><T88/><D45/><U22/><E22/><V27/><F126/><W39/><G33/><T28/><D28/><U108/><E108/><N who="0" m="41545" /><D112/><U76/><E10/><V107/><F114/><W35/><G35/><T75/><D17/><U54/><E68/><V81/><F113/><W85/><G116/><T129/><D129/><U103/><E63/><V101/><F107/><N who="0" m="40970" /><D88/><U87/><REACH who="1" step="1"/><E103/><REACH who="1" ten="250,240,250,250" step="2"/><V44/><F60/><W57/><G100/><T70/><D70/><U31/><E31/><V124/><F69/><W14/><G125/><T78/><D75/><U25/><E25/><V80/><F124/><W40/><G39/><T11/><D11/><U48/><E48/><V6/><F74/><W123/><G51/><T18/><D18/><U67/><E67/><V5/><F72/><W89/><G66/><T20/><D20/><U49/><E49/><V90/><F26/><W41/><G64/><T21/><D21/><U83/><AGARI ba="0,1" hai="0,4,9,53,54,73,76,82,83,87,91,93,96,102" machi="83" ten="20,2700,0" yaku="1,1,0,1,7,1,53,0" doraHai="118" doraHaiUra="133" who="1" fromWho="1" sc="250,-13,240,37,250,-7,250,-7" /><INIT seed="1,0,0,4,1,79" ten="237,277,243,243" oya="1" hai0="43,95,109,20,101,6,12,14,34,107,29,106,83" hai1="7,88,117,135,127,16,64,92,71,99,33,63,130" hai2="40,119,104,60,110,132,72,58,37,0,21,19,121" hai3="66,108,13,115,62,91,124,125,112,103,96,3,15"/><U128/><E117/><V35/><RYUUKYOKU type="yao9" ba="0,0" sc="237,0,277,0,243,0,243,0" hai2="0,19,21,35,37,40,58,60,72,104,110,119,121,132" /><INIT seed="1,1,0,0,3,45" ten="237,277,243,243" oya="1" hai0="50,81,74,26,122,21,67,105,107,128,66,125,124" hai1="77,134,88,102,57,12,30,32,70,109,110,103,121" hai2="112,48,19,2,59,36,73,97,131,47,27,60,11" hai3="38,51,37,135,123,46,91,65,101,75,120,25,104"/><U13/><E70/><V90/><F73/><W117/><G75/><T113/><D122/><U17/><E121/><V55/><F131/><W14/><G120/><T115/><D128/><U92/><E77/><V8/><F112/><W69/><G123/><T49/><D74/><U16/><E134/><V126/><F126/><W108/><G135/><T63/><D21/><N who="1" m="11399" /><E57/><V62/><F36/><W78/><G78/><T10/><D10/><N who="1" m="6327" /><E30/><V39/><F39/><W72/><G69/><T76/><D76/><U58/><E32/><V43/><F60/><W9/><G38/><T52/><D26/><U7/><E58/><V86/><F2/><W34/><G37/><T111/><D63/><U44/><E44/><V114/><F114/><W116/><G34/><T95/><D81/><U42/><E42/><V0/><F0/><W96/><G117/><T106/><D106/><U18/><E18/><V119/><F119/><W93/><G72/><T94/><REACH who="0" step="1"/><D52/><REACH who="0" ten="227,277,243,243" step="2"/><U133/><E133/><V22/><F8/><W24/><G116/><T15/><D15/><U98/><E7/><V23/><F11/><W41/><G41/><T54/><D54/><U33/><E33/><V28/><F23/><W6/><G104/><T64/><D64/><U53/><E53/><V1/><F1/><W84/><G65/><T79/><D79/><U99/><E99/><V130/><F130/><W3/><G3/><T85/><D85/><U56/><E56/><V5/><F5/><W132/><G6/><T127/><D127/><U71/><E71/><V118/><F118/><W87/><G96/><T35/><D35/><RYUUKYOKU ba="1,1" sc="227,15,277,15,243,-15,243,-15" hai0="49,50,66,67,94,95,105,107,111,113,115,124,125" hai1="88,92,98,102,103,109,110" /><INIT seed="1,2,1,4,4,135" ten="242,292,228,228" oya="1" hai0="103,37,95,10,82,78,125,4,45,128,83,113,39" hai1="124,9,98,44,117,18,106,7,71,33,81,129,3" hai2="74,32,15,29,93,48,101,40,121,97,34,6,57" hai3="59,72,116,108,1,47,52,65,2,90,100,12,112"/><U46/><E117/><V16/><F121/><W84/><G72/><T61/><D113/><U115/><E115/><V132/><F132/><W111/><G112/><T70/><D128/><U89/><E71/><V54/><F74/><W104/><G116/><T118/><D118/><U55/><E33/><V102/><F6/><W99/><G65/><T107/><D95/><U130/><E18/><V109/><F109/><N who="3" m="42059" /><G12/><T66/><D83/><U51/><E46/><V41/><F101/><W38/><G38/><T36/><D125/><U25/><E25/><V30/><F34/><W49/><G59/><T75/><D103/><N who="1" m="62839" /><E89/><V68/><F68/><W56/><G56/><T79/><D79/><U69/><E81/><AGARI ba="2,1" hai="1,2,47,49,52,81,84,90,99,100,104" m="42059" machi="81" ten="30,2000,0" yaku="14,1,54,1" doraHai="135" who="3" fromWho="1" sc="242,0,292,-26,228,0,228,36" /><INIT seed="2,0,0,3,1,84" ten="242,266,228,264" oya="2" hai0="117,4,108,110,96,133,38,65,27,25,93,1,101" hai1="128,123,64,118,131,79,48,5,50,7,6,66,40" hai2="24,125,81,132,109,83,20,30,121,54,72,35,73" hai3="102,51,13,122,29,68,88,127,63,92,60,17,85"/><V59/><F121/><W23/><G127/><T56/><D38/><U134/><E118/><V37/><F37/><W112/><G122/><T43/><D117/><U32/><E123/><V86/><F125/><W61/><G112/><T116/><D116/><U107/><E134/><V44/><F132/><W12/><G68/><T70/><D70/><U115/><E115/><V71/><F71/><W9/><G51/><N who="1" m="19498" /><E79/><V36/><F109/><N who="0" m="42090" /><D43/><U129/><E40/><V87/><F44/><W31/><G102/><T135/><D135/><U90/><E32/><V41/><F41/><W104/><G104/><T105/><D105/><U91/><E107/><V45/><F45/><W26/><REACH who="3" step="1"/><G13/><REACH who="3" ten="242,266,228,254" step="2"/><T106/><D106/><U0/><E0/><V39/><F39/><W34/><G34/><T69/><D69/><U53/><E53/><V80/><F36/><W15/><G15/><T52/><D133/><U100/><E100/><V75/><REACH who="2" step="1"/><F35/><REACH who="2" ten="242,266,218,254" step="2"/><W47/><G47/><T3/><D3/><U11/><E129/><V82/><N who="2" m="20480" /><DORA hai="58" /><V99/><F99/><W46/><G46/><T113/><D113/><U77/><E131/><V10/><F10/><W18/><AGARI ba="0,2" hai="9,12,17,18,23,26,29,31,60,61,63,85,88,92" machi="18" ten="30,16000,3" yaku="1,1,0,1,8,1,52,4,54,1,53,0" doraHai="84,58" doraHaiUra="124,126" who="3" fromWho="3" sc="242,-40,266,-40,218,-80,254,180" /><INIT seed="3,0,0,3,4,22" ten="202,226,138,434" oya="3" hai0="94,52,88,114,26,41,91,84,30,67,117,83,23" hai1="127,135,55,29,125,130,108,47,79,118,53,46,37" hai2="19,9,123,113,124,21,93,129,96,73,120,7,99" hai3="110,100,17,74,32,44,54,116,20,95,70,82,72"/><W39/><G32/><T56/><D114/><U80/><E108/><V36/><F113/><W43/><G70/><T33/><D117/><U28/><E135/><V112/><F112/><W106/><G106/><T48/><D41/><N who="1" m="22831" /><E130/><V122/><F73/><W51/><G82/><T42/><D42/><U16/><E16/><V65/><F36/><W109/><G116/><T49/><D67/><U58/><E47/><V62/><F129/><W45/><G95/><T115/><D115/><U0/><E0/><V40/><F40/><W119/><G100/><T60/><D33/><U105/><E105/><V97/><F124/><N who="1" m="47689" /><E118/><V134/><F134/><W14/><G119/><T3/><D3/><U133/><E133/><V50/><F50/><W68/><G68/><T102/><D102/><U8/><E8/><V12/><F7/><W132/><G132/><T71/><D71/><U69/><E69/><V2/><F2/><W89/><G89/><T1/><D1/><U61/><E55/><V98/><F9/><W27/><G14/><T13/><D13/><U85/><AGARI ba="0,0" hai="28,29,53,58,61,79,80,85" m="47689,22831" machi="85" ten="30,1100,0" yaku="18,1" doraHai="22" who="1" fromWho="1" sc="202,-3,226,11,138,-3,434,-5" owari="199,-20.1,237,3.7,135,-36.5,429,52.9" /></mjloggm>