<mjloggm ver="2.3"><GO type="225" lobby="0"/><UN n0="%E3%82%BC%E3%83%AB%E3%83%80%E3%81%AE%E4%BC%9D%E8%AA%AC" n1="%4C%4F%4C%49%54%41" n2="%E3%83%8F%E3%83%B3%E3%83%89%E3%83%A9%E3%83%BC%E3%83%BB%E3%83%AF%E3%83%B3" n3="%43%E3%82%A8%E3%83%BC%E3%82%B8%E3%82%A7%E3%83%B3%E3%83%88" dan="18,16,17,16" rate="2254.03,2172.37,2199.27,2125.17" sx="M,F,M,M"/><TAIKYOKU oya="0"/><INIT seed="0,0,0,2,2,115" ten="250,250,250,250" oya="0" hai0="33,117,130,129,38,123,17,47,75,59,97,133,116" hai1="53,14,40,83,31,135,27,48,86,36,79,89,68" hai2="82,41,2,109,84,6,112,80,113,13,1,128,111" hai3="43,56,54,39,134,110,102,29,64,15,122,100,108"/><T132/><D33/><U96/><E68/><V95/><F41/><W98/><G134/><N who="0" m="51819" /><D75/><U74/><E135/><V60/><F60/><W105/><G102/><T124/><D17/><U69/><E69/><V94/><F13/><W5/><G64/><T57/><D97/><U9/><E96/><V11/><F128/><N who="0" m="49258" /><D123/><U51/><E36/><V88/><F1/><W35/><G29/><T114/><D114/><N who="2" m="44138" /><F82/><W3/><G15/><T71/><D71/><U119/><E14/><V32/><F32/><W118/><G35/><T91/><D91/><U131/><E89/><V7/><F7/><W42/><G5/><T107/><D107/><U121/><E83/><V55/><F55/><W101/><G3/><T93/><D93/><U87/><E53/><V45/><F45/><W46/><G101/><T0/><D0/><U67/><E131/><V37/><F37/><W126/><G54/><T21/><D21/><U90/><E90/><V65/><F65/><W106/><G100/><T20/><D20/><U4/><E67/><V77/><F77/><W125/><G46/><T127/><D38/><U8/><E79/><V19/><F19/><W26/><G39/><T72/><D72/><U85/><E74/><V76/><F76/><W103/><G103/><T70/><D70/><U104/><E104/><V44/><F44/><W61/><G106/><T18/><D18/><U24/><E4/><V28/><F28/><W120/><G105/><T99/><D99/><U16/><E31/><V10/><F10/><W23/><G98/><T62/><D47/><N who="1" m="25703" /><E8/><V66/><F66/><W34/><G34/><RYUUKYOKU ba="0,0" sc="250,-10,250,-10,250,30,250,-10" hai2="2,6,11,80,84,88,94,95,109,111" /><INIT seed="1,1,0,4,0,122" ten="240,240,280,240" oya="1" hai0="57,99,0,78,75,104,114,70,50,13,65,94,111" hai1="130,124,79,1,18,64,61,127,81,24,12,37,53" hai2="87,56,74,59,88,98,134,132,95,123,36,80,42" hai3="92,82,73,38,68,25,51,7,117,106,85,86,40"/><U103/><E1/><V101/><F123/><W9/><G106/><T48/><D0/><U22/><E37/><V20/><F74/><W96/><G68/><T118/><D118/><U67/><E130/><V27/><F42/><W31/><G117/><T105/><D114/><U54/><E103/><V93/><F93/><W58/><G38/><T60/><D75/><U129/><E129/><V30/><REACH who="2" step="1"/><F36/><REACH who="2" ten="240,240,270,240" step="2"/><W89/><G73/><T84/><D94/><U83/><E124/><V126/><F126/><W52/><G40/><T29/><D105/><U23/><E127/><V115/><F115/><W5/><G82/><T35/><D104/><U6/><E83/><V21/><F21/><W11/><G11/><T71/><D35/><U113/><E113/><V16/><F16/><W44/><G5/><T121/><D121/><U15/><E6/><V135/><AGARI ba="1,1" hai="20,27,30,56,59,80,87,88,95,98,101,132,134,135" machi="135" ten="30,8000,1" yaku="1,1,0,1,20,1,54,1,53,1" doraHai="122" doraHaiUra="97" who="2" fromWho="2" sc="240,-21,240,-41,270,93,240,-21" /><INIT seed="2,0,0,0,1,119" ten="219,199,363,219" oya="2" hai0="34,126,90,98,35,113,110,41,104,28,43,19,89" hai1="44,11,22,13,24,57,50,56,17,86,38,125,2" hai2="79,118,95,15,111,55,54,97,0,109,116,88,46" hai3="10,30,31,77,112,105,27,67,92,91,114,70,66"/><V36/><F0/><W32/><G105/><T12/><D113/><N who="3" m="43625" /><G77/><T5/><D5/><U128/><E125/><V47/><F79/><W42/><G42/><T3/><D3/><U8/><E128/><V131/><F131/><W129/><G129/><T74/><D74/><U80/><E38/><V65/><F65/><W39/><G39/><T107/><D126/><U7/><E11/><V96/><F15/><W122/><G122/><T85/><D28/><U37/><E37/><V4/><F4/><W127/><G127/><T99/><D12/><U53/><REACH who="1" step="1"/><E2/><REACH who="1" ten="219,189,363,219" step="2"/><V68/><F36/><W72/><G10/><T52/><D110/><U63/><E63/><V18/><F111/><W71/><G71/><T49/><D107/><U117/><E117/><V40/><F109/><W82/><G70/><T81/><D104/><U76/><AGARI ba="0,1" hai="7,8,13,17,22,24,44,50,53,56,57,76,80,86" machi="76" ten="20,5200,0" yaku="1,1,0,1,7,1,8,1,53,0" doraHai="119" doraHaiUra="108" who="1" fromWho="1" sc="219,-13,189,62,363,-26,219,-13" /><INIT seed="3,0,0,2,3,61" ten="206,251,337,206" oya="3" hai0="93,90,107,87,62,2,52,23,116,51,73,104,45" hai1="28,13,85,48,55,67,54,74,66,71,69,42,100" hai2="7,110,122,131,39,79,112,115,58,47,68,17,38" hai3="84,96,118,31,78,6,32,34,130,92,70,50,35"/><W60/><G118/><T102/><D116/><U12/><E74/><V75/><F68/><W119/><G119/><T14/><D2/><U80/><E69/><V56/><F7/><W120/><G120/><T46/><D73/><U27/><E71/><V91/><F110/><W37/><G37/><T30/><D107/><U72/><E100/><V24/><F131/><W97/><G6/><T124/><D124/><U125/><E72/><V26/><F91/><W86/><G130/><T106/><D106/><U89/><E42/><V99/><F99/><W108/><G108/><T98/><D62/><U57/><E54/><V5/><F5/><W3/><G3/><T10/><D10/><U111/><E125/><V133/><F75/><W19/><G19/><N who="0" m="10743" /><D30/><U21/><E111/><V76/><F17/><W134/><G31/><T123/><D123/><U88/><E89/><V1/><F1/><W64/><G134/><T77/><D77/><U95/><E80/><V82/><F82/><W0/><G0/><T29/><D29/><U40/><E40/><V105/><F105/><W11/><G11/><T81/><D104/><U113/><E113/><V49/><F122/><W114/><G114/><T8/><D8/><U4/><E4/><V36/><F36/><W41/><G78/><T129/><D129/><U103/><E103/><V83/><F79/><W9/><G9/><T18/><D18/><N who="1" m="10439" /><E13/><V43/><F115/><W63/><G63/><T135/><D135/><U117/><E117/><V65/><F133/><W128/><G128/><T53/><D53/><U109/><E109/><V33/><F112/><RYUUKYOKU ba="0,0" sc="206,15,251,15,337,-15,206,-15" hai0="45,46,51,52,81,87,90,93,98,102" hai1="27,28,48,55,57,66,67,85,88,95" owari="221,-17.9,266,6.6,322,42.2,191,-30.9" /></mjloggm>