<mjloggm ver="2.3"><GO type="225" lobby="0"/><UN n0="%77%72%77%72%77%72%77%72" n1="%E3%83%97%E3%83%AC%E3%83%B4%E3%82%A1%E3%83%86%E3%82%A3" n2="%E3%81%A9%E3%82%8F%E3%82%93%E3%81%94" n3="%E3%81%BF%E3%81%BF%E3%81%9A" dan="16,16,16,16" rate="2066.60,2167.54,2072.97,2141.29" sx="M,F,M,M"/><TAIKYOKU oya="0"/><INIT seed="0,0,0,3,2,50" ten="250,250,250,250" oya="0" hai0="17,33,53,85,54,80,45,59,112,48,118,105,133" hai1="115,39,126,64,0,113,36,132,9,71,43,76,90" hai2="81,25,10,72,16,129,52,69,128,108,102,63,35" hai3="40,95,34,125,37,84,103,86,66,74,22,27,67"/><T32/><D112/><N who="1" m="43083" /><E76/><V70/><F102/><W31/><G74/><T135/><D118/><U18/><E90/><V88/><F108/><W68/><G125/><T26/><D105/><U41/><E18/><V7/><F72/><W55/><G37/><N who="1" m="14410" /><E9/><V24/><F35/><W87/><G40/><N who="1" m="15434" /><E0/><V21/><F25/><W83/><G68/><N who="2" m="26217" /><F88/><N who="3" m="53639" /><G34/><T3/><D3/><U78/><E78/><V23/><F81/><W38/><G38/><T73/><D73/><U99/><E99/><V1/><F24/><W122/><G103/><T77/><D17/><U4/><E4/><V51/><F63/><W29/><G29/><T13/><D13/><U57/><E132/><N who="0" m="50761" /><D26/><U101/><E101/><V91/><F91/><W111/><G87/><T130/><D32/><U98/><E98/><V42/><F16/><W58/><G111/><T110/><D110/><U30/><E30/><V123/><F1/><W28/><G31/><T46/><D33/><U14/><E14/><V61/><F7/><W131/><G28/><T19/><D19/><U75/><E75/><V8/><F8/><W109/><G109/><T44/><D85/><U93/><E93/><V20/><F10/><W114/><G27/><T60/><D80/><U100/><E100/><V120/><F21/><W82/><G114/><T96/><D96/><U124/><E71/><V6/><F23/><W79/><G82/><T11/><D11/><U12/><E12/><V97/><F20/><W134/><G22/><T89/><D89/><U62/><AGARI ba="0,0" hai="57,62,64,124,126" m="15434,14410,43083" machi="62" ten="40,5200,0" yaku="11,1,34,2" doraHai="50" who="1" fromWho="1" sc="250,-26,250,52,250,-13,250,-13" /><INIT seed="1,0,0,1,5,88" ten="224,302,237,237" oya="1" hai0="0,15,30,106,1,11,36,45,35,12,21,104,135" hai1="116,60,126,43,112,67,6,129,50,82,66,31,113" hai2="33,38,77,56,64,83,70,48,55,25,47,102,115" hai3="59,4,100,27,122,5,74,65,69,131,134,94,39"/><U120/><E116/><V46/><F115/><W73/><G122/><T108/><D108/><U40/><E6/><V18/><F102/><W7/><G39/><T117/><D117/><U29/><E120/><V8/><F8/><W123/><G123/><T14/><D135/><U68/><E82/><V10/><F10/><W128/><G69/><T28/><D36/><U89/><E89/><V107/><F107/><W92/><G27/><N who="0" m="18847" /><D45/><U51/><E126/><V121/><F121/><W124/><G124/><T78/><D78/><U62/><REACH who="1" step="1"/><E68/><REACH who="1" ten="224,292,237,237" step="2"/><V84/><F70/><W133/><G100/><T86/><D86/><U58/><E58/><V19/><F84/><W81/><G81/><T3/><D106/><U97/><E97/><V109/><F83/><W54/><G73/><T119/><D104/><U105/><E105/><V63/><F77/><W22/><G74/><T85/><D85/><U44/><E44/><V114/><F114/><W72/><G72/><T80/><D80/><U90/><E90/><V101/><F101/><W93/><G65/><T42/><D119/><U37/><E37/><V32/><F38/><W111/><G111/><T132/><D132/><N who="3" m="50793" /><G22/><T26/><D42/><U103/><E103/><V76/><F109/><W53/><G53/><T17/><AGARI ba="0,1" hai="0,1,3,11,12,14,15,17,21,26,30" m="18847" machi="17" ten="30,8000,1" yaku="35,5" doraHai="88" who="0" fromWho="0" sc="224,90,292,-40,237,-20,237,-20" /><INIT seed="2,0,0,3,0,33" ten="314,252,217,217" oya="2" hai0="23,45,85,49,20,135,98,93,95,82,12,52,121" hai1="32,74,125,114,86,15,116,5,1,31,100,17,66" hai2="126,61,51,53,13,70,110,96,60,0,120,97,43" hai3="25,40,122,64,29,115,42,103,38,37,30,132,18"/><V92/><F120/><W111/><G122/><T76/><D135/><U88/><E74/><V118/><F118/><W128/><G132/><T104/><D121/><U56/><E116/><V9/><F126/><W34/><G111/><T7/><D104/><U24/><E125/><V89/><F110/><W68/><G128/><T8/><REACH who="0" step="1"/><D95/><REACH who="0" ten="304,252,217,217" step="2"/><U94/><E114/><V131/><F131/><W72/><G115/><T26/><D26/><U69/><E69/><V79/><F70/><W46/><G68/><T117/><D117/><U77/><E77/><V4/><F79/><W99/><G25/><T14/><D14/><U90/><E100/><AGARI ba="0,1" hai="7,8,12,20,23,45,49,52,76,82,85,93,98,100" machi="100" ten="30,8000,1" yaku="1,1,7,1,8,1,54,1,53,1" doraHai="33" doraHaiUra="2" who="0" fromWho="1" sc="304,90,252,-80,217,0,217,0" /><INIT seed="3,0,0,5,3,65" ten="394,172,217,217" oya="3" hai0="72,10,2,59,22,115,44,40,69,5,107,55,20" hai1="85,12,45,86,88,91,131,81,1,9,119,16,26" hai2="112,130,78,41,98,58,134,92,64,25,125,28,19" hai3="70,43,35,15,135,62,83,21,47,80,14,37,102"/><W0/><G0/><T34/><D34/><U124/><E119/><V108/><F108/><W18/><G35/><T118/><D118/><U52/><E124/><V93/><F125/><W51/><G135/><T100/><D69/><U31/><E1/><V127/><F134/><W117/><G117/><T11/><D11/><U120/><E120/><V53/><F64/><W7/><G37/><T99/><D72/><U106/><E106/><V24/><F127/><W113/><G113/><T60/><D115/><U103/><E103/><V90/><F78/><W123/><G123/><T122/><D122/><U49/><E131/><V111/><F41/><W29/><G29/><T57/><D57/><U48/><E48/><AGARI ba="0,0" hai="2,5,10,20,22,40,44,48,55,59,60,99,100,107" machi="48" ten="30,1000,0" yaku="7,1" doraHai="65" who="0" fromWho="1" sc="394,10,172,-10,217,0,217,0" owari="404,50.4,162,-33.8,217,1.7,217,-18.3" /></mjloggm>