<mjloggm ver="2.3"><GO type="225" lobby="0"/><UN n0="%77%72%77%72%77%72%77%72" n1="%E3%82%B2%E3%82%B9%E8%8C%82%E5%8B%9D" n2="%E8%B6%85%E7%B4%9A%E9%B3%B3%E5%87%B0" n3="%47%68%6F%73%74%55%30" dan="16,16,16,17" rate="2193.52,2040.92,2137.25,2147.38" sx="M,F,M,M"/><TAIKYOKU oya="0"/><INIT seed="0,0,0,3,5,130" ten="250,250,250,250" oya="0" hai0="4,64,27,113,58,111,43,61,65,25,16,51,35" hai1="63,44,75,37,73,88,23,15,19,6,39,69,46" hai2="34,62,127,60,124,53,71,36,50,9,24,99,14" hai3="87,117,45,42,5,81,0,38,1,52,118,72,109"/><T83/><D113/><U98/><E6/><V79/><F36/><W78/><G109/><T3/><D111/><U67/><E39/><V29/><F79/><W11/><G0/><T77/><D35/><U48/><E37/><V26/><F99/><W123/><G123/><T59/><D3/><U40/><REACH who="1" step="1"/><E44/><REACH who="1" ten="250,240,250,250" step="2"/><V91/><F124/><W94/><G117/><T134/><D4/><U92/><AGARI ba="0,1" hai="15,19,23,40,46,48,63,67,69,73,75,88,92,98" machi="92" ten="30,7900,0" yaku="1,1,2,1,0,1,54,1,53,0" doraHai="130" doraHaiUra="126" who="1" fromWho="1" sc="250,-39,240,89,250,-20,250,-20" /><INIT seed="1,0,0,2,0,37" ten="211,329,230,230" oya="1" hai0="135,121,79,5,123,129,89,65,48,67,46,39,25" hai1="72,20,112,32,42,66,93,132,68,38,26,76,50" hai2="60,133,21,81,62,17,130,98,52,120,63,97,29" hai3="87,8,83,74,82,105,91,11,107,70,30,12,77"/><U9/><E112/><V111/><F120/><N who="0" m="46154" /><D129/><U131/><E131/><V6/><F130/><W124/><G70/><T23/><D135/><U125/><E125/><V47/><F133/><W59/><G124/><T84/><D79/><U86/><E132/><V36/><F111/><W27/><G59/><T31/><D5/><U100/><E38/><V13/><F6/><W3/><G3/><T55/><D39/><U109/><E32/><V45/><F36/><W96/><G96/><T88/><D89/><U40/><E109/><V15/><F29/><W119/><G119/><T127/><D127/><U22/><E9/><V58/><F81/><AGARI ba="0,0" hai="23,25,31,46,48,55,65,67,81,84,88" m="46154" machi="81" ten="30,2000,0" yaku="13,1,54,1" doraHai="37" who="0" fromWho="2" sc="211,20,329,0,230,-20,230,0" /><INIT seed="2,0,0,2,1,130" ten="231,329,210,230" oya="2" hai0="26,0,131,62,63,1,128,2,3,85,96,65,22" hai1="11,89,56,18,53,110,10,133,8,59,42,129,100" hai2="17,114,86,40,13,47,57,81,112,87,37,82,60" hai3="79,43,55,16,31,35,107,33,67,135,71,34,39"/><V19/><F86/><W97/><G55/><T113/><D113/><U84/><E129/><N who="0" m="49737" /><D85/><U5/><E110/><V6/><F6/><W123/><G16/><N who="0" m="12615" /><D0/><U90/><E18/><V36/><F36/><W20/><G20/><T54/><D65/><U27/><E27/><V32/><F32/><W48/><G79/><T98/><D54/><U76/><E42/><V9/><F17/><W12/><G43/><T46/><D46/><U92/><E76/><V44/><F44/><W121/><G31/><T52/><D52/><U74/><E74/><V24/><F24/><W61/><G12/><T99/><AGARI ba="0,0" hai="1,2,3,62,63,96,98,99" m="12615,49737" machi="99" ten="40,2700,0" yaku="19,1,54,1" doraHai="130" who="0" fromWho="0" sc="231,27,329,-7,210,-13,230,-7" /><INIT seed="3,0,0,4,2,33" ten="258,322,197,223" oya="3" hai0="2,3,69,110,48,47,121,135,127,117,131,9,73" hai1="23,75,128,98,64,126,82,55,0,58,93,57,122" hai2="66,111,11,50,52,16,104,77,17,63,42,61,25" hai3="38,71,99,24,101,20,5,115,81,90,112,125,51"/><W28/><G38/><T91/><RYUUKYOKU type="yao9" ba="0,0" sc="258,0,322,0,197,0,223,0" hai0="2,3,9,47,48,69,73,91,110,117,121,127,131,135" /><INIT seed="3,1,0,3,1,80" ten="258,322,197,223" oya="3" hai0="39,34,102,125,28,16,8,15,106,54,58,40,119" hai1="123,45,30,12,73,56,27,91,59,69,100,49,90" hai2="29,48,122,93,133,109,101,24,62,97,53,85,6" hai3="51,104,37,127,129,131,120,60,61,25,117,98,13"/><W10/><G37/><T21/><D119/><U86/><E123/><V84/><F122/><W71/><G120/><T55/><D125/><U66/><E73/><V1/><F109/><W23/><G117/><T78/><D34/><U115/><E69/><V36/><F36/><W32/><G127/><T14/><D28/><U3/><E3/><V112/><F112/><W26/><G51/><T67/><D78/><U72/><E72/><V64/><F133/><W7/><G98/><T75/><D75/><U41/><E115/><V65/><F1/><W43/><G43/><T124/><D124/><U17/><E100/><V92/><F6/><W83/><G104/><T35/><D35/><U68/><E68/><V63/><F63/><N who="3" m="24139" /><G83/><T33/><D33/><U46/><E66/><V38/><F38/><W96/><G96/><T0/><D67/><N who="2" m="25674" /><F62/><W111/><G111/><T94/><D106/><U22/><E46/><N who="2" m="27799" /><F92/><W31/><G71/><T50/><D0/><U105/><E105/><V81/><F81/><W4/><G4/><T79/><D39/><U77/><E77/><V103/><F103/><W118/><G118/><T5/><D79/><U76/><E76/><V2/><F2/><W82/><G82/><T44/><D58/><U52/><E59/><V42/><F42/><W11/><G11/><T95/><D102/><U126/><E126/><V70/><F70/><W113/><G113/><T121/><D121/><U88/><E56/><V108/><F108/><W20/><G32/><T110/><D110/><U18/><E41/><V114/><F114/><W132/><G132/><T135/><D135/><RYUUKYOKU ba="1,0" sc="258,10,322,-30,197,10,223,10" hai0="5,8,14,15,16,21,40,44,50,54,55,94,95" hai2="24,29,84,85,93,97,101" hai3="7,10,13,20,23,25,26,31,129,131" /><INIT seed="3,2,0,4,4,94" ten="268,292,207,233" oya="3" hai0="50,115,63,16,2,11,67,41,70,56,118,36,24" hai1="128,106,48,3,110,52,83,116,68,100,34,78,131" hai2="66,97,74,55,53,126,96,130,22,84,107,85,82" hai3="98,86,69,60,8,64,135,19,102,42,79,9,120"/><W27/><G120/><T13/><D118/><U47/><E110/><V35/><F35/><W28/><G135/><T7/><D115/><U44/><E3/><V75/><F107/><N who="3" m="63959" /><G19/><T4/><D2/><U125/><E116/><V92/><F130/><N who="1" m="49705" /><E125/><V12/><F126/><W17/><G17/><T51/><D51/><U58/><E68/><V87/><F75/><W10/><G42/><T72/><D72/><N who="1" m="43463" /><E34/><V122/><F122/><W77/><G86/><N who="2" m="33385" /><F74/><W32/><AGARI ba="2,0" hai="8,9,10,27,28,32,60,64,69,77,79" m="63959" machi="32" ten="30,3000,0" yaku="25,1,52,1" doraHai="94" who="3" fromWho="3" sc="268,-12,292,-12,207,-12,233,36" /><INIT seed="3,3,0,2,1,84" ten="256,280,195,269" oya="3" hai0="65,79,33,19,56,15,105,4,51,72,127,82,57" hai1="24,115,53,103,129,42,112,86,99,3,90,80,110" hai2="36,49,111,54,59,58,132,26,88,61,78,125,21" hai3="44,106,45,14,101,126,17,50,104,60,121,83,10"/><W128/><G121/><T34/><D105/><U97/><E3/><V16/><F36/><W130/><G126/><T1/><D127/><U113/><E42/><V70/><F125/><W122/><G122/><T123/><D123/><U30/><E110/><V96/><F111/><W85/><G60/><T91/><D4/><U2/><E2/><V23/><F132/><W135/><G135/><T75/><D75/><U92/><E129/><N who="3" m="49770" /><G101/><T28/><D28/><U109/><E109/><V38/><F38/><W47/><G50/><T89/><D57/><U64/><E64/><V27/><F70/><W117/><G117/><T93/><D1/><U62/><E97/><V102/><F78/><AGARI ba="3,0" hai="10,14,17,44,45,47,78,83,85,104,106" m="49770" machi="78" ten="30,1500,0" yaku="19,1" doraHai="84" who="3" fromWho="2" sc="256,0,280,0,195,-24,269,24" /><INIT seed="3,4,0,2,4,5" ten="256,280,171,293" oya="3" hai0="45,79,111,81,133,21,135,31,41,116,27,132,38" hai1="37,4,105,130,9,22,114,106,67,63,39,56,125" hai2="97,100,17,73,92,128,107,95,30,60,76,78,108" hai3="7,24,103,65,129,32,15,54,134,110,43,57,115"/><W131/><G115/><T53/><D116/><U123/><E114/><V59/><F108/><W66/><G134/><T52/><REACH who="0" step="1"/><D111/><REACH who="0" ten="246,280,171,293" step="2"/><U46/><E123/><V20/><F128/><N who="3" m="49227" /><G110/><T77/><D77/><U87/><E130/><V122/><F122/><W84/><G43/><T61/><D61/><U74/><E125/><V104/><F30/><N who="3" m="19527" /><G103/><T98/><D98/><U26/><E74/><AGARI ba="4,1" hai="21,27,31,38,41,45,52,53,74,79,81,132,133,135" machi="74" ten="40,5200,0" yaku="1,1,20,1,54,1,53,0" doraHai="5" doraHaiUra="113" who="0" fromWho="1" sc="246,74,280,-64,171,0,293,0" owari="320,42.0,216,-18.4,171,-32.9,293,9.3" /></mjloggm>