<mjloggm ver="2.3"><GO type="225" lobby="0"/><UN n0="%E9%89%A2%E5%B7%BB%E3%82%AC%E3%83%96" n1="%E9%B3%B3%E6%9D%B1%E3%81%AE%E3%81%86%E3%81%95%E3%81%8E%E3%81%95%E3%82%93" n2="%6A%70%74%77%61%32" n3="%E6%97%A5%E6%9B%9C%E6%97%A5%E3%82%88%E3%82%8A%E3%81%AE%E4%BD%BF%E8%80%85" dan="16,16,16,18" rate="2137.95,2254.06,2051.90,2171.72" sx="M,M,M,M"/><TAIKYOKU oya="0"/><INIT seed="0,0,0,4,4,8" ten="250,250,250,250" oya="0" hai0="4,80,95,93,23,60,9,24,75,42,18,79,50" hai1="29,123,15,86,65,109,36,62,21,135,83,11,49" hai2="84,17,10,70,52,69,16,103,110,122,47,82,0" hai3="100,67,73,78,71,51,121,89,107,57,130,77,132"/><T106/><D106/><U25/><E109/><V61/><F122/><W39/><G39/><T14/><REACH who="0" step="1"/><D60/><REACH who="0" ten="240,250,250,250" step="2"/><U92/><E123/><V63/><F61/><W90/><G107/><T59/><D59/><U30/><E62/><V124/><F63/><W34/><G57/><T126/><D126/><U66/><E66/><V85/><F124/><W114/><G67/><T7/><D7/><U134/><E65/><V40/><F69/><W101/><G71/><T68/><D68/><U22/><E135/><V72/><F70/><W3/><G132/><T119/><D119/><U91/><E134/><V33/><F110/><W27/><G121/><T20/><D20/><U127/><E127/><V112/><F112/><W99/><G114/><T5/><D5/><U45/><E21/><V43/><F33/><W96/><G34/><T1/><D1/><U97/><E22/><V53/><F0/><W111/><G3/><T6/><D6/><U19/><E36/><V31/><F10/><W125/><G111/><T108/><D108/><U44/><E44/><AGARI ba="0,1" hai="4,9,14,18,23,24,42,44,50,75,79,80,93,95" machi="44" ten="40,3900,0" yaku="1,1,52,1,53,0" doraHai="8" doraHaiUra="115" who="0" fromWho="1" sc="240,49,250,-39,250,0,250,0" /><INIT seed="0,1,0,0,5,87" ten="289,211,250,250" oya="0" hai0="96,14,132,39,114,44,133,38,73,85,13,26,100" hai1="5,19,98,46,84,10,21,94,72,75,71,65,49" hai2="16,43,30,86,116,15,60,91,8,113,25,89,9" hai3="54,118,64,97,45,108,36,57,106,11,51,110,131"/><T109/><D114/><U42/><E84/><V81/><F113/><W92/><G106/><T47/><D73/><U3/><E71/><V37/><F116/><W78/><G118/><T24/><D85/><U1/><E1/><V127/><F127/><W7/><G78/><T63/><D63/><U79/><E65/><V69/><F37/><W107/><G107/><T120/><D96/><U82/><E82/><V50/><F69/><W126/><G126/><T102/><REACH who="0" step="1"/><D109/><REACH who="0" ten="279,211,250,250" step="2"/><U76/><E75/><V104/><F60/><W40/><G110/><T68/><D68/><U115/><E72/><V95/><F104/><W4/><G108/><T66/><D66/><U83/><E115/><V53/><F43/><W32/><G64/><T90/><D90/><U59/><E83/><V62/><F62/><W61/><G61/><T122/><AGARI ba="1,1" hai="13,14,24,26,38,39,44,47,100,102,120,122,132,133" machi="122" ten="25,18000,2" yaku="1,1,0,1,22,2,53,2" doraHai="87" doraHaiUra="128" who="0" fromWho="0" sc="279,193,211,-61,250,-61,250,-61" /><INIT seed="0,2,0,3,2,23" ten="472,150,189,189" oya="0" hai0="16,135,14,58,34,13,106,17,88,56,109,39,22" hai1="112,120,82,93,0,6,91,75,79,118,90,31,52" hai2="69,72,32,64,94,48,103,100,50,55,25,122,84" hai3="54,121,132,47,97,68,114,76,46,86,131,59,3"/><T21/><D106/><U5/><E118/><V11/><F72/><W49/><G3/><T116/><D116/><U33/><E120/><V60/><F122/><W42/><G121/><T89/><D39/><U1/><E112/><V30/><F11/><W4/><G114/><T127/><D34/><U67/><E67/><V111/><F111/><W104/><G68/><T19/><D109/><U40/><E40/><V128/><F128/><W41/><G131/><T92/><D135/><U125/><E125/><V18/><F18/><W85/><G132/><T9/><D127/><U81/><E81/><V99/><F103/><W134/><G134/><T20/><D9/><U8/><E5/><V95/><REACH who="2" step="1"/><F55/><REACH who="2" ten="472,150,179,189" step="2"/><W113/><G113/><T38/><D19/><U27/><E0/><V102/><F102/><W101/><G4/><T66/><D17/><U108/><E108/><V78/><F78/><W26/><G76/><T44/><D13/><U70/><E70/><V71/><F71/><W45/><G41/><T117/><D14/><U87/><REACH who="1" step="1"/><E90/><AGARI ba="2,1" hai="25,30,32,48,50,60,64,69,84,90,94,95,99,100" machi="90" ten="40,5200,0" yaku="1,1,52,1,53,1" doraHai="23" doraHaiUra="96" who="2" fromWho="1" sc="472,0,150,-58,179,68,189,0" /><INIT seed="1,0,0,0,1,51" ten="472,92,247,189" oya="1" hai0="28,132,117,47,19,49,122,42,9,34,67,102,23" hai1="15,123,68,106,18,120,135,101,11,4,66,75,95" hai2="78,3,39,7,77,71,33,113,112,26,55,109,48" hai3="130,60,8,82,133,100,94,41,45,81,52,12,30"/><U25/><E106/><V24/><F109/><W32/><G32/><T105/><D117/><U20/><E135/><V61/><F39/><W59/><G30/><T107/><D67/><U124/><E124/><V87/><F7/><N who="3" m="3103" /><G130/><T84/><D102/><U93/><E75/><V69/><F3/><W128/><G128/><T91/><D9/><U85/><E101/><V5/><F5/><W73/><G73/><T64/><D64/><U114/><E114/><N who="2" m="44139" /><F61/><W27/><G27/><N who="2" m="10281" /><F33/><W74/><G74/><T35/><D28/><U6/><E6/><V17/><F17/><W13/><G13/><T118/><D35/><U96/><E96/><V56/><F87/><W76/><G76/><AGARI ba="0,0" hai="48,55,56,69,71,76,77,78" m="10281,44139" machi="76" ten="30,2000,0" yaku="11,1,52,1" doraHai="51" who="2" fromWho="3" sc="472,0,92,0,247,20,189,-20" /><INIT seed="2,0,0,1,4,45" ten="472,92,267,169" oya="2" hai0="30,48,119,124,49,56,133,19,1,108,67,104,74" hai1="60,103,77,117,37,3,118,36,128,53,80,7,46" hai2="34,86,111,129,27,2,76,81,63,109,121,71,82" hai3="70,127,17,25,41,0,114,26,28,55,126,47,98"/><V14/><F2/><W38/><G70/><T61/><D74/><U102/><E128/><V50/><F121/><W131/><G0/><T132/><D104/><U89/><E89/><V78/><F129/><W100/><G131/><T96/><D108/><N who="2" m="41546" /><F14/><W123/><G123/><T72/><D72/><U58/><E103/><V5/><F5/><W62/><G17/><T90/><D124/><N who="3" m="47657" /><G114/><T115/><D115/><U116/><E102/><V95/><F95/><N who="3" m="58463" /><G28/><T84/><D96/><U69/><E69/><V16/><F50/><N who="0" m="19562" /><D30/><U44/><E37/><V75/><F34/><W99/><G99/><T10/><D119/><U83/><E36/><V73/><F73/><W35/><G35/><T57/><D19/><U93/><E116/><V107/><F107/><W85/><G85/><T32/><D10/><U106/><E106/><V42/><F42/><W91/><G91/><T130/><D1/><U15/><E118/><V110/><N who="2" m="41554" /><V94/><DORA hai="79" /><F94/><W39/><G39/><T88/><D32/><U11/><E117/><V23/><F63/><W24/><G62/><T20/><D130/><U101/><E3/><V6/><F6/><W113/><G113/><T65/><D61/><U12/><E12/><V87/><F75/><W9/><G9/><T52/><D84/><N who="1" m="48143" /><E101/><V18/><F71/><W21/><G38/><T8/><D8/><U33/><E33/><V59/><F59/><W40/><G21/><T31/><D57/><U134/><E11/><V22/><F22/><W135/><G135/><T13/><D20/><U125/><E125/><V51/><F18/><W64/><G64/><RYUUKYOKU ba="0,0" sc="472,-15,92,-15,267,15,169,15" hai2="16,23,27,51,76,78,81,82,86,87" hai3="24,25,26,40,41,47,55" /><INIT seed="2,1,0,1,5,41" ten="457,77,282,184" oya="2" hai0="128,133,102,80,50,130,37,64,66,47,93,123,44" hai1="40,5,109,131,14,29,96,112,16,134,127,78,89" hai2="75,97,74,39,126,99,65,45,58,62,106,42,115" hai3="4,38,118,92,71,87,17,9,101,10,7,132,26"/><V35/><F115/><W2/><G71/><T1/><D1/><U53/><E131/><N who="0" m="50217" /><D123/><U73/><E134/><V57/><F126/><W98/><G38/><T15/><D133/><U6/><E127/><V33/><F57/><W61/><G132/><T21/><D37/><U116/><E109/><V79/><F97/><W32/><G118/><T69/><D69/><U36/><E29/><V34/><REACH who="2" step="1"/><F79/><REACH who="2" ten="457,77,272,184" step="2"/><W8/><G98/><N who="0" m="59727" /><D66/><U20/><E112/><V88/><F88/><W117/><G117/><T49/><D64/><U107/><E116/><V94/><F94/><W77/><G92/><T63/><D80/><U30/><E89/><V114/><F114/><W52/><G77/><T129/><D129/><U81/><E96/><V3/><F3/><W90/><G2/><T91/><D91/><U85/><E107/><V25/><F25/><W122/><G122/><T125/><D125/><U55/><E85/><V135/><F135/><W103/><G103/><AGARI ba="1,1" hai="33,34,35,39,42,45,58,62,65,74,75,99,103,106" machi="103" ten="40,3900,0" yaku="1,1,52,1,53,0" doraHai="41" doraHaiUra="11" who="2" fromWho="3" sc="457,0,77,0,272,52,184,-42" /><INIT seed="2,2,0,4,1,70" ten="457,77,324,142" oya="2" hai0="36,73,114,125,52,90,55,131,11,27,118,9,113" hai1="15,16,37,74,49,71,5,132,67,121,50,128,23" hai2="64,135,18,120,45,124,79,14,116,127,134,17,68" hai3="2,133,78,130,75,108,21,22,46,95,83,34,85"/><V44/><F116/><W30/><G2/><T13/><D36/><U81/><E128/><V59/><F120/><W42/><G130/><T101/><D131/><U25/><E132/><N who="2" m="50731" /><F68/><W105/><G133/><T93/><D73/><U39/><E121/><V56/><F79/><W122/><G122/><T20/><D101/><U24/><E74/><V77/><F77/><W72/><G108/><T98/><D125/><N who="2" m="48202" /><F64/><W107/><G78/><T86/><D118/><U51/><E81/><V48/><F44/><W1/><G46/><T106/><D106/><U126/><E126/><V29/><F29/><W65/><G107/><T10/><D98/><U63/><REACH who="1" step="1"/><E25/><REACH who="1" ten="457,67,324,142" step="2"/><V102/><F102/><W69/><G75/><T97/><D97/><U88/><E88/><V111/><F111/><W53/><G72/><T87/><D87/><U19/><E19/><N who="2" m="7179" /><F14/><W129/><G129/><T33/><D55/><AGARI ba="2,1" hai="45,48,55,56,59" m="7179,48202,50731" machi="55" ten="30,2900,0" yaku="20,1,18,1" doraHai="70" who="2" fromWho="0" sc="457,-35,67,0,324,45,142,0" /><INIT seed="2,3,0,1,5,16" ten="422,67,369,142" oya="2" hai0="92,79,119,27,2,17,60,29,65,66,130,25,38" hai1="59,101,68,14,76,89,12,3,132,81,108,34,129" hai2="50,128,118,51,83,19,71,112,74,9,87,46,127" hai3="133,28,82,78,57,73,4,111,8,56,54,72,40"/><V62/><F112/><W135/><G111/><T106/><D106/><U61/><E129/><V93/><F118/><W104/><G104/><T35/><D130/><U58/><E132/><N who="3" m="50762" /><G40/><T43/><D2/><U86/><E3/><V47/><F128/><W37/><G37/><T42/><D119/><U0/><E0/><V102/><F74/><N who="3" m="43351" /><G28/><T44/><D43/><U49/><E34/><V116/><F116/><W69/><G69/><T98/><D79/><U45/><E108/><V63/><F127/><W90/><G90/><T109/><D109/><U33/><E33/><V121/><F121/><W6/><G6/><T36/><D36/><U105/><E68/><V77/><F9/><W103/><G103/><T99/><D66/><U80/><E101/><V85/><F19/><W123/><G123/><T67/><D65/><U10/><E105/><V21/><F21/><W55/><G55/><T114/><D114/><U64/><E10/><V100/><F71/><W115/><G115/><T18/><D27/><U23/><E23/><V11/><F11/><W125/><G125/><T7/><D7/><U52/><REACH who="1" step="1"/><E58/><REACH who="1" ten="422,57,369,142" step="2"/><N who="3" m="22634" /><G54/><T31/><D35/><U26/><E26/><V75/><F102/><W70/><G70/><T41/><D25/><U5/><E5/><V84/><F100/><W1/><AGARI ba="3,1" hai="1,4,8,72,73" m="22634,43351,50762" machi="1" ten="30,1100,0" yaku="20,1" doraHai="16" who="3" fromWho="3" sc="422,-6,57,-6,369,-8,142,30" /><INIT seed="3,0,0,3,5,123" ten="416,51,361,172" oya="3" hai0="133,96,81,19,131,0,46,7,43,94,87,118,114" hai1="74,134,61,128,120,9,20,115,79,51,41,58,55" hai2="92,71,35,130,44,14,15,1,23,65,34,4,48" hai3="53,103,101,105,64,38,108,26,33,84,135,117,98"/><W8/><G117/><T63/><D118/><U75/><E128/><V16/><F130/><W89/><G38/><T3/><D131/><U10/><E134/><V12/><F92/><W77/><G53/><T125/><D133/><U25/><E115/><V32/><F65/><W109/><G135/><T42/><D7/><U91/><E75/><V99/><F71/><W82/><G64/><T95/><D19/><U30/><E74/><V116/><F99/><N who="3" m="61631" /><G8/><T17/><D17/><U36/><E79/><V86/><F86/><N who="3" m="48463" /><G26/><T73/><D73/><U97/><E36/><V121/><F121/><W21/><G21/><T102/><D94/><U129/><E129/><V28/><F116/><W70/><G33/><N who="2" m="12905" /><F48/><W18/><G18/><T56/><D114/><U68/><E120/><V126/><F44/><W47/><G47/><T100/><D100/><U119/><E119/><V111/><F126/><W52/><G52/><T57/><D125/><U122/><E122/><V37/><F37/><W88/><G70/><T93/><D93/><U2/><E2/><V124/><F124/><W85/><G85/><T62/><D0/><U113/><E113/><V90/><F28/><W29/><G29/><T69/><D3/><U22/><E68/><V110/><F35/><W78/><G78/><N who="0" m="46519" /><D69/><U45/><E97/><V54/><F54/><W127/><G127/><T60/><D46/><U40/><E40/><AGARI ba="0,0" hai="40,42,43,56,57,60,62,63,95,96,102" m="46519" machi="40" ten="30,1000,0" yaku="8,1" doraHai="123" who="0" fromWho="1" sc="416,10,51,-10,361,0,172,0" owari="426,52.6,41,-45.9,361,16.1,172,-22.8" /></mjloggm>