<mjloggm ver="2.3"><GO type="225" lobby="0"/><UN n0="%E4%B8%AD%E5%B9%B4%E3%81%AE%E5%8D%B1%E6%A9%9F" n1="%E9%89%A2%E5%B7%BB%E3%82%AC%E3%83%96" n2="%E6%B4%BE%E9%81%A3%E3%81%AE%E3%82%B8%E3%83%A3%E3%83%83%E3%82%AF" n3="%E5%AF%82%E5%AF%9E%E3%82%AE%E3%83%8D%E3%82%B9%E3%83%93%E3%83%BC%E3%83%AB" dan="17,16,16,16" rate="2191.00,2136.23,2148.96,2152.38" sx="M,M,M,M"/><TAIKYOKU oya="0"/><INIT seed="0,0,0,4,0,54" ten="250,250,250,250" oya="0" hai0="128,44,49,29,119,88,24,0,82,13,71,23,60" hai1="30,111,134,57,94,75,103,122,35,95,108,59,90" hai2="92,10,117,112,135,8,121,72,91,70,12,33,7" hai3="104,61,21,69,51,63,26,129,3,83,130,42,19"/><T38/><D119/><U124/><E122/><V9/><F121/><W18/><G104/><T74/><D0/><U43/><E75/><V46/><F70/><W96/><G3/><T125/><D38/><U67/><E124/><V40/><F72/><W89/><G69/><T105/><D105/><U106/><E67/><V4/><F33/><W1/><G1/><T126/><D128/><N who="3" m="49257" /><G18/><T123/><D123/><U102/><E43/><V116/><F135/><W47/><G96/><T97/><D13/><U53/><E53/><V45/><F112/><W20/><G20/><T110/><D110/><N who="1" m="42027" /><E134/><V86/><F45/><W48/><G48/><T58/><D71/><U133/><E133/><V64/><F64/><W115/><G115/><T80/><D74/><U15/><E15/><V32/><F32/><W25/><G25/><T98/><D126/><U78/><E30/><V87/><F87/><AGARI ba="0,0" hai="19,21,26,42,47,51,61,63,83,87,89" m="49257" machi="87" ten="30,1000,0" yaku="19,1" doraHai="54" who="3" fromWho="2" sc="250,0,250,0,250,-10,250,10" /><INIT seed="1,0,0,1,1,49" ten="250,250,240,260" oya="1" hai0="85,45,113,95,110,92,132,28,27,102,111,18,94" hai1="107,74,109,5,38,66,97,16,30,121,56,101,131" hai2="15,40,84,64,86,19,26,1,35,42,112,99,104" hai3="48,53,54,13,59,87,77,10,37,60,70,98,134"/><U22/><E121/><V47/><F1/><W130/><G37/><T116/><D116/><U96/><E74/><V25/><F112/><W122/><G122/><T133/><D113/><U128/><E38/><V11/><F64/><W12/><G130/><T8/><D45/><U89/><E109/><N who="0" m="41481" /><D8/><U32/><E5/><V120/><F120/><W114/><G114/><T125/><D18/><U17/><E30/><V115/><F115/><W44/><G70/><T20/><D125/><U106/><E32/><V126/><F126/><W7/><G134/><N who="0" m="51819" /><D85/><U57/><E17/><V43/><F47/><W62/><G98/><AGARI ba="0,0" hai="20,27,28,92,94,95,98,102" m="51819,41481" machi="98" ten="30,2000,0" yaku="14,1,20,1" doraHai="49" who="0" fromWho="3" sc="250,20,250,0,240,0,260,-20" /><INIT seed="2,0,0,0,5,43" ten="270,250,240,240" oya="2" hai0="10,127,130,3,90,32,76,6,4,112,117,116,13" hai1="95,98,119,65,36,53,27,99,12,123,91,62,82" hai2="23,18,5,47,71,133,108,125,57,14,54,26,129" hai3="59,107,83,9,126,88,94,19,124,103,100,22,68"/><V60/><F133/><W75/><G68/><T52/><D32/><U114/><E114/><V55/><F129/><W30/><G30/><T70/><D70/><U61/><E36/><V40/><F71/><W24/><G9/><T0/><D76/><U73/><E65/><V56/><F125/><N who="3" m="48235" /><G107/><T131/><D127/><U15/><E27/><V46/><F108/><W25/><G25/><T16/><D90/><U104/><E82/><V35/><F40/><W105/><G105/><T128/><D112/><U45/><E73/><V21/><F35/><W31/><G59/><T51/><D4/><U118/><E104/><V49/><F5/><W38/><G38/><T97/><D97/><U93/><E123/><V113/><F113/><W101/><G31/><AGARI ba="0,0" hai="14,18,21,23,26,31,46,47,49,54,55,56,57,60" machi="31" ten="30,11600,0" yaku="7,1,8,1,52,2" doraHai="43" who="2" fromWho="3" sc="270,0,250,0,240,116,240,-116" /><INIT seed="2,1,0,3,4,124" ten="270,250,356,124" oya="2" hai0="51,61,95,102,28,78,26,132,6,69,71,32,20" hai1="91,75,1,90,121,15,80,84,103,42,123,119,81" hai2="55,100,86,126,67,65,12,128,87,30,66,93,107" hai3="22,113,0,59,21,10,29,104,129,131,16,111,92"/><V50/><F128/><N who="3" m="49227" /><G104/><T83/><D132/><U64/><E1/><V115/><F115/><W33/><G113/><T39/><D39/><U127/><E42/><V11/><F107/><W120/><G120/><T43/><D6/><U99/><E64/><V49/><F30/><W73/><G73/><T17/><D61/><U125/><E15/><V118/><F118/><W94/><G111/><T13/><D95/><N who="3" m="36393" /><G59/><T76/><D102/><U24/><E24/><V25/><F25/><N who="3" m="18607" /><G16/><T34/><D34/><U85/><E119/><V48/><F126/><N who="1" m="48137" /><E75/><V7/><F55/><W117/><G117/><T8/><D32/><U72/><E72/><V89/><F100/><W106/><G106/><AGARI ba="1,0" hai="80,81,84,85,90,91,99,103,106,121,123" m="48137" machi="106" ten="30,3900,0" yaku="18,1,34,2" doraHai="124" who="1" fromWho="3" sc="270,0,250,42,356,0,124,-42" /><INIT seed="3,0,0,2,1,60" ten="270,292,356,82" oya="3" hai0="129,49,47,92,78,10,51,103,1,84,128,110,131" hai1="93,68,31,106,111,82,9,0,18,19,74,122,30" hai2="32,90,77,6,69,44,125,101,127,99,124,133,116" hai3="107,26,62,57,132,94,29,45,43,33,86,114,39"/><W58/><G132/><T63/><D110/><U104/><E68/><V16/><F116/><W89/><G114/><T65/><D47/><U109/><E93/><V119/><F119/><W117/><G117/><T36/><D36/><U112/><E82/><V105/><F32/><W22/><G107/><T52/><D78/><U67/><E9/><V34/><F34/><W130/><G130/><N who="0" m="33283" /><T23/><DORA hai="121" /><D23/><U64/><E74/><V80/><F6/><W61/><REACH who="3" step="1"/><G33/><REACH who="3" ten="270,292,356,72" step="2"/><T87/><D1/><U5/><E0/><V75/><F133/><W98/><G98/><N who="0" m="59847" /><D10/><U41/><E112/><V11/><F11/><W85/><G85/><N who="0" m="32843" /><D52/><U37/><E104/><V79/><F105/><W59/><AGARI ba="0,1" hai="22,26,29,39,43,45,57,58,59,61,62,86,89,94" machi="59" ten="30,6000,0" yaku="1,1,0,1,53,1" doraHai="60,121" doraHaiUra="27,113" who="3" fromWho="3" sc="270,-20,292,-20,356,-20,72,70" /><INIT seed="3,1,0,1,3,0" ten="250,272,336,142" oya="3" hai0="19,4,90,112,81,64,117,111,30,18,95,89,79" hai1="100,57,11,21,87,93,58,7,118,24,60,133,125" hai2="114,44,55,97,75,132,53,63,1,103,27,31,17" hai3="122,82,94,26,14,99,13,134,39,88,120,116,10"/><W28/><G116/><T135/><D117/><U129/><E133/><V36/><F75/><W34/><G134/><T123/><D135/><U104/><E129/><V12/><F1/><W70/><G39/><T92/><D123/><U126/><E104/><V101/><F114/><W33/><G70/><T5/><D112/><U74/><E74/><V47/><F36/><W96/><G34/><T121/><D121/><U54/><E118/><V86/><F86/><W2/><G2/><T76/><D81/><U8/><E8/><V113/><F113/><W38/><G38/><T66/><REACH who="0" step="1"/><D30/><REACH who="0" ten="240,272,336,142" step="2"/><U127/><E58/><N who="2" m="35295" /><F31/><W49/><G82/><T80/><D80/><U9/><E9/><V20/><F132/><W119/><G119/><T42/><D42/><U83/><E93/><V22/><F47/><W91/><G49/><T32/><D32/><U128/><E100/><V46/><F46/><W45/><G45/><T67/><D67/><U105/><E105/><V23/><F44/><W69/><G69/><T6/><D6/><U62/><E128/><V59/><F101/><W56/><G56/><T3/><D3/><U102/><E102/><V51/><F59/><W40/><G40/><T98/><D98/><U73/><E73/><V115/><F115/><W72/><G72/><T68/><D68/><U43/><E43/><V130/><F130/><W16/><G14/><T50/><D50/><U15/><E57/><N who="2" m="32959" /><F12/><W52/><G52/><T65/><D65/><U131/><E54/><V25/><F25/><W35/><G35/><T61/><D61/><U41/><E131/><V108/><F27/><RYUUKYOKU ba="1,1" sc="240,15,272,-15,336,-15,142,15" hai0="4,5,18,19,64,66,76,79,89,90,92,95,111" hai3="10,13,16,26,28,33,88,91,94,96,99,120,122" /><INIT seed="3,2,1,0,4,17" ten="255,257,321,157" oya="3" hai0="23,47,56,5,46,55,86,27,91,131,45,79,12" hai1="119,19,28,126,125,104,132,63,94,107,33,16,64" hai2="8,84,82,49,77,65,1,32,3,133,112,116,4" hai3="134,34,11,75,38,43,85,53,100,57,68,103,105"/><W120/><G120/><T74/><D74/><U44/><E33/><V113/><F3/><W9/><G75/><T92/><D79/><U129/><E28/><V135/><F65/><W0/><G34/><T6/><D131/><U25/><E129/><V20/><F32/><W95/><G68/><T98/><D12/><U128/><E128/><V15/><F49/><W2/><G105/><T88/><D91/><U127/><E132/><N who="2" m="50763" /><F116/><W7/><G134/><T62/><D86/><U123/><E123/><V76/><F76/><W114/><G114/><T118/><D118/><U26/><E44/><V31/><F1/><W87/><G43/><T89/><D89/><U130/><E130/><V93/><F93/><W60/><G38/><T67/><D67/><U35/><E94/><V70/><F70/><W96/><REACH who="3" step="1"/><G103/><REACH who="3" ten="255,257,321,147" step="2"/><T121/><D121/><U66/><E107/><V41/><F41/><W106/><G106/><T50/><D50/><U122/><E104/><V10/><F112/><W18/><G18/><AGARI ba="2,2" hai="5,6,18,23,27,45,46,47,55,56,62,88,92,98" machi="18" ten="40,8000,1" yaku="25,2,8,1,52,1,54,1" doraHai="17" who="0" fromWho="3" sc="255,106,257,0,321,0,147,-86" owari="361,46.1,257,-14.3,321,12.1,61,-43.9" /></mjloggm>