<mjloggm ver="2.3"><GO type="225" lobby="0"/><UN n0="%E7%99%BD%E9%9B%AA%E4%B9%83%E6%84%9B" n1="%E3%82%BF%E3%83%BC%E3%83%90%E3%83%B3%E9%87%8E%E5%8F%A3" n2="%72%69%6F%75%63%68%61%6E" n3="%E7%89%B9%E6%9D%B1%E3%81%AF%E4%B8%96%E7%95%8C%E3%82%92%E6%95%91%E3%81%86" dan="16,16,17,16" rate="2112.20,2077.41,2277.22,2134.26" sx="F,M,M,M"/><TAIKYOKU oya="0"/><INIT seed="0,0,0,3,2,24" ten="250,250,250,250" oya="0" hai0="119,69,10,124,65,79,46,108,87,105,118,55,30" hai1="115,57,12,122,78,134,53,80,11,92,130,29,120" hai2="0,123,3,100,96,35,84,90,9,32,27,42,86" hai3="1,126,85,89,117,16,28,107,101,34,52,38,45"/><T75/><D105/><U54/><E130/><V15/><F123/><W106/><G117/><T43/><D75/><U102/><E134/><V97/><F42/><W22/><G1/><T135/><D135/><U61/><E115/><V21/><F0/><W23/><G34/><T14/><D55/><U95/><E53/><V111/><F3/><W19/><G126/><T48/><D124/><U63/><E63/><V94/><F111/><W113/><G113/><T39/><D39/><U44/><E44/><V71/><F71/><W109/><G109/><T88/><D79/><U104/><E104/><V25/><F32/><W98/><G107/><T68/><D108/><U37/><E37/><V5/><F35/><W91/><G28/><T121/><D121/><U20/><E102/><V64/><F64/><W36/><G36/><T99/><D99/><U17/><E120/><V66/><F66/><W51/><G38/><T2/><D2/><U83/><E122/><V73/><F73/><W47/><G45/><T74/><D74/><U67/><E67/><V60/><F60/><W76/><G76/><T56/><D30/><U129/><E129/><V103/><F84/><W133/><G133/><T40/><D40/><U26/><REACH who="1" step="1"/><E80/><REACH who="1" ten="250,240,250,250" step="2"/><N who="2" m="49479" /><F21/><N who="3" m="7691" /><G106/><T62/><D69/><U4/><E4/><V6/><F5/><W72/><G101/><T49/><D68/><U81/><E81/><V114/><F114/><W125/><G125/><T58/><D49/><U13/><E13/><V132/><F132/><W18/><G52/><T50/><D50/><U33/><E33/><V131/><F131/><W112/><G112/><RYUUKYOKU ba="0,1" sc="250,-15,240,15,250,15,250,-15" hai1="11,12,17,20,26,29,54,57,61,78,83,92,95" hai2="6,9,15,25,27,94,96,97,100,103" /><INIT seed="1,1,1,3,4,122" ten="235,255,265,235" oya="1" hai0="47,70,44,131,84,132,81,12,43,78,126,59,101" hai1="125,107,30,133,114,9,124,100,16,69,1,58,7" hai2="134,27,13,61,83,106,49,102,8,98,45,85,119" hai3="74,54,116,0,48,118,77,104,111,94,127,71,120"/><U105/><E114/><V91/><F134/><W37/><RYUUKYOKU type="yao9" ba="1,1" sc="235,0,255,0,265,0,235,0" hai3="0,37,48,54,71,74,77,94,104,111,116,118,120,127" /><INIT seed="1,2,1,2,0,22" ten="235,255,265,235" oya="1" hai0="81,99,63,128,13,102,78,56,37,39,131,42,90" hai1="29,57,74,113,27,11,80,30,55,21,115,86,23" hai2="126,51,1,47,97,33,6,77,70,18,54,94,82" hai3="66,127,20,118,41,129,121,103,35,96,10,25,116"/><U119/><E119/><N who="3" m="45610" /><G121/><T64/><D90/><U88/><E74/><V5/><F126/><W67/><G127/><T110/><D110/><U134/><E134/><V98/><F70/><W93/><G129/><N who="0" m="49739" /><D13/><U48/><REACH who="1" step="1"/><E11/><REACH who="1" ten="235,245,265,235" step="2"/><V58/><F1/><W4/><G35/><T7/><D7/><U0/><E0/><V60/><F33/><W76/><G76/><T123/><D123/><U38/><E38/><V100/><F98/><W26/><G41/><T12/><D42/><U16/><E16/><V45/><F18/><N who="3" m="12439" /><G26/><AGARI ba="2,2" hai="21,23,26,27,29,30,48,55,57,80,86,88,113,115" machi="26" ten="40,12000,1" yaku="1,1,9,1,52,2,54,1,53,0" doraHai="22" doraHaiUra="122" who="1" fromWho="3" sc="235,0,245,146,265,0,235,-126" /><INIT seed="1,3,0,2,1,45" ten="235,391,265,109" oya="1" hai0="71,117,128,70,57,7,101,1,48,93,94,32,2" hai1="124,22,36,11,59,111,84,83,4,132,18,109,74" hai2="8,73,34,64,35,19,123,127,56,122,88,100,58" hai3="60,67,37,104,114,68,107,12,98,121,85,133,131"/><U43/><E74/><V110/><F73/><W62/><G131/><T135/><D32/><U26/><E132/><V69/><F110/><N who="1" m="41993" /><E124/><V39/><F39/><W38/><G121/><T77/><D117/><U55/><E43/><V112/><F127/><W79/><G133/><T6/><D135/><U129/><E36/><V95/><F112/><W102/><G114/><T65/><D77/><N who="1" m="46191" /><E129/><V115/><F115/><W33/><G107/><T63/><D128/><U31/><E31/><V41/><F41/><W27/><G12/><T81/><D81/><U9/><E4/><V44/><F123/><W13/><G13/><T10/><D101/><U75/><E75/><V80/><F100/><W54/><G79/><T125/><D125/><U24/><E26/><V90/><F80/><W108/><G85/><T120/><D120/><U53/><E53/><V21/><F90/><W134/><G134/><T50/><D7/><U30/><E30/><V106/><F122/><W118/><G108/><T92/><REACH who="0" step="1"/><D1/><REACH who="0" ten="225,391,265,109" step="2"/><U72/><E72/><V82/><F82/><W28/><REACH who="3" step="1"/><G118/><REACH who="3" ten="225,391,265,99" step="2"/><T113/><D113/><U89/><E89/><V42/><F88/><W91/><G91/><T49/><AGARI ba="3,2" hai="2,6,10,48,49,50,57,63,65,70,71,92,93,94" machi="49" ten="30,8000,1" yaku="1,1,0,1,52,3,53,0" doraHai="45" doraHaiUra="103" who="0" fromWho="0" sc="225,109,391,-43,265,-23,99,-23" /><INIT seed="2,0,0,1,1,58" ten="334,348,242,76" oya="2" hai0="132,71,32,57,135,123,75,101,77,12,114,115,22" hai1="26,109,74,119,129,92,63,73,51,2,128,104,29" hai2="130,10,87,45,3,69,6,11,47,36,120,122,106" hai3="30,105,34,98,108,84,121,7,43,13,96,8,40"/><V50/><F130/><N who="1" m="50281" /><E104/><V24/><F106/><W44/><G108/><T124/><D71/><U38/><E38/><V18/><F69/><W134/><G134/><N who="0" m="51243" /><D32/><N who="1" m="20535" /><E109/><V99/><F99/><W68/><G121/><T78/><D123/><U42/><E2/><V33/><F36/><W15/><G68/><T117/><D124/><U66/><E92/><V65/><F65/><W21/><G34/><T72/><D101/><U49/><E119/><V23/><F33/><W48/><G43/><T54/><D117/><U17/><E17/><V90/><F11/><W55/><G105/><T131/><D131/><U86/><E86/><V60/><F60/><W126/><G126/><T100/><D100/><U56/><E42/><V95/><REACH who="2" step="1"/><F45/><REACH who="2" ten="334,348,232,76" step="2"/><W85/><G44/><T127/><D127/><U41/><E49/><V37/><F37/><W52/><G48/><T88/><D57/><U14/><E51/><V83/><F83/><W76/><G98/><T27/><D22/><U53/><E66/><V107/><F107/><W67/><G96/><T1/><D114/><U94/><E56/><V64/><F64/><W59/><G67/><T9/><D115/><U102/><E94/><V111/><F111/><W39/><G39/><T93/><D9/><U80/><E80/><V79/><F79/><W110/><G110/><T0/><D78/><U31/><E63/><V5/><F5/><W70/><G70/><T112/><D77/><U82/><E82/><V4/><F4/><W113/><G76/><T97/><D112/><U103/><E103/><V118/><F118/><W91/><G113/><T46/><D46/><RYUUKYOKU ba="0,1" sc="334,-10,348,-10,232,30,76,-10" hai2="3,6,10,18,23,24,47,50,87,90,95,120,122" /><INIT seed="2,1,1,4,3,122" ten="324,338,262,66" oya="2" hai0="130,51,134,59,88,36,110,124,70,135,1,11,13" hai1="79,89,105,60,73,33,92,49,2,50,12,80,95" hai2="121,98,40,85,87,117,52,103,35,100,6,42,99" hai3="24,58,107,115,64,68,86,22,56,16,15,67,63"/><V17/><F117/><W43/><G115/><T118/><D70/><U72/><E2/><V37/><F121/><W26/><G107/><T90/><D36/><U77/><E105/><V131/><F131/><W76/><G43/><N who="2" m="16425" /><F35/><W112/><G112/><T19/><D1/><U91/><E33/><V9/><F37/><W31/><G67/><T102/><D102/><N who="2" m="38954" /><F6/><W3/><G3/><T111/><D124/><U96/><E60/><V7/><F7/><W28/><G76/><T20/><D11/><U25/><E25/><V94/><F94/><W53/><G86/><N who="2" m="32777" /><F52/><W44/><G44/><T10/><D130/><U34/><E34/><V93/><F93/><W45/><G45/><T27/><D118/><U123/><E123/><V133/><F133/><N who="0" m="50698" /><D90/><U57/><E96/><N who="2" m="36907" /><F9/><W69/><G69/><T113/><D88/><U78/><E78/><V32/><F32/><W18/><G18/><AGARI ba="1,1" hai="17,18" m="36907,32777,38954,16425" machi="18" ten="30,5800,0" yaku="28,2,8,1" doraHai="122" who="2" fromWho="3" sc="324,0,338,0,262,71,66,-61" /><INIT seed="2,2,0,4,1,3" ten="324,338,333,5" oya="2" hai0="109,133,102,63,12,34,43,128,99,2,41,49,71" hai1="129,108,4,18,125,68,65,89,21,75,77,73,127" hai2="107,29,61,126,45,130,42,111,123,78,70,88,83" hai3="79,5,114,115,7,0,69,24,94,33,26,56,19"/><V32/><F123/><W81/><G69/><T72/><D2/><U66/><E108/><V9/><F126/><N who="1" m="48137" /><E129/><V55/><F130/><W100/><G0/><T96/><D128/><U28/><E28/><V47/><F111/><W60/><G100/><T90/><D109/><U80/><E4/><N who="3" m="1610" /><G94/><T98/><D34/><U27/><E89/><V44/><F107/><W101/><G101/><T8/><D72/><N who="1" m="27723" /><E68/><V112/><F112/><N who="3" m="43051" /><G19/><N who="0" m="8583" /><D71/><U6/><E6/><V105/><F105/><W67/><G33/><T131/><D131/><U46/><E46/><V16/><F70/><W13/><G13/><T104/><D104/><U35/><E35/><V53/><F42/><W58/><G58/><T110/><D110/><U39/><E39/><V30/><F32/><W85/><AGARI ba="2,0" hai="24,26,56,60,67,79,81,85" m="43051,1610" machi="85" ten="30,7900,0" yaku="11,1,52,3" doraHai="3" who="3" fromWho="3" sc="324,-22,338,-22,333,-41,5,85" /><INIT seed="3,0,0,5,2,70" ten="302,316,292,90" oya="3" hai0="87,6,121,63,68,85,105,15,23,92,100,115,55" hai1="99,132,128,93,36,109,44,113,45,7,104,72,89" hai2="126,0,19,120,127,31,76,46,129,54,56,61,73" hai3="133,135,122,60,5,107,59,116,114,134,96,103,21"/><W130/><G114/><T118/><D121/><U8/><E113/><V117/><F117/><W125/><G116/><T22/><D118/><U86/><E109/><V10/><F120/><W74/><G122/><T32/><D32/><U49/><E128/><V18/><F129/><W13/><G130/><T4/><D105/><U37/><E72/><V98/><F31/><W62/><G125/><N who="2" m="47625" /><F98/><W34/><G34/><T110/><D110/><U20/><E132/><V16/><F46/><W40/><G74/><T119/><D119/><U69/><E69/><V12/><F0/><W25/><G40/><T66/><D115/><U111/><E45/><V94/><F94/><W90/><G90/><T47/><D47/><U108/><E108/><V88/><F88/><W91/><G91/><T97/><D55/><U30/><E104/><V82/><AGARI ba="0,0" hai="10,12,16,18,19,54,56,61,73,76,82" m="47625" machi="82" ten="30,2000,0" yaku="18,1,54,1" doraHai="70" who="2" fromWho="2" sc="302,-5,316,-5,292,20,90,-10" owari="297,-10.3,311,11.1,312,41.2,80,-42.0" /></mjloggm>