<mjloggm ver="2.3"><GO type="225" lobby="0"/><UN n0="%E3%82%A4%E3%83%A2%E3%82%BF%E3%83%AC" n1="%E6%A1%9C%E8%8A%B1%E9%96%83%E3%80%85" n2="%E3%81%99%E3%81%84%E3%81%BE%E3%81%9B%E3%83%BC%E3%82%93" n3="%E3%82%A2%E3%83%A1%E3%82%A2%E3%83%A9%E3%83%AC" dan="17,16,18,16" rate="2210.00,2151.17,2267.00,2146.98" sx="F,M,M,M"/><TAIKYOKU oya="0"/><INIT seed="0,0,0,5,5,11" ten="250,250,250,250" oya="0" hai0="131,7,127,83,67,5,3,16,15,104,66,129,13" hai1="113,22,55,12,31,39,101,77,120,88,89,85,123" hai2="49,99,98,114,8,19,94,63,61,70,130,14,126" hai3="28,78,133,50,93,18,132,2,90,62,86,68,103"/><T38/><D38/><U60/><E39/><V102/><F114/><W64/><G2/><T117/><D104/><U10/><E113/><V53/><F126/><W92/><G28/><T69/><D117/><U74/><E74/><V34/><F34/><W51/><G78/><T46/><D46/><U121/><E101/><V128/><F99/><N who="3" m="59879" /><G18/><T75/><D127/><U43/><E43/><V35/><F35/><W95/><G95/><T122/><D122/><U58/><E77/><V65/><REACH who="2" step="1"/><F63/><REACH who="2" ten="250,250,240,250" step="2"/><W79/><G79/><T125/><D125/><U111/><E111/><V112/><F112/><W24/><G24/><T71/><D75/><U27/><REACH who="1" step="1"/><E85/><REACH who="1" ten="250,240,240,250" step="2"/><V45/><AGARI ba="0,2" hai="8,14,19,45,49,53,61,65,70,94,98,102,128,130" machi="45" ten="30,4000,0" yaku="1,1,0,1,52,1,53,0" doraHai="11" doraHaiUra="107" who="2" fromWho="2" sc="250,-20,240,-10,240,60,250,-10" /><INIT seed="1,0,0,2,0,70" ten="230,230,300,240" oya="1" hai0="76,94,126,47,121,82,7,66,16,27,105,98,72" hai1="95,135,117,110,129,87,103,3,127,125,22,114,45" hai2="18,85,96,107,120,93,36,19,83,53,86,69,124" hai3="48,128,41,106,97,112,90,38,25,60,133,78,55"/><U67/><E3/><V23/><F120/><W35/><G112/><T56/><D126/><N who="1" m="48139" /><E114/><V131/><F124/><W132/><G128/><T130/><D130/><U134/><E129/><V84/><F107/><W51/><G78/><T81/><D105/><U17/><E117/><V28/><F69/><W14/><G14/><T100/><D121/><U75/><E75/><V4/><F4/><W58/><G35/><T46/><D7/><U102/><E67/><V57/><F36/><W37/><G25/><T12/><D27/><N who="1" m="14799" /><E110/><V8/><F131/><W109/><G109/><T61/><REACH who="0" step="1"/><D82/><REACH who="0" ten="220,230,300,240" step="2"/><U80/><E95/><V92/><F92/><N who="3" m="56471" /><G106/><T116/><D116/><U11/><E11/><AGARI ba="0,1" hai="11,12,16,46,47,56,61,66,72,76,81,94,98,100" machi="11" ten="30,7700,0" yaku="1,1,7,1,54,1,53,1" doraHai="70" doraHaiUra="5" who="0" fromWho="1" sc="220,87,230,-77,300,0,240,0" /><INIT seed="2,0,0,3,4,15" ten="307,153,300,240" oya="2" hai0="81,8,35,38,29,46,92,44,125,25,113,65,98" hai1="33,106,130,87,123,5,30,109,70,12,102,80,114" hai2="67,14,51,62,28,17,23,94,1,7,104,50,27" hai3="53,133,118,79,3,134,129,73,58,86,36,4,42"/><V71/><F104/><W19/><G118/><T11/><D113/><U116/><E114/><V131/><F131/><W32/><G129/><T26/><D125/><U43/><E130/><V115/><F115/><W90/><G32/><T40/><D26/><U132/><E116/><V74/><F74/><W61/><G79/><T66/><D46/><U91/><E109/><V93/><F7/><W68/><G73/><T97/><D81/><U121/><E132/><N who="3" m="50794" /><G68/><T117/><D117/><U57/><E43/><V37/><F1/><W49/><G36/><T78/><D78/><U54/><E70/><V101/><F37/><W22/><G42/><T76/><D76/><U10/><E30/><V120/><F120/><W47/><G4/><T82/><D82/><U24/><E24/><V110/><F110/><W13/><G3/><T69/><D98/><U0/><E33/><V77/><F77/><W122/><G122/><N who="1" m="46602" /><E102/><V18/><F28/><W124/><G124/><T108/><D108/><U75/><E106/><V89/><F101/><W20/><G20/><T128/><D128/><U21/><E75/><V45/><F89/><W52/><G90/><T135/><D135/><U100/><E100/><V105/><F105/><W72/><G72/><T56/><D69/><U99/><E21/><V103/><F103/><W31/><G31/><T112/><D112/><U6/><E99/><V39/><F71/><W41/><G41/><T34/><D34/><U2/><E6/><V63/><F23/><W83/><G83/><T60/><D66/><U126/><E126/><V84/><F67/><W59/><G86/><RYUUKYOKU ba="0,0" sc="307,10,153,10,300,-30,240,10" hai0="8,11,25,29,35,38,40,44,56,60,65,92,97" hai1="0,2,5,10,12,54,57,80,87,91" hai3="13,19,22,47,49,52,53,58,59,61" /><INIT seed="3,1,0,1,0,25" ten="317,163,270,250" oya="3" hai0="90,35,84,107,74,80,128,26,133,32,47,77,106" hai1="122,109,48,83,29,98,24,72,132,53,39,1,23" hai2="123,71,66,3,20,115,97,69,131,103,101,99,124" hai3="100,105,89,102,118,27,33,62,78,125,2,112,28"/><W95/><G112/><T68/><D128/><U108/><E122/><V110/><F3/><W130/><G118/><T70/><D133/><U82/><E39/><V76/><F76/><W45/><G2/><T75/><D47/><U61/><E132/><V88/><F66/><W41/><G130/><T81/><D75/><U40/><E1/><V10/><F10/><W16/><G125/><T63/><D63/><U44/><E72/><V91/><F131/><W50/><G105/><T11/><D11/><U18/><E98/><V52/><F115/><W6/><G6/><T67/><D67/><U13/><E61/><V117/><F117/><W5/><G5/><T121/><D121/><U65/><E65/><V38/><F38/><W116/><G78/><T73/><D73/><U134/><E134/><V30/><F124/><W113/><G113/><T4/><D4/><U37/><E108/><V86/><F110/><W7/><G7/><T0/><D0/><U85/><E109/><V8/><F123/><W59/><G16/><T54/><D54/><U42/><E37/><V15/><F52/><W51/><G51/><T49/><D49/><U58/><E58/><V21/><F71/><N who="0" m="27178" /><D35/><U43/><REACH who="1" step="1"/><E85/><REACH who="1" ten="317,153,270,250" step="2"/><V114/><F86/><W104/><G116/><T127/><D127/><U64/><E64/><V60/><F60/><W9/><G59/><T36/><D36/><U17/><E17/><V55/><F69/><W94/><G62/><T46/><D46/><U93/><E93/><V14/><F114/><W126/><G45/><T19/><D19/><U111/><E111/><V56/><F56/><RYUUKYOKU ba="1,1" sc="317,15,153,15,270,-15,250,-15" hai0="26,32,74,77,80,81,84,90,106,107" hai1="13,18,23,24,29,40,42,43,44,48,53,82,83" owari="342,44.2,168,-33.2,255,5.5,235,-16.5" /></mjloggm>