<mjloggm ver="2.3"><GO type="225" lobby="0"/><UN n0="%72%69%6F%75%63%68%61%6E" n1="%E3%81%A1%E3%82%85%E3%81%86%E3%81%A9%E3%81%8F%E8%B1%A1%E3%81%95%E3%82%93" n2="%43%68%65" n3="%E6%80%AA%E3%81%97%E3%81%99%E3%81%8E%E3%82%8B%E3%83%81%E3%83%BC" dan="17,16,16,17" rate="2267.02,2104.45,2163.73,2180.38" sx="M,M,M,M"/><TAIKYOKU oya="0"/><INIT seed="0,0,0,1,0,15" ten="250,250,250,250" oya="0" hai0="96,95,80,84,27,4,126,35,62,49,6,44,11" hai1="103,75,22,30,26,53,101,70,9,39,116,87,18" hai2="107,40,134,8,132,128,119,16,71,19,3,97,129" hai3="33,59,45,90,72,69,122,86,130,131,20,77,42"/><T31/><D126/><U118/><E75/><V94/><F107/><W108/><G69/><T111/><D111/><U48/><E70/><V2/><F71/><W125/><G33/><T57/><D11/><U127/><E39/><V105/><F40/><W63/><G108/><T82/><D82/><U117/><E127/><V46/><F46/><W99/><G125/><T114/><D114/><U89/><E30/><V34/><F34/><W56/><G99/><T78/><D49/><U120/><E120/><V67/><F67/><W109/><G109/><T110/><D44/><U58/><REACH who="1" step="1"/><E9/><REACH who="1" ten="250,240,250,250" step="2"/><V73/><F73/><W112/><G72/><T36/><D36/><U50/><E50/><V24/><F119/><W104/><G122/><T65/><REACH who="0" step="1"/><D110/><REACH who="0" ten="240,240,250,250" step="2"/><U121/><E121/><V32/><F8/><W51/><G51/><T100/><AGARI ba="0,2" hai="4,6,27,31,35,57,62,65,78,80,84,95,96,100" machi="100" ten="20,7800,0" yaku="1,1,2,1,0,1,7,1,53,0" doraHai="15" doraHaiUra="133" who="0" fromWho="0" sc="240,98,240,-26,250,-26,250,-26" /><INIT seed="0,1,0,4,3,109" ten="338,214,224,224" oya="0" hai0="80,33,133,91,27,108,78,49,62,24,88,98,25" hai1="100,114,50,12,46,89,17,74,124,113,119,36,9" hai2="1,69,66,16,34,48,110,82,64,106,121,95,122" hai3="22,125,18,4,37,29,31,127,40,28,97,84,112"/><T20/><D133/><U83/><E119/><V134/><F106/><W7/><G97/><T30/><D108/><U39/><E100/><V67/><F110/><W57/><G84/><T135/><D135/><U71/><E71/><V101/><F134/><W38/><G57/><T129/><D129/><U65/><E65/><V42/><F69/><W13/><G112/><N who="1" m="43114" /><E124/><N who="3" m="47690" /><G40/><T93/><D62/><U105/><E105/><V72/><F101/><W53/><G53/><T58/><D91/><U44/><E44/><V21/><F67/><W107/><G107/><T90/><D90/><U68/><E68/><V8/><F66/><W60/><G60/><T118/><D118/><U104/><E104/><V56/><F64/><W0/><G0/><T94/><D94/><U43/><E89/><V76/><F121/><W32/><G32/><T77/><D33/><U47/><E46/><V3/><F34/><W103/><G103/><T130/><D130/><U59/><E59/><V131/><F56/><W115/><G115/><T41/><D77/><AGARI ba="1,0" hai="9,12,17,36,39,43,47,50,74,77,83" m="43114" machi="77" ten="30,7700,0" yaku="11,1,52,3" doraHai="109" who="1" fromWho="0" sc="338,-80,214,80,224,0,224,0" /><INIT seed="1,0,0,5,4,97" ten="258,294,224,224" oya="1" hai0="118,80,66,25,105,75,1,115,23,54,6,88,27" hai1="77,82,28,41,78,56,37,30,133,55,102,8,22" hai2="67,108,128,20,52,64,49,107,123,70,96,32,69" hai3="60,11,111,34,26,117,16,93,44,113,122,7,13"/><U21/><E133/><V62/><F32/><W51/><G113/><T3/><D115/><U95/><E8/><V24/><F123/><W119/><G122/><T12/><D118/><N who="3" m="45065" /><G111/><T14/><D105/><U130/><E41/><V104/><F108/><W33/><G60/><T39/><D39/><U132/><E37/><V90/><F128/><W0/><G93/><T89/><D66/><U35/><E132/><V121/><F121/><W98/><G98/><T125/><D125/><U84/><E77/><V114/><F114/><W110/><G26/><N who="0" m="9739" /><D75/><U45/><E45/><V100/><F90/><N who="0" m="34922" /><D80/><U73/><E130/><V79/><F79/><W120/><G110/><T99/><D99/><N who="1" m="59775" /><E73/><V127/><F127/><W85/><G85/><T91/><N who="0" m="34930" /><T57/><DORA hai="65" /><D1/><U4/><E4/><V129/><F129/><W71/><G71/><T46/><D3/><U53/><E35/><V43/><F107/><W40/><G120/><T18/><D46/><U124/><E124/><V74/><F74/><W135/><G135/><T106/><D106/><U19/><E55/><V2/><F2/><W31/><G31/><N who="1" m="11818" /><E19/><V131/><F131/><W63/><G63/><AGARI ba="0,0" hai="21,22,53,56,63,78,82,84" m="11818,59775" machi="63" ten="30,2900,0" yaku="8,1,52,1" doraHai="97,65" who="1" fromWho="3" sc="258,0,294,29,224,0,224,-29" /><INIT seed="1,1,0,4,0,59" ten="258,323,224,195" oya="1" hai0="6,38,77,48,120,76,12,111,72,31,26,84,85" hai1="99,45,80,35,69,105,8,91,70,14,83,133,47" hai2="97,15,106,98,49,51,127,82,79,115,125,56,13" hai3="2,39,112,25,110,74,96,124,36,100,5,10,32"/><U94/><E35/><V46/><F115/><W108/><G112/><T17/><D111/><N who="3" m="42537" /><G124/><N who="2" m="47689" /><F56/><W64/><G74/><T60/><D120/><U18/><E133/><V104/><F98/><W114/><G64/><T55/><D38/><U24/><E24/><V89/><F51/><W118/><G118/><T21/><D6/><U63/><E105/><N who="2" m="40555" /><F89/><W107/><G114/><T1/><D1/><U90/><E69/><V87/><F97/><W131/><G131/><T4/><D4/><U122/><E122/><V29/><F29/><AGARI ba="1,0" hai="2,5,10,25,29,32,36,39,96,100,107" m="42537" machi="29" ten="30,2000,0" yaku="14,1,23,1" doraHai="59" who="3" fromWho="2" sc="258,0,323,0,224,-23,195,23" /><INIT seed="2,0,0,4,2,121" ten="258,323,201,218" oya="2" hai0="35,84,54,67,19,94,50,79,18,127,117,4,81" hai1="55,122,124,77,30,41,59,45,46,115,28,51,26" hai2="108,112,53,114,0,105,97,6,118,37,109,36,78" hai3="80,76,101,86,87,16,102,49,91,22,39,107,57"/><V31/><F118/><W128/><G128/><T17/><D127/><U13/><E115/><N who="2" m="44075" /><F53/><N who="3" m="31919" /><G107/><T2/><D117/><U106/><E106/><V135/><F31/><W83/><G39/><N who="2" m="14921" /><F78/><W130/><G130/><T32/><D67/><U96/><E77/><V104/><F135/><W95/><G83/><T15/><D2/><U119/><E119/><V98/><F98/><W7/><G7/><T62/><D62/><U44/><E122/><V131/><F131/><W103/><G103/><T52/><D94/><U5/><E96/><V73/><F73/><W88/><G76/><T71/><D71/><U65/><E124/><V47/><F47/><W9/><G9/><N who="0" m="4519" /><D32/><U3/><E46/><V12/><F12/><AGARI ba="0,0" hai="12,16,22,80,86,87,88,91,95,101,102" m="31919" machi="12" ten="30,7700,0" yaku="25,1,8,1,54,2" doraHai="121" who="3" fromWho="2" sc="258,0,323,0,201,-77,218,77" /><INIT seed="3,0,0,1,3,134" ten="258,323,124,295" oya="3" hai0="61,103,44,116,12,39,21,100,48,99,102,16,110" hai1="129,8,68,23,76,91,78,57,25,97,30,86,62" hai2="109,107,54,88,22,94,122,3,41,98,84,36,55" hai3="47,29,133,69,119,10,51,40,79,90,60,121,115"/><W18/><G133/><T127/><D116/><U20/><E68/><V35/><F35/><W117/><G115/><T93/><D110/><U17/><E129/><V81/><F109/><W67/><G121/><T49/><D127/><U111/><E8/><V15/><F3/><W77/><G29/><T74/><D74/><U59/><E97/><V72/><F122/><W73/><G90/><T7/><D39/><U32/><E32/><V112/><F112/><W13/><REACH who="3" step="1"/><G73/><REACH who="3" ten="258,323,124,285" step="2"/><T123/><D123/><U0/><E111/><V42/><F72/><W96/><G96/><T118/><D118/><AGARI ba="0,1" hai="10,13,18,40,47,51,60,67,69,77,79,117,118,119" machi="118" ten="40,2000,0" yaku="1,1,53,0" doraHai="134" doraHaiUra="31" who="3" fromWho="0" sc="258,-20,323,0,124,0,285,30" /><INIT seed="3,1,0,3,2,16" ten="238,323,124,315" oya="3" hai0="30,129,114,71,2,58,23,41,60,31,25,56,73" hai1="125,95,38,134,22,111,135,105,122,15,14,118,98" hai2="21,110,40,63,34,32,133,89,115,130,67,124,106" hai3="52,66,112,65,45,120,94,97,46,59,101,57,10"/><W87/><G112/><T72/><D2/><U48/><E122/><V93/><F115/><W6/><G120/><T50/><D114/><U126/><E111/><V132/><F106/><W42/><G87/><T49/><D129/><U68/><E118/><V11/><F110/><W47/><G42/><T104/><D104/><U91/><E38/><V131/><F40/><W96/><G96/><T76/><D31/><U121/><E121/><V44/><F44/><W37/><G37/><T83/><D72/><U103/><E68/><V113/><F11/><W107/><G107/><T90/><D90/><U127/><E48/><V81/><F81/><W13/><G59/><T17/><D50/><AGARI ba="1,0" hai="6,10,13,45,46,47,50,52,57,65,66,94,97,101" machi="50" ten="40,3900,0" yaku="8,1,54,1" doraHai="16" who="3" fromWho="0" sc="238,-42,323,0,124,0,315,42" owari="196,-20.4,323,12.3,124,-37.6,357,45.7" /></mjloggm>