<mjloggm ver="2.3"><GO type="225" lobby="0"/><UN n0="%E5%A4%96%E5%B7%9D%E7%AB%9C%E6%88%90" n1="%E3%83%8F%E3%82%AC%E3%82%BF%E3%82%AB%E3%81%AE%E3%81%88%E3%81%98%E3%81%8D" n2="%6D%75%75%6D%75%72%61" n3="%E7%AD%89%E3%80%85%E5%8A%9B%E5%8A%87%E5%A0%B4" dan="16,16,16,16" rate="2215.15,2183.15,2139.25,2145.84" sx="M,M,F,M"/><TAIKYOKU oya="0"/><INIT seed="0,0,0,3,1,54" ten="250,250,250,250" oya="0" hai0="119,30,88,90,93,134,16,112,95,97,89,51,126" hai1="76,37,85,68,28,23,66,113,82,128,20,31,91" hai2="35,57,10,3,122,83,52,43,110,15,80,29,92" hai3="2,32,106,18,9,103,45,87,47,5,101,84,99"/><T115/><D119/><U130/><E37/><V135/><F122/><W71/><G71/><T46/><D126/><U12/><E113/><V17/><F110/><W120/><G120/><T13/><D134/><U72/><E68/><V67/><F135/><W64/><G32/><T36/><D36/><U78/><E66/><V117/><F117/><W44/><G64/><T104/><D104/><U53/><E53/><V77/><F3/><W108/><G108/><T1/><D1/><U111/><E111/><V129/><F129/><N who="1" m="49769" /><E78/><V60/><F43/><W50/><G50/><T123/><D123/><U74/><E74/><V48/><F92/><W107/><REACH who="3" step="1"/><G18/><REACH who="3" ten="250,250,250,240" step="2"/><T42/><D30/><N who="1" m="11307" /><E12/><V96/><F29/><W75/><G75/><T125/><D125/><U39/><E39/><V21/><F35/><W81/><G81/><AGARI ba="0,1" hai="20,23,72,76,81,82,85,91" m="11307,49769" machi="81" ten="30,1000,0" yaku="19,1" doraHai="54" who="1" fromWho="3" sc="250,0,250,20,250,0,240,-10" /><INIT seed="1,0,0,5,1,130" ten="250,270,250,230" oya="1" hai0="7,133,125,22,11,52,129,110,115,77,54,16,103" hai1="74,78,118,20,48,107,98,43,10,80,53,109,32" hai2="19,37,104,33,82,50,134,75,62,90,45,105,126" hai3="111,38,89,101,116,96,71,128,47,55,91,131,1"/><U31/><E118/><V135/><F37/><W23/><G1/><T88/><D115/><U13/><E32/><V0/><F33/><W76/><G71/><T67/><D129/><N who="3" m="49737" /><G76/><T63/><D110/><U41/><E109/><V99/><F0/><W26/><G111/><T66/><D125/><U68/><E68/><V85/><F126/><W36/><G55/><T2/><D103/><U70/><E70/><V122/><F122/><W72/><G72/><T102/><D102/><U124/><E98/><V42/><F75/><W121/><G121/><T61/><D77/><U44/><E107/><V119/><F119/><W25/><G47/><T120/><D120/><U59/><E124/><V123/><F123/><W28/><G26/><T29/><D29/><U30/><E20/><V95/><F62/><W106/><G116/><T65/><D63/><U35/><E35/><V94/><F19/><W58/><G58/><T9/><D61/><U57/><E57/><V14/><F14/><W49/><G49/><T84/><D11/><U113/><E113/><V21/><F21/><W79/><G79/><T6/><D6/><U92/><E92/><N who="2" m="35371" /><F99/><W15/><G15/><T51/><D51/><U97/><E97/><V100/><F100/><W46/><G38/><T24/><REACH who="0" step="1"/><D133/><AGARI ba="0,0" hai="42,45,50,82,85,90,104,105,133,134,135" m="35371" machi="133" ten="30,7700,0" yaku="20,1,52,3" doraHai="130" who="2" fromWho="0" sc="250,-77,270,0,250,77,230,0" /><INIT seed="2,0,0,3,2,56" ten="173,270,327,230" oya="2" hai0="105,123,83,65,25,128,39,45,28,30,71,103,79" hai1="90,93,82,131,118,37,76,98,130,134,72,42,57" hai2="15,40,32,116,114,69,31,3,58,132,94,92,17" hai3="52,95,97,2,108,87,89,27,104,41,49,125,62"/><V133/><F114/><W5/><G108/><T88/><D123/><U64/><E118/><V1/><F69/><W29/><G125/><T122/><D122/><U81/><E42/><V85/><F116/><W77/><G41/><T20/><D128/><N who="1" m="49195" /><E37/><V91/><F40/><W106/><G2/><T22/><D39/><U35/><E35/><V51/><F92/><W61/><G5/><T55/><D103/><U68/><E68/><V119/><F31/><W24/><G106/><T0/><D105/><U50/><E50/><V124/><F32/><W54/><G104/><T23/><D0/><U53/><E53/><N who="2" m="32063" /><F124/><W60/><G54/><T117/><D55/><U121/><E121/><V113/><F113/><W115/><G115/><T10/><D71/><U70/><E70/><V33/><F33/><W67/><G67/><T12/><D65/><U6/><E6/><V44/><F44/><N who="3" m="27687" /><G29/><T59/><D45/><U36/><E36/><V111/><F119/><W101/><G101/><T127/><D59/><U4/><E4/><V75/><F3/><W8/><G8/><T63/><D127/><U74/><E57/><V16/><F1/><W73/><G73/><N who="0" m="43503" /><D117/><U14/><E64/><V38/><F75/><W100/><G100/><T84/><D30/><U96/><E14/><V102/><F38/><W9/><G9/><T13/><D13/><U129/><E129/><V7/><F7/><W43/><G43/><T99/><D10/><U19/><E74/><V21/><F17/><W120/><G120/><T78/><D12/><U80/><E19/><V126/><F126/><W26/><G26/><RYUUKYOKU ba="0,0" sc="173,-10,270,-10,327,-10,230,30" hai3="24,27,60,61,62,77,87,89,95,97" /><INIT seed="3,1,0,2,4,114" ten="163,260,317,260" oya="3" hai0="95,62,20,58,121,74,105,48,80,100,135,41,57" hai1="31,128,51,17,33,54,81,43,132,94,106,133,108" hai2="61,64,69,122,67,131,14,90,70,25,9,77,82" hai3="84,15,47,35,28,127,102,126,129,39,134,66,76"/><W71/><G102/><T27/><D121/><U87/><E106/><V11/><F122/><W30/><G134/><N who="1" m="51818" /><E108/><V73/><F131/><W83/><G129/><T85/><D105/><U38/><E128/><V78/><F25/><W125/><G35/><T116/><D116/><U65/><E65/><V56/><F78/><W86/><G71/><T36/><D36/><U4/><E4/><V1/><F64/><W96/><G66/><T19/><D74/><U72/><E17/><V50/><F1/><W32/><G32/><T45/><D135/><U109/><E109/><V22/><F90/><W42/><G96/><T44/><D44/><N who="1" m="23671" /><E94/><V113/><F113/><W124/><N who="3" m="31744" /><DORA hai="75" /><W23/><G86/><T55/><D57/><U21/><E21/><V12/><F22/><W46/><G46/><T93/><REACH who="0" step="1"/><D100/><REACH who="0" ten="153,260,317,260" step="2"/><U29/><E72/><V3/><F73/><W16/><AGARI ba="1,1" hai="15,16,23,28,30,39,42,47,76,83,84" m="31744" machi="16" ten="60,12000,1" yaku="0,1,18,1,52,1,54,1" doraHai="114,75" who="3" fromWho="3" sc="153,-41,260,-41,317,-41,260,133" owari="112,-38.8,219,-18.1,276,7.6,393,49.3" /></mjloggm>