<mjloggm ver="2.3"><GO type="225" lobby="0"/><UN n0="%4E%55%44%41" n1="%E3%83%AD%E3%83%83%E3%83%86%E9%9B%80%E7%90%83" n2="%33%74%72%65%65" n3="%E7%9C%9F%E4%B8%80" dan="17,17,17,17" rate="2167.65,2126.18,2152.07,2242.52" sx="M,M,F,M"/><TAIKYOKU oya="0"/><INIT seed="0,0,0,5,0,0" ten="250,250,250,250" oya="0" hai0="70,19,81,20,124,107,125,12,100,86,72,25,132" hai1="69,3,131,130,8,11,61,22,90,75,133,126,54" hai2="59,85,51,96,15,82,14,24,29,101,66,10,109" hai3="60,117,49,134,7,108,63,84,91,5,74,9,41"/><T110/><D70/><U65/><E75/><V99/><F109/><W17/><G117/><T76/><D132/><U98/><E133/><V78/><F101/><W123/><G74/><T45/><D110/><U105/><E126/><N who="0" m="48745" /><D45/><U67/><E67/><V83/><F83/><W27/><G108/><T53/><D53/><U26/><E54/><V57/><F51/><W129/><G129/><N who="1" m="49162" /><E3/><V102/><F66/><W135/><G123/><T73/><D25/><U47/><E47/><V1/><F1/><W128/><G128/><T115/><D115/><U92/><E105/><V40/><F40/><W46/><G135/><T80/><D80/><U118/><E118/><V77/><F57/><W52/><G134/><T33/><D33/><U42/><E42/><V13/><F59/><N who="3" m="34919" /><G63/><T114/><D114/><U94/><E94/><V43/><F43/><W122/><G122/><T88/><D76/><U39/><E39/><V38/><F38/><W18/><G27/><T58/><D58/><U48/><E48/><V120/><F120/><W44/><G44/><T56/><D56/><U116/><E116/><V89/><F77/><W79/><G79/><T4/><D4/><N who="3" m="1609" /><G9/><T35/><D35/><U21/><E21/><N who="2" m="15503" /><F78/><W103/><G103/><T111/><D111/><U119/><E119/><V127/><F127/><W113/><G113/><T93/><D107/><U87/><E22/><V37/><F37/><W55/><G41/><T2/><D2/><U6/><E26/><V64/><F10/><N who="1" m="3625" /><E6/><V121/><F121/><W36/><G36/><T104/><D104/><U32/><E32/><V62/><F102/><RYUUKYOKU ba="0,0" sc="250,0,250,0,250,0,250,0" hai0="12,19,20,72,73,81,86,88,93,100" hai1="61,65,69,87,90,92,98" hai2="13,14,15,62,64,82,85,89,96,99" hai3="17,18,46,49,55,84,91" /><INIT seed="0,1,0,3,1,29" ten="250,250,250,250" oya="0" hai0="87,135,21,46,108,104,81,3,131,109,128,0,16" hai1="47,40,12,99,132,4,98,65,14,101,110,83,78" hai2="34,17,19,113,105,52,117,7,57,48,125,11,75" hai3="92,39,30,13,67,86,72,63,120,42,112,59,93"/><T102/><D135/><U51/><E110/><N who="0" m="42601" /><D46/><U1/><E132/><V22/><F113/><W95/><G112/><T118/><D118/><U23/><E65/><V6/><F117/><W70/><G72/><T130/><D102/><U44/><E99/><V84/><F75/><W9/><G120/><T71/><D104/><U62/><E62/><V74/><F74/><W107/><G107/><T115/><D71/><U38/><E23/><V49/><F105/><W60/><G30/><T124/><D124/><U96/><E96/><V80/><F125/><W129/><G129/><T18/><D115/><U56/><E56/><V53/><F34/><W37/><G86/><T68/><D68/><U43/><E98/><V5/><F11/><W64/><REACH who="3" step="1"/><G42/><REACH who="3" ten="250,250,250,240" step="2"/><T32/><D32/><U88/><E43/><V20/><F84/><W97/><G97/><T61/><D61/><U91/><E40/><V134/><F134/><W45/><G45/><T8/><D8/><U33/><E47/><N who="2" m="27679" /><F80/><W25/><G25/><N who="0" m="14503" /><D18/><AGARI ba="1,1" hai="5,6,7,17,18,19,20,22,49,53,57" m="27679" machi="18" ten="30,2000,0" yaku="8,1,54,1" doraHai="29" who="2" fromWho="0" sc="250,-23,250,0,250,33,240,0" /><AGARI ba="1,0" hai="9,13,18,37,39,59,60,63,64,67,70,92,93,95" machi="18" ten="40,1300,0" yaku="1,1,53,0" doraHai="29" doraHaiUra="103" who="3" fromWho="0" sc="227,-13,250,0,283,0,240,13" /><INIT seed="1,0,0,3,1,8" ten="214,250,283,253" oya="1" hai0="50,48,107,57,112,52,86,25,35,23,27,92,59" hai1="5,34,80,6,129,125,83,71,79,118,19,70,105" hai2="62,104,88,97,32,99,58,76,123,134,56,11,33" hai3="3,41,81,54,89,31,93,14,43,40,29,68,20"/><U127/><E118/><V109/><F123/><W133/><G3/><T42/><D112/><U13/><E34/><V26/><F109/><W67/><G133/><T69/><D107/><U135/><E105/><V10/><F134/><W126/><G126/><N who="1" m="48138" /><E135/><V98/><F104/><W106/><G106/><T87/><D69/><N who="1" m="26123" /><E129/><V122/><F122/><W95/><G68/><T63/><D35/><U78/><E19/><V115/><F115/><W28/><G67/><T132/><D132/><U90/><E90/><V7/><F76/><N who="1" m="29225" /><E13/><V0/><F33/><W101/><G101/><T75/><D75/><U53/><E53/><V39/><F88/><W111/><G111/><T2/><D2/><U38/><E38/><V130/><F39/><W30/><G54/><T110/><D110/><U103/><E103/><V46/><F130/><W16/><N who="3" m="7168" /><DORA hai="66" /><W119/><G119/><T4/><D4/><AGARI ba="0,0" hai="4,5,6,80,83" m="29225,26123,48138" machi="4" ten="40,18000,2" yaku="28,2,18,1,52,3" doraHai="8,66" who="1" fromWho="0" sc="214,-180,250,180,283,0,253,0" /><INIT seed="1,1,0,0,1,74" ten="34,430,283,253" oya="1" hai0="1,18,89,101,87,57,85,2,5,69,83,78,4" hai1="52,72,25,71,118,95,47,133,11,112,64,106,15" hai2="38,10,58,61,90,13,20,3,22,6,108,86,21" hai3="123,32,124,44,40,37,91,46,92,65,120,77,60"/><U134/><BYE who="0" /><E106/><V135/><F108/><W113/><G113/><T68/><D68/><U116/><E112/><V27/><F135/><N who="1" m="51721" /><E72/><V33/><F38/><W36/><G124/><T126/><D126/><U99/><E25/><V125/><F125/><W23/><G32/><T49/><D49/><N who="1" m="28735" /><E64/><N who="2" m="38967" /><F3/><W35/><G123/><T114/><D114/><U132/><N who="1" m="51729" /><U94/><DORA hai="66" /><E71/><V16/><F33/><W30/><G35/><T79/><D79/><U48/><E48/><V19/><F27/><W34/><G77/><T102/><D102/><N who="1" m="60791" /><E95/><AGARI ba="1,0" hai="6,10,13,16,19,20,21,22,86,90,95" m="38967" machi="95" ten="30,2000,0" yaku="8,1,54,1" doraHai="74,66" who="2" fromWho="1" sc="34,0,430,-23,283,23,253,0" /><INIT seed="2,0,0,0,0,110" ten="34,407,306,253" oya="2" hai0="127,48,109,103,75,128,91,92,95,100,9,115,85" hai1="88,3,72,58,117,38,37,16,19,50,67,112,51" hai2="107,42,29,73,99,14,82,63,120,0,64,130,57" hai3="33,27,94,76,97,31,66,13,68,129,81,87,35"/><V123/><F0/><W71/><G129/><T32/><D32/><U122/><E112/><V11/><F130/><W34/><G13/><T89/><D89/><U121/><E72/><V60/><F29/><W74/><G74/><T126/><D126/><U79/><E79/><V96/><F42/><W108/><G108/><T113/><D113/><U18/><E117/><V23/><F23/><W133/><G133/><T28/><D28/><U46/><E3/><V62/><F120/><N who="1" m="46185" /><E88/><V2/><F2/><W4/><G4/><T1/><D1/><U125/><E125/><V5/><F123/><W47/><G47/><T86/><D86/><U36/><E46/><V84/><F73/><W106/><G106/><T17/><D17/><U111/><E111/><V124/><F124/><W69/><REACH who="3" step="1"/><G66/><REACH who="3" ten="34,407,306,243" step="2"/><T116/><D116/><U104/><E104/><V24/><F24/><W77/><G77/><T98/><D98/><N who="2" m="37418" /><F107/><W132/><G132/><T134/><D134/><U26/><E26/><V7/><F7/><W44/><G44/><T41/><D41/><U80/><E37/><V10/><F10/><W43/><G43/><T119/><D119/><U59/><E38/><UN n0="%4E%55%44%41" /><V52/><F64/><W40/><G40/><T22/><D22/><U15/><BYE who="0" /><E36/><V12/><F12/><W90/><AGARI ba="0,1" hai="27,31,33,34,35,68,69,71,76,81,87,90,94,97" machi="90" ten="30,2000,0" yaku="1,1,0,1,53,0" doraHai="110" doraHaiUra="55" who="3" fromWho="3" sc="34,-5,407,-5,306,-10,243,30" /><INIT seed="3,0,0,5,0,23" ten="29,402,296,273" oya="3" hai0="48,105,9,11,46,68,90,39,47,28,8,129,19" hai1="126,110,99,6,44,55,43,122,65,15,38,62,45" hai2="2,79,92,120,78,83,112,70,22,104,117,125,91" hai3="87,81,58,61,106,98,80,101,135,0,18,73,119"/><W24/><G119/><T34/><D34/><U20/><E122/><V76/><F104/><W131/><G131/><T134/><D134/><U29/><E110/><V60/><F112/><W127/><G135/><T7/><D7/><U74/><E74/><V13/><F2/><W17/><G0/><T130/><D130/><U32/><E126/><V51/><F125/><W26/><G127/><T52/><D52/><U95/><E32/><V37/><F37/><W21/><G73/><T116/><D116/><U72/><E72/><V93/><F117/><W5/><G5/><T71/><D71/><U27/><E55/><V109/><F109/><W12/><G17/><T123/><D123/><U128/><E128/><V57/><F120/><W35/><G35/><T1/><D1/><U100/><E43/><V132/><F132/><W3/><G3/><T82/><D82/><U89/><E89/><V111/><F51/><W124/><G124/><T30/><D30/><U88/><E88/><V69/><F69/><W63/><G81/><T85/><D85/><U25/><E25/><V66/><F70/><W67/><REACH who="3" step="1"/><G63/><REACH who="3" ten="29,402,296,263" step="2"/><T10/><D10/><U4/><E4/><V96/><F111/><W16/><G16/><T59/><D59/><U84/><E6/><V54/><F83/><W133/><G133/><T102/><D102/><U114/><E100/><V108/><F108/><W33/><G33/><T115/><D115/><U53/><E62/><V42/><F60/><W50/><G50/><T118/><D118/><U94/><E38/><V40/><F78/><AGARI ba="0,1" hai="12,18,21,24,26,58,61,67,78,80,87,98,101,106" machi="78" ten="30,11600,0" yaku="1,1,7,1,52,2,53,0" doraHai="23" doraHaiUra="41" who="3" fromWho="2" sc="29,0,402,0,296,-116,263,126" /><INIT seed="3,1,0,0,1,107" ten="29,402,180,389" oya="3" hai0="125,13,127,68,23,116,43,69,134,115,41,100,49" hai1="101,112,25,8,38,40,65,98,93,27,18,87,33" hai2="74,34,92,45,130,56,37,53,88,133,73,80,126" hai3="63,128,86,19,57,26,91,113,51,111,132,5,99"/><W90/><G113/><T54/><D54/><U7/><E112/><V32/><F80/><W94/><G128/><T4/><D4/><U61/><E33/><V109/><F130/><W21/><G132/><T42/><D42/><U44/><E87/><V78/><F78/><W122/><G122/><T124/><D124/><U96/><E96/><V30/><F126/><W89/><G111/><T131/><D131/><U97/><E97/><V75/><F109/><W66/><G5/><T135/><D135/><U118/><E18/><V36/><F133/><W110/><G110/><T48/><D48/><U16/><E16/><V77/><F77/><W79/><REACH who="3" step="1"/><G51/><REACH who="3" ten="29,402,180,379" step="2"/><T117/><D117/><U121/><E118/><V0/><F0/><W72/><G72/><T119/><D119/><U46/><E121/><V12/><F12/><W2/><G2/><T35/><D35/><U28/><E44/><V55/><F34/><W95/><G95/><T3/><D3/><U60/><E60/><V83/><F83/><AGARI ba="1,1" hai="19,21,26,57,63,66,79,83,86,89,90,91,94,99" machi="83" ten="40,3900,0" yaku="1,1,8,1,53,0" doraHai="107" doraHaiUra="47" who="3" fromWho="2" sc="29,0,402,0,180,-42,379,52" owari="29,-47.1,402,20.2,138,-26.2,431,53.1" /></mjloggm>