<mjloggm ver="2.3"><GO type="225" lobby="0"/><UN n0="%E3%81%8F%E3%81%BE%E3%81%96%E3%82%8F" n1="%E3%81%99%E3%81%84%E3%81%BE%E3%81%9B%E3%83%BC%E3%82%93" n2="%6D%75%75%6D%75%72%61" n3="%73%6C%69%63%6B%33%31%39" dan="16,16,17,16" rate="2051.80,2124.70,2191.36,2149.68" sx="M,M,F,M"/><TAIKYOKU oya="0"/><INIT seed="0,0,0,3,0,108" ten="250,250,250,250" oya="0" hai0="130,129,86,57,37,13,112,48,83,60,116,99,69" hai1="40,96,27,123,43,62,73,56,79,117,113,4,121" hai2="92,118,106,22,5,29,82,126,52,16,97,1,94" hai3="120,54,132,58,87,30,32,55,115,98,128,89,7"/><T8/><D116/><U72/><E117/><V91/><F118/><W93/><G132/><T68/><D37/><U103/><E4/><V80/><F126/><W2/><G128/><N who="0" m="49259" /><D99/><U110/><E110/><V10/><F106/><W102/><G120/><T122/><D48/><U78/><E27/><V41/><F29/><W3/><G7/><T18/><D122/><U127/><E62/><V9/><F9/><W47/><G115/><T131/><N who="0" m="49267" /><T77/><DORA hai="38" /><D112/><U35/><E96/><V76/><F41/><W26/><G54/><AGARI ba="0,0" hai="8,13,18,54,57,60,68,69,77,83,86" m="49267" machi="54" ten="40,2000,0" yaku="19,1" doraHai="108,38" who="0" fromWho="3" sc="250,20,250,0,250,0,250,-20" /><INIT seed="0,1,0,1,1,89" ten="270,250,250,230" oya="0" hai0="99,1,69,135,42,103,121,131,30,112,98,11,71" hai1="14,76,29,41,93,86,87,62,63,53,116,123,50" hai2="3,79,118,54,0,45,125,96,83,39,113,27,111" hai3="75,16,21,130,73,101,134,44,129,22,7,114,24"/><T26/><D112/><U31/><E116/><V56/><F113/><W37/><G114/><T5/><D121/><U20/><E123/><V104/><F111/><W110/><G110/><T43/><D99/><U84/><E76/><V36/><F118/><W115/><G115/><T32/><D131/><N who="3" m="50185" /><G134/><T34/><D135/><U124/><E41/><V57/><F125/><W94/><G7/><T72/><D72/><U58/><E124/><V51/><F27/><N who="3" m="14759" /><G37/><T78/><D78/><U64/><E63/><V33/><F33/><W17/><G44/><T105/><D43/><U2/><E2/><V102/><F45/><W91/><G101/><T23/><D42/><U109/><E109/><V122/><F122/><W128/><N who="3" m="50193" /><W108/><DORA hai="28" /><G108/><T13/><REACH who="0" step="1"/><D34/><REACH who="0" ten="260,250,250,230" step="2"/><U60/><E86/><AGARI ba="1,1" hai="17,22,24,73,75,86,91,94" m="14759,50193" machi="86" ten="40,5200,0" yaku="19,1,52,1,54,1" doraHai="89,28" who="3" fromWho="1" sc="260,0,250,-55,250,0,230,65" /><INIT seed="1,0,0,0,0,113" ten="260,195,250,295" oya="1" hai0="64,61,111,50,128,126,77,119,14,94,114,5,45" hai1="38,115,57,56,117,132,130,131,97,22,80,59,88" hai2="26,1,28,58,110,44,91,79,36,21,46,93,68" hai3="118,32,29,49,107,34,6,41,89,42,20,123,72"/><U52/><E115/><V9/><F68/><W135/><G123/><T12/><D114/><U71/><E117/><V120/><F120/><W121/><G121/><T108/><D128/><N who="1" m="49195" /><E71/><V47/><F110/><N who="0" m="42026" /><D126/><U60/><E132/><V51/><F79/><W103/><G72/><T76/><D94/><N who="1" m="56519" /><E38/><V66/><F36/><W43/><G89/><T109/><D109/><U37/><E37/><V10/><F1/><W104/><G20/><T48/><D48/><U0/><E0/><V134/><F134/><W105/><G135/><T30/><D30/><U35/><E35/><V53/><REACH who="2" step="1"/><F66/><REACH who="2" ten="260,195,240,295" step="2"/><W122/><G122/><T85/><D64/><U11/><E11/><V33/><F33/><W127/><G32/><T106/><D77/><U25/><E80/><V74/><F74/><W84/><G34/><T7/><D76/><U96/><E96/><AGARI ba="0,1" hai="9,10,21,26,28,44,46,47,51,53,58,91,93,96" machi="96" ten="40,2600,0" yaku="1,1,8,1,53,0" doraHai="113" doraHaiUra="99" who="2" fromWho="1" sc="260,0,195,-26,240,36,295,0" /><INIT seed="2,0,0,3,4,27" ten="260,169,276,295" oya="2" hai0="93,130,61,32,55,2,115,24,119,19,80,39,7" hai1="75,4,94,43,106,15,124,117,73,17,109,70,102" hai2="98,36,49,85,41,86,126,104,62,53,6,112,121" hai3="8,47,90,118,9,14,95,97,34,1,40,125,99"/><V64/><F112/><W25/><G118/><T128/><D115/><U105/><E117/><V54/><F121/><W58/><G125/><T84/><D119/><U89/><E70/><V65/><F126/><W35/><G1/><T56/><D39/><U77/><E124/><V13/><F36/><W44/><G58/><T67/><D93/><U52/><E4/><V11/><F41/><W82/><G82/><T111/><D111/><U0/><E0/><V72/><F72/><W113/><G113/><T22/><D32/><U48/><E43/><V37/><F37/><W100/><G8/><T135/><D135/><U68/><E68/><V81/><F54/><W110/><G110/><T63/><D7/><U92/><E92/><V116/><F116/><W33/><G40/><T88/><REACH who="0" step="1"/><D2/><REACH who="0" ten="250,169,276,295" step="2"/><U91/><E109/><V83/><F6/><W16/><G35/><T45/><D45/><U26/><E94/><V23/><F104/><W133/><G33/><T20/><D20/><U50/><E106/><V57/><F23/><N who="3" m="13543" /><G34/><T18/><D18/><U132/><E132/><V76/><F11/><W78/><G133/><T69/><AGARI ba="0,1" hai="19,22,24,55,56,61,63,67,69,80,84,88,128,130" machi="69" ten="30,4000,0" yaku="1,1,0,1,54,1,53,0" doraHai="27" doraHaiUra="30" who="0" fromWho="0" sc="250,50,169,-10,276,-20,295,-10" /><INIT seed="3,0,0,1,1,47" ten="300,159,256,285" oya="3" hai0="70,101,17,23,121,12,77,19,4,2,63,24,96" hai1="85,49,56,127,105,76,48,62,69,57,94,51,40" hai2="92,29,14,110,109,30,132,84,81,60,34,35,71" hai3="55,114,91,25,6,82,58,73,116,3,31,61,113"/><W66/><G116/><T120/><D77/><U106/><E127/><V104/><F104/><W95/><G3/><T36/><D36/><U102/><E69/><V124/><F124/><W45/><G6/><T33/><D2/><U125/><E125/><V122/><F122/><W11/><G11/><T135/><D135/><U64/><E40/><V134/><F92/><W42/><G66/><N who="0" m="41311" /><D4/><U52/><E106/><V98/><F98/><W21/><G82/><T67/><D19/><U74/><E74/><V7/><F60/><W20/><G73/><T131/><D67/><U128/><E105/><V133/><F84/><W117/><G20/><T129/><D12/><U22/><E128/><N who="0" m="49225" /><D33/><N who="2" m="12298" /><F81/><W88/><G117/><T103/><D103/><U118/><E118/><V1/><F1/><W108/><G108/><N who="2" m="41577" /><F71/><W59/><G59/><T39/><D39/><U68/><E22/><V65/><F65/><W100/><G100/><T115/><D115/><U50/><E68/><V80/><F80/><W44/><G91/><T32/><D32/><U13/><E13/><V18/><F7/><W8/><G88/><T89/><D89/><N who="1" m="53551" /><E102/><V26/><F26/><W93/><G95/><AGARI ba="0,0" hai="17,23,24,95,96,101,120,121" m="49225,41311" machi="95" ten="30,1000,0" yaku="19,1" doraHai="47" who="0" fromWho="3" sc="300,10,159,0,256,0,285,-10" owari="310,41.0,159,-34.1,256,-14.4,275,7.5" /></mjloggm>