<mjloggm ver="2.3"><GO type="225" lobby="0"/><UN n0="%6D%75%75%6D%75%72%61" n1="%73%6C%69%63%6B%33%31%39" n2="%E3%81%AF%E3%82%88%E3%81%8A%E3%81%98%E3%81%95%E3%82%93" n3="%E3%81%B7%E3%82%8A%E3%82%93%E8%81%96%E4%BA%BA" dan="17,16,16,16" rate="2185.13,2164.75,2147.73,2080.91" sx="F,M,M,M"/><TAIKYOKU oya="0"/><INIT seed="0,0,0,0,5,22" ten="250,250,250,250" oya="0" hai0="38,27,92,6,71,112,65,97,111,17,87,58,41" hai1="55,77,115,29,24,78,62,7,99,20,106,122,26" hai2="8,11,37,61,4,39,15,52,105,125,18,123,118" hai3="3,102,10,50,116,73,68,23,53,47,117,110,16"/><T108/><D112/><U86/><E122/><V2/><F123/><W90/><G73/><T113/><D113/><U1/><E115/><V94/><F105/><W126/><G68/><T63/><D6/><U114/><E114/><V135/><F125/><W121/><G126/><T59/><D87/><U14/><E1/><V95/><F135/><W101/><G121/><T42/><D17/><U21/><E106/><V91/><F118/><W13/><G110/><N who="0" m="42027" /><D27/><N who="1" m="10283" /><E99/><V19/><F18/><W129/><G129/><T120/><D120/><U66/><E66/><V30/><F30/><W109/><G109/><T45/><D42/><U76/><E86/><V93/><REACH who="2" step="1"/><F91/><AGARI ba="0,0" hai="38,41,45,58,59,63,65,71,91,92,97" m="42027" machi="91" ten="30,2900,0" yaku="14,1,10,1" doraHai="22" who="0" fromWho="2" sc="250,29,250,0,250,-29,250,0" /><INIT seed="0,1,0,1,5,85" ten="279,250,221,250" oya="0" hai0="44,124,17,50,57,123,120,118,41,4,31,77,37" hai1="130,129,2,22,30,133,99,89,93,72,73,121,83" hai2="110,38,62,79,111,74,21,51,45,108,90,132,15" hai3="28,0,55,23,25,95,87,91,36,42,3,98,26"/><T32/><D118/><U125/><E2/><V103/><F132/><W16/><G36/><T105/><D105/><U100/><E30/><V53/><F38/><W61/><G42/><T104/><D104/><N who="1" m="63519" /><E22/><V52/><F103/><W131/><G131/><N who="1" m="50186" /><E133/><V106/><F106/><W117/><G117/><T43/><D124/><U29/><E29/><V39/><F39/><W8/><G8/><T10/><D17/><U14/><E14/><V66/><F79/><W122/><G122/><T116/><D116/><U68/><E68/><V7/><F74/><N who="1" m="28777" /><E125/><V119/><F119/><W96/><G3/><T102/><D31/><U59/><E59/><V11/><F21/><N who="3" m="13479" /><G0/><T81/><D57/><AGARI ba="1,0" hai="23,26,28,55,57,61,87,91,95,96,98" m="13479" machi="57" ten="30,3900,0" yaku="8,1,52,1,54,1" doraHai="85" who="3" fromWho="0" sc="279,-42,250,0,221,0,250,42" /><INIT seed="1,0,0,4,0,125" ten="237,250,221,292" oya="1" hai0="20,98,19,55,58,63,5,34,32,121,97,48,56" hai1="66,73,33,85,70,25,41,67,7,71,31,112,57" hai2="119,95,77,6,114,103,127,116,62,74,18,93,96" hai3="65,38,101,10,107,11,135,79,113,24,16,46,100"/><U13/><E112/><V76/><F6/><W42/><G113/><T30/><D121/><U44/><E73/><V43/><F114/><W102/><G107/><T27/><D5/><U54/><E7/><V124/><F62/><W117/><G117/><N who="2" m="45129" /><F43/><W86/><G65/><T128/><D128/><U21/><E70/><V40/><F40/><W108/><G108/><T12/><REACH who="0" step="1"/><D34/><REACH who="0" ten="227,250,221,292" step="2"/><U115/><E33/><V126/><F18/><W110/><G110/><T37/><D37/><U78/><E115/><V131/><F131/><W92/><G135/><T50/><D50/><U133/><E133/><V83/><F76/><W28/><G38/><T60/><D60/><U88/><E78/><V90/><F90/><W0/><G79/><T29/><D29/><U129/><E129/><V68/><F68/><W61/><G61/><T45/><D45/><U23/><E71/><V109/><F109/><W75/><G46/><T51/><D51/><N who="1" m="30943" /><E44/><V118/><N who="2" m="45137" /><V52/><DORA hai="64" /><F52/><AGARI ba="0,1" hai="12,19,20,27,30,32,48,52,55,56,58,63,97,98" machi="52" ten="30,7700,0" yaku="1,1,7,1,54,1,53,1" doraHai="125,64" doraHaiUra="80,8" who="0" fromWho="2" sc="227,87,250,0,221,-77,292,0" /><INIT seed="2,0,0,5,2,54" ten="314,250,144,292" oya="2" hai0="134,60,87,77,44,129,37,82,119,33,76,81,46" hai1="101,86,21,135,108,90,121,26,5,29,50,68,17" hai2="118,22,94,55,132,6,16,27,35,4,31,123,67" hai3="127,18,80,12,91,42,75,125,124,48,106,95,7"/><V78/><F118/><W53/><G42/><T59/><D119/><U49/><E68/><V41/><F123/><W74/><G7/><T70/><D70/><U122/><E108/><V8/><F132/><W71/><G71/><T24/><D134/><U84/><E135/><V69/><F41/><W114/><G106/><T100/><D129/><U120/><E101/><V97/><F78/><W131/><G114/><T15/><D100/><U99/><E5/><V58/><F69/><W83/><G80/><T38/><D15/><N who="1" m="9407" /><E99/><V89/><F67/><W73/><G131/><T25/><D38/><U1/><E1/><V51/><REACH who="2" step="1"/><F8/><REACH who="2" ten="314,250,134,292" step="2"/><W110/><G110/><T133/><D133/><U109/><E109/><V112/><F112/><W32/><G124/><T92/><D77/><U14/><E121/><V10/><F10/><W117/><G125/><T61/><D76/><U130/><E130/><V40/><F40/><W79/><G117/><T19/><D37/><U126/><E126/><V93/><F93/><W9/><G127/><T39/><D39/><U65/><E65/><V62/><F62/><W96/><G73/><T64/><D61/><U20/><E122/><V63/><F63/><W30/><G75/><T3/><D92/><N who="1" m="54343" /><E120/><V23/><F23/><W104/><G104/><T103/><D64/><U45/><E49/><V113/><F113/><W66/><G66/><T111/><D111/><U107/><E107/><V13/><AGARI ba="0,1" hai="4,6,13,16,22,27,31,35,51,55,58,89,94,97" machi="13" ten="20,12000,1" yaku="1,1,0,1,7,1,52,1,54,1,53,0" doraHai="54" doraHaiUra="116" who="2" fromWho="2" sc="314,-40,250,-40,134,130,292,-40" /><INIT seed="2,1,0,2,2,97" ten="274,210,264,252" oya="2" hai0="46,13,131,126,1,111,82,2,5,30,100,134,14" hai1="78,40,85,45,33,106,90,99,101,124,135,113,16" hai2="56,95,26,41,125,94,49,48,51,12,10,133,127" hai3="74,114,44,87,20,84,3,69,89,118,66,52,98"/><V29/><F133/><W70/><G74/><T6/><D134/><U7/><E113/><V75/><F75/><W18/><G3/><T122/><D122/><U73/><E135/><V120/><F120/><W129/><G118/><T81/><D111/><U77/><E33/><V34/><F41/><W4/><G4/><T64/><D46/><U102/><E124/><N who="2" m="47691" /><F56/><W59/><G44/><T123/><D126/><U60/><E7/><AGARI ba="1,0" hai="7,10,12,26,29,34,48,49,51,94,95" m="47691" machi="7" ten="30,1500,0" yaku="18,1" doraHai="97" who="2" fromWho="1" sc="274,0,210,-18,264,18,252,0" /><INIT seed="2,2,0,3,2,63" ten="274,192,282,252" oya="2" hai0="76,83,61,38,70,9,87,95,39,3,2,30,34" hai1="112,80,89,25,50,106,82,59,54,85,127,130,0" hai2="129,20,28,66,114,104,122,58,101,86,21,60,79" hai3="135,123,116,10,121,32,124,119,71,120,8,31,75"/><V24/><F122/><W37/><G71/><T15/><D95/><U4/><E130/><V97/><F114/><W67/><G37/><T96/><D96/><U11/><E127/><V126/><F126/><W52/><G124/><T91/><D39/><U65/><E112/><V14/><F129/><W29/><G75/><T74/><D38/><U5/><E106/><V46/><F46/><W55/><G135/><T132/><D132/><U41/><E5/><V93/><F104/><W88/><G120/><T73/><D34/><U12/><E25/><V1/><F1/><W109/><G32/><T49/><D30/><U51/><E0/><V118/><F118/><W134/><G134/><T105/><D105/><U117/><E117/><V69/><F69/><W43/><G43/><T53/><D74/><U128/><E128/><V111/><F111/><W115/><G115/><T35/><D35/><U131/><E131/><V22/><F14/><W113/><G113/><T92/><D61/><U13/><E13/><V57/><F57/><W18/><G18/><T45/><D70/><U94/><REACH who="1" step="1"/><E65/><REACH who="1" ten="274,182,282,252" step="2"/><V72/><F72/><W7/><G7/><AGARI ba="2,1" hai="2,3,7,9,15,45,49,53,73,76,83,87,91,92" machi="7" ten="30,1000,0" yaku="7,1" doraHai="63" who="0" fromWho="3" sc="274,26,182,0,282,0,252,-16" /><INIT seed="3,0,0,2,1,71" ten="300,182,282,236" oya="3" hai0="65,60,97,27,76,72,54,29,86,91,14,33,102" hai1="73,106,94,121,126,20,64,15,88,42,16,30,4" hai2="17,124,8,107,127,5,79,116,78,40,130,122,100" hai3="90,2,13,3,44,80,21,68,28,22,49,112,57"/><W38/><G68/><T125/><D125/><N who="2" m="48202" /><F116/><W10/><G112/><T53/><D72/><U62/><E126/><V103/><F130/><W109/><G109/><T11/><D76/><N who="2" m="29226" /><F107/><W34/><G38/><T45/><D45/><U55/><E121/><V96/><F96/><W87/><G34/><T128/><D128/><U12/><E106/><V135/><F122/><W74/><G74/><T51/><D51/><U26/><E73/><V24/><F40/><W50/><G28/><T19/><D97/><N who="1" m="57543" /><E64/><V70/><F70/><W46/><G3/><T81/><D102/><U18/><E42/><V41/><F41/><N who="3" m="24719" /><G2/><T110/><D110/><U35/><E35/><V93/><F93/><W61/><G61/><T113/><D113/><U89/><E89/><V84/><F84/><W48/><G57/><AGARI ba="0,0" hai="11,14,19,27,29,33,53,54,57,60,65,81,86,91" machi="57" ten="30,1000,0" yaku="7,1" doraHai="71" who="0" fromWho="3" sc="300,10,182,0,282,0,236,-10" owari="310,41.0,182,-31.8,282,8.2,226,-17.4" /></mjloggm>