<mjloggm ver="2.3"><GO type="225" lobby="0"/><UN n0="%E3%83%A9%E3%82%B9%E7%8E%87%EF%BC%93%E5%89%B2" n1="%72%69%6F%75%63%68%61%6E" n2="%6B%65%6E%6E%64%69" n3="%E3%81%BF%E3%82%84%E3%81%93%E3%82%93%EF%BC%91%EF%BC%90%E6%AD%B3" dan="16,16,16,16" rate="2099.31,2146.48,2167.56,2069.90" sx="F,M,M,M"/><TAIKYOKU oya="0"/><INIT seed="0,0,0,2,0,103" ten="250,250,250,250" oya="0" hai0="134,1,50,36,55,19,121,101,123,35,68,104,120" hai1="31,34,27,95,132,108,33,56,16,62,38,29,72" hai2="32,24,69,67,99,88,42,21,110,107,127,28,53" hai3="75,59,12,43,20,14,63,93,0,105,64,74,106"/><T5/><D35/><U17/><E108/><V79/><F110/><W66/><G0/><T2/><D68/><U6/><E132/><V111/><F111/><W22/><G93/><T133/><D36/><U57/><E72/><V97/><F127/><W117/><G43/><T86/><D86/><U49/><E38/><V87/><F79/><W3/><G3/><T130/><D130/><U78/><E78/><V51/><F42/><W90/><G90/><T58/><D19/><U52/><E6/><V131/><F131/><W119/><G59/><T114/><D114/><U89/><E33/><V135/><F135/><N who="0" m="51722" /><D5/><U18/><E29/><V61/><F32/><W71/><REACH who="3" step="1"/><G63/><REACH who="3" ten="250,250,250,240" step="2"/><T15/><D15/><U81/><E81/><V115/><F115/><W118/><G118/><T76/><D76/><U92/><REACH who="1" step="1"/><E89/><REACH who="1" ten="250,240,250,240" step="2"/><V73/><F88/><W98/><G98/><AGARI ba="0,2" hai="1,2,50,55,58,98,101,104,120,121,123" m="51722" machi="98" ten="40,3900,0" yaku="20,1,52,1" doraHai="103" who="0" fromWho="3" sc="250,59,240,0,250,0,240,-39" /><INIT seed="0,1,0,3,2,25" ten="309,240,250,201" oya="0" hai0="69,86,49,31,118,135,41,106,35,9,62,94,52" hai1="27,4,28,29,40,14,59,101,63,80,1,23,79" hai2="7,111,120,84,67,75,124,0,129,46,12,17,53" hai3="132,90,98,89,45,5,10,102,19,11,116,65,119"/><T77/><D106/><U70/><E1/><V133/><F120/><W48/><G65/><T117/><D135/><U39/><E70/><V6/><F75/><W78/><G78/><T13/><D41/><U61/><E101/><V104/><F104/><W2/><G132/><T38/><D38/><U130/><E130/><V114/><F133/><W122/><G122/><T76/><D76/><U83/><E39/><V57/><F114/><W100/><G19/><T88/><D77/><U73/><E40/><V34/><F0/><W56/><G56/><T125/><D125/><U8/><E83/><V3/><F3/><W108/><G108/><T74/><D74/><U96/><E96/><V91/><F34/><W51/><G98/><T72/><D72/><U26/><REACH who="1" step="1"/><E59/><REACH who="1" ten="309,230,250,201" step="2"/><V121/><F129/><W103/><G2/><T92/><D92/><U115/><E115/><V127/><F127/><W110/><G103/><T112/><D112/><U105/><E105/><V87/><F124/><W107/><G107/><T68/><D68/><U95/><E95/><V60/><F121/><W123/><G123/><T58/><D69/><U134/><E134/><V44/><F111/><W32/><G110/><T43/><D43/><U24/><E24/><V99/><F99/><W55/><G102/><T30/><D118/><U126/><E126/><V42/><F42/><N who="3" m="24631" /><G100/><T97/><D117/><U47/><E47/><V16/><F44/><W109/><G109/><T93/><D93/><U131/><E131/><V15/><F46/><W54/><G119/><T85/><D97/><U22/><AGARI ba="1,1" hai="4,8,14,22,23,26,27,28,29,61,63,73,79,80" machi="22" ten="20,12000,2" yaku="1,1,0,1,7,1,9,1,52,2,53,0" doraHai="25" doraHaiUra="50" who="1" fromWho="1" sc="309,-61,230,133,250,-31,201,-31" /><INIT seed="1,0,0,0,3,48" ten="248,363,219,170" oya="1" hai0="18,33,119,96,49,87,39,35,30,45,103,14,46" hai1="113,88,66,101,79,102,105,92,127,59,133,77,62" hai2="63,28,118,97,27,76,8,10,57,20,128,71,43" hai3="111,90,1,114,98,41,9,116,16,72,129,51,65"/><U23/><E113/><V25/><F118/><W122/><G114/><T26/><D119/><U13/><E127/><V93/><F128/><W5/><G116/><T22/><D39/><U52/><E133/><V15/><F71/><W84/><G122/><T95/><D87/><U135/><E135/><V56/><F76/><N who="1" m="29257" /><E105/><V54/><F43/><W124/><G129/><T121/><D46/><U85/><E66/><V55/><F27/><W53/><G72/><T67/><D67/><U134/><E134/><V120/><F15/><W36/><G124/><T69/><D69/><U38/><E38/><V17/><F28/><W61/><G98/><T11/><REACH who="0" step="1"/><D121/><REACH who="0" ten="238,363,219,170" step="2"/><U64/><E64/><V89/><REACH who="2" step="1"/><F120/><REACH who="2" ten="238,363,209,170" step="2"/><W80/><G36/><T115/><D115/><U99/><E99/><V2/><F2/><W110/><G1/><T112/><D112/><U91/><E91/><V130/><F130/><W32/><G90/><T108/><D108/><U117/><E117/><V7/><F7/><W50/><G5/><T109/><D109/><U29/><E29/><V81/><F81/><W60/><G80/><T73/><D73/><U74/><E74/><V42/><F42/><AGARI ba="0,2" hai="11,14,18,22,26,30,33,35,42,45,49,95,96,103" machi="42" ten="30,2000,0" yaku="1,1,7,1,53,0" doraHai="48" doraHaiUra="70" who="0" fromWho="2" sc="238,40,363,0,209,-20,170,0" /><INIT seed="2,0,0,5,1,41" ten="278,363,189,170" oya="2" hai0="112,68,70,36,1,65,84,79,58,40,6,106,28" hai1="80,86,77,61,135,110,60,103,8,88,122,128,50" hai2="69,81,89,25,100,127,83,125,87,43,7,131,76" hai3="124,23,26,99,107,67,3,114,44,95,116,20,96"/><V37/><F69/><W18/><G124/><N who="2" m="47689" /><F7/><W33/><G116/><T32/><D106/><U82/><E110/><V63/><F63/><W115/><G3/><T51/><D28/><U16/><E128/><V10/><F10/><W101/><G67/><T74/><D32/><U105/><E135/><V24/><F131/><W4/><G4/><T57/><D84/><N who="1" m="50183" /><E105/><V22/><F100/><W42/><G23/><T133/><D133/><U14/><E122/><V39/><F43/><W30/><G30/><T62/><D68/><U64/><E103/><V53/><F53/><W11/><G11/><T98/><D70/><U129/><E129/><V19/><F25/><W34/><G115/><T97/><D112/><U21/><E64/><V9/><F9/><W17/><G17/><T48/><D65/><U91/><E50/><V45/><F45/><W2/><G2/><T119/><D51/><U56/><E56/><V108/><F108/><W94/><G114/><T72/><D48/><U27/><E91/><V126/><N who="2" m="47697" /><V46/><DORA hai="92" /><F46/><W109/><G109/><T38/><D58/><U118/><E118/><V47/><F47/><W134/><G134/><T78/><D119/><U0/><E0/><V104/><F104/><W120/><G107/><T130/><D57/><U52/><E52/><V75/><AGARI ba="0,0" hai="19,22,24,37,39,75,76,81,83,87,89" m="47697" machi="75" ten="40,2100,0" yaku="18,1" doraHai="41,92" who="2" fromWho="2" sc="278,-7,363,-7,189,21,170,-7" /><INIT seed="2,1,0,5,5,121" ten="271,356,210,163" oya="2" hai0="109,57,94,24,54,56,28,120,16,124,9,8,119" hai1="112,110,69,58,104,75,39,40,101,4,59,55,107" hai2="62,33,132,70,15,37,77,10,84,29,103,117,133" hai3="114,31,134,64,130,2,48,63,105,74,30,96,7"/><V111/><F37/><W18/><G130/><T38/><D38/><U88/><E110/><V98/><F117/><W131/><G134/><N who="2" m="51817" /><F33/><W3/><G74/><T71/><D71/><U1/><E112/><V76/><F29/><W99/><G131/><T36/><D36/><U127/><E69/><V125/><F125/><W86/><G114/><T83/><D120/><U108/><E108/><V129/><F129/><W68/><G18/><T106/><D109/><U32/><E32/><V51/><F51/><W52/><G86/><T27/><D106/><U20/><E127/><V116/><F84/><W79/><G79/><T61/><D83/><U21/><E75/><V11/><F116/><W90/><G99/><T5/><D119/><U25/><E39/><V78/><F15/><W12/><G12/><N who="0" m="7175" /><D28/><U45/><E25/><V19/><F19/><W82/><G105/><T67/><D124/><U17/><E107/><N who="2" m="63991" /><F111/><W89/><G2/><T95/><D27/><U85/><E1/><V91/><F91/><W72/><G90/><T97/><D24/><U26/><E101/><V35/><F35/><W102/><G102/><T93/><D97/><U44/><E104/><V135/><N who="2" m="51825" /><V87/><DORA hai="66" /><F87/><N who="3" m="50423" /><G96/><T53/><D5/><U49/><E88/><V41/><F41/><W23/><G72/><T22/><D22/><N who="1" m="13647" /><E85/><V47/><F47/><N who="3" m="27679" /><G23/><N who="1" m="8778" /><E4/><V92/><F92/><W100/><G100/><T80/><D9/><U128/><E128/><V42/><F42/><W46/><G46/><N who="1" m="18026" /><E40/><V43/><F43/><W13/><G3/><T65/><D80/><U50/><E49/><AGARI ba="1,0" hai="49,53,54,56,57,61,65,67,93,94,95" m="7175" machi="49" ten="30,2000,0" yaku="8,1,54,1" doraHai="121,66" who="0" fromWho="1" sc="271,23,356,-23,210,0,163,0" /><INIT seed="3,0,0,2,3,127" ten="294,333,210,163" oya="3" hai0="117,0,102,86,123,17,1,79,10,71,2,77,25" hai1="70,15,23,8,46,131,95,34,119,109,42,65,4" hai2="74,12,73,38,99,83,132,118,81,121,64,39,105" hai3="78,5,72,80,133,68,27,31,21,89,114,14,57"/><W36/><G133/><T112/><D71/><U101/><E131/><V45/><F118/><W20/><G114/><T60/><D117/><U115/><E34/><V7/><F132/><W126/><G126/><T128/><D123/><U120/><E120/><V96/><F121/><W33/><G68/><T11/><D102/><U26/><E115/><V62/><F12/><W30/><G36/><T61/><D112/><U97/><E119/><V19/><F19/><W35/><G89/><T22/><D128/><U41/><E109/><V29/><F7/><W84/><G72/><T85/><D85/><U98/><E46/><V55/><F29/><W92/><G92/><T24/><D24/><U107/><E65/><V51/><F83/><W135/><G135/><T59/><D86/><U94/><E70/><V69/><F99/><W104/><G104/><T91/><D91/><N who="1" m="55519" /><E107/><V43/><F81/><W3/><G3/><T129/><D129/><U113/><E113/><V18/><F18/><AGARI ba="0,0" hai="4,8,15,18,23,26,41,42,95,98,101" m="55519" machi="18" ten="30,1000,0" yaku="8,1" doraHai="127" who="1" fromWho="2" sc="294,0,333,10,210,-10,163,0" owari="294,9.4,343,44.3,200,-20.0,163,-33.7" /></mjloggm>