<mjloggm ver="2.3"><GO type="225" lobby="0"/><UN n0="%6B%79%6F%6E%6B%6F%31%31" n1="%E3%83%B4%E3%82%A3%E3%83%AF%E3%82%B3%E3%82%B0%E3%83%8B" n2="%E5%85%88%E7%89%A9%E3%81%AF%74%72%61%73%68" n3="%E3%83%A9%E3%82%A4%E3%83%B3%E3%81%AE%E8%99%8E" dan="16,16,17,16" rate="2157.08,2201.66,2136.03,2115.14" sx="M,M,M,M"/><TAIKYOKU oya="0"/><INIT seed="0,0,0,4,0,2" ten="250,250,250,250" oya="0" hai0="110,23,107,36,133,135,76,40,62,32,25,17,116" hai1="58,121,34,81,86,49,35,61,127,105,66,54,48" hai2="60,132,113,85,21,84,41,15,83,125,72,108,80" hai3="56,114,22,117,45,64,16,109,44,93,124,92,46"/><T63/><D116/><U106/><E121/><V71/><F113/><W42/><G109/><T122/><D122/><U57/><E127/><V95/><F108/><W87/><G124/><T126/><D110/><U33/><REACH who="1" step="1"/><E49/><REACH who="1" ten="250,240,250,250" step="2"/><V91/><F125/><W97/><G117/><T73/><D126/><U38/><E38/><V4/><F132/><W103/><G114/><T8/><D135/><U51/><E51/><V29/><F41/><W112/><G112/><T68/><D133/><U39/><E39/><V28/><F72/><W9/><G42/><T67/><D40/><U55/><E55/><V24/><F29/><W129/><G129/><T111/><D36/><U30/><E30/><V123/><F123/><W75/><G75/><T74/><D111/><U79/><AGARI ba="0,1" hai="33,34,35,48,54,57,58,61,66,79,81,86,105,106" machi="79" ten="30,2000,0" yaku="1,1,0,1,53,0" doraHai="2" doraHaiUra="13" who="1" fromWho="1" sc="250,-10,240,30,250,-5,250,-5" /><INIT seed="1,0,0,4,4,51" ten="240,270,245,245" oya="1" hai0="19,133,99,93,87,58,12,108,64,96,95,62,84" hai1="79,110,117,13,124,25,98,70,5,33,63,20,85" hai2="92,106,23,47,88,104,30,67,56,4,0,132,38" hai3="74,121,65,7,86,118,75,21,32,18,3,127,27"/><U31/><E124/><V11/><F132/><W113/><G121/><T115/><D115/><U49/><E117/><V40/><F30/><W72/><G113/><T16/><D108/><U44/><E110/><V29/><F29/><W114/><G114/><T107/><D107/><U83/><E98/><V37/><F37/><W52/><G127/><T57/><D133/><U41/><E70/><V111/><F111/><W59/><G118/><T68/><D68/><U1/><E1/><V45/><F45/><W50/><G65/><T60/><D12/><U100/><E63/><V82/><F82/><W55/><G32/><T123/><REACH who="0" step="1"/><D64/><REACH who="0" ten="230,270,245,245" step="2"/><U39/><E100/><V2/><F2/><W78/><G3/><T103/><D103/><U46/><E33/><V125/><F125/><W22/><G7/><T76/><D76/><U36/><REACH who="1" step="1"/><E46/><REACH who="1" ten="230,260,245,245" step="2"/><V94/><F47/><W77/><G86/><T80/><D80/><U61/><E61/><V89/><F0/><W26/><REACH who="3" step="1"/><G55/><REACH who="3" ten="230,260,245,235" step="2"/><T15/><D15/><U128/><E128/><V71/><F67/><W10/><G10/><AGARI ba="0,3" hai="5,10,13,20,25,31,36,39,41,44,49,79,83,85" machi="10" ten="40,7700,0" yaku="1,1,25,2,53,0" doraHai="51" doraHaiUra="126" who="1" fromWho="3" sc="230,0,260,107,245,0,235,-77" /><INIT seed="1,1,0,5,1,5" ten="230,367,245,158" oya="1" hai0="8,111,105,102,47,118,115,63,129,20,52,114,0" hai1="7,92,54,1,132,36,122,68,11,76,41,110,58" hai2="130,57,15,104,48,28,119,106,78,18,61,101,3" hai3="19,30,91,66,45,71,60,103,32,51,70,55,123"/><U43/><E122/><V29/><F119/><W89/><G123/><T21/><D118/><U50/><E132/><V83/><F3/><W9/><G70/><T22/><D111/><U85/><E68/><V124/><F130/><W97/><G19/><T16/><D129/><U81/><E110/><V121/><F121/><W6/><G30/><T134/><D134/><U46/><E41/><V27/><F124/><W93/><REACH who="3" step="1"/><G32/><REACH who="3" ten="230,367,245,148" step="2"/><T49/><D115/><U88/><REACH who="1" step="1"/><E76/><REACH who="1" ten="230,357,245,148" step="2"/><V80/><F78/><W86/><G86/><T82/><D114/><U75/><E75/><V37/><F37/><W107/><G107/><T128/><D128/><U42/><E42/><V24/><F106/><W74/><G74/><T79/><D105/><U116/><E116/><V38/><F104/><W56/><G56/><T40/><D40/><U65/><E65/><V133/><F38/><W14/><AGARI ba="1,2" hai="6,9,14,45,51,55,60,66,71,89,91,93,97,103" machi="14" ten="20,5200,0" yaku="1,1,0,1,7,1,52,1,53,0" doraHai="5" doraHaiUra="131" who="3" fromWho="3" sc="230,-14,357,-27,245,-14,148,75" /><INIT seed="2,0,0,5,5,68" ten="216,330,231,223" oya="2" hai0="66,124,127,51,40,108,43,126,84,59,8,74,105" hai1="118,60,21,95,63,33,39,49,15,67,98,20,62" hai2="121,104,120,4,103,125,117,85,2,36,72,34,50" hai3="70,89,82,55,109,37,123,54,25,102,114,83,48"/><V6/><F117/><W113/><G123/><T1/><D74/><U77/><E118/><V0/><F85/><W134/><G70/><T99/><D108/><U65/><E39/><V5/><F72/><W87/><G109/><T80/><D105/><U26/><E77/><V101/><F50/><W35/><G102/><T119/><D99/><U71/><E49/><V23/><F34/><W133/><G82/><T56/><D119/><U42/><E42/><N who="0" m="15913" /><D66/><U24/><E15/><V32/><F32/><W129/><G129/><T31/><D31/><N who="1" m="17807" /><E71/><V93/><F23/><W58/><G37/><T57/><D8/><U46/><E46/><V38/><F6/><W30/><REACH who="3" step="1"/><G55/><REACH who="3" ten="216,330,231,213" step="2"/><N who="0" m="31871" /><D1/><U47/><E65/><V115/><F104/><W78/><G78/><AGARI ba="0,1" hai="57,59,78,80,84,124,126,127" m="31871,15913" machi="78" ten="30,1000,0" yaku="18,1" doraHai="68" who="0" fromWho="3" sc="216,20,330,0,231,0,213,-10" /><INIT seed="3,0,0,4,1,72" ten="236,330,231,203" oya="3" hai0="6,25,19,113,15,103,4,112,63,119,44,39,55" hai1="29,110,51,126,35,102,71,101,50,13,40,123,23" hai2="49,97,133,87,8,118,129,56,124,73,69,31,95" hai3="93,28,1,18,58,92,77,117,52,109,85,96,78"/><W5/><G117/><T2/><D119/><U134/><E71/><V67/><F118/><W61/><G28/><T11/><D103/><U0/><E123/><V65/><F73/><W26/><G1/><T111/><D63/><U128/><E0/><V7/><F69/><W122/><G5/><T76/><D55/><U68/><E68/><V116/><F116/><W46/><G122/><T32/><D44/><U86/><E110/><V121/><F133/><W105/><G105/><T59/><D59/><U60/><E126/><V48/><F129/><W107/><G107/><T47/><D47/><U132/><E35/><V94/><F121/><W24/><G109/><T22/><D39/><U27/><E128/><V12/><F31/><W14/><G46/><T90/><D90/><U17/><E40/><V91/><F124/><W79/><G85/><T81/><D111/><U57/><E86/><V115/><F115/><W3/><G3/><T99/><D99/><U108/><E108/><V42/><F42/><W34/><G34/><T127/><D4/><U62/><E102/><N who="2" m="60727" /><F56/><W37/><G37/><T45/><D45/><U106/><E101/><V16/><F7/><W43/><G43/><T10/><D127/><U21/><E106/><V131/><F131/><W114/><G114/><T82/><D32/><U135/><E60/><V30/><F30/><W9/><G93/><T104/><D104/><U41/><E41/><V80/><F95/><W125/><G125/><T84/><D82/><U74/><E74/><V20/><F20/><W88/><AGARI ba="0,0" hai="9,14,18,24,26,52,58,61,77,78,79,88,92,96" machi="88" ten="30,18000,2" yaku="0,1,8,1,52,3,54,2" doraHai="72" who="3" fromWho="3" sc="236,-60,330,-60,231,-60,203,180" owari="176,-22.4,270,7.0,171,-32.9,383,48.3" /></mjloggm>