<mjloggm ver="2.3"><GO type="225" lobby="0"/><UN n0="%E3%82%A2%E3%82%A4%E3%82%B9%E3%83%86%E3%82%A3%E3%83%BC%E3%81%82%E3%81%B9" n1="%6D%75%75%6D%75%72%61" n2="%E3%81%8B%E3%82%8F%E3%81%A1%E3%82%83%E3%82%93%35%38" n3="%E7%99%BD%E6%97%A5%E9%9B%AA%E8%8F%9C" dan="16,16,16,16" rate="2094.51,2145.62,2147.98,2120.21" sx="M,F,M,M"/><TAIKYOKU oya="0"/><INIT seed="0,0,0,4,2,17" ten="250,250,250,250" oya="0" hai0="95,104,127,6,68,112,16,65,87,100,114,26,10" hai1="51,8,133,120,128,69,4,77,78,129,126,105,94" hai2="67,71,44,2,62,20,132,49,36,80,134,28,27" hai3="101,32,1,15,102,121,30,110,14,19,13,60,7"/><T31/><D127/><U46/><E105/><V48/><F2/><W74/><G74/><T42/><D42/><U119/><E119/><V99/><F36/><W103/><G110/><T131/><D131/><N who="1" m="50251" /><E126/><V41/><F80/><W21/><G121/><T24/><D104/><U83/><E69/><V98/><REACH who="2" step="1"/><F48/><REACH who="2" ten="250,250,240,250" step="2"/><W45/><G60/><T9/><D114/><U111/><E120/><V34/><F34/><W125/><G125/><T70/><D112/><U37/><E37/><V85/><F85/><W118/><G118/><T12/><D87/><U50/><E50/><V22/><F22/><W135/><G135/><AGARI ba="0,1" hai="20,27,28,41,44,49,62,67,71,98,99,132,134,135" machi="135" ten="40,8000,1" yaku="1,1,20,1,52,1,53,2" doraHai="17" doraHaiUra="92" who="2" fromWho="3" sc="250,0,250,0,240,90,250,-80" /><INIT seed="1,0,0,5,4,100" ten="250,250,330,170" oya="1" hai0="63,50,37,94,112,5,59,118,32,107,65,25,10" hai1="58,52,77,56,68,15,0,30,81,83,86,122,120" hai2="114,4,21,103,33,11,45,20,27,17,44,36,87" hai3="117,128,97,9,47,55,18,127,84,78,121,133,91"/><U90/><E0/><V110/><F33/><W62/><G121/><T1/><D112/><U28/><E68/><V3/><F36/><W104/><G117/><T129/><D37/><U123/><E15/><V43/><F103/><W29/><G127/><T40/><D129/><U79/><E56/><V98/><F98/><W125/><G128/><T7/><D7/><U71/><E71/><V95/><F43/><W75/><G125/><T67/><D67/><U124/><E124/><V53/><F110/><W111/><G111/><T26/><D32/><U134/><E134/><V57/><F114/><W70/><G29/><T99/><D107/><U82/><E82/><V22/><F22/><W34/><G34/><T76/><D76/><U38/><E38/><V130/><F130/><W89/><G75/><T73/><D73/><U88/><E28/><V74/><F74/><W106/><G133/><T69/><D118/><U12/><E12/><V24/><F95/><W41/><G78/><T31/><D31/><U6/><E6/><V131/><F87/><W96/><G18/><T46/><REACH who="0" step="1"/><D69/><REACH who="0" ten="240,250,330,170" step="2"/><U85/><REACH who="1" step="1"/><E30/><REACH who="1" ten="240,240,330,170" step="2"/><N who="2" m="17671" /><F131/><W72/><G70/><T102/><AGARI ba="0,2" hai="1,5,10,25,26,40,46,50,59,63,65,94,99,102" machi="102" ten="20,5200,0" yaku="1,1,0,1,7,1,53,1" doraHai="100" doraHaiUra="39" who="0" fromWho="0" sc="240,72,240,-26,330,-13,170,-13" /><INIT seed="2,0,0,1,1,22" ten="312,214,317,157" oya="2" hai0="11,111,80,121,32,43,133,70,66,59,95,102,86" hai1="113,79,54,112,114,2,24,61,42,18,104,58,45" hai2="3,44,47,67,41,31,81,27,38,129,62,97,37" hai3="135,123,69,101,30,46,4,108,15,130,118,92,117"/><V77/><F129/><W132/><G69/><T68/><D111/><U50/><E104/><V63/><F3/><W49/><G123/><T74/><D74/><U53/><E2/><V51/><F97/><W78/><G108/><T105/><D105/><U125/><E79/><V65/><F63/><W100/><G130/><T98/><D32/><U34/><E125/><V56/><F65/><W126/><G126/><T19/><D121/><U93/><E93/><V26/><F31/><W60/><G60/><T83/><D83/><U1/><E1/><V29/><F29/><W76/><G30/><T40/><D133/><N who="3" m="51273" /><G15/><N who="0" m="7679" /><D70/><U122/><E122/><V119/><F119/><N who="3" m="45579" /><G4/><T103/><D103/><N who="3" m="39497" /><G92/><T20/><D20/><U0/><E0/><V75/><F38/><W96/><G96/><T64/><D68/><U110/><E110/><V7/><F7/><W17/><G17/><T73/><D66/><U134/><E134/><V39/><F39/><W71/><G71/><T99/><D98/><U115/><N who="1" m="28672" /><DORA hai="55" /><U89/><E34/><V106/><F106/><W21/><G21/><T82/><D64/><U85/><E18/><V33/><F33/><W5/><G5/><T13/><D102/><U35/><E35/><V87/><F75/><W52/><AGARI ba="0,0" hai="46,49,52,76,78" m="39497,45579,51273" machi="52" ten="40,2700,0" yaku="20,1,54,1" doraHai="22,55" who="3" fromWho="3" sc="312,-7,214,-7,317,-13,157,27" /><INIT seed="3,0,0,0,4,12" ten="305,207,304,184" oya="3" hai0="31,130,116,87,73,36,29,4,125,114,22,11,81" hai1="107,80,47,134,67,50,127,85,51,121,41,122,76" hai2="97,35,92,82,32,91,56,133,55,13,98,110,78" hai3="72,0,16,28,10,60,89,14,49,38,69,3,27"/><W102/><G38/><T135/><D116/><U8/><E107/><V94/><F13/><W52/><G72/><T123/><D123/><U118/><E118/><V126/><F126/><W25/><G102/><T103/><D73/><U37/><E127/><V74/><F110/><W34/><G27/><T83/><D36/><U7/><E134/><V84/><F133/><W40/><G40/><T132/><D125/><U95/><E67/><V53/><F53/><W124/><G124/><T39/><D39/><U6/><E95/><V128/><F128/><W66/><REACH who="3" step="1"/><G89/><REACH who="3" ten="305,207,304,174" step="2"/><N who="0" m="51439" /><D135/><U58/><E37/><V131/><F131/><W15/><G15/><N who="0" m="5607" /><D132/><U104/><E104/><V33/><REACH who="2" step="1"/><F94/><REACH who="2" ten="305,207,294,174" step="2"/><W19/><G19/><T106/><D130/><U64/><E122/><V99/><F99/><W119/><G119/><T77/><D106/><U23/><E121/><V63/><AGARI ba="0,2" hai="32,33,35,55,56,63,74,78,82,84,91,92,97,98" machi="63" ten="30,2000,0" yaku="1,1,0,1,53,0" doraHai="12" doraHaiUra="101" who="2" fromWho="2" sc="305,-5,207,-5,294,40,174,-10" owari="300,10.0,202,-19.8,334,43.4,164,-33.6" /></mjloggm>