<mjloggm ver="2.3"><GO type="225" lobby="0"/><UN n0="%E3%81%99%E3%81%84%E3%81%BE%E3%81%9B%E3%83%BC%E3%82%93" n1="%E3%81%8B%E3%82%8F%E3%81%A1%E3%82%83%E3%82%93%35%38" n2="%E6%B8%A9%E2%98%85%E6%83%85%E2%98%85%E6%8E%AA%E2%98%85%E7%BD%AE" n3="%6D%75%75%6D%75%72%61" dan="16,16,17,16" rate="2115.03,2125.43,2139.47,2160.22" sx="M,M,M,F"/><TAIKYOKU oya="0"/><INIT seed="0,0,0,4,0,128" ten="250,250,250,250" oya="0" hai0="12,20,40,52,95,3,76,69,1,64,110,10,117" hai1="84,55,21,91,83,39,79,45,103,32,46,44,33" hai2="132,11,130,86,99,8,81,135,123,112,109,60,63" hai3="73,7,28,119,77,53,126,51,48,61,90,65,2"/><T47/><D117/><U125/><E39/><V14/><F123/><W0/><G119/><T9/><D110/><U71/><E71/><V92/><F109/><W82/><G126/><T23/><D76/><U74/><E125/><V22/><F22/><W131/><G131/><T101/><D20/><U88/><E103/><N who="2" m="60903" /><F112/><W49/><G53/><T118/><D23/><U4/><E55/><V115/><F115/><W72/><G72/><T129/><D129/><U121/><E121/><V18/><F11/><W108/><G108/><T50/><D118/><U37/><E37/><V67/><F67/><W5/><G28/><T133/><D10/><U56/><E56/><V30/><F30/><W85/><G0/><T75/><D75/><U114/><E114/><V98/><F98/><W19/><G19/><T116/><D116/><U62/><E62/><V105/><F105/><W134/><G134/><N who="2" m="51241" /><F130/><W78/><G2/><T96/><D133/><U16/><E33/><V24/><F24/><W113/><G113/><T13/><D1/><U29/><E32/><V59/><F59/><W106/><G106/><T94/><D64/><U43/><E29/><V70/><F70/><W42/><G65/><T122/><D69/><U27/><E27/><V87/><F87/><W124/><G124/><T35/><D35/><U120/><E84/><V36/><F36/><W93/><G73/><T102/><D122/><U80/><E120/><V38/><F38/><W100/><G85/><T58/><D3/><U57/><E74/><V6/><F18/><W97/><G97/><N who="0" m="59575" /><D9/><U25/><E16/><V89/><AGARI ba="0,0" hai="6,8,14,60,63,81,86,89" m="51241,60903" machi="89" ten="30,8000,1" yaku="5,1,20,1,52,3" doraHai="128" who="2" fromWho="2" sc="250,-40,250,-20,250,80,250,-20" /><INIT seed="1,0,0,5,5,94" ten="210,230,330,230" oya="1" hai0="44,113,114,129,47,111,128,28,21,41,135,53,112" hai1="4,81,40,57,86,120,22,83,65,63,69,104,12" hai2="42,30,64,75,91,7,109,80,67,43,8,50,25" hai3="11,56,98,105,102,73,100,70,87,52,34,27,3"/><U107/><E120/><V110/><F75/><W39/><G73/><T9/><D111/><N who="2" m="42506" /><F91/><W16/><G70/><T46/><D9/><U2/><E2/><N who="2" m="119" /><F80/><W97/><G39/><T108/><D108/><U77/><E69/><V133/><F133/><W84/><G3/><T92/><D135/><U61/><E61/><V78/><F78/><W58/><G34/><T106/><D106/><U118/><E118/><V132/><F132/><W121/><G58/><T31/><D41/><N who="2" m="15370" /><F50/><W76/><G76/><T90/><D53/><U74/><E40/><V96/><F96/><N who="3" m="36971" /><G105/><T126/><D126/><U49/><E49/><V72/><F72/><W68/><G68/><T85/><REACH who="0" step="1"/><D21/><AGARI ba="0,0" hai="21,25,30,64,67" m="15370,119,42506" machi="21" ten="30,1000,0" yaku="14,1" doraHai="94" who="2" fromWho="0" sc="210,-10,230,0,330,10,230,0" /><INIT seed="2,0,0,1,2,116" ten="200,230,340,230" oya="2" hai0="68,125,55,89,54,27,4,34,52,56,31,3,44" hai1="112,102,14,130,113,22,126,114,42,71,1,41,50" hai2="134,36,101,62,38,80,39,45,77,16,37,28,88" hai3="117,8,63,118,18,96,100,58,49,12,82,105,115"/><V83/><F134/><W61/><G115/><T24/><D125/><U43/><E1/><V6/><F28/><W98/><G63/><T74/><D68/><U110/><E102/><V85/><F6/><W86/><G49/><T53/><D74/><U69/><E14/><V135/><F101/><W21/><G98/><T48/><D27/><U64/><E22/><V72/><F135/><W106/><G8/><T32/><D32/><U120/><E126/><V23/><F62/><W26/><G26/><T127/><D127/><U73/><E73/><V122/><F122/><W33/><G33/><T133/><D133/><U70/><E130/><V119/><F119/><W111/><G111/><T66/><D66/><U11/><E11/><V90/><F90/><W97/><G97/><T15/><D3/><U121/><E110/><V13/><REACH who="2" step="1"/><F38/><REACH who="2" ten="200,230,330,230" step="2"/><W103/><G100/><T59/><REACH who="0" step="1"/><D89/><REACH who="0" ten="190,230,330,230" step="2"/><U57/><E64/><V25/><F25/><W132/><G132/><T108/><D108/><U91/><E91/><V10/><F10/><AGARI ba="0,2" hai="4,10,15,24,31,34,44,48,52,53,54,55,56,59" machi="10" ten="40,2600,0" yaku="1,1,54,1,53,0" doraHai="116" doraHaiUra="75" who="0" fromWho="2" sc="190,46,230,0,330,-26,230,0" /><INIT seed="3,0,0,4,5,74" ten="236,230,304,230" oya="3" hai0="96,49,56,25,75,119,117,52,91,6,46,57,17" hai1="100,5,97,28,58,123,26,79,61,64,135,41,116" hai2="106,7,11,134,89,67,113,36,22,124,62,38,90" hai3="102,10,20,115,47,85,99,131,32,69,80,24,65"/><W50/><G115/><T33/><D75/><U103/><E123/><V129/><F106/><W73/><G131/><T37/><D6/><U14/><E41/><V39/><F113/><W92/><G73/><T48/><D37/><U13/><E135/><V30/><F134/><W120/><G120/><T108/><D108/><U127/><E127/><V12/><F124/><W132/><G132/><T68/><D68/><U4/><E79/><V45/><F45/><W19/><G32/><T76/><D76/><U118/><E4/><V59/><REACH who="2" step="1"/><F129/><REACH who="2" ten="236,230,294,230" step="2"/><W86/><G10/><T94/><D46/><U16/><E118/><V87/><F87/><W27/><G85/><T101/><D119/><U40/><E116/><V35/><F35/><W23/><G69/><T43/><D33/><U55/><E40/><V51/><F51/><W121/><G121/><T60/><D43/><U82/><E97/><V111/><F111/><W70/><G70/><T9/><D48/><U93/><E61/><V95/><F95/><W78/><G65/><T3/><D94/><U110/><E93/><V112/><F112/><W29/><G50/><T98/><D98/><U88/><E110/><V125/><F125/><W72/><G72/><T107/><D117/><U128/><E64/><V31/><F31/><W63/><G47/><T130/><D130/><U114/><E114/><V54/><F54/><W71/><G71/><T83/><D52/><U81/><E55/><V18/><F18/><N who="3" m="12311" /><G63/><T34/><D60/><U66/><E128/><V8/><F8/><W77/><G29/><N who="0" m="19759" /><D49/><U42/><E66/><V0/><F0/><RYUUKYOKU ba="0,1" sc="236,-15,230,-15,294,15,230,15" hai2="7,11,12,22,30,36,38,39,59,62,67,89,90" hai3="19,23,27,77,78,80,86,92,99,102" /><INIT seed="3,1,1,2,0,98" ten="221,215,309,245" oya="3" hai0="51,99,25,47,27,101,61,118,123,15,24,103,112" hai1="45,114,60,10,46,12,126,23,85,50,4,82,0" hai2="122,83,18,41,49,105,1,13,94,22,9,113,28" hai3="65,121,3,68,69,48,6,8,119,67,2,44,26"/><W95/><G119/><T81/><D118/><U117/><E114/><V7/><F105/><W5/><G121/><T59/><D123/><U135/><E117/><V89/><F122/><W16/><G3/><T115/><D81/><U91/><E126/><V93/><F28/><W86/><G68/><T30/><D15/><N who="1" m="5575" /><E135/><V37/><F37/><W104/><G104/><T35/><D30/><U78/><E0/><V73/><F113/><N who="0" m="43594" /><D35/><U32/><E32/><V11/><F11/><W43/><G69/><T75/><D99/><U108/><E108/><V87/><F73/><W132/><G132/><T34/><D75/><U31/><E60/><V111/><F111/><W66/><G2/><T52/><D34/><U14/><E91/><V33/><F33/><W127/><G127/><T110/><D110/><U57/><E57/><V53/><F41/><AGARI ba="1,1" hai="24,25,27,41,47,51,52,59,61,101,103" m="43594" machi="41" ten="30,7700,0" yaku="11,1,52,2,54,1" doraHai="98" who="0" fromWho="2" sc="221,90,215,0,309,-80,245,0" owari="311,41.1,215,-28.5,229,-17.1,245,4.5" /></mjloggm>