<mjloggm ver="2.3"><GO type="225" lobby="0"/><UN n0="%E5%A4%96%E5%B7%9D%E7%AB%9C%E6%88%90" n1="%E3%83%92%E3%82%B3" n2="%E9%80%9F%E6%B0%B4%E5%87%9B%E9%A6%99" n3="%E2%91%A3%E9%81%BF%E9%81%8A%E6%88%AF%E3%80%90%E6%9D%B1%E5%8D%97%E3%80%91" dan="16,16,16,16" rate="2111.53,2085.22,2084.54,2135.95" sx="M,M,F,M"/><TAIKYOKU oya="0"/><INIT seed="0,0,0,1,5,44" ten="250,250,250,250" oya="0" hai0="91,78,59,71,107,60,28,80,98,39,100,85,116" hai1="95,25,79,1,99,109,114,9,22,103,131,3,38" hai2="117,82,58,63,55,20,0,105,15,93,134,76,101" hai3="92,77,128,110,65,29,32,2,49,13,123,56,83"/><T75/><D116/><U94/><E109/><V43/><F0/><W48/><G110/><T130/><D130/><U108/><E108/><V26/><F134/><W11/><G128/><T113/><D113/><U6/><E38/><V4/><F117/><W111/><G2/><T115/><D115/><U70/><E114/><V17/><F105/><W69/><G69/><T87/><D39/><U30/><E131/><V86/><F43/><W41/><G32/><T112/><D112/><U7/><E70/><V23/><F4/><W45/><G29/><T47/><D28/><U74/><E79/><V125/><F125/><W66/><G92/><T46/><D87/><U129/><E74/><V31/><F93/><W51/><G123/><T16/><D71/><U53/><E95/><V57/><F57/><W21/><G21/><T36/><D36/><U97/><E97/><V33/><F101/><W88/><G77/><T61/><D61/><U73/><E73/><V24/><F24/><W52/><G51/><T118/><D118/><U18/><E129/><V67/><F67/><W89/><G111/><T133/><D133/><U81/><E81/><V132/><F132/><W84/><G89/><T14/><D91/><U135/><E135/><V12/><F12/><W34/><G34/><T35/><D35/><U119/><E119/><V50/><F33/><W122/><G122/><T127/><D75/><U96/><E96/><V68/><F68/><W10/><G10/><N who="0" m="6231" /><D127/><U106/><E106/><V27/><F27/><W54/><G41/><T126/><D126/><U5/><E25/><V62/><AGARI ba="0,0" hai="15,17,20,23,26,31,50,55,58,62,63,76,82,86" machi="62" ten="30,7900,0" yaku="5,1,0,1,8,1,52,1" doraHai="44" who="2" fromWho="2" sc="250,-39,250,-20,250,79,250,-20" /><INIT seed="1,0,0,3,3,28" ten="211,230,329,230" oya="1" hai0="98,56,5,37,50,31,94,62,65,34,9,4,86" hai1="121,88,99,82,40,89,123,118,30,67,128,47,0" hai2="132,20,60,134,38,93,15,39,45,55,33,2,135" hai3="16,61,29,21,95,73,78,129,49,68,101,81,63"/><U8/><E118/><V10/><F2/><W48/><G129/><T110/><D37/><U106/><E128/><V72/><F72/><W76/><G29/><T96/><D110/><U71/><E30/><V3/><F3/><W43/><G68/><T104/><D50/><U124/><E124/><V83/><F20/><W84/><G78/><T109/><D109/><U125/><E125/><V107/><F83/><W133/><G133/><T7/><D9/><U51/><E67/><V44/><F107/><W64/><G64/><T102/><D86/><U116/><E71/><V35/><F93/><W46/><G49/><T13/><D13/><U79/><E116/><V27/><F27/><W85/><G73/><T54/><D54/><U74/><E121/><V87/><F87/><W103/><G85/><T113/><D113/><U11/><E123/><V36/><F60/><N who="3" m="23115" /><G95/><T58/><D58/><U70/><E70/><V26/><F26/><AGARI ba="0,0" hai="16,21,26,43,46,48,76,81,84,101,103" m="23115" machi="26" ten="30,2000,0" yaku="8,1,54,1" doraHai="28" who="3" fromWho="2" sc="211,0,230,0,329,-20,230,20" /><INIT seed="2,0,0,0,3,79" ten="211,230,309,250" oya="2" hai0="63,115,58,130,126,85,60,87,66,125,30,12,78" hai1="122,135,37,86,94,36,59,83,65,133,46,77,35" hai2="8,76,119,14,113,16,47,45,38,97,68,75,1" hai3="114,80,88,90,74,55,124,112,4,120,22,27,61"/><V52/><F119/><W110/><G110/><T106/><D115/><N who="3" m="44073" /><G4/><T62/><D130/><U69/><E122/><V56/><F68/><W25/><G25/><T128/><D128/><U102/><E35/><V33/><F113/><W26/><G26/><T48/><D30/><U71/><E59/><V21/><F33/><W3/><G3/><T28/><D28/><U121/><E121/><V131/><F38/><W24/><G24/><T109/><D109/><U92/><E65/><V107/><F107/><W105/><G105/><T44/><D106/><U93/><E102/><V41/><F41/><W98/><G98/><T104/><D104/><U54/><E37/><V20/><F131/><W11/><G11/><T10/><D126/><U70/><REACH who="1" step="1"/><E54/><REACH who="1" ten="211,220,309,250" step="2"/><V43/><F52/><W123/><G120/><T50/><D125/><U96/><E96/><V89/><F56/><N who="3" m="34975" /><G124/><T64/><D64/><U6/><E6/><V39/><F97/><W42/><G42/><AGARI ba="0,1" hai="36,42,46,69,70,71,77,83,86,92,93,94,133,135" machi="42" ten="50,3200,0" yaku="1,1,52,1,53,0" doraHai="79" doraHaiUra="100" who="1" fromWho="3" sc="211,0,220,42,309,0,250,-32" /><INIT seed="3,0,0,2,5,59" ten="211,262,309,218" oya="3" hai0="110,91,34,100,68,121,28,83,0,103,49,72,125" hai1="20,70,64,55,86,8,77,128,48,74,111,73,114" hai2="92,115,52,53,132,87,45,43,81,5,102,57,16" hai3="107,88,33,14,69,126,54,75,130,1,47,71,40"/><W26/><G1/><T2/><D121/><U22/><E114/><V134/><F115/><W46/><G75/><T97/><D68/><U63/><E111/><V65/><F5/><W7/><G107/><T95/><D110/><U42/><E128/><V106/><F106/><W116/><G130/><T105/><D103/><U4/><E42/><V51/><F65/><W62/><G71/><T9/><D125/><U76/><E76/><V21/><F134/><W122/><G126/><T78/><D9/><U113/><E113/><V30/><F30/><W17/><G33/><T94/><D94/><U101/><E101/><V12/><F132/><W135/><G69/><T50/><D0/><U123/><E123/><V109/><F109/><W6/><G122/><T84/><D2/><U131/><E131/><V117/><F117/><W90/><G116/><T37/><D37/><U44/><E74/><V118/><F118/><W18/><G26/><AGARI ba="0,0" hai="26,28,34,49,50,72,78,83,84,91,95,97,100,105" machi="26" ten="40,2600,0" yaku="24,2" doraHai="59" who="0" fromWho="3" sc="211,26,262,0,309,0,218,-26" owari="237,-16.3,262,6.2,309,40.9,192,-30.8" /></mjloggm>