<mjloggm ver="2.3"><GO type="225" lobby="0"/><UN n0="%E3%81%8B%E3%82%8F%E3%81%A1%E3%82%83%E3%82%93%35%38" n1="%E6%9D%B1%E9%A2%A8%E3%81%AE%E3%81%8D%E3%82%83%E3%81%B7%E3%81%95%E3%82%93" n2="%E6%B0%B7%E5%B7%9D%E9%87%8C%E5%A5%88" n3="%E5%8D%A0%E3%81%84%E5%B8%AB%E8%A3%8F%E3%81%AA%E3%81%84%E3%81%97" dan="17,16,16,16" rate="2134.38,2131.68,2116.55,2121.20" sx="M,M,F,M"/><TAIKYOKU oya="0"/><INIT seed="0,0,0,3,4,128" ten="250,250,250,250" oya="0" hai0="88,12,104,110,28,53,49,0,68,25,6,31,22" hai1="54,135,38,119,59,93,11,107,65,133,96,82,21" hai2="91,131,97,113,41,3,51,36,18,69,10,120,44" hai3="43,129,80,42,124,52,2,112,101,105,85,76,118"/><T115/><D115/><U75/><E38/><V109/><F120/><W57/><G112/><T92/><D110/><U62/><E119/><V134/><F113/><W26/><G118/><T121/><D121/><U15/><E107/><V122/><F122/><W8/><G129/><T108/><D108/><U13/><E21/><V24/><F109/><W23/><G124/><T72/><D104/><U77/><E65/><V114/><F114/><W98/><G8/><T37/><D37/><U48/><E62/><V66/><F131/><W130/><G2/><T103/><D68/><U39/><E39/><V20/><F66/><W87/><G85/><T60/><D60/><U33/><E33/><V74/><F74/><W70/><G70/><T7/><D72/><U94/><E15/><V19/><F69/><W102/><G102/><T9/><D103/><U111/><E111/><V83/><F36/><W90/><G76/><T79/><D79/><U45/><E45/><V29/><F3/><W30/><REACH who="3" step="1"/><G130/><REACH who="3" ten="250,250,250,240" step="2"/><T126/><D126/><U127/><E127/><V47/><F10/><W132/><G132/><N who="1" m="50762" /><E96/><V17/><F134/><W55/><G55/><T1/><D1/><U89/><E89/><V32/><F97/><W71/><G71/><T58/><D0/><U40/><E40/><V81/><F91/><W117/><G117/><T27/><D6/><AGARI ba="0,1" hai="6,11,13,48,54,59,75,77,82,93,94" m="50762" machi="6" ten="30,7700,0" yaku="20,1,52,3" doraHai="128" who="1" fromWho="0" sc="250,-77,250,87,250,0,240,0" /><INIT seed="1,0,0,1,4,15" ten="173,337,250,240" oya="1" hai0="103,46,92,82,5,62,48,10,126,50,58,115,43" hai1="119,102,104,3,23,134,111,74,114,16,47,90,59" hai2="17,101,54,28,6,84,80,121,14,56,61,32,65" hai3="124,96,29,67,4,20,51,49,68,86,130,26,75"/><U19/><E3/><V37/><F121/><W129/><G75/><T100/><D126/><U97/><E74/><V69/><F37/><W127/><G4/><T34/><D115/><U70/><E70/><V42/><F42/><W22/><G86/><T106/><D106/><U11/><E114/><V83/><F101/><W12/><G96/><T113/><D34/><U120/><E47/><V30/><F6/><W110/><G110/><T135/><D135/><U53/><E120/><V108/><F108/><W77/><G77/><T9/><D113/><U79/><E79/><V25/><F30/><W13/><G67/><T118/><D118/><U31/><E111/><V112/><F84/><W131/><G68/><T57/><D82/><U116/><E90/><V8/><REACH who="2" step="1"/><F112/><REACH who="2" ten="173,337,240,240" step="2"/><W36/><G36/><T1/><D103/><U39/><E39/><V132/><F132/><W87/><G87/><T45/><D100/><U128/><E134/><V122/><F122/><W66/><G127/><T76/><D76/><U2/><E31/><V21/><F21/><W81/><G124/><T7/><D92/><U52/><E116/><V63/><AGARI ba="0,1" hai="8,14,17,25,28,32,54,56,61,63,65,69,80,83" machi="63" ten="20,8000,1" yaku="1,1,0,1,7,1,52,1,53,1" doraHai="15" doraHaiUra="27" who="2" fromWho="2" sc="173,-20,337,-40,240,90,240,-20" /><INIT seed="2,0,0,5,5,21" ten="153,297,330,220" oya="2" hai0="11,35,0,80,5,30,117,28,44,58,63,22,23" hai1="40,42,9,110,120,124,43,16,46,84,135,61,39" hai2="41,106,113,54,70,55,26,12,101,76,86,74,122" hai3="119,67,62,14,7,132,78,59,118,104,60,88,79"/><V50/><F113/><W126/><G104/><T8/><D117/><U36/><E135/><V49/><F122/><W25/><G126/><T133/><D133/><U81/><E110/><V97/><F74/><W82/><G132/><T83/><D35/><U102/><E102/><V123/><F70/><W96/><G119/><T92/><D44/><U129/><E61/><V72/><F72/><W15/><G118/><T38/><D38/><U114/><E114/><V111/><F123/><W17/><G62/><T24/><D8/><U13/><E129/><V64/><F64/><W112/><G112/><T131/><D131/><U45/><E120/><V1/><F1/><W109/><G109/><T98/><D23/><U66/><E42/><V71/><F71/><W95/><G78/><T91/><REACH who="0" step="1"/><D28/><REACH who="0" ten="143,297,330,220" step="2"/><U128/><E128/><V130/><F130/><W56/><G7/><T19/><D19/><U3/><E39/><V34/><F34/><W93/><G59/><T32/><D32/><U77/><E36/><V73/><F111/><W103/><G56/><T48/><D48/><U121/><E45/><V51/><F51/><W87/><G60/><T116/><D116/><U90/><E46/><V99/><F50/><W31/><G17/><T125/><D125/><U89/><E124/><V65/><F49/><W108/><G108/><T4/><D4/><U2/><E16/><V53/><F41/><W134/><G134/><T127/><D127/><U94/><E9/><V69/><F69/><W10/><G10/><T107/><D107/><U52/><E43/><V100/><F106/><W33/><G33/><RYUUKYOKU ba="0,1" sc="143,30,297,-10,330,-10,220,-10" hai0="0,5,11,22,24,30,58,63,80,83,91,92,98" /><INIT seed="3,1,1,5,1,4" ten="173,287,320,210" oya="3" hai0="31,38,41,33,68,121,16,104,9,7,69,129,108" hai1="106,44,20,18,77,34,27,98,75,42,6,17,96" hai2="134,10,116,71,122,111,19,110,28,30,56,21,65" hai3="125,61,66,12,101,135,119,63,80,133,25,32,94"/><W91/><G119/><T51/><D121/><U2/><E34/><V22/><F116/><W100/><G125/><T132/><D51/><U43/><E106/><V92/><F71/><W3/><G3/><N who="0" m="255" /><D16/><U26/><E77/><V5/><F92/><W59/><G80/><T112/><D108/><N who="2" m="41514" /><F134/><N who="3" m="51211" /><G12/><T99/><D132/><U1/><E75/><V79/><F79/><W120/><G120/><T57/><D57/><U128/><E128/><V124/><F124/><W15/><G15/><T48/><D48/><U84/><E84/><V113/><F113/><W103/><G61/><T89/><D89/><U86/><E86/><V64/><F122/><W73/><G73/><T72/><D112/><U93/><E6/><V76/><F76/><W52/><G52/><T50/><D50/><U107/><E107/><V14/><F22/><W24/><G32/><T105/><D129/><U87/><E87/><AGARI ba="1,1" hai="24,25,59,63,66,87,91,94,100,101,103" m="51211" machi="87" ten="30,1500,0" yaku="20,1" doraHai="4" who="3" fromWho="1" sc="173,0,287,-18,320,0,210,28" /><INIT seed="3,2,0,0,3,56" ten="173,269,320,238" oya="3" hai0="120,71,46,61,35,132,18,64,109,85,43,76,31" hai1="58,106,134,28,54,47,14,5,21,126,135,93,101" hai2="98,129,104,75,72,2,9,111,16,69,19,63,130" hai3="0,37,65,25,17,20,91,52,131,99,13,27,78"/><W105/><G0/><T94/><D109/><U82/><E106/><V124/><F111/><W127/><G37/><T40/><D132/><U51/><E126/><V133/><F124/><W62/><G127/><T110/><D120/><U84/><E101/><N who="2" m="62519" /><F133/><N who="1" m="50697" /><E93/><V97/><F97/><W33/><G131/><N who="2" m="50185" /><F63/><W112/><G112/><T68/><D110/><U29/><E47/><V108/><F69/><N who="3" m="42167" /><G78/><T123/><D123/><U103/><E103/><V45/><F45/><W113/><G91/><T32/><D71/><U12/><E5/><N who="2" m="1207" /><F108/><W79/><G79/><T117/><D43/><U50/><E50/><V119/><F119/><W11/><G113/><T6/><D117/><U74/><E74/><AGARI ba="2,0" hai="16,19,72,74,75" m="1207,50185,62519" machi="74" ten="30,2000,0" yaku="19,1,54,1" doraHai="56" who="2" fromWho="1" sc="173,0,269,-26,320,26,238,0" owari="173,-32.7,243,4.3,346,44.6,238,-16.2" /></mjloggm>