<mjloggm ver="2.3"><GO type="225" lobby="0"/><UN n0="%E6%AF%9B%E8%8D%92%E3%82%8C%E3%83%BB%E3%82%B9%E3%83%9F%E3%82%B9" n1="%E5%8D%A0%E3%81%84%E5%B8%AB%E8%A3%8F%E3%81%AA%E3%81%84%E3%81%97" n2="%E8%83%83%E3%81%A8%E8%85%B8" n3="%E5%B0%8F%E9%B3%A5%E9%81%8A%E7%B7%B4%E7%84%A1%32%31%E6%AD%B3" dan="16,16,16,16" rate="2007.25,2116.08,2207.87,2150.42" sx="F,M,M,F"/><TAIKYOKU oya="0"/><INIT seed="0,0,0,0,0,119" ten="250,250,250,250" oya="0" hai0="63,30,103,112,69,22,78,72,125,35,49,53,38" hai1="17,14,84,3,91,96,66,113,10,51,59,92,86" hai2="36,109,15,32,99,68,122,8,108,31,74,61,93" hai3="123,2,60,62,20,87,76,111,127,24,71,13,115"/><T117/><D112/><U89/><E3/><V100/><F74/><W48/><G2/><T101/><D117/><U7/><E113/><V124/><F36/><W67/><G115/><T45/><D125/><U27/><E66/><V64/><F124/><W106/><G127/><T40/><D35/><U52/><E27/><V28/><F122/><W25/><G106/><T107/><D107/><U131/><E131/><V44/><F44/><W121/><G111/><N who="2" m="42569" /><F32/><W81/><G60/><T75/><D30/><U43/><E43/><V19/><AGARI ba="0,0" hai="8,15,19,28,31,61,64,68,93,99,100" m="42569" machi="19" ten="30,1100,0" yaku="14,1" doraHai="119" who="2" fromWho="2" sc="250,-5,250,-3,250,11,250,-3" /><INIT seed="1,0,0,1,1,44" ten="245,247,261,247" oya="1" hai0="132,38,54,80,24,130,101,4,19,58,17,66,134" hai1="49,103,26,33,7,32,122,91,30,50,86,21,108" hai2="46,37,52,63,102,55,5,129,69,92,35,16,64" hai3="125,68,2,15,11,131,90,114,67,73,112,72,25"/><U126/><E122/><V41/><F35/><W70/><G2/><T106/><D130/><U89/><E126/><V61/><F5/><W40/><G40/><T56/><D38/><U93/><E103/><V107/><F107/><W118/><G131/><T94/><D106/><U96/><E7/><V85/><F129/><W133/><G125/><T14/><D66/><U13/><E108/><V128/><F128/><W78/><G133/><N who="0" m="51307" /><D80/><U47/><E47/><V59/><F102/><W48/><G90/><T34/><D4/><U127/><E127/><V45/><F16/><N who="0" m="6218" /><D14/><U20/><E32/><V60/><F85/><W28/><G15/><T88/><D101/><U9/><E33/><V0/><F92/><W3/><G67/><T123/><D123/><U120/><E120/><V75/><F75/><W119/><G72/><T43/><D43/><U6/><E21/><V124/><F0/><W23/><G73/><T81/><D81/><AGARI ba="0,0" hai="6,9,13,20,26,30,49,50,81,86,89,91,93,96" machi="81" ten="30,11600,0" yaku="7,1,8,1,52,2" doraHai="44" who="1" fromWho="0" sc="245,-116,247,116,261,0,247,0" /><INIT seed="1,1,0,4,5,87" ten="129,363,261,247" oya="1" hai0="113,1,126,36,104,25,122,99,73,118,134,7,48" hai1="45,34,117,84,129,75,57,94,85,98,10,43,112" hai2="128,96,97,35,41,67,91,56,8,61,77,70,20" hai3="71,39,72,16,28,55,59,17,108,107,93,78,102"/><U50/><E112/><V26/><F128/><W18/><G39/><T116/><D48/><U88/><E75/><V22/><F35/><W114/><G71/><T3/><D99/><U89/><E117/><V23/><F70/><W119/><G114/><T100/><D100/><U53/><E34/><V42/><F77/><W33/><G107/><T2/><D3/><U13/><E129/><V125/><F125/><W12/><G108/><T11/><D25/><U63/><E89/><V131/><F131/><W109/><G109/><T92/><D92/><U103/><E103/><V115/><F115/><W80/><G119/><T47/><D47/><U46/><E45/><V68/><F68/><W130/><G130/><T105/><D11/><U58/><E58/><V124/><F124/><W29/><G33/><T120/><D7/><AGARI ba="1,0" hai="7,10,13,43,46,50,53,57,63,84,85,88,94,98" machi="7" ten="30,11600,0" yaku="7,1,8,1,52,1,54,1" doraHai="87" who="1" fromWho="0" sc="129,-119,363,119,261,0,247,0" /><INIT seed="1,2,0,3,1,69" ten="10,482,261,247" oya="1" hai0="5,125,87,10,103,11,40,13,6,100,34,18,63" hai1="92,93,106,39,108,2,53,126,57,44,58,1,30" hai2="72,117,71,110,33,48,81,124,115,32,119,135,25" hai3="64,60,118,113,24,127,3,105,55,111,67,134,132"/><U77/><E106/><V17/><F48/><W14/><G3/><T86/><D125/><U21/><E126/><V109/><F81/><W75/><G127/><T91/><D34/><N who="2" m="13418" /><F71/><W130/><G105/><T97/><D40/><U20/><E30/><V0/><F72/><W102/><G113/><T85/><D63/><U31/><E31/><V56/><F56/><W116/><G75/><T7/><REACH who="0" step="1"/><D11/><REACH who="0" ten="0,482,261,247" step="2"/><U80/><E53/><V65/><F124/><W112/><G60/><T16/><D16/><U129/><E20/><N who="2" m="13455" /><F65/><W22/><G67/><T43/><D43/><U84/><E21/><V83/><F115/><W89/><G64/><T54/><D54/><U38/><E38/><V49/><F49/><W19/><G55/><T99/><D99/><U8/><E39/><V123/><F123/><W121/><G112/><T46/><D46/><U26/><E44/><V107/><F117/><W95/><G121/><T101/><D101/><U62/><E62/><V120/><F119/><N who="3" m="45611" /><G102/><T51/><D51/><U9/><E9/><V47/><F120/><W70/><G70/><T104/><D104/><U68/><E68/><V73/><F107/><W133/><G19/><T82/><D82/><U131/><E80/><V29/><F47/><W66/><G66/><T28/><D28/><U96/><E8/><V12/><F29/><W128/><G133/><T27/><D27/><U59/><E26/><V23/><F135/><W45/><G134/><T88/><D88/><U35/><E35/><V52/><F52/><W41/><G132/><T4/><N who="0" m="1024" /><DORA hai="79" /><T74/><D74/><U94/><E96/><RYUUKYOKU ba="2,1" sc="0,30,482,-10,261,-10,247,-10" hai0="10,13,18,85,86,87,91,97,100,103" /><INIT seed="2,3,1,1,0,0" ten="30,472,251,237" oya="2" hai0="83,112,100,12,29,16,118,23,53,98,111,102,135" hai1="14,30,55,43,91,38,63,93,108,45,84,3,1" hai2="52,99,21,86,77,31,35,40,39,85,26,46,101" hai3="68,120,47,105,127,128,106,80,110,4,76,117,5"/><V67/><F67/><W33/><G117/><T82/><D111/><U109/><E30/><V131/><F131/><W124/><G120/><T65/><D135/><U107/><E107/><N who="3" m="40970" /><G33/><T96/><D112/><U134/><E134/><V20/><F52/><W13/><G110/><N who="1" m="42602" /><E14/><V2/><F2/><W37/><G13/><T7/><D118/><U44/><E44/><V114/><F114/><W62/><G128/><T125/><D125/><N who="3" m="48201" /><G62/><T121/><D121/><U89/><E89/><V8/><F8/><W122/><G68/><T130/><D130/><U104/><E104/><V113/><F113/><W57/><G57/><AGARI ba="3,1" hai="1,3,38,43,45,55,57,63,84,91,93" m="42602" machi="57" ten="30,1000,0" yaku="14,1" doraHai="0" who="1" fromWho="3" sc="30,0,472,29,251,0,237,-19" /><INIT seed="3,0,0,0,4,34" ten="30,501,251,218" oya="3" hai0="8,90,135,3,55,115,119,118,13,85,105,95,87" hai1="38,116,76,1,15,70,79,62,75,131,33,63,94" hai2="53,121,102,125,22,6,31,48,74,84,99,36,12" hai3="27,65,72,59,67,83,92,58,68,89,50,35,108"/><W126/><G126/><T14/><D135/><U41/><E1/><V106/><F74/><W2/><G68/><T73/><D115/><U107/><E107/><V127/><F36/><W100/><G100/><T61/><D73/><U130/><E33/><V96/><F96/><W43/><G43/><T60/><D105/><U29/><E29/><V4/><F121/><W97/><G50/><T39/><D95/><U77/><E75/><V80/><F31/><W25/><G35/><T49/><D49/><U0/><E0/><V69/><F69/><W57/><G2/><T45/><D3/><U133/><E133/><V46/><F22/><W51/><G108/><T103/><D103/><U128/><E94/><V117/><F117/><W11/><G11/><T122/><D39/><U9/><E70/><V64/><F64/><N who="3" m="24651" /><G72/><T120/><D8/><U28/><E116/><V52/><F53/><W21/><G83/><T129/><D45/><N who="1" m="23735" /><E28/><V23/><F23/><W30/><G27/><T56/><D56/><U78/><E78/><N who="2" m="46103" /><F12/><W124/><G124/><AGARI ba="0,0" hai="4,6,46,48,52,99,102,106,124,125,127" m="46103" machi="124" ten="30,2000,0" yaku="18,1,54,1" doraHai="34" who="2" fromWho="3" sc="30,0,501,0,251,20,218,-20" owari="30,-47.0,501,60.1,271,7.1,198,-20.2" /></mjloggm>