<mjloggm ver="2.3"><GO type="225" lobby="0"/><UN n0="%E3%81%B5%E3%81%98%E3%81%8B%E3%81%A4" n1="%E3%81%BF%E3%81%BF%E3%81%9A" n2="%E3%81%AF%E3%82%88%E3%81%8A%E3%81%98%E3%81%95%E3%82%93" n3="%E3%83%8F%E3%83%B3%E3%83%89%E3%83%A9%E3%83%BC%E3%83%BB%E3%83%AF%E3%83%B3" dan="16,17,17,16" rate="2216.74,2212.04,2176.35,2115.48" sx="M,M,M,M"/><TAIKYOKU oya="0"/><INIT seed="0,0,0,1,1,132" ten="250,250,250,250" oya="0" hai0="38,8,67,123,122,131,49,104,16,115,71,48,11" hai1="111,19,30,113,88,83,7,126,68,129,118,47,91" hai2="82,35,4,135,3,89,18,32,0,26,51,94,80" hai3="13,62,46,44,105,56,97,77,107,6,116,106,36"/><T75/><D115/><U41/><E68/><V59/><F135/><W74/><G116/><T14/><D104/><U121/><E121/><V78/><F18/><W64/><G36/><T117/><D75/><U79/><E118/><V108/><F108/><W58/><G74/><T69/><D117/><U95/><E111/><V29/><F32/><W10/><G77/><T102/><D38/><U134/><E30/><V28/><F29/><W54/><REACH who="3" step="1"/><G97/><REACH who="3" ten="250,250,250,240" step="2"/><T114/><D114/><U24/><E79/><V86/><F78/><W63/><AGARI ba="0,1" hai="6,10,13,44,46,54,56,58,62,63,64,105,106,107" machi="63" ten="40,5200,0" yaku="1,1,2,1,0,1,53,0" doraHai="132" doraHaiUra="96" who="3" fromWho="3" sc="250,-26,250,-13,250,-13,240,62" /><INIT seed="1,0,0,2,3,56" ten="224,237,237,302" oya="1" hai0="67,4,112,63,104,71,22,77,10,37,133,68,0" hai1="55,115,58,72,6,35,11,113,53,24,62,60,75" hai2="15,105,127,17,43,14,13,101,99,40,54,19,23" hai3="126,100,108,123,16,65,122,95,121,27,116,93,117"/><U125/><E125/><V52/><F127/><W21/><G126/><T26/><D112/><U81/><E35/><V78/><F78/><W111/><G65/><T87/><D133/><U51/><E24/><V57/><F54/><W79/><G79/><T66/><D104/><U73/><E81/><V131/><F131/><W42/><G42/><T31/><D37/><U88/><E88/><V36/><F36/><W80/><G80/><T34/><D77/><U18/><E18/><V29/><F29/><W49/><G49/><T130/><D87/><U25/><E25/><V91/><F91/><W30/><G30/><T89/><D89/><U48/><E113/><V96/><F99/><N who="3" m="59503" /><G95/><T98/><D98/><U86/><E86/><V109/><F109/><AGARI ba="0,0" hai="16,21,27,108,109,111,116,117,121,122,123" m="59503" machi="109" ten="40,2600,0" yaku="14,1,54,1" doraHai="56" who="3" fromWho="2" sc="224,0,237,0,237,-26,302,26" /><INIT seed="2,0,0,4,3,7" ten="224,237,211,328" oya="2" hai0="84,25,101,18,50,131,39,0,33,54,41,63,34" hai1="16,91,13,35,132,74,114,119,87,112,21,31,135" hai2="106,69,23,53,56,116,67,120,121,97,134,28,81" hai3="52,24,30,59,40,124,88,128,15,79,130,37,46"/><V4/><F116/><W29/><G124/><T105/><D131/><N who="3" m="50217" /><G79/><T17/><D0/><U118/><E74/><V93/><F106/><W98/><G15/><T61/><D39/><U85/><E85/><V19/><F134/><N who="1" m="51241" /><E31/><V127/><F127/><W42/><G42/><T86/><D41/><U8/><E35/><V48/><F28/><W43/><G43/><T110/><D110/><U77/><E77/><V90/><F4/><W72/><G72/><T14/><D34/><U76/><E76/><V6/><F6/><W102/><G24/><T57/><D105/><U5/><E91/><V32/><F32/><W68/><G68/><T11/><D101/><U99/><E87/><N who="0" m="33321" /><D33/><U49/><E49/><V95/><F81/><W82/><G82/><T80/><D80/><U113/><E99/><V38/><F38/><W96/><G96/><T65/><D65/><U83/><E83/><V44/><F69/><W60/><G88/><T108/><D108/><U51/><E51/><V103/><F95/><AGARI ba="0,0" hai="29,30,37,40,46,52,59,60,95,98,102" m="50217" machi="95" ten="30,2000,0" yaku="19,1,54,1" doraHai="7" who="3" fromWho="2" sc="224,0,237,0,211,-20,328,20" /><INIT seed="3,0,0,1,3,114" ten="224,237,191,348" oya="3" hai0="81,3,130,82,52,112,83,122,48,89,57,94,123" hai1="74,16,117,31,135,15,87,109,1,120,77,129,61" hai2="71,4,28,5,88,116,126,11,29,66,70,103,21" hai3="80,30,124,25,45,26,69,73,97,125,43,106,85"/><W42/><G73/><T23/><D3/><U27/><E1/><V58/><F116/><W93/><G69/><T90/><D112/><U132/><E74/><V50/><F126/><N who="3" m="48747" /><G106/><T13/><D130/><U9/><E120/><V46/><F103/><N who="3" m="60847" /><G30/><T113/><D113/><U118/><E109/><V100/><F100/><W91/><G43/><T44/><D123/><U47/><E47/><V102/><F102/><W96/><G96/><N who="0" m="57423" /><D122/><U79/><E61/><V0/><F4/><W2/><G2/><T128/><D128/><U38/><E38/><AGARI ba="0,0" hai="25,26,38,42,45,80,85,91" m="60847,48747" machi="38" ten="30,1500,0" yaku="18,1" doraHai="114" who="3" fromWho="1" sc="224,0,237,-15,191,0,348,15" owari="224,2.4,222,-17.8,191,-30.9,363,46.3" /></mjloggm>