<mjloggm ver="2.3"><GO type="225" lobby="0"/><UN n0="%E5%B0%8F%E9%B3%A5%E9%81%8A%E7%B7%B4%E7%84%A1%32%31%E6%AD%B3" n1="%43%68%65" n2="%45%6C%79%73%69%75%6D" n3="%E6%B0%B7%E5%B7%9D%E9%87%8C%E5%A5%88" dan="16,16,17,16" rate="2193.25,2156.92,2118.94,2132.67" sx="F,M,F,F"/><TAIKYOKU oya="0"/><INIT seed="0,0,0,1,5,60" ten="250,250,250,250" oya="0" hai0="10,109,37,30,76,82,70,92,63,29,12,127,122" hai1="13,17,59,115,53,66,85,131,7,25,87,44,18" hai2="62,83,111,133,88,41,49,15,79,99,32,134,50" hai3="73,81,126,22,117,39,26,114,38,6,65,105,93"/><T42/><D122/><U121/><E121/><V75/><F32/><W123/><G114/><T56/><D127/><U4/><E115/><V86/><F99/><W72/><G123/><T0/><D70/><U48/><E131/><V112/><F112/><W14/><G117/><T36/><D92/><U97/><E97/><V24/><F111/><W16/><G105/><T51/><D0/><U100/><E100/><V47/><F24/><W118/><G118/><T31/><D51/><U8/><E25/><V119/><F119/><W64/><G126/><T20/><D42/><U96/><E96/><V71/><F15/><W98/><G38/><T103/><D103/><U23/><E7/><V135/><F49/><W45/><G39/><T69/><D69/><U68/><E68/><V107/><F107/><W2/><G2/><T104/><D104/><U128/><E128/><V116/><F116/><W91/><G45/><T90/><D90/><U33/><E33/><V57/><F71/><W80/><G73/><T9/><D37/><U78/><E78/><V130/><F130/><W35/><G35/><T113/><D36/><U3/><REACH who="1" step="1"/><E18/><REACH who="1" ten="250,240,250,250" step="2"/><V77/><REACH who="2" step="1"/><F75/><REACH who="2" ten="250,240,240,250" step="2"/><W74/><G72/><T89/><D113/><U52/><E52/><AGARI ba="0,2" hai="41,47,50,52,57,62,77,79,83,86,88,133,134,135" machi="52" ten="40,8000,1" yaku="1,1,2,1,20,1,54,2,53,0" doraHai="60" doraHaiUra="124" who="2" fromWho="1" sc="250,0,240,-80,240,100,250,0" /><INIT seed="1,0,0,1,3,109" ten="250,160,340,250" oya="1" hai0="7,8,45,5,68,129,74,57,16,58,104,19,14" hai1="114,111,135,24,121,82,119,56,93,36,81,80,99" hai2="117,122,127,30,126,102,76,88,49,50,97,31,46" hai3="44,0,131,60,123,9,18,73,78,106,105,28,11"/><U33/><E119/><V69/><F117/><W125/><G123/><T91/><D68/><U103/><E121/><V115/><F122/><W120/><G120/><T15/><D104/><U48/><E36/><V34/><F69/><W39/><G28/><T59/><D74/><U67/><E111/><V63/><F76/><W107/><G131/><T37/><D129/><U51/><E135/><V22/><F34/><W124/><G60/><T4/><D91/><U87/><E87/><V54/><F63/><W134/><G134/><T118/><D118/><U100/><E100/><V64/><F64/><W77/><G18/><T12/><D8/><N who="3" m="3145" /><G0/><T95/><D95/><U71/><E71/><V66/><F66/><W89/><G89/><T86/><D86/><U94/><E94/><V108/><F88/><W35/><G35/><T65/><D65/><U1/><E1/><V90/><F90/><W70/><G70/><T55/><D37/><U25/><E114/><V53/><F115/><W113/><G113/><T84/><D84/><U43/><E33/><V128/><F128/><W52/><G39/><T72/><D72/><U21/><E43/><V23/><F108/><W17/><G17/><T133/><D133/><U79/><E79/><N who="3" m="30218" /><G73/><T27/><D27/><N who="1" m="10315" /><E21/><N who="2" m="7691" /><F102/><W42/><G42/><T130/><D130/><U13/><E13/><V29/><F97/><W6/><G6/><T2/><D2/><U47/><E47/><N who="2" m="27839" /><F30/><W32/><G32/><T40/><D40/><U3/><E3/><V98/><F98/><W92/><G92/><T101/><D101/><U112/><E112/><V116/><F116/><RYUUKYOKU ba="0,0" sc="250,0,160,0,340,0,250,0" hai0="4,5,7,12,14,15,16,19,45,55,57,58,59" hai1="48,51,56,67,80,81,82,93,99,103" hai2="29,31,46,50,54,126,127" hai3="44,52,105,106,107,124,125" /><INIT seed="1,1,0,5,0,22" ten="250,160,340,250" oya="1" hai0="76,89,112,113,57,36,134,85,29,69,129,45,95" hai1="25,10,62,74,128,46,97,35,126,77,43,88,55" hai2="23,32,100,72,132,5,38,116,67,61,2,73,131" hai3="79,119,17,118,125,130,111,84,31,114,27,117,44"/><U33/><E126/><V93/><F32/><W110/><G114/><T11/><D69/><U104/><E128/><V24/><F38/><W92/><G125/><T21/><D129/><U12/><E77/><V127/><F116/><W54/><G130/><T20/><D134/><U40/><E74/><V16/><F131/><W78/><G17/><T48/><D36/><U102/><E88/><V30/><F132/><W37/><G92/><T82/><D57/><U60/><E43/><V15/><F127/><W42/><G54/><T81/><D81/><U0/><E0/><V56/><F5/><W41/><G41/><T94/><D94/><U90/><E90/><V50/><F50/><W34/><REACH who="3" step="1"/><G84/><REACH who="3" ten="250,160,340,240" step="2"/><T98/><D113/><U64/><E55/><V47/><F72/><W91/><G91/><T83/><D112/><U96/><E96/><V8/><F73/><W86/><G86/><T105/><D105/><U58/><E62/><V135/><F135/><W6/><G6/><T52/><D83/><U9/><E60/><V133/><F133/><W66/><G66/><T49/><D49/><U26/><E64/><V1/><F47/><W101/><G101/><T14/><D29/><U19/><E46/><V103/><F103/><W68/><G68/><T109/><D109/><AGARI ba="1,1" hai="27,31,34,37,42,44,78,79,109,110,111,117,118,119" machi="109" ten="50,8000,1" yaku="1,1,14,1,12,1,52,1,53,0" doraHai="22" doraHaiUra="63" who="3" fromWho="0" sc="250,-83,160,0,340,0,240,93" /><INIT seed="2,0,0,3,5,26" ten="167,160,340,333" oya="2" hai0="9,38,98,7,59,68,73,17,101,45,111,79,5" hai1="109,61,21,82,117,4,133,66,46,64,118,14,114" hai2="70,42,94,53,37,105,3,47,76,55,96,97,33" hai3="58,119,75,131,16,132,89,103,113,77,62,24,52"/><V27/><F3/><W92/><G119/><T56/><D68/><U63/><E114/><V120/><F120/><W28/><G131/><T67/><D17/><U15/><E109/><V93/><F70/><W8/><G132/><T86/><D86/><U54/><E133/><V135/><F76/><W11/><G103/><T69/><D5/><U130/><E130/><V81/><F81/><W35/><G113/><T40/><D111/><U123/><E123/><V29/><F105/><W36/><G36/><T48/><D59/><U95/><E82/><V102/><REACH who="2" step="1"/><F135/><REACH who="2" ten="167,160,330,333" step="2"/><W30/><G77/><T19/><D79/><U65/><E118/><V12/><F12/><W108/><G108/><T71/><D69/><U104/><E104/><V25/><F25/><W72/><G72/><T83/><D71/><U100/><E117/><V41/><F41/><W121/><G75/><T128/><D83/><U13/><E4/><V34/><F34/><W74/><G74/><T1/><D73/><U106/><E106/><V49/><F49/><W44/><G121/><T32/><D32/><U80/><E80/><V51/><F51/><W99/><G35/><T78/><D78/><U124/><E21/><V129/><F129/><W112/><G112/><T87/><D7/><U90/><E15/><V22/><F22/><N who="3" m="13383" /><G44/><T126/><D45/><U107/><E107/><V122/><F122/><W57/><G57/><T91/><D56/><U50/><E46/><V85/><F85/><W10/><AGARI ba="0,1" hai="8,10,11,28,30,52,58,62,89,92,99" m="13383" machi="10" ten="30,12000,2" yaku="25,1,8,1,52,2,54,2" doraHai="26" who="3" fromWho="3" sc="167,-30,160,-30,330,-60,333,130" /><INIT seed="3,0,0,4,2,120" ten="137,130,270,463" oya="3" hai0="38,119,133,108,109,62,3,92,124,52,126,96,84" hai1="47,4,56,31,97,6,83,66,2,11,53,45,135" hai2="39,48,125,99,93,85,23,17,10,114,123,81,64" hai3="22,61,113,24,42,59,75,27,127,78,16,79,50"/><W116/><G113/><T40/><D3/><U28/><E135/><V44/><F39/><W41/><G116/><T130/><D119/><U65/><E83/><V103/><F64/><N who="1" m="24681" /><E2/><V14/><F125/><N who="0" m="48234" /><D133/><U87/><E87/><V86/><F86/><W122/><G122/><T46/><D130/><U0/><E0/><V13/><F114/><W12/><G127/><T58/><D84/><U1/><E1/><V110/><F123/><W102/><G102/><AGARI ba="0,0" hai="38,40,46,52,58,62,92,96,102,108,109" m="48234" machi="102" ten="30,7700,0" yaku="18,1,52,2,54,1" doraHai="120" who="0" fromWho="3" sc="137,77,130,0,270,0,463,-77" owari="214,-18.6,130,-37.0,270,7.0,386,48.6" /></mjloggm>