<mjloggm ver="2.3"><GO type="225" lobby="0"/><UN n0="%6D%61%74%69%67%75%73%61" n1="%47%68%6F%73%74%55%30" n2="%E3%82%A2%E3%82%A4%E3%82%B9%E3%83%86%E3%82%A3%E3%83%BC%E3%81%82%E3%81%B9" n3="%E3%81%BF%E3%81%BF%E3%81%9A" dan="17,17,16,16" rate="2184.20,2188.97,2091.02,2154.16" sx="M,M,M,M"/><TAIKYOKU oya="0"/><INIT seed="0,0,0,2,2,92" ten="250,250,250,250" oya="0" hai0="123,83,96,112,95,94,115,27,84,77,9,15,14" hai1="70,114,48,80,33,12,31,8,23,20,108,4,73" hai2="53,17,118,133,127,51,7,47,24,125,126,40,111" hai3="10,93,81,3,49,0,22,36,135,113,59,16,99"/><T25/><D123/><U67/><E108/><V124/><N who="2" m="31744" /><DORA hai="128" /><V86/><F111/><W76/><G113/><T119/><D119/><U122/><E122/><V50/><F7/><W82/><G36/><T37/><D37/><U41/><E70/><V75/><F75/><W120/><G120/><T6/><D115/><U2/><E67/><V1/><F1/><W26/><G135/><T60/><D112/><U87/><E73/><V98/><F118/><W89/><G10/><T97/><D60/><U39/><E39/><V61/><F133/><W116/><G116/><T42/><D42/><U62/><E62/><V35/><F86/><W110/><G110/><T106/><D106/><U30/><E33/><V109/><F61/><W130/><G130/><T19/><D95/><U74/><E74/><V52/><F109/><W132/><G132/><T66/><D66/><U43/><E43/><V91/><F51/><W69/><G69/><T101/><REACH who="0" step="1"/><D96/><REACH who="0" ten="240,250,250,250" step="2"/><U32/><E114/><V11/><F98/><W121/><G121/><T107/><D107/><U85/><E48/><V100/><F50/><W18/><G49/><T29/><D29/><U131/><E41/><V45/><F40/><W63/><G82/><T105/><D105/><U58/><E31/><V78/><F47/><W129/><G129/><T79/><D79/><U38/><E38/><V34/><F78/><W72/><REACH who="3" step="1"/><G18/><REACH who="3" ten="240,250,250,240" step="2"/><T90/><D90/><U28/><E131/><V117/><F91/><W102/><G102/><T103/><D103/><U71/><E80/><V64/><F100/><W21/><G21/><AGARI ba="0,2" hai="6,9,14,15,19,21,25,27,77,83,84,94,97,101" machi="21" ten="30,11600,0" yaku="1,1,7,1,8,1,52,1,53,0" doraHai="92,128" doraHaiUra="44,46" who="0" fromWho="3" sc="240,136,250,0,250,0,240,-116" /><INIT seed="0,1,0,1,1,100" ten="376,250,250,124" oya="0" hai0="28,33,121,112,61,63,125,134,48,130,87,131,93" hai1="16,19,46,86,23,69,52,66,80,9,8,62,17" hai2="0,101,85,18,109,120,68,123,105,60,129,26,116" hai3="97,132,50,56,30,27,31,99,117,58,57,7,20"/><T82/><D112/><U70/><E70/><V45/><F109/><W118/><G7/><T21/><D121/><U122/><E122/><V114/><F114/><W22/><G132/><T34/><D93/><U108/><E108/><V12/><F0/><W78/><G78/><T84/><D48/><U10/><E46/><V39/><F129/><W102/><G50/><T72/><D72/><U35/><E35/><V65/><F116/><W67/><G67/><T3/><D3/><U6/><E6/><V104/><F26/><W36/><G36/><T76/><D125/><U126/><E126/><V4/><F4/><W37/><G37/><T41/><D41/><U51/><E51/><V133/><F101/><W53/><G53/><T106/><D21/><U71/><E71/><V54/><F133/><W38/><G38/><T49/><D49/><U32/><E32/><V75/><F54/><W111/><G111/><T88/><D134/><U59/><E69/><V1/><F75/><W89/><G89/><T96/><D28/><U29/><E66/><V103/><F103/><W79/><G79/><T92/><D61/><U83/><E86/><V124/><F85/><W44/><G44/><T81/><D63/><U91/><E91/><V98/><F1/><W47/><G47/><T73/><D73/><U135/><E135/><V13/><F124/><W55/><G55/><T11/><D76/><U14/><E14/><V64/><F123/><W95/><G99/><T24/><D96/><U42/><E42/><N who="2" m="22751" /><F98/><W25/><AGARI ba="1,0" hai="20,22,25,27,30,31,56,57,58,95,97,102,117,118" machi="25" ten="30,2000,0" yaku="0,1,9,1" doraHai="100" who="3" fromWho="3" sc="376,-11,250,-6,250,-6,124,23" /><INIT seed="1,0,0,0,4,76" ten="365,244,244,147" oya="1" hai0="89,32,39,88,71,16,108,19,31,47,57,79,15" hai1="62,75,60,97,8,48,59,28,134,83,22,67,7" hai2="26,90,30,128,37,11,63,2,55,66,73,124,125" hai3="120,131,82,87,52,24,3,115,130,77,42,114,50"/><U65/><E134/><V100/><F128/><N who="3" m="49195" /><G120/><T36/><D71/><U74/><E48/><V34/><F37/><W107/><G107/><T1/><D1/><U54/><E97/><V35/><F55/><W91/><G3/><T69/><D69/><U5/><E54/><V102/><F35/><W49/><G24/><T53/><D108/><U23/><E8/><V27/><F27/><W17/><G17/><T110/><D110/><U104/><E59/><V46/><F46/><N who="3" m="25815" /><G77/><T117/><D19/><U118/><E118/><V80/><F11/><W106/><G106/><T93/><D117/><U40/><E104/><V103/><F2/><W56/><AGARI ba="0,0" hai="50,52,56,82,87,91,114,115" m="25815,49195" machi="56" ten="30,4000,0" yaku="19,1,52,1,54,1" doraHai="76" who="3" fromWho="3" sc="365,-10,244,-20,244,-10,147,40" /><INIT seed="2,0,0,5,2,37" ten="355,224,234,187" oya="2" hai0="60,91,112,101,103,0,13,22,43,10,50,107,81" hai1="133,26,86,2,126,38,94,95,63,110,78,36,124" hai2="90,41,135,47,121,96,18,123,14,48,49,115,3" hai3="7,83,51,40,99,102,24,57,27,1,30,4,85"/><V34/><F115/><W97/><G1/><T19/><D112/><U106/><E110/><V6/><F135/><W88/><G57/><T44/><D107/><U12/><E106/><V93/><F34/><W76/><G76/><T62/><D0/><U68/><E2/><V66/><F66/><W32/><G27/><T109/><D109/><U75/><E133/><V42/><F6/><W116/><G116/><T69/><D69/><U21/><E12/><V54/><F3/><W17/><G17/><T127/><D127/><N who="1" m="48683" /><E75/><V20/><REACH who="2" step="1"/><F42/><REACH who="2" ten="355,224,224,187" step="2"/><W84/><G4/><T53/><D43/><U111/><E111/><V39/><F39/><W58/><G7/><T98/><D53/><U74/><E36/><V118/><F118/><W8/><G8/><T108/><D10/><U16/><E38/><V113/><F113/><W87/><G99/><T52/><D98/><U70/><E70/><V129/><F129/><W61/><G40/><T92/><D108/><U9/><E9/><V72/><F72/><W15/><G15/><T59/><D13/><U5/><E74/><V128/><F128/><W11/><G11/><T114/><D114/><U29/><E5/><V80/><F80/><W125/><G125/><T67/><D81/><N who="1" m="47415" /><E29/><V46/><AGARI ba="0,1" hai="14,18,20,41,46,47,48,49,54,90,93,96,121,123" machi="46" ten="20,18000,2" yaku="1,1,0,1,7,1,52,1,53,2" doraHai="37" doraHaiUra="117" who="2" fromWho="2" sc="355,-60,224,-60,224,190,187,-60" /><INIT seed="2,1,0,1,1,51" ten="295,164,414,127" oya="2" hai0="119,6,112,36,93,108,78,37,99,25,59,32,26" hai1="13,42,84,19,120,38,86,133,17,4,56,20,125" hai2="92,54,132,15,131,79,134,72,64,68,21,106,30" hai3="129,62,81,124,52,88,98,10,48,9,101,41,91"/><V24/><F106/><W8/><G129/><T128/><D112/><U12/><E125/><V77/><F72/><W35/><G124/><T23/><D128/><U96/><E133/><N who="2" m="51307" /><F131/><W49/><G35/><T33/><D108/><U61/><E4/><V100/><F15/><W1/><G1/><T16/><D119/><U46/><E96/><N who="2" m="59399" /><F54/><W123/><G123/><T73/><D6/><U34/><E120/><V118/><F118/><W113/><G113/><T39/><D73/><U85/><E34/><V104/><F104/><W40/><G62/><AGARI ba="1,0" hai="21,24,30,62,64,68,77,79" m="59399,51307" machi="62" ten="30,1500,0" yaku="20,1" doraHai="51" who="2" fromWho="3" sc="295,0,164,0,414,18,127,-18" /><INIT seed="2,2,0,5,2,12" ten="295,164,432,109" oya="2" hai0="111,134,71,106,36,96,119,58,29,25,86,107,30" hai1="104,66,132,47,128,68,70,49,57,26,118,72,20" hai2="64,60,74,110,122,78,43,83,39,2,0,115,46" hai3="55,99,11,105,45,133,129,33,35,5,14,82,87"/><V21/><F122/><W4/><G129/><T51/><D71/><U65/><E72/><V100/><F115/><W62/><G133/><T77/><D36/><U50/><E104/><V40/><F110/><W127/><G127/><T95/><D111/><U27/><E118/><V3/><F43/><W135/><G135/><T48/><D134/><U75/><E75/><V85/><F85/><W116/><G116/><T103/><D119/><U53/><E128/><V52/><F100/><W17/><G105/><T1/><D1/><U130/><E130/><V42/><F42/><W112/><G99/><T125/><D125/><U120/><E120/><V59/><REACH who="2" step="1"/><F21/><REACH who="2" ten="295,164,422,109" step="2"/><W22/><G112/><T19/><D86/><U28/><E132/><V90/><F90/><W121/><G121/><T7/><D103/><U9/><E20/><V94/><F94/><W114/><G114/><T88/><D106/><U98/><E98/><V123/><F123/><W23/><G33/><T37/><D107/><U84/><E84/><V93/><F93/><W131/><G35/><T126/><D126/><U109/><E109/><V91/><F91/><N who="3" m="51703" /><G131/><T97/><D97/><U73/><E73/><V117/><F117/><W63/><G22/><T113/><D113/><U34/><E34/><V31/><F31/><W56/><G23/><T108/><D29/><U15/><E28/><V24/><F24/><W44/><G62/><T54/><D30/><U89/><E89/><V10/><F10/><W79/><G79/><T101/><D77/><U32/><E32/><V18/><F18/><W80/><G80/><T102/><D108/><RYUUKYOKU ba="2,1" sc="295,-15,164,-15,422,15,109,15" hai2="0,2,3,39,40,46,52,59,60,64,74,78,83" hai3="4,5,11,14,17,44,45,55,56,63" /><INIT seed="2,3,1,1,4,56" ten="280,149,437,124" oya="2" hai0="115,112,84,73,38,70,57,22,134,26,65,58,129" hai1="123,105,117,27,39,1,61,86,34,15,90,31,106" hai2="131,48,126,32,77,37,69,135,94,119,60,54,114" hai3="62,10,82,109,124,59,64,7,118,79,2,5,13"/><V11/><F77/><W97/><G124/><T67/><D73/><U120/><E117/><V128/><F11/><W29/><G109/><T78/><D78/><U102/><E1/><V50/><F94/><W23/><G118/><T55/><D84/><U14/><E39/><V83/><F83/><W42/><G42/><T108/><D38/><U104/><E102/><V88/><F88/><W116/><G116/><T43/><D43/><U125/><E125/><V28/><F119/><W132/><G132/><T20/><D55/><U44/><E44/><V110/><F28/><W81/><G7/><T71/><D26/><U3/><E3/><V89/><F89/><W36/><G36/><T18/><D18/><U21/><E61/><V51/><F32/><W46/><G46/><T53/><D53/><U85/><E85/><V101/><F101/><W74/><G82/><T24/><D24/><U16/><REACH who="1" step="1"/><E14/><REACH who="1" ten="280,139,437,124" step="2"/><V63/><F126/><W133/><G133/><T72/><D134/><U98/><E98/><V4/><F135/><W52/><G97/><T111/><D72/><U41/><E41/><V45/><F63/><W91/><G91/><T68/><D68/><U122/><E122/><V9/><F69/><W80/><G81/><AGARI ba="3,2" hai="15,16,21,27,31,34,81,86,90,104,105,106,120,123" machi="81" ten="40,2600,0" yaku="1,1,54,1,53,0" doraHai="56" doraHaiUra="92" who="1" fromWho="3" sc="280,0,139,55,437,0,124,-35" /><INIT seed="3,0,0,5,3,60" ten="280,194,437,89" oya="3" hai0="58,88,118,6,50,24,21,9,11,96,29,3,93" hai1="113,122,82,72,111,83,30,106,59,44,32,10,89" hai2="47,74,25,115,52,56,95,130,131,104,34,121,124" hai3="105,126,17,112,23,75,99,36,33,73,134,7,103"/><W90/><G112/><T69/><D69/><U14/><E113/><V28/><F104/><W102/><G33/><T71/><D71/><U101/><E122/><V63/><F115/><W120/><G120/><T26/><D118/><U100/><E72/><V20/><F74/><W39/><G7/><T110/><D110/><U18/><E111/><V16/><F124/><W15/><G126/><T119/><D119/><U109/><E109/><V49/><F95/><W67/><G134/><T57/><D9/><U94/><E44/><V125/><F125/><W55/><G102/><N who="1" m="39530" /><E32/><V84/><F84/><W48/><G67/><T0/><D0/><U13/><E30/><V5/><F5/><W8/><G8/><T64/><D64/><U53/><E13/><V127/><F121/><W132/><G132/><T2/><D2/><U62/><E106/><V114/><F114/><W42/><G36/><T108/><D108/><U80/><E83/><V78/><F78/><W87/><G42/><T51/><D51/><U65/><E53/><V37/><F37/><W133/><G39/><T68/><D68/><U117/><E117/><V77/><F77/><W91/><G133/><T41/><D41/><U61/><E62/><V128/><F127/><W85/><G91/><T86/><D11/><U43/><E43/><N who="2" m="24831" /><F16/><W12/><G15/><T54/><D88/><U1/><E1/><V19/><F19/><W79/><G79/><T22/><D6/><U116/><E116/><V81/><F81/><N who="3" m="49455" /><G87/><AGARI ba="0,0" hai="10,14,18,59,61,65,80,82,87,89,94" m="39530" machi="87" ten="30,2000,0" yaku="8,1,52,1" doraHai="60" who="1" fromWho="3" sc="280,0,194,20,437,0,89,-20" owari="280,8.0,214,-18.6,437,53.7,69,-43.1" /></mjloggm>