<mjloggm ver="2.3"><GO type="225" lobby="0"/><UN n0="%4B%2E%32%2E%4B%2E" n1="%E6%AB%BB%E4%BA%95%E5%A5%8F" n2="%E7%99%BD%E9%9B%AA%E4%B9%83%E6%84%9B" n3="%30%2E%31%32%30" dan="17,17,16,16" rate="2170.63,2220.15,2102.21,2123.19" sx="M,M,F,M"/><TAIKYOKU oya="0"/><INIT seed="0,0,0,1,0,21" ten="250,250,250,250" oya="0" hai0="93,39,15,9,28,135,42,27,132,116,75,4,13" hai1="94,96,49,54,107,20,44,48,71,74,105,76,98" hai2="16,126,122,110,128,63,133,111,117,65,18,112,73" hai3="125,11,51,84,7,78,8,82,41,23,57,68,59"/><T66/><D116/><U104/><E71/><V83/><F122/><W106/><G68/><T114/><D114/><U31/><E76/><N who="2" m="44431" /><F112/><W70/><G70/><T86/><D75/><U87/><E74/><V62/><F126/><W17/><G106/><T115/><D115/><U123/><E123/><V58/><F128/><W19/><G125/><T30/><D66/><U52/><E87/><V127/><F127/><W29/><G29/><T103/><D15/><U43/><E43/><V79/><F79/><W37/><G37/><T32/><D30/><U14/><E94/><V99/><F133/><N who="0" m="51274" /><D103/><U92/><E92/><V12/><F117/><W89/><G17/><N who="2" m="6761" /><F12/><N who="3" m="9703" /><G89/><N who="0" m="53431" /><D42/><U0/><E14/><V22/><F22/><W101/><G101/><T1/><D1/><U6/><E0/><V108/><F99/><W45/><G7/><T124/><D124/><U109/><E6/><V69/><F69/><W118/><G118/><T46/><D46/><U80/><E20/><V34/><F34/><W120/><G120/><T55/><D55/><U40/><E54/><V47/><F47/><W38/><G38/><AGARI ba="0,0" hai="4,9,13,27,28,32,38,39" m="53431,51274" machi="38" ten="30,2900,0" yaku="20,1,52,1" doraHai="21" who="0" fromWho="3" sc="250,29,250,0,250,0,250,-29" /><INIT seed="0,1,0,3,4,117" ten="279,250,250,221" oya="0" hai0="107,47,63,106,86,3,96,23,15,95,91,135,37" hai1="75,110,14,52,1,9,28,41,108,102,22,49,7" hai2="26,126,97,44,127,32,67,81,51,113,130,84,21" hai3="64,125,68,8,62,131,74,60,36,99,50,115,94"/><T17/><D135/><U133/><E75/><V92/><F113/><W100/><G74/><T98/><D3/><U65/><E133/><V123/><F32/><W104/><G115/><T90/><D63/><U88/><E102/><V48/><F130/><W66/><G36/><T87/><D106/><U54/><E65/><V46/><F67/><W82/><G131/><T55/><D107/><U5/><E41/><V89/><F123/><W30/><G125/><N who="2" m="47625" /><F46/><W121/><G121/><T39/><D39/><U24/><E7/><V132/><F44/><W101/><G30/><T134/><D134/><U78/><E78/><N who="2" m="46135" /><F132/><W56/><G50/><N who="0" m="29151" /><D37/><U122/><E122/><V20/><F20/><W38/><G38/><T13/><D13/><U18/><E49/><V42/><F42/><W0/><G0/><T16/><D17/><AGARI ba="1,0" hai="17,21,26,48,51,89,92,97" m="46135,47625" machi="17" ten="30,1000,0" yaku="18,1" doraHai="117" who="2" fromWho="0" sc="279,-13,250,0,250,13,221,0" /><INIT seed="1,0,0,0,4,60" ten="266,250,263,221" oya="1" hai0="109,116,48,59,29,4,6,104,17,101,33,133,134" hai1="121,75,83,96,97,112,15,26,19,35,39,118,27" hai2="79,18,54,67,32,7,71,92,125,120,10,55,126" hai3="91,103,119,61,63,108,100,25,47,73,93,5,107"/><U94/><E112/><V124/><F120/><W68/><G73/><T50/><D116/><U56/><E118/><V123/><F123/><W122/><G119/><T74/><D74/><U8/><E39/><V130/><F32/><W12/><G107/><T11/><D109/><U30/><E121/><V76/><F130/><W34/><G108/><T95/><D104/><U1/><E1/><N who="2" m="367" /><F18/><W102/><G122/><T40/><D17/><U113/><E113/><V89/><F71/><W98/><G68/><T58/><D29/><U3/><E3/><V24/><F24/><W129/><G129/><T84/><D33/><U2/><E2/><V106/><F106/><W66/><G47/><T111/><D84/><U51/><E26/><V41/><F41/><W44/><G44/><T80/><D80/><U72/><E83/><V36/><F67/><W23/><G34/><T46/><D50/><U85/><E85/><N who="2" m="52271" /><F36/><W31/><REACH who="3" step="1"/><G66/><REACH who="3" ten="266,250,263,211" step="2"/><T128/><D128/><U22/><E35/><V28/><F126/><W49/><G49/><T53/><D111/><U45/><E56/><V88/><F125/><W82/><G82/><T64/><D64/><U14/><E72/><V62/><F124/><W43/><G43/><T78/><D59/><U52/><E75/><V42/><F42/><W117/><G117/><T127/><D127/><U0/><E94/><V38/><F38/><W77/><G77/><T115/><D58/><U70/><E70/><V114/><F79/><W132/><G132/><T135/><D135/><U110/><E110/><V37/><F37/><W81/><G81/><T90/><D134/><RYUUKYOKU ba="0,1" sc="266,-10,250,-10,263,-10,211,30" hai3="5,12,23,25,31,61,63,91,93,98,100,102,103" /><INIT seed="2,1,1,5,1,37" ten="256,240,253,241" oya="2" hai0="112,81,117,30,134,69,96,106,111,104,115,83,102" hai1="120,16,57,41,0,29,110,68,93,116,89,22,27" hai2="20,135,60,36,48,32,21,124,80,113,3,118,119" hai3="97,8,6,28,14,18,39,107,25,5,35,129,122"/><V87/><F113/><N who="0" m="43594" /><D69/><U45/><E116/><V54/><F36/><W62/><G122/><T31/><D31/><U132/><E0/><V133/><F32/><W61/><G39/><T38/><D30/><U56/><E68/><V70/><F3/><W1/><G6/><T53/><D53/><U40/><E110/><V88/><F124/><W34/><G34/><T4/><D4/><U26/><E132/><N who="2" m="50763" /><F60/><W11/><REACH who="3" step="1"/><G129/><REACH who="3" ten="256,240,253,231" step="2"/><T67/><D38/><U84/><E120/><V77/><F70/><W131/><G131/><T47/><D134/><U91/><E45/><N who="2" m="27919" /><F77/><W128/><G128/><T101/><D47/><U7/><E7/><V24/><F21/><W95/><G95/><T51/><D104/><U109/><E109/><V2/><F2/><W114/><G114/><T49/><D106/><U126/><E126/><V130/><F130/><W86/><G86/><T65/><D111/><U64/><E57/><V100/><F100/><AGARI ba="1,2" hai="1,5,8,11,14,18,25,28,35,61,62,97,100,107" machi="100" ten="40,1300,0" yaku="1,1,53,0" doraHai="37" doraHaiUra="82" who="3" fromWho="2" sc="256,0,240,0,253,-16,231,36" /><INIT seed="3,0,0,5,3,68" ten="256,240,237,267" oya="3" hai0="31,7,96,103,57,64,131,121,107,9,23,3,40" hai1="95,119,18,11,74,44,55,12,22,8,133,26,104" hai2="134,0,20,81,5,111,30,10,25,59,102,39,6" hai3="1,71,108,69,84,115,34,85,91,45,79,83,135"/><W97/><G115/><T32/><D121/><U105/><E74/><V129/><F6/><W41/><G34/><T99/><D131/><U113/><E113/><V124/><F129/><W77/><G1/><T90/><D23/><U49/><E133/><V51/><F111/><W16/><G108/><T17/><D17/><U114/><E114/><V2/><F134/><W82/><G135/><T35/><D40/><U43/><E119/><V60/><F124/><W118/><G118/><T27/><D35/><U53/><E8/><V54/><F102/><W58/><G58/><T56/><D64/><U128/><E128/><V38/><F0/><W88/><G16/><T92/><AGARI ba="0,0" hai="3,7,9,27,31,32,56,57,90,92,96,99,103,107" machi="92" ten="30,1100,0" yaku="0,1" doraHai="68" who="0" fromWho="0" sc="256,11,240,-3,237,-3,267,-5" /><INIT seed="4,0,0,2,3,22" ten="267,237,234,262" oya="0" hai0="113,134,1,62,101,112,27,2,51,43,30,0,108" hai1="121,92,41,63,88,11,95,60,98,111,10,97,18" hai2="89,54,119,12,48,26,56,73,15,110,34,122,35" hai3="81,6,46,82,77,49,47,104,31,67,9,118,29"/><T107/><D134/><U87/><E121/><V32/><F110/><W99/><G118/><T4/><D108/><U131/><E111/><V96/><F122/><W5/><G67/><T70/><D51/><U133/><E133/><V91/><F73/><W128/><G128/><T84/><D84/><U126/><E131/><V90/><F119/><W72/><G99/><N who="0" m="61887" /><D43/><U3/><E126/><V74/><F74/><W52/><G104/><T102/><D102/><U106/><E41/><V132/><F132/><W76/><G46/><T71/><D4/><U124/><E124/><V50/><F50/><W100/><G100/><T16/><D16/><U36/><E36/><V94/><REACH who="2" step="1"/><F26/><REACH who="2" ten="267,237,224,262" step="2"/><W83/><G72/><T75/><D75/><U79/><E106/><V105/><F105/><W117/><G117/><T103/><D113/><U24/><E24/><V68/><F68/><W69/><G69/><T61/><D112/><U64/><E60/><V8/><F8/><W33/><G9/><T80/><D62/><U19/><E10/><V116/><F116/><W25/><G31/><T78/><D61/><U120/><E120/><V127/><F127/><W37/><G37/><T42/><D70/><U58/><E11/><V28/><F28/><W93/><G5/><T13/><D71/><U114/><E114/><V7/><F7/><W20/><G6/><T125/><D125/><U59/><E3/><V109/><F109/><W55/><G49/><T17/><D2/><U65/><E65/><V21/><F21/><W53/><G20/><N who="0" m="11311" /><D1/><U14/><E14/><AGARI ba="0,1" hai="12,14,15,32,34,35,48,54,56,89,90,91,94,96" machi="14" ten="40,1300,0" yaku="1,1,53,0" doraHai="22" doraHaiUra="123" who="2" fromWho="1" sc="267,0,237,-13,224,23,262,0" /><INIT seed="5,0,0,2,1,48" ten="267,224,247,262" oya="1" hai0="72,90,53,4,41,107,59,63,45,83,64,52,119" hai1="23,124,15,26,105,54,34,61,62,37,120,55,0" hai2="66,17,6,96,32,113,127,88,104,56,93,74,99" hai3="10,9,123,77,76,1,21,71,68,78,33,18,92"/><U58/><E0/><V25/><F74/><W121/><G33/><T108/><D108/><U50/><E37/><V38/><F38/><W19/><G92/><T91/><D119/><U3/><E3/><V110/><F110/><W82/><G82/><T103/><D4/><U89/><E105/><V81/><F127/><W60/><G1/><T115/><D107/><U134/><E120/><N who="3" m="46154" /><G60/><T84/><D115/><U101/><E124/><V27/><F6/><W57/><G57/><T106/><D72/><U114/><E114/><V98/><F113/><W69/><G21/><T12/><D12/><U131/><E134/><V13/><F81/><W29/><G29/><T109/><D109/><U111/><E131/><V97/><F32/><W40/><G40/><T30/><D30/><U85/><E101/><V20/><F104/><W132/><G132/><T43/><D43/><U122/><E122/><V86/><N who="2" m="24576" /><DORA hai="44" /><V135/><F135/><W7/><G7/><T95/><D103/><U87/><E111/><V126/><F126/><W46/><G46/><T128/><D106/><U39/><E39/><V49/><F66/><W14/><G14/><T65/><D65/><U112/><E112/><V79/><F79/><W67/><G67/><T51/><D128/><U70/><E34/><V130/><F130/><W73/><G73/><T2/><D2/><U133/><E133/><V16/><F17/><AGARI ba="0,0" hai="9,10,17,18,19,68,69,71,76,77,78" m="46154" machi="17" ten="40,2600,0" yaku="28,2" doraHai="48,44" who="3" fromWho="2" sc="267,0,224,0,247,-26,262,26" /><INIT seed="6,0,0,2,3,58" ten="267,224,221,288" oya="2" hai0="103,124,14,79,53,27,107,82,26,34,72,59,111" hai1="127,78,93,133,38,25,116,61,77,12,62,15,9" hai2="81,18,112,117,64,52,44,17,118,43,13,31,24" hai3="19,69,73,106,90,126,96,74,122,101,50,21,85"/><V68/><F112/><W102/><G102/><T120/><D111/><U97/><E116/><V84/><F18/><W40/><G69/><T7/><D120/><U41/><E127/><V110/><F110/><W32/><G32/><T89/><D34/><U87/><E133/><V11/><F64/><W54/><G40/><T129/><D129/><U60/><E38/><V113/><F68/><W71/><G71/><T20/><D103/><N who="1" m="60847" /><E41/><V8/><F8/><W2/><G2/><T128/><D107/><U47/><E47/><V104/><F104/><W23/><G23/><T76/><D124/><U88/><E25/><V75/><F75/><W49/><G49/><T86/><D128/><U16/><E12/><V135/><F135/><W125/><G122/><T100/><D100/><U123/><E123/><V51/><F43/><W95/><G126/><T99/><D99/><U65/><E65/><V57/><F57/><N who="3" m="32983" /><G125/><T94/><D79/><U80/><AGARI ba="0,0" hai="9,15,16,60,61,62,77,78,80,87,88" m="60847" machi="80" ten="30,12000,2" yaku="8,1,52,3,54,2" doraHai="58" who="1" fromWho="1" sc="267,-30,224,120,221,-60,288,-30" owari="237,-16.3,344,44.4,161,-33.9,258,5.8" /></mjloggm>