<mjloggm ver="2.3"><GO type="225" lobby="0"/><UN n0="%33%74%72%65%65" n1="%E8%A8%88%E7%AE%97%E6%A9%9F%E8%87%AA%E7%84%B6" n2="%E4%B8%89%E6%A7%93%E5%AD%90" n3="%E6%80%AA%E3%81%97%E3%81%99%E3%81%8E%E3%82%8B%E3%83%81%E3%83%BC" dan="16,17,16,16" rate="2092.72,2233.00,2047.28,2103.15" sx="F,M,F,M"/><TAIKYOKU oya="0"/><INIT seed="0,0,0,3,0,73" ten="250,250,250,250" oya="0" hai0="8,104,92,132,81,1,65,19,113,24,97,56,64" hai1="76,94,99,49,69,122,40,7,111,82,88,67,10" hai2="28,100,6,121,45,34,20,74,117,91,62,55,32" hai3="84,95,119,59,120,85,30,47,37,109,16,60,110"/><T0/><D113/><U29/><E122/><V130/><F121/><W9/><G120/><T133/><D104/><U51/><E111/><N who="3" m="42506" /><G119/><T11/><D81/><U77/><E29/><V128/><F74/><W14/><G30/><T42/><D42/><U36/><E36/><V13/><F100/><W38/><G95/><T21/><D11/><U108/><E108/><V87/><F6/><W61/><G61/><N who="0" m="37927" /><D8/><U18/><E40/><V125/><F125/><W102/><G102/><N who="0" m="60711" /><D65/><U131/><E67/><V17/><F117/><W50/><G38/><T78/><D78/><U112/><E76/><V4/><F4/><W68/><G37/><T127/><D127/><U53/><E7/><V118/><F118/><W35/><G35/><T80/><D80/><U103/><E112/><V44/><F32/><W48/><G68/><T70/><D70/><U107/><E69/><V105/><F105/><W106/><G106/><T71/><D71/><U3/><E107/><V58/><F34/><W25/><G85/><T41/><D41/><U54/><E103/><V90/><F90/><W123/><G84/><T27/><D27/><U101/><E101/><V52/><F55/><N who="3" m="33919" /><G123/><T12/><D24/><U22/><E88/><V134/><F91/><W2/><G2/><T83/><D83/><U46/><E3/><V129/><F87/><W5/><G47/><N who="2" m="17993" /><F28/><W72/><G72/><T66/><D66/><U89/><E89/><V57/><F57/><W39/><G39/><T43/><D43/><N who="1" m="24799" /><E94/><V23/><F23/><AGARI ba="0,0" hai="5,9,14,16,23,25,48,50" m="33919,42506" machi="23" ten="30,2000,0" yaku="14,1,54,1" doraHai="73" who="3" fromWho="2" sc="250,0,250,0,250,-20,250,20" /><INIT seed="1,0,0,1,4,37" ten="250,250,230,270" oya="1" hai0="54,74,71,102,22,123,21,43,35,134,86,108,88" hai1="12,66,109,10,0,107,121,78,110,111,126,72,47" hai2="39,49,119,124,87,118,116,100,16,80,18,112,76" hai3="81,46,11,58,115,33,91,4,20,120,114,82,1"/><U73/><E121/><V28/><F39/><W27/><G120/><T53/><D35/><U25/><E107/><V79/><F124/><W135/><G135/><T48/><D71/><U95/><E0/><V55/><F112/><W23/><G33/><T26/><D74/><U122/><E122/><V106/><F76/><W117/><G117/><T60/><D134/><U83/><E126/><V94/><F106/><W41/><G58/><N who="0" m="34895" /><D102/><U90/><E66/><V50/><F28/><W99/><G23/><N who="0" m="8715" /><D26/><U40/><E25/><V44/><REACH who="2" step="1"/><F50/><REACH who="2" ten="250,250,220,270" step="2"/><W19/><G114/><T65/><D123/><U103/><E72/><V30/><F30/><W96/><G115/><T13/><D108/><U3/><E73/><V56/><F56/><W113/><G113/><T38/><D38/><U70/><E109/><V130/><F130/><W57/><G57/><N who="0" m="32967" /><D65/><U131/><E131/><V84/><F84/><W15/><G99/><AGARI ba="0,1" hai="16,18,44,49,55,79,80,87,94,99,100,116,118,119" machi="99" ten="40,2600,0" yaku="1,1,54,1,53,0" doraHai="37" doraHaiUra="67" who="2" fromWho="3" sc="250,0,250,0,220,36,270,-26" /><INIT seed="2,0,0,5,5,127" ten="250,250,256,244" oya="2" hai0="132,123,8,116,4,73,54,100,48,6,76,90,62" hai1="81,61,68,33,128,72,98,95,40,18,103,47,83" hai2="5,65,114,105,1,0,78,19,63,69,51,10,12" hai3="93,124,14,30,75,80,117,27,86,56,119,46,32"/><V121/><F121/><W55/><G124/><T11/><D123/><U43/><E33/><V52/><F114/><W26/><G26/><T110/><D110/><U21/><E72/><V28/><F105/><W131/><G131/><T111/><D111/><U17/><E128/><V3/><F28/><W38/><G14/><T107/><D62/><U71/><E40/><V24/><F78/><W67/><G93/><T44/><D132/><U37/><E17/><V109/><F24/><W85/><G75/><T2/><D90/><U20/><E20/><V58/><REACH who="2" step="1"/><F109/><REACH who="2" ten="250,250,246,244" step="2"/><W135/><G135/><T112/><D76/><U102/><E18/><AGARI ba="0,1" hai="0,1,3,5,10,12,18,19,51,52,58,63,65,69" machi="18" ten="40,7700,0" yaku="1,1,2,1,54,1,53,0" doraHai="127" doraHaiUra="39" who="2" fromWho="1" sc="250,0,250,-77,246,87,244,0" /><INIT seed="2,1,0,3,0,19" ten="250,173,333,244" oya="2" hai0="22,43,57,41,121,16,91,50,10,126,63,64,108" hai1="87,30,61,18,55,85,102,78,31,109,5,40,127" hai2="135,133,81,69,21,14,49,72,74,34,123,59,115" hai3="2,39,15,4,122,99,120,119,95,98,65,38,44"/><V7/><F115/><W118/><G65/><T92/><D121/><U20/><E109/><V51/><F123/><W45/><G15/><N who="0" m="7287" /><D126/><U3/><E127/><V25/><F69/><W100/><G4/><T13/><D50/><U32/><E40/><V134/><F81/><W124/><G124/><T107/><D107/><U79/><E102/><V93/><F93/><W76/><G95/><T77/><D77/><N who="1" m="29195" /><E5/><V113/><F113/><W47/><G76/><T116/><D108/><U80/><E32/><V48/><F34/><W75/><G100/><T56/><D56/><N who="1" m="34975" /><E3/><V112/><F112/><W130/><G2/><T105/><D105/><U24/><E85/><V60/><F14/><W70/><G75/><T131/><D116/><U125/><E125/><V83/><F83/><W23/><G70/><T68/><D68/><U114/><E114/><V26/><F7/><W11/><G44/><T35/><D35/><U110/><E110/><V106/><F26/><W0/><G0/><T53/><D13/><U86/><E86/><V94/><F94/><W36/><G36/><T101/><D101/><U89/><AGARI ba="1,0" hai="18,20,24,30,31,80,87,89" m="34975,29195" machi="89" ten="30,2000,0" yaku="8,1,52,1" doraHai="19" who="1" fromWho="1" sc="250,-6,173,23,333,-11,244,-6" /><INIT seed="3,0,0,3,3,4" ten="244,196,322,238" oya="3" hai0="40,33,7,67,99,129,30,77,53,72,135,65,47" hai1="106,131,101,46,56,2,57,71,35,80,43,63,81" hai2="75,122,120,50,76,116,27,127,87,45,128,86,70" hai3="102,133,93,24,51,103,108,31,69,96,62,25,19"/><W79/><G133/><T37/><D129/><U18/><E131/><V66/><F116/><W28/><G108/><T44/><D135/><U92/><E106/><V21/><F128/><W41/><G79/><T13/><D33/><U39/><E35/><V0/><F0/><W109/><G19/><T10/><D30/><U8/><E71/><V112/><F112/><W114/><G102/><T123/><D123/><N who="2" m="47146" /><F127/><W1/><G1/><T49/><D72/><U68/><E68/><V98/><F98/><W107/><G93/><T90/><D77/><U121/><E121/><V118/><F118/><W3/><G3/><T23/><D23/><U58/><E63/><N who="2" m="40287" /><F76/><W11/><G41/><T26/><D26/><U88/><E101/><V94/><F94/><W97/><G51/><N who="0" m="28903" /><D37/><U104/><E104/><V9/><F9/><W117/><G11/><T22/><D22/><U5/><REACH who="1" step="1"/><E18/><REACH who="1" ten="244,186,322,238" step="2"/><N who="2" m="12727" /><F75/><W6/><G69/><T100/><D100/><U134/><E134/><V84/><F84/><AGARI ba="0,1" hai="2,5,8,39,43,46,56,57,58,80,81,84,88,92" machi="84" ten="40,5200,0" yaku="1,1,52,1,54,1,53,0" doraHai="4" doraHaiUra="132" who="1" fromWho="2" sc="244,0,186,62,322,-52,238,0" /><INIT seed="4,0,0,2,1,44" ten="244,248,270,238" oya="0" hai0="28,117,59,26,20,49,96,108,50,42,115,7,109" hai1="29,121,51,98,13,85,80,79,116,76,9,53,15" hai2="84,46,63,77,3,24,43,4,33,123,101,61,69" hai3="103,21,47,92,31,18,131,107,65,78,2,102,11"/><T56/><D117/><U128/><E121/><V118/><F118/><W67/><G107/><T95/><D7/><U70/><E70/><V82/><F123/><W48/><G131/><T32/><D32/><U68/><E68/><V125/><F125/><W1/><G1/><T106/><D106/><U37/><E37/><V0/><F69/><W52/><G78/><T81/><D42/><U23/><E128/><V83/><F101/><N who="3" m="38411" /><G2/><T10/><D10/><U105/><E98/><V40/><F40/><W112/><G112/><T87/><D115/><U30/><E76/><V130/><F130/><W12/><G92/><T111/><D95/><U86/><E86/><V124/><F124/><W27/><AGARI ba="0,0" hai="11,12,18,21,27,31,47,48,52,65,67" m="38411" machi="27" ten="30,4000,0" yaku="8,1,52,1,54,1" doraHai="44" who="3" fromWho="3" sc="244,-20,248,-10,270,-10,238,40" /><INIT seed="5,0,0,3,3,36" ten="224,238,260,278" oya="1" hai0="117,1,34,50,71,126,52,39,67,0,58,98,74" hai1="127,99,90,30,23,16,8,38,68,64,121,111,109" hai2="27,22,18,116,41,123,97,129,14,54,61,105,83" hai3="35,132,3,12,7,119,130,95,56,45,73,51,70"/><U9/><E121/><V15/><F116/><W5/><G70/><T26/><D117/><U91/><E127/><V79/><F123/><W62/><G35/><T49/><D39/><U110/><E30/><V122/><F122/><W32/><G32/><T65/><D74/><U82/><E38/><V94/><F105/><W86/><G3/><T31/><D126/><U88/><E99/><V2/><F2/><W114/><G73/><T104/><D49/><U4/><E4/><V42/><F129/><W47/><G114/><T128/><D128/><U93/><E93/><V24/><F24/><W115/><G132/><T40/><D67/><U43/><E43/><N who="2" m="16395" /><F83/><W80/><G115/><T63/><REACH who="0" step="1"/><D40/><REACH who="0" ten="214,238,260,278" step="2"/><U85/><E64/><V87/><F79/><W53/><G130/><T124/><D124/><U135/><E135/><V133/><F133/><W77/><G119/><T72/><D72/><U29/><E68/><V59/><F87/><W28/><G86/><T92/><D92/><U81/><E81/><V10/><F10/><N who="1" m="4201" /><E29/><V120/><F120/><W17/><G28/><T89/><D89/><AGARI ba="0,1" hai="14,15,18,22,27,54,59,61,89,94,97" m="16395" machi="89" ten="30,8000,1" yaku="25,1,8,1,52,3" doraHai="36" who="2" fromWho="0" sc="214,-80,238,0,260,90,278,0" owari="134,-36.6,238,-16.2,350,45.0,278,7.8" /></mjloggm>