<mjloggm ver="2.3"><GO type="225" lobby="0"/><UN n0="%4C%4F%4C%49%54%41" n1="%E5%8D%A0%E3%81%84%E5%B8%AB%E8%A3%8F%E3%81%AA%E3%81%84%E3%81%97" n2="%33%74%72%65%65" n3="%E3%81%A4%E3%81%A3%E3%81%B1%E3%82%8A%E3%83%9D%E3%83%BC%E3%83%AB" dan="16,17,16,16" rate="2190.63,2166.48,2119.10,2055.95" sx="F,M,F,M"/><TAIKYOKU oya="0"/><INIT seed="0,0,0,2,1,44" ten="250,250,250,250" oya="0" hai0="6,132,78,28,106,84,52,104,117,94,74,121,38" hai1="82,90,108,49,62,118,131,95,30,29,59,50,11" hai2="76,81,2,100,87,47,97,12,32,39,66,119,112" hai3="80,56,133,10,129,9,107,20,18,35,115,125,134"/><T22/><D117/><U40/><E118/><V72/><F119/><W69/><G69/><T91/><D121/><U15/><E108/><V57/><F2/><W0/><G107/><T42/><D6/><U34/><E82/><V16/><F112/><W31/><G115/><T99/><D132/><N who="3" m="50793" /><G129/><T103/><D42/><U127/><E40/><V48/><F32/><W96/><G125/><T92/><D38/><U53/><E34/><V110/><F110/><W37/><G37/><T83/><D28/><N who="1" m="10859" /><E131/><V128/><F39/><W43/><G96/><N who="0" m="59783" /><D52/><N who="1" m="34151" /><E127/><V26/><F72/><W70/><G70/><T33/><D22/><U135/><E53/><V109/><F109/><W3/><G43/><T5/><D5/><N who="1" m="3567" /><E135/><V86/><F128/><W4/><G80/><N who="0" m="45143" /><D33/><U130/><E130/><V54/><F54/><W75/><G35/><T122/><D122/><U61/><E61/><V101/><F66/><W88/><G0/><T13/><D13/><U120/><E120/><V85/><F12/><W102/><G3/><T89/><AGARI ba="0,0" hai="83,84,89,91,94,99,104,106" m="45143,59783" machi="89" ten="30,12000,1" yaku="35,5" doraHai="44" who="0" fromWho="0" sc="250,120,250,-40,250,-40,250,-40" /><INIT seed="0,1,0,3,4,30" ten="370,210,210,210" oya="0" hai0="124,17,77,96,31,117,35,24,66,121,60,12,63" hai1="9,59,36,22,115,50,129,54,43,2,4,71,1" hai2="27,11,108,87,132,103,56,42,40,46,70,78,127" hai3="97,38,116,52,68,39,131,61,94,125,88,20,91"/><T23/><D117/><U25/><E129/><V49/><F70/><W8/><G116/><T98/><D121/><U64/><E115/><V107/><F108/><W44/><G131/><T118/><D118/><U79/><E79/><V21/><F132/><W55/><G125/><T84/><D124/><U18/><E71/><V92/><F127/><W113/><G113/><T29/><D29/><U41/><E64/><V119/><F119/><W111/><G111/><T104/><D104/><U114/><E114/><V34/><F34/><W80/><G8/><T58/><REACH who="0" step="1"/><D63/><REACH who="0" ten="360,210,210,210" step="2"/><U89/><E36/><V120/><F107/><W112/><G61/><T16/><D16/><U5/><E5/><V100/><F120/><W7/><G7/><T134/><D134/><U13/><E1/><V32/><F103/><W62/><G62/><T75/><D75/><U45/><E2/><V81/><F100/><W0/><G0/><T95/><D95/><U15/><E4/><V3/><F92/><W26/><G112/><T57/><D57/><U14/><E59/><V99/><F56/><W90/><G68/><T74/><D74/><U101/><E101/><V10/><F3/><W76/><G39/><T65/><D65/><U47/><E47/><V28/><F46/><W133/><G38/><T135/><D135/><U69/><E69/><V6/><F6/><W109/><G133/><T86/><D86/><U37/><E37/><V110/><F87/><N who="3" m="48519" /><G109/><T130/><D130/><U93/><E9/><V128/><F110/><W72/><G72/><T105/><D105/><U123/><E123/><V106/><F128/><RYUUKYOKU ba="1,1" sc="360,15,210,15,210,-15,210,-15" hai0="12,17,23,24,31,35,58,60,66,77,84,96,98" hai1="13,14,15,18,22,25,41,43,45,50,54,89,93" /><INIT seed="0,2,1,0,4,20" ten="375,225,195,195" oya="0" hai0="50,94,6,30,66,36,2,81,7,23,135,95,115" hai1="37,14,25,126,82,34,55,59,134,64,120,16,11" hai2="12,100,5,122,130,78,58,53,69,19,68,51,76" hai3="49,28,33,40,21,98,92,110,77,17,29,35,72"/><T119/><D36/><U108/><E120/><V24/><F122/><W52/><G110/><T111/><D115/><U127/><E108/><V114/><F114/><W80/><G40/><T46/><D119/><U75/><E37/><V1/><F130/><W118/><G118/><T4/><D2/><U128/><E128/><V124/><F124/><N who="1" m="47657" /><E134/><V8/><F100/><W90/><G33/><T86/><D66/><U0/><E0/><V32/><F68/><W133/><G35/><T71/><D71/><U103/><E103/><V47/><F69/><W104/><G104/><T39/><D39/><U84/><E75/><V74/><F74/><W131/><G131/><T56/><D56/><U27/><E64/><V102/><F102/><W101/><G101/><T44/><D135/><U99/><E99/><V112/><F58/><W63/><G63/><T65/><D65/><U42/><E42/><V67/><F67/><W107/><G107/><T132/><D44/><U106/><E34/><V87/><F87/><W60/><G60/><T89/><D132/><U79/><E106/><V97/><F97/><W117/><G117/><T93/><D111/><U48/><AGARI ba="2,1" hai="11,14,16,25,27,48,55,59,79,82,84" m="47657" machi="48" ten="30,7900,0" yaku="18,1,52,2,54,1" doraHai="20" who="1" fromWho="1" sc="375,-41,225,95,195,-22,195,-22" /><INIT seed="1,0,0,3,0,37" ten="334,320,173,173" oya="1" hai0="32,50,48,11,44,92,22,94,40,119,108,2,101" hai1="127,71,4,16,100,103,110,124,125,68,47,118,80" hai2="120,53,23,70,34,20,38,133,30,56,55,132,88" hai3="87,13,6,130,45,0,111,115,1,117,99,17,81"/><U106/><E118/><V135/><F120/><W27/><G115/><T63/><D32/><U26/><E4/><V62/><F70/><N who="1" m="26665" /><E106/><V61/><F38/><W69/><G69/><T131/><D119/><U31/><E80/><V123/><F123/><W15/><G117/><T3/><D63/><N who="2" m="24074" /><F56/><W24/><G111/><T116/><D116/><U129/><E129/><V66/><F66/><W18/><G130/><T98/><D131/><U57/><E57/><V97/><F34/><W10/><G99/><T96/><D108/><U102/><E110/><V8/><F8/><N who="3" m="6375" /><G87/><T46/><D22/><N who="2" m="8234" /><F30/><W93/><G45/><T52/><REACH who="0" step="1"/><D11/><REACH who="0" ten="324,320,173,173" step="2"/><U5/><E31/><V77/><F135/><W85/><G0/><T64/><D64/><U33/><E33/><V49/><F133/><W79/><G1/><T42/><D42/><U19/><E125/><V65/><F65/><W95/><G6/><T25/><D25/><AGARI ba="0,1" hai="10,13,18,24,25,27,79,81,85,93,95" m="6375" machi="25" ten="30,1000,0" yaku="8,1" doraHai="37" who="3" fromWho="0" sc="324,-10,320,0,173,0,173,20" /><INIT seed="2,0,0,0,2,99" ten="314,320,173,193" oya="2" hai0="58,110,5,56,37,51,82,26,111,50,44,55,114" hai1="132,108,35,42,76,33,87,88,9,69,91,43,15" hai2="65,83,3,90,22,112,85,131,8,129,105,13,0" hai3="135,106,73,28,116,54,32,30,79,62,98,61,46"/><V126/><F112/><W104/><G116/><T17/><D114/><U4/><E69/><V71/><F126/><W72/><G32/><T12/><D5/><U121/><E108/><N who="0" m="41513" /><D26/><U120/><E132/><V41/><F41/><N who="1" m="15369" /><E91/><V49/><F49/><W80/><G98/><T7/><D7/><U2/><E76/><V103/><F22/><W125/><G46/><N who="0" m="28119" /><D37/><U45/><E45/><V97/><F65/><W127/><G54/><N who="0" m="30055" /><D82/><N who="1" m="49271" /><E2/><V107/><F71/><W101/><G80/><T119/><D119/><U124/><E124/><V21/><F21/><AGARI ba="0,0" hai="12,17,21,56,58" m="30055,28119,41513" machi="21" ten="30,1000,0" yaku="14,1" doraHai="99" who="0" fromWho="2" sc="314,10,320,0,173,-10,193,0" /><INIT seed="3,0,0,1,1,105" ten="324,320,163,193" oya="3" hai0="31,3,133,42,67,56,9,97,65,1,4,113,61" hai1="36,25,82,14,16,122,132,114,63,111,92,86,59" hai2="51,39,103,32,15,87,79,121,6,106,88,50,76" hai3="17,8,125,75,130,24,131,71,95,104,135,127,23"/><W37/><G104/><T38/><D133/><U0/><E122/><V19/><F39/><W134/><G71/><T89/><D31/><U100/><E0/><V94/><F32/><W90/><G37/><T118/><D118/><U27/><E36/><V52/><F121/><W123/><G75/><T44/><D113/><U129/><E111/><V58/><F6/><W66/><G66/><T110/><D110/><U13/><E129/><N who="3" m="49162" /><G123/><T12/><D65/><N who="1" m="39167" /><E13/><V109/><F109/><W64/><G64/><T46/><D46/><U47/><E47/><V41/><F41/><W80/><G80/><T60/><D60/><U73/><E73/><V101/><F51/><W34/><G34/><T112/><D112/><U70/><E70/><V21/><F106/><W83/><G83/><T7/><D4/><U55/><E132/><N who="3" m="50730" /><G8/><T99/><D38/><U102/><E114/><V108/><F108/><W29/><G29/><T74/><D74/><U115/><E115/><V81/><REACH who="2" step="1"/><F81/><REACH who="2" ten="324,320,153,193" step="2"/><W20/><G20/><T2/><D42/><U18/><E82/><V11/><F11/><W48/><G48/><T54/><D9/><U107/><E107/><V98/><F98/><AGARI ba="0,1" hai="17,23,24,90,95,98,125,127" m="50730,49162" machi="98" ten="30,11600,0" yaku="30,2,19,1,20,1" doraHai="105" who="3" fromWho="2" sc="324,0,320,0,153,-116,193,126" /><INIT seed="3,1,0,4,2,102" ten="324,320,37,319" oya="3" hai0="36,110,31,26,51,30,127,129,86,111,4,83,91" hai1="35,133,134,6,56,99,87,15,0,1,75,132,92" hai2="16,61,20,39,107,60,88,89,11,104,74,24,62" hai3="84,63,33,46,113,103,17,76,3,108,7,128,10"/><W71/><G113/><T122/><D36/><U14/><E75/><V64/><F64/><W121/><G121/><T55/><D122/><U118/><E118/><V58/><F58/><W54/><G33/><T41/><D127/><U38/><E38/><V116/><F116/><W27/><G128/><T130/><D41/><U95/><E35/><V43/><F74/><W45/><G103/><T40/><D4/><U73/><E73/><V50/><F39/><W101/><G101/><T8/><D8/><N who="1" m="4375" /><E15/><V77/><F77/><W135/><G135/><T65/><D65/><U48/><E87/><V93/><F11/><W98/><G98/><T5/><D40/><U126/><E126/><V66/><F66/><W57/><G71/><T105/><D5/><U68/><E68/><V53/><F43/><W32/><G108/><N who="0" m="41515" /><D105/><U44/><E56/><V115/><F115/><W19/><G32/><N who="0" m="20567" /><D31/><U59/><E59/><AGARI ba="1,0" hai="51,55,59,83,86,91,129,130" m="20567,41515" machi="59" ten="30,1000,0" yaku="14,1" doraHai="102" who="0" fromWho="1" sc="324,13,320,-13,37,0,319,0" owari="337,43.7,307,-9.3,37,-46.3,319,11.9" /></mjloggm>