<mjloggm ver="2.3"><GO type="225" lobby="0"/><UN n0="%E3%83%8F%E3%83%B3%E3%83%89%E3%83%A9%E3%83%BC%E3%83%BB%E3%83%AF%E3%83%B3" n1="%E3%81%B5%E3%81%98%E3%81%8B%E3%81%A4" n2="%E5%A4%96%E5%B7%9D%E7%AB%9C%E6%88%90" n3="%E3%81%82%E3%81%99%E3%81%AB%E3%82%83%E3%82%80" dan="17,17,16,16" rate="2189.41,2228.85,2154.15,2102.57" sx="M,M,M,F"/><TAIKYOKU oya="0"/><INIT seed="0,0,0,5,4,83" ten="250,250,250,250" oya="0" hai0="98,64,117,126,33,18,128,71,133,121,82,45,57" hai1="52,9,25,109,122,103,11,79,105,120,14,68,22" hai2="36,24,106,118,87,110,62,75,16,123,72,4,94" hai3="12,54,28,29,43,96,23,130,85,59,66,102,37"/><T129/><D117/><U113/><E68/><V15/><F123/><W78/><G130/><N who="0" m="50283" /><D121/><U49/><E79/><V69/><F106/><W91/><G78/><T2/><D2/><U114/><E105/><V70/><F36/><W80/><G66/><T7/><D7/><U74/><E103/><V10/><F118/><W48/><G43/><T35/><D71/><U132/><E74/><V92/><F110/><W107/><REACH who="3" step="1"/><G37/><REACH who="3" ten="250,250,250,240" step="2"/><T1/><D64/><U41/><E41/><V30/><F70/><W8/><G8/><T108/><D108/><U97/><E109/><V42/><F42/><W20/><G20/><T84/><D33/><U19/><E9/><V81/><F69/><W90/><G90/><T27/><D35/><U56/><E122/><V53/><F75/><W0/><G0/><T77/><D1/><U5/><E120/><V119/><F72/><W93/><G93/><T125/><D125/><U86/><E132/><V39/><F39/><W40/><G40/><T112/><D126/><U3/><E3/><V111/><F111/><W99/><G99/><T134/><D98/><U131/><E97/><V65/><F65/><W89/><G89/><T115/><D134/><U47/><E131/><V31/><F119/><W135/><G135/><T50/><D133/><U13/><E22/><N who="2" m="13383" /><F94/><W58/><G58/><T88/><D57/><U17/><E56/><N who="2" m="35087" /><F92/><W46/><G46/><T26/><D77/><AGARI ba="0,1" hai="4,10,15,30,31,77,81,87" m="35087,13383" machi="77" ten="30,3900,0" yaku="8,1,52,1,54,1" doraHai="83" who="2" fromWho="0" sc="250,-39,250,0,250,49,240,0" /><INIT seed="1,0,0,0,4,40" ten="211,250,299,240" oya="1" hai0="24,117,5,91,38,108,58,88,20,45,96,30,44" hai1="111,72,100,87,1,126,53,68,135,32,74,77,16" hai2="75,123,122,59,17,120,110,95,39,131,93,113,9" hai3="34,28,33,57,116,132,41,35,42,65,8,3,63"/><U51/><E68/><V128/><F39/><W62/><G132/><T46/><D117/><U21/><E32/><V60/><F75/><W70/><G28/><T90/><D38/><U127/><E135/><V47/><F110/><W81/><G116/><T22/><D108/><U124/><E1/><V49/><F17/><W71/><G71/><T97/><D5/><U0/><E0/><V31/><F9/><W115/><G115/><T85/><D85/><U99/><E111/><V133/><F31/><W54/><REACH who="3" step="1"/><G81/><REACH who="3" ten="211,250,299,230" step="2"/><T15/><D58/><N who="1" m="33087" /><E77/><V11/><F133/><W36/><G36/><T86/><D86/><U52/><E87/><V13/><F113/><W114/><G114/><T98/><REACH who="0" step="1"/><D15/><REACH who="0" ten="201,250,299,230" step="2"/><N who="1" m="9375" /><E72/><V4/><F123/><W29/><G29/><T67/><D67/><U19/><E74/><V50/><F122/><W48/><G48/><T94/><D94/><N who="1" m="58487" /><E19/><V134/><F120/><W73/><G73/><T102/><D102/><U80/><E80/><V12/><F134/><W26/><G26/><T104/><D104/><U121/><E121/><V69/><F13/><W105/><G105/><T83/><D83/><U125/><E125/><V25/><F25/><W23/><G23/><AGARI ba="0,2" hai="20,22,23,24,30,44,45,46,88,90,91,96,97,98" machi="23" ten="50,16000,3" yaku="1,1,29,2,8,1,52,3,54,1,53,0" doraHai="40" doraHaiUra="61" who="0" fromWho="3" sc="201,180,250,0,299,0,230,-160" /><INIT seed="2,0,0,2,1,1" ten="381,250,299,70" oya="2" hai0="99,49,33,12,56,131,125,13,100,47,43,97,29" hai1="102,54,55,110,107,45,24,63,64,40,83,5,106" hai2="36,105,52,10,7,98,31,135,32,124,26,85,17" hai3="38,39,16,94,112,61,78,73,126,118,35,93,15"/><V27/><F36/><W91/><G118/><T96/><D131/><U8/><E110/><V59/><F124/><W3/><G3/><T50/><D125/><U80/><E24/><V81/><F135/><W77/><G126/><T95/><D33/><U88/><E55/><V87/><F105/><W19/><G35/><T66/><D29/><U111/><E111/><V22/><F98/><N who="0" m="37994" /><D50/><U6/><E102/><V11/><F81/><W69/><G112/><T62/><AGARI ba="0,0" hai="12,13,43,47,49,56,62,66,95,99,100" m="37994" machi="62" ten="30,1100,0" yaku="8,1" doraHai="1" who="0" fromWho="0" sc="381,11,250,-3,299,-5,70,-3" /><INIT seed="3,0,0,2,1,78" ten="392,247,294,67" oya="3" hai0="83,23,126,73,28,81,70,7,100,24,21,2,114" hai1="92,46,45,27,20,31,38,18,10,130,75,42,106" hai2="0,25,134,108,58,29,86,103,14,124,98,12,65" hai3="118,69,63,37,135,33,84,116,123,17,64,91,11"/><W117/><G123/><T5/><D70/><U60/><E130/><V26/><F0/><W107/><G107/><T89/><D73/><U1/><E106/><V111/><F124/><W99/><G37/><T112/><D2/><U48/><E60/><N who="2" m="38039" /><F86/><W96/><G33/><T94/><D100/><U82/><E92/><N who="2" m="58823" /><F26/><W40/><G40/><T53/><D53/><U6/><E46/><V68/><F68/><W115/><G115/><N who="0" m="44075" /><D23/><U22/><E48/><V72/><F72/><W133/><G11/><T32/><D126/><U47/><E47/><V87/><F87/><W105/><G17/><T77/><D32/><U8/><E8/><V120/><F134/><N who="3" m="51211" /><G105/><T85/><D77/><N who="1" m="44351" /><E18/><V88/><F88/><W79/><G79/><T55/><D89/><U66/><E66/><V52/><F52/><W57/><G69/><T39/><D55/><U80/><E22/><N who="2" m="15543" /><F120/><W35/><G35/><T4/><D39/><U95/><E95/><AGARI ba="0,0" hai="57,63,64,84,91,95,96,99,116,117,118" m="51211" machi="95" ten="40,2000,0" yaku="20,1" doraHai="78" who="3" fromWho="1" sc="392,0,247,-20,294,0,67,20" /><INIT seed="3,1,0,3,3,40" ten="392,227,294,87" oya="3" hai0="90,77,33,126,103,57,115,13,55,123,62,37,91" hai1="64,78,133,111,9,74,30,47,99,20,1,51,41" hai2="35,97,69,132,34,11,135,22,23,71,72,129,14" hai3="4,18,107,7,112,28,52,119,88,106,93,80,122"/><W70/><G112/><T58/><D37/><U130/><E111/><V53/><F72/><W50/><G119/><T31/><D123/><U12/><E133/><N who="2" m="51275" /><F97/><W113/><G113/><T67/><D126/><U15/><E130/><V87/><F87/><N who="3" m="50279" /><G70/><N who="2" m="26633" /><F53/><W101/><G107/><T127/><D127/><U46/><E64/><V36/><F36/><W43/><G106/><T94/><D77/><U83/><E99/><V82/><F82/><W98/><G43/><T29/><D115/><U27/><E1/><V3/><F3/><W79/><G122/><T42/><D42/><U105/><E105/><V89/><F89/><N who="0" m="33802" /><D33/><N who="2" m="12298" /><F129/><W128/><G128/><T92/><D55/><U0/><E0/><V81/><F81/><W65/><G79/><T124/><D67/><U10/><E51/><V114/><F114/><W117/><G117/><T76/><D76/><U73/><E41/><V86/><F86/><W17/><G65/><T16/><D124/><U8/><REACH who="1" step="1"/><E74/><REACH who="1" ten="392,217,294,87" step="2"/><V121/><F121/><W109/><G109/><T32/><D32/><U134/><E134/><V84/><F84/><W24/><G28/><T60/><D31/><U49/><E49/><V85/><F85/><W100/><G100/><T45/><D103/><U66/><E66/><V108/><F108/><W25/><G4/><AGARI ba="1,1" hai="4,11,14,22,23" m="12298,26633,51275" machi="4" ten="40,1300,0" yaku="20,1" doraHai="40" who="2" fromWho="3" sc="392,0,217,0,294,26,87,-16" owari="392,49.2,217,-18.3,320,12.0,71,-42.9" /></mjloggm>