<mjloggm ver="2.3"><GO type="225" lobby="0"/><UN n0="%72%65%6E%6B%75%6E" n1="%E7%B4%94%E6%BD%94%E3%83%94%E3%83%A9%E3%83%8B%E3%82%A2" n2="%E3%81%A8%E3%82%93%E3%81%A8%E3%81%93%E3%81%A8%E3%82%93" n3="%4C%4F%4C%49%54%41" dan="17,16,16,16" rate="2251.93,2143.40,2120.87,2178.74" sx="M,M,F,F"/><TAIKYOKU oya="0"/><INIT seed="0,0,0,0,1,110" ten="250,250,250,250" oya="0" hai0="120,13,112,87,100,76,123,134,12,80,124,82,114" hai1="59,36,68,19,86,11,126,54,43,93,113,30,42" hai2="2,51,57,52,130,41,73,0,118,33,28,135,38" hai3="111,48,127,97,104,74,18,60,89,55,70,64,37"/><T115/><D13/><U88/><E68/><V25/><F130/><W26/><G74/><N who="0" m="43031" /><D12/><N who="1" m="7583" /><E36/><V79/><F135/><W67/><G37/><T94/><D134/><U98/><E126/><V131/><F131/><W75/><G75/><T117/><D124/><U34/><E34/><V81/><REACH who="2" step="1"/><F118/><REACH who="2" ten="250,250,240,250" step="2"/><W49/><G127/><T77/><D117/><U44/><E113/><V63/><F63/><W23/><G60/><T4/><D4/><U96/><E30/><V10/><F10/><W132/><G132/><T125/><D125/><U56/><E98/><AGARI ba="0,1" hai="77,82,87,94,98,100,112,114,115,120,123" m="43031" machi="98" ten="30,12000,1" yaku="34,2,52,3" doraHai="110" who="0" fromWho="1" sc="250,130,250,-120,240,0,250,0" /><INIT seed="0,1,0,5,0,67" ten="380,130,240,250" oya="0" hai0="122,110,124,126,75,127,71,87,24,62,65,53,93" hai1="49,113,130,32,96,120,28,83,115,57,18,95,76" hai2="121,55,119,25,94,102,81,3,117,68,48,43,123" hai3="1,0,112,22,46,97,42,27,64,72,31,19,33"/><T21/><D75/><U90/><E120/><V58/><F3/><W98/><G112/><N who="1" m="43082" /><E130/><V109/><F81/><W51/><G72/><T36/><D36/><U66/><E18/><V29/><F43/><W107/><G64/><T135/><D122/><U35/><E28/><V34/><F109/><W91/><G98/><T50/><D135/><U39/><E39/><V88/><F102/><W11/><G11/><T10/><BYE who="3" /><D10/><U92/><E92/><V69/><F121/><W105/><G105/><T2/><D2/><U73/><E49/><UN n3="%4C%4F%4C%49%54%41" /><V40/><F40/><W45/><G45/><N who="0" m="27855" /><D110/><U26/><E26/><V12/><F12/><W15/><REACH who="3" step="1"/><G91/><REACH who="3" ten="380,130,240,240" step="2"/><T13/><D124/><U125/><E125/><V118/><F123/><W116/><G116/><T41/><D126/><U80/><E80/><V104/><F104/><W111/><G111/><T52/><D127/><U100/><E90/><V132/><F132/><W30/><G30/><T16/><D65/><U8/><E8/><V70/><REACH who="2" step="1"/><F118/><REACH who="2" ten="380,130,230,240" step="2"/><W6/><G6/><T82/><D82/><U7/><E7/><V56/><F56/><W17/><G17/><T37/><D16/><U99/><E57/><V86/><AGARI ba="1,2" hai="25,29,34,48,55,58,68,69,70,86,88,94,117,119" machi="86" ten="40,12000,2" yaku="1,1,0,1,52,3,54,1,53,1" doraHai="67" doraHaiUra="47" who="2" fromWho="2" sc="380,-61,130,-31,230,143,240,-31" /><INIT seed="1,0,0,1,0,73" ten="319,99,373,209" oya="1" hai0="53,94,110,61,82,71,115,24,117,131,23,113,46" hai1="88,38,65,102,8,116,101,109,87,132,18,37,83" hai2="99,64,42,98,60,19,33,5,93,48,32,17,105" hai3="50,49,118,52,96,22,35,129,89,13,111,14,70"/><U39/><E116/><V74/><F74/><W72/><G35/><T86/><D117/><U106/><E132/><V40/><F105/><W81/><G118/><T26/><D110/><U104/><E109/><V107/><F107/><W91/><G111/><T56/><D131/><U34/><E34/><V47/><F5/><W0/><G0/><T4/><D4/><U124/><E124/><V6/><F6/><W76/><G70/><T133/><D133/><U68/><E104/><V25/><F40/><W100/><G49/><T85/><D71/><U51/><E51/><V75/><F75/><W121/><G121/><T114/><D46/><U126/><E126/><V66/><F99/><W44/><G129/><T103/><D23/><U36/><N who="1" m="9216" /><DORA hai="55" /><U90/><E90/><V1/><F1/><W62/><G62/><T125/><D125/><U69/><E106/><V122/><F64/><W59/><G44/><T108/><D108/><U3/><E3/><V63/><F60/><W84/><G72/><T119/><D119/><U79/><E68/><V41/><F41/><W112/><G112/><T54/><D54/><U29/><E29/><V16/><F122/><W15/><G22/><T67/><D53/><U11/><E88/><V27/><F33/><W10/><G10/><N who="1" m="3626" /><E18/><V95/><F32/><W12/><N who="3" m="3072" /><DORA hai="2" /><W135/><G135/><T9/><D9/><U134/><E134/><V120/><F120/><W31/><G31/><T30/><D30/><U43/><E43/><V127/><F127/><W20/><G20/><T45/><D114/><U97/><E97/><V21/><F98/><RYUUKYOKU ba="0,0" sc="319,-15,99,15,373,-15,209,15" hai1="65,69,79,83,87,101,102" hai3="50,52,59,76,81,84,89,91,96,100" /><INIT seed="1,1,0,3,1,35" ten="304,114,358,224" oya="1" hai0="91,3,41,2,123,113,17,65,122,109,24,82,50" hai1="64,29,62,39,14,67,100,129,124,20,0,132,90" hai2="107,19,38,77,106,36,32,54,28,116,9,44,101" hai3="5,47,133,68,60,110,84,59,21,74,75,15,85"/><U104/><E124/><V30/><F116/><W76/><G68/><T12/><D113/><U57/><E129/><V45/><F77/><W55/><G110/><T103/><D109/><U134/><E39/><V48/><F101/><W117/><G133/><N who="1" m="51306" /><E0/><N who="0" m="41" /><D65/><U52/><E100/><V81/><F81/><W40/><G117/><T128/><D103/><U58/><E104/><V118/><F19/><W11/><G21/><T98/><D24/><N who="1" m="16519" /><E14/><V4/><F38/><W73/><REACH who="3" step="1"/><G76/><REACH who="3" ten="304,114,358,214" step="2"/><T37/><D128/><U22/><E22/><V46/><F118/><W49/><AGARI ba="1,1" hai="5,11,15,40,47,49,55,59,60,73,74,75,84,85" machi="49" ten="30,7900,0" yaku="1,1,2,1,0,1,53,1" doraHai="35" doraHaiUra="56" who="3" fromWho="3" sc="304,-21,114,-40,358,-21,214,92" /><INIT seed="2,0,0,2,1,29" ten="283,74,337,306" oya="2" hai0="50,48,84,12,17,131,31,28,72,3,1,74,59" hai1="78,119,52,24,90,16,9,23,65,101,22,109,102" hai2="113,2,126,88,91,80,93,15,77,54,118,120,61" hai3="121,125,25,100,104,127,7,63,56,97,53,10,130"/><V133/><F2/><W71/><G121/><T60/><D131/><U79/><E119/><V0/><F0/><W6/><G130/><T47/><D3/><U8/><E109/><V11/><F113/><W122/><G122/><T107/><D107/><U73/><E73/><V117/><F120/><W111/><G111/><T19/><D1/><U49/><E65/><V27/><F126/><N who="3" m="48139" /><G10/><T44/><D84/><U92/><E9/><V36/><F36/><W45/><G71/><T105/><D105/><U30/><E8/><V20/><F133/><W58/><G45/><T112/><D59/><U134/><E134/><V69/><F69/><W94/><G94/><T43/><D60/><U39/><E39/><V64/><F93/><W46/><G46/><T108/><D12/><U123/><E123/><V34/><F117/><W57/><G25/><T5/><D108/><U132/><E132/><V70/><F118/><W75/><G75/><T103/><D103/><U86/><E101/><V66/><F64/><W42/><G42/><T68/><D68/><U55/><E102/><V21/><F54/><N who="3" m="34199" /><G58/><T41/><REACH who="0" step="1"/><D5/><REACH who="0" ten="273,74,337,306" step="2"/><U18/><E55/><V110/><F110/><W128/><G128/><T62/><D62/><AGARI ba="0,1" hai="6,7,53,57,62,97,100,104" m="34199,48139" machi="62" ten="30,1000,0" yaku="18,1" doraHai="29" who="3" fromWho="0" sc="273,-10,74,0,337,0,306,20" /><INIT seed="3,0,0,0,4,105" ten="263,74,337,326" oya="3" hai0="36,78,79,4,25,109,80,22,18,63,85,32,111" hai1="114,9,126,2,28,56,96,75,93,38,19,54,116" hai2="124,118,73,26,72,48,27,51,61,47,49,71,94" hai3="24,14,87,82,97,29,7,62,76,123,81,55,39"/><W122/><G39/><T107/><D36/><U44/><E114/><V91/><F118/><W129/><G129/><T35/><D107/><U20/><E126/><V5/><F5/><W53/><G97/><T66/><D4/><U16/><E116/><V45/><F71/><W90/><G7/><T52/><D78/><U3/><E38/><V83/><F61/><W60/><G14/><T70/><D32/><U127/><E44/><V31/><F26/><W69/><G60/><T33/><D35/><U135/><E135/><V117/><F117/><W89/><G89/><T12/><D33/><U132/><E132/><V46/><F83/><W11/><G11/><T86/><D12/><U17/><E127/><V50/><F50/><W21/><G55/><T37/><D37/><U68/><E68/><V102/><F102/><W95/><G82/><T6/><D6/><U30/><E9/><V120/><F120/><W15/><G15/><T8/><D8/><U74/><E54/><V134/><F124/><W84/><REACH who="3" step="1"/><G53/><REACH who="3" ten="263,74,337,316" step="2"/><T67/><D67/><AGARI ba="0,1" hai="21,24,29,62,67,69,76,81,84,87,90,95,122,123" machi="67" ten="40,3900,0" yaku="1,1,2,1,53,0" doraHai="105" doraHaiUra="130" who="3" fromWho="0" sc="263,-39,74,0,337,0,316,49" owari="224,-17.6,74,-42.6,337,13.7,365,46.5" /></mjloggm>