<mjloggm ver="2.3"><GO type="225" lobby="0"/><UN n0="%E3%83%97%E3%83%AC%E3%83%B4%E3%82%A1%E3%83%86%E3%82%A3" n1="%E3%81%BB%E3%81%86%E3%82%88%E3%81%86%E3%81%95%E3%81%8B%E3%81%AA" n2="%E3%83%A1%E3%82%AC%E3%83%87%E3%82%B8" n3="%63%68%78%62%64" dan="16,16,16,16" rate="2143.48,2137.21,2053.38,2133.52" sx="F,M,F,M"/><TAIKYOKU oya="0"/><INIT seed="0,0,0,5,1,49" ten="250,250,250,250" oya="0" hai0="107,74,111,60,127,23,88,113,39,10,102,90,66" hai1="45,40,57,18,38,33,64,34,120,0,22,80,48" hai2="81,103,31,44,77,65,115,128,32,78,13,30,42" hai3="3,121,100,35,61,89,85,112,50,36,8,24,70"/><T9/><D113/><U4/><E120/><V47/><F115/><W101/><G36/><T68/><D39/><U94/><E80/><V134/><F128/><W124/><G124/><T7/><D127/><U118/><E118/><V1/><F1/><W126/><G126/><T75/><D111/><U59/><E94/><V116/><F134/><W15/><G3/><T43/><D43/><U104/><E104/><V98/><F65/><W97/><G121/><T72/><D10/><U2/><E59/><V86/><F77/><W123/><G123/><T87/><D23/><U83/><E83/><V27/><F31/><W135/><G24/><T62/><D62/><U91/><E91/><V17/><F42/><W92/><G35/><T132/><D132/><U63/><E0/><V99/><F116/><W41/><G135/><T109/><D109/><U19/><E19/><V52/><F52/><W106/><G100/><T12/><REACH who="0" step="1"/><D87/><REACH who="0" ten="240,250,250,250" step="2"/><U67/><E38/><V117/><F117/><W20/><G85/><T46/><D46/><U119/><E119/><V71/><F44/><W37/><G41/><T28/><D28/><U5/><E33/><V95/><F47/><W76/><G112/><T54/><D54/><N who="1" m="34231" /><E34/><V16/><F86/><W26/><G37/><T25/><D25/><N who="1" m="14551" /><E2/><V110/><F110/><W93/><G26/><T114/><D114/><U131/><E131/><V51/><F27/><W129/><G129/><T108/><D108/><U58/><E67/><V53/><F32/><W84/><G61/><AGARI ba="0,1" hai="4,5,40,45,48,58,61,64" m="14551,34231" machi="61" ten="30,2000,0" yaku="8,1,52,1" doraHai="49" who="1" fromWho="3" sc="240,0,250,30,250,0,250,-20" /><INIT seed="1,0,0,1,3,9" ten="240,280,250,230" oya="1" hai0="95,33,8,55,80,3,61,124,99,92,104,34,32" hai1="105,107,75,45,28,25,23,31,101,94,89,129,11" hai2="72,29,7,111,41,127,0,97,118,6,51,35,15" hai3="93,60,37,5,113,63,66,30,133,134,48,14,135"/><U112/><E112/><V50/><F118/><W100/><G37/><T120/><D124/><U132/><E75/><V73/><F0/><W26/><G113/><T96/><D120/><U117/><E117/><V2/><F2/><W64/><G48/><T39/><D39/><U116/><E116/><V1/><F1/><W21/><G93/><T43/><D43/><U81/><E129/><V119/><F119/><W13/><G100/><T98/><D104/><U54/><E132/><V114/><F114/><W131/><G5/><T109/><D109/><U121/><E121/><V17/><F127/><W79/><G79/><T59/><D3/><U110/><E110/><V67/><F67/><N who="3" m="25643" /><G131/><T57/><D80/><U52/><E105/><V76/><F76/><W123/><G123/><T24/><D24/><U86/><E107/><V91/><F51/><W62/><AGARI ba="0,0" hai="13,14,21,26,30,60,62,63,133,134,135" m="25643" machi="62" ten="40,5200,0" yaku="20,1,52,2" doraHai="9" who="3" fromWho="3" sc="240,-13,280,-26,250,-13,230,52" /><INIT seed="2,0,0,2,4,92" ten="227,254,237,282" oya="2" hai0="119,129,130,52,85,30,6,90,81,111,113,24,54" hai1="88,48,69,39,70,66,16,122,108,65,95,104,125" hai2="67,109,64,32,18,135,99,120,21,75,102,14,82" hai3="79,11,17,127,50,132,47,112,68,103,78,58,107"/><V62/><F120/><W61/><G112/><T59/><D113/><U56/><E104/><V25/><F135/><W42/><G68/><T3/><D111/><U110/><E122/><V101/><F109/><N who="1" m="42089" /><E39/><V80/><F102/><W134/><G127/><T97/><D119/><U2/><E2/><V105/><F75/><W126/><G103/><T86/><D3/><U19/><E125/><V28/><REACH who="2" step="1"/><F67/><REACH who="2" ten="227,254,227,282" step="2"/><W63/><G132/><T49/><D130/><U128/><E128/><V100/><F100/><W71/><G134/><T83/><D129/><U38/><E65/><V8/><F8/><W13/><G126/><T123/><D123/><U118/><E118/><V9/><F9/><W77/><G107/><T4/><D54/><N who="1" m="31815" /><E66/><V53/><F53/><W84/><G11/><T35/><D4/><U106/><E106/><V7/><F7/><W114/><G114/><T116/><D6/><U36/><E36/><V94/><F94/><W76/><G71/><AGARI ba="0,1" hai="14,18,21,25,28,32,62,64,71,80,82,99,101,105" machi="71" ten="30,12000,1" yaku="1,1,7,1,25,2,52,1,53,0" doraHai="92" doraHaiUra="124" who="2" fromWho="3" sc="227,0,254,0,227,130,282,-120" /><INIT seed="2,1,0,5,0,99" ten="227,254,357,162" oya="2" hai0="61,31,42,76,130,38,75,0,105,83,54,40,117" hai1="35,18,59,113,56,120,26,67,23,104,9,4,109" hai2="98,30,37,112,69,6,70,3,122,16,47,11,128" hai3="15,53,33,19,46,24,72,95,32,64,73,60,115"/><V124/><F112/><W101/><G115/><T52/><D117/><U77/><E113/><V29/><F122/><W58/><G24/><T13/><D0/><U108/><E104/><V71/><F124/><W57/><G46/><T135/><D130/><U5/><E77/><V55/><F128/><W127/><G127/><T41/><D135/><U36/><E36/><V44/><F44/><W34/><G95/><T66/><D105/><U88/><E120/><V48/><F37/><W126/><G126/><T28/><D38/><U114/><E114/><V12/><REACH who="2" step="1"/><F98/><REACH who="2" ten="227,254,347,162" step="2"/><W84/><G84/><T90/><D40/><U49/><E108/><V10/><AGARI ba="1,1" hai="3,6,10,11,12,16,29,30,47,48,55,69,70,71" machi="10" ten="40,12000,1" yaku="1,1,2,1,0,1,54,1,53,0" doraHai="99" doraHaiUra="86" who="2" fromWho="2" sc="227,-41,254,-41,347,133,162,-41" /><INIT seed="2,2,0,3,5,39" ten="186,213,480,121" oya="2" hai0="97,93,42,33,59,105,47,68,95,70,100,30,64" hai1="83,19,10,110,40,41,16,119,127,80,52,49,91" hai2="133,85,121,1,32,99,4,27,81,120,65,132,17" hai3="89,72,126,86,111,102,14,116,36,46,2,82,84"/><V5/><F65/><W66/><G116/><T131/><D131/><U38/><E119/><V7/><F99/><W76/><G111/><T98/><D59/><N who="1" m="33167" /><E110/><V63/><F63/><W37/><G126/><T29/><D105/><U25/><E38/><V9/><F85/><W6/><G102/><T125/><D125/><U53/><E127/><V94/><F94/><W108/><G108/><T88/><D64/><U74/><E74/><V56/><F56/><W106/><G106/><T109/><D109/><U107/><E107/><V22/><F81/><N who="1" m="31305" /><E53/><V118/><F118/><W26/><G66/><T51/><REACH who="0" step="1"/><D33/><REACH who="0" ten="176,213,480,121" step="2"/><U96/><E10/><V71/><F32/><W31/><G89/><T130/><D130/><U87/><E96/><V55/><F71/><AGARI ba="2,1" hai="29,30,42,47,51,68,70,71,88,93,95,97,98,100" machi="71" ten="40,5200,0" yaku="1,1,52,1,54,1,53,0" doraHai="39" doraHaiUra="128" who="0" fromWho="2" sc="176,68,213,0,480,-58,121,0" /><INIT seed="3,0,0,3,4,5" ten="244,213,422,121" oya="3" hai0="104,117,72,67,119,109,128,69,94,114,129,19,2" hai1="130,39,101,58,71,16,124,68,9,93,51,132,29" hai2="74,17,44,83,45,60,121,7,116,108,91,0,38" hai3="103,85,110,133,57,82,131,113,36,127,54,107,64"/><W13/><G113/><T122/><D94/><U99/><E39/><V59/><F116/><W87/><G110/><T126/><D19/><U66/><E132/><V120/><F108/><W35/><G35/><T50/><D50/><U118/><E118/><V46/><F17/><W112/><G112/><T95/><D95/><U92/><E124/><V102/><F102/><W79/><G127/><T37/><D67/><U52/><E130/><V41/><F0/><W96/><G36/><T40/><D40/><U31/><E66/><V11/><F74/><W81/><G131/><T56/><D56/><U106/><E106/><V20/><F20/><W134/><G64/><T100/><D100/><U111/><E111/><V43/><F43/><W78/><REACH who="3" step="1"/><G13/><REACH who="3" ten="244,213,422,111" step="2"/><T115/><D114/><U62/><E68/><V26/><F38/><W55/><G55/><T105/><D129/><U123/><E71/><V125/><F125/><W80/><G80/><T89/><D119/><U42/><E123/><V25/><F121/><W10/><G10/><T84/><D84/><U8/><E92/><V77/><F120/><W12/><G12/><T86/><D86/><U65/><E65/><V18/><F11/><W76/><G76/><T75/><D75/><U32/><E32/><V63/><F77/><W73/><G73/><T21/><D21/><U61/><E8/><V4/><F83/><W14/><G14/><T33/><D89/><U22/><E9/><V30/><F91/><W70/><G70/><T23/><D23/><U3/><E93/><V49/><F41/><W48/><AGARI ba="0,1" hai="48,54,57,78,79,81,82,85,87,96,103,107,133,134" machi="48" ten="30,11700,0" yaku="1,1,0,1,9,1,53,1" doraHai="5" doraHaiUra="53" who="3" fromWho="3" sc="244,-39,213,-39,422,-39,111,127" /><INIT seed="3,1,0,2,5,109" ten="205,174,383,238" oya="3" hai0="121,44,111,46,99,122,105,76,123,127,35,22,67" hai1="130,41,107,36,55,131,38,73,84,62,29,37,25" hai2="20,100,54,68,129,124,14,72,95,115,118,9,134" hai3="52,57,7,30,108,81,32,82,34,96,65,113,53"/><W60/><G113/><T19/><D111/><U78/><E107/><V56/><F115/><W21/><G108/><T6/><D35/><U2/><E84/><V27/><F68/><W91/><G32/><T125/><D76/><U45/><E62/><V86/><F72/><W48/><G34/><T112/><D6/><U128/><E55/><V0/><F0/><W69/><G7/><T83/><D83/><U23/><E2/><V132/><F129/><W116/><G116/><T15/><D67/><U63/><E63/><V61/><F124/><N who="0" m="47690" /><D112/><U102/><REACH who="1" step="1"/><E102/><AGARI ba="1,0" hai="15,19,22,44,46,99,102,105,121,122,123" m="47690" machi="102" ten="40,1300,0" yaku="18,1" doraHai="109" who="0" fromWho="1" sc="205,16,174,-16,383,0,238,0" owari="221,-17.9,158,-34.2,383,48.3,238,3.8" /></mjloggm>