<mjloggm ver="2.3"><GO type="225" lobby="0"/><UN n0="%E5%8F%AF%E5%85%90%E9%82%A3%E7%94%B1%E5%A4%9A" n1="%E3%81%A9%E3%82%8F%E3%82%93%E3%81%94" n2="%6D%75%75%6D%75%72%61" n3="%E6%A0%B9%E5%85%83%E3%81%8B%E3%82%89%E5%90%B9%E3%81%A3%E9%A3%9B%E3%81%B6" dan="16,16,17,17" rate="2197.20,2110.99,2169.94,2213.58" sx="F,M,F,F"/><TAIKYOKU oya="0"/><INIT seed="0,0,0,1,4,77" ten="250,250,250,250" oya="0" hai0="131,14,49,31,102,93,120,74,48,85,135,10,80" hai1="83,20,100,0,7,88,13,9,33,111,6,99,108" hai2="125,106,25,79,24,62,64,52,109,96,3,128,61" hai3="82,51,94,65,66,22,118,98,32,42,134,15,17"/><T18/><D120/><U107/><E33/><V35/><F109/><N who="1" m="42057" /><E20/><V30/><F125/><W87/><G118/><T47/><D131/><U81/><E7/><V26/><F128/><W45/><G134/><T121/><D121/><U91/><E0/><V127/><F127/><W28/><G28/><T89/><D135/><U75/><E75/><V129/><F3/><W116/><G32/><T68/><D68/><U113/><E113/><V36/><F36/><W4/><G4/><T34/><D34/><U19/><E19/><V50/><F129/><W101/><REACH who="3" step="1"/><G116/><REACH who="3" ten="250,250,250,240" step="2"/><T126/><D126/><U124/><E124/><V41/><F35/><W23/><G23/><T97/><D31/><U123/><E123/><V16/><F30/><W104/><G104/><T29/><D29/><U115/><E115/><V44/><F16/><W60/><G60/><T132/><D132/><U5/><E5/><V8/><F62/><W86/><G86/><T1/><D1/><U105/><E107/><V67/><F8/><W130/><G130/><T119/><D119/><U53/><E53/><V110/><F110/><W39/><G39/><T78/><REACH who="0" step="1"/><D47/><REACH who="0" ten="240,250,250,240" step="2"/><U84/><E84/><V133/><F133/><W21/><G21/><T92/><AGARI ba="0,2" hai="10,14,18,48,49,74,78,80,85,89,92,93,97,102" machi="92" ten="20,12000,1" yaku="1,1,2,1,0,1,7,1,52,1,53,0" doraHai="77" doraHaiUra="38" who="0" fromWho="0" sc="240,140,250,-40,250,-40,240,-40" /><INIT seed="0,1,0,0,4,119" ten="380,210,210,200" oya="0" hai0="124,129,71,74,116,102,98,26,17,89,77,93,29" hai1="20,135,30,5,70,14,106,121,9,43,133,24,97" hai2="67,15,109,22,75,8,11,66,72,108,7,73,100" hai3="80,95,38,86,82,46,69,125,61,130,33,27,88"/><T34/><D116/><U55/><E70/><V16/><F100/><W101/><G125/><T115/><D115/><U42/><E55/><V96/><F96/><W126/><G126/><T113/><D113/><U90/><E90/><V23/><F23/><W132/><G132/><N who="1" m="50762" /><E121/><V84/><F84/><W40/><G130/><T114/><D114/><U56/><E56/><V118/><F118/><W12/><G101/><AGARI ba="1,0" hai="5,9,14,20,24,30,42,43,97,101,106" m="50762" machi="101" ten="30,1000,0" yaku="20,1" doraHai="119" who="1" fromWho="3" sc="380,0,210,13,210,0,200,-13" /><INIT seed="1,0,0,5,1,71" ten="380,223,210,187" oya="1" hai0="123,20,85,126,10,131,14,3,49,23,89,74,32" hai1="115,64,5,134,54,135,90,24,110,40,46,133,53" hai2="128,113,96,77,52,94,67,101,99,88,45,7,116" hai3="107,122,82,68,132,48,6,1,55,38,17,105,62"/><U76/><E115/><V87/><F116/><W95/><G122/><T18/><D123/><U100/><E76/><V73/><F113/><W12/><G132/><T129/><D74/><U9/><E100/><V4/><F128/><N who="0" m="49226" /><D32/><U36/><E110/><V98/><F67/><W124/><G124/><T127/><D49/><U93/><E24/><V92/><F73/><W111/><G111/><T31/><D85/><U59/><E59/><V22/><F98/><W119/><G119/><T0/><D89/><U25/><E25/><V58/><F45/><W47/><G1/><N who="0" m="587" /><D31/><U79/><E64/><V63/><F22/><AGARI ba="0,0" hai="10,14,18,20,22,23,126,127" m="587,49226" machi="22" ten="40,5200,0" yaku="19,1,34,2" doraHai="71" who="0" fromWho="2" sc="380,52,223,0,210,-52,187,0" /><INIT seed="2,0,0,1,5,108" ten="432,223,158,187" oya="2" hai0="87,1,74,50,24,32,18,69,61,60,28,114,41" hai1="122,4,94,16,99,90,14,2,33,64,23,0,80" hai2="127,73,44,25,125,5,111,77,39,63,104,52,134" hai3="31,76,109,119,98,113,45,68,65,20,10,57,34"/><V124/><F111/><W15/><G119/><T85/><D74/><U26/><E122/><V22/><F134/><W67/><G68/><T49/><D1/><U79/><E64/><V6/><F104/><W83/><G34/><T75/><D75/><U126/><E126/><V48/><F39/><W19/><G109/><T121/><D121/><U3/><E33/><V71/><F73/><W88/><G45/><T96/><D114/><U81/><REACH who="1" step="1"/><E79/><REACH who="1" ten="432,213,158,187" step="2"/><V129/><F77/><W51/><G65/><T95/><D32/><U59/><E59/><N who="2" m="35303" /><F71/><W46/><G67/><T8/><D69/><U92/><E92/><V62/><F129/><W38/><G76/><T29/><D95/><U133/><E133/><V66/><F66/><W101/><G57/><T36/><D61/><U7/><E7/><V21/><F62/><W112/><G112/><T91/><D60/><U17/><E17/><N who="2" m="12463" /><F22/><W43/><G113/><T123/><D123/><U107/><E107/><V54/><AGARI ba="0,1" hai="5,6,44,48,54,124,125,127" m="12463,35303" machi="54" ten="30,3000,0" yaku="18,1,54,1" doraHai="108" who="2" fromWho="2" sc="432,-10,213,-10,158,40,187,-10" /><INIT seed="2,1,0,4,3,66" ten="422,203,198,177" oya="2" hai0="54,5,112,60,84,75,76,31,118,2,73,126,114" hai1="110,86,22,68,96,95,134,55,40,106,81,88,3" hai2="120,83,13,30,67,89,12,7,71,34,72,24,48" hai3="115,6,47,25,44,82,85,69,59,38,8,117,32"/><V57/><F120/><W132/><G117/><T93/><D118/><U17/><E3/><V94/><F7/><W124/><G124/><T103/><D126/><U70/><E110/><V52/><F72/><W101/><G132/><T53/><D31/><U28/><E134/><V37/><F83/><W62/><G115/><T130/><D130/><U98/><E28/><V131/><F37/><W125/><G125/><T122/><D122/><U104/><E40/><V121/><F131/><W90/><G38/><T87/><D60/><U102/><E55/><V129/><F121/><W10/><G101/><T135/><D135/><U61/><E61/><V26/><F129/><W49/><G69/><T14/><D103/><U11/><E11/><V105/><F105/><W41/><G47/><T1/><D93/><U4/><E4/><V19/><F26/><W36/><G36/><T78/><D5/><U15/><E106/><V111/><F111/><W23/><G32/><T29/><D29/><U133/><E133/><V116/><F116/><W42/><G41/><T63/><D63/><U113/><E113/><V99/><REACH who="2" step="1"/><F19/><REACH who="2" ten="422,203,188,177" step="2"/><W43/><G6/><T35/><D14/><U109/><E109/><V119/><F119/><W128/><G128/><T18/><D18/><U27/><E27/><V65/><F65/><N who="3" m="39135" /><G43/><T20/><D114/><U0/><E0/><V80/><F80/><W97/><G97/><T56/><D112/><U91/><AGARI ba="1,1" hai="15,17,22,68,70,81,86,88,91,95,96,98,102,104" machi="91" ten="20,8000,1" yaku="0,1,7,1,52,2,54,1" doraHai="66" who="1" fromWho="1" sc="422,-21,203,93,188,-41,177,-21" /><INIT seed="3,0,0,2,2,92" ten="401,296,147,156" oya="3" hai0="5,81,36,26,45,39,125,2,116,46,11,99,112" hai1="10,80,4,106,118,83,71,103,79,9,102,57,107" hai2="20,87,97,65,64,90,131,109,47,86,117,127,19" hai3="135,17,56,14,53,123,38,32,59,66,82,22,51"/><W29/><G123/><T23/><D116/><U133/><E71/><V100/><F117/><W37/><G32/><T67/><D125/><U1/><E118/><V50/><F127/><W128/><G29/><T34/><D34/><U48/><E133/><V63/><F109/><W74/><G135/><T77/><D112/><U73/><E10/><V104/><F131/><W75/><G128/><T110/><D110/><U27/><E27/><V89/><F87/><W111/><G111/><T76/><D67/><U33/><E33/><V119/><F119/><W134/><G134/><T41/><D99/><U122/><E122/><V6/><F6/><W61/><G74/><T124/><D124/><U72/><E107/><V52/><F86/><W91/><G91/><T78/><D45/><U54/><E106/><V13/><F65/><W108/><G108/><T84/><D39/><U31/><E31/><AGARI ba="0,0" hai="2,5,11,23,26,31,36,41,46,76,77,78,81,84" machi="31" ten="30,1000,0" yaku="7,1" doraHai="92" who="0" fromWho="1" sc="401,10,296,-10,147,0,156,0" owari="411,51.1,286,8.6,147,-35.3,156,-24.4" /></mjloggm>