<mjloggm ver="2.3"><GO type="225" lobby="0"/><UN n0="%E9%A2%A8%E3%81%A7%E9%B3%B4%E3%81%8F" n1="%E7%99%BD%E9%9B%AA%E4%B9%83%E6%84%9B" n2="%E5%8F%AF%E5%85%90%E9%82%A3%E7%94%B1%E5%A4%9A" n3="%E5%B0%8F%E9%B3%A5%E9%81%8A%E7%B7%B4%E7%84%A1%32%31%E6%AD%B3" dan="16,16,17,16" rate="2185.30,2068.59,2196.16,2190.54" sx="M,F,F,F"/><TAIKYOKU oya="0"/><INIT seed="0,0,0,5,3,110" ten="250,250,250,250" oya="0" hai0="12,101,111,100,92,81,125,72,60,32,129,8,71" hai1="109,128,99,36,114,54,22,112,75,45,113,3,55" hai2="9,93,37,38,97,28,78,10,46,49,7,95,14" hai3="121,39,77,133,69,5,29,108,68,67,87,64,16"/><T115/><D32/><U21/><E109/><V52/><F28/><W17/><G108/><T42/><D111/><U31/><E128/><V53/><F78/><W118/><G39/><T50/><D129/><U63/><E75/><V91/><F53/><N who="1" m="19977" /><E3/><V94/><F94/><W84/><G29/><T59/><D71/><U88/><E63/><V61/><F61/><W15/><G133/><T62/><D125/><U18/><E31/><V2/><REACH who="2" step="1"/><F95/><REACH who="2" ten="250,250,240,250" step="2"/><W1/><G77/><T79/><D115/><U117/><E117/><V34/><F34/><W43/><G118/><T96/><D100/><U89/><E99/><V44/><F44/><W83/><G67/><T0/><D0/><U58/><E58/><V56/><F56/><W11/><G64/><T65/><D60/><U27/><E22/><V25/><F25/><W131/><G1/><T73/><D73/><U6/><E6/><AGARI ba="0,1" hai="2,6,7,9,10,14,37,38,46,49,52,91,93,97" machi="6" ten="30,3900,0" yaku="1,1,7,1,54,1,53,0" doraHai="110" doraHaiUra="74" who="2" fromWho="1" sc="250,0,250,-39,240,49,250,0" /><INIT seed="1,0,0,1,4,12" ten="250,211,289,250" oya="1" hai0="26,21,109,82,121,34,98,56,40,68,46,91,130" hai1="53,37,20,8,77,126,110,74,88,31,38,63,125" hai2="29,103,41,108,73,78,7,1,80,131,117,104,36" hai3="93,76,42,128,27,97,134,69,0,62,92,65,32"/><U19/><E110/><V123/><F117/><W3/><G134/><T81/><D68/><U66/><E53/><V48/><F123/><W95/><G128/><T119/><D34/><U85/><E31/><V71/><F131/><W87/><G42/><T70/><D70/><U10/><E77/><V28/><F48/><W44/><G44/><T84/><D130/><U57/><E74/><V51/><F51/><W25/><G97/><T30/><D119/><U94/><E10/><N who="2" m="2415" /><F71/><W6/><G6/><T50/><D109/><U24/><REACH who="1" step="1"/><E8/><REACH who="1" ten="250,201,289,250" step="2"/><V83/><F108/><W101/><G0/><T102/><D121/><U89/><E89/><V43/><F43/><W35/><G3/><T45/><D40/><U54/><E54/><V22/><F28/><W18/><G76/><T75/><D75/><U124/><AGARI ba="0,1" hai="19,20,24,37,38,57,63,66,85,88,94,124,125,126" machi="124" ten="30,18000,2" yaku="1,1,0,1,18,1,52,1,54,1,53,1" doraHai="12" doraHaiUra="61" who="1" fromWho="1" sc="250,-60,201,190,289,-60,250,-60" /><INIT seed="1,1,0,3,0,11" ten="190,391,229,190" oya="1" hai0="26,73,17,122,95,58,84,106,91,27,123,18,16" hai1="98,53,71,113,25,10,55,129,121,30,115,77,60" hai2="38,107,57,23,127,43,110,101,33,50,4,61,87" hai3="70,36,40,104,44,68,125,88,111,45,24,131,94"/><U128/><E121/><N who="0" m="46089" /><D106/><U85/><E98/><V79/><F33/><W28/><G104/><T135/><D73/><U99/><E99/><V97/><F38/><W19/><G111/><T103/><D103/><U102/><E102/><V90/><F110/><W130/><G44/><T31/><D135/><U56/><E71/><V51/><F127/><W48/><G36/><T100/><D100/><U93/><E53/><V105/><F105/><W54/><G40/><T39/><D39/><U133/><E133/><V80/><F43/><W20/><G125/><T120/><N who="0" m="46097" /><T132/><DORA hai="67" /><D132/><U118/><E118/><V89/><F4/><W35/><G131/><T13/><D58/><U46/><E46/><V116/><F116/><W12/><REACH who="3" step="1"/><G130/><REACH who="3" ten="190,391,229,180" step="2"/><T64/><D64/><U29/><E129/><V119/><F119/><W52/><G52/><T63/><D63/><U92/><E55/><V59/><F51/><W0/><G0/><T49/><D49/><U126/><E60/><V83/><F50/><W37/><G37/><T81/><D27/><U42/><E25/><V2/><F2/><W9/><G9/><N who="0" m="6191" /><D95/><U21/><E93/><V112/><F61/><W62/><G62/><T22/><AGARI ba="1,1" hai="17,18,22,26,31,81,84,91" m="6191,46097" machi="22" ten="40,5200,0" yaku="13,1,52,1,54,1" doraHai="11,67" who="0" fromWho="0" sc="190,65,391,-27,229,-14,180,-14" /><INIT seed="2,0,0,3,2,71" ten="255,364,215,166" oya="2" hai0="103,131,80,112,102,34,40,70,38,134,90,29,92" hai1="47,78,65,132,113,13,93,104,30,106,42,114,109" hai2="91,84,37,122,23,25,130,1,3,19,39,120,87" hai3="26,56,53,127,94,12,18,99,62,50,83,101,55"/><V10/><F130/><W116/><G116/><T27/><D70/><U123/><E30/><V2/><F10/><W81/><G127/><T64/><D112/><U124/><E65/><V98/><F98/><W105/><G105/><T79/><D64/><U33/><E33/><V77/><F77/><W100/><G100/><T22/><D131/><U7/><E78/><V20/><F87/><W58/><REACH who="3" step="1"/><G26/><REACH who="3" ten="255,364,215,156" step="2"/><T89/><D103/><U118/><E124/><V15/><F122/><W45/><G45/><T128/><D102/><U63/><E47/><V21/><F120/><W6/><G6/><T117/><D27/><U51/><E7/><V32/><F32/><W68/><G68/><T110/><D117/><U119/><E123/><V0/><N who="2" m="0" /><DORA hai="69" /><V126/><F126/><W85/><G85/><T41/><D128/><U76/><E106/><V24/><F24/><W96/><G96/><T52/><D34/><U57/><E104/><V4/><F4/><W14/><G14/><T133/><D133/><U36/><E13/><V8/><REACH who="2" step="1"/><F25/><REACH who="2" ten="255,364,205,156" step="2"/><W121/><G121/><T5/><D134/><U82/><E132/><V75/><F75/><W17/><G17/><T108/><D5/><U46/><E119/><V73/><F73/><W35/><G35/><T135/><D135/><U88/><E118/><V67/><F67/><W11/><AGARI ba="0,2" hai="11,12,18,50,53,55,56,58,62,81,83,94,99,101" machi="11" ten="20,5200,0" yaku="1,1,0,1,7,1,8,1,53,0" doraHai="71,69" doraHaiUra="31,72" who="3" fromWho="3" sc="255,-13,364,-13,205,-26,156,72" /><INIT seed="3,0,0,0,5,96" ten="242,351,179,228" oya="3" hai0="50,9,33,129,6,89,55,106,46,25,22,71,56" hai1="82,98,110,23,112,97,131,40,99,14,91,65,48" hai2="13,32,30,54,77,0,107,5,45,111,132,31,63" hai3="79,66,69,11,90,64,36,105,49,120,16,1,74"/><W61/><G120/><T125/><D71/><U115/><E110/><V94/><F107/><W87/><G36/><T122/><D122/><U86/><E131/><V12/><F111/><W81/><G66/><T130/><D106/><U85/><E115/><V10/><F132/><W102/><G49/><T108/><D108/><U28/><E112/><V100/><F77/><W124/><G124/><T78/><D125/><U38/><E38/><V93/><F32/><W75/><G1/><T119/><D119/><U3/><E3/><V128/><F128/><N who="0" m="49258" /><D78/><N who="1" m="46295" /><E65/><V101/><F0/><W114/><G114/><T44/><D33/><U118/><E118/><V133/><F133/><W20/><G11/><T52/><D55/><U121/><E121/><V37/><F13/><W117/><G117/><T62/><D62/><U57/><E57/><N who="2" m="35255" /><F37/><W18/><G20/><T41/><D41/><U7/><E7/><V95/><F45/><W70/><G70/><T59/><D46/><U109/><E109/><V21/><F21/><W51/><G75/><T19/><D89/><U68/><E68/><V92/><N who="2" m="23552" /><DORA hai="104" /><V84/><F84/><W67/><G74/><T60/><D60/><U26/><E86/><V4/><F4/><W42/><G79/><T43/><D43/><U134/><E134/><V8/><F8/><W27/><G87/><T53/><D53/><U76/><E76/><V88/><F88/><W34/><G90/><T126/><D126/><U72/><E91/><V24/><F24/><W35/><G27/><T123/><D123/><U73/><E26/><V58/><F58/><W135/><G135/><RYUUKYOKU ba="0,0" sc="242,15,351,-15,179,15,228,-15" hai0="6,9,19,22,25,44,50,52,56,59" hai2="5,10,12,30,31,100,101" owari="257,5.7,336,43.6,194,-30.6,213,-18.7" /></mjloggm>