<mjloggm ver="2.3"><GO type="225" lobby="0"/><UN n0="%E9%A6%AC%E4%BA%86%E9%9A%94%E5%A3%81" n1="%E5%A4%9C%E5%85%89%E5%A4%A9%E6%A5%BC" n2="%E3%81%BF%E3%81%BF%E3%81%9A" n3="%E3%81%AF%E3%82%88%E3%81%8A%E3%81%98%E3%81%95%E3%82%93" dan="18,16,18,17" rate="2209.73,2151.00,2229.32,2189.26" sx="M,F,M,M"/><TAIKYOKU oya="0"/><INIT seed="0,0,0,2,1,30" ten="250,250,250,250" oya="0" hai0="38,130,36,60,108,82,69,93,44,80,134,23,124" hai1="46,79,25,110,65,125,71,17,76,75,55,63,10" hai2="86,114,56,112,73,4,6,50,115,72,35,120,135" hai3="13,78,67,18,42,91,41,12,131,31,3,27,52"/><T84/><D130/><U104/><E104/><V0/><F120/><W99/><G3/><T37/><D124/><U45/><E125/><V58/><F0/><W90/><G131/><T87/><D134/><U107/><E107/><V126/><F126/><W92/><G67/><T66/><D108/><U16/><E75/><N who="2" m="28747" /><F50/><W1/><G1/><T129/><D129/><U89/><E46/><V94/><F86/><W119/><G78/><T2/><D2/><U14/><E110/><V100/><F94/><W40/><G119/><T111/><D111/><U83/><E17/><V121/><F121/><W117/><G90/><T95/><D44/><U122/><E25/><V39/><F39/><W9/><G12/><T11/><D11/><U43/><E43/><V123/><F123/><W19/><G117/><T8/><D8/><U116/><E116/><V103/><F35/><W97/><G52/><T26/><D84/><N who="1" m="50335" /><E122/><V64/><F64/><W133/><G133/><T128/><D128/><U61/><E61/><V81/><F81/><W59/><G59/><N who="2" m="22569" /><F135/><W101/><G18/><T96/><D87/><U33/><E33/><V118/><F118/><W15/><G13/><T22/><D95/><U24/><E24/><V106/><F106/><W5/><G19/><T21/><REACH who="0" step="1"/><D26/><REACH who="0" ten="240,250,250,250" step="2"/><U7/><E16/><V74/><N who="2" m="28755" /><V105/><DORA hai="53" /><F105/><N who="3" m="63663" /><G27/><T88/><AGARI ba="0,1" hai="21,22,23,36,37,38,60,66,69,80,82,88,93,96" machi="88" ten="40,18000,2" yaku="1,1,0,1,54,1,53,3" doraHai="30,53" doraHaiUra="77,85" who="0" fromWho="0" sc="240,190,250,-60,250,-60,250,-60" /><INIT seed="0,1,0,2,5,126" ten="430,190,190,190" oya="0" hai0="118,51,10,95,69,97,121,92,14,82,107,109,34" hai1="12,5,110,129,91,123,26,57,133,16,60,88,130" hai2="65,128,56,75,100,93,64,37,101,48,45,0,85" hai3="132,70,13,18,103,24,120,119,80,105,54,72,8"/><T63/><D118/><U25/><E123/><V38/><F75/><W71/><G119/><T79/><D121/><U94/><E110/><V96/><F0/><W90/><G120/><T113/><D113/><U7/><E133/><V62/><F128/><N who="1" m="49257" /><E91/><V1/><F1/><W31/><G132/><T41/><D34/><U76/><E76/><V73/><F73/><W106/><G54/><T134/><D134/><U28/><E25/><V20/><F65/><W77/><G90/><T104/><D109/><U3/><E3/><V68/><F68/><W23/><REACH who="3" step="1"/><G103/><REACH who="3" ten="430,190,190,180" step="2"/><T131/><D131/><U81/><E81/><V17/><F101/><W2/><G2/><T35/><D82/><U43/><E43/><V122/><F122/><W83/><G83/><T15/><D41/><U112/><E112/><V58/><F85/><W78/><G78/><T40/><D79/><U115/><E115/><V59/><F38/><W74/><G74/><T36/><D36/><U47/><E88/><V135/><F37/><W19/><G19/><T39/><D39/><U67/><E94/><V98/><F135/><W33/><G33/><T46/><D35/><N who="1" m="20887" /><E47/><V22/><F96/><W125/><G125/><T55/><D95/><U116/><E116/><V66/><F45/><W108/><G108/><T117/><D117/><U84/><E84/><V44/><F44/><W52/><G52/><T50/><D92/><U30/><E30/><V9/><F93/><W53/><G53/><T111/><D111/><U87/><E87/><V89/><F100/><W29/><G29/><T42/><D42/><U21/><AGARI ba="1,1" hai="5,7,12,16,21,57,60,67" m="20887,49257" machi="21" ten="30,12000,2" yaku="5,1,19,1,52,3,54,1" doraHai="126" who="1" fromWho="1" sc="430,-61,190,133,190,-31,180,-31" /><INIT seed="1,0,0,1,1,80" ten="369,323,159,149" oya="1" hai0="118,40,49,66,84,76,112,16,125,19,129,27,132" hai1="100,77,115,88,89,106,92,122,96,25,102,3,61" hai2="46,69,75,9,22,86,53,70,44,57,111,28,60" hai3="135,58,128,65,34,0,117,39,71,30,21,2,47"/><U133/><E3/><V50/><F75/><W64/><G34/><T79/><D112/><U14/><E115/><V10/><F111/><W105/><G105/><T78/><D118/><U18/><E122/><V8/><F70/><W5/><G71/><T104/><D104/><U114/><E114/><V11/><F69/><W108/><G117/><T90/><D129/><U127/><E77/><V73/><F73/><W55/><G108/><T98/><D125/><U123/><E123/><V54/><N who="2" m="2048" /><DORA hai="85" /><V20/><F28/><W120/><G5/><T51/><D132/><U119/><E14/><V72/><F72/><W59/><G120/><T13/><D66/><U103/><E106/><V81/><REACH who="2" step="1"/><F44/><REACH who="2" ten="369,323,149,149" step="2"/><W48/><G135/><T41/><D76/><AGARI ba="0,1" hai="20,22,46,50,53,54,57,60,76,81,86" m="2048" machi="76" ten="50,16000,3" yaku="1,1,2,1,8,1,52,1,53,4" doraHai="80,85" doraHaiUra="4,32" who="2" fromWho="0" sc="369,-160,323,0,149,170,149,0" /><INIT seed="2,0,0,4,3,80" ten="209,323,319,149" oya="2" hai0="36,129,37,31,47,59,45,53,62,57,12,64,24" hai1="135,127,68,95,60,9,133,107,32,42,114,0,118" hai2="69,39,117,105,65,46,49,122,112,27,7,14,1" hai3="26,18,51,66,86,104,29,75,3,56,74,126,44"/><V4/><F112/><W99/><G126/><T61/><D129/><U87/><E107/><V33/><F117/><W23/><G3/><T132/><D132/><N who="1" m="50763" /><E32/><V92/><F122/><W131/><G131/><T21/><REACH who="0" step="1"/><D12/><REACH who="0" ten="199,323,319,149" step="2"/><U2/><E2/><V43/><F14/><W100/><G29/><T48/><D48/><U81/><E0/><V35/><F49/><W130/><G130/><T55/><D55/><U84/><E114/><V116/><F1/><W134/><G134/><T121/><D121/><U123/><E123/><V113/><F113/><W28/><G28/><T76/><D76/><U98/><E118/><V79/><F116/><W58/><G66/><T16/><D16/><U52/><E52/><V5/><F79/><W96/><G51/><T13/><D13/><U15/><E15/><V82/><F4/><W78/><G78/><T25/><BYE who="3" /><D25/><U90/><E9/><V50/><F27/><W115/><G115/><T88/><D88/><N who="1" m="51215" /><E42/><V128/><F5/><W20/><G20/><T106/><D106/><U109/><E127/><V101/><F105/><W19/><G19/><T63/><D63/><U6/><E6/><V102/><F7/><W94/><G94/><T108/><D108/><U38/><E109/><V93/><F128/><W111/><G111/><T124/><D124/><U34/><E60/><N who="2" m="40103" /><F50/><W67/><G67/><T8/><D8/><U70/><E90/><V22/><F22/><W40/><G40/><T97/><D97/><UN n3="%E3%81%AF%E3%82%88%E3%81%8A%E3%81%98%E3%81%95%E3%82%93" /><U10/><E98/><N who="2" m="59591" /><F82/><W11/><G99/><T30/><D30/><U103/><E10/><V91/><F91/><W17/><G96/><AGARI ba="0,1" hai="33,35,39,43,46,93,96,102" m="59591,40103" machi="96" ten="30,1500,0" yaku="6,1" doraHai="80" who="2" fromWho="3" sc="199,0,323,0,319,25,149,-15" /><INIT seed="2,1,0,2,0,101" ten="199,323,344,134" oya="2" hai0="33,26,123,73,44,49,66,104,32,34,0,94,28" hai1="128,109,50,16,67,110,41,103,69,91,30,107,131" hai2="93,64,75,39,62,63,96,22,15,43,61,86,115" hai3="56,5,70,106,6,40,65,19,45,78,8,4,7"/><V121/><F115/><W27/><G70/><T99/><D123/><U90/><E30/><V1/><F75/><W29/><G78/><T47/><D73/><U76/><E76/><V71/><F121/><W25/><N who="3" m="1024" /><DORA hai="38" /><W114/><G114/><T85/><D0/><U92/><E67/><V82/><F1/><W3/><G3/><T72/><D72/><U80/><E69/><V14/><F71/><W74/><G74/><T53/><D66/><U10/><E80/><V118/><F118/><W129/><G129/><N who="1" m="49738" /><E91/><N who="2" m="51671" /><F39/><W126/><G126/><T17/><D17/><U117/><E117/><V46/><F64/><W98/><G29/><T81/><D44/><N who="1" m="25871" /><E107/><V102/><F22/><W48/><G98/><T24/><D104/><U132/><E103/><V59/><F59/><W84/><G84/><T122/><D122/><U9/><E132/><V51/><AGARI ba="1,0" hai="14,15,43,46,51,61,62,63,93,96,102" m="51671" machi="51" ten="30,3000,0" yaku="8,1,52,1" doraHai="101,38" who="2" fromWho="2" sc="199,-11,323,-11,344,33,134,-11" /><INIT seed="2,2,0,4,0,127" ten="188,312,377,123" oya="2" hai0="15,37,19,104,51,9,107,13,32,0,28,61,123" hai1="118,40,80,91,47,71,78,93,39,20,101,33,112" hai2="65,48,124,24,45,49,105,6,23,109,86,113,120" hai3="41,81,103,85,8,7,66,42,75,29,94,70,111"/><V79/><F113/><W84/><G111/><T10/><D37/><U21/><E33/><V73/><F120/><W115/><G115/><T72/><D123/><U3/><E118/><V125/><F105/><W122/><G122/><T133/><D72/><U98/><E71/><V16/><F73/><W27/><G75/><T38/><D38/><U43/><E112/><V22/><F65/><W5/><G66/><T53/><D0/><U97/><E43/><V25/><F6/><W76/><G70/><T60/><D133/><U131/><E3/><V95/><F109/><W128/><G128/><T130/><D130/><U30/><E30/><V99/><F86/><W62/><G62/><T102/><D28/><U110/><E131/><V82/><F82/><W87/><G87/><T26/><D26/><U108/><E108/><V129/><F79/><W44/><G44/><T92/><D32/><U117/><E117/><V116/><F129/><W67/><G67/><T135/><D135/><U134/><E134/><V57/><F57/><W126/><G126/><N who="2" m="48745" /><F45/><W96/><G85/><T35/><D35/><U50/><E110/><V90/><F116/><W4/><REACH who="3" step="1"/><G8/><REACH who="3" ten="188,312,377,113" step="2"/><T11/><D11/><U119/><E119/><V52/><F52/><W121/><G121/><T64/><D64/><U88/><E47/><V89/><F49/><W77/><G77/><T56/><D51/><U12/><E50/><V58/><F48/><W69/><G69/><T18/><D61/><U63/><E78/><V114/><F114/><W100/><G100/><T14/><D102/><U54/><E63/><V68/><F68/><RYUUKYOKU ba="2,1" sc="188,-10,312,-10,377,-10,113,30" hai3="4,5,7,27,29,41,42,76,81,84,94,96,103" /><INIT seed="3,3,1,4,3,7" ten="178,302,367,143" oya="3" hai0="66,24,86,30,47,20,45,46,40,134,22,131,33" hai1="72,34,102,112,106,89,28,133,4,56,109,48,42" hai2="2,13,51,37,14,80,129,103,5,59,18,15,52" hai3="69,63,38,121,114,6,73,36,3,58,32,124,132"/><W43/><RYUUKYOKU type="yao9" ba="3,1" sc="178,0,302,0,367,0,143,0" hai3="3,6,32,36,38,43,58,63,69,73,114,121,124,132" /><INIT seed="3,4,1,3,4,6" ten="178,302,367,143" oya="3" hai0="48,61,96,0,29,19,111,87,45,120,52,31,81" hai1="65,59,37,44,10,129,50,30,128,12,4,80,5" hai2="98,93,73,34,51,109,97,113,17,133,58,23,121" hai3="77,57,83,46,114,131,100,103,132,116,92,41,25"/><W86/><G114/><T49/><D120/><U110/><E110/><V112/><F34/><W2/><G116/><T79/><D111/><U135/><E135/><V102/><F109/><W134/><G2/><T39/><D39/><U118/><E118/><V13/><F133/><N who="3" m="51307" /><G131/><T107/><D0/><U82/><E30/><V78/><F121/><W104/><G104/><T54/><D61/><N who="1" m="38079" /><E5/><V18/><F73/><W16/><G57/><T90/><D19/><U108/><E37/><V74/><F74/><W88/><G46/><N who="0" m="27927" /><D107/><U20/><E108/><V130/><F130/><N who="1" m="50281" /><E20/><V68/><F68/><W67/><G41/><AGARI ba="4,1" hai="4,10,12,41,44,50,80,82" m="50281,38079" machi="41" ten="30,2000,0" yaku="19,1,52,1" doraHai="6" who="1" fromWho="3" sc="178,0,302,42,367,0,143,-32" owari="178,-22.2,344,14.4,367,46.7,111,-38.9" /></mjloggm>