<mjloggm ver="2.3"><GO type="225" lobby="0"/><UN n0="%73%6C%69%63%6B%33%31%39" n1="%E8%81%B7%E6%A5%AD%E3%80%81%E9%A2%A8%32" n2="%E6%80%AA%E3%81%97%E3%81%99%E3%81%8E%E3%82%8B%E3%83%81%E3%83%BC" n3="%6D%75%75%6D%75%72%61" dan="16,16,17,16" rate="2178.92,2128.45,2163.43,2095.28" sx="M,M,M,F"/><TAIKYOKU oya="0"/><INIT seed="0,0,0,3,3,118" ten="250,250,250,250" oya="0" hai0="111,98,1,14,70,101,35,73,18,39,82,15,59" hai1="99,88,38,130,8,30,56,3,81,51,48,47,105" hai2="20,7,97,19,84,91,46,21,40,23,92,60,110" hai3="132,33,129,52,62,134,104,95,120,114,11,10,53"/><T109/><D70/><U29/><E130/><V86/><F110/><N who="0" m="41994" /><D1/><U32/><E38/><V79/><F7/><W71/><G104/><T113/><D113/><U78/><E32/><V26/><F60/><W28/><G114/><T89/><D35/><U74/><E8/><V100/><F79/><W112/><G112/><T116/><D116/><U107/><E3/><V90/><F86/><W45/><G129/><T67/><D39/><U96/><E107/><V108/><F108/><W36/><G33/><T13/><D59/><U80/><E56/><V50/><REACH who="2" step="1"/><F91/><REACH who="2" ten="250,250,240,250" step="2"/><W54/><G62/><T127/><D67/><U61/><E61/><V77/><F77/><W75/><G75/><T6/><D6/><U64/><E88/><V135/><F135/><W63/><G63/><T72/><D127/><U115/><E64/><V27/><F27/><W122/><G134/><T17/><D89/><U49/><E78/><V4/><F4/><W123/><G132/><T94/><D82/><AGARI ba="0,1" hai="19,20,21,23,26,40,46,50,82,84,90,92,97,100" machi="82" ten="30,7700,0" yaku="1,1,7,1,8,1,53,1" doraHai="118" doraHaiUra="37" who="2" fromWho="0" sc="250,-77,250,0,240,87,250,0" /><INIT seed="1,0,0,5,3,129" ten="173,250,327,250" oya="1" hai0="74,103,92,67,81,70,87,51,39,35,113,99,115" hai1="69,59,78,47,42,38,28,15,65,56,46,132,126" hai2="73,45,12,108,41,43,120,64,22,128,10,94,130" hai3="119,8,82,79,16,53,31,2,95,93,134,116,32"/><U7/><E126/><V36/><F120/><W96/><G134/><T26/><D39/><U77/><E132/><V124/><F124/><W85/><G32/><T131/><D70/><U135/><E135/><V33/><F33/><W60/><G31/><T68/><D68/><U117/><E117/><N who="3" m="45130" /><G96/><T55/><D67/><U63/><E28/><V118/><F108/><W98/><G98/><T3/><D3/><U37/><E77/><V91/><F73/><W1/><G16/><T122/><D122/><U57/><E78/><V80/><F80/><W105/><G105/><T11/><D131/><N who="2" m="50218" /><F41/><W104/><G104/><T102/><D74/><U27/><E27/><V62/><F22/><W54/><G60/><T19/><D103/><U58/><E15/><V112/><F112/><W71/><G71/><T76/><D35/><U127/><E7/><N who="2" m="3167" /><F62/><W61/><G61/><T9/><D115/><U125/><E69/><V121/><F121/><W18/><G18/><T25/><D113/><U29/><E29/><V40/><F40/><AGARI ba="0,0" hai="37,38,40,42,46,47,56,57,58,59,63,65,125,127" machi="40" ten="40,12000,1" yaku="9,1,34,3" doraHai="129" who="1" fromWho="2" sc="173,0,250,120,327,-120,250,0" /><INIT seed="1,1,0,1,3,29" ten="173,370,207,250" oya="1" hai0="118,22,116,95,38,126,86,84,47,20,123,110,96" hai1="34,66,78,129,53,37,90,106,27,127,113,103,30" hai2="17,61,83,75,122,63,32,134,132,9,91,87,131" hai3="31,108,81,7,98,15,36,109,73,130,64,100,74"/><U35/><E113/><V77/><F122/><W88/><G130/><T102/><D126/><U18/><E127/><V42/><F131/><W26/><G36/><T92/><D110/><N who="3" m="42601" /><G64/><T65/><D123/><U49/><E37/><V101/><F101/><W6/><G88/><T105/><D65/><U11/><E129/><V133/><F42/><W23/><G81/><T56/><D56/><U117/><E117/><V44/><F32/><W12/><G12/><T8/><D105/><U124/><E78/><V51/><F44/><W115/><G115/><T14/><D118/><U99/><E124/><V125/><F125/><W59/><G59/><T69/><D69/><U89/><E35/><V33/><F33/><W62/><G62/><T46/><D116/><U119/><E66/><V16/><F51/><W79/><G79/><T19/><D38/><U45/><REACH who="1" step="1"/><E119/><REACH who="1" ten="173,360,207,250" step="2"/><V55/><F132/><W3/><G73/><T67/><D67/><U104/><E104/><V28/><F77/><W39/><G74/><T50/><D46/><U112/><E112/><V114/><F75/><W93/><G39/><T54/><D95/><U52/><E52/><V13/><F55/><W10/><G93/><T76/><D76/><U72/><E72/><V71/><F114/><W21/><G100/><T121/><D121/><U135/><E135/><V60/><F71/><W25/><G3/><T70/><D70/><U41/><E41/><V5/><F133/><W128/><G128/><T4/><REACH who="0" step="1"/><D22/><REACH who="0" ten="163,360,207,250" step="2"/><U57/><E57/><V48/><F134/><W107/><G23/><T0/><AGARI ba="1,2" hai="0,4,8,14,19,20,47,50,54,84,86,92,96,102" machi="0" ten="20,8000,1" yaku="1,1,2,1,0,1,7,1,53,1" doraHai="29" doraHaiUra="94" who="0" fromWho="0" sc="163,103,360,-41,207,-21,250,-21" /><INIT seed="2,0,0,0,3,123" ten="266,319,186,229" oya="2" hai0="12,103,56,91,109,11,79,74,17,21,92,108,27" hai1="1,50,73,102,43,65,133,41,98,51,10,0,38" hai2="122,6,134,132,70,3,119,67,23,39,18,82,14" hai3="87,121,60,84,47,58,61,13,34,20,105,94,114"/><V100/><F119/><W54/><G105/><T126/><D126/><U36/><E73/><V130/><F122/><W4/><G121/><T80/><D103/><U116/><E116/><V90/><F130/><W40/><G34/><T97/><REACH who="0" step="1"/><D56/><REACH who="0" ten="256,319,186,229" step="2"/><U31/><E102/><V37/><F134/><W76/><G58/><T52/><D52/><U99/><E99/><V120/><BYE who="1" /><F132/><W63/><G54/><T19/><AGARI ba="0,1" hai="11,12,17,19,21,27,74,79,80,91,92,97,108,109" machi="19" ten="30,8000,1" yaku="1,1,0,1,52,2,53,1" doraHai="123" doraHaiUra="106" who="0" fromWho="0" sc="256,90,319,-20,186,-40,229,-20" /><INIT seed="3,0,0,5,0,87" ten="346,299,146,209" oya="3" hai0="6,64,35,33,40,30,124,104,78,44,31,48,128" hai1="130,103,49,125,126,39,61,22,60,17,114,98,67" hai2="110,112,59,47,91,29,16,15,37,99,113,95,80" hai3="0,134,28,9,14,105,7,2,92,54,119,100,20"/><W79/><G119/><T133/><D104/><U50/><E50/><V8/><F110/><W63/><G105/><T41/><D6/><U93/><E93/><V51/><F29/><UN n1="%E8%81%B7%E6%A5%AD%E3%80%81%E9%A2%A8%32" /><W120/><G120/><T12/><D64/><U24/><E114/><V71/><F71/><W109/><G134/><T36/><D128/><U69/><E39/><V132/><F132/><W73/><G109/><T66/><D66/><U90/><E103/><V11/><F37/><W38/><G38/><T131/><D124/><N who="1" m="47723" /><E60/><V116/><F116/><W70/><G73/><T86/><D12/><U94/><E49/><V85/><F59/><N who="3" m="35319" /><G70/><T97/><D97/><U25/><E25/><V62/><F62/><W72/><G2/><T10/><D48/><U81/><E81/><V21/><F112/><W117/><G0/><T45/><D36/><U65/><E67/><V108/><F108/><W42/><G72/><T52/><D131/><AGARI ba="0,0" hai="17,22,24,61,65,69,90,94,98,130,131" m="47723" machi="131" ten="30,2000,0" yaku="18,1,52,1" doraHai="87" who="1" fromWho="0" sc="346,-20,299,20,146,0,209,0" owari="326,42.6,319,11.9,146,-35.4,209,-19.1" /></mjloggm>