<mjloggm ver="2.3"><GO type="225" lobby="0"/><UN n0="%E7%AB%8B%E8%8A%B1%E9%9F%BF" n1="%E3%81%82%E3%81%99%E3%81%AB%E3%82%83%E3%82%80" n2="%E9%B3%B3%E6%9D%B1%E3%81%AE%E3%81%86%E3%81%95%E3%81%8E%E3%81%95%E3%82%93" n3="%E3%81%B5%E3%81%98%E3%81%8B%E3%81%A4" dan="17,16,17,16" rate="2146.77,2138.55,2253.59,2178.13" sx="F,F,M,M"/><TAIKYOKU oya="0"/><INIT seed="0,0,0,0,1,11" ten="250,250,250,250" oya="0" hai0="123,124,56,75,130,67,133,92,119,41,8,108,134" hai1="109,0,45,42,57,115,129,61,84,116,14,80,135" hai2="121,50,35,82,103,122,71,76,88,106,31,62,37" hai3="27,40,1,38,53,118,113,63,49,34,110,13,29"/><T2/><D119/><U117/><E0/><V95/><F37/><W23/><G118/><T72/><D123/><U107/><E109/><V51/><F51/><W47/><G113/><T131/><D41/><U4/><E115/><V89/><F50/><W52/><G110/><T9/><D92/><U43/><E135/><N who="0" m="51721" /><D108/><U81/><E107/><V79/><F31/><W39/><G1/><T64/><D56/><U97/><E97/><N who="2" m="61807" /><F35/><W127/><G127/><T98/><D98/><U99/><E99/><N who="2" m="57831" /><F62/><W68/><G53/><T83/><D83/><U10/><E116/><V3/><F3/><W24/><G13/><T44/><D44/><U36/><E117/><V91/><F71/><W104/><G104/><T78/><D78/><N who="2" m="29738" /><F89/><W54/><G54/><T93/><D124/><U132/><E45/><V128/><F128/><N who="0" m="49194" /><D93/><U33/><E129/><V111/><F111/><W22/><G34/><T5/><D9/><U30/><E10/><V60/><F60/><W32/><G32/><T16/><D16/><U65/><E61/><V101/><F101/><W77/><G77/><T105/><D105/><U112/><E33/><V18/><F18/><W48/><G40/><T125/><D125/><U96/><E42/><V74/><F74/><AGARI ba="0,0" hai="2,5,8,64,67,72,74,75" m="49194,51721" machi="74" ten="40,3900,0" yaku="20,1,19,1" doraHai="11" who="0" fromWho="2" sc="250,39,250,0,250,-39,250,0" /><INIT seed="0,1,0,4,0,37" ten="289,250,211,250" oya="0" hai0="119,0,63,20,34,121,32,7,112,102,68,19,40" hai1="3,25,94,80,55,66,49,72,91,44,14,120,79" hai2="65,135,23,13,60,52,53,100,98,42,67,73,105" hai3="116,33,71,132,10,99,41,103,35,16,64,62,127"/><T15/><D112/><U30/><E3/><V122/><F122/><W129/><G116/><T56/><D121/><U29/><E120/><V107/><F73/><W45/><G127/><T12/><D68/><U96/><E66/><V114/><F114/><W88/><G132/><T5/><D119/><U54/><E25/><V51/><F135/><W104/><G129/><T18/><D102/><U87/><E14/><V101/><F107/><W26/><G88/><T11/><D40/><U6/><E6/><N who="0" m="2057" /><D56/><U110/><E110/><V58/><F101/><W50/><REACH who="3" step="1"/><G10/><REACH who="3" ten="289,250,211,240" step="2"/><N who="0" m="6423" /><D63/><U81/><REACH who="1" step="1"/><E55/><REACH who="1" ten="289,240,211,240" step="2"/><V36/><F53/><W85/><G85/><T108/><D108/><U126/><E126/><V8/><F52/><W93/><G93/><T118/><D118/><U4/><E4/><AGARI ba="1,2" hai="0,4,11,15,19,20,32,34" m="6423,2057" machi="4" ten="30,12000,1" yaku="35,5" doraHai="37" who="0" fromWho="1" sc="289,143,240,-123,211,0,240,0" /><INIT seed="0,2,0,3,5,101" ten="432,117,211,240" oya="0" hai0="9,127,115,55,70,38,19,5,111,128,123,11,49" hai1="56,14,119,86,61,36,65,116,6,35,122,98,17" hai2="31,110,22,78,48,104,28,18,91,16,54,77,131" hai3="0,133,12,92,108,46,37,30,109,3,135,90,134"/><T99/><D115/><U10/><E122/><V93/><F110/><N who="3" m="42603" /><G37/><T72/><D111/><U112/><E36/><V132/><F131/><W95/><G46/><T96/><D123/><U89/><E35/><V124/><F104/><W69/><G69/><T58/><D38/><U125/><E125/><V24/><F132/><W107/><G107/><T45/><D70/><U25/><E98/><V20/><F124/><W23/><G90/><T114/><D128/><U52/><E112/><V118/><F118/><W64/><G64/><T59/><D72/><U63/><E25/><V129/><F129/><W80/><G80/><T50/><D127/><U73/><E6/><V62/><F62/><W113/><G113/><T66/><D114/><U53/><E73/><V88/><F48/><W106/><G106/><T33/><D33/><U43/><E43/><V121/><F54/><W67/><G67/><T74/><D74/><U7/><E7/><V21/><F121/><W68/><G68/><T84/><D84/><U40/><E40/><V82/><F82/><W117/><G117/><T51/><D66/><U27/><E27/><N who="2" m="14727" /><F91/><W94/><G30/><N who="2" m="11305" /><F22/><W1/><G23/><T57/><D55/><U79/><E79/><V60/><F60/><W100/><G12/><N who="0" m="5167" /><D45/><U120/><E53/><V2/><F2/><W26/><G26/><T81/><D81/><U8/><E120/><V83/><F83/><W47/><G47/><T103/><D103/><AGARI ba="2,0" hai="0,1,3,92,94,95,100,103,133,134,135" m="42603" machi="103" ten="50,12000,2" yaku="29,2,28,2,20,1,14,1" doraHai="101" who="3" fromWho="0" sc="432,-126,117,0,211,0,240,126" /><INIT seed="1,0,0,3,2,21" ten="306,117,211,366" oya="1" hai0="73,50,134,42,34,135,43,87,49,95,126,89,29" hai1="113,26,62,48,60,82,44,83,40,59,61,35,17" hai2="85,98,27,63,125,102,10,122,108,104,68,22,12" hai3="70,119,7,133,32,41,78,69,15,130,4,67,115"/><U37/><E113/><V79/><F122/><W31/><G115/><T20/><D73/><U109/><E109/><V114/><F114/><W9/><G78/><T18/><D34/><U53/><REACH who="1" step="1"/><E17/><REACH who="1" ten="306,107,211,366" step="2"/><V132/><F108/><W66/><G119/><T103/><D126/><U2/><E2/><V52/><F125/><W39/><G133/><T129/><D135/><U55/><E55/><V105/><F132/><W65/><G65/><T94/><D134/><U75/><E75/><V58/><F52/><W120/><G67/><T88/><D129/><U106/><E106/><V14/><F105/><W16/><G130/><T28/><D43/><U76/><E76/><V111/><F111/><W110/><G110/><T57/><D42/><U47/><E47/><V13/><F79/><W99/><G66/><T124/><D124/><U100/><E100/><V86/><F104/><W38/><G41/><T5/><D103/><U71/><E71/><V91/><F68/><W93/><G70/><T45/><D45/><U81/><E81/><V116/><F102/><N who="3" m="60783" /><G69/><T97/><D5/><U92/><E92/><V128/><F128/><W90/><G4/><T24/><D57/><U101/><E101/><V107/><F107/><W121/><G121/><T56/><D56/><U6/><E6/><V0/><F116/><W46/><G46/><T54/><D54/><U36/><E36/><N who="3" m="13866" /><G120/><T33/><REACH who="0" step="1"/><D28/><AGARI ba="0,1" hai="26,28,35,37,40,44,48,53,59,60,61,62,82,83" machi="28" ten="40,3900,0" yaku="1,1,52,1,53,0" doraHai="21" doraHaiUra="84" who="1" fromWho="0" sc="306,-39,107,49,211,0,366,0" /><INIT seed="1,1,0,3,4,66" ten="267,156,211,366" oya="1" hai0="73,134,0,123,110,101,31,112,4,94,5,118,17" hai1="82,65,90,79,72,47,64,107,53,126,62,106,3" hai2="119,36,16,39,75,120,14,81,122,88,32,52,21" hai3="117,34,92,57,45,26,89,128,20,46,60,125,83"/><U23/><E3/><V8/><F119/><W69/><G125/><T48/><D112/><U86/><E126/><V115/><F32/><W98/><G128/><T41/><D118/><U130/><E65/><V27/><F115/><W2/><G69/><T11/><D73/><U114/><E130/><V74/><F74/><W56/><G34/><T100/><D31/><U108/><E114/><V109/><F109/><W12/><G2/><T116/><D116/><U127/><E127/><V135/><F135/><W93/><G83/><T55/><D41/><U33/><E33/><V99/><F75/><W104/><G104/><T35/><D35/><U85/><E85/><V54/><F36/><W76/><G76/><T102/><D110/><U129/><E129/><V113/><F39/><W132/><G12/><T10/><D134/><U25/><E108/><V28/><F113/><W15/><G15/><T42/><D42/><U43/><E53/><V95/><REACH who="2" step="1"/><F81/><REACH who="2" ten="267,156,201,366" step="2"/><W19/><G132/><T84/><D123/><AGARI ba="1,1" hai="8,14,16,21,27,28,52,54,88,95,99,120,122,123" machi="123" ten="40,8000,1" yaku="1,1,2,1,54,3,53,0" doraHai="66" doraHaiUra="133" who="2" fromWho="0" sc="267,-83,156,0,201,93,366,0" /><INIT seed="2,0,0,5,2,83" ten="184,156,294,366" oya="2" hai0="47,45,110,72,70,5,35,103,82,73,133,1,112" hai1="2,18,55,24,15,117,34,114,19,46,6,88,92" hai2="135,69,65,60,13,87,95,90,27,11,7,94,78" hai3="97,4,118,86,25,8,66,68,77,48,16,104,51"/><V123/><F135/><W99/><G118/><T67/><D112/><U22/><E114/><V85/><F123/><W64/><G68/><T0/><D133/><U53/><E117/><V91/><F27/><W113/><G104/><T129/><D35/><U10/><E46/><V56/><F78/><W21/><G4/><T37/><D110/><U128/><E128/><V101/><F101/><W54/><G8/><T59/><D129/><U105/><E105/><V61/><F61/><W115/><G48/><T36/><D70/><AGARI ba="0,0" hai="7,11,13,56,60,65,69,70,85,87,90,91,94,95" machi="70" ten="40,7700,0" yaku="9,1,52,2" doraHai="83" who="2" fromWho="0" sc="184,-77,156,0,294,77,366,0" /><INIT seed="2,1,0,2,4,9" ten="107,156,371,366" oya="2" hai0="84,33,121,14,47,21,90,74,5,134,49,27,123" hai1="115,52,96,132,56,48,71,110,133,113,85,42,81" hai2="130,125,100,28,1,83,131,45,38,68,104,67,63" hai3="73,3,126,103,37,124,17,127,36,50,92,89,13"/><V12/><F1/><W31/><G3/><T64/><D74/><U18/><E110/><V87/><F28/><W106/><G73/><T40/><D134/><N who="1" m="51819" /><E71/><V59/><F125/><W105/><G31/><T8/><D64/><U46/><E96/><V15/><F68/><W129/><G129/><N who="2" m="49161" /><F100/><W107/><G50/><T53/><D33/><U99/><E99/><V69/><F104/><W54/><G54/><T117/><D117/><U61/><E18/><V97/><F97/><N who="3" m="57487" /><G103/><T114/><D114/><N who="1" m="43531" /><E85/><V25/><F25/><W82/><G82/><AGARI ba="1,0" hai="42,46,48,52,56,61,81,82" m="43531,51819" machi="82" ten="30,2000,0" yaku="20,1,54,1" doraHai="9" who="1" fromWho="3" sc="107,0,156,23,371,0,366,-23" /><INIT seed="3,0,0,1,5,131" ten="107,179,371,343" oya="3" hai0="29,17,39,69,74,57,89,111,67,87,84,110,49" hai1="129,4,7,76,90,121,54,13,27,56,45,86,61" hai2="16,58,112,98,100,91,72,30,114,128,95,19,115" hai3="117,62,133,93,68,134,65,44,108,33,77,55,11"/><W0/><G33/><T107/><D74/><U21/><E121/><V51/><F72/><W36/><G117/><T53/><D107/><U78/><E129/><V1/><F128/><W18/><G77/><N who="1" m="29802" /><E13/><V42/><F1/><W31/><G31/><T15/><D29/><N who="1" m="17647" /><E45/><V10/><F30/><W127/><G127/><T101/><D39/><U52/><E52/><V26/><F10/><W12/><G108/><T22/><D101/><U23/><E23/><V75/><F75/><W14/><G0/><T64/><D87/><U5/><E5/><V60/><F26/><W113/><G113/><T119/><D119/><U43/><E43/><V130/><F130/><W63/><G14/><T103/><D103/><U47/><E47/><V71/><F42/><N who="3" m="22599" /><G93/><AGARI ba="0,0" hai="4,7,54,56,61,86,90,93" m="17647,29802" machi="93" ten="30,1000,0" yaku="8,1" doraHai="131" who="1" fromWho="3" sc="107,0,179,10,371,0,343,-10" owari="107,-39.3,189,-21.1,371,47.1,333,13.3" /></mjloggm>