<mjloggm ver="2.3"><GO type="225" lobby="0"/><UN n0="%E3%81%82%E3%81%99%E3%81%AB%E3%82%83%E3%82%80" n1="%6D%75%75%6D%75%72%61" n2="%E7%B4%94%E6%BD%94%E3%83%94%E3%83%A9%E3%83%8B%E3%82%A2" n3="%E5%A4%96%E5%B7%9D%E7%AB%9C%E6%88%90" dan="16,16,17,16" rate="2090.33,2233.71,2225.89,2243.40" sx="F,F,M,M"/><TAIKYOKU oya="0"/><INIT seed="0,0,0,4,3,13" ten="250,250,250,250" oya="0" hai0="40,134,61,21,59,84,133,49,48,9,98,14,5" hai1="30,88,90,10,18,122,130,26,33,112,104,54,50" hai2="85,32,42,135,103,3,120,75,51,129,28,68,0" hai3="78,29,102,1,109,126,100,115,53,63,4,124,92"/><T12/><D98/><U76/><E122/><V44/><F75/><W20/><G115/><T74/><D74/><U79/><E112/><V60/><F85/><W24/><G109/><T105/><D105/><U132/><E104/><V87/><F87/><W11/><G78/><T27/><D14/><U47/><E130/><V108/><F108/><W89/><G53/><T17/><D84/><U67/><E132/><N who="0" m="50793" /><D40/><U111/><E111/><V6/><F42/><W80/><G63/><T71/><D71/><U31/><E67/><AGARI ba="0,0" hai="5,9,12,17,21,27,48,49,59,61,67" m="50793" machi="67" ten="30,2900,0" yaku="20,1,52,1" doraHai="13" who="0" fromWho="1" sc="250,29,250,-29,250,0,250,0" /><INIT seed="0,1,0,0,0,55" ten="279,221,250,250" oya="0" hai0="84,64,44,48,94,28,34,17,86,23,57,18,15" hai1="97,132,27,2,115,21,47,59,124,36,133,130,38" hai2="121,68,63,54,100,110,76,118,65,108,40,43,106" hai3="98,73,117,10,128,70,14,87,74,0,29,83,4"/><T96/><D34/><U75/><E124/><V22/><F76/><W12/><G117/><T103/><D18/><U16/><E130/><V81/><F81/><W123/><G70/><T95/><D95/><U107/><E75/><V80/><F80/><W9/><G128/><T31/><D31/><U93/><E107/><V60/><F22/><W116/><G116/><T66/><D28/><U119/><E119/><V99/><F118/><W126/><G126/><T6/><D6/><U90/><E2/><V113/><F113/><W85/><G123/><T129/><D129/><U82/><E115/><V35/><F35/><W3/><G98/><T135/><D135/><N who="1" m="51787" /><E82/><V41/><REACH who="2" step="1"/><F121/><REACH who="2" ten="279,221,240,250" step="2"/><W45/><G83/><T88/><D86/><U78/><E78/><V69/><F69/><W32/><G32/><T91/><D84/><U58/><E38/><V13/><F13/><W109/><G14/><T101/><D23/><U92/><E92/><V20/><F20/><W46/><G12/><T42/><D15/><U125/><E125/><V19/><F19/><W72/><G72/><T67/><D17/><U62/><E62/><V11/><F11/><W39/><G39/><T77/><D77/><U51/><E36/><V26/><F26/><W112/><G112/><T104/><D104/><U131/><E131/><V102/><F102/><W105/><G105/><T53/><REACH who="0" step="1"/><D101/><REACH who="0" ten="269,221,240,250" step="2"/><U122/><E122/><V61/><F61/><AGARI ba="1,2" hai="42,44,48,53,57,61,64,66,67,88,91,94,96,103" machi="61" ten="40,12000,1" yaku="1,1,2,1,8,1,52,1,54,1,53,0" doraHai="55" doraHaiUra="24" who="0" fromWho="2" sc="269,143,221,0,240,-123,250,0" /><INIT seed="0,2,0,5,4,105" ten="412,221,117,250" oya="0" hai0="106,38,20,130,63,69,56,87,37,0,77,55,97" hai1="4,78,75,64,54,132,31,86,46,95,123,32,80" hai2="88,74,9,50,124,117,48,30,12,24,36,111,103" hai3="42,73,1,128,5,120,85,98,134,110,52,94,7"/><T45/><D0/><U99/><E123/><V125/><F36/><W122/><G110/><T53/><D130/><U71/><E132/><V59/><F111/><W34/><G128/><T29/><D69/><U133/><E133/><V27/><F103/><W11/><G134/><T13/><D106/><U65/><E4/><V79/><F117/><W89/><G34/><T23/><D97/><U91/><E71/><V14/><F88/><N who="3" m="55623" /><G42/><T49/><D23/><U104/><E31/><V82/><F24/><W47/><G73/><T28/><D28/><U116/><E32/><V72/><F14/><W25/><G25/><T107/><D107/><U22/><E22/><N who="2" m="15735" /><F59/><W62/><G11/><T131/><D29/><U57/><E116/><V26/><F26/><W109/><G1/><T19/><D131/><U112/><E112/><V135/><F135/><W58/><G47/><T92/><REACH who="0" step="1"/><D92/><REACH who="0" ten="402,221,117,250" step="2"/><U18/><E104/><V121/><F121/><N who="3" m="46699" /><G109/><T83/><AGARI ba="2,1" hai="13,19,20,37,38,45,49,53,55,56,63,77,83,87" machi="83" ten="30,6000,0" yaku="1,1,0,1,53,1" doraHai="105" doraHaiUra="8" who="0" fromWho="0" sc="402,76,221,-22,117,-22,250,-22" /><INIT seed="0,3,0,3,4,31" ten="478,199,95,228" oya="0" hai0="115,85,59,123,83,3,116,127,61,34,131,64,122" hai1="111,45,126,114,7,0,33,20,32,91,68,30,10" hai2="21,15,118,82,40,134,52,121,81,70,50,14,97" hai3="77,54,60,11,88,108,92,29,35,42,73,124,63"/><T106/><D3/><U44/><E68/><V28/><F121/><W104/><G104/><T101/><D115/><U37/><E114/><V103/><F70/><W105/><G105/><T96/><D116/><U90/><E111/><V119/><F40/><W5/><G108/><T132/><D132/><U89/><E126/><V57/><F134/><W13/><G42/><T19/><D127/><U110/><E110/><V130/><F130/><W65/><G124/><T86/><D131/><U78/><E78/><V125/><F125/><W133/><G133/><T66/><D66/><U95/><E95/><N who="2" m="58815" /><F119/><W26/><G54/><T74/><D74/><U25/><REACH who="1" step="1"/><E37/><REACH who="1" ten="478,189,95,228" step="2"/><V23/><F118/><W2/><G2/><T46/><D123/><U47/><AGARI ba="3,1" hai="0,7,10,20,25,30,32,33,44,45,47,89,90,91" machi="47" ten="30,8000,1" yaku="1,1,2,1,0,1,52,2,53,0" doraHai="31" doraHaiUra="38" who="1" fromWho="1" sc="478,-43,189,99,95,-23,228,-23" /><INIT seed="1,0,0,2,5,33" ten="435,288,72,205" oya="1" hai0="15,87,101,125,131,63,99,92,37,57,119,3,18" hai1="90,133,46,10,103,100,89,1,11,54,106,53,122" hai2="7,36,97,128,121,49,50,110,12,130,94,124,115" hai3="19,42,61,70,20,114,108,118,77,8,84,30,17"/><U109/><E122/><V83/><F36/><W104/><G114/><T73/><D3/><U0/><E133/><V69/><F69/><W126/><G104/><T22/><D73/><U116/><E46/><V58/><F121/><W66/><G108/><T64/><D119/><U56/><E56/><V123/><F123/><W34/><G118/><T120/><D120/><U59/><E59/><V60/><F110/><W23/><G126/><T14/><D37/><U40/><E116/><V72/><F124/><W132/><G42/><T65/><D131/><N who="2" m="50218" /><F115/><W78/><G34/><T38/><D38/><U112/><E109/><V55/><F7/><W98/><G30/><T48/><D48/><U29/><E106/><V111/><F111/><W71/><G8/><T5/><D125/><U27/><E112/><V76/><F12/><W129/><G129/><T79/><D5/><U2/><E40/><V67/><F67/><W28/><G28/><T93/><D93/><U45/><E45/><V26/><F26/><W39/><G39/><T81/><D14/><U51/><E27/><V35/><F35/><W43/><G43/><T86/><D86/><U75/><E51/><V134/><F134/><W41/><G41/><T102/><D102/><AGARI ba="0,0" hai="49,50,55,58,60,72,76,83,94,97,102" m="50218" machi="102" ten="30,1000,0" yaku="19,1" doraHai="33" who="2" fromWho="0" sc="435,-10,288,0,72,10,205,0" /><INIT seed="2,0,0,2,1,60" ten="425,288,82,205" oya="2" hai0="94,109,48,0,29,10,66,19,49,56,81,3,93" hai1="38,12,15,130,53,78,31,39,83,28,129,86,115" hai2="135,89,110,82,122,32,90,134,13,77,106,120,21" hai3="2,45,76,63,95,96,5,111,43,6,4,105,118"/><V102/><F32/><W44/><G118/><T121/><D109/><U97/><E115/><V91/><F21/><W133/><G105/><T33/><D121/><N who="2" m="46698" /><F13/><N who="1" m="5193" /><E53/><V74/><F110/><W107/><G107/><T1/><D81/><U84/><E84/><V24/><F24/><W46/><G2/><T68/><D93/><U100/><E39/><V50/><F50/><W11/><G111/><T37/><D94/><N who="1" m="58423" /><E38/><V14/><F14/><W127/><G11/><T119/><D10/><U30/><E30/><V73/><F73/><W88/><G43/><T131/><D48/><U42/><E42/><V7/><F7/><W124/><G76/><T64/><D0/><U125/><E31/><V27/><F27/><W128/><G63/><T20/><D29/><U17/><E17/><V104/><F104/><W36/><G36/><T132/><D19/><U75/><E75/><V71/><F71/><W41/><G41/><T103/><D68/><U51/><E51/><V62/><F62/><W114/><G114/><T126/><D1/><U123/><E28/><V59/><F59/><W47/><G47/><T101/><D56/><U8/><E8/><V65/><F65/><W16/><G16/><T113/><D3/><U112/><E112/><V25/><F25/><W98/><G98/><AGARI ba="0,0" hai="74,77,82,89,90,91,98,102,106,134,135" m="46698" machi="98" ten="40,3900,0" yaku="34,2" doraHai="60" who="2" fromWho="3" sc="425,0,288,0,82,39,205,-39" /><INIT seed="2,1,0,1,3,25" ten="425,288,121,166" oya="2" hai0="95,2,125,87,113,110,26,60,98,80,93,45,29" hai1="16,49,0,86,14,61,112,106,38,42,78,116,103" hai2="10,70,50,51,65,8,39,53,92,85,15,135,96" hai3="126,36,102,54,20,4,66,71,122,130,40,57,79"/><V127/><F39/><W7/><G122/><T3/><D113/><U118/><E112/><V41/><F127/><W84/><G126/><T108/><D45/><U111/><E38/><V133/><F85/><W89/><G79/><T123/><D60/><U82/><E111/><N who="0" m="42537" /><D123/><U43/><E0/><N who="0" m="41" /><D98/><U101/><E106/><V23/><F41/><W21/><G40/><T9/><D9/><U32/><E32/><V56/><F51/><W131/><G102/><T77/><D125/><U88/><E61/><V68/><F23/><AGARI ba="1,0" hai="23,26,29,77,80,87,93,95" m="41,42537" machi="23" ten="30,2000,0" yaku="14,1,52,1" doraHai="25" who="0" fromWho="2" sc="425,23,288,0,121,-23,166,0" /><INIT seed="3,0,0,1,2,116" ten="448,288,98,166" oya="3" hai0="44,57,18,15,19,3,32,84,23,0,132,4,65" hai1="34,64,113,129,39,104,72,118,40,126,109,127,60" hai2="101,56,69,95,66,122,81,37,106,135,110,63,16" hai3="85,21,88,29,28,17,86,87,114,35,41,7,76"/><W97/><G114/><T24/><D132/><U82/><RYUUKYOKU type="yao9" ba="0,0" sc="448,0,288,0,98,0,166,0" hai1="34,39,40,60,64,72,82,104,109,113,118,126,127,129" /><INIT seed="3,1,0,0,0,95" ten="448,288,98,166" oya="3" hai0="92,135,96,73,100,74,52,37,11,30,54,6,131" hai1="84,102,115,113,124,14,32,93,57,3,55,75,106" hai2="34,0,64,66,90,50,101,49,2,68,61,86,122" hai3="128,9,76,35,21,88,24,22,36,77,38,18,105"/><W79/><G105/><T130/><D37/><U94/><E3/><V10/><F34/><W29/><G128/><N who="0" m="49195" /><D30/><U26/><E75/><N who="0" m="28681" /><D135/><U27/><E124/><V4/><F122/><W126/><G126/><T83/><D83/><U20/><E27/><V87/><F0/><AGARI ba="1,0" hai="0,6,11,52,54,92,96,100" m="28681,49195" machi="0" ten="30,3900,0" yaku="19,1,52,1,54,1" doraHai="95" who="0" fromWho="2" sc="448,42,288,0,98,-42,166,0" owari="490,59.0,288,8.8,56,-44.4,166,-23.4" /></mjloggm>