<mjloggm ver="2.3"><GO type="225" lobby="0"/><UN n0="%61%6D%65%6B%69" n1="%E3%81%BF%E3%81%BF%E3%81%9A" n2="%33%74%72%65%65" n3="%E3%82%A2%E3%83%A1%E3%82%A2%E3%83%A9%E3%83%AC" dan="16,18,16,16" rate="2072.76,2227.29,2113.96,2158.97" sx="M,M,F,M"/><TAIKYOKU oya="0"/><INIT seed="0,0,0,0,3,57" ten="250,250,250,250" oya="0" hai0="99,46,11,29,38,37,15,74,26,34,121,116,102" hai1="133,85,17,4,65,19,103,49,54,5,132,126,100" hai2="2,106,130,89,115,51,32,39,90,55,79,14,40" hai3="18,48,88,95,110,105,71,66,93,62,81,9,31"/><T44/><D116/><U124/><E65/><V125/><F2/><W28/><G110/><T47/><D74/><U27/><E85/><V33/><F115/><W120/><G105/><T7/><REACH who="0" step="1"/><D121/><REACH who="0" ten="240,250,250,250" step="2"/><U63/><E126/><V123/><F125/><W41/><G120/><T75/><D75/><U21/><E124/><V104/><F123/><W16/><G31/><T67/><D67/><U80/><E133/><V30/><F30/><W68/><G28/><T25/><D25/><U56/><E132/><V3/><F33/><W114/><G114/><T13/><D13/><U36/><E36/><V61/><F14/><W98/><G71/><T53/><D53/><U60/><E80/><V24/><F55/><W87/><G9/><T128/><D128/><U118/><E118/><V92/><F24/><W122/><G122/><T84/><D84/><U73/><E73/><V22/><F32/><W101/><REACH who="3" step="1"/><G81/><REACH who="3" ten="240,250,250,240" step="2"/><T134/><D134/><U12/><E4/><V6/><F6/><W52/><G52/><T59/><D59/><U127/><E5/><V82/><F130/><W42/><G42/><T108/><D108/><U109/><E127/><V72/><F40/><W94/><G94/><AGARI ba="0,2" hai="7,11,15,26,29,34,37,38,44,46,47,94,99,102" machi="94" ten="40,2000,0" yaku="1,1,53,0" doraHai="57" doraHaiUra="112" who="0" fromWho="3" sc="240,40,250,0,250,0,240,-20" /><INIT seed="0,1,0,4,4,41" ten="280,250,250,220" oya="0" hai0="62,7,12,10,31,22,44,35,133,113,8,106,9" hai1="80,39,40,50,83,124,118,120,123,114,93,16,11" hai2="128,47,18,109,33,0,38,110,115,135,68,19,85" hai3="67,126,129,82,107,25,17,42,26,87,99,97,51"/><T79/><D106/><U98/><E118/><V71/><F115/><W53/><G129/><T65/><D79/><U73/><E39/><V1/><F128/><W76/><G126/><T3/><D113/><U75/><E124/><V58/><F33/><W132/><G132/><T127/><D133/><U46/><E114/><V20/><F135/><W59/><G67/><T64/><D64/><U43/><E75/><V74/><F74/><W55/><G42/><T15/><D15/><N who="1" m="7295" /><E73/><V69/><F58/><W54/><G26/><N who="0" m="18935" /><D127/><U94/><E123/><V27/><F19/><W130/><G130/><T90/><D90/><N who="1" m="55607" /><E120/><V32/><F32/><W37/><G37/><T111/><D111/><N who="2" m="42506" /><F85/><W105/><G105/><T131/><D131/><U57/><E40/><AGARI ba="1,0" hai="0,1,18,20,27,38,40,47,68,69,71" m="42506" machi="40" ten="40,2600,0" yaku="14,1,52,1" doraHai="41" who="2" fromWho="1" sc="280,0,250,-29,250,29,220,0" /><INIT seed="1,0,0,4,4,18" ten="280,221,279,220" oya="1" hai0="122,99,119,24,106,38,3,100,78,112,127,73,107" hai1="28,61,17,118,27,50,89,69,87,115,76,36,42" hai2="34,25,102,58,26,9,55,8,31,41,86,66,5" hai3="92,59,117,2,29,33,82,67,88,80,96,120,116"/><U77/><E115/><V6/><F66/><W83/><G120/><T71/><RYUUKYOKU type="yao9" ba="0,0" sc="280,0,221,0,279,0,220,0" hai0="3,24,38,71,73,78,99,100,106,107,112,119,122,127" /><INIT seed="1,1,0,2,0,113" ten="280,221,279,220" oya="1" hai0="47,89,5,61,52,64,24,4,69,25,8,21,70" hai1="111,93,75,116,126,129,33,135,82,13,71,92,27" hai2="91,32,110,123,20,114,2,84,120,100,18,50,128" hai3="38,16,77,81,37,49,66,130,106,117,121,40,73"/><U95/><E71/><V76/><F114/><W104/><G130/><T55/><D70/><U57/><E129/><V80/><F128/><W105/><G121/><T122/><D122/><U115/><E115/><V99/><F110/><W112/><G112/><T34/><D5/><U46/><E126/><V17/><F32/><W10/><G66/><T28/><D89/><U68/><E68/><V15/><F2/><W109/><G109/><T72/><D72/><U125/><E125/><V88/><F123/><W6/><G6/><T11/><D11/><U78/><E135/><V59/><F120/><W79/><G79/><T35/><D47/><U48/><E111/><V45/><F17/><W131/><G131/><T102/><D102/><U54/><E13/><V26/><F15/><W43/><G49/><T90/><D90/><U127/><E127/><V39/><F59/><W62/><G62/><T87/><D87/><U97/><E116/><V58/><F58/><W19/><G117/><T86/><D86/><U103/><REACH who="1" step="1"/><E57/><REACH who="1" ten="280,211,279,220" step="2"/><V41/><REACH who="2" step="1"/><F39/><REACH who="2" ten="280,211,269,220" step="2"/><W108/><G108/><T124/><D124/><U85/><E85/><V118/><F118/><W133/><G38/><T83/><D25/><U60/><E60/><V65/><F65/><W98/><G37/><T22/><D61/><U23/><E23/><V107/><AGARI ba="1,2" hai="18,20,26,41,45,50,76,80,84,88,91,99,100,107" machi="107" ten="20,5200,0" yaku="1,1,0,1,7,1,54,1,53,0" doraHai="113" doraHaiUra="30" who="2" fromWho="2" sc="280,-14,211,-27,269,75,220,-14" /><INIT seed="2,0,0,1,3,108" ten="266,184,344,206" oya="2" hai0="43,19,114,68,49,71,0,52,117,104,23,63,96" hai1="66,41,92,120,115,83,91,65,14,38,1,21,20" hai2="17,101,131,73,112,4,93,78,34,85,113,132,88" hai3="36,40,24,58,109,7,105,103,133,13,64,47,55"/><V29/><F131/><W90/><G109/><T82/><D0/><U61/><E1/><V11/><F132/><W45/><G133/><T106/><D114/><U119/><E119/><V89/><F101/><W46/><G90/><T51/><D82/><U27/><E120/><V2/><F17/><W22/><G64/><T99/><D117/><U118/><E118/><V42/><F89/><W56/><G56/><N who="0" m="35207" /><D106/><U33/><E115/><V128/><F128/><W9/><G103/><T94/><D104/><U25/><E33/><V97/><F97/><W72/><G72/><T57/><D71/><U130/><E130/><V10/><F10/><W67/><G67/><T26/><D68/><U44/><E83/><N who="2" m="45519" /><F29/><W6/><G6/><T75/><D75/><U37/><E14/><V100/><F100/><W74/><G105/><T81/><D81/><U76/><E76/><V59/><F59/><W135/><G74/><T3/><D3/><U28/><E38/><V111/><F34/><W110/><G110/><T60/><D43/><U116/><E116/><V86/><F111/><W54/><G135/><T48/><D94/><U87/><REACH who="1" step="1"/><E61/><REACH who="1" ten="266,174,344,206" step="2"/><V8/><F112/><W126/><G36/><T32/><D32/><U35/><E35/><V127/><F113/><W70/><G13/><T62/><D62/><U102/><E102/><V30/><F2/><W18/><G24/><T80/><D80/><U50/><E50/><V69/><F4/><W39/><G7/><T15/><D15/><U98/><E98/><V16/><F85/><W123/><G39/><T129/><D129/><U107/><E107/><RYUUKYOKU ba="0,1" sc="266,15,174,15,344,-15,206,-15" hai0="19,23,26,48,49,51,57,60,96,99" hai1="20,21,25,27,28,37,41,44,65,66,87,91,92" /><INIT seed="3,1,1,5,5,22" ten="281,189,329,191" oya="3" hai0="65,59,114,127,100,104,55,106,80,107,94,62,66" hai1="88,21,115,99,39,61,18,134,77,30,75,42,119" hai2="76,101,53,126,125,113,31,41,121,63,73,112,47" hai3="130,78,97,15,90,27,92,70,93,51,95,10,109"/><W116/><G116/><T4/><D127/><N who="2" m="48650" /><F121/><W50/><G130/><T117/><D117/><U56/><E115/><V11/><F31/><W26/><G70/><T64/><D114/><U20/><E119/><V122/><F122/><W23/><G78/><T129/><D129/><U40/><E77/><V36/><F101/><W7/><G109/><T87/><D4/><U48/><E75/><V29/><F29/><N who="3" m="17631" /><G27/><T49/><D94/><AGARI ba="1,1" hai="7,10,15,50,51,90,92,93,94,95,97" m="17631" machi="94" ten="30,2900,0" yaku="8,1,52,1" doraHai="22" who="3" fromWho="0" sc="281,-32,189,0,329,0,191,42" /><INIT seed="3,2,0,4,3,1" ten="249,189,329,233" oya="3" hai0="3,56,41,62,123,46,83,112,26,120,133,114,4" hai1="85,96,63,67,103,110,25,32,91,66,33,61,45" hai2="0,90,2,44,64,80,11,115,40,38,134,92,57" hai3="81,23,24,105,36,99,89,8,101,126,104,52,129"/><W93/><G36/><N who="0" m="21799" /><D26/><U127/><E110/><V43/><F134/><W131/><G126/><T128/><D83/><U71/><E127/><V54/><F115/><N who="0" m="44074" /><D133/><U82/><E45/><V135/><F44/><W107/><G8/><N who="0" m="2079" /><D128/><N who="3" m="49225" /><G52/><AGARI ba="2,0" hai="52,56,62,120,123" m="2079,44074,21799" machi="52" ten="30,3900,0" yaku="11,1,52,1,54,1" doraHai="1" who="0" fromWho="3" sc="249,45,189,0,329,0,233,-45" owari="294,9.4,189,-21.1,329,42.9,188,-31.2" /></mjloggm>