<mjloggm ver="2.3"><GO type="225" lobby="0"/><UN n0="%61%6D%65%6B%69" n1="%73%6C%69%63%6B%33%31%39" n2="%6D%75%75%6D%75%72%61" n3="%E3%81%8F%E3%82%8A%E3%83%94%E3%83%BC" dan="16,16,17,16" rate="2073.36,2199.50,2110.01,2101.56" sx="M,M,F,M"/><TAIKYOKU oya="0"/><INIT seed="0,0,0,2,1,93" ten="250,250,250,250" oya="0" hai0="44,88,11,120,53,57,132,101,26,14,41,54,51" hai1="12,10,87,56,128,122,78,70,2,97,133,113,110" hai2="63,33,130,124,61,83,116,68,108,90,115,45,74" hai3="96,49,107,1,16,66,31,39,77,111,46,25,59"/><T125/><D120/><U28/><E70/><V80/><F115/><W24/><G1/><T22/><D132/><U6/><E122/><V37/><F108/><W40/><G111/><T62/><D125/><U71/><E71/><V29/><F124/><W9/><G77/><T75/><D75/><U36/><E110/><V92/><F130/><W32/><G66/><T81/><D101/><U69/><E69/><V27/><F116/><W8/><G59/><T7/><D81/><N who="1" m="47543" /><E36/><V118/><F61/><W47/><G107/><T23/><D23/><U117/><E2/><V100/><F100/><W121/><G96/><T131/><D131/><U126/><E28/><V114/><F114/><W34/><G121/><T129/><D129/><U64/><E128/><V5/><F5/><W95/><G95/><T91/><REACH who="0" step="1"/><D41/><REACH who="0" ten="240,250,250,250" step="2"/><U94/><E133/><V104/><F74/><W99/><G34/><T106/><D106/><U103/><E126/><V73/><F104/><W42/><G8/><T105/><D105/><U76/><E113/><V112/><F112/><W89/><G9/><T35/><D35/><U19/><E117/><V4/><F118/><W67/><G32/><T17/><AGARI ba="0,1" hai="7,11,14,17,22,26,44,51,53,54,57,62,88,91" machi="17" ten="20,12000,1" yaku="1,1,0,1,7,1,8,1,54,1,53,0" doraHai="93" doraHaiUra="60" who="0" fromWho="0" sc="240,130,250,-40,250,-40,250,-40" /><INIT seed="0,1,0,2,0,74" ten="370,210,210,210" oya="0" hai0="57,131,119,71,70,132,9,51,84,96,6,10,36" hai1="68,66,111,109,64,12,69,42,20,27,7,35,39" hai2="93,14,25,128,62,100,58,99,1,115,8,82,4" hai3="78,21,19,29,24,0,28,92,103,102,127,122,95"/><T110/><D36/><U23/><E35/><V33/><F128/><W46/><G0/><T65/><D119/><U47/><E7/><V104/><F115/><W26/><G127/><T97/><D131/><U73/><E73/><V125/><F125/><W30/><G122/><T124/><D124/><U105/><E105/><V54/><F1/><W31/><G46/><T88/><D132/><U53/><E12/><V121/><F121/><W79/><N who="3" m="7168" /><DORA hai="76" /><W22/><G22/><T120/><D110/><N who="1" m="41995" /><E27/><V80/><F25/><W32/><G26/><T134/><D134/><U3/><E3/><V2/><F33/><W117/><G117/><T85/><D6/><U91/><E91/><V37/><F37/><W44/><G44/><T101/><D101/><N who="3" m="38409" /><G32/><T77/><D120/><U87/><E87/><V34/><F34/><W18/><G19/><T48/><D71/><N who="1" m="27211" /><E53/><V112/><F112/><W130/><G130/><T129/><D129/><U108/><N who="1" m="42003" /><U83/><DORA hai="118" /><E83/><V113/><F113/><W126/><G126/><T38/><D10/><U135/><E135/><V106/><REACH who="2" step="1"/><F2/><REACH who="2" ten="370,210,200,210" step="2"/><W72/><G72/><T52/><D38/><U133/><E133/><V5/><F5/><W17/><G17/><T94/><D9/><U50/><E39/><V81/><AGARI ba="1,1" hai="4,8,14,54,58,62,80,81,82,93,99,100,104,106" machi="81" ten="30,12000,2" yaku="1,1,0,1,52,3,53,1" doraHai="74,76,118" doraHaiUra="11,45,67" who="2" fromWho="2" sc="370,-61,210,-31,200,133,210,-31" /><INIT seed="1,0,0,3,3,48" ten="309,179,333,179" oya="1" hai0="134,28,38,25,72,62,56,44,81,53,111,110,54" hai1="58,105,78,2,95,102,100,69,116,0,80,122,10" hai2="129,3,34,126,91,133,35,8,15,41,135,79,117" hai3="124,31,75,96,19,108,97,123,65,43,29,89,127"/><U12/><E116/><V76/><F117/><W14/><G123/><T21/><D134/><N who="2" m="51210" /><F3/><W88/><G108/><N who="0" m="41515" /><D38/><U11/><E69/><V33/><F126/><N who="3" m="48171" /><G65/><N who="0" m="39111" /><D44/><U16/><E105/><V67/><F129/><W55/><G43/><T40/><D40/><U82/><E122/><V32/><F32/><W130/><G75/><T7/><D7/><U85/><E80/><V13/><F67/><W1/><G1/><T24/><D24/><U22/><E0/><V66/><F66/><W121/><G121/><T90/><D90/><N who="3" m="34921" /><G130/><T37/><D37/><U87/><E2/><V73/><F41/><W120/><G55/><N who="0" m="21003" /><D81/><U5/><E82/><N who="2" m="45327" /><F79/><W109/><G109/><T125/><D125/><U68/><E78/><V71/><F71/><W42/><G42/><T20/><D72/><U115/><E68/><V106/><F91/><W86/><G120/><T9/><D9/><U6/><E10/><V74/><F74/><W104/><G86/><T118/><D118/><U46/><E85/><V61/><F8/><N who="3" m="6599" /><G97/><T45/><D45/><U128/><E46/><V107/><F61/><W83/><G83/><T92/><D92/><U103/><E95/><V98/><F98/><W30/><G96/><T112/><D112/><U36/><E115/><V99/><F107/><AGARI ba="0,0" hai="29,30,31,104,107" m="6599,34921,48171" machi="107" ten="40,2600,0" yaku="18,1,54,1" doraHai="48" who="3" fromWho="2" sc="309,0,179,0,333,-26,179,26" /><INIT seed="2,0,0,4,4,18" ten="309,179,307,205" oya="2" hai0="89,105,24,34,54,128,27,104,133,36,20,123,103" hai1="7,96,106,63,100,97,70,14,115,43,6,44,91" hai2="19,38,35,45,95,80,12,77,41,127,101,3,23" hai3="73,21,76,33,134,22,112,90,114,59,82,126,98"/><V125/><F3/><W71/><G71/><T110/><D36/><U26/><E115/><N who="3" m="44074" /><G33/><T5/><D123/><U131/><E131/><V67/><F35/><W46/><G134/><T37/><D37/><U119/><E119/><V42/><F42/><W66/><G126/><T86/><D5/><U15/><E70/><V48/><F67/><W28/><G28/><T47/><D110/><U113/><E113/><V85/><REACH who="2" step="1"/><F38/><REACH who="2" ten="309,179,297,205" step="2"/><W135/><G135/><T94/><D133/><U57/><E43/><V78/><F78/><W107/><G76/><T11/><D34/><U62/><E6/><V60/><F60/><W30/><G66/><T51/><D128/><U10/><E63/><V31/><F31/><W9/><G30/><T55/><D55/><U32/><E7/><V99/><AGARI ba="0,1" hai="12,19,23,41,45,48,77,80,85,95,99,101,125,127" machi="99" ten="30,6000,0" yaku="1,1,0,1,52,1,53,0" doraHai="18" doraHaiUra="4" who="2" fromWho="2" sc="309,-20,179,-20,297,70,205,-20" /><INIT seed="2,1,0,3,3,16" ten="289,159,367,185" oya="2" hai0="62,44,108,117,68,87,65,13,113,107,89,17,18" hai1="71,36,32,9,56,115,67,119,14,94,27,73,77" hai2="78,112,83,52,21,28,12,1,93,130,60,124,106" hai3="3,100,45,6,0,10,69,15,91,54,39,127,57"/><V97/><F112/><W121/><G121/><T84/><D113/><U90/><E119/><V101/><F1/><W25/><G69/><T53/><D108/><U88/><E115/><V35/><F35/><W37/><G127/><T50/><D107/><U22/><E36/><V38/><F38/><W42/><G39/><T47/><D117/><U30/><E71/><V51/><F124/><W49/><G100/><T63/><D63/><N who="1" m="38375" /><E73/><V59/><F130/><W40/><G40/><T128/><D128/><U80/><E32/><V103/><F106/><W79/><G79/><T105/><D105/><U134/><E134/><V20/><F28/><W29/><REACH who="3" step="1"/><G91/><REACH who="3" ten="289,159,367,175" step="2"/><T92/><D89/><U114/><E114/><V23/><F103/><W81/><G81/><T11/><D92/><U98/><E77/><V74/><REACH who="2" step="1"/><F51/><REACH who="2" ten="289,159,357,175" step="2"/><W123/><G123/><T125/><D125/><U4/><E80/><V7/><F7/><W118/><G118/><T104/><D104/><U19/><E90/><V122/><F122/><W135/><G135/><T129/><D129/><U48/><E48/><V82/><F82/><W66/><G66/><T72/><D65/><U95/><E94/><V85/><F85/><W8/><G8/><T34/><D50/><U2/><E2/><V132/><F132/><W5/><G5/><AGARI ba="1,2" hai="4,5,9,14,19,22,27,30,88,95,98" m="38375" machi="5" ten="30,3900,0" yaku="8,1,52,1,54,1" doraHai="16" who="1" fromWho="3" sc="289,0,159,62,357,0,175,-42" /><INIT seed="3,0,0,1,4,79" ten="289,221,357,133" oya="3" hai0="74,122,10,61,25,130,24,57,69,15,68,82,73" hai1="84,50,107,58,71,0,46,86,93,133,32,14,34" hai2="115,75,102,51,78,7,104,6,2,5,77,53,132" hai3="95,96,12,56,64,131,91,116,92,3,126,67,94"/><W55/><G116/><T76/><D122/><U106/><E71/><V80/><F115/><W59/><G3/><T17/><D74/><U42/><E0/><V19/><F132/><W103/><G131/><T100/><D130/><U39/><E107/><V60/><F60/><W88/><G126/><T105/><D69/><U109/><E106/><V98/><F77/><W49/><G12/><T63/><D100/><U13/><E133/><V72/><F2/><W112/><G112/><T23/><D105/><U85/><E109/><V45/><F75/><W70/><G70/><T65/><REACH who="0" step="1"/><D23/><REACH who="0" ten="279,221,357,133" step="2"/><U26/><E32/><V101/><F102/><W21/><G21/><T8/><D8/><U119/><E119/><V41/><F72/><W28/><G28/><T62/><D62/><U121/><E121/><V66/><F101/><W117/><G117/><T89/><D89/><N who="3" m="34377" /><G59/><T114/><D114/><U125/><E125/><V4/><F104/><W123/><G123/><T38/><D38/><U127/><E127/><V110/><F110/><W135/><G135/><T48/><D48/><U33/><E58/><V9/><F51/><W37/><G37/><T108/><D108/><U27/><E39/><V16/><F9/><W40/><G40/><T129/><D129/><U118/><E118/><V44/><F41/><W18/><G18/><T29/><D29/><U83/><E33/><V1/><F16/><W120/><G120/><T52/><AGARI ba="0,1" hai="10,15,17,24,25,52,57,61,63,65,68,73,76,82" machi="52" ten="20,8000,1" yaku="1,1,0,1,7,1,52,1,54,1,53,0" doraHai="79" doraHaiUra="134" who="0" fromWho="0" sc="279,90,221,-20,357,-20,133,-40" owari="369,46.9,201,-19.9,337,13.7,93,-40.7" /></mjloggm>