<mjloggm ver="2.3"><GO type="225" lobby="0"/><UN n0="%2D%E8%B1%8A%E5%8F%A3%E3%82%81%E3%81%90%E3%81%BF%2D" n1="%E9%80%86%E9%80%A3%E5%B8%AF%E3%81%AE%E9%AC%BC" n2="%72%65%6E%6B%75%6E" n3="%E3%81%BF%E3%81%BF%E3%81%9A" dan="16,16,17,17" rate="2101.43,2175.42,2167.05,2271.80" sx="F,M,M,M"/><TAIKYOKU oya="0"/><INIT seed="0,0,0,5,3,67" ten="250,250,250,250" oya="0" hai0="46,77,91,1,92,121,75,35,79,90,132,51,9" hai1="10,109,14,34,17,66,63,80,122,57,126,117,22" hai2="61,93,83,70,26,74,64,115,48,40,24,50,25" hai3="82,65,104,72,60,62,78,58,125,98,124,102,44"/><T85/><D121/><U133/><E122/><V107/><F107/><W68/><REACH who="3" step="1"/><G44/><REACH who="3" ten="250,250,250,240" step="2"/><T21/><D46/><U18/><E117/><V6/><F115/><W87/><G87/><T81/><D85/><U89/><E133/><V20/><F40/><W116/><G116/><T88/><D132/><U71/><E126/><V130/><F130/><W11/><G11/><T49/><D9/><U15/><E109/><V37/><F37/><W52/><AGARI ba="0,1" hai="52,58,60,62,65,68,72,78,82,98,102,104,124,125" machi="52" ten="30,8000,1" yaku="21,2,0,1,52,1,54,1,53,0" doraHai="67" doraHaiUra="30" who="3" fromWho="3" sc="250,-40,250,-20,250,-20,240,90" /><INIT seed="1,0,0,0,3,92" ten="210,230,230,330" oya="1" hai0="40,127,60,13,45,57,107,81,10,53,83,133,18" hai1="34,63,69,122,82,29,22,33,132,103,32,17,35" hai2="106,6,86,78,3,66,101,108,124,61,27,16,9" hai3="42,37,98,24,102,129,87,51,30,59,112,90,104"/><U110/><E122/><V95/><F108/><W118/><G112/><T134/><D107/><U58/><E110/><V1/><F124/><W123/><G123/><T89/><D127/><U4/><E132/><N who="0" m="50793" /><D89/><U49/><E4/><V105/><F1/><W119/><G129/><T77/><D77/><U55/><E34/><V72/><F72/><W48/><G37/><T26/><D26/><U7/><E7/><V68/><F78/><W62/><G87/><T39/><AGARI ba="0,0" hai="10,13,18,39,40,45,53,57,60,81,83" m="50793" machi="39" ten="30,1100,0" yaku="20,1" doraHai="92" who="0" fromWho="0" sc="210,11,230,-5,230,-3,330,-3" /><INIT seed="2,0,0,3,5,55" ten="221,225,227,327" oya="2" hai0="18,50,24,74,66,33,48,106,29,14,96,20,120" hai1="54,53,130,117,62,68,21,128,3,105,118,39,41" hai2="91,122,126,84,77,10,75,56,132,40,110,57,45" hai3="12,102,112,127,129,43,107,108,4,31,80,52,73"/><V97/><F122/><W104/><G43/><T111/><D120/><U16/><E3/><V103/><F132/><W47/><G31/><T67/><D74/><U27/><E105/><N who="2" m="63727" /><F126/><W1/><G12/><T95/><D106/><U28/><E28/><V94/><F10/><W72/><G52/><N who="1" m="20074" /><E68/><V44/><F110/><W125/><G47/><N who="2" m="17993" /><F40/><W25/><G25/><T8/><D111/><U82/><E62/><V34/><F34/><W92/><G108/><T22/><D33/><U17/><E82/><AGARI ba="0,0" hai="56,57,75,77,82,84,91,94" m="17993,63727" machi="82" ten="30,5800,0" yaku="24,1,52,2" doraHai="55" who="2" fromWho="1" sc="221,0,225,-58,227,58,327,0" /><INIT seed="2,1,0,3,2,49" ten="221,167,285,327" oya="2" hai0="39,73,22,99,58,17,116,100,126,6,132,102,70" hai1="105,77,31,33,42,91,120,12,8,81,131,84,111" hai2="59,46,9,54,45,13,79,19,63,52,76,23,96" hai3="108,3,127,121,93,36,119,47,125,65,41,18,69"/><V28/><F96/><W128/><G119/><T57/><D70/><U14/><E120/><V43/><F28/><W101/><G121/><T55/><D116/><U66/><E131/><V109/><F109/><W27/><G108/><T104/><D39/><U50/><E111/><V82/><F23/><N who="3" m="13815" /><G3/><T106/><D73/><U89/><E105/><V11/><F11/><W92/><G101/><T123/><D123/><U95/><E66/><N who="2" m="39295" /><F43/><W62/><G128/><T94/><D102/><U74/><E91/><V0/><F0/><W98/><G98/><T122/><D122/><U56/><E31/><V118/><F118/><W97/><G97/><T67/><D106/><U5/><E33/><V68/><F68/><W112/><G112/><T38/><D104/><U90/><E90/><V87/><F79/><W86/><G86/><T61/><D38/><U117/><E117/><V85/><F87/><W34/><G34/><T135/><D6/><U51/><E42/><V88/><F76/><W48/><G36/><T37/><D37/><U115/><E115/><V4/><F4/><W2/><G2/><T7/><D7/><U71/><E71/><V32/><F32/><W44/><G44/><AGARI ba="1,0" hai="9,13,19,44,45,46,52,54,82,85,88" m="39295" machi="44" ten="30,12000,1" yaku="8,1,52,2,54,2" doraHai="49" who="2" fromWho="3" sc="221,0,167,0,285,123,327,-123" /><INIT seed="2,2,0,1,1,95" ten="221,167,408,204" oya="2" hai0="26,29,68,93,27,78,115,35,9,0,85,120,7" hai1="42,75,124,102,135,125,43,3,52,23,77,73,132" hai2="60,5,12,127,97,2,91,24,32,53,110,84,71" hai3="28,117,130,109,34,19,100,20,90,108,70,22,11"/><V104/><F127/><N who="1" m="48713" /><E3/><V36/><F36/><W94/><G70/><T74/><D120/><U72/><E77/><V80/><F110/><N who="3" m="42603" /><G117/><T47/><D115/><U112/><E112/><V81/><F2/><W66/><G66/><T86/><D68/><U39/><E39/><V21/><F32/><W59/><G100/><T121/><D121/><U62/><E102/><V79/><F5/><W106/><G106/><T133/><D133/><N who="1" m="51275" /><E23/><V126/><F12/><N who="3" m="7583" /><G130/><T69/><D0/><U33/><E33/><V25/><F21/><W105/><G105/><T131/><D35/><U76/><E76/><V10/><F10/><W40/><G40/><T114/><D131/><U88/><E88/><V61/><F104/><W54/><G28/><T16/><D29/><U44/><E44/><V37/><F91/><W87/><G34/><T50/><D78/><U67/><E67/><V113/><F79/><W6/><G6/><T14/><D7/><U56/><AGARI ba="2,0" hai="42,43,52,56,62,72,73,75" m="51275,48713" machi="56" ten="40,5200,0" yaku="18,1,20,1,54,1" doraHai="95" who="1" fromWho="1" sc="221,-15,167,58,408,-28,204,-15" /><INIT seed="3,0,0,1,3,49" ten="206,225,380,189" oya="3" hai0="80,90,121,110,86,75,132,23,98,78,6,64,97" hai1="73,17,57,102,43,71,70,15,133,108,115,59,25" hai2="61,51,34,65,10,24,3,69,66,79,105,39,40" hai3="58,13,83,88,109,112,19,52,126,2,68,38,62"/><W67/><G112/><T8/><D121/><U93/><E73/><V42/><F66/><W91/><G2/><T45/><D110/><U46/><E115/><V82/><F51/><W117/><G117/><T44/><D132/><U111/><E133/><V124/><F124/><W9/><G126/><T120/><D120/><U48/><E25/><V11/><F105/><W118/><G118/><T135/><D135/><U18/><E71/><V41/><F39/><W1/><G109/><N who="1" m="42058" /><E18/><V129/><F129/><W103/><G38/><T16/><D64/><U122/><E70/><V29/><REACH who="2" step="1"/><F3/><REACH who="2" ten="206,225,370,189" step="2"/><W131/><G131/><T119/><D119/><U33/><E122/><V116/><F116/><W56/><G1/><T53/><D53/><U96/><E33/><V21/><F21/><AGARI ba="0,1" hai="15,17,21,43,46,48,57,59,93,96,102" m="42058" machi="21" ten="30,1000,0" yaku="14,1" doraHai="49" who="1" fromWho="2" sc="206,0,225,20,370,-10,189,0" owari="206,-19.4,245,4.5,360,46.0,189,-31.1" /></mjloggm>