<mjloggm ver="2.3"><GO type="225" lobby="0"/><UN n0="%6D%75%75%6D%75%72%61" n1="%73%6C%69%63%6B%33%31%39" n2="%E8%BE%9B%E5%8F%A3%E3%82%AB%E3%83%AC%E3%83%BC%E3%83%A9%E3%82%A4%E3%82%B9" n3="%72%69%6F%75%63%68%61%6E" dan="16,17,16,16" rate="2146.04,2194.99,2144.98,2187.47" sx="F,M,M,M"/><TAIKYOKU oya="0"/><INIT seed="0,0,0,3,2,52" ten="250,250,250,250" oya="0" hai0="41,35,32,114,16,104,89,56,85,42,83,79,12" hai1="9,13,125,98,28,45,81,3,135,71,10,25,70" hai2="117,69,14,34,44,0,118,93,78,63,75,101,113" hai3="103,26,57,126,127,37,68,129,76,122,120,55,19"/><T50/><D114/><U86/><E125/><N who="3" m="47626" /><G68/><T96/><D41/><U112/><E112/><V36/><F113/><W84/><G37/><T40/><D40/><U29/><E135/><V95/><F34/><W15/><G129/><T97/><D104/><U74/><E74/><V54/><F0/><W115/><G115/><T87/><D35/><U110/><E110/><V134/><F134/><W8/><G103/><T100/><D32/><U58/><E45/><V102/><F14/><W90/><G76/><T48/><D42/><U23/><E98/><V62/><F78/><W111/><G26/><T43/><D43/><U59/><E3/><V20/><F75/><W123/><G111/><T49/><D56/><N who="1" m="21547" /><E70/><V119/><F36/><W99/><G99/><T7/><D100/><N who="2" m="38506" /><F20/><W108/><G108/><T116/><D116/><U60/><E71/><V106/><F106/><W65/><G65/><T72/><D72/><U130/><E130/><V47/><F69/><W77/><G77/><T94/><REACH who="0" step="1"/><D7/><REACH who="0" ten="240,250,250,250" step="2"/><N who="1" m="3263" /><E60/><N who="2" m="23083" /><F44/><W46/><G46/><T105/><D105/><U4/><E4/><V33/><F33/><W88/><G84/><T131/><D131/><U22/><E10/><AGARI ba="0,1" hai="10,12,16,48,49,50,79,83,85,87,89,94,96,97" machi="10" ten="40,7700,0" yaku="1,1,8,1,54,1,53,0" doraHai="52" doraHaiUra="53" who="0" fromWho="1" sc="240,87,250,-77,250,0,250,0" /><INIT seed="0,1,0,0,2,60" ten="327,173,250,250" oya="0" hai0="20,116,87,84,115,132,81,64,15,28,128,27,114" hai1="103,17,7,44,119,14,123,101,82,62,57,90,0" hai2="124,37,96,11,91,41,59,54,76,95,29,78,117" hai3="73,118,122,55,66,129,25,80,131,34,110,70,38"/><T51/><D116/><U50/><E119/><V48/><F124/><W111/><G118/><T2/><D2/><U97/><E123/><V88/><F117/><W135/><G122/><T89/><D128/><N who="3" m="49225" /><G38/><T31/><D132/><U125/><E125/><V22/><F11/><W127/><G127/><T63/><D31/><U26/><E0/><V75/><F75/><W107/><G107/><T126/><D126/><U72/><E7/><V10/><F10/><W4/><G4/><T23/><D51/><U120/><E120/><V102/><F41/><W83/><G135/><T42/><D42/><U19/><E72/><V5/><F5/><W30/><G55/><T61/><D61/><U43/><E26/><N who="2" m="16599" /><F37/><W58/><G58/><T134/><D134/><U67/><E19/><V100/><F91/><W71/><G80/><T8/><D87/><U33/><E33/><V1/><F1/><W93/><G93/><T104/><D23/><U106/><E106/><V99/><F99/><W32/><G34/><T47/><D104/><U68/><E68/><N who="3" m="26154" /><G66/><T9/><D47/><U98/><E97/><V121/><F121/><W49/><G49/><T24/><D114/><U6/><E6/><V35/><F35/><W56/><G56/><T3/><D115/><U113/><E113/><V21/><F21/><W18/><G18/><N who="0" m="10335" /><D3/><U65/><E65/><V45/><F45/><W36/><G36/><T39/><D39/><U69/><E69/><V13/><F13/><W52/><G52/><T53/><D53/><U85/><E98/><V133/><F133/><W74/><G73/><T12/><D64/><RYUUKYOKU ba="1,0" sc="327,-30,173,10,250,10,250,10" hai1="14,17,43,44,50,57,62,67,82,85,90,101,103" hai2="48,54,59,76,78,88,95,96,100,102" hai3="25,30,32,74,83,110,111" /><INIT seed="1,2,0,0,4,68" ten="297,183,260,260" oya="1" hai0="22,86,23,79,107,41,108,76,25,34,39,72,84" hai1="48,83,9,130,29,56,2,114,97,61,128,103,65" hai2="135,129,18,90,93,42,58,50,19,71,99,45,0" hai3="35,4,89,40,118,26,116,106,91,105,67,54,111"/><U66/><E114/><V15/><F135/><W81/><G111/><T27/><D108/><U132/><E132/><V120/><F129/><N who="1" m="49769" /><E29/><V49/><F120/><W13/><G67/><T119/><D107/><N who="3" m="40969" /><G40/><T30/><D119/><N who="3" m="45609" /><G54/><T3/><D3/><U80/><E66/><V14/><F71/><W37/><G37/><T6/><D6/><N who="1" m="1239" /><E48/><V12/><REACH who="2" step="1"/><F0/><REACH who="2" ten="297,183,250,260" step="2"/><W117/><G117/><T55/><D34/><U124/><E124/><V115/><F115/><W94/><G35/><T38/><D72/><U5/><E5/><V133/><F133/><W126/><G4/><T100/><D100/><U95/><AGARI ba="2,1" hai="56,61,65,80,83,95,97,103" m="1239,49769" machi="95" ten="30,1500,0" yaku="19,1" doraHai="68" who="1" fromWho="1" sc="297,-7,183,31,250,-7,260,-7" /><INIT seed="1,3,0,2,3,1" ten="290,214,243,253" oya="1" hai0="107,48,131,135,132,9,59,130,36,57,87,28,0" hai1="102,88,85,118,117,13,30,18,77,129,116,7,121" hai2="125,43,95,5,96,12,101,75,10,80,63,64,120" hai3="6,110,127,124,58,33,40,60,98,114,34,4,108"/><U71/><E121/><V134/><F134/><N who="0" m="51242" /><D36/><U17/><E71/><V84/><F125/><N who="3" m="48203" /><G114/><T23/><D107/><U109/><E129/><N who="0" m="49161" /><D87/><U100/><E77/><V111/><F111/><N who="3" m="42539" /><G40/><T21/><D48/><U79/><E79/><V82/><F120/><W73/><G73/><T122/><D122/><U76/><E76/><V44/><F75/><W42/><G42/><T89/><D89/><U91/><E109/><V54/><F54/><N who="3" m="33879" /><G98/><T41/><D41/><U20/><E30/><V105/><F105/><W70/><G70/><T15/><D28/><U78/><E78/><V51/><REACH who="2" step="1"/><F84/><REACH who="2" ten="290,214,233,253" step="2"/><W97/><G97/><T69/><D69/><AGARI ba="3,1" hai="5,10,12,43,44,51,63,64,69,80,82,95,96,101" machi="69" ten="30,7700,0" yaku="1,1,2,1,7,1,52,1,53,0" doraHai="1" doraHaiUra="22" who="2" fromWho="0" sc="290,-86,214,0,233,96,253,0" /><INIT seed="2,0,0,1,2,5" ten="204,214,329,253" oya="2" hai0="89,103,18,134,6,87,117,53,22,48,23,58,110" hai1="70,51,96,4,115,78,40,128,41,109,25,84,85" hai2="100,74,61,0,35,60,98,13,86,73,112,2,46" hai3="31,15,80,132,107,24,102,106,111,36,119,8,72"/><V113/><F35/><W116/><G36/><T47/><D110/><U94/><E115/><V62/><F86/><W26/><G111/><T7/><D134/><U76/><E70/><V20/><F46/><W81/><G132/><T37/><D117/><U108/><E128/><V133/><F133/><W118/><G102/><T75/><D75/><U33/><E4/><V71/><F71/><W82/><G72/><T131/><D131/><U42/><E109/><V129/><F129/><W120/><G120/><T123/><D123/><U28/><E108/><V122/><F122/><W30/><G15/><T56/><D103/><U79/><REACH who="1" step="1"/><E51/><REACH who="1" ten="204,204,329,253" step="2"/><V17/><F112/><W44/><G119/><T125/><D37/><U130/><E130/><V29/><F113/><W49/><G118/><T64/><D6/><U68/><E68/><V39/><F39/><W135/><G116/><T52/><D7/><U105/><E105/><V43/><F0/><W10/><G135/><T12/><D125/><U121/><E121/><V99/><F2/><W27/><G107/><T90/><D64/><U97/><E97/><V126/><F99/><W50/><G106/><T104/><D104/><U77/><N who="1" m="19456" /><DORA hai="92" /><U19/><E19/><V69/><F69/><W88/><G50/><T3/><D3/><U101/><AGARI ba="0,1" hai="25,28,33,40,41,42,84,85,94,96,101" m="19456" machi="101" ten="50,6400,0" yaku="1,1,0,1,52,1,53,0" doraHai="5,92" doraHaiUra="114,11" who="1" fromWho="1" sc="204,-16,204,74,329,-32,253,-16" /><INIT seed="3,0,0,5,5,27" ten="188,278,297,237" oya="3" hai0="50,76,105,32,8,1,6,122,116,55,83,74,48" hai1="92,134,26,15,59,20,115,98,119,7,60,114,94" hai2="41,77,127,39,82,53,37,46,25,33,97,13,73" hai3="72,106,90,69,107,101,52,34,135,45,3,109,125"/><W78/><G3/><T49/><D122/><U129/><E129/><V11/><F127/><W4/><G125/><T61/><D116/><U63/><E119/><V19/><F53/><W2/><G69/><T113/><D113/><U118/><E118/><V80/><F80/><W40/><G135/><T124/><D124/><U21/><E134/><V16/><F97/><W62/><G101/><T84/><D105/><U65/><E94/><V117/><F117/><W110/><G34/><T22/><D32/><U87/><E87/><V100/><F100/><W10/><G90/><T24/><D61/><U123/><E123/><V121/><F121/><W99/><G99/><T81/><D55/><U51/><E51/><V103/><F103/><W43/><G43/><T102/><D102/><N who="1" m="60743" /><E60/><V35/><REACH who="2" step="1"/><F37/><REACH who="2" ten="188,278,287,237" step="2"/><N who="3" m="21647" /><G52/><T75/><REACH who="0" step="1"/><D81/><REACH who="0" ten="178,278,287,237" step="2"/><U57/><E63/><V70/><F70/><W14/><G62/><T104/><D104/><U95/><E114/><V71/><F71/><W17/><G106/><T5/><D5/><U132/><E115/><V28/><F28/><AGARI ba="0,2" hai="1,6,8,22,24,28,48,49,50,74,75,76,83,84" machi="28" ten="40,5200,0" yaku="1,1,52,1,53,1" doraHai="27" doraHaiUra="79" who="0" fromWho="2" sc="178,72,278,0,287,-52,237,0" /><INIT seed="4,0,0,4,4,91" ten="250,278,235,237" oya="0" hai0="11,133,76,83,5,0,90,94,74,35,81,113,26" hai1="40,55,111,54,17,44,50,99,96,131,41,53,16" hai2="57,70,28,63,112,72,101,27,37,103,71,95,123" hai3="4,100,58,13,106,119,21,130,42,19,110,79,29"/><T43/><D113/><U61/><E111/><V89/><F123/><W47/><G110/><T34/><D133/><U66/><E131/><V104/><F72/><W51/><G119/><T121/><D121/><U20/><E41/><V69/><F37/><W62/><G130/><T118/><D118/><U36/><E36/><V82/><F82/><W32/><G4/><T108/><D108/><U8/><E8/><V80/><F80/><W14/><G32/><T126/><D126/><U88/><E88/><V129/><F112/><W24/><G79/><T93/><D43/><U102/><E20/><V59/><F104/><W1/><G1/><T30/><REACH who="0" step="1"/><D35/><REACH who="0" ten="240,278,235,237" step="2"/><U98/><REACH who="1" step="1"/><E102/><REACH who="1" ten="240,268,235,237" step="2"/><V65/><F129/><W122/><G100/><T12/><D12/><U33/><E33/><V31/><F103/><W3/><G13/><T6/><D6/><U7/><E7/><V115/><F101/><W77/><G14/><T38/><D38/><U18/><E18/><V25/><F115/><W124/><G19/><T120/><D120/><U117/><E117/><V15/><F15/><W49/><G122/><T128/><D128/><U125/><E125/><V107/><F31/><W48/><G124/><T87/><AGARI ba="0,2" hai="0,5,11,26,30,34,74,76,81,83,87,90,93,94" machi="87" ten="30,11700,0" yaku="1,1,0,1,52,2,53,0" doraHai="91" doraHaiUra="10" who="0" fromWho="0" sc="240,137,268,-39,235,-39,237,-39" owari="377,47.7,229,2.9,196,-30.4,198,-20.2" /></mjloggm>