<mjloggm ver="2.3"><GO type="225" lobby="0"/><UN n0="%E3%82%B2%E3%82%B9%E8%8C%82%E5%8B%9D" n1="%E9%95%B7%E5%B7%9E%E3%81%AE%E5%85%8B" n2="%63%68%78%62%64" n3="%54%4F%52" dan="16,16,16,17" rate="2027.43,2105.66,2133.11,2257.04" sx="F,M,F,M"/><TAIKYOKU oya="0"/><INIT seed="0,0,0,0,0,130" ten="250,250,250,250" oya="0" hai0="70,10,52,54,14,6,134,80,63,99,83,124,34" hai1="47,44,13,11,12,32,73,40,30,123,92,49,89" hai2="53,103,78,97,77,22,116,81,114,50,39,79,108" hai3="107,61,57,42,33,76,88,69,29,19,94,75,23"/><T87/><D34/><U27/><E123/><V51/><F39/><W35/><G107/><T93/><D124/><U85/><E73/><V26/><F114/><W127/><G127/><T101/><D134/><U0/><E0/><V56/><F108/><W15/><G69/><T17/><D6/><U24/><E27/><V98/><F116/><W90/><G42/><T104/><D104/><U21/><E32/><V41/><F81/><W68/><G68/><T133/><D133/><U37/><REACH who="1" step="1"/><E11/><REACH who="1" ten="250,240,250,250" step="2"/><V100/><F100/><W74/><G74/><T18/><D18/><U60/><E60/><V112/><F103/><W64/><G29/><T106/><D106/><U3/><E3/><V71/><F112/><W72/><G72/><T59/><D70/><U102/><E102/><V25/><F71/><W121/><G121/><T96/><D96/><N who="2" m="36970" /><F22/><W46/><G35/><T82/><REACH who="0" step="1"/><D87/><REACH who="0" ten="240,240,250,250" step="2"/><U43/><AGARI ba="0,2" hai="12,13,21,24,30,37,40,43,44,47,49,85,89,92" machi="43" ten="20,2700,0" yaku="1,1,0,1,7,1,53,0" doraHai="130" doraHaiUra="62" who="1" fromWho="1" sc="240,-13,240,47,250,-7,250,-7" /><INIT seed="1,0,0,1,0,11" ten="227,287,243,243" oya="1" hai0="50,25,12,76,49,114,69,61,46,83,24,75,121" hai1="116,54,78,103,23,87,64,62,51,27,47,36,79" hai2="70,135,40,72,97,58,56,96,44,77,98,18,16" hai3="68,123,45,19,95,126,118,88,1,13,10,21,134"/><U107/><E116/><V125/><F70/><W100/><G123/><T74/><D114/><U127/><E127/><V59/><F125/><W60/><G126/><T128/><D121/><U71/><E103/><V112/><F135/><W84/><G134/><T129/><D74/><U29/><E107/><V113/><F72/><W94/><G118/><T102/><D102/><U9/><E36/><V4/><F4/><W65/><G45/><T106/><D106/><U85/><E87/><V131/><F77/><W90/><G100/><T41/><D50/><U57/><E71/><V22/><F131/><N who="0" m="50250" /><D61/><U92/><E9/><V35/><F35/><W3/><REACH who="3" step="1"/><G10/><REACH who="3" ten="227,287,243,233" step="2"/><T80/><D46/><U120/><REACH who="1" step="1"/><E120/><REACH who="1" ten="227,277,243,233" step="2"/><V43/><F112/><W8/><G8/><T15/><D75/><U130/><E130/><V34/><F113/><W48/><G48/><T108/><D49/><U14/><E14/><V38/><F43/><W33/><G33/><T132/><D41/><U91/><AGARI ba="0,2" hai="23,27,29,47,51,54,57,62,64,78,79,85,91,92" machi="91" ten="30,11700,0" yaku="1,1,0,1,8,1,53,1" doraHai="11" doraHaiUra="89" who="1" fromWho="1" sc="227,-39,277,137,243,-39,233,-39" /><INIT seed="1,1,0,5,2,78" ten="188,414,204,194" oya="1" hai0="125,131,79,3,48,40,74,41,64,83,81,119,25" hai1="31,108,124,47,75,26,86,51,12,80,59,90,94" hai2="10,67,133,73,4,9,61,104,95,57,72,88,52" hai3="129,16,106,68,71,42,39,92,45,36,19,46,55"/><U122/><E122/><V18/><F104/><W134/><G106/><T23/><D119/><U123/><E123/><V97/><F133/><W43/><G134/><T32/><D32/><U103/><E124/><V105/><F105/><W76/><G129/><T112/><D112/><U6/><E59/><V99/><F99/><W30/><G30/><T69/><D125/><U96/><E108/><V28/><F28/><W135/><G135/><T82/><D131/><U17/><E6/><V77/><F77/><W60/><G76/><T49/><D3/><U33/><E75/><V98/><F98/><W22/><G92/><T54/><D64/><U27/><E33/><V34/><F34/><W102/><G102/><T120/><D69/><U84/><E86/><V58/><F18/><W44/><G19/><N who="0" m="12543" /><D74/><U62/><E62/><V132/><F9/><W53/><G16/><T118/><D118/><U37/><E37/><N who="3" m="14410" /><G22/><T65/><D120/><U15/><E31/><V1/><F132/><W115/><G115/><T70/><D70/><N who="3" m="26665" /><G60/><AGARI ba="1,0" hai="1,4,10,52,57,58,60,61,67,72,73,88,95,97" machi="60" ten="30,3900,0" yaku="7,1,54,2" doraHai="78" who="2" fromWho="3" sc="188,0,414,0,204,42,194,-42" /><INIT seed="2,0,0,4,3,92" ten="188,414,246,152" oya="2" hai0="118,28,32,16,58,25,40,135,61,65,112,132,122" hai1="22,101,106,6,91,50,12,99,100,85,4,67,20" hai2="123,74,63,68,107,51,130,15,14,9,52,62,70" hai3="3,115,34,45,55,88,108,76,30,37,83,75,82"/><V97/><F74/><W17/><G108/><T78/><D112/><U80/><E67/><V39/><F39/><W133/><G115/><T126/><D122/><U96/><E50/><V57/><F123/><W121/><G121/><T18/><D126/><U42/><E42/><V98/><F130/><W29/><G133/><N who="0" m="51275" /><D118/><U60/><E60/><N who="2" m="23083" /><F107/><W41/><G3/><T46/><D78/><U48/><E48/><AGARI ba="0,0" hai="16,18,25,28,32,40,46,48,58,61,65" m="51275" machi="48" ten="30,2000,0" yaku="20,1,54,1" doraHai="92" who="0" fromWho="1" sc="188,20,414,-20,246,0,152,0" /><INIT seed="3,0,0,5,0,93" ten="208,394,246,152" oya="3" hai0="29,77,113,131,80,87,103,135,45,64,124,117,79" hai1="122,119,24,38,68,92,0,50,116,100,86,109,34" hai2="32,83,126,115,18,63,23,27,51,39,1,22,76" hai3="112,40,53,88,21,28,75,6,132,7,26,106,110"/><W41/><G112/><T55/><D117/><U46/><E109/><V19/><F39/><W42/><G75/><T3/><D3/><U96/><E38/><V84/><F115/><W89/><G110/><T95/><D124/><U60/><E0/><V52/><F126/><W13/><G132/><T4/><D4/><U129/><E129/><V54/><F1/><W72/><G72/><T69/><D131/><U121/><E86/><V118/><F32/><W134/><G134/><T11/><D11/><U2/><E2/><V123/><F123/><W37/><G37/><T25/><D113/><U30/><E60/><V81/><F81/><W35/><G106/><T20/><D135/><U56/><E56/><N who="2" m="35207" /><F118/><N who="1" m="45097" /><E68/><V49/><F54/><AGARI ba="0,0" hai="24,30,34,46,50,54,92,96,100,121,122" m="45097" machi="54" ten="30,2000,0" yaku="12,1,52,1" doraHai="93" who="1" fromWho="2" sc="208,0,394,20,246,-20,152,0" owari="208,-19.2,414,51.4,226,2.6,152,-34.8" /></mjloggm>