<mjloggm ver="2.3"><GO type="225" lobby="0"/><UN n0="%6D%75%75%6D%75%72%61" n1="%E3%81%86%E3%82%8C%E3%81%9F%E3%82%93%E6%9E%95" n2="%43%68%65" n3="%E6%9D%BE%E6%9C%AC%E5%81%A5%E7%94%B7" dan="17,16,16,16" rate="2177.54,2151.30,2125.15,2129.28" sx="F,F,M,M"/><TAIKYOKU oya="0"/><INIT seed="0,0,0,1,5,106" ten="250,250,250,250" oya="0" hai0="49,58,100,30,121,125,21,28,24,103,10,113,63" hai1="57,129,124,118,35,43,29,101,59,92,32,39,33" hai2="95,62,110,4,91,98,97,93,81,7,1,31,66" hai3="26,70,135,86,12,18,130,122,82,119,20,23,8"/><T109/><D113/><U38/><E118/><V134/><F110/><W44/><G119/><T77/><D121/><U56/><E29/><V9/><F134/><W60/><G135/><T126/><D109/><U128/><E43/><V108/><F108/><W132/><G132/><T83/><D30/><U2/><E2/><V46/><F4/><W55/><G130/><N who="1" m="50282" /><E124/><N who="0" m="47721" /><D49/><U3/><E3/><V80/><F46/><W37/><G122/><T123/><D10/><U61/><E101/><V52/><F31/><W120/><G120/><T75/><D123/><U53/><E92/><V36/><F36/><AGARI ba="0,0" hai="32,33,35,36,38,39,53,56,57,59,61" m="50282" machi="36" ten="40,1300,0" yaku="19,1" doraHai="106" who="1" fromWho="2" sc="250,0,250,13,250,-13,250,0" /><INIT seed="1,0,0,5,2,3" ten="250,263,237,250" oya="1" hai0="12,50,25,8,106,86,48,126,101,44,11,125,53" hai1="71,51,102,122,17,67,29,15,66,46,4,100,68" hai2="116,92,130,114,65,43,21,117,10,7,56,20,40" hai3="91,18,119,30,111,76,127,88,90,61,72,49,89"/><U54/><E122/><V133/><F133/><W115/><G115/><T118/><D118/><U70/><E29/><V135/><F135/><W22/><G111/><T123/><D123/><U33/><E33/><V28/><F114/><W83/><G127/><N who="0" m="48651" /><D25/><U52/><E4/><V99/><F130/><W16/><G119/><T112/><D112/><U23/><REACH who="1" step="1"/><E54/><REACH who="1" ten="250,253,237,250" step="2"/><V81/><F117/><W26/><G61/><T9/><D53/><U5/><E5/><V77/><F7/><W60/><G60/><T132/><D132/><U69/><N who="1" m="17408" /><DORA hai="19" /><U96/><E96/><V36/><F99/><W27/><G27/><T38/><D12/><U13/><E13/><V95/><F28/><W84/><REACH who="3" step="1"/><G49/><REACH who="3" ten="250,253,237,240" step="2"/><T85/><D50/><U41/><E41/><V107/><F43/><W78/><G78/><T24/><D24/><U2/><E2/><V42/><F42/><W37/><G37/><T87/><D38/><U128/><E128/><V75/><F40/><W79/><G79/><T109/><D48/><U98/><E98/><V80/><F36/><W62/><G62/><T58/><D109/><U93/><E93/><AGARI ba="0,2" hai="16,18,22,26,30,72,76,83,84,88,89,90,91,93" machi="93" ten="40,8000,1" yaku="1,1,52,1,54,2,53,0" doraHai="3,19" doraHaiUra="103,57" who="3" fromWho="1" sc="250,0,253,-80,237,0,240,100" /><INIT seed="2,0,0,1,2,51" ten="250,173,237,340" oya="2" hai0="42,99,126,81,113,6,97,117,18,49,72,47,102" hai1="40,87,35,124,46,3,48,34,27,39,123,67,0" hai2="19,91,78,88,131,121,69,93,50,133,103,14,79" hai3="10,65,96,122,77,132,20,17,5,52,58,84,25"/><V64/><F121/><W86/><G122/><T118/><D113/><U57/><E123/><V11/><F133/><W59/><G132/><T95/><D126/><U12/><E124/><V26/><F131/><W1/><G96/><N who="0" m="59679" /><D6/><U24/><E87/><V29/><F103/><W83/><G65/><T105/><D105/><U41/><E12/><V116/><F116/><N who="0" m="44650" /><D18/><U109/><E109/><V90/><F93/><W108/><G59/><T68/><D68/><U128/><E128/><V125/><F125/><W31/><G108/><T73/><D73/><U70/><E70/><V16/><F19/><W112/><G112/><T53/><D42/><U62/><E41/><V110/><F110/><W33/><G86/><T120/><D120/><U8/><E48/><V28/><F50/><W4/><G4/><T80/><D80/><U119/><E119/><V30/><REACH who="2" step="1"/><F26/><REACH who="2" ten="250,173,227,340" step="2"/><W66/><G17/><T101/><D101/><U55/><E27/><V135/><F135/><W7/><G7/><T13/><D13/><U2/><E24/><V114/><F114/><W45/><G5/><T36/><D36/><U21/><E8/><V60/><AGARI ba="0,1" hai="11,14,16,28,29,30,60,64,69,78,79,88,90,91" machi="60" ten="40,12000,1" yaku="1,1,0,1,54,2,53,0" doraHai="51" doraHaiUra="130" who="2" fromWho="2" sc="250,-40,173,-40,227,130,340,-40" /><INIT seed="2,1,0,5,1,104" ten="210,133,357,300" oya="2" hai0="127,82,107,85,12,114,101,53,64,56,67,44,5" hai1="81,69,52,31,100,24,91,36,71,47,92,0,28" hai2="131,63,42,93,130,124,116,21,37,57,70,128,33" hai3="46,103,84,18,119,60,118,51,102,120,88,117,133"/><V125/><F33/><W9/><G120/><T2/><D114/><U110/><E0/><V98/><F70/><W8/><G133/><T62/><D127/><N who="2" m="48714" /><F21/><W83/><G60/><T55/><D2/><U106/><E110/><V115/><F115/><W74/><G74/><T99/><D5/><U23/><E106/><V76/><F76/><W89/><G89/><T13/><D53/><U96/><E36/><V50/><F116/><W95/><G95/><T43/><D67/><U78/><E100/><N who="2" m="60495" /><F50/><W25/><G25/><T75/><D64/><U38/><E31/><V39/><F42/><W3/><G3/><T20/><D20/><U134/><E134/><V48/><F48/><W61/><G61/><T34/><D34/><U32/><E32/><V123/><F123/><W11/><REACH who="3" step="1"/><G18/><REACH who="3" ten="210,133,357,290" step="2"/><T94/><D75/><U40/><REACH who="1" step="1"/><E52/><AGARI ba="1,1" hai="37,39,52,57,63,128,130,131" m="60495,48714" machi="52" ten="40,7700,0" yaku="19,1,18,1,54,1" doraHai="104" who="2" fromWho="1" sc="210,0,133,-80,357,90,290,0" /><AGARI ba="1,0" hai="8,9,11,46,51,52,83,84,88,102,103,117,118,119" machi="52" ten="50,8000,1" yaku="1,1,2,1,54,2,53,0" doraHai="104" doraHaiUra="35" who="3" fromWho="1" sc="210,0,53,-80,447,0,290,80" owari="210,-19.0,-27,-52.7,447,54.7,370,17.0" /></mjloggm>