<mjloggm ver="2.3"><GO type="225" lobby="0"/><UN n0="%E5%B0%8F%E9%B3%A5%E9%81%8A%E7%B7%B4%E7%84%A1%32%31%E6%AD%B3" n1="%E5%84%AA%40%41%42%43" n2="%E7%99%BD%E6%97%A5%E9%9B%AA%E8%8F%9C" n3="%E6%9D%B1%E9%A2%A8%E3%81%AE%E3%81%8D%E3%82%83%E3%81%B7%E3%81%95%E3%82%93" dan="16,17,17,16" rate="2145.38,2137.83,2232.14,2216.74" sx="F,M,M,M"/><TAIKYOKU oya="0"/><INIT seed="0,0,0,1,1,94" ten="250,250,250,250" oya="0" hai0="120,107,96,74,89,131,32,55,95,29,103,15,71" hai1="73,102,82,47,6,67,92,106,118,64,22,37,127" hai2="35,24,14,57,134,54,7,34,13,133,25,68,115" hai3="36,46,4,76,18,122,0,108,113,17,93,128,135"/><T58/><D131/><U114/><E118/><V129/><F68/><W12/><G122/><T19/><D120/><U83/><E127/><V61/><F115/><W49/><G113/><T50/><D71/><U90/><E114/><V112/><F112/><W66/><G36/><T26/><D74/><U98/><E6/><V53/><F129/><W1/><G128/><T101/><REACH who="0" step="1"/><D107/><REACH who="0" ten="240,250,250,250" step="2"/><U124/><E124/><V9/><F134/><W2/><G135/><T104/><D104/><U41/><E82/><V69/><F133/><W70/><G93/><T132/><D132/><U11/><E11/><AGARI ba="0,1" hai="11,15,19,26,29,32,50,55,58,89,95,96,101,103" machi="11" ten="30,11600,0" yaku="1,1,7,1,52,1,53,1" doraHai="94" doraHaiUra="52" who="0" fromWho="1" sc="240,126,250,-116,250,0,250,0" /><INIT seed="0,1,0,5,5,6" ten="366,134,250,250" oya="0" hai0="59,98,113,123,105,31,51,60,135,70,56,2,114" hai1="83,119,47,22,118,17,122,11,88,26,117,9,102" hai2="8,62,66,33,90,85,23,95,82,81,63,55,19" hai3="132,100,14,71,45,72,27,52,116,10,89,12,57"/><T75/><D123/><U48/><E102/><V115/><F115/><W112/><G72/><T24/><D135/><U65/><E65/><V36/><F33/><W15/><G71/><T130/><D75/><U86/><REACH who="1" step="1"/><E122/><REACH who="1" ten="366,124,250,250" step="2"/><V29/><F66/><W54/><G112/><T108/><D113/><U38/><E38/><V106/><F36/><W61/><G132/><T110/><D114/><U58/><E58/><V16/><F106/><W7/><G100/><T109/><D56/><U67/><E67/><V134/><F134/><W4/><G116/><T41/><D70/><U39/><E39/><V1/><F63/><W131/><G131/><T69/><D69/><U125/><E125/><V104/><F62/><W46/><G4/><T0/><D130/><U124/><E124/><V53/><F104/><W20/><G89/><T44/><D105/><U68/><E68/><V30/><F90/><W127/><G127/><T13/><D60/><U74/><E74/><V73/><F73/><W107/><G107/><T91/><D59/><U84/><E84/><V50/><F85/><W128/><G128/><T101/><D101/><U21/><E21/><V120/><F23/><W97/><G97/><T87/><D98/><U121/><E121/><V126/><F126/><W80/><G80/><T129/><D129/><U28/><E28/><V64/><F30/><N who="3" m="17767" /><G45/><T32/><D91/><U43/><AGARI ba="1,1" hai="9,11,17,22,26,43,47,48,83,86,88,117,118,119" machi="43" ten="30,12000,2" yaku="1,1,0,1,52,2,54,1,53,1" doraHai="6" doraHaiUra="42" who="1" fromWho="1" sc="366,-61,124,133,250,-31,250,-31" /><INIT seed="1,0,0,4,3,28" ten="305,257,219,219" oya="1" hai0="9,27,109,110,118,64,22,133,83,40,128,19,20" hai1="131,26,115,15,119,57,66,132,61,68,108,127,69" hai2="21,5,14,79,56,7,82,87,44,49,88,81,51" hai3="104,29,45,71,73,58,111,43,36,30,52,86,62"/><U98/><E115/><V101/><F101/><W117/><G73/><T16/><D118/><U18/><E119/><V1/><F1/><W54/><G117/><T113/><D113/><U47/><E127/><V11/><F56/><W72/><G72/><T91/><D133/><U55/><E132/><V90/><F21/><W34/><G111/><N who="0" m="42507" /><D64/><U84/><E131/><V3/><F3/><W48/><G104/><T13/><D40/><U23/><E108/><V0/><F51/><W120/><G120/><T103/><D103/><U85/><E69/><V70/><F70/><W50/><G86/><N who="0" m="50655" /><D22/><U122/><E122/><V46/><F46/><N who="3" m="27671" /><G34/><T126/><D126/><U105/><E47/><V41/><REACH who="2" step="1"/><F81/><REACH who="2" ten="305,257,209,219" step="2"/><W116/><G116/><T35/><D128/><U130/><E130/><V17/><F17/><W12/><G12/><T4/><D19/><U10/><E105/><V37/><F37/><W42/><G29/><N who="0" m="19903" /><D20/><U97/><E68/><V31/><F31/><W107/><G30/><T65/><D65/><U33/><E66/><V38/><F38/><W134/><G134/><T129/><D129/><U135/><E135/><V74/><F74/><W99/><G71/><T63/><D4/><N who="1" m="3527" /><E33/><V76/><F76/><W121/><G121/><T92/><D13/><U95/><E95/><V75/><F75/><W80/><G36/><T89/><D92/><U53/><E55/><V78/><F78/><W125/><G125/><T124/><D124/><U77/><E77/><V112/><F112/><W123/><G123/><T24/><D89/><U59/><E59/><V94/><F94/><W2/><G58/><RYUUKYOKU ba="0,1" sc="305,-15,257,15,209,15,219,-15" hai1="18,23,26,53,57,61,84,85,97,98" hai2="0,5,7,11,14,41,44,49,79,82,87,88,90" /><INIT seed="1,1,1,5,2,85" ten="290,272,224,204" oya="1" hai0="106,33,52,75,3,13,119,80,57,2,121,88,16" hai1="65,24,87,91,109,62,9,26,103,116,10,102,46" hai2="11,117,22,60,92,0,71,8,15,55,70,73,14" hai3="112,68,28,81,100,107,6,58,84,23,31,113,40"/><U111/><E116/><V96/><F73/><W42/><G68/><T83/><D119/><U51/><E103/><V38/><F117/><W72/><G72/><T64/><D64/><U99/><E9/><V43/><F0/><W98/><G6/><T132/><D33/><U122/><E10/><V133/><F133/><W125/><G125/><T56/><D121/><U48/><E122/><V131/><F131/><W37/><G58/><T29/><D57/><N who="1" m="37071" /><E99/><V49/><F22/><W97/><G97/><T20/><D29/><U63/><E63/><V129/><F129/><W50/><G37/><T18/><D106/><U105/><E102/><V69/><F38/><W82/><G82/><T66/><D66/><U134/><E48/><V36/><F36/><W59/><G31/><T47/><D132/><U130/><E105/><V124/><F124/><W5/><G5/><T104/><D104/><U90/><E130/><V35/><F35/><W7/><G7/><T1/><D18/><U25/><E87/><V53/><F60/><W27/><G59/><T39/><D75/><U93/><E93/><V77/><F11/><W34/><G34/><T30/><D39/><U78/><E78/><V32/><F77/><N who="3" m="46127" /><G50/><T128/><D128/><U115/><E115/><V127/><F32/><W120/><G120/><T41/><D1/><U126/><E126/><V67/><F127/><W4/><G4/><T54/><D2/><U114/><E114/><V79/><F79/><W44/><G44/><T89/><D47/><U118/><E134/><V101/><F71/><W110/><G110/><N who="1" m="41994" /><E118/><V135/><F135/><RYUUKYOKU ba="1,1" sc="290,-15,272,15,224,-15,204,15" hai1="24,25,26,46,51,90,91" hai3="23,27,28,40,42,98,100,107,112,113" /><INIT seed="1,2,1,1,5,130" ten="275,287,209,219" oya="1" hai0="112,24,28,25,5,47,69,48,115,26,118,72,92" hai1="70,85,113,38,106,61,83,11,101,8,102,78,127" hai2="79,59,125,51,111,19,18,124,88,63,110,81,42" hai3="100,103,75,13,32,66,86,120,128,58,73,82,29"/><U21/><E113/><V57/><F88/><N who="3" m="51287" /><G32/><T22/><D72/><N who="3" m="27721" /><G29/><T44/><D69/><U119/><E119/><V60/><F42/><W7/><G66/><T45/><D118/><U134/><E127/><N who="2" m="48715" /><F51/><W39/><G58/><N who="2" m="22025" /><F81/><W14/><G39/><T41/><D92/><U80/><E21/><V104/><F104/><W76/><G7/><T2/><D5/><U55/><E85/><V54/><F79/><W65/><G65/><T30/><D2/><U27/><E27/><V9/><F54/><W107/><G14/><T46/><REACH who="0" step="1"/><D25/><REACH who="0" ten="265,287,209,219" step="2"/><U52/><E70/><V93/><F93/><W3/><G3/><T87/><D87/><U126/><E106/><V71/><F71/><W16/><G107/><T98/><D98/><U68/><E68/><V105/><F105/><W12/><G12/><T108/><D108/><N who="2" m="41514" /><F9/><N who="3" m="6191" /><G128/><T117/><D117/><U10/><E126/><V89/><F89/><W74/><G120/><T122/><D122/><U121/><E121/><V95/><F95/><W53/><G74/><T129/><D129/><U99/><E8/><V4/><F4/><W91/><G91/><T43/><D43/><U77/><E99/><V1/><F1/><W33/><G76/><T35/><AGARI ba="2,2" hai="22,24,26,28,30,35,41,44,45,46,47,48,112,115" machi="35" ten="30,2000,0" yaku="1,1,0,1,53,0" doraHai="130" doraHaiUra="94" who="0" fromWho="0" sc="265,46,287,-12,209,-7,219,-7" /><INIT seed="2,0,0,5,1,133" ten="311,275,202,212" oya="2" hai0="102,40,42,71,117,26,22,118,91,10,35,52,24" hai1="5,104,109,67,8,103,88,33,32,58,34,55,120" hai2="2,93,0,115,50,75,59,123,96,57,106,134,37" hai3="63,121,68,90,79,89,14,99,51,135,41,100,105"/><V86/><F115/><W49/><G121/><T126/><D71/><U69/><E120/><V127/><F123/><W45/><G135/><T48/><D102/><U74/><E74/><V114/><F114/><W54/><G79/><T128/><D35/><U53/><E109/><V131/><F134/><W12/><G68/><T56/><D128/><U46/><E69/><V6/><F37/><W125/><G63/><T116/><D10/><U60/><E46/><V31/><F75/><W17/><G125/><T81/><D126/><U11/><E103/><V16/><F127/><W130/><G130/><T94/><D81/><U107/><E11/><V113/><F113/><W65/><G65/><T132/><D132/><U83/><E104/><V119/><F106/><W4/><G4/><T92/><D92/><U19/><E19/><V36/><F36/><W20/><REACH who="3" step="1"/><G12/><REACH who="3" ten="311,275,202,202" step="2"/><T111/><D111/><U87/><REACH who="1" step="1"/><E107/><REACH who="1" ten="311,265,202,202" step="2"/><V110/><F131/><W66/><G66/><T23/><D117/><U101/><E101/><V30/><F110/><W25/><G25/><T9/><D116/><U47/><E47/><AGARI ba="0,2" hai="14,17,20,41,45,47,49,51,54,89,90,99,100,105" machi="47" ten="30,2000,0" yaku="1,1,7,1,53,0" doraHai="133" doraHaiUra="21" who="3" fromWho="1" sc="311,0,265,-20,202,0,202,40" /><INIT seed="3,0,0,3,5,35" ten="311,245,202,242" oya="3" hai0="81,87,96,79,106,119,58,55,57,65,66,90,7" hai1="24,17,50,54,31,71,60,75,98,45,95,30,99" hai2="104,61,42,112,9,10,0,114,78,83,111,5,135" hai3="19,93,108,130,11,39,52,82,69,70,116,109,33"/><W40/><G116/><T32/><D32/><U84/><E75/><N who="2" m="43487" /><F111/><N who="3" m="42571" /><G33/><T97/><D119/><U107/><E107/><V117/><F117/><W44/><G130/><T100/><D7/><U64/><E84/><V34/><F34/><W59/><G82/><T36/><D36/><U94/><E17/><V92/><F92/><W2/><G93/><N who="0" m="54495" /><D97/><U21/><E30/><V12/><F61/><N who="3" m="36071" /><G19/><T37/><D37/><U6/><E6/><AGARI ba="0,0" hai="2,6,11,39,40,44,69,70" m="36071,42571" machi="6" ten="30,11600,0" yaku="14,1,10,1,52,1,54,1" doraHai="35" who="3" fromWho="1" sc="311,0,245,-116,202,0,242,116" owari="311,11.1,129,-37.1,202,-19.8,358,45.8" /></mjloggm>