<mjloggm ver="2.3"><GO type="225" lobby="0"/><UN n0="%6D%75%75%6D%75%72%61" n1="%E5%B0%8F%E9%B3%A5%E9%81%8A%E7%B7%B4%E7%84%A1%32%31%E6%AD%B3" n2="%72%61%6B%33" n3="%E3%83%A9%E3%83%96%E3%83%AC%E3%83%BC" dan="16,16,16,18" rate="2129.31,2210.65,2144.45,2176.52" sx="F,F,M,M"/><TAIKYOKU oya="0"/><INIT seed="0,0,0,4,5,100" ten="250,250,250,250" oya="0" hai0="115,39,131,44,132,11,124,121,130,123,0,20,78" hai1="128,38,46,37,65,49,107,80,72,52,69,32,50" hai2="109,19,36,34,60,48,31,64,108,85,99,35,28" hai3="74,88,135,61,5,87,45,118,129,1,25,9,7"/><T54/><D78/><U126/><E32/><V59/><F36/><N who="1" m="13929" /><E80/><V13/><F85/><W62/><G74/><T112/><D39/><U26/><E26/><V103/><F48/><W55/><G118/><T6/><D44/><N who="1" m="27687" /><E107/><V63/><F63/><W90/><G135/><T97/><D97/><U122/><E72/><V84/><F84/><W125/><G129/><N who="0" m="49163" /><D54/><N who="1" m="30039" /><E128/><V113/><F34/><W27/><G90/><T58/><D58/><U15/><E15/><V86/><F86/><W127/><G125/><T111/><D124/><U110/><E126/><V120/><F35/><W3/><G62/><T57/><D57/><U91/><E91/><V2/><F2/><W82/><G127/><T22/><D132/><U21/><E21/><N who="0" m="8297" /><D111/><U76/><E76/><V47/><F109/><W106/><G45/><T96/><D96/><U89/><E89/><V101/><F99/><W93/><G82/><T83/><D83/><U71/><E110/><V117/><F108/><W4/><G106/><T75/><D75/><U16/><E16/><V114/><F19/><W105/><G105/><T30/><D30/><U73/><E73/><V92/><F28/><W43/><G87/><T40/><D40/><U14/><E122/><AGARI ba="0,0" hai="0,6,11,112,115,121,122,123" m="8297,49163" machi="122" ten="30,5800,0" yaku="19,1,34,2" doraHai="100" who="0" fromWho="1" sc="250,58,250,-58,250,0,250,0" /><INIT seed="0,1,0,5,2,81" ten="308,192,250,250" oya="0" hai0="6,58,132,56,12,85,25,45,108,68,66,8,99" hai1="102,54,89,119,92,80,32,88,130,52,128,111,124" hai2="40,114,84,134,63,57,118,74,95,75,73,126,18" hai3="51,127,123,9,2,91,55,120,98,10,0,44,103"/><T65/><D132/><U129/><E119/><V4/><F114/><W131/><G127/><T113/><D113/><U49/><E124/><V79/><F126/><W90/><G131/><T53/><D108/><U115/><E111/><V37/><F134/><W1/><G10/><T33/><D68/><U7/><E115/><V87/><F118/><W112/><G9/><T26/><D99/><N who="1" m="59751" /><E32/><V42/><F4/><W21/><G21/><T69/><D69/><U94/><E7/><V105/><F105/><W14/><G14/><T133/><D133/><U104/><E104/><V82/><F18/><W46/><G46/><T78/><D45/><U107/><E107/><V17/><F17/><W34/><G34/><T72/><D72/><U106/><E106/><V109/><F109/><W15/><G15/><T22/><D33/><U121/><E121/><N who="3" m="46666" /><G112/><T110/><D110/><U20/><E20/><V76/><F37/><W71/><G71/><T117/><D117/><U28/><E28/><V43/><F95/><AGARI ba="1,0" hai="0,1,2,44,51,55,90,91,95,98,103" m="46666" machi="95" ten="40,1300,0" yaku="13,1" doraHai="81" who="3" fromWho="2" sc="308,0,192,0,250,-16,250,16" /><INIT seed="1,0,0,5,4,68" ten="308,192,234,266" oya="1" hai0="60,104,1,54,22,53,63,40,103,84,107,61,3" hai1="92,128,28,99,34,64,111,119,115,135,57,55,97" hai2="82,70,126,0,59,38,65,14,16,134,15,17,25" hai3="32,101,96,100,133,27,35,74,118,113,58,69,37"/><U93/><E119/><V4/><F70/><W108/><G69/><T132/><D132/><U2/><E115/><V98/><F134/><W30/><G113/><T43/><D84/><U56/><E135/><V120/><F120/><W129/><G74/><T105/><D22/><U26/><E2/><N who="0" m="521" /><D103/><U83/><E128/><V46/><F126/><W123/><G129/><T121/><D121/><U130/><E130/><V78/><F98/><W9/><G118/><T109/><D109/><U41/><E41/><AGARI ba="0,0" hai="40,41,43,53,54,60,61,63,104,105,107" m="521" machi="41" ten="40,2600,0" yaku="28,2" doraHai="68" who="0" fromWho="1" sc="308,26,192,-26,234,0,266,0" /><INIT seed="2,0,0,4,3,66" ten="334,166,234,266" oya="2" hai0="64,91,50,23,131,7,25,49,56,42,47,97,60" hai1="111,85,80,6,77,32,3,104,2,94,15,88,133" hai2="86,8,95,118,79,61,109,75,78,82,12,132,76" hai3="125,134,59,16,28,58,81,38,115,70,87,29,22"/><V21/><F118/><W46/><G125/><T5/><D131/><U110/><E32/><V121/><F121/><W106/><G106/><T103/><D91/><U90/><E104/><V39/><F39/><W84/><G134/><T98/><D49/><U44/><E133/><V129/><F132/><W31/><G70/><T135/><D135/><U117/><E117/><V36/><F36/><W4/><G4/><N who="0" m="1611" /><D103/><U10/><E44/><V107/><F107/><W120/><G120/><T34/><D34/><U100/><E100/><V119/><F119/><W102/><G102/><T68/><D68/><U41/><E41/><V19/><F129/><W123/><G115/><T112/><D112/><U67/><E67/><V14/><F109/><W96/><G96/><T52/><D64/><U83/><E90/><V57/><F95/><W43/><G87/><T33/><D33/><U0/><REACH who="1" step="1"/><E80/><REACH who="1" ten="334,156,234,266" step="2"/><V18/><F75/><AGARI ba="0,1" hai="0,2,3,6,10,15,75,77,83,85,88,94,110,111" machi="75" ten="40,5200,0" yaku="1,1,2,1,54,1,53,0" doraHai="66" doraHaiUra="53" who="1" fromWho="2" sc="334,0,156,62,234,-52,266,0" /><INIT seed="3,0,0,4,0,96" ten="334,218,182,266" oya="3" hai0="2,57,79,25,122,87,46,70,41,51,127,33,30" hai1="111,65,118,92,84,74,17,80,93,34,82,106,75" hai2="37,101,95,131,88,133,77,71,56,126,55,27,21" hai3="113,28,49,125,76,45,4,23,58,108,124,68,112"/><W97/><G4/><T109/><D70/><U50/><E34/><V7/><F71/><W63/><G76/><T120/><D2/><U107/><E65/><V135/><F37/><W129/><G28/><T53/><D109/><U61/><E61/><V89/><F126/><N who="3" m="48747" /><G23/><T48/><D127/><U31/><E17/><V66/><F131/><W26/><G26/><T16/><D16/><U19/><E19/><N who="2" m="12735" /><F77/><W128/><G97/><T78/><D78/><U0/><E31/><V11/><F66/><N who="3" m="39287" /><G108/><T94/><D94/><N who="1" m="36459" /><E50/><N who="2" m="30839" /><F11/><W110/><G110/><T105/><D105/><N who="1" m="39947" /><E0/><V100/><F7/><W90/><G90/><N who="2" m="34921" /><F95/><W40/><G68/><T64/><D64/><U114/><E111/><V69/><F69/><W36/><G36/><T42/><D33/><U43/><E118/><V59/><F59/><W15/><G15/><T22/><D57/><U10/><E10/><V86/><F86/><W54/><G129/><T39/><D87/><U13/><E114/><V98/><F98/><W73/><G113/><T134/><D39/><U14/><E43/><V117/><F117/><W72/><G112/><T102/><D42/><U119/><E119/><V6/><F6/><W115/><G128/><T9/><D41/><U47/><E47/><V29/><F29/><W1/><G1/><T67/><D46/><U38/><E38/><V35/><F35/><W83/><G40/><T3/><D67/><U12/><E84/><V91/><N who="2" m="34929" /><V121/><DORA hai="85" /><F121/><W60/><G45/><T130/><D120/><U104/><E104/><V24/><F24/><W116/><G115/><T81/><D122/><RYUUKYOKU ba="0,0" sc="334,-15,218,15,182,15,266,-15" hai1="12,13,14,74,75,80,82" hai2="100,101,133,135" owari="319,41.9,233,-16.7,197,-30.3,251,5.1" /></mjloggm>