<mjloggm ver="2.3"><GO type="225" lobby="0"/><UN n0="%E3%82%A2%E3%83%A1%E3%82%A2%E3%83%A9%E3%83%AC" n1="%E3%81%A4%E3%81%A3%E3%81%B1%E3%82%8A%E3%83%9D%E3%83%BC%E3%83%AB" n2="%E4%BF%BA%E3%81%A8%E5%A6%96%E5%A4%A2" n3="%E3%81%99%E3%81%84%E3%81%BE%E3%81%9B%E3%83%BC%E3%82%93" dan="16,17,16,18" rate="2111.44,2205.38,2129.98,2231.31" sx="M,M,F,M"/><TAIKYOKU oya="0"/><INIT seed="0,0,0,2,5,2" ten="250,250,250,250" oya="0" hai0="115,83,5,107,133,102,38,114,65,60,111,100,3" hai1="80,127,105,18,17,0,92,23,9,33,8,134,68" hai2="15,75,98,129,87,132,61,22,73,24,131,84,109" hai3="91,113,119,121,124,42,76,62,21,57,26,106,123"/><T69/><D38/><U108/><E105/><V10/><F98/><W82/><G113/><T29/><D133/><U4/><E68/><V66/><F132/><W63/><G119/><T118/><D118/><U36/><E134/><V122/><F122/><N who="3" m="46603" /><G106/><T70/><D70/><U112/><E36/><V25/><F109/><W78/><G42/><T49/><D111/><U58/><E108/><V12/><F61/><N who="3" m="23051" /><G57/><T88/><D29/><U117/><E117/><V32/><F66/><W67/><G67/><T39/><D49/><U81/><E112/><V11/><REACH who="2" step="1"/><F22/><REACH who="2" ten="250,250,240,250" step="2"/><W1/><G124/><T27/><D114/><U95/><E23/><V120/><F120/><W128/><G128/><T103/><D115/><U71/><E127/><V44/><F44/><W135/><G135/><T40/><D60/><U126/><E126/><V93/><F93/><W110/><G110/><T34/><D65/><U116/><E116/><V74/><F74/><W43/><G43/><T19/><D40/><U48/><E95/><V51/><F51/><W41/><G41/><T77/><D69/><U45/><E92/><V59/><F59/><W94/><G82/><N who="1" m="31850" /><E58/><V28/><F28/><N who="3" m="17487" /><G1/><T6/><D3/><N who="1" m="31" /><E71/><V31/><F31/><W37/><G37/><T125/><D39/><U55/><E33/><AGARI ba="0,1" hai="10,11,12,15,24,25,32,33,73,75,84,87,129,131" machi="33" ten="25,3200,0" yaku="1,1,22,2,53,0" doraHai="2" doraHaiUra="35" who="2" fromWho="1" sc="250,0,250,-32,240,42,250,0" /><INIT seed="1,0,0,1,3,89" ten="250,218,282,250" oya="1" hai0="58,95,108,123,54,98,99,45,5,60,16,70,69" hai1="109,17,103,79,65,30,35,57,25,96,87,81,114" hai2="53,41,39,52,72,115,111,104,129,91,22,24,21" hai3="64,29,67,8,40,128,84,100,71,19,112,97,124"/><U80/><E114/><V130/><F104/><W32/><G112/><T127/><D108/><U3/><E109/><V37/><F111/><W126/><G128/><N who="2" m="49257" /><F115/><W26/><G40/><T47/><D127/><N who="3" m="48681" /><G71/><T73/><D73/><U119/><E119/><V61/><F72/><W7/><G84/><T2/><D123/><U49/><E3/><V23/><F91/><W77/><G77/><T9/><D99/><U51/><E17/><V83/><F83/><W13/><G19/><T48/><D16/><U66/><E81/><V78/><F78/><W118/><G118/><T20/><D20/><N who="2" m="7786" /><F41/><W55/><G55/><N who="2" m="21065" /><F61/><W132/><G132/><T76/><D76/><U42/><E42/><V105/><F105/><AGARI ba="0,0" hai="7,8,13,26,29,32,64,67,97,100,105" m="48681" machi="105" ten="30,1000,0" yaku="18,1" doraHai="89" who="3" fromWho="2" sc="250,0,218,0,282,-10,250,10" /><INIT seed="2,0,0,3,5,28" ten="250,218,272,260" oya="2" hai0="31,4,72,46,71,47,18,115,59,60,0,135,98" hai1="91,82,21,100,96,44,104,41,36,83,77,30,33" hai2="51,90,111,2,114,120,79,94,73,86,40,55,110" hai3="9,1,89,69,97,8,84,26,121,132,42,63,16"/><V101/><F114/><W13/><G121/><T88/><D115/><U70/><E70/><V37/><F120/><W7/><G132/><T23/><D72/><U35/><E91/><V15/><F2/><W25/><G42/><T125/><D71/><U39/><E39/><V11/><F37/><W3/><G3/><T62/><D31/><U81/><REACH who="1" step="1"/><E77/><REACH who="1" ten="250,208,272,260" step="2"/><V12/><F79/><W128/><G128/><T32/><D88/><U34/><E34/><V6/><F90/><W109/><G97/><T75/><D32/><U106/><E106/><V105/><F105/><W65/><REACH who="3" step="1"/><G109/><REACH who="3" ten="250,208,272,250" step="2"/><T119/><D98/><U131/><E131/><V20/><F111/><W78/><G78/><T52/><D135/><U123/><E123/><V124/><F110/><W93/><AGARI ba="0,2" hai="1,7,8,9,13,16,25,26,63,65,69,84,89,93" machi="93" ten="20,5200,0" yaku="1,1,0,1,7,1,54,1,53,0" doraHai="28" doraHaiUra="27" who="3" fromWho="3" sc="250,-13,208,-13,272,-26,250,72" /><INIT seed="3,0,0,5,1,16" ten="237,195,246,322" oya="3" hai0="18,82,17,46,63,122,128,107,73,90,120,70,2" hai1="41,135,27,88,60,65,114,15,84,67,133,93,78" hai2="102,1,33,110,112,47,22,80,0,59,79,125,8" hai3="55,85,58,30,40,104,119,51,54,71,83,11,75"/><W132/><G119/><T53/><D107/><U10/><E114/><V62/><F112/><W56/><G71/><T38/><D2/><U115/><E115/><V9/><F33/><W4/><G104/><T123/><D128/><U103/><E103/><V77/><F110/><W39/><G75/><T116/><D116/><U126/><E126/><V109/><F109/><W113/><G132/><T106/><D106/><U86/><E41/><V6/><F125/><W12/><G113/><T13/><D18/><U134/><E27/><V14/><F47/><N who="3" m="26087" /><G30/><T127/><D127/><U35/><E35/><V124/><F124/><W26/><G26/><T24/><D24/><U101/><E101/><V87/><F102/><W69/><G69/><T111/><D111/><U117/><E117/><V44/><F44/><W52/><G39/><T94/><D38/><U48/><E48/><V29/><F77/><AGARI ba="0,0" hai="4,11,12,52,54,55,56,58,77,83,85" m="26087" machi="77" ten="30,5800,0" yaku="25,1,8,1,54,1" doraHai="16" who="3" fromWho="2" sc="237,0,195,0,246,-58,322,58" owari="237,3.7,195,-20.5,188,-31.2,380,48.0" /></mjloggm>