<mjloggm ver="2.3"><GO type="225" lobby="0"/><UN n0="%E6%97%A5%E6%9B%9C%E6%97%A5%E3%82%88%E3%82%8A%E3%81%AE%E4%BD%BF%E8%80%85" n1="%6D%75%75%6D%75%72%61" n2="%E3%82%B8%E3%83%A3%E3%83%9E%E3%83%BC%E3%83%AB%E3%83%9E%E3%83%AC%E3%83%BC" n3="%73%61%6B%6F%EF%BC%A0%E6%9C%80" dan="18,16,17,17" rate="2162.11,2206.72,2204.28,2209.58" sx="M,F,M,M"/><TAIKYOKU oya="0"/><INIT seed="0,0,0,5,4,72" ten="250,250,250,250" oya="0" hai0="12,26,91,108,103,34,104,1,31,132,28,86,131" hai1="41,43,125,118,38,85,135,82,71,27,46,84,112" hai2="98,94,105,55,134,96,101,10,92,8,99,95,68" hai3="63,58,15,13,18,0,80,121,25,87,130,60,11"/><T50/><D1/><U90/><E118/><V56/><F68/><W36/><G36/><T21/><D131/><U67/><E125/><V93/><F134/><W78/><G130/><T59/><D132/><U52/><E135/><V53/><F53/><W6/><G121/><T48/><D108/><U111/><E111/><V3/><F3/><W61/><G25/><T83/><D104/><U33/><E112/><V102/><REACH who="2" step="1"/><F99/><REACH who="2" ten="250,250,240,250" step="2"/><W30/><G0/><T22/><D34/><U4/><E71/><V51/><AGARI ba="0,1" hai="8,10,51,55,56,92,93,94,95,96,98,101,102,105" machi="51" ten="30,4000,0" yaku="1,1,2,1,0,1,53,0" doraHai="72" doraHaiUra="62" who="2" fromWho="2" sc="250,-20,250,-10,240,50,250,-10" /><INIT seed="1,0,0,5,3,117" ten="230,240,290,240" oya="1" hai0="83,48,104,113,33,65,89,14,90,8,124,66,45" hai1="82,98,69,123,42,59,133,67,100,37,21,64,110" hai2="108,34,43,32,29,86,10,103,130,81,51,75,1" hai3="114,41,76,96,126,16,38,6,22,23,120,25,85"/><U101/><E133/><V125/><F75/><W109/><G114/><T72/><D104/><U52/><E69/><V40/><F108/><W102/><G109/><T128/><D113/><U28/><E110/><V71/><F71/><W115/><G115/><T56/><D33/><U116/><E116/><V88/><F125/><W131/><G131/><T24/><D72/><U94/><E123/><V55/><F130/><W9/><G126/><T11/><D128/><U35/><E35/><V135/><F34/><W5/><G23/><T68/><D68/><U63/><E101/><V58/><F103/><W7/><G38/><T39/><D39/><U49/><E37/><V20/><F32/><W121/><G41/><T78/><D24/><N who="1" m="16399" /><E82/><V12/><F1/><W93/><REACH who="3" step="1"/><G9/><REACH who="3" ten="230,240,290,230" step="2"/><T127/><D8/><U18/><E18/><N who="2" m="8471" /><F135/><W0/><G0/><T111/><D111/><U19/><E19/><V95/><F43/><W132/><G132/><T44/><D127/><U119/><E119/><V50/><F20/><W79/><G79/><T105/><D124/><U99/><E99/><V53/><F40/><W57/><G57/><T84/><D11/><U112/><E112/><V118/><F118/><W74/><G74/><T13/><D56/><N who="1" m="32783" /><E42/><V15/><F58/><W70/><G70/><T26/><D45/><U107/><E107/><V36/><F36/><W61/><G61/><T17/><D105/><U92/><E92/><V73/><F73/><W106/><G106/><T134/><D134/><U54/><AGARI ba="0,1" hai="54,59,63,64,67,94,98,100" m="32783,16399" machi="54" ten="30,3000,0" yaku="8,1,54,1" doraHai="117" who="1" fromWho="1" sc="230,-10,240,40,290,-10,230,-10" /><INIT seed="1,1,0,4,0,46" ten="220,280,280,220" oya="1" hai0="11,107,77,19,55,30,112,56,13,26,53,65,94" hai1="3,134,124,87,114,103,129,49,32,102,122,113,110" hai2="118,97,29,57,8,37,51,68,63,127,62,36,27" hai3="108,20,116,50,92,12,22,76,98,135,121,42,40"/><U128/><E122/><V60/><F118/><W54/><G121/><T89/><D112/><U81/><E3/><V18/><F68/><W111/><G116/><T7/><D107/><U86/><E32/><V78/><F127/><W24/><G135/><T66/><D77/><U34/><E34/><V74/><F97/><W1/><G1/><T38/><D38/><U82/><E49/><V2/><F78/><W125/><G125/><T73/><D73/><U61/><E61/><V10/><F10/><W17/><G76/><T4/><D4/><U84/><E124/><V99/><F99/><W21/><G108/><T105/><D105/><U28/><E28/><V45/><F57/><N who="3" m="32983" /><G111/><T75/><D75/><U47/><E47/><V93/><F93/><W132/><G132/><T106/><D106/><U41/><E41/><N who="3" m="15978" /><G24/><T91/><D7/><U85/><E134/><V104/><F104/><W59/><G59/><T79/><D79/><N who="1" m="46143" /><E110/><V16/><F74/><W25/><G25/><T88/><D94/><U44/><E44/><V9/><F37/><W43/><N who="3" m="15986" /><W71/><DORA hai="70" /><G71/><T35/><REACH who="0" step="1"/><D53/><REACH who="0" ten="210,280,280,220" step="2"/><U67/><E82/><V69/><F36/><W117/><G117/><T58/><D58/><U120/><E120/><V64/><F69/><W109/><G109/><T131/><D131/><N who="1" m="50251" /><E67/><V72/><F64/><W5/><G5/><T48/><AGARI ba="1,1" hai="11,13,19,26,30,35,48,55,56,65,66,88,89,91" machi="48" ten="30,8000,1" yaku="1,1,0,1,52,1,54,1,53,1" doraHai="46,70" doraHaiUra="23,33" who="0" fromWho="0" sc="210,93,280,-41,280,-21,220,-21" /><INIT seed="2,0,0,2,5,133" ten="303,239,259,199" oya="2" hai0="95,25,107,75,53,18,80,102,57,2,127,47,20" hai1="54,86,100,88,40,62,92,122,38,110,70,56,76" hai2="117,120,55,12,59,15,96,104,78,126,128,68,119" hai3="74,52,14,5,24,111,42,7,48,37,36,45,26"/><V71/><F120/><W130/><G74/><T41/><D2/><U99/><E122/><V34/><F34/><W31/><G111/><T129/><D107/><U101/><E110/><V1/><F1/><W16/><G130/><T43/><D129/><U23/><E70/><V125/><F128/><W4/><G31/><T115/><D115/><U69/><E69/><V35/><F78/><W0/><G0/><T51/><D127/><N who="2" m="48650" /><F35/><W112/><G112/><T109/><D109/><U87/><E38/><V72/><F72/><W84/><G84/><N who="1" m="32298" /><E76/><V114/><F68/><W106/><G106/><T123/><D123/><U39/><E39/><V82/><F82/><W27/><REACH who="3" step="1"/><G42/><REACH who="3" ten="303,239,259,189" step="2"/><N who="0" m="25079" /><D75/><U66/><E40/><V83/><F114/><W79/><G79/><T10/><D80/><U135/><E135/><V63/><F83/><W89/><G89/><T28/><D28/><U61/><E88/><V44/><F104/><W60/><G60/><T46/><D43/><U77/><E77/><V17/><F63/><W11/><AGARI ba="0,1" hai="4,5,7,11,14,16,24,26,27,36,37,45,48,52" machi="11" ten="30,7900,0" yaku="1,1,0,1,54,2,53,0" doraHai="133" doraHaiUra="85" who="3" fromWho="3" sc="303,-20,239,-20,259,-39,189,89" /><INIT seed="3,0,0,5,4,64" ten="283,219,220,278" oya="3" hai0="58,115,133,71,77,96,4,63,89,57,25,78,38" hai1="106,103,28,69,41,116,94,112,122,9,7,86,49" hai2="132,14,111,80,124,35,10,121,16,22,54,56,0" hai3="5,46,65,34,91,76,55,13,45,15,120,134,88"/><W131/><G120/><T1/><D38/><U123/><E112/><V90/><F35/><W100/><G34/><T61/><D1/><U44/><E116/><V52/><F121/><W102/><G134/><T3/><D3/><U92/><E106/><V74/><F132/><W67/><G131/><T24/><D4/><U130/><E130/><V42/><F111/><W32/><G32/><T26/><D133/><U101/><E28/><V128/><F128/><W6/><G55/><T33/><D33/><U104/><E104/><V53/><F42/><W27/><G76/><T113/><D96/><N who="1" m="59527" /><E69/><V36/><F36/><W43/><G43/><T19/><D19/><U93/><E123/><V21/><F124/><W11/><G11/><T129/><D129/><U117/><E117/><V79/><F90/><W20/><G20/><T23/><D23/><U2/><E103/><V17/><F21/><W109/><G109/><T98/><D98/><U51/><E122/><V72/><F72/><W68/><G68/><T12/><D89/><U30/><E30/><V99/><F99/><W37/><G37/><T114/><D71/><U84/><E51/><V62/><REACH who="2" step="1"/><F0/><REACH who="2" ten="283,219,210,278" step="2"/><W135/><G135/><T126/><D126/><U50/><E86/><V107/><F107/><W87/><G87/><T85/><D85/><U81/><E84/><V127/><F127/><W118/><G118/><T8/><D78/><U59/><E81/><V40/><F40/><W82/><G27/><AGARI ba="0,1" hai="10,14,16,17,22,27,52,53,54,56,62,74,79,80" machi="27" ten="30,7700,0" yaku="1,1,7,1,54,2,53,0" doraHai="64" doraHaiUra="60" who="2" fromWho="3" sc="283,0,219,0,210,87,278,-77" /><INIT seed="4,0,0,0,1,75" ten="283,219,297,201" oya="0" hai0="2,28,4,117,118,111,89,57,6,54,43,135,44" hai1="71,63,23,51,127,73,125,34,124,116,85,64,35" hai2="96,49,77,18,76,9,53,95,70,58,14,103,45" hai3="48,55,33,12,5,59,115,132,40,87,97,83,13"/><T22/><D2/><U128/><E73/><V94/><F70/><W78/><G115/><T113/><D118/><U16/><E116/><V119/><F119/><W52/><G132/><T60/><D117/><U131/><E51/><N who="2" m="31039" /><F94/><W36/><G33/><N who="1" m="12298" /><E85/><V31/><F31/><W25/><G36/><T122/><D122/><U121/><E121/><V37/><F37/><W108/><G108/><T81/><D113/><U67/><E67/><V32/><F32/><W112/><G40/><AGARI ba="0,0" hai="9,14,18,40,45,49,76,77,95,96,103" m="31039" machi="40" ten="30,3900,0" yaku="8,1,52,2" doraHai="75" who="2" fromWho="3" sc="283,0,219,0,297,39,201,-39" owari="283,8.3,219,-18.1,336,43.6,162,-33.8" /></mjloggm>