<mjloggm ver="2.3"><GO type="225" lobby="0"/><UN n0="%E9%80%86%E9%80%A3%E5%B8%AF%E3%81%AE%E9%AC%BC" n1="%E3%81%97%E3%82%83%E3%82%8B%E3%81%BC%E3%82%93" n2="%28%EF%BF%A3%E2%96%BD%EF%BF%A3%29%CE%B4%E2%8C%92%E3%83%BB" n3="%E3%81%AF%E3%82%88%E3%81%8A%E3%81%98%E3%81%95%E3%82%93" dan="16,16,16,17" rate="2111.30,2170.40,2115.97,2216.70" sx="M,M,M,M"/><TAIKYOKU oya="0"/><INIT seed="0,0,0,3,0,123" ten="250,250,250,250" oya="0" hai0="129,54,28,112,59,130,68,71,25,17,50,72,26" hai1="88,61,83,81,78,100,34,66,86,33,132,43,122" hai2="131,30,15,58,113,109,14,106,31,7,126,45,92" hai3="76,19,1,96,69,73,38,104,13,3,117,64,44"/><T67/><D72/><U47/><E122/><V8/><F106/><W135/><G117/><T16/><D112/><U134/><E100/><V42/><F113/><W115/><G115/><T36/><D36/><U18/><E18/><V52/><F126/><W22/><G135/><T99/><D99/><U93/><E83/><V63/><F131/><N who="0" m="50186" /><D26/><U107/><E107/><V23/><F109/><W40/><G76/><T124/><D124/><U9/><E9/><V127/><F127/><W37/><G38/><T65/><D65/><U89/><E89/><V98/><F15/><W4/><G73/><T121/><D121/><U125/><E125/><V46/><F23/><W35/><G35/><N who="0" m="20879" /><D67/><U95/><E34/><V6/><F6/><W114/><G114/><T55/><D55/><U20/><E20/><V62/><F62/><N who="3" m="40087" /><G4/><T11/><D11/><U84/><E95/><V39/><REACH who="2" step="1"/><F46/><REACH who="2" ten="250,250,240,250" step="2"/><W32/><G32/><T21/><D21/><U111/><E111/><V80/><F80/><W91/><G104/><T120/><D120/><U97/><E33/><V90/><AGARI ba="0,1" hai="7,8,14,30,31,39,42,45,52,58,63,90,92,98" machi="90" ten="20,5200,0" yaku="1,1,0,1,7,1,54,1,53,0" doraHai="123" doraHaiUra="101" who="2" fromWho="2" sc="250,-26,250,-13,240,62,250,-13" /><INIT seed="1,0,0,4,5,105" ten="224,237,302,237" oya="1" hai0="40,73,6,62,35,71,130,79,117,134,133,103,18" hai1="115,9,2,4,12,24,60,25,82,16,1,21,100" hai2="41,127,97,80,15,77,54,36,26,23,5,89,51" hai3="68,76,28,104,69,10,118,122,95,49,99,131,39"/><U52/><E115/><V0/><F0/><W42/><G122/><T59/><D117/><U125/><E125/><V46/><F127/><W67/><G39/><T124/><D124/><U129/><E129/><V106/><F5/><W91/><G131/><T111/><D130/><U7/><E100/><V11/><F11/><W87/><G118/><T112/><D35/><U119/><E119/><V13/><F106/><W102/><G28/><T48/><D71/><U113/><E113/><V64/><F64/><W29/><G29/><T14/><D111/><U27/><E4/><V57/><F89/><W45/><G67/><T20/><D103/><U38/><E38/><V83/><F97/><W98/><G98/><T116/><D116/><U66/><E52/><V88/><F88/><W110/><G110/><T3/><D112/><U33/><E82/><V47/><F83/><W43/><G43/><T17/><D17/><U56/><REACH who="1" step="1"/><E1/><REACH who="1" ten="224,227,302,237" step="2"/><V128/><F128/><W75/><G10/><T93/><D3/><U92/><E92/><V37/><F37/><W78/><G78/><T70/><D93/><U120/><E120/><V74/><REACH who="2" step="1"/><F47/><REACH who="2" ten="224,227,292,237" step="2"/><W63/><G45/><T96/><D79/><U61/><E61/><V31/><AGARI ba="0,2" hai="13,15,23,26,31,36,41,46,51,54,57,74,77,80" machi="31" ten="20,8000,1" yaku="1,1,2,1,0,1,7,1,52,1,53,0" doraHai="105" doraHaiUra="123" who="2" fromWho="2" sc="224,-20,227,-40,292,100,237,-20" /><INIT seed="2,0,0,5,1,129" ten="204,187,392,217" oya="2" hai0="78,19,4,59,94,95,18,124,22,2,21,103,29" hai1="6,80,83,72,8,101,47,97,33,108,127,117,40" hai2="37,119,75,25,9,34,70,1,0,7,65,5,24" hai3="104,55,106,99,27,66,118,81,63,45,49,30,52"/><V133/><F75/><W85/><G118/><T26/><D124/><U121/><E117/><V116/><F37/><W111/><G111/><T54/><D78/><U58/><E127/><V113/><F65/><W68/><G55/><T57/><D103/><U114/><E114/><V122/><F70/><W109/><G109/><T131/><D131/><U96/><E108/><V61/><F61/><W50/><G50/><T43/><D43/><U107/><E33/><V98/><F98/><W77/><G99/><T39/><D39/><U128/><E128/><V105/><F105/><W135/><G135/><T53/><D4/><U115/><E115/><V125/><F113/><W93/><G93/><T28/><D2/><U69/><E69/><V35/><F125/><W17/><G17/><T74/><D74/><U120/><E96/><V132/><F9/><W10/><G10/><T23/><D23/><AGARI ba="0,0" hai="23,27,30,45,49,52,63,66,68,77,81,85,104,106" machi="23" ten="30,2000,0" yaku="7,1,54,1" doraHai="129" who="3" fromWho="0" sc="204,-20,187,0,392,0,217,20" /><INIT seed="3,0,0,2,0,20" ten="184,187,392,237" oya="3" hai0="67,81,59,22,56,99,108,93,57,33,127,12,86" hai1="119,2,109,91,4,104,128,34,121,68,61,35,36" hai2="17,75,88,52,51,64,123,62,39,14,26,92,102" hai3="124,42,9,16,70,63,10,38,100,122,106,80,53"/><W0/><G122/><T58/><D33/><U37/><RYUUKYOKU type="yao9" ba="0,0" sc="184,0,187,0,392,0,237,0" hai1="2,4,34,35,36,37,61,68,91,104,109,119,121,128" /><INIT seed="3,1,0,5,4,99" ten="184,187,392,237" oya="3" hai0="53,133,40,36,104,109,107,101,56,68,2,124,42" hai1="88,60,79,17,27,35,51,110,59,29,70,94,0" hai2="126,55,23,62,43,28,69,12,73,125,116,87,127" hai3="11,21,131,134,32,3,37,85,121,44,9,91,89"/><W72/><G72/><T48/><D2/><U83/><E110/><V74/><F116/><W100/><G32/><T5/><D109/><U113/><E113/><V78/><F43/><W38/><G21/><T112/><D112/><U108/><E108/><V135/><F135/><W130/><G85/><T54/><D68/><U14/><E0/><V20/><F20/><W64/><G3/><T47/><D133/><U63/><E70/><V122/><F122/><W50/><G134/><T80/><D124/><U92/><E51/><V65/><F55/><W19/><G50/><T7/><D80/><U128/><E128/><V66/><F66/><W77/><G64/><T26/><D26/><U22/><E59/><V58/><F69/><W16/><G77/><T81/><D81/><U46/><E94/><V106/><F106/><W120/><G44/><T118/><D118/><U96/><REACH who="1" step="1"/><E46/><REACH who="1" ten="184,177,392,237" step="2"/><V105/><F58/><W13/><G131/><T49/><D42/><U93/><E93/><V33/><F125/><W114/><G130/><T119/><D119/><U8/><E8/><V97/><F126/><W31/><G9/><T52/><D49/><U117/><E117/><V1/><F1/><W34/><G11/><T132/><D132/><U18/><E18/><V39/><F127/><W95/><G95/><T30/><D30/><U123/><E123/><V90/><F28/><W103/><G31/><T67/><D48/><U4/><E4/><N who="0" m="1609" /><D101/><U57/><E57/><V115/><F115/><W111/><G114/><T6/><D6/><U98/><E98/><V102/><F97/><W25/><G111/><RYUUKYOKU ba="1,1" sc="184,15,177,15,392,-15,237,-15" hai0="36,40,47,52,53,54,56,67,104,107" hai1="14,17,22,27,29,35,60,63,79,83,88,92,96" owari="199,-20.1,192,-30.8,387,48.7,222,2.2" /></mjloggm>