<mjloggm ver="2.3"><GO type="225" lobby="0"/><UN n0="%E7%99%BD%E6%97%A5%E9%9B%AA%E8%8F%9C" n1="%E5%B8%86%E7%AB%8B%E5%A4%8F%E8%A1%A3" n2="%E3%81%86%E3%81%A9%E3%82%93%E3%81%93" n3="%E3%83%97%E3%83%92" dan="16,16,16,16" rate="2181.47,2116.28,2111.75,2165.62" sx="M,M,M,M"/><TAIKYOKU oya="0"/><INIT seed="0,0,0,0,4,46" ten="250,250,250,250" oya="0" hai0="117,99,79,59,6,66,131,92,11,17,129,95,97" hai1="0,13,72,110,64,126,20,82,51,40,80,121,81" hai2="52,91,28,31,27,90,12,130,47,45,34,74,101" hai3="87,42,94,105,120,78,48,100,70,4,50,44,106"/><T7/><BYE who="2" /><D117/><U29/><E121/><V109/><F109/><W93/><G120/><T115/><D115/><U10/><E110/><V57/><F57/><W56/><G70/><T30/><D30/><U111/><E111/><V8/><F8/><W2/><G106/><T3/><D79/><U19/><E126/><V85/><F85/><W67/><G105/><T16/><D59/><U33/><E64/><V61/><F61/><N who="3" m="38311" /><G2/><T96/><D66/><U36/><E36/><V104/><F104/><W69/><G100/><T37/><D37/><U62/><E62/><V73/><F73/><W128/><G69/><T71/><D71/><U107/><E107/><V86/><F86/><W135/><G128/><N who="0" m="49227" /><D6/><U122/><E122/><V133/><F133/><W43/><G4/><T18/><AGARI ba="0,0" hai="3,7,11,16,17,18,92,95,96,97,99" m="49227" machi="18" ten="40,3900,0" yaku="19,1,54,1" doraHai="46" who="0" fromWho="0" sc="250,39,250,-13,250,-13,250,-13" /><INIT seed="0,1,0,5,3,117" ten="289,237,237,237" oya="0" hai0="9,35,16,53,98,128,74,49,109,125,36,47,127" hai1="103,59,50,42,71,21,78,62,108,15,88,39,70" hai2="76,135,85,1,77,75,40,73,99,5,6,123,51" hai3="115,129,132,31,29,12,106,46,69,118,37,22,68"/><T8/><D74/><U131/><E78/><V13/><F13/><W19/><G118/><T83/><D35/><U65/><E103/><V95/><F95/><W79/><G115/><T114/><D114/><U93/><E131/><V130/><F130/><W133/><G129/><T124/><D128/><U119/><E108/><V113/><F113/><W25/><G106/><T41/><D109/><U102/><E102/><V107/><F107/><W27/><G79/><T67/><D83/><U0/><E0/><V2/><F2/><W34/><G46/><T20/><D67/><U89/><E119/><V57/><F57/><W121/><G37/><T101/><D41/><U60/><E60/><V116/><F116/><W87/><G87/><T23/><D36/><U10/><E21/><V45/><F45/><W82/><G82/><T111/><D23/><U92/><E39/><V4/><F4/><W54/><G54/><T3/><D3/><U90/><E71/><V122/><F122/><W84/><G84/><T105/><REACH who="0" step="1"/><D111/><REACH who="0" ten="279,237,237,237" step="2"/><U126/><E126/><V112/><F112/><W33/><REACH who="3" step="1"/><G121/><REACH who="3" ten="279,237,237,227" step="2"/><T96/><D96/><U100/><E42/><V43/><F43/><W44/><G44/><T86/><D86/><U17/><REACH who="1" step="1"/><E100/><REACH who="1" ten="279,227,237,227" step="2"/><V26/><F26/><AGARI ba="1,3" hai="8,9,16,20,26,47,49,53,98,101,105,124,125,127" machi="26" ten="40,18000,2" yaku="1,1,18,1,54,1,53,3" doraHai="117" doraHaiUra="134" who="0" fromWho="2" sc="279,213,227,0,237,-183,227,0" /><INIT seed="0,2,0,3,4,82" ten="492,227,54,227" oya="0" hai0="9,115,94,121,40,76,79,130,113,36,101,97,104" hai1="103,23,14,127,133,66,17,62,134,112,57,11,68" hai2="114,49,65,35,18,13,67,61,63,27,16,102,6" hai3="56,0,38,21,95,32,122,15,73,58,64,52,131"/><T109/><D121/><U107/><E127/><V110/><F110/><W59/><G122/><T129/><D9/><U31/><E112/><N who="0" m="43081" /><D40/><U125/><E125/><V51/><F51/><W119/><G32/><T37/><D37/><U7/><E68/><V26/><F26/><W98/><G0/><T54/><D54/><U75/><E75/><V12/><F12/><W47/><G73/><T100/><D36/><U45/><E107/><V86/><F86/><W48/><G131/><N who="0" m="50187" /><D109/><U33/><E103/><N who="0" m="39497" /><D104/><U42/><E42/><V116/><F116/><W89/><G119/><T34/><D34/><U74/><E45/><V8/><F8/><W132/><G38/><T43/><D43/><U72/><E33/><V77/><F77/><W70/><G70/><T111/><D111/><U128/><E128/><V90/><F90/><AGARI ba="2,0" hai="76,79,90,94,97" m="39497,50187,43081" machi="90" ten="30,5800,0" yaku="19,1,34,2" doraHai="82" who="0" fromWho="2" sc="492,64,227,0,54,-64,227,0" owari="556,65.6,227,2.7,-10,-51.0,227,-17.3" /></mjloggm>