<mjloggm ver="2.3"><GO type="225" lobby="0"/><UN n0="%72%61%6B%33" n1="%33%74%72%65%65" n2="%4B%2E%32%2E%4B%2E" n3="%E7%AD%89%E3%80%85%E5%8A%9B%E5%8A%87%E5%A0%B4" dan="18,16,16,16" rate="2230.87,2138.42,2116.66,2129.94" sx="M,F,M,M"/><TAIKYOKU oya="0"/><INIT seed="0,0,0,4,0,89" ten="250,250,250,250" oya="0" hai0="7,130,84,55,122,34,49,47,103,17,97,78,60" hai1="30,94,108,76,121,69,70,134,132,110,126,12,99" hai2="4,23,100,109,11,116,114,45,135,65,86,48,33" hai3="131,20,85,102,101,59,14,113,66,31,82,40,1"/><T133/><D130/><U22/><E121/><V25/><F114/><W35/><G1/><T129/><D129/><U79/><E126/><V10/><F33/><W8/><G35/><T106/><D133/><N who="1" m="51307" /><E30/><V61/><F135/><W38/><G113/><T46/><D122/><U128/><E128/><V43/><F109/><N who="1" m="42089" /><E22/><V2/><F116/><W53/><G66/><T67/><D34/><U36/><E12/><V77/><F100/><W63/><G131/><T120/><D120/><U104/><E104/><V3/><F11/><W56/><G38/><T57/><D7/><U64/><E36/><V42/><F23/><W96/><G14/><T118/><D118/><U98/><E64/><V54/><F2/><W68/><G20/><T105/><D17/><U21/><E21/><V18/><F18/><W117/><G8/><T119/><D119/><U127/><E127/><V6/><F25/><W16/><G31/><T112/><D112/><U50/><E50/><V107/><F107/><W37/><G37/><T81/><D81/><U19/><E19/><V111/><F111/><W123/><G82/><T58/><D106/><U28/><E28/><V83/><REACH who="2" step="1"/><F6/><REACH who="2" ten="250,250,240,250" step="2"/><W9/><G9/><T74/><D105/><U5/><E5/><V71/><AGARI ba="0,1" hai="3,4,10,42,43,45,48,54,61,65,71,77,83,86" machi="71" ten="20,5200,0" yaku="1,1,2,1,0,1,7,1,53,0" doraHai="89" doraHaiUra="125" who="2" fromWho="2" sc="250,-26,250,-13,240,62,250,-13" /><INIT seed="1,0,0,1,2,74" ten="224,237,302,237" oya="1" hai0="21,17,95,11,37,77,28,10,64,47,3,13,29" hai1="116,14,96,20,93,125,50,97,82,129,127,103,91" hai2="43,52,12,68,23,1,32,99,94,41,135,134,114" hai3="104,124,7,5,53,49,83,130,100,35,131,25,115"/><U58/><E116/><V60/><F1/><W54/><G115/><T119/><D119/><U62/><E129/><V22/><F32/><W132/><G132/><N who="2" m="50729" /><F114/><W113/><G113/><T75/><D64/><U110/><E50/><V128/><F128/><W63/><G124/><N who="1" m="47690" /><E110/><V89/><F52/><W73/><G54/><T30/><D3/><U72/><E72/><V120/><F120/><W59/><G49/><T34/><D34/><U109/><E109/><V27/><F12/><W105/><G35/><T106/><D106/><U46/><E46/><V108/><F108/><W51/><G105/><T40/><REACH who="0" step="1"/><D95/><REACH who="0" ten="214,237,302,237" step="2"/><U79/><E93/><V107/><F107/><W16/><G104/><T88/><D88/><U80/><E91/><V71/><F89/><W118/><G118/><T42/><D42/><U48/><E103/><V24/><F41/><W57/><G100/><T98/><D98/><U85/><E97/><V6/><F43/><W66/><G131/><T101/><D101/><U31/><E96/><V44/><F99/><W70/><G130/><T38/><D38/><U55/><E55/><V117/><F94/><W39/><G39/><T0/><D0/><U92/><E92/><V2/><F117/><W112/><G53/><T87/><D87/><U102/><E102/><V4/><F2/><W65/><G73/><T81/><AGARI ba="0,1" hai="10,11,13,17,21,28,29,30,37,40,47,75,77,81" machi="81" ten="30,4000,0" yaku="1,1,0,1,52,1,53,0" doraHai="74" doraHaiUra="121" who="0" fromWho="0" sc="214,50,237,-20,302,-10,237,-10" /><INIT seed="2,0,0,0,0,1" ten="264,217,292,227" oya="2" hai0="64,23,45,84,127,107,52,69,98,12,34,89,27" hai1="0,123,40,25,53,82,60,38,31,24,8,51,37" hai2="47,131,20,72,87,26,76,67,70,35,32,96,54" hai3="77,115,22,85,30,16,79,121,108,94,97,75,10"/><V80/><F131/><W99/><G121/><T56/><D127/><U61/><E123/><V100/><F70/><W90/><G108/><T50/><D34/><U93/><E38/><V66/><F35/><W88/><G115/><T74/><D74/><U92/><E37/><V104/><F32/><W5/><G30/><T128/><D128/><U71/><E40/><V4/><F4/><W116/><G116/><T18/><D69/><U102/><E82/><V15/><F15/><N who="3" m="5583" /><G75/><T13/><D107/><U111/><E111/><V91/><F54/><W124/><G124/><T48/><D98/><N who="3" m="37385" /><G90/><T112/><D112/><U132/><E71/><V62/><F47/><W11/><G11/><T109/><D109/><U119/><E119/><V21/><F21/><W28/><G28/><T68/><D68/><U118/><E118/><V134/><F62/><N who="1" m="24169" /><E31/><N who="2" m="17863" /><F134/><W3/><G3/><T33/><D33/><U135/><E8/><V58/><F58/><W86/><G86/><T105/><D105/><U46/><E0/><V39/><F39/><W103/><G103/><T41/><REACH who="0" step="1"/><D64/><REACH who="0" ten="254,217,292,227" step="2"/><U65/><E65/><V130/><F130/><W49/><G49/><T44/><D44/><U2/><E132/><V7/><F66/><W63/><G63/><T114/><D114/><U43/><E135/><V81/><F67/><W14/><AGARI ba="0,1" hai="14,16,22,77,79,85,88,94" m="37385,5583" machi="14" ten="30,7900,0" yaku="8,1,52,1,54,2" doraHai="1" who="3" fromWho="3" sc="254,-20,217,-20,292,-39,227,89" /><INIT seed="3,0,0,1,5,30" ten="234,197,253,316" oya="3" hai0="113,31,13,99,112,110,117,58,94,0,125,48,85" hai1="33,43,84,107,4,77,111,63,26,132,106,15,128" hai2="108,78,79,45,89,116,126,133,73,80,81,114,98" hai3="3,134,96,71,88,34,69,40,129,29,104,55,8"/><W32/><G40/><T36/><D36/><U65/><E111/><V57/><F114/><W14/><BYE who="0" /><G3/><T52/><D52/><U16/><E128/><V53/><F116/><W39/><G39/><T23/><D23/><U86/><E132/><V51/><F133/><W61/><G134/><T130/><D130/><U122/><E122/><UN n0="%72%61%6B%33" /><V119/><F108/><W127/><G129/><T21/><D0/><U7/><E43/><V2/><F119/><W131/><G131/><T70/><D70/><U50/><E50/><V9/><F126/><W124/><G29/><T120/><D110/><U74/><E74/><V12/><F2/><W67/><G71/><T97/><D125/><N who="3" m="48201" /><G55/><T54/><D120/><U28/><E106/><V100/><F89/><W19/><G88/><N who="0" m="53519" /><D117/><U59/><E107/><V121/><F121/><W101/><AGARI ba="0,0" hai="8,14,19,32,34,61,67,69,96,101,104" m="48201" machi="101" ten="30,6000,0" yaku="18,1,52,2" doraHai="30" who="3" fromWho="3" sc="234,-20,197,-20,253,-20,316,60" owari="214,-18.6,177,-32.3,233,3.3,376,47.6" /></mjloggm>