<mjloggm ver="2.3"><GO type="225" lobby="0"/><UN n0="%E5%B8%86%E7%AB%8B%E5%A4%8F%E8%A1%A3" n1="%4E%6F%2E%30%30%30%31" n2="%E3%81%AF%E3%82%88%E3%81%8A%E3%81%98%E3%81%95%E3%82%93" n3="%E7%BD%AA%E5%88%91%E6%B3%95%E5%AE%9A%E4%B8%BB%E7%BE%A9" dan="16,18,16,16" rate="2097.11,2228.29,2188.84,2197.36" sx="M,M,M,M"/><TAIKYOKU oya="0"/><INIT seed="0,0,0,3,4,133" ten="250,250,250,250" oya="0" hai0="9,117,80,75,17,11,68,83,28,124,100,14,55" hai1="0,54,98,51,84,78,66,132,81,52,70,32,79" hai2="39,37,64,74,115,25,122,77,135,27,90,129,103" hai3="56,58,48,73,65,50,10,85,60,108,47,15,31"/><T40/><D117/><U57/><E132/><V93/><F135/><W12/><G73/><T44/><D68/><U101/><E0/><V128/><F115/><W16/><G108/><T99/><D124/><U13/><E32/><V97/><F122/><W61/><G31/><T42/><D28/><U76/><E70/><V41/><F64/><W36/><G85/><T110/><D110/><U125/><E125/><V20/><F90/><W87/><G87/><T46/><D75/><U131/><E131/><N who="2" m="50251" /><F41/><W34/><G34/><T105/><D55/><U71/><E71/><V5/><F5/><W69/><G69/><T104/><D11/><U18/><E54/><V106/><F93/><W95/><G95/><T82/><REACH who="0" step="1"/><D104/><REACH who="0" ten="240,250,250,250" step="2"/><U96/><E66/><V6/><F20/><W112/><G112/><T29/><D29/><U102/><E78/><V91/><F77/><W127/><G127/><T109/><D109/><U120/><E79/><V111/><F74/><W33/><G10/><T2/><D2/><U134/><E134/><V121/><F111/><W43/><G33/><T62/><D62/><U19/><E120/><V53/><F121/><W113/><G113/><T67/><D67/><U92/><REACH who="1" step="1"/><E13/><REACH who="1" ten="240,240,250,250" step="2"/><V114/><F114/><W130/><G12/><T7/><D7/><U45/><E45/><AGARI ba="0,2" hai="9,14,17,40,42,44,45,46,80,82,83,99,100,105" machi="45" ten="40,2000,0" yaku="1,1,53,0" doraHai="133" doraHaiUra="123" who="0" fromWho="1" sc="240,40,240,-20,250,0,250,0" /><INIT seed="0,1,0,3,0,103" ten="280,220,250,250" oya="0" hai0="28,51,123,6,80,130,32,101,8,126,41,97,15" hai1="85,92,84,0,75,128,108,118,121,38,24,42,23" hai2="55,110,39,50,115,35,135,91,5,12,25,124,36" hai3="7,77,40,93,107,109,100,53,89,111,116,78,11"/><T19/><D126/><U74/><E118/><V49/><F115/><W112/><G112/><T16/><D130/><U56/><E121/><V27/><F124/><W9/><G116/><T71/><D123/><U10/><E108/><N who="3" m="41546" /><G40/><T76/><D71/><U66/><E128/><V64/><F110/><W20/><G20/><T47/><D32/><U30/><E42/><V81/><F135/><W134/><G134/><T44/><D44/><U65/><E38/><V98/><F64/><W26/><G26/><T120/><D28/><U117/><E117/><V33/><F12/><N who="3" m="5183" /><G53/><T67/><D67/><U72/><E66/><V90/><F55/><W87/><G11/><T129/><D129/><U114/><E114/><V70/><F5/><W61/><G61/><T104/><D120/><U106/><E10/><V68/><F98/><AGARI ba="1,0" hai="77,78,87,89,93,98,100,107" m="5183,41546" machi="98" ten="30,2000,0" yaku="14,1,52,1" doraHai="103" who="3" fromWho="2" sc="280,0,220,0,250,-23,250,23" /><INIT seed="1,0,0,3,5,32" ten="280,220,227,273" oya="1" hai0="5,106,90,64,101,48,74,23,30,109,119,99,135" hai1="126,128,45,103,59,3,15,95,116,46,28,27,100" hai2="50,51,102,124,79,88,4,84,72,47,134,37,31" hai3="20,69,41,44,60,1,55,57,63,10,35,130,112"/><U129/><E116/><V120/><F120/><W11/><G112/><T111/><D119/><U86/><E126/><V58/><F124/><W78/><G35/><T13/><D135/><U54/><E15/><V29/><F134/><W80/><G130/><N who="1" m="50282" /><E86/><V85/><F37/><W108/><G108/><N who="0" m="41547" /><D74/><U53/><E53/><N who="2" m="32055" /><F72/><W114/><G114/><T61/><D48/><N who="1" m="31175" /><E95/><N who="2" m="54663" /><F4/><W76/><G20/><T87/><D5/><U91/><E91/><V62/><F102/><N who="1" m="38953" /><E3/><V125/><F125/><W36/><G1/><T40/><D13/><U71/><E71/><V38/><F38/><W18/><G69/><T2/><D2/><U121/><E121/><V26/><F62/><W96/><G63/><T82/><D61/><U97/><E97/><V43/><F26/><W104/><G96/><T77/><D99/><U66/><E66/><V70/><F70/><W68/><G68/><T56/><D64/><U52/><E52/><V107/><F107/><W49/><G104/><T92/><D106/><U131/><N who="1" m="50290" /><U33/><AGARI ba="0,0" hai="27,28,33,45,46" m="38953,31175,50290" machi="33" ten="40,3900,0" yaku="4,1,19,1" doraHai="32" who="1" fromWho="1" sc="280,-13,220,39,227,-13,273,-13" /><INIT seed="1,1,0,5,0,130" ten="267,259,214,260" oya="1" hai0="20,104,127,103,34,10,134,25,108,31,128,7,112" hai1="65,44,57,39,67,116,118,75,11,69,0,109,27" hai2="35,49,36,66,19,106,113,114,74,40,121,77,95" hai3="93,6,89,28,2,21,52,62,78,13,102,56,42"/><U5/><E57/><V16/><F106/><W64/><G78/><T46/><D112/><N who="2" m="43114" /><F121/><W94/><G42/><T72/><D127/><U9/><E67/><V105/><F105/><W60/><G2/><T47/><D108/><U111/><E27/><V88/><F35/><W15/><G102/><T100/><D100/><U91/><E91/><V54/><F66/><W61/><G94/><T107/><D128/><U48/><E75/><V85/><F40/><W45/><G45/><T18/><D72/><U38/><E11/><V101/><F36/><N who="1" m="13865" /><E44/><N who="2" m="27943" /><F101/><W123/><G123/><T33/><D33/><U120/><E48/><V133/><F133/><W26/><G6/><T53/><D134/><U126/><E126/><V92/><F92/><W79/><G79/><T14/><D107/><U119/><E120/><V84/><F84/><W81/><G81/><AGARI ba="1,0" hai="16,19,74,77,81,85,88,95" m="27943,43114" machi="81" ten="30,3900,0" yaku="11,1,54,2" doraHai="130" who="2" fromWho="3" sc="267,0,259,0,214,42,260,-42" /><INIT seed="2,0,0,1,4,124" ten="267,259,256,218" oya="2" hai0="23,103,113,32,13,116,93,19,107,89,72,50,80" hai1="53,15,52,91,9,30,2,60,17,7,10,62,73" hai2="102,0,42,132,35,58,55,108,46,104,131,87,123" hai3="11,65,59,105,6,28,3,114,68,98,25,31,118"/><V29/><F123/><W48/><G118/><T34/><D113/><U44/><E73/><V26/><F0/><W117/><G117/><T120/><D120/><U79/><E79/><V121/><F121/><W134/><G134/><T45/><D116/><U111/><E111/><V96/><F132/><W99/><G114/><T4/><D107/><U43/><E30/><V70/><F108/><W94/><G105/><T126/><D126/><U41/><E91/><V20/><F70/><W75/><G75/><T135/><D135/><U130/><E130/><V95/><F131/><W47/><G68/><T77/><D103/><U67/><E43/><V18/><F87/><W78/><G78/><T40/><D4/><U115/><E115/><V51/><F104/><W8/><G8/><T127/><D127/><U1/><E1/><V36/><F35/><W63/><G94/><T109/><D109/><U27/><E27/><V54/><F55/><W14/><G3/><T90/><D90/><U5/><E5/><V122/><F122/><W119/><G119/><T84/><AGARI ba="0,0" hai="13,19,23,32,34,40,45,50,72,77,80,84,89,93" machi="84" ten="20,1500,0" yaku="0,1,7,1" doraHai="124" who="0" fromWho="0" sc="267,15,259,-4,256,-7,218,-4" /><INIT seed="3,0,0,4,5,13" ten="282,255,249,214" oya="3" hai0="87,86,40,74,44,99,32,114,41,12,19,46,11" hai1="67,112,66,84,95,0,113,111,62,123,55,73,76" hai2="9,130,90,21,121,30,104,18,39,103,5,98,122" hai3="97,83,36,127,51,105,120,45,10,117,52,81,115"/><W35/><G115/><N who="1" m="44106" /><E0/><V108/><F39/><W16/><G120/><N who="2" m="46185" /><F108/><W102/><G117/><T15/><D114/><U128/><E95/><V106/><F130/><W60/><G35/><T42/><D74/><U71/><E84/><N who="0" m="32297" /><D32/><U110/><E76/><V134/><F134/><W100/><G36/><T6/><D99/><U25/><E73/><V93/><F30/><W91/><G127/><T80/><D80/><U17/><E123/><V59/><F59/><W14/><G102/><T135/><D135/><U96/><E96/><V20/><F20/><AGARI ba="0,0" hai="6,11,12,15,19,20,40,41,42,44,46" m="32297" machi="20" ten="30,2000,0" yaku="8,1,52,1" doraHai="13" who="0" fromWho="2" sc="282,20,255,0,249,-20,214,0" owari="302,40.2,255,5.5,229,-17.1,214,-28.6" /></mjloggm>