<mjloggm ver="2.3"><GO type="225" lobby="0"/><UN n0="%E3%81%AF%E3%82%88%E3%81%8A%E3%81%98%E3%81%95%E3%82%93" n1="%E8%BE%9B%E5%8F%A3%E3%82%AB%E3%83%AC%E3%83%BC%E3%83%A9%E3%82%A4%E3%82%B9" n2="%E3%83%B4%E3%82%A3%E3%83%AF%E3%82%B3%E3%82%B0%E3%83%8B" n3="%E7%BD%AA%E5%88%91%E6%B3%95%E5%AE%9A%E4%B8%BB%E7%BE%A9" dan="16,16,16,16" rate="2154.67,2148.28,2152.25,2140.06" sx="M,M,M,M"/><TAIKYOKU oya="0"/><INIT seed="0,0,0,5,1,118" ten="250,250,250,250" oya="0" hai0="117,41,97,79,133,103,48,114,17,11,34,14,131" hai1="113,37,33,31,40,44,124,35,127,54,65,25,104" hai2="13,61,56,88,85,49,66,8,102,28,1,15,109" hai3="91,21,39,78,110,64,62,46,43,129,87,121,45"/><T6/><D117/><U95/><E104/><V19/><F109/><W130/><G110/><T58/><D114/><U69/><E113/><V96/><F1/><W30/><G78/><T92/><D34/><U9/><E54/><V26/><F13/><W126/><G126/><N who="1" m="48170" /><E9/><V101/><F96/><W24/><G46/><T70/><D70/><U120/><E120/><V5/><F49/><W63/><G121/><T128/><D133/><U94/><E35/><V27/><F5/><W98/><G98/><T80/><D17/><U71/><E65/><V111/><F111/><W7/><G7/><T22/><D22/><U86/><E86/><V29/><F27/><W59/><REACH who="3" step="1"/><G63/><REACH who="3" ten="250,250,250,240" step="2"/><T135/><D135/><U134/><E134/><V122/><F122/><W23/><G23/><T4/><D6/><U74/><E74/><V90/><F90/><W18/><G18/><T107/><D41/><U16/><E16/><V106/><F28/><W3/><G3/><T12/><D4/><U51/><E37/><V53/><F29/><W119/><G119/><T32/><D32/><U125/><E125/><V52/><F26/><W76/><G76/><T42/><D42/><U36/><E36/><V50/><F50/><W2/><G2/><T108/><D108/><U73/><E73/><V89/><F89/><W75/><G75/><N who="0" m="43135" /><D11/><U93/><AGARI ba="0,1" hai="25,31,33,40,44,51,69,71,93,94,95" m="48170" machi="93" ten="30,1100,0" yaku="18,1" doraHai="118" who="1" fromWho="1" sc="250,-5,250,21,250,-3,240,-3" /><INIT seed="1,0,0,0,3,9" ten="245,271,247,237" oya="1" hai0="64,121,1,114,91,77,17,0,16,33,107,122,101" hai1="39,14,2,49,62,133,59,63,82,29,3,74,103" hai2="105,55,27,115,83,90,54,18,116,5,56,47,10" hai3="117,97,60,134,109,112,87,50,96,75,31,85,61"/><U30/><E39/><V99/><F116/><W120/><G112/><T48/><D114/><U92/><E133/><V52/><F115/><W131/><G120/><N who="0" m="46187" /><D33/><U100/><E74/><V132/><F132/><W28/><G134/><T108/><D108/><U70/><E70/><V6/><F47/><W113/><G113/><T126/><D126/><U20/><E2/><N who="0" m="1129" /><D77/><U110/><E3/><V124/><F124/><W78/><G75/><T19/><D64/><U42/><E110/><V129/><F129/><W26/><G109/><T127/><D127/><U94/><E82/><V111/><F111/><W45/><G131/><T135/><D135/><U35/><E35/><V22/><F105/><W7/><G117/><T41/><D91/><U81/><E103/><V38/><F38/><W98/><G7/><N who="2" m="2569" /><F10/><W71/><G71/><T102/><D107/><U36/><E36/><V119/><F119/><W25/><G78/><T21/><D21/><U79/><E79/><V34/><F34/><W93/><G93/><T12/><D12/><U32/><E32/><V84/><F99/><W8/><G8/><T65/><D65/><U130/><E130/><V46/><F46/><AGARI ba="0,0" hai="16,17,19,41,46,48,101,102" m="1129,46187" machi="46" ten="40,2600,0" yaku="13,1,54,1" doraHai="9" who="0" fromWho="2" sc="245,26,271,0,247,-26,237,0" /><INIT seed="2,0,0,4,5,104" ten="271,271,221,237" oya="2" hai0="53,28,75,83,67,105,11,125,42,72,129,135,123" hai1="13,48,0,41,40,121,21,43,94,99,107,87,62" hai2="2,1,82,132,117,12,26,113,19,47,73,59,18" hai3="9,111,103,93,124,44,85,24,122,55,23,16,95"/><V76/><F113/><W8/><G111/><T27/><D123/><U127/><E0/><V49/><F117/><W29/><G122/><T7/><D105/><U69/><E121/><V98/><F132/><W119/><G119/><T65/><D135/><U130/><E130/><V4/><F59/><W15/><G124/><T33/><D125/><U90/><E127/><V46/><F98/><W106/><G106/><T32/><D32/><U92/><E107/><V54/><F46/><W80/><G103/><T74/><D129/><U88/><E69/><V128/><F128/><W68/><G68/><T81/><D42/><U133/><E133/><V38/><F38/><W10/><G10/><T63/><D53/><U30/><E62/><V78/><F78/><W79/><G9/><T3/><REACH who="0" step="1"/><D67/><REACH who="0" ten="261,271,221,237" step="2"/><U6/><E43/><V34/><F34/><W108/><G108/><T64/><D64/><U86/><E41/><V70/><F54/><W100/><G100/><T52/><D52/><U118/><E40/><V37/><F37/><W102/><G102/><T131/><D131/><U39/><E39/><V89/><F49/><AGARI ba="0,1" hai="8,15,16,23,24,29,44,49,55,79,80,85,93,95" machi="49" ten="40,2600,0" yaku="8,1,54,1" doraHai="104" who="3" fromWho="2" sc="261,0,271,0,221,-26,237,36" /><INIT seed="3,0,0,2,4,104" ten="261,271,195,273" oya="3" hai0="37,58,98,73,130,127,81,55,99,119,46,54,69" hai1="53,112,78,108,33,38,57,129,60,12,96,6,1" hai2="77,56,23,29,65,62,115,70,113,41,7,61,80" hai3="45,131,89,109,9,49,94,63,36,102,10,26,52"/><W3/><G131/><T17/><D119/><U90/><E112/><V4/><F41/><W132/><G36/><T50/><D69/><U51/><E38/><V105/><F105/><W13/><G3/><T20/><D127/><U133/><E129/><V71/><F115/><W84/><G132/><T8/><D8/><U118/><E133/><V122/><F122/><W42/><G109/><T27/><D130/><U18/><E108/><V35/><F35/><W30/><G102/><T93/><D37/><U40/><E33/><V106/><F106/><W5/><G10/><T126/><D126/><U32/><E32/><V75/><F113/><W68/><G68/><T101/><D98/><U107/><E78/><V59/><F71/><W97/><G63/><T66/><D66/><U128/><E128/><V31/><F70/><W64/><G64/><T0/><D0/><U2/><E6/><V39/><F39/><W22/><G97/><T47/><D55/><AGARI ba="0,0" hai="5,9,13,22,26,30,42,45,49,52,55,84,89,94" machi="55" ten="40,3900,0" yaku="8,1,54,1" doraHai="104" who="3" fromWho="0" sc="261,-39,271,0,195,0,273,39" owari="222,-17.8,271,7.1,195,-30.5,312,41.2" /></mjloggm>