<mjloggm ver="2.3"><GO type="225" lobby="0"/><UN n0="%E6%A1%9C%E8%8A%B1%E9%96%83%E3%80%85" n1="%E6%81%A5%E6%99%92%E3%81%97" n2="%E7%B4%94%E6%BD%94%E3%83%94%E3%83%A9%E3%83%8B%E3%82%A2" n3="%44%2E%65%61%67%6C%65" dan="16,16,16,16" rate="2165.75,2117.04,2129.39,2142.85" sx="M,M,M,M"/><TAIKYOKU oya="0"/><INIT seed="0,0,0,5,5,98" ten="250,250,250,250" oya="0" hai0="0,90,97,26,16,2,31,85,128,14,34,52,45" hai1="57,109,41,111,88,7,124,40,131,134,12,55,83" hai2="37,102,33,39,99,87,27,104,125,96,114,93,84" hai3="4,94,82,92,103,115,50,17,72,46,129,28,19"/><T118/><D118/><U116/><E116/><V120/><F114/><W51/><G115/><T61/><D128/><U38/><E131/><V18/><F120/><W62/><G72/><T108/><D108/><N who="1" m="41547" /><E124/><V11/><F125/><W113/><G113/><T25/><D25/><U22/><E134/><V43/><F43/><W132/><G4/><T6/><D6/><U36/><E41/><V74/><F74/><W121/><G62/><T24/><D24/><U23/><E7/><V20/><F33/><W56/><G82/><T78/><D97/><U91/><E40/><V95/><F104/><W29/><G132/><T119/><D78/><U8/><E23/><V15/><F39/><N who="1" m="14889" /><E22/><V135/><F37/><W133/><G133/><T67/><D119/><U21/><E21/><V30/><REACH who="2" step="1"/><F135/><REACH who="2" ten="250,250,240,250" step="2"/><W68/><G121/><T79/><D34/><U58/><E58/><V105/><F105/><W48/><G56/><T35/><D45/><U123/><E123/><V101/><AGARI ba="0,1" hai="11,15,18,20,27,30,84,87,93,95,96,99,101,102" machi="101" ten="20,12000,2" yaku="1,1,0,1,7,1,9,1,8,1,52,2,53,0" doraHai="98" doraHaiUra="32" who="2" fromWho="2" sc="250,-60,250,-30,240,130,250,-30" /><INIT seed="1,0,0,1,3,83" ten="190,220,370,220" oya="1" hai0="95,35,126,76,66,116,110,38,10,29,60,45,53" hai1="132,69,54,135,125,85,4,118,75,23,16,111,47" hai2="27,70,36,1,0,121,117,90,61,114,5,106,7" hai3="93,81,74,44,112,131,37,124,77,123,55,49,67"/><U21/><E118/><V109/><F90/><W80/><G123/><T72/><D116/><U79/><E69/><V100/><F100/><W25/><G112/><T65/><D110/><U41/><E111/><V34/><F61/><W8/><G124/><T108/><D108/><U127/><E75/><V42/><F42/><W94/><G67/><T57/><D126/><N who="1" m="48139" /><E4/><V128/><F36/><W12/><G131/><T78/><D35/><U40/><E54/><V107/><F27/><W62/><G62/><T33/><D29/><U18/><E79/><V97/><F109/><W20/><G80/><T15/><D33/><U113/><E85/><V6/><F6/><W88/><G94/><T17/><D72/><U96/><E96/><V105/><F105/><W30/><G37/><T11/><D95/><U102/><E102/><V71/><F34/><W82/><G77/><T103/><D103/><U122/><E113/><V92/><F114/><W59/><G44/><T68/><D66/><U119/><E119/><V104/><F104/><W120/><G74/><T32/><D32/><U58/><E58/><V51/><F97/><N who="3" m="57511" /><G120/><T86/><D86/><U26/><E122/><V101/><F121/><W46/><G59/><T115/><D115/><U24/><E47/><V13/><F117/><W91/><G91/><T99/><D99/><U56/><E56/><V31/><F101/><W52/><G55/><T84/><D84/><U14/><E26/><V130/><F70/><W89/><G89/><T2/><D68/><U19/><E18/><AGARI ba="0,0" hai="8,12,18,20,25,30,46,49,52,81,82" m="57511" machi="18" ten="30,3900,0" yaku="8,1,54,2" doraHai="83" who="3" fromWho="1" sc="190,0,220,-39,370,0,220,39" /><INIT seed="2,0,0,4,4,11" ten="190,181,370,259" oya="2" hai0="73,31,128,117,92,113,7,0,72,39,54,1,65" hai1="94,107,51,46,37,2,26,63,47,27,96,21,133" hai2="120,103,10,97,95,114,106,89,130,109,119,45,60" hai3="44,23,66,78,88,118,3,121,101,8,42,30,90"/><V116/><F114/><W129/><G121/><T9/><D113/><U105/><E2/><V102/><F120/><W4/><G118/><T5/><D117/><U19/><E133/><V58/><F130/><W16/><G30/><T69/><D54/><U59/><E37/><V83/><F109/><W33/><G33/><T115/><D115/><U50/><E105/><V82/><F116/><W67/><G101/><T135/><D92/><U38/><E107/><V35/><F35/><W70/><G78/><T110/><D110/><U93/><E38/><V36/><F102/><W91/><G70/><T40/><D31/><U124/><E124/><V126/><F45/><N who="1" m="16905" /><E27/><V99/><F36/><W134/><G134/><T79/><D128/><U43/><E43/><V12/><F126/><W53/><G53/><T80/><D135/><U56/><E56/><V49/><F49/><N who="1" m="18441" /><E96/><V14/><F119/><W52/><G42/><T62/><D40/><U131/><E131/><V76/><F76/><W127/><G127/><T34/><D34/><U41/><E41/><V24/><F24/><W15/><REACH who="3" step="1"/><G129/><REACH who="3" ten="190,181,370,249" step="2"/><T87/><D39/><U13/><E26/><V100/><F103/><W81/><G81/><T64/><D64/><AGARI ba="0,1" hai="13,19,21,59,63,64,93,94" m="18441,16905" machi="64" ten="30,2000,0" yaku="8,1,52,1" doraHai="11" who="1" fromWho="0" sc="190,-20,181,30,370,0,249,0" /><INIT seed="3,0,0,3,0,42" ten="170,211,370,249" oya="3" hai0="101,83,119,6,94,61,12,95,49,97,40,18,8" hai1="10,55,46,127,129,37,53,27,3,0,56,69,39" hai2="43,47,5,70,68,21,103,14,9,132,20,80,76" hai3="35,102,123,107,62,17,58,124,13,131,122,120,128"/><W31/><G124/><T77/><D119/><U134/><E69/><V26/><F103/><W11/><G102/><T36/><D36/><U33/><E127/><V73/><F20/><W2/><G107/><T4/><D94/><U45/><E129/><N who="3" m="49738" /><G58/><T91/><D101/><U126/><E126/><V93/><F93/><W99/><G62/><T81/><D61/><U32/><E56/><V1/><F14/><W110/><G99/><T48/><D83/><U29/><E10/><V16/><F132/><W15/><G110/><T105/><D105/><U67/><E67/><V57/><F57/><W116/><G116/><T111/><D111/><U104/><E104/><V19/><F19/><N who="3" m="8639" /><G2/><T24/><D24/><U117/><E27/><V34/><F34/><W109/><G109/><T112/><D112/><U113/><E117/><V84/><F84/><W51/><G51/><AGARI ba="0,0" hai="1,5,9,16,21,26,43,47,51,68,70,73,76,80" machi="51" ten="30,3900,0" yaku="7,1,52,1,54,1" doraHai="42" who="2" fromWho="3" sc="170,0,211,0,370,39,249,-39" owari="170,-33.0,211,1.1,409,50.9,210,-19.0" /></mjloggm>