<mjloggm ver="2.3"><GO type="225" lobby="0"/><UN n0="%E6%98%93%E5%88%A9%E8%96%A9%E4%BC%AF" n1="%E3%81%82%E3%81%99%E3%81%AB%E3%82%83%E3%82%80" n2="%6D%75%75%6D%75%72%61" n3="%E3%81%86%E3%83%BC%E3%81%B1%E3%83%BC" dan="16,16,17,16" rate="2081.07,2100.51,2180.97,2148.83" sx="F,F,F,F"/><TAIKYOKU oya="0"/><INIT seed="0,0,0,3,1,21" ten="250,250,250,250" oya="0" hai0="89,34,73,56,52,119,66,113,42,122,70,45,23" hai1="99,69,115,133,68,79,7,86,101,53,97,11,62" hai2="46,0,91,134,39,36,124,100,15,93,74,121,129" hai3="72,71,80,107,33,92,32,31,3,98,135,27,116"/><T114/><D119/><U81/><E133/><V6/><F121/><W29/><G116/><T127/><D73/><U58/><E115/><V43/><F134/><W37/><G135/><T67/><D34/><U55/><E55/><V125/><F129/><W14/><G14/><T123/><D89/><U85/><E85/><V88/><F0/><W24/><G3/><T110/><D23/><U120/><E99/><N who="2" m="59503" /><F36/><W20/><G20/><T19/><D19/><U16/><E16/><V40/><F40/><W76/><G37/><N who="0" m="21711" /><D127/><N who="2" m="48714" /><F74/><W18/><G18/><T35/><D35/><U117/><E120/><N who="0" m="46121" /><D110/><U2/><REACH who="1" step="1"/><E117/><REACH who="1" ten="250,240,250,250" step="2"/><V63/><F63/><W13/><G107/><AGARI ba="0,1" hai="2,7,11,53,58,62,68,69,79,81,86,97,101,107" machi="107" ten="30,8000,1" yaku="1,1,2,1,7,1,53,2" doraHai="21" doraHaiUra="65" who="1" fromWho="3" sc="250,0,240,90,250,0,250,-80" /><INIT seed="1,0,0,2,2,123" ten="250,330,250,170" oya="1" hai0="110,14,51,103,87,35,107,132,23,12,134,66,119" hai1="121,99,1,118,94,63,59,62,25,93,122,65,39" hai2="88,54,85,115,55,74,69,38,27,67,83,70,90" hai3="9,33,79,106,16,71,84,44,109,81,17,77,73"/><U52/><E118/><V114/><F38/><W45/><G106/><T120/><D35/><U53/><E39/><V21/><F74/><W68/><G33/><T131/><D119/><U47/><E1/><V78/><F78/><W49/><G73/><T133/><D120/><U105/><E105/><V22/><F90/><W86/><G9/><T11/><D131/><U72/><E72/><V125/><F125/><W111/><G49/><T117/><D66/><U135/><E135/><V42/><F42/><W58/><G58/><T26/><D117/><U108/><E25/><V31/><F22/><W4/><G81/><T41/><D87/><U15/><E15/><V127/><F127/><W3/><G4/><T64/><D64/><U43/><E65/><V116/><F116/><W104/><G104/><T91/><D91/><U18/><E18/><V57/><F67/><W82/><G82/><T40/><D51/><U126/><E126/><V89/><F89/><W5/><G5/><N who="0" m="3183" /><D14/><U130/><E130/><V56/><F56/><W128/><G3/><T75/><D75/><U76/><E59/><V95/><F83/><W60/><G60/><T6/><D6/><U112/><E62/><N who="2" m="36151" /><F55/><W46/><G46/><T37/><D37/><U20/><E47/><V28/><F28/><W32/><G32/><T98/><D110/><U8/><E53/><V7/><F7/><W29/><G29/><AGARI ba="0,0" hai="23,26,29,40,41,98,103,107,132,133,134" m="3183" machi="29" ten="30,1000,0" yaku="20,1" doraHai="123" who="0" fromWho="3" sc="250,10,330,0,250,0,170,-10" /><INIT seed="2,0,0,4,4,85" ten="260,330,250,160" oya="2" hai0="60,37,78,127,56,134,55,94,44,46,53,67,32" hai1="128,42,25,54,19,121,41,73,129,23,59,71,80" hai2="106,112,1,91,122,43,38,22,99,98,119,103,70" hai3="36,108,81,131,3,72,58,17,20,75,40,97,77"/><V66/><F112/><W65/><G108/><T90/><D32/><U123/><E71/><V5/><F119/><W34/><G131/><N who="1" m="50250" /><E80/><V35/><F122/><N who="1" m="46601" /><E73/><V87/><F35/><W109/><G109/><T64/><D127/><U125/><E125/><V96/><F22/><W62/><G34/><T115/><D134/><U130/><E130/><V33/><F33/><W126/><G126/><T92/><D78/><U51/><AGARI ba="0,0" hai="19,23,25,41,42,51,54,59" m="46601,50250" machi="51" ten="30,2000,0" yaku="19,1,13,1" doraHai="85" who="1" fromWho="1" sc="260,-5,330,20,250,-10,160,-5" /><INIT seed="3,0,0,2,2,126" ten="255,350,240,155" oya="3" hai0="0,51,81,105,87,20,41,111,70,74,3,19,89" hai1="119,115,133,37,39,131,34,132,12,56,118,85,83" hai2="50,114,55,123,49,63,112,28,100,90,95,108,24" hai3="38,15,99,103,8,31,13,26,11,116,73,110,128"/><W96/><G116/><N who="1" m="44586" /><E131/><V47/><F108/><W16/><G110/><T97/><D70/><U72/><E34/><V75/><F75/><W25/><G73/><T101/><D111/><U29/><E29/><V135/><F135/><W68/><G68/><T45/><D74/><U122/><E122/><V23/><F123/><W65/><G38/><N who="1" m="14346" /><E72/><V117/><F100/><W53/><G65/><T91/><D91/><N who="1" m="51647" /><E56/><V44/><F63/><W17/><G31/><T129/><D129/><U69/><E115/><V22/><F22/><W59/><G128/><T52/><D41/><U21/><E69/><V93/><F93/><W134/><G134/><T36/><D36/><U42/><E42/><V124/><F124/><W43/><G43/><T4/><D4/><U106/><E106/><V40/><F117/><W109/><G109/><T121/><D121/><U60/><E60/><V46/><F46/><W88/><G103/><T71/><D71/><U33/><E33/><V78/><F78/><W6/><G6/><T79/><D79/><U18/><AGARI ba="0,0" hai="12,18,21,132,133" m="51647,14346,44586" machi="18" ten="40,1500,0" yaku="12,1" doraHai="126" who="1" fromWho="1" sc="255,-4,350,15,240,-4,155,-7" owari="251,5.1,365,46.5,236,-16.4,148,-35.2" /></mjloggm>