<mjloggm ver="2.3"><GO type="225" lobby="0"/><UN n0="%E4%BF%BA%E3%81%A8%E5%A6%96%E5%A4%A2" n1="%4E%49%4A%49%49%52%4F" n2="%53%41%49%2A" n3="%E3%81%8B%E3%82%8F%E3%81%A1%E3%82%83%E3%82%93%35%38" dan="17,16,16,16" rate="2209.70,2190.01,2118.17,2077.29" sx="F,M,M,M"/><TAIKYOKU oya="0"/><INIT seed="0,0,0,4,0,106" ten="250,250,250,250" oya="0" hai0="14,74,15,78,89,46,67,54,95,3,62,42,101" hai1="98,55,10,105,131,124,76,64,50,113,52,83,48" hai2="126,129,37,13,107,68,128,53,32,73,121,96,40" hai3="30,21,81,16,28,66,69,8,134,7,130,39,51"/><T94/><D3/><U47/><E124/><V97/><F32/><W63/><G39/><T17/><D101/><U58/><E131/><V82/><F68/><W88/><G130/><T112/><D112/><U22/><E113/><V19/><F121/><W119/><G119/><T24/><D54/><U115/><E115/><V59/><F126/><W103/><G103/><T1/><D1/><U114/><E114/><V75/><F40/><W85/><G134/><T84/><D95/><U77/><E64/><V0/><F37/><W133/><G133/><T34/><D34/><U31/><E10/><V135/><F0/><W29/><G51/><T99/><D24/><N who="1" m="16791" /><E105/><V132/><F82/><W60/><G60/><T23/><D14/><U111/><E111/><V2/><F2/><W33/><G33/><T117/><D117/><U25/><E98/><V6/><F107/><W57/><G7/><T86/><D78/><U118/><E118/><V87/><F6/><W20/><G69/><T120/><D74/><U123/><E123/><V90/><F75/><W116/><G116/><T27/><D27/><U12/><E25/><V41/><F73/><W18/><G18/><T43/><D120/><U9/><E83/><V56/><F129/><W45/><G45/><T108/><D108/><U38/><E38/><V70/><F128/><W122/><G122/><T80/><D80/><U44/><E44/><V110/><F110/><W109/><G109/><T92/><D92/><U127/><E127/><V26/><F135/><W11/><G21/><T79/><D79/><U104/><E104/><V100/><F132/><RYUUKYOKU ba="0,0" sc="250,-15,250,15,250,-15,250,15" hai1="9,12,47,48,50,52,55,58,76,77" hai3="8,11,16,20,28,29,30,57,63,66,81,85,88" /><INIT seed="1,1,0,1,2,99" ten="235,265,235,265" oya="1" hai0="118,27,53,61,19,26,25,126,50,100,103,65,85" hai1="59,33,90,83,9,42,106,57,102,124,77,2,120" hai2="1,62,45,52,122,47,134,131,8,128,123,70,15" hai3="84,30,88,11,10,76,22,7,109,133,135,46,80"/><U64/><E120/><V39/><F1/><W75/><G109/><T71/><D118/><U101/><E33/><V29/><F29/><W60/><G60/><T58/><D126/><U12/><E106/><V104/><F104/><W81/><G46/><N who="2" m="17417" /><F39/><W20/><G11/><T37/><D37/><U32/><E32/><V92/><F92/><W72/><G72/><T127/><D127/><U4/><E2/><V91/><F91/><W69/><G69/><T36/><D36/><U87/><E124/><V125/><F134/><N who="3" m="51211" /><G30/><T3/><D3/><AGARI ba="1,0" hai="3,7,10,20,22,75,76,80,81,84,88" m="51211" machi="3" ten="30,2000,0" yaku="20,1,54,1" doraHai="99" who="3" fromWho="0" sc="235,-23,265,0,235,0,265,23" /><INIT seed="2,0,0,4,3,7" ten="212,265,235,288" oya="2" hai0="90,83,63,57,131,49,0,111,42,4,123,2,53" hai1="93,12,113,80,133,102,30,61,37,50,3,28,32" hai2="78,13,1,97,128,47,29,82,77,68,44,25,23" hai3="39,62,59,84,66,52,10,5,40,115,122,103,127"/><V46/><F128/><W85/><G122/><T31/><D123/><U9/><E37/><V76/><F1/><W65/><G103/><T22/><D131/><U67/><E3/><V106/><F68/><W45/><G127/><T41/><D111/><U20/><E133/><V75/><F106/><W107/><G107/><T98/><D0/><U18/><E32/><V134/><F97/><W36/><G36/><T87/><D98/><N who="1" m="59727" /><E113/><V88/><F134/><W16/><G115/><T79/><D79/><U70/><E70/><V121/><F121/><W114/><G114/><T19/><D31/><U51/><E80/><V99/><REACH who="2" step="1"/><F13/><REACH who="2" ten="212,265,225,288" step="2"/><W91/><G85/><T125/><D125/><U74/><E74/><V73/><F73/><W94/><G16/><T109/><D109/><U129/><E129/><V26/><F26/><W112/><G112/><T48/><D2/><AGARI ba="0,1" hai="2,5,10,39,40,45,52,59,62,65,66,84,91,94" machi="2" ten="30,3900,0" yaku="7,1,52,1,54,1" doraHai="7" who="3" fromWho="0" sc="212,-39,265,0,225,0,288,49" /><INIT seed="3,0,0,3,5,71" ten="173,265,225,337" oya="3" hai0="70,46,27,112,98,13,110,100,119,77,93,92,0" hai1="51,52,38,20,2,63,82,107,123,64,65,102,131" hai2="9,75,127,129,28,68,24,95,56,47,103,108,32" hai3="96,15,59,81,104,132,29,113,4,18,78,26,89"/><W67/><G4/><T135/><D119/><U17/><E2/><V73/><F68/><W101/><G89/><T133/><D0/><U22/><E131/><V86/><F108/><W124/><G124/><T62/><D110/><U34/><E34/><V72/><F129/><W42/><G42/><T12/><D112/><U91/><E123/><V21/><F127/><W41/><G41/><T7/><D77/><U16/><E38/><V118/><F118/><W88/><G88/><T115/><D115/><U5/><E5/><V61/><F32/><W50/><G50/><T44/><D27/><U40/><E40/><V19/><F47/><W130/><G132/><T97/><D70/><U31/><E31/><V25/><F9/><W54/><G67/><T37/><D62/><U74/><E107/><V116/><F116/><W121/><G130/><T43/><D7/><U3/><E3/><V10/><F10/><W48/><G121/><T53/><D43/><U83/><E102/><V36/><F36/><W39/><G39/><T87/><D87/><U80/><E74/><V109/><F109/><W11/><G113/><T84/><D84/><U117/><E91/><N who="2" m="53751" /><F103/><W79/><G81/><T49/><D37/><U35/><E35/><AGARI ba="0,0" hai="11,15,18,26,29,35,48,54,59,78,79,96,101,104" machi="35" ten="30,1500,0" yaku="7,1" doraHai="71" who="3" fromWho="1" sc="173,0,265,-15,225,0,337,15" owari="173,-32.7,250,5.0,225,-17.5,352,45.2" /></mjloggm>