<mjloggm ver="2.3"><GO type="225" lobby="0"/><UN n0="%E3%81%82%E3%81%99%E3%81%AB%E3%82%83%E3%82%80" n1="%E5%B0%8F%E9%B3%A5%E9%81%8A%E7%B7%B4%E7%84%A1%32%31%E6%AD%B3" n2="%72%61%6B%33" n3="%E8%81%B7%E6%A5%AD%E3%80%81%E9%A2%A8%32" dan="16,16,18,16" rate="2137.29,2114.93,2266.50,2180.14" sx="F,F,M,M"/><TAIKYOKU oya="0"/><INIT seed="0,0,0,1,3,30" ten="250,250,250,250" oya="0" hai0="134,25,122,57,47,56,131,130,62,33,8,106,87" hai1="43,132,92,85,58,117,112,98,75,50,53,101,40" hai2="31,20,51,127,12,84,109,111,71,107,14,96,104" hai3="110,32,68,99,9,48,135,27,49,89,105,29,77"/><T124/><D122/><U7/><E117/><V66/><F127/><W24/><G110/><T80/><D124/><U64/><E75/><V1/><F1/><W15/><G135/><T81/><D106/><U114/><E132/><V86/><F51/><W113/><G113/><N who="1" m="43626" /><E7/><V19/><F31/><W83/><G68/><T120/><D120/><U61/><E85/><V76/><F14/><W28/><G105/><T41/><D8/><U37/><E37/><V36/><F36/><W93/><G15/><T60/><D134/><U6/><E6/><V34/><F34/><W63/><G63/><T121/><D121/><U133/><E133/><V78/><F84/><W26/><G26/><T46/><D87/><U97/><E97/><V129/><F129/><W23/><G9/><T74/><D25/><U4/><E4/><V126/><F126/><W73/><AGARI ba="0,0" hai="23,24,27,28,29,32,48,49,73,77,83,89,93,99" machi="73" ten="20,2700,0" yaku="0,1,7,1,52,1" doraHai="30" who="3" fromWho="3" sc="250,-13,250,-7,250,-7,250,27" /><INIT seed="1,0,0,1,3,123" ten="237,243,243,277" oya="1" hai0="35,125,5,107,124,22,51,69,115,25,52,19,129" hai1="31,73,131,103,64,83,49,121,61,29,60,8,26" hai2="65,36,9,95,89,101,71,130,0,94,72,1,3" hai3="119,46,105,100,21,7,126,28,132,55,15,127,20"/><U118/><E121/><V38/><F130/><W18/><G119/><T113/><D107/><U37/><E118/><V81/><F9/><W110/><G110/><T17/><D69/><U133/><E37/><V97/><F65/><W91/><G132/><T116/><D116/><U122/><E122/><V106/><F71/><W67/><G67/><T104/><D104/><U57/><E131/><V78/><REACH who="2" step="1"/><F94/><REACH who="2" ten="237,243,233,277" step="2"/><W93/><G93/><T108/><D129/><U84/><E8/><V90/><F90/><W50/><G91/><T82/><D115/><U117/><E117/><V48/><F48/><W96/><G7/><T54/><D5/><U27/><E49/><V39/><F39/><W40/><G40/><T11/><D113/><U47/><E133/><V44/><F44/><W43/><G43/><T13/><D51/><U134/><E47/><V86/><AGARI ba="0,1" hai="0,1,3,36,38,72,78,81,86,89,95,97,101,106" machi="86" ten="30,7900,0" yaku="1,1,0,1,24,2,53,0" doraHai="123" doraHaiUra="42" who="2" fromWho="2" sc="237,-20,243,-39,233,89,277,-20" /><INIT seed="2,0,0,5,3,70" ten="217,204,322,257" oya="2" hai0="7,120,62,38,107,113,55,133,10,54,130,23,18" hai1="50,12,84,48,8,47,21,25,34,1,39,125,16" hai2="128,5,114,32,30,49,99,123,106,29,109,88,103" hai3="93,9,97,59,92,56,11,4,14,42,26,61,89"/><V108/><F114/><W76/><G76/><T122/><D113/><U2/><E125/><V46/><F123/><W96/><G42/><T66/><D107/><U81/><E50/><V105/><F128/><W3/><G26/><T13/><D130/><U95/><E95/><V15/><F106/><W82/><G82/><T85/><D133/><U27/><E27/><V115/><F115/><W22/><G22/><T36/><D85/><U86/><E86/><V78/><F78/><W126/><G126/><T111/><D111/><N who="2" m="42570" /><F32/><W63/><G63/><T118/><D118/><U60/><E60/><V132/><F132/><W134/><G61/><T110/><D110/><U131/><E34/><V6/><F88/><W77/><G77/><T28/><D28/><N who="2" m="10858" /><F15/><W124/><G134/><T71/><D122/><U94/><E131/><V19/><F19/><W119/><G124/><T98/><D98/><U121/><E121/><V45/><F45/><W68/><G119/><T51/><D120/><U37/><E1/><V80/><F80/><W65/><G14/><T24/><REACH who="0" step="1"/><D55/><AGARI ba="0,0" hai="5,6,46,49,55,99,103,105" m="10858,42570" machi="55" ten="30,2900,0" yaku="14,1,10,1" doraHai="70" who="2" fromWho="0" sc="217,-29,204,0,322,29,257,0" /><INIT seed="2,1,0,4,1,24" ten="188,204,351,257" oya="2" hai0="31,20,78,13,126,35,64,9,107,15,118,98,113" hai1="11,33,63,19,54,21,60,119,77,62,81,52,104" hai2="76,51,66,73,2,130,44,82,38,102,34,80,56" hai3="100,111,43,135,110,106,70,3,96,122,22,128,58"/><V90/><F130/><W79/><G70/><T133/><D78/><U121/><E119/><V45/><F2/><W32/><G32/><T127/><D64/><U25/><E121/><V131/><F34/><W8/><G122/><T93/><D107/><U69/><E104/><V48/><F38/><W47/><G128/><T61/><D61/><U105/><E105/><V125/><F102/><W108/><G135/><T29/><D133/><U42/><E69/><V17/><F125/><N who="0" m="47626" /><D35/><U115/><E115/><V97/><F66/><W101/><G101/><N who="0" m="60623" /><D113/><U40/><E33/><V120/><F76/><W83/><G58/><T57/><D57/><U71/><E71/><V7/><F56/><W10/><G22/><T65/><D65/><U16/><E19/><V88/><F17/><W67/><G67/><T72/><D72/><U85/><E11/><V26/><F73/><N who="3" m="43503" /><G3/><T103/><D103/><U5/><E5/><V99/><F7/><W55/><G55/><AGARI ba="1,0" hai="16,21,25,40,42,52,54,55,60,62,63,77,81,85" machi="55" ten="40,5200,0" yaku="8,1,54,2" doraHai="24" who="1" fromWho="3" sc="188,0,204,55,351,0,257,-55" /><INIT seed="3,0,0,1,0,122" ten="188,259,351,202" oya="3" hai0="90,84,45,25,11,28,103,66,50,97,128,64,87" hai1="59,14,100,130,23,124,83,117,58,79,63,51,46" hai2="107,43,121,18,126,94,9,129,12,29,6,54,53" hai3="10,118,22,67,62,57,49,41,96,77,111,17,134"/><W26/><G118/><T119/><D128/><U133/><E124/><V37/><F107/><W36/><G36/><T20/><D119/><U95/><E117/><V42/><F126/><W109/><G134/><T71/><D11/><U108/><E108/><N who="3" m="41546" /><G77/><T101/><D71/><U81/><E130/><V4/><F121/><W7/><G96/><T60/><D60/><U61/><E133/><V0/><F0/><N who="3" m="359" /><G49/><T56/><D56/><U91/><E58/><V34/><F37/><W13/><G41/><T16/><D28/><U127/><E79/><V75/><F43/><W92/><G92/><N who="0" m="58535" /><D103/><U89/><E100/><V8/><F94/><W33/><G33/><T21/><D21/><U65/><E95/><V69/><F42/><W72/><G72/><T32/><D32/><U113/><E23/><V2/><F75/><W73/><G73/><T1/><D1/><U105/><E127/><V82/><F2/><W131/><G131/><T106/><D106/><U78/><E105/><V5/><F129/><W120/><G120/><T3/><D3/><U40/><E51/><V15/><F34/><W116/><G116/><T93/><D87/><U125/><E40/><AGARI ba="0,0" hai="16,20,25,40,45,50,64,66,84,90,93" m="58535" machi="40" ten="30,2000,0" yaku="8,1,54,1" doraHai="122" who="0" fromWho="1" sc="188,20,259,-20,351,0,202,0" owari="208,-19.2,239,3.9,351,45.1,202,-29.8" /></mjloggm>