<mjloggm ver="2.3"><GO type="225" lobby="0"/><UN n0="%43%68%65" n1="%E6%A1%9C%E8%8A%B1%E9%96%83%E3%80%85" n2="%E9%BB%92%E9%89%84%E7%8F%A0%E9%9B%AB" n3="%4D%50%43%32%38%30%30" dan="16,18,16,16" rate="2164.85,2241.93,2200.69,2198.49" sx="M,M,F,M"/><TAIKYOKU oya="0"/><INIT seed="0,0,0,4,3,21" ten="250,250,250,250" oya="0" hai0="116,27,133,15,1,66,62,135,59,70,34,88,82" hai1="9,76,108,45,75,63,24,40,74,6,98,105,47" hai2="84,0,78,56,69,128,99,89,49,19,110,57,25" hai3="100,86,58,87,4,51,106,126,17,11,33,71,42"/><T65/><D1/><U38/><E108/><V120/><F120/><W18/><G71/><T16/><D116/><U102/><E63/><V2/><F69/><W122/><G122/><T125/><D125/><U118/><E118/><V60/><F128/><W127/><G33/><T96/><D70/><U107/><E107/><V72/><F72/><W101/><G42/><T90/><D66/><U10/><E47/><V131/><F131/><W44/><G44/><T35/><D35/><U80/><E75/><V123/><F123/><W3/><G51/><T36/><D36/><U95/><E6/><V112/><F112/><W13/><G58/><T121/><D121/><U64/><E64/><V31/><F19/><W68/><G68/><T92/><D82/><U93/><E93/><V7/><F110/><W41/><G41/><T26/><D90/><U114/><E114/><V117/><F117/><W8/><G106/><T28/><REACH who="0" step="1"/><D27/><REACH who="0" ten="240,250,250,250" step="2"/><U53/><E24/><V109/><F2/><W119/><G119/><T37/><D37/><U124/><E124/><V39/><F39/><W20/><G3/><T94/><D94/><U111/><E111/><V32/><F109/><W50/><G127/><T97/><D97/><U30/><E95/><N who="2" m="54695" /><F99/><W132/><G126/><T85/><D85/><U29/><E98/><V52/><F0/><W43/><G87/><T23/><AGARI ba="0,1" hai="15,16,23,26,28,34,59,62,65,88,92,96,133,135" machi="23" ten="30,18000,2" yaku="1,1,0,1,52,1,54,2,53,1" doraHai="21" doraHaiUra="14" who="0" fromWho="0" sc="240,190,250,-60,250,-60,250,-60" /><INIT seed="0,1,0,2,0,113" ten="430,190,190,190" oya="0" hai0="54,48,28,29,134,16,66,81,98,86,127,76,128" hai1="106,12,0,56,119,87,121,14,74,62,9,64,25" hai2="101,39,11,37,79,131,59,27,91,65,84,110,23" hai3="43,72,24,34,13,118,20,96,112,63,94,35,60"/><T46/><D127/><U90/><E121/><V108/><F131/><W2/><G2/><T111/><D134/><U103/><E74/><V45/><F79/><W102/><G112/><T83/><D128/><U129/><E129/><V77/><F77/><W116/><G72/><T7/><D111/><N who="2" m="42538" /><F11/><W99/><G43/><T117/><D117/><U67/><E119/><N who="3" m="45610" /><G13/><T8/><D66/><U100/><E0/><V93/><F45/><W125/><G63/><T19/><D83/><U15/><E67/><V38/><F101/><N who="1" m="38985" /><E25/><V68/><F68/><W3/><G99/><T51/><D98/><U10/><E106/><V52/><F65/><W92/><G92/><AGARI ba="1,0" hai="9,10,12,14,15,56,62,64,87,90,92" m="38985" machi="92" ten="30,1000,0" yaku="8,1" doraHai="113" who="1" fromWho="3" sc="430,0,190,13,190,0,190,-13" /><INIT seed="1,0,0,1,1,114" ten="430,203,190,177" oya="1" hai0="128,9,107,78,124,109,33,63,122,55,125,70,104" hai1="21,89,102,133,5,57,16,99,130,45,129,134,23" hai2="80,12,66,49,27,74,46,47,53,43,111,41,84" hai3="82,94,81,120,3,65,117,121,115,35,28,98,58"/><U69/><E69/><V44/><F74/><W119/><G115/><T91/><D33/><U0/><E45/><V6/><F111/><W18/><G3/><T54/><D109/><U95/><E57/><V4/><F66/><W22/><G35/><T38/><D38/><U31/><E31/><V116/><F116/><N who="3" m="44619" /><G28/><T19/><D9/><N who="1" m="2215" /><E102/><V79/><F27/><N who="3" m="14807" /><G58/><T39/><D70/><U2/><E2/><V85/><F85/><W93/><G65/><T8/><D55/><U11/><E11/><N who="2" m="4199" /><F6/><W73/><G94/><T132/><D104/><U17/><E17/><V30/><F30/><W126/><G126/><T131/><D19/><U64/><E64/><V29/><F29/><W61/><G61/><T71/><D63/><U72/><E23/><V59/><AGARI ba="0,0" hai="41,43,44,46,47,49,53,59,79,80,84" m="4199" machi="59" ten="30,1100,0" yaku="8,1" doraHai="114" who="2" fromWho="2" sc="430,-3,203,-5,190,11,177,-3" /><INIT seed="2,0,0,4,1,9" ten="427,198,201,174" oya="2" hai0="90,44,93,92,96,99,31,103,127,6,64,86,76" hai1="74,68,27,72,135,119,38,114,78,118,42,13,36" hai2="70,110,17,59,120,19,105,73,80,54,71,121,32" hai3="63,18,132,39,66,4,85,65,106,21,131,49,91"/><V75/><F105/><W79/><G39/><T1/><D127/><U58/><E114/><V46/><F32/><W60/><G106/><T81/><D1/><U7/><E58/><V41/><F110/><W34/><G34/><T10/><D31/><U104/><E27/><V30/><F30/><W124/><G124/><T133/><D133/><U77/><E135/><V84/><F75/><N who="1" m="28713" /><E7/><V82/><F73/><W0/><G132/><T48/><D64/><U126/><E13/><V123/><F71/><W11/><G79/><N who="1" m="30218" /><E104/><V26/><F70/><W87/><G131/><T67/><D67/><U35/><E35/><V97/><F97/><W57/><G49/><T117/><D6/><U50/><E68/><V2/><F2/><W95/><G85/><T8/><D117/><U20/><E20/><V130/><F130/><W116/><G116/><T45/><D45/><N who="1" m="25911" /><E126/><V101/><F101/><W109/><G109/><T98/><D98/><U24/><E24/><V22/><F17/><W134/><G134/><T56/><D56/><U23/><E23/><V33/><F33/><W111/><G111/><T62/><D62/><U69/><E69/><V15/><F26/><W108/><G108/><T12/><D12/><U61/><E61/><N who="2" m="36087" /><F84/><W112/><G112/><T94/><D94/><U128/><E128/><V122/><F122/><W29/><G29/><T113/><D113/><U102/><E102/><V51/><F123/><W88/><G91/><T83/><D83/><N who="2" m="31786" /><F121/><W3/><G3/><T14/><D14/><U37/><E119/><V55/><F120/><W107/><G0/><T100/><D100/><RYUUKYOKU ba="0,0" sc="427,10,198,10,201,10,174,-30" hai0="8,10,44,48,76,81,86,90,92,93,96,99,103" hai1="36,37,38,118" hai2="15,19,22,41,46,51,55" /><INIT seed="2,1,0,0,4,79" ten="437,208,211,144" oya="2" hai0="50,3,131,24,125,87,66,11,69,25,96,22,14" hai1="117,105,53,83,80,5,126,58,129,54,34,62,99" hai2="8,40,114,21,97,134,94,13,35,101,102,113,75" hai3="12,20,65,43,119,74,104,120,45,106,16,23,17"/><V7/><F35/><W57/><G119/><T77/><D3/><U112/><E117/><V63/><F75/><W115/><G120/><T93/><D131/><U76/><E112/><V89/><F134/><W109/><G109/><T38/><D38/><U72/><E129/><V73/><F73/><W132/><G132/><T121/><D125/><U91/><E126/><V133/><F133/><W70/><G74/><T36/><D36/><U107/><E34/><V68/><F40/><W52/><G70/><T10/><D10/><U135/><E135/><V128/><F128/><W130/><G65/><T124/><D121/><U118/><E5/><V32/><F32/><W55/><G115/><T116/><D50/><U30/><E30/><V78/><F78/><W47/><G130/><T56/><D69/><U67/><E118/><V2/><F102/><W110/><G110/><T81/><D116/><U88/><E91/><V90/><F90/><W48/><G55/><T98/><D98/><U19/><E19/><V1/><F1/><W42/><G47/><T39/><D39/><U51/><E53/><V0/><F0/><W33/><G33/><T29/><D25/><U61/><E61/><V9/><F21/><W103/><G103/><N who="0" m="60815" /><D124/><U82/><E107/><N who="2" m="63919" /><F63/><W71/><G71/><T15/><D11/><U6/><E105/><V86/><F68/><W111/><G111/><T27/><D27/><U28/><E28/><V64/><F64/><W44/><G45/><T46/><D46/><N who="1" m="28023" /><E6/><N who="2" m="1111" /><F114/><W41/><REACH who="3" step="1"/><G44/><REACH who="3" ten="437,208,211,134" step="2"/><T108/><D108/><U18/><E72/><V59/><F113/><W122/><G122/><RYUUKYOKU ba="1,1" sc="437,10,208,-30,211,10,134,10" hai0="14,15,22,24,29,56,66,77,81,87" hai2="7,9,13,59,86,89,94" hai3="12,16,17,20,23,41,42,43,48,52,57,104,106" /><INIT seed="2,2,1,1,1,4" ten="447,178,221,144" oya="2" hai0="43,83,131,6,127,52,38,109,79,92,88,102,13" hai1="61,117,24,135,62,134,111,14,76,118,70,123,97" hai2="54,122,17,15,42,27,22,87,1,16,8,99,91" hai3="68,56,28,12,30,46,63,7,108,125,119,74,45"/><V65/><F122/><W96/><G119/><T130/><D109/><U51/><E111/><V50/><F1/><W105/><G108/><T19/><D6/><U86/><E123/><V55/><F99/><W98/><G74/><T36/><D102/><U67/><E24/><V47/><F65/><W95/><G68/><T20/><D127/><U33/><E33/><V5/><F5/><W120/><G120/><T10/><D20/><U2/><E2/><V9/><F9/><N who="3" m="4159" /><G105/><T25/><D25/><U48/><E97/><N who="3" m="37482" /><G95/><AGARI ba="2,1" hai="8,15,16,17,22,27,42,47,50,54,55,87,91,95" machi="95" ten="30,11600,0" yaku="7,1,8,1,52,1,54,1" doraHai="4" who="2" fromWho="3" sc="447,0,178,0,221,132,144,-122" /><INIT seed="2,3,0,5,4,1" ten="447,178,353,22" oya="2" hai0="105,53,66,134,114,43,58,84,77,10,120,27,35" hai1="78,72,97,21,68,135,110,130,0,125,9,115,101" hai2="100,102,124,85,4,23,81,60,121,89,87,129,39" hai3="126,34,123,73,16,133,112,80,67,26,11,88,83"/><V36/><F121/><W8/><G123/><T69/><D120/><U30/><E115/><V57/><F129/><W132/><G112/><T116/><D114/><U32/><E130/><V128/><F128/><W24/><G126/><T119/><D105/><U75/><E68/><V113/><F113/><W28/><G67/><T62/><D134/><N who="3" m="51817" /><G73/><T25/><D43/><U93/><E110/><V29/><F124/><W90/><G11/><T45/><D45/><U127/><E21/><V14/><F36/><W22/><G8/><T99/><D99/><U18/><E75/><V109/><F39/><W71/><G71/><T7/><D84/><U59/><E72/><V63/><F87/><W64/><G64/><T37/><D77/><U5/><E78/><V103/><F109/><W44/><G44/><T95/><D95/><U42/><E93/><V15/><F63/><W20/><G34/><T48/><D37/><U70/><E32/><V98/><F98/><W13/><G26/><T106/><D106/><U122/><E135/><V79/><F79/><W94/><G90/><T46/><D69/><U33/><E70/><V111/><F111/><W131/><G131/><T104/><D104/><U96/><E122/><V6/><F15/><W107/><G107/><T50/><D50/><U82/><E127/><V38/><F38/><W41/><G41/><T65/><D65/><U74/><E42/><V61/><F61/><W55/><G55/><T117/><D35/><U56/><E74/><V92/><F92/><W54/><G54/><T52/><D53/><U19/><E125/><V118/><F60/><RYUUKYOKU ba="3,0" sc="447,15,178,-15,353,-15,22,15" hai0="7,10,25,27,46,48,52,58,62,66,116,117,119" hai3="13,16,20,22,24,28,80,83,88,94" /><INIT seed="3,4,0,4,3,121" ten="462,163,338,37" oya="3" hai0="75,78,94,55,106,16,53,11,46,116,57,30,125" hai1="17,12,98,104,129,6,119,32,1,84,4,83,45" hai2="29,80,90,28,9,115,52,62,36,3,70,67,68" hai3="111,38,10,102,74,27,56,43,127,118,15,0,87"/><W73/><G118/><T77/><D106/><U19/><E119/><V133/><F115/><W103/><G127/><T66/><D75/><U21/><E32/><V39/><F70/><W128/><G0/><T112/><D30/><U86/><E129/><V96/><F29/><W60/><G128/><T24/><D66/><U110/><E110/><V72/><F133/><W113/><G113/><T81/><D112/><U51/><E1/><V49/><F28/><W89/><G74/><T69/><D69/><U123/><E123/><V101/><F9/><W109/><G73/><T63/><D125/><U135/><E86/><V7/><F7/><N who="3" m="3551" /><G43/><T22/><D81/><U23/><E135/><V99/><F3/><W48/><G48/><N who="0" m="28823" /><D116/><U20/><E98/><V25/><F72/><W126/><G27/><T85/><D11/><N who="1" m="4215" /><E4/><V44/><F25/><W97/><G38/><T64/><D64/><U108/><E108/><N who="3" m="41546" /><G97/><T5/><D24/><U114/><E114/><V76/><F99/><W82/><G126/><T34/><D5/><U58/><E104/><N who="2" m="63527" /><F36/><W54/><AGARI ba="4,0" hai="54,56,60,82,87,89,102,103" m="41546,3551" machi="54" ten="30,12000,1" yaku="14,1,10,1,52,3" doraHai="121" who="3" fromWho="3" sc="462,-44,163,-44,338,-44,37,132" /><INIT seed="3,5,0,3,4,14" ten="418,119,294,169" oya="3" hai0="128,53,125,108,17,75,112,4,20,81,2,110,33" hai1="51,74,29,91,44,15,126,103,61,132,84,90,72" hai2="69,135,102,79,24,86,104,59,114,70,63,9,54" hai3="120,65,3,105,62,45,124,76,57,37,101,0,46"/><W82/><G120/><T36/><D33/><U23/><E126/><V133/><F114/><W10/><G124/><T117/><D125/><U73/><E132/><N who="2" m="50763" /><F24/><W96/><G37/><T100/><D112/><U38/><E38/><V77/><F9/><W94/><G105/><T134/><D128/><U106/><E61/><V93/><F104/><W121/><G121/><T22/><D22/><U113/><E113/><V1/><F1/><W6/><REACH who="3" step="1"/><G3/><REACH who="3" ten="418,119,294,159" step="2"/><T109/><D36/><U30/><E106/><V49/><F70/><W87/><AGARI ba="5,1" hai="0,6,10,45,46,57,62,65,76,82,87,94,96,101" machi="87" ten="20,12000,1" yaku="1,1,2,1,0,1,7,1,53,1" doraHai="14" doraHaiUra="34" who="3" fromWho="3" sc="418,-45,119,-45,294,-45,159,145" /><INIT seed="3,6,0,3,0,91" ten="373,74,249,304" oya="3" hai0="1,49,62,36,48,95,75,126,130,103,19,134,94" hai1="85,77,46,2,66,116,89,108,52,93,39,0,90" hai2="4,37,112,29,10,30,58,32,21,104,44,3,51" hai3="78,5,101,18,73,71,72,135,63,22,57,20,23"/><W86/><G71/><T106/><D36/><U84/><E108/><V50/><F112/><W38/><G38/><T11/><D75/><U127/><E127/><V96/><F32/><W67/><G135/><T24/><D134/><U25/><E116/><V8/><F37/><W55/><G67/><T123/><D123/><U82/><E66/><V45/><F58/><W113/><G113/><T114/><D114/><U83/><E39/><V33/><F33/><W120/><G120/><T117/><D117/><U42/><E42/><V69/><F69/><W61/><G63/><T118/><D118/><U41/><E41/><V133/><F133/><W40/><G40/><T121/><D106/><U60/><E25/><V80/><F80/><W100/><G5/><T111/><D1/><U56/><E46/><V125/><F125/><W65/><G55/><T59/><D121/><U14/><E14/><V115/><F115/><W105/><G105/><T54/><D111/><U13/><E13/><V70/><F70/><W64/><G65/><T87/><D130/><U129/><E129/><V132/><F132/><W99/><G18/><T97/><D126/><U6/><E6/><V79/><F4/><W131/><G131/><T88/><D11/><U81/><E81/><V12/><F12/><W47/><G47/><T110/><D110/><U17/><E17/><V107/><F3/><W109/><G109/><T15/><D15/><U53/><E53/><V27/><F27/><W74/><G99/><T43/><D43/><U26/><E26/><V68/><F68/><W28/><G28/><T76/><D76/><RYUUKYOKU ba="6,0" sc="373,10,74,10,249,-30,304,10" hai0="19,24,48,49,54,59,62,87,88,94,95,97,103" hai1="0,2,52,56,60,77,82,83,84,85,89,90,93" hai3="20,22,23,57,61,64,72,73,74,78,86,100,101" /><INIT seed="3,7,0,3,3,18" ten="383,84,219,314" oya="3" hai0="10,122,96,22,82,60,94,9,95,107,2,3,71" hai1="35,104,77,126,37,34,0,66,103,119,127,114,115" hai2="57,43,17,69,84,7,28,44,65,100,24,83,93" hai3="52,47,128,56,41,45,42,72,15,87,97,50,25"/><W99/><G72/><T112/><D122/><U68/><E77/><V75/><F75/><W134/><G134/><T63/><D107/><U8/><E66/><V116/><F69/><W29/><G128/><T110/><D110/><U53/><E53/><V21/><F116/><W109/><G87/><T125/><D125/><U90/><E90/><V40/><F7/><W98/><G15/><T48/><D71/><U120/><E8/><N who="0" m="3177" /><D3/><U70/><E103/><V88/><F17/><W12/><G12/><T38/><D38/><U79/><E79/><V61/><F44/><N who="3" m="16971" /><G109/><T32/><D32/><U133/><E35/><V59/><F59/><W67/><G67/><T91/><D2/><U62/><E62/><N who="0" m="23593" /><D112/><U30/><E30/><V11/><F11/><W54/><G54/><T76/><D48/><U85/><E85/><V130/><F130/><W86/><G86/><N who="0" m="48455" /><D95/><U58/><E58/><V46/><F46/><W73/><G73/><T92/><D92/><U102/><E68/><V106/><F106/><W13/><G13/><T121/><D121/><U124/><E115/><V81/><F81/><W78/><G78/><T129/><D129/><U1/><E126/><V5/><F5/><W51/><G51/><T16/><D16/><U118/><E127/><V101/><F101/><W33/><G33/><T113/><D113/><U49/><E102/><V117/><F117/><W135/><G135/><T89/><D89/><U123/><E119/><V55/><F55/><W23/><AGARI ba="7,0" hai="23,25,29,41,42,50,52,56,97,98,99" m="16971" machi="23" ten="30,6000,0" yaku="8,1,52,1,54,1" doraHai="18" who="3" fromWho="3" sc="383,-27,84,-27,219,-27,314,81" owari="356,15.6,57,-44.3,192,-20.8,395,49.5" /></mjloggm>