<mjloggm ver="2.3"><GO type="225" lobby="0"/><UN n0="%E6%A1%9C%E8%8A%B1%E9%96%83%E3%80%85" n1="%E3%82%A2%E3%83%A1%E3%82%A2%E3%83%A9%E3%83%AC" n2="%E3%81%8B%E3%82%8F%E3%81%A1%E3%82%83%E3%82%93%35%38" n3="%6D%75%75%73%61%6E%6D%75" dan="16,16,16,17" rate="2228.32,2161.87,2112.66,2183.17" sx="M,M,M,F"/><TAIKYOKU oya="0"/><INIT seed="0,0,0,4,3,22" ten="250,250,250,250" oya="0" hai0="133,86,99,56,27,15,39,118,59,41,29,57,110" hai1="66,36,73,8,11,91,20,78,25,13,71,5,16" hai2="6,107,123,88,63,112,122,38,3,24,68,51,129" hai3="34,4,40,94,45,42,35,69,104,31,82,21,14"/><T93/><D118/><U17/><E36/><V10/><F38/><W92/><G104/><T119/><D119/><U9/><E91/><V85/><F112/><W2/><G69/><T50/><D133/><U18/><E73/><V72/><F72/><W103/><G2/><T124/><D124/><U52/><E78/><V70/><F107/><W28/><G35/><T54/><D110/><U32/><E66/><V75/><F75/><W84/><G34/><T126/><D126/><U67/><E67/><V95/><F129/><W48/><G42/><T130/><D130/><U135/><E71/><V106/><F106/><W64/><G64/><T12/><D86/><U109/><E109/><V23/><F63/><W115/><G115/><T116/><D41/><U101/><E101/><V37/><F37/><W105/><G105/><T33/><D39/><U111/><E111/><V131/><F131/><W132/><G132/><T19/><D116/><U90/><E90/><V108/><F108/><W53/><G53/><T97/><D12/><N who="1" m="5135" /><E135/><V134/><F134/><W79/><G103/><T55/><D93/><N who="3" m="35945" /><G4/><T58/><REACH who="0" step="1"/><D55/><REACH who="0" ten="240,250,250,250" step="2"/><U1/><E52/><V87/><F87/><W83/><G83/><T76/><D76/><U121/><E121/><V26/><F123/><W74/><G74/><T61/><D61/><U80/><E80/><V7/><F122/><W0/><G0/><T47/><D47/><U128/><E128/><V120/><F120/><W102/><G102/><T96/><D96/><U46/><E46/><V44/><F3/><W62/><G62/><T65/><D65/><U49/><E1/><RYUUKYOKU ba="0,1" sc="240,15,250,-15,250,-15,250,15" hai0="15,19,27,29,33,50,54,56,57,58,59,97,99" hai3="14,21,28,31,40,45,48,79,82,84" /><INIT seed="0,1,1,4,4,122" ten="255,235,235,265" oya="0" hai0="89,17,0,44,96,25,102,61,97,57,63,75,103" hai1="54,112,46,120,72,93,100,77,53,45,62,43,90" hai2="23,51,35,130,104,39,20,85,116,24,11,55,30" hai3="135,91,68,40,121,36,107,133,29,10,127,128,94"/><T79/><D0/><U12/><E120/><V106/><F39/><W118/><G121/><T49/><D75/><U111/><E112/><V19/><F130/><W37/><G118/><T99/><D79/><U87/><E100/><N who="0" m="38441" /><D17/><U32/><E32/><V109/><F116/><W113/><G107/><T38/><D38/><U16/><E111/><V21/><F109/><W125/><G113/><T119/><D25/><U52/><E62/><N who="0" m="23561" /><D57/><U117/><E117/><V14/><REACH who="2" step="1"/><F85/><REACH who="2" ten="255,235,225,265" step="2"/><N who="3" m="52591" /><G37/><T7/><D119/><U105/><E105/><V1/><F1/><W33/><G36/><T18/><D7/><U5/><E5/><V42/><F42/><W115/><G128/><T50/><D18/><U26/><E43/><V95/><F95/><W74/><G115/><T13/><D13/><U80/><REACH who="1" step="1"/><E26/><REACH who="1" ten="255,225,225,265" step="2"/><V92/><F92/><W47/><G40/><N who="0" m="24711" /><D50/><U81/><E81/><V114/><F114/><W73/><G133/><T64/><D64/><U48/><E48/><V27/><F27/><W129/><G135/><T76/><D76/><U60/><E60/><V88/><F88/><AGARI ba="1,3" hai="88,89,96,97,99" m="24711,23561,38441" machi="88" ten="30,2900,0" yaku="8,1,54,1" doraHai="122" who="0" fromWho="2" sc="255,62,225,0,225,-32,265,0" /><INIT seed="0,2,0,3,4,95" ten="317,225,193,265" oya="0" hai0="55,76,65,111,82,5,59,89,73,135,61,85,122" hai1="134,117,131,41,15,44,121,10,26,107,86,115,113" hai2="49,68,7,83,3,102,39,118,19,51,71,30,133" hai3="78,16,21,24,36,72,0,50,114,129,120,35,9"/><T116/><D116/><U100/><E117/><V97/><F118/><W12/><G36/><T28/><D122/><U88/><E121/><V103/><F39/><W22/><G120/><T32/><D135/><U132/><E131/><V112/><F112/><N who="1" m="43081" /><E26/><V101/><F133/><N who="1" m="51305" /><E100/><V63/><F30/><W47/><G114/><T53/><D5/><N who="1" m="3535" /><E107/><V48/><F102/><W57/><G129/><T40/><D111/><U43/><E44/><V90/><F103/><W106/><G106/><T98/><D32/><U67/><E67/><V56/><F19/><W18/><G35/><T4/><D28/><U127/><E127/><V84/><F7/><W64/><G0/><T14/><D4/><U109/><E109/><V125/><F125/><W69/><G47/><T87/><D14/><U17/><E17/><V105/><REACH who="2" step="1"/><F3/><REACH who="2" ten="317,225,183,265" step="2"/><W66/><G18/><T128/><D128/><U2/><E2/><V34/><F34/><W58/><G16/><T93/><D73/><U92/><AGARI ba="2,1" hai="41,43,86,88,92" m="3535,51305,43081" machi="92" ten="30,4000,0" yaku="11,1,20,1,54,1" doraHai="95" who="1" fromWho="1" sc="317,-22,225,56,183,-12,265,-12" /><INIT seed="1,0,0,1,2,87" ten="295,281,171,253" oya="1" hai0="22,41,48,63,2,42,62,116,50,99,34,107,134" hai1="53,86,54,43,133,40,98,20,57,12,10,92,55" hai2="70,84,124,115,131,26,130,56,33,49,61,83,81" hai3="72,71,79,8,19,101,90,128,60,110,76,45,117"/><U126/><E126/><V135/><F124/><W111/><G128/><T24/><D34/><U23/><E133/><V132/><F33/><W38/><G72/><T32/><D32/><U52/><E86/><V95/><F26/><W18/><G101/><T65/><D2/><U59/><E59/><V69/><F95/><W29/><G29/><T51/><D116/><U88/><E43/><V11/><F11/><W94/><G117/><T80/><D134/><N who="2" m="51242" /><F84/><N who="3" m="52551" /><G38/><T3/><D3/><U74/><E40/><V118/><F83/><W78/><G45/><T91/><D107/><U85/><E98/><V31/><F31/><W37/><G37/><T21/><D21/><U66/><E66/><N who="2" m="39207" /><F81/><W28/><G28/><N who="0" m="17431" /><D80/><U36/><E36/><V82/><F82/><W6/><G8/><T47/><D41/><U7/><E74/><V35/><F35/><W14/><G14/><T125/><D125/><U113/><E113/><V103/><F103/><W39/><G39/><T89/><D99/><U105/><E105/><V122/><F118/><W114/><G114/><T112/><D112/><U93/><E93/><V100/><F115/><W5/><G19/><T9/><D9/><U27/><E27/><V123/><F100/><W127/><G18/><T13/><D13/><U1/><E1/><V119/><F119/><W64/><G127/><T104/><D104/><U109/><E109/><AGARI ba="0,0" hai="5,6,60,64,71,76,78,79,109,110,111" m="52551" machi="109" ten="30,2000,0" yaku="14,1,52,1" doraHai="87" who="3" fromWho="1" sc="295,0,281,-20,171,0,253,20" /><INIT seed="2,0,0,3,0,99" ten="295,261,171,273" oya="2" hai0="39,26,23,73,100,125,27,66,51,56,89,36,37" hai1="78,14,17,97,19,42,133,118,94,84,32,87,33" hai2="123,16,135,48,113,114,80,72,85,108,11,96,130" hai3="129,116,9,47,67,81,131,0,60,53,7,74,115"/><V106/><F123/><W57/><G116/><T76/><D125/><U64/><E118/><V20/><F130/><N who="3" m="49675" /><G115/><T24/><D89/><U110/><E110/><V103/><F135/><W132/><G132/><T43/><D100/><U2/><E2/><V127/><F127/><W107/><G107/><T112/><D112/><U134/><E64/><V124/><F124/><W102/><G102/><T90/><D90/><U120/><E42/><V109/><F11/><W15/><G74/><T86/><D86/><U62/><E62/><V83/><F48/><N who="3" m="28831" /><G81/><N who="2" m="31305" /><F85/><W34/><G34/><T92/><D92/><U22/><E120/><V126/><F72/><W58/><G0/><T119/><D76/><U44/><E78/><V41/><F41/><W12/><G12/><T6/><D73/><U98/><E94/><V4/><F4/><W77/><G77/><T61/><D6/><U49/><E49/><V29/><F29/><W65/><G65/><T21/><D119/><U91/><E91/><V79/><F79/><W5/><G7/><T82/><D82/><U75/><E75/><V104/><F104/><W71/><AGARI ba="0,0" hai="5,9,15,57,58,60,67,71" m="28831,49675" machi="71" ten="30,1100,0" yaku="19,1" doraHai="99" who="3" fromWho="3" sc="295,-3,261,-3,171,-5,273,11" /><INIT seed="3,0,0,4,5,61" ten="292,258,166,284" oya="3" hai0="89,63,11,47,10,4,18,44,86,59,82,78,66" hai1="75,103,6,64,28,14,55,70,130,50,118,131,13" hai2="17,36,113,53,41,33,45,15,135,116,108,90,87" hai3="132,129,85,1,51,120,40,127,115,69,104,58,97"/><W35/><RYUUKYOKU type="yao9" ba="0,0" sc="292,0,258,0,166,0,284,0" hai3="1,35,40,51,58,69,85,97,104,115,120,127,129,132" /><INIT seed="3,1,0,4,5,83" ten="292,258,166,284" oya="3" hai0="34,57,124,49,110,31,0,123,50,51,134,113,30" hai1="115,61,14,8,105,90,119,18,128,91,107,9,2" hai2="93,100,126,43,94,44,102,46,5,86,101,129,80" hai3="56,64,118,54,132,65,24,60,63,81,28,17,98"/><W29/><G118/><T16/><D123/><U12/><E115/><V68/><F68/><W112/><G112/><T11/><D113/><U36/><E36/><V74/><F74/><W76/><G132/><T39/><D39/><U82/><E2/><V32/><F32/><W133/><G133/><T127/><D134/><U22/><E119/><V109/><F109/><W99/><G17/><T10/><D110/><U116/><E116/><V26/><F126/><N who="0" m="48170" /><D34/><U120/><E120/><V106/><F106/><W48/><G48/><T4/><D57/><U1/><E1/><V62/><F129/><W3/><G3/><N who="0" m="287" /><D16/><U73/><E128/><V77/><F5/><AGARI ba="1,0" hai="0,5,11,30,31,49,50,51" m="287,48170" machi="5" ten="30,1000,0" yaku="18,1" doraHai="83" who="0" fromWho="2" sc="292,13,258,0,166,-13,284,0" owari="305,40.5,258,-14.2,153,-34.7,284,8.4" /></mjloggm>