<mjloggm ver="2.3"><GO type="225" lobby="0"/><UN n0="%72%65%6E%6B%75%6E" n1="%E3%82%A2%E3%83%BC%E3%83%A2%E3%83%AD%E3%83%BC%E3%83%B4%E3%82%A1" n2="%6B%75%7A%75%6E" n3="%E6%A1%9C%E8%8A%B1%E9%96%83%E3%80%85" dan="17,16,17,16" rate="2197.69,2186.98,2193.78,2068.30" sx="M,M,M,M"/><TAIKYOKU oya="0"/><INIT seed="0,0,0,5,1,41" ten="250,250,250,250" oya="0" hai0="34,78,51,108,121,8,68,43,27,117,64,89,13" hai1="55,35,118,15,63,29,45,40,87,107,112,67,26" hai2="98,28,74,62,75,32,71,57,33,128,123,126,109" hai3="104,53,16,79,97,46,56,96,39,18,92,84,124"/><T49/><D117/><U23/><E118/><V91/><F123/><W116/><G116/><T120/><D78/><U2/><E2/><V76/><F126/><W70/><G70/><T130/><D130/><U21/><E107/><V129/><F71/><W36/><G124/><T30/><D108/><U10/><E55/><V54/><F109/><W42/><G36/><T44/><D89/><U52/><E87/><V5/><F5/><W127/><G104/><T101/><D101/><U102/><E102/><V7/><F7/><W100/><G97/><T37/><D49/><U83/><E83/><V60/><F28/><W11/><G11/><T99/><D99/><U90/><E90/><V131/><F62/><W106/><G127/><T20/><D34/><N who="2" m="13418" /><F76/><W65/><G65/><T122/><D37/><U47/><E112/><V61/><F61/><W66/><G66/><T125/><D125/><U113/><E113/><V72/><F72/><W110/><G110/><T25/><D25/><U114/><E114/><V133/><F133/><W115/><G115/><T103/><D103/><U22/><E40/><V38/><F38/><W88/><G79/><T3/><D3/><U85/><E85/><V73/><F73/><W31/><G31/><T58/><D68/><U77/><E77/><V12/><F12/><W6/><G6/><T9/><REACH who="0" step="1"/><D13/><REACH who="0" ten="240,250,250,250" step="2"/><U94/><E35/><V111/><F111/><W86/><G86/><T95/><D95/><AGARI ba="0,1" hai="54,57,60,74,75,91,95,98,128,129,131" m="13418" machi="95" ten="40,1300,0" yaku="19,1" doraHai="41" who="2" fromWho="0" sc="240,-13,250,0,250,23,250,0" /><INIT seed="1,0,0,3,2,69" ten="227,250,273,250" oya="1" hai0="15,95,73,62,74,17,6,30,99,81,102,83,116" hai1="41,28,50,49,29,2,13,120,103,132,31,98,84" hai2="75,93,100,67,110,24,54,79,109,65,18,57,38" hai3="94,121,123,131,23,122,10,106,87,61,134,71,4"/><U88/><E120/><V118/><F118/><W92/><G131/><T51/><D116/><U7/><E2/><V16/><F38/><W117/><G117/><T39/><D39/><U12/><E132/><V114/><F114/><W85/><G106/><T58/><D30/><U3/><E3/><V35/><F79/><W37/><G134/><T91/><D6/><U47/><E7/><V5/><F75/><W70/><G23/><T25/><D25/><U127/><E127/><V14/><F100/><W44/><G92/><T72/><D51/><U68/><E68/><V133/><F93/><W40/><G94/><T52/><REACH who="0" step="1"/><D102/><REACH who="0" ten="217,250,273,250" step="2"/><U9/><E50/><N who="2" m="30935" /><F133/><W107/><G122/><T112/><D112/><U89/><E103/><V115/><F115/><W55/><G123/><T21/><AGARI ba="0,1" hai="15,17,21,52,58,62,72,73,74,81,83,91,95,99" machi="21" ten="30,4000,0" yaku="1,1,0,1,54,1,53,0" doraHai="69" doraHaiUra="22" who="0" fromWho="0" sc="217,50,250,-20,273,-10,250,-10" /><INIT seed="2,0,0,4,3,118" ten="267,230,263,240" oya="2" hai0="66,114,83,122,1,102,115,82,87,105,24,0,47" hai1="94,15,78,22,80,58,7,131,9,72,29,55,34" hai2="108,12,53,100,62,127,88,32,90,98,36,19,56" hai3="2,113,65,60,89,126,3,91,37,123,40,35,116"/><V10/><F127/><W18/><G116/><T134/><D66/><U75/><E131/><V64/><F32/><W63/><G126/><T70/><D70/><U111/><E111/><V6/><F36/><W130/><G130/><T16/><D134/><U95/><E72/><V31/><F108/><W20/><G35/><T67/><D67/><U4/><E34/><V38/><F38/><W128/><G60/><T11/><D122/><U8/><E22/><V76/><F31/><W79/><G79/><T17/><D47/><U54/><E29/><V97/><F76/><W51/><G37/><T33/><D33/><U101/><E101/><V46/><F6/><W124/><G123/><T125/><D87/><U132/><E132/><V50/><REACH who="2" step="1"/><F98/><REACH who="2" ten="267,230,253,240" step="2"/><W25/><G124/><T43/><D24/><U21/><E21/><V117/><F117/><W109/><G109/><T103/><D125/><U96/><E96/><V135/><F135/><W133/><G133/><T74/><D114/><U52/><REACH who="1" step="1"/><E58/><REACH who="1" ten="267,220,253,240" step="2"/><V14/><F14/><AGARI ba="0,2" hai="4,7,8,9,14,15,52,54,55,75,78,80,94,95" machi="14" ten="40,8000,1" yaku="1,1,2,1,9,1,54,1,53,0" doraHai="118" doraHaiUra="59" who="1" fromWho="2" sc="267,0,220,100,253,-80,240,0" /><INIT seed="3,0,0,1,1,46" ten="267,320,173,240" oya="3" hai0="2,58,42,100,127,23,30,33,60,6,118,35,71" hai1="64,131,88,130,62,113,105,25,27,83,20,44,119" hai2="97,15,37,57,22,111,7,117,78,72,61,120,92" hai3="123,114,51,81,8,68,12,73,69,45,59,41,36"/><W49/><G114/><T125/><D71/><U108/><E113/><V13/><F117/><W132/><G123/><T11/><D118/><U126/><E119/><V14/><F111/><W85/><G73/><T77/><D77/><U38/><E105/><V129/><F129/><N who="1" m="49161" /><E108/><V91/><F37/><W63/><G132/><T122/><D122/><U128/><E126/><N who="0" m="48137" /><D42/><N who="1" m="22615" /><E128/><V103/><F120/><W76/><G68/><T55/><D100/><U79/><E88/><V121/><F121/><W29/><G29/><T86/><D86/><N who="1" m="48511" /><E20/><V32/><F32/><W28/><G28/><T116/><D116/><U10/><E10/><V16/><F72/><W134/><G69/><AGARI ba="0,0" hai="25,27,62,64,69" m="48511,22615,49161" machi="69" ten="30,1000,0" yaku="19,1" doraHai="46" who="1" fromWho="3" sc="267,0,320,10,173,0,240,-10" owari="267,6.7,330,43.0,173,-32.7,230,-17.0" /></mjloggm>