<mjloggm ver="2.3"><GO type="225" lobby="0"/><UN n0="%E3%81%82%E3%81%99%E3%81%AB%E3%82%83%E3%82%80" n1="%6A%70%74%77%61%32" n2="%E8%A8%88%E7%AE%97%E6%A9%9F%E8%87%AA%E7%84%B6" n3="%61%69%73%79%6F" dan="16,16,17,17" rate="2032.70,2049.22,2249.85,2170.65" sx="F,M,M,M"/><TAIKYOKU oya="0"/><INIT seed="0,0,0,4,1,122" ten="250,250,250,250" oya="0" hai0="35,45,19,131,90,126,12,119,16,42,52,87,101" hai1="33,123,73,132,127,20,5,68,78,104,118,85,63" hai2="80,129,14,21,7,59,47,117,109,18,79,96,8" hai3="112,74,51,0,49,57,86,9,89,4,25,31,37"/><T44/><D119/><U106/><E118/><V53/><F129/><W24/><G112/><T120/><D35/><U88/><E123/><V64/><F117/><W97/><G37/><T71/><D120/><U110/><E33/><V43/><F64/><W130/><G130/><T99/><D71/><U113/><E113/><V70/><F70/><W111/><G74/><T121/><D121/><U17/><E5/><V128/><F96/><W28/><G97/><T54/><D131/><U133/><E127/><V125/><F125/><W41/><G111/><T102/><D126/><U2/><E2/><V94/><F94/><W13/><G0/><T95/><D102/><U6/><E6/><V67/><F67/><W77/><G77/><T76/><D76/><U115/><E115/><V32/><F32/><W40/><G57/><T39/><D44/><U81/><E68/><V15/><F128/><W36/><G36/><T11/><REACH who="0" step="1"/><D19/><REACH who="0" ten="240,250,250,250" step="2"/><U56/><E17/><V124/><F124/><W60/><G28/><T27/><D27/><U134/><E78/><V105/><F47/><N who="3" m="25831" /><G31/><T98/><D98/><U75/><E134/><V83/><F79/><W65/><G25/><T69/><D69/><U114/><E133/><V62/><F18/><W107/><G24/><T91/><D91/><U48/><E88/><V66/><F7/><W26/><G26/><T61/><D61/><U135/><E63/><V58/><F62/><W23/><G60/><T84/><D84/><U50/><E135/><V103/><F103/><W34/><G34/><T29/><D29/><U100/><E132/><V72/><F72/><RYUUKYOKU ba="0,1" sc="240,30,250,-10,250,-10,250,-10" hai0="11,12,16,39,42,45,52,54,87,90,95,99,101" /><INIT seed="0,1,1,3,3,38" ten="270,240,240,240" oya="0" hai0="80,122,7,79,46,72,12,111,110,113,21,102,94" hai1="114,112,120,78,11,123,97,44,15,60,24,26,130" hai2="10,90,55,116,89,4,71,54,92,65,86,96,35" hai3="63,13,73,84,95,37,128,99,85,134,101,59,30"/><T93/><D113/><N who="1" m="43627" /><E130/><V6/><F35/><W48/><G37/><T64/><D122/><N who="1" m="46635" /><E78/><V75/><F75/><W100/><G134/><T135/><D135/><U53/><E97/><V28/><F28/><W66/><G73/><T62/><D46/><U70/><E70/><V16/><F116/><W29/><G101/><T132/><D132/><U126/><E126/><V98/><F65/><W52/><G128/><T69/><D102/><U106/><E106/><V105/><F71/><W76/><G13/><T91/><D91/><U36/><E60/><V83/><F98/><W45/><G85/><T133/><D133/><U33/><E33/><V18/><F105/><W109/><G109/><N who="0" m="41483" /><D21/><U77/><E77/><V121/><F121/><W131/><G131/><T58/><D69/><U2/><E2/><V127/><F127/><W9/><G9/><AGARI ba="1,1" hai="7,9,12,58,62,64,72,79,80,93,94" m="41483" machi="9" ten="30,2900,0" yaku="14,1,10,1" doraHai="38" who="0" fromWho="3" sc="270,42,240,0,240,0,240,-32" /><INIT seed="0,2,0,4,2,8" ten="312,240,240,208" oya="0" hai0="24,14,134,85,109,36,93,91,43,116,58,30,129" hai1="9,39,119,90,65,46,35,53,50,135,74,15,130" hai2="98,103,10,70,17,125,61,92,45,133,114,40,99" hai3="88,89,51,57,87,110,72,68,7,118,111,127,18"/><T113/><D113/><U96/><E119/><V115/><F125/><W78/><G118/><T12/><D116/><U104/><E135/><V19/><F133/><W42/><G68/><T77/><D134/><U120/><E120/><V22/><F98/><W59/><G127/><T1/><D1/><U37/><E130/><V84/><F84/><W44/><G7/><T6/><D6/><U79/><E35/><V67/><F10/><W48/><G72/><T31/><D129/><U117/><E117/><V80/><F80/><W33/><G33/><T112/><D112/><U26/><E26/><V5/><F17/><W55/><G78/><T64/><D43/><U66/><E79/><V16/><F19/><W34/><G59/><T54/><D36/><U128/><E74/><V124/><F5/><W82/><G34/><T27/><D64/><U105/><E128/><V29/><F29/><N who="0" m="10762" /><D77/><U95/><E65/><V73/><F124/><W122/><G122/><T0/><D0/><U32/><E32/><V52/><F52/><W132/><G132/><T102/><D102/><U11/><E66/><V13/><REACH who="2" step="1"/><F73/><REACH who="2" ten="312,240,230,208" step="2"/><W108/><G18/><T56/><D54/><U25/><E9/><V2/><F2/><W4/><G4/><T62/><D85/><U38/><REACH who="1" step="1"/><E25/><REACH who="1" ten="312,230,230,208" step="2"/><V101/><F101/><W69/><G89/><T20/><D24/><U49/><E49/><AGARI ba="2,2" hai="13,16,22,40,45,49,61,67,70,92,99,103,114,115" machi="49" ten="30,8000,1" yaku="1,1,7,1,52,1,54,1,53,1" doraHai="8" doraHaiUra="60" who="2" fromWho="1" sc="312,0,230,-86,230,106,208,0" /><INIT seed="1,0,0,4,4,41" ten="312,144,336,208" oya="1" hai0="10,33,70,39,53,109,125,103,60,79,89,24,14" hai1="96,63,51,65,20,72,127,122,46,130,42,23,95" hai2="48,44,91,62,30,25,69,59,28,4,36,0,43" hai3="87,55,31,34,118,19,3,131,61,119,82,123,75"/><U45/><E122/><V115/><F115/><W132/><G123/><T116/><D109/><U114/><E114/><V74/><F74/><W9/><G75/><T129/><D39/><U49/><E130/><V94/><F0/><W124/><G132/><T76/><D129/><U5/><E127/><V6/><F69/><W57/><G124/><T17/><D103/><U50/><E72/><V98/><F36/><W126/><G126/><T121/><D116/><N who="3" m="44585" /><G31/><N who="2" m="11817" /><F25/><W88/><G131/><T86/><D33/><U40/><E5/><V110/><F110/><W68/><G68/><T54/><D121/><U104/><E50/><V83/><F83/><W13/><G3/><T77/><D125/><U11/><E11/><V35/><F35/><AGARI ba="0,0" hai="9,13,19,34,35,55,57,61,82,87,88" m="44585" machi="35" ten="30,2000,0" yaku="12,1,54,1" doraHai="41" who="3" fromWho="2" sc="312,0,144,0,336,-20,208,20" /><INIT seed="2,0,0,1,1,40" ten="312,144,316,228" oya="2" hai0="68,94,115,74,118,9,63,39,62,34,64,82,111" hai1="135,95,105,132,76,5,37,127,15,38,24,7,103" hai2="22,78,96,100,66,99,87,89,47,53,26,92,19" hai3="97,52,101,58,6,36,73,33,13,42,49,120,29"/><V14/><F66/><W90/><G120/><T51/><D111/><U3/><E127/><V77/><F96/><W27/><G73/><T109/><D109/><U98/><E3/><V0/><F0/><W41/><G36/><T61/><D39/><U83/><E24/><V85/><F85/><W57/><G90/><T11/><D34/><U75/><E38/><V125/><F125/><W30/><G30/><T65/><D115/><U134/><E37/><V86/><F86/><W72/><G72/><T18/><D118/><U59/><E15/><V2/><F2/><W10/><REACH who="3" step="1"/><G57/><REACH who="3" ten="312,144,316,218" step="2"/><T16/><D74/><U56/><E59/><V32/><F32/><W81/><G81/><T1/><D82/><U110/><E110/><V107/><REACH who="2" step="1"/><F26/><REACH who="2" ten="312,144,306,218" step="2"/><W121/><G121/><T106/><D68/><U48/><E135/><V43/><F43/><W128/><G128/><T102/><D65/><U131/><E131/><V25/><F25/><W28/><G28/><T123/><D64/><U69/><E134/><V46/><F46/><W44/><G44/><T112/><D123/><U20/><E132/><V4/><F4/><W126/><G126/><T55/><D112/><U50/><E5/><V23/><F23/><W35/><G35/><T67/><D67/><U8/><E20/><V113/><F113/><W133/><G133/><T119/><D9/><U21/><E21/><V84/><F84/><W130/><G130/><T80/><D11/><U70/><E8/><V114/><F114/><W108/><G108/><T91/><D80/><N who="1" m="45087" /><E7/><V60/><F60/><W12/><G12/><T71/><D61/><RYUUKYOKU ba="0,2" sc="312,-15,144,-15,306,15,218,15" hai2="14,19,22,47,53,77,78,87,89,92,99,100,107" hai3="6,10,13,27,29,33,41,42,49,52,58,97,101" /><INIT seed="2,1,2,0,5,88" ten="297,129,321,233" oya="2" hai0="40,38,116,85,70,36,19,10,91,45,47,111,3" hai1="107,132,20,110,84,134,25,76,90,39,100,49,37" hai2="34,99,26,92,94,50,23,128,41,81,127,44,14" hai3="52,87,102,6,108,9,122,104,4,103,2,120,131"/><V65/><F128/><W133/><G108/><T124/><D111/><U51/><E110/><V117/><F117/><W72/><G72/><T69/><D116/><U95/><E76/><V82/><F127/><W43/><G131/><T89/><D124/><U73/><E73/><V11/><F34/><W17/><G133/><N who="1" m="51306" /><E100/><N who="3" m="38442" /><G104/><T123/><D123/><U15/><E15/><V48/><F65/><W98/><G43/><T114/><D114/><U74/><E74/><V118/><F48/><N who="1" m="18505" /><E107/><V57/><F57/><W54/><G2/><T58/><D58/><U46/><E46/><V80/><F99/><W1/><G98/><T135/><D135/><U30/><AGARI ba="1,2" hai="20,25,30,37,39,84,90,95" m="18505,51306" machi="30" ten="30,2000,0" yaku="20,1,52,1" doraHai="88" who="1" fromWho="1" sc="297,-6,129,43,321,-11,233,-6" /><INIT seed="3,0,0,1,2,67" ten="291,172,310,227" oya="3" hai0="19,107,132,123,128,78,8,36,76,56,22,90,64" hai1="111,131,86,1,59,55,71,92,79,105,35,69,26" hai2="130,52,134,40,103,73,25,38,31,118,122,113,89" hai3="102,27,100,119,104,29,2,75,13,96,53,14,21"/><W108/><G119/><T28/><D123/><U112/><E112/><V98/><F113/><W46/><G75/><T51/><D36/><U101/><E105/><V82/><F118/><W110/><G2/><T133/><D107/><U5/><E111/><N who="3" m="42538" /><G100/><T115/><D128/><U114/><E114/><V44/><F130/><W18/><G29/><T42/><D28/><U65/><E131/><V91/><F122/><W49/><AGARI ba="0,0" hai="13,14,18,21,27,46,49,53,96,102,104" m="42538" machi="49" ten="30,3000,0" yaku="14,1,10,1" doraHai="67" who="3" fromWho="3" sc="291,-10,172,-10,310,-10,227,30" /><INIT seed="3,1,0,0,3,32" ten="281,162,300,257" oya="3" hai0="54,75,1,118,81,80,71,91,111,51,31,96,133" hai1="132,101,90,52,2,107,70,18,64,135,60,11,56" hai2="10,59,76,77,34,22,23,103,115,106,50,82,63" hai3="4,127,72,104,112,14,58,68,95,45,43,92,62"/><W66/><G112/><T65/><D1/><U108/><E108/><V86/><F34/><W16/><G104/><T46/><D118/><U0/><E90/><N who="2" m="51543" /><F106/><W3/><G72/><T119/><D111/><U100/><E18/><V124/><F124/><W24/><G127/><T109/><D119/><U117/><E117/><V78/><F115/><W129/><G129/><T57/><D109/><U27/><E27/><V33/><F33/><W105/><G105/><T67/><D133/><N who="1" m="51275" /><E11/><V21/><F103/><N who="1" m="39497" /><E107/><V97/><F10/><N who="3" m="4423" /><G3/><T83/><D75/><U8/><E8/><V19/><F50/><AGARI ba="1,0" hai="0,2,50,52,56,60,64,70" m="39497,51275" machi="50" ten="30,7700,0" yaku="20,1,52,2,54,1" doraHai="32" who="1" fromWho="2" sc="281,0,162,80,300,-80,257,0" /><INIT seed="4,0,0,4,3,63" ten="281,242,220,257" oya="0" hai0="7,9,99,17,119,102,122,4,38,110,65,71,12" hai1="116,21,55,22,131,73,88,120,89,30,126,69,27" hai2="58,80,35,53,11,49,0,20,128,114,15,117,26" hai3="104,33,121,50,103,56,129,24,16,127,112,19,113"/><T60/><D119/><U111/><E111/><V54/><F114/><N who="3" m="44139" /><G129/><T118/><D118/><U18/><E116/><V1/><F117/><W59/><G127/><T115/><D115/><U10/><E120/><V106/><F106/><W77/><G77/><T85/><D122/><U81/><E131/><V94/><F128/><W74/><G74/><T47/><D110/><U25/><E126/><V42/><F35/><W2/><G2/><T96/><D96/><U8/><E69/><V107/><F107/><W64/><G50/><T52/><D85/><N who="1" m="50223" /><E73/><V90/><F80/><W75/><G75/><T3/><D3/><U23/><E55/><V97/><F42/><W31/><G59/><T46/><D46/><U66/><E66/><V45/><F58/><W101/><G121/><T13/><D13/><N who="1" m="9423" /><E89/><V87/><F53/><W14/><G104/><T44/><D44/><U43/><E43/><V76/><F76/><W132/><G132/><T84/><D84/><U98/><E98/><V123/><F123/><W70/><G70/><T135/><D135/><U36/><E36/><V93/><F87/><W134/><G134/><T105/><D38/><U40/><E40/><V32/><F93/><W61/><G19/><AGARI ba="0,0" hai="8,10,19,22,23,25,27,30" m="9423,50223" machi="19" ten="30,2000,0" yaku="8,1,54,1" doraHai="63" who="1" fromWho="3" sc="281,0,242,20,220,0,257,-20" /><INIT seed="5,0,0,1,5,43" ten="281,262,220,237" oya="1" hai0="2,23,86,103,9,74,127,59,83,48,60,114,82" hai1="85,73,19,6,120,66,50,3,27,13,76,34,102" hai2="125,131,38,126,101,80,124,97,113,108,31,94,104" hai3="14,39,65,7,79,134,91,64,92,0,118,57,105"/><U98/><E120/><V128/><F38/><W33/><G105/><T132/><D114/><U72/><E3/><V81/><F31/><W26/><G0/><T71/><D71/><U37/><E37/><V40/><F40/><W122/><G122/><T1/><D74/><U46/><E6/><V95/><F108/><W77/><G39/><T63/><D132/><U107/><E66/><V35/><F35/><W15/><G65/><T42/><D127/><U29/><E85/><V115/><F104/><W47/><G47/><N who="0" m="25719" /><D1/><U67/><E67/><V99/><F124/><W70/><G15/><T44/><D44/><U100/><E100/><AGARI ba="0,0" hai="80,81,94,95,97,99,100,101,113,115,125,126,128,131" machi="100" ten="25,8000,1" yaku="22,2,34,3" doraHai="43" who="2" fromWho="1" sc="281,0,262,-80,220,80,237,0" owari="281,8.1,182,-31.8,300,40.0,237,-16.3" /></mjloggm>