<mjloggm ver="2.3"><GO type="225" lobby="0"/><UN n0="%E9%B3%B3%E6%9D%B1%E3%81%AE%E3%81%86%E3%81%95%E3%81%8E%E3%81%95%E3%82%93" n1="%E3%82%82%E3%81%90%E3%82%89" n2="%67%61%79%75%6E%79" n3="%E5%B8%86%E7%AB%8B%E5%A4%8F%E8%A1%A3" dan="16,17,16,16" rate="2247.77,2210.07,2141.60,2083.45" sx="M,M,M,M"/><TAIKYOKU oya="0"/><INIT seed="0,0,0,0,4,44" ten="250,250,250,250" oya="0" hai0="7,110,28,125,86,64,134,58,41,95,8,93,65" hai1="10,85,60,121,89,2,57,117,72,101,32,63,61" hai2="82,114,68,69,107,33,55,29,48,14,35,1,128" hai3="20,112,104,9,39,75,108,129,80,66,130,22,119"/><T50/><D134/><U43/><E117/><V122/><F1/><W45/><G104/><T106/><D106/><U37/><E121/><V5/><F107/><W54/><G119/><T16/><D125/><U88/><E72/><V84/><F122/><W46/><G112/><T42/><D28/><U100/><E32/><V105/><F105/><W47/><G39/><T90/><D110/><U92/><E37/><V102/><F102/><W56/><G66/><N who="0" m="25707" /><D7/><U59/><E43/><N who="0" m="16393" /><D95/><N who="1" m="54671" /><E10/><V40/><F114/><W67/><G9/><T23/><D8/><U77/><E77/><V91/><F35/><W24/><G67/><T131/><D131/><N who="3" m="50185" /><G108/><T27/><D58/><N who="1" m="22027" /><E2/><V73/><F33/><W118/><G118/><T133/><D133/><U17/><E17/><V19/><F19/><N who="3" m="12319" /><G22/><T126/><D126/><U52/><E52/><V51/><F55/><W116/><G116/><T127/><D127/><U103/><E103/><V98/><F128/><W13/><G56/><T71/><D71/><U115/><E115/><V34/><F69/><W4/><G54/><T79/><D79/><U96/><AGARI ba="0,0" hai="60,61,63,89,92,96,100,101" m="22027,54671" machi="96" ten="30,2000,0" yaku="8,1,54,1" doraHai="44" who="1" fromWho="1" sc="250,-10,250,20,250,-5,250,-5" /><INIT seed="1,0,0,1,3,47" ten="240,270,245,245" oya="1" hai0="95,89,135,131,14,7,34,59,18,78,115,130,22" hai1="112,86,41,17,129,116,109,67,25,51,23,87,28" hai2="32,79,5,99,35,104,88,133,58,61,53,39,105" hai3="54,42,110,76,65,13,94,73,134,1,9,123,8"/><U98/><E116/><V66/><F39/><W26/><G123/><T24/><D115/><U71/><E112/><V56/><F133/><W72/><G65/><T40/><D135/><U69/><E129/><N who="0" m="49161" /><D78/><U37/><E37/><V81/><F5/><W83/><G110/><T52/><D40/><U4/><E109/><V126/><F126/><W91/><G134/><T12/><D34/><U107/><E4/><V2/><F2/><W50/><G1/><T36/><D36/><U33/><E23/><V21/><F21/><W68/><G68/><T122/><D7/><U121/><E17/><V57/><F105/><W82/><G42/><T96/><D122/><U6/><E6/><V77/><F77/><W44/><G26/><T90/><D90/><U70/><E67/><V20/><F20/><W64/><G64/><T125/><D125/><U114/><E114/><V38/><F38/><W124/><G124/><T19/><D19/><U27/><E27/><V128/><F128/><W30/><G30/><T63/><AGARI ba="0,0" hai="12,14,18,22,24,52,59,63,89,95,96" m="49161" machi="63" ten="30,4000,0" yaku="25,1,19,1,54,1" doraHai="47" who="0" fromWho="0" sc="240,40,270,-20,245,-10,245,-10" /><INIT seed="2,0,0,0,0,40" ten="280,250,235,235" oya="2" hai0="20,132,90,38,115,49,30,7,129,123,60,116,86" hai1="34,101,85,126,130,2,133,54,42,53,68,110,79" hai2="97,46,92,48,119,4,52,50,36,41,91,32,5" hai3="121,70,135,93,78,43,76,28,31,109,84,51,106"/><V120/><F120/><W105/><G70/><T61/><D38/><U75/><E34/><V3/><F119/><W10/><G121/><T25/><D115/><U134/><E68/><V99/><F32/><W114/><G114/><T55/><D129/><U12/><E2/><V56/><F3/><W37/><G37/><T118/><D132/><N who="1" m="50795" /><E130/><V14/><F36/><W128/><G128/><T104/><D104/><U122/><E122/><V59/><F59/><W71/><G71/><T23/><D7/><N who="2" m="2634" /><F14/><W8/><G109/><T1/><D1/><U125/><E110/><V22/><F22/><W73/><G73/><T9/><D9/><N who="3" m="3689" /><G106/><T13/><D123/><U117/><E12/><V0/><F0/><W124/><G105/><T94/><D118/><U83/><E117/><V6/><N who="2" m="2642" /><V33/><DORA hai="26" /><F33/><W102/><G135/><T95/><D116/><U62/><E75/><V80/><F80/><N who="3" m="47111" /><G78/><T24/><D13/><U69/><E79/><V82/><F82/><W72/><G72/><T35/><D95/><U74/><E83/><V21/><F21/><W113/><G113/><T16/><D35/><U29/><E74/><V18/><F18/><W112/><G112/><T57/><AGARI ba="0,0" hai="16,20,23,24,25,30,49,55,57,60,61,86,90,94" machi="57" ten="20,8000,1" yaku="0,1,7,1,8,1,52,1,54,1" doraHai="40,26" who="0" fromWho="0" sc="280,80,250,-20,235,-40,235,-20" /><INIT seed="3,0,0,4,5,75" ten="360,230,195,215" oya="3" hai0="122,128,133,131,28,31,89,108,35,52,114,51,97" hai1="84,121,25,71,36,125,6,78,104,0,77,12,74" hai2="82,19,8,61,135,1,116,54,110,18,24,59,26" hai3="21,94,38,79,3,63,111,48,96,101,117,7,16"/><W113/><G117/><T112/><D108/><U29/><E121/><V106/><F116/><W126/><G38/><T62/><D62/><U98/><E74/><V34/><F110/><W115/><G111/><T76/><D76/><U65/><E36/><V15/><F106/><W45/><G126/><T105/><D122/><U87/><E0/><V53/><F135/><W50/><G3/><T4/><D4/><U90/><E87/><V100/><F100/><W83/><G7/><T70/><D70/><U129/><E12/><V37/><F37/><W27/><G63/><T123/><D123/><U119/><E6/><V73/><F1/><W47/><G47/><N who="0" m="27775" /><D133/><U9/><E9/><V10/><F34/><W30/><G50/><T33/><D28/><U49/><E49/><V14/><F54/><W56/><G30/><T107/><D107/><U68/><E68/><V39/><F39/><W2/><G2/><T67/><D67/><U22/><E125/><V58/><F58/><W102/><G56/><T124/><D124/><U127/><E119/><V92/><F92/><W91/><G115/><N who="0" m="44075" /><D105/><U43/><E65/><V23/><F23/><W66/><G66/><T11/><D11/><U69/><E71/><V17/><F17/><W95/><G113/><T40/><D40/><U44/><E69/><V5/><F5/><W80/><G48/><T99/><D33/><U85/><E43/><V134/><F134/><W64/><G64/><T93/><D35/><U32/><E127/><V42/><F42/><W86/><G45/><T118/><D118/><U72/><E44/><V46/><F46/><RYUUKYOKU ba="0,0" sc="360,-10,230,-10,195,30,215,-10" hai2="8,10,14,15,18,19,24,26,53,59,61,73,82" owari="350,45.0,220,-18.0,225,2.5,205,-29.5" /></mjloggm>