<mjloggm ver="2.3"><GO type="225" lobby="0"/><UN n0="%E3%81%B5%E3%81%98%E3%81%8B%E3%81%A4" n1="%28%EF%BF%A3%E2%96%BD%EF%BF%A3%29%CE%B4%E2%8C%92%E3%83%BB" n2="%E5%A4%9C%E5%85%89%E5%A4%A9%E6%A5%BC" n3="%E5%A4%9C%E3%81%AE%E3%82%AC%E3%82%B9%E3%83%91%E3%83%BC%E3%83%AB" dan="16,16,17,17" rate="2159.30,2086.32,2182.37,2216.36" sx="M,M,M,M"/><TAIKYOKU oya="0"/><INIT seed="0,0,0,1,1,7" ten="250,250,250,250" oya="0" hai0="128,5,121,33,31,63,83,94,119,40,45,28,2" hai1="56,19,97,109,42,106,101,51,25,108,114,124,110" hai2="102,112,71,55,35,98,16,76,14,78,6,120,132" hai3="46,113,129,123,118,54,20,62,15,1,24,38,104"/><T53/><D121/><U3/><E124/><V135/><F120/><W87/><G123/><T22/><D119/><U44/><E114/><V125/><F112/><W30/><G1/><T49/><D128/><U57/><E3/><V100/><F125/><W13/><G113/><T84/><D33/><U115/><E115/><V75/><F35/><W92/><G129/><T60/><D94/><U59/><E25/><V103/><F6/><W50/><G104/><T82/><D82/><U67/><REACH who="1" step="1"/><E19/><REACH who="1" ten="250,240,250,250" step="2"/><V41/><F16/><W130/><G130/><T29/><D2/><U64/><AGARI ba="0,1" hai="42,44,51,56,57,59,64,67,97,101,106,108,109,110" machi="64" ten="40,8000,1" yaku="1,1,2,1,0,1,14,1,53,0" doraHai="7" doraHaiUra="17" who="1" fromWho="1" sc="250,-40,240,90,250,-20,250,-20" /><INIT seed="1,0,0,5,2,103" ten="210,330,230,230" oya="1" hai0="104,95,116,125,19,65,105,2,50,23,73,58,62" hai1="115,100,113,42,76,7,14,9,27,106,128,93,5" hai2="118,12,40,21,66,134,60,123,67,68,78,124,35" hai3="94,91,90,29,86,39,89,52,88,24,97,84,71"/><U96/><E128/><V126/><F118/><W33/><G71/><T72/><D116/><U47/><E5/><V135/><F35/><W109/><G109/><T132/><D2/><U122/><E122/><V110/><F78/><W59/><REACH who="3" step="1"/><G39/><REACH who="3" ten="210,330,230,220" step="2"/><T133/><D125/><N who="2" m="48234" /><F110/><W28/><G28/><T53/><D95/><U3/><E93/><V107/><F107/><N who="0" m="41034" /><D19/><U0/><E115/><V55/><F68/><W15/><G15/><T32/><D32/><U80/><E113/><V56/><F123/><W49/><AGARI ba="0,1" hai="24,29,33,49,52,59,84,86,88,89,90,91,94,97" machi="49" ten="30,7900,0" yaku="1,1,0,1,54,2,53,0" doraHai="103" doraHaiUra="121" who="3" fromWho="3" sc="210,-20,330,-39,230,-20,220,89" /><INIT seed="2,0,0,2,2,59" ten="190,291,210,309" oya="2" hai0="5,101,33,4,41,126,111,70,54,75,52,47,123" hai1="23,13,20,31,19,7,96,97,28,81,11,38,109" hai2="21,9,3,124,88,10,131,37,76,127,65,112,135" hai3="12,66,36,0,32,17,44,87,78,122,113,104,117"/><V125/><F37/><W128/><G117/><T24/><D123/><U94/><E38/><V133/><F76/><W132/><G122/><T43/><D75/><U68/><E68/><V63/><F112/><W134/><G0/><T45/><D70/><U115/><E115/><V51/><F131/><W25/><G104/><T71/><D71/><U58/><E109/><V110/><F110/><W34/><G113/><T50/><D111/><U40/><E40/><V106/><F106/><W55/><G128/><T130/><D130/><U91/><E97/><V8/><F51/><N who="3" m="29159" /><G25/><T100/><D33/><U93/><E93/><V86/><F21/><W48/><G36/><T64/><D24/><U53/><E81/><N who="2" m="49231" /><F3/><W116/><G48/><T129/><D129/><U14/><REACH who="1" step="1"/><E23/><REACH who="1" ten="190,281,210,309" step="2"/><V82/><F82/><N who="3" m="47575" /><G116/><T105/><D105/><U107/><E107/><V99/><F99/><W92/><G92/><T80/><D80/><U84/><E84/><V118/><F118/><W30/><G34/><T90/><D90/><U103/><E103/><V46/><F46/><W69/><G32/><T57/><D47/><U120/><E120/><V42/><F42/><W95/><G95/><T74/><D43/><U29/><E29/><V26/><F127/><W121/><G30/><T62/><D126/><U6/><E6/><N who="0" m="2665" /><D74/><U18/><E18/><V67/><F125/><W89/><G121/><T27/><D27/><U98/><E98/><V77/><F26/><W114/><G114/><T79/><D79/><U72/><E72/><V49/><F77/><W22/><G89/><T83/><D83/><U73/><E73/><RYUUKYOKU ba="0,1" sc="190,10,281,10,210,-30,309,10" hai0="41,45,50,52,54,57,62,64,100,101" hai1="7,11,13,14,19,20,28,31,53,58,91,94,96" hai3="12,17,22,66,69,132,134" /><INIT seed="3,1,1,2,0,56" ten="200,291,180,319" oya="3" hai0="131,57,51,86,53,11,6,24,91,122,121,82,81" hai1="88,101,120,36,16,124,110,115,70,72,128,9,23" hai2="132,76,2,85,37,123,111,45,78,106,90,94,113" hai3="93,108,95,33,134,21,48,38,42,77,54,55,25"/><W116/><G116/><T100/><D131/><U40/><E72/><V22/><F2/><W127/><G33/><T129/><D129/><U43/><E128/><V62/><F113/><W20/><G108/><T13/><D100/><U69/><E110/><V130/><F111/><W97/><G127/><T49/><D82/><U8/><E120/><V34/><F34/><W50/><G38/><T0/><D0/><U98/><E115/><V60/><F130/><W46/><G134/><T74/><D74/><U89/><E124/><V35/><F35/><W7/><G7/><T135/><D135/><U80/><E69/><V109/><F109/><W26/><G77/><N who="2" m="29801" /><F106/><W39/><G39/><T66/><D66/><U28/><E70/><V58/><F132/><W12/><G42/><N who="1" m="15914" /><E28/><V103/><F37/><W32/><G32/><T5/><D5/><U125/><E125/><V75/><F75/><W87/><G87/><T64/><D64/><U31/><E31/><V47/><F123/><W10/><G97/><T68/><D68/><U99/><E36/><V27/><F103/><W30/><G30/><T92/><D122/><U96/><E101/><V117/><F117/><W73/><G73/><T17/><D121/><U1/><E1/><V18/><F62/><W29/><G29/><T44/><D81/><U119/><E119/><V15/><F27/><W118/><G26/><T19/><D24/><N who="1" m="14439" /><E89/><V102/><F102/><W67/><G118/><T4/><D6/><U3/><E3/><V63/><F63/><W41/><G25/><T14/><D14/><U112/><E112/><V79/><F79/><RYUUKYOKU ba="1,1" sc="200,10,291,10,180,10,319,-30" hai0="4,11,13,17,19,44,49,51,53,57,86,91,92" hai1="8,9,80,88,96,98,99" hai2="15,18,22,45,47,58,60,85,90,94" owari="210,-19.0,311,41.1,190,-31.0,289,8.9" /></mjloggm>