<mjloggm ver="2.3"><GO type="225" lobby="0"/><UN n0="%E3%81%AF%E3%82%88%E3%81%8A%E3%81%98%E3%81%95%E3%82%93" n1="%73%6C%69%63%6B%33%31%39" n2="%6D%75%75%6D%75%72%61" n3="%E3%81%B7%E3%82%8A%E3%82%93%E8%81%96%E4%BA%BA" dan="16,16,17,16" rate="2143.57,2168.84,2185.43,2080.13" sx="M,M,F,M"/><TAIKYOKU oya="0"/><INIT seed="0,0,0,2,4,23" ten="250,250,250,250" oya="0" hai0="37,39,13,2,99,122,19,104,66,80,15,133,110" hai1="57,88,97,72,53,86,65,38,68,43,114,56,70" hai2="61,134,135,46,109,127,18,85,101,119,87,35,117" hai3="81,77,16,111,7,93,100,54,22,41,52,31,130"/><T9/><D2/><U30/><E72/><V75/><F75/><W107/><G107/><T96/><D122/><U27/><E114/><V3/><F3/><W50/><G7/><T102/><D133/><N who="2" m="50698" /><F109/><W32/><G32/><T105/><D110/><U59/><E97/><V125/><F35/><W123/><G31/><T10/><D66/><U129/><E129/><V17/><F61/><W120/><G130/><T60/><D60/><U131/><E131/><V29/><F46/><N who="3" m="25935" /><G111/><T21/><D80/><U0/><E0/><V116/><F101/><W40/><G40/><T82/><D82/><U69/><E65/><V36/><F29/><W91/><G100/><T47/><D47/><U64/><E64/><V90/><F36/><W25/><G120/><T6/><D21/><U113/><E113/><V126/><F90/><W71/><G71/><T24/><D24/><U42/><E53/><V8/><F8/><W83/><G123/><T12/><D13/><U98/><E38/><V78/><F78/><W11/><G11/><T89/><REACH who="0" step="1"/><D104/><REACH who="0" ten="240,250,250,250" step="2"/><U58/><N who="1" m="14336" /><DORA hai="115" /><U4/><E27/><V44/><F44/><W26/><G26/><T34/><D34/><U51/><E30/><V67/><F67/><W84/><G83/><T74/><D74/><U132/><E132/><V5/><F5/><W76/><G76/><T128/><D128/><U55/><E4/><V49/><F49/><W108/><G108/><T48/><D48/><U121/><E121/><V118/><N who="2" m="29696" /><DORA hai="45" /><V112/><F112/><W106/><G106/><T73/><D73/><U28/><E51/><V20/><F20/><RYUUKYOKU ba="0,1" sc="240,10,250,-30,250,10,250,10" hai0="6,9,10,12,15,19,37,39,89,96,99,102,105" hai2="17,18,85,87,125,126,127" hai3="16,22,25,52,54,77,81,84,91,93" /><INIT seed="0,1,1,4,0,99" ten="250,220,260,260" oya="0" hai0="118,111,21,9,18,41,94,46,72,73,83,53,131" hai1="85,30,76,65,104,81,8,50,31,116,133,134,105" hai2="15,112,78,7,108,54,45,98,80,88,89,124,24" hai3="39,117,17,36,60,51,43,67,25,49,11,42,0"/><T106/><D106/><N who="1" m="41067" /><E116/><V130/><F112/><W66/><G25/><T69/><D69/><U62/><E50/><N who="3" m="18954" /><G17/><T56/><D118/><U90/><E8/><V128/><F108/><W61/><G11/><T70/><D70/><U6/><E6/><V107/><F124/><W34/><G0/><T74/><D111/><U113/><E90/><V79/><F24/><W95/><G95/><T59/><D131/><N who="2" m="50218" /><F54/><W86/><G86/><T123/><D123/><U37/><E37/><N who="3" m="14410" /><G34/><T135/><D83/><U122/><E122/><V110/><F45/><W103/><G103/><T77/><D77/><N who="2" m="29194" /><F110/><W58/><G117/><T33/><D46/><U84/><E113/><V57/><F80/><W48/><N who="3" m="18962" /><W96/><DORA hai="23" /><G96/><T26/><D74/><U35/><E84/><V82/><F82/><W126/><G126/><T32/><D73/><U115/><E115/><V13/><F7/><W19/><G19/><T93/><D72/><U102/><E102/><N who="2" m="62935" /><F15/><W40/><G40/><T10/><D41/><U2/><E2/><V4/><F4/><W121/><G121/><T97/><D32/><U100/><E100/><V52/><F13/><W64/><G64/><T28/><D33/><U101/><E101/><V3/><F3/><W22/><G22/><T125/><D125/><U63/><E65/><V132/><F132/><N who="1" m="50793" /><E35/><V119/><F119/><W20/><G20/><N who="0" m="15431" /><D135/><U114/><E114/><V29/><F29/><AGARI ba="1,1" hai="29,30,31,62,63,76,81,85" m="50793,41067" machi="29" ten="30,1000,0" yaku="20,1" doraHai="99,23" who="1" fromWho="2" sc="250,0,220,23,260,-13,260,0" /><INIT seed="1,0,0,2,0,16" ten="250,243,247,260" oya="1" hai0="48,57,78,97,102,110,91,36,128,67,113,106,37" hai1="114,62,115,122,131,50,103,69,15,8,20,49,38" hai2="77,0,10,130,86,75,72,59,108,22,26,42,105" hai3="120,61,43,1,118,94,71,90,65,73,31,101,87"/><U41/><E122/><V74/><F105/><W99/><G1/><T93/><D113/><U70/><E103/><V21/><F108/><W58/><G118/><T124/><D110/><U116/><E116/><V45/><F130/><W7/><G73/><T47/><D124/><U119/><E119/><V126/><F126/><W52/><G43/><T125/><D78/><U30/><E131/><V81/><F59/><W34/><G7/><T104/><D125/><U64/><E69/><V5/><REACH who="2" step="1"/><F26/><REACH who="2" ten="250,243,237,260" step="2"/><W96/><G120/><T23/><D106/><U66/><E70/><V68/><F68/><W39/><G39/><AGARI ba="0,1" hai="0,5,10,21,22,39,42,45,72,74,75,77,81,86" machi="39" ten="40,5200,0" yaku="1,1,52,2,53,0" doraHai="16" doraHaiUra="112" who="2" fromWho="3" sc="250,0,243,0,237,62,260,-52" /><INIT seed="2,0,0,4,5,22" ten="250,243,299,208" oya="2" hai0="49,44,108,35,33,63,39,90,109,133,115,72,0" hai1="113,51,43,107,110,23,126,67,134,101,120,85,128" hai2="127,80,103,98,82,102,15,117,75,29,129,5,9" hai3="84,42,89,36,27,119,46,91,4,125,2,83,47"/><V87/><F117/><W71/><G119/><T104/><D115/><U8/><E113/><V105/><F127/><W73/><G71/><T40/><D0/><U58/><E107/><V68/><F129/><W93/><G47/><T20/><D72/><U106/><E106/><V116/><F116/><W131/><G131/><T19/><D104/><U66/><E101/><V62/><F102/><W60/><G60/><T130/><D130/><U64/><E8/><V79/><F29/><W69/><G69/><T81/><D133/><U13/><E13/><V118/><F118/><W76/><G89/><T53/><D63/><U77/><E23/><V6/><F62/><W135/><G135/><T100/><D100/><U10/><E10/><V41/><F41/><W121/><G121/><T48/><D81/><U88/><E77/><V95/><F68/><W50/><G50/><N who="0" m="19563" /><D53/><U124/><E120/><V28/><F28/><W7/><G125/><T26/><D90/><U59/><E134/><V30/><F30/><W34/><G34/><T12/><D12/><U16/><E128/><V21/><F105/><W1/><G1/><T70/><D70/><U38/><E38/><V111/><F75/><W97/><G2/><T14/><D14/><U132/><E132/><V52/><F80/><W61/><G61/><T45/><D44/><N who="1" m="26015" /><E126/><V11/><F103/><W17/><G73/><T32/><D45/><U86/><E124/><V31/><F79/><W56/><G56/><N who="1" m="21546" /><E88/><V37/><F37/><W96/><G96/><T18/><D18/><U112/><E112/><V99/><F99/><W3/><G3/><RYUUKYOKU ba="0,0" sc="250,15,243,-15,299,-15,208,15" hai0="19,20,26,32,33,35,39,40,108,109" hai3="4,7,17,27,36,42,46,76,83,84,91,93,97" /><INIT seed="3,1,0,0,3,44" ten="265,228,284,223" oya="3" hai0="84,83,99,12,90,95,0,11,56,10,2,60,113" hai1="19,48,134,34,31,102,82,94,6,108,4,70,92" hai2="135,61,104,68,36,64,75,38,133,54,25,132,15" hai3="7,125,73,30,129,86,45,65,14,1,126,93,40"/><W47/><G1/><T16/><D113/><U55/><E70/><V107/><F75/><W43/><G73/><T58/><D58/><U114/><E114/><V39/><F15/><W109/><G65/><T112/><D112/><U116/><E108/><V79/><F79/><W27/><G109/><T13/><D56/><U81/><E34/><V118/><F118/><W80/><G93/><T121/><D60/><U124/><E31/><V88/><F25/><W51/><G129/><T22/><D121/><U115/><E115/><V21/><F21/><W128/><G128/><T20/><D0/><U9/><E134/><V71/><F71/><W85/><G14/><T123/><D2/><U77/><E124/><N who="3" m="47722" /><G7/><N who="1" m="2602" /><E77/><V35/><F35/><N who="3" m="20959" /><G80/><N who="1" m="30826" /><E102/><V49/><F88/><W37/><AGARI ba="1,0" hai="37,40,43,45,47,51,85,86" m="20959,47722" machi="37" ten="30,3000,0" yaku="18,1,52,1" doraHai="44" who="3" fromWho="3" sc="265,-11,228,-11,284,-11,223,33" /><INIT seed="3,2,0,0,1,53" ten="254,217,273,256" oya="3" hai0="122,111,55,92,66,42,89,34,9,123,24,129,14" hai1="59,101,15,20,126,133,26,69,50,19,1,112,83" hai2="79,102,6,30,93,29,28,99,25,90,74,88,108" hai3="85,27,60,57,127,12,40,4,131,134,31,91,36"/><W117/><G117/><T70/><D111/><U61/><E112/><V76/><F108/><W86/><G36/><T18/><D129/><U110/><E110/><V135/><F135/><W119/><G119/><T106/><D106/><U87/><E1/><V8/><F25/><W3/><G3/><T71/><D42/><U10/><E126/><V116/><F116/><W5/><G40/><T23/><D34/><U81/><E133/><V113/><F113/><W130/><G134/><T100/><D100/><U118/><E118/><V82/><REACH who="2" step="1"/><F76/><REACH who="2" ten="254,217,263,256" step="2"/><W17/><G130/><T45/><D24/><U0/><E69/><V49/><F49/><W73/><G131/><T104/><D70/><U115/><E115/><V109/><F109/><W48/><G48/><T114/><D71/><U39/><E39/><V125/><F125/><W98/><G127/><T107/><D114/><U96/><E50/><V58/><F58/><W105/><G27/><T11/><D122/><U97/><E0/><AGARI ba="2,1" hai="0,6,8,28,29,30,74,79,82,88,90,93,99,102" machi="0" ten="40,2600,0" yaku="1,1,54,1,53,0" doraHai="53" doraHaiUra="56" who="2" fromWho="1" sc="254,0,217,-32,263,42,256,0" owari="254,-14.6,185,-31.5,305,40.5,256,5.6" /></mjloggm>