<mjloggm ver="2.3"><GO type="225" lobby="0"/><UN n0="%E3%81%86%E3%82%8C%E3%81%9F%E3%82%93%E6%9E%95" n1="%E3%81%95%E3%81%8D%E3%81%9F%E3%81%BE%E6%9E%97%E6%AA%8E" n2="%E5%B8%86%E7%AB%8B%E5%A4%8F%E8%A1%A3" n3="%33%74%72%65%65" dan="16,16,17,17" rate="2163.85,2151.95,2154.09,2217.12" sx="F,M,M,F"/><TAIKYOKU oya="0"/><INIT seed="0,0,0,4,1,35" ten="250,250,250,250" oya="0" hai0="59,13,42,102,49,112,39,58,124,29,32,17,118" hai1="60,72,25,0,130,125,73,55,51,6,38,99,46" hai2="47,9,4,62,19,28,65,12,117,90,100,134,36" hai3="113,86,64,123,40,79,106,18,2,77,15,76,26"/><T80/><D112/><U22/><E38/><V104/><F134/><W50/><G113/><T129/><D118/><U84/><E130/><V111/><F111/><W128/><G128/><T74/><D124/><U103/><E125/><V7/><F117/><W56/><G106/><T37/><D102/><U27/><E84/><V30/><F104/><W67/><G123/><T83/><D129/><U41/><E27/><V91/><F100/><W135/><G135/><T70/><D70/><U71/><E6/><N who="2" m="2091" /><F47/><N who="3" m="25959" /><G2/><T97/><D58/><U132/><E0/><V53/><F65/><N who="3" m="25163" /><G56/><T45/><D59/><U14/><E132/><V23/><F36/><W3/><G3/><T110/><D37/><U81/><E71/><V95/><F62/><W121/><G121/><T133/><D39/><U75/><E60/><V63/><F63/><W116/><G116/><T114/><D110/><U94/><E14/><N who="2" m="7631" /><F53/><W115/><G115/><T78/><D114/><U89/><E55/><V1/><F1/><W88/><G26/><N who="0" m="18487" /><D133/><U34/><E34/><V107/><F107/><W122/><G122/><T54/><D54/><U119/><E119/><V68/><F68/><W11/><G77/><T101/><D78/><U16/><REACH who="1" step="1"/><E103/><REACH who="1" ten="250,240,250,250" step="2"/><V105/><F91/><W61/><G61/><T120/><D74/><U57/><E57/><V43/><F43/><W66/><G66/><T98/><D120/><U33/><E33/><V92/><F90/><W131/><G131/><T24/><D24/><U126/><E126/><V10/><F12/><W20/><G11/><N who="0" m="6335" /><D101/><U96/><E96/><V21/><F30/><W69/><G69/><RYUUKYOKU ba="0,1" sc="250,10,240,10,250,-30,250,10" hai0="42,45,49,80,83,97,98" hai1="16,22,25,41,46,51,72,73,75,81,89,94,99" hai3="15,18,20,76,79,86,88" /><INIT seed="0,1,1,5,5,29" ten="260,250,220,260" oya="0" hai0="2,82,35,83,98,117,61,133,86,88,118,39,1" hai1="77,114,121,37,33,22,64,30,16,20,0,81,63" hai2="131,119,47,84,51,5,112,123,12,49,102,19,72" hai3="56,17,127,96,71,78,7,26,54,116,76,57,21"/><T126/><D39/><U14/><E121/><V97/><F72/><W13/><G116/><T95/><D35/><U48/><E114/><V100/><F112/><W42/><G71/><T94/><D133/><U25/><E37/><V103/><F131/><W62/><G127/><T60/><D126/><U91/><E0/><V87/><F123/><W46/><G96/><T11/><D117/><U128/><E128/><V74/><F74/><W23/><G56/><T69/><D118/><U125/><E125/><V55/><F5/><W66/><G66/><T53/><D61/><U9/><E91/><V32/><F32/><W41/><G7/><T79/><D11/><U85/><E48/><V132/><F132/><W10/><G10/><T109/><D109/><U44/><E44/><N who="2" m="28071" /><F97/><W73/><G73/><T115/><D115/><U43/><E43/><N who="3" m="16394" /><G46/><T59/><D69/><AGARI ba="1,1" hai="9,14,16,20,22,25,30,33,63,64,69,77,81,85" machi="69" ten="30,3900,0" yaku="7,1,52,1,54,1" doraHai="29" who="1" fromWho="0" sc="260,-42,250,52,220,0,260,0" /><INIT seed="1,0,0,0,2,56" ten="218,302,220,260" oya="1" hai0="69,86,126,18,94,109,27,3,128,24,50,12,60" hai1="97,51,41,125,91,100,47,98,10,124,57,83,33" hai2="89,78,61,84,112,43,104,22,102,25,116,85,17" hai3="59,77,11,20,73,133,46,32,115,117,71,7,103"/><U79/><E33/><V113/><F116/><W118/><G115/><N who="2" m="44105" /><F43/><W42/><G71/><T9/><D109/><U107/><E10/><V1/><F1/><N who="3" m="495" /><G32/><T87/><D128/><U105/><E57/><V48/><F48/><W75/><G20/><T28/><D126/><U82/><E79/><V74/><F104/><W16/><G16/><T119/><D119/><N who="3" m="45577" /><G133/><T68/><D3/><U53/><E41/><V114/><N who="2" m="44113" /><V8/><DORA hai="111" /><F8/><W88/><G103/><T96/><D27/><U70/><E70/><V101/><F61/><W58/><G88/><T131/><D131/><U49/><E49/><V62/><F62/><W39/><G77/><T14/><D69/><U55/><E91/><V29/><F17/><W66/><G66/><T6/><D68/><U4/><E4/><V120/><F120/><W40/><G40/><T64/><D64/><U54/><E54/><V21/><F21/><W13/><G42/><T30/><D60/><U45/><E51/><V67/><F67/><W135/><G46/><T26/><D50/><U38/><E38/><V106/><F106/><W127/><G39/><T37/><D37/><U108/><E108/><V93/><F74/><W134/><G73/><T44/><D30/><U123/><E123/><V81/><AGARI ba="0,0" hai="22,25,29,78,81,84,85,89,93,101,102" m="44113" machi="81" ten="40,8000,1" yaku="11,1,52,4" doraHai="56,111" who="2" fromWho="2" sc="218,-20,302,-40,220,80,260,-20" /><INIT seed="2,0,0,2,0,30" ten="198,262,300,240" oya="2" hai0="73,13,121,130,5,70,88,125,90,114,17,134,49" hai1="84,8,113,45,60,61,69,78,55,115,117,129,34" hai2="10,116,119,100,68,16,54,52,22,51,76,105,102" hai3="94,43,135,111,80,18,87,2,82,93,133,36,42"/><V35/><F68/><W110/><G2/><T123/><D49/><U64/><E117/><V95/><F105/><W96/><G18/><T79/><D70/><U56/><E129/><V98/><F35/><W63/><G63/><T58/><D58/><U1/><E34/><V109/><F109/><N who="3" m="41483" /><G36/><T112/><D5/><U83/><E45/><V20/><F76/><N who="3" m="46471" /><G43/><T124/><D17/><U65/><E1/><V118/><F102/><N who="3" m="60687" /><G42/><T107/><D13/><U24/><E8/><V71/><F71/><W104/><G104/><T67/><D67/><U38/><E38/><V99/><F99/><W27/><G27/><T32/><D32/><U59/><E24/><V48/><F48/><AGARI ba="0,0" hai="48,55,56,59,60,61,64,65,69,78,83,84,113,115" machi="48" ten="30,1000,0" yaku="7,1" doraHai="30" who="1" fromWho="2" sc="198,0,262,10,300,-10,240,0" /><INIT seed="3,0,0,3,3,67" ten="198,272,290,240" oya="3" hai0="21,105,12,74,66,72,32,119,58,101,29,117,2" hai1="33,10,135,5,125,9,39,128,124,60,28,107,18" hai2="17,102,82,16,110,87,40,133,116,59,100,4,52" hai3="96,114,46,8,75,68,22,62,108,76,30,78,90"/><W122/><G114/><T44/><D2/><U3/><E107/><V130/><F110/><W61/><G122/><T56/><D32/><U77/><E77/><N who="3" m="29802" /><G68/><T121/><D121/><U115/><E39/><V54/><F133/><W47/><G75/><T1/><D1/><U126/><E60/><N who="3" m="23146" /><G8/><T104/><D66/><U23/><E115/><V80/><F130/><W13/><G108/><T106/><D101/><N who="2" m="39018" /><F116/><W91/><G13/><T113/><D113/><U83/><E83/><N who="2" m="31787" /><F87/><W70/><G70/><T15/><D106/><U86/><E86/><V55/><F4/><W103/><G103/><T19/><D44/><N who="3" m="16937" /><G96/><T111/><D111/><U51/><E135/><V26/><F40/><W99/><G99/><T27/><D27/><AGARI ba="0,0" hai="22,27,30,90,91" m="16937,23146,29802" machi="27" ten="30,1500,0" yaku="8,1" doraHai="67" who="3" fromWho="0" sc="198,-15,272,0,290,0,240,15" /><INIT seed="3,1,0,5,0,129" ten="183,272,290,255" oya="3" hai0="23,99,131,94,122,72,47,12,7,35,81,38,74" hai1="75,56,118,86,97,107,125,73,54,113,50,76,57" hai2="79,82,27,70,61,66,114,31,85,1,121,2,45" hai3="46,32,120,10,101,59,93,24,11,36,6,3,134"/><W123/><G134/><T132/><D131/><U69/><E113/><V64/><F114/><W53/><G11/><T84/><D122/><U108/><E108/><V68/><F121/><W40/><G101/><T14/><D35/><U104/><E69/><V67/><F45/><W106/><G106/><T98/><D98/><U109/><E109/><V58/><F58/><W34/><G93/><T119/><D119/><U16/><E125/><V115/><F115/><W63/><REACH who="3" step="1"/><G34/><REACH who="3" ten="183,272,290,245" step="2"/><T28/><D132/><U89/><E107/><V102/><F102/><W128/><G128/><T42/><D7/><U116/><E104/><V9/><F9/><W65/><G65/><T127/><D127/><U135/><E135/><V92/><F66/><W95/><G95/><T4/><D4/><U29/><E116/><V133/><F133/><W77/><G77/><T110/><D110/><U20/><E118/><V44/><F92/><W100/><G100/><T111/><D111/><U78/><E78/><V88/><F79/><W49/><G49/><T26/><D94/><U90/><E50/><V5/><F5/><W8/><G8/><T124/><D124/><U33/><E76/><V19/><F67/><W62/><G62/><T51/><D99/><U0/><E33/><N who="2" m="20735" /><F70/><W48/><G48/><T126/><D126/><U130/><E97/><V80/><F80/><W17/><G17/><T15/><REACH who="0" step="1"/><D51/><REACH who="0" ten="173,272,290,245" step="2"/><U52/><E130/><V117/><F117/><W105/><G105/><T37/><D37/><U112/><E112/><V71/><F71/><W41/><G41/><T22/><D22/><U21/><E20/><RYUUKYOKU ba="1,2" sc="173,15,272,-15,290,-15,245,15" hai0="12,14,15,23,26,28,38,42,47,72,74,81,84" hai3="3,6,10,24,32,36,40,46,53,59,63,120,123" /><INIT seed="3,2,2,4,4,16" ten="188,257,275,260" oya="3" hai0="89,85,111,78,12,55,118,36,101,15,123,43,97" hai1="127,0,5,115,37,70,103,134,20,1,46,34,26" hai2="65,31,74,132,44,113,75,108,102,47,33,82,13" hai3="92,95,119,68,135,90,28,110,66,23,32,3,39"/><W73/><G119/><T67/><D118/><U2/><E115/><V105/><F113/><W71/><G3/><T94/><D123/><U76/><E70/><V121/><F65/><W52/><G39/><T106/><D111/><U49/><E37/><V96/><F108/><W29/><G73/><T35/><D67/><U107/><E34/><V18/><F132/><W86/><G135/><T54/><D35/><U116/><E134/><V91/><F91/><W130/><G110/><T122/><D78/><U9/><E116/><V69/><F69/><W21/><G130/><T17/><D12/><U51/><E76/><V104/><F104/><W19/><G32/><T4/><D4/><U38/><E38/><V77/><F75/><W57/><G68/><T22/><REACH who="0" step="1"/><D122/><REACH who="0" ten="178,257,275,260" step="2"/><U98/><E2/><V25/><F121/><W128/><G66/><T114/><D114/><U62/><E1/><V6/><F6/><W41/><G128/><T24/><D24/><U99/><E26/><V126/><F126/><W87/><G71/><T11/><D11/><AGARI ba="2,3" hai="11,13,18,25,31,33,44,47,74,77,82,96,102,105" machi="11" ten="30,1000,0" yaku="7,1" doraHai="16" who="2" fromWho="0" sc="178,-16,257,0,275,46,260,0" owari="162,-33.8,257,-14.3,321,42.1,260,6.0" /></mjloggm>