<mjloggm ver="2.3"><GO type="225" lobby="0"/><UN n0="%E3%82%A2%E3%82%A4%E3%82%B9%E3%83%86%E3%82%A3%E3%83%BC%E3%81%82%E3%81%B9" n1="%E3%81%99%E3%81%84%E3%81%BE%E3%81%9B%E3%83%BC%E3%82%93" n2="%E3%83%97%E3%83%92" n3="%E3%81%B5%E3%81%98%E3%81%8B%E3%81%A4" dan="16,17,17,16" rate="2085.91,2214.86,2157.74,2196.66" sx="M,M,M,M"/><TAIKYOKU oya="0"/><INIT seed="0,0,0,4,2,114" ten="250,250,250,250" oya="0" hai0="16,79,25,124,29,105,112,4,24,87,66,100,7" hai1="1,126,113,94,96,76,98,80,34,73,109,48,132" hai2="119,92,9,82,21,123,62,10,8,51,5,93,129" hai3="99,13,86,107,88,67,64,26,65,38,75,19,45"/><T127/><D112/><U0/><E113/><V47/><F123/><W2/><G2/><T90/><D79/><U74/><E109/><V104/><F104/><W111/><G111/><T135/><D135/><U117/><E117/><V36/><F129/><W58/><G75/><T52/><D66/><U97/><E132/><V22/><F36/><W115/><G115/><T68/><D68/><U91/><E34/><V81/><F5/><W78/><G26/><T118/><D118/><U50/><E126/><N who="0" m="48169" /><D100/><U121/><E74/><V6/><F62/><W61/><G78/><T57/><D105/><U131/><E131/><V120/><F6/><N who="0" m="2090" /><D29/><U11/><E121/><V56/><F56/><W122/><G122/><T72/><D72/><U134/><E134/><V116/><F120/><W20/><G107/><T70/><D70/><U17/><E0/><V23/><F51/><W130/><G130/><T3/><D3/><U125/><E125/><V33/><F47/><W71/><G71/><T18/><D25/><U110/><E1/><V37/><F37/><W30/><G30/><T84/><D24/><U101/><E110/><V44/><F44/><W103/><G45/><T40/><D40/><U89/><E50/><V69/><F33/><W133/><G38/><T77/><D77/><U54/><E48/><V12/><F12/><W53/><G133/><T28/><D28/><U42/><E42/><V27/><F27/><W39/><G39/><T35/><D35/><U49/><E49/><V108/><F108/><W31/><G31/><T41/><D41/><U63/><E73/><V83/><F69/><RYUUKYOKU ba="0,0" sc="250,-10,250,-10,250,30,250,-10" hai2="8,9,10,21,22,23,81,82,83,92,93,116,119" /><INIT seed="1,1,0,5,5,51" ten="240,240,280,240" oya="1" hai0="19,121,117,77,83,124,125,132,5,130,80,84,129" hai1="17,16,54,53,38,35,89,52,119,118,127,34,60" hai2="2,55,4,93,102,15,28,86,82,63,7,128,37" hai3="32,122,8,24,123,75,73,49,103,68,120,99,30"/><U42/><E127/><N who="0" m="48713" /><D5/><U20/><E60/><V114/><F37/><W22/><G68/><T39/><D39/><U115/><E115/><V134/><F114/><W88/><G8/><T100/><D19/><N who="1" m="7243" /><E38/><V57/><F2/><W96/><G32/><N who="1" m="12330" /><E89/><V25/><F128/><N who="0" m="49258" /><D117/><N who="1" m="44555" /><E20/><N who="2" m="15399" /><F102/><W1/><G1/><T46/><D46/><U43/><AGARI ba="1,0" hai="42,43,52,53,54" m="44555,12330,7243" machi="43" ten="40,18000,2" yaku="28,2,52,3,54,2" doraHai="51" who="1" fromWho="1" sc="240,-61,240,183,280,-61,240,-61" /><INIT seed="1,2,0,2,1,61" ten="179,423,219,179" oya="1" hai0="95,103,8,21,4,100,84,63,134,113,58,59,90" hai1="64,13,94,130,48,15,18,75,102,66,31,57,85" hai2="78,39,44,24,133,17,28,33,54,76,105,42,112" hai3="123,108,68,40,51,62,67,1,106,81,93,16,96"/><U7/><E75/><V132/><F105/><W53/><G123/><T127/><D134/><N who="2" m="51818" /><F112/><W135/><G135/><T27/><D127/><U9/><E31/><V107/><F107/><W121/><G121/><T97/><D113/><U77/><E130/><V45/><F17/><W122/><G122/><T10/><D4/><U80/><E102/><V2/><F2/><W6/><G106/><T109/><D58/><U69/><E94/><V32/><F33/><W131/><G131/><T91/><D109/><U120/><E69/><V11/><F11/><N who="0" m="4138" /><D91/><U47/><E57/><V65/><F65/><W60/><G108/><T79/><D84/><U38/><E38/><V126/><F126/><W35/><G35/><T0/><D79/><U71/><E71/><V25/><F25/><W49/><G6/><T41/><D41/><N who="1" m="24687" /><E120/><V23/><F32/><W22/><G1/><T70/><D70/><U86/><E86/><V46/><F46/><N who="3" m="25799" /><G81/><T55/><D0/><U115/><E115/><V73/><F73/><W88/><G68/><T119/><D119/><U92/><E92/><V118/><F118/><W114/><G114/><T5/><D5/><U128/><E128/><V19/><F28/><AGARI ba="2,0" hai="21,27,28,55,59,63,90,95,97,100,103" m="4138" machi="28" ten="30,1000,0" yaku="8,1" doraHai="61" who="0" fromWho="2" sc="179,16,423,0,219,-16,179,0" /><INIT seed="2,0,0,4,1,74" ten="195,423,203,179" oya="2" hai0="32,51,91,3,127,12,122,43,119,66,105,88,42" hai1="55,58,4,112,0,79,45,63,128,14,92,101,95" hai2="23,89,109,87,121,116,69,54,46,15,80,62,36" hai3="75,111,76,11,39,56,78,27,125,117,124,82,65"/><V21/><F116/><W103/><G117/><T123/><D119/><U107/><E112/><V44/><F121/><W129/><G39/><T52/><D3/><U90/><E0/><V71/><F109/><W86/><G111/><T118/><D105/><U131/><E79/><N who="3" m="30250" /><G75/><T64/><D32/><U100/><E107/><V133/><F133/><W1/><G1/><T7/><D118/><U108/><E108/><V113/><F113/><W53/><G129/><T13/><D7/><U50/><E131/><V20/><F36/><W35/><G65/><T110/><D110/><U25/><E25/><V29/><F29/><N who="3" m="19903" /><G11/><T30/><D30/><U37/><E37/><V132/><F132/><W57/><G103/><T126/><D51/><U2/><E2/><V16/><F71/><W34/><G34/><T40/><D43/><U85/><E95/><V6/><F6/><W99/><G99/><T97/><D52/><N who="1" m="29775" /><E128/><V28/><F69/><W104/><G104/><T60/><D60/><U67/><E67/><V114/><F114/><W135/><G135/><T84/><D84/><U59/><E59/><N who="3" m="22602" /><G53/><T22/><REACH who="0" step="1"/><D22/><REACH who="0" ten="185,423,203,179" step="2"/><N who="2" m="8810" /><F28/><W19/><G19/><T115/><D115/><U48/><E48/><N who="2" m="28935" /><F62/><W33/><G33/><T61/><D61/><U98/><E85/><V8/><F23/><W47/><G47/><AGARI ba="0,1" hai="8,15,16,46,47,80,87,89" m="28935,8810" machi="47" ten="30,5800,0" yaku="25,1,8,1,54,1" doraHai="74" who="2" fromWho="3" sc="185,0,423,0,203,68,179,-58" /><INIT seed="2,1,0,0,1,105" ten="185,423,271,121" oya="2" hai0="115,43,20,134,133,27,18,120,73,98,100,108,119" hai1="2,126,21,121,66,75,46,84,89,111,72,55,14" hai2="48,6,47,107,92,62,50,13,35,61,123,122,63" hai3="114,79,30,7,77,103,130,34,88,29,70,12,5"/><V64/><F107/><W109/><G114/><T22/><D115/><U69/><E2/><V49/><F35/><W91/><G70/><T51/><D108/><U131/><E111/><V94/><F13/><W57/><G109/><T32/><D32/><U41/><E126/><V102/><F102/><W74/><G34/><T4/><D120/><U104/><E104/><V36/><F6/><N who="3" m="2059" /><G57/><T65/><D4/><U31/><E55/><V11/><F11/><W16/><G103/><T58/><D73/><U56/><E69/><V3/><F3/><W135/><G135/><N who="0" m="51723" /><D119/><U125/><E125/><V44/><F64/><W1/><G1/><T83/><D83/><U110/><E110/><V0/><F0/><W68/><G68/><T124/><D18/><U19/><E31/><N who="3" m="11786" /><G74/><T129/><D27/><U54/><E66/><V59/><F59/><W85/><G130/><T95/><D129/><U38/><E121/><N who="2" m="46091" /><F36/><W37/><G37/><T86/><D124/><U127/><E127/><V52/><F52/><W60/><G60/><N who="0" m="38039" /><D86/><U39/><E39/><V80/><F80/><N who="3" m="47263" /><G77/><T82/><D82/><U96/><E131/><V17/><F17/><W97/><G97/><T93/><D95/><AGARI ba="1,0" hai="44,47,48,49,50,61,62,63,92,94,95" m="46091" machi="95" ten="40,3900,0" yaku="28,2" doraHai="105" who="2" fromWho="0" sc="185,-42,423,0,271,42,121,0" /><INIT seed="2,2,0,4,4,128" ten="143,423,313,121" oya="2" hai0="52,116,65,90,70,127,4,110,123,69,132,7,19" hai1="27,105,57,86,80,22,126,45,37,5,14,29,125" hai2="34,118,35,50,74,49,30,24,51,41,130,39,112" hai3="92,121,23,63,76,44,108,107,117,20,43,60,115"/><V94/><F112/><W119/><G108/><T85/><D110/><U6/><E105/><V40/><F118/><W83/><G115/><T71/><D123/><U54/><E45/><V18/><F130/><W25/><G121/><T114/><D114/><U13/><E37/><V97/><F74/><W36/><G107/><T96/><D116/><U68/><E68/><V113/><F113/><W106/><G106/><T124/><D65/><U81/><E81/><V15/><F35/><W129/><G129/><T66/><D66/><U42/><E42/><V73/><F73/><W102/><G20/><T122/><D96/><U58/><E58/><V33/><F34/><W56/><G102/><T98/><D98/><U87/><E87/><V109/><F39/><W101/><G92/><T64/><D64/><U120/><E120/><V72/><F72/><W111/><G101/><T11/><D132/><U8/><E14/><V38/><F38/><W12/><G12/><N who="0" m="7583" /><D122/><U84/><E5/><V3/><F3/><W103/><G103/><T78/><D78/><U17/><E6/><V77/><F77/><W62/><G56/><T93/><D52/><U0/><E0/><V10/><REACH who="2" step="1"/><F109/><REACH who="2" ten="143,423,303,121" step="2"/><W59/><G111/><T67/><D71/><U104/><E104/><V9/><F9/><W47/><G119/><T133/><D70/><U61/><E80/><V53/><F53/><N who="3" m="33903" /><G117/><T48/><D69/><U31/><E54/><V2/><F2/><W46/><G36/><T89/><D67/><U55/><E8/><V88/><AGARI ba="2,1" hai="10,15,18,24,30,33,40,41,49,50,51,88,94,97" machi="88" ten="30,6000,0" yaku="1,1,0,1,54,1,53,0" doraHai="128" doraHaiUra="1" who="2" fromWho="2" sc="143,-22,423,-22,303,76,121,-22" /><INIT seed="2,3,0,0,2,2" ten="121,401,379,99" oya="2" hai0="84,64,48,12,126,83,82,80,134,117,102,18,81" hai1="4,61,45,52,8,88,0,121,20,76,11,92,108" hai2="29,24,94,111,60,130,87,15,119,25,56,103,32" hai3="89,34,27,128,16,118,5,85,98,59,39,132,54"/><V68/><F119/><W31/><G118/><T67/><D126/><U9/><E108/><V47/><F68/><W53/><G39/><T122/><D134/><U50/><E121/><V49/><F130/><W1/><G132/><T104/><D122/><U71/><E76/><V107/><F107/><W106/><G128/><T70/><D70/><U46/><E46/><V30/><F111/><W124/><G124/><T42/><D117/><U90/><E20/><V57/><F15/><W110/><G110/><T21/><D102/><U19/><E90/><V3/><F3/><W99/><G106/><T28/><D28/><U38/><E19/><V91/><F60/><W93/><G54/><T6/><D6/><U35/><E35/><V36/><F36/><W17/><G99/><T33/><D33/><U72/><E72/><V58/><F103/><W66/><G66/><T37/><D104/><U96/><REACH who="1" step="1"/><E38/><REACH who="1" ten="121,391,379,99" step="2"/><V114/><F114/><W123/><G123/><T41/><D37/><U10/><E10/><V7/><F7/><W112/><G112/><T62/><D21/><U77/><E77/><V26/><REACH who="2" step="1"/><F32/><REACH who="2" ten="121,391,369,99" step="2"/><W75/><G5/><T51/><D12/><U86/><E86/><V95/><F95/><N who="3" m="54703" /><G1/><T63/><D84/><U22/><E22/><V120/><F120/><W43/><G75/><T133/><D133/><U125/><E125/><V55/><AGARI ba="3,2" hai="24,25,26,29,30,47,49,55,56,57,58,87,91,94" machi="55" ten="30,6000,0" yaku="1,1,0,1,8,1,53,0" doraHai="2" doraHaiUra="113" who="2" fromWho="2" sc="121,-23,391,-23,369,89,99,-23" /><INIT seed="2,4,0,2,4,10" ten="98,368,458,76" oya="2" hai0="106,94,84,12,58,127,99,134,55,73,24,76,133" hai1="111,29,128,52,123,120,6,54,37,83,89,2,26" hai2="31,112,51,105,100,126,49,61,23,130,56,71,110" hai3="59,43,69,79,66,74,16,82,4,17,8,85,35"/><V15/><F112/><W132/><G35/><T41/><D127/><U18/><E111/><V33/><F71/><W68/><G132/><N who="0" m="50795" /><D41/><U27/><E128/><V7/><F126/><W67/><G74/><T53/><D106/><U14/><E37/><V103/><F33/><W47/><G69/><T3/><D3/><U131/><E131/><V5/><F130/><W115/><G68/><T57/><D24/><N who="1" m="9259" /><E29/><V118/><F118/><W42/><G115/><T19/><D73/><U122/><E6/><N who="2" m="2059" /><F105/><W32/><G32/><T78/><D84/><N who="1" m="50335" /><E2/><V101/><F31/><W22/><G59/><N who="0" m="22539" /><D78/><U34/><E34/><V117/><F117/><W109/><G109/><T121/><D76/><U65/><E65/><N who="3" m="24586" /><G47/><T70/><D121/><N who="1" m="30979" /><U20/><AGARI ba="4,0" hai="14,18,20,52,54" m="30979,50335,9259" machi="20" ten="40,8000,1" yaku="4,1,13,1,52,1,54,1" doraHai="10" who="1" fromWho="1" sc="98,-24,368,92,458,-44,76,-24" /><INIT seed="3,0,0,2,2,36" ten="74,460,414,52" oya="3" hai0="54,6,32,35,8,109,68,118,34,18,90,0,31" hai1="20,67,52,134,43,95,94,53,130,97,9,93,47" hai2="19,39,87,41,73,28,124,26,99,64,81,61,126" hai3="51,101,122,91,133,78,112,15,62,16,113,111,48"/><W82/><G122/><T38/><D118/><U79/><E130/><V59/><F73/><W1/><G1/><T110/><D38/><U46/><E134/><V116/><F116/><W30/><G133/><T40/><D40/><U100/><E67/><V131/><F131/><W70/><G101/><T3/><D68/><U29/><E79/><V50/><F39/><W84/><G30/><T128/><D128/><U14/><E20/><V24/><F19/><W2/><G2/><N who="0" m="87" /><D31/><U92/><E29/><V23/><F26/><W125/><G125/><T4/><D18/><N who="1" m="8527" /><E43/><V65/><F99/><W129/><G129/><T42/><D42/><U123/><E123/><V66/><F124/><W22/><G111/><N who="0" m="42507" /><D4/><U72/><E72/><V86/><F86/><W132/><G132/><T105/><D105/><U17/><E17/><V102/><F102/><W71/><G71/><T74/><D74/><U27/><E27/><V58/><F126/><W44/><G78/><T57/><D90/><U45/><AGARI ba="0,0" hai="45,46,47,52,53,92,93,94,95,97,100" m="8527" machi="45" ten="30,2000,0" yaku="8,1,54,1" doraHai="36" who="1" fromWho="1" sc="74,-5,460,20,414,-5,52,-10" owari="69,-33.1,480,58.0,409,20.9,42,-45.8" /></mjloggm>