<mjloggm ver="2.3"><GO type="225" lobby="0"/><UN n0="%6D%61%74%69%67%75%73%61" n1="%E3%81%B5%E3%81%98%E3%81%8B%E3%81%A4" n2="%E3%82%B7%E3%83%B3%E5%A4%AA%E6%9C%97" n3="%E6%9D%B1%E9%A2%A8%E3%81%AE%E3%81%8D%E3%82%83%E3%81%B7%E3%81%95%E3%82%93" dan="17,16,16,17" rate="2202.32,2200.33,2153.50,2260.58" sx="M,M,M,M"/><TAIKYOKU oya="0"/><INIT seed="0,0,0,3,0,134" ten="250,250,250,250" oya="0" hai0="88,22,69,113,19,116,103,37,39,89,77,16,84" hai1="121,90,71,112,31,95,38,114,74,91,0,21,60" hai2="56,126,27,92,79,81,96,1,23,66,86,5,111" hai3="123,45,128,106,127,36,107,70,20,68,34,135,108"/><T48/><D113/><N who="1" m="43627" /><E121/><V105/><F111/><W42/><G20/><T85/><D116/><U83/><E38/><V73/><F105/><W26/><G108/><T109/><D109/><U57/><E0/><V61/><F1/><W29/><G123/><T110/><D110/><U43/><E43/><V30/><F5/><W4/><G4/><T78/><D22/><U11/><E11/><V99/><F99/><W76/><G76/><T122/><D122/><U94/><E71/><N who="3" m="27178" /><G135/><T32/><D69/><U124/><E124/><V49/><F49/><W72/><G72/><T25/><D48/><U98/><E74/><V6/><F6/><W58/><G58/><T46/><D103/><N who="1" m="60887" /><E95/><V14/><F14/><W62/><G62/><T15/><D15/><U3/><E83/><V50/><F50/><W65/><G65/><T131/><D46/><U54/><E3/><V8/><F8/><W12/><G12/><T100/><D100/><U41/><E41/><V7/><F7/><W118/><G118/><T115/><D115/><U104/><E104/><N who="3" m="39978" /><G128/><T67/><D131/><U132/><E132/><V2/><F2/><W120/><G120/><T55/><D67/><U102/><E102/><N who="2" m="60679" /><F73/><W9/><G9/><T130/><D130/><U28/><E21/><V52/><F52/><W82/><G82/><T80/><D55/><U97/><E97/><V87/><F87/><W44/><G44/><T24/><D80/><U117/><E117/><V33/><F33/><AGARI ba="0,0" hai="16,19,24,25,32,33,37,39,77,78,84,85,88,89" machi="33" ten="25,9600,0" yaku="22,2,54,2" doraHai="134" who="0" fromWho="2" sc="250,96,250,0,250,-96,250,0" /><INIT seed="0,1,0,1,0,50" ten="346,250,154,250" oya="0" hai0="125,134,57,93,51,62,86,66,120,104,121,114,92" hai1="15,22,9,89,42,117,88,6,48,106,64,133,68" hai2="127,78,56,61,111,107,74,99,98,100,77,39,26" hai3="7,115,20,130,128,54,113,83,76,25,29,10,36"/><T108/><D104/><U96/><E117/><V13/><F111/><W119/><G36/><T110/><D114/><U65/><E133/><V8/><F127/><W132/><G119/><T103/><D134/><U82/><E106/><V129/><F129/><N who="3" m="49771" /><G132/><T55/><D125/><U123/><E123/><V67/><F39/><W37/><G37/><T116/><D116/><U131/><E131/><V3/><F3/><N who="3" m="383" /><G54/><T70/><D86/><AGARI ba="1,0" hai="20,25,29,76,83,86,113,115" m="383,49771" machi="86" ten="30,1000,0" yaku="19,1" doraHai="50" who="3" fromWho="0" sc="346,-13,250,0,154,0,250,13" /><INIT seed="1,0,0,4,3,116" ten="333,250,154,263" oya="1" hai0="109,21,71,41,104,125,23,80,129,40,69,112,46" hai1="119,101,76,43,117,19,83,96,98,45,131,57,82" hai2="93,66,42,3,59,10,4,107,38,28,30,132,106" hai3="120,62,63,89,51,133,122,68,6,81,20,33,67"/><U56/><E131/><V60/><F132/><W34/><G6/><T52/><D104/><U110/><E110/><V15/><F30/><W26/><G133/><T73/><D112/><U95/><E119/><V118/><F118/><W12/><G51/><T90/><D125/><U108/><E108/><V70/><F28/><W14/><G62/><T13/><D109/><U115/><E115/><V44/><F93/><W24/><G89/><T87/><D73/><U102/><E117/><V113/><F113/><W79/><G12/><T75/><D75/><U72/><E19/><V55/><REACH who="2" step="1"/><F3/><REACH who="2" ten="333,250,144,263" step="2"/><W84/><G14/><T114/><D13/><U127/><E127/><V25/><F25/><W130/><G26/><T53/><D114/><U58/><E83/><V22/><F22/><W9/><G130/><T99/><D21/><U18/><E18/><V88/><F88/><W111/><G9/><T29/><D90/><U32/><E32/><V8/><F8/><W35/><REACH who="3" step="1"/><G111/><REACH who="3" ten="333,250,144,253" step="2"/><T64/><D129/><U0/><E0/><V121/><F121/><W2/><G2/><T124/><D124/><U11/><E11/><V74/><F74/><W39/><G39/><T7/><D7/><U17/><E17/><AGARI ba="0,2" hai="17,20,24,33,34,35,63,67,68,79,81,84,120,122" machi="17" ten="40,5200,0" yaku="1,1,52,2,53,0" doraHai="116" doraHaiUra="92" who="3" fromWho="1" sc="333,0,250,-52,144,0,253,72" /><INIT seed="2,0,0,2,2,73" ten="333,198,144,325" oya="2" hai0="95,54,74,132,129,91,88,105,36,3,8,89,42" hai1="35,50,16,108,84,116,121,18,128,10,81,98,80" hai2="4,69,133,135,122,131,119,110,15,44,33,68,58" hai3="85,21,93,1,62,101,60,92,96,25,82,134,118"/><V94/><F119/><W70/><G1/><T90/><D105/><U123/><E116/><V115/><F115/><W130/><G118/><T2/><D129/><U5/><E35/><V20/><F122/><N who="1" m="46601" /><E108/><V45/><F110/><W29/><G134/><N who="2" m="51209" /><F33/><W56/><G70/><N who="2" m="27241" /><F131/><W65/><G130/><T55/><D132/><U67/><E128/><V124/><F124/><W125/><G60/><T120/><D120/><U106/><E67/><V28/><F94/><N who="3" m="58519" /><G125/><T53/><D74/><U99/><E50/><V71/><N who="2" m="27249" /><V107/><DORA hai="22" /><F107/><W19/><G19/><N who="1" m="7210" /><E106/><V86/><F86/><W59/><G59/><T12/><D42/><U109/><E109/><V40/><F58/><W78/><AGARI ba="0,0" hai="21,25,29,56,62,65,78,82,85,92,93" m="58519" machi="78" ten="30,7900,0" yaku="25,1,8,1,52,2" doraHai="73,22" who="3" fromWho="3" sc="333,-20,198,-20,144,-39,325,79" /><INIT seed="3,0,0,1,0,57" ten="313,178,105,404" oya="3" hai0="29,86,20,123,130,17,33,56,79,19,2,100,105" hai1="117,103,104,122,112,9,131,91,24,25,63,129,120" hai2="5,71,52,37,81,118,83,99,3,61,34,125,38" hai3="43,11,59,16,89,72,10,42,7,111,116,90,49"/><W109/><G72/><T77/><D123/><U27/><E112/><V23/><F34/><W106/><G106/><T69/><D69/><U87/><E117/><V64/><F118/><W101/><G101/><T13/><D130/><N who="1" m="49675" /><E9/><V58/><F125/><W1/><G116/><T68/><D68/><U128/><E63/><V97/><F99/><W30/><G30/><T82/><D2/><U47/><E47/><V94/><F23/><W93/><G59/><T21/><D33/><U28/><E28/><V62/><F83/><W75/><G75/><T12/><D29/><U65/><E65/><V39/><F81/><W76/><G76/><T55/><D105/><U67/><E67/><V95/><REACH who="2" step="1"/><F97/><REACH who="2" ten="313,178,95,404" step="2"/><N who="3" m="57519" /><G11/><AGARI ba="0,1" hai="3,5,11,37,38,39,52,58,61,62,64,71,94,95" machi="11" ten="40,8000,1" yaku="1,1,52,2,54,1,53,1" doraHai="57" doraHaiUra="6" who="2" fromWho="3" sc="313,0,178,0,95,90,404,-80" owari="313,11.3,178,-32.2,185,-21.5,324,42.4" /></mjloggm>