<mjloggm ver="2.3"><GO type="225" lobby="0"/><UN n0="%E5%B8%86%E7%AB%8B%E5%A4%8F%E8%A1%A3" n1="%E8%A8%88%E7%AE%97%E6%A9%9F%E8%87%AA%E7%84%B6" n2="%E6%97%A5%E6%9B%9C%E6%97%A5%E3%82%88%E3%82%8A%E3%81%AE%E4%BD%BF%E8%80%85" n3="%72%61%6B%33" dan="16,17,17,18" rate="2077.56,2228.04,2166.96,2259.76" sx="M,M,M,M"/><TAIKYOKU oya="0"/><INIT seed="0,0,0,3,5,63" ten="250,250,250,250" oya="0" hai0="111,127,71,29,113,84,88,68,82,60,70,17,69" hai1="13,24,105,1,109,89,80,8,5,116,62,121,23" hai2="46,50,6,96,20,77,0,28,15,86,61,44,107" hai3="81,73,57,26,9,18,74,76,55,122,56,123,106"/><T131/><D113/><U110/><E105/><V132/><F132/><W3/><G106/><T47/><D127/><U90/><E116/><V85/><F0/><W130/><G130/><T112/><D112/><U14/><E121/><V2/><F2/><W78/><G26/><T126/><D126/><U38/><E38/><V54/><F107/><W108/><G18/><T100/><D131/><U45/><E45/><V53/><F96/><W65/><G55/><T11/><D111/><N who="1" m="42507" /><E62/><V104/><F104/><W51/><G108/><T66/><D29/><N who="1" m="17567" /><E80/><V41/><F61/><W33/><G81/><T31/><D31/><U40/><E40/><V32/><F32/><W58/><G33/><T97/><D47/><U36/><E36/><V43/><F43/><W87/><G51/><T125/><D125/><U93/><E89/><V119/><F119/><W102/><G102/><T72/><D72/><U64/><E64/><V4/><F41/><W124/><G124/><T120/><D120/><U27/><E27/><V42/><F42/><W128/><G128/><T83/><D83/><U75/><E75/><V98/><F46/><W25/><G73/><T133/><D133/><U35/><E35/><V37/><F37/><W67/><G74/><T22/><D100/><U12/><E1/><V49/><F44/><W34/><G34/><T135/><D135/><U39/><E39/><V115/><F115/><W19/><G3/><T16/><D97/><AGARI ba="0,0" hai="5,8,12,13,14,90,93,97" m="17567,42507" machi="97" ten="30,1000,0" yaku="14,1" doraHai="63" who="1" fromWho="0" sc="250,-10,250,10,250,0,250,0" /><INIT seed="1,0,0,1,1,50" ten="240,260,250,250" oya="1" hai0="18,117,124,115,76,0,52,74,103,51,106,83,69" hai1="46,11,92,38,127,13,14,39,17,35,132,97,5" hai2="53,44,87,122,15,114,24,113,23,6,78,48,66" hai3="84,19,16,130,82,41,3,70,102,91,7,95,116"/><U126/><E35/><V54/><F122/><W36/><G130/><T2/><D117/><U99/><E132/><V80/><F66/><W88/><G70/><T94/><D115/><N who="2" m="44042" /><F15/><W125/><G125/><N who="1" m="47626" /><E46/><V104/><F6/><W73/><G116/><T22/><D69/><U71/><E71/><V21/><F104/><W100/><G100/><T9/><D9/><N who="1" m="4271" /><E99/><V55/><F21/><W90/><G102/><AGARI ba="0,0" hai="11,14,17,38,39,92,97,102" m="4271,47626" machi="102" ten="30,1500,0" yaku="18,1" doraHai="50" who="1" fromWho="3" sc="240,0,260,15,250,0,250,-15" /><INIT seed="1,1,0,0,1,87" ten="240,275,250,235" oya="1" hai0="92,5,76,98,91,122,16,120,111,63,106,71,126" hai1="1,28,96,107,36,104,54,74,133,128,40,73,95" hai2="39,82,46,27,112,21,105,53,78,29,26,123,11" hai3="38,118,60,77,125,70,12,44,6,119,17,80,4"/><U127/><E1/><V89/><F123/><N who="0" m="47146" /><D5/><U49/><E128/><V130/><F105/><W19/><G125/><T108/><D126/><U3/><E3/><V0/><F130/><W75/><G4/><T15/><D76/><U85/><E28/><V134/><F134/><W43/><G6/><T25/><D25/><U100/><E127/><V84/><F112/><W83/><G83/><T94/><D106/><U117/><E117/><N who="3" m="44554" /><G12/><T35/><D35/><U101/><E133/><V113/><F113/><W58/><G70/><T62/><D94/><U37/><E40/><V64/><F64/><AGARI ba="1,0" hai="17,19,38,43,44,58,60,64,75,77,80" m="44554" machi="64" ten="30,1000,0" yaku="12,1" doraHai="87" who="3" fromWho="2" sc="240,0,275,0,250,-13,235,13" /><INIT seed="2,0,0,1,4,29" ten="240,275,237,248" oya="2" hai0="68,9,65,35,4,105,99,87,79,13,2,53,45" hai1="129,135,100,106,74,19,92,5,76,94,77,81,91" hai2="23,85,54,78,7,48,63,58,26,117,131,72,88" hai3="66,126,82,50,15,43,8,51,0,25,62,57,16"/><V84/><F117/><W73/><G126/><T128/><D128/><U104/><E5/><V44/><F131/><W93/><G0/><T60/><D2/><U83/><E19/><V59/><F7/><W118/><G118/><T102/><D87/><N who="1" m="52351" /><E135/><V38/><F38/><W11/><G73/><T49/><REACH who="0" step="1"/><D79/><REACH who="0" ten="230,275,237,248" step="2"/><U121/><E129/><V107/><F107/><W46/><G82/><T33/><AGARI ba="0,1" hai="4,9,13,33,35,45,49,53,60,65,68,99,102,105" machi="33" ten="30,12000,2" yaku="1,1,2,1,0,1,52,2,53,1" doraHai="29" doraHaiUra="42" who="0" fromWho="0" sc="230,130,275,-30,237,-60,248,-30" /><INIT seed="3,0,0,1,0,74" ten="360,245,177,218" oya="3" hai0="47,26,58,134,128,82,88,28,105,90,1,4,62" hai1="20,121,101,24,44,80,49,124,22,100,66,110,107" hai2="19,67,21,18,120,111,97,73,64,76,87,112,30" hai3="68,99,11,15,72,51,65,57,31,109,129,10,55"/><W91/><G72/><T102/><D128/><U9/><E121/><V54/><F112/><W42/><G129/><T37/><D134/><U52/><E110/><V94/><F73/><W29/><G109/><T17/><D17/><U118/><E124/><V79/><F111/><W8/><G68/><T78/><D102/><U131/><E107/><V114/><F87/><W83/><G65/><N who="2" m="25161" /><F114/><W13/><G42/><T93/><D105/><U43/><E118/><V86/><F86/><N who="3" m="50655" /><G99/><T103/><D37/><U23/><E66/><V89/><F120/><W34/><G34/><T46/><D1/><U40/><E131/><V133/><F133/><W41/><G41/><N who="1" m="15946" /><E80/><V92/><F92/><W48/><G48/><T122/><D82/><U113/><E113/><V45/><F30/><AGARI ba="0,0" hai="8,10,11,13,15,29,30,31,51,55,57" m="50655" machi="30" ten="30,1500,0" yaku="8,1" doraHai="74" who="3" fromWho="2" sc="360,0,245,0,177,-15,218,15" /><INIT seed="3,1,0,1,4,16" ten="360,245,162,233" oya="3" hai0="17,28,108,107,77,33,48,32,75,65,102,109,100" hai1="104,60,82,122,5,43,22,19,7,124,94,112,24" hai2="64,111,97,27,63,114,26,40,50,2,59,8,130" hai3="110,67,38,54,86,127,96,37,87,120,92,55,134"/><W9/><G120/><T76/><D65/><U73/><E104/><V61/><F114/><W128/><G127/><T85/><D75/><U6/><E122/><V52/><F111/><N who="0" m="42570" /><D17/><U41/><E112/><V113/><F113/><W78/><G110/><T91/><D48/><U115/><E115/><V135/><F130/><W21/><G134/><T18/><D18/><U125/><E60/><V80/><F135/><W56/><G9/><T34/><D28/><U117/><E117/><V30/><F40/><W47/><G78/><N who="0" m="30315" /><D107/><U20/><E73/><V105/><F80/><AGARI ba="1,0" hai="32,33,34,80,85,91,100,102" m="30315,42570" machi="80" ten="40,1300,0" yaku="14,1" doraHai="16" who="0" fromWho="2" sc="360,16,245,0,162,-16,233,0" owari="376,47.6,245,4.5,146,-35.4,233,-16.7" /></mjloggm>