<mjloggm ver="2.3"><GO type="225" lobby="0"/><UN n0="%E8%B6%85%E7%B4%9A%E9%B3%B3%E5%87%B0" n1="%4C%4F%4C%49%54%41" n2="%E6%B4%BE%E9%81%A3%E3%81%AE%E3%82%B8%E3%83%A3%E3%83%83%E3%82%AF" n3="%E3%81%8B%E3%82%8F%E3%81%A1%E3%82%83%E3%82%93%35%38" dan="16,16,17,16" rate="2119.57,2189.24,2188.56,2144.43" sx="M,F,M,M"/><TAIKYOKU oya="0"/><INIT seed="0,0,0,0,1,17" ten="250,250,250,250" oya="0" hai0="38,24,55,98,19,83,50,63,46,104,94,41,25" hai1="5,97,80,119,87,110,114,100,13,56,69,75,128" hai2="4,37,68,31,88,61,15,49,123,53,42,8,34" hai3="60,85,127,111,9,32,67,90,135,40,134,130,43"/><T20/><D104/><U2/><E69/><V7/><F123/><W95/><G32/><T115/><D115/><U84/><E119/><V14/><F37/><W103/><G111/><T47/><D83/><U101/><E128/><V64/><F42/><W91/><G103/><T26/><REACH who="0" step="1"/><D63/><REACH who="0" ten="240,250,250,250" step="2"/><U44/><E80/><V117/><F117/><W132/><G130/><T54/><D54/><U93/><E114/><V92/><F53/><W10/><G127/><T52/><D52/><U71/><E110/><V121/><F121/><W99/><G43/><T70/><D70/><U27/><E71/><V122/><F122/><W62/><G40/><T72/><D72/><U129/><E75/><V65/><F65/><W120/><G120/><T82/><D82/><U16/><E129/><V77/><F64/><W125/><G125/><T57/><D57/><U12/><E56/><V73/><F61/><N who="3" m="23659" /><G67/><T81/><D81/><AGARI ba="0,1" hai="9,10,81,85,90,91,95,99,132,134,135" m="23659" machi="81" ten="30,1000,0" yaku="20,1" doraHai="17" who="3" fromWho="0" sc="240,-10,250,0,250,0,250,20" /><INIT seed="1,0,0,4,1,67" ten="230,250,250,270" oya="1" hai0="38,89,61,91,79,36,105,43,30,75,33,18,37" hai1="108,25,97,119,103,0,24,16,73,23,84,118,99" hai2="69,66,17,19,68,113,124,71,22,2,26,94,72" hai3="3,78,29,41,9,12,88,76,126,57,129,27,6"/><U20/><E73/><V114/><F72/><W74/><G74/><T21/><D105/><U135/><E0/><V11/><F124/><W31/><G126/><T82/><D43/><U48/><E135/><V117/><F117/><W4/><G129/><T39/><N who="0" m="9216" /><DORA hai="93" /><T65/><D30/><U49/><E84/><V70/><F94/><W90/><G41/><T51/><D51/><U64/><E64/><V54/><F54/><W121/><G121/><T13/><REACH who="0" step="1"/><D33/><REACH who="0" ten="220,250,250,270" step="2"/><U116/><E108/><V45/><F45/><W104/><G104/><T58/><AGARI ba="0,1" hai="13,18,21,58,61,65,75,79,82,89,91" m="9216" machi="58" ten="60,8000,1" yaku="1,1,2,1,0,1,53,1" doraHai="67,93" doraHaiUra="83,60" who="0" fromWho="0" sc="220,90,250,-40,250,-20,270,-20" /><INIT seed="2,0,0,5,1,42" ten="310,210,230,250" oya="2" hai0="89,126,69,95,11,104,0,86,64,112,18,46,38" hai1="54,3,87,12,85,47,98,61,19,27,37,44,23" hai2="113,58,60,33,45,124,80,41,115,35,43,81,83" hai3="65,76,20,93,94,91,107,79,8,32,100,67,108"/><V77/><F124/><W28/><G32/><T125/><D112/><U53/><E3/><V63/><F77/><W123/><G107/><T59/><D104/><U96/><E37/><V66/><F63/><W9/><G123/><T135/><D69/><U92/><E96/><V57/><F57/><W111/><G20/><T50/><D38/><U105/><E105/><V130/><F130/><W17/><G17/><T62/><D135/><U34/><E34/><V22/><F43/><W101/><REACH who="3" step="1"/><G91/><REACH who="3" ten="310,210,230,240" step="2"/><T21/><D21/><U119/><E119/><V99/><F33/><W134/><G134/><T68/><D18/><U127/><E127/><V120/><F35/><W128/><G128/><T55/><D125/><U48/><E27/><V102/><F120/><W15/><G15/><T103/><D126/><U110/><E110/><V14/><F14/><W30/><AGARI ba="0,1" hai="8,9,28,30,65,67,76,79,93,94,100,101,108,111" machi="30" ten="25,6400,0" yaku="1,1,0,1,22,2,53,0" doraHai="42" doraHaiUra="1" who="3" fromWho="3" sc="310,-16,210,-16,230,-32,240,74" /><INIT seed="3,0,0,5,2,8" ten="294,194,198,314" oya="3" hai0="112,92,14,87,73,9,37,27,85,13,65,68,103" hai1="135,110,55,72,43,31,28,108,89,10,88,21,130" hai2="24,17,82,57,81,100,75,125,129,77,102,126,127" hai3="20,74,45,1,95,64,84,34,39,119,116,5,124"/><W59/><G34/><T54/><D37/><U134/><E72/><V131/><F57/><W3/><G74/><T114/><D73/><U132/><E130/><N who="2" m="49675" /><F24/><W70/><G84/><T94/><D27/><N who="1" m="16495" /><E31/><V101/><F17/><W47/><G95/><T115/><D54/><U7/><E43/><V50/><F50/><W105/><G105/><T33/><D33/><U121/><E121/><V62/><F62/><W2/><G5/><T98/><D94/><U38/><E38/><V120/><F81/><W91/><G70/><T48/><D48/><U22/><E22/><V67/><F67/><W69/><G69/><T42/><D42/><U118/><E118/><V35/><F35/><W61/><G20/><T96/><D96/><U123/><E123/><AGARI ba="0,0" hai="75,77,82,100,101,102,120,123,125,126,127" m="49675" machi="123" ten="40,8000,1" yaku="18,1,19,1,34,2" doraHai="8" who="2" fromWho="1" sc="294,0,194,-80,198,80,314,0" owari="294,9.4,114,-38.6,278,-12.2,314,41.4" /></mjloggm>