<mjloggm ver="2.3"><GO type="225" lobby="0"/><UN n0="%E5%B8%86%E7%AB%8B%E5%A4%8F%E8%A1%A3" n1="%33%74%72%65%65" n2="%E4%BA%BA%E9%96%93%E3%83%81%E3%83%A3%E3%83%BC%E3%83%8F%E3%83%B3" n3="%E3%82%BC%E3%83%AB%E3%83%80%E3%81%AE%E4%BC%9D%E8%AA%AC" dan="16,16,16,17" rate="2171.41,2176.43,2083.16,2243.97" sx="M,F,M,M"/><TAIKYOKU oya="0"/><INIT seed="0,0,0,3,5,59" ten="250,250,250,250" oya="0" hai0="60,62,29,22,46,44,57,109,52,72,65,77,128" hai1="17,123,32,58,75,82,11,101,19,0,104,26,8" hai2="113,10,31,49,94,130,118,95,125,37,9,122,27" hai3="48,116,74,117,50,106,40,38,30,96,39,3,110"/><T43/><D128/><U114/><E123/><V34/><F122/><W105/><G3/><T121/><D121/><U85/><E75/><V135/><F37/><W89/><G74/><T45/><D109/><U68/><E68/><V127/><F113/><W97/><G89/><T86/><D72/><U67/><E114/><V90/><F130/><W126/><G30/><T36/><D29/><U61/><E32/><V25/><F135/><W18/><G18/><T119/><D22/><N who="1" m="13647" /><E104/><V54/><F27/><W71/><G71/><T21/><D21/><U41/><E0/><V56/><F118/><W108/><REACH who="3" step="1"/><G40/><REACH who="3" ten="250,250,250,240" step="2"/><T24/><D119/><U47/><E19/><V78/><F78/><W33/><G33/><T129/><D129/><U80/><E101/><V35/><F35/><W124/><AGARI ba="0,1" hai="38,39,48,50,96,97,105,106,108,110,116,117,124,126" machi="124" ten="25,6400,0" yaku="1,1,0,1,22,2,53,0" doraHai="59" doraHaiUra="5" who="3" fromWho="3" sc="250,-32,250,-16,250,-16,240,74" /><INIT seed="1,0,0,5,4,116" ten="218,234,234,314" oya="1" hai0="115,53,23,21,66,19,65,26,25,118,76,69,36" hai1="123,74,57,0,131,34,112,103,83,1,60,5,67" hai2="124,130,28,98,102,81,127,55,119,77,105,84,104" hai3="22,3,54,110,68,122,52,17,109,63,100,70,78"/><U41/><E112/><V86/><F28/><W39/><G122/><T114/><D118/><U51/><E123/><V80/><F55/><W47/><G3/><T129/><D36/><U113/><E113/><V62/><F62/><W64/><G70/><T108/><D108/><N who="3" m="41577" /><G78/><T32/><D32/><U6/><E34/><V13/><F13/><N who="3" m="9519" /><G100/><T42/><D129/><U134/><E103/><N who="2" m="62583" /><F119/><W121/><G121/><T7/><D76/><U107/><E1/><V40/><F40/><AGARI ba="0,0" hai="39,40,47,52,54,63,64,68" m="9519,41577" machi="40" ten="30,2000,0" yaku="14,1,54,1" doraHai="116" who="3" fromWho="2" sc="218,0,234,0,234,-20,314,20" /><INIT seed="2,0,0,1,5,83" ten="218,234,214,334" oya="2" hai0="43,39,2,127,134,88,105,13,9,100,80,0,61" hai1="38,7,78,95,11,14,4,6,28,135,53,73,41" hai2="90,17,54,69,42,74,10,36,121,20,124,49,50" hai3="112,63,79,103,18,96,120,133,81,57,86,5,46"/><V75/><F121/><W34/><G120/><T114/><D114/><U16/><E135/><V68/><F124/><W84/><G34/><T21/><D134/><U70/><E70/><N who="2" m="27243" /><F90/><W77/><G133/><T118/><D127/><U59/><E28/><V60/><F20/><W48/><G112/><T110/><D21/><U87/><E73/><N who="2" m="27659" /><F17/><W37/><G37/><T128/><D61/><N who="1" m="36079" /><E38/><V29/><F60/><W116/><G116/><T111/><D118/><U115/><E115/><V33/><F54/><W56/><G5/><T92/><D80/><N who="1" m="47511" /><E95/><V67/><F67/><W131/><G18/><T89/><D39/><U62/><E62/><V99/><F36/><W15/><G63/><T94/><D43/><AGARI ba="0,0" hai="4,6,7,11,14,16,41,43" m="47511,36079" machi="43" ten="30,3900,0" yaku="8,1,52,1,54,1" doraHai="83" who="1" fromWho="0" sc="218,-39,234,39,214,0,334,0" /><INIT seed="3,0,0,1,0,135" ten="179,273,214,334" oya="3" hai0="47,49,64,30,98,31,130,35,44,32,46,69,127" hai1="0,103,22,12,129,104,3,100,108,78,117,122,18" hai2="82,125,40,4,21,71,77,26,52,9,128,107,63" hai3="119,70,115,121,43,113,102,45,72,16,38,109,29"/><W28/><G72/><T88/><D69/><U95/><E122/><V1/><F107/><W133/><G70/><T114/><D64/><U120/><E120/><V20/><F128/><W23/><G102/><T48/><D130/><U126/><E108/><V96/><F40/><W80/><G119/><T57/><D114/><U112/><E112/><V73/><F125/><W84/><G121/><T10/><D10/><U27/><E104/><V60/><F96/><W39/><G39/><T17/><D17/><U110/><E110/><V75/><F75/><W92/><G92/><T68/><D68/><U62/><E62/><V11/><F11/><W37/><G37/><T13/><D13/><U65/><E65/><V118/><F118/><W42/><G42/><T50/><D57/><U54/><E12/><V81/><F81/><W14/><G133/><T134/><D134/><U89/><E0/><V91/><F91/><W8/><G109/><T55/><D55/><U93/><E89/><V34/><F71/><W123/><G123/><T67/><D67/><U101/><E54/><V111/><F111/><W90/><G28/><T59/><D59/><U132/><E132/><V94/><F94/><W5/><G29/><N who="0" m="10763" /><D127/><U51/><E126/><V131/><F131/><W79/><G115/><T6/><D6/><U106/><E129/><V19/><F34/><N who="0" m="12842" /><D98/><U87/><E117/><V24/><REACH who="2" step="1"/><F52/><REACH who="2" ten="179,273,204,334" step="2"/><W2/><G113/><T97/><D97/><U56/><E106/><V85/><F85/><W66/><G84/><T76/><D88/><U53/><E53/><V36/><F36/><W116/><G38/><RYUUKYOKU ba="0,1" sc="179,15,273,-15,204,15,334,-15" hai0="44,46,47,48,49,50,76" hai2="1,4,9,19,20,21,24,26,60,63,73,77,82" owari="194,-30.6,258,5.8,219,-18.1,329,42.9" /></mjloggm>