<mjloggm ver="2.3"><GO type="225" lobby="0"/><UN n0="%E3%81%99%E3%81%84%E3%81%BE%E3%81%9B%E3%83%BC%E3%82%93" n1="%E7%99%BD%E9%9B%AA%E4%B9%83%E6%84%9B" n2="%47%48%4F%53%54" n3="%E3%81%A8%E3%82%93%E3%81%A8%E3%81%93%E3%81%A8%E3%82%93" dan="17,16,17,16" rate="2239.81,2097.26,2223.27,2151.51" sx="M,F,M,F"/><TAIKYOKU oya="0"/><INIT seed="0,0,0,0,3,89" ten="250,250,250,250" oya="0" hai0="6,14,36,123,114,13,7,73,128,97,11,0,34" hai1="61,41,24,66,43,83,26,39,69,55,40,45,57" hai2="38,112,127,42,59,21,17,20,22,115,12,122,110" hai3="31,18,130,100,44,121,49,126,133,53,134,98,25"/><T91/><D114/><U120/><E83/><V102/><F122/><W132/><G121/><T101/><D123/><U46/><E24/><V74/><F74/><W52/><G126/><T129/><D34/><U64/><E26/><V119/><F127/><W117/><G117/><T16/><D36/><U8/><E8/><V3/><F110/><W54/><G130/><N who="0" m="50283" /><D73/><U131/><E120/><V81/><F119/><W1/><G18/><N who="0" m="8511" /><D91/><U2/><E2/><V124/><F3/><W48/><G44/><N who="1" m="17002" /><E131/><V95/><F38/><W99/><G1/><T78/><D78/><U70/><E39/><V65/><F124/><W35/><REACH who="3" step="1"/><G98/><REACH who="3" ten="250,250,250,240" step="2"/><T96/><D0/><U56/><E66/><V32/><F65/><W10/><G10/><N who="0" m="6231" /><D97/><U71/><E71/><V82/><F115/><W135/><N who="3" m="33792" /><DORA hai="105" /><W113/><G113/><T27/><D27/><U108/><E108/><V111/><F111/><W62/><G62/><AGARI ba="0,1" hai="40,41,43,55,56,57,61,62,64,69,70" m="17002" machi="62" ten="30,8000,1" yaku="35,5" doraHai="89,105" who="1" fromWho="3" sc="250,0,250,90,250,0,240,-80" /><INIT seed="1,0,0,4,3,73" ten="250,340,250,160" oya="1" hai0="132,22,103,120,8,29,80,6,125,104,106,28,0" hai1="102,126,97,129,100,53,92,50,130,107,3,5,86" hai2="19,10,52,14,72,44,38,89,75,21,46,84,60" hai3="88,71,39,111,7,41,65,110,37,16,11,96,124"/><U26/><E126/><V98/><F98/><W77/><G124/><T81/><D125/><U59/><E5/><V108/><F108/><N who="3" m="41515" /><G41/><T63/><D132/><U123/><E3/><V113/><F113/><W23/><G65/><T119/><D119/><U115/><E115/><V58/><F21/><W12/><G71/><T87/><D120/><U20/><E123/><V85/><F85/><W54/><G54/><T114/><D114/><U133/><E133/><V68/><F68/><W67/><G67/><T91/><D63/><U35/><E35/><V109/><F109/><W117/><G117/><T17/><D81/><U56/><E56/><V93/><REACH who="2" step="1"/><F38/><REACH who="2" ten="250,340,240,160" step="2"/><W32/><G32/><T83/><D106/><U64/><E86/><V47/><AGARI ba="0,1" hai="10,14,19,44,46,47,52,58,60,72,75,84,89,93" machi="47" ten="30,7900,0" yaku="1,1,2,1,0,1,54,1,53,0" doraHai="73" doraHaiUra="36" who="2" fromWho="2" sc="250,-20,340,-39,240,89,160,-20" /><INIT seed="2,0,0,4,0,3" ten="230,301,329,140" oya="2" hai0="39,112,37,62,120,66,98,118,82,4,129,43,56" hai1="97,49,90,21,46,59,26,38,51,111,131,74,87" hai2="41,60,79,45,28,89,81,78,32,80,95,0,47" hai3="77,40,126,73,109,7,65,5,42,124,58,106,23"/><V57/><F0/><W108/><G106/><T52/><D120/><U104/><E74/><V84/><F32/><W103/><G103/><T105/><D112/><U123/><E111/><N who="3" m="42570" /><G73/><T99/><D129/><U20/><E131/><V61/><F28/><W128/><G77/><T54/><D118/><U19/><E123/><V107/><F107/><W11/><G128/><T50/><D82/><U30/><E97/><V68/><F68/><W122/><G122/><T96/><D105/><U22/><E104/><V9/><F9/><W31/><G65/><T125/><D125/><N who="3" m="48233" /><G58/><T134/><D134/><U48/><E59/><V34/><F57/><W133/><G133/><T12/><D43/><N who="3" m="16425" /><G11/><N who="0" m="4199" /><D37/><U25/><E38/><V29/><F79/><W27/><AGARI ba="0,0" hai="5,7,23,27,31" m="16425,48233,42570" machi="27" ten="40,8000,1" yaku="14,1,18,1,52,2" doraHai="3" who="3" fromWho="3" sc="230,-20,301,-20,329,-40,140,80" /><INIT seed="3,0,0,2,3,107" ten="210,281,289,220" oya="3" hai0="118,42,108,130,3,75,50,105,35,57,94,66,52" hai1="128,74,45,2,31,58,12,131,123,110,70,86,65" hai2="49,112,19,53,129,104,10,121,1,14,30,40,20" hai3="135,41,34,54,84,55,59,18,16,61,101,115,122"/><W0/><G115/><T29/><D105/><U88/><E74/><V11/><F112/><W8/><G122/><T69/><D118/><U46/><E123/><V120/><F129/><N who="1" m="49737" /><E110/><V119/><F119/><W22/><G34/><T98/><D130/><U99/><E2/><V76/><F104/><W83/><G135/><T63/><D3/><U90/><E70/><V81/><F40/><W47/><G101/><T93/><D108/><U124/><E124/><V111/><F111/><W95/><G95/><T126/><D126/><U4/><E31/><V51/><F51/><W5/><G54/><T102/><D75/><U37/><E99/><V82/><F82/><W60/><G22/><T87/><D42/><N who="1" m="22735" /><E46/><V17/><F30/><W15/><G61/><T113/><D113/><U85/><E58/><V7/><F17/><W73/><G0/><T44/><D44/><U71/><E71/><V106/><F106/><W127/><G73/><T26/><D87/><N who="1" m="33291" /><E65/><V103/><F103/><W24/><G127/><T80/><REACH who="0" step="1"/><D93/><REACH who="0" ten="200,281,289,220" step="2"/><U109/><E109/><V21/><F120/><W100/><G47/><T79/><D79/><U33/><E33/><V38/><F121/><W48/><G84/><T125/><D125/><U133/><E133/><V36/><F38/><W92/><G92/><T91/><D91/><U68/><E68/><V39/><F36/><W132/><G132/><T134/><D134/><U97/><E97/><V96/><F39/><W114/><G114/><T25/><D25/><U6/><E12/><N who="2" m="7583" /><F96/><W72/><G24/><T27/><D27/><U13/><E13/><V23/><F14/><RYUUKYOKU ba="0,1" sc="200,15,281,15,289,-15,220,-15" hai0="26,29,35,50,52,57,63,66,69,80,94,98,102" hai1="4,6,88,90" /><INIT seed="4,1,1,5,1,126" ten="215,296,274,205" oya="0" hai0="7,4,15,69,16,25,94,110,71,130,33,10,8" hai1="103,9,76,89,17,82,122,29,108,121,36,93,41" hai2="56,72,27,52,67,50,61,66,43,12,70,31,28" hai3="2,42,14,58,125,45,92,123,113,135,59,128,77"/><T119/><D119/><U116/><E108/><V85/><F72/><W102/><G2/><T22/><D110/><U40/><E116/><V11/><F70/><W91/><G125/><T107/><D107/><U57/><E103/><V49/><F85/><W68/><G68/><T3/><D130/><U73/><E29/><N who="2" m="11339" /><F27/><W30/><G113/><T35/><D71/><U106/><E106/><V21/><F21/><W18/><G135/><T117/><D69/><U127/><E127/><V114/><F114/><W44/><G123/><T51/><D117/><U48/><E41/><V74/><F74/><W6/><G6/><T75/><D75/><U13/><E36/><V24/><F24/><W124/><G124/><T90/><D51/><N who="2" m="19466" /><F43/><W54/><G77/><T95/><D95/><U109/><E109/><V0/><F0/><W129/><G30/><T84/><AGARI ba="1,1" hai="3,4,7,8,10,15,16,22,25,33,35,84,90,94" machi="84" ten="20,3900,0" yaku="0,1,7,1,54,1" doraHai="126" who="0" fromWho="0" sc="215,52,296,-14,274,-14,205,-14" /><INIT seed="4,2,0,1,0,49" ten="267,282,260,191" oya="0" hai0="0,64,67,5,119,4,45,105,107,26,31,46,77" hai1="3,55,43,15,10,121,29,99,59,120,62,111,102" hai2="110,42,14,11,32,91,92,83,9,63,88,81,37" hai3="116,73,130,36,7,134,125,13,40,66,39,79,65"/><T6/><D0/><U51/><E111/><V17/><F32/><W113/><G116/><T86/><D119/><U82/><E3/><V54/><F110/><W124/><G113/><T34/><D105/><U60/><E29/><V100/><F42/><W89/><G130/><T58/><D107/><U44/><E82/><N who="2" m="31243" /><F37/><N who="3" m="14411" /><G79/><T87/><D77/><U78/><E62/><V12/><F100/><W72/><G40/><T23/><D34/><U126/><E126/><N who="3" m="48746" /><G89/><N who="2" m="34377" /><F92/><W21/><G134/><T71/><D71/><U30/><E30/><V95/><F95/><W114/><G114/><T76/><D76/><U128/><E78/><V109/><F109/><W115/><G115/><T98/><D98/><U61/><E128/><V38/><F38/><W25/><G7/><T48/><D46/><U132/><E132/><V96/><F96/><W108/><G108/><T131/><D131/><U80/><E80/><V106/><F106/><W75/><G13/><N who="2" m="5225" /><F17/><AGARI ba="2,0" hai="17,21,25,65,66,72,73,75" m="48746,14411" machi="17" ten="40,1300,0" yaku="18,1" doraHai="49" who="3" fromWho="2" sc="267,0,282,0,260,-19,191,19" /><INIT seed="5,0,0,5,2,78" ten="267,282,241,210" oya="1" hai0="31,62,26,70,76,17,68,42,94,133,38,41,88" hai1="89,81,115,119,118,36,24,48,46,47,128,71,114" hai2="134,123,80,85,20,30,131,9,93,12,11,126,117" hai3="40,57,50,96,10,15,8,63,16,127,104,29,83"/><U109/><E109/><V102/><F117/><W4/><G127/><T120/><D133/><U56/><E71/><V45/><F123/><W125/><G125/><T19/><D120/><U54/><E128/><V121/><F126/><W79/><G104/><T13/><D76/><U95/><E81/><V105/><F105/><W65/><G29/><T21/><D19/><U130/><E24/><V64/><F121/><W91/><G40/><T86/><D38/><U97/><E130/><V61/><F45/><N who="1" m="16905" /><E36/><V77/><F134/><W84/><G50/><T25/><D25/><U98/><E98/><N who="2" m="59727" /><F131/><W103/><G103/><T82/><D94/><U135/><E135/><V39/><F39/><W75/><G96/><T73/><D73/><U44/><N who="1" m="16913" /><U34/><DORA hai="33" /><E34/><V90/><F77/><W6/><REACH who="3" step="1"/><G10/><REACH who="3" ten="267,282,241,200" step="2"/><T28/><D31/><U59/><E119/><V35/><F35/><W124/><G124/><T106/><D106/><U2/><E118/><V51/><F51/><W74/><G74/><T52/><D42/><U110/><E110/><V111/><F111/><W60/><G60/><T22/><D41/><U101/><E101/><V32/><F32/><W49/><G49/><T55/><D62/><U69/><E48/><V132/><F132/><W67/><G67/><T107/><D107/><U5/><E97/><V0/><F30/><W129/><G129/><T58/><D55/><U116/><E116/><V87/><F87/><W23/><G23/><T3/><D52/><U122/><E122/><V27/><F64/><W112/><G112/><T72/><D72/><U1/><E115/><RYUUKYOKU ba="0,1" sc="267,-10,282,-10,241,-10,200,30" hai3="4,6,8,15,16,57,63,65,75,79,83,84,91" /><INIT seed="6,1,1,3,5,77" ten="257,272,231,230" oya="2" hai0="29,97,50,67,45,107,35,68,134,115,62,82,96" hai1="110,44,92,9,37,1,81,10,114,112,109,33,61" hai2="111,65,103,19,116,20,57,60,99,14,128,79,131" hai3="125,51,129,102,38,66,3,91,124,86,130,113,83"/><V120/><F116/><W36/><G3/><T121/><D121/><U39/><E33/><V63/><F120/><W69/><G102/><T123/><D123/><U58/><E92/><V32/><F111/><W132/><G51/><T2/><D2/><U41/><E37/><N who="3" m="14442" /><G113/><N who="1" m="43626" /><E9/><V71/><F32/><W23/><G23/><T117/><D115/><U100/><E100/><V95/><REACH who="2" step="1"/><F79/><REACH who="2" ten="257,272,221,230" step="2"/><W87/><G132/><T90/><D117/><U5/><E110/><V47/><F47/><W11/><G124/><T46/><D46/><U21/><E109/><V26/><F26/><W22/><G125/><T6/><D45/><U28/><E44/><V133/><F133/><W122/><G122/><T13/><D134/><U27/><E39/><V64/><AGARI ba="1,2" hai="14,19,20,57,60,63,64,65,71,95,99,103,128,131" machi="64" ten="30,6000,0" yaku="1,1,0,1,53,1" doraHai="77" doraHaiUra="53" who="2" fromWho="2" sc="257,-21,272,-21,221,83,230,-21" owari="236,-16.4,251,5.1,304,40.4,209,-29.1" /></mjloggm>