<mjloggm ver="2.3"><GO type="225" lobby="0"/><UN n0="%E5%A4%9C%E3%81%AE%E3%82%AC%E3%82%B9%E3%83%91%E3%83%BC%E3%83%AB" n1="%E3%81%B5%E3%81%98%E3%81%8B%E3%81%A4" n2="%6D%75%75%6D%75%72%61" n3="%4B%2E%32%2E%4B%2E" dan="16,16,16,16" rate="2103.16,2097.66,2071.78,2182.37" sx="M,M,F,M"/><TAIKYOKU oya="0"/><INIT seed="0,0,0,3,2,33" ten="250,250,250,250" oya="0" hai0="13,117,21,41,47,97,63,39,56,5,1,80,126" hai1="122,127,120,23,88,121,74,118,44,49,70,4,40" hai2="2,103,36,58,32,129,98,89,78,46,11,65,52" hai3="26,115,133,17,0,119,114,105,68,108,73,100,14"/><T7/><D117/><U134/><E118/><V10/><F32/><W81/><G14/><T85/><D126/><U93/><E74/><V34/><F34/><W54/><G54/><T20/><D97/><U112/><E70/><V123/><F123/><W116/><G17/><T3/><D7/><U95/><E127/><V92/><F129/><W15/><G15/><T25/><D13/><U109/><E109/><V42/><F78/><N who="3" m="44239" /><G26/><T60/><D5/><U51/><E134/><V82/><F2/><W130/><G68/><T90/><D21/><U64/><E64/><V61/><REACH who="2" step="1"/><F65/><REACH who="2" ten="250,250,240,250" step="2"/><W19/><G0/><T101/><D101/><U12/><E112/><V124/><F124/><W6/><G130/><T35/><D35/><U24/><E122/><V55/><F55/><W62/><G115/><T16/><D63/><U91/><E121/><V94/><F94/><W76/><G105/><T29/><D29/><N who="1" m="17567" /><E120/><V48/><F48/><W53/><G76/><T102/><D102/><U59/><E95/><V125/><F125/><W79/><G79/><T9/><D9/><N who="1" m="4135" /><E93/><V67/><F67/><AGARI ba="0,1" hai="1,3,16,20,25,39,41,47,56,60,67,80,85,90" machi="67" ten="30,11600,0" yaku="7,1,52,2,54,1" doraHai="33" who="0" fromWho="2" sc="250,126,250,0,240,-116,250,0" /><INIT seed="0,1,0,1,2,100" ten="376,250,124,250" oya="0" hai0="73,25,9,126,10,15,43,20,4,69,22,133,58" hai1="128,94,116,93,98,109,49,117,36,129,13,132,135" hai2="72,122,88,119,118,56,61,18,42,131,125,74,35" hai3="114,80,90,57,67,31,89,107,62,28,24,0,34"/><T23/><D69/><U40/><E36/><V92/><F122/><W95/><G114/><T87/><D73/><U108/><E40/><V127/><F35/><W85/><G0/><T45/><D126/><N who="2" m="48138" /><F42/><W2/><G2/><T5/><D133/><N who="1" m="51275" /><E49/><V76/><F76/><W96/><REACH who="3" step="1"/><G31/><REACH who="3" ten="376,250,124,240" step="2"/><N who="0" m="17831" /><D5/><U3/><E3/><V1/><F1/><W50/><G50/><N who="0" m="26943" /><D10/><U63/><E63/><V55/><F18/><W103/><G103/><T54/><D87/><U83/><E13/><V33/><F33/><W68/><G68/><T79/><D79/><U124/><E124/><V59/><F131/><N who="1" m="50249" /><E83/><V32/><F32/><W14/><G14/><T104/><D15/><U64/><E64/><N who="2" m="38951" /><F72/><W44/><G44/><T71/><D71/><U111/><E98/><N who="2" m="57607" /><F74/><W82/><G82/><T110/><D4/><U47/><E47/><V130/><F130/><W134/><G134/><T91/><D9/><U29/><E29/><V75/><F75/><W51/><G51/><AGARI ba="1,1" hai="51,55,59,118,119" m="57607,38951,48138" machi="51" ten="30,2000,0" yaku="18,1,54,1" doraHai="100" who="2" fromWho="3" sc="376,0,250,0,124,33,240,-23" /><INIT seed="1,0,0,1,3,90" ten="376,250,157,217" oya="1" hai0="29,114,38,36,134,22,127,98,39,51,40,79,97" hai1="52,80,101,77,2,17,86,48,122,92,133,26,87" hai2="119,106,108,96,21,88,6,91,23,46,62,124,123" hai3="89,104,28,31,116,69,128,120,94,3,11,5,1"/><U113/><E122/><V56/><F123/><W15/><G104/><T95/><D114/><U72/><E113/><V82/><F119/><W81/><G120/><T27/><D127/><U7/><E2/><V14/><F124/><W57/><G69/><T115/><D115/><U74/><E7/><V37/><F108/><W54/><G116/><T76/><D134/><U117/><E117/><V65/><F37/><W78/><G128/><T70/><D70/><U10/><E133/><V34/><F34/><W67/><G67/><T71/><D71/><U129/><E129/><V118/><F118/><W75/><G3/><T35/><D98/><N who="1" m="59591" /><E72/><V53/><F106/><W30/><G1/><T93/><D35/><U110/><E74/><V55/><F82/><W109/><G109/><T135/><D135/><U0/><E0/><V105/><F105/><W18/><G5/><T121/><D121/><U64/><E64/><V112/><F112/><W24/><G54/><N who="2" m="20489" /><F46/><W49/><G49/><T41/><D51/><U4/><E87/><V132/><F132/><W8/><G57/><T111/><D111/><U130/><E130/><V84/><F84/><W102/><G102/><T19/><D97/><U59/><E4/><V16/><F6/><W33/><REACH who="3" step="1"/><G8/><REACH who="3" ten="376,250,157,207" step="2"/><T45/><D39/><U63/><E110/><V68/><F68/><W107/><G107/><T100/><D38/><U20/><E10/><N who="2" m="6231" /><F91/><W126/><G126/><T12/><D100/><U47/><E47/><V125/><F125/><W99/><AGARI ba="0,1" hai="11,15,18,24,28,30,31,33,75,78,81,89,94,99" machi="99" ten="20,5200,0" yaku="1,1,0,1,7,1,52,1,53,0" doraHai="90" doraHaiUra="42" who="3" fromWho="3" sc="376,-13,250,-26,157,-13,207,62" /><INIT seed="2,0,0,1,4,96" ten="363,224,144,269" oya="2" hai0="86,130,23,71,11,16,56,121,7,68,87,91,54" hai1="8,119,27,102,105,116,14,49,109,58,46,60,93" hai2="106,72,117,0,15,132,103,131,129,123,128,17,114" hai3="126,92,33,34,127,107,26,122,97,19,61,37,113"/><V35/><F114/><W89/><G122/><T29/><D130/><U31/><E109/><V99/><F123/><W12/><G37/><T38/><D38/><U84/><E105/><V39/><F117/><W134/><G113/><T13/><D29/><U48/><E84/><V120/><F120/><W81/><G134/><T62/><D87/><U74/><E74/><V45/><F132/><W2/><G2/><T47/><D47/><U110/><E110/><V21/><F72/><W83/><G107/><T98/><D98/><N who="1" m="59727" /><E46/><V28/><F0/><W135/><G61/><T101/><D101/><U20/><E119/><V53/><F53/><W118/><G118/><T133/><D121/><U79/><E79/><V94/><F106/><W63/><G63/><T75/><D75/><U4/><E116/><V41/><REACH who="2" step="1"/><F28/><REACH who="2" ten="363,224,134,269" step="2"/><N who="3" m="19607" /><G135/><T64/><D54/><AGARI ba="0,1" hai="4,8,14,20,27,31,48,49,54,58,60" m="59727" machi="54" ten="30,2000,0" yaku="8,1,52,1" doraHai="96" who="1" fromWho="0" sc="363,-20,224,30,134,0,269,0" /><INIT seed="3,0,0,0,3,50" ten="343,254,134,269" oya="3" hai0="53,77,11,46,17,106,84,38,16,8,108,5,115" hai1="102,56,76,24,48,67,61,120,99,37,85,88,134" hai2="130,54,119,1,101,35,96,52,42,133,72,122,110" hai3="39,19,49,91,21,126,92,33,74,12,124,58,63"/><W32/><G39/><T68/><D106/><U70/><E120/><V66/><F119/><W71/><G74/><T73/><D68/><U6/><E37/><V128/><F122/><W28/><G71/><T112/><D108/><U44/><E76/><V94/><F110/><W13/><G49/><N who="0" m="28855" /><D38/><U69/><E134/><V62/><F133/><W34/><G28/><T132/><D73/><U47/><E24/><V2/><F72/><W30/><G30/><T23/><D132/><U64/><E6/><V95/><F42/><W135/><G12/><N who="0" m="9607" /><D17/><U117/><E117/><V109/><F35/><W3/><G3/><T65/><D65/><U81/><E67/><V123/><F123/><W36/><G36/><T129/><D129/><N who="2" m="49770" /><F109/><W31/><G31/><T27/><D27/><U14/><E14/><V86/><F2/><W107/><G107/><T131/><D5/><U104/><E44/><V125/><F1/><W26/><G26/><T20/><D20/><U79/><E79/><V93/><F125/><W116/><G116/><T82/><D131/><U111/><E111/><V97/><F86/><W40/><G40/><AGARI ba="0,0" hai="40,47,48,56,61,64,69,70,81,85,88,99,102,104" machi="40" ten="30,2000,0" yaku="7,1,54,1" doraHai="50" who="1" fromWho="3" sc="343,0,254,20,134,0,269,-20" owari="343,44.3,274,7.4,134,-36.6,249,-15.1" /></mjloggm>