<mjloggm ver="2.3"><GO type="225" lobby="0"/><UN n0="%E6%98%93%E5%88%A9%E8%96%A9%E4%BC%AF" n1="%E7%99%BD%E9%9B%AA%E4%B9%83%E6%84%9B" n2="%E7%99%BD%E6%97%A5%E9%9B%AA%E8%8F%9C" n3="%E5%B0%8F%E9%B3%A5%E9%81%8A%E7%B7%B4%E7%84%A1%32%31%E6%AD%B3" dan="16,16,16,16" rate="2062.70,2065.91,2144.96,2184.39" sx="F,F,M,F"/><TAIKYOKU oya="0"/><INIT seed="0,0,0,3,4,115" ten="250,250,250,250" oya="0" hai0="124,28,48,57,88,107,96,83,60,9,7,75,92" hai1="65,25,43,116,34,26,72,51,94,52,3,53,24" hai2="133,87,4,121,108,42,102,59,0,114,37,78,74" hai3="13,127,29,113,122,27,16,70,61,67,125,118,56"/><T111/><D124/><N who="3" m="47689" /><G113/><T46/><D111/><U112/><E112/><V19/><F114/><W40/><G40/><T11/><D28/><U123/><E123/><V58/><F102/><W106/><G106/><T85/><D107/><U95/><E72/><V93/><F121/><W105/><G105/><T66/><D7/><U21/><E3/><V54/><F108/><W41/><G41/><T119/><D75/><U134/><E134/><V63/><F133/><W44/><G44/><T81/><D81/><U97/><E65/><V22/><F74/><W79/><G79/><T130/><D119/><U35/><E116/><V84/><F78/><W103/><G103/><T91/><REACH who="0" step="1"/><D130/><REACH who="0" ten="240,250,250,250" step="2"/><U1/><E1/><V10/><F0/><W64/><G118/><T23/><D23/><U39/><E21/><V73/><F22/><N who="3" m="11535" /><G122/><T100/><D100/><U17/><E34/><V68/><F73/><W62/><G29/><T132/><D132/><U104/><E104/><V8/><F4/><W76/><G76/><T55/><AGARI ba="0,1" hai="9,11,46,48,55,57,60,66,83,85,88,91,92,96" machi="55" ten="20,12000,1" yaku="1,1,0,1,7,1,8,1,54,1,53,0" doraHai="115" doraHaiUra="71" who="0" fromWho="0" sc="240,130,250,-40,250,-40,250,-40" /><INIT seed="0,1,0,2,5,8" ten="370,210,210,210" oya="0" hai0="110,100,27,76,106,124,10,30,59,121,13,68,15" hai1="2,11,83,127,116,73,32,88,38,91,71,66,46" hai2="131,61,45,63,109,132,0,48,24,129,78,12,44" hai3="19,111,122,21,81,35,90,75,130,87,64,42,89"/><T23/><D121/><U135/><E116/><V120/><F120/><W67/><G122/><T16/><D68/><U54/><E32/><V33/><F0/><W92/><G35/><T123/><D123/><U77/><E135/><V56/><F132/><W26/><G111/><T86/><D124/><U37/><E127/><V51/><F109/><W20/><G130/><N who="2" m="49673" /><F78/><W53/><G42/><T70/><D70/><U50/><E66/><V98/><F98/><W108/><G108/><T29/><D110/><U102/><E102/><V4/><F24/><W9/><G9/><T101/><D106/><U1/><E71/><V107/><F107/><W47/><G21/><N who="0" m="15599" /><D59/><U74/><E74/><V80/><F80/><W55/><G75/><T34/><D30/><U17/><E1/><V119/><F33/><W85/><G47/><N who="2" m="17993" /><F63/><W43/><G43/><T125/><D34/><U105/><E105/><V96/><F96/><W36/><G36/><T115/><D115/><U126/><E126/><V57/><F57/><W62/><G62/><T95/><D125/><U69/><E69/><V52/><F119/><W99/><REACH who="3" step="1"/><G99/><REACH who="3" ten="370,210,210,200" step="2"/><T79/><D101/><U3/><E37/><V97/><F97/><W118/><G118/><T5/><D100/><U112/><E38/><V31/><F31/><W93/><G93/><T84/><D95/><U25/><E112/><V22/><F4/><W40/><G40/><T113/><D113/><U117/><E117/><V134/><F134/><W103/><G103/><T28/><D28/><U65/><E73/><V58/><F58/><W133/><G133/><T128/><D128/><RYUUKYOKU ba="1,1" sc="370,10,210,-30,210,10,200,10" hai0="5,10,13,15,16,23,76,79,84,86" hai2="12,22,48,51,52,56,61" hai3="19,20,26,53,55,64,67,81,85,87,89,90,92" /><INIT seed="0,2,1,2,1,114" ten="380,180,220,210" oya="0" hai0="61,6,130,53,10,47,65,40,50,133,58,32,122" hai1="0,124,1,52,8,37,110,24,17,63,97,49,105" hai2="81,80,125,21,123,79,28,45,19,34,35,93,135" hai3="64,7,103,30,120,108,91,104,98,118,33,20,100"/><T112/><D112/><U96/><E37/><V29/><F123/><W117/><G103/><T9/><D122/><U11/><E110/><V121/><F121/><W87/><G120/><T126/><D126/><U12/><E124/><V131/><F125/><W54/><G7/><T60/><D32/><U57/><E24/><V106/><F106/><W95/><G108/><T90/><D130/><U23/><E105/><V62/><F131/><W43/><G43/><T89/><D133/><U94/><E97/><V92/><F135/><W48/><G33/><T18/><D18/><U38/><E38/><V26/><F35/><W107/><G64/><T5/><D10/><U71/><E0/><V115/><F115/><W2/><G2/><T72/><D72/><U116/><E1/><V83/><F79/><W127/><G107/><T66/><D40/><U31/><E31/><N who="2" m="11851" /><F34/><W86/><G86/><T74/><D74/><U99/><E99/><V82/><N who="2" m="20480" /><DORA hai="77" /><V134/><F134/><W101/><G127/><T129/><D129/><U3/><E3/><V13/><F45/><W132/><G132/><T59/><D6/><U85/><E85/><V56/><F26/><W14/><G104/><T55/><D55/><AGARI ba="2,1" hai="13,19,21,55,56,62,92,93" m="20480,11851" machi="55" ten="40,8000,1" yaku="8,1,52,4" doraHai="114,77" who="2" fromWho="0" sc="380,-86,180,0,220,96,210,0" /><INIT seed="1,0,0,4,2,54" ten="294,180,316,210" oya="1" hai0="47,114,79,69,35,33,29,46,102,2,89,9,62" hai1="14,37,111,115,21,17,134,34,12,40,109,117,63" hai2="43,77,106,87,15,71,88,11,3,96,105,65,41" hai3="92,31,100,53,6,107,81,56,131,135,128,132,94"/><U5/><E115/><V101/><F3/><W116/><G6/><T36/><D114/><U83/><E117/><V67/><F106/><W98/><G31/><T8/><D102/><U124/><E34/><V103/><F103/><W50/><G81/><T122/><D122/><U104/><E104/><V91/><F77/><W7/><G7/><T51/><D79/><U18/><E124/><V86/><F86/><W74/><G74/><T39/><D89/><U58/><E5/><V70/><F67/><W112/><G112/><T26/><D35/><U68/><E68/><V1/><F1/><W76/><G76/><T129/><D47/><U24/><E83/><V55/><F55/><W38/><G38/><T126/><D129/><N who="3" m="49737" /><G116/><T22/><D33/><U108/><E134/><AGARI ba="0,0" hai="50,53,56,92,94,98,100,107,132,134,135" m="49737" machi="134" ten="30,3900,0" yaku="20,1,19,1,52,1" doraHai="54" who="3" fromWho="1" sc="294,0,180,-39,316,0,210,39" /><INIT seed="2,0,0,1,1,81" ten="294,141,316,249" oya="2" hai0="75,112,123,10,56,25,125,107,24,77,94,111,134" hai1="60,82,37,30,69,87,23,53,101,12,21,76,39" hai2="28,79,132,105,47,88,73,91,11,3,65,90,58" hai3="15,92,51,44,74,57,16,55,14,59,7,20,26"/><V124/><F105/><W121/><G74/><T117/><D107/><U113/><E113/><V63/><F124/><W122/><G7/><T4/><D112/><U135/><E135/><V70/><F132/><W83/><G92/><T35/><D134/><U9/><E101/><V72/><F28/><W80/><G122/><T100/><D111/><U34/><E34/><V0/><F79/><W49/><G121/><T106/><D106/><U103/><E103/><V109/><F109/><W128/><G59/><T84/><D35/><U19/><E30/><V71/><F47/><W38/><G38/><T118/><D125/><U115/><E115/><V50/><F50/><W68/><G68/><T127/><D75/><U1/><E1/><V27/><F27/><W61/><G49/><T95/><D100/><U36/><REACH who="1" step="1"/><E53/><REACH who="1" ten="294,131,316,249" step="2"/><V43/><F0/><W13/><REACH who="3" step="1"/><G128/><REACH who="3" ten="294,131,316,239" step="2"/><T93/><D123/><U129/><E129/><V45/><F3/><W33/><G33/><T46/><D127/><U18/><E18/><V17/><F17/><W5/><G5/><T86/><D4/><U102/><E102/><V119/><F43/><AGARI ba="0,2" hai="13,14,15,16,20,26,43,44,51,55,57,61,80,83" machi="43" ten="40,8000,1" yaku="1,1,8,1,54,1,53,1" doraHai="81" doraHaiUra="54" who="3" fromWho="2" sc="294,0,131,0,316,-80,239,100" /><INIT seed="3,0,0,3,0,43" ten="294,131,236,339" oya="3" hai0="7,1,79,37,116,18,17,78,53,14,91,72,6" hai1="127,130,119,123,117,49,101,32,131,71,58,88,121" hai2="16,61,81,24,125,31,55,12,44,104,25,22,56" hai3="93,9,42,60,113,124,10,67,105,62,120,47,15"/><W34/><G34/><T65/><D1/><U27/><E32/><V19/><F125/><W90/><G105/><T111/><D37/><U102/><E27/><V80/><F104/><W84/><G120/><N who="1" m="46154" /><E71/><V135/><F135/><W4/><G124/><T52/><D65/><U110/><E127/><V70/><F70/><W122/><G113/><T133/><D72/><U8/><E8/><V2/><F2/><W48/><G122/><T74/><D74/><U23/><E23/><V69/><F69/><W33/><G33/><T38/><D38/><U97/><E58/><V30/><F25/><W36/><G67/><T129/><D116/><N who="1" m="44619" /><E49/><V77/><F31/><W41/><G10/><T54/><D111/><U95/><E110/><V11/><F77/><N who="0" m="29194" /><D129/><U126/><E126/><V3/><F3/><W40/><G36/><T20/><D133/><U85/><E102/><V0/><F0/><W86/><G62/><T106/><D106/><U5/><E5/><N who="0" m="1545" /><D91/><U26/><E26/><V100/><F100/><W76/><G60/><T51/><D18/><U13/><E13/><V99/><F19/><W63/><G63/><T50/><AGARI ba="0,0" hai="14,17,20,50,51,52,53,54" m="1545,29194" machi="50" ten="40,2700,0" yaku="8,1,54,1" doraHai="43" who="0" fromWho="0" sc="294,27,131,-7,236,-7,339,-13" owari="321,12.1,124,-37.6,229,-17.1,326,42.6" /></mjloggm>