<mjloggm ver="2.3"><GO type="225" lobby="0"/><UN n0="%E3%82%B8%E3%83%A3%E3%83%9E%E3%83%BC%E3%83%AB%E3%83%9E%E3%83%AC%E3%83%BC" n1="%E9%A2%A8%E3%81%A7%E9%B3%B4%E3%81%8F" n2="%E7%BD%AA%E5%88%91%E6%B3%95%E5%AE%9A%E4%B8%BB%E7%BE%A9" n3="%6D%75%75%6D%75%72%61" dan="17,16,16,16" rate="2196.90,2121.45,2160.76,2102.71" sx="M,M,M,F"/><TAIKYOKU oya="0"/><INIT seed="0,0,0,4,4,91" ten="250,250,250,250" oya="0" hai0="94,110,77,37,99,24,111,121,39,42,106,105,93" hai1="113,86,109,90,29,19,26,30,112,88,70,87,103" hai2="98,49,135,101,72,44,0,78,58,97,134,120,48" hai3="1,122,117,63,52,59,84,115,125,116,107,14,124"/><T104/><D121/><U6/><E6/><V18/><F120/><W25/><G122/><T47/><D77/><U3/><E103/><V41/><F0/><W118/><G1/><T132/><D132/><N who="2" m="50730" /><F18/><W73/><G73/><T92/><D24/><U46/><E70/><V34/><F34/><W7/><G115/><N who="1" m="44106" /><E3/><V108/><F108/><N who="0" m="41514" /><D37/><U15/><E46/><N who="2" m="25679" /><F58/><W65/><G107/><N who="0" m="27395" /><T89/><AGARI ba="0,0" hai="39,42,47,89,92,93,94,99" m="27395,41514" machi="89" ten="50,18000,2" yaku="4,1,14,1,10,1,52,3" doraHai="91" who="0" fromWho="0" sc="250,180,250,-60,250,-60,250,-60" /><INIT seed="0,1,0,5,2,121" ten="430,190,190,190" oya="0" hai0="38,60,77,62,101,91,47,83,118,120,50,36,12" hai1="100,52,102,31,85,95,134,86,57,81,127,124,114" hai2="82,5,32,103,73,96,126,119,30,29,58,27,44" hai3="26,14,8,71,123,41,88,18,79,106,1,42,68"/><T56/><D120/><U9/><E31/><V46/><F126/><N who="1" m="48169" /><E134/><V48/><F119/><W113/><G123/><T17/><D118/><U116/><E116/><V25/><F5/><W67/><G113/><T110/><D101/><U107/><E107/><V23/><F58/><W34/><G106/><T64/><D62/><N who="1" m="36135" /><E114/><V78/><REACH who="2" step="1"/><F48/><REACH who="2" ten="430,190,180,190" step="2"/><W84/><G71/><T90/><D50/><U33/><E33/><V54/><F54/><W53/><G68/><T16/><D56/><U6/><E95/><AGARI ba="1,1" hai="23,25,27,29,30,32,44,46,73,78,82,95,96,103" machi="95" ten="30,2000,0" yaku="1,1,7,1,53,0" doraHai="121" doraHaiUra="13" who="2" fromWho="1" sc="430,0,190,-23,180,33,190,0" /><INIT seed="1,0,0,1,3,99" ten="430,167,213,190" oya="1" hai0="59,73,29,4,103,61,54,83,95,34,49,52,20" hai1="112,85,131,37,23,9,75,25,69,56,115,21,133" hai2="10,114,123,124,0,58,128,119,6,57,68,7,129" hai3="18,41,60,107,90,77,35,28,135,5,91,62,88"/><U84/><E37/><V71/><F119/><W109/><G109/><T92/><D34/><U63/><E69/><N who="2" m="26699" /><F123/><W42/><G135/><T1/><D103/><U33/><E75/><V27/><F124/><W122/><G122/><T30/><D1/><U116/><E116/><V38/><F38/><W14/><G107/><T113/><D113/><U105/><E105/><V16/><F114/><W31/><G77/><T8/><D73/><U24/><E33/><V46/><F46/><W45/><G5/><T55/><D83/><U108/><E9/><V104/><F7/><W87/><G87/><T89/><D95/><U117/><E117/><V53/><F53/><W86/><G86/><T70/><D70/><U82/><E56/><V43/><F43/><N who="3" m="16395" /><G45/><T19/><D8/><U130/><E63/><N who="3" m="24106" /><G35/><T81/><D81/><U110/><REACH who="1" step="1"/><E82/><REACH who="1" ten="430,157,213,190" step="2"/><V106/><F104/><W127/><G127/><T39/><D39/><U125/><E125/><V17/><F106/><W15/><G15/><N who="0" m="9343" /><D49/><U48/><E48/><V32/><F58/><W97/><G97/><N who="0" m="57487" /><D4/><U22/><E22/><AGARI ba="0,1" hai="14,18,22,28,31,88,90,91" m="24106,16395" machi="22" ten="30,2000,0" yaku="8,1,54,1" doraHai="99" who="3" fromWho="1" sc="430,0,157,-20,213,0,190,30" /><INIT seed="2,0,0,0,1,132" ten="430,137,213,220" oya="2" hai0="7,62,17,98,74,102,54,128,111,64,118,68,33" hai1="19,127,61,31,35,56,22,60,27,45,50,110,66" hai2="53,2,23,75,122,131,85,133,78,1,28,106,120" hai3="104,116,125,121,103,8,51,3,29,119,70,124,15"/><V92/><F106/><W69/><G121/><T93/><D111/><U24/><E110/><V38/><F133/><W84/><G3/><T135/><D135/><U115/><E61/><V77/><F38/><W126/><G29/><T112/><D112/><U40/><REACH who="1" step="1"/><E127/><REACH who="1" ten="430,127,213,220" step="2"/><V26/><F131/><W97/><G119/><T65/><D128/><U73/><E73/><V11/><F75/><W41/><G116/><T47/><D74/><U37/><E37/><V25/><F122/><W32/><G69/><T130/><D130/><U48/><E48/><V20/><F120/><W42/><G70/><T95/><D68/><U39/><E39/><V123/><F123/><W0/><G51/><T43/><D62/><U117/><E117/><V30/><F53/><W89/><G41/><T5/><D54/><U9/><E9/><V6/><F1/><W113/><G42/><T4/><D43/><U88/><E88/><AGARI ba="0,1" hai="2,6,11,20,23,25,26,28,30,77,78,85,88,92" machi="88" ten="40,3900,0" yaku="9,1,54,1" doraHai="132" who="2" fromWho="1" sc="430,0,127,-39,213,49,220,0" /><INIT seed="2,1,0,0,4,80" ten="430,88,262,220" oya="2" hai0="59,31,83,1,62,6,107,7,34,76,40,101,28" hai1="15,61,103,114,53,78,102,113,63,124,54,4,72" hai2="32,13,36,129,44,18,116,98,74,14,119,92,97" hai3="60,23,118,122,51,126,109,84,30,95,25,20,96"/><V90/><F74/><W82/><G118/><T46/><D107/><U104/><E104/><V35/><F129/><W9/><G122/><T130/><D101/><U24/><E15/><V106/><F13/><W68/><G109/><T10/><D7/><U2/><E4/><V134/><F134/><W93/><G126/><T55/><D34/><U135/><E72/><V115/><F115/><W123/><G123/><T128/><D128/><U111/><E78/><V64/><F64/><W89/><G68/><T50/><D130/><U133/><E24/><V88/><F119/><W105/><G105/><T121/><D121/><U42/><E42/><V26/><F26/><N who="3" m="16711" /><G60/><T41/><D41/><U29/><E29/><V56/><F116/><W16/><G96/><T94/><D94/><N who="3" m="35849" /><G51/><T5/><D5/><U27/><E27/><V11/><F90/><W66/><G66/><T73/><AGARI ba="1,0" hai="1,6,10,28,31,40,46,50,55,59,62,73,76,83" machi="73" ten="20,1500,0" yaku="0,1,7,1" doraHai="80" who="0" fromWho="0" sc="430,18,88,-5,262,-8,220,-5" /><INIT seed="3,0,0,2,5,11" ten="448,83,254,215" oya="3" hai0="82,67,105,133,8,108,51,120,122,115,9,35,90" hai1="85,12,7,106,38,86,126,71,75,100,96,83,95" hai2="59,117,89,10,121,101,113,114,81,49,72,104,57" hai3="87,112,84,22,23,77,26,99,116,53,3,97,15"/><W62/><G112/><T16/><D35/><U107/><E71/><V61/><F117/><W34/><G3/><T66/><D105/><N who="1" m="39947" /><E12/><V1/><F121/><W45/><G34/><T42/><D115/><U118/><E7/><V69/><F69/><W129/><G116/><T0/><D108/><U131/><E38/><V5/><F101/><W30/><G129/><T123/><D133/><U93/><E118/><V109/><F104/><W128/><G128/><T4/><D16/><U94/><E131/><V102/><F102/><W37/><G37/><T47/><D9/><U48/><E48/><V135/><F109/><W124/><G124/><T28/><D28/><U132/><E132/><V70/><F70/><W18/><G77/><T54/><D42/><U68/><E68/><V76/><F89/><W60/><G45/><T27/><D27/><U52/><E52/><V33/><F33/><W13/><G53/><T55/><D55/><U40/><E40/><V64/><F135/><W134/><G134/><T36/><D36/><U130/><E130/><V127/><F127/><W20/><G20/><T63/><D63/><U74/><E126/><V125/><F125/><W98/><G13/><T58/><D47/><U56/><E56/><V19/><F19/><W65/><G65/><T88/><D90/><N who="1" m="51519" /><E86/><AGARI ba="0,0" hai="15,18,22,23,26,30,60,62,84,86,87,97,98,99" machi="86" ten="40,3900,0" yaku="8,1,52,1" doraHai="11" who="3" fromWho="1" sc="448,0,83,-39,254,0,215,39" /><INIT seed="3,1,0,3,2,109" ten="448,44,254,254" oya="3" hai0="7,49,3,73,74,70,112,88,96,1,14,30,98" hai1="67,94,75,59,69,20,105,55,117,106,108,0,107" hai2="102,118,64,79,32,115,77,34,132,86,58,124,131" hai3="83,104,99,28,13,93,35,4,82,87,101,125,25"/><W111/><G125/><T129/><D70/><U51/><E94/><V62/><F115/><W103/><G111/><T84/><D112/><U61/><E20/><V18/><F118/><W48/><G48/><T63/><D129/><U123/><E55/><V10/><F131/><W54/><G54/><T81/><D1/><U50/><E59/><V126/><F102/><W57/><G57/><T85/><D3/><U39/><E61/><V92/><F132/><W53/><G53/><T95/><D74/><U27/><E27/><V65/><F65/><W133/><G133/><T56/><D73/><U122/><E67/><V8/><F92/><W24/><G24/><T71/><D30/><U16/><E105/><V72/><F72/><W68/><G68/><T23/><D71/><U113/><E106/><V43/><F43/><W33/><G33/><N who="2" m="12905" /><F18/><W120/><G120/><T78/><D49/><U52/><E16/><V121/><F121/><W21/><G35/><T76/><D78/><N who="2" m="29706" /><F86/><W66/><G66/><N who="0" m="39271" /><D23/><U80/><E122/><V60/><F60/><W100/><G104/><T45/><D45/><U11/><E123/><V42/><F42/><W127/><G127/><AGARI ba="1,0" hai="8,10,58,62,64,124,126,127" m="29706,12905" machi="127" ten="30,1000,0" yaku="18,1" doraHai="109" who="2" fromWho="3" sc="448,0,44,0,254,13,254,-13" owari="448,54.8,44,-45.6,267,6.7,241,-15.9" /></mjloggm>