<mjloggm ver="2.3"><GO type="225" lobby="0"/><UN n0="%E3%81%AF%E3%82%88%E3%81%8A%E3%81%98%E3%81%95%E3%82%93" n1="%E6%A0%B9%E5%85%83%E3%81%8B%E3%82%89%E5%90%B9%E3%81%A3%E9%A3%9B%E3%81%B6" n2="%E7%A7%8B%E6%9C%88%E7%9C%9F%E7%90%86%E4%BA%9E" n3="%72%69%6F%75%63%68%61%6E" dan="16,16,16,17" rate="2161.91,2170.17,2102.08,2246.22" sx="M,F,F,M"/><TAIKYOKU oya="0"/><INIT seed="0,0,0,2,2,118" ten="250,250,250,250" oya="0" hai0="50,98,38,46,3,68,85,52,79,27,75,133,37" hai1="84,67,16,93,89,14,11,41,111,70,130,116,117" hai2="35,76,123,17,71,53,103,23,81,47,78,104,32" hai3="91,122,112,65,69,96,88,120,4,13,60,31,72"/><T55/><D3/><U86/><E111/><V9/><F71/><W39/><G112/><T131/><D75/><U61/><E130/><V128/><F128/><W0/><G0/><T44/><D131/><U80/><REACH who="1" step="1"/><E41/><REACH who="1" ten="250,240,250,250" step="2"/><V18/><F123/><N who="3" m="47147" /><G39/><T48/><D38/><U135/><E135/><V74/><F35/><W105/><G72/><T113/><D133/><U77/><AGARI ba="0,1" hai="11,14,16,61,67,70,77,80,84,86,89,93,116,117" machi="77" ten="20,8000,1" yaku="1,1,0,1,7,1,54,1,53,1" doraHai="118" doraHaiUra="56" who="1" fromWho="1" sc="250,-40,240,90,250,-20,250,-20" /><INIT seed="1,0,0,1,3,115" ten="210,330,230,230" oya="1" hai0="64,110,85,100,29,96,61,134,8,88,111,122,119" hai1="34,13,39,18,75,26,21,84,114,59,27,35,73" hai2="78,54,120,56,58,91,46,23,2,32,66,25,3" hai3="65,19,5,131,130,77,57,112,95,105,14,117,55"/><U30/><E39/><V121/><F32/><N who="1" m="12329" /><E84/><V68/><F78/><W89/><G112/><T53/><D29/><N who="1" m="17615" /><E59/><V12/><F12/><W20/><G117/><T118/><D8/><N who="1" m="6439" /><E75/><V0/><F68/><W92/><G5/><T101/><D134/><U4/><E73/><V80/><F46/><W125/><G125/><T129/><D129/><N who="3" m="49161" /><G105/><T60/><D122/><U116/><E114/><V86/><F66/><W45/><G77/><T42/><D42/><U67/><E67/><V11/><F58/><W6/><G6/><T41/><D41/><U51/><E51/><V38/><F38/><W10/><G10/><T128/><D53/><U63/><E63/><N who="0" m="24137" /><D64/><U15/><E116/><N who="0" m="44585" /><D96/><U113/><E113/><V48/><F120/><W132/><G132/><T97/><D97/><U127/><E127/><V108/><F121/><W90/><G45/><T16/><D128/><U102/><E102/><V72/><F72/><W52/><G65/><T106/><D106/><U17/><E4/><V70/><F70/><W22/><G57/><T133/><D133/><U36/><E36/><V37/><F37/><W9/><G55/><T50/><D50/><U87/><E87/><V1/><F56/><W104/><G52/><T47/><D47/><U28/><E27/><V76/><F54/><W82/><G104/><T135/><D135/><U99/><E99/><V40/><F48/><W7/><G7/><T103/><D85/><U98/><E98/><V126/><F40/><W33/><G92/><T107/><D107/><U79/><E79/><V69/><F76/><W124/><G95/><T83/><D101/><RYUUKYOKU ba="0,0" sc="210,-10,330,30,230,-10,230,-10" hai1="15,17,28,30" /><INIT seed="1,1,0,3,3,101" ten="200,360,220,220" oya="1" hai0="27,60,1,69,116,42,18,36,12,62,48,68,49" hai1="0,11,6,86,23,83,84,77,52,61,96,35,109" hai2="81,13,56,34,128,40,117,66,74,8,97,115,59" hai3="129,55,135,93,98,3,64,121,103,110,107,15,7"/><U89/><E109/><V37/><F34/><W88/><G110/><T24/><D116/><U133/><E133/><V73/><F117/><W41/><G121/><T71/><D1/><U99/><E35/><V113/><F128/><W95/><G129/><T72/><D72/><U50/><E61/><V47/><F97/><W21/><G135/><T28/><D36/><U16/><E86/><V70/><F70/><W111/><G111/><T134/><D134/><U58/><E77/><V45/><F45/><W119/><G119/><T9/><D27/><AGARI ba="1,0" hai="0,6,11,16,23,27,50,52,58,83,84,89,96,99" machi="27" ten="30,5800,0" yaku="7,1,54,2" doraHai="101" who="1" fromWho="0" sc="200,-61,360,61,220,0,220,0" /><INIT seed="1,2,0,4,4,82" ten="139,421,220,220" oya="1" hai0="4,118,103,90,21,30,63,115,88,48,92,132,121" hai1="3,0,70,61,47,122,86,93,85,94,40,15,89" hai2="128,76,131,55,134,74,39,52,38,13,41,130,27" hai3="95,133,81,18,84,91,19,53,68,77,60,23,78"/><U56/><E70/><V66/><F134/><W102/><G133/><T75/><D132/><U16/><E122/><V100/><F100/><W73/><G78/><T125/><D118/><U6/><E6/><V126/><F126/><W67/><G23/><T114/><D75/><U59/><E0/><V113/><F113/><W34/><G34/><T120/><D4/><U10/><E3/><V17/><F66/><W117/><G117/><T79/><D79/><U111/><E111/><V37/><F41/><W14/><G14/><T119/><D119/><U26/><E26/><V127/><F27/><W12/><G12/><T9/><D9/><U1/><E1/><V110/><F110/><W72/><G72/><T104/><D125/><U33/><E33/><V29/><F29/><W54/><REACH who="3" step="1"/><G102/><REACH who="3" ten="139,421,220,210" step="2"/><T5/><D21/><U129/><E15/><V22/><F127/><W42/><G42/><T98/><D30/><U51/><E40/><V96/><F76/><W25/><G25/><T24/><D24/><U46/><E10/><V108/><F74/><W116/><G116/><T83/><D5/><U57/><E61/><V65/><F108/><W106/><G106/><T112/><D63/><U49/><E51/><V45/><F22/><W80/><G80/><T71/><D48/><U44/><E49/><V2/><F2/><W99/><G99/><N who="0" m="57751" /><D71/><U87/><E129/><V109/><F96/><W123/><G123/><T43/><D43/><U35/><E35/><V97/><F97/><W8/><G8/><T36/><D36/><U69/><E69/><V31/><F128/><W62/><G62/><RYUUKYOKU ba="2,1" sc="139,15,421,-15,220,-15,210,15" hai0="83,88,98,103,104,112,114,115,120,121" hai3="18,19,53,54,60,67,68,73,77,81,84,91,95" /><INIT seed="2,3,1,0,4,0" ten="154,406,205,225" oya="2" hai0="81,37,91,30,38,135,78,44,64,90,77,76,50" hai1="25,101,66,132,71,39,87,100,84,131,79,61,128" hai2="92,56,103,65,53,27,60,115,130,133,68,9,127" hai3="70,120,122,8,125,7,28,55,34,6,80,82,12"/><V62/><F115/><W3/><G70/><T126/><D126/><U57/><E132/><V18/><F130/><N who="1" m="49705" /><E39/><V42/><F133/><W96/><G96/><T108/><D135/><U67/><E25/><V75/><F75/><W59/><G125/><T49/><D108/><U134/><E134/><V83/><F127/><W1/><G28/><T114/><D114/><U73/><E73/><V5/><F83/><W110/><G34/><T22/><D64/><U107/><E107/><V14/><F42/><W112/><G110/><T24/><D50/><U23/><E23/><V19/><REACH who="2" step="1"/><F27/><REACH who="2" ten="154,406,195,225" step="2"/><W40/><G40/><T118/><D118/><U89/><E71/><V21/><F21/><W31/><G112/><T104/><D81/><N who="1" m="47167" /><E67/><V54/><F54/><W33/><G82/><AGARI ba="3,2" hai="57,61,66,82,87,89,100,101" m="47167,49705" machi="82" ten="30,1000,0" yaku="19,1" doraHai="0" who="1" fromWho="3" sc="154,0,406,39,195,0,225,-19" /><INIT seed="3,0,0,4,5,94" ten="154,445,195,206" oya="3" hai0="44,25,52,108,37,88,0,49,66,50,11,113,115" hai1="90,9,135,14,58,75,98,107,22,13,87,45,26" hai2="71,74,101,43,62,72,33,21,81,24,120,119,92" hai3="124,93,112,68,129,132,12,34,121,103,97,134,69"/><W4/><G121/><T100/><D37/><U8/><E75/><V6/><F33/><W99/><G112/><N who="0" m="43083" /><D108/><U63/><E135/><N who="3" m="51754" /><G124/><T48/><D66/><N who="1" m="39287" /><E107/><V86/><F119/><W80/><G129/><T19/><D25/><U65/><E98/><N who="3" m="37386" /><G34/><T131/><D100/><U38/><E65/><V106/><F101/><W16/><G4/><N who="0" m="1415" /><D19/><N who="1" m="12639" /><E45/><V42/><F6/><W2/><G2/><T1/><D1/><U123/><E38/><V57/><F120/><W126/><G126/><T29/><D29/><U77/><E77/><V54/><F106/><W85/><G103/><T102/><D102/><U35/><E35/><V55/><F71/><W5/><G5/><T128/><D88/><U10/><E123/><V41/><F74/><W83/><G68/><T133/><D133/><U23/><E23/><V73/><F72/><W127/><G69/><T125/><D125/><U82/><AGARI ba="0,0" hai="8,9,10,13,14,82,87,90" m="12639,39287" machi="82" ten="30,1100,0" yaku="8,1" doraHai="94" who="1" fromWho="1" sc="154,-3,445,11,195,-3,206,-5" owari="151,-34.9,456,55.6,192,-20.8,201,0.1" /></mjloggm>