<mjloggm ver="2.3"><GO type="225" lobby="0"/><UN n0="%6D%75%75%6D%75%72%61" n1="%E9%B3%B3%E6%9D%B1%E3%81%AE%E3%81%86%E3%81%95%E3%81%8E%E3%81%95%E3%82%93" n2="%E3%81%95%E3%81%8D%E3%81%9F%E3%81%BE%E6%9E%97%E6%AA%8E" n3="%E5%A0%80%E5%B7%9D%E9%9B%B7%E9%BC%93" dan="17,16,16,16" rate="2211.71,2144.60,2194.98,2010.71" sx="F,M,M,F"/><TAIKYOKU oya="0"/><INIT seed="0,0,0,4,1,41" ten="250,250,250,250" oya="0" hai0="86,30,99,135,109,42,55,2,66,25,130,128,110" hai1="10,117,114,97,46,76,18,98,84,129,80,43,24" hai2="118,78,83,133,120,15,107,87,90,111,52,39,123" hai3="115,72,92,62,94,60,19,95,3,77,100,79,51"/><T96/><D135/><U32/><E117/><V23/><F111/><N who="0" m="42506" /><D2/><U93/><E129/><N who="0" m="49769" /><D66/><U12/><E114/><V16/><F118/><W68/><G115/><T57/><D42/><U121/><E121/><V103/><F133/><W34/><G34/><N who="0" m="20815" /><D86/><U131/><E131/><V5/><F39/><W104/><G3/><T4/><D4/><U35/><E24/><V13/><F5/><W132/><G132/><T8/><D8/><U22/><E10/><V106/><F123/><W28/><G28/><T44/><D44/><U69/><E69/><V6/><F120/><W45/><G104/><T20/><D20/><U127/><E32/><V38/><F23/><W126/><G126/><T11/><D11/><U37/><E127/><V56/><F6/><W14/><G100/><T91/><D91/><U59/><E35/><V31/><F107/><W74/><G74/><T7/><D7/><U54/><REACH who="1" step="1"/><E93/><REACH who="1" ten="250,240,250,250" step="2"/><V124/><F106/><W89/><G68/><T48/><AGARI ba="0,1" hai="48,55,57,96,99" m="20815,49769,42506" machi="48" ten="30,6000,0" yaku="14,1,10,1,19,1" doraHai="41" who="0" fromWho="0" sc="250,70,240,-20,250,-20,250,-20" /><INIT seed="0,1,0,4,2,25" ten="320,220,230,230" oya="0" hai0="92,20,45,33,23,3,18,95,123,14,114,88,69" hai1="74,21,6,32,105,19,30,1,133,118,67,44,104" hai2="73,110,121,27,31,112,122,37,132,22,5,4,40" hai3="58,85,36,9,16,35,43,11,52,42,120,50,93"/><T97/><D114/><U80/><E118/><V24/><F110/><W90/><G35/><T108/><D123/><U103/><E133/><V131/><F73/><W65/><G120/><T125/><D33/><U72/><E67/><V130/><F132/><W134/><G134/><T0/><D108/><U17/><E17/><N who="2" m="12367" /><F37/><W94/><G36/><T55/><D69/><U78/><E72/><V62/><F40/><N who="3" m="15403" /><G65/><T124/><D23/><U86/><E44/><V84/><F84/><W77/><G77/><T12/><D12/><N who="1" m="9447" /><E103/><V7/><F62/><W98/><G16/><T83/><D83/><U51/><E86/><V127/><F127/><N who="0" m="48714" /><D95/><U63/><E104/><V41/><F41/><W96/><G85/><T68/><D68/><U13/><E105/><V2/><F2/><W39/><G39/><T106/><D106/><U10/><E13/><V29/><F112/><W109/><G109/><T28/><D3/><U81/><E1/><V99/><F99/><W107/><G107/><T56/><D0/><U48/><E74/><V66/><F66/><W101/><AGARI ba="1,0" hai="9,11,50,52,58,90,93,94,96,98,101" m="15403" machi="101" ten="30,2000,0" yaku="8,1,54,1" doraHai="25" who="3" fromWho="3" sc="320,-11,220,-6,230,-6,230,23" /><INIT seed="1,0,0,4,1,33" ten="309,214,224,253" oya="1" hai0="104,20,131,61,7,81,96,43,108,97,95,93,114" hai1="16,53,15,2,86,29,22,23,55,51,87,59,26" hai2="11,1,19,78,18,118,50,8,68,56,127,54,42" hai3="44,67,100,24,40,28,52,34,99,117,46,47,60"/><U103/><E2/><V122/><F118/><W65/><G117/><T90/><D114/><U45/><REACH who="1" step="1"/><E103/><REACH who="1" ten="309,204,224,253" step="2"/><V25/><F1/><W119/><G119/><T76/><D131/><U70/><E70/><V0/><F68/><N who="3" m="42023" /><G67/><T102/><D102/><U115/><E115/><V57/><F0/><W130/><G130/><T73/><D104/><U111/><E111/><V13/><F122/><W113/><G113/><T3/><D108/><U48/><AGARI ba="0,1" hai="15,16,22,23,26,29,45,48,51,53,55,59,86,87" machi="48" ten="20,18000,2" yaku="1,1,0,1,7,1,8,1,54,1,53,2" doraHai="33" doraHaiUra="80" who="1" fromWho="1" sc="309,-60,204,190,224,-60,253,-60" /><INIT seed="1,1,0,1,0,87" ten="249,394,164,193" oya="1" hai0="77,21,127,83,17,5,91,32,96,26,121,67,111" hai1="119,9,15,49,19,38,117,79,27,73,68,133,33" hai2="105,135,63,6,37,99,35,130,122,114,104,28,18" hai3="23,98,123,61,118,45,132,112,24,128,92,72,125"/><U90/><E38/><V107/><F122/><W100/><G123/><T88/><D121/><U58/><E68/><V115/><F37/><W71/><G112/><N who="2" m="43049" /><F6/><W94/><G72/><T57/><D111/><U44/><E58/><V13/><F135/><W8/><G132/><T86/><D127/><U56/><E56/><V25/><F130/><W110/><G110/><T80/><D32/><U36/><E36/><V120/><F120/><W124/><G128/><T34/><D34/><U50/><E133/><V29/><F29/><N who="3" m="17567" /><G45/><T78/><D5/><U22/><E33/><V7/><F7/><W41/><G41/><T109/><D109/><U97/><E79/><N who="0" m="30217" /><D96/><U4/><E73/><V116/><F116/><W101/><G8/><T2/><D2/><U48/><REACH who="1" step="1"/><E44/><REACH who="1" ten="249,384,164,193" step="2"/><V64/><F64/><W129/><G129/><T47/><D47/><U102/><E102/><N who="2" m="62559" /><F63/><W0/><G61/><T95/><D67/><U108/><E108/><V20/><AGARI ba="1,1" hai="13,18,20,25,28,35,105,107" m="62559,43049" machi="20" ten="30,1100,0" yaku="11,1" doraHai="87" who="2" fromWho="2" sc="249,-4,384,-6,164,24,193,-4" /><INIT seed="2,0,0,2,0,63" ten="245,378,188,189" oya="2" hai0="90,116,126,75,127,53,124,100,81,59,110,82,98" hai1="39,22,37,36,119,72,77,76,87,83,120,19,58" hai2="60,21,111,131,38,29,108,115,88,26,107,70,128" hai3="10,23,103,5,50,56,113,66,135,92,31,24,11"/><V2/><F115/><W109/><G109/><N who="2" m="42057" /><F38/><W27/><G135/><T42/><D110/><U28/><E119/><V3/><F107/><W35/><G113/><T62/><D116/><U106/><E106/><V133/><F133/><W46/><G56/><T16/><D42/><U30/><E120/><V64/><F88/><W45/><G66/><T95/><D75/><U89/><E58/><V71/><F71/><W49/><G103/><T13/><REACH who="0" step="1"/><D100/><REACH who="0" ten="235,378,188,189" step="2"/><U86/><E72/><V52/><F52/><W117/><G117/><T14/><D14/><U8/><E37/><V32/><F32/><W121/><G121/><T65/><D65/><U80/><E39/><V73/><F73/><W79/><G35/><T51/><D51/><U130/><E36/><V4/><F4/><W84/><G49/><T69/><D69/><U85/><E89/><V123/><F123/><W91/><G5/><T34/><D34/><U101/><E101/><V96/><F96/><W55/><G79/><T132/><D132/><U74/><E74/><V93/><F93/><W54/><G54/><T57/><D57/><U118/><E118/><V44/><F44/><W33/><REACH who="3" step="1"/><G46/><REACH who="3" ten="235,378,188,179" step="2"/><T41/><D41/><U125/><E77/><V105/><F105/><W94/><G94/><T40/><D40/><U47/><E76/><V6/><F6/><W122/><G122/><T134/><D134/><U68/><E47/><V18/><F18/><AGARI ba="0,2" hai="10,11,18,23,24,27,31,33,45,50,55,84,91,92" machi="18" ten="30,2000,0" yaku="1,1,7,1,53,0" doraHai="63" doraHaiUra="1" who="3" fromWho="2" sc="235,0,378,0,188,-20,179,40" /><INIT seed="3,0,0,3,2,76" ten="235,378,168,219" oya="3" hai0="103,40,30,78,60,16,74,47,33,102,122,14,28" hai1="24,65,105,36,90,37,2,31,53,110,75,84,106" hai2="4,17,131,69,10,128,62,124,96,56,22,132,55" hai3="107,98,71,85,49,51,59,54,3,109,108,92,89"/><W104/><G71/><T73/><D122/><U7/><E53/><V5/><F69/><W93/><G3/><T125/><D125/><U27/><E65/><V39/><F39/><W97/><G49/><T111/><D111/><N who="3" m="42569" /><G97/><T68/><D60/><U26/><E110/><V15/><F124/><W94/><G94/><T80/><D73/><U34/><E75/><V48/><F132/><W61/><G61/><T66/><D66/><U117/><E106/><V13/><F96/><W114/><G114/><T42/><D42/><U63/><E105/><V82/><F62/><W112/><G112/><T9/><D68/><U127/><E127/><V29/><F29/><W83/><G92/><T100/><REACH who="0" step="1"/><D33/><REACH who="0" ten="225,378,168,219" step="2"/><U70/><E63/><V18/><REACH who="2" step="1"/><F82/><REACH who="2" ten="225,378,158,219" step="2"/><W119/><G119/><T133/><D133/><U45/><E117/><V11/><F11/><W23/><G23/><T91/><D91/><AGARI ba="0,2" hai="51,54,59,83,85,89,91,93,98,104,107" m="42569" machi="91" ten="30,5800,0" yaku="14,1,10,1,52,1" doraHai="76" who="3" fromWho="0" sc="225,-58,378,0,158,0,219,78" /><INIT seed="3,1,0,4,1,68" ten="167,378,158,297" oya="3" hai0="35,1,59,71,101,2,123,52,91,121,125,93,25" hai1="69,131,114,46,41,96,118,100,102,62,26,66,119" hai2="65,19,30,92,34,56,84,39,79,115,90,5,72" hai3="67,82,7,130,94,78,3,127,95,73,117,132,107"/><W124/><G67/><T45/><D71/><U103/><E131/><V37/><F115/><W21/><G21/><T48/><D101/><U0/><E114/><V108/><F5/><W57/><G57/><T106/><D106/><N who="1" m="63751" /><E0/><V109/><F19/><W120/><G7/><T17/><D125/><N who="3" m="48201" /><G3/><T49/><D1/><U58/><E26/><N who="2" m="18775" /><F79/><W16/><G16/><T97/><D2/><U87/><E87/><V8/><F72/><W18/><G18/><T9/><D35/><U24/><E24/><V54/><F65/><W76/><G120/><T112/><D112/><U42/><E69/><V128/><F8/><W10/><G10/><T86/><D86/><U20/><E41/><V43/><F43/><W47/><G47/><T126/><D126/><U83/><E20/><V40/><F40/><W50/><G50/><T129/><D129/><U14/><E14/><V55/><F128/><W12/><G12/><N who="0" m="7311" /><D25/><U113/><E113/><V81/><F92/><N who="3" m="35371" /><G130/><T28/><D28/><U104/><E58/><V38/><F56/><W134/><G117/><T31/><D31/><U53/><E62/><V122/><F122/><W133/><G76/><T89/><D123/><U111/><E53/><V74/><F74/><W98/><G133/><T77/><D121/><U51/><E51/><V6/><F6/><W15/><G15/><T36/><D77/><U13/><E46/><V32/><F32/><W4/><G4/><T11/><D11/><U88/><E13/><V105/><F105/><W75/><G75/><T85/><D49/><U22/><E104/><V80/><F80/><W27/><G27/><RYUUKYOKU ba="1,0" sc="167,-15,378,-15,158,15,297,15" hai2="37,38,39,54,55,81,84,90,108,109" hai3="73,78,82,98,107,132,134" /><INIT seed="3,2,0,4,4,75" ten="152,363,173,312" oya="3" hai0="54,45,112,127,66,96,135,39,105,67,120,78,24" hai1="69,134,104,130,51,2,115,117,106,52,123,82,126" hai2="26,23,100,15,99,83,48,59,65,37,19,55,40" hai3="77,74,108,80,132,43,31,38,3,41,28,72,128"/><W79/><G3/><T1/><D120/><U122/><RYUUKYOKU type="yao9" ba="2,0" sc="152,0,363,0,173,0,312,0" hai1="2,51,52,69,82,104,106,115,117,122,123,126,130,134" /><INIT seed="3,3,0,0,3,60" ten="152,363,173,312" oya="3" hai0="112,50,105,130,54,126,18,113,80,103,66,108,20" hai1="120,34,92,64,23,73,125,96,127,47,13,49,134" hai2="72,56,12,61,1,2,29,82,68,59,101,14,94" hai3="129,100,4,78,62,81,9,40,93,117,8,25,26"/><W63/><G117/><T90/><D108/><U53/><E120/><V16/><F29/><W123/><G123/><T74/><D126/><N who="1" m="48139" /><E134/><V98/><F68/><W19/><G129/><T77/><D130/><U85/><E73/><V52/><F14/><N who="3" m="5383" /><G40/><T104/><D90/><U71/><E34/><V35/><F35/><W95/><G26/><N who="0" m="14615" /><D103/><U46/><E85/><V48/><F72/><W106/><G106/><T42/><D42/><U83/><E83/><V5/><F82/><W87/><G100/><T122/><D122/><U75/><E75/><V118/><F118/><W114/><G114/><N who="0" m="44139" /><D66/><U97/><E46/><V17/><F1/><W44/><G44/><T124/><D124/><U132/><E132/><V65/><F2/><W15/><G25/><T84/><D74/><U38/><E38/><V22/><F17/><W11/><G11/><T39/><D39/><U116/><E116/><V89/><F5/><W131/><G131/><T70/><D70/><U135/><E135/><V57/><F101/><W30/><G30/><T58/><AGARI ba="3,0" hai="50,54,58,77,80,84,104,105" m="44139,14615" machi="58" ten="30,1100,0" yaku="11,1" doraHai="60" who="0" fromWho="0" sc="152,20,363,-6,173,-6,312,-8" owari="172,-22.8,357,45.7,167,-33.3,304,10.4" /></mjloggm>