<mjloggm ver="2.3"><GO type="225" lobby="0"/><UN n0="%E7%A7%8B%E6%9C%88%E7%9C%9F%E7%90%86%E4%BA%9E" n1="%45%6C%79%73%69%75%6D" n2="%72%69%6F%75%63%68%61%6E" n3="%E3%81%9F%E3%81%A3%E3%81%A1%E3%82%87" dan="16,18,17,16" rate="2122.21,2204.83,2254.45,2098.38" sx="F,F,M,M"/><TAIKYOKU oya="0"/><INIT seed="0,0,0,3,2,66" ten="250,250,250,250" oya="0" hai0="22,5,69,77,98,80,79,129,1,116,27,43,42" hai1="0,123,70,125,41,96,45,44,49,94,3,30,102" hai2="15,107,82,101,33,40,99,58,90,65,115,93,134" hai3="8,133,13,61,105,110,31,67,85,29,68,89,17"/><T131/><D116/><U104/><E123/><V11/><F134/><W124/><G133/><T100/><D69/><U108/><E108/><V135/><F135/><W113/><G110/><T74/><D77/><U14/><E125/><V10/><F115/><W48/><G124/><T78/><D78/><U23/><E70/><V53/><F33/><W47/><G105/><T34/><D34/><U75/><E75/><V62/><F40/><W112/><G29/><T109/><D109/><U63/><E63/><V32/><F32/><W6/><G31/><N who="0" m="17911" /><D5/><U60/><E60/><V128/><F128/><N who="0" m="49226" /><D1/><U21/><E3/><V24/><F24/><W54/><REACH who="3" step="1"/><G6/><REACH who="3" ten="250,250,250,240" step="2"/><T36/><D36/><U103/><E30/><V97/><F82/><AGARI ba="0,1" hai="8,13,17,47,48,54,61,67,68,82,85,89,112,113" machi="82" ten="30,12000,2" yaku="1,1,2,1,7,1,25,2,52,1,53,1" doraHai="66" doraHaiUra="57" who="3" fromWho="2" sc="250,0,250,0,250,-120,240,130" /><INIT seed="1,0,0,1,3,86" ten="250,250,130,370" oya="1" hai0="84,43,98,66,104,103,10,64,31,42,121,69,32" hai1="70,17,19,78,55,131,92,91,8,79,133,2,100" hai2="113,134,25,22,7,53,59,101,49,30,67,45,0" hai3="105,125,35,123,61,72,117,38,68,99,14,106,57"/><U111/><E133/><V75/><F134/><W26/><G38/><T112/><D112/><U56/><E70/><V11/><F75/><W28/><G72/><T73/><D73/><U130/><E100/><V80/><F113/><W16/><G125/><T94/><D121/><U41/><E41/><V82/><F101/><W44/><G123/><T77/><D10/><U97/><E111/><V20/><F22/><W109/><G109/><T9/><D9/><U89/><E2/><V36/><REACH who="2" step="1"/><F67/><REACH who="2" ten="250,250,120,370" step="2"/><W15/><G106/><T118/><D66/><U76/><E130/><V95/><F95/><W90/><G105/><T27/><D118/><U85/><E131/><V4/><F4/><W33/><G117/><T83/><D94/><N who="1" m="54575" /><E8/><V128/><F128/><W18/><G33/><T129/><D129/><U110/><E110/><V107/><F107/><W54/><G35/><T87/><D84/><U13/><E13/><V48/><F48/><AGARI ba="0,1" hai="17,19,48,55,56,76,78,79,91,92,97" m="54575" machi="48" ten="30,5800,0" yaku="8,1,52,2" doraHai="86" who="1" fromWho="2" sc="250,0,250,68,120,-58,370,0" /><INIT seed="1,1,0,2,4,106" ten="250,318,62,370" oya="1" hai0="8,30,23,93,53,42,78,47,17,118,24,57,2" hai1="38,99,122,4,69,59,35,92,9,71,73,126,75" hai2="16,103,45,11,72,134,85,109,105,87,52,27,74" hai3="110,83,31,20,46,56,121,3,37,6,104,116,54"/><U61/><E122/><V130/><F109/><W14/><G121/><T33/><D118/><U111/><E35/><V48/><F130/><W132/><G104/><T88/><D78/><U129/><E38/><V108/><F108/><W120/><G110/><T15/><D47/><U112/><E111/><V41/><F134/><W97/><G120/><T135/><D42/><U22/><E112/><V80/><F87/><W125/><G31/><T55/><D57/><U91/><E129/><V133/><F133/><W115/><G20/><T40/><D40/><U7/><E126/><V58/><F103/><W10/><G3/><T63/><D63/><U21/><E21/><V77/><F105/><W19/><G6/><T66/><D66/><U82/><E22/><V86/><F85/><W1/><G1/><T114/><D114/><U34/><E34/><V81/><F81/><W32/><G83/><T51/><D51/><U96/><E96/><V68/><F68/><W60/><G97/><T5/><D135/><U13/><E4/><V131/><F131/><W89/><G116/><T50/><D50/><U113/><E113/><V44/><F27/><W123/><G123/><T43/><D43/><U26/><E26/><V98/><F98/><AGARI ba="1,0" hai="2,5,8,15,17,23,24,30,33,53,55,88,93,98" machi="98" ten="30,7700,0" yaku="7,1,24,2,54,1" doraHai="106" who="0" fromWho="2" sc="250,80,318,0,62,-80,370,0" owari="330,13.0,318,-8.2,-18,-51.8,370,47.0" /></mjloggm>