<mjloggm ver="2.3"><GO type="225" lobby="0"/><UN n0="%E4%B8%89%E5%88%86%E5%B0%8F%E5%83%A7" n1="%E3%83%8F%E3%83%B3%E3%83%89%E3%83%A9%E3%83%BC%E3%83%BB%E3%83%AF%E3%83%B3" n2="%E3%83%B4%E3%82%A3%E3%83%AF%E3%82%B3%E3%82%B0%E3%83%8B" n3="%E3%81%90%E3%81%A1%E3%82%84%E3%81%BE" dan="16,17,16,16" rate="2118.82,2187.55,2217.57,2118.92" sx="M,M,M,M"/><TAIKYOKU oya="0"/><INIT seed="0,0,0,3,5,16" ten="250,250,250,250" oya="0" hai0="115,13,15,111,20,35,55,91,70,124,90,52,9" hai1="95,75,68,120,50,98,107,104,10,53,44,79,96" hai2="126,0,134,73,133,38,99,8,89,125,30,83,78" hai3="77,6,135,46,28,61,105,131,43,34,128,102,123"/><T36/><D35/><U40/><E120/><V76/><F38/><N who="3" m="21879" /><G123/><T25/><D115/><U57/><E68/><V2/><F30/><W18/><G135/><N who="2" m="51721" /><F8/><W65/><G18/><N who="0" m="12439" /><D36/><U31/><E31/><V64/><F64/><W63/><G77/><N who="2" m="29801" /><F2/><W109/><G6/><N who="0" m="3255" /><D70/><U97/><E95/><N who="2" m="56815" /><F0/><W62/><G65/><T101/><D124/><N who="2" m="47722" /><F83/><W118/><G109/><T32/><D111/><U71/><E71/><V42/><F42/><W19/><G19/><T17/><D32/><U114/><E10/><V72/><AGARI ba="0,0" hai="72,73" m="47722,56815,29801,51721" machi="72" ten="40,8000,1" yaku="20,1,18,1,34,2" doraHai="16" who="2" fromWho="2" sc="250,-40,250,-20,250,80,250,-20" /><INIT seed="1,0,0,5,2,115" ten="210,230,330,230" oya="1" hai0="114,33,109,62,108,96,55,1,27,122,9,63,20" hai1="26,64,74,47,95,10,120,111,39,135,15,35,127" hai2="23,11,107,66,76,104,126,16,51,102,79,53,0" hai3="46,42,6,22,70,12,7,4,84,88,21,60,41"/><U97/><E120/><V52/><F126/><W54/><G70/><T73/><D33/><U133/><E74/><V103/><F66/><W2/><G2/><T110/><D114/><U94/><E127/><V68/><F68/><W129/><G129/><T106/><D122/><U100/><E64/><V81/><F0/><W132/><G132/><N who="1" m="50762" /><E111/><V36/><F36/><W105/><G105/><T30/><D73/><U131/><E131/><V50/><F23/><N who="3" m="8715" /><G12/><T40/><D40/><N who="3" m="15465" /><G46/><T44/><D44/><U29/><E47/><V80/><F11/><W119/><G119/><T72/><D72/><U87/><E39/><V34/><F16/><W25/><G25/><T91/><D55/><U3/><E3/><V82/><F82/><N who="3" m="49175" /><G54/><T78/><D78/><U45/><E45/><V113/><F34/><W32/><G32/><T85/><D106/><N who="1" m="63759" /><E87/><V124/><F124/><W118/><G118/><T24/><D24/><U57/><E57/><V28/><F113/><W67/><G67/><T59/><D59/><U99/><E99/><V89/><F89/><W65/><G65/><T8/><D96/><U116/><E116/><V43/><F43/><W5/><G5/><AGARI ba="0,0" hai="5,10,15,26,29,35,94,95" m="63759,50762" machi="5" ten="30,1500,0" yaku="20,1" doraHai="115" who="1" fromWho="3" sc="210,0,230,15,330,0,230,-15" /><INIT seed="1,1,0,1,5,33" ten="210,245,330,215" oya="1" hai0="97,117,99,11,53,113,54,109,41,5,34,23,36" hai1="71,75,13,39,56,62,73,51,124,16,81,27,115" hai2="131,7,47,70,4,44,114,50,123,91,89,24,85" hai3="21,108,118,10,60,101,46,12,122,111,121,135,38"/><U9/><E115/><V31/><F123/><N who="3" m="47115" /><G101/><T35/><D113/><U8/><E39/><V32/><F114/><W42/><G60/><T104/><D117/><U119/><E119/><V17/><F131/><W48/><G21/><T110/><D23/><U61/><E124/><V126/><F126/><W80/><G118/><T96/><D104/><U105/><E105/><V30/><F70/><W68/><G68/><T15/><D41/><U127/><E127/><V129/><F129/><W90/><G135/><T22/><D22/><U86/><E71/><V100/><F100/><W29/><G29/><T55/><REACH who="0" step="1"/><D36/><REACH who="0" ten="200,245,330,215" step="2"/><U77/><E27/><V125/><F125/><W76/><G38/><T106/><D106/><U95/><E73/><V37/><F37/><W65/><G65/><T78/><D78/><U102/><E75/><V58/><F24/><W43/><G43/><T74/><D74/><U82/><E77/><V112/><F112/><W19/><G76/><T69/><D69/><U14/><E8/><V72/><F72/><W40/><G40/><T83/><D83/><U26/><E82/><V94/><F94/><W79/><G79/><T6/><D6/><U66/><E9/><V120/><F4/><W2/><G80/><T134/><D134/><U133/><E81/><V132/><F120/><W3/><G90/><T28/><D28/><U45/><E133/><V103/><F91/><W92/><G92/><T59/><D59/><U128/><E95/><V0/><F31/><W49/><G42/><T57/><D57/><U130/><E130/><V84/><F132/><W1/><G46/><RYUUKYOKU ba="1,1" sc="200,15,245,-15,330,-15,215,15" hai0="5,11,15,34,35,53,54,55,96,97,99,109,110" hai3="1,2,3,10,12,19,48,49,108,111" /><INIT seed="2,2,1,4,2,11" ten="215,230,315,230" oya="2" hai0="82,120,129,66,4,51,114,14,132,36,46,98,87" hai1="105,86,134,92,1,113,67,26,3,69,24,127,89" hai2="8,75,23,16,131,17,18,111,108,56,60,21,79" hai3="53,95,124,119,15,93,43,45,85,30,22,78,81"/><V5/><F131/><W62/><G119/><T58/><D120/><U61/><E113/><V72/><F21/><W19/><G124/><T59/><D114/><U128/><E105/><V13/><F23/><W117/><G117/><T115/><D115/><U70/><E70/><V88/><F88/><W27/><G62/><N who="0" m="38231" /><D36/><U44/><E128/><V6/><F6/><W68/><G53/><N who="0" m="32191" /><D132/><U96/><E134/><V10/><F10/><W90/><G68/><T109/><D109/><N who="2" m="42058" /><F79/><W29/><G27/><T121/><D121/><U77/><E127/><V7/><F7/><W133/><G133/><T47/><D98/><U9/><E26/><V33/><F33/><W94/><REACH who="3" step="1"/><G78/><REACH who="3" ten="215,230,315,220" step="2"/><N who="0" m="46551" /><D129/><U34/><E77/><V63/><F63/><W116/><G116/><T76/><D76/><U32/><E61/><V73/><F73/><W31/><G31/><T103/><D103/><U41/><E24/><V35/><F35/><W80/><G80/><T25/><D25/><U110/><E32/><V40/><F40/><W54/><G54/><AGARI ba="2,2" hai="5,8,13,16,17,18,54,56,60,72,75" m="42058" machi="54" ten="30,11600,0" yaku="14,1,10,1,52,1,54,1" doraHai="11" who="2" fromWho="3" sc="215,0,230,0,315,142,220,-122" /><INIT seed="2,3,0,2,2,38" ten="215,230,457,98" oya="2" hai0="7,98,56,18,8,105,33,93,61,133,81,91,20" hai1="59,83,52,106,57,78,22,53,65,25,49,2,67" hai2="21,40,126,66,54,90,63,116,124,82,6,97,100" hai3="10,128,125,115,64,89,58,109,121,95,108,114,1"/><V75/><F116/><W47/><G1/><T85/><D33/><U69/><E106/><V32/><F32/><W129/><G10/><T37/><D37/><U73/><E69/><V23/><F6/><W60/><G95/><T28/><D28/><U13/><E13/><V99/><F54/><W119/><G89/><T45/><D45/><U50/><REACH who="1" step="1"/><E2/><REACH who="1" ten="215,220,457,98" step="2"/><V135/><F126/><W88/><G125/><T79/><D105/><U107/><E107/><V48/><F124/><W131/><G88/><T62/><D133/><U72/><E72/><V15/><F75/><W11/><G11/><T77/><D79/><U103/><E103/><V86/><F100/><W9/><G9/><T130/><D130/><U43/><E43/><V55/><F40/><W94/><G119/><T92/><D92/><U29/><AGARI ba="3,1" hai="22,25,29,49,50,52,53,57,59,65,67,73,78,83" machi="29" ten="20,8000,1" yaku="1,1,0,1,7,1,9,1,54,1,53,0" doraHai="38" doraHaiUra="0" who="1" fromWho="1" sc="215,-23,220,99,457,-43,98,-23" /><INIT seed="3,0,0,4,5,39" ten="192,319,414,75" oya="3" hai0="83,8,130,45,122,111,87,89,120,91,62,59,29" hai1="108,117,78,3,81,28,99,88,7,25,128,17,26" hai2="55,113,74,124,95,34,129,66,73,51,93,10,85" hai3="19,11,46,72,102,41,77,131,27,16,36,53,123"/><W24/><G123/><T119/><D111/><U98/><E108/><V35/><F66/><W105/><G131/><T32/><D119/><U75/><E128/><V47/><F129/><W58/><G105/><T61/><D130/><U50/><E117/><V118/><F118/><W82/><G102/><T132/><D132/><U5/><E3/><V18/><F113/><W84/><G84/><N who="0" m="50335" /><D32/><U42/><E17/><V33/><F124/><W94/><G94/><N who="0" m="54655" /><D122/><U44/><E26/><V68/><F68/><W112/><G112/><T101/><D101/><U49/><E49/><V86/><F86/><W43/><G43/><T38/><D38/><U115/><E115/><V9/><F85/><W92/><G92/><T30/><D120/><U15/><E15/><V65/><F65/><W31/><G11/><T21/><D45/><U4/><REACH who="1" step="1"/><E88/><REACH who="1" ten="192,309,414,75" step="2"/><V56/><F51/><W106/><G106/><T71/><D62/><U67/><E67/><V135/><F18/><W64/><G64/><N who="0" m="38975" /><D71/><U70/><E70/><V100/><F135/><W52/><G27/><N who="0" m="16623" /><D8/><U14/><E14/><V97/><F9/><W114/><G114/><T22/><D22/><AGARI ba="0,1" hai="4,5,7,22,25,28,42,44,50,75,78,81,98,99" machi="22" ten="40,2600,0" yaku="1,1,52,1,53,0" doraHai="39" doraHaiUra="63" who="1" fromWho="0" sc="192,-26,309,36,414,0,75,0" owari="166,-23.4,345,14.5,414,51.4,75,-42.5" /></mjloggm>