<mjloggm ver="2.3"><GO type="225" lobby="0"/><UN n0="%E8%BE%9B%E5%8F%A3%E3%82%AB%E3%83%AC%E3%83%BC%E3%83%A9%E3%82%A4%E3%82%B9" n1="%68%6F%72%69%30%39%30%31" n2="%33%74%72%65%65" n3="%73%6C%69%63%6B%33%31%39" dan="16,16,16,16" rate="2200.91,2088.30,2156.33,2099.24" sx="M,M,F,M"/><TAIKYOKU oya="0"/><INIT seed="0,0,0,0,0,28" ten="250,250,250,250" oya="0" hai0="36,120,23,115,18,67,124,16,4,110,122,113,123" hai1="86,88,129,48,21,15,55,134,38,5,34,10,135" hai2="112,11,94,97,93,118,66,71,81,72,42,126,75" hai3="62,27,131,1,40,22,74,116,92,24,84,63,3"/><T119/><D36/><U68/><E38/><V30/><F112/><N who="0" m="43082" /><D67/><U59/><E68/><V90/><F42/><W103/><G74/><T83/><D83/><U96/><E129/><V105/><F11/><W132/><G116/><T85/><D85/><U51/><E96/><V53/><F30/><W8/><G131/><T99/><D99/><U109/><E109/><V130/><F53/><W19/><G40/><T111/><D124/><U64/><E64/><V125/><F66/><W29/><G84/><T12/><D4/><U43/><E34/><V7/><F7/><W45/><G92/><N who="2" m="35433" /><F71/><W107/><G103/><T31/><D31/><U76/><E76/><V37/><F37/><W128/><G128/><T44/><D44/><N who="1" m="25631" /><E21/><V26/><F130/><W61/><G45/><T77/><D77/><U78/><E78/><V133/><F72/><W69/><G69/><T6/><D6/><U47/><E134/><V87/><F133/><W100/><G132/><T20/><D119/><U70/><E70/><V9/><F75/><W17/><G100/><T25/><AGARI ba="0,0" hai="12,16,18,20,23,25,110,111,120,122,123" m="43082" machi="25" ten="40,7800,0" yaku="34,2,54,1" doraHai="28" who="0" fromWho="0" sc="250,78,250,-26,250,-26,250,-26" /><INIT seed="0,1,0,5,2,6" ten="328,224,224,224" oya="0" hai0="67,123,32,135,40,38,19,82,60,77,47,104,81" hai1="88,94,70,42,131,43,98,97,11,120,18,133,113" hai2="45,2,31,35,36,64,16,80,95,46,22,28,106" hai3="96,21,65,83,59,17,41,9,92,4,126,128,78"/><T53/><D123/><U56/><E120/><V119/><F106/><W15/><G128/><T99/><D135/><U54/><E131/><V24/><F119/><W73/><G126/><T58/><D32/><U69/><E133/><V20/><F2/><W91/><G41/><T125/><D125/><U102/><E113/><V108/><F108/><W71/><G71/><T27/><D104/><U61/><E69/><V132/><F132/><W23/><G65/><T55/><D99/><U13/><REACH who="1" step="1"/><E70/><REACH who="1" ten="328,214,224,224" step="2"/><V103/><F35/><W86/><G59/><T33/><D82/><U110/><E110/><V85/><F80/><W48/><G48/><T50/><D38/><U107/><AGARI ba="1,1" hai="11,13,18,42,43,54,56,61,88,94,97,98,102,107" machi="107" ten="20,8000,1" yaku="1,1,0,1,7,1,52,1,54,1,53,0" doraHai="6" doraHaiUra="130" who="1" fromWho="1" sc="328,-41,214,93,224,-21,224,-21" /><INIT seed="1,0,0,1,5,114" ten="287,307,203,203" oya="1" hai0="95,59,103,118,18,123,61,79,34,12,16,104,81" hai1="110,22,105,46,85,122,66,99,130,87,55,115,64" hai2="20,62,17,124,36,57,90,133,126,84,98,6,27" hai3="82,56,37,116,111,112,75,48,91,44,101,0,5"/><U113/><E122/><V29/><F36/><W93/><G112/><T24/><D104/><U63/><E22/><V25/><F133/><W40/><G111/><T68/><D123/><U69/><E105/><V65/><F6/><W51/><G101/><T33/><D118/><U74/><E99/><V26/><F98/><N who="3" m="57663" /><G56/><T76/><D68/><U28/><E28/><V94/><REACH who="2" step="1"/><F29/><REACH who="2" ten="287,307,193,203" step="2"/><W83/><G83/><T14/><D34/><U1/><E113/><V77/><F77/><N who="3" m="44351" /><G116/><T54/><D33/><U30/><E115/><V9/><F9/><AGARI ba="0,1" hai="0,5,9,37,40,44,48,51" m="44351,57663" machi="9" ten="30,1000,0" yaku="25,1" doraHai="114" who="3" fromWho="2" sc="287,0,307,0,193,-10,203,20" /><INIT seed="2,0,0,2,5,23" ten="287,307,183,223" oya="2" hai0="48,82,2,135,52,55,96,7,26,121,75,126,80" hai1="108,65,9,35,32,131,111,27,22,73,103,92,114" hai2="64,116,93,115,47,60,8,71,10,21,97,130,83" hai3="70,74,134,102,54,58,94,50,40,25,36,18,53"/><V49/><F115/><W76/><G134/><T0/><D121/><U79/><E114/><V28/><F116/><W19/><G70/><T112/><D112/><U113/><E131/><V122/><F122/><W13/><G36/><T120/><D120/><U110/><E65/><V17/><F130/><W133/><G133/><T16/><D135/><U37/><E37/><V87/><F28/><W31/><G74/><T56/><D7/><U30/><E113/><V118/><F118/><W125/><G125/><T72/><D72/><U62/><E62/><V4/><F4/><W107/><G107/><T86/><D75/><U12/><E79/><V5/><F5/><W20/><G76/><T109/><D109/><U51/><E51/><V1/><F1/><W123/><G123/><T24/><D126/><U85/><E73/><V42/><F87/><W45/><G102/><T67/><D67/><U38/><E38/><V57/><F83/><W90/><G40/><T95/><D55/><U14/><E14/><V119/><F71/><W6/><G6/><T89/><D82/><U128/><E128/><V68/><F68/><W63/><REACH who="3" step="1"/><G13/><REACH who="3" ten="287,307,183,213" step="2"/><T61/><D2/><U66/><E103/><N who="2" m="60847" /><F119/><W43/><G43/><T11/><D0/><U15/><E111/><V99/><F99/><AGARI ba="0,1" hai="18,19,20,25,31,45,50,53,54,58,63,90,94,99" machi="99" ten="30,7700,0" yaku="1,1,7,1,8,1,52,1,53,0" doraHai="23" doraHaiUra="3" who="3" fromWho="2" sc="287,0,307,0,183,-77,213,87" /><INIT seed="3,0,0,2,3,69" ten="287,307,106,300" oya="3" hai0="84,50,128,41,68,66,1,31,56,81,8,127,21" hai1="117,17,86,9,0,39,7,108,51,119,96,26,19" hai2="104,129,123,62,101,53,132,32,10,72,4,25,109" hai3="74,6,28,5,102,113,78,65,11,111,133,18,54"/><W15/><G113/><T120/><D120/><U99/><E39/><V100/><F123/><W88/><G133/><T95/><D127/><U98/><E108/><V131/><F109/><W103/><G111/><T37/><D128/><U107/><E107/><V118/><F118/><N who="1" m="45065" /><E26/><V67/><F132/><W79/><G65/><T27/><D68/><U59/><E86/><V89/><F53/><AGARI ba="0,0" hai="0,7,9,17,19,51,53,59,96,98,99" m="45065" machi="53" ten="30,1000,0" yaku="12,1" doraHai="69" who="1" fromWho="2" sc="287,0,307,10,106,-10,300,0" owari="287,-11.3,317,41.7,96,-40.4,300,10.0" /></mjloggm>