<mjloggm ver="2.3"><GO type="225" lobby="0"/><UN n0="%E3%81%99%E3%81%84%E3%81%BE%E3%81%9B%E3%83%BC%E3%82%93" n1="%E3%81%9F%E3%81%8C%E3%82%84%E3%81%99" n2="%72%69%6F%75%63%68%61%6E" n3="%E5%B5%90%E9%9B%B2%E3%81%AE%E3%82%AB%E3%83%A9%E3%82%B9" dan="16,16,17,16" rate="2084.26,2112.45,2274.73,2068.12" sx="M,M,M,F"/><TAIKYOKU oya="0"/><INIT seed="0,0,0,0,2,36" ten="250,250,250,250" oya="0" hai0="116,135,124,24,76,93,25,73,43,45,127,109,65" hai1="117,94,98,54,126,99,114,131,20,14,60,12,28" hai2="3,57,125,61,29,91,95,49,51,108,104,77,30" hai3="56,18,13,5,82,92,38,34,70,53,6,112,110"/><T11/><D116/><U55/><E99/><V59/><F108/><W41/><G70/><T62/><D135/><U9/><E117/><V8/><F125/><N who="0" m="48202" /><D109/><U87/><E126/><V123/><F123/><W106/><G106/><T64/><D93/><U71/><E131/><V88/><F104/><W33/><G110/><T129/><D129/><U27/><E114/><V4/><F77/><W89/><G112/><T68/><D65/><U7/><E87/><V80/><F80/><W23/><G82/><N who="0" m="45327" /><D11/><U101/><E71/><V83/><F83/><W2/><G34/><T39/><AGARI ba="0,0" hai="24,25,39,43,45,62,64,68" m="45327,48202" machi="39" ten="30,3000,0" yaku="18,1,52,1" doraHai="36" who="0" fromWho="0" sc="250,30,250,-10,250,-10,250,-10" /><INIT seed="0,1,0,3,4,96" ten="280,240,240,240" oya="0" hai0="72,42,18,108,112,68,45,81,107,124,36,125,99" hai1="89,58,29,134,122,88,97,77,66,43,6,109,0" hai2="5,129,105,104,103,17,115,98,34,67,130,117,44" hai3="75,3,30,21,85,60,90,13,20,57,54,47,28"/><T110/><D112/><U46/><E77/><V123/><F123/><W27/><G3/><T26/><D68/><U63/><E122/><V7/><F115/><W9/><G75/><T119/><D119/><U118/><E118/><V32/><F117/><W19/><G47/><T116/><D116/><U33/><E109/><N who="0" m="42089" /><D18/><U113/><E113/><V135/><F135/><W61/><G21/><T69/><D26/><U56/><E134/><V83/><F105/><W93/><REACH who="3" step="1"/><G61/><REACH who="3" ten="280,240,240,230" step="2"/><T114/><D114/><U132/><E132/><V38/><F44/><W128/><G128/><T59/><D69/><U92/><E0/><V15/><F34/><W120/><G120/><T106/><D59/><U52/><E33/><V127/><F32/><W51/><G51/><T100/><D107/><U79/><E58/><V78/><F38/><W35/><G35/><T50/><D50/><U2/><E56/><V49/><F49/><W4/><AGARI ba="1,1" hai="4,9,13,19,20,27,28,30,54,57,60,85,90,93" machi="4" ten="20,8000,1" yaku="1,1,0,1,7,1,8,1,53,1" doraHai="96" doraHaiUra="11" who="3" fromWho="3" sc="280,-41,240,-21,240,-21,230,93" /><INIT seed="1,0,0,3,4,93" ten="239,219,219,323" oya="1" hai0="58,87,95,98,92,27,44,120,132,15,130,31,18" hai1="126,2,100,69,75,127,54,53,110,6,124,63,29" hai2="99,50,5,112,101,125,21,19,116,38,14,129,122" hai3="1,4,103,47,117,121,23,33,105,72,61,80,107"/><U65/><E75/><V102/><F125/><W9/><G117/><T35/><D132/><U119/><E119/><V59/><F129/><W26/><G121/><T17/><D130/><U24/><E110/><V106/><F116/><W131/><G131/><T118/><D118/><U40/><E40/><V41/><F122/><W84/><G72/><T36/><D120/><U68/><E68/><V43/><F112/><W56/><G47/><T22/><D58/><U71/><E71/><V133/><F133/><W52/><G103/><T49/><D36/><U111/><E111/><V123/><F123/><W10/><G10/><T42/><D87/><U48/><E48/><V90/><F38/><W62/><G33/><T70/><D70/><U28/><E28/><V57/><F102/><W97/><G97/><T64/><D64/><U79/><E79/><V74/><F74/><W82/><G82/><T39/><D39/><U16/><E16/><V76/><F76/><W67/><G61/><T37/><D37/><U11/><REACH who="1" step="1"/><E100/><REACH who="1" ten="239,209,219,323" step="2"/><V135/><F135/><W115/><G115/><T32/><D18/><U55/><E55/><N who="2" m="31991" /><F5/><W89/><G67/><T113/><D113/><U114/><E114/><V77/><F77/><W46/><G46/><T8/><D95/><U7/><E7/><V20/><F59/><W3/><G1/><T78/><D78/><U85/><E85/><V91/><F41/><W12/><G3/><T60/><D60/><U66/><E66/><V134/><F43/><W0/><G0/><T128/><D128/><U109/><E109/><V45/><F134/><W108/><G108/><RYUUKYOKU ba="0,1" sc="239,10,209,10,219,-30,323,10" hai0="8,15,17,22,27,31,32,35,42,44,49,92,98" hai1="2,6,11,24,29,53,54,63,65,69,124,126,127" hai3="4,9,12,23,26,52,56,62,80,84,89,105,107" /><INIT seed="1,1,1,1,4,88" ten="249,219,189,333" oya="1" hai0="73,41,108,51,32,107,95,57,2,34,23,81,106" hai1="100,40,11,126,30,28,44,109,58,53,45,50,1" hai2="103,71,68,127,99,62,35,24,7,111,20,135,18" hai3="119,89,27,130,61,132,85,0,14,8,83,79,115"/><U3/><E3/><V47/><F111/><W133/><G115/><T77/><D2/><U29/><E126/><V117/><F117/><W39/><G39/><T124/><D124/><U22/><E109/><V65/><F135/><N who="3" m="51787" /><G130/><T94/><D108/><U98/><E22/><V121/><F121/><W52/><G27/><T37/><D37/><U66/><E66/><V49/><F127/><W76/><G0/><T55/><D41/><U93/><REACH who="1" step="1"/><E40/><REACH who="1" ten="249,209,189,333" step="2"/><V46/><F35/><W134/><G134/><T97/><D34/><U17/><E17/><V116/><F116/><W128/><G119/><T82/><D23/><U113/><E113/><V75/><F7/><AGARI ba="1,2" hai="1,7,11,28,29,30,44,45,50,53,58,93,98,100" machi="7" ten="40,3900,0" yaku="1,1,52,1,53,0" doraHai="88" doraHaiUra="12" who="1" fromWho="2" sc="249,0,209,62,189,-42,333,0" /><INIT seed="1,2,0,5,1,127" ten="249,271,147,333" oya="1" hai0="12,80,115,18,57,23,89,37,50,46,84,75,39" hai1="22,1,111,45,82,31,7,106,88,118,108,132,35" hai2="135,28,62,96,66,100,99,73,0,44,112,20,15" hai3="26,90,109,79,107,40,8,87,68,116,2,16,42"/><U43/><E35/><V47/><F135/><W130/><G107/><T128/><D115/><U94/><E106/><V76/><F112/><W91/><G68/><T49/><D128/><U98/><E118/><V17/><F0/><W121/><G121/><T14/><D75/><U56/><E132/><V60/><F73/><W33/><G109/><N who="1" m="42058" /><E56/><V77/><F28/><W120/><G120/><T4/><D57/><U59/><E59/><V21/><F66/><W67/><G67/><T71/><D71/><U113/><E113/><V30/><F30/><W104/><G104/><T11/><REACH who="0" step="1"/><D50/><REACH who="0" ten="239,271,147,333" step="2"/><U52/><E43/><AGARI ba="2,1" hai="4,11,12,14,18,23,37,39,43,46,49,80,84,89" machi="43" ten="30,3900,0" yaku="1,1,2,1,7,1,53,0" doraHai="127" doraHaiUra="53" who="0" fromWho="1" sc="239,55,271,-45,147,0,333,0" /><INIT seed="2,0,0,2,0,110" ten="294,226,147,333" oya="2" hai0="68,28,39,55,129,100,30,53,75,23,38,125,71" hai1="101,56,18,29,65,118,82,73,107,113,69,134,61" hai2="20,50,98,60,57,92,41,37,9,44,0,48,123" hai3="10,58,106,35,16,47,88,78,26,103,93,77,115"/><V13/><F123/><W27/><G115/><T40/><D75/><U94/><E107/><V34/><F34/><W114/><G114/><T15/><D100/><U54/><E118/><V49/><F0/><W126/><G126/><T32/><D40/><U36/><E36/><V51/><F20/><W84/><G106/><T72/><D72/><U95/><E113/><V128/><F128/><W99/><G47/><T104/><D104/><U46/><E29/><V5/><F37/><W62/><G35/><T90/><D32/><U74/><E46/><V91/><REACH who="2" step="1"/><F48/><REACH who="2" ten="294,226,137,333" step="2"/><W109/><G109/><T64/><D23/><U52/><E134/><V4/><F4/><W59/><G27/><T63/><D39/><U87/><E73/><V122/><F122/><W19/><G26/><T111/><D38/><U2/><E2/><V105/><F105/><W89/><G10/><T119/><D111/><U97/><E74/><V81/><F81/><W108/><G108/><T66/><D129/><U80/><E80/><V135/><F135/><W131/><G131/><T112/><D112/><U12/><E95/><V116/><F116/><W24/><G24/><T14/><D119/><U17/><E12/><V25/><F25/><W70/><G93/><T6/><D6/><U1/><E1/><V45/><F45/><W121/><G19/><N who="1" m="7178" /><E69/><V102/><F102/><W42/><G70/><T132/><D132/><U83/><E82/><V133/><F133/><W117/><G103/><T130/><D130/><U67/><E67/><AGARI ba="0,1" hai="5,9,13,41,44,49,50,51,57,60,67,91,92,98" machi="67" ten="30,11600,0" yaku="1,1,7,1,8,1,53,1" doraHai="110" doraHaiUra="85" who="2" fromWho="1" sc="294,0,226,-116,137,126,333,0" /><INIT seed="2,1,0,4,0,132" ten="294,110,263,333" oya="2" hai0="45,37,112,106,68,67,118,32,105,24,26,57,126" hai1="124,23,2,43,49,72,22,64,34,69,25,103,11" hai2="99,114,36,87,59,121,131,84,28,93,27,14,31" hai3="61,129,66,96,130,58,107,127,82,94,30,38,56"/><V102/><F131/><N who="3" m="50187" /><G38/><T111/><D112/><U133/><E72/><V33/><F121/><W128/><G107/><T8/><D68/><U119/><E119/><V73/><F114/><W29/><G127/><T108/><D118/><U134/><E103/><V101/><F73/><W81/><G58/><T4/><D126/><U83/><E83/><N who="3" m="31754" /><G128/><T20/><D57/><U89/><E89/><AGARI ba="1,0" hai="29,30,56,61,66,89,94,96" m="31754,50187" machi="89" ten="30,1000,0" yaku="19,1" doraHai="132" who="3" fromWho="1" sc="294,0,110,-13,263,0,333,13" /><INIT seed="3,0,0,2,1,131" ten="294,97,263,346" oya="3" hai0="22,62,8,32,74,119,61,15,54,80,40,63,95" hai1="31,16,99,45,121,7,93,82,13,42,21,5,26" hai2="90,128,58,112,11,88,1,20,120,79,67,110,46" hai3="91,68,70,105,92,35,3,135,48,71,116,64,34"/><W6/><G105/><T39/><D32/><U133/><E82/><V77/><F112/><W132/><G64/><T102/><D119/><U72/><E72/><V111/><F128/><W24/><G116/><T41/><D39/><U86/><E86/><V51/><F120/><W122/><G122/><T37/><D37/><U69/><E69/><V126/><F126/><W129/><G129/><T124/><D124/><U78/><E78/><V12/><F1/><W10/><G24/><T65/><D65/><U57/><E121/><V2/><F2/><W117/><G117/><T17/><D80/><U38/><E57/><V125/><F20/><W29/><G48/><T60/><D74/><U23/><E133/><N who="3" m="51274" /><G29/><T75/><D75/><U66/><REACH who="1" step="1"/><E66/><REACH who="1" ten="294,87,263,346" step="2"/><V87/><F67/><W18/><G71/><T100/><D63/><U76/><E76/><V55/><F58/><W73/><G73/><T25/><D62/><U115/><E115/><V33/><F90/><W85/><G70/><T101/><D61/><U9/><E9/><V106/><F77/><W47/><G68/><T52/><D60/><U130/><E130/><V108/><F79/><W127/><G47/><T28/><D95/><U50/><E50/><V134/><F134/><W0/><G127/><T104/><D104/><U44/><E44/><V49/><F125/><W43/><G92/><T36/><D36/><U4/><E4/><N who="2" m="3175" /><F49/><W81/><G91/><T103/><N who="0" m="25600" /><DORA hai="56" /><T53/><AGARI ba="0,1" hai="8,15,17,22,25,28,40,41,52,53,54" m="25600" machi="53" ten="50,8000,1" yaku="4,1,0,1,8,1,54,1" doraHai="131,56" who="0" fromWho="0" sc="294,90,87,-20,263,-20,346,-40" owari="384,48.4,67,-43.3,243,-15.7,306,10.6" /></mjloggm>