<mjloggm ver="2.3"><GO type="225" lobby="0"/><UN n0="%E3%81%BF%E3%81%BF%E3%81%9A" n1="%E3%81%88%E3%81%8C%E3%82%8F%E3%82%8A%E3%81%8A" n2="%E3%81%AF%E3%82%88%E3%81%8A%E3%81%98%E3%81%95%E3%82%93" n3="%E3%81%86%E3%82%8B%E3%81%8A%E3%81%A1%E3%82%83" dan="17,16,16,16" rate="2241.21,2097.38,2098.18,2117.40" sx="M,M,M,F"/><TAIKYOKU oya="0"/><INIT seed="0,0,0,0,1,49" ten="250,250,250,250" oya="0" hai0="37,108,117,67,35,4,53,34,113,107,8,87,31" hai1="29,14,48,101,135,3,66,75,23,120,28,118,68" hai2="115,0,26,50,6,105,80,84,60,96,74,18,22" hai3="128,17,104,99,126,98,110,78,21,112,64,56,24"/><T42/><D113/><U133/><E118/><V52/><F115/><W90/><G112/><T58/><D117/><U129/><E120/><V102/><F74/><W55/><G110/><T109/><D107/><U38/><E3/><V15/><F60/><W79/><G126/><T73/><D73/><U121/><E121/><V13/><F0/><W88/><G64/><T92/><D67/><U81/><E38/><V103/><F103/><W69/><G69/><T89/><D42/><U25/><E101/><V132/><F132/><W106/><G128/><T93/><D37/><U116/><E116/><V122/><F6/><W134/><G134/><T83/><D31/><U111/><E29/><V91/><REACH who="2" step="1"/><F122/><REACH who="2" ten="250,250,240,250" step="2"/><W65/><G65/><T1/><D109/><U125/><E111/><V61/><F61/><N who="3" m="35999" /><G106/><T127/><D108/><U39/><E66/><V7/><F7/><W5/><G5/><T41/><D127/><U36/><E125/><V100/><F100/><W19/><G104/><T10/><D1/><U54/><E133/><V72/><F72/><W2/><G2/><T95/><D4/><U82/><E135/><V59/><AGARI ba="0,1" hai="13,15,18,22,26,50,52,59,80,84,91,96,102,105" machi="59" ten="20,8000,1" yaku="1,1,0,1,7,1,52,1,54,1,53,0" doraHai="49" doraHaiUra="32" who="2" fromWho="2" sc="250,-40,250,-20,240,90,250,-20" /><INIT seed="1,0,0,3,4,119" ten="210,230,330,230" oya="1" hai0="65,27,35,82,60,3,2,8,111,79,124,99,114" hai1="102,115,29,61,45,98,75,26,5,52,101,57,40" hai2="78,112,133,21,56,42,113,132,15,134,32,64,9" hai3="46,39,63,71,47,106,49,58,128,84,53,97,116"/><U122/><E122/><V81/><F32/><W1/><G116/><T13/><D114/><N who="2" m="44138" /><F42/><W121/><G121/><T7/><D111/><U125/><E115/><V37/><F37/><W22/><G128/><T69/><D124/><U123/><E125/><V85/><F21/><W91/><G1/><T100/><D35/><U18/><E123/><V130/><F130/><W33/><G33/><T17/><D27/><U110/><E110/><V108/><F108/><W28/><G106/><T20/><D2/><U68/><E75/><V95/><F95/><W135/><G135/><T83/><REACH who="0" step="1"/><D79/><REACH who="0" ten="200,230,330,230" step="2"/><U129/><E26/><V38/><F134/><W30/><G30/><T4/><D4/><U6/><E29/><V11/><F133/><W59/><G28/><T54/><D54/><U72/><E5/><V109/><F78/><W16/><G53/><T25/><D25/><U66/><E6/><V93/><F109/><W67/><G67/><T19/><D19/><U89/><E18/><V70/><F64/><W80/><G16/><T127/><D127/><U77/><E77/><V87/><F132/><W88/><G22/><T10/><D10/><U92/><E129/><V74/><F9/><W73/><G73/><T31/><D31/><U120/><E72/><V51/><F11/><W76/><G76/><T118/><D118/><U44/><E120/><V126/><F74/><W36/><G80/><T90/><D90/><U0/><E0/><V105/><F81/><W107/><G91/><T131/><D131/><U117/><E117/><V55/><F126/><W62/><G88/><T103/><D103/><RYUUKYOKU ba="0,1" sc="200,30,230,-10,330,-10,230,-10" hai0="3,7,8,13,17,20,60,65,69,82,83,99,100" /><INIT seed="2,1,1,3,2,13" ten="230,220,320,220" oya="2" hai0="39,5,49,38,50,12,97,54,21,87,135,95,15" hai1="128,37,105,132,104,61,108,24,92,69,91,65,25" hai2="73,86,98,126,78,57,66,131,107,62,16,118,103" hai3="22,76,4,35,67,2,101,7,14,47,11,48,88"/><V33/><F118/><W112/><G35/><T83/><D135/><U111/><E37/><V80/><F126/><W113/><G101/><T0/><D0/><U106/><E132/><V122/><F131/><W40/><G76/><N who="0" m="46567" /><D39/><U46/><E46/><V52/><F122/><W121/><G121/><T68/><D68/><U116/><E128/><V60/><F33/><W31/><G67/><T84/><D84/><U64/><E64/><V74/><REACH who="2" step="1"/><F16/><REACH who="2" ten="230,220,310,220" step="2"/><N who="3" m="10519" /><G31/><T100/><D21/><U70/><E116/><V53/><F53/><W27/><G27/><T75/><D54/><U36/><E24/><V30/><F30/><W120/><G120/><T119/><D119/><U123/><E25/><V77/><F77/><W18/><G18/><T8/><D8/><U99/><E123/><V110/><F110/><N who="1" m="42025" /><E36/><V90/><F90/><W44/><G88/><T129/><D38/><U6/><E6/><V81/><F81/><W41/><G7/><T134/><D129/><U23/><E23/><V102/><F102/><W42/><G44/><T9/><D134/><U89/><E89/><V114/><F114/><AGARI ba="1,2" hai="2,4,11,40,41,42,47,48,112,113,114" m="10519" machi="114" ten="30,3900,0" yaku="11,1,52,1,54,1" doraHai="13" who="3" fromWho="2" sc="230,0,220,0,310,-42,220,62" /><INIT seed="3,0,0,2,1,81" ten="230,220,268,282" oya="3" hai0="24,131,44,13,48,80,126,128,65,122,49,34,20" hai1="61,51,71,36,22,62,7,14,56,74,53,93,59" hai2="11,79,47,29,18,101,86,19,21,112,50,73,3" hai3="99,39,37,35,0,119,78,6,124,117,130,54,104"/><W133/><G35/><T116/><D116/><N who="3" m="44617" /><G54/><T94/><D122/><U25/><E36/><N who="3" m="13898" /><G78/><T31/><D126/><U115/><E115/><V12/><F73/><W70/><G124/><T69/><D94/><U27/><E74/><V38/><F38/><W63/><G130/><N who="0" m="49707" /><D80/><U64/><E93/><V66/><F112/><W28/><G28/><T132/><D132/><U26/><E7/><V98/><F66/><N who="3" m="41311" /><G133/><T110/><D65/><U60/><REACH who="1" step="1"/><E71/><REACH who="1" ten="230,210,268,282" step="2"/><V109/><F3/><W17/><G6/><T33/><D69/><U135/><E135/><V58/><F109/><W103/><G17/><AGARI ba="0,1" hai="14,17,22,25,26,27,51,53,56,59,60,61,62,64" machi="17" ten="40,2600,0" yaku="1,1,8,1,53,0" doraHai="81" doraHaiUra="123" who="1" fromWho="3" sc="230,0,210,36,268,0,282,-26" /><INIT seed="4,0,0,1,5,80" ten="230,246,268,256" oya="0" hai0="97,22,42,58,87,94,21,7,50,100,101,17,104" hai1="53,47,12,24,31,78,131,4,11,129,29,111,123" hai2="54,62,82,52,98,86,132,33,115,59,28,60,32" hai3="117,103,84,13,1,57,102,77,119,66,15,10,72"/><T45/><D7/><U27/><E123/><V48/><F115/><W0/><G72/><T85/><D22/><U51/><E111/><V112/><F112/><W5/><G1/><T95/><D58/><U68/><E68/><V16/><F132/><W133/><G133/><T36/><D36/><U35/><REACH who="1" step="1"/><E78/><REACH who="1" ten="230,236,268,256" step="2"/><V74/><F33/><AGARI ba="0,1" hai="4,11,12,24,27,29,31,33,35,47,51,53,129,131" machi="33" ten="40,5200,0" yaku="1,1,2,1,9,1,53,0" doraHai="80" doraHaiUra="116" who="1" fromWho="2" sc="230,0,236,62,268,-52,256,0" /><INIT seed="5,0,0,4,4,113" ten="230,298,216,256" oya="1" hai0="81,69,22,105,93,21,9,131,125,78,130,15,59" hai1="90,43,14,84,49,29,24,95,114,104,39,92,51" hai2="25,108,52,132,75,120,55,0,118,2,40,62,28" hai3="4,116,87,72,85,106,41,42,23,48,46,89,1"/><U79/><E114/><V96/><F108/><W80/><G106/><T82/><D105/><U122/><E122/><V34/><F118/><W103/><G72/><T37/><D37/><U100/><E104/><V110/><F110/><W70/><G70/><T19/><D69/><U11/><E39/><V68/><F120/><W134/><G103/><T124/><D93/><U31/><E79/><V86/><F75/><W60/><G134/><T35/><D59/><U3/><E3/><V56/><F132/><W44/><G116/><T107/><D107/><U45/><E51/><V126/><F126/><N who="0" m="48746" /><D82/><U50/><E50/><V26/><F40/><N who="3" m="24583" /><G1/><T61/><D61/><U5/><E24/><V53/><F68/><W127/><G4/><T36/><D36/><U10/><E10/><V71/><F71/><W83/><G60/><T20/><D35/><U91/><E100/><V73/><F73/><AGARI ba="0,0" hai="9,15,19,20,21,22,73,78,81,130,131" m="48746" machi="73" ten="30,1000,0" yaku="18,1" doraHai="113" who="0" fromWho="2" sc="230,10,298,0,216,-10,256,0" /><INIT seed="6,0,0,1,2,48" ten="240,298,206,256" oya="2" hai0="13,38,115,67,54,30,5,53,20,1,100,16,15" hai1="113,80,109,35,77,106,133,62,135,66,33,95,25" hai2="57,19,86,36,6,28,7,107,65,47,3,110,58" hai3="43,134,24,37,56,18,50,116,124,11,2,83,121"/><V73/><F73/><W60/><G116/><T87/><D38/><U84/><E109/><V85/><F107/><W119/><G119/><T68/><D115/><U51/><E106/><V10/><F110/><W127/><G37/><T108/><D108/><U132/><E113/><V81/><F28/><W117/><G121/><T69/><D100/><U22/><E51/><V123/><F123/><W79/><G117/><T75/><D75/><U91/><E22/><V21/><F6/><W96/><G96/><T90/><D1/><U32/><E25/><V78/><F85/><N who="3" m="48383" /><G134/><T114/><D114/><U125/><E125/><N who="3" m="48202" /><G43/><T45/><D45/><U128/><E128/><V64/><F57/><W120/><G50/><T49/><D30/><U118/><E118/><V122/><F122/><W52/><G120/><T105/><D105/><U42/><E42/><V34/><F34/><W94/><G94/><N who="0" m="54623" /><D67/><U26/><E26/><V102/><F102/><W99/><G99/><T71/><D49/><U70/><E95/><V129/><F129/><W17/><G24/><T89/><D89/><AGARI ba="0,0" hai="32,33,35,62,66,70,77,80,84,89,91,132,133,135" machi="89" ten="50,1600,0" yaku="20,1" doraHai="48" who="1" fromWho="0" sc="240,-16,298,16,206,0,256,0" owari="224,-17.6,314,41.4,206,-29.4,256,5.6" /></mjloggm>