<mjloggm ver="2.3"><GO type="225" lobby="0"/><UN n0="%E6%97%A5%E6%9B%9C%E6%97%A5%E3%82%88%E3%82%8A%E3%81%AE%E4%BD%BF%E8%80%85" n1="%E7%BD%AA%E5%88%91%E6%B3%95%E5%AE%9A%E4%B8%BB%E7%BE%A9" n2="%33%74%72%65%65" n3="%E3%81%A0%E3%81%8A" dan="17,16,16,16" rate="2170.64,2118.10,2077.09,2001.71" sx="M,M,F,M"/><TAIKYOKU oya="0"/><BYE who="2" /><UN n2="%33%74%72%65%65" /><INIT seed="0,0,0,5,1,112" ten="250,250,250,250" oya="0" hai0="123,45,87,35,1,114,122,63,48,22,75,64,31" hai1="113,109,111,19,32,110,42,11,106,115,21,101,86" hai2="96,127,53,72,84,38,43,4,25,23,20,41,130" hai3="88,54,9,37,51,90,52,107,85,129,61,62,116"/><T132/><D75/><U102/><E32/><V119/><F72/><W135/><G37/><T69/><D114/><N who="1" m="43531" /><E42/><V3/><F130/><W78/><G129/><T17/><D1/><U56/><E106/><V66/><F127/><W10/><G135/><T103/><D132/><U68/><E68/><V26/><F66/><W97/><G116/><T89/><D103/><N who="1" m="39435" /><E86/><V44/><F41/><W128/><G128/><T2/><D2/><U74/><E74/><V131/><F131/><W91/><G107/><T12/><D31/><U57/><E11/><N who="3" m="4106" /><G97/><T83/><REACH who="0" step="1"/><D35/><REACH who="0" ten="240,250,250,250" step="2"/><U104/><E104/><V49/><F3/><W39/><G91/><T24/><D24/><AGARI ba="0,1" hai="19,21,24,56,57,109,110,111" m="39435,43531" machi="24" ten="40,2600,0" yaku="14,1,11,1" doraHai="112" who="1" fromWho="0" sc="240,-26,250,36,250,0,250,0" /><INIT seed="1,0,0,2,2,34" ten="214,286,250,250" oya="1" hai0="19,108,14,104,23,6,65,29,4,50,131,13,102" hai1="46,21,10,66,134,1,128,124,62,113,59,41,58" hai2="28,95,56,12,107,54,90,39,125,119,0,42,61" hai3="25,100,53,48,45,135,43,76,121,97,87,116,63"/><U123/><E123/><V26/><F119/><W71/><G116/><T3/><D65/><U5/><E113/><V92/><F107/><W57/><G121/><T105/><D50/><U72/><E128/><V9/><F125/><W31/><G135/><T8/><D102/><U110/><E134/><V130/><F130/><W74/><G74/><T94/><D94/><U16/><E124/><V114/><F114/><W111/><G111/><T17/><D131/><U84/><E72/><V33/><F0/><W52/><G71/><T118/><D118/><U126/><E126/><V115/><F115/><W106/><G87/><T133/><D133/><U68/><E84/><V80/><F80/><W86/><G86/><T83/><D83/><U11/><E11/><V2/><F90/><W82/><G82/><T47/><D47/><U69/><E69/><V85/><F85/><W101/><G101/><T24/><D108/><U37/><REACH who="1" step="1"/><E110/><REACH who="1" ten="214,276,250,250" step="2"/><V38/><F9/><W91/><G76/><T15/><REACH who="0" step="1"/><D6/><REACH who="0" ten="204,276,250,250" step="2"/><U22/><E22/><V77/><F33/><W70/><G70/><T117/><D117/><U51/><E51/><V109/><F109/><W49/><G48/><T73/><D73/><U20/><E20/><V127/><F127/><W93/><G49/><T40/><D40/><U132/><E132/><V89/><F42/><W55/><G43/><T96/><D96/><U103/><E103/><V78/><F78/><W18/><G97/><T79/><D79/><U122/><E122/><V81/><F77/><W120/><G100/><T64/><D64/><U32/><E32/><V75/><F75/><RYUUKYOKU ba="0,2" sc="204,15,276,15,250,-15,250,-15" hai0="3,4,8,13,14,15,17,19,23,24,29,104,105" hai1="1,5,10,16,21,37,41,46,58,59,62,66,68" /><INIT seed="1,1,2,4,3,86" ten="219,291,235,235" oya="1" hai0="6,26,115,104,12,121,23,128,70,91,62,127,4" hai1="83,133,13,33,67,84,76,53,37,35,122,120,87" hai2="79,106,116,105,102,43,59,118,85,68,51,44,19" hai3="71,0,113,75,1,22,34,99,42,80,109,38,46"/><U73/><E37/><V40/><F68/><W134/><G113/><T52/><D115/><U69/><E133/><V114/><F114/><W55/><G71/><T135/><D104/><U123/><E53/><V98/><F105/><W36/><G34/><T57/><D135/><U61/><E13/><V29/><F29/><W5/><G134/><T107/><D107/><U103/><E103/><V24/><F40/><W56/><G109/><T77/><D77/><U10/><E10/><V30/><F19/><W15/><G38/><T72/><D72/><U8/><E8/><V50/><F50/><W111/><G111/><T60/><D127/><U89/><REACH who="1" step="1"/><E73/><REACH who="1" ten="219,281,235,235" step="2"/><V93/><F102/><W21/><G75/><T18/><D12/><U9/><E9/><V63/><F118/><W66/><G15/><T64/><D121/><U20/><E20/><V48/><F116/><W14/><G21/><T16/><D128/><U97/><E97/><V78/><F98/><W25/><G99/><T74/><D74/><U45/><E45/><V88/><F44/><W124/><G46/><T131/><D131/><U2/><E2/><V28/><F43/><W90/><G0/><T58/><D18/><U39/><E39/><V125/><F125/><W126/><G1/><T32/><D32/><U94/><AGARI ba="1,3" hai="33,35,61,67,69,76,83,84,87,89,94,120,122,123" machi="94" ten="30,6000,0" yaku="1,1,0,1,52,1,53,0" doraHai="86" doraHaiUra="96" who="1" fromWho="1" sc="219,-21,281,93,235,-21,235,-21" /><INIT seed="1,2,0,1,0,125" ten="198,374,214,214" oya="1" hai0="59,80,54,66,25,12,88,70,52,4,95,83,93" hai1="20,78,129,134,109,76,28,116,29,39,120,124,33" hai2="98,34,92,47,6,5,110,133,119,57,121,30,97" hai3="73,42,44,7,43,10,111,91,71,21,48,127,105"/><U51/><E39/><V117/><F121/><W126/><G71/><T132/><D70/><U86/><E120/><V79/><F133/><W53/><G105/><T50/><D132/><U61/><E134/><V90/><F110/><W35/><G35/><T131/><D131/><U37/><E37/><V17/><F117/><W135/><G135/><T96/><D66/><U11/><E116/><V55/><F119/><W75/><G111/><T69/><D69/><U60/><E109/><V101/><F79/><N who="1" m="30249" /><E33/><V130/><F130/><W14/><G21/><T84/><D25/><U72/><E72/><N who="3" m="27722" /><G91/><N who="0" m="55359" /><D54/><U115/><E129/><V22/><F47/><W49/><G49/><T81/><D81/><U122/><E51/><V31/><F34/><W27/><G27/><T19/><D4/><N who="2" m="1642" /><F97/><W68/><G68/><T100/><D100/><U99/><E122/><V36/><F101/><W13/><G13/><T46/><D46/><U77/><E115/><V118/><F118/><W62/><G62/><T87/><D87/><U23/><E61/><N who="2" m="36031" /><F36/><W104/><G104/><T2/><D2/><U113/><E113/><V103/><F103/><W107/><G107/><T26/><D26/><AGARI ba="2,0" hai="17,22,26,30,31,90,92,98" m="36031,1642" machi="26" ten="30,2000,0" yaku="25,1,8,1" doraHai="125" who="2" fromWho="0" sc="198,-26,374,0,214,26,214,0" /><INIT seed="2,0,0,2,5,101" ten="172,374,240,214" oya="2" hai0="122,70,34,69,95,41,79,121,3,45,123,114,100" hai1="91,48,26,128,17,72,8,83,81,61,38,99,127" hai2="56,37,98,132,86,36,116,126,113,110,42,74,39" hai3="67,80,119,63,11,0,89,4,111,25,68,49,40"/><V105/><F74/><W65/><G111/><T35/><D114/><U92/><E38/><V106/><F98/><W51/><G119/><T52/><D3/><U14/><E127/><V53/><F113/><W134/><G134/><T22/><D79/><U47/><E72/><V94/><F116/><W33/><G67/><T77/><D77/><U87/><E128/><V104/><F132/><W112/><G112/><T135/><D135/><U129/><E129/><V58/><F126/><W50/><G33/><T24/><D95/><U2/><E2/><V115/><F115/><W1/><G25/><T59/><D100/><U60/><E26/><V18/><F110/><W76/><G89/><T62/><D35/><U71/><E71/><V90/><F18/><W109/><G109/><T28/><REACH who="0" step="1"/><D34/><REACH who="0" ten="162,374,240,214" step="2"/><U97/><E83/><V120/><F120/><W23/><G0/><T32/><D32/><U12/><E81/><V55/><F42/><W6/><G76/><T30/><D30/><U107/><E99/><V88/><REACH who="2" step="1"/><F90/><REACH who="2" ten="162,374,230,214" step="2"/><W15/><G40/><T20/><D20/><U10/><E91/><V125/><F125/><W73/><G23/><T102/><D102/><U19/><E97/><V9/><F9/><W5/><G1/><T66/><D66/><U96/><E96/><V85/><F85/><W44/><G65/><T124/><D124/><U84/><E87/><V131/><F131/><W16/><G73/><T118/><D118/><U7/><E84/><V57/><AGARI ba="0,2" hai="36,37,39,53,55,56,57,58,86,88,94,104,105,106" machi="57" ten="50,24000,3" yaku="1,1,0,1,29,2,52,3,54,1,53,0" doraHai="101" doraHaiUra="31" who="2" fromWho="2" sc="162,-80,374,-80,230,260,214,-80" /><INIT seed="2,1,0,0,5,73" ten="82,294,490,134" oya="2" hai0="45,122,33,118,104,13,48,58,72,81,70,116,21" hai1="28,97,69,101,3,62,31,102,65,77,11,135,78" hai2="29,95,132,17,89,51,107,119,41,124,128,92,75" hai3="106,108,59,30,54,96,129,37,35,5,63,52,12"/><V49/><F119/><N who="0" m="45610" /><D122/><U9/><E135/><V133/><F107/><W105/><G37/><T76/><D33/><U23/><E102/><V85/><F29/><W67/><G108/><T24/><D70/><U82/><E3/><V56/><F75/><W66/><G129/><T36/><D104/><U22/><E31/><V134/><F128/><W53/><G67/><T93/><D93/><U42/><E42/><V115/><F115/><W38/><G38/><T46/><D13/><U90/><E90/><V25/><F124/><W61/><G61/><T130/><D36/><U10/><E28/><V7/><F7/><W88/><G12/><T6/><D6/><U91/><E91/><V43/><F95/><W57/><G5/><T18/><D130/><U20/><REACH who="1" step="1"/><E82/><REACH who="1" ten="82,284,490,134" step="2"/><V121/><F43/><W120/><G88/><T114/><D114/><U117/><E117/><V26/><F41/><W15/><G30/><T19/><D19/><U74/><E74/><V16/><F16/><W87/><G120/><T94/><D94/><AGARI ba="1,1" hai="9,10,11,20,22,23,62,65,69,77,78,94,97,101" machi="94" ten="40,5200,0" yaku="1,1,52,2,53,0" doraHai="73" doraHaiUra="110" who="1" fromWho="0" sc="82,-55,284,65,490,0,134,0" /><INIT seed="3,0,0,4,1,25" ten="27,349,490,134" oya="3" hai0="1,9,7,16,40,20,116,70,86,53,47,14,56" hai1="29,66,130,8,123,98,5,72,71,80,81,108,30" hai2="91,22,95,41,26,48,68,74,110,65,107,112,93" hai3="42,79,118,67,127,62,50,90,52,73,126,46,121"/><W35/><G118/><T13/><D70/><U103/><E123/><V102/><F95/><W96/><G121/><T6/><D116/><U44/><E108/><V104/><F22/><W54/><G35/><T124/><D124/><N who="3" m="47657" /><G79/><T129/><D129/><U2/><E130/><V77/><F74/><W31/><G73/><T59/><D53/><U17/><E17/><V33/><F77/><W134/><G134/><T94/><D1/><U76/><E81/><V109/><F33/><W23/><G90/><T92/><D6/><U114/><E114/><V3/><F91/><W117/><G96/><T89/><REACH who="0" step="1"/><D94/><REACH who="0" ten="17,349,490,134" step="2"/><U84/><E72/><V32/><F26/><N who="3" m="16863" /><G117/><T58/><D58/><AGARI ba="0,1" hai="42,46,50,52,54,58,62,67" m="16863,47657" machi="58" ten="30,5800,0" yaku="18,1,52,1,54,1" doraHai="25" who="3" fromWho="0" sc="17,-58,349,0,490,0,134,68" owari="-41,-54.1,349,14.9,490,59.0,202,-19.8" /></mjloggm>