<mjloggm ver="2.3"><GO type="225" lobby="0"/><UN n0="%E9%8A%80%E3%81%B0%E3%81%95%E3%81%BF" n1="%6D%75%75%6D%75%72%61" n2="%E3%83%B4%E3%83%A0%EF%BC%99%E3%81%A6" n3="%E3%81%A1%E3%82%85%E3%81%86%E3%81%A9%E3%81%8F%E8%B1%A1%E3%81%95%E3%82%93" dan="17,16,17,17" rate="2242.61,2116.30,2197.28,2191.26" sx="M,F,M,M"/><TAIKYOKU oya="0"/><INIT seed="0,0,0,1,2,124" ten="250,250,250,250" oya="0" hai0="70,92,95,45,34,50,59,106,94,130,77,43,64" hai1="17,8,97,117,46,38,32,10,27,19,110,79,57" hai2="61,83,126,96,35,3,52,7,81,102,63,14,119" hai3="111,60,54,26,91,75,29,107,76,105,23,56,49"/><T86/><D106/><U135/><E117/><V116/><F3/><W55/><G111/><T129/><D70/><U73/><E110/><V36/><F36/><W40/><G40/><T12/><D34/><U132/><E73/><V131/><F35/><W15/><G15/><T133/><D133/><U53/><E79/><V74/><F126/><W6/><G6/><T99/><D99/><U78/><E78/><V82/><F74/><W47/><REACH who="3" step="1"/><G91/><REACH who="3" ten="250,250,250,240" step="2"/><T109/><D109/><U0/><E132/><V104/><F7/><W66/><G66/><T31/><D12/><U128/><E135/><V101/><F14/><W127/><G127/><T108/><D108/><U100/><E0/><V11/><F116/><W71/><G71/><T30/><D64/><U22/><E8/><V25/><F11/><W48/><G48/><T84/><D59/><U90/><E10/><V125/><F119/><W39/><G39/><T24/><D24/><U93/><E38/><V118/><F25/><W123/><G123/><T72/><D72/><U134/><E134/><V98/><F118/><W115/><G115/><T42/><D42/><U37/><E37/><V67/><F67/><W4/><G4/><T120/><D120/><U33/><E57/><V62/><F125/><W21/><G21/><T68/><D68/><U44/><E22/><V13/><F13/><W80/><AGARI ba="0,1" hai="23,26,29,47,49,54,55,56,60,75,76,80,105,107" machi="80" ten="30,2000,0" yaku="1,1,0,1,53,0" doraHai="124" doraHaiUra="69" who="3" fromWho="3" sc="250,-10,250,-5,250,-5,240,30" /><INIT seed="1,0,0,1,4,25" ten="240,245,245,270" oya="1" hai0="100,52,63,113,133,11,51,123,31,84,46,55,79" hai1="64,110,56,122,43,124,40,94,22,115,58,6,41" hai2="4,8,112,74,93,78,54,80,130,26,88,70,65" hai3="117,7,72,131,126,69,107,44,23,34,42,16,20"/><U104/><E115/><V98/><F112/><W14/><G72/><T82/><D113/><U62/><E104/><V125/><F125/><W39/><G107/><T29/><D133/><U92/><E122/><V83/><F130/><W3/><G126/><T91/><D123/><U103/><E124/><V48/><F80/><W21/><G131/><T95/><D100/><U77/><E110/><V66/><F26/><W121/><G121/><T114/><D114/><U15/><E77/><V129/><F70/><W5/><G117/><T2/><D2/><U75/><E75/><V120/><F120/><W19/><G69/><T50/><D11/><N who="1" m="4599" /><E103/><V119/><F119/><W105/><G105/><T111/><D63/><N who="1" m="37991" /><E22/><V35/><F35/><W86/><G34/><T85/><D111/><U0/><E0/><V102/><F102/><W81/><G3/><T67/><D67/><AGARI ba="0,0" hai="40,41,43,58,62,67,92,94" m="37991,4599" machi="67" ten="30,1500,0" yaku="8,1" doraHai="25" who="1" fromWho="0" sc="240,-15,245,15,245,0,270,0" /><INIT seed="1,1,0,1,0,55" ten="225,260,245,270" oya="1" hai0="93,41,63,114,122,12,21,85,33,36,76,84,96" hai1="53,69,18,130,13,92,26,15,86,83,48,91,2" hai2="81,66,67,27,108,25,78,111,123,100,57,125,112" hai3="7,23,16,94,77,51,90,119,121,44,11,47,64"/><U72/><E130/><V109/><F123/><W1/><G121/><T88/><D33/><U49/><E2/><V95/><F125/><W31/><G119/><T128/><D122/><U133/><E133/><V79/><F112/><W120/><G120/><T118/><D118/><U14/><E69/><V54/><F95/><W134/><G134/><T22/><D114/><U19/><E26/><N who="2" m="9739" /><F100/><W115/><G115/><T104/><D128/><U75/><E49/><N who="2" m="30927" /><F78/><W99/><G77/><T28/><D36/><U32/><E32/><V10/><F10/><W20/><G64/><T9/><D28/><U52/><E53/><V39/><F39/><W29/><G44/><T82/><D41/><U0/><E0/><V73/><AGARI ba="1,0" hai="66,67,73,79,81,108,109,111" m="30927,9739" machi="73" ten="40,2700,0" yaku="14,1,52,1" doraHai="55" who="2" fromWho="2" sc="225,-8,260,-14,245,30,270,-8" /><INIT seed="2,0,0,0,0,100" ten="217,246,275,262" oya="2" hai0="93,5,104,3,39,77,32,48,70,2,120,12,112" hai1="64,67,123,42,73,29,78,0,94,57,133,10,110" hai2="85,118,124,27,132,62,71,20,9,101,114,52,23" hai3="24,134,95,17,126,22,84,19,31,61,75,16,69"/><V35/><F114/><W109/><G75/><T127/><D93/><U80/><E110/><V105/><F118/><W54/><G109/><T15/><D48/><U38/><E133/><V82/><F132/><W130/><G134/><T46/><D77/><U36/><E36/><V79/><F9/><W55/><G130/><T119/><D46/><N who="1" m="23895" /><E123/><V53/><F124/><W51/><G126/><T108/><D12/><U72/><E72/><V97/><F20/><W92/><G84/><T50/><D15/><U58/><E29/><N who="2" m="19903" /><F23/><W26/><G26/><T131/><D50/><U86/><E86/><V106/><F106/><W76/><G76/><T34/><D5/><N who="1" m="1319" /><E94/><V65/><AGARI ba="0,0" hai="52,53,62,65,71,79,82,85,97,101,105" m="19903" machi="65" ten="30,6000,0" yaku="25,1,52,1,54,1" doraHai="100" who="2" fromWho="2" sc="217,-20,246,-20,275,60,262,-20" /><INIT seed="2,1,0,2,1,104" ten="197,226,335,242" oya="2" hai0="56,63,110,93,34,27,61,109,48,107,8,28,19" hai1="13,81,123,17,54,87,76,84,52,97,101,124,55" hai2="88,119,128,6,50,115,83,99,118,94,62,113,44" hai3="112,96,79,67,78,134,38,10,71,3,66,82,108"/><V131/><F6/><W32/><G108/><T59/><D107/><U127/><E87/><N who="2" m="50303" /><F62/><N who="3" m="40407" /><G67/><T4/><D19/><U73/><E84/><V122/><F122/><W2/><G78/><T30/><D48/><U133/><E133/><V92/><F50/><W125/><G134/><T37/><D37/><U12/><E123/><V57/><F57/><W33/><G125/><N who="1" m="48202" /><E17/><V106/><F106/><AGARI ba="1,0" hai="12,13,52,54,55,73,76,81,97,101,106" m="48202" machi="106" ten="30,3900,0" yaku="18,1,52,1,54,1" doraHai="104" who="1" fromWho="2" sc="197,0,226,42,335,-42,242,0" /><INIT seed="3,0,0,0,1,110" ten="197,268,293,242" oya="3" hai0="68,0,89,8,13,98,36,70,131,23,90,91,10" hai1="40,135,80,82,25,58,130,73,65,102,100,108,29" hai2="48,119,16,92,123,4,111,24,83,55,132,121,22" hai3="2,94,63,122,50,105,3,86,133,81,57,15,87"/><W42/><G122/><N who="2" m="46601" /><F111/><W88/><G105/><T113/><D36/><U28/><E108/><V116/><F132/><W75/><G133/><T21/><D131/><U126/><E126/><V18/><F4/><W30/><G75/><T35/><D35/><U51/><E135/><V71/><F71/><W56/><G30/><T31/><D98/><U1/><E1/><V62/><F62/><W64/><G15/><T84/><D84/><U101/><E130/><V60/><F60/><W115/><G115/><T128/><D128/><U45/><E73/><V85/><F92/><W46/><REACH who="3" step="1"/><G56/><REACH who="3" ten="197,268,293,232" step="2"/><T109/><D109/><U54/><E29/><N who="2" m="17559" /><F119/><W32/><G32/><T103/><D31/><U95/><E58/><N who="2" m="33127" /><F116/><W14/><G14/><T59/><D59/><U72/><E72/><V67/><F67/><W93/><G93/><T33/><D33/><U134/><E95/><V52/><F52/><W78/><AGARI ba="0,1" hai="2,3,42,46,50,57,63,64,78,81,86,87,88,94" machi="78" ten="20,7800,0" yaku="1,1,0,1,7,1,54,1,53,0" doraHai="110" doraHaiUra="104" who="3" fromWho="3" sc="197,-26,268,-26,293,-26,232,88" owari="171,-32.9,242,-15.8,267,6.7,320,42.0" /></mjloggm>