<mjloggm ver="2.3"><GO type="225" lobby="0"/><UN n0="%E3%81%BF%E3%81%BF%E3%81%9A" n1="%E3%81%8C%E3%81%9F" n2="%E3%83%87%E3%83%A9%E3%82%B3%E3%83%83%E3%82%B3" n3="%E3%81%B5%E3%81%98%E3%81%8B%E3%81%A4" dan="17,16,16,16" rate="2279.87,2133.33,2175.71,2174.03" sx="M,F,M,M"/><TAIKYOKU oya="0"/><INIT seed="0,0,0,1,2,81" ten="250,250,250,250" oya="0" hai0="24,28,63,121,31,13,133,60,70,135,134,66,85" hai1="106,113,3,1,80,98,103,90,102,42,71,64,40" hai2="125,30,15,35,132,20,45,14,51,129,99,74,2" hai3="73,88,110,59,58,36,111,39,84,130,83,78,38"/><T108/><D121/><U49/><E113/><V11/><F74/><W7/><G7/><T65/><D108/><N who="3" m="41513" /><G130/><T117/><D117/><U57/><E103/><V10/><F129/><W50/><G50/><T17/><D24/><U72/><E71/><V62/><F125/><W46/><G46/><T37/><D37/><U105/><E105/><V120/><F120/><W19/><G19/><T25/><D25/><U67/><E42/><V29/><F35/><W4/><G4/><T77/><D77/><U89/><E89/><V34/><F34/><W5/><G5/><T131/><D85/><U97/><E97/><V115/><F2/><W8/><G8/><N who="2" m="3113" /><F99/><W27/><G27/><T23/><REACH who="0" step="1"/><D131/><REACH who="0" ten="240,250,250,250" step="2"/><U104/><E72/><V114/><F114/><W43/><G43/><T75/><D75/><U112/><E112/><V116/><F115/><W41/><G41/><T109/><D109/><U79/><E40/><V91/><F116/><W18/><G18/><T6/><D6/><U21/><E98/><V76/><F76/><W101/><G101/><T87/><D87/><N who="1" m="50535" /><E79/><V96/><F96/><W123/><G123/><T0/><D0/><U9/><E102/><V53/><F29/><W126/><G126/><T55/><D55/><N who="1" m="31983" /><E3/><V122/><F122/><W54/><G54/><T52/><D52/><U94/><E1/><V61/><F30/><W127/><G127/><T124/><D124/><U26/><E26/><V16/><F14/><W47/><G47/><T56/><AGARI ba="0,1" hai="13,17,23,28,31,56,60,63,65,66,70,133,134,135" machi="56" ten="30,6000,0" yaku="1,1,0,1,20,1,53,0" doraHai="81" doraHaiUra="82" who="0" fromWho="0" sc="240,70,250,-20,250,-20,250,-20" /><INIT seed="0,1,0,5,3,8" ten="310,230,230,230" oya="0" hai0="79,22,66,37,119,72,61,82,40,134,109,51,68" hai1="124,47,84,76,57,3,39,104,117,64,63,135,123" hai2="85,44,127,126,0,29,11,15,129,7,46,20,86" hai3="14,96,115,1,52,18,87,24,105,103,32,133,62"/><T94/><D119/><U34/><E117/><V19/><F129/><W77/><G115/><T118/><D118/><U92/><E123/><V116/><F116/><W31/><G133/><T108/><D134/><U54/><E104/><V78/><F29/><W132/><G132/><T58/><D94/><U98/><E135/><V131/><F131/><W130/><G130/><T74/><D74/><U91/><E34/><V49/><F46/><W101/><G1/><T21/><D37/><U59/><E3/><V45/><F44/><W80/><G103/><T121/><D121/><U67/><E124/><N who="2" m="47659" /><F78/><W69/><G69/><T70/><D40/><AGARI ba="1,0" hai="0,7,11,15,19,20,40,45,49,85,86" m="47659" machi="40" ten="30,2000,0" yaku="18,1,52,1" doraHai="8" who="2" fromWho="0" sc="310,-23,230,0,230,23,230,0" /><INIT seed="1,0,0,5,2,77" ten="287,230,253,230" oya="1" hai0="3,53,15,31,100,70,46,62,13,1,39,116,128" hai1="121,92,23,68,130,83,101,81,51,67,40,78,43" hai2="65,88,124,47,7,73,37,55,22,97,60,42,126" hai3="107,45,115,9,59,19,8,41,110,95,26,75,114"/><U2/><E121/><V56/><F73/><W87/><G107/><T16/><D116/><U69/><E2/><V71/><F7/><W105/><G110/><T104/><D128/><U32/><E32/><V84/><F97/><W12/><G105/><T93/><D104/><U29/><E130/><V117/><F22/><W14/><G75/><T4/><D31/><U103/><E67/><V44/><F44/><W20/><G59/><T94/><D70/><U24/><E78/><V74/><F74/><W36/><G95/><T89/><D39/><U90/><E69/><V30/><F30/><W79/><G14/><T5/><D13/><U21/><E68/><V27/><F27/><W82/><REACH who="3" step="1"/><G8/><REACH who="3" ten="287,230,253,220" step="2"/><T66/><D1/><U120/><E120/><V85/><F117/><W64/><G64/><T125/><D3/><U109/><E109/><V17/><F65/><W61/><G61/><T132/><D66/><U28/><E92/><V91/><F71/><W134/><G134/><T10/><D132/><U38/><E24/><V76/><F60/><W0/><G0/><T99/><D62/><U118/><E118/><V58/><F58/><W33/><G33/><T57/><D57/><U112/><E112/><V48/><F56/><W135/><G135/><T6/><D94/><U113/><E113/><V34/><F34/><W86/><G86/><T54/><D93/><U18/><E23/><V119/><F85/><W98/><G98/><T122/><D99/><U25/><E21/><V127/><F119/><W50/><G50/><T106/><D106/><U131/><E51/><V129/><F48/><RYUUKYOKU ba="0,1" sc="287,-10,230,-10,253,-10,220,30" hai3="9,12,19,20,26,36,41,45,79,82,87,114,115" /><INIT seed="2,1,1,0,2,47" ten="277,220,243,250" oya="2" hai0="17,6,15,107,39,117,1,118,10,79,61,21,74" hai1="4,36,87,32,111,3,41,86,113,66,101,93,51" hai2="132,13,0,108,2,91,57,70,94,116,68,40,18" hai3="76,127,22,88,105,121,75,31,126,123,67,119,7"/><V131/><F116/><N who="0" m="44650" /><D107/><U26/><E113/><V52/><F131/><W29/><G119/><T37/><D61/><U23/><E32/><V54/><F132/><W77/><G7/><T48/><D48/><U58/><E36/><N who="0" m="13897" /><D79/><N who="3" m="30281" /><G67/><T46/><D46/><N who="1" m="26063" /><E3/><V129/><F40/><W110/><G105/><T34/><D34/><U53/><E4/><V33/><F129/><W12/><G75/><AGARI ba="1,1" hai="1,6,10,15,17,21,74,75" m="13897,44650" machi="75" ten="30,1000,0" yaku="12,1" doraHai="47" who="0" fromWho="3" sc="277,23,220,0,243,0,250,-13" /><INIT seed="3,0,0,0,2,110" ten="300,220,243,237" oya="3" hai0="59,11,18,53,56,20,135,41,51,74,108,71,24" hai1="8,44,113,13,117,104,122,12,55,126,40,61,37" hai2="86,48,91,119,76,66,50,100,45,116,17,36,19" hai3="73,9,120,84,58,87,101,102,68,15,132,67,27"/><W114/><G120/><T89/><D108/><U85/><E122/><V124/><F36/><W62/><G114/><T47/><D74/><U123/><E123/><V129/><F100/><N who="3" m="38507" /><G73/><T54/><D135/><U60/><E117/><V128/><F66/><W95/><G132/><T98/><D71/><U78/><E104/><V81/><F124/><W121/><G121/><T82/><D11/><U10/><E126/><V134/><F134/><W26/><G68/><T96/><D82/><U130/><E130/><N who="2" m="50283" /><F76/><W33/><G33/><T0/><D0/><U77/><E113/><V34/><F34/><W69/><G69/><T75/><D75/><U103/><E103/><V57/><F57/><W7/><G95/><T72/><D89/><U107/><E107/><V22/><F45/><W3/><G3/><T64/><D64/><U80/><E78/><V94/><F94/><W99/><G99/><T97/><D72/><U39/><E39/><V31/><F119/><W112/><G112/><T46/><D41/><U109/><E109/><V5/><F116/><W1/><G1/><T90/><D90/><U30/><E30/><V79/><F79/><W23/><G27/><T6/><D6/><U42/><E42/><V52/><F5/><W49/><G49/><AGARI ba="0,0" hai="18,20,24,46,47,49,51,53,54,56,59,96,97,98" machi="49" ten="40,2600,0" yaku="9,1,8,1" doraHai="110" who="0" fromWho="3" sc="300,26,220,0,243,0,237,-26" owari="326,42.6,220,-18.0,243,4.3,211,-28.9" /></mjloggm>