<mjloggm ver="2.3"><GO type="225" lobby="0"/><UN n0="%E8%BE%9B%E5%8F%A3%E3%82%AB%E3%83%AC%E3%83%BC%E3%83%A9%E3%82%A4%E3%82%B9" n1="%E3%83%AD%E3%83%83%E3%83%86%E9%9B%80%E7%90%83" n2="%73%6C%69%63%6B%33%31%39" n3="%E5%A4%8F%E9%88%B4%E9%88%B4%E5%A4%8F" dan="16,17,16,16" rate="2216.31,2188.27,2159.63,2118.30" sx="M,M,M,M"/><TAIKYOKU oya="0"/><INIT seed="0,0,0,2,2,54" ten="250,250,250,250" oya="0" hai0="77,17,57,124,18,63,34,115,25,129,103,42,1" hai1="36,65,53,133,135,122,67,4,105,87,28,106,71" hai2="73,45,97,111,31,99,32,39,41,40,81,24,117" hai3="9,121,109,93,134,101,90,84,35,26,132,14,119"/><T96/><D115/><U64/><E122/><V113/><F113/><W89/><G119/><T78/><D124/><U123/><E123/><V80/><F117/><W43/><G121/><T118/><D118/><U79/><E36/><V83/><F73/><W76/><G109/><T75/><D1/><U112/><E112/><V104/><F104/><W125/><G125/><T21/><D129/><U61/><E28/><V127/><F127/><W23/><G35/><T60/><D34/><U92/><E4/><V13/><F111/><W100/><G43/><T72/><D72/><U30/><E30/><V85/><F41/><W110/><G76/><T20/><D42/><U69/><E53/><V114/><F114/><W0/><G0/><T59/><D75/><U91/><E79/><V33/><F33/><W120/><G90/><T16/><D18/><U47/><E47/><V5/><REACH who="2" step="1"/><F85/><REACH who="2" ten="250,250,240,250" step="2"/><W7/><G110/><T107/><D63/><U46/><E61/><V44/><F44/><W11/><G120/><T2/><D2/><U15/><E46/><V130/><F130/><W88/><G132/><T52/><REACH who="0" step="1"/><D59/><REACH who="0" ten="240,250,240,250" step="2"/><U108/><E108/><V86/><F86/><W128/><G128/><T51/><D51/><U98/><E87/><V68/><F68/><W38/><G84/><T22/><D22/><U70/><E135/><V74/><F74/><W82/><G23/><T49/><D49/><U3/><E133/><V10/><AGARI ba="0,2" hai="5,10,13,24,31,32,39,40,45,80,81,83,97,99" machi="10" ten="30,2000,0" yaku="1,1,0,1,53,0" doraHai="54" doraHaiUra="48" who="2" fromWho="2" sc="240,-10,250,-5,240,40,250,-5" /><INIT seed="1,0,0,5,2,9" ten="230,245,280,245" oya="1" hai0="98,76,42,87,62,109,116,39,119,51,57,53,95" hai1="92,23,52,111,63,82,71,78,8,21,46,74,77" hai2="132,130,29,135,16,59,25,30,47,96,101,81,61" hai3="0,120,108,129,12,58,128,124,34,36,26,44,50"/><U85/><E111/><V7/><F130/><N who="3" m="50283" /><G0/><T133/><D109/><U91/><E78/><V37/><F81/><W110/><G120/><T19/><D133/><N who="2" m="51274" /><F7/><W45/><G124/><T43/><D39/><U106/><E106/><V89/><F89/><W131/><G131/><T115/><D115/><U126/><E126/><V14/><F37/><W97/><G97/><T4/><D4/><U41/><E8/><N who="2" m="6215" /><F47/><W121/><G36/><T66/><D19/><U86/><E74/><V84/><F84/><W68/><G45/><T134/><D134/><U79/><E79/><V67/><F25/><W117/><G44/><T70/><D87/><U125/><E125/><V83/><F83/><W10/><G26/><T48/><D76/><U102/><E102/><V27/><F27/><W22/><G110/><T11/><D11/><U100/><E100/><V69/><F69/><W35/><G68/><T118/><D42/><U32/><E71/><V20/><F20/><W75/><G75/><T31/><D43/><U122/><E122/><V13/><F13/><W114/><G121/><T107/><D116/><U65/><E41/><V93/><AGARI ba="0,0" hai="29,30,59,61,67,93,96,101" m="6215,51274" machi="93" ten="30,4000,0" yaku="20,1,52,1,54,1" doraHai="9" who="2" fromWho="2" sc="230,-10,245,-20,280,40,245,-10" /><INIT seed="2,0,0,2,0,109" ten="220,225,320,235" oya="2" hai0="116,134,120,14,22,132,104,11,97,53,118,69,87" hai1="57,16,54,71,81,61,0,25,28,133,43,24,121" hai2="105,63,41,75,95,131,72,94,103,29,91,13,9" hai3="110,85,12,31,119,37,80,114,123,1,40,135,65"/><V62/><F105/><W48/><G1/><T21/><D69/><U6/><E133/><N who="0" m="51305" /><D87/><U68/><E121/><V55/><F41/><W128/><G37/><T38/><D38/><U76/><E43/><V30/><F131/><W19/><G135/><T59/><D97/><U100/><E100/><V2/><F2/><W86/><G119/><N who="0" m="45611" /><D104/><U130/><E130/><V45/><F103/><W127/><G123/><T113/><D113/><U124/><E124/><V58/><F45/><N who="3" m="25639" /><G86/><T34/><D34/><U18/><E71/><V66/><F75/><W3/><G114/><T89/><D89/><U60/><E60/><V88/><F72/><W33/><G127/><T47/><D47/><U107/><E68/><V5/><F94/><W125/><G125/><T15/><D120/><U101/><E101/><V79/><F79/><W115/><G115/><T117/><N who="0" m="45619" /><T4/><DORA hai="129" /><D15/><U51/><E107/><V64/><F91/><W46/><G3/><T27/><D27/><U74/><E25/><V93/><F93/><W70/><G46/><T50/><AGARI ba="0,0" hai="4,11,14,21,22,50,53,59" m="45619,51305" machi="50" ten="50,8000,1" yaku="20,1,12,1,52,3" doraHai="109,129" who="0" fromWho="0" sc="220,80,225,-20,320,-40,235,-20" /><INIT seed="3,0,0,1,0,58" ten="300,205,280,215" oya="3" hai0="63,94,129,115,21,46,35,107,42,132,96,22,125" hai1="80,92,50,19,30,38,8,56,113,25,76,49,106" hai2="62,103,32,87,112,127,40,27,52,88,44,1,110" hai3="60,9,90,14,33,20,28,98,41,85,15,6,117"/><W105/><G117/><T69/><D125/><U126/><E113/><V99/><F1/><W73/><G73/><T31/><D129/><U123/><E123/><V101/><F112/><W3/><G41/><T51/><D132/><U61/><E106/><V128/><F128/><W57/><G33/><T71/><D115/><U78/><E38/><V53/><F127/><W77/><G77/><N who="1" m="29802" /><E126/><V7/><F7/><W2/><G105/><T68/><D107/><U108/><E108/><V74/><F74/><W104/><G104/><T84/><D84/><U130/><E80/><V121/><F121/><W39/><G98/><T64/><D35/><U11/><E130/><V59/><F110/><W34/><G34/><T24/><D22/><N who="1" m="15671" /><E92/><N who="2" m="56711" /><F32/><W10/><G39/><T5/><D5/><U95/><E95/><V86/><F27/><N who="3" m="16487" /><G2/><T122/><D122/><U97/><E97/><V81/><F40/><W67/><G3/><T134/><D134/><U16/><E8/><N who="3" m="3178" /><G6/><T12/><D12/><N who="1" m="7199" /><E19/><V48/><F86/><W100/><G100/><AGARI ba="0,0" hai="21,24,31,42,46,51,63,64,68,69,71,94,96,100" machi="100" ten="30,2000,0" yaku="7,1,52,1" doraHai="58" who="0" fromWho="3" sc="300,20,205,0,280,0,215,-20" owari="320,42.0,205,-19.5,280,8.0,195,-30.5" /></mjloggm>