<mjloggm ver="2.3"><GO type="225" lobby="0"/><UN n0="%E3%81%9F%E3%81%93%E2%98%86%E7%84%BC%E3%81%8D" n1="%72%69%6F%75%63%68%61%6E" n2="%E6%98%93%E5%88%A9%E8%96%A9%E4%BC%AF" n3="%E3%81%BF%E3%81%BF%E3%81%9A" dan="16,16,16,17" rate="2087.78,2224.30,2159.92,2231.08" sx="M,M,F,M"/><TAIKYOKU oya="0"/><INIT seed="0,0,0,4,4,84" ten="250,250,250,250" oya="0" hai0="90,50,11,58,79,36,31,56,86,20,98,100,81" hai1="118,114,15,83,49,133,127,27,7,111,68,54,39" hai2="103,119,89,85,126,88,4,24,62,102,76,22,109" hai3="51,87,129,69,115,74,61,35,6,132,13,19,123"/><T73/><D36/><U47/><E111/><V122/><F122/><W101/><G74/><T17/><D50/><U16/><E127/><V91/><F109/><W112/><G35/><T18/><D31/><U2/><E133/><V28/><F126/><W94/><G132/><T3/><D3/><U121/><E118/><V9/><F119/><W93/><G123/><T42/><D42/><U63/><E121/><V124/><F124/><W21/><G129/><T8/><D56/><U110/><E110/><V95/><F62/><W105/><G105/><T40/><D40/><U128/><E128/><V0/><REACH who="2" step="1"/><F95/><REACH who="2" ten="250,250,240,250" step="2"/><W32/><G61/><T37/><D37/><U130/><E130/><V45/><F45/><W5/><G94/><N who="0" m="54615" /><D58/><U60/><E39/><V106/><F106/><W53/><G69/><T131/><D131/><U25/><E63/><V34/><F34/><W66/><G32/><T33/><D33/><U46/><E47/><V107/><F107/><W134/><G134/><T92/><D73/><U78/><E60/><V1/><F1/><W96/><G66/><T23/><D81/><AGARI ba="0,1" hai="0,4,9,22,24,28,76,81,85,88,89,91,102,103" machi="81" ten="40,8000,1" yaku="1,1,52,3,54,1,53,0" doraHai="84" doraHaiUra="104" who="2" fromWho="0" sc="250,-80,250,0,240,90,250,0" /><INIT seed="1,0,0,5,1,119" ten="170,250,330,250" oya="1" hai0="87,52,69,114,93,36,49,13,97,5,109,10,131" hai1="15,115,21,74,129,61,70,89,32,101,4,37,38" hai2="30,73,102,104,118,106,82,53,105,0,8,92,65" hai3="12,35,125,22,126,28,135,64,17,66,130,103,76"/><U62/><E115/><V3/><F118/><W112/><G112/><T40/><D114/><U128/><E32/><V86/><F65/><W133/><G76/><T33/><D33/><U107/><E74/><V77/><F30/><W44/><G103/><T9/><D109/><U121/><E121/><V2/><F53/><W39/><G39/><T60/><D131/><N who="1" m="50251" /><E89/><N who="2" m="53303" /><F8/><W27/><G44/><N who="0" m="23559" /><D87/><U18/><E61/><V110/><F110/><W46/><G46/><T94/><D9/><N who="1" m="4519" /><E101/><V127/><F127/><N who="3" m="48651" /><G130/><T78/><D97/><AGARI ba="0,0" hai="0,2,3,73,77,82,97,102,104,105,106" m="53303" machi="97" ten="30,1000,0" yaku="24,1" doraHai="119" who="2" fromWho="0" sc="170,-10,250,0,330,10,250,0" /><INIT seed="2,0,0,0,2,38" ten="160,250,340,250" oya="2" hai0="124,126,96,16,22,123,100,14,40,50,25,54,53" hai1="98,36,130,107,116,39,132,120,60,117,65,128,6" hai2="131,119,63,118,111,71,95,30,93,19,135,0,10" hai3="51,99,87,105,24,42,122,45,18,80,58,52,112"/><V91/><F30/><W17/><G122/><T64/><D123/><U101/><E120/><V94/><F71/><W61/><G112/><T79/><D64/><U48/><E132/><V5/><F131/><N who="1" m="50217" /><E6/><V108/><F135/><W106/><G99/><T104/><D79/><U1/><E1/><V67/><F91/><W31/><G106/><T35/><D35/><U78/><E78/><V113/><F113/><W9/><G105/><T81/><D81/><U46/><E39/><V44/><F44/><W90/><REACH who="3" step="1"/><G9/><REACH who="3" ten="160,250,340,240" step="2"/><T32/><D32/><AGARI ba="0,1" hai="17,18,24,31,32,42,45,51,52,58,61,80,87,90" machi="32" ten="30,8000,1" yaku="1,1,2,1,7,1,52,1,54,1,53,0" doraHai="38" doraHaiUra="4" who="3" fromWho="0" sc="160,-80,250,0,340,0,240,90" /><INIT seed="3,0,0,4,0,125" ten="80,250,340,330" oya="3" hai0="100,68,26,92,29,122,128,2,44,126,1,64,71" hai1="77,73,117,103,15,79,4,58,132,55,59,86,52" hai2="134,98,78,51,129,53,0,36,18,41,95,57,121" hai3="35,97,82,124,34,81,85,106,25,54,88,131,110"/><W12/><G124/><T94/><D44/><U62/><E132/><V39/><F0/><W47/><G110/><T116/><D94/><U118/><E73/><V87/><F134/><W89/><G131/><T76/><D92/><U40/><E40/><V31/><F31/><W72/><G12/><T30/><D76/><U130/><E130/><V50/><F121/><W61/><G25/><T17/><D100/><U119/><E103/><V90/><F129/><W112/><G112/><T46/><D64/><U43/><E43/><V111/><F111/><W114/><G114/><T66/><D66/><U24/><E24/><V56/><F18/><W99/><G106/><T84/><D46/><U37/><E37/><V6/><F6/><W11/><G11/><T133/><D84/><U107/><E107/><V96/><F41/><W80/><G47/><T123/><D17/><U65/><E86/><V42/><F42/><W14/><G14/><T7/><D26/><U93/><E93/><V120/><F120/><W69/><G85/><T83/><D83/><U9/><REACH who="1" step="1"/><E65/><REACH who="1" ten="80,240,340,330" step="2"/><V32/><F36/><W115/><G72/><T74/><D7/><U102/><E102/><V8/><F32/><N who="3" m="12331" /><G115/><T135/><D128/><U113/><E113/><V13/><F39/><W127/><G127/><T38/><D38/><U109/><E109/><V16/><F78/><W22/><G99/><T108/><D126/><U28/><E28/><V101/><F101/><W3/><G97/><T105/><D108/><U27/><E27/><V63/><F98/><W19/><G89/><T75/><D105/><U104/><E104/><RYUUKYOKU ba="0,1" sc="80,15,240,15,340,-15,330,-15" hai0="1,2,29,30,68,71,74,75,116,122,123,133,135" hai1="4,9,15,52,55,58,59,62,77,79,117,118,119" owari="95,-40.5,255,-14.5,335,43.5,315,11.5" /></mjloggm>