<mjloggm ver="2.3"><GO type="225" lobby="0"/><UN n0="%45%6C%79%73%69%75%6D" n1="%E8%83%83%E3%81%A8%E8%85%B8" n2="%E3%81%A8%E3%82%93%E3%81%A8%E3%81%93%E3%81%A8%E3%82%93" n3="%E5%87%BA%E6%B0%B4" dan="17,16,16,16" rate="2117.37,2190.56,2132.90,2072.38" sx="F,M,M,F"/><TAIKYOKU oya="0"/><INIT seed="0,0,0,5,5,96" ten="250,250,250,250" oya="0" hai0="83,92,28,22,91,44,113,129,10,114,72,95,130" hai1="94,9,93,58,38,104,2,122,112,135,19,59,21" hai2="54,46,23,45,63,60,51,39,126,57,35,120,31" hai3="127,29,11,68,32,70,49,108,89,80,3,66,42"/><T71/><D71/><U119/><E119/><V33/><F120/><W106/><G108/><T124/><D10/><U8/><E122/><V111/><F35/><W30/><G127/><T55/><D124/><U81/><E104/><V98/><F33/><W12/><G3/><T102/><D44/><N who="2" m="17002" /><F126/><W79/><G42/><T101/><D55/><U25/><E38/><V87/><F39/><W1/><G1/><T74/><D22/><U123/><E123/><V62/><F111/><W4/><G49/><T117/><D28/><U36/><E36/><V82/><F98/><W7/><G7/><T99/><D117/><U48/><E135/><V17/><F31/><W90/><G70/><T14/><D14/><U5/><E112/><N who="0" m="43113" /><D95/><U132/><E94/><V50/><F51/><W121/><G121/><T65/><D65/><U61/><E48/><V34/><F34/><W27/><G66/><T73/><D83/><U75/><E81/><V131/><F131/><AGARI ba="0,0" hai="72,73,74,91,92,99,101,102,129,130,131" m="43113" machi="131" ten="40,12000,1" yaku="19,1,34,2,52,2" doraHai="96" who="0" fromWho="2" sc="250,120,250,0,250,-120,250,0" /><INIT seed="0,1,0,5,2,95" ten="370,250,130,250" oya="0" hai0="123,110,25,117,84,85,131,12,102,91,78,50,125" hai1="41,44,55,80,128,17,39,83,15,26,1,70,79" hai2="121,65,30,106,11,101,71,42,27,103,4,81,114" hai3="5,29,105,62,88,82,99,134,19,58,130,43,18"/><T34/><D117/><U48/><E128/><V52/><F114/><W51/><G134/><T57/><D123/><U8/><E1/><V87/><F121/><W77/><G130/><T67/><D131/><U92/><E70/><V47/><F106/><W93/><G105/><T112/><D112/><U40/><E39/><V72/><F72/><W76/><G29/><T14/><D125/><U116/><E116/><V89/><F65/><N who="3" m="39127" /><G5/><T96/><D110/><U9/><E9/><V53/><F71/><W64/><G64/><T13/><D78/><N who="3" m="30313" /><G82/><T16/><D67/><U54/><E83/><V94/><F81/><W31/><G31/><T28/><D16/><U10/><E80/><V100/><F4/><W21/><G21/><T124/><D124/><U59/><E79/><V23/><REACH who="2" step="1"/><F11/><REACH who="2" ten="370,250,120,250" step="2"/><W35/><G35/><T38/><D34/><U3/><E10/><V104/><F104/><W113/><G113/><T61/><D25/><U56/><E26/><V133/><F133/><W20/><G20/><T0/><D28/><U74/><E74/><V119/><F119/><W129/><G129/><T45/><D0/><U107/><E107/><V122/><F122/><W120/><G120/><T33/><D33/><U111/><E3/><V132/><F132/><W32/><G32/><T6/><D6/><U73/><E73/><V2/><F2/><W97/><G18/><T135/><D135/><U24/><E24/><V36/><AGARI ba="1,1" hai="23,27,30,36,42,47,52,53,87,89,94,100,101,103" machi="36" ten="30,4000,0" yaku="1,1,0,1,54,1,53,0" doraHai="95" doraHaiUra="7" who="2" fromWho="2" sc="370,-21,250,-11,120,53,250,-11" /><INIT seed="1,0,0,1,5,29" ten="349,239,173,239" oya="1" hai0="116,78,62,5,109,79,52,6,13,21,7,104,85" hai1="59,24,49,46,128,96,36,44,98,134,48,132,89" hai2="92,107,3,53,11,90,45,72,126,75,120,10,35" hai3="2,58,16,135,86,82,8,40,74,124,9,130,32"/><U73/><E73/><V110/><F107/><W15/><G74/><T83/><D116/><U105/><E24/><V12/><F120/><W37/><G135/><N who="1" m="51754" /><E128/><V66/><F110/><W27/><G130/><T95/><D104/><U77/><E77/><V51/><F126/><W127/><G58/><N who="0" m="35143" /><D109/><U119/><E119/><V129/><F129/><W63/><G63/><T87/><D95/><N who="1" m="56431" /><E59/><V0/><F35/><W81/><G127/><T76/><D85/><U26/><E26/><V23/><F75/><W118/><G118/><T19/><AGARI ba="0,0" hai="5,6,7,13,19,21,76,78,79,83,87" m="35143" machi="19" ten="30,2000,0" yaku="8,1,54,1" doraHai="29" who="0" fromWho="0" sc="349,20,239,-10,173,-5,239,-5" /><INIT seed="2,0,0,4,2,63" ten="369,229,168,234" oya="2" hai0="116,110,45,30,79,59,28,81,77,3,132,91,37" hai1="57,2,6,135,40,127,24,90,64,100,118,95,8" hai2="94,1,26,70,112,99,74,104,86,7,105,107,133" hai3="55,16,29,125,42,88,46,9,83,5,15,109,68"/><V69/><F112/><W131/><G109/><T4/><D110/><U93/><E118/><V85/><F74/><W51/><G131/><T122/><D122/><U27/><E127/><V71/><F133/><W78/><G125/><T33/><D91/><U115/><E115/><V18/><F1/><W61/><G29/><T34/><D132/><U113/><E113/><V108/><F7/><W92/><G61/><T121/><D59/><U96/><E40/><V73/><F73/><W13/><G68/><T32/><D77/><U124/><E124/><V22/><REACH who="2" step="1"/><F108/><REACH who="2" ten="369,229,158,234" step="2"/><W72/><G5/><T84/><D4/><U0/><E0/><V82/><F82/><W50/><G83/><T53/><D3/><U75/><E75/><V19/><F19/><W60/><G72/><T14/><D81/><U20/><E135/><V103/><AGARI ba="0,1" hai="18,22,26,69,70,71,85,86,94,99,103,104,105,107" machi="103" ten="40,3900,0" yaku="1,1,0,1,53,0" doraHai="63" doraHaiUra="10" who="2" fromWho="2" sc="369,-13,229,-13,158,49,234,-13" /><INIT seed="2,1,0,1,2,6" ten="356,216,207,221" oya="2" hai0="90,79,122,101,65,47,109,112,131,27,116,123,76" hai1="10,97,92,93,30,29,106,5,32,36,16,19,115" hai2="128,102,26,34,75,63,77,12,20,21,126,69,13" hai3="130,55,22,23,121,49,41,31,4,103,88,72,73"/><V83/><F126/><W58/><G121/><T48/><D112/><U50/><E36/><V118/><F118/><W120/><G120/><T64/><D109/><U39/><E39/><V86/><F128/><W62/><G103/><T117/><D131/><U87/><E115/><V71/><F75/><W8/><G130/><T96/><D27/><U44/><E106/><V54/><F102/><W105/><G105/><T84/><D64/><U111/><E111/><V70/><F34/><W85/><G72/><T52/><D65/><U104/><E104/><V108/><F108/><W0/><G73/><T51/><D51/><U57/><E57/><V107/><F107/><W134/><G31/><N who="1" m="11786" /><E32/><V66/><F54/><W35/><G35/><T37/><D37/><U135/><E87/><V1/><F1/><W78/><G78/><T7/><D122/><U132/><E132/><V42/><F42/><W38/><G38/><T125/><D123/><U110/><E135/><V82/><F83/><W60/><G134/><T59/><D59/><U81/><E81/><V124/><F124/><W133/><G133/><T3/><D125/><U56/><E56/><N who="2" m="37223" /><F26/><W94/><REACH who="3" step="1"/><G62/><REACH who="3" ten="356,216,207,211" step="2"/><T129/><D129/><U43/><E110/><V25/><F25/><W18/><G18/><N who="1" m="6698" /><E97/><V33/><F33/><W46/><AGARI ba="1,1" hai="0,4,8,22,23,41,46,49,55,58,60,85,88,94" machi="46" ten="30,7900,0" yaku="1,1,0,1,52,1,54,1,53,0" doraHai="6" doraHaiUra="119" who="3" fromWho="3" sc="356,-21,216,-21,207,-40,211,92" /><INIT seed="3,0,0,2,4,112" ten="335,195,167,303" oya="3" hai0="110,74,38,29,93,3,41,10,1,45,118,66,63" hai1="65,31,11,78,9,121,52,37,56,55,111,18,81" hai2="105,89,122,116,131,23,77,28,21,106,0,22,113" hai3="58,101,19,80,91,68,59,36,17,127,61,51,16"/><W79/><G36/><T84/><D110/><U97/><E121/><V94/><F113/><W62/><G127/><T132/><D74/><U107/><E37/><V44/><F0/><W114/><G114/><T102/><D132/><U67/><E31/><V87/><F122/><W130/><G130/><T26/><D10/><U14/><E11/><V32/><F131/><W129/><G129/><T50/><D50/><U100/><E111/><V2/><F2/><W71/><G101/><T70/><D118/><U76/><E76/><V128/><F128/><W104/><G104/><T30/><D30/><U96/><E96/><V92/><F77/><W123/><G123/><T6/><D6/><U8/><E8/><V133/><F133/><W27/><G27/><T24/><D24/><U46/><E46/><V20/><N who="2" m="5120" /><DORA hai="33" /><V83/><F44/><W47/><G71/><T99/><D84/><U85/><REACH who="1" step="1"/><E55/><REACH who="1" ten="335,185,167,303" step="2"/><V12/><F116/><W88/><G79/><T126/><D126/><U69/><E69/><V120/><F120/><W49/><G68/><T42/><D42/><U95/><E95/><V53/><F53/><N who="3" m="33999" /><G80/><T34/><AGARI ba="0,1" hai="1,3,26,29,34,38,41,45,63,66,70,93,99,102" machi="34" ten="20,5200,0" yaku="0,1,7,1,52,2" doraHai="112,33" who="0" fromWho="0" sc="335,62,185,-13,167,-13,303,-26" owari="397,49.7,172,-22.8,154,-34.6,277,7.7" /></mjloggm>