<mjloggm ver="2.3"><GO type="225" lobby="0"/><UN n0="%E3%81%AF%E3%82%88%E3%81%8A%E3%81%98%E3%81%95%E3%82%93" n1="%E2%91%A3%E9%81%BF%E9%81%8A%E6%88%AF%E3%80%90%E6%9D%B1%E5%8D%97%E3%80%91" n2="%E3%81%95%E3%81%8D%E3%81%9F%E3%81%BE%E6%9E%97%E6%AA%8E" n3="%E3%81%99%E3%81%84%E3%81%BE%E3%81%9B%E3%83%BC%E3%82%93" dan="16,16,16,16" rate="2131.29,2087.64,2142.23,2164.51" sx="M,M,M,M"/><TAIKYOKU oya="0"/><INIT seed="0,0,0,4,1,37" ten="250,250,250,250" oya="0" hai0="10,94,22,133,111,3,127,104,118,130,87,60,54" hai1="40,109,70,72,35,50,112,122,76,13,39,83,116" hai2="14,43,67,128,23,56,107,21,119,75,26,32,96" hai3="113,117,77,78,84,55,105,64,28,57,45,115,62"/><T135/><D104/><U8/><E122/><V51/><F128/><W124/><G117/><T82/><D118/><U9/><E116/><V102/><F75/><W121/><G105/><T85/><D130/><U30/><E112/><V36/><F36/><W61/><G121/><T46/><D127/><U48/><E70/><V80/><F119/><W31/><G124/><T7/><D111/><U16/><E109/><V41/><F32/><W132/><G132/><T6/><D7/><U93/><E8/><V20/><F14/><W74/><G74/><T38/><D22/><U33/><E93/><N who="2" m="58639" /><F51/><W126/><G126/><T19/><D19/><U100/><E100/><V108/><F108/><W68/><G78/><T15/><D3/><U71/><E71/><V88/><F107/><W47/><G115/><T103/><D103/><U0/><E0/><V86/><F26/><W17/><G17/><T99/><D38/><U24/><REACH who="1" step="1"/><E35/><REACH who="1" ten="250,240,250,250" step="2"/><V44/><F44/><AGARI ba="0,1" hai="9,13,16,24,30,33,39,40,44,48,50,72,76,83" machi="44" ten="40,8000,1" yaku="1,1,2,1,52,1,54,1,53,1" doraHai="37" doraHaiUra="27" who="1" fromWho="2" sc="250,0,240,90,250,-80,250,0" /><INIT seed="1,0,0,2,4,88" ten="250,330,170,250" oya="1" hai0="91,13,22,105,32,15,106,50,24,97,60,109,59" hai1="125,21,25,29,115,86,38,119,61,5,72,10,1" hai2="126,0,83,37,122,41,94,64,134,127,23,66,14" hai3="90,87,79,4,42,68,43,7,110,89,99,114,55"/><U17/><E119/><V33/><F122/><W54/><G114/><T103/><D109/><U81/><E115/><V104/><F104/><W76/><G68/><T30/><D105/><U80/><E125/><N who="2" m="47627" /><F0/><W77/><G110/><T49/><D91/><N who="3" m="34825" /><G87/><T46/><D32/><U36/><E72/><V31/><F83/><W16/><G16/><T48/><REACH who="0" step="1"/><D46/><REACH who="0" ten="240,330,170,250" step="2"/><U132/><E132/><V65/><F33/><W12/><G99/><T2/><D2/><U108/><E108/><V123/><F123/><W78/><G78/><T57/><D57/><U73/><E73/><V101/><F134/><W45/><G45/><T116/><D116/><U18/><E81/><V62/><F37/><W71/><G71/><T135/><D135/><U74/><E74/><V93/><F101/><W117/><G117/><T9/><D9/><U56/><E36/><V75/><F75/><W19/><G79/><T26/><D26/><U92/><E38/><V95/><F41/><W84/><G43/><T3/><D3/><U107/><E107/><V63/><F14/><W120/><G42/><T124/><D124/><U44/><E44/><V102/><F102/><W28/><G77/><T113/><D113/><U6/><E1/><V27/><AGARI ba="0,1" hai="23,27,31,62,63,64,65,66,93,94,95" m="47627" machi="27" ten="40,8000,1" yaku="18,1,52,3" doraHai="88" who="2" fromWho="2" sc="240,-20,330,-40,170,90,250,-20" /><INIT seed="2,0,0,5,2,3" ten="220,290,260,230" oya="2" hai0="12,100,50,122,106,130,46,123,132,19,116,80,109" hai1="114,133,85,75,7,78,135,119,0,14,44,52,97" hai2="102,108,4,16,124,57,37,112,117,39,36,128,121" hai3="13,126,127,70,90,83,89,107,22,118,6,87,51"/><V60/><F112/><W33/><G118/><T95/><D106/><U92/><E119/><V113/><F113/><W59/><G33/><T17/><D116/><U23/><E114/><V134/><F117/><W131/><G70/><T34/><D34/><U115/><E115/><V63/><F121/><W15/><G131/><T8/><D130/><U86/><E0/><V71/><F71/><W27/><G107/><T88/><D109/><U73/><E23/><V29/><F29/><W25/><G90/><T93/><D132/><N who="1" m="50763" /><E78/><V66/><F128/><W69/><G69/><T38/><D38/><U35/><E35/><V10/><F134/><W2/><G2/><T94/><D100/><N who="1" m="60455" /><E75/><V28/><F102/><W49/><G25/><T1/><D1/><U9/><E73/><V55/><F108/><W82/><G27/><T54/><D17/><U96/><E96/><V18/><F28/><W41/><G127/><T91/><D91/><U61/><E44/><V5/><F10/><N who="3" m="4311" /><G126/><T43/><D43/><U68/><E68/><V98/><F98/><W62/><G41/><T48/><D48/><U45/><E45/><V104/><F104/><W67/><G51/><T21/><D21/><U81/><E81/><V30/><F30/><W99/><G49/><T125/><D125/><U72/><E72/><V26/><F26/><W42/><G99/><T76/><D76/><U11/><E11/><V120/><F124/><W77/><G42/><T65/><D65/><U47/><E47/><V24/><F24/><W20/><G15/><T58/><D46/><U105/><E105/><V79/><F79/><RYUUKYOKU ba="0,0" sc="220,10,290,10,260,-30,230,10" hai0="8,12,19,50,54,58,80,88,93,94,95,122,123" hai1="7,9,14,52,61,85,86" hai3="20,22,59,62,67,77,82,83,87,89" /><INIT seed="3,1,0,2,3,133" ten="230,300,230,240" oya="3" hai0="123,62,41,113,91,47,84,107,31,82,15,97,9" hai1="1,95,76,56,100,13,81,36,63,58,101,111,6" hai2="129,61,108,55,59,25,17,32,112,96,64,67,26" hai3="49,70,94,35,22,125,134,89,120,23,122,39,8"/><W40/><G35/><T48/><D123/><U118/><E111/><V132/><F108/><W74/><G39/><T11/><D113/><U106/><E36/><V75/><F112/><W10/><G70/><T71/><D31/><U45/><E118/><V28/><F75/><W110/><G74/><T33/><D33/><U102/><E106/><V69/><F132/><W54/><G110/><T130/><D130/><U4/><E1/><V34/><F129/><W60/><G134/><T124/><D124/><U79/><E45/><V127/><F127/><W115/><G115/><T93/><D107/><U80/><E95/><V5/><F5/><N who="1" m="2153" /><E13/><V42/><F42/><W2/><G2/><T24/><D24/><U3/><E3/><V51/><F67/><W20/><G125/><T121/><D15/><U88/><E56/><V116/><F116/><W78/><G122/><T87/><D121/><U65/><E81/><V131/><F131/><W73/><G120/><T92/><D62/><U105/><E105/><V128/><F128/><W14/><G60/><T119/><D71/><U117/><E117/><V7/><F7/><W57/><G40/><T52/><D41/><U38/><E38/><V19/><F96/><N who="3" m="57423" /><G14/><T72/><D72/><U90/><E80/><V21/><F34/><W83/><G8/><T27/><D27/><U16/><E16/><AGARI ba="1,0" hai="16,17,19,21,25,26,28,32,51,55,59,61,64,69" machi="16" ten="30,2000,0" yaku="7,1,54,1" doraHai="133" who="2" fromWho="1" sc="230,0,300,-23,230,23,240,0" /><INIT seed="4,0,0,0,2,129" ten="230,277,253,240" oya="0" hai0="12,59,101,121,36,3,21,110,77,14,57,90,96" hai1="113,65,6,49,91,4,108,131,97,33,32,1,46" hai2="104,27,71,92,98,67,15,73,135,42,130,94,43" hai3="64,7,112,133,29,44,118,82,109,126,2,83,103"/><T114/><D121/><U22/><E108/><V51/><F130/><W62/><G118/><T68/><D3/><U116/><E131/><V52/><F73/><W50/><G109/><T106/><D68/><U61/><E116/><V105/><F135/><W45/><G133/><T78/><D110/><U13/><E113/><V16/><F27/><W66/><G112/><T89/><D36/><U19/><E1/><V31/><F31/><W84/><G29/><T119/><D119/><U134/><E33/><V38/><F38/><W100/><G126/><T132/><D132/><U40/><E32/><V111/><F111/><W9/><G83/><T35/><D35/><U34/><E34/><V79/><F79/><N who="0" m="30218" /><D106/><U74/><E74/><V124/><F124/><W128/><G128/><T86/><D114/><U120/><E120/><V5/><F5/><W81/><G66/><T70/><D70/><U72/><E72/><V37/><F37/><W102/><G84/><T23/><D101/><U93/><REACH who="1" step="1"/><E134/><REACH who="1" ten="230,267,253,240" step="2"/><V125/><F125/><W115/><G115/><T41/><D41/><U60/><E60/><V63/><F43/><W99/><G62/><T10/><D21/><U20/><E20/><V58/><F42/><W55/><G2/><T107/><D23/><U80/><E80/><V88/><F94/><W30/><G82/><N who="0" m="49367" /><D107/><U127/><E127/><V11/><AGARI ba="0,1" hai="11,15,16,51,52,58,63,67,71,88,92,98,104,105" machi="11" ten="20,8000,1" yaku="0,1,7,1,54,3" doraHai="129" who="2" fromWho="2" sc="230,-40,267,-20,253,90,240,-20" owari="190,-31.0,247,4.7,343,44.3,220,-18.0" /></mjloggm>