<mjloggm ver="2.3"><GO type="225" lobby="0"/><UN n0="%E3%81%A8%E3%82%93%E3%81%A8%E3%81%93%E3%81%A8%E3%82%93" n1="%6B%65%6E%6E%64%69" n2="%E7%AD%89%E3%80%85%E5%8A%9B%E5%8A%87%E5%A0%B4" n3="%E3%83%A9%E3%83%BC%E3%83%A1%E3%83%B3%E4%BA%94%E9%83%8E" dan="16,16,17,16" rate="2084.17,2160.50,2179.98,2079.76" sx="M,M,M,M"/><TAIKYOKU oya="0"/><INIT seed="0,0,0,1,2,8" ten="250,250,250,250" oya="0" hai0="40,50,120,62,109,74,127,18,87,15,115,132,130" hai1="69,41,104,55,42,128,124,7,76,99,44,60,10" hai2="19,123,118,113,101,29,92,37,119,100,52,24,27" hai3="114,51,30,68,12,9,73,79,93,133,72,77,78"/><T38/><D74/><U125/><E128/><V83/><F123/><W63/><G114/><T11/><D115/><U75/><E76/><V57/><F37/><W3/><G133/><T121/><D38/><U17/><E75/><V131/><F113/><W95/><G3/><T61/><D127/><N who="1" m="48715" /><E17/><V86/><F131/><W14/><G72/><T129/><D130/><U35/><E35/><V105/><F105/><W88/><G73/><T58/><D129/><U89/><E89/><V49/><F27/><W32/><G95/><T65/><D132/><U67/><E55/><V4/><F4/><W112/><G112/><T98/><D109/><U85/><E85/><V47/><F92/><W36/><G32/><T117/><D117/><U102/><E44/><V20/><F47/><W94/><G30/><T28/><D28/><U134/><E134/><V66/><F29/><W81/><G77/><T31/><D31/><U6/><E6/><V108/><F108/><W26/><G78/><T46/><D87/><U45/><E45/><V107/><F86/><W53/><G79/><T110/><D110/><U59/><E69/><V54/><F119/><W96/><G68/><T43/><D43/><U71/><E71/><V33/><F33/><W22/><G53/><N who="0" m="33999" /><D98/><U82/><E82/><V25/><F83/><W56/><G81/><T16/><D18/><U1/><AGARI ba="0,0" hai="1,7,10,41,42,59,60,67,99,102,104" m="48715" machi="1" ten="30,1100,0" yaku="18,1" doraHai="8" who="1" fromWho="1" sc="250,-5,250,11,250,-3,250,-3" /><INIT seed="1,0,0,5,1,62" ten="245,261,247,247" oya="1" hai0="49,17,7,39,34,44,23,18,29,112,41,123,50" hai1="61,36,119,106,54,8,76,68,101,90,52,45,2" hai2="126,86,98,0,132,46,27,105,134,56,125,13,11" hai3="35,48,135,128,70,31,120,108,78,122,92,64,110"/><U5/><E119/><V124/><F0/><W66/><G128/><T9/><D112/><U19/><E106/><V79/><F27/><N who="3" m="18943" /><G135/><N who="2" m="51753" /><F46/><W102/><G78/><T28/><D123/><N who="3" m="47145" /><G48/><T25/><D29/><U83/><E101/><N who="2" m="62647" /><F56/><W24/><G24/><T57/><D57/><U74/><E19/><N who="2" m="8639" /><F86/><W75/><G75/><T95/><D95/><U14/><E14/><V84/><F84/><W26/><G26/><T69/><D69/><U1/><E1/><V116/><F79/><W40/><G70/><T53/><D53/><U55/><E90/><V6/><F116/><W4/><G4/><AGARI ba="0,0" hai="4,6,124,125,126" m="8639,62647,51753" machi="4" ten="40,2600,0" yaku="18,1,20,1" doraHai="62" who="2" fromWho="3" sc="245,0,261,0,247,26,247,-26" /><INIT seed="2,0,0,2,0,106" ten="245,261,273,221" oya="2" hai0="62,60,97,103,74,121,120,39,102,105,72,124,56" hai1="66,58,55,51,35,104,3,91,64,30,61,77,96" hai2="130,9,88,38,7,34,24,67,76,99,25,12,131" hai3="116,42,18,79,54,101,49,100,14,82,93,5,45"/><V81/><F38/><W86/><G116/><T125/><D39/><U43/><E3/><V37/><F37/><W48/><G93/><T92/><D92/><N who="1" m="56351" /><E35/><V122/><F122/><W129/><G129/><N who="2" m="49161" /><F34/><W46/><REACH who="3" step="1"/><G5/><REACH who="3" ten="245,261,273,211" step="2"/><T13/><D105/><U47/><E104/><V70/><F7/><W90/><G90/><T115/><D115/><U80/><E30/><V118/><F88/><W27/><G27/><T109/><D109/><U44/><E44/><V40/><F24/><W6/><G6/><T10/><D97/><U73/><E66/><V71/><F67/><W8/><AGARI ba="0,1" hai="8,14,18,42,45,46,48,49,54,79,82,86,100,101" machi="8" ten="20,8000,1" yaku="1,1,0,1,7,1,8,1,53,1" doraHai="106" doraHaiUra="36" who="3" fromWho="3" sc="245,-20,261,-20,273,-40,211,90" /><INIT seed="3,0,0,4,4,14" ten="225,241,233,301" oya="3" hai0="123,90,69,79,76,64,1,113,70,13,100,25,80" hai1="44,93,106,40,75,28,98,99,5,48,82,0,41" hai2="12,63,94,37,117,72,36,8,52,6,114,34,95" hai3="47,67,30,16,89,107,130,131,120,104,124,24,42"/><W60/><G120/><T54/><D1/><U127/><E127/><V88/><F114/><W86/><G16/><T96/><D123/><U68/><E68/><V84/><F117/><W7/><G7/><T45/><D113/><U27/><E106/><V135/><F72/><W78/><G78/><T74/><D79/><U3/><E75/><V126/><F34/><N who="3" m="20807" /><G124/><T35/><D90/><U62/><E5/><V56/><F126/><W83/><G60/><T71/><D13/><U26/><E62/><V73/><F73/><W43/><G67/><T15/><D15/><U87/><E40/><N who="3" m="15402" /><G47/><T111/><D64/><U65/><E65/><V18/><F135/><W103/><G103/><T50/><D111/><U109/><E109/><V134/><F134/><W66/><G66/><T9/><D9/><U85/><E27/><V2/><F95/><W128/><AGARI ba="0,0" hai="83,86,89,104,107,128,130,131" m="15402,20807" machi="128" ten="40,2100,0" yaku="19,1" doraHai="14" who="3" fromWho="3" sc="225,-7,241,-7,233,-7,301,21" owari="218,-28.2,234,3.4,226,-17.4,322,42.2" /></mjloggm>