<mjloggm ver="2.3"><GO type="225" lobby="0"/><UN n0="%E9%A2%A8%E3%81%A7%E9%B3%B4%E3%81%8F" n1="%E5%B8%86%E7%AB%8B%E5%A4%8F%E8%A1%A3" n2="%E3%81%8B%E3%82%8F%E3%81%A1%E3%82%83%E3%82%93%35%38" n3="%E9%B3%B3%E6%9D%B1%E3%81%AE%E3%81%86%E3%81%95%E3%81%8E%E3%81%95%E3%82%93" dan="16,16,17,17" rate="2146.15,2119.46,2204.55,2203.97" sx="M,M,M,M"/><TAIKYOKU oya="0"/><INIT seed="0,0,0,1,5,1" ten="250,250,250,250" oya="0" hai0="63,61,25,114,28,96,0,67,45,2,81,104,129" hai1="119,105,53,103,117,101,37,93,126,97,26,75,27" hai2="107,11,5,91,9,36,120,64,122,134,125,19,21" hai3="7,3,13,17,77,124,133,116,123,8,54,108,98"/><T41/><D114/><U79/><E37/><V34/><F36/><W69/><G116/><N who="1" m="44618" /><E53/><V35/><F91/><W58/><G108/><T127/><D63/><U16/><E16/><V68/><F107/><W102/><G133/><T50/><D127/><U135/><E27/><V112/><F64/><W44/><G123/><N who="2" m="47145" /><F68/><W131/><G131/><T39/><D81/><N who="1" m="45311" /><E26/><V52/><F52/><W86/><G124/><T10/><D10/><U56/><E56/><V55/><F55/><W47/><G69/><N who="0" m="42223" /><D50/><U24/><E24/><N who="2" m="14399" /><F112/><W20/><G86/><T94/><D94/><N who="1" m="58551" /><E126/><V60/><F60/><W99/><G58/><T18/><D18/><U40/><E40/><V59/><F59/><W118/><G118/><T106/><D129/><U71/><E71/><V121/><F125/><W113/><G113/><T90/><D106/><U73/><E135/><V128/><F128/><W42/><G54/><T30/><D30/><U22/><E22/><V6/><N who="2" m="47153" /><V80/><DORA hai="14" /><F80/><W92/><G20/><T84/><D41/><U70/><E70/><V43/><F43/><W88/><G42/><T76/><D39/><U15/><E105/><V100/><F134/><W32/><G47/><T110/><D45/><U29/><E73/><V109/><F109/><W87/><G44/><T51/><D110/><U83/><E83/><V66/><F66/><W38/><G38/><T74/><D74/><U12/><E29/><V23/><F23/><W46/><G46/><T132/><D104/><U72/><E72/><V33/><F100/><W130/><G102/><T85/><D132/><U95/><E103/><RYUUKYOKU ba="0,0" sc="250,-15,250,15,250,15,250,-15" hai1="12,15,93,95" hai2="5,6,9,11,33,34,35" /><INIT seed="1,1,0,5,4,101" ten="235,265,265,235" oya="1" hai0="121,19,45,77,9,5,8,71,72,74,13,3,108" hai1="125,69,41,57,68,63,48,59,66,17,95,32,29" hai2="109,78,49,90,12,6,40,35,47,128,56,16,58" hai3="115,88,114,86,64,117,30,102,28,104,31,10,126"/><U36/><E125/><V133/><F35/><W129/><G126/><T123/><D71/><N who="1" m="27211" /><E17/><V53/><F128/><W105/><G64/><T73/><D108/><U93/><E93/><V100/><F133/><W110/><G110/><T15/><D77/><U51/><E95/><V65/><F109/><W0/><G129/><T134/><D134/><U52/><E29/><V135/><F135/><W89/><G117/><T119/><D119/><U21/><E21/><V83/><F6/><W85/><G10/><T97/><D97/><U92/><E92/><V112/><F112/><N who="3" m="43051" /><G102/><T118/><D118/><U124/><E32/><V91/><F58/><W130/><G0/><T70/><D70/><U43/><E124/><V79/><F65/><W44/><G44/><T1/><REACH who="0" step="1"/><D45/><REACH who="0" ten="225,265,265,235" step="2"/><N who="1" m="23719" /><E43/><V116/><F116/><W54/><G130/><T7/><D7/><U80/><E80/><V4/><F4/><W75/><G75/><T111/><D111/><U2/><E2/><AGARI ba="1,1" hai="1,2,3,5,8,9,13,15,19,72,73,74,121,123" machi="2" ten="50,1600,0" yaku="1,1,53,0" doraHai="101" doraHaiUra="103" who="0" fromWho="1" sc="225,29,265,-19,265,0,235,0" /><INIT seed="2,0,0,2,4,34" ten="254,246,265,235" oya="2" hai0="53,57,109,66,81,105,108,99,75,113,62,38,28" hai1="13,72,98,6,111,100,78,129,29,22,102,127,130" hai2="84,96,20,35,25,31,27,80,19,133,42,46,40" hai3="134,117,76,61,120,88,89,44,121,114,125,70,8"/><V5/><F133/><W103/><G117/><T79/><D38/><U119/><E119/><V15/><F96/><W59/><G70/><T36/><D36/><U43/><E111/><N who="0" m="42569" /><D113/><U65/><E127/><V91/><F5/><W11/><G125/><T4/><D4/><U12/><E43/><V37/><REACH who="2" step="1"/><F42/><REACH who="2" ten="254,246,255,235" step="2"/><W0/><G134/><T50/><D28/><U115/><E6/><V95/><F95/><W124/><G124/><T110/><D99/><U128/><E115/><V86/><F86/><W39/><G114/><T126/><D126/><U51/><E98/><V49/><F49/><W1/><G39/><T55/><D110/><U77/><E51/><V90/><F90/><W58/><G103/><T48/><D105/><U118/><E102/><V32/><F32/><W131/><G131/><T14/><D48/><U54/><E100/><V60/><F60/><W33/><BYE who="2" /><G33/><UN n2="%E3%81%8B%E3%82%8F%E3%81%A1%E3%82%83%E3%82%93%35%38" /><T106/><D14/><AGARI ba="0,1" hai="14,15,19,20,25,27,31,35,37,40,46,80,84,91" machi="14" ten="40,2000,0" yaku="1,1,53,0" doraHai="34" doraHaiUra="63" who="2" fromWho="0" sc="254,-20,246,0,255,30,235,0" /><INIT seed="2,1,0,2,0,81" ten="234,246,285,235" oya="2" hai0="23,48,5,55,94,57,101,62,97,133,27,115,74" hai1="46,78,99,1,19,96,13,80,88,37,130,16,84" hai2="79,102,72,64,110,114,44,47,76,20,22,7,89" hai3="18,71,83,91,11,35,32,6,14,104,82,21,66"/><V121/><F114/><W26/><G104/><T135/><D74/><U113/><E113/><V119/><F119/><W129/><G129/><T25/><D115/><U92/><E130/><V40/><F121/><W131/><G131/><T69/><D5/><U63/><E1/><V90/><F72/><W108/><G108/><T2/><D2/><U111/><E111/><V53/><F64/><W42/><G42/><T124/><D124/><U58/><E37/><V38/><F102/><W45/><G45/><T36/><D36/><U3/><E46/><V93/><F7/><W107/><G107/><T117/><D117/><U56/><E3/><V118/><F118/><W30/><G32/><T103/><D103/><U61/><E99/><V116/><F116/><W17/><G17/><N who="1" m="6730" /><E13/><V67/><F110/><W73/><G73/><T31/><D27/><U59/><AGARI ba="1,0" hai="56,58,59,61,63,78,80,84,88,92,96" m="6730" machi="59" ten="30,7900,0" yaku="8,1,52,1,54,2" doraHai="81" who="1" fromWho="1" sc="234,-21,246,82,285,-40,235,-21" /><INIT seed="3,0,0,4,2,80" ten="213,328,245,214" oya="3" hai0="114,102,81,133,130,26,5,113,1,76,27,75,99" hai1="68,111,37,29,79,91,72,20,28,36,56,106,21" hai2="14,16,135,41,97,43,55,73,48,77,125,65,129" hai3="59,7,100,66,104,123,57,51,24,67,124,115,46"/><W107/><G115/><N who="0" m="44043" /><D130/><U127/><E68/><V101/><F65/><N who="3" m="24587" /><G123/><T35/><D133/><U62/><E106/><V108/><F77/><W45/><G107/><N who="0" m="63967" /><D35/><U64/><E111/><V95/><F73/><W52/><G104/><T90/><D90/><U74/><E127/><V58/><F125/><W87/><G124/><T134/><D134/><U23/><E91/><V121/><F135/><W19/><G100/><T25/><D5/><U116/><E116/><V103/><F108/><W44/><G7/><T70/><D70/><U119/><E119/><V120/><F103/><W6/><G6/><T10/><D10/><U3/><E3/><AGARI ba="0,0" hai="1,3,25,26,27,75,76,81" m="63967,44043" machi="3" ten="30,1000,0" yaku="11,1" doraHai="80" who="0" fromWho="1" sc="213,10,328,-10,245,0,214,0" owari="223,-17.7,318,41.8,245,4.5,214,-28.6" /></mjloggm>