<mjloggm ver="2.3"><GO type="225" lobby="0"/><UN n0="%E5%B8%86%E7%AB%8B%E5%A4%8F%E8%A1%A3" n1="%E3%81%99%E3%81%84%E3%81%BE%E3%81%9B%E3%83%BC%E3%82%93" n2="%E3%81%AA%E3%81%8C%E3%81%95%E3%82%8F%E3%81%BE%E3%81%95%E3%81%BF" n3="%E6%A1%9C%E8%8A%B1%E9%96%83%E3%80%85" dan="17,16,16,17" rate="2148.64,2167.67,2110.33,2194.02" sx="M,M,F,M"/><TAIKYOKU oya="0"/><INIT seed="0,0,0,0,3,109" ten="250,250,250,250" oya="0" hai0="25,102,56,58,105,128,100,110,85,10,132,133,36" hai1="72,59,17,32,19,24,44,130,70,5,11,123,74" hai2="81,2,49,3,97,86,34,73,38,95,53,126,15" hai3="111,50,116,62,127,82,122,6,125,106,9,108,68"/><T96/><D36/><U87/><E70/><V69/><F73/><W28/><G106/><T7/><D102/><U45/><E123/><V37/><F69/><W76/><G50/><T120/><D120/><U29/><E130/><V119/><F34/><W124/><G28/><T27/><D85/><U84/><E59/><N who="0" m="22569" /><D128/><U46/><E84/><V35/><F35/><W20/><G20/><T129/><D129/><U60/><E60/><V118/><F126/><W23/><G23/><T51/><D51/><U21/><E87/><V22/><F2/><N who="3" m="215" /><G116/><N who="2" m="44585" /><F3/><W92/><G92/><T94/><D105/><U30/><E30/><V78/><F22/><W91/><G91/><T63/><D63/><U41/><E41/><V1/><F15/><W0/><G0/><N who="0" m="359" /><D133/><U88/><E88/><N who="2" m="55527" /><F1/><W114/><G122/><T113/><D132/><U104/><E74/><V31/><F31/><W8/><G68/><T115/><D27/><U4/><E72/><V42/><F42/><W112/><G62/><T52/><D25/><U47/><N who="1" m="11264" /><DORA hai="79" /><U99/><E32/><V18/><F18/><N who="1" m="6665" /><E11/><V40/><F40/><W33/><G8/><T26/><D26/><U66/><E4/><V64/><F37/><W43/><G43/><T80/><D100/><N who="1" m="62495" /><E5/><V16/><F38/><W83/><G33/><T101/><D101/><U57/><E57/><N who="2" m="32943" /><F16/><W48/><G48/><T77/><D52/><U121/><E121/><V54/><F54/><W13/><G13/><T98/><D110/><U117/><E117/><V67/><AGARI ba="0,0" hai="64,67,78,81,86" m="32943,55527,44585" machi="67" ten="30,4000,0" yaku="12,1,52,1,54,1" doraHai="109,79" who="2" fromWho="2" sc="250,-20,250,-10,250,40,250,-10" /><INIT seed="1,0,0,5,4,86" ten="230,240,290,240" oya="1" hai0="81,33,76,84,131,16,123,23,1,110,28,27,103" hai1="94,95,11,55,42,111,2,130,59,4,82,38,112" hai2="9,109,80,89,91,88,8,57,107,20,125,62,78" hai3="114,102,93,19,134,30,98,132,90,56,121,106,105"/><U71/><E112/><V52/><F109/><W135/><G30/><T34/><D110/><U17/><E111/><V24/><F107/><N who="3" m="40971" /><G56/><T77/><D131/><U85/><E130/><V68/><F68/><W63/><G63/><T31/><D123/><U118/><E71/><V83/><F125/><W124/><G19/><T113/><D113/><U40/><E118/><V119/><F119/><W18/><G18/><T116/><D103/><U25/><E38/><V61/><F61/><W101/><G114/><T87/><D1/><U7/><E7/><V47/><F47/><W133/><G133/><T50/><D116/><U104/><E104/><V129/><F129/><W96/><G124/><T37/><D37/><U70/><E70/><V74/><REACH who="2" step="1"/><F80/><REACH who="2" ten="230,240,280,240" step="2"/><W122/><G98/><T41/><D81/><U0/><E82/><V79/><F79/><W72/><G72/><T54/><D77/><U26/><E59/><V5/><F5/><W126/><G126/><T60/><D76/><U10/><E4/><V120/><F120/><AGARI ba="0,1" hai="90,93,96,101,102,120,121,122,132,134,135" m="40971" machi="120" ten="40,8000,1" yaku="20,1,34,2,52,1" doraHai="86" who="3" fromWho="2" sc="230,0,240,0,280,-80,240,90" /><INIT seed="2,0,0,3,1,38" ten="230,240,200,330" oya="2" hai0="35,16,6,31,53,17,44,34,22,46,25,110,65" hai1="67,96,12,74,43,37,47,112,29,51,125,13,9" hai2="63,92,84,78,40,50,133,73,101,98,80,64,7" hai3="93,113,42,77,52,132,86,109,18,58,117,85,115"/><V36/><F133/><W20/><G117/><T15/><D110/><U19/><E74/><V128/><F128/><W45/><G109/><T2/><D65/><U14/><E112/><N who="3" m="43082" /><G93/><T72/><D72/><U70/><E125/><V71/><F7/><W95/><G95/><T48/><D17/><U23/><E37/><V4/><F4/><W76/><G132/><T54/><D54/><U106/><E70/><V5/><F5/><W87/><G42/><T116/><D116/><U10/><E67/><V124/><F124/><W55/><G45/><T3/><D35/><U108/><E108/><V131/><F131/><W97/><G97/><T8/><D2/><U27/><REACH who="1" step="1"/><E29/><REACH who="1" ten="230,230,200,330" step="2"/><V57/><F36/><W103/><G103/><AGARI ba="0,1" hai="9,10,12,13,14,19,23,27,43,47,51,96,103,106" machi="103" ten="40,5200,0" yaku="1,1,2,1,52,1,53,0" doraHai="38" doraHaiUra="105" who="1" fromWho="3" sc="230,0,230,62,200,0,330,-52" /><INIT seed="3,0,0,4,5,21" ten="230,292,200,278" oya="3" hai0="0,50,125,55,82,133,14,122,66,87,22,56,96" hai1="89,72,5,77,120,9,85,84,49,124,134,34,45" hai2="71,93,11,117,54,4,99,6,131,24,123,2,79" hai3="76,118,27,13,37,17,29,40,33,108,70,92,63"/><W64/><G118/><T23/><D0/><U19/><E120/><V31/><F131/><W97/><G76/><T102/><D122/><U28/><E19/><V112/><F71/><W65/><G65/><T59/><D125/><U73/><E124/><V90/><F117/><W35/><G108/><T8/><D133/><U42/><E134/><V41/><F112/><W52/><G35/><T80/><D80/><N who="1" m="47119" /><E28/><V75/><F123/><W106/><G52/><T20/><D59/><U1/><E1/><V74/><F6/><W68/><G68/><T126/><D66/><U81/><E34/><V83/><F41/><W129/><G129/><T128/><D96/><U94/><E94/><V48/><F83/><W47/><G106/><T69/><D102/><U127/><E127/><V16/><F79/><W132/><G132/><T30/><D69/><U91/><E91/><V62/><F62/><W15/><G17/><T95/><D50/><U114/><E114/><V53/><F16/><W130/><G130/><T113/><D55/><U36/><E36/><V10/><F10/><W3/><G3/><T67/><D113/><U135/><E135/><V57/><F54/><W105/><G105/><T100/><D126/><U25/><E25/><V107/><F107/><W26/><G27/><N who="0" m="16743" /><D128/><U7/><E7/><V104/><F104/><W103/><AGARI ba="0,0" hai="13,15,26,29,33,37,40,47,63,64,70,92,97,103" machi="103" ten="20,3900,0" yaku="0,1,7,1,52,1" doraHai="21" who="3" fromWho="3" sc="230,-13,292,-13,200,-13,278,39" owari="217,-18.3,279,7.9,187,-31.3,317,41.7" /></mjloggm>