<mjloggm ver="2.3"><GO type="225" lobby="0"/><UN n0="%E5%80%89%E6%A9%8B%EF%BC%A0%E4%BA%8B%E5%8B%99" n1="%E9%BB%92%E9%89%84%E7%8F%A0%E9%9B%AB" n2="%E8%BE%9B%E5%8F%A3%E3%82%AB%E3%83%AC%E3%83%BC%E3%83%A9%E3%82%A4%E3%82%B9" n3="%E3%81%AF%E3%82%88%E3%81%8A%E3%81%98%E3%81%95%E3%82%93" dan="16,16,16,16" rate="2088.75,2157.30,2174.09,2154.58" sx="M,F,M,M"/><TAIKYOKU oya="0"/><INIT seed="0,0,0,2,5,35" ten="250,250,250,250" oya="0" hai0="95,13,81,1,53,134,67,118,39,3,71,44,60" hai1="129,119,46,94,50,114,98,125,48,91,4,113,88" hai2="8,26,86,107,9,55,52,30,97,101,0,79,78" hai3="65,122,5,92,63,73,87,56,102,89,51,27,45"/><T16/><D118/><U21/><E119/><V130/><F130/><W36/><G73/><T131/><D131/><U49/><E46/><V28/><F28/><W93/><G122/><T120/><D120/><U108/><E108/><V132/><F132/><W33/><G36/><T70/><D70/><U72/><E72/><V43/><F43/><W105/><G5/><T110/><D134/><U115/><E129/><V82/><F79/><W11/><G11/><T41/><D110/><U64/><E64/><V37/><F37/><W123/><G123/><T99/><D81/><U22/><E125/><V96/><F96/><W103/><G105/><T20/><D53/><U34/><E34/><V109/><F109/><W133/><G133/><T66/><D66/><U6/><E91/><AGARI ba="0,0" hai="1,3,13,16,20,39,41,44,60,67,71,91,95,99" machi="91" ten="30,11600,0" yaku="7,1,52,2,54,1" doraHai="35" who="0" fromWho="1" sc="250,116,250,-116,250,0,250,0" /><INIT seed="0,1,0,2,5,120" ten="366,134,250,250" oya="0" hai0="89,86,49,47,26,63,69,135,50,77,110,43,73" hai1="75,131,41,46,123,52,36,76,122,78,45,39,60" hai2="5,80,97,114,27,100,40,88,116,14,128,101,29" hai3="93,4,84,9,13,23,21,33,56,127,74,90,115"/><T61/><D135/><U85/><E75/><V35/><F114/><W113/><G33/><T112/><D112/><U6/><E6/><V106/><F128/><W31/><G74/><T17/><D73/><U133/><E85/><V91/><F116/><W79/><G127/><T117/><D117/><U87/><E87/><V70/><F80/><W95/><G113/><T28/><D77/><U15/><E15/><V129/><F129/><W107/><G107/><T48/><D17/><U68/><E131/><V18/><F101/><W55/><G115/><T10/><D10/><U8/><E8/><V66/><F40/><W104/><G104/><T119/><D119/><U67/><E78/><V58/><F58/><W54/><G79/><T3/><D3/><U71/><E76/><V11/><REACH who="2" step="1"/><F5/><REACH who="2" ten="366,134,240,250" step="2"/><W25/><G93/><T81/><D69/><N who="1" m="42215" /><E133/><V96/><F96/><W7/><G4/><T98/><D98/><U94/><E94/><V62/><AGARI ba="1,1" hai="11,14,18,27,29,35,62,66,70,88,91,97,100,106" machi="62" ten="30,8000,1" yaku="1,1,0,1,25,2,54,1,53,0" doraHai="120" doraHaiUra="134" who="2" fromWho="2" sc="366,-41,134,-21,240,93,250,-21" /><INIT seed="1,0,0,2,1,119" ten="325,113,333,229" oya="1" hai0="47,107,72,82,11,50,97,39,134,69,66,24,0" hai1="132,101,79,94,46,9,8,6,128,109,53,31,90" hai2="16,30,1,88,56,54,113,127,7,131,70,2,40" hai3="45,60,19,123,92,20,67,57,102,87,5,126,129"/><U105/><E132/><V68/><F127/><W117/><G123/><T65/><D39/><U135/><E135/><V4/><F131/><W103/><G129/><T22/><D134/><U35/><E128/><V61/><F30/><W27/><G126/><T49/><D69/><U104/><E101/><V62/><F40/><W58/><G117/><T99/><D72/><U121/><E79/><V51/><F68/><W77/><G5/><N who="2" m="2121" /><F70/><W120/><G120/><T59/><D0/><U10/><E121/><V12/><F2/><W124/><G124/><T114/><D11/><U91/><E6/><V133/><F1/><W83/><G45/><T110/><D82/><U75/><E75/><V43/><F43/><W122/><G122/><T63/><D66/><U106/><E109/><V23/><F133/><W29/><G92/><T78/><D107/><U28/><E35/><V13/><F113/><W42/><G42/><T116/><D110/><U17/><E17/><N who="2" m="10663" /><F88/><N who="1" m="33833" /><E94/><V15/><F15/><W115/><G115/><T32/><D32/><U98/><E98/><V130/><F130/><W89/><G77/><T41/><D78/><U96/><E96/><N who="0" m="36937" /><D114/><U14/><E14/><V48/><F62/><N who="3" m="38351" /><G19/><N who="0" m="12383" /><D116/><U81/><E81/><V73/><F73/><W34/><G34/><T33/><D33/><U55/><E46/><V76/><F76/><W71/><G71/><T86/><D47/><U64/><E64/><AGARI ba="0,0" hai="20,27,29,58,60,64,83,87,89,102,103" m="38351" machi="64" ten="30,1000,0" yaku="8,1" doraHai="119" who="3" fromWho="1" sc="325,0,113,-10,333,0,229,10" /><INIT seed="2,0,0,3,4,0" ten="325,103,333,239" oya="2" hai0="74,58,105,10,25,17,102,118,16,116,18,104,40" hai1="26,80,49,78,123,62,9,5,35,103,33,34,97" hai2="36,53,117,121,32,70,60,101,15,81,87,110,71" hai3="120,91,76,89,24,7,100,84,19,95,75,112,133"/><V114/><F117/><N who="0" m="45162" /><D74/><U106/><E123/><V88/><F121/><W124/><G120/><T85/><D40/><U77/><E49/><V135/><F114/><W46/><G112/><T45/><D45/><U127/><E127/><V64/><F36/><W67/><G124/><T122/><D122/><U29/><E62/><V92/><F32/><W125/><G125/><T37/><D37/><U13/><REACH who="1" step="1"/><E78/><REACH who="1" ten="325,93,333,239" step="2"/><V61/><F61/><W48/><G48/><T115/><D115/><U56/><E56/><V68/><F70/><W54/><G76/><T83/><D58/><U42/><E42/><V113/><F71/><W41/><G41/><T66/><D105/><U38/><E38/><V23/><F113/><W43/><G43/><T27/><D104/><U51/><E51/><V129/><F60/><W3/><G46/><T11/><D66/><U79/><E79/><V20/><F64/><W4/><G67/><T63/><D63/><U59/><E59/><V73/><F68/><W14/><G54/><T131/><D131/><U8/><E8/><V93/><F129/><W39/><G39/><T28/><D11/><U86/><AGARI ba="0,1" hai="5,9,13,26,29,33,34,35,77,80,86,97,103,106" machi="86" ten="20,8000,1" yaku="1,1,0,1,7,1,52,1,53,1" doraHai="0" doraHaiUra="2" who="1" fromWho="1" sc="325,-20,93,90,333,-40,239,-20" /><INIT seed="3,0,0,4,2,135" ten="305,183,293,219" oya="3" hai0="8,111,132,103,129,105,86,12,130,98,99,34,90" hai1="55,60,20,71,14,51,7,119,106,124,74,122,93" hai2="43,117,45,29,17,96,64,121,0,41,94,44,89" hai3="75,24,112,67,32,123,97,26,133,131,104,50,76"/><W47/><G123/><T56/><D34/><U128/><E106/><V42/><F117/><W19/><G112/><T134/><D56/><U95/><E74/><V85/><F121/><W33/><G133/><N who="0" m="51307" /><D98/><U79/><E79/><V1/><F29/><W53/><G131/><T66/><D66/><U84/><E122/><V13/><F64/><W113/><G113/><T126/><D126/><U116/><E128/><V114/><F114/><W11/><G76/><T38/><D38/><U80/><E71/><V109/><F109/><W120/><G75/><T82/><D111/><U18/><E7/><AGARI ba="0,0" hai="7,8,12,82,86,90,99,103,105,129,130" m="51307" machi="7" ten="30,1000,0" yaku="20,1" doraHai="135" who="0" fromWho="1" sc="305,10,183,-10,293,0,219,0" owari="315,41.5,173,-32.7,293,9.3,219,-18.1" /></mjloggm>