<mjloggm ver="2.3"><GO type="225" lobby="0"/><UN n0="%48%61%61%61%6C%61%6E%64" n1="%54%4F%52" n2="%E9%B3%B3%E6%9D%B1%E3%81%AE%E3%81%86%E3%81%95%E3%81%8E%E3%81%95%E3%82%93" n3="%E3%83%AB%E3%83%9B%E3%83%B3%E3%83%87%E3%82%A3%E3%82%A8" dan="17,17,16,16" rate="2172.95,2249.24,2129.08,2145.88" sx="M,M,M,M"/><TAIKYOKU oya="0"/><INIT seed="0,0,0,4,4,119" ten="250,250,250,250" oya="0" hai0="78,76,118,15,17,55,109,98,71,5,49,4,61" hai1="25,65,29,87,93,20,21,27,81,90,36,35,66" hai2="39,2,24,121,62,70,33,32,94,129,63,10,44" hai3="14,97,59,89,58,51,75,82,88,130,86,123,48"/><T72/><D118/><U52/><E36/><V104/><F94/><W115/><G115/><T80/><D109/><U26/><E35/><V38/><F63/><W3/><G3/><T40/><D78/><U134/><E134/><V6/><F129/><W7/><G75/><T126/><D126/><U23/><E29/><N who="2" m="19495" /><F33/><W127/><G130/><T18/><D40/><U117/><E117/><V83/><F83/><W135/><G135/><T56/><D98/><U95/><E95/><V103/><F44/><W106/><G106/><T91/><D91/><U42/><E42/><V22/><F22/><W54/><G127/><T111/><D111/><U31/><E31/><V68/><F121/><W34/><G34/><T43/><D18/><U107/><E107/><V28/><F28/><W19/><G7/><T100/><D100/><U110/><E110/><V116/><F116/><W96/><G89/><T16/><D17/><U53/><REACH who="1" step="1"/><E93/><REACH who="1" ten="250,240,250,250" step="2"/><V101/><F101/><W133/><G133/><T50/><D43/><U79/><E79/><V113/><F113/><W45/><G123/><T132/><D132/><U9/><E9/><V108/><F108/><W60/><G96/><T73/><D76/><U64/><AGARI ba="0,1" hai="20,21,23,25,26,27,52,53,64,65,66,81,87,90" machi="64" ten="40,12000,2" yaku="1,1,0,1,29,2,8,1,54,1,53,0" doraHai="119" doraHaiUra="128" who="1" fromWho="1" sc="250,-60,240,130,250,-30,250,-30" /><INIT seed="1,0,0,1,1,91" ten="190,370,220,220" oya="1" hai0="71,74,65,42,31,69,86,39,21,111,101,57,53" hai1="24,27,10,2,120,130,67,90,134,54,58,22,36" hai2="4,8,9,51,0,19,110,114,97,23,18,16,34" hai3="55,107,99,79,47,37,68,121,29,66,122,83,56"/><U17/><E120/><V60/><F110/><W89/><G29/><T127/><D74/><U133/><E36/><V109/><F109/><W93/><G107/><T77/><D111/><U20/><E67/><V132/><F132/><W92/><G68/><T72/><D72/><U3/><E90/><V50/><F34/><W124/><G124/><T33/><D33/><U15/><E130/><V61/><F114/><W98/><G66/><T63/><D127/><U108/><E108/><V76/><F23/><N who="1" m="8745" /><E58/><V82/><F9/><W115/><G115/><T96/><D86/><U80/><E80/><V28/><F28/><W85/><G37/><T41/><D77/><U73/><E54/><V102/><F82/><W64/><G47/><T59/><D39/><U128/><E73/><V49/><REACH who="2" step="1"/><F76/><REACH who="2" ten="190,370,210,220" step="2"/><W62/><G64/><T52/><D65/><U6/><E128/><V105/><AGARI ba="0,1" hai="0,4,8,16,18,19,49,50,51,60,61,97,102,105" machi="105" ten="30,8000,1" yaku="1,1,2,1,0,1,54,1,53,1" doraHai="91" doraHaiUra="95" who="2" fromWho="2" sc="190,-20,370,-40,210,90,220,-20" /><INIT seed="2,0,0,5,0,66" ten="170,330,300,200" oya="2" hai0="18,122,20,22,34,32,37,65,72,3,36,35,52" hai1="97,101,25,81,67,68,78,39,26,126,44,130,38" hai2="87,74,118,9,70,63,109,91,128,124,69,110,7" hai3="105,76,112,82,102,45,120,93,31,71,85,119,89"/><V98/><F74/><W100/><G119/><T121/><D72/><U64/><E126/><V6/><F118/><W123/><G31/><T55/><D65/><U61/><E130/><V58/><F98/><N who="3" m="61591" /><G45/><T0/><D34/><U75/><E67/><N who="2" m="39415" /><F124/><W96/><G71/><N who="2" m="27145" /><F9/><W111/><G112/><T8/><D8/><U84/><E84/><V50/><F50/><W115/><G115/><T114/><D114/><U133/><E133/><V41/><F41/><W16/><G16/><AGARI ba="0,0" hai="0,3,16,18,20,22,32,35,36,37,52,55,121,122" machi="16" ten="25,6400,0" yaku="22,2,54,2" doraHai="66" who="0" fromWho="3" sc="170,64,330,0,300,0,200,-64" /><INIT seed="3,0,0,3,5,68" ten="234,330,300,136" oya="3" hai0="83,122,81,119,59,16,135,80,32,30,33,102,45" hai1="71,1,65,96,31,128,0,52,109,95,99,37,133" hai2="12,115,43,94,92,97,22,121,61,18,48,46,129" hai3="60,87,53,67,76,64,27,85,75,36,38,93,91"/><W113/><G113/><T86/><D119/><U116/><E116/><V19/><F129/><W6/><G75/><T51/><D122/><U107/><E128/><V8/><F121/><W114/><G114/><T84/><D135/><U21/><E37/><V47/><F115/><W111/><G111/><T5/><D5/><U88/><E133/><V124/><F124/><W15/><G53/><T70/><D70/><U56/><E109/><V9/><F61/><W73/><G73/><T118/><D118/><U123/><E123/><V17/><F47/><W50/><G50/><T78/><D102/><U131/><E131/><V120/><F120/><W35/><G67/><T63/><D30/><U105/><E65/><V66/><F66/><W89/><G76/><T100/><D100/><U10/><E71/><V117/><F117/><W42/><G42/><T72/><D72/><U44/><E44/><V103/><F92/><W23/><G35/><T77/><D83/><U134/><E134/><V126/><F126/><W29/><G15/><T26/><D59/><U130/><E130/><V20/><REACH who="2" step="1"/><F18/><REACH who="2" ten="234,330,290,136" step="2"/><W112/><G112/><T125/><D63/><U28/><E107/><V49/><F49/><W90/><G6/><T74/><D125/><U54/><E105/><V2/><F2/><W25/><G25/><AGARI ba="0,1" hai="8,9,12,17,19,20,22,25,43,46,48,94,97,103" machi="25" ten="30,3900,0" yaku="1,1,7,1,8,1,53,0" doraHai="68" doraHaiUra="79" who="2" fromWho="3" sc="234,0,330,0,290,49,136,-39" owari="234,-16.6,330,13.0,339,43.9,97,-40.3" /></mjloggm>