<mjloggm ver="2.3"><GO type="225" lobby="0"/><UN n0="%E3%81%99%E3%81%84%E3%81%BE%E3%81%9B%E3%83%BC%E3%82%93" n1="%E3%82%BC%E3%83%AB%E3%83%80%E3%81%AE%E4%BC%9D%E8%AA%AC" n2="%E6%9D%B1%E9%A2%A8%E3%81%AE%E3%81%8D%E3%82%83%E3%81%B7%E3%81%95%E3%82%93" n3="%E4%BF%BA%E3%81%A8%E5%A6%96%E5%A4%A2" dan="18,18,17,17" rate="2197.49,2197.57,2193.54,2162.67" sx="M,M,M,F"/><TAIKYOKU oya="0"/><INIT seed="0,0,0,2,3,79" ten="250,250,250,250" oya="0" hai0="44,135,26,21,117,3,110,89,25,72,107,73,90" hai1="65,58,68,109,2,105,55,33,18,48,77,71,64" hai2="113,0,35,22,6,36,14,46,92,131,5,120,126" hai3="119,11,57,52,132,83,97,47,100,76,28,67,118"/><T56/><D117/><U7/><E105/><V95/><F120/><W85/><G132/><T88/><D107/><U10/><E33/><V104/><F104/><W32/><G67/><T74/><D135/><U12/><E109/><V24/><F113/><W130/><G130/><T19/><D110/><U122/><E122/><V23/><F131/><W66/><G66/><T80/><D3/><U124/><E124/><V75/><F126/><W61/><G47/><T101/><D101/><U114/><E114/><V96/><F75/><W31/><G11/><T63/><D44/><U13/><E77/><V54/><F92/><W59/><G59/><T49/><D49/><U53/><E53/><V99/><F99/><W30/><REACH who="3" step="1"/><G32/><REACH who="3" ten="250,250,250,240" step="2"/><T27/><REACH who="0" step="1"/><D80/><REACH who="0" ten="240,250,250,240" step="2"/><U93/><E71/><V60/><F46/><W81/><G81/><T94/><D94/><AGARI ba="0,2" hai="28,30,31,52,57,61,76,83,85,94,97,100,118,119" machi="94" ten="40,5200,0" yaku="1,1,52,1,54,1,53,0" doraHai="79" doraHaiUra="116" who="3" fromWho="0" sc="240,-52,250,0,250,0,240,72" /><INIT seed="1,0,0,4,2,130" ten="188,250,250,312" oya="1" hai0="75,8,27,2,89,129,39,13,32,54,6,57,65" hai1="60,67,132,49,127,64,94,63,9,74,44,37,88" hai2="76,43,78,56,103,90,48,118,50,70,31,68,84" hai3="100,81,66,82,102,122,114,108,46,113,123,105,55"/><U86/><E74/><V119/><F103/><N who="3" m="39467" /><G66/><T18/><D129/><U112/><E112/><N who="3" m="43114" /><G55/><T10/><D39/><U99/><E132/><V15/><F15/><W80/><G46/><T4/><D75/><U0/><E127/><V116/><F31/><W124/><G124/><T92/><D65/><N who="1" m="25163" /><E37/><V117/><F117/><W11/><G11/><T1/><D32/><U120/><E120/><N who="3" m="46122" /><G108/><T47/><D47/><U28/><E0/><V97/><F68/><W109/><G109/><T17/><D27/><U23/><E99/><V77/><F97/><W26/><G26/><T106/><D13/><U14/><E23/><V20/><F20/><W3/><G3/><T125/><D125/><U22/><E22/><V5/><F70/><W24/><G24/><T72/><D106/><AGARI ba="0,0" hai="80,81,82,105,106" m="46122,43114,39467" machi="106" ten="40,8000,1" yaku="28,2,34,2" doraHai="130" who="3" fromWho="0" sc="188,-80,250,0,250,0,312,80" /><INIT seed="2,0,0,3,3,98" ten="108,250,250,392" oya="2" hai0="65,120,131,64,68,25,62,72,29,88,42,107,84" hai1="104,93,39,6,40,135,125,3,0,96,37,26,114" hai2="34,31,8,50,55,61,52,83,10,53,77,112,35" hai3="69,106,111,67,2,133,30,20,73,117,115,21,47"/><V123/><F123/><W105/><G117/><T110/><D120/><U103/><E114/><V128/><F128/><W118/><G118/><T5/><D131/><U14/><E125/><V4/><F112/><W57/><G115/><T95/><D110/><U94/><E135/><V113/><F113/><W22/><G69/><T92/><D107/><U82/><E26/><V36/><F36/><W15/><G2/><T38/><D72/><U75/><E14/><V1/><F61/><W91/><G73/><T27/><D65/><U71/><E71/><V126/><F126/><W109/><G133/><T79/><D79/><N who="1" m="44415" /><E0/><V66/><F66/><W11/><G91/><T51/><D38/><U45/><E39/><V48/><F10/><AGARI ba="0,0" hai="3,6,10,37,40,45,93,94,96,103,104" m="44415" machi="10" ten="30,2000,0" yaku="25,1,52,1" doraHai="98" who="1" fromWho="2" sc="108,0,250,20,250,-20,392,0" /><INIT seed="3,0,0,4,3,25" ten="108,270,230,392" oya="3" hai0="8,21,96,111,17,118,62,125,33,93,130,22,87" hai1="101,29,112,3,90,26,121,73,82,107,39,20,117" hai2="110,119,1,92,78,77,128,12,79,105,31,38,124" hai3="61,34,75,134,80,6,89,2,24,64,19,127,72"/><W126/><G134/><T103/><D118/><U50/><E39/><V0/><F38/><W28/><G6/><T84/><D125/><N who="3" m="47625" /><G2/><T104/><D130/><U94/><E50/><V54/><F105/><W131/><G131/><T120/><D120/><U113/><E3/><V52/><F92/><W16/><G89/><T85/><D33/><U37/><E37/><V109/><F12/><W114/><G114/><T68/><D111/><U81/><E81/><V100/><F78/><N who="3" m="44103" /><G75/><T69/><D104/><U102/><E73/><V135/><F128/><W7/><G7/><T123/><D123/><U129/><E107/><V30/><F100/><W97/><G97/><T66/><D69/><AGARI ba="0,0" hai="16,19,24,28,34,61,64,69" m="44103,47625" machi="69" ten="30,5800,0" yaku="18,1,52,1,54,1" doraHai="25" who="3" fromWho="0" sc="108,-58,270,0,230,0,392,58" owari="50,-45.0,270,7.0,230,-17.0,450,55.0" /></mjloggm>