<mjloggm ver="2.3"><GO type="225" lobby="0"/><UN n0="%E3%81%A8%E3%82%93%E3%81%A8%E3%81%93%E3%81%A8%E3%82%93" n1="%E5%B8%86%E7%AB%8B%E5%A4%8F%E8%A1%A3" n2="%E3%81%B5%E3%81%98%E3%81%8B%E3%81%A4" n3="%72%65%6E%6B%75%6E" dan="16,16,16,17" rate="2104.16,2078.05,2115.99,2217.54" sx="F,M,M,M"/><TAIKYOKU oya="0"/><INIT seed="0,0,0,1,1,120" ten="250,250,250,250" oya="0" hai0="70,69,126,95,3,86,35,74,60,115,114,1,55" hai1="66,67,64,82,107,61,63,78,105,109,52,22,31" hai2="130,110,79,39,58,51,0,33,41,10,20,5,128" hai3="80,44,24,97,121,6,99,62,43,26,7,129,9"/><T45/><D74/><U36/><E36/><V75/><F33/><W71/><G121/><T38/><D35/><U37/><E37/><V131/><F20/><W96/><G129/><T30/><D30/><U104/><E109/><V11/><F11/><W8/><G80/><T133/><D86/><U2/><E2/><V87/><F87/><W25/><G71/><T65/><D95/><U125/><E125/><V56/><F51/><N who="3" m="27039" /><G62/><T21/><D21/><U123/><E123/><V32/><F32/><W103/><G103/><T29/><D126/><U73/><REACH who="1" step="1"/><E52/><REACH who="1" ten="250,240,250,250" step="2"/><V101/><F110/><W108/><G108/><T17/><D38/><U118/><E118/><V50/><F39/><W4/><AGARI ba="0,1" hai="4,6,7,8,9,24,25,26,96,97,99" m="27039" machi="4" ten="40,5200,0" yaku="29,2,8,1" doraHai="120" who="3" fromWho="3" sc="250,-26,240,-13,250,-13,250,62" /><INIT seed="1,0,0,5,3,82" ten="224,227,237,312" oya="1" hai0="97,67,12,71,110,83,73,51,92,96,46,16,37" hai1="40,77,117,80,81,125,113,11,112,98,88,47,87" hai2="105,18,107,116,19,57,103,64,17,69,10,45,28" hai3="31,62,114,129,70,76,122,48,90,95,22,58,13"/><U50/><E117/><V7/><F116/><W108/><G114/><T49/><D110/><U65/><E125/><V121/><F69/><W52/><G122/><T84/><D73/><U74/><E65/><V3/><F121/><W78/><G108/><T111/><D111/><U36/><E50/><V56/><F28/><W100/><G100/><T25/><D37/><U43/><E43/><V54/><F103/><W8/><G129/><T106/><D106/><U115/><E98/><V21/><F21/><W53/><G31/><T99/><D71/><U89/><E89/><V128/><F128/><W86/><G22/><T29/><D67/><U130/><E130/><V124/><F124/><W109/><G109/><T39/><D39/><U2/><E113/><V63/><REACH who="2" step="1"/><F45/><REACH who="2" ten="224,227,227,312" step="2"/><N who="3" m="27663" /><G70/><T27/><D29/><U134/><E134/><V94/><F94/><W32/><G32/><T72/><D92/><U133/><E133/><V26/><F26/><W4/><AGARI ba="0,1" hai="4,8,13,53,58,62,76,78,86,90,95" m="27663" machi="4" ten="30,4000,0" yaku="8,1,52,1,54,1" doraHai="82" who="3" fromWho="3" sc="224,-10,227,-20,227,-10,312,50" /><INIT seed="2,0,0,2,4,57" ten="214,207,217,362" oya="2" hai0="54,106,74,9,68,70,118,101,78,80,32,55,104" hai1="116,12,109,125,128,87,37,77,132,89,120,97,84" hai2="114,126,124,58,86,16,24,67,52,10,102,36,127" hai3="117,25,73,112,108,29,81,119,75,93,53,98,43"/><V45/><F114/><W47/><G108/><T15/><D32/><U8/><E37/><V72/><F72/><W33/><G112/><T4/><D118/><U61/><E116/><V27/><F102/><W95/><G53/><T122/><D122/><U60/><E120/><V50/><F86/><N who="1" m="32809" /><E125/><V38/><F67/><W103/><G75/><T92/><D92/><N who="1" m="56463" /><E109/><V3/><F3/><W66/><G66/><T105/><REACH who="0" step="1"/><D101/><REACH who="0" ten="204,207,217,362" step="2"/><U44/><E128/><V133/><F133/><W83/><G117/><T48/><D48/><U42/><E132/><V96/><F96/><W107/><G119/><T39/><D39/><N who="2" m="14890" /><F45/><W135/><G47/><T5/><D5/><N who="1" m="3087" /><E77/><V85/><F85/><W20/><G93/><T19/><D19/><U59/><E59/><V64/><F64/><W91/><G33/><T121/><D121/><U30/><E30/><V111/><F111/><W0/><G29/><T99/><D99/><U34/><E34/><V46/><F46/><W129/><G98/><T115/><D115/><U40/><E44/><V82/><F82/><W35/><G35/><T1/><D1/><U88/><E88/><V11/><F11/><W110/><G91/><T134/><D134/><U100/><E100/><V123/><F123/><W49/><G83/><T113/><D113/><U18/><E18/><V130/><F130/><W69/><G81/><T28/><D28/><U79/><E79/><V90/><F90/><W76/><G129/><T63/><D63/><AGARI ba="0,1" hai="40,42,60,61,63" m="3087,56463,32809" machi="63" ten="30,7700,0" yaku="8,1,52,3" doraHai="57" who="1" fromWho="0" sc="204,-77,207,87,217,0,362,0" /><INIT seed="3,0,0,0,5,58" ten="127,294,217,362" oya="3" hai0="76,77,74,15,60,133,18,46,61,124,55,108,92" hai1="6,33,135,5,95,101,29,51,126,115,4,83,75" hai2="72,107,117,97,103,85,30,44,128,20,109,70,67" hai3="43,80,106,42,81,111,47,22,98,9,3,110,130"/><W57/><G130/><T84/><D108/><N who="3" m="41513" /><G22/><N who="0" m="11615" /><D74/><U96/><E115/><V93/><F117/><W65/><G65/><T99/><D133/><U104/><E126/><V129/><F72/><W66/><G66/><T23/><D124/><U26/><E135/><V50/><F109/><W78/><G57/><T45/><D23/><U53/><E75/><V2/><F2/><W12/><G3/><T94/><D94/><U52/><E83/><N who="3" m="31818" /><G47/><N who="0" m="17931" /><D55/><U24/><E51/><V37/><F37/><W34/><G78/><T116/><D116/><U32/><REACH who="1" step="1"/><E95/><REACH who="1" ten="127,284,217,362" step="2"/><V38/><F93/><W36/><G36/><T56/><D56/><U105/><E105/><V68/><F38/><W100/><G34/><T132/><D132/><U31/><AGARI ba="0,1" hai="4,5,6,24,26,29,31,32,33,52,53,96,101,104" machi="31" ten="30,7900,0" yaku="1,1,0,1,9,1,54,1,53,0" doraHai="58" doraHaiUra="35" who="1" fromWho="1" sc="127,-20,284,89,217,-20,362,-39" owari="107,-39.3,373,47.3,197,-20.3,323,12.3" /></mjloggm>