<mjloggm ver="2.3"><GO type="225" lobby="0"/><UN n0="%4C%4F%4C%49%54%41" n1="%E3%82%A2%E3%83%BC%E3%83%A2%E3%83%AD%E3%83%BC%E3%83%B4%E3%82%A1" n2="%E5%84%AA%40%41%42%43" n3="%E4%BF%BA%E3%81%A8%E5%A6%96%E5%A4%A2" dan="16,16,17,17" rate="2144.95,2116.53,2166.46,2165.45" sx="F,M,M,F"/><TAIKYOKU oya="0"/><INIT seed="0,0,0,5,1,74" ten="250,250,250,250" oya="0" hai0="22,63,82,16,0,67,39,37,117,57,46,42,81" hai1="56,125,98,92,52,54,111,80,50,3,15,72,68" hai2="88,4,71,27,127,33,79,51,32,75,103,114,122" hai3="134,62,78,77,64,119,90,12,8,13,36,17,40"/><T91/><D117/><U45/><E3/><V7/><F122/><W126/><G119/><T70/><D0/><U110/><E68/><V10/><F114/><W43/><G134/><T55/><D91/><U108/><E125/><V34/><F71/><W93/><G126/><T85/><D39/><U86/><E15/><V89/><F127/><W61/><G13/><T31/><D31/><U99/><E72/><V115/><F115/><W113/><G113/><T109/><D85/><U132/><E92/><V20/><F103/><W29/><G29/><T35/><D35/><U128/><E128/><V60/><F60/><N who="3" m="23147" /><G64/><T24/><D109/><U44/><E132/><V9/><F51/><AGARI ba="0,0" hai="16,22,24,37,42,46,51,55,57,63,67,70,81,82" machi="51" ten="30,11600,0" yaku="7,1,24,2,54,1" doraHai="74" who="0" fromWho="2" sc="250,116,250,0,250,-116,250,0" /><INIT seed="0,1,0,4,1,54" ten="366,250,134,250" oya="0" hai0="116,62,63,64,57,99,101,8,77,20,22,58,69" hai1="1,60,4,71,120,46,134,17,2,95,127,11,19" hai2="103,130,13,96,81,100,15,122,88,117,18,111,125" hai3="79,123,107,41,34,31,26,114,84,44,121,70,5"/><T93/><D116/><U132/><E120/><N who="3" m="46154" /><G114/><T91/><D69/><U78/><E127/><V16/><F122/><W89/><G70/><T108/><D108/><U7/><E78/><V110/><F125/><W113/><G113/><T86/><D8/><N who="1" m="2063" /><E95/><N who="2" m="56423" /><F130/><W52/><G107/><T76/><D77/><U36/><E17/><N who="2" m="6763" /><F81/><N who="3" m="49295" /><G5/><T56/><D76/><U73/><E19/><V106/><F117/><W29/><G79/><T40/><D40/><N who="1" m="22791" /><E73/><V65/><F65/><AGARI ba="1,0" hai="2,7,11,60,65,71,132,134" m="22791,2063" machi="65" ten="30,1000,0" yaku="23,1" doraHai="54" who="1" fromWho="2" sc="366,0,250,13,134,-13,250,0" /><INIT seed="1,0,0,3,0,95" ten="366,263,121,250" oya="1" hai0="3,83,41,76,22,58,32,23,90,11,111,130,88" hai1="44,24,34,8,134,20,132,104,13,56,118,79,114" hai2="71,19,105,117,106,115,74,108,12,60,121,124,7" hai3="57,72,39,62,17,50,131,25,36,52,99,31,120"/><U21/><E104/><V70/><F19/><W87/><G120/><T14/><D32/><U4/><E114/><V126/><F12/><W116/><G72/><T42/><D111/><U129/><E118/><V53/><F53/><W119/><G131/><T65/><D130/><U49/><E129/><V33/><F7/><W61/><G87/><N who="0" m="48615" /><D3/><U81/><E56/><V133/><F60/><W112/><G112/><T26/><D65/><U27/><E34/><V113/><F71/><W15/><G99/><T59/><D59/><U77/><E132/><V47/><F47/><W9/><G61/><T122/><D58/><U6/><E134/><V64/><F64/><W102/><G102/><T127/><D127/><U93/><E4/><V28/><F28/><W78/><G78/><N who="1" m="29706" /><E81/><V35/><F105/><W100/><G100/><T128/><D122/><U80/><E80/><V135/><F35/><W86/><G86/><T40/><D128/><U1/><E1/><V2/><F126/><W85/><G85/><T18/><D23/><N who="1" m="8779" /><E93/><V101/><F115/><W55/><G62/><T67/><D67/><U46/><E46/><V75/><F75/><W92/><G92/><T123/><D123/><U97/><E97/><V109/><F135/><W16/><G17/><AGARI ba="0,0" hai="11,14,17,18,22,26,40,41,42,88,90" m="48615" machi="17" ten="30,2000,0" yaku="8,1,54,1" doraHai="95" who="0" fromWho="3" sc="366,20,263,0,121,0,250,-20" /><INIT seed="2,0,0,1,2,48" ten="386,263,121,230" oya="2" hai0="33,95,108,20,123,12,27,135,40,37,62,81,98" hai1="84,124,104,17,101,53,126,26,86,3,134,31,122" hai2="24,21,13,65,85,19,44,51,131,113,38,32,34" hai3="94,119,106,61,18,82,127,112,132,80,63,125,5"/><V93/><F113/><W35/><G119/><T6/><D123/><U75/><E75/><V97/><F131/><W46/><G106/><T23/><D33/><U16/><E3/><V121/><F121/><W7/><G112/><T39/><D108/><U107/><E122/><V4/><F38/><W43/><G35/><T15/><D135/><U79/><E134/><V28/><F65/><W67/><G18/><N who="1" m="7274" /><E79/><V25/><F4/><N who="3" m="1611" /><G94/><T72/><D81/><N who="3" m="31337" /><G67/><T14/><D95/><U36/><E36/><V73/><F85/><W103/><G103/><T130/><D72/><U102/><E101/><V74/><F34/><W10/><G10/><T59/><D39/><U118/><E102/><V0/><F0/><W29/><G29/><T49/><D37/><U96/><E118/><V41/><REACH who="2" step="1"/><F25/><REACH who="2" ten="386,263,111,230" step="2"/><W56/><G132/><T69/><D27/><U90/><E84/><V57/><F57/><W66/><G56/><T109/><D6/><U70/><E86/><V42/><F42/><W87/><G87/><T92/><D130/><U50/><E26/><V11/><F11/><W1/><G1/><T54/><D40/><U111/><E111/><V64/><F64/><W120/><G120/><T8/><D109/><U9/><E9/><V76/><F76/><W91/><G66/><N who="0" m="41175" /><D8/><U52/><E70/><V128/><F128/><W78/><G78/><T83/><D83/><U88/><E96/><V117/><F117/><W47/><G43/><T114/><D114/><U60/><E124/><V45/><F45/><W68/><G68/><T129/><D129/><U77/><E126/><N who="3" m="48138" /><G46/><T71/><D71/><RYUUKYOKU ba="0,1" sc="386,15,263,-15,111,15,230,-15" hai0="12,14,15,20,23,49,54,59,92,98" hai2="13,19,21,24,28,32,41,44,51,73,74,93,97" /><INIT seed="2,1,1,3,0,80" ten="401,248,126,215" oya="2" hai0="39,25,29,53,5,44,26,31,112,6,113,66,127" hai1="132,129,115,75,125,19,120,110,47,2,74,97,41" hai2="121,60,17,61,68,106,122,7,92,8,62,56,101" hai3="111,107,88,90,76,105,4,98,77,43,134,130,81"/><V59/><F106/><N who="3" m="40459" /><G43/><T103/><D103/><U32/><E97/><V71/><F101/><W54/><G54/><T30/><D66/><U78/><E19/><V27/><F92/><N who="3" m="56599" /><G4/><T3/><D127/><U57/><E115/><V16/><F7/><W117/><G117/><T11/><D53/><U21/><E32/><V116/><F8/><W12/><G12/><N who="0" m="5231" /><D44/><U119/><E120/><V108/><F27/><N who="0" m="10250" /><D39/><U52/><E47/><V20/><F20/><W118/><G118/><T65/><D65/><U123/><E21/><V45/><F45/><W84/><G111/><T128/><D128/><U64/><E129/><V36/><F116/><W13/><G13/><T133/><D6/><U34/><E110/><V69/><F36/><W55/><G55/><T50/><D50/><U37/><E37/><V46/><F46/><W18/><G18/><N who="2" m="7273" /><F108/><W9/><G9/><T93/><D3/><U67/><E119/><V33/><F33/><W70/><G70/><N who="2" m="17921" /><V131/><DORA hai="109" /><F131/><W23/><G23/><T91/><D30/><U89/><E2/><V38/><F38/><W40/><G40/><T83/><D29/><U48/><E41/><V15/><F15/><W79/><G130/><T102/><D31/><U73/><E64/><V104/><F104/><W28/><G28/><T135/><D112/><U72/><E67/><V58/><AGARI ba="1,1" hai="56,58,59,60,61,62,121,122" m="17921,7273" machi="58" ten="50,9600,0" yaku="28,2,54,1" doraHai="80,109" who="2" fromWho="2" sc="401,-33,248,-33,126,109,215,-33" /><INIT seed="2,2,0,5,4,21" ten="368,215,235,182" oya="2" hai0="102,4,74,15,45,23,28,81,17,61,111,131,51" hai1="47,6,59,19,123,127,20,27,54,130,100,109,89" hai2="1,114,135,65,16,26,78,77,38,83,33,13,86" hai3="82,34,49,30,110,37,119,41,53,58,84,122,8"/><V68/><F114/><W56/><G119/><T125/><D111/><U132/><E109/><V42/><F1/><W0/><G110/><T14/><D125/><U7/><E127/><V3/><F3/><W11/><G122/><T115/><D115/><U5/><E130/><V107/><F107/><W108/><G108/><T90/><D131/><U35/><E132/><V69/><F135/><W112/><G112/><T134/><D102/><U31/><E123/><V39/><F77/><W29/><G0/><T101/><D101/><U44/><E100/><V62/><F68/><W121/><G121/><T70/><D28/><U104/><E104/><V85/><F86/><W36/><G36/><T120/><D120/><U2/><E89/><V99/><F99/><W133/><G133/><T113/><D113/><U55/><E55/><V64/><F64/><W66/><G41/><T124/><D124/><U71/><E71/><V40/><F39/><W79/><G37/><T94/><D74/><U63/><REACH who="1" step="1"/><E2/><REACH who="1" ten="368,205,235,182" step="2"/><V43/><F38/><W72/><G72/><T95/><D70/><U67/><E67/><V52/><F52/><N who="3" m="31759" /><G66/><T76/><D134/><U106/><E106/><V46/><F40/><W98/><G34/><T60/><D90/><U9/><E9/><N who="3" m="3658" /><G98/><T24/><D76/><U87/><E87/><V88/><F78/><W96/><G96/><T25/><D94/><U32/><E32/><V57/><F69/><W75/><G75/><T73/><D95/><U22/><E22/><N who="2" m="11535" /><F42/><W118/><G118/><T91/><D73/><U103/><E103/><V50/><F33/><W48/><AGARI ba="2,1" hai="29,30,48,53,58,79,82,84" m="3658,31759" machi="48" ten="30,4000,0" yaku="5,1,8,1,54,1" doraHai="21" who="3" fromWho="3" sc="368,-12,205,-12,235,-22,182,56" /><INIT seed="3,0,0,4,2,51" ten="356,193,213,238" oya="3" hai0="126,16,89,37,94,82,134,60,133,112,109,103,48" hai1="65,99,10,123,105,27,86,21,72,106,11,70,122" hai2="62,121,39,6,80,59,33,18,8,14,20,57,40" hai3="128,75,32,127,4,132,100,88,111,104,9,35,26"/><W61/><G75/><T1/><D37/><U101/><E105/><V41/><F33/><W130/><G132/><N who="0" m="50795" /><D109/><U135/><E135/><V69/><F69/><W81/><G100/><T73/><D126/><U13/><E72/><V22/><F39/><W124/><G104/><T95/><D112/><U107/><E107/><V29/><F121/><W45/><G45/><T68/><D1/><U44/><E86/><V63/><F80/><W31/><G61/><T92/><D48/><U58/><E70/><V129/><F29/><W5/><G35/><T28/><D28/><U55/><E65/><N who="2" m="39119" /><F129/><N who="3" m="49771" /><G111/><T76/><D103/><U53/><E44/><V74/><F74/><W83/><G83/><T71/><D89/><U90/><E90/><V116/><F116/><W0/><G4/><T97/><D97/><U52/><E58/><V30/><F30/><W119/><G119/><T15/><D60/><U117/><E117/><V87/><F87/><AGARI ba="0,0" hai="0,5,9,26,31,32,81,87,88,124,127" m="49771" machi="87" ten="30,2900,0" yaku="19,1,54,1" doraHai="51" who="3" fromWho="2" sc="356,0,193,0,213,-29,238,29" /><INIT seed="3,1,0,1,0,101" ten="356,193,184,267" oya="3" hai0="126,111,100,45,12,135,39,27,23,75,68,128,120" hai1="133,14,26,33,28,8,0,41,19,40,60,30,129" hai2="102,17,51,62,56,77,22,58,124,25,5,53,20" hai3="123,86,34,64,134,7,24,132,98,85,52,116,125"/><W117/><G123/><T69/><D120/><U32/><E133/><N who="3" m="51306" /><G64/><T43/><D135/><U37/><E37/><V9/><F124/><W55/><G98/><T66/><D75/><U122/><E122/><V103/><F77/><W109/><G7/><T84/><D126/><U80/><E129/><V54/><REACH who="2" step="1"/><F20/><REACH who="2" ten="356,193,174,267" step="2"/><W92/><G125/><T70/><D23/><N who="1" m="11767" /><E80/><V82/><F82/><W114/><G114/><T118/><D128/><U21/><E21/><V47/><F47/><W50/><G117/><T81/><D118/><U73/><E73/><V42/><F42/><W106/><G116/><T127/><D127/><U95/><E95/><V1/><AGARI ba="1,1" hai="1,5,9,17,22,25,51,53,54,56,58,62,102,103" machi="1" ten="20,5200,0" yaku="1,1,0,1,7,1,53,1" doraHai="101" doraHaiUra="2" who="2" fromWho="2" sc="356,-14,193,-14,174,65,267,-27" owari="342,44.2,179,-32.1,239,-16.1,240,4.0" /></mjloggm>