<mjloggm ver="2.3"><GO type="225" lobby="0"/><UN n0="%E5%A4%96%E5%B7%9D%E7%AB%9C%E6%88%90" n1="%33%74%72%65%65" n2="%E3%81%9F%E3%81%93%E2%98%86%E7%84%BC%E3%81%8D" n3="%E3%82%82%E3%81%90%E3%82%89" dan="16,17,16,17" rate="2058.77,2243.35,2103.55,2221.77" sx="M,F,M,M"/><TAIKYOKU oya="0"/><INIT seed="0,0,0,4,4,46" ten="250,250,250,250" oya="0" hai0="59,107,26,96,126,55,2,33,54,103,40,42,43" hai1="25,8,32,70,113,91,134,132,128,41,37,15,84" hai2="39,21,76,129,105,17,4,14,85,34,79,99,5" hai3="23,0,89,83,73,120,67,106,27,64,16,60,124"/><T38/><D2/><U48/><E70/><V72/><F39/><W9/><G124/><T92/><D126/><U10/><E37/><V78/><F34/><W20/><G120/><T52/><D38/><U3/><E3/><V68/><F68/><W98/><G73/><T95/><REACH who="0" step="1"/><D59/><REACH who="0" ten="240,250,250,250" step="2"/><U130/><E132/><V31/><F129/><W22/><G0/><T19/><D19/><U122/><E134/><V115/><F115/><W65/><G16/><T86/><D86/><U49/><E113/><V29/><F72/><W97/><G67/><T125/><D125/><U123/><E123/><V62/><F85/><W119/><G65/><T102/><D102/><U101/><E101/><V117/><F17/><W71/><G64/><T80/><D80/><U108/><E122/><V28/><F4/><W111/><G83/><T51/><D51/><U114/><E114/><V6/><F5/><W74/><G74/><T58/><D58/><U94/><E128/><V82/><F6/><W116/><G71/><T63/><D63/><U118/><E130/><V109/><F82/><W135/><G60/><T112/><D112/><U131/><E131/><V100/><F62/><W61/><G61/><T53/><N who="0" m="13312" /><DORA hai="24" /><T30/><AGARI ba="0,1" hai="26,30,33,40,42,43,92,95,96,103,107" m="13312" machi="30" ten="50,12000,1" yaku="1,1,4,1,0,1,52,1,54,1,53,0" doraHai="46,24" doraHaiUra="7,12" who="0" fromWho="0" sc="240,130,250,-40,250,-40,250,-40" /><INIT seed="0,1,0,1,2,70" ten="370,210,210,210" oya="0" hai0="129,75,3,22,72,81,78,66,46,117,68,96,109" hai1="11,112,130,58,134,47,55,29,120,50,12,64,73" hai2="28,9,18,67,10,19,133,90,105,24,131,42,107" hai3="111,118,21,33,135,95,77,80,60,83,94,99,106"/><T41/><D117/><U40/><E120/><V27/><F67/><W65/><G118/><T32/><D32/><U5/><E134/><V51/><F51/><W6/><G135/><T89/><D3/><U85/><E73/><V104/><F42/><W36/><G33/><T49/><D72/><U53/><E130/><V100/><F100/><W34/><G34/><T124/><D124/><U31/><E112/><V82/><F28/><W2/><G106/><T54/><D54/><U25/><E25/><V8/><F131/><W121/><G83/><T56/><D56/><U17/><E5/><V16/><F133/><W26/><G6/><T61/><D22/><U63/><E55/><V7/><F7/><W97/><G2/><T91/><D129/><U59/><REACH who="1" step="1"/><E85/><AGARI ba="1,0" hai="8,9,10,16,18,19,24,27,82,85,90,104,105,107" machi="85" ten="50,6400,0" yaku="29,2,54,1" doraHai="70" who="2" fromWho="1" sc="370,0,210,-67,210,67,210,0" /><INIT seed="1,0,0,4,0,48" ten="370,143,277,210" oya="1" hai0="10,42,116,9,114,1,91,118,25,123,31,13,117" hai1="124,34,57,15,76,3,120,6,47,41,32,86,40" hai2="43,52,51,36,119,127,113,58,62,12,53,105,93" hai3="29,49,104,2,88,61,115,81,23,18,37,129,112"/><U4/><E120/><V98/><F105/><W125/><G37/><T14/><D42/><U84/><E15/><N who="0" m="5641" /><D91/><U39/><E57/><V130/><F130/><W82/><G104/><T68/><D68/><U7/><E3/><V64/><F127/><W103/><G2/><T92/><D92/><U16/><E124/><V11/><F119/><W5/><G5/><N who="0" m="1199" /><D10/><U8/><E8/><V100/><F113/><W111/><G129/><T71/><D71/><U22/><E40/><V73/><F73/><W56/><G125/><T17/><D114/><U59/><E59/><V60/><F36/><W97/><G103/><T77/><D77/><U79/><E79/><V70/><F43/><W20/><G82/><T30/><D123/><U131/><E131/><V74/><F74/><W90/><G81/><T66/><D66/><U65/><E65/><V132/><F132/><W24/><G90/><T69/><D69/><U122/><E122/><V108/><F108/><W78/><G111/><T126/><D126/><U80/><REACH who="1" step="1"/><E86/><REACH who="1" ten="370,133,277,210" step="2"/><V109/><F64/><N who="3" m="38951" /><G78/><T75/><D75/><U19/><E19/><V134/><F109/><W27/><G115/><T26/><D17/><U63/><E63/><V35/><F62/><W28/><G112/><T45/><D45/><U101/><E101/><V67/><F100/><W128/><G18/><T99/><D117/><U121/><E121/><V46/><F67/><W110/><G128/><T87/><D87/><U38/><E38/><V50/><F70/><W89/><G110/><T94/><D118/><U135/><E135/><V55/><F134/><W54/><G97/><RYUUKYOKU ba="0,1" sc="370,-15,133,15,277,-15,210,15" hai1="4,6,7,16,22,32,34,39,41,47,76,80,84" hai3="20,23,24,27,28,29,49,54,88,89" /><INIT seed="1,1,1,4,2,132" ten="355,148,262,225" oya="1" hai0="49,83,75,43,57,11,128,121,105,14,82,65,42" hai1="111,30,18,8,133,52,119,46,130,29,76,64,120" hai2="116,126,55,131,1,70,19,59,93,100,17,104,108" hai3="12,95,125,10,58,22,67,84,35,54,122,20,97"/><U32/><E119/><V106/><F70/><W53/><G35/><T45/><D105/><U48/><E120/><V81/><F1/><W80/><G122/><T9/><D75/><U40/><E133/><V25/><F108/><W41/><G41/><T27/><D128/><U90/><E130/><V118/><F81/><W72/><G67/><T5/><D121/><U47/><E111/><V86/><F131/><W74/><G74/><T38/><D27/><U112/><E112/><V31/><F106/><W129/><G72/><T103/><D103/><U89/><E76/><V113/><F104/><W99/><G53/><T56/><D65/><U24/><E30/><V124/><F113/><W3/><G3/><T94/><D94/><U21/><E64/><V7/><F7/><W60/><G99/><T73/><D11/><U66/><E66/><V78/><F78/><N who="3" m="46103" /><G129/><T127/><D83/><U36/><REACH who="1" step="1"/><E8/><REACH who="1" ten="355,138,262,225" step="2"/><V88/><F118/><W96/><G10/><T39/><D9/><U34/><E34/><V79/><F79/><W23/><G22/><T71/><D71/><U15/><AGARI ba="1,2" hai="15,18,21,24,29,32,36,40,46,47,48,52,89,90" machi="15" ten="20,7800,0" yaku="1,1,0,1,7,1,54,1,53,0" doraHai="132" doraHaiUra="101" who="1" fromWho="1" sc="355,-27,138,101,262,-27,225,-27" /><INIT seed="1,2,0,5,2,39" ten="328,239,235,198" oya="1" hai0="33,27,17,134,56,28,94,16,8,41,53,70,45" hai1="25,19,86,31,26,63,71,114,36,125,10,109,121" hai2="80,89,23,20,75,7,47,104,34,38,131,2,108" hai3="106,37,18,48,78,105,82,64,132,22,0,95,107"/><U54/><E114/><V50/><F108/><W11/><G37/><T128/><D70/><U14/><E121/><V9/><F34/><W79/><G132/><T15/><D134/><U44/><E109/><V72/><F104/><W118/><G118/><T81/><D128/><U98/><E125/><V42/><F131/><W84/><G64/><T69/><D69/><U85/><E98/><V124/><F75/><W43/><G95/><T35/><D94/><U74/><E74/><V67/><F89/><W127/><G127/><T29/><D81/><U4/><E71/><V55/><F67/><W52/><G79/><T126/><D126/><U65/><E65/><V68/><F68/><W1/><G11/><T83/><D83/><U120/><E120/><V32/><F32/><W24/><REACH who="3" step="1"/><G43/><REACH who="3" ten="328,239,235,188" step="2"/><T77/><D77/><U110/><E36/><V5/><F124/><W99/><G99/><T122/><D41/><U46/><E10/><V117/><F117/><W58/><AGARI ba="2,1" hai="0,1,18,22,24,48,52,58,78,82,84,105,106,107" machi="58" ten="30,4000,0" yaku="1,1,0,1,54,1,53,0" doraHai="39" doraHaiUra="60" who="3" fromWho="3" sc="328,-12,239,-22,235,-12,188,56" /><INIT seed="2,0,0,5,5,135" ten="316,217,223,244" oya="2" hai0="111,17,125,116,4,30,50,24,82,34,83,40,42" hai1="70,39,109,134,37,60,7,105,38,63,62,10,35" hai2="130,48,6,121,53,126,101,117,5,127,23,56,79" hai3="61,97,64,98,67,3,25,85,69,123,114,65,100"/><V72/><F117/><W73/><G73/><T74/><D111/><U99/><E35/><V33/><F33/><W77/><G123/><T29/><D29/><U11/><E109/><V12/><F121/><W66/><G114/><T96/><D4/><N who="2" m="1642" /><F101/><W81/><G3/><T45/><D40/><U22/><E134/><V68/><F68/><W106/><G98/><T55/><D42/><U90/><E70/><V75/><F79/><W78/><REACH who="3" step="1"/><G25/><REACH who="3" ten="316,217,223,234" step="2"/><T16/><D24/><U47/><E99/><V13/><F130/><W128/><G128/><T115/><D96/><U86/><E105/><V46/><F75/><W133/><G133/><T93/><D74/><U41/><E86/><V107/><F72/><W132/><G132/><T118/><D115/><U15/><E10/><V119/><F107/><W110/><G110/><T57/><D116/><U51/><E11/><V19/><F119/><W0/><G0/><T122/><D118/><U8/><E8/><V26/><F26/><W2/><G2/><T36/><D122/><U43/><E15/><V88/><F12/><W112/><G112/><T113/><D113/><U103/><E7/><V20/><F13/><W59/><G59/><T31/><D57/><U1/><E1/><V32/><F56/><W54/><G54/><T108/><D108/><U14/><E43/><V91/><F53/><W102/><G102/><T49/><D55/><U95/><E103/><V89/><F19/><W76/><AGARI ba="0,1" hai="61,64,65,66,67,69,76,77,78,81,85,97,100,106" machi="76" ten="30,2000,0" yaku="1,1,0,1,53,0" doraHai="135" doraHaiUra="87" who="3" fromWho="3" sc="316,-5,217,-5,223,-10,234,30" /><INIT seed="3,0,0,5,5,59" ten="311,212,213,264" oya="3" hai0="89,55,109,103,80,13,119,120,106,39,72,71,33" hai1="44,41,128,67,91,34,56,113,96,42,18,133,94" hai2="131,110,22,10,12,32,31,48,88,35,125,58,36" hai3="90,6,25,23,107,118,95,50,66,37,121,14,132"/><W77/><G121/><T114/><D33/><U78/><E113/><V51/><F36/><W97/><G37/><T53/><D71/><U124/><E34/><V57/><F110/><W122/><G122/><T83/><D53/><U63/><E124/><V70/><F70/><W17/><G118/><T84/><D39/><U69/><E128/><V26/><F125/><W52/><G132/><T82/><D55/><U68/><E133/><V104/><F104/><W135/><G135/><T134/><D13/><U65/><E78/><V24/><F131/><W61/><G107/><T40/><D40/><U2/><E2/><V27/><F32/><W62/><G66/><T5/><D5/><U20/><E67/><V1/><F1/><W29/><G77/><T19/><D19/><U47/><E41/><V15/><F35/><W16/><G6/><T54/><D54/><U73/><E73/><V11/><F26/><W8/><G17/><T100/><D109/><U87/><E47/><AGARI ba="0,0" hai="8,14,16,23,25,29,47,50,52,61,62,90,95,97" machi="47" ten="30,18000,2" yaku="7,1,8,1,52,2,54,2" doraHai="59" who="3" fromWho="1" sc="311,0,212,-180,213,0,264,180" owari="311,11.1,32,-46.8,213,-18.7,444,54.4" /></mjloggm>