<mjloggm ver="2.3"><GO type="225" lobby="0"/><UN n0="%E4%B8%AD%E5%B9%B4%E3%81%AE%E5%8D%B1%E6%A9%9F" n1="%E6%A1%9C%E8%8A%B1%E9%96%83%E3%80%85" n2="%54%4F%52" n3="%E5%B8%86%E7%AB%8B%E5%A4%8F%E8%A1%A3" dan="17,17,17,16" rate="2158.93,2215.58,2237.45,2101.21" sx="M,M,M,M"/><TAIKYOKU oya="0"/><INIT seed="0,0,0,1,0,88" ten="250,250,250,250" oya="0" hai0="126,107,132,19,110,43,37,65,114,99,35,27,92" hai1="112,69,14,30,106,123,12,90,135,44,83,125,120" hai2="26,76,61,72,32,134,56,81,71,0,41,4,124" hai3="98,34,115,104,77,28,78,116,66,20,45,105,103"/><T75/><D19/><U133/><E69/><V62/><F134/><N who="1" m="51209" /><E106/><V64/><F124/><W11/><G115/><T15/><D92/><U5/><E125/><V93/><F41/><W73/><G116/><T87/><D87/><N who="1" m="50559" /><E112/><V67/><F4/><W74/><G34/><T80/><D15/><N who="1" m="5675" /><E5/><V94/><REACH who="2" step="1"/><F0/><REACH who="2" ten="250,250,240,250" step="2"/><W121/><G121/><T38/><D132/><U54/><E30/><AGARI ba="0,1" hai="26,30,32,56,61,62,64,67,71,72,76,81,93,94" machi="30" ten="40,8000,1" yaku="1,1,2,1,52,2,53,0" doraHai="88" doraHaiUra="47" who="2" fromWho="1" sc="250,0,250,-80,240,90,250,0" /><INIT seed="1,0,0,3,2,12" ten="250,170,330,250" oya="1" hai0="67,56,43,83,47,103,29,46,14,75,112,61,6" hai1="42,39,19,54,99,7,32,94,52,86,116,30,82" hai2="135,109,101,100,134,37,23,111,18,60,65,91,93" hai3="105,85,79,88,0,106,33,129,51,108,2,76,72"/><U11/><E116/><V89/><F37/><W44/><G108/><N who="2" m="41545" /><F100/><W31/><G129/><T28/><D112/><U92/><E32/><V74/><F74/><W26/><G106/><T8/><D103/><U70/><E70/><N who="2" m="42279" /><F101/><W78/><G105/><T87/><D75/><U128/><E128/><V45/><F45/><W27/><G27/><T121/><D121/><U98/><E30/><V64/><F64/><W117/><G72/><T25/><D25/><U20/><E42/><V125/><F125/><W124/><G124/><T21/><D21/><U110/><E39/><V118/><F118/><W63/><G63/><T104/><D104/><U38/><E38/><V66/><F66/><W3/><G117/><T90/><REACH who="0" step="1"/><D46/><REACH who="0" ten="240,170,330,250" step="2"/><U113/><E113/><V13/><F93/><N who="1" m="35945" /><E110/><V69/><F69/><W53/><REACH who="3" step="1"/><G88/><AGARI ba="0,1" hai="13,18,23,88,89,91,134,135" m="42279,41545" machi="88" ten="30,3900,0" yaku="14,1,52,1,54,1" doraHai="12" who="2" fromWho="3" sc="240,0,170,0,330,49,250,-39" /><INIT seed="2,0,0,5,4,97" ten="240,170,379,211" oya="2" hai0="53,14,104,85,33,110,45,93,132,40,94,103,77" hai1="10,80,7,57,109,23,79,12,76,50,86,0,75" hai2="52,3,34,127,95,21,120,88,74,18,4,92,78" hai3="20,73,118,43,102,2,39,15,17,122,119,55,113"/><V49/><F120/><W84/><G73/><T81/><D33/><U107/><E109/><V101/><F34/><W112/><G2/><T54/><D110/><U13/><E107/><V114/><F114/><N who="3" m="44139" /><G122/><T59/><D132/><U91/><E75/><V58/><F127/><W30/><G30/><T56/><D104/><U47/><E57/><N who="0" m="22089" /><D14/><U68/><E68/><V26/><F74/><W44/><G55/><N who="0" m="21003" /><D103/><U131/><E131/><V124/><F124/><W71/><G71/><T32/><D32/><U31/><E0/><V66/><F78/><W99/><G84/><T42/><D45/><U129/><E129/><V29/><F66/><W82/><G82/><T11/><D11/><U115/><E115/><V19/><F4/><W72/><G72/><T62/><D62/><U89/><E76/><V8/><F8/><W16/><G17/><T87/><D87/><U116/><E116/><V35/><F35/><W121/><G121/><T135/><D135/><U111/><E111/><V70/><F70/><W90/><G90/><T5/><D5/><U63/><E63/><V36/><F36/><W128/><G128/><T96/><D96/><U6/><E6/><V125/><F3/><W41/><G41/><AGARI ba="0,0" hai="40,41,42,77,81,85,93,94" m="21003,22089" machi="41" ten="30,1000,0" yaku="8,1" doraHai="97" who="0" fromWho="3" sc="240,10,170,0,379,0,211,-10" /><INIT seed="3,0,0,3,3,127" ten="250,170,379,201" oya="3" hai0="117,106,3,40,26,103,12,24,119,34,98,23,133" hai1="85,56,65,108,73,79,48,101,61,68,2,55,67" hai2="5,129,28,104,109,100,132,63,125,43,87,58,116" hai3="111,126,46,51,74,1,11,29,53,19,128,90,52"/><W32/><G128/><T75/><D12/><U76/><E73/><V47/><F116/><N who="0" m="44618" /><D23/><U0/><E108/><V114/><F87/><W8/><G74/><T54/><D24/><U18/><E101/><V41/><F104/><W14/><G126/><T121/><D54/><U115/><E115/><V33/><F100/><W20/><G111/><T64/><D121/><U96/><E96/><V82/><F82/><W134/><G134/><T22/><D22/><U70/><E18/><V81/><F81/><W84/><G1/><T105/><D75/><U10/><E85/><V35/><F28/><W135/><G135/><T130/><D106/><U30/><E30/><V88/><F5/><W89/><G32/><T92/><D92/><U118/><E118/><V102/><F43/><W49/><G29/><N who="0" m="19767" /><D133/><U71/><E71/><V77/><F33/><W97/><G97/><T13/><D13/><U113/><E113/><V83/><F35/><W37/><G37/><T112/><D112/><U124/><E124/><V4/><F4/><W44/><G90/><T6/><D64/><U69/><E0/><V21/><F88/><W38/><G38/><T99/><D40/><U45/><REACH who="1" step="1"/><E67/><REACH who="1" ten="250,160,379,201" step="2"/><V16/><F125/><W94/><AGARI ba="0,1" hai="8,11,14,19,20,44,46,49,51,52,53,84,89,94" machi="94" ten="20,12000,1" yaku="0,1,7,1,9,1,8,1,54,1" doraHai="127" who="3" fromWho="3" sc="250,-40,160,-40,379,-40,201,130" /><INIT seed="3,1,0,2,2,81" ten="210,120,339,331" oya="3" hai0="79,14,18,88,52,119,104,7,34,114,101,57,38" hai1="4,126,83,5,71,108,12,61,15,1,87,62,80" hai2="84,10,95,63,78,26,96,37,6,48,40,90,105" hai3="27,54,24,91,110,75,65,33,22,35,86,42,21"/><W32/><G75/><T117/><D114/><U111/><E1/><V64/><F37/><W44/><G65/><T116/><D38/><U113/><E71/><V56/><F26/><W121/><G121/><T74/><D34/><U41/><E41/><V17/><F105/><W112/><G112/><T11/><D79/><U43/><E113/><V51/><F40/><W85/><G110/><T120/><D74/><U130/><E43/><V129/><F129/><W39/><G54/><T134/><D120/><U106/><E106/><V8/><F17/><W9/><G9/><N who="2" m="3689" /><F6/><W25/><REACH who="3" step="1"/><G86/><REACH who="3" ten="210,120,339,321" step="2"/><T30/><D119/><U58/><E58/><V19/><F19/><W49/><G49/><T29/><D117/><U124/><REACH who="1" step="1"/><E130/><REACH who="1" ten="210,110,339,321" step="2"/><V66/><F56/><W122/><G122/><T3/><D116/><U102/><E102/><V76/><F51/><W47/><G47/><T36/><D101/><U46/><E46/><V45/><F48/><W16/><G16/><T60/><D36/><U132/><E132/><V131/><F45/><W127/><G127/><T100/><D134/><U23/><E23/><V67/><F131/><W13/><G13/><T28/><D3/><U133/><E133/><V0/><F0/><W118/><G118/><T53/><D7/><U20/><E20/><V70/><F70/><W72/><G72/><T31/><D100/><U109/><E109/><V107/><F63/><W73/><G73/><T69/><D69/><U135/><E135/><V59/><F59/><W68/><G68/><T115/><N who="0" m="7168" /><DORA hai="94" /><T50/><D115/><U93/><E93/><AGARI ba="1,2" hai="21,22,24,25,27,32,33,35,39,42,44,85,91,93" machi="93" ten="50,4800,0" yaku="1,1,52,1,53,0" doraHai="81,94" doraHaiUra="55,128" who="3" fromWho="1" sc="210,0,110,-51,339,0,321,71" owari="210,-19.0,59,-44.1,339,13.9,392,49.2" /></mjloggm>