<mjloggm ver="2.3"><GO type="225" lobby="0"/><UN n0="%30%2E%31%32%30" n1="%E3%81%86%E3%81%A3%E3%81%97%E3%83%BC%30%30" n2="%E5%B8%86%E7%AB%8B%E5%A4%8F%E8%A1%A3" n3="%E3%81%82%E3%81%84%E3%81%82%E3%81%8A%E3%81%84" dan="16,16,16,18" rate="2110.52,2107.74,2095.05,2202.10" sx="M,M,M,M"/><TAIKYOKU oya="0"/><INIT seed="0,0,0,2,3,83" ten="250,250,250,250" oya="0" hai0="63,87,58,73,17,1,115,62,27,102,37,114,56" hai1="71,15,68,90,28,30,35,72,26,128,6,94,41" hai2="38,47,122,67,70,99,134,40,59,9,95,14,113" hai3="51,116,46,88,121,133,108,44,32,25,118,84,112"/><T57/><D1/><U45/><E128/><V86/><F134/><W2/><G2/><T80/><D37/><U0/><E72/><V13/><F113/><W135/><G112/><T42/><D73/><U93/><E0/><V34/><F122/><W22/><G32/><T8/><D42/><U12/><E30/><V31/><F70/><W101/><G101/><T74/><D74/><U61/><E94/><V11/><F14/><W78/><G78/><T60/><D102/><U10/><E61/><V29/><F67/><W66/><G66/><T120/><D120/><U53/><E53/><V7/><F59/><W75/><G75/><T82/><D82/><U126/><E15/><V24/><F31/><W20/><G121/><T79/><REACH who="0" step="1"/><D8/><REACH who="0" ten="240,250,250,250" step="2"/><U3/><E3/><V132/><F11/><W85/><G133/><T36/><D36/><U23/><E126/><V43/><F43/><W50/><G135/><T89/><D89/><U81/><E81/><V76/><F132/><W54/><G88/><T130/><D130/><U69/><E35/><V127/><F127/><W97/><G116/><T16/><D16/><U110/><E110/><V123/><F123/><W5/><G108/><T98/><D98/><U111/><E111/><V105/><F99/><W65/><G97/><T124/><D124/><U96/><REACH who="1" step="1"/><E71/><REACH who="1" ten="240,240,250,250" step="2"/><V77/><F105/><W129/><G129/><T33/><D33/><U64/><E64/><V49/><F95/><W18/><G65/><T103/><D103/><U4/><E4/><V39/><F77/><W21/><G5/><T106/><D106/><U131/><E131/><RYUUKYOKU ba="0,2" sc="240,10,240,10,250,10,250,-30" hai0="17,27,56,57,58,60,62,63,79,80,87,114,115" hai1="6,10,12,23,26,28,41,45,68,69,90,93,96" hai2="7,9,13,24,29,34,38,39,40,47,49,76,86" /><INIT seed="0,1,2,2,4,2" ten="250,250,260,220" oya="0" hai0="17,114,19,109,20,134,68,96,70,130,37,122,72" hai1="106,34,99,92,16,51,46,45,113,100,66,103,73" hai2="93,9,39,28,111,61,44,90,125,60,50,97,82" hai3="0,116,91,58,81,107,110,23,62,80,76,95,85"/><T55/><D122/><U112/><E73/><V67/><F111/><W63/><G107/><T83/><D109/><U10/><E34/><V15/><F125/><W18/><G110/><T5/><D37/><U29/><E29/><V75/><F39/><W78/><G0/><T14/><D114/><N who="1" m="44139" /><E66/><V32/><F28/><W64/><G116/><T86/><D72/><U47/><E103/><V24/><F24/><W38/><G38/><T124/><D124/><U36/><E36/><V84/><F32/><W30/><G30/><T59/><D130/><U88/><E16/><N who="2" m="8303" /><F67/><W127/><G127/><T31/><D134/><U105/><E10/><V65/><F65/><W25/><REACH who="3" step="1"/><G63/><REACH who="3" ten="250,250,260,210" step="2"/><T22/><D31/><U123/><E123/><V121/><F121/><W54/><G54/><T101/><D55/><N who="1" m="30191" /><E106/><V108/><F108/><W41/><G41/><T79/><D70/><U1/><E1/><V132/><F132/><W4/><G4/><T26/><D68/><U52/><E52/><N who="2" m="29767" /><F75/><W135/><G135/><T117/><D117/><U119/><E119/><V8/><F8/><W120/><G120/><T115/><D115/><U48/><E48/><V94/><F61/><W21/><G21/><T3/><D22/><U126/><E126/><V129/><F60/><W43/><G43/><T13/><D20/><U53/><E53/><V102/><F129/><W89/><G89/><T42/><D42/><U131/><E131/><V40/><F40/><W49/><G49/><T98/><D3/><U133/><E133/><V57/><F57/><W87/><G87/><AGARI ba="1,3" hai="46,47,87,88,92,99,100,105" m="30191,44139" machi="87" ten="30,2000,0" yaku="11,1,54,1" doraHai="2" who="1" fromWho="3" sc="250,0,250,53,260,0,210,-23" /><INIT seed="1,0,0,1,0,33" ten="250,303,260,187" oya="1" hai0="82,99,66,72,129,106,31,76,53,55,21,79,83" hai1="34,40,130,84,49,64,20,51,89,94,24,41,48" hai2="5,109,85,27,123,91,14,8,74,105,30,58,118" hai3="37,4,19,68,119,78,10,102,116,132,124,92,115"/><U75/><E130/><V61/><F109/><W50/><G37/><T127/><D127/><U113/><E113/><V117/><F123/><W87/><G68/><T86/><D129/><U107/><E107/><V81/><F105/><W73/><G115/><T65/><D106/><U125/><E75/><V57/><F57/><W112/><G112/><T100/><D53/><U36/><E125/><V18/><F74/><W63/><G124/><T67/><D55/><U11/><E34/><V12/><F30/><W28/><G28/><T38/><D38/><U32/><E32/><V39/><F39/><W104/><G63/><T110/><D110/><U62/><E11/><V126/><F27/><W122/><G122/><T88/><D100/><U70/><REACH who="1" step="1"/><E36/><REACH who="1" ten="250,293,260,187" step="2"/><V131/><F131/><W29/><G10/><T23/><D31/><AGARI ba="0,1" hai="20,24,31,40,41,48,49,51,62,64,70,84,89,94" machi="31" ten="40,3900,0" yaku="1,1,2,1,53,0" doraHai="33" doraHaiUra="77" who="1" fromWho="0" sc="250,-39,293,49,260,0,187,0" /><INIT seed="1,1,0,2,5,89" ten="211,342,260,187" oya="1" hai0="9,101,90,124,48,32,25,85,46,127,81,121,43" hai1="70,36,8,52,67,13,5,19,69,112,0,11,73" hai2="30,135,106,88,68,105,47,122,91,82,23,123,14" hai3="83,34,104,110,129,80,12,103,96,97,79,58,77"/><U66/><E112/><V4/><F68/><W109/><G34/><T22/><D32/><U45/><E73/><V98/><F135/><W50/><G12/><T57/><D121/><U56/><E69/><V7/><F47/><W125/><G58/><T1/><D101/><U114/><E114/><V76/><F23/><W10/><G50/><T134/><D134/><U92/><E70/><V38/><F38/><W28/><G28/><T2/><D57/><U99/><E45/><V26/><F30/><W133/><G10/><T64/><D64/><U74/><E74/><V49/><F49/><W75/><G133/><T35/><D35/><U120/><E36/><V53/><F14/><W118/><G118/><T130/><D130/><U94/><E120/><V41/><F41/><W72/><G129/><T55/><D43/><U86/><E86/><V33/><F33/><W29/><G29/><T113/><D113/><U63/><REACH who="1" step="1"/><E94/><REACH who="1" ten="211,332,260,187" step="2"/><V39/><F39/><W15/><G125/><T93/><D81/><U100/><AGARI ba="1,1" hai="0,5,8,11,13,19,52,56,63,66,67,92,99,100" machi="100" ten="20,18000,2" yaku="1,1,2,1,0,1,7,1,52,1,54,1,53,0" doraHai="89" doraHaiUra="71" who="1" fromWho="1" sc="211,-61,332,193,260,-61,187,-61" /><INIT seed="1,2,0,1,3,83" ten="150,525,199,126" oya="1" hai0="9,86,18,82,66,107,102,116,79,10,96,119,35" hai1="28,125,112,103,24,123,92,64,46,16,0,50,15" hai2="106,132,22,49,91,7,25,72,99,130,111,124,42" hai3="32,51,95,53,87,52,128,41,3,6,47,60,104"/><U43/><E0/><V57/><F72/><W12/><G104/><T118/><D35/><U98/><E125/><V108/><F124/><W55/><G128/><T67/><REACH who="0" step="1"/><D18/><REACH who="0" ten="140,525,199,126" step="2"/><U122/><E112/><V62/><F130/><W134/><G32/><T71/><D71/><U135/><E135/><V2/><F132/><W29/><G134/><T115/><D115/><U34/><REACH who="1" step="1"/><E64/><AGARI ba="2,1" hai="9,10,64,66,67,79,82,86,96,102,107,116,118,119" machi="64" ten="40,2600,0" yaku="1,1,52,1,53,0" doraHai="83" doraHaiUra="121" who="0" fromWho="1" sc="140,42,525,-32,199,0,126,0" /><INIT seed="2,0,0,0,5,32" ten="182,493,199,126" oya="2" hai0="62,100,17,105,18,51,104,61,57,86,6,50,36" hai1="24,127,85,37,134,20,80,53,31,87,35,56,70" hai2="126,12,45,110,7,78,64,11,112,115,131,13,28" hai3="39,83,72,22,96,79,19,81,44,46,48,89,95"/><V68/><F126/><W8/><G8/><T117/><D36/><U16/><E70/><V101/><F131/><W88/><G39/><T55/><D117/><U122/><E37/><V94/><F78/><W98/><G48/><T116/><D116/><U69/><E69/><V91/><F101/><W97/><G83/><T109/><D109/><U102/><E102/><V65/><F110/><W15/><REACH who="3" step="1"/><G89/><REACH who="3" ten="182,493,199,116" step="2"/><T67/><D51/><U23/><E80/><V54/><F11/><W38/><G38/><T128/><D128/><U33/><E122/><V10/><F10/><W133/><G133/><T60/><D50/><U93/><E134/><V74/><F91/><W75/><G75/><T3/><D100/><U9/><E9/><V4/><F74/><W66/><G66/><T29/><D67/><U58/><E127/><V90/><F90/><W107/><G107/><T129/><D104/><U103/><E93/><V120/><F65/><W119/><G119/><T123/><D105/><U99/><E103/><V84/><F64/><W76/><G76/><T43/><D129/><U73/><E73/><V0/><F94/><W21/><G21/><T25/><D123/><U41/><E33/><V106/><F120/><W52/><G52/><T111/><D55/><U92/><E53/><V2/><F54/><W118/><G118/><T59/><D43/><U135/><E35/><V125/><F106/><W14/><G14/><T30/><D111/><U34/><E92/><V63/><F13/><W47/><AGARI ba="0,1" hai="15,19,22,44,46,47,72,79,81,88,95,96,97,98" machi="47" ten="30,4000,0" yaku="1,1,0,1,54,1,53,0" doraHai="32" doraHaiUra="114" who="3" fromWho="3" sc="182,-10,493,-10,199,-20,116,50" /><INIT seed="3,0,0,4,0,97" ten="172,483,179,166" oya="3" hai0="92,44,4,30,13,14,135,116,62,49,61,118,11" hai1="74,42,52,5,109,84,55,77,51,8,58,85,132" hai2="34,45,36,70,69,105,88,114,38,117,80,25,128" hai3="72,107,87,39,68,50,27,53,48,19,95,99,41"/><W24/><G72/><T126/><D30/><U110/><E132/><V33/><F114/><W23/><G68/><T113/><D113/><U133/><E133/><V93/><F117/><W57/><G39/><T75/><D135/><U130/><E130/><V9/><F128/><W21/><G107/><T31/><D31/><U121/><E121/><V127/><F127/><W111/><G111/><T17/><D126/><U115/><E115/><V122/><F105/><W129/><G129/><T76/><D118/><U64/><E64/><V15/><F80/><W96/><G87/><T28/><D28/><U40/><E55/><V60/><F25/><W90/><G99/><T104/><D104/><U125/><E125/><V91/><F122/><W89/><G41/><N who="1" m="15978" /><E77/><V66/><F70/><W7/><G7/><T18/><D116/><U131/><E74/><V103/><F34/><W120/><G120/><T29/><D29/><U108/><E131/><V71/><F71/><W94/><G94/><T46/><D76/><U20/><E20/><V81/><F33/><W47/><G47/><T98/><D44/><U82/><E82/><V86/><F45/><W106/><G106/><T26/><D75/><U83/><E83/><V0/><F38/><W32/><G32/><T2/><D46/><U119/><E119/><V102/><F36/><W79/><G79/><T65/><D2/><AGARI ba="0,0" hai="2,5,8,51,52,58,84,85,108,109,110" m="15978" machi="2" ten="30,2000,0" yaku="14,1,54,1" doraHai="97" who="1" fromWho="0" sc="172,-20,483,20,179,0,166,0" owari="152,-34.8,503,60.3,179,-2.1,166,-23.4" /></mjloggm>