<mjloggm ver="2.3"><GO type="225" lobby="0"/><UN n0="%48%61%61%61%6C%61%6E%64" n1="%E3%81%A1%E3%82%85%E3%81%86%E3%81%A9%E3%81%8F%E8%B1%A1%E3%81%95%E3%82%93" n2="%E3%81%8F%E3%81%BE%E3%81%96%E3%82%8F" n3="%E6%A1%9C%E8%8A%B1%E9%96%83%E3%80%85" dan="17,17,16,17" rate="2170.18,2140.00,2044.15,2211.13" sx="M,M,M,M"/><TAIKYOKU oya="0"/><INIT seed="0,0,0,5,0,96" ten="250,250,250,250" oya="0" hai0="62,35,52,131,75,53,118,24,119,95,98,91,48" hai1="132,94,106,88,121,58,8,123,133,12,108,21,36" hai2="100,30,19,69,2,135,10,102,17,126,13,46,87" hai3="51,111,93,29,28,49,20,16,109,38,90,39,57"/><T77/><D131/><U120/><E36/><V79/><F126/><W31/><G39/><T14/><D75/><U67/><E21/><V101/><F69/><W74/><G38/><T129/><D77/><U81/><E81/><N who="2" m="47551" /><F2/><W114/><G74/><T76/><D76/><U41/><E41/><V0/><F0/><W15/><G114/><T66/><D129/><U113/><E113/><V134/><F30/><W25/><G25/><T47/><D53/><U61/><E106/><V37/><F37/><W44/><G57/><T116/><D14/><U50/><E50/><V18/><F46/><W85/><REACH who="3" step="1"/><G51/><REACH who="3" ten="250,250,250,240" step="2"/><T60/><REACH who="0" step="1"/><D66/><REACH who="0" ten="240,250,250,240" step="2"/><U127/><E127/><V40/><F40/><AGARI ba="0,2" hai="15,16,20,28,29,31,40,44,49,85,90,93,109,111" machi="40" ten="40,5200,0" yaku="1,1,2,1,54,1,53,0" doraHai="96" doraHaiUra="124" who="3" fromWho="2" sc="240,0,250,0,250,-52,240,72" /><INIT seed="1,0,0,5,1,92" ten="240,250,198,312" oya="1" hai0="54,5,65,127,78,37,13,100,32,43,2,134,110" hai1="46,85,10,56,129,12,7,126,122,22,15,117,0" hai2="120,57,107,82,80,38,8,66,98,58,19,62,34" hai3="18,6,118,14,75,81,36,49,53,76,16,23,31"/><U51/><E122/><V26/><F120/><W41/><G118/><T27/><D110/><U77/><E117/><V87/><F38/><W79/><G79/><T55/><D127/><U113/><E113/><V60/><F34/><W30/><G6/><T67/><D134/><U71/><E71/><V68/><F68/><W64/><G64/><T47/><D13/><U114/><E114/><V93/><F107/><W4/><G4/><T28/><D67/><U17/><E126/><V111/><F111/><W61/><G61/><T135/><D65/><U97/><E129/><V90/><F87/><N who="3" m="48551" /><G36/><T84/><D135/><U121/><E121/><V73/><F73/><W11/><G41/><T69/><D69/><U102/><E56/><V124/><F124/><W25/><G75/><T116/><D116/><U95/><E0/><V70/><F70/><W44/><AGARI ba="0,0" hai="11,14,16,18,23,25,30,31,44,49,53" m="48551" machi="44" ten="30,2000,0" yaku="8,1,54,1" doraHai="92" who="3" fromWho="3" sc="240,-5,250,-10,198,-5,312,20" /><INIT seed="2,0,0,4,0,95" ten="235,240,193,332" oya="2" hai0="81,92,18,123,7,0,105,108,58,25,133,77,70" hai1="116,100,110,111,69,122,40,38,104,12,102,114,84" hai2="125,55,107,113,10,103,87,89,88,98,127,66,112" hai3="130,72,76,22,28,2,9,35,8,121,60,115,65"/><V54/><F66/><W91/><G121/><T75/><D123/><U83/><E69/><V49/><F10/><W24/><G130/><T36/><D70/><U33/><E33/><V56/><F55/><W6/><G115/><T80/><D105/><U132/><E122/><V86/><F112/><W13/><G91/><N who="2" m="34889" /><F113/><W27/><G76/><T57/><D36/><U39/><E114/><V4/><F4/><W15/><G72/><T71/><D71/><U32/><E32/><V17/><F17/><N who="3" m="8367" /><G60/><T78/><D7/><U51/><E116/><V30/><F30/><N who="3" m="17687" /><G65/><T64/><D0/><AGARI ba="0,0" hai="0,2,6,8,15,27,28,35" m="17687,8367" machi="0" ten="30,8000,1" yaku="35,5" doraHai="95" who="3" fromWho="0" sc="235,-80,240,0,193,0,332,80" /><INIT seed="3,0,0,0,3,44" ten="155,240,193,412" oya="3" hai0="65,36,123,64,9,11,51,113,116,46,35,74,67" hai1="73,115,37,57,13,29,19,62,114,84,124,20,58" hai2="105,82,100,52,125,135,8,31,98,102,63,133,126" hai3="60,89,39,107,69,3,120,78,103,99,47,85,109"/><W27/><G3/><T87/><D116/><U75/><E37/><V25/><F100/><W119/><G120/><T17/><D123/><U49/><E124/><N who="2" m="47723" /><F8/><W122/><G122/><T38/><D74/><U66/><E29/><V130/><F130/><W56/><G69/><T71/><D71/><U92/><E75/><V7/><F7/><W93/><G109/><T34/><D113/><U88/><E73/><V108/><F108/><W15/><G15/><T79/><D38/><U30/><E30/><V101/><F101/><W14/><G14/><T132/><D36/><U5/><E5/><V42/><F42/><W53/><G78/><T1/><D132/><U91/><E91/><V55/><F82/><W94/><G27/><T129/><D129/><U40/><E40/><V68/><F68/><W111/><G111/><T6/><D11/><U128/><E128/><V21/><F63/><W96/><G119/><T106/><D106/><U43/><E43/><V45/><F45/><W80/><G99/><T83/><REACH who="0" step="1"/><D17/><REACH who="0" ten="145,240,193,412" step="2"/><U77/><E115/><V59/><F59/><W117/><G56/><T70/><D70/><U76/><E114/><V12/><F135/><W90/><G107/><T95/><D95/><U121/><E121/><V54/><F133/><W81/><G94/><T72/><D72/><U61/><E92/><V104/><F105/><W50/><G93/><T28/><D28/><U24/><E19/><V22/><F31/><W23/><G117/><T48/><D48/><U4/><E49/><V18/><F104/><W131/><G39/><T10/><D10/><U118/><E118/><RYUUKYOKU ba="0,1" sc="145,30,240,-10,193,-10,412,-10" hai0="1,6,9,34,35,46,51,64,65,67,79,83,87" owari="175,-32.5,230,3.0,183,-21.7,412,51.2" /></mjloggm>