<mjloggm ver="2.3"><GO type="225" lobby="0"/><UN n0="%4B%2E%32%2E%4B%2E" n1="%E3%81%95%E3%81%8D%E3%81%9F%E3%81%BE%E6%9E%97%E6%AA%8E" n2="%E6%98%93%E5%88%A9%E8%96%A9%E4%BC%AF" n3="%6D%75%75%73%61%6E%6D%75" dan="17,16,16,17" rate="2179.58,2077.01,2107.88,2153.35" sx="M,M,F,F"/><TAIKYOKU oya="0"/><INIT seed="0,0,0,2,0,52" ten="250,250,250,250" oya="0" hai0="12,16,91,33,58,21,70,13,50,130,29,47,124" hai1="123,64,121,92,56,37,128,46,122,95,69,45,80" hai2="83,0,101,78,57,100,28,59,3,8,10,65,35" hai3="94,54,105,71,110,51,116,113,119,98,111,41,27"/><T23/><D70/><U126/><E69/><V74/><F35/><W62/><G113/><T129/><D124/><U93/><E126/><V120/><F120/><W61/><G105/><T55/><D33/><U39/><E80/><V125/><F28/><W19/><G27/><N who="0" m="16623" /><D91/><U117/><E117/><N who="3" m="45130" /><G19/><T87/><D87/><U36/><E128/><N who="0" m="49257" /><D47/><U43/><E43/><V86/><F125/><W30/><G30/><T99/><D99/><U104/><E104/><V15/><F74/><W68/><G94/><T24/><AGARI ba="0,0" hai="12,13,16,23,24,50,55,58" m="49257,16623" machi="24" ten="30,6000,0" yaku="19,1,52,1,54,1" doraHai="52" who="0" fromWho="0" sc="250,60,250,-20,250,-20,250,-20" /><INIT seed="0,1,0,0,5,96" ten="310,230,230,230" oya="0" hai0="31,24,22,122,27,13,42,19,29,51,89,94,56" hai1="49,41,15,124,63,84,82,115,14,43,30,86,95" hai2="36,54,114,127,76,12,5,132,108,109,79,112,66" hai3="118,101,70,39,107,129,37,8,40,85,23,93,11"/><T87/><D122/><U9/><E124/><V80/><F36/><W120/><G118/><T98/><D42/><U38/><E38/><V0/><F0/><W133/><G120/><T69/><D69/><U44/><E115/><V72/><F127/><W10/><G70/><T110/><D110/><U45/><E30/><N who="0" m="11273" /><D98/><U83/><E95/><V65/><F79/><W100/><G107/><T116/><D116/><U28/><E28/><V111/><F132/><W25/><G133/><T61/><D51/><U48/><E63/><V106/><F106/><W103/><G129/><T6/><D6/><U47/><E47/><V60/><F60/><W113/><G113/><N who="2" m="43625" /><F54/><AGARI ba="1,0" hai="13,19,22,24,27,54,56,61,87,89,94" m="11273" machi="54" ten="30,1500,0" yaku="8,1" doraHai="96" who="0" fromWho="2" sc="310,18,230,0,230,-18,230,0" /><INIT seed="0,2,0,3,3,93" ten="328,230,212,230" oya="0" hai0="7,72,19,21,94,15,60,115,47,0,36,108,27" hai1="77,3,63,44,113,67,81,17,91,120,24,53,107" hai2="119,131,12,14,57,92,42,122,18,38,13,105,95" hai3="68,35,106,123,82,70,37,39,114,126,66,26,118"/><T80/><D115/><U127/><E120/><V86/><F105/><W110/><RYUUKYOKU type="yao9" ba="2,0" sc="328,0,230,0,212,0,230,0" hai3="26,35,37,39,66,68,70,82,106,110,114,118,123,126" /><INIT seed="0,3,0,4,2,95" ten="328,230,212,230" oya="0" hai0="53,110,16,87,48,54,106,17,90,4,12,72,34" hai1="131,20,113,7,51,114,115,118,41,19,38,49,8" hai2="93,31,102,120,5,29,42,99,28,32,129,0,35" hai3="104,75,96,133,101,111,123,30,3,69,83,128,55"/><T79/><D106/><U50/><E118/><V122/><F129/><W86/><G3/><T52/><D34/><U45/><E131/><V25/><F42/><W61/><G128/><T10/><D110/><U82/><E82/><V71/><F71/><W130/><G130/><T135/><D135/><U6/><REACH who="1" step="1"/><E8/><REACH who="1" ten="328,220,212,230" step="2"/><V22/><F122/><W119/><G123/><T81/><REACH who="0" step="1"/><D48/><REACH who="0" ten="318,220,212,230" step="2"/><U9/><E9/><V116/><F120/><W70/><G133/><T89/><D89/><U92/><E92/><AGARI ba="3,2" hai="4,10,12,16,17,52,53,54,72,79,81,87,90,92" machi="92" ten="40,7700,0" yaku="1,1,54,2,53,0" doraHai="95" doraHaiUra="18" who="0" fromWho="1" sc="318,106,220,-86,212,0,230,0" /><INIT seed="0,4,0,0,0,10" ten="424,134,212,230" oya="0" hai0="100,115,52,72,90,87,124,66,41,58,51,111,80" hai1="71,125,25,129,83,130,46,128,18,88,104,11,29" hai2="56,93,74,119,102,13,32,96,27,30,126,36,2" hai3="3,19,132,106,81,37,23,34,98,55,108,76,77"/><T1/><D115/><U127/><E71/><V85/><F2/><W61/><G37/><T64/><D1/><U84/><E104/><V16/><F74/><W12/><G34/><T97/><D124/><N who="1" m="47691" /><E46/><V103/><F126/><W75/><G3/><T112/><D112/><U89/><E11/><V99/><F36/><W134/><G77/><T86/><D111/><U14/><E25/><V38/><F38/><W79/><G79/><T53/><D41/><U70/><E70/><V109/><F119/><W17/><G108/><T94/><D72/><U57/><E57/><V91/><F56/><W114/><G114/><T95/><REACH who="0" step="1"/><D53/><REACH who="0" ten="414,134,212,230" step="2"/><U113/><E113/><V59/><F109/><W8/><G55/><T40/><D40/><U4/><E4/><V68/><F68/><W54/><G54/><T48/><D48/><U122/><E122/><V0/><F0/><W101/><REACH who="3" step="1"/><G61/><REACH who="3" ten="414,134,212,220" step="2"/><T62/><D62/><U131/><E131/><V6/><F6/><W45/><G45/><T39/><D39/><U22/><E29/><V65/><F30/><W118/><G118/><T60/><D60/><U20/><E20/><V42/><F42/><W110/><G110/><T26/><D26/><AGARI ba="4,2" hai="8,12,17,19,23,26,75,76,81,98,101,106,132,134" machi="26" ten="40,2600,0" yaku="1,1,52,1,53,0" doraHai="10" doraHaiUra="35" who="3" fromWho="0" sc="414,-38,134,0,212,0,220,58" /><INIT seed="1,0,0,1,1,92" ten="376,134,212,278" oya="1" hai0="36,9,7,93,34,62,128,41,47,17,78,67,135" hai1="37,43,68,8,39,12,71,75,64,77,6,127,59" hai2="116,65,18,86,79,91,99,119,14,109,98,63,110" hai3="32,124,45,97,50,33,2,55,51,49,0,120,131"/><U60/><E127/><V114/><F79/><W81/><G120/><T13/><D128/><U108/><E108/><N who="2" m="41579" /><F114/><W54/><G124/><T122/><D135/><U126/><E126/><V106/><F106/><W72/><G131/><T56/><D34/><U74/><E77/><V44/><F44/><W133/><G133/><T70/><D122/><U111/><E111/><V5/><F5/><W95/><G81/><T103/><D78/><U123/><E123/><V28/><F28/><W66/><G66/><T35/><D35/><U40/><E71/><N who="2" m="42431" /><F119/><W16/><G72/><T42/><D42/><U27/><E68/><V107/><F107/><W69/><G69/><T125/><D125/><U132/><E132/><V52/><F52/><W94/><G33/><T104/><D104/><U29/><E40/><V90/><F116/><W84/><G32/><T83/><D83/><U130/><E130/><V46/><F46/><W3/><G94/><T113/><D113/><U88/><E43/><V129/><F129/><W4/><G4/><T76/><D76/><U30/><E30/><V26/><F26/><W121/><G121/><T21/><D70/><U61/><E61/><V73/><F73/><W117/><G117/><T24/><D93/><U22/><REACH who="1" step="1"/><E88/><REACH who="1" ten="376,124,212,278" step="2"/><N who="2" m="33835" /><F86/><W134/><G84/><T89/><D89/><U15/><E15/><V112/><F112/><W10/><G134/><T48/><D36/><AGARI ba="0,1" hai="6,8,12,22,27,29,36,37,39,59,60,64,74,75" machi="36" ten="40,3900,0" yaku="1,1,53,1" doraHai="92" doraHaiUra="25" who="1" fromWho="0" sc="376,-39,124,49,212,0,278,0" /><INIT seed="1,1,0,5,2,81" ten="337,173,212,278" oya="1" hai0="85,26,91,1,68,69,13,103,87,11,124,105,39" hai1="84,23,44,110,97,37,4,67,123,54,82,2,51" hai2="111,108,120,60,30,128,50,117,78,113,57,121,70" hai3="131,126,3,22,95,24,8,83,21,40,94,7,12"/><U17/><E123/><N who="2" m="47179" /><F30/><W66/><G131/><T92/><D39/><U77/><E37/><V36/><F78/><W99/><G126/><T74/><D74/><U89/><E67/><N who="2" m="41319" /><F117/><W71/><G40/><T10/><D124/><U52/><E110/><N who="2" m="42027" /><F36/><W98/><G83/><T135/><D135/><U130/><E130/><V58/><F128/><W65/><G71/><T104/><D68/><U96/><E2/><V33/><F33/><W114/><G3/><T35/><D69/><U107/><E107/><V43/><F113/><W75/><G114/><T129/><D129/><U49/><E4/><V76/><F76/><W18/><G75/><T9/><D103/><U62/><E77/><V106/><F106/><W90/><G22/><T109/><D109/><U80/><E80/><V42/><F42/><W112/><G112/><T29/><D1/><U34/><E34/><V5/><F5/><W20/><G21/><T47/><D13/><U32/><E32/><V59/><F43/><W116/><G116/><T14/><D14/><N who="1" m="9655" /><E62/><V48/><AGARI ba="1,0" hai="48,50,57,58,59" m="42027,41319,47179" machi="48" ten="40,5200,0" yaku="14,1,34,2" doraHai="81" who="2" fromWho="2" sc="337,-14,173,-27,212,55,278,-14" /><INIT seed="2,0,0,2,0,87" ten="323,146,267,264" oya="2" hai0="61,29,86,71,60,49,8,93,52,24,42,35,111" hai1="5,17,104,68,7,99,127,105,63,133,59,121,19" hai2="28,66,116,103,33,97,118,53,48,55,74,25,135" hai3="94,124,64,130,23,20,62,56,120,84,80,27,92"/><V37/><F37/><W117/><G120/><T126/><D71/><U6/><E68/><V129/><F74/><W54/><G117/><T45/><D111/><U91/><E121/><V58/><F135/><W89/><G130/><T107/><D107/><U110/><E133/><V38/><F38/><W22/><G124/><T13/><D126/><U36/><E127/><V77/><F77/><W132/><G132/><T32/><D32/><U123/><E123/><V2/><F2/><W10/><G27/><T128/><D128/><U14/><E36/><V9/><F129/><W69/><REACH who="3" step="1"/><G10/><REACH who="3" ten="323,146,267,254" step="2"/><T12/><D8/><U44/><E110/><V134/><F9/><W76/><G76/><T81/><D13/><U40/><E14/><V79/><F79/><W18/><G18/><T50/><D12/><U88/><E105/><V115/><F134/><W15/><G15/><T85/><D24/><U82/><E104/><V125/><F125/><W16/><G16/><T95/><D29/><U102/><E19/><V114/><F25/><W21/><N who="3" m="5120" /><DORA hai="3" /><W73/><G73/><T100/><D35/><U96/><E17/><V11/><F11/><W26/><G26/><T43/><D100/><U75/><E75/><V65/><F33/><W34/><G34/><T98/><D81/><U41/><E102/><V46/><F28/><W4/><G4/><T1/><D1/><U122/><E122/><V0/><F0/><W47/><G47/><T131/><D131/><U83/><E44/><V90/><F118/><W112/><G112/><N who="2" m="43049" /><F116/><W101/><G101/><T119/><D119/><U108/><E108/><RYUUKYOKU ba="0,1" sc="323,-10,146,-10,267,-10,254,30" hai3="54,56,62,64,69,80,84,89,92,94" /><INIT seed="3,1,1,4,3,62" ten="313,136,257,284" oya="3" hai0="111,116,21,38,27,105,110,56,35,30,79,114,113" hai1="42,76,57,61,95,33,125,99,127,86,78,69,134" hai2="66,98,120,74,12,19,84,104,101,8,44,64,24" hai3="52,58,81,53,40,102,0,3,48,51,11,16,31"/><W60/><G102/><T37/><D116/><U25/><E69/><V75/><F120/><W80/><G31/><T5/><D105/><U112/><E112/><N who="0" m="43113" /><D5/><U2/><E2/><V135/><F135/><W32/><G32/><T67/><D79/><U43/><E134/><V122/><F122/><W17/><G3/><T103/><D103/><U47/><E33/><V6/><F44/><N who="3" m="25607" /><G0/><T46/><D46/><U96/><E25/><V89/><F24/><W29/><G29/><T117/><D117/><U73/><E73/><V130/><F130/><W133/><G133/><T77/><D77/><U54/><E86/><V13/><F75/><W1/><G1/><T7/><D7/><U97/><E95/><V34/><F74/><W41/><G41/><T94/><D94/><U20/><E20/><V45/><F45/><N who="3" m="27887" /><G17/><T119/><D119/><U108/><E108/><N who="0" m="41513" /><D35/><U129/><E129/><V90/><F34/><W82/><G82/><T91/><D91/><U68/><E68/><V14/><F90/><W121/><G121/><T23/><D23/><U128/><E128/><V118/><F118/><W49/><G49/><T123/><D123/><U70/><E70/><V15/><REACH who="2" step="1"/><F19/><REACH who="2" ten="313,136,247,284" step="2"/><W71/><G71/><T126/><D27/><U92/><E42/><V39/><F39/><W124/><G124/><N who="1" m="47690" /><E92/><AGARI ba="1,2" hai="6,8,12,13,14,15,64,66,84,89,92,98,101,104" machi="92" ten="40,5200,0" yaku="1,1,52,2,53,0" doraHai="62" doraHaiUra="22" who="2" fromWho="1" sc="313,0,136,-55,247,75,284,0" owari="313,11.3,81,-41.9,322,42.2,284,-11.6" /></mjloggm>