<mjloggm ver="2.3"><GO type="225" lobby="0"/><UN n0="%37%2F%32%E3%81%AB%E7%94%9F%E3%81%BE%E3%82%8C%E3%81%A6" n1="%E5%A4%96%E5%B7%9D%E7%AB%9C%E6%88%90" n2="%E7%AD%89%E3%80%85%E5%8A%9B%E5%8A%87%E5%A0%B4" n3="%E3%83%AD%E3%83%83%E3%83%86%E9%9B%80%E7%90%83" dan="17,16,16,17" rate="2163.98,2200.29,2153.82,2251.08" sx="M,M,M,M"/><TAIKYOKU oya="0"/><INIT seed="0,0,0,4,5,76" ten="250,250,250,250" oya="0" hai0="21,27,12,90,54,134,56,70,73,102,78,72,112" hai1="40,24,107,6,9,111,44,128,105,52,98,129,39" hai2="53,101,46,122,63,95,100,89,67,16,22,69,62" hai3="18,87,7,15,132,26,99,92,41,80,28,125,81"/><T106/><D112/><U121/><E121/><V97/><F122/><W109/><G109/><T135/><D70/><U118/><E118/><V74/><F74/><W131/><G125/><T114/><D114/><U88/><E24/><V108/><F108/><W42/><G132/><N who="0" m="50731" /><D12/><U65/><E65/><V85/><F101/><N who="3" m="60647" /><G131/><N who="1" m="50250" /><E111/><V4/><F4/><W38/><G38/><T120/><D120/><U86/><E98/><V83/><F69/><W17/><G87/><T61/><D102/><U79/><E79/><V13/><F67/><W8/><G28/><N who="0" m="17519" /><D106/><U1/><E52/><V3/><F3/><W115/><G115/><T30/><D30/><U57/><E57/><V96/><F96/><W14/><G26/><T29/><D29/><U49/><E39/><V75/><F75/><N who="0" m="28746" /><D78/><U130/><N who="1" m="50258" /><U117/><DORA hai="48" /><E117/><V10/><F22/><N who="3" m="11575" /><G7/><T91/><AGARI ba="0,0" hai="54,56,61,90,91" m="28746,17519,50731" machi="91" ten="40,3900,0" yaku="20,1,52,1" doraHai="76,48" who="0" fromWho="0" sc="250,39,250,-13,250,-13,250,-13" /><INIT seed="0,1,0,0,2,89" ten="289,237,237,237" oya="0" hai0="63,107,135,102,127,7,5,17,66,73,123,131,74" hai1="15,23,37,133,49,112,122,34,48,132,70,42,56" hai2="27,62,9,124,1,44,91,114,72,28,125,59,2" hai3="104,69,84,129,11,43,121,77,13,100,55,116,85"/><T64/><D123/><U19/><E122/><V53/><F114/><W113/><G116/><T119/><D119/><U47/><E34/><V120/><F120/><W16/><G113/><T101/><D127/><U71/><E112/><V21/><F72/><W10/><G121/><T87/><D131/><U12/><E12/><V67/><F9/><W93/><G129/><T54/><D135/><N who="1" m="51787" /><E56/><V108/><F108/><W61/><G104/><T6/><D107/><U58/><E58/><V110/><F110/><W40/><G10/><T26/><D73/><U78/><E78/><V3/><F67/><N who="0" m="25642" /><D74/><U8/><E23/><V111/><F111/><W33/><G33/><T118/><D118/><U45/><E37/><V76/><F76/><W30/><G30/><T36/><D36/><U103/><E103/><N who="0" m="39433" /><D87/><N who="3" m="33353" /><G69/><T134/><D134/><U46/><E46/><V39/><F39/><W52/><G77/><T60/><D54/><AGARI ba="1,0" hai="8,15,19,42,45,47,48,49,54,70,71" m="51787" machi="54" ten="30,1000,0" yaku="20,1" doraHai="89" who="1" fromWho="0" sc="289,-13,237,13,237,0,237,0" /><INIT seed="1,0,0,5,1,104" ten="276,250,237,237" oya="1" hai0="129,32,56,2,125,127,123,102,94,17,67,101,124" hai1="85,42,70,66,39,27,23,100,72,1,113,76,0" hai2="121,43,133,14,53,91,21,118,51,103,55,40,26" hai3="7,25,97,131,22,132,122,80,36,63,33,116,10"/><U110/><E113/><V31/><F118/><W120/><G36/><T37/><D37/><U99/><E85/><V35/><F121/><W13/><G116/><T59/><D123/><U126/><E126/><V30/><F133/><W112/><G132/><T46/><D46/><U65/><E76/><V54/><F103/><W29/><G112/><T119/><D119/><U98/><E72/><V4/><F31/><W83/><G131/><T89/><D129/><U38/><E99/><V77/><F77/><W3/><G97/><N who="0" m="57551" /><D32/><U9/><E66/><V135/><F135/><W16/><G63/><N who="0" m="38375" /><D2/><U90/><E0/><V111/><F35/><W92/><G92/><T73/><D73/><U109/><E1/><V61/><F61/><W12/><G12/><T47/><D47/><U108/><E38/><V58/><F14/><W19/><G19/><T128/><D128/><U8/><E39/><V106/><F106/><W24/><G24/><T74/><D74/><U28/><E42/><V34/><F43/><W93/><G93/><T60/><D17/><U11/><E90/><V71/><F91/><W81/><AGARI ba="0,0" hai="3,7,10,13,16,22,25,29,33,80,81,83,120,122" machi="81" ten="30,7900,0" yaku="0,1,24,2,54,1" doraHai="104" who="3" fromWho="3" sc="276,-20,250,-39,237,-20,237,79" /><INIT seed="2,0,0,2,1,127" ten="256,211,217,316" oya="2" hai0="101,21,16,40,107,106,29,91,112,76,111,102,36" hai1="99,125,104,109,37,22,94,131,44,50,74,113,48" hai2="54,84,56,68,31,77,129,88,89,78,90,120,79" hai3="11,123,19,71,47,27,103,67,53,33,9,8,26"/><V65/><F120/><W6/><G123/><T128/><D112/><U52/><E113/><V41/><F68/><W23/><G103/><T83/><D29/><U115/><E115/><V58/><F41/><W122/><G122/><T3/><D3/><U25/><E74/><V121/><F121/><W75/><G75/><T38/><D91/><U43/><E125/><V80/><F31/><W72/><G72/><T62/><D111/><U59/><E109/><V57/><F65/><W105/><G105/><T69/><D102/><U96/><E104/><V97/><F129/><W119/><G119/><T51/><D128/><U134/><E134/><V92/><REACH who="2" step="1"/><F89/><REACH who="2" ten="256,211,207,316" step="2"/><W20/><G67/><T130/><D130/><U116/><E131/><V132/><F132/><W98/><G71/><T5/><D40/><U126/><E116/><V45/><F45/><W81/><G47/><T60/><D69/><U13/><E126/><V46/><F46/><W32/><G53/><AGARI ba="0,1" hai="53,54,56,57,58,77,78,79,80,84,88,90,92,97" machi="53" ten="40,7700,0" yaku="1,1,8,1,54,1,53,0" doraHai="127" doraHaiUra="66" who="2" fromWho="3" sc="256,0,211,0,207,87,316,-77" /><INIT seed="2,1,0,3,1,32" ten="256,211,294,239" oya="2" hai0="119,64,37,73,39,105,16,88,15,24,51,7,23" hai1="19,14,84,60,100,106,8,65,85,50,112,1,129" hai2="30,69,75,29,45,92,133,90,9,96,20,87,115" hai3="18,74,86,56,27,76,34,26,125,126,28,47,0"/><V83/><F115/><W122/><G74/><T66/><D73/><U118/><E112/><V68/><F75/><W114/><G114/><T93/><D105/><U128/><E118/><V103/><F133/><W109/><G122/><T134/><D134/><U89/><E100/><V21/><F68/><W77/><G109/><T43/><D119/><U120/><E106/><V53/><F69/><W42/><G56/><T3/><D3/><U107/><E107/><V123/><F123/><W38/><G0/><T36/><D51/><U13/><E120/><V131/><F131/><N who="1" m="50249" /><E50/><N who="2" m="28879" /><F9/><W57/><G57/><T130/><D43/><U72/><E72/><V124/><F124/><N who="3" m="47723" /><G86/><N who="1" m="33386" /><E89/><V70/><F70/><W91/><G91/><T102/><D102/><U62/><E65/><V6/><F6/><W54/><G54/><T132/><D132/><U104/><E104/><V113/><F113/><W44/><G47/><T116/><D116/><U135/><E135/><V33/><F33/><W22/><AGARI ba="1,0" hai="18,22,26,27,28,34,38,42,44,76,77" m="47723" machi="22" ten="30,1100,0" yaku="18,1" doraHai="32" who="3" fromWho="3" sc="256,-4,211,-4,294,-6,239,14" /><INIT seed="3,0,0,5,4,97" ten="252,207,288,253" oya="3" hai0="131,102,40,20,57,56,59,3,82,7,9,120,110" hai1="89,33,0,54,60,130,16,121,84,48,134,101,85" hai2="77,109,62,68,67,100,19,10,125,58,63,127,111" hai3="92,65,122,46,22,21,70,17,113,96,55,11,118"/><W27/><G118/><T41/><D120/><U14/><E121/><V31/><F31/><W43/><G113/><T115/><D115/><U12/><E0/><V66/><F77/><W24/><G122/><T117/><D117/><U114/><E114/><V5/><F19/><W116/><G116/><T132/><D110/><U106/><E33/><V123/><F123/><W83/><G55/><T71/><D71/><U78/><E134/><V103/><F10/><W2/><G83/><T49/><D131/><U52/><E130/><V126/><F5/><W28/><G65/><T135/><D102/><AGARI ba="0,0" hai="58,62,63,66,67,68,100,102,103,109,111,125,126,127" machi="102" ten="50,8000,1" yaku="18,1,52,3" doraHai="97" who="2" fromWho="0" sc="252,-80,207,0,288,80,253,0" owari="172,-32.8,207,-19.3,368,46.8,253,5.3" /></mjloggm>