<mjloggm ver="2.3"><GO type="225" lobby="0"/><UN n0="%E5%B0%8F%E9%B3%A5%E9%81%8A%E7%B7%B4%E7%84%A1%32%31%E6%AD%B3" n1="%4B%2E%32%2E%4B%2E" n2="%E6%9D%B1%E9%A2%A8%E3%81%AE%E3%81%8D%E3%82%83%E3%81%B7%E3%81%95%E3%82%93" n3="%E3%83%AC%E3%82%A4%E3%83%88%E3%83%B3%E5%87%86%E6%95%99%E6%8E%88" dan="16,16,16,19" rate="2176.61,2165.47,2167.04,2292.57" sx="F,M,M,M"/><TAIKYOKU oya="0"/><INIT seed="0,0,0,4,3,113" ten="250,250,250,250" oya="0" hai0="37,55,58,127,71,9,59,21,54,82,15,32,84" hai1="76,73,85,40,22,94,44,67,63,31,13,38,12" hai2="43,101,27,80,5,105,104,120,23,86,34,102,18" hai3="118,53,14,39,42,17,68,36,97,133,35,69,98"/><T24/><D71/><U79/><E31/><V1/><F120/><W2/><G2/><T134/><D37/><U46/><E46/><V116/><F43/><W52/><G35/><T109/><D32/><U25/><E85/><V11/><F34/><W57/><G133/><T47/><D127/><U48/><E94/><V92/><F116/><W16/><G14/><T4/><D134/><U81/><E76/><V108/><F108/><W29/><G57/><T60/><D47/><U95/><E95/><V20/><F20/><W77/><G77/><T87/><D82/><U45/><E22/><V128/><F128/><W117/><G42/><T119/><D119/><U10/><E25/><V135/><F135/><W66/><G66/><T7/><D4/><U0/><E48/><V30/><F30/><AGARI ba="0,0" hai="16,17,29,30,36,39,52,53,68,69,97,98,117,118" machi="30" ten="25,12000,2" yaku="22,2,52,2,54,2" doraHai="113" who="3" fromWho="2" sc="250,0,250,0,250,-120,250,120" /><INIT seed="1,0,0,4,2,94" ten="250,250,130,370" oya="1" hai0="106,1,90,97,66,61,124,43,44,49,7,98,42" hai1="45,34,91,102,13,12,112,51,132,27,62,33,67" hai2="71,40,17,107,133,119,15,64,4,81,48,23,72" hai3="123,77,82,54,22,53,19,84,128,5,122,104,25"/><U50/><E112/><V130/><F119/><W120/><G104/><T87/><D106/><U115/><E115/><V101/><F133/><W39/><G39/><T36/><D124/><U73/><E73/><V70/><F130/><W88/><G128/><T29/><D29/><U65/><E132/><V30/><F4/><W99/><G5/><T85/><D1/><U63/><E102/><V28/><F72/><W26/><G26/><T118/><D118/><U110/><E91/><V75/><F75/><W47/><G47/><T31/><D31/><U116/><E45/><V103/><F81/><W56/><G56/><N who="0" m="37159" /><D36/><U32/><E110/><V55/><F40/><N who="0" m="15402" /><D7/><U11/><E11/><V38/><F38/><W86/><G99/><N who="0" m="37899" /><D90/><U2/><E2/><V20/><F107/><W14/><G122/><T10/><D10/><U80/><E34/><V125/><F125/><W78/><G123/><T74/><D74/><U93/><E116/><V6/><F6/><W79/><G120/><T59/><D59/><U57/><E33/><V9/><F71/><W89/><G54/><AGARI ba="0,0" hai="44,49,54,85,87" m="37899,15402,37159" machi="54" ten="30,7700,0" yaku="8,1,52,3" doraHai="94" who="0" fromWho="3" sc="250,77,250,0,130,0,370,-77" /><INIT seed="2,0,0,3,1,20" ten="327,250,130,293" oya="2" hai0="100,78,41,103,71,70,31,128,35,122,13,6,67" hai1="110,120,64,49,116,16,24,12,53,82,1,54,97" hai2="94,18,74,0,109,89,28,72,23,27,92,45,50" hai3="132,65,36,98,52,119,93,62,133,57,80,95,131"/><V85/><F0/><W113/><G119/><T87/><D122/><U68/><E116/><V56/><F109/><W125/><G36/><T111/><D111/><U76/><E110/><V33/><F94/><W112/><G131/><T108/><D41/><U15/><E1/><V117/><F117/><W134/><G125/><T58/><D128/><U42/><E68/><V38/><F38/><W21/><G80/><T96/><D58/><U7/><E64/><V107/><F107/><W44/><G21/><T3/><D103/><U135/><E135/><V79/><F79/><W105/><G105/><T69/><D3/><U99/><E42/><V25/><REACH who="2" step="1"/><F56/><REACH who="2" ten="327,250,120,293" step="2"/><W102/><G93/><T9/><D108/><U51/><E120/><V46/><F46/><W106/><G106/><T8/><D78/><U77/><E77/><V34/><F34/><W115/><G44/><T2/><D35/><U118/><E118/><V84/><F84/><W127/><G127/><T83/><D87/><U129/><E129/><V17/><F17/><W61/><G133/><T55/><D2/><U59/><E76/><V32/><F32/><W29/><G29/><T130/><D31/><U37/><E37/><V30/><F30/><W90/><G90/><T126/><D130/><U43/><E59/><AGARI ba="0,1" hai="52,57,59,61,62,65,95,98,102,112,113,115,132,134" machi="59" ten="50,3200,0" yaku="11,1,54,1" doraHai="20" who="3" fromWho="1" sc="327,0,250,-32,120,0,293,42" /><INIT seed="3,0,0,0,4,68" ten="327,218,120,335" oya="3" hai0="46,112,108,124,1,97,48,76,35,33,7,109,16" hai1="125,115,113,24,87,30,31,118,119,101,44,123,88" hai2="36,67,58,51,28,134,23,128,34,73,19,80,103" hai3="130,38,10,66,78,0,4,41,116,70,110,27,82"/><W25/><G116/><N who="1" m="44586" /><E123/><V14/><F134/><W106/><G106/><T55/><D124/><U92/><E125/><V22/><F103/><W127/><G127/><T133/><D133/><U83/><E44/><V94/><F34/><W107/><G107/><T93/><D76/><N who="1" m="46567" /><E101/><V39/><F128/><W5/><G5/><T117/><D112/><N who="1" m="43083" /><E24/><V84/><F73/><N who="3" m="43343" /><G130/><T6/><D117/><U57/><E57/><V12/><F94/><W69/><G110/><N who="0" m="42603" /><D16/><U120/><E120/><V37/><F28/><W9/><G25/><T62/><D6/><U47/><E47/><V32/><F32/><W42/><G27/><T74/><D74/><U26/><E26/><V86/><F80/><W79/><G70/><T18/><D18/><U52/><E52/><V131/><F131/><W29/><G29/><T135/><D135/><U114/><N who="1" m="43091" /><U65/><DORA hai="122" /><E65/><V89/><F89/><W2/><G79/><T59/><D7/><U54/><E54/><V91/><F91/><W126/><G126/><T43/><D1/><U40/><E40/><V81/><F81/><W61/><G38/><T21/><D21/><U102/><E102/><AGARI ba="0,0" hai="33,35,43,46,48,55,59,62,93,97,102" m="42603" machi="102" ten="30,7700,0" yaku="14,1,52,3" doraHai="68,122" who="0" fromWho="1" sc="327,77,218,-77,120,0,335,0" owari="404,50.4,141,-25.9,120,-38.0,335,13.5" /></mjloggm>