<mjloggm ver="2.3"><GO type="225" lobby="0"/><UN n0="%E3%81%86%E3%81%A9%E3%82%93%E3%81%93" n1="%E3%81%BF%E3%81%BF%E3%81%9A" n2="%62%6F%6E%6F%73%2E%2E" n3="%E5%8D%A0%E3%81%84%E5%B8%AB%E8%A3%8F%E3%81%AA%E3%81%84%E3%81%97" dan="16,16,17,16" rate="2126.76,2170.53,2214.41,2163.78" sx="M,M,M,M"/><TAIKYOKU oya="0"/><INIT seed="0,0,0,0,4,107" ten="250,250,250,250" oya="0" hai0="16,43,49,86,91,111,70,133,90,47,82,95,31" hai1="52,119,135,5,12,124,79,117,30,7,23,21,33" hai2="58,41,78,80,88,73,65,38,94,29,0,72,127" hai3="106,44,93,18,114,27,62,83,26,14,112,132,128"/><T129/><D70/><U123/><E79/><V131/><F0/><W60/><G106/><T40/><D129/><U54/><E33/><V67/><F131/><W84/><G128/><T55/><D133/><U89/><E89/><V20/><F73/><W15/><G132/><T77/><D111/><U4/><E135/><V22/><F127/><W75/><G93/><T110/><D110/><U87/><E87/><V8/><F8/><W13/><G44/><T61/><D31/><U34/><E124/><V74/><F74/><W126/><G126/><T134/><D134/><U6/><E123/><V97/><F58/><W96/><G96/><T76/><D16/><N who="1" m="10375" /><E52/><V9/><F9/><W53/><G53/><T56/><REACH who="0" step="1"/><D43/><REACH who="0" ten="240,250,250,250" step="2"/><U19/><N who="1" m="1024" /><DORA hai="35" /><U130/><E130/><V81/><F29/><W10/><G18/><T39/><D39/><U50/><E30/><V104/><F41/><W113/><G10/><T42/><D42/><U36/><E36/><V102/><F38/><W2/><G2/><T101/><D101/><U103/><E103/><V51/><F102/><W85/><G26/><T120/><D120/><U48/><E34/><V115/><F20/><W25/><G25/><T24/><D24/><N who="1" m="14463" /><E119/><V108/><F22/><W66/><G27/><T68/><D68/><U69/><E117/><V63/><F108/><W109/><G109/><T118/><D118/><U28/><E69/><V3/><F3/><W92/><G14/><T32/><D32/><U45/><E28/><V59/><F104/><W100/><G13/><T122/><D122/><U105/><E105/><V64/><F115/><RYUUKYOKU ba="0,1" sc="240,15,250,15,250,-15,250,-15" hai0="40,47,49,55,56,61,76,77,82,86,90,91,95" hai1="45,48,50,54" /><INIT seed="0,1,1,5,1,83" ten="255,265,235,235" oya="0" hai0="31,112,81,42,50,68,69,76,109,44,103,11,24" hai1="38,6,12,115,27,78,113,17,64,106,95,56,65" hai2="74,114,18,37,35,127,128,9,122,14,8,3,77" hai3="7,32,131,53,62,101,134,30,20,45,59,26,133"/><T63/><D112/><N who="1" m="43083" /><E106/><V28/><F114/><W72/><G72/><T93/><D109/><U41/><E78/><V39/><F122/><W91/><G131/><T25/><D11/><N who="1" m="4215" /><E56/><V21/><F127/><W33/><G101/><T119/><D119/><U66/><E95/><V2/><F128/><W132/><G7/><T124/><D124/><U94/><E94/><V100/><F100/><W60/><G60/><T135/><D135/><U97/><E97/><V129/><F129/><W104/><G104/><T15/><D15/><U0/><E0/><V48/><F2/><W121/><G121/><T54/><D42/><U126/><E126/><V52/><F77/><W108/><G108/><T98/><D63/><U57/><E57/><N who="2" m="32903" /><F74/><W118/><G118/><T89/><D103/><U4/><E4/><N who="2" m="1055" /><F9/><W51/><REACH who="3" step="1"/><G91/><REACH who="3" ten="255,265,235,225" step="2"/><T10/><D89/><U120/><E120/><V75/><F75/><W86/><G86/><T102/><D102/><U92/><E65/><AGARI ba="1,2" hai="20,26,30,32,33,45,51,53,59,62,65,132,133,134" machi="65" ten="40,2600,0" yaku="1,1,20,1,53,0" doraHai="83" doraHaiUra="73" who="3" fromWho="1" sc="255,0,265,-29,235,0,225,49" /><INIT seed="1,0,0,5,3,62" ten="255,236,235,274" oya="1" hai0="85,22,54,11,113,19,67,0,58,79,16,24,103" hai1="47,21,109,72,135,1,93,9,23,42,49,61,56" hai2="96,63,134,123,2,8,17,107,99,108,50,82,124" hai3="119,65,55,132,125,115,73,70,133,100,74,44,94"/><U121/><E121/><V77/><F123/><W10/><G115/><T31/><D113/><U35/><E35/><V38/><F38/><W81/><G125/><T128/><D128/><U118/><E118/><V76/><F124/><W29/><G119/><T78/><D103/><U30/><E109/><V88/><F108/><W86/><G29/><T80/><D79/><U5/><E135/><N who="3" m="51786" /><G10/><T75/><D75/><U40/><E72/><V52/><F134/><W120/><G120/><T57/><D0/><U37/><E30/><V110/><F110/><W15/><G15/><T64/><D57/><U4/><E4/><V39/><F39/><W129/><G129/><T105/><D105/><U83/><E83/><V6/><F63/><N who="3" m="40255" /><G94/><T122/><D122/><U95/><E42/><V117/><F117/><W68/><G100/><T32/><D11/><U25/><E37/><V98/><F107/><W112/><G68/><T97/><D97/><U89/><E25/><V116/><F17/><N who="0" m="6730" /><D32/><U18/><E18/><V69/><F69/><W101/><G101/><T7/><D7/><U20/><REACH who="1" step="1"/><E89/><REACH who="1" ten="255,226,235,274" step="2"/><V3/><F116/><W46/><G112/><T126/><D126/><U60/><E60/><AGARI ba="0,1" hai="22,24,31,54,58,60,64,67,78,80,85" m="6730" machi="60" ten="30,7700,0" yaku="8,1,52,2,54,1" doraHai="62" who="0" fromWho="1" sc="255,87,226,-77,235,0,274,0" /><INIT seed="2,0,0,0,2,34" ten="342,149,235,274" oya="2" hai0="39,61,23,83,7,36,46,66,3,69,52,35,48" hai1="131,126,103,15,57,109,54,90,129,123,74,21,26" hai2="44,76,71,105,96,4,84,51,25,22,17,53,87" hai3="5,130,80,45,0,68,50,59,107,121,72,16,117"/><V27/><F71/><W49/><G121/><T110/><D35/><U81/><E123/><V58/><F4/><W102/><G68/><T85/><D110/><U115/><E115/><V2/><F2/><W128/><G117/><T33/><D33/><U86/><E109/><V119/><F119/><W32/><G32/><T60/><D23/><U122/><E122/><V133/><F133/><W101/><G59/><T20/><D20/><U63/><E126/><V42/><F25/><W77/><G49/><T75/><D75/><U67/><E74/><V18/><F18/><W93/><G107/><T89/><REACH who="0" step="1"/><D61/><REACH who="0" ten="332,149,235,274" step="2"/><U30/><E15/><V114/><F114/><W104/><G72/><T92/><D92/><U98/><REACH who="1" step="1"/><E54/><REACH who="1" ten="332,139,235,274" step="2"/><V55/><F55/><W91/><G128/><T70/><D70/><U82/><E82/><V79/><F53/><W111/><G80/><T6/><D6/><U14/><E14/><V95/><F27/><W37/><G130/><T8/><AGARI ba="0,2" hai="3,7,8,36,39,46,48,52,60,66,69,83,85,89" machi="8" ten="30,7900,0" yaku="1,1,0,1,52,1,54,1,53,0" doraHai="34" doraHaiUra="125" who="0" fromWho="0" sc="332,99,139,-20,235,-39,274,-20" /><INIT seed="3,0,0,4,2,123" ten="431,119,196,254" oya="3" hai0="41,2,68,53,98,52,131,115,134,130,32,54,61" hai1="40,55,18,44,50,15,103,63,114,91,70,36,83" hai2="105,129,0,101,60,82,56,66,30,46,133,19,3" hai3="22,17,33,90,128,24,122,86,112,4,28,42,74"/><W37/><G112/><T99/><D2/><U77/><E114/><V92/><F105/><W72/><G128/><N who="0" m="49195" /><D32/><U11/><E103/><V69/><F129/><W48/><G37/><T67/><D115/><U111/><E91/><V57/><F30/><W71/><G71/><T132/><D41/><U20/><E70/><V127/><F133/><AGARI ba="0,0" hai="52,53,54,61,67,68,98,99,132,133,134" m="49195" machi="133" ten="40,5200,0" yaku="20,1,19,1,54,1" doraHai="123" who="0" fromWho="2" sc="431,52,119,0,196,-52,254,0" owari="483,58.3,119,-38.1,144,-25.6,254,5.4" /></mjloggm>