<mjloggm ver="2.3"><GO type="225" lobby="0"/><UN n0="%E3%81%BF%E3%81%BF%E3%81%9A" n1="%E3%83%AB%E3%83%9B%E3%83%B3%E3%83%87%E3%82%A3%E3%82%A8" n2="%72%65%6E%6B%75%6E" n3="%E3%82%B2%E3%82%B9%E8%8C%82%E5%8B%9D" dan="17,17,17,16" rate="2216.52,2179.06,2207.01,2124.15" sx="M,M,M,F"/><TAIKYOKU oya="0"/><INIT seed="0,0,0,4,2,93" ten="250,250,250,250" oya="0" hai0="49,58,108,126,36,28,43,89,100,99,76,135,128" hai1="77,9,61,45,29,85,118,106,94,122,26,8,69" hai2="6,68,78,75,116,7,48,19,50,109,91,4,92" hai3="115,59,86,103,12,98,71,57,129,35,70,123,10"/><T38/><D126/><U112/><E106/><V101/><F109/><W121/><G115/><T60/><D76/><U114/><E118/><V55/><F68/><N who="3" m="26155" /><G35/><T65/><D108/><U134/><E122/><N who="3" m="46602" /><G86/><T27/><D128/><U5/><E85/><V14/><F101/><W56/><G129/><T97/><D135/><U53/><E134/><V79/><F75/><W16/><G56/><T82/><D49/><N who="2" m="19050" /><F55/><W0/><G0/><T102/><D89/><U3/><E53/><V67/><F67/><W52/><G52/><T22/><D82/><U42/><E3/><V17/><F116/><W2/><G2/><T80/><D80/><U44/><E69/><V66/><F66/><W74/><G74/><T111/><D111/><U64/><E64/><V81/><F81/><W47/><G47/><T83/><D83/><U107/><E45/><V84/><F14/><W21/><G10/><T30/><D43/><U54/><E9/><V63/><F63/><W117/><G117/><T31/><D36/><U96/><E8/><V33/><F33/><W11/><G11/><T110/><D38/><U132/><E61/><V23/><F23/><W125/><G125/><T46/><D46/><U41/><E44/><V25/><F25/><W1/><G1/><T40/><D40/><U87/><E41/><V119/><F119/><W88/><G88/><T105/><D110/><U131/><E42/><V120/><F120/><W133/><G133/><T15/><D15/><U20/><E132/><V124/><F124/><W90/><G90/><T130/><D130/><U104/><E131/><V34/><F34/><RYUUKYOKU ba="0,0" sc="250,10,250,-30,250,10,250,10" hai0="22,27,28,30,31,58,60,65,97,99,100,102,105" hai2="4,6,7,17,19,78,79,84,91,92" hai3="12,16,21,57,59,98,103" /><INIT seed="0,1,0,3,4,39" ten="260,220,260,260" oya="0" hai0="57,107,79,132,48,98,129,6,1,72,41,63,18" hai1="112,47,16,85,124,21,78,10,49,17,121,68,65" hai2="89,45,28,66,113,38,127,116,67,102,96,120,122" hai3="37,119,90,44,25,60,114,7,3,134,24,87,109"/><T95/><D107/><U103/><E121/><V26/><F113/><W58/><G114/><T40/><D129/><U130/><E130/><V27/><F89/><W111/><G119/><T19/><D132/><U128/><E128/><V36/><F45/><W94/><G134/><T64/><D1/><U76/><E124/><V2/><F2/><W35/><G7/><T56/><D6/><U61/><E103/><V54/><F54/><W69/><G69/><T110/><D72/><U86/><E112/><V52/><F52/><N who="3" m="33863" /><G3/><T81/><D110/><N who="3" m="41993" /><G35/><T22/><D81/><U92/><E10/><V71/><F71/><W62/><G62/><N who="0" m="37959" /><D48/><U5/><E5/><V70/><F70/><W73/><G73/><T75/><D79/><U93/><E17/><N who="0" m="6153" /><D75/><U84/><E76/><V32/><F38/><W88/><G90/><N who="0" m="55671" /><D22/><U126/><E78/><V100/><F36/><W131/><G131/><T43/><D43/><AGARI ba="1,0" hai="24,25,37,43,44,87,88,94" m="41993,33863" machi="43" ten="30,7700,0" yaku="14,1,52,1,54,2" doraHai="39" who="3" fromWho="0" sc="260,-80,220,0,260,0,260,80" /><INIT seed="1,0,0,2,1,132" ten="180,220,260,340" oya="1" hai0="88,113,44,47,130,55,94,38,22,78,67,14,3" hai1="54,27,18,0,71,11,112,106,129,72,60,100,39" hai2="33,128,16,37,36,81,4,45,48,99,133,62,117" hai3="93,61,95,134,98,114,50,46,83,65,75,7,123"/><U131/><E72/><V91/><F33/><W31/><G134/><T26/><D3/><U23/><E39/><V51/><F117/><W5/><G114/><T15/><D113/><U76/><E76/><V24/><F133/><W58/><G123/><T66/><D78/><U57/><E112/><V32/><F4/><W8/><G31/><T77/><D77/><U28/><E71/><V127/><F127/><W90/><G83/><T52/><D130/><U125/><E106/><V56/><F128/><N who="1" m="49225" /><E100/><V41/><F37/><W115/><G75/><T89/><D38/><U126/><E0/><V29/><F16/><W12/><G115/><T9/><D22/><N who="1" m="15479" /><E11/><V34/><F32/><W96/><G5/><T119/><D119/><U116/><E116/><V74/><F74/><W69/><G69/><T105/><D105/><U109/><E109/><V120/><F120/><W97/><REACH who="3" step="1"/><G93/><REACH who="3" ten="180,220,260,330" step="2"/><T10/><D26/><AGARI ba="0,1" hai="18,23,26,54,57,60,125,126" m="15479,49225" machi="26" ten="30,5800,0" yaku="19,1,52,2" doraHai="132" who="1" fromWho="0" sc="180,-58,220,68,260,0,330,0" /><INIT seed="1,1,0,5,5,100" ten="122,288,260,330" oya="1" hai0="40,77,43,62,27,46,118,4,28,13,116,19,96" hai1="81,128,95,105,56,20,37,10,30,84,119,131,50" hai2="24,51,44,57,36,90,14,109,93,45,82,59,134" hai3="3,83,85,86,126,135,75,112,49,92,99,1,110"/><U5/><E105/><V60/><F109/><W18/><G110/><T73/><D40/><U41/><E37/><V98/><F134/><W64/><G135/><T88/><D4/><U114/><E114/><V68/><F68/><W2/><G112/><T80/><D62/><U67/><E119/><V125/><F125/><W103/><G126/><T52/><D13/><U55/><E41/><V71/><F71/><W9/><G64/><T117/><D19/><U74/><E74/><V106/><F106/><W11/><G49/><T122/><D122/><U78/><E67/><V12/><F36/><W124/><G124/><T107/><D52/><U35/><E35/><V94/><F82/><W69/><G69/><T66/><D66/><U70/><E70/><V129/><F24/><W39/><G39/><T15/><D15/><U16/><E95/><V91/><F129/><W72/><G18/><T132/><D132/><U102/><E102/><V34/><F98/><W101/><G3/><T97/><D88/><U7/><E30/><V54/><F34/><W121/><G121/><T76/><D76/><U111/><E111/><V22/><F22/><W130/><G130/><N who="1" m="49706" /><E10/><V53/><REACH who="2" step="1"/><F51/><REACH who="2" ten="122,288,250,330" step="2"/><W104/><G104/><T65/><D107/><U42/><E42/><V25/><F25/><AGARI ba="1,1" hai="5,7,16,20,25,50,55,56,78,81,84" m="49706" machi="25" ten="30,2900,0" yaku="19,1,54,1" doraHai="100" who="1" fromWho="2" sc="122,0,288,42,250,-32,330,0" /><INIT seed="1,2,0,3,5,103" ten="122,330,218,330" oya="1" hai0="67,94,46,101,68,5,97,37,27,106,7,132,12" hai1="80,28,73,14,57,105,88,107,62,90,125,85,51" hai2="58,41,10,131,114,77,126,47,3,82,11,2,92" hai3="130,75,19,26,24,99,50,108,127,123,45,60,64"/><U110/><E125/><V56/><F126/><W74/><G127/><T33/><D132/><U61/><E110/><V21/><F131/><W84/><G108/><T53/><D12/><U111/><E111/><V48/><F114/><W98/><G130/><T18/><D94/><U35/><E73/><V43/><F21/><W59/><G123/><T134/><D134/><U124/><E124/><V16/><F92/><W135/><G135/><T66/><D18/><U38/><E38/><V39/><F39/><W9/><G74/><T116/><D67/><U13/><E51/><V91/><F91/><W31/><G75/><T121/><D116/><U81/><E35/><V25/><F43/><W15/><G84/><T20/><D20/><U112/><E28/><V42/><F25/><N who="3" m="9835" /><G31/><N who="0" m="19711" /><D121/><U115/><E57/><V71/><F71/><W17/><G17/><T113/><D113/><U32/><E32/><V104/><F16/><W119/><G119/><T86/><D86/><AGARI ba="2,0" hai="13,14,61,62,80,81,85,86,88,90,105,107,112,115" machi="86" ten="25,12000,1" yaku="22,2,52,2,54,1" doraHai="103" who="1" fromWho="0" sc="122,-126,330,126,218,0,330,0" owari="-4,-50.4,456,55.6,218,-18.2,330,13.0" /></mjloggm>