<mjloggm ver="2.3"><GO type="225" lobby="0"/><UN n0="%E3%81%91%E3%83%BC%E3%81%9E%E3%81%88" n1="%E5%A4%96%E5%B7%9D%E7%AB%9C%E6%88%90" n2="%73%6C%69%63%6B%33%31%39" n3="%E6%80%AA%E3%81%97%E3%81%99%E3%81%8E%E3%82%8B%E3%83%81%E3%83%BC" dan="16,16,16,16" rate="2184.57,2236.93,2153.76,2146.20" sx="M,M,M,M"/><TAIKYOKU oya="0"/><INIT seed="0,0,0,1,0,9" ten="250,250,250,250" oya="0" hai0="104,33,11,63,122,57,94,119,12,25,107,75,106" hai1="90,81,73,101,16,61,100,131,118,74,93,28,68" hai2="113,29,56,7,54,129,31,123,40,26,82,60,88" hai3="66,78,117,1,21,125,97,87,85,134,2,121,37"/><T110/><D119/><U112/><E118/><V114/><F123/><W18/><G117/><T3/><D122/><U98/><E131/><V128/><F40/><W55/><G37/><T34/><D75/><U39/><E39/><V105/><F105/><W42/><G121/><T8/><D110/><U76/><E112/><V130/><F7/><W77/><G42/><T14/><D94/><U99/><E28/><V120/><F120/><W79/><G125/><T22/><D34/><U64/><E74/><V132/><F132/><W95/><G66/><T5/><D33/><U23/><REACH who="1" step="1"/><E98/><REACH who="1" ten="250,240,250,250" step="2"/><V72/><F72/><W116/><G116/><T108/><D108/><U53/><E53/><V124/><F124/><W69/><G55/><T70/><D70/><U58/><E58/><V111/><F111/><W19/><G69/><T44/><D44/><U49/><E49/><V15/><F113/><W6/><G97/><T96/><D96/><U4/><E4/><V102/><F114/><W36/><G6/><T84/><D84/><U38/><E38/><V62/><F62/><W45/><G87/><T52/><REACH who="0" step="1"/><D8/><REACH who="0" ten="240,240,250,250" step="2"/><U103/><E103/><V0/><F102/><W20/><G85/><T65/><D65/><U30/><E30/><AGARI ba="0,2" hai="3,5,11,12,14,22,25,30,52,57,63,104,106,107" machi="30" ten="40,12000,1" yaku="1,1,52,2,54,1,53,0" doraHai="9" doraHaiUra="67" who="0" fromWho="1" sc="240,140,240,-120,250,0,250,0" /><INIT seed="0,1,0,2,1,34" ten="380,120,250,250" oya="0" hai0="116,10,30,63,112,40,9,19,58,29,39,127,124" hai1="32,89,113,115,15,23,8,109,83,68,59,79,16" hai2="87,75,131,129,108,66,3,98,71,65,17,91,2" hai3="62,82,74,105,46,7,84,37,72,36,70,50,88"/><T20/><D116/><U99/><E68/><V13/><F75/><W26/><G105/><T27/><D112/><N who="1" m="43083" /><E59/><V97/><F108/><W101/><G101/><T103/><D39/><U35/><E99/><N who="2" m="37899" /><F71/><W24/><G7/><T96/><D40/><U41/><E41/><V85/><F65/><W44/><G37/><T69/><D69/><U107/><E107/><V135/><F66/><W123/><G123/><T55/><D9/><U61/><E61/><V90/><F135/><W38/><G38/><T25/><D10/><U45/><E45/><V48/><F48/><W92/><G44/><T78/><D78/><U102/><E102/><V52/><F52/><W14/><G36/><T77/><D77/><U28/><E89/><N who="2" m="33803" /><F13/><W114/><G14/><T128/><D103/><U110/><E83/><V122/><F17/><W18/><G114/><T104/><D104/><U118/><E79/><V53/><F53/><W4/><G82/><T67/><D63/><U43/><E43/><V6/><F6/><W133/><G4/><T81/><D55/><U94/><E94/><V73/><F73/><N who="3" m="28267" /><G18/><T56/><D81/><U11/><E118/><V93/><F93/><W12/><G62/><T31/><D19/><U119/><E119/><V121/><F122/><W51/><G70/><T0/><D58/><U49/><E49/><N who="3" m="18442" /><G46/><T47/><D56/><U120/><E120/><V132/><F121/><W111/><G92/><T95/><D47/><U5/><E8/><V57/><F57/><W126/><G88/><T21/><D95/><U60/><E60/><V54/><F54/><W86/><G84/><RYUUKYOKU ba="1,0" sc="380,0,120,0,250,0,250,0" /><INIT seed="1,2,0,0,0,6" ten="380,120,250,250" oya="1" hai0="93,101,114,11,122,58,121,70,7,104,91,46,78" hai1="50,102,28,126,86,73,18,80,81,83,106,38,90" hai2="118,2,115,15,53,29,72,135,68,48,75,63,39" hai3="97,98,117,108,110,84,127,132,4,61,111,82,71"/><U125/><E38/><V116/><F2/><W33/><G33/><T9/><D70/><U31/><E50/><V42/><F29/><W45/><G127/><N who="1" m="48650" /><E31/><V57/><F75/><W79/><G132/><T25/><D25/><U32/><E32/><V89/><F72/><W94/><G117/><T74/><D7/><U96/><E18/><V8/><F135/><W131/><G131/><T20/><D20/><U23/><E23/><V17/><F115/><W43/><G94/><T92/><D114/><U19/><E19/><V1/><F1/><W41/><G4/><T85/><D58/><U67/><E67/><V26/><F26/><W62/><G43/><T65/><D46/><U59/><E59/><V35/><F35/><W24/><G24/><T30/><D65/><U55/><E55/><V10/><F10/><W66/><REACH who="3" step="1"/><G62/><REACH who="3" ten="380,120,250,240" step="2"/><T47/><D93/><N who="1" m="54487" /><E28/><V99/><F63/><W100/><G100/><T129/><D101/><U54/><E54/><V21/><F42/><W60/><G60/><T49/><D30/><U119/><E119/><V14/><F116/><W13/><G13/><T113/><D113/><U107/><E107/><V12/><F118/><W51/><AGARI ba="2,1" hai="41,45,51,61,66,71,79,82,84,97,98,108,110,111" machi="51" ten="30,4000,0" yaku="1,1,0,1,14,1,53,0" doraHai="6" doraHaiUra="112" who="3" fromWho="3" sc="380,-12,120,-22,250,-12,240,56" /><INIT seed="2,0,0,4,4,132" ten="368,98,238,296" oya="2" hai0="66,23,76,77,21,131,92,27,104,91,98,69,46" hai1="90,52,73,125,101,82,114,5,89,33,129,123,6" hai2="75,96,94,51,97,133,17,127,67,60,15,74,85" hai3="64,13,106,86,103,14,53,31,40,2,20,107,61"/><V95/><F133/><W65/><G2/><T24/><D131/><U117/><E114/><V78/><F127/><W19/><G40/><T87/><D69/><U12/><E117/><V63/><F51/><W108/><G108/><T124/><D66/><U71/><E71/><V38/><F38/><W88/><G31/><N who="0" m="17807" /><D124/><U1/><E1/><V118/><F118/><W105/><G103/><N who="0" m="60871" /><D104/><U119/><E119/><V112/><F112/><W93/><REACH who="3" step="1"/><G14/><REACH who="3" ten="368,98,238,286" step="2"/><T42/><D42/><U102/><E12/><V4/><F15/><W7/><G7/><T57/><D46/><U130/><E123/><V9/><F4/><W50/><G50/><T116/><D116/><U41/><E41/><V55/><F17/><W110/><G110/><T84/><D57/><AGARI ba="0,1" hai="13,19,20,53,57,61,64,65,86,88,93,105,106,107" machi="57" ten="40,2600,0" yaku="1,1,54,1,53,0" doraHai="132" doraHaiUra="135" who="3" fromWho="0" sc="368,-26,98,0,238,0,286,36" /><INIT seed="3,0,0,3,3,71" ten="342,98,238,322" oya="3" hai0="111,70,34,129,47,68,54,20,99,42,23,81,30" hai1="87,82,73,27,116,53,66,107,122,110,131,19,76" hai2="133,72,103,74,4,1,134,35,88,14,3,75,37" hai3="8,101,123,45,59,119,108,15,97,40,127,94,9"/><W65/><G119/><T41/><D111/><U91/><E66/><V120/><F14/><W38/><G123/><T121/><D121/><U93/><E53/><V67/><F67/><W49/><G108/><T26/><D129/><U126/><E19/><V31/><F103/><W33/><G127/><T48/><D99/><U39/><E27/><V77/><F120/><W46/><G33/><T17/><D23/><U124/><E122/><V16/><F77/><W13/><G13/><T32/><D34/><U51/><E51/><V69/><F69/><W92/><G92/><T64/><D81/><U63/><E63/><V10/><F1/><W12/><G12/><T43/><REACH who="0" step="1"/><D64/><REACH who="0" ten="332,98,238,322" step="2"/><U114/><E110/><V50/><F50/><W44/><G9/><T115/><D115/><U0/><E0/><V113/><F113/><W6/><G38/><T79/><D79/><U128/><E114/><V80/><F37/><W25/><G25/><AGARI ba="0,1" hai="17,20,25,26,30,32,41,42,43,47,48,54,68,70" machi="25" ten="40,1300,0" yaku="1,1,53,0" doraHai="71" doraHaiUra="60" who="0" fromWho="3" sc="332,23,98,0,238,0,322,-13" owari="355,45.5,98,-40.2,238,-16.2,309,10.9" /></mjloggm>