<mjloggm ver="2.3"><GO type="225" lobby="0"/><UN n0="%74%61%6B%65%2D%79%6F%75" n1="%E7%B4%94%E6%BD%94%E3%83%94%E3%83%A9%E3%83%8B%E3%82%A2" n2="%6D%75%75%6D%75%72%61" n3="%E3%81%82%E3%81%99%E3%81%AB%E3%82%83%E3%82%80" dan="17,17,16,16" rate="2129.25,2226.46,2220.19,2059.16" sx="M,M,F,F"/><TAIKYOKU oya="0"/><INIT seed="0,0,0,1,3,65" ten="250,250,250,250" oya="0" hai0="37,25,15,50,55,30,68,97,103,101,123,107,57" hai1="80,58,19,116,43,40,67,83,32,0,118,28,31" hai2="78,77,92,51,95,24,79,119,42,17,86,66,85" hai3="44,96,133,54,87,7,100,69,132,64,41,88,117"/><T35/><D123/><U91/><E0/><V94/><F94/><W131/><G117/><T4/><D37/><U59/><E67/><V111/><F111/><W38/><G7/><T53/><D103/><U56/><E56/><V82/><F119/><W115/><G115/><T120/><D120/><U72/><E72/><V104/><F104/><W36/><G131/><T62/><D4/><U61/><E32/><V45/><F66/><W23/><G23/><T29/><D29/><U34/><E34/><V11/><F85/><W114/><G54/><T10/><D68/><U60/><REACH who="1" step="1"/><E19/><REACH who="1" ten="250,240,250,250" step="2"/><V9/><F17/><W113/><G114/><T52/><D62/><U110/><E110/><V90/><F45/><W13/><G113/><T105/><REACH who="0" step="1"/><D107/><REACH who="0" ten="240,240,250,250" step="2"/><U99/><E99/><V109/><F109/><W122/><G96/><T16/><AGARI ba="0,2" hai="10,15,16,25,30,35,50,52,53,55,57,97,101,105" machi="16" ten="20,18000,2" yaku="1,1,2,1,0,1,7,1,54,2,53,0" doraHai="65" doraHaiUra="18" who="0" fromWho="0" sc="240,200,240,-60,250,-60,250,-60" /><INIT seed="0,1,0,1,0,30" ten="440,180,190,190" oya="0" hai0="47,29,9,127,71,96,128,43,93,31,8,7,69" hai1="32,100,116,23,33,17,16,85,111,42,40,104,118" hai2="1,63,98,55,35,57,70,34,80,44,25,65,37" hai3="36,103,6,20,39,120,52,38,123,19,21,81,86"/><T75/><D75/><U46/><E104/><V28/><F1/><W22/><G103/><T76/><D128/><U88/><E100/><V56/><F80/><W94/><G6/><T97/><D127/><U53/><E53/><V125/><F125/><W74/><G19/><T130/><D130/><U54/><E54/><V72/><F72/><W5/><G5/><T0/><D76/><U110/><E17/><V10/><F10/><W95/><G74/><T132/><D132/><U112/><E112/><V49/><F98/><W60/><G60/><T50/><D9/><U117/><E46/><V91/><F91/><W79/><REACH who="3" step="1"/><G52/><REACH who="3" ten="440,180,190,180" step="2"/><T27/><D7/><U77/><E42/><N who="2" m="22607" /><F57/><W18/><G18/><T3/><D71/><U113/><E40/><V82/><F82/><W134/><G134/><T2/><D43/><U131/><E131/><V84/><F84/><W135/><G135/><T78/><D69/><U90/><E85/><V124/><F124/><W105/><G105/><T121/><D96/><U102/><E102/><V83/><F83/><W58/><G58/><T126/><D97/><U4/><E4/><V45/><F45/><W114/><G114/><T67/><D47/><U48/><E113/><V108/><F108/><W15/><G15/><T68/><D68/><U87/><E111/><V129/><F129/><W14/><G14/><T24/><D2/><U66/><E110/><V62/><F62/><W89/><G89/><T12/><D3/><U13/><E90/><V107/><F107/><W119/><G119/><T73/><D0/><U133/><E133/><V122/><F122/><AGARI ba="1,1" hai="20,21,22,36,38,39,79,81,86,94,95,120,122,123" machi="122" ten="50,6400,0" yaku="1,1,6,1,13,1,53,0" doraHai="30" doraHaiUra="92" who="3" fromWho="2" sc="440,0,180,0,190,-67,180,77" /><INIT seed="1,0,0,0,2,124" ten="440,180,123,257" oya="1" hai0="131,22,90,36,112,111,118,5,17,42,55,53,107" hai1="23,41,33,85,96,109,59,92,93,100,8,47,108" hai2="130,77,80,119,43,91,83,31,7,97,89,13,113" hai3="102,127,106,135,110,16,129,35,98,104,49,38,67"/><U73/><E33/><V123/><F119/><W78/><G38/><T51/><D118/><U3/><E73/><V115/><F123/><W62/><G127/><T101/><D112/><N who="2" m="43082" /><F43/><W56/><G110/><N who="1" m="42602" /><E59/><V54/><F31/><W81/><G35/><T88/><D111/><U45/><E23/><V66/><F66/><W99/><G135/><T65/><D65/><U29/><E29/><V0/><F0/><W70/><G129/><T11/><D131/><U18/><E18/><V116/><F116/><W134/><G134/><T125/><D17/><U28/><E28/><V30/><F30/><W76/><G16/><T61/><D22/><U19/><E19/><V122/><F122/><W79/><G49/><T64/><D51/><U132/><E132/><V21/><F77/><W20/><G20/><T24/><D125/><U126/><E41/><V2/><F2/><W14/><G14/><T12/><D12/><U15/><E15/><V9/><F21/><W71/><REACH who="3" step="1"/><G81/><REACH who="3" ten="440,180,123,247" step="2"/><N who="2" m="31305" /><F130/><W86/><G86/><T57/><D42/><U114/><E126/><V10/><F10/><W94/><G94/><T48/><D11/><U32/><E114/><V74/><F74/><W1/><G1/><T58/><D36/><U63/><E32/><V40/><F40/><W68/><G68/><T105/><D48/><U72/><E72/><V84/><F84/><W25/><G25/><T82/><D24/><U39/><E39/><V87/><F87/><W60/><G60/><T128/><D61/><U6/><E63/><V27/><F27/><W121/><G121/><T4/><D128/><U37/><E37/><RYUUKYOKU ba="0,1" sc="440,-15,180,15,123,-15,247,15" hai1="3,6,8,45,47,85,92,93,96,100" hai3="56,62,67,70,71,76,78,79,98,99,102,104,106" /><INIT seed="1,1,1,4,2,38" ten="425,195,108,262" oya="1" hai0="11,46,39,98,44,10,96,117,112,33,84,125,74" hai1="13,66,132,73,93,61,40,116,99,48,63,109,2" hai2="5,1,127,60,68,80,52,121,91,23,53,27,24" hai3="45,16,32,19,67,70,123,28,64,20,18,128,41"/><U25/><E2/><V95/><F121/><W3/><G3/><T110/><D112/><U31/><E73/><V86/><F127/><W6/><G6/><T35/><D117/><U37/><E37/><V56/><F68/><W113/><G123/><T87/><D39/><U34/><E116/><V89/><F23/><W88/><G113/><T54/><D54/><U131/><E131/><V119/><F119/><W42/><G128/><T124/><D74/><U105/><E132/><V130/><F130/><W71/><G32/><T29/><D29/><U51/><E63/><V12/><F1/><W49/><G71/><T47/><D47/><U81/><E81/><V72/><F53/><N who="3" m="29871" /><G88/><T75/><D75/><U62/><E62/><V101/><F101/><W108/><G108/><AGARI ba="1,1" hai="10,11,33,35,44,46,84,87,96,98,108,110,124,125" machi="108" ten="25,1600,0" yaku="22,2" doraHai="38" who="0" fromWho="3" sc="425,29,195,0,108,0,262,-19" /><INIT seed="2,0,0,2,2,57" ten="454,195,108,243" oya="2" hai0="71,124,107,47,22,119,121,28,15,101,20,33,73" hai1="88,7,135,46,63,97,17,100,83,30,99,113,96" hai2="10,98,93,50,120,85,1,42,16,49,8,114,26" hai3="60,35,41,65,122,125,31,112,48,118,0,34,108"/><V44/><F114/><W102/><G108/><T45/><D121/><U109/><E109/><V27/><F120/><W43/><G118/><T64/><D73/><U77/><E135/><V76/><F1/><W29/><G0/><T25/><D119/><U2/><E2/><V89/><F50/><W90/><G102/><T4/><D124/><U67/><E7/><V128/><F128/><W82/><G125/><T38/><D38/><U13/><E30/><V126/><F126/><W37/><G37/><T75/><D75/><U3/><E3/><V127/><F127/><W32/><G122/><T19/><D22/><U115/><E46/><V55/><F42/><W94/><G82/><T86/><D86/><U6/><E6/><V87/><F76/><W58/><G112/><T51/><D51/><U40/><E40/><V91/><F85/><W66/><G66/><T52/><D52/><U39/><E100/><V70/><F70/><W14/><G41/><T117/><D4/><U61/><E39/><V116/><F116/><W36/><G36/><T62/><D117/><U68/><E63/><V95/><REACH who="2" step="1"/><F16/><REACH who="2" ten="454,195,98,243" step="2"/><W92/><G43/><T53/><D71/><U59/><E68/><V21/><F21/><W111/><G48/><T78/><D20/><N who="1" m="11311" /><E77/><V134/><F134/><W12/><G34/><T23/><D78/><U105/><E105/><V104/><F104/><W69/><G32/><T130/><D33/><U24/><E24/><AGARI ba="0,1" hai="8,10,24,26,27,44,49,55,87,89,91,93,95,98" machi="24" ten="40,3900,0" yaku="1,1,8,1,53,0" doraHai="57" doraHaiUra="54" who="2" fromWho="1" sc="454,0,195,-39,98,49,243,0" /><INIT seed="2,1,0,2,2,128" ten="454,156,147,243" oya="2" hai0="1,5,4,124,77,2,133,43,15,13,20,71,47" hai1="69,30,64,63,19,12,66,52,80,103,118,104,135" hai2="93,70,46,27,129,89,72,117,61,62,40,22,94" hai3="122,58,73,60,97,99,59,107,56,42,49,87,54"/><V91/><F117/><W78/><G73/><T115/><D115/><U86/><E118/><V127/><F72/><W131/><G131/><T74/><D71/><U100/><E30/><V25/><F129/><W106/><G122/><T65/><D124/><U101/><E104/><V81/><F127/><W67/><G107/><T113/><D113/><U121/><E121/><V84/><F70/><W39/><G106/><T36/><D65/><U29/><E29/><V8/><F8/><W38/><G38/><T31/><D2/><U126/><E126/><V24/><F22/><W51/><G39/><T18/><D31/><U28/><E28/><V48/><REACH who="2" step="1"/><F81/><REACH who="2" ten="454,156,137,243" step="2"/><W55/><G42/><T119/><D43/><U37/><E69/><V95/><F95/><W76/><G76/><T96/><D77/><U75/><E80/><AGARI ba="1,1" hai="49,51,54,55,56,58,59,60,67,78,80,87,97,99" machi="80" ten="40,2600,0" yaku="9,1,8,1" doraHai="128" who="3" fromWho="1" sc="454,0,156,-29,137,0,243,39" /><INIT seed="3,0,0,3,1,60" ten="454,127,137,282" oya="3" hai0="67,32,52,94,79,21,84,106,90,105,38,127,71" hai1="77,109,55,119,48,14,93,102,118,113,0,83,28" hai2="30,96,122,2,8,33,35,80,65,123,103,36,125" hai3="124,34,9,62,88,43,74,20,95,49,82,13,41"/><W45/><G34/><T27/><D127/><U16/><E0/><V126/><F36/><W72/><G41/><T23/><D38/><U7/><E7/><N who="2" m="1143" /><F65/><W64/><G20/><T134/><D134/><U51/><E28/><V121/><F80/><W4/><G82/><T58/><D32/><N who="2" m="12362" /><F30/><W120/><G124/><T3/><D3/><U89/><E102/><V57/><F57/><W12/><G12/><T37/><D37/><U133/><E133/><V92/><AGARI ba="0,0" hai="92,96,103,121,122,123,125,126" m="12362,1143" machi="92" ten="40,1500,0" yaku="13,1" doraHai="60" who="2" fromWho="2" sc="454,-4,127,-4,137,15,282,-7" owari="450,55.0,123,-37.7,152,-24.8,275,7.5" /></mjloggm>