<mjloggm ver="2.3"><GO type="225" lobby="0"/><UN n0="%E9%9B%80%E6%A5%B5%E3%81%AE%E3%81%B8" n1="%E3%81%82%E3%80%81%E8%B2%A0%E3%81%91%E3%81%BE%E3%81%97%E3%81%9F" n2="%E7%99%BD%E6%97%A5%E9%9B%AA%E8%8F%9C" n3="%E3%83%97%E3%83%92" dan="16,16,16,16" rate="2130.38,2120.00,2182.13,2172.30" sx="M,M,F,M"/><TAIKYOKU oya="0"/><INIT seed="0,0,0,3,4,66" ten="250,250,250,250" oya="0" hai0="59,126,26,52,119,99,44,34,101,41,46,127,53" hai1="18,0,7,93,120,102,35,125,20,50,123,28,118" hai2="115,109,113,106,100,36,48,8,68,91,51,73,71" hai3="80,15,108,29,25,83,76,86,16,30,112,105,122"/><T62/><D119/><U9/><E118/><V70/><F36/><W95/><G112/><T133/><D133/><U57/><E125/><N who="0" m="47625" /><D53/><U1/><E1/><V79/><F79/><W129/><G105/><N who="0" m="63679" /><D41/><U77/><E77/><V117/><F73/><W88/><G129/><T103/><D103/><U39/><E39/><V14/><F117/><W42/><G108/><T31/><AGARI ba="0,0" hai="26,31,34,44,46,52,59,62" m="63679,47625" machi="31" ten="30,3000,0" yaku="18,1,54,1" doraHai="66" who="0" fromWho="0" sc="250,30,250,-10,250,-10,250,-10" /><INIT seed="0,1,0,0,1,37" ten="280,240,240,240" oya="0" hai0="125,25,79,42,6,1,48,87,73,27,65,52,21" hai1="116,3,69,35,67,123,30,31,11,85,94,17,9" hai2="133,99,46,10,128,106,12,89,113,53,51,127,59" hai3="75,26,132,96,29,91,78,114,103,45,62,124,117"/><T60/><D73/><U14/><E116/><V115/><F127/><W18/><G117/><T71/><D125/><U98/><E123/><V77/><F128/><W54/><G124/><T120/><D120/><U56/><E69/><V23/><F133/><W28/><G114/><T121/><D121/><U4/><E85/><V92/><F77/><W63/><G91/><T8/><D42/><U109/><E109/><V90/><F106/><W122/><G132/><T57/><REACH who="0" step="1"/><D21/><REACH who="0" ten="270,240,240,240" step="2"/><U80/><E35/><V93/><F23/><W41/><G41/><T43/><D43/><U34/><E34/><V95/><F113/><W68/><G75/><T13/><D13/><U101/><E80/><AGARI ba="1,1" hai="1,6,8,25,27,48,52,57,60,65,71,79,80,87" machi="80" ten="40,7700,0" yaku="1,1,54,1,53,1" doraHai="37" doraHaiUra="5" who="0" fromWho="1" sc="270,90,240,-80,240,0,240,0" /><INIT seed="0,2,0,5,3,53" ten="360,160,240,240" oya="0" hai0="7,35,105,38,114,55,60,3,2,66,90,126,26" hai1="111,92,96,87,48,94,40,133,106,107,54,135,71" hai2="57,97,59,131,10,15,31,121,36,102,103,8,84" hai3="62,119,85,49,34,72,0,21,51,22,24,64,68"/><T28/><D38/><U70/><E40/><V113/><F113/><W4/><G72/><T20/><D105/><N who="1" m="39947" /><E87/><V80/><F121/><W23/><G119/><T19/><D126/><U16/><E96/><V112/><F112/><W125/><G125/><T116/><D116/><U74/><E74/><V120/><F120/><W44/><G0/><T77/><D77/><U5/><E5/><V89/><F36/><W98/><G4/><T118/><D7/><U129/><E54/><V11/><F131/><W12/><G98/><T42/><D42/><U79/><E79/><V124/><F31/><W88/><G12/><T37/><D37/><U61/><E61/><V33/><F33/><W132/><G44/><T65/><D55/><U63/><E63/><V30/><F30/><W17/><G34/><T9/><D35/><U95/><E111/><V25/><F124/><W50/><REACH who="3" step="1"/><G132/><REACH who="3" ten="360,160,240,230" step="2"/><N who="1" m="50762" /><E129/><V104/><F103/><W73/><G73/><T110/><D114/><U123/><E123/><V6/><REACH who="2" step="1"/><F25/><REACH who="2" ten="360,160,230,230" step="2"/><W78/><G78/><T43/><D26/><U29/><E29/><V76/><F76/><W101/><G101/><T115/><D28/><U99/><E99/><V91/><F91/><W41/><G41/><T13/><D43/><U32/><E32/><V117/><F117/><W83/><AGARI ba="2,2" hai="17,21,22,23,24,49,50,51,62,64,68,83,85,88" machi="83" ten="30,4000,0" yaku="1,1,0,1,54,1,53,0" doraHai="53" doraHaiUra="127" who="3" fromWho="3" sc="360,-22,160,-12,230,-12,230,66" /><INIT seed="1,0,0,2,2,89" ten="338,148,218,296" oya="1" hai0="94,96,111,123,8,133,23,45,61,52,70,134,31" hai1="16,3,92,90,7,78,46,4,42,55,75,28,29" hai2="44,41,77,82,56,9,112,99,68,69,30,98,32" hai3="10,39,118,102,125,33,124,104,65,49,40,48,19"/><U54/><E75/><V120/><F120/><W131/><G33/><T11/><D111/><U84/><E78/><V130/><F130/><W1/><G1/><T81/><D123/><U35/><E3/><V66/><F112/><W22/><G131/><T73/><D70/><U58/><E35/><V71/><F30/><N who="1" m="11881" /><E54/><V83/><F32/><W115/><G10/><T27/><D81/><U76/><E76/><V63/><F9/><W67/><G39/><T24/><D24/><U51/><E16/><V88/><F82/><W17/><G118/><T34/><D73/><U37/><E37/><V113/><F113/><W79/><G79/><T127/><D127/><U116/><E116/><V97/><F77/><W117/><G117/><T57/><D45/><U53/><E42/><V74/><F74/><W59/><G40/><T86/><D86/><U6/><E4/><V18/><F18/><W108/><G115/><T126/><D126/><U0/><E0/><V21/><F21/><W110/><G22/><T91/><D34/><U129/><E129/><V132/><F132/><AGARI ba="0,0" hai="8,11,23,27,31,52,57,61,91,94,96,132,133,134" machi="132" ten="40,5200,0" yaku="20,1,52,1,54,1" doraHai="89" who="0" fromWho="2" sc="338,52,148,0,218,-52,296,0" /><INIT seed="2,0,0,2,0,108" ten="390,148,166,296" oya="2" hai0="129,57,34,46,134,66,126,78,117,53,91,84,25" hai1="114,109,121,96,101,47,102,39,92,38,59,31,132" hai2="133,49,62,115,60,110,8,131,28,69,3,89,104" hai3="116,103,7,107,125,111,20,0,42,63,32,71,51"/><V16/><F104/><W122/><G111/><T74/><D74/><U45/><E109/><V123/><F110/><W130/><G20/><T120/><D78/><U85/><E132/><V54/><F123/><W112/><G51/><T18/><D117/><U4/><E121/><V83/><F133/><W35/><G122/><T40/><D66/><U36/><E4/><V37/><F37/><W17/><G17/><T19/><D126/><U52/><E31/><V65/><F131/><W29/><G116/><T44/><D44/><U135/><E135/><V94/><F115/><W127/><G42/><T1/><D1/><U64/><E114/><V26/><F62/><W128/><G112/><T14/><D14/><U15/><E64/><V21/><F83/><W2/><G63/><T98/><D98/><U22/><E85/><V9/><F3/><N who="3" m="1067" /><G71/><T68/><D68/><U81/><E102/><V124/><F124/><N who="3" m="47691" /><G7/><T100/><D134/><U75/><E81/><V23/><F23/><W12/><G12/><T119/><D120/><U90/><E75/><V93/><F28/><W56/><G56/><T72/><D57/><U76/><E76/><V113/><F113/><W99/><G29/><T43/><D119/><U58/><E58/><V61/><F61/><W6/><G6/><T50/><D50/><N who="1" m="31127" /><E101/><V73/><F73/><W105/><G107/><T30/><D100/><U80/><E80/><V27/><F27/><W95/><G95/><N who="2" m="36361" /><F89/><W67/><G67/><T13/><D25/><U97/><E97/><V79/><F79/><W24/><G24/><T33/><D30/><U106/><E106/><RYUUKYOKU ba="0,0" sc="390,-30,148,10,166,10,296,10" hai1="15,22,36,38,39,45,47,90,92,96" hai2="8,9,16,21,26,49,54,60,65,69" hai3="32,35,99,103,105,128,130" /><INIT seed="2,1,0,2,0,42" ten="360,158,176,306" oya="2" hai0="101,109,97,129,21,6,43,34,36,98,133,37,93" hai1="112,5,35,41,85,12,74,82,4,84,134,91,38" hai2="108,64,14,31,70,122,106,24,87,32,107,49,110" hai3="60,73,92,47,8,77,57,3,95,83,76,10,54"/><V51/><F122/><W61/><G77/><T46/><D34/><U1/><E112/><V18/><F87/><W104/><G104/><T30/><D109/><N who="2" m="42090" /><F70/><W126/><G126/><T124/><D124/><U99/><E35/><V103/><F64/><W131/><G131/><T105/><D129/><U125/><E125/><V94/><F94/><W80/><G83/><T48/><D133/><U53/><E134/><V72/><F72/><W113/><G113/><T17/><D6/><U128/><E128/><V89/><F89/><W2/><G60/><T135/><D30/><U75/><E99/><N who="2" m="61823" /><F107/><W19/><G3/><T86/><D86/><U120/><E120/><V26/><F24/><W88/><G92/><T33/><D135/><U121/><E121/><V27/><F26/><W7/><G19/><T127/><D127/><U117/><E117/><V58/><F58/><W111/><G111/><T67/><D67/><U59/><E84/><V62/><F62/><W0/><G95/><T15/><D33/><U9/><E74/><V16/><F18/><W116/><G88/><AGARI ba="1,0" hai="15,17,21,36,37,43,46,48,88,93,97,98,101,105" machi="88" ten="30,3900,0" yaku="7,1,52,1,54,1" doraHai="42" who="0" fromWho="3" sc="360,42,158,0,176,0,306,-42" /><INIT seed="3,0,0,3,5,133" ten="402,158,176,264" oya="3" hai0="103,78,51,34,86,69,99,37,0,94,85,55,1" hai1="26,56,17,46,120,38,90,48,28,129,6,20,29" hai2="57,89,64,24,71,63,119,135,82,114,76,60,91" hai3="74,61,49,19,83,104,22,47,88,33,13,132,67"/><W52/><G132/><T25/><D37/><U79/><E120/><V77/><F119/><W14/><G33/><T107/><D69/><U9/><E129/><V87/><F135/><W31/><G104/><T108/><D108/><U116/><E116/><V23/><F91/><W44/><G31/><T125/><D78/><U32/><E38/><V113/><F113/><W11/><G74/><T5/><D5/><U7/><E79/><V128/><F128/><W112/><G44/><T18/><D85/><U81/><E56/><V118/><F114/><W109/><G112/><T27/><D27/><U98/><E29/><V35/><F35/><W110/><G83/><T50/><D50/><U121/><E121/><V43/><F43/><W127/><G127/><T45/><D125/><U58/><E58/><V54/><F118/><W8/><G88/><T72/><D72/><U101/><E101/><V70/><F71/><W105/><G105/><T97/><D86/><N who="1" m="50511" /><E98/><V131/><F131/><W117/><G117/><T115/><D25/><U68/><E68/><V30/><AGARI ba="0,0" hai="23,24,30,54,57,60,63,64,70,76,77,82,87,89" machi="30" ten="20,1500,0" yaku="0,1,7,1" doraHai="133" who="2" fromWho="2" sc="402,-4,158,-4,176,15,264,-7" owari="398,49.8,154,-34.6,191,-20.9,257,5.7" /></mjloggm>