<mjloggm ver="2.3"><GO type="225" lobby="0"/><UN n0="%28%EF%BF%A3%E2%96%BD%EF%BF%A3%29%CE%B4%E2%8C%92%E3%83%BB" n1="%E5%A4%96%E5%B7%9D%E7%AB%9C%E6%88%90" n2="%E3%83%A1%E3%82%AC%E3%83%87%E3%82%B8" n3="%E3%81%86%E3%83%BC%E3%81%B1%E3%83%BC" dan="16,16,16,16" rate="2101.63,2206.81,2078.09,2134.08" sx="M,M,F,M"/><TAIKYOKU oya="0"/><INIT seed="0,0,0,1,2,21" ten="250,250,250,250" oya="0" hai0="113,92,45,85,54,91,124,33,40,56,83,88,115" hai1="27,123,93,13,87,20,51,3,68,14,127,19,74" hai2="78,0,26,2,111,57,50,73,5,84,121,34,28" hai3="122,75,41,105,86,118,114,79,55,64,47,110,109"/><T120/><D33/><U10/><E123/><V102/><F121/><W35/><G118/><T117/><D124/><U108/><E74/><V44/><F73/><W25/><G114/><T89/><D117/><U63/><E127/><V15/><F57/><W36/><G122/><T82/><D120/><U11/><E108/><N who="3" m="41578" /><G105/><T18/><D18/><U12/><E3/><V77/><F102/><W100/><G100/><T59/><D83/><U101/><E51/><V80/><F77/><W6/><G75/><T61/><D59/><U104/><E104/><V128/><F128/><W130/><G130/><T62/><D62/><U8/><E68/><V48/><F48/><W135/><G135/><T125/><D125/><U129/><E129/><V17/><F111/><W69/><G6/><T71/><D71/><U94/><E63/><V43/><REACH who="2" step="1"/><F5/><REACH who="2" ten="250,250,240,250" step="2"/><W39/><G36/><T38/><REACH who="0" step="1"/><D91/><REACH who="0" ten="240,250,240,250" step="2"/><U76/><E101/><V60/><F60/><W30/><G69/><T49/><D49/><U98/><E76/><V116/><F116/><W97/><G79/><T67/><D67/><U72/><E72/><V99/><F99/><AGARI ba="0,2" hai="38,40,45,54,56,61,82,85,88,89,92,99,113,115" machi="99" ten="30,11600,0" yaku="1,1,7,1,54,1,53,1" doraHai="21" doraHaiUra="52" who="0" fromWho="2" sc="240,136,250,0,240,-116,250,0" /><INIT seed="0,1,0,0,2,6" ten="376,250,124,250" oya="0" hai0="79,31,67,53,111,106,37,84,38,108,78,0,65" hai1="68,29,15,104,52,7,44,3,17,9,49,40,102" hai2="124,58,105,61,97,123,101,135,41,99,72,110,107" hai3="16,4,43,20,76,112,103,51,19,12,54,1,80"/><T91/><D106/><U50/><E68/><V95/><F123/><W82/><G112/><T18/><D31/><U83/><E29/><V119/><F110/><N who="0" m="42026" /><D53/><U63/><E63/><V71/><F135/><W34/><G34/><T126/><D18/><U66/><E66/><N who="0" m="25097" /><D0/><U33/><E33/><V130/><F71/><W93/><G43/><T27/><D27/><U59/><E83/><V56/><F41/><W113/><G80/><N who="0" m="49543" /><D126/><U10/><E104/><V24/><F124/><W132/><G1/><T69/><D69/><U36/><E102/><V46/><F24/><W86/><G19/><T96/><D96/><U127/><E127/><V128/><F101/><W60/><G132/><T115/><D115/><U121/><E121/><V62/><F46/><W134/><G113/><T21/><D21/><U75/><E75/><V32/><F72/><W90/><G134/><T2/><D2/><U14/><E3/><V5/><F5/><W28/><G4/><T25/><D25/><U100/><REACH who="1" step="1"/><E100/><REACH who="1" ten="376,240,124,250" step="2"/><V23/><F32/><W129/><G28/><T45/><D79/><U92/><E92/><V109/><F109/><W26/><G103/><T35/><D78/><U89/><E89/><V64/><F95/><W70/><G70/><T118/><D35/><U47/><E47/><V77/><F64/><W55/><G60/><T87/><D45/><U122/><E122/><V116/><F77/><W85/><G26/><T133/><D133/><U48/><AGARI ba="1,1" hai="7,9,10,14,15,17,36,40,44,48,49,50,52,59" machi="48" ten="20,12000,2" yaku="1,1,0,1,7,1,52,2,54,1,53,0" doraHai="6" doraHaiUra="117" who="1" fromWho="1" sc="376,-61,240,133,124,-31,250,-31" /><INIT seed="1,0,0,0,2,132" ten="315,373,93,219" oya="1" hai0="50,2,86,78,95,38,130,96,13,39,87,77,10" hai1="1,79,121,7,29,21,18,4,74,30,55,118,22" hai2="54,46,102,16,70,129,93,11,60,24,107,5,97" hai3="44,73,100,59,103,69,131,94,82,116,31,115,127"/><U40/><E40/><V34/><F129/><W88/><G115/><T0/><D130/><U76/><E74/><V85/><F46/><W36/><G69/><T104/><D104/><U15/><E118/><V112/><F112/><W123/><G123/><T98/><D10/><U51/><E121/><V9/><F5/><N who="1" m="2121" /><E1/><V63/><F54/><W117/><G31/><N who="1" m="11786" /><E22/><V111/><F34/><W80/><G59/><AGARI ba="0,0" hai="15,18,21,51,55,59,76,79" m="11786,2121" machi="59" ten="30,1500,0" yaku="8,1" doraHai="132" who="1" fromWho="3" sc="315,0,373,15,93,0,219,-15" /><INIT seed="1,1,0,3,1,130" ten="315,388,93,204" oya="1" hai0="28,91,3,53,113,112,2,6,0,52,17,100,69" hai1="48,105,123,71,92,114,68,122,126,60,85,27,21" hai2="37,107,70,106,129,84,96,80,4,73,99,18,95" hai3="12,79,32,121,5,83,132,128,19,8,42,131,15"/><U7/><E114/><V61/><F37/><W67/><G121/><T135/><D69/><U38/><E38/><V35/><F35/><W90/><G32/><T59/><D6/><U40/><E105/><N who="2" m="39947" /><F18/><W34/><G34/><T65/><D100/><U97/><E7/><V9/><F61/><W36/><G90/><T20/><D28/><U54/><E126/><V29/><F9/><W56/><G42/><T78/><D78/><U33/><E85/><V39/><F29/><W13/><G36/><T111/><D65/><U76/><E40/><V74/><F70/><W87/><G15/><T55/><D59/><U10/><E76/><N who="2" m="46087" /><F4/><W58/><G67/><T1/><D91/><N who="1" m="55455" /><E10/><V63/><F63/><W25/><G25/><T82/><D2/><U134/><E33/><V50/><F50/><W81/><G58/><T104/><D104/><U57/><E48/><V124/><F39/><W108/><G56/><T127/><D3/><U89/><E89/><N who="2" m="55407" /><F124/><W103/><G5/><T72/><D1/><U43/><E43/><V102/><F129/><W116/><G128/><T98/><D0/><U125/><E125/><V26/><F26/><W11/><G8/><T86/><D127/><U77/><E68/><V93/><AGARI ba="1,0" hai="73,74,93,99,102" m="55407,46087,39947" machi="93" ten="30,8000,1" yaku="35,5" doraHai="130" who="2" fromWho="2" sc="315,-21,388,-41,93,83,204,-21" /><INIT seed="2,0,0,1,5,82" ten="294,347,176,183" oya="2" hai0="45,24,38,56,33,46,107,54,73,9,120,30,62" hai1="81,85,91,108,100,116,71,135,130,34,112,63,123" hai2="65,58,18,32,103,22,119,131,109,111,68,49,15" hai3="27,29,26,74,3,124,126,101,19,51,20,90,50"/><V37/><F119/><W40/><G101/><T133/><D107/><U113/><E34/><V87/><F37/><W96/><G3/><T122/><D73/><U7/><E116/><V23/><F32/><W99/><G74/><T59/><D133/><U6/><E100/><V98/><F131/><W84/><G99/><T2/><D38/><U14/><E135/><V115/><F115/><W13/><G96/><T1/><D9/><U5/><E130/><V28/><F68/><W104/><G104/><T129/><D129/><U53/><E108/><N who="2" m="41547" /><F28/><W55/><G40/><T83/><D33/><U8/><E123/><V93/><F87/><W102/><G102/><T48/><D30/><U88/><E91/><V117/><F117/><W78/><G78/><T17/><D120/><U75/><E75/><V16/><F65/><W89/><G89/><T76/><D122/><U125/><E125/><N who="3" m="48234" /><G29/><T36/><D76/><U110/><E110/><V72/><F72/><W44/><G51/><T61/><D48/><U94/><E112/><V92/><F92/><AGARI ba="0,0" hai="13,19,20,26,27,44,50,55,84,90,92" m="48234" machi="92" ten="30,2000,0" yaku="18,1,52,1" doraHai="82" who="3" fromWho="2" sc="294,0,347,0,176,-20,183,20" /><INIT seed="3,0,0,0,5,87" ten="294,347,156,203" oya="3" hai0="110,83,100,94,13,132,107,112,53,56,114,35,20" hai1="51,1,45,90,44,115,102,96,111,103,76,71,58" hai2="22,84,123,126,75,85,104,37,57,91,27,18,92" hai3="86,121,62,79,26,32,127,106,29,49,41,113,40"/><W105/><G121/><T50/><D35/><U15/><E1/><V88/><F123/><W117/><G113/><T39/><D39/><U73/><E71/><V47/><F75/><W89/><G117/><T33/><D33/><U52/><E115/><N who="0" m="44073" /><D110/><U64/><E76/><V109/><F109/><W130/><G79/><T70/><D70/><U80/><E73/><V119/><F119/><W116/><G116/><T3/><D3/><U31/><E31/><V74/><F74/><W42/><G130/><T17/><D107/><U4/><E64/><V7/><F104/><W101/><G127/><T14/><D83/><U128/><E128/><V16/><F7/><W21/><G62/><T25/><D132/><U63/><E45/><V43/><F126/><W19/><G49/><T66/><D66/><N who="1" m="39287" /><E80/><V59/><F18/><W36/><G101/><T97/><AGARI ba="0,0" hai="13,14,17,20,25,50,53,56,94,97,100" m="44073" machi="97" ten="30,1100,0" yaku="11,1" doraHai="87" who="0" fromWho="0" sc="294,11,347,-3,156,-3,203,-5" owari="305,10.5,344,44.4,153,-34.7,198,-20.2" /></mjloggm>