<mjloggm ver="2.3"><GO type="225" lobby="0"/><UN n0="%73%6C%69%63%6B%33%31%39" n1="%6D%75%75%6D%75%72%61" n2="%E3%81%97%E3%82%93%E3%81%97%E3%82%93%E3%81%97%E3%82%93" n3="%6B%65%6E%6E%64%69" dan="16,16,16,16" rate="2151.82,2121.42,2089.63,2150.43" sx="M,F,F,M"/><TAIKYOKU oya="0"/><INIT seed="0,0,0,1,2,54" ten="250,250,250,250" oya="0" hai0="89,107,127,110,63,14,95,7,73,94,47,111,108" hai1="67,114,115,10,68,64,88,120,118,112,29,61,102" hai2="48,21,116,32,122,18,99,35,58,37,20,126,34" hai3="3,1,23,129,17,9,87,71,124,5,109,28,78"/><T74/><D127/><U59/><E118/><V24/><F37/><W26/><G71/><T133/><D133/><U135/><E120/><V85/><F122/><W49/><G124/><T30/><D107/><U6/><E135/><V43/><F126/><W106/><G106/><T38/><D30/><U4/><E102/><V12/><F116/><W117/><G117/><T39/><D63/><N who="1" m="38015" /><E29/><V132/><F132/><W57/><G109/><T60/><D60/><U121/><E121/><V128/><F128/><W69/><G69/><T33/><D33/><U134/><E134/><V104/><F85/><W100/><G100/><T83/><D83/><U105/><E105/><V31/><F43/><W98/><G98/><T119/><D119/><U40/><E40/><V91/><F91/><W72/><G72/><N who="0" m="27755" /><D47/><U50/><E50/><V55/><REACH who="2" step="1"/><F35/><REACH who="2" ten="250,250,240,250" step="2"/><W86/><G129/><T11/><D94/><U46/><E88/><V56/><F56/><W103/><G57/><T84/><AGARI ba="0,1" hai="7,11,14,38,39,84,89,95,108,110,111" m="27755" machi="84" ten="40,3900,0" yaku="14,1,10,1" doraHai="54" who="0" fromWho="0" sc="250,49,250,-13,240,-13,250,-13" /><INIT seed="0,1,0,0,0,32" ten="299,237,227,237" oya="0" hai0="121,112,73,82,37,78,5,60,130,124,34,69,33" hai1="110,74,54,71,103,108,99,40,104,49,113,4,41" hai2="61,75,77,35,72,65,123,50,44,46,21,106,0" hai3="70,1,81,68,18,45,131,122,38,118,29,120,76"/><T14/><D112/><U84/><E113/><V48/><F123/><N who="3" m="47147" /><G118/><T11/><D121/><U111/><E74/><V102/><F35/><W24/><G131/><T64/><D130/><U129/><E129/><V9/><F21/><N who="3" m="15503" /><G18/><T20/><D124/><U100/><E71/><V83/><F75/><N who="3" m="43167" /><G1/><N who="0" m="431" /><D20/><U127/><E127/><V39/><F102/><W67/><G67/><T12/><D14/><U115/><E115/><V55/><F106/><W56/><G56/><T15/><D12/><U42/><E103/><V6/><F46/><W63/><G63/><T47/><D15/><U30/><E4/><V87/><F87/><W62/><G62/><T85/><D85/><U28/><REACH who="1" step="1"/><E84/><REACH who="1" ten="299,227,227,237" step="2"/><V135/><F135/><W114/><G114/><T116/><D116/><U58/><AGARI ba="1,1" hai="28,30,40,41,42,49,54,58,99,100,104,108,110,111" machi="58" ten="40,8000,1" yaku="1,1,2,1,0,1,14,1,53,0" doraHai="32" doraHaiUra="126" who="1" fromWho="1" sc="299,-41,227,93,227,-21,237,-21" /><INIT seed="1,0,0,4,1,59" ten="258,320,206,216" oya="1" hai0="76,45,37,10,129,110,34,71,109,16,15,134,11" hai1="20,40,103,131,52,119,13,66,121,24,77,46,104" hai2="88,111,43,54,108,42,51,102,120,68,0,99,41" hai3="113,89,122,56,73,127,8,118,126,70,19,80,31"/><U86/><E119/><V123/><F0/><W95/><G122/><N who="2" m="46633" /><F102/><W107/><G113/><T63/><D34/><U112/><E121/><V125/><F99/><W55/><G70/><T98/><D129/><U133/><E131/><V132/><F88/><W57/><G107/><T97/><D76/><U44/><E112/><V90/><F90/><W1/><G31/><T49/><D37/><U82/><E133/><V6/><F6/><N who="3" m="1103" /><G19/><T48/><D134/><U96/><E13/><V27/><F27/><W69/><G69/><T117/><D117/><U85/><E85/><V7/><F7/><W12/><G12/><T114/><D114/><U47/><E66/><V72/><F72/><W30/><G30/><T116/><D116/><U22/><E40/><N who="2" m="10243" /><V39/><DORA hai="67" /><F132/><W62/><G57/><T25/><D25/><U78/><E78/><V18/><F18/><W124/><G118/><T135/><D135/><U65/><E65/><V74/><F74/><W26/><G26/><T53/><D16/><U36/><E36/><V50/><F39/><W93/><G73/><T28/><D28/><U91/><E77/><V101/><F68/><W9/><G9/><T58/><D11/><U84/><E84/><AGARI ba="0,0" hai="55,56,62,80,84,89,93,95,124,126,127" m="1103" machi="84" ten="30,2000,0" yaku="18,1,52,1" doraHai="59,67" who="3" fromWho="1" sc="258,0,320,-20,206,0,216,20" /><INIT seed="2,0,0,4,3,92" ten="258,300,206,236" oya="2" hai0="95,88,97,79,112,70,59,66,58,127,56,82,105" hai1="35,41,89,75,106,116,14,51,67,64,68,84,34" hai2="101,107,53,91,96,38,60,49,133,47,86,90,85" hai3="98,63,11,20,73,117,39,45,27,104,48,61,72"/><V1/><F133/><W13/><G117/><T54/><D112/><U77/><E116/><V134/><F134/><W17/><G39/><T52/><D127/><U71/><E75/><V119/><F119/><W122/><G122/><T100/><D70/><U125/><E77/><V76/><F1/><W23/><G73/><T22/><D22/><U18/><E106/><V40/><F60/><W129/><G129/><T83/><D66/><U19/><E125/><V120/><F120/><W10/><G72/><N who="0" m="43367" /><D83/><U32/><E41/><V132/><F132/><W130/><G130/><T31/><D31/><U74/><E74/><V50/><F76/><W36/><G36/><T93/><D93/><U2/><E2/><V26/><F86/><AGARI ba="0,0" hai="52,54,56,58,59,86,88,95,97,100,105" m="43367" machi="86" ten="30,7700,0" yaku="24,1,52,1,54,2" doraHai="92" who="0" fromWho="2" sc="258,77,300,0,206,-77,236,0" /><INIT seed="3,0,0,2,1,27" ten="335,300,129,236" oya="3" hai0="110,77,79,103,52,8,9,36,61,45,106,111,108" hai1="23,133,58,113,68,29,128,38,90,56,12,85,105" hai2="122,120,117,17,31,116,60,4,26,42,89,51,95" hai3="19,121,69,44,28,104,96,127,123,83,54,115,3"/><W88/><G3/><T99/><D36/><U81/><E113/><V70/><F51/><W114/><G69/><T75/><D45/><U16/><E68/><V34/><F42/><W43/><G54/><T6/><D75/><U25/><E38/><V30/><F95/><N who="3" m="56423" /><G19/><T125/><D125/><U0/><E105/><V21/><F89/><W37/><G28/><T64/><D52/><U86/><E0/><V5/><F60/><W18/><G18/><T39/><D39/><U102/><E128/><V2/><F70/><W10/><G10/><N who="0" m="4203" /><D6/><N who="2" m="2666" /><F2/><W40/><G40/><T20/><D20/><N who="1" m="15527" /><E133/><V98/><F98/><W73/><G44/><T112/><D112/><N who="3" m="43049" /><G43/><T131/><D131/><U11/><E102/><V97/><F97/><W132/><G37/><T24/><D24/><N who="1" m="14439" /><E85/><V1/><F1/><W134/><G127/><T53/><D53/><U57/><E11/><V55/><F55/><W87/><G73/><T62/><D62/><U78/><E90/><V129/><F129/><W124/><G104/><T50/><D50/><U94/><E94/><V91/><F91/><N who="3" m="51711" /><G124/><T92/><D106/><U13/><AGARI ba="0,0" hai="12,13,56,57,58,78,81,86" m="14439,15527" machi="13" ten="30,4000,0" yaku="8,1,52,1,54,1" doraHai="27" who="1" fromWho="1" sc="335,-10,300,40,129,-10,236,-20" owari="325,12.5,340,44.0,119,-38.1,216,-18.4" /></mjloggm>