<mjloggm ver="2.3"><GO type="225" lobby="0"/><UN n0="%E3%81%8F%E3%81%BE%E3%81%96%E3%82%8F" n1="%E3%81%9F%E3%81%A3%E3%81%A1%E3%82%87" n2="%72%69%6F%75%63%68%61%6E" n3="%33%74%72%65%65" dan="16,16,17,17" rate="2034.55,2099.13,2249.63,2146.13" sx="M,M,M,F"/><TAIKYOKU oya="0"/><INIT seed="0,0,0,2,1,53" ten="250,250,250,250" oya="0" hai0="134,59,104,89,99,87,94,54,118,80,29,114,12" hai1="1,105,119,122,110,52,61,28,15,66,83,37,21" hai2="8,81,133,24,92,13,46,26,18,90,77,17,124" hai3="74,4,106,22,27,55,100,128,60,72,0,30,82"/><T34/><D114/><U14/><E119/><V97/><F124/><W93/><G128/><T3/><D3/><U86/><E122/><V63/><F133/><W11/><G106/><T49/><D134/><U135/><E135/><V42/><F63/><W20/><G82/><T96/><D118/><U111/><E105/><V56/><F56/><W41/><G41/><T129/><D129/><U76/><E1/><V57/><F57/><W84/><G22/><T116/><D116/><U44/><E37/><V64/><F64/><W51/><G60/><T71/><D71/><U7/><E7/><V67/><F67/><W68/><G68/><T2/><D2/><U35/><E35/><V9/><F9/><W101/><G101/><T47/><D12/><U95/><E95/><V16/><F24/><W113/><G113/><T125/><D104/><U31/><E66/><V32/><F32/><W19/><G30/><N who="1" m="11306" /><E21/><V5/><F26/><W98/><REACH who="3" step="1"/><G84/><REACH who="3" ten="250,250,250,240" step="2"/><T123/><D123/><U75/><E86/><N who="2" m="48431" /><F42/><W6/><G6/><T23/><D34/><U112/><E112/><V43/><F18/><W65/><G65/><T131/><D131/><U10/><E61/><V48/><AGARI ba="0,1" hai="5,8,13,16,17,43,46,48,90,92,97" m="48431" machi="48" ten="30,4000,0" yaku="25,1,8,1,54,1" doraHai="53" who="2" fromWho="2" sc="250,-20,250,-10,250,50,240,-10" /><INIT seed="1,0,0,2,0,106" ten="230,240,300,230" oya="1" hai0="120,69,49,36,104,57,88,101,114,24,32,28,1" hai1="68,66,91,64,41,116,46,29,40,134,11,125,26" hai2="119,124,0,51,130,105,67,97,31,16,55,37,100" hai3="133,62,115,122,93,9,87,15,50,23,38,56,43"/><U102/><E116/><V47/><F119/><W110/><G122/><T33/><D114/><U52/><E125/><V22/><F130/><W127/><G115/><T99/><D36/><U79/><E134/><V128/><F128/><W83/><G133/><T94/><D1/><U73/><E102/><V25/><F124/><W5/><G127/><T53/><D120/><U95/><E11/><V13/><F0/><W112/><G112/><T21/><REACH who="0" step="1"/><D69/><REACH who="0" ten="220,240,300,230" step="2"/><U8/><E68/><V90/><F37/><W60/><G38/><T45/><D45/><U2/><E46/><V72/><F72/><W42/><G110/><T89/><D89/><U58/><E2/><V3/><F3/><W84/><G56/><T92/><D92/><U96/><E73/><V85/><F67/><N who="1" m="25641" /><E79/><V30/><REACH who="2" step="1"/><F13/><REACH who="2" ten="220,240,290,230" step="2"/><W109/><G15/><T6/><D6/><U80/><E26/><V77/><F77/><W113/><G5/><T59/><D59/><U81/><E58/><V74/><F74/><W78/><G78/><T12/><D12/><U131/><E131/><V86/><F86/><AGARI ba="0,2" hai="21,24,28,32,33,49,53,57,86,88,94,99,101,104" machi="86" ten="30,3900,0" yaku="1,1,7,1,54,1,53,0" doraHai="106" doraHaiUra="132" who="0" fromWho="2" sc="220,59,240,0,290,-39,230,0" /><INIT seed="2,0,0,1,2,37" ten="279,240,251,230" oya="2" hai0="16,73,76,106,58,114,63,1,100,47,59,98,0" hai1="103,74,132,86,121,26,18,55,14,75,22,88,78" hai2="6,40,117,17,97,79,83,118,41,9,80,32,28" hai3="21,27,111,30,120,8,125,53,102,34,87,43,104"/><V129/><F129/><W31/><G120/><T119/><D114/><U62/><E121/><V64/><F64/><W115/><G115/><T134/><D134/><U124/><E132/><V7/><F97/><W38/><G111/><T109/><D109/><U3/><E3/><V42/><F17/><W131/><G131/><T39/><D119/><N who="2" m="45578" /><F9/><W82/><G125/><T35/><D35/><U33/><E124/><V70/><F32/><W56/><G8/><T112/><D112/><U99/><E78/><V81/><F28/><W69/><G69/><T19/><D73/><U46/><E33/><V67/><F67/><W116/><G116/><T93/><D76/><U89/><E14/><V13/><F79/><W54/><G34/><T45/><D93/><U84/><E74/><V135/><F13/><W15/><G15/><T72/><D72/><U66/><E75/><V130/><F135/><W105/><G31/><T49/><D0/><U92/><E84/><V25/><F130/><W68/><G68/><T50/><D1/><U94/><E66/><V52/><F70/><W71/><G71/><T101/><D98/><U44/><E103/><V113/><F113/><W65/><G65/><T90/><D90/><U29/><E29/><V122/><F122/><W4/><G102/><T127/><D127/><U51/><E51/><V61/><F25/><W20/><G27/><T60/><REACH who="0" step="1"/><D39/><REACH who="0" ten="269,240,251,230" step="2"/><U85/><REACH who="1" step="1"/><E85/><REACH who="1" ten="269,230,251,230" step="2"/><V57/><F81/><W24/><G82/><T48/><D48/><U107/><E107/><AGARI ba="0,2" hai="16,19,45,47,49,50,58,59,60,63,100,101,106,107" machi="107" ten="25,6400,0" yaku="1,1,22,2,54,1,53,0" doraHai="37" doraHaiUra="108" who="0" fromWho="1" sc="269,84,230,-64,251,0,230,0" /><INIT seed="3,0,0,2,3,32" ten="353,166,251,230" oya="3" hai0="105,54,24,120,38,57,121,91,100,114,15,101,1" hai1="134,88,0,46,53,117,56,2,80,50,30,106,130" hai2="125,108,63,131,3,74,17,18,132,20,128,89,127" hai3="129,111,44,79,92,93,113,59,112,28,19,11,75"/><W7/><G129/><N who="2" m="49737" /><F74/><W109/><G28/><T76/><D38/><U61/><E106/><V96/><F108/><N who="3" m="41547" /><G19/><T65/><D65/><U43/><E130/><V99/><F132/><W68/><G68/><T25/><D76/><U90/><E134/><V21/><F3/><N who="3" m="511" /><G59/><T82/><D1/><U33/><E117/><V81/><F17/><W62/><G62/><T37/><D15/><U135/><E135/><V102/><F63/><W26/><G26/><T60/><D114/><N who="3" m="44137" /><G44/><T13/><D24/><U48/><E90/><V97/><F102/><W27/><G27/><T84/><D25/><U123/><E123/><V36/><F18/><W23/><G23/><T8/><D121/><U71/><E71/><V72/><F20/><W4/><G4/><T77/><D120/><U66/><E30/><V86/><F21/><W22/><G22/><T124/><D101/><U51/><E33/><V34/><F34/><W69/><G69/><T70/><D70/><U58/><REACH who="1" step="1"/><E48/><REACH who="1" ten="353,156,251,230" step="2"/><V126/><F36/><W39/><G39/><T12/><D37/><U6/><E6/><V31/><F31/><W64/><G64/><T29/><D29/><U47/><E47/><V110/><F110/><W95/><G79/><T42/><D77/><U52/><E52/><V118/><F118/><W73/><AGARI ba="0,1" hai="73,75,92,93,95" m="44137,511,41547" machi="73" ten="40,7800,0" yaku="14,1,10,1,52,1" doraHai="32" who="3" fromWho="3" sc="353,-26,156,-26,251,-26,230,88" /><INIT seed="3,1,0,0,1,90" ten="327,130,225,318" oya="3" hai0="119,8,74,93,94,0,7,54,112,13,57,18,20" hai1="126,117,110,86,19,111,70,76,41,80,34,31,120" hai2="50,33,128,97,49,116,77,125,28,5,87,42,63" hai3="52,91,124,23,65,53,114,122,66,61,11,109,38"/><W85/><G114/><T45/><D119/><U47/><E70/><V106/><F116/><W58/><G122/><T82/><D112/><U21/><E117/><V89/><F125/><W134/><G124/><T69/><D69/><U100/><E120/><V48/><F128/><W83/><G134/><T30/><D45/><U71/><E126/><V135/><F135/><W75/><G109/><T12/><D30/><U105/><E71/><V36/><F36/><W102/><G38/><T62/><D74/><U3/><E3/><V32/><F5/><W22/><G75/><T79/><D79/><U99/><E31/><V95/><F28/><W39/><G39/><T51/><D82/><U46/><E34/><V43/><F63/><W40/><G40/><T118/><D118/><U73/><E86/><V127/><F127/><W131/><G131/><T113/><D113/><U16/><E41/><N who="2" m="15371" /><F106/><W133/><G133/><T107/><D107/><U6/><E6/><V88/><F32/><W98/><G11/><T101/><D101/><U29/><E29/><V92/><F33/><W10/><G10/><T129/><D129/><U15/><REACH who="1" step="1"/><E19/><REACH who="1" ten="327,120,225,318" step="2"/><V103/><F77/><W26/><G66/><T64/><D0/><U67/><E67/><V60/><F60/><W55/><REACH who="3" step="1"/><G26/><REACH who="3" ten="327,120,225,308" step="2"/><T132/><D132/><U25/><E25/><V72/><F72/><W96/><G96/><T84/><D84/><U104/><E104/><AGARI ba="1,2" hai="22,23,52,53,55,58,61,65,83,85,91,98,102,104" machi="104" ten="40,3900,0" yaku="1,1,54,1,53,0" doraHai="90" doraHaiUra="27" who="3" fromWho="1" sc="327,0,120,-42,225,0,308,62" owari="327,12.7,78,-42.2,225,-17.5,370,47.0" /></mjloggm>