<mjloggm ver="2.3"><GO type="225" lobby="0"/><UN n0="%E3%81%A8%E3%82%93%E3%81%A8%E3%81%93%E3%81%A8%E3%82%93" n1="%E3%81%86%E3%81%A9%E3%82%93%E3%81%93" n2="%E4%BA%95%E5%B8%AF" n3="%E6%B8%A9%E2%98%85%E6%83%85%E2%98%85%E6%8E%AA%E2%98%85%E7%BD%AE" dan="16,16,16,17" rate="2090.67,2164.09,2049.68,2202.77" sx="F,M,M,M"/><TAIKYOKU oya="0"/><INIT seed="0,0,0,5,0,43" ten="250,250,250,250" oya="0" hai0="98,59,112,79,26,35,5,68,2,85,42,120,96" hai1="21,92,56,107,125,49,60,94,34,109,22,105,58" hai2="67,20,118,33,39,23,86,114,117,71,19,0,47" hai3="30,37,52,14,97,50,31,82,17,87,3,116,135"/><T66/><D112/><U101/><E34/><V9/><F33/><W48/><G3/><T80/><D68/><U27/><E109/><V119/><F114/><W1/><G1/><T133/><D42/><U88/><E125/><V6/><F86/><W74/><G74/><T115/><D120/><U41/><E105/><V32/><F32/><W11/><G37/><T100/><D133/><U130/><E107/><V89/><F89/><N who="3" m="51447" /><G116/><T18/><D115/><U93/><E130/><V76/><F76/><W103/><G135/><T54/><D66/><U63/><E101/><V40/><REACH who="2" step="1"/><F19/><REACH who="2" ten="250,250,240,250" step="2"/><W29/><G103/><T128/><D100/><U24/><E88/><V108/><F108/><W61/><G97/><T53/><D18/><U104/><E104/><V99/><F99/><W10/><G10/><T111/><D96/><U51/><E93/><V46/><F46/><W84/><G84/><T65/><D98/><U15/><E41/><V62/><AGARI ba="0,1" hai="0,6,9,20,23,39,40,47,62,67,71,117,118,119" machi="62" ten="40,8000,1" yaku="1,1,0,1,12,1,52,1,53,0" doraHai="43" doraHaiUra="83" who="2" fromWho="2" sc="250,-40,250,-20,240,90,250,-20" /><INIT seed="1,0,0,1,2,122" ten="210,230,330,230" oya="1" hai0="119,129,107,9,116,12,59,23,43,4,27,1,56" hai1="78,115,103,70,45,32,58,35,68,21,77,99,81" hai2="33,64,57,26,65,85,117,134,97,89,34,94,10" hai3="40,18,130,109,11,127,135,110,16,125,72,100,80"/><U62/><E115/><V38/><F117/><W28/><G135/><T53/><D107/><U6/><E6/><V108/><F38/><W14/><G130/><T71/><D71/><U92/><E77/><V52/><F134/><W106/><G40/><T124/><D124/><N who="3" m="47689" /><G28/><T63/><D129/><U102/><E102/><V90/><F10/><W112/><G112/><T42/><D1/><U93/><E93/><V60/><F108/><N who="3" m="41579" /><G80/><T76/><D43/><U29/><E45/><V22/><F33/><W15/><G72/><T114/><D42/><U39/><E39/><V5/><F34/><W50/><G50/><T73/><D114/><U83/><E32/><V37/><F37/><W25/><G25/><T8/><D116/><U67/><E35/><V30/><F5/><N who="3" m="3439" /><G15/><T47/><D119/><U79/><E79/><V49/><F49/><W55/><G55/><T86/><D73/><U48/><E48/><V84/><F52/><W61/><G61/><T121/><D63/><U96/><E81/><V51/><F51/><W113/><G113/><T101/><D53/><U17/><E29/><V66/><F30/><W54/><G54/><T128/><D128/><U126/><E126/><V111/><F26/><W131/><G131/><T87/><D27/><N who="1" m="14767" /><E83/><V31/><F111/><W41/><G41/><T95/><D12/><U44/><E78/><V46/><F31/><W105/><G100/><T74/><D101/><N who="1" m="60551" /><E44/><V69/><F46/><W2/><G2/><T36/><D47/><U24/><E24/><V133/><F133/><W0/><G0/><T98/><D36/><U13/><E13/><RYUUKYOKU ba="0,0" sc="210,-15,230,15,330,-15,230,15" hai1="58,62,67,68,70,99,103" hai3="16,18,105,106" /><INIT seed="1,1,0,2,5,129" ten="195,245,315,245" oya="1" hai0="24,106,38,132,67,57,59,64,90,75,74,61,20" hai1="103,76,44,135,56,68,26,36,60,95,84,116,79" hai2="11,2,33,28,130,119,21,127,49,7,100,121,99" hai3="114,104,72,18,89,133,54,9,128,10,101,102,118"/><U115/><E116/><V66/><F119/><W124/><G114/><T42/><D106/><U29/><E115/><V17/><F121/><W22/><G118/><T113/><D113/><U98/><E68/><V87/><F127/><W85/><G72/><T81/><D132/><U73/><E73/><V50/><F66/><W3/><G104/><T55/><D38/><U65/><E84/><V126/><F126/><W4/><G124/><T110/><D42/><U82/><E82/><V105/><F130/><W45/><G128/><T15/><D110/><U39/><E135/><V92/><F105/><W80/><G133/><T123/><D123/><U12/><E12/><N who="2" m="9383" /><F87/><W14/><REACH who="3" step="1"/><G22/><REACH who="3" ten="195,245,315,235" step="2"/><T86/><D74/><U34/><REACH who="1" step="1"/><E44/><REACH who="1" ten="195,235,315,235" step="2"/><V31/><F99/><W134/><G134/><T131/><D75/><U96/><E96/><V48/><F92/><W69/><G69/><T43/><D131/><U30/><E30/><V13/><F28/><W71/><G71/><T51/><D15/><U107/><E107/><V27/><F13/><W97/><G97/><T91/><D20/><U5/><E5/><V88/><F7/><W16/><G16/><T53/><D81/><U83/><E83/><V58/><F31/><W35/><G35/><T40/><D86/><U41/><E41/><V122/><F33/><W6/><G6/><T32/><D43/><U120/><E120/><V52/><F122/><W63/><G63/><T37/><D40/><U77/><AGARI ba="1,2" hai="26,29,34,36,39,56,60,65,76,77,79,95,98,103" machi="77" ten="30,3000,0" yaku="1,1,0,1,53,0" doraHai="129" doraHaiUra="0" who="1" fromWho="1" sc="195,-11,235,53,315,-11,235,-11" /><INIT seed="1,2,0,1,3,28" ten="184,288,304,224" oya="1" hai0="30,79,78,76,91,10,0,47,15,16,36,58,83" hai1="92,56,17,86,44,12,128,38,124,97,130,22,55" hai2="75,9,41,93,106,33,129,26,126,11,103,7,85" hai3="123,3,94,99,53,108,23,69,46,52,117,107,8"/><U27/><E124/><V25/><F75/><W70/><G123/><T51/><D36/><U13/><E86/><V74/><F74/><W14/><G107/><T62/><D0/><U73/><E73/><V65/><F129/><N who="1" m="49769" /><E44/><V45/><F106/><W84/><G3/><T32/><D30/><U35/><E38/><V59/><F11/><W110/><G23/><T24/><D24/><U5/><E5/><V100/><F26/><W95/><G84/><T72/><D32/><U118/><E35/><V98/><F85/><W82/><G82/><T133/><D91/><N who="1" m="55455" /><E118/><V131/><F33/><W57/><G117/><T34/><D34/><U115/><E115/><V19/><F45/><W61/><G46/><T104/><D104/><U102/><E102/><V50/><F7/><N who="3" m="3359" /><G95/><T80/><D72/><U43/><E43/><V49/><F41/><W2/><G2/><T48/><D133/><U18/><E18/><V81/><F19/><W29/><G29/><T121/><D121/><U39/><E39/><V112/><F93/><W37/><G37/><T111/><D111/><N who="3" m="42537" /><G94/><T120/><D120/><U6/><E6/><V54/><F112/><W64/><G99/><T134/><D134/><U101/><E101/><V127/><F98/><W77/><G77/><T63/><D47/><U42/><E42/><V109/><F103/><W60/><G70/><T87/><D76/><U119/><E119/><V132/><F100/><W66/><AGARI ba="2,0" hai="52,53,57,60,61,64,66,69" m="42537,3359" machi="66" ten="30,2000,0" yaku="14,1,54,1" doraHai="28" who="3" fromWho="3" sc="184,-7,288,-12,304,-7,224,26" /><INIT seed="2,0,0,1,1,135" ten="177,276,297,250" oya="2" hai0="7,85,34,109,104,78,28,49,125,62,128,55,23" hai1="134,58,45,2,122,71,44,121,40,32,82,64,21" hai2="0,11,36,106,22,24,25,3,66,132,39,17,60" hai3="113,70,95,103,75,81,30,67,27,118,77,123,89"/><V41/><F132/><W114/><G118/><T119/><D104/><U112/><E32/><V130/><F130/><W86/><G123/><N who="1" m="47114" /><E112/><N who="3" m="43114" /><G103/><T74/><D74/><U91/><E2/><V76/><F106/><W129/><G129/><T18/><D128/><U79/><E71/><V38/><F76/><W100/><G100/><T43/><D109/><U93/><E134/><V97/><F97/><W116/><G116/><T105/><D105/><U80/><E21/><V6/><F3/><W37/><G37/><T88/><D119/><U35/><E35/><V115/><F115/><W9/><G9/><T131/><D131/><U29/><E29/><V96/><F96/><W63/><G27/><T94/><D34/><U52/><E64/><V83/><F83/><N who="1" m="31785" /><E40/><V92/><F92/><W51/><G30/><T15/><D28/><U5/><E5/><V20/><F41/><W47/><G75/><T120/><D120/><U8/><E8/><V31/><REACH who="2" step="1"/><F36/><REACH who="2" ten="177,276,287,250" step="2"/><W57/><G77/><T90/><D78/><U84/><E79/><V73/><F73/><W61/><G81/><T69/><D43/><U26/><E26/><V16/><F16/><W99/><G99/><T124/><D7/><U101/><E101/><V13/><F13/><W127/><G95/><T14/><D15/><U108/><E108/><V54/><F54/><N who="3" m="30079" /><G89/><T56/><REACH who="0" step="1"/><D90/><REACH who="0" ten="167,276,287,250" step="2"/><U4/><E4/><V126/><F126/><W133/><G127/><T98/><D98/><U48/><AGARI ba="0,2" hai="44,45,48,52,58,84,91,93" m="31785,47114" machi="48" ten="30,2000,0" yaku="13,1,54,1" doraHai="135" who="1" fromWho="1" sc="167,-5,276,40,287,-10,250,-5" /><INIT seed="3,0,0,0,1,76" ten="162,316,277,245" oya="3" hai0="4,56,8,126,102,79,128,71,38,125,99,82,22" hai1="26,120,73,89,20,12,109,11,93,34,67,40,62" hai2="60,103,45,123,14,46,131,113,21,25,87,9,117" hai3="52,17,77,85,68,69,58,91,104,55,127,110,36"/><W50/><G104/><T122/><D71/><U24/><E34/><V54/><F117/><W90/><G36/><T121/><D38/><U61/><E73/><V133/><F113/><W94/><G127/><N who="0" m="48651" /><D22/><U53/><E40/><V29/><F131/><W88/><G110/><T108/><D56/><N who="1" m="37287" /><E109/><V130/><F133/><W42/><G69/><T78/><D8/><U19/><E120/><N who="0" m="46185" /><D4/><N who="1" m="3175" /><E53/><V5/><F130/><W101/><G68/><T132/><D108/><U28/><E62/><V129/><F60/><W135/><G135/><T95/><D128/><U116/><E116/><V75/><F14/><W51/><G42/><T96/><D132/><U105/><E105/><V33/><F21/><W66/><G66/><T65/><D65/><U47/><E47/><V98/><F25/><W15/><G55/><T124/><N who="0" m="48659" /><T23/><DORA hai="107" /><D23/><U2/><E2/><V35/><F33/><W59/><G59/><T111/><D111/><U63/><E63/><V10/><F35/><W16/><G51/><T43/><D43/><U83/><E24/><V134/><F54/><W18/><G15/><T92/><D82/><U39/><E83/><V70/><F134/><W49/><G49/><T7/><D7/><U64/><E64/><V0/><F5/><W119/><G119/><T100/><D79/><U115/><E39/><V37/><F70/><W57/><G57/><T114/><D78/><U41/><E41/><V27/><F129/><W118/><G118/><T13/><D13/><U97/><E28/><V74/><F37/><W1/><G1/><T32/><D32/><U106/><E26/><RYUUKYOKU ba="0,0" sc="162,30,316,-10,277,-10,245,-10" hai0="92,95,96,99,100,102,114" owari="192,-30.8,306,40.6,267,6.7,235,-16.5" /></mjloggm>