<mjloggm ver="2.3"><GO type="225" lobby="0"/><UN n0="%E3%81%AF%E3%82%88%E3%81%8A%E3%81%98%E3%81%95%E3%82%93" n1="%72%69%6F%75%63%68%61%6E" n2="%E3%81%82%E3%81%B9%E3%81%99%E3%81%91" n3="%E3%83%B4%E3%82%A3%E3%83%AF%E3%82%B3%E3%82%B0%E3%83%8B" dan="17,16,16,16" rate="2187.15,2201.50,2117.62,2184.41" sx="M,M,M,M"/><TAIKYOKU oya="0"/><INIT seed="0,0,0,4,1,13" ten="250,250,250,250" oya="0" hai0="68,88,91,107,78,128,34,10,22,135,125,66,105" hai1="111,113,115,133,96,37,7,108,114,83,55,84,42" hai2="14,45,102,36,87,19,6,106,123,51,57,15,48" hai3="75,44,130,124,92,76,101,69,85,109,132,103,110"/><T94/><D34/><U52/><E133/><V79/><F123/><W90/><G69/><T112/><D112/><N who="1" m="43115" /><E7/><V117/><F36/><W50/><G132/><T127/><D135/><U97/><N who="1" m="43123" /><U39/><DORA hai="63" /><E42/><V38/><F38/><N who="1" m="14345" /><E96/><V16/><F6/><W121/><G121/><T35/><D35/><U56/><E97/><V93/><F117/><W26/><G26/><T77/><D10/><U116/><E116/><V11/><F106/><W60/><G60/><N who="0" m="40007" /><D128/><U67/><E67/><V32/><F32/><W80/><G124/><N who="0" m="47691" /><D91/><N who="1" m="51615" /><E56/><V71/><F71/><W25/><G130/><T29/><D105/><U5/><E5/><V95/><F57/><W72/><G72/><T86/><D107/><U119/><E119/><V27/><F27/><AGARI ba="0,0" hai="22,27,29,77,78,86,88,94" m="47691,40007" machi="27" ten="30,5800,0" yaku="18,1,52,1,54,1" doraHai="13,63" who="0" fromWho="2" sc="250,58,250,0,250,-58,250,0" /><INIT seed="0,1,0,5,4,116" ten="308,250,192,250" oya="0" hai0="84,77,88,92,122,15,124,74,79,120,70,10,126" hai1="22,103,44,56,14,8,132,75,108,100,123,19,114" hai2="113,51,0,115,52,41,39,2,1,25,86,49,127" hai3="3,94,101,61,63,90,89,128,27,60,29,133,98"/><T97/><D70/><U110/><E123/><N who="0" m="47145" /><D74/><U11/><E132/><V99/><F39/><W135/><G128/><T119/><D119/><U82/><E114/><V45/><F127/><N who="0" m="48682" /><D97/><U43/><E56/><V33/><F99/><W42/><G3/><T71/><D71/><U69/><E69/><V12/><F12/><W31/><G42/><T18/><AGARI ba="1,0" hai="10,15,18,77,79,84,88,92" m="48682,47145" machi="18" ten="30,12000,1" yaku="18,1,52,3,54,1" doraHai="116" who="0" fromWho="0" sc="308,123,250,-41,192,-41,250,-41" /><INIT seed="0,2,0,2,1,14" ten="431,209,151,209" oya="0" hai0="107,56,45,39,33,36,79,112,89,27,38,32,102" hai1="115,41,31,74,133,8,110,68,114,119,19,84,54" hai2="44,77,125,105,12,95,66,127,46,100,91,70,65" hai3="121,28,76,30,126,73,29,61,53,103,16,97,83"/><T82/><D112/><N who="1" m="43051" /><E119/><V132/><F77/><W24/><G126/><N who="2" m="48137" /><F132/><W134/><G134/><T92/><D45/><N who="2" m="17514" /><F70/><W108/><G108/><T11/><D102/><U69/><E74/><V78/><F78/><W122/><G61/><T15/><D107/><U96/><E41/><V4/><F100/><W80/><G80/><T57/><D27/><U117/><E110/><V9/><F105/><W58/><G58/><T3/><D3/><U113/><E117/><V49/><F49/><W50/><G53/><T90/><D32/><U18/><E133/><V88/><F91/><W86/><G50/><T93/><D33/><U5/><E31/><V124/><N who="2" m="48145" /><V22/><DORA hai="87" /><F22/><N who="3" m="13383" /><G73/><T135/><D135/><U7/><E54/><V111/><F111/><W51/><G51/><T101/><D101/><U72/><E72/><V37/><F37/><W71/><G71/><T42/><D42/><U67/><E67/><V17/><F4/><N who="1" m="1609" /><E113/><V130/><F130/><W10/><G30/><T123/><D38/><U35/><E68/><V81/><F81/><W64/><G64/><T118/><D82/><U47/><E69/><V109/><F109/><W59/><G59/><T52/><D52/><U99/><E47/><V60/><F60/><W13/><G29/><T94/><D39/><U85/><E35/><V6/><F6/><N who="3" m="3287" /><G28/><T34/><D36/><U2/><E2/><V55/><F55/><W128/><G128/><T106/><D34/><U116/><E116/><V48/><F48/><W120/><G103/><T25/><D118/><U131/><E131/><V20/><F9/><W26/><G97/><AGARI ba="2,0" hai="12,17,20,65,66,88,95,97" m="17514,48145" machi="97" ten="40,8000,1" yaku="6,1,18,1,52,2,54,1" doraHai="14,87" who="2" fromWho="3" sc="431,0,209,0,151,86,209,-86" /><INIT seed="1,0,0,3,0,54" ten="431,209,237,123" oya="1" hai0="56,21,95,29,39,46,45,134,133,89,82,99,102" hai1="87,44,60,135,18,50,51,20,72,131,129,1,107" hai2="6,38,125,122,105,0,117,97,2,15,111,27,80" hai3="69,73,49,31,66,67,41,35,16,88,53,112,68"/><U33/><E72/><V59/><F117/><W83/><G112/><T93/><D82/><U101/><E135/><N who="0" m="51721" /><D39/><U119/><E119/><V36/><F122/><W58/><G35/><T113/><D113/><U71/><E33/><V85/><F111/><W90/><G31/><T91/><D91/><N who="3" m="34857" /><G73/><T126/><D126/><U92/><E1/><V48/><F27/><W86/><G68/><T13/><D56/><U34/><E34/><V25/><F25/><W109/><G69/><T121/><D121/><U24/><E107/><V3/><F38/><W64/><G109/><T55/><D55/><U52/><E87/><V94/><F36/><W124/><G124/><T130/><D130/><N who="1" m="49675" /><E50/><V96/><F48/><W123/><G123/><T79/><D79/><U120/><E120/><V98/><F125/><W132/><G132/><T28/><D28/><U74/><E74/><V116/><F0/><W43/><G16/><N who="0" m="10383" /><D29/><U12/><E24/><V70/><F116/><W37/><G37/><T57/><D57/><N who="1" m="34855" /><E71/><V17/><F3/><W5/><G5/><T128/><D128/><U118/><E118/><V106/><F6/><W77/><AGARI ba="0,0" hai="41,43,49,53,58,64,66,67,77,83,86" m="34857" machi="77" ten="30,4000,0" yaku="8,1,52,1,54,1" doraHai="54" who="3" fromWho="3" sc="431,-10,209,-20,237,-10,123,40" /><INIT seed="2,0,0,1,5,1" ten="421,189,227,163" oya="2" hai0="84,91,95,56,88,31,118,68,13,97,36,101,127" hai1="26,71,87,73,129,132,15,134,4,64,54,85,66" hai2="77,45,58,109,61,14,0,72,39,110,28,123,78" hai3="79,5,21,34,82,40,98,80,48,50,41,35,130"/><V42/><F123/><W103/><G130/><T57/><D68/><U76/><E129/><V69/><F0/><W81/><G79/><T96/><D36/><U133/><E54/><V19/><F28/><W131/><G131/><T7/><D127/><U70/><E26/><V74/><F69/><N who="1" m="26121" /><E73/><V62/><F62/><W52/><G21/><T107/><D118/><U24/><E24/><V43/><F43/><W12/><G35/><T37/><D37/><U59/><E76/><V27/><F27/><W65/><G65/><N who="1" m="25194" /><E59/><V135/><F74/><W104/><G34/><T93/><REACH who="0" step="1"/><D31/><REACH who="0" ten="411,189,227,163" step="2"/><U55/><E55/><V86/><F39/><W106/><G40/><T10/><AGARI ba="0,1" hai="7,10,13,56,57,84,88,91,93,95,96,97,101,107" machi="10" ten="30,12000,2" yaku="1,1,2,1,0,1,52,1,54,1,53,1" doraHai="1" doraHaiUra="2" who="0" fromWho="0" sc="411,130,189,-30,227,-60,163,-30" /><INIT seed="3,0,0,1,5,134" ten="541,159,167,133" oya="3" hai0="81,98,59,57,38,14,45,46,28,63,44,104,65" hai1="24,48,109,89,47,33,11,61,19,73,42,127,7" hai2="32,5,60,58,20,12,56,102,3,72,23,22,118" hai3="35,114,120,55,27,131,124,113,108,115,119,106,21"/><W75/><RYUUKYOKU type="yao9" ba="0,0" sc="541,0,159,0,167,0,133,0" hai3="21,27,35,55,75,106,108,113,114,115,119,120,124,131" /><INIT seed="3,1,0,0,1,21" ten="541,159,167,133" oya="3" hai0="17,66,20,16,9,116,119,81,89,130,37,97,120" hai1="76,131,6,107,1,49,92,0,31,42,104,121,108" hai2="102,34,36,12,55,71,110,7,22,62,73,96,45" hai3="106,32,47,64,126,58,100,125,50,10,105,83,8"/><W88/><G32/><T33/><D33/><U103/><E121/><V112/><F34/><W127/><G64/><T18/><D37/><U35/><E76/><V26/><F112/><W80/><G58/><T56/><D120/><U113/><E113/><V57/><F73/><W40/><G80/><T123/><D123/><U4/><E0/><V101/><F110/><W63/><G63/><T5/><D130/><U48/><E108/><V128/><F71/><W65/><G65/><T74/><D20/><U84/><E131/><V114/><F96/><N who="3" m="61575" /><G106/><T44/><D44/><N who="1" m="25623" /><E1/><V117/><F114/><W85/><AGARI ba="1,0" hai="8,10,40,47,50,83,85,88,125,126,127" m="61575" machi="85" ten="40,3900,0" yaku="18,1,54,1" doraHai="21" who="3" fromWho="3" sc="541,-14,159,-14,167,-14,133,42" /><INIT seed="3,2,0,2,4,85" ten="527,145,153,175" oya="3" hai0="119,38,66,63,117,114,53,20,78,118,9,95,24" hai1="19,89,120,113,130,97,27,12,99,7,125,37,32" hai2="52,29,100,60,40,81,128,6,22,51,111,84,26" hai3="4,107,126,25,87,5,112,54,109,75,44,92,106"/><W77/><G75/><T134/><D38/><U13/><E120/><V127/><F111/><W0/><G109/><T80/><D134/><U96/><E113/><V55/><F128/><W17/><G112/><T23/><D114/><U76/><E130/><V69/><F127/><W59/><G126/><T49/><D9/><N who="1" m="4159" /><E32/><V116/><F116/><W58/><G0/><T64/><D95/><N who="1" m="56431" /><E37/><V105/><F105/><W3/><G4/><T71/><D64/><U35/><E35/><V45/><F6/><W10/><G5/><T68/><D68/><U46/><E125/><V8/><F8/><W135/><G10/><T129/><D129/><U70/><E70/><V101/><F60/><W42/><G3/><T122/><D122/><U103/><E103/><N who="2" m="39499" /><F69/><W132/><G107/><T123/><D123/><U79/><E27/><V43/><F43/><W2/><G25/><T83/><D78/><AGARI ba="2,0" hai="22,26,29,40,45,51,52,55,78,81,84" m="39499" machi="78" ten="30,2000,0" yaku="8,1,54,1" doraHai="85" who="2" fromWho="0" sc="527,-26,145,0,153,26,175,0" owari="501,60.1,145,-35.5,179,-2.1,175,-22.5" /></mjloggm>