<mjloggm ver="2.3"><GO type="225" lobby="0"/><UN n0="%E3%81%AF%E3%82%88%E3%81%8A%E3%81%98%E3%81%95%E3%82%93" n1="%E6%A1%9C%E8%8A%B1%E9%96%83%E3%80%85" n2="%65%6B%61%72%75%74%65" n3="%E5%A4%9C%E5%85%89%E5%A4%A9%E6%A5%BC" dan="17,16,16,17" rate="2162.61,2151.41,2096.03,2139.49" sx="M,M,M,M"/><TAIKYOKU oya="0"/><INIT seed="0,0,0,1,1,121" ten="250,250,250,250" oya="0" hai0="2,61,4,12,130,78,77,51,94,120,15,54,117" hai1="57,91,55,31,64,68,97,11,62,67,35,72,112" hai2="1,9,126,30,17,34,102,128,42,107,40,76,88" hai3="100,104,41,75,5,110,43,83,111,28,36,18,124"/><T135/><D120/><U60/><E72/><V89/><F126/><W14/><G124/><T25/><D117/><U29/><E112/><V132/><F128/><W38/><G28/><T73/><D2/><U13/><E35/><V53/><F132/><W115/><G115/><T109/><D135/><U27/><E27/><V10/><F76/><N who="0" m="29290" /><D73/><U71/><E97/><V134/><F134/><W45/><G75/><T26/><D130/><U98/><E98/><V101/><F53/><W86/><G104/><T16/><D61/><U103/><E91/><V22/><F30/><W48/><G100/><T123/><D123/><U106/><E103/><V70/><F70/><W52/><G5/><T47/><D94/><U108/><E108/><N who="3" m="41514" /><G86/><T46/><D109/><U3/><E3/><V90/><F1/><W79/><G83/><T44/><D15/><U49/><REACH who="1" step="1"/><E106/><REACH who="1" ten="250,240,250,250" step="2"/><V19/><F34/><W50/><G79/><T105/><D105/><U7/><AGARI ba="0,1" hai="7,11,13,29,31,49,55,57,60,62,64,67,68,71" machi="7" ten="20,8000,1" yaku="1,1,2,1,0,1,7,1,9,1,53,0" doraHai="121" doraHaiUra="133" who="1" fromWho="1" sc="250,-40,240,90,250,-20,250,-20" /><INIT seed="1,0,0,5,2,69" ten="210,330,230,230" oya="1" hai0="18,86,56,112,50,99,117,115,88,63,74,21,62" hai1="54,55,85,45,97,120,122,9,127,6,92,3,35" hai2="11,107,90,61,87,40,34,126,71,83,95,39,132" hai3="81,110,25,104,65,80,29,2,68,42,16,77,119"/><U17/><E127/><V12/><F126/><W96/><G110/><T10/><D117/><U67/><E35/><V30/><F132/><W27/><G2/><T26/><D74/><U98/><E67/><V118/><F118/><W14/><G119/><T64/><D99/><U134/><E134/><V24/><F107/><W36/><G65/><T28/><D63/><U70/><E70/><V51/><F83/><W121/><G68/><T116/><D116/><U124/><E124/><V15/><F51/><W59/><G59/><T109/><D109/><U89/><E17/><V48/><F48/><W20/><G121/><T66/><D64/><U93/><E85/><V31/><F31/><W108/><G27/><T47/><D10/><U0/><E45/><V76/><F76/><W57/><G57/><T129/><D129/><U46/><E46/><V123/><F123/><W103/><G108/><T114/><D28/><U130/><E130/><V73/><F73/><W37/><G42/><T105/><D105/><U113/><E113/><V84/><F84/><W52/><G52/><T82/><REACH who="0" step="1"/><D114/><REACH who="0" ten="200,330,230,230" step="2"/><U22/><E9/><V72/><F72/><W78/><G78/><T19/><D19/><U60/><E60/><V75/><F75/><W4/><G4/><T41/><AGARI ba="0,1" hai="18,21,26,41,47,50,56,62,66,82,86,88,112,115" machi="41" ten="20,5200,0" yaku="1,1,0,1,7,1,54,1,53,0" doraHai="69" doraHaiUra="135" who="0" fromWho="0" sc="200,62,330,-26,230,-13,230,-13" /><INIT seed="2,0,0,5,0,75" ten="262,304,217,217" oya="2" hai0="43,15,83,60,52,133,28,40,95,67,8,127,13" hai1="69,96,84,2,102,101,1,124,80,132,61,123,12" hai2="121,71,10,112,11,131,27,54,108,72,62,16,74" hai3="46,20,63,118,68,128,86,4,77,64,114,87,9"/><V126/><F112/><W117/><G128/><T14/><D127/><U34/><E124/><V122/><F126/><W73/><G114/><T3/><D133/><U48/><E132/><V24/><F131/><W89/><G73/><T19/><D28/><U93/><E34/><V99/><F108/><W70/><G70/><T116/><D116/><U91/><E123/><V110/><F110/><W98/><G20/><T79/><D95/><U55/><E101/><V18/><F62/><W109/><G98/><T105/><D105/><U65/><REACH who="1" step="1"/><E12/><REACH who="1" ten="262,294,217,217" step="2"/><V130/><F130/><W5/><G109/><T22/><D14/><U29/><E29/><V47/><F121/><W51/><G117/><T119/><D119/><U36/><E36/><V33/><F122/><W49/><G118/><T59/><D3/><U115/><E115/><V58/><F33/><W107/><G107/><T90/><D15/><U0/><E0/><V31/><F31/><W42/><G9/><T129/><D129/><U50/><E50/><V21/><F10/><W53/><G51/><T56/><D8/><U111/><E111/><V135/><F11/><W113/><G113/><T78/><D13/><U44/><AGARI ba="0,1" hai="1,2,44,48,55,61,65,69,80,84,91,93,96,102" machi="44" ten="20,5200,0" yaku="1,1,0,1,7,1,53,1" doraHai="75" doraHaiUra="85" who="1" fromWho="1" sc="262,-13,294,62,217,-26,217,-13" /><INIT seed="3,0,0,1,0,78" ten="249,356,191,204" oya="3" hai0="0,71,129,80,34,29,81,36,42,63,112,13,48" hai1="38,90,62,22,46,39,12,107,108,4,79,8,68" hai2="40,32,85,31,20,97,55,116,96,47,51,1,109" hai3="84,123,57,82,60,25,88,70,24,18,21,27,33"/><W9/><G70/><T104/><D0/><U105/><E79/><V16/><F109/><W5/><G33/><T119/><D119/><U26/><E108/><V41/><F116/><W83/><G82/><T126/><D36/><U35/><E90/><V43/><F1/><W69/><G69/><T30/><D104/><U100/><E22/><V132/><F132/><W72/><G72/><T6/><D126/><U94/><E94/><V66/><F66/><W61/><G123/><T101/><D101/><U74/><E74/><V67/><F67/><N who="3" m="39311" /><G61/><T114/><D129/><U73/><E73/><V2/><F2/><W28/><G5/><T135/><D135/><U10/><E107/><V45/><F45/><W102/><G102/><T44/><D63/><U54/><E46/><V87/><F31/><N who="0" m="11786" /><D34/><U19/><E35/><V127/><F127/><W76/><G76/><T91/><D91/><U52/><E100/><V95/><F32/><W65/><G65/><T128/><D128/><U56/><E105/><V111/><F111/><W89/><G89/><T49/><D49/><U23/><E68/><V7/><F7/><W77/><G77/><T59/><D59/><U37/><E54/><V106/><F106/><W121/><G121/><T115/><D71/><U11/><AGARI ba="0,0" hai="4,8,10,11,12,19,23,26,37,38,39,52,56,62" machi="11" ten="40,2700,0" yaku="0,1,54,1" doraHai="78" who="1" fromWho="1" sc="249,-7,356,27,191,-7,204,-13" owari="242,4.2,383,48.3,184,-31.6,191,-20.9" /></mjloggm>