<mjloggm ver="2.3"><GO type="225" lobby="0"/><UN n0="%E6%B4%BE%E9%81%A3%E3%81%AE%E3%82%B8%E3%83%A3%E3%83%83%E3%82%AF" n1="%33%74%72%65%65" n2="%E9%97%98%E5%B0%86%E3%81%A0%E3%82%93%E3%81%A7%E3%81%83" n3="%6D%75%75%73%61%6E%6D%75" dan="17,16,16,16" rate="2197.21,2122.72,2127.58,2116.29" sx="M,F,M,F"/><TAIKYOKU oya="0"/><INIT seed="0,0,0,5,1,122" ten="250,250,250,250" oya="0" hai0="83,80,135,95,121,74,120,51,87,75,89,67,38" hai1="8,116,91,97,69,128,133,65,72,17,47,76,62" hai2="123,130,23,96,2,82,98,18,53,24,129,37,105" hai3="21,20,77,94,25,88,107,7,0,43,126,104,111"/><T35/><D38/><U55/><E116/><V34/><F123/><N who="0" m="47178" /><D67/><U112/><E128/><V117/><F117/><W124/><G111/><T79/><D51/><U48/><E112/><V26/><F2/><W10/><G43/><T42/><D42/><U27/><E133/><V90/><F37/><W113/><G113/><T71/><D71/><U40/><E72/><N who="0" m="27689" /><D35/><U125/><E76/><V64/><F64/><W61/><G77/><T50/><D50/><U39/><E125/><N who="3" m="48234" /><G61/><T4/><D4/><U57/><E8/><V132/><F132/><W6/><G6/><T109/><D135/><U41/><E41/><V14/><F129/><W99/><G21/><T22/><D22/><U118/><E118/><V86/><F130/><W100/><G100/><T110/><D80/><U115/><E115/><V32/><F32/><W9/><G9/><T5/><D5/><U49/><E49/><V134/><F134/><W29/><AGARI ba="0,0" hai="0,7,10,20,25,29,88,94,99,104,107" m="48234" machi="29" ten="30,2000,0" yaku="18,1,54,1" doraHai="122" who="3" fromWho="3" sc="250,-10,250,-5,250,-5,250,20" /><INIT seed="1,0,0,1,2,89" ten="240,245,245,270" oya="1" hai0="49,53,10,129,23,75,59,127,116,35,66,39,93" hai1="117,92,14,80,69,88,122,52,94,15,131,36,102" hai2="70,1,114,56,26,6,79,20,11,98,90,42,77" hai3="45,4,123,46,86,112,62,132,57,73,99,19,64"/><U67/><E117/><V17/><F70/><W125/><G73/><T135/><D75/><U68/><E122/><V76/><F114/><W7/><G112/><T81/><D35/><U91/><E36/><V24/><F42/><W29/><G123/><T63/><D116/><U130/><E80/><V51/><F51/><W8/><G132/><T0/><D39/><U22/><E102/><V121/><F121/><W97/><G125/><T118/><D118/><U82/><E82/><V30/><F56/><W100/><G86/><T124/><D135/><U84/><E52/><V119/><F119/><W41/><G29/><T18/><D81/><U85/><REACH who="1" step="1"/><E22/><REACH who="1" ten="240,235,245,270" step="2"/><V3/><F77/><W72/><G100/><T43/><D43/><U38/><E38/><V44/><F44/><W54/><G54/><T47/><D129/><U58/><E58/><V103/><F90/><W12/><G46/><T120/><D120/><U65/><AGARI ba="0,1" hai="14,15,65,67,68,69,84,85,88,91,92,94,130,131" machi="65" ten="25,18000,2" yaku="1,1,0,1,22,2,52,2,54,1,53,0" doraHai="89" doraHaiUra="31" who="1" fromWho="1" sc="240,-60,235,190,245,-60,270,-60" /><INIT seed="1,1,0,3,3,29" ten="180,425,185,210" oya="1" hai0="20,42,130,53,54,8,26,18,43,129,45,28,84" hai1="103,90,101,83,41,4,47,127,119,55,81,69,23" hai2="34,32,1,94,16,35,19,77,115,67,70,44,121" hai3="92,116,11,10,50,128,31,107,87,124,88,113,71"/><U117/><E69/><V14/><F121/><W132/><G113/><T73/><D73/><U104/><E127/><V62/><F1/><W126/><G71/><T30/><D84/><U68/><E68/><V105/><F105/><W63/><G107/><T74/><D74/><U123/><E123/><V111/><F111/><W49/><G128/><N who="0" m="49259" /><D42/><U93/><E41/><V17/><F115/><W59/><G132/><T118/><D118/><U112/><E104/><V122/><F122/><W6/><G116/><T9/><D28/><U0/><E112/><V82/><F94/><W52/><G31/><T64/><D64/><U85/><E93/><V65/><F65/><W80/><G80/><T33/><D9/><N who="3" m="3081" /><G6/><T133/><D8/><N who="1" m="2055" /><E81/><V27/><F14/><W72/><G72/><T95/><D95/><U120/><E120/><V60/><F60/><W86/><G86/><T13/><D133/><U56/><E85/><V100/><F100/><W102/><G102/><T39/><AGARI ba="1,0" hai="13,18,20,26,30,33,39,43,45,53,54" m="49259" machi="39" ten="30,2000,0" yaku="19,1,52,1" doraHai="29" who="0" fromWho="0" sc="180,23,425,-11,185,-6,210,-6" /><INIT seed="2,0,0,4,3,105" ten="203,414,179,204" oya="2" hai0="48,18,112,133,99,39,68,47,8,29,114,45,84" hai1="21,9,10,69,52,58,37,6,102,65,34,132,28" hai2="90,42,107,22,116,128,19,106,56,113,127,72,81" hai3="49,125,79,97,104,3,130,12,54,108,122,86,77"/><V94/><F113/><W71/><G3/><T4/><D68/><U44/><E132/><V89/><F116/><W101/><G122/><T1/><D29/><U41/><E34/><V134/><F134/><W55/><G108/><T88/><D133/><U82/><E102/><V83/><F42/><W80/><G130/><T115/><D99/><U73/><E28/><V121/><F121/><W11/><G125/><T7/><D7/><U123/><E21/><V100/><F128/><W117/><G71/><T67/><D67/><U14/><E10/><V50/><F100/><W60/><G117/><T15/><D39/><U119/><E119/><V32/><F32/><W129/><G129/><T13/><D48/><U33/><E33/><V23/><F23/><W91/><G60/><T74/><D74/><U25/><E25/><V61/><F50/><W38/><G55/><T63/><D63/><U103/><E103/><V51/><F51/><W96/><G97/><T109/><D109/><U30/><E123/><V31/><F31/><W64/><G64/><T53/><D53/><U35/><E30/><V78/><F127/><W76/><G38/><T27/><D27/><U2/><E35/><V46/><F46/><N who="0" m="17418" /><D18/><U87/><E37/><V98/><F61/><W110/><G110/><T40/><D40/><U124/><E124/><V75/><F56/><W85/><G54/><T26/><D26/><U17/><E58/><V36/><F36/><W59/><G59/><T118/><D118/><U0/><E41/><V62/><F62/><W120/><G120/><T131/><D131/><U66/><E69/><RYUUKYOKU ba="0,0" sc="203,30,414,-10,179,-10,204,-10" hai0="1,4,8,13,15,84,88,112,114,115" /><INIT seed="3,1,0,0,0,55" ten="233,404,169,194" oya="3" hai0="70,131,101,5,63,77,107,16,97,115,9,135,4" hai1="36,102,132,20,65,8,53,92,11,41,48,26,125" hai2="47,32,82,12,84,118,72,66,68,67,45,39,99" hai3="31,58,128,134,29,123,91,78,22,1,3,112,27"/><W71/><G71/><T40/><D40/><U87/><E132/><V33/><F118/><W85/><G134/><T52/><D135/><U133/><E125/><V106/><F12/><W35/><G123/><T14/><D77/><U121/><E121/><V103/><F47/><W86/><G112/><T83/><D83/><U100/><E65/><V56/><F67/><W81/><G128/><T24/><D131/><U94/><E41/><N who="2" m="22719" /><F84/><W75/><G75/><T17/><D115/><U46/><E36/><V117/><F56/><W50/><G35/><T73/><D73/><U49/><E49/><V120/><F117/><W6/><G6/><T127/><D127/><U111/><E111/><V23/><F23/><W126/><G126/><T61/><D61/><U80/><E11/><V88/><F88/><W122/><G122/><T15/><D24/><U30/><E8/><V28/><F28/><N who="3" m="17527" /><G3/><T98/><D98/><U124/><E124/><V108/><F120/><W54/><G1/><T13/><D70/><U10/><E10/><V21/><F21/><W37/><G37/><T95/><D107/><U62/><E133/><V113/><F113/><W60/><G60/><T69/><D69/><U96/><E62/><N who="2" m="40023" /><F108/><W57/><G57/><N who="0" m="35239" /><D9/><U59/><E46/><V90/><F90/><W0/><G0/><T18/><AGARI ba="1,0" hai="4,5,13,14,15,16,17,18,95,97,101" m="35239" machi="18" ten="30,7900,0" yaku="8,1,52,1,54,2" doraHai="55" who="0" fromWho="0" sc="233,82,404,-21,169,-21,194,-40" owari="315,11.5,383,48.3,148,-35.2,154,-24.6" /></mjloggm>