<mjloggm ver="2.3"><GO type="225" lobby="0"/><UN n0="%E5%8D%A0%E3%81%84%E5%B8%AB%E8%A3%8F%E3%81%AA%E3%81%84%E3%81%97" n1="%72%69%6F%75%63%68%61%6E" n2="%E6%B8%A9%E2%98%85%E6%83%85%E2%98%85%E6%8E%AA%E2%98%85%E7%BD%AE" n3="%E3%83%A9%E3%82%A4%E3%83%B3%E3%81%AE%E8%99%8E" dan="17,16,17,16" rate="2194.88,2206.49,2153.04,2102.93" sx="M,M,M,M"/><TAIKYOKU oya="0"/><INIT seed="0,0,0,2,4,39" ten="250,250,250,250" oya="0" hai0="26,13,1,33,5,94,48,55,125,14,99,111,27" hai1="73,12,40,120,54,15,63,81,87,51,102,32,118" hai2="9,90,75,17,97,59,58,47,93,135,128,11,127" hai3="36,50,0,114,22,10,123,105,45,16,133,6,110"/><T3/><D125/><U116/><E120/><V71/><F127/><W85/><G110/><T91/><D111/><U108/><E108/><V28/><F71/><W72/><G133/><T29/><D26/><U31/><E73/><V70/><F70/><W76/><G123/><T49/><D49/><U57/><E102/><V66/><F75/><W84/><G105/><T126/><D126/><U113/><E113/><V121/><F121/><W19/><G19/><T52/><D55/><U134/><E134/><V62/><F135/><W96/><G96/><T74/><D74/><U82/><E32/><V37/><F128/><W88/><G114/><T98/><D99/><U46/><E31/><V35/><F17/><W95/><G36/><T132/><D132/><U103/><E103/><V21/><F35/><W83/><G72/><T18/><D5/><U64/><E81/><V89/><F89/><W86/><G83/><T20/><REACH who="0" step="1"/><D13/><REACH who="0" ten="240,250,250,250" step="2"/><N who="1" m="5195" /><E118/><V100/><F37/><W79/><G79/><T56/><AGARI ba="0,1" hai="1,3,14,18,20,27,29,33,48,52,56,91,94,98" machi="56" ten="20,7800,0" yaku="1,1,0,1,7,1,54,1,53,0" doraHai="39" doraHaiUra="101" who="0" fromWho="0" sc="240,88,250,-26,250,-26,250,-26" /><INIT seed="0,1,0,2,0,12" ten="328,224,224,224" oya="0" hai0="75,41,46,121,48,107,59,32,6,5,23,134,120" hai1="58,37,125,122,77,15,108,117,98,34,111,3,44" hai2="90,7,83,86,56,100,89,105,135,33,40,67,1" hai3="35,74,110,73,109,47,43,25,10,36,128,92,26"/><T65/><D32/><U31/><E117/><V50/><F135/><W101/><G128/><T61/><D134/><U76/><E122/><V21/><F33/><W9/><G101/><T123/><D107/><U19/><E3/><V115/><F115/><W54/><G92/><T2/><D2/><U112/><E112/><V0/><F7/><W127/><G54/><T93/><D75/><N who="3" m="28681" /><G127/><T27/><REACH who="0" step="1"/><D93/><REACH who="0" ten="318,224,224,224" step="2"/><U52/><E125/><V62/><F1/><W42/><G35/><T106/><D106/><U4/><E111/><V72/><F0/><W63/><G109/><T85/><D85/><U130/><E108/><V96/><F72/><W79/><G110/><T20/><D20/><U87/><E87/><V64/><F21/><W69/><G9/><T11/><D11/><U38/><E130/><V124/><F124/><W97/><G10/><T104/><D104/><U22/><E98/><V16/><F86/><W51/><G97/><T99/><D99/><U29/><E34/><V24/><F96/><W114/><G114/><T53/><D53/><U17/><E52/><V68/><F105/><W66/><G79/><T8/><D8/><U133/><E77/><V49/><F90/><W80/><G80/><T30/><AGARI ba="1,1" hai="5,6,23,27,30,41,46,48,59,61,65,120,121,123" machi="30" ten="30,3000,0" yaku="1,1,0,1,53,0" doraHai="12" doraHaiUra="81" who="0" fromWho="0" sc="318,43,224,-11,224,-11,224,-11" /><INIT seed="0,2,0,2,3,75" ten="361,213,213,213" oya="0" hai0="120,108,52,54,83,38,2,111,86,61,110,24,56" hai1="55,34,39,134,59,19,18,20,92,17,82,45,57" hai2="135,129,46,14,65,116,84,106,13,118,33,51,81" hai3="95,43,105,7,73,69,93,28,4,123,87,35,76"/><T115/><D115/><U60/><E34/><V98/><F33/><W102/><G69/><T104/><D120/><U113/><E113/><V96/><F65/><W99/><G43/><T48/><D104/><U29/><E134/><V90/><F135/><W64/><G64/><T117/><D117/><N who="2" m="45162" /><F129/><W21/><G35/><T72/><D2/><U1/><E1/><V37/><F37/><W66/><G66/><T16/><D38/><U133/><E133/><V0/><F0/><W23/><G123/><T101/><D101/><U41/><E92/><N who="2" m="56343" /><F98/><W12/><G93/><T49/><D72/><U40/><E41/><N who="2" m="25039" /><F106/><W62/><G105/><T89/><D54/><U85/><E57/><V11/><F11/><W44/><G99/><T27/><D27/><U132/><E132/><V50/><F50/><W91/><G62/><T109/><D109/><U130/><E130/><V31/><F31/><W26/><G28/><T10/><D10/><U128/><E128/><V6/><F6/><W63/><G4/><T88/><D89/><AGARI ba="2,0" hai="13,14,81,84,89" m="25039,56343,45162" machi="89" ten="30,1000,0" yaku="12,1" doraHai="75" who="2" fromWho="0" sc="361,-16,213,0,213,16,213,0" /><INIT seed="1,0,0,3,0,135" ten="345,213,229,213" oya="1" hai0="24,121,46,17,85,93,100,113,40,130,114,47,104" hai1="26,25,74,77,67,102,39,84,109,11,131,18,59" hai2="34,127,13,82,65,105,111,73,95,116,69,80,44" hai3="20,79,83,43,45,134,89,23,75,42,78,110,2"/><U118/><E118/><V126/><F116/><W5/><G110/><T22/><D104/><U37/><E74/><V106/><F34/><W32/><G32/><T50/><D130/><U35/><E131/><V58/><F69/><W68/><G134/><T129/><D129/><U30/><E109/><V115/><F115/><W70/><G23/><T1/><D1/><U98/><E77/><N who="2" m="44079" /><F82/><W71/><G20/><T60/><D121/><U52/><E67/><V3/><F3/><W16/><G16/><T120/><D120/><U96/><E84/><V125/><F111/><W66/><G43/><T112/><D60/><U56/><E59/><V7/><F95/><W51/><G89/><T33/><D33/><U4/><E98/><V86/><F86/><W29/><G29/><T64/><D64/><U90/><E90/><V62/><F44/><W27/><G27/><T36/><D85/><U53/><E18/><V31/><F31/><W14/><G78/><T19/><D19/><U124/><E26/><V49/><F49/><W94/><G94/><T55/><D93/><U61/><E53/><V91/><F91/><W108/><G108/><T122/><D122/><U117/><E117/><V10/><AGARI ba="0,0" hai="7,10,13,58,62,65,105,106,125,126,127" m="44079" machi="10" ten="40,8000,1" yaku="18,1,52,3" doraHai="135" who="2" fromWho="2" sc="345,-20,213,-40,229,80,213,-20" /><INIT seed="2,0,0,0,0,65" ten="325,173,309,193" oya="2" hai0="83,122,118,20,47,133,63,22,41,52,126,109,96" hai1="97,62,56,38,82,23,131,89,84,9,50,6,113" hai2="110,7,135,55,80,21,116,17,102,128,130,111,45" hai3="37,61,54,129,108,114,60,134,27,87,33,58,32"/><V35/><F35/><W59/><G108/><N who="2" m="41513" /><F116/><W106/><G129/><N who="2" m="49769" /><F102/><W10/><G134/><T132/><D122/><U67/><E38/><V8/><F80/><W98/><G37/><T34/><D34/><U1/><E113/><V120/><F120/><W40/><G40/><T70/><D109/><U78/><E131/><V51/><F135/><W24/><G114/><T43/><D118/><U85/><E23/><V91/><F91/><W123/><G10/><T11/><D83/><U31/><E31/><V49/><F49/><W12/><G123/><T28/><D11/><U4/><E4/><V104/><F104/><W125/><G106/><T100/><D100/><U101/><E50/><V94/><F94/><W127/><G32/><T69/><D28/><U76/><REACH who="1" step="1"/><E84/><REACH who="1" ten="325,163,309,193" step="2"/><V25/><F8/><W95/><G87/><T74/><D133/><U105/><AGARI ba="0,1" hai="1,6,9,56,62,67,76,78,82,85,89,97,101,105" machi="105" ten="20,5200,0" yaku="1,1,2,1,0,1,7,1,53,0" doraHai="65" doraHaiUra="14" who="1" fromWho="1" sc="325,-13,163,62,309,-26,193,-13" /><INIT seed="3,0,0,3,0,36" ten="312,225,283,180" oya="3" hai0="88,21,122,97,99,69,133,7,37,32,63,81,125" hai1="27,62,126,85,95,130,9,132,12,16,34,100,113" hai2="75,80,111,70,127,26,17,110,47,77,41,87,28" hai3="59,31,45,129,72,93,15,116,104,48,89,131,40"/><W90/><G116/><T112/><D122/><U117/><E113/><V22/><F70/><W108/><G104/><T60/><D32/><U25/><E117/><V33/><F127/><W58/><G72/><T67/><D37/><U76/><E126/><V2/><F2/><W105/><G105/><T39/><D39/><U5/><E130/><N who="3" m="49674" /><G108/><T64/><D133/><U134/><E62/><V103/><F103/><W53/><G31/><T50/><D125/><U35/><E76/><V24/><REACH who="2" step="1"/><F75/><REACH who="2" ten="312,225,273,180" step="2"/><W11/><G93/><T119/><D119/><U86/><E100/><V42/><F42/><W19/><G59/><T124/><D69/><U44/><E44/><V1/><F1/><W106/><G106/><T3/><D3/><N who="1" m="191" /><E95/><V107/><F107/><W14/><G14/><T74/><D74/><U84/><E27/><V115/><F115/><W118/><G118/><T120/><D112/><U121/><E25/><V83/><F83/><W18/><G18/><T71/><D81/><U46/><E46/><V29/><F29/><W109/><G109/><T78/><D71/><U54/><E121/><V4/><F4/><W10/><G10/><T56/><D7/><U94/><E94/><V102/><F102/><W96/><G96/><T66/><D120/><U49/><E134/><V91/><F91/><N who="3" m="34827" /><G58/><T82/><D124/><U98/><E132/><V23/><F23/><W57/><G57/><T51/><D21/><N who="1" m="11399" /><E98/><V65/><F65/><N who="0" m="25194" /><D60/><U114/><E114/><V55/><F55/><AGARI ba="0,1" hai="11,15,19,40,45,48,53,55" m="34827,49674" machi="55" ten="30,2900,0" yaku="19,1,52,1" doraHai="36" who="3" fromWho="2" sc="312,0,225,0,273,-29,180,39" /><INIT seed="3,1,0,2,1,94" ten="312,225,244,219" oya="3" hai0="135,59,67,36,49,96,55,134,128,116,51,29,12" hai1="65,15,3,44,129,38,74,53,34,101,56,123,112" hai2="81,100,10,66,27,90,40,7,39,87,69,22,103" hai3="126,24,5,121,47,14,63,77,42,105,99,32,17"/><W52/><G121/><T119/><D36/><U21/><E123/><V80/><F69/><W110/><G77/><T58/><D128/><U92/><E112/><V117/><F117/><W76/><G76/><T79/><D29/><U1/><E34/><V57/><F80/><W33/><G24/><T93/><D12/><U46/><E74/><V25/><F39/><W106/><G5/><T82/><D51/><U131/><E65/><V91/><F91/><W35/><G126/><T0/><D0/><U89/><E101/><N who="2" m="38987" /><F40/><W85/><G85/><T109/><D109/><U9/><E21/><V127/><F127/><W107/><G110/><T122/><D122/><U60/><E1/><V88/><F90/><W71/><G99/><T30/><D30/><U95/><E3/><V6/><F10/><W26/><G26/><N who="2" m="9737" /><F22/><W11/><G71/><T113/><D113/><U2/><E2/><V64/><F64/><W73/><G73/><T102/><D67/><U97/><E38/><V61/><AGARI ba="1,0" hai="6,7,57,61,66,81,87,88" m="9737,38987" machi="61" ten="30,2000,0" yaku="8,1,54,1" doraHai="94" who="2" fromWho="2" sc="312,-6,225,-6,244,23,219,-11" owari="306,40.6,219,-18.1,267,6.7,208,-29.2" /></mjloggm>