<mjloggm ver="2.3"><GO type="225" lobby="0"/><UN n0="%E3%83%A1%E3%82%AC%E3%83%87%E3%82%B8" n1="%72%69%6F%75%63%68%61%6E" n2="%E3%83%B4%E3%83%A0%EF%BC%99%E3%81%A6" n3="%6D%75%75%6D%75%72%61" dan="16,17,17,16" rate="2098.88,2198.19,2217.32,2210.57" sx="F,M,M,F"/><TAIKYOKU oya="0"/><INIT seed="0,0,0,2,5,114" ten="250,250,250,250" oya="0" hai0="113,129,40,91,135,105,74,120,31,58,55,118,23" hai1="67,78,125,132,49,65,64,121,8,69,104,127,103" hai2="80,2,108,48,16,94,13,14,85,26,75,46,21" hai3="6,116,90,41,29,15,24,50,84,101,92,83,51"/><T53/><D113/><U117/><E121/><V133/><F2/><W70/><G70/><T9/><D120/><U56/><E78/><V59/><F108/><W131/><G131/><T71/><D71/><U12/><E117/><V25/><F133/><W76/><G116/><T28/><D74/><U95/><E104/><V126/><F126/><N who="1" m="48137" /><E132/><V11/><F75/><W88/><G101/><T45/><D105/><U112/><E112/><V1/><F1/><W77/><G6/><T32/><D32/><U34/><E34/><V86/><F59/><W124/><G15/><T62/><D129/><U107/><E107/><V4/><F94/><W37/><G37/><T44/><D118/><U5/><E69/><V122/><F122/><W87/><G124/><T19/><D9/><U42/><E42/><V111/><F111/><W119/><G119/><T93/><D53/><N who="1" m="31791" /><E64/><V73/><F73/><W72/><G72/><T54/><D54/><U96/><AGARI ba="0,0" hai="5,8,12,65,67,95,96,103" m="31791,48137" machi="96" ten="30,1100,0" yaku="18,1" doraHai="114" who="1" fromWho="1" sc="250,-5,250,11,250,-3,250,-3" /><INIT seed="1,0,0,0,1,67" ten="245,261,247,247" oya="1" hai0="1,80,53,60,100,58,109,55,59,52,45,68,24" hai1="39,63,70,97,16,130,29,10,14,117,57,23,126" hai2="43,82,78,101,133,107,123,85,4,38,94,105,106" hai3="28,108,36,21,8,18,64,69,26,121,34,22,87"/><U112/><E112/><V118/><F4/><W19/><G36/><T84/><D1/><U73/><E117/><V48/><F38/><W135/><G121/><T2/><D2/><U41/><E73/><N who="2" m="43343" /><F48/><W122/><G122/><T17/><D100/><U49/><E130/><V115/><F43/><W31/><G108/><T30/><D109/><U7/><E126/><V47/><F47/><W79/><G135/><T81/><D17/><U74/><E74/><V93/><F123/><W11/><G79/><T99/><D99/><U27/><E39/><V92/><F118/><W120/><G120/><T56/><D45/><N who="1" m="25775" /><E70/><V104/><F133/><W50/><G87/><T42/><D42/><U88/><E97/><N who="2" m="61487" /><F115/><W119/><G50/><T103/><D103/><U35/><E88/><AGARI ba="0,0" hai="85,88,92,93,94,105,106,107" m="61487,43343" machi="88" ten="30,12000,2" yaku="24,1,35,5,54,1" doraHai="67" who="2" fromWho="1" sc="245,0,261,-120,247,120,247,0" /><INIT seed="2,0,0,3,4,22" ten="245,141,367,247" oya="2" hai0="91,85,112,51,31,46,108,134,0,16,14,47,66" hai1="92,95,104,25,15,128,123,19,81,74,30,89,11" hai2="42,132,5,94,54,43,35,32,34,102,58,12,80" hai3="101,73,65,117,7,57,75,111,115,55,23,44,52"/><V20/><F132/><W129/><G117/><T86/><D0/><U4/><E128/><V113/><F113/><W8/><G129/><T83/><D134/><U84/><E123/><V56/><F80/><W121/><G121/><T62/><D31/><U122/><E122/><V40/><F5/><W87/><G111/><T29/><D108/><U97/><E74/><V130/><F130/><W28/><G115/><T110/><D110/><U82/><E104/><V69/><F69/><W50/><G101/><T133/><D133/><U107/><E107/><V71/><F71/><W103/><G103/><T2/><D2/><U105/><E105/><V21/><F56/><W13/><G65/><T68/><D112/><U61/><E61/><V3/><F3/><W77/><G87/><T45/><D29/><U90/><REACH who="1" step="1"/><E19/><REACH who="1" ten="245,131,367,247" step="2"/><V96/><REACH who="2" step="1"/><F12/><REACH who="2" ten="245,131,357,247" step="2"/><W116/><G13/><T99/><D86/><U27/><E27/><V33/><N who="2" m="8192" /><DORA hai="37" /><V106/><F106/><W118/><G75/><T120/><D120/><U6/><E6/><V88/><F88/><W18/><G73/><T67/><D99/><U24/><E24/><V49/><AGARI ba="0,2" hai="20,21,40,42,43,49,54,58,94,96,102" m="8192" machi="49" ten="60,12000,1" yaku="1,1,0,1,52,3,53,0" doraHai="22,37" doraHaiUra="26,41" who="2" fromWho="2" sc="245,-40,131,-40,357,140,247,-40" /><INIT seed="2,1,0,4,0,8" ten="205,91,497,207" oya="2" hai0="3,26,52,17,115,114,75,63,49,99,5,24,119" hai1="71,64,87,30,38,61,53,43,25,28,127,134,126" hai2="11,65,76,74,34,0,117,91,118,23,135,82,112" hai3="27,100,107,125,14,85,120,123,37,111,79,72,95"/><V29/><F112/><W86/><G37/><T73/><D119/><U40/><E87/><V70/><F135/><W69/><G69/><T68/><D3/><U104/><E104/><V15/><F34/><W41/><G41/><N who="1" m="15946" /><E25/><V31/><F0/><W128/><G27/><T88/><D5/><U92/><E92/><V7/><F23/><W55/><G86/><T2/><D2/><U36/><E28/><V66/><F66/><W110/><G55/><T129/><D26/><U13/><E13/><V39/><F39/><N who="1" m="14889" /><E30/><V12/><F12/><W59/><G14/><T78/><D17/><U46/><E134/><V96/><F29/><W51/><G107/><T35/><D35/><U124/><E46/><V102/><F91/><W45/><G100/><T103/><D88/><U93/><E93/><V16/><F31/><W131/><G95/><T9/><D24/><U90/><E90/><V50/><F7/><W4/><G85/><T105/><D103/><U133/><E133/><V48/><F117/><W19/><G4/><T58/><D105/><U130/><E53/><V47/><F47/><W56/><G19/><T18/><D52/><U98/><E98/><V1/><F1/><W89/><G89/><T83/><D99/><U60/><E60/><N who="2" m="40231" /><F118/><W57/><G45/><T32/><D18/><U109/><E109/><V21/><F11/><W54/><G111/><T94/><D9/><U44/><E44/><V67/><F16/><W121/><G110/><T122/><D32/><U80/><E80/><V42/><F82/><N who="3" m="45415" /><G54/><N who="0" m="34263" /><D83/><U81/><E81/><V10/><F102/><W132/><G132/><RYUUKYOKU ba="1,0" sc="205,-10,91,30,497,-10,207,-10" hai1="61,64,71,124,126,127,130" /><INIT seed="3,2,0,2,5,121" ten="195,121,487,197" oya="3" hai0="106,127,19,83,54,47,5,30,57,39,132,120,76" hai1="73,20,12,100,72,88,92,25,17,42,14,114,126" hai2="70,124,59,86,129,89,6,2,133,90,130,122,108" hai3="41,56,63,18,81,24,53,62,105,46,104,71,74"/><W34/><G74/><T117/><D117/><U135/><E126/><V11/><F70/><W95/><G81/><T78/><D120/><U22/><E135/><V1/><F122/><W75/><G75/><T91/><D106/><U96/><E114/><V77/><F133/><W134/><G134/><T67/><D132/><U45/><E100/><V35/><F124/><W33/><G95/><T31/><D5/><U84/><E96/><V116/><F116/><W61/><G34/><T87/><D127/><U123/><E123/><V58/><F35/><W65/><G62/><N who="0" m="38351" /><D19/><U15/><REACH who="1" step="1"/><E22/><REACH who="1" ten="195,111,487,197" step="2"/><V101/><F101/><W125/><G125/><T36/><D39/><AGARI ba="2,1" hai="12,14,15,17,20,25,39,42,45,72,73,84,88,92" machi="39" ten="40,5200,0" yaku="1,1,2,1,54,1,53,0" doraHai="121" doraHaiUra="98" who="1" fromWho="0" sc="195,-58,111,68,487,0,197,0" owari="137,-36.3,179,-22.1,487,58.7,197,-0.3" /></mjloggm>