<mjloggm ver="2.3"><GO type="225" lobby="0"/><UN n0="%E3%83%A9%E3%83%BC%E3%83%A1%E3%83%B3%E4%BA%94%E9%83%8E" n1="%E3%83%97%E3%83%AC%E3%83%B4%E3%82%A1%E3%83%86%E3%82%A3" n2="%E5%8F%AF%E5%85%90%E9%82%A3%E7%94%B1%E5%A4%9A" n3="%E3%81%B5%E3%81%98%E3%81%8B%E3%81%A4" dan="16,16,17,16" rate="2055.37,2069.53,2164.38,2180.15" sx="M,F,F,M"/><TAIKYOKU oya="0"/><INIT seed="0,0,0,4,0,21" ten="250,250,250,250" oya="0" hai0="84,80,3,102,96,78,123,58,90,13,77,100,110" hai1="101,43,85,44,20,92,15,45,48,7,23,1,93" hai2="4,119,72,89,32,30,14,120,118,37,67,99,116" hai3="46,38,129,64,35,39,103,132,10,117,109,12,2"/><T104/><D3/><U11/><E1/><V24/><F72/><W60/><G117/><T111/><D13/><U75/><E75/><V130/><F37/><W125/><G35/><T70/><D70/><U73/><E73/><V121/><F67/><W81/><G2/><T26/><D58/><U31/><E31/><V49/><F49/><W18/><G109/><N who="0" m="41483" /><D123/><N who="2" m="47178" /><F99/><W56/><G125/><T40/><D40/><U66/><E66/><V59/><F89/><W126/><G132/><T83/><D26/><U57/><E57/><V69/><F59/><W135/><G135/><T0/><D0/><U131/><E131/><V52/><F69/><W50/><G129/><T63/><D63/><U41/><E101/><V5/><F52/><N who="3" m="29783" /><G126/><T71/><D71/><U97/><E97/><V124/><F124/><W134/><G134/><T51/><D51/><N who="1" m="27023" /><E85/><V27/><F130/><W122/><G122/><T105/><D80/><U86/><E86/><V82/><F82/><W95/><G39/><T6/><D6/><N who="2" m="2666" /><F14/><W94/><G38/><T114/><D114/><U133/><E133/><V76/><F76/><N who="0" m="29290" /><D96/><U34/><E34/><V74/><F74/><W29/><G81/><T91/><D91/><U115/><E43/><V79/><F79/><W113/><G113/><T55/><D55/><N who="1" m="30095" /><E115/><V127/><F127/><W107/><G64/><T88/><D90/><U8/><E8/><V128/><F128/><W98/><G60/><T54/><D54/><U9/><E11/><V53/><F53/><W42/><G56/><T65/><D65/><U33/><E33/><N who="2" m="20679" /><F119/><W47/><G29/><AGARI ba="0,0" hai="27,29,32,116,118" m="20679,2666,47178" machi="29" ten="30,7700,0" yaku="34,2,52,2" doraHai="21" who="2" fromWho="3" sc="250,0,250,0,250,77,250,-77" /><INIT seed="1,0,0,4,5,130" ten="250,250,327,173" oya="1" hai0="38,113,3,71,79,104,65,32,135,82,123,57,95" hai1="39,28,11,8,64,73,54,121,86,51,4,23,90" hai2="125,70,17,0,120,45,122,37,110,101,22,98,56" hai3="21,75,131,76,118,1,78,87,72,42,107,9,80"/><U15/><E73/><N who="3" m="28234" /><G21/><T31/><D113/><U60/><E39/><V30/><F70/><W115/><G9/><T53/><D104/><U109/><E121/><V6/><F110/><W88/><G1/><T67/><D123/><U102/><E102/><V7/><F125/><W97/><G42/><T26/><D3/><U25/><E109/><V58/><F30/><W96/><G115/><T119/><D119/><U24/><E8/><V66/><F98/><N who="3" m="37995" /><G118/><T46/><D71/><U14/><E25/><V59/><F101/><W43/><G43/><T105/><D105/><U93/><E14/><V27/><F66/><W129/><G107/><T111/><D111/><U29/><E29/><V84/><F0/><W83/><G83/><T40/><D95/><U117/><E117/><V81/><F122/><W124/><G124/><T126/><D126/><U99/><E99/><V18/><F120/><W5/><G5/><T91/><D53/><U77/><E64/><V69/><F69/><W41/><G41/><T68/><D57/><U44/><E60/><V52/><F37/><W2/><G2/><T10/><D10/><U16/><E4/><V49/><F18/><W103/><G103/><T36/><D36/><U48/><E48/><V132/><F6/><W12/><G12/><T94/><D68/><U85/><E85/><V100/><F100/><W47/><G47/><T55/><D65/><U108/><E108/><V19/><F7/><W62/><G62/><T134/><D67/><U89/><E93/><V112/><F49/><W106/><G106/><T92/><D38/><U116/><E116/><RYUUKYOKU ba="0,0" sc="250,-15,250,15,327,-15,173,15" hai1="11,15,16,23,24,28,44,51,54,77,86,89,90" hai3="76,78,80,87,88,129,131" /><INIT seed="1,1,0,2,5,62" ten="235,265,312,188" oya="1" hai0="80,109,79,53,90,134,61,114,107,57,48,56,0" hai1="35,49,43,31,33,30,126,4,22,132,76,91,54" hai2="64,82,47,63,119,108,73,66,11,59,123,72,38" hai3="116,68,88,29,50,93,6,130,7,75,133,71,20"/><U74/><E126/><V89/><F119/><W65/><G75/><T124/><D114/><U128/><E132/><V8/><F123/><W120/><G120/><T83/><D134/><U81/><E128/><V69/><F108/><W36/><G36/><T21/><D109/><U99/><E43/><V23/><F69/><W104/><G104/><T110/><D110/><U101/><E4/><V67/><F72/><W5/><G133/><T27/><D0/><U37/><E37/><V100/><F100/><W105/><G105/><T58/><D124/><U51/><E91/><V112/><F112/><W135/><G135/><T18/><D107/><U111/><E111/><V13/><F73/><W70/><G130/><T122/><D122/><U131/><E131/><V121/><F121/><W84/><G116/><T16/><D79/><U28/><E22/><V45/><F23/><W96/><G50/><T77/><D77/><U1/><E1/><V34/><F34/><W9/><G9/><N who="2" m="3657" /><F13/><W87/><REACH who="3" step="1"/><G65/><REACH who="3" ten="235,265,312,178" step="2"/><N who="2" m="25193" /><F38/><W42/><G42/><T19/><D61/><U24/><E35/><V2/><F2/><W39/><G39/><T129/><D129/><U85/><E74/><V17/><F17/><W92/><G92/><T127/><D127/><U98/><E33/><V113/><F113/><W94/><G94/><T95/><D19/><U41/><E30/><V125/><F125/><W97/><G97/><N who="0" m="57591" /><D18/><U52/><E99/><V117/><F117/><W10/><G10/><T86/><D80/><U78/><E31/><V32/><F32/><W115/><G115/><T44/><D83/><U103/><E28/><RYUUKYOKU ba="1,1" sc="235,10,265,-30,312,10,178,10" hai0="16,21,27,44,48,53,56,57,58,86" hai2="45,47,59,63,67,82,89" hai3="5,6,7,20,29,68,70,71,84,87,88,93,96" /><INIT seed="2,2,1,5,0,53" ten="245,235,322,188" oya="2" hai0="59,45,41,44,128,116,49,124,79,96,12,52,32" hai1="37,71,99,105,57,134,87,33,16,82,19,97,65" hai2="47,35,111,127,93,76,132,43,20,118,69,7,42" hai3="58,85,29,56,8,66,25,119,135,131,55,5,40"/><V133/><F118/><W89/><G119/><T15/><D32/><U88/><E33/><V130/><F35/><W100/><G100/><T75/><D116/><U106/><E71/><V117/><F117/><W46/><G135/><N who="2" m="51785" /><F130/><W86/><G131/><T11/><D128/><U23/><E134/><V102/><F69/><W26/><G66/><T36/><D124/><U109/><E37/><V113/><F113/><W64/><G64/><T61/><D96/><N who="1" m="36939" /><E106/><V98/><F127/><W50/><G50/><T103/><D103/><U104/><E104/><V67/><F67/><W90/><G55/><T6/><D79/><U63/><E105/><V31/><F111/><W129/><G129/><T74/><REACH who="0" step="1"/><D15/><REACH who="0" ten="235,235,322,188" step="2"/><U120/><E109/><V18/><F76/><W91/><G29/><T28/><D28/><U122/><E120/><V62/><F31/><W9/><G5/><T121/><D121/><U108/><E108/><V0/><F7/><W81/><G91/><T27/><D27/><N who="1" m="14823" /><E122/><V34/><F34/><W112/><G112/><T38/><D38/><U92/><E19/><V39/><F18/><W68/><G68/><T94/><D94/><AGARI ba="2,2" hai="57,63,65,82,87,88,92,94" m="14823,36939" machi="94" ten="30,7700,0" yaku="8,1,52,1,54,2" doraHai="53" who="1" fromWho="0" sc="235,-83,235,103,322,0,188,0" /><INIT seed="3,0,0,3,5,94" ten="152,338,322,188" oya="3" hai0="91,48,32,11,30,37,50,6,115,9,41,128,31" hai1="51,92,56,97,2,84,82,102,52,8,53,86,57" hai2="20,122,125,68,104,93,25,70,60,114,98,110,4" hai3="14,135,28,0,85,27,107,108,118,18,46,133,54"/><W19/><G118/><T124/><D37/><U83/><E2/><V15/><F114/><W71/><G71/><T95/><D115/><U33/><E33/><V131/><F104/><W72/><G72/><T55/><D124/><U5/><E5/><V106/><F106/><W101/><G0/><T69/><D69/><U126/><E8/><V96/><F125/><W67/><G67/><T66/><D66/><U17/><E17/><V10/><F110/><W77/><G108/><T78/><D78/><U13/><E13/><V24/><F131/><W36/><G77/><T130/><D41/><U121/><E121/><V12/><F122/><W39/><G85/><N who="1" m="32874" /><E126/><V132/><F132/><W44/><G107/><T88/><D95/><U89/><E102/><V120/><F120/><W73/><G101/><T40/><D40/><U87/><E87/><V26/><F98/><W127/><G73/><T76/><D76/><U21/><E21/><V100/><REACH who="2" step="1"/><F60/><AGARI ba="0,0" hai="51,52,53,56,57,60,82,83,89,92,97" m="32874" machi="60" ten="30,3900,0" yaku="8,1,52,1,54,1" doraHai="94" who="1" fromWho="2" sc="152,0,338,39,322,-39,188,0" owari="152,-34.8,377,47.7,283,8.3,188,-21.2" /></mjloggm>