<mjloggm ver="2.3"><GO type="225" lobby="0"/><UN n0="%4B%2E%32%2E%4B%2E" n1="%E9%89%A2%E5%B7%BB%E3%82%AC%E3%83%96" n2="%E9%B3%B3%E6%9D%B1%E3%81%AE%E3%81%86%E3%81%95%E3%81%8E%E3%81%95%E3%82%93" n3="%E3%83%B4%E3%83%A0%EF%BC%99%E3%81%A6" dan="16,16,17,17" rate="2082.72,2043.79,2268.10,2193.86" sx="M,M,M,M"/><TAIKYOKU oya="0"/><INIT seed="0,0,0,1,3,68" ten="250,250,250,250" oya="0" hai0="6,0,30,4,48,88,40,126,107,9,35,66,103" hai1="111,73,63,17,72,87,105,133,43,122,95,92,90" hai2="124,85,65,23,102,41,52,2,38,109,55,106,46" hai3="42,132,27,15,14,37,32,57,28,78,49,62,123"/><T121/><D121/><U31/><E122/><V91/><F109/><W45/><G123/><T7/><D126/><U130/><E111/><V47/><F124/><W74/><G132/><T129/><D129/><U69/><E130/><V118/><F118/><W119/><G119/><T114/><D114/><U10/><E133/><V22/><F2/><W67/><G74/><T100/><D107/><U61/><E105/><V86/><F65/><W93/><G78/><T60/><D35/><U97/><E31/><V25/><F85/><W108/><G108/><T5/><D30/><U8/><E43/><V131/><F131/><W19/><G93/><T115/><D115/><U13/><E10/><V29/><F22/><W21/><REACH who="3" step="1"/><G15/><REACH who="3" ten="250,250,250,240" step="2"/><T64/><D64/><U98/><E72/><V83/><REACH who="2" step="1"/><F47/><REACH who="2" ten="250,250,240,240" step="2"/><W89/><G89/><T96/><D88/><U135/><E73/><V128/><F128/><W120/><G120/><T24/><D100/><U36/><E135/><V51/><F51/><AGARI ba="0,2" hai="14,19,21,27,28,32,37,42,45,49,51,57,62,67" machi="51" ten="40,2600,0" yaku="1,1,52,1,53,0" doraHai="68" doraHaiUra="1" who="3" fromWho="2" sc="250,0,250,0,240,-26,240,46" /><INIT seed="1,0,0,2,0,0" ten="250,250,214,286" oya="1" hai0="37,115,46,15,70,123,63,42,44,129,28,21,64" hai1="91,114,119,83,82,54,111,20,71,40,61,107,3" hai2="18,121,90,101,1,117,80,120,128,127,84,102,131" hai3="95,98,113,109,12,78,105,47,89,73,34,10,4"/><U132/><E114/><V14/><F1/><W96/><G113/><T39/><D115/><U125/><E119/><V5/><F18/><W68/><G34/><T69/><D129/><N who="2" m="49738" /><F14/><W106/><G68/><T19/><D123/><N who="2" m="47178" /><F5/><W118/><G118/><T50/><D70/><U75/><E3/><V85/><F117/><W134/><G109/><T25/><REACH who="0" step="1"/><D46/><REACH who="0" ten="240,250,214,286" step="2"/><U55/><E111/><V9/><F9/><AGARI ba="0,1" hai="9,15,19,21,25,28,37,39,42,44,50,63,64,69" machi="9" ten="30,7700,0" yaku="1,1,2,1,7,1,53,1" doraHai="0" doraHaiUra="41" who="0" fromWho="2" sc="240,87,250,0,214,-77,286,0" /><INIT seed="2,0,0,2,3,85" ten="327,250,137,286" oya="2" hai0="0,119,11,92,16,97,123,125,19,53,109,41,18" hai1="70,3,89,46,73,20,60,83,132,10,86,129,79" hai2="71,72,43,122,37,106,50,61,34,12,7,31,28" hai3="69,54,107,90,117,27,38,14,105,15,4,120,66"/><V98/><F122/><W102/><G117/><T21/><D123/><U42/><E129/><V47/><F72/><W95/><G38/><T93/><D109/><U45/><E132/><V81/><F81/><W74/><G74/><T26/><D125/><U76/><E20/><V113/><F113/><W96/><G120/><T110/><D110/><U84/><E73/><V23/><F34/><W40/><G40/><T62/><D119/><U24/><E24/><V29/><F37/><W114/><G114/><T121/><D121/><U63/><E76/><V5/><F71/><W13/><G4/><T67/><D53/><U22/><E22/><V101/><REACH who="2" step="1"/><F61/><REACH who="2" ten="327,250,127,286" step="2"/><W68/><G68/><T58/><D62/><U77/><E70/><V115/><F115/><W25/><G69/><T100/><D93/><U35/><E63/><V82/><F82/><W128/><G95/><T134/><D92/><U57/><E35/><V133/><F133/><W135/><G135/><T49/><D134/><U9/><E60/><V78/><F78/><W33/><G33/><T51/><D51/><U104/><E83/><V44/><F44/><W59/><G66/><T2/><D67/><U126/><E79/><V56/><F56/><W99/><G105/><T30/><D58/><U75/><E57/><V36/><F36/><W1/><G107/><T55/><D49/><U103/><E77/><V17/><AGARI ba="0,1" hai="5,7,12,17,23,28,29,31,43,47,50,98,101,106" machi="17" ten="30,3000,0" yaku="1,1,0,1,53,0" doraHai="85" doraHaiUra="112" who="2" fromWho="2" sc="327,-10,250,-10,127,40,286,-10" /><INIT seed="2,1,0,3,1,103" ten="317,240,167,276" oya="2" hai0="3,25,14,72,96,97,89,49,76,47,102,11,17" hai1="80,73,24,131,121,38,21,28,118,126,35,36,1" hai2="133,120,95,55,108,50,19,52,104,30,93,59,2" hai3="58,42,105,134,32,13,29,92,98,9,91,0,135"/><V77/><F120/><W31/><G0/><T79/><D3/><U65/><E118/><V109/><F2/><W15/><G42/><T4/><D72/><U57/><E126/><V101/><F30/><W132/><G32/><T85/><D25/><U115/><E115/><V111/><F133/><W20/><G20/><T37/><D37/><U68/><E131/><V114/><F114/><W100/><G58/><T62/><D62/><N who="1" m="39991" /><E57/><N who="2" m="32919" /><F77/><N who="0" m="29770" /><D102/><U54/><E1/><V106/><F19/><W107/><G13/><T23/><D11/><U84/><E73/><V129/><F129/><W99/><REACH who="3" step="1"/><G107/><REACH who="3" ten="317,240,167,266" step="2"/><N who="2" m="41001" /><F101/><W86/><G86/><T94/><D4/><AGARI ba="1,1" hai="4,9,15,29,31,91,92,98,99,100,105,132,134,135" machi="4" ten="40,5200,0" yaku="1,1,20,1,52,1,53,0" doraHai="103" doraHaiUra="46" who="3" fromWho="0" sc="317,-55,240,0,167,0,266,65" /><INIT seed="3,0,0,4,0,114" ten="262,240,167,331" oya="3" hai0="40,38,71,65,55,64,10,91,15,67,68,120,49" hai1="109,56,88,90,26,81,130,125,72,95,3,117,77" hai2="131,98,1,127,7,50,104,132,102,21,16,54,101" hai3="116,27,97,82,20,99,6,18,85,28,76,78,96"/><W32/><G116/><T110/><D120/><U35/><E3/><V48/><F131/><W22/><G6/><T12/><D91/><U2/><E2/><V133/><F127/><W87/><G18/><T63/><D110/><U5/><E5/><V106/><F7/><W24/><G24/><T92/><D92/><U126/><E35/><V23/><F1/><W0/><G0/><T17/><D15/><U11/><E11/><V121/><F121/><W39/><G39/><T128/><D128/><U115/><E56/><V83/><F83/><AGARI ba="0,0" hai="20,22,27,28,32,76,78,82,83,85,87,96,97,99" machi="83" ten="40,2000,0" yaku="9,1" doraHai="114" who="3" fromWho="2" sc="262,0,240,0,167,-20,331,20" owari="262,6.2,240,-16.0,147,-35.3,351,45.1" /></mjloggm>