<mjloggm ver="2.3"><GO type="225" lobby="0"/><UN n0="%E3%83%A1%E3%82%AC%E3%83%87%E3%82%B8" n1="%E6%A1%9C%E8%8A%B1%E9%96%83%E3%80%85" n2="%E3%81%AA%E3%81%8C%E3%81%95%E3%82%8F%E3%81%BE%E3%81%95%E3%81%BF" n3="%33%74%72%65%65" dan="16,17,16,17" rate="2106.39,2250.11,2121.08,2165.53" sx="F,M,F,F"/><TAIKYOKU oya="0"/><INIT seed="0,0,0,4,3,35" ten="250,250,250,250" oya="0" hai0="3,100,22,6,59,54,40,51,101,16,109,44,120" hai1="37,106,65,102,62,10,104,125,27,114,69,93,110" hai2="41,1,39,31,84,126,64,129,63,80,123,107,82" hai3="96,32,86,98,15,134,61,115,112,26,122,83,91"/><T53/><D120/><U113/><E110/><V133/><F123/><W117/><G122/><T2/><D54/><U46/><E125/><V45/><F107/><W43/><G117/><T36/><D109/><U103/><E27/><V72/><F126/><W20/><G134/><T58/><D59/><U13/><E93/><V47/><F133/><W9/><G32/><T132/><D132/><U74/><E74/><V127/><F127/><W81/><G112/><N who="1" m="43114" /><E46/><V19/><F129/><W70/><G115/><T29/><D29/><U8/><E37/><V33/><F19/><W71/><G43/><T87/><D87/><U34/><E34/><V85/><F47/><W79/><G96/><T66/><D66/><U48/><E48/><V99/><F99/><W130/><G61/><T28/><D28/><U17/><E8/><V75/><F84/><W0/><G130/><T94/><D94/><U49/><E49/><V97/><F97/><W76/><G98/><T92/><D92/><U38/><E38/><V128/><F128/><W121/><G121/><T95/><D95/><U119/><E119/><V131/><F131/><W12/><G9/><T67/><D67/><U23/><E10/><V50/><F39/><W4/><G83/><T60/><D36/><U68/><E69/><N who="2" m="42143" /><F82/><W135/><G135/><T90/><D101/><AGARI ba="0,0" hai="13,17,23,62,65,68,101,102,103,104,106" m="43114" machi="101" ten="30,1000,0" yaku="11,1" doraHai="35" who="1" fromWho="0" sc="250,-10,250,10,250,0,250,0" /><INIT seed="1,0,0,4,0,21" ten="240,260,250,250" oya="1" hai0="84,10,86,131,54,26,49,18,74,3,95,100,25" hai1="123,5,8,13,28,19,27,43,55,50,42,59,94" hai2="89,107,133,103,0,134,132,48,71,109,1,52,127" hai3="65,75,30,93,125,70,117,57,51,110,122,114,16"/><U113/><E113/><V90/><F71/><W76/><G114/><T66/><D74/><U119/><E119/><V128/><F109/><W104/><G122/><T105/><D66/><U58/><E123/><V108/><F108/><W44/><G104/><T35/><D35/><U115/><E115/><V7/><F128/><W91/><G110/><T53/><D105/><U85/><E59/><N who="2" m="33159" /><F127/><W9/><G70/><T36/><D36/><U98/><E85/><N who="0" m="32873" /><D3/><N who="2" m="1098" /><F7/><W38/><G125/><T101/><D54/><U12/><E12/><V99/><AGARI ba="0,0" hai="89,90,99,103,107,132,133,134" m="1098,33159" machi="99" ten="40,2700,0" yaku="20,1,54,1" doraHai="21" who="2" fromWho="2" sc="240,-7,260,-13,250,27,250,-7" /><INIT seed="2,0,0,3,0,54" ten="233,247,277,243" oya="2" hai0="73,77,108,35,120,2,86,5,7,118,84,100,72" hai1="89,116,32,19,115,87,59,74,4,126,66,55,101" hai2="33,81,129,46,1,97,98,44,131,50,91,122,114" hai3="27,102,135,10,23,16,14,134,82,132,61,40,104"/><V34/><F114/><W6/><G40/><T28/><D120/><U133/><E74/><V94/><F1/><W3/><G82/><T52/><D100/><U107/><E115/><V69/><F69/><W124/><G124/><T39/><D39/><U29/><E116/><V15/><F122/><W76/><G76/><T43/><D43/><U12/><E133/><V42/><F98/><N who="3" m="61527" /><G61/><T17/><D17/><U128/><E128/><N who="2" m="49227" /><F15/><AGARI ba="0,0" hai="3,6,10,14,15,16,23,27,132,134,135" m="61527" machi="15" ten="30,2000,0" yaku="20,1,54,1" doraHai="54" who="3" fromWho="2" sc="233,0,247,0,277,-20,243,20" /><INIT seed="3,0,0,2,3,112" ten="233,247,257,263" oya="3" hai0="29,4,61,31,38,100,125,86,77,128,133,124,122" hai1="0,34,59,95,28,96,32,22,83,56,113,62,74" hai2="23,18,39,47,90,99,104,78,3,80,44,93,60" hai3="71,106,123,49,115,8,51,114,48,109,98,135,110"/><W116/><G123/><T15/><D122/><U9/><E113/><N who="3" m="43018" /><G71/><T103/><D38/><U73/><E22/><V67/><F3/><W45/><G8/><N who="0" m="4487" /><D61/><U58/><E62/><V129/><F129/><W14/><G14/><T5/><D5/><U84/><E9/><V119/><F104/><W70/><G70/><T69/><D69/><U120/><E0/><V91/><F39/><W64/><G64/><T50/><D50/><U2/><E2/><V43/><F119/><W72/><G72/><T35/><D35/><U63/><E63/><V21/><F78/><W87/><G87/><T132/><D103/><U134/><E120/><V20/><F18/><W76/><G76/><T16/><D100/><U82/><E74/><V42/><F80/><W102/><G116/><T19/><D86/><U121/><E84/><V33/><F33/><W12/><G12/><T57/><D57/><U36/><E121/><V6/><F6/><W127/><G45/><T55/><D77/><U92/><E73/><V111/><F90/><W81/><G81/><T37/><D55/><U1/><E1/><V24/><F47/><W89/><G89/><T52/><D52/><U26/><E83/><V40/><F44/><W65/><G65/><T11/><D11/><U118/><E82/><V30/><F60/><W97/><G97/><T79/><D79/><U117/><E96/><V54/><F67/><W88/><G88/><T131/><D37/><U17/><E36/><V105/><F54/><W13/><G98/><T108/><D131/><U66/><E66/><V130/><F130/><W75/><G102/><RYUUKYOKU ba="0,0" sc="233,0,247,0,257,0,263,0" /><INIT seed="4,1,0,0,4,24" ten="233,247,257,263" oya="0" hai0="56,3,109,103,130,133,55,27,20,52,132,58,51" hai1="95,78,120,94,71,121,33,88,90,84,123,79,87" hai2="119,129,38,114,86,42,122,45,92,37,19,105,4" hai3="72,22,48,28,98,115,50,15,44,21,59,77,70"/><T14/><D3/><U104/><E71/><V60/><F105/><W131/><G70/><T13/><D103/><U0/><E0/><V57/><F114/><W75/><G115/><T89/><D130/><U23/><E33/><V100/><F122/><W2/><G2/><T10/><D109/><U97/><E23/><V61/><F4/><W99/><G59/><T30/><D89/><U67/><E67/><V74/><F74/><W111/><G131/><T69/><D69/><U49/><E49/><V9/><F119/><W125/><G15/><T101/><D101/><AGARI ba="1,0" hai="78,79,84,87,88,90,94,95,97,101,104,120,121,123" machi="101" ten="40,8000,1" yaku="9,1,34,3,54,1" doraHai="24" who="1" fromWho="0" sc="233,-83,247,83,257,0,263,0" owari="150,-35.0,330,43.0,257,-14.3,263,6.3" /></mjloggm>