<mjloggm ver="2.3"><GO type="225" lobby="0"/><UN n0="%E6%9D%B1%E9%A2%A8%E3%81%AE%E3%81%8D%E3%82%83%E3%81%B7%E3%81%95%E3%82%93" n1="%E3%81%B5%E3%81%98%E3%81%8B%E3%81%A4" n2="%E3%83%8F%E3%83%B3%E3%83%89%E3%83%A9%E3%83%BC%E3%83%BB%E3%83%AF%E3%83%B3" n3="%E8%B6%85%E7%B4%9A%E9%B3%B3%E5%87%B0" dan="17,16,17,17" rate="2172.21,2164.34,2247.85,2170.54" sx="M,M,M,F"/><TAIKYOKU oya="0"/><INIT seed="0,0,0,5,0,37" ten="250,250,250,250" oya="0" hai0="15,58,3,108,56,132,34,12,77,13,45,126,67" hai1="28,53,59,33,111,1,116,48,71,127,99,54,41" hai2="11,23,122,39,97,8,57,16,63,84,75,105,47" hai3="74,5,120,78,104,123,129,102,66,93,101,83,24"/><T50/><D3/><U112/><E116/><V117/><F122/><N who="3" m="46635" /><G5/><T90/><D34/><U26/><E71/><V35/><F75/><W92/><G24/><T6/><D132/><U36/><E111/><V17/><F35/><W96/><G66/><T80/><D126/><U87/><E127/><V42/><F117/><W121/><N who="3" m="46643" /><W100/><DORA hai="95" /><G129/><T115/><D108/><U38/><E112/><V124/><F84/><W7/><G7/><T85/><D115/><U30/><E30/><V81/><F81/><W61/><G61/><T88/><D6/><U72/><E72/><V4/><F124/><W14/><G14/><T91/><REACH who="0" step="1"/><D67/><REACH who="0" ten="240,250,250,250" step="2"/><U27/><E1/><V2/><F2/><W86/><G104/><T44/><D44/><U82/><E33/><V119/><F4/><W109/><G109/><T69/><D69/><U113/><E113/><V31/><F119/><W106/><G106/><T125/><D125/><U94/><E59/><V20/><F57/><W22/><G22/><T76/><D76/><U29/><E29/><V130/><F20/><W110/><G110/><T79/><D79/><U18/><E28/><V0/><F0/><W107/><G107/><T131/><D131/><U118/><E118/><V65/><F130/><W55/><G55/><AGARI ba="0,1" hai="12,13,15,45,50,55,56,58,77,80,85,88,90,91" machi="55" ten="40,18000,2" yaku="1,1,8,1,54,1,53,3" doraHai="37,95" doraHaiUra="73,52" who="0" fromWho="3" sc="240,190,250,0,250,0,250,-180" /><INIT seed="0,1,0,3,4,81" ten="430,250,250,70" oya="0" hai0="0,128,80,58,92,91,27,120,82,9,52,125,16" hai1="106,97,130,113,98,100,76,93,116,12,42,28,117" hai2="70,38,77,62,34,134,73,26,31,35,95,84,89" hai3="112,25,67,132,48,60,88,50,109,94,114,56,2"/><T78/><D120/><U13/><E113/><V4/><F38/><W111/><G2/><T108/><D128/><U121/><E121/><V54/><F134/><W44/><G132/><T15/><D125/><U75/><E130/><V33/><F4/><W11/><G11/><T131/><D131/><U79/><E42/><V43/><F43/><W41/><G25/><T64/><D108/><N who="3" m="41545" /><G50/><T87/><D0/><U124/><E28/><V14/><F14/><W32/><G32/><T47/><D64/><U72/><E124/><V3/><F3/><W18/><G18/><T133/><D133/><U119/><E13/><V6/><F6/><W59/><G59/><T40/><D27/><U127/><E12/><V39/><F39/><W19/><G19/><T51/><D78/><N who="1" m="29739" /><E127/><V83/><REACH who="2" step="1"/><F54/><REACH who="2" ten="430,250,240,70" step="2"/><W29/><G29/><T61/><AGARI ba="1,1" hai="9,15,16,40,47,51,52,58,61,80,82,87,91,92" machi="61" ten="20,18000,2" yaku="0,1,7,1,8,1,52,1,54,2" doraHai="81" who="0" fromWho="0" sc="430,193,250,-61,240,-61,70,-61" /><INIT seed="0,2,0,5,0,120" ten="623,189,179,9" oya="0" hai0="29,36,132,111,99,103,34,14,43,121,66,53,63" hai1="125,42,73,50,48,21,52,133,20,41,100,59,38" hai2="83,1,7,85,135,8,134,68,89,18,88,80,113" hai3="30,74,45,61,98,129,27,33,79,81,90,77,25"/><T95/><D121/><U64/><E73/><V55/><F113/><W19/><G129/><T97/><D132/><N who="2" m="50730" /><F68/><W123/><G123/><T56/><D111/><U87/><E133/><V119/><F119/><W109/><G109/><T58/><D36/><U82/><E125/><V32/><F32/><W6/><G6/><T122/><D122/><U54/><E100/><V110/><F110/><W78/><G45/><T35/><D43/><N who="1" m="16395" /><E64/><V112/><F112/><W23/><G61/><T26/><D14/><U37/><E37/><V131/><F131/><W67/><G67/><T51/><D97/><U106/><E106/><V22/><F55/><W105/><G105/><T107/><D107/><U126/><E126/><V84/><F22/><AGARI ba="2,0" hai="22,26,29,34,35,51,53,56,58,63,66,95,99,103" machi="22" ten="30,5800,0" yaku="7,1,25,2" doraHai="120" who="0" fromWho="2" sc="623,64,189,0,179,-64,9,0" /><INIT seed="0,3,0,0,3,50" ten="687,189,115,9" oya="0" hai0="49,13,110,82,74,54,21,115,10,133,38,31,57" hai1="63,106,81,42,120,14,132,34,101,62,51,59,66" hai2="128,80,1,27,75,46,56,23,111,102,36,108,18" hai3="86,125,124,17,53,122,96,129,114,43,58,127,79"/><T30/><D115/><U77/><E120/><V40/><F128/><W95/><G114/><T47/><D133/><U41/><E34/><V22/><F1/><W90/><G129/><T28/><D110/><N who="2" m="42026" /><F102/><W131/><G131/><T69/><D69/><U87/><E132/><V134/><F134/><W130/><G130/><T4/><D38/><U88/><E106/><V97/><F97/><W103/><G122/><T0/><D74/><U91/><E101/><V121/><F121/><W135/><G135/><T70/><D70/><U68/><E14/><V85/><F75/><W65/><G43/><T11/><D82/><U25/><E25/><V12/><F56/><W37/><G37/><T26/><REACH who="0" step="1"/><D57/><REACH who="0" ten="677,189,115,9" step="2"/><U126/><E59/><V67/><F80/><N who="3" m="47391" /><G65/><T98/><D98/><U71/><E81/><V118/><F67/><W33/><G33/><T116/><D116/><U24/><E66/><V45/><F118/><W73/><G73/><T117/><D117/><U107/><E68/><V84/><F36/><W15/><G58/><T48/><D48/><U94/><E51/><V89/><F85/><W92/><G53/><T64/><D64/><U9/><E87/><V2/><F84/><N who="3" m="52295" /><G127/><T109/><D109/><U93/><E126/><V55/><F55/><W6/><G6/><AGARI ba="3,1" hai="0,4,6,10,11,13,21,26,28,30,31,47,49,54" machi="6" ten="30,12000,1" yaku="1,1,7,1,52,1,53,2" doraHai="50" doraHaiUra="5" who="0" fromWho="3" sc="677,139,189,0,115,0,9,-129" owari="816,91.6,189,-1.1,115,-28.5,-120,-62.0" /></mjloggm>