<mjloggm ver="2.3"><GO type="225" lobby="0"/><UN n0="%E3%81%B2%E3%81%AA%E3%81%AE%E3%82%8A%E3%81%8F" n1="%E6%A1%9C%E8%8A%B1%E9%96%83%E3%80%85" n2="%E6%97%A5%E6%9B%9C%E6%97%A5%E3%82%88%E3%82%8A%E3%81%AE%E4%BD%BF%E8%80%85" n3="%72%61%6B%33" dan="17,18,17,17" rate="2167.70,2262.88,2157.27,2298.93" sx="M,M,M,M"/><TAIKYOKU oya="0"/><INIT seed="0,0,0,3,2,15" ten="250,250,250,250" oya="0" hai0="73,40,116,56,9,38,94,115,68,60,121,27,82" hai1="93,83,114,24,2,36,49,77,90,99,26,78,13" hai2="103,1,6,97,131,65,71,101,91,100,105,12,42" hai3="52,127,72,63,113,62,122,33,106,66,123,32,129"/><T69/><D115/><U107/><E2/><V50/><F131/><W44/><G113/><T55/><D116/><U134/><E114/><V61/><F1/><W120/><G129/><T133/><D121/><U75/><E36/><V126/><F126/><W125/><G106/><T45/><D133/><U108/><E134/><V34/><F91/><W31/><G72/><T5/><D27/><U46/><E108/><V111/><F111/><W29/><G44/><T51/><D94/><U43/><E78/><V135/><F135/><W119/><G119/><T102/><D102/><U14/><E107/><V0/><F0/><W48/><G48/><T37/><D37/><U81/><E81/><V118/><F118/><W47/><G47/><T18/><D5/><U23/><REACH who="1" step="1"/><E26/><REACH who="1" ten="250,240,250,250" step="2"/><V80/><F80/><W7/><G123/><T58/><D82/><U96/><E96/><V87/><F97/><W70/><G122/><T128/><D128/><U76/><E76/><V88/><F105/><W8/><G120/><T110/><D110/><U57/><E57/><V3/><F3/><W10/><G127/><T11/><D73/><U16/><AGARI ba="0,1" hai="13,14,16,23,24,43,46,49,75,77,83,90,93,99" machi="16" ten="20,8000,1" yaku="1,1,0,1,7,1,52,1,54,1,53,0" doraHai="15" doraHaiUra="30" who="1" fromWho="1" sc="250,-40,240,90,250,-20,250,-20" /><INIT seed="1,0,0,3,4,109" ten="210,330,230,230" oya="1" hai0="39,106,133,131,26,112,110,46,43,129,108,78,103" hai1="54,97,16,50,11,20,40,59,9,80,35,128,6" hai2="10,37,77,17,51,14,123,13,93,98,3,115,41" hai3="65,121,132,134,66,116,96,52,70,57,1,127,18"/><U33/><E128/><N who="0" m="49225" /><D78/><U95/><E80/><V2/><F123/><W45/><G1/><T15/><D133/><U76/><E76/><V34/><F34/><W111/><G121/><T88/><D26/><U53/><E40/><V74/><F37/><W75/><G75/><T38/><D15/><U67/><E67/><V23/><F77/><W27/><G111/><N who="0" m="42539" /><D39/><U61/><E6/><V8/><F74/><W91/><G27/><T30/><D30/><U5/><E5/><V24/><F24/><W62/><G18/><T83/><D83/><U130/><E130/><V113/><F41/><W84/><G134/><T86/><D86/><U44/><E33/><V22/><F51/><W85/><G85/><T58/><D58/><U64/><E35/><V7/><F93/><W114/><G84/><T104/><D88/><N who="1" m="55527" /><E64/><V4/><F98/><W118/><G96/><N who="0" m="61543" /><D106/><U47/><E47/><V42/><F42/><W36/><G45/><T117/><D117/><U100/><E100/><V12/><F12/><AGARI ba="0,0" hai="9,11,12,16,20,44,50,53,54,59,61" m="55527" machi="12" ten="30,5800,0" yaku="8,1,54,2" doraHai="109" who="1" fromWho="2" sc="210,0,330,58,230,-58,230,0" /><INIT seed="1,1,0,3,2,75" ten="210,388,172,230" oya="1" hai0="10,98,112,36,107,99,60,6,84,29,97,44,120" hai1="133,25,102,11,46,8,74,80,131,73,116,23,16" hai2="62,45,103,67,91,119,12,2,115,59,1,48,24" hai3="106,52,27,130,128,64,134,4,28,121,34,100,58"/><U79/><E116/><V33/><F119/><W114/><G114/><T63/><D112/><U68/><E133/><V69/><F115/><W39/><G121/><T118/><D118/><U105/><E131/><V108/><F108/><W18/><G39/><T0/><D107/><U93/><E68/><V49/><F103/><W83/><G4/><T123/><D29/><U96/><E74/><V95/><F12/><W65/><G134/><T55/><D84/><U22/><E46/><V78/><F69/><W71/><G18/><T50/><REACH who="0" step="1"/><D36/><REACH who="0" ten="200,388,172,230" step="2"/><U14/><E105/><V26/><F33/><W47/><G34/><T56/><D56/><U77/><E77/><V57/><F57/><W92/><G58/><T54/><D54/><U13/><E13/><V104/><F104/><W15/><G52/><T40/><D40/><U109/><E109/><V88/><F78/><W87/><G15/><T117/><D117/><U110/><E110/><V51/><F45/><W53/><G47/><T86/><D86/><U20/><REACH who="1" step="1"/><E8/><REACH who="1" ten="200,378,172,230" step="2"/><V5/><F1/><W30/><G106/><T42/><D42/><U61/><E61/><AGARI ba="1,2" hai="0,6,10,44,50,55,60,61,63,97,98,99,120,123" machi="61" ten="40,1300,0" yaku="1,1,53,0" doraHai="75" doraHaiUra="19" who="0" fromWho="1" sc="200,36,378,-16,172,0,230,0" /><INIT seed="2,0,0,0,3,80" ten="236,362,172,230" oya="2" hai0="105,69,93,47,23,37,54,110,28,15,53,10,81" hai1="4,115,94,56,108,95,103,49,92,124,109,55,87" hai2="32,76,133,78,27,82,98,112,42,72,22,106,107" hai3="46,135,131,97,14,58,118,71,2,34,51,45,0"/><V126/><F112/><W26/><G71/><T11/><D105/><U62/><E115/><V70/><F70/><W31/><G118/><T120/><D69/><U101/><E124/><V1/><F1/><W67/><G46/><T9/><D120/><U66/><E4/><V17/><F126/><W19/><G97/><T90/><D110/><N who="1" m="42603" /><E87/><V8/><F133/><W50/><G135/><T12/><D81/><U79/><E79/><V91/><F78/><W121/><G131/><T5/><D37/><U125/><E125/><V7/><F32/><W100/><G121/><T6/><D47/><AGARI ba="0,0" hai="47,49,55,56,62,66,92,94,95,101,103" m="42603" machi="47" ten="30,1000,0" yaku="14,1" doraHai="80" who="1" fromWho="0" sc="236,-10,362,10,172,0,230,0" /><INIT seed="3,0,0,0,3,21" ten="226,372,172,230" oya="3" hai0="66,38,5,71,87,114,54,115,88,18,132,26,39" hai1="32,41,134,12,35,19,13,91,107,10,101,62,122" hai2="110,131,43,102,24,48,73,111,2,86,118,51,40" hai3="119,72,78,83,37,47,90,84,106,61,59,100,133"/><W112/><G112/><N who="0" m="43051" /><D5/><U9/><E122/><V95/><F73/><W74/><G119/><T89/><D132/><U130/><E134/><V69/><F2/><W70/><G70/><T65/><D54/><U56/><E41/><N who="2" m="15947" /><F86/><W108/><G37/><N who="0" m="13835" /><D71/><U79/><E130/><V64/><F95/><W27/><G74/><T50/><D50/><N who="2" m="18986" /><F102/><W42/><G100/><T113/><N who="0" m="43059" /><T3/><DORA hai="67" /><D3/><U44/><E62/><N who="2" m="40087" /><F24/><W116/><G27/><T31/><D18/><U68/><E19/><V117/><F131/><W52/><G106/><T33/><D89/><U17/><E9/><V82/><F82/><AGARI ba="0,0" hai="26,31,33,65,66,82,87,88" m="13835,43059" machi="82" ten="40,5200,0" yaku="11,1,52,1,54,1" doraHai="21,67" who="0" fromWho="2" sc="226,52,372,0,172,-52,230,0" owari="278,7.8,372,47.2,120,-38.0,230,-17.0" /></mjloggm>