<mjloggm ver="2.3"><GO type="225" lobby="0"/><UN n0="%E3%83%AD%E3%83%83%E3%83%86%E9%9B%80%E7%90%83" n1="%E3%83%8F%E3%82%AC%E3%82%BF%E3%82%AB%E3%81%AE%E3%81%88%E3%81%98%E3%81%8D" n2="%E9%89%A2%E5%B7%BB%E3%82%AC%E3%83%96" n3="%6B%69%6D%38" dan="17,16,16,18" rate="2274.93,2139.55,2047.04,2192.07" sx="M,M,M,M"/><TAIKYOKU oya="0"/><INIT seed="0,0,0,4,5,96" ten="250,250,250,250" oya="0" hai0="119,78,105,95,67,112,125,81,25,36,63,128,117" hai1="99,85,29,115,79,133,14,97,126,64,26,91,87" hai2="104,111,118,131,92,40,33,127,16,90,86,57,84" hai3="110,27,12,37,50,56,106,51,55,93,80,7,9"/><T19/><D112/><U98/><E115/><V23/><F111/><W47/><G106/><T15/><D105/><U53/><E126/><V1/><F127/><W2/><G110/><T68/><D125/><U30/><E133/><V124/><F124/><W32/><G37/><T116/><D128/><U48/><E64/><V122/><F131/><W34/><G2/><T89/><D25/><U75/><E75/><V38/><F122/><W100/><G27/><T46/><D46/><U18/><E79/><V108/><F108/><W43/><REACH who="3" step="1"/><G80/><REACH who="3" ten="250,250,250,240" step="2"/><T65/><D36/><U35/><E26/><V39/><F1/><W88/><G88/><T120/><D120/><U60/><E91/><V6/><F104/><W11/><G11/><T17/><D15/><U20/><E35/><V44/><F33/><W103/><G103/><T76/><D76/><U5/><E5/><V52/><F38/><W45/><G45/><T69/><D89/><U22/><E22/><V10/><F6/><W21/><G21/><T66/><D95/><U28/><REACH who="1" step="1"/><E60/><REACH who="1" ten="250,240,250,240" step="2"/><V121/><F23/><W61/><G61/><T73/><REACH who="0" step="1"/><D63/><REACH who="0" ten="240,240,250,240" step="2"/><U74/><E74/><V58/><F121/><W82/><G82/><T101/><D101/><U102/><E102/><V114/><F90/><W123/><G123/><T42/><D42/><U8/><E8/><V59/><F40/><W113/><G113/><T54/><D54/><U77/><E77/><V62/><F52/><W129/><G129/><T0/><D0/><U130/><E130/><V24/><F62/><W132/><G132/><T135/><D135/><U49/><E49/><RYUUKYOKU ba="0,3" sc="240,10,240,10,250,-30,240,10" hai0="17,19,65,66,67,68,69,73,78,81,116,117,119" hai1="14,18,20,28,29,30,48,53,85,87,97,98,99" hai3="7,9,12,32,34,43,47,50,51,55,56,93,100" /><INIT seed="0,1,3,4,2,117" ten="250,250,220,250" oya="0" hai0="79,108,65,134,31,113,4,48,24,36,121,22,34" hai1="60,0,125,90,19,33,80,124,21,49,118,84,55" hai2="92,8,132,119,73,52,20,107,76,127,63,5,59" hai3="93,32,3,78,10,105,103,85,58,47,70,35,97"/><T27/><D36/><U130/><E118/><V115/><F119/><W106/><G70/><T2/><D65/><U6/><E33/><V87/><F115/><W104/><G58/><T86/><D113/><U112/><E112/><V126/><F107/><W75/><G85/><T18/><D108/><U96/><E6/><V41/><F132/><W23/><G23/><T100/><D134/><U13/><E0/><V133/><F133/><W131/><G131/><T98/><D48/><U120/><E130/><V109/><F109/><W72/><G47/><T43/><D43/><U38/><E38/><V91/><F41/><W53/><G53/><T74/><D74/><U101/><E60/><V67/><F20/><W89/><G89/><T26/><D26/><U110/><E110/><V9/><F67/><W111/><G111/><T94/><D4/><U46/><REACH who="1" step="1"/><E120/><REACH who="1" ten="250,240,220,250" step="2"/><V123/><F123/><W1/><G1/><T114/><D2/><U95/><AGARI ba="1,4" hai="13,19,21,46,49,55,80,84,90,95,96,101,124,125" machi="95" ten="30,4000,0" yaku="1,1,2,1,0,1,53,0" doraHai="117" doraHaiUra="7" who="1" fromWho="1" sc="250,-21,240,83,220,-11,250,-11" /><INIT seed="1,0,0,1,4,64" ten="229,323,209,239" oya="1" hai0="12,122,100,26,104,109,131,130,76,83,92,16,82" hai1="18,6,23,46,118,48,1,65,39,66,98,47,5" hai2="69,57,58,96,9,50,27,54,128,10,86,37,124" hai3="34,71,72,53,135,126,95,81,102,74,19,60,93"/><U90/><E118/><V55/><F37/><W134/><G34/><T30/><D109/><U79/><E39/><V108/><F108/><W21/><G126/><T52/><D104/><U129/><E129/><N who="0" m="49161" /><D122/><U78/><E1/><V20/><F124/><W125/><G125/><T38/><D38/><U77/><E90/><V40/><F40/><W87/><G53/><T36/><D36/><U114/><E98/><V80/><F96/><N who="3" m="59663" /><G60/><T8/><D92/><U119/><E114/><V113/><F69/><W127/><G71/><T70/><D100/><U31/><E31/><V121/><F113/><W0/><G0/><T73/><D70/><U29/><E29/><V75/><F75/><W32/><G32/><N who="0" m="20567" /><D83/><U68/><E119/><V28/><F121/><W33/><G33/><T13/><D12/><U24/><E47/><V94/><F94/><W44/><G44/><T17/><D52/><N who="1" m="29719" /><E68/><V110/><F110/><W107/><G107/><T41/><D41/><U115/><E115/><V25/><F25/><N who="3" m="14527" /><G127/><T4/><AGARI ba="0,0" hai="4,8,13,16,17,73,76,82" m="20567,49161" machi="4" ten="30,2000,0" yaku="19,1,54,1" doraHai="64" who="0" fromWho="0" sc="229,20,323,-10,209,-5,239,-5" /><INIT seed="2,0,0,1,3,23" ten="249,313,204,234" oya="2" hai0="4,60,57,7,72,122,87,54,119,1,27,133,58" hai1="45,112,71,0,74,14,13,123,69,16,108,104,19" hai2="37,8,135,48,95,99,89,12,134,26,90,127,9" hai3="36,64,77,47,30,116,79,42,46,25,51,101,110"/><V62/><F37/><W29/><G110/><T75/><D122/><U86/><E74/><V40/><F127/><W102/><G116/><T129/><D129/><U31/><E0/><V80/><F62/><W3/><G3/><T44/><D133/><U115/><E104/><V35/><F80/><W70/><G70/><T53/><D119/><U18/><E31/><V63/><F63/><W6/><G6/><T120/><D44/><U81/><E108/><V125/><F125/><W56/><G56/><T39/><D39/><U85/><E45/><N who="2" m="25639" /><F90/><W128/><G64/><T20/><D120/><U83/><E19/><V17/><F35/><W78/><G30/><N who="0" m="17767" /><D75/><U92/><E92/><V93/><F93/><W94/><G94/><T50/><D72/><U66/><E123/><V105/><F105/><W107/><G128/><T91/><D1/><U76/><E66/><V11/><F26/><W126/><G126/><T33/><D33/><U15/><E15/><V111/><F111/><W52/><REACH who="3" step="1"/><G107/><REACH who="3" ten="249,313,204,224" step="2"/><T21/><D4/><U82/><E83/><V96/><F96/><W32/><AGARI ba="0,1" hai="25,29,32,36,42,46,47,51,52,77,78,79,101,102" machi="32" ten="30,8000,1" yaku="1,1,2,1,0,1,52,1,54,1,53,0" doraHai="23" doraHaiUra="132" who="3" fromWho="3" sc="249,-20,313,-20,204,-40,224,90" /><INIT seed="3,0,0,5,5,50" ten="229,293,164,314" oya="3" hai0="100,39,78,111,81,121,79,105,59,33,95,98,36" hai1="110,135,10,126,88,120,107,132,24,128,73,8,71" hai2="25,30,56,90,54,6,75,28,62,18,70,0,26" hai3="109,29,35,131,133,53,15,66,16,34,41,40,14"/><W118/><G118/><T21/><D111/><U13/><E120/><V58/><F75/><W72/><G72/><T51/><D33/><U96/><E110/><V80/><F70/><W112/><G112/><T23/><D121/><U4/><E73/><V89/><F6/><W87/><G109/><T11/><D105/><U32/><E71/><V104/><F104/><W97/><G66/><T119/><D119/><U2/><E126/><V106/><F106/><W48/><G97/><T5/><D39/><U3/><E107/><V61/><F0/><W49/><G131/><T124/><D36/><U7/><E128/><V20/><F80/><W38/><G38/><T42/><D124/><U1/><E88/><V47/><F47/><N who="3" m="27807" /><G14/><T64/><D64/><U46/><E46/><V84/><F26/><W102/><G102/><T130/><D100/><U108/><E96/><V82/><REACH who="2" step="1"/><F90/><REACH who="2" ten="229,293,154,314" step="2"/><W127/><G127/><T60/><D81/><U114/><E108/><V22/><F22/><W77/><G35/><T85/><D23/><U68/><E68/><V94/><F94/><W115/><G34/><T123/><D21/><U65/><E32/><V125/><F125/><W63/><G15/><T86/><D95/><U55/><E24/><V57/><F57/><W44/><G44/><T117/><D59/><U99/><E13/><V83/><F83/><W27/><G27/><T43/><D5/><U45/><E2/><V52/><AGARI ba="0,1" hai="18,20,25,28,30,52,54,56,58,61,62,82,84,89" machi="52" ten="20,16000,3" yaku="1,1,0,1,7,1,9,1,8,1,52,2,54,1,53,0" doraHai="50" doraHaiUra="92" who="2" fromWho="2" sc="229,-40,293,-40,154,170,314,-80" owari="189,-31.1,253,5.3,324,42.4,234,-16.6" /></mjloggm>