<mjloggm ver="2.3"><GO type="225" lobby="0"/><UN n0="%E9%80%9F%E6%B0%B4%E5%87%9B%E9%A6%99" n1="%6D%75%75%6D%75%72%61" n2="%E3%81%99%E3%81%84%E3%81%BE%E3%81%9B%E3%83%BC%E3%82%93" n3="%E8%A8%88%E7%AE%97%E6%A9%9F%E8%87%AA%E7%84%B6" dan="16,17,16,17" rate="2125.95,2180.33,2132.68,2178.54" sx="F,F,M,M"/><TAIKYOKU oya="0"/><INIT seed="0,0,0,4,5,38" ten="250,250,250,250" oya="0" hai0="61,112,54,27,11,65,96,106,85,48,86,73,82" hai1="87,70,43,36,12,76,60,24,111,4,68,53,26" hai2="75,80,88,84,62,95,37,93,56,89,105,107,110" hai3="104,115,42,58,123,119,31,127,3,120,79,10,69"/><T25/><D112/><U1/><E1/><V30/><F37/><W44/><G115/><T116/><D73/><U72/><E72/><V14/><F110/><W99/><G69/><T125/><D116/><U126/><E111/><V101/><F30/><W83/><G119/><T19/><D125/><U29/><E126/><V78/><F14/><W94/><G104/><T63/><D106/><U91/><E76/><V71/><F101/><W16/><G31/><T23/><D96/><U131/><E131/><V64/><REACH who="2" step="1"/><F71/><REACH who="2" ten="250,250,240,250" step="2"/><W52/><G127/><T134/><D27/><U74/><E70/><V122/><F122/><W50/><G123/><T9/><D134/><U67/><E24/><V66/><F66/><W39/><G120/><T18/><D65/><U77/><E26/><V97/><AGARI ba="0,1" hai="56,62,64,75,78,80,84,88,89,93,95,97,105,107" machi="97" ten="20,5200,0" yaku="1,1,0,1,7,1,54,1,53,0" doraHai="38" doraHaiUra="128" who="2" fromWho="2" sc="250,-26,250,-13,240,62,250,-13" /><INIT seed="1,0,0,5,4,120" ten="224,237,302,237" oya="1" hai0="12,70,17,69,0,65,119,4,32,111,5,106,39" hai1="63,134,13,105,127,27,48,37,1,52,64,128,73" hai2="28,54,86,72,47,116,16,38,40,62,19,115,44" hai3="59,104,126,71,103,95,79,41,92,9,74,49,98"/><U96/><E37/><V60/><F72/><W66/><G126/><T83/><D39/><U101/><E1/><V50/><F116/><W42/><G71/><T112/><D106/><U94/><E127/><V85/><F115/><W78/><G74/><T102/><D32/><U76/><E128/><V11/><F28/><W31/><G104/><T21/><D112/><U84/><E134/><V125/><F125/><W81/><G95/><T24/><D119/><U99/><E73/><V117/><F117/><W35/><G9/><T20/><D102/><U61/><E13/><V46/><F46/><W87/><G79/><T88/><D111/><U23/><E84/><V8/><F38/><W34/><G34/><T53/><D0/><U135/><E76/><V113/><F54/><W68/><G68/><T133/><D133/><U67/><E135/><V14/><F113/><W45/><G31/><T33/><D33/><U2/><E2/><V3/><F3/><W89/><G35/><T131/><D65/><N who="1" m="25163" /><E99/><V108/><F108/><W90/><G41/><T97/><D131/><U36/><E36/><V100/><F40/><W6/><G6/><T121/><D121/><U57/><E105/><V51/><F14/><W80/><G80/><T132/><D132/><U10/><E10/><V29/><F29/><AGARI ba="0,0" hai="23,27,29,48,52,57,61,63,94,96,101" m="25163" machi="29" ten="30,2900,0" yaku="8,1,54,1" doraHai="120" who="1" fromWho="2" sc="224,0,237,29,302,-29,237,0" /><INIT seed="1,1,0,0,1,28" ten="224,266,273,237" oya="1" hai0="100,14,97,51,114,53,55,16,21,29,17,135,65" hai1="33,113,72,66,128,107,22,118,60,8,41,6,58" hai2="1,34,101,69,134,84,2,81,80,61,23,131,111" hai3="18,119,42,25,104,123,74,11,76,77,132,5,9"/><U99/><E113/><V91/><F34/><W46/><G123/><T45/><D114/><U67/><E118/><V130/><F134/><W70/><G104/><T75/><D75/><U47/><E72/><V37/><F37/><W129/><G70/><T19/><D135/><U59/><E128/><N who="2" m="49195" /><F111/><W109/><G129/><T110/><D110/><U103/><E22/><V116/><F101/><W38/><G109/><T120/><D120/><U127/><E127/><V71/><F116/><W35/><G132/><T87/><D65/><U7/><E33/><V39/><F39/><W115/><G115/><T73/><D73/><U40/><E47/><V10/><F10/><W126/><G119/><T102/><D87/><U3/><REACH who="1" step="1"/><E7/><REACH who="1" ten="224,256,273,237" step="2"/><V48/><F23/><W90/><G5/><T93/><D29/><U56/><E56/><V106/><F71/><W82/><G126/><T4/><D4/><U78/><E78/><V64/><F69/><W121/><G76/><T12/><D21/><U85/><E85/><V49/><F84/><N who="3" m="50455" /><G121/><T15/><REACH who="0" step="1"/><D102/><REACH who="0" ten="214,256,273,237" step="2"/><U13/><E13/><V86/><F1/><W105/><G74/><T57/><D57/><U31/><E31/><V68/><F86/><W83/><G77/><T43/><AGARI ba="1,2" hai="12,14,15,16,17,19,43,45,51,53,55,93,97,100" machi="43" ten="30,7900,0" yaku="1,1,0,1,8,1,54,1,53,0" doraHai="28" doraHaiUra="117" who="0" fromWho="0" sc="214,102,256,-40,273,-21,237,-21" /><INIT seed="2,0,0,5,1,7" ten="316,216,252,216" oya="2" hai0="85,132,114,68,110,131,82,58,80,83,129,49,95" hai1="113,33,71,27,70,19,4,30,100,50,78,130,75" hai2="120,0,125,43,48,76,67,56,52,53,93,69,20" hai3="5,123,121,135,109,66,90,60,134,122,55,25,35"/><V8/><F120/><W16/><G109/><T115/><D68/><U17/><E113/><V42/><F125/><W10/><G55/><N who="0" m="32111" /><D110/><U11/><E130/><N who="0" m="49673" /><D132/><N who="3" m="50729" /><G90/><AGARI ba="0,0" hai="80,82,83,85,90,95,114,115" m="49673,32111" machi="90" ten="30,1000,0" yaku="19,1" doraHai="7" who="0" fromWho="3" sc="316,10,216,0,252,0,216,-10" /><INIT seed="3,0,0,0,5,105" ten="326,216,252,206" oya="3" hai0="6,15,81,62,49,133,135,75,94,120,70,38,23" hai1="96,130,36,14,9,48,44,99,37,92,93,20,59" hai2="82,114,128,51,29,22,1,18,116,26,115,34,16" hai3="47,101,89,74,30,112,46,11,69,32,19,73,103"/><W60/><G112/><T88/><D38/><U134/><E130/><V40/><F116/><W12/><G89/><T125/><D49/><U64/><E134/><V27/><F128/><W28/><G69/><T97/><D120/><U5/><E36/><V119/><F119/><W63/><G32/><T66/><D125/><U79/><E79/><V127/><F127/><W113/><G113/><T8/><D23/><U25/><E37/><V123/><F1/><W117/><G117/><T21/><D21/><U71/><E71/><V54/><F40/><W98/><G98/><N who="1" m="37418" /><E59/><V111/><F123/><W86/><G86/><T129/><D129/><U31/><E64/><V108/><F18/><W35/><G35/><T56/><D56/><U43/><AGARI ba="0,0" hai="5,9,14,20,25,31,43,44,48,92,93" m="37418" machi="43" ten="30,1100,0" yaku="8,1" doraHai="105" who="1" fromWho="1" sc="326,-3,216,11,252,-3,206,-5" owari="323,42.3,227,-17.3,249,4.9,201,-29.9" /></mjloggm>