<mjloggm ver="2.3"><GO type="225" lobby="0"/><UN n0="%E3%83%A9%E3%82%B9%E7%8E%87%EF%BC%93%E5%89%B2" n1="%E3%83%B4%E3%82%A3%E3%83%AF%E3%82%B3%E3%82%B0%E3%83%8B" n2="%E3%81%9D%E3%81%8A%E3%81%9D%E3%81%9D" n3="%E5%BF%83%E6%B5%81" dan="16,16,16,16" rate="2151.28,2175.41,2085.33,2075.34" sx="F,M,M,F"/><TAIKYOKU oya="0"/><INIT seed="0,0,0,2,4,28" ten="250,250,250,250" oya="0" hai0="102,129,9,120,31,100,68,75,6,52,72,95,84" hai1="107,91,89,18,47,121,124,11,15,55,58,125,64" hai2="114,33,1,13,43,90,66,49,87,70,101,62,119" hai3="48,106,98,80,99,74,83,29,103,135,76,69,42"/><T134/><D120/><U97/><E121/><V0/><F33/><W88/><G69/><T81/><D68/><U35/><E35/><V78/><F114/><W12/><G29/><T85/><D129/><U8/><E64/><V39/><F39/><W17/><G135/><T133/><D31/><U5/><E47/><V117/><F78/><W61/><G61/><T57/><D85/><U14/><E107/><V46/><F13/><W22/><G99/><T2/><D95/><U112/><E112/><V71/><F70/><W131/><G131/><T118/><D118/><N who="2" m="45066" /><F101/><W82/><REACH who="3" step="1"/><G88/><REACH who="3" ten="250,250,250,240" step="2"/><N who="0" m="51215" /><D102/><U7/><E97/><V45/><F46/><AGARI ba="0,1" hai="12,17,22,42,46,48,74,76,80,82,83,98,103,106" machi="46" ten="40,2600,0" yaku="1,1,53,1" doraHai="28" doraHaiUra="38" who="3" fromWho="2" sc="250,0,250,0,250,-26,240,36" /><INIT seed="1,0,0,0,4,110" ten="250,250,224,276" oya="1" hai0="104,106,21,8,88,19,113,35,4,39,1,107,61" hai1="16,46,94,38,117,83,118,53,65,109,9,22,95" hai2="52,101,51,124,48,50,122,133,74,89,23,87,55" hai3="64,69,30,100,2,68,15,121,78,111,116,119,114"/><U128/><E128/><V84/><F122/><W47/><G111/><T125/><D125/><U49/><E109/><V66/><F124/><W60/><G121/><T81/><D39/><U13/><E38/><V71/><F74/><W45/><G2/><T27/><D61/><U105/><E105/><V80/><F133/><W134/><G30/><T44/><D44/><N who="3" m="16969" /><G100/><T85/><REACH who="0" step="1"/><D35/><REACH who="0" ten="240,250,224,276" step="2"/><U108/><E108/><V41/><F50/><W91/><G134/><T123/><D123/><U126/><E126/><V62/><F51/><W127/><G127/><T34/><D34/><U79/><E118/><V86/><F48/><W17/><G69/><T20/><D20/><U40/><E117/><N who="3" m="45130" /><G78/><T0/><D0/><U12/><E40/><V120/><F41/><W42/><G42/><T96/><D96/><U82/><E65/><V76/><F120/><W10/><G91/><T43/><D43/><U36/><E36/><V31/><F89/><W18/><G114/><AGARI ba="0,1" hai="1,4,8,19,21,27,81,85,88,104,106,107,113,114" machi="114" ten="40,8000,1" yaku="1,1,52,2,54,1,53,0" doraHai="110" doraHaiUra="130" who="0" fromWho="3" sc="240,90,250,0,224,0,276,-80" /><INIT seed="2,0,0,3,3,124" ten="330,250,224,196" oya="2" hai0="117,77,62,64,121,107,87,115,108,118,26,96,128" hai1="35,134,33,22,43,80,10,78,104,133,31,46,110" hai2="126,75,72,120,50,55,4,130,20,63,17,88,34" hai3="56,98,99,67,84,105,57,53,51,91,66,30,129"/><V41/><F120/><W71/><G105/><T24/><D121/><U37/><E110/><V38/><F34/><W106/><G106/><T13/><D115/><U19/><E104/><V101/><F126/><W123/><G123/><T86/><D108/><U45/><E10/><V70/><F101/><W21/><G71/><T49/><D13/><N who="1" m="9583" /><E31/><V119/><F119/><N who="0" m="45578" /><D49/><U7/><E45/><V69/><F4/><W59/><G129/><T32/><D128/><U12/><E12/><V90/><F41/><W42/><G42/><T11/><D11/><U48/><E7/><V76/><F38/><W52/><G21/><T61/><D62/><U94/><E94/><V79/><F63/><W54/><G30/><N who="0" m="19527" /><D26/><U39/><E33/><V1/><F50/><W47/><G47/><T40/><D77/><U85/><E35/><V8/><F79/><W113/><G51/><T29/><D29/><U82/><E82/><V135/><F76/><W3/><G3/><T103/><D40/><U18/><E18/><V114/><F17/><W0/><G0/><T65/><D65/><N who="3" m="24585" /><G113/><T36/><D36/><U81/><E81/><AGARI ba="0,0" hai="52,53,54,56,57,59,81,84,91,98,99" m="24585" machi="81" ten="30,2000,0" yaku="8,1,54,1" doraHai="124" who="3" fromWho="1" sc="330,0,250,-20,224,0,196,20" /><INIT seed="3,0,0,2,0,77" ten="330,230,224,216" oya="3" hai0="104,97,9,114,68,48,53,18,74,84,28,80,100" hai1="38,127,16,103,17,118,72,119,46,125,135,50,51" hai2="94,32,106,10,92,124,23,129,91,99,61,22,131" hai3="107,134,130,5,75,78,7,0,26,79,113,65,34"/><W90/><G107/><T109/><D109/><U62/><E135/><V19/><F32/><W108/><G113/><T49/><D68/><U40/><E72/><V70/><F106/><W8/><G134/><T122/><D49/><N who="1" m="18443" /><E62/><V39/><F39/><W29/><G130/><N who="2" m="49673" /><F124/><N who="1" m="47689" /><E103/><N who="2" m="60903" /><F10/><W52/><G108/><T88/><D9/><U36/><E36/><V6/><F6/><W2/><G7/><T12/><D18/><AGARI ba="0,0" hai="16,17,18,38,40,46,118,119" m="47689,18443" machi="18" ten="30,2000,0" yaku="18,1,54,1" doraHai="77" who="1" fromWho="0" sc="330,-20,230,20,224,0,216,0" owari="310,41.0,250,5.0,224,-17.6,216,-28.4" /></mjloggm>