<mjloggm ver="2.3"><GO type="225" lobby="0"/><UN n0="%E6%AF%9B%E8%8D%92%E3%82%8C%E3%83%BB%E3%82%B9%E3%83%9F%E3%82%B9" n1="%E7%99%BD%E6%97%A5%E9%9B%AA%E8%8F%9C" n2="%47%48%4F%53%54" n3="%E3%82%B2%E3%82%B9%E8%8C%82%E5%8B%9D" dan="16,16,17,16" rate="2005.65,2148.68,2229.05,2048.30" sx="F,M,M,F"/><TAIKYOKU oya="0"/><INIT seed="0,0,0,2,3,92" ten="250,250,250,250" oya="0" hai0="8,7,27,88,63,3,33,77,85,66,37,65,115" hai1="98,101,56,0,72,70,46,124,100,49,18,47,19" hai2="95,21,14,74,121,30,43,34,117,99,57,60,4" hai3="122,20,127,35,53,130,135,48,133,51,62,44,97"/><T87/><D115/><U41/><E72/><V102/><F117/><W10/><G35/><T125/><D125/><U25/><E70/><V15/><F121/><W86/><G127/><T134/><D134/><N who="3" m="51209" /><G130/><T105/><D37/><U69/><E69/><V64/><F74/><W29/><G86/><T55/><D105/><U104/><E0/><V83/><F34/><W78/><G78/><T31/><D77/><U108/><E124/><V67/><F67/><W109/><G109/><T93/><REACH who="0" step="1"/><D85/><REACH who="0" ten="240,250,250,250" step="2"/><U81/><E104/><V26/><F43/><W50/><G122/><T126/><D126/><U110/><E41/><V59/><F4/><W39/><G39/><T71/><D71/><U82/><E110/><V12/><F59/><AGARI ba="0,1" hai="3,7,8,27,31,33,55,59,63,65,66,87,88,93" machi="59" ten="40,3900,0" yaku="1,1,54,1,53,0" doraHai="92" doraHaiUra="107" who="0" fromWho="2" sc="240,49,250,0,250,-39,250,0" /><INIT seed="0,1,0,3,2,44" ten="289,250,211,250" oya="0" hai0="29,28,33,0,51,91,127,34,8,35,68,117,75" hai1="78,1,76,74,103,120,41,48,60,38,125,124,109" hai2="128,58,24,23,81,37,4,94,100,110,53,95,61" hai3="96,59,69,97,15,107,134,90,131,83,135,40,57"/><T115/><D115/><U93/><E120/><V119/><F128/><W9/><G69/><T62/><D117/><U82/><E1/><V22/><F110/><W106/><G40/><T132/><D127/><N who="1" m="48715" /><E38/><V52/><F119/><W114/><G114/><T80/><D132/><N who="3" m="50729" /><G131/><T116/><D116/><U19/><E109/><V101/><F37/><W130/><G130/><T72/><D91/><U32/><E32/><V86/><F4/><N who="3" m="3495" /><G83/><T126/><D126/><U105/><E105/><N who="3" m="39946" /><G90/><T73/><D80/><U113/><E113/><V31/><F23/><W118/><G118/><T121/><D121/><U99/><E76/><N who="2" m="46375" /><F53/><W5/><G5/><T123/><D123/><U14/><E41/><V71/><F71/><W17/><G17/><T77/><D77/><U102/><E102/><AGARI ba="1,0" hai="22,24,31,52,58,61,94,95,100,101,102" m="46375" machi="102" ten="30,2000,0" yaku="8,1,54,1" doraHai="44" who="2" fromWho="1" sc="289,0,250,-23,211,23,250,0" /><INIT seed="1,0,0,3,2,16" ten="289,227,234,250" oya="1" hai0="56,114,44,58,48,93,126,14,0,106,45,65,83" hai1="124,61,9,102,90,117,15,1,121,66,52,6,132" hai2="36,3,127,116,18,122,5,123,54,80,104,125,103" hai3="40,74,97,75,70,119,29,63,42,53,34,82,62"/><U60/><E117/><V91/><F36/><W105/><G119/><T64/><D114/><U46/><E121/><N who="2" m="46091" /><F54/><W81/><G97/><T72/><D126/><N who="2" m="48138" /><F18/><W30/><G53/><T77/><D106/><U113/><E113/><V49/><F49/><W89/><G89/><T86/><D0/><U98/><E124/><V67/><F67/><W118/><G118/><T69/><D69/><U8/><E132/><V55/><F55/><W76/><G105/><T130/><D130/><U79/><E79/><V87/><F5/><W38/><G38/><T100/><D14/><U51/><E90/><N who="2" m="51559" /><F3/><W112/><G112/><T2/><D2/><U13/><E1/><V31/><F31/><W101/><G70/><T11/><D11/><U71/><E61/><V111/><F116/><W131/><G62/><T41/><D44/><U108/><E108/><V94/><F111/><W12/><G63/><T25/><D25/><U28/><E28/><V35/><F35/><W50/><G34/><T7/><D7/><U129/><E129/><V107/><F103/><W23/><G131/><T19/><D19/><U78/><E8/><V33/><F33/><W43/><G101/><T27/><D27/><U84/><E15/><V68/><F68/><W57/><G12/><T133/><D133/><U37/><E37/><V22/><F22/><W110/><G110/><T20/><D20/><U128/><E128/><V39/><F39/><W73/><G23/><T32/><D32/><U17/><E6/><V134/><F134/><W4/><G4/><T120/><D120/><U59/><E71/><V99/><AGARI ba="0,0" hai="91,94,99,104,107" m="51559,48138,46091" machi="99" ten="30,7900,0" yaku="5,1,18,1,34,2" doraHai="16" who="2" fromWho="2" sc="289,-20,227,-39,234,79,250,-20" /><INIT seed="2,0,0,5,2,122" ten="269,188,313,230" oya="2" hai0="77,48,32,110,125,93,29,128,101,67,74,3,31" hai1="40,119,25,105,62,1,66,76,82,14,129,91,102" hai2="63,54,51,75,111,73,121,4,58,57,23,43,131" hai3="84,10,78,33,11,2,60,135,9,50,86,20,19"/><V106/><F121/><W107/><G135/><T120/><D110/><U47/><E1/><V113/><F113/><W39/><G39/><T115/><D120/><U59/><E119/><V114/><F114/><W17/><G107/><T21/><D115/><U95/><E129/><V0/><F131/><W16/><G33/><T123/><D123/><U36/><E25/><V134/><F134/><W79/><G2/><T35/><D128/><U8/><E105/><V53/><F106/><W108/><G108/><T116/><D3/><U117/><E102/><V56/><F111/><W130/><G130/><T5/><D5/><U83/><E76/><N who="3" m="29226" /><G60/><T55/><D67/><U132/><E117/><V103/><F103/><W42/><G20/><T65/><D65/><U112/><E132/><V12/><F56/><W26/><G26/><T92/><D116/><U18/><REACH who="1" step="1"/><E112/><REACH who="1" ten="269,178,313,230" step="2"/><V97/><F0/><W38/><G38/><T64/><D101/><U71/><E71/><V109/><F109/><W133/><G133/><T127/><D77/><U13/><E13/><V81/><F12/><W96/><G96/><AGARI ba="0,1" hai="8,14,18,36,40,47,59,62,66,82,83,91,95,96" machi="96" ten="30,3900,0" yaku="1,1,7,1,53,1" doraHai="122" doraHaiUra="87" who="1" fromWho="3" sc="269,0,178,49,313,0,230,-39" /><INIT seed="3,0,0,0,2,119" ten="269,227,313,191" oya="3" hai0="63,60,30,71,80,135,126,14,56,25,103,44,23" hai1="53,8,33,79,57,133,82,124,29,22,83,97,85" hai2="128,16,108,73,61,111,116,62,72,65,35,9,49" hai3="24,17,46,15,113,13,58,64,1,7,34,123,74"/><W106/><G74/><N who="2" m="28777" /><F116/><W12/><G106/><T2/><D2/><U105/><E124/><V91/><F35/><W122/><G113/><T11/><D126/><U95/><E105/><V104/><F104/><W55/><G64/><T28/><D135/><U88/><E133/><V81/><F128/><W87/><G46/><T20/><D103/><U131/><E131/><V45/><F91/><W68/><G68/><T75/><D71/><U0/><E33/><V41/><F81/><W40/><G40/><T76/><D44/><U37/><E37/><V132/><F132/><W36/><G36/><T5/><REACH who="0" step="1"/><D56/><REACH who="0" ten="259,227,313,191" step="2"/><U31/><E0/><V77/><F77/><W70/><G70/><T18/><D18/><U109/><E79/><V50/><F65/><W115/><G115/><T4/><D4/><U120/><E57/><V129/><F129/><W96/><G96/><T27/><AGARI ba="0,1" hai="5,11,14,20,23,25,27,28,30,60,63,75,76,80" machi="27" ten="30,4000,0" yaku="1,1,0,1,9,1,53,0" doraHai="119" doraHaiUra="84" who="0" fromWho="0" sc="259,50,227,-10,313,-10,191,-20" owari="309,40.9,217,-18.3,303,10.3,171,-32.9" /></mjloggm>