<mjloggm ver="2.3"><GO type="225" lobby="0"/><UN n0="%E5%86%B7%E5%87%8D%E3%82%AE%E3%83%A7%E3%83%BC%E3%82%B6" n1="%E5%B8%86%E7%AB%8B%E5%A4%8F%E8%A1%A3" n2="%72%61%6B%33" n3="%43%68%65" dan="16,16,17,16" rate="2139.29,2091.64,2173.35,2165.07" sx="M,M,M,M"/><TAIKYOKU oya="0"/><INIT seed="0,0,0,2,4,131" ten="250,250,250,250" oya="0" hai0="37,33,25,1,135,21,16,116,67,113,104,110,129" hai1="114,71,19,85,31,70,75,112,43,125,26,10,134" hai2="6,96,51,83,45,61,132,128,102,118,29,20,99" hai3="47,60,49,94,101,32,121,8,66,98,109,86,13"/><T56/><RYUUKYOKU type="yao9" ba="0,0" sc="250,0,250,0,250,0,250,0" hai0="1,16,21,25,33,37,56,67,104,110,113,116,129,135" /><INIT seed="0,1,0,4,2,35" ten="250,250,250,250" oya="0" hai0="99,58,124,90,115,108,75,13,93,8,36,120,85" hai1="113,11,109,76,97,6,114,29,104,44,26,34,53" hai2="63,0,92,131,129,19,2,126,73,43,72,94,39" hai3="28,62,3,79,22,100,61,77,40,105,56,87,71"/><T14/><D120/><U54/><E76/><V70/><F126/><W123/><G123/><T32/><D115/><N who="1" m="44043" /><E44/><N who="2" m="23679" /><F19/><W24/><G71/><T42/><D75/><N who="2" m="28746" /><F92/><W67/><G62/><T51/><D124/><U95/><E109/><V117/><F94/><W112/><G112/><T86/><D32/><U78/><E78/><V101/><F101/><W88/><G3/><N who="2" m="1065" /><F117/><W102/><G102/><T130/><D108/><U46/><E46/><V1/><N who="2" m="1073" /><V23/><DORA hai="89" /><F23/><W52/><G40/><T17/><D14/><N who="1" m="5495" /><E95/><V55/><F55/><N who="1" m="21001" /><E97/><V106/><F106/><AGARI ba="1,0" hai="26,29,34,104,106" m="21001,5495,44043" machi="106" ten="30,1000,0" yaku="11,1" doraHai="35,89" who="1" fromWho="2" sc="250,0,250,13,250,-13,250,0" /><INIT seed="1,0,0,5,1,125" ten="250,263,237,250" oya="1" hai0="105,10,77,59,14,94,69,132,54,133,8,86,20" hai1="28,60,98,121,66,61,37,78,131,122,18,52,117" hai2="35,41,76,6,89,31,9,42,74,40,134,25,21" hai3="115,46,70,55,2,45,29,92,63,124,112,50,109"/><U53/><E117/><V96/><F134/><N who="0" m="51818" /><D69/><N who="1" m="42183" /><E18/><V33/><F74/><W0/><G124/><T3/><D105/><U84/><E98/><V128/><F76/><W82/><G109/><T51/><D3/><U116/><E84/><V81/><F128/><W100/><G0/><T11/><D20/><U106/><E106/><V68/><F68/><W57/><G2/><T107/><D107/><U32/><E78/><V19/><F31/><W118/><G118/><T126/><D126/><U67/><E28/><V108/><F108/><W56/><G70/><T123/><D123/><N who="1" m="47115" /><E32/><V39/><F39/><W5/><G5/><N who="0" m="3343" /><D77/><U127/><E127/><V75/><F33/><W102/><G29/><T34/><D34/><U43/><E116/><V23/><F35/><W73/><G115/><T93/><D93/><U83/><E83/><V4/><F9/><W119/><G112/><T13/><D13/><U129/><E67/><V38/><F21/><W97/><G119/><T80/><D80/><U95/><E95/><V113/><F113/><W72/><G102/><T104/><D104/><U114/><E114/><V58/><F81/><W47/><G82/><T12/><D12/><U101/><E101/><V30/><F30/><W111/><G111/><T65/><D65/><U17/><E17/><V87/><F19/><W62/><G73/><T44/><D94/><U135/><E135/><V79/><F75/><W48/><G72/><T26/><D26/><U27/><E27/><V88/><F79/><W16/><G16/><T99/><D99/><U90/><E90/><V85/><F25/><W24/><G24/><RYUUKYOKU ba="0,0" sc="250,-10,263,-10,237,-10,250,30" hai3="45,46,47,48,50,55,56,57,62,63,92,97,100" /><INIT seed="2,1,0,4,5,28" ten="240,253,227,280" oya="2" hai0="62,110,108,72,56,79,98,55,103,96,0,83,16" hai1="23,48,21,50,13,45,130,111,18,4,93,69,133" hai2="3,119,10,41,59,89,120,61,49,8,84,35,32" hai3="125,67,15,128,86,30,27,106,92,52,109,90,112"/><V34/><F119/><W57/><G109/><N who="0" m="42091" /><D0/><U127/><E69/><V82/><F120/><W17/><G128/><T51/><D103/><U19/><E111/><V26/><F3/><W100/><G125/><T6/><D6/><U14/><E127/><V1/><F1/><W37/><G37/><T38/><D38/><U29/><E133/><V68/><F26/><W80/><G67/><N who="0" m="39367" /><D16/><U39/><E130/><V33/><N who="2" m="8192" /><DORA hai="124" /><V105/><F105/><W75/><G112/><T117/><D117/><U113/><E29/><V97/><F97/><W31/><G27/><T114/><D114/><U135/><E135/><V71/><F71/><W77/><G100/><T64/><D64/><U134/><E4/><V118/><F118/><W132/><G106/><T47/><AGARI ba="1,0" hai="47,51,55,72,79,83,96,98" m="39367,42091" machi="47" ten="30,1100,0" yaku="14,1" doraHai="28,124" who="0" fromWho="0" sc="240,14,253,-4,227,-6,280,-4" /><INIT seed="3,0,0,1,1,97" ten="254,249,221,276" oya="3" hai0="131,6,107,133,46,37,80,113,44,21,75,108,104" hai1="31,121,128,103,120,89,82,30,90,4,13,94,17" hai2="101,86,42,68,79,70,7,117,100,28,23,38,64" hai3="124,54,118,66,52,41,58,78,110,114,60,49,56"/><W40/><G114/><T84/><D113/><U48/><E128/><V85/><F117/><W55/><G118/><T134/><D131/><U95/><E121/><V5/><F38/><W43/><G124/><T12/><D75/><U63/><E120/><V29/><F42/><W9/><G110/><T71/><D71/><U116/><E116/><V74/><F23/><W32/><G32/><T122/><D108/><U50/><E4/><V59/><F59/><W15/><G78/><T132/><D122/><U98/><E63/><V20/><F20/><W14/><G14/><T91/><D37/><U83/><E13/><V25/><F79/><W34/><G34/><T51/><D46/><U61/><E61/><V69/><F74/><W87/><G87/><N who="2" m="33289" /><F25/><W62/><G62/><T105/><D21/><U115/><E115/><V129/><F64/><W111/><G111/><T67/><D67/><U93/><E17/><AGARI ba="0,0" hai="9,15,17,40,41,43,49,52,54,55,56,58,60,66" machi="17" ten="40,3900,0" yaku="8,1,54,1" doraHai="97" who="3" fromWho="1" sc="254,0,249,-39,221,0,276,39" owari="254,5.4,210,-29.0,221,-17.9,315,41.5" /></mjloggm>