<mjloggm ver="2.3"><GO type="225" lobby="0"/><UN n0="%E3%81%82%E3%81%B9%E3%81%99%E3%81%91" n1="%E3%81%AF%E3%82%88%E3%81%8A%E3%81%98%E3%81%95%E3%82%93" n2="%E3%83%B4%E3%82%A3%E3%83%AF%E3%82%B3%E3%82%B0%E3%83%8B" n3="%E7%AD%89%E3%80%85%E5%8A%9B%E5%8A%87%E5%A0%B4" dan="16,17,16,17" rate="2097.71,2201.99,2177.65,2131.81" sx="M,M,M,M"/><TAIKYOKU oya="0"/><INIT seed="0,0,0,3,3,125" ten="250,250,250,250" oya="0" hai0="129,13,27,21,131,73,95,89,119,97,50,10,106" hai1="66,70,37,9,1,14,55,45,114,87,7,44,88" hai2="22,2,52,17,111,69,128,28,135,74,8,20,43" hai3="118,67,75,80,81,71,82,98,51,91,63,104,12"/><T3/><D119/><U11/><E114/><V79/><F69/><W130/><G118/><T83/><D3/><U24/><E24/><V38/><F135/><W107/><G75/><T117/><D117/><U121/><E121/><V132/><F38/><W134/><G134/><T76/><D50/><U53/><E66/><V64/><F43/><W101/><G107/><T47/><D47/><U99/><E99/><V29/><F74/><W105/><G105/><T90/><D106/><U39/><E70/><V56/><F79/><W113/><G113/><T59/><D59/><U33/><E33/><V68/><F132/><W49/><G130/><N who="0" m="49675" /><D95/><U100/><E100/><V93/><F93/><W102/><G101/><T86/><D97/><U57/><E53/><V110/><F52/><W6/><G51/><T61/><D61/><U84/><E45/><V115/><F2/><W16/><G49/><T35/><D35/><U94/><E44/><V112/><F128/><W36/><G36/><T19/><D73/><U54/><E87/><V42/><F115/><W18/><G98/><T133/><D133/><U77/><E55/><V60/><F56/><W30/><G104/><T15/><D15/><U41/><E41/><V85/><F42/><W23/><G12/><T122/><D122/><U58/><E57/><V126/><F112/><W92/><G63/><T32/><D32/><U103/><E39/><V26/><F60/><W120/><G71/><T46/><D46/><U65/><E37/><V34/><F68/><W40/><G120/><T108/><D108/><U109/><E109/><V5/><F110/><RYUUKYOKU ba="0,0" sc="250,30,250,-10,250,-10,250,-10" hai0="10,13,19,21,27,76,83,86,89,90" /><INIT seed="0,1,0,1,3,30" ten="280,240,240,240" oya="0" hai0="12,27,59,5,131,123,50,124,57,97,133,84,68" hai1="120,20,82,105,26,76,63,71,92,8,4,32,90" hai2="65,16,29,37,7,15,48,11,56,67,21,121,46" hai3="88,23,0,42,35,61,91,25,45,13,128,89,79"/><T69/><D123/><U95/><E105/><V93/><F121/><W119/><G119/><T86/><D133/><U122/><E95/><V99/><F37/><W74/><G0/><T51/><D27/><U66/><E92/><V85/><F29/><W19/><G128/><T53/><D12/><U98/><E90/><V134/><F56/><W83/><G61/><T52/><D5/><U18/><E98/><V41/><F85/><W38/><REACH who="3" step="1"/><G13/><REACH who="3" ten="280,240,240,230" step="2"/><T126/><REACH who="0" step="1"/><D97/><REACH who="0" ten="270,240,240,230" step="2"/><U60/><E120/><V31/><F134/><W87/><G87/><T1/><D1/><U9/><E122/><V24/><REACH who="2" step="1"/><F7/><REACH who="2" ten="270,240,230,230" step="2"/><W2/><G2/><T55/><D55/><U118/><E4/><V14/><F14/><W10/><G10/><T112/><D112/><U106/><E8/><V117/><F117/><W129/><G129/><AGARI ba="1,3" hai="50,51,52,53,57,59,68,69,84,86,124,126,129,131" machi="129" ten="25,9600,0" yaku="1,1,22,2,54,1,53,0" doraHai="30" doraHaiUra="36" who="0" fromWho="3" sc="270,129,240,0,230,0,230,-99" /><INIT seed="0,2,0,1,2,29" ten="399,240,230,131" oya="0" hai0="21,135,52,15,54,112,81,87,106,86,79,59,13" hai1="24,14,7,67,74,25,66,58,126,57,102,111,12" hai2="133,17,134,22,76,30,116,47,78,8,132,20,98" hai3="26,119,91,84,131,45,16,39,3,50,33,109,89"/><T92/><D112/><U80/><E111/><V56/><F116/><W101/><G119/><T46/><D106/><U73/><E80/><V0/><F56/><W104/><G3/><T82/><D92/><U94/><E94/><V72/><F47/><W103/><G39/><T130/><D130/><U117/><E117/><V125/><F125/><W108/><G131/><T10/><D135/><U27/><E7/><N who="2" m="1127" /><F72/><W90/><G84/><T43/><D21/><N who="2" m="8298" /><F30/><N who="3" m="19671" /><G104/><T118/><D118/><U127/><REACH who="1" step="1"/><E27/><REACH who="1" ten="399,230,230,131" step="2"/><V93/><F17/><W4/><G4/><T122/><D82/><U124/><E124/><V96/><F96/><W40/><G16/><T129/><D81/><U105/><E105/><V114/><F114/><W49/><G103/><AGARI ba="2,1" hai="12,14,24,25,57,58,66,67,73,74,102,103,126,127" machi="103" ten="25,3200,0" yaku="1,1,22,2,53,0" doraHai="29" doraHaiUra="88" who="1" fromWho="3" sc="399,0,230,48,230,0,131,-38" /><AGARI ba="2,0" hai="76,78,93,98,103,132,133,134" m="8298,1127" machi="103" ten="30,1000,0" yaku="20,1" doraHai="29" who="2" fromWho="3" sc="399,0,278,0,230,10,93,-10" /><INIT seed="1,0,0,1,1,17" ten="399,278,240,83" oya="1" hai0="22,3,101,104,89,19,67,26,4,132,8,76,71" hai1="39,20,64,116,133,73,108,52,60,12,78,119,30" hai2="114,29,48,112,134,79,74,21,34,94,106,120,62" hai3="130,115,40,102,124,50,55,72,31,81,97,100,2"/><U49/><E39/><V11/><F106/><W6/><G115/><T43/><D132/><U135/><E108/><V103/><F34/><W92/><G130/><T45/><D76/><U68/><E73/><V65/><F120/><W15/><G2/><T27/><D89/><U99/><E99/><N who="2" m="59895" /><F134/><N who="1" m="51209" /><E78/><V127/><F127/><W63/><G124/><T88/><D104/><U28/><E28/><V80/><F11/><W118/><G118/><T123/><D101/><U85/><E85/><V96/><F48/><W117/><G117/><T46/><D8/><U5/><E5/><V91/><F91/><W61/><G102/><T75/><D4/><U44/><E12/><V35/><F35/><W16/><G6/><T14/><D14/><U69/><E68/><V38/><F96/><W23/><G31/><T131/><D71/><U110/><E110/><V7/><F38/><W98/><G98/><T13/><D75/><U41/><E41/><V1/><F1/><W93/><G93/><T58/><D43/><U56/><E69/><V24/><F7/><W86/><G72/><T53/><D13/><U107/><E107/><V113/><F114/><W0/><G40/><T59/><D3/><U18/><E18/><V47/><F47/><N who="3" m="28127" /><G0/><T37/><D19/><U109/><E109/><V83/><F83/><W33/><G33/><T125/><D125/><U128/><E128/><V42/><F42/><W57/><G57/><AGARI ba="0,0" hai="21,24,29,57,62,65,74,79,80,112,113" m="59895" machi="57" ten="30,2000,0" yaku="25,1,52,1" doraHai="17" who="2" fromWho="3" sc="399,0,278,0,240,20,83,-20" /><INIT seed="2,0,0,1,0,17" ten="399,278,260,63" oya="2" hai0="125,26,116,1,84,3,21,134,27,89,68,88,121" hai1="30,119,29,13,63,50,20,53,60,6,34,2,24" hai2="64,22,51,0,107,122,73,42,19,111,12,92,33" hai3="128,117,83,104,9,101,109,124,93,39,67,129,65"/><V72/><F122/><W14/><G117/><T37/><D116/><U130/><E119/><V5/><F107/><W38/><G104/><T57/><D68/><U78/><E130/><N who="3" m="50282" /><G83/><T87/><D57/><U16/><E30/><V4/><F33/><W66/><G109/><T75/><D125/><U94/><E78/><V45/><F111/><W11/><G14/><T28/><D28/><U85/><E85/><V106/><F106/><W70/><G70/><T46/><D134/><U123/><E94/><V114/><F114/><W98/><G124/><T82/><D82/><U105/><E123/><V91/><F64/><N who="3" m="16387" /><W99/><DORA hai="41" /><G99/><T35/><D87/><U58/><E105/><V7/><REACH who="2" step="1"/><F0/><REACH who="2" ten="399,278,250,63" step="2"/><W110/><G110/><T49/><D3/><U32/><E34/><V56/><F56/><W48/><G48/><T120/><D35/><U115/><E115/><V43/><F43/><W135/><G135/><T127/><D1/><U47/><E58/><V62/><F62/><W96/><G96/><AGARI ba="0,1" hai="4,5,7,12,19,22,42,45,51,72,73,91,92,96" machi="96" ten="40,12000,1" yaku="1,1,52,2,53,1" doraHai="17,41" doraHaiUra="40,126" who="2" fromWho="3" sc="399,0,278,0,250,130,63,-120" owari="399,49.9,278,-12.2,380,18.0,-57,-55.7" /></mjloggm>