<mjloggm ver="2.3"><GO type="225" lobby="0"/><UN n0="%6D%75%75%6D%75%72%61" n1="%E3%83%A9%E3%83%BC%E3%83%A1%E3%83%B3%E4%BA%94%E9%83%8E" n2="%E7%B4%94%E6%BD%94%E3%83%94%E3%83%A9%E3%83%8B%E3%82%A2" n3="%33%74%72%65%65" dan="16,16,16,16" rate="2128.75,2102.47,2131.03,2082.74" sx="F,M,M,M"/><TAIKYOKU oya="0"/><INIT seed="0,0,0,5,3,135" ten="250,250,250,250" oya="0" hai0="31,65,74,127,128,111,28,106,46,112,122,119,129" hai1="116,27,68,39,67,50,97,8,77,62,81,115,37" hai2="132,17,41,18,73,14,26,110,4,44,45,23,90" hai3="12,88,33,95,91,89,121,130,134,1,86,42,63"/><T94/><D112/><U47/><E116/><V43/><F132/><W58/><G1/><T6/><D119/><U40/><E115/><V52/><F73/><W24/><G134/><T13/><D106/><U54/><E27/><V103/><F103/><W5/><G130/><N who="0" m="50283" /><D122/><U20/><E20/><V109/><F4/><W80/><G121/><T0/><D0/><U35/><E35/><V85/><F110/><W19/><G42/><T56/><D74/><U117/><E117/><V99/><F99/><W32/><G5/><T48/><D111/><U61/><E97/><V72/><F72/><W22/><G95/><T123/><D123/><U79/><E79/><V15/><F109/><W21/><G32/><T11/><D94/><U108/><E108/><V83/><F45/><W125/><G33/><T133/><D133/><U114/><E114/><V96/><F96/><W78/><G125/><T66/><D127/><U38/><E8/><N who="2" m="6343" /><F26/><W69/><G69/><T51/><D56/><U102/><E102/><V107/><F107/><W7/><G7/><T76/><D76/><U118/><E118/><V131/><F131/><W87/><G87/><T2/><D2/><U113/><E113/><V53/><F44/><W104/><G104/><T49/><D46/><U10/><E47/><V55/><AGARI ba="0,0" hai="15,18,23,41,43,52,53,55,83,85,90" m="6343" machi="55" ten="30,2000,0" yaku="8,1,54,1" doraHai="135" who="2" fromWho="2" sc="250,-10,250,-5,250,20,250,-5" /><INIT seed="1,0,0,5,1,91" ten="240,245,270,245" oya="1" hai0="112,31,29,93,64,42,19,67,44,117,97,131,23" hai1="34,128,101,113,52,33,127,40,78,100,118,41,5" hai2="104,111,132,57,17,85,32,9,103,135,21,130,63" hai3="65,50,95,133,54,76,86,47,46,49,14,87,88"/><U80/><E113/><V3/><F32/><W55/><G133/><N who="2" m="51273" /><F111/><W24/><G65/><T45/><D112/><U62/><E118/><V38/><F38/><W69/><G69/><T13/><D117/><U129/><E127/><V37/><F37/><W53/><G24/><T120/><D120/><U48/><E5/><N who="2" m="1215" /><F85/><W125/><G125/><T96/><D96/><U123/><E62/><V122/><F122/><W12/><G55/><T90/><D131/><N who="1" m="50251" /><E123/><V18/><F130/><W6/><G6/><T11/><D11/><U79/><E79/><V73/><F73/><W36/><G36/><T15/><D15/><U109/><E109/><V35/><F35/><N who="1" m="13321" /><E40/><V26/><F103/><W61/><G61/><T81/><D42/><U1/><E41/><V102/><F102/><W110/><G110/><T39/><D39/><U4/><E1/><V30/><F104/><W84/><G76/><T20/><D81/><U8/><E4/><V43/><F43/><W0/><G0/><T116/><D116/><U94/><E100/><V51/><F51/><W59/><G46/><N who="0" m="18027" /><D23/><U68/><E101/><V7/><F7/><W115/><G115/><T75/><D75/><U27/><E80/><V92/><F92/><W124/><G124/><T56/><D56/><N who="1" m="32775" /><E94/><V105/><F105/><W114/><G114/><T72/><D72/><U99/><E99/><AGARI ba="0,0" hai="12,14,47,49,50,53,54,59,84,86,87,88,95,99" machi="99" ten="40,5200,0" yaku="8,1,52,1,54,1" doraHai="91" who="3" fromWho="1" sc="240,0,245,-52,270,0,245,52" /><INIT seed="2,0,0,4,4,73" ten="240,193,270,297" oya="2" hai0="72,45,103,23,88,131,12,57,49,46,6,110,77" hai1="78,95,59,94,86,22,121,20,53,63,17,106,87" hai2="55,48,122,10,74,112,0,90,7,119,97,34,19" hai3="16,11,2,50,47,67,21,40,9,115,75,28,91"/><V83/><F122/><W27/><G115/><T93/><D110/><U81/><E106/><V38/><F112/><W118/><G118/><T120/><D120/><U70/><E121/><V123/><F123/><W58/><G75/><T130/><D103/><U51/><E22/><V100/><F38/><W101/><G101/><T96/><D57/><U39/><E39/><V125/><F125/><W134/><G134/><T56/><D56/><U132/><E132/><V108/><F108/><W104/><G104/><T35/><D35/><U126/><E126/><V99/><F119/><W127/><G127/><T37/><D37/><U61/><E70/><V4/><F34/><W62/><G2/><T41/><D46/><U117/><E117/><V14/><F0/><W43/><G43/><T33/><D33/><U133/><E133/><V105/><F99/><W98/><G28/><T66/><D66/><U129/><E129/><V25/><F25/><W102/><G102/><T54/><D41/><U60/><REACH who="1" step="1"/><E86/><REACH who="1" ten="240,183,270,297" step="2"/><V44/><F74/><W8/><G98/><T13/><D23/><U52/><E52/><V24/><F24/><AGARI ba="0,1" hai="17,20,24,51,53,59,60,61,63,78,81,87,94,95" machi="24" ten="40,8000,1" yaku="1,1,8,1,52,1,53,1" doraHai="73" doraHaiUra="18" who="1" fromWho="2" sc="240,0,183,90,270,-80,297,0" /><INIT seed="3,0,0,1,1,125" ten="240,273,190,297" oya="3" hai0="64,54,116,98,8,5,56,50,118,29,62,18,27" hai1="104,108,80,39,109,120,14,34,21,106,42,90,22" hai2="4,110,24,13,86,41,31,3,119,75,83,87,25" hai3="9,93,16,127,52,97,124,45,81,55,121,113,122"/><W129/><G129/><T61/><D18/><N who="1" m="10455" /><E120/><N who="3" m="46186" /><G81/><T70/><D62/><U6/><E34/><V12/><F119/><W63/><G113/><T131/><D131/><U135/><E135/><V66/><F66/><W130/><G130/><T40/><D40/><U84/><E6/><V85/><F110/><N who="1" m="42601" /><E22/><V57/><F41/><W7/><G16/><T68/><D68/><U38/><E42/><V89/><F75/><W100/><G45/><T26/><D26/><N who="2" m="10346" /><F3/><N who="3" m="255" /><G63/><T51/><D51/><U32/><E32/><V92/><F31/><W128/><G128/><T37/><D37/><AGARI ba="0,0" hai="37,38,39,80,84,90,104,106" m="42601,10455" machi="37" ten="30,1000,0" yaku="14,1" doraHai="125" who="1" fromWho="0" sc="240,-10,273,10,190,0,297,0" /><INIT seed="4,0,0,4,0,28" ten="230,283,190,297" oya="0" hai0="82,122,80,94,47,134,116,30,106,91,130,120,61" hai1="102,41,128,43,126,24,113,9,4,76,83,89,35" hai2="88,45,1,21,119,62,7,20,42,84,60,2,101" hai3="111,92,100,5,31,44,69,77,104,73,78,132,70"/><T48/><D116/><U127/><E128/><V114/><F119/><W86/><G111/><T26/><D130/><U74/><E113/><V13/><F114/><W49/><G5/><T95/><D106/><U6/><E89/><V131/><F101/><W63/><G31/><T57/><D134/><U18/><E102/><V99/><F99/><N who="3" m="61471" /><G63/><T11/><D11/><U108/><E108/><V66/><F131/><W79/><G69/><T129/><D129/><U81/><E81/><V112/><F112/><W16/><G16/><T37/><D37/><U117/><E117/><V124/><F124/><N who="1" m="47657" /><E18/><V33/><F33/><W46/><G70/><T133/><D133/><U3/><E4/><V85/><F85/><W19/><G19/><T125/><D125/><U51/><E51/><V34/><F34/><W38/><G38/><T29/><D82/><U8/><E9/><V71/><F62/><W12/><G12/><T32/><D80/><U97/><E97/><V39/><F13/><W110/><G110/><T103/><D94/><U115/><E115/><V58/><F71/><W23/><G73/><T14/><D103/><U27/><E27/><V90/><F7/><W0/><G0/><T135/><D29/><AGARI ba="0,0" hai="3,6,8,24,29,35,41,43,74,76,83" m="47657" machi="29" ten="30,2000,0" yaku="18,1,52,1" doraHai="28" who="1" fromWho="0" sc="230,-20,283,20,190,0,297,0" owari="210,-19.0,303,40.3,190,-31.0,297,9.7" /></mjloggm>