<mjloggm ver="2.3"><GO type="225" lobby="0"/><UN n0="%72%61%6B%33" n1="%E5%A4%96%E5%B7%9D%E7%AB%9C%E6%88%90" n2="%73%75%7A%75%72%61%6E%65" n3="%E9%B3%B3%E6%9D%B1%E3%81%AE%E3%81%86%E3%81%95%E3%81%8E%E3%81%95%E3%82%93" dan="18,16,16,17" rate="2247.66,2188.93,2083.18,2276.84" sx="M,M,M,M"/><TAIKYOKU oya="0"/><INIT seed="0,0,0,5,5,109" ten="250,250,250,250" oya="0" hai0="18,51,111,76,29,48,27,7,55,122,33,77,52" hai1="54,37,24,72,127,82,22,12,114,133,88,8,25" hai2="95,78,68,61,121,91,85,17,57,50,79,38,101" hai3="21,125,89,130,116,44,110,49,92,45,75,84,118"/><T15/><D122/><U14/><E37/><V56/><F38/><W128/><G110/><T129/><D129/><N who="3" m="49769" /><G125/><T87/><D111/><U107/><E107/><V123/><F68/><W16/><G75/><T80/><D7/><U23/><E127/><V39/><F39/><W36/><G36/><T5/><D5/><U97/><E133/><V83/><F123/><W81/><G81/><T4/><D4/><U102/><E54/><N who="2" m="31831" /><F121/><W10/><G10/><T31/><D31/><U11/><E72/><V104/><F104/><W96/><G96/><T69/><D69/><U28/><E82/><V103/><F17/><W106/><G106/><T64/><D64/><U73/><E73/><V58/><F58/><W60/><G60/><T26/><D26/><U20/><E25/><V132/><F132/><W62/><G62/><T112/><D112/><U65/><E114/><V35/><F35/><W71/><G71/><T41/><D77/><N who="2" m="29194" /><F83/><W32/><G32/><T67/><D67/><AGARI ba="0,0" hai="57,61,67,85,91,95,101,103" m="29194,31831" machi="67" ten="30,1000,0" yaku="8,1" doraHai="109" who="2" fromWho="0" sc="250,-10,250,0,250,10,250,0" /><INIT seed="1,0,0,3,5,63" ten="240,250,260,250" oya="1" hai0="90,40,47,71,72,46,82,33,38,15,75,43,13" hai1="57,27,69,81,55,39,135,8,68,126,60,119,97" hai2="3,0,96,42,5,65,113,84,116,67,112,59,2" hai3="123,98,54,122,79,11,37,109,114,4,49,125,77"/><U44/><E119/><V32/><F116/><W41/><G114/><N who="2" m="44137" /><F32/><W118/><G41/><T132/><D33/><U31/><E126/><V130/><F130/><W50/><G37/><T56/><D71/><U105/><E135/><V51/><F5/><W22/><G109/><T100/><D100/><U7/><E81/><V18/><F84/><W110/><G110/><T102/><D102/><U78/><E78/><V24/><F96/><W45/><G98/><T104/><D56/><U30/><E97/><V89/><F89/><W131/><G125/><T124/><D124/><U115/><E105/><V9/><F59/><W76/><G131/><T36/><D90/><U61/><E115/><V87/><F87/><W107/><G107/><T6/><D6/><U20/><E31/><V86/><F86/><W58/><G118/><T64/><D104/><U12/><REACH who="1" step="1"/><E61/><REACH who="1" ten="240,240,260,250" step="2"/><V95/><F95/><W10/><G79/><T88/><D132/><U121/><E121/><V83/><F83/><W101/><G122/><T120/><D120/><U29/><E29/><V134/><F134/><W117/><G117/><T91/><D82/><U34/><E34/><V133/><F133/><W70/><G77/><T1/><D1/><U35/><E35/><V80/><F80/><W93/><G76/><T28/><D28/><U92/><E92/><V53/><F0/><W17/><G93/><T111/><D111/><U128/><E128/><V127/><F2/><W99/><G123/><T19/><D19/><U16/><E16/><V26/><F18/><W106/><G17/><T74/><D74/><U85/><E85/><RYUUKYOKU ba="0,1" sc="240,15,240,15,260,-15,250,-15" hai0="13,15,36,38,40,43,46,47,64,72,75,88,91" hai1="7,8,12,20,27,30,39,44,55,57,60,68,69" /><INIT seed="1,1,1,2,2,123" ten="255,255,245,235" oya="1" hai0="99,131,58,121,95,17,110,124,109,8,23,11,70" hai1="126,54,111,44,31,106,112,64,117,50,26,118,20" hai2="71,94,19,7,127,107,52,12,101,36,6,78,132" hai3="73,86,25,57,13,93,59,104,63,45,35,46,122"/><U0/><E112/><V27/><F107/><W81/><G122/><T91/><D121/><U76/><E106/><V134/><F36/><W60/><G73/><T62/><D70/><U128/><E0/><V14/><F71/><W80/><G104/><T84/><D124/><U90/><E126/><V56/><F78/><W72/><G72/><T48/><D48/><U88/><E128/><V38/><F38/><W89/><G35/><T53/><D131/><U18/><E76/><V108/><F127/><W105/><G105/><T85/><D8/><U37/><E64/><V3/><F3/><W51/><G25/><N who="0" m="14575" /><D11/><U83/><E37/><V1/><F1/><W28/><G28/><T30/><D30/><U55/><E55/><V41/><F41/><N who="3" m="25007" /><G13/><T32/><D32/><U68/><E68/><V92/><F12/><W67/><G46/><T69/><D69/><U49/><E49/><V130/><F14/><W16/><G16/><T2/><D2/><U22/><E118/><V87/><F19/><W102/><G102/><T29/><D29/><U10/><E117/><V79/><F101/><W65/><AGARI ba="1,1" hai="57,59,60,63,65,67,80,81,86,89,93" m="25007" machi="65" ten="30,1100,0" yaku="8,1" doraHai="123" who="3" fromWho="3" sc="255,-4,255,-6,245,-4,235,24" /><INIT seed="2,0,0,0,0,119" ten="251,249,241,259" oya="2" hai0="17,116,127,115,111,36,26,62,49,96,76,59,93" hai1="83,89,16,51,95,71,27,44,121,56,54,10,99" hai2="55,12,131,28,5,15,81,61,21,41,52,132,94" hai3="70,42,114,7,25,34,30,11,106,74,46,101,66"/><V88/><F131/><W82/><G114/><T110/><D36/><U87/><E71/><V29/><F132/><W32/><G32/><T53/><D115/><U135/><E135/><V78/><F41/><W107/><G101/><T120/><D120/><U108/><E108/><V126/><F126/><W100/><G100/><T63/><D76/><U73/><E73/><V48/><F61/><N who="3" m="40271" /><G82/><T113/><D116/><U109/><E109/><V18/><F55/><W6/><G6/><T133/><D127/><U40/><E121/><V68/><F68/><W1/><G74/><T31/><D113/><U9/><E27/><V50/><F50/><W2/><G2/><T105/><D105/><U102/><REACH who="1" step="1"/><E16/><REACH who="1" ten="251,239,241,259" step="2"/><N who="2" m="10375" /><F5/><W91/><G91/><T104/><D133/><U45/><E45/><N who="2" m="27663" /><F78/><W84/><G7/><T79/><D79/><U37/><AGARI ba="0,1" hai="9,10,37,40,44,51,54,56,83,87,89,95,99,102" machi="37" ten="20,2700,0" yaku="1,1,0,1,7,1,53,0" doraHai="119" doraHaiUra="134" who="1" fromWho="1" sc="251,-7,239,37,241,-13,259,-7" /><INIT seed="3,0,0,4,3,120" ten="244,276,228,252" oya="3" hai0="43,12,54,94,91,47,36,92,61,93,64,86,117" hai1="7,109,90,132,75,79,38,76,129,48,115,133,100" hai2="125,30,10,29,68,102,103,0,105,56,70,15,33" hai3="50,9,21,1,113,44,55,118,23,27,128,127,96"/><W69/><G113/><T62/><D117/><U80/><E38/><V124/><F0/><W17/><G118/><T97/><D12/><U114/><E7/><V42/><F33/><W34/><G69/><T52/><D61/><U107/><E48/><V39/><F56/><W106/><G128/><T18/><D18/><U123/><E123/><V108/><F105/><W95/><G127/><T112/><D112/><N who="1" m="43051" /><E109/><V131/><F15/><W66/><G106/><T2/><D2/><U19/><E19/><V11/><F39/><W51/><G66/><T89/><REACH who="0" step="1"/><D93/><REACH who="0" ten="234,276,228,252" step="2"/><U135/><E129/><V49/><F131/><W59/><G1/><T63/><D63/><U24/><E24/><V134/><F49/><W99/><G95/><T101/><D101/><U78/><E90/><V31/><F31/><W41/><G17/><T104/><D104/><U22/><E22/><V88/><F88/><W16/><G23/><T53/><D53/><U126/><E126/><V13/><F13/><N who="3" m="7215" /><G34/><T58/><AGARI ba="0,1" hai="36,43,47,52,54,58,62,64,86,89,91,92,94,97" machi="58" ten="20,8000,1" yaku="1,1,0,1,7,1,54,1,53,1" doraHai="120" doraHaiUra="60" who="0" fromWho="0" sc="234,90,276,-20,228,-20,252,-40" owari="324,42.4,256,5.6,208,-29.2,212,-18.8" /></mjloggm>