<mjloggm ver="2.3"><GO type="225" lobby="0"/><UN n0="%72%65%6E%6B%75%6E" n1="%E3%83%81%E3%83%83%E3%82%BF%E3%82%BD%E3%83%BC" n2="%4B%2E%32%2E%4B%2E" n3="%E6%81%A5%E6%99%92%E3%81%97" dan="17,17,17,16" rate="2274.33,2181.13,2185.64,2113.57" sx="M,F,M,M"/><TAIKYOKU oya="0"/><INIT seed="0,0,0,3,2,29" ten="250,250,250,250" oya="0" hai0="52,130,80,63,18,119,131,73,20,13,62,22,86" hai1="69,67,93,134,14,4,0,61,53,126,3,104,98" hai2="7,27,23,15,110,85,135,8,94,78,124,5,127" hai3="32,117,36,116,11,30,108,120,26,25,51,17,70"/><T58/><D73/><U132/><E104/><V64/><F64/><W28/><G36/><T77/><D119/><N who="3" m="45641" /><G70/><T81/><D81/><U121/><E121/><V87/><F110/><W102/><G51/><T101/><D101/><U66/><E126/><N who="2" m="48171" /><F135/><N who="1" m="51753" /><E53/><V75/><F94/><W74/><G74/><T111/><D111/><U34/><E66/><V72/><F5/><W100/><G108/><T125/><D125/><U133/><N who="1" m="51761" /><U21/><DORA hai="39" /><E34/><V12/><F12/><N who="3" m="7327" /><G100/><T107/><D107/><U84/><E84/><N who="2" m="32331" /><F78/><W37/><G102/><T128/><REACH who="0" step="1"/><D20/><REACH who="0" ten="240,250,250,250" step="2"/><U31/><E21/><V2/><F2/><W65/><G120/><T68/><D68/><U113/><E3/><V16/><AGARI ba="0,1" hai="7,8,15,16,23,27,72,75" m="32331,48171" machi="16" ten="30,2000,0" yaku="18,1,54,1" doraHai="29,39" who="2" fromWho="2" sc="240,-10,250,-5,250,30,250,-5" /><INIT seed="1,0,0,2,4,34" ten="230,245,280,245" oya="1" hai0="29,58,122,87,46,86,50,48,126,55,74,89,106" hai1="82,95,116,130,47,38,6,11,93,20,18,59,40" hai2="14,31,33,9,70,100,73,78,135,13,104,26,127" hai3="65,110,15,0,113,43,16,10,56,111,75,35,41"/><U52/><E130/><V37/><F37/><W5/><G113/><T128/><D74/><U85/><E116/><V64/><F127/><W49/><G75/><T98/><D126/><U121/><E121/><V101/><F135/><W129/><G35/><T1/><D1/><U102/><E102/><V123/><F123/><W19/><G129/><T25/><D122/><U12/><E20/><V7/><F14/><W99/><G99/><T114/><D114/><U76/><REACH who="1" step="1"/><E6/><REACH who="1" ten="230,235,280,245" step="2"/><V23/><F23/><W42/><G19/><T109/><D128/><U44/><E44/><V107/><F101/><W72/><G72/><T51/><D109/><N who="3" m="41481" /><G65/><T105/><D105/><U61/><AGARI ba="0,1" hai="11,12,18,38,40,47,52,59,61,76,82,85,93,95" machi="61" ten="20,7800,0" yaku="1,1,0,1,7,1,54,1,53,0" doraHai="34" doraHaiUra="17" who="1" fromWho="1" sc="230,-26,235,88,280,-26,245,-26" /><INIT seed="1,1,0,4,5,46" ten="204,323,254,219" oya="1" hai0="37,126,124,13,96,44,103,59,63,25,11,121,69" hai1="87,118,56,65,76,31,57,22,83,105,88,29,35" hai2="53,97,91,3,52,84,30,85,2,113,12,117,100" hai3="34,129,60,15,70,39,40,133,77,38,0,135,80"/><U134/><E134/><N who="3" m="51210" /><G34/><T120/><D69/><U94/><E118/><V130/><F117/><W55/><G0/><T104/><D25/><U107/><E35/><V17/><F130/><W112/><G112/><T62/><D37/><U82/><E82/><V119/><F119/><W26/><G129/><T132/><D132/><U42/><E42/><V6/><F113/><W72/><G26/><T50/><D59/><U127/><E127/><N who="0" m="48681" /><D13/><U54/><E65/><V19/><F30/><W7/><G40/><N who="0" m="24839" /><D11/><U128/><E128/><V99/><F12/><W123/><G123/><AGARI ba="1,0" hai="62,63,96,103,104,120,121,123" m="24839,48681" machi="123" ten="30,3900,0" yaku="13,1,18,1,52,1" doraHai="46" who="0" fromWho="3" sc="204,42,323,0,254,0,219,-42" /><INIT seed="2,0,0,2,3,112" ten="246,323,254,177" oya="2" hai0="80,7,62,1,84,78,121,10,114,40,77,3,131" hai1="35,71,124,37,38,56,65,116,130,98,47,129,79" hai2="102,27,59,33,25,127,12,39,64,92,44,66,93" hai3="81,118,55,60,91,41,8,107,36,106,68,46,43"/><V123/><F123/><W13/><G43/><T109/><D114/><U105/><E35/><V117/><F127/><W103/><G103/><T26/><D131/><N who="1" m="50187" /><E79/><V5/><F117/><W120/><G120/><T45/><D121/><U11/><E11/><V42/><F92/><W58/><G118/><T69/><D109/><U86/><E86/><V73/><F73/><W74/><G68/><T72/><D26/><U88/><E116/><V97/><F59/><W67/><G67/><T82/><D3/><U104/><E124/><V4/><F27/><W50/><G36/><N who="1" m="13930" /><E47/><V134/><F134/><W122/><G122/><T85/><D72/><U126/><E126/><V22/><F33/><W17/><G74/><T19/><D19/><U113/><E113/><V133/><F133/><W119/><G119/><T96/><D96/><U115/><E71/><V108/><F108/><W125/><G125/><T16/><D45/><U57/><E115/><V6/><REACH who="2" step="1"/><F12/><REACH who="2" ten="246,323,244,177" step="2"/><W28/><REACH who="3" step="1"/><G28/><AGARI ba="0,1" hai="4,5,6,22,25,28,39,42,44,64,66,93,97,102" machi="28" ten="40,3900,0" yaku="1,1,2,1,53,0" doraHai="112" doraHaiUra="49" who="2" fromWho="3" sc="246,0,323,0,244,49,177,-39" /><INIT seed="2,1,0,5,1,75" ten="246,323,293,138" oya="2" hai0="98,125,135,111,101,14,67,131,48,56,133,63,77" hai1="38,115,1,11,16,51,34,0,132,26,108,65,99" hai2="69,93,76,127,105,13,32,84,61,107,6,78,53" hai3="30,110,126,60,25,44,85,59,123,46,114,92,10"/><V18/><F32/><W90/><G123/><T113/><D113/><U57/><E38/><V74/><F6/><W119/><G110/><T94/><D111/><U58/><E108/><V31/><F31/><W5/><G126/><T19/><D125/><U43/><E115/><V27/><F27/><W47/><G114/><T79/><D131/><U54/><E132/><N who="0" m="50761" /><D48/><U81/><E43/><V49/><F127/><W97/><G119/><T87/><D87/><U71/><E71/><V37/><F37/><W4/><G85/><T22/><AGARI ba="1,0" hai="14,19,22,56,63,67,77,79,94,98,101" m="50761" machi="22" ten="30,4000,0" yaku="20,1,52,2" doraHai="75" who="0" fromWho="0" sc="246,43,323,-11,293,-21,138,-11" /><INIT seed="3,0,0,5,0,99" ten="289,312,272,127" oya="3" hai0="9,100,129,38,60,89,34,115,93,102,87,112,56" hai1="94,6,122,3,133,13,78,79,69,86,91,81,61" hai2="4,126,132,84,106,15,120,31,95,107,24,88,127" hai3="114,1,33,80,90,116,73,45,25,67,68,76,37"/><W50/><G114/><N who="0" m="43563" /><D38/><U21/><E133/><V18/><F4/><W59/><G116/><T26/><D129/><U97/><E122/><V16/><F132/><W130/><G130/><T83/><D9/><U40/><E40/><V23/><F120/><W111/><G111/><T5/><D5/><U22/><E3/><V77/><F77/><W75/><G90/><T10/><D10/><N who="1" m="4311" /><E69/><V134/><F134/><W20/><G1/><T32/><D83/><N who="1" m="47479" /><E61/><V117/><F117/><W42/><G33/><N who="0" m="12907" /><D26/><U47/><E47/><V54/><F54/><AGARI ba="0,0" hai="54,56,60,87,89,93,100,102" m="12907,43563" machi="54" ten="30,3900,0" yaku="11,1,52,2" doraHai="99" who="0" fromWho="2" sc="289,39,312,0,272,-39,127,0" owari="328,42.8,312,11.2,233,-16.7,127,-37.3" /></mjloggm>