<mjloggm ver="2.3"><GO type="225" lobby="0"/><UN n0="%4B%2E%32%2E%4B%2E" n1="%E3%81%A4%E3%81%A3%E3%81%B1%E3%82%8A%E3%83%9D%E3%83%BC%E3%83%AB" n2="%63%68%78%63%63" n3="%E3%82%B7%E3%83%B3%E5%A4%AA%E6%9C%97" dan="16,16,16,16" rate="2129.42,2101.04,2137.48,2123.78" sx="M,M,M,M"/><TAIKYOKU oya="0"/><INIT seed="0,0,0,0,5,22" ten="250,250,250,250" oya="0" hai0="57,34,8,124,4,53,132,18,41,108,85,35,86" hai1="75,65,82,101,11,119,78,0,6,79,116,110,25" hai2="58,43,2,40,100,46,107,90,47,70,3,115,16" hai3="7,95,56,93,134,26,126,5,44,17,48,45,20"/><T111/><D124/><U131/><E110/><N who="0" m="42025" /><D132/><U31/><E131/><V106/><F70/><W98/><G126/><T97/><D41/><U59/><E101/><V23/><F100/><W133/><G95/><T37/><D37/><U39/><E79/><V102/><F102/><W38/><G38/><T112/><D112/><U14/><E39/><V54/><F90/><N who="3" m="55607" /><G133/><T42/><D42/><U94/><E94/><V64/><F64/><W52/><G134/><T128/><D18/><U135/><E135/><V49/><F115/><W29/><G17/><T72/><D72/><U21/><REACH who="1" step="1"/><E0/><REACH who="1" ten="250,240,250,250" step="2"/><V10/><F3/><W129/><G129/><T88/><D128/><U61/><AGARI ba="0,1" hai="6,11,14,21,25,31,59,61,65,75,78,82,116,119" machi="61" ten="30,12000,2" yaku="1,1,2,1,0,1,52,1,53,2" doraHai="22" doraHaiUra="114" who="1" fromWho="1" sc="250,-60,240,130,250,-30,250,-30" /><INIT seed="1,0,0,0,1,122" ten="190,370,220,220" oya="1" hai0="78,109,25,91,62,133,0,108,103,135,54,43,31" hai1="88,99,106,14,13,11,86,121,41,38,115,29,6" hai2="134,112,66,15,107,47,60,20,75,123,132,127,125" hai3="129,94,17,51,97,36,2,32,113,7,119,84,89"/><U53/><E115/><V35/><F75/><W69/><G119/><T116/><D116/><U105/><E121/><V30/><F107/><W120/><G36/><T73/><D0/><U110/><E29/><V82/><F123/><W87/><G113/><T79/><D103/><U9/><E53/><V4/><F82/><W117/><G120/><T71/><D43/><U128/><E128/><V42/><F112/><W118/><G69/><T76/><D73/><U21/><E21/><V61/><F20/><W59/><G32/><N who="0" m="20591" /><D91/><U58/><E58/><V74/><F74/><W131/><G117/><T16/><D16/><U104/><E99/><V5/><F30/><W22/><G118/><T19/><D19/><U34/><E34/><V83/><F83/><W49/><G7/><T72/><D72/><U68/><E68/><N who="2" m="42055" /><F61/><W1/><G2/><T64/><D54/><U102/><E102/><V46/><F35/><W52/><G1/><T26/><D26/><U28/><E28/><V101/><F101/><W65/><G65/><T96/><D96/><U95/><E105/><V37/><F47/><W33/><G33/><T40/><D40/><U27/><E104/><V24/><F24/><N who="3" m="14415" /><G49/><T114/><D114/><U55/><E106/><V124/><F15/><N who="1" m="5641" /><E27/><V3/><F5/><W126/><G131/><T12/><D12/><U98/><E6/><V111/><F4/><W57/><G129/><T67/><D67/><U44/><E41/><V93/><F3/><W85/><G59/><T10/><D10/><U18/><E9/><V56/><F56/><W48/><G48/><T70/><D70/><RYUUKYOKU ba="0,0" sc="190,15,370,-15,220,-15,220,15" hai0="62,64,71,76,78,79,108,109,133,135" hai3="51,52,57,84,85,87,89,94,97,126" /><INIT seed="2,1,0,5,4,83" ten="205,355,205,235" oya="2" hai0="46,133,59,70,29,120,131,24,69,84,78,54,45" hai1="6,130,35,23,47,89,13,72,76,117,66,122,63" hai2="109,28,40,71,113,7,2,116,19,0,10,123,115" hai3="82,86,121,135,118,52,56,92,37,41,20,125,103"/><V108/><F71/><W77/><G118/><T12/><D120/><U104/><E104/><V39/><F40/><W58/><G121/><T30/><D131/><U81/><E35/><V67/><F39/><W126/><G135/><T55/><D133/><U102/><E122/><V85/><F67/><W27/><G41/><T11/><D69/><U112/><E102/><V127/><F123/><W36/><G58/><T106/><D106/><U88/><E112/><N who="2" m="43083" /><F116/><W34/><G34/><T38/><D38/><U32/><E117/><V3/><F85/><W53/><G92/><T42/><D70/><U111/><E66/><V57/><F57/><W124/><G103/><T8/><D8/><U110/><E47/><N who="0" m="17929" /><D42/><U105/><E63/><V94/><F94/><W100/><G100/><T62/><D24/><U49/><E105/><V4/><F28/><N who="3" m="17511" /><G53/><T60/><D60/><AGARI ba="1,0" hai="36,37,52,56,60,77,82,86,124,125,126" m="17511" machi="60" ten="30,3900,0" yaku="18,1,52,1,54,1" doraHai="83" who="3" fromWho="0" sc="205,-42,355,0,205,0,235,42" /><INIT seed="3,0,0,1,4,36" ten="163,355,205,277" oya="3" hai0="20,89,24,78,7,50,99,62,76,95,45,47,23" hai1="131,116,124,28,73,2,27,57,81,49,103,38,82" hai2="93,117,111,92,100,109,10,84,107,122,69,127,59" hai3="88,32,83,132,39,17,61,85,114,106,25,6,64"/><W60/><G114/><T54/><D7/><U130/><E124/><V41/><F69/><W4/><G132/><T63/><D20/><N who="1" m="15463" /><E116/><V13/><F117/><W108/><G108/><N who="2" m="41545" /><F127/><W119/><G119/><T58/><D63/><U91/><E73/><V35/><F35/><W135/><G135/><T101/><D101/><U53/><E38/><V43/><F59/><W113/><G113/><T26/><D26/><U72/><E72/><V87/><F107/><W129/><G129/><N who="1" m="49162" /><E2/><V126/><F122/><W34/><G39/><T8/><D8/><U9/><E9/><V55/><F55/><W112/><G61/><T56/><D56/><U115/><E115/><V46/><F46/><W18/><G106/><T133/><D133/><U128/><E128/><V31/><F31/><W52/><G112/><T125/><D125/><U51/><E103/><V33/><F33/><W22/><G64/><T75/><D75/><U66/><E66/><V65/><F65/><W14/><G34/><T123/><D123/><U105/><E105/><V42/><F126/><W98/><G32/><T15/><D15/><U0/><E0/><V30/><F30/><W118/><G118/><T12/><D12/><U121/><E121/><V102/><F100/><W40/><G14/><T16/><REACH who="0" step="1"/><D45/><REACH who="0" ten="153,355,205,277" step="2"/><U3/><E3/><V67/><F102/><W1/><G1/><T86/><D86/><N who="2" m="32810" /><F67/><AGARI ba="0,1" hai="16,23,24,47,50,54,58,62,67,76,78,89,95,99" machi="67" ten="30,8000,1" yaku="1,1,7,1,8,1,54,1,53,1" doraHai="36" doraHaiUra="90" who="0" fromWho="2" sc="153,90,355,0,205,-80,277,0" owari="243,-15.7,355,45.5,125,-37.5,277,7.7" /></mjloggm>