<mjloggm ver="2.3"><GO type="225" lobby="0"/><UN n0="%E8%9B%87%E3%81%AE%E8%A1%80" n1="%E5%85%88%E7%89%A9%E3%81%AF%74%72%61%73%68" n2="%E9%B4%A8%4E%45%47%49" n3="%E3%82%A2%E3%83%AC%E3%83%83%E3%82%AF%E3%82%B9%5A%5A%56" dan="16,17,16,16" rate="2187.19,2154.03,2107.20,2066.33" sx="M,M,M,F"/><TAIKYOKU oya="0"/><INIT seed="0,0,0,0,0,75" ten="250,250,250,250" oya="0" hai0="25,70,100,106,55,78,92,99,27,3,118,30,50" hai1="22,23,128,64,121,96,98,36,18,95,33,97,4" hai2="17,24,101,82,56,51,9,15,43,90,127,46,7" hai3="134,58,85,113,34,119,42,88,104,117,86,111,132"/><T1/><D118/><U116/><E121/><V103/><F127/><W114/><G34/><T74/><D70/><U83/><E116/><N who="3" m="44618" /><G58/><T89/><D27/><U40/><E33/><V81/><F56/><W29/><G42/><T120/><D120/><U11/><E128/><V66/><F66/><W37/><G29/><T19/><D19/><U91/><E64/><V77/><F90/><W20/><G20/><T32/><D55/><U84/><E36/><V60/><F60/><W130/><G37/><T59/><D59/><U107/><E40/><V49/><F49/><W38/><G38/><T80/><REACH who="0" step="1"/><D50/><REACH who="0" ten="240,250,250,250" step="2"/><U112/><E18/><V65/><F65/><W47/><G47/><T5/><D5/><U10/><E4/><V67/><F67/><W14/><G130/><T108/><D108/><U133/><E23/><V102/><F24/><W35/><G111/><T8/><D8/><U52/><E22/><V21/><F21/><W53/><G53/><T28/><D28/><U124/><E10/><V94/><F17/><W122/><G122/><T76/><D76/><U105/><E11/><V2/><F2/><W57/><G57/><T109/><D109/><U54/><E54/><V12/><F12/><W39/><G14/><T44/><D44/><U45/><E45/><V72/><REACH who="2" step="1"/><F81/><REACH who="2" ten="240,250,240,250" step="2"/><W13/><G13/><T0/><D0/><U135/><E83/><V41/><F41/><W115/><G39/><T69/><D69/><U125/><E52/><V63/><F63/><W71/><G71/><T123/><D123/><U129/><E124/><V31/><F31/><W61/><G114/><RYUUKYOKU ba="0,2" sc="240,15,250,-15,240,15,250,-15" hai0="1,3,25,30,32,74,78,80,89,92,99,100,106" hai2="7,9,15,43,46,51,72,77,82,94,101,102,103" /><INIT seed="0,1,2,3,1,67" ten="255,235,255,235" oya="0" hai0="23,87,13,112,26,72,19,58,29,129,41,90,106" hai1="127,33,114,109,89,47,28,14,115,83,71,113,98" hai2="75,36,117,134,30,15,111,5,37,103,110,135,77" hai3="56,21,70,86,55,11,42,53,51,122,119,100,101"/><T73/><D112/><U92/><E109/><N who="2" m="41483" /><F103/><W48/><G119/><T52/><D106/><U62/><E127/><V12/><F30/><W8/><G122/><T79/><D79/><U66/><E47/><V102/><F102/><W121/><G121/><T97/><D97/><U118/><E118/><V25/><F25/><W108/><G108/><T68/><D41/><U64/><E64/><V123/><F123/><W120/><G120/><T45/><D45/><U82/><E14/><N who="2" m="5163" /><F117/><W43/><G21/><T88/><D68/><U27/><AGARI ba="1,2" hai="27,28,33,62,66,71,82,83,89,92,98,113,114,115" machi="27" ten="40,5200,0" yaku="0,1,11,1,52,1" doraHai="67" who="1" fromWho="1" sc="255,-27,235,75,255,-14,235,-14" /><INIT seed="1,0,0,4,4,91" ten="228,310,241,221" oya="1" hai0="31,104,121,43,16,18,130,80,1,86,52,112,132" hai1="97,77,70,17,32,47,85,74,40,42,116,2,5" hai2="126,129,72,4,134,45,95,109,8,131,76,120,87" hai3="14,57,25,46,118,105,106,39,107,53,79,55,26"/><U35/><E116/><V37/><F120/><W6/><G118/><T82/><D104/><U0/><E17/><N who="0" m="6761" /><D1/><U10/><E85/><V94/><F87/><W51/><G39/><T69/><D69/><U125/><E42/><N who="2" m="22735" /><F109/><W84/><G6/><T56/><D121/><U30/><E125/><V9/><F9/><W119/><G119/><T62/><D112/><U103/><E70/><V38/><F38/><W68/><G14/><T135/><D130/><N who="2" m="49674" /><F134/><N who="0" m="51242" /><D43/><U58/><E0/><N who="2" m="7" /><F126/><W123/><G68/><T78/><D82/><AGARI ba="0,0" hai="72,76,82,94,95" m="7,49674,22735" machi="82" ten="30,7700,0" yaku="25,1,19,1,52,2" doraHai="91" who="2" fromWho="0" sc="228,-77,310,0,241,77,221,0" /><INIT seed="2,0,0,0,5,113" ten="151,310,318,221" oya="2" hai0="9,8,62,52,96,72,76,60,47,129,58,1,53" hai1="46,75,34,32,14,123,83,102,2,16,80,78,124" hai2="109,18,100,130,10,115,37,36,89,86,103,26,35" hai3="94,0,119,65,30,43,132,117,108,116,21,128,82"/><V81/><F115/><W39/><G0/><T92/><D129/><U69/><E2/><V45/><F130/><W118/><G128/><T5/><D47/><U17/><E69/><V41/><F109/><W59/><G108/><T106/><D106/><U122/><E124/><V3/><F37/><W6/><G6/><T19/><D72/><U70/><E70/><V110/><F110/><W125/><G125/><T20/><D76/><U61/><E102/><V27/><F35/><W29/><G119/><T95/><D9/><U44/><E61/><V64/><F3/><W131/><G131/><T99/><D99/><U74/><E14/><V134/><F134/><W50/><G39/><T73/><D73/><U24/><E24/><V67/><F27/><W68/><G68/><T126/><D126/><U63/><E63/><V4/><F4/><W7/><G7/><T28/><D28/><U111/><E111/><V121/><F121/><W48/><G132/><T13/><REACH who="0" step="1"/><D96/><REACH who="0" ten="141,310,318,221" step="2"/><U71/><E78/><V25/><F103/><W135/><G30/><T11/><D11/><U40/><E71/><V91/><F100/><W54/><G29/><T114/><D114/><U107/><E40/><V15/><F91/><W55/><G43/><T93/><D93/><U51/><E107/><V49/><F89/><W23/><G118/><T31/><D31/><U87/><E87/><V98/><F98/><W38/><G117/><T88/><D88/><U84/><E84/><V79/><F36/><W42/><G116/><T22/><D22/><U57/><E57/><AGARI ba="0,1" hai="1,5,8,13,19,20,52,53,57,58,60,62,92,95" machi="57" ten="40,5200,0" yaku="1,1,9,1,54,1,53,0" doraHai="113" doraHaiUra="133" who="0" fromWho="1" sc="141,62,310,-52,318,0,221,0" /><INIT seed="3,0,0,1,4,14" ten="203,258,318,221" oya="3" hai0="37,40,32,101,104,33,28,109,46,17,132,100,38" hai1="72,81,0,50,123,94,83,111,62,39,13,118,45" hai2="67,18,25,59,65,76,53,89,43,52,36,44,93" hai3="86,92,129,51,1,7,21,95,120,117,125,105,57"/><W77/><G117/><T48/><D109/><U84/><E123/><V19/><F76/><W115/><G105/><T90/><D132/><U26/><E0/><V56/><F25/><W31/><G115/><T54/><D37/><U58/><E39/><V75/><F75/><W131/><G120/><T133/><D133/><U23/><E72/><V63/><F89/><W135/><G125/><T34/><D28/><U16/><E111/><V27/><F27/><N who="3" m="16879" /><G7/><T22/><D90/><N who="1" m="53575" /><E118/><V102/><F93/><W6/><G6/><T42/><D104/><U82/><E26/><V4/><F102/><W106/><G1/><T78/><D78/><U74/><E74/><V99/><F99/><W10/><G10/><T97/><D97/><U122/><E122/><V60/><F4/><W114/><G106/><T8/><D8/><U103/><E103/><V98/><F98/><W113/><G135/><T68/><D68/><U108/><E108/><V66/><AGARI ba="0,0" hai="18,19,36,43,44,52,53,56,59,60,63,65,66,67" machi="66" ten="30,8000,1" yaku="0,1,9,1,52,2,54,1" doraHai="14" who="2" fromWho="2" sc="203,-20,258,-20,318,80,221,-40" owari="183,-21.7,238,3.8,398,49.8,181,-31.9" /></mjloggm>