<mjloggm ver="2.3"><GO type="225" lobby="0"/><UN n0="%E5%84%AA%40%41%42%43" n1="%72%69%6F%75%63%68%61%6E" n2="%E6%B8%A9%E2%98%85%E6%83%85%E2%98%85%E6%8E%AA%E2%98%85%E7%BD%AE" n3="%E6%A1%9C%E8%8A%B1%E9%96%83%E3%80%85" dan="17,16,17,16" rate="2153.17,2139.36,2203.67,2065.70" sx="M,M,M,M"/><TAIKYOKU oya="0"/><INIT seed="0,0,0,3,2,48" ten="250,250,250,250" oya="0" hai0="109,110,107,41,78,127,113,101,94,111,85,90,38" hai1="63,23,119,6,77,46,121,32,131,25,70,61,50" hai2="79,58,104,39,103,54,13,86,60,45,132,114,72" hai3="57,11,95,74,19,28,26,82,42,62,59,17,18"/><T21/><D38/><U8/><E119/><V122/><F122/><W31/><G42/><T12/><D41/><U47/><E121/><V24/><F114/><W102/><G11/><T116/><D12/><U84/><E131/><V75/><F132/><W130/><G130/><T7/><D7/><U36/><E32/><V96/><F24/><W10/><G10/><T29/><D21/><U135/><E135/><V81/><REACH who="2" step="1"/><F13/><REACH who="2" ten="250,250,240,250" step="2"/><W40/><G26/><T73/><D113/><U66/><E25/><V83/><F83/><W56/><G82/><N who="0" m="45391" /><D29/><U14/><E14/><V100/><F100/><W30/><G102/><T52/><D116/><U4/><E4/><V76/><F76/><W87/><G30/><T93/><D127/><U55/><E6/><V1/><F1/><W34/><G28/><T33/><D33/><U49/><E77/><V125/><F125/><W27/><G27/><T0/><D0/><U120/><E120/><V126/><F126/><W134/><G134/><T112/><D112/><U43/><E8/><V105/><F105/><W88/><G31/><T3/><D3/><U67/><E23/><V99/><F99/><W133/><G133/><T128/><D128/><U108/><E84/><V71/><F71/><W37/><G34/><T123/><D123/><U9/><E9/><V68/><F68/><W89/><G74/><T35/><D35/><U124/><E124/><V44/><F44/><N who="3" m="23567" /><G89/><N who="0" m="53423" /><D107/><U118/><E118/><V69/><F69/><W98/><G98/><N who="0" m="57687" /><D101/><U5/><E5/><V64/><F64/><N who="3" m="38983" /><G17/><T117/><D117/><U51/><E108/><N who="0" m="27649" /><T97/><DORA hai="53" /><D97/><RYUUKYOKU ba="0,1" sc="250,0,250,0,240,0,250,0" hai0="52" hai1="36,43,46,47,49,50,51,55,61,63,66,67,70" hai2="39,45,54,58,60,72,75,79,81,86,96,103,104" hai3="18,19,57,59,87,88,95" /><INIT seed="0,1,1,3,1,32" ten="250,250,240,250" oya="0" hai0="59,98,9,56,49,90,54,122,120,128,15,36,45" hai1="89,107,6,52,123,5,94,22,21,27,100,73,16" hai2="69,66,85,78,37,116,55,0,82,134,79,43,117" hai3="64,40,131,7,58,93,60,4,8,14,41,68,50"/><T53/><D128/><U71/><E123/><V97/><F134/><W95/><G131/><T104/><D36/><U24/><E73/><V2/><F79/><W75/><G75/><T87/><D104/><U67/><E107/><V91/><F55/><W99/><G4/><T81/><D98/><U103/><E67/><V135/><F135/><W61/><G50/><T96/><D96/><U48/><E71/><V121/><F121/><W34/><G34/><T114/><D114/><U46/><E100/><V62/><F43/><W106/><G93/><T109/><D109/><U126/><E103/><V108/><F37/><W30/><G30/><T132/><D132/><U25/><E126/><V111/><F78/><W13/><G13/><T86/><D86/><N who="1" m="52535" /><E24/><V110/><F97/><W101/><REACH who="3" step="1"/><G106/><REACH who="3" ten="250,250,240,240" step="2"/><T119/><D119/><AGARI ba="1,2" hai="0,2,62,66,69,82,85,91,108,110,111,116,117,119" machi="119" ten="50,8000,1" yaku="14,1,12,1,52,2" doraHai="32" who="2" fromWho="0" sc="250,-83,250,0,240,103,240,0" /><INIT seed="1,0,0,3,1,10" ten="167,250,343,240" oya="1" hai0="67,86,21,135,122,17,4,121,51,55,130,31,42" hai1="85,82,39,40,94,101,0,11,7,35,132,19,107" hai2="109,105,112,83,48,1,3,88,84,118,134,117,128" hai3="45,47,123,8,56,111,126,73,59,22,90,23,124"/><U80/><E132/><V65/><F105/><W89/><G8/><T70/><D135/><U102/><E35/><V127/><F134/><W43/><G43/><T57/><D130/><U91/><E19/><V9/><F128/><W75/><REACH who="3" step="1"/><G111/><REACH who="3" ten="167,250,343,230" step="2"/><T60/><D4/><U120/><E120/><AGARI ba="0,1" hai="22,23,45,47,56,59,73,75,89,90,120,123,124,126" machi="120" ten="25,6400,0" yaku="1,1,2,1,22,2,53,0" doraHai="10" doraHaiUra="14" who="3" fromWho="1" sc="167,0,250,-64,343,0,230,74" /><INIT seed="2,0,0,3,5,119" ten="167,186,343,304" oya="2" hai0="84,100,62,24,56,91,51,95,97,66,125,37,70" hai1="130,36,6,110,93,73,20,17,9,53,31,4,68" hai2="82,103,45,63,38,22,114,27,52,117,19,74,61" hai3="1,34,65,109,108,104,133,54,107,85,57,69,60"/><V64/><F114/><W15/><G1/><T0/><D0/><U124/><E68/><V132/><F117/><W111/><G133/><T49/><D37/><U44/><E73/><V21/><F132/><W123/><G34/><T47/><D125/><U89/><E124/><V14/><F103/><W86/><G15/><T2/><D2/><U115/><E115/><V94/><F94/><W18/><G18/><T113/><D113/><U35/><E110/><V16/><F64/><W90/><G123/><T39/><D39/><U26/><E130/><V71/><F71/><W67/><G86/><T29/><D47/><U122/><E122/><V50/><REACH who="2" step="1"/><F38/><REACH who="2" ten="167,186,333,304" step="2"/><W112/><G112/><T81/><REACH who="0" step="1"/><D70/><REACH who="0" ten="157,186,333,304" step="2"/><U11/><E36/><V5/><F5/><W75/><G69/><T77/><D77/><AGARI ba="0,2" hai="14,16,19,21,22,27,45,50,52,61,63,74,77,82" machi="77" ten="40,7700,0" yaku="1,1,54,2,53,0" doraHai="119" doraHaiUra="92" who="2" fromWho="0" sc="157,-77,186,0,333,97,304,0" /><INIT seed="2,1,0,2,3,108" ten="80,186,430,304" oya="2" hai0="75,67,53,2,25,27,89,82,45,28,44,126,55" hai1="76,121,18,49,71,107,119,40,30,92,112,80,77" hai2="0,58,88,84,62,64,24,52,11,116,109,120,57" hai3="123,110,46,96,26,34,105,56,12,20,87,78,29"/><V39/><F116/><W129/><G123/><T132/><D2/><U91/><E112/><V72/><F120/><W4/><G110/><T51/><D132/><U41/><E121/><V128/><F109/><W19/><G129/><T97/><D126/><U130/><E119/><V10/><F72/><W69/><G69/><T37/><D37/><U60/><E107/><V17/><F39/><W54/><G46/><T15/><D75/><U86/><E130/><V124/><F0/><W83/><G105/><T68/><D68/><U122/><E122/><V3/><F3/><W104/><G104/><T31/><D67/><U7/><E7/><V36/><F36/><W118/><G118/><T127/><D127/><U95/><E30/><V9/><F124/><W98/><REACH who="3" step="1"/><G4/><REACH who="3" ten="80,186,430,294" step="2"/><T22/><D44/><U32/><E71/><V6/><F6/><W90/><G90/><T79/><D79/><U125/><E125/><V115/><F128/><W133/><G133/><T134/><D134/><U111/><E91/><V42/><F88/><W14/><G14/><T59/><D15/><U114/><E76/><V50/><F58/><W47/><G47/><T70/><D70/><U66/><E111/><V35/><F57/><W1/><G1/><T13/><D13/><U131/><E77/><V63/><F24/><W106/><G106/><T81/><D97/><U5/><E5/><V100/><F100/><W16/><G16/><T99/><D99/><U101/><E18/><V8/><F17/><W21/><G21/><N who="0" m="15407" /><D89/><N who="1" m="51399" /><E131/><V74/><F35/><W38/><G38/><T43/><D59/><N who="1" m="37151" /><E32/><V103/><F103/><RYUUKYOKU ba="1,1" sc="80,15,186,-15,430,-15,294,15" hai0="22,27,31,43,45,51,53,55,81,82" hai3="12,19,20,26,29,34,54,56,78,83,87,96,98" /><INIT seed="3,2,1,3,1,135" ten="95,171,415,309" oya="3" hai0="106,114,11,80,71,40,68,9,116,85,15,62,42" hai1="120,17,10,75,7,105,79,18,101,129,12,122,107" hai2="83,78,51,123,41,16,96,104,67,3,57,60,84" hai3="124,38,87,92,74,109,89,55,26,1,81,37,125"/><W53/><G1/><T8/><D116/><U14/><E129/><V88/><F3/><W33/><G109/><T0/><D114/><U90/><E7/><V117/><F117/><W110/><G110/><T102/><D0/><U69/><E69/><V108/><F108/><W91/><G33/><T5/><D71/><U49/><E90/><V128/><F128/><W134/><G26/><T127/><D106/><U118/><E118/><V23/><F123/><W95/><G134/><T44/><D102/><U131/><E131/><V6/><F6/><W111/><G111/><T58/><D68/><U50/><E79/><V94/><F104/><W2/><G2/><T20/><D20/><U39/><E39/><V24/><F51/><W70/><G70/><T99/><D99/><U32/><E75/><V77/><F41/><W46/><G74/><T29/><D29/><U113/><E113/><V133/><F133/><W119/><G119/><T100/><D100/><AGARI ba="2,1" hai="16,23,24,57,60,67,77,78,83,84,88,94,96,100" machi="100" ten="30,7700,0" yaku="7,1,8,1,54,2" doraHai="135" who="2" fromWho="0" sc="95,-83,171,0,415,93,309,0" owari="12,-48.8,171,-22.9,508,60.8,309,10.9" /></mjloggm>