<mjloggm ver="2.3"><GO type="225" lobby="0"/><UN n0="%E4%BF%BA%E3%81%A8%E5%A6%96%E5%A4%A2" n1="%E3%83%B4%E3%83%A0%EF%BC%99%E3%81%A6" n2="%E6%81%A5%E6%99%92%E3%81%97" n3="%E7%B4%94%E6%BD%94%E3%83%94%E3%83%A9%E3%83%8B%E3%82%A2" dan="17,16,16,16" rate="2196.25,2095.49,2118.50,2131.30" sx="F,M,M,M"/><TAIKYOKU oya="0"/><INIT seed="0,0,0,1,2,61" ten="250,250,250,250" oya="0" hai0="130,53,3,81,97,52,43,125,131,105,117,94,20" hai1="25,87,60,57,33,13,70,108,18,36,32,82,75" hai2="16,46,45,134,72,15,122,92,116,10,59,112,88" hai3="9,50,63,121,106,83,102,120,93,129,119,12,40"/><T132/><D117/><U28/><E108/><V34/><F122/><N who="3" m="47211" /><G129/><N who="0" m="49163" /><D105/><U114/><E114/><V100/><F112/><W78/><G119/><T95/><D3/><U128/><E128/><V47/><F116/><W126/><G106/><T27/><D132/><U14/><E36/><V7/><F72/><W5/><G63/><T67/><D125/><U41/><E41/><V29/><F134/><W77/><G126/><T96/><D43/><U31/><E75/><V1/><F100/><W89/><G102/><N who="0" m="60695" /><D81/><U0/><E70/><V58/><F29/><W118/><G83/><T104/><D67/><U80/><E80/><V54/><F34/><W21/><G118/><T26/><D104/><U113/><E0/><V69/><F69/><W107/><G107/><T37/><D37/><U76/><E113/><V17/><F1/><W65/><G65/><T74/><D74/><U79/><E79/><V124/><F124/><W127/><G127/><T23/><D23/><U84/><E82/><V110/><F110/><W55/><G21/><T90/><D27/><U71/><E76/><V133/><F133/><W38/><G38/><T4/><D4/><U8/><E71/><V103/><F103/><W109/><G40/><T115/><D115/><U99/><E25/><V123/><F123/><W68/><G68/><T111/><D111/><U64/><E32/><V48/><F59/><N who="3" m="33271" /><G109/><T24/><D24/><U56/><E33/><V42/><F42/><W49/><G78/><T85/><D97/><AGARI ba="0,0" hai="7,10,15,16,17,45,46,47,48,54,58,88,92,97" machi="97" ten="40,5200,0" yaku="8,1,54,2" doraHai="61" who="2" fromWho="0" sc="250,-52,250,0,250,52,250,0" /><INIT seed="1,0,0,2,1,0" ten="198,250,302,250" oya="1" hai0="16,31,78,72,68,37,73,117,91,131,30,4,18" hai1="19,29,60,15,17,51,36,81,129,96,86,76,10" hai2="26,83,111,122,39,133,9,105,32,8,38,11,110" hai3="116,120,2,107,103,21,79,98,53,95,35,93,112"/><U55/><E36/><V48/><F122/><W7/><G35/><T3/><D117/><U115/><E129/><V132/><F105/><W109/><G112/><T61/><D37/><N who="2" m="13834" /><F83/><W70/><G70/><T74/><D131/><U27/><E115/><V64/><F64/><W84/><G109/><N who="2" m="41481" /><F48/><W128/><G128/><T59/><D78/><U6/><E60/><V127/><F127/><W12/><G79/><T100/><D68/><U47/><REACH who="1" step="1"/><E96/><REACH who="1" ten="198,240,302,250" step="2"/><V58/><F58/><W126/><G98/><T34/><D59/><U63/><E63/><V121/><F121/><W14/><G120/><T28/><D61/><U49/><E49/><V106/><F106/><W134/><G107/><T101/><D34/><AGARI ba="0,1" hai="6,10,15,17,19,27,29,34,47,51,55,76,81,86" machi="34" ten="30,5800,0" yaku="1,1,7,1,52,1,53,0" doraHai="0" doraHaiUra="67" who="1" fromWho="0" sc="198,-58,240,68,302,0,250,0" /><INIT seed="1,1,0,4,2,50" ten="140,308,302,250" oya="1" hai0="90,4,60,73,31,127,16,1,71,10,126,20,105" hai1="40,111,45,11,79,14,109,46,106,3,8,84,87" hai2="86,38,35,98,97,65,75,29,30,25,56,42,114" hai3="64,13,125,134,47,122,26,59,107,72,7,103,68"/><U12/><E106/><V74/><F30/><W82/><G134/><T108/><D73/><U49/><E3/><V83/><F38/><W112/><G125/><N who="0" m="47627" /><D105/><U78/><REACH who="1" step="1"/><E49/><REACH who="1" ten="140,298,302,250" step="2"/><V57/><F114/><W102/><G107/><T91/><D108/><U129/><E129/><V34/><F34/><W37/><G112/><T0/><D1/><U17/><E17/><V32/><F35/><W110/><G110/><T89/><D31/><U18/><E18/><V93/><F32/><W69/><G37/><T27/><D89/><U104/><E104/><V41/><F29/><W21/><G103/><T132/><D132/><U43/><AGARI ba="1,1" hai="8,11,12,14,40,43,45,46,78,79,84,87,109,111" machi="43" ten="25,9600,0" yaku="1,1,0,1,22,2,53,0" doraHai="50" doraHaiUra="58" who="1" fromWho="1" sc="140,-33,298,109,302,-33,250,-33" /><INIT seed="1,2,0,5,2,28" ten="107,407,269,217" oya="1" hai0="86,44,68,114,96,62,134,133,41,100,102,120,11" hai1="103,127,93,71,67,81,36,95,92,132,7,108,29" hai2="126,37,65,34,122,98,61,43,24,16,59,125,46" hai3="2,9,47,18,73,97,12,20,88,54,40,22,91"/><U23/><E36/><V26/><F122/><W130/><G73/><T27/><D114/><U78/><E132/><V50/><F98/><W48/><G130/><T39/><D120/><U82/><E127/><V118/><F118/><W116/><G116/><T106/><D100/><U117/><E117/><V4/><F4/><W76/><G76/><T49/><D11/><U119/><E119/><V112/><F112/><W85/><G2/><T105/><D105/><U129/><E129/><V99/><F99/><W101/><G40/><T135/><D86/><U58/><E71/><V94/><F94/><N who="3" m="56519" /><G101/><T110/><D49/><U38/><E38/><V10/><F37/><W32/><G32/><T14/><D14/><U69/><E69/><V121/><F121/><W80/><AGARI ba="2,0" hai="9,12,18,20,22,47,48,54,80,85,91" m="56519" machi="80" ten="30,4000,0" yaku="25,1,8,1,54,1" doraHai="28" who="3" fromWho="3" sc="107,-12,407,-22,269,-12,217,46" /><INIT seed="2,0,0,4,4,71" ten="95,385,257,263" oya="2" hai0="92,100,9,47,114,83,116,2,1,108,70,68,29" hai1="112,106,46,24,113,72,43,93,123,133,60,129,40" hai2="36,120,13,4,101,22,35,44,53,102,117,107,12" hai3="42,118,23,48,14,21,27,50,95,125,78,86,119"/><V25/><F117/><W132/><G125/><T131/><D114/><U31/><E106/><V32/><F120/><W96/><G132/><T79/><D116/><U58/><E72/><V56/><F32/><W99/><G42/><T54/><D108/><U103/><E123/><V18/><F107/><W28/><G118/><T3/><D131/><U26/><E129/><V110/><F110/><W16/><G119/><T49/><D9/><U61/><E133/><V30/><F12/><W67/><G67/><T97/><REACH who="0" step="1"/><D29/><REACH who="0" ten="85,385,257,263" step="2"/><U6/><E31/><V85/><F30/><W38/><G28/><T76/><D76/><U115/><E112/><V7/><F35/><W62/><G78/><T55/><D55/><U65/><E113/><V0/><F53/><W87/><G23/><T94/><D94/><U127/><E93/><V57/><F7/><W130/><G21/><T77/><D77/><U135/><E6/><V121/><F4/><W104/><G95/><T109/><D109/><U128/><E115/><V88/><F121/><W63/><G104/><T89/><D89/><U90/><E128/><V64/><F88/><W33/><G33/><T37/><D37/><U51/><E135/><V91/><F36/><W75/><G38/><T41/><D41/><U59/><E43/><V20/><F91/><W39/><G39/><T52/><D52/><U80/><E40/><V74/><F22/><W105/><G105/><T66/><D66/><U5/><E65/><V34/><F64/><W111/><G111/><T126/><D126/><U134/><E127/><V17/><F34/><W15/><G130/><RYUUKYOKU ba="0,1" sc="85,30,385,-10,257,-10,263,-10" hai0="1,2,3,47,49,54,68,70,79,83,92,97,100" /><INIT seed="3,1,1,4,3,15" ten="115,375,247,253" oya="3" hai0="68,123,31,60,1,70,9,67,12,39,50,103,26" hai1="0,45,34,105,62,25,8,38,85,20,84,3,66" hai2="53,119,121,73,110,44,99,54,55,52,19,125,22" hai3="114,101,37,79,72,57,118,117,112,75,28,33,49"/><W32/><G49/><T81/><D123/><U94/><E105/><V100/><F119/><N who="3" m="45579" /><G57/><T98/><D39/><U115/><E115/><N who="3" m="44074" /><G28/><T96/><D96/><U47/><E34/><N who="3" m="13418" /><G79/><T97/><D97/><U134/><E38/><V58/><F73/><N who="3" m="28235" /><G101/><T78/><D68/><U77/><E77/><V83/><F83/><W65/><G65/><T51/><D1/><U102/><E0/><V120/><F110/><W82/><G82/><T23/><D81/><U42/><E3/><V111/><F111/><W113/><G113/><T116/><D78/><U107/><E8/><V18/><F125/><W135/><G37/><T131/><D116/><U132/><E107/><V63/><F120/><W24/><G24/><T69/><D70/><U64/><E64/><V7/><F7/><W108/><G108/><T74/><D74/><U104/><E104/><V11/><F121/><W124/><G124/><T43/><D43/><U36/><E102/><V127/><F127/><W92/><G92/><T5/><D69/><N who="1" m="42199" /><E94/><N who="2" m="58487" /><F44/><W109/><G109/><T129/><D51/><U95/><E45/><V4/><F22/><W91/><G91/><T71/><D50/><U87/><E95/><V40/><F40/><W89/><G89/><T86/><D86/><U27/><E20/><V59/><F59/><W56/><G56/><T17/><REACH who="0" step="1"/><D5/><REACH who="0" ten="105,375,247,253" step="2"/><U14/><E84/><V122/><F122/><W46/><G46/><T76/><D76/><U6/><E85/><V93/><F93/><W35/><G35/><T48/><D48/><U29/><E87/><V21/><F4/><W106/><G106/><T126/><D126/><RYUUKYOKU ba="1,2" sc="105,15,375,-15,247,-15,253,15" hai0="9,12,17,23,26,31,60,67,71,98,103,129,131" hai3="135" /><INIT seed="3,2,2,1,3,34" ten="120,360,232,268" oya="3" hai0="115,6,119,5,53,33,63,48,77,38,19,95,23" hai1="61,89,106,49,66,76,86,109,65,12,122,59,3" hai2="8,47,42,67,91,37,121,97,41,116,132,99,4" hai3="126,0,64,29,54,36,46,112,101,16,123,25,21"/><W20/><G112/><T120/><D120/><U75/><E3/><V28/><F116/><W84/><G123/><T40/><D119/><U94/><E122/><V90/><F132/><W107/><G0/><T68/><D33/><U58/><E106/><V69/><F121/><W39/><G126/><T85/><D115/><U31/><E109/><V17/><F28/><W110/><G110/><T18/><D38/><U113/><E113/><V22/><F42/><W129/><G64/><T73/><D73/><U100/><E100/><V30/><F30/><W7/><G7/><T9/><D40/><U125/><E125/><V96/><F67/><W10/><G10/><T102/><D68/><U13/><E31/><V134/><F134/><W14/><G129/><T1/><D63/><N who="1" m="38135" /><E75/><V52/><F52/><W93/><G107/><T44/><D5/><U35/><E35/><V118/><F118/><W81/><G101/><T114/><D114/><U131/><E131/><V45/><F69/><W15/><G93/><T72/><D72/><U128/><E128/><V111/><F111/><W98/><G98/><T70/><D70/><U71/><E76/><V74/><F74/><W62/><G15/><N who="1" m="5706" /><E71/><V135/><F135/><W87/><G87/><T88/><D102/><U57/><E57/><V124/><F124/><W32/><G32/><T60/><D60/><U82/><E49/><V117/><F117/><W27/><G39/><T130/><D130/><U55/><E66/><V43/><F4/><W26/><G36/><T78/><D19/><U108/><E108/><V105/><F105/><W92/><G16/><RYUUKYOKU ba="2,2" sc="120,15,360,15,232,-15,268,-15" hai0="1,6,9,18,23,44,48,53,77,78,85,88,95" hai1="55,59,61,82,86,89,94" owari="135,-36.5,395,49.5,217,-18.3,253,5.3" /></mjloggm>