<mjloggm ver="2.3"><GO type="225" lobby="0"/><UN n0="%E4%B8%89%E5%86%A0%E7%8E%8B%E3%83%BB%E5%B1%B1%E7%94%B0%E5%93%B2%E4%BA%BA" n1="%E3%81%A1%E3%82%85%E3%81%86%E3%81%A9%E3%81%8F%E8%B1%A1%E3%81%95%E3%82%93" n2="%E9%80%9F%E6%B0%B4%E5%87%9B%E9%A6%99" n3="%E3%81%95%E3%81%8D%E3%81%9F%E3%81%BE%E6%9E%97%E6%AA%8E" dan="16,17,16,16" rate="2161.83,2182.00,2148.60,2079.07" sx="M,M,F,M"/><TAIKYOKU oya="0"/><INIT seed="0,0,0,1,3,39" ten="250,250,250,250" oya="0" hai0="123,82,33,81,106,126,108,76,66,68,22,73,133" hai1="14,72,16,114,93,57,20,98,109,120,50,90,42" hai2="128,53,75,17,107,70,122,125,6,32,118,25,94" hai3="119,26,64,84,124,47,15,113,89,117,85,69,0"/><T40/><D123/><U38/><E120/><V18/><F107/><W121/><G0/><T5/><D33/><U92/><E109/><V115/><F70/><W23/><G113/><T13/><D106/><U97/><E72/><V86/><F75/><W132/><G121/><T74/><D108/><U28/><E114/><V60/><F122/><W67/><G132/><T58/><D126/><U29/><E38/><V101/><F115/><W8/><G124/><T2/><D68/><U10/><E10/><V34/><F125/><W35/><G35/><T112/><D112/><U31/><E57/><V95/><F128/><W96/><G96/><T102/><D102/><U59/><E59/><V46/><F6/><W129/><G129/><T44/><D133/><U91/><REACH who="1" step="1"/><E29/><REACH who="1" ten="250,240,250,250" step="2"/><V61/><F118/><W63/><G8/><T87/><D58/><U130/><E130/><V3/><F3/><W36/><G36/><T27/><D2/><U49/><E49/><V100/><F61/><W9/><G63/><T83/><D74/><U45/><AGARI ba="0,1" hai="14,16,20,28,31,42,45,50,90,91,92,93,97,98" machi="45" ten="30,12000,2" yaku="1,1,0,1,9,1,8,1,52,1,54,1,53,0" doraHai="39" doraHaiUra="4" who="1" fromWho="1" sc="250,-60,240,130,250,-30,250,-30" /><INIT seed="1,0,0,0,4,89" ten="190,370,220,220" oya="1" hai0="94,2,7,5,103,64,61,81,38,117,84,13,24" hai1="65,133,92,102,0,75,119,55,62,110,107,45,74" hai2="37,43,52,77,118,9,40,132,99,95,131,112,22" hai3="113,88,1,66,83,23,73,59,46,41,17,51,76"/><U125/><E119/><V60/><F118/><W105/><G113/><T4/><D2/><U80/><E107/><V67/><F37/><W27/><G105/><T32/><D38/><U122/><E0/><V97/><F132/><W121/><G121/><T126/><D126/><U42/><E55/><V70/><F70/><W115/><G115/><T10/><D117/><U26/><E80/><V18/><F77/><W96/><G1/><T39/><D39/><U15/><E15/><V12/><F99/><W49/><G66/><T30/><D103/><U82/><E82/><V8/><F67/><W135/><G135/><T68/><REACH who="0" step="1"/><D94/><REACH who="0" ten="180,370,220,220" step="2"/><U31/><E92/><V35/><F112/><W87/><G73/><T128/><D128/><U54/><E102/><V111/><F131/><W106/><G106/><T14/><D14/><U124/><E124/><V116/><F116/><W91/><G96/><T28/><D28/><U114/><E125/><V69/><F12/><W44/><REACH who="3" step="1"/><G59/><REACH who="3" ten="180,370,220,210" step="2"/><T63/><D63/><U123/><E62/><V33/><F60/><W78/><G78/><AGARI ba="0,2" hai="4,5,7,10,13,24,30,32,61,64,68,78,81,84" machi="78" ten="30,3900,0" yaku="1,1,7,1,53,1" doraHai="89" doraHaiUra="11" who="0" fromWho="3" sc="180,59,370,0,220,0,210,-39" /><INIT seed="2,0,0,0,3,58" ten="239,370,220,171" oya="2" hai0="21,45,4,30,11,111,26,74,40,92,107,69,42" hai1="66,76,131,114,2,71,37,119,35,49,123,101,54" hai2="91,87,100,106,61,82,78,13,112,33,105,53,98" hai3="51,67,133,16,89,23,39,60,103,135,85,108,24"/><V57/><F112/><W20/><G39/><T90/><D111/><U46/><E76/><V118/><F33/><W65/><G108/><T0/><D107/><U68/><E101/><V121/><F118/><W104/><G67/><T116/><D116/><U109/><E2/><V126/><F121/><W22/><G51/><T73/><D69/><U1/><E1/><V122/><F122/><W64/><G64/><T28/><D28/><U97/><E35/><V134/><F134/><N who="3" m="51211" /><G103/><T129/><D129/><U43/><E97/><V130/><F130/><W50/><G50/><T52/><D52/><U124/><E119/><V127/><F105/><W93/><G104/><T19/><D30/><U63/><E123/><V9/><REACH who="2" step="1"/><F78/><REACH who="2" ten="239,370,210,171" step="2"/><W31/><G31/><T113/><D113/><U132/><E131/><V75/><F75/><W115/><G115/><T41/><D74/><U102/><E114/><V29/><F29/><W27/><G27/><T96/><REACH who="0" step="1"/><D73/><REACH who="0" ten="229,370,210,171" step="2"/><U86/><E132/><V125/><F125/><W117/><G117/><T15/><D15/><U128/><E124/><V95/><F95/><W81/><G93/><T70/><D70/><AGARI ba="0,2" hai="16,20,22,23,24,60,65,70,81,85,89" m="51211" machi="70" ten="30,3900,0" yaku="20,1,52,1,54,1" doraHai="58" who="3" fromWho="0" sc="229,-39,370,0,210,0,171,59" /><INIT seed="3,0,0,2,5,59" ten="190,370,210,230" oya="3" hai0="53,81,12,78,82,118,129,25,74,100,30,72,14" hai1="76,54,31,65,88,97,123,105,92,87,0,108,9" hai2="49,95,114,94,77,64,38,15,69,120,134,24,98" hai3="124,131,102,96,133,21,66,55,17,57,106,51,48"/><W40/><G124/><T80/><D118/><U119/><E123/><V1/><F38/><W8/><G131/><T93/><D129/><U34/><E65/><V19/><F1/><W117/><G133/><T56/><D100/><U127/><E54/><V2/><F2/><W104/><G117/><T130/><D130/><U28/><E31/><V99/><F114/><W84/><G66/><T67/><D67/><U16/><E92/><V68/><F77/><W41/><G8/><T70/><D70/><U46/><E9/><V3/><F3/><W109/><G109/><T128/><D128/><U5/><E87/><V110/><F110/><W86/><G106/><T60/><D93/><U89/><E46/><V27/><F134/><W26/><G51/><T126/><D126/><U121/><E89/><V22/><F120/><W45/><G41/><T23/><D81/><U63/><E97/><V42/><F64/><W7/><G7/><T4/><D4/><U90/><E5/><V113/><F113/><W47/><G47/><T43/><D43/><U18/><E0/><V125/><F125/><W75/><G75/><T58/><D56/><U132/><E34/><V44/><F69/><W83/><G83/><T73/><D73/><U32/><E132/><V91/><F68/><W52/><G55/><T115/><D115/><U116/><E108/><V36/><F36/><W112/><G112/><T13/><D13/><U85/><E116/><V62/><F62/><W6/><G6/><T35/><D35/><U37/><E119/><V122/><F122/><W50/><AGARI ba="0,0" hai="17,21,26,40,45,48,50,52,57,84,86,96,102,104" machi="50" ten="20,3900,0" yaku="0,1,7,1,54,1" doraHai="59" who="3" fromWho="3" sc="190,-13,370,-13,210,-13,230,39" /><INIT seed="3,1,0,1,0,121" ten="177,357,197,269" oya="3" hai0="67,25,82,43,7,26,32,14,17,44,118,113,52" hai1="80,6,89,81,109,117,62,120,21,102,101,47,22" hai2="119,51,134,29,125,40,108,110,13,112,50,105,73" hai3="12,79,115,91,60,11,76,0,107,70,37,78,97"/><W59/><G37/><T64/><D118/><U93/><E120/><V87/><F73/><W19/><G115/><T128/><D113/><U84/><E109/><N who="2" m="42091" /><F112/><W114/><G70/><T66/><D128/><U131/><E47/><V33/><F105/><W38/><G38/><T85/><D7/><U54/><E62/><V111/><N who="2" m="42099" /><V135/><DORA hai="116" /><F119/><W3/><G114/><T99/><D99/><U61/><E21/><V49/><F125/><W23/><G107/><T27/><D43/><U39/><E6/><V45/><F13/><N who="3" m="9711" /><G3/><T106/><D32/><U98/><E39/><N who="2" m="21663" /><F87/><W130/><G130/><T56/><D44/><U71/><E84/><V18/><F18/><N who="3" m="8479" /><G0/><T83/><D106/><U10/><E117/><V16/><F16/><W24/><G24/><AGARI ba="1,0" hai="24,29,33,49,50,51,134,135" m="21663,42099" machi="24" ten="50,8000,1" yaku="14,1,52,4" doraHai="121,116" who="2" fromWho="3" sc="177,0,357,0,197,83,269,-83" owari="177,-32.3,357,45.7,280,8.0,186,-21.4" /></mjloggm>