<mjloggm ver="2.3"><GO type="225" lobby="0"/><UN n0="%E3%81%BF%E3%81%BF%E3%81%9A" n1="%E9%B3%B3%E6%9D%B1%E3%81%AE%E3%81%BF%E3%81%91%E3%81%AB%E3%82%83%E3%82%93" n2="%E3%81%A0%E3%81%8A" n3="%73%6C%69%63%6B%33%31%39" dan="16,16,16,16" rate="2148.74,2088.59,2033.27,2069.32" sx="M,F,M,M"/><TAIKYOKU oya="0"/><INIT seed="0,0,0,4,3,29" ten="250,250,250,250" oya="0" hai0="118,27,58,126,109,134,18,62,86,77,84,102,72" hai1="1,56,19,47,60,12,101,49,71,16,44,81,9" hai2="99,116,25,76,31,87,8,129,120,61,104,93,20" hai3="67,85,131,110,5,3,41,43,105,34,133,46,10"/><T91/><D118/><U75/><E1/><V68/><F120/><W57/><G105/><T32/><D126/><U98/><E71/><V124/><F104/><W52/><G34/><T92/><D134/><U123/><E123/><V83/><F124/><W113/><G113/><T24/><D109/><U63/><E75/><V59/><F68/><W95/><G133/><T82/><D32/><U51/><E81/><V0/><F129/><W54/><G131/><T66/><D102/><U94/><E19/><V70/><F70/><W69/><G69/><T14/><REACH who="0" step="1"/><D72/><REACH who="0" ten="240,250,250,250" step="2"/><U50/><REACH who="1" step="1"/><E60/><REACH who="1" ten="240,240,250,250" step="2"/><V97/><F116/><W38/><G110/><T73/><D73/><U64/><AGARI ba="0,2" hai="9,12,16,44,47,49,50,51,56,63,64,94,98,101" machi="64" ten="30,12000,2" yaku="1,1,2,1,0,1,8,1,54,1,53,1" doraHai="29" doraHaiUra="6" who="1" fromWho="1" sc="240,-60,240,140,250,-30,250,-30" /><INIT seed="1,0,0,5,3,127" ten="180,380,220,220" oya="1" hai0="115,106,50,42,47,27,55,133,73,14,44,45,80" hai1="26,3,104,25,86,29,84,107,87,132,99,54,93" hai2="65,30,68,33,51,79,119,34,117,23,46,130,35" hai3="135,121,131,101,5,7,49,134,118,32,40,38,78"/><U129/><E3/><V48/><F79/><W82/><G121/><T39/><D106/><N who="1" m="40491" /><E54/><V28/><F130/><W22/><G32/><T114/><D27/><N who="1" m="10251" /><E29/><V66/><F34/><W105/><G118/><T74/><D133/><U85/><E85/><V83/><F33/><W70/><G135/><T95/><D95/><U63/><E63/><V52/><F35/><W111/><G105/><T11/><D45/><U112/><E112/><V81/><F52/><W36/><G134/><T58/><D58/><U6/><E6/><V122/><F122/><W125/><G5/><T19/><D74/><U21/><E21/><V31/><F23/><W41/><G7/><T1/><D1/><U123/><E123/><V71/><F28/><W69/><G22/><T43/><D43/><U9/><E9/><V97/><F46/><W102/><G41/><T128/><D128/><U61/><E61/><V94/><F94/><W91/><G131/><T113/><D73/><U13/><E99/><AGARI ba="0,0" hai="30,31,48,51,65,66,68,71,81,83,97,99,117,119" machi="99" ten="25,1600,0" yaku="22,2" doraHai="127" who="2" fromWho="1" sc="180,0,380,-16,220,16,220,0" /><INIT seed="2,0,0,0,0,94" ten="180,364,236,220" oya="2" hai0="19,97,88,65,82,92,133,113,17,43,84,123,31" hai1="8,64,116,99,75,132,22,57,134,80,35,40,96" hai2="26,119,130,67,24,44,72,83,85,78,87,128,100" hai3="32,5,62,41,77,73,46,42,107,126,14,127,10"/><V93/><F119/><W49/><G32/><T109/><D123/><U23/><E116/><V11/><F67/><W0/><G107/><T81/><D113/><U66/><E35/><V12/><F72/><W2/><G42/><T135/><D109/><U20/><E40/><V118/><F118/><W16/><G62/><T131/><D131/><N who="2" m="50218" /><F44/><W63/><G63/><T76/><D65/><N who="1" m="25195" /><E57/><V9/><F9/><W33/><G33/><T47/><D31/><U27/><E8/><V69/><F69/><W29/><G29/><T103/><D133/><N who="1" m="51307" /><E27/><V48/><F24/><W125/><G5/><T59/><D59/><U124/><E124/><V18/><F26/><W91/><G91/><T71/><D71/><U129/><E129/><V60/><F60/><W108/><G108/><T61/><D61/><U79/><AGARI ba="0,0" hai="20,22,23,75,79,80,96,99" m="51307,25195" machi="79" ten="40,5200,0" yaku="20,1,52,2" doraHai="94" who="1" fromWho="1" sc="180,-13,364,52,236,-26,220,-13" /><INIT seed="3,0,0,0,1,113" ten="167,416,210,207" oya="3" hai0="90,126,65,86,53,33,120,72,59,110,42,48,123" hai1="107,103,2,83,7,17,99,66,20,79,4,118,35" hai2="6,82,125,73,26,37,105,34,62,45,74,23,0" hai3="133,10,58,132,67,131,100,122,38,128,111,60,97"/><W8/><G122/><T109/><D72/><U50/><E35/><V119/><F105/><W95/><G38/><T77/><D77/><U29/><E29/><V89/><F34/><W12/><G111/><N who="0" m="42507" /><D33/><U124/><E2/><V41/><F119/><W71/><G71/><T9/><D9/><U5/><E118/><V49/><F125/><W129/><REACH who="3" step="1"/><G8/><REACH who="3" ten="167,416,210,197" step="2"/><T32/><D32/><U54/><E124/><V47/><F37/><W134/><G134/><T63/><D126/><U28/><E4/><AGARI ba="0,1" hai="4,10,12,58,60,67,95,97,100,128,129,131,132,133" machi="4" ten="40,3900,0" yaku="1,1,19,1,53,0" doraHai="113" doraHaiUra="81" who="3" fromWho="1" sc="167,0,416,-39,210,0,197,49" /><INIT seed="3,1,0,4,2,122" ten="167,377,210,246" oya="3" hai0="25,21,89,51,30,37,44,39,128,59,81,117,112" hai1="123,48,8,80,92,10,114,6,29,57,38,36,104" hai2="9,100,94,26,52,132,121,20,45,16,43,13,98" hai3="106,47,78,90,22,96,115,64,62,108,83,46,33"/><W95/><G115/><T135/><D128/><U70/><E10/><V134/><F121/><W101/><G33/><T63/><D117/><U27/><E92/><V129/><F129/><W72/><G108/><T76/><D135/><U34/><E80/><V97/><F97/><W74/><G22/><T124/><D124/><U53/><E70/><V14/><F14/><W126/><G126/><T50/><D112/><U119/><E104/><V49/><REACH who="2" step="1"/><F43/><REACH who="2" ten="167,377,200,246" step="2"/><W40/><G40/><T103/><D103/><U88/><E123/><V60/><F60/><W99/><G72/><T24/><D89/><U111/><E114/><V17/><AGARI ba="1,1" hai="9,13,16,17,20,26,45,49,52,94,98,100,132,134" machi="17" ten="30,7900,0" yaku="1,1,0,1,54,2,53,0" doraHai="122" doraHaiUra="3" who="2" fromWho="2" sc="167,-21,377,-21,200,92,246,-40" owari="146,-35.4,356,45.6,292,9.2,206,-19.4" /></mjloggm>