<mjloggm ver="2.3"><GO type="225" lobby="0"/><UN n0="%E3%80%90%E3%83%88%E3%83%AA%E3%83%A5%E3%83%95%E3%80%91" n1="%E3%83%A9%E3%82%A4%E3%83%B3%E3%81%AE%E8%99%8E" n2="%E3%81%AF%E3%82%88%E3%81%8A%E3%81%98%E3%81%95%E3%82%93" n3="%E8%90%BD%E6%97%A5" dan="16,16,17,17" rate="2083.44,2111.22,2169.49,2256.29" sx="M,M,M,F"/><TAIKYOKU oya="0"/><INIT seed="0,0,0,3,1,123" ten="250,250,250,250" oya="0" hai0="55,60,101,77,50,63,107,65,109,54,85,26,45" hai1="127,79,90,31,16,24,84,38,76,100,17,34,74" hai2="47,2,20,115,111,3,40,32,69,80,81,30,98" hai3="105,117,125,130,92,126,7,124,36,120,42,78,104"/><T99/><D109/><U121/><E121/><V44/><F115/><W8/><G120/><T131/><D131/><U67/><E127/><V37/><F69/><W35/><G35/><T94/><D26/><U58/><E38/><V9/><F32/><W114/><G114/><T49/><D65/><U22/><E100/><V89/><F111/><W39/><G117/><T72/><D72/><U66/><E74/><V23/><F47/><W33/><G33/><T18/><D18/><N who="1" m="7275" /><E34/><V73/><F30/><W61/><G130/><T5/><D5/><U1/><E1/><V132/><F132/><W56/><G105/><T43/><D43/><U64/><E58/><V0/><F9/><W91/><G104/><T133/><D133/><U129/><E129/><V82/><REACH who="2" step="1"/><F73/><REACH who="2" ten="250,250,240,250" step="2"/><W71/><G71/><T70/><D70/><U57/><E57/><V112/><F112/><W75/><G75/><T88/><D77/><U51/><E51/><V122/><F122/><W12/><G39/><T11/><D11/><U29/><E29/><V103/><F103/><W25/><G36/><T46/><AGARI ba="0,1" hai="45,46,49,50,54,55,60,63,85,88,94,99,101,107" machi="46" ten="20,7800,0" yaku="0,1,7,1,9,1,54,1" doraHai="123" who="0" fromWho="0" sc="250,88,250,-26,240,-26,250,-26" /><INIT seed="0,1,0,2,2,10" ten="338,224,214,224" oya="0" hai0="48,133,125,107,55,7,108,4,71,96,63,65,127" hai1="51,36,134,132,89,16,44,47,85,101,45,60,95" hai2="103,67,33,39,61,104,1,30,113,74,22,31,87" hai3="43,62,52,15,116,80,23,75,53,32,78,86,106"/><T17/><D108/><U99/><E36/><V111/><F113/><W69/><G116/><T98/><D17/><U27/><E60/><V57/><F74/><W135/><G32/><T102/><D96/><U40/><E132/><V2/><F39/><W124/><G106/><T109/><D109/><U37/><E134/><V114/><F114/><W115/><G115/><T79/><D79/><U131/><E131/><V38/><F38/><W9/><G124/><N who="0" m="47691" /><D133/><U56/><E56/><AGARI ba="1,0" hai="4,7,48,55,56,63,65,71,98,102,107" m="47691" machi="56" ten="30,1500,0" yaku="18,1" doraHai="10" who="0" fromWho="1" sc="338,18,224,-18,214,0,224,0" /><INIT seed="0,2,0,3,0,39" ten="356,206,214,224" oya="0" hai0="101,80,23,50,7,98,123,21,30,129,114,97,45" hai1="15,33,31,112,70,8,109,74,64,93,55,34,24" hai2="104,116,113,130,69,16,67,10,66,110,1,25,103" hai3="72,60,0,127,12,40,91,92,105,54,88,48,63"/><T95/><D114/><U120/><E109/><V6/><F113/><W96/><G0/><T56/><D123/><U43/><E74/><V71/><F110/><W102/><G127/><T27/><D129/><U9/><E120/><V135/><F130/><W53/><G72/><T73/><D7/><U47/><E112/><V46/><F135/><W125/><G125/><T26/><D56/><U83/><E55/><N who="3" m="21002" /><G105/><T124/><D124/><U87/><E93/><V134/><F134/><W41/><G12/><T76/><D98/><U38/><E34/><V100/><F116/><W108/><G108/><T86/><D73/><U117/><E117/><V59/><F46/><N who="3" m="25671" /><G41/><T37/><D37/><U61/><REACH who="1" step="1"/><E15/><REACH who="1" ten="356,196,214,224" step="2"/><V42/><F104/><W85/><G102/><T84/><D101/><U36/><E36/><V57/><F103/><W106/><G106/><T126/><D126/><U79/><AGARI ba="2,1" hai="8,9,24,31,33,38,43,47,61,64,70,79,83,87" machi="79" ten="20,8000,1" yaku="1,1,0,1,7,1,52,1,53,1" doraHai="39" doraHaiUra="77" who="1" fromWho="1" sc="356,-42,196,96,214,-22,224,-22" /><INIT seed="1,0,0,0,3,93" ten="314,292,192,202" oya="1" hai0="25,0,15,119,71,29,11,108,7,47,39,17,78" hai1="116,106,41,112,117,46,77,33,125,104,95,89,80" hai2="83,103,49,31,37,5,84,132,43,76,44,126,85" hai3="52,23,124,118,64,13,96,94,59,114,6,28,86"/><U60/><E33/><V88/><F126/><W38/><G114/><T123/><D108/><U127/><E60/><V98/><F132/><W62/><G124/><N who="1" m="47690" /><E46/><V66/><F5/><W135/><G135/><T121/><D119/><N who="1" m="45643" /><E41/><V102/><F31/><W18/><G118/><T100/><D71/><U2/><E2/><V107/><F103/><N who="3" m="60823" /><G38/><T74/><D100/><U67/><E67/><V91/><F66/><W128/><G128/><T134/><D134/><U65/><E65/><V69/><F69/><W30/><G64/><T61/><D61/><U68/><E112/><V115/><F115/><W110/><G110/><T73/><D17/><U35/><E35/><V21/><F21/><W105/><G105/><T79/><D15/><U72/><E68/><V131/><F131/><W3/><G3/><T10/><D10/><U9/><E9/><V58/><REACH who="2" step="1"/><F85/><AGARI ba="0,0" hai="72,77,80,85,89,95,104,106" m="45643,47690" machi="85" ten="30,5800,0" yaku="18,1,34,2" doraHai="93" who="1" fromWho="2" sc="314,0,292,58,192,-58,202,0" /><INIT seed="1,1,0,5,1,75" ten="314,350,134,202" oya="1" hai0="1,81,117,107,4,98,45,20,44,94,134,78,92" hai1="132,95,8,100,40,66,42,62,43,90,79,108,89" hai2="7,41,9,53,47,82,122,21,38,67,17,23,87" hai3="121,115,84,118,72,113,76,32,73,99,2,18,12"/><U130/><E132/><V120/><F53/><W48/><G2/><T51/><D134/><U10/><E130/><V50/><F67/><W61/><G32/><T46/><D117/><U34/><E34/><V30/><F38/><W39/><G39/><T31/><D107/><U22/><E100/><V123/><F17/><W104/><G121/><T129/><D129/><U91/><E95/><V128/><F30/><W26/><G26/><N who="0" m="16839" /><D1/><U13/><E108/><V14/><REACH who="2" step="1"/><F128/><REACH who="2" ten="314,350,124,202" step="2"/><W96/><G18/><T88/><D4/><U24/><E66/><V25/><F25/><W58/><G58/><T49/><D94/><U63/><E24/><V3/><F3/><W57/><G57/><T93/><D92/><U112/><E42/><V15/><F15/><W127/><G12/><T101/><D101/><U85/><E43/><V86/><F86/><AGARI ba="1,1" hai="44,45,46,49,51,78,81,86,88,93,98" m="16839" machi="86" ten="30,3900,0" yaku="8,1,52,1,54,1" doraHai="75" who="0" fromWho="2" sc="314,52,350,0,124,-42,202,0" /><INIT seed="2,0,0,3,4,35" ten="366,350,82,202" oya="2" hai0="93,92,33,19,52,47,51,3,119,4,41,76,40" hai1="63,1,114,82,108,10,121,46,37,70,8,105,6" hai2="22,32,42,59,56,96,38,74,17,127,102,48,110" hai3="50,54,81,23,21,75,31,68,116,43,0,104,120"/><V72/><F32/><W27/><G104/><T67/><D3/><N who="1" m="95" /><E108/><V94/><F127/><W5/><G116/><T130/><D33/><U73/><E105/><V18/><F110/><W128/><G120/><T112/><D112/><U107/><E107/><V57/><F38/><W78/><G128/><T20/><D4/><N who="1" m="1295" /><E114/><V64/><F64/><W69/><G43/><N who="0" m="16459" /><D130/><U101/><E101/><V55/><F42/><W84/><G75/><T91/><D76/><N who="1" m="44303" /><E46/><V90/><F17/><W129/><G129/><T62/><D119/><U88/><E88/><V24/><REACH who="2" step="1"/><F102/><REACH who="2" ten="366,350,72,202" step="2"/><W7/><G7/><T97/><D67/><N who="1" m="41343" /><E121/><V134/><F134/><W14/><G54/><T124/><D52/><U79/><E79/><V80/><F80/><W61/><G81/><T36/><D93/><U106/><E106/><V89/><F89/><W83/><G78/><T125/><D92/><U85/><E85/><V11/><F11/><W118/><G84/><T103/><D103/><U39/><AGARI ba="0,1" hai="37,39" m="41343,44303,1295,95" machi="39" ten="30,7900,0" yaku="33,2,52,2" doraHai="35" who="1" fromWho="1" sc="366,-20,350,89,72,-39,202,-20" /><INIT seed="3,0,0,0,0,66" ten="346,439,33,182" oya="3" hai0="122,121,102,23,39,40,100,11,0,51,52,73,17" hai1="106,24,71,126,67,99,31,58,98,29,8,75,47" hai2="91,74,1,27,63,112,93,4,119,120,114,28,33" hai3="3,77,111,94,35,134,87,43,55,88,46,125,109"/><W81/><G35/><T12/><D73/><U61/><E75/><V44/><F119/><W117/><G3/><T10/><D39/><U32/><E126/><V95/><F74/><W2/><G2/><T14/><D40/><U128/><E128/><V72/><F72/><W59/><G117/><T64/><D64/><U127/><E127/><V13/><F120/><W60/><G125/><T65/><D65/><U6/><E31/><V76/><F76/><W108/><G134/><T130/><D0/><U105/><E58/><V16/><F63/><W90/><REACH who="3" step="1"/><G94/><REACH who="3" ten="346,439,33,172" step="2"/><T132/><D132/><U70/><E32/><V78/><F95/><W131/><G131/><T129/><D121/><U36/><E105/><V92/><F93/><W26/><G26/><N who="0" m="14703" /><D122/><U30/><E106/><V133/><F133/><W42/><G42/><T115/><D129/><U97/><E24/><V37/><F78/><W38/><AGARI ba="0,1" hai="38,43,46,55,59,60,77,81,87,88,90,108,109,111" machi="38" ten="30,18000,2" yaku="1,1,0,1,14,1,10,1,54,1,53,2" doraHai="66" doraHaiUra="85" who="3" fromWho="3" sc="346,-60,439,-60,33,-60,172,190" owari="286,-11.4,379,47.9,-27,-52.7,362,16.2" /></mjloggm>