<mjloggm ver="2.3"><GO type="225" lobby="0"/><UN n0="%E8%81%B7%E6%A5%AD%E3%80%81%E9%A2%A8%32" n1="%73%6C%69%63%6B%33%31%39" n2="%E9%81%85%E5%88%BB%E3%81%AE%E3%83%97%E3%83%AA%E3%83%B3%E3%82%B9%E2%99%AA" n3="%E6%81%AC%E6%B7%A1%E5%AF%82%E5%AF%9E" dan="16,16,16,16" rate="2127.23,2156.47,2164.99,2121.05" sx="M,M,F,M"/><TAIKYOKU oya="0"/><INIT seed="0,0,0,1,0,93" ten="250,250,250,250" oya="0" hai0="42,55,71,135,15,11,115,53,92,83,123,80,97" hai1="85,22,45,91,50,7,49,4,103,100,130,31,30" hai2="104,1,75,73,26,126,106,58,116,109,46,18,76" hai3="23,120,102,0,6,29,68,78,10,108,19,127,122"/><T61/><D123/><N who="3" m="47145" /><G68/><T12/><D115/><U64/><E130/><V60/><F116/><W44/><G78/><T65/><D135/><U43/><E64/><V101/><F1/><W117/><G44/><T81/><D42/><U56/><E56/><V9/><F109/><W37/><G102/><N who="1" m="38954" /><E49/><V52/><F126/><W112/><G37/><T27/><D27/><N who="1" m="16759" /><E31/><V66/><F106/><W33/><G117/><T131/><D131/><U59/><E59/><V2/><F101/><W113/><G108/><T124/><D124/><U111/><E111/><V82/><F104/><W34/><G127/><T95/><D15/><U16/><E16/><V25/><F73/><W98/><G98/><T118/><D118/><U35/><E35/><N who="3" m="13322" /><G29/><T99/><D95/><AGARI ba="0,0" hai="4,7,43,45,50,85,91,95" m="16759,38954" machi="95" ten="30,1000,0" yaku="8,1" doraHai="93" who="1" fromWho="0" sc="250,-10,250,10,250,0,250,0" /><INIT seed="1,0,0,5,0,80" ten="240,260,250,250" oya="1" hai0="91,42,85,50,72,96,108,36,31,14,105,130,90" hai1="69,132,44,75,109,6,70,57,84,47,110,56,55" hai2="106,74,45,97,86,89,125,67,60,34,88,87,43" hai3="1,79,16,83,30,101,71,112,103,53,78,77,123"/><U10/><E75/><V100/><F34/><W27/><G123/><T40/><D36/><U28/><E28/><V19/><F74/><W120/><G120/><T32/><D72/><U117/><E117/><V66/><F125/><W37/><G112/><T102/><D108/><N who="1" m="41579" /><E10/><V128/><F128/><W63/><G37/><T12/><D130/><U122/><E6/><V17/><F67/><W115/><G1/><T121/><D91/><U52/><E122/><V29/><F29/><W73/><G115/><T21/><D121/><U33/><E33/><V99/><F99/><W127/><G127/><T26/><D50/><N who="1" m="30839" /><E84/><V65/><F65/><W129/><G129/><T23/><D32/><U18/><E18/><V15/><F19/><W111/><G111/><T62/><D62/><N who="1" m="36135" /><E132/><V124/><F124/><W38/><G16/><T24/><D14/><U46/><AGARI ba="0,0" hai="44,46,47,69,70" m="36135,30839,41579" machi="46" ten="30,12000,1" yaku="14,1,10,1,34,2,54,1" doraHai="80" who="1" fromWho="1" sc="240,-40,260,120,250,-40,250,-40" /><INIT seed="1,1,0,0,3,113" ten="200,380,210,210" oya="1" hai0="108,18,47,118,81,35,68,38,39,94,4,27,45" hai1="89,7,67,22,61,122,53,90,46,82,103,123,21" hai2="97,74,28,33,56,111,51,52,15,114,125,79,8" hai3="9,83,132,16,29,95,65,91,20,57,64,40,14"/><U115/><E115/><V109/><F114/><W66/><G132/><T60/><D108/><N who="2" m="41546" /><F125/><W131/><G131/><T80/><D4/><U78/><E103/><V102/><F28/><W119/><G119/><T130/><D130/><U107/><E107/><N who="2" m="63951" /><F33/><W44/><G83/><T6/><D6/><U73/><E7/><N who="2" m="3487" /><F79/><W19/><G57/><T88/><D35/><U34/><E78/><V124/><F124/><W3/><G29/><T30/><D30/><U87/><E34/><V84/><F84/><W98/><G3/><T12/><D118/><U13/><E87/><V76/><F76/><W31/><G31/><T59/><D68/><U104/><E82/><N who="0" m="31849" /><D27/><U116/><E116/><V70/><F70/><W75/><G75/><AGARI ba="1,0" hai="51,52,56,74,75" m="3487,63951,41546" machi="75" ten="30,2000,0" yaku="14,1,54,1" doraHai="113" who="2" fromWho="3" sc="200,0,380,0,210,23,210,-23" /><INIT seed="2,0,0,5,4,122" ten="200,380,233,187" oya="2" hai0="72,52,133,4,43,82,56,101,68,45,103,14,29" hai1="32,124,129,17,66,104,9,117,108,46,55,135,20" hai2="7,81,1,26,2,91,40,49,39,85,62,33,58" hai3="67,18,57,115,65,24,123,102,100,110,38,37,83"/><V16/><F39/><W96/><G123/><T95/><D68/><U28/><E104/><V21/><F33/><W126/><G115/><T71/><D71/><U107/><E107/><V111/><F111/><W132/><G83/><T70/><D70/><U30/><E117/><V48/><F40/><W88/><G132/><T5/><D133/><U114/><E114/><V77/><F7/><W106/><G126/><T99/><D29/><U15/><E108/><V89/><F2/><W113/><G113/><T75/><D103/><U59/><E135/><V11/><F11/><W42/><G110/><T34/><D34/><U97/><E129/><V51/><REACH who="2" step="1"/><F1/><REACH who="2" ten="200,380,223,187" step="2"/><W31/><G42/><T35/><D35/><U116/><E9/><V73/><F73/><W109/><G109/><T134/><D5/><U118/><E32/><V13/><F13/><W119/><G38/><T94/><D14/><U25/><E15/><V47/><F47/><W6/><G37/><T19/><D4/><U84/><E46/><V105/><F105/><W36/><G36/><T131/><D45/><U12/><E12/><V120/><F120/><W93/><G6/><T90/><D43/><U130/><E130/><V74/><F74/><W0/><G0/><T8/><D75/><U22/><E118/><V63/><F63/><W64/><G119/><T41/><D41/><U79/><E116/><V128/><F128/><W60/><G106/><T10/><D72/><U53/><E22/><V125/><F125/><W61/><G60/><T3/><D131/><U112/><E124/><V69/><F69/><W86/><G61/><RYUUKYOKU ba="0,1" sc="200,-10,380,-10,223,30,187,-10" hai2="16,21,26,48,49,51,58,62,77,81,85,89,91" /><INIT seed="2,1,1,4,2,72" ten="190,370,253,177" oya="2" hai0="20,61,33,67,94,30,53,41,125,17,32,12,31" hai1="91,22,9,40,19,69,80,87,50,108,0,116,113" hai2="112,92,123,59,16,55,29,106,43,120,129,126,119" hai3="66,63,73,90,118,60,34,15,121,56,127,38,101"/><V82/><F112/><W2/><G118/><T39/><D125/><U47/><E69/><V74/><F119/><W103/><G2/><T21/><D33/><U96/><E116/><V132/><F106/><W124/><G121/><T115/><D32/><U111/><E113/><V110/><F126/><N who="3" m="48171" /><G38/><T78/><D115/><U48/><E96/><V133/><F129/><W75/><G34/><T46/><D78/><U51/><E9/><V37/><F29/><W117/><G117/><T44/><D21/><U14/><REACH who="1" step="1"/><E0/><REACH who="1" ten="190,360,253,177" step="2"/><V98/><F123/><W70/><G101/><T86/><D30/><U83/><E83/><V130/><F120/><W65/><G103/><T28/><D31/><U81/><E81/><V57/><F98/><W131/><G131/><T5/><D28/><U58/><E58/><V8/><F130/><W88/><G15/><T100/><D12/><U76/><E76/><V71/><F59/><W128/><G128/><T109/><D100/><U89/><E89/><AGARI ba="1,2" hai="56,60,63,65,66,70,73,75,88,89,90" m="48171" machi="89" ten="30,2000,0" yaku="18,1,54,1" doraHai="72" who="3" fromWho="1" sc="190,0,360,-23,253,0,177,43" /><INIT seed="3,0,0,2,4,89" ten="190,337,253,220" oya="3" hai0="76,20,56,7,58,82,130,122,18,2,126,95,36" hai1="129,80,78,87,9,6,133,24,50,33,54,35,135" hai2="86,69,23,32,84,40,93,16,10,73,106,15,8" hai3="83,107,116,46,77,65,94,91,132,38,128,13,72"/><W101/><G116/><T22/><D36/><U67/><E67/><V102/><F73/><W62/><G13/><T61/><D122/><U55/><E129/><V85/><F69/><W75/><G128/><T112/><D130/><U66/><E66/><V131/><F32/><W117/><G117/><T79/><D112/><U1/><E24/><V12/><F106/><W125/><G75/><T98/><D126/><U11/><E11/><N who="2" m="4139" /><F40/><W90/><G125/><T115/><D115/><U30/><E30/><V111/><F111/><W29/><G29/><T26/><D7/><U108/><E108/><V109/><F109/><W63/><G132/><N who="1" m="50762" /><E54/><V27/><F131/><W17/><G17/><N who="0" m="12559" /><D2/><U81/><E80/><V21/><F21/><W96/><G107/><T52/><D58/><AGARI ba="0,0" hai="1,6,9,33,35,50,55,58,78,81,87" m="50762" machi="58" ten="30,1000,0" yaku="20,1" doraHai="89" who="1" fromWho="0" sc="190,-10,337,10,253,0,220,0" owari="180,-32.0,347,44.7,253,5.3,220,-18.0" /></mjloggm>