<mjloggm ver="2.3"><GO type="225" lobby="0"/><UN n0="%E3%83%B4%E3%82%A3%E3%83%AF%E3%82%B3%E3%82%B0%E3%83%8B" n1="%E7%99%BD%E6%97%A5%E9%9B%AA%E8%8F%9C" n2="%E3%81%B2%E3%81%BE%E3%81%A4%E3%81%B6%E3%81%97" n3="%E3%81%8B%E3%82%8F%E3%81%A1%E3%82%83%E3%82%93%35%38" dan="16,16,16,17" rate="2190.27,2168.35,2162.94,2132.57" sx="M,M,M,M"/><TAIKYOKU oya="0"/><INIT seed="0,0,0,5,4,105" ten="250,250,250,250" oya="0" hai0="74,115,30,33,40,70,50,10,22,15,71,20,53" hai1="2,76,66,4,7,101,64,78,88,58,79,49,132" hai2="121,133,45,21,93,91,97,68,12,69,48,38,122" hai3="39,123,96,51,29,111,3,102,124,113,65,106,27"/><T18/><D115/><U109/><E109/><V103/><F133/><W114/><G39/><T57/><D33/><U104/><E132/><V87/><F38/><W81/><G111/><T92/><D40/><U11/><E104/><V56/><F56/><W46/><G124/><T16/><D74/><U126/><E101/><V89/><F69/><W116/><G116/><T85/><D30/><U94/><E126/><V135/><F68/><W14/><G3/><T119/><D10/><U42/><E4/><V23/><F135/><W83/><G14/><T19/><D19/><U24/><E24/><V43/><F91/><W34/><G123/><T75/><D75/><U59/><E42/><V31/><F23/><W60/><G114/><T107/><D107/><U1/><E1/><V55/><F55/><N who="3" m="30199" /><G113/><T129/><D129/><U131/><E131/><V32/><F32/><W120/><G120/><T90/><D119/><U61/><E49/><V117/><F117/><W26/><G26/><AGARI ba="0,0" hai="15,16,18,20,22,26,50,53,57,70,71,85,90,92" machi="26" ten="30,11600,0" yaku="7,1,25,2,54,1" doraHai="105" who="0" fromWho="3" sc="250,116,250,0,250,0,250,-116" /><INIT seed="0,1,0,3,4,31" ten="366,250,250,134" oya="0" hai0="116,84,76,13,58,73,101,119,26,8,102,131,99" hai1="43,128,129,64,80,47,12,89,72,54,103,18,93" hai2="88,44,62,49,23,126,37,118,132,104,107,86,17" hai3="41,78,79,28,1,45,6,74,133,24,83,42,53"/><T50/><D73/><U59/><E64/><V125/><F37/><W16/><G133/><T19/><D131/><N who="1" m="50251" /><E103/><V52/><F62/><W33/><G79/><T3/><D3/><U127/><E127/><N who="2" m="48651" /><F118/><W100/><G100/><T39/><D39/><N who="1" m="22015" /><E80/><N who="2" m="49223" /><F132/><W105/><G105/><T67/><D116/><U97/><E72/><V91/><F91/><W82/><G82/><T51/><D119/><U113/><E113/><V70/><F70/><W60/><G6/><T123/><D123/><U10/><E59/><V87/><F87/><W29/><G1/><T22/><D84/><U36/><E36/><V5/><F5/><W40/><G29/><T77/><D102/><U106/><E54/><V27/><AGARI ba="1,0" hai="17,23,27,44,49,52,104,107" m="49223,48651" machi="27" ten="30,4000,0" yaku="18,1,54,2" doraHai="31" who="2" fromWho="2" sc="366,-21,250,-11,250,43,134,-11" /><INIT seed="1,0,0,0,4,51" ten="345,239,293,123" oya="1" hai0="5,32,25,42,125,131,70,76,91,22,35,68,116" hai1="43,97,90,58,41,64,113,122,75,117,10,120,0" hai2="4,114,40,12,59,93,17,16,115,80,79,112,6" hai3="56,45,7,8,129,92,36,15,130,124,81,3,103"/><U119/><E113/><V73/><F40/><W74/><G124/><T21/><D76/><U14/><E75/><V13/><F93/><W2/><G103/><T111/><D111/><U38/><E0/><V82/><F82/><W29/><G29/><T98/><D116/><U30/><E30/><V18/><REACH who="2" step="1"/><F59/><REACH who="2" ten="345,239,283,123" step="2"/><W94/><G94/><T86/><D42/><U27/><E58/><V102/><F102/><W39/><G92/><T126/><D126/><U77/><E43/><V118/><F118/><W23/><G45/><T69/><D125/><U37/><E41/><V85/><F85/><W33/><G81/><T109/><D68/><U57/><E57/><V46/><F46/><W63/><G56/><T88/><D69/><U134/><E119/><V53/><F53/><W54/><G54/><T44/><D70/><U55/><E117/><V101/><F101/><W99/><G39/><T49/><D86/><U65/><E55/><V78/><F78/><W95/><G36/><T20/><D91/><U48/><E77/><V84/><F84/><W89/><G89/><T9/><D88/><U96/><E90/><V133/><F133/><W1/><G95/><T26/><D44/><U132/><E38/><V83/><F83/><W135/><G135/><T52/><D52/><U62/><E37/><V72/><F72/><W104/><G74/><T28/><D49/><U60/><E48/><V34/><F34/><W110/><G33/><T105/><D32/><U11/><E27/><N who="0" m="10249" /><D35/><U107/><E107/><V100/><F100/><W87/><G104/><T121/><D105/><U128/><E128/><RYUUKYOKU ba="0,1" sc="345,-15,239,15,283,15,123,-15" hai1="10,11,14,60,62,64,65,96,97,120,122,132,134" hai2="4,6,12,13,16,17,18,73,79,80,112,114,115" /><INIT seed="1,1,1,0,3,46" ten="330,254,298,108" oya="1" hai0="95,56,8,17,27,112,76,127,78,70,51,119,61" hai1="67,11,97,33,69,115,75,29,34,28,72,48,31" hai2="98,133,99,107,84,81,58,49,16,73,52,134,124" hai3="87,80,117,0,92,5,9,126,23,89,41,86,45"/><U77/><E115/><V82/><F124/><W116/><G126/><T111/><D127/><U114/><E114/><V62/><F73/><W13/><G0/><T40/><D111/><U20/><E69/><V104/><F99/><W42/><G23/><N who="0" m="13807" /><D70/><U123/><E67/><V15/><F62/><W71/><G71/><T102/><D119/><U14/><E123/><V3/><F3/><W74/><G74/><T10/><D112/><U47/><E20/><N who="2" m="11295" /><F98/><W63/><G63/><T39/><D39/><U21/><E21/><V44/><F44/><W103/><G103/><T122/><D122/><U96/><E72/><V68/><F68/><W132/><G132/><T101/><D40/><U59/><E59/><V26/><F26/><W109/><G109/><T64/><D95/><U32/><E77/><N who="0" m="29801" /><D51/><U85/><E75/><V55/><F55/><W18/><G42/><T2/><D2/><U57/><E57/><V4/><F4/><W66/><G66/><T118/><D118/><U106/><E106/><N who="2" m="40491" /><F84/><W125/><G125/><T65/><D65/><U88/><E85/><V60/><F60/><W91/><REACH who="3" step="1"/><G5/><REACH who="3" ten="330,254,298,98" step="2"/><T108/><D108/><U90/><E97/><V53/><F53/><W22/><G22/><T135/><D135/><AGARI ba="1,2" hai="49,52,58,81,82,133,134,135" m="40491,11295" machi="135" ten="30,7700,0" yaku="20,1,52,1,54,2" doraHai="46" who="2" fromWho="0" sc="330,-80,254,0,298,100,98,0" /><INIT seed="2,0,0,2,5,55" ten="250,254,398,98" oya="2" hai0="32,52,117,7,31,8,109,0,34,91,77,12,84" hai1="36,47,86,64,85,33,26,53,134,126,105,69,88" hai2="4,122,51,90,70,39,30,135,81,129,20,98,46" hai3="106,60,107,100,74,119,43,45,18,71,44,130,56"/><V17/><F122/><W25/><G119/><T125/><D109/><U95/><E105/><V6/><F39/><W116/><G116/><T82/><D117/><U65/><E126/><V87/><F70/><W132/><G132/><T76/><D125/><U72/><E72/><V23/><F135/><W73/><G71/><T80/><D0/><U93/><E134/><V38/><F38/><W15/><G130/><T54/><D91/><U118/><E118/><V11/><F11/><W79/><G25/><T16/><D7/><U89/><E69/><V92/><F23/><W131/><G131/><T111/><D111/><U28/><REACH who="1" step="1"/><E53/><REACH who="1" ten="250,244,398,98" step="2"/><N who="2" m="29943" /><F129/><W121/><G121/><T99/><D54/><U96/><E96/><V58/><F98/><W78/><G74/><T103/><D52/><U27/><E27/><V75/><F75/><W40/><G73/><T124/><D124/><U42/><AGARI ba="0,1" hai="26,28,33,36,42,47,64,65,85,86,88,89,93,95" machi="42" ten="30,12000,2" yaku="1,1,0,1,9,1,54,1,53,2" doraHai="55" doraHaiUra="62" who="1" fromWho="1" sc="250,-30,244,130,398,-60,98,-30" /><INIT seed="3,0,0,4,3,75" ten="220,374,338,68" oya="3" hai0="18,66,8,78,135,124,2,67,122,29,59,118,97" hai1="102,134,95,116,20,63,76,50,22,92,0,69,86" hai2="85,33,74,58,10,125,5,38,1,55,42,105,120" hai3="119,132,113,54,46,90,12,51,87,93,21,81,36"/><W39/><G132/><T37/><D37/><U100/><E0/><V44/><F125/><W107/><G113/><T27/><D122/><U109/><E134/><V24/><F120/><W111/><G119/><T52/><D135/><U89/><E116/><V101/><F85/><W19/><G107/><T11/><D118/><U35/><E35/><V15/><F15/><W9/><G111/><T117/><D117/><U45/><E76/><V73/><F55/><W17/><REACH who="3" step="1"/><G93/><REACH who="3" ten="220,374,338,58" step="2"/><T31/><D124/><U130/><E109/><V131/><F105/><W98/><G98/><T40/><D97/><U57/><E95/><V108/><F108/><W114/><G114/><T56/><D2/><U121/><E92/><V43/><F1/><W3/><G3/><T14/><D31/><U123/><E123/><V103/><F103/><W110/><G110/><T25/><D29/><U4/><E102/><V23/><F101/><W13/><AGARI ba="0,1" hai="9,12,13,17,19,21,36,39,46,51,54,81,87,90" machi="13" ten="20,18000,2" yaku="1,1,0,1,7,1,25,2,53,1" doraHai="75" doraHaiUra="82" who="3" fromWho="3" sc="220,-60,374,-60,338,-60,58,190" /><INIT seed="3,1,0,5,2,101" ten="160,314,278,248" oya="3" hai0="103,73,121,32,30,125,104,60,14,0,13,51,62" hai1="1,52,39,71,116,96,75,87,10,23,109,5,16" hai2="79,130,12,102,94,3,90,86,22,85,45,100,35" hai3="11,29,53,8,41,135,115,56,31,55,27,92,38"/><W18/><G115/><T110/><D121/><U95/><E75/><V112/><F3/><W132/><G38/><T36/><D36/><U72/><E72/><V59/><F112/><W134/><G41/><T65/><D0/><U127/><E71/><V25/><F130/><W15/><G8/><T61/><D73/><U33/><E33/><V66/><F45/><W6/><G92/><T44/><D110/><U74/><E74/><V63/><F35/><W88/><G88/><T97/><D125/><U9/><E109/><V7/><F12/><W81/><G81/><T105/><D13/><U133/><E39/><V108/><F7/><W82/><G82/><T46/><D14/><U83/><E127/><V99/><F108/><W17/><G55/><T76/><D76/><U4/><E133/><V48/><F48/><W77/><G77/><T78/><D78/><N who="1" m="46583" /><E1/><V129/><F129/><W2/><G2/><T118/><D118/><U34/><E34/><V58/><F58/><W70/><G70/><T131/><D131/><U20/><E20/><V26/><F26/><W117/><G117/><T123/><D123/><U47/><E116/><V124/><F124/><W84/><G84/><N who="2" m="32361" /><F79/><W43/><G43/><T42/><D46/><U122/><E122/><V19/><AGARI ba="1,0" hai="19,22,25,59,63,66,90,94,99,100,102" m="32361" machi="19" ten="30,1100,0" yaku="8,1" doraHai="101" who="2" fromWho="2" sc="160,-4,314,-4,278,14,248,-6" owari="156,-34.4,310,41.0,292,9.2,242,-15.8" /></mjloggm>