<mjloggm ver="2.3"><GO type="225" lobby="0"/><UN n0="%E3%81%AF%E3%82%88%E3%81%8A%E3%81%98%E3%81%95%E3%82%93" n1="%72%69%6F%75%63%68%61%6E" n2="%77%72%77%72%77%72%77%72" n3="%E6%80%AA%E3%81%97%E3%81%99%E3%81%8E%E3%82%8B%E3%83%81%E3%83%BC" dan="16,16,16,16" rate="2069.36,2157.85,2158.71,2048.29" sx="M,M,M,M"/><TAIKYOKU oya="0"/><INIT seed="0,0,0,1,2,131" ten="250,250,250,250" oya="0" hai0="94,91,44,41,123,97,73,1,82,110,75,11,52" hai1="68,51,78,35,22,8,47,89,88,63,59,134,23" hai2="103,46,99,37,20,12,120,3,107,74,61,77,43" hai3="56,100,26,49,128,60,67,129,53,116,18,102,113"/><T33/><D123/><U104/><E134/><V127/><F120/><W135/><G135/><T112/><D112/><U69/><E35/><V17/><F3/><W101/><G113/><T24/><D110/><U65/><E104/><V111/><F111/><W83/><G116/><T29/><D82/><U48/><E78/><V121/><F121/><W55/><G83/><T9/><D52/><U90/><E8/><V86/><F74/><W115/><G115/><T93/><D9/><U106/><E106/><V21/><F127/><W119/><G119/><T10/><D10/><U2/><E2/><V85/><F77/><W58/><REACH who="3" step="1"/><G53/><REACH who="3" ten="250,250,250,240" step="2"/><T64/><D75/><U0/><E0/><V50/><F37/><W45/><G45/><T66/><D73/><U39/><E39/><V38/><F38/><W36/><G36/><T72/><D72/><U14/><E51/><V80/><F80/><W25/><G25/><T124/><D124/><U19/><REACH who="1" step="1"/><E23/><AGARI ba="0,1" hai="18,23,26,49,55,56,58,60,67,100,101,102,128,129" machi="23" ten="40,2600,0" yaku="1,1,53,1" doraHai="131" doraHaiUra="13" who="3" fromWho="1" sc="250,0,250,-26,250,0,240,36" /><INIT seed="1,0,0,1,1,60" ten="250,224,250,276" oya="1" hai0="6,105,109,15,11,96,80,27,131,72,82,59,22" hai1="67,135,112,107,20,134,120,51,8,37,55,0,65" hai2="31,91,23,29,78,30,129,33,95,26,92,52,34" hai3="36,93,56,40,86,103,119,126,28,97,124,68,62"/><U71/><E112/><V66/><F129/><W84/><G68/><T123/><D131/><U90/><E120/><V116/><F116/><W117/><G28/><T5/><D123/><U16/><E37/><V13/><F78/><W87/><G40/><T108/><D5/><N who="1" m="1063" /><E107/><V73/><F73/><W44/><G44/><T3/><D3/><U130/><E71/><V70/><F13/><W100/><G36/><T118/><D118/><N who="3" m="45065" /><G103/><N who="0" m="62695" /><D59/><N who="1" m="33279" /><E90/><V106/><F106/><W104/><G104/><T25/><D72/><U42/><E42/><V14/><F14/><W38/><G38/><T12/><D12/><N who="1" m="9223" /><E130/><V49/><F95/><W128/><G128/><T24/><D22/><U17/><E17/><V53/><F53/><AGARI ba="0,0" hai="53,56,62,84,86,87,93,97,100,124,126" m="45065" machi="53" ten="30,1000,0" yaku="12,1" doraHai="60" who="3" fromWho="2" sc="250,0,224,0,250,-10,276,10" /><INIT seed="2,0,0,5,1,125" ten="250,224,240,286" oya="2" hai0="59,112,18,2,24,3,82,120,52,33,89,134,25" hai1="128,50,56,94,72,7,1,79,115,133,116,4,8" hai2="0,71,47,84,83,95,26,23,27,63,103,32,97" hai3="77,100,31,16,43,114,65,87,90,64,12,101,29"/><V113/><F113/><W93/><G114/><T14/><D120/><U22/><E115/><V69/><F0/><W81/><G43/><T11/><D112/><U5/><E116/><V49/><F32/><W135/><G135/><T127/><D134/><U117/><E117/><V28/><F27/><W6/><G6/><T109/><D109/><U88/><E133/><V75/><F75/><W19/><G31/><T96/><D127/><U102/><E102/><N who="3" m="39530" /><G29/><T74/><D74/><U36/><E128/><V9/><F9/><N who="3" m="6159" /><G19/><T111/><D111/><U123/><E36/><V13/><F13/><W55/><G55/><T45/><D2/><U132/><E132/><V126/><F126/><W57/><G57/><T21/><D3/><U107/><E107/><V34/><F34/><W104/><G104/><T44/><D25/><U70/><E70/><V35/><F35/><W73/><G73/><T58/><D59/><U17/><E123/><V61/><F69/><W53/><G53/><T122/><D33/><U62/><E72/><V40/><REACH who="2" step="1"/><F71/><REACH who="2" ten="250,224,230,286" step="2"/><W129/><G129/><T38/><D122/><U76/><E8/><V99/><F99/><W48/><G87/><N who="0" m="50423" /><D96/><N who="1" m="57415" /><E1/><V131/><F131/><W92/><G92/><T46/><D38/><U60/><E50/><V98/><F98/><N who="3" m="57655" /><G48/><N who="0" m="30983" /><D24/><N who="1" m="14415" /><E60/><V54/><F54/><AGARI ba="0,1" hai="4,5,7,54,56,62,76,79" m="14415,57415" machi="54" ten="30,3900,0" yaku="25,1,8,1,54,1" doraHai="125" who="1" fromWho="2" sc="250,0,224,49,230,-39,286,0" /><INIT seed="3,0,0,3,0,82" ten="250,273,191,286" oya="3" hai0="97,89,118,125,71,43,11,99,131,29,42,76,126" hai1="107,52,133,66,23,103,115,80,108,85,74,60,69" hai2="56,130,7,102,62,135,116,122,79,3,86,4,128" hai3="36,134,75,61,72,81,9,45,33,70,98,58,96"/><W87/><G33/><T49/><D118/><U63/><E115/><V37/><F116/><W25/><G134/><T100/><D71/><U46/><E74/><V95/><F135/><W1/><G70/><T109/><D109/><U26/><E133/><V24/><F37/><W83/><G25/><T88/><D131/><N who="2" m="50218" /><F122/><W123/><G123/><T114/><D114/><U92/><E108/><V2/><F24/><W0/><G83/><T8/><D49/><N who="1" m="28727" /><E107/><V91/><F102/><W73/><G45/><T32/><D100/><U50/><E66/><N who="2" m="39239" /><F79/><W127/><G36/><T68/><D76/><N who="1" m="46215" /><E69/><V44/><F44/><W124/><G1/><AGARI ba="0,0" hai="1,2,3,4,7,86,91,95" m="39239,50218" machi="1" ten="30,2000,0" yaku="19,1,52,1" doraHai="82" who="2" fromWho="3" sc="250,0,273,0,191,20,286,-20" /><INIT seed="4,0,0,4,2,88" ten="250,273,211,266" oya="0" hai0="51,90,118,25,94,22,126,116,125,81,29,103,69" hai1="63,102,74,85,122,2,134,20,135,38,72,57,129" hai2="23,34,92,132,95,48,7,71,109,113,36,50,0" hai3="8,39,124,59,1,108,5,37,112,15,77,40,6"/><T56/><D69/><U82/><E122/><V58/><F109/><W13/><G108/><T68/><D68/><U17/><E38/><V4/><F71/><W130/><G112/><T128/><D128/><U78/><E2/><V65/><F34/><W55/><G130/><T31/><D31/><U41/><E41/><V114/><F36/><W110/><G110/><T28/><D28/><U66/><E102/><V64/><F132/><N who="1" m="50729" /><E129/><V3/><F23/><W123/><G123/><T84/><D56/><AGARI ba="0,0" hai="0,3,4,7,48,50,56,58,64,65,92,95,113,114" machi="56" ten="25,6400,0" yaku="22,2,52,2" doraHai="88" who="2" fromWho="0" sc="250,-64,273,0,211,64,266,0" /><INIT seed="5,0,0,2,4,42" ten="186,273,275,266" oya="1" hai0="71,47,89,91,51,127,5,99,133,129,93,132,33" hai1="43,49,98,125,62,126,38,41,44,22,113,6,45" hai2="86,29,124,32,114,13,95,119,67,23,80,75,12" hai3="61,85,1,117,16,106,39,64,112,97,87,115,81"/><U31/><E113/><N who="3" m="43594" /><G1/><T100/><D71/><U122/><E122/><V121/><F121/><W9/><G117/><T15/><D33/><U17/><E31/><V116/><F32/><W108/><G108/><T52/><D127/><N who="1" m="48651" /><E6/><V131/><F124/><W60/><G39/><T109/><D109/><U37/><E62/><N who="3" m="24170" /><G64/><T50/><D129/><U78/><E78/><V68/><F131/><W56/><G56/><T77/><D77/><U25/><E98/><V48/><F75/><W96/><G106/><T20/><D50/><AGARI ba="0,0" hai="17,22,25,37,38,41,43,44,45,49,50" m="48651" machi="50" ten="30,5800,0" yaku="18,1,52,2" doraHai="42" who="1" fromWho="0" sc="186,-58,273,58,275,0,266,0" owari="128,-37.2,331,43.1,275,7.5,266,-13.4" /></mjloggm>