<mjloggm ver="2.3"><GO type="225" lobby="0"/><UN n0="%E3%81%A4%E3%81%A3%E3%81%B1%E3%82%8A%E3%83%9D%E3%83%BC%E3%83%AB" n1="%E6%9D%B1%E9%A2%A8%E3%81%AE%E3%81%8D%E3%82%83%E3%81%B7%E3%81%95%E3%82%93" n2="%4B%2E%32%2E%4B%2E" n3="%E3%82%B3%E3%83%90%E3%83%AC%E3%82%A4" dan="17,17,16,16" rate="2230.02,2197.41,2102.88,2081.61" sx="M,M,M,M"/><TAIKYOKU oya="0"/><INIT seed="0,0,0,1,3,50" ten="250,250,250,250" oya="0" hai0="16,14,80,108,37,55,32,100,73,52,45,0,6" hai1="54,133,33,1,30,3,120,129,130,106,18,111,97" hai2="29,92,132,48,67,20,61,38,98,94,62,36,47" hai3="66,114,112,7,83,95,2,21,126,76,4,85,78"/><T42/><D32/><U11/><E97/><V56/><F132/><W91/><G126/><T122/><D122/><U60/><E106/><V23/><F92/><W63/><G78/><N who="0" m="44111" /><D100/><U13/><E54/><V8/><F8/><W10/><G7/><T74/><D74/><U102/><E60/><V119/><F119/><W75/><REACH who="3" step="1"/><G21/><REACH who="3" ten="250,250,250,240" step="2"/><N who="0" m="11415" /><D108/><U58/><E111/><V96/><F20/><W88/><G88/><T77/><D77/><U101/><E120/><V41/><F23/><W128/><G128/><N who="1" m="49258" /><E133/><V90/><F90/><W121/><G121/><T113/><D113/><U51/><E102/><V9/><F9/><AGARI ba="0,1" hai="0,6,9,37,42,45,52,55" m="11415,44111" machi="9" ten="30,12000,1" yaku="25,1,52,2,54,2" doraHai="50" who="0" fromWho="2" sc="250,130,250,0,250,-120,240,0" /><INIT seed="0,1,0,4,4,113" ten="380,250,130,240" oya="0" hai0="85,75,1,0,8,127,4,47,54,36,83,72,13" hai1="112,28,108,133,80,115,98,52,95,34,19,7,37" hai2="109,67,43,25,58,14,91,119,86,65,50,134,48" hai3="97,27,117,2,39,122,104,81,21,96,128,35,3"/><T18/><D127/><U92/><E37/><V114/><F114/><N who="1" m="43561" /><E7/><V63/><F109/><W12/><G122/><T56/><D36/><U71/><E71/><V124/><F124/><W130/><G39/><T62/><D47/><U26/><E108/><V29/><F134/><W42/><G42/><T78/><REACH who="0" step="1"/><D1/><REACH who="0" ten="370,250,130,240" step="2"/><U111/><E111/><V6/><F43/><W90/><G3/><T70/><D70/><U57/><E133/><V55/><F119/><W20/><G2/><T105/><D105/><U88/><E19/><V121/><F121/><W33/><G104/><T64/><D64/><U110/><E110/><V99/><F67/><W24/><G117/><T89/><D89/><U45/><E45/><V132/><F132/><W76/><G90/><T125/><D125/><U102/><E80/><V46/><F65/><W74/><G81/><T51/><D51/><N who="1" m="30879" /><E92/><V11/><F46/><W101/><G101/><AGARI ba="1,1" hai="26,28,34,88,95,98,101,102" m="30879,43561" machi="101" ten="30,3900,0" yaku="11,1,54,2" doraHai="113" who="1" fromWho="3" sc="370,0,250,52,130,0,240,-42" /><INIT seed="1,0,0,2,4,15" ten="370,302,130,198" oya="1" hai0="34,4,53,30,124,123,1,102,44,52,62,39,83" hai1="82,113,73,92,96,133,70,109,27,89,112,115,88" hai2="87,117,68,135,23,58,132,67,56,49,90,31,17" hai3="128,60,103,95,57,66,104,79,25,114,100,48,65"/><U101/><E27/><V105/><F117/><W64/><G114/><T76/><D123/><U6/><E6/><V130/><F105/><W41/><G104/><T94/><D124/><U134/><E70/><V54/><F130/><W63/><G128/><T126/><D62/><U125/><E125/><V16/><F31/><W14/><G79/><T24/><D94/><U122/><E122/><V22/><F68/><W59/><G66/><T74/><D102/><U93/><E109/><V75/><F75/><W35/><G35/><T36/><D126/><U127/><E127/><V77/><F77/><W72/><G72/><T131/><D131/><U26/><E26/><V10/><F10/><W61/><G63/><T55/><REACH who="0" step="1"/><D44/><REACH who="0" ten="360,302,130,198" step="2"/><U71/><E71/><V129/><F129/><W81/><G95/><T18/><D18/><N who="2" m="7274" /><F135/><N who="1" m="51721" /><E92/><N who="2" m="54367" /><F132/><W91/><G103/><T9/><AGARI ba="0,1" hai="1,4,9,24,30,34,36,39,52,53,55,74,76,83" machi="9" ten="30,4000,0" yaku="1,1,0,1,54,1,53,0" doraHai="15" doraHaiUra="12" who="0" fromWho="0" sc="360,50,302,-20,130,-10,198,-10" /><INIT seed="2,0,0,0,4,4" ten="410,282,120,188" oya="2" hai0="132,127,31,34,43,97,11,125,70,3,113,104,89" hai1="76,95,25,120,19,73,0,119,107,57,87,118,91" hai2="42,88,39,2,129,46,35,111,32,62,40,100,128" hai3="103,37,123,74,58,78,30,5,110,60,116,83,8"/><V50/><F2/><W27/><G116/><T22/><D113/><U71/><E0/><V121/><F121/><W17/><G123/><T7/><D70/><U77/><E71/><V96/><F111/><W12/><G110/><T85/><D132/><U36/><E36/><V112/><F112/><W54/><G37/><T41/><D34/><U67/><E107/><V80/><F62/><W130/><G130/><N who="2" m="50281" /><F40/><W99/><G5/><T69/><D69/><U24/><E120/><V90/><F39/><W101/><REACH who="3" step="1"/><G99/><REACH who="3" ten="410,282,120,178" step="2"/><T15/><D97/><U86/><E119/><V122/><F122/><W94/><G94/><N who="0" m="54575" /><D104/><U48/><E118/><V98/><F98/><W66/><G66/><T93/><D93/><U115/><E115/><V16/><F16/><W106/><G106/><T108/><D108/><U92/><E19/><V135/><F135/><W44/><G44/><T28/><D28/><U38/><E38/><V6/><F6/><W126/><G126/><N who="0" m="48139" /><D31/><U65/><E65/><V117/><F117/><W134/><G134/><T23/><D3/><U21/><E67/><V45/><F46/><W53/><G53/><T105/><D105/><U109/><E109/><V13/><F80/><W29/><G29/><T84/><D7/><U49/><E95/><N who="2" m="58399" /><F13/><W1/><G1/><T52/><D15/><U18/><E92/><V14/><F14/><W51/><G51/><T59/><D43/><U63/><E48/><V124/><F124/><W102/><G102/><T10/><D41/><U72/><E49/><V26/><F26/><W47/><G47/><T79/><D52/><U64/><E25/><RYUUKYOKU ba="0,1" sc="410,-15,282,-15,120,15,178,15" hai2="32,35,42,45,50,88,90" hai3="8,12,17,27,30,54,58,60,74,78,83,101,103" /><INIT seed="2,1,1,0,5,19" ten="395,267,135,193" oya="2" hai0="95,13,11,80,3,81,50,97,110,42,82,23,24" hai1="115,90,63,59,131,73,72,35,83,37,71,74,76" hai2="125,103,94,70,67,34,119,1,57,8,36,85,31" hai3="64,51,0,60,75,114,49,62,89,127,17,25,2"/><V118/><F70/><W121/><G75/><T26/><D3/><U18/><E131/><V116/><F125/><W99/><G121/><T98/><D110/><U12/><E115/><V132/><F132/><W32/><G127/><T40/><D50/><U45/><E35/><V47/><F34/><W14/><G114/><T134/><D134/><U79/><E90/><V109/><F109/><W88/><G32/><T56/><D56/><U21/><E79/><V7/><F31/><W130/><G25/><N who="0" m="9835" /><D23/><U38/><E71/><V44/><F36/><W117/><G130/><T27/><D27/><U39/><REACH who="1" step="1"/><E45/><REACH who="1" ten="395,257,135,193" step="2"/><V66/><F66/><AGARI ba="1,2" hai="12,18,21,37,38,39,59,63,66,72,73,74,76,83" machi="66" ten="40,5200,0" yaku="1,1,2,1,52,1,53,0" doraHai="19" doraHaiUra="86" who="1" fromWho="2" sc="395,0,257,75,135,-55,193,0" /><INIT seed="3,0,0,2,0,28" ten="395,332,80,193" oya="3" hai0="68,13,77,4,94,125,101,97,84,37,59,52,62" hai1="130,60,117,32,15,38,2,55,92,70,66,95,44" hai2="99,14,115,48,56,85,36,41,89,54,58,123,0" hai3="118,35,87,129,107,67,112,109,88,43,106,113,29"/><W134/><G118/><T9/><D125/><U110/><E2/><V74/><F115/><W80/><G134/><T63/><D37/><U131/><E117/><V45/><F74/><W100/><G129/><T33/><D33/><U132/><E132/><V40/><F0/><W42/><G109/><T96/><D96/><U114/><E15/><V25/><F123/><W27/><G67/><T3/><D3/><U21/><E21/><V86/><F36/><W30/><G30/><T82/><D68/><U120/><E120/><V78/><F25/><W133/><G133/><T61/><AGARI ba="0,0" hai="4,9,13,52,59,61,62,63,77,82,84,94,97,101" machi="61" ten="20,5200,0" yaku="0,1,7,1,8,1,54,1" doraHai="28" who="0" fromWho="0" sc="395,52,332,-13,80,-13,193,-26" owari="447,54.7,319,11.9,67,-43.3,167,-23.3" /></mjloggm>