<mjloggm ver="2.3"><GO type="225" lobby="0"/><UN n0="%6D%75%75%73%61%6E%6D%75" n1="%E3%80%90%E3%83%88%E3%83%AA%E3%83%A5%E3%83%95%E3%80%91" n2="%6C%61%6D%62" n3="%E8%BE%9B%E5%8F%A3%E3%82%AB%E3%83%AC%E3%83%BC%E3%83%A9%E3%82%A4%E3%82%B9" dan="17,16,16,17" rate="2155.75,2088.14,2215.47,2224.28" sx="F,M,M,M"/><TAIKYOKU oya="0"/><INIT seed="0,0,0,4,5,7" ten="250,250,250,250" oya="0" hai0="94,29,90,3,98,70,108,13,130,1,53,4,8" hai1="26,72,35,134,36,83,10,57,100,22,14,99,79" hai2="89,64,58,91,23,112,67,15,34,61,109,46,132" hai3="52,124,127,62,21,135,102,88,63,33,103,101,68"/><T31/><D130/><U85/><E134/><V133/><F34/><W28/><G33/><T96/><D70/><U40/><E35/><V30/><F112/><W44/><G135/><N who="2" m="51785" /><F109/><W119/><G119/><T24/><D108/><U92/><E57/><V54/><F46/><W86/><G28/><T123/><D123/><U43/><E36/><V113/><F113/><W129/><G21/><T111/><D111/><U105/><E22/><V128/><F128/><W20/><G20/><T93/><D53/><U74/><E26/><N who="2" m="16735" /><F15/><W2/><G2/><T38/><D38/><U55/><E55/><V78/><F78/><W0/><G0/><T42/><D42/><U114/><E114/><V110/><F110/><W48/><G129/><T17/><D24/><U16/><E72/><V45/><F45/><W107/><G107/><T51/><D3/><U87/><E87/><V120/><F120/><W121/><G121/><T49/><D29/><U122/><E122/><V71/><F67/><W11/><G11/><T118/><D31/><U131/><E131/><V97/><F97/><W37/><G37/><T77/><D77/><U84/><E84/><V115/><F115/><W56/><G68/><T60/><D118/><U75/><E75/><V104/><F104/><W81/><REACH who="3" step="1"/><G63/><AGARI ba="0,0" hai="54,58,61,63,64,71,89,91" m="16735,51785" machi="63" ten="30,1000,0" yaku="20,1" doraHai="7" who="2" fromWho="3" sc="250,0,250,0,250,10,250,-10" /><INIT seed="1,0,0,1,1,16" ten="250,250,260,240" oya="1" hai0="108,23,62,25,49,69,118,33,95,74,86,70,55" hai1="5,103,128,24,68,13,44,41,50,7,45,82,3" hai2="125,0,83,94,109,123,102,67,89,29,28,60,6" hai3="35,65,15,14,66,119,4,127,132,77,78,9,122"/><U107/><E128/><V131/><F123/><W91/><G122/><T30/><D74/><U113/><E113/><V18/><F131/><W51/><G35/><T98/><D118/><U32/><E68/><V40/><F109/><W117/><G127/><T110/><D86/><U111/><E111/><N who="0" m="42537" /><D62/><U56/><E3/><V114/><F40/><W72/><G132/><T130/><D33/><U79/><E56/><V39/><F39/><W17/><G91/><N who="0" m="55679" /><D130/><U52/><E107/><V80/><F80/><W26/><G26/><T106/><D106/><U112/><E103/><V19/><F83/><W27/><G27/><T54/><D54/><U81/><E112/><V97/><F102/><W12/><G72/><T120/><D120/><U100/><E100/><V34/><F34/><W87/><G87/><T129/><D129/><U42/><E81/><V58/><F125/><W124/><G124/><T84/><D84/><U96/><E96/><V57/><F97/><W134/><G134/><T20/><D20/><U63/><E63/><V135/><F94/><W43/><G117/><T36/><D36/><U10/><E32/><V116/><F116/><W11/><G119/><T22/><D22/><U21/><E5/><V75/><F6/><W37/><G37/><T105/><D105/><U61/><E61/><V38/><F60/><W85/><G85/><T76/><D76/><N who="3" m="29289" /><G14/><T93/><D93/><U47/><E82/><V88/><F135/><W121/><G121/><T48/><D48/><U31/><REACH who="1" step="1"/><E79/><REACH who="1" ten="250,240,260,240" step="2"/><V1/><F114/><W99/><G99/><T115/><D115/><U92/><E92/><RYUUKYOKU ba="0,1" sc="250,10,240,10,260,-30,240,10" hai0="23,25,30,49,55,69,70" hai1="7,10,13,21,24,31,41,42,44,45,47,50,52" hai3="4,9,11,12,15,17,43,51,65,66" /><INIT seed="1,1,1,4,1,35" ten="260,250,230,250" oya="1" hai0="55,3,23,79,126,72,100,131,50,30,101,78,44" hai1="88,81,42,13,133,64,112,26,59,120,129,8,5" hai2="43,91,95,20,113,87,12,14,9,85,116,36,29" hai3="39,125,109,127,15,57,111,7,67,104,107,123,96"/><U97/><E112/><V119/><F113/><W110/><G123/><T73/><D3/><U132/><E42/><V37/><F116/><W102/><G39/><T105/><D131/><U118/><E118/><V18/><F119/><W74/><G74/><T99/><D126/><N who="3" m="48137" /><G67/><T65/><D72/><U45/><E120/><V61/><F43/><W21/><G57/><T27/><D73/><U83/><E45/><V124/><F124/><W130/><G130/><T122/><D122/><U34/><E129/><V76/><F61/><W63/><G63/><T106/><D65/><U70/><E59/><V25/><REACH who="2" step="1"/><F14/><REACH who="2" ten="260,250,220,250" step="2"/><W134/><G134/><T68/><D68/><U121/><E121/><V32/><F32/><W135/><G135/><T17/><D30/><U22/><E34/><V75/><F75/><W115/><G115/><T52/><D55/><U58/><E132/><V103/><F103/><W2/><G2/><T28/><D28/><N who="1" m="17495" /><E133/><V40/><F40/><W24/><G15/><T56/><D56/><U31/><E31/><V10/><F10/><W19/><G7/><T41/><D41/><U46/><E70/><V71/><F71/><W16/><G19/><T108/><D108/><U114/><E114/><V89/><F89/><W84/><G84/><T80/><D52/><U11/><E11/><V98/><F98/><W60/><G60/><T4/><D4/><U82/><E58/><V54/><F54/><W94/><AGARI ba="1,2" hai="16,21,24,94,96,102,104,107,109,110,111" m="48137" machi="94" ten="40,5200,0" yaku="14,1,18,1,54,1" doraHai="35" who="3" fromWho="3" sc="260,-14,250,-27,220,-14,250,75" /><INIT seed="2,0,0,5,1,78" ten="246,223,206,325" oya="2" hai0="90,43,79,22,96,35,92,124,30,33,38,16,112" hai1="102,99,60,36,26,47,51,107,44,7,135,2,67" hai2="9,17,83,122,3,125,14,111,13,133,128,4,120" hai3="108,71,121,24,118,86,134,70,116,127,31,6,103"/><V80/><F3/><W41/><G121/><T77/><D112/><U84/><E135/><V50/><F133/><W40/><G134/><T53/><D124/><U48/><E26/><V74/><F125/><W23/><G127/><T81/><D30/><U94/><E7/><V25/><F128/><W55/><G103/><T114/><D114/><U117/><E117/><V131/><F131/><W29/><G6/><T61/><D79/><U46/><E36/><V76/><F111/><W68/><G108/><T62/><D43/><U65/><E2/><V45/><F25/><W34/><G55/><T100/><D38/><U0/><E0/><V95/><F95/><W130/><G130/><T123/><D100/><U21/><E21/><V64/><F83/><W132/><G132/><T1/><D1/><U87/><E67/><V27/><F27/><W20/><G31/><T104/><D104/><U129/><E129/><V109/><F64/><W69/><G69/><T85/><D123/><U19/><E19/><V63/><F63/><W52/><G24/><N who="0" m="14407" /><D62/><U93/><E107/><V8/><REACH who="2" step="1"/><F109/><REACH who="2" ten="246,223,196,325" step="2"/><W66/><G66/><T105/><D105/><U113/><E113/><V115/><F115/><W54/><G116/><T75/><D75/><U11/><E94/><V88/><F88/><W58/><G118/><T28/><D28/><U119/><E119/><V39/><F39/><W56/><G29/><T97/><D96/><U57/><E93/><V10/><F10/><W110/><G110/><T73/><D73/><U82/><E11/><V32/><F32/><W91/><G34/><T37/><D37/><RYUUKYOKU ba="0,1" sc="246,15,223,-15,196,15,325,-15" hai0="33,35,53,61,77,81,85,90,92,97" hai2="4,8,9,13,14,17,45,50,74,76,80,120,122" /><INIT seed="2,1,1,1,3,3" ten="261,208,211,310" oya="2" hai0="127,17,135,61,114,88,75,94,36,99,124,40,56" hai1="104,107,72,30,53,102,97,14,45,70,1,16,90" hai2="129,64,33,106,123,68,111,58,71,85,130,46,98" hai3="84,110,95,57,23,69,100,86,125,133,6,65,55"/><V50/><F123/><W38/><G38/><T27/><D114/><U39/><E72/><V121/><F121/><W91/><G110/><T52/><D75/><U80/><E70/><V10/><F33/><W18/><G133/><T126/><D135/><U116/><E116/><V76/><F111/><W77/><G125/><T43/><D36/><U41/><E1/><V59/><F10/><W67/><G100/><T5/><D5/><U4/><E107/><V96/><F85/><N who="3" m="52719" /><G6/><T28/><D17/><U29/><E4/><V48/><F76/><W132/><G69/><N who="2" m="26697" /><F106/><W42/><G42/><T12/><D12/><U63/><E90/><V89/><F89/><W2/><G2/><T35/><AGARI ba="1,1" hai="27,28,35,40,43,52,56,61,88,94,99,124,126,127" machi="35" ten="30,7900,0" yaku="0,1,18,1,54,2" doraHai="3" who="0" fromWho="0" sc="261,92,208,-21,211,-40,310,-21" /><INIT seed="3,0,0,1,3,130" ten="353,187,171,289" oya="3" hai0="53,42,135,35,122,105,40,112,11,99,56,51,64" hai1="21,70,38,123,66,84,108,68,33,46,25,67,127" hai2="118,74,49,14,61,120,101,63,24,132,95,83,80" hai3="9,44,129,72,116,92,134,31,106,96,100,16,117"/><W107/><G72/><T37/><D35/><U58/><E108/><V86/><F118/><W87/><G129/><T90/><D122/><U48/><E123/><V88/><F120/><W73/><G73/><T128/><D37/><U3/><E3/><V77/><F132/><W110/><G31/><T28/><D135/><U1/><E1/><V43/><F14/><W131/><G131/><T4/><D28/><U126/><E38/><V23/><F43/><W109/><G134/><T113/><D128/><U7/><E7/><V26/><F49/><W89/><G44/><T47/><D105/><N who="3" m="39945" /><G16/><T103/><D103/><U71/><E33/><V20/><F20/><W54/><G54/><T6/><D99/><U8/><E8/><V41/><F41/><N who="0" m="15978" /><D90/><U13/><E13/><V78/><F101/><W133/><G9/><T12/><D4/><U114/><E84/><V94/><F26/><W82/><G133/><T55/><D64/><U50/><E46/><V97/><F95/><W76/><G100/><T85/><D55/><U0/><E0/><V36/><F36/><W30/><G30/><AGARI ba="0,0" hai="23,24,30,61,63,74,77,78,80,83,86,88,94,97" machi="30" ten="30,2000,0" yaku="7,1,54,1" doraHai="130" who="2" fromWho="3" sc="353,0,187,0,171,20,289,-20" owari="353,45.3,187,-31.3,191,-20.9,269,6.9" /></mjloggm>