<mjloggm ver="2.3"><GO type="225" lobby="0"/><UN n0="%E3%82%B2%E3%82%B9%E8%8C%82%E5%8B%9D" n1="%E3%83%97%E3%83%AC%E3%83%B4%E3%82%A1%E3%83%86%E3%82%A3" n2="%E9%9B%AA%E5%B9%B3%E5%AF%8C%E8%89%AF%E9%87%8E" n3="%E3%81%82%E3%81%B9%E3%81%99%E3%81%91" dan="16,16,16,16" rate="2079.65,2130.62,2074.72,2111.84" sx="F,F,F,M"/><TAIKYOKU oya="0"/><INIT seed="0,0,0,2,1,45" ten="250,250,250,250" oya="0" hai0="41,119,35,100,110,102,75,67,47,87,95,74,1" hai1="65,15,33,97,99,43,29,34,22,72,125,121,26" hai2="98,18,44,108,117,10,14,70,134,23,42,54,19" hai3="37,82,2,7,21,92,56,109,24,17,59,113,0"/><T132/><D119/><U16/><E121/><V57/><F108/><W46/><G113/><T31/><D132/><U120/><E120/><V86/><F70/><W91/><G109/><T115/><D115/><U73/><E125/><V90/><F134/><W131/><G82/><T20/><D1/><U53/><E43/><V40/><F117/><W3/><G7/><T126/><D35/><U135/><E135/><V88/><F98/><W93/><G131/><T12/><D126/><U83/><E65/><V103/><F103/><W48/><G37/><T127/><D110/><U129/><E129/><V36/><F86/><W69/><G69/><T4/><D127/><U124/><E124/><V94/><F94/><W111/><G93/><T84/><D74/><U130/><E130/><V106/><F106/><W112/><G112/><T122/><D67/><U71/><E71/><V107/><F107/><W25/><G24/><N who="0" m="16775" /><D75/><U77/><E73/><V105/><F105/><W13/><G25/><T8/><D122/><U51/><REACH who="1" step="1"/><E33/><REACH who="1" ten="250,240,250,250" step="2"/><V114/><F42/><W6/><G111/><T89/><D84/><U128/><E128/><V30/><F114/><W123/><G123/><T9/><D41/><U101/><E101/><V62/><REACH who="2" step="1"/><F30/><REACH who="2" ten="250,240,240,250" step="2"/><W104/><G104/><T63/><D87/><U38/><E38/><V27/><AGARI ba="0,2" hai="10,14,18,19,23,27,36,40,44,54,57,62,88,90" machi="27" ten="20,8000,1" yaku="1,1,2,1,0,1,7,1,54,1,53,0" doraHai="45" doraHaiUra="118" who="2" fromWho="2" sc="250,-40,240,-20,240,100,250,-20" /><INIT seed="1,0,0,0,5,58" ten="210,220,340,230" oya="1" hai0="88,79,115,94,91,7,32,43,132,14,71,11,24" hai1="40,6,134,37,110,130,85,62,46,56,17,36,31" hai2="105,107,22,19,117,61,99,93,13,127,8,3,75" hai3="12,35,42,108,100,20,121,76,65,74,47,129,63"/><U118/><E118/><V49/><F117/><W0/><G121/><T2/><D132/><U16/><E134/><V57/><F75/><W119/><G119/><T72/><D115/><U26/><E37/><V29/><F127/><W27/><G0/><T34/><D71/><U70/><E70/><V28/><F49/><W60/><G108/><T98/><D43/><U33/><E110/><V128/><F128/><W51/><G35/><T38/><D38/><U111/><E111/><V77/><F77/><W120/><G120/><T106/><D106/><U18/><E130/><V39/><F39/><W104/><G65/><T86/><D24/><U67/><E6/><V9/><F3/><W101/><G12/><T30/><D30/><N who="2" m="11882" /><F105/><W55/><G104/><T96/><D96/><U45/><E45/><V82/><F82/><W87/><G74/><T66/><D66/><U112/><E112/><V113/><F107/><W69/><G69/><T83/><REACH who="0" step="1"/><D2/><REACH who="0" ten="200,220,340,230" step="2"/><U41/><E41/><V73/><F113/><W135/><G42/><T21/><D21/><U68/><E68/><V123/><F123/><W89/><G129/><T23/><D23/><U1/><E1/><V10/><F22/><W114/><G114/><T97/><D97/><U54/><E67/><V64/><F73/><W133/><G20/><T44/><D44/><U124/><REACH who="1" step="1"/><E124/><REACH who="1" ten="200,210,340,230" step="2"/><V53/><F64/><W116/><G133/><T122/><D122/><U48/><E48/><V95/><F61/><N who="3" m="23627" /><G135/><T4/><D4/><U52/><E52/><V126/><F53/><W90/><G55/><T15/><D15/><U92/><E92/><AGARI ba="0,2" hai="7,11,14,32,34,72,79,83,86,88,91,92,94,98" machi="92" ten="30,12000,2" yaku="1,1,6,1,7,1,54,1,53,2" doraHai="58" doraHaiUra="84" who="0" fromWho="1" sc="200,140,210,-120,340,0,230,0" /><INIT seed="2,0,0,4,4,75" ten="340,90,340,230" oya="2" hai0="49,92,118,79,96,64,71,73,100,91,117,83,80" hai1="30,40,84,3,63,110,133,7,27,85,32,115,112" hai2="69,47,14,127,18,31,94,34,98,89,2,0,23" hai3="54,68,101,17,126,51,70,76,113,111,129,67,120"/><V128/><F128/><W124/><G120/><T21/><D49/><U77/><E110/><V12/><F69/><W61/><G129/><T135/><D21/><U106/><E106/><V53/><F127/><N who="3" m="48683" /><G111/><T26/><D26/><U105/><E105/><V19/><F34/><W99/><G17/><T11/><D11/><U20/><E133/><V13/><F31/><W44/><G113/><T107/><D64/><U60/><E40/><V57/><F47/><W39/><G39/><T29/><D29/><U109/><E109/><V72/><F72/><W121/><G121/><T6/><D6/><U50/><E50/><V35/><F35/><W65/><G76/><N who="0" m="44047" /><D71/><N who="3" m="27177" /><G61/><T66/><D66/><U37/><E37/><V5/><F5/><W134/><G134/><T9/><D9/><U16/><E112/><V104/><F104/><AGARI ba="0,0" hai="44,51,54,65,67,99,101,104" m="27177,48683" machi="104" ten="30,1000,0" yaku="18,1" doraHai="75" who="3" fromWho="2" sc="340,0,90,0,340,-10,230,10" /><INIT seed="3,0,0,3,5,86" ten="340,90,330,240" oya="3" hai0="96,45,51,2,54,65,119,115,134,12,30,100,43" hai1="21,85,41,131,75,67,83,9,20,6,132,129,118" hai2="110,63,101,81,10,8,33,84,57,40,24,38,49" hai3="22,29,80,133,89,106,23,3,59,4,48,62,50"/><W99/><G133/><T112/><D119/><U114/><E118/><V60/><F110/><W31/><G106/><T76/><D2/><U14/><E132/><V25/><F38/><W36/><G36/><T66/><D134/><U17/><E75/><V34/><F101/><W42/><G3/><T73/><D30/><N who="3" m="11273" /><G4/><T32/><D32/><U88/><E114/><N who="0" m="43561" /><D12/><U113/><E113/><V46/><F33/><W26/><G26/><N who="2" m="10345" /><F34/><W44/><G50/><N who="0" m="26943" /><D76/><U74/><E74/><V95/><F95/><N who="3" m="56815" /><G80/><T124/><D124/><U58/><E41/><V68/><F68/><W69/><G69/><T71/><D73/><U53/><E67/><AGARI ba="0,0" hai="22,23,42,44,48,59,62,67" m="56815,11273" machi="67" ten="30,2900,0" yaku="8,1,52,1" doraHai="86" who="3" fromWho="1" sc="340,0,90,-29,330,0,240,29" /><INIT seed="3,1,0,4,2,45" ten="340,61,330,269" oya="3" hai0="126,131,7,114,77,65,46,28,17,99,24,50,70" hai1="121,13,107,94,37,23,103,42,71,20,117,109,14" hai2="49,128,61,101,83,80,63,132,40,102,21,125,110" hai3="48,84,6,119,127,18,12,69,87,86,52,74,88"/><W85/><G119/><T51/><D126/><U8/><E94/><V90/><F125/><W130/><G74/><T92/><D131/><U67/><E103/><N who="2" m="39435" /><F110/><W76/><G69/><T100/><D114/><U73/><E67/><V95/><F132/><W15/><G130/><T75/><D7/><U4/><E42/><V26/><F128/><W98/><G127/><T66/><D17/><U89/><E89/><V0/><F0/><W120/><G120/><T60/><D65/><U105/><E71/><V11/><F11/><N who="3" m="4215" /><G76/><T22/><REACH who="0" step="1"/><D46/><REACH who="0" ten="330,61,330,269" step="2"/><U41/><E41/><V134/><F134/><W111/><G111/><T59/><D59/><U3/><E73/><V29/><F40/><W135/><G135/><T122/><D122/><U115/><E37/><V54/><F63/><W78/><G78/><T47/><D47/><U91/><E91/><V35/><F61/><W82/><G98/><T27/><D27/><U34/><E121/><V25/><F25/><W55/><G48/><T33/><D33/><U57/><E109/><V53/><F35/><W81/><G81/><AGARI ba="1,1" hai="22,24,28,50,51,60,66,70,75,77,81,92,99,100" machi="81" ten="40,8000,1" yaku="1,1,52,2,53,1" doraHai="45" doraHaiUra="56" who="0" fromWho="3" sc="330,93,61,0,330,0,269,-83" owari="423,52.3,61,-43.9,330,13.0,186,-21.4" /></mjloggm>