<mjloggm ver="2.3"><GO type="225" lobby="0"/><UN n0="%E3%81%B5%E3%81%98%E3%81%8B%E3%81%A4" n1="%E3%81%8B%E3%82%8F%E3%81%A1%E3%82%83%E3%82%93%35%38" n2="%E3%81%8C%E3%81%9F" n3="%E3%82%BF%E3%83%BC%E3%83%90%E3%83%B3%E9%87%8E%E5%8F%A3" dan="16,16,16,16" rate="2175.63,2151.68,2132.21,2096.44" sx="M,M,M,M"/><TAIKYOKU oya="0"/><INIT seed="0,0,0,3,1,24" ten="250,250,250,250" oya="0" hai0="107,66,129,131,91,97,74,88,130,46,20,92,53" hai1="108,11,28,75,110,132,2,115,105,79,34,102,72" hai2="123,111,117,98,103,27,78,135,39,8,18,99,114" hai3="7,93,57,80,5,118,22,106,69,116,70,127,126"/><T73/><D66/><U42/><E42/><V51/><F39/><W47/><G22/><T89/><D53/><U41/><E41/><V101/><F123/><W64/><G80/><T94/><D46/><U96/><E132/><V54/><F114/><W71/><G93/><N who="0" m="35947" /><D20/><U62/><E62/><V17/><F117/><N who="3" m="45163" /><G106/><T112/><D112/><U9/><E115/><V19/><F135/><W90/><G90/><T14/><D14/><U65/><E65/><V33/><F78/><W25/><G25/><T29/><D29/><U58/><E58/><V40/><F40/><W15/><G47/><T30/><D30/><U4/><E11/><V76/><F76/><W86/><G86/><T52/><D52/><U50/><E50/><V104/><F8/><W83/><G83/><T120/><D120/><U56/><E56/><V113/><F113/><W81/><G81/><T84/><D84/><U60/><E60/><V68/><F33/><W36/><G36/><T59/><D59/><U44/><E44/><V16/><F27/><W134/><G134/><T61/><D61/><U125/><E79/><V67/><F17/><W13/><G57/><T95/><D107/><U119/><E119/><V55/><F18/><W43/><G64/><T38/><D38/><U49/><E49/><V32/><F67/><W10/><G43/><T48/><D48/><U37/><E37/><V0/><F51/><W100/><G5/><T26/><D26/><N who="1" m="18711" /><E125/><N who="3" m="47626" /><G15/><T45/><D45/><U12/><E12/><V87/><F104/><W1/><G13/><T3/><D3/><U77/><E77/><V31/><F0/><RYUUKYOKU ba="0,0" sc="250,10,250,10,250,-30,250,10" hai0="73,74,88,89,91,95,97,129,130,131" hai1="2,4,9,72,75,96,102,105,108,110" hai3="1,7,10,69,70,71,100" /><INIT seed="0,1,0,4,1,110" ten="260,260,220,260" oya="0" hai0="5,9,93,64,116,15,98,13,60,97,83,113,118" hai1="81,48,39,11,88,0,41,127,109,77,26,74,29" hai2="90,82,114,112,61,52,2,107,84,16,94,58,51" hai3="92,56,69,23,62,134,79,21,19,105,104,135,49"/><T59/><D113/><U32/><E48/><V123/><F123/><W14/><G79/><T70/><D70/><U3/><E109/><V76/><F107/><N who="3" m="41035" /><G69/><T27/><D83/><U37/><E127/><V43/><F2/><W101/><G49/><T129/><D129/><U25/><E25/><V100/><F100/><W106/><N who="3" m="41043" /><W35/><DORA hai="24" /><G35/><T44/><D98/><U133/><E133/><N who="3" m="50698" /><G92/><T103/><D44/><U99/><E11/><V72/><REACH who="2" step="1"/><F16/><REACH who="2" ten="260,260,210,260" step="2"/><W4/><G101/><T128/><D128/><U66/><E0/><V131/><F131/><W50/><G4/><T40/><D40/><U111/><E3/><V126/><F126/><W46/><G19/><T12/><REACH who="0" step="1"/><D27/><REACH who="0" ten="250,260,210,260" step="2"/><U68/><E111/><V20/><F20/><W75/><G21/><T17/><D17/><U33/><E41/><V31/><F31/><W30/><G30/><T87/><D87/><U78/><E33/><V96/><F96/><W18/><G75/><T38/><D38/><U89/><E39/><V36/><F36/><W132/><G132/><T45/><D45/><AGARI ba="1,2" hai="43,45,51,52,58,61,72,76,82,84,90,94,112,114" machi="45" ten="40,8000,1" yaku="1,1,52,2,54,1,53,0" doraHai="110,24" doraHaiUra="71,34" who="2" fromWho="0" sc="250,-83,260,0,210,103,260,0" /><INIT seed="1,0,0,4,3,33" ten="167,260,313,260" oya="1" hai0="104,16,56,28,4,90,83,66,0,85,77,68,97" hai1="131,134,6,14,31,88,15,123,73,96,30,106,119" hai2="75,92,43,101,19,126,117,122,120,109,50,61,37" hai3="42,17,124,79,69,98,48,107,80,129,55,41,111"/><U21/><E123/><V130/><F75/><W12/><G69/><T60/><D28/><U100/><E119/><V105/><F105/><W78/><G111/><T91/><D68/><U108/><E73/><V58/><F19/><W64/><G129/><T25/><D104/><U67/><E131/><V132/><F92/><W13/><G124/><T24/><D97/><U127/><E67/><V95/><F95/><W70/><G70/><T46/><D46/><U9/><E127/><V7/><F7/><W8/><G64/><T26/><REACH who="0" step="1"/><D16/><REACH who="0" ten="157,260,313,260" step="2"/><U32/><E31/><V36/><F126/><W62/><G107/><T23/><D23/><U52/><E30/><V103/><F130/><W99/><G98/><T2/><D2/><U125/><E21/><V128/><F128/><W82/><G99/><T71/><D71/><U34/><E96/><V22/><F122/><W121/><G17/><T135/><D135/><U53/><E106/><V3/><F132/><W20/><G121/><T93/><D93/><U72/><E134/><V76/><F120/><W89/><G20/><T113/><D113/><U54/><E125/><V102/><F22/><W118/><G80/><T133/><D133/><U18/><E18/><V35/><F35/><W59/><G82/><T5/><D5/><U38/><E32/><V65/><F117/><W49/><G118/><T116/><D116/><U114/><E34/><V51/><F109/><W39/><G13/><T94/><D94/><U45/><E108/><V74/><F58/><W10/><G12/><T44/><D44/><U57/><E114/><V87/><F3/><RYUUKYOKU ba="0,1" sc="157,30,260,-10,313,-10,260,-10" hai0="0,4,24,25,26,56,60,66,77,83,85,90,91" /><INIT seed="2,1,1,0,1,78" ten="187,250,303,250" oya="2" hai0="84,3,47,113,92,107,89,50,61,52,45,26,16" hai1="135,72,123,2,121,98,77,20,112,28,71,24,65" hai2="100,27,130,13,68,93,106,81,6,79,62,40,42" hai3="82,66,44,33,101,129,70,18,97,117,120,38,49"/><V86/><F130/><W5/><G117/><T90/><D113/><U85/><E112/><V56/><F106/><W122/><G33/><T114/><D107/><U58/><E2/><V9/><F68/><W128/><G38/><T25/><D3/><U115/><E115/><V48/><F27/><W39/><G39/><T119/><D119/><U46/><E135/><V31/><F31/><W116/><G116/><T10/><D114/><U41/><E71/><V94/><F100/><W102/><G5/><T87/><D47/><U55/><E65/><N who="2" m="39111" /><F40/><W127/><G127/><T57/><D10/><U74/><E98/><V36/><F36/><W124/><G18/><T11/><D11/><U105/><E105/><V54/><F54/><W99/><G124/><T15/><D15/><U14/><E14/><V76/><F76/><W43/><G66/><T96/><D96/><N who="3" m="36937" /><G70/><T75/><D75/><U80/><E41/><V126/><F126/><W132/><G132/><T73/><D73/><U95/><E46/><AGARI ba="1,1" hai="6,9,13,42,46,48,79,81,86,93,94" m="39111" machi="46" ten="30,5800,0" yaku="25,1,8,1,52,1" doraHai="78" who="2" fromWho="1" sc="187,0,250,-61,303,71,250,0" /><INIT seed="2,2,0,0,2,66" ten="187,189,374,250" oya="2" hai0="13,34,63,17,24,134,33,55,41,100,107,127,111" hai1="59,80,82,31,119,9,109,21,15,97,54,78,87" hai2="3,117,36,133,43,120,45,38,86,76,61,16,2" hai3="22,62,10,12,44,95,85,106,50,74,91,65,113"/><V7/><F117/><W23/><G74/><T71/><D111/><U47/><E119/><V124/><F120/><W102/><G102/><T116/><D127/><U26/><E109/><V90/><F124/><W108/><G106/><T92/><D116/><U129/><E129/><V79/><F133/><W75/><G75/><T69/><D107/><U73/><E97/><V128/><F128/><W0/><G0/><T112/><D112/><U28/><E28/><V52/><F38/><W96/><G96/><T20/><D134/><U57/><E73/><V77/><F7/><W39/><G39/><T121/><D41/><U103/><E103/><V11/><F11/><W126/><G113/><T130/><D130/><U84/><E47/><V81/><F16/><W18/><G126/><T53/><D121/><U72/><E54/><V40/><F40/><W42/><REACH who="3" step="1"/><G108/><REACH who="3" ten="187,189,374,240" step="2"/><T51/><D100/><U29/><E72/><V131/><F131/><W132/><G132/><T48/><D33/><U135/><E135/><V93/><F3/><W58/><AGARI ba="2,1" hai="10,12,18,22,23,42,44,50,58,62,65,85,91,95" machi="58" ten="20,5200,0" yaku="1,1,0,1,7,1,8,1,53,0" doraHai="66" doraHaiUra="110" who="3" fromWho="3" sc="187,-15,189,-15,374,-28,240,68" /><INIT seed="3,0,0,5,5,91" ten="172,174,346,308" oya="3" hai0="81,121,34,48,38,72,10,60,44,20,130,64,92" hai1="106,22,51,66,117,36,133,115,62,102,118,24,46" hai2="107,128,7,42,37,101,98,47,52,3,114,131,73" hai3="93,116,95,105,80,86,25,67,74,6,58,32,85"/><W104/><G6/><T19/><D34/><U68/><E36/><V63/><F114/><W41/><G41/><N who="0" m="24591" /><D121/><U61/><E115/><V16/><F73/><W45/><G45/><T87/><D72/><U134/><E62/><V0/><F16/><W111/><G116/><N who="1" m="44650" /><E102/><V76/><F76/><N who="3" m="44055" /><G67/><T18/><D130/><N who="2" m="49706" /><F7/><W26/><G58/><AGARI ba="0,0" hai="0,3,37,42,47,52,58,63,98,101,107" m="49706" machi="58" ten="30,2000,0" yaku="19,1,54,1" doraHai="91" who="2" fromWho="3" sc="172,0,174,0,346,20,308,-20" owari="172,-32.8,174,-22.6,366,46.6,288,8.8" /></mjloggm>