<mjloggm ver="2.3"><GO type="225" lobby="0"/><UN n0="%E3%81%A4%E3%81%A3%E3%81%B1%E3%82%8A%E3%83%9D%E3%83%BC%E3%83%AB" n1="%E5%B8%86%E7%AB%8B%E5%A4%8F%E8%A1%A3" n2="%44%2E%65%61%67%6C%65" n3="%E6%B4%BE%E9%81%A3%E3%81%AE%E3%82%B8%E3%83%A3%E3%83%83%E3%82%AF" dan="16,16,16,17" rate="2106.43,2171.95,2142.62,2245.43" sx="M,M,M,M"/><TAIKYOKU oya="0"/><INIT seed="0,0,0,3,0,60" ten="250,250,250,250" oya="0" hai0="124,17,82,131,92,74,116,52,33,32,80,112,73" hai1="107,47,51,53,91,106,36,6,77,125,8,40,34" hai2="50,39,61,76,93,56,81,68,15,86,59,1,123" hai3="122,22,57,0,37,111,25,85,28,132,16,18,75"/><T100/><D112/><U55/><E125/><V97/><F1/><W113/><G75/><T43/><D116/><U102/><E34/><V66/><F39/><W71/><G71/><T2/><D2/><U119/><E119/><V29/><F123/><W26/><G0/><T103/><D43/><U11/><E77/><V126/><F126/><W14/><G37/><T105/><D124/><U23/><E55/><V83/><F83/><N who="0" m="31786" /><D52/><U12/><E11/><V38/><F38/><W27/><G113/><T128/><D17/><U64/><E91/><V90/><F29/><W109/><G85/><T78/><D92/><U94/><E23/><V101/><F50/><W42/><G57/><T88/><D88/><U7/><E7/><V135/><F135/><W24/><G42/><T108/><D78/><U46/><E94/><V3/><F3/><W70/><G70/><T127/><D127/><U129/><E102/><N who="0" m="38953" /><D105/><U65/><E107/><V96/><F15/><N who="3" m="9567" /><G132/><T114/><D114/><U133/><E106/><AGARI ba="0,0" hai="56,59,61,66,68,76,81,86,90,93,96,97,101,106" machi="106" ten="30,2000,0" yaku="7,1,52,1" doraHai="60" who="2" fromWho="1" sc="250,0,250,-20,250,20,250,0" /><INIT seed="1,0,0,5,0,92" ten="250,230,270,250" oya="1" hai0="41,49,70,125,85,105,5,95,39,127,36,66,9" hai1="6,52,131,121,19,26,116,74,27,14,34,20,18" hai2="65,12,23,106,48,51,31,30,68,113,15,96,71" hai3="86,58,107,123,75,50,81,101,111,28,77,124,134"/><U76/><E116/><V117/><F117/><W7/><G123/><T2/><D105/><U33/><E121/><V98/><F65/><W22/><G111/><T29/><D29/><U104/><E104/><V57/><F106/><W73/><G124/><N who="0" m="47691" /><D66/><U24/><E131/><V115/><F23/><W102/><G134/><T3/><D3/><U130/><E130/><V135/><REACH who="2" step="1"/><F57/><REACH who="2" ten="250,230,260,250" step="2"/><W38/><G58/><T112/><D70/><U133/><E133/><AGARI ba="0,1" hai="12,15,30,31,48,51,68,71,96,98,113,115,133,135" machi="133" ten="25,12000,2" yaku="1,1,2,1,22,2,52,2,53,0" doraHai="92" doraHaiUra="35" who="2" fromWho="1" sc="250,0,230,-120,260,130,250,0" /><INIT seed="2,0,0,5,1,98" ten="250,110,390,250" oya="2" hai0="100,75,102,76,6,16,69,39,105,70,13,44,38" hai1="94,18,56,46,84,122,87,62,30,129,116,5,3" hai2="78,96,89,88,55,131,132,26,82,28,34,117,54" hai3="40,27,95,67,107,110,113,60,65,36,61,81,4"/><V72/><F117/><W77/><G107/><T92/><D105/><U68/><E68/><V0/><F0/><W52/><G110/><T35/><D35/><U106/><E116/><V48/><F132/><W74/><G113/><T104/><D104/><U93/><E106/><V59/><F131/><W17/><G4/><T64/><D6/><U134/><E122/><V10/><F10/><W103/><G40/><T99/><D102/><U7/><E134/><V29/><F29/><W57/><G36/><T120/><D120/><U83/><E129/><V53/><F96/><W25/><G17/><T123/><D123/><U21/><E30/><V90/><AGARI ba="0,0" hai="26,28,34,48,53,54,55,59,72,78,82,88,89,90" machi="90" ten="30,3000,0" yaku="0,1,54,1" doraHai="98" who="2" fromWho="2" sc="250,-10,110,-10,390,30,250,-10" /><INIT seed="2,1,0,2,1,127" ten="240,100,420,240" oya="2" hai0="35,17,74,113,122,82,2,60,96,101,27,116,16" hai1="108,57,22,68,49,84,131,14,73,100,79,110,45" hai2="29,66,1,56,42,31,10,114,8,112,85,38,117" hai3="80,94,99,71,13,119,36,47,48,126,33,51,64"/><V40/><F117/><W105/><G119/><T61/><D116/><U76/><E73/><V124/><F124/><W75/><G105/><T132/><D122/><U7/><E68/><V18/><F85/><W86/><G33/><T26/><D2/><U109/><E100/><V81/><F81/><W20/><G75/><T125/><D125/><U58/><E22/><V25/><F56/><W70/><G36/><T44/><D44/><U69/><E69/><V46/><F66/><W95/><G95/><T133/><D113/><U21/><E21/><V39/><F25/><N who="0" m="9226" /><D82/><N who="1" m="47175" /><E79/><V134/><F46/><W9/><G20/><T135/><D35/><U62/><E62/><N who="0" m="24169" /><D74/><U115/><E115/><V102/><F102/><W34/><G34/><T128/><D128/><U91/><E91/><V59/><F59/><N who="1" m="22537" /><E14/><V50/><F1/><W77/><G126/><T53/><D101/><U106/><E7/><V111/><F39/><W89/><G64/><T37/><D37/><U72/><E72/><V118/><F38/><W5/><G51/><T103/><D135/><U43/><E106/><V97/><F134/><W90/><G89/><T3/><D3/><U19/><E19/><N who="0" m="7241" /><D133/><U98/><E98/><V28/><F118/><W87/><G99/><T130/><D132/><U78/><E78/><V52/><F97/><W15/><G15/><T121/><D103/><U4/><E4/><V24/><F114/><W107/><G107/><T67/><D96/><U54/><E43/><AGARI ba="1,0" hai="5,9,13,43,47,48,70,71,77,80,86,87,90,94" machi="43" ten="30,3900,0" yaku="7,1,25,2" doraHai="127" who="3" fromWho="1" sc="240,0,100,-42,420,0,240,42" /><INIT seed="3,0,0,3,0,11" ten="240,58,420,282" oya="3" hai0="50,130,25,79,40,104,82,109,29,16,36,134,61" hai1="2,112,44,70,37,22,18,87,59,60,73,108,124" hai2="129,58,34,39,71,132,123,77,100,106,8,26,125" hai3="111,27,0,69,88,103,51,84,65,14,76,48,75"/><W122/><G122/><T96/><D109/><U38/><E18/><V1/><RYUUKYOKU type="yao9" ba="0,0" sc="240,0,58,0,420,0,282,0" hai2="1,8,26,34,39,58,71,77,100,106,123,125,129,132" /><INIT seed="3,1,0,0,4,88" ten="240,58,420,282" oya="3" hai0="49,30,132,87,59,42,117,17,18,77,107,111,32" hai1="26,6,118,47,57,8,79,69,16,84,104,28,90" hai2="19,126,11,27,119,35,44,54,134,122,93,105,116" hai3="63,74,37,102,78,15,103,123,98,50,125,86,31"/><W128/><G123/><T53/><D117/><U52/><E104/><V124/><F105/><W92/><G37/><T89/><D107/><U70/><E70/><V121/><F134/><W0/><G0/><T24/><D132/><U131/><E69/><V96/><F44/><W73/><G125/><N who="2" m="48233" /><F54/><W133/><G133/><T112/><D111/><U55/><E131/><V95/><F96/><W5/><G128/><T12/><D112/><U99/><E118/><N who="2" m="45099" /><F11/><W83/><G31/><T10/><D77/><U45/><E55/><V60/><F60/><W14/><G63/><T113/><D113/><U39/><E39/><V82/><F82/><W97/><G50/><T51/><D42/><U7/><E47/><V38/><F38/><W25/><G25/><T34/><D34/><U62/><E45/><V61/><F61/><W64/><G64/><T20/><D51/><U85/><E85/><V100/><F100/><W36/><G36/><T48/><D48/><U3/><E79/><V23/><F35/><W110/><G110/><T135/><D135/><U101/><E3/><V129/><F129/><W58/><G58/><T130/><D130/><U108/><E108/><V72/><F72/><W91/><G78/><T2/><D2/><U67/><E67/><V4/><F4/><W46/><G46/><T9/><REACH who="0" step="1"/><D18/><REACH who="0" ten="230,58,420,282" step="2"/><U33/><E16/><V80/><F122/><W75/><G5/><T127/><D127/><U94/><REACH who="1" step="1"/><E8/><REACH who="1" ten="230,48,420,282" step="2"/><V65/><F19/><W1/><G1/><T66/><D66/><U40/><E40/><V76/><F65/><W41/><G75/><T68/><D68/><RYUUKYOKU ba="1,2" sc="230,15,48,15,420,-15,282,-15" hai0="9,10,12,17,20,24,30,32,49,53,59,87,89" hai1="6,7,26,28,33,52,57,62,84,90,94,99,101" owari="245,-15.5,63,-43.7,425,52.5,267,6.7" /></mjloggm>