<mjloggm ver="2.3"><GO type="225" lobby="0"/><UN n0="%43%68%65" n1="%E7%89%B9%E6%9D%B1%E3%81%AF%E4%B8%96%E7%95%8C%E3%82%92%E6%95%91%E3%81%86" n2="%6D%75%75%6D%75%72%61" n3="%70%68%65%6E%6F%6D%65" dan="16,16,17,17" rate="2057.80,2121.00,2212.46,2161.23" sx="M,M,F,M"/><TAIKYOKU oya="0"/><INIT seed="0,0,0,2,0,95" ten="250,250,250,250" oya="0" hai0="83,116,96,71,49,29,114,73,130,50,85,36,123" hai1="63,67,98,132,47,74,0,72,94,19,2,35,69" hai2="43,104,56,15,11,135,81,122,68,27,90,31,87" hai3="44,57,93,128,84,32,66,7,134,55,45,121,133"/><T13/><D114/><U86/><E35/><V54/><F135/><W60/><G128/><T110/><D36/><U112/><E132/><N who="3" m="50794" /><G32/><T65/><D73/><U22/><E112/><V108/><F108/><W53/><G7/><T24/><D116/><U39/><E86/><V40/><F68/><W34/><G34/><T118/><D118/><U25/><E74/><V89/><F122/><W109/><G109/><T26/><D123/><U8/><E72/><V62/><F104/><W58/><G121/><T103/><D26/><U59/><E69/><V51/><F89/><N who="3" m="53415" /><G55/><T1/><D1/><U41/><REACH who="1" step="1"/><E8/><REACH who="1" ten="250,240,250,250" step="2"/><V125/><F125/><W115/><G115/><T127/><D110/><U119/><E119/><V4/><REACH who="2" step="1"/><F62/><AGARI ba="0,1" hai="44,45,53,57,58,60,62,66" m="53415,50794" machi="62" ten="30,1000,0" yaku="20,1" doraHai="95" who="3" fromWho="2" sc="250,0,240,0,250,-10,250,20" /><INIT seed="1,0,0,5,3,23" ten="250,240,240,270" oya="1" hai0="59,132,77,33,93,80,57,78,118,63,65,35,7" hai1="119,45,73,46,11,40,120,1,62,50,79,111,8" hai2="102,21,3,31,94,103,37,48,24,115,5,99,133" hai3="67,51,36,70,85,16,41,69,116,58,20,55,117"/><U72/><E119/><N who="3" m="45642" /><G67/><T112/><D118/><U68/><E120/><V71/><F37/><W2/><G2/><T89/><D112/><U100/><E100/><V32/><F115/><W121/><G121/><T98/><D132/><U38/><E111/><V86/><F133/><W0/><G0/><T81/><D7/><U97/><E97/><V60/><F103/><W108/><G108/><T22/><D22/><U39/><E79/><V101/><F101/><W126/><G126/><T56/><D35/><U125/><E125/><V131/><F131/><W54/><G85/><T82/><REACH who="0" step="1"/><D33/><REACH who="0" ten="240,240,240,270" step="2"/><U74/><E1/><V12/><F3/><W134/><G134/><T127/><D127/><U75/><N who="1" m="18432" /><DORA hai="92" /><U13/><E13/><V34/><F12/><N who="3" m="9223" /><G55/><T88/><D88/><U42/><REACH who="1" step="1"/><E38/><REACH who="1" ten="240,230,240,270" step="2"/><V4/><F4/><W76/><G76/><AGARI ba="0,2" hai="56,57,59,63,65,76,77,78,80,81,82,89,93,98" machi="76" ten="40,5200,0" yaku="1,1,8,1,52,1,53,0" doraHai="23,92" doraHaiUra="114,130" who="0" fromWho="3" sc="240,72,230,0,240,0,270,-52" /><INIT seed="2,0,0,5,2,132" ten="312,230,240,218" oya="2" hai0="127,118,29,102,129,66,44,110,11,60,72,5,86" hai1="31,79,125,45,128,24,26,14,2,27,93,35,19" hai2="115,70,33,112,71,108,28,42,3,56,104,109,59" hai3="6,40,99,7,117,10,94,41,78,68,92,83,103"/><V130/><F104/><W98/><G68/><N who="2" m="26153" /><F3/><W9/><G117/><T133/><D72/><U46/><E2/><V51/><F28/><W61/><G61/><T88/><D118/><U38/><E128/><V116/><F33/><W43/><G83/><T22/><D129/><U122/><E122/><V77/><F77/><W123/><G123/><T20/><D133/><U58/><E79/><V67/><F116/><W100/><REACH who="3" step="1"/><G78/><REACH who="3" ten="312,230,240,208" step="2"/><T64/><D60/><U50/><E35/><V49/><F130/><W54/><G54/><T111/><D66/><U65/><E65/><V124/><F67/><W1/><G1/><T113/><D64/><U119/><E119/><V62/><F62/><W73/><G73/><T21/><D110/><N who="2" m="42602" /><F124/><W15/><G15/><T69/><D127/><U48/><E14/><V134/><F134/><W39/><G39/><T131/><D111/><U52/><E38/><V32/><F32/><W80/><G80/><T18/><D131/><U55/><E125/><V91/><F42/><W16/><G16/><T37/><D18/><U36/><E19/><V90/><F49/><W53/><G53/><T81/><D37/><U101/><E36/><V4/><F4/><AGARI ba="0,1" hai="4,6,7,9,10,40,41,43,92,94,98,99,100,103" machi="4" ten="40,5200,0" yaku="1,1,9,1,8,1,53,0" doraHai="132" doraHaiUra="126" who="3" fromWho="2" sc="312,0,230,0,240,-52,208,62" /><INIT seed="3,0,0,5,4,11" ten="312,230,188,270" oya="3" hai0="83,12,135,69,85,27,124,70,67,130,93,43,14" hai1="102,121,114,92,58,111,16,89,2,131,13,28,77" hai2="123,115,72,52,99,98,39,35,6,108,34,112,61" hai3="9,73,46,63,25,49,107,22,68,95,82,106,53"/><W113/><G113/><T8/><D124/><U21/><E121/><V19/><F123/><W75/><G95/><T97/><D130/><U133/><E114/><V30/><F39/><W91/><G9/><T96/><D135/><U127/><E2/><V56/><F72/><W18/><G91/><T109/><D109/><U38/><E38/><V71/><F108/><W104/><REACH who="3" step="1"/><G82/><REACH who="3" ten="312,230,188,260" step="2"/><T94/><D94/><U88/><E89/><V126/><F126/><W4/><G4/><T20/><D8/><U41/><E88/><V80/><F6/><W62/><G62/><T122/><D93/><U17/><E92/><V45/><F80/><W129/><G129/><T7/><D83/><U32/><E131/><V76/><F112/><W37/><G37/><T87/><D7/><U0/><E127/><V57/><F115/><W110/><G110/><T64/><D122/><U48/><E111/><V118/><F118/><W86/><G86/><T78/><D87/><U116/><E116/><V100/><F76/><W44/><G44/><T3/><D85/><U47/><E47/><V33/><F45/><W134/><G134/><T60/><D78/><U55/><E77/><V103/><F71/><W59/><G59/><T1/><D60/><U5/><E5/><V81/><F81/><W79/><G79/><T26/><D70/><U117/><E117/><V66/><F100/><W10/><G10/><T54/><D69/><U105/><E102/><V65/><F103/><W51/><G51/><T36/><D36/><U29/><E58/><V119/><F57/><W42/><G42/><T128/><D43/><RYUUKYOKU ba="0,1" sc="312,-10,230,-10,188,-10,260,30" hai3="18,22,25,46,49,53,63,68,73,75,104,106,107" /><INIT seed="3,1,1,3,5,49" ten="302,220,178,290" oya="3" hai0="51,95,61,14,96,33,72,25,27,36,98,64,125" hai1="106,97,94,57,0,40,123,66,89,19,81,79,41" hai2="9,5,60,13,100,59,28,80,26,12,101,104,75" hai3="31,38,114,39,84,135,93,2,3,88,119,17,55"/><W34/><G114/><T20/><D36/><U30/><E123/><V48/><F104/><W116/><G17/><N who="0" m="10295" /><D33/><U108/><E0/><V109/><F109/><W107/><G107/><T128/><D72/><U117/><E108/><V58/><F75/><W126/><G126/><T37/><D37/><U65/><E117/><V22/><F80/><W74/><G74/><T82/><D128/><U121/><E121/><V21/><F21/><W45/><G38/><T56/><D125/><U99/><E30/><V110/><F110/><W132/><G2/><T11/><D98/><U134/><E134/><N who="3" m="51242" /><G3/><T52/><D11/><U68/><E68/><V1/><F1/><W53/><G53/><T105/><D82/><U69/><E69/><V76/><F76/><W10/><G10/><T127/><D105/><U77/><E19/><V43/><F12/><W54/><G54/><T73/><D73/><U103/><E79/><V70/><F70/><W78/><G78/><T133/><D127/><U122/><E122/><V102/><REACH who="2" step="1"/><F60/><REACH who="2" ten="302,220,168,290" step="2"/><W44/><G119/><T90/><D133/><U115/><E115/><V50/><F50/><N who="3" m="29127" /><G116/><T71/><D71/><U111/><E111/><V16/><F16/><W131/><G31/><T62/><D62/><U113/><E113/><V87/><F87/><W35/><G131/><T46/><AGARI ba="1,2" hai="25,27,46,51,52,56,61,64,90,95,96" m="10295" machi="46" ten="30,4000,0" yaku="8,1,52,1,54,1" doraHai="49" who="0" fromWho="0" sc="302,63,220,-11,168,-11,290,-21" owari="365,46.5,209,-19.1,157,-34.3,269,6.9" /></mjloggm>