<mjloggm ver="2.3"><GO type="225" lobby="0"/><UN n0="%E3%81%82%E3%82%93%E3%81%AA%E3%81%A4" n1="%72%69%6F%75%63%68%61%6E" n2="%E6%80%AA%E3%81%97%E3%81%99%E3%81%8E%E3%82%8B%E3%83%81%E3%83%BC" n3="%6D%75%75%6D%75%72%61" dan="16,17,16,16" rate="2139.03,2243.14,2149.31,2154.97" sx="M,M,M,F"/><TAIKYOKU oya="0"/><INIT seed="0,0,0,2,2,84" ten="250,250,250,250" oya="0" hai0="90,39,37,123,66,63,95,60,127,86,54,80,129" hai1="128,126,16,51,117,15,99,21,124,118,32,120,13" hai2="111,67,125,19,14,75,9,116,100,69,73,8,11" hai3="47,26,103,83,64,17,40,29,74,96,94,77,35"/><T82/><D123/><U131/><E32/><V57/><F111/><W34/><G64/><T62/><D129/><N who="1" m="49739" /><E51/><V24/><F125/><N who="1" m="48233" /><E120/><V10/><F116/><N who="1" m="44649" /><E99/><V3/><F69/><W71/><G71/><T44/><D127/><U42/><E42/><V87/><F3/><W79/><G79/><T45/><D66/><U121/><E121/><V104/><F67/><W85/><G17/><T114/><D114/><U36/><E36/><V18/><F57/><W30/><G74/><T59/><D37/><U2/><E2/><V97/><F87/><W50/><G30/><T89/><D39/><U93/><E93/><V53/><F53/><W102/><REACH who="3" step="1"/><G35/><REACH who="3" ten="250,250,250,240" step="2"/><T22/><D22/><U5/><E5/><V98/><F75/><W106/><G106/><T107/><D107/><U110/><E110/><V49/><F73/><W70/><G70/><T65/><D65/><U72/><E72/><V78/><F104/><W113/><G113/><T130/><D130/><U119/><E119/><V58/><F18/><W105/><G105/><T12/><D62/><U33/><E33/><V1/><F19/><W88/><AGARI ba="0,1" hai="26,29,34,40,47,50,77,83,85,88,94,96,102,103" machi="88" ten="20,12000,2" yaku="1,1,0,1,7,1,52,1,54,1,53,1" doraHai="84" doraHaiUra="20" who="3" fromWho="3" sc="250,-60,250,-30,250,-30,240,130" /><INIT seed="1,0,0,1,2,29" ten="190,220,220,370" oya="1" hai0="17,82,31,33,68,49,34,16,87,120,94,13,9" hai1="100,102,20,2,63,55,41,56,103,98,18,6,101" hai2="122,25,107,39,12,37,116,128,104,114,30,118,76" hai3="67,50,134,99,115,65,58,88,1,14,83,86,40"/><U112/><E112/><V108/><F122/><W135/><G115/><T32/><D68/><U113/><E113/><V85/><F114/><W27/><G1/><T111/><D120/><U95/><E41/><V84/><F12/><W79/><G14/><T60/><D60/><U96/><E2/><V78/><F30/><W23/><G79/><N who="2" m="30249" /><F25/><W74/><G74/><T73/><D73/><U81/><E81/><V129/><F108/><W15/><G15/><T133/><D111/><U36/><E36/><N who="2" m="13899" /><F84/><W4/><G99/><T132/><D94/><U3/><E3/><V75/><F85/><W8/><G8/><T110/><D49/><U54/><E6/><V45/><F45/><N who="3" m="25895" /><G58/><T90/><D110/><U47/><E47/><V48/><F48/><W38/><G4/><N who="0" m="3239" /><D31/><U53/><REACH who="1" step="1"/><E98/><REACH who="1" ten="190,210,220,370" step="2"/><V70/><F75/><W106/><G38/><T121/><D121/><U109/><E109/><V7/><F7/><W44/><G44/><T91/><D91/><U52/><E52/><V77/><F116/><W71/><G88/><T93/><D82/><U127/><E127/><V22/><F118/><W10/><G83/><T64/><D64/><U89/><E89/><V69/><F77/><W124/><G65/><T35/><N who="0" m="8192" /><DORA hai="26" /><T42/><D42/><U43/><E43/><V21/><F128/><W117/><G67/><T66/><D66/><U125/><E125/><V19/><F129/><W105/><G124/><T11/><D11/><U123/><E123/><V57/><F70/><W97/><G71/><T0/><D0/><U92/><E92/><V5/><F69/><W46/><G10/><RYUUKYOKU ba="0,1" sc="190,15,210,15,220,-15,370,-15" hai0="16,17,87,90,93,132,133" hai1="18,20,53,54,55,56,63,95,96,100,101,102,103" /><INIT seed="1,1,1,5,4,112" ten="205,225,205,355" oya="1" hai0="71,72,34,49,128,115,47,131,105,52,4,3,104" hai1="101,42,2,15,77,60,116,111,85,62,30,118,0" hai2="54,83,25,1,26,37,135,99,88,46,13,133,8" hai3="45,48,123,79,27,63,82,18,74,80,119,11,20"/><U122/><E122/><V109/><F109/><W36/><G123/><T93/><D115/><U89/><E111/><V114/><F114/><W64/><G36/><T9/><D34/><U96/><E77/><V78/><F1/><W28/><G80/><T94/><D72/><U84/><E42/><V100/><F37/><W51/><G119/><N who="1" m="45610" /><E15/><V120/><F120/><W19/><G11/><T16/><D71/><U108/><E108/><V92/><F100/><W90/><G90/><T12/><D104/><U33/><E89/><V38/><F38/><W17/><REACH who="3" step="1"/><G45/><REACH who="3" ten="205,225,205,345" step="2"/><T107/><D128/><U97/><E101/><V31/><F83/><W53/><G53/><T117/><D131/><U66/><E66/><V86/><F78/><W106/><G106/><T35/><D117/><U121/><E121/><V10/><F54/><W57/><AGARI ba="1,2" hai="17,18,19,20,27,28,48,51,57,63,64,74,79,82" machi="57" ten="30,2000,0" yaku="1,1,0,1,53,0" doraHai="112" doraHaiUra="5" who="3" fromWho="3" sc="205,-6,225,-11,205,-6,345,43" /><INIT seed="2,0,0,5,2,96" ten="199,214,199,388" oya="2" hai0="83,27,46,26,36,56,133,52,61,49,106,117,41" hai1="93,32,101,123,114,81,79,24,71,16,131,126,128" hai2="86,89,6,45,76,65,25,94,80,109,78,92,84" hai3="87,105,72,28,121,42,38,98,113,135,10,104,64"/><V22/><F109/><W107/><G72/><T39/><D133/><U75/><E114/><V90/><F65/><W112/><G121/><T132/><D132/><U69/><E126/><V77/><F6/><W118/><G118/><T23/><D117/><U54/><E123/><V33/><F33/><W47/><G135/><T85/><D106/><U4/><E4/><V12/><F12/><W110/><G110/><T73/><D73/><U115/><E115/><N who="3" m="44106" /><G28/><T127/><D27/><U50/><E93/><N who="2" m="54439" /><F45/><W91/><G64/><T8/><D8/><U59/><E101/><V30/><AGARI ba="0,0" hai="22,25,30,76,77,78,80,86,90,92,94" m="54439" machi="30" ten="30,1500,0" yaku="8,1" doraHai="96" who="2" fromWho="2" sc="199,-5,214,-5,199,15,388,-5" /><INIT seed="2,1,0,1,4,100" ten="194,209,214,383" oya="2" hai0="129,3,107,130,91,11,85,109,56,42,99,106,104" hai1="29,132,32,72,90,115,118,65,28,9,50,2,103" hai2="43,126,54,94,59,18,64,86,123,108,1,4,134" hai3="124,66,135,34,26,81,76,8,111,5,98,21,53"/><V46/><F123/><W82/><G111/><T58/><D109/><U79/><E115/><V37/><F108/><W74/><G135/><T6/><D42/><U39/><E118/><V77/><F134/><W70/><G124/><T133/><D99/><U60/><E132/><V61/><F126/><W88/><G34/><T121/><D121/><U52/><E39/><V22/><F1/><W0/><G53/><T12/><D3/><U10/><E103/><V105/><F105/><W63/><G82/><N who="0" m="49591" /><D133/><U27/><E28/><V23/><F4/><W62/><G62/><T13/><D12/><U30/><E30/><V25/><F22/><W45/><G45/><T128/><AGARI ba="1,0" hai="6,11,13,56,58,104,106,107,128,129,130" m="49591" machi="128" ten="40,8000,1" yaku="19,1,52,3" doraHai="100" who="0" fromWho="0" sc="194,83,209,-21,214,-41,383,-21" /><INIT seed="3,0,0,5,4,88" ten="277,188,173,362" oya="3" hai0="38,35,15,46,117,101,126,14,26,25,17,48,119" hai1="85,133,113,61,12,122,106,90,11,79,41,67,6" hai2="130,19,95,23,10,87,83,127,107,32,33,9,18" hai3="103,109,50,27,7,43,124,74,52,91,3,24,53"/><W37/><G74/><T64/><D38/><U2/><E122/><V100/><F107/><W29/><G103/><T68/><D14/><U123/><E123/><V116/><F116/><W121/><G53/><T59/><D68/><U63/><E113/><V128/><F127/><W69/><G109/><T60/><D101/><U40/><E106/><V0/><F19/><W70/><G24/><T78/><D78/><U47/><E133/><V98/><F9/><W105/><G70/><T120/><D26/><U108/><E108/><V112/><F112/><W93/><G50/><T39/><D39/><U30/><E30/><V58/><F58/><W82/><G82/><T110/><D110/><U115/><E115/><V65/><F65/><W55/><G55/><T56/><D56/><N who="1" m="37287" /><E2/><V1/><F10/><W114/><G7/><T45/><D126/><U125/><E125/><V73/><F73/><W34/><G27/><T36/><D25/><U21/><E47/><V134/><F134/><W8/><G105/><T54/><D46/><U42/><E63/><V31/><F31/><W75/><G69/><T135/><D45/><U92/><E79/><N who="2" m="46591" /><F18/><W76/><G37/><T84/><D36/><U104/><E104/><V80/><F23/><AGARI ba="0,0" hai="6,11,12,21,23,40,41,42,85,90,92" m="37287" machi="23" ten="30,2000,0" yaku="8,1,52,1" doraHai="88" who="1" fromWho="2" sc="277,0,188,20,173,-20,362,0" owari="277,7.7,208,-19.2,153,-34.7,362,46.2" /></mjloggm>