<mjloggm ver="2.3"><GO type="225" lobby="0"/><UN n0="%70%6E%64%73%6E%67" n1="%E3%82%A2%E3%83%A1%E3%82%A2%E3%83%A9%E3%83%AC" n2="%E5%AD%90%E4%BE%9B%E4%BC%9A%E5%93%A1" n3="%E3%83%81%E3%83%AF%E3%83%AF%E9%9A%8A%E9%95%B7" dan="16,16,17,16" rate="2107.81,2089.01,2130.62,2193.46" sx="M,M,M,M"/><TAIKYOKU oya="0"/><INIT seed="0,0,0,5,5,77" ten="250,250,250,250" oya="0" hai0="61,90,134,70,33,117,126,14,95,104,72,36,12" hai1="66,37,38,31,127,97,11,59,102,58,51,9,41" hai2="84,111,22,3,56,63,35,114,96,5,24,87,45" hai3="129,130,100,80,106,110,52,124,30,105,101,57,32"/><T71/><D117/><U19/><E127/><V118/><F114/><W25/><G124/><T121/><D121/><U78/><E31/><V46/><F35/><W65/><G110/><T8/><D126/><U85/><E38/><V88/><F111/><W28/><G65/><T128/><D104/><N who="3" m="40041" /><G30/><T93/><D36/><U17/><E37/><V69/><F69/><W68/><G68/><T132/><D33/><U115/><E115/><V7/><F96/><W48/><G80/><T29/><D29/><U34/><E34/><V18/><F87/><W4/><G4/><N who="2" m="1609" /><F3/><W122/><G122/><T109/><D109/><U60/><E97/><V75/><F75/><W2/><G2/><T82/><D72/><U113/><E102/><V43/><F43/><W131/><AGARI ba="0,0" hai="25,28,32,48,52,57,100,101,129,130,131" m="40041" machi="131" ten="40,2700,0" yaku="19,1,54,1" doraHai="77" who="3" fromWho="3" sc="250,-13,250,-7,250,-7,250,27" /><INIT seed="1,0,0,0,1,15" ten="237,243,243,277" oya="1" hai0="79,72,46,93,61,107,39,55,124,9,17,78,89" hai1="19,11,127,65,120,71,129,125,34,83,119,41,82" hai2="81,50,29,84,109,131,43,104,49,4,102,80,35" hai3="26,87,113,101,1,0,73,112,128,28,63,67,33"/><U36/><E119/><V48/><F109/><W114/><G73/><T56/><D107/><U20/><E120/><V105/><F131/><W32/><G128/><T14/><D124/><N who="1" m="47691" /><E34/><V95/><F43/><W99/><G32/><T44/><D72/><U60/><E11/><V126/><F126/><W122/><G87/><T47/><REACH who="0" step="1"/><D39/><REACH who="0" ten="227,243,243,277" step="2"/><U59/><E129/><V22/><F105/><N who="3" m="63679" /><G122/><T7/><D7/><U12/><E59/><V98/><F4/><W76/><G76/><T25/><D25/><U52/><E52/><V111/><F104/><W21/><G21/><T106/><D106/><U70/><E71/><AGARI ba="0,1" hai="0,1,26,28,33,63,67,71,112,113,114" m="63679" machi="71" ten="30,2000,0" yaku="25,1,23,1" doraHai="15" who="3" fromWho="1" sc="227,0,243,-20,243,0,277,30" /><INIT seed="2,0,0,4,1,113" ten="227,223,243,307" oya="2" hai0="4,43,118,68,32,117,88,1,44,61,102,78,79" hai1="19,12,80,26,6,62,29,89,13,92,50,48,15" hai2="58,128,125,34,59,35,74,127,64,75,16,57,33" hai3="104,126,41,120,130,5,101,39,81,45,36,82,98"/><V112/><F112/><W119/><G120/><T30/><D102/><U18/><E6/><V133/><F133/><W71/><G71/><T60/><D32/><U84/><E62/><N who="0" m="24169" /><D30/><U135/><E135/><V73/><F64/><W100/><G126/><N who="2" m="48137" /><F16/><N who="1" m="6185" /><E29/><V76/><F128/><W116/><G130/><T55/><D68/><U93/><E26/><V42/><F42/><W63/><G63/><T54/><D54/><U24/><E24/><V109/><F109/><W11/><G39/><T20/><D20/><U94/><AGARI ba="0,0" hai="12,13,15,48,50,80,84,89,92,93,94" m="6185" machi="94" ten="40,2700,0" yaku="8,1,54,1" doraHai="113" who="1" fromWho="1" sc="227,-7,223,27,243,-13,307,-7" /><INIT seed="3,0,0,4,1,92" ten="220,250,230,300" oya="3" hai0="66,45,101,44,129,32,70,4,108,95,65,104,112" hai1="100,93,77,73,39,52,37,124,89,128,48,25,42" hai2="83,40,86,84,127,121,2,69,1,22,110,125,62" hai3="98,63,6,7,131,53,126,36,28,111,72,103,122"/><W61/><G122/><T79/><D32/><U118/><E128/><V132/><F121/><W15/><G72/><T97/><D129/><U114/><E114/><V102/><F132/><W38/><G131/><T33/><D33/><U106/><E124/><N who="2" m="47691" /><F110/><W54/><G126/><T17/><D108/><U55/><E42/><V14/><F40/><W11/><G111/><T96/><D112/><U56/><E25/><V49/><F49/><W67/><G28/><T68/><D79/><U71/><E71/><V64/><F102/><W82/><G36/><T27/><D4/><U60/><E106/><V30/><F14/><W29/><G15/><T135/><D135/><U18/><E18/><V117/><F117/><W16/><G38/><T43/><D68/><U35/><E35/><V20/><F86/><W0/><G6/><T31/><D70/><U91/><E39/><V115/><F115/><W107/><G7/><T109/><D109/><U75/><E37/><V116/><F116/><W88/><G0/><N who="2" m="105" /><F30/><W50/><G29/><T12/><D43/><U47/><E75/><V78/><AGARI ba="0,0" hai="20,22,62,64,69,78,83,84" m="105,47691" machi="78" ten="30,1100,0" yaku="18,1" doraHai="92" who="2" fromWho="2" sc="220,-3,250,-3,230,11,300,-5" /><INIT seed="4,0,0,1,3,32" ten="217,247,241,295" oya="0" hai0="38,92,93,68,52,48,99,96,14,63,12,55,84" hai1="101,61,117,78,15,30,135,49,10,43,3,20,91" hai2="19,95,121,13,24,110,33,34,4,97,35,81,67" hai3="50,53,130,115,66,6,37,133,100,119,28,102,132"/><T129/><D129/><U59/><E117/><V131/><F110/><W80/><G119/><T89/><D38/><U86/><E135/><N who="3" m="51786" /><G37/><T116/><D116/><U103/><E78/><V105/><F105/><W76/><G130/><T106/><D106/><U125/><E3/><V2/><F121/><W26/><G6/><T56/><D68/><U36/><E49/><V58/><F2/><W16/><G66/><T114/><D114/><U83/><E125/><V64/><F131/><W113/><G16/><T60/><D60/><U126/><E43/><V88/><F4/><W70/><G70/><T57/><REACH who="0" step="1"/><D84/><REACH who="0" ten="207,247,241,295" step="2"/><U118/><E36/><V69/><F69/><W123/><G113/><T0/><D0/><U41/><E86/><V107/><F107/><W5/><G115/><T111/><D111/><U127/><E118/><V72/><F72/><W109/><G109/><T73/><D73/><U8/><E61/><V112/><F112/><W98/><G123/><T94/><D94/><U79/><E126/><V82/><F82/><W7/><G80/><T17/><D17/><U39/><E127/><V77/><F81/><W104/><G104/><T62/><D62/><U42/><E39/><V23/><F95/><W45/><G5/><T120/><D120/><U85/><E85/><V46/><F19/><W1/><G7/><T65/><D65/><U22/><E83/><V54/><F67/><W27/><G1/><T74/><D74/><U29/><E79/><V11/><F64/><W75/><G76/><T71/><D71/><U108/><E108/><V31/><F77/><W25/><G75/><RYUUKYOKU ba="0,1" sc="207,30,247,-10,241,-10,295,-10" hai0="12,14,48,52,55,56,57,63,89,92,93,96,99" /><INIT seed="4,1,1,0,4,22" ten="237,237,231,285" oya="0" hai0="73,42,119,127,18,37,67,74,126,21,33,91,8" hai1="54,92,89,27,88,110,107,49,39,132,116,70,38" hai2="29,69,95,128,34,106,15,36,76,64,20,57,30" hai3="97,72,83,56,85,90,4,12,48,9,135,58,23"/><T51/><D119/><U99/><E110/><V79/><F106/><W134/><G72/><T66/><D33/><U11/><E116/><V121/><F121/><W61/><G23/><T6/><D37/><U117/><E107/><V98/><F36/><W60/><G97/><T86/><D42/><U111/><E70/><V108/><F69/><W62/><REACH who="3" step="1"/><G48/><REACH who="3" ten="237,237,231,275" step="2"/><T101/><D51/><U31/><E49/><V104/><F108/><W78/><G78/><N who="2" m="29737" /><F34/><W59/><AGARI ba="1,2" hai="4,9,12,56,58,59,60,61,62,83,85,90,134,135" machi="59" ten="40,2700,0" yaku="1,1,0,1,53,0" doraHai="22" doraHaiUra="35" who="3" fromWho="3" sc="237,-14,237,-8,231,-8,275,50" owari="223,-17.7,229,2.9,223,-27.7,325,42.5" /></mjloggm>