<mjloggm ver="2.3"><GO type="225" lobby="0"/><UN n0="%E7%89%B9%E6%9D%B1%E3%81%AF%E4%B8%96%E7%95%8C%E3%82%92%E6%95%91%E3%81%86" n1="%E3%81%BE%E3%81%A8%E3%81%9F" n2="%E3%82%B2%E3%82%B9%E8%8C%82%E5%8B%9D" n3="%72%65%6E%6B%75%6E" dan="16,17,16,17" rate="2179.70,2209.28,2111.20,2269.28" sx="M,M,F,M"/><TAIKYOKU oya="0"/><INIT seed="0,0,0,4,0,50" ten="250,250,250,250" oya="0" hai0="117,4,125,28,32,116,20,27,103,128,94,108,90" hai1="85,7,70,111,41,6,113,8,64,80,62,79,93" hai2="46,73,102,96,21,22,54,83,134,81,0,109,31" hai3="89,18,115,76,5,71,124,10,118,106,78,69,88"/><T30/><D103/><U51/><E111/><V63/><F109/><W84/><G115/><T26/><D108/><U13/><E113/><V130/><F130/><W131/><G118/><T75/><D128/><U66/><E66/><V119/><F134/><W107/><G18/><T74/><D125/><U123/><E6/><V129/><F129/><W33/><G131/><T24/><D4/><U133/><E123/><V1/><F119/><W55/><G5/><T48/><D117/><U60/><E60/><V122/><F122/><W34/><G84/><T35/><D116/><U53/><E93/><V95/><F1/><W98/><G98/><T39/><D39/><U2/><E133/><V25/><F0/><W56/><G56/><T114/><D48/><U11/><E41/><V91/><F73/><W16/><G16/><T112/><D112/><U97/><E11/><V40/><F102/><W43/><G43/><T101/><D101/><U37/><E97/><V9/><F9/><W38/><G10/><T61/><D61/><U42/><E42/><V72/><F72/><W45/><G45/><T87/><REACH who="0" step="1"/><D114/><REACH who="0" ten="240,250,250,250" step="2"/><U121/><E121/><V44/><F63/><W3/><G3/><T132/><D132/><U17/><E37/><V49/><F22/><W86/><G38/><AGARI ba="0,1" hai="21,25,31,38,40,44,46,49,54,81,83,91,95,96" machi="38" ten="30,2000,0" yaku="7,1,52,1" doraHai="50" who="2" fromWho="3" sc="240,0,250,0,250,30,250,-20" /><INIT seed="1,0,0,2,1,43" ten="240,250,280,230" oya="1" hai0="55,35,90,4,56,37,93,39,62,14,133,36,8" hai1="129,53,117,13,91,34,31,33,102,128,118,94,65" hai2="67,58,80,2,112,79,50,22,115,101,17,113,20" hai3="122,1,32,30,125,120,15,97,72,19,87,28,126"/><U135/><E102/><V92/><F2/><W119/><G72/><T0/><D35/><N who="1" m="13323" /><E65/><V127/><F127/><N who="3" m="48651" /><G87/><T96/><D133/><U132/><E53/><V61/><F50/><W6/><G97/><T51/><REACH who="0" step="1"/><D0/><REACH who="0" ten="230,250,280,230" step="2"/><U38/><E135/><V63/><F112/><W124/><N who="3" m="48659" /><W11/><DORA hai="41" /><G119/><T27/><D27/><U10/><E132/><V95/><F115/><W86/><G86/><T105/><D105/><U64/><E117/><V107/><F107/><W130/><G130/><T59/><D59/><U9/><E118/><V85/><F113/><W106/><G106/><T110/><D110/><U88/><E128/><V75/><F75/><W123/><G32/><T100/><D100/><U121/><E129/><V24/><F101/><W46/><G46/><T3/><D3/><U69/><E69/><V78/><F24/><W77/><G77/><T131/><D131/><U5/><E121/><N who="3" m="30978" /><W81/><DORA hai="49" /><G81/><T54/><D54/><U116/><E116/><V44/><F78/><W42/><G42/><T82/><D82/><U84/><E84/><V68/><F79/><W104/><G104/><T108/><D108/><U25/><E25/><V70/><F85/><W7/><G1/><T73/><D73/><U40/><E40/><V71/><F80/><W29/><AGARI ba="0,1" hai="6,7,11,15,19,28,29,30" m="30978,48659" machi="29" ten="60,7900,0" yaku="18,1,34,2" doraHai="43,41,49" who="3" fromWho="3" sc="230,-20,250,-39,280,-20,230,89" /><INIT seed="2,0,0,2,0,62" ten="210,211,260,319" oya="2" hai0="7,64,55,65,77,63,122,95,112,10,11,97,53" hai1="71,33,16,129,108,67,2,68,115,73,76,41,45" hai2="52,116,96,124,15,61,84,54,127,58,48,28,39" hai3="121,100,81,123,29,34,118,56,130,106,57,114,3"/><V60/><F116/><W135/><G118/><T46/><D122/><U26/><E115/><V87/><F39/><W72/><G3/><T24/><D112/><U35/><E108/><V4/><F28/><W69/><G69/><T44/><D77/><U99/><E2/><V104/><F104/><W23/><G34/><T78/><D78/><U36/><E71/><V51/><F96/><N who="3" m="61703" /><G23/><T20/><D55/><U93/><E76/><V22/><F22/><W17/><G17/><N who="0" m="12303" /><D63/><U38/><E73/><V32/><F15/><W13/><G130/><T88/><D53/><U1/><E38/><V91/><F4/><W98/><G135/><T120/><D120/><U66/><E68/><V119/><F119/><W103/><G72/><T109/><D109/><U50/><E36/><V40/><F40/><W43/><G43/><T37/><D37/><U59/><E41/><V110/><F110/><W132/><G132/><T5/><D5/><U30/><E1/><V101/><F32/><W125/><G114/><T90/><D90/><U107/><E35/><V105/><F91/><W8/><G103/><T25/><D25/><U89/><E129/><V86/><F101/><W92/><G121/><T82/><D82/><U47/><E107/><V18/><F105/><W9/><G81/><T102/><D102/><U6/><E6/><V94/><F18/><W14/><G29/><T74/><D74/><U111/><E16/><V128/><F128/><W0/><G0/><N who="0" m="359" /><D11/><U134/><E134/><V80/><F80/><W131/><G8/><T49/><D49/><N who="2" m="19018" /><F94/><W79/><G131/><T85/><D97/><RYUUKYOKU ba="0,0" sc="210,15,211,-15,260,15,319,-15" hai0="44,46,64,65,85,88,95" hai2="52,54,58,60,61,84,86,87,124,127" /><INIT seed="2,1,0,0,2,101" ten="225,196,275,304" oya="2" hai0="116,117,130,132,129,63,96,7,73,36,64,98,102" hai1="111,29,50,78,94,33,45,37,123,133,11,93,62" hai2="57,97,103,34,100,114,30,14,99,1,55,84,17" hai3="40,21,0,10,42,8,134,53,58,43,75,35,49"/><V104/><F114/><W119/><G35/><T25/><D132/><U115/><E111/><V86/><F1/><W22/><G119/><N who="0" m="45643" /><D73/><U4/><E37/><V74/><F74/><W13/><G134/><T82/><D36/><U65/><E115/><V89/><F30/><W95/><G75/><T125/><D125/><U113/><E123/><V31/><F31/><W124/><G124/><T81/><D7/><U109/><E109/><V90/><F34/><W44/><G0/><T108/><D25/><U120/><E120/><V88/><F57/><W3/><G3/><T59/><D98/><U23/><E33/><V46/><F46/><W32/><G32/><T76/><D108/><U56/><E113/><V2/><F55/><N who="3" m="30119" /><G95/><N who="0" m="58655" /><D76/><U20/><E78/><V15/><F2/><W70/><G70/><T106/><D106/><U38/><E38/><V18/><F90/><W54/><G54/><T107/><D107/><AGARI ba="1,0" hai="14,15,17,18,84,86,88,89,97,99,100,103,104,107" machi="107" ten="25,12000,1" yaku="22,2,52,2,54,1" doraHai="101" who="2" fromWho="0" sc="225,-123,196,0,275,123,304,0" /><INIT seed="2,2,0,1,0,16" ten="102,196,398,304" oya="2" hai0="90,35,75,71,126,1,98,119,24,118,6,99,94" hai1="81,21,105,56,46,106,22,100,64,91,92,54,39" hai2="89,113,45,70,43,121,82,30,80,12,55,125,68" hai3="63,73,102,109,58,40,47,3,135,36,59,62,34"/><V0/><F113/><W27/><G109/><T129/><D71/><U86/><E105/><V31/><F0/><W76/><G135/><T87/><D1/><U42/><E106/><V117/><F117/><W8/><G102/><T33/><D6/><U112/><E64/><V32/><F55/><W95/><G95/><T18/><D75/><U122/><E122/><V84/><F121/><W85/><G85/><T52/><D129/><U79/><E100/><V5/><F125/><W44/><G44/><T123/><D123/><U104/><E104/><V103/><F103/><W69/><G34/><T37/><D37/><U38/><E38/><V120/><F120/><W20/><G69/><T108/><D126/><U29/><E29/><V51/><F80/><N who="3" m="45071" /><G59/><T13/><D108/><U115/><E112/><V48/><F48/><W134/><G58/><T2/><D2/><U83/><E83/><V4/><F32/><N who="0" m="12362" /><D24/><U53/><E53/><V77/><F68/><W72/><G72/><T60/><D60/><U15/><E15/><V28/><F12/><W93/><G93/><T130/><D52/><U110/><E110/><V11/><F70/><W107/><G107/><T26/><D26/><U128/><E115/><V74/><F74/><W41/><G41/><T78/><D130/><U101/><E128/><V10/><F77/><W57/><G57/><T61/><D61/><U14/><E14/><V132/><F132/><W23/><G134/><T116/><D78/><U111/><E111/><V67/><F67/><W7/><G27/><T97/><D119/><U50/><E79/><V19/><F43/><RYUUKYOKU ba="2,0" sc="102,10,196,10,398,-30,304,10" hai0="13,18,87,90,94,97,98,99,116,118" hai1="21,22,39,42,46,50,54,56,81,86,91,92,101" hai3="3,7,8,20,23,36,40,47,62,63" /><INIT seed="3,3,0,1,4,86" ten="112,206,368,314" oya="3" hai0="62,126,11,103,47,30,134,8,44,42,111,0,132" hai1="10,50,69,108,19,63,48,89,2,51,36,92,20" hai2="112,71,119,93,34,65,15,66,41,80,81,94,43" hai3="49,122,101,67,121,14,72,26,84,102,31,127,78"/><W91/><G127/><T23/><D126/><U45/><E36/><V124/><F112/><W116/><G116/><T6/><D111/><U27/><E108/><V22/><F119/><W52/><G67/><N who="2" m="25609" /><F71/><W82/><G14/><T104/><D62/><U70/><E63/><V3/><F34/><W75/><G121/><T17/><D30/><U32/><E32/><V128/><F128/><W114/><G114/><T133/><D11/><U130/><E130/><V37/><F37/><W40/><G40/><N who="2" m="15433" /><F3/><W131/><G131/><T53/><D53/><U29/><E45/><V135/><F135/><W25/><G122/><T28/><D28/><U57/><E57/><V21/><F124/><W60/><G60/><T96/><REACH who="0" step="1"/><D42/><REACH who="0" ten="102,206,368,314" step="2"/><U87/><E29/><V123/><F123/><W105/><G105/><T12/><AGARI ba="3,1" hai="0,6,8,12,17,23,44,47,96,103,104,132,133,134" machi="12" ten="30,7900,0" yaku="1,1,2,1,0,1,20,1,53,0" doraHai="86" doraHaiUra="113" who="0" fromWho="0" sc="102,98,206,-23,368,-23,314,-42" owari="200,-20.0,183,-31.7,345,44.5,272,7.2" /></mjloggm>