<mjloggm ver="2.3"><GO type="225" lobby="0"/><UN n0="%E8%83%83%E3%81%A8%E8%85%B8" n1="%E6%98%93%E5%88%A9%E8%96%A9%E4%BC%AF" n2="%72%69%6F%75%63%68%61%6E" n3="%E3%82%A2%E3%82%A4%E3%82%B9%E3%83%86%E3%82%A3%E3%83%BC%E3%81%82%E3%81%B9" dan="17,16,17,16" rate="2231.65,2044.27,2155.93,2128.38" sx="M,F,M,M"/><TAIKYOKU oya="0"/><INIT seed="0,0,0,5,2,125" ten="250,250,250,250" oya="0" hai0="23,25,122,43,40,38,58,13,75,36,73,120,127" hai1="2,16,62,5,51,78,66,74,132,65,50,20,45" hai2="52,124,77,76,85,102,94,14,11,61,10,108,110" hai3="41,106,80,111,9,4,100,135,101,53,83,27,71"/><T47/><D127/><U8/><E132/><V1/><F124/><W116/><G111/><N who="2" m="42537" /><F1/><W3/><G116/><T86/><D13/><U105/><E105/><V126/><F126/><W56/><G71/><T130/><D58/><U57/><E66/><V82/><F76/><W92/><G106/><T70/><D70/><U68/><E68/><V88/><F102/><W79/><G41/><T69/><D69/><U89/><E89/><V28/><F28/><W128/><G27/><T90/><D130/><U39/><E39/><V37/><F37/><W97/><G135/><T67/><D67/><U21/><E21/><V112/><F112/><W15/><G128/><T118/><D118/><U134/><E134/><V117/><F117/><W31/><G31/><T104/><D104/><U46/><E45/><V123/><F123/><W81/><G3/><T60/><D60/><U96/><E96/><V18/><F10/><W115/><G115/><T26/><D23/><U33/><E33/><V44/><F61/><N who="3" m="35983" /><G101/><T0/><D0/><U48/><E78/><AGARI ba="0,0" hai="4,9,15,78,79,80,81,83,92,97,100" m="35983" machi="78" ten="30,1000,0" yaku="8,1" doraHai="125" who="3" fromWho="1" sc="250,0,250,-10,250,0,250,10" /><INIT seed="1,0,0,2,1,45" ten="250,240,250,260" oya="1" hai0="133,50,8,1,15,29,28,11,33,131,83,120,82" hai1="103,125,26,90,71,7,130,62,42,12,114,66,10" hai2="104,122,115,93,70,123,102,41,9,48,63,40,126" hai3="47,68,92,99,80,38,20,23,112,132,98,89,46"/><U91/><E114/><V81/><F104/><W79/><G112/><T105/><D133/><U84/><E130/><V127/><F115/><W55/><G68/><T24/><D131/><U121/><E125/><N who="2" m="47627" /><F9/><W94/><G132/><T110/><D110/><U108/><E121/><N who="2" m="46091" /><F81/><W109/><G109/><T30/><D120/><U16/><E108/><V97/><F48/><W101/><G38/><T57/><D105/><U39/><E103/><V18/><F18/><W129/><G129/><T134/><D134/><U59/><E71/><V86/><F86/><W117/><G117/><T31/><D1/><U95/><E39/><V52/><F70/><W49/><REACH who="3" step="1"/><G47/><REACH who="3" ten="250,240,250,250" step="2"/><T61/><D33/><U44/><E91/><V135/><F135/><W113/><G113/><T107/><N who="0" m="7168" /><DORA hai="32" /><T96/><D57/><AGARI ba="0,1" hai="40,41,52,57,63,93,97,102" m="46091,47627" machi="57" ten="30,2000,0" yaku="18,1,54,1" doraHai="45,32" who="2" fromWho="0" sc="250,-20,240,0,250,30,250,0" /><INIT seed="2,0,0,1,1,133" ten="230,240,280,250" oya="2" hai0="132,36,115,73,108,13,83,41,118,107,9,122,23" hai1="31,99,8,86,75,68,93,52,105,18,78,134,130" hai2="106,71,90,123,98,95,94,101,69,124,92,39,53" hai3="43,55,135,62,63,4,67,50,32,11,109,12,49"/><V89/><F124/><W57/><G109/><T42/><D83/><U51/><E68/><V111/><F123/><W20/><G135/><T16/><D42/><U33/><E134/><V26/><F111/><W117/><G32/><T61/><D108/><U19/><E75/><V5/><F39/><W10/><G117/><T25/><D132/><U22/><E130/><V84/><F5/><W126/><G126/><T72/><D122/><U91/><E33/><V129/><F129/><W131/><G131/><T59/><D115/><U76/><E8/><V6/><F6/><W45/><G20/><T14/><D14/><U77/><E105/><V56/><F26/><W47/><G11/><T1/><D1/><U44/><E31/><V54/><F54/><W66/><REACH who="3" step="1"/><G63/><REACH who="3" ten="230,240,280,240" step="2"/><T97/><D118/><U103/><E22/><V24/><F24/><W87/><G87/><T0/><D25/><U114/><E114/><V48/><REACH who="2" step="1"/><F106/><REACH who="2" ten="230,240,270,240" step="2"/><W119/><G119/><T70/><D107/><U64/><E64/><AGARI ba="0,2" hai="4,10,12,43,45,47,49,50,55,57,62,64,66,67" machi="64" ten="30,3900,0" yaku="1,1,7,1,8,1,53,0" doraHai="133" doraHaiUra="79" who="3" fromWho="1" sc="230,0,240,-39,270,0,240,59" /><INIT seed="3,0,0,4,5,82" ten="230,201,270,299" oya="3" hai0="118,1,51,97,88,3,10,80,20,24,65,132,101" hai1="108,67,55,126,68,111,92,124,33,109,125,22,85" hai2="56,32,96,135,36,75,112,26,127,62,35,81,89" hai3="77,64,114,98,94,9,102,19,47,48,122,119,76"/><W61/><G122/><T14/><D118/><U45/><E33/><V23/><F112/><W120/><G120/><T104/><D132/><U100/><E22/><V17/><F127/><W42/><G119/><T93/><D65/><U40/><E55/><V60/><F36/><W29/><G29/><T50/><D80/><U69/><E67/><V130/><F130/><W71/><G114/><T53/><D3/><U11/><E11/><V46/><F46/><W41/><G41/><T63/><D1/><U16/><E16/><V37/><F37/><W28/><REACH who="3" step="1"/><G28/><REACH who="3" ten="230,201,270,289" step="2"/><N who="0" m="17415" /><D104/><U105/><E105/><V99/><F135/><W123/><G123/><T7/><D101/><U57/><E57/><AGARI ba="0,1" hai="7,10,14,50,51,53,57,63,88,93,97" m="17415" machi="57" ten="30,2000,0" yaku="8,1,54,1" doraHai="82" who="0" fromWho="1" sc="230,30,201,-20,270,0,289,0" /><INIT seed="4,0,0,1,3,92" ten="260,181,270,289" oya="0" hai0="107,7,45,96,119,36,135,39,46,35,115,134,83" hai1="95,55,24,133,68,77,9,120,70,0,44,106,28" hai2="104,130,113,90,116,97,54,126,29,89,33,13,84" hai3="105,12,82,4,21,62,86,102,11,71,3,38,41"/><T111/><D119/><U80/><E120/><V8/><F116/><W88/><G105/><T16/><D35/><U69/><E106/><V37/><F37/><N who="0" m="14410" /><D7/><U81/><E133/><N who="0" m="50697" /><D83/><U23/><E77/><V78/><F113/><W112/><G102/><N who="0" m="62919" /><D115/><U22/><E22/><V73/><F73/><W122/><G112/><T40/><D40/><U129/><E129/><V125/><F78/><W18/><G122/><T74/><D74/><U99/><E9/><V27/><F130/><W94/><G38/><T79/><D79/><U117/><E0/><V59/><F104/><W32/><G41/><T15/><D111/><U14/><E117/><V101/><F101/><W60/><G71/><T19/><D19/><U48/><REACH who="1" step="1"/><E14/><REACH who="1" ten="260,171,270,289" step="2"/><V123/><F123/><W128/><G128/><T52/><D52/><U58/><E58/><V118/><F118/><W63/><REACH who="3" step="1"/><G32/><REACH who="3" ten="260,171,270,279" step="2"/><T1/><D1/><U57/><E57/><V72/><F59/><W75/><G75/><T10/><AGARI ba="0,2" hai="10,15,16,45,46" m="62919,50697,14410" machi="10" ten="30,6000,0" yaku="20,1,52,1,54,1" doraHai="92" who="0" fromWho="0" sc="260,80,171,-20,270,-20,279,-20" owari="340,44.0,151,-34.9,250,-15.0,259,5.9" /></mjloggm>