<mjloggm ver="2.3"><GO type="225" lobby="0"/><UN n0="%E3%83%A9%E3%82%A4%E3%83%B3%E3%81%AE%E8%99%8E" n1="%E3%80%90%E3%83%88%E3%83%AA%E3%83%A5%E3%83%95%E3%80%91" n2="%E3%82%BC%E3%83%AB%E3%83%80%E3%81%AE%E4%BC%9D%E8%AA%AC" n3="%E7%B4%94%E6%BD%94%E3%83%94%E3%83%A9%E3%83%8B%E3%82%A2" dan="16,16,17,17" rate="2095.59,2111.61,2160.64,2152.44" sx="M,M,M,M"/><TAIKYOKU oya="0"/><INIT seed="0,0,0,0,4,102" ten="250,250,250,250" oya="0" hai0="99,121,101,89,118,12,109,6,69,9,26,55,21" hai1="87,34,124,77,50,35,95,58,134,59,49,64,23" hai2="0,81,46,2,18,106,105,111,73,110,90,78,39" hai3="8,74,113,63,41,27,122,5,33,116,66,10,4"/><T60/><D118/><U133/><E23/><V20/><F90/><W61/><G74/><T82/><D121/><U94/><E87/><V91/><F91/><W92/><G41/><T104/><D109/><N who="2" m="41482" /><F39/><W100/><G27/><T22/><D55/><U112/><E64/><V31/><F31/><W86/><G33/><T93/><D82/><U48/><E124/><V17/><F17/><W108/><G100/><T29/><D22/><U76/><REACH who="1" step="1"/><E50/><REACH who="1" ten="250,240,250,250" step="2"/><V68/><F68/><W130/><G86/><T45/><D45/><U84/><E84/><V72/><F46/><W37/><G66/><T115/><D115/><AGARI ba="0,1" hai="34,35,48,49,58,59,76,77,94,95,112,115,133,134" machi="115" ten="25,8000,1" yaku="1,1,22,2,53,2" doraHai="102" doraHaiUra="28" who="1" fromWho="0" sc="250,-80,240,90,250,0,250,0" /><INIT seed="1,0,0,5,1,90" ten="170,330,250,250" oya="1" hai0="40,53,28,42,3,58,2,24,114,8,107,109,91" hai1="121,117,9,105,34,69,59,116,49,38,78,93,99" hai2="112,21,60,27,26,120,32,13,14,11,4,7,77" hai3="119,89,79,1,5,111,41,46,76,64,29,88,130"/><U31/><E121/><V74/><F74/><W62/><G111/><T52/><D109/><U55/><E38/><V97/><F77/><W47/><G130/><T106/><D114/><U134/><E78/><V94/><F120/><W132/><G132/><T20/><D53/><U33/><E69/><V95/><F112/><W25/><G119/><T54/><D54/><U61/><E134/><V128/><F128/><W63/><G1/><T82/><D2/><U67/><E105/><V129/><F129/><W83/><G5/><T36/><D36/><U19/><E31/><V45/><F32/><W126/><G126/><T56/><D56/><U110/><E110/><V103/><F45/><W113/><G113/><T6/><D107/><U23/><E9/><N who="2" m="4263" /><F60/><W51/><G79/><T123/><D106/><U10/><E10/><V133/><F133/><W0/><G0/><T84/><REACH who="0" step="1"/><D123/><REACH who="0" ten="160,330,250,250" step="2"/><U135/><E135/><V35/><F35/><W17/><G46/><T127/><D127/><U16/><E33/><V68/><F68/><W70/><G63/><AGARI ba="0,1" hai="3,6,8,20,24,28,40,42,52,58,63,82,84,91" machi="63" ten="30,7700,0" yaku="1,1,7,1,54,1,53,1" doraHai="90" doraHaiUra="85" who="0" fromWho="3" sc="160,87,330,0,250,0,250,-77" /><INIT seed="2,0,0,1,1,121" ten="247,330,250,173" oya="2" hai0="73,123,69,17,97,4,35,131,118,133,3,1,107" hai1="0,124,29,65,40,41,128,102,75,11,70,116,36" hai2="5,48,101,13,2,113,18,66,125,92,127,106,54" hai3="67,84,19,34,129,20,42,90,130,111,81,44,45"/><V135/><F113/><W108/><G34/><T46/><RYUUKYOKU type="yao9" ba="0,0" sc="247,0,330,0,250,0,173,0" hai0="1,3,4,17,35,46,69,73,97,107,118,123,131,133" /><INIT seed="2,1,0,0,0,85" ten="247,330,250,173" oya="2" hai0="107,65,75,101,17,64,53,33,97,40,114,66,43" hai1="49,39,113,27,56,47,105,61,71,55,90,41,63" hai2="129,28,5,46,15,119,36,91,1,29,3,77,134" hai3="116,115,132,111,130,122,22,6,96,93,4,80,14"/><V124/><F119/><W106/><G106/><T13/><D114/><U89/><E105/><V82/><F124/><W45/><G111/><T100/><D75/><U127/><E27/><V67/><F134/><W59/><G116/><T131/><D100/><U19/><E61/><V42/><F129/><W69/><G69/><T126/><D126/><U62/><E62/><V108/><F108/><W18/><G130/><T110/><D33/><U20/><E127/><V44/><F67/><W7/><G132/><T121/><D121/><U98/><E98/><V30/><F46/><W25/><G122/><T54/><D110/><U35/><E35/><V0/><F15/><W109/><G109/><T78/><D78/><U86/><E86/><V135/><F135/><W103/><G115/><T95/><D107/><U70/><E70/><V12/><F12/><W16/><G59/><T32/><D32/><U38/><E38/><V68/><F68/><W74/><G74/><T57/><D54/><U31/><E31/><V120/><F120/><W76/><G45/><T88/><D101/><U11/><E11/><N who="2" m="2471" /><F91/><N who="1" m="34825" /><E113/><V128/><F128/><W102/><G102/><T50/><D131/><U58/><E58/><V133/><F133/><W51/><G51/><T34/><REACH who="0" step="1"/><D34/><REACH who="0" ten="237,330,250,173" step="2"/><U48/><E55/><V87/><F77/><W92/><G76/><T118/><D118/><U10/><E41/><V94/><F42/><W125/><G125/><T112/><D112/><U26/><E39/><V72/><F36/><W60/><G103/><T8/><AGARI ba="1,1" hai="8,13,17,40,43,50,53,57,64,65,66,88,95,97" machi="8" ten="30,8000,1" yaku="1,1,0,1,8,1,52,1,54,1,53,0" doraHai="85" doraHaiUra="24" who="0" fromWho="0" sc="237,93,330,-21,250,-41,173,-21" /><INIT seed="3,0,0,2,4,59" ten="330,309,209,152" oya="3" hai0="10,20,77,6,92,37,125,25,112,45,94,26,67" hai1="71,84,70,4,87,102,38,41,82,62,21,111,86" hai2="34,9,11,18,22,61,99,23,58,8,24,123,7" hai3="124,95,19,2,105,68,16,15,46,79,89,120,107"/><W50/><G120/><T55/><D67/><U35/><E35/><V93/><F123/><W54/><G2/><T76/><D125/><U97/><E111/><V114/><F114/><W44/><G124/><T133/><D112/><U91/><E4/><V78/><F34/><W17/><G68/><T3/><D26/><U32/><E71/><V75/><F75/><W1/><G1/><T85/><D133/><U48/><E38/><V60/><F78/><W121/><G121/><T116/><D116/><U74/><E74/><V64/><F23/><W56/><G79/><T83/><D77/><U98/><E98/><V33/><F33/><W109/><G109/><T12/><D3/><U36/><E36/><V126/><F126/><W129/><G129/><T117/><D117/><U127/><E21/><V5/><F61/><W28/><G28/><N who="0" m="17447" /><D37/><U52/><E41/><V104/><F104/><W43/><G15/><T29/><D29/><U103/><E32/><V65/><F65/><W69/><G69/><T14/><D12/><U81/><E127/><V122/><F122/><W90/><G46/><T130/><D130/><U31/><E31/><V88/><AGARI ba="0,0" hai="5,7,8,9,11,18,22,24,58,60,64,88,93,99" machi="88" ten="30,7900,0" yaku="0,1,8,1,52,1,54,1" doraHai="59" who="2" fromWho="2" sc="330,-20,309,-20,209,79,152,-39" owari="310,41.0,289,8.9,288,-11.2,113,-38.7" /></mjloggm>