<mjloggm ver="2.3"><GO type="225" lobby="0"/><UN n0="%E6%B8%A9%E2%98%85%E6%83%85%E2%98%85%E6%8E%AA%E2%98%85%E7%BD%AE" n1="%E5%8F%AF%E5%85%90%E9%82%A3%E7%94%B1%E5%A4%9A" n2="%4C%4F%4C%49%54%41" n3="%6D%61%74%69%67%75%73%61" dan="17,17,16,17" rate="2222.08,2145.81,2151.88,2221.57" sx="M,F,F,M"/><TAIKYOKU oya="0"/><INIT seed="0,0,0,3,4,9" ten="250,250,250,250" oya="0" hai0="18,86,108,106,99,84,132,66,131,90,11,78,68" hai1="80,94,82,61,29,135,75,74,67,120,32,50,100" hai2="7,27,63,35,102,37,92,45,87,126,133,77,3" hai3="89,93,52,51,17,105,43,70,14,85,0,59,38"/><T122/><D122/><U40/><E120/><V16/><F133/><W56/><G70/><T53/><D132/><U103/><E135/><V19/><F126/><W26/><G0/><T128/><D108/><U62/><E29/><V33/><F3/><W113/><G113/><T28/><D28/><U47/><E32/><V72/><F72/><W54/><G105/><T64/><D68/><U30/><E30/><V73/><F73/><W8/><G38/><T107/><D53/><U88/><E75/><V10/><F33/><W60/><G43/><T4/><D18/><U123/><E123/><V5/><F35/><W114/><G114/><T42/><D42/><U21/><E21/><N who="2" m="13735" /><F63/><N who="1" m="24073" /><E74/><V23/><F10/><W119/><G119/><T41/><D41/><U65/><E82/><N who="2" m="47567" /><F45/><W83/><G26/><T34/><D34/><U55/><E80/><AGARI ba="0,0" hai="8,14,17,51,52,54,56,59,60,80,83,85,89,93" machi="80" ten="40,5200,0" yaku="8,1,52,1,54,1" doraHai="9" who="3" fromWho="1" sc="250,0,250,-52,250,0,250,52" /><INIT seed="1,0,0,5,4,61" ten="250,198,250,302" oya="1" hai0="111,20,114,36,113,90,85,100,3,45,81,116,48" hai1="52,30,67,84,118,89,68,105,43,6,83,72,0" hai2="22,110,46,27,109,121,37,75,117,80,60,87,9" hai3="28,62,54,15,53,74,24,56,97,58,65,39,98"/><U49/><E118/><V16/><F121/><W107/><G74/><T32/><D32/><U23/><E105/><V57/><F117/><W79/><G39/><T135/><D116/><U38/><E72/><V103/><F75/><W120/><G120/><T123/><D123/><U86/><E38/><V8/><F103/><W129/><G79/><T130/><D130/><U17/><E43/><V78/><F46/><W99/><G129/><T33/><D33/><U63/><E30/><V104/><F104/><W21/><G107/><T66/><D3/><U40/><E40/><V25/><F27/><W132/><G132/><T70/><D36/><U77/><E6/><V26/><F26/><W112/><G112/><T127/><D135/><U4/><E4/><V50/><F50/><N who="3" m="30775" /><G15/><T64/><D70/><U55/><E49/><V5/><F37/><W95/><G54/><N who="0" m="29967" /><D114/><U11/><E11/><V13/><REACH who="2" step="1"/><F9/><REACH who="2" ten="250,198,240,302" step="2"/><W88/><AGARI ba="0,1" hai="21,24,28,58,62,65,88,95,97,98,99" m="30775" machi="88" ten="30,4000,0" yaku="8,1,52,1,54,1" doraHai="61" who="3" fromWho="3" sc="250,-10,198,-20,240,-10,302,50" /><INIT seed="2,0,0,1,5,134" ten="240,178,230,352" oya="2" hai0="47,117,114,130,92,118,55,133,123,108,58,15,12" hai1="116,132,3,6,57,89,36,101,96,52,111,122,98" hai2="38,29,64,66,115,113,34,18,30,88,103,25,120" hai3="81,106,32,69,14,71,21,82,91,48,75,39,13"/><V11/><F120/><W7/><G39/><T127/><D123/><U131/><E122/><V42/><F103/><W94/><G32/><T80/><D133/><U112/><E112/><V125/><F30/><W53/><G106/><T74/><D114/><U61/><E116/><N who="0" m="44649" /><D108/><U90/><E132/><V110/><F42/><W76/><G81/><T24/><D130/><U8/><E111/><V102/><F102/><W26/><G7/><T107/><D107/><U44/><E131/><V79/><F79/><W121/><G69/><T9/><D47/><U65/><E98/><V119/><F38/><W62/><G62/><N who="0" m="36191" /><D24/><U16/><E16/><V100/><F110/><W84/><G71/><T60/><D60/><U59/><E44/><V2/><F119/><W40/><G40/><T68/><D68/><U109/><E109/><V19/><F19/><W45/><G121/><T5/><D92/><U77/><E36/><V67/><F25/><W0/><G0/><N who="0" m="167" /><D127/><U50/><REACH who="1" step="1"/><E77/><AGARI ba="0,0" hai="12,15,74,77,80" m="167,36191,44649" machi="77" ten="30,1000,0" yaku="12,1" doraHai="134" who="0" fromWho="1" sc="240,10,178,-10,230,0,352,0" /><INIT seed="3,0,0,5,2,3" ten="250,168,230,352" oya="3" hai0="113,124,116,118,96,5,45,117,4,133,74,112,37" hai1="62,18,72,31,20,102,38,114,121,89,111,48,130" hai2="19,35,43,56,67,30,68,0,123,33,42,60,14" hai3="2,44,64,22,83,101,109,36,90,85,1,125,70"/><W63/><G125/><T26/><D74/><U88/><E121/><V53/><F0/><W95/><G109/><T23/><D96/><U127/><E114/><N who="0" m="44137" /><D133/><U105/><E38/><V132/><F132/><W13/><G101/><T79/><D79/><U91/><E72/><V51/><F123/><W55/><G95/><T12/><D124/><U106/><E127/><V122/><F122/><W76/><G90/><T78/><D78/><U8/><E111/><V40/><REACH who="2" step="1"/><F30/><REACH who="2" ten="250,168,220,352" step="2"/><W75/><G1/><T71/><D71/><U97/><E130/><V135/><F135/><W10/><G2/><T54/><D12/><U80/><E106/><V107/><F107/><W65/><G13/><T77/><D77/><U81/><E31/><V15/><F15/><W29/><G76/><T98/><D98/><U7/><E62/><V52/><F52/><W58/><G55/><T32/><D32/><U25/><REACH who="1" step="1"/><E48/><REACH who="1" ten="250,158,220,352" step="2"/><V16/><F16/><W66/><G63/><T115/><D115/><U28/><E28/><V39/><F39/><W99/><G36/><T21/><D37/><U129/><E129/><V134/><F134/><W69/><G29/><T86/><D118/><U131/><E131/><V126/><F126/><W57/><G75/><T100/><D117/><U6/><E6/><V84/><F84/><W59/><G85/><T120/><D86/><U82/><E82/><V46/><F46/><W49/><G44/><T34/><D116/><U41/><E41/><V61/><F61/><W110/><G83/><T104/><D45/><U119/><E119/><V27/><F27/><W17/><G110/><RYUUKYOKU ba="0,2" sc="250,-15,158,15,220,15,352,-15" hai1="7,8,18,20,25,80,81,88,89,91,97,102,105" hai2="14,19,33,35,40,42,43,51,53,56,60,67,68" owari="235,3.5,173,-32.7,235,-16.5,357,45.7" /></mjloggm>