<mjloggm ver="2.3"><GO type="225" lobby="0"/><UN n0="%E5%B8%86%E7%AB%8B%E5%A4%8F%E8%A1%A3" n1="%E3%83%97%E3%83%92" n2="%41%72%69%61" n3="%E3%81%B5%E3%81%98%E3%81%8B%E3%81%A4" dan="16,16,17,16" rate="2109.26,2172.46,2146.89,2115.61" sx="M,M,F,M"/><TAIKYOKU oya="0"/><INIT seed="0,0,0,4,5,74" ten="250,250,250,250" oya="0" hai0="63,110,128,13,27,103,80,72,125,57,49,79,3" hai1="45,23,77,41,21,131,95,75,90,89,68,37,69" hai2="66,84,11,97,115,71,106,102,24,20,126,42,129" hai3="73,38,88,64,123,111,87,120,59,121,94,118,30"/><T32/><D110/><U105/><E105/><V15/><F115/><W122/><G118/><T28/><D3/><U96/><E131/><V6/><F129/><W16/><G111/><T50/><D128/><U114/><E114/><V81/><F126/><W0/><G38/><T116/><D116/><U130/><E130/><V29/><F42/><W107/><G107/><T58/><D125/><U100/><E89/><V4/><F66/><W76/><G30/><T133/><D133/><U1/><E1/><V70/><REACH who="2" step="1"/><F4/><REACH who="2" ten="250,250,240,250" step="2"/><W99/><G122/><T112/><D112/><U14/><E68/><V52/><F52/><W109/><G109/><T53/><D103/><U62/><E69/><V56/><F56/><W65/><G59/><T39/><D39/><U135/><E41/><V5/><F5/><W132/><G132/><T119/><D119/><U34/><E100/><V82/><F82/><N who="3" m="45327" /><G0/><T54/><REACH who="0" step="1"/><D13/><REACH who="0" ten="240,250,240,250" step="2"/><U134/><E14/><V93/><F93/><N who="3" m="54431" /><G16/><T12/><D12/><U44/><E37/><V48/><F48/><AGARI ba="0,2" hai="27,28,32,48,49,50,53,54,57,58,63,72,79,80" machi="48" ten="30,5800,0" yaku="1,1,7,1,52,1,53,0" doraHai="74" doraHaiUra="10" who="0" fromWho="2" sc="240,78,250,0,240,-58,250,0" /><INIT seed="0,1,0,5,5,17" ten="318,250,182,250" oya="0" hai0="88,82,37,35,34,77,110,74,46,50,25,56,103" hai1="33,62,102,122,43,101,54,113,115,22,70,36,107" hai2="76,119,41,15,7,91,95,79,118,104,2,10,3" hai3="21,52,134,11,85,116,108,80,14,106,47,31,63"/><T132/><D132/><U59/><E33/><V127/><F104/><W114/><G116/><N who="2" m="44585" /><F41/><W99/><G114/><N who="1" m="43530" /><E122/><V120/><F120/><W117/><G108/><T60/><D103/><N who="1" m="39435" /><E107/><V86/><F127/><W112/><G112/><T58/><D37/><U92/><E92/><V84/><F84/><W9/><G106/><T65/><D110/><U0/><E0/><AGARI ba="1,0" hai="0,2,3,7,10,15,76,79,86,91,95" m="44585" machi="0" ten="30,1000,0" yaku="12,1" doraHai="17" who="2" fromWho="1" sc="318,0,250,-13,182,13,250,0" /><INIT seed="1,0,0,3,3,52" ten="318,237,195,250" oya="1" hai0="96,87,61,72,34,46,45,76,58,101,129,49,59" hai1="22,97,19,86,106,13,124,10,66,60,89,134,0" hai2="127,51,20,104,29,62,11,111,71,109,128,80,30" hai3="25,67,83,117,33,40,38,70,16,110,116,85,63"/><U88/><E124/><V113/><F104/><W121/><G121/><T24/><D129/><U115/><E115/><V9/><F71/><W18/><G110/><N who="2" m="41993" /><F80/><W55/><G38/><T48/><D72/><U132/><E0/><V95/><F51/><N who="0" m="19530" /><D34/><U133/><E10/><V57/><F128/><W27/><G40/><T93/><D24/><N who="3" m="9289" /><G55/><N who="0" m="34015" /><D59/><N who="1" m="37151" /><E86/><V50/><F50/><W78/><G33/><T90/><D76/><U107/><E107/><V44/><F20/><W119/><AGARI ba="0,0" hai="16,18,63,67,70,78,83,85,116,117,119" m="9289" machi="119" ten="40,2700,0" yaku="12,1,54,1" doraHai="52" who="3" fromWho="3" sc="318,-7,237,-13,195,-7,250,27" /><INIT seed="2,0,0,4,0,86" ten="311,224,188,277" oya="2" hai0="95,61,103,73,15,74,118,10,13,41,88,29,109" hai1="116,110,113,0,9,23,96,78,56,111,124,79,33" hai2="134,18,49,97,45,37,66,125,127,129,24,43,85" hai3="46,59,104,71,39,19,62,90,91,2,50,52,36"/><V20/><F134/><W130/><G104/><T48/><D109/><U21/><E33/><V60/><F129/><W75/><G2/><T63/><D118/><U22/><E116/><V16/><F97/><W26/><G75/><T8/><D74/><U131/><E131/><V25/><F37/><W84/><G84/><T121/><D29/><U70/><E70/><V5/><F5/><W27/><G130/><T67/><D103/><U64/><E113/><V14/><F85/><W7/><G7/><N who="0" m="3231" /><D67/><U34/><E34/><V6/><F6/><W120/><G120/><T115/><D115/><U108/><E124/><N who="2" m="47691" /><F18/><W53/><G19/><N who="0" m="8695" /><D121/><U12/><E0/><V57/><AGARI ba="0,0" hai="14,16,20,24,25,43,45,49,57,60,66" m="47691" machi="57" ten="30,3000,0" yaku="18,1,54,1" doraHai="86" who="2" fromWho="2" sc="311,-10,224,-10,188,30,277,-10" /><INIT seed="2,1,0,2,1,46" ten="301,214,218,267" oya="2" hai0="90,1,78,13,128,28,25,29,101,73,24,12,105" hai1="30,132,129,44,58,38,20,50,54,96,14,117,47" hai2="48,42,125,109,100,77,34,76,19,23,121,39,93" hai3="68,32,103,106,41,82,7,18,114,102,37,71,60"/><V52/><F121/><W110/><G110/><T130/><D90/><U94/><E117/><V119/><F34/><W10/><G18/><T123/><D78/><U81/><E132/><V36/><F119/><W86/><G114/><T3/><D73/><U2/><E2/><N who="0" m="521" /><D101/><U116/><E116/><V87/><F39/><W127/><G32/><N who="0" m="20487" /><D123/><U107/><E129/><N who="0" m="49769" /><D105/><U120/><E107/><V118/><F118/><W8/><G106/><T95/><D95/><U33/><E38/><V67/><F36/><W83/><G103/><T6/><D6/><U15/><E81/><V16/><F100/><W5/><G102/><T88/><D88/><N who="1" m="55367" /><E120/><V126/><F93/><W85/><G37/><T70/><D70/><U45/><E33/><AGARI ba="1,0" hai="12,13,25,29,33" m="49769,20487,521" machi="33" ten="30,3900,0" yaku="19,1,34,2" doraHai="46" who="0" fromWho="1" sc="301,42,214,-42,218,0,267,0" /><INIT seed="3,0,0,0,0,44" ten="343,172,218,267" oya="3" hai0="33,26,87,16,92,69,19,63,102,30,27,54,114" hai1="97,3,62,83,15,81,116,85,113,8,40,48,122" hai2="34,35,94,119,98,117,9,5,45,36,75,55,53" hai3="133,11,128,51,57,14,60,38,88,89,91,67,25"/><W59/><G133/><T39/><D39/><U10/><E122/><V37/><F75/><W58/><G38/><T105/><D114/><U100/><E113/><V70/><F70/><W6/><G128/><T125/><D125/><U96/><E3/><V110/><F110/><W61/><G25/><T65/><D27/><U86/><E62/><N who="3" m="24170" /><G67/><T108/><D108/><U74/><E74/><V111/><F111/><W120/><G120/><T121/><D54/><AGARI ba="0,0" hai="6,11,14,51,54,57,58,59,88,89,91" m="24170" machi="54" ten="30,5800,0" yaku="8,1,52,1,54,1" doraHai="44" who="3" fromWho="0" sc="343,-58,172,0,218,0,267,58" owari="285,8.5,172,-32.8,218,-18.2,325,42.5" /></mjloggm>