<mjloggm ver="2.3"><GO type="225" lobby="0"/><UN n0="%72%61%6B%33" n1="%E3%83%AD%E3%83%83%E3%83%86%E9%9B%80%E7%90%83" n2="%E3%81%A0%E3%81%8A" n3="%31%50%E3%81%9F%E3%81%9D" dan="17,17,16,16" rate="2255.53,2243.58,2046.38,2123.59" sx="M,M,M,F"/><TAIKYOKU oya="0"/><INIT seed="0,0,0,5,1,74" ten="250,250,250,250" oya="0" hai0="135,107,85,105,115,10,110,64,120,69,39,126,99" hai1="68,86,106,130,127,35,124,93,119,57,34,62,92" hai2="75,82,48,17,65,112,27,70,32,131,88,5,129" hai3="58,59,42,114,79,116,72,36,25,101,66,77,87"/><T76/><D115/><U60/><E119/><V117/><F112/><W19/><G114/><T45/><D120/><U40/><E106/><V97/><F117/><W50/><G116/><T96/><D126/><N who="1" m="48171" /><E130/><N who="2" m="49675" /><F5/><W53/><G36/><T102/><D135/><U55/><E40/><V16/><F48/><W54/><G72/><T122/><D122/><U37/><E37/><V22/><F32/><N who="1" m="12329" /><E86/><N who="2" m="50263" /><F75/><W28/><G87/><T108/><D39/><U63/><E68/><V38/><F38/><W128/><G128/><T109/><D69/><U47/><E47/><V3/><F3/><W90/><G90/><T43/><D45/><U8/><E8/><V20/><F97/><W113/><G113/><T7/><D43/><U83/><E83/><V2/><F2/><W78/><G101/><N who="0" m="62631" /><D85/><U104/><E104/><V15/><F70/><W134/><G134/><T26/><D10/><U94/><AGARI ba="0,0" hai="55,57,60,62,63,92,93,94" m="12329,48171" machi="94" ten="40,1500,0" yaku="18,1" doraHai="74" who="1" fromWho="1" sc="250,-7,250,15,250,-4,250,-4" /><INIT seed="1,0,0,0,3,128" ten="243,265,246,246" oya="1" hai0="81,0,36,49,24,101,3,37,45,51,42,88,83" hai1="113,19,112,23,8,60,5,31,47,84,120,6,34" hai2="102,100,115,7,68,121,38,57,55,2,133,106,52" hai3="22,94,132,53,80,124,64,111,27,116,15,87,28"/><U103/><E103/><V11/><F121/><W77/><G111/><T69/><D101/><U40/><E120/><V82/><F115/><W135/><G124/><T12/><D69/><U25/><E60/><V85/><F68/><W44/><G116/><T114/><D114/><U39/><E84/><V99/><F38/><W76/><G64/><T130/><D24/><U18/><E5/><V67/><F133/><N who="3" m="51275" /><G94/><T62/><D62/><U63/><E63/><V75/><F75/><W95/><G95/><T123/><D123/><U129/><E19/><V16/><F102/><W90/><G15/><T105/><D12/><N who="1" m="9671" /><E129/><V109/><F109/><W91/><G77/><T10/><D130/><U72/><E72/><V70/><F70/><W71/><G71/><T117/><D117/><U46/><E46/><V4/><F67/><W14/><G14/><T93/><D45/><U131/><E131/><V98/><F2/><AGARI ba="0,0" hai="2,6,8,25,31,34,39,40,47,112,113" m="9671" machi="2" ten="30,1500,0" yaku="24,1" doraHai="128" who="1" fromWho="2" sc="243,0,265,15,246,-15,246,0" /><INIT seed="1,1,0,3,2,109" ten="243,280,231,246" oya="1" hai0="0,13,54,61,129,67,74,102,124,134,56,123,42" hai1="9,88,43,21,112,23,34,118,31,77,58,89,72" hai2="27,80,71,70,122,81,41,111,2,22,64,24,26" hai3="84,35,105,10,130,79,117,135,85,17,126,33,100"/><U15/><E112/><V46/><F122/><W11/><G126/><T32/><D0/><U73/><E118/><V36/><F111/><W12/><G130/><T52/><D32/><U51/><E34/><V45/><F2/><W83/><G135/><T115/><D134/><U101/><E101/><V90/><F22/><W119/><G11/><T16/><D74/><U62/><E77/><V76/><F64/><W98/><REACH who="3" step="1"/><G85/><REACH who="3" ten="243,280,231,236" step="2"/><T59/><D124/><U25/><E73/><V40/><F90/><W30/><G30/><T8/><D129/><U132/><E72/><V48/><REACH who="2" step="1"/><F80/><REACH who="2" ten="243,280,221,236" step="2"/><W120/><G120/><T86/><D123/><U82/><E82/><V68/><F68/><W110/><G110/><T103/><D115/><U49/><E89/><V121/><F121/><W65/><G65/><T57/><D67/><U92/><E88/><V44/><F44/><W55/><G55/><T78/><D54/><U96/><E132/><V14/><F14/><W91/><G91/><T116/><D52/><U50/><E15/><V4/><F4/><W18/><G18/><T113/><D113/><U69/><E69/><V87/><AGARI ba="1,2" hai="24,26,27,36,40,41,45,46,48,70,71,76,81,87" machi="87" ten="30,4000,0" yaku="1,1,0,1,53,1" doraHai="109" doraHaiUra="47" who="2" fromWho="2" sc="243,-11,280,-21,221,63,236,-11" /><INIT seed="2,0,0,0,3,91" ten="232,259,284,225" oya="2" hai0="71,39,0,122,56,26,67,103,45,38,42,75,83" hai1="27,109,100,1,127,119,51,101,4,113,18,123,79" hai2="48,17,7,99,37,105,110,43,6,13,3,124,68" hai3="47,22,19,23,126,12,81,16,96,31,50,98,104"/><V76/><F37/><W80/><G126/><T55/><D122/><U21/><E113/><V15/><F3/><W94/><G31/><T133/><D133/><U44/><E119/><V24/><F68/><W59/><G59/><T69/><D0/><U11/><E127/><V128/><F124/><W10/><G98/><T66/><D103/><U36/><E109/><V40/><F76/><W53/><G104/><T95/><D26/><U131/><E131/><V72/><F72/><W114/><G114/><T20/><D20/><N who="3" m="7721" /><G19/><T88/><D38/><U41/><E123/><V63/><F24/><W125/><G125/><T70/><D83/><U32/><E32/><V111/><F128/><W35/><G35/><T106/><D106/><U57/><E57/><V86/><F105/><W65/><G65/><T60/><REACH who="0" step="1"/><D75/><REACH who="0" ten="222,259,284,225" step="2"/><U74/><E51/><V34/><F48/><W82/><G80/><AGARI ba="0,1" hai="1,4,11,18,21,27,36,41,44,74,79,80,100,101" machi="80" ten="40,2600,0" yaku="25,2" doraHai="91" who="1" fromWho="3" sc="222,0,259,36,284,0,225,-26" /><INIT seed="3,0,0,5,1,34" ten="222,295,284,199" oya="3" hai0="26,48,49,11,79,6,75,78,117,135,110,40,122" hai1="13,25,29,96,64,38,129,43,2,89,51,71,18" hai2="27,132,9,98,118,127,108,105,60,119,57,131,37" hai3="4,66,82,24,10,102,59,22,106,100,0,52,85"/><W81/><G66/><T30/><D117/><U50/><E2/><V54/><F108/><W109/><G106/><T46/><D122/><U130/><E38/><V31/><F127/><W111/><G82/><T126/><D126/><U113/><E113/><V55/><F131/><N who="1" m="50185" /><E43/><V62/><F37/><W33/><G33/><T112/><D110/><N who="3" m="41993" /><G22/><T123/><D123/><U63/><E89/><V77/><F77/><N who="3" m="46255" /><G24/><T114/><D135/><U45/><E96/><V92/><F132/><W87/><G87/><T19/><D78/><U36/><E36/><V39/><F39/><W121/><G121/><T124/><D124/><U32/><E45/><V3/><F105/><W93/><G93/><T128/><D128/><U23/><AGARI ba="0,0" hai="13,18,23,25,29,32,50,51,63,64,71" m="50185" machi="23" ten="30,1100,0" yaku="19,1" doraHai="34" who="1" fromWho="1" sc="222,-3,295,11,284,-3,199,-5" owari="219,-18.1,306,40.6,281,8.1,194,-30.6" /></mjloggm>