<mjloggm ver="2.3"><GO type="225" lobby="0"/><UN n0="%33%74%72%65%65" n1="%E3%81%AF%E3%82%88%E3%81%8A%E3%81%98%E3%81%95%E3%82%93" n2="%E6%9D%B1%E9%A2%A8%E3%81%AE%E3%81%8D%E3%82%83%E3%81%B7%E3%81%95%E3%82%93" n3="%E5%8D%A0%E3%81%84%E5%B8%AB%E8%A3%8F%E3%81%AA%E3%81%84%E3%81%97" dan="16,17,17,17" rate="2189.11,2165.05,2215.92,2210.69" sx="F,M,M,M"/><TAIKYOKU oya="0"/><INIT seed="0,0,0,4,4,32" ten="250,250,250,250" oya="0" hai0="46,109,63,66,42,65,22,9,120,29,21,96,2" hai1="118,75,3,86,39,54,60,116,51,8,59,34,93" hai2="119,81,56,36,49,82,79,98,25,24,124,27,110" hai3="14,62,16,33,13,115,69,6,72,127,111,100,117"/><T130/><D120/><U87/><E75/><V89/><F36/><W43/><G115/><T131/><D66/><U73/><E73/><V106/><F110/><W134/><G117/><T58/><D109/><U31/><E39/><V30/><F124/><W20/><G111/><T61/><D61/><U92/><E31/><V40/><F119/><W123/><G123/><T135/><D96/><U78/><E34/><V67/><F106/><W4/><G127/><T126/><D126/><U15/><E3/><V83/><F79/><W104/><G134/><T113/><D113/><U94/><E116/><V125/><F125/><W91/><G72/><T38/><D135/><U103/><E118/><V114/><F114/><W50/><G33/><T47/><D47/><U102/><E60/><N who="2" m="38279" /><F30/><W85/><G100/><N who="1" m="38442" /><E78/><V48/><F40/><W18/><G43/><T57/><D57/><U19/><AGARI ba="0,0" hai="8,15,19,51,54,59,86,87,92,93,94" m="38442" machi="19" ten="30,1100,0" yaku="8,1" doraHai="32" who="1" fromWho="1" sc="250,-5,250,11,250,-3,250,-3" /><INIT seed="1,0,0,0,1,91" ten="245,261,247,247" oya="1" hai0="87,27,62,67,114,71,47,109,72,14,76,68,90" hai1="69,24,126,41,34,85,35,6,49,81,80,55,117" hai2="25,86,104,98,2,28,113,56,42,10,123,132,29" hai3="70,26,135,18,111,19,39,107,9,82,59,105,53"/><U73/><E117/><V127/><F42/><W7/><G70/><T112/><D109/><U108/><E69/><V124/><F56/><W65/><G111/><T106/><D71/><U38/><E108/><V125/><F86/><W119/><G39/><T52/><D106/><U120/><E120/><V93/><F104/><W77/><G135/><T128/><D128/><U17/><E126/><V20/><F123/><W122/><G122/><T5/><D27/><U44/><E6/><N who="2" m="1367" /><F132/><W129/><G119/><T48/><D76/><U94/><E73/><V37/><F37/><W84/><G129/><T31/><D72/><U3/><E3/><V118/><F118/><W115/><G65/><T12/><D31/><U54/><E54/><V83/><F83/><W78/><G78/><T63/><D63/><U32/><E94/><V58/><F58/><W51/><G105/><T130/><D130/><U79/><E81/><V4/><F4/><W36/><G36/><T95/><REACH who="0" step="1"/><D5/><REACH who="0" ten="235,261,247,247" step="2"/><U99/><E79/><V96/><F29/><W15/><G107/><T43/><D43/><U103/><E41/><V89/><F113/><AGARI ba="0,1" hai="12,14,47,48,52,62,67,68,87,90,95,112,113,114" machi="113" ten="40,8000,1" yaku="1,1,52,1,54,1,53,1" doraHai="91" doraHaiUra="40" who="0" fromWho="2" sc="235,90,261,0,247,-80,247,0" /><INIT seed="2,0,0,3,2,41" ten="325,261,167,247" oya="2" hai0="120,103,3,76,62,58,13,4,77,107,32,22,123" hai1="49,63,111,5,102,50,37,31,56,100,23,14,68" hai2="106,82,67,113,90,65,52,9,122,127,97,108,87" hai3="98,0,42,121,128,75,94,2,132,99,35,44,85"/><V101/><F122/><W129/><G121/><T15/><D32/><U81/><E111/><V89/><F108/><W55/><G75/><T28/><D3/><U27/><E37/><V57/><F113/><W114/><G132/><T16/><D28/><U78/><E68/><V69/><F127/><W18/><G35/><T10/><D120/><U72/><E5/><V110/><F110/><W118/><G118/><T8/><D123/><U17/><E100/><V64/><F9/><W66/><G66/><T60/><D60/><U126/><E102/><V124/><F124/><W115/><G55/><T39/><D39/><U1/><E1/><N who="3" m="618" /><G85/><T84/><D84/><U130/><E130/><N who="3" m="50282" /><G18/><T21/><D107/><U91/><E91/><V86/><F69/><W61/><G61/><T53/><D103/><U104/><E104/><V40/><F40/><W30/><G30/><T24/><D22/><U70/><E70/><V135/><F135/><W38/><G94/><T33/><D33/><U116/><E116/><V20/><F20/><W105/><G105/><T134/><D134/><U34/><REACH who="1" step="1"/><E126/><REACH who="1" ten="325,251,167,247" step="2"/><V83/><REACH who="2" step="1"/><F65/><AGARI ba="0,1" hai="14,17,23,27,31,34,49,50,56,63,65,72,78,81" machi="65" ten="30,3900,0" yaku="1,1,2,1,7,1,53,0" doraHai="41" doraHaiUra="43" who="1" fromWho="2" sc="325,0,251,49,167,-39,247,0" /><INIT seed="3,0,0,4,3,52" ten="325,300,128,247" oya="3" hai0="117,123,61,102,22,130,28,116,120,71,1,57,100" hai1="13,118,48,90,129,135,112,131,134,49,104,29,87" hai2="97,69,99,46,18,19,86,126,93,119,73,83,20" hai3="67,84,96,53,103,45,111,41,94,65,2,98,26"/><W34/><G2/><T33/><D130/><N who="1" m="49675" /><E112/><V51/><F69/><W128/><G128/><T59/><D71/><U15/><E104/><V64/><F73/><W124/><G124/><T10/><D33/><U38/><E38/><V105/><F119/><W39/><G111/><T68/><D68/><U12/><E29/><V43/><F126/><W23/><G34/><T75/><D75/><U5/><E5/><V76/><F105/><W91/><G96/><T62/><D28/><U60/><E118/><V4/><F64/><W6/><G6/><T125/><D125/><U32/><E32/><V74/><F74/><W44/><G44/><T92/><D22/><U30/><E30/><V9/><F20/><W63/><G53/><T36/><D36/><U79/><E79/><V113/><F113/><W107/><G63/><T11/><D92/><N who="1" m="54367" /><E60/><V133/><F133/><AGARI ba="0,0" hai="12,13,15,48,49,133,134,135" m="54367,49675" machi="133" ten="40,2600,0" yaku="20,1,19,1" doraHai="52" who="1" fromWho="2" sc="325,0,300,26,128,-26,247,0" owari="325,12.5,326,42.6,102,-39.8,247,-15.3" /></mjloggm>