<mjloggm ver="2.3"><GO type="225" lobby="0"/><UN n0="%E3%81%B5%E3%81%98%E3%81%8B%E3%81%A4" n1="%E3%81%99%E3%81%84%E3%81%BE%E3%81%9B%E3%83%BC%E3%82%93" n2="%E3%83%81%E3%83%AF%E3%83%AF%E9%9A%8A%E9%95%B7" n3="%E7%89%B9%E6%9D%B1%E3%81%AF%E4%B8%96%E7%95%8C%E3%82%92%E6%95%91%E3%81%86" dan="16,18,16,16" rate="2173.32,2212.49,2166.80,2131.86" sx="M,M,M,M"/><TAIKYOKU oya="0"/><INIT seed="0,0,0,2,2,51" ten="250,250,250,250" oya="0" hai0="21,53,48,2,12,55,54,101,117,84,125,63,110" hai1="80,130,50,105,86,25,71,111,49,79,20,19,112" hai2="69,7,3,132,15,27,100,37,47,67,42,85,35" hai3="108,116,89,60,56,72,46,59,120,44,96,40,77"/><T127/><D117/><U0/><E111/><V32/><F3/><W18/><G116/><T93/><D2/><U34/><E130/><V128/><F128/><W65/><G108/><T129/><D110/><U14/><E105/><V31/><F132/><W121/><G18/><N who="0" m="10439" /><D129/><U131/><E131/><V33/><F100/><W17/><G17/><T4/><D4/><U92/><E71/><V133/><F133/><W122/><G59/><N who="0" m="33191" /><D101/><U30/><E112/><V41/><F41/><W39/><G44/><T87/><D63/><U99/><REACH who="1" step="1"/><E0/><REACH who="1" ten="250,240,250,250" step="2"/><V94/><F69/><W24/><G122/><T102/><D127/><U61/><E61/><V26/><F35/><W73/><G120/><T38/><D125/><U43/><E43/><V106/><F33/><W74/><G121/><T68/><D68/><U13/><E13/><V109/><F15/><W135/><G135/><T114/><D114/><U97/><E97/><V123/><F109/><W91/><G96/><N who="0" m="59663" /><D38/><U62/><E62/><V75/><F37/><W115/><G115/><T103/><D103/><AGARI ba="0,1" hai="14,19,20,25,30,34,49,50,79,80,86,92,99,103" machi="103" ten="30,2000,0" yaku="1,1,7,1,53,0" doraHai="51" doraHaiUra="6" who="1" fromWho="0" sc="250,-20,240,30,250,0,250,0" /><INIT seed="1,0,0,3,1,75" ten="230,270,250,250" oya="1" hai0="5,36,52,111,34,51,37,116,79,83,49,59,123" hai1="82,112,118,98,76,72,104,31,47,26,12,8,50" hai2="20,70,3,122,100,125,132,42,18,63,68,84,44" hai3="38,121,65,6,16,81,22,2,17,28,133,35,11"/><U33/><E112/><V64/><F122/><W102/><G38/><T77/><D116/><U74/><E118/><V14/><F3/><W114/><G121/><T60/><D34/><U91/><E74/><V62/><F125/><W27/><G114/><T108/><D123/><U55/><E104/><V43/><F132/><W48/><G133/><T54/><D5/><U19/><E98/><V66/><F100/><W93/><G65/><T10/><D10/><U129/><REACH who="1" step="1"/><E91/><REACH who="1" ten="230,260,250,250" step="2"/><V126/><F126/><W101/><G101/><T106/><D106/><U113/><E113/><V0/><F0/><W115/><G115/><T25/><D36/><U58/><E58/><V124/><F124/><W61/><G102/><T131/><D37/><U73/><E73/><V95/><F44/><W89/><G89/><AGARI ba="0,1" hai="14,18,20,42,43,62,63,64,66,68,70,84,89,95" machi="89" ten="40,1300,0" yaku="9,1" doraHai="75" who="2" fromWho="3" sc="230,0,260,0,250,23,250,-13" /><INIT seed="2,0,0,1,4,69" ten="230,260,273,237" oya="2" hai0="7,60,24,19,61,118,77,47,56,23,91,52,106" hai1="36,30,94,73,79,127,92,26,68,121,40,27,122" hai2="87,65,75,131,33,59,72,96,114,78,130,55,53" hai3="21,89,10,28,129,46,113,132,17,41,51,112,45"/><V81/><F114/><N who="3" m="44139" /><G129/><N who="2" m="49161" /><F33/><W110/><G110/><T70/><D106/><U84/><E127/><V11/><F11/><W125/><G125/><T58/><D118/><U38/><E68/><V25/><F25/><N who="1" m="9225" /><E30/><V86/><F86/><W20/><G132/><T120/><D120/><N who="1" m="46187" /><E40/><V105/><F65/><W88/><G28/><T5/><D70/><U8/><E8/><V39/><F39/><N who="1" m="14889" /><E84/><V133/><F87/><W42/><G10/><T71/><D71/><U9/><E9/><V22/><F75/><W97/><G21/><T82/><D7/><U83/><AGARI ba="0,0" hai="73,79,83,92,94" m="14889,46187,9225" machi="83" ten="40,8000,1" yaku="13,1,52,3" doraHai="69" who="1" fromWho="1" sc="230,-20,260,80,273,-40,237,-20" /><INIT seed="3,0,0,1,4,23" ten="210,340,233,217" oya="3" hai0="115,67,26,102,61,97,119,118,81,42,106,33,75" hai1="72,12,28,59,99,116,84,109,79,34,73,30,3" hai2="78,69,108,38,48,91,9,71,123,51,100,22,1" hai3="114,20,70,29,25,92,112,32,19,101,89,52,68"/><W125/><G125/><T85/><D115/><U4/><E3/><V83/><F38/><W50/><G101/><T24/><D42/><U37/><E37/><V126/><F126/><W31/><G114/><T63/><D119/><U15/><E109/><V14/><F108/><W130/><G130/><T86/><D118/><U65/><E99/><V35/><F35/><W49/><G112/><T17/><D17/><U104/><E59/><V0/><F123/><W18/><G49/><T113/><D113/><U64/><E84/><V120/><F120/><W5/><G5/><T111/><D111/><U54/><E79/><V39/><F39/><W56/><G19/><T55/><D55/><U94/><E54/><V2/><F100/><W43/><G43/><T66/><D61/><U121/><E121/><V110/><F110/><W127/><G127/><T128/><D128/><U90/><E4/><V88/><F69/><W87/><G29/><N who="0" m="19623" /><D26/><AGARI ba="0,0" hai="18,20,25,26,31,32,50,52,56,68,70,87,89,92" machi="26" ten="30,11600,0" yaku="7,1,52,2,54,1" doraHai="23" who="3" fromWho="0" sc="210,-116,340,0,233,0,217,116" /><INIT seed="3,1,0,3,1,29" ten="94,340,233,333" oya="3" hai0="35,90,48,109,39,34,51,88,65,106,50,17,117" hai1="6,62,97,19,56,32,10,7,61,66,38,58,52" hai2="87,122,134,124,47,36,94,98,23,133,26,42,37" hai3="31,41,54,33,112,85,128,21,57,16,25,3,114"/><W92/><G3/><T83/><D117/><U63/><E32/><V119/><F119/><W126/><G41/><T102/><D39/><U18/><E38/><V95/><F122/><W79/><G128/><T73/><D65/><U60/><E97/><V64/><F124/><W84/><G126/><T12/><D109/><U9/><E63/><V53/><F36/><W115/><G92/><T2/><D2/><U78/><E61/><V105/><F105/><W135/><G79/><T129/><D129/><U71/><E78/><V44/><F64/><W8/><G8/><N who="1" m="3178" /><E71/><V4/><F4/><AGARI ba="1,0" hai="4,6,7,18,19,52,56,58,60,62,66" m="3178" machi="4" ten="30,2000,0" yaku="8,1,54,1" doraHai="29" who="1" fromWho="2" sc="94,0,340,23,233,-23,333,0" owari="94,-40.6,363,46.3,210,-19.0,333,13.3" /></mjloggm>