<mjloggm ver="2.3"><GO type="225" lobby="0"/><UN n0="%E3%81%BF%E3%81%BF%E3%81%9A" n1="%E5%B0%8F%E9%B3%A5%E9%81%8A%E7%B7%B4%E7%84%A1%32%31%E6%AD%B3" n2="%E3%81%86%E3%82%8C%E3%81%9F%E3%82%93%E6%9E%95" n3="%E3%82%B2%E3%82%B9%E8%8C%82%E5%8B%9D" dan="16,16,16,16" rate="2121.24,2198.04,2097.81,2086.55" sx="M,F,F,F"/><TAIKYOKU oya="0"/><INIT seed="0,0,0,0,5,3" ten="250,250,250,250" oya="0" hai0="38,68,131,134,124,130,35,33,63,51,76,109,78" hai1="93,9,106,29,88,125,28,34,84,114,54,5,61" hai2="79,10,90,128,70,37,60,73,22,46,116,43,23" hai3="7,77,85,123,24,50,13,27,56,95,15,75,26"/><T57/><D38/><U118/><E118/><V16/><F116/><W0/><G123/><T17/><D124/><U62/><E106/><V20/><F128/><N who="0" m="49194" /><D134/><U18/><E125/><V111/><F111/><W87/><G75/><T99/><D109/><U100/><E114/><V135/><F135/><W80/><G0/><T14/><D51/><U53/><E100/><V31/><F31/><N who="1" m="11849" /><E18/><V112/><F112/><W133/><G133/><T108/><D99/><U48/><E34/><N who="0" m="12809" /><D68/><U55/><E48/><V40/><F40/><W104/><G104/><T105/><D108/><U45/><E45/><V32/><F32/><W83/><G95/><T65/><D105/><U1/><E1/><V66/><F90/><W19/><G19/><T25/><D25/><U129/><E129/><V119/><F119/><W30/><G30/><T107/><D107/><U4/><E9/><AGARI ba="0,0" hai="9,14,17,57,63,65,76,78" m="12809,49194" machi="9" ten="30,1500,0" yaku="19,1" doraHai="3" who="0" fromWho="1" sc="250,15,250,-15,250,0,250,0" /><INIT seed="0,1,0,1,1,124" ten="265,235,250,250" oya="0" hai0="128,27,116,126,112,113,46,30,23,77,134,49,9" hai1="60,92,29,48,69,91,71,114,76,109,24,28,6" hai2="12,61,74,31,87,111,119,53,104,125,33,96,19" hai3="54,25,42,51,122,70,118,11,95,45,65,3,107"/><T50/><D116/><U68/><E109/><V75/><F125/><W89/><G118/><T85/><D126/><U14/><E76/><V67/><F119/><W135/><G135/><T26/><D134/><U34/><E28/><V32/><F111/><W131/><G122/><T52/><D128/><U84/><E48/><V44/><F87/><W79/><G107/><T120/><D120/><U102/><E102/><V82/><F44/><W88/><G79/><T133/><D133/><U130/><E114/><V83/><F53/><W36/><G131/><T5/><D49/><U55/><E130/><V97/><F104/><W81/><G81/><T72/><D72/><U98/><E84/><V2/><F2/><W1/><G25/><T80/><REACH who="0" step="1"/><D27/><REACH who="0" ten="255,235,250,250" step="2"/><U123/><E123/><V21/><F75/><W66/><G51/><T43/><D43/><U20/><E34/><V18/><F32/><W22/><G42/><T127/><D127/><U100/><E29/><V15/><F33/><W78/><G36/><T132/><D132/><U94/><E24/><V17/><F74/><W38/><G38/><T90/><D90/><U39/><E39/><V129/><F129/><W8/><G89/><T40/><D40/><U35/><E35/><V63/><F31/><W108/><G88/><T56/><D56/><U7/><E91/><V106/><F63/><W16/><G108/><T86/><D86/><U93/><E60/><V105/><F61/><W99/><G78/><T121/><D121/><U37/><E37/><V58/><F97/><W64/><G99/><T0/><AGARI ba="1,1" hai="0,5,9,23,26,30,46,50,52,77,80,85,112,113" machi="0" ten="20,7800,0" yaku="1,1,0,1,7,1,54,1,53,0" doraHai="124" doraHaiUra="10" who="0" fromWho="0" sc="255,91,235,-27,250,-27,250,-27" /><INIT seed="0,2,0,4,1,53" ten="346,208,223,223" oya="0" hai0="94,80,81,47,86,7,116,3,25,134,67,39,29" hai1="82,125,63,48,69,124,100,31,46,93,88,71,117" hai2="85,104,50,106,76,119,19,129,26,112,102,2,64" hai3="15,105,34,84,83,121,40,12,130,90,41,23,36"/><T87/><D116/><U57/><E117/><V70/><F119/><W114/><G114/><T127/><D127/><N who="1" m="48715" /><E31/><V123/><F123/><W22/><G121/><T49/><D134/><U0/><E82/><V132/><F112/><W56/><G105/><T92/><D39/><U73/><E100/><V4/><F132/><W32/><G56/><T110/><D110/><U66/><E73/><V120/><F129/><W8/><G130/><T51/><D3/><U89/><E0/><V55/><F2/><W10/><G83/><T45/><D7/><U79/><E79/><V35/><F4/><W60/><G60/><T135/><D135/><U109/><E109/><V131/><F131/><W20/><G84/><T44/><D29/><U128/><E128/><V30/><F19/><W54/><G54/><T17/><D17/><U96/><E89/><V13/><F13/><N who="3" m="5195" /><G90/><T5/><D5/><U103/><E103/><V65/><F120/><W21/><G36/><T126/><D126/><U52/><AGARI ba="2,0" hai="46,48,52,57,63,66,69,71,88,93,96" m="48715" machi="52" ten="30,7900,0" yaku="18,1,52,1,54,2" doraHai="53" who="1" fromWho="1" sc="346,-41,208,85,223,-22,223,-22" /><INIT seed="1,0,0,1,0,59" ten="305,293,201,201" oya="1" hai0="123,61,1,126,21,3,43,14,89,52,87,5,119" hai1="133,134,19,116,95,41,108,76,112,79,72,6,75" hai2="80,18,68,16,29,38,110,102,93,88,45,11,51" hai3="54,124,98,15,57,104,40,78,22,111,92,4,50"/><U36/><E112/><V77/><F110/><W60/><G111/><T48/><D119/><U90/><E116/><V9/><F68/><W42/><G124/><T44/><D126/><U135/><E6/><V82/><F38/><W94/><G104/><T34/><D34/><U113/><E19/><N who="2" m="7211" /><F29/><W103/><G78/><N who="1" m="29738" /><E113/><V132/><F102/><W8/><G22/><T20/><D123/><U30/><E30/><V69/><F69/><W66/><REACH who="3" step="1"/><G94/><REACH who="3" ten="305,293,201,191" step="2"/><N who="0" m="54591" /><D1/><U37/><E108/><V73/><F132/><W118/><G118/><T17/><D3/><U7/><E134/><V27/><F73/><W100/><G100/><T58/><D5/><U39/><E133/><V130/><F77/><W53/><G53/><N who="0" m="33999" /><D21/><U107/><E135/><V109/><F109/><W26/><G26/><T56/><D56/><AGARI ba="0,1" hai="4,8,15,40,42,50,54,56,57,60,66,92,98,103" machi="56" ten="30,8000,1" yaku="1,1,7,1,8,1,52,1,53,1" doraHai="59" doraHaiUra="96" who="3" fromWho="0" sc="305,-80,293,0,201,0,191,90" /><INIT seed="2,0,0,2,1,41" ten="225,293,201,281" oya="2" hai0="34,109,72,12,107,99,35,70,17,84,63,91,77" hai1="92,117,67,27,126,15,39,43,114,108,104,116,79" hai2="127,28,3,130,94,44,57,123,102,103,113,0,82" hai3="7,101,2,38,29,121,76,68,128,125,62,20,71"/><V11/><F113/><W96/><G121/><T18/><D109/><U19/><E104/><V105/><F123/><W112/><G112/><T47/><D70/><U49/><E114/><V36/><F105/><W135/><G135/><T129/><D63/><U13/><E126/><V80/><F127/><W40/><G125/><T55/><D129/><U74/><E39/><V66/><F130/><W6/><G76/><T37/><D72/><U131/><E131/><V31/><F36/><W81/><G81/><N who="2" m="31337" /><F0/><W78/><G78/><T65/><D77/><U22/><E79/><V86/><F3/><W110/><G110/><T124/><D65/><U118/><E74/><V53/><F11/><W24/><G128/><T16/><D124/><U95/><E67/><V73/><F73/><W122/><G122/><T93/><D12/><U115/><E115/><V21/><F66/><W120/><G120/><T61/><D61/><U8/><E108/><V46/><F86/><W132/><G132/><T60/><D60/><U106/><E106/><V100/><F94/><W30/><G62/><T48/><REACH who="0" step="1"/><D37/><REACH who="0" ten="215,293,201,281" step="2"/><U26/><E13/><V50/><F28/><W45/><G30/><T10/><D10/><U119/><E117/><V56/><F56/><W97/><G68/><T69/><D69/><U23/><E8/><V9/><F9/><W88/><G71/><T4/><D4/><U54/><E15/><V98/><F98/><W59/><G97/><T64/><D64/><U90/><E118/><V1/><F1/><W33/><G2/><T87/><D87/><U51/><E119/><V89/><F89/><RYUUKYOKU ba="0,1" sc="215,15,293,-15,201,15,281,-15" hai0="16,17,18,34,35,47,48,55,84,91,93,99,107" hai2="21,31,44,46,50,53,57,100,102,103" /><INIT seed="2,1,1,4,3,14" ten="230,278,216,266" oya="2" hai0="63,55,90,1,122,44,84,100,74,42,43,61,102" hai1="86,118,133,0,11,130,109,39,60,66,29,25,38" hai2="77,111,91,72,106,40,51,41,68,134,116,47,21" hai3="107,135,113,93,87,80,103,71,108,32,30,4,9"/><V3/><F116/><W37/><G71/><T123/><D74/><U7/><E118/><V75/><F3/><W12/><G108/><T48/><D1/><U110/><E130/><V18/><F111/><N who="1" m="42505" /><E86/><V34/><F34/><W15/><G135/><T17/><D123/><U70/><E133/><V16/><F134/><W59/><G37/><T23/><D122/><U65/><E65/><V22/><F106/><W92/><G113/><T104/><D104/><U27/><E27/><N who="2" m="14759" /><F75/><W115/><G115/><T31/><D31/><U89/><E89/><V94/><F72/><W132/><G132/><T64/><D102/><U58/><E70/><V98/><F68/><W95/><G30/><T88/><D100/><U129/><E129/><V62/><F62/><N who="0" m="23562" /><D64/><U20/><AGARI ba="1,1" hai="0,7,11,20,25,29,38,39,58,60,66" m="42505" machi="20" ten="30,1100,0" yaku="14,1" doraHai="14" who="1" fromWho="1" sc="230,-4,278,24,216,-6,266,-4" /><INIT seed="3,0,0,2,1,99" ten="226,302,210,262" oya="3" hai0="114,63,116,86,26,113,18,31,75,77,121,22,104" hai1="36,35,79,39,62,72,92,69,87,4,134,129,74" hai2="14,27,65,57,96,38,125,58,20,2,109,103,42" hai3="8,51,10,55,91,102,9,24,70,112,54,7,32"/><W133/><G133/><T130/><D116/><U21/><E35/><V90/><F109/><W98/><G112/><T82/><D121/><U118/><E129/><V84/><F2/><W117/><G117/><T12/><D130/><U95/><E4/><V25/><F125/><W13/><G70/><T122/><D122/><U100/><E79/><V105/><F42/><W3/><G91/><T81/><D104/><U131/><E21/><V64/><F38/><W49/><G3/><T53/><D63/><U5/><E131/><V23/><F14/><W56/><G24/><T73/><D53/><U83/><E39/><V29/><F64/><W6/><G32/><T85/><D113/><U89/><E36/><V108/><F108/><W52/><G6/><T40/><D40/><U127/><E5/><V50/><F57/><W80/><G80/><T60/><D60/><U132/><E62/><V88/><F90/><W37/><G37/><T46/><D46/><U17/><E69/><V34/><F34/><W71/><G71/><T135/><D135/><U15/><E118/><V48/><F48/><N who="3" m="18507" /><G56/><T106/><D106/><U107/><E132/><V19/><F50/><W93/><AGARI ba="0,0" hai="7,8,9,10,13,52,54,55,93,98,102" m="18507" machi="93" ten="30,6000,0" yaku="8,1,52,1,54,1" doraHai="99" who="3" fromWho="3" sc="226,-20,302,-20,210,-20,262,60" owari="206,-19.4,282,8.2,190,-31.0,322,42.2" /></mjloggm>