<mjloggm ver="2.3"><GO type="225" lobby="0"/><UN n0="%E8%B6%85%E7%B4%9A%E9%B3%B3%E5%87%B0" n1="%45%6C%79%73%69%75%6D" n2="%E3%83%97%E3%83%AC%E3%83%B4%E3%82%A1%E3%83%86%E3%82%A3" n3="%4C%4F%4C%49%54%41" dan="16,17,16,16" rate="2202.19,2124.42,2097.23,2175.58" sx="M,F,F,F"/><TAIKYOKU oya="0"/><INIT seed="0,0,0,2,1,55" ten="250,250,250,250" oya="0" hai0="36,116,30,86,7,17,124,127,1,66,45,0,6" hai1="27,22,111,77,49,4,68,92,76,67,128,51,59" hai2="79,44,46,42,120,25,119,29,2,24,82,110,133" hai3="8,94,109,43,130,47,52,23,132,91,72,74,69"/><T20/><D116/><U9/><E111/><V73/><F110/><W63/><G109/><T32/><D66/><U90/><E68/><V129/><F119/><W106/><G106/><T11/><D86/><U39/><E39/><V135/><F120/><W12/><G130/><T18/><D45/><U108/><E108/><V58/><F129/><W100/><G100/><T87/><D87/><U134/><E134/><V117/><F117/><W71/><G23/><T85/><D85/><U118/><E128/><V78/><F2/><W123/><G132/><N who="2" m="50761" /><F78/><W121/><G69/><T33/><D36/><U131/><E131/><V57/><F44/><W103/><G103/><T125/><D20/><U15/><E77/><V115/><F115/><W93/><G93/><T19/><D30/><N who="1" m="17783" /><E76/><V31/><F24/><W80/><G80/><T126/><N who="0" m="31744" /><DORA hai="56" /><T89/><REACH who="0" step="1"/><D89/><REACH who="0" ten="240,250,250,250" step="2"/><U60/><E118/><V97/><F97/><AGARI ba="0,1" hai="4,9,15,49,51,59,60,67,90,92,97" m="17783" machi="97" ten="30,3900,0" yaku="8,1,52,2" doraHai="55,56" who="1" fromWho="2" sc="240,0,250,49,250,-39,250,0" /><INIT seed="1,0,0,0,4,95" ten="240,299,211,250" oya="1" hai0="131,78,65,40,126,35,12,92,37,99,124,79,93" hai1="7,88,135,25,54,61,127,16,8,52,87,128,130" hai2="90,46,134,0,113,15,106,18,98,107,31,104,102" hai3="9,50,39,122,80,67,33,22,24,115,84,116,97"/><U21/><E127/><N who="0" m="48681" /><D35/><U32/><E32/><V20/><F113/><W117/><G39/><T112/><D112/><U123/><E123/><V3/><F134/><W6/><G115/><T34/><D34/><U60/><E135/><V64/><F64/><W17/><G67/><T36/><D131/><N who="1" m="50219" /><E61/><V43/><F31/><W132/><G132/><T119/><D119/><N who="3" m="45641" /><G33/><T96/><D65/><U91/><E60/><V125/><F90/><N who="1" m="34345" /><E87/><V83/><F83/><W89/><G50/><T63/><D63/><U70/><E70/><V58/><F58/><W4/><G122/><T129/><D129/><U26/><E26/><V13/><F13/><AGARI ba="0,0" hai="7,8,13,16,21,25,52,54" m="34345,50219" machi="13" ten="30,11600,0" yaku="19,1,54,3" doraHai="95" who="1" fromWho="2" sc="240,0,299,116,211,-116,250,0" /><INIT seed="1,1,0,5,2,135" ten="240,415,95,250" oya="1" hai0="127,93,25,72,60,35,114,91,125,95,17,40,33" hai1="134,105,31,87,86,88,57,64,101,123,62,56,103" hai2="59,4,43,113,89,47,51,73,34,115,21,48,65" hai3="102,100,77,129,110,9,10,109,84,39,5,122,36"/><U92/><E123/><V2/><F73/><W119/><G122/><T16/><D114/><U118/><E118/><V67/><F34/><N who="0" m="12810" /><D72/><U132/><E105/><V12/><F2/><W98/><G129/><T30/><D40/><U117/><E117/><V29/><F113/><W120/><G120/><T19/><D91/><U81/><E31/><V54/><F115/><W130/><G130/><T20/><D60/><U58/><E101/><V66/><F4/><W83/><G119/><T61/><D61/><U55/><E103/><N who="3" m="39466" /><G98/><T6/><D6/><U37/><E37/><N who="3" m="14410" /><G5/><T11/><D11/><U52/><E57/><V15/><REACH who="2" step="1"/><F89/><REACH who="2" ten="240,415,85,250" step="2"/><W79/><G77/><T41/><D41/><U104/><E104/><V53/><F53/><W96/><G79/><T76/><D76/><U71/><E55/><V90/><F90/><W13/><G110/><T121/><D121/><U49/><E52/><V70/><F70/><W0/><G109/><T46/><D20/><U32/><E32/><V131/><F131/><W69/><G69/><T80/><D95/><U28/><E92/><V7/><F7/><W107/><G107/><T3/><D93/><U94/><E94/><V124/><F124/><W27/><G0/><T108/><D127/><U82/><E88/><V111/><F111/><W78/><G78/><T42/><D125/><U14/><E71/><V126/><F126/><W99/><G99/><T85/><D108/><U45/><E86/><V50/><F50/><W23/><G96/><T106/><D106/><U38/><E87/><V26/><AGARI ba="1,1" hai="12,15,21,26,29,43,47,48,51,54,59,65,66,67" machi="26" ten="30,4000,0" yaku="1,1,0,1,8,1,53,0" doraHai="135" doraHaiUra="116" who="2" fromWho="2" sc="240,-11,415,-21,85,53,250,-11" /><INIT seed="2,0,0,4,4,110" ten="229,394,138,239" oya="2" hai0="40,68,57,125,116,80,6,75,1,69,38,104,22" hai1="92,121,44,52,86,64,100,16,114,107,31,118,108" hai2="47,129,59,45,65,20,99,124,135,3,46,63,33" hai3="10,103,82,28,27,89,39,30,2,81,85,66,95"/><V93/><F33/><W37/><G66/><T122/><D122/><U9/><E118/><V14/><F3/><W70/><G70/><T43/><D104/><U72/><E72/><V112/><F129/><W111/><G111/><T53/><D116/><U15/><E121/><V128/><F128/><W102/><G2/><T119/><D119/><U126/><E114/><V67/><F135/><W25/><G10/><T60/><D125/><U35/><E107/><V11/><F124/><W23/><G39/><T77/><D22/><U41/><E108/><V132/><F132/><W32/><G37/><T49/><D49/><U76/><E64/><V5/><F112/><W87/><REACH who="3" step="1"/><G95/><REACH who="3" ten="229,394,138,229" step="2"/><T117/><D117/><U29/><E126/><V18/><F67/><W134/><G134/><T34/><D38/><U90/><E92/><V115/><F115/><W12/><G12/><T42/><D69/><U0/><E15/><V94/><F93/><W98/><G98/><T50/><D68/><U113/><E0/><V7/><REACH who="2" step="1"/><F11/><REACH who="2" ten="229,394,128,229" step="2"/><W61/><G61/><T24/><D1/><U8/><E9/><V78/><F78/><AGARI ba="0,2" hai="23,25,27,28,30,32,78,81,82,85,87,89,102,103" machi="78" ten="30,3900,0" yaku="1,1,7,1,53,1" doraHai="110" doraHaiUra="17" who="3" fromWho="2" sc="229,0,394,0,128,-39,229,59" /><INIT seed="3,0,0,2,0,98" ten="229,394,89,288" oya="3" hai0="61,10,104,32,81,43,67,34,86,71,63,4,74" hai1="88,24,113,54,76,0,112,52,131,60,110,12,62" hai2="125,38,2,127,122,42,68,6,18,17,22,39,48" hai3="93,36,9,111,41,124,102,8,31,23,55,91,29"/><W120/><G120/><T89/><D104/><U47/><E0/><V75/><F75/><W99/><G124/><T14/><D74/><U11/><E110/><V15/><F68/><W78/><G78/><T79/><D89/><U53/><E131/><V128/><F122/><W134/><G134/><T35/><D63/><U117/><E117/><V69/><F69/><W64/><G64/><T51/><D34/><U1/><E1/><V109/><F48/><W92/><G111/><T95/><D95/><U59/><E76/><V37/><F42/><W72/><G72/><T45/><AGARI ba="0,0" hai="4,10,14,32,35,43,45,51,61,67,71,79,81,86" machi="45" ten="30,4000,0" yaku="0,1,25,2" doraHai="98" who="0" fromWho="0" sc="229,40,394,-10,89,-10,288,-20" owari="269,6.9,384,48.4,79,-42.1,268,-13.2" /></mjloggm>