<mjloggm ver="2.3"><GO type="225" lobby="0"/><UN n0="%33%74%72%65%65" n1="%72%69%6F%75%63%68%61%6E" n2="%E6%B2%A1%E7%94%B7" n3="%E3%81%9F%E3%81%93%E2%98%86%E7%84%BC%E3%81%8D" dan="17,17,16,16" rate="2220.61,2304.18,2109.42,2092.00" sx="F,M,M,M"/><TAIKYOKU oya="0"/><INIT seed="0,0,0,5,2,26" ten="250,250,250,250" oya="0" hai0="34,72,37,18,71,21,7,98,13,60,11,46,89" hai1="59,31,107,24,86,111,66,112,22,114,122,32,109" hai2="99,33,132,121,125,91,20,85,78,88,28,131,87" hai3="42,12,38,55,29,128,49,52,96,120,43,100,61"/><T50/><D72/><U1/><E107/><V108/><F121/><W30/><G38/><T40/><D34/><U118/><E1/><V27/><F108/><N who="1" m="41545" /><E66/><V48/><F78/><W15/><G128/><T19/><D37/><U106/><E106/><V82/><F131/><W129/><G129/><T101/><D89/><U44/><E59/><V115/><F115/><N who="1" m="44073" /><E44/><V124/><F132/><W3/><G3/><T102/><D71/><U83/><E118/><V4/><F99/><W70/><G120/><T10/><D98/><U126/><E126/><N who="2" m="48747" /><F4/><W9/><G12/><N who="0" m="5215" /><D60/><U119/><E119/><V90/><F87/><W56/><G70/><T81/><D81/><U63/><E63/><V104/><F104/><W133/><G133/><T73/><D73/><U94/><E122/><V77/><F48/><W92/><G42/><T67/><D67/><U51/><E51/><V64/><F64/><W117/><G43/><T14/><AGARI ba="0,0" hai="11,13,14,18,19,21,40,46,50,101,102" m="5215" machi="14" ten="30,1500,0" yaku="8,1" doraHai="26" who="0" fromWho="0" sc="250,15,250,-5,250,-5,250,-5" /><INIT seed="0,1,0,3,3,34" ten="265,245,245,245" oya="0" hai0="124,33,14,51,126,55,89,57,116,52,101,38,73" hai1="115,123,30,37,17,100,0,58,129,16,130,106,39" hai2="35,121,31,122,135,119,32,104,118,49,29,110,62" hai3="68,111,131,13,40,5,87,11,85,15,8,18,127"/><T75/><D116/><N who="2" m="44586" /><F49/><W20/><G111/><T3/><D33/><N who="2" m="12874" /><F62/><W23/><G68/><T76/><D38/><U133/><E133/><V93/><F93/><W88/><G40/><T120/><D120/><N who="2" m="46186" /><F104/><W132/><G131/><N who="1" m="50186" /><E115/><V92/><F92/><W108/><G127/><T77/><D51/><U125/><E125/><V103/><F103/><W78/><G132/><T94/><D101/><U79/><E123/><V64/><F64/><W84/><G108/><T102/><D94/><U10/><E79/><V114/><F135/><W27/><G78/><T50/><D102/><U107/><E30/><N who="2" m="11275" /><F110/><W70/><G70/><T117/><D117/><U71/><E71/><V63/><F63/><W91/><REACH who="3" step="1"/><G23/><REACH who="3" ten="265,245,245,235" step="2"/><T96/><D126/><U128/><E128/><V59/><F59/><W12/><G12/><T80/><D14/><U19/><E58/><V7/><F7/><AGARI ba="1,1" hai="5,7,8,11,13,15,18,20,27,84,85,87,88,91" machi="7" ten="40,8000,1" yaku="1,1,9,1,8,1,54,1,53,1" doraHai="34" doraHaiUra="21" who="3" fromWho="2" sc="265,0,245,0,245,-83,235,93" /><INIT seed="1,0,0,0,0,49" ten="265,245,162,328" oya="1" hai0="103,121,43,23,68,118,135,17,46,102,95,34,45" hai1="87,30,15,71,96,110,60,1,66,90,6,37,86" hai2="0,12,97,36,85,94,123,56,8,83,24,3,104" hai3="132,115,92,69,50,57,133,126,122,39,113,80,53"/><U20/><E37/><V19/><F123/><W44/><G80/><T124/><D118/><U88/><E110/><V112/><F104/><W75/><G92/><T130/><D34/><U16/><E30/><V125/><F36/><W100/><G100/><T10/><D68/><U99/><E86/><V38/><F38/><W58/><G75/><T27/><D135/><N who="3" m="51785" /><G122/><T76/><D130/><U48/><E90/><V41/><F41/><N who="3" m="22591" /><G69/><T21/><D95/><U89/><E89/><V61/><F125/><W116/><G116/><T91/><D124/><U84/><E84/><V14/><F112/><N who="3" m="43083" /><G126/><T109/><D91/><U73/><E73/><V131/><F131/><W59/><AGARI ba="0,0" hai="50,53,57,58,59" m="43083,22591,51785" machi="59" ten="40,8000,1" yaku="20,1,34,2,52,1" doraHai="49" who="3" fromWho="3" sc="265,-20,245,-40,162,-20,328,80" /><INIT seed="2,0,0,3,4,59" ten="245,205,142,408" oya="2" hai0="42,17,92,56,82,110,47,113,11,37,71,86,106" hai1="91,105,61,132,24,79,6,9,38,40,5,135,130" hai2="115,4,129,134,46,90,3,22,100,12,27,116,39" hai3="126,118,35,58,117,96,28,74,23,103,36,45,34"/><V73/><F115/><W111/><G74/><T2/><D71/><U44/><E105/><V51/><F116/><W65/><G111/><T15/><D110/><U30/><E130/><V76/><F3/><W52/><G126/><T99/><D106/><U69/><E79/><V121/><F121/><W43/><G65/><T18/><D2/><U89/><E5/><V83/><F39/><W10/><G10/><T48/><D113/><U62/><E89/><V94/><F100/><W101/><G23/><T95/><D37/><U68/><E91/><V60/><F134/><N who="1" m="51241" /><E69/><V7/><F129/><W127/><G127/><T70/><D70/><U125/><E68/><V124/><F12/><W8/><G8/><T19/><D56/><U78/><E78/><V120/><F120/><W107/><G103/><N who="0" m="60903" /><D95/><U85/><E85/><V77/><F77/><AGARI ba="0,0" hai="11,15,17,18,19,42,47,48,77,82,86" m="60903" machi="77" ten="30,1000,0" yaku="8,1" doraHai="59" who="0" fromWho="2" sc="245,10,205,0,142,-10,408,0" /><INIT seed="3,0,0,1,5,13" ten="255,205,132,408" oya="3" hai0="28,12,19,21,58,17,135,62,52,57,0,90,32" hai1="45,84,46,34,54,102,92,105,36,43,130,10,97" hai2="9,85,86,94,133,51,124,108,74,101,109,125,76" hai3="25,88,1,119,55,118,30,93,11,83,103,99,48"/><W23/><G1/><T77/><D135/><U66/><E34/><V67/><F67/><W59/><G11/><N who="0" m="6303" /><D32/><U8/><E130/><V117/><F51/><W63/><G83/><T80/><D0/><U60/><E84/><V15/><F117/><W132/><G132/><T64/><D28/><U29/><E29/><V31/><F31/><W134/><G134/><T53/><D77/><U56/><E105/><V33/><F33/><W24/><G24/><N who="0" m="14399" /><D58/><U26/><E26/><V112/><F112/><W100/><G119/><T22/><D22/><U110/><E110/><N who="2" m="42603" /><F133/><W123/><G123/><T50/><D50/><U111/><E111/><V107/><F15/><W116/><G118/><T106/><D106/><U35/><E35/><V49/><F49/><W128/><G128/><T37/><D37/><U18/><E36/><V40/><F9/><W44/><G116/><T122/><D122/><U73/><E8/><V65/><F65/><AGARI ba="0,0" hai="23,25,30,44,48,55,59,63,65,88,93,99,100,103" machi="65" ten="30,5800,0" yaku="7,1,8,1,54,1" doraHai="13" who="3" fromWho="2" sc="255,0,205,0,132,-58,408,58" owari="255,5.5,205,-19.5,74,-42.6,466,56.6" /></mjloggm>