<mjloggm ver="2.3"><GO type="225" lobby="0"/><UN n0="%E6%A1%9C%E8%8A%B1%E9%96%83%E3%80%85" n1="%E4%B8%AD%E5%B9%B4%E3%81%AE%E5%8D%B1%E6%A9%9F" n2="%E9%80%9F%E6%B0%B4%E5%87%9B%E9%A6%99" n3="%E6%B8%A9%E2%98%85%E6%83%85%E2%98%85%E6%8E%AA%E2%98%85%E7%BD%AE" dan="16,17,16,16" rate="2100.22,2228.17,2125.69,2144.50" sx="M,M,F,M"/><TAIKYOKU oya="0"/><INIT seed="0,0,0,2,1,48" ten="250,250,250,250" oya="0" hai0="26,85,124,80,86,65,103,117,23,83,125,42,82" hai1="132,29,18,66,43,121,10,101,9,53,54,111,119" hai2="108,135,16,98,92,31,38,106,1,7,50,94,89" hai3="129,61,24,12,0,116,13,5,41,126,87,105,104"/><T46/><D117/><U133/><E119/><V17/><F38/><W20/><G116/><T2/><D2/><U79/><E121/><V59/><F106/><W113/><G113/><T69/><D103/><U93/><E79/><V49/><F108/><W19/><G129/><T58/><D69/><U60/><E43/><V27/><F135/><N who="1" m="51785" /><E29/><V75/><F75/><W56/><G126/><N who="0" m="48747" /><D58/><N who="1" m="37143" /><E111/><V8/><F92/><W78/><G41/><T34/><D65/><U25/><E25/><V37/><F37/><W6/><G105/><T55/><D55/><N who="1" m="21003" /><E18/><V91/><F17/><W115/><G19/><N who="0" m="12671" /><D34/><U52/><N who="1" m="21011" /><U112/><DORA hai="68" /><E112/><V70/><F31/><W97/><G115/><T102/><D102/><U14/><E14/><V47/><F1/><W28/><G13/><T39/><AGARI ba="0,0" hai="39,42,46,80,82,83,85,86" m="12671,48747" machi="39" ten="30,3000,0" yaku="18,1,52,1" doraHai="48,68" who="0" fromWho="0" sc="250,30,250,-10,250,-10,250,-10" /><INIT seed="0,1,0,0,0,111" ten="280,240,240,240" oya="0" hai0="134,42,135,27,120,79,100,26,18,75,94,37,52" hai1="92,17,70,101,77,78,61,83,73,107,25,122,123" hai2="1,9,21,31,55,69,110,36,49,32,10,63,117" hai3="68,106,105,7,44,103,41,58,22,48,108,127,115"/><T13/><D120/><U65/><E17/><V62/><F36/><W125/><G68/><T129/><D129/><U76/><E76/><V132/><F32/><W128/><G108/><T38/><D79/><U45/><E92/><V46/><F110/><W29/><G128/><T102/><D75/><U88/><E88/><V0/><F132/><N who="0" m="50730" /><D52/><U71/><E78/><V56/><F69/><W33/><G33/><T28/><D42/><U109/><E109/><V5/><F117/><W82/><G41/><T80/><D80/><U89/><E89/><V81/><F81/><W74/><G82/><T11/><D27/><U39/><E70/><V66/><F62/><W12/><G74/><T14/><D14/><U130/><E130/><V87/><F87/><W124/><G58/><T50/><D50/><U119/><E119/><V20/><F31/><W116/><G116/><T3/><D3/><U95/><E95/><V40/><F40/><N who="3" m="24583" /><G29/><T72/><D72/><U126/><E126/><V34/><F34/><W8/><G106/><T131/><D131/><U121/><E25/><V57/><F46/><W43/><G43/><T93/><D93/><U59/><E45/><V6/><AGARI ba="1,0" hai="0,1,5,6,9,10,20,21,49,55,56,57,63,66" machi="6" ten="30,2000,0" yaku="0,1,9,1" doraHai="111" who="2" fromWho="2" sc="280,-11,240,-6,240,23,240,-6" /><INIT seed="1,0,0,4,5,122" ten="269,234,263,234" oya="1" hai0="133,12,25,31,82,62,27,74,108,83,3,84,87" hai1="64,58,20,89,17,30,51,88,45,68,110,61,63" hai2="44,85,9,22,101,8,50,128,1,26,32,42,67" hai3="47,34,93,2,53,60,41,112,69,46,52,96,36"/><U29/><E110/><V100/><F32/><W40/><G34/><T92/><D3/><U59/><E29/><V75/><F75/><W135/><G2/><T95/><D133/><U103/><E103/><N who="2" m="39499" /><F1/><W94/><G135/><T120/><D74/><U28/><E28/><N who="2" m="17495" /><F128/><W65/><G112/><T6/><D31/><U49/><E30/><V98/><F98/><W54/><REACH who="3" step="1"/><G96/><REACH who="3" ten="269,234,263,224" step="2"/><T118/><D120/><U39/><E39/><AGARI ba="0,1" hai="36,39,40,41,46,47,52,53,54,60,65,69,93,94" machi="39" ten="40,8000,1" yaku="1,1,2,1,9,1,54,1,53,0" doraHai="122" doraHaiUra="14" who="3" fromWho="1" sc="269,0,234,-80,263,0,224,90" /><INIT seed="2,0,0,3,0,19" ten="269,154,263,314" oya="2" hai0="45,11,17,120,91,35,1,6,85,5,118,46,72" hai1="30,66,86,84,16,14,112,104,127,95,55,132,50" hai2="67,88,87,116,37,54,61,121,4,97,41,47,33" hai3="130,32,48,42,57,134,24,69,31,26,51,56,96"/><V70/><F121/><W131/><G69/><T111/><D118/><U126/><E104/><V117/><F33/><W110/><G110/><T29/><D120/><U76/><E112/><V62/><F4/><W99/><G134/><T109/><D72/><U27/><E66/><V90/><F90/><W68/><G68/><T53/><D6/><U129/><E132/><V59/><REACH who="2" step="1"/><F97/><REACH who="2" ten="269,154,253,314" step="2"/><W92/><G99/><T43/><D111/><U20/><E129/><N who="3" m="49162" /><G24/><T82/><D35/><U107/><E107/><V102/><F102/><N who="3" m="60679" /><G42/><T52/><D43/><U80/><E95/><AGARI ba="0,1" hai="37,41,47,54,59,61,62,67,70,87,88,95,116,117" machi="95" ten="30,5800,0" yaku="1,1,7,1,54,1,53,0" doraHai="19" doraHaiUra="9" who="2" fromWho="1" sc="269,0,154,-58,253,68,314,0" /><INIT seed="2,1,0,5,2,0" ten="269,96,321,314" oya="2" hai0="66,10,113,25,24,46,102,79,85,6,92,36,133" hai1="39,16,2,87,38,77,26,52,131,30,19,22,20" hai2="78,76,54,65,127,51,96,91,121,98,101,75,124" hai3="13,134,82,55,70,110,88,32,104,7,99,122,119"/><V72/><F65/><W129/><G70/><T71/><D113/><U33/><E131/><V74/><F51/><W109/><G119/><T43/><D133/><U103/><E103/><V3/><F54/><W81/><G134/><T69/><D102/><U4/><E77/><V114/><F114/><W135/><G135/><T45/><D45/><U112/><E87/><V68/><F68/><W41/><G129/><T86/><D86/><U23/><E112/><V29/><F3/><W83/><G32/><T84/><D85/><U61/><E38/><V9/><F9/><N who="3" m="4287" /><G41/><T123/><D123/><U67/><E39/><V120/><F29/><W21/><G122/><N who="2" m="47209" /><F91/><W80/><G21/><T58/><D58/><U31/><E52/><V28/><F28/><W64/><G55/><T117/><D71/><U47/><E47/><V116/><F116/><W118/><G64/><T94/><D117/><U89/><E89/><V107/><F98/><W50/><G50/><T12/><D66/><U93/><E61/><V111/><F111/><N who="3" m="42507" /><G118/><T53/><D69/><U17/><E67/><V90/><F90/><W5/><G5/><T1/><D1/><U37/><E37/><V126/><AGARI ba="1,0" hai="72,74,75,76,78,96,101,107,124,126,127" m="47209" machi="126" ten="50,9600,0" yaku="18,1,34,2" doraHai="0" who="2" fromWho="2" sc="269,-33,96,-33,321,99,314,-33" /><INIT seed="2,2,0,1,3,23" ten="236,63,420,281" oya="2" hai0="19,18,65,121,9,25,114,43,97,115,135,4,51" hai1="108,117,47,52,130,77,3,36,8,26,90,131,73" hai2="104,11,12,123,111,7,85,76,33,48,96,21,24" hai3="127,63,70,116,122,20,103,80,29,41,83,39,42"/><V129/><F123/><W86/><G122/><T107/><D65/><U66/><E52/><V94/><F129/><W133/><G116/><T125/><D121/><U1/><E26/><V57/><F104/><W5/><G39/><T31/><D97/><U61/><E90/><V22/><F33/><W105/><G5/><T58/><D107/><U16/><E16/><N who="0" m="6185" /><D58/><U91/><E91/><V49/><F111/><W14/><G103/><T62/><D51/><U17/><E17/><V134/><F22/><W87/><G105/><T106/><D62/><U13/><E13/><V67/><F134/><W119/><G63/><T28/><D43/><N who="3" m="16393" /><G70/><T64/><D64/><U15/><E15/><V27/><F21/><W69/><G69/><T38/><D38/><U6/><E47/><V53/><F67/><W113/><G133/><T124/><D106/><U54/><E54/><V132/><F132/><W74/><G119/><T56/><D56/><N who="1" m="37159" /><E36/><V102/><F49/><W92/><G113/><N who="0" m="43019" /><D135/><U2/><E117/><V118/><F118/><W35/><G86/><T99/><D99/><U93/><E93/><V71/><F71/><W112/><G87/><T101/><D101/><U82/><E108/><V120/><F120/><W84/><G84/><T46/><D46/><U60/><E60/><V44/><F44/><W37/><G37/><T68/><D68/><U100/><E100/><V78/><F85/><W79/><G112/><T75/><D75/><U59/><E59/><V0/><F102/><W81/><G74/><T98/><D98/><U95/><E95/><V128/><F96/><W34/><G92/><RYUUKYOKU ba="2,0" sc="236,-10,63,30,420,-10,281,-10" hai1="1,2,3,6,8,73,77,82,130,131" /><INIT seed="3,3,0,2,2,31" ten="226,93,410,271" oya="3" hai0="51,36,60,54,135,122,67,46,80,96,5,48,65" hai1="23,89,21,4,133,79,117,58,110,17,72,115,22" hai2="102,101,91,118,43,85,132,25,20,0,13,113,28" hai3="129,99,2,53,33,69,83,73,127,120,124,74,84"/><W1/><G69/><T15/><D122/><U87/><E22/><V62/><F0/><N who="3" m="107" /><G120/><T116/><D116/><U82/><E23/><V44/><F118/><W93/><G53/><T26/><D135/><U64/><E21/><V76/><F113/><W40/><G40/><T105/><D26/><U34/><E34/><V98/><F132/><W97/><G129/><T108/><D108/><U107/><E17/><V77/><F62/><W130/><G33/><T128/><D36/><U19/><E19/><V24/><F13/><W8/><G8/><T112/><D51/><U90/><E4/><V131/><F25/><W56/><G56/><T30/><D48/><U134/><E58/><V95/><F131/><W3/><G3/><T103/><D54/><U37/><E64/><V47/><F102/><W109/><G109/><T86/><D67/><U92/><E90/><V63/><F63/><W71/><G71/><T32/><D60/><U126/><E126/><N who="3" m="48170" /><G130/><T7/><D32/><U61/><E61/><V57/><F57/><W78/><G99/><T16/><D65/><U49/><E49/><N who="2" m="26783" /><F47/><W38/><G38/><T66/><D66/><U27/><E27/><V94/><AGARI ba="3,0" hai="20,24,28,76,77,85,91,94,95,98,101" m="26783" machi="94" ten="30,1100,0" yaku="8,1" doraHai="31" who="2" fromWho="2" sc="226,-6,93,-6,410,20,271,-8" owari="220,-18.0,87,-41.3,430,53.0,263,6.3" /></mjloggm>