<mjloggm ver="2.3"><GO type="225" lobby="0"/><UN n0="%E9%A2%A8%E3%81%A7%E9%B3%B4%E3%81%8F" n1="%E3%81%AA%E3%81%A1%30%39%32%37" n2="%E3%81%8B%E3%82%8F%E3%81%A1%E3%82%83%E3%82%93%35%38" n3="%73%61%6E%64%69%72%69%73" dan="16,16,16,16" rate="2140.02,2108.22,2150.89,2146.31" sx="M,M,M,M"/><TAIKYOKU oya="0"/><INIT seed="0,0,0,0,0,61" ten="250,250,250,250" oya="0" hai0="49,130,33,28,45,14,92,86,85,6,40,41,74" hai1="42,35,115,104,59,99,44,58,110,64,50,89,5" hai2="127,101,22,20,36,31,83,66,32,94,39,52,69" hai3="82,135,122,48,107,57,120,1,133,21,8,87,3"/><T51/><D74/><U93/><E35/><V124/><F32/><W72/><G107/><T24/><D130/><U103/><E110/><V109/><F109/><W96/><G96/><T15/><D6/><U29/><E29/><V79/><F101/><W95/><G95/><T84/><D92/><U112/><E5/><V134/><F94/><W65/><G21/><N who="2" m="8297" /><F31/><W119/><G119/><T18/><REACH who="0" step="1"/><D18/><REACH who="0" ten="240,250,250,250" step="2"/><U68/><E115/><V46/><F127/><W90/><G72/><T80/><D80/><U17/><E112/><V23/><F124/><W106/><G82/><T7/><D7/><U10/><E104/><V98/><F83/><W47/><G106/><T43/><D43/><U78/><E103/><V81/><F81/><W25/><G120/><T116/><D116/><U4/><E17/><V71/><F79/><W56/><G122/><T34/><D34/><U62/><REACH who="1" step="1"/><E78/><REACH who="1" ten="240,240,250,250" step="2"/><V114/><F114/><W27/><G90/><T2/><D2/><AGARI ba="0,2" hai="2,4,10,42,44,50,58,59,62,64,68,89,93,99" machi="2" ten="30,7700,0" yaku="1,1,2,1,7,1,52,1,53,0" doraHai="61" doraHaiUra="12" who="1" fromWho="0" sc="240,-77,240,97,250,0,250,0" /><INIT seed="1,0,0,4,2,45" ten="163,337,250,250" oya="1" hai0="96,114,69,124,57,32,48,85,71,2,28,39,78" hai1="34,121,37,117,112,65,87,100,66,119,89,41,3" hai2="26,111,10,103,90,31,118,25,135,33,27,72,20" hai3="132,97,1,116,36,7,60,51,21,42,4,80,107"/><U61/><E3/><V73/><F118/><W22/><G116/><T12/><D2/><U40/><E34/><V44/><F111/><W47/><G132/><T23/><D39/><U13/><E13/><V115/><F135/><W123/><G123/><T6/><D114/><U63/><E87/><V70/><F70/><W91/><G36/><T38/><D38/><U110/><E100/><V52/><F115/><W76/><G60/><T126/><D96/><U46/><E89/><V95/><F103/><W19/><G22/><T125/><D32/><U14/><E14/><V77/><F10/><W11/><G7/><T134/><D134/><U104/><E104/><V127/><F127/><N who="0" m="32514" /><T50/><DORA hai="113" /><D57/><N who="1" m="37039" /><E112/><V79/><F73/><W29/><G29/><T59/><D59/><N who="1" m="37247" /><E121/><V5/><F5/><W75/><G107/><T17/><D28/><U18/><E18/><V98/><F72/><W129/><G129/><T43/><D43/><N who="1" m="22895" /><E110/><V133/><F133/><W62/><G91/><T49/><D6/><U16/><E16/><N who="2" m="12423" /><F33/><W105/><G105/><T84/><D84/><U56/><E40/><V130/><F130/><W101/><G97/><T0/><D0/><U55/><E41/><V54/><F31/><W86/><G101/><T99/><D99/><U102/><E102/><V35/><F35/><W92/><G75/><T68/><D68/><U64/><E64/><V88/><F90/><W67/><G92/><T93/><D93/><U58/><E58/><V81/><F88/><W83/><G83/><AGARI ba="0,0" hai="12,17,23,48,49,50,69,71,78,83,85" m="32514" machi="83" ten="50,8000,1" yaku="18,1,52,3" doraHai="45,113" who="0" fromWho="3" sc="163,80,337,0,250,0,250,-80" /><INIT seed="2,0,0,4,5,127" ten="243,337,250,170" oya="2" hai0="41,52,85,76,97,9,80,43,58,134,59,125,50" hai1="115,96,135,103,118,25,11,12,112,111,44,71,57" hai2="10,91,13,75,24,27,47,30,51,72,33,99,131" hai3="78,81,31,124,101,114,55,49,14,116,8,89,40"/><V29/><F99/><W56/><G124/><T4/><D125/><U87/><E118/><V94/><F94/><W122/><G114/><T105/><D134/><U107/><E71/><V2/><F2/><W129/><G116/><T37/><D37/><U104/><E111/><V35/><F91/><W0/><G122/><T66/><D66/><U22/><E135/><V39/><F39/><W3/><G101/><T119/><D119/><U95/><E57/><V23/><F23/><W62/><G31/><T93/><D59/><U45/><E44/><V32/><F32/><W63/><G89/><T19/><D19/><U132/><E132/><V7/><REACH who="2" step="1"/><F131/><REACH who="2" ten="243,337,240,170" step="2"/><W60/><G129/><T26/><D105/><U88/><E107/><V68/><F68/><W1/><G78/><T61/><D61/><U133/><E133/><V102/><F102/><W77/><G77/><T110/><D110/><U18/><REACH who="1" step="1"/><E45/><REACH who="1" ten="243,327,240,170" step="2"/><V109/><F109/><W70/><G70/><T69/><D69/><U74/><E74/><V36/><F36/><W48/><G1/><T15/><REACH who="0" step="1"/><D26/><REACH who="0" ten="233,327,240,170" step="2"/><U126/><E126/><V108/><F108/><W34/><G3/><T28/><D28/><AGARI ba="0,3" hai="11,12,18,22,25,28,87,88,95,96,103,104,112,115" machi="28" ten="30,7700,0" yaku="1,1,7,1,54,1,53,1" doraHai="127" doraHaiUra="82" who="1" fromWho="0" sc="233,-77,327,107,240,0,170,0" /><INIT seed="3,0,0,1,3,39" ten="156,434,240,170" oya="3" hai0="104,46,85,33,63,30,54,10,131,67,43,124,32" hai1="3,9,82,47,134,89,55,88,105,26,123,109,130" hai2="58,34,119,13,91,8,106,29,64,48,36,84,86" hai3="18,17,19,125,7,45,112,40,42,101,117,12,0"/><W5/><G112/><T95/><D104/><U118/><E109/><V23/><F36/><W4/><G117/><T27/><D33/><U72/><E105/><V75/><F75/><W133/><G0/><T129/><D124/><U37/><E26/><V96/><F34/><W49/><G133/><T83/><D95/><U53/><E130/><N who="0" m="49673" /><D54/><N who="1" m="20491" /><E134/><V78/><F119/><W115/><G115/><T61/><D10/><U25/><E25/><N who="2" m="16575" /><F106/><W44/><G125/><T122/><D67/><U114/><E89/><V116/><F116/><W128/><G128/><T90/><D122/><U41/><E82/><V102/><F102/><W20/><REACH who="3" step="1"/><G101/><REACH who="3" ten="156,434,240,160" step="2"/><T99/><D99/><U94/><E118/><V22/><F96/><W97/><G97/><T56/><D56/><U135/><E114/><V108/><F58/><W62/><G62/><T110/><D110/><U93/><E135/><V50/><F108/><W111/><G111/><T15/><D15/><U113/><E113/><V70/><F13/><W73/><G73/><T121/><D121/><U31/><E123/><V35/><F86/><W107/><G107/><T65/><D65/><U132/><E132/><V52/><F84/><W59/><G59/><T14/><D14/><U76/><E72/><V68/><F64/><W81/><G81/><T127/><D127/><U6/><E3/><V79/><F70/><W77/><G77/><T60/><D60/><U71/><E76/><V21/><F68/><W126/><G126/><T103/><D103/><U100/><E100/><V38/><F79/><W51/><AGARI ba="0,1" hai="4,5,7,12,17,18,19,20,40,42,44,45,49,51" machi="51" ten="30,18000,2" yaku="1,1,0,1,9,1,8,1,52,2,53,1" doraHai="39" doraHaiUra="16" who="3" fromWho="3" sc="156,-60,434,-60,240,-60,160,190" /><INIT seed="3,1,0,1,5,17" ten="96,374,180,350" oya="3" hai0="36,102,10,32,131,8,15,100,103,11,82,21,76" hai1="101,7,46,88,93,39,61,132,125,62,115,48,83" hai2="34,129,58,40,45,124,97,19,20,106,60,4,35" hai3="6,50,87,92,114,78,118,0,54,12,69,85,94"/><W5/><G114/><T105/><D32/><U134/><E115/><V24/><F4/><W33/><G118/><T63/><D36/><U127/><E39/><V116/><F116/><W90/><G69/><T70/><D105/><U28/><E101/><V104/><F129/><W68/><G68/><T117/><D117/><U57/><E83/><V16/><F124/><N who="1" m="47689" /><E28/><V47/><F47/><N who="3" m="27999" /><G33/><T49/><D131/><U110/><E110/><V126/><F126/><W133/><G0/><T9/><N who="0" m="2048" /><DORA hai="121" /><T59/><D49/><U37/><E37/><V25/><F35/><W99/><G133/><N who="1" m="51306" /><E57/><V107/><F97/><N who="3" m="57495" /><G12/><T71/><D15/><U112/><E7/><N who="3" m="2570" /><G78/><T72/><REACH who="0" step="1"/><D21/><REACH who="0" ten="86,374,180,350" step="2"/><U119/><E119/><V91/><F34/><W27/><G27/><T56/><D56/><U113/><E113/><V13/><F25/><W2/><G2/><T67/><AGARI ba="1,1" hai="59,63,67,70,71,72,76,82,100,102,103" m="2048" machi="67" ten="50,3200,0" yaku="1,1,0,1,53,0" doraHai="17,121" doraHaiUra="130,81" who="0" fromWho="0" sc="86,45,374,-9,180,-9,350,-17" owari="131,-36.9,365,46.5,171,-22.9,333,13.3" /></mjloggm>