<mjloggm ver="2.3"><GO type="225" lobby="0"/><UN n0="%E3%81%B5%E3%81%98%E3%81%8B%E3%81%A4" n1="%E6%98%93%E5%88%A9%E8%96%A9%E4%BC%AF" n2="%E6%97%A5%E6%9B%9C%E6%97%A5%E3%82%88%E3%82%8A%E3%81%AE%E4%BD%BF%E8%80%85" n3="%E3%81%A4%E3%81%A3%E3%81%B1%E3%82%8A%E3%83%9D%E3%83%BC%E3%83%AB" dan="16,16,16,16" rate="2112.42,2094.96,2097.62,2086.60" sx="M,F,M,M"/><TAIKYOKU oya="0"/><INIT seed="0,0,0,4,1,98" ten="250,250,250,250" oya="0" hai0="13,112,94,89,9,14,131,30,31,114,53,106,76" hai1="40,77,59,60,86,90,117,129,110,122,52,81,38" hai2="102,75,63,26,121,34,37,16,96,132,133,42,130" hai3="5,123,0,62,56,111,29,135,70,105,7,74,65"/><T103/><D131/><U33/><E110/><V36/><F75/><W10/><G111/><T43/><D76/><U95/><E117/><V8/><F121/><W120/><G135/><N who="2" m="51785" /><F130/><W80/><G105/><T119/><D43/><U17/><E33/><V61/><F34/><W128/><G128/><T19/><D119/><U91/><E122/><N who="3" m="46634" /><G29/><T3/><D3/><U4/><E4/><V20/><F8/><N who="3" m="2087" /><G80/><T18/><D53/><U118/><E118/><V6/><F6/><W32/><G32/><T21/><D31/><U51/><E38/><N who="2" m="14955" /><F42/><W126/><G74/><T67/><D30/><U84/><E129/><V104/><AGARI ba="0,0" hai="16,20,26,61,63,96,102,104" m="14955,51785" machi="104" ten="30,4000,0" yaku="20,1,52,1,54,1" doraHai="98" who="2" fromWho="2" sc="250,-20,250,-10,250,40,250,-10" /><INIT seed="1,0,0,3,0,88" ten="230,240,290,240" oya="1" hai0="14,122,101,90,76,7,120,16,125,73,38,49,131" hai1="10,30,68,124,41,121,5,78,21,24,70,11,26" hai2="115,75,53,51,119,15,27,92,77,31,99,104,109" hai3="116,113,105,128,3,65,111,86,18,96,58,43,13"/><U114/><E114/><V117/><F104/><W44/><G3/><T0/><D38/><U123/><E124/><V83/><F15/><W63/><G113/><T103/><D125/><U6/><E41/><V23/><F109/><W98/><G111/><T52/><D7/><U19/><E78/><V25/><F25/><W64/><G128/><T62/><D0/><N who="1" m="295" /><E70/><V89/><REACH who="2" step="1"/><F115/><REACH who="2" ten="230,240,280,240" step="2"/><W80/><G105/><T81/><D131/><U50/><E68/><V91/><F91/><W66/><G116/><T33/><D90/><U17/><E123/><N who="0" m="47145" /><D33/><N who="1" m="20679" /><E121/><V55/><F55/><W4/><G4/><T106/><D106/><U107/><E107/><V130/><F130/><W74/><G66/><T32/><D32/><U42/><E42/><V108/><F108/><W46/><G65/><T71/><D71/><U20/><E26/><V61/><F61/><W94/><G63/><T112/><D62/><U82/><E50/><V9/><F9/><W67/><G67/><T22/><D112/><U85/><E11/><V84/><F84/><W29/><G43/><T8/><D8/><U28/><E6/><V133/><F133/><W47/><G86/><T56/><AGARI ba="0,1" hai="14,16,22,49,52,56,73,76,81,101,103" m="47145" machi="56" ten="30,4000,0" yaku="13,1,54,2" doraHai="88" who="0" fromWho="0" sc="230,50,240,-20,280,-10,240,-10" /><INIT seed="2,0,0,3,3,74" ten="280,220,270,230" oya="2" hai0="135,124,91,73,87,132,15,1,98,12,134,112,2" hai1="123,86,84,56,113,75,108,65,129,44,93,18,114" hai2="20,131,111,128,66,110,40,102,71,107,85,80,119" hai3="121,52,57,22,89,53,64,100,59,47,95,35,24"/><V8/><F40/><W36/><G121/><T10/><D112/><U41/><E75/><V4/><F20/><W6/><G35/><T104/><D124/><U118/><E123/><V92/><F107/><W122/><G122/><T61/><D61/><U7/><E108/><N who="2" m="41515" /><F119/><W42/><G6/><N who="0" m="3159" /><D73/><U130/><E118/><V103/><F66/><W82/><G100/><N who="2" m="38441" /><F71/><W21/><G64/><T78/><D104/><U117/><E65/><V50/><F50/><W77/><G22/><T81/><D15/><U43/><E43/><V39/><F92/><AGARI ba="0,0" hai="1,2,78,81,87,91,92,98,132,134,135" m="3159" machi="92" ten="30,2000,0" yaku="20,1,52,1" doraHai="74" who="0" fromWho="2" sc="280,20,220,0,270,-20,230,0" /><INIT seed="3,0,0,4,4,131" ten="300,220,250,230" oya="3" hai0="16,38,105,37,93,68,61,42,101,4,59,49,43" hai1="94,111,58,74,21,15,29,82,71,62,39,76,60" hai2="34,17,47,118,125,32,69,126,116,52,88,72,57" hai3="14,73,78,22,127,33,1,121,6,80,89,97,81"/><W11/><G121/><T79/><D105/><U67/><E111/><V110/><F69/><W70/><G127/><N who="2" m="48649" /><F72/><W5/><G70/><T54/><D4/><U41/><E39/><V135/><F135/><W35/><G6/><T36/><D79/><U124/><E41/><V13/><F47/><W9/><G9/><T46/><D16/><U132/><E124/><V99/><F110/><W87/><REACH who="3" step="1"/><G97/><REACH who="3" ten="300,220,250,220" step="2"/><N who="0" m="59567" /><D42/><U65/><E132/><V123/><F123/><W2/><G2/><T107/><D107/><U106/><E106/><V109/><F109/><W44/><G44/><T8/><D8/><U64/><E71/><V23/><F118/><W98/><G98/><T10/><D10/><U130/><E58/><V113/><F116/><W91/><G91/><T120/><D120/><U51/><E130/><V30/><F113/><W75/><G75/><T48/><D68/><U86/><E74/><V63/><F30/><W112/><G112/><T31/><D31/><U53/><E29/><V115/><F115/><W133/><G133/><T7/><D46/><N who="1" m="27895" /><E94/><AGARI ba="0,1" hai="13,17,23,32,34,52,57,63,88,94,99" m="48649" machi="94" ten="30,3900,0" yaku="18,1,54,2" doraHai="131" who="2" fromWho="1" sc="300,0,220,-39,250,49,220,0" owari="300,40.0,181,-31.9,299,9.9,220,-18.0" /></mjloggm>