<mjloggm ver="2.3"><GO type="225" lobby="0"/><UN n0="%77%72%77%72%77%72%77%72" n1="%E3%81%B5%E3%81%98%E3%81%8B%E3%81%A4" n2="%E8%90%BD%E6%97%A5" n3="%E4%BF%BA%E3%81%A8%E5%A6%96%E5%A4%A2" dan="17,16,16,17" rate="2251.33,2120.53,2112.57,2219.02" sx="M,M,F,F"/><TAIKYOKU oya="0"/><INIT seed="0,0,0,0,1,70" ten="250,250,250,250" oya="0" hai0="5,84,51,37,74,105,96,97,91,128,53,33,56" hai1="21,54,125,24,17,104,44,83,80,134,66,35,110" hai2="3,101,131,116,71,119,95,126,94,120,63,109,27" hai3="92,55,85,14,12,6,26,103,47,79,60,23,135"/><T4/><D128/><U29/><E110/><V88/><F3/><W22/><G135/><T69/><D33/><U36/><E134/><V9/><F9/><W52/><G103/><T123/><D123/><U93/><E104/><V15/><F15/><W112/><G112/><T39/><D69/><U41/><E125/><V115/><F27/><W87/><G6/><T114/><D74/><U113/><E113/><V50/><F50/><W61/><G92/><T48/><D114/><U8/><E66/><V16/><F115/><W38/><G79/><T90/><D105/><U99/><E8/><V106/><F16/><W28/><G28/><T45/><D84/><U124/><E54/><V68/><F63/><W118/><G26/><T25/><D25/><U42/><E42/><V107/><F120/><W108/><G47/><T18/><D18/><U127/><E127/><V43/><F43/><W2/><G108/><T46/><D56/><U65/><E65/><V0/><F0/><W76/><G76/><T31/><REACH who="0" step="1"/><D53/><REACH who="0" ten="240,250,250,250" step="2"/><U132/><E124/><V121/><F126/><W49/><G55/><T117/><D117/><N who="2" m="45130" /><F131/><W75/><G118/><T122/><D122/><U1/><E132/><V13/><F121/><W111/><G111/><T34/><D34/><U30/><E35/><V130/><F130/><W64/><G64/><T59/><D59/><U98/><E30/><AGARI ba="0,1" hai="4,5,30,31,37,39,45,46,48,51,90,91,96,97" machi="30" ten="25,12000,1" yaku="1,1,22,2,52,2,53,0" doraHai="70" doraHaiUra="58" who="0" fromWho="1" sc="240,130,250,-120,250,0,250,0" /><INIT seed="0,1,0,4,2,79" ten="370,130,250,250" oya="0" hai0="65,50,24,14,57,118,23,96,107,27,29,89,106" hai1="85,123,130,101,59,5,19,21,98,105,30,48,97" hai2="82,104,76,111,6,102,109,83,95,63,12,125,77" hai3="8,17,28,60,124,71,75,114,15,99,43,91,131"/><T66/><D118/><U80/><E123/><V11/><F125/><W129/><G114/><T70/><D70/><U41/><E130/><N who="3" m="49674" /><G124/><T74/><D74/><U117/><E117/><V86/><F104/><W100/><G75/><T1/><D1/><U26/><E5/><V112/><F112/><W127/><G127/><T36/><D36/><U35/><E98/><V44/><F63/><W103/><G43/><T68/><D68/><U92/><E105/><V132/><F132/><W62/><G28/><T37/><D37/><U94/><E94/><V115/><F115/><W119/><G119/><T128/><D128/><U133/><E133/><V135/><F135/><W46/><G46/><T52/><D14/><U10/><E10/><V47/><F95/><N who="3" m="56831" /><G60/><T78/><D107/><U53/><E41/><V58/><F58/><W51/><G51/><T87/><D27/><U122/><E122/><V54/><F102/><W81/><G81/><N who="0" m="47543" /><D106/><U39/><E39/><V13/><F13/><W90/><G90/><T32/><D32/><U7/><E35/><V45/><REACH who="2" step="1"/><F54/><REACH who="2" ten="370,130,240,250" step="2"/><W72/><G100/><T64/><D65/><U73/><E73/><AGARI ba="1,1" hai="6,11,12,44,45,47,73,76,77,82,83,86,109,111" machi="73" ten="40,8000,1" yaku="1,1,2,1,52,2,53,0" doraHai="79" doraHaiUra="33" who="2" fromWho="1" sc="370,0,130,-83,240,93,250,0" /><INIT seed="1,0,0,5,3,72" ten="370,47,333,250" oya="1" hai0="115,111,14,54,78,73,99,130,106,126,15,62,89" hai1="40,85,43,50,28,23,88,110,22,133,13,127,60" hai2="8,30,70,61,105,97,1,69,49,44,131,113,82" hai3="7,27,120,132,83,17,32,10,104,24,91,42,92"/><U98/><E127/><V128/><F30/><W76/><G120/><T16/><D115/><U81/><E133/><V45/><F113/><W116/><G116/><T101/><D126/><U124/><E124/><V36/><F82/><W39/><G132/><T79/><D111/><U19/><E110/><V87/><F87/><W95/><G104/><T31/><D73/><U47/><E60/><V117/><F117/><W52/><G32/><T4/><D31/><U53/><REACH who="1" step="1"/><E98/><REACH who="1" ten="370,37,333,250" step="2"/><V18/><F61/><W37/><G39/><T119/><D99/><U102/><E102/><V90/><F97/><W33/><G37/><T112/><D62/><U20/><E20/><V123/><F36/><W114/><G114/><T51/><D101/><U94/><E94/><V71/><F105/><W135/><G92/><T93/><D106/><U5/><E5/><V86/><F123/><W74/><G135/><T67/><D4/><U55/><E55/><V6/><F49/><W11/><G95/><T35/><D51/><U58/><E58/><V63/><F63/><W46/><G7/><T2/><D93/><U134/><E134/><V34/><F34/><W68/><G33/><T0/><D112/><U66/><E66/><V29/><F6/><W65/><G65/><T59/><D67/><U122/><E122/><V48/><F48/><W80/><G52/><T56/><D54/><U26/><AGARI ba="0,1" hai="13,19,22,23,26,28,40,43,47,50,53,81,85,88" machi="26" ten="30,11700,0" yaku="1,1,0,1,8,1,54,1,53,0" doraHai="72" doraHaiUra="108" who="1" fromWho="1" sc="370,-39,37,127,333,-39,250,-39" /><INIT seed="1,1,0,5,3,38" ten="331,164,294,211" oya="1" hai0="77,12,113,40,79,72,49,16,0,102,15,65,27" hai1="127,89,41,85,19,18,56,91,119,14,115,13,33" hai2="124,17,63,3,25,6,51,96,107,23,71,50,93" hai3="44,58,121,46,62,48,55,100,75,30,21,47,86"/><U101/><E115/><V83/><F124/><W74/><G121/><T126/><D0/><U110/><E119/><V81/><F107/><W28/><G75/><T118/><D118/><U82/><E33/><V117/><F117/><W61/><G74/><T32/><D113/><U52/><E127/><V130/><F130/><W1/><G1/><T24/><D72/><U76/><E101/><V64/><F6/><W45/><G100/><T88/><D102/><U36/><E110/><V26/><F3/><W59/><G86/><T73/><D73/><U120/><E120/><V132/><F132/><W7/><G7/><T114/><D32/><U131/><E131/><V35/><F81/><W54/><REACH who="3" step="1"/><G21/><REACH who="3" ten="331,164,294,201" step="2"/><T95/><D126/><U109/><E109/><V123/><F123/><W108/><G108/><T68/><D114/><U106/><E106/><V29/><F83/><W4/><G4/><T116/><D116/><U105/><E105/><V84/><F84/><W112/><G112/><T31/><D79/><U104/><E104/><V70/><F70/><W92/><G92/><T97/><D95/><U2/><E2/><V11/><F11/><W128/><G128/><T42/><D77/><U69/><E76/><V66/><F93/><W5/><G5/><T53/><D97/><U22/><E85/><V67/><F96/><W133/><G133/><T122/><D122/><U125/><E125/><V60/><F71/><W135/><G135/><T80/><D68/><U10/><E82/><V34/><F35/><W43/><AGARI ba="1,1" hai="28,30,43,44,45,46,47,48,54,55,58,59,61,62" machi="43" ten="30,8000,1" yaku="1,1,0,1,9,1,8,1,52,1,53,0" doraHai="38" doraHaiUra="98" who="3" fromWho="3" sc="331,-21,164,-41,294,-21,201,93" /><INIT seed="2,0,0,2,4,103" ten="310,123,273,294" oya="2" hai0="55,130,44,105,28,109,126,132,3,108,79,91,72" hai1="63,101,54,10,116,74,31,85,100,121,94,21,49" hai2="119,64,56,52,65,32,13,14,25,117,99,16,124" hai3="111,92,0,71,70,76,125,123,73,35,84,4,93"/><V37/><F37/><W61/><G123/><T80/><D130/><U51/><E116/><V5/><F124/><W23/><G35/><T6/><D126/><U20/><E74/><V33/><F5/><W118/><G125/><T120/><D120/><U107/><E121/><V113/><F113/><W19/><G118/><T7/><D132/><U90/><E10/><V9/><F117/><W17/><G17/><T8/><D28/><U58/><E101/><V115/><F115/><W38/><G38/><T12/><D105/><U96/><E31/><V22/><F119/><W104/><G93/><T77/><D77/><U95/><E51/><V2/><F2/><W135/><G73/><T42/><D55/><U50/><E50/><N who="2" m="30743" /><F33/><W102/><G61/><T88/><D12/><N who="2" m="4714" /><F32/><W128/><G4/><T39/><D7/><U134/><E134/><V11/><F99/><W45/><G70/><T43/><D43/><U59/><REACH who="1" step="1"/><E107/><REACH who="1" ten="310,113,273,294" step="2"/><V1/><F1/><W87/><G0/><T110/><AGARI ba="0,1" hai="3,6,8,39,42,44,72,79,80,88,91,108,109,110" machi="110" ten="30,8000,1" yaku="0,1,25,2,14,1,54,1" doraHai="103" who="0" fromWho="0" sc="310,90,113,-20,273,-40,294,-20" /><INIT seed="3,0,0,3,1,29" ten="400,93,233,274" oya="3" hai0="47,83,133,39,120,26,63,53,127,129,37,112,132" hai1="3,72,9,108,18,8,114,51,122,15,28,84,34" hai2="104,103,134,68,88,20,66,99,24,16,94,106,91" hai3="118,123,82,46,5,61,0,4,71,115,111,96,41"/><W14/><G115/><T11/><D120/><U78/><E84/><V97/><F134/><N who="0" m="51818" /><D129/><U33/><E78/><V101/><F94/><W87/><G118/><T77/><D127/><U52/><E72/><V32/><F32/><N who="1" m="12393" /><E52/><V58/><F68/><W102/><G123/><T81/><D112/><U70/><E51/><V45/><F45/><W124/><G124/><T80/><D77/><U31/><E70/><V49/><F49/><W117/><G117/><T95/><D95/><U126/><E114/><V44/><F44/><W55/><G55/><T93/><D93/><U21/><E122/><V113/><F113/><W43/><G14/><T69/><D69/><U30/><E108/><V36/><F36/><W35/><G35/><T65/><D65/><U7/><E126/><V74/><F74/><W100/><G43/><T59/><D47/><U109/><E109/><V128/><F128/><W73/><G73/><T54/><D54/><U62/><E62/><AGARI ba="0,0" hai="16,20,24,58,62,66,88,91,97,99,101,103,104,106" machi="62" ten="40,5200,0" yaku="9,1,54,2" doraHai="29" who="2" fromWho="1" sc="400,0,93,-52,233,52,274,0" owari="400,50.0,41,-45.9,285,8.5,274,-12.6" /></mjloggm>