<mjloggm ver="2.3"><GO type="225" lobby="0"/><UN n0="%E5%A4%96%E5%B7%9D%E7%AB%9C%E6%88%90" n1="%E5%A4%8F%E9%88%B4%E9%88%B4%E5%A4%8F" n2="%E3%82%B2%E3%82%B9%E8%8C%82%E5%8B%9D" n3="%E3%82%A2%E3%82%A4%E3%82%B9%E3%83%86%E3%82%A3%E3%83%BC%E3%81%82%E3%81%B9" dan="16,16,16,16" rate="2155.77,2121.49,2024.40,2126.86" sx="M,M,F,M"/><TAIKYOKU oya="0"/><INIT seed="0,0,0,4,1,91" ten="250,250,250,250" oya="0" hai0="112,52,87,1,16,127,82,31,128,124,33,113,38" hai1="55,4,18,64,89,114,32,53,120,19,108,93,92" hai2="28,99,10,39,8,69,97,26,67,106,23,105,68" hai3="122,109,46,54,72,42,51,6,24,47,21,78,41"/><T103/><D38/><U84/><E120/><V27/><F39/><W57/><G109/><T71/><D71/><U134/><E108/><V116/><F23/><W22/><G6/><T117/><D117/><U9/><E32/><V44/><F44/><W36/><G122/><T95/><D1/><U25/><E134/><V13/><F13/><W130/><G130/><T126/><D128/><U20/><E114/><V104/><F28/><W34/><G78/><T11/><D31/><U43/><E43/><V129/><F129/><W62/><G72/><T110/><D33/><U5/><E64/><V12/><F12/><W132/><G132/><T123/><D123/><U50/><E55/><V35/><F67/><W118/><G118/><T37/><D37/><U85/><E18/><V90/><F90/><W81/><G81/><T45/><D110/><U79/><E9/><V60/><F60/><W102/><G102/><T17/><D11/><U29/><E29/><V77/><F104/><W94/><G94/><N who="1" m="36458" /><E79/><V121/><F35/><W131/><G131/><T101/><D113/><U133/><E133/><V15/><F15/><W70/><G70/><T111/><D112/><U48/><E48/><V80/><F77/><W125/><G34/><T7/><D111/><U75/><E75/><V74/><F74/><W0/><G0/><T96/><D103/><U30/><E30/><V100/><F100/><W66/><G66/><T2/><D2/><U63/><E63/><V49/><F116/><W65/><G65/><T73/><D73/><U88/><E20/><N who="3" m="7786" /><G24/><T14/><D127/><U119/><E119/><RYUUKYOKU ba="0,0" sc="250,-10,250,-10,250,-10,250,30" hai3="36,41,42,46,47,51,54,57,62,125" /><INIT seed="1,1,0,0,4,94" ten="240,240,240,280" oya="1" hai0="17,114,117,43,1,12,129,131,57,53,3,99,71" hai1="16,42,22,13,61,97,50,44,111,29,7,90,112" hai2="18,74,54,45,134,48,75,2,115,101,55,125,20" hai3="58,119,26,40,66,85,10,133,32,83,39,23,95"/><U107/><E112/><V82/><F125/><W35/><G133/><T34/><D114/><U38/><E111/><V70/><F115/><W110/><G110/><T100/><D71/><U80/><E107/><V36/><F134/><W106/><G106/><N who="0" m="63775" /><D43/><U64/><E29/><V126/><F126/><W78/><G119/><T63/><D34/><U105/><E7/><V65/><F36/><W132/><G132/><T31/><D31/><U86/><E38/><V21/><F2/><W93/><G10/><N who="0" m="6295" /><D117/><U68/><REACH who="1" step="1"/><E105/><REACH who="1" ten="240,230,240,280" step="2"/><V11/><F18/><W6/><G6/><T103/><D129/><U121/><E121/><V72/><F74/><W104/><G104/><T102/><D131/><U4/><E4/><V127/><F72/><W24/><G39/><T76/><D1/><U96/><AGARI ba="1,1" hai="13,16,22,42,44,50,61,64,68,80,86,90,96,97" machi="96" ten="30,12000,1" yaku="1,1,0,1,52,2,54,1,53,0" doraHai="94" doraHaiUra="28" who="1" fromWho="1" sc="240,-41,230,133,240,-41,280,-41" /><INIT seed="1,2,0,1,5,12" ten="199,363,199,239" oya="1" hai0="50,43,72,52,47,96,88,116,85,11,16,135,54" hai1="61,6,59,98,58,112,102,89,83,100,120,45,25" hai2="129,126,130,15,101,64,70,127,104,105,121,41,119" hai3="76,27,71,75,132,33,91,60,22,7,79,2,30"/><U77/><E112/><V115/><F119/><W1/><G132/><T40/><D116/><U63/><E120/><V55/><F121/><W36/><G36/><T38/><D72/><U21/><E6/><V110/><F115/><W28/><G91/><T26/><D135/><U49/><E89/><V23/><F41/><W9/><G2/><T99/><D38/><U78/><E59/><V0/><F0/><W51/><G75/><T5/><D43/><U44/><E61/><N who="2" m="40207" /><F55/><N who="0" m="21034" /><D5/><U131/><E131/><N who="2" m="50187" /><F110/><W97/><G97/><T84/><D84/><N who="1" m="48239" /><E78/><V86/><F86/><W124/><G79/><T19/><D11/><U57/><E57/><V56/><F56/><W125/><G76/><T80/><D26/><U67/><E49/><V3/><F3/><W35/><G51/><T53/><D40/><U48/><E48/><V46/><F46/><N who="1" m="18025" /><E98/><AGARI ba="2,0" hai="16,19,47,50,53,80,85,88,96,98,99" m="21034" machi="98" ten="30,12000,2" yaku="8,1,52,2,54,3" doraHai="12" who="0" fromWho="1" sc="199,126,363,-126,199,0,239,0" /><INIT seed="2,0,0,2,1,5" ten="325,237,199,239" oya="2" hai0="21,127,122,121,74,44,17,53,106,50,129,71,98" hai1="28,2,77,16,68,117,59,37,34,19,47,64,49" hai2="3,70,54,76,0,126,67,93,102,61,13,84,115" hai3="14,8,79,105,101,116,103,131,107,72,58,86,63"/><V120/><F115/><W39/><G39/><T125/><D71/><U87/><E117/><V111/><F120/><W75/><G116/><T109/><D74/><U91/><E2/><V57/><F126/><N who="0" m="48138" /><D109/><U83/><E37/><V25/><F111/><W85/><G131/><T56/><D56/><U38/><E38/><V48/><F25/><W41/><G41/><T110/><D110/><U9/><E68/><V45/><F102/><W15/><G58/><T118/><D129/><U128/><E128/><V123/><F123/><W29/><G29/><T33/><D33/><U35/><E35/><V51/><F13/><W30/><G30/><T27/><D118/><U22/><E34/><V26/><F26/><W100/><G79/><T73/><D73/><U90/><E28/><V134/><F134/><W119/><G103/><AGARI ba="0,0" hai="17,21,27,44,50,53,98,103,106,121,122" m="48138" machi="103" ten="30,1000,0" yaku="18,1" doraHai="5" who="0" fromWho="3" sc="325,10,237,0,199,0,239,-10" /><INIT seed="3,0,0,2,4,114" ten="335,237,199,229" oya="3" hai0="90,33,127,88,110,52,9,31,65,102,48,124,26" hai1="96,74,85,16,21,37,5,40,87,103,133,41,119" hai2="126,73,83,58,59,8,123,46,91,92,18,99,108" hai3="36,47,76,43,7,4,38,113,118,93,79,95,20"/><W63/><G113/><T132/><D132/><U134/><E74/><V13/><F108/><W15/><G118/><T104/><D65/><U32/><E32/><V116/><F126/><N who="0" m="48170" /><D110/><U67/><E5/><V61/><F123/><W112/><G112/><T3/><D102/><U129/><E67/><V77/><F116/><W122/><G122/><T64/><D64/><U120/><E129/><V24/><F61/><W11/><G38/><T80/><D80/><U35/><E35/><V25/><F24/><W55/><G7/><N who="0" m="1279" /><D104/><N who="1" m="63591" /><E120/><V49/><REACH who="2" step="1"/><F25/><REACH who="2" ten="335,237,189,229" step="2"/><W106/><G63/><T131/><D131/><U72/><E119/><V94/><F94/><W60/><G95/><T68/><D68/><U23/><E133/><V30/><F30/><W135/><G106/><T45/><AGARI ba="0,1" hai="26,31,33,45,48,52,88,90" m="1279,48170" machi="45" ten="30,4000,0" yaku="18,1,54,2" doraHai="114" who="0" fromWho="0" sc="335,50,237,-10,189,-10,229,-20" owari="385,48.5,227,2.7,179,-32.1,209,-19.1" /></mjloggm>