<mjloggm ver="2.3"><GO type="225" lobby="0"/><UN n0="%E6%80%AA%E3%81%97%E3%81%99%E3%81%8E%E3%82%8B%E3%83%81%E3%83%BC" n1="%E3%81%8F%E3%81%BE%E3%81%96%E3%82%8F" n2="%4D%50%43%32%38%30%30" n3="%45%6C%79%73%69%75%6D" dan="16,16,16,18" rate="2126.00,2057.25,2142.48,2167.35" sx="M,M,M,F"/><TAIKYOKU oya="0"/><INIT seed="0,0,0,4,2,107" ten="250,250,250,250" oya="0" hai0="59,86,15,5,98,4,11,108,91,118,116,10,41" hai1="58,31,117,69,48,8,36,102,74,105,92,90,70" hai2="85,47,52,30,135,97,93,20,1,89,60,61,43" hai3="37,78,19,13,42,35,39,22,129,104,67,71,26"/><T9/><D108/><U33/><E117/><V77/><F1/><W16/><G129/><T121/><D121/><U56/><E36/><V122/><F122/><W114/><G114/><T55/><D98/><U132/><E105/><V7/><F7/><W88/><G104/><T44/><D41/><U112/><E102/><V115/><F115/><W109/><G109/><T131/><D44/><U83/><E112/><V2/><F2/><W45/><G67/><T103/><D103/><U21/><E33/><V101/><F77/><W53/><G53/><T94/><D131/><U25/><E8/><V100/><F135/><W87/><G78/><T57/><D57/><U134/><E56/><N who="2" m="34823" /><F61/><W64/><G64/><T110/><D110/><U128/><E128/><V80/><F47/><W24/><G71/><T82/><D94/><U28/><E70/><V72/><F72/><W99/><G99/><T95/><D95/><U54/><E69/><V124/><F124/><W27/><G37/><T46/><D46/><U113/><E113/><V81/><F80/><W133/><G35/><T40/><D40/><U75/><E83/><V29/><F43/><W68/><G68/><T3/><REACH who="0" step="1"/><D9/><REACH who="0" ten="240,250,250,250" step="2"/><U6/><E92/><V62/><F101/><W84/><G42/><T0/><D0/><U23/><E58/><V32/><F100/><W76/><G45/><T65/><D65/><U130/><E130/><V111/><F111/><W125/><G39/><T49/><AGARI ba="0,1" hai="3,4,5,10,11,15,49,55,59,82,86,91,116,118" machi="49" ten="20,3900,0" yaku="1,1,0,1,7,1,53,0" doraHai="107" doraHaiUra="123" who="0" fromWho="0" sc="240,49,250,-13,250,-13,250,-13" /><INIT seed="0,1,0,4,4,31" ten="289,237,237,237" oya="0" hai0="53,48,97,102,38,70,35,76,68,74,40,34,41" hai1="18,12,17,71,10,32,62,125,6,30,21,109,16" hai2="39,129,114,91,104,60,112,126,90,20,1,66,78" hai3="103,0,27,44,47,88,115,5,130,135,118,14,57"/><T64/><D76/><U19/><E71/><V94/><F104/><W67/><G115/><T77/><D77/><U100/><E62/><V95/><F39/><W13/><G118/><T101/><D74/><U80/><E100/><V23/><F1/><W84/><G0/><T117/><D117/><U33/><E80/><V50/><F78/><W92/><G130/><T24/><D24/><N who="1" m="16655" /><E109/><V69/><F126/><W45/><G135/><T128/><D128/><U81/><E81/><V52/><F129/><W51/><G27/><T56/><D101/><U25/><E125/><V55/><F55/><W15/><G103/><T63/><D68/><U111/><E111/><V83/><F83/><W87/><G87/><T120/><D120/><U37/><E37/><V22/><F94/><W58/><G58/><T124/><D124/><U79/><E79/><V85/><REACH who="2" step="1"/><F91/><REACH who="2" ten="289,237,227,237" step="2"/><W106/><G106/><N who="0" m="63823" /><D40/><U110/><E110/><V133/><F133/><W65/><G5/><T7/><D7/><U96/><E96/><V43/><F43/><W134/><G134/><T29/><D29/><U73/><E73/><V42/><F42/><W132/><G132/><T98/><D98/><U8/><E25/><V131/><F131/><W105/><G105/><T99/><D99/><U59/><E59/><AGARI ba="1,1" hai="20,22,23,50,52,59,60,66,69,85,90,95,112,114" machi="59" ten="40,5200,0" yaku="1,1,54,1,53,1" doraHai="31" doraHaiUra="86" who="2" fromWho="1" sc="289,0,237,-55,227,65,237,0" /><INIT seed="1,0,0,1,0,31" ten="289,182,292,237" oya="1" hai0="129,107,69,19,62,111,91,2,48,124,88,26,128" hai1="121,53,98,4,86,60,11,7,119,85,41,84,17" hai2="9,135,32,5,113,38,79,76,49,23,58,117,55" hai3="75,12,21,68,66,112,56,96,104,125,72,115,133"/><U106/><E119/><V13/><F117/><W109/><G56/><T16/><D2/><U8/><E121/><V46/><F135/><W94/><G94/><T40/><D107/><U73/><E73/><V126/><F126/><W45/><G45/><N who="0" m="25639" /><D124/><U118/><E118/><V6/><F32/><W54/><G54/><T57/><D111/><U67/><E41/><V92/><F113/><W123/><G12/><T15/><D26/><U71/><E53/><V93/><F6/><W114/><G21/><N who="0" m="11423" /><D19/><U51/><E17/><V61/><F23/><W20/><G20/><T35/><D35/><U108/><E108/><V59/><F59/><W130/><G109/><T14/><D14/><U44/><E7/><V34/><F34/><W37/><G125/><T36/><D36/><U74/><E74/><V43/><F38/><W25/><G37/><T64/><D69/><U33/><E33/><V65/><F43/><W3/><G3/><T28/><D28/><U90/><E4/><V70/><F70/><W78/><G123/><T0/><D0/><U63/><E63/><V100/><F100/><N who="3" m="62471" /><G25/><T47/><D47/><U101/><REACH who="1" step="1"/><E90/><REACH who="1" ten="289,172,292,237" step="2"/><V110/><F110/><W99/><G72/><T95/><D91/><U77/><E77/><AGARI ba="0,1" hai="5,9,13,46,49,55,58,61,65,76,77,79,92,93" machi="77" ten="40,1300,0" yaku="8,1" doraHai="31" who="2" fromWho="1" sc="289,0,172,-13,292,23,237,0" /><INIT seed="2,0,0,5,2,117" ten="289,159,315,237" oya="2" hai0="0,68,125,54,11,3,56,33,17,83,44,61,97" hai1="70,86,23,35,26,45,105,78,13,72,126,6,94" hai2="4,98,18,118,60,112,65,21,32,120,114,53,76" hai3="122,62,108,128,130,48,66,69,116,43,102,111,41"/><V49/><F118/><W93/><G93/><T84/><D33/><U92/><E126/><V14/><F32/><W99/><G99/><T37/><D125/><U95/><E70/><V1/><F120/><W131/><G102/><T67/><D97/><U104/><E35/><V5/><F76/><W88/><G88/><T103/><D103/><U132/><E132/><V7/><F1/><W58/><G116/><T8/><D8/><U29/><E72/><V119/><F119/><W52/><G122/><T71/><D71/><U89/><E78/><V107/><F107/><W2/><G2/><T39/><D39/><U19/><E6/><V82/><F82/><W85/><G85/><T90/><D37/><U20/><REACH who="1" step="1"/><E45/><REACH who="1" ten="289,149,315,237" step="2"/><N who="2" m="27823" /><F7/><W106/><G106/><AGARI ba="0,1" hai="13,19,20,23,26,29,86,89,92,94,95,104,105,106" machi="106" ten="40,1300,0" yaku="1,1,53,0" doraHai="117" doraHaiUra="96" who="1" fromWho="3" sc="289,0,149,23,315,0,237,-13" /><INIT seed="3,0,0,3,3,26" ten="289,172,315,224" oya="3" hai0="66,48,54,112,81,24,28,14,117,40,132,120,113" hai1="75,18,80,9,5,30,78,88,36,129,99,38,49" hai2="16,57,8,108,39,98,56,110,111,133,52,60,21" hai3="23,41,135,125,34,134,42,79,29,6,76,37,65"/><W77/><G125/><T131/><D117/><U46/><E129/><V44/><F8/><W71/><G34/><N who="0" m="20743" /><D120/><U7/><E18/><V33/><F33/><W128/><G6/><T130/><D40/><U59/><E59/><N who="2" m="34919" /><F133/><N who="3" m="50699" /><G37/><T122/><D122/><U106/><E7/><V55/><F98/><W107/><G107/><T95/><D132/><U93/><E106/><V123/><F123/><W103/><G103/><T85/><D95/><U121/><E121/><V92/><F92/><W13/><G128/><N who="0" m="49195" /><D66/><U51/><E30/><V31/><F31/><W104/><G104/><T105/><D14/><U32/><E32/><V68/><F68/><W15/><G65/><T119/><D119/><U19/><E19/><V96/><F96/><W0/><G71/><T3/><D3/><U91/><E91/><V70/><F70/><W17/><G0/><T25/><D25/><U67/><E67/><V97/><F97/><W22/><G13/><T27/><D27/><AGARI ba="0,0" hai="15,17,22,23,27,29,41,42,76,77,79" m="50699" machi="27" ten="30,2900,0" yaku="20,1,52,1" doraHai="26" who="3" fromWho="0" sc="289,-29,172,0,315,0,224,29" /><INIT seed="3,1,0,4,3,29" ten="260,172,315,253" oya="3" hai0="89,135,44,81,95,25,31,75,76,77,70,88,87" hai1="113,119,82,112,53,38,42,58,104,7,56,106,30" hai2="72,34,16,3,67,90,117,83,20,41,57,33,26" hai3="108,131,134,79,24,37,120,124,111,45,12,116,125"/><W129/><G116/><T48/><D70/><U6/><E119/><V40/><F3/><W118/><G118/><T123/><D135/><U121/><E30/><V11/><F117/><W19/><G120/><T62/><D62/><U28/><E28/><V14/><F34/><W114/><G134/><T15/><D15/><U36/><E42/><V130/><F33/><W61/><G114/><T98/><D75/><U65/><E121/><V10/><F130/><N who="3" m="49675" /><G24/><T52/><D123/><U49/><E82/><V115/><F115/><W101/><G61/><T107/><D107/><U21/><E21/><AGARI ba="1,0" hai="21,25,31,44,48,52,76,77,81,87,88,89,95,98" machi="21" ten="30,7700,0" yaku="7,1,8,1,54,2" doraHai="29" who="0" fromWho="1" sc="260,80,172,-80,315,0,253,0" owari="340,44.0,92,-40.8,315,11.5,253,-14.7" /></mjloggm>