<mjloggm ver="2.3"><GO type="225" lobby="0"/><UN n0="%E3%82%B2%E3%82%B9%E8%8C%82%E5%8B%9D" n1="%E3%81%AF%E3%82%88%E3%81%8A%E3%81%98%E3%81%95%E3%82%93" n2="%E8%90%BD%E6%97%A5" n3="%E3%83%97%E3%83%92" dan="16,17,16,16" rate="2064.97,2228.94,2078.31,2162.99" sx="F,M,F,M"/><TAIKYOKU oya="0"/><INIT seed="0,0,0,4,4,20" ten="250,250,250,250" oya="0" hai0="42,119,107,84,63,68,50,25,35,16,43,86,59" hai1="97,14,2,44,62,99,31,93,46,65,110,67,91" hai2="126,22,41,108,27,124,123,132,135,9,51,104,17" hai3="95,0,74,127,47,57,7,130,72,121,32,92,61"/><T82/><D119/><U39/><E110/><V133/><F104/><W37/><G32/><T106/><D68/><U58/><E2/><V13/><F41/><W134/><G92/><T94/><D94/><U30/><E67/><V56/><F51/><W87/><G7/><T29/><D16/><U1/><E1/><V118/><F56/><W53/><G0/><T109/><D109/><U116/><E116/><V12/><F108/><W8/><G8/><T60/><D86/><U26/><E39/><V5/><F118/><W79/><G74/><T15/><D15/><U114/><E114/><V75/><F75/><W77/><G79/><T117/><D117/><U11/><E97/><V24/><F123/><W105/><G77/><T45/><D42/><U19/><REACH who="1" step="1"/><E30/><REACH who="1" ten="250,240,250,250" step="2"/><V83/><F83/><W103/><G37/><T33/><D29/><U71/><E71/><V76/><F76/><W81/><G121/><T66/><D66/><U73/><E73/><V28/><F28/><W102/><G72/><T113/><D113/><U64/><E64/><V36/><F36/><W101/><G105/><T18/><D84/><U6/><E6/><V78/><F78/><W111/><G87/><T131/><D18/><U128/><E128/><V98/><F98/><W100/><G100/><T38/><D38/><U52/><E52/><V69/><F69/><W49/><G130/><T48/><D131/><U34/><AGARI ba="0,1" hai="11,14,19,26,31,34,44,46,58,62,65,91,93,99" machi="34" ten="20,8000,1" yaku="1,1,0,1,7,1,52,1,53,1" doraHai="20" doraHaiUra="21" who="1" fromWho="1" sc="250,-40,240,90,250,-20,250,-20" /><INIT seed="1,0,0,1,0,92" ten="210,330,230,230" oya="1" hai0="19,73,38,127,43,117,119,20,75,129,122,23,29" hai1="53,32,124,118,109,50,113,40,2,93,72,133,57" hai2="34,91,70,100,96,52,39,74,36,76,116,87,86" hai3="104,0,83,33,115,48,94,99,82,54,111,31,84"/><U132/><E2/><V90/><F116/><W47/><G115/><T89/><D43/><U22/><E32/><V25/><F70/><W108/><G0/><T6/><D38/><U110/><E72/><V95/><F34/><W131/><G131/><T71/><D71/><U3/><E3/><V4/><F4/><W10/><G104/><T120/><D89/><U69/><E69/><V112/><F25/><W126/><G10/><T30/><D19/><U18/><E118/><V121/><F121/><W128/><G126/><T24/><D6/><U58/><E113/><V78/><F112/><W107/><G107/><T7/><D7/><U9/><E124/><V46/><F74/><W56/><G128/><T27/><REACH who="0" step="1"/><D129/><REACH who="0" ten="200,330,230,230" step="2"/><U114/><E40/><V81/><F39/><W123/><G123/><T67/><D67/><U44/><E114/><V15/><F15/><W12/><G12/><T77/><D77/><U105/><E18/><V37/><F36/><W35/><G108/><T61/><D61/><U59/><E110/><V17/><F17/><W49/><G111/><T68/><D68/><U79/><E79/><V66/><F66/><W60/><G60/><T55/><D55/><U28/><E53/><V41/><REACH who="2" step="1"/><F52/><REACH who="2" ten="200,330,220,230" step="2"/><W97/><G54/><T45/><D45/><U80/><E44/><V85/><F85/><W101/><G84/><T51/><D51/><U135/><E50/><V106/><AGARI ba="0,2" hai="37,41,46,76,78,81,86,87,90,91,95,96,100,106" machi="106" ten="20,5200,0" yaku="1,1,0,1,7,1,52,1,53,0" doraHai="92" doraHaiUra="11" who="2" fromWho="2" sc="200,-13,330,-26,220,72,230,-13" /><INIT seed="2,0,0,0,1,67" ten="187,304,292,217" oya="2" hai0="120,104,91,8,7,40,66,81,76,64,101,36,116" hai1="92,106,77,83,109,103,22,25,42,54,21,100,28" hai2="90,93,87,80,30,44,10,88,37,105,133,78,127" hai3="117,135,110,29,45,55,23,84,129,111,119,53,47"/><V6/><F127/><W118/><G29/><T61/><D120/><U51/><E106/><V69/><F133/><W98/><G98/><T102/><D116/><U95/><E109/><N who="3" m="41482" /><G23/><T26/><D91/><U1/><E1/><V79/><F105/><W46/><G135/><T85/><D26/><N who="1" m="16463" /><E42/><V15/><F30/><W86/><G129/><T134/><D66/><U9/><E9/><V52/><F69/><W17/><G17/><T43/><D134/><U99/><E83/><V3/><F3/><W113/><G113/><T32/><D32/><U49/><E77/><V20/><F20/><W18/><G18/><T24/><D24/><U125/><E125/><V14/><F14/><W16/><G16/><T72/><D85/><AGARI ba="0,0" hai="45,46,47,53,55,84,85,86,117,118,119" m="41482" machi="85" ten="40,5200,0" yaku="28,2,14,1" doraHai="67" who="3" fromWho="0" sc="187,-52,304,0,292,0,217,52" /><INIT seed="3,0,0,0,5,88" ten="135,304,292,269" oya="3" hai0="67,26,30,100,75,62,51,50,54,44,84,85,1" hai1="43,115,46,5,31,29,10,125,59,109,16,33,52" hai2="66,116,19,112,102,113,58,34,12,18,104,69,72" hai3="71,128,39,81,83,80,48,9,119,55,61,101,98"/><W95/><G119/><T41/><D75/><U17/><E115/><V114/><F116/><W111/><G39/><T107/><D1/><U74/><E74/><V53/><F72/><W14/><G128/><T70/><D51/><N who="1" m="27103" /><E33/><V56/><F34/><W99/><G111/><T57/><D100/><U37/><E37/><V124/><F124/><W120/><G120/><T22/><REACH who="0" step="1"/><D107/><REACH who="0" ten="125,304,292,269" step="2"/><U36/><E36/><V60/><F104/><W77/><G101/><T121/><D121/><U4/><E125/><V79/><F102/><W0/><G0/><T90/><D90/><U96/><E109/><V91/><F79/><W15/><G77/><T25/><D25/><U64/><E4/><V23/><F91/><W6/><G15/><T3/><D3/><U42/><E5/><V28/><F28/><W32/><G48/><T38/><AGARI ba="0,1" hai="22,26,30,38,41,44,50,54,57,62,67,70,84,85" machi="38" ten="20,8000,1" yaku="1,1,0,1,7,1,24,2,53,0" doraHai="88" doraHaiUra="94" who="0" fromWho="0" sc="125,90,304,-20,292,-20,269,-40" /><INIT seed="4,0,0,4,4,86" ten="215,284,272,229" oya="0" hai0="77,57,64,52,46,133,103,102,97,30,69,38,126" hai1="26,117,119,128,65,125,37,94,23,18,20,91,101" hai2="130,67,4,78,11,63,1,88,132,60,48,129,56" hai3="80,39,76,89,59,16,5,121,81,50,111,17,55"/><T32/><D126/><U54/><E37/><V112/><F78/><W104/><G111/><T10/><D133/><U131/><E125/><V2/><F132/><W100/><G39/><T108/><D108/><U134/><E134/><V15/><F112/><W19/><G121/><T116/><D116/><U92/><E65/><V72/><F72/><W115/><G115/><T8/><D77/><U68/><E68/><V82/><F48/><W6/><G104/><N who="0" m="63567" /><D103/><U83/><E83/><V31/><F31/><W113/><G100/><T110/><D46/><U123/><E123/><V12/><F63/><W14/><G113/><T71/><D38/><U62/><E94/><V127/><F127/><W95/><G14/><T41/><D41/><U36/><E101/><V85/><REACH who="2" step="1"/><F15/><REACH who="2" ten="215,284,262,229" step="2"/><W75/><REACH who="3" step="1"/><G80/><REACH who="3" ten="215,284,262,219" step="2"/><T24/><D110/><U135/><E36/><V106/><F106/><W29/><G29/><T58/><D30/><U28/><E28/><V33/><F33/><W122/><G122/><T51/><D32/><U40/><E135/><V109/><F109/><W124/><G124/><T120/><D120/><U9/><E119/><V118/><F118/><W114/><G114/><T53/><D24/><U93/><E117/><V21/><F21/><W27/><G27/><T73/><D8/><U43/><E9/><V87/><F87/><AGARI ba="0,2" hai="5,6,16,17,19,50,55,59,75,76,81,87,89,95" machi="87" ten="40,8000,1" yaku="1,1,52,1,54,1,53,1" doraHai="86" doraHaiUra="90" who="3" fromWho="2" sc="215,0,284,0,262,-80,219,100" owari="215,-18.5,284,8.4,182,-31.8,319,41.9" /></mjloggm>