<mjloggm ver="2.3"><GO type="225" lobby="0"/><UN n0="%E5%B8%86%E7%AB%8B%E5%A4%8F%E8%A1%A3" n1="%E3%81%95%E3%81%8D%E3%81%9F%E3%81%BE%E6%9E%97%E6%AA%8E" n2="%E6%B4%BE%E9%81%A3%E3%81%AE%E3%82%B8%E3%83%A3%E3%83%83%E3%82%AF" n3="%6D%75%75%73%61%6E%6D%75" dan="16,16,17,17" rate="2190.56,2074.97,2217.46,2149.13" sx="M,M,M,F"/><TAIKYOKU oya="0"/><INIT seed="0,0,0,0,4,124" ten="250,250,250,250" oya="0" hai0="98,44,64,49,94,35,28,43,92,18,51,93,40" hai1="129,99,83,91,36,88,17,15,116,61,82,55,111" hai2="34,85,11,74,75,23,12,5,128,110,71,123,117" hai3="68,122,96,13,106,62,114,21,33,0,126,77,8"/><T81/><D64/><U30/><E116/><V130/><F34/><W118/><G33/><T65/><D65/><U90/><E36/><V87/><F71/><W113/><G118/><T39/><D35/><U73/><E111/><V54/><F117/><W107/><G126/><T86/><D28/><U101/><E30/><V125/><F125/><W97/><G68/><T69/><D69/><U52/><E73/><V60/><F123/><W135/><G62/><T103/><D18/><U6/><E6/><V80/><F23/><W120/><G21/><T72/><D72/><N who="2" m="27690" /><F80/><N who="1" m="30761" /><E129/><N who="2" m="49771" /><F110/><W14/><G120/><T16/><D16/><U84/><E84/><V25/><F25/><W46/><G122/><T50/><REACH who="0" step="1"/><D43/><REACH who="0" ten="240,250,250,250" step="2"/><U32/><E32/><V131/><N who="2" m="49779" /><V45/><DORA hai="9" /><F45/><W2/><G46/><T26/><D26/><U38/><E38/><V104/><F104/><W27/><G107/><T127/><D127/><U58/><E17/><V3/><F3/><W102/><G106/><T22/><D22/><U67/><E67/><V19/><F19/><W112/><G2/><T48/><N who="0" m="12288" /><DORA hai="56" /><T105/><D105/><U79/><E55/><V7/><F7/><W133/><G0/><T121/><D121/><U10/><E10/><V53/><F54/><W132/><G8/><T59/><D59/><AGARI ba="0,1" hai="5,11,12,53,59,60,85,87" m="49779,27690" machi="59" ten="50,12000,2" yaku="19,1,52,6" doraHai="124,9,56" who="2" fromWho="0" sc="240,-120,250,0,250,130,250,0" /><INIT seed="1,0,0,0,5,89" ten="120,250,380,250" oya="1" hai0="128,60,18,14,123,35,65,27,101,78,29,61,44" hai1="127,71,50,0,66,88,54,19,32,26,5,129,120" hai2="122,8,9,113,75,96,24,100,114,103,62,110,37" hai3="130,104,91,98,72,34,84,69,28,10,4,20,7"/><U115/><E120/><V124/><F110/><W68/><G34/><T58/><D123/><U21/><E115/><V94/><F75/><W31/><G72/><T43/><D128/><U55/><E129/><V82/><F37/><W15/><G130/><T23/><D78/><U125/><E32/><V57/><F122/><W41/><G7/><T105/><D105/><U111/><E111/><V112/><F124/><N who="1" m="47689" /><E71/><V107/><F82/><W16/><G41/><T93/><D61/><U133/><E133/><V97/><F24/><W67/><G98/><T33/><D101/><U38/><E38/><V106/><F106/><W135/><G104/><T85/><D35/><U46/><E66/><AGARI ba="0,0" hai="8,9,57,62,66,94,96,97,100,103,107,112,113,114" machi="66" ten="40,2600,0" yaku="11,1,52,1" doraHai="89" who="2" fromWho="1" sc="120,0,250,-26,380,26,250,0" /><INIT seed="2,0,0,5,5,36" ten="120,224,406,250" oya="2" hai0="108,51,122,62,52,64,17,13,115,26,63,87,14" hai1="39,0,15,20,11,55,104,19,86,88,43,40,102" hai2="5,118,2,46,71,22,60,42,129,101,58,34,135" hai3="54,91,48,59,72,120,133,94,90,31,47,3,80"/><V117/><F71/><W84/><G120/><T49/><D108/><U96/><E39/><V106/><F34/><W130/><G133/><T99/><D115/><U61/><E0/><V105/><F135/><W132/><G132/><T41/><D122/><U107/><E107/><V128/><F22/><W12/><G130/><N who="2" m="50281" /><F5/><W112/><G3/><T68/><D87/><U119/><E119/><V77/><F77/><W127/><G127/><T50/><D26/><U33/><E33/><V28/><F28/><W4/><G112/><T125/><D99/><U134/><E134/><V98/><F106/><W124/><G124/><T67/><D125/><U111/><E111/><V8/><F8/><N who="3" m="4103" /><G72/><T57/><D14/><U116/><E116/><V113/><F2/><W53/><G31/><T131/><D131/><U126/><E126/><V6/><F6/><W27/><G27/><T103/><D103/><U24/><E55/><N who="2" m="33887" /><F113/><W25/><G25/><T85/><D85/><U38/><E38/><AGARI ba="0,0" hai="38,42,46,98,101,105,117,118" m="33887,50281" machi="38" ten="30,2900,0" yaku="19,1,52,1" doraHai="36" who="2" fromWho="1" sc="120,0,224,-29,406,29,250,0" /><INIT seed="2,1,0,4,1,112" ten="120,195,435,250" oya="2" hai0="26,98,78,0,103,20,92,82,15,55,119,127,101" hai1="95,102,19,62,57,83,49,128,94,47,93,40,116" hai2="33,17,108,76,29,96,109,125,113,106,1,23,117" hai3="84,30,2,42,124,46,107,90,56,97,134,3,80"/><V111/><F113/><W18/><G124/><T66/><D127/><U12/><E128/><V11/><F125/><W50/><G134/><T74/><D0/><U13/><E116/><V39/><F117/><W59/><G30/><T44/><D119/><U35/><E35/><V22/><F39/><W16/><G3/><T135/><D135/><U71/><E71/><V130/><F76/><W100/><G2/><T126/><D126/><U86/><E102/><V43/><F43/><W89/><G89/><T37/><D15/><N who="1" m="5707" /><E19/><V91/><F130/><W88/><G90/><T79/><D79/><U5/><E5/><N who="2" m="1455" /><F17/><W133/><G133/><T10/><D10/><U110/><E110/><V14/><F14/><W85/><G85/><T6/><D6/><U41/><E41/><V31/><F91/><W123/><G123/><T65/><D101/><U48/><E48/><V36/><F36/><W115/><G115/><T63/><D37/><U25/><E25/><N who="2" m="18671" /><F29/><W7/><G7/><T32/><D32/><U34/><E34/><V28/><F28/><W132/><G132/><T68/><D26/><U118/><E118/><V129/><F129/><W99/><G99/><T69/><D20/><U8/><E8/><V114/><F114/><W61/><G59/><T60/><REACH who="0" step="1"/><D55/><AGARI ba="1,0" hai="16,18,42,46,50,55,56,61,80,84,88,97,100,107" machi="55" ten="30,3900,0" yaku="7,1,54,2" doraHai="112" who="3" fromWho="0" sc="120,-42,195,0,435,0,250,42" /><INIT seed="3,0,0,5,5,45" ten="78,195,435,292" oya="3" hai0="74,66,12,57,134,80,61,115,113,51,118,3,31" hai1="90,84,101,32,77,119,16,46,133,7,5,121,8" hai2="2,35,64,100,123,9,102,38,14,117,63,30,40" hai3="6,127,87,122,69,37,132,59,116,21,108,128,75"/><W82/><RYUUKYOKU type="yao9" ba="0,0" sc="78,0,195,0,435,0,292,0" hai3="6,21,37,59,69,75,82,87,108,116,122,127,128,132" /><INIT seed="3,1,0,0,3,135" ten="78,195,435,292" oya="3" hai0="54,90,124,79,98,45,47,86,36,34,118,59,80" hai1="38,125,78,81,15,87,41,72,129,130,123,25,44" hai2="18,112,22,8,101,10,122,56,104,24,62,121,1" hai3="111,88,103,19,96,73,17,75,89,107,68,117,77"/><W115/><G68/><T28/><D118/><U39/><E123/><N who="2" m="47115" /><F112/><W99/><G117/><T109/><D109/><U5/><E25/><V108/><F108/><W35/><G35/><T27/><D36/><U9/><E72/><N who="3" m="27722" /><G115/><T63/><D47/><U94/><E94/><V30/><F1/><W105/><G19/><T21/><D34/><U83/><E83/><V113/><F113/><W134/><G17/><T20/><D20/><U42/><E125/><V23/><F101/><N who="3" m="62631" /><G111/><T12/><D45/><AGARI ba="1,0" hai="5,9,15,38,39,41,42,44,45,78,81,87,129,130" machi="45" ten="40,1300,0" yaku="9,1" doraHai="135" who="1" fromWho="0" sc="78,-16,195,16,435,0,292,0" owari="62,-43.8,211,-18.9,435,53.5,292,9.2" /></mjloggm>