<mjloggm ver="2.3"><GO type="225" lobby="0"/><UN n0="%E5%8D%A0%E3%81%84%E5%B8%AB%E8%A3%8F%E3%81%AA%E3%81%84%E3%81%97" n1="%6E%69%63%6F%6E%74%6F" n2="%E6%B4%BE%E9%81%A3%E3%81%AE%E3%82%B8%E3%83%A3%E3%83%83%E3%82%AF" n3="%E3%80%93%E3%81%97%E3%83%BC%E3%82%89%E3%80%93" dan="17,16,17,16" rate="2163.17,2134.34,2231.82,2160.79" sx="M,M,M,M"/><TAIKYOKU oya="0"/><INIT seed="0,0,0,5,0,59" ten="250,250,250,250" oya="0" hai0="60,113,80,72,116,12,82,99,69,28,58,51,37" hai1="106,46,117,122,8,78,86,32,102,26,44,101,18" hai2="45,120,126,104,85,133,79,57,4,94,75,93,132" hai3="30,76,47,39,67,14,62,11,63,81,27,107,38"/><T48/><D113/><U13/><E117/><V73/><F4/><W88/><G107/><T121/><D116/><U19/><E122/><V123/><F45/><W29/><G88/><T130/><D121/><N who="2" m="46666" /><F57/><W65/><G47/><N who="1" m="17962" /><E106/><V124/><F104/><W15/><G11/><T89/><D37/><U35/><E35/><V111/><F111/><W108/><G27/><T21/><D130/><U95/><E32/><V114/><F114/><W10/><G10/><T87/><D69/><U41/><E41/><V50/><F50/><W128/><G108/><T24/><D99/><U119/><E119/><V125/><F85/><W55/><G55/><T129/><D129/><U96/><E86/><V109/><F109/><W34/><G34/><T103/><D103/><N who="1" m="60831" /><E78/><V3/><F3/><W83/><REACH who="3" step="1"/><G128/><REACH who="3" ten="250,250,250,240" step="2"/><T92/><D92/><N who="2" m="35434" /><F79/><AGARI ba="0,1" hai="14,15,29,30,38,39,62,63,65,67,76,79,81,83" machi="79" ten="25,8000,1" yaku="1,1,22,2,52,2,53,0" doraHai="59" doraHaiUra="33" who="3" fromWho="2" sc="250,0,250,0,250,-80,240,90" /><INIT seed="1,0,0,5,1,91" ten="250,250,170,330" oya="1" hai0="55,46,73,0,95,53,68,109,37,24,15,89,79" hai1="38,32,44,85,25,119,35,29,99,124,11,111,120" hai2="117,115,26,57,83,28,23,5,59,112,66,135,60" hai3="75,41,81,88,43,64,123,14,16,21,121,130,20"/><U17/><E119/><V100/><F117/><W30/><G130/><T49/><D68/><U80/><E120/><V42/><F135/><W126/><G126/><T54/><D0/><U114/><E114/><N who="2" m="43563" /><F42/><W10/><G64/><T127/><D109/><U33/><E124/><V133/><F133/><W63/><G63/><T50/><D127/><U67/><E67/><V7/><F83/><W86/><G75/><T1/><D1/><U70/><E70/><V103/><F59/><W97/><G123/><T87/><D24/><U128/><E128/><V47/><F47/><W82/><G121/><T105/><D105/><U58/><E111/><V19/><F19/><W61/><G61/><T129/><D129/><U34/><E58/><V39/><F39/><W76/><G82/><T107/><D107/><U132/><E132/><V90/><F90/><W2/><G2/><T116/><D116/><U113/><E113/><V98/><F100/><W12/><G30/><T110/><D110/><U122/><E122/><V62/><F60/><W22/><G14/><T65/><D15/><N who="1" m="7423" /><E44/><V3/><F3/><W72/><G72/><T18/><D18/><U27/><E38/><V52/><F66/><W56/><G56/><T125/><D65/><U71/><E71/><V40/><F40/><W36/><G36/><T101/><D125/><U102/><E27/><V51/><F62/><W9/><G9/><T104/><D37/><U96/><E102/><V74/><F74/><W118/><G118/><T84/><D73/><U6/><E6/><V48/><F48/><W93/><AGARI ba="0,0" hai="10,12,16,20,21,22,41,43,76,81,86,88,93,97" machi="93" ten="30,8000,1" yaku="0,1,8,1,52,1,54,2" doraHai="91" who="3" fromWho="3" sc="250,-20,250,-40,170,-20,330,80" /><INIT seed="2,0,0,1,4,53" ten="230,210,150,410" oya="2" hai0="75,49,54,42,87,134,62,129,20,44,63,27,16" hai1="43,116,70,93,55,32,74,67,56,14,91,1,126" hai2="2,85,80,115,71,83,131,127,97,135,133,123,51" hai3="3,6,104,94,100,50,65,107,37,88,64,58,118"/><V38/><F2/><W15/><G3/><T72/><D129/><U19/><E1/><V31/><F123/><W76/><G37/><T110/><D110/><U9/><E32/><V89/><F38/><W119/><G76/><T122/><D122/><U41/><E74/><V33/><F71/><W112/><G65/><T48/><D134/><N who="2" m="51210" /><F115/><W101/><G112/><T25/><D75/><U117/><E126/><V47/><F127/><W82/><G82/><T66/><D72/><U7/><E67/><V99/><F131/><W46/><G107/><T124/><D124/><U114/><E70/><V105/><F83/><W22/><G104/><T35/><D87/><N who="1" m="52479" /><E7/><V40/><F105/><W79/><G79/><T92/><D92/><U45/><E45/><V106/><F106/><W108/><G6/><T86/><D86/><U125/><E125/><V57/><F57/><W18/><G118/><N who="1" m="45674" /><E114/><V68/><F68/><W5/><G5/><T103/><D66/><U28/><E28/><V77/><F77/><W113/><G119/><T10/><D44/><U8/><E43/><V132/><N who="2" m="51218" /><V59/><DORA hai="90" /><F59/><W61/><G113/><T60/><D42/><U73/><E41/><V17/><F17/><W4/><G4/><T81/><D16/><U102/><E73/><V34/><F34/><W13/><G18/><T130/><D35/><U23/><E102/><V78/><F78/><W69/><G101/><T109/><D103/><U121/><E121/><V36/><F36/><W52/><G100/><T26/><D130/><U30/><E30/><V95/><F80/><W21/><G69/><RYUUKYOKU ba="0,0" sc="230,-15,210,15,150,15,410,-15" hai1="8,9,14,19,23,55,56" hai2="31,33,40,47,51,85,89,95,97,99" /><INIT seed="2,1,0,2,2,92" ten="215,225,165,395" oya="2" hai0="106,112,3,82,113,121,39,52,75,69,67,124,49" hai1="72,108,116,17,37,36,21,87,26,56,46,50,115" hai2="66,30,42,119,111,1,126,7,77,59,123,22,99" hai3="9,122,130,47,53,57,2,132,105,129,96,135,91"/><V35/><F119/><W89/><G122/><T20/><D121/><U44/><E108/><V65/><F123/><W74/><G74/><T68/><D106/><U100/><E115/><V51/><F35/><W24/><G47/><T110/><D3/><U93/><E72/><V54/><F126/><W19/><G89/><T13/><D110/><U28/><E116/><V128/><F111/><W71/><G71/><T118/><D118/><U38/><E56/><V83/><F128/><N who="3" m="49259" /><G24/><T95/><D39/><U86/><E46/><V79/><F42/><W15/><G2/><T61/><D124/><U41/><REACH who="1" step="1"/><E28/><REACH who="1" ten="215,215,165,395" step="2"/><V43/><F43/><W133/><G57/><T58/><D69/><U84/><E84/><V25/><F65/><W134/><G132/><T109/><D109/><U78/><E78/><V104/><F66/><W14/><G133/><T31/><D31/><U16/><E16/><V4/><F77/><W62/><G19/><N who="0" m="10351" /><D113/><U98/><AGARI ba="1,1" hai="17,21,26,36,37,38,41,44,50,86,87,93,98,100" machi="98" ten="40,5200,0" yaku="1,1,0,1,52,1,53,0" doraHai="92" doraHaiUra="6" who="1" fromWho="1" sc="215,-14,215,65,165,-27,395,-14" /><INIT seed="3,0,0,3,4,84" ten="201,280,138,381" oya="3" hai0="14,26,87,59,42,124,69,71,95,91,96,6,5" hai1="86,106,40,46,123,90,129,33,135,19,134,21,7" hai2="101,117,15,109,118,108,49,35,100,120,107,103,29" hai3="70,74,56,31,12,85,1,27,17,16,43,116,23"/><W44/><G70/><T57/><D71/><U45/><E123/><V99/><F15/><W131/><G74/><T78/><D69/><U13/><E106/><V127/><F29/><W88/><G1/><T130/><D130/><U48/><E33/><V52/><F35/><W36/><G131/><T2/><D2/><U4/><E129/><V34/><F34/><W122/><G116/><T125/><D26/><U82/><REACH who="1" step="1"/><E46/><REACH who="1" ten="201,270,138,381" step="2"/><V68/><F68/><W105/><G105/><T10/><D125/><U72/><E72/><V93/><F120/><W37/><G122/><T133/><D124/><U104/><E104/><V81/><F127/><W50/><G44/><T64/><D57/><U110/><E110/><N who="2" m="42603" /><F107/><W115/><G56/><T24/><D59/><U39/><E39/><V0/><F0/><W121/><G37/><T111/><D111/><U53/><E53/><V102/><F52/><W11/><G36/><T38/><D38/><U112/><E112/><V66/><F66/><W63/><G115/><T94/><D64/><U8/><E8/><V89/><F49/><W126/><G50/><T97/><D10/><U60/><E60/><V80/><N who="2" m="25600" /><DORA hai="65" /><V114/><F114/><W32/><G63/><T83/><D42/><U62/><E62/><V28/><F28/><W22/><G31/><T25/><D14/><U55/><E55/><V20/><F20/><W9/><G23/><T51/><D51/><U3/><E3/><V75/><F75/><W58/><G22/><T41/><D41/><U76/><E76/><V119/><AGARI ba="0,1" hai="80,81,89,93,99,117,118,119" m="25600,42603" machi="119" ten="50,8000,1" yaku="14,1,34,2,52,1" doraHai="84,65" who="2" fromWho="2" sc="201,-20,270,-20,138,90,381,-40" owari="181,-31.9,250,5.0,228,-17.2,341,44.1" /></mjloggm>