<mjloggm ver="2.3"><GO type="225" lobby="0"/><UN n0="%72%69%6F%75%63%68%61%6E" n1="%6D%75%75%73%61%6E%6D%75" n2="%72%65%6E%6B%75%6E" n3="%41%6F%54" dan="16,17,17,16" rate="2197.47,2149.73,2263.89,2042.02" sx="M,F,M,M"/><TAIKYOKU oya="0"/><INIT seed="0,0,0,5,3,20" ten="250,250,250,250" oya="0" hai0="57,124,91,104,112,96,92,3,108,48,12,63,28" hai1="11,47,125,26,51,31,46,8,76,78,79,1,0" hai2="34,32,134,110,21,53,66,38,15,16,25,59,10" hai3="61,88,24,7,5,67,123,82,45,80,17,101,109"/><T135/><D112/><U77/><E125/><V84/><F38/><W121/><G109/><T133/><D124/><U73/><E1/><V94/><F110/><W64/><G101/><T83/><D3/><U35/><E0/><V65/><F134/><N who="0" m="51210" /><D108/><U37/><E37/><V72/><F72/><W126/><G126/><T114/><D114/><U4/><E4/><V100/><F34/><W27/><G45/><T127/><D127/><U89/><E46/><V60/><F32/><W116/><G17/><T19/><D104/><U2/><E2/><V132/><F132/><W6/><G116/><T106/><D106/><U75/><N who="1" m="19456" /><DORA hai="113" /><U120/><E120/><N who="3" m="46154" /><G88/><N who="0" m="55303" /><D28/><U90/><E90/><N who="2" m="53575" /><F100/><W71/><G67/><N who="0" m="39407" /><D48/><U56/><E89/><V43/><F43/><W23/><G23/><T58/><D58/><U95/><E56/><V122/><F122/><W107/><G107/><T131/><D131/><U85/><E95/><V62/><F62/><W54/><G54/><T22/><D91/><U44/><E85/><V41/><F41/><W129/><G129/><T99/><D99/><U33/><E33/><V74/><F74/><W55/><G55/><T128/><D128/><U29/><E75/><V119/><F119/><W103/><G103/><T9/><D22/><N who="1" m="15575" /><E73/><V98/><F98/><W42/><G42/><T50/><D50/><U86/><E86/><V13/><F66/><W52/><G52/><T102/><D102/><U81/><E81/><AGARI ba="0,0" hai="5,6,7,24,27,61,64,71,80,81,82" m="46154" machi="81" ten="30,3900,0" yaku="13,1,52,2" doraHai="20,113" who="3" fromWho="1" sc="250,0,250,-39,250,0,250,39" /><AGARI ba="0,0" hai="9,12,19,81,83" m="39407,55303,51210" machi="81" ten="30,2900,0" yaku="20,1,54,1" doraHai="20,113" who="0" fromWho="1" sc="250,29,211,-29,250,0,289,0" /><INIT seed="0,1,0,3,3,41" ten="279,182,250,289" oya="0" hai0="42,58,128,120,116,10,8,45,84,76,12,94,100" hai1="44,68,71,7,53,129,95,56,112,131,104,31,127" hai2="3,111,48,22,65,88,63,87,35,64,89,54,77" hai3="102,9,97,101,132,83,91,74,51,72,19,67,59"/><T81/><D116/><U79/><E104/><V5/><F35/><W6/><G132/><T70/><D120/><U43/><E127/><V110/><F77/><W1/><G19/><T117/><D117/><U11/><E95/><V49/><F5/><W125/><G125/><T78/><D70/><N who="1" m="26667" /><E31/><V66/><F3/><W126/><G102/><T20/><D128/><N who="1" m="49227" /><E11/><V24/><F63/><W109/><G109/><N who="2" m="41481" /><F87/><W32/><G32/><T27/><D58/><U103/><E103/><V16/><F49/><W80/><G126/><T26/><D78/><U122/><E79/><V121/><F121/><W39/><G39/><T107/><D107/><U25/><E7/><V23/><F22/><W105/><G6/><N who="0" m="3095" /><D10/><U99/><E122/><V57/><AGARI ba="1,0" hai="16,23,24,48,54,57,64,65,66,88,89" m="41481" machi="57" ten="30,4000,0" yaku="14,1,54,2" doraHai="41" who="2" fromWho="2" sc="279,-21,182,-11,250,43,289,-11" /><INIT seed="1,0,0,3,5,82" ten="258,171,293,278" oya="1" hai0="110,116,51,58,113,1,98,134,18,127,4,50,78" hai1="38,56,119,41,8,65,32,88,103,37,61,77,9" hai2="122,135,6,108,100,28,76,107,30,66,14,130,47" hai3="109,5,10,59,34,74,117,99,90,94,132,53,13"/><U91/><E119/><V131/><F122/><W73/><G117/><T96/><D116/><U114/><E114/><V49/><F108/><W55/><G109/><T17/><D113/><U86/><E32/><V112/><F112/><W120/><G120/><T48/><D110/><U92/><E38/><V60/><F76/><W71/><G71/><T33/><D33/><U115/><E115/><V121/><F121/><W85/><G34/><T125/><D134/><U46/><E103/><V22/><F135/><W104/><G132/><T102/><D78/><U123/><E123/><V64/><F100/><W29/><G29/><N who="2" m="11369" /><F60/><W42/><G42/><T0/><D58/><U93/><REACH who="1" step="1"/><E77/><REACH who="1" ten="258,161,293,278" step="2"/><V84/><F107/><W21/><G104/><T62/><D127/><U40/><E40/><N who="2" m="24807" /><F131/><W3/><G74/><T57/><D125/><U105/><E105/><V23/><F130/><W89/><G73/><T69/><D102/><U63/><E63/><V129/><F129/><W111/><G111/><T128/><D128/><U54/><E54/><V67/><F84/><AGARI ba="0,1" hai="8,9,37,41,46,56,61,65,84,86,88,91,92,93" machi="84" ten="30,18000,2" yaku="1,1,7,1,9,1,52,2,54,1,53,0" doraHai="82" doraHaiUra="133" who="1" fromWho="2" sc="258,0,161,190,293,-180,278,0" /><INIT seed="1,1,0,1,3,12" ten="258,351,113,278" oya="1" hai0="11,69,35,9,48,59,33,5,6,131,71,30,56" hai1="66,50,85,47,53,109,34,65,102,19,98,61,32" hai2="122,120,10,55,119,72,21,22,130,125,28,2,96" hai3="105,87,112,26,60,49,70,97,124,110,1,3,51"/><U74/><E74/><V104/><F72/><W127/><G112/><T133/><D48/><N who="3" m="18505" /><G87/><T103/><D103/><U58/><E109/><V79/><F79/><W13/><G26/><T77/><D30/><U14/><E85/><V108/><F55/><W135/><G110/><T106/><D131/><U64/><E32/><N who="0" m="12361" /><D77/><U90/><E34/><V91/><F91/><W94/><G105/><T129/><D129/><U100/><E90/><V82/><F82/><W23/><G135/><T67/><D67/><N who="1" m="25675" /><E98/><V39/><F96/><W20/><G60/><T116/><D116/><U4/><E4/><N who="0" m="1641" /><D133/><U114/><E114/><V83/><F104/><W128/><G70/><N who="0" m="26635" /><D106/><U75/><E75/><V107/><F107/><W46/><G46/><T7/><N who="0" m="1649" /><T68/><N who="0" m="26643" /><DORA hai="0" /><T38/><DORA hai="62" /><D38/><U78/><E78/><V88/><F39/><W15/><G128/><T16/><D16/><U121/><E121/><V57/><F130/><W40/><G1/><T24/><D24/><U117/><E117/><V123/><F119/><W81/><G3/><T73/><D73/><U95/><E95/><V42/><F120/><W17/><G94/><T37/><D37/><U44/><E44/><V43/><F122/><W29/><G97/><T76/><D76/><U36/><E36/><V93/><F2/><W52/><G81/><T132/><D132/><U115/><E115/><V45/><F83/><W41/><G29/><T31/><D31/><U89/><E89/><V101/><F28/><W8/><G17/><T134/><D134/><U118/><E118/><V99/><F123/><W27/><G27/><RYUUKYOKU ba="1,0" sc="258,15,351,15,113,-15,278,-15" hai0="9,11,56,59" hai1="14,19,47,50,53,58,61,66,100,102" /><INIT seed="1,2,0,0,3,67" ten="273,366,98,263" oya="1" hai0="14,88,20,106,72,11,78,54,12,135,51,71,111" hai1="114,99,101,79,75,21,125,81,121,83,9,40,104" hai2="1,122,76,38,105,29,49,94,42,133,41,60,25" hai3="64,134,15,113,3,61,77,116,93,55,91,23,117"/><U80/><E114/><V126/><F105/><W68/><G3/><T33/><D33/><U82/><E121/><V98/><F1/><W26/><G113/><T10/><D106/><U112/><E112/><V120/><F122/><W66/><G77/><T45/><D111/><U39/><E125/><V103/><F120/><W37/><G37/><T84/><D135/><U4/><E39/><V44/><F133/><W8/><G134/><T124/><D124/><U123/><E40/><V127/><F76/><W0/><G0/><T5/><D71/><U87/><E123/><V50/><F60/><W92/><G55/><T34/><D34/><U17/><E75/><V100/><F38/><W89/><G66/><T56/><D20/><U70/><E70/><V43/><F100/><W118/><G93/><T96/><D96/><U46/><E46/><V131/><F131/><W128/><G92/><N who="0" m="54279" /><D72/><U52/><E52/><V27/><F27/><W18/><REACH who="3" step="1"/><G128/><REACH who="3" ten="273,366,98,253" step="2"/><T97/><D78/><U32/><E104/><V31/><F126/><W108/><G108/><T48/><D97/><U35/><E99/><V16/><F127/><W30/><AGARI ba="2,1" hai="8,15,18,23,26,30,61,64,68,89,91,116,117,118" machi="30" ten="30,12000,2" yaku="1,1,0,1,12,1,52,1,53,3" doraHai="67" doraHaiUra="115" who="3" fromWho="3" sc="273,-32,366,-62,98,-32,253,136" /><INIT seed="2,0,0,0,2,120" ten="241,304,66,389" oya="2" hai0="70,35,90,81,132,85,86,44,67,36,76,17,51" hai1="130,73,55,56,10,113,15,47,134,64,3,121,129" hai2="20,46,11,71,60,63,52,94,99,54,74,26,21" hai3="53,41,124,123,34,106,12,91,103,75,2,43,108"/><V125/><F74/><W33/><G2/><T127/><D35/><U104/><E113/><V96/><F125/><W88/><G75/><T87/><D36/><U9/><E121/><V107/><F107/><W98/><G123/><T66/><D127/><U128/><E134/><V84/><F71/><W80/><G124/><T38/><D38/><U62/><E73/><V29/><F11/><W16/><G53/><N who="2" m="20585" /><F46/><W112/><G112/><T133/><D17/><U77/><E104/><V23/><F84/><N who="0" m="32362" /><D76/><U79/><E3/><V18/><F23/><W116/><G116/><T49/><D70/><U42/><E9/><V93/><F94/><W65/><G34/><T109/><D109/><U1/><E1/><V78/><F78/><W69/><G108/><T114/><D114/><U5/><E55/><V45/><F45/><W95/><G33/><T40/><D51/><AGARI ba="0,0" hai="5,10,15,42,47,51,56,62,64,77,79,128,129,130" machi="51" ten="40,1300,0" yaku="19,1" doraHai="120" who="1" fromWho="0" sc="241,-13,304,13,66,0,389,0" /><INIT seed="3,0,0,5,5,99" ten="228,317,66,389" oya="3" hai0="75,127,80,25,59,71,72,106,46,119,26,53,128" hai1="2,43,27,60,81,14,51,61,118,133,22,73,42" hai2="21,56,1,74,108,65,104,121,29,17,79,129,66" hai3="82,9,35,84,6,86,28,130,12,23,47,7,113"/><W110/><G113/><T78/><D71/><U120/><E2/><V117/><F79/><W134/><G130/><T115/><D119/><U24/><E120/><V112/><F21/><W102/><G134/><T19/><D106/><U3/><E3/><V94/><F17/><W85/><G35/><T83/><D128/><U111/><E133/><V105/><F29/><W68/><G68/><T124/><D46/><U34/><E34/><V41/><F94/><W87/><G110/><T95/><D115/><U62/><E111/><V90/><F90/><W97/><G47/><T77/><D95/><U4/><E73/><V20/><F20/><W98/><G102/><T57/><D53/><U37/><E37/><V88/><F88/><N who="3" m="51223" /><G6/><T50/><D50/><U116/><E116/><V58/><F41/><W45/><G45/><T126/><REACH who="0" step="1"/><D19/><REACH who="0" ten="218,317,66,389" step="2"/><U103/><E118/><V33/><F112/><W132/><G132/><T31/><D31/><U70/><E70/><V54/><F117/><W55/><G55/><T18/><D18/><U39/><E39/><V135/><F121/><W52/><G52/><T131/><D131/><U36/><E36/><V32/><F129/><W0/><G0/><T122/><D122/><U125/><E51/><V101/><F54/><W93/><G93/><T10/><D10/><U5/><E42/><V89/><F135/><W44/><G44/><T30/><D30/><U15/><E43/><V16/><F108/><W76/><G28/><T8/><D8/><U11/><E11/><V96/><F105/><W67/><G9/><T49/><D49/><U40/><E40/><RYUUKYOKU ba="0,1" sc="218,30,317,-10,66,-10,389,-10" hai0="25,26,57,59,72,75,77,78,80,83,124,126,127" owari="248,-15.2,307,10.7,56,-44.4,389,48.9" /></mjloggm>