<mjloggm ver="2.3"><GO type="225" lobby="0"/><UN n0="%E9%80%86%E9%80%A3%E5%B8%AF%E3%81%AE%E9%AC%BC" n1="%E6%A1%9C%E8%8A%B1%E9%96%83%E3%80%85" n2="%E4%B8%89%E5%86%A0%E7%8E%8B%E3%83%BB%E5%B1%B1%E7%94%B0%E5%93%B2%E4%BA%BA" n3="%E5%B8%86%E7%AB%8B%E5%A4%8F%E8%A1%A3" dan="16,16,16,17" rate="2158.07,2132.57,2142.60,2155.09" sx="M,M,M,M"/><TAIKYOKU oya="0"/><INIT seed="0,0,0,3,4,103" ten="250,250,250,250" oya="0" hai0="40,95,69,71,35,126,129,12,15,28,30,57,43" hai1="93,80,130,100,16,94,49,121,78,133,52,96,36" hai2="51,110,81,0,73,120,25,63,23,111,117,77,47" hai3="18,75,46,11,79,19,86,84,134,90,32,62,45"/><T10/><D129/><U67/><E121/><V125/><F120/><W101/><G32/><T122/><D126/><U58/><E133/><V20/><F125/><W38/><G134/><T102/><D122/><U109/><E109/><V91/><F117/><W92/><G75/><T61/><D35/><U72/><E130/><V65/><F0/><W8/><G101/><T124/><D124/><U83/><E36/><V119/><F91/><W21/><G62/><T9/><D95/><U88/><E67/><V26/><F119/><W44/><G38/><T48/><D102/><U128/><E128/><V70/><F23/><W29/><G29/><T76/><D76/><U31/><E31/><V60/><F60/><W114/><G114/><T115/><D48/><U135/><E135/><V53/><REACH who="2" step="1"/><F26/><REACH who="2" ten="250,250,240,250" step="2"/><W127/><G127/><T98/><D61/><U14/><E83/><V105/><F105/><W106/><G106/><T66/><D115/><U5/><E5/><V56/><F56/><W33/><G33/><T2/><D57/><U82/><E82/><V123/><F123/><W68/><G68/><T107/><D2/><U116/><E116/><V3/><F3/><W50/><G21/><T6/><D6/><U108/><E108/><V64/><F64/><W85/><G79/><T13/><D66/><U132/><E132/><V131/><F131/><W22/><G22/><T34/><D34/><U97/><E14/><V37/><F37/><W59/><G90/><T41/><D71/><U27/><E27/><V7/><F7/><W42/><G92/><T4/><D69/><U55/><E94/><RYUUKYOKU ba="0,1" sc="250,-10,250,-10,240,30,250,-10" hai2="20,25,47,51,53,63,65,70,73,77,81,110,111" /><INIT seed="1,1,1,3,1,112" ten="240,240,270,240" oya="1" hai0="51,27,87,5,53,33,76,9,68,11,75,47,118" hai1="69,90,84,35,117,125,93,41,102,43,127,17,106" hai2="124,42,116,24,58,94,62,97,83,45,31,109,132" hai3="20,103,22,128,28,72,8,111,130,26,25,80,131"/><U2/><E69/><V79/><F109/><W59/><G111/><T115/><D115/><U48/><E2/><V113/><F113/><W99/><G8/><T135/><D135/><U129/><E35/><V7/><F124/><N who="1" m="47689" /><E129/><V50/><F7/><W16/><G59/><T65/><D75/><U36/><E36/><V85/><F132/><W107/><G80/><T73/><D73/><AGARI ba="1,1" hai="16,20,22,25,26,28,72,73,99,103,107,128,130,131" machi="73" ten="40,2600,0" yaku="19,1,54,1" doraHai="112" who="3" fromWho="0" sc="240,-29,240,0,270,0,240,39" /><INIT seed="2,0,0,2,4,54" ten="211,240,270,279" oya="2" hai0="131,109,42,18,111,52,88,124,92,64,55,35,66" hai1="21,73,40,132,62,68,79,130,102,6,126,99,14" hai2="16,0,7,53,2,25,108,89,28,38,107,97,91" hai3="60,123,134,128,43,26,58,11,70,56,125,80,115"/><V85/><F38/><W87/><G123/><T34/><D131/><U31/><E130/><V127/><F127/><W135/><G128/><T47/><D124/><U118/><E126/><V95/><F108/><N who="0" m="41546" /><D18/><U32/><E118/><V82/><F7/><W44/><G125/><T76/><D76/><U72/><E132/><N who="3" m="50730" /><G115/><T3/><D3/><U94/><E40/><V104/><F104/><W103/><G103/><T114/><D114/><U71/><E79/><V30/><F107/><W106/><G26/><T51/><D66/><U37/><E6/><V90/><F90/><N who="3" m="51559" /><G11/><T9/><D64/><U1/><E73/><V46/><F30/><W120/><G106/><T86/><D9/><U24/><E72/><V39/><F16/><W10/><G10/><T8/><D8/><U133/><E1/><V100/><F100/><W50/><G120/><T19/><D19/><U4/><E4/><V61/><F0/><W27/><G27/><T69/><D69/><U77/><E133/><V22/><F2/><W112/><G112/><T13/><D13/><U57/><E77/><V48/><F39/><W17/><G17/><T41/><D41/><U93/><E37/><V119/><F119/><W113/><G113/><T78/><D78/><U81/><E71/><V5/><F5/><W122/><G122/><T12/><D12/><U121/><E68/><V65/><F65/><AGARI ba="0,0" hai="43,44,50,56,58,60,65,70" m="51559,50730" machi="65" ten="30,3900,0" yaku="20,1,52,2" doraHai="54" who="3" fromWho="2" sc="211,0,240,0,270,-39,279,39" /><INIT seed="3,0,0,2,0,106" ten="211,240,231,318" oya="3" hai0="14,133,108,44,112,103,125,46,120,79,63,100,130" hai1="21,122,16,50,64,117,13,41,7,0,88,107,111" hai2="101,135,6,114,121,81,20,90,40,80,19,86,119" hai3="98,78,92,34,45,75,116,36,65,115,102,126,77"/><W31/><G115/><T72/><D112/><U53/><E122/><V5/><F114/><W28/><G116/><T38/><D120/><U99/><E117/><V49/><F119/><W118/><G118/><T58/><D133/><U3/><E41/><V66/><F121/><W29/><G34/><T11/><D130/><U85/><E64/><V127/><F135/><W23/><G126/><T131/><D131/><U89/><E111/><V39/><F127/><W2/><G2/><T8/><D108/><U4/><E0/><V12/><F39/><W132/><G75/><T123/><D123/><U82/><E3/><V61/><F101/><W62/><G132/><T96/><D125/><U93/><E107/><V43/><F81/><W124/><G124/><T56/><D79/><N who="3" m="30217" /><G45/><AGARI ba="0,0" hai="4,7,13,16,21,45,50,53,82,85,88,89,93,99" machi="45" ten="30,7700,0" yaku="7,1,8,1,54,2" doraHai="106" who="1" fromWho="3" sc="211,0,240,77,231,0,318,-77" owari="211,-28.9,317,41.7,231,-16.9,241,4.1" /></mjloggm>