<mjloggm ver="2.3"><GO type="225" lobby="0"/><UN n0="%43%68%65" n1="%E9%80%9F%E6%B0%B4%E5%87%9B%E9%A6%99" n2="%E3%81%9F%E3%81%8C%E3%82%84%E3%81%99" n3="%E3%81%A1%E3%82%85%E3%81%86%E3%81%A9%E3%81%8F%E8%B1%A1%E3%81%95%E3%82%93" dan="16,16,16,17" rate="2159.21,2077.82,2113.22,2159.04" sx="M,F,M,M"/><TAIKYOKU oya="0"/><INIT seed="0,0,0,2,4,84" ten="250,250,250,250" oya="0" hai0="22,118,45,83,21,128,4,126,18,119,93,75,132" hai1="7,131,58,57,49,2,29,98,96,110,53,59,135" hai2="64,10,76,12,24,42,114,71,129,67,60,130,5" hai3="74,115,19,11,41,47,73,97,82,90,23,31,17"/><T55/><D4/><U34/><E110/><V43/><F67/><W102/><G115/><T38/><D126/><U86/><E135/><V16/><F114/><W89/><G31/><T134/><D128/><N who="2" m="49258" /><F76/><W99/><G11/><T123/><D123/><U103/><E131/><V91/><F91/><W15/><G19/><T72/><D93/><U88/><E34/><V116/><F116/><W37/><G99/><T100/><D100/><U52/><E29/><V87/><F87/><W13/><G13/><T62/><D83/><U63/><E58/><V109/><F109/><W68/><G68/><T85/><D85/><U39/><E39/><V70/><F71/><W51/><G37/><T30/><D38/><U80/><REACH who="1" step="1"/><E103/><REACH who="1" ten="250,240,250,250" step="2"/><V36/><F36/><W65/><G65/><T1/><D30/><U79/><E79/><V3/><F24/><W26/><G26/><T81/><D134/><U112/><E112/><V101/><F101/><W25/><G25/><T124/><D132/><U40/><E40/><V121/><F121/><W66/><G66/><T9/><D119/><U125/><E125/><V94/><F94/><W111/><G111/><T61/><D124/><U44/><E44/><V56/><F70/><W35/><G35/><T108/><D108/><U104/><E104/><V117/><F117/><W122/><G122/><T33/><D33/><U78/><E78/><V48/><F48/><W69/><G69/><T92/><D118/><U28/><E28/><V14/><F43/><W133/><G133/><T0/><D75/><N who="3" m="28681" /><G82/><T113/><D72/><U27/><E27/><V106/><F106/><AGARI ba="0,1" hai="15,17,23,41,47,51,89,90,97,102,106" m="28681" machi="106" ten="30,3900,0" yaku="6,1,52,2" doraHai="84" who="3" fromWho="2" sc="250,0,240,0,250,-39,250,49" /><INIT seed="1,0,0,5,3,106" ten="250,240,211,299" oya="1" hai0="70,120,0,119,116,41,30,95,134,122,59,62,36" hai1="61,74,77,11,60,131,56,85,35,97,40,8,84" hai2="129,99,93,104,114,15,72,90,115,50,109,34,13" hai3="6,65,130,73,118,31,51,132,78,107,28,69,17"/><U21/><E131/><V22/><F34/><W45/><G107/><T101/><D0/><U96/><E35/><V57/><F129/><W64/><G6/><T19/><D30/><U110/><E97/><V24/><F104/><W7/><G130/><T71/><D19/><U1/><E96/><V126/><F109/><W33/><G7/><T14/><D14/><U75/><E40/><V2/><F2/><W127/><G127/><T25/><D95/><U112/><E56/><V133/><F126/><W102/><G102/><T123/><D25/><U66/><E66/><V3/><F3/><W39/><G39/><T47/><D101/><U16/><E77/><V46/><F57/><W105/><G105/><T86/><D86/><U111/><E1/><V18/><F133/><W117/><G132/><T27/><D27/><U58/><E58/><V32/><F72/><W37/><G37/><T76/><D76/><U52/><E16/><V83/><F83/><N who="3" m="45519" /><G17/><T68/><D134/><U103/><E103/><V23/><F32/><W87/><G87/><T98/><D98/><U53/><REACH who="1" step="1"/><E112/><REACH who="1" ten="250,230,211,299" step="2"/><N who="2" m="43051" /><F22/><AGARI ba="0,1" hai="8,11,21,22,52,53,60,61,74,75,84,85,110,111" machi="22" ten="25,18000,2" yaku="1,1,22,2,52,2,54,1,53,0" doraHai="106" doraHaiUra="79" who="1" fromWho="2" sc="250,0,230,190,211,-180,299,0" /><INIT seed="1,1,0,4,0,67" ten="250,420,31,299" oya="1" hai0="98,119,57,38,21,47,125,104,70,78,3,12,74" hai1="33,56,126,93,63,44,7,90,112,37,11,61,113" hai2="87,128,30,134,41,15,9,73,100,31,107,66,108" hai3="110,116,72,118,101,130,117,86,43,5,132,23,94"/><U40/><E33/><V54/><F73/><W45/><G110/><T36/><D119/><U129/><E129/><V75/><F75/><W59/><G132/><T96/><D3/><U35/><E35/><V79/><F108/><W71/><G130/><T58/><D125/><U68/><E126/><V42/><F128/><W111/><G111/><T49/><D74/><U25/><E25/><V8/><F134/><W80/><G72/><T55/><D78/><U51/><E61/><V85/><F107/><W106/><G59/><T76/><D76/><U99/><E37/><V16/><F100/><W22/><G5/><T114/><D12/><U60/><E60/><V28/><F66/><W97/><G106/><T13/><D114/><U84/><E84/><V92/><F54/><W69/><G22/><T1/><D1/><U2/><E68/><N who="3" m="26186" /><G23/><T89/><D70/><U135/><E135/><V52/><F8/><W115/><G115/><T103/><D58/><U64/><AGARI ba="1,0" hai="2,7,11,40,44,51,56,63,64,90,93,99,112,113" machi="64" ten="20,2100,0" yaku="0,1,7,1" doraHai="67" who="1" fromWho="1" sc="250,-8,420,24,31,-8,299,-8" /><INIT seed="1,2,0,0,5,126" ten="242,444,23,291" oya="1" hai0="64,60,80,18,89,14,34,105,25,103,97,31,70" hai1="45,37,3,119,102,85,41,131,15,5,59,92,56" hai2="121,86,111,6,109,74,32,66,71,81,4,50,117" hai3="0,47,125,12,122,54,134,124,35,68,17,87,2"/><U123/><E119/><V94/><F32/><W48/><G122/><T8/><D89/><U106/><E3/><V39/><F39/><W113/><G113/><T33/><D33/><U120/><E120/><V84/><F74/><W10/><G68/><T100/><D100/><U23/><E123/><V61/><F121/><W118/><G118/><T46/><D46/><U19/><E5/><V78/><F117/><W44/><G35/><T27/><D27/><U110/><E110/><N who="2" m="41995" /><F50/><W1/><G134/><T69/><D69/><U132/><E132/><V30/><F30/><W128/><G44/><T40/><D80/><U104/><E104/><V62/><F62/><W82/><REACH who="3" step="1"/><G128/><REACH who="3" ten="242,444,23,281" step="2"/><T58/><D58/><U57/><E56/><V16/><F4/><W76/><AGARI ba="2,1" hai="0,1,2,10,12,17,47,48,54,76,82,87,124,125" machi="76" ten="40,5200,0" yaku="1,1,2,1,0,1,53,0" doraHai="126" doraHaiUra="114" who="3" fromWho="3" sc="242,-15,444,-28,23,-15,281,68" /><INIT seed="2,0,0,2,4,79" ten="227,416,8,349" oya="2" hai0="132,49,57,34,58,93,65,10,56,45,59,60,131" hai1="48,46,40,83,76,125,6,30,97,117,89,11,129" hai2="119,69,134,21,50,86,68,47,33,31,16,98,112" hai3="88,7,22,43,29,84,36,44,110,80,127,103,120"/><V107/><F33/><W2/><G120/><T94/><D34/><U115/><E117/><V121/><F119/><W104/><G110/><T41/><D131/><U28/><E115/><V99/><F121/><W77/><G127/><T70/><D132/><U133/><E129/><V106/><F112/><W113/><G113/><T66/><D66/><U61/><E133/><V13/><F134/><W126/><G126/><T75/><D75/><U82/><E125/><V71/><F31/><W67/><G67/><T4/><N who="0" m="14336" /><DORA hai="42" /><T123/><REACH who="0" step="1"/><D123/><REACH who="0" ten="217,416,8,349" step="2"/><U9/><E61/><V27/><F27/><W32/><G32/><T53/><D53/><U114/><E114/><V51/><F86/><W95/><G29/><T116/><D116/><U105/><E30/><V109/><F109/><W85/><G22/><T90/><D90/><U130/><E89/><V19/><F21/><W15/><G2/><AGARI ba="0,1" hai="2,4,10,41,45,49,60,65,70,93,94" m="14336" machi="2" ten="50,6400,0" yaku="1,1,52,1,53,1" doraHai="79,42" doraHaiUra="17,64" who="0" fromWho="3" sc="217,74,416,0,8,0,349,-64" /><INIT seed="3,0,0,4,5,90" ten="291,416,8,285" oya="3" hai0="67,98,59,40,15,84,51,105,45,27,4,37,31" hai1="104,93,76,71,118,94,68,119,10,11,120,13,130" hai2="65,107,106,72,41,89,58,63,103,38,96,22,60" hai3="6,48,16,77,91,28,33,32,39,50,124,12,43"/><W127/><G6/><T30/><D84/><U123/><E104/><V135/><F72/><W44/><G77/><T88/><D105/><U29/><E76/><V134/><F107/><W0/><G0/><T47/><D47/><U75/><E29/><V36/><F41/><W78/><G78/><T114/><D114/><U108/><E108/><V19/><F89/><W122/><G122/><T97/><D37/><U18/><E18/><V25/><F63/><W62/><G62/><N who="0" m="38367" /><D27/><U81/><E81/><V79/><F79/><W55/><G91/><T54/><D54/><U100/><E100/><V3/><F3/><W61/><G61/><T125/><D125/><N who="3" m="48201" /><G28/><N who="0" m="10795" /><D88/><U101/><E101/><V113/><F113/><W115/><G115/><T74/><D74/><U117/><E75/><V21/><F135/><W1/><G1/><T102/><D102/><U26/><E118/><V73/><F134/><W85/><G85/><T82/><D82/><U49/><E117/><V99/><F73/><W109/><G109/><T132/><D132/><U116/><E119/><V56/><F99/><W53/><G39/><T83/><D83/><U8/><E120/><V133/><F133/><W129/><G129/><T34/><D34/><N who="3" m="13417" /><G48/><T7/><D7/><U2/><E130/><V66/><F38/><W57/><G57/><N who="2" m="22121" /><F36/><W87/><G87/><T92/><D4/><U35/><E123/><V110/><F110/><W86/><G86/><T69/><D98/><U112/><E116/><V111/><F111/><W46/><G44/><T23/><D97/><U42/><E112/><V80/><F60/><W5/><G5/><RYUUKYOKU ba="0,0" sc="291,-10,416,-10,8,-10,285,30" hai3="12,16,43,46,50,53,55" owari="281,-11.9,406,50.6,-2,-50.2,315,11.5" /></mjloggm>