<mjloggm ver="2.3"><GO type="225" lobby="0"/><UN n0="%E5%8F%AF%E5%85%90%E9%82%A3%E7%94%B1%E5%A4%9A" n1="%4B%2E%32%2E%4B%2E" n2="%E8%91%B5%E3%81%A1%E3%82%83%E3%82%93" n3="%E3%81%A8%E3%82%93%E3%81%A8%E3%81%93%E3%81%A8%E3%82%93" dan="17,17,17,16" rate="2220.48,2185.64,2185.59,2120.78" sx="F,M,F,F"/><TAIKYOKU oya="0"/><INIT seed="0,0,0,2,0,27" ten="250,250,250,250" oya="0" hai0="77,108,73,75,125,132,96,114,46,105,90,33,22" hai1="98,113,69,21,49,45,20,94,51,92,1,0,31" hai2="39,59,58,127,28,37,103,41,18,35,55,118,100" hai3="134,130,104,56,88,66,87,30,85,40,16,115,78"/><T83/><D114/><U29/><E69/><V121/><F121/><W101/><G115/><T10/><D33/><U67/><E113/><V82/><F127/><W9/><G130/><T123/><D123/><U60/><E60/><V36/><F118/><W17/><G134/><T76/><D125/><U7/><E7/><V19/><F41/><W54/><G40/><T14/><D22/><U133/><E67/><V112/><F112/><W71/><G71/><T80/><D132/><U50/><E133/><V124/><F124/><W89/><G66/><T68/><D68/><U64/><E64/><V126/><F126/><W5/><G78/><T119/><D119/><U102/><E45/><V12/><F82/><N who="3" m="49207" /><G101/><T8/><D108/><U65/><E65/><V57/><F55/><W106/><G104/><T62/><D62/><U48/><E48/><V86/><F86/><W32/><G106/><T72/><D46/><U117/><E117/><V120/><F120/><W26/><G32/><T74/><D8/><U97/><E49/><V95/><F95/><N who="3" m="54719" /><G26/><T111/><D111/><U34/><E102/><V63/><F63/><N who="3" m="36247" /><G30/><T128/><D128/><U47/><E47/><V23/><F28/><W38/><G38/><T70/><D70/><U3/><E0/><V2/><F35/><AGARI ba="0,0" hai="1,3,20,21,29,31,34,35,50,51,92,94,97,98" machi="35" ten="25,6400,0" yaku="22,2,52,2" doraHai="27" who="1" fromWho="2" sc="250,0,250,64,250,-64,250,0" /><INIT seed="1,0,0,0,0,0" ten="250,314,186,250" oya="1" hai0="84,56,93,30,20,116,114,45,128,99,92,131,42" hai1="65,106,34,14,76,121,110,69,118,48,7,22,91" hai2="81,125,109,61,1,15,47,10,53,52,133,17,67" hai3="105,5,101,40,59,13,4,103,132,16,112,89,64"/><U71/><E118/><V96/><F109/><W82/><G112/><T11/><D114/><U127/><E121/><V63/><F125/><W87/><G132/><T108/><D116/><U6/><E34/><V19/><F133/><W33/><G33/><T38/><D108/><U54/><E106/><V27/><F1/><W58/><G40/><T32/><D32/><U8/><E65/><V46/><F81/><W18/><G105/><T28/><D84/><U80/><E91/><V9/><F67/><W134/><G134/><T107/><D107/><U83/><E6/><N who="3" m="2666" /><G18/><T50/><D11/><U68/><E127/><V130/><F130/><N who="0" m="49706" /><D20/><U79/><E22/><V115/><F115/><W29/><G29/><N who="0" m="11371" /><D99/><U104/><E104/><V113/><F113/><W88/><G89/><T37/><D56/><N who="3" m="21545" /><G64/><T66/><D66/><U123/><E123/><V35/><F35/><W122/><G122/><T44/><D37/><U41/><E41/><AGARI ba="0,0" hai="38,41,42,44,45,50,92,93" m="11371,49706" machi="41" ten="30,1000,0" yaku="19,1" doraHai="0" who="0" fromWho="1" sc="250,10,314,-10,186,0,250,0" /><INIT seed="2,0,0,3,3,20" ten="260,304,186,250" oya="2" hai0="124,50,3,90,29,18,85,64,107,125,83,110,39" hai1="106,81,131,22,31,132,119,58,35,86,54,127,1" hai2="113,120,95,15,8,38,23,97,80,53,5,88,33" hai3="21,26,65,78,13,17,49,25,71,122,32,51,135"/><V111/><F113/><W6/><G122/><T72/><D39/><U37/><E35/><V52/><F120/><W24/><G32/><T9/><D107/><U36/><E1/><V89/><F38/><W82/><G135/><T114/><D114/><U19/><E31/><V103/><F33/><W134/><G134/><T94/><D110/><U84/><E106/><V16/><F111/><W48/><G6/><T30/><D64/><U45/><E119/><V96/><F80/><W66/><REACH who="3" step="1"/><G71/><REACH who="3" ten="260,304,186,240" step="2"/><T75/><D124/><U101/><E132/><V100/><F100/><W59/><G59/><T10/><D125/><U74/><E58/><V98/><F103/><W70/><G70/><T108/><D108/><U112/><E127/><V130/><F130/><W46/><G46/><T2/><D2/><U69/><E69/><V91/><REACH who="2" step="1"/><F95/><REACH who="2" ten="260,304,176,240" step="2"/><W128/><G128/><T44/><D94/><U123/><E123/><V93/><F93/><W115/><G115/><T67/><D83/><U62/><E112/><V28/><F28/><W117/><G117/><T118/><D29/><U27/><E131/><V76/><F76/><W104/><G104/><T129/><D30/><U40/><E101/><V43/><F43/><W109/><G109/><T12/><D129/><U99/><E40/><V55/><F55/><W0/><G0/><AGARI ba="0,2" hai="0,5,8,15,16,23,52,53,88,89,91,96,97,98" machi="0" ten="40,12000,1" yaku="1,1,54,3,53,0" doraHai="20" doraHaiUra="73" who="2" fromWho="3" sc="260,0,304,0,176,140,240,-120" /><INIT seed="2,1,0,3,5,78" ten="260,304,316,120" oya="2" hai0="9,36,135,88,31,33,104,41,80,72,132,65,54" hai1="129,98,50,23,49,21,86,87,126,28,19,14,100" hai2="48,122,46,18,121,4,15,17,73,99,101,13,81" hai3="38,47,68,40,131,32,55,16,70,56,57,108,0"/><V102/><F4/><W66/><G32/><T109/><D104/><U61/><E126/><V2/><F2/><W103/><G0/><T92/><D65/><U106/><E129/><V120/><F73/><W127/><G103/><T5/><D109/><U26/><E61/><V1/><F1/><W25/><G108/><T76/><D54/><U84/><AGARI ba="1,0" hai="14,19,21,23,26,28,49,50,84,86,87,98,100,106" machi="84" ten="30,1100,0" yaku="0,1" doraHai="78" who="1" fromWho="1" sc="260,-4,304,14,316,-6,120,-4" /><INIT seed="3,0,0,0,1,59" ten="256,318,310,116" oya="3" hai0="107,20,114,40,45,54,100,98,18,38,26,119,43" hai1="37,105,93,55,88,34,10,70,39,68,106,125,76" hai2="19,78,71,36,21,116,84,15,47,31,57,110,77" hai3="50,133,86,24,129,52,60,81,111,124,72,48,12"/><W35/><G72/><T62/><D119/><U16/><E34/><V89/><F116/><W101/><G124/><T131/><D131/><U66/><E76/><V1/><F71/><W51/><G129/><T112/><D43/><U2/><E55/><V9/><F110/><W96/><G133/><T92/><D107/><U41/><E66/><V102/><F102/><W83/><G111/><T5/><D5/><U46/><E37/><V4/><F31/><W123/><G123/><T58/><AGARI ba="0,0" hai="18,20,26,38,40,45,54,58,62,92,98,100,112,114" machi="58" ten="30,2000,0" yaku="0,1,52,1" doraHai="59" who="0" fromWho="0" sc="256,20,318,-5,310,-5,116,-10" owari="276,-12.4,313,41.3,305,10.5,106,-39.4" /></mjloggm>