<mjloggm ver="2.3"><GO type="225" lobby="0"/><UN n0="%E3%82%B2%E3%82%B9%E8%8C%82%E5%8B%9D" n1="%E3%81%A8%E3%82%93%E3%81%A8%E3%81%93%E3%81%A8%E3%82%93" n2="%E9%A2%A8%E3%81%A7%E9%B3%B4%E3%81%8F" n3="%28%EF%BF%A3%E2%96%BD%EF%BF%A3%29%CE%B4%E2%8C%92%E3%83%BB" dan="16,16,16,16" rate="2090.33,2114.72,2163.79,2071.19" sx="F,F,M,M"/><TAIKYOKU oya="0"/><INIT seed="0,0,0,5,4,28" ten="250,250,250,250" oya="0" hai0="85,25,68,24,94,87,96,134,70,98,124,93,114" hai1="126,12,5,61,17,111,89,62,26,20,51,23,66" hai2="113,128,95,115,27,91,109,110,3,65,92,99,86" hai3="116,83,14,78,34,108,47,4,72,58,30,2,60"/><T80/><D114/><N who="2" m="43530" /><F65/><W127/><G116/><T123/><D80/><U77/><E111/><N who="2" m="42507" /><F27/><W36/><G14/><T101/><D134/><U43/><E126/><V45/><F45/><W16/><G16/><T117/><D117/><U8/><E77/><V57/><F57/><W90/><G90/><T41/><D101/><U112/><E112/><V104/><F3/><W56/><G127/><T33/><D124/><U100/><E100/><N who="2" m="62495" /><F95/><W105/><G105/><T64/><D64/><U55/><E43/><V133/><F133/><W131/><G108/><T19/><D19/><U37/><E37/><V21/><F21/><W73/><G60/><T48/><D48/><U0/><E66/><V120/><F120/><W9/><G58/><T31/><D31/><U38/><E38/><V6/><F6/><W39/><G56/><T35/><REACH who="0" step="1"/><D41/><REACH who="0" ten="240,250,250,250" step="2"/><U79/><E51/><V15/><F15/><N who="3" m="5543" /><G39/><T7/><D7/><U18/><E5/><V121/><F121/><AGARI ba="0,1" hai="24,25,33,35,68,70,85,87,93,94,96,98,121,123" machi="121" ten="25,12000,1" yaku="1,1,22,2,52,2,53,0" doraHai="28" doraHaiUra="11" who="0" fromWho="2" sc="240,130,250,0,250,-120,250,0" /><INIT seed="0,1,0,1,1,127" ten="370,250,130,250" oya="0" hai0="35,59,94,64,36,0,107,8,77,95,48,39,76" hai1="4,130,53,110,128,103,65,81,87,33,16,22,57" hai2="19,96,62,38,109,102,31,5,106,6,68,75,20" hai3="74,121,17,101,92,13,119,70,9,131,124,30,129"/><T52/><D107/><U114/><E33/><V93/><F109/><W112/><G70/><T28/><D64/><U104/><E110/><V91/><F38/><W42/><G124/><T113/><D113/><U37/><E37/><V133/><F133/><W23/><G112/><T115/><D115/><U45/><E65/><V99/><F31/><W51/><G74/><T24/><D36/><U135/><E45/><V118/><F75/><W132/><G132/><T47/><D94/><U44/><E44/><V26/><F68/><W61/><G61/><T41/><REACH who="0" step="1"/><D95/><REACH who="0" ten="360,250,130,250" step="2"/><U80/><E114/><V100/><F118/><W21/><G92/><T117/><D117/><U79/><E135/><V69/><F69/><W111/><G119/><T134/><D134/><U83/><E104/><V12/><F100/><W46/><G101/><T54/><D54/><U29/><E103/><V60/><F60/><W84/><G111/><T125/><D125/><U15/><E53/><V85/><F99/><W108/><G108/><T126/><D126/><U97/><E97/><V116/><F116/><W43/><G43/><T27/><D27/><U3/><E81/><V88/><F26/><N who="3" m="16719" /><G121/><T34/><D34/><U50/><E83/><V82/><F62/><W66/><G66/><T73/><D73/><U98/><E80/><V120/><REACH who="2" step="1"/><F120/><REACH who="2" ten="360,250,120,250" step="2"/><W71/><G71/><T10/><D10/><U58/><E98/><V40/><F40/><W56/><G9/><T90/><D90/><U7/><E79/><V32/><F32/><W49/><G84/><T78/><D78/><U63/><E87/><V123/><F123/><RYUUKYOKU ba="1,2" sc="360,10,250,-30,120,10,250,10" hai0="0,8,24,28,35,39,41,47,48,52,59,76,77" hai2="5,6,12,19,20,82,85,88,91,93,96,102,106" hai3="13,17,23,42,46,49,51,56,129,131" /><INIT seed="0,2,2,2,0,103" ten="370,220,130,260" oya="0" hai0="107,60,97,105,113,114,98,1,78,72,44,75,133" hai1="49,11,90,53,117,83,69,0,46,77,10,21,13" hai2="50,110,89,43,65,22,134,96,91,37,34,25,32" hai3="109,71,93,31,9,111,33,55,129,47,14,64,74"/><T54/><D1/><U45/><E117/><V108/><F134/><W95/><G74/><N who="0" m="28203" /><D60/><U81/><E69/><V12/><F65/><W62/><G129/><T42/><D54/><U82/><E0/><V16/><F37/><W68/><G68/><T24/><D24/><U8/><E77/><V104/><F50/><N who="3" m="29151" /><G31/><T61/><D61/><U135/><E135/><V40/><F43/><W76/><G76/><T67/><D67/><U87/><E46/><V131/><F40/><W73/><G73/><T132/><D44/><U79/><E79/><V121/><F121/><W116/><G33/><N who="2" m="12905" /><F25/><W94/><G116/><T41/><D42/><U51/><E49/><V120/><F120/><W27/><G27/><T128/><D41/><U28/><E28/><V102/><F131/><W39/><G39/><T26/><D26/><U56/><E45/><V100/><F100/><W92/><N who="3" m="23552" /><DORA hai="57" /><W4/><AGARI ba="2,2" hai="4,9,14,62,64,71,109,111" m="23552,29151" machi="4" ten="40,2700,0" yaku="4,1,52,1" doraHai="103,57" who="3" fromWho="3" sc="370,-15,220,-9,130,-9,260,53" /><INIT seed="1,0,0,1,1,113" ten="355,211,121,313" oya="1" hai0="93,98,64,95,126,117,36,57,51,70,127,7,10" hai1="69,32,67,129,62,27,47,22,130,55,52,58,134" hai2="111,96,91,109,38,94,63,92,104,61,24,39,26" hai3="50,5,110,121,81,97,54,71,73,33,19,72,120"/><U66/><E32/><V84/><F104/><W124/><G33/><T40/><D70/><U85/><E134/><V105/><F105/><W83/><G71/><T118/><D36/><U89/><E67/><V80/><F80/><W99/><G5/><T78/><D78/><U12/><E12/><V79/><F79/><W8/><G8/><T23/><D23/><U28/><E47/><V86/><REACH who="2" step="1"/><F96/><REACH who="2" ten="355,211,111,313" step="2"/><W14/><G83/><T135/><D135/><U6/><E129/><V44/><F44/><W48/><G81/><T35/><D98/><U37/><E130/><V46/><F46/><W59/><G99/><T21/><D93/><U87/><E37/><V132/><F132/><W31/><G97/><T107/><D95/><N who="1" m="54703" /><E69/><V103/><F103/><W101/><G101/><T65/><D107/><U60/><E87/><V68/><F68/><W29/><G73/><T42/><D40/><U75/><E75/><V1/><F1/><W90/><G72/><T20/><D42/><U122/><E122/><V76/><F76/><W115/><G121/><T3/><D3/><U15/><E62/><V88/><AGARI ba="0,1" hai="24,26,38,39,61,63,84,86,88,91,92,94,109,111" machi="88" ten="25,12000,2" yaku="1,1,0,1,22,2,54,1,53,2" doraHai="113" doraHaiUra="123" who="2" fromWho="2" sc="355,-30,211,-60,111,130,313,-30" /><INIT seed="2,0,0,1,5,105" ten="325,151,241,283" oya="2" hai0="100,13,27,110,57,1,23,18,22,79,17,8,112" hai1="126,64,9,120,123,30,21,134,114,129,40,51,76" hai2="0,98,115,68,106,88,4,12,62,48,10,113,11" hai3="31,116,81,127,26,82,49,44,5,130,109,124,133"/><V103/><F48/><W94/><G116/><T128/><D112/><U104/><E114/><V125/><F125/><N who="3" m="48203" /><G109/><T87/><D110/><U96/><E126/><V66/><REACH who="2" step="1"/><F88/><REACH who="2" ten="325,151,231,283" step="2"/><W7/><G133/><T70/><D100/><U69/><E51/><V77/><F77/><W33/><G130/><T121/><D128/><U58/><E76/><V52/><F52/><N who="3" m="29735" /><G94/><T97/><D121/><U43/><E134/><V78/><F78/><W41/><G41/><T83/><D97/><U34/><E40/><V86/><F86/><W25/><G82/><T32/><D87/><U90/><E43/><V6/><AGARI ba="0,1" hai="0,4,6,10,11,12,62,66,68,98,103,106,113,115" machi="6" ten="20,3900,0" yaku="1,1,0,1,7,1,53,0" doraHai="105" doraHaiUra="55" who="2" fromWho="2" sc="325,-13,151,-13,231,49,283,-13" /><INIT seed="2,1,0,3,0,7" ten="312,138,280,270" oya="2" hai0="130,78,90,83,17,0,126,43,74,135,76,101,111" hai1="32,128,53,84,81,121,82,58,57,54,106,70,122" hai2="21,62,66,119,110,94,16,65,80,41,91,9,25" hai3="8,18,35,37,131,51,42,28,31,39,12,56,30"/><V13/><F119/><W97/><G131/><T59/><D111/><U1/><E70/><V26/><F110/><W4/><G35/><T75/><D0/><U89/><E106/><V112/><F112/><W61/><G97/><T67/><D130/><U33/><E1/><V52/><F41/><W15/><G51/><T44/><D126/><U34/><E128/><V2/><F80/><W5/><G42/><T40/><D135/><U95/><E95/><V115/><F2/><W60/><G60/><T48/><D101/><U38/><E38/><V19/><F25/><W29/><N who="3" m="7168" /><DORA hai="72" /><W102/><G102/><T114/><D114/><U23/><E23/><V46/><F115/><W93/><G93/><T27/><D90/><U45/><E45/><V87/><F62/><W10/><G18/><T55/><D67/><AGARI ba="1,0" hai="4,5,8,10,12,15,37,39,56,61,67" m="7168" machi="67" ten="50,6400,0" yaku="9,1,52,2" doraHai="7,72" who="3" fromWho="0" sc="312,-67,138,0,280,0,270,67" /><INIT seed="3,0,0,5,4,123" ten="245,138,280,337" oya="3" hai0="116,120,46,93,70,31,119,5,59,124,63,26,65" hai1="67,38,108,98,122,20,68,111,92,44,58,105,52" hai2="18,30,39,129,50,88,4,10,132,135,118,40,96" hai3="133,28,66,27,11,104,62,117,85,95,76,3,37"/><W13/><G104/><T103/><D120/><U21/><E105/><V97/><F118/><W56/><G37/><T42/><D124/><U61/><E122/><V55/><F129/><W12/><G133/><T125/><D125/><U69/><E69/><V14/><F30/><W35/><G117/><T9/><D70/><U94/><E94/><V34/><F34/><W32/><G32/><T110/><D110/><N who="1" m="42027" /><E44/><V109/><F109/><W17/><G13/><T72/><D72/><U77/><E77/><V83/><F40/><W84/><G76/><T41/><D41/><U90/><E38/><V64/><F39/><W49/><G95/><T80/><D80/><U112/><E112/><V102/><F64/><W74/><G66/><T99/><D46/><U22/><E20/><V16/><F132/><W113/><G35/><T48/><D42/><U33/><E33/><V45/><F135/><W60/><G113/><T128/><D128/><U78/><E78/><V71/><F71/><W24/><G56/><T126/><D126/><U25/><E25/><V73/><F73/><W131/><G74/><T134/><D134/><U29/><E29/><V19/><F102/><W89/><G27/><T100/><D48/><AGARI ba="0,0" hai="21,22,48,52,58,61,67,68,90,92,98" m="42027" machi="48" ten="30,8000,1" yaku="14,1,52,3,54,1" doraHai="123" who="1" fromWho="0" sc="245,-80,138,80,280,0,337,0" owari="165,-33.5,218,-18.2,280,8.0,337,43.7" /></mjloggm>