<mjloggm ver="2.3"><GO type="225" lobby="0"/><UN n0="%E5%8F%AF%E5%85%90%E9%82%A3%E7%94%B1%E5%A4%9A" n1="%E3%81%A4%E3%81%A3%E3%81%B1%E3%82%8A%E3%83%9D%E3%83%BC%E3%83%AB" n2="%E3%81%95%E3%81%8D%E3%81%9F%E3%81%BE%E6%9E%97%E6%AA%8E" n3="%E6%A1%9C%E8%8A%B1%E9%96%83%E3%80%85" dan="16,17,16,16" rate="2101.90,2160.96,2087.72,2188.55" sx="F,M,M,M"/><TAIKYOKU oya="0"/><INIT seed="0,0,0,0,1,131" ten="250,250,250,250" oya="0" hai0="31,100,20,21,56,76,37,9,69,130,26,113,57" hai1="3,88,129,67,121,12,45,17,134,14,66,124,53" hai2="4,19,92,74,18,77,72,62,115,10,84,35,27" hai3="103,79,111,85,102,58,54,126,13,59,110,80,123"/><T49/><D113/><U83/><E121/><V60/><F115/><W61/><G123/><T28/><D69/><U78/><E3/><V133/><F133/><W22/><G126/><T86/><D37/><U16/><E129/><V101/><F74/><W29/><G58/><T117/><D117/><U63/><E124/><V64/><F72/><W114/><G114/><T36/><D36/><U118/><E118/><V108/><F108/><N who="3" m="41515" /><G29/><T24/><D130/><U122/><E122/><V128/><F128/><W109/><N who="3" m="41523" /><W95/><DORA hai="132" /><G95/><T119/><D119/><U71/><E134/><V0/><F77/><W39/><G39/><T125/><D125/><U70/><E78/><V75/><F75/><W73/><G85/><T91/><D100/><U30/><E30/><V90/><F101/><W55/><G55/><T23/><D76/><U48/><E71/><V94/><F94/><W52/><G54/><T47/><D9/><N who="1" m="6159" /><E70/><V98/><F98/><W65/><G65/><T25/><D86/><N who="1" m="50271" /><E63/><V42/><F62/><W105/><G105/><T8/><D91/><U41/><E41/><V40/><F42/><W51/><G61/><T11/><D11/><AGARI ba="0,0" hai="11,14,17,45,48,53,66,67" m="50271,6159" machi="11" ten="30,7700,0" yaku="25,1,8,1,54,2" doraHai="131,132" who="1" fromWho="0" sc="250,-77,250,77,250,0,250,0" /><INIT seed="1,0,0,2,5,130" ten="173,327,250,250" oya="1" hai0="81,56,79,10,106,123,80,126,114,107,34,133,104" hai1="53,9,68,5,121,78,36,113,52,24,18,112,90" hai2="75,8,65,62,102,17,4,95,115,135,109,97,101" hai3="71,63,67,128,42,58,39,7,12,111,1,74,29"/><U89/><E68/><V51/><F75/><W134/><G128/><T120/><D34/><U88/><E36/><V105/><F109/><W82/><G111/><T77/><D10/><U83/><E121/><N who="0" m="46665" /><D56/><U16/><E113/><V57/><F115/><W49/><G29/><T48/><D48/><U41/><E41/><V50/><F105/><W116/><G12/><T85/><D114/><U11/><E112/><V66/><F102/><W125/><G49/><T70/><D70/><U27/><E78/><V28/><F28/><W37/><G58/><T117/><D117/><U103/><E103/><V132/><F66/><W131/><G42/><T3/><D3/><U43/><E83/><V99/><F99/><W15/><G15/><T86/><D126/><U119/><E43/><V20/><F51/><W38/><G116/><T19/><D19/><N who="1" m="7211" /><E119/><V127/><F127/><W64/><G125/><T122/><N who="0" m="46673" /><T6/><DORA hai="31" /><D6/><U54/><E11/><V14/><REACH who="2" step="1"/><F50/><REACH who="2" ten="173,327,240,250" step="2"/><W47/><G37/><T59/><D59/><U73/><E73/><V118/><F118/><W124/><G39/><T87/><D133/><U72/><E72/><AGARI ba="0,1" hai="72,77,79,80,81,85,86,87,104,106,107" m="46673" machi="72" ten="50,6400,0" yaku="13,1,34,2" doraHai="130,31" who="0" fromWho="1" sc="173,74,327,-64,240,0,250,0" /><INIT seed="2,0,0,5,0,14" ten="247,263,240,250" oya="2" hai0="94,129,117,6,62,111,5,34,44,88,82,76,69" hai1="3,8,102,51,96,58,79,45,73,47,126,35,130" hai2="24,109,53,89,21,77,135,113,80,81,10,65,13" hai3="114,50,46,125,86,132,16,56,60,67,104,15,59"/><V7/><F113/><W55/><G125/><T17/><D34/><U120/><E126/><V39/><F39/><W30/><G132/><T75/><D111/><U127/><E127/><V1/><F135/><W103/><G114/><T91/><D129/><U119/><E119/><V63/><F109/><W22/><G86/><T28/><D117/><U31/><E130/><V122/><F122/><W87/><G87/><T123/><D28/><U68/><E68/><V101/><F101/><W0/><G0/><T52/><D123/><U105/><E120/><V97/><F1/><W98/><REACH who="3" step="1"/><G30/><REACH who="3" ten="247,263,240,240" step="2"/><T64/><D75/><U33/><E31/><N who="2" m="17807" /><F77/><W2/><G2/><T43/><D76/><U100/><E79/><V20/><F65/><W54/><G54/><T71/><D52/><U66/><E73/><V92/><F20/><W128/><G128/><T99/><D64/><U110/><E110/><V107/><F107/><W85/><G85/><T48/><D82/><U40/><E66/><V12/><F12/><W32/><G32/><T84/><D84/><U27/><E35/><V116/><F116/><W131/><G131/><T90/><D94/><U134/><E134/><V112/><F112/><W4/><G4/><T118/><D118/><U74/><E74/><V19/><F7/><W115/><G115/><T57/><D5/><U78/><E78/><V124/><F124/><W83/><G83/><T18/><D6/><U121/><E3/><V133/><F133/><W108/><G108/><T42/><D42/><N who="1" m="25015" /><E33/><V11/><F11/><W61/><G61/><T106/><D106/><N who="1" m="63751" /><E8/><V29/><F29/><RYUUKYOKU ba="0,1" sc="247,-15,263,-15,240,15,240,15" hai2="10,13,19,53,63,80,81,89,92,97" hai3="15,16,22,46,50,55,56,59,60,67,98,103,104" /><INIT seed="2,1,1,4,1,125" ten="232,248,255,255" oya="2" hai0="127,25,55,119,108,123,46,134,129,104,47,61,93" hai1="71,99,72,37,78,111,64,97,105,1,121,56,92" hai2="17,91,110,12,7,41,85,89,9,52,33,59,45" hai3="48,65,118,83,116,113,29,88,124,74,98,87,0"/><V35/><F110/><W34/><G124/><T50/><D104/><U13/><E1/><V117/><F117/><W84/><G0/><T131/><D127/><U43/><E105/><V27/><F35/><W96/><G65/><T109/><D123/><U36/><E71/><V115/><F115/><W107/><G48/><N who="0" m="29079" /><D119/><N who="3" m="45609" /><G29/><T21/><D93/><U101/><E111/><N who="0" m="42569" /><D61/><U106/><E121/><V18/><F33/><W100/><G34/><T128/><D134/><U16/><E43/><V44/><F41/><W32/><G32/><T130/><D130/><U70/><E70/><V15/><F27/><W102/><G113/><T69/><D69/><U30/><E30/><V49/><F7/><W26/><G26/><T60/><D60/><U82/><E56/><V2/><F2/><W10/><G10/><T4/><D4/><U67/><E67/><V62/><F62/><W53/><G53/><N who="0" m="29919" /><D25/><U39/><E64/><V112/><F112/><W58/><G58/><T63/><D63/><U114/><E114/><V90/><F85/><N who="3" m="50239" /><G74/><T19/><D21/><AGARI ba="1,1" hai="9,12,15,17,18,21,44,45,49,52,59,89,90,91" machi="21" ten="40,3900,0" yaku="8,1,54,1" doraHai="125" who="2" fromWho="0" sc="232,-42,248,0,255,52,255,0" /><INIT seed="2,2,0,3,4,100" ten="190,248,307,255" oya="2" hai0="88,118,124,115,82,24,30,74,8,113,9,55,12" hai1="38,96,123,125,45,132,59,28,53,61,110,51,64" hai2="46,135,93,133,126,91,13,37,16,116,57,22,18" hai3="36,6,103,33,97,58,15,52,17,114,85,101,31"/><V68/><F116/><W130/><G130/><T92/><D124/><U14/><E125/><V95/><F126/><W54/><G114/><T122/><D122/><U129/><E123/><V89/><F68/><W34/><G36/><T60/><D118/><U62/><E129/><V134/><F57/><W81/><G6/><T109/><D109/><U32/><E110/><V10/><F46/><W67/><G101/><T43/><D43/><U41/><E132/><V69/><F37/><W3/><G3/><T0/><D0/><U21/><E32/><V104/><F104/><W1/><G1/><T47/><D82/><U4/><E96/><V105/><F105/><W107/><G67/><T11/><D74/><U40/><E38/><V44/><F44/><W108/><G31/><T102/><D102/><U131/><E131/><V78/><F78/><W79/><G54/><T27/><D12/><U99/><E99/><V35/><F35/><W121/><G108/><T73/><D73/><U127/><E127/><V77/><F77/><W76/><G76/><T56/><D47/><U71/><E28/><V86/><F69/><W42/><G42/><T94/><D94/><N who="2" m="35850" /><F86/><W5/><G5/><T120/><D120/><U80/><E80/><V7/><F18/><W50/><G121/><T29/><D29/><U90/><E41/><V65/><F65/><W112/><G112/><N who="0" m="43083" /><D30/><U25/><E4/><V75/><F75/><W63/><G50/><T19/><D19/><N who="1" m="12479" /><E90/><V117/><F117/><W48/><G48/><T70/><D70/><U20/><E71/><V26/><AGARI ba="2,0" hai="7,10,13,16,22,26,89,91,133,134,135" m="35850" machi="26" ten="40,3900,0" yaku="20,1,54,1" doraHai="100" who="2" fromWho="2" sc="190,-15,248,-15,307,45,255,-15" /><INIT seed="2,3,0,1,1,4" ten="175,233,352,240" oya="2" hai0="16,72,128,5,114,117,65,123,132,113,29,9,74" hai1="35,105,109,103,45,126,32,91,15,75,28,108,96" hai2="26,129,17,50,127,101,40,67,76,81,14,31,23" hai3="77,12,3,11,27,92,121,107,58,68,13,39,86"/><V0/><F0/><W115/><G107/><T98/><D123/><U69/><E69/><V18/><F129/><W52/><G68/><T80/><D128/><U131/><E131/><V42/><F127/><W44/><G121/><T66/><D132/><U1/><E1/><V25/><F101/><W118/><G118/><T48/><D29/><U122/><E122/><V135/><F135/><W43/><G115/><T110/><D117/><U8/><E126/><V21/><F67/><W83/><G27/><T33/><D33/><U54/><E75/><V37/><F37/><W59/><G59/><T49/><D110/><N who="1" m="42603" /><E28/><V125/><F50/><W2/><G13/><T111/><D111/><U46/><E91/><V87/><REACH who="2" step="1"/><F125/><REACH who="2" ten="175,233,342,240" step="2"/><W93/><G2/><T24/><D49/><N who="1" m="28975" /><E46/><V20/><AGARI ba="3,1" hai="14,17,18,20,21,23,25,26,31,40,42,76,81,87" machi="20" ten="20,7800,0" yaku="1,1,0,1,7,1,8,1,53,0" doraHai="4" doraHaiUra="57" who="2" fromWho="2" sc="175,-29,233,-29,342,97,240,-29" /><INIT seed="2,4,0,4,3,51" ten="146,204,439,211" oya="2" hai0="4,89,54,104,36,71,1,130,96,119,95,37,70" hai1="40,76,50,19,52,81,13,9,126,111,132,68,93" hai2="60,134,65,112,53,44,109,61,8,75,77,59,29" hai3="20,135,58,55,39,62,80,83,42,113,127,122,73"/><V101/><F112/><W28/><G122/><T7/><D130/><U106/><E106/><V0/><F101/><W66/><G113/><T123/><D123/><U128/><E128/><V94/><F29/><W41/><G135/><T78/><D119/><U129/><E129/><V12/><F0/><W85/><G127/><T84/><D36/><U88/><E68/><V57/><F134/><W48/><G73/><T32/><D37/><U43/><E132/><V107/><F107/><W26/><G39/><T69/><D32/><U120/><E120/><V11/><F109/><W5/><G5/><T38/><D38/><U116/><E126/><V16/><F94/><W63/><G63/><T79/><D1/><U56/><E116/><V125/><F125/><W74/><G74/><T114/><D114/><U47/><E111/><V24/><F24/><W49/><G49/><T133/><D133/><U82/><E76/><V33/><F33/><W34/><G34/><T3/><D3/><U115/><E115/><V14/><F77/><N who="3" m="46223" /><G83/><N who="1" m="31754" /><E47/><AGARI ba="4,0" hai="20,26,28,41,42,47,48,55,58,62,66" m="46223" machi="47" ten="30,2000,0" yaku="8,1,52,1" doraHai="51" who="3" fromWho="1" sc="146,0,204,-32,439,0,211,32" /><INIT seed="3,0,0,2,4,112" ten="146,172,439,243" oya="3" hai0="121,32,131,56,11,99,38,89,108,60,22,36,5" hai1="31,106,46,111,18,77,51,26,125,105,25,133,42" hai2="102,123,71,81,29,113,4,1,69,79,3,117,10" hai3="67,98,47,109,33,135,0,83,78,127,55,70,85"/><W72/><G33/><T126/><D121/><U116/><E111/><V128/><F113/><W91/><G0/><T103/><D32/><U122/><E122/><V16/><F123/><W76/><G67/><T45/><D108/><U53/><E133/><V54/><F128/><W13/><G70/><T12/><D131/><U15/><E125/><V90/><F90/><W40/><G109/><T87/><D126/><U20/><E116/><V23/><F117/><W57/><G72/><T49/><D22/><U65/><E65/><V44/><F102/><W96/><G13/><T48/><D60/><U6/><E77/><V58/><F44/><W14/><G14/><T34/><D56/><U2/><E26/><V124/><F29/><W73/><G78/><T132/><D132/><U64/><E64/><V80/><F80/><W84/><G84/><T120/><D34/><N who="1" m="20847" /><E53/><V21/><F21/><W7/><G7/><T61/><D61/><U129/><E129/><V110/><F3/><W100/><G100/><T130/><D130/><U52/><E52/><V28/><F28/><W30/><G30/><T94/><D120/><U115/><E115/><V114/><F114/><W95/><G127/><T134/><D134/><U62/><E62/><V59/><F124/><W86/><G57/><T119/><D119/><U75/><E75/><V97/><F59/><W63/><G73/><T27/><D27/><U19/><E19/><V92/><F110/><W37/><G63/><T43/><REACH who="0" step="1"/><D49/><REACH who="0" ten="136,172,439,243" step="2"/><U24/><E24/><V107/><F58/><W88/><G135/><T93/><AGARI ba="0,1" hai="5,11,12,36,38,43,45,48,87,89,93,94,99,103" machi="93" ten="20,5200,0" yaku="1,1,2,1,0,1,7,1,53,0" doraHai="112" doraHaiUra="50" who="0" fromWho="0" sc="136,62,172,-13,439,-13,243,-26" owari="198,-20.2,159,-34.1,426,52.6,217,1.7" /></mjloggm>