<mjloggm ver="2.3"><GO type="225" lobby="0"/><UN n0="%E6%80%AA%E3%81%97%E3%81%99%E3%81%8E%E3%82%8B%E3%83%81%E3%83%BC" n1="%61%69%73%79%6F" n2="%E8%BE%9B%E5%8F%A3%E3%82%AB%E3%83%AC%E3%83%BC%E3%83%A9%E3%82%A4%E3%82%B9" n3="%72%61%6B%33" dan="17,17,16,17" rate="2199.54,2140.44,2140.15,2206.37" sx="M,M,M,M"/><TAIKYOKU oya="0"/><INIT seed="0,0,0,1,2,18" ten="250,250,250,250" oya="0" hai0="109,22,66,91,37,6,81,118,49,94,127,32,92" hai1="74,125,3,123,34,27,48,63,106,35,72,135,8" hai2="59,40,1,26,17,30,36,105,99,110,86,121,128" hai3="116,39,0,41,23,78,31,119,132,9,42,15,98"/><T130/><D118/><U93/><E123/><V12/><F121/><W16/><G132/><T88/><D32/><U64/><E106/><V33/><F110/><W115/><G115/><T20/><D37/><U46/><E125/><V19/><F128/><W54/><G78/><T50/><D130/><U25/><E93/><N who="0" m="35945" /><D127/><U122/><E135/><V14/><F1/><W90/><G90/><N who="0" m="34347" /><D109/><U102/><E102/><V5/><F86/><W79/><G79/><T84/><D66/><U51/><E46/><V57/><F5/><W10/><G98/><T113/><D6/><U96/><E8/><V45/><F99/><W117/><G0/><T112/><D113/><U47/><E3/><V53/><F105/><W114/><G114/><T95/><D95/><U101/><E96/><V104/><F104/><W21/><G54/><T120/><D120/><U111/><E122/><V24/><F24/><W58/><G58/><T80/><D112/><U87/><E111/><V67/><F67/><W103/><G103/><T108/><D108/><U82/><E101/><V107/><F107/><W55/><G55/><T38/><D38/><U61/><E64/><V68/><F68/><W44/><REACH who="3" step="1"/><G42/><REACH who="3" ten="250,250,250,240" step="2"/><T13/><D84/><U75/><E75/><V28/><F53/><W62/><G62/><T124/><D124/><U2/><E87/><V77/><F77/><W100/><G100/><T85/><D85/><U4/><E2/><V11/><REACH who="2" step="1"/><F28/><REACH who="2" ten="250,250,240,240" step="2"/><W7/><G7/><T76/><D76/><U126/><E4/><V56/><F56/><W69/><G69/><T97/><D97/><U134/><E126/><RYUUKYOKU ba="0,2" sc="250,-15,250,-15,240,15,240,15" hai2="11,12,14,17,19,26,30,33,36,40,45,57,59" hai3="9,10,15,16,21,23,31,39,41,44,116,117,119" /><INIT seed="1,1,2,0,1,84" ten="235,235,255,255" oya="1" hai0="26,96,69,61,121,111,50,30,133,1,108,68,15" hai1="51,19,97,116,75,83,25,73,47,10,70,110,6" hai2="88,114,128,31,16,102,93,106,39,35,14,112,123" hai3="57,124,131,122,132,119,65,54,23,78,44,24,98"/><U127/><E116/><V4/><F123/><W94/><G119/><T12/><D1/><U32/><E70/><N who="0" m="27241" /><D61/><U103/><E127/><V82/><F39/><W113/><G113/><N who="2" m="43625" /><F128/><W46/><G131/><T109/><D121/><U130/><E110/><V53/><F4/><W21/><G122/><T89/><D50/><U125/><E125/><V90/><F106/><W91/><G132/><T64/><D64/><U42/><E130/><V36/><F36/><W43/><G124/><T8/><D8/><U86/><E32/><V3/><F3/><W74/><G65/><T67/><D67/><U9/><E9/><N who="2" m="6223" /><F53/><W5/><G5/><T28/><D133/><U58/><E19/><V20/><F35/><W85/><G43/><T59/><D28/><U38/><E38/><V115/><N who="2" m="43633" /><V29/><DORA hai="134" /><F20/><W72/><G21/><N who="0" m="15695" /><D59/><U62/><E25/><V22/><F22/><W41/><G41/><T7/><D7/><U71/><E71/><V129/><F129/><W33/><G33/><T63/><D63/><U126/><E126/><V117/><F117/><W11/><G11/><T45/><D45/><U76/><E58/><V18/><F18/><W120/><G120/><T107/><D107/><N who="1" m="63983" /><E62/><V101/><F29/><W2/><G2/><T79/><D79/><U48/><E48/><V27/><F27/><W52/><G24/><T13/><D13/><AGARI ba="1,2" hai="6,10,13,42,47,51,73,75,76,83,86" m="63983" machi="13" ten="30,1500,0" yaku="25,1" doraHai="84,134" who="1" fromWho="0" sc="235,-18,235,38,255,0,255,0" /><INIT seed="1,2,0,0,1,130" ten="217,273,255,255" oya="1" hai0="78,106,49,92,27,125,55,25,9,95,59,108,120" hai1="109,126,98,18,123,1,77,40,103,101,67,82,110" hai2="102,112,61,73,104,12,79,132,62,11,91,74,53" hai3="41,68,14,13,86,51,76,3,8,37,22,107,10"/><U63/><E123/><V16/><F112/><W21/><G68/><T33/><D106/><U6/><E126/><V111/><F111/><N who="1" m="42505" /><E18/><V71/><F132/><W72/><G37/><T23/><D108/><U31/><E31/><V128/><F128/><W118/><G107/><T75/><D125/><U39/><E39/><V56/><F91/><W36/><G36/><T83/><D120/><U84/><E40/><V29/><F29/><W65/><G72/><T90/><D33/><U99/><E6/><V24/><F24/><W127/><G118/><T44/><D9/><U93/><E1/><V124/><F79/><W60/><G3/><T52/><D23/><U50/><E50/><V43/><F43/><W34/><G34/><T32/><D32/><U19/><E19/><V122/><F122/><W4/><G127/><T35/><D35/><U47/><E47/><V115/><F115/><W30/><G30/><T46/><D46/><U121/><E121/><V85/><F124/><W2/><G2/><T28/><D28/><U26/><E26/><V88/><F62/><W117/><G10/><T5/><D5/><U114/><E114/><V0/><F0/><W135/><G8/><T7/><D7/><U66/><E63/><V100/><F71/><W129/><G60/><N who="0" m="35943" /><D27/><U70/><E70/><V20/><F11/><W116/><G4/><T80/><D25/><U113/><E113/><V81/><REACH who="2" step="1"/><F104/><AGARI ba="2,0" hai="66,67,77,82,84,93,98,99,101,103,104" m="42505" machi="104" ten="30,2900,0" yaku="14,1,10,1" doraHai="130" who="1" fromWho="2" sc="217,0,273,35,255,-35,255,0" /><INIT seed="1,3,0,3,3,116" ten="217,308,220,255" oya="1" hai0="5,57,29,22,28,36,39,25,83,134,33,102,42" hai1="37,48,76,61,96,27,35,78,46,106,108,3,49" hai2="91,118,1,87,117,97,94,100,132,84,55,68,56" hai3="88,98,0,52,90,127,92,119,26,69,135,113,2"/><U64/><E37/><V24/><F68/><W114/><G119/><T120/><D134/><U23/><E48/><V58/><F132/><W128/><G135/><T71/><D71/><U89/><E3/><V47/><F1/><W54/><G69/><T41/><D5/><U77/><E35/><V4/><F4/><W59/><G127/><T86/><D102/><U18/><E108/><V45/><F117/><W115/><G128/><T10/><D10/><U31/><E18/><V63/><F118/><W38/><G38/><T21/><D57/><U130/><E130/><V85/><F100/><W19/><G90/><T103/><D103/><U79/><E79/><V122/><F122/><W123/><G123/><T12/><D120/><U93/><E106/><V110/><F110/><W60/><G54/><T109/><D109/><U73/><E73/><V40/><F40/><W125/><G125/><T66/><D66/><U53/><E61/><V50/><REACH who="2" step="1"/><F24/><REACH who="2" ten="217,308,210,255" step="2"/><W70/><G70/><T131/><D131/><U65/><AGARI ba="3,1" hai="23,27,31,46,49,53,64,65,76,77,78,89,93,96" machi="65" ten="30,3000,0" yaku="0,1,8,1" doraHai="116" who="1" fromWho="1" sc="217,-13,308,49,210,-13,255,-13" /><INIT seed="1,4,0,4,0,49" ten="204,357,197,242" oya="1" hai0="128,84,107,55,78,30,98,125,130,103,106,0,43" hai1="101,99,91,66,50,2,134,48,10,121,29,92,105" hai2="9,85,61,56,25,20,108,117,89,33,97,18,110" hai3="23,82,44,3,74,38,60,135,40,31,63,41,54"/><U75/><E121/><V1/><F117/><W46/><G135/><T80/><D0/><U13/><E134/><V16/><F33/><W114/><G3/><T58/><D125/><U15/><E75/><V7/><F18/><W109/><G114/><T127/><D127/><U104/><E29/><V22/><F22/><W39/><G109/><T35/><D43/><U37/><E37/><V122/><F122/><W12/><G74/><T129/><D106/><U14/><E66/><V67/><REACH who="2" step="1"/><F97/><REACH who="2" ten="204,357,187,242" step="2"/><W93/><G23/><T115/><D115/><U90/><E99/><V45/><F45/><W51/><G31/><T119/><D119/><U21/><E21/><V131/><F131/><W47/><G82/><AGARI ba="4,1" hai="1,7,9,16,20,25,56,61,67,82,85,89,108,110" machi="82" ten="40,2600,0" yaku="1,1,54,1,53,0" doraHai="49" doraHaiUra="100" who="2" fromWho="3" sc="204,0,357,0,187,48,242,-38" /><INIT seed="2,0,0,2,4,11" ten="204,357,235,204" oya="2" hai0="9,1,20,18,31,124,23,129,102,118,58,41,69" hai1="119,37,79,68,34,131,7,12,49,44,8,100,73" hai2="114,88,89,57,87,67,75,134,120,74,72,80,39" hai3="19,132,55,84,56,10,117,42,101,3,109,4,14"/><V47/><F114/><W123/><G117/><T40/><D69/><U32/><E68/><V121/><F134/><W63/><G132/><T51/><D118/><U98/><E119/><V52/><F67/><W125/><G123/><T54/><D129/><U76/><E37/><V48/><REACH who="2" step="1"/><F89/><REACH who="2" ten="204,357,225,204" step="2"/><W62/><G125/><T66/><D124/><U61/><E131/><V126/><F126/><W105/><G109/><T122/><D66/><U91/><E91/><V25/><F25/><W86/><G42/><AGARI ba="0,1" hai="39,42,47,48,52,57,72,74,75,80,87,88,120,121" machi="42" ten="40,7700,0" yaku="1,1,54,2,53,0" doraHai="11" doraHaiUra="99" who="2" fromWho="3" sc="204,0,357,0,225,87,204,-77" /><INIT seed="2,1,0,2,5,34" ten="204,357,312,127" oya="2" hai0="46,44,18,0,131,118,77,51,29,69,86,20,12" hai1="132,2,4,27,128,43,88,15,21,123,50,134,102" hai2="94,56,119,48,89,87,127,32,39,10,103,66,93" hai3="114,113,92,11,26,71,8,101,117,24,6,35,125"/><V36/><F119/><W40/><G71/><T17/><D118/><U64/><E64/><V62/><F127/><W79/><G40/><T25/><D0/><U91/><E102/><V85/><F32/><W83/><G117/><T100/><D69/><U23/><E23/><V81/><F103/><W1/><G125/><T16/><D131/><U67/><E15/><V74/><F74/><W28/><G24/><T112/><D100/><U33/><E67/><V61/><F61/><W98/><REACH who="3" step="1"/><G11/><REACH who="3" ten="204,357,312,117" step="2"/><T124/><D124/><U133/><E43/><V99/><F10/><W31/><G31/><T70/><D70/><U41/><E27/><V72/><F36/><W108/><G108/><T68/><D68/><U84/><E41/><V96/><F39/><W57/><G57/><T111/><D111/><U49/><E134/><V13/><F56/><W47/><G47/><T60/><D46/><U82/><E133/><V90/><F62/><W65/><G65/><T52/><D60/><U55/><E132/><V110/><F66/><W130/><G130/><T14/><D112/><U22/><E128/><V76/><F110/><W78/><G78/><T122/><D122/><U120/><E120/><V106/><F48/><W97/><G97/><T3/><D77/><U107/><E50/><V42/><F42/><W7/><G7/><T37/><D37/><U135/><E49/><V105/><F13/><W38/><G38/><T80/><D14/><U63/><E123/><V121/><F121/><W109/><G109/><T54/><D12/><U129/><E135/><V104/><AGARI ba="1,1" hai="72,76,81,85,87,89,90,93,94,96,99,104,105,106" machi="104" ten="30,24000,3" yaku="0,1,9,1,35,6" doraHai="34" who="2" fromWho="2" sc="204,-81,357,-81,312,253,117,-81" /><INIT seed="2,2,0,4,2,92" ten="123,276,565,36" oya="2" hai0="104,85,124,119,108,65,98,82,41,34,113,74,2" hai1="32,120,46,118,23,77,71,10,48,81,72,68,24" hai2="18,128,63,36,47,25,96,44,75,91,26,84,116" hai3="54,40,7,66,19,58,132,5,127,16,21,106,89"/><V59/><F116/><W109/><G109/><T33/><D41/><U95/><E118/><V28/><F75/><W115/><G127/><T6/><D124/><U38/><E32/><V31/><F128/><W79/><G132/><T131/><D119/><U30/><E120/><V114/><F114/><W0/><G115/><T39/><D39/><U1/><E38/><V11/><F11/><W14/><G0/><T83/><D131/><U60/><E60/><V93/><F36/><W123/><G123/><T87/><D74/><U121/><E121/><V67/><F18/><W29/><G40/><T76/><D108/><U110/><E110/><V57/><F57/><W103/><G79/><T78/><D65/><U20/><E20/><V22/><REACH who="2" step="1"/><F84/><REACH who="2" ten="123,276,555,36" step="2"/><W133/><G133/><T130/><D130/><U35/><E10/><V126/><F126/><W61/><G19/><T55/><D113/><U129/><E72/><V70/><F70/><W73/><G73/><T17/><D17/><U105/><E71/><V4/><F4/><W15/><G5/><T69/><D69/><U80/><E68/><V51/><F51/><W112/><G7/><T53/><D6/><U101/><E48/><V8/><F8/><W56/><G112/><T43/><D2/><U122/><E129/><V125/><F125/><W134/><G134/><T45/><D87/><U12/><E122/><V52/><F52/><W42/><G16/><T27/><D85/><U90/><E1/><V100/><F100/><W3/><G3/><T86/><D53/><U107/><E101/><V117/><F117/><W64/><G54/><RYUUKYOKU ba="2,1" sc="123,-10,276,-10,555,30,36,-10" hai2="22,25,26,28,31,44,47,59,63,67,91,93,96" /><INIT seed="2,3,1,5,5,85" ten="113,266,585,26" oya="2" hai0="123,11,92,24,135,81,125,97,102,126,18,37,78" hai1="107,122,40,9,106,65,93,12,41,83,56,95,91" hai2="17,28,38,48,27,110,88,68,94,46,72,90,36" hai3="32,1,80,16,79,103,133,59,15,61,112,14,21"/><V22/><F72/><W64/><G133/><T108/><D123/><U109/><E109/><V70/><F110/><W116/><G112/><T3/><D108/><U86/><E106/><V57/><F57/><W49/><G1/><T118/><D135/><U54/><E107/><V52/><F90/><W76/><G32/><T100/><D37/><U120/><E65/><V30/><F38/><W0/><G0/><T31/><D118/><U113/><E113/><V58/><F36/><W13/><G116/><T82/><D102/><U69/><E69/><V6/><F6/><W33/><G33/><N who="0" m="20711" /><D78/><U51/><E120/><V20/><F46/><W74/><G79/><T39/><D39/><U71/><E71/><V96/><F30/><W89/><G103/><T19/><D19/><U119/><E119/><V4/><F4/><W121/><G121/><T66/><D66/><U75/><E75/><V23/><F23/><W55/><REACH who="3" step="1"/><G89/><REACH who="3" ten="113,266,585,16" step="2"/><T53/><D3/><U105/><E122/><V99/><F99/><W114/><G114/><T50/><D97/><U77/><E77/><V5/><F5/><W67/><G67/><T10/><D100/><U124/><E91/><V47/><F47/><AGARI ba="3,2" hai="13,14,15,16,21,47,49,55,59,61,64,74,76,80" machi="47" ten="30,7700,0" yaku="1,1,7,1,54,1,53,1" doraHai="85" doraHaiUra="45" who="3" fromWho="2" sc="113,0,266,0,585,-86,16,106" /><INIT seed="3,0,0,4,2,85" ten="113,266,499,122" oya="3" hai0="120,90,67,93,4,47,19,113,50,92,27,15,58" hai1="70,3,101,24,73,117,25,128,46,65,69,26,135" hai2="64,96,104,133,39,86,99,52,17,30,45,34,118" hai3="7,98,125,68,123,124,102,77,53,14,84,131,95"/><W105/><G68/><T43/><D120/><U94/><E73/><V119/><F52/><W8/><G123/><T82/><D113/><U56/><E3/><V122/><F86/><W76/><G131/><T129/><D129/><U21/><E128/><V36/><F96/><W130/><G130/><T38/><D38/><U12/><E135/><V40/><F99/><W100/><G53/><T80/><D27/><U114/><E114/><V1/><F17/><W108/><G108/><T57/><D4/><U28/><E117/><V71/><F133/><W97/><REACH who="3" step="1"/><G84/><REACH who="3" ten="113,266,499,112" step="2"/><N who="0" m="50439" /><D67/><U11/><E70/><V44/><F64/><W111/><G111/><T109/><D109/><U35/><E69/><V127/><F71/><W91/><G91/><T49/><D82/><U9/><E65/><V87/><F122/><W18/><G18/><T29/><D29/><U54/><E28/><V74/><F30/><W23/><G23/><N who="0" m="11775" /><D58/><U66/><E54/><AGARI ba="0,1" hai="43,47,49,50,54,57,92,93" m="11775,50439" machi="54" ten="30,2000,0" yaku="8,1,52,1" doraHai="85" who="0" fromWho="1" sc="113,30,266,-20,499,0,112,0" owari="143,-25.7,246,4.6,499,59.9,112,-38.8" /></mjloggm>