<mjloggm ver="2.3"><GO type="225" lobby="0"/><UN n0="%72%61%6B%33" n1="%E3%81%99%E3%81%84%E3%81%BE%E3%81%9B%E3%83%BC%E3%82%93" n2="%E3%81%AF%E3%82%88%E3%81%8A%E3%81%98%E3%81%95%E3%82%93" n3="%4B%69%74%61%6D%75%72%61" dan="17,16,16,18" rate="2238.83,2089.94,2205.83,2210.42" sx="M,M,M,F"/><TAIKYOKU oya="0"/><INIT seed="0,0,0,2,3,83" ten="250,250,250,250" oya="0" hai0="57,23,73,32,56,70,88,67,91,114,65,113,72" hai1="6,15,52,106,14,82,63,87,59,93,38,96,17" hai2="116,35,60,55,103,128,8,3,122,74,54,119,135" hai3="97,105,71,107,133,126,112,20,51,131,1,100,27"/><T78/><BYE who="2" /><D23/><UN n2="%E3%81%AF%E3%82%88%E3%81%8A%E3%81%98%E3%81%95%E3%82%93" /><U11/><E38/><V36/><F103/><W2/><G112/><T125/><D78/><N who="1" m="46551" /><E106/><V31/><F60/><W84/><G71/><T89/><D70/><U77/><E77/><V132/><F36/><W123/><G107/><T40/><D40/><U24/><E24/><N who="2" m="18919" /><F74/><N who="0" m="28778" /><D32/><U46/><E46/><V108/><F122/><W25/><G123/><T29/><D29/><U21/><E93/><V85/><F85/><W120/><G27/><T64/><D125/><U69/><E69/><V9/><F55/><W134/><G126/><T22/><D22/><U41/><E96/><V47/><F54/><W99/><G120/><T13/><D13/><U130/><E130/><V28/><F47/><W115/><G131/><T98/><D98/><U124/><E124/><V92/><F92/><W37/><G37/><T66/><N who="0" m="16384" /><DORA hai="12" /><T117/><D117/><N who="2" m="45130" /><F128/><W110/><G99/><T45/><D45/><U86/><E86/><V0/><F28/><W48/><G84/><T50/><D50/><U80/><E80/><V43/><F43/><AGARI ba="0,0" hai="6,11,14,15,17,21,41,43,52,59,63" m="46551" machi="43" ten="30,7700,0" yaku="8,1,52,2,54,1" doraHai="83,12" who="1" fromWho="2" sc="250,0,250,77,250,-77,250,0" /><INIT seed="1,0,0,1,5,127" ten="250,327,173,250" oya="1" hai0="69,123,90,117,119,63,56,2,101,20,131,104,85" hai1="76,80,25,8,68,26,103,59,100,105,19,61,45" hai2="72,10,35,88,106,32,37,38,124,23,109,108,126" hai3="15,33,91,71,78,135,74,121,29,41,0,70,14"/><U16/><E68/><V73/><F88/><W24/><G121/><T49/><D123/><U122/><E122/><V34/><F23/><W64/><G0/><T1/><D69/><U27/><E45/><V75/><F10/><W7/><G135/><T43/><D131/><U97/><E103/><V65/><F65/><W52/><G41/><T95/><D2/><U93/><E105/><V31/><F31/><W66/><G91/><T98/><D1/><U55/><REACH who="1" step="1"/><E8/><REACH who="1" ten="250,317,173,250" step="2"/><V114/><F106/><W36/><G71/><T4/><D104/><U12/><E12/><V62/><F114/><W77/><G70/><T94/><D101/><U86/><AGARI ba="0,1" hai="16,19,25,26,27,55,59,61,76,80,86,93,97,100" machi="86" ten="30,11700,0" yaku="1,1,0,1,8,1,54,1,53,0" doraHai="127" doraHaiUra="11" who="1" fromWho="1" sc="250,-39,317,127,173,-39,250,-39" /><INIT seed="1,1,0,3,0,13" ten="211,444,134,211" oya="1" hai0="93,67,51,50,84,17,29,80,47,102,78,125,9" hai1="128,19,77,113,88,111,123,114,7,104,6,91,62" hai2="57,28,58,127,107,1,10,60,74,75,0,11,8" hai3="100,25,63,43,4,53,89,15,36,130,122,133,79"/><U126/><E123/><V35/><F107/><W94/><G122/><T85/><D125/><U118/><E104/><V97/><F97/><W86/><G133/><T30/><D67/><U52/><E126/><V33/><F127/><W90/><G130/><T73/><D73/><U39/><E39/><V82/><F82/><W61/><G36/><T121/><D121/><U95/><E118/><V99/><F99/><W32/><G43/><T16/><D50/><U92/><E77/><V105/><F105/><W76/><G100/><T116/><D116/><U83/><E83/><V55/><F28/><N who="0" m="10858" /><D9/><U41/><E41/><V22/><F22/><W20/><G32/><T38/><D38/><U46/><E128/><V110/><F110/><W3/><G3/><T70/><D70/><U48/><E111/><V18/><F11/><N who="3" m="4583" /><G90/><N who="1" m="34346" /><E114/><V119/><F119/><W129/><G129/><T45/><D85/><U109/><E109/><V21/><F21/><W23/><G23/><T34/><D34/><U131/><E131/><V49/><F49/><W98/><G86/><T132/><D132/><U44/><E62/><N who="3" m="23562" /><G53/><N who="0" m="29935" /><D47/><N who="1" m="27679" /><E113/><V134/><F60/><W71/><G71/><T69/><D69/><U40/><E40/><V124/><F124/><W108/><G108/><T101/><D101/><U103/><E103/><V27/><F55/><W68/><G68/><T54/><D54/><U66/><E66/><V14/><F134/><W96/><G96/><AGARI ba="1,0" hai="16,17,78,80,84,93,96,102" m="29935,10858" machi="96" ten="30,7700,0" yaku="8,1,52,2,54,1" doraHai="13" who="0" fromWho="3" sc="211,80,444,0,134,0,211,-80" /><INIT seed="2,0,0,3,0,46" ten="291,444,134,131" oya="2" hai0="118,95,89,22,49,52,132,107,72,53,84,30,14" hai1="100,20,131,6,123,76,40,19,83,58,47,101,66" hai2="63,1,4,122,121,103,93,48,125,94,105,114,21" hai3="15,133,36,109,62,43,17,127,73,68,126,116,79"/><V128/><F114/><W112/><G116/><T104/><D118/><U42/><E131/><V135/><F105/><W102/><G109/><T33/><D72/><U35/><E35/><V26/><F128/><W113/><G102/><T60/><D132/><U75/><E123/><V11/><F135/><W96/><G96/><T25/><D60/><U110/><E110/><V90/><F125/><N who="3" m="47627" /><G133/><T38/><D38/><U32/><E32/><V74/><F74/><W69/><G36/><T87/><D53/><U108/><E6/><V59/><F103/><W2/><G2/><T29/><D87/><U55/><E66/><V67/><F93/><W120/><G43/><T50/><D50/><U82/><E82/><V23/><F48/><W37/><G37/><T13/><D30/><U41/><E47/><V18/><REACH who="2" step="1"/><F23/><REACH who="2" ten="291,444,124,131" step="2"/><N who="3" m="11711" /><G120/><T99/><D33/><U91/><E108/><V45/><F45/><W51/><G51/><T31/><D107/><U92/><E101/><V86/><AGARI ba="0,1" hai="1,4,11,18,21,26,59,63,67,86,90,94,121,122" machi="86" ten="20,7800,0" yaku="1,1,0,1,7,1,53,1" doraHai="46" doraHaiUra="5" who="2" fromWho="2" sc="291,-26,444,-26,124,88,131,-26" /><INIT seed="2,1,0,0,4,100" ten="265,418,212,105" oya="2" hai0="32,66,87,113,59,57,43,130,21,62,30,50,54" hai1="8,114,52,82,58,46,129,83,81,109,16,133,74" hai2="28,116,99,111,63,104,103,20,65,95,73,60,6" hai3="97,10,2,85,134,71,24,51,112,102,29,38,90"/><V96/><F116/><W101/><G38/><T105/><D130/><U26/><E114/><V27/><F111/><W68/><G134/><T80/><D113/><U22/><E133/><V70/><F73/><W135/><G135/><T12/><D32/><U25/><E129/><V40/><F6/><W49/><G112/><T18/><D30/><U107/><E107/><V67/><F40/><W36/><G36/><T92/><D105/><U125/><E125/><V13/><F13/><W4/><G71/><T33/><D33/><U86/><E74/><V117/><F117/><W110/><G68/><T72/><D72/><U31/><E46/><V119/><F119/><W1/><G1/><T48/><D92/><U44/><E44/><V108/><F108/><W76/><G76/><T35/><D35/><U7/><E109/><V9/><F9/><W132/><G110/><T79/><D43/><U53/><E53/><V37/><F37/><W115/><G115/><T0/><D0/><U5/><E86/><V3/><F3/><W126/><G126/><T98/><D98/><U131/><E131/><V15/><F15/><W45/><G132/><T61/><AGARI ba="1,0" hai="12,18,21,48,50,54,57,59,61,62,66,79,80,87" machi="61" ten="20,2700,0" yaku="0,1,7,1,8,1" doraHai="100" who="0" fromWho="0" sc="265,30,418,-8,212,-14,105,-8" /><INIT seed="3,0,0,1,0,38" ten="295,410,198,97" oya="3" hai0="18,39,35,90,59,40,126,0,93,112,2,87,41" hai1="86,36,13,7,99,135,98,3,134,119,100,77,21" hai2="109,91,114,55,32,115,84,8,28,108,37,71,26" hai3="70,16,24,1,65,58,82,63,72,43,124,6,129"/><W23/><G129/><T132/><D39/><U123/><E123/><V42/><F71/><W130/><G130/><T116/><D116/><U74/><E74/><V31/><F28/><W101/><G124/><T44/><D35/><U69/><E69/><V89/><F55/><W113/><G113/><T80/><D112/><U127/><E36/><V111/><F89/><W88/><G101/><T106/><D106/><U61/><E127/><V107/><F107/><W46/><G70/><T47/><D132/><U105/><E119/><V62/><F62/><W117/><G117/><T29/><D29/><U60/><E99/><V51/><F37/><W34/><G34/><T9/><D59/><U54/><E54/><V22/><F32/><W97/><G72/><T121/><D121/><U50/><E50/><V56/><F8/><W67/><G67/><T128/><D0/><U133/><E3/><V25/><F26/><W76/><G1/><T20/><D128/><U92/><E105/><V53/><F42/><N who="0" m="16490" /><D9/><N who="1" m="4287" /><E21/><V10/><F10/><W104/><G6/><T12/><D2/><U73/><E73/><V85/><F85/><N who="3" m="48327" /><G104/><T57/><D126/><U45/><E45/><N who="0" m="17481" /><D57/><U110/><E135/><V4/><F4/><W64/><G64/><T122/><D122/><U118/><E118/><V17/><F31/><W75/><G75/><T83/><AGARI ba="0,0" hai="12,18,20,80,83,87,90,93" m="17481,16490" machi="83" ten="30,7900,0" yaku="8,1,52,3" doraHai="38" who="0" fromWho="0" sc="295,79,410,-20,198,-20,97,-39" owari="374,17.4,390,49.0,178,-22.2,58,-44.2" /></mjloggm>