<mjloggm ver="2.3"><GO type="225" lobby="0"/><UN n0="%72%69%6F%75%63%68%61%6E" n1="%72%61%6B%33" n2="%E3%82%82%E3%81%90%E3%82%89" n3="%E6%80%AA%E3%81%97%E3%81%99%E3%81%8E%E3%82%8B%E3%83%81%E3%83%BC" dan="17,16,17,16" rate="2275.19,2172.62,2220.80,2098.16" sx="M,M,M,M"/><TAIKYOKU oya="0"/><INIT seed="0,0,0,1,2,102" ten="250,250,250,250" oya="0" hai0="96,123,111,108,44,99,74,35,117,48,19,39,90" hai1="23,51,16,109,133,66,37,93,7,115,45,27,8" hai2="63,81,112,119,46,86,64,53,52,103,5,47,32" hai3="89,61,82,116,132,30,126,128,9,57,121,1,13"/><T114/><D114/><U24/><E115/><V11/><F32/><W71/><G71/><T59/><D117/><U60/><E109/><N who="0" m="42057" /><D123/><U75/><E133/><V88/><F119/><W110/><G1/><T58/><D35/><U43/><E75/><V6/><F112/><W55/><G126/><T41/><D74/><U20/><E93/><V95/><F47/><W49/><G128/><T125/><D125/><U104/><E104/><V73/><F46/><W56/><G132/><T85/><D19/><U15/><E37/><V122/><F122/><W14/><G30/><T101/><D39/><U34/><E34/><V78/><F103/><W68/><G68/><T91/><D96/><U3/><REACH who="1" step="1"/><E20/><REACH who="1" ten="250,240,250,250" step="2"/><V76/><F76/><W77/><G110/><T36/><D36/><U4/><E4/><V107/><F107/><W38/><G38/><T54/><D85/><U10/><E10/><V31/><F6/><W135/><G9/><T120/><D120/><U21/><E21/><V50/><F5/><W0/><G121/><T67/><D67/><U22/><E22/><V83/><F11/><W130/><G135/><T97/><D97/><U69/><AGARI ba="0,1" hai="3,7,8,15,16,23,24,27,43,45,51,60,66,69" machi="69" ten="20,5200,0" yaku="1,1,0,1,7,1,54,1,53,0" doraHai="102" doraHaiUra="94" who="1" fromWho="1" sc="250,-26,240,62,250,-13,250,-13" /><INIT seed="1,0,0,1,0,101" ten="224,302,237,237" oya="1" hai0="3,36,104,117,86,120,51,98,18,7,46,93,8" hai1="79,73,61,23,126,1,40,47,33,111,105,14,57" hai2="48,102,74,54,125,13,135,75,30,133,95,4,20" hai3="39,66,16,134,90,60,43,35,41,83,71,38,131"/><U49/><E33/><V94/><F125/><W37/><G35/><T19/><D117/><U112/><E1/><V124/><F124/><W110/><G110/><T63/><D120/><U119/><E126/><V115/><F115/><W123/><G123/><T64/><D36/><U129/><E112/><V78/><F4/><W55/><G134/><N who="2" m="51209" /><F78/><W108/><G108/><T92/><D86/><U69/><E111/><V26/><F13/><W122/><G131/><T6/><D6/><U32/><E32/><V10/><F10/><W44/><G122/><T27/><D104/><U109/><E109/><V56/><F95/><W21/><G90/><T45/><D92/><U77/><E129/><V96/><AGARI ba="0,0" hai="20,26,30,48,54,56,74,75,94,96,102" m="51209" machi="96" ten="30,1100,0" yaku="20,1" doraHai="101" who="2" fromWho="2" sc="224,-3,302,-5,237,11,237,-3" /><INIT seed="2,0,0,0,3,26" ten="221,297,248,234" oya="2" hai0="55,78,96,17,13,28,24,51,134,54,132,133,101" hai1="12,53,75,89,131,72,81,22,67,70,118,74,127" hai2="103,69,18,106,21,108,125,39,37,57,111,11,62" hai3="124,84,93,68,130,32,56,50,122,112,34,91,27"/><V23/><F69/><W97/><G122/><T9/><D78/><U116/><E53/><V76/><F76/><W59/><G68/><T85/><D85/><N who="1" m="50351" /><E22/><V4/><F125/><W114/><G124/><T60/><D60/><U48/><E12/><V6/><F103/><W29/><G130/><T8/><D8/><U35/><E35/><V1/><F106/><W88/><G34/><T47/><D54/><U95/><E48/><V92/><F92/><N who="3" m="54279" /><G50/><T83/><D83/><U135/><E67/><V104/><F104/><W40/><G40/><T66/><D66/><U42/><E42/><V30/><F6/><W119/><G119/><T86/><D86/><U20/><E20/><V90/><F90/><W36/><G36/><T16/><D17/><U77/><E70/><V15/><F39/><W87/><G97/><T44/><D44/><U49/><E49/><V63/><F37/><W102/><G102/><T52/><D55/><U123/><E127/><V128/><F128/><W113/><AGARI ba="0,0" hai="27,29,32,56,59,87,91,93,112,113,114" m="54279" machi="113" ten="30,4000,0" yaku="11,1,52,1,54,1" doraHai="26" who="3" fromWho="3" sc="221,-10,297,-10,248,-20,234,40" /><INIT seed="3,0,0,0,1,122" ten="211,287,228,274" oya="3" hai0="51,133,65,113,35,101,45,34,107,127,57,25,106" hai1="112,6,5,83,85,20,27,96,73,24,32,40,66" hai2="61,8,43,18,68,46,129,116,47,15,33,19,36" hai3="89,44,58,71,42,52,104,91,90,78,11,97,123"/><W108/><G108/><T50/><D127/><U115/><E73/><V26/><F116/><W79/><G71/><T56/><D65/><U4/><E40/><V67/><F129/><W110/><G110/><T12/><D12/><U9/><E96/><V28/><REACH who="2" step="1"/><F47/><REACH who="2" ten="211,287,218,274" step="2"/><W69/><G44/><T109/><D109/><U49/><E115/><V60/><F60/><W75/><G123/><T119/><D119/><U92/><E112/><V102/><F102/><W118/><G118/><T59/><D113/><U38/><E38/><V76/><F76/><W30/><G79/><T62/><D62/><U82/><E49/><N who="0" m="18441" /><D45/><U87/><E4/><AGARI ba="0,1" hai="4,8,15,18,19,26,28,33,36,43,46,61,67,68" machi="4" ten="30,2000,0" yaku="1,1,7,1,53,0" doraHai="122" doraHaiUra="88" who="2" fromWho="1" sc="211,0,287,-20,218,30,274,0" /><INIT seed="4,0,0,2,5,15" ten="211,267,248,274" oya="0" hai0="69,4,24,34,128,111,49,54,44,13,123,114,126" hai1="21,78,130,135,74,131,27,75,68,112,70,103,132" hai2="98,122,127,45,110,16,84,64,90,100,73,40,46" hai3="9,121,125,87,109,52,23,51,80,0,39,37,79"/><T133/><D123/><U116/><E116/><V12/><F110/><W92/><G109/><T57/><D111/><U47/><E47/><V82/><F122/><W19/><G121/><T89/><D69/><N who="1" m="26731" /><E103/><V22/><F127/><W124/><G92/><T76/><D126/><N who="3" m="48745" /><G9/><N who="0" m="4263" /><D34/><U62/><E62/><V32/><F32/><W11/><G11/><T55/><D128/><N who="1" m="49195" /><E78/><V36/><F46/><N who="3" m="27767" /><G0/><T104/><D133/><N who="1" m="51275" /><E112/><V93/><F64/><W94/><G94/><T66/><D114/><U77/><E77/><V28/><F73/><W65/><G65/><T41/><D104/><U53/><E53/><N who="0" m="19977" /><D76/><U18/><AGARI ba="0,0" hai="18,21,27,74,75" m="51275,49195,26731" machi="18" ten="40,5200,0" yaku="19,1,20,1,52,1" doraHai="15" who="1" fromWho="1" sc="211,-26,267,52,248,-13,274,-13" owari="185,-31.5,319,41.9,235,-16.5,261,6.1" /></mjloggm>