<mjloggm ver="2.3"><GO type="225" lobby="0"/><UN n0="%E3%81%82%E3%81%99%E3%81%AB%E3%82%83%E3%82%80" n1="%E7%99%BD%E6%97%A5%E9%9B%AA%E8%8F%9C" n2="%72%69%6F%75%63%68%61%6E" n3="%E3%82%B7%E3%83%B3%E5%A4%AA%E6%9C%97" dan="16,16,17,16" rate="2127.08,2179.17,2204.21,2136.73" sx="F,M,M,M"/><TAIKYOKU oya="0"/><INIT seed="0,0,0,0,3,109" ten="250,250,250,250" oya="0" hai0="128,72,100,92,4,3,12,29,118,67,34,102,80" hai1="14,127,47,125,44,38,21,65,84,2,130,26,55" hai2="122,23,89,116,132,43,131,17,106,98,115,64,76" hai3="97,31,19,45,18,48,30,53,56,33,113,107,37"/><T103/><D118/><U91/><E2/><V119/><F115/><W124/><G113/><T36/><D128/><U10/><E130/><V0/><F122/><W54/><G124/><N who="1" m="47690" /><E65/><V50/><F131/><W129/><G129/><T52/><D36/><U114/><E55/><V123/><F123/><W49/><G37/><T90/><D67/><U60/><E60/><V22/><F0/><W93/><G107/><T9/><D3/><U35/><E35/><V134/><F76/><W111/><G111/><T57/><D29/><N who="3" m="10761" /><G33/><T15/><D34/><U133/><E133/><N who="2" m="51307" /><F64/><W117/><G117/><N who="2" m="45129" /><F89/><AGARI ba="0,0" hai="18,19,45,48,49,53,54,56,89,93,97" m="10761" machi="89" ten="30,1000,0" yaku="8,1" doraHai="109" who="3" fromWho="2" sc="250,0,250,0,250,-10,250,10" /><INIT seed="1,0,0,2,2,128" ten="250,250,240,260" oya="1" hai0="55,122,117,131,129,59,63,119,48,53,35,45,25" hai1="37,8,86,135,47,80,65,46,62,42,96,98,43" hai2="110,121,83,19,71,30,113,29,58,91,127,57,41" hai3="12,52,3,64,49,72,134,99,24,40,66,75,73"/><U27/><E135/><V1/><F121/><W112/><G3/><T69/><D35/><U13/><E27/><V94/><F71/><W50/><G112/><T26/><D26/><U11/><E86/><V123/><F123/><W33/><G134/><T14/><D14/><U18/><E80/><V51/><F110/><W84/><G40/><T114/><D25/><U90/><E90/><V7/><F113/><W79/><G49/><T44/><D114/><U56/><REACH who="1" step="1"/><E11/><REACH who="1" ten="250,240,240,260" step="2"/><V130/><F83/><W32/><G84/><T87/><D87/><U107/><E107/><V97/><F29/><W70/><G24/><T116/><D122/><U17/><E17/><V54/><F30/><W38/><G75/><T68/><REACH who="0" step="1"/><D44/><REACH who="0" ten="240,240,240,260" step="2"/><U39/><AGARI ba="0,2" hai="8,13,18,37,39,42,43,46,47,56,62,65,96,98" machi="39" ten="20,7800,0" yaku="1,1,0,1,7,1,9,1,53,0" doraHai="128" doraHaiUra="132" who="1" fromWho="1" sc="240,-26,240,98,240,-26,260,-26" /><INIT seed="1,1,0,4,5,46" ten="214,338,214,234" oya="1" hai0="83,89,8,45,135,78,132,99,134,91,10,39,101" hai1="110,56,94,27,84,54,74,119,100,19,72,96,92" hai2="109,29,48,64,102,122,52,108,20,37,6,81,66" hai3="31,129,133,90,117,23,97,60,65,86,69,121,77"/><U55/><E119/><V130/><F130/><W62/><G121/><T32/><D32/><U21/><E110/><N who="2" m="42603" /><F122/><W88/><G117/><T0/><D0/><U87/><E54/><V2/><F37/><W111/><G111/><T5/><D5/><U36/><E36/><V67/><F102/><W30/><G129/><T7/><D7/><U93/><E74/><V107/><F107/><W4/><G133/><T116/><D116/><U114/><E72/><V34/><F34/><W17/><G4/><T1/><D1/><U115/><E115/><V47/><F81/><W14/><G77/><T71/><D71/><U128/><E114/><V24/><F6/><W53/><G97/><T50/><D39/><U68/><E68/><V104/><F104/><W79/><G79/><T126/><D126/><U43/><E43/><V131/><F131/><W3/><G3/><AGARI ba="1,0" hai="2,3,20,24,29,47,48,52,64,66,67" m="42603" machi="3" ten="30,3900,0" yaku="14,1,52,1,54,1" doraHai="46" who="2" fromWho="3" sc="214,0,338,0,214,42,234,-42" /><INIT seed="2,0,0,5,4,116" ten="214,338,256,192" oya="2" hai0="14,53,134,8,55,112,46,93,106,123,47,43,126" hai1="88,98,3,17,44,95,129,104,12,61,54,103,80" hai2="75,34,113,24,56,135,109,22,71,29,23,26,96" hai3="107,41,7,73,82,83,128,1,125,39,40,131,92"/><V76/><F113/><W0/><G107/><T99/><D112/><U114/><E3/><V122/><F122/><W90/><G125/><T32/><D123/><U115/><E129/><V69/><F135/><W124/><G124/><T66/><D126/><U25/><E80/><V58/><F34/><W10/><G0/><T19/><D106/><U15/><E25/><V30/><F109/><W120/><G120/><T87/><D32/><U60/><E12/><V20/><F96/><W65/><G65/><T101/><D66/><U28/><E28/><N who="2" m="10859" /><F76/><W52/><G83/><T6/><D134/><U86/><E61/><V11/><F11/><W111/><G111/><T70/><D70/><N who="2" m="26634" /><F75/><W18/><G18/><T77/><D19/><U36/><E60/><V89/><F89/><W68/><G68/><T81/><REACH who="0" step="1"/><D47/><REACH who="0" ten="204,338,256,192" step="2"/><U133/><E133/><V78/><F78/><W127/><G127/><T48/><AGARI ba="0,1" hai="6,8,14,43,46,48,53,55,77,81,87,93,99,101" machi="48" ten="20,12000,2" yaku="1,1,2,1,0,1,7,1,25,2,8,1,53,0" doraHai="116" doraHaiUra="33" who="0" fromWho="0" sc="204,130,338,-30,256,-60,192,-30" /><INIT seed="3,0,0,3,4,109" ten="334,308,196,162" oya="3" hai0="97,105,49,106,130,91,127,88,57,73,58,132,92" hai1="43,72,103,19,96,53,80,8,102,11,114,63,30" hai2="71,28,45,62,84,61,16,13,111,115,121,20,129" hai3="68,123,79,82,99,89,67,46,44,128,69,101,94"/><W87/><G123/><T10/><D73/><U90/><E30/><V77/><F115/><W47/><G128/><T131/><D127/><U54/><E43/><V85/><F111/><W122/><G122/><T14/><D132/><U56/><E114/><V60/><F121/><W29/><G29/><T116/><D116/><U52/><E72/><V124/><F124/><W12/><G67/><T108/><D108/><U110/><E110/><V118/><F118/><W83/><REACH who="3" step="1"/><G12/><REACH who="3" ten="334,308,196,152" step="2"/><T74/><D130/><U27/><E27/><N who="2" m="16487" /><F71/><W95/><G95/><T134/><D131/><U25/><E25/><V104/><F104/><W107/><G107/><T5/><D105/><U33/><E33/><V39/><F129/><W78/><G78/><T21/><D106/><U2/><E2/><V126/><F126/><W9/><G9/><T41/><D21/><U120/><E120/><V6/><F77/><W32/><G32/><T23/><D23/><U17/><E8/><N who="2" m="6183" /><F6/><W125/><G125/><T35/><D35/><U98/><E11/><V40/><F39/><W0/><G0/><T75/><D5/><U1/><E1/><V100/><F100/><W3/><G3/><T42/><D10/><U24/><E24/><V64/><F64/><W86/><AGARI ba="0,1" hai="44,46,47,68,69,79,82,83,86,87,89,94,99,101" machi="86" ten="30,3000,0" yaku="1,1,0,1,53,0" doraHai="109" doraHaiUra="135" who="3" fromWho="3" sc="334,-10,308,-10,196,-10,152,40" /><INIT seed="3,1,0,3,2,8" ten="324,298,186,192" oya="3" hai0="84,120,5,38,18,32,97,33,93,89,15,103,29" hai1="16,118,62,90,110,85,0,19,13,54,4,6,83" hai2="53,65,92,102,124,82,114,134,107,68,131,39,111" hai3="116,22,70,57,60,56,28,125,11,25,106,128,91"/><W50/><G116/><T79/><D38/><U43/><E0/><V31/><F114/><W130/><G106/><T61/><D120/><U88/><E110/><V105/><F39/><W44/><G125/><T98/><D5/><N who="1" m="2155" /><E43/><V81/><F124/><W78/><G78/><T45/><D45/><U27/><E118/><V41/><F41/><W2/><G91/><T37/><D37/><U52/><E90/><V24/><F111/><W64/><G11/><T121/><D29/><U48/><E62/><N who="2" m="39991" /><F92/><W133/><G2/><T17/><D17/><U96/><E96/><N who="2" m="61639" /><F107/><W117/><G117/><T77/><D61/><U20/><E48/><V59/><F131/><N who="3" m="50219" /><G133/><T12/><D121/><U108/><E108/><V101/><F101/><W26/><G25/><T71/><D71/><U129/><E129/><V63/><F134/><W69/><G70/><T47/><D32/><AGARI ba="1,0" hai="24,31,32,53,59,63,81,82" m="61639,39991" machi="32" ten="30,1000,0" yaku="25,1" doraHai="8" who="2" fromWho="0" sc="324,-13,298,0,186,13,192,0" owari="311,41.1,298,9.8,199,-20.1,192,-30.8" /></mjloggm>