<mjloggm ver="2.3"><GO type="225" lobby="0"/><UN n0="%E5%B7%9D%E7%80%AC%E6%99%BA%E5%AD%90" n1="%E5%8F%AF%E5%85%90%E9%82%A3%E7%94%B1%E5%A4%9A" n2="%E7%AD%89%E3%80%85%E5%8A%9B%E5%8A%87%E5%A0%B4" n3="%E3%81%9F%E3%81%8C%E3%82%84%E3%81%99" dan="16,16,16,17" rate="2044.79,2199.64,2091.56,2153.31" sx="M,F,M,M"/><TAIKYOKU oya="0"/><INIT seed="0,0,0,5,0,44" ten="250,250,250,250" oya="0" hai0="123,64,4,19,9,82,66,58,37,73,111,116,110" hai1="41,97,12,0,74,39,11,133,56,61,16,101,81" hai2="106,53,29,77,65,27,115,49,48,80,54,45,113" hai3="105,14,127,114,17,122,86,6,95,62,24,32,59"/><T128/><D116/><U42/><E133/><V43/><F106/><W109/><G105/><T124/><D123/><U20/><E39/><V104/><F104/><W125/><G114/><T79/><D128/><U78/><E0/><V60/><F43/><W40/><G40/><T76/><D124/><U13/><E97/><V35/><F60/><W10/><G122/><T88/><D37/><U72/><E101/><V126/><F65/><W8/><G109/><N who="0" m="41483" /><D19/><U112/><E74/><V68/><F68/><W98/><G86/><N who="0" m="50263" /><D73/><U131/><E131/><V92/><F126/><W100/><G32/><T57/><D66/><U30/><E112/><V15/><F115/><W63/><G127/><T91/><D91/><U51/><E30/><V55/><F113/><W47/><G125/><T31/><D31/><U96/><E96/><V129/><F129/><W28/><G28/><T25/><D25/><U84/><E72/><V71/><F27/><W50/><G24/><T18/><D18/><U34/><E16/><V7/><F29/><W69/><G17/><T52/><D64/><U21/><E78/><N who="0" m="29737" /><D52/><U36/><E36/><V93/><F54/><W89/><G89/><T102/><D102/><U121/><E121/><V38/><F38/><W117/><G100/><T132/><D132/><U108/><E108/><V130/><F130/><W90/><G90/><T70/><D70/><U135/><E135/><V120/><F71/><W83/><G69/><T134/><D134/><U3/><E20/><V87/><F120/><W5/><G117/><T94/><D94/><U107/><E21/><V103/><F93/><RYUUKYOKU ba="0,0" sc="250,30,250,-10,250,-10,250,-10" hai0="4,9,57,58" /><INIT seed="0,1,0,3,2,133" ten="280,240,240,240" oya="0" hai0="77,18,8,44,128,92,79,101,2,4,31,46,106" hai1="72,9,69,95,26,7,125,54,63,22,87,12,99" hai2="38,24,80,30,34,93,55,45,29,15,94,104,107" hai3="56,65,28,135,121,127,3,88,58,23,126,19,111"/><T21/><D106/><U40/><E72/><V50/><F38/><W123/><G3/><T10/><D128/><U84/><E40/><V86/><F30/><W105/><G105/><T124/><D31/><U51/><E125/><N who="3" m="47626" /><G135/><T73/><D8/><U83/><E83/><V122/><F122/><N who="3" m="46603" /><G111/><T103/><D73/><U97/><E69/><V41/><F107/><W118/><G118/><T96/><D103/><U112/><E63/><V60/><F60/><W36/><G36/><T89/><D101/><U120/><E112/><V78/><F104/><W53/><G65/><T132/><D132/><U116/><E116/><V110/><F110/><W37/><G37/><T49/><D44/><U117/><E117/><V114/><F114/><W131/><G131/><T25/><REACH who="0" step="1"/><D124/><REACH who="0" ten="270,240,240,240" step="2"/><U66/><E120/><V43/><F45/><W57/><G28/><T1/><D1/><U129/><E129/><V134/><F29/><W11/><G11/><T100/><D100/><U62/><E9/><V33/><F134/><W115/><G115/><T35/><D35/><U64/><E22/><V85/><F34/><W48/><G88/><T108/><D108/><U39/><E39/><V81/><F33/><W102/><G102/><T90/><D90/><U17/><E17/><V5/><F5/><W68/><G68/><T67/><D67/><U76/><E66/><V42/><F78/><W16/><G23/><T109/><D109/><U47/><E64/><V91/><F91/><W74/><G74/><T119/><D119/><U113/><E113/><V82/><F82/><W130/><G130/><T52/><AGARI ba="1,1" hai="2,4,10,18,21,25,46,49,52,77,79,89,92,96" machi="52" ten="20,18000,2" yaku="1,1,5,1,0,1,7,1,54,1,53,1" doraHai="133" doraHaiUra="14" who="0" fromWho="0" sc="270,193,240,-61,240,-61,240,-61" /><INIT seed="0,2,0,0,3,54" ten="463,179,179,179" oya="0" hai0="33,19,128,44,96,102,131,99,55,132,12,29,85" hai1="43,58,61,109,113,84,117,82,64,95,126,50,78" hai2="71,25,97,56,122,30,41,68,88,46,90,16,21" hai3="111,36,39,57,115,53,47,108,52,0,28,2,15"/><T119/><D119/><U103/><E117/><V133/><F122/><W26/><G15/><T106/><D132/><U104/><E109/><N who="3" m="42058" /><G115/><T17/><D96/><U66/><E113/><V112/><F112/><W92/><G92/><T48/><D85/><U123/><E123/><V38/><F133/><W62/><G53/><T31/><D19/><U65/><E126/><V49/><F38/><N who="3" m="14379" /><G47/><T121/><D121/><U35/><E35/><AGARI ba="2,0" hai="0,2,26,28,35,52,57,62" m="14379,42058" machi="35" ten="30,3900,0" yaku="14,1,52,1,54,1" doraHai="54" who="3" fromWho="1" sc="463,0,179,-45,179,0,179,45" /><INIT seed="1,0,0,3,0,43" ten="463,134,179,224" oya="1" hai0="1,83,89,71,53,70,57,49,86,110,13,81,19" hai1="77,10,126,88,25,115,65,51,121,135,72,117,107" hai2="9,84,85,125,36,39,5,16,123,22,124,6,61" hai3="7,91,31,106,21,56,26,4,47,76,67,108,27"/><U12/><E115/><V50/><F123/><W111/><G106/><T98/><D1/><U60/><E117/><V130/><F130/><W97/><G76/><T99/><D110/><N who="3" m="42025" /><G47/><T101/><D81/><U41/><E121/><V38/><F61/><N who="3" m="38311" /><G27/><T29/><D29/><U62/><E107/><V132/><F132/><W0/><G0/><T33/><D33/><U46/><E135/><V40/><F9/><W92/><AGARI ba="0,0" hai="4,7,21,26,31,91,92,97" m="38311,42025" machi="92" ten="30,1100,0" yaku="14,1" doraHai="43" who="3" fromWho="3" sc="463,-3,134,-5,179,-3,224,11" /><INIT seed="2,0,0,4,1,31" ten="460,129,176,235" oya="2" hai0="36,51,102,38,80,19,89,35,20,24,33,128,13" hai1="30,112,94,103,69,9,50,91,84,59,0,85,74" hai2="72,125,99,45,82,44,3,117,76,115,71,100,108" hai3="130,52,63,5,129,6,21,120,83,119,132,61,90"/><V124/><F115/><W16/><G63/><T41/><D102/><U123/><E112/><V109/><F3/><W10/><G120/><T58/><D128/><N who="3" m="49257" /><G119/><T14/><D14/><U49/><E74/><V39/><F71/><W48/><G61/><T133/><D133/><U93/><E69/><V134/><F117/><W29/><G29/><T25/><D35/><U86/><E123/><V131/><F131/><W111/><G132/><T1/><D1/><U46/><E30/><V107/><F134/><W47/><G111/><N who="2" m="42569" /><F45/><W105/><G105/><T11/><D33/><U64/><E0/><V77/><F76/><W66/><G66/><T135/><D135/><U97/><E9/><V8/><F8/><W37/><G37/><T70/><D70/><U60/><REACH who="1" step="1"/><E50/><REACH who="1" ten="460,119,176,235" step="2"/><V87/><F72/><W67/><G10/><T54/><D36/><U62/><E62/><V26/><F39/><W15/><G67/><T116/><D116/><U2/><E2/><V98/><F125/><W42/><G42/><AGARI ba="0,1" hai="42,46,49,59,60,64,84,85,86,91,93,94,97,103" machi="42" ten="30,3900,0" yaku="1,1,7,1,8,1,53,0" doraHai="31" doraHaiUra="114" who="1" fromWho="3" sc="460,0,119,49,176,0,235,-39" /><INIT seed="3,0,0,3,5,31" ten="460,168,176,196" oya="3" hai0="72,66,12,38,74,16,76,99,65,23,82,60,0" hai1="58,115,56,117,35,18,80,54,36,51,97,90,112" hai2="21,102,130,81,14,34,125,63,10,69,94,3,114" hai3="52,68,22,43,40,39,45,100,47,62,86,85,15"/><W67/><G100/><T79/><D38/><U27/><E36/><V64/><F114/><W96/><G96/><T111/><D0/><U32/><E117/><V116/><F116/><W44/><G22/><T88/><D111/><U5/><E5/><V128/><F34/><W71/><G15/><T59/><D72/><U101/><E58/><V122/><F125/><W50/><G71/><T75/><D75/><U29/><E18/><V123/><F3/><W91/><G91/><T46/><D46/><U2/><E2/><V19/><F81/><W131/><G131/><N who="2" m="50217" /><F21/><W92/><G92/><N who="0" m="56711" /><D74/><U134/><E134/><V17/><F17/><W73/><G73/><T41/><D41/><U87/><REACH who="1" step="1"/><E35/><REACH who="1" ten="460,158,176,196" step="2"/><V7/><F7/><W77/><G77/><N who="0" m="29771" /><D82/><U49/><E49/><AGARI ba="0,1" hai="39,40,43,44,45,47,49,50,52,62,67,68,85,86" machi="49" ten="30,2900,0" yaku="7,1,54,1" doraHai="31" who="3" fromWho="1" sc="460,0,158,-29,176,0,196,39" /><INIT seed="3,1,0,2,3,104" ten="460,129,176,235" oya="3" hai0="22,32,121,11,108,49,131,85,5,45,118,115,73" hai1="58,57,13,97,133,30,102,134,63,95,36,126,113" hai2="89,94,17,41,64,77,24,135,124,111,72,6,117" hai3="15,127,90,48,68,42,43,8,2,105,122,44,101"/><W87/><G68/><T9/><D73/><U38/><E113/><V39/><F117/><W50/><G2/><T79/><D32/><U81/><E126/><V76/><F111/><W120/><G127/><T65/><D118/><U59/><E63/><V128/><F124/><W60/><G60/><T123/><D108/><U18/><E30/><V67/><F135/><W100/><G105/><T66/><D115/><U91/><E102/><V33/><F128/><W84/><G122/><T62/><D131/><U46/><E81/><V129/><F6/><W69/><G69/><T98/><D98/><U88/><E91/><V125/><F77/><W116/><G116/><T12/><D11/><U82/><E82/><V34/><F34/><W14/><G120/><T10/><D10/><U92/><E92/><V56/><F33/><W78/><G78/><T54/><D65/><U20/><REACH who="1" step="1"/><E46/><REACH who="1" ten="460,119,176,235" step="2"/><N who="2" m="23871" /><F94/><W1/><G44/><T47/><D47/><U119/><BYE who="0" /><E119/><V132/><F89/><W103/><G90/><T53/><D53/><U55/><E55/><V25/><F125/><W86/><G103/><T40/><D40/><U28/><E28/><V37/><F67/><W16/><G101/><UN n0="%E5%B7%9D%E7%80%AC%E6%99%BA%E5%AD%90" /><T70/><D22/><U96/><E96/><V31/><F64/><W71/><G100/><T107/><REACH who="0" step="1"/><D107/><REACH who="0" ten="450,119,176,235" step="2"/><U99/><E99/><V112/><F112/><W26/><G43/><T109/><D109/><U74/><E74/><V23/><F72/><W80/><G42/><T75/><D75/><U3/><E3/><V93/><F129/><W83/><G1/><T19/><D19/><U110/><E110/><RYUUKYOKU ba="1,2" sc="450,15,119,15,176,-15,235,-15" hai0="5,9,12,45,49,54,62,66,70,79,85,121,123" hai1="13,18,20,36,38,57,58,59,88,95,97,133,134" owari="485,58.5,134,-36.6,161,-23.9,220,2.0" /></mjloggm>