<mjloggm ver="2.3"><GO type="225" lobby="0"/><UN n0="%E3%81%B5%E3%81%98%E3%81%8B%E3%81%A4" n1="%E7%99%BD%E6%97%A5%E9%9B%AA%E8%8F%9C" n2="%E9%AD%9A%E8%B0%B7%E4%BE%91%E7%BE%8E" n3="%E6%A1%9C%E8%8A%B1%E9%96%83%E3%80%85" dan="16,17,17,16" rate="2176.51,2178.88,2162.83,2161.87" sx="M,M,M,M"/><TAIKYOKU oya="0"/><INIT seed="0,0,0,3,0,68" ten="250,250,250,250" oya="0" hai0="38,3,73,65,104,109,118,111,117,48,115,64,74" hai1="106,27,93,53,32,11,87,126,113,59,133,56,21" hai2="36,20,22,18,7,108,26,9,98,88,78,4,12" hai3="135,92,66,102,94,43,19,42,125,34,99,52,70"/><T25/><D25/><U23/><E106/><V10/><F108/><N who="0" m="41546" /><D104/><U101/><E133/><V75/><F36/><W120/><G135/><T116/><D3/><U37/><E37/><V91/><F98/><W128/><G128/><T28/><D28/><U60/><E126/><V39/><F39/><W30/><G125/><T50/><D38/><U1/><E32/><V0/><F78/><W31/><G120/><T83/><D115/><U2/><E113/><V5/><F75/><N who="0" m="28682" /><D83/><U127/><E127/><V61/><F61/><W134/><G31/><T130/><D130/><U76/><E1/><V63/><F63/><W6/><G30/><T129/><D129/><U84/><E2/><V40/><F0/><W110/><G34/><T105/><D105/><U15/><E27/><V97/><F26/><W44/><G110/><T17/><D17/><U95/><E76/><V58/><F18/><W57/><G19/><T114/><D114/><U51/><E23/><V124/><F124/><W67/><G134/><T8/><D8/><U80/><E21/><V72/><F20/><W54/><G6/><N who="2" m="2665" /><F10/><W41/><G94/><T77/><D77/><U33/><E33/><V45/><F22/><W47/><G92/><N who="1" m="35402" /><E101/><V49/><F72/><W89/><G102/><T100/><D100/><U90/><E80/><V14/><F97/><W13/><G99/><T123/><D123/><U82/><E82/><V46/><F14/><W71/><G13/><T132/><D132/><U112/><E112/><V79/><F79/><W119/><G89/><N who="2" m="34377" /><F40/><W96/><G42/><T85/><D85/><U55/><E90/><RYUUKYOKU ba="0,0" sc="250,10,250,10,250,10,250,-30" hai0="48,50,64,65,116,117,118" hai1="11,15,51,53,55,56,59,60,84,87" hai2="7,9,12,45,46,49,58" /><INIT seed="0,1,0,3,0,45" ten="260,260,260,220" oya="0" hai0="21,46,63,25,36,8,133,10,68,48,58,125,31" hai1="70,95,118,134,80,28,40,30,105,37,39,77,23" hai2="126,110,4,57,101,87,5,78,119,71,49,32,115" hai3="106,128,92,109,56,117,82,102,62,15,22,131,52"/><T14/><D125/><U86/><E105/><V99/><F115/><W81/><G106/><T20/><D133/><U19/><E118/><V84/><F71/><W116/><G109/><T11/><D68/><U97/><E134/><V129/><F32/><W132/><G132/><T114/><D114/><U74/><E70/><V123/><F123/><W42/><G42/><T41/><D36/><U2/><E2/><V47/><F126/><W108/><G108/><T29/><D29/><U43/><E74/><V60/><F110/><W24/><G15/><T12/><REACH who="0" step="1"/><D21/><REACH who="0" ten="250,260,260,220" step="2"/><U9/><E37/><V127/><F127/><W13/><G117/><T107/><D107/><U51/><E39/><V75/><F119/><W94/><G116/><T16/><D16/><U17/><E17/><V38/><F38/><W135/><G135/><T66/><AGARI ba="1,1" hai="8,10,11,12,14,20,25,31,41,46,48,58,63,66" machi="66" ten="30,11700,0" yaku="1,1,0,1,8,1,52,1,53,0" doraHai="45" doraHaiUra="83" who="0" fromWho="0" sc="250,130,260,-40,260,-40,220,-40" /><INIT seed="0,2,0,0,0,135" ten="380,220,220,180" oya="0" hai0="10,115,130,45,82,113,128,85,48,64,27,79,120" hai1="0,51,33,29,1,49,70,21,52,50,127,91,44" hai2="24,109,61,35,7,95,42,131,89,55,17,60,100" hai3="125,46,122,80,73,8,134,87,88,18,98,14,129"/><T41/><D120/><U77/><E70/><V92/><F109/><W107/><G134/><T67/><D27/><U121/><E121/><V37/><F131/><N who="0" m="50218" /><D10/><U25/><E77/><V2/><F37/><W11/><G129/><T15/><D15/><U38/><E38/><V119/><F42/><W56/><G122/><T6/><D6/><U5/><E127/><V62/><F119/><W68/><G68/><T103/><D103/><U12/><E91/><V30/><F100/><W28/><G125/><T112/><AGARI ba="2,0" hai="41,45,48,64,67,79,82,85,112,113,115" m="50218" machi="112" ten="40,2100,0" yaku="19,1" doraHai="135" who="0" fromWho="0" sc="380,27,220,-9,220,-9,180,-9" /><INIT seed="0,3,0,1,2,109" ten="407,211,211,171" oya="0" hai0="37,32,23,29,100,8,50,19,40,126,103,24,134" hai1="2,86,113,54,42,7,20,10,21,4,59,18,82" hai2="75,15,31,63,108,117,124,105,45,79,9,62,133" hai3="27,110,85,16,115,91,49,122,39,98,135,129,53"/><T51/><D126/><U1/><E42/><V61/><F108/><W6/><G110/><T34/><D134/><U69/><E69/><V71/><F124/><W70/><G39/><T84/><D37/><U127/><E127/><V11/><F133/><W112/><G135/><T130/><D130/><U125/><E125/><V101/><F117/><W65/><G129/><T44/><D51/><U89/><E113/><V107/><F31/><W36/><G36/><T80/><D34/><U3/><E4/><V64/><F75/><W132/><G98/><T111/><D111/><U114/><E114/><V22/><F79/><W88/><G6/><T77/><REACH who="0" step="1"/><D8/><REACH who="0" ten="397,211,211,171" step="2"/><U104/><E21/><V78/><F11/><W43/><G132/><T58/><D58/><U38/><E38/><V13/><F9/><W99/><G49/><T35/><D35/><U76/><E10/><V66/><F71/><W81/><G115/><T60/><D60/><U46/><E7/><V83/><F62/><W47/><G112/><T55/><D55/><U90/><E3/><V97/><F63/><W72/><G53/><T102/><D102/><U56/><E2/><V33/><F33/><W120/><G70/><T25/><AGARI ba="3,1" hai="19,23,24,25,29,32,40,44,50,77,80,84,100,103" machi="25" ten="20,3900,0" yaku="1,1,0,1,7,1,53,0" doraHai="109" doraHaiUra="67" who="0" fromWho="0" sc="397,58,211,-16,211,-16,171,-16" /><INIT seed="0,4,0,4,2,34" ten="455,195,195,155" oya="0" hai0="5,26,33,6,98,45,97,70,119,133,28,58,42" hai1="107,76,115,105,3,19,114,69,29,71,102,90,89" hai2="122,16,46,53,106,120,39,66,48,8,14,87,82" hai3="84,117,116,20,75,27,104,17,124,9,131,121,24"/><T128/><D70/><U60/><E29/><V49/><F39/><W23/><G75/><T11/><D119/><U103/><E19/><V113/><F113/><N who="1" m="43017" /><E60/><V112/><F106/><N who="1" m="40457" /><E76/><V15/><F112/><W50/><G104/><T108/><D133/><U123/><E123/><V83/><F66/><W78/><G124/><T61/><D6/><U126/><E3/><V88/><F82/><W92/><G121/><T74/><D128/><U59/><E59/><V110/><F110/><W47/><G131/><T62/><D108/><U85/><E126/><V1/><F1/><W37/><G9/><T95/><D62/><U134/><E134/><V100/><F15/><W35/><G78/><T12/><D74/><U96/><E96/><V73/><F73/><W38/><G35/><T68/><D98/><U7/><E7/><V43/><F120/><W127/><G127/><T25/><D28/><U18/><E18/><V129/><F122/><W13/><G117/><T77/><D68/><N who="1" m="26187" /><E89/><V2/><F2/><W125/><G125/><T99/><D77/><U22/><E22/><V56/><F129/><W51/><G116/><T63/><D33/><U57/><E57/><V4/><F4/><W30/><G13/><T21/><D99/><U93/><AGARI ba="4,0" hai="85,90,93,102,103" m="26187,40457,43017" machi="93" ten="40,1500,0" yaku="11,1" doraHai="34" who="1" fromWho="1" sc="455,-11,195,27,195,-8,155,-8" /><INIT seed="1,0,0,4,1,13" ten="444,222,187,147" oya="1" hai0="28,18,35,9,105,31,50,85,110,124,66,120,48" hai1="17,72,113,59,46,111,40,51,75,82,114,2,38" hai2="126,83,62,128,10,63,91,43,12,19,11,123,68" hai3="56,127,101,129,32,44,0,102,21,132,94,121,53"/><U7/><E111/><V74/><F123/><W88/><G32/><T96/><D66/><U67/><E72/><V30/><F126/><W34/><G34/><T76/><D50/><U116/><E116/><V15/><F128/><W55/><G127/><T71/><D35/><U39/><E39/><V77/><F30/><W79/><G121/><T73/><D71/><U4/><E4/><V23/><F43/><W16/><G0/><T125/><D85/><U64/><E64/><V42/><F42/><W100/><G132/><T5/><D48/><U36/><E36/><V25/><F91/><W14/><G129/><T24/><D76/><N who="1" m="44319" /><E17/><N who="2" m="12527" /><F74/><W81/><G44/><T60/><D73/><U87/><E87/><N who="2" m="48623" /><F68/><W95/><G79/><T47/><D5/><AGARI ba="0,0" hai="5,10,11,12,15,19,62,63" m="48623,12527" machi="5" ten="30,3900,0" yaku="8,1,52,2" doraHai="13" who="2" fromWho="0" sc="444,-39,222,0,187,39,147,0" /><INIT seed="2,0,0,3,3,128" ten="405,222,226,147" oya="2" hai0="97,69,30,59,89,82,102,58,94,16,12,132,117" hai1="123,62,126,51,63,90,57,87,98,5,19,0,64" hai2="116,73,9,3,112,111,4,115,84,107,72,36,100" hai3="66,37,32,74,8,31,92,38,76,21,23,54,135"/><V120/><F116/><W25/><G66/><T131/><D132/><U88/><E126/><V105/><F120/><W130/><G130/><T83/><D131/><U1/><E123/><V77/><F84/><W65/><G65/><T48/><D69/><U42/><E5/><V13/><F13/><W22/><G92/><N who="0" m="58663" /><D30/><U79/><E19/><V49/><F49/><W11/><G54/><N who="0" m="32071" /><D59/><N who="1" m="36959" /><E1/><V14/><F36/><W40/><G40/><T61/><D61/><U45/><E0/><V26/><F3/><W50/><G50/><T20/><D117/><U18/><E18/><V47/><F73/><W7/><G7/><T33/><D33/><U106/><E106/><V121/><F105/><W15/><G15/><T96/><AGARI ba="0,0" hai="12,16,20,82,83,89,94,96" m="32071,58663" machi="96" ten="30,2000,0" yaku="8,1,54,1" doraHai="128" who="0" fromWho="0" sc="405,20,222,-5,226,-10,147,-5" /><INIT seed="3,0,0,4,1,25" ten="425,217,216,142" oya="3" hai0="54,42,57,71,93,80,19,14,46,70,126,43,20" hai1="17,128,63,26,135,127,77,9,30,82,122,97,106" hai2="58,105,56,66,39,38,13,101,99,22,133,67,68" hai3="24,6,131,112,85,36,12,76,3,81,132,110,72"/><W59/><G112/><T45/><D126/><U7/><E122/><V23/><F68/><W92/><G131/><T62/><D80/><U108/><E127/><V103/><F13/><W129/><G129/><T95/><D71/><U100/><E128/><V124/><F124/><W41/><G132/><T28/><D28/><U11/><E108/><V89/><F89/><W10/><G110/><T109/><D70/><U119/><E135/><V48/><F48/><W34/><G59/><T74/><D74/><U49/><E63/><V55/><F55/><W65/><G65/><T4/><D4/><U8/><E17/><V0/><F0/><W51/><G36/><T31/><D31/><U52/><E119/><V102/><F99/><W114/><G114/><T16/><D19/><U18/><E18/><V50/><F50/><W29/><G3/><T111/><D111/><U32/><E52/><V79/><F79/><W117/><G117/><T64/><D109/><U113/><E49/><V98/><F98/><W130/><G130/><T2/><D2/><U84/><E113/><V87/><F87/><W121/><G121/><T1/><D1/><AGARI ba="0,0" hai="1,7,8,9,11,26,30,32,77,82,84,97,100,106" machi="1" ten="30,2000,0" yaku="7,1,52,1" doraHai="25" who="1" fromWho="0" sc="425,-20,217,20,216,0,142,0" owari="405,50.5,237,3.7,216,-18.4,142,-35.8" /></mjloggm>