<mjloggm ver="2.3"><GO type="225" lobby="0"/><UN n0="%E6%98%93%E5%88%A9%E8%96%A9%E4%BC%AF" n1="%E3%83%81%E3%83%A7%E3%83%99%E3%83%83%E3%82%AF" n2="%E6%81%A5%E6%99%92%E3%81%97" n3="%E7%99%BD%E5%80%89%E5%AF%9B%E4%B9%8B" dan="17,16,16,16" rate="2160.10,2091.38,2107.04,2130.81" sx="F,M,M,M"/><TAIKYOKU oya="0"/><INIT seed="0,0,0,0,5,115" ten="250,250,250,250" oya="0" hai0="122,36,54,67,50,39,49,134,53,84,113,11,22" hai1="80,90,29,13,76,129,16,107,12,34,71,86,98" hai2="73,41,5,77,28,15,6,116,89,19,4,83,81" hai3="126,57,78,111,110,8,31,30,121,59,128,20,9"/><T26/><D113/><U1/><E71/><V10/><F116/><W91/><G121/><T61/><D122/><U68/><E68/><V2/><F28/><N who="3" m="10795" /><G20/><T119/><D134/><U38/><E38/><V112/><F112/><W130/><G91/><T65/><D11/><N who="3" m="4169" /><G78/><T133/><D84/><U127/><E1/><V64/><F64/><N who="0" m="24650" /><D22/><U46/><E46/><V105/><F105/><W100/><G100/><T24/><D133/><U101/><E129/><N who="3" m="49770" /><G126/><T135/><D135/><U124/><E29/><V58/><F89/><W109/><AGARI ba="0,0" hai="57,59,109,110,111" m="49770,4169,10795" machi="109" ten="40,8000,1" yaku="28,2,14,1,19,1" doraHai="115" who="3" fromWho="3" sc="250,-40,250,-20,250,-20,250,80" /><INIT seed="1,0,0,2,4,121" ten="210,230,230,330" oya="1" hai0="31,93,71,12,103,22,80,21,49,9,87,110,125" hai1="86,105,119,116,76,117,82,55,72,56,91,133,104" hai2="44,115,59,96,3,69,114,66,73,81,0,6,62" hai3="65,37,95,36,74,19,83,24,48,15,47,129,57"/><U53/><E133/><V25/><F96/><W94/><G129/><T127/><D71/><U32/><E32/><V118/><F118/><W109/><G24/><T28/><D49/><U2/><E2/><N who="2" m="555" /><F59/><W17/><G57/><T120/><D120/><U92/><REACH who="1" step="1"/><E53/><REACH who="1" ten="210,220,230,330" step="2"/><V88/><F114/><W135/><G135/><T40/><D127/><U42/><E42/><V27/><F115/><W124/><G124/><T101/><D40/><U98/><E98/><V70/><F70/><W113/><G113/><T97/><D125/><U107/><E107/><V52/><F69/><W1/><G1/><T130/><D97/><U111/><E111/><V38/><F52/><W90/><G109/><T10/><D110/><U79/><E79/><V41/><F41/><W78/><G78/><T131/><D131/><U14/><E14/><V102/><F66/><W33/><G15/><T128/><D12/><U99/><E99/><V122/><F122/><W67/><G65/><T26/><D128/><U75/><E75/><V50/><F73/><W29/><G67/><T16/><D130/><U30/><E30/><V4/><F6/><W85/><G29/><T100/><D28/><U77/><E77/><V58/><F4/><W112/><G74/><T63/><D31/><U18/><E18/><V11/><F27/><W20/><G33/><T60/><D16/><U132/><E132/><V46/><F25/><N who="3" m="14479" /><G19/><T39/><D26/><U123/><E123/><V89/><F11/><W64/><G64/><T13/><D10/><U43/><E43/><V7/><F7/><W45/><G112/><T134/><D9/><RYUUKYOKU ba="0,1" sc="210,-10,220,30,230,-10,330,-10" hai1="55,56,72,76,82,86,91,92,104,105,116,117,119" /><INIT seed="1,1,1,2,2,122" ten="200,250,220,320" oya="1" hai0="60,101,27,14,20,83,90,31,85,84,41,32,119" hai1="131,69,62,3,87,81,59,92,78,132,30,40,117" hai2="64,91,22,77,124,116,107,130,39,96,50,98,65" hai3="74,93,68,89,0,18,4,5,100,95,46,71,135"/><U45/><E3/><V24/><F116/><W54/><G74/><T17/><D119/><U12/><E69/><V79/><F39/><W58/><G135/><T120/><D120/><U123/><E123/><V61/><F124/><W73/><G73/><T82/><D101/><U114/><E117/><V70/><F130/><W52/><G0/><T48/><D60/><U13/><E114/><V2/><F2/><W125/><G125/><T56/><D41/><U43/><E132/><V76/><F107/><W23/><G71/><T66/><D66/><N who="2" m="25706" /><F61/><N who="3" m="36039" /><G68/><T126/><D126/><U7/><E30/><N who="2" m="17687" /><F70/><W42/><G42/><T51/><REACH who="0" step="1"/><D56/><REACH who="0" ten="190,250,220,320" step="2"/><U35/><E40/><V28/><F50/><W47/><G100/><T36/><D36/><U109/><E59/><V34/><F76/><AGARI ba="1,2" hai="14,17,20,27,31,32,48,51,76,82,83,84,85,90" machi="76" ten="30,7700,0" yaku="1,1,7,1,53,2" doraHai="122" doraHaiUra="44" who="0" fromWho="2" sc="190,100,250,0,220,-80,320,0" /><INIT seed="2,0,0,1,3,16" ten="290,250,140,320" oya="2" hai0="0,84,107,93,129,89,57,41,87,18,23,131,97" hai1="68,133,74,52,8,47,25,54,108,27,101,76,28" hai2="103,134,111,102,39,73,15,35,21,26,14,94,114" hai3="96,83,64,115,104,118,11,113,2,13,6,82,10"/><V130/><F114/><N who="3" m="43531" /><G118/><T69/><D69/><U100/><E68/><V29/><F39/><W127/><G127/><T7/><D41/><U117/><E117/><V50/><F73/><W30/><G64/><T58/><D7/><U19/><E74/><V60/><F130/><N who="0" m="49674" /><D0/><U135/><E76/><V1/><F134/><N who="1" m="51209" /><E108/><V63/><F111/><W37/><G30/><T78/><D78/><U32/><E47/><V128/><F1/><W71/><G71/><T106/><D87/><U109/><E109/><V119/><F119/><W86/><G86/><T20/><D20/><N who="1" m="13471" /><E8/><V90/><F128/><W12/><G37/><T116/><D116/><U132/><E132/><V77/><F77/><W55/><G55/><AGARI ba="0,0" hai="27,28,32,52,54,55,100,101" m="13471,51209" machi="55" ten="30,3900,0" yaku="20,1,52,1,54,1" doraHai="16" who="1" fromWho="3" sc="290,0,250,39,140,0,320,-39" /><INIT seed="3,0,0,4,1,57" ten="290,289,140,281" oya="3" hai0="77,51,76,7,75,128,91,47,105,125,21,127,36" hai1="130,55,18,131,84,3,82,54,5,114,12,110,44" hai2="59,135,28,62,43,35,26,72,30,22,15,103,29" hai3="64,17,10,107,50,52,20,11,104,85,129,74,94"/><W39/><G74/><T14/><D105/><U63/><E114/><V89/><F72/><W134/><G39/><T33/><D33/><U24/><E110/><V78/><F135/><W56/><G134/><T4/><D36/><U121/><E3/><V132/><F132/><W116/><G116/><T6/><D128/><N who="1" m="49195" /><E5/><V34/><F78/><N who="0" m="30314" /><D91/><N who="1" m="51607" /><E24/><V23/><F103/><W0/><G129/><T60/><D60/><U123/><E54/><N who="2" m="34167" /><F34/><W111/><G111/><T2/><D2/><U87/><E87/><V48/><F35/><W100/><G64/><T96/><D96/><U99/><E99/><V25/><F89/><N who="3" m="53551" /><G100/><T93/><D93/><U73/><E73/><V79/><F79/><W67/><G67/><T37/><D37/><U32/><E32/><V124/><F124/><N who="0" m="47690" /><D75/><U1/><E1/><V71/><F71/><W9/><G0/><T13/><D21/><N who="2" m="7690" /><F15/><AGARI ba="0,0" hai="9,10,11,15,17,20,50,52,56,104,107" m="53551" machi="15" ten="30,2900,0" yaku="25,1,54,1" doraHai="57" who="3" fromWho="2" sc="290,0,289,0,140,-29,281,29" owari="290,9.0,289,-11.1,111,-38.9,310,41.0" /></mjloggm>