<mjloggm ver="2.3"><GO type="225" lobby="0"/><UN n0="%E3%83%A9%E3%82%B9%E7%8E%87%EF%BC%93%E5%89%B2" n1="%E3%83%96%E3%83%83%E3%83%91%E3%82%AA%E3%83%96%E3%83%81%E3%82%AD%E3%83%B3" n2="%E5%A4%8F%E9%88%B4%E9%88%B4%E5%A4%8F" n3="%E9%A6%AC%E5%BC%95%E7%81%AB%33" dan="16,16,16,16" rate="2185.40,2157.03,2107.53,2077.00" sx="F,M,F,M"/><TAIKYOKU oya="0"/><INIT seed="0,0,0,2,1,132" ten="250,250,250,250" oya="0" hai0="18,113,127,71,106,76,93,81,36,103,52,14,61" hai1="119,20,60,46,65,108,88,7,23,54,105,112,92" hai2="17,104,40,68,123,28,125,121,4,126,128,120,55" hai3="48,11,43,21,107,33,0,90,77,53,50,42,101"/><T96/><D113/><U116/><E105/><V114/><F104/><W44/><G33/><T57/><D36/><U67/><E112/><V45/><F114/><W39/><G77/><T8/><D71/><U64/><E108/><V30/><F4/><W34/><G34/><T9/><D106/><U2/><E2/><V87/><F128/><W10/><G42/><T56/><D56/><N who="1" m="34839" /><E116/><V58/><F17/><W80/><G0/><T62/><D127/><N who="2" m="48650" /><F87/><W82/><G39/><T25/><D25/><U5/><E46/><V32/><F32/><W109/><G109/><T26/><D26/><U79/><E119/><V91/><F91/><W134/><G90/><T84/><REACH who="0" step="1"/><D62/><REACH who="0" ten="240,250,250,250" step="2"/><U69/><E69/><V129/><F68/><W63/><G107/><T41/><D41/><U22/><E79/><V75/><F129/><W117/><G117/><T66/><D66/><U72/><E72/><V135/><F75/><W130/><G130/><T73/><D73/><U118/><E118/><V35/><F35/><W89/><G63/><T31/><D31/><U99/><AGARI ba="0,1" hai="5,7,20,22,23,64,65,67,88,92,99" m="34839" machi="99" ten="30,2000,0" yaku="8,1,54,1" doraHai="132" who="1" fromWho="1" sc="240,-10,250,30,250,-5,250,-5" /><INIT seed="1,0,0,4,1,40" ten="230,280,245,245" oya="1" hai0="90,22,55,53,7,87,46,96,115,59,32,0,19" hai1="58,102,80,17,29,45,25,48,77,79,69,88,1" hai2="86,35,30,68,54,133,121,84,27,126,38,31,41" hai3="110,14,73,94,108,13,10,33,18,111,134,34,20"/><U100/><E1/><V103/><F121/><W5/><G73/><T71/><D71/><U98/><E69/><V116/><F116/><W81/><G81/><T70/><D70/><U57/><E17/><V21/><F68/><W123/><G94/><T51/><D32/><N who="3" m="12393" /><G134/><T47/><D115/><U2/><E2/><V95/><F133/><W52/><G52/><N who="0" m="32159" /><D0/><U72/><E25/><V66/><F66/><W61/><G61/><T74/><D7/><U64/><E29/><V24/><F54/><N who="0" m="20490" /><D96/><U107/><E64/><V104/><F104/><W119/><G123/><T97/><D97/><U127/><E127/><V105/><F105/><W3/><G119/><T89/><D74/><U106/><E79/><V56/><F126/><W6/><G6/><T16/><D19/><U120/><E120/><V11/><F56/><N who="1" m="21609" /><E72/><V39/><F30/><W9/><G9/><T23/><D23/><U50/><E107/><V122/><F11/><W82/><G82/><N who="0" m="49399" /><D90/><U37/><E106/><V117/><F117/><W78/><G78/><T8/><D8/><U130/><E77/><V83/><F122/><W99/><G99/><T124/><D124/><U112/><E98/><N who="2" m="59871" /><F83/><W60/><G60/><T118/><D118/><U131/><E88/><V135/><F135/><W43/><G43/><T65/><D65/><U44/><E112/><V4/><F41/><W63/><G63/><T12/><AGARI ba="0,0" hai="12,16,22,46,47" m="49399,20490,32159" machi="12" ten="30,8000,1" yaku="8,1,52,2,54,2" doraHai="40" who="0" fromWho="0" sc="230,80,280,-40,245,-20,245,-20" /><INIT seed="2,0,0,1,0,115" ten="310,240,225,225" oya="2" hai0="107,50,113,56,44,55,114,94,58,7,71,5,83" hai1="0,81,103,78,99,53,35,13,9,119,26,59,36" hai2="32,120,61,134,100,23,133,24,129,86,45,106,66" hai3="20,2,123,48,14,1,8,43,37,29,69,127,112"/><V104/><F120/><W108/><G123/><T54/><D107/><U89/><E36/><V95/><F32/><W90/><G37/><T85/><D71/><U122/><E0/><V121/><F121/><W65/><G108/><T125/><D125/><U17/><E122/><V30/><F45/><W124/><G112/><T72/><D72/><U118/><E89/><V28/><F28/><W41/><G90/><N who="0" m="51519" /><D114/><U84/><E26/><V42/><F42/><N who="3" m="15883" /><G48/><N who="0" m="30791" /><D113/><U80/><E80/><V3/><F3/><W68/><G68/><T62/><D94/><U88/><E78/><V49/><F49/><W15/><G15/><T77/><D77/><U64/><E64/><AGARI ba="0,0" hai="5,7,44,50,55,58,62,64" m="30791,51519" machi="64" ten="30,1000,0" yaku="8,1" doraHai="115" who="0" fromWho="1" sc="310,10,240,-10,225,0,225,0" /><INIT seed="3,0,0,0,0,100" ten="320,230,225,225" oya="3" hai0="90,22,2,48,18,12,119,110,25,47,130,82,113" hai1="97,121,71,98,13,55,117,45,86,75,49,32,11" hai2="3,127,29,16,84,125,129,54,74,43,70,35,64" hai3="116,108,41,106,65,126,26,95,89,77,42,30,122"/><W115/><G115/><T62/><D2/><U134/><E75/><V58/><F74/><W79/><G116/><T135/><D119/><U56/><E121/><V27/><F3/><W15/><G122/><T10/><D110/><U87/><E71/><V131/><F43/><N who="3" m="16395" /><G106/><T17/><D135/><U60/><E32/><V114/><F114/><W23/><G108/><T107/><D107/><U81/><E134/><V104/><F104/><W6/><G126/><N who="2" m="48137" /><F84/><N who="1" m="32297" /><E81/><V133/><F133/><W93/><G65/><T69/><D130/><U111/><E111/><V9/><F64/><W83/><G83/><T40/><D113/><U37/><E37/><V4/><F16/><W103/><G103/><T31/><D69/><U44/><E117/><V53/><F70/><W112/><G112/><T39/><D39/><U80/><E80/><V67/><F67/><W59/><G59/><T36/><D36/><U92/><E92/><N who="3" m="35402" /><G89/><T124/><D124/><U0/><E0/><N who="2" m="135" /><F53/><W91/><G91/><T94/><D82/><U46/><E49/><AGARI ba="0,0" hai="27,29,35,49,54,58,129,131" m="135,48137" machi="49" ten="30,1000,0" yaku="18,1" doraHai="100" who="2" fromWho="1" sc="320,0,230,-10,225,10,225,0" owari="320,42.0,220,-28.0,235,3.5,225,-17.5" /></mjloggm>