<mjloggm ver="2.3"><GO type="225" lobby="0"/><UN n0="%72%65%6E%6B%75%6E" n1="%E3%81%82%E3%82%93%E3%81%AA%E3%81%A4" n2="%E6%9D%B1%E9%A2%A8%E3%81%AE%E3%81%8D%E3%82%83%E3%81%B7%E3%81%95%E3%82%93" n3="%EF%BC%AE%EF%BC%A1%EF%BC%AF%33%33%39" dan="17,17,16,16" rate="2201.11,2190.42,2198.72,2172.45" sx="M,M,M,M"/><TAIKYOKU oya="0"/><INIT seed="0,0,0,5,1,69" ten="250,250,250,250" oya="0" hai0="131,18,72,115,89,59,54,38,114,61,84,128,12" hai1="52,95,3,74,94,24,113,10,121,19,27,56,6" hai2="51,14,76,34,130,90,135,92,82,129,50,71,108" hai3="119,31,93,100,32,77,9,83,112,29,134,60,96"/><T8/><D72/><U98/><E121/><V87/><F71/><W16/><G112/><T75/><D75/><U42/><E113/><V45/><F34/><W70/><G119/><T66/><D114/><U4/><E74/><V122/><F122/><W46/><G32/><T17/><D115/><U37/><E6/><V7/><F135/><W88/><G134/><T120/><D120/><U67/><E67/><V22/><F108/><W123/><G123/><T97/><D97/><U80/><E80/><V110/><F110/><W40/><G100/><T5/><D66/><U86/><E86/><V118/><F118/><W33/><G33/><T36/><D17/><U132/><E19/><V102/><F102/><W65/><G83/><T103/><D103/><U62/><E95/><V63/><F63/><W15/><REACH who="3" step="1"/><G77/><REACH who="3" ten="250,250,250,240" step="2"/><T41/><D5/><U64/><E132/><V99/><F7/><W39/><AGARI ba="0,1" hai="9,15,16,29,31,39,40,46,60,65,70,88,93,96" machi="39" ten="20,16000,3" yaku="1,1,2,1,0,1,7,1,52,1,54,2,53,1" doraHai="69" doraHaiUra="85" who="3" fromWho="3" sc="250,-80,250,-40,250,-40,240,170" /><INIT seed="1,0,0,1,2,49" ten="170,210,210,410" oya="1" hai0="54,41,36,101,80,19,68,73,126,44,4,40,134" hai1="47,3,97,55,127,26,124,108,35,77,114,39,98" hai2="69,12,11,84,128,75,58,29,0,64,99,74,135" hai3="93,112,78,22,111,79,51,63,122,62,38,83,132"/><U21/><E114/><V65/><F69/><W30/><G38/><T14/><D126/><N who="1" m="48171" /><E3/><V42/><F0/><W43/><G112/><T76/><D134/><U81/><E35/><V46/><F135/><W86/><G122/><T105/><D68/><U61/><E108/><V10/><F128/><W24/><G111/><T70/><D70/><U91/><E91/><V1/><F29/><W107/><G107/><T66/><D66/><U27/><E39/><V48/><F99/><N who="1" m="37897" /><E21/><V67/><F84/><W130/><G130/><T9/><D105/><U45/><E45/><V87/><F87/><W131/><G131/><T53/><D101/><U96/><N who="1" m="37905" /><U2/><DORA hai="120" /><E2/><V113/><F113/><W25/><G132/><T57/><D41/><U133/><E133/><V17/><REACH who="2" step="1"/><F58/><REACH who="2" ten="170,210,200,410" step="2"/><W7/><G86/><T5/><REACH who="0" step="1"/><D53/><REACH who="0" ten="160,210,200,410" step="2"/><U104/><E104/><V92/><F92/><W71/><G93/><T82/><D82/><U23/><E81/><V115/><F115/><W106/><G83/><T28/><D28/><U18/><E55/><V109/><F109/><W50/><G30/><T15/><D15/><U89/><E27/><V88/><F88/><W6/><G25/><T95/><D95/><U103/><E89/><V32/><F32/><W8/><G24/><T102/><D102/><U13/><E103/><V33/><F33/><W16/><G106/><T56/><D56/><U52/><E26/><V94/><F94/><W59/><G71/><T60/><AGARI ba="0,2" hai="4,5,9,14,19,36,40,44,54,57,60,73,76,80" machi="60" ten="20,8000,1" yaku="1,1,0,1,7,1,52,1,53,1" doraHai="49,120" doraHaiUra="85,72" who="0" fromWho="0" sc="160,100,210,-40,200,-20,410,-20" /><INIT seed="2,0,0,5,4,96" ten="260,170,180,390" oya="2" hai0="121,26,115,7,125,70,94,134,95,10,128,0,44" hai1="52,77,89,63,112,99,84,5,20,67,100,30,31" hai2="120,11,61,40,83,132,2,85,18,114,110,97,24" hai3="105,86,25,51,82,74,78,21,47,87,49,92,27"/><V98/><F120/><W33/><G105/><T62/><D121/><U9/><E112/><V64/><F114/><W16/><G51/><T28/><D115/><U57/><E77/><V131/><F40/><W23/><G33/><T4/><D4/><U126/><E67/><V68/><F132/><W124/><G92/><T102/><D134/><U80/><E20/><V135/><F135/><W50/><G50/><T58/><D70/><U103/><E126/><V32/><F131/><W106/><G106/><T60/><D128/><U19/><E19/><V56/><F68/><W91/><G91/><T13/><D125/><U37/><E37/><V55/><F110/><W6/><G6/><T127/><D127/><U71/><E71/><V118/><F118/><W66/><G66/><T117/><D117/><U109/><E109/><V3/><F64/><W54/><G124/><T15/><D44/><U43/><E43/><V130/><F130/><W29/><AGARI ba="0,0" hai="16,21,23,25,27,29,47,49,54,74,78,82,86,87" machi="29" ten="20,2700,0" yaku="0,1,7,1,54,1" doraHai="96" who="3" fromWho="3" sc="260,-7,170,-7,180,-13,390,27" /><INIT seed="3,0,0,4,2,18" ten="253,163,167,417" oya="3" hai0="70,10,123,55,95,21,111,32,75,115,28,128,14" hai1="74,11,80,66,132,58,68,3,46,113,93,38,98" hai2="8,110,77,50,61,88,49,82,47,31,122,108,39" hai3="94,51,7,81,25,83,120,124,106,134,34,96,40"/><W79/><G120/><T135/><D95/><U91/><E113/><V78/><F122/><W118/><G106/><T36/><D55/><U52/><E132/><V56/><F31/><W67/><G67/><T41/><D41/><N who="1" m="22839" /><E11/><V15/><F39/><W4/><G83/><T117/><D21/><U87/><E3/><V19/><F88/><W131/><G134/><T2/><D14/><U42/><E42/><N who="2" m="24823" /><F50/><W26/><G131/><T43/><D28/><U62/><E74/><V126/><F126/><W6/><G34/><T63/><D63/><U127/><E127/><V16/><F19/><W65/><G65/><T24/><D24/><U109/><E109/><N who="2" m="42091" /><F82/><W69/><G69/><T27/><D10/><U84/><E80/><V97/><F97/><W119/><G124/><T53/><D53/><AGARI ba="0,0" hai="8,15,16,53,56,61,77,78" m="42091,24823" machi="53" ten="30,2000,0" yaku="14,1,54,1" doraHai="18" who="2" fromWho="0" sc="253,-20,163,0,167,20,417,0" owari="233,3.3,163,-33.7,187,-21.3,417,51.7" /></mjloggm>