<mjloggm ver="2.3"><GO type="225" lobby="0"/><UN n0="%75%72%6A%61%63%6B" n1="%E3%81%BF%E3%81%BF%E3%81%9A" n2="%72%69%6F%75%63%68%61%6E" n3="%E9%BB%99%E8%81%B4%E3%81%AE%E3%81%99%E3%82%9D%E3%82%81" dan="17,18,16,16" rate="2102.94,2253.98,2187.06,2146.23" sx="M,M,M,M"/><TAIKYOKU oya="0"/><INIT seed="0,0,0,0,3,8" ten="250,250,250,250" oya="0" hai0="39,49,2,122,99,22,53,13,24,108,116,41,96" hai1="27,55,67,28,114,17,127,129,115,50,77,59,58" hai2="16,48,105,64,85,89,83,43,79,4,14,132,61" hai3="93,112,117,63,68,86,70,35,56,88,3,123,103"/><T36/><D116/><U32/><E127/><V90/><F132/><W30/><G112/><N who="1" m="43050" /><E129/><V82/><F105/><W60/><G3/><T42/><D122/><U6/><E6/><V98/><F4/><W104/><G117/><T125/><D2/><U33/><E77/><V133/><F133/><W92/><G123/><T38/><D125/><U72/><E72/><V19/><F98/><W45/><G104/><T57/><D108/><U121/><E121/><V71/><F82/><W120/><G120/><T134/><D134/><U9/><E33/><V29/><F29/><W47/><G35/><T31/><D99/><U78/><E78/><V110/><F110/><W102/><G30/><T109/><D96/><U5/><E17/><V80/><F19/><W128/><G128/><T94/><D94/><U130/><E67/><V46/><REACH who="2" step="1"/><F80/><REACH who="2" ten="250,250,240,250" step="2"/><W69/><G93/><T51/><D109/><U1/><E130/><V0/><F0/><W37/><G92/><T15/><REACH who="0" step="1"/><D42/><REACH who="0" ten="240,250,240,250" step="2"/><U119/><E119/><V118/><F118/><W7/><G103/><T65/><D65/><U100/><E100/><V44/><F44/><AGARI ba="0,2" hai="13,15,22,24,31,36,38,39,41,44,49,51,53,57" machi="44" ten="40,7700,0" yaku="1,1,52,2,53,0" doraHai="8" doraHaiUra="124" who="0" fromWho="2" sc="240,97,250,0,240,-77,250,0" /><AGARI ba="0,0" hai="1,5,9,27,28,32,44,50,55,58,59" m="43050" machi="44" ten="30,1000,0" yaku="11,1" doraHai="8" who="1" fromWho="2" sc="337,0,250,10,163,-10,250,0" /><INIT seed="0,1,0,0,2,63" ten="337,260,153,250" oya="0" hai0="106,102,50,129,72,33,21,100,92,111,22,23,131" hai1="79,39,88,57,125,87,65,83,122,41,27,71,101" hai2="113,116,53,15,128,118,16,3,47,127,104,77,85" hai3="44,99,119,25,110,90,64,74,28,42,67,13,56"/><T54/><D33/><U9/><E122/><V62/><F113/><W135/><G74/><T43/><D106/><U8/><E101/><V7/><F104/><W117/><G110/><T46/><D72/><U19/><E71/><V126/><F128/><N who="0" m="49226" /><D111/><U29/><E125/><N who="2" m="47627" /><F7/><W55/><G135/><T48/><D92/><U20/><E39/><V52/><F3/><W61/><G13/><T1/><D1/><U78/><E41/><V103/><F103/><W34/><G90/><T134/><D134/><U0/><E0/><V86/><F47/><AGARI ba="1,0" hai="21,22,23,43,46,47,48,50,54,100,102" m="49226" machi="47" ten="30,1500,0" yaku="19,1" doraHai="63" who="0" fromWho="2" sc="337,18,260,0,153,-18,250,0" /><INIT seed="0,2,0,3,0,16" ten="355,260,135,250" oya="0" hai0="87,90,76,82,54,11,41,66,38,23,102,43,27" hai1="75,73,64,94,19,36,113,134,116,62,24,20,71" hai2="7,17,35,49,103,128,28,42,123,6,32,57,15" hai3="133,1,86,92,2,112,77,89,69,9,31,8,29"/><T100/><D66/><U126/><E116/><V51/><F123/><W91/><G69/><T44/><D43/><U114/><E126/><V109/><F109/><W3/><G112/><N who="1" m="43114" /><E134/><V131/><F103/><W88/><G133/><T97/><D11/><U12/><E36/><V95/><F95/><W50/><G50/><N who="2" m="18953" /><F42/><W59/><G59/><T115/><D54/><U111/><E111/><V30/><F57/><W39/><G39/><T67/><D67/><U63/><E63/><V5/><F17/><W129/><G129/><N who="2" m="49737" /><F15/><W65/><G65/><T96/><D115/><U40/><E40/><V121/><F121/><W60/><G60/><T61/><D61/><U105/><E105/><V132/><F132/><W98/><G77/><T46/><D46/><U125/><E125/><V14/><F14/><W80/><REACH who="3" step="1"/><G89/><REACH who="3" ten="355,260,135,240" step="2"/><T21/><D76/><U34/><E94/><V124/><F124/><W122/><G122/><T127/><D127/><U68/><E71/><V10/><F10/><AGARI ba="2,1" hai="1,2,3,8,9,10,29,31,80,86,88,91,92,98" machi="10" ten="40,2600,0" yaku="1,1,54,1,53,0" doraHai="16" doraHaiUra="110" who="3" fromWho="2" sc="355,0,260,0,135,-32,240,42" /><INIT seed="1,0,0,4,5,127" ten="355,260,103,282" oya="1" hai0="63,66,115,8,92,69,33,17,3,42,50,61,62" hai1="12,117,96,119,76,13,108,27,26,68,65,81,22" hai2="7,59,56,130,45,16,73,0,103,77,67,64,52" hai3="78,121,58,90,55,102,49,19,36,39,44,95,128"/><U111/><E96/><V87/><F73/><W4/><G121/><T74/><D115/><U47/><E47/><V110/><F110/><N who="1" m="42025" /><E65/><N who="2" m="25163" /><F7/><W10/><G102/><T135/><D63/><U43/><E43/><V84/><F0/><W34/><G34/><T79/><D62/><U89/><E89/><V37/><F37/><W134/><G78/><T40/><D40/><U9/><E68/><V51/><F103/><W129/><G19/><T109/><D92/><U1/><E81/><N who="2" m="47151" /><F130/><N who="3" m="50283" /><G44/><T125/><D74/><U94/><E94/><V23/><F87/><N who="3" m="52703" /><G134/><T15/><D135/><U28/><E76/><V112/><F112/><W104/><G104/><T38/><D109/><U86/><E86/><V107/><F107/><W20/><G20/><T106/><D79/><U88/><E88/><V11/><F11/><W24/><G24/><AGARI ba="0,0" hai="16,23,24,45,51,52,56,59" m="47151,25163" machi="24" ten="30,3900,0" yaku="8,1,54,2" doraHai="127" who="2" fromWho="3" sc="355,0,260,0,103,39,282,-39" /><INIT seed="2,0,0,2,2,129" ten="355,260,142,243" oya="2" hai0="67,95,82,87,37,119,33,10,92,7,43,65,117" hai1="83,108,93,40,50,72,116,38,51,53,78,17,89" hai2="71,133,58,109,103,45,13,23,90,31,59,94,77" hai3="57,47,55,26,12,39,49,115,68,3,105,91,9"/><V86/><F71/><W126/><G126/><T35/><D43/><U11/><E116/><N who="0" m="44617" /><D37/><U52/><E108/><V111/><F77/><W29/><G105/><T106/><D106/><U2/><E38/><V27/><F133/><W75/><G75/><T46/><D46/><U124/><E124/><V8/><F103/><W66/><G3/><N who="0" m="383" /><D95/><U56/><E40/><V76/><F76/><W118/><G118/><T44/><D44/><U104/><E104/><V127/><F127/><W61/><G115/><T100/><D92/><U32/><E32/><N who="0" m="12361" /><D100/><U84/><E2/><V70/><F70/><W14/><G91/><AGARI ba="0,0" hai="65,67,82,87,91" m="12361,383,44617" machi="91" ten="30,1000,0" yaku="12,1" doraHai="129" who="0" fromWho="3" sc="355,10,260,0,142,0,243,-10" /><INIT seed="3,0,0,4,2,2" ten="365,260,142,233" oya="3" hai0="56,15,127,102,49,27,10,39,17,114,43,68,59" hai1="89,47,70,82,55,121,37,72,96,24,11,120,20" hai2="57,135,8,124,111,92,1,53,52,46,3,73,108" hai3="109,34,78,25,69,113,65,51,9,33,99,134,94"/><W7/><G113/><T5/><D68/><U116/><E70/><V58/><F73/><W26/><G134/><T132/><D132/><U12/><E116/><V30/><F135/><W97/><G78/><T31/><D114/><U45/><E45/><V23/><F46/><W22/><G109/><N who="2" m="42057" /><F92/><W81/><G81/><T4/><D39/><U131/><E131/><V38/><F38/><W86/><G86/><T14/><D4/><U130/><E130/><V54/><F23/><W79/><G79/><T28/><D127/><U48/><E37/><V76/><F76/><W90/><G97/><T71/><D71/><U98/><E72/><V75/><F75/><W103/><G90/><T13/><D13/><U6/><E120/><V100/><F30/><W123/><G123/><T107/><D27/><U129/><E121/><V41/><F8/><W77/><G77/><T104/><D59/><N who="2" m="22538" /><F41/><W115/><G115/><T118/><D118/><U91/><E129/><V112/><F112/><W66/><G26/><T125/><D125/><U18/><E91/><V85/><F124/><W87/><G69/><T61/><D107/><U106/><E106/><V105/><F105/><W126/><G126/><T16/><D31/><U80/><E80/><V32/><F85/><AGARI ba="0,0" hai="6,11,12,18,20,24,47,48,55,82,85,89,96,98" machi="85" ten="40,2600,0" yaku="8,1,52,1" doraHai="2" who="1" fromWho="2" sc="365,0,260,26,142,-26,233,0" owari="365,46.5,286,8.6,116,-38.4,233,-16.7" /></mjloggm>