<mjloggm ver="2.3"><GO type="225" lobby="0"/><UN n0="%E3%81%82%E3%81%84%E3%81%82%E3%81%8A%E3%81%84" n1="%E5%84%AA%40%41%42%43" n2="%E4%BB%A5%E5%A5%B3%E7%A5%9E%E4%B9%8B%E5%90%8D%E8%A8%B1%E9%A1%98" n3="%72%69%6F%75%63%68%61%6E" dan="18,16,16,16" rate="2190.61,2122.96,2042.97,2138.15" sx="M,M,M,M"/><TAIKYOKU oya="0"/><INIT seed="0,0,0,2,4,76" ten="250,250,250,250" oya="0" hai0="105,45,95,94,38,103,34,30,19,131,11,110,67" hai1="70,6,46,117,106,97,43,0,69,61,40,72,132" hai2="73,108,85,20,54,18,48,29,79,83,90,23,123" hai3="68,114,55,60,33,121,62,66,37,4,102,32,78"/><T39/><D131/><U101/><E117/><V116/><F123/><W2/><G114/><T42/><D39/><U98/><E132/><V52/><F116/><W109/><G109/><T89/><D110/><U119/><E119/><V1/><F1/><W133/><G133/><T14/><D67/><U104/><E72/><V24/><F108/><W56/><G121/><T25/><REACH who="0" step="1"/><D89/><REACH who="0" ten="240,250,250,250" step="2"/><U9/><E43/><V13/><REACH who="2" step="1"/><F48/><REACH who="2" ten="240,250,240,250" step="2"/><W64/><G37/><T63/><D63/><U127/><E61/><V36/><F36/><W115/><G64/><T128/><D128/><U130/><E130/><V125/><F125/><W65/><G66/><T35/><D35/><U100/><E127/><V49/><F49/><AGARI ba="0,2" hai="0,6,9,40,46,49,69,70,97,98,100,101,104,106" machi="49" ten="30,2000,0" yaku="7,1,9,1" doraHai="76" who="1" fromWho="2" sc="240,0,250,40,240,-20,250,0" /><INIT seed="1,0,0,4,2,46" ten="240,290,220,250" oya="1" hai0="0,33,28,125,21,65,102,114,84,112,67,55,109" hai1="1,5,89,124,74,62,11,108,64,58,50,36,131" hai2="86,37,105,99,53,8,17,128,6,119,25,113,68" hai3="44,57,2,88,60,40,130,91,106,30,117,12,110"/><U120/><E120/><V70/><F119/><W51/><G2/><T27/><D0/><U75/><E36/><V93/><F37/><W72/><G117/><T63/><D109/><U104/><E131/><V41/><F41/><W80/><G110/><T9/><D125/><U13/><E108/><V61/><F128/><W54/><G130/><T71/><D9/><U47/><E104/><V129/><F129/><W66/><G106/><T83/><D67/><U101/><E101/><V35/><F113/><W85/><G30/><T126/><D126/><U10/><E89/><V24/><F24/><W48/><G72/><T42/><D42/><U122/><E124/><V100/><F86/><W135/><G135/><T38/><D38/><U127/><E122/><V15/><F93/><W123/><G123/><T98/><D21/><U82/><E82/><V56/><REACH who="2" step="1"/><F17/><REACH who="2" ten="240,290,210,250" step="2"/><W26/><G26/><T121/><D121/><U39/><E39/><V92/><F92/><W45/><G12/><T3/><D112/><U4/><E127/><V94/><F94/><W59/><REACH who="3" step="1"/><G91/><REACH who="3" ten="240,290,210,240" step="2"/><T14/><D14/><U87/><REACH who="1" step="1"/><E87/><REACH who="1" ten="240,280,210,240" step="2"/><V73/><F73/><W29/><G29/><AGARI ba="0,3" hai="6,8,15,25,29,35,53,56,61,68,70,99,100,105" machi="29" ten="40,1300,0" yaku="1,1,53,0" doraHai="46" doraHaiUra="79" who="2" fromWho="3" sc="240,0,280,0,210,43,240,-13" /><INIT seed="2,0,0,5,5,94" ten="240,280,253,227" oya="2" hai0="37,61,95,80,123,105,44,12,32,57,0,3,64" hai1="60,51,121,45,49,113,120,1,75,96,52,20,106" hai2="118,33,79,63,109,102,47,119,99,68,104,2,131" hai3="53,111,11,15,36,73,62,85,40,7,133,39,5"/><V28/><F131/><W31/><G73/><T9/><D105/><U124/><E113/><V55/><F2/><W13/><G111/><T59/><D32/><U69/><E75/><V6/><F6/><W18/><G133/><T122/><D57/><U67/><E1/><V130/><F130/><W134/><G134/><T132/><D132/><U100/><E124/><V112/><F112/><W88/><G31/><T56/><D0/><U82/><E82/><V50/><F79/><W101/><G101/><T74/><D59/><U93/><E49/><V42/><F109/><W72/><G72/><T83/><D83/><U34/><E20/><V92/><F92/><W127/><G127/><T48/><D37/><U17/><E17/><V76/><F76/><W14/><G40/><T43/><D3/><U84/><E34/><V10/><F10/><W114/><G114/><T129/><D129/><U90/><AGARI ba="0,0" hai="45,51,52,60,67,69,84,90,93,96,100,106,120,121" machi="90" ten="30,4000,0" yaku="0,1,52,1,54,1" doraHai="94" who="1" fromWho="1" sc="240,-10,280,40,253,-20,227,-10" /><INIT seed="3,0,0,0,0,95" ten="230,320,233,217" oya="3" hai0="5,93,120,134,4,30,59,44,80,89,61,24,109" hai1="53,129,12,71,119,101,10,9,48,42,81,55,21" hai2="63,74,34,104,54,31,99,32,68,88,11,65,28" hai3="113,111,124,46,20,52,128,13,23,39,127,83,98"/><W92/><G113/><T79/><D109/><U77/><E71/><V135/><F74/><W33/><G33/><T86/><D134/><U17/><E129/><V133/><F11/><W126/><G128/><T35/><D44/><N who="1" m="25623" /><E101/><N who="2" m="62527" /><F88/><N who="3" m="55559" /><G111/><T19/><D19/><U38/><E38/><V108/><F108/><W82/><G13/><T96/><REACH who="0" step="1"/><D120/><REACH who="0" ten="220,320,233,217" step="2"/><U47/><E47/><V66/><F133/><W102/><G102/><T118/><D118/><U122/><E17/><V49/><F135/><W105/><G105/><T90/><D90/><U58/><E122/><V84/><F31/><W72/><G72/><T8/><D8/><U26/><E9/><V40/><F28/><W7/><G7/><T117/><D117/><U27/><E10/><V25/><F40/><N who="3" m="22815" /><G52/><AGARI ba="0,1" hai="4,5,24,30,35,52,59,61,79,80,86,89,93,96" machi="52" ten="30,8000,1" yaku="1,1,7,1,52,1,54,1,53,1" doraHai="95" doraHaiUra="51" who="0" fromWho="3" sc="220,90,320,0,233,0,217,-80" owari="310,11.0,320,42.0,233,-16.7,137,-36.3" /></mjloggm>