<mjloggm ver="2.3"><GO type="225" lobby="0"/><UN n0="%E3%83%81%E3%83%83%E3%82%BF%E3%82%BD%E3%83%BC" n1="%E3%81%A4%E3%81%A3%E3%81%B1%E3%82%8A%E3%83%9D%E3%83%BC%E3%83%AB" n2="%E3%83%96%E3%83%83%E3%83%91%E3%82%AA%E3%83%96%E3%83%81%E3%82%AD%E3%83%B3" n3="%E3%81%BE%E3%81%A8%E3%81%9F" dan="16,17,16,16" rate="2128.88,2122.76,2146.72,2119.49" sx="F,M,M,M"/><TAIKYOKU oya="0"/><INIT seed="0,0,0,5,4,94" ten="250,250,250,250" oya="0" hai0="121,28,133,85,115,125,10,95,87,32,102,104,66" hai1="41,129,64,14,106,92,31,78,38,33,55,23,77" hai2="6,90,132,123,17,24,124,75,19,20,72,12,25" hai3="2,36,53,130,111,122,13,49,108,84,116,21,40"/><T51/><D133/><U128/><E106/><V15/><F123/><W52/><G2/><T7/><D125/><U105/><E105/><V117/><F132/><W110/><G116/><T22/><D121/><U35/><E64/><V91/><F124/><W131/><G36/><T5/><D32/><U56/><E41/><V29/><F117/><W101/><G122/><T126/><D115/><U1/><E38/><V45/><F45/><N who="3" m="25767" /><G101/><T60/><D126/><U113/><E1/><V74/><F6/><W103/><G103/><T112/><D112/><U34/><E92/><V26/><REACH who="2" step="1"/><F29/><REACH who="2" ten="250,250,240,250" step="2"/><W69/><G69/><T83/><D5/><U50/><E113/><V89/><F89/><W80/><G131/><N who="1" m="50250" /><E31/><V8/><AGARI ba="0,1" hai="8,12,15,17,19,20,24,25,26,72,74,75,90,91" machi="8" ten="40,2700,0" yaku="1,1,0,1,53,0" doraHai="94" doraHaiUra="46" who="2" fromWho="2" sc="250,-13,250,-7,240,37,250,-7" /><INIT seed="1,0,0,4,4,35" ten="237,243,277,243" oya="1" hai0="64,17,98,43,8,53,100,68,76,14,15,80,128" hai1="57,4,34,89,97,115,79,58,24,96,13,93,129" hai2="69,22,29,124,86,134,70,112,61,40,87,102,75" hai3="55,28,99,31,94,32,26,110,127,19,116,109,133"/><U12/><E115/><V37/><F75/><W66/><G127/><T44/><D128/><U104/><E129/><V11/><F124/><W54/><G133/><T48/><D14/><U132/><E132/><V78/><F134/><W119/><G31/><T2/><D2/><U95/><E104/><V114/><F102/><W121/><G121/><T51/><D64/><U106/><E106/><V18/><F29/><W9/><G66/><T56/><D68/><N who="2" m="26218" /><F61/><W42/><G42/><T88/><D100/><U67/><E79/><V72/><F11/><W73/><G73/><T10/><D10/><U81/><E81/><N who="2" m="45255" /><F40/><W108/><G54/><T122/><D122/><U113/><E113/><N who="2" m="43627" /><F37/><W120/><G120/><T117/><D117/><N who="3" m="45129" /><G55/><T105/><D105/><U38/><E38/><V16/><F18/><W39/><G39/><T103/><D103/><U3/><E67/><V135/><F135/><W101/><G19/><T77/><REACH who="0" step="1"/><D80/><REACH who="0" ten="227,243,277,243" step="2"/><U20/><E93/><AGARI ba="0,1" hai="8,15,17,43,44,48,51,53,56,76,77,88,93,98" machi="93" ten="40,8000,1" yaku="1,1,2,1,8,1,54,1,53,0" doraHai="35" doraHaiUra="123" who="0" fromWho="1" sc="227,90,243,-80,277,0,243,0" /><INIT seed="2,0,0,2,2,135" ten="317,163,277,243" oya="2" hai0="123,43,106,98,6,18,10,9,68,7,71,22,119" hai1="67,112,16,126,65,134,21,51,34,5,36,90,45" hai2="115,35,29,109,80,85,130,78,132,50,75,24,15" hai3="12,44,64,82,99,100,4,58,48,125,118,128,124"/><V38/><F115/><W57/><G118/><T95/><D123/><U53/><E112/><V117/><F132/><W49/><G128/><T97/><D119/><U40/><E134/><V72/><F117/><W3/><G3/><T37/><D106/><U108/><E108/><V111/><F38/><W69/><G69/><T54/><D54/><U74/><E34/><V129/><F50/><W8/><G82/><T52/><D43/><U25/><E74/><N who="2" m="28203" /><F15/><W56/><G64/><T120/><D37/><U70/><E5/><V103/><F103/><W59/><N who="3" m="14336" /><DORA hai="17" /><W110/><G110/><AGARI ba="0,0" hai="24,29,35,78,80,85,109,110,111,129,130" m="28203" machi="110" ten="30,2900,0" yaku="14,1,10,1" doraHai="135,17" who="2" fromWho="3" sc="317,0,163,0,277,29,243,-29" /><INIT seed="2,1,0,4,1,92" ten="317,163,306,214" oya="2" hai0="38,42,67,76,15,63,37,47,131,126,71,31,90" hai1="132,77,100,99,109,115,70,68,19,122,80,102,8" hai2="97,62,91,94,44,123,48,78,29,50,34,74,28" hai3="65,21,85,7,55,22,72,133,27,40,113,11,23"/><V114/><F114/><W129/><G72/><T26/><D126/><U35/><E115/><V46/><F123/><W51/><G133/><T5/><D131/><U96/><E35/><V32/><F74/><W39/><G129/><T4/><D76/><U117/><E117/><V110/><F78/><W18/><G65/><T57/><D37/><U53/><E132/><V10/><F110/><W135/><G135/><T69/><D90/><U30/><E30/><V73/><F73/><W3/><G113/><T84/><D84/><N who="1" m="48143" /><E70/><V58/><F10/><W59/><G85/><T107/><D107/><U82/><E68/><V52/><F34/><W104/><G104/><T2/><D2/><U128/><E128/><V54/><F32/><W20/><G40/><AGARI ba="1,0" hai="28,29,40,44,46,48,50,52,54,58,62,91,94,97" machi="40" ten="30,11600,0" yaku="7,1,8,1,52,1,54,1" doraHai="92" who="2" fromWho="3" sc="317,0,163,0,306,119,214,-119" /><INIT seed="2,2,0,2,1,87" ten="317,163,425,95" oya="2" hai0="86,74,109,55,125,61,0,115,72,50,81,83,25" hai1="16,8,104,75,56,53,65,119,40,22,111,4,77" hai2="23,123,39,63,62,129,120,5,64,80,97,135,51" hai3="36,33,94,126,88,46,57,42,118,29,113,35,66"/><V93/><F39/><W32/><G118/><T58/><D109/><U43/><E119/><V134/><F5/><W34/><G126/><T60/><D115/><U79/><E104/><V48/><F80/><W45/><G113/><T26/><D0/><U105/><E105/><V96/><F23/><W124/><G124/><T6/><D6/><U99/><E65/><V107/><F107/><W73/><G73/><T14/><D14/><N who="1" m="5383" /><E99/><V102/><F129/><W2/><G2/><T71/><D125/><U116/><E75/><V68/><F97/><W91/><G46/><T49/><D71/><U106/><E106/><V130/><F130/><W132/><G132/><N who="2" m="50729" /><F63/><W17/><G17/><T31/><D31/><U12/><E111/><V44/><F48/><W21/><N who="3" m="8192" /><DORA hai="59" /><W112/><G112/><T3/><D3/><U100/><E100/><V13/><F13/><W110/><G110/><T101/><D101/><U85/><E85/><V122/><F122/><W9/><G9/><T98/><D98/><U95/><E95/><V38/><F38/><W19/><G29/><T37/><D37/><U41/><E116/><V92/><F92/><W84/><G57/><T133/><D133/><U24/><E12/><V114/><F114/><W10/><G66/><T47/><D74/><U1/><E1/><V90/><F102/><W76/><G10/><T78/><D72/><U82/><E82/><V11/><F11/><W128/><G128/><T27/><D83/><U117/><E117/><V103/><F103/><W52/><G94/><T69/><D69/><U20/><E20/><V89/><F93/><RYUUKYOKU ba="2,0" sc="317,15,163,15,425,-15,95,-15" hai0="25,26,27,47,49,50,55,58,60,61,78,81,86" hai1="16,22,24,40,41,43,53,56,77,79" /><INIT seed="3,3,0,3,4,130" ten="332,178,410,80" oya="3" hai0="122,4,74,0,98,82,35,78,108,83,105,40,132" hai1="36,70,21,26,47,53,57,12,43,41,128,23,63" hai2="114,62,25,64,92,110,49,112,24,11,85,101,67" hai3="121,88,90,104,93,89,116,19,2,61,22,102,29"/><W10/><G116/><T28/><D108/><U30/><E128/><V9/><F110/><W51/><G121/><T16/><D122/><U42/><E70/><V1/><F1/><W134/><G134/><T120/><D120/><U46/><E36/><V99/><F112/><W84/><G29/><T31/><D132/><U6/><E6/><V59/><F114/><W96/><G61/><T91/><D35/><U80/><E80/><V50/><F85/><W27/><G2/><T5/><D5/><U39/><E39/><V38/><F38/><W103/><G103/><T86/><D40/><U13/><E23/><V71/><F67/><W66/><G66/><T118/><D118/><U123/><E123/><V33/><F33/><W56/><G10/><N who="2" m="3593" /><F71/><W58/><REACH who="3" step="1"/><G56/><REACH who="3" ten="332,178,410,70" step="2"/><T60/><D60/><U94/><E94/><V97/><F101/><W125/><G125/><T3/><D3/><U18/><E30/><V127/><F92/><W117/><G117/><T68/><D68/><U107/><E107/><V52/><F127/><W76/><G76/><T55/><D31/><U106/><E106/><V113/><F113/><W75/><G75/><T115/><D28/><U87/><E47/><V72/><F72/><W95/><G95/><T37/><D115/><U34/><E46/><V8/><F8/><W54/><AGARI ba="3,1" hai="19,22,27,51,54,58,84,88,89,90,93,96,102,104" machi="54" ten="30,6000,0" yaku="1,1,0,1,54,1,53,0" doraHai="130" doraHaiUra="133" who="3" fromWho="3" sc="332,-23,178,-23,410,-23,70,79" /><INIT seed="3,4,0,0,2,95" ten="309,155,387,149" oya="3" hai0="135,3,38,70,77,117,92,71,49,128,31,103,124" hai1="75,74,16,43,133,54,68,45,51,56,42,81,29" hai2="18,9,110,114,35,126,100,39,106,102,85,32,11" hai3="0,46,115,4,30,78,17,105,88,96,6,65,20"/><W123/><G115/><T67/><BYE who="3" /><D117/><U82/><E68/><V97/><F114/><W10/><G10/><T47/><D38/><U69/><E69/><V7/><F39/><W44/><G44/><T34/><D124/><U5/><E133/><V21/><F126/><W91/><G91/><T113/><D113/><U89/><E29/><V132/><F132/><W83/><G83/><N who="1" m="31754" /><E74/><V57/><F110/><W80/><G80/><T22/><D135/><U116/><E75/><V60/><F102/><W111/><G111/><T37/><D37/><U50/><E116/><V98/><F85/><W24/><G24/><T87/><D77/><U8/><E5/><V64/><F98/><W63/><G63/><T107/><D34/><U119/><E89/><V19/><F19/><W112/><G112/><T94/><D3/><U48/><E119/><V90/><F90/><W73/><G73/><T72/><D72/><U61/><E45/><V33/><F7/><W86/><G86/><T28/><D28/><U15/><AGARI ba="4,0" hai="8,15,16,42,43,48,50,51,54,56,61" m="31754" machi="15" ten="30,2000,0" yaku="8,1,54,1" doraHai="95" who="1" fromWho="1" sc="309,-9,155,32,387,-9,149,-14" owari="300,10.0,187,-21.3,378,47.8,135,-36.5" /></mjloggm>