<mjloggm ver="2.3"><GO type="225" lobby="0"/><UN n0="%E5%91%A8%E6%9D%B1" n1="%E9%A6%AC%E5%BC%95%E7%81%AB%33" n2="%E3%81%AF%E3%82%88%E3%81%8A%E3%81%98%E3%81%95%E3%82%93" n3="%E6%97%A5%E6%9B%9C%E6%97%A5%E3%82%88%E3%82%8A%E3%81%AE%E4%BD%BF%E8%80%85" dan="16,16,17,17" rate="2234.47,2090.86,2202.37,2243.71" sx="M,M,M,M"/><TAIKYOKU oya="0"/><INIT seed="0,0,0,0,5,80" ten="250,250,250,250" oya="0" hai0="15,114,3,65,84,99,101,111,126,39,125,115,7" hai1="38,36,12,23,72,119,41,87,104,34,20,91,25" hai2="127,108,100,14,90,103,110,107,42,124,8,0,31" hai3="117,50,76,54,66,68,132,53,21,57,78,86,18"/><T4/><D39/><U112/><E119/><V64/><F0/><W121/><G117/><T77/><D65/><U122/><E122/><V82/><F31/><W44/><G121/><T2/><D15/><U73/><E104/><V102/><F42/><W48/><G132/><T129/><D129/><U94/><E34/><V40/><F40/><W81/><G68/><T35/><D35/><U109/><E109/><N who="2" m="42091" /><F64/><W58/><G76/><T134/><D111/><U113/><E12/><V105/><F8/><W89/><G78/><T79/><D134/><U74/><E23/><V17/><F17/><W6/><G6/><T26/><D26/><U118/><E118/><V59/><F59/><W106/><G106/><N who="2" m="40457" /><F14/><W63/><G21/><T11/><D101/><U32/><E32/><V1/><F1/><W85/><G18/><T13/><D13/><U60/><E60/><V70/><F70/><W62/><G62/><T56/><D56/><U95/><E95/><V29/><F29/><W88/><G81/><T97/><D11/><U69/><E69/><V33/><F33/><W24/><G24/><T19/><D19/><U71/><E71/><V116/><F116/><W30/><G30/><T43/><D43/><U52/><E52/><V61/><F61/><W55/><G66/><T51/><D51/><U10/><E10/><V22/><F22/><W67/><G67/><T46/><D46/><N who="1" m="23847" /><E38/><V28/><F28/><W47/><G58/><T9/><D9/><U5/><E5/><V27/><F27/><W37/><G37/><T135/><D135/><U16/><E25/><V98/><F82/><RYUUKYOKU ba="0,0" sc="250,0,250,0,250,0,250,0" hai0="2,3,4,7,77,79,84,97,99,114,115,125,126" hai1="16,20,72,73,74,87,91,94,112,113" hai2="90,98,100,102,103,124,127" hai3="44,47,48,50,53,54,55,57,63,85,86,88,89" /><INIT seed="0,1,0,4,2,0" ten="250,250,250,250" oya="0" hai0="132,131,89,130,67,93,76,5,98,36,91,120,3" hai1="45,109,77,29,123,75,88,7,44,31,80,52,63" hai2="134,122,106,99,119,17,59,47,54,86,21,20,72" hai3="12,11,111,48,15,16,65,61,35,127,26,107,73"/><T128/><D120/><U55/><E123/><V1/><F122/><W104/><G73/><T92/><D36/><U33/><E109/><V42/><F72/><W22/><G111/><T95/><D132/><U9/><E33/><V46/><F1/><W90/><G127/><T43/><D43/><U30/><E88/><N who="0" m="33865" /><D67/><U23/><E23/><V2/><F2/><W51/><G35/><T87/><D3/><U8/><E7/><V27/><F134/><W124/><G124/><T28/><D28/><U85/><E75/><V82/><F119/><W118/><G118/><T25/><D25/><U102/><E102/><V101/><F42/><W121/><G121/><T94/><D5/><U78/><E77/><V24/><F86/><W129/><G129/><T53/><D53/><N who="1" m="20555" /><E63/><V79/><F82/><W19/><G90/><N who="0" m="53343" /><D76/><U84/><E84/><V57/><F79/><W68/><REACH who="3" step="1"/><G26/><REACH who="3" ten="250,250,250,240" step="2"/><T66/><D66/><U18/><E18/><V133/><F133/><W81/><G81/><T114/><D114/><U97/><E97/><AGARI ba="1,1" hai="93,94,95,97,98,128,130,131" m="53343,33865" machi="97" ten="40,12000,1" yaku="19,1,34,2,54,1" doraHai="0" who="0" fromWho="1" sc="250,133,250,-123,250,0,240,0" /><INIT seed="0,2,0,4,2,128" ten="383,127,250,240" oya="0" hai0="37,85,66,16,84,27,77,122,119,116,89,25,8" hai1="49,61,0,87,127,42,130,33,80,19,21,44,73" hai2="58,50,65,79,24,7,29,10,26,4,28,47,135" hai3="98,103,9,113,93,104,101,76,1,88,34,64,106"/><T72/><D37/><U123/><E123/><V112/><F112/><W99/><G34/><T18/><D72/><U91/><E130/><V48/><F135/><W23/><G113/><T120/><D8/><U40/><E127/><V100/><F100/><W56/><G76/><T126/><D77/><U13/><E33/><V96/><F96/><W32/><G32/><T81/><D66/><U68/><E0/><V62/><F79/><W95/><G23/><T92/><D92/><U125/><E125/><V52/><F48/><W121/><G121/><T5/><D5/><N who="2" m="2122" /><F10/><W94/><G9/><T131/><D126/><U41/><E73/><V31/><AGARI ba="2,0" hai="24,26,28,29,31,47,50,52,58,62,65" m="2122" machi="31" ten="30,2000,0" yaku="8,1,54,1" doraHai="128" who="2" fromWho="2" sc="383,-12,127,-7,250,26,240,-7" /><INIT seed="1,0,0,1,2,121" ten="371,120,276,233" oya="1" hai0="109,135,42,127,37,53,55,82,117,86,81,75,40" hai1="62,120,33,41,50,24,2,65,110,134,38,27,54" hai2="63,6,44,95,97,28,114,133,48,25,64,9,31" hai3="101,130,94,129,12,128,87,26,32,7,93,92,36"/><U89/><E120/><V124/><F124/><W88/><G36/><T39/><D117/><U70/><E2/><V4/><F133/><W115/><G115/><T85/><D75/><U3/><E3/><V60/><F114/><W10/><REACH who="3" step="1"/><G101/><REACH who="3" ten="371,120,276,223" step="2"/><T108/><D135/><U83/><E134/><V19/><F4/><W14/><G14/><T52/><D127/><U132/><E132/><V91/><F6/><W104/><G104/><T119/><D119/><U46/><E110/><N who="0" m="42601" /><D37/><U112/><E112/><V29/><F64/><W49/><G49/><T77/><D39/><U113/><E113/><V71/><F71/><W69/><G69/><T45/><D45/><U99/><E33/><V111/><F111/><W61/><G61/><T43/><D43/><U51/><E51/><V73/><F73/><W131/><N who="3" m="32768" /><DORA hai="68" /><W35/><G35/><T84/><D84/><N who="1" m="50335" /><E99/><V72/><F72/><W79/><G79/><AGARI ba="0,1" hai="40,42,52,53,55,77,79,81,82,85,86" m="42601" machi="79" ten="30,8000,1" yaku="14,1,52,3,54,1" doraHai="121,68" who="0" fromWho="3" sc="371,90,120,0,276,0,223,-80" /><INIT seed="2,0,0,5,4,68" ten="461,120,276,143" oya="2" hai0="55,90,72,34,99,111,82,81,46,109,117,58,54" hai1="25,26,106,43,77,4,66,130,112,103,52,56,60" hai2="76,37,118,23,5,27,3,131,91,69,125,65,74" hai3="50,53,121,21,24,128,104,135,59,83,8,36,122"/><V110/><F118/><W22/><G104/><T126/><D34/><U101/><E112/><V42/><F125/><W105/><G105/><T93/><D126/><U107/><E130/><V124/><F124/><W45/><G128/><T28/><D117/><U20/><E77/><V63/><F131/><W129/><G129/><T31/><D28/><U44/><E4/><V92/><F110/><N who="0" m="41994" /><D31/><U62/><E106/><V134/><F134/><W14/><G135/><T84/><D72/><U29/><E25/><V97/><F5/><W79/><G59/><T85/><D46/><U108/><E107/><V102/><F3/><W41/><G53/><T35/><D35/><U87/><E87/><N who="0" m="33353" /><D54/><U57/><REACH who="1" step="1"/><E108/><REACH who="1" ten="461,110,276,143" step="2"/><V73/><F76/><W7/><G24/><T33/><D33/><U88/><E88/><V119/><F91/><W2/><G122/><T94/><D94/><U89/><E89/><V1/><F119/><W18/><G121/><T86/><D86/><U96/><E96/><V13/><F74/><N who="3" m="43511" /><G21/><T123/><D123/><U95/><E95/><V98/><F73/><W11/><G22/><T120/><D120/><U67/><E67/><V78/><F78/><W30/><G30/><T132/><D132/><U10/><E10/><V0/><F97/><W40/><G40/><T51/><AGARI ba="0,1" hai="51,55,58,81,82,90,93,99" m="33353,41994" machi="51" ten="30,1100,0" yaku="14,1" doraHai="68" who="0" fromWho="0" sc="461,21,110,-3,276,-5,143,-3" /><INIT seed="3,0,0,0,4,59" ten="482,107,271,140" oya="3" hai0="46,1,100,117,88,11,74,120,39,77,97,24,108" hai1="101,62,91,133,103,123,60,47,17,41,131,99,122" hai2="28,68,49,48,135,83,80,6,13,37,25,134,21" hai3="18,40,78,19,54,10,26,50,71,8,51,121,53"/><W73/><G71/><T104/><D117/><U84/><E131/><V105/><F37/><W118/><G118/><T79/><D120/><U9/><E133/><N who="2" m="50699" /><F105/><W115/><G115/><T76/><D108/><U23/><E9/><N who="2" m="4279" /><F68/><W107/><G107/><T35/><D24/><N who="1" m="14447" /><E123/><V27/><F27/><W96/><G73/><T126/><D35/><U30/><E30/><V86/><F80/><W87/><G121/><T82/><D126/><U112/><E112/><V93/><F93/><W14/><G40/><N who="0" m="22815" /><D88/><AGARI ba="0,0" hai="21,25,28,48,49,83,86,88" m="4279,50699" machi="88" ten="30,2000,0" yaku="20,1,54,1" doraHai="59" who="2" fromWho="0" sc="482,-20,107,0,271,20,140,0" owari="462,56.2,107,-39.3,291,9.1,140,-26.0" /></mjloggm>