<mjloggm ver="2.3"><GO type="225" lobby="0"/><UN n0="%E7%89%B9%E6%9D%B1%E5%96%B0%E8%B5%A4%E9%80%9F" n1="%E3%81%A0%E3%81%8A" n2="%E3%83%96%E3%83%83%E3%83%91%E3%82%AA%E3%83%96%E3%83%81%E3%82%AD%E3%83%B3" n3="%E3%81%BF%E3%81%BF%E3%81%9A" dan="16,17,16,17" rate="2039.29,2070.01,2204.83,2173.97" sx="M,M,M,M"/><TAIKYOKU oya="0"/><INIT seed="0,0,0,1,4,87" ten="250,250,250,250" oya="0" hai0="73,50,102,6,83,112,124,31,75,14,104,67,108" hai1="71,95,99,97,28,8,4,70,126,79,81,125,133" hai2="132,114,22,91,119,88,131,121,85,54,123,120,55" hai3="57,5,44,106,10,115,27,62,78,49,107,84,56"/><T69/><D112/><U98/><E28/><V101/><F114/><W1/><G115/><T35/><D50/><U65/><E95/><V51/><F131/><W2/><G2/><T111/><D124/><N who="1" m="47723" /><E65/><V17/><F132/><W74/><G74/><T21/><D35/><U109/><E109/><N who="0" m="42057" /><D102/><U20/><E20/><V110/><F110/><W63/><G27/><N who="0" m="16879" /><D104/><U92/><E92/><V25/><F119/><W15/><G1/><T13/><D6/><U117/><E133/><V7/><F101/><W77/><G107/><T26/><D26/><U45/><E45/><V93/><F7/><W53/><G106/><T129/><D129/><U42/><E42/><V64/><F64/><N who="3" m="38983" /><G84/><T128/><D128/><U90/><E117/><V72/><F72/><N who="0" m="27722" /><D83/><U86/><E79/><V34/><F34/><W24/><G24/><T46/><D46/><U23/><E23/><V134/><F134/><W135/><G135/><T43/><D43/><AGARI ba="0,0" hai="5,10,15,43,44,49,53,57,63,77,78" m="38983" machi="43" ten="30,1000,0" yaku="8,1" doraHai="87" who="3" fromWho="0" sc="250,-10,250,0,250,0,250,10" /><INIT seed="1,0,0,2,0,45" ten="240,250,250,260" oya="1" hai0="106,127,5,16,20,24,111,116,99,93,134,46,13" hai1="18,123,34,14,108,71,65,33,103,61,113,49,43" hai2="58,91,11,118,54,130,1,67,29,117,52,131,98" hai3="133,30,124,132,15,64,121,60,59,122,17,128,112"/><U47/><E113/><V109/><F29/><W90/><G112/><T119/><D134/><N who="3" m="51817" /><G128/><N who="2" m="49193" /><F1/><W66/><G124/><T105/><D127/><U87/><E123/><V50/><F11/><N who="3" m="6399" /><G30/><T7/><D111/><U36/><E108/><V28/><F28/><W3/><G3/><T86/><D105/><U107/><E87/><V57/><F109/><W104/><G104/><T37/><D86/><U19/><E19/><V129/><N who="2" m="49201" /><V6/><DORA hai="22" /><F6/><W95/><G64/><T9/><D106/><U79/><E79/><V126/><F67/><W38/><G38/><T31/><D116/><N who="2" m="44650" /><F126/><W81/><G81/><T68/><D68/><U101/><E36/><V21/><F21/><W92/><G92/><T70/><D70/><U26/><E26/><V53/><F58/><W73/><G73/><T12/><D12/><U63/><E63/><V69/><F69/><W2/><G2/><T120/><D119/><U89/><E33/><V84/><F98/><AGARI ba="0,0" hai="59,60,66,90,95,98,121,122" m="6399,51817" machi="98" ten="30,1000,0" yaku="20,1" doraHai="45,22" who="3" fromWho="2" sc="240,0,250,0,250,-10,260,10" /><INIT seed="2,0,0,5,0,111" ten="240,250,240,270" oya="2" hai0="17,129,97,36,49,40,119,77,9,47,43,107,16" hai1="34,71,118,37,39,69,74,1,99,113,58,63,41" hai2="80,50,3,88,124,67,33,6,13,91,121,11,79" hai3="38,46,42,66,130,115,0,24,82,103,105,112,120"/><V93/><F121/><W48/><G120/><T26/><D129/><U21/><E34/><V90/><F124/><W20/><G130/><T44/><D119/><U104/><E74/><V45/><F33/><W101/><G0/><T122/><D122/><U54/><E1/><V18/><F67/><W52/><G66/><T102/><D77/><U31/><E118/><V116/><F116/><W73/><G73/><T127/><D127/><U12/><E113/><N who="3" m="43594" /><G82/><T25/><REACH who="0" step="1"/><D17/><REACH who="0" ten="230,250,240,270" step="2"/><U2/><E71/><V78/><F80/><W19/><G105/><T123/><D123/><U109/><E104/><V35/><F93/><W134/><G134/><T5/><D5/><U85/><E109/><V4/><F35/><W10/><G10/><T14/><AGARI ba="0,1" hai="9,14,16,25,26,36,40,43,44,47,49,97,102,107" machi="14" ten="30,4000,0" yaku="1,1,0,1,54,1,53,0" doraHai="111" doraHaiUra="51" who="0" fromWho="0" sc="230,50,250,-10,240,-20,270,-10" /><INIT seed="3,0,0,0,5,22" ten="280,240,220,260" oya="3" hai0="71,116,105,18,130,13,106,120,23,91,119,57,122" hai1="98,3,42,10,104,117,16,75,54,85,65,89,38" hai2="64,99,114,5,88,0,66,95,72,70,45,69,36" hai3="93,77,87,134,44,9,79,48,8,108,59,113,121"/><W96/><G113/><T30/><D71/><U67/><E75/><V58/><F114/><W63/><G121/><T83/><D57/><U123/><E123/><V127/><F72/><W107/><G107/><T43/><D105/><U7/><E117/><V40/><F127/><W125/><G125/><T28/><D106/><U19/><E42/><V4/><F58/><W2/><G134/><T34/><D43/><U97/><E38/><V62/><REACH who="2" step="1"/><F0/><REACH who="2" ten="280,240,210,260" step="2"/><W112/><G2/><T14/><D120/><U49/><E67/><V68/><F68/><W52/><G112/><T27/><D122/><U29/><E65/><V46/><F46/><W131/><G131/><T115/><D130/><U12/><E3/><V61/><AGARI ba="0,1" hai="4,5,36,40,45,61,62,64,66,69,70,88,95,99" machi="61" ten="30,7900,0" yaku="1,1,0,1,9,1,54,1,53,0" doraHai="22" doraHaiUra="133" who="2" fromWho="2" sc="280,-20,240,-20,210,89,260,-39" /><INIT seed="4,0,0,3,1,115" ten="260,220,299,221" oya="0" hai0="48,0,42,92,81,105,32,122,22,38,111,6,75" hai1="57,97,134,35,30,55,41,39,16,46,45,78,24" hai2="123,7,132,14,4,83,90,50,68,40,100,20,63" hai3="101,23,89,104,11,28,60,34,70,124,109,91,25"/><T133/><D122/><U126/><E134/><V53/><F123/><W117/><G109/><T13/><D92/><U106/><E126/><V128/><F132/><W51/><G124/><T108/><D32/><U43/><E78/><V33/><F33/><W67/><G117/><T102/><D48/><U27/><E106/><V66/><F128/><W113/><G113/><T2/><D133/><U36/><E97/><V114/><F100/><W73/><G73/><T8/><D22/><U127/><E127/><V130/><F40/><W80/><G80/><T93/><D93/><U131/><E131/><V59/><F114/><W5/><G23/><T21/><D21/><U72/><E72/><V58/><F68/><W98/><REACH who="3" step="1"/><G51/><REACH who="3" ten="260,220,299,211" step="2"/><T85/><D75/><U31/><E24/><V120/><F130/><W44/><G44/><T129/><D129/><U52/><E30/><V96/><F83/><W15/><AGARI ba="0,1" hai="5,11,15,25,28,34,60,67,70,89,91,98,101,104" machi="15" ten="20,8000,1" yaku="1,1,0,1,7,1,25,2,53,0" doraHai="115" doraHaiUra="49" who="3" fromWho="3" sc="260,-40,220,-20,299,-20,211,90" owari="220,-18.0,200,-30.0,279,7.9,301,40.1" /></mjloggm>