<mjloggm ver="2.3"><GO type="225" lobby="0"/><UN n0="%E4%B8%89%E5%88%86%E5%B0%8F%E5%83%A7" n1="%E7%B4%94%E6%BD%94%E3%83%94%E3%83%A9%E3%83%8B%E3%82%A2" n2="%41%75%72%6F%72%41" n3="%E3%83%96%E3%83%83%E3%83%91%E3%82%AA%E3%83%96%E3%83%81%E3%82%AD%E3%83%B3" dan="16,16,17,16" rate="2035.98,2145.32,2100.10,2135.83" sx="M,M,M,M"/><TAIKYOKU oya="0"/><INIT seed="0,0,0,2,4,27" ten="250,250,250,250" oya="0" hai0="58,95,59,9,32,74,117,87,2,84,55,45,64" hai1="8,90,63,124,104,123,80,91,77,25,15,125,132" hai2="24,82,70,69,36,129,12,52,134,19,75,105,102" hai3="56,46,115,23,28,121,16,47,76,89,57,126,103"/><T54/><D74/><U98/><E123/><V14/><F36/><W30/><G115/><T71/><D32/><U49/><E132/><V31/><F134/><W113/><G113/><T11/><D117/><U110/><E110/><V86/><F75/><W33/><G33/><T35/><D35/><U40/><E63/><V65/><F129/><W51/><G126/><N who="1" m="48746" /><E25/><V38/><F38/><W97/><G89/><T106/><D106/><U79/><E79/><V127/><F127/><W61/><G76/><T112/><D112/><U120/><E120/><V43/><F43/><N who="3" m="25055" /><G47/><T107/><D107/><U92/><E104/><V34/><F12/><N who="3" m="9607" /><G121/><T118/><D118/><U66/><E49/><V37/><F37/><W13/><G13/><T29/><D2/><U50/><E50/><V3/><F3/><W0/><G0/><T116/><D116/><U22/><E91/><V94/><F105/><W93/><G57/><T131/><D131/><U20/><E40/><V48/><F102/><W119/><G119/><T111/><D111/><U67/><E22/><V10/><F94/><W108/><G108/><T133/><D133/><U85/><E20/><V68/><F68/><W26/><G26/><T53/><D71/><U21/><E21/><V109/><F109/><W41/><G41/><T62/><D95/><U83/><E80/><V135/><F135/><W1/><G1/><T81/><D81/><U44/><E44/><N who="2" m="27655" /><F65/><AGARI ba="0,0" hai="28,30,56,61,65,93,97,103" m="9607,25055" machi="65" ten="30,7700,0" yaku="8,1,52,2,54,1" doraHai="27" who="3" fromWho="2" sc="250,0,250,0,250,-77,250,77" /><INIT seed="1,0,0,5,0,134" ten="250,250,173,327" oya="1" hai0="58,59,23,116,0,78,98,70,60,6,44,39,10" hai1="133,118,104,62,38,52,5,56,100,13,130,68,15" hai2="125,57,55,9,123,72,32,14,111,20,91,46,54" hai3="114,37,127,1,84,102,41,48,128,28,50,18,107"/><U85/><E118/><V21/><F123/><W71/><G114/><T101/><D116/><U2/><E133/><V69/><F32/><W126/><G1/><T22/><D78/><U64/><E130/><V16/><F69/><W97/><G71/><T7/><D7/><U47/><E104/><V90/><F72/><W115/><G115/><T74/><D74/><U131/><E100/><V40/><F111/><W103/><G128/><T8/><D8/><N who="1" m="2103" /><E85/><V12/><F125/><N who="3" m="47627" /><G28/><T81/><D81/><U30/><E30/><V24/><F40/><W87/><G103/><T129/><D129/><U109/><E109/><V124/><F124/><W88/><G18/><T45/><D70/><U99/><E99/><V110/><F110/><W121/><G121/><T120/><D120/><U43/><E131/><V94/><F46/><N who="3" m="23855" /><G84/><T92/><D39/><U113/><E113/><V73/><F73/><W95/><AGARI ba="0,0" hai="48,50,87,88,95,97,102,107" m="23855,47627" machi="95" ten="30,8000,1" yaku="18,1,52,3,54,1" doraHai="134" who="3" fromWho="3" sc="250,-20,250,-40,173,-20,327,80" /><INIT seed="2,0,0,4,5,135" ten="230,210,153,407" oya="2" hai0="23,109,54,59,133,14,123,94,68,74,9,73,98" hai1="127,70,90,110,31,63,126,122,117,42,103,134,78" hai2="92,82,71,91,46,88,50,72,115,95,124,57,6" hai3="26,12,118,1,52,41,51,30,104,64,96,101,87"/><V66/><F115/><W108/><G108/><T35/><D35/><U20/><E110/><V130/><F71/><W112/><G112/><T102/><D68/><U10/><E117/><V18/><F130/><W17/><G118/><T32/><D32/><U129/><E134/><V7/><F72/><W106/><G1/><T40/><D109/><U55/><E129/><V99/><F82/><W62/><G87/><T79/><D123/><U13/><E122/><V93/><F124/><N who="1" m="47657" /><E78/><V119/><F119/><W2/><G41/><T111/><D111/><U80/><E42/><V4/><F18/><W85/><G85/><T113/><D113/><U48/><E103/><V131/><F131/><W15/><G2/><T61/><D133/><U22/><E31/><V29/><F29/><W105/><G30/><T128/><D128/><U37/><E37/><V25/><F25/><W97/><G26/><T116/><D116/><U39/><E39/><V44/><F95/><W125/><G101/><T107/><D79/><U100/><E100/><V0/><F0/><W60/><G105/><T84/><D40/><U114/><E90/><V47/><F66/><W120/><G64/><T5/><D107/><U56/><E80/><V132/><F132/><W75/><G106/><T76/><D76/><U27/><E27/><V65/><F65/><W86/><G104/><T3/><D84/><U28/><E28/><V77/><F77/><W53/><G86/><T58/><D74/><U8/><E114/><V38/><F38/><W67/><G75/><T24/><D73/><U69/><E69/><V16/><F91/><RYUUKYOKU ba="0,0" sc="230,0,210,0,153,0,407,0" /><INIT seed="3,1,0,0,2,26" ten="230,210,153,407" oya="3" hai0="36,79,103,44,63,90,123,75,37,127,32,133,124" hai1="54,100,85,96,34,97,112,129,23,113,109,94,119" hai2="16,121,81,47,105,25,62,98,13,43,60,122,69" hai3="39,71,35,55,33,46,87,56,74,120,104,10,73"/><W78/><G104/><T89/><D123/><U59/><E34/><V29/><F69/><W15/><G71/><T130/><D130/><U4/><E129/><V106/><F81/><W6/><G120/><N who="2" m="46185" /><F98/><W92/><G46/><T77/><D133/><U66/><E119/><V48/><F106/><W117/><G39/><N who="0" m="14923" /><D44/><U110/><E66/><V99/><F99/><W51/><G117/><T1/><D1/><U53/><E85/><V118/><F105/><W20/><G20/><T95/><D32/><U82/><E82/><V57/><F57/><W115/><G115/><T114/><D114/><U86/><E86/><V125/><F125/><N who="0" m="48202" /><D63/><U18/><E112/><V31/><F118/><W80/><G74/><T101/><D90/><U45/><E45/><V84/><F84/><W19/><G73/><T22/><D22/><U72/><E72/><V8/><F25/><W38/><G56/><T17/><D75/><U49/><E113/><V68/><F62/><W128/><G78/><N who="0" m="29707" /><D17/><U64/><E64/><AGARI ba="1,0" hai="8,13,16,29,31,43,47,48,60,64,68" m="46185" machi="64" ten="30,7700,0" yaku="13,1,52,2,54,1" doraHai="26" who="2" fromWho="1" sc="230,0,210,-80,153,80,407,0" owari="230,-17.0,130,-37.0,233,3.3,407,50.7" /></mjloggm>