<mjloggm ver="2.3"><GO type="225" lobby="0"/><UN n0="%72%69%6F%75%63%68%61%6E" n1="%E3%81%8B%E3%82%8F%E3%81%A1%E3%82%83%E3%82%93%35%38" n2="%77%72%77%72%77%72%77%72" n3="%72%65%6E%6B%75%6E" dan="16,16,16,17" rate="2125.45,2165.51,2102.60,2191.14" sx="M,M,M,M"/><TAIKYOKU oya="0"/><INIT seed="0,0,0,0,4,8" ten="250,250,250,250" oya="0" hai0="92,119,36,123,131,110,55,39,7,135,65,51,57" hai1="56,31,113,27,34,82,84,93,129,16,108,112,83" hai2="126,97,33,63,10,3,111,103,44,9,13,73,37" hai3="91,114,76,125,41,30,45,20,89,90,29,106,2"/><T17/><D119/><U40/><E108/><V6/><F111/><W1/><G114/><N who="1" m="44138" /><E129/><V105/><F126/><W85/><G125/><T115/><D115/><U38/><E40/><V75/><F33/><W59/><G106/><T52/><D110/><U58/><E38/><V53/><F37/><W48/><G2/><T99/><D131/><U69/><E69/><V24/><F24/><W79/><G1/><T100/><D123/><U47/><E47/><V78/><F78/><N who="3" m="29739" /><G59/><N who="1" m="22570" /><E16/><V70/><F44/><W61/><G61/><T23/><D65/><U109/><E109/><V134/><F134/><W74/><G74/><T122/><D122/><U128/><E128/><V42/><F42/><W94/><G29/><T11/><D55/><U107/><E107/><V25/><F25/><AGARI ba="0,0" hai="20,25,30,41,45,48,85,89,90,91,94" m="29739" machi="25" ten="30,1000,0" yaku="8,1" doraHai="8" who="3" fromWho="2" sc="250,0,250,0,250,-10,250,10" /><INIT seed="1,0,0,2,1,119" ten="250,250,240,260" oya="1" hai0="97,99,82,35,111,76,74,90,133,71,5,43,101" hai1="66,81,12,7,14,32,109,100,122,113,36,51,88" hai2="110,48,124,62,130,102,41,128,131,46,50,44,22" hai3="42,79,84,45,18,33,135,103,2,23,52,92,105"/><U93/><E113/><V28/><F110/><W96/><G33/><T55/><D111/><U114/><E36/><V9/><F124/><W64/><G2/><T34/><D71/><U47/><E114/><V94/><F62/><W15/><G135/><T73/><D133/><U63/><E32/><V134/><F134/><W118/><G64/><T95/><D73/><U69/><E109/><V112/><F112/><W38/><G118/><T49/><D5/><U77/><E100/><V83/><F83/><W121/><G121/><T56/><REACH who="0" step="1"/><D43/><REACH who="0" ten="240,250,240,260" step="2"/><U25/><E7/><V85/><F128/><W65/><G65/><T16/><D16/><U72/><E122/><V30/><F130/><W20/><G20/><T27/><D27/><U68/><E25/><V78/><F9/><W8/><G23/><T116/><D116/><U54/><REACH who="1" step="1"/><E69/><REACH who="1" ten="240,240,240,260" step="2"/><V87/><F131/><W0/><G38/><T37/><D37/><U31/><E31/><V129/><F129/><W58/><G18/><T26/><D26/><U53/><E53/><V80/><F28/><W21/><G52/><T107/><AGARI ba="0,2" hai="34,35,49,55,56,74,76,82,90,95,97,99,101,107" machi="107" ten="20,2700,0" yaku="1,1,0,1,7,1,53,0" doraHai="119" doraHaiUra="59" who="0" fromWho="0" sc="240,47,240,-13,240,-7,260,-7" /><INIT seed="2,0,0,0,1,79" ten="287,227,233,253" oya="2" hai0="30,118,14,67,86,38,81,70,59,6,110,106,64" hai1="105,117,5,0,15,7,75,34,127,1,93,113,55" hai2="73,37,77,28,132,41,71,76,126,26,104,125,45" hai3="31,116,135,32,84,95,27,97,3,83,35,101,131"/><V17/><F104/><W87/><G135/><T114/><D106/><U85/><E105/><V19/><F132/><W102/><G131/><T51/><D114/><U130/><E75/><V133/><F133/><W13/><G116/><T99/><D38/><U65/><E113/><V120/><F120/><W43/><G3/><T54/><D70/><U46/><E117/><V49/><F71/><W60/><G32/><T62/><D118/><U2/><E34/><V103/><F103/><W98/><G43/><T61/><D110/><U53/><E65/><N who="0" m="25161" /><D30/><U47/><E15/><V107/><F107/><W40/><G40/><T48/><D99/><U56/><E130/><V10/><F37/><W122/><G122/><T12/><D48/><U9/><E127/><N who="2" m="48651" /><F10/><W74/><G60/><N who="0" m="23147" /><D6/><U78/><E5/><V129/><F129/><W24/><G13/><T21/><D21/><U82/><E1/><V58/><F58/><W20/><G101/><T134/><D134/><U96/><E0/><V23/><F73/><W36/><G36/><T4/><D4/><U89/><REACH who="1" step="1"/><E55/><REACH who="1" ten="287,217,233,253" step="2"/><V115/><F115/><W11/><G74/><T68/><D68/><U69/><E69/><V22/><F28/><W72/><G31/><T108/><D108/><U80/><E80/><V100/><F100/><W18/><G102/><T90/><AGARI ba="0,1" hai="12,14,51,54,59,81,86,90" m="23147,25161" machi="90" ten="30,2000,0" yaku="8,1,52,1" doraHai="79" who="0" fromWho="0" sc="287,30,217,-5,233,-10,253,-5" /><INIT seed="3,0,0,2,5,21" ten="317,212,223,248" oya="3" hai0="123,24,128,58,76,90,39,8,125,22,43,28,102" hai1="1,41,25,13,131,132,134,60,48,23,119,113,122" hai2="7,46,6,83,110,3,71,124,2,0,16,37,107" hai3="118,93,45,105,129,80,72,36,32,62,82,10,57"/><W49/><G105/><T115/><D76/><U68/><E113/><V20/><F71/><W61/><G118/><T12/><D123/><U81/><E122/><V84/><F107/><W86/><G32/><T59/><D115/><U26/><E1/><V87/><F110/><W38/><G129/><T9/><D128/><U51/><E131/><V74/><F74/><W120/><G120/><T4/><D125/><U94/><E119/><V108/><F124/><W112/><G112/><T130/><D130/><U35/><E81/><V30/><F30/><W78/><G93/><T40/><D102/><U135/><E41/><N who="0" m="15945" /><D39/><U52/><E94/><V99/><F37/><W67/><G62/><T114/><D114/><U44/><E51/><V54/><F99/><W53/><REACH who="3" step="1"/><G10/><REACH who="3" ten="317,212,223,238" step="2"/><T98/><D8/><U85/><E35/><V104/><F104/><W103/><G103/><T121/><D121/><U77/><E60/><V109/><F109/><W95/><G95/><AGARI ba="0,1" hai="4,9,12,22,24,28,58,59,90,95,98" m="15945" machi="95" ten="30,2000,0" yaku="8,1,52,1" doraHai="21" who="0" fromWho="3" sc="317,30,212,0,223,0,238,-20" owari="347,44.7,212,-28.8,223,2.3,218,-18.2" /></mjloggm>