<mjloggm ver="2.3"><GO type="225" lobby="0"/><UN n0="%E5%A4%8F%E9%88%B4%E9%88%B4%E5%A4%8F" n1="%E5%91%A8%E6%9D%B1" n2="%66%67%67%68%68%64%66" n3="%E3%82%AF%E3%82%A3%E3%82%A6" dan="16,17,16,16" rate="2075.57,2244.33,2083.69,2058.49" sx="F,M,M,M"/><TAIKYOKU oya="0"/><INIT seed="0,0,0,3,2,79" ten="250,250,250,250" oya="0" hai0="122,63,131,53,24,124,58,111,38,29,61,104,35" hai1="21,116,20,120,83,48,94,9,133,112,81,31,114" hai2="80,40,86,16,74,99,41,10,67,57,87,18,1" hai3="93,107,8,90,44,13,101,78,134,95,17,70,51"/><T37/><D122/><U127/><E120/><V108/><F108/><W77/><G70/><T25/><D111/><U109/><E109/><V43/><F74/><W103/><G134/><T46/><D124/><U19/><E116/><V113/><F113/><N who="1" m="43625" /><E133/><V32/><F32/><W60/><G60/><T121/><D121/><U135/><E135/><V33/><F33/><W128/><G128/><T3/><D3/><U28/><E127/><V42/><N who="2" m="10240" /><DORA hai="123" /><V92/><F1/><W129/><G129/><T75/><D75/><U2/><E94/><N who="3" m="35850" /><G107/><T105/><D46/><U97/><E97/><V71/><F71/><W27/><G90/><T64/><D131/><U100/><E48/><V47/><F47/><W91/><G91/><T66/><D53/><U84/><E100/><N who="3" m="38474" /><G27/><T68/><REACH who="0" step="1"/><D24/><REACH who="0" ten="240,250,250,250" step="2"/><N who="1" m="16391" /><E31/><V117/><F99/><W73/><G73/><T39/><AGARI ba="0,1" hai="25,29,35,37,38,39,58,61,63,64,66,68,104,105" machi="39" ten="30,6000,0" yaku="1,1,0,1,53,1" doraHai="79,123" doraHaiUra="54,14" who="0" fromWho="0" sc="240,70,250,-20,250,-20,250,-20" /><INIT seed="0,1,0,5,1,106" ten="310,230,230,230" oya="0" hai0="120,50,13,84,101,123,78,64,60,18,54,73,51" hai1="68,82,31,124,9,118,65,135,45,24,55,109,43" hai2="116,49,133,34,80,6,74,57,71,95,15,35,132" hai3="36,98,108,17,111,129,85,77,131,26,0,30,83"/><T113/><D113/><U32/><E118/><V52/><F71/><W122/><G17/><T115/><D115/><U56/><E109/><N who="3" m="42058" /><G36/><T47/><D101/><U125/><E135/><N who="2" m="51787" /><F116/><W10/><G122/><T96/><D96/><U22/><E9/><N who="2" m="4535" /><F95/><W25/><G98/><T61/><D84/><U81/><E32/><V21/><F21/><N who="3" m="15663" /><G26/><T103/><D103/><U117/><E117/><V2/><F2/><W42/><G42/><T40/><D61/><N who="1" m="35999" /><E68/><V86/><F74/><W67/><G67/><T19/><D73/><U1/><E65/><V88/><AGARI ba="1,0" hai="34,35,49,52,57,80,86,88" m="4535,51787" machi="88" ten="30,4000,0" yaku="20,1,54,2" doraHai="106" who="2" fromWho="2" sc="310,-21,230,-11,230,43,230,-11" /><INIT seed="1,0,0,2,2,70" ten="289,219,273,219" oya="1" hai0="102,4,103,9,96,65,31,124,121,66,5,86,113" hai1="108,85,115,37,101,120,111,94,26,47,72,28,43" hai2="1,131,64,135,129,89,132,55,95,99,123,100,75" hai3="48,60,110,51,67,58,38,118,36,11,52,68,39"/><U45/><E115/><V24/><F1/><W91/><G110/><N who="1" m="42026" /><E72/><V92/><F64/><W46/><G91/><T79/><D65/><U34/><E120/><V8/><F8/><W7/><G118/><T109/><D66/><U112/><E112/><V16/><F55/><W6/><G6/><T56/><D4/><U90/><E47/><V49/><F49/><W77/><G77/><T133/><D5/><U25/><E25/><V44/><F44/><W98/><G98/><T107/><D121/><U119/><E101/><V88/><F75/><W73/><G73/><T41/><D103/><U81/><E119/><V15/><F24/><W3/><REACH who="3" step="1"/><G51/><REACH who="3" ten="289,219,273,209" step="2"/><T87/><D109/><U23/><E81/><V126/><F123/><W13/><G13/><T10/><D102/><U40/><E40/><AGARI ba="0,1" hai="3,7,11,36,38,39,40,46,48,52,58,60,67,68" machi="40" ten="40,12000,2" yaku="1,1,24,2,52,3,54,1,53,0" doraHai="70" doraHaiUra="130" who="3" fromWho="1" sc="289,0,219,-120,273,0,209,130" /><INIT seed="2,0,0,5,1,128" ten="289,99,273,339" oya="2" hai0="56,93,113,22,115,15,20,117,122,46,125,99,28" hai1="44,133,135,59,71,37,123,19,14,3,24,76,110" hai2="73,90,60,121,74,91,96,63,0,114,77,102,36" hai3="43,9,65,61,4,27,82,132,92,40,31,103,21"/><V50/><F36/><W126/><G126/><T134/><D122/><U1/><E71/><V52/><F114/><W35/><G132/><N who="1" m="50762" /><E123/><V81/><F0/><N who="1" m="73" /><E76/><V111/><F73/><W64/><G82/><T39/><D125/><U7/><E59/><V48/><F48/><W106/><G65/><T66/><D66/><U42/><E7/><V13/><F111/><W51/><G51/><T112/><D39/><U88/><E24/><V45/><F121/><W87/><G87/><T75/><D56/><U105/><E105/><V34/><F34/><W6/><G35/><T29/><D75/><U32/><E32/><V62/><REACH who="2" step="1"/><F13/><REACH who="2" ten="289,99,263,339" step="2"/><N who="3" m="5287" /><G6/><T70/><D15/><U18/><E110/><V30/><F30/><W130/><G31/><T68/><D28/><U54/><E14/><V86/><F86/><W10/><G27/><T16/><D29/><U119/><E119/><V84/><F84/><W38/><G38/><T11/><D117/><U57/><E88/><V67/><F67/><W58/><G64/><T129/><D134/><U12/><E12/><V55/><F55/><W47/><G106/><AGARI ba="0,1" hai="45,50,52,60,62,63,74,77,81,90,91,96,102,106" machi="106" ten="40,3900,0" yaku="1,1,54,1,53,0" doraHai="128" doraHaiUra="23" who="2" fromWho="3" sc="289,0,99,0,263,49,339,-39" /><INIT seed="2,1,0,1,4,131" ten="289,99,312,300" oya="2" hai0="103,59,2,8,26,121,15,95,124,51,98,76,31" hai1="14,132,11,80,60,16,105,48,57,23,84,108,54" hai2="68,7,38,128,20,107,70,126,17,91,110,100,32" hai3="12,10,35,43,13,134,112,102,58,3,94,117,101"/><V36/><F32/><W30/><G117/><T78/><D121/><U61/><E108/><V9/><F128/><W6/><G43/><T118/><D2/><U114/><E105/><V29/><F29/><W93/><G112/><T21/><D118/><U71/><E71/><V22/><F126/><W111/><G111/><T104/><D104/><U0/><E114/><V27/><F22/><W113/><G113/><T55/><REACH who="0" step="1"/><D124/><REACH who="0" ten="279,99,312,300" step="2"/><U77/><E132/><V116/><F110/><W42/><G3/><T69/><D69/><U45/><E0/><V109/><F116/><W96/><G134/><T39/><D39/><U44/><E61/><V115/><F115/><W18/><G93/><T122/><D122/><U4/><REACH who="1" step="1"/><E60/><REACH who="1" ten="279,89,312,300" step="2"/><V119/><F119/><W19/><G94/><T75/><D75/><U28/><E28/><V37/><F109/><W46/><G30/><T120/><D120/><U90/><E90/><V64/><F70/><W33/><G102/><T66/><D66/><U62/><E62/><V89/><F64/><W5/><G101/><T125/><D125/><U47/><E47/><V40/><F68/><W123/><G123/><T106/><D106/><U63/><E63/><V92/><F107/><W1/><G46/><T72/><D72/><U50/><E50/><V86/><F100/><W49/><G49/><T88/><D88/><U97/><E97/><V79/><F91/><W65/><G96/><T24/><D24/><U74/><E74/><V99/><F99/><W82/><G65/><T127/><D127/><U41/><E41/><V56/><F40/><W67/><G42/><RYUUKYOKU ba="1,2" sc="279,15,89,15,312,-15,300,-15" hai0="8,15,21,26,31,51,55,59,76,78,95,98,103" hai1="4,11,14,16,23,44,45,48,54,57,77,80,84" /><INIT seed="3,2,2,2,0,130" ten="294,104,297,285" oya="3" hai0="21,124,97,103,101,78,105,4,87,51,54,3,113" hai1="32,102,7,58,39,65,92,61,91,74,0,77,64" hai2="29,14,119,128,30,125,106,86,28,55,108,27,131" hai3="90,33,98,56,71,120,72,123,112,26,44,22,107"/><W2/><G71/><T11/><D124/><U95/><E39/><V111/><F119/><W19/><G112/><T122/><D122/><U46/><E32/><V110/><F125/><W6/><G72/><T41/><D113/><U10/><E46/><V42/><F106/><W88/><G44/><T17/><D41/><U109/><E109/><V37/><F42/><W121/><G33/><T9/><D103/><U16/><E65/><V93/><F37/><W115/><G115/><T43/><D9/><U129/><E129/><N who="2" m="49739" /><F14/><W57/><G2/><T117/><D43/><U20/><E102/><V135/><F135/><W38/><G6/><T23/><D117/><U89/><E95/><V8/><F8/><W24/><G38/><T73/><D73/><U59/><E59/><N who="3" m="22602" /><G107/><T81/><D17/><U12/><REACH who="1" step="1"/><E92/><REACH who="1" ten="294,94,297,285" step="2"/><V67/><F93/><N who="3" m="56615" /><G123/><T1/><D3/><U132/><E132/><V53/><F111/><W99/><G121/><T66/><D66/><U76/><E76/><V100/><F67/><W84/><G120/><T47/><AGARI ba="2,3" hai="1,4,11,21,23,47,51,54,78,81,87,97,101,105" machi="47" ten="20,1500,0" yaku="0,1,7,1" doraHai="130" who="0" fromWho="0" sc="294,51,94,-6,297,-6,285,-9" owari="345,44.5,88,-41.2,291,9.1,276,-12.4" /></mjloggm>