<mjloggm ver="2.3"><GO type="225" lobby="0"/><UN n0="%E3%82%8F%E3%81%8B%E3%81%B0%2A%E3%82%AC%E3%83%BC%E3%83%AB" n1="%70%68%65%6E%6F%6D%65" n2="%E3%81%8B%E3%82%8F%E3%81%A1%E3%82%83%E3%82%93%35%38" n3="%E3%83%A9%E3%83%BC%E3%83%A1%E3%83%B3%E4%BA%94%E9%83%8E" dan="16,16,16,16" rate="2198.14,2151.63,2148.32,2145.68" sx="M,M,M,M"/><TAIKYOKU oya="0"/><INIT seed="0,0,0,2,2,76" ten="250,250,250,250" oya="0" hai0="52,67,74,12,35,4,128,32,17,57,125,58,111" hai1="117,113,5,51,60,16,43,88,10,30,127,108,20" hai2="122,47,126,21,27,66,103,40,99,34,0,25,85" hai3="82,134,48,50,37,26,96,44,132,33,55,13,7"/><T70/><D125/><U19/><E117/><V1/><F122/><W6/><G37/><T83/><D128/><U94/><E127/><V62/><F126/><W101/><G50/><T91/><D4/><U98/><E108/><V15/><F15/><W130/><G130/><T116/><D116/><U112/><E60/><V39/><F85/><W61/><G61/><N who="0" m="38319" /><D70/><U41/><E30/><V92/><F34/><W86/><G26/><T65/><D74/><U78/><E78/><V38/><F25/><W73/><G73/><T115/><D32/><U53/><E112/><V95/><F92/><W75/><G75/><T54/><D35/><U24/><E19/><V120/><F39/><W59/><G33/><T109/><D115/><U87/><E98/><V2/><F120/><W114/><G114/><T102/><D102/><U72/><E72/><V77/><F77/><N who="3" m="46415" /><G13/><T90/><D65/><U123/><E123/><V119/><F119/><W131/><G131/><T121/><D121/><U3/><REACH who="1" step="1"/><E113/><REACH who="1" ten="250,240,250,250" step="2"/><V105/><F105/><N who="3" m="63655" /><G134/><T84/><D91/><U106/><E106/><V8/><F62/><N who="3" m="36223" /><G132/><T118/><D118/><U45/><AGARI ba="0,1" hai="3,5,10,16,20,24,41,43,45,51,53,87,88,94" machi="45" ten="20,8000,1" yaku="1,1,0,1,7,1,54,2,53,0" doraHai="76" doraHaiUra="63" who="1" fromWho="1" sc="250,-40,240,90,250,-20,250,-20" /><INIT seed="1,0,0,3,4,45" ten="210,330,230,230" oya="1" hai0="106,10,28,77,34,92,53,15,82,96,7,2,117" hai1="46,78,9,22,57,13,18,63,95,24,93,30,131" hai2="3,12,68,1,133,40,124,62,31,20,23,66,103" hai3="110,88,51,107,54,130,59,87,8,71,39,122,49"/><U16/><E131/><V109/><F109/><W116/><G122/><T99/><D117/><U35/><E78/><V56/><F124/><W70/><G39/><T98/><D106/><U64/><REACH who="1" step="1"/><E46/><REACH who="1" ten="210,320,230,230" step="2"/><V81/><F133/><W11/><G130/><T89/><D2/><U105/><E105/><V26/><F40/><W74/><G107/><T83/><D77/><U29/><E29/><V134/><F134/><W114/><G116/><T73/><D73/><U111/><E111/><V27/><F31/><W118/><G74/><T119/><D119/><U47/><E47/><V126/><F126/><W79/><G118/><T129/><D129/><U75/><E75/><V36/><F36/><W86/><G110/><T44/><D28/><U101/><E101/><V69/><F103/><W80/><G114/><T60/><D34/><U21/><E21/><V52/><F23/><W42/><G8/><T25/><D44/><U91/><E91/><V127/><F20/><W94/><G11/><T97/><REACH who="0" step="1"/><D25/><AGARI ba="0,1" hai="9,13,16,18,22,24,25,30,35,57,63,64,93,95" machi="25" ten="30,12000,1" yaku="1,1,7,1,54,1,53,2" doraHai="45" doraHaiUra="90" who="1" fromWho="0" sc="210,-120,320,130,230,0,230,0" /><INIT seed="1,1,0,3,5,19" ten="90,450,230,230" oya="1" hai0="102,76,58,46,9,107,65,15,52,109,31,32,88" hai1="26,50,51,44,37,34,69,23,71,123,66,1,77" hai2="89,72,131,82,75,99,90,25,70,28,59,16,0" hai3="74,96,35,112,111,6,104,106,78,47,128,20,95"/><U115/><E115/><V12/><F0/><W79/><G35/><T11/><D109/><U103/><E34/><V48/><F70/><W33/><G33/><T83/><D107/><U134/><E1/><V18/><F131/><W67/><G112/><T27/><D102/><U29/><E123/><V8/><F18/><W45/><G111/><T57/><D65/><U53/><E37/><V110/><F110/><W38/><G128/><T41/><D9/><U3/><E3/><V56/><F99/><W127/><G127/><T42/><D58/><U108/><E134/><V100/><F100/><W24/><G6/><T114/><D114/><U84/><E103/><V117/><F117/><W14/><G14/><T119/><D119/><U135/><E135/><V101/><F101/><N who="3" m="60575" /><G67/><T60/><D46/><N who="3" m="17417" /><G38/><T40/><D76/><N who="3" m="29225" /><G74/><T125/><D125/><U91/><E66/><V55/><F59/><W130/><G130/><T21/><D32/><U7/><E7/><V39/><F39/><W105/><G105/><T63/><D63/><U124/><E124/><V36/><F36/><W4/><G4/><N who="0" m="3559" /><D40/><U97/><E108/><V73/><REACH who="2" step="1"/><F82/><REACH who="2" ten="90,450,220,230" step="2"/><W2/><G2/><T10/><D10/><U126/><E126/><V86/><F86/><AGARI ba="1,1" hai="21,27,31,41,42,52,57,60,83,86,88" m="3559" machi="86" ten="30,7700,0" yaku="8,1,52,1,54,2" doraHai="19" who="0" fromWho="2" sc="90,90,450,0,220,-80,230,0" /><INIT seed="2,0,0,2,2,79" ten="180,450,140,230" oya="2" hai0="50,113,92,13,21,63,114,119,54,124,91,58,0" hai1="71,5,131,14,7,36,39,1,98,121,110,40,69" hai2="74,70,88,56,42,31,32,89,117,87,27,60,100" hai3="45,15,51,111,20,35,132,66,122,104,125,76,97"/><V126/><F117/><W129/><G122/><T103/><D0/><U48/><E1/><V24/><F126/><W37/><G35/><T57/><D124/><U67/><E98/><V127/><F127/><W81/><G37/><N who="1" m="14410" /><E14/><V11/><F74/><W25/><G111/><T23/><D119/><U105/><E105/><V94/><F70/><W62/><G129/><T28/><D103/><U85/><E85/><V99/><F42/><W46/><G132/><T6/><D113/><U30/><E30/><V17/><F87/><W29/><G125/><T9/><D28/><U22/><E22/><V102/><F89/><W33/><G33/><T72/><D72/><U80/><E7/><V75/><F75/><W52/><G15/><T12/><D12/><U116/><E5/><V84/><F84/><N who="3" m="48167" /><G104/><T26/><D114/><U34/><E34/><V96/><F96/><W135/><G135/><T43/><D26/><U38/><E71/><V109/><F109/><W8/><G8/><T47/><D58/><U93/><E131/><V49/><F49/><W123/><G123/><T106/><D106/><U10/><E10/><V86/><F86/><AGARI ba="0,0" hai="6,9,13,21,23,43,47,50,54,57,63,86,91,92" machi="86" ten="30,2000,0" yaku="7,1,8,1" doraHai="79" who="0" fromWho="2" sc="180,20,450,0,140,-20,230,0" /><INIT seed="3,0,0,5,1,125" ten="200,450,120,230" oya="3" hai0="87,5,132,122,83,2,109,31,35,91,94,123,73" hai1="95,98,99,107,7,97,133,103,21,68,1,121,106" hai2="16,64,14,15,45,117,53,77,81,29,23,79,32" hai3="55,130,89,62,54,40,110,93,52,70,105,22,57"/><W48/><G105/><T92/><D35/><U127/><E68/><V60/><F117/><W41/><G70/><T17/><D31/><U124/><E121/><V86/><F32/><W50/><G110/><T11/><D109/><U3/><E133/><V44/><F29/><W42/><G22/><T26/><D132/><U72/><E72/><V63/><F79/><W49/><REACH who="3" step="1"/><G130/><REACH who="3" ten="200,450,120,220" step="2"/><T108/><D108/><U28/><E107/><V0/><F0/><W104/><G104/><T111/><D111/><U58/><E3/><V131/><F131/><W96/><AGARI ba="0,1" hai="40,41,42,48,49,50,52,54,55,57,62,89,93,96" machi="96" ten="30,12000,1" yaku="1,1,0,1,8,1,54,1,53,1" doraHai="125" doraHaiUra="88" who="3" fromWho="3" sc="200,-40,450,-40,120,-40,220,130" /><INIT seed="3,1,0,0,2,13" ten="160,410,80,350" oya="3" hai0="27,89,76,128,1,36,24,63,56,108,55,29,53" hai1="112,67,58,87,109,83,61,107,102,21,75,66,8" hai2="74,4,94,110,28,70,2,106,90,103,129,132,88" hai3="39,0,10,12,44,116,33,59,84,86,101,100,95"/><W80/><G116/><T18/><D36/><U130/><E112/><V26/><F70/><W71/><G71/><T23/><D1/><U60/><E109/><V79/><F4/><W134/><G33/><T118/><D118/><U122/><E122/><V81/><F2/><W40/><G0/><T65/><D108/><U46/><E75/><V5/><F110/><W73/><G73/><T68/><D128/><U92/><E107/><V77/><F5/><W127/><G127/><T82/><D89/><N who="2" m="34410" /><F26/><W69/><G69/><T31/><D68/><U20/><E46/><V133/><F28/><N who="0" m="10826" /><D27/><U126/><E8/><V47/><F47/><W14/><G134/><N who="2" m="51817" /><F129/><W34/><G34/><T62/><D62/><U32/><E32/><V111/><F111/><W17/><G95/><T25/><D25/><U97/><E92/><V72/><F94/><W96/><G96/><T19/><D19/><U114/><E97/><N who="2" m="61807" /><F79/><W91/><G59/><T121/><D121/><U85/><E130/><V3/><F3/><W48/><G39/><T38/><D38/><U51/><E61/><V104/><F104/><W45/><G45/><T30/><N who="0" m="10834" /><T22/><DORA hai="42" /><D22/><U93/><E20/><V131/><F131/><W124/><G124/><T15/><D24/><U16/><E21/><V135/><N who="2" m="51825" /><V113/><DORA hai="50" /><F72/><W119/><G86/><T99/><D99/><U105/><E87/><AGARI ba="1,0" hai="15,18,23,53,55,56,63,65,76,82,87" m="10834" machi="87" ten="30,7700,0" yaku="8,1,52,3" doraHai="13,42,50" who="0" fromWho="1" sc="160,80,410,-80,80,0,350,0" owari="240,-16.0,330,13.0,80,-42.0,350,45.0" /></mjloggm>