<mjloggm ver="2.3"><GO type="225" lobby="0"/><UN n0="%E7%99%BD%E5%80%89%E5%AF%9B%E4%B9%8B" n1="%E7%AB%8B%E7%9B%B4%E5%A5%BD%E6%A3%92%40%E5%BF%98" n2="%E9%B7%B9%E5%80%89%E6%9D%8F%E9%88%B4" n3="%E3%83%AC%E3%82%A4%E3%83%88%E3%83%B3%E5%87%86%E6%95%99%E6%8E%88" dan="16,17,16,18" rate="2120.48,2140.87,2080.09,2230.90" sx="M,M,F,M"/><TAIKYOKU oya="0"/><INIT seed="0,0,0,0,0,32" ten="250,250,250,250" oya="0" hai0="81,66,115,61,24,78,13,93,104,29,110,67,97" hai1="82,21,91,53,45,42,46,111,92,80,109,130,18" hai2="100,57,59,101,122,19,88,71,132,2,79,69,52" hai3="5,31,117,34,83,10,25,56,87,49,116,126,89"/><T9/><D104/><U8/><E130/><V3/><F122/><W99/><G126/><T70/><D115/><U41/><E8/><V62/><F79/><W4/><G4/><T85/><D110/><N who="1" m="41995" /><E53/><V123/><F123/><W84/><G99/><T124/><D124/><U121/><E121/><V95/><F132/><W134/><G134/><T51/><D51/><N who="1" m="27055" /><E92/><V86/><F71/><W14/><G49/><T7/><D70/><U58/><E58/><V48/><F69/><W118/><G56/><T73/><D73/><U112/><E91/><V16/><F101/><W114/><G114/><T20/><REACH who="0" step="1"/><D61/><REACH who="0" ten="240,250,250,250" step="2"/><U38/><E112/><V50/><F100/><AGARI ba="0,1" hai="7,9,13,20,24,29,66,67,78,81,85,93,97,100" machi="100" ten="30,12000,1" yaku="1,1,2,1,7,1,8,1,53,1" doraHai="32" doraHaiUra="96" who="0" fromWho="2" sc="240,130,250,0,250,-120,250,0" /><INIT seed="0,1,0,2,3,93" ten="370,250,130,250" oya="0" hai0="18,126,114,92,23,81,130,14,129,111,27,55,112" hai1="82,3,86,122,124,91,64,52,88,31,15,19,11" hai2="73,68,121,46,6,0,135,77,20,29,107,48,100" hai3="87,5,108,67,104,45,54,17,41,30,22,110,84"/><T2/><D81/><U61/><E122/><V66/><F121/><W79/><G104/><T120/><D120/><U33/><E124/><V123/><F123/><W127/><G127/><T115/><D126/><U85/><E3/><V62/><F135/><W16/><G67/><T24/><D55/><U125/><E125/><V109/><F109/><N who="3" m="42091" /><G5/><T8/><D92/><U34/><E31/><V35/><F20/><W69/><G69/><T102/><D102/><U51/><E61/><V43/><F6/><W75/><G54/><T28/><D111/><U63/><E63/><V10/><F10/><W50/><G75/><T132/><D132/><U131/><E131/><N who="0" m="50185" /><D27/><U42/><E42/><V53/><F0/><AGARI ba="1,0" hai="0,2,8,14,18,23,24,28,112,114,115" m="50185" machi="0" ten="40,7700,0" yaku="19,1,34,2" doraHai="93" who="0" fromWho="2" sc="370,80,250,0,130,-80,250,0" /><INIT seed="0,2,0,3,2,32" ten="450,250,50,250" oya="0" hai0="47,68,23,105,46,81,107,48,55,112,19,70,24" hai1="118,123,114,113,34,30,61,101,132,77,3,133,60" hai2="125,42,95,51,97,135,39,119,35,124,108,84,103" hai3="36,0,80,92,22,89,31,78,44,94,71,27,76"/><T115/><D47/><U88/><E77/><V86/><F35/><W75/><G71/><T52/><D55/><U12/><E101/><V17/><F39/><W54/><G78/><T122/><D122/><U66/><E123/><V110/><F17/><W91/><G54/><T40/><D40/><U82/><E118/><V96/><F51/><W53/><G53/><T29/><D70/><U98/><E12/><V87/><F42/><W28/><G28/><T18/><D68/><U74/><E74/><V49/><F49/><W121/><G121/><T62/><D62/><U13/><E13/><V134/><F119/><W109/><G109/><N who="2" m="42089" /><F96/><W58/><G58/><T50/><D50/><U14/><E14/><V2/><F2/><W129/><G0/><T99/><D18/><U85/><E3/><V16/><F16/><W21/><G44/><T8/><D8/><U126/><E98/><V111/><N who="2" m="42097" /><V128/><DORA hai="127" /><F128/><W131/><G36/><T6/><D19/><U15/><E15/><V90/><F103/><W43/><G43/><T64/><D99/><U33/><E33/><V20/><F20/><W67/><G22/><T37/><D23/><U7/><E34/><V9/><F9/><W102/><G102/><T117/><D37/><U130/><E130/><N who="3" m="49674" /><G67/><T63/><D64/><U4/><E66/><V41/><F41/><W100/><G100/><T1/><D1/><U25/><E30/><V10/><F10/><W93/><AGARI ba="2,0" hai="21,27,31,75,76,80,89,91,92,93,94" m="49674" machi="93" ten="30,7900,0" yaku="19,1,52,3" doraHai="32,127" who="3" fromWho="3" sc="450,-41,250,-22,50,-22,250,85" /><INIT seed="1,0,0,4,0,17" ten="409,228,28,335" oya="1" hai0="74,25,36,120,117,6,86,63,40,4,89,35,30" hai1="109,47,77,19,65,12,10,104,85,7,67,92,51" hai2="127,87,16,13,48,32,115,114,121,26,84,124,134" hai3="82,56,111,45,98,107,8,9,122,50,133,43,73"/><U27/><E104/><V70/><F70/><W128/><G122/><T101/><D74/><U20/><E109/><V42/><F42/><W76/><G111/><T44/><D120/><U95/><E95/><V62/><F121/><W103/><G128/><T105/><D117/><U33/><E33/><V39/><F39/><W1/><G133/><T106/><D63/><U119/><E119/><V71/><F48/><W112/><G112/><N who="2" m="43049" /><F71/><W129/><G129/><T55/><D55/><U52/><E92/><V72/><F72/><W2/><G9/><T0/><D0/><U75/><REACH who="1" step="1"/><E75/><REACH who="1" ten="409,218,28,335" step="2"/><V54/><F134/><W53/><G8/><T11/><D11/><U22/><E22/><N who="2" m="11535" /><F32/><W123/><G123/><T90/><D35/><U60/><E60/><AGARI ba="0,1" hai="1,2,43,45,50,53,56,60,73,76,82,98,103,107" machi="60" ten="30,1000,0" yaku="7,1" doraHai="17" who="3" fromWho="1" sc="409,0,218,-10,28,0,335,20" /><INIT seed="2,0,0,0,3,64" ten="409,208,28,355" oya="2" hai0="14,127,125,132,100,52,62,103,131,8,112,82,51" hai1="35,59,120,114,95,24,81,36,79,129,30,32,128" hai2="96,25,77,44,134,63,28,83,91,38,124,20,80" hai3="119,75,2,104,105,106,61,108,85,50,115,33,70"/><V97/><F134/><W102/><G119/><T40/><D112/><U117/><E117/><V68/><F124/><N who="0" m="47690" /><D132/><U54/><E114/><V49/><F38/><W42/><G108/><T89/><D131/><N who="1" m="50251" /><E36/><V55/><F91/><W31/><G2/><T23/><D23/><N who="1" m="15647" /><E95/><V118/><F118/><W66/><G75/><T3/><D3/><U57/><E120/><V9/><F9/><W72/><G72/><T126/><D40/><U41/><E41/><V65/><REACH who="2" step="1"/><F80/><REACH who="2" ten="409,208,18,355" step="2"/><W45/><G115/><T93/><D82/><U122/><E122/><V46/><F46/><W12/><G45/><T74/><D126/><U99/><E99/><V60/><F60/><W10/><G61/><T90/><D62/><N who="1" m="36151" /><E59/><V56/><F56/><W39/><G39/><T76/><D89/><U133/><E133/><V110/><F110/><W87/><G10/><T53/><D8/><U116/><E116/><V111/><F111/><W73/><G102/><T67/><D103/><U1/><E1/><V101/><F101/><W92/><G104/><T26/><D100/><U113/><E113/><V18/><F18/><W86/><G105/><T6/><D90/><U71/><E71/><V43/><F43/><W47/><G70/><T17/><D17/><U123/><E123/><V37/><F37/><W16/><G106/><T0/><D0/><U27/><E81/><V5/><F5/><W19/><G42/><T4/><D4/><U13/><E79/><V69/><F69/><W107/><G107/><T94/><D76/><U58/><E58/><V98/><F98/><W11/><G47/><T121/><D6/><RYUUKYOKU ba="0,1" sc="409,-10,208,-10,18,30,355,-10" hai2="20,25,28,44,49,55,63,65,68,77,83,96,97" /><INIT seed="2,1,1,3,4,72" ten="399,198,48,345" oya="2" hai0="49,58,121,118,68,46,56,39,82,4,27,10,86" hai1="28,99,102,5,19,14,64,112,106,85,53,111,45" hai2="60,115,37,110,70,135,7,55,40,67,96,78,22" hai3="0,92,129,48,23,97,107,95,16,17,113,2,119"/><V83/><F115/><W42/><G113/><T124/><D68/><U62/><E112/><V43/><F135/><W116/><G129/><T74/><D74/><U35/><E111/><V52/><F7/><W134/><G107/><T131/><D39/><U18/><E85/><V128/><F128/><W59/><G134/><T109/><D121/><U79/><E79/><V51/><F110/><W93/><G97/><T50/><D118/><U26/><E5/><V57/><F96/><W87/><G87/><T117/><D117/><U33/><E33/><V123/><F123/><W114/><G114/><T15/><D124/><U24/><E24/><V13/><F37/><W126/><G126/><T98/><D50/><N who="1" m="28879" /><E14/><V127/><F127/><W91/><G91/><T25/><D98/><U31/><E31/><V133/><F133/><W125/><G125/><T3/><D3/><U90/><E90/><V105/><F105/><W76/><G76/><N who="0" m="46407" /><D131/><U21/><E21/><V88/><F55/><N who="3" m="32231" /><G23/><T54/><D109/><U9/><E9/><V108/><F108/><W73/><G73/><T132/><D132/><U100/><E100/><V69/><F69/><AGARI ba="1,1" hai="18,19,26,28,35,62,64,69,99,102,106" m="28879" machi="69" ten="30,1000,0" yaku="25,1" doraHai="72" who="1" fromWho="2" sc="399,0,198,23,48,-13,345,0" /><INIT seed="3,0,0,4,0,125" ten="399,221,35,345" oya="3" hai0="127,79,103,32,20,31,55,111,85,59,50,60,120" hai1="41,134,27,63,107,87,25,90,72,39,51,1,82" hai2="29,102,73,43,86,100,106,135,24,44,74,121,34" hai3="114,78,93,132,133,30,0,115,47,12,49,98,131"/><W23/><G0/><T9/><D32/><U5/><E107/><V109/><F86/><W8/><G78/><T21/><D111/><U77/><E134/><V124/><F100/><W14/><G49/><T76/><D120/><U123/><E123/><V119/><F102/><W96/><G47/><N who="0" m="28127" /><D127/><U67/><E51/><V91/><F91/><W54/><G54/><N who="0" m="33911" /><D103/><U104/><E104/><V35/><F24/><N who="3" m="16671" /><G93/><T53/><D53/><U80/><E63/><V38/><F29/><W65/><G65/><T64/><D64/><U33/><E67/><V88/><F88/><W19/><G98/><T2/><D2/><U22/><E33/><V18/><F18/><N who="3" m="8455" /><G96/><T13/><D31/><U97/><E22/><N who="0" m="8809" /><D85/><U105/><E105/><V62/><F62/><W122/><G122/><T113/><D113/><N who="3" m="43017" /><G131/><T94/><D94/><U57/><E57/><V61/><F61/><W108/><G108/><T81/><D81/><U69/><E69/><V112/><F44/><W130/><G130/><T101/><D101/><U116/><E97/><V118/><F43/><W17/><G14/><T58/><D58/><U128/><E128/><V66/><F66/><W15/><G15/><T10/><D10/><N who="1" m="2351" /><E27/><V40/><F40/><W99/><G99/><T48/><D48/><U71/><E25/><V11/><F11/><W129/><G129/><T52/><D52/><U16/><E71/><V95/><F95/><W110/><G110/><T117/><D117/><U45/><E116/><V92/><F118/><W3/><G3/><T68/><D68/><U6/><E6/><AGARI ba="0,0" hai="6,9,13,76,79" m="8809,33911,28127" machi="6" ten="30,1000,0" yaku="8,1" doraHai="125" who="0" fromWho="1" sc="399,10,221,-10,35,0,345,0" owari="409,50.9,211,-18.9,35,-46.5,345,14.5" /></mjloggm>