<mjloggm ver="2.3"><GO type="225" lobby="0"/><UN n0="%E7%9A%AE%E3%80%85" n1="%73%73%6B%5F%66%72%65%65" n2="%70%68%65%6E%6F%6D%65" n3="%E5%A4%8F%E9%88%B4%E9%88%B4%E5%A4%8F" dan="16,16,16,16" rate="2136.74,2150.24,2131.69,2154.17" sx="F,M,M,F"/><TAIKYOKU oya="0"/><INIT seed="0,0,0,4,5,55" ten="250,250,250,250" oya="0" hai0="94,23,91,114,36,99,43,27,98,72,76,121,108" hai1="30,31,16,120,28,74,132,34,29,9,20,100,54" hai2="101,96,87,73,85,88,26,50,22,123,15,105,40" hai3="25,24,0,47,112,57,119,13,4,18,52,38,68"/><T82/><D121/><U125/><E120/><V33/><F73/><W86/><G119/><T59/><D114/><U2/><E132/><V81/><F123/><W92/><G112/><T78/><D78/><U42/><E125/><V14/><F33/><W53/><G68/><T65/><D108/><U17/><E74/><V111/><F111/><W39/><G0/><T19/><D43/><U60/><E42/><V32/><F32/><W107/><G107/><T48/><D36/><U69/><E100/><V58/><F85/><W21/><G4/><T44/><D44/><U45/><E69/><V89/><F89/><N who="3" m="53303" /><G39/><T126/><D126/><U10/><E45/><V77/><F77/><W63/><G38/><T56/><D48/><AGARI ba="0,0" hai="13,18,21,24,25,47,48,52,53,57,63" m="53303" machi="48" ten="30,3900,0" yaku="8,1,52,1,54,1" doraHai="55" who="3" fromWho="0" sc="250,-39,250,0,250,0,250,39" /><INIT seed="1,0,0,4,5,28" ten="211,250,250,289" oya="1" hai0="112,16,100,59,21,50,45,19,71,82,130,127,69" hai1="18,36,129,43,113,125,77,96,117,110,107,58,60" hai2="2,90,30,14,55,79,89,25,62,81,99,5,13" hai3="15,52,103,91,54,93,83,32,123,0,98,22,104"/><U116/><E113/><V66/><F55/><W126/><G0/><T6/><D112/><U20/><E129/><V11/><F2/><W9/><G126/><T87/><D130/><U8/><E125/><V74/><F14/><W31/><G22/><T122/><D127/><U49/><E110/><V105/><F99/><W109/><G109/><T106/><D122/><U12/><E36/><V4/><F105/><W64/><G64/><T95/><D6/><U101/><E77/><V108/><F5/><W10/><G83/><T38/><D38/><U53/><E43/><V120/><F108/><W68/><G68/><T3/><D3/><U92/><E107/><V70/><REACH who="2" step="1"/><F120/><REACH who="2" ten="211,250,240,289" step="2"/><W84/><G123/><T76/><D106/><U114/><E114/><V63/><F63/><W124/><G124/><T7/><D7/><U118/><REACH who="1" step="1"/><E60/><REACH who="1" ten="211,240,240,289" step="2"/><V88/><F88/><W46/><G91/><T57/><D76/><U133/><E133/><V34/><AGARI ba="0,2" hai="4,11,13,25,30,34,62,66,70,74,79,81,89,90" machi="34" ten="20,5200,0" yaku="1,1,0,1,7,1,52,1,53,0" doraHai="28" doraHaiUra="48" who="2" fromWho="2" sc="211,-13,240,-26,240,72,289,-13" /><INIT seed="2,0,0,0,3,0" ten="198,214,312,276" oya="2" hai0="68,64,51,115,32,101,60,67,16,129,42,12,97" hai1="71,35,44,114,29,62,112,40,121,63,55,65,95" hai2="116,83,69,89,66,36,50,119,107,14,2,105,90" hai3="46,6,117,33,75,77,122,39,17,135,92,48,126"/><V53/><F2/><W111/><G92/><T45/><D115/><N who="1" m="44075" /><E95/><V47/><F36/><W104/><G77/><T70/><D129/><U127/><E29/><V73/><F69/><W82/><G48/><T9/><D32/><U130/><E35/><V113/><F66/><W86/><G46/><T128/><D128/><U18/><E18/><V134/><F134/><W23/><G86/><T102/><REACH who="0" step="1"/><D97/><REACH who="0" ten="188,214,312,276" step="2"/><U21/><E130/><V30/><F113/><W85/><G135/><T108/><D108/><U49/><E121/><V124/><F116/><W98/><G111/><T106/><D106/><U120/><E120/><V91/><F119/><W27/><G98/><T110/><D110/><U10/><E127/><V133/><F124/><W56/><G104/><T20/><D20/><U1/><E21/><V109/><F109/><W7/><G33/><T72/><D72/><U13/><E10/><V25/><F133/><W59/><G75/><T26/><D26/><U61/><E13/><V78/><REACH who="2" step="1"/><F14/><REACH who="2" ten="188,214,302,276" step="2"/><N who="3" m="9655" /><G126/><T37/><D37/><N who="1" m="21519" /><E1/><V3/><F3/><W123/><G117/><T94/><D94/><U4/><E4/><V88/><N who="2" m="22528" /><DORA hai="28" /><V132/><F132/><W81/><G39/><T38/><D38/><U100/><E100/><V87/><F87/><W5/><G123/><T96/><D96/><U19/><E71/><V11/><F11/><W8/><G122/><T131/><D131/><U74/><E74/><V76/><F76/><N who="3" m="46247" /><G8/><T118/><D118/><U24/><E24/><V93/><F93/><W22/><G82/><T125/><D125/><U41/><E65/><V15/><F15/><RYUUKYOKU ba="0,2" sc="188,10,214,-30,302,10,276,10" hai0="9,12,16,42,45,51,60,64,67,68,70,101,102" hai2="25,30,47,50,53,73,78,83,105,107" hai3="5,6,7,22,27,56,59" /><INIT seed="2,1,2,3,0,129" ten="198,184,312,286" oya="2" hai0="96,44,87,91,52,79,88,67,0,112,37,95,93" hai1="111,55,103,51,38,110,116,1,5,125,57,74,11" hai2="131,65,26,58,97,71,40,113,6,69,35,101,119" hai3="85,104,114,45,29,120,31,15,100,13,30,10,108"/><V2/><F113/><W135/><G120/><T14/><D112/><U62/><E116/><V19/><F119/><W16/><G108/><N who="1" m="41514" /><E125/><V18/><F40/><W83/><G135/><T63/><D0/><U48/><E38/><V20/><F131/><W132/><G132/><T42/><D79/><U82/><E103/><V73/><F73/><W70/><G70/><T81/><D14/><U4/><E5/><V109/><F109/><W126/><G126/><T41/><D81/><U68/><E68/><V123/><F123/><W39/><G100/><T47/><D37/><U78/><AGARI ba="1,2" hai="1,4,11,48,51,55,57,62,74,78,82" m="41514" machi="78" ten="30,1100,0" yaku="14,1" doraHai="129" who="1" fromWho="1" sc="198,-4,184,34,312,-6,286,-4" /><INIT seed="3,0,0,3,4,4" ten="194,218,306,282" oya="3" hai0="27,70,66,48,50,105,111,18,128,114,33,91,134" hai1="72,125,1,39,89,9,77,19,97,41,90,129,82" hai2="11,13,37,85,107,62,92,67,3,100,49,31,109" hai3="25,15,135,23,78,123,113,84,20,122,22,83,45"/><W29/><G113/><T40/><D114/><U108/><E108/><V133/><F37/><W98/><G135/><T76/><D111/><U93/><E129/><V121/><F109/><W96/><G123/><T35/><D134/><U55/><E125/><V117/><F117/><W95/><G122/><T94/><D105/><U71/><E71/><V102/><F3/><W86/><G45/><T120/><D120/><U8/><E55/><V131/><F107/><W87/><G98/><T52/><D128/><U44/><E19/><V51/><F31/><W10/><G29/><T38/><D76/><U74/><E74/><V17/><F131/><W112/><G25/><T32/><D38/><U54/><E54/><V28/><F28/><W80/><G78/><T63/><D40/><U5/><E8/><V126/><F126/><W132/><G112/><T58/><D18/><U26/><E26/><V60/><F60/><W56/><G56/><T75/><D75/><U61/><E61/><V12/><F13/><W16/><G132/><T110/><D110/><U53/><E53/><V69/><F133/><W36/><G36/><T119/><D119/><U42/><E42/><V24/><F24/><W0/><G0/><T7/><D7/><U104/><E104/><V101/><F121/><W73/><G73/><T118/><D118/><U106/><E106/><V14/><F12/><W79/><G79/><T21/><D50/><U2/><E2/><V115/><F115/><W47/><G47/><T59/><D70/><U6/><E6/><V68/><F69/><W64/><G64/><T46/><D46/><RYUUKYOKU ba="0,0" sc="194,-30,218,10,306,10,282,10" hai1="1,5,9,39,41,44,72,77,82,89,90,93,97" hai2="11,14,17,49,51,62,67,68,85,92,100,101,102" hai3="10,15,16,20,22,23,80,83,84,86,87,95,96" /><INIT seed="3,1,0,1,5,103" ten="164,228,316,292" oya="3" hai0="107,131,49,97,132,120,109,1,118,35,69,8,44" hai1="78,80,130,70,101,51,46,48,127,116,84,60,16" hai2="30,62,83,25,121,71,26,22,72,68,38,117,9" hai3="59,36,14,39,86,18,77,12,110,40,58,11,89"/><W126/><G126/><T5/><RYUUKYOKU type="yao9" ba="1,0" sc="164,0,228,0,316,0,292,0" hai0="1,5,8,35,44,49,69,97,107,109,118,120,131,132" /><INIT seed="3,2,0,5,1,75" ten="164,228,316,292" oya="3" hai0="79,21,10,47,51,88,43,0,2,132,73,72,67" hai1="38,92,114,69,99,101,81,60,45,85,124,65,50" hai2="70,33,128,77,12,98,27,96,125,130,108,103,26" hai3="127,35,80,46,13,9,86,131,53,66,91,129,87"/><W23/><G35/><T6/><D132/><U4/><E124/><V74/><F125/><W28/><G127/><T134/><D134/><U63/><E114/><V32/><F70/><W106/><G106/><T135/><D135/><U119/><E119/><V90/><F108/><W64/><G87/><T82/><D67/><U31/><E38/><V18/><F90/><W84/><G86/><T5/><D21/><U54/><E60/><V30/><F77/><W29/><G53/><T105/><D105/><U14/><E31/><N who="3" m="11850" /><G46/><T109/><D109/><U41/><E14/><V102/><F74/><W83/><G23/><T1/><D73/><U120/><E4/><V52/><F52/><W68/><G83/><T59/><D59/><U71/><E120/><V56/><F56/><W76/><G91/><T89/><REACH who="0" step="1"/><D1/><REACH who="0" ten="154,228,316,292" step="2"/><U57/><E71/><V78/><F32/><W97/><G68/><T100/><D100/><U93/><E69/><V133/><F102/><W55/><G66/><T58/><D58/><U107/><E65/><V19/><F103/><W118/><G64/><T61/><D61/><U95/><E107/><V49/><F33/><W117/><G118/><T17/><D17/><U110/><E110/><V62/><F133/><W3/><G117/><T94/><D94/><U34/><E34/><V111/><F111/><W115/><G3/><T16/><D16/><U36/><E63/><V48/><F62/><W44/><G115/><T11/><AGARI ba="2,1" hai="0,2,5,6,10,11,43,47,51,72,79,82,88,89" machi="11" ten="30,8000,1" yaku="1,1,0,1,9,1,52,1,54,1,53,0" doraHai="75" doraHaiUra="116" who="0" fromWho="0" sc="154,96,228,-22,316,-22,292,-42" /><INIT seed="4,0,0,4,5,79" ten="250,206,294,250" oya="0" hai0="0,89,107,119,114,86,108,56,17,59,48,35,32" hai1="12,33,41,39,74,5,85,109,63,6,60,38,8" hai2="115,31,80,92,29,134,4,9,21,19,78,65,73" hai3="1,87,102,76,112,36,105,104,7,83,111,2,121"/><T22/><D119/><U16/><E109/><V37/><F37/><W67/><G111/><T81/><D108/><U62/><E74/><V99/><F115/><W82/><G112/><T132/><D114/><U61/><E33/><V123/><F123/><W10/><G36/><T77/><D107/><U20/><N who="1" m="15360" /><DORA hai="128" /><U101/><E41/><V116/><F134/><W103/><G67/><T96/><D0/><U71/><E71/><V54/><F54/><W117/><G117/><T30/><D132/><U18/><E101/><V125/><F65/><W14/><G83/><T98/><D30/><U118/><E118/><V3/><F125/><W100/><G121/><T133/><D133/><U58/><E58/><V34/><F34/><W84/><G84/><T50/><D35/><U52/><E52/><V24/><F116/><W43/><G43/><T42/><D32/><U88/><E18/><V57/><F57/><N who="0" m="22090" /><D77/><U27/><REACH who="1" step="1"/><E5/><REACH who="1" ten="250,196,294,250" step="2"/><V130/><F130/><W49/><G105/><T129/><D129/><U25/><E25/><V135/><F135/><W45/><G104/><T44/><D48/><U120/><E120/><V127/><F127/><W124/><G124/><T113/><D113/><U53/><E53/><V110/><F110/><W106/><G106/><T94/><D94/><AGARI ba="0,1" hai="6,8,12,16,20,27,38,39,85,88,94" m="15360" machi="94" ten="50,6400,0" yaku="1,1,54,2,53,0" doraHai="79,128" doraHaiUra="75,64" who="1" fromWho="0" sc="250,-64,196,74,294,0,250,0" /><INIT seed="5,0,0,4,5,85" ten="186,270,294,250" oya="1" hai0="77,5,64,70,105,39,29,60,16,62,51,128,127" hai1="93,88,94,26,28,10,108,79,114,3,52,124,91" hai2="17,25,121,6,46,35,103,13,56,37,9,74,96" hai3="19,15,41,119,31,116,65,42,118,87,107,55,14"/><U49/><E114/><V98/><F121/><W104/><G31/><T38/><D105/><N who="3" m="40521" /><G65/><T4/><D77/><U129/><E129/><V27/><F74/><W78/><G55/><T20/><D29/><U68/><E68/><V131/><F131/><W101/><G101/><T135/><D128/><U126/><E108/><V0/><F56/><W33/><G33/><T53/><D135/><U54/><E79/><V50/><F37/><W22/><G14/><T58/><D127/><N who="1" m="48683" /><E3/><V100/><F103/><W81/><AGARI ba="0,0" hai="15,19,22,41,42,78,81,87,116,118,119" m="40521" machi="81" ten="40,1500,0" yaku="12,1" doraHai="85" who="3" fromWho="3" sc="186,-4,270,-7,294,-4,250,15" /><INIT seed="6,0,0,1,5,56" ten="182,263,290,265" oya="2" hai0="132,113,4,105,88,67,32,63,135,29,25,117,101" hai1="8,33,100,55,122,128,85,73,75,57,51,16,94" hai2="82,86,44,14,68,17,102,2,78,12,27,118,22" hai3="26,81,120,76,115,19,70,43,47,64,31,109,114"/><V9/><F118/><W34/><G109/><T18/><D117/><U133/><E128/><V107/><F68/><W116/><G120/><T13/><D4/><U65/><E133/><N who="0" m="51273" /><D101/><U46/><E122/><V79/><F107/><W23/><G116/><T6/><D6/><U111/><E33/><V80/><F102/><W125/><G125/><T48/><D105/><U40/><E111/><V42/><F2/><W92/><G92/><T134/><N who="0" m="51281" /><T24/><DORA hai="112" /><D113/><N who="3" m="43017" /><G64/><T20/><D48/><U21/><E65/><V84/><F9/><W103/><G103/><T127/><D127/><U72/><E8/><V45/><F45/><W121/><G70/><N who="0" m="42367" /><D25/><U119/><E119/><V54/><F54/><W52/><G52/><T96/><D96/><U30/><E30/><V61/><F61/><W50/><G121/><T1/><D1/><U15/><E100/><V131/><F131/><W3/><G3/><T53/><D53/><U62/><REACH who="1" step="1"/><E72/><REACH who="1" ten="182,253,290,265" step="2"/><V97/><F97/><W0/><G31/><T129/><D129/><U37/><E37/><AGARI ba="0,1" hai="12,14,17,22,27,37,42,44,78,79,80,82,84,86" machi="37" ten="30,2900,0" yaku="7,1,9,1" doraHai="56,112" who="2" fromWho="1" sc="182,0,253,-29,290,39,265,0" owari="182,-31.8,224,-17.6,329,42.9,265,6.5" /></mjloggm>