<mjloggm ver="2.3"><GO type="225" lobby="0"/><UN n0="%E6%B4%BE%E9%81%A3%E3%81%AE%E3%82%B8%E3%83%A3%E3%83%83%E3%82%AF" n1="%4B%2E%32%2E%4B%2E" n2="%72%69%6F%75%63%68%61%6E" n3="%E3%81%BF%E3%81%BF%E3%81%9A" dan="17,17,16,18" rate="2165.08,2182.68,2171.41,2261.09" sx="M,M,M,M"/><TAIKYOKU oya="0"/><INIT seed="0,0,0,0,1,65" ten="250,250,250,250" oya="0" hai0="124,20,37,51,114,105,102,52,77,28,30,44,10" hai1="48,1,84,79,76,108,36,68,38,83,131,86,41" hai2="125,12,135,58,121,61,46,96,6,112,101,9,94" hai3="109,80,19,25,0,97,87,54,59,73,35,99,8"/><T15/><D114/><U98/><E1/><V29/><F121/><W56/><G73/><T67/><D124/><U116/><E116/><V26/><F112/><W64/><G109/><T129/><D129/><U90/><E108/><V111/><F135/><W49/><G35/><T16/><D77/><U107/><E131/><V62/><F111/><W104/><G104/><T127/><D127/><U123/><E123/><V23/><F125/><W85/><G0/><T132/><D132/><U7/><E7/><V57/><REACH who="2" step="1"/><F46/><REACH who="2" ten="250,250,240,250" step="2"/><W40/><G59/><AGARI ba="0,1" hai="6,9,12,23,26,29,57,58,59,61,62,94,96,101" machi="59" ten="40,5200,0" yaku="1,1,2,1,8,1,53,0" doraHai="65" doraHaiUra="70" who="2" fromWho="3" sc="250,0,250,0,240,62,250,-52" /><INIT seed="1,0,0,2,4,49" ten="250,250,302,198" oya="1" hai0="14,22,114,33,19,67,105,25,87,0,80,82,54" hai1="62,111,85,58,50,116,47,127,35,34,134,20,56" hai2="119,70,6,68,117,79,45,97,115,125,13,30,69" hai3="98,63,48,1,17,4,52,100,3,103,75,89,95"/><U72/><E116/><V99/><F125/><W107/><G75/><T128/><D114/><U104/><E72/><V10/><F115/><W77/><G77/><T11/><D105/><U88/><E104/><V26/><F79/><W129/><G129/><T37/><D37/><U21/><E127/><V38/><F99/><W8/><G1/><T46/><D67/><U15/><E134/><V7/><F7/><W120/><G120/><T43/><D128/><U108/><E34/><V23/><REACH who="2" step="1"/><F97/><REACH who="2" ten="250,250,292,198" step="2"/><W92/><G107/><T118/><D118/><U121/><E121/><V130/><F130/><W102/><G17/><T9/><D19/><U132/><E132/><V61/><F61/><W28/><G28/><T126/><D126/><U122/><E62/><V66/><F66/><W78/><G78/><T5/><D5/><U71/><E122/><V101/><F101/><W110/><G63/><T113/><D113/><U29/><E29/><V96/><F96/><W39/><G110/><T90/><D0/><U74/><E108/><V53/><F53/><W41/><G95/><T65/><D54/><U55/><E111/><V93/><F93/><W27/><G27/><T133/><D65/><U18/><E18/><V86/><F86/><W106/><G106/><T123/><D123/><U12/><E74/><V44/><F44/><W31/><G31/><N who="0" m="19695" /><D133/><U16/><E16/><V124/><F124/><W81/><G81/><T91/><D80/><U109/><E109/><V24/><F24/><W59/><REACH who="3" step="1"/><G102/><REACH who="3" ten="250,250,292,188" step="2"/><T73/><D82/><U76/><E76/><V84/><F84/><W42/><G42/><AGARI ba="0,2" hai="6,10,13,23,26,30,38,42,45,68,69,70,117,119" machi="42" ten="40,2600,0" yaku="1,1,6,1,53,0" doraHai="49" doraHaiUra="51" who="2" fromWho="3" sc="250,0,250,0,292,46,188,-26" /><INIT seed="2,0,0,2,3,32" ten="250,250,338,162" oya="2" hai0="1,83,18,54,49,105,78,40,73,133,82,94,31" hai1="116,60,22,46,64,118,7,85,120,121,61,104,45" hai2="15,51,3,100,97,86,74,33,107,62,26,111,87" hai3="89,6,71,77,95,29,99,65,68,17,21,79,38"/><V124/><F124/><W63/><G38/><T4/><D105/><U9/><E104/><V53/><F74/><W42/><G42/><T112/><D112/><U122/><E22/><V48/><F111/><W2/><G29/><T0/><D4/><U115/><E115/><V20/><F3/><W113/><G113/><T8/><D31/><U81/><E46/><V117/><F117/><N who="1" m="45161" /><E45/><V98/><F98/><W88/><G71/><T126/><D82/><U41/><E41/><V101/><F101/><W10/><REACH who="3" step="1"/><G89/><REACH who="3" ten="250,250,338,152" step="2"/><T39/><D40/><U69/><E69/><V23/><F33/><W70/><G70/><T5/><D39/><U25/><E122/><V114/><F114/><W75/><G75/><T37/><D37/><U129/><E121/><V132/><F132/><W56/><G56/><T72/><D72/><U90/><E120/><V47/><F47/><W128/><G128/><T27/><D133/><U135/><E135/><V109/><F109/><W96/><G96/><T14/><D126/><U106/><E129/><V16/><F86/><W13/><AGARI ba="0,1" hai="2,6,10,13,17,21,63,65,68,77,79,88,95,99" machi="13" ten="20,12000,2" yaku="1,1,0,1,7,1,52,1,54,1,53,1" doraHai="32" doraHaiUra="91" who="3" fromWho="3" sc="250,-30,250,-30,338,-60,152,130" /><INIT seed="3,0,0,0,1,117" ten="220,220,278,282" oya="3" hai0="91,90,27,22,122,92,121,128,26,75,107,132,11" hai1="120,93,38,88,42,39,28,76,77,100,61,112,69" hai2="119,15,65,123,10,23,36,129,84,13,114,101,124" hai3="135,115,127,72,14,60,133,70,54,67,111,17,81"/><W7/><G115/><T6/><D107/><U94/><E112/><V85/><F114/><W105/><G105/><T8/><D75/><U99/><E120/><V9/><F119/><W82/><G127/><T74/><D74/><U20/><E28/><V19/><F124/><W46/><G7/><T79/><D79/><U0/><E0/><V21/><F129/><W62/><G72/><T55/><D128/><U130/><E20/><V98/><F36/><W110/><G46/><T83/><D83/><N who="3" m="31753" /><G54/><T2/><D55/><U3/><E3/><V109/><F109/><N who="3" m="41483" /><G60/><T45/><D45/><U16/><E130/><V43/><F123/><W24/><G24/><T97/><D132/><U50/><E16/><N who="2" m="10383" /><F43/><W44/><G44/><T4/><D27/><U56/><E42/><V53/><F65/><W34/><G34/><T12/><D90/><U1/><E1/><V113/><F113/><W87/><G87/><N who="2" m="33353" /><F53/><W31/><G31/><AGARI ba="0,0" hai="2,4,6,8,11,12,22,26,31,91,92,97,121,122" machi="31" ten="30,3900,0" yaku="7,1,52,2" doraHai="117" who="0" fromWho="3" sc="220,39,220,0,278,0,282,-39" /><INIT seed="4,0,0,1,3,79" ten="259,220,278,243" oya="0" hai0="53,122,105,63,40,44,55,71,37,90,16,34,39" hai1="68,43,70,126,100,113,97,131,111,14,58,82,8" hai2="64,92,96,80,108,5,114,56,76,127,26,65,31" hai3="109,84,104,15,119,91,47,13,54,29,130,20,132"/><T28/><D105/><U33/><E111/><V12/><F108/><W128/><G104/><T10/><D39/><U59/><E33/><V125/><F114/><W51/><G109/><T94/><D122/><U74/><E126/><N who="2" m="48139" /><F56/><W2/><G2/><T95/><D95/><U83/><E131/><N who="3" m="50218" /><G119/><T120/><D120/><U32/><E32/><N who="2" m="20599" /><F12/><W133/><G29/><T99/><D28/><U73/><E113/><V112/><F5/><W21/><G13/><T17/><D34/><U57/><E43/><V60/><F60/><W117/><G117/><T27/><D10/><U135/><E135/><N who="3" m="51786" /><G15/><T62/><D62/><U89/><E70/><V129/><F112/><W106/><G106/><T35/><D35/><U9/><E68/><V3/><F3/><W52/><G54/><T4/><D4/><U6/><E9/><V98/><F129/><W78/><G78/><T101/><D53/><U36/><E36/><V85/><F98/><W115/><G115/><T110/><D110/><U11/><E8/><V86/><F86/><W23/><G21/><T93/><D27/><U46/><E46/><V30/><F30/><W116/><G116/><T25/><D25/><U49/><E49/><V42/><F42/><W72/><G72/><T45/><D45/><U121/><E121/><V0/><F0/><W77/><G23/><T48/><D37/><U118/><E118/><V18/><F18/><W24/><G20/><T22/><D22/><U81/><E100/><AGARI ba="0,0" hai="64,65,76,80,85,92,96,100" m="20599,48139" machi="100" ten="30,2000,0" yaku="18,1,52,1" doraHai="79" who="2" fromWho="1" sc="259,0,220,-20,278,20,243,0" /><INIT seed="5,0,0,1,2,67" ten="259,200,298,243" oya="1" hai0="95,20,78,55,10,52,60,112,87,94,120,7,93" hai1="96,54,63,66,53,117,129,114,43,5,11,109,103" hai2="31,18,16,19,116,56,99,88,110,68,118,104,9" hai3="70,80,83,108,82,38,105,81,45,29,47,34,76"/><U42/><E117/><V113/><F110/><W123/><G108/><T36/><D36/><U21/><E109/><V107/><F68/><W102/><G123/><T32/><D32/><U14/><E114/><V111/><F111/><W8/><G70/><T121/><D112/><U26/><E129/><V59/><F113/><W6/><G102/><T73/><D73/><U40/><E63/><V28/><F9/><W124/><G105/><N who="2" m="40521" /><F88/><W24/><G124/><T49/><D60/><U30/><REACH who="1" step="1"/><E66/><REACH who="1" ten="259,190,298,243" step="2"/><V62/><F62/><W125/><G125/><T133/><D120/><U33/><E33/><V69/><F69/><W79/><G38/><T86/><D121/><U15/><E15/><V126/><F126/><W134/><G134/><T41/><D133/><U1/><E1/><V25/><F25/><W74/><REACH who="3" step="1"/><G76/><REACH who="3" ten="259,190,298,233" step="2"/><T90/><D78/><U22/><E22/><V100/><F116/><W77/><G77/><T50/><D20/><U51/><E51/><V23/><F23/><W130/><G130/><T58/><D49/><U17/><E17/><V46/><F118/><W122/><G122/><T132/><D132/><U12/><E12/><AGARI ba="0,2" hai="6,8,12,24,29,34,45,47,74,79,80,81,82,83" machi="12" ten="40,1300,0" yaku="1,1,53,0" doraHai="67" doraHaiUra="128" who="3" fromWho="1" sc="259,0,190,-13,298,0,233,33" /><INIT seed="6,0,0,2,2,6" ten="259,177,298,266" oya="2" hai0="72,39,104,17,110,13,24,118,129,48,90,0,119" hai1="18,87,97,26,45,40,130,31,102,50,69,73,135" hai2="9,107,122,94,78,126,58,7,81,83,8,44,36" hai3="74,11,41,124,49,30,80,68,54,32,93,55,61"/><V125/><F122/><W25/><G124/><N who="2" m="47721" /><F107/><W98/><G74/><T84/><D110/><U132/><E73/><N who="2" m="43215" /><F7/><W14/><G80/><T128/><D0/><U123/><E123/><V67/><F94/><W103/><G41/><T1/><D48/><U27/><E130/><N who="0" m="50281" /><D24/><U101/><E69/><V60/><F83/><W43/><G43/><AGARI ba="0,0" hai="8,9,36,43,44,58,60,67" m="43215,47721" machi="43" ten="30,5800,0" yaku="18,1,52,2" doraHai="6" who="2" fromWho="3" sc="259,0,177,0,298,58,266,-58" owari="259,5.9,177,-32.3,356,45.6,208,-19.2" /></mjloggm>