<mjloggm ver="2.3"><GO type="225" lobby="0"/><UN n0="%E6%81%A5%E6%99%92%E3%81%97" n1="%E3%83%81%E3%83%A7%E3%83%99%E3%83%83%E3%82%AF" n2="%E3%83%8F%E3%83%B3%E3%83%89%E3%83%A9%E3%83%BC%E3%83%BB%E3%83%AF%E3%83%B3" n3="%E3%83%B4%E3%82%A3%E3%83%AF%E3%82%B3%E3%82%B0%E3%83%8B" dan="16,16,17,17" rate="2058.83,2127.10,2207.55,2215.67" sx="M,M,M,M"/><TAIKYOKU oya="0"/><INIT seed="0,0,0,1,3,98" ten="250,250,250,250" oya="0" hai0="49,26,25,91,10,133,39,134,60,11,73,72,32" hai1="17,74,67,21,114,62,9,92,120,103,63,64,78" hai2="68,118,126,61,127,132,77,50,75,113,23,108,56" hai3="54,16,76,81,53,3,35,80,27,40,47,6,38"/><T30/><D39/><U82/><E120/><V79/><F113/><W45/><G81/><T31/><D49/><U58/><E114/><V24/><F108/><W115/><G115/><T101/><D91/><U128/><E128/><V66/><F132/><W36/><G45/><T86/><D86/><U119/><E119/><V135/><F135/><N who="0" m="51722" /><D60/><U42/><E9/><N who="0" m="3081" /><D101/><U110/><E110/><V5/><F5/><W89/><G89/><T93/><D93/><U102/><E92/><V8/><F8/><N who="3" m="2143" /><G38/><T130/><D130/><U100/><E42/><V105/><F105/><W18/><G53/><T122/><D122/><U129/><E129/><V131/><F118/><W69/><G69/><T44/><D44/><U1/><E1/><V51/><F131/><W123/><G54/><T34/><AGARI ba="0,0" hai="25,26,30,31,32,34,72,73" m="3081,51722" machi="34" ten="30,1500,0" yaku="20,1" doraHai="98" who="0" fromWho="0" sc="250,15,250,-5,250,-5,250,-5" /><INIT seed="0,1,0,2,5,23" ten="265,245,245,245" oya="0" hai0="87,41,57,93,99,103,89,65,118,81,96,22,90" hai1="132,130,14,62,95,84,47,133,83,127,64,107,129" hai2="72,15,115,86,27,53,35,44,29,8,70,126,21" hai3="101,32,106,104,38,16,56,74,125,113,59,0,63"/><T30/><D118/><U71/><E107/><V46/><F72/><W108/><G0/><T76/><D41/><U26/><E14/><V58/><F115/><W1/><G1/><T4/><D4/><U66/><E95/><V55/><F70/><W114/><G74/><T6/><D6/><U61/><E84/><V49/><F126/><W77/><G38/><T69/><D69/><N who="1" m="42127" /><E83/><V80/><F35/><W121/><G32/><T11/><D11/><U68/><E26/><V50/><F58/><W109/><G63/><N who="0" m="38127" /><D99/><U134/><E68/><V123/><F123/><W17/><G121/><T7/><D7/><U78/><E78/><V111/><F111/><W120/><G120/><T19/><D19/><U2/><E2/><V110/><F110/><W85/><G85/><T102/><D103/><U20/><E20/><V48/><F48/><W51/><G51/><T3/><D3/><U82/><E82/><V116/><F116/><W34/><G34/><T43/><D43/><U88/><E88/><N who="2" m="51271" /><F8/><W54/><G101/><T31/><D31/><U98/><E98/><V39/><F39/><W79/><REACH who="3" step="1"/><G54/><REACH who="3" ten="265,245,245,235" step="2"/><T12/><D12/><AGARI ba="1,1" hai="12,15,21,27,29,44,46,49,50,53,55" m="51271" machi="12" ten="30,3900,0" yaku="8,1,52,1,54,1" doraHai="23" who="2" fromWho="0" sc="265,-42,245,0,245,52,235,0" /><INIT seed="1,0,0,3,4,2" ten="223,245,297,235" oya="1" hai0="76,5,124,49,54,56,129,22,64,89,81,117,75" hai1="31,91,51,55,30,110,23,11,95,92,17,19,118" hai2="93,119,0,113,24,14,46,45,59,105,77,33,32" hai3="1,20,102,39,61,116,99,12,40,115,10,83,35"/><U79/><E118/><V111/><F105/><W135/><G115/><T106/><D117/><U57/><E79/><V8/><F119/><W108/><G116/><T123/><D124/><U28/><E110/><V60/><F0/><W73/><G35/><T15/><D129/><U97/><E11/><V48/><F111/><W87/><G61/><T36/><D36/><U90/><REACH who="1" step="1"/><E23/><REACH who="1" ten="223,235,297,235" step="2"/><V78/><F78/><W38/><G20/><T13/><D76/><U21/><E21/><V104/><F77/><W3/><G108/><T6/><D22/><U71/><E71/><V84/><F8/><W26/><G10/><T66/><D75/><U70/><E70/><V9/><F9/><W65/><G73/><T94/><D123/><U34/><E34/><V126/><F32/><W69/><G69/><T98/><D106/><U53/><E53/><V50/><F104/><W62/><G1/><T96/><D66/><U107/><E107/><V125/><F33/><W27/><G65/><T101/><D64/><U4/><E4/><N who="0" m="1641" /><D98/><AGARI ba="0,1" hai="17,19,28,30,31,51,55,57,90,91,92,95,97,98" machi="98" ten="40,7700,0" yaku="1,1,9,1,8,1,53,0" doraHai="2" doraHaiUra="16" who="1" fromWho="0" sc="223,-77,235,87,297,0,235,0" /><INIT seed="1,1,0,1,3,123" ten="146,322,297,235" oya="1" hai0="90,35,15,87,2,25,92,115,73,3,5,86,127" hai1="66,134,28,89,104,70,41,45,55,44,19,10,97" hai2="71,38,43,83,56,67,109,11,18,101,122,31,78" hai3="95,29,120,20,131,133,30,128,76,75,74,132,135"/><U26/><E89/><V112/><F122/><W34/><G120/><T4/><D73/><N who="3" m="27657" /><G20/><T77/><D115/><U23/><E55/><V94/><F18/><W113/><G34/><T114/><D114/><U96/><E134/><V103/><F56/><W72/><G113/><T21/><D127/><U37/><E44/><V13/><F13/><W17/><G17/><T88/><D77/><U50/><E37/><V91/><F11/><W58/><G58/><T118/><D118/><U22/><E10/><V62/><F31/><N who="3" m="11787" /><G95/><T102/><D35/><U110/><E104/><V16/><F16/><W93/><G93/><T0/><D102/><U126/><E126/><V51/><F101/><W14/><G14/><T99/><D15/><U49/><E70/><V36/><F103/><W81/><AGARI ba="1,0" hai="72,76,81,128,131,132,133,135" m="11787,27657" machi="81" ten="40,1500,0" yaku="20,1" doraHai="123" who="3" fromWho="3" sc="146,-5,322,-8,297,-5,235,18" /><INIT seed="2,0,0,4,1,7" ten="141,314,292,253" oya="2" hai0="50,91,86,127,16,9,23,94,90,29,83,1,11" hai1="115,92,0,112,42,98,87,53,131,25,31,22,99" hai2="68,128,39,46,77,109,89,5,33,40,61,55,63" hai3="120,125,132,104,85,58,117,126,105,28,52,10,24"/><V66/><F33/><W56/><G117/><T30/><D127/><N who="3" m="48649" /><G120/><T72/><D1/><U67/><E0/><V65/><F77/><W114/><G132/><T116/><D116/><U107/><E107/><V134/><F134/><W78/><G114/><T13/><D72/><U81/><E131/><V64/><F128/><W101/><G101/><T4/><D50/><U73/><E73/><V38/><F89/><W97/><G97/><N who="0" m="57559" /><D4/><U103/><E42/><N who="2" m="22871" /><F5/><W20/><G58/><T3/><D3/><U113/><E67/><V75/><F75/><W15/><G78/><T35/><D35/><U79/><E53/><V122/><F122/><W6/><G85/><T27/><D30/><U121/><E121/><V93/><F93/><W37/><G37/><T8/><AGARI ba="0,0" hai="8,9,11,13,16,23,27,29,83,86,91" m="57559" machi="8" ten="30,8000,1" yaku="8,1,52,3,54,1" doraHai="7" who="0" fromWho="0" sc="141,80,314,-20,292,-40,253,-20" /><INIT seed="3,0,0,3,2,38" ten="221,294,252,233" oya="3" hai0="49,41,74,39,76,63,30,129,99,31,5,19,15" hai1="2,27,95,86,78,90,56,3,40,121,53,33,50" hai2="96,55,113,37,111,58,43,80,132,6,51,9,47" hai3="72,127,91,61,89,122,17,100,82,134,13,48,4"/><W18/><G122/><T97/><D39/><U105/><E105/><V67/><F111/><W59/><G134/><T28/><D129/><U109/><E121/><V103/><F132/><W20/><G127/><T46/><D5/><U114/><E114/><V73/><F113/><W126/><G126/><T21/><REACH who="0" step="1"/><D63/><REACH who="0" ten="211,294,252,233" step="2"/><U83/><E109/><V60/><F6/><W104/><G4/><T35/><D35/><U66/><E2/><V77/><F37/><W81/><G48/><T93/><D93/><U12/><E3/><V98/><F60/><W36/><G36/><T84/><D84/><U75/><E33/><V1/><F1/><W112/><G112/><T11/><D11/><U110/><E110/><V42/><F9/><W133/><G133/><T7/><D7/><U101/><E95/><V106/><F96/><W54/><G72/><T116/><D116/><U88/><E86/><V117/><F117/><W69/><G69/><T10/><D10/><U119/><E75/><V24/><F73/><W22/><G104/><T0/><D0/><U124/><E119/><V32/><F32/><W85/><G100/><T79/><D79/><U23/><E101/><V125/><F77/><N who="3" m="46255" /><G82/><AGARI ba="0,1" hai="15,19,21,28,30,31,41,46,49,74,76,82,97,99" machi="82" ten="40,5200,0" yaku="1,1,52,1,53,1" doraHai="38" doraHaiUra="8" who="0" fromWho="3" sc="211,62,294,0,252,0,233,-52" /><INIT seed="4,0,0,1,1,82" ten="273,294,252,181" oya="0" hai0="63,106,70,57,81,100,111,24,62,13,7,16,116" hai1="127,51,69,35,98,72,87,49,66,131,77,21,14" hai2="75,55,26,99,120,83,18,59,93,40,17,54,123" hai3="67,107,68,85,53,41,44,101,30,23,39,128,52"/><T89/><D116/><U31/><E72/><V5/><F40/><W32/><G128/><T134/><D134/><U12/><E35/><V121/><F5/><W92/><G23/><T108/><D70/><U80/><E69/><V58/><F75/><W125/><G125/><T64/><D100/><U105/><E105/><V2/><F2/><W78/><G107/><T71/><D106/><U9/><E66/><V15/><F83/><W74/><G74/><T43/><D43/><U22/><E131/><V135/><F135/><W29/><G78/><T118/><D118/><U11/><E98/><V79/><F79/><W33/><G33/><T84/><D24/><N who="1" m="16783" /><E22/><V94/><F26/><W86/><G32/><T61/><D7/><N who="1" m="3135" /><E127/><V104/><F104/><W1/><G1/><T122/><D122/><U95/><E95/><V110/><F110/><N who="0" m="42026" /><D71/><U34/><E34/><V19/><F15/><W91/><G101/><T10/><AGARI ba="0,0" hai="10,13,16,57,61,62,63,64,81,84,89" m="42026" machi="10" ten="30,6000,0" yaku="10,1,52,1,54,1" doraHai="82" who="0" fromWho="0" sc="273,60,294,-20,252,-20,181,-20" owari="333,43.3,274,7.4,232,-16.8,161,-33.9" /></mjloggm>