<mjloggm ver="2.3"><GO type="225" lobby="0"/><UN n0="%E4%B8%89%E5%88%86%E5%B0%8F%E5%83%A7" n1="%E5%A4%8F%E9%88%B4%E9%88%B4%E5%A4%8F" n2="%E7%89%B9%E6%9D%B1%E3%81%AF%E4%B8%96%E7%95%8C%E3%82%92%E6%95%91%E3%81%86" n3="%E3%81%AF%E3%82%88%E3%81%8A%E3%81%98%E3%81%95%E3%82%93" dan="16,16,16,17" rate="2075.83,2119.10,2208.30,2140.34" sx="M,F,M,M"/><TAIKYOKU oya="0"/><INIT seed="0,0,0,0,1,3" ten="250,250,250,250" oya="0" hai0="133,26,68,99,111,60,36,126,22,54,16,85,55" hai1="124,17,120,0,45,46,66,15,4,42,125,106,23" hai2="11,10,71,8,93,74,115,9,41,81,51,2,114" hai3="75,82,119,101,79,32,112,76,98,92,77,40,89"/><T73/><D73/><U102/><E120/><V44/><F71/><W24/><G40/><T47/><D126/><N who="1" m="48747" /><E66/><V128/><F128/><W35/><G35/><T78/><D133/><U113/><E113/><V61/><F61/><W88/><G24/><T84/><D111/><U52/><E52/><V108/><F108/><W65/><G32/><T14/><D99/><N who="1" m="61791" /><E42/><V83/><F93/><N who="3" m="56615" /><G65/><T118/><D118/><U130/><E130/><V97/><F97/><N who="3" m="59559" /><G112/><T49/><D36/><U29/><E29/><V104/><F104/><W134/><G134/><T34/><D78/><N who="3" m="30313" /><G119/><T19/><D34/><U86/><E86/><V39/><F51/><W127/><G127/><T50/><D60/><U129/><E129/><V69/><F69/><W5/><G5/><T43/><D68/><U80/><E80/><V117/><F117/><W72/><G72/><T53/><REACH who="0" step="1"/><D50/><REACH who="0" ten="240,250,250,250" step="2"/><U109/><E109/><V25/><F74/><W70/><G70/><T135/><D135/><U13/><E0/><V107/><F2/><W132/><G132/><T37/><D37/><U100/><E100/><V116/><F116/><W58/><G58/><T123/><D123/><U90/><E46/><V67/><F115/><W94/><N who="3" m="30321" /><W91/><DORA hai="18" /><G75/><T27/><D27/><U131/><E45/><V95/><F114/><W21/><G89/><T56/><D56/><U103/><E131/><V63/><F25/><W6/><G91/><T110/><D110/><U30/><E90/><V121/><F121/><W7/><G94/><T57/><D57/><U59/><E59/><V64/><F39/><W105/><G105/><RYUUKYOKU ba="0,1" sc="240,30,250,-10,250,-10,250,-10" hai0="14,16,19,22,26,43,47,49,53,54,55,84,85" /><INIT seed="0,1,1,5,3,24" ten="270,240,240,240" oya="0" hai0="45,80,71,30,40,67,34,23,130,118,33,79,13" hai1="87,43,89,21,134,68,6,73,18,50,91,17,74" hai2="19,102,112,54,107,135,72,20,106,63,88,105,65" hai3="94,27,66,64,129,123,77,10,111,39,100,0,53"/><T55/><D118/><U90/><E68/><V121/><F112/><W125/><G39/><T12/><D130/><U114/><E114/><V51/><F121/><W95/><G129/><T85/><D55/><U16/><E134/><V26/><F72/><W70/><G70/><T25/><D12/><U44/><E6/><V104/><F135/><W92/><G100/><T60/><REACH who="0" step="1"/><D13/><REACH who="0" ten="260,240,240,240" step="2"/><U122/><E122/><V75/><F54/><W120/><G53/><T81/><D81/><U7/><E7/><V133/><F133/><W48/><G123/><T98/><D98/><U2/><E2/><V31/><F65/><W78/><G66/><T93/><D93/><U47/><E87/><V124/><F104/><W62/><G94/><T119/><D119/><U22/><REACH who="1" step="1"/><E47/><REACH who="1" ten="260,230,240,240" step="2"/><V38/><F75/><AGARI ba="1,3" hai="16,17,18,21,22,43,44,50,73,74,75,89,90,91" machi="75" ten="50,6400,0" yaku="1,1,2,1,54,1,53,0" doraHai="24" doraHaiUra="127" who="1" fromWho="2" sc="260,0,230,97,240,-67,240,0" /><INIT seed="1,0,0,0,2,44" ten="260,327,173,240" oya="1" hai0="132,5,2,126,70,59,120,76,96,37,100,24,71" hai1="27,42,38,117,135,95,64,103,74,15,45,121,31" hai2="131,12,7,54,83,69,30,29,36,14,78,125,118" hai3="129,68,79,6,106,119,0,99,3,57,52,115,101"/><U81/><E121/><V18/><F118/><W67/><G115/><T33/><D37/><U35/><E117/><V51/><F36/><W19/><G119/><T56/><D120/><U4/><E135/><V41/><F131/><W85/><G129/><T9/><D76/><U110/><E110/><V127/><F41/><W122/><G122/><T93/><D126/><U53/><E64/><V23/><F69/><W84/><G67/><T66/><D132/><U60/><E74/><V92/><F125/><W65/><G65/><T16/><D59/><U114/><E114/><V17/><F7/><W46/><G68/><T73/><D73/><U102/><E81/><V113/><F113/><W98/><G46/><T89/><D100/><U72/><E72/><V40/><F40/><W22/><G99/><T111/><D111/><U108/><E95/><V94/><F127/><W55/><G55/><T112/><D112/><U25/><E25/><V34/><F34/><W90/><G79/><T123/><D123/><U49/><E60/><V97/><F83/><W63/><G85/><T105/><D105/><U58/><REACH who="1" step="1"/><E108/><REACH who="1" ten="260,317,173,240" step="2"/><V104/><F104/><W11/><G106/><T43/><D71/><U20/><E20/><V124/><F124/><W62/><G63/><N who="0" m="38247" /><D70/><U116/><E116/><V91/><F92/><W134/><G134/><T13/><D24/><U48/><E48/><V26/><F78/><W32/><G62/><T61/><D61/><U86/><E86/><V128/><F128/><W21/><G84/><T39/><D39/><U133/><E133/><V80/><F80/><W88/><G21/><RYUUKYOKU ba="0,1" sc="260,-10,317,30,173,-10,240,-10" hai1="4,15,27,31,35,38,42,45,49,53,58,102,103" /><INIT seed="1,1,1,0,3,52" ten="250,347,163,230" oya="1" hai0="108,123,127,110,16,77,90,85,3,34,48,58,12" hai1="111,51,100,46,135,44,66,30,134,59,92,5,117" hai2="116,7,89,27,22,41,91,105,31,86,8,78,14" hai3="122,23,130,83,24,65,10,73,75,6,15,133,106"/><U1/><E117/><V38/><F116/><W56/><G122/><T43/><D3/><U33/><E33/><V28/><F105/><W11/><G106/><T119/><D34/><U4/><E30/><V35/><F38/><W82/><G130/><T9/><D123/><U104/><E104/><V94/><F41/><W114/><G114/><T39/><D39/><U32/><E32/><V0/><F28/><W50/><G133/><N who="1" m="50698" /><E111/><N who="0" m="42537" /><D127/><U128/><E128/><V124/><F124/><W125/><G125/><T57/><D77/><U71/><E71/><V62/><F62/><N who="3" m="38087" /><G75/><T13/><D119/><U107/><E107/><V29/><F29/><N who="3" m="17567" /><G73/><T72/><D72/><U103/><E92/><V47/><F47/><N who="1" m="17961" /><E1/><V49/><F49/><W40/><G11/><N who="0" m="6175" /><D48/><U112/><E112/><V55/><F55/><W131/><G131/><T18/><D43/><U45/><E51/><V81/><REACH who="2" step="1"/><F94/><AGARI ba="1,1" hai="9,13,18,57,58,85,90,94" m="6175,42537" machi="94" ten="30,7700,0" yaku="14,1,52,2,54,1" doraHai="52" who="0" fromWho="2" sc="250,90,347,0,163,-80,230,0" /><INIT seed="2,0,0,2,5,28" ten="340,347,83,230" oya="2" hai0="103,106,51,12,25,121,30,74,57,134,11,71,36" hai1="23,53,61,70,108,38,8,1,66,94,89,127,52" hai2="124,20,125,43,84,92,116,93,128,35,48,63,101" hai3="129,33,96,41,50,119,55,126,83,45,135,46,42"/><V16/><F116/><W15/><G119/><T21/><D36/><U7/><E38/><V29/><F128/><W37/><G129/><T5/><D71/><U80/><E108/><V44/><F63/><W114/><G126/><N who="2" m="48745" /><F101/><W64/><G135/><T88/><D74/><U27/><E127/><V67/><F67/><W59/><G114/><T39/><D39/><U69/><E80/><V130/><F130/><W115/><G115/><T100/><D106/><U82/><E82/><V47/><F44/><W26/><G64/><T81/><D121/><U76/><E76/><V111/><F84/><W24/><G96/><T86/><D134/><U120/><E120/><V110/><F29/><W6/><G83/><T105/><D105/><U98/><REACH who="1" step="1"/><E69/><REACH who="1" ten="340,337,83,230" step="2"/><V49/><F49/><W112/><G112/><T19/><D5/><U40/><E40/><V22/><F35/><W13/><G33/><T87/><D87/><U18/><AGARI ba="0,1" hai="1,7,8,18,23,27,52,53,61,66,70,89,94,98" machi="18" ten="20,8000,1" yaku="1,1,0,1,7,1,54,1,53,1" doraHai="28" doraHaiUra="32" who="1" fromWho="1" sc="340,-20,337,90,83,-40,230,-20" /><INIT seed="3,0,0,3,5,42" ten="320,427,43,210" oya="3" hai0="4,36,113,78,76,94,87,52,114,77,19,12,63" hai1="1,98,131,20,107,34,16,9,96,120,56,69,109" hai2="72,28,89,67,48,126,66,61,93,65,64,57,134" hai3="18,13,92,10,90,24,100,108,5,68,33,23,122"/><W26/><G122/><T47/><D4/><U129/><E120/><V85/><F72/><W40/><G68/><T116/><D116/><U119/><E109/><V118/><F118/><W117/><G117/><T104/><D104/><U81/><E69/><V91/><F134/><W30/><G108/><T6/><D6/><N who="1" m="1231" /><E34/><V71/><F71/><W15/><G100/><T55/><D36/><U110/><E110/><V32/><F126/><W22/><G40/><T39/><D39/><U83/><E119/><V41/><F32/><W103/><G103/><T25/><D47/><U29/><E29/><V37/><F37/><W123/><G123/><T133/><D25/><U62/><E83/><V130/><F28/><N who="3" m="19591" /><G90/><T75/><D78/><U11/><E81/><V86/><N who="2" m="16384" /><DORA hai="128" /><V112/><F112/><W38/><G92/><T105/><D133/><U51/><E11/><V54/><F41/><W115/><G38/><T53/><D75/><U58/><E62/><V31/><F31/><W79/><G79/><T80/><D105/><U60/><E60/><V124/><F124/><W3/><G115/><N who="0" m="44043" /><D94/><U17/><E107/><V45/><F91/><W44/><G44/><T121/><D121/><U111/><E111/><V106/><F106/><W127/><G127/><T7/><D77/><U27/><E98/><V8/><F86/><W74/><G74/><T101/><D101/><U132/><E96/><V88/><F89/><W50/><G50/><T99/><D99/><U125/><E132/><V14/><F130/><N who="1" m="49673" /><E125/><V135/><F135/><W0/><AGARI ba="0,0" hai="0,3,5,10,13,15,18,22,23,26,30" m="19591" machi="0" ten="30,12000,1" yaku="35,5" doraHai="42,128" who="3" fromWho="3" sc="320,-40,427,-40,43,-40,210,120" /><INIT seed="3,1,0,2,5,20" ten="280,387,3,330" oya="3" hai0="102,73,120,99,91,124,130,40,76,58,70,116,6" hai1="44,84,28,115,34,5,65,62,123,11,22,17,134" hai2="18,37,52,3,0,47,122,21,25,132,96,29,125" hai3="72,75,94,121,61,16,98,9,59,23,93,19,83"/><W109/><G121/><T67/><D116/><U30/><E123/><V119/><F96/><W78/><G75/><T100/><D120/><U80/><E115/><V53/><F122/><W45/><G109/><T126/><D70/><U36/><E134/><V35/><F37/><W107/><G45/><T14/><D40/><U68/><E44/><V95/><F47/><W103/><G9/><T48/><D130/><U71/><E36/><V81/><F81/><W60/><G19/><T57/><D73/><U90/><E34/><V46/><F46/><W26/><G61/><T50/><D76/><U112/><E71/><V42/><F42/><W24/><G26/><T135/><D135/><U79/><E79/><V2/><F132/><W87/><G72/><T8/><D124/><U27/><E112/><V33/><F119/><W131/><G131/><T15/><D126/><U114/><E114/><V86/><F125/><W55/><AGARI ba="1,0" hai="16,23,24,55,59,60,78,83,87,93,94,98,103,107" machi="55" ten="20,7800,0" yaku="0,1,7,1,52,1,54,1" doraHai="20" who="3" fromWho="3" sc="280,-27,387,-27,3,-27,330,81" owari="253,-14.7,360,16.0,-24,-52.4,411,51.1" /></mjloggm>