<mjloggm ver="2.3"><GO type="225" lobby="0"/><UN n0="%E9%A6%AC%E5%BC%95%E7%81%AB%33" n1="%E3%80%90%E8%92%BC%E7%90%89%E3%80%91" n2="%E5%A4%8F%E9%88%B4%E9%88%B4%E5%A4%8F" n3="%E7%99%BD%E5%80%89%E5%AF%9B%E4%B9%8B" dan="16,16,16,16" rate="2089.50,2165.07,2113.65,2123.17" sx="M,F,F,M"/><TAIKYOKU oya="0"/><INIT seed="0,0,0,1,2,44" ten="250,250,250,250" oya="0" hai0="58,25,3,95,107,45,32,86,110,17,56,67,124" hai1="89,8,104,54,59,12,52,36,108,68,6,121,90" hai2="111,33,113,79,34,129,39,70,123,11,9,91,64" hai3="72,41,80,65,15,55,116,99,28,73,30,61,69"/><T48/><D107/><U27/><E121/><V87/><F123/><W82/><G116/><T16/><D3/><U128/><E68/><V22/><F113/><W77/><G41/><T75/><D75/><U18/><E36/><V7/><F39/><W21/><G99/><T71/><D71/><U10/><E104/><V98/><F79/><W57/><G21/><T96/><D124/><U66/><E108/><V62/><F111/><W134/><G134/><T51/><D110/><U4/><E128/><V60/><F129/><W103/><G103/><T115/><D115/><U93/><E27/><V13/><F22/><W76/><REACH who="3" step="1"/><G15/><REACH who="3" ten="250,250,250,240" step="2"/><T14/><D32/><U0/><E89/><V83/><F98/><W117/><G117/><T20/><D96/><U81/><E12/><V126/><F126/><W127/><G127/><T46/><D14/><U130/><E90/><V29/><F11/><W101/><G101/><T105/><D105/><U35/><E8/><V24/><F60/><AGARI ba="0,1" hai="28,30,55,57,60,61,65,69,72,73,76,77,80,82" machi="60" ten="30,3900,0" yaku="1,1,7,1,9,1,53,0" doraHai="44" doraHaiUra="112" who="3" fromWho="2" sc="250,0,250,0,250,-39,240,49" /><INIT seed="1,0,0,2,2,65" ten="250,250,211,289" oya="1" hai0="41,124,82,55,85,50,66,58,116,23,56,40,78" hai1="92,20,79,4,135,98,11,93,72,89,49,22,133" hai2="115,80,99,51,42,101,81,117,26,67,69,33,76" hai3="123,48,52,70,25,2,110,37,21,126,61,114,35"/><U45/><E79/><V32/><F117/><W43/><G2/><T95/><D116/><U94/><E72/><V104/><F115/><W19/><G114/><T13/><D124/><U120/><E120/><V109/><F109/><W18/><G35/><T112/><D112/><U63/><E63/><N who="2" m="40191" /><F33/><W84/><G110/><T107/><D107/><U3/><E93/><V119/><F119/><W27/><G126/><T134/><D134/><N who="1" m="51211" /><E92/><V16/><F16/><N who="3" m="12455" /><G27/><T96/><D66/><U30/><E30/><N who="2" m="19543" /><F76/><W105/><G84/><T47/><D40/><AGARI ba="0,0" hai="3,4,11,20,22,40,45,49,89,94,98" m="51211" machi="40" ten="30,1500,0" yaku="20,1" doraHai="65" who="1" fromWho="0" sc="250,-15,250,15,211,0,289,0" /><INIT seed="1,1,0,1,0,31" ten="235,265,211,289" oya="1" hai0="76,7,5,32,12,108,94,22,14,84,21,109,25" hai1="79,39,62,130,112,63,54,72,70,129,95,107,92" hai2="104,100,134,91,40,36,122,46,74,120,67,78,3" hai3="87,90,10,119,77,81,73,128,132,16,35,57,83"/><U133/><E107/><V114/><F134/><W56/><G132/><T68/><D68/><U29/><E112/><V99/><F114/><W42/><G128/><N who="1" m="49258" /><E39/><V65/><F91/><W117/><G42/><T89/><D76/><U24/><E133/><V102/><F102/><W53/><G35/><T19/><D32/><N who="1" m="20519" /><E54/><V37/><F37/><W55/><G55/><T45/><D45/><U0/><E0/><V86/><F86/><W127/><G127/><T9/><D22/><U51/><E51/><V33/><F65/><W4/><G16/><N who="0" m="12455" /><D12/><U82/><E70/><V13/><F13/><W115/><G115/><T17/><D17/><U105/><E105/><V110/><F110/><AGARI ba="1,0" hai="5,7,9,14,19,84,89,94,108,109,110" m="12455" machi="110" ten="30,2000,0" yaku="14,1,54,1" doraHai="31" who="0" fromWho="2" sc="235,23,265,0,211,-23,289,0" /><INIT seed="2,0,0,2,4,0" ten="258,265,188,289" oya="2" hai0="19,101,131,15,100,54,51,98,42,109,73,62,14" hai1="5,47,22,129,133,17,28,88,68,124,110,127,89" hai2="123,13,41,53,93,18,108,49,23,79,130,45,102" hai3="111,72,25,12,27,135,132,31,20,6,65,2,61"/><V26/><F123/><W37/><G37/><T39/><D73/><U99/><E110/><V9/><F130/><W83/><G72/><T46/><D109/><U16/><E129/><V77/><F108/><W71/><G83/><T113/><D113/><U125/><E133/><N who="3" m="51274" /><G111/><T112/><D112/><U21/><E68/><V56/><F93/><W11/><G27/><T84/><D131/><U40/><E5/><V106/><F106/><W119/><G119/><T8/><D62/><U92/><E89/><V75/><F102/><W85/><G85/><T1/><D1/><AGARI ba="0,0" hai="1,2,6,11,12,20,25,31,61,65,71" m="51274" machi="1" ten="30,2000,0" yaku="20,1,52,1" doraHai="0" who="3" fromWho="0" sc="258,-20,265,0,188,0,289,20" /><INIT seed="3,0,0,5,1,13" ten="238,265,188,309" oya="3" hai0="44,31,130,133,98,120,24,95,49,125,115,118,15" hai1="61,12,108,132,40,110,82,23,105,83,59,94,43" hai2="46,128,121,3,55,90,70,119,11,30,16,41,81" hai3="135,114,77,6,134,99,68,25,65,56,2,131,85"/><W58/><G114/><T117/><D120/><U32/><E32/><V104/><F119/><W127/><G127/><T84/><D125/><U103/><E105/><V51/><F128/><W67/><G131/><T87/><D130/><U10/><E132/><N who="3" m="50730" /><G25/><T74/><D74/><U8/><E23/><V1/><F121/><W69/><G99/><T129/><D98/><N who="1" m="59863" /><E8/><V75/><F104/><W33/><G33/><T88/><D24/><U5/><E40/><V39/><F70/><N who="3" m="27243" /><G6/><T28/><D115/><U80/><E43/><V35/><F30/><W113/><G2/><T50/><D28/><U101/><E101/><V78/><F90/><W20/><G20/><T93/><D88/><U26/><E26/><V122/><F35/><W64/><G113/><T7/><D31/><U92/><E92/><V22/><F11/><W79/><G79/><T9/><D7/><U14/><E14/><V72/><F72/><W27/><G27/><T66/><D15/><U47/><E12/><V36/><F122/><W45/><G45/><T96/><D44/><U62/><E47/><V0/><F22/><W17/><G17/><T109/><D9/><U37/><E10/><V63/><REACH who="2" step="1"/><F16/><REACH who="2" ten="238,265,178,309" step="2"/><W106/><G106/><T29/><D29/><U57/><E5/><V38/><F38/><W18/><G18/><T91/><D91/><U53/><E37/><V112/><F112/><W71/><G71/><T102/><D129/><U124/><E124/><V48/><F48/><W100/><G100/><T97/><D102/><U34/><E34/><V73/><F73/><W111/><G111/><T4/><D109/><RYUUKYOKU ba="0,1" sc="238,-30,265,10,178,10,309,10" hai1="53,57,59,61,62,80,82,83,108,110" hai2="0,1,3,36,39,41,46,51,55,63,75,78,81" hai3="56,58,64,65,67,77,85" owari="208,-19.2,275,7.5,188,-31.2,329,42.9" /></mjloggm>