<mjloggm ver="2.3"><GO type="225" lobby="0"/><UN n0="%E4%B8%AD%E5%B9%B4%E3%81%AE%E5%8D%B1%E6%A9%9F" n1="%E6%B4%BE%E9%81%A3%E3%81%AE%E3%82%B8%E3%83%A3%E3%83%83%E3%82%AF" n2="%E9%BB%99%E8%81%B4%E3%81%AE%E3%81%99%E3%82%9D%E3%82%81" n3="%E6%A1%9C%E8%8A%B1%E9%96%83%E3%80%85" dan="16,17,16,16" rate="2116.69,2197.41,2140.50,2111.10" sx="M,M,M,M"/><TAIKYOKU oya="0"/><INIT seed="0,0,0,2,1,98" ten="250,250,250,250" oya="0" hai0="56,30,68,78,89,85,22,2,131,16,117,95,4" hai1="107,122,71,100,123,26,94,11,66,129,47,69,103" hai2="84,61,21,33,120,70,105,67,109,8,63,6,108" hai3="52,13,87,9,20,93,49,116,75,127,43,77,48"/><T34/><D68/><U110/><E107/><V40/><F120/><W114/><G114/><T18/><D117/><U73/><E73/><V126/><F33/><W82/><G116/><T83/><D34/><U54/><E26/><V90/><F126/><W0/><G127/><T36/><D36/><U80/><E80/><V17/><F105/><W50/><G0/><T31/><D131/><U38/><E11/><V65/><F40/><W39/><G39/><T74/><D18/><U96/><E129/><V27/><F84/><W58/><G43/><T1/><D56/><U101/><E38/><V128/><F90/><N who="3" m="53471" /><G9/><T86/><D74/><U106/><E106/><V24/><F24/><W135/><G135/><T133/><D133/><U37/><E37/><V10/><F128/><W79/><G79/><T119/><D119/><U88/><E110/><N who="2" m="42603" /><F6/><W28/><G28/><N who="0" m="10795" /><D2/><U60/><REACH who="1" step="1"/><E71/><AGARI ba="0,0" hai="8,10,17,21,27,61,63,65,67,70,71" m="42603" machi="71" ten="30,1000,0" yaku="14,1" doraHai="98" who="2" fromWho="1" sc="250,0,250,-10,250,10,250,0" /><INIT seed="1,0,0,4,0,43" ten="250,240,260,250" oya="1" hai0="42,73,78,16,83,48,13,99,69,35,130,64,28" hai1="126,5,108,23,47,27,53,98,124,87,91,123,118" hai2="106,63,89,110,85,6,90,4,101,92,125,86,59" hai3="31,60,24,104,116,109,7,129,58,52,67,71,76"/><U100/><E118/><V19/><F110/><W80/><G109/><T77/><D130/><U51/><E108/><V75/><F75/><W2/><G104/><T30/><D35/><U54/><E5/><V96/><F19/><W72/><G129/><T49/><D78/><U119/><E119/><V74/><F74/><W36/><G36/><T111/><D111/><U128/><E128/><V15/><F15/><W26/><G116/><T22/><D99/><U122/><E54/><V61/><F125/><N who="1" m="48233" /><E87/><V82/><REACH who="2" step="1"/><F63/><REACH who="2" ten="250,240,250,250" step="2"/><W11/><REACH who="3" step="1"/><G31/><REACH who="3" ten="250,240,250,240" step="2"/><T114/><D30/><N who="1" m="17791" /><E91/><V3/><F3/><W121/><G121/><T18/><D28/><U84/><E84/><V20/><F20/><W102/><G102/><T1/><D1/><U56/><E122/><V45/><F45/><W62/><AGARI ba="0,2" hai="2,7,11,24,26,52,58,60,62,67,71,72,76,80" machi="62" ten="20,12000,2" yaku="1,1,0,1,7,1,54,1,53,2" doraHai="43" doraHaiUra="21" who="3" fromWho="3" sc="250,-30,240,-60,250,-30,240,140" /><INIT seed="2,0,0,0,4,53" ten="220,180,220,380" oya="2" hai0="56,117,124,40,23,48,1,78,100,98,110,44,82" hai1="21,128,32,4,47,67,115,96,107,28,42,88,66" hai2="74,134,31,89,135,118,79,58,131,11,51,130,123" hai3="27,33,20,132,76,6,30,46,29,71,77,8,59"/><V108/><F31/><W61/><G71/><T45/><D110/><U62/><E115/><V104/><F104/><W103/><G132/><N who="2" m="50729" /><F74/><W101/><G46/><T49/><D124/><U10/><E32/><V16/><F79/><N who="3" m="30283" /><G33/><T9/><D117/><U83/><E128/><N who="2" m="49195" /><F123/><W34/><G34/><T113/><D23/><U55/><E107/><V0/><F118/><W122/><G30/><T112/><D56/><N who="1" m="35103" /><E42/><V22/><F108/><W80/><G80/><T86/><D9/><U19/><E47/><V105/><F105/><W114/><G114/><T14/><D1/><U94/><E83/><V95/><F51/><W127/><G122/><T68/><D68/><U26/><E28/><V5/><F58/><W37/><G37/><T70/><D70/><U52/><E52/><V2/><F89/><W41/><G41/><T13/><D112/><U97/><E97/><V109/><F95/><W18/><G29/><T50/><D113/><U15/><AGARI ba="0,0" hai="4,10,15,19,21,26,66,67,88,94,96" m="35103" machi="15" ten="30,7900,0" yaku="25,1,8,1,52,1,54,1" doraHai="53" who="1" fromWho="1" sc="220,-20,180,79,220,-39,380,-20" /><INIT seed="3,0,0,1,4,86" ten="200,259,181,360" oya="3" hai0="57,63,135,112,44,129,88,79,134,54,101,32,2" hai1="127,81,110,99,117,53,15,98,83,85,3,39,100" hai2="75,58,72,77,8,25,103,102,47,69,21,10,91" hai3="125,9,119,66,18,61,22,30,51,118,92,14,105"/><W23/><G105/><T17/><D2/><U89/><E3/><V131/><F69/><W104/><G104/><T55/><D32/><U4/><E39/><V116/><F116/><W31/><G125/><T132/><D101/><U16/><E4/><V64/><F131/><W28/><G51/><T133/><N who="0" m="33792" /><DORA hai="50" /><T78/><D129/><U37/><E37/><V35/><F35/><W12/><G92/><T94/><D112/><U41/><E41/><V114/><F114/><W20/><REACH who="3" step="1"/><G14/><REACH who="3" ten="200,259,181,350" step="2"/><T93/><D93/><U40/><E15/><V124/><F124/><W87/><G87/><N who="0" m="52511" /><D17/><U65/><E16/><N who="2" m="12455" /><F75/><W46/><G46/><T113/><D113/><U121/><E127/><V73/><F73/><W96/><G96/><T48/><AGARI ba="0,1" hai="44,48,54,55,57,63,78,79" m="52511,33792" machi="48" ten="60,8000,1" yaku="20,1,52,3,54,1" doraHai="86,50" who="0" fromWho="0" sc="200,90,259,-20,181,-20,350,-40" owari="290,9.0,239,-16.1,161,-33.9,310,41.0" /></mjloggm>