<mjloggm ver="2.3"><GO type="225" lobby="0"/><UN n0="%70%68%65%6E%6F%6D%65" n1="%E3%81%95%E3%81%8D%E3%81%9F%E3%81%BE%E6%9E%97%E6%AA%8E" n2="%E3%81%A4%E3%81%A3%E3%81%B1%E3%82%8A%E3%83%9D%E3%83%BC%E3%83%AB" n3="%E5%B9%BB%E5%BD%B1%E3%81%AE%E9%9F%B3" dan="16,16,17,17" rate="2147.21,2085.37,2183.81,2226.67" sx="M,M,M,F"/><TAIKYOKU oya="0"/><INIT seed="0,0,0,4,4,88" ten="250,250,250,250" oya="0" hai0="54,68,64,16,95,104,29,52,97,37,77,76,9" hai1="12,2,4,100,72,83,25,75,131,113,86,31,13" hai2="73,50,43,19,81,39,62,20,98,78,128,24,44" hai3="90,65,18,112,94,60,71,42,48,108,57,32,109"/><T53/><D37/><U134/><E113/><V11/><F128/><W84/><G112/><T1/><D104/><U38/><E38/><V87/><F62/><W36/><G32/><T114/><D114/><U121/><E121/><V132/><F132/><W47/><REACH who="3" step="1"/><G18/><REACH who="3" ten="250,250,250,240" step="2"/><T126/><D126/><U41/><E134/><V10/><F39/><W51/><G51/><T35/><D35/><U8/><E131/><V110/><F110/><W6/><G6/><T58/><D29/><U7/><E7/><V93/><REACH who="2" step="1"/><F73/><REACH who="2" ten="250,250,240,240" step="2"/><W101/><G101/><AGARI ba="0,2" hai="10,11,19,20,24,43,44,50,78,81,87,93,98,101" machi="101" ten="30,8000,1" yaku="1,1,2,1,7,1,8,1,52,1,53,0" doraHai="88" doraHaiUra="111" who="2" fromWho="3" sc="250,0,250,0,240,100,240,-80" /><INIT seed="1,0,0,4,5,16" ten="250,250,340,160" oya="1" hai0="33,38,12,82,71,86,73,113,1,76,56,102,50" hai1="84,88,110,52,58,116,42,13,69,68,128,96,125" hai2="66,89,18,80,129,5,112,81,59,32,24,64,23" hai3="93,17,48,26,7,131,40,100,120,75,60,127,95"/><U101/><E116/><V98/><F112/><W108/><G75/><T57/><D38/><U111/><E125/><V22/><F129/><W122/><G127/><T135/><D1/><U44/><E128/><V121/><F32/><W94/><G131/><T133/><D113/><U9/><E44/><V29/><F5/><W117/><G117/><T103/><D71/><U51/><E42/><V78/><F121/><W47/><G7/><T31/><D73/><U20/><E96/><V79/><F59/><N who="0" m="22602" /><D50/><U30/><E101/><V61/><F61/><W115/><G115/><T91/><D12/><U72/><E72/><V8/><F8/><W25/><G108/><N who="1" m="41514" /><E30/><V54/><F54/><W107/><G60/><T39/><D39/><U92/><E20/><V87/><F98/><W65/><G65/><N who="2" m="25193" /><F81/><W49/><G49/><T53/><D53/><U105/><E105/><V6/><F6/><AGARI ba="0,0" hai="6,9,13,51,52,58,68,69,84,88,92" m="41514" machi="6" ten="30,11600,0" yaku="14,1,10,1,54,2" doraHai="16" who="1" fromWho="2" sc="250,0,250,116,340,-116,160,0" /><INIT seed="1,1,0,5,4,76" ten="250,366,224,160" oya="1" hai0="135,95,124,72,109,55,2,61,121,102,50,62,13" hai1="17,73,12,21,83,129,123,80,111,68,31,99,106" hai2="70,126,128,36,132,127,52,16,41,88,86,1,66" hai3="100,91,26,23,3,43,54,51,64,117,105,4,6"/><U93/><E123/><V29/><F1/><W10/><G6/><T20/><D2/><U67/><E106/><V112/><F128/><W11/><G11/><T84/><D72/><U63/><E129/><V78/><F78/><W46/><G117/><T37/><D37/><U118/><E73/><V115/><F29/><W5/><G5/><T53/><D121/><U87/><E118/><V33/><F33/><W25/><G64/><T114/><D114/><N who="2" m="43562" /><F132/><W65/><G65/><T74/><D74/><U103/><E111/><V45/><F52/><W101/><G105/><T134/><D109/><U108/><E108/><V22/><F66/><W15/><G3/><T58/><D124/><U28/><REACH who="1" step="1"/><E83/><REACH who="1" ten="250,356,224,160" step="2"/><N who="2" m="49247" /><F70/><W60/><G60/><T18/><D62/><U42/><E42/><V77/><F77/><AGARI ba="1,1" hai="12,17,21,28,31,63,67,68,77,80,87,93,99,103" machi="77" ten="30,5800,0" yaku="1,1,7,1,52,1,53,0" doraHai="76" doraHaiUra="85" who="1" fromWho="2" sc="250,0,356,71,224,-61,160,0" /><INIT seed="1,2,0,2,1,124" ten="250,427,163,160" oya="1" hai0="69,34,129,42,93,64,37,99,39,96,126,45,21" hai1="113,85,86,58,84,105,94,116,98,53,119,13,109" hai2="44,127,89,112,25,91,60,55,90,132,4,30,74" hai3="56,2,54,65,71,24,46,10,1,108,68,51,27"/><U131/><E113/><V17/><F127/><W82/><G108/><T77/><D34/><U122/><E105/><V38/><F112/><W11/><G82/><T28/><D126/><U29/><E122/><V7/><F74/><W118/><G118/><T81/><D39/><U14/><E29/><V103/><F132/><W72/><G72/><T135/><D135/><U9/><E109/><V80/><F103/><W134/><G134/><T101/><D99/><U128/><E53/><V70/><F17/><W18/><G1/><T111/><D111/><U75/><E75/><V123/><F123/><W12/><G2/><T35/><D35/><U104/><E104/><V125/><F125/><W48/><G10/><T16/><D28/><U88/><E58/><V130/><F80/><W52/><REACH who="3" step="1"/><G65/><REACH who="3" ten="250,427,163,150" step="2"/><T87/><D64/><U117/><E9/><V19/><F4/><W23/><G23/><T115/><D115/><U36/><E36/><V76/><F7/><W78/><G78/><T79/><D77/><U6/><E6/><V50/><F76/><W31/><G31/><T62/><D21/><U63/><E119/><V47/><F19/><W107/><G107/><T92/><D16/><U73/><E117/><V43/><F130/><W95/><G95/><N who="0" m="58527" /><D129/><U110/><E116/><V15/><F30/><W114/><G114/><T120/><D120/><U26/><E131/><V8/><F8/><W22/><G22/><T0/><D0/><U20/><E20/><V61/><F38/><W97/><G97/><T102/><D102/><N who="1" m="60759" /><E128/><V40/><F25/><AGARI ba="2,1" hai="11,12,18,24,25,27,46,48,51,52,54,56,68,71" machi="25" ten="40,2600,0" yaku="1,1,54,1,53,0" doraHai="124" doraHaiUra="133" who="3" fromWho="2" sc="250,0,427,0,163,-32,150,42" /><INIT seed="2,0,0,4,0,128" ten="250,427,131,192" oya="2" hai0="119,37,21,59,31,6,114,43,91,58,117,55,52" hai1="44,132,35,92,11,83,76,33,99,53,69,93,26" hai2="17,118,101,110,41,19,109,48,54,23,98,50,111" hai3="121,29,129,103,130,5,125,66,135,113,8,1,108"/><V27/><F118/><N who="0" m="45066" /><D114/><U72/><E69/><V38/><F54/><N who="0" m="20522" /><D6/><U65/><E65/><V61/><F61/><W126/><G66/><T80/><D37/><U34/><E11/><V106/><REACH who="2" step="1"/><F19/><REACH who="2" ten="250,427,121,192" step="2"/><W78/><G121/><T15/><D43/><U47/><E26/><V60/><F60/><W104/><G113/><T134/><D134/><U16/><E53/><V84/><F84/><W96/><G135/><T40/><D40/><U68/><E16/><V70/><F70/><W115/><G115/><T3/><D3/><U39/><E132/><V97/><F97/><W94/><G29/><T95/><D15/><U122/><E99/><V64/><F64/><W105/><G78/><T100/><D58/><U13/><E68/><V18/><F18/><W56/><G56/><T4/><D59/><U7/><E76/><V74/><F74/><W131/><G108/><T49/><D4/><U30/><E7/><V67/><F67/><W123/><G123/><T73/><D73/><U89/><E72/><V46/><AGARI ba="0,1" hai="17,23,27,38,41,46,48,50,98,101,106,109,110,111" machi="46" ten="40,12000,1" yaku="1,1,0,1,14,1,10,1,53,0" doraHai="128" doraHaiUra="10" who="2" fromWho="2" sc="250,-40,427,-40,121,130,192,-40" /><INIT seed="2,1,0,4,5,31" ten="210,387,251,152" oya="2" hai0="30,128,108,133,77,100,63,80,126,95,36,98,103" hai1="53,97,96,110,114,18,15,58,5,34,41,132,68" hai2="87,6,44,125,9,83,38,85,71,22,11,130,42" hai3="51,90,117,118,62,50,29,24,89,1,64,121,78"/><V74/><F71/><W107/><G1/><T45/><D108/><U109/><E68/><V69/><F69/><W73/><G73/><T23/><D126/><U76/><E114/><V27/><F125/><W113/><G78/><T47/><D128/><U79/><E34/><V56/><F130/><W39/><G39/><T26/><D133/><U16/><E132/><V3/><F11/><W20/><G107/><T61/><D100/><U0/><E41/><V35/><F56/><W25/><G113/><T48/><D36/><U70/><E70/><V82/><F35/><W124/><G124/><T115/><D115/><U116/><E116/><V66/><F66/><W12/><G12/><T13/><D13/><U55/><E55/><V52/><F52/><W134/><G134/><T135/><D135/><U21/><E18/><N who="2" m="12759" /><F83/><W65/><G29/><T49/><D48/><N who="3" m="18473" /><G121/><T106/><D106/><U60/><E5/><V17/><F17/><N who="3" m="12303" /><G25/><T33/><D33/><U37/><E37/><V40/><F40/><W122/><G122/><T59/><D49/><U28/><E28/><V129/><F129/><W111/><G111/><N who="1" m="42506" /><E0/><V102/><F3/><W75/><G75/><T43/><D43/><U120/><E120/><V127/><F74/><W101/><G101/><T88/><D103/><U92/><E97/><V105/><F127/><W131/><G131/><T46/><REACH who="0" step="1"/><D59/><REACH who="0" ten="200,387,251,152" step="2"/><U7/><E58/><V112/><F112/><W91/><G62/><T84/><AGARI ba="1,1" hai="23,26,30,45,46,47,61,63,77,80,84,88,95,98" machi="84" ten="30,12000,2" yaku="1,1,2,1,0,1,8,1,54,1,53,2" doraHai="31" doraHaiUra="57" who="0" fromWho="0" sc="200,133,387,-31,251,-61,152,-31" /><INIT seed="3,0,0,5,3,80" ten="333,356,190,121" oya="3" hai0="56,12,1,36,130,20,79,133,114,57,3,41,104" hai1="32,24,27,49,70,16,53,60,44,86,48,14,100" hai2="102,4,107,127,116,69,23,9,125,59,39,121,115" hai3="87,58,63,81,124,50,55,34,117,25,29,97,22"/><W62/><G124/><N who="2" m="47689" /><F69/><W91/><G117/><T61/><D104/><U54/><E100/><V68/><F68/><W95/><REACH who="3" step="1"/><G34/><REACH who="3" ten="333,356,190,111" step="2"/><T28/><D114/><U42/><E32/><V7/><F115/><W17/><G17/><T5/><D130/><U71/><E71/><V88/><F116/><W46/><G46/><T132/><D133/><U66/><E42/><V78/><F121/><W40/><G40/><T94/><D41/><U90/><E44/><V18/><F18/><W65/><G65/><T84/><D132/><U77/><E70/><V72/><F7/><W73/><G73/><T21/><D5/><U85/><E66/><V19/><F72/><W10/><G10/><T82/><D21/><U128/><E16/><V113/><F23/><W108/><G108/><T83/><D20/><U13/><E128/><V0/><F113/><W15/><G15/><T52/><D12/><U119/><E119/><V134/><F134/><W131/><G131/><T30/><D1/><U122/><E122/><V64/><F4/><W31/><G31/><T98/><D3/><U106/><E13/><V45/><F0/><W123/><G123/><T6/><D6/><U89/><E14/><V105/><F19/><W93/><G93/><T33/><D33/><U38/><E106/><V8/><F8/><W135/><G135/><T51/><D28/><U96/><E27/><V111/><F107/><W92/><G92/><T37/><D30/><U35/><E24/><V120/><F9/><W11/><G11/><T67/><D83/><U43/><E35/><V118/><F120/><W109/><G109/><RYUUKYOKU ba="0,1" sc="333,15,356,-15,190,-15,111,15" hai0="36,37,51,52,56,57,61,67,79,82,84,94,98" hai3="22,25,29,50,55,58,62,63,81,87,91,95,97" /><INIT seed="3,1,1,0,1,2" ten="348,341,175,126" oya="3" hai0="8,85,72,42,127,66,83,117,92,63,48,102,100" hai1="134,45,105,103,38,12,15,110,16,79,108,115,65" hai2="5,61,59,121,1,11,131,43,22,84,58,24,69" hai3="52,3,39,87,93,36,111,128,135,90,125,6,20"/><W114/><G114/><T89/><D117/><U73/><E134/><V57/><F131/><W120/><G120/><T76/><D127/><U101/><E115/><V70/><F121/><W49/><G135/><T47/><D8/><U32/><E32/><V34/><F34/><W130/><G125/><T40/><D40/><N who="1" m="22679" /><E105/><V129/><F129/><N who="3" m="49771" /><G111/><N who="1" m="42538" /><E65/><V30/><F43/><W71/><G71/><AGARI ba="1,1" hai="42,47,48,63,66,71,72,76,83,85,89,92,100,102" machi="71" ten="30,1000,0" yaku="7,1" doraHai="2" who="0" fromWho="3" sc="348,23,341,0,175,0,126,-13" owari="371,47.1,341,14.1,175,-22.5,113,-38.7" /></mjloggm>