<mjloggm ver="2.3"><GO type="225" lobby="0"/><UN n0="%E4%B8%89%E5%88%86%E5%B0%8F%E5%83%A7" n1="%E5%8D%A0%E3%81%84%E5%B8%AB%E8%A3%8F%E3%81%AA%E3%81%84%E3%81%97" n2="%77%72%77%72%77%72%77%72" n3="%E5%A4%8F%E9%88%B4%E9%88%B4%E5%A4%8F" dan="16,17,16,16" rate="2032.28,2237.77,2151.21,2128.41" sx="M,M,M,F"/><TAIKYOKU oya="0"/><INIT seed="0,0,0,2,2,2" ten="250,250,250,250" oya="0" hai0="95,4,84,29,90,39,66,91,77,74,61,58,33" hai1="44,122,132,64,38,108,116,78,11,10,110,94,131" hai2="56,102,120,104,75,86,31,126,98,73,105,96,125" hai3="128,130,20,27,46,99,69,92,62,57,79,7,106"/><T87/><D39/><U19/><E116/><V103/><F31/><W9/><G106/><T88/><D74/><N who="2" m="28170" /><F56/><W129/><G79/><T18/><D18/><U118/><E118/><V51/><F51/><W111/><G46/><T52/><D4/><U12/><E122/><V23/><F23/><W17/><G69/><T26/><REACH who="0" step="1"/><D66/><REACH who="0" ten="240,250,250,250" step="2"/><U124/><E64/><V89/><F120/><W83/><G111/><T71/><D71/><U63/><E110/><V37/><F37/><W50/><G128/><T100/><D100/><U55/><E131/><V1/><F1/><W28/><G130/><T22/><D22/><U97/><E38/><V43/><F43/><W82/><G129/><T85/><D85/><U54/><E108/><V6/><F6/><W3/><G17/><T112/><D112/><U24/><E19/><V48/><F48/><W65/><REACH who="3" step="1"/><G50/><REACH who="3" ten="240,250,250,240" step="2"/><T93/><D93/><AGARI ba="0,2" hai="86,89,93,96,98,102,103,104,105,125,126" m="28170" machi="93" ten="30,2000,0" yaku="34,2" doraHai="2" who="2" fromWho="0" sc="240,-20,250,0,250,40,240,0" /><INIT seed="1,0,0,0,4,17" ten="220,250,290,240" oya="1" hai0="15,126,131,99,96,51,35,79,105,0,56,27,5" hai1="120,28,117,48,110,115,55,22,133,76,85,113,101" hai2="64,18,7,111,102,43,3,9,52,125,34,92,121" hai3="67,66,81,39,32,46,86,49,23,104,57,1,36"/><U60/><E117/><V26/><F121/><W25/><G104/><T116/><D116/><U122/><E101/><V37/><F64/><W82/><G1/><T70/><D70/><U53/><E76/><V11/><F111/><W40/><G32/><T83/><D0/><U14/><E110/><V112/><F125/><W72/><G72/><T13/><D126/><U106/><E106/><V107/><F107/><W47/><G82/><T135/><D131/><U30/><E85/><V118/><F118/><W134/><G134/><T2/><D2/><U98/><E98/><V114/><F43/><W42/><G49/><T19/><D135/><U73/><E133/><V130/><F37/><W41/><G57/><T77/><D5/><U78/><E78/><V93/><F130/><W45/><G39/><T132/><D79/><U88/><E60/><V65/><F65/><W109/><G36/><T16/><D132/><U129/><E129/><V90/><F102/><W119/><G109/><T58/><D105/><U100/><E100/><V69/><F69/><W4/><G4/><T29/><D15/><U38/><E38/><V97/><F93/><W31/><G119/><T54/><D58/><U61/><E73/><V71/><F71/><W74/><G74/><T84/><REACH who="0" step="1"/><D19/><REACH who="0" ten="210,250,290,240" step="2"/><N who="1" m="10615" /><E122/><V123/><F123/><W75/><G75/><T87/><D87/><U59/><E120/><V62/><F3/><W24/><G24/><T12/><D12/><U91/><E115/><V128/><F112/><W6/><G6/><T124/><D124/><U127/><E127/><V33/><F114/><W68/><G68/><RYUUKYOKU ba="0,1" sc="210,15,250,-15,290,-15,240,15" hai0="13,16,27,29,35,51,54,56,77,83,84,96,99" hai3="23,25,31,40,41,42,45,46,47,66,67,81,86" /><INIT seed="2,1,1,4,5,85" ten="225,235,275,255" oya="2" hai0="122,87,112,39,120,64,109,98,15,32,115,114,55" hai1="95,77,28,65,16,42,43,117,84,73,89,40,34" hai2="121,2,79,9,22,118,124,3,26,80,20,63,41" hai3="29,106,11,31,99,62,103,128,5,93,21,111,51"/><V75/><F118/><W131/><G111/><T4/><D32/><U50/><E117/><V78/><F121/><N who="0" m="46698" /><D15/><U134/><E134/><V27/><F124/><W25/><G31/><T30/><D4/><U116/><E116/><V53/><F41/><W96/><G51/><T1/><D30/><U132/><E132/><V113/><F113/><N who="0" m="28930" /><T107/><DORA hai="54" /><D1/><U8/><E73/><V67/><F53/><W101/><REACH who="3" step="1"/><G62/><REACH who="3" ten="225,235,275,245" step="2"/><T60/><D39/><U125/><E28/><V133/><F63/><W48/><G48/><T92/><D55/><U130/><E125/><V94/><F133/><W135/><G135/><T56/><D60/><U123/><E123/><V33/><F67/><W70/><G70/><T127/><D64/><U12/><E65/><V45/><F33/><W66/><G66/><T61/><D61/><U18/><E34/><V23/><F45/><W19/><G19/><T81/><D56/><U69/><E69/><V57/><F57/><W38/><G38/><T100/><D127/><U71/><E71/><V72/><F26/><W47/><G47/><T44/><D44/><U102/><E50/><V126/><F27/><W10/><G10/><T35/><D35/><U36/><E36/><V68/><F68/><W7/><G7/><T129/><D109/><U105/><E18/><V14/><F126/><W0/><AGARI ba="1,2" hai="0,5,11,21,25,29,93,96,99,101,103,106,128,131" machi="0" ten="30,4000,0" yaku="1,1,0,1,53,1" doraHai="85,54" doraHaiUra="88,82" who="3" fromWho="3" sc="225,-11,235,-11,275,-21,245,63" /><INIT seed="3,0,0,3,0,98" ten="214,224,254,308" oya="3" hai0="18,84,8,111,107,9,45,47,73,97,83,130,112" hai1="86,118,82,91,58,101,10,121,94,43,21,95,52" hai2="108,127,19,24,93,30,3,100,120,77,80,103,50" hai3="38,76,53,12,105,114,68,61,1,40,57,25,104"/><W124/><G114/><T35/><D73/><U36/><E121/><V72/><F3/><W23/><G1/><T63/><D112/><U37/><E10/><V115/><F115/><W65/><G124/><T46/><D111/><U132/><E132/><V88/><F108/><W81/><G12/><T7/><D130/><U62/><E118/><V60/><F120/><W44/><G23/><T131/><D131/><U51/><E43/><V116/><F116/><W85/><G25/><T27/><D63/><AGARI ba="0,0" hai="38,40,44,53,57,61,63,65,68,76,81,85,104,105" machi="63" ten="30,1500,0" yaku="7,1" doraHai="98" who="3" fromWho="0" sc="214,-15,224,0,254,0,308,15" owari="199,-30.1,224,-17.6,254,5.4,323,42.3" /></mjloggm>