<mjloggm ver="2.3"><GO type="225" lobby="0"/><UN n0="%E6%98%93%E5%88%A9%E8%96%A9%E4%BC%AF" n1="%E3%81%99%E3%81%84%E3%81%BE%E3%81%9B%E3%83%BC%E3%82%93" n2="%E9%A6%AC%E5%BC%95%E7%81%AB%33" n3="%E6%A1%9C%E6%B2%A2%E5%A2%A8" dan="17,18,16,17" rate="2164.94,2231.09,2121.43,2129.97" sx="F,M,M,F"/><TAIKYOKU oya="0"/><INIT seed="0,0,0,4,5,114" ten="250,250,250,250" oya="0" hai0="124,131,78,129,21,12,37,105,86,121,93,89,83" hai1="74,102,125,80,115,108,127,17,63,82,6,31,116" hai2="68,61,110,14,1,30,13,55,4,28,101,92,38" hai3="112,29,43,41,132,65,23,22,42,36,24,56,109"/><T0/><D37/><U103/><E115/><V69/><F110/><W75/><G112/><T99/><D0/><U2/><E31/><V111/><F111/><W18/><G109/><T87/><D121/><U7/><E108/><V130/><F130/><N who="0" m="49674" /><D21/><U113/><E113/><V25/><F38/><W54/><G75/><N who="0" m="43487" /><D12/><U34/><E34/><V57/><F1/><W32/><G132/><T49/><D49/><U95/><E74/><V120/><F120/><W66/><G36/><T27/><D27/><U44/><E2/><V119/><F28/><W8/><G8/><T47/><D47/><U53/><E44/><V135/><F135/><W128/><G128/><T9/><D9/><U26/><E26/><V122/><F122/><W123/><G123/><T15/><D15/><U33/><E33/><V70/><F4/><W100/><G32/><T133/><D133/><U59/><E17/><V5/><F5/><W19/><G29/><T10/><D10/><U46/><E46/><V91/><F101/><W76/><G100/><N who="0" m="62623" /><D87/><U60/><E7/><V39/><F39/><W96/><G23/><T58/><D58/><U52/><E59/><V97/><F14/><W16/><G24/><T98/><D98/><U88/><E6/><V118/><REACH who="2" step="1"/><F13/><REACH who="2" ten="250,250,240,250" step="2"/><W84/><G19/><T107/><D107/><U35/><E35/><AGARI ba="0,1" hai="25,30,35,55,57,61,68,69,70,91,92,97,118,119" machi="35" ten="40,8000,1" yaku="1,1,2,1,52,2,53,1" doraHai="114" doraHaiUra="94" who="2" fromWho="1" sc="250,0,250,-80,240,90,250,0" /><INIT seed="1,0,0,4,4,91" ten="250,170,330,250" oya="1" hai0="101,41,9,46,2,127,132,12,129,32,28,23,106" hai1="11,100,43,120,39,112,81,135,4,90,92,87,38" hai2="45,76,35,64,65,93,51,115,79,57,7,94,88" hai3="113,31,134,47,73,111,42,6,66,96,71,40,75"/><U68/><E112/><V34/><F115/><W83/><G113/><T70/><D70/><U22/><E120/><V126/><F126/><W50/><G111/><T49/><D127/><U97/><E68/><V3/><F3/><W104/><G134/><T8/><D129/><U21/><E135/><V130/><F130/><W10/><G42/><T114/><D114/><U116/><E116/><V117/><F117/><W58/><G71/><T19/><D132/><U99/><E99/><V36/><F36/><W14/><G31/><T125/><D125/><U84/><E84/><V5/><F57/><W109/><G109/><T16/><D2/><U80/><E80/><V33/><F33/><W121/><G121/><T20/><D28/><U95/><E81/><V52/><F88/><W15/><G15/><T60/><D60/><U25/><E43/><V78/><F78/><W63/><REACH who="3" step="1"/><G83/><REACH who="3" ten="250,170,330,240" step="2"/><T86/><D32/><U85/><E85/><V89/><F34/><W48/><G48/><T55/><D86/><U44/><E44/><V69/><F69/><W37/><G37/><T105/><D41/><U133/><E133/><V72/><F35/><W98/><G98/><T54/><D49/><U124/><E124/><V24/><F51/><W128/><G128/><T59/><D12/><N who="1" m="5223" /><E39/><V53/><F79/><W17/><G17/><T27/><D19/><N who="1" m="12479" /><E38/><V56/><F76/><W13/><G13/><T102/><D16/><U122/><E122/><V26/><F26/><W131/><G131/><T110/><D27/><U61/><E61/><V107/><F24/><W108/><G108/><T82/><D110/><RYUUKYOKU ba="0,1" sc="250,-15,170,15,330,-15,240,15" hai1="22,87,90,92,95,97,100" hai3="6,10,14,40,47,50,58,63,66,73,75,96,104" /><INIT seed="1,1,1,5,1,14" ten="235,185,315,255" oya="1" hai0="105,67,110,7,39,20,70,87,49,80,8,42,0" hai1="25,74,17,86,111,119,123,59,85,2,73,104,109" hai2="128,134,35,116,37,121,46,24,31,89,99,75,126" hai3="53,68,28,125,130,124,13,32,57,55,97,45,82"/><U92/><E2/><V96/><F116/><W34/><G68/><T71/><D39/><U81/><E119/><V79/><F121/><W58/><G130/><T56/><D105/><U90/><E104/><V18/><F128/><W133/><G133/><T64/><D110/><N who="1" m="41995" /><E123/><V10/><F134/><W117/><G117/><T112/><D112/><U63/><E25/><V62/><F126/><W106/><G45/><T1/><D1/><U52/><E17/><V93/><F62/><W103/><G82/><T132/><D132/><U107/><E107/><V15/><F79/><AGARI ba="1,1" hai="52,59,63,73,74,79,81,85,86,90,92" m="41995" machi="79" ten="30,5800,0" yaku="14,1,10,1,54,1" doraHai="14" who="1" fromWho="2" sc="235,0,185,71,315,-61,255,0" /><INIT seed="1,2,0,3,4,44" ten="235,256,254,255" oya="1" hai0="26,2,66,80,1,16,116,14,50,30,77,11,9" hai1="19,3,117,18,124,121,57,96,91,131,23,42,53" hai2="38,104,135,63,45,52,100,89,81,134,15,129,74" hai3="133,75,32,94,93,127,115,87,40,97,107,60,12"/><U25/><E117/><V79/><F129/><W51/><G75/><T61/><D116/><U85/><E121/><V13/><F89/><W84/><G115/><T78/><D11/><U70/><E70/><V49/><F38/><W62/><G32/><T56/><D78/><U132/><E131/><V20/><F63/><N who="3" m="24107" /><G107/><T118/><D118/><U112/><E112/><V35/><F35/><W7/><G133/><N who="2" m="50697" /><F20/><W24/><G24/><T47/><D26/><U126/><E132/><V95/><F104/><W36/><G36/><T64/><D64/><U68/><E68/><V113/><F113/><W0/><G0/><T106/><D30/><U99/><E3/><V72/><F74/><W82/><G127/><N who="1" m="48682" /><E42/><V71/><F71/><W92/><G97/><AGARI ba="2,0" hai="13,15,45,49,52,72,79,81,95,97,100" m="50697" machi="97" ten="30,3900,0" yaku="20,1,52,1,54,1" doraHai="44" who="2" fromWho="3" sc="235,0,256,0,254,45,255,-45" /><INIT seed="2,0,0,0,5,82" ten="235,256,299,210" oya="2" hai0="100,47,63,70,126,46,132,10,96,26,34,99,67" hai1="38,102,25,84,23,1,123,6,19,97,61,107,73" hai2="27,35,68,80,12,37,90,134,29,42,115,22,28" hai3="33,122,106,117,135,116,54,60,133,45,119,8,0"/><V17/><F115/><W79/><G106/><N who="0" m="63751" /><D99/><U48/><E73/><V41/><F68/><W3/><G33/><T114/><D114/><U7/><E38/><V30/><F134/><N who="3" m="51211" /><G122/><T92/><D92/><U36/><E36/><V71/><F71/><W72/><G8/><T101/><D101/><U131/><E131/><V16/><F37/><W129/><G129/><T120/><D120/><U21/><E1/><N who="3" m="586" /><G45/><T76/><D76/><U130/><E123/><V66/><F66/><W49/><G60/><T53/><D132/><U109/><E61/><V74/><F35/><W64/><G64/><T13/><D53/><U15/><E130/><V52/><F52/><W111/><G54/><T112/><D112/><U98/><E48/><V62/><F62/><W51/><G111/><T93/><D93/><U9/><E109/><V108/><F108/><W86/><G72/><T87/><D87/><U124/><E84/><N who="2" m="50439" /><F74/><W58/><G58/><T89/><D47/><U125/><E98/><V128/><F128/><W57/><G57/><T103/><D46/><U105/><E105/><V55/><F55/><W20/><G20/><AGARI ba="0,0" hai="12,16,17,20,22,27,28,29,30,41,42" m="50439" machi="20" ten="30,5800,0" yaku="8,1,52,1,54,1" doraHai="82" who="2" fromWho="3" sc="235,0,256,0,299,58,210,-58" /><INIT seed="2,1,0,0,4,53" ten="235,256,357,152" oya="2" hai0="52,69,114,76,124,116,44,88,127,27,15,1,55" hai1="80,5,61,26,45,46,7,70,47,2,22,77,50" hai2="67,75,4,102,115,86,108,59,107,78,99,84,72" hai3="133,16,21,11,43,32,95,64,110,23,10,18,29"/><V34/><F34/><W79/><G110/><T33/><D1/><U120/><E120/><V122/><F115/><W119/><G119/><T24/><D69/><U51/><E2/><V30/><F30/><W117/><G117/><T41/><D76/><U13/><E70/><V101/><F4/><W39/><G133/><T109/><D114/><U130/><E130/><V131/><F122/><W90/><G79/><T89/><D15/><U17/><E61/><V128/><F67/><W42/><G64/><T134/><D134/><U83/><E83/><V126/><F78/><W58/><G29/><T25/><D33/><U125/><E125/><N who="0" m="48201" /><D109/><U97/><E97/><V81/><F108/><W3/><G32/><T63/><D116/><U0/><E0/><V82/><F126/><W104/><G104/><T12/><D12/><U19/><E7/><V57/><F99/><W35/><G35/><T105/><D105/><AGARI ba="1,0" hai="57,59,72,75,81,82,84,86,101,102,105,107,128,131" machi="105" ten="25,9600,0" yaku="22,2,52,2" doraHai="53" who="2" fromWho="0" sc="235,-99,256,0,357,99,152,0" /><INIT seed="2,2,0,1,1,53" ten="136,256,456,152" oya="2" hai0="102,131,110,9,115,47,125,29,58,41,24,37,44" hai1="45,12,123,56,38,85,79,61,95,113,23,36,63" hai2="10,71,74,22,106,68,101,32,40,4,133,16,1" hai3="70,117,75,135,69,34,72,100,17,116,82,84,28"/><V93/><F32/><W8/><G100/><T109/><D115/><U19/><E113/><V59/><F106/><W39/><G39/><T21/><D131/><U103/><E123/><V18/><F74/><W0/><G135/><T111/><D125/><U127/><E127/><V105/><F105/><W112/><G112/><T104/><D44/><U119/><E119/><N who="3" m="45642" /><G17/><T35/><D9/><U43/><E38/><V76/><F76/><N who="3" m="44319" /><G84/><T77/><D77/><U96/><E79/><V134/><F40/><W13/><G13/><T54/><D104/><U52/><E85/><V80/><F80/><W46/><G46/><T20/><REACH who="0" step="1"/><D102/><REACH who="0" ten="126,256,456,152" step="2"/><U92/><E45/><V60/><F101/><W27/><G72/><T99/><D99/><U3/><E96/><V11/><F11/><W129/><G129/><T62/><AGARI ba="2,1" hai="20,21,24,29,35,37,41,47,54,58,62,109,110,111" machi="62" ten="30,7900,0" yaku="1,1,0,1,14,1,52,1,53,0" doraHai="53" doraHaiUra="6" who="0" fromWho="0" sc="126,95,256,-22,456,-41,152,-22" /><INIT seed="3,0,0,1,2,51" ten="221,234,415,130" oya="3" hai0="20,106,87,76,85,127,52,125,126,2,68,38,21" hai1="108,27,4,23,84,3,97,32,93,72,30,5,49" hai2="133,14,90,13,58,128,62,121,124,110,115,0,46" hai3="8,103,40,37,113,66,69,100,7,92,98,73,119"/><W64/><G113/><T63/><D106/><U129/><E72/><V45/><F0/><W96/><G119/><T61/><D38/><U86/><E108/><V28/><F110/><W132/><G132/><T79/><D2/><U6/><E129/><V67/><F124/><W134/><G134/><T118/><D118/><U9/><E32/><V112/><F133/><W102/><G73/><T11/><D11/><U56/><E9/><V48/><F128/><W33/><G33/><T130/><D130/><U107/><E107/><V10/><F121/><W81/><G81/><T16/><D68/><U12/><E12/><V29/><F115/><W60/><G66/><T25/><D21/><U26/><E26/><V18/><F112/><W50/><G37/><T36/><D36/><U101/><E3/><V22/><F90/><W53/><G40/><T91/><D87/><U44/><E56/><V24/><F13/><W78/><G78/><N who="0" m="29739" /><D52/><AGARI ba="0,0" hai="4,5,6,23,27,30,44,49,52,84,86,93,97,101" machi="52" ten="40,5200,0" yaku="8,1,52,1,54,1" doraHai="51" who="1" fromWho="0" sc="221,-52,234,52,415,0,130,0" owari="169,-23.1,286,8.6,415,51.5,130,-37.0" /></mjloggm>