<mjloggm ver="2.3"><GO type="225" lobby="0"/><UN n0="%E7%99%BD%E5%80%89%E5%AF%9B%E4%B9%8B" n1="%E5%A4%8F%E9%88%B4%E9%88%B4%E5%A4%8F" n2="%E3%80%90%E8%92%BC%E7%90%89%E3%80%91" n3="%E9%A6%AC%E5%BC%95%E7%81%AB%33" dan="16,16,16,16" rate="2179.65,2097.26,2176.15,2112.66" sx="M,F,F,M"/><TAIKYOKU oya="0"/><INIT seed="0,0,0,2,3,40" ten="250,250,250,250" oya="0" hai0="43,99,73,20,12,124,18,31,133,25,72,98,52" hai1="55,21,126,71,22,101,97,108,13,102,17,77,83" hai2="85,44,54,2,32,50,27,121,16,39,89,37,7" hai3="61,107,60,131,3,82,19,6,65,36,66,76,35"/><T1/><D1/><U67/><E108/><V84/><F121/><W134/><G107/><T0/><D0/><U112/><E126/><V47/><F84/><W135/><G35/><T106/><D124/><U123/><E123/><V10/><F44/><W93/><G131/><T24/><D133/><N who="3" m="50697" /><G36/><T9/><D43/><U58/><E71/><V122/><F122/><W90/><G19/><T120/><D120/><U74/><E67/><N who="3" m="25610" /><G6/><T128/><D128/><U103/><E112/><V104/><F104/><W70/><G3/><T94/><D106/><U14/><E97/><V15/><F27/><W113/><G70/><T59/><D25/><U51/><REACH who="1" step="1"/><E13/><REACH who="1" ten="250,240,250,250" step="2"/><V8/><REACH who="2" step="1"/><F32/><REACH who="2" ten="250,240,240,250" step="2"/><W78/><G113/><T30/><D99/><U46/><E46/><V68/><F68/><W56/><G56/><T80/><D80/><AGARI ba="0,2" hai="2,7,8,10,15,16,37,39,47,50,54,80,85,89" machi="80" ten="30,12000,2" yaku="1,1,7,1,25,2,52,1,54,1,53,1" doraHai="40" doraHaiUra="79" who="2" fromWho="0" sc="250,-120,240,0,240,140,250,0" /><INIT seed="1,0,0,4,2,129" ten="130,240,380,250" oya="1" hai0="96,103,118,108,23,116,67,83,82,37,51,114,9" hai1="43,73,98,102,61,3,110,68,90,49,125,92,77" hai2="1,121,26,7,58,25,131,105,126,27,117,38,74" hai3="11,89,135,84,52,132,122,28,91,72,15,71,10"/><U60/><E3/><V50/><F38/><W70/><G122/><T79/><D37/><U53/><E125/><V99/><F74/><W45/><G72/><T63/><D114/><U31/><E110/><V101/><F117/><W124/><G28/><T24/><D108/><U13/><E31/><V104/><F131/><W112/><G112/><T2/><D51/><U55/><E43/><V54/><F126/><W106/><G106/><T94/><D2/><U30/><E30/><V86/><F121/><W59/><G45/><T12/><D116/><U134/><E68/><V48/><F86/><W35/><G35/><T22/><D118/><U100/><E73/><V107/><F48/><N who="3" m="31111" /><G124/><T0/><D0/><U20/><E77/><V34/><F34/><W6/><G11/><T36/><D36/><U19/><E134/><N who="3" m="51242" /><G91/><T47/><D47/><N who="1" m="27839" /><E55/><V69/><F107/><W5/><G5/><T75/><D83/><AGARI ba="0,0" hai="6,10,15,70,71,83,84,89" m="51242,31111" machi="83" ten="30,8000,1" yaku="20,1,52,3,54,1" doraHai="129" who="3" fromWho="0" sc="130,-80,240,0,380,0,250,80" /><INIT seed="2,0,0,2,1,33" ten="50,240,380,330" oya="2" hai0="84,11,35,67,83,27,10,107,37,43,45,60,34" hai1="104,14,18,135,76,58,36,66,113,91,126,112,88" hai2="48,47,72,115,57,103,99,64,122,121,21,17,100" hai3="62,93,32,106,61,111,82,12,2,28,79,78,51"/><V128/><F72/><W81/><G106/><T108/><D108/><U110/><E110/><V95/><F115/><W96/><G111/><T105/><D11/><U65/><E135/><V125/><F128/><W44/><G2/><T9/><D9/><U19/><E104/><V71/><F71/><W73/><G12/><T132/><D132/><U118/><E118/><V90/><F125/><W49/><G28/><T54/><D54/><U41/><E76/><V23/><F23/><W15/><G15/><T40/><D84/><U102/><E102/><V53/><F121/><W133/><G32/><T114/><D114/><U92/><E126/><V39/><F122/><W42/><G51/><T46/><D83/><U109/><E109/><V134/><F134/><W5/><G5/><T3/><D27/><U13/><E41/><V25/><F39/><W124/><G124/><T97/><D107/><U77/><E77/><V63/><AGARI ba="0,0" hai="17,21,25,47,48,53,57,63,64,90,95,99,100,103" machi="63" ten="30,3000,0" yaku="0,1,8,1" doraHai="33" who="2" fromWho="2" sc="50,-10,240,-10,380,30,330,-10" /><INIT seed="2,1,0,1,3,69" ten="40,230,410,320" oya="2" hai0="32,56,54,125,108,48,81,73,6,85,11,95,2" hai1="131,76,88,130,52,87,102,26,124,60,118,4,70" hai2="34,114,66,9,47,25,63,57,31,39,43,19,8" hai3="134,53,78,98,100,30,17,38,45,62,94,55,123"/><V133/><F133/><W29/><G123/><T36/><D125/><U35/><E118/><V132/><F132/><W77/><G134/><T106/><D108/><U101/><E76/><N who="3" m="29290" /><G38/><T112/><D112/><U128/><E4/><V15/><REACH who="2" step="1"/><F114/><REACH who="2" ten="40,230,400,320" step="2"/><W89/><G100/><T80/><D73/><U10/><E124/><V110/><F110/><W49/><G17/><T40/><D106/><U59/><E70/><V58/><F58/><AGARI ba="1,1" hai="29,30,45,49,53,55,58,62,89,94,98" m="29290" machi="58" ten="30,1000,0" yaku="8,1" doraHai="69" who="3" fromWho="2" sc="40,0,230,0,400,-13,320,23" /><INIT seed="3,0,0,0,2,42" ten="40,230,387,343" oya="3" hai0="40,30,71,127,76,97,1,84,126,68,16,107,43" hai1="46,63,31,133,24,58,117,106,47,64,65,101,32" hai2="87,7,69,33,90,93,102,135,75,74,59,52,70" hai3="14,67,57,19,60,15,89,82,72,112,131,23,121"/><W18/><G121/><T79/><D30/><U48/><E133/><V11/><F33/><W3/><G131/><T125/><D1/><U12/><E117/><V77/><F135/><W96/><G112/><T88/><D107/><U26/><E65/><V83/><F74/><W124/><G124/><T81/><D97/><U5/><E48/><V105/><F102/><W25/><G3/><T6/><D6/><U21/><E101/><V115/><F105/><W0/><G0/><T36/><D16/><U120/><E106/><V118/><F118/><W39/><G39/><T22/><D22/><U9/><REACH who="1" step="1"/><E120/><REACH who="1" ten="40,220,387,343" step="2"/><V61/><F115/><W62/><G62/><T78/><REACH who="0" step="1"/><D43/><REACH who="0" ten="30,220,387,343" step="2"/><U129/><E129/><V54/><F54/><W29/><G67/><T122/><D122/><U34/><E34/><V94/><F94/><W95/><G95/><T50/><D50/><U91/><E91/><V4/><F93/><W104/><G89/><T100/><D100/><U51/><E51/><V44/><F90/><W45/><G104/><T56/><D56/><U111/><E111/><V92/><F92/><W108/><G108/><T128/><D128/><U38/><E38/><V123/><F123/><W13/><G57/><T80/><D80/><U17/><AGARI ba="0,2" hai="5,9,12,17,21,24,26,31,32,46,47,58,63,64" machi="17" ten="20,8000,1" yaku="1,1,0,1,7,1,52,2,53,0" doraHai="42" doraHaiUra="35" who="1" fromWho="1" sc="30,-20,220,100,387,-20,343,-40" owari="10,-49.0,320,12.0,367,46.7,303,-9.7" /></mjloggm>