<mjloggm ver="2.3"><GO type="225" lobby="0"/><UN n0="%E8%81%B7%E6%A5%AD%E3%80%81%E9%A2%A8%32" n1="%E3%81%A8%E3%82%89%E3%81%84%E3%81%A1" n2="%E6%97%A5%E6%9B%9C%E6%97%A5%E3%82%88%E3%82%8A%E3%81%AE%E4%BD%BF%E8%80%85" n3="%E6%A1%9C%E8%8A%B1%E9%96%83%E3%80%85" dan="16,16,17,17" rate="2150.10,2132.27,2224.67,2161.64" sx="M,M,M,M"/><TAIKYOKU oya="0"/><INIT seed="0,0,0,2,2,130" ten="250,250,250,250" oya="0" hai0="41,91,133,6,121,86,103,112,63,120,85,69,40" hai1="81,73,53,38,125,30,23,64,14,31,131,75,49" hai2="117,80,93,54,108,3,7,27,105,101,17,18,16" hai3="46,11,113,32,72,62,52,68,70,35,56,127,0"/><T123/><D112/><U45/><E131/><V104/><F108/><W77/><G113/><T116/><D116/><U110/><E110/><V84/><F117/><W58/><G127/><T25/><D103/><U134/><E125/><V99/><F54/><W132/><G132/><T135/><D6/><U4/><E134/><N who="0" m="51209" /><D25/><U60/><E38/><V21/><F7/><W71/><G56/><T28/><D28/><U128/><E128/><V29/><REACH who="2" step="1"/><F3/><REACH who="2" ten="250,250,240,250" step="2"/><W118/><G118/><T98/><D98/><U124/><E53/><V82/><F82/><W34/><G52/><T94/><D86/><U9/><E4/><V107/><F107/><W12/><G0/><T5/><D5/><U67/><E124/><V114/><F114/><W13/><G72/><T115/><D115/><U10/><E73/><V92/><F92/><W100/><G34/><T37/><D37/><U106/><E75/><V51/><F51/><W78/><G35/><T1/><D1/><U126/><E49/><V95/><F95/><W88/><G32/><T42/><D63/><U74/><E60/><V61/><F61/><W24/><G62/><T122/><D122/><U26/><E126/><V50/><F50/><W89/><G71/><AGARI ba="0,1" hai="40,41,42,69,71,85,91,94,120,121,123" m="51209" machi="71" ten="40,12000,1" yaku="20,1,52,3" doraHai="130" who="0" fromWho="3" sc="250,130,250,0,240,0,250,-120" /><INIT seed="0,1,0,1,5,108" ten="380,250,240,130" oya="0" hai0="95,118,37,132,114,51,27,72,90,104,46,18,110" hai1="44,0,5,25,133,74,48,128,13,100,56,29,97" hai2="105,78,69,115,135,32,58,31,129,76,43,24,120" hai3="109,85,34,22,80,79,60,127,113,117,122,71,121"/><T28/><D118/><U82/><E0/><V119/><F120/><N who="3" m="46187" /><G34/><T35/><D104/><U12/><E133/><V116/><F69/><W61/><G117/><N who="2" m="45129" /><F105/><W10/><G109/><T20/><D132/><U8/><E56/><V102/><F135/><W88/><G127/><T17/><D110/><U68/><E68/><V65/><F102/><W36/><G36/><T4/><D37/><U103/><E12/><V134/><F134/><W106/><G106/><T53/><D72/><U86/><E74/><V123/><F123/><W131/><G131/><T19/><D4/><U111/><E97/><V92/><F129/><W40/><G40/><T96/><REACH who="0" step="1"/><D114/><REACH who="0" ten="370,250,240,130" step="2"/><U39/><E39/><V112/><F112/><W26/><G113/><T9/><D9/><U7/><E5/><V62/><F115/><W52/><G10/><T73/><D73/><U77/><E111/><V91/><F43/><W75/><G71/><T84/><D84/><AGARI ba="1,1" hai="24,31,32,58,62,65,76,78,84,91,92" m="45129" machi="84" ten="30,1000,0" yaku="12,1" doraHai="108" who="2" fromWho="0" sc="370,-13,250,0,240,23,130,0" /><INIT seed="1,0,0,2,5,22" ten="357,250,263,130" oya="1" hai0="124,111,73,128,1,55,131,89,11,13,126,103,87" hai1="118,115,88,121,34,56,96,79,58,68,94,104,66" hai2="32,5,125,106,127,3,114,54,75,9,134,76,10" hai3="129,63,83,119,64,18,120,98,116,93,91,133,130"/><U33/><E115/><V85/><F106/><W53/><G53/><T44/><D111/><U4/><E118/><N who="3" m="45098" /><G18/><N who="0" m="8511" /><D73/><U50/><E121/><V135/><F75/><W81/><G63/><T117/><D1/><U74/><E4/><N who="2" m="1183" /><F54/><W99/><G64/><T16/><D16/><U48/><E68/><V67/><F67/><W122/><G133/><N who="2" m="50697" /><F114/><W60/><G60/><T109/><D117/><U21/><E66/><V86/><F32/><W113/><G113/><T29/><D109/><U14/><E104/><V38/><F38/><W77/><G99/><T101/><D29/><U97/><E97/><V105/><F105/><W6/><G6/><T37/><D37/><U20/><E33/><V43/><F43/><W102/><G102/><N who="0" m="38923" /><D44/><U47/><E34/><V71/><F71/><W49/><G49/><T39/><D55/><U80/><E50/><V84/><F76/><W70/><G70/><T23/><D39/><U40/><E58/><V62/><F62/><W107/><G107/><T28/><D89/><U100/><E56/><V69/><F69/><W59/><G59/><T27/><D87/><N who="2" m="22274" /><V52/><DORA hai="2" /><F52/><W65/><G65/><T51/><D51/><U72/><E100/><V78/><F78/><W25/><G77/><T46/><D46/><U26/><E72/><V36/><F36/><W12/><G122/><T82/><D82/><N who="3" m="31241" /><G120/><T123/><D123/><U24/><E74/><V15/><AGARI ba="0,0" hai="5,10,15,125,127" m="22274,50697,1183" machi="15" ten="40,5200,0" yaku="20,1,52,2" doraHai="22,2" who="2" fromWho="2" sc="357,-13,250,-26,263,52,130,-13" /><INIT seed="2,0,0,0,3,50" ten="344,224,315,117" oya="2" hai0="52,90,133,132,51,26,117,83,73,108,53,17,124" hai1="43,27,112,121,89,33,102,34,125,29,16,95,64" hai2="9,93,47,55,98,6,110,78,32,15,42,56,77" hai3="67,128,86,19,80,13,88,111,66,20,104,129,97"/><V59/><F32/><W71/><G111/><T74/><D108/><U31/><E112/><V44/><F59/><W81/><G81/><T101/><D101/><U1/><E1/><V72/><F110/><W39/><G39/><T4/><D4/><U114/><E114/><V115/><F115/><W135/><G135/><N who="0" m="51787" /><D124/><U12/><E125/><V11/><F11/><W69/><G104/><T116/><D51/><U7/><E7/><V68/><F68/><W45/><G97/><T57/><D57/><U100/><E43/><V92/><F72/><N who="0" m="27754" /><D17/><U82/><E64/><V120/><F120/><W99/><G99/><T41/><D41/><U70/><E70/><V46/><F42/><W18/><G45/><T103/><D26/><U54/><E121/><V113/><F113/><W40/><G40/><T3/><D103/><U85/><E100/><N who="2" m="60487" /><F93/><W49/><G49/><AGARI ba="0,0" hai="6,9,15,44,46,47,49,55,56,77,78" m="60487" machi="49" ten="30,2900,0" yaku="8,1,52,1" doraHai="50" who="2" fromWho="3" sc="344,0,224,0,315,29,117,-29" /><INIT seed="2,1,0,3,3,30" ten="344,224,344,88" oya="2" hai0="116,1,39,120,132,0,100,72,97,75,48,92,112" hai1="14,8,78,3,19,18,87,20,41,102,105,125,76" hai2="11,110,61,115,70,53,24,94,5,27,130,67,71" hai3="96,104,68,64,90,95,40,23,22,77,59,36,55"/><V109/><F115/><W69/><G104/><T65/><D112/><U122/><E125/><V124/><F124/><W74/><G74/><T44/><D39/><U133/><E133/><V107/><F107/><W45/><G77/><T135/><D120/><U46/><E122/><V73/><F73/><N who="0" m="28234" /><D65/><U51/><E3/><V38/><F38/><W99/><G99/><T43/><D116/><U123/><E123/><V113/><F113/><W7/><G7/><T127/><D127/><U52/><E105/><V93/><F53/><W121/><G121/><T131/><D131/><U80/><E102/><V37/><F37/><W28/><G28/><T62/><D62/><U9/><E9/><V49/><F49/><W15/><G15/><T54/><D54/><U126/><E126/><V89/><F71/><W83/><G83/><T47/><D47/><U50/><E50/><V86/><F94/><W82/><G82/><T42/><D43/><U13/><REACH who="1" step="1"/><E41/><REACH who="1" ten="344,214,344,88" step="2"/><V84/><F130/><W98/><G98/><T16/><D1/><U33/><E33/><V21/><F11/><W2/><G2/><T108/><D0/><U118/><E118/><V6/><F110/><W103/><G103/><T114/><D108/><U26/><E26/><V129/><F109/><W119/><G119/><T12/><D114/><U79/><AGARI ba="1,1" hai="8,13,14,18,19,20,46,51,52,76,78,79,80,87" machi="79" ten="20,8000,1" yaku="1,1,0,1,7,1,8,1,54,1,53,0" doraHai="30" doraHaiUra="25" who="1" fromWho="1" sc="344,-21,214,93,344,-41,88,-21" /><INIT seed="3,0,0,4,3,19" ten="323,307,303,67" oya="3" hai0="72,80,104,79,114,1,51,20,106,49,121,113,21" hai1="34,67,134,61,75,108,54,85,91,78,99,27,102" hai2="125,11,110,4,62,86,119,82,60,35,46,118,131" hai3="24,73,71,127,120,98,6,9,65,25,23,132,90"/><W57/><G120/><T44/><D121/><U87/><E108/><V96/><F35/><W13/><G127/><T77/><D1/><U123/><E123/><V18/><F119/><W103/><G132/><T112/><D79/><U117/><E134/><V55/><F118/><W8/><G71/><T94/><D94/><U31/><E117/><V115/><F115/><W124/><G124/><T135/><D135/><U89/><E54/><V36/><F36/><W122/><G122/><T2/><D2/><U101/><E75/><V81/><F125/><W15/><G73/><T41/><D51/><U126/><E126/><V64/><F131/><W47/><G47/><T16/><D21/><U12/><E12/><AGARI ba="0,0" hai="12,16,20,41,44,49,72,77,80,104,106,112,113,114" machi="12" ten="40,5200,0" yaku="11,1,52,1,54,1" doraHai="19" who="0" fromWho="1" sc="323,52,307,-52,303,0,67,0" owari="375,47.5,255,-14.5,303,10.3,67,-43.3" /></mjloggm>