<mjloggm ver="2.3"><GO type="225" lobby="0"/><UN n0="%E7%9A%AE%E3%80%85" n1="%E3%81%AF%E3%81%84%E3%81%A6%E3%82%93%E3%81%BC%E3%83%BC" n2="%E3%82%8A%E3%81%93%E3%82%8A%E3%82%93%E3%81%94" n3="%E9%80%86%E9%80%A3%E5%B8%AF%E3%81%AE%E9%AC%BC" dan="16,16,17,17" rate="2069.32,2127.76,2215.73,2137.31" sx="M,M,M,M"/><TAIKYOKU oya="0"/><INIT seed="0,0,0,3,1,12" ten="250,250,250,250" oya="0" hai0="114,88,113,93,62,16,42,9,131,31,108,60,53" hai1="63,45,59,29,27,127,2,98,3,23,130,80,111" hai2="8,61,65,66,34,96,118,52,90,24,99,135,78" hai3="0,91,54,109,119,7,115,74,75,117,104,103,94"/><T69/><D42/><U122/><E122/><V102/><F135/><W92/><G54/><T25/><D131/><U76/><E130/><V55/><F118/><N who="3" m="45067" /><G7/><T70/><D108/><U83/><E111/><V71/><F78/><W64/><G64/><T116/><D116/><U44/><E127/><V36/><F36/><W107/><G0/><T4/><D114/><U20/><E2/><V19/><F66/><W1/><G1/><T15/><D113/><U134/><E3/><V124/><F124/><W28/><G28/><T50/><D4/><U18/><E134/><V33/><F90/><W22/><G22/><N who="0" m="15799" /><D69/><U121/><E98/><V35/><F99/><N who="3" m="59879" /><G109/><T95/><D95/><U17/><E121/><V126/><F126/><W79/><G115/><T100/><D100/><U73/><E83/><V32/><N who="2" m="8192" /><DORA hai="57" /><V40/><F40/><W68/><G68/><T85/><D70/><U6/><E6/><V84/><F84/><N who="3" m="52583" /><G79/><T58/><AGARI ba="0,0" hai="9,15,16,50,53,58,60,62,85,88,93" m="15799" machi="58" ten="30,18000,2" yaku="8,1,52,3,54,2" doraHai="12,57" who="0" fromWho="0" sc="250,180,250,-60,250,-60,250,-60" /><INIT seed="0,1,0,0,0,83" ten="430,190,190,190" oya="0" hai0="41,3,13,12,110,56,109,108,132,74,118,129,133" hai1="72,116,92,94,4,0,130,60,134,52,43,91,135" hai2="21,122,10,82,121,103,63,80,35,69,84,53,31" hai3="67,73,128,39,76,86,90,120,87,99,28,75,40"/><T119/><D74/><U68/><E116/><N who="0" m="44585" /><D41/><U95/><E72/><V20/><F103/><W81/><G67/><T57/><D3/><U107/><E107/><V18/><F10/><W45/><G120/><T50/><D50/><U54/><E43/><V97/><F97/><W6/><G128/><T111/><D129/><U65/><E130/><V32/><F82/><W16/><G28/><T29/><D29/><U70/><E70/><V48/><F69/><W126/><G126/><T78/><D78/><U49/><E4/><V34/><F63/><W58/><G99/><T2/><D2/><U102/><E102/><V47/><F31/><W27/><G58/><N who="0" m="22635" /><D110/><U22/><E0/><V113/><F113/><W98/><G98/><T124/><D124/><U88/><E22/><V66/><F66/><W11/><G27/><T59/><D59/><N who="1" m="33167" /><E54/><V105/><F105/><W9/><G9/><T77/><D77/><U100/><E100/><V96/><F96/><W8/><G8/><T101/><D101/><U19/><E19/><V62/><F62/><W117/><G117/><T1/><D1/><U5/><E5/><V55/><F55/><W37/><G37/><T131/><D131/><U51/><E51/><V79/><REACH who="2" step="1"/><F21/><REACH who="2" ten="430,190,180,190" step="2"/><W38/><G6/><T115/><D115/><U127/><E127/><V112/><F112/><W36/><G11/><T89/><D109/><U123/><E123/><V25/><AGARI ba="1,1" hai="18,20,25,32,34,35,47,48,53,79,80,84,121,122" machi="25" ten="30,4000,0" yaku="1,1,0,1,52,1,53,0" doraHai="83" doraHaiUra="64" who="2" fromWho="2" sc="430,-21,190,-11,180,53,190,-11" /><INIT seed="1,0,0,3,5,47" ten="409,179,233,179" oya="1" hai0="92,117,31,85,63,4,3,55,133,77,29,36,59" hai1="26,27,37,32,58,67,66,122,105,18,128,76,13" hai2="22,16,41,90,56,1,14,118,43,15,50,86,132" hai3="102,9,80,94,129,60,25,123,38,24,52,0,91"/><U72/><E122/><V61/><F118/><W107/><G38/><T95/><D117/><U106/><E37/><V120/><F120/><W54/><G123/><T48/><D36/><U12/><E128/><V109/><F1/><W10/><G129/><T93/><D133/><U51/><E76/><V20/><F109/><W34/><G107/><T121/><D121/><U96/><E72/><V8/><F132/><W124/><G124/><T28/><D3/><U70/><E70/><V119/><F119/><W30/><G102/><T100/><D4/><U65/><E32/><V101/><F101/><W98/><G25/><T21/><D100/><U45/><E58/><V88/><F90/><W17/><G80/><N who="0" m="47247" /><D63/><U62/><E62/><V115/><F115/><W134/><G134/><T46/><D46/><U127/><E127/><V87/><F87/><W57/><G0/><T116/><D116/><U114/><E114/><V108/><F108/><W44/><REACH who="3" step="1"/><G17/><REACH who="3" ten="409,179,233,169" step="2"/><T79/><D79/><U19/><E106/><V131/><F131/><W111/><G111/><T53/><D53/><N who="1" m="29935" /><E105/><V40/><F15/><N who="1" m="5705" /><E96/><V39/><F39/><W78/><G78/><T33/><D33/><U5/><E5/><V97/><F97/><W99/><G99/><T113/><D113/><U73/><E73/><V82/><F14/><W103/><G103/><T83/><D83/><U35/><E35/><V11/><F82/><W81/><G81/><T23/><AGARI ba="0,1" hai="21,23,28,29,31,48,55,59,92,93,95" m="47247" machi="23" ten="40,2700,0" yaku="8,1,52,1" doraHai="47" who="0" fromWho="0" sc="409,37,179,-13,233,-7,169,-7" /><INIT seed="2,0,0,2,0,86" ten="446,166,226,162" oya="2" hai0="3,118,46,31,50,83,112,109,64,16,4,77,69" hai1="89,25,102,5,56,48,30,131,114,84,130,63,1" hai2="74,76,13,53,129,132,60,15,20,71,58,79,124" hai3="133,92,90,34,106,65,67,105,21,23,107,78,97"/><V28/><F129/><N who="1" m="49161" /><E114/><V39/><F39/><W134/><G34/><T32/><D112/><U128/><N who="1" m="49169" /><U68/><DORA hai="6" /><E68/><V116/><F116/><W47/><G78/><T93/><D93/><N who="1" m="54439" /><E102/><V94/><F124/><W7/><G7/><T110/><D31/><U14/><E1/><V70/><F132/><N who="3" m="50795" /><G47/><T40/><D4/><U113/><E48/><V8/><F71/><W54/><G54/><T29/><D46/><U18/><E5/><V33/><F70/><W38/><G38/><T122/><D83/><U123/><E113/><V98/><F33/><W22/><AGARI ba="0,0" hai="21,22,23,65,67,90,92,97,105,106,107" m="50795" machi="22" ten="40,2700,0" yaku="20,1,52,1" doraHai="86,6" who="3" fromWho="3" sc="446,-7,166,-7,226,-13,162,27" /><INIT seed="3,0,0,4,4,111" ten="439,159,213,189" oya="3" hai0="39,131,75,40,49,21,120,128,94,118,62,12,41" hai1="27,38,68,86,67,134,35,110,125,61,54,33,132" hai2="4,37,121,91,31,52,112,36,104,7,117,90,48" hai3="127,3,83,72,76,119,17,20,57,73,84,44,34"/><W23/><G119/><T115/><D118/><U64/><E110/><V16/><F104/><W100/><G34/><T2/><D2/><U71/><E38/><V1/><F112/><W93/><G3/><T47/><D120/><U50/><E86/><V87/><F121/><W45/><G127/><T51/><D115/><U89/><E125/><V6/><F1/><W69/><G69/><T126/><D75/><U77/><E77/><V0/><F0/><W97/><G23/><T133/><D126/><U19/><E89/><V79/><F79/><W116/><G116/><T81/><D81/><U55/><E19/><V105/><F105/><W66/><G73/><T42/><D133/><U95/><E95/><V65/><F65/><W130/><G130/><N who="0" m="49707" /><D94/><U102/><E102/><V9/><F31/><W32/><G32/><T80/><D80/><U18/><E18/><V99/><F99/><W15/><G72/><T14/><D62/><AGARI ba="0,0" hai="15,17,20,44,45,57,62,66,76,83,84,93,97,100" machi="62" ten="40,2000,0" yaku="8,1" doraHai="111" who="3" fromWho="0" sc="439,-20,159,0,213,0,189,20" /><INIT seed="3,1,0,3,4,100" ten="419,159,213,209" oya="3" hai0="132,126,51,134,19,48,92,57,36,41,10,20,82" hai1="32,113,72,105,84,125,94,104,123,63,116,45,106" hai2="43,88,56,111,120,27,119,34,96,4,67,13,64" hai3="108,115,101,6,135,118,3,21,97,128,24,23,103"/><W25/><G118/><T80/><D126/><U42/><E32/><V55/><F119/><W29/><G115/><T69/><D69/><U35/><E35/><V131/><F43/><W16/><G135/><N who="0" m="51755" /><D10/><U61/><E116/><V47/><F47/><W49/><G128/><T46/><D92/><U112/><E72/><V2/><F2/><W129/><G129/><T7/><D7/><U40/><E123/><V78/><F78/><W9/><G108/><T83/><D57/><U59/><E125/><V30/><F111/><W68/><G68/><T12/><AGARI ba="1,0" hai="12,19,20,36,41,46,48,51,80,82,83" m="51755" machi="12" ten="30,1100,0" yaku="20,1" doraHai="100" who="0" fromWho="0" sc="419,14,159,-4,213,-4,209,-6" owari="433,53.3,155,-34.5,209,0.9,203,-19.7" /></mjloggm>