<mjloggm ver="2.3"><GO type="225" lobby="0"/><UN n0="%E3%81%99%E3%81%84%E3%81%BE%E3%81%9B%E3%83%BC%E3%82%93" n1="%43%68%65" n2="%E6%A0%B9%E5%85%83%E3%81%8B%E3%82%89%E5%90%B9%E3%81%A3%E9%A3%9B%E3%81%B6" n3="%E3%80%90%E3%83%88%E3%83%AA%E3%83%A5%E3%83%95%E3%80%91" dan="18,16,16,16" rate="2171.36,2186.69,2088.83,2060.79" sx="M,M,F,M"/><TAIKYOKU oya="0"/><INIT seed="0,0,0,2,0,38" ten="250,250,250,250" oya="0" hai0="82,34,26,130,55,23,103,135,104,106,74,69,72" hai1="107,7,111,31,24,22,102,62,54,75,122,94,129" hai2="45,39,86,110,95,51,99,124,29,78,46,13,61" hai3="89,134,4,114,17,121,35,79,108,80,64,25,9"/><T113/><D113/><U43/><E122/><V70/><F124/><W120/><G64/><T42/><D34/><U41/><E75/><V133/><F133/><W52/><G89/><T50/><D135/><U63/><E107/><V97/><F110/><W84/><G114/><T1/><D1/><U76/><E111/><V21/><F45/><W109/><G134/><T71/><D130/><U117/><E117/><V65/><F39/><W73/><G17/><T88/><D42/><N who="1" m="15883" /><E129/><V115/><F78/><W12/><G73/><T92/><D74/><U32/><E32/><V44/><F44/><W132/><G132/><T119/><D119/><U53/><E7/><V30/><F86/><W131/><G131/><T81/><D104/><U98/><E76/><V59/><F97/><W87/><G87/><N who="0" m="52255" /><D71/><U6/><E6/><V77/><F99/><W118/><G118/><T2/><D2/><U56/><E63/><V85/><F70/><W10/><G109/><T19/><D69/><U3/><E3/><V60/><F61/><W37/><G37/><T36/><D36/><U127/><E127/><V33/><F33/><W105/><G105/><T27/><D72/><U18/><E18/><N who="2" m="10447" /><F77/><W128/><G128/><T48/><D106/><U67/><AGARI ba="0,0" hai="22,24,31,53,54,56,62,67,94,98,102" m="15883" machi="67" ten="30,8000,1" yaku="25,1,8,1,52,3" doraHai="38" who="1" fromWho="1" sc="250,-40,250,80,250,-20,250,-20" /><INIT seed="1,0,0,2,1,47" ten="210,330,230,230" oya="1" hai0="133,76,122,131,72,37,110,33,27,123,98,49,71" hai1="116,85,2,114,101,117,14,74,96,6,44,25,100" hai2="127,82,60,91,135,5,10,92,61,121,16,95,50" hai3="128,67,26,99,1,64,70,42,31,103,68,0,106"/><U11/><E114/><V4/><F121/><W109/><G109/><T118/><RYUUKYOKU type="yao9" ba="0,0" sc="210,0,330,0,230,0,230,0" hai0="27,33,37,49,71,72,76,98,110,118,122,123,131,133" /><INIT seed="1,1,0,3,5,32" ten="210,330,230,230" oya="1" hai0="22,56,51,133,111,125,131,20,113,93,7,61,24" hai1="53,33,25,109,115,106,44,63,0,114,103,112,116" hai2="135,71,80,6,62,94,117,21,59,9,127,17,102" hai3="42,96,110,129,27,40,39,105,57,38,3,28,65"/><U11/><E116/><V34/><F117/><W134/><G110/><T12/><D113/><U124/><E109/><V14/><F127/><W23/><G129/><T78/><D111/><U35/><E124/><V48/><F135/><W47/><G134/><T101/><D133/><U60/><E44/><V36/><F36/><W98/><G105/><T5/><D125/><U29/><E53/><V26/><F71/><W72/><G72/><T92/><D131/><U10/><E10/><V81/><F48/><W74/><G74/><T87/><D51/><U16/><E35/><V54/><F34/><W104/><G104/><T119/><D119/><U75/><E75/><V13/><F13/><W97/><G3/><T31/><D78/><U100/><E100/><V121/><F121/><W82/><G82/><T90/><D20/><U2/><E16/><V70/><F70/><W120/><G120/><T66/><D12/><U67/><E11/><V73/><F73/><W4/><G4/><T58/><D56/><U132/><E132/><V55/><F55/><W99/><N who="3" m="24576" /><DORA hai="77" /><W122/><G122/><T46/><D46/><U8/><E8/><V1/><F94/><N who="0" m="36458" /><D101/><U86/><E86/><V123/><F123/><W108/><G108/><T64/><D66/><U45/><E45/><V68/><F102/><W41/><REACH who="3" step="1"/><G47/><REACH who="3" ten="210,330,230,220" step="2"/><T79/><D79/><U85/><E106/><V126/><F126/><W95/><G95/><AGARI ba="1,1" hai="5,7,22,24,31,58,61,64,87,90,95" m="36458" machi="95" ten="30,1000,0" yaku="8,1" doraHai="32,77" who="0" fromWho="3" sc="210,23,330,0,230,0,220,-13" /><INIT seed="2,0,0,5,5,51" ten="233,330,230,207" oya="2" hai0="43,27,124,57,72,87,104,61,70,75,54,93,128" hai1="84,49,59,131,119,95,33,29,28,36,101,99,4" hai2="113,48,16,130,11,34,88,92,86,60,66,103,50" hai3="14,6,132,18,120,94,12,1,25,105,69,22,37"/><V111/><F113/><W46/><G105/><T9/><D104/><U8/><E119/><V73/><F34/><W52/><G69/><T135/><D135/><U82/><E36/><V44/><F130/><W133/><G120/><T117/><D128/><U41/><E33/><V45/><F73/><W122/><G122/><T13/><D124/><U56/><E131/><V2/><F2/><W98/><G37/><T23/><D70/><U65/><E65/><V76/><F111/><W74/><G74/><T20/><D43/><U17/><E17/><V107/><F76/><W0/><G0/><T96/><D87/><U127/><E59/><N who="2" m="37151" /><F107/><W19/><G1/><T63/><D63/><U89/><E127/><V53/><F103/><N who="3" m="60887" /><G6/><T126/><D117/><U110/><E110/><V102/><F102/><W32/><G18/><T112/><D112/><U71/><E71/><V31/><F31/><W68/><G68/><T40/><D126/><U58/><E58/><N who="2" m="33063" /><F50/><N who="3" m="28759" /><G32/><T35/><D75/><U123/><E123/><V129/><F129/><W115/><G115/><T38/><D72/><U97/><E29/><V100/><F100/><W21/><G21/><T134/><D35/><U42/><E28/><V55/><F55/><W79/><G79/><T3/><D3/><N who="1" m="31" /><E42/><V64/><F64/><W114/><G114/><T125/><D125/><U24/><E41/><V47/><F16/><W39/><G39/><T91/><D38/><U83/><E101/><V85/><F11/><W78/><G78/><T67/><D40/><U77/><E77/><V106/><F106/><W7/><G7/><T108/><D108/><RYUUKYOKU ba="0,0" sc="233,-15,330,-15,230,15,207,15" hai2="44,45,47,85,86,88,92" hai3="12,14,19,22,25,132,133" /><INIT seed="2,1,0,4,2,1" ten="218,315,245,222" oya="2" hai0="113,21,41,135,54,68,119,110,115,28,62,128,93" hai1="3,58,114,94,87,38,91,29,45,8,108,51,125" hai2="63,46,17,104,59,66,49,107,30,92,71,35,101" hai3="18,22,6,86,4,96,24,13,118,81,10,48,32"/><V5/><F17/><N who="3" m="12367" /><G118/><T14/><D119/><U111/><E114/><V0/><F92/><W11/><G96/><T127/><D127/><U61/><E125/><V67/><F67/><W78/><G32/><T42/><D135/><U60/><E38/><V98/><F104/><W50/><G18/><T20/><D128/><U37/><E37/><V106/><F106/><W84/><G86/><T122/><D122/><U64/><E60/><V130/><F59/><W77/><G77/><T105/><D105/><U19/><E29/><V117/><F117/><W95/><G95/><T12/><D68/><U123/><E123/><V85/><F85/><W53/><G53/><T34/><D93/><U132/><E132/><V43/><F130/><W47/><G47/><T25/><D62/><U99/><E99/><V27/><F0/><W74/><G74/><T109/><D54/><U39/><E39/><V26/><F26/><W33/><G33/><T120/><D120/><U83/><E94/><V112/><F112/><N who="0" m="43082" /><D42/><U72/><E72/><V97/><REACH who="2" step="1"/><F98/><REACH who="2" ten="218,315,235,222" step="2"/><W131/><G131/><T90/><D25/><U36/><E3/><V102/><F102/><W2/><G2/><T16/><D16/><U100/><E100/><V89/><F89/><W52/><G13/><T57/><D90/><U82/><E19/><V126/><F126/><W76/><G76/><T103/><D103/><U134/><E134/><V69/><F69/><W65/><G65/><T9/><D14/><U133/><E133/><V55/><F55/><W73/><G73/><T79/><D12/><U7/><E91/><V23/><F23/><RYUUKYOKU ba="1,1" sc="218,-10,315,-10,235,30,222,-10" hai2="5,27,30,35,43,46,49,63,66,71,97,101,107" /><INIT seed="2,2,1,4,2,33" ten="208,305,265,212" oya="2" hai0="55,97,3,89,40,15,35,77,120,47,4,114,42" hai1="135,72,50,90,79,126,110,130,69,46,18,65,14" hai2="82,38,29,78,87,131,19,45,134,13,51,1,106" hai3="73,115,85,43,107,56,132,10,91,127,48,102,58"/><V22/><F131/><W25/><G132/><T11/><D120/><U62/><E135/><V12/><F134/><W98/><G127/><T88/><D114/><U67/><E67/><V121/><F106/><W80/><G115/><T24/><D77/><U129/><E126/><V83/><F38/><W8/><G25/><T61/><D3/><U44/><E110/><V27/><F121/><W123/><G123/><T108/><D108/><U93/><E79/><V16/><F1/><W70/><G70/><T30/><D97/><N who="1" m="57527" /><E50/><V92/><F92/><W133/><G133/><T81/><D81/><U6/><E6/><V105/><F105/><W32/><G32/><T111/><D111/><U94/><E94/><V124/><F124/><W109/><G109/><T59/><REACH who="0" step="1"/><D42/><REACH who="0" ten="198,305,265,212" step="2"/><U26/><E129/><V49/><F82/><W99/><G99/><T103/><D103/><U37/><E130/><V74/><F74/><W31/><G73/><T53/><D53/><U122/><E72/><V104/><F104/><W60/><G107/><T101/><D101/><U34/><E122/><V2/><F2/><W41/><G102/><T57/><D57/><U21/><E69/><V0/><F0/><W28/><G98/><T76/><D76/><U20/><E46/><V117/><F45/><N who="3" m="25647" /><G58/><T66/><D66/><U119/><E44/><V75/><F75/><W125/><G125/><T64/><D64/><U100/><E100/><V128/><F128/><W86/><G43/><T7/><D7/><U113/><E113/><V71/><F71/><W23/><G56/><T63/><D63/><U112/><E62/><RYUUKYOKU ba="2,2" sc="198,30,305,-10,265,-10,212,-10" hai0="4,11,15,24,30,35,40,47,55,59,61,88,89" /><INIT seed="3,3,2,2,3,119" ten="228,295,255,202" oya="3" hai0="86,134,5,36,127,88,35,34,117,113,38,133,41" hai1="12,45,90,116,72,68,71,33,6,124,27,115,66" hai2="99,14,135,10,102,130,84,122,61,31,11,120,32" hai3="23,121,53,69,123,118,52,94,21,40,103,114,22"/><W131/><G118/><T87/><D117/><U74/><E116/><V51/><F130/><W25/><G131/><T125/><D5/><U9/><E115/><V20/><F135/><N who="0" m="51722" /><D113/><U48/><E124/><N who="0" m="47689" /><D41/><U54/><E90/><V65/><F51/><W17/><G114/><T112/><D112/><U47/><E47/><V77/><F20/><W8/><G69/><T108/><D108/><U95/><E95/><V37/><F37/><N who="0" m="14442" /><D87/><U63/><REACH who="1" step="1"/><E71/><REACH who="1" ten="228,285,255,202" step="2"/><V2/><F122/><W3/><G40/><T50/><D50/><U129/><E129/><V70/><F120/><W19/><G25/><T44/><D44/><U28/><AGARI ba="3,3" hai="6,9,12,27,28,33,45,48,54,63,66,68,72,74" machi="28" ten="30,2000,0" yaku="1,1,0,1,53,0" doraHai="119" doraHaiUra="110" who="1" fromWho="1" sc="228,-8,285,59,255,-8,202,-13" owari="220,-18.0,344,44.4,247,4.7,189,-31.1" /></mjloggm>