<mjloggm ver="2.3"><GO type="225" lobby="0"/><UN n0="%70%68%65%6E%6F%6D%65" n1="%E3%81%BF%E3%81%BF%E3%81%9A" n2="%E6%9C%88%E5%B3%B6%E5%9F%BA" n3="%33%74%72%65%65" dan="16,17,17,17" rate="2174.60,2212.56,2192.12,2167.88" sx="M,M,M,F"/><TAIKYOKU oya="0"/><INIT seed="0,0,0,2,3,28" ten="250,250,250,250" oya="0" hai0="110,106,118,113,29,117,35,24,127,56,26,119,10" hai1="3,121,102,80,2,133,38,100,64,125,39,116,112" hai2="49,73,66,69,45,59,7,9,82,42,8,94,65" hai3="96,87,84,0,68,75,5,90,81,109,123,16,22"/><T105/><D113/><U44/><E64/><V111/><F69/><W104/><G109/><T27/><D110/><U25/><E80/><V20/><F111/><W60/><G123/><T13/><D56/><U17/><E17/><V6/><F20/><W128/><G128/><T129/><D129/><U115/><E25/><N who="0" m="9833" /><D105/><U63/><E63/><V101/><F73/><W107/><G75/><T71/><D106/><U93/><E121/><V62/><F82/><W72/><G72/><T32/><D71/><U43/><E116/><V47/><F66/><W36/><G36/><T79/><D79/><U67/><E67/><V54/><F9/><W15/><G60/><T122/><D122/><U86/><E39/><V52/><F8/><W92/><G68/><T131/><D131/><U46/><E38/><V134/><F134/><W135/><G135/><T55/><D55/><N who="2" m="21034" /><F47/><W108/><G108/><T11/><D127/><U126/><E133/><V78/><F78/><W58/><G58/><T120/><D120/><U103/><E43/><V132/><F132/><W95/><G0/><N who="1" m="42" /><E44/><V57/><F59/><W34/><G34/><N who="0" m="20799" /><D10/><U74/><E46/><V14/><F65/><W19/><G107/><T51/><D51/><U23/><E74/><V40/><F40/><W21/><G104/><T88/><D88/><N who="1" m="53399" /><E23/><N who="3" m="8714" /><G81/><T48/><D48/><U33/><E33/><V77/><F57/><W18/><G92/><T76/><D76/><U97/><E97/><N who="2" m="59575" /><F62/><W130/><G130/><T37/><D37/><U1/><E1/><V53/><F77/><W31/><G31/><T41/><D41/><U89/><E89/><RYUUKYOKU ba="0,0" sc="250,10,250,10,250,-30,250,10" hai0="11,13,32,35,117,118,119" hai1="100,102,103,112,115,125,126" hai3="5,15,16,18,19,84,87,90,95,96" /><INIT seed="0,1,0,2,0,93" ten="260,260,220,260" oya="0" hai0="82,49,130,90,73,122,36,110,63,16,18,102,105" hai1="100,74,98,125,35,48,4,114,32,39,28,79,24" hai2="1,117,94,60,31,84,65,83,40,71,0,95,13" hai3="108,64,87,112,85,6,97,104,5,111,70,128,27"/><T134/><D122/><U44/><E125/><V23/><F117/><W56/><G112/><T81/><D36/><U96/><E114/><V78/><F40/><W54/><G128/><T109/><D130/><U41/><E4/><N who="3" m="1642" /><G27/><T123/><D123/><U21/><E39/><V33/><F33/><W9/><G9/><T76/><D134/><U29/><E29/><V22/><F22/><W92/><G104/><T50/><D63/><U15/><E15/><V37/><F37/><W7/><N who="3" m="1650" /><W72/><DORA hai="118" /><G72/><T132/><D132/><U45/><E45/><V107/><F107/><W42/><G42/><T133/><D133/><U68/><E68/><V43/><F43/><W124/><G70/><T88/><D102/><U101/><E79/><V55/><F55/><W67/><G124/><T129/><D105/><U17/><E74/><V26/><REACH who="2" step="1"/><F13/><REACH who="2" ten="260,260,210,260" step="2"/><W113/><G113/><T59/><D129/><U89/><E35/><V119/><F119/><W120/><G120/><T20/><D20/><U10/><E32/><V51/><F51/><N who="3" m="30815" /><G108/><N who="0" m="41579" /><D50/><U46/><E48/><V135/><F135/><W86/><G111/><T103/><D103/><AGARI ba="1,1" hai="64,67,85,86,87,92,97,103" m="30815,1650" machi="103" ten="40,2600,0" yaku="8,1,52,1" doraHai="93,118" who="3" fromWho="0" sc="260,-29,260,0,210,0,260,39" /><INIT seed="1,0,0,1,4,132" ten="231,260,210,299" oya="1" hai0="97,130,67,110,48,2,78,122,49,50,98,90,108" hai1="72,106,84,12,129,82,34,5,109,27,4,131,70" hai2="128,9,30,74,95,61,43,21,14,102,57,42,40" hai3="75,118,55,18,73,11,1,125,114,68,64,100,104"/><U59/><E70/><V105/><F74/><W39/><G114/><T7/><D130/><N who="1" m="49675" /><E106/><V51/><F105/><W112/><G112/><T69/><D78/><N who="1" m="44359" /><E109/><N who="0" m="42089" /><D122/><U99/><E99/><N who="0" m="37897" /><D90/><U62/><E12/><V103/><F95/><W126/><G100/><T115/><D115/><U111/><E111/><V52/><F128/><W36/><G104/><T119/><D119/><U24/><E84/><V3/><F3/><W96/><G96/><T37/><D37/><N who="3" m="14409" /><G118/><T107/><D107/><U23/><E34/><V16/><F61/><N who="3" m="39951" /><G55/><T58/><D69/><U77/><E77/><V33/><F33/><W13/><G1/><T134/><D134/><U121/><E121/><V94/><F94/><W46/><G46/><T113/><D113/><U38/><E38/><V91/><F91/><W117/><G117/><T65/><D58/><U135/><E135/><V123/><F123/><W88/><G88/><T31/><D31/><N who="1" m="17823" /><E27/><AGARI ba="0,0" hai="9,14,16,21,27,30,40,42,43,51,52,57,102,103" machi="27" ten="40,5200,0" yaku="8,1,54,2" doraHai="132" who="2" fromWho="1" sc="231,0,260,-52,210,52,299,0" /><INIT seed="2,0,0,3,2,74" ten="231,208,262,299" oya="2" hai0="1,104,61,48,70,32,65,54,99,64,67,58,84" hai1="31,26,115,109,27,76,66,56,35,21,126,7,5" hai2="128,130,3,98,122,23,123,134,82,94,83,36,90" hai3="60,4,87,71,120,96,107,112,113,6,69,37,34"/><V53/><F36/><W118/><G118/><T131/><D131/><N who="2" m="50218" /><F3/><W28/><G120/><N who="2" m="46121" /><F53/><W57/><G37/><T40/><D1/><U2/><E115/><N who="3" m="44106" /><G87/><T22/><D32/><U68/><E109/><V135/><F23/><W127/><G127/><T15/><D40/><U45/><E126/><V102/><F102/><N who="3" m="62919" /><G28/><T91/><D99/><U86/><E68/><N who="3" m="26186" /><G34/><T117/><D104/><U9/><E45/><V50/><F50/><W55/><AGARI ba="0,0" hai="4,6,55,57,60" m="26186,62919,44106" machi="55" ten="30,1100,0" yaku="11,1" doraHai="74" who="3" fromWho="3" sc="231,-3,208,-3,262,-5,299,11" /><INIT seed="3,0,0,1,2,128" ten="228,205,257,310" oya="3" hai0="8,75,28,30,102,82,40,81,39,84,77,134,2" hai1="51,27,54,22,120,67,87,127,16,68,14,35,60" hai2="73,3,33,43,90,23,93,122,135,1,132,78,48" hai3="80,32,7,72,125,50,38,111,95,92,63,112,9"/><W99/><G38/><T109/><D109/><U97/><E120/><V123/><F33/><W124/><G32/><T46/><D102/><U15/><E127/><N who="3" m="48714" /><G111/><T131/><D134/><N who="2" m="51242" /><F23/><W110/><G110/><T129/><D28/><U104/><E87/><N who="2" m="52447" /><F43/><W34/><G34/><T76/><D30/><U100/><REACH who="1" step="1"/><E35/><REACH who="1" ten="228,195,257,310" step="2"/><V64/><F122/><W118/><G112/><T74/><D74/><U106/><E106/><V94/><F73/><W41/><G72/><T47/><D47/><AGARI ba="0,1" hai="14,15,16,22,27,47,51,54,60,67,68,97,100,104" machi="47" ten="30,7700,0" yaku="1,1,7,1,54,1,53,1" doraHai="128" doraHaiUra="12" who="1" fromWho="0" sc="228,-77,195,87,257,0,310,0" owari="151,-34.9,282,8.2,257,-14.3,310,41.0" /></mjloggm>