<mjloggm ver="2.3"><GO type="225" lobby="0"/><UN n0="%E4%B8%89%E5%88%86%E5%B0%8F%E5%83%A7" n1="%E7%99%BD%E5%80%89%E5%AF%9B%E4%B9%8B" n2="%E3%82%AF%E3%82%A3%E3%82%A6" n3="%E5%A4%8F%E9%88%B4%E9%88%B4%E5%A4%8F" dan="16,16,16,16" rate="2063.08,2154.42,2085.14,2104.85" sx="M,M,M,F"/><TAIKYOKU oya="0"/><INIT seed="0,0,0,1,1,85" ten="250,250,250,250" oya="0" hai0="91,86,22,59,52,96,79,111,132,41,44,14,118" hai1="123,49,75,83,30,8,93,36,103,43,73,16,67" hai2="121,131,80,57,64,117,77,100,76,33,105,53,20" hai3="0,68,110,78,62,24,29,84,23,120,135,128,81"/><T102/><D118/><U31/><E123/><V2/><F33/><W9/><G110/><T109/><D132/><U40/><E36/><V113/><F113/><W112/><G112/><T82/><D14/><N who="1" m="7239" /><E73/><V3/><F121/><W12/><G120/><T99/><D22/><U70/><E75/><V108/><F108/><N who="0" m="41546" /><D79/><U58/><E70/><V116/><F131/><W38/><G128/><T98/><D44/><N who="1" m="25735" /><E43/><V114/><F114/><W17/><G38/><T107/><D41/><U101/><E83/><V10/><F64/><W1/><G135/><T28/><D28/><N who="1" m="10795" /><E93/><V94/><F105/><W5/><G68/><T4/><D4/><U88/><E88/><V39/><F39/><W13/><G0/><T42/><D42/><U69/><E69/><V129/><F80/><W60/><REACH who="3" step="1"/><G13/><REACH who="3" ten="250,250,250,240" step="2"/><T90/><D90/><U122/><E122/><V37/><F2/><W119/><G119/><T66/><D66/><U46/><E46/><V89/><F37/><W32/><AGARI ba="0,1" hai="1,5,9,12,17,23,24,29,32,60,62,78,81,84" machi="32" ten="20,8000,1" yaku="1,1,0,1,7,1,24,2,53,0" doraHai="85" doraHaiUra="126" who="3" fromWho="3" sc="250,-40,250,-20,250,-20,240,90" /><INIT seed="1,0,0,1,1,107" ten="210,230,230,330" oya="1" hai0="104,127,47,75,19,84,86,103,36,30,58,14,68" hai1="34,94,76,133,42,23,33,130,50,5,55,95,90" hai2="73,110,48,126,120,116,80,6,26,122,53,44,65" hai3="25,135,81,11,18,72,0,101,32,99,9,1,35"/><U66/><E42/><V60/><F116/><W77/><G135/><T41/><D68/><U12/><E133/><V105/><F105/><W106/><G11/><T38/><D38/><U119/><E119/><V59/><F126/><W93/><G106/><T20/><D127/><U7/><E130/><V8/><F26/><W121/><G121/><T132/><D132/><U69/><E94/><V88/><F110/><W43/><G43/><T17/><D30/><U61/><E76/><V21/><F21/><W67/><G67/><T91/><D75/><U4/><E23/><V15/><REACH who="2" step="1"/><F73/><REACH who="2" ten="210,230,220,330" step="2"/><W114/><G114/><T128/><D128/><U85/><REACH who="1" step="1"/><E12/><REACH who="1" ten="210,220,220,330" step="2"/><V70/><F70/><W118/><G118/><T92/><D14/><U40/><E40/><V124/><F124/><W52/><G0/><T37/><D20/><U111/><E111/><V125/><F125/><W46/><G1/><T45/><D104/><U51/><E51/><V100/><F100/><W13/><G32/><T113/><D103/><U56/><AGARI ba="0,2" hai="4,5,7,33,34,50,55,56,61,66,69,85,90,95" machi="56" ten="30,3000,0" yaku="1,1,0,1,53,0" doraHai="107" doraHaiUra="112" who="1" fromWho="1" sc="210,-10,220,50,220,-10,330,-10" /><INIT seed="1,1,0,1,3,45" ten="200,270,210,320" oya="1" hai0="115,84,103,51,8,4,58,52,99,35,30,94,135" hai1="88,80,133,102,49,62,56,60,24,111,31,66,69" hai2="17,86,25,3,53,20,78,107,43,72,70,73,104" hai3="18,114,54,47,83,75,119,0,34,40,130,50,67"/><U112/><E112/><V74/><F3/><W33/><G114/><T105/><D115/><U95/><E133/><V44/><F53/><W9/><G130/><T128/><D128/><U123/><E123/><V126/><F126/><W16/><G67/><T96/><D135/><U59/><E111/><V129/><F129/><W76/><G119/><T121/><D121/><U122/><E122/><V131/><F131/><W106/><G106/><T38/><D38/><U82/><E102/><V81/><REACH who="2" step="1"/><F70/><REACH who="2" ten="200,270,200,320" step="2"/><W46/><G0/><T90/><D35/><U117/><E69/><V91/><F91/><W108/><G108/><T85/><REACH who="0" step="1"/><D30/><REACH who="0" ten="190,270,200,320" step="2"/><U100/><E117/><V21/><F21/><W11/><G33/><T29/><D29/><U98/><E31/><V14/><F14/><AGARI ba="1,2" hai="4,8,14,51,52,58,84,85,90,94,96,99,103,105" machi="14" ten="30,8000,1" yaku="1,1,7,1,52,1,54,1,53,1" doraHai="45" doraHaiUra="1" who="0" fromWho="2" sc="190,103,270,0,200,-83,320,0" /><INIT seed="2,0,0,4,4,3" ten="293,270,117,320" oya="2" hai0="100,98,91,119,61,24,2,45,133,101,12,27,41" hai1="11,124,123,73,96,86,43,16,9,63,106,20,122" hai2="55,114,0,49,19,58,103,8,23,89,95,59,60" hai3="29,6,112,34,71,37,50,74,107,64,53,56,120"/><V88/><F114/><W83/><G120/><N who="1" m="46122" /><E73/><V22/><F103/><W104/><G37/><T25/><D2/><U65/><E124/><V111/><F111/><W80/><G6/><T129/><D129/><U1/><E1/><V87/><F0/><W131/><G131/><T48/><D133/><U90/><E43/><V105/><F105/><W109/><G109/><T76/><D119/><U70/><E96/><V79/><F79/><W75/><G64/><T85/><D76/><U28/><E28/><V15/><REACH who="2" step="1"/><F89/><REACH who="2" ten="293,270,107,320" step="2"/><W97/><G104/><T4/><D101/><U118/><E106/><V36/><F36/><W68/><G107/><T46/><D100/><U116/><E116/><V77/><F77/><W18/><G112/><T54/><D91/><U30/><E118/><V33/><F33/><W52/><G34/><T117/><D117/><U38/><E38/><V21/><F21/><W66/><G75/><T132/><D132/><U17/><E90/><V67/><AGARI ba="0,1" hai="8,15,19,22,23,49,55,58,59,60,67,87,88,95" machi="67" ten="20,12000,1" yaku="1,1,0,1,7,1,8,1,54,1,53,0" doraHai="3" doraHaiUra="113" who="2" fromWho="2" sc="293,-40,270,-40,107,130,320,-40" /><INIT seed="2,1,0,3,2,109" ten="253,230,237,280" oya="2" hai0="29,44,19,46,64,32,26,17,20,83,76,3,11" hai1="132,103,4,57,85,133,41,18,10,14,94,2,131" hai2="16,86,125,118,54,51,50,0,7,65,56,71,135" hai3="117,97,36,89,15,122,59,24,37,13,78,126,91"/><V52/><F118/><W31/><G122/><T27/><D64/><U120/><E41/><V130/><F125/><W121/><G117/><T53/><D53/><U40/><E40/><V110/><F130/><W79/><G121/><T101/><D101/><U43/><E43/><V104/><F104/><W48/><G37/><T75/><REACH who="0" step="1"/><D19/><REACH who="0" ten="243,230,237,280" step="2"/><U111/><E103/><V70/><F65/><W128/><G128/><T107/><D107/><U5/><E131/><V124/><F16/><W119/><G119/><T108/><D108/><U9/><E111/><V23/><F110/><W106/><G106/><T30/><D30/><U35/><E120/><V98/><F124/><W8/><G31/><T34/><D34/><U6/><E35/><V74/><F54/><W90/><G126/><T28/><D28/><U47/><E18/><V42/><F52/><W95/><G59/><T25/><D25/><U102/><E102/><V49/><F56/><W63/><G24/><T45/><D45/><U82/><E47/><V81/><F42/><W100/><G36/><T115/><D115/><U55/><E57/><V127/><F127/><W61/><G100/><T123/><D123/><U99/><E55/><V21/><F71/><W88/><G63/><T60/><D60/><U114/><E114/><V80/><F70/><W129/><G61/><T72/><D72/><U116/><E116/><V38/><F38/><W62/><G62/><T134/><D134/><U84/><E133/><V67/><F135/><W68/><G129/><T105/><D105/><U113/><E132/><V112/><F112/><W69/><G68/><RYUUKYOKU ba="1,1" sc="243,30,230,-10,237,-10,280,-10" hai0="3,11,17,20,26,27,29,32,44,46,75,76,83" /><INIT seed="3,2,1,0,5,114" ten="273,220,227,270" oya="3" hai0="111,120,10,105,122,85,133,31,55,123,79,92,87" hai1="65,40,106,66,22,8,67,47,11,56,15,54,108" hai2="45,58,119,125,70,19,26,16,90,61,134,23,117" hai3="68,93,39,75,82,71,34,127,115,73,49,9,98"/><W86/><G115/><T110/><D31/><U38/><E106/><V76/><F70/><W50/><G39/><T1/><D1/><U33/><E33/><V20/><F125/><W95/><G34/><T80/><D10/><U3/><E108/><N who="0" m="41513" /><D55/><U13/><E22/><V72/><F134/><W84/><G9/><T57/><D57/><U41/><E41/><V89/><F45/><W43/><G43/><T121/><D121/><U78/><E78/><V97/><F76/><W118/><G98/><T113/><D113/><U99/><E99/><V12/><F72/><W116/><REACH who="3" step="1"/><G82/><REACH who="3" ten="273,220,227,260" step="2"/><N who="0" m="47327" /><D133/><U59/><E3/><V69/><F69/><W32/><G32/><T64/><D122/><U62/><E11/><V5/><F5/><W63/><G63/><T4/><D123/><U44/><E8/><V100/><F119/><W24/><G24/><T83/><D83/><U27/><E27/><V112/><F117/><W88/><G88/><T21/><D120/><U18/><E15/><V0/><F0/><W52/><G52/><T46/><D4/><U37/><E13/><V28/><F112/><W17/><G17/><T129/><D21/><U124/><E18/><V25/><F12/><W94/><G94/><T29/><D80/><U48/><E124/><AGARI ba="2,2" hai="49,50,68,71,73,75,84,86,93,95,116,118,124,127" machi="124" ten="25,12000,1" yaku="1,1,22,2,52,2,53,0" doraHai="114" doraHaiUra="35" who="3" fromWho="1" sc="273,0,220,-126,227,0,260,146" owari="273,7.3,94,-40.6,227,-17.3,406,50.6" /></mjloggm>