<mjloggm ver="2.3"><GO type="225" lobby="0"/><UN n0="%E4%BF%BA%E3%81%A8%E5%A6%96%E5%A4%A2" n1="%E3%81%8B%E3%82%8F%E3%81%A1%E3%82%83%E3%82%93%35%38" n2="%E3%82%B3%E3%83%90%E3%83%AC%E3%82%A4" n3="%73%73%6B%5F%66%72%65%65" dan="16,16,16,16" rate="2240.50,2148.47,2128.88,2087.20" sx="F,M,M,M"/><TAIKYOKU oya="0"/><INIT seed="0,0,0,4,3,134" ten="250,250,250,250" oya="0" hai0="99,28,30,14,128,20,29,127,36,37,102,59,51" hai1="57,116,47,89,32,87,9,79,55,80,125,27,70" hai2="107,56,111,119,60,64,91,112,3,18,71,100,97" hai3="106,46,68,117,26,72,11,50,110,85,92,94,124"/><T5/><D128/><U122/><E122/><V131/><F3/><W24/><G117/><T120/><D120/><U58/><E116/><V38/><F38/><W93/><G106/><T108/><D108/><U62/><E70/><V34/><F111/><W69/><G110/><T66/><D66/><U63/><E32/><V86/><F131/><W90/><G72/><T78/><D78/><U95/><E125/><V42/><F42/><W31/><G124/><T61/><D127/><U109/><E109/><V77/><F34/><W75/><G75/><T96/><D51/><U10/><E27/><V48/><F77/><W133/><G133/><T17/><D5/><U39/><E47/><V13/><F112/><W65/><G11/><T73/><D73/><U16/><E16/><V40/><F119/><W21/><G26/><T22/><D99/><N who="1" m="57839" /><E39/><V23/><F40/><W2/><G2/><T118/><D118/><U4/><E4/><V25/><F48/><W6/><G6/><T123/><D123/><U135/><E135/><V53/><F25/><W98/><G69/><T15/><D22/><U7/><E7/><V35/><F35/><W74/><G74/><T104/><REACH who="0" step="1"/><D15/><REACH who="0" ten="240,250,250,250" step="2"/><U8/><E8/><V83/><F13/><W121/><G98/><T132/><D132/><U49/><E49/><V105/><F23/><W54/><G121/><T103/><D103/><U130/><E130/><V129/><F129/><W82/><G68/><T114/><D114/><U67/><AGARI ba="0,1" hai="9,10,55,57,58,62,63,67,79,80,87" m="57839" machi="67" ten="30,1100,0" yaku="8,1" doraHai="134" who="1" fromWho="1" sc="240,-5,250,21,250,-3,250,-3" /><INIT seed="1,0,0,3,1,14" ten="235,271,247,247" oya="1" hai0="49,125,81,50,99,120,9,129,110,52,86,124,18" hai1="116,19,34,135,23,63,134,106,107,66,101,43,113" hai2="72,55,29,22,21,115,53,61,73,76,27,1,17" hai3="85,45,87,79,109,3,123,92,37,131,132,80,89"/><U104/><E116/><V35/><F115/><W54/><G123/><T59/><D120/><U12/><E113/><V133/><F1/><W16/><G109/><T77/><D110/><U36/><E34/><V11/><F133/><N who="1" m="50697" /><E43/><V93/><F11/><W44/><G131/><T75/><D129/><U28/><E36/><V70/><F35/><W33/><G3/><T100/><D75/><U94/><E28/><V127/><F127/><N who="0" m="48714" /><D50/><U26/><E12/><V60/><F93/><W78/><G33/><T24/><D9/><U8/><E8/><V38/><F38/><W71/><G71/><T67/><D67/><U130/><E130/><V118/><F118/><W98/><G37/><T5/><D5/><U83/><E83/><V114/><F114/><W40/><G40/><T128/><D128/><U6/><E6/><V102/><F102/><W41/><G41/><T2/><D2/><U91/><E101/><V69/><F29/><W0/><G0/><T51/><D51/><U62/><E66/><V74/><F76/><N who="3" m="29227" /><G80/><T112/><D112/><U25/><E25/><V15/><F70/><W121/><G121/><T96/><D100/><U103/><E103/><V58/><F69/><W82/><G82/><T97/><D97/><AGARI ba="0,0" hai="19,23,26,62,63,91,94,97,104,106,107" m="50697" machi="97" ten="40,3900,0" yaku="20,1,52,1" doraHai="14" who="1" fromWho="0" sc="235,-39,271,39,247,0,247,0" /><INIT seed="1,1,0,4,2,23" ten="196,310,247,247" oya="1" hai0="131,54,27,75,66,16,115,45,106,42,13,132,101" hai1="97,8,34,122,133,59,56,41,105,60,86,62,116" hai2="51,44,46,135,73,107,76,95,118,108,53,63,125" hai3="104,50,19,79,22,127,99,6,92,32,89,33,96"/><U29/><E122/><V25/><F107/><W37/><G37/><T80/><D115/><U3/><E116/><V134/><F118/><W74/><G6/><T31/><D131/><U117/><E117/><V52/><F73/><W130/><G130/><T71/><D132/><U128/><E41/><V0/><F76/><W58/><G127/><T120/><D120/><U21/><E34/><V18/><F0/><W26/><G79/><T61/><D54/><U94/><E105/><V9/><F125/><W43/><G74/><T109/><D80/><U98/><E8/><V70/><F95/><W111/><G111/><T88/><D75/><U64/><E3/><V48/><F108/><W47/><REACH who="3" step="1"/><G58/><REACH who="3" ten="196,310,247,237" step="2"/><T15/><D109/><U112/><E128/><V12/><F70/><W28/><G28/><T84/><D31/><U36/><E36/><V55/><F135/><W119/><G119/><T68/><D71/><U65/><E133/><V11/><F134/><W110/><G110/><T78/><D78/><U30/><E112/><V87/><F63/><W67/><G67/><T14/><D68/><U100/><E30/><V114/><F114/><W40/><G40/><T123/><D123/><U1/><E29/><V113/><F113/><W38/><G38/><T57/><D66/><U91/><E65/><V2/><F53/><W82/><G82/><N who="0" m="49175" /><D57/><U4/><E64/><V77/><F2/><W24/><G24/><T35/><D61/><N who="1" m="23659" /><E59/><V69/><F69/><W124/><G124/><T49/><D35/><U72/><E56/><V102/><F25/><W10/><G10/><N who="0" m="6199" /><D27/><U39/><E72/><RYUUKYOKU ba="1,1" sc="196,15,310,-15,247,-15,237,15" hai0="14,15,42,45,49,101,106" hai3="19,22,26,32,33,43,47,50,89,92,96,99,104" /><INIT seed="2,2,1,4,3,66" ten="211,295,232,252" oya="2" hai0="58,60,68,117,30,6,18,61,21,8,132,9,114" hai1="63,12,39,104,36,40,118,99,67,100,22,62,24" hai2="93,130,16,49,102,109,135,23,11,84,56,76,119" hai3="53,14,57,17,29,112,2,31,127,82,69,45,120"/><V115/><F119/><W134/><G120/><T131/><D114/><U38/><E118/><V73/><F115/><W98/><G112/><T5/><D117/><U95/><E63/><V72/><F135/><W1/><G134/><T64/><D132/><U78/><E78/><V86/><F130/><W48/><G127/><T59/><D30/><U15/><E104/><V34/><F34/><W124/><G69/><T79/><D79/><U32/><E40/><V89/><F109/><W43/><G1/><T123/><D123/><U10/><E10/><N who="0" m="4201" /><D68/><U47/><E47/><V77/><F11/><N who="3" m="6367" /><G2/><T111/><D111/><U133/><E32/><V116/><F116/><W70/><G70/><T90/><D90/><U110/><E110/><V103/><F73/><W129/><G129/><T108/><D108/><U74/><E74/><V37/><F37/><W13/><G13/><N who="0" m="9423" /><D131/><U80/><E80/><V3/><F3/><W41/><G82/><T51/><D51/><U126/><E126/><V25/><F72/><W105/><G124/><T42/><D42/><U50/><E50/><V7/><F7/><W101/><G41/><T128/><D128/><U44/><E44/><V121/><F121/><W46/><G43/><T28/><D28/><N who="3" m="10825" /><G46/><T65/><AGARI ba="2,1" hai="5,6,58,59,60,61,64,65" m="9423,4201" machi="65" ten="30,1100,0" yaku="8,1" doraHai="66" who="0" fromWho="0" sc="211,27,295,-5,232,-7,252,-5" /><INIT seed="3,0,0,0,0,42" ten="238,290,225,247" oya="3" hai0="28,22,54,77,72,106,132,92,55,114,15,47,120" hai1="107,48,87,45,12,99,51,128,126,56,19,2,31" hai2="4,80,135,125,25,117,131,52,110,20,10,94,21" hai3="98,13,17,91,9,23,11,119,85,88,29,32,63"/><W118/><G32/><T112/><D120/><U46/><E2/><V26/><F117/><W61/><G119/><T44/><D106/><U16/><E31/><V27/><F135/><W122/><G122/><T36/><D132/><U127/><E128/><V41/><F131/><W81/><G118/><T123/><D123/><U83/><E56/><V108/><F41/><W82/><G29/><T84/><D72/><U104/><E99/><V62/><F80/><W70/><G70/><T95/><D77/><U89/><E46/><N who="0" m="17449" /><D36/><U33/><E51/><V86/><F125/><N who="1" m="47625" /><E16/><V96/><F86/><N who="3" m="50255" /><G98/><T75/><D75/><U133/><E33/><V97/><F96/><W38/><G38/><T65/><D65/><U129/><E129/><V134/><F134/><W34/><G34/><T113/><D84/><U105/><E133/><V130/><F130/><W1/><G1/><T64/><D64/><U124/><E124/><V116/><F116/><W102/><G102/><T37/><D37/><U43/><E105/><V40/><F40/><W24/><G24/><N who="0" m="16407" /><D15/><U49/><E43/><V58/><F58/><W50/><G23/><T71/><D71/><U121/><E45/><V101/><F62/><N who="3" m="23563" /><G50/><N who="1" m="19562" /><E121/><V90/><F101/><W93/><G11/><AGARI ba="0,0" hai="11,12,19,83,87,89,104,107" m="19562,47625" machi="11" ten="30,1000,0" yaku="18,1" doraHai="42" who="1" fromWho="3" sc="238,0,290,10,225,0,247,-10" owari="238,3.8,300,40.0,225,-27.5,237,-16.3" /></mjloggm>