<mjloggm ver="2.3"><GO type="225" lobby="0"/><UN n0="%E3%81%BF%E3%81%BF%E3%81%9A" n1="%6B%61%6D%65%65" n2="%E3%83%81%E3%83%83%E3%82%BF%E3%82%BD%E3%83%BC" n3="%E6%A1%9C%E6%B2%A2%E5%A2%A8" dan="18,17,16,16" rate="2209.60,2156.56,2122.31,2064.14" sx="M,M,F,F"/><TAIKYOKU oya="0"/><INIT seed="0,0,0,2,0,47" ten="250,250,250,250" oya="0" hai0="19,103,5,30,119,48,16,18,110,96,94,130,40" hai1="104,92,77,73,57,63,118,28,88,114,107,117,134" hai2="78,44,54,69,46,123,129,7,122,10,126,133,2" hai3="71,51,72,61,26,3,60,131,6,80,21,132,95"/><T135/><D119/><U12/><E134/><V66/><F78/><W34/><G132/><T97/><D135/><U108/><E108/><V111/><F111/><W23/><G131/><T41/><D110/><U74/><E114/><V86/><F133/><W68/><G34/><T35/><D130/><U29/><E12/><V79/><F129/><W106/><G106/><T109/><D109/><U50/><E104/><V105/><F105/><W65/><G95/><T82/><D5/><U125/><E107/><V9/><F86/><W115/><G115/><T32/><D82/><U67/><E125/><V17/><F79/><W76/><G6/><T22/><D96/><U13/><E13/><V52/><F7/><W15/><G3/><T124/><D124/><U64/><E64/><V128/><F128/><W8/><G8/><T127/><D127/><U4/><E4/><V99/><F66/><W58/><G61/><T0/><D0/><U59/><E118/><V43/><F126/><W24/><G15/><T112/><D112/><U39/><E39/><V20/><F20/><W37/><G37/><T31/><D22/><U83/><E74/><V81/><F69/><W120/><G120/><T91/><D103/><U113/><E113/><V93/><F9/><W11/><G11/><T98/><D97/><N who="1" m="57479" /><E117/><V1/><F2/><W53/><G71/><T85/><D98/><U100/><E100/><V55/><F122/><W90/><G90/><T89/><D91/><U84/><E73/><V116/><F116/><W36/><G36/><T25/><D48/><U101/><E101/><V38/><F123/><RYUUKYOKU ba="0,0" sc="250,10,250,10,250,-30,250,10" hai0="16,18,19,25,30,31,32,35,40,41,85,89,94" hai1="28,29,50,57,59,63,67,77,83,84" hai3="21,23,24,26,51,53,58,60,65,68,72,76,80" /><INIT seed="0,1,0,4,5,88" ten="260,260,220,260" oya="0" hai0="135,105,133,34,17,47,57,104,52,61,98,13,95" hai1="14,106,79,49,75,39,97,116,94,35,127,87,66" hai2="18,41,0,62,126,117,11,68,78,67,86,70,71" hai3="2,72,58,50,37,1,125,25,44,109,82,89,6"/><T60/><D34/><U55/><E116/><V112/><F126/><W12/><G109/><T40/><D61/><U93/><E39/><V132/><F132/><N who="0" m="50762" /><D13/><U20/><E35/><V36/><F112/><W103/><G25/><T118/><D17/><N who="1" m="10295" /><E75/><V81/><F117/><W23/><G23/><T130/><D118/><U7/><E106/><V51/><F36/><W46/><G12/><T102/><D130/><U121/><E121/><V73/><F73/><W45/><G37/><AGARI ba="1,0" hai="37,40,47,52,57,60,95,98,102,104,105" m="50762" machi="37" ten="30,5800,0" yaku="20,1,52,1,54,1" doraHai="88" who="0" fromWho="3" sc="260,61,260,0,220,0,260,-61" /><INIT seed="0,2,0,3,3,84" ten="321,260,220,199" oya="0" hai0="51,76,31,15,118,13,33,46,21,57,64,134,92" hai1="125,77,59,2,23,48,116,49,14,131,25,101,24" hai2="52,67,65,83,5,71,89,39,75,43,127,11,68" hai3="81,95,32,104,38,9,63,126,50,69,97,58,47"/><T40/><D118/><U86/><E116/><V87/><F127/><W66/><G126/><T132/><D33/><U96/><E125/><V111/><F111/><W121/><G121/><T16/><D76/><U109/><E109/><V37/><F75/><W99/><G32/><T115/><D115/><U79/><E2/><V103/><F103/><W12/><G104/><T107/><D107/><U1/><E1/><V124/><F124/><W44/><G38/><T93/><D31/><U17/><E131/><V61/><F43/><W60/><G81/><T30/><D30/><U70/><E70/><V54/><F39/><W34/><G34/><T3/><D3/><U62/><E49/><V135/><F135/><N who="0" m="51754" /><D13/><U74/><E48/><V88/><F37/><W113/><G113/><T130/><D130/><U110/><E74/><V22/><F22/><W105/><G105/><T0/><D0/><U133/><E110/><V112/><F112/><W19/><G50/><T106/><D106/><U10/><E133/><V94/><F65/><W72/><G72/><T98/><D98/><U90/><E79/><V29/><F71/><W26/><G99/><T100/><D100/><U18/><E77/><V8/><F29/><W55/><REACH who="3" step="1"/><G26/><REACH who="3" ten="321,260,220,189" step="2"/><T123/><D123/><U28/><E96/><V53/><REACH who="2" step="1"/><F5/><REACH who="2" ten="321,260,210,189" step="2"/><W27/><G27/><T91/><D51/><U78/><E25/><V119/><F119/><W82/><G82/><T80/><D40/><U85/><E28/><V7/><F7/><W6/><G6/><T20/><D80/><U102/><E24/><V120/><F120/><W4/><G4/><RYUUKYOKU ba="2,2" sc="321,-15,260,-15,210,15,189,15" hai2="8,11,52,53,54,61,67,68,83,87,88,89,94" hai3="9,12,19,44,47,55,58,60,63,66,69,95,97" /><INIT seed="1,3,2,5,3,80" ten="306,245,225,204" oya="1" hai0="130,24,108,20,72,36,42,56,113,64,14,134,10" hai1="101,61,38,107,39,27,79,135,32,127,16,112,51" hai2="29,33,13,104,45,119,25,1,43,11,4,120,69" hai3="30,109,125,117,60,41,128,6,90,5,83,71,129"/><U44/><E112/><V67/><F119/><W70/><G117/><T132/><D72/><U122/><E122/><V66/><F120/><W103/><G109/><T126/><D108/><U34/><E79/><V118/><F118/><W68/><G125/><T99/><D113/><U63/><E127/><V124/><F124/><W123/><G123/><T121/><D126/><U0/><E0/><V19/><F104/><W2/><G103/><T55/><D64/><U85/><E135/><N who="0" m="51753" /><D121/><U78/><E101/><V97/><F97/><W18/><G30/><T73/><D99/><U110/><E107/><V49/><REACH who="2" step="1"/><F69/><REACH who="2" ten="306,245,215,204" step="2"/><W8/><G68/><T22/><D130/><U106/><E106/><V31/><F31/><W82/><G71/><T21/><D73/><U48/><E110/><V65/><F65/><W131/><G70/><T54/><D24/><U26/><E26/><V46/><F46/><W57/><G129/><T95/><D56/><U53/><E27/><V92/><F92/><W74/><G131/><T15/><D95/><U116/><E116/><V12/><F12/><N who="3" m="7431" /><G128/><T37/><D14/><U98/><E98/><V93/><F93/><W23/><G2/><T88/><D15/><U17/><E44/><V100/><F100/><W28/><G74/><T58/><D58/><U84/><E78/><V89/><F89/><W111/><G90/><T47/><D88/><U75/><E75/><V76/><F76/><W114/><G111/><T3/><D37/><U94/><E94/><V52/><F52/><AGARI ba="3,3" hai="16,17,32,34,38,39,48,51,52,53,61,63,84,85" machi="52" ten="25,18000,2" yaku="22,2,52,2,54,2" doraHai="80" who="1" fromWho="2" sc="306,0,245,219,215,-189,204,0" /><INIT seed="1,4,0,0,4,39" ten="306,464,26,204" oya="1" hai0="49,104,116,114,28,4,16,84,101,36,108,2,75" hai1="35,56,82,6,74,85,118,134,50,131,127,83,119" hai2="37,79,63,109,24,40,41,42,34,99,64,124,129" hai3="60,128,62,18,5,100,69,107,43,67,31,27,97"/><U125/><E35/><V91/><F109/><W55/><G128/><T98/><D36/><U81/><E6/><V7/><F124/><N who="1" m="47689" /><E56/><N who="2" m="36967" /><F34/><N who="3" m="20863" /><G5/><T21/><D28/><U105/><E50/><V121/><F37/><W132/><G132/><T19/><D108/><U80/><E131/><V61/><F129/><W17/><G43/><N who="2" m="11009" /><V15/><DORA hai="54" /><F121/><W76/><G76/><T1/><D116/><N who="1" m="44587" /><E105/><V38/><F38/><W94/><G94/><T71/><D1/><U12/><E12/><V33/><F33/><W111/><G111/><T72/><D2/><U123/><E123/><V11/><F79/><W52/><G55/><T120/><D104/><U13/><E13/><V48/><F48/><W88/><G88/><T86/><D49/><U59/><E59/><AGARI ba="4,0" hai="17,18,52,59,60,62,67,69,97,100,107" m="20863" machi="59" ten="30,3900,0" yaku="25,1,52,1,54,1" doraHai="39,54" who="3" fromWho="1" sc="306,0,464,-51,26,0,204,51" /><INIT seed="2,0,0,2,1,98" ten="306,413,26,255" oya="2" hai0="135,12,102,52,78,115,22,1,97,23,11,48,59" hai1="122,104,13,60,85,90,120,132,64,38,29,51,35" hai2="106,84,124,72,108,70,127,34,8,123,41,31,57" hai3="89,45,128,54,50,28,0,67,113,109,56,18,111"/><V32/><F123/><N who="1" m="47145" /><E38/><V95/><F72/><W71/><G0/><T21/><D115/><U26/><E104/><V80/><F70/><W37/><G28/><T77/><D1/><U133/><E51/><V76/><F106/><W79/><G79/><T2/><D2/><U103/><E103/><V15/><F108/><N who="3" m="41547" /><G89/><T117/><D135/><U55/><E55/><V82/><F95/><W3/><G18/><T131/><D131/><U10/><E60/><V61/><F41/><N who="3" m="22703" /><G3/><T81/><D117/><U112/><E64/><V130/><F130/><W68/><G128/><T94/><REACH who="0" step="1"/><D81/><REACH who="0" ten="296,413,26,255" step="2"/><N who="1" m="49455" /><E112/><V49/><F82/><W121/><G121/><T91/><D91/><U5/><AGARI ba="0,1" hai="5,10,13,26,29,35,132,133" m="49455,47145" machi="5" ten="30,1100,0" yaku="13,1" doraHai="98" who="1" fromWho="1" sc="296,-3,413,21,26,-5,255,-3" /><INIT seed="3,0,0,5,3,44" ten="293,434,21,252" oya="3" hai0="96,92,132,94,97,18,104,107,53,57,86,11,135" hai1="4,25,110,35,43,88,49,50,127,30,101,116,133" hai2="93,3,103,74,90,33,134,78,77,8,109,91,31" hai3="20,29,95,0,130,66,63,81,84,5,2,22,61"/><W13/><G130/><T117/><D117/><U48/><E110/><V26/><F109/><W60/><G95/><T42/><D42/><U34/><E133/><N who="0" m="51273" /><D11/><U72/><E127/><V41/><F134/><W1/><G66/><T7/><D18/><U9/><E72/><V24/><F24/><W113/><G113/><T52/><D7/><U51/><E116/><V108/><F108/><W56/><G56/><T69/><D69/><U123/><E123/><V65/><F65/><W36/><G36/><T71/><D86/><U111/><E111/><V129/><F129/><W115/><G115/><T58/><D71/><U85/><E101/><V67/><F67/><W32/><G32/><T62/><D97/><U55/><E43/><V27/><F27/><W119/><G119/><T47/><D47/><U12/><E35/><V122/><F122/><W17/><G5/><T39/><D39/><U6/><E6/><V70/><F70/><W79/><REACH who="3" step="1"/><G29/><REACH who="3" ten="293,434,21,242" step="2"/><T80/><D94/><U37/><E37/><V46/><F103/><W120/><G120/><T59/><D80/><U105/><E30/><V73/><F93/><W114/><G114/><T28/><D28/><U76/><E34/><V112/><F112/><W99/><G99/><T124/><D124/><U118/><E118/><V40/><F46/><W75/><G75/><N who="2" m="28681" /><F77/><W54/><G54/><N who="0" m="21099" /><D62/><U102/><E76/><V106/><F78/><W21/><AGARI ba="0,1" hai="0,1,2,13,17,20,21,22,60,61,63,79,81,84" machi="21" ten="40,3900,0" yaku="1,1,0,1,53,0" doraHai="44" doraHaiUra="87" who="3" fromWho="3" sc="293,-13,434,-13,21,-13,242,49" /><INIT seed="3,1,0,3,2,60" ten="280,421,8,291" oya="3" hai0="1,13,46,24,37,52,115,81,62,106,104,19,101" hai1="10,22,31,127,35,95,123,33,42,116,130,113,5" hai2="114,65,97,119,59,2,16,110,87,83,12,78,133" hai3="51,9,48,68,7,43,103,129,100,21,25,63,18"/><W125/><G125/><T82/><D1/><U32/><E42/><V94/><F2/><W107/><G129/><T90/><D24/><N who="1" m="16791" /><E95/><V128/><F110/><W26/><G26/><T126/><D126/><U8/><E127/><V79/><F133/><W20/><G20/><T66/><D115/><U96/><E96/><V67/><F128/><W61/><G107/><T112/><D112/><U98/><E98/><V49/><F119/><W111/><G111/><T105/><D101/><N who="3" m="38985" /><G68/><T99/><D99/><U118/><E113/><V41/><F114/><W64/><G43/><T50/><D37/><U109/><E130/><V122/><F122/><W117/><G117/><N who="1" m="45162" /><E109/><V93/><F78/><W28/><G28/><T40/><D40/><U27/><E123/><V85/><F87/><W15/><G64/><N who="2" m="24649" /><F97/><W88/><G88/><T55/><D55/><U72/><E72/><V73/><F73/><W39/><G39/><T58/><REACH who="0" step="1"/><D90/><REACH who="0" ten="270,421,8,291" step="2"/><U29/><E27/><V17/><F41/><W3/><G3/><T0/><D0/><U84/><E35/><V134/><F134/><W102/><N who="3" m="38993" /><W36/><DORA hai="108" /><G36/><T30/><D30/><U135/><E29/><V121/><F121/><W45/><G45/><T70/><D70/><U120/><E33/><V71/><F71/><W53/><G53/><T14/><D14/><U54/><E32/><V132/><F132/><W92/><G92/><N who="2" m="35433" /><F12/><W89/><G89/><T74/><D74/><U47/><E54/><N who="2" m="32207" /><F85/><W80/><G80/><T57/><D57/><U91/><E120/><V38/><F38/><W69/><G69/><T77/><D77/><RYUUKYOKU ba="1,1" sc="270,10,421,-30,8,10,291,10" hai0="13,19,46,50,52,58,62,66,81,82,104,105,106" hai2="16,17,79,83" hai3="7,9,15,18,21,25,48,51,61,63" /><INIT seed="3,2,1,3,5,13" ten="280,391,18,301" oya="3" hai0="61,17,81,121,57,48,74,111,70,133,60,49,42" hai1="101,29,63,64,1,53,126,106,0,59,35,33,100" hai2="132,90,82,44,40,65,11,30,92,58,23,45,73" hai3="6,85,102,3,109,37,83,96,117,55,110,7,120"/><W28/><G117/><T89/><D74/><U41/><E126/><V125/><F125/><W8/><G120/><T27/><D121/><U97/><E41/><V24/><F132/><W93/><G37/><T67/><D133/><U77/><E77/><V104/><F104/><W127/><G127/><T112/><D111/><N who="3" m="42505" /><G28/><T12/><D112/><U71/><E101/><V2/><F65/><W16/><G55/><T36/><D27/><N who="1" m="18623" /><E35/><V31/><F45/><W76/><G3/><T52/><D36/><U130/><E130/><V18/><F58/><W78/><G78/><T84/><REACH who="0" step="1"/><D42/><REACH who="0" ten="270,391,18,301" step="2"/><U134/><E134/><V5/><F92/><W91/><G76/><T66/><D66/><U123/><E123/><V20/><F90/><W79/><G79/><T15/><D15/><AGARI ba="2,2" hai="6,7,8,15,16,83,85,91,93,96,102" m="42505" machi="15" ten="30,11600,0" yaku="14,1,10,1,52,1,54,1" doraHai="13" who="3" fromWho="0" sc="270,-122,391,0,18,0,301,142" owari="148,-25.2,391,19.1,18,-48.2,443,54.3" /></mjloggm>