<mjloggm ver="2.3"><GO type="225" lobby="0"/><UN n0="%33%74%72%65%65" n1="%E6%A1%9C%E8%8A%B1%E9%96%83%E3%80%85" n2="%E5%B6%BA%E4%B8%8A%E5%92%B2" n3="%E8%B5%A4%E3%81%84%E8%9B%99%31%31" dan="17,16,16,16" rate="2215.59,2167.73,2136.70,2079.76" sx="F,M,F,M"/><TAIKYOKU oya="0"/><INIT seed="0,0,0,4,5,29" ten="250,250,250,250" oya="0" hai0="47,120,88,97,24,126,69,11,71,130,22,78,75" hai1="21,68,12,45,49,32,113,70,100,3,28,65,54" hai2="18,25,104,76,109,7,99,92,34,50,117,133,108" hai3="128,14,63,116,79,33,42,86,82,77,89,5,16"/><T60/><D120/><U56/><E3/><V58/><F117/><W106/><G116/><T135/><D135/><U85/><E113/><V37/><F37/><W31/><G106/><T96/><D130/><U35/><E100/><V64/><F133/><W110/><G128/><T4/><D126/><U53/><E85/><V55/><F104/><W118/><G118/><T59/><D47/><U105/><E105/><V27/><F7/><W0/><G110/><N who="2" m="42601" /><F76/><W43/><G63/><T52/><D78/><U23/><E65/><V6/><F6/><W51/><G0/><T101/><D75/><U72/><E72/><V112/><F112/><W114/><G5/><T102/><D102/><U98/><E98/><V20/><F64/><W44/><G43/><T13/><D96/><U87/><E87/><V81/><F81/><W10/><REACH who="3" step="1"/><G114/><REACH who="3" ten="250,250,250,240" step="2"/><T134/><D134/><U83/><E68/><V80/><F80/><W84/><G84/><T48/><D60/><U91/><E70/><V122/><F122/><W129/><G129/><T61/><D61/><U8/><E83/><V2/><F2/><W93/><G93/><N who="0" m="58543" /><D71/><U121/><E121/><V30/><F92/><W73/><G73/><T95/><D69/><U125/><E54/><N who="2" m="32087" /><F99/><W41/><G41/><T38/><D95/><U107/><E107/><V9/><F55/><W131/><G131/><T127/><D127/><U19/><E125/><V39/><F39/><W94/><G94/><T40/><D38/><U26/><E53/><V74/><F74/><W90/><G90/><T57/><D88/><U103/><E91/><V66/><F66/><RYUUKYOKU ba="0,1" sc="250,-15,250,-15,250,15,240,15" hai2="9,18,20,25,27,30,34" hai3="10,14,16,31,33,42,44,51,77,79,82,86,89" /><INIT seed="1,1,1,0,3,51" ten="235,235,265,255" oya="1" hai0="124,14,75,46,65,72,17,45,114,118,6,117,42" hai1="48,128,1,133,87,60,43,107,70,16,5,13,62" hai2="73,94,134,54,132,80,11,3,2,8,59,108,57" hai3="19,92,98,10,93,12,90,0,123,106,68,103,112"/><U35/><E107/><V88/><F108/><W25/><G123/><T131/><D114/><U37/><E37/><V79/><F57/><W99/><G112/><T91/><D131/><U47/><E128/><V122/><F122/><W33/><G68/><T21/><D124/><U27/><E133/><N who="2" m="51307" /><F8/><W31/><REACH who="3" step="1"/><G0/><REACH who="3" ten="235,235,265,245" step="2"/><T30/><D117/><U110/><E70/><V36/><F2/><W111/><G111/><T58/><D118/><U41/><E110/><V129/><F129/><W71/><G71/><T96/><D6/><U82/><E1/><V23/><F36/><W61/><G61/><T67/><D30/><U34/><E5/><V126/><F126/><W120/><G120/><T85/><D96/><U125/><E125/><V135/><F135/><W69/><G69/><T63/><D67/><U15/><E62/><N who="2" m="36215" /><F3/><W74/><G74/><T116/><D116/><U7/><E60/><V24/><F11/><W86/><G86/><T66/><D66/><U101/><E87/><N who="2" m="52511" /><F23/><W119/><G119/><T9/><D9/><U28/><E7/><V84/><F84/><W97/><G97/><T127/><D127/><U77/><E35/><V78/><F79/><W83/><G83/><N who="0" m="49599" /><D75/><U50/><E34/><V76/><F78/><W100/><G100/><T20/><D72/><U52/><E101/><V18/><F18/><W39/><G39/><N who="0" m="21727" /><D21/><N who="1" m="13735" /><E28/><V121/><F121/><W56/><G56/><T81/><D81/><U38/><E82/><V105/><F105/><AGARI ba="1,2" hai="10,12,19,25,31,33,90,92,93,98,99,103,105,106" machi="105" ten="40,1300,0" yaku="1,1,53,0" doraHai="51" doraHaiUra="49" who="3" fromWho="2" sc="235,0,235,0,265,-16,245,36" /><INIT seed="2,0,0,3,1,51" ten="235,235,249,281" oya="2" hai0="83,134,24,13,84,44,7,63,86,17,128,115,61" hai1="135,87,18,95,60,59,80,96,2,34,109,127,105" hai2="32,47,130,28,56,12,89,55,70,133,66,119,118" hai3="68,131,114,8,117,16,106,81,21,25,49,53,4"/><V102/><F130/><W0/><G117/><T42/><D115/><U54/><E109/><V124/><F133/><W97/><G131/><T92/><D128/><U107/><E135/><V73/><F124/><W1/><G68/><T36/><D134/><U38/><E127/><V15/><F73/><W14/><G114/><T76/><D7/><U91/><E2/><V125/><F125/><W6/><G6/><T116/><D24/><U103/><E38/><V27/><F102/><W29/><G81/><T48/><D36/><U126/><E126/><V67/><F70/><W43/><G43/><T132/><D116/><U71/><E34/><V39/><F118/><W93/><G106/><T62/><D132/><U122/><E122/><V110/><F110/><W75/><G75/><T74/><REACH who="0" step="1"/><D92/><REACH who="0" ten="225,235,249,281" step="2"/><U123/><E123/><V45/><F119/><W50/><G4/><T108/><D108/><U19/><E105/><V37/><F37/><W46/><REACH who="3" step="1"/><G50/><REACH who="3" ten="225,235,249,271" step="2"/><T20/><AGARI ba="0,2" hai="13,17,20,42,44,48,61,62,63,74,76,83,84,86" machi="20" ten="30,2000,0" yaku="1,1,0,1,53,0" doraHai="51" doraHaiUra="65" who="0" fromWho="0" sc="225,40,235,-5,249,-10,271,-5" /><INIT seed="3,0,0,2,4,46" ten="265,230,239,266" oya="3" hai0="52,63,43,34,116,100,16,47,124,102,13,106,14" hai1="64,38,123,97,83,11,104,120,26,44,93,92,89" hai2="103,8,29,36,75,60,98,45,132,56,53,87,82" hai3="130,25,5,127,90,48,119,58,129,40,39,62,134"/><W50/><G119/><T95/><D116/><U77/><E64/><V1/><F75/><W94/><G127/><T105/><D34/><U86/><E26/><V133/><F29/><W31/><G5/><T131/><D124/><U84/><E11/><V99/><F1/><W80/><G80/><T67/><D131/><N who="3" m="50185" /><G134/><N who="2" m="51817" /><F8/><W10/><G10/><T126/><D126/><U55/><E55/><V96/><F36/><W115/><G39/><T24/><D24/><U69/><E69/><V2/><F2/><W111/><G40/><T21/><D14/><U118/><E118/><V41/><F41/><W57/><G111/><T9/><D9/><U4/><E4/><V0/><F0/><W28/><G115/><T17/><D17/><U107/><E44/><V42/><F45/><W70/><G70/><T135/><D135/><U71/><E71/><V121/><F42/><W125/><G125/><T85/><D43/><U88/><E38/><V101/><F121/><AGARI ba="0,0" hai="77,83,84,86,88,89,92,93,97,104,107,120,121,123" machi="121" ten="40,8000,1" yaku="34,3,54,1" doraHai="46" who="1" fromWho="2" sc="265,0,230,80,239,-80,266,0" owari="265,-13.5,310,41.0,159,-34.1,266,6.6" /></mjloggm>