<mjloggm ver="2.3"><GO type="225" lobby="0"/><UN n0="%E6%A1%9C%E8%8A%B1%E9%96%83%E3%80%85" n1="%E3%81%8B%E3%82%8F%E3%81%A1%E3%82%83%E3%82%93%35%38" n2="%E3%83%B4%E3%82%A3%E3%83%AF%E3%82%B3%E3%82%B0%E3%83%8B" n3="%E6%98%93%E5%88%A9%E8%96%A9%E4%BC%AF" dan="16,16,17,17" rate="2099.89,2136.97,2212.89,2148.31" sx="M,M,M,F"/><TAIKYOKU oya="0"/><INIT seed="0,0,0,3,5,69" ten="250,250,250,250" oya="0" hai0="128,26,124,87,84,41,132,0,18,120,13,57,24" hai1="22,85,75,52,38,20,130,66,93,123,32,34,86" hai2="131,111,125,117,36,8,82,95,89,108,74,63,47" hai3="127,6,11,71,99,76,14,97,12,21,122,98,109"/><T31/><D120/><U3/><E3/><V102/><F131/><W51/><G122/><T50/><D128/><U60/><E123/><V33/><F33/><W114/><G114/><T5/><D124/><U110/><E75/><V42/><F125/><W10/><G109/><T77/><D132/><U9/><E130/><V129/><F129/><W88/><G71/><T106/><D106/><U100/><E110/><V49/><F117/><W4/><G127/><T134/><D134/><U113/><E113/><V40/><F102/><W135/><G76/><T16/><D0/><U121/><E121/><V65/><F8/><W70/><G70/><T2/><D2/><U119/><E32/><V43/><F74/><W92/><G135/><T104/><D104/><U115/><E34/><V55/><F82/><W103/><G21/><N who="0" m="15823" /><D24/><U73/><E73/><V1/><F1/><W112/><G112/><T116/><D116/><U91/><E115/><V79/><F79/><W7/><G103/><T28/><D28/><U23/><E119/><V35/><F35/><W39/><G39/><T15/><D5/><U45/><E38/><V19/><F19/><N who="0" m="7210" /><D41/><U29/><E29/><V80/><F36/><W48/><REACH who="3" step="1"/><G6/><REACH who="3" ten="250,250,250,240" step="2"/><T27/><D77/><U72/><E100/><V81/><F111/><W58/><G58/><T101/><D101/><U17/><E72/><V107/><F108/><W61/><G61/><T105/><D105/><U62/><E22/><V54/><F107/><W30/><G30/><T44/><D57/><U46/><E23/><V53/><F63/><W59/><G59/><T78/><D78/><RYUUKYOKU ba="0,1" sc="250,-10,250,-10,250,-10,240,30" hai3="4,7,10,11,12,14,48,51,88,92,97,98,99" /><INIT seed="1,1,1,1,4,93" ten="240,240,240,270" oya="1" hai0="28,123,76,81,115,111,105,41,127,84,99,60,45" hai1="91,24,108,16,102,125,39,128,75,113,48,70,7" hai2="131,58,132,27,107,37,96,18,116,56,1,55,49" hai3="10,32,23,86,51,35,89,110,66,135,29,57,129"/><U97/><E113/><V82/><F131/><W21/><G110/><T114/><D111/><U101/><E39/><V85/><F116/><W77/><G77/><T64/><D28/><U12/><E125/><V119/><F119/><W26/><G135/><T122/><D127/><U19/><E70/><V31/><F132/><W80/><G129/><T118/><D118/><U36/><E36/><V22/><F37/><W67/><G35/><T92/><D105/><U14/><E75/><V4/><F1/><W50/><G10/><T47/><D115/><U124/><E124/><V130/><F130/><W53/><G32/><T100/><D114/><U120/><E120/><N who="0" m="46121" /><D41/><U20/><E108/><V126/><F4/><W106/><G106/><T5/><D5/><U54/><E128/><V38/><F38/><W3/><G3/><T98/><D98/><U62/><E62/><V94/><F107/><W109/><G109/><T9/><D9/><N who="1" m="4159" /><E91/><N who="2" m="51639" /><F126/><W69/><G69/><AGARI ba="1,1" hai="45,47,60,64,69,76,81,84,92,99,100" m="46121" machi="69" ten="30,2000,0" yaku="13,1,52,1" doraHai="93" who="0" fromWho="3" sc="240,33,240,0,240,0,270,-23" /><INIT seed="2,0,0,5,5,119" ten="273,240,240,247" oya="2" hai0="24,91,85,68,53,70,25,134,133,89,14,71,58" hai1="31,103,112,74,77,49,44,18,76,45,87,124,51" hai2="43,93,86,50,63,113,56,40,108,27,95,83,100" hai3="48,135,92,39,13,116,11,123,37,59,104,64,29"/><V75/><F113/><W121/><G104/><T73/><D73/><U62/><E112/><V47/><F75/><W79/><G116/><T23/><D14/><U20/><E74/><V115/><F115/><W17/><G135/><N who="0" m="51723" /><D85/><U107/><E107/><V102/><F40/><W122/><G79/><T127/><D127/><U12/><E124/><V3/><F3/><W125/><G125/><T129/><D129/><U120/><E103/><N who="2" m="39467" /><F27/><N who="0" m="10314" /><D23/><U99/><E99/><V6/><F6/><W94/><G29/><T69/><N who="0" m="17408" /><DORA hai="98" /><T21/><D21/><U28/><E77/><N who="2" m="46447" /><F108/><W0/><G0/><T118/><D118/><U5/><E76/><V81/><F81/><W78/><G78/><T10/><D10/><U101/><E5/><V114/><F114/><W105/><G105/><T9/><D9/><U66/><E28/><V33/><F33/><W19/><G39/><T30/><D30/><U1/><E31/><V97/><F97/><W67/><G37/><T42/><D42/><N who="1" m="24727" /><E1/><V57/><F57/><W109/><G109/><T46/><D46/><U22/><E22/><V26/><F26/><W54/><REACH who="3" step="1"/><G19/><REACH who="3" ten="273,240,240,237" step="2"/><T126/><D126/><U72/><E18/><V106/><F106/><W32/><G32/><T117/><D117/><U96/><E72/><V35/><F35/><W7/><G7/><T88/><D91/><U131/><E131/><V82/><F82/><W38/><G38/><T60/><AGARI ba="0,1" hai="53,58,60,88,89" m="17408,10314,51723" machi="60" ten="60,4000,0" yaku="20,1,54,1" doraHai="119,98" who="0" fromWho="0" sc="273,50,240,-10,240,-20,237,-10" /><INIT seed="3,0,0,1,4,63" ten="323,230,220,227" oya="3" hai0="20,3,50,11,93,54,65,67,122,98,130,82,111" hai1="6,69,37,16,129,46,106,86,0,2,80,62,35" hai2="112,22,12,127,36,78,92,58,117,41,17,75,133" hai3="95,8,116,44,48,55,113,103,124,126,57,88,29"/><W132/><G113/><T59/><D122/><U4/><E106/><V13/><F112/><W27/><G116/><T7/><D111/><U81/><E35/><V115/><F115/><W64/><G132/><T5/><D130/><U61/><E129/><V89/><F117/><W26/><G103/><T85/><D20/><U1/><E61/><V68/><F68/><W105/><G105/><T15/><D5/><U96/><E96/><V30/><F133/><W121/><G8/><T79/><D15/><U42/><E16/><V135/><F135/><W99/><G121/><T49/><D49/><U131/><E131/><V100/><F127/><N who="3" m="48683" /><G29/><T71/><D71/><U101/><E101/><AGARI ba="0,0" hai="3,7,11,50,54,59,65,67,79,82,85,93,98,101" machi="101" ten="30,3900,0" yaku="7,1,52,2" doraHai="63" who="0" fromWho="1" sc="323,39,230,-39,220,0,227,0" owari="362,46.2,191,-30.9,220,-18.0,227,2.7" /></mjloggm>