<mjloggm ver="2.3"><GO type="225" lobby="0"/><UN n0="%E6%B8%A9%E2%98%85%E6%83%85%E2%98%85%E6%8E%AA%E2%98%85%E7%BD%AE" n1="%E6%B7%91%E5%A5%B3%E3%81%AE%E5%97%9C%E3%81%BF" n2="%E2%98%86%E5%B0%8F%E5%AD%A6%E7%94%B7%E7%94%9F%E2%98%86" n3="%E3%81%BF%E3%81%BF%E3%81%9A" dan="17,16,17,18" rate="2196.46,2103.15,2211.81,2248.55" sx="M,M,M,M"/><TAIKYOKU oya="0"/><INIT seed="0,0,0,0,2,132" ten="250,250,250,250" oya="0" hai0="82,0,109,39,77,48,42,2,95,110,117,71,7" hai1="64,85,80,122,113,12,28,61,120,9,23,22,49" hai2="54,93,129,34,81,99,83,65,112,66,32,124,78" hai3="53,90,57,131,100,88,84,103,60,35,67,47,134"/><T119/><D48/><U75/><E75/><V30/><F112/><W3/><G134/><T125/><D71/><U31/><E113/><V36/><F129/><W15/><G131/><T58/><D58/><N who="1" m="36919" /><E49/><V73/><F36/><W29/><G3/><T70/><D70/><U10/><E122/><V33/><F30/><N who="1" m="11305" /><E120/><V1/><F1/><W6/><G29/><T98/><D0/><U135/><E135/><V24/><F24/><W27/><G27/><T43/><D39/><U108/><E108/><N who="0" m="41577" /><D125/><U87/><E87/><V25/><F124/><W56/><G35/><T21/><D21/><N who="1" m="7691" /><E12/><V107/><F107/><W16/><G47/><T59/><D59/><U104/><E104/><V116/><F116/><N who="0" m="44618" /><D7/><U19/><E19/><V51/><F25/><W101/><G6/><T5/><D5/><U69/><E69/><V50/><F50/><N who="3" m="30775" /><G84/><N who="0" m="48207" /><D2/><U68/><E68/><V38/><F38/><W55/><G67/><T79/><D79/><AGARI ba="0,0" hai="9,10,79,80,85" m="7691,11305,36919" machi="79" ten="30,1000,0" yaku="8,1" doraHai="132" who="1" fromWho="0" sc="250,-10,250,10,250,0,250,0" /><INIT seed="1,0,0,4,0,38" ten="240,260,250,250" oya="1" hai0="94,46,100,42,34,14,54,96,16,66,81,118,50" hai1="71,101,135,30,10,134,79,125,93,28,55,95,80" hai2="9,99,86,115,7,62,103,106,90,109,121,43,75" hai3="85,53,49,23,68,131,8,107,127,122,15,22,60"/><U27/><E71/><V5/><F121/><W114/><G122/><T113/><D113/><U89/><E125/><V130/><F115/><W59/><G114/><T69/><D34/><U35/><E30/><V45/><F109/><W74/><G74/><T61/><D118/><U47/><E10/><V12/><F130/><W123/><G123/><T108/><D108/><U40/><E55/><V52/><F75/><W3/><G131/><T110/><D110/><U102/><E102/><V4/><F62/><W76/><G107/><T0/><D0/><U26/><E101/><V2/><F2/><W48/><G3/><T77/><D54/><U120/><E27/><V111/><F111/><W19/><G127/><T36/><D36/><N who="1" m="21895" /><E89/><V97/><F97/><W44/><G49/><T92/><D96/><U129/><E129/><V13/><F52/><N who="3" m="33895" /><G68/><T24/><D24/><U1/><E1/><V67/><F67/><W41/><G53/><T63/><D100/><U39/><E39/><V65/><F65/><W83/><AGARI ba="0,0" hai="8,15,19,22,23,41,44,48,76,83,85" m="33895" machi="83" ten="30,4000,0" yaku="8,1,52,1,54,1" doraHai="38" who="3" fromWho="3" sc="240,-10,260,-20,250,-10,250,40" /><INIT seed="2,0,0,0,5,78" ten="230,240,240,290" oya="2" hai0="4,50,105,95,3,86,90,24,49,97,76,130,51" hai1="47,1,111,119,69,55,101,63,36,40,104,61,108" hai2="109,13,34,110,96,26,120,68,23,19,133,32,67" hai3="115,60,8,87,53,100,9,72,79,16,2,17,10"/><V7/><F120/><W44/><G2/><T132/><D130/><U134/><E119/><V56/><F68/><W66/><G72/><T59/><D132/><U99/><E134/><V41/><F41/><W121/><G121/><T11/><D24/><U117/><E117/><V39/><F39/><W75/><G75/><T73/><D59/><U129/><E129/><V65/><F133/><W5/><G5/><T123/><D123/><U127/><E127/><V18/><F96/><W29/><G29/><T0/><D0/><U57/><E1/><V112/><F112/><W28/><G28/><T20/><D20/><U37/><E37/><V93/><F93/><W31/><G31/><T70/><D70/><U45/><E45/><V126/><F126/><W38/><G100/><N who="0" m="62607" /><D50/><U81/><E69/><V58/><F7/><W43/><G115/><T124/><D124/><U103/><E63/><V131/><F131/><W35/><G35/><T6/><D4/><U84/><REACH who="1" step="1"/><E103/><REACH who="1" ten="230,230,240,290" step="2"/><V52/><F109/><W116/><G116/><T102/><D102/><U27/><E27/><V62/><F110/><W21/><G38/><T85/><D51/><U106/><E106/><V80/><F62/><W22/><G44/><T48/><D73/><U98/><E98/><V14/><F26/><W92/><G60/><T30/><D30/><U113/><E113/><V15/><F15/><W64/><G43/><T91/><D91/><AGARI ba="0,1" hai="36,40,47,55,57,61,81,84,91,99,101,104,108,111" machi="91" ten="40,2600,0" yaku="1,1,52,1,53,0" doraHai="78" doraHaiUra="89" who="1" fromWho="0" sc="230,-26,230,36,240,0,290,0" /><INIT seed="3,0,0,4,0,47" ten="204,266,240,290" oya="3" hai0="97,124,58,53,13,92,111,29,82,99,85,89,128" hai1="135,84,123,66,49,100,67,3,60,17,37,54,41" hai2="2,102,116,32,118,25,10,18,115,95,7,16,8" hai3="107,73,78,122,117,42,43,133,103,101,127,131,28"/><W24/><G117/><N who="2" m="45161" /><F95/><W22/><G122/><T129/><D124/><U63/><E3/><N who="2" m="127" /><F102/><W6/><G127/><T79/><D111/><U74/><E135/><V14/><F115/><W68/><G133/><T21/><D97/><U59/><E74/><V35/><F2/><W61/><G6/><T46/><D46/><U110/><E100/><V38/><F38/><W1/><G1/><T64/><D64/><U65/><E37/><V4/><F25/><W114/><G114/><T26/><REACH who="0" step="1"/><D13/><REACH who="0" ten="194,266,240,290" step="2"/><U83/><E110/><V77/><F77/><W34/><G78/><T30/><D30/><U91/><E67/><V86/><F86/><W109/><G73/><T125/><D125/><U134/><E65/><V80/><F80/><W75/><G109/><T121/><D121/><U12/><E66/><V132/><F132/><W96/><G75/><T119/><D119/><U56/><E123/><V51/><F51/><AGARI ba="0,1" hai="21,26,29,51,53,58,79,82,85,89,92,99,128,129" machi="51" ten="40,2600,0" yaku="1,1,52,1,53,0" doraHai="47" doraHaiUra="5" who="0" fromWho="2" sc="194,36,266,0,240,-26,290,0" /><INIT seed="4,0,0,2,5,135" ten="230,266,214,290" oya="0" hai0="14,85,12,10,37,101,9,89,28,25,41,110,93" hai1="24,54,21,116,82,130,3,125,30,23,90,112,19" hai2="42,72,51,91,5,96,94,88,50,107,69,79,73" hai3="64,6,121,7,126,0,29,97,113,1,71,109,18"/><T83/><D110/><U134/><E116/><V27/><F69/><W53/><G109/><T11/><D37/><U36/><E134/><V2/><F107/><W103/><G53/><T77/><D41/><U20/><E36/><V38/><F27/><W86/><G18/><T67/><D101/><U87/><E3/><V80/><F73/><W115/><G29/><T44/><D44/><U17/><E130/><V58/><F58/><W100/><G126/><T92/><D67/><U47/><E125/><V59/><F59/><W62/><G121/><T81/><D93/><U43/><E112/><N who="3" m="43082" /><G86/><T127/><D127/><U129/><E129/><V123/><F91/><W22/><G22/><N who="1" m="8810" /><E43/><V48/><F123/><W16/><G16/><N who="1" m="6218" /><E54/><V74/><F74/><W120/><G120/><T63/><D28/><U102/><E102/><N who="3" m="38954" /><G97/><T65/><D65/><U4/><E47/><N who="2" m="24023" /><F48/><W104/><G104/><T35/><D63/><U99/><E99/><V118/><F118/><W84/><G84/><T31/><REACH who="0" step="1"/><D83/><REACH who="0" ten="220,266,214,290" step="2"/><U61/><E61/><V124/><F124/><W45/><G45/><T131/><D131/><U95/><E82/><V117/><F117/><W33/><G33/><T78/><D78/><U55/><E55/><V106/><F106/><W105/><G105/><T108/><D108/><U40/><E40/><V119/><F119/><W49/><G49/><T32/><D32/><U60/><E60/><V26/><F26/><W70/><G70/><T128/><D128/><U13/><E95/><V76/><F76/><W39/><G39/><T114/><D114/><U132/><E132/><V111/><F111/><RYUUKYOKU ba="0,1" sc="220,10,266,-30,214,10,290,10" hai0="9,10,11,12,14,25,31,35,77,81,85,89,92" hai2="2,5,50,51,72,79,80,88,94,96" hai3="0,1,6,7,62,64,71" /><INIT seed="4,1,1,5,0,2" ten="230,236,224,300" oya="0" hai0="8,115,18,71,20,41,111,94,10,127,121,72,23" hai1="125,103,112,123,6,66,25,57,0,79,133,3,122" hai2="74,48,84,116,5,61,50,19,129,35,109,12,4" hai3="91,101,135,64,93,27,100,85,31,34,47,11,120"/><T87/><D121/><U36/><E36/><V37/><F109/><W33/><G120/><T15/><D72/><U16/><E125/><V105/><F74/><W96/><G135/><T21/><D71/><U1/><E133/><V69/><F37/><W126/><G126/><T53/><D127/><U65/><E112/><V13/><F105/><W83/><G64/><T62/><D115/><U92/><E79/><V44/><F35/><W42/><G11/><N who="0" m="6527" /><D41/><U75/><E75/><V88/><F129/><W54/><G54/><T55/><D111/><U89/><E103/><V97/><F97/><W9/><G9/><N who="0" m="3691" /><D62/><U134/><E134/><V67/><F116/><W22/><G101/><T110/><D110/><U128/><E128/><V119/><F119/><W124/><G124/><T118/><D118/><U17/><E65/><V114/><F114/><W24/><G24/><T70/><D70/><U132/><E132/><V81/><F50/><AGARI ba="1,1" hai="22,27,31,33,34,42,47,50,83,85,91,93,96,100" machi="50" ten="30,1000,0" yaku="7,1" doraHai="2" who="3" fromWho="2" sc="230,0,236,0,224,-13,300,23" owari="230,-17.0,236,3.6,211,-28.9,323,42.3" /></mjloggm>