<mjloggm ver="2.3"><GO type="225" lobby="0"/><UN n0="%66%67%67%68%68%64%66" n1="%E7%9A%AE%E3%80%85" n2="%41%6F%54" n3="%E3%83%A9%E3%82%B9%E7%8E%87%EF%BC%93%E5%89%B2" dan="16,16,16,17" rate="2101.03,2135.07,2094.87,2203.81" sx="M,F,M,F"/><TAIKYOKU oya="0"/><INIT seed="0,0,0,1,2,86" ten="250,250,250,250" oya="0" hai0="19,37,124,130,96,49,117,25,20,14,72,115,11" hai1="80,55,126,129,3,98,52,69,116,12,92,5,97" hai2="48,87,133,31,21,36,103,106,27,59,110,39,127" hai3="64,10,35,102,58,32,29,121,81,114,131,119,113"/><T73/><D115/><U1/><E116/><V100/><F110/><W122/><G102/><T104/><D37/><U82/><E69/><V91/><F127/><W99/><G99/><T50/><D117/><U38/><E38/><V33/><F133/><W2/><G81/><T132/><D124/><U74/><E126/><V51/><F39/><W109/><G58/><T57/><D132/><U111/><E111/><V88/><F36/><W90/><G64/><T42/><D130/><U67/><E67/><V30/><F106/><W76/><G76/><T61/><D104/><U68/><E68/><V24/><F48/><W43/><G43/><T65/><D96/><U134/><E134/><V54/><REACH who="2" step="1"/><F91/><REACH who="2" ten="250,250,240,250" step="2"/><W83/><G90/><T135/><D135/><U18/><E129/><V112/><F112/><W95/><G131/><T9/><D50/><U22/><E74/><V101/><F101/><W118/><G109/><T26/><D49/><U78/><E78/><V17/><F17/><W75/><G119/><T45/><D73/><U56/><E5/><V128/><F128/><W23/><G118/><T28/><D72/><U94/><E18/><V71/><F71/><W7/><G75/><T44/><D19/><U120/><E120/><V46/><F46/><W34/><G114/><T89/><D45/><U123/><E123/><V6/><F6/><W16/><G113/><T41/><D44/><U107/><E107/><V77/><F77/><W66/><G16/><T84/><D89/><U0/><E56/><V108/><F108/><W125/><G122/><T79/><D57/><U15/><E1/><RYUUKYOKU ba="0,1" sc="250,-15,250,15,240,15,250,-15" hai1="0,3,12,15,22,52,55,80,82,92,94,97,98" hai2="21,24,27,30,31,33,51,54,59,87,88,100,103" /><INIT seed="1,1,1,5,4,10" ten="235,265,255,235" oya="1" hai0="126,62,53,94,39,102,2,111,100,63,55,84,116" hai1="97,5,8,70,135,46,124,6,74,16,17,57,29" hai2="88,14,113,121,93,43,114,132,58,37,72,41,27" hai3="107,26,23,83,51,104,119,99,128,130,71,61,48"/><U106/><E70/><V125/><F121/><W12/><G119/><T24/><D116/><U105/><E74/><V78/><F125/><W3/><G3/><T65/><D2/><U35/><E124/><V89/><F132/><W91/><G71/><T21/><D39/><U56/><E135/><V60/><F27/><W81/><G61/><N who="0" m="23051" /><D65/><U112/><E112/><N who="2" m="43115" /><F37/><W80/><G99/><T117/><D111/><U129/><E129/><N who="3" m="49770" /><G91/><N who="2" m="34889" /><F93/><W103/><G103/><N who="0" m="39467" /><D117/><U96/><E46/><V109/><F109/><W98/><G98/><T1/><D1/><U77/><E8/><V4/><F4/><W0/><G0/><T9/><D126/><U25/><E25/><V38/><F38/><W127/><G26/><T115/><D115/><U13/><E77/><V44/><F44/><W73/><G73/><T120/><D120/><U66/><E66/><N who="2" m="39191" /><F14/><W28/><G28/><T31/><D9/><U76/><E76/><V36/><F36/><W49/><G127/><T75/><D75/><U95/><E95/><V7/><F7/><W64/><G64/><T101/><D84/><U15/><E29/><V50/><F50/><W68/><G68/><T108/><D108/><U11/><E11/><V90/><N who="2" m="34897" /><V82/><AGARI ba="1,1" hai="41,43,72,78,82" m="39191,34897,43115" machi="82" ten="40,5200,0" yaku="4,1,11,1,54,1" doraHai="10" who="2" fromWho="2" sc="235,-14,265,-27,255,65,235,-14" /><INIT seed="2,0,0,5,3,1" ten="221,238,320,221" oya="2" hai0="99,103,61,90,86,13,88,76,119,89,70,84,4" hai1="47,44,5,118,14,93,21,92,43,111,134,52,64" hai2="80,23,48,68,0,31,82,94,35,135,131,17,130" hai3="67,75,10,46,110,12,54,96,121,125,27,87,123"/><V65/><F135/><W95/><G75/><T63/><D119/><U104/><E118/><V79/><F0/><W42/><G110/><T122/><D122/><U116/><E116/><V51/><F35/><W38/><G125/><T69/><D69/><U115/><E115/><V106/><F106/><W18/><G67/><T34/><D34/><U102/><E111/><V37/><F37/><W105/><G27/><T49/><D49/><U25/><E64/><V55/><F31/><W100/><G54/><T26/><D26/><U9/><E134/><V133/><F133/><W57/><G57/><T132/><D132/><U72/><E72/><V16/><F51/><W71/><G71/><T58/><D70/><U62/><E104/><V97/><F65/><W117/><G117/><T36/><D36/><U39/><E102/><N who="2" m="60727" /><F68/><W73/><G73/><T33/><D33/><U108/><E108/><V8/><F79/><W6/><REACH who="3" step="1"/><G18/><REACH who="3" ten="221,238,320,211" step="2"/><T91/><D58/><U114/><E114/><V32/><F16/><W20/><G20/><T109/><D109/><U78/><E43/><V127/><F32/><W56/><G56/><T126/><D126/><U24/><E21/><V113/><F127/><W98/><G98/><T19/><D19/><U107/><E107/><V15/><F23/><W22/><G22/><T83/><D99/><U3/><E25/><V7/><F17/><W29/><G29/><T66/><D66/><U28/><E24/><V50/><F113/><W53/><G53/><T45/><D86/><U2/><E28/><V11/><F55/><W77/><G77/><T129/><D76/><RYUUKYOKU ba="0,1" sc="221,-10,238,-10,320,-10,211,30" hai3="6,10,12,38,42,46,87,95,96,100,105,121,123" /><INIT seed="3,1,1,1,0,2" ten="211,228,310,241" oya="3" hai0="43,32,114,80,97,33,82,69,0,111,84,71,125" hai1="59,129,120,61,67,25,124,70,110,115,78,68,4" hai2="85,49,76,100,39,44,26,34,58,122,77,40,117" hai3="93,107,75,104,99,30,8,72,112,16,50,5,3"/><W55/><G112/><T91/><D0/><U21/><E115/><V86/><F117/><W1/><G1/><T95/><D114/><U62/><E120/><V63/><F122/><W9/><G30/><T53/><D111/><U130/><E110/><V101/><F26/><W135/><G135/><T54/><D43/><U11/><E124/><V19/><F19/><W45/><G75/><T96/><D125/><U27/><E78/><N who="2" m="30315" /><F39/><W35/><G35/><T7/><D7/><U102/><E102/><N who="2" m="39531" /><F34/><W109/><G72/><T46/><D46/><U88/><E88/><V98/><F98/><W133/><G133/><T48/><D48/><U106/><E106/><V31/><F31/><W64/><G64/><AGARI ba="1,1" hai="40,44,49,58,63,64,85,86" m="39531,30315" machi="64" ten="30,1000,0" yaku="8,1" doraHai="2" who="2" fromWho="3" sc="211,0,228,0,310,23,241,-13" owari="211,-28.9,228,2.8,333,43.3,228,-17.2" /></mjloggm>