<mjloggm ver="2.3"><GO type="225" lobby="0"/><UN n0="%E7%99%BD%E9%9B%AA%E4%B9%83%E6%84%9B" n1="%E3%83%96%E3%83%83%E3%83%91%E3%82%AA%E3%83%96%E3%83%81%E3%82%AD%E3%83%B3" n2="%E3%80%90%E8%92%BC%E7%90%89%E3%80%91" n3="%E6%97%A5%E6%9B%9C%E6%97%A5%E3%82%88%E3%82%8A%E3%81%AE%E4%BD%BF%E8%80%85" dan="16,16,16,17" rate="2066.13,2175.99,2187.18,2201.17" sx="F,M,F,M"/><TAIKYOKU oya="0"/><INIT seed="0,0,0,5,4,89" ten="250,250,250,250" oya="0" hai0="46,60,42,106,76,17,45,125,1,33,15,28,19" hai1="91,101,39,129,2,51,96,27,4,134,120,109,18" hai2="50,119,22,111,53,48,62,80,103,122,67,56,132" hai3="31,34,128,113,93,8,121,29,78,105,92,5,69"/><T118/><D118/><U3/><E120/><V107/><F122/><W55/><G105/><T0/><D106/><U38/><E109/><V30/><F111/><W44/><G69/><T77/><D125/><U82/><E129/><V124/><F132/><W25/><G113/><T108/><D108/><U130/><E130/><V133/><F133/><W6/><G128/><T117/><D117/><U35/><E134/><V94/><F107/><W90/><G121/><T135/><D135/><U47/><E91/><V86/><F124/><W10/><G78/><T65/><D45/><U100/><E82/><V20/><F119/><W115/><G115/><T64/><D64/><U72/><E72/><V40/><F40/><W14/><G90/><T74/><D28/><U32/><E101/><V61/><F48/><W75/><G75/><T102/><D33/><U26/><E26/><N who="2" m="16711" /><F22/><W70/><G70/><T68/><D102/><U85/><E85/><V81/><F61/><W57/><G44/><T43/><D19/><U21/><E35/><V114/><F114/><W7/><G31/><T127/><D127/><U12/><E32/><V24/><F24/><W97/><G97/><T88/><D88/><U9/><E27/><V49/><F86/><W73/><G73/><T87/><D87/><U112/><E2/><N who="0" m="1129" /><D74/><U110/><E110/><V98/><F49/><N who="3" m="30959" /><G7/><T16/><D17/><U59/><E112/><V23/><F23/><W79/><G79/><N who="0" m="30283" /><D46/><AGARI ba="0,0" hai="46,50,53,56,62,67,80,81,94,98,103" m="16711" machi="46" ten="30,3900,0" yaku="25,1,8,1,52,1" doraHai="89" who="2" fromWho="0" sc="250,-39,250,0,250,39,250,0" /><INIT seed="1,0,0,3,2,25" ten="211,250,289,250" oya="1" hai0="120,106,104,60,66,73,80,84,50,8,87,75,112" hai1="123,52,102,76,19,101,10,11,71,4,105,111,127" hai2="28,31,128,85,97,3,110,79,33,26,114,41,29" hai3="90,115,113,68,39,124,83,14,46,6,131,7,40"/><U23/><E123/><V109/><F3/><W135/><G68/><T82/><D112/><U51/><E71/><V13/><F114/><W9/><G124/><T36/><D36/><U70/><E70/><V108/><F128/><W5/><G131/><T20/><D120/><U96/><E127/><V57/><F41/><W69/><G69/><T34/><D34/><U93/><E76/><V132/><F132/><W89/><G135/><T119/><D50/><U125/><E125/><V12/><F97/><W116/><G116/><T38/><D38/><U42/><E111/><V48/><F79/><W24/><G24/><T32/><D32/><U55/><E105/><V92/><F85/><W1/><G1/><T74/><D8/><N who="1" m="3115" /><E102/><V53/><F92/><W58/><G115/><T30/><D119/><U54/><E4/><V103/><F103/><W61/><G113/><T35/><D35/><U56/><E42/><V122/><F122/><W47/><G47/><T0/><D0/><U99/><E99/><V94/><F94/><W77/><G5/><T72/><D72/><U16/><E19/><V15/><AGARI ba="0,0" hai="12,13,15,26,28,29,31,33,48,53,57,108,109,110" machi="15" ten="40,8000,1" yaku="0,1,14,1,52,3" doraHai="25" who="2" fromWho="2" sc="211,-20,250,-40,289,80,250,-20" /><INIT seed="2,0,0,2,3,34" ten="191,210,369,230" oya="2" hai0="61,70,108,126,74,39,38,97,101,127,123,83,32" hai1="30,105,88,115,77,64,40,133,47,54,90,102,113" hai2="73,129,85,111,106,42,25,6,49,21,29,89,76" hai3="11,58,75,63,57,18,10,45,36,66,118,110,71"/><V52/><F106/><W84/><G75/><T3/><D123/><U67/><E133/><V72/><F129/><W14/><G118/><T41/><D108/><U112/><E77/><V37/><F76/><W98/><G110/><T114/><D114/><U80/><E54/><V122/><F122/><W130/><G130/><T94/><D32/><U31/><E105/><V60/><F111/><W27/><G98/><T96/><D96/><U15/><E102/><V16/><F6/><W22/><G10/><T59/><D70/><U56/><E15/><V120/><F120/><W134/><G134/><T104/><D104/><U69/><E69/><V55/><F37/><W68/><G68/><T79/><D3/><U135/><E135/><V7/><F7/><W44/><G84/><T62/><D62/><U116/><E116/><V95/><F29/><W0/><G0/><T46/><REACH who="0" step="1"/><D38/><REACH who="0" ten="181,210,369,230" step="2"/><U91/><E80/><V2/><F2/><W100/><G36/><T26/><D26/><U51/><REACH who="1" step="1"/><E67/><AGARI ba="0,1" hai="39,41,46,59,61,67,74,79,83,94,97,101,126,127" machi="67" ten="40,1300,0" yaku="1,1,53,0" doraHai="34" doraHaiUra="4" who="0" fromWho="1" sc="181,23,210,-13,369,0,230,0" /><INIT seed="3,0,0,5,2,39" ten="204,197,369,230" oya="3" hai0="41,125,124,131,13,116,9,60,74,96,88,12,79" hai1="8,0,7,5,47,70,11,62,65,21,134,94,76" hai2="108,57,37,20,52,25,54,122,98,4,69,3,100" hai3="104,59,110,44,40,64,135,105,106,115,132,24,75"/><W119/><G115/><T29/><D116/><U118/><E134/><N who="3" m="51242" /><G119/><T22/><D131/><U17/><E118/><V78/><F122/><W84/><G75/><T23/><D41/><U107/><E107/><V97/><F108/><W126/><G24/><T133/><D133/><U129/><E129/><V91/><F78/><W35/><G35/><T101/><D88/><U2/><E76/><V32/><F32/><W83/><G126/><N who="0" m="48747" /><D60/><U128/><E128/><V99/><F25/><W95/><G95/><N who="0" m="58527" /><D29/><U43/><E94/><V45/><F100/><W71/><G110/><T63/><D63/><U16/><E21/><N who="0" m="7689" /><D9/><U18/><E18/><V34/><F3/><W120/><G120/><T46/><D46/><U92/><E92/><V31/><F69/><W68/><G59/><T33/><D33/><U114/><E114/><V90/><F34/><W121/><G121/><T51/><D51/><AGARI ba="0,0" hai="0,2,5,7,8,11,16,17,43,47,51,62,65,70" machi="51" ten="30,7700,0" yaku="7,1,9,1,52,1,54,1" doraHai="39" who="1" fromWho="0" sc="204,-77,197,77,369,0,230,0" owari="127,-37.3,274,7.4,369,46.9,230,-17.0" /></mjloggm>