<mjloggm ver="2.3"><GO type="225" lobby="0"/><UN n0="%E9%BB%99%E8%81%B4%E3%81%AE%E3%81%99%E3%82%9D%E3%82%81" n1="%72%69%6F%75%63%68%61%6E" n2="%28%EF%BF%A3%E2%96%BD%EF%BF%A3%29%CE%B4%E2%8C%92%E3%83%BB" n3="%E3%82%A2%E3%82%A4%E3%82%B9%E3%83%86%E3%82%A3%E3%83%BC%E3%81%82%E3%81%B9" dan="16,16,17,16" rate="2154.34,2130.11,2301.60,2073.77" sx="M,M,M,M"/><TAIKYOKU oya="0"/><INIT seed="0,0,0,5,2,116" ten="250,250,250,250" oya="0" hai0="76,56,65,19,40,93,59,102,100,17,9,37,10" hai1="135,13,22,48,110,112,8,80,127,95,73,60,12" hai2="123,39,86,111,5,34,11,88,64,103,58,21,132" hai3="28,134,129,23,26,89,78,33,62,83,44,109,96"/><T36/><D93/><U27/><E110/><V71/><F34/><W77/><G109/><T91/><D91/><U122/><E122/><V113/><F39/><W35/><G134/><T114/><D40/><U131/><E135/><V92/><F111/><W74/><G78/><T31/><D31/><U69/><E127/><V120/><F132/><W49/><G129/><T115/><REACH who="0" step="1"/><D65/><REACH who="0" ten="240,250,250,250" step="2"/><U105/><E95/><V15/><F113/><W51/><G89/><T90/><D90/><U47/><E112/><V2/><F103/><W43/><G96/><T94/><D94/><U46/><E105/><V41/><F41/><W14/><G62/><T45/><D45/><U66/><E46/><V117/><F117/><W30/><G28/><T75/><D75/><U24/><E73/><V72/><F72/><W81/><G83/><T25/><D25/><U97/><E80/><V3/><F71/><W124/><G124/><T98/><D98/><U57/><E97/><V6/><F64/><W7/><G51/><T70/><D70/><U82/><E82/><V87/><F58/><W0/><G74/><T18/><D18/><N who="1" m="10567" /><E69/><V1/><F86/><N who="3" m="48431" /><G0/><T54/><D54/><N who="1" m="29983" /><E131/><V63/><F3/><W84/><G84/><T121/><D121/><U50/><E50/><V125/><F125/><W126/><G126/><T101/><D101/><U61/><E60/><V16/><F63/><W118/><G118/><T20/><D20/><U107/><E107/><V67/><F67/><W4/><G4/><AGARI ba="0,1" hai="4,8,13,24,27,57,61,66" m="29983,10567" machi="4" ten="30,1000,0" yaku="8,1" doraHai="116" who="1" fromWho="3" sc="240,0,250,20,250,0,250,-10" /><INIT seed="1,0,0,3,2,7" ten="240,270,250,240" oya="1" hai0="124,28,9,30,10,113,93,63,67,83,50,85,8" hai1="5,79,84,44,80,54,20,47,19,132,88,55,46" hai2="45,72,120,97,2,116,25,110,13,105,15,71,14" hai3="128,6,121,4,73,66,27,109,61,102,89,117,26"/><U37/><E132/><V101/><F116/><W74/><G121/><T114/><D124/><U64/><E37/><V76/><F120/><W29/><G117/><T34/><D93/><U11/><E64/><V21/><F71/><W35/><G109/><T40/><D34/><U38/><E38/><V78/><F2/><W131/><G102/><T70/><D40/><U23/><E79/><V126/><F126/><W56/><G89/><T58/><D50/><U62/><E62/><V112/><F110/><W69/><G56/><T111/><D70/><U49/><E19/><V135/><F135/><W95/><G95/><T123/><D123/><U115/><E115/><V52/><F72/><N who="3" m="27755" /><G27/><T17/><D111/><U133/><E133/><V36/><F112/><W75/><N who="3" m="27763" /><W18/><DORA hai="16" /><G18/><T90/><D114/><U100/><E100/><V81/><F81/><W41/><G41/><T130/><D130/><AGARI ba="0,0" hai="4,6,26,29,35,61,66,69,128,130,131" m="27763" machi="130" ten="40,1300,0" yaku="19,1" doraHai="7,16" who="3" fromWho="0" sc="240,-13,270,0,250,0,240,13" /><INIT seed="2,0,0,5,5,47" ten="227,270,250,253" oya="2" hai0="29,100,76,0,81,59,84,83,44,104,77,10,68" hai1="117,53,71,11,94,19,27,15,127,89,9,54,4" hai2="110,128,35,122,96,40,6,93,16,90,98,124,121" hai3="17,133,43,88,60,52,80,119,106,82,85,39,120"/><V1/><F35/><W36/><G120/><T26/><D68/><U87/><E127/><V131/><F124/><W103/><G119/><T62/><D104/><U63/><E117/><V72/><F72/><W30/><G133/><T21/><D100/><U118/><E118/><V5/><F110/><W2/><G2/><T132/><D132/><U33/><E33/><V58/><F40/><W8/><G30/><T64/><D44/><U7/><E19/><V12/><F98/><W32/><G32/><T31/><D10/><U111/><E27/><V69/><F69/><W23/><G8/><T56/><D0/><U13/><REACH who="1" step="1"/><E111/><REACH who="1" ten="227,260,250,253" step="2"/><V34/><F34/><W66/><G39/><T101/><D31/><U14/><E14/><V28/><F1/><W41/><G36/><T37/><D37/><U129/><E129/><V38/><F38/><W123/><G123/><T70/><REACH who="0" step="1"/><D101/><REACH who="0" ten="217,260,250,253" step="2"/><U108/><E108/><V74/><F122/><W73/><G103/><T24/><D24/><U115/><E115/><V114/><F121/><W67/><G106/><T48/><D48/><U125/><E125/><V51/><F114/><W75/><G17/><T99/><D99/><U130/><E130/><V95/><F131/><W45/><G75/><AGARI ba="0,2" hai="21,26,29,56,59,62,64,70,75,76,77,81,83,84" machi="75" ten="30,7700,0" yaku="1,1,7,1,53,2" doraHai="47" doraHaiUra="78" who="0" fromWho="3" sc="217,97,260,0,250,0,253,-77" /><INIT seed="3,0,0,2,2,0" ten="314,260,250,176" oya="3" hai0="64,39,116,17,113,104,122,130,66,131,90,127,109" hai1="94,83,93,41,4,42,77,68,118,57,124,48,25" hai2="9,134,125,106,69,86,53,102,21,13,129,111,44" hai3="46,47,101,82,56,72,62,65,75,27,103,12,51"/><W38/><G38/><T15/><D116/><U45/><E68/><V14/><F69/><W23/><G47/><T52/><D122/><U60/><E118/><V28/><F125/><W67/><G67/><T132/><D109/><U10/><E124/><V19/><F111/><W76/><G12/><T40/><D127/><U110/><E110/><V135/><F129/><N who="0" m="49162" /><D132/><N who="2" m="50730" /><F86/><W58/><G58/><T91/><D104/><U89/><E41/><V71/><F71/><W1/><G1/><T107/><D107/><U2/><E25/><N who="2" m="16431" /><F14/><W18/><REACH who="3" step="1"/><G75/><REACH who="3" ten="314,260,250,166" step="2"/><T87/><D66/><U31/><E57/><V11/><F44/><W16/><G16/><T78/><D64/><U35/><E45/><V49/><F53/><AGARI ba="0,1" hai="18,23,27,46,51,53,56,62,65,72,76,82,101,103" machi="53" ten="30,2900,0" yaku="1,1,7,1,53,0" doraHai="0" doraHaiUra="117" who="3" fromWho="2" sc="314,0,260,0,250,-29,166,39" /><INIT seed="3,1,0,1,2,87" ten="314,260,221,205" oya="3" hai0="90,1,2,30,10,125,28,55,40,107,126,56,7" hai1="19,71,54,64,86,45,88,15,62,114,79,98,109" hai2="11,21,53,101,34,96,4,58,135,122,42,27,24" hai3="127,43,44,31,67,0,74,23,76,132,13,68,61"/><W5/><G127/><N who="0" m="48651" /><D107/><U131/><E114/><V113/><F113/><W130/><G132/><T14/><D40/><U115/><E115/><V41/><F135/><W38/><G130/><T124/><D90/><U91/><E131/><V94/><F122/><W133/><G133/><T12/><D124/><U70/><E109/><V82/><F34/><W84/><G84/><T3/><D14/><U16/><E71/><V81/><F27/><W93/><G93/><T85/><D85/><U102/><E79/><V36/><F36/><W72/><G13/><T22/><D22/><U52/><E45/><V106/><F106/><W83/><G74/><T49/><AGARI ba="1,0" hai="1,2,3,7,10,12,28,30,49,55,56" m="48651" machi="49" ten="40,1500,0" yaku="18,1" doraHai="87" who="0" fromWho="0" sc="314,18,260,-5,221,-5,205,-8" owari="332,43.2,255,5.5,216,-18.4,197,-30.3" /></mjloggm>