<mjloggm ver="2.3"><GO type="225" lobby="0"/><UN n0="%E3%81%BE%E3%81%A8%E3%81%9F" n1="%E9%A6%AC%E5%BC%95%E7%81%AB%33" n2="%E5%8F%AF%E5%85%90%E9%82%A3%E7%94%B1%E5%A4%9A" n3="%E3%82%A4%E3%83%BC%E3%82%B1%E3%83%97%E3%83%A9" dan="16,17,16,17" rate="2074.48,2120.27,2078.40,2197.24" sx="M,M,F,M"/><TAIKYOKU oya="0"/><INIT seed="0,0,0,5,0,25" ten="250,250,250,250" oya="0" hai0="119,112,83,24,26,55,106,18,34,92,126,54,58" hai1="133,36,81,57,29,15,46,116,37,84,49,135,6" hai2="114,102,35,45,98,2,74,88,127,101,17,117,75" hai3="80,62,73,51,99,8,14,16,28,105,56,115,21"/><T20/><D112/><U87/><E116/><V52/><F2/><W12/><G115/><T77/><D106/><U90/><E57/><V32/><F114/><W61/><G73/><T96/><D119/><U100/><E100/><V64/><F117/><W30/><G105/><T125/><D34/><U79/><E29/><N who="3" m="11370" /><G99/><T1/><D26/><U76/><E76/><V44/><F64/><W39/><G39/><T59/><D59/><U23/><E23/><V129/><F129/><W89/><G80/><T85/><D1/><U48/><E48/><V3/><F3/><W113/><G89/><T7/><D7/><U123/><E123/><V93/><F127/><W121/><G121/><T122/><D122/><U95/><E15/><V130/><F130/><W27/><G113/><T10/><D10/><U41/><E6/><V91/><F98/><W67/><G14/><T9/><D9/><U40/><E40/><V22/><F22/><W97/><G97/><T118/><D118/><U50/><E50/><V69/><F69/><W124/><G124/><T94/><D94/><U78/><E78/><V19/><F93/><W66/><G51/><T68/><D68/><U38/><AGARI ba="0,0" hai="36,37,38,41,46,49,79,81,84,87,90,95,133,135" machi="38" ten="40,1500,0" yaku="0,1" doraHai="25" who="1" fromWho="1" sc="250,-7,250,15,250,-4,250,-4" /><INIT seed="1,0,0,2,1,56" ten="243,265,246,246" oya="1" hai0="67,114,28,103,8,5,77,19,120,1,71,30,109" hai1="70,12,53,123,62,34,44,22,41,132,46,79,118" hai2="73,36,10,48,98,29,78,82,54,51,105,63,72" hai3="2,107,110,24,25,66,55,21,91,0,32,7,112"/><U106/><E118/><V96/><F36/><W125/><G112/><T115/><D103/><U131/><E123/><V130/><F130/><W129/><G107/><T35/><D77/><U134/><E34/><V85/><F73/><W11/><G66/><T13/><D67/><N who="1" m="41335" /><E106/><V43/><F72/><W93/><G129/><T113/><D71/><U4/><E131/><V117/><F117/><W92/><G110/><T49/><D49/><N who="2" m="19018" /><F105/><W26/><G125/><T99/><D99/><N who="2" m="37930" /><F43/><W87/><G0/><T47/><D47/><U42/><E79/><V14/><F29/><N who="0" m="11370" /><D35/><U89/><E89/><V83/><F83/><W108/><G108/><T97/><D97/><U65/><E65/><V59/><F14/><W75/><G75/><T33/><D33/><U94/><E41/><V104/><F104/><W60/><G32/><T86/><D109/><U57/><E12/><V16/><F10/><W90/><G21/><N who="0" m="11503" /><D86/><U111/><E22/><V52/><F54/><W84/><G55/><T88/><D88/><U95/><E111/><V27/><F27/><W119/><G119/><T69/><D69/><U135/><E42/><V61/><F61/><AGARI ba="0,0" hai="2,7,11,24,25,26,60,61,84,87,90,91,92,93" machi="61" ten="40,5200,0" yaku="9,1,52,2" doraHai="56" who="3" fromWho="2" sc="243,0,265,0,246,-52,246,52" /><INIT seed="2,0,0,5,5,90" ten="243,265,194,298" oya="2" hai0="0,10,134,36,68,126,32,12,128,53,116,15,33" hai1="5,8,104,2,3,132,127,28,39,1,47,112,103" hai2="77,84,95,18,9,74,64,19,60,97,71,29,92" hai3="94,131,72,73,121,20,63,91,83,88,122,69,43"/><V24/><F74/><W30/><G43/><T66/><D36/><U130/><E112/><V102/><F9/><W26/><G131/><T21/><D66/><U76/><E130/><V4/><F4/><W54/><G91/><T123/><D53/><U93/><E104/><V65/><F65/><W61/><G69/><T37/><D37/><U107/><E107/><V34/><REACH who="2" step="1"/><F95/><REACH who="2" ten="243,265,184,298" step="2"/><W17/><G73/><T79/><D10/><U124/><E8/><V35/><F35/><W109/><G72/><T11/><D11/><U48/><E5/><V129/><F129/><W113/><G113/><T13/><D128/><U87/><E93/><V98/><F98/><N who="3" m="57671" /><G122/><T57/><D33/><U85/><E2/><V100/><F100/><W86/><G121/><T6/><D32/><U40/><E103/><V22/><F22/><N who="3" m="15703" /><G109/><T119/><D123/><U120/><E3/><V133/><F133/><W89/><G54/><T118/><D134/><U67/><E132/><V25/><F25/><AGARI ba="0,1" hai="17,20,25,61,63,83,86,89" m="15703,57671" machi="25" ten="30,3900,0" yaku="8,1,52,1,54,1" doraHai="90" who="3" fromWho="2" sc="243,0,265,0,184,-39,298,49" /><INIT seed="3,0,0,0,4,129" ten="243,265,145,347" oya="3" hai0="78,38,125,57,18,45,4,107,30,24,85,26,63" hai1="25,15,31,67,53,117,127,66,47,37,81,39,54" hai2="23,120,118,82,34,43,41,20,115,111,123,92,79" hai3="77,73,10,9,108,80,52,68,51,42,22,135,75"/><W16/><G68/><T29/><D107/><U132/><E15/><V74/><F34/><W56/><G75/><T130/><D130/><U1/><E1/><V12/><F115/><W87/><G135/><T21/><D4/><U2/><E2/><V99/><F118/><W8/><G108/><T100/><D100/><U61/><E81/><V3/><F3/><W70/><G70/><T96/><D96/><U62/><E25/><V7/><F111/><W89/><G42/><T28/><D125/><U104/><E31/><V112/><F112/><W93/><G8/><T124/><D45/><U59/><E104/><V98/><F98/><W102/><G102/><T60/><D38/><N who="1" m="14347" /><E127/><V131/><F131/><W134/><G134/><T65/><D124/><U44/><E132/><V101/><F7/><W58/><G58/><T91/><D63/><U76/><E76/><V103/><F103/><W71/><G71/><T13/><REACH who="0" step="1"/><D78/><REACH who="0" ten="233,265,145,347" step="2"/><U106/><E106/><V126/><F126/><W97/><G97/><T119/><D119/><U133/><E117/><V116/><F116/><W11/><G77/><T84/><D84/><U69/><E133/><V121/><REACH who="2" step="1"/><F12/><REACH who="2" ten="233,265,135,347" step="2"/><N who="3" m="9479" /><G73/><T27/><D27/><U17/><E17/><V64/><F64/><W122/><G122/><T33/><D33/><U6/><E6/><V32/><F32/><W110/><G110/><T35/><D35/><U95/><E67/><V14/><F14/><W128/><G128/><T50/><D50/><U55/><E66/><V36/><F36/><W5/><G5/><T90/><D90/><U0/><E0/><V86/><F86/><RYUUKYOKU ba="0,2" sc="233,10,265,-30,135,10,347,10" hai0="13,18,21,24,26,28,29,30,57,60,65,85,91" hai2="20,23,41,43,74,79,82,92,99,101,120,121,123" hai3="9,10,11,51,52,56,80,87,89,93" owari="243,4.3,235,-16.5,145,-35.5,377,47.7" /></mjloggm>