<mjloggm ver="2.3"><GO type="225" lobby="0"/><UN n0="%72%61%6B%33" n1="%E6%98%93%E5%88%A9%E8%96%A9%E4%BC%AF" n2="%E9%A6%AC%E5%BC%95%E7%81%AB%33" n3="%E7%99%BD%E9%9B%AA%E4%B9%83%E6%84%9B" dan="16,17,16,16" rate="2093.77,2157.62,2139.40,2042.48" sx="M,F,M,F"/><TAIKYOKU oya="0"/><INIT seed="0,0,0,4,0,33" ten="250,250,250,250" oya="0" hai0="68,3,11,119,79,7,55,103,17,21,35,84,87" hai1="120,38,98,82,91,23,96,126,25,26,30,49,109" hai2="9,95,18,58,54,15,78,57,132,59,108,67,131" hai3="111,114,29,46,99,1,101,34,77,69,20,89,72"/><T122/><D119/><U90/><E109/><V93/><F108/><W16/><G111/><T42/><D122/><U63/><E38/><V65/><F131/><W92/><G114/><T45/><D68/><U135/><E135/><V113/><F113/><W117/><G117/><T134/><D134/><U74/><E126/><V53/><F132/><W133/><G133/><T105/><D35/><U56/><E120/><V36/><F78/><W41/><G69/><T22/><D55/><N who="2" m="21002" /><F36/><W50/><G1/><T37/><D79/><U6/><E49/><V62/><F62/><W48/><G48/><T44/><D44/><U8/><E26/><V31/><F31/><W100/><G34/><T116/><D116/><U47/><E47/><V88/><F95/><W106/><G29/><T27/><REACH who="0" step="1"/><D21/><REACH who="0" ten="240,250,250,250" step="2"/><U19/><E23/><V130/><F130/><W102/><G77/><T60/><D60/><U2/><E63/><V121/><F121/><W14/><REACH who="3" step="1"/><G72/><REACH who="3" ten="240,250,250,240" step="2"/><T73/><D73/><U0/><E74/><V51/><F51/><W10/><G10/><T115/><D115/><U32/><E8/><V52/><F52/><W64/><G64/><T86/><D86/><AGARI ba="0,2" hai="9,15,18,57,58,59,65,67,86,88,93" m="21002" machi="86" ten="30,2000,0" yaku="8,1,54,1" doraHai="33" who="2" fromWho="0" sc="240,-20,250,0,250,40,240,0" /><AGARI ba="0,0" hai="14,16,20,41,46,50,86,89,92,99,100,101,102,106" machi="86" ten="30,3900,0" yaku="1,1,7,1,54,1,53,0" doraHai="33" doraHaiUra="104" who="3" fromWho="0" sc="220,-39,250,0,290,0,240,39" /><INIT seed="1,0,0,3,0,98" ten="181,250,290,279" oya="1" hai0="35,3,112,101,76,123,39,85,26,132,6,96,8" hai1="45,94,38,90,114,125,40,21,97,61,41,54,65" hai2="53,100,99,74,131,121,71,72,33,63,48,70,27" hai3="86,20,15,24,87,13,37,30,31,51,103,126,73"/><U11/><E125/><V10/><F121/><W29/><G37/><T115/><D123/><U23/><E114/><V109/><F109/><W134/><G73/><T58/><D132/><U118/><E118/><V7/><F131/><W59/><G126/><T110/><D110/><U93/><E41/><V104/><F71/><W28/><G134/><T127/><D127/><U16/><E54/><V120/><F120/><W0/><G0/><T133/><D133/><U82/><E82/><V122/><F122/><W2/><G2/><T12/><D39/><U106/><E106/><V18/><F18/><W17/><G103/><T44/><D44/><U78/><E78/><V25/><F25/><W81/><G31/><T50/><D3/><U83/><E83/><V66/><F10/><W117/><G87/><T128/><D128/><U91/><E11/><V5/><F5/><W49/><G49/><T34/><D85/><U46/><E46/><N who="2" m="27799" /><F7/><W135/><G117/><T36/><D76/><U80/><E80/><V1/><F1/><W68/><G68/><T52/><D36/><U60/><E65/><V75/><F72/><W111/><G111/><T9/><D9/><U32/><E23/><V95/><F95/><W79/><G135/><T77/><D77/><U89/><E32/><V88/><F88/><W43/><G43/><T64/><D64/><U102/><REACH who="1" step="1"/><E93/><REACH who="1" ten="181,240,290,279" step="2"/><V84/><F33/><W57/><G79/><T119/><D119/><U67/><E67/><V124/><F66/><W14/><G81/><T108/><D108/><U69/><E69/><V19/><F124/><W113/><G20/><RYUUKYOKU ba="0,1" sc="181,-10,240,30,290,-10,279,-10" hai1="16,21,38,40,45,60,61,89,90,91,94,97,102" /><INIT seed="1,1,1,0,0,64" ten="171,270,280,269" oya="1" hai0="79,42,66,33,51,135,71,29,81,37,2,121,119" hai1="28,129,107,83,82,97,10,108,24,72,113,68,67" hai2="16,127,22,73,49,57,120,35,46,86,100,52,40" hai3="39,133,17,20,50,126,93,89,88,38,7,21,112"/><U54/><E113/><V59/><F120/><W118/><G112/><T85/><D119/><U124/><E129/><V18/><F35/><W3/><G126/><T105/><D121/><U0/><E124/><V55/><F73/><W74/><G74/><T111/><D111/><U103/><E54/><N who="2" m="20523" /><F127/><W26/><G133/><T99/><D135/><U76/><E83/><V130/><F130/><W95/><G50/><T98/><D37/><U31/><E108/><V96/><F18/><W1/><G26/><T56/><D2/><U43/><E43/><V70/><F70/><W123/><G17/><T115/><D115/><U13/><E13/><N who="2" m="9487" /><F96/><W102/><G123/><T53/><D42/><U104/><E104/><V94/><F100/><W44/><G102/><T131/><D131/><U47/><E0/><V109/><F109/><W63/><G7/><T60/><REACH who="0" step="1"/><D105/><REACH who="0" ten="161,270,280,269" step="2"/><U6/><E107/><V25/><F25/><AGARI ba="1,2" hai="25,29,33,51,53,56,60,66,71,79,81,85,98,99" machi="25" ten="40,5200,0" yaku="1,1,2,1,52,1,53,0" doraHai="64" doraHaiUra="132" who="0" fromWho="2" sc="161,75,270,0,280,-55,269,0" /><INIT seed="2,0,0,4,5,117" ten="236,270,225,269" oya="2" hai0="120,93,92,63,30,3,0,85,54,19,8,36,131" hai1="53,127,49,56,52,60,12,130,112,82,129,84,43" hai2="105,38,125,115,58,76,134,34,22,62,51,103,29" hai3="11,70,68,26,64,86,50,39,41,55,132,31,35"/><V126/><F115/><W48/><G132/><T59/><D36/><U110/><E112/><V102/><F134/><W61/><G70/><T121/><D30/><U124/><E110/><V42/><F38/><W17/><G48/><T66/><D131/><N who="1" m="50187" /><E12/><V20/><F76/><W98/><G86/><T25/><D3/><U97/><E97/><N who="2" m="61647" /><F125/><N who="1" m="48201" /><E43/><V74/><F74/><W96/><G11/><T114/><D114/><U46/><E84/><V109/><F103/><W118/><G17/><T9/><D9/><U80/><AGARI ba="0,0" hai="46,49,52,53,56,60,80,82" m="48201,50187" machi="80" ten="40,5200,0" yaku="19,1,18,1,54,1" doraHai="117" who="1" fromWho="1" sc="236,-13,270,52,225,-26,269,-13" /><INIT seed="3,0,0,2,3,103" ten="223,322,199,256" oya="3" hai0="66,46,34,18,93,88,125,111,135,109,107,77,41" hai1="24,70,67,83,58,50,123,133,35,108,5,87,23" hai2="10,120,115,7,25,9,71,97,102,1,13,113,8" hai3="29,44,54,118,75,117,63,80,21,19,32,26,86"/><W17/><G75/><T49/><D34/><U60/><E35/><V3/><F71/><W6/><G19/><T106/><D125/><U39/><E39/><V122/><F102/><W55/><G55/><T127/><D127/><U38/><E38/><V4/><F97/><W124/><G124/><T37/><D135/><U36/><E36/><V61/><F61/><W22/><G22/><T110/><D77/><U92/><E92/><V90/><F90/><W128/><G128/><T43/><D66/><U104/><E104/><N who="0" m="39977" /><D18/><U51/><E123/><N who="2" m="47147" /><F25/><W99/><G99/><N who="0" m="57767" /><D37/><U68/><E67/><V81/><F81/><W131/><G80/><T69/><D69/><U101/><E70/><V33/><F33/><W82/><G82/><T57/><D57/><U84/><E83/><V65/><F65/><W62/><G32/><T28/><D28/><U105/><E58/><V130/><F130/><W59/><G131/><T64/><D64/><U134/><E134/><V14/><F14/><W52/><G29/><T15/><D15/><U89/><E68/><V72/><F72/><W116/><G59/><T94/><D94/><U79/><E79/><V119/><F119/><W114/><G118/><T11/><D41/><U98/><E133/><V30/><F30/><W20/><G117/><T40/><D40/><U16/><E105/><V2/><F1/><W95/><G116/><T0/><D0/><U31/><E16/><AGARI ba="0,0" hai="2,3,4,7,8,9,10,13,16,113,115" m="47147" machi="16" ten="30,7700,0" yaku="13,1,34,2,54,1" doraHai="103" who="2" fromWho="1" sc="223,0,322,-77,199,77,256,0" /><INIT seed="4,0,0,2,5,16" ten="223,245,276,256" oya="0" hai0="55,85,131,128,84,64,24,68,48,12,13,38,28" hai1="83,124,37,51,94,125,31,46,66,110,27,14,19" hai2="106,91,18,5,32,6,99,10,42,81,58,41,62" hai3="1,11,54,36,47,79,69,65,40,86,108,17,105"/><T63/><D38/><U44/><E110/><V3/><F32/><W35/><G108/><T25/><D12/><U113/><E113/><V96/><F5/><W56/><G105/><T88/><D13/><U59/><E83/><V49/><F106/><W60/><G35/><T71/><D71/><U50/><E37/><V21/><F81/><W8/><G1/><T104/><D104/><U133/><E133/><V98/><F49/><W74/><G74/><T119/><D119/><U52/><E94/><V126/><F126/><N who="1" m="48745" /><E66/><V107/><F91/><W123/><G123/><T34/><D25/><U103/><E103/><V53/><REACH who="2" step="1"/><F107/><REACH who="2" ten="223,245,266,256" step="2"/><W78/><G78/><T90/><D85/><U39/><E51/><V22/><F22/><W102/><G86/><T29/><D29/><U0/><E39/><V101/><F101/><W92/><G79/><T70/><D70/><U117/><E50/><V114/><F114/><W15/><G102/><T89/><REACH who="0" step="1"/><D84/><REACH who="0" ten="213,245,266,256" step="2"/><U45/><E31/><V93/><F93/><W20/><G92/><T109/><D109/><U115/><E115/><V116/><F116/><W23/><G69/><T132/><D132/><U121/><E117/><V135/><F135/><W76/><G76/><T100/><D100/><U75/><E75/><V118/><F118/><W43/><G36/><T112/><D112/><U26/><E0/><V33/><F33/><W134/><G134/><T120/><D120/><U87/><E121/><V80/><F80/><W130/><G15/><AGARI ba="0,2" hai="3,6,10,15,18,21,41,42,53,58,62,96,98,99" machi="15" ten="40,2600,0" yaku="1,1,52,1,53,0" doraHai="16" doraHaiUra="97" who="2" fromWho="3" sc="213,0,245,0,266,46,256,-26" owari="213,-28.7,245,4.5,312,41.2,230,-17.0" /></mjloggm>