<mjloggm ver="2.3"><GO type="225" lobby="0"/><UN n0="%77%72%77%72%77%72%77%72" n1="%E6%9C%88%E5%A4%9C%E3%81%AB%E9%A2%A8" n2="%E5%B8%86%E7%AB%8B%E5%A4%8F%E8%A1%A3" n3="%E3%81%95%E3%81%8D%E3%81%9F%E3%81%BE%E6%9E%97%E6%AA%8E" dan="16,16,17,16" rate="2110.02,2145.69,2256.32,2138.44" sx="M,M,M,M"/><TAIKYOKU oya="0"/><INIT seed="0,0,0,0,2,82" ten="250,250,250,250" oya="0" hai0="86,79,127,61,57,27,129,135,125,90,121,71,63" hai1="47,56,126,54,70,69,123,19,74,134,13,7,35" hai2="88,95,89,83,132,39,43,97,45,4,58,91,52" hai3="68,85,98,2,15,76,133,32,3,60,30,28,120"/><T0/><D121/><U78/><E123/><V16/><F132/><W22/><G120/><T62/><D135/><U25/><E126/><N who="0" m="48137" /><D129/><U34/><E134/><V118/><F118/><W55/><G133/><T104/><D104/><U102/><E7/><V77/><F4/><W48/><G32/><T38/><D0/><U20/><E47/><V12/><F83/><N who="3" m="47335" /><G2/><T81/><D38/><U75/><E102/><V49/><F77/><W24/><G68/><T65/><D27/><U18/><E78/><V116/><F116/><W111/><G111/><T130/><D130/><U40/><E40/><V8/><AGARI ba="0,0" hai="8,12,16,39,43,45,49,52,58,88,89,91,95,97" machi="8" ten="20,8000,1" yaku="0,1,7,1,54,3" doraHai="82" who="2" fromWho="2" sc="250,-40,250,-20,250,80,250,-20" /><INIT seed="1,0,0,0,1,123" ten="210,230,330,230" oya="1" hai0="8,56,118,6,55,134,103,39,20,40,61,63,28" hai1="106,125,131,86,27,52,96,34,37,23,58,97,10" hai2="68,71,127,75,95,59,3,21,119,33,116,30,9" hai3="101,26,16,117,108,84,99,91,113,49,104,5,13"/><U19/><E125/><V2/><F75/><W94/><G113/><T46/><D118/><U82/><E37/><V74/><F74/><W124/><G124/><T79/><D134/><U62/><E131/><V42/><F127/><W80/><G117/><T126/><D126/><U1/><E34/><V85/><F42/><W66/><G66/><T90/><D103/><U24/><E24/><V72/><F72/><W31/><G5/><T25/><D79/><U43/><E43/><V11/><F33/><W54/><G108/><T132/><D132/><U44/><E44/><V83/><F95/><W73/><G73/><T98/><D63/><U114/><E114/><V0/><F59/><W122/><G122/><T77/><D77/><U12/><E1/><V67/><F119/><W22/><G104/><T15/><REACH who="0" step="1"/><D98/><REACH who="0" ten="200,230,330,230" step="2"/><U135/><E135/><V88/><F116/><W100/><G99/><T130/><D130/><U64/><E106/><V105/><F105/><W89/><G89/><AGARI ba="0,1" hai="6,8,15,20,25,28,39,40,46,55,56,61,89,90" machi="89" ten="40,1300,0" yaku="1,1,53,0" doraHai="123" doraHaiUra="109" who="0" fromWho="3" sc="200,23,230,0,330,0,230,-13" /><INIT seed="2,0,0,4,0,68" ten="223,230,330,217" oya="2" hai0="21,64,58,106,120,44,94,107,48,112,108,104,75" hai1="11,2,1,56,7,29,17,54,25,15,51,87,47" hai2="53,72,96,49,45,127,36,70,20,90,14,57,133" hai3="8,119,130,88,18,65,13,59,126,42,77,113,40"/><V79/><F127/><W85/><G119/><T28/><D112/><U10/><E87/><V67/><F133/><W19/><G126/><T23/><D120/><U32/><E47/><V132/><F132/><W61/><G130/><T33/><D75/><U81/><E81/><V124/><F124/><W83/><G113/><T0/><D0/><AGARI ba="0,0" hai="0,1,2,7,10,11,15,17,25,29,32,51,54,56" machi="0" ten="30,1000,0" yaku="7,1" doraHai="68" who="1" fromWho="0" sc="223,-10,230,10,330,0,217,0" /><INIT seed="3,0,0,1,3,13" ten="213,240,330,217" oya="3" hai0="50,120,30,121,79,129,87,1,94,24,112,12,109" hai1="128,134,95,21,130,116,135,40,96,101,111,20,51" hai2="80,78,133,48,108,49,83,35,59,33,124,6,63" hai3="68,32,85,45,57,70,47,17,74,37,92,16,88"/><W102/><G32/><T75/><D1/><U69/><E69/><V66/><F6/><W97/><G74/><T9/><D75/><U15/><E111/><V62/><F108/><W100/><G70/><T131/><D109/><U36/><E36/><V81/><F78/><W58/><G68/><T117/><D117/><U91/><E116/><V61/><F124/><W114/><G114/><T107/><D107/><U73/><E73/><V126/><F126/><W53/><G37/><T14/><D112/><U27/><E15/><V3/><F3/><W132/><G132/><N who="1" m="50730" /><E91/><V46/><F133/><W125/><G125/><T60/><D60/><N who="2" m="23146" /><F35/><W65/><G65/><T127/><D127/><U67/><E67/><V19/><F33/><W28/><G28/><T103/><D14/><U44/><E21/><V123/><F123/><W119/><G119/><T26/><D50/><N who="2" m="19562" /><F19/><AGARI ba="0,0" hai="19,20,27,40,44,51,95,96,101,128,130" m="50730" machi="19" ten="30,2000,0" yaku="20,1,52,1" doraHai="13" who="1" fromWho="2" sc="213,0,240,20,330,-20,217,0" owari="213,-28.7,260,6.0,310,41.0,217,-18.3" /></mjloggm>