<mjloggm ver="2.3"><GO type="225" lobby="0"/><UN n0="%E3%83%81%E3%83%AF%E3%83%AF%E9%9A%8A%E9%95%B7" n1="%72%69%6F%75%63%68%61%6E" n2="%E6%A1%9C%E8%8A%B1%E9%96%83%E3%80%85" n3="%E3%80%90%E3%83%88%E3%83%AA%E3%83%A5%E3%83%95%E3%80%91" dan="16,16,16,16" rate="2108.16,2188.96,2098.04,2112.52" sx="M,M,M,M"/><TAIKYOKU oya="0"/><INIT seed="0,0,0,0,0,133" ten="250,250,250,250" oya="0" hai0="55,30,128,14,25,117,39,66,23,129,67,111,97" hai1="45,72,62,19,56,34,43,18,32,40,75,8,122" hai2="103,87,24,60,119,35,63,127,100,28,15,83,98" hai3="61,115,73,71,93,4,49,120,89,26,53,41,31"/><T5/><D117/><U110/><E122/><V99/><F119/><W69/><G120/><T84/><D39/><U76/><E110/><V113/><F113/><W135/><G115/><T78/><D111/><U114/><E114/><V52/><F15/><W82/><G135/><T118/><D118/><U59/><E8/><V48/><F127/><W80/><G4/><T70/><D97/><U90/><E90/><V126/><F126/><W131/><G131/><T88/><D78/><U107/><E62/><V74/><F74/><N who="1" m="28201" /><E45/><V7/><F7/><W57/><G71/><T79/><D79/><U22/><E22/><V116/><F116/><W44/><G69/><T0/><D0/><U96/><E96/><V108/><F99/><W10/><G10/><N who="0" m="4431" /><D70/><U102/><E102/><V13/><F13/><W37/><G37/><T12/><D12/><U33/><E76/><V65/><F65/><W3/><G73/><T42/><D42/><N who="1" m="15915" /><E107/><V46/><F108/><W16/><G3/><T9/><D9/><U124/><E124/><V125/><F125/><W64/><G64/><T11/><D11/><U130/><E130/><N who="0" m="50281" /><D55/><U94/><E94/><AGARI ba="0,0" hai="23,25,30,66,67,84,88,94" m="50281,4431" machi="94" ten="30,2900,0" yaku="19,1,54,1" doraHai="133" who="0" fromWho="1" sc="250,29,250,-29,250,0,250,0" /><INIT seed="0,1,0,1,1,18" ten="279,221,250,250" oya="0" hai0="110,23,76,53,36,22,31,54,66,89,14,29,26" hai1="61,125,3,56,88,72,44,37,57,60,27,105,109" hai2="132,1,6,81,135,71,48,80,25,62,94,120,99" hai3="74,40,21,100,7,11,49,5,19,116,93,32,83"/><T69/><D36/><U51/><E72/><V2/><F120/><W39/><G116/><T13/><D110/><U73/><E73/><V122/><F122/><W4/><G32/><T16/><D76/><U134/><E109/><V113/><F113/><W85/><G74/><T104/><D104/><U97/><E3/><N who="2" m="1035" /><F6/><W47/><G39/><T63/><D29/><U127/><E134/><N who="2" m="51243" /><F48/><W133/><G133/><T128/><D128/><U50/><E37/><V55/><F25/><N who="3" m="14527" /><G11/><T75/><D75/><U102/><E27/><V119/><F119/><W98/><G7/><T86/><D13/><U91/><E44/><V20/><F20/><W68/><G68/><T131/><D131/><U12/><E12/><V79/><F79/><AGARI ba="1,0" hai="4,5,40,47,49,79,83,85,93,98,100" m="14527" machi="79" ten="30,2000,0" yaku="8,1,52,1" doraHai="18" who="3" fromWho="2" sc="279,0,221,0,250,-23,250,23" /><INIT seed="1,0,0,2,4,119" ten="279,221,227,273" oya="1" hai0="5,132,129,17,50,133,14,123,75,22,127,105,42" hai1="125,6,88,63,15,121,112,9,103,62,74,29,126" hai2="91,69,4,55,104,28,26,3,87,82,81,110,53" hai3="24,23,131,98,71,99,46,76,117,100,13,72,35"/><U78/><E121/><V7/><F110/><W67/><G117/><T118/><D118/><U11/><E112/><V51/><F69/><W89/><G13/><T107/><D75/><U114/><E114/><V134/><F134/><W128/><G46/><N who="0" m="25943" /><D127/><N who="1" m="48651" /><E103/><V77/><F104/><W37/><G37/><T90/><D129/><U86/><E29/><V65/><F65/><W111/><G111/><T19/><D5/><N who="1" m="3503" /><E78/><V109/><F109/><W113/><G113/><T83/><D19/><U80/><E74/><V108/><F108/><W25/><G76/><T10/><D10/><U27/><E27/><V36/><F7/><W102/><G72/><T122/><D105/><U21/><E21/><V57/><F4/><W12/><G23/><T85/><D107/><U1/><AGARI ba="0,0" hai="1,6,11,62,63,80,86,88" m="3503,48651" machi="1" ten="30,3000,0" yaku="18,1,54,1" doraHai="119" who="1" fromWho="1" sc="279,-10,221,30,227,-10,273,-10" /><INIT seed="1,1,0,3,1,91" ten="269,251,217,263" oya="1" hai0="106,127,14,133,64,38,68,93,55,50,128,96,123" hai1="45,79,99,33,85,11,29,7,70,1,120,103,28" hai2="112,56,118,6,54,51,132,126,32,21,80,13,94" hai3="65,100,0,16,134,98,63,60,8,30,69,73,135"/><U104/><E120/><V3/><F118/><W114/><G114/><T129/><D38/><U119/><E119/><V116/><F116/><W25/><G73/><T78/><D106/><U124/><E124/><V76/><F126/><W74/><G74/><T105/><D105/><U17/><E33/><V84/><F132/><W102/><G60/><T18/><D127/><U20/><E70/><V111/><F111/><W95/><G102/><T72/><D133/><U26/><REACH who="1" step="1"/><E45/><REACH who="1" ten="269,241,217,263" step="2"/><V23/><F32/><W39/><G134/><T62/><D123/><U48/><E48/><V101/><F112/><W40/><G135/><T61/><D50/><U115/><E115/><V121/><F121/><W107/><G39/><T71/><D71/><U57/><E57/><V125/><F125/><W19/><G69/><T75/><D68/><U2/><E2/><V15/><F3/><W81/><G0/><T4/><D129/><U37/><E37/><V49/><F49/><W35/><G35/><T122/><D128/><U88/><E88/><V66/><F51/><W117/><G117/><T113/><D113/><U52/><E52/><V44/><F54/><W31/><G65/><T22/><D64/><U47/><E47/><V83/><F44/><W41/><G41/><T87/><D55/><U110/><E110/><V24/><F56/><W34/><G40/><T130/><D130/><U77/><E77/><V82/><F66/><W92/><G34/><T42/><D42/><U36/><E36/><V67/><F67/><W90/><G63/><T9/><D61/><U86/><E86/><V10/><F84/><RYUUKYOKU ba="1,1" sc="269,-10,241,30,217,-10,263,-10" hai1="1,7,11,17,20,26,28,29,79,85,99,103,104" /><INIT seed="1,2,1,4,2,70" ten="259,271,207,253" oya="1" hai0="135,40,46,0,108,65,80,73,129,41,82,61,60" hai1="69,116,11,49,20,32,124,15,27,39,125,111,23" hai2="52,121,63,57,123,2,28,98,79,114,16,5,8" hai3="22,90,96,85,1,71,21,78,91,34,102,35,67"/><U19/><E116/><V87/><F28/><W81/><G1/><T24/><D0/><U72/><E69/><V99/><F114/><W122/><G122/><T50/><D108/><U107/><E107/><V100/><F98/><W30/><G35/><T43/><D129/><U68/><E68/><V119/><F119/><W25/><G91/><T113/><D113/><U126/><E72/><V66/><F66/><W54/><G54/><N who="0" m="30039" /><D73/><U10/><E39/><V33/><F33/><W13/><G13/><T95/><D135/><U118/><E118/><V51/><F51/><W88/><G90/><T105/><D105/><U59/><E111/><V6/><F6/><W18/><G78/><T74/><D74/><U53/><REACH who="1" step="1"/><E32/><REACH who="1" ten="259,261,207,253" step="2"/><V58/><F121/><W134/><G134/><T7/><D41/><U42/><E42/><V76/><F123/><W9/><G71/><T64/><D40/><U75/><E75/><V14/><F58/><W131/><G131/><T92/><D43/><U115/><E115/><V117/><F117/><W127/><G34/><T120/><D120/><U112/><E112/><V38/><F38/><W26/><G127/><T37/><D37/><U104/><E104/><V110/><F110/><W47/><G47/><T44/><D44/><U29/><AGARI ba="2,2" hai="10,11,15,19,20,23,27,29,49,53,59,124,125,126" machi="29" ten="30,18000,2" yaku="1,1,0,1,18,1,53,3" doraHai="70" doraHaiUra="132" who="1" fromWho="1" sc="259,-62,261,206,207,-62,253,-62" /><INIT seed="1,3,0,4,1,16" ten="197,467,145,191" oya="1" hai0="36,76,98,131,15,134,25,92,27,103,81,26,60" hai1="123,28,62,5,114,61,130,49,29,122,106,75,126" hai2="127,87,95,89,117,93,46,39,135,63,24,65,73" hai3="85,74,45,79,119,43,90,94,88,91,51,110,54"/><U56/><E114/><V17/><F117/><W11/><G119/><T78/><D36/><U1/><E106/><V35/><F127/><W118/><G118/><T8/><D131/><U47/><E75/><V70/><F135/><W113/><G113/><T55/><D134/><U83/><E126/><V68/><F73/><W18/><G110/><T97/><D81/><U3/><E83/><V38/><F70/><W100/><G100/><T42/><D42/><U84/><E84/><V22/><F35/><W96/><G74/><T128/><D128/><U112/><E112/><V32/><F32/><W6/><G79/><T108/><D108/><U52/><E130/><V66/><F66/><W19/><G43/><T121/><D121/><U40/><E62/><V9/><F46/><W67/><G67/><T33/><D33/><U2/><REACH who="1" step="1"/><E5/><REACH who="1" ten="197,457,145,191" step="2"/><V20/><F95/><W71/><G85/><T105/><D60/><U12/><E12/><V129/><F129/><W86/><G86/><T13/><D13/><U82/><E82/><V101/><F87/><W99/><G99/><T133/><D133/><U125/><E125/><V14/><F93/><W64/><G94/><T50/><D98/><U120/><AGARI ba="3,1" hai="1,2,3,28,29,40,47,49,52,56,61,120,122,123" machi="120" ten="40,7800,0" yaku="1,1,0,1,54,1,53,0" doraHai="16" doraHaiUra="115" who="1" fromWho="1" sc="197,-29,457,97,145,-29,191,-29" /><INIT seed="1,4,0,5,3,6" ten="168,554,116,162" oya="1" hai0="0,50,93,13,39,110,89,40,76,82,127,10,111" hai1="132,66,52,24,98,54,77,80,42,16,18,79,20" hai2="30,81,71,57,101,36,131,85,130,21,44,102,112" hai3="35,11,109,65,49,88,92,29,108,41,96,78,5"/><U122/><E132/><V97/><F71/><W61/><G78/><T83/><D39/><U22/><E122/><V48/><F36/><W69/><G35/><T64/><D0/><U55/><E66/><V68/><F68/><W9/><G29/><T3/><D3/><U19/><E42/><N who="2" m="24599" /><F112/><W63/><G63/><T51/><D64/><U73/><E77/><N who="2" m="46255" /><F57/><W100/><G5/><N who="0" m="3279" /><D127/><U46/><E46/><V75/><F75/><W4/><G4/><T104/><D104/><U128/><E128/><N who="2" m="49195" /><F97/><W12/><G12/><T120/><D120/><U38/><E38/><V53/><F53/><W67/><G67/><T27/><D40/><U119/><E119/><V47/><F47/><N who="3" m="25839" /><G100/><T23/><D50/><U8/><E98/><V74/><F74/><W17/><G17/><T7/><D51/><U43/><E43/><V34/><F34/><W135/><G135/><T126/><D76/><U105/><E105/><V115/><F115/><W114/><G114/><T124/><D124/><U59/><E59/><V14/><F14/><W118/><G118/><T94/><D126/><U58/><E58/><V113/><F113/><W103/><G103/><T37/><D37/><U72/><E73/><V26/><AGARI ba="4,0" hai="21,26,30,101,102" m="49195,46255,24599" machi="26" ten="30,1100,0" yaku="19,1" doraHai="6" who="2" fromWho="2" sc="168,-7,554,-9,116,23,162,-7" /><INIT seed="2,0,0,2,4,68" ten="161,545,139,155" oya="2" hai0="30,98,72,48,134,38,67,2,93,96,74,75,87" hai1="119,133,25,122,18,94,118,13,101,56,82,95,24" hai2="46,124,16,108,51,45,115,83,55,58,61,128,27" hai3="110,120,113,104,40,39,102,8,50,44,14,106,23"/><V37/><F115/><W70/><G120/><T42/><D2/><U9/><E122/><V79/><F128/><W69/><G113/><T33/><D67/><U35/><E133/><V80/><F124/><W129/><G129/><T73/><D134/><U34/><E82/><V105/><F105/><W135/><G135/><T99/><D48/><U17/><E56/><V36/><F108/><W112/><G23/><T62/><D62/><U20/><E101/><V11/><F46/><W60/><G110/><T86/><D93/><U89/><E95/><V126/><F126/><W7/><G112/><T121/><D121/><U97/><REACH who="1" step="1"/><E25/><REACH who="1" ten="161,535,139,155" step="2"/><V123/><F123/><W15/><G106/><T92/><D92/><U5/><E5/><V77/><F80/><W125/><G125/><T31/><D99/><U78/><E78/><V6/><F79/><W66/><G70/><T65/><D98/><U32/><AGARI ba="0,1" hai="9,13,17,18,20,24,32,34,35,89,94,97,118,119" machi="32" ten="30,4000,0" yaku="1,1,0,1,53,1" doraHai="68" doraHaiUra="84" who="1" fromWho="1" sc="161,-10,535,50,139,-20,155,-10" /><INIT seed="3,0,0,5,2,19" ten="151,585,119,145" oya="3" hai0="108,86,62,33,38,60,53,2,96,131,133,85,11" hai1="99,54,110,115,125,46,63,52,117,64,80,72,6" hai2="0,129,95,32,97,31,107,50,102,81,57,119,29" hai3="42,94,109,45,56,9,134,106,105,17,34,40,101"/><W104/><G34/><T35/><D38/><U112/><E110/><V10/><F119/><W130/><G130/><T15/><D2/><U116/><E125/><V128/><F81/><W111/><G134/><T103/><D108/><N who="3" m="41545" /><G56/><T93/><D133/><U132/><E6/><V39/><F39/><W1/><G42/><T22/><D131/><N who="2" m="50250" /><F107/><W25/><G1/><T76/><D35/><U37/><E132/><V73/><F73/><W58/><G58/><T48/><D33/><U14/><E14/><V3/><F32/><W75/><G75/><T26/><D62/><U23/><E23/><V36/><F36/><N who="3" m="21639" /><G9/><T20/><D11/><U21/><E37/><V30/><F10/><W7/><G7/><T77/><D60/><U68/><E63/><V49/><F49/><W69/><G69/><T28/><D48/><U4/><E68/><V78/><F50/><W118/><G118/><T100/><D53/><U65/><E52/><V67/><F57/><W92/><G101/><T87/><D103/><U82/><E4/><V88/><F67/><W124/><G124/><T12/><D100/><U16/><E72/><V47/><F47/><W8/><G8/><T123/><D123/><U43/><E46/><V41/><F41/><W126/><G126/><T79/><D20/><AGARI ba="0,0" hai="17,20,25,92,94,104,105,106" m="21639,41545" machi="20" ten="40,7700,0" yaku="14,1,10,1,52,1" doraHai="19" who="3" fromWho="0" sc="151,-77,585,0,119,0,145,77" /><INIT seed="3,1,0,0,2,132" ten="74,585,119,222" oya="3" hai0="135,63,42,18,130,85,24,84,61,57,46,7,79" hai1="65,129,58,108,49,28,122,126,47,13,82,74,25" hai2="69,38,35,72,33,15,76,30,16,104,21,96,106" hai3="91,50,36,93,109,6,51,56,81,95,73,44,4"/><W5/><G36/><T22/><D135/><U71/><E126/><V8/><F69/><W94/><G109/><T52/><D130/><U116/><E122/><V20/><F38/><W92/><G73/><T131/><D131/><U110/><E129/><V112/><F112/><W53/><G81/><T32/><D32/><U66/><E71/><V100/><F104/><W68/><G68/><T99/><D7/><U70/><E70/><V23/><REACH who="2" step="1"/><F30/><REACH who="2" ten="74,585,109,222" step="2"/><W55/><G95/><T41/><D79/><U12/><E12/><V10/><F10/><W90/><AGARI ba="1,1" hai="4,5,6,44,50,51,53,55,56,90,91,92,93,94" machi="90" ten="40,3900,0" yaku="0,1,8,1" doraHai="132" who="3" fromWho="3" sc="74,-14,585,-14,109,-14,222,52" /><INIT seed="3,2,0,3,3,118" ten="60,571,95,274" oya="3" hai0="67,82,29,130,46,3,103,75,69,8,17,21,44" hai1="120,19,68,91,87,58,100,81,9,126,98,48,5" hai2="41,112,89,119,2,1,134,121,15,70,14,0,31" hai3="111,20,7,131,49,116,23,25,6,115,129,34,114"/><W88/><G116/><T65/><D130/><N who="3" m="49673" /><G49/><T10/><D103/><U79/><E120/><V43/><F119/><W35/><G88/><T30/><D75/><U106/><E126/><V33/><F70/><W125/><G125/><T83/><D69/><U95/><E68/><V28/><F112/><N who="3" m="43051" /><G25/><T16/><D21/><N who="3" m="8265" /><G111/><T94/><D94/><U72/><E19/><V62/><F89/><W37/><G37/><T73/><D73/><U59/><E48/><V4/><F41/><W56/><G56/><T92/><D92/><U113/><E113/><V105/><F43/><W60/><G60/><T54/><D54/><U55/><E55/><V22/><F62/><W128/><G128/><T53/><D53/><U127/><E127/><V47/><F47/><W32/><AGARI ba="2,0" hai="6,7,32,34,35" m="8265,43051,49673" machi="32" ten="40,12000,1" yaku="28,2,19,1,34,2" doraHai="118" who="3" fromWho="3" sc="60,-42,571,-42,95,-42,274,126" /><INIT seed="3,3,0,5,0,6" ten="18,529,53,400" oya="3" hai0="57,47,98,23,59,130,113,75,90,5,34,115,91" hai1="63,37,104,81,108,87,88,27,49,101,85,119,82" hai2="35,69,89,43,11,17,72,40,7,56,62,78,95" hai3="16,105,33,50,118,25,66,31,45,122,20,52,117"/><W42/><G105/><T0/><D34/><U65/><E37/><V14/><F69/><W132/><G122/><T114/><D75/><U60/><E108/><V61/><F35/><W77/><G132/><T123/><D123/><U58/><E119/><V29/><F29/><W3/><G77/><T86/><D130/><U10/><E10/><V121/><F121/><W93/><G3/><T1/><D47/><U8/><E8/><V38/><F7/><W41/><G66/><T12/><D98/><U84/><E27/><V26/><F26/><W106/><G106/><T44/><D44/><U9/><E9/><V120/><F120/><W51/><G93/><T79/><D79/><U54/><E60/><V111/><F111/><W55/><G117/><T64/><D5/><U109/><E109/><V70/><F70/><W103/><G103/><T94/><D90/><U116/><E116/><V21/><F11/><W102/><G102/><T134/><D134/><U99/><E81/><V71/><F71/><AGARI ba="3,0" hai="49,54,58,63,65,71,82,84,85,87,88,99,101,104" machi="71" ten="30,2000,0" yaku="7,1,54,1" doraHai="6" who="1" fromWho="2" sc="18,0,529,29,53,-29,400,0" owari="18,-48.2,558,65.8,24,-37.6,400,20.0" /></mjloggm>