<mjloggm ver="2.3"><GO type="225" lobby="0"/><UN n0="%4C%4F%4C%49%54%41" n1="%E9%A6%AC%E5%BC%95%E7%81%AB%33" n2="%E6%9C%88%E5%B3%B6%E5%9F%BA" n3="%E3%81%A4%E3%81%A3%E3%81%B1%E3%82%8A%E3%83%9D%E3%83%BC%E3%83%AB" dan="16,16,16,17" rate="2102.68,2084.30,2137.15,2168.23" sx="F,M,M,M"/><TAIKYOKU oya="0"/><INIT seed="0,0,0,3,4,103" ten="250,250,250,250" oya="0" hai0="66,80,101,133,97,123,10,84,117,63,54,30,113" hai1="41,83,82,38,51,67,18,68,46,52,76,110,34" hai2="53,7,6,75,130,126,70,45,47,33,77,100,104" hai3="50,64,5,13,99,9,78,62,86,132,65,119,102"/><T111/><D113/><U114/><E114/><V61/><F126/><W134/><G119/><T24/><D133/><N who="3" m="51305" /><G50/><T116/><D123/><U8/><E110/><V19/><F130/><W55/><G55/><T0/><D54/><U39/><E34/><V14/><F33/><W98/><G62/><T42/><D42/><U58/><E38/><V105/><F100/><W131/><G131/><T29/><D111/><U28/><E28/><V124/><F124/><W16/><G5/><T4/><D29/><U32/><E32/><V31/><F31/><W17/><G17/><T120/><D120/><U74/><E82/><V109/><F109/><W85/><G99/><T93/><D24/><U90/><E90/><V57/><F70/><W108/><G108/><T2/><D0/><U27/><E27/><V60/><F60/><W95/><G78/><T36/><D36/><U118/><E118/><V122/><F7/><W91/><G86/><T43/><D43/><U11/><E18/><V56/><F6/><W115/><G115/><T35/><D30/><U73/><E74/><V15/><F75/><W69/><G69/><T87/><D87/><U112/><E112/><V88/><F61/><AGARI ba="0,0" hai="8,11,39,41,46,51,52,58,61,67,68,73,76,83" machi="61" ten="40,5200,0" yaku="24,2,54,1" doraHai="103" who="1" fromWho="2" sc="250,0,250,52,250,-52,250,0" /><INIT seed="1,0,0,4,3,58" ten="250,302,198,250" oya="1" hai0="52,47,35,82,61,7,60,127,80,26,135,115,134" hai1="105,118,122,74,62,70,85,130,125,102,67,101,59" hai2="73,71,104,22,5,51,49,50,32,53,6,1,128" hai3="133,92,24,90,96,95,13,129,66,34,100,132,93"/><U112/><E118/><V65/><F32/><W94/><G129/><T55/><D115/><U77/><E112/><V17/><F128/><W37/><G37/><T41/><D7/><U84/><E130/><V2/><F104/><W16/><G66/><T131/><D127/><U107/><E122/><V121/><F121/><W79/><G79/><T28/><D131/><U88/><E125/><V78/><F6/><W116/><G116/><T72/><D55/><U119/><E119/><V15/><F53/><W81/><G81/><T76/><D82/><U31/><E31/><V124/><F124/><W3/><G3/><T9/><D9/><U27/><E27/><V97/><F97/><W111/><G111/><T11/><D11/><U29/><E29/><V42/><F42/><W44/><G44/><T30/><D30/><U106/><E74/><V40/><F40/><W114/><G114/><T75/><D75/><U33/><E33/><V46/><F46/><W45/><G45/><T18/><D18/><U48/><E77/><V99/><F99/><N who="3" m="57751" /><G24/><T108/><D108/><U120/><E120/><V89/><F89/><W56/><G56/><T91/><D91/><U63/><E48/><V98/><F98/><W103/><G34/><T38/><REACH who="0" step="1"/><D52/><REACH who="0" ten="240,302,198,250" step="2"/><N who="1" m="34151" /><E88/><V14/><F73/><W36/><G96/><T83/><D83/><U68/><E102/><V110/><F110/><W12/><G103/><T19/><D19/><U64/><E101/><V23/><F78/><W10/><G100/><T43/><D43/><U21/><E21/><V123/><F123/><W25/><G10/><T126/><D126/><RYUUKYOKU ba="0,1" sc="240,15,302,15,198,-15,250,-15" hai0="26,28,35,38,41,47,60,61,72,76,80,134,135" hai1="63,64,67,68,70,84,85,105,106,107" /><INIT seed="1,1,1,2,2,85" ten="255,317,183,235" oya="1" hai0="44,96,117,3,62,31,47,45,99,16,34,6,51" hai1="63,126,20,122,110,7,93,40,80,38,131,129,81" hai2="32,113,17,41,79,33,111,89,37,29,68,0,100" hai3="10,9,27,109,84,49,128,42,5,55,74,1,107"/><U87/><E122/><V92/><F68/><W61/><G74/><T56/><D117/><U120/><E120/><V54/><F0/><W22/><G107/><T66/><D34/><U121/><E121/><V43/><F111/><W83/><G109/><T71/><D31/><U77/><E110/><V23/><F113/><W26/><G128/><T82/><D6/><U19/><E126/><V132/><F132/><W57/><G10/><T25/><D3/><U46/><E7/><V13/><F79/><W97/><G97/><N who="0" m="37451" /><D82/><N who="1" m="47567" /><E63/><V118/><F100/><W133/><G133/><T39/><D39/><U30/><E93/><V48/><F118/><W119/><G119/><T2/><D71/><U104/><E30/><V134/><F134/><W36/><G36/><T94/><D94/><U35/><E35/><V24/><F33/><W124/><G124/><T18/><D2/><U12/><E104/><V95/><F95/><W90/><REACH who="3" step="1"/><G22/><REACH who="3" ten="255,317,183,225" step="2"/><N who="0" m="13511" /><D18/><U52/><E131/><V60/><F37/><W78/><G78/><T69/><D69/><U58/><E129/><V88/><F32/><W75/><G75/><T116/><D116/><U72/><E72/><V98/><F23/><W91/><G91/><T8/><D8/><U21/><E21/><N who="2" m="15503" /><F89/><W28/><G28/><T50/><AGARI ba="1,2" hai="44,45,47,50,51,56,62,66" m="13511,37451" machi="50" ten="30,2000,0" yaku="8,1,54,1" doraHai="85" who="0" fromWho="0" sc="255,43,317,-11,183,-6,225,-6" /><INIT seed="2,0,0,5,3,51" ten="298,306,177,219" oya="2" hai0="41,16,124,99,98,19,90,64,105,87,113,10,75" hai1="4,72,89,82,62,131,104,108,74,133,11,8,129" hai2="106,109,36,100,26,33,94,91,127,95,120,88,119" hai3="67,43,45,24,114,9,111,1,117,53,130,18,126"/><V46/><F119/><W56/><G117/><T35/><D113/><U32/><E108/><V70/><F70/><W44/><G111/><T31/><D75/><U55/><E133/><V22/><F109/><W29/><G114/><T103/><D124/><U66/><E32/><V69/><F69/><W63/><G126/><T58/><D41/><U37/><E37/><V17/><F127/><W12/><G130/><N who="1" m="49674" /><E104/><V42/><F120/><W39/><G1/><T40/><D40/><U121/><E121/><V73/><F73/><W134/><G134/><T85/><D35/><U102/><E11/><V30/><F106/><W54/><REACH who="3" step="1"/><G45/><REACH who="3" ten="298,306,177,209" step="2"/><T47/><D47/><U110/><E110/><V48/><F36/><W2/><G2/><T116/><D116/><U107/><E74/><V57/><F57/><W15/><G15/><T52/><D58/><U118/><E72/><V68/><F68/><W34/><AGARI ba="0,1" hai="9,12,18,24,29,34,39,43,44,53,54,56,63,67" machi="34" ten="20,8000,1" yaku="1,1,0,1,7,1,52,2,53,0" doraHai="51" doraHaiUra="123" who="3" fromWho="3" sc="298,-20,306,-20,177,-40,209,90" /><INIT seed="3,0,0,4,3,55" ten="278,286,137,299" oya="3" hai0="123,92,47,114,116,53,129,31,100,51,85,63,66" hai1="11,133,111,0,58,26,30,6,48,64,121,37,40" hai2="120,109,131,54,78,14,8,5,126,3,45,60,118" hai3="62,106,56,67,99,81,89,15,33,112,50,132,130"/><W135/><G112/><T79/><D116/><U83/><E121/><V84/><F118/><W29/><G130/><T125/><D123/><U96/><E111/><V59/><F120/><W76/><G15/><T10/><D129/><U34/><E133/><N who="3" m="51274" /><G50/><T77/><D125/><U52/><E64/><V2/><F131/><W7/><G7/><T74/><D74/><U69/><E69/><V49/><F109/><W95/><G106/><T82/><D114/><U23/><E96/><V16/><F126/><W32/><G29/><T86/><D31/><U107/><E107/><V90/><F78/><W72/><AGARI ba="0,0" hai="32,33,56,62,67,72,76,81,89,95,99" m="51274" machi="72" ten="30,3000,0" yaku="20,1,52,1" doraHai="55" who="3" fromWho="3" sc="278,-10,286,-10,137,-10,299,30" owari="268,-13.2,276,7.6,127,-37.3,329,42.9" /></mjloggm>