<mjloggm ver="2.3"><GO type="225" lobby="0"/><UN n0="%E3%82%AF%E3%82%A3%E3%82%A6" n1="%E4%BF%BA%E3%81%A8%E5%A6%96%E5%A4%A2" n2="%E9%BB%99%E8%81%B4%E3%81%AE%E3%81%99%E3%82%9D%E3%82%81" n3="%E3%83%96%E3%83%83%E3%83%91%E3%82%AA%E3%83%96%E3%83%81%E3%82%AD%E3%83%B3" dan="16,16,16,16" rate="2056.24,2139.97,2108.97,2049.69" sx="M,F,M,M"/><TAIKYOKU oya="0"/><INIT seed="0,0,0,0,0,37" ten="250,250,250,250" oya="0" hai0="72,68,96,118,100,101,117,50,98,64,14,19,28" hai1="22,47,65,67,114,2,105,8,17,132,85,40,44" hai2="32,93,29,1,0,10,133,9,35,91,16,99,54" hai3="41,108,113,89,88,69,104,87,59,6,48,131,77"/><T84/><D72/><U71/><E105/><V134/><F54/><W30/><G113/><T52/><D28/><U49/><E114/><V78/><F78/><W24/><G69/><T109/><D109/><U53/><E132/><N who="2" m="50795" /><F29/><W56/><G104/><T106/><D84/><U111/><E111/><V38/><F38/><W75/><G131/><T3/><D3/><N who="2" m="1098" /><F10/><W15/><G108/><T130/><D130/><U31/><E71/><V119/><F119/><W60/><G75/><T39/><D39/><U121/><E121/><V11/><F11/><N who="3" m="4599" /><G30/><T97/><D64/><U55/><E85/><V73/><F73/><W13/><G24/><T21/><D68/><U45/><E31/><V25/><F9/><W135/><G135/><T66/><D66/><U123/><E123/><V112/><F112/><W125/><G13/><T120/><D120/><U4/><E67/><V103/><F103/><N who="0" m="39498" /><D118/><U129/><E65/><V92/><F92/><W27/><G77/><T33/><D117/><U102/><E129/><V57/><F57/><W126/><G59/><N who="0" m="33175" /><D106/><U12/><E102/><V82/><F82/><W18/><G87/><T116/><D116/><U23/><E23/><AGARI ba="0,0" hai="16,23,25,32,35,91,93,99" m="1098,50795" machi="23" ten="30,2000,0" yaku="20,1,54,1" doraHai="37" who="2" fromWho="1" sc="250,0,250,-20,250,20,250,0" /><INIT seed="1,0,0,1,4,29" ten="250,230,270,250" oya="1" hai0="46,87,122,5,133,16,54,56,78,97,52,25,35" hai1="37,117,85,53,101,22,104,83,119,68,13,88,126" hai2="95,89,81,84,103,106,48,28,110,108,109,75,57" hai3="27,45,66,132,82,63,3,11,51,134,8,67,69"/><U6/><E68/><V128/><F28/><W127/><G127/><T31/><D133/><N who="3" m="51305" /><G3/><T92/><D122/><U98/><E37/><V42/><F42/><N who="3" m="25015" /><G67/><T34/><D5/><U102/><E126/><V0/><F0/><W100/><G27/><T124/><D124/><U60/><E102/><V20/><F20/><W112/><G112/><T41/><D78/><U23/><E23/><V111/><F57/><W130/><G130/><T36/><D87/><U76/><E76/><N who="2" m="44191" /><F48/><W71/><G100/><T39/><D39/><U120/><E120/><V73/><N who="2" m="27648" /><DORA hai="33" /><V18/><F18/><W32/><G32/><T125/><D125/><U44/><E22/><V93/><F73/><W74/><G71/><T113/><D113/><U2/><E13/><V12/><F12/><W1/><G1/><T129/><D129/><U99/><E44/><V107/><F128/><W15/><G15/><T59/><D59/><U4/><E4/><V65/><F65/><W105/><G74/><T49/><D35/><U116/><E98/><AGARI ba="0,0" hai="84,89,93,95,98,103,106,107" m="27648,44191" machi="98" ten="60,7700,0" yaku="14,1,34,2" doraHai="29,33" who="2" fromWho="1" sc="250,0,230,-77,270,77,250,0" /><INIT seed="2,0,0,0,0,8" ten="250,153,347,250" oya="2" hai0="64,105,133,74,39,99,10,91,31,83,22,134,24" hai1="82,69,52,118,0,115,88,128,56,101,38,19,49" hai2="92,111,94,66,5,109,2,103,47,34,130,26,96" hai3="127,125,17,120,68,51,114,119,48,98,32,77,11"/><V113/><F113/><W106/><G119/><T6/><D39/><U37/><E118/><V16/><F130/><W102/><G120/><T89/><D64/><U40/><E115/><V107/><F66/><W14/><G114/><T29/><D29/><U122/><E69/><V86/><F2/><W71/><G32/><T76/><D105/><U55/><E0/><V42/><F5/><W12/><G77/><T129/><D129/><U4/><E128/><V60/><F60/><W123/><G123/><T3/><REACH who="0" step="1"/><D99/><REACH who="0" ten="240,153,347,250" step="2"/><U25/><E122/><V126/><F107/><W95/><G106/><T62/><D62/><U80/><E38/><V21/><F126/><N who="3" m="48139" /><G71/><T36/><D36/><U121/><E37/><V30/><F30/><W9/><G68/><T90/><AGARI ba="0,1" hai="3,6,10,22,24,31,74,76,83,89,90,91,133,134" machi="90" ten="30,4000,0" yaku="1,1,0,1,53,1" doraHai="8" doraHaiUra="7" who="0" fromWho="0" sc="240,50,153,-10,347,-20,250,-10" /><INIT seed="3,0,0,2,0,94" ten="290,143,327,240" oya="3" hai0="83,111,62,5,117,31,17,56,93,26,33,81,12" hai1="77,40,45,68,116,48,125,88,104,1,2,37,69" hai2="122,41,99,44,96,70,34,49,47,123,43,95,100" hai3="39,79,32,28,58,131,18,126,91,3,61,101,60"/><W38/><G3/><T16/><D117/><U21/><E116/><V13/><F70/><W10/><G79/><T19/><D111/><U130/><E130/><V72/><F72/><W109/><G101/><T53/><D5/><U20/><E125/><V97/><F34/><W105/><G105/><T76/><D93/><U9/><E69/><V114/><F114/><W103/><G103/><T128/><D128/><U71/><E71/><V6/><F13/><W59/><G131/><T82/><REACH who="0" step="1"/><D12/><REACH who="0" ten="280,143,327,240" step="2"/><U46/><E68/><V57/><F6/><W29/><G109/><T8/><D8/><U106/><E77/><AGARI ba="0,1" hai="16,17,19,26,31,33,53,56,62,76,77,81,82,83" machi="77" ten="40,2600,0" yaku="1,1,54,1,53,0" doraHai="94" doraHaiUra="119" who="0" fromWho="1" sc="280,36,143,-26,327,0,240,0" owari="316,11.6,117,-38.3,327,42.7,240,-16.0" /></mjloggm>