<mjloggm ver="2.3"><GO type="225" lobby="0"/><UN n0="%E5%A4%8F%E9%88%B4%E9%88%B4%E5%A4%8F" n1="%E3%83%81%E3%83%83%E3%82%BF%E3%82%BD%E3%83%BC" n2="%63%68%78%62%64" n3="%77%72%77%72%77%72%77%72" dan="16,16,16,16" rate="2133.05,2123.72,2111.35,2141.46" sx="F,F,M,M"/><TAIKYOKU oya="0"/><INIT seed="0,0,0,0,1,109" ten="250,250,250,250" oya="0" hai0="35,47,122,112,52,100,36,95,82,44,40,50,113" hai1="28,57,41,73,115,62,131,43,128,135,9,56,94" hai2="59,106,93,134,3,101,24,133,97,90,33,29,98" hai3="7,80,26,102,32,11,39,116,121,10,107,130,79"/><T89/><D122/><U21/><E73/><V5/><REACH who="2" step="1"/><F59/><REACH who="2" ten="250,250,240,250" step="2"/><W105/><G121/><T108/><D108/><U42/><E56/><V54/><F54/><W84/><G116/><T12/><D35/><U38/><E135/><V110/><F110/><W127/><G32/><T85/><REACH who="0" step="1"/><D12/><REACH who="0" ten="240,250,240,250" step="2"/><U13/><E128/><V20/><F20/><W87/><G130/><T92/><D92/><U81/><E131/><V126/><F126/><W16/><G127/><T34/><D34/><U60/><E94/><V48/><F48/><W18/><G107/><T103/><D103/><U23/><E21/><V31/><F31/><W1/><G102/><T53/><D53/><U129/><E129/><V2/><F2/><W51/><G105/><T125/><D125/><U99/><E23/><V86/><F86/><W61/><G51/><T66/><D66/><U45/><E28/><V6/><F6/><W77/><G7/><T27/><D27/><U119/><E119/><V104/><F104/><W117/><G1/><T49/><D49/><U65/><E65/><V124/><F124/><W91/><G26/><T8/><D8/><AGARI ba="0,2" hai="3,5,8,24,29,33,90,93,97,98,101,106,133,134" machi="8" ten="40,2600,0" yaku="21,2,53,0" doraHai="109" doraHaiUra="132" who="2" fromWho="0" sc="240,-26,250,0,240,46,250,0" /><INIT seed="1,0,0,2,2,127" ten="214,250,286,250" oya="1" hai0="63,14,111,106,89,6,65,57,133,77,19,39,107" hai1="68,87,131,120,8,22,24,85,96,48,105,27,47" hai2="28,80,99,130,1,4,43,30,54,79,58,75,7" hai3="91,110,16,44,12,92,59,40,13,11,64,82,71"/><U67/><E120/><V21/><F130/><W128/><G128/><T55/><D111/><U25/><E131/><V32/><F43/><W122/><G110/><T119/><D119/><U66/><E22/><V94/><F32/><W41/><G122/><T31/><D133/><U117/><E117/><V135/><F135/><W74/><G71/><T124/><D124/><U60/><E66/><V15/><F1/><W37/><G41/><T93/><D39/><U97/><E8/><V42/><F42/><W88/><G13/><T100/><D100/><U103/><REACH who="1" step="1"/><E97/><REACH who="1" ten="214,240,286,250" step="2"/><V115/><F115/><W46/><G64/><T50/><D31/><U112/><E112/><V78/><F28/><W81/><G11/><T49/><D6/><U134/><E134/><V36/><F30/><W101/><G37/><T35/><D35/><U38/><E38/><V72/><F21/><W20/><G20/><T98/><D77/><U61/><E61/><V73/><F36/><W26/><G16/><T109/><D109/><U53/><AGARI ba="0,1" hai="24,25,27,47,48,53,60,67,68,85,87,96,103,105" machi="53" ten="30,3000,0" yaku="1,1,0,1,53,0" doraHai="127" doraHaiUra="29" who="1" fromWho="1" sc="214,-10,240,40,286,-10,250,-10" /><INIT seed="1,1,0,0,4,126" ten="204,280,276,240" oya="1" hai0="25,2,90,14,48,119,108,23,118,96,36,43,92" hai1="120,6,75,3,123,16,83,19,60,81,10,53,124" hai2="24,4,18,39,13,91,65,8,74,28,94,21,59" hai3="42,102,99,85,110,56,9,97,106,5,73,33,72"/><U12/><E124/><V131/><F39/><W0/><G33/><T55/><D108/><U7/><E7/><V20/><F74/><W27/><G110/><T121/><D121/><U134/><E134/><V89/><F131/><W29/><G42/><T116/><D2/><U45/><E19/><V41/><F41/><W127/><G127/><T11/><D43/><U26/><E26/><V78/><F78/><W76/><G97/><T80/><D80/><U31/><E31/><V49/><F94/><W79/><G56/><T87/><D96/><U125/><E125/><V63/><REACH who="2" step="1"/><F49/><REACH who="2" ten="204,280,266,240" step="2"/><W50/><G76/><T52/><D36/><U77/><E83/><V68/><F68/><W1/><G72/><T103/><D103/><U47/><E120/><V128/><F128/><W37/><G73/><T32/><D48/><U40/><E123/><V105/><F105/><W114/><G37/><T61/><D61/><U17/><E40/><V109/><F109/><W67/><G50/><T130/><D130/><U129/><E129/><V133/><F133/><W86/><G79/><T82/><D92/><U113/><E60/><V111/><F111/><W57/><G106/><T117/><D116/><U22/><E75/><V35/><F35/><W62/><G62/><T104/><D32/><U64/><E77/><V100/><F100/><W69/><G102/><T135/><D104/><U66/><E81/><V88/><F88/><W112/><G69/><T15/><D135/><U44/><E113/><V30/><F30/><W101/><G114/><T115/><D115/><U46/><N who="1" m="11264" /><DORA hai="58" /><U132/><E132/><RYUUKYOKU ba="1,1" sc="204,-10,280,-10,266,30,240,-10" hai2="4,8,13,18,20,21,24,28,59,63,65,89,91" /><INIT seed="2,2,1,1,0,129" ten="194,270,296,230" oya="2" hai0="117,16,90,122,76,39,71,132,47,34,56,27,125" hai1="61,105,1,130,6,4,91,14,80,45,60,42,63" hai2="96,97,21,73,86,124,10,52,126,78,48,88,84" hai3="118,64,81,69,72,62,40,30,58,123,3,23,11"/><V35/><F35/><W67/><G118/><T113/><D122/><U70/><E130/><V127/><F73/><W15/><G123/><T38/><D113/><U100/><E70/><V2/><F21/><W18/><G40/><T46/><D117/><U0/><E100/><V87/><F78/><W110/><G110/><T134/><D71/><U49/><E105/><V133/><F133/><N who="0" m="51306" /><D125/><U20/><E0/><V41/><F41/><W31/><G69/><T44/><D76/><U89/><E1/><V19/><F88/><N who="1" m="33865" /><E80/><V22/><F10/><W74/><G81/><T131/><D131/><U57/><E57/><N who="2" m="32903" /><F2/><W51/><G3/><T12/><D56/><U120/><E120/><V94/><F94/><W119/><G119/><T114/><D114/><U101/><E101/><V77/><F77/><W37/><G74/><T98/><D27/><AGARI ba="2,1" hai="19,22,27,84,86,87,96,97,124,126,127" m="32903" machi="27" ten="40,3900,0" yaku="18,1,54,1" doraHai="129" who="2" fromWho="0" sc="194,-45,270,0,296,55,230,0" /><INIT seed="2,3,0,0,3,126" ten="149,270,351,230" oya="2" hai0="63,42,19,73,44,114,53,86,100,134,41,82,20" hai1="22,130,40,66,46,6,113,123,98,135,107,101,27" hai2="111,59,34,76,0,80,37,56,131,28,9,5,78" hai3="33,64,128,23,30,61,102,47,90,31,89,49,69"/><V125/><F37/><W54/><G33/><T110/><D114/><U92/><E135/><V121/><F125/><W18/><G102/><T36/><D110/><U132/><E132/><V52/><F121/><W11/><G11/><T95/><D134/><U81/><E113/><V104/><F104/><W79/><G79/><T96/><D73/><U108/><E108/><V88/><F131/><W3/><G3/><T50/><D63/><U129/><E123/><V87/><F111/><W39/><G128/><N who="1" m="49258" /><E81/><V119/><F56/><W72/><G72/><T60/><D60/><U133/><E133/><V109/><F109/><W45/><G45/><T21/><D36/><N who="1" m="21767" /><E6/><V68/><F68/><W15/><G39/><T35/><D35/><U83/><E83/><V115/><F119/><W124/><G124/><T48/><D48/><U97/><E66/><V77/><F115/><W4/><G4/><T71/><D71/><U67/><E67/><V103/><F103/><W122/><G122/><T38/><D38/><U70/><E70/><V8/><F8/><W17/><G69/><T120/><D21/><U55/><E55/><V12/><F0/><W43/><G64/><T85/><D120/><U93/><E97/><V16/><F34/><W112/><G112/><T105/><D86/><U118/><E118/><V99/><F99/><W91/><G54/><T74/><D74/><U1/><E1/><V75/><F5/><W127/><G127/><T117/><D117/><U10/><E10/><V84/><F75/><W32/><G23/><T51/><D85/><U26/><E22/><V13/><F84/><RYUUKYOKU ba="3,0" sc="149,-10,270,30,351,-10,230,-10" hai1="26,27,92,93,98,101,107" /><INIT seed="3,4,0,1,5,4" ten="139,300,341,220" oya="3" hai0="114,88,48,44,62,110,7,75,45,30,2,50,5" hai1="72,80,14,52,46,95,99,83,36,42,133,60,77" hai2="123,19,8,85,34,21,93,134,115,129,39,10,119" hai3="104,98,59,33,9,79,103,120,13,102,117,57,86"/><W17/><G117/><T111/><D75/><U89/><E133/><V49/><F115/><W92/><G120/><T43/><D114/><U16/><E83/><V54/><F39/><W96/><G33/><T58/><D30/><U11/><E60/><V69/><F119/><W37/><G37/><T25/><D25/><U132/><E132/><V68/><F34/><W76/><G86/><T31/><D31/><U118/><E118/><V6/><F134/><W108/><G108/><T26/><D26/><U53/><AGARI ba="4,0" hai="11,14,16,36,42,46,52,53,72,77,80,89,95,99" machi="53" ten="30,7900,0" yaku="0,1,52,1,54,2" doraHai="4" who="1" fromWho="1" sc="139,-24,300,91,341,-24,220,-43" owari="115,-38.5,391,49.1,317,11.7,177,-22.3" /></mjloggm>