<mjloggm ver="2.3"><GO type="225" lobby="0"/><UN n0="%EF%BC%AE%EF%BC%A1%EF%BC%AF%33%33%39" n1="%E3%83%A9%E3%82%B9%E7%8E%87%EF%BC%93%E5%89%B2" n2="%E9%80%86%E9%80%A3%E5%B8%AF%E3%81%AE%E9%AC%BC" n3="%72%69%6F%75%63%68%61%6E" dan="16,17,16,16" rate="2176.64,2185.58,2049.27,2123.17" sx="M,F,M,M"/><TAIKYOKU oya="0"/><INIT seed="0,0,0,4,4,77" ten="250,250,250,250" oya="0" hai0="114,101,56,132,131,9,71,44,87,61,17,93,113" hai1="8,122,36,0,89,11,54,4,123,80,82,111,135" hai2="55,129,23,41,85,124,109,21,28,29,126,118,72" hai3="14,96,120,88,112,24,35,15,134,31,133,116,63"/><T128/><D71/><U48/><E36/><V37/><F72/><W32/><G112/><T18/><D44/><U30/><E30/><V78/><F109/><W16/><G116/><T99/><D132/><N who="3" m="50793" /><G120/><T67/><D87/><U75/><E135/><V27/><F118/><W104/><G35/><T53/><D67/><U20/><E111/><V7/><F129/><N who="0" m="49738" /><D9/><U102/><E102/><V98/><F55/><W1/><G1/><T49/><D61/><U83/><E75/><V33/><F7/><W70/><G16/><AGARI ba="0,0" hai="16,17,18,49,53,56,93,99,101,113,114" m="49738" machi="16" ten="30,2900,0" yaku="19,1,54,1" doraHai="77" who="0" fromWho="3" sc="250,29,250,0,250,0,250,-29" /><INIT seed="0,1,0,0,2,7" ten="279,250,250,221" oya="0" hai0="26,45,129,27,23,73,10,51,37,128,44,109,63" hai1="75,68,115,114,2,97,95,72,62,131,81,29,46" hai2="24,25,92,98,67,110,119,124,39,22,113,40,3" hai3="32,93,66,14,55,102,16,132,105,101,82,122,33"/><T87/><D73/><U64/><E2/><V117/><F113/><N who="1" m="43017" /><E131/><N who="0" m="50249" /><D37/><U112/><N who="1" m="43025" /><U15/><DORA hai="133" /><E81/><V86/><F3/><W34/><G132/><T43/><D109/><U96/><E29/><V36/><F110/><W47/><G105/><T107/><D107/><U60/><E46/><V17/><F67/><W18/><G122/><T71/><D45/><U94/><E62/><V65/><F65/><W4/><G66/><N who="0" m="41439" /><D87/><U130/><E130/><V50/><F86/><W30/><G30/><T59/><D59/><U42/><E42/><V127/><F50/><W12/><G82/><T19/><D26/><U106/><E106/><V91/><F25/><W100/><G93/><N who="1" m="35338" /><E15/><V89/><F89/><W21/><G4/><T58/><D58/><U9/><E9/><AGARI ba="1,0" hai="9,10,19,23,27,43,44,51" m="41439,50249" machi="9" ten="30,5800,0" yaku="19,1,52,2" doraHai="7,133" who="0" fromWho="1" sc="279,61,250,-61,250,0,221,0" /><INIT seed="0,2,0,3,5,22" ten="340,189,250,221" oya="0" hai0="129,72,124,119,107,18,84,39,70,30,102,118,126" hai1="81,116,20,45,8,97,6,96,25,101,130,67,88" hai2="7,128,105,58,35,114,53,47,93,87,49,27,59" hai3="32,15,111,79,14,56,0,74,135,48,55,1,92"/><T29/><D39/><U109/><E109/><V82/><F105/><W115/><G115/><T63/><D72/><U61/><E130/><V127/><F128/><W95/><G111/><T12/><D129/><U91/><E116/><N who="0" m="44585" /><D84/><U37/><E45/><V76/><F127/><N who="0" m="48682" /><D102/><U43/><E43/><V71/><F71/><W99/><G135/><T28/><D107/><U132/><E132/><V73/><F114/><W122/><G32/><T120/><D63/><U78/><E37/><V34/><F7/><W38/><G122/><T110/><D70/><U131/><E131/><V89/><REACH who="2" step="1"/><F35/><REACH who="2" ten="340,189,240,221" step="2"/><W100/><G0/><T50/><D110/><U83/><E6/><V16/><F16/><W77/><G1/><T40/><D120/><U24/><E8/><V80/><F80/><W52/><G95/><T11/><D50/><U123/><E123/><V57/><F57/><N who="3" m="32903" /><G38/><T134/><D40/><U94/><E81/><V46/><F46/><W2/><G2/><T5/><D134/><U98/><E94/><V64/><F64/><W112/><G112/><T44/><D44/><U60/><E60/><V125/><F125/><W41/><G41/><T42/><D42/><U26/><E101/><V13/><F13/><N who="3" m="4619" /><G74/><T62/><D62/><AGARI ba="2,1" hai="55,56,62,77,79,92,99,100" m="4619,32903" machi="62" ten="30,2000,0" yaku="8,1,54,1" doraHai="22" who="3" fromWho="0" sc="340,-26,189,0,240,0,221,36" /><INIT seed="1,0,0,2,3,27" ten="314,189,240,257" oya="1" hai0="107,29,28,0,21,58,80,26,83,52,63,37,124" hai1="3,14,129,72,38,133,70,115,110,46,50,20,82" hai2="94,125,19,8,69,15,87,101,117,67,34,25,93" hai3="10,103,2,99,95,16,5,43,105,89,134,109,57"/><U60/><E115/><V96/><F117/><W100/><G109/><T108/><D107/><U65/><E110/><V126/><F69/><W56/><G134/><T23/><D0/><U40/><E3/><V120/><F120/><W74/><G74/><T90/><D37/><U78/><E133/><V116/><F116/><W114/><G114/><T51/><D108/><U11/><E20/><V113/><F67/><W123/><G123/><T32/><D32/><U55/><E129/><V98/><F113/><W62/><G43/><T12/><D124/><U7/><REACH who="1" step="1"/><E38/><REACH who="1" ten="314,179,240,257" step="2"/><V79/><F126/><W112/><G112/><T131/><D131/><U49/><E49/><V102/><F125/><W48/><G48/><T6/><D51/><U106/><E106/><V86/><F79/><W64/><G105/><T54/><D21/><U81/><E81/><V36/><F36/><W35/><G35/><T132/><D132/><U84/><E84/><V22/><REACH who="2" step="1"/><F34/><REACH who="2" ten="314,179,230,257" step="2"/><W41/><G2/><T135/><D135/><U128/><E128/><V13/><F13/><W44/><G62/><T61/><D12/><U42/><AGARI ba="0,2" hai="7,11,14,40,42,46,50,55,60,65,70,72,78,82" machi="42" ten="30,3000,0" yaku="1,1,0,1,53,0" doraHai="27" doraHaiUra="53" who="1" fromWho="1" sc="314,-10,179,50,230,-10,257,-10" /><INIT seed="1,1,0,0,5,107" ten="304,229,220,247" oya="1" hai0="83,27,113,39,62,9,58,71,65,3,115,50,117" hai1="11,67,10,54,88,48,22,45,63,129,16,12,31" hai2="75,96,5,132,134,120,2,123,92,102,127,79,36" hai3="37,128,43,72,95,34,74,55,15,99,59,130,118"/><U70/><E129/><N who="3" m="49770" /><G34/><T109/><D117/><U91/><REACH who="1" step="1"/><E31/><REACH who="1" ten="304,219,220,247" step="2"/><V68/><F123/><W17/><G118/><T42/><D115/><U23/><E23/><V98/><F120/><W8/><G37/><T57/><D39/><U18/><E18/><V93/><F36/><W133/><G133/><T13/><D113/><U40/><E40/><V84/><F134/><W103/><G43/><T60/><D42/><U104/><E104/><V66/><F132/><W112/><G112/><T119/><D119/><U69/><E69/><V53/><F68/><W77/><G77/><T76/><D71/><U82/><E82/><V21/><F21/><W126/><G126/><T114/><D83/><U30/><E30/><V6/><F79/><W49/><AGARI ba="1,1" hai="8,15,17,49,55,59,72,74,95,99,103" m="49770" machi="49" ten="30,4000,0" yaku="19,1,52,2" doraHai="107" who="3" fromWho="3" sc="304,-11,219,-21,220,-11,247,53" /><INIT seed="2,0,0,0,3,27" ten="293,198,209,300" oya="2" hai0="18,84,16,11,60,46,79,22,29,103,122,118,5" hai1="39,80,51,107,75,130,74,121,120,61,66,33,134" hai2="128,8,96,34,98,132,105,62,100,21,10,113,116" hai3="109,112,31,114,59,9,125,124,78,110,15,117,47"/><V76/><F116/><W12/><G117/><T123/><D118/><U104/><E51/><V20/><F113/><N who="3" m="43627" /><G78/><T91/><D103/><U25/><E130/><V44/><F34/><W4/><G31/><T50/><D79/><U108/><E39/><V54/><F128/><W17/><G47/><T101/><D101/><U106/><E108/><N who="3" m="41578" /><G59/><T55/><D60/><U3/><E3/><V26/><F132/><W30/><G30/><T65/><D65/><U40/><E40/><V1/><F76/><W36/><G36/><T24/><D122/><N who="1" m="47211" /><E80/><V52/><F1/><W56/><G56/><T41/><D41/><U87/><E87/><V133/><F133/><W7/><G7/><T19/><D123/><U92/><E92/><V88/><F62/><W48/><G48/><T72/><D72/><U81/><E81/><V49/><F54/><W69/><G69/><T45/><D45/><U68/><E134/><V6/><F6/><W64/><G64/><T53/><D53/><U115/><E115/><V127/><F127/><W86/><G86/><T58/><D58/><U77/><E77/><V129/><F129/><W95/><G95/><N who="0" m="54759" /><D5/><U90/><E90/><V102/><F88/><W119/><G119/><T28/><D28/><AGARI ba="0,0" hai="25,28,33,61,66,68,74,75,104,106,107" m="47211" machi="28" ten="40,5200,0" yaku="13,1,23,1,52,1" doraHai="27" who="1" fromWho="0" sc="293,-52,198,52,209,0,300,0" /><INIT seed="3,0,0,1,5,29" ten="241,250,209,300" oya="3" hai0="108,51,20,4,114,117,111,47,2,42,91,69,89" hai1="80,86,120,8,81,6,9,58,50,84,19,62,66" hai2="128,112,36,125,22,28,83,70,39,130,16,76,37" hai3="116,71,52,0,106,35,121,10,1,72,32,126,68"/><W78/><G116/><T74/><D74/><U99/><E120/><V75/><F112/><W61/><G121/><T59/><D117/><U54/><E99/><V14/><F70/><N who="3" m="26667" /><G52/><N who="0" m="32159" /><D69/><U26/><E86/><V107/><F107/><W104/><G61/><T15/><D2/><N who="3" m="1129" /><G10/><N who="0" m="4551" /><D20/><U92/><E92/><V113/><F113/><W124/><G78/><T88/><D114/><U122/><E122/><V30/><REACH who="2" step="1"/><F125/><REACH who="2" ten="241,250,199,300" step="2"/><N who="3" m="48235" /><G72/><T96/><D96/><U23/><E6/><V43/><F43/><W5/><G5/><T60/><D42/><U46/><REACH who="1" step="1"/><E81/><REACH who="1" ten="241,240,199,300" step="2"/><V55/><F55/><W131/><G131/><AGARI ba="0,2" hai="14,16,22,28,30,36,37,39,75,76,83,128,130,131" machi="131" ten="50,6400,0" yaku="1,1,19,1,54,1,53,0" doraHai="29" doraHaiUra="132" who="2" fromWho="3" sc="241,0,240,0,199,84,300,-64" /><INIT seed="4,0,0,3,5,10" ten="241,240,283,236" oya="0" hai0="52,30,2,20,114,8,53,87,24,85,31,101,105" hai1="81,99,37,92,123,118,133,129,9,45,15,102,29" hai2="84,90,115,58,47,38,76,125,107,34,119,69,80" hai3="122,104,32,11,28,131,43,132,50,70,68,109,121"/><T25/><D114/><U57/><E118/><V26/><F69/><W83/><G109/><T106/><D2/><U111/><E123/><N who="3" m="47114" /><G104/><T112/><D112/><U13/><E111/><V44/><F125/><W96/><G131/><T124/><D8/><U79/><E129/><V126/><F126/><W67/><G132/><T59/><D124/><U100/><E133/><V49/><F119/><W89/><G67/><T120/><D120/><U21/><E102/><V1/><F107/><W74/><G11/><T16/><D16/><N who="1" m="10383" /><E37/><V71/><F71/><W95/><G28/><T103/><D20/><U42/><E29/><V60/><F1/><W22/><G22/><T88/><D59/><U12/><E9/><V40/><F115/><W7/><G7/><T127/><D127/><U61/><E45/><V18/><F18/><W48/><G32/><T91/><AGARI ba="0,0" hai="24,25,30,31,52,53,85,87,88,91,101,103,105,106" machi="91" ten="25,12000,1" yaku="0,1,22,2,54,2" doraHai="10" who="0" fromWho="0" sc="241,120,240,-40,283,-40,236,-40" owari="361,46.1,200,-20.0,243,4.3,196,-30.4" /></mjloggm>