<mjloggm ver="2.3"><GO type="225" lobby="0"/><UN n0="%E3%82%A4%E3%83%BC%E3%82%B1%E3%83%97%E3%83%A9" n1="%E5%B0%8F%E9%B3%A5%E9%81%8A%E7%B7%B4%E7%84%A1%32%31%E6%AD%B3" n2="%E9%97%98%E5%B0%86%E3%81%A0%E3%82%93%E3%81%A7%E3%81%83" n3="%79%75%72%69%6D%6F%67" dan="17,16,16,16" rate="2219.69,2184.18,2086.01,2181.54" sx="M,F,M,F"/><TAIKYOKU oya="0"/><INIT seed="0,0,0,0,5,108" ten="250,250,250,250" oya="0" hai0="128,29,80,28,60,132,113,63,27,21,130,49,68" hai1="129,112,64,77,119,45,125,37,84,76,105,17,120" hai2="42,19,3,101,10,59,83,134,95,40,96,46,38" hai3="2,118,52,99,133,82,114,69,50,43,106,126,135"/><T121/><D121/><U72/><E120/><V34/><F134/><N who="3" m="51211" /><G2/><T100/><D132/><U73/><E119/><V61/><F34/><W15/><G69/><T33/><D100/><U102/><E64/><V6/><F42/><W79/><G118/><T86/><D68/><U8/><E129/><N who="0" m="49769" /><D113/><U36/><E8/><V97/><F19/><W30/><G30/><N who="0" m="17775" /><D49/><U12/><E125/><V65/><F96/><W92/><G126/><T116/><D116/><U31/><E102/><V11/><F11/><W39/><G39/><T22/><D33/><U16/><E105/><V5/><F5/><W56/><G106/><T44/><D44/><U87/><E45/><V124/><F124/><W109/><G109/><T47/><D47/><U78/><E31/><N who="0" m="11849" /><D22/><U85/><E112/><V70/><F70/><W111/><G43/><T115/><D115/><U35/><E35/><V74/><F74/><N who="1" m="28777" /><E12/><V0/><F0/><W94/><G111/><T23/><D23/><U103/><E103/><V107/><F107/><W1/><G1/><T88/><AGARI ba="0,0" hai="60,63,80,86,88" m="11849,17775,49769" machi="88" ten="30,3000,0" yaku="19,1,54,1" doraHai="108" who="0" fromWho="0" sc="250,30,250,-10,250,-10,250,-10" /><INIT seed="0,1,0,3,3,17" ten="280,240,240,240" oya="0" hai0="20,102,78,88,83,45,53,115,71,40,117,57,121" hai1="6,46,126,68,13,67,116,113,99,96,23,5,22" hai2="87,25,42,124,70,18,60,134,56,54,1,33,133" hai3="85,19,64,38,61,34,108,4,47,11,92,75,107"/><T66/><D115/><U8/><E116/><V62/><F124/><W2/><G108/><T31/><D117/><U84/><E126/><V90/><F1/><W89/><G34/><T32/><D121/><U101/><E113/><V72/><F72/><W69/><G107/><T122/><D122/><U10/><E84/><V30/><F42/><W119/><G75/><T24/><D102/><U114/><E114/><V98/><F98/><W94/><G119/><T12/><D71/><U106/><E96/><V28/><F28/><W95/><G38/><T129/><D129/><U15/><E46/><V65/><REACH who="2" step="1"/><F18/><REACH who="2" ten="280,240,230,240" step="2"/><W91/><G47/><T29/><D29/><U9/><REACH who="1" step="1"/><E9/><REACH who="1" ten="280,230,230,240" step="2"/><V49/><F49/><W36/><G36/><T59/><D45/><U39/><E39/><V3/><F3/><W50/><G50/><T128/><D128/><U0/><E0/><V123/><F123/><W77/><G85/><T105/><D40/><U37/><E37/><V43/><F43/><W7/><G7/><T48/><D48/><U52/><E52/><V111/><F111/><W135/><G4/><T130/><D53/><U55/><E55/><V125/><F125/><W93/><G2/><T74/><D130/><U131/><E131/><V103/><F103/><W41/><G41/><T16/><D74/><U73/><E73/><V97/><F97/><W80/><G61/><AGARI ba="1,2" hai="5,6,8,10,13,15,22,23,61,67,68,99,101,106" machi="61" ten="40,8000,1" yaku="1,1,9,1,52,2,53,0" doraHai="17" doraHaiUra="118" who="1" fromWho="3" sc="280,0,230,103,230,0,240,-83" /><INIT seed="1,0,0,4,0,30" ten="280,333,230,157" oya="1" hai0="88,28,59,116,122,82,78,96,79,72,65,113,3" hai1="90,17,71,107,48,40,56,85,67,120,94,129,43" hai2="49,4,16,14,135,21,104,77,128,73,134,39,25" hai3="22,50,93,132,0,19,89,7,100,105,119,97,53"/><U101/><E120/><V18/><F39/><W42/><G132/><N who="2" m="50729" /><F104/><W117/><G7/><T123/><D3/><U110/><E129/><V130/><F73/><W2/><G42/><T131/><D28/><U66/><E71/><V124/><F77/><W5/><G5/><T44/><D113/><U29/><E29/><V62/><F62/><W75/><G75/><N who="0" m="43359" /><D44/><U99/><E110/><V74/><F74/><W47/><G119/><T10/><D10/><U23/><E67/><V68/><F68/><W41/><G41/><T83/><D59/><U64/><E64/><V118/><F49/><W81/><G81/><N who="0" m="45287" /><D65/><U15/><REACH who="1" step="1"/><E66/><REACH who="1" ten="280,323,230,157" step="2"/><V133/><F133/><W125/><G117/><T87/><D131/><U84/><E84/><V109/><F118/><W76/><G125/><T57/><D116/><U38/><E38/><V12/><F109/><W103/><G76/><N who="0" m="46567" /><D57/><U58/><E58/><V86/><F124/><W27/><G103/><T127/><D127/><U61/><E61/><V11/><F86/><AGARI ba="0,1" hai="0,2,19,22,27,47,50,53,86,89,93,97,100,105" machi="86" ten="30,1000,0" yaku="7,1" doraHai="30" who="3" fromWho="2" sc="280,0,323,0,230,-10,157,20" /><INIT seed="2,0,0,5,3,125" ten="280,323,220,177" oya="2" hai0="59,4,83,106,89,87,65,28,38,10,100,97,9" hai1="12,75,91,103,48,64,76,14,19,118,7,116,128" hai2="8,45,92,32,0,60,117,105,119,134,71,113,93" hai3="42,30,11,111,110,1,40,68,56,24,129,78,70"/><V90/><F105/><W36/><G78/><T120/><D120/><U85/><E103/><V72/><F113/><W13/><G1/><T102/><D38/><U133/><E64/><V73/><F32/><W80/><G80/><T114/><D114/><U61/><E61/><V108/><F134/><W26/><G56/><T77/><D100/><U121/><E133/><V35/><F35/><W99/><G99/><T5/><D28/><U52/><E76/><V82/><F92/><W57/><G57/><T25/><D25/><N who="3" m="9833" /><G30/><T112/><D112/><U53/><E75/><V132/><F132/><W49/><G49/><T46/><D46/><U21/><E121/><V62/><F62/><W127/><G36/><T104/><D104/><U54/><E48/><V50/><F82/><W131/><G13/><T86/><D59/><U115/><E115/><V124/><F73/><W88/><G88/><T58/><D58/><U122/><E122/><V31/><F31/><W51/><G51/><T98/><D98/><U16/><E7/><V43/><F72/><W22/><G22/><T109/><D65/><U17/><E17/><V34/><F34/><W33/><G11/><T6/><D109/><N who="3" m="41481" /><G33/><T101/><D101/><U2/><E2/><V20/><F108/><W47/><G127/><T15/><D10/><U29/><E29/><V18/><F124/><W23/><G23/><T3/><D3/><U39/><E39/><V67/><F8/><W55/><G55/><T94/><AGARI ba="0,0" hai="4,5,6,9,15,77,83,86,87,89,94,97,102,106" machi="94" ten="20,1500,0" yaku="0,1,7,1" doraHai="125" who="0" fromWho="0" sc="280,15,323,-4,220,-7,177,-4" /><INIT seed="3,0,0,3,0,54" ten="295,319,213,173" oya="3" hai0="42,40,126,16,59,127,116,73,117,19,106,121,7" hai1="53,100,60,94,109,23,34,9,43,18,107,76,71" hai2="11,26,27,124,39,86,84,41,44,128,52,95,133" hai3="98,96,13,115,3,66,63,28,118,120,1,74,21"/><W125/><G115/><T119/><D121/><U134/><E34/><V87/><F128/><W61/><G118/><T2/><D73/><U80/><E107/><V22/><F133/><W77/><G120/><T83/><D106/><U88/><E100/><V47/><F124/><N who="0" m="47658" /><D59/><N who="1" m="34927" /><E71/><V104/><F104/><W55/><G125/><T45/><D83/><U69/><E69/><V132/><F132/><W68/><G77/><T92/><D92/><U64/><E109/><V57/><F47/><W46/><G74/><T81/><D81/><U62/><E43/><N who="0" m="16425" /><D45/><U110/><E110/><V4/><F22/><W29/><G29/><T75/><D75/><U91/><E9/><AGARI ba="0,0" hai="2,7,9,16,19,116,117,119" m="16425,47658" machi="9" ten="40,2600,0" yaku="18,1,54,1" doraHai="54" who="0" fromWho="1" sc="295,26,319,-26,213,0,173,0" owari="321,42.1,293,9.3,213,-18.7,173,-32.7" /></mjloggm>