<mjloggm ver="2.3"><GO type="225" lobby="0"/><UN n0="%E5%91%89%E5%AF%8C%E6%98%A5" n1="%E3%81%BF%E3%81%BF%E3%81%9A" n2="%E3%83%94%E3%83%B3%E3%82%B5%E3%83%AD%E5%BA%97%E5%93%A1" n3="%2D%E8%B1%8A%E5%8F%A3%E3%82%81%E3%81%90%E3%81%BF%2D" dan="16,17,17,17" rate="2114.58,2177.36,2260.58,2174.59" sx="M,M,M,F"/><TAIKYOKU oya="0"/><INIT seed="0,0,0,2,4,35" ten="250,250,250,250" oya="0" hai0="64,90,110,120,100,91,0,20,123,33,26,60,55" hai1="21,125,134,70,54,62,115,65,30,94,9,42,88" hai2="76,41,124,77,51,89,87,133,72,56,126,128,109" hai3="28,117,5,131,38,122,92,82,116,59,36,12,118"/><T29/><D110/><U93/><E125/><N who="2" m="48235" /><F109/><W8/><G131/><T61/><D0/><U39/><E134/><V52/><F72/><W7/><G122/><T84/><D100/><U48/><E115/><V32/><F32/><W107/><G107/><T11/><D33/><U111/><E111/><V44/><F128/><W130/><G130/><T66/><D55/><U31/><E94/><N who="2" m="54591" /><F133/><W113/><G113/><T96/><D11/><U108/><E108/><V98/><F98/><W40/><G28/><T58/><D96/><U102/><E102/><V50/><AGARI ba="0,0" hai="41,44,50,51,52,56,76,77" m="54591,48235" machi="50" ten="30,2000,0" yaku="18,1,54,1" doraHai="35" who="2" fromWho="2" sc="250,-10,250,-5,250,20,250,-5" /><INIT seed="1,0,0,1,1,59" ten="240,245,270,245" oya="1" hai0="11,133,96,87,131,121,112,51,38,134,8,74,120" hai1="30,132,82,12,57,119,58,110,116,99,52,93,37" hai2="29,101,50,28,5,128,83,118,20,123,23,90,7" hai3="21,111,22,26,27,91,79,125,71,77,124,94,0"/><U109/><E37/><V86/><F118/><W126/><G0/><T92/><D112/><U43/><E43/><V76/><F123/><N who="0" m="47178" /><D38/><U17/><E30/><N who="2" m="11883" /><F128/><W103/><G103/><N who="0" m="60807" /><D74/><U3/><E3/><V69/><F69/><W73/><G71/><T78/><D131/><U14/><E132/><N who="0" m="50793" /><D51/><U45/><E82/><AGARI ba="0,0" hai="8,11,78,82,87" m="50793,60807,47178" machi="82" ten="30,2000,0" yaku="13,1,20,1" doraHai="59" who="0" fromWho="1" sc="240,20,245,-20,270,0,245,0" /><INIT seed="2,0,0,1,5,21" ten="260,225,270,245" oya="2" hai0="106,62,49,60,42,43,41,92,33,102,81,123,94" hai1="125,80,108,116,69,29,121,117,26,86,109,135,133" hai2="31,66,59,128,111,15,58,101,88,103,100,13,1" hai3="25,18,76,39,46,110,16,6,77,97,118,132,54"/><V64/><F1/><W9/><G118/><N who="1" m="45674" /><E69/><V122/><F122/><W11/><G110/><N who="1" m="42602" /><E121/><V3/><F3/><W112/><G132/><N who="1" m="50762" /><E125/><V30/><F111/><W63/><G112/><T50/><D123/><U10/><E10/><N who="3" m="3594" /><G39/><T45/><D42/><U34/><E86/><V87/><F128/><W98/><G6/><T119/><D41/><U24/><E24/><V32/><F32/><W72/><G72/><T67/><D43/><U20/><E80/><N who="2" m="49255" /><F58/><N who="3" m="35287" /><G46/><T83/><D45/><U105/><E105/><V8/><F59/><W91/><G98/><T2/><D33/><AGARI ba="0,0" hai="20,26,29,33,34" m="50762,42602,45674" machi="33" ten="40,8000,1" yaku="14,1,20,1,34,2,52,1" doraHai="21" who="1" fromWho="0" sc="260,-80,225,80,270,0,245,0" /><INIT seed="3,0,0,0,0,100" ten="180,305,270,245" oya="3" hai0="110,79,80,68,34,102,50,17,117,58,71,5,65" hai1="73,38,103,133,22,96,129,1,48,9,127,101,109" hai2="64,3,53,57,33,32,59,90,72,26,61,14,44" hai3="121,0,120,83,30,89,55,106,130,86,85,13,126"/><W18/><G0/><T125/><D117/><U111/><E38/><V60/><F3/><W54/><G126/><T107/><D34/><U10/><E127/><V116/><F116/><W35/><G130/><T70/><D125/><U99/><E129/><V92/><F72/><W25/><G106/><T31/><D110/><N who="1" m="41995" /><E133/><V56/><F56/><W45/><G86/><T123/><D123/><U105/><E73/><V46/><F14/><W42/><G121/><T76/><D31/><U67/><E1/><V104/><F104/><W124/><G120/><T27/><D5/><U49/><E67/><V81/><F81/><W4/><G4/><T69/><N who="0" m="17408" /><DORA hai="62" /><T41/><D80/><U115/><E22/><V95/><F95/><W39/><REACH who="3" step="1"/><G124/><REACH who="3" ten="180,305,270,235" step="2"/><T122/><D122/><U132/><E132/><V47/><REACH who="2" step="1"/><F26/><REACH who="2" ten="180,305,260,235" step="2"/><W94/><G94/><T97/><D27/><U40/><E105/><V52/><F52/><W91/><G91/><T134/><D134/><U74/><E103/><V29/><F29/><W84/><G84/><AGARI ba="0,2" hai="32,33,44,46,47,53,57,59,60,61,64,84,90,92" machi="84" ten="40,2600,0" yaku="1,1,52,1,53,0" doraHai="100,62" doraHaiUra="19,113" who="2" fromWho="3" sc="180,0,305,0,260,46,235,-26" owari="180,-32.0,305,10.5,306,40.6,209,-19.1" /></mjloggm>