<mjloggm ver="2.3"><GO type="225" lobby="0"/><UN n0="%E3%82%8A%E3%81%93%E3%82%8A%E3%82%93%E3%81%94" n1="%E3%81%90%E3%81%A1%E3%82%84%E3%81%BE" n2="%4B%2E%32%2E%4B%2E" n3="%E3%83%A9%E3%82%A4%E3%83%B3%E3%81%AE%E8%99%8E" dan="17,16,17,16" rate="2209.44,2119.84,2180.36,2154.92" sx="M,M,M,M"/><TAIKYOKU oya="0"/><INIT seed="0,0,0,3,5,108" ten="250,250,250,250" oya="0" hai0="22,75,78,84,131,16,130,34,79,24,80,38,123" hai1="102,42,15,31,111,35,41,69,13,56,52,71,27" hai2="51,19,128,117,4,127,110,73,29,74,93,33,98" hai3="112,76,133,90,32,119,17,83,99,86,97,7,103"/><T106/><D123/><U87/><E111/><V53/><F110/><W114/><G32/><T81/><D106/><U26/><E102/><V104/><F104/><N who="3" m="63599" /><G7/><T54/><D38/><U95/><E95/><V46/><F127/><W57/><G17/><T59/><REACH who="0" step="1"/><D34/><REACH who="0" ten="240,250,250,250" step="2"/><U49/><E71/><V91/><F33/><W82/><G119/><T62/><AGARI ba="0,1" hai="16,22,24,54,59,62,75,78,79,80,81,84,130,131" machi="62" ten="30,12000,1" yaku="1,1,2,1,0,1,54,1,53,1" doraHai="108" doraHaiUra="23" who="0" fromWho="0" sc="240,130,250,-40,250,-40,250,-40" /><INIT seed="0,1,0,4,5,121" ten="370,210,210,210" oya="0" hai0="64,33,93,114,61,27,39,60,44,126,2,34,48" hai1="105,91,96,89,5,3,14,36,95,28,62,111,132" hai2="94,17,109,23,24,54,6,70,15,45,32,26,100" hai3="81,9,92,58,41,67,87,73,19,40,13,131,16"/><T128/><D114/><U86/><E36/><V119/><F70/><W106/><G106/><T25/><D39/><U103/><E3/><V10/><F119/><W65/><G131/><T49/><D2/><U133/><E28/><V0/><F109/><W53/><G92/><T90/><D128/><U21/><E62/><V37/><F37/><W118/><G73/><T123/><D126/><U102/><E21/><V71/><F71/><W50/><G19/><T52/><D49/><U134/><E14/><V98/><F45/><W4/><G4/><T85/><D123/><U8/><E8/><V116/><F116/><W101/><G101/><T31/><D64/><N who="3" m="24649" /><G118/><T7/><D7/><U35/><E35/><V112/><F112/><W46/><G58/><T120/><D120/><U72/><E5/><V122/><F122/><W104/><G104/><T22/><REACH who="0" step="1"/><D34/><REACH who="0" ten="360,210,210,210" step="2"/><U55/><E134/><V129/><F129/><W124/><G124/><T78/><D78/><AGARI ba="1,1" hai="9,13,16,40,41,46,50,53,78,81,87" m="24649" machi="78" ten="30,2000,0" yaku="8,1,54,1" doraHai="121" who="3" fromWho="0" sc="360,-23,210,0,210,0,210,33" /><INIT seed="1,0,0,3,1,90" ten="337,210,210,243" oya="1" hai0="75,10,23,41,67,127,99,79,88,119,57,30,31" hai1="46,117,61,80,71,22,92,85,60,43,128,78,8" hai2="95,17,48,18,76,121,93,134,38,82,52,120,62" hai3="33,87,73,130,68,24,132,54,6,84,131,104,64"/><U12/><E117/><V9/><F38/><W100/><G73/><T25/><D119/><U20/><E128/><N who="3" m="49194" /><G6/><T49/><D127/><U29/><E71/><V36/><F36/><W2/><G2/><T102/><D10/><U26/><E22/><V77/><F134/><W91/><G132/><T125/><D125/><U21/><E21/><V65/><F120/><W51/><G100/><T4/><D4/><U39/><REACH who="1" step="1"/><E92/><REACH who="1" ten="337,200,210,243" step="2"/><V58/><F121/><W44/><G104/><T63/><D23/><U42/><E42/><V106/><F106/><W1/><G68/><T123/><D41/><U115/><E115/><V107/><F107/><W135/><G135/><T98/><D123/><U45/><E45/><N who="2" m="27663" /><F82/><W109/><G44/><T105/><D105/><U11/><E11/><V124/><F124/><W35/><G35/><T103/><D57/><U129/><E129/><V37/><F37/><W13/><G33/><T19/><D30/><U40/><E40/><V94/><F9/><W56/><G56/><T16/><D31/><U34/><E34/><V50/><F50/><W114/><G51/><T97/><D49/><U86/><E86/><V70/><F70/><W111/><G87/><T74/><D75/><U133/><E133/><V96/><F96/><W126/><G84/><T89/><D99/><U118/><E118/><V15/><F15/><W112/><G13/><T27/><D74/><U5/><AGARI ba="0,1" hai="5,8,12,20,26,29,39,43,46,60,61,78,80,85" machi="5" ten="20,3900,0" yaku="1,1,0,1,7,1,53,0" doraHai="90" doraHaiUra="113" who="1" fromWho="1" sc="337,-13,200,49,210,-13,243,-13" /><INIT seed="1,1,0,0,5,35" ten="324,249,197,230" oya="1" hai0="41,24,105,32,58,87,103,93,121,51,53,45,85" hai1="127,94,110,111,66,9,16,65,101,33,22,47,44" hai2="69,75,40,8,132,106,1,99,84,95,13,81,135" hai3="117,38,113,23,59,90,112,25,4,50,78,88,91"/><U27/><E127/><V29/><F69/><W36/><G117/><T42/><D121/><U122/><E122/><V14/><F106/><W73/><G4/><T63/><D105/><U114/><E114/><V48/><F75/><W97/><G97/><T107/><D107/><U61/><E33/><V10/><F29/><W39/><G78/><T54/><D32/><U20/><E9/><V18/><F48/><W108/><G73/><T34/><D34/><U26/><E101/><V17/><F40/><N who="0" m="15466" /><D24/><U30/><E94/><V79/><REACH who="2" step="1"/><F1/><REACH who="2" ten="324,249,187,230" step="2"/><W31/><G112/><T19/><D51/><U70/><REACH who="1" step="1"/><E66/><REACH who="1" ten="324,239,187,230" step="2"/><V12/><F12/><W83/><G113/><T119/><D119/><U49/><E49/><V123/><F123/><W28/><G50/><T46/><D46/><AGARI ba="1,2" hai="16,20,22,26,27,30,44,46,47,61,65,70,110,111" machi="46" ten="40,3900,0" yaku="1,1,54,1,53,0" doraHai="35" doraHaiUra="92" who="1" fromWho="0" sc="324,-42,239,62,187,0,230,0" /><INIT seed="1,2,0,4,0,88" ten="282,301,187,230" oya="1" hai0="54,65,119,61,72,96,25,104,109,67,99,19,57" hai1="3,36,56,103,81,129,116,14,101,114,117,17,7" hai2="74,23,83,79,53,47,26,22,62,122,108,40,42" hai3="95,0,90,89,106,130,16,131,48,66,50,13,41"/><U60/><E114/><V12/><F122/><W126/><G106/><T55/><D119/><U102/><E36/><V39/><F108/><W76/><G0/><T107/><D72/><U37/><E37/><V70/><F42/><W105/><G105/><T91/><D109/><U75/><E129/><N who="3" m="49162" /><G126/><T124/><D124/><U84/><E75/><V24/><F12/><W49/><G76/><T80/><D80/><U15/><E3/><V6/><F6/><W64/><G41/><T82/><D82/><U135/><E135/><V38/><F38/><W68/><G68/><T77/><D77/><U113/><E113/><V11/><F11/><N who="3" m="6207" /><G90/><T71/><D71/><U33/><E33/><V78/><F78/><W34/><G34/><T1/><D1/><U35/><E35/><V69/><F26/><W73/><G73/><T46/><D104/><U44/><E7/><V92/><F22/><W97/><AGARI ba="2,0" hai="48,49,50,64,66,89,95,97" m="6207,49162" machi="97" ten="30,4000,0" yaku="19,1,52,1,54,1" doraHai="88" who="3" fromWho="3" sc="282,-12,301,-22,187,-12,230,46" /><INIT seed="2,0,0,3,0,39" ten="270,279,175,276" oya="2" hai0="80,121,128,20,102,82,114,72,46,73,50,57,54" hai1="17,132,58,89,32,111,115,30,76,49,100,90,61" hai2="125,2,24,92,45,56,126,23,129,75,6,85,116" hai3="44,53,51,107,95,87,21,15,68,8,37,43,70"/><V11/><F116/><W38/><G107/><T22/><D121/><U66/><E115/><V7/><F129/><W14/><G37/><T135/><D114/><U34/><E34/><V9/><F75/><W104/><G104/><T64/><D128/><U112/><E112/><V12/><F56/><N who="3" m="32831" /><G14/><T52/><D135/><U67/><E32/><V98/><F85/><W13/><G15/><T94/><D64/><U26/><E100/><V124/><F45/><W36/><G36/><T0/><D0/><U103/><E103/><V97/><REACH who="2" step="1"/><F92/><REACH who="2" ten="270,279,165,276" step="2"/><W25/><G44/><T99/><D73/><U106/><E58/><V77/><F77/><W96/><G87/><T28/><D72/><U81/><E106/><V5/><F5/><W119/><G95/><T1/><D94/><U19/><E76/><V131/><F131/><W10/><G119/><T16/><D57/><U47/><E47/><V105/><F105/><W79/><G79/><T42/><D46/><U108/><E132/><V55/><F55/><W40/><G38/><T74/><D52/><U122/><E67/><V118/><F118/><W83/><G70/><T62/><D54/><U41/><E66/><V78/><F78/><W31/><G68/><T4/><D4/><U35/><E41/><V71/><F71/><W110/><G43/><T134/><D42/><U18/><E61/><V113/><F113/><W91/><G40/><T29/><D62/><U84/><E49/><V59/><F59/><W93/><G83/><N who="0" m="31787" /><D50/><U33/><E81/><V65/><F65/><W63/><G63/><T109/><D134/><U88/><E84/><RYUUKYOKU ba="0,1" sc="270,-10,279,-10,165,30,276,-10" hai2="2,6,7,9,11,12,23,24,97,98,124,125,126" /><INIT seed="2,1,1,2,5,70" ten="260,269,195,266" oya="2" hai0="64,45,16,15,93,43,41,115,0,68,8,134,92" hai1="106,103,84,128,25,44,58,82,112,32,50,36,12" hai2="49,31,87,126,14,24,81,90,120,118,77,29,69" hai3="42,83,7,80,133,17,132,89,39,51,99,123,9"/><V117/><F120/><W73/><G17/><T65/><D115/><U71/><E112/><V28/><F126/><W97/><G51/><T130/><D130/><U85/><E71/><V76/><F69/><W131/><G123/><T1/><D134/><N who="3" m="51817" /><G131/><T2/><D43/><U79/><E106/><V127/><F127/><W35/><G35/><T30/><D30/><U38/><E103/><V20/><F14/><W72/><G83/><T55/><D55/><U56/><E128/><V26/><F31/><W13/><G89/><T4/><D4/><U10/><E85/><V110/><F110/><W109/><G109/><T19/><D19/><U53/><E25/><V95/><F49/><W121/><G121/><T46/><D46/><U135/><E32/><V88/><F90/><W5/><G7/><T40/><D40/><U27/><E27/><V47/><F47/><N who="3" m="24031" /><G73/><T114/><D114/><U57/><REACH who="1" step="1"/><E135/><REACH who="1" ten="260,259,195,266" step="2"/><V48/><F77/><AGARI ba="1,2" hai="5,9,13,72,77,80,97,99" m="24031,51817" machi="77" ten="30,2000,0" yaku="20,1,52,1" doraHai="70" who="3" fromWho="2" sc="260,0,259,0,195,-23,266,43" /><INIT seed="3,0,0,4,5,27" ten="260,259,172,309" oya="3" hai0="43,80,34,98,129,3,2,111,64,93,7,25,69" hai1="63,8,72,115,19,132,29,32,121,81,61,39,5" hai2="68,42,41,131,40,100,120,4,78,113,33,83,18" hai3="94,77,28,0,46,23,114,92,107,74,117,44,51"/><W133/><G114/><T37/><D111/><U20/><E121/><V13/><F113/><W135/><G107/><T90/><D129/><U128/><E115/><V30/><F131/><W54/><G0/><T71/><D37/><U123/><E39/><V49/><F120/><W82/><G117/><T124/><D43/><U79/><E123/><V45/><F68/><W67/><G67/><T31/><D124/><U106/><E106/><V88/><F100/><W85/><G85/><T89/><D7/><U66/><E128/><V104/><F104/><W119/><G119/><T14/><D14/><U73/><E132/><N who="3" m="50762" /><G46/><T110/><D110/><U91/><E73/><V35/><F4/><W53/><G54/><T38/><D38/><U109/><E109/><V105/><F105/><W52/><G53/><T126/><D126/><U65/><E91/><V22/><F88/><W9/><G9/><T17/><D17/><U103/><E103/><V10/><F35/><W16/><G28/><T50/><D50/><U97/><E97/><V60/><F60/><W84/><G74/><T112/><D112/><U87/><E72/><V134/><F33/><W55/><G55/><T70/><D64/><U24/><E63/><V118/><F118/><W99/><G99/><T76/><D90/><U47/><E61/><V127/><F127/><W108/><G108/><T36/><D36/><U125/><E125/><V122/><F122/><W56/><G44/><T62/><D62/><U11/><E47/><V116/><F116/><W75/><G75/><N who="0" m="43039" /><D71/><U6/><E6/><V26/><F134/><W15/><AGARI ba="0,0" hai="15,16,23,51,52,56,77,82,84,92,94" m="50762" machi="15" ten="30,11700,0" yaku="5,1,20,1,54,2" doraHai="27" who="3" fromWho="3" sc="260,-39,259,-39,172,-39,309,117" owari="221,2.1,220,-18.0,133,-36.7,426,52.6" /></mjloggm>