<mjloggm ver="2.3"><GO type="225" lobby="0"/><UN n0="%E3%83%A9%E3%82%A4%E3%83%B3%E3%81%AE%E8%99%8E" n1="%43%68%65" n2="%E3%81%90%E3%81%A1%E3%82%84%E3%81%BE" n3="%E3%81%BE%E3%81%A8%E3%81%9F" dan="16,16,16,16" rate="2094.06,2154.20,2128.38,2089.48" sx="M,M,M,M"/><TAIKYOKU oya="0"/><INIT seed="0,0,0,4,3,29" ten="250,250,250,250" oya="0" hai0="67,114,83,112,100,116,77,98,88,45,97,109,38" hai1="27,37,43,60,12,91,65,1,70,121,8,24,18" hai2="119,41,36,104,89,129,96,118,10,125,47,93,84" hai3="64,106,20,32,26,58,34,54,22,55,59,19,50"/><T111/><D67/><U105/><E121/><V110/><F110/><N who="0" m="41994" /><D45/><U133/><E105/><V39/><F129/><W90/><G106/><N who="0" m="63759" /><D38/><U108/><E108/><V101/><F125/><W62/><G90/><T120/><D120/><U131/><E131/><V40/><F10/><W68/><G22/><T15/><D15/><U49/><E37/><V23/><F23/><W72/><G72/><N who="0" m="43431" /><D116/><U7/><E43/><V122/><F122/><W86/><G86/><T30/><D30/><U63/><E65/><V28/><F28/><W127/><G127/><T123/><D123/><U80/><E70/><V87/><F41/><W78/><G78/><T48/><D48/><AGARI ba="0,0" hai="19,20,26,32,34,48,50,54,55,58,59,62,64,68" machi="48" ten="30,7700,0" yaku="7,1,9,1,52,2" doraHai="29" who="3" fromWho="0" sc="250,-77,250,0,250,0,250,77" /><INIT seed="1,0,0,2,3,0" ten="173,250,250,327" oya="1" hai0="135,7,21,69,120,83,104,96,82,6,101,91,113" hai1="31,17,115,11,40,63,125,19,87,76,9,4,36" hai2="128,28,106,52,75,47,18,67,10,124,102,123,54" hai3="99,59,50,73,109,13,39,127,118,64,3,121,114"/><U112/><E125/><V85/><F123/><W62/><G114/><T78/><D69/><U15/><E63/><V29/><F75/><W100/><G3/><T86/><D135/><U30/><E87/><V46/><F106/><W8/><G39/><T84/><D113/><N who="1" m="43595" /><E76/><V20/><F128/><W98/><G73/><T34/><D34/><U48/><E48/><V33/><F33/><W80/><G80/><T117/><D117/><U79/><E79/><V32/><F32/><W97/><G121/><T130/><D130/><U89/><E89/><V103/><F10/><W129/><G129/><T43/><D120/><U134/><E40/><V22/><F67/><W70/><G118/><T72/><D43/><U58/><E58/><V61/><F85/><W60/><G50/><T55/><D21/><N who="1" m="11455" /><E36/><V5/><F61/><W94/><G127/><T42/><D42/><U126/><E126/><V131/><F131/><W71/><G71/><T111/><D111/><U41/><E41/><V45/><F124/><W68/><G68/><T122/><D122/><U12/><E134/><V93/><F47/><W57/><G70/><T44/><REACH who="0" step="1"/><D72/><REACH who="0" ten="163,250,250,327" step="2"/><U24/><E24/><V107/><F107/><W108/><G109/><T23/><D23/><U16/><E19/><V56/><F18/><N who="3" m="8487" /><G108/><T77/><D77/><U35/><E35/><V88/><F56/><W90/><G57/><T53/><D53/><U110/><E110/><V116/><F116/><W51/><G59/><T133/><D133/><U119/><E119/><V92/><F88/><W49/><G62/><T25/><D25/><U26/><E26/><RYUUKYOKU ba="0,1" sc="163,10,250,10,250,10,327,-30" hai0="6,7,44,55,78,82,83,84,86,91,96,101,104" hai1="4,9,11,12,16,30,31" hai2="5,20,22,28,29,45,46,52,54,92,93,102,103" /><INIT seed="1,1,1,2,3,133" ten="173,260,260,297" oya="1" hai0="51,31,103,49,131,23,74,90,79,57,10,89,78" hai1="37,91,29,27,61,120,36,40,45,102,34,124,80" hai2="50,73,66,111,12,18,64,107,35,2,130,22,112" hai3="5,55,46,98,116,99,96,9,63,125,1,72,94"/><U25/><E120/><V106/><F73/><W67/><G116/><T85/><D131/><U14/><E102/><V126/><F35/><W52/><G72/><T0/><D103/><U47/><E61/><V69/><F2/><W8/><G125/><T24/><D74/><U32/><E14/><V132/><F132/><W110/><G110/><T62/><D0/><U121/><E121/><V16/><F111/><W119/><G119/><T68/><D68/><U30/><E91/><N who="0" m="34825" /><D10/><U3/><E80/><V97/><F130/><W15/><G94/><T122/><D122/><U123/><E123/><V13/><F112/><W114/><G46/><T26/><D26/><U100/><E100/><V134/><F134/><W88/><G88/><T82/><D79/><U65/><E3/><V76/><F76/><W11/><G11/><T20/><D23/><U44/><E65/><AGARI ba="1,1" hai="20,24,31,49,51,57,62,65,78,82,85" m="34825" machi="65" ten="30,1000,0" yaku="8,1" doraHai="133" who="0" fromWho="1" sc="173,23,260,-13,260,0,297,0" /><INIT seed="2,0,0,5,1,91" ten="196,247,260,297" oya="2" hai0="11,77,114,105,130,81,12,25,4,8,89,125,68" hai1="31,76,28,24,52,10,54,51,47,38,37,30,128" hai2="26,56,29,126,109,2,112,6,119,115,63,65,1" hai3="135,95,93,127,101,32,75,45,86,94,113,13,36"/><V0/><F119/><W3/><G3/><T97/><D114/><U67/><E128/><V58/><F126/><W124/><G75/><T19/><D130/><U98/><E67/><V64/><F109/><W118/><G113/><T78/><D125/><N who="3" m="48201" /><G118/><T73/><D68/><U40/><E76/><V70/><F6/><W50/><G36/><T71/><D71/><U41/><E24/><V46/><F46/><W103/><G32/><T107/><D77/><U49/><E10/><V66/><F70/><W134/><G86/><T14/><REACH who="0" step="1"/><D25/><REACH who="0" ten="186,247,260,297" step="2"/><U104/><E38/><V96/><F112/><W84/><G135/><T120/><D120/><U7/><E37/><V15/><F115/><W116/><G134/><T131/><D131/><U57/><REACH who="1" step="1"/><E7/><REACH who="1" ten="186,237,260,297" step="2"/><V74/><F74/><W35/><G116/><T9/><D9/><U23/><E23/><V133/><F133/><W87/><G35/><T53/><D53/><U100/><AGARI ba="0,2" hai="28,30,31,40,41,47,49,51,52,54,57,98,100,104" machi="100" ten="30,4000,0" yaku="1,1,0,1,54,1,53,0" doraHai="91" doraHaiUra="60" who="1" fromWho="1" sc="186,-10,237,60,260,-20,297,-10" /><INIT seed="3,0,0,0,0,15" ten="176,297,240,287" oya="3" hai0="21,134,42,69,93,65,34,127,112,23,16,59,95" hai1="6,31,0,60,39,27,58,129,118,7,54,30,91" hai2="20,115,17,108,105,14,36,5,62,116,135,9,37" hai3="49,73,99,75,114,92,19,56,50,123,70,132,12"/><W90/><G114/><T130/><D34/><U103/><E39/><V98/><F115/><W107/><G123/><T120/><D120/><U106/><E129/><V125/><F116/><W35/><G70/><T117/><D117/><U57/><E118/><V85/><F108/><W43/><G35/><T22/><D112/><U82/><E0/><V40/><F125/><W109/><G132/><T38/><D130/><U101/><E106/><V67/><F135/><W102/><G49/><T80/><D69/><U126/><E126/><V81/><F40/><W18/><G18/><T45/><D127/><U128/><E128/><V77/><F98/><W26/><G26/><T53/><D65/><N who="1" m="39055" /><E91/><V11/><F105/><W10/><G109/><T121/><D121/><U110/><E110/><V111/><F11/><W72/><G43/><T84/><D134/><U113/><E82/><V133/><F111/><W33/><G33/><T97/><D95/><U51/><E113/><V55/><F55/><W46/><G56/><T68/><D68/><U76/><E76/><V25/><REACH who="2" step="1"/><F133/><REACH who="2" ten="176,297,230,287" step="2"/><W79/><G107/><T96/><D96/><U74/><E74/><V78/><F78/><W61/><G79/><T8/><D97/><U64/><E64/><V66/><F66/><W131/><G131/><T4/><D84/><U47/><E103/><V104/><F104/><W94/><G102/><T122/><D122/><U87/><E101/><V41/><F41/><N who="3" m="24911" /><G92/><T63/><D93/><U89/><E87/><V52/><F52/><W28/><G28/><N who="1" m="10794" /><E54/><V83/><F83/><W71/><G75/><T24/><D80/><RYUUKYOKU ba="0,1" sc="176,10,297,-30,230,10,287,10" hai0="4,8,16,21,22,23,24,38,42,45,53,59,63" hai2="5,9,14,17,20,25,36,37,62,67,77,81,85" hai3="10,12,19,61,71,72,73,90,94,99" /><INIT seed="3,1,1,0,4,80" ten="186,267,240,297" oya="3" hai0="74,67,122,55,34,135,65,15,47,98,9,56,119" hai1="49,95,13,106,64,36,100,86,50,91,4,77,94" hai2="93,24,31,85,97,123,87,105,108,89,17,103,27" hai3="46,112,104,3,116,127,131,101,40,22,37,70,48"/><W29/><G112/><T96/><D74/><U117/><E36/><V59/><F108/><W35/><G3/><T66/><D119/><U62/><E106/><V125/><F125/><W133/><G116/><T113/><D122/><U16/><E4/><V63/><F123/><W115/><G115/><T25/><D113/><U84/><E117/><V120/><F120/><W7/><G35/><T128/><D128/><U81/><E95/><V14/><F31/><W26/><G70/><T11/><D135/><U72/><E100/><V52/><REACH who="2" step="1"/><F87/><REACH who="2" ten="186,267,230,297" step="2"/><W132/><G133/><T43/><D34/><U90/><E72/><V130/><F130/><W8/><G127/><T28/><D28/><U129/><E129/><V99/><F99/><W38/><G131/><T102/><D98/><U19/><E77/><V124/><F124/><W68/><G132/><T61/><D25/><U0/><E0/><V51/><F51/><N who="1" m="19465" /><E13/><V32/><F32/><W41/><G48/><N who="0" m="26751" /><D15/><U5/><E5/><V79/><F79/><W54/><G29/><T44/><D44/><U109/><E109/><V121/><F121/><W45/><G26/><T2/><D2/><U111/><E111/><V69/><F69/><W12/><G68/><T118/><D118/><U75/><E75/><V23/><AGARI ba="1,2" hai="14,17,23,24,27,52,59,63,85,89,93,97,103,105" machi="23" ten="20,12000,2" yaku="1,1,0,1,7,1,52,1,54,1,53,1" doraHai="80" doraHaiUra="10" who="2" fromWho="2" sc="186,-31,267,-31,230,143,297,-61" owari="155,-34.5,236,3.6,373,47.3,236,-16.4" /></mjloggm>