<mjloggm ver="2.3"><GO type="225" lobby="0"/><UN n0="%E3%81%BF%E3%81%BF%E3%81%9A" n1="%E6%98%93%E5%88%A9%E8%96%A9%E4%BC%AF" n2="%E6%B5%81%E3%82%8C%EF%BC%9F%53%4F%41" n3="%70%68%65%6E%6F%6D%65" dan="17,17,17,16" rate="2204.95,2159.22,2230.50,2159.46" sx="M,F,M,M"/><TAIKYOKU oya="0"/><INIT seed="0,0,0,1,3,125" ten="250,250,250,250" oya="0" hai0="19,40,37,46,23,18,54,12,115,70,28,111,124" hai1="16,67,85,66,95,88,32,119,122,104,71,132,109" hai2="110,89,93,77,84,128,74,131,3,105,7,24,53" hai3="34,126,29,91,129,116,31,121,8,55,80,50,120"/><T134/><D115/><U39/><E119/><V60/><F3/><W9/><G116/><T11/><D124/><U133/><E122/><N who="3" m="47210" /><G126/><T58/><D134/><N who="1" m="51819" /><E32/><V130/><F7/><W17/><G17/><T97/><D111/><U15/><E39/><V25/><F105/><W135/><G135/><T33/><D70/><U30/><E30/><N who="3" m="11274" /><G34/><T59/><D97/><U100/><E71/><V99/><F110/><W63/><G63/><T96/><D96/><N who="1" m="61447" /><E109/><V21/><F21/><AGARI ba="0,0" hai="15,16,21,66,67,85,88,95" m="61447,51819" machi="21" ten="30,3900,0" yaku="20,1,54,2" doraHai="125" who="1" fromWho="2" sc="250,0,250,39,250,-39,250,0" /><INIT seed="1,0,0,5,1,94" ten="250,289,211,250" oya="1" hai0="4,95,51,32,28,78,64,123,26,30,102,90,66" hai1="57,43,120,113,31,48,82,100,58,132,0,41,121" hai2="110,65,122,37,79,91,20,55,72,134,83,88,45" hai3="36,128,116,124,111,52,47,87,75,115,49,56,10"/><U89/><E113/><V119/><F119/><W14/><G115/><T21/><D123/><U106/><E0/><V7/><F122/><W42/><G116/><T127/><D127/><U13/><E132/><V2/><F110/><W108/><G75/><T59/><D78/><U118/><E118/><V12/><F65/><W80/><G128/><T81/><D81/><U107/><E31/><V19/><F134/><W35/><G35/><T34/><D102/><U63/><E13/><V86/><F86/><W130/><G130/><T93/><D4/><U76/><E89/><V99/><F99/><W105/><G105/><T62/><D66/><U131/><E131/><V117/><F117/><W50/><G36/><T38/><D38/><U3/><E3/><V126/><F126/><W9/><G124/><T70/><D93/><U23/><E23/><V29/><F29/><W24/><G24/><T71/><D30/><U68/><E68/><V103/><F103/><W112/><G112/><T74/><D74/><U104/><E100/><V6/><F6/><W33/><G33/><T15/><D51/><U92/><E92/><V8/><REACH who="2" step="1"/><F55/><REACH who="2" ten="250,289,201,250" step="2"/><W46/><G108/><T40/><D34/><U54/><E121/><V1/><F1/><W69/><G111/><T97/><REACH who="0" step="1"/><D40/><AGARI ba="0,1" hai="2,7,8,12,19,20,37,40,45,72,79,83,88,91" machi="40" ten="40,8000,1" yaku="1,1,25,2,54,1,53,0" doraHai="94" doraHaiUra="98" who="2" fromWho="0" sc="250,-80,289,0,201,90,250,0" /><INIT seed="2,0,0,5,3,36" ten="170,289,291,250" oya="2" hai0="81,134,135,92,47,99,16,27,118,77,116,8,90" hai1="33,83,89,39,44,0,108,113,88,59,117,102,31" hai2="42,71,5,20,19,9,132,3,14,28,86,121,56" hai3="45,34,123,120,109,12,73,131,125,60,105,11,38"/><V70/><F121/><W29/><G105/><T96/><D47/><U104/><E113/><V127/><F127/><W26/><G73/><N who="0" m="43183" /><D8/><U24/><E0/><V6/><F6/><W57/><G125/><T107/><D27/><U41/><E117/><N who="0" m="45161" /><D16/><U82/><E108/><V95/><F132/><N who="0" m="50730" /><D107/><U13/><E13/><V65/><F28/><W10/><G10/><T66/><D66/><U93/><E59/><V69/><F56/><W58/><G57/><T52/><D52/><U94/><E104/><V30/><F30/><W79/><G45/><T55/><D55/><U128/><E44/><V15/><F3/><W48/><G38/><T97/><AGARI ba="0,0" hai="90,92,96,97,99" m="50730,45161,43183" machi="97" ten="40,8000,1" yaku="12,1,20,1,34,2" doraHai="36" who="0" fromWho="0" sc="170,80,289,-20,291,-40,250,-20" /><INIT seed="3,0,0,3,4,64" ten="250,269,251,230" oya="3" hai0="21,128,111,77,43,60,52,119,115,7,78,123,72" hai1="66,86,58,81,105,127,56,61,44,126,135,20,76" hai2="50,131,57,116,9,63,109,28,85,124,97,67,32" hai3="6,96,69,88,108,82,46,114,94,104,26,120,51"/><W19/><G114/><T80/><D119/><U130/><E105/><V4/><F116/><W100/><G120/><T23/><D123/><U99/><E135/><V79/><F109/><W106/><G108/><T132/><D111/><U5/><E5/><V0/><F131/><W129/><G129/><T134/><D128/><U93/><E44/><V89/><F124/><N who="1" m="47657" /><E20/><V84/><F79/><W102/><G6/><T37/><D78/><U15/><E15/><V31/><F32/><W133/><G69/><T47/><D115/><U45/><E45/><V70/><F97/><W1/><G1/><T41/><D41/><U110/><E110/><V75/><F75/><W24/><G133/><N who="0" m="51307" /><D7/><U71/><E130/><V54/><REACH who="2" step="1"/><F85/><REACH who="2" ten="250,269,241,230" step="2"/><N who="3" m="50231" /><G106/><T74/><D74/><U3/><E3/><V107/><F107/><W117/><G104/><T92/><D72/><U55/><E55/><V2/><F2/><W10/><G117/><T34/><D34/><U103/><AGARI ba="0,1" hai="56,58,61,66,71,76,81,86,93,99,103" m="47657" machi="103" ten="30,2000,0" yaku="18,1,52,1" doraHai="64" who="1" fromWho="1" sc="250,-5,269,30,241,-5,230,-10" /><INIT seed="4,0,0,0,2,127" ten="245,299,236,220" oya="0" hai0="105,49,1,88,53,128,69,133,80,3,125,57,96" hai1="19,54,99,11,0,10,15,74,76,22,44,20,45" hai2="23,58,16,60,31,35,116,130,122,117,112,86,109" hai3="98,115,26,59,120,84,135,46,61,110,28,118,111"/><T37/><D125/><U65/><E65/><N who="2" m="39063" /><F122/><W75/><G75/><T132/><D37/><U68/><E68/><V104/><F109/><W42/><G118/><N who="2" m="45673" /><F104/><W36/><G120/><T85/><D69/><U100/><E76/><V38/><F38/><W9/><G115/><T5/><D5/><U91/><E91/><V17/><F112/><W123/><G123/><T114/><D114/><U94/><E74/><V66/><F66/><W29/><G135/><N who="0" m="51787" /><D128/><U33/><E33/><V13/><F17/><W92/><G84/><T83/><D83/><U81/><E81/><V14/><F86/><W18/><G9/><T2/><D96/><U25/><E0/><N who="0" m="1" /><T82/><DORA hai="43" /><D80/><U107/><E107/><AGARI ba="0,0" hai="49,53,57,82,85,88,105,107" m="1,51787" machi="107" ten="50,4800,0" yaku="20,1,54,1" doraHai="127,43" who="0" fromWho="1" sc="245,48,299,-48,236,0,220,0" /><INIT seed="4,1,0,1,0,55" ten="293,251,236,220" oya="0" hai0="15,90,106,71,58,1,27,126,111,30,13,18,53" hai1="132,135,17,52,127,115,80,46,31,7,34,3,134" hai2="11,22,14,72,24,9,81,86,51,96,21,12,75" hai3="20,73,133,110,91,94,108,26,92,37,28,68,48"/><T47/><D71/><U104/><E104/><V112/><F112/><W5/><G37/><T95/><D1/><U109/><E109/><V40/><F96/><W43/><G133/><T121/><D106/><U102/><E102/><V114/><F114/><W33/><G68/><T10/><D121/><U74/><E127/><V118/><F118/><W130/><G130/><T125/><D47/><U100/><E100/><V117/><F117/><W85/><G73/><T16/><D111/><U97/><E97/><V57/><F75/><W65/><G65/><T0/><D0/><U41/><E17/><V36/><F36/><W42/><G5/><T120/><D120/><U124/><E52/><N who="2" m="31903" /><F40/><W99/><G33/><T89/><D27/><N who="1" m="18815" /><E124/><N who="0" m="47721" /><D95/><U84/><E115/><V78/><F72/><W60/><G60/><N who="0" m="35919" /><D30/><U93/><E3/><V39/><F39/><W98/><G99/><T88/><D90/><U64/><E135/><V123/><F123/><W66/><G66/><T128/><D128/><U19/><E64/><V6/><F24/><W113/><G113/><T70/><D70/><U25/><E25/><V35/><F35/><W79/><G79/><T131/><D131/><U82/><E134/><V76/><F78/><W62/><G62/><T105/><D105/><U54/><E132/><V23/><F23/><AGARI ba="1,0" hai="10,13,15,16,18,23,88,89" m="35919,47721" machi="23" ten="30,11600,0" yaku="18,1,52,1,54,2" doraHai="55" who="0" fromWho="2" sc="293,119,251,0,236,-119,220,0" owari="412,51.2,251,5.1,117,-38.3,220,-18.0" /></mjloggm>