<mjloggm ver="2.3"><GO type="225" lobby="0"/><UN n0="%E3%81%B2%E3%81%AA%E3%81%AE%E3%82%8A%E3%81%8F" n1="%E3%83%96%E3%83%83%E3%83%91%E3%82%AA%E3%83%96%E3%83%81%E3%82%AD%E3%83%B3" n2="%E3%82%B3%E3%83%90%E3%83%AC%E3%82%A4" n3="%E6%9C%88%E5%B3%B6%E5%9F%BA" dan="16,16,16,17" rate="2122.50,2187.84,2155.30,2200.25" sx="M,M,M,M"/><TAIKYOKU oya="0"/><INIT seed="0,0,0,0,5,40" ten="250,250,250,250" oya="0" hai0="64,19,38,101,107,28,125,34,77,120,35,60,117" hai1="82,123,12,48,70,41,62,122,18,128,5,113,51" hai2="36,3,84,6,99,61,119,90,29,76,110,109,131" hai3="96,54,58,94,68,116,33,74,135,112,56,95,73"/><T133/><D117/><U42/><E5/><V59/><F119/><W71/><G116/><T78/><D120/><N who="1" m="46123" /><E82/><V26/><F131/><W24/><G112/><T86/><D133/><U93/><E18/><V81/><F36/><W121/><G135/><T87/><D125/><U92/><E12/><V55/><F6/><W49/><G121/><T21/><D38/><U106/><E93/><V20/><F3/><W13/><G71/><T8/><D8/><U53/><E92/><V124/><F124/><W129/><G68/><T39/><D39/><U115/><E106/><V37/><F37/><W130/><G58/><T111/><D111/><N who="2" m="42506" /><F99/><W15/><G95/><T103/><D107/><U63/><E128/><N who="3" m="49258" /><G15/><T97/><D35/><U104/><E104/><V27/><F27/><W43/><G43/><N who="1" m="16394" /><E70/><V30/><F30/><N who="3" m="19655" /><G13/><T118/><D28/><U44/><E51/><V23/><F23/><W46/><G74/><T134/><D134/><U75/><E75/><V47/><F76/><N who="0" m="29290" /><D118/><U80/><E80/><V79/><F79/><W9/><G9/><T52/><D34/><U0/><E0/><V10/><F10/><W89/><G73/><T50/><D97/><U1/><E1/><V100/><F100/><W65/><G96/><T4/><D103/><U69/><E69/><V132/><F132/><W16/><G94/><T127/><D101/><U98/><E98/><V91/><F91/><W88/><G16/><T32/><D4/><U126/><E126/><V105/><F105/><W57/><G89/><T83/><D127/><U85/><E85/><V2/><F2/><W14/><G88/><RYUUKYOKU ba="0,0" sc="250,-15,250,15,250,15,250,-15" hai1="44,48,53,62,63,113,115" hai2="20,26,29,47,55,59,61,81,84,90" /><INIT seed="1,1,0,5,0,77" ten="235,265,265,235" oya="1" hai0="113,46,75,59,116,19,17,123,48,132,126,94,22" hai1="135,28,118,120,101,104,85,30,61,52,106,102,32" hai2="82,92,114,127,108,111,65,35,39,64,110,115,2" hai3="13,119,73,36,27,122,99,103,83,124,71,20,105"/><U81/><E118/><V76/><F2/><W67/><G122/><T109/><D113/><N who="2" m="43018" /><F35/><W96/><G119/><T38/><D116/><U70/><E120/><V78/><F39/><W66/><G36/><T10/><D123/><U58/><E135/><V26/><F26/><W29/><G124/><T7/><D38/><U21/><E32/><V50/><F127/><W90/><G71/><T37/><D37/><U11/><E70/><V63/><F63/><W15/><G96/><T53/><D126/><U24/><E30/><V87/><F76/><W55/><G73/><T6/><D75/><U129/><E129/><V60/><F60/><W23/><G15/><N who="0" m="7415" /><D109/><U134/><E134/><V95/><F50/><W43/><G13/><N who="0" m="9583" /><D132/><U12/><E106/><V100/><F100/><W14/><G14/><T47/><D94/><AGARI ba="1,0" hai="64,65,78,82,87,92,94,95,108,110,111" m="43018" machi="94" ten="40,5200,0" yaku="14,1,11,1,52,1" doraHai="77" who="2" fromWho="0" sc="235,-55,265,0,265,55,235,0" /><INIT seed="2,0,0,3,5,65" ten="180,265,320,235" oya="2" hai0="98,131,28,130,13,125,117,12,70,14,100,4,43" hai1="61,8,81,97,120,37,102,84,9,36,122,30,64" hai2="38,112,33,25,50,7,106,47,78,26,77,44,80" hai3="39,115,110,41,74,135,71,40,128,46,129,60,49"/><V29/><F106/><W63/><G74/><T48/><D4/><U79/><E30/><V51/><F112/><W55/><G115/><T103/><D28/><U123/><E36/><V133/><F7/><W72/><G72/><T10/><D10/><U126/><E126/><V108/><F133/><W68/><G135/><T94/><D125/><U45/><E45/><V57/><F108/><W73/><G73/><T3/><D3/><U42/><E42/><N who="3" m="16490" /><G39/><T35/><D35/><U104/><REACH who="1" step="1"/><E37/><REACH who="1" ten="180,255,320,235" step="2"/><V114/><F38/><W86/><G110/><T1/><D117/><U62/><E62/><N who="3" m="23594" /><G86/><T2/><D130/><AGARI ba="0,1" hai="46,49,55,68,71,128,129,130" m="23594,16490" machi="130" ten="30,8000,1" yaku="19,1,34,2,52,2" doraHai="65" who="3" fromWho="0" sc="180,-80,255,0,320,0,235,90" /><INIT seed="3,0,0,5,3,53" ten="100,255,320,325" oya="3" hai0="126,56,4,120,95,65,36,83,104,26,31,72,124" hai1="52,44,106,27,90,58,78,2,15,74,82,51,32" hai2="39,113,123,38,13,110,125,79,101,55,115,33,49" hai3="84,109,76,10,22,43,100,67,48,7,20,63,18"/><W30/><G109/><T129/><D120/><U132/><E132/><V130/><F33/><W134/><G134/><T97/><D129/><U61/><E2/><V42/><F130/><W114/><G114/><T25/><D4/><U103/><E90/><V91/><F123/><W54/><G43/><T24/><D104/><U14/><E106/><V66/><F101/><W59/><G100/><T93/><D36/><U28/><REACH who="1" step="1"/><E103/><REACH who="1" ten="100,245,320,325" step="2"/><V9/><F91/><W47/><G30/><T1/><D1/><U68/><E68/><V23/><F115/><W62/><G18/><T102/><D124/><U21/><E21/><V64/><F125/><W122/><G122/><T128/><D128/><U6/><E6/><V92/><F113/><W71/><G7/><T112/><D112/><U116/><E116/><V3/><F3/><W17/><G17/><T117/><D117/><U57/><E57/><V127/><F127/><W70/><G10/><T94/><D126/><U40/><AGARI ba="0,1" hai="14,15,27,28,32,40,44,51,52,58,61,74,78,82" machi="40" ten="20,12000,2" yaku="1,1,0,1,7,1,52,1,54,1,53,1" doraHai="53" doraHaiUra="41" who="1" fromWho="1" sc="100,-30,245,130,320,-30,325,-60" owari="70,-43.0,375,47.5,290,9.0,265,-13.5" /></mjloggm>