<mjloggm ver="2.3"><GO type="225" lobby="0"/><UN n0="%E6%98%BC%E4%B8%8B%E3%81%8C%E3%82%8A%E3%81%AE%E5%9B%A3%E5%9C%B0%E5%A6%BB" n1="%E5%B8%86%E7%AB%8B%E5%A4%8F%E8%A1%A3" n2="%E3%83%96%E3%83%83%E3%83%91%E3%82%AA%E3%83%96%E3%83%81%E3%82%AD%E3%83%B3" n3="%E4%BF%BA%E3%81%A8%E5%A6%96%E5%A4%A2" dan="16,17,16,16" rate="2150.40,2164.19,2165.46,2262.51" sx="F,M,M,F"/><TAIKYOKU oya="0"/><INIT seed="0,0,0,0,4,118" ten="250,250,250,250" oya="0" hai0="38,76,92,94,98,103,20,44,67,7,59,3,99" hai1="116,111,101,54,85,17,69,15,56,65,125,23,100" hai2="43,8,120,51,127,26,40,113,19,5,93,133,68" hai3="36,34,41,112,134,71,0,82,91,119,31,66,10"/><T75/><D20/><U2/><E116/><V21/><F113/><W42/><G119/><T48/><D67/><U29/><E111/><V12/><F127/><W70/><G112/><T28/><D28/><U50/><E2/><V6/><F133/><W55/><G134/><T61/><D61/><U83/><E125/><V32/><F68/><W64/><G91/><T58/><D38/><U9/><E65/><V62/><F62/><W102/><G82/><T53/><D75/><U47/><E56/><V123/><F32/><W79/><G79/><T11/><REACH who="0" step="1"/><D76/><REACH who="0" ten="240,250,250,250" step="2"/><N who="1" m="46311" /><E69/><V117/><F117/><W130/><G66/><T122/><D122/><U115/><E115/><V126/><F126/><W39/><G64/><T87/><D87/><U24/><AGARI ba="0,1" hai="9,15,17,23,24,29,47,50,54,100,101" m="46311" machi="24" ten="30,1100,0" yaku="8,1" doraHai="118" who="1" fromWho="1" sc="240,-5,250,21,250,-3,250,-3" /><INIT seed="1,0,0,4,3,57" ten="235,271,247,247" oya="1" hai0="0,22,10,98,135,13,18,75,41,60,73,36,65" hai1="11,27,111,21,106,16,39,108,122,35,69,100,86" hai2="12,83,44,66,84,49,99,90,42,107,56,31,115" hai3="6,23,63,116,117,64,110,85,128,3,50,26,8"/><U112/><E69/><V24/><F115/><W81/><G110/><N who="1" m="42026" /><E112/><V121/><F121/><W104/><G104/><T88/><D135/><U32/><E122/><V70/><F70/><W82/><G50/><T48/><D36/><U91/><E39/><V125/><F125/><W103/><G103/><T28/><D41/><U109/><N who="1" m="42034" /><U79/><DORA hai="120" /><E79/><V5/><F107/><W134/><G85/><T15/><D48/><U72/><E72/><V55/><F66/><W47/><G47/><T61/><D0/><U96/><E11/><V80/><F99/><W14/><G3/><T113/><D113/><U67/><E67/><V17/><F5/><W30/><G128/><T37/><D37/><U92/><AGARI ba="0,0" hai="16,21,27,32,35,86,91,92,96,100,106" m="42034" machi="92" ten="40,18000,2" yaku="14,1,10,1,52,4,54,1" doraHai="57,120" who="1" fromWho="1" sc="235,-60,271,180,247,-60,247,-60" /><INIT seed="1,1,0,2,0,128" ten="175,451,187,187" oya="1" hai0="87,1,61,15,102,37,123,98,10,131,134,81,35" hai1="94,51,117,71,91,118,38,124,28,67,114,57,115" hai2="60,40,74,129,85,122,26,18,48,65,4,47,63" hai3="52,125,5,3,82,119,11,93,36,30,133,84,49"/><U14/><E14/><V80/><F122/><W95/><G125/><T12/><D131/><U45/><E28/><V110/><F129/><W89/><G119/><T44/><D123/><U69/><E91/><V55/><F110/><W106/><G106/><T22/><D35/><U17/><E17/><V50/><F74/><W97/><G36/><T86/><D134/><U73/><E94/><V21/><F65/><W13/><G133/><T42/><D61/><U104/><E104/><V76/><REACH who="2" step="1"/><F4/><REACH who="2" ten="175,451,177,187" step="2"/><W54/><G30/><T20/><D1/><U116/><E73/><V39/><F39/><W29/><G29/><T101/><D37/><U68/><E38/><V9/><F9/><W59/><G3/><T25/><D10/><U100/><E124/><V111/><F111/><W27/><G27/><T70/><D70/><U46/><E100/><V16/><F16/><W108/><G108/><T105/><D102/><U127/><E127/><V58/><AGARI ba="1,1" hai="18,21,26,40,47,48,50,55,58,60,63,76,80,85" machi="58" ten="20,5200,0" yaku="1,1,0,1,7,1,8,1,53,0" doraHai="128" doraHaiUra="66" who="2" fromWho="2" sc="175,-14,451,-27,177,65,187,-14" /><INIT seed="2,0,0,1,2,101" ten="161,424,242,173" oya="2" hai0="120,9,56,63,45,79,103,90,127,51,49,55,112" hai1="3,11,85,68,15,106,52,130,17,10,65,70,24" hai2="99,1,113,108,124,125,93,74,128,54,29,131,28" hai3="121,77,25,97,26,18,4,88,132,64,81,48,71"/><V83/><F1/><W40/><G121/><T50/><D112/><U34/><E106/><V31/><F113/><W16/><G132/><T62/><D120/><U36/><E36/><V5/><F5/><W32/><G32/><T86/><D127/><N who="2" m="48714" /><F54/><W119/><G119/><T46/><D79/><U7/><E52/><V22/><F83/><W87/><G4/><T19/><D103/><U95/><E7/><V38/><F38/><W72/><G72/><T110/><D63/><U133/><E3/><V109/><F74/><W43/><G64/><T23/><D9/><U27/><E65/><V39/><F39/><W96/><G71/><T35/><D35/><U94/><E34/><V21/><F93/><N who="3" m="56359" /><G97/><T129/><D129/><N who="2" m="49738" /><F99/><W69/><G69/><T80/><REACH who="0" step="1"/><D110/><AGARI ba="0,0" hai="21,22,28,29,31,108,109,110" m="49738,48714" machi="110" ten="40,24000,3" yaku="28,2,14,1,10,1,18,1,19,1,34,2" doraHai="101" who="2" fromWho="0" sc="161,-240,424,0,242,240,173,0" owari="-79,-57.9,424,22.4,482,58.2,173,-22.7" /></mjloggm>