<mjloggm ver="2.3"><GO type="225" lobby="0"/><UN n0="%E7%89%B9%E6%9D%B1%E3%81%AF%E4%B8%96%E7%95%8C%E3%82%92%E6%95%91%E3%81%86" n1="%E9%BB%99%E8%81%B4%E3%81%AE%E3%81%99%E3%82%9D%E3%82%81" n2="%E5%A4%8F%E9%88%B4%E9%88%B4%E5%A4%8F" n3="%E7%9A%AE%E3%80%85" dan="16,16,16,16" rate="2228.16,2136.53,2162.80,2133.61" sx="M,M,F,M"/><TAIKYOKU oya="0"/><INIT seed="0,0,0,3,5,101" ten="250,250,250,250" oya="0" hai0="91,118,132,135,63,114,3,29,112,23,105,12,121" hai1="54,35,1,133,31,53,28,111,6,2,64,95,131" hai2="68,85,52,16,20,77,60,100,44,89,19,43,24" hai3="83,41,45,39,115,92,13,106,116,66,88,56,84"/><T8/><D63/><U119/><E119/><V125/><F125/><W33/><G115/><N who="0" m="44075" /><D91/><U57/><E64/><V107/><F77/><W27/><G116/><T48/><D48/><U80/><E80/><V70/><F100/><W108/><G108/><T50/><D50/><U104/><E111/><V42/><F107/><W38/><G38/><T72/><D72/><U9/><E104/><V65/><F70/><W123/><G123/><T0/><D105/><U79/><E79/><V46/><F19/><W117/><G117/><T87/><D87/><U11/><E131/><V32/><F32/><W59/><G106/><T10/><D118/><U47/><E133/><N who="0" m="51273" /><D121/><U78/><E78/><V82/><REACH who="2" step="1"/><F52/><REACH who="2" ten="250,250,240,250" step="2"/><W69/><G69/><T74/><D74/><U102/><E35/><V37/><F37/><W26/><G66/><T122/><D122/><U18/><E54/><V113/><F113/><W25/><G33/><T109/><D109/><U61/><E47/><AGARI ba="0,1" hai="16,20,24,42,43,44,46,47,60,65,68,82,85,89" machi="47" ten="40,2600,0" yaku="1,1,54,1,53,0" doraHai="101" doraHaiUra="99" who="2" fromWho="1" sc="250,0,250,-26,240,36,250,0" /><INIT seed="1,0,0,2,2,52" ten="250,224,276,250" oya="1" hai0="59,62,85,44,121,125,95,19,107,10,131,70,101" hai1="47,27,119,127,9,123,114,13,113,25,41,86,84" hai2="32,128,94,67,105,72,106,0,48,83,18,30,100" hai3="111,89,5,88,11,102,117,45,80,50,66,46,60"/><U71/><E119/><V116/><F116/><W90/><G111/><T97/><D70/><U24/><E123/><V120/><F0/><W4/><G102/><T115/><D115/><U35/><E71/><V28/><F120/><W129/><G129/><T134/><D131/><U99/><E35/><V126/><F128/><W77/><G117/><T63/><D121/><U68/><E68/><V26/><F30/><W118/><G118/><T79/><D134/><U122/><E122/><V96/><F126/><W17/><G17/><T36/><D125/><U73/><E73/><V69/><F48/><W56/><G11/><T54/><D63/><U93/><E127/><V16/><F94/><W53/><REACH who="3" step="1"/><G45/><REACH who="3" ten="250,224,276,240" step="2"/><T135/><D10/><U20/><E114/><V55/><F18/><W51/><G51/><T40/><D19/><N who="1" m="10351" /><E9/><V42/><F16/><W130/><G130/><T29/><D29/><U39/><E39/><V87/><F100/><W7/><G7/><T82/><REACH who="0" step="1"/><D135/><REACH who="0" ten="240,224,276,240" step="2"/><U132/><E132/><V110/><F110/><W22/><G22/><T8/><D8/><U38/><E113/><V98/><F32/><W57/><G57/><T124/><D124/><U75/><E47/><V21/><F21/><W14/><G14/><T103/><D103/><U2/><E2/><V108/><F108/><W58/><G58/><T33/><D33/><U74/><E24/><V6/><F26/><W3/><G3/><T133/><D133/><U91/><E25/><V34/><F34/><W15/><G15/><T112/><D112/><U76/><E27/><V43/><F69/><W78/><G78/><RYUUKYOKU ba="0,2" sc="240,15,224,-15,276,-15,240,15" hai0="36,40,44,54,59,62,79,82,85,95,97,101,107" hai3="4,5,46,50,53,56,60,66,77,80,88,89,90" /><INIT seed="2,1,2,0,5,23" ten="255,209,261,255" oya="2" hai0="44,102,68,27,31,65,38,113,93,17,20,134,45" hai1="72,120,64,123,15,76,48,82,83,124,117,131,60" hai2="75,52,105,6,92,79,109,40,47,86,88,58,53" hai3="5,30,95,42,125,28,111,78,35,101,62,41,97"/><V26/><F105/><W56/><G111/><T100/><D113/><U63/><E117/><V80/><F109/><W16/><G125/><T77/><D134/><U29/><E131/><V14/><F58/><W37/><G5/><T106/><D106/><U50/><E124/><V73/><F73/><W10/><G78/><T13/><D77/><U87/><E15/><V133/><F133/><W94/><G94/><T126/><D126/><U43/><E29/><N who="3" m="11370" /><G37/><T25/><D38/><U90/><E63/><V39/><REACH who="2" step="1"/><F26/><REACH who="2" ten="255,209,251,255" step="2"/><W74/><G74/><T32/><D27/><U21/><E72/><V119/><F119/><W96/><G35/><T55/><D25/><U91/><E123/><V135/><F135/><W3/><G3/><T132/><D32/><U8/><E120/><V115/><F115/><W33/><G33/><T18/><D132/><U2/><E2/><V70/><F70/><W128/><G128/><T127/><D68/><U9/><E76/><V49/><F49/><W71/><G71/><T121/><D127/><U112/><E112/><V12/><F12/><N who="3" m="7191" /><G96/><T51/><D121/><U66/><E48/><V81/><F81/><W108/><G108/><T114/><D114/><U22/><E50/><V99/><F99/><W110/><G110/><T129/><D129/><U122/><E122/><V54/><F54/><AGARI ba="1,3" hai="41,42,54,56,62,95,97,101" m="7191,11370" machi="54" ten="30,2000,0" yaku="8,1,54,1" doraHai="23" who="3" fromWho="2" sc="255,0,209,0,251,-23,255,53" /><INIT seed="3,0,0,2,0,10" ten="255,209,228,308" oya="3" hai0="53,82,106,81,45,33,80,18,3,24,72,36,73" hai1="60,124,55,90,128,25,105,77,115,71,2,31,59" hai2="131,64,47,37,123,9,102,134,44,76,116,41,125" hai3="6,117,42,17,30,15,14,34,1,65,129,50,75"/><W8/><G75/><T5/><D106/><U94/><E128/><V93/><F116/><W88/><G117/><T32/><D5/><U111/><E111/><V130/><F123/><W68/><G88/><T78/><D3/><U110/><E110/><V101/><F125/><W27/><G129/><N who="2" m="49161" /><F134/><W11/><G65/><T89/><D89/><U0/><E105/><V104/><F104/><W97/><G97/><T70/><D82/><U43/><E115/><V52/><F64/><W114/><G68/><T16/><D70/><U51/><E77/><V132/><F132/><W96/><G96/><T91/><D91/><U39/><E124/><V49/><F76/><W19/><G114/><T85/><D78/><U23/><E39/><V12/><F93/><W63/><G63/><T100/><D36/><U135/><E135/><V74/><F74/><W103/><G103/><T69/><D69/><U79/><E79/><V127/><F127/><W21/><G50/><T58/><D100/><U61/><E61/><V28/><F28/><W87/><G87/><T62/><BYE who="3" /><D73/><U126/><E126/><V56/><F44/><W107/><G107/><T29/><D72/><U40/><E71/><V54/><F54/><W7/><G7/><AGARI ba="0,0" hai="7,9,12,37,41,47,49,52,56,101,102" m="49161" machi="7" ten="30,3900,0" yaku="19,1,52,1,54,1" doraHai="10" who="2" fromWho="3" sc="255,0,209,0,228,39,308,-39" /><INIT seed="4,0,0,0,2,34" ten="255,209,267,269" oya="0" hai0="126,70,59,76,101,99,104,75,114,116,16,3,72" hai1="77,102,87,122,27,115,89,43,61,10,135,123,29" hai2="105,108,35,119,50,32,6,48,109,42,73,4,0" hai3="44,46,83,96,40,25,17,67,52,21,54,106,36"/><T22/><D116/><U98/><E135/><V15/><F105/><W113/><G113/><T26/><D70/><U8/><E115/><V45/><F73/><W129/><G129/><T130/><D114/><U41/><E77/><V133/><F133/><W95/><G95/><T1/><D130/><U94/><E123/><V13/><F119/><W134/><G134/><T103/><D126/><U71/><E122/><V65/><F65/><W127/><G127/><T64/><D101/><U131/><E131/><V37/><F13/><W124/><G124/><T18/><D18/><U128/><E128/><V111/><F15/><W62/><G62/><T85/><D85/><U12/><E61/><V9/><REACH who="2" step="1"/><F6/><REACH who="2" ten="255,209,257,269" step="2"/><W80/><G80/><T7/><D7/><U11/><E71/><V66/><F66/><W78/><G78/><T56/><D64/><U19/><E43/><V31/><F31/><W81/><G81/><T97/><D75/><U58/><E41/><V121/><F121/><W90/><G90/><T74/><D74/><U120/><E120/><V91/><F91/><W117/><G117/><T51/><D76/><U5/><E5/><V49/><AGARI ba="0,1" hai="0,4,9,32,35,37,42,45,48,49,50,108,109,111" machi="49" ten="40,5200,0" yaku="1,1,0,1,52,1,53,0" doraHai="34" doraHaiUra="93" who="2" fromWho="2" sc="255,-26,209,-13,257,62,269,-13" owari="229,-17.1,196,-30.4,319,41.9,256,5.6" /></mjloggm>