<mjloggm ver="2.3"><GO type="225" lobby="0"/><UN n0="%E3%82%B3%E3%83%90%E3%83%AC%E3%82%A4" n1="%E6%9C%88%E5%B3%B6%E5%9F%BA" n2="%E3%81%8B%E3%82%8F%E3%81%A1%E3%82%83%E3%82%93%35%38" n3="%E3%81%BF%E3%81%BF%E3%81%9A" dan="16,16,16,17" rate="2147.83,2131.69,2153.54,2164.31" sx="M,M,M,M"/><TAIKYOKU oya="0"/><INIT seed="0,0,0,2,0,109" ten="250,250,250,250" oya="0" hai0="57,83,56,124,103,58,89,107,43,49,81,122,0" hai1="68,19,5,46,41,95,84,79,97,131,53,96,60" hai2="113,65,128,64,23,104,62,6,37,91,26,78,106" hai3="21,116,54,88,15,105,123,121,47,18,45,11,61"/><T2/><D122/><N who="3" m="46601" /><G116/><T28/><D124/><U40/><E131/><V76/><F37/><W51/><G105/><T12/><D2/><U102/><E5/><V75/><F128/><W135/><G135/><T71/><D0/><U8/><E96/><V114/><F6/><W119/><G119/><T42/><D71/><U4/><E68/><V94/><F104/><W36/><G61/><T66/><D107/><U132/><E4/><V134/><F106/><W112/><G112/><T87/><D103/><U33/><E33/><V77/><F75/><W16/><G88/><T35/><D66/><U129/><E129/><V13/><F134/><W101/><G101/><T127/><D127/><U48/><E60/><V9/><F13/><N who="3" m="9359" /><G36/><T44/><D83/><N who="1" m="47231" /><E132/><V117/><F9/><W63/><G63/><T14/><REACH who="0" step="1"/><D43/><REACH who="0" ten="240,250,250,250" step="2"/><U29/><E41/><V93/><F117/><W69/><G69/><T27/><AGARI ba="0,1" hai="12,14,27,28,35,42,44,49,56,57,58,81,87,89" machi="27" ten="30,6000,0" yaku="1,1,2,1,0,1,53,0" doraHai="109" doraHaiUra="67" who="0" fromWho="0" sc="240,70,250,-20,250,-20,250,-20" /><INIT seed="0,1,0,5,1,56" ten="310,230,230,230" oya="0" hai0="103,54,38,86,8,65,76,21,40,39,122,18,77" hai1="118,72,36,73,131,31,15,80,135,70,16,48,93" hai2="25,9,78,101,120,132,50,55,0,129,34,75,106" hai3="94,30,111,32,100,63,108,10,42,127,45,92,102"/><T28/><D122/><U84/><E118/><V29/><F120/><W125/><G10/><T49/><D103/><N who="3" m="39465" /><G30/><T6/><D28/><U124/><E36/><V105/><F129/><W37/><G32/><T112/><D112/><U5/><E131/><V58/><F132/><W64/><G92/><T4/><D39/><U52/><E124/><N who="3" m="47690" /><G94/><T26/><D40/><U11/><E135/><V130/><F130/><W69/><AGARI ba="1,0" hai="37,42,45,63,64,69,108,111" m="47690,39465" machi="69" ten="30,2000,0" yaku="18,1,52,1" doraHai="56" who="3" fromWho="3" sc="310,-11,230,-6,230,-6,230,23" /><INIT seed="1,0,0,5,0,121" ten="299,224,224,253" oya="1" hai0="111,42,87,122,32,84,108,90,37,4,57,129,27" hai1="67,41,101,55,59,53,96,3,112,114,74,123,120" hai2="91,25,31,124,68,11,94,86,7,19,56,5,18" hai3="73,79,76,107,38,44,63,51,34,69,9,85,103"/><U46/><E74/><V134/><F68/><W105/><G34/><T130/><D4/><U71/><E3/><V83/><F124/><W126/><G38/><T72/><D72/><U13/><E13/><V29/><F134/><W110/><G73/><T47/><D122/><N who="1" m="46635" /><E96/><V8/><F56/><W49/><G126/><T66/><D27/><U77/><E77/><V1/><F83/><W16/><G103/><T14/><D14/><U62/><E101/><V89/><F89/><W75/><G85/><T39/><D32/><U106/><E106/><V119/><F119/><W60/><G44/><T35/><D35/><U117/><E117/><V95/><F95/><W116/><G69/><T20/><D20/><U54/><E71/><V36/><F36/><AGARI ba="0,0" hai="36,41,46,53,54,55,59,62,67,112,114" m="46635" machi="36" ten="30,2900,0" yaku="34,2" doraHai="121" who="1" fromWho="2" sc="299,0,224,29,224,-29,253,0" /><INIT seed="1,1,0,2,2,12" ten="299,253,195,253" oya="1" hai0="2,48,53,102,25,50,42,89,46,101,52,67,106" hai1="17,122,3,130,74,45,38,57,109,9,55,72,32" hai2="79,110,43,15,65,99,5,60,51,58,77,11,92" hai3="73,23,88,36,115,66,134,98,84,121,131,80,71"/><U68/><E122/><V123/><F110/><W6/><G121/><T114/><D2/><U62/><E32/><V37/><F37/><W120/><G115/><T34/><D114/><U90/><E109/><V69/><F123/><W8/><G120/><T104/><D67/><U26/><E130/><V126/><F126/><W105/><G131/><T93/><D106/><U64/><E90/><V18/><F69/><W100/><G36/><T118/><D104/><U1/><E1/><V96/><F96/><W78/><G134/><T13/><D118/><U83/><E3/><V63/><F63/><W70/><G66/><T24/><D13/><N who="1" m="7343" /><E83/><V87/><F87/><W132/><G132/><T124/><D124/><U16/><E72/><V103/><REACH who="2" step="1"/><F5/><REACH who="2" ten="299,253,185,253" step="2"/><W119/><G119/><T40/><D34/><U21/><E38/><V35/><F35/><W56/><G6/><T85/><D102/><U28/><E68/><V22/><F22/><W95/><G8/><T14/><D101/><U61/><E61/><V0/><F0/><W7/><G7/><T44/><D50/><U112/><E112/><V10/><F10/><W39/><G39/><T76/><D48/><U20/><E20/><V108/><F108/><W41/><G23/><T97/><D97/><U127/><E127/><V111/><F111/><W128/><G128/><T75/><D75/><U19/><E74/><V47/><AGARI ba="1,1" hai="11,15,18,43,47,51,58,60,65,77,79,92,99,103" machi="47" ten="30,7900,0" yaku="1,1,0,1,8,1,52,1,53,0" doraHai="12" doraHaiUra="81" who="2" fromWho="2" sc="299,-21,253,-40,185,92,253,-21" /><INIT seed="2,0,0,0,1,4" ten="278,213,277,232" oya="2" hai0="123,128,113,117,119,72,30,57,56,130,71,64,25" hai1="81,108,126,20,14,65,131,13,104,125,23,106,120" hai2="60,83,85,114,115,61,89,3,62,103,17,102,49" hai3="7,55,79,15,2,1,107,66,133,112,84,48,41"/><V101/><F3/><W69/><G107/><N who="1" m="41002" /><E81/><V98/><F98/><W124/><G124/><N who="1" m="47722" /><E65/><V40/><REACH who="2" step="1"/><F17/><REACH who="2" ten="278,213,267,232" step="2"/><W134/><G1/><T16/><D123/><U36/><E120/><V44/><AGARI ba="0,1" hai="40,44,49,60,61,62,83,85,89,101,102,103,114,115" machi="44" ten="40,7800,0" yaku="1,1,2,1,0,1,53,0" doraHai="4" doraHaiUra="70" who="2" fromWho="2" sc="278,-26,213,-26,267,88,232,-26" /><INIT seed="2,1,0,1,0,39" ten="252,187,355,206" oya="2" hai0="97,57,64,86,118,76,1,58,15,117,113,77,4" hai1="65,89,44,120,23,46,12,21,38,100,87,125,7" hai2="6,56,11,99,81,9,82,24,79,26,112,52,107" hai3="75,66,14,47,62,135,80,121,129,96,124,43,106"/><V67/><F112/><W108/><G121/><T48/><D113/><U19/><E120/><V116/><F116/><N who="0" m="44650" /><D1/><U54/><E125/><V69/><F69/><W123/><G123/><T51/><D97/><U41/><E100/><V20/><F67/><W53/><G124/><T3/><D3/><U92/><E65/><V119/><F119/><W50/><G108/><T16/><D4/><U84/><E7/><V122/><F122/><W110/><G110/><T104/><D104/><U91/><E23/><V29/><F24/><W55/><G129/><T111/><D111/><U133/><E133/><V127/><F127/><W83/><G135/><T35/><D35/><U94/><E46/><V25/><F25/><W60/><G75/><T36/><D36/><U63/><E54/><N who="3" m="20490" /><G106/><T61/><D58/><U31/><E63/><N who="3" m="24106" /><G66/><T114/><D114/><U132/><E132/><V88/><F107/><W18/><G96/><T30/><D30/><AGARI ba="1,0" hai="12,19,21,30,31,38,41,44,84,87,89,91,92,94" machi="30" ten="40,2600,0" yaku="9,1,52,1" doraHai="39" who="1" fromWho="0" sc="252,-29,187,29,355,0,206,0" /><INIT seed="3,0,0,2,3,45" ten="223,216,355,206" oya="3" hai0="110,115,48,59,85,102,67,98,4,113,121,91,7" hai1="76,37,54,36,130,116,77,3,10,96,114,119,127" hai2="104,93,0,107,57,44,65,131,8,35,103,69,40" hai3="20,64,31,12,2,32,90,33,27,47,52,46,42"/><W89/><G64/><T25/><D121/><U29/><E114/><N who="0" m="43529" /><D25/><U86/><E127/><V38/><F93/><W43/><G2/><T117/><D110/><U14/><E3/><V23/><F23/><W51/><G42/><T94/><D117/><N who="1" m="45131" /><E130/><V72/><F57/><W134/><G134/><T78/><D78/><N who="1" m="30315" /><E29/><V109/><F109/><W18/><REACH who="3" step="1"/><G32/><REACH who="3" ten="223,216,355,196" step="2"/><T75/><D67/><U61/><E96/><V73/><F131/><W132/><G132/><T92/><D98/><U55/><E86/><V26/><F73/><W39/><AGARI ba="0,1" hai="12,18,20,27,31,33,39,43,46,47,51,52,89,90" machi="39" ten="20,12000,1" yaku="1,1,0,1,7,1,52,1,54,1,53,0" doraHai="45" doraHaiUra="60" who="3" fromWho="3" sc="223,-40,216,-40,355,-40,196,130" owari="183,-21.7,176,-32.4,315,11.5,326,42.6" /></mjloggm>