<mjloggm ver="2.3"><GO type="225" lobby="0"/><UN n0="%E3%81%BF%E3%81%BF%E3%81%9A" n1="%E3%83%81%E3%83%83%E3%82%BF%E3%82%BD%E3%83%BC" n2="%E3%81%8B%E3%82%8F%E3%81%A1%E3%82%83%E3%82%93%35%38" n3="%E7%B4%94%E6%BD%94%E3%83%94%E3%83%A9%E3%83%8B%E3%82%A2" dan="17,16,16,17" rate="2199.65,2176.57,2168.03,2169.47" sx="M,F,M,M"/><TAIKYOKU oya="0"/><INIT seed="0,0,0,2,2,130" ten="250,250,250,250" oya="0" hai0="20,111,126,34,37,81,116,49,64,11,55,50,125" hai1="17,76,92,127,84,72,63,124,107,24,44,30,85" hai2="14,71,68,10,35,86,19,98,129,73,120,93,95" hai3="109,115,128,27,40,123,103,21,9,46,58,100,56"/><T7/><D34/><U101/><E107/><V75/><F120/><W121/><G109/><T108/><D37/><U23/><E44/><V12/><F35/><W67/><G115/><T38/><D38/><U45/><E45/><V82/><F129/><W5/><G128/><T90/><D64/><U26/><E63/><V3/><F3/><W15/><G121/><T66/><D66/><U53/><E53/><V113/><F113/><W79/><G79/><T114/><D20/><U57/><E57/><V70/><F14/><W25/><G25/><T80/><D114/><U6/><E6/><V104/><F104/><W94/><G123/><T131/><D131/><U32/><E72/><V133/><F95/><W112/><G112/><T74/><D116/><U43/><E43/><V110/><F110/><W42/><G42/><T61/><D61/><U89/><E101/><V122/><F122/><W65/><G65/><T102/><D102/><U96/><REACH who="1" step="1"/><E76/><REACH who="1" ten="250,240,250,250" step="2"/><V77/><REACH who="2" step="1"/><F133/><REACH who="2" ten="250,240,240,250" step="2"/><W69/><G69/><T16/><D111/><U118/><E118/><V135/><F135/><W134/><G134/><T31/><D108/><U106/><E106/><V47/><F47/><W28/><G56/><T60/><D7/><U59/><E59/><V48/><F48/><N who="3" m="26695" /><G58/><T2/><D49/><U4/><E4/><V87/><F87/><AGARI ba="0,2" hai="17,23,24,26,30,32,84,85,87,89,92,96,124,127" machi="87" ten="40,1300,0" yaku="1,1,53,0" doraHai="130" doraHaiUra="119" who="1" fromWho="2" sc="250,0,240,33,240,-13,250,0" /><INIT seed="1,0,0,5,1,97" ten="250,273,227,250" oya="1" hai0="68,6,103,78,57,83,30,75,130,74,0,95,127" hai1="73,59,42,28,44,128,106,10,124,81,110,4,109" hai2="66,88,55,79,67,51,92,105,63,48,116,38,108" hai3="31,32,8,90,133,15,19,36,9,70,84,18,71"/><U112/><E112/><V11/><F38/><W41/><G133/><T102/><D68/><U118/><E118/><V60/><F105/><W91/><G32/><T29/><D74/><U119/><E119/><V98/><F116/><W47/><G31/><T85/><D127/><U40/><E124/><V86/><F108/><N who="1" m="41577" /><E128/><V17/><F11/><W27/><G90/><T87/><D130/><U58/><E28/><N who="0" m="10857" /><D75/><U65/><E106/><V21/><F79/><W2/><G2/><T100/><D0/><N who="1" m="263" /><E65/><N who="2" m="24587" /><F98/><W45/><G45/><T107/><D107/><U113/><E113/><V54/><F51/><W24/><G71/><T72/><D72/><U126/><E126/><V120/><F120/><W1/><G70/><T125/><D125/><U123/><E123/><V34/><F34/><W53/><G1/><T26/><D6/><U61/><E61/><N who="2" m="23627" /><F48/><W13/><REACH who="3" step="1"/><G53/><REACH who="3" ten="250,273,227,240" step="2"/><T93/><D57/><N who="1" m="21515" /><E44/><V25/><AGARI ba="0,1" hai="17,21,25,54,55,86,88,92" m="23627,24587" machi="25" ten="30,2000,0" yaku="8,1,54,1" doraHai="97" who="2" fromWho="2" sc="250,-5,273,-10,227,30,240,-5" /><INIT seed="2,0,0,3,1,50" ten="245,263,257,235" oya="2" hai0="80,117,58,57,89,7,75,12,119,103,24,105,36" hai1="42,1,95,5,30,107,70,44,116,69,82,129,2" hai2="109,71,3,10,31,17,59,87,120,133,16,54,92" hai3="77,113,135,41,27,121,63,52,45,61,34,47,26"/><V43/><F120/><W6/><G121/><T100/><D36/><U25/><E107/><V8/><F71/><W46/><G113/><T53/><D24/><N who="3" m="9257" /><G34/><T33/><D33/><U90/><E129/><V62/><F31/><W79/><G135/><T76/><D89/><U118/><E82/><V32/><F32/><W96/><G41/><T11/><D58/><U37/><E69/><V134/><F43/><W108/><G108/><T56/><D56/><U93/><E70/><V20/><F109/><W106/><G106/><T40/><D40/><U15/><E15/><N who="2" m="9247" /><F17/><W55/><G96/><T9/><D11/><U127/><E95/><V48/><F62/><N who="3" m="23563" /><G6/><T115/><D115/><U29/><E29/><V99/><F3/><W66/><G66/><T110/><D110/><U13/><E13/><V74/><F74/><W51/><G51/><N who="0" m="30911" /><D105/><U97/><E1/><V94/><F134/><W22/><G22/><T124/><D124/><U131/><E131/><V49/><F49/><W104/><G104/><T28/><D28/><U111/><E127/><V38/><F38/><W68/><G68/><T81/><D81/><U67/><E111/><V83/><F133/><W125/><G125/><T0/><D0/><U114/><E114/><V14/><F14/><W23/><G23/><T72/><D75/><U98/><E67/><V123/><F123/><W39/><G39/><T86/><D72/><U64/><E64/><V122/><F122/><W4/><G4/><T88/><D76/><AGARI ba="0,0" hai="45,46,47,52,55,76,77,79" m="23563,9257" machi="76" ten="30,12000,2" yaku="28,2,8,1,52,2,54,1" doraHai="50" who="3" fromWho="0" sc="245,-120,263,0,257,0,235,120" /><INIT seed="3,0,0,1,1,21" ten="125,263,257,355" oya="3" hai0="44,109,133,45,117,74,93,13,22,113,111,71,77" hai1="55,48,10,126,112,61,124,40,121,39,16,53,73" hai2="43,132,36,51,3,83,94,49,89,95,58,57,23" hai3="64,34,8,123,35,42,125,29,85,72,103,76,102"/><W118/><G102/><T75/><D117/><U92/><E112/><V19/><F3/><W65/><G85/><T107/><D71/><U98/><E73/><V30/><F36/><W11/><G11/><T63/><D107/><U115/><E115/><V54/><F132/><W122/><G8/><T25/><D113/><U127/><E121/><V129/><F129/><W100/><G29/><T86/><D133/><U134/><E134/><V7/><F7/><W81/><G81/><T90/><D63/><U79/><E79/><V38/><F38/><W4/><G76/><T99/><D74/><U17/><E39/><V52/><F43/><W97/><G42/><T47/><D75/><U96/><E40/><V59/><F30/><W120/><G72/><T88/><D77/><U9/><E61/><V78/><F58/><W60/><G60/><T91/><D13/><U37/><E37/><V82/><F78/><W131/><G131/><T101/><REACH who="0" step="1"/><D86/><REACH who="0" ten="115,263,257,355" step="2"/><U68/><E68/><V135/><F135/><W0/><G118/><T12/><D12/><U114/><E114/><V110/><F110/><W128/><G120/><T24/><D24/><U62/><E62/><V1/><F1/><W26/><G26/><T28/><AGARI ba="0,1" hai="22,25,28,44,45,47,88,90,91,93,99,101,109,111" machi="28" ten="40,8000,1" yaku="1,1,0,1,52,1,54,1,53,0" doraHai="21" doraHaiUra="46" who="0" fromWho="0" sc="115,90,263,-20,257,-20,355,-40" owari="205,-29.5,243,4.3,237,-16.3,315,41.5" /></mjloggm>