<mjloggm ver="2.3"><GO type="225" lobby="0"/><UN n0="%E5%A4%8F%E9%88%B4%E9%88%B4%E5%A4%8F" n1="%E3%83%A9%E3%82%B9%E7%8E%87%EF%BC%93%E5%89%B2" n2="%E3%83%81%E3%83%83%E3%82%BF%E3%82%BD%E3%83%BC" n3="%77%72%77%72%77%72%77%72" dan="16,16,16,16" rate="2115.31,2184.42,2130.52,2139.44" sx="F,F,F,M"/><TAIKYOKU oya="0"/><INIT seed="0,0,0,3,2,20" ten="250,250,250,250" oya="0" hai0="72,9,94,97,122,36,56,8,25,35,109,65,50" hai1="30,52,121,6,93,34,110,98,46,87,135,82,16" hai2="78,43,39,114,127,68,66,47,23,42,131,69,7" hai3="17,77,29,3,57,88,38,60,73,44,51,116,24"/><T126/><D122/><U85/><E121/><V19/><F114/><W62/><G116/><T74/><D36/><U112/><E112/><V99/><F127/><W129/><G3/><T12/><D126/><U111/><E6/><V21/><F131/><W91/><G129/><T53/><D109/><N who="1" m="41483" /><E135/><V49/><F7/><W31/><G38/><T40/><D8/><U70/><E70/><V27/><F66/><W103/><G103/><T28/><D40/><U61/><E82/><V2/><F2/><W1/><G1/><T71/><D65/><U120/><E120/><V123/><F123/><W81/><G60/><T0/><D0/><U32/><E16/><V83/><F99/><W115/><G17/><T106/><D106/><U11/><E11/><V102/><F102/><W104/><G104/><T86/><D86/><N who="1" m="32779" /><E30/><V48/><F39/><W101/><G29/><T130/><D130/><U89/><E46/><V119/><F119/><W26/><G115/><T133/><D71/><U14/><E14/><V79/><F83/><W100/><G31/><T63/><D133/><U90/><E90/><N who="3" m="34346" /><G73/><T13/><D9/><U33/><E33/><V5/><F47/><W105/><G81/><T84/><D84/><U92/><E92/><V124/><F124/><W10/><G10/><T80/><D74/><U125/><E125/><V45/><F45/><W134/><G134/><T128/><D128/><U59/><AGARI ba="0,0" hai="32,34,52,59,61,89,93,98" m="32779,41483" machi="59" ten="30,2000,0" yaku="14,1,54,1" doraHai="20" who="1" fromWho="1" sc="250,-10,250,20,250,-5,250,-5" /><INIT seed="1,0,0,4,4,31" ten="240,270,245,245" oya="1" hai0="121,29,134,3,129,107,79,32,2,18,19,87,14" hai1="11,16,130,6,37,95,120,119,88,108,35,104,26" hai2="93,73,54,80,59,123,46,115,23,39,12,62,67" hai3="90,27,30,53,70,63,1,34,82,28,118,47,49"/><U10/><E119/><V98/><F123/><W84/><G118/><T48/><D129/><U4/><E120/><V64/><F115/><W38/><G1/><T15/><D107/><U94/><E104/><V85/><F73/><W22/><G38/><T91/><D79/><U116/><E37/><V66/><F39/><W44/><G44/><T20/><D121/><U77/><E116/><V117/><F117/><W43/><G34/><T25/><D48/><U9/><E130/><V42/><F42/><W45/><G45/><T33/><D134/><U13/><E108/><V100/><F46/><W106/><G106/><T5/><D91/><U96/><E77/><V78/><F54/><W69/><REACH who="3" step="1"/><G30/><REACH who="3" ten="240,270,245,235" step="2"/><T125/><D125/><U86/><E35/><N who="0" m="13385" /><D87/><U65/><E65/><V103/><F66/><W55/><G55/><T21/><D5/><N who="1" m="2155" /><E26/><V61/><F67/><W17/><G17/><T133/><D133/><U76/><E76/><V75/><F64/><W109/><G109/><T60/><D60/><U112/><E112/><V74/><F62/><W56/><AGARI ba="0,1" hai="22,27,28,43,47,49,53,56,63,69,70,82,84,90" machi="56" ten="30,2000,0" yaku="1,1,0,1,53,0" doraHai="31" doraHaiUra="8" who="3" fromWho="3" sc="240,-5,270,-10,245,-5,235,30" /><INIT seed="2,0,0,3,1,108" ten="235,260,240,265" oya="2" hai0="7,45,21,62,19,38,100,109,55,94,17,25,57" hai1="88,66,41,119,125,34,22,130,87,133,111,54,9" hai2="110,118,95,102,32,23,79,123,91,26,104,78,76" hai3="90,28,70,67,63,126,121,113,128,30,120,96,37"/><V85/><F118/><W0/><G0/><T134/><D109/><U5/><E34/><V80/><F32/><W71/><G71/><T73/><D73/><U101/><E119/><V115/><F123/><W82/><G128/><T10/><D134/><U2/><E130/><V39/><F39/><W27/><G126/><T103/><D17/><U6/><E133/><V84/><F110/><W59/><G70/><T127/><D127/><U99/><E125/><V65/><F65/><W20/><G37/><T107/><D107/><U8/><E66/><V47/><F47/><W49/><G49/><T4/><D4/><U42/><E22/><V83/><F115/><W52/><G67/><T61/><D61/><U15/><E54/><V77/><F23/><W18/><G113/><T68/><D68/><U72/><E72/><V106/><F26/><W53/><G53/><T112/><D112/><U60/><E60/><V129/><F129/><W56/><G56/><T64/><D94/><U31/><E31/><N who="3" m="11818" /><G82/><T98/><D98/><AGARI ba="0,0" hai="76,77,78,79,80,83,84,85,91,95,98,102,104,106" machi="98" ten="40,18000,2" yaku="35,6" doraHai="108" who="2" fromWho="0" sc="235,-180,260,0,240,180,265,0" /><INIT seed="2,1,0,2,3,85" ten="55,260,420,265" oya="2" hai0="104,79,99,66,3,100,25,84,43,41,6,18,65" hai1="26,7,59,10,39,35,50,72,90,23,27,60,87" hai2="33,121,20,8,13,57,93,123,22,135,132,134,67" hai3="128,52,19,133,2,110,111,53,102,16,96,81,101"/><V30/><F33/><W119/><G119/><T88/><D79/><U32/><E39/><V17/><F93/><W38/><G38/><T98/><D3/><U12/><E50/><V63/><REACH who="2" step="1"/><F30/><REACH who="2" ten="55,260,410,265" step="2"/><W29/><G29/><T109/><D109/><U61/><E32/><V31/><F31/><W115/><G110/><T127/><D127/><U28/><E35/><V76/><F76/><W5/><G111/><T47/><D6/><U114/><E114/><V82/><F82/><W75/><G81/><T120/><D120/><AGARI ba="1,1" hai="8,13,17,20,22,57,63,67,120,121,123,132,134,135" machi="120" ten="50,4800,0" yaku="1,1,20,1,53,0" doraHai="85" doraHaiUra="125" who="2" fromWho="0" sc="55,-51,260,0,410,61,265,0" /><INIT seed="2,2,0,1,5,23" ten="4,260,471,265" oya="2" hai0="6,59,79,112,64,101,88,47,92,94,91,120,81" hai1="126,67,84,108,68,125,14,75,45,36,31,89,28" hai2="127,132,76,99,109,42,1,8,40,83,48,50,19" hai3="39,58,130,134,30,129,11,57,15,65,66,70,32"/><V93/><F127/><N who="1" m="48649" /><E75/><V117/><F132/><W78/><G39/><T102/><D47/><U77/><E108/><V86/><F117/><W98/><G134/><T72/><D59/><N who="3" m="22537" /><G70/><T119/><D64/><U135/><E77/><V100/><F109/><W44/><G78/><T16/><D16/><U3/><E3/><V56/><F1/><W17/><G44/><T52/><D52/><U123/><E123/><V46/><F56/><W26/><G98/><N who="0" m="57607" /><D6/><U49/><E14/><N who="2" m="7623" /><F50/><W82/><G82/><N who="0" m="45415" /><D120/><U128/><E135/><V9/><F9/><W60/><G60/><T33/><D33/><U22/><E22/><V18/><F18/><W54/><G54/><AGARI ba="2,0" hai="40,42,46,48,54,76,83,86,93,99,100" m="7623" machi="54" ten="30,1500,0" yaku="8,1" doraHai="23" who="2" fromWho="3" sc="4,0,260,0,471,21,265,-21" /><INIT seed="2,3,0,1,0,77" ten="4,260,492,244" oya="2" hai0="59,17,78,19,67,63,58,121,20,10,16,114,119" hai1="110,60,69,9,40,96,49,32,25,43,6,45,85" hai2="56,82,127,89,93,102,97,30,26,128,98,92,124" hai3="66,80,52,84,21,2,101,95,86,108,31,133,132"/><V34/><F128/><W79/><G2/><T0/><D114/><U130/><E130/><V47/><F47/><W22/><G66/><T76/><D121/><U54/><E110/><V38/><F38/><W83/><G108/><T7/><D119/><U44/><E69/><V61/><REACH who="2" step="1"/><F82/><REACH who="2" ten="4,260,482,244" step="2"/><W117/><G83/><T107/><D107/><U27/><E45/><V53/><AGARI ba="3,1" hai="26,30,34,53,56,61,89,92,93,97,98,102,124,127" machi="53" ten="30,6000,0" yaku="1,1,2,1,0,1,53,0" doraHai="77" doraHaiUra="62" who="2" fromWho="2" sc="4,-23,260,-23,482,79,244,-23" owari="-19,-51.9,237,3.7,561,66.1,221,-17.9" /></mjloggm>