<mjloggm ver="2.3"><GO type="225" lobby="0"/><UN n0="%E3%83%A9%E3%82%A4%E3%83%B3%E3%81%AE%E8%99%8E" n1="%41%72%69%61" n2="%E3%80%90%E3%83%88%E3%83%AA%E3%83%A5%E3%83%95%E3%80%91" n3="%E4%BF%BA%E3%81%A8%E5%A6%96%E5%A4%A2" dan="16,17,16,16" rate="2143.12,2178.82,2079.79,2224.42" sx="M,F,M,F"/><TAIKYOKU oya="0"/><INIT seed="0,0,0,4,1,12" ten="250,250,250,250" oya="0" hai0="36,107,4,27,101,78,88,111,133,83,96,87,104" hai1="34,102,51,128,122,123,62,16,72,10,91,46,25" hai2="42,94,81,114,52,80,85,60,63,39,47,15,40" hai3="92,99,24,31,68,17,125,13,22,127,71,105,135"/><T45/><D133/><U134/><E72/><V64/><F114/><W3/><G3/><T84/><D111/><U100/><E134/><V75/><F42/><W74/><G74/><T124/><D124/><N who="3" m="47689" /><G105/><T7/><D107/><U61/><E34/><V35/><F35/><N who="3" m="20967" /><G135/><T130/><D130/><U57/><E128/><V23/><F75/><W121/><G121/><T30/><D45/><U26/><E123/><V53/><F94/><W55/><G55/><T37/><D37/><U82/><E122/><V50/><F53/><W77/><G77/><T112/><D36/><U117/><E117/><V43/><F39/><W66/><G66/><T115/><D115/><U58/><E26/><V41/><F64/><W73/><G73/><T18/><D112/><U89/><E62/><N who="2" m="23595" /><F85/><W95/><G95/><T106/><D106/><U11/><E61/><V113/><F113/><W65/><G65/><T110/><D110/><U56/><E91/><AGARI ba="0,0" hai="13,17,22,68,71,91,92,99" m="20967,47689" machi="91" ten="30,2000,0" yaku="18,1,52,1" doraHai="12" who="3" fromWho="1" sc="250,0,250,-20,250,0,250,20" /><INIT seed="1,0,0,5,5,97" ten="250,230,250,270" oya="1" hai0="113,80,74,32,23,41,4,132,63,43,18,89,57" hai1="75,82,87,72,128,7,62,135,50,85,103,119,101" hai2="106,86,44,78,117,109,1,33,124,53,54,121,68" hai3="22,40,102,36,31,61,116,110,88,112,56,96,79"/><U58/><E119/><V10/><F68/><W104/><G112/><T38/><D32/><U92/><E7/><V69/><F69/><W42/><G116/><T134/><D4/><U91/><E50/><V59/><F33/><W39/><G110/><T66/><D113/><U5/><E5/><V123/><F1/><W105/><G79/><N who="0" m="44151" /><D89/><U20/><E20/><V65/><F106/><W122/><G122/><T19/><D38/><U131/><E58/><V129/><F109/><W55/><G105/><T115/><D115/><U83/><E62/><V77/><F117/><W60/><G60/><T70/><D70/><U81/><E135/><N who="0" m="51753" /><D18/><U126/><E126/><V107/><F124/><W114/><G114/><T16/><D19/><U98/><E85/><V120/><F107/><W21/><G88/><T94/><D94/><N who="1" m="58583" /><E103/><V48/><F120/><W64/><G64/><T24/><AGARI ba="0,0" hai="16,23,24,41,43,57,63,66" m="51753,44151" machi="24" ten="30,2000,0" yaku="20,1,54,1" doraHai="97" who="0" fromWho="0" sc="250,20,230,-10,250,-5,270,-5" /><INIT seed="2,0,0,1,3,53" ten="270,220,245,265" oya="2" hai0="42,74,127,54,52,84,118,132,126,25,87,31,21" hai1="83,133,70,120,39,3,26,13,55,0,48,71,58" hai2="10,46,4,93,61,100,86,82,35,111,114,106,99" hai3="68,28,97,96,90,66,113,27,59,123,77,24,43"/><V16/><F114/><W22/><G123/><T131/><D74/><U65/><E39/><V69/><F35/><W129/><G113/><T49/><D131/><U37/><E37/><V81/><F46/><W110/><G129/><T125/><D132/><U41/><E41/><V9/><F111/><W17/><G68/><T63/><D118/><U32/><E133/><V67/><F4/><W11/><G110/><T122/><D122/><U5/><E120/><V34/><F93/><W112/><G112/><T40/><D63/><U89/><E13/><V1/><F1/><W45/><G77/><T60/><D60/><U72/><E65/><V117/><F117/><W124/><G124/><T88/><D54/><U56/><E56/><V6/><F6/><W33/><G11/><T2/><D87/><U119/><E119/><V15/><F86/><W101/><G90/><T116/><D2/><U51/><E51/><V75/><F75/><W8/><G8/><T108/><D108/><U107/><E107/><V64/><F64/><W94/><G97/><T102/><D102/><U38/><E38/><V98/><F98/><W47/><G43/><T80/><D116/><U20/><E32/><V73/><F9/><W92/><G94/><T62/><D62/><U23/><E23/><V57/><F73/><W79/><G79/><T30/><D31/><N who="1" m="17863" /><E0/><V7/><F7/><W128/><G128/><T130/><D130/><U50/><E50/><V105/><F105/><W76/><G76/><T36/><D36/><U135/><E135/><V115/><F115/><W78/><G78/><T29/><D29/><RYUUKYOKU ba="0,0" sc="270,15,220,-15,245,-15,265,15" hai0="21,25,30,40,42,49,52,80,84,88,125,126,127" hai3="17,22,24,27,28,33,45,47,59,66,92,96,101" /><INIT seed="3,1,0,4,3,62" ten="285,205,230,280" oya="3" hai0="13,10,3,74,52,116,100,40,45,95,26,69,55" hai1="104,86,18,115,51,117,54,83,1,84,27,2,118" hai2="47,113,66,64,99,48,31,77,34,107,37,132,44" hai3="119,127,41,78,133,91,63,4,70,36,93,67,101"/><W88/><G119/><N who="1" m="45578" /><E115/><V17/><F113/><W68/><G133/><T50/><D116/><U25/><E104/><V121/><F132/><W9/><G127/><T35/><D74/><U30/><E18/><V38/><F17/><W103/><G70/><T42/><D3/><N who="1" m="1035" /><E30/><V21/><F77/><W110/><G110/><T19/><D69/><U112/><E112/><V73/><F73/><W124/><G124/><T111/><D111/><U97/><E97/><V20/><F107/><W81/><G41/><N who="0" m="24879" /><D35/><U6/><E6/><V128/><F99/><W39/><G39/><T24/><D100/><U135/><E135/><V23/><F121/><W53/><G36/><T59/><D95/><U60/><E60/><V79/><F79/><W114/><G114/><T14/><D14/><U58/><E86/><V129/><F34/><W96/><G103/><T90/><D90/><AGARI ba="1,0" hai="25,27,51,54,58,83,84,90" m="1035,45578" machi="90" ten="30,1000,0" yaku="12,1" doraHai="62" who="1" fromWho="0" sc="285,-13,205,13,230,0,280,0" /><INIT seed="4,0,0,4,4,101" ten="272,218,230,280" oya="0" hai0="113,20,36,88,17,60,106,46,67,35,127,83,57" hai1="103,37,31,69,90,134,128,74,15,95,126,123,10" hai2="114,56,40,13,0,11,16,129,27,4,122,92,30" hai3="6,26,49,105,21,29,51,73,99,111,102,81,109"/><T23/><D35/><U70/><E123/><V100/><F122/><W98/><G6/><T72/><D72/><U97/><E37/><V66/><F114/><W79/><REACH who="3" step="1"/><G98/><REACH who="3" ten="272,218,230,270" step="2"/><T59/><D113/><U131/><E134/><V104/><F4/><W5/><G5/><T130/><D130/><N who="1" m="49707" /><E126/><V132/><F132/><W76/><G76/><T71/><D127/><U87/><E74/><V45/><F129/><W125/><G125/><T50/><D36/><U61/><E31/><V24/><F30/><W93/><G93/><T94/><D83/><N who="1" m="49535" /><E61/><N who="2" m="38183" /><F0/><W117/><G117/><T86/><D60/><U3/><E3/><V80/><F80/><W119/><G119/><T2/><D2/><U43/><E43/><V44/><F40/><W64/><G64/><T14/><D67/><U116/><E116/><V48/><F92/><W32/><G32/><T33/><D94/><U84/><E84/><V54/><F48/><AGARI ba="0,1" hai="21,26,29,48,49,51,73,79,81,99,102,105,109,111" machi="48" ten="40,8000,1" yaku="1,1,52,1,53,2" doraHai="101" doraHaiUra="121" who="3" fromWho="2" sc="272,0,218,0,230,-80,270,90" owari="272,7.2,218,-18.2,150,-35.0,360,46.0" /></mjloggm>