<mjloggm ver="2.3"><GO type="225" lobby="0"/><UN n0="%E9%A6%AC%E5%BC%95%E7%81%AB%33" n1="%E3%83%96%E3%83%83%E3%83%91%E3%82%AA%E3%83%96%E3%83%81%E3%82%AD%E3%83%B3" n2="%E3%81%A4%E3%81%A3%E3%81%B1%E3%82%8A%E3%83%9D%E3%83%BC%E3%83%AB" n3="%E3%81%BF%E3%81%BF%E3%81%9A" dan="16,16,17,17" rate="2108.34,2124.56,2270.08,2254.71" sx="M,M,M,M"/><TAIKYOKU oya="0"/><INIT seed="0,0,0,4,4,115" ten="250,250,250,250" oya="0" hai0="75,71,3,94,13,85,125,37,18,56,105,36,2" hai1="97,40,131,109,52,1,0,107,124,112,24,35,49" hai2="21,67,38,4,43,51,62,23,101,64,16,104,66" hai3="6,45,34,42,47,61,50,80,91,74,20,19,33"/><T31/><D105/><U55/><E112/><V81/><F38/><W70/><G6/><T15/><D71/><U114/><E114/><V25/><F4/><W27/><G70/><T87/><D31/><U90/><E109/><V93/><F104/><W79/><G61/><T117/><D94/><U133/><E133/><V26/><F81/><W44/><G44/><T126/><D18/><U72/><E72/><V120/><F120/><W132/><G132/><T69/><D69/><U116/><E116/><V22/><F62/><W127/><G127/><T98/><D98/><U73/><E131/><V83/><F83/><W28/><G91/><T129/><D129/><U68/><E73/><V8/><F8/><W7/><G7/><T29/><D29/><U53/><E1/><V10/><F10/><W110/><G110/><T130/><D130/><U103/><E0/><V134/><F134/><W122/><G122/><T82/><D75/><U106/><E35/><V119/><F26/><W48/><REACH who="3" step="1"/><G28/><REACH who="3" ten="250,250,250,240" step="2"/><T84/><D126/><U5/><E68/><V77/><F77/><W12/><G12/><T65/><D15/><U57/><E124/><V135/><F135/><W118/><G118/><T96/><D13/><U123/><E123/><V30/><F30/><W121/><G121/><T58/><D117/><U100/><E107/><V92/><F119/><W86/><G86/><T54/><D87/><U32/><E106/><V78/><F78/><W14/><G14/><T46/><D85/><U102/><E32/><V99/><F93/><W89/><G89/><T63/><D125/><U60/><E5/><RYUUKYOKU ba="0,1" sc="250,-15,250,-15,250,15,240,15" hai2="16,21,22,23,25,43,51,64,66,67,92,99,101" hai3="19,20,27,33,34,42,45,47,48,50,74,79,80" /><INIT seed="1,1,1,5,4,40" ten="235,235,265,255" oya="1" hai0="60,135,18,26,96,58,129,104,37,10,6,34,90" hai1="0,64,57,8,45,87,25,76,128,81,4,11,49" hai2="48,36,119,130,44,78,106,35,113,59,123,132,30" hai3="54,108,99,91,100,19,53,2,89,116,9,120,69"/><U14/><E128/><V38/><F119/><W110/><G120/><T118/><D118/><U43/><E25/><V31/><F123/><W74/><G116/><T121/><D121/><U61/><E0/><V105/><F78/><W102/><G74/><T122/><D122/><U1/><E1/><V82/><F82/><W28/><G69/><T65/><D37/><U62/><E62/><V80/><F80/><W112/><G28/><N who="2" m="10793" /><F59/><W93/><G112/><T107/><D34/><U56/><E11/><V63/><F63/><W114/><G114/><T21/><D135/><U12/><REACH who="1" step="1"/><E14/><REACH who="1" ten="235,225,265,255" step="2"/><V111/><F130/><W84/><G2/><T97/><D129/><U109/><E109/><V83/><F111/><W101/><G108/><T33/><D33/><U131/><E131/><V52/><F35/><W46/><G110/><T27/><D27/><U125/><E125/><V50/><F113/><W42/><G9/><T86/><D10/><U39/><E39/><V51/><F38/><W47/><G19/><T72/><D6/><U77/><E77/><V126/><F36/><W115/><G115/><T24/><D24/><U29/><E29/><V79/><F126/><W20/><G20/><T70/><D26/><U127/><E127/><V133/><F133/><W41/><G41/><T67/><D21/><U23/><E23/><V124/><F124/><W3/><G3/><T5/><D18/><U75/><E75/><N who="2" m="43519" /><F132/><W88/><G42/><T73/><D73/><U85/><E85/><V66/><F66/><W13/><G13/><T7/><D72/><U32/><E32/><V16/><F16/><RYUUKYOKU ba="1,2" sc="235,-15,225,15,265,15,255,-15" hai1="4,8,12,43,45,49,56,57,61,64,76,81,87" hai2="44,48,50,51,52,105,106" /><INIT seed="1,2,2,2,1,70" ten="220,240,280,240" oya="1" hai0="34,90,63,27,69,119,112,61,60,16,123,53,48" hai1="100,20,67,10,35,102,59,65,2,129,62,58,36" hai2="73,97,80,37,28,101,117,33,107,76,30,5,93" hai3="56,43,131,31,87,66,124,96,78,46,50,126,7"/><U51/><E35/><V128/><F117/><W39/><G131/><T134/><D112/><U44/><E129/><V49/><F128/><W88/><G31/><T57/><D119/><U72/><E72/><V110/><F37/><W92/><G7/><T95/><D134/><U115/><E115/><V81/><F110/><W135/><G135/><T127/><D127/><N who="3" m="48681" /><G66/><T55/><D123/><U9/><E2/><V29/><F5/><W42/><G56/><T11/><D34/><U47/><E20/><V132/><F132/><W77/><G96/><T54/><D69/><U38/><E51/><V0/><F0/><W104/><G104/><T17/><D17/><U98/><E98/><V14/><F107/><W113/><G113/><T18/><D18/><U6/><E6/><V82/><F33/><W71/><G71/><T79/><D79/><N who="3" m="30217" /><G43/><T105/><D105/><U133/><E133/><V15/><F76/><W84/><G87/><N who="0" m="52703" /><D27/><U91/><E91/><V130/><F130/><W116/><G116/><T120/><D120/><U1/><E1/><V40/><F73/><W122/><G122/><T108/><D108/><U32/><E32/><V41/><F41/><W12/><G12/><AGARI ba="2,2" hai="11,12,16,48,53,54,55,57,60,61,63" m="52703" machi="12" ten="30,2000,0" yaku="8,1,54,1" doraHai="70" who="0" fromWho="3" sc="220,46,240,0,280,0,240,-26" /><INIT seed="2,0,0,4,1,13" ten="266,240,280,214" oya="2" hai0="108,51,4,116,14,89,93,31,27,106,11,15,23" hai1="2,107,94,36,43,21,117,135,40,64,37,78,104" hai2="77,45,54,52,132,32,82,130,112,87,118,74,44" hai3="60,70,9,90,125,48,119,128,95,134,121,22,105"/><V113/><F118/><W5/><G119/><T10/><D106/><U49/><E117/><V24/><F130/><W98/><G121/><T122/><D116/><U110/><E2/><V75/><F132/><W57/><G134/><T84/><D122/><U100/><E135/><V59/><F32/><W6/><G128/><T39/><D108/><U19/><E78/><V71/><F71/><W126/><G70/><T30/><D39/><U102/><E64/><V85/><F24/><W46/><G105/><T62/><D51/><U16/><E49/><V56/><F77/><W38/><G38/><T20/><D62/><U114/><E21/><N who="0" m="8265" /><D27/><U41/><E41/><V47/><F47/><W96/><G96/><T53/><D53/><U12/><E12/><V99/><F99/><W58/><G22/><T127/><D127/><U0/><E94/><V92/><REACH who="2" step="1"/><F92/><REACH who="2" ten="266,240,270,214" step="2"/><W61/><G125/><T115/><D115/><U91/><E114/><V18/><F18/><AGARI ba="0,1" hai="4,10,11,14,15,18,30,31,84,89,93" m="8265" machi="18" ten="30,2000,0" yaku="8,1,52,1" doraHai="13" who="0" fromWho="2" sc="266,30,240,0,270,-20,214,0" /><INIT seed="3,0,0,0,3,116" ten="296,240,250,214" oya="3" hai0="22,130,56,97,41,51,10,119,134,24,109,82,123" hai1="55,37,83,16,105,111,126,95,124,52,118,34,131" hai2="18,11,39,14,71,61,27,114,26,42,100,58,88" hai3="110,17,9,65,99,81,85,84,117,76,7,122,64"/><W35/><G117/><T19/><D123/><U28/><E118/><V79/><F71/><W40/><G122/><T46/><D119/><U86/><E105/><V103/><F114/><W5/><G35/><T25/><D109/><U20/><E37/><V29/><F79/><W78/><G110/><T4/><D130/><U47/><E111/><V106/><F106/><W1/><G99/><T3/><D134/><U115/><E115/><V80/><F42/><W60/><G40/><T128/><D128/><U38/><E95/><V49/><F49/><W69/><G65/><T45/><D45/><U54/><E131/><V44/><F44/><W70/><G7/><T98/><D24/><N who="2" m="9258" /><F29/><W33/><G33/><T125/><D125/><N who="1" m="48235" /><E28/><V91/><F39/><W21/><G70/><T48/><D82/><U94/><E94/><V107/><F80/><W133/><G133/><T77/><D77/><N who="1" m="46447" /><E34/><V93/><F107/><W102/><G102/><N who="2" m="38953" /><F93/><W8/><G8/><T96/><D96/><U113/><E113/><V66/><AGARI ba="0,0" hai="11,14,18,58,61,66,88,91" m="38953,9258" machi="66" ten="30,2000,0" yaku="8,1,54,1" doraHai="116" who="2" fromWho="2" sc="296,-5,240,-5,250,20,214,-10" /><INIT seed="4,0,0,5,3,128" ten="291,235,270,204" oya="0" hai0="86,28,25,51,126,67,58,34,105,98,115,15,62" hai1="103,57,75,135,16,71,2,35,111,124,117,20,127" hai2="52,3,56,119,11,87,53,5,59,94,55,104,95" hai3="47,26,13,23,113,18,0,101,48,33,6,65,106"/><T73/><D73/><U14/><E71/><V64/><F104/><W41/><G113/><T122/><D115/><U54/><E75/><V4/><F119/><W69/><G106/><T17/><D122/><U72/><E72/><V76/><F4/><W8/><G101/><T60/><D126/><N who="1" m="48171" /><E117/><V49/><F64/><W112/><G112/><T125/><D125/><U91/><E111/><V79/><F55/><W132/><G65/><T27/><D86/><U80/><E103/><V107/><F107/><W78/><G78/><T32/><D105/><U90/><E35/><V19/><F19/><W81/><G81/><T129/><D129/><U89/><E2/><V40/><F40/><W110/><G69/><T121/><D98/><U108/><E108/><V123/><F123/><W133/><G110/><T24/><D32/><U134/><E80/><V61/><REACH who="2" step="1"/><F87/><REACH who="2" ten="291,235,260,204" step="2"/><W46/><G46/><T30/><D121/><U36/><E36/><V102/><F102/><W83/><G83/><T114/><D114/><U21/><E21/><V109/><F109/><W74/><G74/><T92/><D67/><U22/><E22/><V1/><F1/><W100/><G100/><T82/><D34/><U42/><E42/><V116/><F116/><W70/><G70/><T131/><D131/><U38/><E38/><V31/><F31/><AGARI ba="0,1" hai="0,6,8,13,18,23,26,31,33,41,47,48,132,133" machi="31" ten="40,8000,1" yaku="24,2,52,2" doraHai="128" who="3" fromWho="2" sc="291,0,235,0,260,-80,204,90" /><INIT seed="5,0,0,1,0,127" ten="291,235,180,294" oya="1" hai0="32,79,75,25,88,55,114,119,17,104,73,115,26" hai1="49,53,35,69,41,90,48,124,72,64,36,50,109" hai2="10,128,135,99,47,134,101,111,89,105,51,12,70" hai3="5,93,68,82,30,81,66,92,76,126,6,43,9"/><U46/><E35/><V125/><F111/><W108/><G108/><T20/><D119/><U110/><E72/><V84/><F70/><W37/><G30/><N who="0" m="19535" /><D104/><U103/><E103/><V23/><F23/><W27/><G27/><T74/><D55/><U7/><E7/><V45/><F125/><W13/><G82/><N who="0" m="45423" /><D88/><U121/><E124/><V100/><F100/><W14/><G126/><T21/><D20/><U22/><E22/><V130/><F12/><W123/><G123/><T133/><D133/><N who="2" m="50698" /><F10/><W28/><G28/><T87/><D87/><U113/><E121/><V18/><F18/><W96/><G13/><T122/><D122/><U62/><E113/><AGARI ba="0,0" hai="17,21,26,74,75,113,114,115" m="45423,19535" machi="113" ten="30,1000,0" yaku="15,1" doraHai="127" who="0" fromWho="1" sc="291,10,235,-10,180,0,294,0" owari="301,40.1,225,-17.5,180,-32.0,294,9.4" /></mjloggm>