<mjloggm ver="2.3"><GO type="225" lobby="0"/><UN n0="%E9%B7%B9%E5%80%89%E6%9D%8F%E9%88%B4" n1="%E3%82%AF%E3%82%A3%E3%82%A6" n2="%E3%83%96%E3%83%83%E3%83%91%E3%82%AA%E3%83%96%E3%83%81%E3%82%AD%E3%83%B3" n3="%E3%82%B9%E3%83%BC%E3%83%91%E3%83%BC%E3%81%BE%E3%81%BB%E3%81%A3%E3%81%A1" dan="16,16,16,16" rate="2090.89,2068.90,2040.99,2113.27" sx="F,M,M,F"/><TAIKYOKU oya="0"/><INIT seed="0,0,0,0,4,56" ten="250,250,250,250" oya="0" hai0="79,133,12,15,131,74,132,68,102,104,24,123,105" hai1="111,17,22,130,81,54,11,98,42,35,127,125,103" hai2="25,92,126,39,72,91,13,10,82,110,31,32,53" hai3="26,14,9,93,47,46,55,50,134,86,87,18,67"/><T4/><D123/><U5/><E35/><V70/><F110/><W108/><G108/><T29/><D131/><U63/><E111/><V48/><F126/><N who="1" m="48137" /><E42/><V27/><F39/><W101/><G134/><N who="0" m="51819" /><D68/><U97/><E81/><V128/><F128/><W3/><G67/><T36/><D36/><U117/><E117/><V85/><F70/><W120/><G120/><T118/><D118/><U37/><E37/><V88/><F27/><W40/><G26/><T114/><D114/><U33/><E33/><V90/><F72/><W64/><G64/><T75/><D102/><U52/><E130/><V95/><F95/><W58/><G3/><T135/><N who="0" m="51827" /><T20/><DORA hai="16" /><D79/><U119/><E63/><V69/><F92/><W6/><G6/><T41/><D41/><U8/><E119/><V71/><F71/><W113/><G113/><T62/><D62/><U80/><E80/><V83/><F83/><W65/><G65/><T106/><D4/><U44/><E5/><V30/><F69/><W100/><G100/><T38/><D38/><U99/><E103/><V94/><F94/><W121/><G121/><T49/><D49/><N who="1" m="28711" /><E54/><V43/><F43/><W109/><G109/><T0/><D0/><U84/><E84/><N who="3" m="32298" /><G40/><T23/><D12/><AGARI ba="0,0" hai="8,11,12,17,22,97,98,99" m="28711,48137" machi="12" ten="30,3900,0" yaku="18,1,52,1,54,1" doraHai="56,16" who="1" fromWho="0" sc="250,-39,250,39,250,0,250,0" /><INIT seed="1,0,0,1,4,24" ten="211,289,250,250" oya="1" hai0="27,6,57,89,49,66,74,116,117,16,59,4,91" hai1="65,7,109,111,71,132,36,115,51,5,45,47,114" hai2="39,121,17,50,103,81,79,53,48,11,82,15,93" hai3="69,88,84,112,99,113,120,46,92,72,102,83,123"/><U18/><E18/><V67/><F121/><N who="3" m="46667" /><G46/><T19/><D49/><U90/><E90/><V62/><F39/><W127/><G69/><T10/><D27/><U104/><E104/><V14/><F53/><W55/><G55/><T98/><D98/><U58/><E132/><V70/><F15/><W25/><G25/><T44/><D44/><N who="1" m="16971" /><E5/><V8/><F8/><W35/><G35/><T97/><D97/><U133/><E7/><V68/><F68/><W9/><G9/><T63/><D63/><N who="1" m="40383" /><E133/><V75/><F82/><N who="3" m="49175" /><G127/><T96/><D96/><U29/><E29/><V43/><F17/><W3/><G3/><T52/><D66/><U80/><E80/><V26/><F81/><W85/><G72/><T23/><D10/><U106/><E106/><V32/><F75/><W21/><G21/><T95/><D74/><U122/><E122/><V30/><F67/><W94/><G94/><T40/><D40/><U73/><E73/><V128/><F93/><W64/><G64/><T31/><D23/><U130/><E36/><V76/><F11/><W28/><G28/><T54/><D95/><U34/><E34/><V107/><F30/><AGARI ba="0,0" hai="4,6,16,19,30,31,52,54,57,59,89,91,116,117" machi="30" ten="25,12000,2" yaku="22,2,52,2,54,2" doraHai="24" who="0" fromWho="2" sc="211,120,289,0,250,-120,250,0" /><INIT seed="2,0,0,3,2,103" ten="331,289,130,250" oya="2" hai0="45,34,14,22,50,24,111,55,44,81,49,23,92" hai1="54,12,134,63,41,9,32,47,42,109,38,20,95" hai2="69,46,72,19,31,25,125,87,122,48,30,115,37" hai3="106,118,61,58,62,40,65,15,104,29,133,28,89"/><V98/><F115/><W132/><G118/><T66/><D111/><U33/><E41/><V93/><F72/><W13/><G40/><T83/><D66/><U64/><E109/><V124/><F122/><W116/><G116/><T91/><D34/><U82/><E134/><N who="3" m="51818" /><G89/><T126/><D14/><N who="3" m="5129" /><G62/><T43/><D126/><N who="2" m="48746" /><F37/><W73/><G73/><T74/><D22/><U36/><E36/><V71/><F87/><W105/><AGARI ba="0,0" hai="28,29,58,61,65,104,105,106" m="5129,51818" machi="105" ten="40,8000,1" yaku="20,1,52,3" doraHai="103" who="3" fromWho="3" sc="331,-20,289,-20,130,-40,250,80" /><INIT seed="3,0,0,0,3,93" ten="311,269,90,330" oya="3" hai0="34,32,37,60,56,98,100,78,115,123,73,99,33" hai1="131,97,66,43,10,80,102,110,65,81,96,124,7" hai2="23,118,69,113,62,74,86,29,30,38,91,44,3" hai3="4,82,122,31,22,64,57,106,0,111,54,112,1"/><W5/><G106/><T116/><D123/><U42/><E110/><V15/><F86/><W12/><G112/><T117/><D116/><U83/><E124/><V103/><F91/><W72/><G0/><T133/><D117/><U40/><E131/><V70/><F15/><W6/><G1/><T25/><D37/><U41/><E41/><V11/><F23/><W88/><G122/><T79/><D115/><U129/><E129/><V27/><F62/><N who="3" m="37967" /><G72/><T128/><D128/><U13/><E102/><V24/><F44/><W20/><G31/><T63/><D133/><U49/><E49/><V109/><F11/><W101/><G101/><T92/><D25/><U130/><E130/><V71/><F103/><W21/><G111/><T59/><D73/><U52/><E52/><V85/><F85/><N who="3" m="50231" /><G54/><T108/><D108/><U68/><E68/><V104/><F71/><W94/><G94/><T132/><D132/><U47/><E47/><V9/><F70/><W55/><G55/><T46/><D46/><U18/><E7/><V45/><F69/><W120/><G120/><T48/><D48/><U39/><E39/><V89/><F38/><W50/><G50/><T125/><D125/><U61/><E61/><V36/><F74/><W77/><G77/><T16/><D16/><AGARI ba="0,0" hai="4,5,6,12,16,20,21,22" m="50231,37967" machi="16" ten="30,5800,0" yaku="8,1,54,2" doraHai="93" who="3" fromWho="0" sc="311,-58,269,0,90,0,330,58" owari="253,-14.7,269,6.9,90,-41.0,388,48.8" /></mjloggm>