<mjloggm ver="2.3"><GO type="225" lobby="0"/><UN n0="%E5%91%A8%E6%9D%B1" n1="%E8%81%B7%E6%A5%AD%E3%80%81%E9%A2%A8%32" n2="%77%72%77%72%77%72%77%72" n3="%E3%81%A4%E3%81%A3%E3%81%B1%E3%82%8A%E3%83%9D%E3%83%BC%E3%83%AB" dan="16,16,16,17" rate="2216.33,2154.41,2122.69,2201.94" sx="M,M,M,M"/><TAIKYOKU oya="0"/><INIT seed="0,0,0,3,5,107" ten="250,250,250,250" oya="0" hai0="74,58,62,13,29,69,5,38,21,60,89,73,27" hai1="54,0,110,63,40,123,59,95,50,46,100,125,20" hai2="112,31,118,43,57,65,25,4,51,32,122,15,121" hai3="131,39,71,19,102,2,109,105,30,135,1,8,116"/><T108/><D38/><U106/><E123/><V66/><F112/><W76/><G76/><T53/><D108/><U101/><E110/><V120/><F118/><W91/><G91/><T23/><D89/><U98/><E0/><N who="3" m="106" /><G102/><T55/><D55/><U22/><E125/><V78/><F78/><W36/><G105/><T85/><D85/><U16/><E106/><V72/><F72/><W64/><G71/><T44/><D44/><U14/><REACH who="1" step="1"/><E22/><REACH who="1" ten="250,240,250,250" step="2"/><V35/><F122/><W61/><G109/><T3/><D3/><U82/><E82/><V90/><F121/><W93/><G116/><T117/><D117/><U47/><E47/><V111/><F120/><W97/><G93/><T119/><D119/><U49/><E49/><V75/><F51/><W11/><G39/><T86/><D86/><U41/><E41/><V80/><F43/><W128/><G36/><T124/><D124/><U17/><E17/><V94/><F111/><W28/><G19/><T83/><D83/><U52/><E52/><V6/><F80/><W18/><G18/><T79/><D23/><U113/><E113/><V24/><F24/><W26/><G26/><T126/><D126/><U45/><E45/><V104/><F25/><W34/><G128/><T33/><D21/><U7/><E7/><V10/><F4/><W67/><G131/><T99/><D5/><U48/><E48/><V84/><F104/><W115/><G115/><T130/><D130/><U127/><E127/><V88/><F94/><W129/><G129/><T133/><D27/><U77/><E77/><V70/><F84/><W37/><G37/><RYUUKYOKU ba="0,1" sc="250,-10,240,30,250,-10,250,-10" hai1="14,16,20,40,46,50,54,59,63,95,98,100,101" /><INIT seed="1,1,1,3,5,76" ten="240,270,240,240" oya="1" hai0="77,45,8,108,16,104,131,133,98,18,122,54,78" hai1="24,27,92,61,52,50,83,11,95,135,88,21,123" hai2="26,127,121,22,128,110,87,10,32,63,96,109,132" hai3="15,64,13,33,103,102,82,38,105,107,129,65,0"/><U97/><E123/><V79/><F121/><W101/><G38/><T73/><D122/><U37/><E37/><V9/><F32/><W59/><G0/><T90/><D108/><N who="2" m="41578" /><F128/><W6/><G33/><T23/><D131/><U25/><E135/><V99/><F132/><W29/><G129/><T43/><D133/><U130/><E130/><V39/><F39/><W2/><G2/><T84/><D73/><U119/><E119/><V100/><F127/><W72/><G29/><T47/><D43/><U134/><E134/><V74/><F74/><W126/><G126/><T60/><D98/><N who="1" m="57607" /><E11/><N who="2" m="4107" /><F63/><W51/><G72/><T114/><D114/><U41/><E41/><V19/><F100/><W17/><G105/><T5/><D104/><U31/><E61/><V118/><F118/><W42/><G107/><T4/><D60/><U1/><E1/><V91/><F79/><W115/><G103/><T113/><D113/><U28/><E28/><V89/><F89/><W46/><G102/><T86/><D8/><U34/><E34/><V80/><AGARI ba="1,1" hai="19,22,26,80,87,91,96,99" m="4107,41578" machi="80" ten="30,2000,0" yaku="14,1,52,1" doraHai="76" who="2" fromWho="2" sc="240,-6,270,-11,240,33,240,-6" /><INIT seed="2,0,0,3,4,9" ten="234,259,273,234" oya="2" hai0="19,22,8,18,120,129,88,86,0,135,43,107,55" hai1="114,125,109,87,70,105,50,39,75,93,102,77,67" hai2="7,51,60,56,42,66,132,131,33,17,41,124,29" hai3="119,108,65,99,76,100,64,116,14,101,118,59,5"/><V130/><F7/><W83/><G108/><T71/><D120/><U82/><E109/><V21/><F124/><W49/><G49/><T78/><D107/><U13/><E39/><V16/><F132/><W37/><G37/><T31/><D71/><U97/><E125/><V122/><F122/><W3/><G3/><T61/><D135/><U72/><E114/><V133/><F133/><W25/><G25/><T110/><D110/><U106/><E50/><V103/><F103/><W48/><G48/><T127/><D127/><U98/><E67/><V11/><F33/><W95/><G100/><T79/><D43/><U68/><E13/><N who="2" m="7231" /><F29/><W34/><G34/><T20/><D31/><U84/><E68/><V96/><F96/><W117/><N who="3" m="29696" /><DORA hai="10" /><W54/><G5/><T91/><D8/><U44/><E70/><V85/><F85/><W112/><G112/><T89/><D86/><U63/><E84/><V92/><F92/><W53/><G14/><N who="0" m="9303" /><D0/><U40/><E105/><V113/><F113/><W81/><G81/><T26/><D129/><N who="2" m="49162" /><F51/><W90/><G101/><T47/><D47/><U36/><E63/><V73/><F73/><W128/><G128/><T121/><D121/><U62/><E62/><V134/><F134/><W111/><G111/><T23/><D23/><U28/><E28/><V58/><F58/><AGARI ba="0,0" hai="19,22,26,55,58,61,78,79,88,89,91" m="9303" machi="58" ten="30,7700,0" yaku="8,1,52,2,54,1" doraHai="9,10" who="0" fromWho="2" sc="234,77,259,0,273,-77,234,0" /><INIT seed="3,0,0,2,3,11" ten="311,259,196,234" oya="3" hai0="65,99,106,13,16,36,42,73,23,19,7,74,29" hai1="41,31,117,28,24,14,47,63,93,58,25,108,124" hai2="131,83,53,94,77,49,90,105,45,97,71,1,38" hai3="92,9,98,50,107,96,88,100,80,110,64,18,34"/><W40/><G34/><T35/><D7/><U103/><E108/><V82/><F131/><W84/><G110/><T121/><D121/><U2/><E2/><V120/><F120/><W86/><G64/><T59/><D42/><U104/><E104/><V79/><F71/><W22/><G9/><T3/><D36/><U26/><E117/><V44/><F1/><W54/><G40/><T52/><D65/><U116/><E124/><V15/><F105/><W130/><G130/><T69/><D3/><U68/><E68/><V51/><F38/><W75/><G75/><T67/><D19/><U17/><E116/><V129/><F129/><W114/><G80/><T128/><D67/><N who="1" m="39415" /><E47/><V32/><F32/><W118/><G114/><T33/><D69/><U95/><E41/><V111/><F111/><W126/><G126/><T62/><D128/><U85/><E85/><V109/><F109/><W37/><G37/><T125/><D125/><U113/><E113/><V102/><F102/><W72/><G72/><T60/><D74/><U76/><E76/><V12/><F82/><W61/><G61/><T123/><D62/><U39/><E39/><V66/><F66/><W30/><G30/><N who="1" m="11306" /><E103/><V55/><F79/><W6/><G118/><T21/><D123/><U46/><E46/><V133/><F133/><W56/><G6/><T10/><D35/><U115/><E115/><V27/><F27/><AGARI ba="0,0" hai="18,22,27,50,54,56,84,86,88,92,96,98,100,107" machi="27" ten="30,2900,0" yaku="7,1,54,1" doraHai="11" who="3" fromWho="2" sc="311,0,259,0,196,-29,234,29" /><INIT seed="3,1,0,3,2,16" ten="311,259,167,263" oya="3" hai0="9,87,59,130,40,72,74,39,48,75,92,88,27" hai1="12,20,25,10,38,49,19,65,79,134,101,57,119" hai2="53,110,35,124,51,86,50,33,70,96,118,7,4" hai3="131,32,98,54,133,22,120,66,31,117,3,5,102"/><W64/><G32/><T81/><D39/><U61/><E38/><V60/><F118/><W105/><G117/><T28/><D130/><U121/><E121/><V99/><F110/><W42/><G120/><T106/><D106/><U14/><E119/><V115/><F115/><W107/><G107/><T13/><D40/><U112/><E134/><V45/><F124/><W77/><G42/><T113/><D113/><U30/><E112/><V129/><F129/><W127/><G131/><T94/><D48/><U95/><E79/><V116/><F116/><W111/><G77/><T91/><D59/><U44/><E14/><V62/><F86/><W2/><G133/><T83/><D83/><U76/><E76/><V63/><F70/><W100/><G100/><T47/><D47/><U21/><E95/><V108/><F108/><W69/><G69/><T135/><D91/><U46/><E101/><V0/><F0/><W15/><G111/><T125/><D125/><U123/><E123/><V84/><F84/><W78/><G78/><T104/><D104/><U24/><E49/><V26/><F26/><N who="3" m="16855" /><G127/><T56/><D56/><U82/><E82/><V29/><F29/><AGARI ba="1,0" hai="10,12,19,20,21,24,25,29,30,44,46,57,61,65" machi="29" ten="30,8000,1" yaku="7,1,9,1,8,1,52,2" doraHai="16" who="1" fromWho="2" sc="311,0,259,83,167,-83,263,0" owari="311,11.1,342,44.2,84,-41.6,263,-13.7" /></mjloggm>