<mjloggm ver="2.3"><GO type="225" lobby="0"/><UN n0="%E3%83%A9%E3%83%BC%E3%83%A1%E3%83%B3%E4%BA%94%E9%83%8E" n1="%E3%83%81%E3%83%83%E3%82%BF%E3%82%BD%E3%83%BC" n2="%E3%83%A9%E3%82%B9%E7%8E%87%EF%BC%93%E5%89%B2" n3="%E5%91%A8%E6%9D%B1" dan="16,16,16,17" rate="2125.85,2109.40,2207.22,2223.96" sx="M,F,F,M"/><TAIKYOKU oya="0"/><INIT seed="0,0,0,5,2,120" ten="250,250,250,250" oya="0" hai0="50,115,58,63,59,122,112,19,134,55,40,49,43" hai1="10,73,96,76,31,56,7,82,126,38,17,124,78" hai2="48,42,114,6,90,105,22,98,12,109,89,44,75" hai3="77,30,32,69,23,0,99,67,135,93,83,101,29"/><T62/><D19/><U97/><E38/><V13/><F75/><W35/><G0/><T84/><D84/><U65/><E17/><V79/><F79/><W3/><G3/><T20/><D20/><U24/><E76/><V108/><F114/><W45/><G135/><T103/><D103/><U16/><E16/><N who="2" m="10503" /><F98/><W52/><G69/><T9/><D9/><U64/><E96/><V132/><F105/><W117/><G67/><T119/><D134/><U57/><E97/><V1/><F1/><W102/><G117/><T111/><D122/><U118/><E118/><V87/><F87/><N who="3" m="48623" /><G32/><T11/><D11/><U131/><E131/><V74/><F74/><W133/><G35/><T36/><D119/><U21/><E64/><V81/><F81/><W116/><G133/><T128/><D128/><U107/><E107/><V113/><F113/><N who="0" m="43594" /><D36/><U54/><E65/><V71/><F132/><W129/><G129/><T39/><D39/><U80/><E82/><V34/><F34/><W121/><G121/><T70/><D70/><U25/><E25/><V127/><F71/><W26/><G116/><T33/><D33/><U2/><REACH who="1" step="1"/><E54/><REACH who="1" ten="250,240,250,250" step="2"/><V110/><F127/><AGARI ba="0,1" hai="2,7,10,21,24,31,56,57,73,78,80,124,126,127" machi="127" ten="40,5200,0" yaku="1,1,2,1,18,1,53,0" doraHai="120" doraHaiUra="15" who="1" fromWho="2" sc="250,0,240,62,250,-52,250,0" /><INIT seed="1,0,0,3,0,103" ten="250,302,198,250" oya="1" hai0="129,62,58,12,59,32,102,26,35,63,53,10,5" hai1="7,118,37,47,98,66,52,73,33,60,27,57,23" hai2="38,88,44,16,116,48,124,75,125,70,99,6,79" hai3="76,2,108,50,100,95,101,14,112,49,19,15,84"/><U91/><E118/><V74/><F70/><W111/><G2/><T36/><D129/><U93/><E73/><V1/><F38/><W25/><G112/><T77/><D36/><U64/><E33/><V123/><F123/><W8/><G25/><T34/><D77/><U13/><E37/><V110/><F6/><W28/><G28/><T43/><D43/><U107/><E107/><V29/><F1/><W86/><G76/><T46/><D46/><U11/><REACH who="1" step="1"/><E47/><REACH who="1" ten="250,292,198,250" step="2"/><V40/><F116/><W109/><G111/><T68/><D34/><U65/><E65/><V94/><F110/><W89/><G109/><T24/><D35/><U117/><E117/><V9/><F75/><W127/><G108/><T4/><D32/><U104/><E104/><V3/><F74/><W90/><G127/><T96/><D68/><U120/><E120/><V55/><F125/><W122/><G122/><T105/><D4/><U45/><E45/><V56/><F124/><W126/><G126/><T82/><REACH who="0" step="1"/><D82/><REACH who="0" ten="240,292,198,250" step="2"/><U17/><AGARI ba="0,2" hai="7,11,13,17,23,27,52,57,60,64,66,91,93,98" machi="17" ten="20,18000,2" yaku="1,1,0,1,7,1,25,2,8,1,54,1,53,0" doraHai="103" doraHaiUra="80" who="1" fromWho="1" sc="240,-60,292,200,198,-60,250,-60" /><INIT seed="1,1,0,4,3,84" ten="180,492,138,190" oya="1" hai0="44,124,52,74,27,60,14,33,123,19,100,34,98" hai1="122,37,130,31,94,92,133,46,25,18,105,59,128" hai2="51,83,10,103,38,50,76,54,1,82,110,90,113" hai3="58,81,80,24,11,87,65,75,119,43,99,56,12"/><U88/><E133/><V89/><F38/><W61/><G119/><T23/><D74/><U116/><E122/><V121/><F121/><W45/><G75/><T78/><D123/><U41/><E116/><V5/><F110/><W114/><G114/><T115/><D115/><U16/><E105/><V126/><F113/><W39/><G24/><T22/><D124/><U117/><E94/><V26/><F126/><W30/><G30/><T63/><D78/><U28/><E59/><V112/><F103/><W57/><G81/><T53/><D33/><U107/><E107/><V132/><F132/><W32/><G99/><T86/><D86/><U67/><E67/><V72/><F51/><W129/><G32/><T17/><D34/><U69/><E69/><V49/><F49/><W109/><G129/><N who="1" m="49770" /><E117/><V66/><F66/><W21/><G21/><T73/><D73/><U35/><E28/><V13/><F83/><W0/><G109/><T134/><D134/><U118/><E118/><V8/><F112/><W42/><G0/><T7/><D44/><U77/><E77/><V68/><F68/><W6/><REACH who="3" step="1"/><G43/><REACH who="3" ten="180,492,138,180" step="2"/><T40/><D40/><U55/><E55/><V120/><F120/><W71/><G71/><T108/><D108/><U36/><E36/><V2/><F2/><W101/><G101/><T3/><D53/><U135/><E135/><V127/><F127/><W97/><G97/><AGARI ba="1,1" hai="16,18,25,31,35,37,41,46,88,92,97" m="49770" machi="97" ten="30,11600,0" yaku="19,1,52,1,54,2" doraHai="84" who="1" fromWho="3" sc="180,0,492,129,138,0,180,-119" /><INIT seed="1,2,0,0,2,98" ten="180,621,138,61" oya="1" hai0="21,13,129,7,25,116,36,128,53,4,112,110,101" hai1="95,94,131,40,118,74,126,125,59,71,121,19,135" hai2="9,109,30,99,115,132,39,15,11,51,82,26,45" hai3="17,61,22,108,49,111,3,73,58,88,66,104,120"/><U113/><E118/><V87/><F109/><N who="3" m="42059" /><G120/><T102/><D110/><U2/><E121/><V20/><F132/><W122/><G122/><T133/><D112/><U34/><E113/><V50/><F115/><W65/><G73/><T23/><D116/><U32/><E71/><V64/><F64/><N who="3" m="38967" /><G3/><T63/><D36/><U67/><E74/><V89/><F39/><W8/><G8/><N who="0" m="4231" /><D7/><U96/><E2/><V57/><F15/><N who="3" m="9535" /><G104/><T28/><D133/><U6/><E34/><V14/><F14/><W77/><G77/><T92/><D129/><U100/><E32/><V24/><F24/><W117/><G117/><T130/><D130/><U31/><E131/><V70/><F70/><W127/><G127/><T85/><D128/><U29/><E135/><V134/><F134/><W114/><G114/><T78/><D21/><U91/><E125/><V119/><F119/><W38/><G38/><T84/><D78/><U93/><E6/><V80/><F11/><W86/><G49/><T72/><D72/><U18/><E126/><V79/><F9/><W103/><G103/><N who="0" m="39435" /><D92/><AGARI ba="2,0" hai="65,66,86,88,92" m="9535,38967,42059" machi="92" ten="30,2000,0" yaku="14,1,54,1" doraHai="98" who="3" fromWho="0" sc="180,-26,621,0,138,0,61,26" /><INIT seed="2,0,0,3,4,96" ten="154,621,138,87" oya="2" hai0="24,90,5,102,12,66,112,57,103,1,20,63,89" hai1="2,70,51,10,130,6,109,53,131,118,77,82,126" hai2="56,14,123,108,132,49,3,33,32,39,75,113,68" hai3="73,92,104,119,76,58,44,127,93,87,38,28,0"/><V135/><RYUUKYOKU type="yao9" ba="0,0" sc="154,0,621,0,138,0,87,0" hai2="3,14,32,33,39,49,56,68,75,108,113,123,132,135" /><INIT seed="2,1,0,1,3,113" ten="154,621,138,87" oya="2" hai0="74,125,31,107,81,97,55,98,35,133,8,30,72" hai1="110,105,53,115,90,56,40,106,89,49,10,130,127" hai2="102,14,83,132,23,99,68,22,16,58,33,18,51" hai3="28,2,24,66,50,48,114,109,61,118,128,65,45"/><V19/><F68/><W122/><G122/><T62/><D125/><U124/><E110/><V29/><F132/><W126/><G2/><T47/><D133/><U70/><E115/><V11/><F33/><W75/><G114/><T95/><D107/><U6/><E130/><V88/><F102/><W101/><G75/><T91/><D35/><U69/><E40/><V39/><F39/><W93/><G128/><T100/><D72/><U117/><E117/><V13/><F29/><W43/><G109/><T119/><D119/><U34/><E34/><V36/><F36/><W4/><G126/><N who="1" m="48170" /><E69/><V79/><F79/><W129/><G129/><T67/><D74/><U54/><E54/><N who="2" m="32095" /><F14/><W41/><G118/><T21/><D8/><U3/><E70/><V12/><F12/><W85/><G4/><T59/><D21/><N who="2" m="7690" /><F83/><W120/><G120/><T87/><REACH who="0" step="1"/><D98/><REACH who="0" ten="144,621,138,87" step="2"/><U27/><E105/><V1/><F1/><W112/><G112/><T77/><D77/><U73/><E106/><V38/><F38/><W60/><G85/><T116/><D116/><U82/><E27/><V7/><F99/><N who="3" m="59631" /><G24/><T111/><D111/><U64/><E73/><V32/><F32/><W37/><G37/><T25/><D25/><U78/><E78/><V104/><F104/><W44/><G28/><T9/><D9/><U123/><E123/><V92/><F92/><W26/><G26/><T71/><D71/><U121/><E121/><V131/><F131/><W86/><G86/><T84/><D84/><N who="1" m="50327" /><E90/><AGARI ba="1,1" hai="7,11,13,16,18,19,88,90" m="7690,32095" machi="90" ten="30,5800,0" yaku="8,1,54,2" doraHai="113" who="2" fromWho="1" sc="144,0,621,-61,138,71,87,0" /><INIT seed="2,2,0,1,3,116" ten="144,560,209,87" oya="2" hai0="75,2,29,38,19,26,57,121,15,80,117,33,113" hai1="114,3,64,124,35,55,134,95,79,11,127,130,104" hai2="108,34,86,53,6,99,118,0,81,119,88,63,73" hai3="47,32,128,109,25,36,24,12,135,61,70,89,22"/><V82/><F34/><W5/><G70/><T132/><D38/><U66/><E104/><V30/><F30/><N who="3" m="19527" /><G61/><T78/><D113/><U37/><E114/><V48/><F108/><W72/><G89/><T60/><D117/><U45/><E130/><V94/><F63/><W41/><G72/><T105/><D105/><U4/><E134/><V52/><F53/><W84/><G84/><T62/><D132/><U67/><E35/><V1/><F81/><W98/><G98/><T120/><D2/><U96/><E79/><V58/><F0/><W102/><G102/><T59/><D62/><U49/><REACH who="1" step="1"/><E37/><REACH who="1" ten="144,550,209,87" step="2"/><V17/><F118/><W68/><G135/><T111/><D111/><U93/><E93/><V125/><F119/><W133/><G133/><T39/><D39/><U50/><E50/><V42/><F94/><W18/><G128/><T107/><D107/><U77/><E77/><V69/><F48/><W126/><G109/><T65/><REACH who="0" step="1"/><D59/><REACH who="0" ten="134,550,209,87" step="2"/><U123/><E123/><V51/><F58/><W76/><G36/><T14/><D14/><U16/><E16/><V43/><F17/><W87/><G12/><T100/><D100/><AGARI ba="2,2" hai="3,4,11,45,49,55,64,66,67,95,96,100,124,127" machi="100" ten="40,1300,0" yaku="1,1,53,0" doraHai="116" doraHaiUra="71" who="1" fromWho="0" sc="134,-19,550,39,209,0,87,0" /><INIT seed="3,0,0,4,1,100" ten="115,589,209,87" oya="3" hai0="84,42,60,64,58,91,12,97,70,118,124,114,92" hai1="85,13,90,55,20,10,65,120,122,36,129,54,101" hai2="6,1,74,76,18,102,69,14,43,86,57,94,93" hai3="79,108,50,30,15,41,53,116,80,75,47,107,132"/><W16/><G116/><T99/><D118/><U29/><E36/><V38/><F69/><W22/><G132/><T33/><D124/><U126/><E126/><V61/><F1/><W133/><G133/><T56/><D33/><U123/><E129/><V7/><F74/><W73/><G108/><T128/><D128/><U63/><E101/><V98/><F43/><W117/><G117/><T121/><D121/><U28/><E28/><V67/><F38/><W51/><G30/><T104/><D114/><U31/><E31/><V83/><F93/><W66/><G66/><T34/><D34/><U106/><E106/><V39/><F39/><W44/><REACH who="3" step="1"/><G107/><REACH who="3" ten="115,589,209,77" step="2"/><T8/><D104/><U3/><E120/><V32/><F32/><W111/><G111/><T46/><D70/><U71/><E122/><V27/><F27/><W11/><G11/><AGARI ba="0,1" hai="6,7,11,14,18,57,61,67,76,83,86,94,98,102" machi="11" ten="30,2000,0" yaku="7,1,8,1" doraHai="100" who="2" fromWho="3" sc="115,0,589,0,209,30,77,-20" owari="115,-28.5,589,68.9,239,3.9,57,-44.3" /></mjloggm>