<mjloggm ver="2.3"><GO type="225" lobby="0"/><UN n0="%E3%83%96%E3%83%83%E3%83%91%E3%82%AA%E3%83%96%E3%83%81%E3%82%AD%E3%83%B3" n1="%2D%E8%B1%8A%E5%8F%A3%E3%82%81%E3%81%90%E3%81%BF%2D" n2="%E3%81%95%E3%81%8D%E3%81%9F%E3%81%BE%E6%9E%97%E6%AA%8E" n3="%E6%9D%B1%E9%A2%A8%E3%81%AE%E3%81%8D%E3%82%83%E3%81%B7%E3%81%95%E3%82%93" dan="17,17,16,16" rate="2192.20,2207.25,2079.42,2187.17" sx="M,F,M,M"/><TAIKYOKU oya="0"/><INIT seed="0,0,0,3,3,43" ten="250,250,250,250" oya="0" hai0="83,4,14,38,114,130,113,118,123,95,31,2,70" hai1="85,40,80,121,20,73,106,35,112,32,30,57,1" hai2="66,115,97,34,33,128,25,48,107,61,126,58,109" hai3="15,49,19,51,21,105,104,84,74,102,37,110,27"/><T87/><D118/><U42/><E121/><V52/><F109/><W89/><G74/><T24/><D123/><U53/><E73/><V64/><F128/><W56/><G37/><T100/><D70/><U69/><E69/><V117/><F126/><W11/><G110/><T82/><D2/><U88/><E106/><V41/><F117/><W45/><G56/><T116/><D116/><U77/><E1/><V108/><F108/><W125/><G51/><T18/><D4/><U72/><E20/><V119/><F119/><W28/><G102/><T6/><D6/><U68/><E68/><V7/><F7/><W3/><G3/><T131/><D38/><U36/><E112/><V103/><F115/><W8/><G8/><T67/><D67/><U63/><E30/><V90/><F90/><W55/><REACH who="3" step="1"/><G125/><REACH who="3" ten="250,250,250,240" step="2"/><T127/><D127/><U93/><REACH who="1" step="1"/><E42/><REACH who="1" ten="250,240,250,240" step="2"/><V111/><F41/><W60/><G60/><T29/><D113/><U129/><E129/><V75/><F61/><W76/><G76/><T99/><D114/><U47/><AGARI ba="0,2" hai="32,35,36,40,47,53,57,63,72,77,80,85,88,93" machi="47" ten="30,8000,1" yaku="1,1,0,1,52,1,54,1,53,1" doraHai="43" doraHaiUra="78" who="1" fromWho="1" sc="250,-40,240,100,250,-20,240,-20" /><INIT seed="1,0,0,4,0,124" ten="210,340,230,220" oya="1" hai0="36,110,87,99,91,95,64,58,106,85,31,80,5" hai1="133,98,10,104,18,13,68,53,28,19,23,39,71" hai2="79,44,115,26,66,77,30,24,129,37,16,49,135" hai3="126,86,65,54,84,132,3,93,109,121,6,32,116"/><U102/><E39/><V42/><F135/><W27/><G54/><T2/><D36/><U47/><E133/><V46/><F129/><W120/><G65/><T70/><D110/><U33/><E33/><V127/><F127/><W123/><G84/><T75/><D70/><U134/><E28/><V122/><F122/><W117/><G86/><T7/><D31/><U88/><E134/><V14/><F115/><W4/><G93/><T103/><D2/><U82/><E47/><V118/><F66/><W96/><G96/><T62/><REACH who="0" step="1"/><D87/><REACH who="0" ten="200,340,230,220" step="2"/><U51/><E71/><V8/><F118/><N who="3" m="45675" /><G132/><T78/><AGARI ba="0,1" hai="5,7,58,62,64,75,78,80,85,91,95,99,103,106" machi="78" ten="30,7900,0" yaku="1,1,0,1,24,2,53,0" doraHai="124" doraHaiUra="25" who="0" fromWho="0" sc="200,89,340,-39,230,-20,220,-20" /><INIT seed="2,0,0,1,1,133" ten="289,301,210,200" oya="2" hai0="11,58,8,112,16,123,62,66,110,27,10,17,125" hai1="94,72,109,43,52,102,3,75,41,69,1,87,22" hai2="42,6,63,53,21,79,65,26,33,116,100,44,15" hai3="101,108,85,129,46,51,64,124,96,37,107,25,23"/><V74/><F116/><W14/><G124/><T5/><D123/><U135/><E69/><V2/><F2/><W95/><G108/><T76/><D112/><U92/><E22/><V57/><F33/><W30/><G129/><T104/><D110/><U29/><E29/><V67/><F100/><W0/><G0/><T60/><D104/><U13/><E13/><V118/><F118/><W50/><G64/><T119/><D119/><U113/><E87/><V132/><F132/><W128/><G128/><T7/><D125/><U122/><E102/><V34/><F34/><W55/><G37/><T20/><D76/><U106/><E106/><V36/><F74/><W115/><G115/><T78/><D78/><U73/><E113/><V81/><F6/><N who="0" m="2058" /><D62/><U31/><E109/><V114/><F114/><W80/><G107/><T19/><AGARI ba="0,0" hai="8,10,11,16,17,19,20,27,58,60,66" m="2058" machi="19" ten="30,2000,0" yaku="8,1,54,1" doraHai="133" who="0" fromWho="0" sc="289,20,301,-5,210,-10,200,-5" /><INIT seed="3,0,0,0,2,79" ten="309,296,200,195" oya="3" hai0="98,114,113,63,51,108,21,118,128,37,6,73,15" hai1="32,52,131,83,110,27,127,111,41,126,24,125,43" hai2="35,18,105,94,34,85,9,69,132,68,119,28,54" hai3="130,78,60,42,135,5,84,53,102,33,39,117,95"/><W71/><G33/><T133/><D118/><U50/><E83/><V107/><F119/><W62/><G117/><T77/><D37/><U96/><E96/><V66/><F66/><N who="3" m="41415" /><G5/><T20/><D108/><N who="1" m="41515" /><E131/><V76/><F28/><W93/><G130/><T16/><D128/><U40/><E32/><N who="2" m="12331" /><F54/><W17/><G135/><T8/><D133/><U0/><E0/><V7/><F132/><W22/><G39/><T49/><D21/><U45/><AGARI ba="0,0" hai="24,27,40,41,43,45,50,52,125,126,127" m="41515" machi="45" ten="40,5200,0" yaku="18,1,14,1,54,1" doraHai="79" who="1" fromWho="1" sc="309,-13,296,52,200,-13,195,-26" owari="296,9.6,348,44.8,187,-21.3,169,-33.1" /></mjloggm>