<mjloggm ver="2.3"><GO type="225" lobby="0"/><UN n0="%E4%BF%BA%E3%81%A8%E5%A6%96%E5%A4%A2" n1="%E3%81%94%E3%83%BC%E3%81%A9%E3%82%93" n2="%E3%83%B4%E3%83%A0%EF%BC%99%E3%81%A6" n3="%77%72%77%72%77%72%77%72" dan="16,16,16,17" rate="2103.41,2102.14,2149.76,2158.82" sx="F,M,M,M"/><TAIKYOKU oya="0"/><INIT seed="0,0,0,3,4,119" ten="250,250,250,250" oya="0" hai0="34,32,60,109,33,23,113,88,35,87,123,103,44" hai1="79,55,126,115,107,51,122,67,72,54,25,74,3" hai2="89,38,53,28,134,95,13,71,116,45,65,5,114" hai3="42,92,66,135,52,29,121,81,77,59,84,111,48"/><T102/><N who="0" m="8192" /><DORA hai="118" /><T98/><D113/><U18/><E115/><V43/><F116/><W12/><G111/><T4/><D109/><U91/><E126/><V112/><F134/><W26/><G135/><T76/><D4/><U50/><E107/><V22/><F53/><W124/><G124/><T106/><D103/><U93/><E3/><V61/><F5/><W129/><G129/><T56/><D44/><U7/><E7/><V97/><REACH who="2" step="1"/><F13/><REACH who="2" ten="250,250,240,250" step="2"/><W58/><G12/><T110/><D110/><U86/><E67/><V82/><F82/><W40/><G40/><T63/><D76/><U0/><E79/><V64/><F64/><W94/><G42/><T49/><D23/><U27/><E54/><V78/><F78/><W14/><G14/><T117/><D117/><U83/><E55/><V15/><F15/><W1/><G1/><T80/><D60/><U133/><E0/><V10/><F10/><W16/><G66/><T104/><D104/><U105/><E105/><V131/><F131/><W101/><G52/><T130/><D130/><U2/><E2/><V19/><F19/><W69/><G16/><T8/><D8/><U11/><E133/><V20/><F20/><W128/><G128/><T30/><D30/><U99/><E11/><V17/><F17/><W62/><G29/><T41/><D41/><U108/><E108/><V100/><F100/><W31/><G31/><T24/><D106/><U46/><E18/><V21/><F21/><W127/><G127/><T132/><D102/><U68/><E83/><V6/><F6/><W37/><G62/><T75/><D132/><RYUUKYOKU ba="0,1" sc="250,-10,250,-10,240,30,250,-10" hai2="22,28,38,43,45,61,65,71,89,95,97,112,114" /><INIT seed="1,1,1,0,2,103" ten="240,240,270,240" oya="1" hai0="55,79,87,108,35,131,16,114,116,68,43,23,101" hai1="80,135,27,124,125,17,5,29,107,111,50,57,3" hai2="10,86,99,83,77,72,66,128,13,98,129,34,28" hai3="41,12,47,33,71,46,51,123,96,30,85,115,121"/><U2/><E107/><V14/><F66/><W32/><G115/><T21/><D114/><U94/><E135/><V65/><F65/><W54/><G71/><T6/><D116/><U134/><E134/><V118/><F118/><W127/><G127/><N who="1" m="48714" /><E94/><V92/><F72/><W22/><G85/><T97/><D35/><N who="1" m="20927" /><E80/><V113/><F113/><W117/><G117/><T62/><D68/><U49/><E57/><V37/><F98/><W132/><G132/><T76/><D43/><U95/><E95/><V69/><F69/><W61/><G96/><T84/><D97/><U20/><E111/><V45/><F28/><W44/><G30/><T63/><D101/><U110/><E110/><V52/><F34/><W8/><G32/><T133/><D108/><U89/><E89/><V70/><F70/><W7/><G33/><T90/><D90/><U59/><E59/><V100/><F13/><W88/><G88/><T112/><D112/><U36/><E36/><V31/><F31/><W102/><G102/><T130/><D133/><U82/><E82/><V126/><F37/><W73/><G123/><T40/><D79/><U75/><E75/><V38/><F38/><W109/><G73/><T104/><D76/><U48/><E5/><N who="2" m="3407" /><F126/><W4/><G121/><T119/><D104/><U58/><E58/><V39/><F39/><W91/><G91/><T42/><D6/><U56/><E56/><V93/><F92/><W105/><G109/><T53/><D119/><U15/><AGARI ba="1,1" hai="2,3,15,17,20,48,49,50" m="20927,48714" machi="15" ten="30,1500,0" yaku="18,1" doraHai="103" who="1" fromWho="1" sc="240,-6,240,28,270,-6,240,-6" /><INIT seed="1,2,0,0,0,25" ten="234,268,264,234" oya="1" hai0="29,52,105,103,20,4,125,124,61,28,45,107,74" hai1="57,34,48,116,21,37,35,122,71,1,33,117,88" hai2="128,135,120,82,65,134,110,133,7,39,111,51,70" hai3="123,42,93,50,31,44,30,11,18,97,118,90,2"/><U85/><E122/><V72/><F120/><W89/><G118/><T24/><D74/><U5/><E37/><V129/><F7/><W27/><G123/><T99/><D4/><U55/><E71/><V126/><F126/><N who="0" m="48746" /><D107/><U101/><E21/><V60/><F39/><W9/><G2/><T127/><N who="0" m="48754" /><T75/><DORA hai="80" /><D75/><U56/><E101/><V81/><F51/><W13/><G11/><T6/><D6/><U115/><E115/><V59/><F70/><W49/><G27/><T84/><D84/><U98/><E98/><V68/><F59/><W119/><G119/><T36/><D36/><U73/><E73/><V131/><F82/><W43/><G89/><T3/><D3/><U83/><REACH who="1" step="1"/><E57/><REACH who="1" ten="234,258,264,234" step="2"/><V53/><F53/><W95/><G95/><T91/><D103/><U100/><E100/><V46/><F46/><AGARI ba="2,1" hai="9,13,18,30,31,42,43,44,46,49,50,90,93,97" machi="46" ten="40,8000,1" yaku="9,1,8,1,52,2" doraHai="25,80" who="3" fromWho="2" sc="234,0,258,0,264,-86,234,96" /><INIT seed="2,0,0,4,4,100" ten="234,258,178,330" oya="2" hai0="115,45,73,84,13,41,69,106,59,109,65,8,24" hai1="66,83,96,112,127,90,78,97,86,37,28,31,51" hai2="53,85,25,60,98,23,49,89,14,124,33,116,68" hai3="133,87,4,128,15,56,119,80,63,72,75,11,105"/><V10/><F116/><W20/><G119/><T125/><D115/><U111/><E37/><V79/><F124/><W132/><G105/><T99/><D73/><U93/><E111/><V19/><F33/><W114/><G114/><T57/><D109/><U22/><E112/><V81/><F68/><W71/><G71/><T61/><D125/><U38/><E38/><V54/><F60/><W16/><G128/><T55/><D84/><U122/><E122/><V110/><F110/><W39/><G39/><T50/><D24/><U3/><E3/><V134/><F134/><N who="3" m="51819" /><G87/><T21/><D21/><U103/><E127/><V29/><REACH who="2" step="1"/><F49/><REACH who="2" ten="234,258,168,330" step="2"/><W5/><G63/><T118/><D118/><U1/><E51/><V104/><F104/><W82/><G72/><T108/><D108/><U130/><E130/><V129/><F129/><W43/><G75/><T120/><D120/><U7/><E103/><V77/><F77/><W123/><G123/><T67/><D69/><U52/><E52/><V40/><BYE who="1" /><F40/><UN n1="%E3%81%94%E3%83%BC%E3%81%A9%E3%82%93" /><W18/><G43/><T101/><REACH who="0" step="1"/><D57/><REACH who="0" ten="224,258,168,330" step="2"/><U0/><E78/><V62/><F62/><W9/><G56/><T2/><D2/><U121/><E0/><V76/><F76/><W94/><G80/><T95/><D95/><AGARI ba="0,2" hai="10,14,19,23,25,29,53,54,79,81,85,89,95,98" machi="95" ten="40,7700,0" yaku="1,1,8,1,53,1" doraHai="100" doraHaiUra="12" who="2" fromWho="0" sc="224,-77,258,0,168,97,330,0" /><INIT seed="2,1,0,1,4,63" ten="147,258,265,330" oya="2" hai0="12,54,90,68,120,78,14,115,97,46,101,20,118" hai1="28,129,18,109,134,106,3,122,89,104,47,30,117" hai2="123,42,114,86,83,87,0,26,119,23,45,5,96" hai3="62,107,56,66,43,61,80,48,116,91,44,88,35"/><V81/><F114/><W41/><G116/><T75/><D120/><U32/><E117/><V15/><F119/><W128/><G128/><T111/><D118/><U84/><E129/><V27/><F0/><W131/><G131/><T103/><D115/><U73/><E122/><V57/><F96/><W22/><G107/><T16/><D68/><U53/><E73/><V31/><F123/><W55/><G35/><T74/><D111/><U76/><E76/><V85/><F57/><W67/><G22/><T79/><D74/><U105/><E109/><V38/><REACH who="2" step="1"/><F27/><REACH who="2" ten="147,258,255,330" step="2"/><W95/><G67/><T124/><D124/><U17/><E3/><V6/><F6/><W112/><G112/><T19/><D103/><U11/><E105/><V92/><F92/><W1/><G1/><T59/><D46/><U24/><E106/><V2/><F2/><W52/><G95/><N who="0" m="56567" /><D101/><U110/><E104/><V4/><F4/><W10/><G66/><T37/><D75/><U58/><E47/><V102/><F102/><W8/><G44/><T125/><D125/><U99/><E110/><V71/><F71/><W132/><G56/><T60/><D37/><U29/><E58/><V94/><F94/><W77/><G132/><T121/><D121/><U40/><E134/><V100/><F100/><W65/><G65/><T25/><D25/><U64/><E24/><V33/><F33/><W82/><G48/><T21/><AGARI ba="1,1" hai="12,14,16,19,20,21,54,59,60,78,79" m="56567" machi="21" ten="30,2000,0" yaku="8,1,54,1" doraHai="63" who="0" fromWho="0" sc="147,33,258,-6,255,-11,330,-6" /><INIT seed="3,0,0,3,0,5" ten="180,252,244,324" oya="3" hai0="39,2,56,98,95,96,105,75,17,31,0,104,118" hai1="92,46,25,59,20,13,84,83,62,116,6,103,125" hai2="67,113,51,4,48,3,58,54,97,21,36,50,78" hai3="131,66,82,8,43,49,120,112,45,134,70,88,101"/><W14/><G112/><T12/><D118/><U115/><E115/><V126/><F113/><W7/><G120/><T87/><D75/><U28/><E116/><V91/><F36/><W23/><G131/><T26/><D39/><U15/><E125/><V22/><F126/><W63/><G134/><T61/><D105/><U76/><E46/><V109/><F109/><W111/><G111/><T34/><D104/><U90/><E103/><V85/><F67/><W73/><G101/><T71/><D71/><U57/><E6/><V132/><F132/><W127/><G127/><T74/><D74/><U53/><REACH who="1" step="1"/><E59/><REACH who="1" ten="180,242,244,324" step="2"/><V99/><F4/><W16/><G7/><T102/><D87/><AGARI ba="0,1" hai="13,15,20,25,28,53,57,62,76,83,84,87,90,92" machi="87" ten="30,12000,2" yaku="1,1,2,1,7,1,8,1,53,2" doraHai="5" doraHaiUra="9" who="1" fromWho="0" sc="180,-120,242,130,244,0,324,0" owari="60,-44.0,372,47.2,244,-15.6,324,12.4" /></mjloggm>