<mjloggm ver="2.3"><GO type="225" lobby="0"/><UN n0="%E3%82%A4%E3%83%BC%E3%82%B1%E3%83%97%E3%83%A9" n1="%E3%81%BD%E3%81%A1%E3%81%9F%E3%81%93%E3%82%84" n2="%E6%A1%9C%E8%8A%B1%E9%96%83%E3%80%85" n3="%E6%9C%88%E5%B3%B6%E5%9F%BA" dan="17,17,16,16" rate="2219.83,2134.00,2191.28,2144.93" sx="M,M,M,M"/><TAIKYOKU oya="0"/><INIT seed="0,0,0,5,5,112" ten="250,250,250,250" oya="0" hai0="35,67,38,108,12,131,99,95,8,125,5,60,56" hai1="34,10,3,42,89,13,36,75,43,19,61,113,101" hai2="105,55,53,80,47,130,91,11,126,128,7,27,134" hai3="64,70,58,87,32,48,119,30,21,82,16,68,46"/><T118/><D35/><U110/><E113/><V2/><F105/><W28/><G32/><T77/><D38/><U52/><E110/><V39/><F126/><W102/><G70/><T33/><D33/><U88/><E75/><V29/><F134/><W74/><G68/><T57/><D125/><U9/><E34/><N who="2" m="20799" /><F91/><N who="1" m="34889" /><E36/><V97/><F97/><W117/><G74/><T129/><D77/><U63/><E3/><V109/><F80/><W98/><G30/><T127/><D127/><U90/><E101/><V122/><F122/><W81/><G28/><T62/><D108/><U84/><E9/><V78/><F78/><W72/><G72/><T0/><D0/><U94/><E63/><V85/><F85/><W22/><G22/><T133/><D133/><U24/><E24/><V40/><F109/><W92/><G58/><AGARI ba="0,0" hai="10,13,19,42,43,52,58,61,84,90,94" m="34889" machi="58" ten="30,3900,0" yaku="8,1,54,2" doraHai="112" who="1" fromWho="3" sc="250,0,250,39,250,0,250,-39" /><INIT seed="1,0,0,0,3,98" ten="250,289,250,211" oya="1" hai0="62,32,75,121,104,119,60,125,11,61,86,131,31" hai1="26,57,115,59,27,6,116,19,112,105,126,84,54" hai2="5,123,68,132,14,48,108,72,127,28,21,0,29" hai3="64,92,38,78,129,130,24,117,42,100,109,96,89"/><U134/><E116/><V82/><F68/><W94/><G64/><T87/><D75/><U106/><E6/><V107/><F123/><W81/><G42/><T91/><D104/><U34/><E34/><V9/><F107/><N who="3" m="63879" /><G24/><T43/><D119/><U17/><E84/><V1/><F48/><W8/><G8/><T30/><D121/><U69/><E134/><V20/><F82/><W56/><G56/><T44/><D131/><N who="3" m="50185" /><G38/><T77/><D125/><U80/><E80/><V113/><F72/><N who="3" m="43207" /><G117/><T135/><D135/><U52/><REACH who="1" step="1"/><E69/><REACH who="1" ten="250,279,250,211" step="2"/><V16/><F132/><W111/><G94/><T22/><D32/><U70/><E70/><V23/><F5/><W41/><G41/><T12/><D43/><U4/><E4/><V93/><F93/><W79/><G79/><T35/><D77/><U85/><E85/><AGARI ba="0,1" hai="85,89,92,109,111" m="43207,50185,63879" machi="85" ten="30,8000,1" yaku="24,1,19,1,34,2,52,1" doraHai="98" who="3" fromWho="1" sc="250,0,279,-80,250,0,211,90" /><INIT seed="2,0,0,4,5,4" ten="250,199,250,301" oya="2" hai0="51,84,124,21,113,22,133,24,71,26,47,30,66" hai1="36,95,11,52,104,108,78,44,0,33,2,37,65" hai2="120,123,106,74,107,27,90,135,32,96,12,20,58" hai3="1,25,19,89,114,35,29,50,75,97,119,46,39"/><V94/><F135/><W69/><G119/><T6/><D113/><U105/><E33/><V28/><F74/><W68/><G1/><T88/><D133/><U101/><E65/><V87/><F58/><W134/><G75/><T79/><D124/><U60/><E78/><V54/><F54/><W72/><G72/><T128/><D128/><U111/><E95/><V70/><F70/><W13/><G39/><T57/><D71/><U5/><E0/><V86/><F86/><W129/><G129/><T103/><D6/><U130/><E130/><V9/><F32/><W10/><G114/><T80/><D103/><U38/><E101/><V116/><F116/><W127/><G127/><T125/><D125/><U93/><E93/><V56/><F56/><W31/><G31/><T131/><D131/><U23/><E23/><V64/><F64/><W42/><G134/><T115/><D115/><U122/><E122/><V76/><F76/><W81/><G97/><T49/><D79/><U63/><E63/><V85/><F85/><W15/><G89/><T112/><D47/><U41/><E60/><V102/><REACH who="2" step="1"/><F107/><REACH who="2" ten="250,199,240,301" step="2"/><N who="1" m="41033" /><E52/><V3/><F3/><W62/><G69/><T59/><D112/><U117/><E117/><V110/><F110/><AGARI ba="0,1" hai="2,5,11,36,37,38,41,44,108,110,111" m="41033" machi="110" ten="30,3900,0" yaku="14,1,23,1,52,1" doraHai="4" who="1" fromWho="2" sc="250,0,199,49,240,-39,301,0" /><INIT seed="3,0,0,2,3,51" ten="250,248,201,301" oya="3" hai0="47,72,116,83,7,93,39,29,94,11,88,101,121" hai1="117,97,74,41,85,67,106,52,75,62,77,8,40" hai2="10,56,50,35,73,113,87,119,107,70,61,86,105" hai3="23,109,32,108,46,132,112,36,59,13,24,84,76"/><W82/><G112/><T12/><D116/><U128/><E117/><V125/><F119/><W15/><G132/><T0/><D121/><U16/><E128/><V95/><F113/><W25/><G32/><T42/><D29/><U131/><E131/><V65/><F73/><W103/><G103/><T115/><D115/><U104/><E75/><V91/><F125/><W37/><G59/><T122/><D122/><U69/><E74/><V2/><F35/><W4/><G25/><T100/><D12/><N who="3" m="4681" /><G46/><T1/><D93/><U134/><E134/><V38/><F38/><W135/><G4/><T18/><D18/><U129/><E129/><V34/><F34/><W110/><G135/><T14/><D14/><U81/><E16/><AGARI ba="0,0" hai="16,23,24,36,37,76,82,84,108,109,110" m="4681" machi="16" ten="30,5800,0" yaku="14,1,10,1,54,1" doraHai="51" who="3" fromWho="1" sc="250,0,248,-58,201,0,301,58" owari="250,5.0,190,-31.0,201,-19.9,359,45.9" /></mjloggm>