<mjloggm ver="2.3"><GO type="225" lobby="0"/><UN n0="%6C%61%6D%62" n1="%E6%98%93%E5%88%A9%E8%96%A9%E4%BC%AF" n2="%E3%83%81%E3%83%83%E3%82%BF%E3%82%BD%E3%83%BC" n3="%E5%B8%86%E7%AB%8B%E5%A4%8F%E8%A1%A3" dan="16,17,16,17" rate="2201.13,2118.21,2136.07,2207.38" sx="M,F,F,M"/><TAIKYOKU oya="0"/><INIT seed="0,0,0,2,0,32" ten="250,250,250,250" oya="0" hai0="55,6,10,78,109,135,128,119,28,7,8,134,56" hai1="111,4,81,17,112,122,18,62,106,22,46,124,90" hai2="67,130,102,19,108,129,31,115,87,0,101,11,21" hai3="83,74,24,103,64,77,118,41,131,75,14,59,16"/><T1/><D119/><U5/><E122/><V49/><F115/><W114/><G118/><T89/><D78/><U9/><E106/><V58/><F108/><W133/><G114/><T50/><D109/><U95/><E112/><V47/><F31/><W42/><G131/><N who="2" m="50185" /><F87/><W53/><G133/><T80/><D128/><U116/><E124/><V69/><F69/><W110/><G75/><T35/><D28/><U72/><E116/><V63/><F11/><W125/><G110/><T126/><D35/><U73/><E5/><V82/><F82/><W94/><G125/><T15/><REACH who="0" step="1"/><D126/><REACH who="0" ten="240,250,250,250" step="2"/><U132/><E111/><V33/><F33/><W100/><G77/><T84/><D84/><U96/><E73/><V98/><F98/><W25/><G74/><T70/><D70/><U123/><E96/><V76/><F76/><W104/><G103/><T20/><D20/><U91/><E22/><V93/><F102/><W99/><G104/><T43/><D43/><U27/><E72/><V48/><F101/><W66/><G42/><T127/><D127/><U30/><E30/><V38/><F21/><N who="3" m="11415" /><G41/><T105/><D105/><U29/><E29/><V51/><F38/><W12/><G99/><T86/><AGARI ba="0,1" hai="1,6,7,8,10,15,50,55,56,80,86,89,134,135" machi="86" ten="30,6000,0" yaku="1,1,0,1,52,1,53,0" doraHai="32" doraHaiUra="71" who="0" fromWho="0" sc="240,70,250,-20,250,-20,250,-20" /><INIT seed="0,1,0,1,4,66" ten="310,230,230,230" oya="0" hai0="82,23,55,120,43,77,32,45,127,50,132,90,117" hai1="44,133,80,130,57,112,83,68,35,87,34,99,72" hai2="94,61,129,96,33,106,22,16,98,135,101,119,111" hai3="65,86,26,102,116,128,100,9,28,122,92,25,40"/><T134/><D117/><U7/><E130/><V56/><F111/><W10/><G116/><T42/><D32/><U97/><E133/><N who="0" m="51305" /><D120/><U88/><E112/><V53/><F135/><W49/><G122/><T67/><D127/><U3/><E68/><V124/><F129/><W115/><G115/><T60/><D23/><U11/><E57/><V4/><F124/><W51/><G128/><T14/><D14/><U64/><E64/><V48/><F119/><W2/><G65/><T31/><D31/><U75/><E44/><V114/><F114/><W0/><G28/><T24/><D24/><U70/><E70/><V73/><F73/><W17/><G86/><N who="0" m="50519" /><D77/><U118/><E118/><V123/><F123/><W84/><G84/><T62/><D62/><U20/><E20/><V21/><F33/><W85/><G85/><T71/><AGARI ba="1,0" hai="42,43,45,50,55,60,67,71" m="50519,51305" machi="71" ten="30,3000,0" yaku="20,1,52,1" doraHai="66" who="0" fromWho="0" sc="310,33,230,-11,230,-11,230,-11" /><INIT seed="0,2,0,5,4,98" ten="343,219,219,219" oya="0" hai0="55,45,36,106,128,135,6,82,7,118,115,54,79" hai1="71,31,72,105,88,16,46,62,37,86,56,27,78" hai2="117,12,113,0,103,74,42,44,94,9,121,93,123" hai3="21,39,99,85,32,102,84,91,38,3,67,101,10"/><T20/><D115/><U69/><E105/><V97/><F113/><W18/><G32/><T23/><D118/><U13/><E78/><V15/><F117/><W59/><G39/><T57/><D106/><U122/><E72/><V126/><F126/><W104/><G38/><T131/><D36/><U111/><E111/><V2/><F74/><W17/><G3/><T87/><D45/><U1/><E1/><V81/><F81/><W25/><G104/><T66/><D66/><U112/><E122/><V50/><F93/><N who="3" m="56767" /><G59/><T110/><D135/><U109/><E109/><V114/><F114/><W24/><G67/><T51/><D55/><U34/><E46/><V22/><F0/><W116/><G116/><T63/><D63/><U127/><E37/><V29/><F2/><W130/><G130/><N who="0" m="49707" /><D110/><U65/><E127/><V76/><F76/><W41/><G41/><T26/><D20/><U73/><E73/><V70/><F70/><W125/><G125/><T77/><D77/><U92/><REACH who="1" step="1"/><E112/><REACH who="1" ten="343,209,219,219" step="2"/><V40/><F121/><W11/><G25/><T129/><D129/><U53/><E53/><N who="2" m="29895" /><F123/><W120/><G120/><T58/><D58/><U28/><E28/><AGARI ba="2,1" hai="6,7,23,26,28,51,54,57,79,82,87" m="49707" machi="28" ten="30,1500,0" yaku="19,1" doraHai="98" who="0" fromWho="1" sc="343,31,209,-21,219,0,219,0" /><INIT seed="0,3,0,4,2,3" ten="374,188,219,219" oya="0" hai0="5,46,16,123,68,86,117,85,44,135,105,69,93" hai1="55,51,53,89,70,120,87,12,75,111,31,23,98" hai2="104,13,62,97,47,32,10,42,101,92,63,114,36" hai3="0,54,99,1,74,129,58,28,88,77,115,61,132"/><T15/><D117/><U52/><E75/><V43/><F114/><W66/><G115/><T125/><D105/><U59/><E70/><V50/><F32/><W11/><G129/><T6/><D123/><U41/><E120/><V60/><F104/><W80/><G132/><T128/><D135/><U103/><E111/><V48/><REACH who="2" step="1"/><F42/><REACH who="2" ten="374,188,209,219" step="2"/><W35/><G54/><T21/><D128/><U17/><E41/><V2/><F2/><W82/><G11/><T27/><D125/><U7/><E7/><AGARI ba="3,1" hai="7,10,13,36,43,47,48,50,60,62,63,92,97,101" machi="7" ten="40,2600,0" yaku="1,1,52,1,53,0" doraHai="3" doraHaiUra="112" who="2" fromWho="1" sc="374,0,188,-35,209,45,219,0" /><INIT seed="1,0,0,1,2,70" ten="374,153,254,219" oya="1" hai0="64,107,50,86,2,67,123,93,9,105,115,128,58" hai1="112,61,38,126,106,72,111,69,83,59,66,114,7" hai2="4,113,34,91,41,82,63,32,130,97,99,90,37" hai3="17,80,131,110,119,96,29,89,73,71,49,31,57"/><U55/><E106/><V122/><F130/><W81/><G71/><T47/><D115/><U132/><E7/><V36/><F122/><W0/><G0/><T39/><D39/><U8/><E8/><V77/><F63/><W74/><G110/><T1/><D107/><U124/><E72/><V15/><F4/><W18/><G119/><T135/><D105/><U121/><E83/><V56/><F56/><W129/><G89/><T60/><D123/><U127/><E121/><V94/><F15/><W27/><G57/><T65/><D135/><U87/><E87/><V44/><F113/><N who="1" m="43625" /><E132/><V117/><F117/><W12/><G12/><T79/><D128/><U28/><E28/><V101/><F36/><W108/><G108/><T22/><D9/><U78/><E78/><V92/><REACH who="2" step="1"/><F101/><REACH who="2" ten="374,153,244,219" step="2"/><W35/><G129/><T26/><D2/><U14/><E14/><V21/><F21/><W6/><G131/><T52/><D1/><U10/><E10/><V84/><AGARI ba="0,1" hai="32,34,37,41,44,77,82,84,90,91,92,94,97,99" machi="84" ten="20,8000,1" yaku="1,1,0,1,7,1,9,1,52,1,53,0" doraHai="70" doraHaiUra="98" who="2" fromWho="2" sc="374,-20,153,-40,244,90,219,-20" /><INIT seed="2,0,0,3,2,96" ten="354,113,334,199" oya="2" hai0="56,111,38,74,109,55,22,33,20,3,30,64,21" hai1="104,79,47,62,50,83,124,81,112,99,17,34,75" hai2="131,73,93,0,90,129,15,121,63,35,113,4,130" hai3="26,59,103,8,106,94,97,91,82,125,25,128,23"/><V48/><F121/><W134/><G125/><T60/><D74/><U72/><E124/><V126/><F126/><W108/><G108/><N who="0" m="41547" /><D3/><U44/><E112/><V92/><F0/><W105/><G134/><T122/><D38/><U10/><E34/><V5/><F35/><W27/><G128/><T133/><D122/><U127/><E127/><V11/><F73/><W53/><G8/><T68/><D133/><U123/><E123/><V43/><F113/><W71/><G71/><T16/><D30/><U18/><E62/><V36/><F36/><W132/><G132/><T100/><D100/><U13/><E18/><N who="2" m="8575" /><F63/><W115/><G115/><T52/><D33/><U19/><E19/><V28/><F28/><W65/><G65/><T31/><D31/><U39/><E39/><V85/><F93/><W117/><G117/><T29/><D29/><U54/><E47/><AGARI ba="0,0" hai="4,5,43,47,48,85,90,92,129,130,131" m="8575" machi="47" ten="30,1500,0" yaku="19,1" doraHai="96" who="2" fromWho="1" sc="354,0,113,-15,334,15,199,0" /><INIT seed="2,1,0,5,0,130" ten="354,98,349,199" oya="2" hai0="126,13,83,1,119,15,39,43,106,133,116,5,41" hai1="52,84,34,99,125,61,30,35,120,74,114,128,111" hai2="24,38,71,44,79,46,110,70,36,115,51,121,53" hai3="22,118,65,72,47,7,55,97,14,66,32,109,3"/><V92/><F115/><W63/><G32/><T27/><D106/><U67/><E74/><V91/><F121/><W31/><G72/><T73/><D126/><U60/><E120/><V29/><F110/><W10/><G109/><T69/><D69/><U81/><E111/><V134/><F134/><W33/><G118/><T96/><D96/><U20/><E128/><V59/><F79/><W102/><G33/><T62/><D62/><U18/><E125/><V42/><F46/><W12/><G3/><T117/><D27/><U58/><E114/><V56/><F59/><W8/><G22/><T90/><D133/><U16/><E99/><V2/><F36/><W9/><G9/><N who="0" m="2223" /><D90/><U124/><E30/><V101/><F101/><W127/><G31/><T80/><D80/><U122/><E122/><V76/><F76/><W85/><G85/><T6/><D6/><U40/><E40/><N who="0" m="15433" /><D39/><U89/><E124/><V113/><F2/><W131/><G131/><T75/><D83/><U112/><E112/><V82/><F82/><W68/><G127/><T88/><D88/><U54/><E18/><V132/><F132/><W94/><G68/><T100/><D100/><U23/><E23/><V4/><F4/><N who="3" m="3079" /><G47/><T86/><D86/><U105/><E105/><V129/><F129/><W95/><G95/><T37/><D37/><U93/><E93/><V26/><F113/><W21/><G21/><T77/><D73/><U25/><REACH who="1" step="1"/><E54/><REACH who="1" ten="354,88,349,199" step="2"/><V78/><F78/><W48/><G55/><T108/><D108/><U135/><E135/><V107/><F107/><W45/><G63/><T87/><D75/><RYUUKYOKU ba="1,1" sc="354,10,88,10,349,-30,199,10" hai0="13,15,77,87,116,117,119" hai1="16,20,25,34,35,52,58,60,61,67,81,84,89" hai3="7,10,14,45,48,65,66,94,97,102" /><INIT seed="3,2,1,0,3,28" ten="364,98,319,209" oya="3" hai0="75,31,80,23,50,58,43,34,76,107,0,134,110" hai1="98,47,71,60,44,126,26,74,91,81,113,6,101" hai2="62,37,10,63,78,83,27,45,46,84,123,29,7" hai3="132,96,124,8,65,38,70,3,77,114,88,15,89"/><W22/><G38/><T103/><D0/><U112/><E126/><V115/><F115/><W127/><G114/><T94/><D107/><U54/><E6/><V36/><F123/><W32/><G77/><T93/><D34/><U131/><E131/><V87/><F84/><W86/><G132/><T59/><D134/><U135/><E135/><V41/><F46/><W13/><G3/><T14/><D110/><U18/><E71/><V17/><F17/><W2/><G2/><T9/><D23/><U55/><E113/><V111/><F36/><W125/><G65/><T52/><D31/><U97/><E112/><V102/><F102/><W73/><G73/><T106/><D43/><U11/><E74/><V33/><REACH who="2" step="1"/><F111/><REACH who="2" ten="364,98,309,209" step="2"/><W69/><G22/><T24/><D103/><U53/><E60/><V95/><F95/><N who="3" m="56423" /><G32/><T105/><D106/><U66/><E66/><V108/><F108/><W12/><G8/><T82/><D105/><U56/><E56/><V79/><F79/><W130/><G130/><T116/><D82/><AGARI ba="2,2" hai="12,13,15,69,70,82,86,89,124,125,127" m="56423" machi="82" ten="40,3900,0" yaku="18,1,54,1" doraHai="28" who="3" fromWho="0" sc="364,-45,98,0,309,0,209,65" /><INIT seed="3,3,0,2,4,75" ten="319,98,309,274" oya="3" hai0="34,132,104,20,27,21,79,62,65,105,14,28,13" hai1="123,126,23,77,98,2,99,122,37,97,88,33,80" hai2="135,25,63,87,42,66,12,54,89,125,90,68,124" hai3="109,64,39,117,84,3,0,115,47,9,95,108,73"/><W106/><G106/><T134/><D79/><U58/><E33/><V24/><F135/><N who="0" m="51754" /><D21/><U15/><E2/><V69/><F42/><N who="3" m="23007" /><G115/><T18/><D14/><U128/><E37/><V40/><F40/><W72/><G117/><T6/><D6/><U43/><E43/><V41/><F41/><W29/><G29/><T92/><D92/><U116/><E58/><AGARI ba="3,0" hai="13,18,20,27,28,34,58,62,65,104,105" m="51754" machi="58" ten="30,1000,0" yaku="20,1" doraHai="75" who="0" fromWho="1" sc="319,19,98,-19,309,0,274,0" owari="338,43.8,79,-42.1,309,10.9,274,-12.6" /></mjloggm>