<mjloggm ver="2.3"><GO type="225" lobby="0"/><UN n0="%E5%B6%BA%E4%B8%8A%E5%92%B2" n1="%E3%82%B3%E3%83%90%E3%83%AC%E3%82%A4" n2="%E7%99%BD%E5%80%89%E5%AF%9B%E4%B9%8B" n3="%E3%83%96%E3%83%83%E3%83%91%E3%82%AA%E3%83%96%E3%83%81%E3%82%AD%E3%83%B3" dan="16,16,16,16" rate="2102.42,2163.32,2120.06,2212.64" sx="F,M,M,M"/><TAIKYOKU oya="0"/><INIT seed="0,0,0,3,4,96" ten="250,250,250,250" oya="0" hai0="49,117,110,0,13,63,58,61,4,99,115,134,29" hai1="11,32,123,30,43,90,22,12,95,113,84,47,80" hai2="26,94,35,74,104,122,112,59,5,106,50,69,81" hai3="119,9,27,62,91,31,45,105,129,7,75,39,78"/><T70/><D115/><U65/><E123/><V55/><F69/><W25/><G119/><T23/><D117/><U126/><E113/><V135/><F112/><W86/><G129/><T44/><D134/><U41/><E32/><V132/><F122/><W77/><G105/><T100/><D0/><U82/><E126/><V67/><F67/><W57/><G39/><T1/><D1/><U24/><E65/><V131/><F5/><W76/><G45/><T53/><D110/><U87/><E47/><V133/><F131/><W97/><G97/><T21/><D70/><U2/><E2/><V103/><F94/><W107/><G107/><T101/><D63/><U72/><E72/><V68/><F68/><W60/><G75/><T128/><D128/><U18/><REACH who="1" step="1"/><E95/><REACH who="1" ten="250,240,250,250" step="2"/><V3/><F3/><W124/><G124/><T121/><D121/><U116/><E116/><V28/><REACH who="2" step="1"/><F103/><REACH who="2" ten="250,240,240,250" step="2"/><N who="0" m="39498" /><D99/><U108/><E108/><V8/><F8/><W19/><G9/><N who="0" m="4263" /><D29/><U120/><E120/><V130/><F130/><W17/><G31/><T98/><D98/><U6/><E6/><V85/><F85/><W125/><G7/><T89/><D89/><AGARI ba="0,2" hai="11,12,18,22,24,30,41,43,80,82,84,87,89,90" machi="89" ten="30,7700,0" yaku="1,1,7,1,9,1,8,1,53,0" doraHai="96" doraHaiUra="111" who="1" fromWho="0" sc="250,-77,240,97,240,0,250,0" /><INIT seed="1,0,0,4,1,54" ten="173,337,240,250" oya="1" hai0="103,126,93,13,132,35,85,134,100,88,83,114,113" hai1="39,24,52,94,17,112,12,22,32,97,116,133,121" hai2="115,91,34,56,80,92,127,31,98,62,60,131,68" hai3="119,104,99,74,75,3,84,107,15,19,110,130,16"/><U96/><E116/><V2/><F2/><W125/><G119/><T106/><D35/><U69/><E121/><V42/><F115/><N who="0" m="44042" /><D13/><U82/><E112/><V23/><F34/><W50/><G110/><T129/><D129/><U122/><E69/><V4/><F4/><W0/><G130/><T59/><D59/><U61/><E39/><V108/><F108/><W55/><G125/><T66/><D66/><U20/><E122/><V65/><F131/><W71/><G71/><T38/><D38/><U124/><E124/><V64/><F127/><W27/><G27/><T111/><D126/><U117/><E117/><V48/><F80/><W89/><G0/><T14/><D14/><U9/><E32/><V1/><F1/><W28/><G28/><T11/><D11/><U77/><E22/><V6/><F6/><W118/><G19/><T45/><D111/><U102/><E97/><V25/><REACH who="2" step="1"/><F48/><REACH who="2" ten="173,337,230,250" step="2"/><W46/><G3/><T33/><D33/><U57/><E133/><N who="0" m="51305" /><D106/><U101/><E9/><V43/><AGARI ba="0,1" hai="23,25,31,42,43,56,60,62,64,65,68,91,92,98" machi="43" ten="30,4000,0" yaku="1,1,0,1,52,1,53,0" doraHai="54" doraHaiUra="81" who="2" fromWho="2" sc="173,-10,337,-20,230,50,250,-10" /><INIT seed="2,0,0,3,0,75" ten="163,317,280,240" oya="2" hai0="29,63,132,0,88,5,9,105,109,111,91,18,118" hai1="42,92,96,80,26,35,93,6,99,56,54,22,27" hai2="117,31,39,40,3,110,86,85,94,25,102,127,101" hai3="115,51,107,28,106,134,60,20,121,87,89,11,82"/><V23/><F3/><W103/><G121/><T52/><D105/><U72/><E6/><V13/><F117/><W114/><G134/><T83/><D118/><U38/><E38/><V10/><F127/><W43/><G60/><T113/><D113/><N who="3" m="43017" /><G103/><T129/><D129/><U119/><E42/><V65/><F110/><N who="0" m="41994" /><D29/><U47/><E47/><V19/><F39/><W16/><G28/><T116/><D116/><U68/><E68/><V33/><F40/><W78/><G11/><T64/><D132/><U131/><E119/><V15/><F65/><W81/><G51/><T73/><D18/><U128/><E35/><V58/><F58/><W95/><G43/><T125/><D125/><U130/><E22/><V90/><REACH who="2" step="1"/><F86/><REACH who="2" ten="163,317,270,240" step="2"/><N who="3" m="52663" /><G82/><T17/><D64/><U71/><E71/><V1/><F1/><W2/><G2/><T7/><D7/><AGARI ba="0,1" hai="7,10,13,15,19,23,25,31,33,85,90,94,101,102" machi="7" ten="30,2900,0" yaku="1,1,7,1,53,0" doraHai="75" doraHaiUra="104" who="2" fromWho="0" sc="163,-29,317,0,270,39,240,0" /><INIT seed="2,1,0,1,5,42" ten="134,317,309,240" oya="2" hai0="12,74,8,36,67,102,33,94,65,64,60,124,29" hai1="84,25,61,118,117,22,100,43,14,81,101,35,98" hai2="56,57,21,30,80,125,66,97,88,87,3,47,53" hai3="76,23,110,68,111,62,5,26,40,49,77,4,121"/><V99/><F3/><W6/><G121/><T134/><D74/><U103/><E35/><V17/><F30/><W104/><G104/><T32/><D36/><U44/><E98/><N who="2" m="37387" /><F66/><W129/><G129/><T79/><D134/><U59/><E118/><V73/><F73/><W105/><G105/><T130/><D130/><U78/><E117/><V127/><F125/><W112/><G112/><T135/><D124/><U122/><E122/><V19/><F127/><W133/><G133/><T0/><D135/><U51/><E14/><N who="2" m="9399" /><F19/><W63/><G68/><T39/><D0/><U114/><E114/><V75/><F75/><W92/><G110/><T46/><D79/><N who="3" m="30281" /><G111/><T7/><D102/><U2/><E2/><V91/><F91/><W109/><G109/><T86/><D29/><N who="1" m="17591" /><E103/><V16/><F16/><N who="3" m="12647" /><G92/><T116/><D116/><U69/><E69/><V58/><F47/><AGARI ba="1,0" hai="4,5,6,40,47,49,62,63" m="12647,30281" machi="47" ten="30,3900,0" yaku="8,1,52,1,54,1" doraHai="42" who="3" fromWho="2" sc="134,0,317,0,309,-42,240,42" /><INIT seed="3,0,0,4,0,28" ten="134,317,267,282" oya="3" hai0="60,5,43,118,74,76,65,25,39,1,116,23,42" hai1="81,2,111,6,63,47,4,78,19,125,41,98,52" hai2="117,130,20,106,132,9,21,84,90,105,126,122,86" hai3="82,62,37,36,68,45,100,35,124,40,58,110,93"/><W87/><G35/><T113/><D113/><U99/><E125/><V22/><F117/><W107/><G124/><T3/><D23/><U121/><E121/><V92/><F126/><W120/><G120/><T112/><D25/><U104/><E104/><V64/><F122/><W80/><G110/><T32/><D112/><U7/><E2/><V24/><F130/><W72/><G68/><T51/><D51/><U38/><E111/><V10/><F132/><W59/><G37/><T66/><D66/><U134/><E19/><V27/><F64/><W17/><G17/><T83/><D43/><U30/><E30/><V115/><F115/><W70/><G70/><T55/><D55/><U71/><E134/><V75/><F75/><W95/><G59/><T13/><D13/><U29/><E29/><V11/><REACH who="2" step="1"/><F86/><REACH who="2" ten="134,317,257,282" step="2"/><W53/><G72/><T127/><D127/><U85/><E71/><V57/><F57/><W33/><G33/><T0/><D32/><U102/><E85/><V16/><F16/><W89/><REACH who="3" step="1"/><G107/><AGARI ba="0,1" hai="9,10,11,20,21,22,24,27,84,90,92,105,106,107" machi="107" ten="50,1600,0" yaku="1,1,53,0" doraHai="28" doraHaiUra="12" who="2" fromWho="3" sc="134,0,317,0,257,26,282,-16" owari="134,-36.6,317,41.7,283,8.3,266,-13.4" /></mjloggm>