<mjloggm ver="2.3"><GO type="225" lobby="0"/><UN n0="%E5%91%A8%E6%9D%B1" n1="%E7%99%BD%E5%80%89%E5%AF%9B%E4%B9%8B" n2="%E3%83%96%E3%83%83%E3%83%91%E3%82%AA%E3%83%96%E3%83%81%E3%82%AD%E3%83%B3" n3="%E3%82%A4%E3%83%BC%E3%82%B1%E3%83%97%E3%83%A9" dan="16,16,17,16" rate="2215.98,2181.82,2162.65,2093.18" sx="M,M,M,M"/><TAIKYOKU oya="0"/><INIT seed="0,0,0,1,5,56" ten="250,250,250,250" oya="0" hai0="114,1,35,61,57,122,112,20,4,55,115,104,69" hai1="101,51,76,77,66,30,37,88,89,132,134,34,91" hai2="96,129,68,38,32,36,118,31,13,21,99,2,43" hai3="117,29,84,11,41,46,10,82,131,17,22,33,109"/><T48/><D122/><U97/><E37/><V54/><F129/><W92/><G117/><T116/><D116/><U123/><E123/><V14/><F118/><W9/><G131/><T49/><D35/><U75/><E51/><V0/><F68/><W71/><G71/><T111/><D104/><U50/><E50/><V52/><F32/><W126/><G109/><T42/><D111/><U130/><E130/><V40/><REACH who="2" step="1"/><F21/><REACH who="2" ten="250,250,240,250" step="2"/><W79/><G33/><T67/><D20/><U105/><E34/><V18/><F18/><W113/><G17/><T106/><D106/><U103/><E30/><AGARI ba="0,1" hai="0,2,13,14,30,31,36,38,40,43,52,54,96,99" machi="30" ten="25,6400,0" yaku="1,1,22,2,54,1,53,0" doraHai="56" doraHaiUra="3" who="2" fromWho="1" sc="250,0,250,-64,240,74,250,0" /><INIT seed="1,0,0,5,4,6" ten="250,186,314,250" oya="1" hai0="120,69,91,92,119,117,8,14,41,83,18,48,78" hai1="108,131,49,99,5,73,93,47,17,32,96,34,62" hai2="124,134,54,85,31,63,55,40,130,121,88,97,106" hai3="12,33,20,109,116,125,25,53,103,56,21,44,68"/><U84/><E73/><V111/><F121/><W60/><G109/><T70/><D120/><U29/><E108/><V59/><F111/><W82/><G125/><T76/><D69/><U87/><E131/><V81/><F124/><W7/><G116/><T4/><D70/><U52/><E96/><V74/><F130/><W100/><G33/><T15/><D41/><U94/><E94/><V77/><F134/><W98/><G68/><T118/><D48/><U123/><E123/><V89/><F40/><W10/><G82/><T23/><REACH who="0" step="1"/><D83/><REACH who="0" ten="240,186,314,250" step="2"/><U95/><E62/><V105/><F31/><W38/><G38/><T46/><D46/><U113/><E113/><V9/><F81/><W57/><G44/><T30/><D30/><U107/><E107/><V135/><F59/><W13/><G57/><T24/><D24/><U127/><E127/><V22/><F63/><W128/><G128/><T11/><D11/><U67/><E95/><V27/><F27/><W112/><G112/><T126/><D126/><U39/><E39/><V86/><F9/><W61/><G60/><T80/><D80/><U133/><E29/><V110/><F110/><W45/><G45/><T65/><D65/><U19/><E67/><V0/><F106/><W64/><G64/><T79/><D79/><U42/><E42/><V58/><F77/><W28/><G61/><T51/><D51/><U37/><E37/><V104/><F58/><W26/><G56/><T36/><D36/><U132/><E49/><V114/><F105/><W102/><G28/><T72/><D72/><U50/><E50/><V122/><F74/><RYUUKYOKU ba="0,1" sc="240,30,186,-10,314,-10,250,-10" hai0="4,8,14,15,18,23,76,78,91,92,117,118,119" /><INIT seed="2,1,1,2,1,86" ten="270,176,304,240" oya="2" hai0="58,128,70,56,40,47,29,87,24,4,43,11,36" hai1="89,19,6,71,122,115,18,107,0,120,88,32,14" hai2="125,106,21,80,59,102,61,118,84,53,1,124,28" hai3="93,26,39,85,22,55,73,8,38,37,82,79,78"/><V63/><F118/><W2/><G55/><T94/><D70/><U91/><E71/><V99/><F1/><W9/><G2/><T23/><D128/><U45/><E115/><V100/><F100/><W64/><G64/><T74/><D74/><U135/><E135/><V62/><F28/><W69/><G69/><T44/><D94/><U117/><E117/><V116/><F21/><W129/><G129/><T12/><REACH who="0" step="1"/><D87/><REACH who="0" ten="260,176,304,240" step="2"/><U67/><E107/><V3/><F116/><W77/><G93/><T34/><D34/><U13/><E32/><V76/><REACH who="2" step="1"/><F3/><REACH who="2" ten="260,176,294,240" step="2"/><W90/><REACH who="3" step="1"/><G73/><REACH who="3" ten="260,176,294,230" step="2"/><T51/><AGARI ba="1,4" hai="4,11,12,23,24,29,36,40,43,44,47,51,56,58" machi="51" ten="20,2700,0" yaku="1,1,0,1,7,1,53,0" doraHai="86" doraHaiUra="104" who="0" fromWho="0" sc="260,70,176,-8,294,-14,230,-8" /><INIT seed="3,0,0,4,3,97" ten="330,168,280,222" oya="3" hai0="106,58,78,89,44,113,4,21,52,115,36,125,41" hai1="132,59,101,117,74,107,86,82,64,73,57,66,109" hai2="133,48,33,43,75,110,102,103,40,24,49,26,128" hai3="16,131,18,17,47,129,71,35,96,25,81,77,20"/><W32/><G71/><T1/><D125/><U9/><E109/><V72/><F33/><N who="3" m="12875" /><G47/><T91/><D106/><U67/><E132/><V85/><F110/><W130/><G96/><T92/><D78/><U123/><E123/><V105/><F105/><W108/><G108/><T65/><D65/><U134/><E134/><V118/><F133/><W7/><G7/><T50/><D21/><U22/><E117/><V122/><F122/><W13/><G13/><T37/><D37/><U0/><E22/><V114/><F118/><W53/><G53/><T61/><D36/><U120/><E120/><V80/><F114/><N who="0" m="43530" /><D92/><U69/><E69/><V119/><F119/><W56/><G56/><T23/><D23/><U70/><E70/><V28/><F75/><AGARI ba="0,0" hai="16,17,18,20,25,75,77,81,129,130,131" m="12875" machi="75" ten="40,3900,0" yaku="19,1,54,1" doraHai="97" who="3" fromWho="2" sc="330,0,168,0,280,-39,222,39" /><INIT seed="3,1,0,3,1,101" ten="330,168,241,261" oya="3" hai0="10,12,108,47,39,63,60,71,45,1,123,16,53" hai1="65,77,120,132,69,55,25,26,11,79,14,3,70" hai2="6,29,57,83,15,116,20,59,80,82,95,24,94" hai3="17,58,135,31,28,41,66,99,130,111,19,36,86"/><W96/><G36/><T119/><D123/><U40/><E3/><V43/><F116/><W9/><G41/><T129/><D119/><U33/><E120/><V113/><F113/><W27/><G130/><T98/><D129/><U68/><E65/><V93/><F43/><W35/><G135/><T13/><D1/><U90/><E132/><V112/><F112/><W103/><G111/><T124/><D108/><U134/><E134/><V76/><F76/><W32/><G86/><T89/><D124/><U73/><E40/><V52/><F52/><W81/><G81/><T127/><D127/><U8/><E55/><V110/><F110/><W97/><G103/><T105/><D89/><U102/><E102/><V62/><F62/><W44/><G44/><T122/><D122/><U22/><E90/><V48/><F48/><W85/><G85/><T72/><D63/><U0/><E0/><V30/><F30/><W42/><G42/><T126/><D60/><U67/><E67/><V37/><F37/><W117/><G117/><T91/><D53/><U92/><E92/><V109/><F109/><W125/><G125/><T78/><D45/><U87/><E87/><V54/><F54/><W74/><G74/><T7/><D72/><U56/><E56/><V84/><F84/><W118/><G118/><T104/><D47/><U23/><E33/><N who="3" m="12874" /><G58/><T64/><D39/><U128/><E128/><V21/><F59/><W18/><G66/><T115/><D64/><U2/><E70/><V50/><F57/><W106/><G106/><T114/><D126/><U4/><E69/><V5/><F50/><RYUUKYOKU ba="1,0" sc="330,-10,168,-10,241,30,261,-10" hai2="5,6,15,20,21,24,29,80,82,83,93,94,95" owari="320,42.0,158,-34.2,271,7.1,251,-14.9" /></mjloggm>