<mjloggm ver="2.3"><GO type="225" lobby="0"/><UN n0="%33%74%72%65%65" n1="%E3%81%8B%E3%82%8F%E3%81%A1%E3%82%83%E3%82%93%35%38" n2="%E3%81%BF%E3%81%BF%E3%81%9A" n3="%E6%9C%88%E5%B3%B6%E5%9F%BA" dan="16,16,17,17" rate="2094.96,2157.06,2197.97,2186.83" sx="F,M,M,M"/><TAIKYOKU oya="0"/><INIT seed="0,0,0,2,4,97" ten="250,250,250,250" oya="0" hai0="91,35,24,18,25,99,29,70,79,63,22,77,5" hai1="38,59,89,27,71,46,132,109,126,115,60,40,26" hai2="61,112,66,110,30,131,135,50,65,6,44,134,76" hai3="78,88,119,56,83,21,114,84,33,14,108,49,117"/><T13/><D70/><U64/><E109/><V28/><F112/><W85/><G33/><T127/><D127/><U120/><E120/><V118/><F110/><W7/><G114/><T8/><D63/><U20/><E115/><V0/><F118/><W116/><G108/><T2/><D25/><U90/><E126/><V121/><F121/><W10/><G21/><T98/><D91/><U31/><E132/><N who="2" m="50731" /><F76/><AGARI ba="0,0" hai="2,5,8,13,18,22,24,29,35,76,77,79,98,99" machi="76" ten="40,3900,0" yaku="24,2" doraHai="97" who="0" fromWho="2" sc="250,39,250,0,250,-39,250,0" /><INIT seed="0,1,0,2,4,59" ten="289,250,211,250" oya="0" hai0="108,119,134,109,79,125,74,19,85,91,33,49,31" hai1="107,37,8,5,97,32,127,87,15,64,84,50,7" hai2="6,67,94,102,42,104,111,122,114,58,65,89,70" hai3="98,38,78,77,86,115,16,1,40,68,54,103,47"/><T45/><D119/><U0/><E37/><V130/><F122/><W61/><G115/><T120/><D120/><U26/><E127/><V96/><F114/><W44/><G1/><T51/><D125/><U23/><E32/><V112/><F112/><W71/><G47/><T21/><D134/><U118/><E118/><V4/><F111/><N who="0" m="42570" /><D74/><U95/><E107/><V90/><F130/><W128/><G128/><T57/><D79/><U83/><E64/><V12/><F42/><W25/><G71/><T14/><D57/><U133/><E133/><V24/><F70/><W29/><G86/><T9/><D33/><U63/><E50/><N who="0" m="18953" /><D45/><U53/><E84/><V92/><F104/><W99/><G77/><T116/><D116/><U3/><E87/><V80/><F80/><W62/><G78/><T73/><D73/><U132/><E83/><V124/><F124/><W39/><G68/><T52/><D52/><U106/><E53/><V126/><F126/><W72/><G72/><T100/><D100/><U48/><E48/><V88/><F94/><W66/><G39/><T110/><N who="0" m="42578" /><T22/><DORA hai="117" /><D31/><N who="1" m="17887" /><E132/><V76/><F76/><W131/><G131/><T27/><D27/><U123/><E123/><V56/><F24/><W82/><G29/><T36/><D36/><U46/><E46/><V101/><F102/><W13/><G25/><T34/><D34/><U18/><E106/><V28/><F28/><W20/><G103/><T135/><D135/><U30/><E30/><V69/><F69/><N who="3" m="42191" /><G82/><AGARI ba="1,0" hai="9,14,19,21,22,82,85,91" m="18953,42578" machi="82" ten="40,3900,0" yaku="14,1,10,1" doraHai="59,117" who="0" fromWho="3" sc="289,42,250,0,211,0,250,-42" /><INIT seed="0,2,0,2,1,48" ten="331,250,211,208" oya="0" hai0="38,46,86,14,21,55,5,79,108,41,103,120,100" hai1="135,96,29,91,51,92,19,112,101,44,59,98,71" hai2="124,61,83,8,117,35,31,22,88,134,99,47,7" hai3="102,27,85,32,105,25,60,56,58,104,80,129,10"/><T68/><D120/><U118/><E71/><V114/><F114/><W75/><G75/><T70/><D108/><U43/><E118/><V9/><F117/><W131/><G10/><T125/><D125/><U11/><E135/><V39/><F35/><W78/><G58/><T95/><D55/><U0/><E112/><V42/><F134/><W3/><G3/><T40/><D40/><U53/><E29/><V106/><F124/><W76/><G76/><T119/><D119/><U63/><E0/><V57/><F106/><N who="3" m="41067" /><G102/><T73/><D73/><U6/><E6/><V90/><F99/><W109/><G32/><T74/><D74/><U20/><E11/><V13/><F83/><W77/><G77/><T128/><D100/><U54/><E96/><V26/><REACH who="2" step="1"/><F9/><REACH who="2" ten="331,250,201,208" step="2"/><W37/><G109/><T107/><D107/><U127/><E127/><V45/><F45/><W84/><G129/><T62/><D46/><U94/><E94/><V4/><F4/><W52/><G131/><T123/><D5/><U28/><E101/><V121/><F121/><W72/><G80/><T33/><D95/><U50/><E98/><V116/><F116/><W132/><G132/><T110/><D123/><U122/><E122/><V82/><F82/><N who="3" m="47191" /><G72/><T93/><D93/><U89/><E92/><V133/><F133/><W34/><G34/><T69/><D128/><U97/><E97/><V18/><F18/><W65/><G85/><T17/><D103/><U49/><E28/><V16/><F16/><W111/><G111/><T87/><D110/><U36/><E19/><V115/><F115/><W64/><G37/><RYUUKYOKU ba="2,1" sc="331,-15,250,-15,201,15,208,15" hai2="7,8,13,22,26,31,39,42,47,57,61,88,90" hai3="25,27,52,56,60,64,65" /><INIT seed="1,3,1,5,3,87" ten="316,235,216,223" oya="1" hai0="105,104,22,135,40,100,16,95,98,69,30,133,63" hai1="39,66,47,48,4,114,94,45,65,112,127,75,42" hai2="134,103,68,108,91,86,38,79,123,78,50,41,14" hai3="8,125,76,32,70,82,92,25,90,113,121,129,1"/><U31/><E75/><V115/><F123/><W62/><G113/><N who="1" m="43626" /><E94/><V52/><F68/><W81/><G121/><T58/><D69/><U83/><E83/><N who="2" m="49631" /><F38/><W9/><G125/><T53/><D30/><U85/><E85/><V33/><F33/><W28/><G129/><T23/><D40/><N who="1" m="22687" /><E4/><V5/><F41/><W102/><G102/><T96/><D23/><U72/><E72/><V131/><F115/><W6/><G9/><T17/><D17/><U80/><E80/><V111/><F131/><W120/><G120/><T130/><D130/><U74/><E74/><V93/><F134/><N who="0" m="51210" /><D98/><U49/><E31/><V12/><F111/><W67/><REACH who="3" step="1"/><G76/><REACH who="3" ten="316,235,216,213" step="2"/><N who="2" m="29225" /><F108/><W34/><G34/><T124/><D124/><U110/><E127/><V88/><F103/><W0/><G0/><T56/><D104/><U119/><E110/><V106/><F106/><W64/><G64/><N who="1" m="24682" /><E119/><V24/><F5/><W118/><G118/><T117/><D117/><U109/><E109/><V97/><F24/><W19/><G19/><T51/><D105/><U36/><AGARI ba="3,2" hai="36,42,47,48,49" m="24682,22687,43626" machi="36" ten="30,3000,0" yaku="34,2" doraHai="87" who="1" fromWho="1" sc="316,-13,235,59,216,-13,213,-13" /><INIT seed="1,4,0,5,4,103" ten="303,294,203,200" oya="1" hai0="118,38,5,128,61,53,100,93,36,132,76,71,120" hai1="126,25,111,58,124,45,28,11,9,31,74,99,86" hai2="49,48,80,43,62,119,109,97,102,32,19,117,7" hai3="133,56,72,2,116,6,70,50,12,21,10,113,67"/><U127/><E74/><V95/><F32/><W88/><G113/><T101/><D118/><U91/><E111/><V59/><F109/><W79/><G116/><T30/><D132/><U114/><E114/><V82/><F117/><W51/><G133/><T52/><D128/><U55/><E45/><V41/><F119/><W63/><G72/><T112/><D112/><U104/><E99/><V131/><F131/><W35/><G35/><T4/><D120/><U108/><E108/><V27/><F7/><W83/><G79/><T130/><D76/><U106/><E9/><V24/><F48/><N who="3" m="18475" /><G70/><T110/><D110/><U34/><E28/><V96/><F96/><W18/><G2/><T98/><D130/><U16/><E58/><V134/><F134/><W122/><G122/><T78/><D78/><U20/><E55/><V15/><F82/><W135/><G135/><T87/><D30/><U90/><E11/><N who="2" m="6655" /><F80/><W77/><G77/><T29/><D71/><U66/><E66/><N who="2" m="39263" /><F49/><W125/><G6/><T69/><D5/><U37/><E37/><V23/><F27/><W107/><G10/><T26/><D4/><U89/><E86/><V13/><F13/><AGARI ba="4,0" hai="13,16,20,25,31,34,89,90,91,104,106,124,126,127" machi="13" ten="50,12000,1" yaku="18,1,52,2,54,1" doraHai="103" who="1" fromWho="2" sc="303,0,294,132,203,-132,200,0" /><INIT seed="1,5,0,3,1,52" ten="303,426,71,200" oya="1" hai0="98,40,10,11,62,28,108,133,50,100,12,53,87" hai1="77,15,117,118,124,38,64,60,120,78,97,90,94" hai2="129,25,37,103,34,113,65,57,13,92,19,82,32" hai3="59,102,1,109,68,119,47,48,0,39,114,30,6"/><U91/><E38/><V106/><F37/><W86/><G114/><T111/><D133/><U83/><E120/><V56/><F113/><W51/><G68/><T76/><D28/><U135/><E135/><V104/><F82/><W14/><G39/><T95/><D62/><U49/><E124/><V99/><F129/><W44/><G109/><T126/><D126/><U128/><E128/><V116/><F116/><W134/><G134/><T21/><D40/><U85/><E49/><V80/><F80/><W20/><G1/><T17/><D76/><U3/><E3/><V101/><F65/><W71/><G71/><T43/><D43/><U42/><E42/><V36/><F36/><W105/><G0/><T9/><REACH who="0" step="1"/><D87/><REACH who="0" ten="293,426,71,200" step="2"/><U89/><E78/><V16/><F25/><W115/><G30/><T75/><D75/><U61/><E61/><V26/><F26/><W5/><G86/><T72/><D72/><U81/><E118/><V127/><F127/><W41/><G41/><T110/><D110/><U70/><E117/><V121/><F121/><W132/><G115/><T33/><D33/><U35/><E35/><V7/><F13/><W18/><G14/><T46/><AGARI ba="5,1" hai="9,10,11,12,17,21,46,50,53,95,98,100,108,111" machi="46" ten="30,2000,0" yaku="1,1,0,1,53,0" doraHai="52" doraHaiUra="112" who="0" fromWho="0" sc="293,45,426,-15,71,-10,200,-10" /><INIT seed="2,0,0,0,0,91" ten="338,411,61,190" oya="2" hai0="41,7,112,105,115,42,48,37,9,76,33,107,57" hai1="95,49,93,97,94,65,11,79,125,34,70,44,8" hai2="133,51,132,54,4,28,73,46,109,85,25,123,90" hai3="77,102,53,24,63,135,39,82,106,0,98,6,80"/><V84/><F123/><W108/><G108/><T67/><D33/><U87/><E34/><V86/><F73/><W134/><G39/><T118/><D76/><U71/><E71/><V56/><F4/><W114/><G114/><T36/><D9/><U62/><E125/><V32/><F109/><W50/><G63/><T40/><D7/><U15/><E97/><V101/><F101/><W104/><G104/><T23/><D23/><U20/><E20/><V116/><F116/><W58/><G24/><T22/><D22/><U127/><E127/><V117/><F117/><W3/><G82/><T78/><D78/><U113/><E113/><N who="0" m="43593" /><D105/><U120/><E120/><V119/><F119/><W122/><G122/><T13/><D13/><U121/><E121/><V75/><F75/><N who="3" m="43071" /><G6/><T26/><D26/><U12/><E12/><V14/><F14/><W61/><G50/><T100/><D100/><U30/><E30/><V110/><F110/><W111/><G111/><T129/><D107/><U81/><REACH who="1" step="1"/><E15/><REACH who="1" ten="338,401,61,190" step="2"/><V47/><REACH who="2" step="1"/><F90/><REACH who="2" ten="338,401,51,190" step="2"/><W2/><G2/><T124/><D118/><U55/><AGARI ba="0,2" hai="8,11,44,49,55,62,65,70,79,81,87,93,94,95" machi="55" ten="30,12000,2" yaku="1,1,2,1,0,1,52,3,53,0" doraHai="91" doraHaiUra="99" who="1" fromWho="1" sc="338,-30,401,140,51,-60,190,-30" owari="308,10.8,541,64.1,-9,-50.9,160,-24.0" /></mjloggm>