<mjloggm ver="2.3"><GO type="225" lobby="0"/><UN n0="%E6%9C%88%E5%B3%B6%E5%9F%BA" n1="%E6%81%A5%E6%99%92%E3%81%97" n2="%E3%83%A9%E3%82%B9%E7%8E%87%EF%BC%93%E5%89%B2" n3="%E3%82%B3%E3%83%90%E3%83%AC%E3%82%A4" dan="16,16,17,16" rate="2133.76,2130.00,2200.09,2162.56" sx="M,M,F,M"/><TAIKYOKU oya="0"/><INIT seed="0,0,0,5,5,53" ten="250,250,250,250" oya="0" hai0="108,84,70,55,92,9,26,20,10,63,107,15,85" hai1="65,122,13,64,69,46,129,29,24,89,115,61,32" hai2="54,0,1,88,6,66,57,18,50,17,130,35,134" hai3="4,121,91,47,71,21,83,105,116,19,3,48,113"/><T37/><D107/><U25/><E122/><V79/><F35/><W2/><G71/><T101/><D37/><U94/><E129/><V38/><F38/><W80/><G105/><T67/><D108/><U33/><E115/><V112/><F112/><W111/><G113/><T28/><D55/><U22/><E46/><V68/><F79/><W109/><G121/><T104/><D104/><U58/><E13/><V133/><F130/><W59/><G116/><T42/><D42/><U56/><E33/><V120/><F120/><W45/><G4/><T81/><D15/><U119/><E119/><V78/><F78/><W96/><G96/><T82/><D92/><U74/><E74/><V40/><F40/><W76/><G76/><T73/><D101/><U34/><E34/><V5/><F68/><W62/><G91/><T98/><D98/><U102/><E102/><V23/><F18/><W41/><G47/><T27/><D73/><U103/><E103/><V12/><F66/><N who="3" m="39263" /><G2/><T99/><D99/><U51/><E51/><V110/><F110/><N who="3" m="41995" /><G3/><T97/><D97/><U123/><E123/><V11/><REACH who="2" step="1"/><F88/><REACH who="2" ten="250,250,240,250" step="2"/><W106/><G106/><T125/><D70/><U127/><E65/><V135/><F135/><W118/><G118/><T124/><D84/><U128/><E128/><V16/><F16/><W90/><G90/><T43/><D85/><U117/><E117/><V52/><F52/><W31/><G31/><T60/><D28/><N who="1" m="17431" /><E69/><V126/><F126/><W14/><AGARI ba="0,1" hai="14,19,21,41,45,48,80,83" m="41995,39263" machi="14" ten="30,2000,0" yaku="14,1,52,1" doraHai="53" who="3" fromWho="3" sc="250,-10,250,-5,240,-5,250,30" /><INIT seed="1,0,0,4,3,120" ten="240,245,235,280" oya="1" hai0="34,98,36,48,40,129,80,62,109,113,75,57,132" hai1="60,78,131,121,104,107,70,126,30,67,47,44,21" hai2="123,105,39,19,127,63,20,128,77,14,108,23,118" hai3="88,111,71,87,85,66,68,43,56,76,79,2,9"/><U86/><E121/><V8/><F105/><W11/><G43/><T130/><D34/><U50/><E126/><V0/><F39/><W92/><G2/><T61/><D113/><U72/><E72/><V81/><F118/><W55/><G71/><T134/><D98/><U1/><E1/><V100/><F100/><W102/><G102/><T46/><D80/><U53/><E131/><N who="0" m="50185" /><D75/><U117/><E117/><V94/><F94/><W135/><G135/><N who="0" m="51755" /><D109/><U5/><E5/><V83/><F81/><W7/><G111/><T54/><AGARI ba="0,0" hai="36,40,46,48,54,57,61,62" m="51755,50185" machi="54" ten="40,8000,1" yaku="19,1,20,1,34,2" doraHai="120" who="0" fromWho="0" sc="240,80,245,-40,235,-20,280,-20" /><INIT seed="2,0,0,5,5,74" ten="320,205,215,260" oya="2" hai0="57,5,135,12,19,14,27,120,131,24,80,2,114" hai1="54,97,53,93,87,107,132,66,22,47,79,39,108" hai2="1,83,92,124,60,119,70,31,61,44,6,8,48" hai3="129,28,84,18,30,4,68,63,11,128,64,7,65"/><V134/><F119/><W10/><G84/><T99/><D120/><U72/><E108/><V89/><F134/><W101/><G101/><T95/><D2/><U100/><E132/><V34/><F124/><W81/><G81/><T94/><D114/><U130/><E130/><V98/><F70/><W82/><G82/><T37/><D37/><U55/><E66/><V91/><F31/><W50/><G68/><T105/><D105/><U71/><E71/><V111/><F34/><W21/><G50/><T85/><D131/><U17/><E39/><V127/><F127/><W115/><G21/><N who="0" m="11495" /><D57/><U13/><E72/><V43/><F111/><W41/><G18/><T49/><D49/><U35/><E35/><V121/><F121/><W58/><G58/><T9/><D135/><U42/><E42/><V16/><F91/><W116/><G41/><T109/><D109/><U102/><E102/><V67/><F67/><W62/><REACH who="3" step="1"/><G116/><REACH who="3" ten="320,205,215,250" step="2"/><T126/><D126/><U40/><E40/><V75/><REACH who="2" step="1"/><F16/><REACH who="2" ten="320,205,205,250" step="2"/><W106/><G106/><T86/><D27/><U33/><E107/><V51/><F51/><W88/><G88/><T96/><D24/><U0/><E17/><V45/><F45/><W52/><G52/><N who="1" m="13314" /><U76/><DORA hai="69" /><E47/><V78/><AGARI ba="0,2" hai="1,6,8,43,44,48,60,61,75,78,83,89,92,98" machi="78" ten="30,12000,1" yaku="1,1,0,1,52,1,53,2" doraHai="74,69" doraHaiUra="59,110" who="2" fromWho="2" sc="320,-40,205,-40,205,140,250,-40" /><INIT seed="2,1,0,4,0,88" ten="280,165,345,210" oya="2" hai0="97,79,48,54,17,24,69,67,10,35,84,109,44" hai1="133,115,86,110,64,50,101,23,34,61,25,20,18" hai2="37,107,9,82,13,103,4,49,59,117,14,73,108" hai3="52,11,90,65,7,131,70,56,57,122,99,113,5"/><V31/><F117/><W123/><G113/><T45/><D109/><U19/><E115/><V78/><F108/><W112/><G112/><T102/><D69/><U80/><E110/><V43/><F31/><W128/><G70/><T111/><D111/><U87/><E133/><V72/><F72/><W22/><G22/><T51/><D67/><U3/><E3/><N who="2" m="159" /><F59/><W0/><G5/><T119/><D119/><U36/><E36/><V81/><F81/><W105/><G65/><T85/><D79/><U29/><E34/><V33/><F49/><W104/><G57/><T58/><D58/><U55/><E64/><V127/><F127/><W60/><G104/><T106/><D10/><U40/><E61/><V95/><F107/><W75/><G75/><T53/><D17/><U129/><E29/><AGARI ba="1,0" hai="24,29,35,44,45,48,51,53,54,84,85,97,102,106" machi="29" ten="40,1300,0" yaku="9,1" doraHai="88" who="0" fromWho="1" sc="280,16,165,-16,345,0,210,0" /><INIT seed="3,0,0,3,0,107" ten="296,149,345,210" oya="3" hai0="7,80,0,9,65,91,18,104,51,20,112,39,4" hai1="30,38,84,40,126,133,59,31,67,127,79,64,89" hai2="14,42,55,66,5,29,117,83,17,48,50,13,109" hai3="103,116,121,57,69,70,60,99,101,92,75,93,119"/><W128/><G121/><T90/><D39/><U98/><E38/><V68/><F68/><W87/><G128/><T58/><D104/><U32/><E40/><V25/><F66/><W21/><G119/><T1/><D112/><U47/><E47/><V106/><F106/><W2/><G2/><T33/><D33/><U35/><E98/><V85/><F109/><W6/><G6/><T96/><D96/><U113/><E113/><V105/><F105/><W36/><G36/><T52/><D65/><U46/><E46/><N who="2" m="25687" /><F29/><W134/><G75/><T135/><D135/><U118/><E59/><V125/><F125/><W41/><G41/><T110/><D110/><U124/><E79/><V62/><F62/><W54/><G134/><T3/><D80/><U15/><E133/><V82/><F82/><W56/><G116/><T12/><REACH who="0" step="1"/><D7/><REACH who="0" ten="286,149,345,210" step="2"/><U72/><E118/><V78/><F5/><W49/><G103/><T34/><D34/><N who="1" m="12843" /><E15/><AGARI ba="0,1" hai="0,1,3,4,9,12,15,18,20,51,52,58,90,91" machi="15" ten="40,2600,0" yaku="1,1,54,1,53,0" doraHai="107" doraHaiUra="108" who="0" fromWho="1" sc="286,36,149,-26,345,0,210,0" owari="322,12.2,123,-37.7,345,44.5,210,-19.0" /></mjloggm>