<mjloggm ver="2.3"><GO type="225" lobby="0"/><UN n0="%E6%98%93%E5%88%A9%E8%96%A9%E4%BC%AF" n1="%72%65%6E%6B%75%6E" n2="%E5%91%89%E5%AF%8C%E6%98%A5" n3="%E9%B4%A8%4E%45%47%49" dan="17,17,16,16" rate="2176.35,2250.81,2115.73,2055.01" sx="F,M,M,M"/><TAIKYOKU oya="0"/><INIT seed="0,0,0,1,4,112" ten="250,250,250,250" oya="0" hai0="77,39,1,23,123,75,26,125,17,35,66,120,95" hai1="71,29,117,27,32,11,13,128,115,64,70,50,106" hai2="0,63,86,43,10,94,25,15,129,107,37,19,114" hai3="46,22,127,2,49,61,54,47,116,101,131,84,68"/><T73/><D39/><U20/><E117/><V72/><F114/><W89/><G2/><T104/><D104/><U132/><E115/><V36/><F129/><W45/><G131/><T16/><D1/><U74/><E128/><V99/><F72/><W81/><G127/><T38/><D38/><U24/><E106/><V59/><F43/><W134/><G134/><T122/><D125/><U133/><E74/><V33/><F107/><W96/><G116/><T83/><D35/><U90/><E90/><V62/><F86/><W6/><G6/><T52/><D75/><U126/><E50/><V69/><F69/><W121/><G121/><T88/><D66/><U85/><E85/><V3/><F3/><W113/><G113/><T102/><D102/><U41/><E41/><V40/><F40/><W58/><G68/><T12/><D52/><U4/><E126/><V87/><F87/><W78/><G22/><T105/><D105/><U53/><E53/><V34/><F62/><W7/><G7/><T110/><D110/><U14/><E14/><V56/><F56/><W21/><G21/><T108/><D108/><U135/><REACH who="1" step="1"/><E64/><REACH who="1" ten="250,240,250,250" step="2"/><N who="2" m="39039" /><F0/><W8/><G89/><T93/><REACH who="0" step="1"/><D88/><REACH who="0" ten="240,240,250,250" step="2"/><U130/><E130/><V97/><F36/><W119/><G119/><T91/><D91/><U109/><E109/><V98/><F37/><W42/><G8/><AGARI ba="0,2" hai="8,12,16,17,23,26,73,77,83,93,95,120,122,123" machi="8" ten="40,3900,0" yaku="1,1,54,1,53,0" doraHai="112" doraHaiUra="100" who="0" fromWho="3" sc="240,59,240,0,250,0,250,-39" /><INIT seed="0,1,0,0,4,53" ten="299,240,250,211" oya="0" hai0="17,21,78,118,28,132,50,0,131,5,41,92,63" hai1="91,23,125,97,122,129,75,134,60,83,11,93,71" hai2="4,111,128,43,27,42,108,87,85,99,45,49,95" hai3="61,74,13,59,48,30,15,109,133,120,36,117,44"/><T124/><D118/><U115/><E122/><V68/><F128/><W54/><G117/><T116/><D116/><U86/><E129/><V66/><F4/><W35/><G120/><T114/><D131/><U79/><E125/><V89/><F43/><W62/><G133/><T126/><D114/><U107/><E134/><V100/><F27/><W102/><G109/><T130/><D28/><U46/><E115/><V113/><F113/><W121/><G121/><T110/><D78/><U47/><E23/><V96/><F66/><W67/><G74/><T104/><D104/><U16/><E71/><V2/><F2/><W106/><G36/><T88/><D110/><N who="2" m="42026" /><F68/><W56/><G35/><T8/><D130/><U29/><E29/><V98/><F87/><W25/><G102/><AGARI ba="1,0" hai="42,45,49,85,89,95,96,98,99,100,102" m="42026" machi="102" ten="30,1000,0" yaku="14,1" doraHai="53" who="2" fromWho="3" sc="299,0,240,0,250,13,211,-13" /><INIT seed="1,0,0,3,3,97" ten="299,240,263,198" oya="1" hai0="68,71,4,131,60,132,36,69,123,20,12,40,106" hai1="32,79,117,17,6,70,33,5,16,58,78,18,96" hai2="76,34,105,2,14,19,82,126,28,73,87,56,9" hai3="121,66,103,118,72,0,130,83,134,11,57,92,116"/><U127/><E70/><V111/><F111/><W125/><G121/><T98/><D131/><U23/><E117/><N who="3" m="45162" /><G57/><T54/><D20/><U52/><E127/><V50/><F126/><W108/><G66/><N who="0" m="41031" /><D12/><U22/><E96/><V93/><F105/><W13/><G125/><T124/><D4/><N who="1" m="1643" /><E33/><V129/><F129/><W44/><G0/><T88/><D71/><U38/><E38/><V135/><F135/><W55/><G130/><T109/><D69/><U77/><E32/><V91/><F2/><W81/><G108/><T95/><D106/><U100/><E100/><V15/><F15/><W80/><G134/><T25/><D124/><U24/><E24/><V65/><F34/><W39/><G39/><T48/><D36/><U115/><E115/><V30/><REACH who="2" step="1"/><F50/><AGARI ba="0,0" hai="16,17,18,22,23,50,52,58,77,78,79" m="1643" machi="50" ten="30,5800,0" yaku="8,1,54,2" doraHai="97" who="1" fromWho="2" sc="299,0,240,58,263,-58,198,0" /><INIT seed="1,1,0,2,2,80" ten="299,298,205,198" oya="1" hai0="61,37,68,76,28,126,67,9,114,25,41,113,108" hai1="72,96,130,122,2,124,129,13,134,56,133,18,53" hai2="10,98,45,120,0,115,91,5,102,1,51,88,104" hai3="20,43,27,60,16,119,35,135,89,94,71,4,19"/><U38/><E2/><V21/><F21/><W30/><G135/><N who="1" m="51722" /><E38/><V63/><F120/><W70/><G119/><T103/><D108/><U74/><E122/><V7/><F115/><W50/><G4/><T118/><D118/><U82/><E96/><V121/><F121/><W123/><G123/><T90/><D126/><U14/><E124/><V33/><F33/><W8/><G8/><T52/><D76/><N who="1" m="44295" /><E74/><V105/><F105/><W117/><G117/><T95/><D103/><U97/><E97/><V125/><F125/><W107/><G107/><T12/><D37/><U46/><E46/><V132/><F132/><W100/><G100/><T75/><D75/><U93/><E93/><V77/><F77/><W6/><G6/><T24/><D90/><U36/><E36/><V49/><F7/><W47/><G19/><T42/><D95/><U78/><E78/><V79/><F79/><W131/><G60/><T31/><D114/><U54/><E13/><V86/><F1/><W111/><G111/><T112/><D112/><U32/><E32/><V73/><F73/><W26/><REACH who="3" step="1"/><G131/><REACH who="3" ten="299,298,205,188" step="2"/><N who="1" m="50186" /><E56/><V39/><F5/><W62/><G62/><T127/><D61/><U106/><E106/><V64/><F63/><W57/><G57/><T3/><D127/><U58/><E58/><V99/><F0/><W48/><G48/><T83/><D3/><U15/><E15/><V17/><F51/><W85/><AGARI ba="1,1" hai="16,20,26,27,30,35,43,47,50,70,71,85,89,94" machi="85" ten="20,8000,1" yaku="1,1,0,1,7,1,52,1,54,1,53,0" doraHai="80" doraHaiUra="110" who="3" fromWho="3" sc="299,-21,298,-41,205,-21,188,93" /><INIT seed="2,0,0,5,3,16" ten="278,257,184,281" oya="2" hai0="76,85,107,99,86,7,24,74,30,92,21,26,17" hai1="20,66,46,5,90,8,56,4,27,68,41,129,54" hai2="130,95,55,80,23,18,36,106,89,103,57,73,50" hai3="118,117,128,19,102,108,64,98,114,112,135,115,69"/><V37/><F130/><W134/><G69/><T77/><D107/><U133/><E129/><V110/><F110/><W65/><G19/><T105/><D105/><U62/><E133/><N who="3" m="50698" /><G128/><T15/><D7/><U132/><E132/><V111/><F111/><W100/><G108/><T123/><D26/><U6/><E90/><V53/><F103/><N who="3" m="39467" /><G98/><T42/><D42/><U104/><E104/><V49/><F106/><W67/><AGARI ba="0,0" hai="64,65,67,112,114,115,117,118" m="39467,50698" machi="67" ten="40,8000,1" yaku="28,2,11,1,20,1" doraHai="16" who="3" fromWho="3" sc="278,-20,257,-20,184,-40,281,80" /><INIT seed="3,0,0,5,5,105" ten="258,237,144,361" oya="3" hai0="81,60,35,113,3,61,57,68,21,1,30,99,38" hai1="54,131,117,73,11,45,111,77,25,121,17,108,43" hai2="34,86,130,14,16,18,48,65,128,71,33,37,27" hai3="42,93,2,4,7,87,5,41,29,52,40,15,47"/><W76/><G2/><T26/><D38/><U98/><E121/><V55/><F37/><W78/><G29/><T56/><D68/><U28/><E131/><V115/><F115/><W0/><G0/><T129/><D35/><U106/><E117/><V101/><F71/><W51/><G15/><T23/><D113/><U109/><E54/><V91/><F65/><W126/><G126/><T74/><D23/><N who="1" m="15423" /><E77/><N who="3" m="29802" /><G93/><T22/><D74/><U102/><E17/><V118/><F101/><W97/><G87/><T96/><D3/><U88/><E11/><V53/><F53/><W36/><G36/><T20/><D1/><U104/><E104/><V79/><F118/><W135/><G97/><N who="0" m="37451" /><D129/><U64/><E64/><V75/><F128/><W92/><G92/><T125/><D125/><U39/><E88/><V6/><F130/><W120/><G120/><T112/><D112/><U103/><E103/><V70/><F70/><W95/><G95/><T89/><D89/><U123/><E123/><V107/><F107/><W119/><G119/><T13/><D81/><U124/><E124/><V8/><F6/><W116/><G116/><T134/><D134/><AGARI ba="0,0" hai="4,5,7,40,41,42,47,51,52,134,135" m="29802" machi="134" ten="40,7700,0" yaku="26,2,54,1" doraHai="105" who="3" fromWho="0" sc="258,-77,237,0,144,0,361,77" owari="181,-21.9,237,3.7,144,-35.6,438,53.8" /></mjloggm>