<mjloggm ver="2.3"><GO type="225" lobby="0"/><UN n0="%E3%80%93%E3%81%97%E3%83%BC%E3%82%89%E3%80%93" n1="%E3%81%BF%E3%81%BF%E3%81%9A" n2="%E5%B0%8F%E5%AE%AE%E3%81%9F%E3%81%9A%E3%81%8D" n3="%E4%BF%BA%E3%81%A8%E5%A6%96%E5%A4%A2" dan="17,18,16,16" rate="2152.39,2255.63,2135.23,2131.57" sx="M,M,F,F"/><TAIKYOKU oya="0"/><INIT seed="0,0,0,4,5,121" ten="250,250,250,250" oya="0" hai0="58,0,27,7,31,38,3,108,34,85,102,63,125" hai1="80,98,5,103,122,22,60,49,40,83,115,105,37" hai2="117,20,42,39,79,123,52,128,76,2,47,65,133" hai3="66,110,120,96,126,116,69,68,86,44,18,130,101"/><T55/><D38/><U14/><E122/><V28/><F123/><W114/><G120/><T90/><D125/><U82/><E37/><V124/><F2/><W15/><G114/><T32/><D32/><U72/><E115/><V11/><F65/><W99/><G116/><T135/><D135/><U111/><E60/><V43/><F43/><W51/><G126/><T81/><D102/><U75/><E111/><V97/><F11/><W13/><G13/><T73/><D108/><U26/><E14/><V129/><F124/><W67/><G69/><T131/><D131/><N who="2" m="50250" /><F133/><W56/><G56/><T93/><REACH who="0" step="1"/><D7/><REACH who="0" ten="240,250,250,250" step="2"/><U48/><E5/><V16/><F117/><W36/><G110/><T88/><D88/><U118/><E118/><V107/><F76/><AGARI ba="0,1" hai="0,3,27,31,34,55,58,63,73,76,81,85,90,93" machi="76" ten="40,2000,0" yaku="1,1,53,0" doraHai="121" doraHaiUra="119" who="0" fromWho="2" sc="240,30,250,0,250,-20,250,0" /><INIT seed="0,1,0,4,5,104" ten="270,250,230,250" oya="0" hai0="5,79,92,135,112,123,107,99,49,80,77,0,76" hai1="12,54,55,103,2,67,60,64,36,108,63,98,95" hai2="94,9,100,53,52,59,29,26,117,127,93,56,58" hai3="25,39,28,44,17,90,109,111,134,81,96,70,16"/><T61/><D123/><U45/><E2/><V115/><F115/><W110/><G70/><T97/><D112/><U3/><E3/><V128/><F127/><W132/><G39/><T74/><D135/><N who="3" m="51753" /><G44/><T33/><D33/><U85/><E108/><V21/><F128/><W91/><G96/><T87/><D0/><U1/><E1/><V47/><F117/><W10/><G10/><T106/><D5/><U23/><E36/><V7/><F100/><W15/><G15/><T4/><D4/><U126/><E126/><V24/><F9/><W13/><G13/><T86/><D49/><U41/><E41/><V68/><F68/><W84/><G90/><N who="0" m="53335" /><D61/><N who="1" m="23627" /><E85/><V83/><F7/><W101/><G101/><N who="0" m="62767" /><D87/><U40/><E40/><V27/><F83/><W125/><G125/><T131/><D131/><U66/><E45/><V8/><F8/><W88/><G91/><T31/><D31/><U124/><E124/><V37/><F37/><W78/><G78/><T73/><D80/><U6/><E6/><V121/><F121/><W75/><G75/><T119/><D119/><U38/><E38/><V35/><F47/><W82/><G82/><T43/><D43/><U133/><E133/><V118/><F118/><W32/><AGARI ba="1,0" hai="16,17,25,28,32,81,84,88,109,110,111" m="51753" machi="32" ten="40,8000,1" yaku="14,1,20,1,54,2" doraHai="104" who="3" fromWho="3" sc="270,-41,250,-21,230,-21,250,83" /><INIT seed="1,0,0,5,5,104" ten="229,229,209,333" oya="1" hai0="106,70,45,122,63,80,94,126,91,120,23,58,112" hai1="48,129,47,35,54,86,90,113,11,119,127,42,43" hai2="24,53,22,66,92,117,36,79,46,93,15,5,88" hai3="84,100,33,96,85,87,3,83,50,40,18,133,118"/><U52/><E113/><V41/><F117/><W101/><G33/><T16/><D106/><U68/><E119/><V44/><F66/><W62/><G118/><T21/><D112/><U74/><E74/><V95/><F79/><W25/><G3/><T77/><D70/><U28/><E68/><V89/><F5/><W14/><G133/><T109/><D45/><U51/><E127/><V30/><REACH who="2" step="1"/><F15/><REACH who="2" ten="229,229,199,333" step="2"/><W124/><G124/><T27/><D126/><U121/><E121/><V34/><F34/><W116/><G116/><T107/><D120/><U98/><E129/><V123/><F123/><W57/><G14/><T76/><D122/><U9/><E35/><V99/><F99/><W135/><G96/><N who="0" m="57439" /><D109/><U82/><E98/><V131/><F131/><W31/><G135/><T132/><D132/><U55/><E28/><V125/><F125/><W59/><G31/><N who="0" m="17903" /><D107/><U108/><E108/><V10/><F10/><N who="1" m="3593" /><E42/><V60/><F60/><W20/><G40/><T102/><D102/><U26/><E26/><V32/><F32/><W103/><G103/><T4/><D4/><U67/><E67/><V29/><F29/><W12/><G101/><T56/><D63/><U72/><E72/><V61/><F61/><W17/><G100/><T130/><D130/><U49/><AGARI ba="0,1" hai="43,47,48,49,51,52,54,55,82,86,90" m="3593" machi="49" ten="30,3000,0" yaku="8,1,54,1" doraHai="104" who="1" fromWho="1" sc="229,-10,229,40,199,-10,333,-10" /><INIT seed="1,1,0,0,5,24" ten="219,269,189,323" oya="1" hai0="35,80,68,34,41,133,5,117,22,19,32,51,48" hai1="122,99,88,66,63,86,16,55,97,121,102,65,98" hai2="135,18,125,105,27,107,92,72,3,7,36,75,91" hai3="76,81,132,46,129,84,126,134,15,70,14,90,108"/><U60/><E102/><V73/><F36/><W31/><G70/><T64/><D117/><U93/><E55/><V29/><F18/><W74/><G108/><T114/><D114/><U25/><E122/><V54/><F125/><W45/><G126/><T127/><D127/><U17/><E121/><V37/><F37/><W33/><G129/><T38/><D133/><N who="3" m="51305" /><G31/><T94/><D5/><U100/><E100/><V50/><F135/><W43/><G33/><T21/><D94/><U131/><E131/><V82/><F82/><N who="3" m="49431" /><G45/><T111/><D111/><U58/><REACH who="1" step="1"/><E25/><REACH who="1" ten="219,259,189,323" step="2"/><V124/><F124/><W110/><G110/><T96/><D41/><U101/><E101/><V106/><F106/><W56/><G56/><AGARI ba="1,1" hai="16,17,56,58,60,63,65,66,86,88,93,97,98,99" machi="56" ten="40,12000,1" yaku="1,1,9,1,8,1,54,2,53,0" doraHai="24" doraHaiUra="4" who="1" fromWho="3" sc="219,0,259,133,189,0,323,-123" /><INIT seed="1,2,0,3,1,99" ten="219,392,189,200" oya="1" hai0="68,45,30,87,1,129,111,52,48,10,95,70,32" hai1="85,59,122,35,86,31,15,22,21,126,88,101,9" hai2="123,64,20,61,115,127,53,49,117,105,133,125,11" hai3="89,121,91,93,75,62,102,73,56,41,90,71,118"/><U135/><E122/><V109/><F105/><W76/><G121/><T39/><D111/><U131/><E126/><N who="2" m="48139" /><F123/><W84/><G118/><T108/><D108/><U94/><E131/><V96/><F109/><W3/><G71/><T0/><D129/><U29/><E135/><V2/><F133/><W24/><G3/><T40/><D1/><U132/><E132/><V77/><F117/><W47/><G24/><T12/><D0/><U60/><E101/><V51/><F115/><W18/><G18/><T81/><D95/><U69/><E69/><N who="2" m="42127" /><F77/><W67/><G102/><T110/><D110/><U17/><E86/><V134/><F134/><W74/><REACH who="3" step="1"/><G76/><REACH who="3" ten="219,392,189,190" step="2"/><T7/><D30/><N who="1" m="11275" /><E35/><V130/><F130/><W80/><G80/><T46/><D32/><U112/><E112/><V36/><F2/><W113/><G113/><T16/><D7/><U106/><E106/><V42/><F20/><W119/><G119/><T27/><D27/><U19/><E19/><V4/><F11/><W37/><AGARI ba="2,1" hai="37,41,47,56,62,67,73,74,75,84,89,90,91,93" machi="37" ten="30,2000,0" yaku="1,1,0,1,53,0" doraHai="99" doraHaiUra="65" who="3" fromWho="3" sc="219,-7,392,-12,189,-7,190,36" /><INIT seed="2,0,0,0,5,41" ten="212,380,182,226" oya="2" hai0="13,63,56,125,62,102,133,18,91,29,96,112,135" hai1="48,2,40,11,25,14,16,27,116,99,85,24,35" hai2="127,130,73,124,134,93,50,119,4,108,64,55,61" hai3="114,98,9,75,34,100,113,57,84,83,131,129,19"/><V69/><F73/><W120/><G34/><T59/><D112/><N who="3" m="43113" /><G57/><N who="0" m="22091" /><D91/><U105/><E116/><V44/><F4/><W101/><G9/><N who="0" m="6447" /><D29/><U92/><E105/><V22/><F119/><W104/><G19/><T94/><D125/><N who="2" m="48202" /><F22/><W86/><G120/><T71/><D71/><U87/><E2/><V12/><F12/><W79/><G100/><T68/><D68/><U8/><E8/><V109/><F93/><W121/><G121/><T76/><D76/><U58/><E35/><V67/><F67/><W15/><G15/><T47/><D47/><N who="1" m="25703" /><E58/><V81/><F81/><W32/><G32/><T115/><D115/><U122/><E122/><V78/><F78/><W31/><G31/><T10/><D10/><U89/><AGARI ba="0,0" hai="11,14,16,24,25,27,85,87,89,92,99" m="25703" machi="89" ten="30,4000,0" yaku="8,1,52,1,54,1" doraHai="41" who="1" fromWho="1" sc="212,-10,380,40,182,-20,226,-10" /><INIT seed="3,0,0,0,1,63" ten="202,420,162,216" oya="3" hai0="62,84,117,120,12,52,51,50,28,112,20,16,87" hai1="85,72,101,48,83,6,127,30,125,18,0,64,130" hai2="81,86,56,123,45,47,73,90,34,55,14,4,2" hai3="96,69,77,100,38,71,88,94,116,23,135,122,108"/><W128/><G116/><T33/><D120/><U53/><E101/><V41/><F123/><W134/><G122/><T110/><D117/><U26/><E64/><V91/><F34/><W19/><G38/><T129/><D110/><U58/><E130/><V99/><F2/><W79/><G128/><T109/><D109/><U68/><E68/><N who="3" m="26186" /><G100/><T10/><D33/><U5/><E72/><V3/><F3/><W67/><G67/><T31/><D129/><U37/><E37/><V75/><F75/><W42/><G42/><T57/><D112/><U66/><E66/><V7/><F73/><W15/><G108/><T102/><D102/><U9/><E18/><V118/><F118/><W8/><G23/><T74/><D74/><U35/><REACH who="1" step="1"/><E6/><REACH who="1" ten="202,410,162,216" step="2"/><V89/><F7/><W105/><G105/><T106/><D106/><U104/><E104/><V44/><F41/><W97/><G97/><T80/><D87/><U61/><E61/><V13/><F4/><W27/><G27/><N who="0" m="16487" /><D31/><U24/><E24/><V21/><F99/><W131/><G131/><T39/><D39/><U78/><AGARI ba="0,1" hai="0,5,9,26,30,35,48,53,58,78,83,85,125,127" machi="78" ten="30,2000,0" yaku="1,1,0,1,53,0" doraHai="63" doraHaiUra="65" who="1" fromWho="1" sc="202,-5,410,30,162,-5,216,-10" owari="197,-20.3,440,54.0,157,-34.3,206,0.6" /></mjloggm>