<mjloggm ver="2.3"><GO type="225" lobby="0"/><UN n0="%E3%83%96%E3%83%83%E3%83%91%E3%82%AA%E3%83%96%E3%83%81%E3%82%AD%E3%83%B3" n1="%E7%B4%94%E6%BD%94%E3%83%94%E3%83%A9%E3%83%8B%E3%82%A2" n2="%E3%82%A2%E3%83%9E%E3%83%9D%EF%BD%9E%EF%BD%9E%E3%83%A9" n3="%E8%B5%A4%E3%81%84%E8%9B%99%31%31" dan="16,16,17,16" rate="2158.84,2117.65,2119.35,2082.82" sx="M,M,M,M"/><TAIKYOKU oya="0"/><INIT seed="0,0,0,1,5,63" ten="250,250,250,250" oya="0" hai0="77,127,49,119,48,112,117,82,80,11,23,90,124" hai1="69,111,12,16,129,95,114,110,8,130,78,81,10" hai2="27,75,65,31,28,59,79,73,56,62,24,44,99" hai3="91,102,68,0,13,38,14,37,35,20,88,108,133"/><T123/><BYE who="2" /><D112/><UN n2="%E3%82%A2%E3%83%9E%E3%83%9D%EF%BD%9E%EF%BD%9E%E3%83%A9" /><U96/><E69/><V55/><F44/><W53/><G35/><T100/><D123/><U131/><E114/><V17/><F99/><W118/><G0/><T40/><D23/><U97/><E10/><V70/><F17/><W115/><G118/><N who="0" m="45067" /><D11/><U52/><E52/><V67/><F70/><W41/><G102/><T19/><D19/><U128/><N who="1" m="32768" /><DORA hai="58" /><U42/><E42/><V39/><F39/><W6/><G53/><T120/><D120/><U32/><E32/><V105/><F105/><W103/><G103/><T51/><D100/><N who="1" m="60447" /><E97/><V50/><F79/><W15/><G68/><T113/><D113/><U85/><AGARI ba="0,0" hai="8,12,16,78,81,85,110,111" m="60447,32768" machi="85" ten="60,4000,0" yaku="19,1,54,1" doraHai="63,58" who="1" fromWho="1" sc="250,-20,250,40,250,-10,250,-10" /><INIT seed="1,0,0,1,4,94" ten="230,290,240,240" oya="1" hai0="86,27,4,85,83,89,5,74,61,88,128,76,29" hai1="98,24,71,92,30,107,116,69,82,118,57,105,66" hai2="134,44,1,16,8,122,49,48,21,13,121,101,31" hai3="132,113,96,99,52,120,63,73,78,43,125,119,62"/><U20/><E71/><V17/><F134/><W39/><G120/><T0/><D128/><U26/><E69/><V58/><F31/><W28/><G113/><T46/><D0/><U115/><E115/><V14/><F1/><W102/><G28/><T130/><D130/><U77/><E24/><V65/><F101/><W126/><G132/><T54/><D74/><U90/><E66/><V60/><REACH who="2" step="1"/><F48/><REACH who="2" ten="230,290,230,240" step="2"/><W55/><G119/><T12/><D12/><U9/><E116/><V50/><F50/><W109/><G102/><T91/><D85/><U112/><E118/><V135/><F135/><W25/><G73/><T114/><D114/><U97/><E112/><V15/><F15/><W111/><G39/><T80/><D80/><U108/><E108/><N who="3" m="41546" /><G25/><T59/><REACH who="0" step="1"/><D46/><REACH who="0" ten="220,290,230,240" step="2"/><U33/><E26/><V34/><F34/><AGARI ba="0,2" hai="4,5,27,29,34,54,59,61,76,83,86,88,89,91" machi="34" ten="40,5200,0" yaku="1,1,2,1,54,1,53,0" doraHai="94" doraHaiUra="68" who="0" fromWho="2" sc="220,72,290,0,230,-52,240,0" /><INIT seed="2,0,0,5,2,66" ten="292,290,178,240" oya="2" hai0="122,89,126,74,120,80,9,132,59,20,96,40,63" hai1="105,108,43,135,32,83,46,13,10,99,21,113,41" hai2="115,112,107,45,73,86,28,12,3,49,68,38,51" hai3="42,33,25,0,124,24,2,37,72,8,127,101,60"/><V4/><F73/><W92/><G72/><T88/><D126/><N who="3" m="48169" /><G60/><T75/><D132/><U16/><E32/><V65/><F107/><W98/><G33/><T134/><D134/><U27/><E113/><V104/><F104/><W52/><G52/><T119/><D40/><U91/><E108/><V109/><F3/><N who="3" m="1067" /><G8/><T95/><D9/><U30/><E135/><V81/><F109/><W90/><G101/><T44/><D44/><AGARI ba="0,0" hai="24,25,37,42,44,90,92,98" m="1067,48169" machi="44" ten="30,1000,0" yaku="18,1" doraHai="66" who="3" fromWho="0" sc="292,-10,290,0,178,0,240,10" /><INIT seed="3,0,0,3,4,135" ten="282,290,178,250" oya="3" hai0="4,70,8,132,30,134,130,21,62,37,106,119,50" hai1="47,84,58,123,113,129,26,128,39,89,79,51,54" hai2="41,29,42,117,60,69,16,100,112,12,72,73,40" hai3="71,103,127,6,53,125,90,115,48,57,107,34,32"/><W126/><G71/><T46/><D119/><U3/><E3/><V85/><F112/><W0/><G115/><T77/><D106/><U64/><E113/><V20/><F117/><W23/><G23/><T114/><D37/><U110/><E123/><V87/><F100/><W38/><G38/><T1/><D114/><U7/><E7/><V81/><F29/><W19/><G19/><T96/><D130/><N who="1" m="50283" /><E26/><V67/><REACH who="2" step="1"/><F87/><REACH who="2" ten="282,290,168,250" step="2"/><W82/><G103/><T105/><D30/><U31/><E31/><V92/><F92/><W35/><G107/><T124/><D132/><U36/><E110/><V59/><F59/><W52/><G82/><T133/><D105/><U78/><E39/><V120/><F120/><W83/><G83/><T122/><D134/><U28/><E28/><V116/><F116/><W104/><G104/><T63/><D122/><U27/><E36/><V94/><F94/><W68/><G68/><T131/><D70/><U98/><E84/><V49/><F49/><W76/><G48/><T91/><D50/><U24/><E58/><V2/><F2/><W66/><G57/><T111/><D1/><U5/><E51/><V121/><F121/><W97/><G0/><T108/><D133/><U56/><E56/><V80/><F80/><W65/><G66/><T44/><D111/><U109/><E64/><V86/><F86/><W95/><G65/><T14/><D108/><U118/><E109/><V88/><AGARI ba="0,1" hai="12,16,20,40,41,42,60,67,69,72,73,81,85,88" machi="88" ten="30,7900,0" yaku="1,1,0,1,54,2,53,0" doraHai="135" doraHaiUra="99" who="2" fromWho="2" sc="282,-20,290,-20,168,89,250,-39" /><INIT seed="4,0,0,5,5,57" ten="262,270,257,211" oya="0" hai0="85,130,70,108,38,73,134,33,65,1,117,71,123" hai1="131,79,24,95,2,18,17,129,82,102,61,23,19" hai2="109,36,10,60,116,56,58,46,32,83,62,101,20" hai3="128,25,98,15,91,47,125,92,105,115,42,55,49"/><T124/><D85/><U72/><E2/><V51/><F32/><W28/><G115/><T78/><D78/><U87/><E102/><V40/><F109/><W37/><G128/><N who="1" m="49226" /><E95/><V48/><F101/><W43/><G125/><T89/><D65/><U121/><E121/><V22/><F36/><W5/><G105/><T132/><D89/><U16/><E61/><N who="2" m="23659" /><F116/><W14/><G5/><T29/><D29/><U122/><E122/><V97/><F97/><W80/><G80/><T11/><D11/><U110/><E110/><V113/><F113/><W84/><G98/><T64/><D64/><U52/><E52/><N who="2" m="31751" /><F58/><W74/><G74/><AGARI ba="0,0" hai="16,17,18,19,23,24,72,74,79,82,87" m="49226" machi="74" ten="30,2000,0" yaku="19,1,54,1" doraHai="57" who="1" fromWho="3" sc="262,0,270,20,257,0,211,-20" /><INIT seed="5,0,0,0,0,84" ten="262,290,257,191" oya="1" hai0="134,10,133,2,78,113,55,57,48,107,79,68,83" hai1="76,5,29,7,60,93,105,112,86,72,52,8,58" hai2="47,108,90,6,62,31,123,127,54,21,132,50,38" hai3="94,95,41,23,87,24,69,80,98,9,20,61,92"/><U44/><E112/><V120/><F108/><W96/><G41/><T124/><D113/><U71/><E71/><V117/><F117/><W103/><G9/><T82/><D107/><U37/><E105/><V106/><F127/><W49/><G49/><T26/><D68/><U64/><E72/><V3/><F132/><N who="0" m="50794" /><D124/><U85/><E29/><V109/><F106/><W75/><G75/><T89/><D26/><U18/><E37/><V116/><F109/><W100/><G95/><T129/><D129/><U32/><E32/><V130/><F116/><W43/><G43/><T65/><D65/><U15/><E93/><V0/><F130/><W22/><G69/><T115/><D115/><U42/><E42/><V77/><F77/><N who="0" m="29194" /><D2/><U135/><E135/><V25/><F38/><W122/><G122/><T11/><D82/><N who="1" m="47303" /><E86/><AGARI ba="0,0" hai="10,11,48,55,57,83,86,89" m="29194,50794" machi="86" ten="30,2000,0" yaku="20,1,52,1" doraHai="84" who="0" fromWho="1" sc="262,20,290,-20,257,0,191,0" /><INIT seed="6,0,0,0,3,40" ten="282,270,257,191" oya="2" hai0="75,6,130,129,20,22,18,80,48,41,128,68,115" hai1="1,4,23,58,59,10,77,37,45,94,46,112,105" hai2="31,113,33,127,27,34,101,96,21,42,121,123,60" hai3="55,120,32,97,87,16,81,124,119,109,74,7,83"/><V92/><F127/><W2/><G119/><T62/><D115/><U78/><E105/><V132/><F132/><W103/><G120/><T63/><D6/><U118/><E118/><V66/><F113/><W91/><G109/><T126/><D126/><U64/><E37/><V95/><F42/><W85/><G32/><T36/><D36/><U19/><E112/><V133/><F133/><W131/><G131/><T54/><D41/><U51/><E94/><V39/><F39/><W8/><G124/><T14/><D68/><U49/><E64/><V70/><F34/><W44/><G74/><T122/><D122/><U100/><E100/><V26/><REACH who="2" step="1"/><F92/><REACH who="2" ten="282,270,247,191" step="2"/><W116/><G116/><T135/><D135/><U98/><E98/><V90/><F90/><W3/><G3/><T99/><D99/><U110/><E110/><V47/><F47/><W0/><G0/><T11/><D130/><U24/><E77/><V72/><F72/><W5/><G2/><T17/><D75/><U9/><E78/><V93/><F93/><N who="3" m="58799" /><G81/><T50/><D80/><U108/><E108/><V125/><F125/><W104/><G104/><T89/><D89/><U106/><E106/><V88/><F88/><W53/><G85/><T67/><D129/><U76/><E76/><V111/><F111/><W102/><G102/><T61/><D128/><U30/><E45/><V73/><F73/><W12/><G44/><T35/><D35/><U13/><E46/><V56/><F56/><W134/><G134/><T71/><D71/><U117/><E117/><V38/><F38/><W84/><G84/><T65/><D65/><RYUUKYOKU ba="0,1" sc="282,-30,270,10,247,10,191,10" hai1="1,4,9,10,13,19,23,24,30,49,51,58,59" hai2="21,26,27,31,33,60,66,70,95,96,101,121,123" hai3="5,7,8,12,16,53,55,83,87,91" /><INIT seed="6,1,1,2,2,110" ten="252,280,257,201" oya="2" hai0="51,90,20,38,12,36,24,27,35,87,125,22,1" hai1="99,123,73,91,95,3,4,92,28,67,85,48,84" hai2="66,103,69,45,113,46,57,112,14,133,71,61,96" hai3="117,54,59,82,118,41,58,80,42,81,134,62,78"/><V127/><F127/><W79/><G134/><T6/><D35/><U23/><E73/><V121/><F133/><W13/><G13/><T29/><D1/><U16/><E123/><V114/><F14/><W17/><G17/><T7/><D125/><U44/><E67/><V68/><F121/><W21/><G21/><T19/><D38/><U101/><E28/><V2/><F2/><W8/><G8/><T100/><D36/><U5/><E85/><V105/><AGARI ba="1,1" hai="45,46,57,61,66,68,69,71,96,103,105,112,113,114" machi="105" ten="40,12000,1" yaku="0,1,15,1,52,3" doraHai="110" who="2" fromWho="2" sc="252,-41,280,-41,257,133,201,-41" owari="211,-18.9,239,3.9,390,49.0,160,-34.0" /></mjloggm>