<mjloggm ver="2.3"><GO type="225" lobby="0"/><UN n0="%E3%83%A9%E3%82%A4%E3%83%B3%E3%81%AE%E8%99%8E" n1="%E5%8D%A0%E3%81%84%E5%B8%AB%E8%A3%8F%E3%81%AA%E3%81%84%E3%81%97" n2="%E7%87%90%2E%2E" n3="%72%65%6E%6B%75%6E" dan="16,17,16,17" rate="2126.63,2169.92,2134.43,2250.95" sx="M,M,M,M"/><TAIKYOKU oya="0"/><INIT seed="0,0,0,2,2,5" ten="250,250,250,250" oya="0" hai0="30,70,69,106,103,25,20,81,86,61,23,130,79" hai1="57,11,18,60,97,124,33,109,38,107,131,123,16" hai2="116,58,82,128,88,13,115,95,125,78,68,134,55" hai3="75,52,29,21,96,129,53,105,44,41,2,65,1"/><T7/><D130/><U24/><E123/><V83/><F115/><W62/><G75/><T99/><D7/><U73/><E73/><V39/><F128/><W47/><G129/><T48/><D48/><U110/><E38/><V104/><F68/><W56/><G1/><T101/><D101/><U98/><E131/><V40/><F104/><W0/><G0/><T32/><REACH who="0" step="1"/><D70/><REACH who="0" ten="240,250,250,250" step="2"/><U54/><E107/><V132/><F39/><W133/><G133/><T35/><D35/><U74/><E33/><V49/><F132/><W45/><G2/><T112/><D112/><U122/><E122/><V36/><F134/><W26/><REACH who="3" step="1"/><G41/><REACH who="3" ten="240,250,250,240" step="2"/><T72/><D72/><U111/><E74/><V22/><F40/><W10/><G10/><T15/><D15/><U27/><E11/><V37/><F13/><W118/><G118/><T8/><D8/><U71/><E110/><V84/><F116/><W6/><G6/><T127/><D127/><U89/><E124/><V64/><F125/><W113/><G113/><T126/><D126/><U19/><E111/><V108/><F108/><W42/><G42/><T119/><D119/><U66/><E109/><V92/><F37/><W120/><G120/><T77/><D77/><U14/><E14/><V93/><F36/><W67/><G67/><AGARI ba="0,2" hai="20,23,25,30,32,61,67,69,79,81,86,99,103,106" machi="67" ten="40,7700,0" yaku="1,1,25,2,53,0" doraHai="5" doraHaiUra="121" who="0" fromWho="3" sc="240,97,250,0,250,0,240,-77" /><INIT seed="0,1,0,2,5,111" ten="337,250,250,163" oya="0" hai0="80,100,112,35,107,131,71,21,56,53,5,65,74" hai1="121,61,11,105,110,59,92,48,77,58,101,64,16" hai2="44,72,113,52,86,87,45,20,55,40,23,85,99" hai3="18,6,116,36,81,127,97,106,66,41,27,123,133"/><T102/><D35/><U32/><E121/><V120/><F120/><W54/><G116/><T89/><D131/><U14/><E32/><V118/><F118/><W60/><G123/><T47/><D47/><U96/><E110/><V91/><F72/><W78/><G127/><T22/><D5/><U12/><E77/><V2/><F2/><W109/><G109/><T119/><D119/><U84/><E84/><V30/><F113/><W75/><G133/><T130/><D112/><U51/><E105/><V134/><F134/><W63/><G6/><T13/><D130/><U37/><E37/><V122/><F122/><W62/><G66/><T28/><D107/><U98/><E98/><V103/><F91/><W43/><G36/><T126/><D65/><U25/><E25/><V129/><F129/><W31/><G18/><N who="0" m="10447" /><D71/><U26/><E26/><V117/><F117/><W0/><G0/><T34/><D34/><U17/><REACH who="1" step="1"/><E59/><REACH who="1" ten="337,240,250,163" step="2"/><V24/><F24/><W128/><G128/><T135/><D56/><U115/><E115/><V50/><F30/><W69/><G69/><T94/><D28/><U7/><E7/><V83/><F83/><W76/><G76/><T70/><D80/><U124/><E124/><V104/><REACH who="2" step="1"/><F40/><REACH who="2" ten="337,240,240,163" step="2"/><W42/><G42/><T90/><D126/><U114/><E114/><V8/><F8/><AGARI ba="1,2" hai="8,11,12,14,16,17,48,51,58,61,64,92,96,101" machi="8" ten="30,8000,1" yaku="1,1,7,1,9,1,8,1,54,1,53,0" doraHai="111" doraHaiUra="39" who="1" fromWho="2" sc="337,0,240,103,240,-83,163,0" /><INIT seed="1,0,0,5,2,58" ten="337,343,157,163" oya="1" hai0="73,29,119,67,7,133,113,81,27,90,69,3,57" hai1="59,21,122,68,83,50,118,0,64,128,19,11,130" hai2="1,88,6,127,102,31,120,80,10,72,84,98,25" hai3="117,14,8,53,4,94,33,92,49,65,76,36,101"/><U62/><E118/><V110/><F120/><W51/><G117/><T108/><D119/><U5/><E122/><V134/><F110/><W41/><G33/><T18/><D108/><U121/><E121/><V16/><F127/><W89/><G76/><T47/><D133/><U48/><E83/><V26/><F134/><W22/><G65/><T71/><D18/><U52/><REACH who="1" step="1"/><E48/><REACH who="1" ten="337,333,157,163" step="2"/><V79/><F31/><W112/><G112/><T129/><D81/><U91/><E91/><V61/><F61/><W24/><G36/><T63/><D90/><U32/><E32/><V38/><F38/><W9/><G101/><T30/><D63/><U123/><E123/><V104/><REACH who="2" step="1"/><F16/><REACH who="2" ten="337,333,147,163" step="2"/><W74/><G49/><T43/><D29/><U60/><E60/><V70/><F70/><W82/><G51/><T39/><D30/><U78/><E78/><V93/><AGARI ba="0,2" hai="1,6,10,25,26,72,79,80,84,88,93,98,102,104" machi="93" ten="20,12000,2" yaku="1,1,0,1,7,1,24,2,54,1,53,0" doraHai="58" doraHaiUra="126" who="2" fromWho="2" sc="337,-30,333,-60,147,140,163,-30" /><INIT seed="2,0,0,2,5,124" ten="307,273,287,133" oya="2" hai0="98,85,21,86,127,68,59,63,83,128,91,92,134" hai1="116,79,112,130,3,110,14,19,25,27,70,29,18" hai2="57,102,133,115,109,22,80,104,60,114,24,53,101" hai3="16,84,52,74,46,37,10,72,122,97,73,8,135"/><V61/><F133/><W126/><G122/><T17/><D127/><U33/><E70/><V120/><F120/><W64/><G126/><T34/><D134/><U7/><E112/><V118/><F118/><W125/><G125/><T42/><D34/><U39/><E39/><V20/><F109/><W103/><G135/><T0/><D0/><U93/><E116/><V82/><F104/><W9/><G64/><T129/><D42/><U117/><E117/><V67/><F67/><W11/><G84/><T41/><D41/><U40/><E40/><V43/><F43/><W65/><G65/><N who="0" m="39167" /><D68/><U77/><E93/><V32/><F32/><W1/><G1/><T87/><D17/><U36/><E36/><V121/><F121/><W30/><G30/><T88/><D21/><N who="1" m="13495" /><E130/><AGARI ba="0,0" hai="83,85,86,87,88,91,92,98,128,129,130" m="39167" machi="130" ten="30,8000,1" yaku="19,1,52,3,54,1" doraHai="124" who="0" fromWho="1" sc="307,80,273,-80,287,0,133,0" /><INIT seed="3,0,0,0,0,47" ten="387,193,287,133" oya="3" hai0="98,65,60,66,10,1,133,39,4,80,58,70,107" hai1="23,115,124,18,26,85,109,76,17,105,31,37,63" hai2="127,42,28,55,78,108,104,15,5,64,11,84,71" hai3="41,83,24,102,86,22,97,56,13,29,122,87,129"/><W89/><G129/><T52/><D133/><U21/><E115/><V32/><F104/><W82/><G122/><T7/><D39/><U117/><E37/><V49/><F108/><W54/><G41/><T113/><D113/><U69/><E109/><V118/><F118/><W103/><G13/><T79/><D7/><U119/><E105/><V59/><F127/><W62/><REACH who="3" step="1"/><G97/><REACH who="3" ten="387,193,287,123" step="2"/><T135/><D98/><U92/><E124/><V2/><F42/><W96/><G96/><T112/><D112/><U6/><E119/><V91/><F15/><W30/><G30/><T27/><D1/><U75/><E31/><V33/><F28/><W20/><G20/><T111/><D111/><U38/><E117/><V106/><F33/><W99/><G99/><T48/><D107/><U95/><E21/><V125/><F32/><W45/><G45/><T126/><D126/><U88/><E23/><V0/><F106/><W128/><G128/><T50/><D10/><U77/><E26/><V43/><F43/><W44/><G44/><T35/><D27/><U123/><E123/><V93/><F125/><W46/><G46/><T14/><D35/><U53/><E38/><V110/><F110/><W61/><G61/><T131/><D131/><U25/><E63/><N who="2" m="40351" /><F2/><W134/><G134/><T68/><D135/><U132/><E132/><V116/><F116/><W16/><G16/><T34/><D34/><U73/><E17/><V121/><F121/><W90/><AGARI ba="0,1" hai="22,24,29,54,56,62,82,83,86,87,89,90,102,103" machi="90" ten="20,12000,1" yaku="1,1,0,1,7,1,9,1,8,1,53,0" doraHai="47" doraHaiUra="72" who="3" fromWho="3" sc="387,-40,193,-40,287,-40,123,130" /><INIT seed="3,1,0,5,0,83" ten="347,153,247,253" oya="3" hai0="38,134,57,80,39,112,24,107,48,5,41,32,11" hai1="106,55,16,9,113,96,18,72,105,21,128,20,15" hai2="127,58,71,3,51,52,102,65,2,13,123,12,68" hai3="67,53,122,50,132,121,79,99,56,45,34,126,33"/><W61/><G126/><T100/><D100/><U77/><E113/><V1/><F102/><W111/><G132/><T108/><D107/><U43/><E128/><V130/><F130/><W94/><G79/><T6/><D6/><U98/><E72/><V23/><F127/><W10/><G111/><T81/><D134/><U54/><E77/><V129/><F129/><W133/><G133/><T120/><D120/><U75/><E75/><V90/><F123/><W19/><G19/><T14/><D108/><U84/><E43/><V101/><F101/><W60/><G10/><T88/><D81/><U59/><E9/><V66/><F90/><W76/><G76/><T8/><D112/><U114/><E114/><V115/><F115/><W116/><G116/><T70/><D70/><U91/><E105/><V89/><F89/><W27/><G33/><T82/><D82/><U30/><E30/><V97/><F97/><W4/><G4/><T64/><D11/><U74/><E106/><V92/><F92/><W104/><G104/><T110/><D8/><U26/><E74/><V31/><F68/><W87/><G87/><N who="0" m="50279" /><D32/><U103/><E103/><V86/><F86/><W17/><G61/><T118/><D118/><U25/><E15/><N who="2" m="5707" /><F71/><W78/><G78/><T35/><D14/><U69/><E69/><V117/><F117/><W85/><G85/><T29/><D5/><U28/><E28/><V44/><F31/><N who="3" m="19839" /><G17/><T73/><D73/><U135/><E135/><V7/><F7/><W0/><G0/><T62/><D110/><U22/><E22/><V42/><F23/><W93/><G93/><RYUUKYOKU ba="1,0" sc="347,10,153,-30,247,10,253,10" hai0="24,29,35,38,39,41,48,57,62,64" hai2="1,2,3,42,44,51,52,58,65,66" hai3="45,50,53,56,60,67,94,99,121,122" /><INIT seed="3,2,0,2,1,41" ten="357,123,257,263" oya="3" hai0="123,105,9,47,127,32,92,46,0,59,29,87,24" hai1="120,10,27,16,104,102,112,117,30,78,109,119,31" hai2="15,6,17,69,99,50,130,13,26,115,84,86,51" hai3="76,81,20,77,1,54,21,25,134,60,48,35,5"/><W38/><G134/><T65/><D105/><U79/><E102/><V128/><F69/><W64/><G38/><T44/><D123/><U95/><E104/><V131/><F115/><W113/><G113/><T101/><D127/><U75/><E112/><V7/><F99/><W56/><G35/><T126/><D126/><U33/><E75/><V23/><F84/><W132/><G132/><T118/><D118/><U107/><E107/><V49/><F86/><W80/><G1/><T129/><D129/><U63/><E95/><V28/><F15/><W74/><G5/><T108/><D108/><U94/><E94/><V71/><F71/><W116/><G116/><N who="1" m="44618" /><E63/><V100/><F100/><W70/><REACH who="3" step="1"/><G25/><REACH who="3" ten="357,123,257,253" step="2"/><T67/><D24/><N who="1" m="18631" /><E78/><V83/><F83/><W34/><G34/><AGARI ba="2,1" hai="6,7,13,17,23,26,28,34,49,50,51,128,130,131" machi="34" ten="50,1600,0" yaku="19,1" doraHai="41" who="2" fromWho="3" sc="357,0,123,0,257,32,253,-22" owari="357,45.7,123,-37.7,289,8.9,231,-16.9" /></mjloggm>