<mjloggm ver="2.3"><GO type="225" lobby="0"/><UN n0="%E7%99%BD%E5%80%89%E5%AF%9B%E4%B9%8B" n1="%E3%81%8B%E3%82%8F%E3%81%A1%E3%82%83%E3%82%93%35%38" n2="%E5%A4%8F%E9%88%B4%E9%88%B4%E5%A4%8F" n3="%E3%80%90%E8%92%BC%E7%90%89%E3%80%91" dan="16,16,16,16" rate="2122.24,2143.40,2132.44,2163.99" sx="M,M,F,F"/><TAIKYOKU oya="0"/><INIT seed="0,0,0,4,1,33" ten="250,250,250,250" oya="0" hai0="72,126,64,84,123,109,29,10,60,95,44,57,37" hai1="52,8,107,104,6,114,49,113,32,3,82,91,15" hai2="74,124,94,19,122,85,98,86,128,61,89,50,116" hai3="21,112,62,81,11,63,76,80,118,28,100,59,4"/><T129/><D72/><U101/><E32/><V23/><F122/><W5/><G118/><T127/><D123/><U73/><E15/><V26/><F116/><W65/><G112/><N who="1" m="43114" /><E101/><V1/><F124/><W71/><G100/><T99/><D129/><U111/><E111/><V77/><F128/><W68/><G4/><T2/><D109/><U75/><E91/><V36/><F36/><W58/><G21/><T96/><D84/><U41/><E41/><V106/><F1/><W55/><G28/><T120/><D120/><U14/><E14/><V30/><F50/><W20/><G20/><T43/><D29/><U131/><E131/><V102/><F61/><W53/><G65/><T125/><REACH who="0" step="1"/><D95/><REACH who="0" ten="240,250,250,250" step="2"/><U69/><E69/><V39/><F86/><W9/><G76/><T108/><D108/><U87/><E87/><V27/><F77/><W22/><G71/><T135/><D135/><U7/><E7/><AGARI ba="0,1" hai="2,7,10,37,43,44,57,60,64,96,99,125,126,127" machi="7" ten="40,7700,0" yaku="1,1,18,1,52,1,53,0" doraHai="33" doraHaiUra="119" who="0" fromWho="1" sc="240,87,250,-77,250,0,250,0" /><INIT seed="0,1,0,2,0,15" ten="327,173,250,250" oya="0" hai0="94,84,59,80,75,103,45,71,22,38,114,10,31" hai1="72,125,44,3,61,130,119,134,81,46,79,67,12" hai2="132,27,112,9,50,128,55,95,127,33,18,129,102" hai3="100,106,86,110,35,111,6,98,107,101,92,37,68"/><T8/><D71/><U19/><E119/><V78/><F112/><W40/><G35/><T115/><D75/><U54/><E130/><V122/><F122/><W76/><G68/><T52/><D38/><U0/><E134/><V121/><F121/><W26/><G6/><T36/><D36/><U131/><E131/><N who="2" m="50251" /><F78/><W49/><G37/><T30/><D45/><U97/><E125/><V57/><F127/><W5/><G5/><T25/><D31/><U65/><E65/><V14/><F132/><W17/><G40/><T47/><D47/><U32/><E32/><V63/><F95/><W24/><G49/><N who="0" m="31119" /><D115/><U77/><E77/><V83/><F83/><N who="3" m="47463" /><G101/><T85/><D114/><U28/><E28/><N who="2" m="19615" /><F102/><W4/><G107/><T51/><D51/><AGARI ba="1,0" hai="9,14,18,50,51,55,57,63" m="19615,50251" machi="51" ten="30,2000,0" yaku="19,1,52,1" doraHai="15" who="2" fromWho="0" sc="327,-23,173,0,250,23,250,0" /><INIT seed="1,0,0,4,2,8" ten="304,173,273,250" oya="1" hai0="60,24,18,64,27,97,100,12,40,76,131,46,77" hai1="19,117,37,107,93,36,62,112,83,28,127,32,43" hai2="53,35,109,67,23,34,115,80,108,124,126,26,44" hai3="110,74,116,16,133,29,50,69,87,11,15,129,114"/><U39/><E112/><V48/><F67/><W130/><G114/><T75/><D131/><N who="3" m="50185" /><G74/><T7/><D7/><U120/><E120/><V104/><F80/><W55/><G110/><N who="2" m="42601" /><F104/><W2/><G133/><T72/><D72/><U99/><E117/><V118/><F115/><W121/><G121/><T119/><D119/><U111/><E111/><V47/><F47/><N who="3" m="28127" /><G116/><T65/><D75/><U81/><E107/><V13/><F13/><W132/><G132/><T92/><D46/><U96/><E127/><N who="2" m="48683" /><F118/><W56/><G69/><T6/><D40/><U73/><E43/><V10/><F10/><W125/><G125/><T128/><D6/><U85/><E81/><V66/><F66/><N who="0" m="25706" /><D60/><U82/><E62/><V17/><AGARI ba="0,0" hai="17,23,26,34,35,44,48,53" m="48683,42601" machi="17" ten="30,2000,0" yaku="14,1,18,1" doraHai="8" who="2" fromWho="2" sc="304,-5,173,-10,273,20,250,-5" /><INIT seed="2,0,0,0,2,98" ten="299,163,293,245" oya="2" hai0="33,105,84,38,106,9,30,134,113,42,91,6,95" hai1="31,112,63,36,0,104,61,8,7,131,13,5,86" hai2="92,35,118,27,53,130,28,88,3,125,81,117,77" hai3="34,41,68,75,116,102,103,22,2,124,67,85,94"/><V58/><F3/><W74/><G34/><T26/><D113/><U23/><E112/><V121/><F121/><W111/><G2/><T127/><D134/><U56/><E36/><V115/><F130/><W32/><G32/><T10/><D10/><U89/><E131/><V29/><F125/><W62/><G116/><T59/><D127/><U100/><E7/><V90/><F29/><W1/><G1/><T128/><D128/><U96/><E56/><V99/><F90/><W16/><G124/><T21/><D42/><U80/><REACH who="1" step="1"/><E31/><REACH who="1" ten="299,153,293,245" step="2"/><V109/><F115/><W73/><G111/><T93/><D38/><U11/><E11/><V60/><REACH who="2" step="1"/><F109/><REACH who="2" ten="299,153,283,245" step="2"/><W78/><G41/><T66/><D30/><U18/><AGARI ba="0,2" hai="0,5,8,13,18,23,61,63,80,86,89,96,100,104" machi="18" ten="30,4000,0" yaku="1,1,0,1,52,1,53,0" doraHai="98" doraHaiUra="108" who="1" fromWho="1" sc="299,-10,153,60,283,-20,245,-10" /><INIT seed="3,0,0,0,1,113" ten="289,213,263,235" oya="3" hai0="35,109,76,8,118,131,68,110,7,13,22,58,48" hai1="63,26,59,24,121,44,36,124,30,130,56,79,19" hai2="37,90,15,122,112,85,3,104,125,111,80,115,81" hai3="117,60,25,102,92,88,77,39,65,1,101,69,91"/><W99/><G39/><T74/><D68/><U18/><E121/><V42/><F3/><W23/><G1/><T50/><D35/><U10/><E124/><V32/><F32/><W87/><G77/><T43/><D131/><U106/><E106/><V9/><F125/><W21/><G117/><T86/><D118/><U129/><E79/><V134/><F122/><W17/><REACH who="3" step="1"/><G21/><REACH who="3" ten="289,213,263,225" step="2"/><T116/><D116/><U78/><E78/><V72/><F115/><W41/><G41/><T52/><D76/><U66/><E36/><V107/><F42/><W127/><G127/><T57/><D22/><U83/><E130/><V34/><F37/><W2/><G2/><T75/><D43/><U51/><E129/><V95/><F112/><W89/><G89/><T100/><D75/><U54/><E83/><AGARI ba="0,1" hai="17,23,25,60,65,69,83,87,88,91,92,99,101,102" machi="83" ten="30,5800,0" yaku="1,1,7,1,54,1,53,0" doraHai="113" doraHaiUra="119" who="3" fromWho="1" sc="289,0,213,-58,263,0,225,68" /><INIT seed="3,1,0,4,4,39" ten="289,155,263,293" oya="3" hai0="37,132,89,96,104,98,85,15,54,7,108,112,59" hai1="23,82,31,117,120,17,73,90,8,105,53,65,40" hai2="62,91,122,38,116,94,49,5,64,125,79,74,119" hai3="1,118,55,60,102,2,92,101,83,13,131,87,4"/><W9/><G118/><T6/><D37/><U36/><E120/><V24/><F38/><W103/><G131/><T44/><D104/><U123/><E123/><V14/><F125/><W58/><REACH who="3" step="1"/><G92/><REACH who="3" ten="289,155,263,283" step="2"/><N who="0" m="54319" /><D108/><U41/><E105/><V32/><F94/><W71/><G71/><T22/><D112/><U43/><E117/><V20/><F119/><W46/><G46/><T135/><D44/><U25/><E36/><V29/><F116/><W121/><G121/><T34/><D34/><U107/><E107/><V84/><F32/><W35/><G35/><T30/><D135/><U0/><E65/><V129/><F122/><W75/><G75/><T110/><D110/><U56/><E0/><V51/><F74/><W133/><G133/><T21/><D132/><U26/><E73/><V3/><F3/><W109/><G109/><T134/><D134/><U128/><E128/><V42/><F64/><W27/><G27/><N who="0" m="16751" /><D22/><N who="1" m="15799" /><E8/><N who="2" m="4367" /><F20/><W88/><AGARI ba="1,1" hai="1,2,4,9,13,55,58,60,83,87,88,101,102,103" machi="88" ten="30,6000,0" yaku="1,1,0,1,54,1,53,0" doraHai="39" doraHaiUra="111" who="3" fromWho="3" sc="289,-21,155,-21,263,-21,283,73" owari="268,6.8,134,-36.6,242,-15.8,356,45.6" /></mjloggm>