<mjloggm ver="2.3"><GO type="225" lobby="0"/><UN n0="%E6%A1%9C%E8%8A%B1%E9%96%83%E3%80%85" n1="%E6%98%93%E5%88%A9%E8%96%A9%E4%BC%AF" n2="%E3%83%81%E3%83%AF%E3%83%AF%E9%9A%8A%E9%95%B7" n3="%72%69%6F%75%63%68%61%6E" dan="16,17,16,16" rate="2109.70,2160.11,2103.83,2185.41" sx="M,F,M,M"/><TAIKYOKU oya="0"/><INIT seed="0,0,0,0,0,121" ten="250,250,250,250" oya="0" hai0="120,39,14,63,94,57,28,102,5,45,49,61,3" hai1="65,66,69,135,100,13,27,23,122,56,22,58,44" hai2="114,17,10,72,103,43,116,2,79,104,105,126,48" hai3="86,54,24,110,55,50,76,42,118,80,113,64,129"/><T83/><D120/><U117/><E122/><V60/><F114/><W111/><G113/><T71/><D3/><U31/><E135/><V33/><F33/><W74/><G118/><T12/><D39/><U82/><E117/><V81/><F116/><W95/><G129/><T40/><D71/><U0/><E0/><V75/><F126/><W107/><G107/><T101/><D28/><U7/><E100/><N who="0" m="38505" /><D83/><U11/><E44/><V30/><F72/><W29/><G64/><N who="0" m="38959" /><D5/><U85/><E23/><V20/><F30/><W70/><G70/><T89/><D63/><U134/><E134/><V6/><F103/><W97/><G74/><T62/><D62/><U4/><E4/><V38/><F60/><W96/><G42/><T78/><D78/><U19/><E69/><V47/><REACH who="2" step="1"/><F48/><REACH who="2" ten="250,250,240,250" step="2"/><W128/><G128/><T9/><D9/><U91/><E31/><V93/><F93/><W35/><G95/><T15/><D15/><AGARI ba="0,1" hai="2,6,10,15,17,20,38,43,47,75,79,81,104,105" machi="15" ten="30,7700,0" yaku="1,1,7,1,25,2,53,0" doraHai="121" doraHaiUra="127" who="2" fromWho="0" sc="250,-77,250,0,240,87,250,0" /><INIT seed="1,0,0,2,5,134" ten="173,250,327,250" oya="1" hai0="20,44,33,110,135,30,31,25,111,43,41,28,19" hai1="55,53,8,116,81,130,47,56,109,9,64,96,15" hai2="63,12,101,27,86,120,50,62,103,16,1,57,61" hai3="99,113,40,90,69,66,114,118,117,128,80,7,84"/><U112/><E116/><N who="3" m="44650" /><G7/><T49/><D135/><U21/><E112/><N who="3" m="43114" /><G40/><T34/><REACH who="0" step="1"/><D43/><REACH who="0" ten="163,250,327,250" step="2"/><U54/><E130/><V70/><F120/><W124/><G128/><T91/><D91/><U75/><E109/><AGARI ba="0,1" hai="19,20,25,28,30,31,33,34,41,44,49,109,110,111" machi="109" ten="40,2600,0" yaku="1,1,14,1,53,0" doraHai="134" doraHaiUra="48" who="0" fromWho="1" sc="163,36,250,-26,327,0,250,0" /><INIT seed="2,0,0,4,3,100" ten="199,224,327,250" oya="2" hai0="90,27,7,35,43,13,24,135,39,66,93,12,116" hai1="125,109,89,37,118,73,84,96,133,52,107,77,87" hai2="20,85,31,59,61,30,111,38,130,16,10,36,131" hai3="45,8,57,21,80,65,53,95,44,17,75,64,126"/><V29/><F10/><W55/><G126/><T1/><D135/><U46/><E118/><V108/><F85/><N who="1" m="32841" /><E37/><N who="2" m="14443" /><F59/><W14/><G75/><T81/><D81/><N who="1" m="45231" /><E46/><N who="3" m="18026" /><G95/><T114/><D116/><U71/><E71/><V92/><F92/><W101/><G101/><T104/><D39/><U128/><E52/><N who="3" m="20042" /><G80/><T34/><D34/><U40/><E40/><V22/><F61/><N who="3" m="37935" /><G65/><T122/><D66/><U117/><E125/><V110/><F22/><AGARI ba="0,0" hai="8,14,17,21,22" m="37935,20042,18026" machi="22" ten="30,2000,0" yaku="8,1,54,1" doraHai="100" who="3" fromWho="2" sc="199,0,224,0,327,-20,250,20" /><INIT seed="3,0,0,0,3,59" ten="199,224,307,270" oya="3" hai0="45,50,113,6,78,1,110,3,14,52,71,55,87" hai1="26,126,70,33,4,58,135,41,8,129,80,0,116" hai2="12,54,19,11,98,62,40,105,20,42,44,28,127" hai3="104,79,13,47,7,49,91,39,117,99,124,73,82"/><W111/><G117/><T18/><D110/><U64/><E116/><V24/><F127/><W119/><G119/><T35/><D113/><U131/><E126/><V102/><REACH who="2" step="1"/><F62/><REACH who="2" ten="199,224,297,270" step="2"/><W85/><G124/><T100/><D35/><U9/><E33/><V89/><F89/><W46/><G111/><T77/><D71/><U97/><E70/><V5/><F5/><W81/><G39/><T72/><D72/><U10/><E4/><V63/><F63/><W22/><G49/><AGARI ba="0,1" hai="11,12,19,20,24,28,40,42,44,49,54,98,102,105" machi="49" ten="40,2600,0" yaku="1,1,53,1" doraHai="59" doraHaiUra="21" who="2" fromWho="3" sc="199,0,224,0,297,36,270,-26" owari="199,-30.1,224,-17.6,333,43.3,244,4.4" /></mjloggm>