<mjloggm ver="2.3"><GO type="225" lobby="0"/><UN n0="%E3%82%A4%E3%83%BC%E3%82%B1%E3%83%97%E3%83%A9" n1="%E3%81%A0%E3%81%8A" n2="%E3%83%81%E3%83%83%E3%82%BF%E3%82%BD%E3%83%BC" n3="%E3%83%B4%E3%83%A0%EF%BC%99%E3%81%A6" dan="16,17,16,16" rate="2136.73,2067.41,2149.76,2141.96" sx="M,M,F,M"/><TAIKYOKU oya="0"/><INIT seed="0,0,0,1,4,135" ten="250,250,250,250" oya="0" hai0="92,21,28,19,116,122,58,76,5,24,34,45,80" hai1="105,93,31,72,40,4,102,86,15,115,0,3,130" hai2="29,51,55,109,43,50,44,134,84,6,36,30,65" hai3="64,129,20,2,123,95,99,47,107,32,23,91,26"/><T82/><D116/><U12/><E72/><V57/><F109/><W17/><G2/><T60/><D122/><U39/><E105/><V41/><F134/><W85/><G123/><T121/><D121/><U100/><E31/><V16/><F6/><W9/><G129/><T22/><D5/><U101/><E130/><V90/><F65/><W89/><G32/><T73/><D82/><U70/><E70/><V8/><F41/><W48/><G64/><T111/><D111/><U98/><E86/><V63/><F63/><W11/><G23/><T103/><D45/><U13/><E115/><V88/><F36/><W112/><G112/><T33/><D92/><U61/><E61/><V59/><F59/><W110/><G110/><T106/><D103/><U120/><E120/><V104/><F104/><W67/><G67/><T18/><D106/><U83/><E83/><N who="2" m="49183" /><F90/><W35/><G35/><T78/><D78/><U66/><E66/><V114/><F114/><W87/><G107/><T74/><D74/><U14/><N who="1" m="3072" /><DORA hai="77" /><U128/><E128/><V132/><F132/><W56/><G56/><T81/><D81/><U37/><E37/><V94/><F94/><W119/><G119/><T38/><D38/><U52/><E4/><V10/><F16/><W7/><G7/><T53/><REACH who="0" step="1"/><D18/><REACH who="0" ten="240,250,250,250" step="2"/><U124/><E39/><V49/><F49/><W131/><G131/><T68/><D68/><U46/><E3/><V75/><F75/><W113/><G113/><T62/><D62/><U69/><E0/><V125/><F125/><W27/><G17/><T71/><D71/><U42/><E69/><RYUUKYOKU ba="0,1" sc="240,15,250,-15,250,15,250,-15" hai0="19,21,22,24,28,33,34,53,58,60,73,76,80" hai2="8,10,29,30,43,44,50,51,55,57" /><INIT seed="0,1,1,3,5,94" ten="255,235,265,235" oya="0" hai0="6,126,69,99,33,83,26,47,67,70,62,3,116" hai1="122,35,86,11,34,1,17,85,10,46,75,30,51" hai2="111,42,8,15,14,135,52,115,16,29,49,63,95" hai3="96,55,38,124,32,21,43,104,82,79,44,2,110"/><T13/><D116/><U64/><E75/><V73/><F111/><W77/><G110/><T123/><D123/><U105/><E105/><V120/><F115/><W37/><G32/><T28/><D126/><U90/><E122/><V93/><F135/><W72/><G124/><T27/><D3/><U109/><E109/><V71/><F120/><W119/><G119/><T31/><D47/><U66/><E11/><V54/><F73/><W58/><G2/><T76/><D99/><U18/><E86/><V5/><F29/><W103/><G77/><T80/><D70/><U134/><E134/><V50/><F42/><W121/><G121/><T48/><D48/><N who="2" m="18538" /><F71/><W114/><G114/><T25/><D31/><U53/><E1/><V22/><F54/><W60/><REACH who="3" step="1"/><G21/><REACH who="3" ten="255,235,265,225" step="2"/><T118/><D118/><U39/><E35/><V36/><F36/><AGARI ba="1,2" hai="36,37,38,43,44,55,58,60,72,79,82,96,103,104" machi="36" ten="30,7700,0" yaku="1,1,2,1,7,1,52,1,53,0" doraHai="94" doraHaiUra="133" who="3" fromWho="2" sc="255,0,235,0,265,-80,225,100" /><INIT seed="1,0,0,5,4,83" ten="255,235,185,325" oya="1" hai0="7,21,94,105,51,17,77,24,76,43,11,106,1" hai1="56,128,19,30,42,115,38,79,40,98,9,23,126" hai2="31,52,108,85,68,3,71,75,66,36,88,12,15" hai3="95,0,117,27,82,50,102,129,14,70,58,35,91"/><U65/><E115/><V92/><F108/><W121/><G121/><T18/><D94/><U96/><E126/><V47/><F3/><W89/><G0/><T120/><D120/><U41/><E128/><V39/><F75/><W134/><G70/><T72/><D18/><U55/><E38/><V46/><F31/><W112/><G112/><T53/><D43/><U69/><E79/><V2/><F2/><W67/><G129/><T73/><D76/><U131/><E131/><V74/><F74/><W114/><G134/><T44/><REACH who="0" step="1"/><D73/><REACH who="0" ten="245,235,185,325" step="2"/><U103/><E42/><V5/><F5/><W25/><G95/><T49/><D49/><U62/><E41/><V93/><F39/><W61/><G50/><T125/><D125/><U34/><E40/><V109/><F36/><W135/><G114/><T37/><D37/><U63/><E19/><V130/><F130/><W13/><G135/><T22/><D22/><U16/><E23/><V123/><F123/><W122/><G122/><T86/><D86/><U118/><E16/><V54/><F109/><W4/><G117/><T57/><D57/><U87/><E56/><V124/><F124/><W33/><G58/><T60/><D60/><U8/><E63/><V80/><F85/><W111/><G61/><T29/><D29/><U97/><E30/><V64/><F80/><AGARI ba="0,1" hai="1,7,11,17,21,24,44,51,53,72,77,80,105,106" machi="80" ten="40,5200,0" yaku="1,1,53,2" doraHai="83" doraHaiUra="101" who="0" fromWho="2" sc="245,62,235,0,185,-52,325,0" /><INIT seed="2,0,0,5,0,27" ten="307,235,133,325" oya="2" hai0="89,114,59,83,1,121,35,13,99,67,21,68,98" hai1="32,112,93,87,132,60,52,53,128,79,73,42,72" hai2="76,56,78,19,10,2,30,7,109,64,107,111,84" hai3="45,24,92,5,25,129,62,20,58,69,46,94,110"/><V33/><F107/><W120/><G120/><T8/><D114/><U49/><E32/><V127/><F127/><W86/><G69/><T70/><D35/><U15/><E112/><V85/><F19/><W48/><G110/><N who="2" m="41993" /><F64/><W31/><G5/><T38/><D38/><U34/><E34/><V0/><F56/><W135/><G135/><T103/><D121/><U14/><E132/><V6/><F7/><W55/><G129/><T17/><D1/><U118/><E128/><V57/><F57/><W47/><G25/><T4/><D70/><U105/><E105/><V40/><F40/><W130/><G130/><T43/><D43/><U63/><E42/><V77/><F0/><W97/><G97/><T113/><D68/><U3/><E3/><V123/><F123/><W131/><G131/><T80/><D113/><U95/><E15/><V26/><AGARI ba="0,0" hai="2,6,10,26,30,33,76,77,78,84,85" m="41993" machi="26" ten="40,7800,0" yaku="14,1,10,1,52,1" doraHai="27" who="2" fromWho="2" sc="307,-26,235,-26,133,78,325,-26" /><INIT seed="2,1,0,1,5,64" ten="281,209,211,299" oya="2" hai0="106,75,96,104,83,71,31,107,12,50,82,69,74" hai1="68,89,93,126,30,40,91,46,21,61,18,5,124" hai2="98,27,97,111,122,48,135,29,103,84,116,85,81" hai3="90,121,77,109,20,11,79,52,114,24,59,117,125"/><V15/><F116/><W44/><G117/><T23/><D96/><U113/><E113/><V134/><F122/><W129/><G121/><T1/><D1/><U16/><E5/><V67/><F111/><W55/><G109/><T131/><D50/><U53/><E30/><V54/><F15/><W32/><G32/><T36/><D36/><U51/><E40/><V47/><F67/><W101/><G101/><T120/><D120/><U38/><E38/><V95/><F97/><W112/><G125/><N who="1" m="48234" /><E93/><V49/><F49/><N who="3" m="28711" /><G129/><T17/><D131/><U14/><E18/><V39/><F39/><W56/><G56/><T72/><REACH who="0" step="1"/><D31/><REACH who="0" ten="271,209,211,299" step="2"/><U60/><E60/><V8/><F134/><W34/><G112/><T87/><D87/><U6/><E6/><V80/><F135/><W123/><G114/><T66/><D66/><AGARI ba="1,1" hai="14,16,21,46,51,53,61,66,68,89,91" m="48234" machi="66" ten="30,3900,0" yaku="18,1,52,1,54,1" doraHai="64" who="1" fromWho="0" sc="271,-42,209,52,211,0,299,0" /><INIT seed="3,0,0,5,0,33" ten="229,261,211,299" oya="3" hai0="116,100,6,135,81,51,117,0,121,108,74,111,113" hai1="125,95,18,1,115,124,89,50,96,66,82,2,43" hai2="32,36,20,99,75,87,127,126,94,24,118,35,92" hai3="85,84,49,55,16,76,120,54,131,72,78,112,71"/><W61/><G112/><T83/><D121/><U44/><E115/><V103/><F118/><N who="0" m="45674" /><D113/><U46/><E66/><V62/><F36/><W68/><G120/><T59/><D100/><U56/><E56/><V48/><F75/><W86/><G72/><T88/><D74/><U123/><E123/><V98/><F87/><W29/><G29/><T38/><D38/><U21/><E82/><N who="0" m="31241" /><D59/><U91/><E91/><V42/><F62/><W64/><G68/><T15/><D51/><U129/><E129/><V37/><F37/><W13/><G131/><T7/><D15/><N who="1" m="9439" /><E46/><V132/><F132/><W104/><G104/><T27/><D27/><U114/><E114/><V63/><F63/><W73/><G73/><T128/><D128/><U41/><E41/><V107/><F107/><W69/><G69/><T102/><D102/><U4/><E4/><N who="0" m="1577" /><D135/><U105/><E105/><V134/><F134/><W17/><G13/><T9/><D9/><U60/><E60/><V97/><F103/><W40/><G40/><T80/><N who="0" m="31249" /><T39/><DORA hai="106" /><D39/><U93/><E93/><N who="2" m="35947" /><F48/><W45/><G71/><T133/><D133/><U8/><E8/><V3/><F42/><W79/><G64/><T11/><D11/><U31/><E31/><N who="2" m="17799" /><F3/><W101/><G101/><T19/><D19/><U28/><E28/><V65/><F65/><W26/><G26/><T14/><D14/><U67/><E67/><V122/><F122/><W130/><G130/><T23/><D23/><U57/><E57/><AGARI ba="0,0" hai="16,17,45,49,54,55,57,61,76,78,79,84,85,86" machi="57" ten="40,3900,0" yaku="8,1,54,1" doraHai="33,106" who="3" fromWho="1" sc="229,0,261,-39,211,0,299,39" owari="229,2.9,222,-17.8,211,-28.9,338,43.8" /></mjloggm>