<mjloggm ver="2.3"><GO type="225" lobby="0"/><UN n0="%E5%8F%AF%E5%85%90%E9%82%A3%E7%94%B1%E5%A4%9A" n1="%E9%BB%99%E8%81%B4%E3%81%AE%E3%81%99%E3%82%9D%E3%82%81" n2="%E3%81%90%E3%81%A1%E3%82%84%E3%81%BE" n3="%E5%8D%A0%E3%81%84%E5%B8%AB%E8%A3%8F%E3%81%AA%E3%81%84%E3%81%97" dan="16,16,16,17" rate="2129.94,2150.65,2126.35,2170.80" sx="F,M,M,M"/><TAIKYOKU oya="0"/><INIT seed="0,0,0,5,1,82" ten="250,250,250,250" oya="0" hai0="79,78,74,109,36,99,62,15,11,13,76,87,97" hai1="14,51,12,119,35,102,56,133,43,75,116,106,66" hai2="127,6,89,34,110,81,113,117,24,94,105,47,115" hai3="19,125,112,4,38,67,132,107,134,88,72,130,73"/><T71/><D36/><U3/><E3/><V25/><F105/><W58/><G38/><T46/><D74/><U39/><E75/><V42/><F110/><W83/><G107/><T45/><D109/><U68/><E35/><V121/><F121/><W90/><G112/><T100/><D71/><U111/><E102/><V40/><F81/><W5/><G125/><T28/><D28/><U37/><E106/><V61/><F127/><W118/><G118/><T77/><D62/><N who="1" m="40023" /><E12/><V17/><F117/><N who="1" m="45129" /><E14/><V123/><F123/><W124/><G124/><T55/><D15/><U8/><E8/><V10/><F61/><W128/><G19/><T84/><N who="0" m="19456" /><DORA hai="80" /><T101/><D101/><U54/><E111/><V69/><F69/><W86/><G67/><T50/><D46/><N who="1" m="26079" /><E133/><N who="3" m="51306" /><G58/><T120/><D120/><U93/><E93/><V1/><F113/><W31/><G31/><T129/><D129/><N who="3" m="49769" /><G90/><T27/><D27/><U21/><E21/><V59/><F25/><W122/><G122/><T52/><D100/><U2/><E2/><V131/><F1/><W23/><G23/><T20/><D20/><U92/><E92/><V53/><F94/><W7/><AGARI ba="0,0" hai="4,5,7,72,73,83,86,88" m="49769,51306" machi="7" ten="40,8000,1" yaku="20,1,19,1,52,2,54,1" doraHai="82,80" who="3" fromWho="3" sc="250,-40,250,-20,250,-20,250,80" /><INIT seed="1,0,0,0,3,41" ten="210,230,230,330" oya="1" hai0="106,134,101,94,43,122,22,32,131,133,88,5,48" hai1="31,91,135,23,115,11,130,95,84,3,4,36,59" hai2="40,56,69,65,0,110,58,12,57,85,112,24,27" hai3="18,70,74,98,9,61,66,123,2,39,114,46,81"/><U68/><E130/><V26/><F0/><W20/><G123/><T86/><D32/><U53/><E135/><N who="0" m="51721" /><D131/><U25/><E68/><V72/><F72/><W37/><G114/><T47/><D122/><U1/><E36/><V45/><F110/><W50/><G98/><N who="0" m="61751" /><D22/><U83/><E115/><V16/><F85/><W55/><G2/><T73/><D5/><U129/><E129/><V120/><F120/><W63/><G9/><T118/><D73/><U87/><E1/><V13/><F112/><W82/><G63/><T111/><D111/><U52/><REACH who="1" step="1"/><E59/><REACH who="1" ten="210,220,230,330" step="2"/><V6/><F69/><W44/><G37/><T15/><D15/><U126/><E126/><V96/><F13/><W67/><G39/><T90/><D90/><AGARI ba="0,1" hai="3,4,11,23,25,31,52,53,83,84,87,90,91,95" machi="90" ten="30,5800,0" yaku="1,1,7,1,54,1,53,0" doraHai="41" doraHaiUra="108" who="1" fromWho="0" sc="210,-58,220,68,230,0,330,0" /><INIT seed="1,1,0,5,1,1" ten="152,288,230,330" oya="1" hai0="59,110,128,37,70,113,99,28,74,81,62,38,21" hai1="101,30,8,106,26,3,43,23,107,79,76,27,66" hai2="108,82,109,29,14,114,105,31,98,13,87,96,58" hai3="118,57,102,112,120,90,63,111,83,11,36,53,86"/><U56/><E43/><V78/><F58/><W103/><G120/><T135/><D113/><U32/><E66/><V91/><F114/><W95/><G112/><T0/><D110/><N who="2" m="42602" /><F105/><W93/><G36/><T92/><D128/><U19/><E56/><V61/><F61/><W127/><G127/><T6/><D135/><U20/><E32/><V15/><F96/><W35/><G35/><T77/><D70/><U41/><E41/><V48/><F48/><W65/><G111/><T115/><D115/><U73/><E73/><N who="2" m="43343" /><F98/><W84/><G118/><T88/><D21/><U45/><E45/><V47/><F47/><W132/><G132/><T71/><D28/><U54/><E54/><V133/><F133/><W42/><G42/><T34/><D34/><U40/><E40/><V18/><F18/><W44/><G93/><AGARI ba="1,0" hai="13,14,15,29,31,87,91,93" m="43343,42602" machi="93" ten="30,1000,0" yaku="14,1" doraHai="1" who="2" fromWho="3" sc="152,0,288,0,230,13,330,-13" /><INIT seed="2,0,0,5,2,48" ten="152,288,243,317" oya="2" hai0="86,38,21,69,98,90,2,9,6,36,39,42,74" hai1="76,95,134,135,75,46,44,20,28,88,13,5,52" hai2="79,8,1,0,51,78,49,27,130,94,113,12,123" hai3="26,96,124,40,71,108,18,92,61,17,128,104,103"/><V81/><F123/><W31/><G108/><T67/><D74/><U82/><E28/><V100/><F113/><W91/><G40/><T63/><D98/><U122/><E122/><V70/><F70/><W64/><G128/><T127/><D127/><U83/><E83/><V105/><F105/><W4/><G4/><T112/><D112/><U7/><E20/><V106/><F106/><W54/><G54/><T25/><D42/><U15/><E5/><V41/><F0/><W30/><G30/><T45/><D45/><U65/><E65/><V111/><F1/><W73/><G73/><T68/><D68/><U33/><E33/><V107/><F107/><W99/><REACH who="3" step="1"/><G124/><REACH who="3" ten="152,288,243,307" step="2"/><T32/><D32/><AGARI ba="0,1" hai="17,18,26,31,32,61,64,71,91,92,96,99,103,104" machi="32" ten="30,8000,1" yaku="1,1,2,1,7,1,25,2,53,0" doraHai="48" doraHaiUra="110" who="3" fromWho="0" sc="152,-80,288,0,243,0,307,90" /><INIT seed="3,0,0,1,1,102" ten="72,288,243,397" oya="3" hai0="54,56,121,80,83,99,41,22,11,15,108,111,44" hai1="68,135,5,113,103,40,13,14,85,107,90,109,105" hai2="87,43,42,4,50,52,70,112,46,19,67,131,36" hai3="1,76,24,118,3,134,9,30,71,123,35,79,23"/><W28/><G118/><T106/><D121/><U126/><E68/><V104/><F112/><W127/><G123/><T129/><D129/><U122/><E113/><V33/><F33/><W21/><G71/><T88/><D22/><U37/><E122/><V75/><F75/><W59/><G134/><T91/><D111/><U31/><E109/><V61/><F4/><W26/><G127/><T74/><D108/><U114/><E114/><V18/><F131/><W92/><G35/><T130/><D130/><U115/><E115/><V97/><F87/><W84/><G59/><T96/><D74/><U48/><E37/><V7/><F7/><W120/><G120/><T57/><D44/><U132/><E31/><V58/><F43/><W10/><G84/><T81/><D41/><U128/><E128/><V53/><F53/><W86/><G86/><T49/><D57/><U119/><E103/><AGARI ba="0,0" hai="18,19,36,42,46,50,52,58,61,67,70,97,103,104" machi="103" ten="40,8000,1" yaku="24,2,52,1,54,1" doraHai="102" who="2" fromWho="1" sc="72,0,288,-80,243,80,397,0" owari="72,-42.8,208,-19.2,323,12.3,397,49.7" /></mjloggm>