<mjloggm ver="2.3"><GO type="225" lobby="0"/><UN n0="%6D%61%74%69%67%75%73%61" n1="%E3%81%95%E3%81%8D%E3%81%9F%E3%81%BE%E6%9E%97%E6%AA%8E" n2="%E5%B8%86%E7%AB%8B%E5%A4%8F%E8%A1%A3" n3="%E3%82%BC%E3%83%AB%E3%83%80%E3%81%AE%E4%BC%9D%E8%AA%AC" dan="17,16,17,17" rate="2103.08,2165.80,2262.86,2140.63" sx="M,M,M,M"/><TAIKYOKU oya="0"/><INIT seed="0,0,0,3,3,44" ten="250,250,250,250" oya="0" hai0="71,127,89,24,134,11,39,115,18,14,75,74,31" hai1="98,7,46,121,77,94,2,116,122,65,36,56,95" hai2="47,41,34,26,60,124,13,52,126,63,22,53,54" hai3="21,96,49,73,29,117,79,88,109,4,97,78,119"/><T125/><D115/><U69/><E116/><V110/><F13/><W1/><G1/><T90/><D71/><U107/><E69/><V6/><F6/><W28/><G4/><T15/><D39/><U131/><E107/><V99/><F34/><W16/><G73/><N who="0" m="27659" /><D134/><U129/><E77/><N who="3" m="29194" /><G109/><T72/><D14/><U5/><E36/><V27/><F99/><W68/><G68/><T104/><D104/><U118/><E118/><V132/><F110/><W61/><G61/><N who="2" m="23625" /><F22/><W93/><G119/><T45/><D72/><U111/><E111/><V58/><F132/><W128/><G128/><T42/><D24/><U17/><E2/><V80/><F80/><W64/><G64/><T32/><D32/><U50/><E65/><V86/><F86/><W106/><G106/><T102/><D102/><U81/><E81/><V59/><F27/><N who="3" m="14759" /><G117/><T23/><D23/><U70/><E70/><V33/><F26/><W82/><G82/><T40/><D11/><U100/><E131/><V10/><F10/><W112/><G112/><T130/><D130/><U84/><E129/><V3/><F33/><W92/><G49/><T83/><D83/><U66/><E5/><V62/><F3/><W120/><G120/><T19/><D15/><U91/><E7/><V57/><F62/><W37/><G37/><AGARI ba="0,0" hai="37,41,47,52,53,54,57,58,59,124,126" m="23625" machi="37" ten="40,5200,0" yaku="34,2,54,1" doraHai="44" who="2" fromWho="3" sc="250,0,250,0,250,52,250,-52" /><INIT seed="1,0,0,1,0,36" ten="250,250,302,198" oya="1" hai0="31,134,45,107,70,16,40,131,47,59,79,135,110" hai1="27,122,5,128,7,4,82,13,115,117,108,95,77" hai2="43,60,100,88,69,52,54,83,46,118,67,129,132" hai3="64,50,109,124,25,78,26,130,28,74,72,87,125"/><U105/><E115/><V23/><F118/><W99/><G109/><T30/><D70/><U56/><E117/><V81/><F100/><W71/><G130/><T116/><D116/><U57/><E122/><V92/><F129/><W106/><G87/><T101/><D79/><U9/><E128/><V17/><F132/><N who="0" m="50730" /><D47/><U120/><E120/><V22/><F81/><W94/><G50/><N who="0" m="26919" /><D59/><N who="1" m="22603" /><E105/><V96/><F83/><W73/><G78/><T68/><D68/><U76/><E108/><V14/><F23/><W19/><G19/><T42/><D42/><U113/><E113/><V10/><F22/><W6/><G6/><N who="1" m="2666" /><E82/><V102/><F102/><W90/><G106/><T127/><D127/><N who="3" m="48713" /><G28/><T119/><D110/><U24/><E95/><V133/><F133/><W55/><G55/><T123/><D123/><U84/><E84/><V86/><F86/><W12/><G12/><T53/><D53/><U63/><E63/><AGARI ba="0,0" hai="25,26,63,64,71,72,73,74,90,94,99" m="48713" machi="63" ten="40,1300,0" yaku="18,1" doraHai="36" who="3" fromWho="1" sc="250,0,250,-13,302,0,198,13" /><INIT seed="2,0,0,2,0,19" ten="250,237,302,211" oya="2" hai0="129,5,33,59,66,108,95,34,1,55,81,62,135" hai1="117,78,58,124,70,75,9,102,35,97,91,43,128" hai2="87,53,44,56,7,49,121,104,39,84,72,41,24" hai3="113,116,48,64,23,37,89,79,52,4,71,123,16"/><V82/><F104/><W106/><G116/><T54/><D108/><U42/><E117/><V83/><F121/><W103/><G123/><T27/><D5/><U69/><E35/><V73/><F7/><W125/><G4/><T18/><D135/><U21/><E91/><V114/><F114/><W96/><G37/><T13/><D129/><U15/><E58/><V67/><F67/><W76/><G113/><T112/><D1/><U20/><E78/><V28/><F84/><W74/><G74/><T31/><D33/><U101/><E75/><V120/><F83/><W2/><G2/><T132/><D132/><U98/><E15/><V107/><F107/><W100/><G100/><T61/><D95/><U127/><E9/><V29/><F29/><W134/><G134/><T30/><D30/><U50/><E50/><V92/><F92/><W86/><G125/><T122/><D122/><U63/><E63/><V22/><REACH who="2" step="1"/><F120/><REACH who="2" ten="250,237,292,211" step="2"/><W60/><G86/><T130/><D112/><U65/><E128/><V32/><F32/><W131/><G131/><T46/><D130/><U105/><E105/><V40/><F40/><W12/><REACH who="3" step="1"/><G89/><AGARI ba="0,1" hai="22,24,28,39,41,44,49,53,56,72,73,82,87,89" machi="89" ten="30,5800,0" yaku="1,1,7,1,52,1,53,0" doraHai="19" doraHaiUra="10" who="2" fromWho="3" sc="250,0,237,0,292,68,211,-58" /><INIT seed="2,1,0,5,0,94" ten="250,237,360,153" oya="2" hai0="34,109,22,74,71,33,60,26,18,24,19,86,78" hai1="103,10,9,120,61,37,98,96,6,13,27,16,40" hai2="121,50,104,82,126,100,65,58,42,85,20,69,35" hai3="14,66,46,134,116,45,43,83,135,101,47,107,113"/><V81/><F121/><W73/><G116/><T17/><D74/><U102/><E120/><V106/><F35/><W23/><G113/><T11/><D71/><U4/><E37/><V76/><F126/><W56/><G73/><T118/><D60/><U70/><E40/><V31/><F69/><W92/><G107/><T64/><D64/><U87/><E87/><V93/><F82/><W15/><G43/><T38/><D38/><U3/><E27/><N who="2" m="16871" /><F50/><W59/><G83/><T25/><D109/><U67/><REACH who="1" step="1"/><E6/><REACH who="1" ten="250,227,360,153" step="2"/><V62/><F42/><W127/><G127/><T28/><D86/><U44/><E44/><V131/><F131/><W8/><G134/><T48/><D26/><U57/><E57/><V52/><F85/><W130/><G135/><T1/><D24/><U68/><E68/><V41/><F58/><W2/><G130/><T5/><D25/><U77/><E77/><V99/><F76/><W7/><G59/><T129/><D78/><U75/><E75/><V80/><F41/><W97/><REACH who="3" step="1"/><G23/><REACH who="3" ten="250,227,360,143" step="2"/><T111/><D22/><U32/><E32/><V125/><F125/><W128/><G128/><T105/><D129/><U119/><E119/><V36/><F36/><W49/><G49/><T123/><D48/><U132/><E132/><V115/><F115/><W39/><G39/><T117/><D118/><U90/><E90/><V110/><F62/><AGARI ba="1,2" hai="2,7,8,14,15,45,46,47,56,62,66,92,97,101" machi="62" ten="40,2600,0" yaku="1,1,52,1,53,0" doraHai="94" doraHaiUra="21" who="3" fromWho="2" sc="250,0,227,0,360,-29,143,49" /><INIT seed="3,0,0,3,0,19" ten="250,227,331,192" oya="3" hai0="107,81,9,77,135,51,88,14,28,16,8,55,53" hai1="68,7,102,17,34,18,111,123,42,23,91,126,104" hai2="54,114,6,117,69,84,12,108,86,85,40,21,50" hai3="93,129,121,1,106,2,30,115,133,83,130,63,20"/><W10/><G106/><T110/><D107/><U56/><E68/><V35/><F35/><W44/><G115/><T33/><D110/><U49/><E34/><V127/><F69/><W22/><G121/><T119/><D119/><U79/><E123/><V39/><F108/><W32/><G93/><T99/><D135/><U36/><E111/><V24/><F127/><W103/><G103/><T66/><D66/><U92/><E126/><V3/><F3/><N who="3" m="1035" /><G83/><T124/><D124/><U109/><E109/><V4/><F117/><W5/><G44/><T13/><D28/><U31/><E7/><N who="2" m="2603" /><F39/><W98/><G98/><T29/><D29/><U62/><E36/><V100/><F114/><W97/><G97/><T0/><D0/><U90/><E79/><V71/><F71/><W112/><G63/><T60/><D33/><U125/><E125/><V45/><F100/><W41/><G41/><T75/><D60/><U78/><E78/><V118/><F118/><W120/><G120/><T65/><D65/><N who="1" m="39111" /><E104/><V95/><F95/><W73/><G73/><T134/><D134/><U72/><E72/><V101/><F101/><W113/><G133/><T46/><D55/><U70/><E70/><V25/><F54/><W64/><G64/><T80/><D75/><U43/><E43/><V57/><F57/><W15/><G112/><T59/><D59/><U48/><E42/><V132/><F132/><W105/><G105/><T122/><D122/><U89/><E102/><V94/><F94/><W47/><G47/><T67/><D67/><U116/><E92/><V61/><F61/><W11/><G113/><RYUUKYOKU ba="0,0" sc="250,-10,227,-10,331,30,192,-10" hai2="12,21,24,25,40,45,50,84,85,86" owari="240,4.0,217,-18.3,361,46.1,182,-31.8" /></mjloggm>