<mjloggm ver="2.3"><GO type="225" lobby="0"/><UN n0="%E7%9A%AE%E3%80%85" n1="%E5%B8%86%E7%AB%8B%E5%A4%8F%E8%A1%A3" n2="%E6%A5%93%E4%BB%8B" n3="%E5%A4%8F%E9%88%B4%E9%88%B4%E5%A4%8F" dan="16,17,16,16" rate="2150.30,2212.00,2095.45,2122.78" sx="F,M,M,F"/><TAIKYOKU oya="0"/><INIT seed="0,0,0,3,5,1" ten="250,250,250,250" oya="0" hai0="40,60,99,24,27,102,68,23,53,123,41,66,135" hai1="69,35,126,54,46,96,49,83,112,132,16,113,38" hai2="82,94,108,39,101,48,3,78,119,63,64,32,133" hai3="8,10,50,93,107,17,111,19,37,6,28,85,11"/><T104/><D135/><U9/><E35/><V106/><F108/><W122/><G37/><T103/><D123/><U13/><E132/><V70/><F133/><W65/><G107/><T21/><D53/><U45/><E126/><V43/><F48/><W36/><G36/><T98/><D23/><U33/><E33/><V134/><F94/><W55/><G111/><T75/><D27/><U90/><E69/><V76/><F76/><W51/><G28/><T86/><D86/><N who="1" m="50527" /><E96/><V109/><F134/><W20/><G65/><T52/><D52/><U34/><E34/><V56/><F56/><W81/><G93/><T92/><REACH who="0" step="1"/><D75/><REACH who="0" ten="240,250,250,250" step="2"/><U22/><E22/><V2/><F109/><W95/><G55/><T117/><D117/><U88/><E46/><N who="2" m="23935" /><F119/><W71/><G20/><T18/><AGARI ba="0,1" hai="18,21,24,40,41,60,66,68,92,98,99,102,103,104" machi="18" ten="20,3900,0" yaku="1,1,0,1,7,1,53,0" doraHai="1" doraHaiUra="124" who="0" fromWho="0" sc="240,49,250,-13,250,-13,250,-13" /><INIT seed="0,1,0,4,5,131" ten="289,237,237,237" oya="0" hai0="67,97,129,68,62,125,65,47,134,91,105,61,87" hai1="117,109,27,31,121,85,103,118,114,51,21,88,95" hai2="58,59,33,35,108,80,135,7,93,82,86,70,99" hai3="41,72,73,132,119,130,112,34,63,8,30,9,102"/><T104/><D129/><U18/><E109/><V3/><F70/><W49/><G119/><T83/><D125/><U44/><E121/><V17/><F108/><W12/><G102/><T1/><D1/><U45/><E114/><V40/><F40/><W123/><G123/><T2/><D2/><U25/><E103/><V57/><F7/><W122/><G8/><T107/><D47/><U20/><REACH who="1" step="1"/><E45/><REACH who="1" ten="289,227,237,237" step="2"/><V54/><F57/><W133/><G122/><T120/><D120/><U81/><E81/><V101/><F58/><W96/><G112/><T74/><D74/><U4/><E4/><V64/><F82/><W98/><G73/><T42/><D42/><AGARI ba="1,1" hai="18,20,21,25,27,31,42,44,51,85,88,95,117,118" machi="42" ten="30,8000,1" yaku="1,1,7,1,54,1,53,2" doraHai="131" doraHaiUra="22" who="1" fromWho="0" sc="289,-83,227,93,237,0,237,0" /><INIT seed="1,0,0,4,0,107" ten="206,320,237,237" oya="1" hai0="0,3,129,127,45,47,44,25,77,78,135,5,17" hai1="105,122,123,8,43,128,100,98,121,70,2,49,28" hai2="19,22,96,131,48,64,62,37,126,134,24,31,30" hai3="33,99,18,73,80,88,104,72,53,82,90,13,12"/><U4/><E128/><V103/><F37/><W27/><G12/><T120/><D129/><U132/><E132/><V118/><F118/><W58/><G27/><T29/><D135/><U95/><E70/><V41/><F126/><W51/><G33/><T39/><D127/><U94/><E28/><V50/><F134/><W86/><G82/><T35/><D120/><U56/><E56/><N who="2" m="36935" /><F131/><W74/><G104/><T87/><D39/><U125/><E125/><V113/><F113/><W67/><G67/><T92/><D17/><U57/><E57/><V7/><F7/><W32/><G32/><T130/><D130/><U116/><E116/><V40/><F96/><W83/><G99/><T38/><D38/><U68/><E68/><V75/><F103/><W81/><REACH who="3" step="1"/><G86/><REACH who="3" ten="206,320,237,227" step="2"/><T10/><REACH who="0" step="1"/><D3/><REACH who="0" ten="196,320,237,227" step="2"/><U63/><E122/><V55/><F31/><W97/><G97/><T102/><D102/><U60/><E121/><V112/><F30/><W11/><AGARI ba="0,2" hai="11,13,18,51,53,58,72,73,74,80,81,83,88,90" machi="11" ten="40,12000,2" yaku="1,1,0,1,52,3,54,1,53,1" doraHai="107" doraHaiUra="52" who="3" fromWho="3" sc="196,-30,320,-60,237,-30,227,140" /><INIT seed="2,0,0,4,1,83" ten="166,260,207,367" oya="2" hai0="81,29,45,21,75,89,38,50,123,92,39,36,122" hai1="108,102,15,87,54,14,88,64,26,100,84,130,85" hai2="28,98,114,90,30,7,111,61,32,69,53,65,131" hai3="16,27,35,107,44,96,72,47,56,11,95,31,18"/><V41/><F114/><W20/><G107/><T59/><D59/><U46/><E108/><V23/><F131/><W4/><G72/><T57/><D57/><U34/><E130/><V135/><F135/><W109/><G56/><T127/><D127/><U6/><E64/><V110/><F53/><W9/><G9/><T8/><D8/><N who="1" m="4375" /><E34/><V55/><F55/><W19/><G35/><T74/><D21/><U129/><E129/><V117/><F117/><W1/><REACH who="3" step="1"/><G109/><REACH who="3" ten="166,260,207,357" step="2"/><N who="2" m="41481" /><F32/><W60/><G60/><T73/><D29/><U113/><E113/><V121/><F23/><W134/><G134/><T105/><D105/><U58/><E46/><V97/><F30/><W25/><G25/><T93/><D123/><U94/><E26/><V86/><F28/><W78/><G78/><T71/><D71/><U106/><E106/><V128/><F121/><W62/><G62/><T82/><D122/><U24/><E24/><V77/><F77/><W103/><AGARI ba="0,1" hai="1,4,11,16,18,19,20,27,31,44,47,95,96,103" machi="103" ten="30,4000,0" yaku="1,1,0,1,54,1,53,0" doraHai="83" doraHaiUra="70" who="3" fromWho="3" sc="166,-10,260,-10,207,-20,357,50" /><INIT seed="3,0,0,1,0,23" ten="156,250,187,407" oya="3" hai0="52,19,95,94,88,42,125,53,99,46,28,7,103" hai1="77,113,104,121,4,40,14,64,50,34,63,68,54" hai2="35,72,91,93,21,11,131,5,57,18,30,15,110" hai3="82,51,58,59,105,90,27,108,41,12,73,83,67"/><W132/><G105/><T78/><D125/><U17/><E113/><V101/><F110/><W96/><G12/><T100/><D7/><U124/><E34/><V97/><F131/><W22/><G73/><T61/><D28/><U120/><E104/><V65/><F72/><W26/><G22/><T60/><D78/><U81/><E124/><V127/><F127/><W107/><G107/><T85/><D19/><U56/><E40/><V126/><F126/><W31/><G51/><N who="0" m="27095" /><D103/><U36/><E36/><V9/><F5/><W71/><G26/><T75/><D75/><U29/><E29/><V134/><F134/><W38/><G58/><T117/><D117/><U118/><E4/><V55/><F65/><W45/><G96/><T109/><D109/><U122/><E118/><V74/><F74/><W2/><G83/><T114/><D114/><U43/><E120/><V102/><F35/><W47/><G82/><T111/><D111/><U25/><E121/><V133/><F133/><W0/><G67/><T16/><D16/><U79/><E81/><V20/><F20/><W44/><G59/><T32/><D32/><U66/><E64/><V92/><F30/><W10/><G47/><T13/><D13/><U87/><E14/><V49/><F102/><W70/><G90/><T33/><D33/><U6/><E6/><V98/><AGARI ba="0,0" hai="9,11,15,18,21,49,55,57,91,92,93,97,98,101" machi="98" ten="20,2700,0" yaku="0,1,7,1,8,1" doraHai="23" who="2" fromWho="2" sc="156,-7,250,-7,187,27,407,-13" owari="149,-35.1,243,4.3,214,-18.6,394,49.4" /></mjloggm>