<mjloggm ver="2.3"><GO type="225" lobby="0"/><UN n0="%E8%B5%A4%E3%81%84%E8%9B%99%31%31" n1="%E3%81%A4%E3%81%A3%E3%81%B1%E3%82%8A%E3%83%9D%E3%83%BC%E3%83%AB" n2="%E3%83%B4%E3%83%A0%EF%BC%99%E3%81%A6" n3="%72%61%6B%33" dan="16,17,16,16" rate="2101.89,2182.84,2179.98,2080.74" sx="M,M,M,M"/><TAIKYOKU oya="0"/><INIT seed="0,0,0,3,3,41" ten="250,250,250,250" oya="0" hai0="94,54,87,46,38,132,29,127,114,49,111,125,113" hai1="60,17,57,102,105,9,115,68,126,36,80,53,86" hai2="39,10,8,15,23,72,50,26,130,76,30,112,99" hai3="1,44,95,24,0,3,97,135,123,59,63,70,37"/><T42/><D29/><U82/><E126/><N who="0" m="48137" /><D132/><U131/><E131/><V13/><F39/><W11/><G135/><T18/><D18/><U51/><E115/><V22/><F112/><N who="0" m="43114" /><D111/><U21/><E36/><V88/><F130/><W116/><G116/><T89/><D38/><U78/><E9/><N who="2" m="3691" /><F76/><W33/><G123/><T6/><D6/><U108/><E108/><V69/><F69/><W103/><G70/><T134/><D134/><U110/><E110/><V84/><F72/><W48/><G37/><T35/><D35/><U117/><E117/><V107/><F107/><W129/><G129/><T74/><D74/><U118/><E118/><V52/><F99/><W65/><G11/><T83/><D83/><U73/><E105/><V28/><F23/><W47/><REACH who="3" step="1"/><G48/><REACH who="3" ten="250,250,250,240" step="2"/><T27/><D27/><U14/><E51/><V100/><F50/><W7/><G7/><T104/><D104/><U16/><E68/><V109/><F26/><W90/><G90/><T96/><D42/><U19/><E102/><V67/><F100/><W58/><G58/><T4/><D4/><U124/><REACH who="1" step="1"/><E124/><REACH who="1" ten="250,240,250,240" step="2"/><V120/><F109/><W81/><G81/><T133/><D133/><U12/><E12/><V31/><F13/><W25/><G25/><T20/><D20/><U5/><E5/><V45/><F15/><W121/><G121/><T92/><D92/><U119/><E119/><V77/><F120/><W93/><G93/><T101/><D101/><U91/><AGARI ba="0,2" hai="14,16,17,19,21,53,57,60,73,78,80,82,86,91" machi="91" ten="20,5200,0" yaku="1,1,0,1,7,1,54,1,53,0" doraHai="41" doraHaiUra="62" who="1" fromWho="1" sc="250,-26,240,72,250,-13,240,-13" /><INIT seed="1,0,0,4,1,12" ten="224,312,237,227" oya="1" hai0="84,22,93,116,28,104,100,132,65,34,9,135,42" hai1="2,129,62,110,5,49,119,133,71,83,20,16,17" hai2="18,6,66,52,75,117,73,15,68,0,134,79,7" hai3="74,118,96,89,97,38,30,24,4,51,99,56,102"/><U126/><E119/><V59/><F117/><W91/><G38/><T113/><D113/><U27/><E133/><N who="0" m="51273" /><D116/><U64/><E129/><V94/><F134/><W78/><G118/><T39/><D65/><U86/><E126/><V37/><F37/><W50/><G4/><T60/><D60/><U32/><E32/><V114/><F114/><W19/><G102/><T107/><D34/><U105/><E105/><V81/><F73/><W36/><G36/><T125/><D125/><U108/><E49/><V48/><F0/><W70/><G70/><T53/><D53/><U67/><E67/><V25/><F25/><W11/><G78/><T58/><D58/><U26/><E5/><V63/><REACH who="2" step="1"/><F94/><REACH who="2" ten="224,312,227,227" step="2"/><W23/><G74/><T90/><D39/><U112/><E2/><V76/><F76/><W29/><G29/><T109/><D107/><U1/><E1/><V40/><F40/><W123/><G123/><T33/><D42/><U13/><E112/><V131/><F131/><W82/><G30/><T57/><D28/><U41/><E41/><V45/><F45/><W46/><G46/><T55/><D104/><U31/><E27/><V80/><F80/><W61/><G82/><T44/><D44/><U35/><E31/><V92/><F92/><W85/><G24/><T103/><D93/><U130/><E130/><V54/><F54/><W3/><G3/><T72/><D55/><U77/><E35/><V128/><F128/><W122/><G122/><T8/><D33/><U98/><E98/><V21/><AGARI ba="0,1" hai="6,7,15,18,21,48,52,59,63,66,68,75,79,81" machi="21" ten="20,8000,1" yaku="1,1,0,1,7,1,52,1,54,1,53,0" doraHai="12" doraHaiUra="111" who="2" fromWho="2" sc="224,-20,312,-40,227,90,227,-20" /><INIT seed="2,0,0,5,2,5" ten="204,272,317,207" oya="2" hai0="34,102,82,135,119,75,51,96,81,53,127,56,86" hai1="76,114,18,93,74,104,57,108,83,26,125,110,84" hai2="28,30,27,111,55,133,41,24,38,92,116,99,80" hai3="60,8,94,97,62,128,65,36,122,89,71,52,13"/><V45/><F116/><W121/><G36/><T35/><D119/><U107/><E57/><V43/><F133/><W10/><G128/><T100/><D135/><U95/><E18/><V59/><F111/><N who="1" m="42537" /><E26/><V58/><F80/><W2/><G2/><T66/><D127/><U129/><E125/><V118/><F118/><W77/><G77/><T67/><D75/><U50/><E50/><V64/><F64/><W98/><G98/><T68/><D68/><U44/><E44/><V25/><F43/><W113/><G113/><T29/><D29/><U7/><E7/><V40/><F40/><W33/><G33/><T131/><D131/><U85/><E129/><V54/><F58/><W120/><REACH who="3" step="1"/><G13/><REACH who="3" ten="204,272,317,197" step="2"/><T78/><D35/><U117/><E114/><V79/><F79/><W134/><G134/><T61/><D34/><U6/><E117/><V21/><F38/><W103/><G103/><N who="0" m="39467" /><D96/><U11/><E107/><V72/><F99/><W109/><G109/><T70/><D70/><U42/><E104/><V3/><F3/><W19/><G19/><T123/><D123/><U48/><E74/><V22/><F72/><W90/><G90/><T105/><D105/><U12/><E85/><V47/><F28/><W15/><G15/><T124/><D124/><U16/><E16/><V9/><F30/><W31/><G31/><T0/><D0/><U23/><E84/><V130/><F130/><W46/><G46/><N who="0" m="27895" /><D82/><U106/><E83/><V49/><F45/><W126/><G126/><T73/><D73/><U4/><E106/><V115/><F47/><W69/><G69/><T1/><D1/><RYUUKYOKU ba="0,1" sc="204,15,272,-15,317,-15,197,15" hai0="56,61,66,67,78,81,86" hai3="8,10,52,60,62,65,71,89,94,97,120,121,122" /><INIT seed="3,1,1,5,5,33" ten="219,257,302,212" oya="3" hai0="29,1,101,6,95,105,85,93,48,42,66,30,117" hai1="130,100,72,23,91,133,73,63,115,69,84,4,18" hai2="74,82,68,132,78,13,108,125,10,97,109,3,51" hai3="17,65,81,22,122,60,15,94,104,55,67,128,50"/><W112/><G104/><T70/><D117/><U103/><E115/><V7/><F68/><W21/><G112/><T49/><D105/><U98/><E133/><V47/><F132/><W90/><G122/><T0/><D70/><U8/><E130/><V119/><F119/><W62/><G128/><T134/><D66/><N who="3" m="25097" /><G81/><T9/><D134/><U37/><E37/><V135/><F135/><W56/><G22/><T102/><D85/><AGARI ba="1,1" hai="15,17,21,50,55,56,60,62,85,90,94" m="25097" machi="85" ten="30,2900,0" yaku="25,1,8,1" doraHai="33" who="3" fromWho="0" sc="219,-32,257,0,302,0,212,42" /><INIT seed="3,2,0,4,1,2" ten="187,257,302,254" oya="3" hai0="112,134,122,73,92,29,40,77,104,97,45,86,38" hai1="25,46,124,133,33,5,18,116,131,87,114,98,72" hai2="111,34,4,119,27,107,68,13,127,65,48,113,26" hai3="125,118,21,79,39,19,53,11,76,90,28,101,91"/><W64/><G118/><T35/><D122/><U49/><E72/><V8/><F113/><W100/><G125/><T0/><D134/><U105/><E114/><V89/><F119/><W16/><G39/><T99/><D112/><U96/><E116/><V67/><F107/><W108/><G108/><T20/><D35/><U120/><E105/><V63/><F111/><W78/><G64/><T110/><D110/><U62/><E120/><V7/><F127/><W47/><G28/><T106/><D0/><U82/><E124/><V130/><F130/><W10/><G47/><T94/><D29/><U52/><E133/><V44/><F65/><W132/><G132/><T74/><D20/><N who="1" m="13463" /><E33/><V12/><F34/><W81/><G53/><T88/><D106/><U60/><E5/><V50/><F89/><N who="3" m="33803" /><G81/><T84/><D104/><U36/><E36/><V121/><F121/><W9/><G21/><T103/><REACH who="0" step="1"/><D77/><REACH who="0" ten="177,257,302,254" step="2"/><N who="1" m="46543" /><E131/><V75/><F27/><W55/><G55/><T123/><D123/><U42/><E52/><V22/><F26/><W32/><G32/><T80/><D80/><U126/><E126/><V41/><F22/><W6/><G6/><T135/><D135/><U93/><E93/><V128/><F4/><W71/><G71/><T85/><AGARI ba="2,1" hai="38,40,45,73,74,84,85,86,88,92,94,97,99,103" machi="85" ten="30,4000,0" yaku="1,1,0,1,54,1,53,0" doraHai="2" doraHaiUra="3" who="0" fromWho="0" sc="177,56,257,-12,302,-12,254,-22" /><INIT seed="4,0,0,5,2,132" ten="233,245,290,232" oya="0" hai0="28,10,118,35,54,83,124,41,72,48,13,58,91" hai1="87,126,121,88,42,37,103,78,9,52,74,81,8" hai2="20,6,29,34,53,62,122,97,107,93,96,30,90" hai3="63,12,115,125,23,31,80,108,55,2,109,89,134"/><T57/><D118/><U116/><E116/><V67/><F122/><W135/><G80/><T17/><D124/><U60/><E121/><V0/><F34/><W100/><G100/><T113/><D113/><U69/><E126/><V56/><F0/><W76/><G76/><T66/><D41/><U16/><E103/><V61/><F6/><W1/><G89/><T94/><D35/><U26/><E42/><V51/><F62/><W70/><G55/><T46/><D28/><N who="2" m="10858" /><F107/><W59/><G70/><T111/><D111/><U40/><E40/><V49/><F20/><W117/><G59/><T112/><D112/><U92/><E37/><V128/><F128/><W123/><G63/><T15/><D66/><U14/><E26/><V98/><F67/><W86/><G117/><T19/><D83/><U120/><E120/><V104/><F104/><W99/><G123/><T65/><D65/><U106/><E106/><V50/><AGARI ba="0,0" hai="49,50,51,53,56,61,90,93,96,97,98" m="10858" machi="50" ten="30,1100,0" yaku="8,1" doraHai="132" who="2" fromWho="2" sc="233,-5,245,-3,290,11,232,-3" owari="228,-27.2,242,4.2,301,40.1,229,-17.1" /></mjloggm>