<mjloggm ver="2.3"><GO type="225" lobby="0"/><UN n0="%E3%81%82%E3%81%84%E3%81%82%E3%81%8A%E3%81%84" n1="%E8%81%B7%E6%A5%AD%E3%80%81%E9%A2%A8%32" n2="%E3%81%AF%E3%82%88%E3%81%8A%E3%81%98%E3%81%95%E3%82%93" n3="%E5%91%A8%E6%9D%B1" dan="18,16,16,16" rate="2179.91,2188.63,2188.94,2181.67" sx="M,M,M,M"/><TAIKYOKU oya="0"/><INIT seed="0,0,0,2,1,1" ten="250,250,250,250" oya="0" hai0="41,20,135,126,97,26,38,15,61,69,104,27,64" hai1="32,118,87,98,42,57,60,81,70,99,34,92,79" hai2="21,96,31,108,28,30,127,90,123,134,14,56,119" hai3="50,51,68,19,58,111,93,105,22,84,86,52,100"/><T128/><D126/><U85/><E118/><V102/><F123/><W16/><G68/><T95/><D135/><U49/><E70/><V83/><F134/><W109/><G105/><T91/><D128/><U121/><E121/><V75/><F127/><W132/><G132/><T113/><D113/><U124/><E124/><V103/><F119/><W4/><G4/><T44/><D104/><U0/><E0/><V125/><F125/><W48/><G100/><T65/><D65/><U129/><E129/><V25/><F108/><N who="3" m="41547" /><G19/><T112/><D112/><U24/><E24/><V114/><F114/><W3/><G3/><T88/><D15/><U37/><E37/><V89/><F14/><N who="3" m="9495" /><G93/><T23/><D23/><U78/><E92/><N who="2" m="56335" /><F75/><W40/><G40/><T33/><D33/><U35/><E42/><V29/><F56/><W76/><G76/><T47/><D47/><U13/><E13/><V66/><F66/><W59/><G59/><T110/><D110/><U36/><E79/><V107/><F107/><W8/><G8/><T11/><D11/><U53/><E36/><V39/><F39/><W80/><G80/><T72/><D72/><U45/><E35/><V2/><F2/><W6/><G6/><T115/><D115/><U131/><E34/><V10/><F10/><W117/><G117/><T133/><D133/><U130/><E32/><V82/><F83/><W120/><G120/><T17/><REACH who="0" step="1"/><D27/><REACH who="0" ten="240,250,250,250" step="2"/><U12/><E12/><V18/><N who="2" m="7168" /><DORA hai="9" /><V73/><F73/><W55/><G55/><T106/><D106/><U5/><E131/><V74/><F74/><W94/><G94/><RYUUKYOKU ba="0,1" sc="240,10,250,-30,250,10,250,10" hai0="17,20,26,38,41,44,61,64,69,88,91,95,97" hai2="18,21,25,82,90,102,103" hai3="48,50,51,52,58,84,86" /><INIT seed="0,1,1,1,5,7" ten="250,220,260,260" oya="0" hai0="17,122,101,15,108,81,82,80,62,123,66,84,6" hai1="64,112,79,34,119,121,37,44,91,5,94,4,47" hai2="32,23,48,106,57,10,133,31,13,90,127,129,135" hai3="38,55,46,75,65,35,24,126,60,98,104,97,42"/><T22/><D108/><U53/><E121/><V40/><F106/><W39/><G126/><T52/><D84/><U36/><E119/><V83/><F127/><W63/><G75/><T96/><D6/><N who="1" m="2667" /><E34/><V16/><F32/><W67/><G104/><T88/><D88/><U103/><E36/><V117/><F129/><W95/><G98/><T58/><REACH who="0" step="1"/><D66/><REACH who="0" ten="240,220,260,260" step="2"/><U19/><E64/><V107/><F90/><W118/><G67/><T125/><D125/><U130/><E91/><V89/><F89/><W30/><G65/><T25/><D25/><U111/><E111/><V59/><F83/><W102/><G118/><T26/><D26/><U70/><E94/><AGARI ba="1,2" hai="15,17,22,52,58,62,80,81,82,94,96,101,122,123" machi="94" ten="40,3900,0" yaku="1,1,54,1,53,0" doraHai="7" doraHaiUra="73" who="0" fromWho="1" sc="240,62,220,-42,260,0,260,0" /><INIT seed="0,2,0,0,3,28" ten="302,178,260,260" oya="0" hai0="66,27,72,82,59,45,51,65,15,81,36,44,19" hai1="25,95,12,56,3,110,126,5,42,90,58,91,22" hai2="16,54,122,29,112,60,123,39,102,61,52,62,20" hai3="127,106,13,1,26,78,115,35,76,105,71,80,121"/><T113/><D113/><U8/><E110/><V32/><F112/><W0/><G115/><T7/><D36/><U109/><E109/><V83/><F39/><W111/><G13/><T108/><D108/><U53/><E126/><V31/><F102/><W119/><G111/><T68/><D68/><U103/><E42/><V49/><F54/><W14/><G14/><T92/><D45/><U130/><E130/><V46/><F83/><W24/><G80/><T11/><D92/><U131/><E131/><V21/><F21/><W118/><G71/><T23/><D72/><U94/><E3/><V135/><F135/><W114/><G114/><T6/><D6/><U43/><E43/><V18/><F18/><W88/><G88/><T48/><D66/><U67/><E67/><V87/><F87/><W99/><G99/><T74/><D74/><U57/><E53/><V116/><F116/><W96/><G96/><T30/><D7/><U120/><E120/><V47/><F47/><W101/><G101/><T41/><REACH who="0" step="1"/><D51/><REACH who="0" ten="292,178,260,260" step="2"/><U40/><E95/><V128/><F128/><W73/><G73/><T89/><D89/><U55/><E91/><V84/><F123/><W104/><G121/><T124/><D124/><U125/><E125/><V2/><F122/><W98/><G127/><T75/><D75/><U9/><E90/><V70/><F70/><W86/><G106/><T100/><D100/><U37/><E103/><V129/><F129/><W17/><G105/><T34/><D34/><U50/><E94/><V33/><F84/><W134/><G86/><T93/><D93/><U77/><E5/><RYUUKYOKU ba="2,1" sc="292,30,178,-10,260,-10,260,-10" hai0="11,15,19,23,27,30,41,44,48,59,65,81,82" /><INIT seed="0,3,1,2,3,24" ten="322,168,250,250" oya="0" hai0="57,16,116,28,115,134,117,78,32,110,63,59,94" hai1="105,52,49,82,35,7,38,102,18,15,4,10,2" hai2="50,54,61,93,107,122,126,33,86,5,79,39,121" hai3="41,87,55,128,80,111,124,73,40,0,100,120,30"/><T26/><D115/><U64/><E38/><V43/><F107/><W53/><G0/><T17/><D134/><U133/><E35/><V25/><F126/><W37/><G73/><T97/><D78/><U95/><E133/><V44/><F5/><W31/><G124/><T114/><D114/><U67/><E105/><V36/><F36/><W23/><G37/><T20/><D110/><U103/><E82/><V42/><F42/><N who="3" m="16491" /><G111/><T99/><D99/><N who="1" m="59775" /><E103/><V96/><F61/><W125/><G125/><T9/><D9/><U29/><E29/><N who="3" m="10762" /><G100/><T51/><D51/><U98/><E2/><V48/><F39/><W90/><G128/><T72/><D72/><U65/><E98/><V3/><F3/><W22/><G120/><T88/><D59/><AGARI ba="3,1" hai="4,7,10,15,18,49,52,59,64,65,67" m="59775" machi="59" ten="30,2000,0" yaku="8,1,54,1" doraHai="24" who="1" fromWho="0" sc="322,-29,168,39,250,0,250,0" /><INIT seed="1,0,0,5,2,82" ten="293,207,250,250" oya="1" hai0="89,131,110,135,35,42,123,63,61,49,5,115,22" hai1="125,78,1,18,4,91,50,72,38,56,12,76,133" hai2="100,14,9,120,24,28,130,20,47,102,112,81,74" hai3="97,0,96,109,53,104,16,48,34,62,43,11,26"/><U69/><E69/><V45/><F120/><W77/><G109/><T25/><D115/><U105/><E38/><V121/><F121/><W36/><G36/><T101/><D123/><U44/><E105/><V73/><F112/><W2/><G43/><T23/><D35/><U29/><E125/><V70/><F70/><W8/><G62/><T64/><D101/><N who="2" m="39018" /><F74/><W55/><G104/><T85/><D110/><U39/><E133/><V83/><F73/><W116/><G77/><N who="1" m="29802" /><E1/><V15/><F15/><W132/><G132/><T71/><D135/><U13/><E72/><V31/><F31/><W117/><G48/><T127/><D127/><U86/><E39/><V94/><F94/><W126/><G126/><T108/><D108/><U54/><E29/><V52/><F47/><W65/><G34/><T93/><D63/><N who="1" m="36247" /><E4/><N who="2" m="3367" /><F130/><W106/><G106/><T6/><D131/><U3/><E3/><V27/><F24/><W128/><G26/><T111/><D111/><U19/><E13/><V129/><F129/><W51/><G128/><T87/><D25/><U21/><E21/><V92/><F92/><W75/><G75/><T118/><D118/><U67/><E12/><V32/><F32/><W58/><G117/><T68/><D68/><U122/><E122/><V17/><F28/><W90/><G116/><T46/><D5/><U7/><E7/><V41/><F41/><W30/><G0/><T113/><D6/><U124/><E124/><V103/><N who="2" m="39026" /><V119/><DORA hai="95" /><F119/><W99/><G2/><T10/><D113/><U33/><E33/><V40/><F40/><W59/><G30/><RYUUKYOKU ba="0,0" sc="293,-10,207,-10,250,30,250,-10" hai2="17,20,27,45,52,81,83" /><INIT seed="2,1,0,2,4,130" ten="283,197,280,240" oya="2" hai0="0,1,43,15,26,129,3,133,77,5,30,59,70" hai1="69,65,96,88,29,21,47,116,44,93,6,90,109" hai2="2,110,20,55,106,120,25,113,10,118,81,132,35" hai3="17,34,119,11,104,89,4,131,121,16,57,83,56"/><V19/><F106/><W95/><G104/><T22/><D70/><U49/><E116/><V86/><F118/><W13/><G119/><T98/><D77/><U68/><E109/><V122/><F113/><W87/><G131/><T134/><D129/><U102/><E6/><V66/><F66/><W54/><G34/><T52/><D43/><U37/><E37/><V128/><F128/><W71/><G71/><T107/><D15/><U78/><E68/><V36/><F36/><W48/><G121/><T72/><D72/><U76/><E69/><V115/><F115/><W101/><REACH who="3" step="1"/><G57/><REACH who="3" ten="283,197,280,230" step="2"/><T91/><D107/><U40/><E65/><V125/><F35/><W94/><G94/><T8/><D0/><U74/><E47/><V114/><F114/><W108/><G108/><T127/><D1/><U42/><E42/><V92/><F110/><W126/><G126/><T111/><D127/><U105/><E105/><V27/><F92/><W14/><G14/><T99/><D111/><U80/><REACH who="1" step="1"/><E78/><REACH who="1" ten="283,187,280,230" step="2"/><N who="2" m="46391" /><F125/><W53/><G53/><T62/><REACH who="0" step="1"/><D91/><REACH who="0" ten="273,187,280,230" step="2"/><U33/><E33/><V24/><F122/><W135/><G135/><AGARI ba="1,3" hai="3,5,8,22,26,30,52,59,62,98,99,133,134,135" machi="135" ten="40,12000,2" yaku="1,1,2,1,20,1,52,3,54,1,53,0" doraHai="130" doraHaiUra="60" who="0" fromWho="3" sc="273,153,187,0,280,0,230,-123" /><INIT seed="3,0,0,0,3,106" ten="426,187,280,107" oya="3" hai0="73,39,103,135,125,124,99,110,29,95,100,132,40" hai1="22,56,63,111,34,59,94,6,78,50,131,14,108" hai2="87,28,25,52,18,8,44,112,36,114,1,113,86" hai3="133,51,49,4,11,65,109,68,41,127,71,60,58"/><W64/><G133/><N who="0" m="51275" /><D110/><N who="1" m="42027" /><E34/><V107/><F107/><W31/><G109/><T121/><D121/><U118/><E118/><V90/><F36/><W67/><G127/><N who="0" m="48715" /><D73/><U72/><E131/><V92/><F87/><W75/><G75/><T62/><D29/><U13/><E94/><V101/><F101/><W54/><G31/><T116/><D116/><U80/><E6/><V20/><F1/><W130/><G130/><T57/><D40/><U21/><E50/><N who="3" m="18954" /><G4/><T119/><D39/><U12/><E56/><V79/><F79/><W26/><G26/><T27/><D27/><U53/><AGARI ba="0,0" hai="12,13,14,21,22,53,59,63,72,78,80" m="42027" machi="53" ten="30,2000,0" yaku="14,1,52,1" doraHai="106" who="1" fromWho="1" sc="426,-5,187,20,280,-5,107,-10" owari="421,52.1,207,-19.3,275,7.5,97,-40.3" /></mjloggm>