<mjloggm ver="2.3"><GO type="225" lobby="0"/><UN n0="%E6%B4%BE%E9%81%A3%E3%81%AE%E3%82%B8%E3%83%A3%E3%83%83%E3%82%AF" n1="%E5%8D%A0%E3%81%84%E5%B8%AB%E8%A3%8F%E3%81%AA%E3%81%84%E3%81%97" n2="%E3%80%90%E3%83%88%E3%83%AA%E3%83%A5%E3%83%95%E3%80%91" n3="%E4%BF%BA%E3%81%A8%E5%A6%96%E5%A4%A2" dan="17,17,16,16" rate="2180.65,2214.65,2129.89,2119.66" sx="M,M,M,F"/><TAIKYOKU oya="0"/><INIT seed="0,0,0,0,5,77" ten="250,250,250,250" oya="0" hai0="111,108,15,115,107,14,60,134,13,0,32,116,89" hai1="41,42,39,26,78,99,37,84,104,25,53,3,7" hai2="113,75,125,68,100,103,97,22,59,131,120,80,72" hai3="121,8,119,34,112,122,74,40,130,123,46,56,12"/><T16/><D116/><U38/><E3/><V96/><F59/><W24/><G74/><N who="2" m="28201" /><F22/><W62/><G119/><T81/><D107/><U106/><E7/><V79/><F68/><W45/><G112/><T50/><D0/><U66/><E66/><V63/><F63/><W29/><G130/><T73/><D115/><U95/><E104/><N who="2" m="63495" /><F120/><W91/><G91/><T1/><D134/><U109/><E106/><N who="2" m="63855" /><F125/><W10/><G12/><T118/><D118/><U70/><E70/><V90/><F113/><W23/><G34/><T55/><D60/><U5/><E5/><V19/><F19/><W64/><REACH who="3" step="1"/><G45/><REACH who="3" ten="250,250,250,240" step="2"/><N who="0" m="28111" /><D32/><U69/><E25/><V76/><F131/><W127/><G127/><T28/><D1/><U48/><E26/><V30/><F30/><W102/><G102/><T52/><D28/><U43/><E37/><AGARI ba="0,1" hai="8,10,23,24,29,37,40,46,56,62,64,121,122,123" machi="37" ten="40,5200,0" yaku="1,1,13,1,53,1" doraHai="77" doraHaiUra="18" who="3" fromWho="1" sc="250,0,250,-52,250,0,240,62" /><INIT seed="1,0,0,0,0,112" ten="250,198,250,302" oya="1" hai0="12,108,42,106,119,72,100,122,3,44,56,80,134" hai1="118,107,102,15,115,96,7,26,33,117,0,17,39" hai2="2,28,132,48,126,50,110,32,73,34,124,92,57" hai3="101,61,5,111,98,82,79,75,89,120,9,94,49"/><U37/><E115/><V11/><F73/><W30/><G120/><T109/><D12/><U54/><E54/><V133/><F92/><W36/><G36/><N who="0" m="21575" /><D122/><U53/><E53/><V41/><F41/><W43/><G111/><N who="0" m="42571" /><D56/><U4/><E4/><N who="2" m="1431" /><F57/><W104/><G30/><T130/><D130/><U23/><E37/><V20/><F48/><W83/><G61/><T19/><D19/><U121/><E39/><V45/><F110/><W62/><G62/><T116/><D3/><U123/><E123/><V95/><F95/><W131/><G131/><T86/><D134/><N who="2" m="51818" /><F50/><W91/><G82/><T8/><D8/><N who="1" m="2151" /><E121/><V77/><F77/><W74/><G74/><T38/><D38/><U93/><E93/><V70/><F70/><W125/><G94/><T46/><D46/><U114/><E114/><V68/><F45/><W103/><G103/><T76/><D72/><U81/><E81/><V85/><F85/><W69/><G69/><T21/><D21/><U22/><E22/><V128/><F68/><W113/><G113/><T14/><D14/><U87/><E87/><V47/><F47/><W31/><G49/><T65/><D65/><U71/><E71/><V63/><F63/><W27/><G43/><T25/><D25/><U129/><E129/><V24/><F128/><W64/><G64/><T90/><D76/><U35/><E35/><AGARI ba="0,0" hai="20,24,28,32,34,35,124,126" m="51818,1431" machi="35" ten="30,3900,0" yaku="20,1,34,2" doraHai="112" who="2" fromWho="1" sc="250,0,198,-39,250,39,302,0" /><INIT seed="2,0,0,0,0,125" ten="250,159,289,302" oya="2" hai0="96,97,64,100,63,99,48,9,81,114,79,123,34" hai1="119,19,107,91,106,57,93,133,49,85,88,60,122" hai2="45,24,3,101,98,36,41,118,78,27,117,29,10" hai3="120,54,14,132,47,84,67,5,65,15,94,126,86"/><V83/><F24/><W55/><G120/><T129/><D123/><U95/><E122/><V7/><F98/><W90/><G126/><T38/><D38/><U23/><E133/><V18/><F18/><W111/><G132/><T108/><D114/><U16/><E119/><V103/><F103/><W1/><G111/><T32/><D108/><U33/><E33/><V92/><F92/><W4/><G1/><T68/><D100/><U121/><E121/><V115/><F101/><W76/><G76/><T22/><D9/><U17/><E49/><V69/><F69/><W21/><G21/><T109/><D109/><U128/><E128/><V26/><F26/><W43/><G43/><T6/><D6/><N who="3" m="2665" /><G84/><T104/><D104/><U71/><E71/><V135/><F135/><W25/><G25/><T2/><D2/><U89/><E23/><V28/><F28/><W13/><G47/><T37/><D37/><U40/><E40/><V77/><F77/><W56/><G54/><T62/><D22/><U30/><E30/><V124/><F115/><W102/><G102/><T44/><D129/><U72/><E72/><N who="2" m="43463" /><F124/><W75/><G75/><N who="0" m="43263" /><D64/><U131/><E131/><V20/><AGARI ba="0,0" hai="3,7,10,20,27,29,36,41,45,117,118" m="43463" machi="20" ten="30,1500,0" yaku="25,1" doraHai="125" who="2" fromWho="2" sc="250,-5,159,-5,289,15,302,-5" /><INIT seed="2,1,0,3,0,8" ten="245,154,304,297" oya="2" hai0="21,49,13,104,46,134,85,20,64,42,120,48,103" hai1="75,50,38,34,93,132,16,47,11,29,7,102,27" hai2="119,4,130,117,56,133,31,61,77,36,41,30,125" hai3="97,32,33,1,128,67,101,123,86,94,90,60,51"/><V95/><F130/><W15/><G123/><T82/><D120/><U25/><E75/><V73/><F133/><W26/><G128/><T55/><D134/><U108/><E132/><V83/><F125/><W28/><G1/><T100/><D64/><U113/><E113/><V59/><F95/><W70/><G51/><T79/><D104/><U74/><E74/><V45/><F4/><W126/><G126/><T129/><D129/><U106/><E108/><V99/><F99/><W112/><G112/><T53/><D42/><U19/><E38/><V52/><REACH who="2" step="1"/><F59/><REACH who="2" ten="245,154,294,297" step="2"/><W0/><G0/><T3/><D3/><U58/><E58/><V115/><F115/><W96/><G97/><T116/><D116/><AGARI ba="1,1" hai="30,31,36,41,45,52,56,61,73,77,83,116,117,119" machi="116" ten="40,3900,0" yaku="1,1,54,1,53,0" doraHai="8" doraHaiUra="65" who="2" fromWho="0" sc="245,-42,154,0,294,52,297,0" /><INIT seed="2,2,0,4,1,82" ten="203,154,346,297" oya="2" hai0="88,120,29,3,0,32,20,25,122,13,68,17,36" hai1="58,109,11,64,129,63,55,80,103,28,33,21,131" hai2="14,97,47,73,117,31,8,86,84,87,52,2,16" hai3="35,132,128,48,65,46,5,6,41,94,108,126,83"/><V69/><F69/><W100/><G108/><T23/><D36/><U44/><E109/><V54/><F73/><W133/><G35/><T119/><D68/><U95/><E33/><V77/><F117/><W38/><G128/><T130/><D119/><U98/><E11/><V96/><F77/><W37/><G65/><T27/><D88/><U42/><E80/><V106/><F2/><N who="0" m="554" /><D130/><U15/><E55/><N who="2" m="21035" /><F106/><W102/><G83/><T104/><D104/><U111/><E111/><V18/><F31/><AGARI ba="2,0" hai="13,17,20,23,25,27,29,31,32,120,122" m="554" machi="31" ten="30,2000,0" yaku="34,2" doraHai="82" who="0" fromWho="2" sc="203,26,154,0,346,-26,297,0" /><INIT seed="3,0,0,4,0,97" ten="229,154,320,297" oya="3" hai0="70,113,10,63,40,83,74,134,89,126,122,5,106" hai1="71,120,23,135,99,101,6,61,111,69,49,81,130" hai2="68,132,102,51,128,4,76,32,19,45,93,26,116" hai3="42,47,12,21,55,62,77,28,20,48,31,8,103"/><W85/><G103/><T14/><D122/><U72/><E120/><V17/><F68/><W35/><G35/><T58/><D70/><U117/><E111/><V125/><F116/><W124/><G124/><T88/><D134/><U73/><E135/><V118/><F118/><W67/><G55/><T60/><D126/><U115/><E115/><V86/><F4/><W110/><G110/><T59/><D113/><U107/><E117/><V112/><F112/><W11/><G31/><T18/><D40/><U123/><E123/><V66/><F66/><W100/><G100/><T1/><D106/><U87/><E130/><V108/><F108/><W36/><G36/><T75/><D83/><U15/><E69/><V33/><F33/><W37/><G37/><T44/><D44/><U78/><E49/><V65/><F65/><W22/><G28/><T105/><D105/><U2/><E2/><V119/><F119/><W82/><G12/><T127/><D127/><U91/><E6/><V95/><F128/><W56/><AGARI ba="0,0" hai="8,11,20,21,22,42,47,48,56,62,67,77,82,85" machi="56" ten="30,3000,0" yaku="0,1,8,1" doraHai="97" who="3" fromWho="3" sc="229,-10,154,-10,320,-10,297,30" owari="219,-18.1,144,-35.6,310,11.0,327,42.7" /></mjloggm>