<mjloggm ver="2.3"><GO type="225" lobby="0"/><UN n0="%E3%82%8F%E3%81%8B%E3%81%B0%2A%E3%82%AC%E3%83%BC%E3%83%AB" n1="%E3%81%BF%E3%81%BF%E3%81%9A" n2="%E6%A1%9C%E8%8A%B1%E9%96%83%E3%80%85" n3="%E5%B0%8F%E9%B3%A5%E9%81%8A%E7%B7%B4%E7%84%A1%32%31%E6%AD%B3" dan="17,17,17,17" rate="2226.10,2274.15,2197.47,2158.08" sx="M,M,M,F"/><TAIKYOKU oya="0"/><INIT seed="0,0,0,1,2,74" ten="250,250,250,250" oya="0" hai0="42,20,102,28,9,69,39,50,64,65,135,121,15" hai1="119,11,34,14,8,38,27,1,133,91,117,116,123" hai2="53,61,70,79,132,128,103,114,47,26,33,18,32" hai3="7,93,17,54,37,35,36,78,81,106,5,6,109"/><T80/><D121/><U134/><E38/><V22/><F114/><W104/><G109/><T101/><D39/><U107/><E107/><V52/><F128/><W51/><G35/><T4/><D69/><U115/><E91/><V55/><F132/><N who="1" m="50793" /><E123/><V76/><F103/><W82/><G17/><T23/><D135/><U16/><E115/><V84/><F47/><W31/><G31/><T68/><D68/><U2/><E8/><V87/><F33/><W0/><G93/><T44/><D80/><U67/><E67/><N who="0" m="25673" /><D23/><N who="1" m="13799" /><E34/><V90/><F32/><W12/><G0/><T77/><D77/><N who="2" m="29770" /><F70/><W99/><G106/><T96/><D96/><U49/><E49/><V120/><F120/><W118/><G99/><T113/><D113/><U45/><E45/><V129/><F129/><W88/><G37/><T83/><D83/><U86/><E86/><N who="2" m="32811" /><F90/><W110/><G36/><T125/><D125/><U3/><E3/><V108/><F108/><W59/><G110/><T57/><D57/><AGARI ba="0,0" hai="18,22,26,52,53,55,57,61" m="32811,29770" machi="57" ten="30,8000,1" yaku="8,1,52,3,54,1" doraHai="74" who="2" fromWho="0" sc="250,-80,250,0,250,80,250,0" /><INIT seed="1,0,0,0,2,117" ten="170,250,330,250" oya="1" hai0="70,130,134,104,45,10,8,64,24,133,43,18,109" hai1="128,72,27,49,125,14,98,75,89,20,69,101,115" hai2="90,51,74,26,58,29,67,85,11,32,48,61,110" hai3="53,93,118,7,5,132,37,30,92,113,35,73,21"/><U22/><E115/><V127/><F74/><W80/><G113/><T79/><D109/><U36/><E36/><V15/><F110/><W106/><G106/><T63/><D130/><U119/><E119/><V28/><F127/><W112/><G112/><T3/><D104/><U116/><E116/><V55/><F29/><W62/><G37/><T105/><D105/><U19/><E69/><V40/><F40/><W120/><G118/><T84/><D24/><U65/><E65/><V54/><F54/><W25/><G132/><N who="0" m="50795" /><D18/><U123/><E128/><V86/><F90/><W88/><G35/><T83/><D3/><U77/><E125/><V9/><F51/><AGARI ba="0,0" hai="8,10,43,45,51,63,64,70,79,83,84" m="50795" machi="51" ten="30,1000,0" yaku="20,1" doraHai="117" who="0" fromWho="2" sc="170,10,250,0,330,-10,250,0" /><INIT seed="2,0,0,0,0,114" ten="180,250,320,250" oya="2" hai0="122,126,6,17,67,37,121,25,79,100,55,93,109" hai1="70,96,56,39,108,71,21,34,74,54,123,118,111" hai2="97,116,26,124,51,84,46,120,30,90,82,117,73" hai3="66,49,69,43,12,2,76,35,132,1,104,44,31"/><V47/><F120/><W32/><G132/><T95/><D109/><N who="1" m="42059" /><E34/><V107/><F73/><W128/><G128/><T36/><D126/><U28/><E123/><V86/><F124/><W63/><G104/><T98/><D67/><U9/><E118/><V7/><F7/><W78/><G12/><T13/><D79/><U91/><E39/><V112/><F112/><W110/><G110/><T92/><D36/><U125/><E74/><V52/><F47/><W18/><G18/><T85/><D37/><U48/><E9/><V10/><F10/><W16/><G16/><T105/><D6/><U81/><E125/><V0/><F0/><W20/><G35/><T60/><D25/><N who="1" m="16431" /><E96/><V134/><F134/><W133/><G32/><T64/><D55/><U40/><E40/><V53/><F53/><W130/><G133/><T88/><D122/><U3/><E3/><V22/><REACH who="2" step="1"/><F84/><AGARI ba="0,0" hai="48,54,56,70,71,81,84,91" m="16431,42059" machi="84" ten="30,1000,0" yaku="14,1" doraHai="114" who="1" fromWho="2" sc="180,0,250,10,320,-10,250,0" /><INIT seed="3,0,0,1,2,102" ten="180,260,310,250" oya="3" hai0="27,56,101,91,29,118,39,62,33,64,73,93,6" hai1="113,48,81,78,128,34,114,46,12,120,97,111,135" hai2="100,92,4,1,22,112,67,80,116,2,98,68,41" hai3="84,49,63,107,95,87,17,28,54,51,108,99,0"/><W132/><G0/><T55/><D118/><U18/><E34/><V109/><F112/><W119/><G119/><T77/><D39/><U53/><E120/><V110/><F116/><W60/><G132/><T13/><D73/><U45/><E135/><V21/><F41/><W125/><G125/><T24/><D77/><U131/><E97/><V96/><F80/><W42/><G28/><T16/><D101/><U20/><E111/><N who="2" m="42507" /><F96/><W37/><G107/><T85/><D6/><U26/><E45/><V31/><F31/><W9/><G37/><T61/><D29/><U83/><E83/><V133/><F133/><W59/><G108/><T86/><D86/><N who="3" m="32809" /><G49/><T8/><REACH who="0" step="1"/><D33/><REACH who="0" ten="170,260,310,250" step="2"/><U7/><E78/><V65/><F4/><W89/><G42/><T134/><D134/><U88/><E88/><V58/><F100/><W121/><G121/><T35/><D35/><U38/><E38/><V129/><F98/><W76/><G76/><T32/><D32/><U127/><E7/><V43/><F1/><W72/><G72/><T5/><D5/><U36/><E36/><V122/><F2/><W115/><G115/><T123/><D123/><U57/><E114/><V75/><F75/><W69/><G99/><T94/><D94/><U104/><E113/><V124/><F92/><W70/><G95/><T52/><D52/><U117/><E117/><V25/><F122/><W14/><G89/><T90/><D90/><U10/><E53/><V105/><F43/><W79/><G79/><T106/><D106/><U3/><E104/><V47/><F105/><W66/><G66/><T19/><D19/><RYUUKYOKU ba="0,1" sc="170,15,260,-15,310,-15,250,15" hai0="8,13,16,24,27,55,56,61,62,64,85,91,93" hai3="9,14,17,51,54,59,60,63,69,70" /><INIT seed="3,1,1,0,4,79" ten="185,245,295,265" oya="3" hai0="42,24,85,87,58,27,28,116,135,119,26,56,54" hai1="4,127,131,72,23,124,43,21,106,40,17,57,20" hai2="95,75,114,19,125,16,117,1,61,69,46,93,35" hai3="7,5,65,30,63,15,121,111,47,81,102,41,110"/><W50/><G121/><T8/><D135/><U129/><E106/><V122/><F114/><W78/><G102/><T84/><D28/><U83/><E4/><V105/><F75/><W66/><G30/><T97/><D42/><N who="1" m="15915" /><E57/><N who="0" m="22121" /><D97/><U52/><E52/><V96/><F19/><W37/><G37/><T91/><D54/><U100/><E17/><V70/><F16/><W25/><G25/><N who="0" m="6403" /><T32/><DORA hai="49" /><D32/><U104/><E100/><V45/><F45/><W94/><G94/><T36/><D36/><U123/><E104/><V0/><F46/><W120/><G120/><T73/><D73/><U108/><E108/><N who="3" m="41514" /><G15/><T77/><D77/><N who="1" m="44455" /><E123/><V80/><F122/><W39/><G39/><T18/><D18/><U12/><E12/><V134/><F105/><W53/><G53/><T9/><D91/><U3/><E3/><V118/><F0/><W31/><G31/><T11/><AGARI ba="1,1" hai="8,9,11,84,85,87,116,119" m="6403,22121" machi="11" ten="40,2700,0" yaku="28,2" doraHai="79,49" who="0" fromWho="0" sc="185,40,245,-8,295,-8,265,-14" /><INIT seed="4,0,0,5,5,44" ten="225,237,287,251" oya="0" hai0="107,48,31,81,4,42,61,95,67,63,33,115,15" hai1="112,25,130,80,104,85,65,3,94,99,129,103,87" hai2="78,35,7,1,92,24,83,102,8,60,14,73,72" hai3="21,120,96,37,57,90,62,125,50,18,47,108,13"/><T123/><D107/><U100/><E3/><V91/><F73/><W19/><G37/><T119/><D123/><U32/><E65/><V70/><F102/><W126/><G108/><T16/><D119/><U114/><E25/><V133/><F133/><W55/><G19/><T113/><D4/><U77/><E32/><V74/><F74/><W58/><G120/><T75/><D95/><U12/><E12/><V20/><F35/><W111/><G111/><T118/><D118/><U97/><E85/><V101/><F101/><W23/><G23/><N who="0" m="11679" /><D31/><U117/><E117/><V127/><F1/><W128/><G128/><AGARI ba="0,0" hai="77,80,87,94,97,99,100,103,104,112,114,128,129,130" machi="128" ten="40,8000,1" yaku="19,1,34,3" doraHai="44" who="1" fromWho="3" sc="225,0,237,80,287,0,251,-80" owari="225,-17.5,317,41.7,287,8.7,171,-32.9" /></mjloggm>