<mjloggm ver="2.3"><GO type="225" lobby="0"/><UN n0="%72%61%6B%33" n1="%E5%8D%A0%E3%81%84%E5%B8%AB%E8%A3%8F%E3%81%AA%E3%81%84%E3%81%97" n2="%E3%81%A4%E3%81%A3%E3%81%B1%E3%82%8A%E3%83%9D%E3%83%BC%E3%83%AB" n3="%E7%82%8E%E3%83%8E%E6%9C%B1%E9%9B%80" dan="16,17,17,16" rate="2133.25,2276.89,2255.82,2171.59" sx="M,M,M,M"/><TAIKYOKU oya="0"/><INIT seed="0,0,0,2,4,117" ten="250,250,250,250" oya="0" hai0="115,50,81,125,51,129,62,52,10,96,4,69,42" hai1="3,110,64,18,65,68,116,91,87,84,108,89,121" hai2="54,30,71,48,106,55,97,77,29,94,63,12,126" hai3="130,93,83,92,95,28,123,8,72,24,134,133,99"/><T9/><D115/><U120/><E3/><V66/><F126/><W14/><G130/><T11/><D129/><U32/><E18/><V127/><F127/><W124/><G124/><T58/><D125/><U7/><E7/><V61/><F106/><W15/><G99/><T37/><D96/><U16/><E16/><V6/><F77/><W82/><G123/><N who="1" m="47178" /><E32/><V47/><F55/><W107/><G107/><T46/><D81/><N who="3" m="30729" /><G8/><T85/><D85/><N who="1" m="32843" /><E68/><V128/><F63/><W19/><G19/><T21/><D21/><U1/><E1/><V13/><F128/><W70/><G70/><T57/><D69/><U22/><E22/><V112/><F112/><W100/><G100/><T20/><D20/><U119/><E89/><V75/><F6/><W114/><G72/><T135/><D135/><N who="3" m="51721" /><G114/><T33/><D33/><AGARI ba="0,0" hai="14,15,24,28,33,92,93,95" m="51721,30729" machi="33" ten="30,1000,0" yaku="20,1" doraHai="117" who="3" fromWho="0" sc="250,-10,250,0,250,0,250,10" /><INIT seed="1,0,0,3,5,124" ten="240,250,250,260" oya="1" hai0="96,131,65,39,49,125,92,109,12,15,133,45,100" hai1="11,112,111,9,56,114,102,99,20,117,19,4,64" hai2="83,62,70,48,24,63,35,75,81,43,5,42,122" hai3="113,103,120,68,33,78,57,13,129,0,132,76,105"/><U2/><E117/><V47/><F122/><W128/><G13/><T8/><D125/><U17/><E111/><V60/><F70/><W55/><G0/><T98/><D109/><U85/><E11/><V53/><F5/><W123/><G68/><T73/><D73/><U10/><E10/><V95/><F95/><W31/><G113/><T110/><D110/><U66/><E85/><V71/><F71/><W7/><G7/><T135/><D39/><U134/><E134/><V74/><F74/><W79/><G132/><T121/><D121/><U51/><E51/><V36/><F75/><W116/><G116/><T88/><D65/><U58/><E58/><V107/><F107/><W119/><G119/><T90/><D12/><U29/><E29/><V97/><F97/><N who="3" m="61679" /><G33/><T16/><D90/><U89/><E89/><V44/><REACH who="2" step="1"/><F43/><REACH who="2" ten="240,250,240,260" step="2"/><W32/><G123/><T46/><D135/><U69/><E69/><V21/><F21/><W80/><G120/><T22/><D133/><U30/><E112/><V25/><F25/><W126/><G126/><T108/><D108/><U40/><E40/><V26/><F26/><W6/><G6/><T61/><D22/><U86/><E114/><V34/><F34/><W28/><G32/><T91/><D92/><N who="1" m="58727" /><E20/><V87/><F87/><W41/><G41/><T82/><D98/><U84/><E84/><V118/><F118/><W14/><G14/><T38/><D96/><U18/><E86/><V59/><F59/><W67/><G57/><T101/><D101/><U52/><E30/><AGARI ba="0,1" hai="24,30,35,36,42,44,47,48,53,60,62,63,81,83" machi="30" ten="40,1300,0" yaku="1,1,53,0" doraHai="124" doraHaiUra="115" who="2" fromWho="1" sc="240,0,250,-13,240,23,260,0" /><INIT seed="2,0,0,3,3,124" ten="240,237,263,260" oya="2" hai0="131,18,102,126,34,97,77,87,105,78,40,20,80" hai1="38,26,8,110,68,53,9,47,103,135,42,15,6" hai2="101,84,98,116,17,14,76,66,55,64,7,107,72" hai3="59,85,49,88,52,114,1,122,89,79,83,54,120"/><V91/><F116/><W100/><G1/><T94/><D34/><U62/><E110/><V13/><F7/><W19/><G114/><T61/><D126/><U129/><E135/><V82/><F55/><W113/><G113/><T133/><D133/><U74/><E103/><V41/><F41/><W22/><G100/><T51/><D131/><U90/><E129/><V31/><F31/><W48/><G122/><T29/><D29/><U106/><E106/><V63/><F17/><W16/><G120/><T32/><D32/><U81/><E26/><V108/><F108/><W111/><G111/><T118/><D118/><U2/><E90/><N who="3" m="34922" /><G22/><T12/><D61/><U56/><E68/><V4/><F4/><W23/><G23/><T0/><D0/><U95/><E95/><N who="2" m="54759" /><F64/><W112/><G112/><T119/><D119/><U45/><E45/><AGARI ba="0,0" hai="16,19,45,48,49,52,54,59,79,83,85" m="34922" machi="45" ten="30,7700,0" yaku="8,1,54,3" doraHai="124" who="3" fromWho="1" sc="240,0,237,-77,263,0,260,77" /><INIT seed="3,0,0,4,1,42" ten="240,160,263,337" oya="3" hai0="54,77,21,127,26,80,116,112,11,84,119,125,92" hai1="103,61,59,66,30,63,58,87,131,99,32,36,68" hai2="106,16,49,10,121,22,53,123,29,86,28,67,20" hai3="37,19,82,120,85,135,50,4,41,69,109,114,33"/><W38/><G120/><N who="2" m="46153" /><F106/><W64/><G33/><T118/><D112/><U40/><E131/><V15/><F67/><W132/><G4/><T107/><D107/><U83/><E63/><V46/><F86/><W34/><G109/><T52/><D11/><U7/><E7/><N who="2" m="3551" /><F22/><W24/><G34/><T95/><D95/><U72/><E72/><V57/><F57/><W6/><G64/><T23/><D23/><U90/><E40/><V45/><F46/><W73/><G85/><T1/><D1/><U56/><E36/><V71/><F71/><W130/><G38/><T76/><D92/><U70/><E70/><V14/><AGARI ba="0,0" hai="14,16,20,28,29,45,49,53" m="3551,46153" machi="14" ten="30,4000,0" yaku="13,1,52,1,54,1" doraHai="42" who="2" fromWho="2" sc="240,-10,160,-10,263,40,337,-20" owari="230,-17.0,150,-35.0,303,10.3,317,41.7" /></mjloggm>