<mjloggm ver="2.3"><GO type="225" lobby="0"/><UN n0="%E6%A1%9C%E8%8A%B1%E9%96%83%E3%80%85" n1="%53%61%63%68%69%30%34" n2="%E5%8D%A0%E3%81%84%E5%B8%AB%E8%A3%8F%E3%81%AA%E3%81%84%E3%81%97" n3="%E3%81%B2%E3%81%AA%E3%81%AE%E3%82%8A%E3%81%8F" dan="17,16,17,16" rate="2172.78,2079.80,2250.32,2114.95" sx="M,M,M,M"/><TAIKYOKU oya="0"/><INIT seed="0,0,0,1,1,72" ten="250,250,250,250" oya="0" hai0="46,34,81,91,13,99,60,116,15,73,130,127,20" hai1="106,83,74,27,110,35,105,77,59,78,21,40,19" hai2="57,41,124,104,63,135,31,28,111,42,50,90,68" hai3="44,112,88,107,1,82,53,6,89,115,67,133,2"/><T85/><D116/><U29/><E110/><V16/><F111/><W22/><G107/><T38/><D34/><U122/><E122/><V33/><F68/><W12/><G133/><T109/><D109/><U128/><E128/><V4/><F135/><W18/><G67/><T65/><D130/><U8/><E40/><V76/><F4/><W58/><G44/><T70/><D127/><U75/><E8/><V32/><F104/><W43/><G43/><T100/><D73/><U5/><E5/><V103/><F103/><W25/><G6/><T108/><D108/><U26/><E59/><V71/><F71/><W51/><G25/><T47/><D38/><U66/><E66/><V95/><F32/><W101/><G101/><T45/><REACH who="0" step="1"/><D20/><REACH who="0" ten="240,250,250,250" step="2"/><U56/><E56/><V54/><F33/><W93/><G112/><T64/><D64/><U79/><E79/><V92/><F124/><W55/><G115/><T123/><D123/><U48/><E48/><V17/><F76/><W10/><G51/><T132/><D132/><U7/><E7/><V39/><F39/><W118/><G58/><T62/><D62/><U84/><REACH who="1" step="1"/><E74/><REACH who="1" ten="240,240,250,250" step="2"/><V96/><F50/><W131/><G131/><T113/><D113/><U80/><AGARI ba="0,2" hai="19,21,26,27,29,35,75,77,78,80,83,84,105,106" machi="80" ten="30,8000,1" yaku="1,1,2,1,0,1,52,2,53,0" doraHai="72" doraHaiUra="126" who="1" fromWho="1" sc="240,-40,240,100,250,-20,250,-20" /><INIT seed="1,0,0,0,1,56" ten="200,340,230,230" oya="1" hai0="117,19,66,49,118,52,61,82,90,75,47,34,41" hai1="112,76,11,109,31,50,58,114,65,8,116,88,78" hai2="4,101,55,92,94,18,126,87,16,30,53,120,46" hai3="135,74,57,13,100,83,84,70,15,85,86,123,79"/><U69/><E116/><V17/><F120/><W132/><G123/><T48/><D34/><U128/><E69/><V134/><F134/><N who="3" m="51243" /><G70/><T21/><D90/><U105/><E105/><V67/><F126/><W37/><G37/><T5/><D5/><U106/><E106/><V36/><F30/><W89/><G100/><T7/><D7/><U97/><E31/><V124/><F124/><W113/><G113/><T103/><D103/><U3/><E3/><V133/><F133/><W6/><G57/><T20/><D20/><U26/><E26/><V131/><F131/><W111/><G111/><T68/><D49/><U99/><E128/><V45/><F4/><W130/><G130/><T42/><D117/><U22/><E50/><V96/><F67/><W29/><G29/><T12/><REACH who="0" step="1"/><D118/><REACH who="0" ten="190,340,230,230" step="2"/><U71/><E22/><V107/><F36/><W33/><G33/><T9/><D9/><U129/><E8/><V91/><F107/><W44/><G6/><T80/><D80/><U104/><E11/><V38/><F38/><W95/><G44/><AGARI ba="0,1" hai="16,17,18,44,45,46,53,55,87,91,92,94,96,101" machi="44" ten="40,2600,0" yaku="8,1,54,1" doraHai="56" who="2" fromWho="3" sc="190,0,340,0,230,36,230,-26" /><INIT seed="2,0,0,1,5,58" ten="190,340,266,204" oya="2" hai0="48,85,109,101,71,26,55,97,134,82,66,14,110" hai1="8,88,10,13,41,123,29,61,3,77,25,90,132" hai2="11,130,116,135,2,127,92,131,20,30,83,63,59" hai3="43,68,118,95,75,40,37,122,119,106,5,74,47"/><V108/><F116/><W15/><G106/><T67/><D134/><U99/><E132/><V53/><F135/><W107/><G107/><N who="0" m="63919" /><D14/><U39/><E3/><V120/><F120/><W102/><G122/><T62/><D26/><U111/><E111/><N who="0" m="42505" /><D67/><U44/><E77/><V50/><F108/><W113/><G113/><T7/><D7/><U94/><E123/><V57/><F127/><W6/><G68/><T35/><D35/><U34/><E90/><V9/><F83/><W133/><G133/><T100/><D100/><U21/><E61/><V117/><F2/><W45/><G15/><T115/><D115/><U38/><E38/><V0/><F0/><W1/><G1/><T84/><D82/><U70/><E70/><V79/><F30/><W36/><G102/><T121/><D121/><U27/><E13/><V54/><F20/><W129/><REACH who="3" step="1"/><G95/><REACH who="3" ten="190,340,266,194" step="2"/><T76/><D76/><U103/><E103/><V19/><F92/><W125/><G125/><T65/><D65/><U86/><E94/><V93/><F79/><W78/><G78/><T69/><D69/><U51/><E25/><V128/><F93/><W22/><G22/><T60/><D60/><U72/><E21/><V81/><F63/><W80/><G80/><T56/><AGARI ba="0,1" hai="48,55,56,62,66,71,84,85" m="42505,63919" machi="56" ten="30,2000,0" yaku="14,1,52,1" doraHai="58" who="0" fromWho="0" sc="190,30,340,-5,266,-10,194,-5" /><INIT seed="3,0,0,5,0,122" ten="220,335,256,189" oya="3" hai0="103,89,123,106,21,5,20,92,29,96,88,114,87" hai1="78,31,132,52,26,77,59,53,127,104,98,97,100" hai2="19,113,7,6,12,13,71,8,25,27,32,116,73" hai3="76,83,101,18,134,45,102,70,41,82,125,2,37"/><W9/><G70/><T93/><D123/><U84/><E127/><V86/><F73/><W17/><G125/><T128/><D128/><U1/><E1/><V108/><F71/><W60/><G134/><T90/><D114/><U115/><E115/><V35/><F113/><W65/><G83/><T49/><D5/><N who="2" m="1546" /><F86/><W15/><G2/><T11/><D11/><U124/><E53/><V107/><F107/><W79/><G18/><T16/><D49/><U54/><E54/><V66/><F66/><W111/><G111/><T61/><D61/><U91/><E98/><V58/><F58/><W36/><G36/><T75/><D75/><U67/><E67/><V105/><F105/><W23/><G23/><T0/><D0/><U64/><E64/><V50/><F50/><W120/><G120/><T63/><D63/><U57/><E57/><V48/><F48/><W110/><G110/><T30/><D21/><U69/><E69/><V131/><F116/><W62/><G76/><T118/><D118/><U117/><E132/><V22/><F131/><W33/><G33/><N who="2" m="12873" /><F108/><W10/><G10/><T24/><D90/><U85/><E85/><AGARI ba="0,0" hai="16,20,24,29,30,85,87,88,89,92,93,96,103,106" machi="85" ten="30,7700,0" yaku="7,1,9,1,54,2" doraHai="122" who="0" fromWho="1" sc="220,77,335,-77,256,0,189,0" /><INIT seed="4,0,0,3,0,52" ten="297,258,256,189" oya="0" hai0="12,25,94,79,96,64,72,104,49,129,91,90,22" hai1="38,17,92,59,78,15,24,26,101,135,74,20,124" hai2="51,14,4,16,132,117,99,50,121,127,86,34,111" hai3="126,45,100,55,65,76,105,29,5,131,8,119,7"/><T68/><D129/><U19/><E38/><V3/><F121/><W69/><G119/><T44/><D104/><U60/><E124/><V133/><F111/><W73/><G126/><T123/><D123/><U53/><E135/><N who="2" m="51787" /><F127/><W106/><G131/><T115/><D115/><U110/><E110/><V122/><F122/><W83/><G29/><T42/><D72/><U87/><E74/><V36/><F36/><W47/><G100/><N who="0" m="60439" /><D68/><U118/><E118/><V56/><F34/><W6/><G8/><T81/><D64/><U85/><E78/><V63/><F99/><W33/><G33/><T39/><D39/><U37/><E37/><V114/><F114/><W84/><G73/><T120/><D120/><U70/><E70/><V2/><F86/><N who="1" m="32777" /><E19/><V125/><F117/><W77/><G77/><T35/><D35/><U27/><E92/><V130/><F130/><W67/><G47/><T32/><D32/><U107/><E107/><V82/><F82/><W0/><G0/><N who="2" m="41" /><F4/><W102/><G102/><AGARI ba="0,0" hai="15,17,20,24,26,27,53,59,60,101,102" m="32777" machi="102" ten="30,2000,0" yaku="8,1,52,1" doraHai="52" who="1" fromWho="3" sc="297,0,258,20,256,0,189,-20" /><INIT seed="5,0,0,5,3,27" ten="297,278,256,169" oya="1" hai0="65,2,116,15,44,87,57,101,91,4,106,121,73" hai1="114,10,95,22,104,38,84,100,63,80,111,12,19" hai2="76,6,54,23,113,115,93,97,16,48,46,128,7" hai3="29,79,36,39,33,132,31,5,70,94,21,55,11"/><U125/><E38/><V60/><F76/><W24/><G70/><T102/><D116/><U50/><E114/><N who="2" m="43531" /><F60/><W135/><G79/><T123/><D2/><U41/><E125/><V32/><F32/><W59/><G94/><T8/><D73/><U133/><E133/><N who="3" m="51274" /><G33/><T58/><D44/><N who="1" m="25871" /><E104/><V112/><N who="2" m="43539" /><V53/><DORA hai="64" /><F53/><W61/><G36/><T85/><D85/><U43/><E111/><V35/><F35/><W67/><G55/><T77/><D77/><N who="1" m="46095" /><E43/><V134/><F128/><W3/><G39/><T20/><D65/><U109/><E109/><V45/><F45/><W42/><G42/><T72/><D72/><U34/><E34/><V37/><F37/><W117/><G117/><T52/><D58/><U56/><E10/><V66/><F66/><W81/><G81/><T78/><D78/><U90/><E100/><N who="2" m="60463" /><F134/><W68/><G59/><T74/><D74/><U40/><E40/><V86/><F86/><W103/><G103/><T122/><D106/><U18/><E56/><V14/><AGARI ba="0,0" hai="6,7,14,16,23,46,48,54" m="60463,43539" machi="14" ten="40,5200,0" yaku="15,1,11,1,54,1" doraHai="27,64" who="2" fromWho="2" sc="297,-13,278,-26,256,52,169,-13" owari="284,8.4,252,-14.8,308,40.8,156,-34.4" /></mjloggm>