<mjloggm ver="2.3"><GO type="225" lobby="0"/><UN n0="%E5%B0%8F%E9%B3%A5%E9%81%8A%E7%B7%B4%E7%84%A1%32%31%E6%AD%B3" n1="%72%61%6B%33" n2="%E3%81%AF%E3%82%88%E3%81%8A%E3%81%98%E3%81%95%E3%82%93" n3="%E6%A1%9C%E8%8A%B1%E9%96%83%E3%80%85" dan="16,16,16,16" rate="2198.91,2083.73,2118.70,2157.62" sx="F,M,M,M"/><TAIKYOKU oya="0"/><INIT seed="0,0,0,0,5,44" ten="250,250,250,250" oya="0" hai0="73,78,125,86,59,21,3,94,77,5,10,28,115" hai1="2,76,71,63,31,79,19,112,51,24,105,103,127" hai2="9,13,85,133,129,8,104,100,53,83,123,126,110" hai3="12,96,32,18,88,6,99,124,38,91,114,87,93"/><T4/><D125/><U128/><E128/><V66/><F123/><W15/><G114/><T55/><D115/><U70/><E112/><V122/><F122/><W132/><G124/><T118/><D73/><U64/><E127/><V97/><F126/><W48/><G38/><T106/><D106/><U52/><E2/><V17/><F129/><W98/><G132/><T56/><D5/><U82/><E71/><V22/><F133/><W65/><G32/><T40/><D118/><U68/><E19/><V46/><F110/><W36/><G36/><T95/><D40/><U29/><E70/><V81/><F81/><W120/><G65/><T37/><D37/><U57/><E82/><V92/><F104/><W121/><G121/><T26/><D59/><U30/><REACH who="1" step="1"/><E24/><REACH who="1" ten="250,240,250,250" step="2"/><V33/><F83/><N who="3" m="49279" /><G120/><T135/><D135/><U25/><E25/><V72/><F17/><W134/><G134/><T7/><D7/><U20/><E20/><V16/><F22/><N who="3" m="11591" /><G6/><T49/><REACH who="0" step="1"/><D95/><REACH who="0" ten="240,240,250,250" step="2"/><U67/><E67/><V11/><F66/><W75/><G75/><T0/><D0/><U107/><E107/><V27/><F72/><W39/><G39/><T116/><D116/><U90/><E90/><AGARI ba="0,2" hai="3,4,10,21,26,28,49,55,56,77,78,86,90,94" machi="90" ten="40,7700,0" yaku="1,1,52,1,53,1" doraHai="44" doraHaiUra="34" who="0" fromWho="1" sc="240,97,240,-77,250,0,250,0" /><INIT seed="0,1,0,4,4,12" ten="337,163,250,250" oya="0" hai0="97,48,26,81,130,76,132,9,109,29,87,93,34" hai1="122,4,103,96,19,30,39,106,69,46,21,98,73" hai2="8,53,125,63,89,42,118,16,101,70,66,41,10" hai3="119,95,86,24,134,88,23,14,121,85,115,6,90"/><T77/><D130/><U78/><E122/><V61/><F125/><W58/><G115/><T124/><D132/><U7/><E69/><V82/><F118/><W80/><G119/><T13/><D124/><U55/><E30/><V71/><F101/><W84/><G134/><T83/><D48/><U111/><E111/><V64/><F53/><W15/><G121/><T120/><D109/><U59/><E96/><V17/><F89/><W123/><G123/><T112/><D112/><U91/><E91/><V36/><F82/><W18/><G6/><T25/><D120/><U105/><E105/><V5/><F5/><W113/><G113/><T43/><D43/><U133/><E133/><V94/><F94/><N who="3" m="54551" /><G58/><T102/><D26/><U127/><E127/><V128/><REACH who="2" step="1"/><F36/><REACH who="2" ten="337,163,240,250" step="2"/><W68/><G68/><T11/><REACH who="0" step="1"/><D13/><REACH who="0" ten="327,163,240,250" step="2"/><U60/><E39/><V62/><F62/><W2/><G2/><T65/><D65/><U49/><E60/><V33/><F33/><W38/><G38/><T74/><AGARI ba="1,2" hai="9,11,25,29,34,74,76,77,81,83,87,93,97,102" machi="74" ten="20,3900,0" yaku="1,1,0,1,7,1,53,0" doraHai="12" doraHaiUra="129" who="0" fromWho="0" sc="327,62,163,-14,240,-14,250,-14" /><INIT seed="0,2,0,1,4,94" ten="389,149,226,236" oya="0" hai0="75,40,26,32,106,129,63,37,4,95,133,134,51" hai1="56,97,84,125,87,35,119,114,96,38,7,22,49" hai2="60,3,25,113,71,30,14,2,69,85,80,47,135" hai3="124,110,100,20,66,24,58,131,104,112,111,18,54"/><T21/><D32/><U41/><E35/><V109/><F113/><W118/><G112/><T8/><D75/><U12/><E114/><V132/><F109/><N who="3" m="41483" /><G131/><T74/><D74/><U72/><E72/><V115/><F115/><W130/><G130/><T59/><D106/><U6/><E119/><V45/><F14/><W50/><G124/><T46/><D129/><U82/><E38/><V127/><F127/><W16/><G118/><T57/><D37/><U29/><E125/><V108/><F108/><W11/><G66/><T120/><D120/><U70/><E70/><V65/><F69/><W43/><G43/><T89/><D134/><N who="2" m="51242" /><F2/><W79/><G79/><T86/><D133/><U90/><E7/><V117/><F3/><W0/><G0/><T44/><D44/><N who="1" m="25743" /><E56/><V76/><F117/><W73/><G73/><T42/><D59/><U28/><E28/><V105/><F105/><W31/><G11/><T68/><D68/><U126/><E126/><V92/><F92/><W1/><G1/><T33/><D57/><U121/><E121/><V9/><F9/><W17/><G31/><T99/><D8/><N who="1" m="4119" /><E84/><V15/><F15/><W64/><G64/><T128/><D86/><U83/><E83/><V55/><F55/><W53/><G53/><T103/><D128/><U116/><E116/><V122/><F122/><W101/><G104/><T81/><D42/><U34/><E34/><AGARI ba="2,0" hai="25,30,34,45,47,60,65,71,76,80,85" m="51242" machi="34" ten="30,1000,0" yaku="20,1" doraHai="94" who="2" fromWho="1" sc="389,0,149,-16,226,16,236,0" /><INIT seed="1,0,0,3,1,44" ten="389,133,242,236" oya="1" hai0="20,41,93,6,37,50,71,129,96,92,107,23,59" hai1="126,73,57,38,29,34,88,100,124,112,26,128,2" hai2="27,70,94,81,101,130,55,74,52,68,60,13,39" hai3="5,113,4,66,7,30,42,76,127,72,31,51,133"/><U105/><E112/><V106/><F106/><W36/><G113/><T12/><D37/><U87/><E73/><V58/><F39/><W62/><G36/><T75/><D75/><U32/><E38/><V85/><F130/><W56/><G127/><N who="1" m="48682" /><E2/><V19/><F27/><W67/><G133/><T122/><D71/><U82/><E128/><V63/><F74/><W22/><G72/><T1/><D1/><U10/><E10/><V49/><F94/><W123/><G123/><T65/><D93/><U3/><E3/><V48/><F101/><W24/><G76/><T54/><D107/><U95/><E57/><N who="2" m="32999" /><F68/><W21/><G66/><T102/><D65/><U15/><E15/><V111/><F111/><W33/><G30/><T132/><D122/><U53/><E53/><V77/><F70/><W40/><G40/><T61/><D132/><U109/><E109/><V117/><F117/><W86/><G42/><T98/><D41/><U83/><E32/><V118/><F118/><W110/><G110/><T69/><D69/><U11/><E11/><AGARI ba="0,0" hai="11,13,19,49,52,58,60,63,77,81,85" m="32999" machi="11" ten="30,7700,0" yaku="8,1,52,2,54,1" doraHai="44" who="2" fromWho="1" sc="389,0,133,-77,242,77,236,0" /><INIT seed="2,0,0,0,2,125" ten="389,56,319,236" oya="2" hai0="131,57,28,69,6,121,21,67,19,120,51,47,27" hai1="84,8,74,31,24,2,89,81,58,26,49,16,22" hai2="83,62,59,76,60,107,85,119,114,64,71,5,92" hai3="101,10,25,11,102,39,44,115,35,53,42,116,65"/><V127/><F119/><W91/><G116/><T99/><D69/><U90/><E74/><V128/><F114/><W13/><G115/><T82/><D6/><U14/><E2/><V48/><F107/><W72/><G72/><T66/><D82/><U77/><E58/><V68/><F127/><W63/><G53/><T134/><D134/><U41/><REACH who="1" step="1"/><E24/><REACH who="1" ten="389,46,319,236" step="2"/><V30/><F59/><W110/><G25/><T104/><D57/><U106/><E106/><V109/><F71/><W3/><G3/><T93/><D104/><U17/><E17/><V108/><F68/><W87/><G65/><T15/><D67/><U38/><E38/><V100/><F64/><W130/><G39/><T40/><D66/><U18/><E18/><V112/><F112/><W52/><G63/><T97/><D27/><U50/><E50/><V20/><F48/><W55/><G44/><AGARI ba="0,1" hai="8,14,16,22,26,31,41,44,49,77,81,84,89,90" machi="44" ten="40,8000,1" yaku="1,1,8,1,54,1,53,1" doraHai="125" doraHaiUra="75" who="1" fromWho="3" sc="389,0,46,90,319,0,236,-80" /><INIT seed="3,0,0,4,3,75" ten="389,136,319,156" oya="3" hai0="44,59,103,87,57,86,85,108,64,104,130,13,42" hai1="94,5,51,113,23,126,2,15,55,34,122,36,97" hai2="48,68,12,50,73,11,70,72,62,19,90,25,92" hai3="93,109,124,83,54,95,26,114,71,41,22,107,131"/><W32/><G114/><T17/><D108/><U20/><E113/><V132/><F132/><W1/><G32/><T53/><D130/><U123/><E36/><V18/><F73/><W80/><G107/><T46/><D64/><U58/><E34/><V16/><F72/><W31/><G131/><T24/><D24/><U96/><E126/><V47/><F50/><W102/><G124/><T129/><D129/><U82/><E97/><V101/><F101/><W78/><G71/><T91/><D103/><U30/><E2/><V65/><F68/><W88/><G1/><T29/><D29/><U69/><E69/><V28/><F92/><W14/><G109/><T35/><D35/><U3/><E3/><V39/><F39/><W120/><G120/><T67/><D67/><U45/><E82/><V43/><REACH who="2" step="1"/><F90/><REACH who="2" ten="389,136,309,156" step="2"/><W112/><G112/><T79/><D91/><N who="1" m="55391" /><E123/><V38/><F38/><W127/><G127/><T6/><D79/><U135/><E122/><V37/><F37/><W9/><G102/><T77/><D77/><U8/><E135/><V125/><F125/><W76/><G76/><T27/><D104/><U4/><E30/><V100/><F100/><W33/><G41/><T111/><D42/><N who="1" m="25015" /><E4/><V84/><F84/><N who="3" m="50207" /><G33/><AGARI ba="0,1" hai="11,12,16,18,19,25,28,33,43,47,48,62,65,70" machi="33" ten="30,3900,0" yaku="1,1,7,1,54,1,53,0" doraHai="75" doraHaiUra="118" who="2" fromWho="3" sc="389,0,136,0,309,49,156,-39" owari="389,48.9,136,-26.4,358,15.8,117,-38.3" /></mjloggm>