<mjloggm ver="2.3"><GO type="225" lobby="0"/><UN n0="%E3%83%96%E3%83%83%E3%83%91%E3%82%AA%E3%83%96%E3%83%81%E3%82%AD%E3%83%B3" n1="%E6%A0%B9%E5%85%83%E3%81%8B%E3%82%89%E5%90%B9%E3%81%A3%E9%A3%9B%E3%81%B6" n2="%E3%81%8B%E3%82%8F%E3%81%A1%E3%82%83%E3%82%93%35%38" n3="%E6%81%A5%E6%99%92%E3%81%97" dan="16,16,16,17" rate="2097.30,2121.07,2164.76,2121.65" sx="M,F,M,M"/><TAIKYOKU oya="0"/><INIT seed="0,0,0,4,2,121" ten="250,250,250,250" oya="0" hai0="22,5,35,57,42,92,1,134,103,54,30,88,131" hai1="101,50,135,10,21,69,55,87,51,70,108,9,56" hai2="104,32,39,116,14,52,74,8,0,16,23,62,94" hai3="68,82,61,83,40,90,113,53,45,123,63,37,17"/><T124/><D124/><U117/><E117/><V6/><F104/><W15/><G123/><T120/><D120/><U7/><E135/><V91/><F116/><W100/><G113/><T66/><D134/><U130/><E130/><V24/><F74/><W28/><G28/><T77/><D131/><U132/><E132/><V95/><F39/><W34/><G34/><T118/><D118/><U99/><E87/><V12/><F12/><W79/><G100/><T73/><D35/><U114/><E114/><V125/><F125/><W13/><G13/><T75/><D42/><U27/><E51/><V84/><F94/><W2/><G2/><T122/><D103/><U72/><E72/><V3/><REACH who="2" step="1"/><F32/><REACH who="2" ten="250,250,240,250" step="2"/><W119/><G119/><T111/><D92/><U133/><E133/><V106/><F106/><W18/><G37/><T38/><D73/><U58/><E9/><V128/><F128/><W76/><G15/><T29/><D75/><U96/><E10/><V25/><F25/><W31/><G82/><T67/><D38/><U26/><E27/><V93/><F93/><W89/><G83/><T85/><D122/><U129/><E26/><V86/><F86/><W126/><G126/><T36/><D85/><U115/><E129/><V4/><F4/><W112/><G112/><T105/><D5/><U19/><E7/><V81/><F81/><W107/><G107/><T20/><D105/><U33/><E115/><V78/><F78/><W110/><G79/><T65/><D77/><U102/><E33/><V48/><F48/><W60/><G76/><T64/><D36/><U49/><E50/><RYUUKYOKU ba="0,1" sc="250,-10,250,-10,240,30,250,-10" hai2="0,3,6,8,14,16,23,24,52,62,84,91,95" /><INIT seed="1,1,1,5,3,1" ten="240,240,270,240" oya="1" hai0="89,120,119,49,91,68,84,59,58,73,7,74,54" hai1="94,16,77,43,76,121,95,64,99,38,133,6,33" hai2="82,90,31,15,110,12,130,24,113,87,9,117,4" hai3="131,122,101,79,60,62,118,28,103,70,85,126,67"/><U86/><E121/><V42/><F117/><W92/><G122/><T80/><D120/><U5/><E33/><V50/><F110/><W39/><G39/><T129/><D68/><U63/><E38/><V114/><F130/><W123/><G123/><T32/><D129/><U135/><E43/><V21/><F42/><W34/><G131/><T83/><D119/><U2/><E2/><V115/><REACH who="2" step="1"/><F50/><REACH who="2" ten="240,240,260,240" step="2"/><W19/><G118/><T127/><D49/><U66/><E135/><V0/><AGARI ba="1,2" hai="0,4,9,12,15,21,24,31,82,87,90,113,114,115" machi="0" ten="30,8000,1" yaku="1,1,2,1,0,1,11,1,52,1,53,0" doraHai="1" doraHaiUra="112" who="2" fromWho="2" sc="240,-21,240,-41,260,103,240,-21" /><INIT seed="2,0,0,0,5,83" ten="219,199,363,219" oya="2" hai0="67,103,100,109,45,64,95,126,59,58,1,37,47" hai1="52,65,87,15,39,44,105,72,94,99,104,102,24" hai2="127,35,115,96,90,86,62,66,21,26,131,101,76" hai3="129,46,13,41,32,91,33,114,18,124,53,30,27"/><V8/><F115/><W40/><G114/><T98/><D1/><U75/><E39/><V51/><F131/><W93/><G124/><T125/><D37/><U34/><E15/><V78/><F35/><W74/><G74/><T117/><D95/><U57/><E44/><V55/><F8/><W25/><G129/><T130/><D130/><U92/><E65/><V120/><F120/><W3/><G3/><T16/><D98/><U61/><E94/><N who="2" m="58519" /><F62/><W112/><G112/><T14/><D109/><U42/><E42/><V56/><F66/><W106/><G106/><T10/><D14/><U12/><E12/><V19/><F127/><W63/><G27/><T77/><D10/><U60/><E60/><V43/><F43/><W48/><G63/><T7/><D77/><U69/><E69/><V23/><F23/><W80/><G80/><AGARI ba="0,0" hai="19,21,26,51,55,56,76,78,80,86,90" m="58519" machi="80" ten="30,2900,0" yaku="8,1,52,1" doraHai="83" who="2" fromWho="3" sc="219,0,199,0,363,29,219,-29" /><INIT seed="2,1,0,2,4,9" ten="219,199,392,190" oya="2" hai0="14,111,34,81,84,29,96,42,4,104,99,21,26" hai1="32,60,11,101,1,92,75,28,94,125,64,63,69" hai2="126,31,43,7,56,129,40,116,22,47,102,16,86" hai3="88,120,20,112,36,2,123,58,41,95,52,105,134"/><V35/><F35/><W89/><G105/><T0/><D111/><U55/><E125/><V135/><F31/><W132/><G2/><T66/><D104/><U115/><E115/><V119/><F7/><W106/><G106/><T25/><D66/><U80/><E1/><V82/><F102/><W30/><G112/><T19/><D42/><U91/><E11/><V113/><F43/><W107/><G107/><T33/><D33/><U118/><E118/><V23/><F23/><W108/><G108/><T39/><D26/><U70/><E101/><V71/><F71/><W24/><G41/><T133/><D133/><N who="3" m="51305" /><G36/><T65/><D65/><U61/><E61/><V121/><F135/><W72/><G72/><T8/><REACH who="0" step="1"/><D39/><REACH who="0" ten="209,199,392,190" step="2"/><U5/><E32/><V38/><F113/><W50/><G95/><T110/><D110/><U87/><E94/><V76/><F126/><W93/><G93/><T46/><D46/><U97/><E64/><V49/><F38/><W12/><G12/><T37/><D37/><U117/><E92/><V62/><F47/><W15/><G15/><T13/><D13/><U10/><E97/><V77/><F40/><W124/><G124/><T48/><D48/><U128/><E117/><V18/><F49/><W127/><G127/><T57/><D57/><N who="1" m="34879" /><E70/><V74/><F119/><W131/><G131/><T51/><D51/><U122/><E122/><AGARI ba="1,1" hai="20,24,30,50,52,58,88,89,120,122,123" m="51305" machi="122" ten="30,3900,0" yaku="20,1,54,2" doraHai="9" who="3" fromWho="1" sc="209,0,199,-42,392,0,190,52" /><INIT seed="3,0,0,2,5,20" ten="209,157,392,242" oya="3" hai0="41,87,105,85,129,36,48,43,22,101,123,102,89" hai1="30,117,114,12,115,34,61,132,44,8,97,19,17" hai2="49,100,15,28,99,23,67,95,135,42,110,93,11" hai3="2,39,79,73,86,7,119,96,106,111,77,32,83"/><W65/><G119/><T37/><D123/><U59/><E97/><V4/><F110/><W18/><G32/><T68/><D68/><U64/><E117/><V35/><F35/><W58/><G39/><T31/><D105/><U81/><E132/><V3/><F135/><W60/><G111/><T45/><D129/><U56/><E81/><V134/><F134/><W26/><G79/><T47/><D48/><U126/><E126/><V62/><F49/><W116/><G7/><T72/><D72/><U120/><E120/><V63/><F42/><W46/><G46/><T40/><D40/><U122/><E122/><V66/><F3/><W75/><G2/><T10/><D10/><U52/><E44/><V51/><F51/><W84/><G75/><T78/><D78/><U69/><E69/><V124/><F95/><W50/><G50/><T1/><D1/><U131/><E131/><V38/><F38/><W108/><G108/><T80/><D87/><U6/><E114/><V21/><F124/><W0/><G0/><T104/><D104/><U13/><E115/><V82/><F82/><W130/><G130/><T74/><D74/><U125/><E125/><V118/><F118/><W107/><G86/><T14/><D14/><U121/><E13/><V127/><F127/><W71/><G71/><T90/><D89/><U109/><E121/><V76/><F76/><W103/><G116/><T70/><D70/><U57/><E64/><V9/><F4/><W27/><G107/><T33/><D33/><U133/><E133/><V113/><F113/><W112/><G112/><T24/><AGARI ba="0,0" hai="22,24,31,36,37,41,43,45,47,80,85,90,101,102" machi="24" ten="30,7900,0" yaku="5,1,0,1,9,1,52,1" doraHai="20" who="0" fromWho="0" sc="209,79,157,-20,392,-20,242,-39" owari="288,8.8,137,-36.3,372,47.2,203,-19.7" /></mjloggm>