<mjloggm ver="2.3"><GO type="225" lobby="0"/><UN n0="%E7%99%BD%E5%80%89%E5%AF%9B%E4%B9%8B" n1="%E6%A1%9C%E8%8A%B1%E9%96%83%E3%80%85" n2="%E5%B8%86%E7%AB%8B%E5%A4%8F%E8%A1%A3" n3="%E5%A4%8F%E9%88%B4%E9%88%B4%E5%A4%8F" dan="16,16,17,16" rate="2128.21,2148.23,2176.92,2092.25" sx="M,M,M,F"/><TAIKYOKU oya="0"/><INIT seed="0,0,0,2,1,112" ten="250,250,250,250" oya="0" hai0="20,58,48,0,100,36,103,105,83,43,29,11,97" hai1="7,127,61,85,25,40,88,122,72,129,75,35,121" hai2="46,21,111,49,128,41,134,66,5,55,51,126,106" hai3="131,44,70,132,104,118,65,22,80,74,67,13,98"/><T102/><D36/><U79/><E127/><V71/><F106/><W57/><G70/><T63/><D83/><U81/><E40/><V125/><F21/><W16/><G118/><T52/><D0/><U30/><E129/><V108/><F5/><W9/><G131/><T33/><D11/><U14/><E61/><N who="2" m="40399" /><F134/><W17/><G132/><T15/><D33/><U86/><E7/><V124/><F128/><W123/><G123/><T56/><D43/><U68/><E68/><V50/><F55/><W53/><G44/><T116/><D116/><U8/><E14/><V3/><F3/><W2/><G2/><T92/><D105/><U62/><E62/><V27/><F27/><W101/><G80/><T135/><D135/><U107/><E107/><V26/><F26/><W60/><G74/><T39/><D39/><AGARI ba="0,0" hai="39,41,46,49,50,51,108,111,124,125,126" m="40399" machi="39" ten="40,5200,0" yaku="18,1,34,2" doraHai="112" who="2" fromWho="0" sc="250,-52,250,0,250,52,250,0" /><INIT seed="1,0,0,1,1,78" ten="198,250,302,250" oya="1" hai0="28,46,53,25,33,61,105,75,111,104,12,42,32" hai1="100,117,107,102,92,115,81,48,43,56,63,36,84" hai2="19,125,23,83,129,64,90,2,47,60,133,131,22" hai3="72,116,120,85,82,13,40,126,77,30,108,127,57"/><U79/><E115/><V24/><F2/><W103/><G120/><T59/><D75/><U39/><E117/><V14/><F125/><W6/><G116/><T94/><D111/><U91/><E107/><V16/><F133/><W3/><G108/><T97/><D12/><U41/><E36/><V4/><F4/><W74/><G103/><T132/><D33/><U76/><E39/><V27/><F14/><W5/><G3/><T128/><D128/><U113/><E76/><V45/><F131/><W37/><G30/><T123/><D132/><U20/><E20/><V119/><F119/><W86/><G57/><T87/><D87/><N who="3" m="33289" /><G72/><T112/><D112/><U26/><E26/><V21/><F21/><W88/><G88/><T51/><REACH who="0" step="1"/><D123/><REACH who="0" ten="188,250,302,250" step="2"/><U52/><E113/><V121/><F121/><W9/><G13/><T124/><D124/><N who="3" m="47657" /><G9/><T130/><D130/><U80/><E79/><V71/><F129/><W96/><G96/><T114/><D114/><U0/><E0/><V17/><F17/><W54/><G5/><T62/><D62/><U34/><E34/><V10/><F10/><W15/><G6/><T69/><D69/><U89/><E63/><V50/><F50/><W73/><G15/><T101/><AGARI ba="0,1" hai="25,28,32,42,46,51,53,59,61,94,97,101,104,105" machi="101" ten="20,2700,0" yaku="1,1,0,1,7,1,53,0" doraHai="78" doraHaiUra="8" who="0" fromWho="0" sc="188,37,250,-13,302,-7,250,-7" /><INIT seed="2,0,0,0,2,19" ten="225,237,295,243" oya="2" hai0="0,113,16,97,11,77,17,93,119,12,48,102,45" hai1="36,33,107,64,53,130,79,32,71,47,78,5,21" hai2="65,70,134,8,63,135,72,14,43,25,2,125,122" hai3="69,123,57,68,131,23,62,94,103,90,104,124,83"/><V50/><F72/><W117/><G123/><T20/><D113/><U82/><E107/><V31/><F2/><W100/><G117/><T66/><D119/><U101/><E101/><V55/><F43/><W120/><G120/><T52/><D0/><U76/><E130/><V106/><F125/><W99/><G131/><T112/><D112/><U116/><E116/><V49/><F106/><W18/><G124/><T133/><D133/><N who="2" m="50698" /><F55/><W44/><G83/><T108/><D108/><U126/><E5/><N who="2" m="3343" /><F122/><W105/><G44/><T74/><D66/><U61/><E126/><V4/><F4/><W34/><G34/><AGARI ba="0,0" hai="25,31,34,49,50,63,65,70" m="3343,50698" machi="34" ten="30,1500,0" yaku="20,1" doraHai="19" who="2" fromWho="3" sc="225,0,237,0,295,15,243,-15" /><INIT seed="2,1,0,2,1,95" ten="225,237,310,228" oya="2" hai0="125,73,14,58,107,66,79,75,36,96,120,46,118" hai1="99,0,84,76,60,38,115,98,77,89,55,67,18" hai2="108,40,31,100,133,20,64,43,6,15,11,119,86" hai3="124,103,131,71,122,65,9,123,126,78,132,87,27"/><V29/><F119/><W53/><G131/><T74/><D120/><U23/><E115/><V105/><F133/><W45/><G132/><T56/><D118/><U116/><E0/><V50/><F108/><W48/><G9/><T44/><D125/><N who="3" m="48233" /><G27/><T114/><D114/><U3/><E3/><V47/><F43/><W92/><G78/><N who="1" m="30314" /><E67/><V101/><F64/><W25/><G25/><T22/><D79/><U113/><E38/><V21/><F86/><W102/><G87/><T34/><D34/><U26/><E113/><V94/><F105/><W13/><G13/><T111/><D111/><U69/><E69/><V88/><F21/><W32/><G32/><T112/><D112/><U85/><E116/><V135/><F135/><W93/><G93/><T70/><D70/><U12/><E12/><V68/><F68/><W8/><G8/><T52/><D66/><U5/><E5/><V54/><F40/><W81/><G81/><T59/><D36/><U24/><E24/><N who="2" m="16519" /><F31/><W39/><G39/><T42/><D42/><U97/><E89/><V121/><F121/><N who="3" m="46091" /><G92/><T109/><D109/><U128/><E128/><V91/><F94/><W63/><AGARI ba="1,0" hai="45,48,53,63,65,71,102,103" m="46091,48233" machi="63" ten="40,1500,0" yaku="18,1" doraHai="95" who="3" fromWho="3" sc="225,-5,237,-5,310,-8,228,18" /><INIT seed="3,0,0,3,5,30" ten="220,232,302,246" oya="3" hai0="114,8,133,47,109,134,79,87,100,58,29,48,103" hai1="99,135,62,54,70,106,63,119,53,120,81,94,116" hai2="49,91,89,59,129,80,86,20,64,75,45,126,66" hai3="42,21,10,13,110,83,32,124,93,41,60,92,0"/><W25/><G124/><T57/><D109/><U15/><E106/><V18/><F75/><W123/><G123/><T73/><D73/><U27/><E120/><V39/><F39/><W9/><G0/><T69/><D69/><U23/><E135/><N who="0" m="51721" /><D114/><U101/><E15/><N who="2" m="9311" /><F129/><W7/><G110/><T3/><D29/><N who="1" m="17663" /><E81/><V5/><F5/><W17/><G32/><T40/><D79/><U90/><E90/><N who="2" m="51527" /><F126/><W61/><G83/><T65/><D87/><U77/><E77/><V34/><F34/><W98/><G10/><T118/><D118/><N who="1" m="45099" /><E63/><N who="3" m="24138" /><G93/><T132/><N who="0" m="51729" /><T52/><DORA hai="36" /><D65/><AGARI ba="0,0" hai="53,54,62,65,70,94,99,101" m="45099,17663" machi="65" ten="30,1000,0" yaku="12,1" doraHai="30,36" who="1" fromWho="0" sc="220,-10,232,10,302,0,246,0" owari="210,-29.0,242,-15.8,302,40.2,246,4.6" /></mjloggm>