<mjloggm ver="2.3"><GO type="225" lobby="0"/><UN n0="%E7%B4%94%E6%BD%94%E3%83%94%E3%83%A9%E3%83%8B%E3%82%A2" n1="%E3%82%BC%E3%83%AB%E3%83%80%E3%81%AE%E4%BC%9D%E8%AA%AC" n2="%E6%9D%B1%E9%A2%A8%E3%81%AE%E3%81%8D%E3%82%83%E3%81%B7%E3%81%95%E3%82%93" n3="%E3%81%BF%E3%81%BF%E3%81%9A" dan="17,17,16,17" rate="2255.09,2133.04,2152.20,2189.78" sx="M,M,M,M"/><TAIKYOKU oya="0"/><INIT seed="0,0,0,1,2,66" ten="250,250,250,250" oya="0" hai0="104,118,51,63,84,34,32,12,48,120,42,76,106" hai1="77,13,24,20,80,57,21,30,2,115,75,96,70" hai2="15,83,126,52,113,53,72,129,117,98,0,103,61" hai3="37,88,114,119,86,97,81,67,101,31,16,128,11"/><T7/><D63/><U100/><E2/><V68/><F0/><W44/><G114/><T121/><D84/><U46/><E115/><V62/><F113/><W112/><G112/><T65/><D65/><U130/><E130/><V85/><F129/><W123/><G128/><T26/><D12/><U87/><E70/><V55/><F126/><W4/><G119/><T6/><D42/><U5/><E75/><V95/><F72/><W64/><G123/><T29/><D29/><U122/><E122/><V50/><F117/><W49/><G31/><T45/><D118/><U47/><E57/><V105/><F105/><W59/><G59/><T79/><REACH who="0" step="1"/><D26/><REACH who="0" ten="240,250,250,250" step="2"/><U43/><E43/><V56/><F15/><N who="3" m="7295" /><G4/><T135/><D135/><U134/><E134/><V58/><F68/><W102/><G37/><T132/><D132/><U23/><E5/><V9/><F9/><W25/><G25/><T41/><D41/><U111/><E13/><V8/><F8/><W3/><G3/><T133/><D133/><U92/><REACH who="1" step="1"/><E111/><REACH who="1" ten="240,240,250,250" step="2"/><V22/><F62/><W18/><G64/><T125/><D125/><U78/><E78/><N who="2" m="46327" /><F55/><N who="3" m="30119" /><G67/><T82/><D82/><U109/><E109/><V60/><F60/><W108/><G108/><T127/><D127/><U90/><E90/><V73/><F73/><W36/><G36/><T116/><D116/><U35/><AGARI ba="0,2" hai="20,21,23,24,30,35,46,47,77,80,87,92,96,100" machi="35" ten="30,2000,0" yaku="1,1,0,1,53,0" doraHai="66" doraHaiUra="14" who="1" fromWho="1" sc="240,-10,240,40,250,-5,250,-5" /><INIT seed="1,0,0,5,1,48" ten="230,280,245,245" oya="1" hai0="84,121,62,79,115,69,38,109,104,73,19,22,125" hai1="101,82,43,80,16,94,37,34,100,14,21,26,98" hai2="132,135,129,106,27,110,76,15,8,102,120,49,127" hai3="105,133,20,77,33,58,93,81,53,35,57,65,23"/><U103/><E37/><V54/><F76/><W9/><G105/><T118/><RYUUKYOKU type="yao9" ba="0,0" sc="230,0,280,0,245,0,245,0" hai0="19,22,38,62,69,73,79,84,104,109,115,118,121,125" /><INIT seed="1,1,0,3,0,14" ten="230,280,245,245" oya="1" hai0="62,93,90,69,58,127,61,68,77,53,94,20,25" hai1="134,30,36,7,57,92,87,100,80,130,42,60,131" hai2="18,17,95,82,10,0,8,35,111,76,33,125,126" hai3="59,98,73,46,28,132,105,12,124,81,88,24,2"/><U117/><E117/><V64/><F95/><W84/><G2/><T128/><D127/><N who="2" m="48650" /><F64/><W39/><G124/><T86/><D128/><N who="1" m="49195" /><E134/><V41/><F41/><W40/><G132/><T29/><D77/><U108/><E108/><V65/><F65/><W6/><G73/><T96/><REACH who="0" step="1"/><D61/><REACH who="0" ten="220,280,245,245" step="2"/><U120/><E60/><V70/><F111/><W74/><G74/><T22/><D22/><U89/><E120/><V118/><F118/><W103/><G59/><T115/><D115/><U13/><E57/><V121/><F121/><W133/><G133/><T102/><AGARI ba="1,1" hai="20,25,29,53,58,62,68,69,86,90,93,94,96,102" machi="102" ten="20,2700,0" yaku="1,1,0,1,7,1,53,0" doraHai="14" doraHaiUra="37" who="0" fromWho="0" sc="220,40,280,-14,245,-8,245,-8" /><INIT seed="2,0,0,4,5,14" ten="260,266,237,237" oya="2" hai0="89,107,27,29,12,95,105,31,82,36,64,23,39" hai1="104,2,98,1,11,66,32,16,37,115,96,15,125" hai2="21,116,33,63,85,130,109,108,110,103,48,128,118" hai3="77,86,111,65,40,62,7,34,43,24,122,3,26"/><V76/><F63/><W6/><G122/><T9/><D29/><U57/><E115/><V73/><F48/><W30/><G111/><T106/><D82/><U10/><E32/><V8/><F33/><W120/><G120/><T124/><D64/><U78/><E37/><V44/><F44/><W135/><G135/><T81/><D81/><U127/><E78/><V101/><F8/><W50/><G24/><T59/><D59/><U52/><E66/><V13/><F73/><W112/><G112/><T92/><D92/><U60/><E98/><V71/><F71/><W102/><G102/><N who="2" m="38921" /><F21/><W72/><G72/><T119/><D119/><N who="2" m="45610" /><F13/><W55/><G77/><T93/><D93/><U97/><E97/><V90/><F76/><W56/><G86/><T91/><D36/><U58/><E58/><V74/><F74/><W123/><G123/><T18/><D39/><U19/><E96/><V70/><F70/><W42/><REACH who="3" step="1"/><G3/><REACH who="3" ten="260,266,237,227" step="2"/><T87/><D91/><U0/><E104/><V117/><N who="2" m="45618" /><V126/><DORA hai="22" /><F126/><W80/><G80/><AGARI ba="0,1" hai="80,85,90,108,109,110,128,130" m="45618,38921" machi="80" ten="50,12000,1" yaku="14,1,10,1,34,2" doraHai="14,22" who="2" fromWho="3" sc="260,0,266,0,237,130,227,-120" /><INIT seed="2,1,0,4,0,122" ten="260,266,367,107" oya="2" hai0="21,18,75,109,81,105,129,103,61,36,53,83,24" hai1="67,108,47,37,14,0,127,43,101,46,124,42,51" hai2="131,3,78,68,8,25,10,123,91,66,57,1,88" hai3="96,92,97,73,94,74,98,27,112,26,86,89,85"/><V48/><F123/><W39/><G39/><T104/><D129/><U128/><E0/><V107/><F107/><W132/><G132/><T44/><D109/><U102/><E128/><V133/><F68/><W134/><G134/><T106/><D103/><U113/><E113/><V2/><F131/><W41/><G41/><T15/><D36/><U62/><E14/><V70/><F133/><W110/><G112/><T126/><D126/><N who="1" m="48171" /><E108/><V17/><F78/><W60/><G60/><T69/><D75/><N who="3" m="28681" /><G26/><T29/><D44/><U6/><E6/><V56/><F70/><AGARI ba="1,0" hai="37,42,43,46,47,51,62,67,70,101,102" m="48171" machi="70" ten="30,1000,0" yaku="18,1" doraHai="122" who="1" fromWho="2" sc="260,0,266,13,367,-13,107,0" /><INIT seed="3,0,0,2,5,92" ten="260,279,354,107" oya="3" hai0="46,0,78,120,109,80,64,111,98,37,62,31,7" hai1="5,88,60,29,127,30,40,10,20,9,126,84,18" hai2="43,3,103,27,38,121,48,23,128,94,19,87,13" hai3="53,130,101,90,39,74,85,110,93,134,45,102,21"/><W113/><G113/><T56/><D31/><U119/><E119/><V8/><F38/><W70/><G70/><T69/><D120/><U42/><E60/><V22/><F128/><W28/><G130/><T68/><D0/><U79/><E79/><V100/><F3/><W67/><G134/><T104/><D7/><U89/><E20/><V33/><F33/><W65/><G74/><T97/><D104/><U81/><E18/><V6/><F23/><W132/><G132/><T86/><D46/><U36/><E36/><V118/><F118/><W72/><G72/><T116/><D37/><U17/><E17/><V106/><F106/><W114/><G114/><T75/><D75/><U108/><E108/><N who="0" m="41545" /><D116/><U47/><E47/><N who="2" m="25727" /><F121/><W15/><G110/><T4/><D4/><U35/><E5/><V49/><F49/><N who="3" m="28847" /><G39/><T123/><D123/><U25/><E30/><V83/><F94/><W71/><G71/><AGARI ba="0,0" hai="56,62,64,68,69,71,78,80,86,97,98" m="41545" machi="71" ten="30,3900,0" yaku="14,1,52,2" doraHai="92" who="0" fromWho="3" sc="260,39,279,0,354,0,107,-39" owari="299,9.9,279,-12.1,354,45.4,68,-43.2" /></mjloggm>