<mjloggm ver="2.3"><GO type="225" lobby="0"/><UN n0="%E3%83%B4%E3%83%A0%EF%BC%99%E3%81%A6" n1="%E3%81%90%E3%81%A1%E3%82%84%E3%81%BE" n2="%E6%98%93%E5%88%A9%E8%96%A9%E4%BC%AF" n3="%6C%61%6D%62" dan="16,16,17,16" rate="2159.96,2142.24,2212.15,2229.62" sx="M,M,F,M"/><TAIKYOKU oya="0"/><INIT seed="0,0,0,3,2,103" ten="250,250,250,250" oya="0" hai0="85,38,107,61,14,56,8,1,93,54,64,69,128" hai1="31,25,71,79,4,89,78,57,2,83,114,48,121" hai2="29,7,13,124,5,67,37,75,55,129,134,126,34" hai3="77,10,97,68,44,98,12,66,135,133,120,33,94"/><T100/><D128/><U0/><E71/><V86/><F75/><W32/><G77/><T42/><D1/><U99/><E121/><V74/><F74/><W36/><G120/><T6/><D42/><U26/><E114/><V11/><F37/><W20/><G20/><T39/><D107/><U108/><E108/><V51/><F67/><W24/><G68/><T122/><D122/><U46/><E0/><V112/><F112/><W101/><G66/><T119/><D119/><U96/><E57/><V62/><F62/><W35/><G24/><T116/><D116/><U92/><E99/><V104/><F104/><W111/><G111/><T17/><D6/><U84/><E79/><V28/><F134/><N who="3" m="51211" /><G98/><T106/><D106/><U130/><E130/><V53/><F34/><W115/><G115/><T90/><REACH who="0" step="1"/><D100/><REACH who="0" ten="240,250,250,250" step="2"/><U80/><E2/><V63/><F129/><W91/><G101/><T60/><AGARI ba="0,1" hai="8,14,17,38,39,54,56,60,61,64,69,85,90,93" machi="60" ten="20,12000,1" yaku="1,1,2,1,0,1,7,1,53,1" doraHai="103" doraHaiUra="15" who="0" fromWho="0" sc="240,130,250,-40,250,-40,250,-40" /><INIT seed="0,1,0,2,0,46" ten="370,210,210,210" oya="0" hai0="4,75,0,133,104,96,126,99,21,79,89,123,53" hai1="8,23,87,34,134,38,131,48,85,42,15,84,86" hai2="41,112,27,78,109,11,107,54,57,117,71,120,16" hai3="32,128,118,40,12,63,44,110,20,83,101,37,76"/><T5/><D123/><U17/><E34/><V14/><F112/><W49/><G32/><T28/><D126/><U47/><E131/><V70/><F107/><W18/><G118/><T73/><D133/><U74/><E134/><V30/><F109/><W56/><G110/><T81/><D75/><U29/><E74/><V77/><F41/><W82/><G128/><T98/><D104/><U100/><E100/><V90/><F120/><W127/><G127/><T67/><D67/><U102/><E102/><V36/><F36/><W119/><G119/><T69/><D69/><U125/><E125/><V93/><F71/><W19/><G101/><T50/><D89/><U130/><E130/><V106/><F70/><W132/><G132/><T68/><D68/><U111/><N who="1" m="21504" /><DORA hai="51" /><U121/><E111/><V103/><F103/><W1/><G1/><T26/><REACH who="0" step="1"/><D0/><REACH who="0" ten="360,210,210,210" step="2"/><U115/><E121/><V55/><F106/><W60/><G76/><T129/><D129/><U122/><E122/><V10/><F117/><W80/><REACH who="3" step="1"/><G19/><REACH who="3" ten="360,210,210,200" step="2"/><T113/><D113/><U92/><E115/><V9/><F78/><W97/><G97/><T35/><D35/><U64/><E17/><V7/><F77/><W45/><G45/><AGARI ba="1,2" hai="4,5,21,26,28,45,50,53,73,79,81,96,98,99" machi="45" ten="40,7700,0" yaku="1,1,52,2,53,0" doraHai="46,51" doraHaiUra="33,39" who="0" fromWho="3" sc="360,100,210,0,210,0,200,-80" /><INIT seed="0,2,0,5,3,117" ten="460,210,210,120" oya="0" hai0="37,49,126,82,34,43,6,61,41,85,83,27,84" hai1="134,11,101,130,63,100,56,40,88,129,18,132,52" hai2="90,7,44,55,72,66,25,133,104,32,116,16,96" hai3="33,48,62,95,12,22,120,31,10,115,45,1,17"/><T15/><D37/><U75/><E75/><V111/><F72/><W54/><G115/><T108/><D126/><U35/><E40/><V42/><F111/><W50/><G33/><T122/><D108/><U36/><E35/><V78/><F78/><W71/><G120/><T53/><D61/><U92/><E36/><V65/><F7/><W118/><G118/><T39/><D39/><U113/><E11/><V29/><F133/><N who="1" m="51305" /><E18/><V24/><F55/><W28/><G71/><T74/><D27/><U107/><E113/><V112/><F112/><W8/><G62/><T109/><D74/><U124/><E124/><V47/><F104/><W23/><G8/><T67/><D67/><U119/><E107/><V99/><F47/><W19/><G1/><T64/><D64/><U135/><N who="1" m="51313" /><U110/><DORA hai="87" /><E119/><V68/><F68/><W91/><G48/><T21/><D41/><U103/><E110/><V79/><F66/><W60/><G60/><T114/><D114/><U5/><E5/><V123/><F65/><W2/><G2/><T76/><D43/><U93/><E93/><V105/><F105/><W102/><G102/><T13/><D6/><U77/><E77/><V128/><F79/><W106/><G106/><T121/><D76/><U51/><E51/><V0/><F116/><W14/><G10/><T81/><D49/><U57/><E57/><V97/><F42/><W89/><G89/><T59/><D34/><U69/><E69/><V4/><F90/><W131/><G131/><T98/><D109/><U73/><E73/><V3/><F128/><N who="1" m="49257" /><E103/><V46/><F32/><RYUUKYOKU ba="2,0" sc="460,-15,210,15,210,-15,120,15" hai1="52,56,63,88,92,100,101" hai3="12,14,17,19,22,23,28,31,45,50,54,91,95" /><INIT seed="1,3,0,5,2,20" ten="445,225,195,135" oya="1" hai0="74,21,82,77,10,64,72,16,63,57,56,67,91" hai1="85,54,45,125,58,117,102,90,118,78,65,13,32" hai2="60,68,100,27,24,114,94,30,79,128,6,97,127" hai3="15,4,71,123,14,2,75,38,8,12,9,36,86"/><U34/><E78/><V81/><F128/><W41/><G75/><T23/><D72/><U37/><E102/><V52/><F127/><W99/><G123/><T48/><D91/><U28/><E125/><V76/><F114/><W92/><G71/><T124/><D124/><U111/><E111/><V84/><F76/><W0/><G86/><T51/><D10/><U69/><E13/><V33/><F6/><W42/><G92/><T126/><D126/><U62/><E28/><V133/><F133/><W22/><G22/><T18/><D21/><U59/><E59/><V103/><F27/><W70/><G70/><T96/><D96/><U55/><E117/><V129/><F129/><W66/><G66/><T19/><D23/><U73/><E73/><V132/><F132/><W5/><REACH who="3" step="1"/><G14/><REACH who="3" ten="445,225,195,125" step="2"/><T46/><D64/><U1/><E118/><V108/><F68/><W39/><G39/><T131/><D67/><U115/><E115/><V89/><REACH who="2" step="1"/><F108/><REACH who="2" ten="445,225,185,125" step="2"/><W88/><G88/><T44/><D131/><U130/><E69/><V135/><F135/><W47/><G47/><T50/><D44/><U25/><E130/><V122/><F122/><W80/><G80/><T87/><D46/><U7/><E45/><V107/><F107/><W120/><G120/><T105/><D105/><U109/><E109/><V40/><F40/><W35/><G35/><T83/><D83/><N who="1" m="49471" /><E37/><V26/><F26/><W43/><G43/><T93/><D82/><U95/><E95/><V31/><F31/><W61/><G61/><T53/><D93/><U113/><E113/><V98/><F98/><AGARI ba="3,2" hai="0,2,4,5,8,9,12,15,36,38,41,42,98,99" machi="98" ten="25,3200,0" yaku="1,1,22,2,53,0" doraHai="20" doraHaiUra="106" who="3" fromWho="2" sc="445,0,225,0,185,-41,125,61" /><INIT seed="2,0,0,2,3,100" ten="445,225,144,186" oya="2" hai0="85,118,15,88,27,3,76,74,119,29,51,96,134" hai1="132,98,91,101,44,104,59,126,25,22,125,128,73" hai2="79,50,109,115,106,131,49,111,62,133,36,92,114" hai3="55,120,37,5,93,23,78,70,108,72,57,7,14"/><V105/><F92/><W19/><G120/><T97/><D3/><U0/><E128/><V39/><F79/><W18/><G108/><N who="2" m="41545" /><F131/><W6/><G70/><T67/><D134/><U8/><E132/><V65/><F133/><W41/><G37/><N who="2" m="14409" /><F50/><N who="3" m="30967" /><G41/><T130/><D130/><U45/><E73/><V102/><F49/><W40/><G40/><T48/><D76/><U13/><E0/><V35/><F35/><W20/><G72/><T47/><D48/><U16/><E91/><V17/><F17/><W87/><G93/><T26/><D74/><U4/><REACH who="1" step="1"/><E59/><REACH who="1" ten="445,215,144,186" step="2"/><N who="2" m="37087" /><F102/><W122/><G122/><T103/><D103/><U61/><E61/><V80/><F80/><N who="3" m="47511" /><G5/><T121/><D121/><U117/><E117/><V24/><F24/><AGARI ba="0,1" hai="6,7,14,18,19,20,23,24" m="47511,30967" machi="24" ten="30,1000,0" yaku="8,1" doraHai="100" who="3" fromWho="2" sc="445,0,215,0,144,-10,186,20" /><INIT seed="3,0,0,0,5,36" ten="445,215,134,206" oya="3" hai0="54,130,39,93,75,11,16,31,65,22,92,96,78" hai1="112,30,72,73,97,20,111,18,7,99,13,71,34" hai2="89,15,52,77,86,1,95,70,40,63,104,76,88" hai3="38,56,135,119,116,29,55,114,10,134,115,59,84"/><W60/><G29/><T121/><D121/><U83/><E112/><N who="3" m="43050" /><G10/><T80/><D39/><U109/><E71/><V79/><F1/><W132/><G84/><T106/><D65/><U6/><E34/><V58/><F104/><W50/><G38/><T108/><D31/><U19/><E30/><V131/><F131/><W24/><G24/><T25/><D130/><U126/><E126/><V26/><F70/><W61/><G61/><T48/><D11/><U102/><E19/><V4/><F26/><W103/><G103/><T120/><D120/><U100/><E83/><V8/><F89/><W35/><G35/><T81/><D81/><U118/><E118/><V128/><F128/><W3/><G3/><T9/><D9/><U5/><E100/><V113/><F113/><W68/><G68/><T127/><D127/><U129/><E129/><V91/><F91/><W64/><AGARI ba="0,0" hai="50,55,56,59,60,64,116,119,132,134,135" m="43050" machi="64" ten="40,7800,0" yaku="20,1,34,2" doraHai="36" who="3" fromWho="3" sc="445,-26,215,-26,134,-26,206,78" /><INIT seed="3,1,0,4,4,82" ten="419,189,108,284" oya="3" hai0="42,120,67,96,57,52,62,55,77,73,112,99,104" hai1="51,25,34,79,131,48,127,56,3,69,38,111,114" hai2="118,9,45,46,119,117,39,5,31,6,43,133,2" hai3="58,71,1,49,100,87,13,115,29,91,109,59,66"/><W50/><G1/><T110/><D120/><U126/><E114/><V4/><F31/><W80/><G115/><T30/><D112/><U28/><E69/><V22/><F22/><W32/><G71/><T72/><D110/><U65/><E111/><V0/><F133/><W76/><G109/><T97/><D104/><U128/><E38/><V124/><F124/><N who="1" m="47657" /><E3/><V134/><F134/><W98/><G32/><T101/><D101/><U123/><E123/><V61/><F61/><W89/><G29/><T26/><D42/><U90/><E79/><V113/><F6/><W122/><G122/><T121/><D121/><U135/><E135/><V11/><F46/><W35/><G35/><T17/><D17/><U27/><E27/><V105/><F113/><W92/><G13/><T84/><D72/><U24/><E24/><V12/><F12/><W102/><G102/><T60/><D60/><N who="1" m="38023" /><E90/><V81/><F81/><W95/><G100/><T68/><D96/><U86/><E86/><V74/><F105/><W75/><REACH who="3" step="1"/><G66/><REACH who="3" ten="419,189,108,274" step="2"/><T21/><D67/><U70/><E70/><V107/><F107/><W8/><G8/><T129/><D68/><U44/><E34/><V19/><REACH who="2" step="1"/><F19/><REACH who="2" ten="419,189,98,274" step="2"/><W85/><G85/><T93/><D84/><U130/><E28/><V36/><F36/><W53/><G53/><T88/><D55/><N who="1" m="30087" /><E25/><V23/><F23/><W64/><G64/><T106/><D21/><U7/><E7/><V33/><F33/><W18/><G18/><T125/><D26/><U78/><E131/><V116/><N who="2" m="29696" /><DORA hai="108" /><V20/><F20/><W37/><G37/><T41/><D125/><RYUUKYOKU ba="1,2" sc="419,-15,189,-15,98,15,274,15" hai2="0,2,4,5,9,11,39,43,45,74" hai3="49,50,58,59,75,76,80,87,89,91,92,95,98" /><INIT seed="3,2,2,0,0,41" ten="404,174,113,289" oya="3" hai0="70,4,0,75,37,126,59,111,29,48,77,44,24" hai1="50,92,90,88,127,54,95,79,40,12,8,103,17" hai2="89,101,60,34,82,113,65,15,99,104,43,117,81" hai3="72,63,131,6,67,97,78,108,46,36,42,26,74"/><W10/><G131/><T133/><D70/><U116/><E127/><V11/><F113/><W107/><G26/><T100/><D100/><U25/><E116/><V69/><F117/><W66/><G66/><T2/><D126/><U80/><E40/><V114/><F114/><W96/><G96/><T135/><D111/><U7/><E79/><V112/><F112/><W30/><G30/><T51/><D37/><U57/><E103/><V1/><F34/><W14/><G108/><T49/><D44/><U115/><E115/><V124/><F1/><N who="0" m="618" /><D4/><U118/><E118/><V119/><F124/><W22/><G22/><N who="0" m="15511" /><D77/><U87/><E90/><V18/><F119/><W105/><G97/><T121/><D75/><U129/><E129/><V28/><F28/><W123/><G123/><T61/><D121/><U76/><E76/><V98/><REACH who="2" step="1"/><F43/><REACH who="2" ten="404,174,103,289" step="2"/><W9/><G42/><T27/><D27/><U23/><AGARI ba="2,3" hai="7,8,12,17,23,25,50,54,57,80,87,88,92,95" machi="23" ten="30,4000,0" yaku="0,1,8,1,54,1" doraHai="41" who="1" fromWho="1" sc="404,-12,174,76,103,-12,289,-22" owari="392,49.2,250,-15.0,91,-40.9,267,6.7" /></mjloggm>