<mjloggm ver="2.3"><GO type="225" lobby="0"/><UN n0="%E3%83%96%E3%83%83%E3%83%91%E3%82%AA%E3%83%96%E3%83%81%E3%82%AD%E3%83%B3" n1="%72%69%6F%75%63%68%61%6E" n2="%E3%81%99%E3%81%84%E3%81%BE%E3%81%9B%E3%83%BC%E3%82%93" n3="%E3%81%82%E3%82%93%E3%81%AA%E3%81%A4" dan="16,16,18,17" rate="2194.98,2092.86,2213.62,2206.19" sx="M,M,M,M"/><TAIKYOKU oya="0"/><INIT seed="0,0,0,5,4,23" ten="250,250,250,250" oya="0" hai0="57,75,34,50,49,129,131,90,58,48,70,55,53" hai1="133,107,38,80,12,83,108,5,68,54,20,94,79" hai2="103,87,76,128,8,105,7,17,16,135,32,28,88" hai3="122,45,121,1,89,72,125,84,14,3,44,91,96"/><T123/><D75/><U2/><E107/><V126/><F128/><N who="0" m="49226" /><D34/><U51/><E38/><V100/><F126/><W29/><G72/><T86/><D123/><N who="3" m="47113" /><G125/><T112/><D112/><U41/><E108/><V35/><F76/><W30/><G14/><T85/><D70/><U115/><E133/><V59/><F135/><W102/><G96/><T47/><D90/><N who="3" m="34313" /><G84/><N who="0" m="32363" /><D47/><N who="3" m="17993" /><G102/><T36/><D36/><U64/><E115/><V101/><F105/><W77/><G77/><T25/><D25/><U111/><E79/><V46/><F46/><W82/><G82/><T56/><AGARI ba="0,0" hai="48,49,50,53,55,56,57,58" m="32363,49226" machi="56" ten="40,7800,0" yaku="28,2,19,1" doraHai="23" who="0" fromWho="0" sc="250,78,250,-26,250,-26,250,-26" /><INIT seed="0,1,0,4,3,79" ten="328,224,224,224" oya="0" hai0="124,14,84,77,13,2,91,7,104,65,134,66,4" hai1="39,49,101,44,52,125,75,80,102,119,96,99,82" hai2="74,56,122,31,9,88,18,51,6,112,128,61,115" hai3="5,21,73,37,108,131,126,120,81,58,93,32,3"/><T55/><D104/><U8/><E119/><V97/><F122/><W92/><G32/><T45/><D124/><U29/><E125/><V87/><F128/><W28/><G126/><T110/><D134/><U54/><E39/><V23/><F74/><W50/><G131/><T34/><D34/><U109/><E109/><V62/><F31/><W69/><G69/><T100/><D100/><N who="1" m="38507" /><E75/><V42/><F97/><N who="1" m="37449" /><E29/><V53/><F42/><W10/><G108/><T133/><D77/><U90/><E90/><V11/><F115/><W127/><G127/><T118/><D133/><U36/><E36/><V123/><F112/><W121/><G37/><T20/><D2/><U30/><E30/><V64/><F123/><N who="3" m="47179" /><G73/><T117/><D110/><U129/><E129/><V89/><F6/><W86/><G28/><T114/><D114/><U78/><E78/><V68/><F89/><N who="3" m="51407" /><G21/><T71/><D20/><U40/><E8/><V135/><F135/><W85/><G85/><T59/><D71/><U107/><E107/><V94/><REACH who="2" step="1"/><F62/><REACH who="2" ten="328,224,214,224" step="2"/><W116/><G116/><T60/><D118/><U98/><E98/><V22/><F22/><W106/><G106/><T16/><D117/><U1/><E1/><V132/><F132/><W48/><G50/><T63/><D91/><U38/><E38/><V105/><F105/><W25/><G48/><T111/><D111/><U41/><E40/><V19/><F19/><W95/><G3/><T15/><D16/><U24/><E24/><AGARI ba="1,1" hai="9,11,18,23,24,51,53,56,61,64,68,87,88,94" machi="24" ten="30,3900,0" yaku="1,1,7,1,54,1,53,0" doraHai="79" doraHaiUra="70" who="2" fromWho="1" sc="328,0,224,-42,214,52,224,0" /><INIT seed="1,0,0,0,1,64" ten="328,182,266,224" oya="1" hai0="124,38,18,105,6,89,29,17,13,112,37,7,70" hai1="4,2,50,65,99,104,47,46,59,15,30,16,56" hai2="83,123,75,67,52,74,20,114,132,72,33,0,101" hai3="106,69,43,97,88,100,87,81,109,66,96,117,125"/><U12/><E30/><V108/><F33/><W131/><G109/><T44/><D112/><U91/><E2/><V25/><F123/><W62/><G131/><T113/><D105/><U135/><E135/><V68/><F0/><W35/><G35/><T14/><D113/><U119/><E119/><V77/><F114/><W45/><G117/><T39/><D124/><U86/><E4/><V127/><F108/><W27/><G97/><T129/><D129/><U21/><E12/><V57/><F101/><W73/><G73/><T116/><D116/><U42/><E65/><V130/><F127/><W58/><G27/><T115/><D29/><U19/><E19/><V85/><F132/><W93/><G125/><T24/><D24/><U63/><E63/><V120/><F120/><W110/><G110/><T55/><D39/><U54/><E99/><V49/><F130/><W48/><REACH who="3" step="1"/><G58/><REACH who="3" ten="328,182,266,214" step="2"/><T71/><D115/><U10/><E104/><AGARI ba="0,1" hai="43,45,48,62,66,69,81,87,88,93,96,100,104,106" machi="104" ten="40,8000,1" yaku="1,1,2,1,52,1,54,1,53,1" doraHai="64" doraHaiUra="84" who="3" fromWho="1" sc="328,0,182,-80,266,0,214,90" /><INIT seed="2,0,0,4,4,22" ten="328,102,266,304" oya="2" hai0="126,0,37,100,18,79,106,16,21,91,67,83,59" hai1="65,11,3,85,39,64,127,2,6,60,96,84,130" hai2="76,104,54,68,57,122,109,43,86,120,25,33,44" hai3="129,135,38,31,4,124,69,90,63,56,19,35,52"/><V34/><F68/><W61/><G124/><T26/><D126/><U13/><E127/><V98/><F109/><W49/><G38/><T10/><D37/><U103/><E130/><V58/><F34/><W115/><G129/><T50/><D91/><U134/><E134/><V110/><F58/><W73/><G135/><T8/><D0/><U132/><E132/><V119/><F119/><W71/><G73/><T17/><D106/><U14/><E39/><V101/><F110/><W92/><G115/><T78/><D100/><U114/><E114/><V15/><F15/><W20/><G4/><T87/><D79/><U1/><E13/><V123/><F76/><W12/><G69/><T70/><D70/><U51/><E51/><V99/><F99/><W45/><G71/><T62/><REACH who="0" step="1"/><D50/><REACH who="0" ten="318,102,266,304" step="2"/><U46/><E46/><V95/><F44/><W82/><G45/><T32/><D32/><U75/><E75/><V41/><F104/><W23/><G35/><T118/><D118/><U89/><E60/><V40/><F33/><W102/><G102/><T81/><D81/><U133/><E133/><V24/><REACH who="2" step="1"/><F86/><REACH who="2" ten="318,102,256,304" step="2"/><W108/><G108/><T80/><D80/><N who="1" m="49287" /><E85/><V72/><F72/><W128/><G82/><T30/><AGARI ba="0,2" hai="8,10,16,17,18,21,26,30,59,62,67,78,83,87" machi="30" ten="30,8000,1" yaku="1,1,0,1,8,1,52,1,54,1,53,0" doraHai="22" doraHaiUra="105" who="0" fromWho="0" sc="318,100,102,-20,256,-40,304,-20" /><INIT seed="3,0,0,3,4,64" ten="418,82,216,284" oya="3" hai0="36,25,33,114,3,122,29,46,81,119,65,61,15" hai1="127,11,102,52,83,108,16,128,56,135,106,32,69" hai2="132,90,1,10,54,73,84,42,87,116,20,101,7" hai3="80,4,130,109,63,23,8,118,14,107,98,35,50"/><W75/><G118/><T82/><D119/><U72/><E32/><V62/><F73/><W58/><G35/><T95/><D122/><U85/><E72/><V96/><F116/><W45/><G130/><T2/><D114/><U105/><E128/><V117/><F117/><W18/><G109/><T91/><D15/><U17/><E108/><V79/><F42/><W71/><G75/><T53/><D81/><U12/><E102/><V124/><F124/><W123/><G123/><T51/><D82/><U19/><E127/><V31/><F132/><W9/><G80/><T120/><D36/><U60/><E135/><V112/><F79/><W39/><G107/><T99/><D120/><U28/><E28/><V131/><F112/><W134/><G98/><T76/><D76/><U49/><E106/><V133/><F133/><W89/><G89/><T47/><D47/><U57/><E105/><V44/><F90/><W113/><G113/><T77/><D77/><U43/><E69/><AGARI ba="0,0" hai="2,3,25,29,33,46,51,53,61,65,69,91,95,99" machi="69" ten="30,2000,0" yaku="7,1,52,1" doraHai="64" who="0" fromWho="1" sc="418,20,82,-20,216,0,284,0" owari="438,53.8,62,-43.8,216,-18.4,284,8.4" /></mjloggm>