<mjloggm ver="2.3"><GO type="225" lobby="0"/><UN n0="%E3%83%A9%E3%82%A4%E3%83%B3%E3%81%AE%E8%99%8E" n1="%E4%BC%8A%E9%81%94%E6%9C%B1%E9%87%8C%E7%B4%97" n2="%E3%81%BE%E3%81%A8%E3%81%9F" n3="%E5%8D%A0%E3%81%84%E5%B8%AB%E8%A3%8F%E3%81%AA%E3%81%84%E3%81%97" dan="16,16,16,17" rate="2139.31,2105.25,2138.01,2173.08" sx="M,F,M,M"/><TAIKYOKU oya="0"/><INIT seed="0,0,0,3,5,81" ten="250,250,250,250" oya="0" hai0="5,78,69,22,97,67,63,9,14,103,123,37,122" hai1="73,132,90,15,58,47,31,68,34,11,55,79,1" hai2="13,117,92,101,119,52,62,41,125,131,129,51,70" hai3="93,91,96,54,32,45,60,33,111,16,20,94,86"/><T43/><D78/><U107/><E68/><V126/><F101/><W0/><G0/><T8/><D22/><U23/><E107/><V19/><F92/><W7/><G7/><T24/><D24/><U89/><E47/><N who="2" m="27775" /><F41/><W106/><G106/><T109/><D109/><U112/><E112/><V64/><F19/><W46/><G111/><T27/><D27/><U104/><E31/><V10/><F13/><N who="3" m="9231" /><G32/><T42/><D8/><U113/><E11/><V38/><F10/><W108/><G33/><T124/><D124/><N who="2" m="47722" /><F38/><W105/><G105/><T28/><D28/><U110/><E104/><V115/><F115/><W85/><G108/><T29/><D29/><U48/><E110/><V72/><F72/><W120/><G120/><T65/><D37/><U71/><E73/><V59/><F70/><W133/><G133/><T83/><D123/><U76/><E71/><V77/><F77/><W53/><G94/><N who="0" m="58807" /><D122/><U121/><E76/><V95/><F95/><W56/><G45/><T66/><D83/><U87/><E121/><V80/><F80/><W130/><G130/><AGARI ba="0,0" hai="59,62,64,117,119,129,130,131" m="47722,27775" machi="130" ten="30,8000,1" yaku="19,1,18,1,34,2,54,1" doraHai="81" who="2" fromWho="3" sc="250,0,250,0,250,80,250,-80" /><INIT seed="1,0,0,0,2,16" ten="250,250,330,170" oya="1" hai0="66,5,27,109,13,127,36,75,37,49,79,26,91" hai1="114,93,101,102,43,124,134,117,62,15,2,59,22" hai2="106,122,120,4,104,65,38,112,17,1,10,133,97" hai3="23,28,77,123,128,3,95,40,18,44,115,96,63"/><U25/><E114/><V68/><F38/><W119/><G123/><T14/><D109/><U132/><E2/><V7/><F112/><W82/><G115/><T121/><D66/><U130/><E117/><V47/><F47/><W125/><G3/><T42/><D91/><U51/><E124/><V80/><F133/><N who="1" m="51305" /><E15/><V89/><F7/><W105/><G105/><T6/><D127/><U70/><E130/><V118/><F118/><W61/><G28/><T60/><D121/><U53/><E93/><V56/><F68/><W69/><G69/><T50/><D42/><U90/><E90/><V92/><F80/><W32/><G32/><T0/><D0/><U113/><E113/><V45/><F104/><W55/><G128/><T41/><D41/><U46/><E70/><V31/><F106/><W73/><G125/><T100/><D100/><U12/><E12/><V78/><F92/><W111/><G111/><T103/><D103/><U129/><E129/><V94/><F1/><W84/><G73/><T74/><REACH who="0" step="1"/><D60/><REACH who="0" ten="240,250,330,170" step="2"/><U88/><E88/><V71/><F89/><N who="3" m="55407" /><G40/><T52/><D52/><U131/><E131/><V110/><F110/><W99/><G119/><T58/><D58/><U39/><E39/><V48/><F56/><W116/><G116/><T135/><D135/><U86/><E43/><V8/><F71/><W108/><G108/><T34/><D34/><U9/><E59/><V33/><F33/><W57/><G99/><T126/><D126/><U72/><E62/><V19/><F120/><W54/><G61/><T21/><D21/><U11/><E22/><V85/><F122/><RYUUKYOKU ba="0,1" sc="240,30,250,-10,330,-10,170,-10" hai0="5,6,13,14,26,27,36,37,49,50,74,75,79" /><INIT seed="2,1,1,5,3,81" ten="270,240,320,160" oya="2" hai0="62,58,125,25,101,107,86,18,87,3,24,2,66" hai1="70,78,57,9,7,63,112,84,23,95,28,123,113" hai2="13,22,14,72,47,16,31,39,90,98,10,106,122" hai3="65,104,94,30,82,50,69,17,1,126,11,43,37"/><V88/><F72/><W46/><G104/><T32/><D125/><U53/><E123/><V93/><F106/><W129/><G126/><T131/><D131/><U133/><E70/><V73/><F73/><W4/><G129/><T79/><D25/><U130/><E133/><V124/><F124/><W5/><G30/><T8/><D79/><U132/><E130/><V42/><F122/><W74/><G4/><T40/><D40/><U115/><E132/><V21/><F31/><W89/><G17/><T99/><D32/><U119/><E119/><V67/><F67/><W127/><G127/><T38/><D38/><U61/><E61/><V0/><F0/><W52/><G65/><T33/><D33/><U54/><E54/><V15/><F22/><W36/><G69/><T77/><D77/><U60/><E60/><V6/><F90/><W97/><REACH who="3" step="1"/><G43/><REACH who="3" ten="270,240,320,150" step="2"/><T19/><D19/><U27/><E113/><V35/><F35/><W55/><G55/><T134/><D134/><U71/><E71/><V51/><F39/><W100/><G100/><T80/><D18/><U96/><E115/><V12/><AGARI ba="1,2" hai="6,10,12,13,14,15,16,21,42,47,51,88,93,98" machi="12" ten="20,12000,1" yaku="0,1,7,1,8,1,54,2" doraHai="81" who="2" fromWho="2" sc="270,-41,240,-41,320,143,150,-41" /><INIT seed="2,2,0,2,0,81" ten="229,199,463,109" oya="2" hai0="29,8,25,35,75,21,131,10,99,39,104,86,109" hai1="129,93,9,61,102,42,68,57,97,89,14,91,119" hai2="32,134,60,124,125,34,116,76,16,74,54,22,115" hai3="20,31,26,2,40,77,105,130,100,30,133,83,19"/><V127/><F115/><W66/><G2/><T33/><D75/><U36/><E129/><V28/><F116/><W12/><G130/><T27/><D39/><U47/><E119/><V132/><F76/><W85/><G133/><N who="2" m="51305" /><F74/><W23/><G105/><T53/><D131/><U65/><REACH who="1" step="1"/><E68/><REACH who="1" ten="229,189,463,109" step="2"/><V38/><F124/><W13/><G100/><T69/><D69/><U118/><E118/><V5/><F125/><W108/><G108/><T72/><D109/><U37/><E37/><V128/><F38/><W110/><G110/><T4/><D35/><U92/><E92/><V120/><F34/><W48/><G66/><T45/><D33/><U3/><E3/><V117/><F127/><W1/><G1/><T11/><D104/><U58/><E58/><V6/><F117/><W126/><G126/><T82/><D45/><U17/><AGARI ba="2,1" hai="9,14,17,36,42,47,57,61,65,89,91,93,97,102" machi="17" ten="20,5200,0" yaku="1,1,0,1,7,1,53,1" doraHai="81" doraHaiUra="55" who="1" fromWho="1" sc="229,-15,189,68,463,-28,109,-15" /><INIT seed="3,0,0,2,3,75" ten="214,257,435,94" oya="3" hai0="49,13,81,107,57,12,105,46,118,53,117,68,44" hai1="65,43,40,131,77,48,72,114,62,67,102,47,84" hai2="61,78,89,63,10,37,6,108,79,42,90,125,56" hai3="28,129,122,55,85,106,39,22,5,11,112,60,36"/><W94/><G106/><T21/><D68/><U27/><E114/><V76/><F108/><W24/><G112/><T95/><D105/><U69/><E131/><V103/><F103/><W34/><G122/><T15/><D107/><U135/><E135/><V130/><F130/><W29/><G129/><T132/><D132/><U93/><E72/><V123/><F125/><W119/><G119/><T20/><D117/><U110/><E110/><V101/><F101/><W104/><G104/><T87/><D95/><U83/><E65/><V3/><F63/><W33/><G55/><T58/><D118/><U45/><E27/><V96/><F96/><W18/><G60/><T54/><D20/><U74/><E102/><V25/><F25/><W26/><G94/><T73/><D73/><U121/><E121/><V0/><F0/><W116/><G85/><T111/><D21/><U1/><E1/><V124/><F123/><W51/><G51/><N who="0" m="28919" /><D111/><U86/><E93/><V23/><F124/><W92/><G92/><T30/><D30/><U126/><E126/><V9/><F3/><N who="3" m="447" /><G116/><T128/><D128/><U100/><E100/><V35/><F37/><AGARI ba="0,0" hai="37,40,43,45,47,48,62,67,69,74,77,83,84,86" machi="37" ten="30,2000,0" yaku="7,1,52,1" doraHai="75" who="1" fromWho="2" sc="214,0,257,20,435,-20,94,0" owari="214,-18.6,277,7.7,415,51.5,94,-40.6" /></mjloggm>