<mjloggm ver="2.3"><GO type="225" lobby="0"/><UN n0="%E3%81%A8%E3%82%89%E3%81%84%E3%81%A1" n1="%E3%81%A4%E3%81%A3%E3%81%B1%E3%82%8A%E3%83%9D%E3%83%BC%E3%83%AB" n2="%E3%83%96%E3%83%83%E3%83%91%E3%82%AA%E3%83%96%E3%83%81%E3%82%AD%E3%83%B3" n3="%E5%B6%BA%E4%B8%8A%E5%92%B2" dan="16,17,16,16" rate="2137.07,2275.15,2116.66,2186.82" sx="M,M,M,F"/><TAIKYOKU oya="0"/><INIT seed="0,0,0,4,0,103" ten="250,250,250,250" oya="0" hai0="134,33,104,124,112,59,22,115,7,122,25,93,118" hai1="48,62,90,123,64,105,23,128,101,58,80,96,71" hai2="0,37,116,89,16,43,98,86,100,12,29,28,127" hai3="87,3,84,79,97,53,47,44,126,52,111,34,83"/><T113/><D59/><U70/><E123/><V117/><F0/><W61/><G3/><T85/><D85/><U92/><E128/><V107/><F127/><W63/><G34/><T66/><D66/><U76/><E48/><V69/><F69/><W68/><G126/><T132/><D93/><U125/><E125/><V60/><F60/><N who="3" m="23115" /><G68/><T114/><D114/><U20/><E71/><V108/><F108/><W55/><G111/><T15/><D124/><U1/><E1/><V21/><F43/><W135/><G135/><N who="0" m="51755" /><D122/><U9/><E9/><V14/><F37/><W120/><G120/><T65/><D65/><U39/><E39/><V94/><REACH who="2" step="1"/><F12/><REACH who="2" ten="250,250,240,250" step="2"/><W72/><G72/><T95/><D118/><AGARI ba="0,1" hai="14,16,21,28,29,86,89,94,98,100,107,116,117,118" machi="118" ten="40,8000,1" yaku="1,1,2,1,12,1,52,1,54,1,53,0" doraHai="103" doraHaiUra="78" who="2" fromWho="0" sc="250,-80,250,0,240,90,250,0" /><INIT seed="1,0,0,0,5,126" ten="170,250,330,250" oya="1" hai0="11,75,37,17,54,22,93,14,13,55,99,121,46" hai1="122,50,81,68,26,12,8,20,110,39,16,35,10" hai2="45,18,105,118,4,24,84,129,51,15,60,9,65" hai3="74,67,72,63,91,73,128,19,124,52,87,97,134"/><U90/><E39/><V95/><F118/><W40/><G124/><T21/><D75/><U38/><E38/><V27/><F105/><W116/><G116/><T76/><D76/><U119/><E68/><V25/><F129/><W69/><G134/><T94/><D121/><U64/><E119/><V48/><F4/><W32/><G32/><T56/><D99/><U86/><E122/><V23/><F23/><W114/><G114/><T79/><D79/><U131/><E131/><V88/><REACH who="2" step="1"/><F45/><REACH who="2" ten="170,250,320,250" step="2"/><W41/><G128/><T0/><D0/><U120/><E120/><V44/><F44/><W111/><G111/><T57/><D46/><U34/><E110/><V100/><F100/><W89/><G73/><T29/><D37/><U104/><E104/><V70/><AGARI ba="0,1" hai="9,15,18,24,25,27,48,51,60,65,70,84,88,95" machi="70" ten="30,8000,1" yaku="1,1,0,1,54,1,53,2" doraHai="126" doraHaiUra="47" who="2" fromWho="2" sc="170,-20,250,-40,320,90,250,-20" /><INIT seed="2,0,0,1,4,117" ten="150,210,410,230" oya="2" hai0="35,45,17,2,8,131,104,42,84,99,100,108,32" hai1="113,129,60,126,56,115,105,72,63,64,24,80,82" hai2="59,48,125,11,79,78,41,3,52,134,44,90,25" hai3="49,96,103,13,111,47,65,38,16,27,37,26,102"/><V29/><F125/><W106/><G111/><T91/><D108/><U95/><E105/><V127/><F127/><W85/><G103/><T58/><D131/><U36/><E126/><V101/><F134/><W92/><G65/><T88/><D58/><U15/><E36/><V93/><F101/><W22/><G38/><T118/><D118/><U53/><E129/><V50/><F11/><W6/><G37/><T69/><D69/><U71/><E15/><V43/><F3/><W128/><G128/><T107/><D107/><U124/><E124/><V4/><F43/><N who="3" m="24831" /><G106/><T89/><D84/><U1/><E1/><V120/><F120/><W21/><G6/><T23/><D8/><U34/><E95/><V57/><F57/><W86/><G26/><T114/><D114/><U133/><E133/><V123/><F123/><W77/><G77/><T81/><D81/><U20/><E34/><V7/><F7/><W112/><G112/><T70/><D70/><U97/><E97/><V75/><F4/><W18/><AGARI ba="0,0" hai="13,16,18,21,22,27,85,86,92,96,102" m="24831" machi="18" ten="30,2000,0" yaku="8,1,54,1" doraHai="117" who="3" fromWho="3" sc="150,-5,210,-5,410,-10,230,20" /><INIT seed="3,0,0,5,0,112" ten="145,205,400,250" oya="3" hai0="10,102,51,98,52,134,9,128,79,101,60,53,94" hai1="91,17,75,80,54,82,126,25,70,30,132,131,36" hai2="110,114,23,69,74,104,38,58,39,31,1,66,11" hai3="86,8,57,85,117,103,19,95,20,50,15,125,113"/><W4/><G113/><T135/><D128/><U129/><E132/><V42/><F114/><W73/><G73/><T127/><D127/><U14/><E126/><V13/><F74/><W93/><G125/><T40/><D79/><U45/><E70/><V7/><F104/><W122/><G122/><T5/><D101/><U123/><E123/><V90/><F69/><W16/><G117/><T6/><D40/><N who="1" m="22663" /><E54/><V106/><F110/><W111/><G111/><T34/><D34/><N who="1" m="20815" /><E75/><V118/><F118/><W32/><G32/><T121/><D121/><U81/><E91/><V59/><F106/><W29/><G29/><T133/><D60/><U105/><E105/><V96/><F66/><W84/><G103/><T77/><D77/><U87/><E87/><V76/><F76/><W33/><G33/><T72/><D72/><U21/><E82/><V24/><F1/><W89/><G93/><T115/><D115/><U26/><E26/><V22/><F22/><W0/><REACH who="3" step="1"/><G19/><REACH who="3" ten="145,205,400,240" step="2"/><T37/><D37/><U28/><E28/><V65/><F38/><W130/><G130/><T92/><D92/><U2/><E131/><V12/><F39/><W100/><G100/><T49/><D5/><U47/><E129/><V120/><F120/><W27/><G27/><T62/><D6/><U35/><E35/><V55/><F24/><W44/><G44/><T97/><D94/><U116/><E47/><V61/><F31/><W64/><G64/><T18/><D102/><U68/><E116/><V78/><F65/><W88/><G88/><T107/><D107/><U3/><E68/><V99/><F90/><RYUUKYOKU ba="0,1" sc="145,-15,205,15,400,-15,240,15" hai1="2,3,14,17,21,80,81" hai3="0,4,8,15,16,20,50,57,84,85,86,89,95" /><INIT seed="3,1,1,4,4,20" ten="130,220,385,255" oya="3" hai0="51,98,21,109,12,133,64,4,48,89,0,63,53" hai1="55,57,13,100,73,60,126,114,24,82,91,42,97" hai2="17,44,47,50,116,6,3,37,130,33,70,61,56" hai3="27,38,19,106,35,94,62,14,25,46,74,125,127"/><W128/><G106/><T93/><D109/><U34/><E114/><V23/><F116/><W81/><G35/><T78/><D133/><U54/><E126/><V32/><F130/><W83/><G128/><T43/><D0/><U58/><E42/><N who="2" m="22607" /><F6/><W41/><G74/><T26/><D78/><U80/><E73/><V104/><F3/><W2/><G2/><T65/><D43/><U15/><E91/><V110/><F47/><W49/><G38/><T131/><D131/><U99/><E34/><V59/><F59/><W115/><G115/><T5/><D51/><U103/><E60/><V1/><F1/><W28/><G28/><T69/><D65/><U107/><E107/><V108/><F104/><W90/><G62/><T31/><REACH who="0" step="1"/><D12/><REACH who="0" ten="120,220,385,255" step="2"/><U95/><E13/><N who="2" m="9647" /><F50/><W29/><G125/><T10/><D10/><U52/><E15/><V67/><F70/><W75/><G127/><T111/><D111/><AGARI ba="1,2" hai="32,33,56,61,67,108,110,111" m="9647,22607" machi="111" ten="30,1000,0" yaku="14,1" doraHai="20" who="2" fromWho="0" sc="120,-13,220,0,385,33,255,0" owari="107,-39.3,220,-18.0,418,51.8,255,5.5" /></mjloggm>