<mjloggm ver="2.3"><GO type="225" lobby="0"/><UN n0="%E5%91%A8%E6%9D%B1" n1="%E5%B0%8F%E5%AE%AE%E3%81%9F%E3%81%9A%E3%81%8D" n2="%E3%81%82%E3%81%99%E3%81%AB%E3%82%83%E3%82%80" n3="%E3%83%A9%E3%82%A4%E3%83%B3%E3%81%AE%E8%99%8E" dan="17,16,16,16" rate="2186.37,2141.31,2208.79,2120.79" sx="M,F,F,M"/><TAIKYOKU oya="0"/><INIT seed="0,0,0,2,4,89" ten="250,250,250,250" oya="0" hai0="54,29,69,23,25,122,98,15,82,135,67,79,61" hai1="70,126,16,50,125,58,60,81,93,10,86,118,77" hai2="91,57,74,115,85,45,13,92,109,32,111,129,49" hai3="17,131,128,5,14,100,101,62,11,6,43,65,133"/><T59/><D135/><U7/><E118/><V40/><F115/><W44/><G133/><T88/><D122/><U90/><E70/><V34/><F129/><N who="3" m="49739" /><G101/><T26/><D15/><U37/><E37/><V116/><F116/><W19/><G19/><T78/><D26/><U9/><E50/><V31/><F74/><W33/><G33/><T102/><D82/><U127/><E7/><V120/><F120/><W119/><G100/><T113/><D113/><U121/><E16/><V124/><F124/><W4/><G119/><T28/><D28/><U47/><E47/><V56/><F13/><W112/><G112/><T110/><D110/><N who="2" m="41994" /><F31/><W103/><G103/><T27/><D27/><U24/><E24/><V39/><F39/><N who="3" m="21631" /><G4/><T8/><D8/><U55/><REACH who="1" step="1"/><E121/><REACH who="1" ten="250,240,250,250" step="2"/><V114/><F114/><W130/><N who="3" m="49747" /><W2/><DORA hai="53" /><G2/><T21/><D21/><U71/><E71/><AGARI ba="0,1" hai="5,6,11,14,17,62,65,71" m="21631,49747" machi="71" ten="40,1300,0" yaku="19,1" doraHai="89,53" who="3" fromWho="1" sc="250,0,240,-13,250,0,250,23" /><INIT seed="1,0,0,2,0,46" ten="250,227,250,273" oya="1" hai0="57,73,47,129,90,77,107,122,105,92,7,132,128" hai1="5,61,69,60,75,23,111,78,43,16,89,34,135" hai2="42,127,49,45,134,10,21,59,116,98,118,124,39" hai3="33,26,17,48,113,37,31,82,28,30,53,102,87"/><U13/><E34/><V94/><F134/><W121/><G121/><T56/><D7/><U70/><E135/><V93/><F10/><W103/><G37/><T19/><D132/><U58/><E111/><V68/><F68/><W131/><G131/><N who="0" m="50251" /><D122/><U126/><E126/><N who="2" m="48171" /><F21/><N who="3" m="13615" /><G33/><T112/><D19/><U71/><E43/><V96/><F59/><N who="3" m="33191" /><G113/><T106/><D112/><U55/><E5/><V3/><F3/><W95/><G95/><N who="2" m="36361" /><F39/><W44/><G44/><T130/><D130/><U29/><E29/><V86/><F86/><W66/><G66/><T114/><D47/><U123/><E123/><V20/><F20/><W27/><G27/><T104/><D104/><U76/><E89/><AGARI ba="0,0" hai="28,30,31,82,87,89,102,103" m="33191,13615" machi="89" ten="30,2000,0" yaku="8,1,52,1" doraHai="46" who="3" fromWho="1" sc="250,0,227,-20,250,0,273,20" /><INIT seed="2,0,0,0,1,6" ten="250,207,250,293" oya="2" hai0="61,130,30,106,62,2,48,51,98,113,81,19,56" hai1="55,70,11,120,115,78,13,20,26,104,54,38,123" hai2="129,105,50,46,7,41,126,35,5,103,24,29,22" hai3="110,59,10,97,49,112,36,121,3,21,108,131,91"/><V28/><F129/><W94/><G36/><T0/><D113/><U4/><E115/><V132/><F132/><W86/><G112/><T17/><D30/><U90/><E38/><V45/><F126/><W82/><G121/><N who="1" m="46666" /><E70/><V127/><F127/><W65/><G131/><T71/><D130/><U85/><E104/><V135/><F135/><W118/><G118/><T63/><D71/><U33/><E78/><V124/><F124/><W67/><G21/><T80/><D56/><U133/><E33/><V77/><F77/><W60/><G49/><N who="0" m="19019" /><D98/><U89/><E133/><V102/><F46/><W119/><G65/><T64/><D106/><U79/><E79/><V69/><F69/><W122/><G119/><T12/><D12/><U8/><E8/><V73/><F73/><W87/><G122/><T101/><D64/><U84/><E84/><V40/><F40/><W72/><G72/><T15/><D15/><U53/><E85/><V114/><F114/><W125/><G125/><T83/><D101/><N who="2" m="38410" /><F105/><W88/><REACH who="3" step="1"/><G87/><REACH who="3" ten="250,207,250,283" step="2"/><T23/><D23/><U58/><E58/><V1/><F35/><W9/><G9/><T96/><D96/><U16/><AGARI ba="0,1" hai="4,11,13,16,20,26,53,54,55,89,90" m="46666" machi="16" ten="30,4000,0" yaku="13,1,52,1,54,1" doraHai="6" who="1" fromWho="1" sc="250,-10,207,50,250,-20,283,-10" /><INIT seed="3,0,0,5,2,5" ten="240,257,230,273" oya="3" hai0="56,80,114,101,53,30,95,89,129,47,11,66,109" hai1="116,41,24,22,23,31,65,112,73,117,60,110,96" hai2="119,102,59,74,88,111,49,90,122,91,115,45,14" hai3="50,57,103,9,44,94,97,36,78,4,20,63,125"/><W72/><G125/><T99/><D109/><U79/><E112/><V2/><F115/><W108/><G108/><T133/><D114/><U37/><E110/><V93/><F111/><W43/><G20/><T19/><D129/><U42/><E73/><V33/><F2/><N who="3" m="151" /><G50/><T58/><D133/><U55/><E79/><V38/><F119/><N who="1" m="45641" /><E55/><N who="2" m="30127" /><F33/><W135/><G135/><T35/><D66/><U26/><E96/><N who="2" m="59663" /><F74/><W62/><G57/><T34/><D30/><N who="1" m="17687" /><E37/><V81/><F38/><W61/><G61/><T127/><D127/><U17/><E31/><V67/><F122/><W71/><G71/><AGARI ba="0,0" hai="17,23,26,41,42,60,65,71" m="17687,45641" machi="71" ten="30,1000,0" yaku="12,1" doraHai="5" who="1" fromWho="3" sc="240,0,257,10,230,0,273,-10" /><INIT seed="4,0,0,0,2,55" ten="240,267,230,263" oya="0" hai0="101,105,40,121,45,73,38,8,43,91,118,13,80" hai1="46,106,112,77,99,28,39,114,107,14,93,24,5" hai2="34,20,122,67,126,98,120,65,87,1,48,9,21" hai3="4,16,37,69,97,30,12,60,58,102,111,76,52"/><T134/><D121/><U109/><E109/><V133/><F34/><W32/><G111/><T35/><D118/><U63/><E77/><V88/><F133/><W6/><G37/><T29/><D134/><U84/><E84/><V123/><F126/><W103/><G76/><T0/><D43/><N who="1" m="22911" /><E14/><V129/><F129/><W75/><G69/><T128/><D128/><U119/><E5/><V33/><F33/><W7/><G75/><T61/><D0/><U49/><E49/><V116/><F116/><W25/><REACH who="3" step="1"/><G97/><REACH who="3" ten="240,267,230,253" step="2"/><N who="0" m="61615" /><D73/><U44/><E99/><V81/><F98/><W54/><G54/><T27/><D38/><U22/><E119/><V51/><F65/><W130/><G130/><T110/><D110/><U56/><E114/><V18/><F67/><W83/><G83/><T70/><D80/><U82/><E82/><V131/><F131/><W92/><G92/><T17/><D70/><U57/><E93/><V74/><F74/><W90/><G90/><T104/><D91/><U53/><E112/><V117/><F117/><W94/><G94/><T100/><D104/><U3/><E107/><V15/><REACH who="2" step="1"/><F1/><REACH who="2" ten="240,267,220,253" step="2"/><W2/><G2/><T68/><D68/><U96/><E3/><V125/><F125/><W113/><G113/><T36/><D100/><U71/><E96/><V19/><F19/><W66/><G66/><T85/><D85/><U86/><E86/><V115/><F115/><W23/><AGARI ba="0,2" hai="4,6,7,12,16,23,25,30,32,52,58,60,102,103" machi="23" ten="30,8000,1" yaku="1,1,0,1,52,1,54,2,53,0" doraHai="55" doraHaiUra="72" who="3" fromWho="3" sc="240,-40,267,-20,220,-20,253,100" owari="200,-20.0,247,4.7,200,-30.0,353,45.3" /></mjloggm>