<mjloggm ver="2.3"><GO type="225" lobby="0"/><UN n0="%E3%83%A9%E3%83%BC%E3%83%A1%E3%83%B3%E4%BA%94%E9%83%8E" n1="%E5%8F%AF%E5%85%90%E9%82%A3%E7%94%B1%E5%A4%9A" n2="%E3%81%8B%E3%82%8F%E3%81%A1%E3%82%83%E3%82%93%35%38" n3="%E5%A4%8F%E9%88%B4%E9%88%B4%E5%A4%8F" dan="16,16,16,16" rate="2153.29,2127.39,2123.49,2095.25" sx="M,F,M,F"/><TAIKYOKU oya="0"/><INIT seed="0,0,0,4,5,34" ten="250,250,250,250" oya="0" hai0="112,126,51,81,57,31,84,64,109,52,87,124,104" hai1="24,2,69,26,82,15,49,80,111,130,36,75,108" hai2="21,28,11,71,90,119,115,96,14,16,99,40,62" hai3="117,127,105,48,88,8,13,132,65,7,83,17,0"/><T102/><D112/><U86/><E36/><V50/><F115/><W12/><G117/><T129/><D129/><U60/><E130/><V97/><F119/><W25/><G132/><T46/><D109/><N who="1" m="42059" /><E2/><V77/><F77/><W54/><G127/><N who="0" m="48683" /><D31/><U56/><E69/><V93/><F71/><W107/><G65/><T95/><D104/><U73/><E49/><V29/><F62/><W101/><G25/><N who="1" m="9834" /><E15/><V37/><F37/><W68/><G68/><T22/><D22/><U128/><E128/><V41/><F21/><W134/><G134/><T118/><D118/><U121/><E121/><V122/><F122/><W116/><G116/><T103/><D95/><U98/><E98/><N who="2" m="37995" /><F50/><W47/><G101/><N who="0" m="38411" /><D81/><N who="1" m="31339" /><E86/><V63/><F63/><AGARI ba="0,0" hai="46,51,52,57,63,64,84,87" m="38411,48683" machi="63" ten="30,2900,0" yaku="18,1,54,1" doraHai="34" who="0" fromWho="2" sc="250,29,250,0,250,-29,250,0" /><INIT seed="0,1,0,3,0,118" ten="279,250,221,250" oya="0" hai0="11,33,85,63,40,64,42,135,62,93,109,91,101" hai1="14,13,112,7,24,27,68,32,81,30,67,49,110" hai2="102,46,18,100,80,60,51,36,88,1,8,48,43" hai3="129,72,45,126,38,106,105,123,120,9,76,90,26"/><T107/><D33/><U53/><E110/><V4/><F60/><W65/><G65/><T47/><D109/><U117/><E117/><V130/><F130/><W79/><G26/><T73/><D135/><U121/><E112/><V96/><F18/><W35/><G35/><T86/><D73/><U61/><E121/><N who="3" m="46666" /><G129/><T125/><D125/><U54/><E7/><V19/><F19/><W131/><G131/><T44/><D101/><U29/><E81/><V52/><F36/><W78/><G126/><T122/><D122/><U94/><E94/><V31/><F31/><W16/><G90/><T116/><D116/><U69/><E69/><V70/><F70/><W34/><G34/><T98/><D64/><U103/><E103/><V133/><F133/><W22/><G9/><T84/><D11/><U132/><E132/><V82/><F100/><W104/><G45/><N who="0" m="17483" /><D107/><N who="3" m="27393" /><W15/><DORA hai="5" /><G38/><T58/><D58/><U3/><E32/><V114/><F102/><W56/><G56/><T55/><D55/><U83/><E54/><V111/><F111/><W74/><AGARI ba="1,0" hai="15,16,22,72,74,76,78,79" m="27393,46666" machi="74" ten="50,8000,1" yaku="13,1,52,3,54,1" doraHai="118,5" who="3" fromWho="3" sc="279,-41,250,-21,221,-21,250,83" /><INIT seed="1,0,0,5,2,13" ten="238,229,200,333" oya="1" hai0="95,129,39,14,108,113,93,124,107,55,127,5,63" hai1="67,79,56,112,101,71,109,118,24,12,9,51,114" hai2="3,81,98,47,62,27,121,77,132,48,0,66,36" hai3="84,8,106,90,128,119,57,45,10,99,18,1,117"/><U80/><E118/><N who="3" m="45066" /><G128/><T72/><D113/><U134/><E134/><V133/><F36/><W20/><G1/><T135/><D129/><U76/><E109/><V120/><F98/><W91/><G45/><T115/><D115/><U29/><E71/><V125/><F81/><N who="3" m="49423" /><G57/><N who="0" m="35263" /><D39/><U73/><E101/><V116/><F77/><W65/><G65/><T87/><D72/><U28/><E76/><V23/><F116/><W122/><G122/><N who="2" m="47209" /><F48/><W17/><G91/><T111/><D135/><N who="2" m="51786" /><F47/><W74/><G20/><T103/><D108/><U61/><E51/><V68/><F62/><W52/><G52/><T30/><D111/><U105/><E114/><V102/><F102/><N who="3" m="62815" /><G74/><T94/><D103/><U4/><E112/><V100/><F66/><W31/><G31/><T38/><D30/><U40/><E105/><V34/><F100/><W42/><G42/><T83/><D107/><U70/><E40/><V130/><F68/><W58/><G58/><T54/><D54/><U37/><E29/><N who="2" m="19775" /><F130/><W2/><G2/><N who="2" m="553" /><F23/><W16/><AGARI ba="0,0" hai="8,10,16,17,18" m="62815,49423,45066" machi="16" ten="30,8000,1" yaku="12,1,52,3,54,1" doraHai="13" who="3" fromWho="3" sc="238,-20,229,-40,200,-20,333,80" /><INIT seed="2,0,0,4,1,0" ten="218,189,180,413" oya="2" hai0="45,100,37,105,103,63,109,5,66,93,117,74,95" hai1="88,62,12,77,135,134,53,111,26,119,13,118,61" hai2="58,79,124,116,110,46,96,80,47,98,91,71,64" hai3="68,75,92,10,78,17,132,49,32,114,126,94,36"/><V59/><F116/><N who="1" m="44585" /><E77/><V3/><F3/><W51/><G17/><T83/><D117/><U19/><E53/><V69/><F64/><W54/><G10/><T30/><D105/><U107/><E107/><V22/><F22/><W50/><G54/><T97/><D109/><U129/><E88/><V76/><F91/><W81/><G94/><T86/><D74/><U101/><E101/><V125/><REACH who="2" step="1"/><F110/><REACH who="2" ten="218,189,170,413" step="2"/><W48/><G32/><T2/><D66/><U67/><E67/><V39/><F39/><W112/><G36/><T23/><D37/><U38/><E38/><V128/><F128/><W16/><G114/><T29/><D2/><U31/><E111/><V120/><F120/><W25/><G112/><T8/><D23/><U41/><E129/><V27/><F27/><W11/><G25/><T65/><D65/><U72/><E12/><V56/><F56/><W99/><G68/><T84/><D103/><U44/><E13/><V43/><F43/><W122/><G122/><T102/><D102/><U90/><E90/><V7/><F7/><W121/><G121/><T104/><D5/><U131/><E131/><V42/><F42/><W106/><G78/><T9/><D100/><U6/><E6/><V130/><F130/><W73/><G106/><T33/><D104/><U70/><E70/><V15/><F15/><W52/><G52/><T4/><D4/><U20/><E41/><V24/><F24/><W123/><G123/><T57/><D57/><U18/><E20/><V87/><F87/><W108/><N who="3" m="12288" /><DORA hai="115" /><W113/><G113/><T127/><D86/><U28/><E26/><RYUUKYOKU ba="0,1" sc="218,-10,189,-10,170,30,413,-10" hai2="46,47,58,59,69,71,76,79,80,96,98,124,125" /><INIT seed="2,1,1,4,3,60" ten="208,179,200,403" oya="2" hai0="21,97,10,130,122,0,99,36,14,3,2,107,101" hai1="121,39,22,1,82,131,17,66,123,115,124,114,117" hai2="75,80,55,52,63,31,9,134,29,127,95,44,58" hai3="76,110,35,24,84,112,73,13,40,26,86,19,7"/><V87/><F75/><W103/><G110/><T43/><D122/><N who="1" m="46603" /><E39/><V65/><F134/><W46/><G112/><N who="1" m="43050" /><E82/><V125/><F9/><W92/><G73/><T47/><D130/><U59/><E1/><V25/><F95/><W18/><G7/><T56/><D97/><U54/><E131/><V42/><F29/><W15/><G35/><T5/><REACH who="0" step="1"/><D56/><REACH who="0" ten="198,179,200,403" step="2"/><U119/><E124/><V126/><F126/><W51/><G103/><T32/><D32/><U116/><E116/><V133/><F127/><W67/><G24/><T37/><D37/><U50/><E66/><V98/><F125/><W90/><G67/><T91/><D91/><U4/><E4/><V78/><F98/><W49/><G26/><AGARI ba="1,2" hai="17,22,26,50,54,59,117,119" m="43050,46603" machi="26" ten="30,1000,0" yaku="13,1" doraHai="60" who="1" fromWho="3" sc="198,0,179,33,200,0,403,-13" /><INIT seed="3,0,0,3,3,101" ten="198,212,200,390" oya="3" hai0="66,75,33,71,12,4,79,81,87,40,51,21,117" hai1="113,41,7,5,28,114,15,115,35,112,98,123,89" hai2="52,99,88,61,69,9,60,107,80,43,2,34,121" hai3="90,91,103,42,36,31,132,30,10,14,22,46,85"/><W3/><G132/><T96/><D117/><U53/><E114/><V128/><F34/><W73/><G73/><T32/><D75/><U93/><E123/><V94/><F107/><W92/><G3/><T130/><D130/><U26/><E41/><V23/><F69/><W78/><G78/><T29/><D96/><U127/><E127/><V44/><F128/><W118/><G118/><T13/><D66/><U0/><E0/><V104/><F104/><W57/><G103/><T76/><D71/><U54/><REACH who="1" step="1"/><E7/><REACH who="1" ten="198,202,200,390" step="2"/><V16/><F43/><W55/><G42/><T74/><D74/><U77/><E77/><V134/><F121/><W50/><G36/><T131/><D131/><U122/><E122/><V126/><F126/><W86/><G22/><T45/><D76/><U84/><E84/><N who="2" m="50183" /><F9/><AGARI ba="0,1" hai="5,9,15,26,28,35,53,54,89,93,98,112,113,115" machi="9" ten="40,1300,0" yaku="1,1,53,0" doraHai="101" doraHaiUra="119" who="1" fromWho="2" sc="198,0,202,23,200,-13,390,0" owari="198,-20.2,225,2.5,187,-31.3,390,49.0" /></mjloggm>