<mjloggm ver="2.3"><GO type="225" lobby="0"/><UN n0="%E3%81%AF%E3%82%88%E3%81%8A%E3%81%98%E3%81%95%E3%82%93" n1="%E3%81%BF%E3%81%BF%E3%81%9A" n2="%72%61%6B%33" n3="%E7%B4%94%E6%BD%94%E3%83%94%E3%83%A9%E3%83%8B%E3%82%A2" dan="16,17,16,17" rate="2199.44,2211.15,2090.55,2224.87" sx="M,M,M,M"/><TAIKYOKU oya="0"/><INIT seed="0,0,0,0,3,52" ten="250,250,250,250" oya="0" hai0="19,80,30,92,108,83,39,24,51,44,68,71,117" hai1="129,12,49,37,26,72,91,47,90,22,128,62,96" hai2="122,74,97,36,82,100,93,73,40,38,69,126,127" hai3="104,79,35,41,43,106,32,59,98,63,134,70,21"/><T34/><D117/><U77/><E37/><V110/><F69/><W118/><G70/><T6/><D108/><U48/><E12/><V5/><F122/><W3/><G3/><T87/><D39/><U114/><E114/><V58/><F110/><W8/><G8/><T28/><D28/><U11/><E11/><V130/><F130/><N who="1" m="50281" /><E62/><V75/><F5/><W64/><G79/><T132/><D132/><U76/><E48/><V86/><F58/><W4/><G4/><T0/><D83/><N who="1" m="45447" /><E96/><V102/><F40/><W10/><G10/><T60/><D60/><U109/><E77/><N who="2" m="46415" /><F38/><W54/><G118/><T101/><D6/><U15/><E15/><V29/><F36/><W53/><G98/><N who="0" m="59591" /><D19/><N who="1" m="12639" /><E109/><V115/><F29/><W99/><G99/><T45/><D0/><U103/><E103/><N who="2" m="60847" /><F115/><W31/><G31/><T95/><D45/><U116/><E116/><V61/><F61/><W123/><G63/><T135/><D71/><U85/><E85/><V16/><F16/><W133/><G123/><T89/><D68/><U27/><E27/><V14/><F14/><W84/><G84/><T120/><D120/><U124/><E124/><AGARI ba="0,0" hai="73,74,75,100,102,124,126,127" m="60847,46415" machi="124" ten="40,5200,0" yaku="18,1,34,2" doraHai="52" who="2" fromWho="1" sc="250,0,250,-52,250,52,250,0" /><INIT seed="1,0,0,1,4,54" ten="250,198,302,250" oya="1" hai0="29,5,124,92,126,66,135,99,4,100,67,79,120" hai1="115,46,20,44,36,71,102,39,74,30,101,31,61" hai2="90,119,33,113,110,83,107,131,1,38,111,125,24" hai3="88,109,13,129,81,86,76,40,2,53,98,121,50"/><U26/><E115/><V123/><F90/><W133/><G121/><T21/><D120/><U10/><E74/><V97/><F83/><W19/><G2/><T116/><D116/><U16/><E71/><V0/><F97/><W130/><G109/><T41/><D135/><U60/><E10/><V103/><F24/><W14/><G133/><T37/><D79/><U73/><E26/><V114/><F103/><W122/><G122/><T17/><D29/><U27/><E27/><V9/><F9/><W18/><G40/><T95/><D92/><U70/><E70/><V105/><F105/><W118/><G118/><T12/><D41/><U59/><E20/><V52/><F52/><W62/><G62/><T108/><D37/><U34/><E73/><V42/><F42/><W75/><G98/><T64/><REACH who="0" step="1"/><D108/><REACH who="0" ten="240,198,302,250" step="2"/><U48/><E34/><V134/><F110/><W85/><G75/><T78/><D78/><U28/><E28/><V23/><F113/><W104/><G104/><T68/><D68/><U56/><E48/><V57/><F111/><W22/><G129/><T80/><D80/><U65/><E65/><V72/><F131/><W32/><G130/><T7/><AGARI ba="0,1" hai="4,5,7,12,17,21,64,66,67,95,99,100,124,126" machi="7" ten="40,2700,0" yaku="1,1,0,1,53,0" doraHai="54" doraHaiUra="51" who="0" fromWho="0" sc="240,37,198,-13,302,-7,250,-7" /><INIT seed="2,0,0,2,3,80" ten="277,185,295,243" oya="2" hai0="23,121,53,24,91,108,28,34,62,131,126,15,123" hai1="39,88,22,101,132,94,97,10,43,14,76,48,58" hai2="18,129,16,75,99,77,49,50,51,74,35,84,98" hai3="73,4,117,134,2,30,41,82,55,135,107,127,90"/><V21/><F35/><W38/><G30/><T70/><D108/><U125/><E132/><N who="3" m="50730" /><G107/><T56/><D126/><U29/><E125/><V95/><F129/><W0/><G127/><T57/><D70/><U36/><E76/><V52/><F75/><W63/><G4/><T109/><D131/><U33/><E33/><V1/><F74/><W8/><G8/><T86/><D109/><U114/><E114/><V32/><F1/><W7/><G7/><T42/><D42/><U103/><E39/><V17/><F32/><W61/><G55/><T46/><D46/><U78/><E36/><V47/><F21/><W93/><G41/><T44/><D44/><U68/><E78/><V13/><F13/><W120/><G38/><T92/><D56/><U100/><E68/><V133/><F133/><W40/><G40/><T69/><D69/><U116/><E116/><V54/><F77/><N who="3" m="44335" /><G120/><T124/><D124/><U118/><E118/><V6/><F6/><W122/><G122/><T110/><D110/><U71/><E71/><V85/><F50/><W128/><G117/><T12/><D12/><U83/><E43/><V106/><F106/><W119/><G119/><T3/><D3/><N who="3" m="1065" /><G128/><T105/><D105/><U19/><E29/><V60/><F60/><W130/><G130/><T87/><D121/><U66/><E10/><V112/><F47/><W89/><G89/><T111/><D123/><U37/><E37/><V9/><F9/><W45/><G45/><T5/><D111/><U115/><E115/><V104/><F112/><W59/><G59/><T27/><D34/><U81/><E48/><RYUUKYOKU ba="0,0" sc="277,-15,185,15,295,-15,243,15" hai1="14,19,22,58,66,81,83,88,94,97,100,101,103" hai3="61,63,90,93" /><INIT seed="3,1,0,5,3,75" ten="262,200,280,258" oya="3" hai0="116,103,95,28,124,54,82,16,62,133,53,110,86" hai1="44,74,26,76,8,63,15,23,85,1,127,130,35" hai2="52,45,135,121,31,60,58,80,92,129,7,64,40" hai3="117,108,102,90,81,71,83,112,101,113,39,99,79"/><W84/><G71/><T93/><D116/><U77/><E74/><V3/><F31/><W109/><G39/><T12/><D110/><N who="3" m="42601" /><G117/><T25/><D124/><U106/><E106/><V11/><F135/><W98/><G98/><T134/><D25/><U2/><E127/><V88/><F129/><W24/><G24/><T91/><D28/><U19/><E130/><V57/><F121/><W105/><G102/><T21/><D95/><U10/><E35/><V30/><F30/><W43/><G43/><T97/><D62/><U66/><E44/><V46/><F40/><W126/><G126/><T50/><REACH who="0" step="1"/><D54/><REACH who="0" ten="252,200,280,258" step="2"/><U111/><E111/><V41/><F41/><W4/><G4/><T119/><D119/><U56/><E8/><V87/><F92/><W69/><G69/><T51/><D51/><AGARI ba="1,1" hai="3,7,11,45,46,51,52,57,58,60,64,80,87,88" machi="51" ten="30,3900,0" yaku="7,1,54,2" doraHai="75" who="2" fromWho="0" sc="252,-42,200,0,280,52,258,0" owari="210,-19.0,200,-30.0,332,43.2,258,5.8" /></mjloggm>