<mjloggm ver="2.3"><GO type="225" lobby="0"/><UN n0="%E3%83%A9%E3%82%A4%E3%83%B3%E3%81%AE%E8%99%8E" n1="%77%72%77%72%77%72%77%72" n2="%E6%B8%A1%E5%A4%A9%E8%97%8D" n3="%E8%90%BD%E6%97%A5" dan="16,17,16,17" rate="2146.40,2158.08,2147.36,2189.93" sx="M,M,M,F"/><TAIKYOKU oya="0"/><INIT seed="0,0,0,5,0,91" ten="250,250,250,250" oya="0" hai0="68,18,56,99,0,6,42,104,114,116,126,82,129" hai1="9,61,72,130,101,111,20,4,70,89,120,94,121" hai2="109,37,34,74,32,97,132,95,54,67,98,66,133" hai3="90,57,93,7,24,63,64,2,31,119,117,52,100"/><T60/><D114/><U46/><E72/><V17/><F74/><W58/><G100/><T11/><D116/><U29/><E111/><V14/><F37/><W36/><G36/><T71/><D126/><U13/><E130/><V85/><F109/><W33/><G7/><T112/><D112/><U10/><E101/><N who="2" m="60607" /><F54/><W19/><G19/><T87/><D129/><U21/><E46/><V43/><F43/><W127/><G2/><T103/><D18/><U27/><E20/><N who="2" m="11319" /><F85/><W75/><G75/><T86/><D42/><U12/><E61/><V80/><F80/><W22/><G33/><N who="2" m="12905" /><F98/><W28/><G127/><T53/><REACH who="0" step="1"/><D87/><REACH who="0" ten="240,250,250,250" step="2"/><U113/><E113/><V47/><F47/><W51/><REACH who="3" step="1"/><G31/><REACH who="3" ten="240,250,250,240" step="2"/><T88/><AGARI ba="0,2" hai="0,6,11,53,56,60,68,71,82,86,88,99,103,104" machi="88" ten="20,18000,2" yaku="1,1,2,1,0,1,7,1,54,1,53,1" doraHai="91" doraHaiUra="5" who="0" fromWho="0" sc="240,200,250,-60,250,-60,240,-60" /><INIT seed="0,1,0,4,3,94" ten="440,190,190,180" oya="0" hai0="70,57,53,134,120,3,56,125,18,111,80,129,128" hai1="126,115,89,14,0,85,68,66,19,51,52,79,25" hai2="13,49,12,24,112,100,92,72,11,20,123,38,91" hai3="86,65,43,69,50,39,60,7,27,67,108,33,64"/><T83/><D120/><U41/><E0/><V16/><F38/><W2/><G108/><T104/><D70/><U78/><E126/><V63/><F72/><W47/><G7/><T30/><D3/><U121/><E121/><V118/><F118/><W62/><G2/><T34/><D125/><U98/><E115/><V6/><F112/><W8/><G8/><T76/><D134/><U130/><E130/><V35/><F123/><W31/><G86/><T9/><D104/><U95/><E41/><V1/><F100/><W107/><G62/><T4/><D18/><U73/><E73/><V40/><F63/><W96/><REACH who="3" step="1"/><G39/><REACH who="3" ten="440,190,190,170" step="2"/><T42/><D9/><U54/><E85/><V90/><F1/><W84/><G84/><T113/><D4/><U81/><E79/><V106/><F6/><W44/><G44/><T45/><D45/><U131/><E78/><V21/><F11/><W29/><G29/><T58/><D30/><U105/><E19/><V5/><F16/><W77/><G77/><T88/><D76/><U22/><E81/><V23/><F5/><W133/><G133/><T36/><D83/><U116/><E116/><V122/><F122/><W97/><G97/><T15/><D80/><U75/><E98/><V71/><F12/><W127/><G127/><T102/><D15/><U55/><E14/><V59/><F13/><W103/><AGARI ba="1,1" hai="27,31,33,43,47,50,60,64,65,67,69,96,103,107" machi="103" ten="30,8000,1" yaku="1,1,0,1,25,2,52,1,53,0" doraHai="94" doraHaiUra="17" who="3" fromWho="3" sc="440,-41,190,-21,190,-21,170,93" /><INIT seed="1,0,0,4,3,51" ten="399,169,169,263" oya="1" hai0="73,49,19,78,59,119,21,122,132,8,36,88,18" hai1="84,127,131,117,126,94,114,123,34,71,105,10,75" hai2="120,89,57,124,112,40,32,15,83,65,130,20,25" hai3="90,69,68,113,107,111,93,9,39,63,64,134,4"/><U3/><RYUUKYOKU type="yao9" ba="0,0" sc="399,0,169,0,169,0,263,0" hai1="3,10,34,71,75,84,94,105,114,117,123,126,127,131" /><INIT seed="1,1,0,4,5,134" ten="399,169,169,263" oya="1" hai0="80,7,124,2,17,21,46,32,41,100,104,20,123" hai1="55,93,85,112,116,90,47,40,89,48,61,121,97" hai2="43,16,51,69,23,64,42,110,60,49,28,56,118" hai3="19,99,71,111,76,82,131,44,92,35,27,120,75"/><U125/><E112/><V129/><F118/><W128/><G120/><T95/><D32/><U34/><E116/><V126/><F110/><W6/><G111/><T30/><D104/><U108/><E108/><V107/><F107/><W9/><G71/><T86/><D123/><U109/><E109/><V1/><F1/><W29/><G19/><T38/><D30/><U22/><E34/><V77/><F129/><N who="3" m="49739" /><G44/><T13/><D21/><U78/><E121/><V8/><F77/><W0/><G92/><T135/><D135/><U45/><E22/><V10/><F28/><W11/><G11/><N who="2" m="4137" /><F69/><W18/><G18/><T122/><D7/><U65/><E78/><V87/><F87/><W4/><G4/><T5/><D5/><U103/><E125/><V91/><F91/><W59/><G59/><T52/><D124/><U72/><E72/><V101/><F101/><W127/><G99/><T113/><D2/><U14/><E14/><N who="2" m="9623" /><F126/><AGARI ba="1,0" hai="0,6,9,27,29,35,75,76,82,126,127" m="49739" machi="126" ten="30,7700,0" yaku="19,1,23,1,52,2" doraHai="134" who="3" fromWho="2" sc="399,0,169,0,169,-80,263,80" /><INIT seed="2,0,0,2,5,74" ten="399,169,89,343" oya="2" hai0="93,89,5,117,119,103,16,46,24,25,0,19,96" hai1="113,78,104,47,83,73,107,88,122,111,76,27,112" hai2="121,12,79,127,33,85,109,38,58,70,130,52,17" hai3="108,114,4,8,100,132,21,40,31,90,72,80,1"/><V102/><F121/><W118/><G118/><N who="0" m="45067" /><D0/><U39/><E27/><N who="0" m="10313" /><D5/><U50/><E39/><V3/><F3/><W125/><G21/><T86/><D46/><U68/><E68/><V44/><F33/><W84/><G31/><T81/><AGARI ba="0,0" hai="16,19,81,86,89,93,96,103" m="10313,45067" machi="81" ten="30,2000,0" yaku="12,1,54,1" doraHai="74" who="0" fromWho="0" sc="399,20,169,-5,89,-10,343,-5" /><INIT seed="3,0,0,2,2,45" ten="419,164,79,338" oya="3" hai0="135,87,95,107,108,134,117,61,74,37,94,4,54" hai1="84,30,66,88,14,97,72,101,118,113,17,34,102" hai2="69,77,63,93,73,85,124,46,105,25,15,24,12" hai3="19,13,121,100,23,126,79,52,81,104,28,6,133"/><W89/><G121/><T5/><D117/><U31/><E72/><V125/><F105/><W26/><G126/><N who="2" m="48745" /><F73/><W109/><G133/><N who="0" m="50699" /><D108/><U123/><E123/><V1/><F1/><W114/><G114/><T86/><D74/><U55/><E118/><V29/><F46/><W44/><G109/><T0/><D37/><U50/><E34/><N who="2" m="20775" /><F77/><W91/><G6/><N who="0" m="2667" /><D107/><U2/><E113/><V49/><F63/><W120/><G120/><T22/><D0/><U42/><E2/><V36/><F69/><W76/><G104/><T8/><D8/><U9/><E30/><V16/><F36/><W78/><G100/><T131/><D131/><U48/><E102/><V65/><F65/><W98/><G98/><T39/><D39/><U20/><E66/><V58/><F93/><N who="0" m="35338" /><D22/><U110/><E110/><V70/><F85/><W129/><G129/><T130/><D130/><U3/><E3/><V41/><F70/><W103/><G103/><T82/><D82/><U128/><E101/><V40/><F40/><W71/><G81/><T112/><D112/><U122/><E42/><V90/><F90/><W10/><REACH who="3" step="1"/><G71/><REACH who="3" ten="419,164,79,328" step="2"/><T67/><D54/><U80/><E55/><N who="2" m="32111" /><F41/><W68/><G68/><AGARI ba="0,1" hai="61,67,68,86,87" m="35338,2667,50699" machi="68" ten="30,1000,0" yaku="20,1" doraHai="45" who="0" fromWho="3" sc="419,20,164,0,79,0,328,-10" owari="439,53.9,164,-23.6,79,-42.1,318,11.8" /></mjloggm>