<mjloggm ver="2.3"><GO type="225" lobby="0"/><UN n0="%E3%83%A9%E3%83%BC%E3%83%A1%E3%83%B3%E4%BA%94%E9%83%8E" n1="%E3%81%95%E3%81%8D%E3%81%9F%E3%81%BE%E6%9E%97%E6%AA%8E" n2="%E3%83%B4%E3%83%A0%EF%BC%99%E3%81%A6" n3="%E3%83%A9%E3%82%B9%E7%8E%87%EF%BC%93%E5%89%B2" dan="16,16,17,17" rate="2150.31,2094.27,2165.07,2211.63" sx="M,M,M,F"/><TAIKYOKU oya="0"/><INIT seed="0,0,0,3,1,14" ten="250,250,250,250" oya="0" hai0="73,35,94,104,38,6,7,97,96,120,41,125,92" hai1="63,10,115,123,28,75,98,26,69,84,106,110,93" hai2="78,127,89,121,27,105,31,122,44,91,20,22,134" hai3="16,0,135,37,61,95,66,85,8,49,5,32,55"/><T42/><D120/><U51/><E123/><V64/><F105/><W30/><G135/><T19/><D35/><U116/><E75/><V131/><F134/><W133/><G133/><T103/><D73/><U23/><E116/><V114/><F114/><W62/><G37/><T47/><D125/><U118/><E118/><V111/><F127/><W43/><G43/><T50/><D104/><U99/><E110/><V59/><F111/><W24/><G66/><T107/><D107/><U76/><E106/><V56/><F131/><W48/><G48/><T117/><D117/><U1/><E1/><V15/><F44/><W13/><G85/><T102/><D42/><U54/><E10/><V71/><F71/><W74/><G95/><T77/><D77/><U40/><E40/><V90/><F78/><W25/><G25/><T58/><D38/><U21/><E115/><V39/><F39/><W101/><G101/><T2/><D2/><U3/><E3/><V79/><F79/><W9/><REACH who="3" step="1"/><G74/><REACH who="3" ten="250,250,250,240" step="2"/><T81/><D81/><U130/><E130/><V52/><F121/><W67/><G67/><T132/><D132/><U126/><E26/><V87/><F122/><W46/><AGARI ba="0,1" hai="0,5,8,9,13,16,24,30,32,46,49,55,61,62" machi="46" ten="20,8000,1" yaku="1,1,0,1,7,1,52,1,54,1,53,0" doraHai="14" doraHaiUra="65" who="3" fromWho="3" sc="250,-40,250,-20,250,-20,240,90" /><INIT seed="1,0,0,2,0,85" ten="210,230,230,330" oya="1" hai0="122,104,106,125,32,80,20,76,49,93,84,4,83" hai1="53,58,91,78,45,112,65,13,26,44,15,127,41" hai2="67,128,88,18,3,43,103,72,51,59,114,40,9" hai3="120,75,23,131,132,30,95,107,100,0,105,113,110"/><U54/><E112/><V27/><F72/><W10/><G75/><T28/><D32/><U68/><E68/><V118/><F118/><W21/><G120/><T2/><D122/><U129/><E129/><V74/><F74/><W52/><G131/><T130/><D130/><U124/><E78/><V38/><F38/><W22/><G30/><T115/><D115/><U99/><E65/><V62/><F114/><W116/><G116/><T55/><D125/><U90/><E99/><V29/><F103/><W60/><G110/><T64/><D64/><U48/><E26/><V8/><F3/><W98/><G132/><T82/><D93/><U108/><E108/><V109/><F109/><W70/><G70/><T16/><D28/><U73/><E73/><V61/><F61/><W71/><G71/><T46/><D106/><U35/><E35/><V42/><F51/><W123/><G123/><T86/><D104/><U7/><E7/><V111/><F128/><W79/><G79/><T92/><D92/><U14/><E45/><V119/><F119/><W63/><G63/><T56/><D46/><U117/><E117/><V6/><F6/><N who="3" m="1351" /><G113/><T77/><D82/><U36/><REACH who="1" step="1"/><E54/><REACH who="1" ten="210,220,230,330" step="2"/><V89/><F111/><W135/><G135/><T34/><D34/><U81/><E81/><V24/><F29/><W69/><G69/><T37/><D4/><U31/><E31/><V87/><F27/><W66/><G66/><T126/><D77/><U134/><E134/><V11/><F87/><N who="0" m="33322" /><D76/><U121/><E121/><V133/><F133/><W25/><G25/><T17/><D83/><U96/><E96/><RYUUKYOKU ba="0,1" sc="210,-30,220,10,230,10,330,10" hai1="13,14,15,36,41,44,48,53,58,90,91,124,127" hai2="8,9,11,18,24,40,42,43,59,62,67,88,89" hai3="21,22,23,52,60,95,98,100,105,107" /><INIT seed="1,1,1,2,5,38" ten="180,230,240,340" oya="1" hai0="116,92,69,5,3,68,128,110,94,121,71,59,23" hai1="11,91,135,114,82,60,79,66,51,48,64,117,98" hai2="87,39,8,83,72,65,133,78,127,132,62,107,118" hai3="14,88,81,6,108,85,86,40,41,93,126,100,112"/><U63/><E114/><V57/><F118/><W115/><G108/><T42/><D116/><U131/><E117/><V28/><F127/><W44/><G126/><T18/><D110/><U109/><E109/><V56/><F107/><W113/><G44/><T0/><D128/><U32/><E32/><V90/><F39/><W104/><G104/><T9/><D121/><U35/><E35/><V99/><F28/><W2/><G2/><T73/><D73/><U19/><E131/><V22/><F22/><W77/><REACH who="3" step="1"/><G100/><REACH who="3" ten="180,230,240,330" step="2"/><T102/><D0/><U89/><E135/><V84/><F132/><W61/><G61/><T49/><D102/><U96/><E60/><V70/><F62/><W20/><G20/><T106/><D106/><U10/><E63/><V103/><F103/><W33/><G33/><T37/><D59/><U30/><E66/><V134/><F56/><W95/><G95/><T4/><D94/><U31/><E64/><V75/><F57/><W123/><G123/><T120/><D120/><U80/><REACH who="1" step="1"/><E79/><REACH who="1" ten="180,220,240,330" step="2"/><V7/><F78/><W45/><G45/><N who="0" m="25783" /><D69/><U21/><E21/><V76/><F70/><W46/><G46/><T52/><D71/><U16/><AGARI ba="1,3" hai="10,11,16,19,30,31,48,51,80,82,89,91,96,98" machi="16" ten="25,24000,3" yaku="1,1,0,1,22,2,8,1,54,1,53,2" doraHai="38" doraHaiUra="13" who="1" fromWho="1" sc="180,-81,220,273,240,-81,330,-81" /><INIT seed="1,2,0,4,2,53" ten="99,493,159,249" oya="1" hai0="81,1,9,63,111,10,127,128,102,7,32,45,133" hai1="23,40,85,80,107,24,104,92,52,91,36,48,98" hai2="101,18,86,51,77,38,21,118,59,16,124,122,65" hai3="76,129,78,112,115,100,62,8,83,126,58,0,84"/><U68/><E68/><V33/><F118/><W71/><G129/><T43/><D128/><U123/><E123/><V35/><F122/><W4/><G126/><T134/><D127/><U34/><E34/><V56/><F38/><W119/><G119/><T27/><D102/><U5/><E5/><V37/><F37/><W31/><G71/><T13/><D111/><U28/><E36/><V95/><F124/><W55/><G100/><T47/><D81/><U93/><E93/><V64/><F33/><W26/><REACH who="3" step="1"/><G78/><REACH who="3" ten="99,493,159,239" step="2"/><T132/><D43/><U72/><E40/><V60/><F35/><AGARI ba="2,1" hai="0,4,8,26,31,35,55,58,62,76,83,84,112,115" machi="35" ten="30,8000,1" yaku="1,1,2,1,7,1,52,1,53,1" doraHai="53" doraHaiUra="29" who="3" fromWho="2" sc="99,0,493,0,159,-86,239,96" /><INIT seed="2,0,0,2,3,30" ten="99,493,73,335" oya="2" hai0="109,1,48,86,121,39,95,128,75,126,125,21,60" hai1="22,117,71,111,73,20,54,66,112,101,50,97,18" hai2="83,84,13,78,127,45,57,3,76,58,132,123,41" hai3="27,16,7,87,63,36,85,15,33,129,14,99,0"/><V53/><F123/><W25/><G36/><T38/><D121/><U135/><E112/><V82/><F3/><W118/><G118/><T9/><D75/><U120/><E111/><V74/><F127/><N who="0" m="48650" /><D109/><U100/><E117/><V70/><F132/><W124/><G129/><T37/><D128/><U98/><E73/><V28/><F70/><W116/><G116/><T31/><D48/><U59/><E135/><V43/><F28/><W134/><G134/><T108/><D108/><U44/><E120/><V77/><F77/><W34/><G124/><T130/><D130/><U55/><E71/><V110/><F110/><W12/><G63/><T19/><D60/><U23/><E66/><V10/><F53/><W62/><G62/><T17/><D31/><U88/><E18/><N who="0" m="6665" /><D21/><U96/><E88/><V89/><F89/><W51/><G16/><T49/><D49/><AGARI ba="0,0" hai="20,22,23,44,49,50,54,55,59,96,97,98,100,101" machi="49" ten="40,1300,0" yaku="8,1" doraHai="30" who="1" fromWho="0" sc="99,-13,493,13,73,0,335,0" /><INIT seed="3,0,0,1,2,126" ten="86,506,73,335" oya="3" hai0="70,46,39,123,42,122,4,86,93,18,85,59,23" hai1="68,83,109,117,54,77,48,102,28,66,71,55,12" hai2="112,32,78,79,124,31,60,127,135,89,40,58,33" hai3="114,9,97,43,37,88,128,6,96,47,50,120,72"/><W76/><G114/><T130/><D70/><U131/><E109/><V1/><F112/><W13/><G120/><T14/><D130/><U38/><E131/><V36/><F1/><W19/><G128/><T26/><D59/><U41/><E102/><V119/><F119/><W7/><G7/><T101/><D101/><U65/><E28/><V106/><F106/><W118/><G118/><T16/><D4/><U17/><E55/><N who="2" m="33887" /><F89/><W5/><G5/><T21/><REACH who="0" step="1"/><D93/><REACH who="0" ten="76,506,73,335" step="2"/><U116/><E48/><V15/><F15/><W115/><G115/><T105/><D105/><U104/><E77/><N who="2" m="29195" /><F135/><W8/><G50/><T103/><D103/><U57/><E17/><V74/><F74/><W84/><G76/><T75/><D75/><U44/><E41/><V53/><F53/><W51/><G72/><T34/><D34/><U95/><E83/><V73/><F73/><W29/><G29/><T94/><D94/><U90/><E90/><V10/><F10/><W98/><G37/><T134/><D134/><U111/><E12/><V81/><F81/><W62/><G62/><T0/><D0/><U69/><E69/><V2/><F2/><W27/><G27/><T61/><D61/><U56/><E56/><V125/><F31/><W20/><REACH who="3" step="1"/><G6/><REACH who="3" ten="76,506,73,325" step="2"/><T49/><D49/><N who="1" m="30927" /><E117/><V11/><F11/><W52/><G52/><T64/><D64/><U110/><E66/><V87/><F36/><W91/><G91/><T100/><D100/><U63/><E63/><V82/><F40/><W132/><G132/><T67/><D67/><U80/><E38/><V3/><F3/><W45/><G45/><RYUUKYOKU ba="0,2" sc="76,10,506,-30,73,10,325,10" hai0="14,16,18,21,23,26,39,42,46,85,86,122,123" hai2="32,33,82,87,124,125,127" hai3="8,9,13,19,20,43,47,51,84,88,96,97,98" /><INIT seed="3,1,2,4,2,108" ten="86,476,83,335" oya="3" hai0="68,30,26,92,41,84,51,3,118,121,97,66,130" hai1="43,29,49,94,113,20,111,78,42,100,37,24,107" hai2="128,83,35,52,34,134,77,56,25,123,79,61,81" hai3="101,58,14,91,22,112,21,17,13,44,116,28,135"/><W33/><G116/><T132/><D121/><U63/><E111/><V59/><F123/><W5/><G101/><T64/><D118/><U65/><E107/><V122/><F122/><W102/><G102/><N who="0" m="60711" /><D3/><U39/><E113/><V47/><F128/><W27/><G58/><T117/><D68/><U104/><E104/><V2/><F2/><W55/><G55/><T96/><D117/><U71/><E78/><V15/><F134/><W110/><G44/><N who="0" m="25999" /><D130/><U75/><E75/><V95/><F47/><W76/><G76/><T125/><D132/><U119/><E119/><V90/><F59/><W86/><G135/><T57/><D125/><U114/><E114/><V69/><F15/><W36/><G36/><T48/><D96/><U89/><E100/><V6/><F69/><W127/><G127/><T16/><D30/><U85/><E43/><V131/><F131/><W67/><G67/><N who="0" m="25643" /><D84/><U129/><E24/><V105/><F105/><W115/><G110/><T10/><D10/><U1/><E20/><V98/><F25/><W45/><G45/><T0/><D0/><U11/><E11/><V9/><F35/><W23/><G33/><T80/><D80/><N who="2" m="30794" /><F34/><W70/><G70/><T88/><D88/><U19/><E19/><V133/><F133/><W74/><G74/><T99/><D99/><U18/><E18/><V109/><F109/><W93/><REACH who="3" step="1"/><G23/><REACH who="3" ten="86,476,83,325" step="2"/><N who="0" m="13671" /><D57/><U54/><E54/><V31/><F77/><W73/><G73/><T8/><D8/><AGARI ba="1,3" hai="5,8,13,14,17,21,22,27,28,86,91,93,112,115" machi="8" ten="40,7700,0" yaku="1,1,52,2,53,0" doraHai="108" doraHaiUra="124" who="3" fromWho="0" sc="86,-80,476,0,83,0,325,110" /><INIT seed="3,2,0,2,4,80" ten="6,476,83,435" oya="3" hai0="126,74,89,19,96,34,72,11,104,45,46,98,48" hai1="128,58,132,31,67,78,66,70,55,63,12,41,110" hai2="114,69,101,49,15,13,42,127,109,79,28,59,14" hai3="10,29,61,62,77,102,95,56,100,135,60,125,107"/><W22/><G135/><T103/><D19/><U50/><E132/><V91/><F69/><W44/><G125/><T39/><D11/><U27/><E110/><V120/><F114/><W1/><G107/><T129/><D48/><U16/><E128/><V57/><F109/><W124/><G124/><T64/><D64/><U43/><E78/><V5/><F101/><W8/><G1/><T115/><D46/><U3/><E3/><V90/><F79/><W26/><G77/><T87/><D45/><U36/><E36/><V40/><F120/><W76/><G76/><T134/><D34/><U75/><E75/><N who="0" m="28713" /><D39/><U38/><E38/><V54/><F127/><W106/><G106/><N who="0" m="63847" /><D126/><U24/><E24/><V93/><F28/><W68/><G68/><T122/><D134/><U20/><E67/><V6/><F90/><W84/><G44/><T131/><D122/><U35/><AGARI ba="2,0" hai="12,16,20,27,31,35,41,43,50,55,58,63,66,70" machi="35" ten="20,2700,0" yaku="0,1,7,1,54,1" doraHai="80" who="1" fromWho="1" sc="6,-9,476,33,83,-9,435,-15" owari="-3,-50.3,509,60.9,74,-32.6,420,22.0" /></mjloggm>