<mjloggm ver="2.3"><GO type="225" lobby="0"/><UN n0="%E3%81%AF%E3%82%88%E3%81%8A%E3%81%98%E3%81%95%E3%82%93" n1="%72%65%6E%6B%75%6E" n2="%72%69%6F%75%63%68%61%6E" n3="%E5%B6%BA%E4%B8%8A%E5%92%B2" dan="17,17,16,16" rate="2191.27,2201.56,2110.05,2161.39" sx="M,M,M,F"/><TAIKYOKU oya="0"/><INIT seed="0,0,0,3,1,66" ten="250,250,250,250" oya="0" hai0="97,49,127,61,80,44,5,130,85,105,91,111,76" hai1="35,106,69,4,120,107,32,9,89,131,123,25,82" hai2="8,128,96,122,74,17,125,14,104,62,47,102,27" hai3="98,36,72,56,121,73,132,31,86,20,119,16,12"/><T79/><D127/><U48/><E131/><V67/><F128/><W1/><G36/><T109/><D130/><U60/><E48/><V15/><F125/><W21/><G119/><T95/><D5/><U59/><E89/><V57/><F122/><W11/><G132/><T103/><D61/><U54/><E82/><V63/><F74/><W112/><G112/><T110/><REACH who="0" step="1"/><D80/><REACH who="0" ten="240,250,250,250" step="2"/><U114/><E114/><V113/><F113/><W19/><G121/><T94/><D94/><U26/><E123/><V64/><F62/><W84/><G73/><T75/><D75/><U116/><E107/><V51/><F67/><W118/><G72/><T52/><AGARI ba="0,1" hai="44,49,52,76,79,85,91,95,97,103,105,109,110,111" machi="52" ten="30,12000,1" yaku="1,1,0,1,14,1,10,1,54,1,53,0" doraHai="66" doraHaiUra="108" who="0" fromWho="0" sc="240,130,250,-40,250,-40,250,-40" /><INIT seed="0,1,0,5,3,2" ten="370,210,210,210" oya="0" hai0="1,58,92,46,3,106,52,0,130,117,79,15,85" hai1="66,80,103,107,59,84,10,67,73,48,135,18,14" hai2="110,99,104,34,105,42,128,120,17,75,33,95,12" hai3="64,51,69,127,41,35,91,132,87,65,109,122,38"/><T119/><D106/><U101/><E135/><V54/><F120/><W50/><G35/><T113/><D113/><U39/><E39/><V78/><F110/><W121/><G109/><T20/><D46/><U61/><E73/><V19/><F128/><W55/><G132/><T97/><D130/><U90/><E107/><V22/><F105/><W13/><G127/><T37/><D37/><U5/><E66/><N who="3" m="25706" /><G69/><T9/><D20/><U86/><E48/><N who="3" m="18474" /><G13/><T53/><D85/><U108/><E108/><V112/><F112/><W43/><G87/><T124/><D79/><U129/><E129/><V49/><F42/><N who="3" m="15883" /><G91/><T27/><D27/><U134/><E134/><V102/><F104/><W32/><G32/><T72/><D72/><U23/><REACH who="1" step="1"/><E86/><REACH who="1" ten="370,200,210,210" step="2"/><V114/><F114/><W118/><G38/><T11/><D124/><U81/><E81/><V76/><F75/><W125/><G125/><T83/><D83/><U8/><E8/><N who="2" m="6279" /><F33/><W45/><G118/><T77/><D9/><U29/><E29/><V30/><F30/><W25/><G25/><AGARI ba="1,1" hai="5,10,14,18,23,25,59,61,67,80,84,90,101,103" machi="25" ten="30,7700,0" yaku="1,1,7,1,8,1,52,1,53,0" doraHai="2" doraHaiUra="131" who="1" fromWho="3" sc="370,0,200,90,210,0,210,-80" /><INIT seed="1,0,0,1,2,12" ten="370,290,210,130" oya="1" hai0="75,121,112,4,19,41,66,115,65,132,61,67,74" hai1="104,47,80,3,58,79,48,120,89,126,59,95,101" hai2="32,68,122,23,133,17,73,84,81,2,15,99,25" hai3="76,103,33,129,78,92,72,7,53,130,105,127,34"/><U40/><E120/><V14/><F133/><W51/><G127/><T108/><D4/><U87/><E126/><V1/><F122/><W128/><G105/><T93/><D121/><U123/><E3/><V31/><F68/><W124/><G124/><T24/><D41/><U117/><E117/><V60/><F73/><W113/><G113/><T88/><D132/><U57/><E123/><V22/><F60/><W27/><G7/><T56/><D108/><U77/><REACH who="1" step="1"/><E104/><REACH who="1" ten="370,280,210,130" step="2"/><V10/><F99/><AGARI ba="0,1" hai="40,47,48,57,58,59,77,79,80,87,89,95,99,101" machi="99" ten="40,7700,0" yaku="1,1,2,1,8,1,53,0" doraHai="12" doraHaiUra="8" who="1" fromWho="2" sc="370,0,280,87,210,-77,130,0" /><INIT seed="1,1,0,2,2,28" ten="370,367,133,130" oya="1" hai0="118,125,111,14,74,95,84,58,31,9,92,135,6" hai1="81,108,126,133,131,80,13,54,22,10,47,90,50" hai2="51,101,20,39,29,0,129,67,33,117,7,71,68" hai3="53,63,121,83,105,44,82,35,64,26,99,113,16"/><U65/><E131/><V116/><F129/><W102/><G113/><T24/><D118/><U12/><E133/><V5/><F39/><W19/><G121/><T112/><D112/><U120/><E120/><V37/><F37/><W11/><G44/><T43/><D74/><U94/><E126/><V128/><F128/><W88/><G53/><T72/><D72/><U36/><E36/><V45/><F20/><W86/><G82/><T66/><D135/><U115/><E65/><V134/><F134/><W48/><G48/><T56/><D125/><U15/><E115/><V93/><F117/><W85/><G85/><T104/><D104/><U49/><E22/><V76/><F76/><W77/><G11/><T100/><D111/><U78/><E108/><V34/><F116/><W130/><G77/><T96/><D43/><U110/><E110/><V98/><F29/><N who="3" m="19895" /><G130/><T59/><D66/><U127/><E127/><V8/><F5/><W109/><G109/><T89/><REACH who="0" step="1"/><D58/><REACH who="0" ten="360,367,133,130" step="2"/><N who="1" m="33103" /><E10/><V40/><REACH who="2" step="1"/><F67/><REACH who="2" ten="360,367,123,130" step="2"/><W97/><G97/><T62/><D62/><U55/><E78/><V41/><F41/><W87/><G87/><AGARI ba="1,2" hai="12,13,15,47,50,55,80,81,87,90,94" m="33103" machi="87" ten="30,1500,0" yaku="8,1" doraHai="28" who="1" fromWho="3" sc="360,0,367,38,123,0,130,-18" /><INIT seed="1,2,0,4,0,115" ten="360,405,123,112" oya="1" hai0="82,58,101,56,99,9,19,6,60,125,80,29,78" hai1="73,105,131,100,81,97,42,34,75,119,95,106,20" hai2="65,94,124,59,112,48,7,25,1,4,70,8,120" hai3="45,91,129,36,128,30,84,11,17,109,72,67,102"/><U62/><E34/><V49/><F120/><W77/><G109/><T132/><D125/><U83/><E42/><V44/><F124/><W85/><G67/><T74/><D132/><U3/><E3/><V118/><F118/><W53/><G30/><T121/><D121/><U133/><E62/><V43/><F112/><W23/><G102/><T12/><D29/><U35/><E35/><V88/><F7/><W14/><G72/><N who="1" m="27722" /><E20/><V107/><F107/><N who="1" m="40969" /><E133/><V68/><F25/><W135/><G77/><T38/><D82/><N who="1" m="31243" /><E131/><V2/><F2/><W123/><G135/><T69/><D38/><U108/><E108/><V15/><F1/><W0/><G123/><T32/><D32/><U10/><E10/><V46/><F59/><W24/><G0/><T71/><D58/><U89/><E119/><V22/><F22/><W16/><G36/><T134/><D134/><U126/><E126/><V76/><F76/><W47/><G47/><T52/><REACH who="0" step="1"/><D6/><REACH who="0" ten="350,405,123,112" step="2"/><U63/><E63/><V93/><F4/><W18/><G128/><T51/><D51/><U57/><E57/><V37/><F49/><N who="3" m="28847" /><G129/><T92/><AGARI ba="2,1" hai="9,12,19,52,56,60,69,71,74,78,80,92,99,101" machi="92" ten="20,5200,0" yaku="1,1,0,1,7,1,54,1,53,0" doraHai="115" doraHaiUra="39" who="0" fromWho="0" sc="350,68,405,-28,123,-15,112,-15" /><INIT seed="2,0,0,1,0,73" ten="418,377,108,97" oya="2" hai0="0,85,4,86,11,62,93,32,41,133,59,100,78" hai1="118,126,106,112,90,82,1,75,135,53,113,123,103" hai2="52,87,122,61,40,29,66,110,92,24,67,21,18" hai3="109,79,25,8,42,121,47,36,81,19,124,16,2"/><V5/><F122/><W28/><G121/><T94/><D32/><U51/><E51/><V84/><F110/><W83/><G109/><T101/><D133/><U64/><E64/><V49/><F5/><N who="3" m="1079" /><G83/><T45/><D94/><U37/><E53/><V56/><F18/><W128/><G128/><T98/><D100/><U55/><E55/><V102/><F40/><W114/><G114/><T60/><D78/><U39/><E39/><V57/><F66/><W6/><G6/><T127/><D127/><U88/><E37/><V131/><F131/><W38/><G38/><T12/><D0/><U31/><E31/><V48/><F49/><W54/><G54/><T68/><D68/><U117/><E1/><V111/><F111/><W95/><G95/><T17/><D4/><U89/><E123/><V30/><F30/><W44/><G44/><T97/><D98/><AGARI ba="0,0" hai="21,24,29,48,52,56,57,61,67,84,87,92,98,102" machi="98" ten="40,12000,1" yaku="25,2,8,1,54,1" doraHai="73" who="2" fromWho="0" sc="418,-120,377,0,108,120,97,0" /><INIT seed="2,1,0,5,2,66" ten="298,377,228,97" oya="2" hai0="15,135,13,108,105,51,77,21,30,60,88,107,113" hai1="128,133,40,4,58,59,82,118,41,53,57,86,81" hai2="100,1,0,31,129,9,39,123,76,44,6,36,28" hai3="125,47,55,26,3,5,71,134,93,91,70,115,94"/><V96/><F123/><W25/><G134/><T112/><D77/><U10/><E118/><V99/><F129/><W16/><G125/><T33/><D33/><U29/><E133/><V46/><F76/><W79/><G115/><T42/><D135/><U97/><E128/><V14/><F14/><W11/><G79/><T50/><D108/><U122/><E122/><V85/><F85/><W2/><G2/><T126/><D126/><U131/><E29/><V132/><F132/><W8/><G94/><T72/><D72/><U87/><E97/><V68/><F9/><W52/><G26/><T37/><D37/><U56/><E131/><V73/><F6/><W35/><G35/><T7/><D60/><N who="1" m="35855" /><E86/><V75/><F100/><W95/><G95/><T12/><D7/><U104/><E104/><V103/><F103/><W114/><G114/><T102/><D88/><N who="1" m="51311" /><E82/><V90/><F90/><W89/><G89/><T127/><D127/><U121/><E121/><V24/><F24/><W80/><G80/><T106/><D102/><U84/><E84/><V22/><F22/><W130/><G130/><T124/><D124/><U117/><E117/><V116/><F116/><W49/><G55/><T32/><D32/><U110/><E110/><V19/><F19/><W98/><REACH who="3" step="1"/><G25/><REACH who="3" ten="298,377,228,87" step="2"/><N who="0" m="16687" /><D113/><U101/><E101/><V109/><F109/><W62/><G62/><T64/><D112/><U18/><E40/><V67/><F67/><W43/><G43/><T63/><D42/><U23/><E41/><V83/><F83/><W120/><G120/><T27/><D27/><N who="1" m="14839" /><E4/><V17/><F17/><W34/><G34/><RYUUKYOKU ba="1,1" sc="298,0,377,0,228,0,87,0" hai0="12,13,15,50,51,63,64,105,106,107" hai1="10,57,58,59" hai2="0,1,28,31,36,39,44,46,68,73,75,96,99" hai3="3,5,8,11,16,47,49,52,70,71,91,93,98" /><INIT seed="2,2,1,1,2,66" ten="298,377,228,87" oya="2" hai0="33,118,70,11,104,79,34,35,105,80,109,42,121" hai1="88,86,84,16,76,94,37,9,47,60,31,49,64" hai2="68,92,98,130,120,128,8,13,127,26,39,0,100" hai3="67,122,46,6,131,99,57,43,54,20,21,116,63"/><V107/><F120/><W36/><G116/><T129/><D121/><U110/><E110/><V30/><F127/><W85/><G122/><T58/><D42/><U101/><E37/><V1/><F39/><W103/><G131/><N who="2" m="50217" /><F107/><W4/><G85/><T74/><D129/><U135/><E135/><V72/><F72/><W97/><G97/><T123/><D123/><U44/><E31/><V59/><F59/><W23/><G103/><T24/><D58/><N who="1" m="36887" /><E101/><V78/><F78/><W19/><G99/><T77/><D77/><U113/><E113/><V91/><F68/><W112/><G112/><T52/><D24/><U114/><E114/><V89/><F0/><W117/><G117/><T25/><D25/><U69/><E69/><V50/><F50/><W48/><REACH who="3" step="1"/><G19/><REACH who="3" ten="298,377,228,77" step="2"/><T87/><D118/><U3/><E76/><V61/><F100/><W83/><G83/><T125/><D80/><U45/><E86/><V53/><F98/><W108/><G108/><T134/><D87/><U40/><E3/><V17/><F1/><W14/><G14/><AGARI ba="2,2" hai="9,14,16,40,44,45,47,49,84,88,94" m="36887" machi="14" ten="30,3900,0" yaku="8,1,54,2" doraHai="66" who="1" fromWho="3" sc="298,0,377,65,228,0,77,-45" /><INIT seed="3,0,0,5,2,1" ten="298,442,228,32" oya="3" hai0="66,91,133,98,127,122,41,85,40,34,86,59,116" hai1="109,32,51,104,47,135,42,80,132,15,73,65,126" hai2="82,134,75,6,54,68,67,61,12,117,128,48,113" hai3="53,18,23,111,33,124,84,106,35,110,57,114,24"/><W56/><G106/><T125/><D122/><U28/><E104/><V76/><F113/><W93/><G114/><T79/><D34/><U17/><E109/><N who="3" m="41482" /><G124/><N who="0" m="47691" /><D116/><U58/><E126/><V19/><F117/><W118/><G118/><T123/><D123/><U46/><E28/><V9/><F128/><W4/><G57/><T120/><D120/><U60/><E32/><V36/><F134/><N who="1" m="51241" /><E47/><V3/><F36/><W101/><G101/><T72/><D133/><U13/><E17/><V20/><F48/><N who="3" m="30759" /><G4/><T100/><D72/><U30/><E30/><V43/><REACH who="2" step="1"/><F54/><REACH who="2" ten="298,442,218,32" step="2"/><W87/><G87/><T45/><D86/><U74/><E74/><V81/><F81/><W2/><G2/><T44/><D85/><U52/><E52/><V78/><F78/><AGARI ba="0,1" hai="13,15,42,46,51,58,60,65,73,78,80" m="51241" machi="78" ten="30,1000,0" yaku="20,1" doraHai="1" who="1" fromWho="2" sc="298,0,442,20,218,-10,32,0" owari="298,9.8,462,56.2,208,-19.2,32,-46.8" /></mjloggm>