<mjloggm ver="2.3"><GO type="225" lobby="0"/><UN n0="%E9%BB%92%E9%89%84%E7%8F%A0%E9%9B%AB" n1="%E5%91%A8%E6%9D%B1" n2="%E3%81%99%E3%81%84%E3%81%BE%E3%81%9B%E3%83%BC%E3%82%93" n3="%E3%81%A4%E3%81%A3%E3%81%B1%E3%82%8A%E3%83%9D%E3%83%BC%E3%83%AB" dan="16,17,18,17" rate="2192.44,2184.45,2279.86,2098.69" sx="F,M,M,M"/><TAIKYOKU oya="0"/><INIT seed="0,0,0,2,3,42" ten="250,250,250,250" oya="0" hai0="22,11,64,101,17,133,0,121,118,66,105,2,38" hai1="63,65,59,49,47,60,125,15,21,82,84,10,78" hai2="131,32,83,72,93,124,97,48,111,23,53,100,115" hai3="116,75,24,61,67,45,62,74,130,87,70,4,104"/><T26/><D118/><U81/><E125/><V25/><F115/><W31/><G116/><T33/><D121/><U112/><E112/><V106/><F32/><W132/><G132/><T39/><D0/><U76/><E21/><V18/><F124/><W55/><G130/><T85/><D39/><U89/><E63/><V9/><F131/><W1/><G87/><T28/><D38/><U99/><E99/><V102/><F111/><W134/><G104/><T16/><D133/><U88/><E82/><V120/><F120/><W77/><G134/><T103/><D85/><U52/><REACH who="1" step="1"/><E78/><REACH who="1" ten="250,240,250,250" step="2"/><V79/><F9/><W30/><G77/><T108/><D108/><U27/><E27/><V3/><F83/><W29/><G24/><T34/><D22/><U90/><E90/><V110/><F79/><W114/><G62/><T8/><D26/><U36/><E36/><V135/><F110/><W13/><G114/><T127/><D127/><U68/><E68/><V6/><F135/><W107/><G107/><T20/><D20/><U126/><E126/><V46/><F106/><W7/><G61/><T95/><D105/><U51/><E51/><V92/><F23/><W129/><G70/><T113/><D113/><U123/><E123/><V117/><F25/><W109/><G129/><T5/><D5/><AGARI ba="0,1" hai="5,10,15,47,49,52,59,60,65,76,81,84,88,89" machi="5" ten="30,12000,2" yaku="1,1,7,1,8,1,52,1,54,2,53,0" doraHai="42" doraHaiUra="128" who="1" fromWho="0" sc="250,-120,240,130,250,0,250,0" /><INIT seed="1,0,0,2,3,123" ten="130,370,250,250" oya="1" hai0="67,125,101,14,39,111,33,57,73,29,72,98,21" hai1="130,46,31,0,85,78,37,54,110,30,48,43,1" hai2="132,69,70,91,60,61,81,3,131,49,47,116,95" hai3="127,38,65,94,76,129,40,112,5,134,83,36,124"/><U79/><E130/><V7/><F116/><W6/><G112/><T51/><D39/><N who="3" m="14889" /><G40/><T74/><D111/><U12/><E110/><V122/><F122/><W82/><G129/><T88/><D125/><N who="3" m="48201" /><G134/><T62/><D51/><U22/><E0/><V50/><F131/><W86/><G65/><T90/><D33/><U52/><E1/><V97/><F132/><W63/><G63/><T80/><D80/><U77/><E85/><V53/><F81/><W117/><G117/><T59/><D59/><U75/><E75/><V25/><F61/><W55/><G55/><N who="1" m="21034" /><E37/><V42/><F60/><W135/><G135/><T10/><D21/><U35/><E35/><V26/><F70/><W44/><G44/><T18/><REACH who="0" step="1"/><D29/><REACH who="0" ten="120,370,250,250" step="2"/><U100/><E31/><V106/><F69/><W64/><G83/><T71/><D71/><U108/><E30/><V113/><F50/><W45/><G45/><T28/><D28/><U15/><E108/><V93/><F53/><W107/><G64/><T128/><D128/><U114/><E22/><V120/><F49/><W96/><G107/><AGARI ba="0,1" hai="10,14,18,57,62,67,72,73,74,88,90,98,101,107" machi="107" ten="40,2600,0" yaku="1,1,54,1,53,0" doraHai="123" doraHaiUra="19" who="0" fromWho="3" sc="120,36,370,0,250,0,250,-26" /><INIT seed="2,0,0,1,3,83" ten="156,370,250,224" oya="2" hai0="123,114,27,73,17,15,130,10,34,37,93,18,99" hai1="124,29,43,82,38,104,95,126,59,117,107,45,32" hai2="97,11,121,48,113,51,110,98,106,64,109,14,119" hai3="1,46,132,9,103,116,54,57,92,40,68,71,21"/><V84/><F113/><W120/><G116/><T105/><D114/><U96/><E117/><V74/><F74/><W75/><G120/><T86/><D123/><U69/><E69/><V77/><F119/><W65/><G75/><T28/><D37/><U5/><E5/><V53/><F64/><W101/><G132/><T7/><D73/><U4/><E4/><V6/><F121/><W102/><G92/><T19/><D105/><U81/><E59/><V25/><F25/><W66/><G21/><T58/><D58/><U52/><E52/><V23/><F23/><W111/><G111/><N who="2" m="42505" /><F106/><W85/><G65/><T89/><REACH who="0" step="1"/><D130/><REACH who="0" ten="146,370,250,224" step="2"/><U115/><E115/><V94/><F51/><N who="3" m="29047" /><G68/><T72/><D72/><U42/><E107/><V31/><F31/><W90/><G57/><T24/><D24/><U50/><E29/><V133/><F133/><W122/><G122/><T91/><D91/><U22/><E104/><V44/><F77/><W12/><G90/><AGARI ba="0,1" hai="6,11,14,44,48,53,84,90,94,97,98" m="42505" machi="90" ten="30,5800,0" yaku="14,1,10,1,52,1" doraHai="83" who="2" fromWho="3" sc="146,0,370,0,250,68,224,-58" /><INIT seed="2,1,0,3,2,47" ten="146,370,318,166" oya="2" hai0="17,125,92,107,4,129,110,59,50,52,43,105,21" hai1="82,3,114,91,44,35,7,28,5,25,90,67,135" hai2="66,96,116,70,127,102,104,34,117,64,1,131,115" hai3="106,20,113,118,30,38,45,46,86,80,56,33,103"/><V48/><F115/><W121/><G118/><T69/><D69/><U63/><E114/><V87/><F1/><W0/><G113/><T101/><D110/><U94/><E135/><V60/><F131/><W42/><G33/><T11/><D129/><U29/><E29/><V83/><F127/><W27/><G121/><T61/><D125/><U85/><E3/><V40/><F64/><W119/><G0/><T62/><D105/><U39/><E44/><V122/><F122/><W19/><G119/><T120/><D107/><U111/><E39/><V95/><F104/><W133/><G133/><T31/><D31/><U58/><E111/><V75/><F75/><W88/><G46/><N who="0" m="25951" /><D4/><U81/><E81/><V24/><F34/><W97/><G56/><T18/><D11/><U16/><E16/><N who="0" m="6249" /><D21/><U54/><E5/><V68/><F70/><W76/><REACH who="3" step="1"/><G30/><REACH who="3" ten="146,370,318,156" step="2"/><T123/><D120/><U98/><E28/><V112/><F112/><W89/><AGARI ba="1,1" hai="19,20,27,38,42,45,76,80,86,88,89,97,103,106" machi="89" ten="30,7900,0" yaku="1,1,2,1,0,1,54,1,53,0" doraHai="47" doraHaiUra="55" who="3" fromWho="3" sc="146,-21,370,-21,318,-40,156,92" /><INIT seed="3,0,0,2,4,2" ten="125,349,278,248" oya="3" hai0="28,47,11,105,60,31,120,13,9,106,122,55,17" hai1="107,48,7,90,12,70,87,104,19,82,43,14,131" hai2="123,96,1,75,58,93,132,80,61,53,89,34,49" hai3="68,135,103,133,38,113,128,22,114,111,33,115,118"/><W51/><G33/><T63/><D47/><U101/><E70/><V30/><F1/><W37/><G103/><T109/><D13/><U40/><E131/><V50/><F132/><N who="3" m="50763" /><G22/><T36/><D36/><N who="3" m="13929" /><G118/><T67/><D67/><U97/><E104/><V54/><F123/><W117/><G117/><T56/><D56/><U124/><E124/><V39/><F39/><W18/><G18/><T92/><D92/><U4/><E14/><V83/><F75/><W94/><G94/><T41/><D41/><U24/><E24/><V86/><F34/><W95/><G95/><T134/><D55/><U45/><E43/><V35/><F35/><W129/><G111/><T108/><REACH who="0" step="1"/><D17/><REACH who="0" ten="115,349,278,248" step="2"/><U81/><E45/><V88/><F54/><W62/><G51/><T91/><D91/><U66/><E48/><V29/><F83/><W85/><G85/><T0/><D0/><U73/><E82/><V84/><F86/><W64/><AGARI ba="0,1" hai="62,64,68,113,114,115,128,129" m="13929,50763" machi="64" ten="50,12000,1" yaku="20,1,23,1,34,2" doraHai="2" who="3" fromWho="3" sc="115,-40,349,-40,278,-40,248,130" owari="75,-42.5,309,10.9,238,-16.2,378,47.8" /></mjloggm>