<mjloggm ver="2.3"><GO type="225" lobby="0"/><UN n0="%E3%83%96%E3%83%83%E3%83%91%E3%82%AA%E3%83%96%E3%83%81%E3%82%AD%E3%83%B3" n1="%E3%81%A4%E3%81%AE%E3%81%A0%E2%98%86%E3%81%B2%E3%82%8D" n2="%E3%81%A4%E3%81%A3%E3%81%B1%E3%82%8A%E3%83%9D%E3%83%BC%E3%83%AB" n3="%E6%9D%B1%E9%A2%A8%E3%81%AE%E3%81%8D%E3%82%83%E3%81%B7%E3%81%95%E3%82%93" dan="16,16,17,16" rate="2164.04,2157.55,2255.54,2154.15" sx="M,M,M,M"/><TAIKYOKU oya="0"/><INIT seed="0,0,0,3,2,37" ten="250,250,250,250" oya="0" hai0="3,110,77,55,5,21,14,93,85,122,15,96,95" hai1="100,28,1,97,57,41,7,66,124,79,18,109,10" hai2="83,107,115,86,123,70,78,42,25,45,40,108,56" hai3="119,91,134,112,29,114,24,89,67,26,94,30,36"/><T54/><D122/><U98/><E109/><V132/><F123/><W82/><G119/><T131/><D131/><U0/><E0/><V2/><F70/><W125/><G36/><T32/><D32/><U48/><E124/><V31/><F115/><W117/><G67/><T9/><D110/><U75/><E28/><V53/><F108/><W23/><G117/><T44/><D3/><U80/><E18/><V62/><F107/><W126/><G134/><T50/><D15/><U90/><E90/><V58/><F132/><W20/><REACH who="3" step="1"/><G94/><REACH who="3" ten="250,250,250,240" step="2"/><T87/><D95/><U47/><REACH who="1" step="1"/><E100/><REACH who="1" ten="250,240,250,240" step="2"/><V13/><F2/><W104/><G104/><T106/><D106/><U129/><E129/><V39/><F39/><W6/><G6/><T64/><D5/><U19/><E19/><V92/><F92/><W49/><G49/><T12/><D50/><U61/><AGARI ba="0,2" hai="1,7,10,41,47,48,57,61,66,75,79,80,97,98" machi="61" ten="30,4000,0" yaku="1,1,0,1,52,1,53,0" doraHai="37" doraHaiUra="88" who="1" fromWho="1" sc="250,-20,240,60,250,-10,240,-10" /><INIT seed="1,0,0,2,2,49" ten="230,300,240,230" oya="1" hai0="44,9,52,51,110,108,96,28,87,103,68,37,80" hai1="129,50,24,67,77,118,31,6,34,63,7,92,95" hai2="2,121,71,82,43,47,93,114,66,36,54,42,73" hai3="38,56,111,99,104,10,35,55,74,102,131,76,62"/><U81/><E118/><V53/><F121/><W0/><G111/><N who="0" m="42539" /><D68/><U29/><E29/><V58/><F114/><W83/><G131/><T15/><D28/><U41/><E129/><V89/><F2/><W116/><G35/><T124/><D124/><U3/><E3/><V135/><F135/><W109/><G38/><T59/><D37/><U19/><E19/><V23/><F43/><W79/><G109/><T20/><D20/><U90/><E92/><V46/><F46/><W134/><G76/><T130/><D130/><U69/><E50/><V8/><F8/><W86/><G134/><T22/><D22/><U105/><E105/><V128/><F128/><W106/><G116/><T1/><D1/><U84/><REACH who="1" step="1"/><E41/><REACH who="1" ten="230,290,240,230" step="2"/><V13/><F42/><W100/><G106/><N who="0" m="63847" /><D44/><U12/><E12/><V18/><F47/><W85/><REACH who="3" step="1"/><G102/><REACH who="3" ten="230,290,240,220" step="2"/><T91/><D15/><U88/><E88/><V132/><F89/><W72/><G72/><AGARI ba="0,2" hai="6,7,24,31,34,63,67,69,72,77,81,84,90,95" machi="72" ten="30,2900,0" yaku="1,1,7,1,53,0" doraHai="49" doraHaiUra="40" who="1" fromWho="3" sc="230,0,290,49,240,0,220,-29" /><INIT seed="1,1,0,4,4,20" ten="230,339,240,191" oya="1" hai0="27,58,128,37,85,116,15,29,2,48,70,88,12" hai1="132,64,65,63,43,16,91,99,53,120,33,19,97" hai2="115,107,135,100,113,87,78,133,104,7,129,14,94" hai3="96,124,69,59,9,86,40,92,10,71,66,47,122"/><U52/><E33/><V95/><F7/><W127/><G86/><T80/><D116/><U36/><E36/><V54/><F14/><W1/><G59/><T23/><D2/><U131/><E43/><V102/><F54/><W21/><G21/><T39/><D70/><U31/><E31/><V18/><F18/><W112/><G112/><N who="2" m="43081" /><F129/><W5/><G10/><T77/><D128/><U44/><E131/><V75/><F75/><W81/><G81/><T8/><D77/><U106/><E63/><V105/><F78/><W134/><G134/><N who="2" m="51209" /><F87/><W79/><G79/><T51/><D12/><U22/><E132/><V101/><AGARI ba="1,0" hai="94,95,100,101,102,104,105,107" m="51209,43081" machi="101" ten="50,12000,2" yaku="28,2,11,1,20,1,34,2" doraHai="20" who="2" fromWho="2" sc="230,-31,339,-61,240,123,191,-31" /><INIT seed="2,0,0,1,3,30" ten="199,278,363,160" oya="2" hai0="27,88,87,93,118,33,85,18,126,120,23,95,7" hai1="112,124,100,74,102,79,61,89,105,76,69,2,70" hai2="19,82,99,101,26,38,71,1,83,116,77,65,22" hai3="122,35,73,56,36,64,62,49,58,132,63,111,86"/><V80/><F116/><W53/><G73/><T113/><D120/><U59/><E2/><V14/><F1/><W28/><G122/><T20/><D113/><U125/><E89/><V96/><F38/><W50/><G36/><T57/><D118/><U17/><E17/><V117/><F117/><W67/><G132/><T37/><D126/><N who="1" m="48747" /><E112/><V130/><F77/><N who="1" m="29769" /><E74/><V32/><F130/><W98/><G111/><T55/><D37/><U40/><E40/><V21/><F96/><W41/><G86/><T44/><D7/><U94/><E94/><V114/><F114/><W31/><G98/><T66/><D95/><U97/><E102/><V9/><F65/><AGARI ba="0,0" hai="59,61,65,69,70,97,100,105" m="29769,48747" machi="65" ten="30,1000,0" yaku="18,1" doraHai="30" who="1" fromWho="2" sc="199,0,278,10,363,-10,160,0" /><INIT seed="3,0,0,2,5,117" ten="199,288,353,160" oya="3" hai0="68,121,125,72,31,87,130,85,75,77,37,103,11" hai1="58,73,135,119,93,81,17,55,86,78,94,122,91" hai2="76,108,5,113,92,26,63,33,99,80,14,57,52" hai3="107,101,109,7,66,49,50,3,124,20,54,43,47"/><W29/><G66/><T110/><D37/><U38/><E135/><V74/><F113/><W53/><G124/><T98/><D68/><U19/><E38/><V36/><F108/><W69/><G69/><T48/><D31/><U100/><E119/><V28/><F36/><W0/><G109/><T21/><D21/><U128/><E128/><V10/><F92/><W60/><G7/><T134/><D48/><U24/><E24/><V115/><F99/><W132/><G132/><T123/><D11/><U6/><E6/><V97/><F97/><W9/><G9/><T133/><D110/><U79/><E122/><N who="0" m="46601" /><D130/><U83/><E94/><V67/><F115/><W111/><G111/><T96/><D125/><U45/><E100/><V126/><F126/><W2/><G60/><T102/><D134/><U35/><E35/><V70/><F70/><W131/><G131/><T114/><D114/><U62/><REACH who="1" step="1"/><E45/><REACH who="1" ten="199,278,353,160" step="2"/><V120/><F120/><W88/><G101/><T25/><D25/><U18/><E18/><V32/><F67/><W89/><G107/><N who="0" m="63943" /><D133/><U4/><E4/><V22/><AGARI ba="0,1" hai="5,10,14,22,26,28,32,33,52,57,63,74,76,80" machi="22" ten="20,2700,0" yaku="0,1,7,1,54,1" doraHai="117" who="2" fromWho="2" sc="199,-7,278,-7,353,37,160,-13" owari="192,-20.8,271,7.1,390,49.0,147,-35.3" /></mjloggm>