<mjloggm ver="2.3"><GO type="225" lobby="0"/><UN n0="%33%74%72%65%65" n1="%E5%91%A8%E6%9D%B1" n2="%E6%81%A5%E6%99%92%E3%81%97" n3="%E9%B3%B3%E6%9D%B1%E3%81%AE%E3%81%BF%E3%81%91%E3%81%AB%E3%82%83%E3%82%93" dan="17,17,16,16" rate="2214.51,2185.49,2071.16,2147.34" sx="F,M,M,F"/><TAIKYOKU oya="0"/><INIT seed="0,0,0,0,1,71" ten="250,250,250,250" oya="0" hai0="90,9,116,26,78,40,3,84,61,60,55,79,91" hai1="53,124,82,57,33,133,104,14,51,34,89,85,56" hai2="80,25,45,95,77,117,76,96,68,48,2,131,22" hai3="46,19,27,13,11,109,87,75,59,12,127,17,62"/><T112/><D112/><U0/><E0/><V74/><F131/><W42/><G109/><T15/><D116/><U47/><E104/><V20/><F68/><W10/><G127/><T63/><D3/><U36/><E124/><V120/><F120/><W23/><G75/><T41/><D55/><U134/><E14/><V105/><F117/><W123/><G87/><T121/><D26/><U38/><E57/><V102/><F2/><W29/><G123/><T35/><D35/><N who="1" m="13323" /><E56/><V70/><F70/><W44/><REACH who="3" step="1"/><G42/><REACH who="3" ten="250,250,250,240" step="2"/><N who="0" m="16491" /><D121/><U52/><E53/><AGARI ba="0,1" hai="10,11,12,13,17,19,23,27,29,44,46,53,59,62" machi="53" ten="30,7700,0" yaku="1,1,7,1,9,1,8,1,53,0" doraHai="71" doraHaiUra="30" who="3" fromWho="1" sc="250,0,250,-77,250,0,240,87" /><INIT seed="1,0,0,1,3,35" ten="250,173,250,327" oya="1" hai0="18,27,0,116,46,69,119,64,10,5,117,28,30" hai1="77,99,59,1,131,67,61,73,44,101,82,129,85" hai2="24,43,63,88,74,86,75,98,100,21,40,110,79" hai3="49,38,2,42,90,128,108,92,31,120,41,89,23"/><U103/><E1/><V118/><F118/><W135/><G120/><T20/><REACH who="0" step="1"/><D46/><REACH who="0" ten="240,173,250,327" step="2"/><U54/><E73/><V112/><F75/><W91/><G108/><T104/><D104/><U121/><E121/><V102/><F74/><W134/><G134/><T36/><D36/><U17/><E17/><V68/><F110/><W45/><G38/><T105/><D105/><U109/><E109/><V106/><F106/><W6/><G135/><T80/><D80/><U51/><REACH who="1" step="1"/><E103/><REACH who="1" ten="240,163,250,327" step="2"/><V50/><F102/><W70/><G6/><T4/><D4/><U48/><E48/><V72/><F50/><W53/><G49/><T60/><AGARI ba="0,2" hai="0,5,10,18,20,27,28,30,60,64,69,116,117,119" machi="60" ten="40,8000,1" yaku="21,2,0,1,52,1,53,0" doraHai="35" doraHaiUra="127" who="0" fromWho="0" sc="240,100,163,-40,250,-20,327,-20" /><INIT seed="2,0,0,4,0,38" ten="340,123,230,307" oya="2" hai0="64,83,28,65,111,103,16,66,70,87,29,96,44" hai1="84,109,41,25,94,67,110,78,55,10,104,132,82" hai2="30,95,72,45,107,12,17,36,68,88,76,0,123" hai3="42,80,26,73,90,52,121,79,57,130,127,51,77"/><V131/><F123/><W5/><G121/><T126/><D70/><U49/><E104/><V18/><F0/><W40/><G130/><T85/><D111/><U106/><E106/><V20/><F107/><W60/><G127/><T69/><D69/><U71/><E132/><V48/><F68/><W24/><G5/><T35/><D126/><U81/><E94/><V108/><F131/><W31/><G24/><T50/><D35/><U113/><E113/><V116/><F116/><W27/><G26/><T53/><D85/><U54/><E25/><N who="2" m="16679" /><F36/><W100/><G100/><T2/><D2/><U120/><E120/><V89/><F72/><W15/><G15/><T117/><D117/><U92/><E92/><V97/><F76/><W91/><G79/><T46/><D46/><U9/><E82/><V135/><F108/><N who="1" m="41577" /><E71/><V1/><F1/><W119/><G119/><T105/><D83/><U4/><E67/><V102/><F18/><W34/><REACH who="3" step="1"/><G60/><REACH who="3" ten="340,123,230,297" step="2"/><T59/><D103/><U133/><E133/><V62/><F62/><W56/><G56/><T22/><D59/><U128/><E128/><V61/><F61/><W47/><G47/><T11/><D44/><N who="1" m="25743" /><E9/><N who="2" m="6287" /><F135/><W19/><G19/><T125/><D16/><U58/><E58/><V98/><F98/><W13/><G13/><AGARI ba="0,1" hai="4,10,13,54,55,78,81,84" m="25743,41577" machi="13" ten="30,3900,0" yaku="25,1,14,1,52,1" doraHai="38" who="1" fromWho="3" sc="340,0,123,49,230,0,297,-39" /><INIT seed="3,0,0,0,5,120" ten="340,172,230,258" oya="3" hai0="14,10,30,108,125,72,55,130,132,38,59,18,53" hai1="20,58,73,65,4,85,76,104,95,39,117,109,84" hai2="80,100,63,114,129,57,62,71,105,24,26,17,123" hai3="86,43,45,93,82,97,54,116,8,92,68,9,29"/><W64/><G116/><T23/><D108/><U126/><E104/><V119/><F114/><W79/><G29/><T134/><D130/><U83/><E117/><V16/><F119/><W25/><G25/><N who="0" m="16703" /><D125/><U127/><E39/><V74/><F129/><W21/><G21/><T98/><D72/><U32/><E20/><V34/><F123/><W35/><G54/><T19/><D38/><U66/><E32/><V112/><F112/><W107/><G92/><T11/><D98/><U13/><E58/><V48/><F80/><W42/><G42/><T113/><D113/><U106/><E106/><V51/><F74/><W133/><G107/><T135/><D59/><U40/><E40/><V75/><F75/><W89/><G35/><T121/><D121/><U110/><E73/><V69/><F105/><W44/><G44/><T61/><D61/><U77/><E95/><V46/><F46/><W0/><G0/><T3/><D3/><U103/><E13/><AGARI ba="0,0" hai="10,11,13,14,18,19,53,55,132,134,135" m="16703" machi="13" ten="30,1000,0" yaku="20,1" doraHai="120" who="0" fromWho="1" sc="340,10,172,-10,230,0,258,0" owari="350,45.0,162,-33.8,230,-17.0,258,5.8" /></mjloggm>