<mjloggm ver="2.3"><GO type="225" lobby="0"/><UN n0="%E6%A1%9C%E8%8A%B1%E9%96%83%E3%80%85" n1="%E6%97%A5%E6%9B%9C%E6%97%A5%E3%82%88%E3%82%8A%E3%81%AE%E4%BD%BF%E8%80%85" n2="%E7%AB%8B%E8%8A%B1%E9%9F%BF" n3="%72%69%6F%75%63%68%61%6E" dan="17,17,17,16" rate="2157.96,2223.47,2206.78,2139.73" sx="M,M,F,M"/><TAIKYOKU oya="0"/><INIT seed="0,0,0,2,3,132" ten="250,250,250,250" oya="0" hai0="122,49,128,28,60,75,84,10,105,104,124,1,89" hai1="19,41,20,83,36,81,82,37,135,108,96,76,17" hai2="13,103,42,58,23,38,9,100,126,98,48,110,93" hai3="74,107,114,30,5,113,65,47,131,99,85,109,115"/><T67/><D122/><U94/><E135/><V119/><F110/><W87/><G74/><T34/><D75/><U130/><E130/><V11/><F119/><W22/><G109/><T16/><D128/><U8/><E108/><V62/><F38/><W102/><G131/><T46/><D28/><U4/><E76/><V35/><F35/><W77/><G65/><T40/><D34/><U127/><E127/><V80/><F126/><W79/><G5/><T61/><D61/><U27/><E19/><N who="2" m="10735" /><F80/><W32/><G32/><T12/><D1/><U59/><E59/><V54/><F103/><W68/><G68/><T112/><D112/><U25/><E25/><V92/><F92/><W45/><G77/><T2/><D2/><U123/><E123/><V90/><F90/><W78/><G78/><T29/><D29/><U116/><E41/><V97/><F97/><W26/><REACH who="3" step="1"/><G85/><REACH who="3" ten="250,250,250,240" step="2"/><T71/><REACH who="0" step="1"/><D124/><REACH who="0" ten="240,250,250,240" step="2"/><U86/><E116/><V111/><F111/><W66/><G66/><T101/><D101/><U18/><E86/><V95/><F100/><W129/><G129/><T44/><D44/><U106/><E96/><V3/><F98/><W7/><G7/><T125/><D125/><U21/><E4/><V64/><F64/><W6/><G6/><T63/><D63/><U117/><E117/><V118/><F118/><W120/><G120/><T91/><D91/><U70/><E70/><V33/><F33/><W24/><G24/><T134/><D134/><U56/><E27/><V88/><F88/><W31/><G31/><T121/><D121/><U55/><E56/><V69/><F69/><RYUUKYOKU ba="0,2" sc="240,15,250,-15,250,-15,240,15" hai0="10,12,16,40,46,49,60,67,71,84,89,104,105" hai3="22,26,30,45,47,79,87,99,102,107,113,114,115" /><INIT seed="0,1,2,3,0,17" ten="255,235,235,255" oya="0" hai0="121,126,44,66,3,43,115,56,26,46,83,132,32" hai1="81,100,20,30,35,16,130,7,25,108,31,48,28" hai2="131,9,124,4,117,13,107,65,104,33,51,93,71" hai3="67,82,8,42,10,49,125,41,134,91,78,21,118"/><T59/><D115/><U63/><E108/><V34/><F117/><W94/><G125/><T98/><D121/><U113/><E113/><V80/><F124/><W11/><G134/><T122/><D122/><U14/><E130/><V133/><F131/><W1/><G118/><T79/><D126/><U96/><E63/><V127/><F127/><W87/><G1/><T85/><D3/><U23/><E81/><V19/><F133/><W92/><G67/><T39/><D132/><U73/><E73/><V123/><F93/><W84/><G49/><T53/><D66/><U0/><E48/><V50/><F50/><W27/><REACH who="3" step="1"/><G92/><REACH who="3" ten="255,235,235,245" step="2"/><T110/><D110/><U36/><E36/><V120/><F51/><W99/><G99/><T90/><D46/><U5/><E0/><V18/><F107/><W64/><G64/><T70/><D53/><U97/><E97/><V55/><F104/><W103/><G103/><T76/><D98/><U112/><E112/><V15/><F55/><W60/><G60/><T6/><D44/><U72/><E96/><V135/><F135/><W86/><G86/><T38/><D38/><U62/><E100/><V68/><F65/><W61/><G61/><T45/><D70/><U109/><E62/><V88/><F120/><W77/><G77/><N who="0" m="29771" /><D56/><U54/><E109/><V47/><F123/><W29/><AGARI ba="1,3" hai="8,10,11,21,27,29,41,42,78,82,84,87,91,94" machi="29" ten="30,7900,0" yaku="1,1,0,1,8,1,52,1,53,0" doraHai="17" doraHaiUra="40" who="3" fromWho="3" sc="255,-40,235,-21,235,-21,245,112" /><INIT seed="1,0,0,1,4,9" ten="215,214,214,357" oya="1" hai0="119,121,102,61,97,128,53,85,74,38,14,113,59" hai1="5,103,35,130,30,4,16,84,43,23,134,0,81" hai2="36,1,19,73,24,105,95,110,70,48,82,10,123" hai3="11,55,100,108,66,101,68,79,12,131,64,8,52"/><U2/><E130/><V120/><F36/><W75/><G108/><T92/><D113/><U54/><E134/><V49/><F105/><W116/><G131/><T93/><D119/><U13/><E43/><V87/><F70/><W62/><G116/><T20/><D128/><U29/><E103/><V51/><F110/><W71/><G79/><T133/><D74/><U77/><E54/><V109/><F109/><W99/><G75/><T129/><D129/><U25/><REACH who="1" step="1"/><E30/><REACH who="1" ten="215,204,214,357" step="2"/><V86/><F123/><W72/><G101/><T89/><D121/><U47/><E47/><V76/><F120/><W114/><G52/><T104/><D133/><U96/><E96/><V117/><F117/><W33/><G55/><T7/><D38/><U26/><E26/><V32/><F24/><W118/><G99/><T46/><D46/><U83/><E83/><V88/><F32/><W28/><G100/><T40/><D40/><U39/><E39/><V80/><F80/><W135/><G118/><T3/><D104/><U42/><E42/><V107/><F107/><W125/><G135/><T6/><D3/><AGARI ba="0,1" hai="0,2,3,4,5,13,16,23,25,29,35,77,81,84" machi="3" ten="40,12000,1" yaku="1,1,52,1,54,1,53,1" doraHai="9" doraHaiUra="18" who="1" fromWho="0" sc="215,-120,204,130,214,0,357,0" /><INIT seed="1,1,0,3,1,121" ten="95,334,214,357" oya="1" hai0="81,108,8,48,21,132,122,116,96,5,17,97,61" hai1="74,109,119,82,83,86,52,102,16,73,46,40,51" hai2="92,9,128,59,85,125,47,38,57,37,41,26,129" hai3="127,134,93,19,130,79,63,88,4,65,2,110,20"/><U29/><E119/><V118/><F118/><W106/><G110/><T104/><D116/><U80/><E29/><V50/><F26/><W12/><G106/><T112/><D112/><U77/><E109/><V22/><F22/><W107/><G107/><T131/><D108/><U3/><E3/><V58/><F9/><W66/><G127/><T15/><D122/><U43/><E102/><V30/><F30/><W42/><G130/><N who="2" m="50281" /><F125/><W117/><G134/><T111/><D111/><U13/><E74/><V25/><F25/><W27/><G117/><T1/><D131/><U71/><E71/><V123/><F123/><W49/><G79/><T94/><D132/><U11/><E82/><V24/><F24/><W53/><G2/><T114/><D114/><U100/><E100/><V31/><F31/><W39/><G39/><N who="2" m="14857" /><F92/><W45/><G4/><T62/><D81/><U56/><E56/><V23/><F23/><W103/><G12/><T14/><D1/><U84/><E73/><V0/><F85/><N who="3" m="52367" /><G103/><T34/><D34/><U105/><E105/><V72/><F72/><W10/><G10/><T36/><D36/><U87/><E87/><V126/><F0/><W54/><G20/><T78/><D104/><U90/><AGARI ba="1,0" hai="11,13,16,40,43,46,51,52,77,80,83,84,86,90" machi="90" ten="20,18000,2" yaku="0,1,7,1,25,2,8,1,54,2" doraHai="121" who="1" fromWho="1" sc="95,-61,334,183,214,-61,357,-61" /><INIT seed="1,2,0,0,2,12" ten="34,517,153,296" oya="1" hai0="14,132,21,67,28,69,125,26,88,13,35,33,42" hai1="41,98,62,55,37,77,130,11,114,74,36,87,2" hai2="38,39,30,10,85,134,78,113,84,124,29,83,73" hai3="1,102,110,4,112,47,0,7,64,65,22,60,23"/><U100/><E114/><V68/><F113/><W32/><G32/><T109/><D42/><U89/><E130/><V27/><F68/><W96/><G112/><T86/><D109/><U90/><E74/><V133/><F10/><W25/><G110/><T63/><D125/><U70/><E77/><V123/><F123/><W119/><G119/><T3/><D3/><U97/><E41/><V52/><F124/><W20/><G25/><T45/><D45/><U8/><E87/><N who="2" m="33355" /><F52/><W111/><G111/><T99/><D132/><N who="2" m="50794" /><F30/><W120/><G120/><T108/><D108/><U56/><E70/><V16/><F16/><W81/><G47/><T5/><D99/><U126/><E55/><V128/><F128/><W127/><G127/><T76/><D76/><U48/><E126/><V115/><F115/><W51/><G0/><T82/><REACH who="0" step="1"/><D14/><REACH who="0" ten="24,517,153,296" step="2"/><U46/><E98/><V95/><F95/><W117/><G96/><T19/><D19/><U118/><E97/><V58/><F58/><W54/><G1/><T105/><D105/><U121/><E56/><V101/><F101/><W72/><G4/><T91/><D91/><U61/><E90/><V116/><F116/><W92/><G7/><T24/><D24/><U106/><E89/><V94/><F94/><W135/><G92/><T107/><D107/><U66/><E106/><V57/><F57/><W18/><G135/><T131/><D131/><U50/><E2/><V59/><F59/><W104/><G117/><T49/><D49/><U80/><E50/><V103/><F103/><W122/><G102/><T15/><D15/><U9/><E100/><RYUUKYOKU ba="2,1" sc="24,15,517,-15,153,15,296,-15" hai0="5,13,21,26,28,33,35,63,67,69,82,86,88" hai2="27,29,38,39,73,78,83" /><INIT seed="2,3,1,0,1,73" ten="39,502,168,281" oya="2" hai0="122,8,83,22,76,1,58,41,19,110,127,82,9" hai1="107,52,118,85,40,120,15,42,72,109,18,44,124" hai2="29,28,26,27,31,54,36,13,39,99,68,48,56" hai3="14,78,65,132,20,2,57,119,71,93,95,79,121"/><V75/><F68/><W24/><G119/><T88/><D122/><U111/><E72/><V112/><F112/><W6/><G2/><T134/><D110/><N who="1" m="41995" /><E124/><V100/><F75/><W89/><G71/><T92/><D127/><U3/><E3/><V70/><F70/><W37/><G37/><T23/><D134/><U46/><E107/><V62/><F13/><W60/><G121/><T50/><D22/><N who="1" m="11615" /><E120/><V105/><F36/><W130/><G130/><T101/><D101/><U104/><E104/><V0/><F0/><W55/><G132/><T102/><D102/><U4/><E4/><V114/><F39/><W16/><G65/><T84/><D1/><U66/><E66/><V45/><REACH who="2" step="1"/><F114/><REACH who="2" ten="39,502,158,281" step="2"/><W25/><G25/><N who="0" m="14591" /><D83/><U7/><E118/><V96/><F96/><N who="3" m="57391" /><G95/><T131/><D131/><U64/><E64/><AGARI ba="3,2" hai="26,27,28,29,31,45,48,54,56,62,64,99,100,105" machi="64" ten="40,2000,0" yaku="1,1,53,0" doraHai="73" doraHaiUra="17" who="2" fromWho="1" sc="39,0,502,-29,158,49,281,0" /><INIT seed="2,4,0,4,4,91" ten="39,473,207,281" oya="2" hai0="37,50,41,28,113,107,19,64,130,135,43,109,34" hai1="96,95,133,26,93,25,112,94,21,100,74,106,40" hai2="45,71,12,60,36,48,65,35,38,24,54,82,57" hai3="118,46,42,56,55,123,58,92,13,88,119,80,68"/><V72/><F12/><W27/><G123/><T104/><D19/><U8/><E112/><V32/><F24/><W116/><G68/><T61/><D28/><U97/><E74/><V67/><F67/><W131/><G131/><T111/><D50/><U51/><E133/><V83/><F36/><W117/><G80/><T2/><D61/><U31/><E8/><V78/><REACH who="2" step="1"/><F82/><REACH who="2" ten="39,473,197,281" step="2"/><W120/><G13/><T4/><D64/><U129/><E26/><V98/><F98/><W87/><G120/><T44/><D41/><AGARI ba="4,1" hai="32,35,38,41,45,48,54,57,60,65,71,72,78,83" machi="41" ten="40,7700,0" yaku="1,1,24,2,53,0" doraHai="91" doraHaiUra="114" who="2" fromWho="0" sc="39,-89,473,0,197,99,281,0" owari="-50,-55.0,473,57.3,296,9.6,281,-11.9" /></mjloggm>