<mjloggm ver="2.3"><GO type="225" lobby="0"/><UN n0="%E5%91%A8%E6%9D%B1" n1="%E3%83%96%E3%83%83%E3%83%91%E3%82%AA%E3%83%96%E3%83%81%E3%82%AD%E3%83%B3" n2="%E3%81%82%E3%82%93%E3%81%AA%E3%81%A4" n3="%E3%81%99%E3%81%84%E3%81%BE%E3%81%9B%E3%83%BC%E3%82%93" dan="17,16,17,18" rate="2150.26,2143.07,2192.83,2233.72" sx="M,M,M,M"/><TAIKYOKU oya="0"/><INIT seed="0,0,0,2,2,116" ten="250,250,250,250" oya="0" hai0="119,99,95,2,74,49,85,5,111,64,62,75,90" hai1="30,63,110,43,3,122,9,7,47,97,61,77,56" hai2="124,26,14,88,121,125,130,44,126,28,79,86,109" hai3="132,42,45,71,33,103,24,105,129,58,57,34,60"/><T94/><D119/><U50/><E110/><V67/><F109/><W22/><G132/><T135/><D111/><U55/><E30/><V91/><F130/><W81/><G129/><T101/><D135/><U84/><E97/><V25/><F67/><W17/><G71/><T35/><D35/><U87/><E77/><V15/><F44/><W120/><G120/><T80/><D49/><U89/><E122/><V16/><F121/><W40/><G58/><T82/><D2/><U36/><REACH who="1" step="1"/><E84/><REACH who="1" ten="250,240,250,250" step="2"/><V52/><F79/><W115/><G34/><T48/><D75/><U83/><AGARI ba="0,1" hai="3,7,9,36,43,47,50,55,56,61,63,83,87,89" machi="83" ten="20,5200,0" yaku="1,1,2,1,0,1,7,1,53,0" doraHai="116" doraHaiUra="117" who="1" fromWho="1" sc="250,-26,240,62,250,-13,250,-13" /><INIT seed="1,0,0,4,1,85" ten="224,302,237,237" oya="1" hai0="101,35,73,9,28,39,135,4,68,30,131,121,77" hai1="26,129,20,44,58,116,57,120,128,84,2,49,100" hai2="6,47,108,95,52,94,134,46,59,132,38,109,106" hai3="19,18,33,76,102,82,78,62,1,118,130,93,8"/><U110/><E116/><V40/><F106/><W70/><G33/><T56/><D68/><U7/><E120/><V133/><F6/><W55/><G118/><T60/><D39/><U27/><E100/><V71/><F71/><W10/><G130/><N who="1" m="50282" /><E2/><V69/><F69/><W114/><G114/><T87/><D131/><U75/><E75/><V125/><F125/><W65/><G55/><T37/><D37/><U79/><E7/><V64/><F94/><W43/><G43/><T51/><D35/><U11/><E11/><V103/><F95/><W66/><G66/><T86/><D121/><U92/><E27/><V12/><F12/><W34/><G34/><T89/><D101/><U97/><E84/><V24/><F103/><W41/><G1/><T122/><D73/><U48/><E79/><V36/><F24/><W98/><G78/><T54/><D135/><U42/><E49/><N who="2" m="28727" /><F36/><W45/><G8/><T99/><D99/><U74/><E74/><V53/><F64/><W81/><G10/><T0/><D122/><U31/><E110/><V104/><F104/><W91/><G102/><T107/><D107/><U127/><E127/><V32/><F32/><W115/><G115/><T17/><D51/><AGARI ba="0,0" hai="38,40,47,51,53,59,108,109,132,133,134" m="28727" machi="51" ten="30,7700,0" yaku="20,1,34,2,54,1" doraHai="85" who="2" fromWho="0" sc="224,-77,302,0,237,77,237,0" /><INIT seed="2,0,0,3,4,50" ten="147,302,314,237" oya="2" hai0="36,8,27,46,54,44,23,72,52,120,9,124,74" hai1="131,103,5,29,32,47,12,14,73,95,86,6,128" hai2="110,105,55,71,118,78,34,106,89,70,111,93,69" hai3="59,35,83,21,25,57,56,38,26,91,121,40,31"/><V45/><F118/><W84/><G121/><T37/><D23/><U109/><E73/><V87/><F34/><W51/><G38/><T66/><D66/><U130/><E47/><V134/><F134/><W15/><G15/><N who="1" m="5674" /><E109/><N who="2" m="41483" /><F78/><W76/><G40/><T60/><D60/><U17/><E17/><V64/><F64/><W48/><REACH who="3" step="1"/><G76/><REACH who="3" ten="147,302,314,227" step="2"/><T67/><D67/><U16/><E130/><V123/><F123/><W30/><AGARI ba="0,1" hai="21,25,26,30,31,35,48,51,56,57,59,83,84,91" machi="30" ten="30,4000,0" yaku="1,1,2,1,0,1,53,0" doraHai="50" doraHaiUra="3" who="3" fromWho="3" sc="147,-10,302,-10,314,-20,227,50" /><INIT seed="3,0,0,4,4,68" ten="137,292,294,277" oya="3" hai0="101,118,50,30,105,87,108,73,41,48,35,102,109" hai1="27,79,25,1,132,38,84,8,119,95,123,42,58" hai2="91,14,24,131,90,61,133,70,3,64,115,43,12" hai3="128,67,11,124,114,125,32,55,135,49,85,46,10"/><W88/><G114/><T13/><D35/><U111/><E123/><V47/><F115/><W121/><G121/><T134/><D30/><U72/><E58/><N who="2" m="36919" /><F3/><W31/><G135/><T9/><D73/><U20/><E111/><V107/><F107/><W53/><G128/><T18/><D118/><U7/><E132/><V104/><F104/><W75/><G75/><T54/><D134/><U39/><E119/><V99/><F70/><W37/><G37/><T117/><D117/><U86/><E27/><V16/><F131/><W4/><G67/><T51/><D105/><U76/><E95/><N who="2" m="56823" /><F91/><W100/><G100/><T2/><D2/><U120/><E79/><V69/><F69/><W56/><G31/><T5/><D108/><U122/><E39/><V113/><F113/><W92/><G32/><T98/><D109/><U65/><E65/><V110/><F110/><W116/><G116/><T96/><D41/><U66/><E66/><V19/><F133/><W126/><G4/><T80/><D5/><U81/><E122/><V82/><F82/><W112/><G112/><T29/><D29/><N who="1" m="17575" /><E120/><V94/><F94/><W0/><G0/><T89/><D102/><U106/><E106/><V44/><F24/><W36/><G36/><T93/><REACH who="0" step="1"/><D98/><REACH who="0" ten="127,292,294,277" step="2"/><U33/><E33/><V71/><F71/><W28/><G28/><T127/><D127/><U17/><E17/><N who="2" m="6731" /><F43/><W52/><G56/><T22/><D22/><U130/><E130/><V77/><F77/><W78/><G78/><T129/><D129/><U62/><E62/><V45/><AGARI ba="0,1" hai="12,14,44,45,47" m="6731,56823,36919" machi="45" ten="30,2000,0" yaku="8,1,54,1" doraHai="68" who="2" fromWho="2" sc="127,-5,292,-5,294,30,277,-10" owari="122,-37.8,287,8.7,324,42.4,267,-13.3" /></mjloggm>