<mjloggm ver="2.3"><GO type="225" lobby="0"/><UN n0="%E3%83%A9%E3%82%B9%E7%8E%87%EF%BC%93%E5%89%B2" n1="%E6%98%93%E5%88%A9%E8%96%A9%E4%BC%AF" n2="%E4%BF%BA%E3%81%A8%E5%A6%96%E5%A4%A2" n3="%E3%83%A9%E3%82%A4%E3%83%B3%E3%81%AE%E8%99%8E" dan="16,17,16,16" rate="2219.39,2203.11,2233.52,2120.49" sx="F,F,F,M"/><TAIKYOKU oya="0"/><INIT seed="0,0,0,3,3,72" ten="250,250,250,250" oya="0" hai0="73,49,17,26,83,93,33,23,22,7,127,118,99" hai1="0,12,21,81,126,63,10,89,46,125,101,5,112" hai2="38,13,31,34,65,95,110,77,45,87,9,134,66" hai3="67,132,103,129,100,79,114,113,11,74,111,40,29"/><T52/><D118/><U92/><E101/><N who="3" m="38986" /><G29/><T85/><D73/><U53/><E112/><N who="3" m="43114" /><G11/><T116/><D127/><U30/><E81/><V119/><F119/><W60/><G40/><T68/><D68/><U39/><E39/><V94/><F110/><W97/><G60/><T43/><D33/><U19/><E30/><V50/><F134/><W106/><G67/><T41/><D7/><U6/><E6/><V75/><F38/><W27/><G27/><T86/><D23/><U105/><E105/><V131/><F131/><W56/><G56/><T123/><D86/><U15/><E15/><V117/><F75/><W4/><G4/><T115/><D116/><U104/><E104/><V62/><F117/><W108/><G132/><T64/><D64/><N who="2" m="24682" /><F62/><W76/><G74/><T3/><D3/><U107/><E63/><V59/><F59/><W28/><G28/><T135/><D135/><U98/><E107/><V124/><F124/><W109/><G129/><T55/><D55/><U61/><E61/><V1/><F1/><W122/><G122/><T20/><D20/><U32/><E32/><V36/><F36/><W130/><G130/><T90/><D123/><U78/><E125/><V47/><F31/><W120/><G120/><T121/><D121/><U96/><E126/><V84/><F34/><W133/><G133/><T51/><D115/><U48/><E0/><V57/><F57/><W25/><G25/><T42/><REACH who="0" step="1"/><D52/><REACH who="0" ten="240,250,250,250" step="2"/><U69/><E53/><V35/><F35/><W58/><G58/><T80/><D80/><U70/><E69/><V16/><F9/><W91/><G106/><RYUUKYOKU ba="0,1" sc="240,15,250,-15,250,-15,250,15" hai0="17,22,26,41,42,43,49,51,83,85,90,93,99" hai3="76,79,91,97,108,109,111" /><INIT seed="0,1,1,3,4,28" ten="255,235,235,265" oya="0" hai0="48,125,80,58,72,128,42,98,5,87,22,70,102" hai1="59,64,109,126,75,81,15,54,34,104,2,65,73" hai2="115,3,124,41,101,91,129,35,6,38,77,96,130" hai3="51,12,49,134,82,56,52,110,53,68,36,106,37"/><T29/><D128/><N who="2" m="49258" /><F115/><W46/><G106/><T16/><D125/><U23/><E2/><V94/><F124/><W17/><G110/><T39/><D70/><U9/><E104/><V90/><F77/><W131/><G131/><T79/><D39/><U33/><E126/><V97/><F41/><W55/><G134/><T13/><D72/><U19/><E109/><V123/><F38/><W18/><G68/><T0/><D29/><U71/><E71/><V92/><F123/><W89/><G55/><T57/><D0/><U47/><E47/><V11/><F101/><W1/><G1/><T88/><D5/><U93/><E93/><V32/><AGARI ba="1,1" hai="3,6,11,32,35,90,91,92,94,96,97" m="49258" machi="32" ten="30,4000,0" yaku="19,1,52,2" doraHai="28" who="2" fromWho="2" sc="255,-21,235,-11,235,53,265,-11" /><INIT seed="1,0,0,3,5,135" ten="234,224,288,254" oya="1" hai0="122,64,121,44,56,100,87,36,129,106,30,4,35" hai1="58,47,65,28,85,21,50,90,112,54,133,79,128" hai2="63,102,74,46,95,107,26,105,45,11,1,24,0" hai3="25,62,96,29,10,43,18,14,132,110,119,73,98"/><U55/><E112/><V117/><F117/><W86/><G73/><T60/><D4/><U78/><E133/><V99/><F74/><W57/><G110/><T27/><D129/><U19/><E65/><V113/><F113/><W52/><G119/><T134/><D134/><U41/><E28/><V8/><F63/><W103/><G132/><T51/><D100/><U75/><E75/><V88/><F107/><W31/><G43/><T67/><D106/><U3/><E3/><V127/><F127/><W40/><G40/><T71/><D87/><U20/><E20/><V124/><F124/><W114/><G114/><T115/><D115/><U104/><E55/><V6/><F8/><W92/><G86/><T82/><D82/><U77/><E104/><V48/><F0/><W69/><G69/><T66/><D36/><U101/><E101/><V91/><F91/><W80/><G80/><T39/><D39/><U5/><E5/><V89/><F89/><W94/><G25/><T23/><D35/><U34/><E34/><V118/><F118/><W16/><G18/><T130/><D71/><U61/><E128/><V108/><F108/><W120/><G120/><N who="0" m="46187" /><D130/><U125/><E125/><V33/><F33/><W37/><G37/><T76/><D76/><U70/><E70/><V126/><F126/><W111/><G111/><T93/><D93/><N who="1" m="54479" /><E77/><V32/><F32/><W9/><G9/><T38/><D38/><U49/><E49/><V13/><F1/><W84/><G84/><T59/><D60/><U116/><E116/><V131/><F131/><W83/><G83/><T17/><D30/><RYUUKYOKU ba="0,0" sc="234,10,224,10,288,-30,254,10" hai0="17,23,27,44,51,56,59,64,66,67" hai1="19,21,41,47,50,54,58,61,78,79" hai3="10,14,16,29,31,52,57,62,92,94,96,98,103" /><INIT seed="1,1,0,3,5,101" ten="244,234,258,264" oya="1" hai0="97,127,66,76,1,58,83,60,72,74,28,105,89" hai1="5,126,68,64,31,112,96,130,120,32,2,100,38" hai2="40,115,6,57,61,18,118,65,80,116,117,14,13" hai3="11,43,39,84,35,135,70,82,53,0,23,86,17"/><U33/><E112/><V19/><F115/><W108/><G35/><T45/><D127/><U102/><E120/><V87/><F40/><W50/><G70/><T42/><D1/><U29/><E102/><V133/><F133/><W10/><G135/><T93/><D28/><U94/><E31/><V113/><F113/><W77/><G108/><T121/><D121/><U123/><E123/><V110/><F110/><W134/><G134/><T52/><D105/><N who="1" m="63623" /><E130/><V36/><F36/><W22/><G22/><T75/><REACH who="0" step="1"/><D66/><REACH who="0" ten="234,234,258,264" step="2"/><U85/><E64/><V20/><F116/><W128/><G0/><T124/><D124/><U106/><E106/><V107/><F107/><W73/><G128/><T26/><D26/><U104/><E104/><V54/><F65/><W16/><G39/><AGARI ba="1,1" hai="39,42,45,52,58,60,72,74,75,76,83,89,93,97" machi="39" ten="30,7700,0" yaku="1,1,7,1,54,1,53,1" doraHai="101" doraHaiUra="90" who="0" fromWho="3" sc="234,90,234,0,258,0,264,-80" /><INIT seed="2,0,0,5,3,97" ten="324,234,258,184" oya="2" hai0="43,15,56,98,77,131,9,26,127,32,45,6,24" hai1="118,73,55,106,99,105,112,58,36,47,5,132,94" hai2="61,79,116,84,108,95,41,49,93,40,115,53,75" hai3="54,39,128,87,92,57,81,46,134,80,67,114,68"/><V78/><F115/><W89/><G128/><T12/><D32/><U30/><E118/><V7/><F116/><W111/><G111/><T20/><D127/><U104/><E73/><V102/><F75/><W51/><G134/><T100/><D56/><U125/><E112/><V101/><F108/><W19/><G114/><T60/><D60/><U119/><E119/><V63/><F7/><W37/><G37/><T82/><D15/><U122/><E122/><V83/><F78/><W71/><G71/><T110/><D20/><U117/><E117/><V64/><F40/><W48/><G48/><T124/><D124/><U74/><E74/><V70/><F41/><W109/><G109/><T22/><D22/><U121/><E30/><V133/><F63/><W11/><G68/><T90/><D90/><U10/><E132/><V135/><F135/><W88/><G89/><T76/><D76/><U4/><E121/><V34/><F34/><W103/><G103/><T130/><D110/><U3/><E5/><V86/><F133/><W16/><G39/><T29/><D29/><U2/><E36/><V1/><F1/><W50/><G67/><T52/><D43/><U107/><E47/><V72/><F72/><W25/><G25/><N who="0" m="9835" /><D82/><N who="3" m="31849" /><G11/><T8/><D8/><U33/><E33/><V13/><F93/><W42/><AGARI ba="0,0" hai="16,19,42,46,50,51,54,57,87,88,92" m="31849" machi="42" ten="30,4000,0" yaku="8,1,54,2" doraHai="97" who="3" fromWho="3" sc="324,-10,234,-10,258,-20,184,40" /><INIT seed="3,0,0,1,2,31" ten="314,224,238,224" oya="3" hai0="92,2,46,106,10,120,58,45,20,1,70,56,84" hai1="91,100,27,79,50,95,40,47,115,7,51,93,42" hai2="135,89,23,128,43,112,127,121,11,62,75,67,24" hai3="117,8,28,54,4,126,44,5,13,94,119,82,59"/><W36/><G126/><T63/><D106/><U98/><E115/><V122/><F112/><W102/><G4/><T17/><D70/><U125/><E79/><V116/><F116/><W64/><G64/><T65/><D120/><N who="2" m="46186" /><F127/><W21/><G82/><T133/><D133/><U41/><E125/><V74/><F135/><W99/><G36/><T26/><D2/><U35/><E7/><V60/><F128/><W68/><G44/><T9/><D58/><U72/><E72/><V103/><F103/><W80/><G80/><T33/><D1/><U37/><E37/><V22/><F43/><W87/><G87/><T132/><D84/><N who="1" m="52455" /><E35/><V90/><F11/><N who="0" m="4106" /><D33/><U88/><E27/><V114/><F22/><W83/><G83/><T66/><D132/><U49/><E47/><N who="0" m="17929" /><D92/><N who="1" m="58439" /><E42/><V96/><F114/><W53/><G68/><T16/><D65/><U6/><E6/><V52/><F67/><W69/><G69/><T129/><D129/><U97/><AGARI ba="0,0" hai="40,41,49,50,51,88,95,97" m="58439,52455" machi="97" ten="30,2000,0" yaku="8,1,54,1" doraHai="31" who="1" fromWho="1" sc="314,-5,224,20,238,-5,224,-10" owari="309,40.9,244,4.4,233,-16.7,214,-28.6" /></mjloggm>