<mjloggm ver="2.3"><GO type="225" lobby="0"/><UN n0="%E6%A1%9C%E8%8A%B1%E9%96%83%E3%80%85" n1="%43%68%65" n2="%E6%81%A5%E6%99%92%E3%81%97" n3="%50%69%73%38" dan="16,16,17,16" rate="2107.65,2183.50,2216.69,2110.10" sx="M,M,M,M"/><TAIKYOKU oya="0"/><INIT seed="0,0,0,5,1,84" ten="250,250,250,250" oya="0" hai0="122,26,123,74,28,104,51,113,89,46,57,79,3" hai1="117,70,55,76,42,86,22,17,20,21,4,10,82" hai2="5,25,78,132,121,127,90,126,41,88,102,34,92" hai3="14,105,101,69,1,63,58,119,19,91,131,54,118"/><T15/><D113/><U40/><E117/><V135/><F121/><W80/><G1/><T111/><D3/><U112/><E70/><V24/><F5/><W9/><G131/><T109/><D104/><U110/><E112/><V56/><F78/><W120/><G120/><T103/><D103/><U33/><E33/><V23/><F41/><W36/><G36/><T61/><D15/><N who="1" m="5575" /><E110/><N who="0" m="41993" /><D79/><U52/><E17/><N who="2" m="12399" /><F56/><W77/><G69/><T128/><D74/><U114/><E114/><V97/><F25/><W107/><G91/><N who="2" m="34857" /><F34/><W62/><G62/><T60/><D60/><U115/><E115/><V98/><F98/><W134/><G134/><AGARI ba="0,0" hai="92,97,102,126,127,132,134,135" m="34857,12399" machi="134" ten="30,8000,1" yaku="20,1,52,3,54,1" doraHai="84" who="2" fromWho="3" sc="250,0,250,0,250,80,250,-80" /><INIT seed="1,0,0,1,4,113" ten="250,250,330,170" oya="1" hai0="34,73,80,116,32,4,106,17,86,134,41,96,25" hai1="87,5,95,43,102,70,90,47,53,10,33,112,2" hai2="12,59,15,62,7,26,0,37,127,85,69,103,54" hai3="109,71,56,64,129,28,130,79,81,23,11,55,58"/><U91/><E112/><V119/><F119/><W35/><G35/><T117/><D4/><U8/><E33/><N who="0" m="12905" /><D25/><U114/><E114/><V27/><F0/><W97/><G109/><T84/><D17/><U16/><E70/><V13/><F127/><W135/><G135/><T92/><D86/><U126/><E126/><V115/><F69/><W105/><G71/><T61/><D61/><U48/><E102/><V36/><F103/><W57/><G64/><T45/><D134/><U88/><REACH who="1" step="1"/><E43/><REACH who="1" ten="250,240,330,170" step="2"/><V77/><F115/><W30/><G129/><T82/><D41/><U99/><E99/><V19/><F27/><W46/><G97/><T131/><D131/><U110/><E110/><V123/><F26/><W31/><G130/><T50/><D96/><U101/><E101/><V78/><F123/><W1/><G105/><T108/><D106/><U49/><E49/><V42/><F42/><W72/><G30/><T111/><D111/><U40/><E40/><V107/><F107/><W83/><G28/><T51/><D108/><U21/><E21/><V125/><F125/><W132/><G23/><T20/><D20/><U100/><E100/><V9/><F9/><W75/><G31/><T6/><D51/><U128/><E128/><V18/><F37/><W63/><G132/><T118/><D50/><U74/><E74/><V29/><F36/><W14/><G72/><T68/><D73/><U44/><E44/><V89/><F29/><W93/><G46/><T94/><D45/><U133/><E133/><V122/><F122/><W121/><G75/><T65/><D117/><U104/><E104/><RYUUKYOKU ba="0,1" sc="250,-10,240,30,330,-10,170,-10" hai1="2,5,8,10,16,47,48,53,87,88,90,91,95" /><INIT seed="1,1,1,4,4,67" ten="240,270,320,160" oya="1" hai0="94,32,53,84,56,4,97,45,28,23,72,47,118" hai1="59,106,95,15,9,110,22,101,105,55,21,112,37" hai2="122,71,134,132,98,30,33,133,62,51,81,70,11" hai3="123,52,12,3,26,14,114,86,88,77,76,65,109"/><U44/><E112/><V68/><F122/><W130/><G123/><T125/><D118/><U119/><E119/><V7/><F51/><W90/><G3/><T43/><D72/><U93/><E110/><V115/><F115/><W107/><G107/><T74/><D74/><U79/><E79/><V42/><F42/><W18/><G109/><T87/><D32/><U80/><E80/><V102/><F81/><W35/><G65/><T48/><D125/><U116/><E116/><V64/><F30/><W85/><G35/><T20/><D4/><U40/><E106/><N who="2" m="63831" /><F33/><W121/><G114/><T89/><D47/><U99/><E95/><V126/><F126/><W100/><G100/><T38/><D28/><U129/><E105/><V103/><F103/><W0/><G0/><AGARI ba="1,1" hai="0,7,11,62,64,68,70,71,132,133,134" m="63831" machi="0" ten="30,8000,1" yaku="20,1,23,1,52,3" doraHai="67" who="2" fromWho="3" sc="240,0,270,0,320,93,160,-83" /><INIT seed="2,0,0,5,4,82" ten="240,270,413,77" oya="2" hai0="29,71,115,117,10,50,113,132,98,109,88,114,20" hai1="96,11,30,26,68,4,1,127,133,80,14,74,43" hai2="93,129,17,89,27,125,57,105,48,3,118,75,66" hai3="120,81,38,116,45,15,91,85,100,37,65,21,12"/><V119/><F75/><W86/><G116/><T112/><D112/><U34/><E127/><V123/><F3/><W5/><G120/><T130/><D117/><U111/><E111/><V40/><F105/><W135/><G135/><T18/><D109/><U9/><E133/><V128/><F123/><W107/><G65/><T131/><D71/><U56/><E68/><V49/><F17/><W72/><G72/><T28/><D50/><U8/><E96/><V84/><F27/><W70/><G70/><T59/><D59/><U101/><E101/><V77/><F125/><W73/><G73/><T0/><D132/><U13/><E43/><V97/><F40/><W32/><G32/><T16/><D88/><U51/><E56/><V67/><F57/><W99/><G45/><T47/><D98/><U104/><E51/><N who="2" m="19531" /><F97/><W25/><G85/><T110/><D47/><U83/><E104/><V108/><F108/><W31/><REACH who="3" step="1"/><G5/><REACH who="3" ten="240,270,413,67" step="2"/><N who="0" m="1319" /><D110/><U44/><E44/><V106/><F118/><W24/><G24/><N who="0" m="14343" /><D18/><U54/><E74/><V58/><F119/><W87/><G87/><T121/><D121/><U46/><E46/><V41/><F66/><W134/><G134/><T62/><D62/><U95/><E54/><V124/><F67/><W7/><G7/><T92/><D28/><U53/><E30/><V79/><F124/><W63/><G63/><T64/><D29/><U35/><E4/><V33/><F58/><W69/><G69/><T39/><D64/><U42/><E53/><V126/><F126/><W90/><G90/><T36/><D114/><U60/><E60/><V78/><F33/><RYUUKYOKU ba="0,1" sc="240,-10,270,-10,413,-10,67,30" hai3="12,15,21,25,31,37,38,81,86,91,99,100,107" /><INIT seed="3,1,1,1,1,25" ten="230,260,403,97" oya="3" hai0="57,104,46,129,127,113,9,117,81,28,88,59,50" hai1="61,40,8,65,122,80,69,55,95,75,103,112,77" hai2="111,11,109,37,118,24,76,0,121,135,26,101,110" hai3="34,114,17,133,53,5,83,27,74,38,100,60,14"/><W78/><G114/><T31/><D117/><U85/><E112/><V92/><F135/><W84/><G133/><T124/><D113/><U33/><E122/><V62/><F121/><W120/><G120/><T51/><D104/><U52/><E33/><V16/><F37/><W42/><G5/><T108/><D108/><U44/><E8/><V97/><F118/><W6/><G6/><T87/><D129/><U2/><E2/><V96/><F76/><W71/><G100/><T21/><D9/><U130/><E130/><V106/><F62/><W90/><G42/><N who="0" m="24919" /><D21/><U66/><E66/><V64/><F64/><W58/><G38/><T131/><D131/><U67/><E67/><V41/><F41/><W123/><G123/><T82/><D82/><U1/><E1/><V12/><F0/><W22/><G71/><T70/><D70/><U102/><E102/><AGARI ba="1,1" hai="11,12,16,24,26,92,96,97,101,102,106,109,110,111" machi="102" ten="40,2600,0" yaku="14,1,54,1" doraHai="25" who="2" fromWho="1" sc="230,0,260,-29,403,39,97,0" owari="230,-17.0,231,3.1,442,54.2,97,-40.3" /></mjloggm>