<mjloggm ver="2.3"><GO type="225" lobby="0"/><UN n0="%E6%81%A5%E6%99%92%E3%81%97" n1="%E9%A6%AC%E5%BC%95%E7%81%AB%33" n2="%E7%B4%94%E6%BD%94%E3%83%94%E3%83%A9%E3%83%8B%E3%82%A2" n3="%E3%80%90%E8%92%BC%E7%90%89%E3%80%91" dan="16,16,17,16" rate="2124.97,2136.65,2228.56,2181.24" sx="M,M,M,F"/><TAIKYOKU oya="0"/><INIT seed="0,0,0,3,2,20" ten="250,250,250,250" oya="0" hai0="10,120,83,17,79,82,91,121,97,1,63,116,80" hai1="55,0,34,50,7,35,78,27,123,118,124,21,42" hai2="23,48,8,38,57,49,117,2,104,29,81,113,6" hai3="67,102,61,89,85,88,77,114,130,112,37,64,56"/><T13/><D116/><U45/><E123/><V122/><F122/><W62/><G37/><T65/><D1/><U11/><E118/><V58/><F38/><W32/><G130/><T133/><D133/><U40/><E124/><V95/><F104/><W36/><G36/><T70/><REACH who="0" step="1"/><D79/><REACH who="0" ten="240,250,250,250" step="2"/><U92/><E78/><V69/><F117/><W22/><G77/><T31/><D31/><U115/><E115/><V12/><F113/><W72/><G112/><T5/><D5/><U96/><E34/><V126/><F6/><W119/><G32/><T132/><D132/><U54/><E35/><V76/><F29/><W15/><G114/><T74/><D74/><U39/><E39/><V43/><F2/><W106/><G72/><T129/><D129/><U101/><E42/><V46/><F43/><W98/><G119/><T24/><D24/><U51/><E51/><V99/><F49/><W44/><G44/><T14/><D14/><U68/><E68/><V26/><F12/><W93/><G15/><T103/><D103/><U90/><E101/><V59/><F26/><W110/><G110/><T28/><D28/><AGARI ba="0,1" hai="0,7,11,21,27,28,40,45,50,54,55,90,92,96" machi="28" ten="30,2000,0" yaku="7,1,52,1" doraHai="20" who="1" fromWho="0" sc="240,-20,250,30,250,0,250,0" /><INIT seed="1,0,0,2,5,64" ten="220,280,250,250" oya="1" hai0="109,3,23,51,114,29,53,26,62,71,94,129,79" hai1="35,102,42,33,34,87,21,124,95,80,82,92,36" hai2="25,121,15,66,89,19,45,27,17,1,16,37,2" hai3="99,60,117,52,18,91,69,115,135,49,85,28,76"/><U4/><E124/><V105/><F105/><W106/><G115/><T98/><D114/><U50/><E36/><V44/><F121/><W30/><G135/><T63/><D109/><U7/><E21/><V108/><F108/><W47/><G117/><T131/><D3/><U77/><E102/><V132/><F37/><W97/><G76/><T58/><D79/><U78/><E33/><V32/><F32/><W59/><G69/><T83/><D83/><U81/><E81/><V113/><F132/><W40/><G18/><N who="2" m="7273" /><F113/><W75/><G75/><T65/><REACH who="0" step="1"/><D62/><REACH who="0" ten="210,280,250,250" step="2"/><U123/><E123/><V38/><F2/><W96/><REACH who="3" step="1"/><G106/><REACH who="3" ten="210,280,250,240" step="2"/><T70/><D70/><U67/><E78/><V72/><F72/><W48/><G48/><T5/><D5/><U118/><E50/><V122/><F122/><W43/><G43/><T10/><D10/><U39/><E42/><V112/><F112/><W134/><G134/><T110/><D110/><U103/><E77/><V68/><F68/><W55/><G55/><T14/><D14/><U57/><E39/><V9/><F1/><W41/><G41/><T130/><D130/><U56/><E118/><V84/><F38/><W86/><G86/><T12/><D12/><U46/><E87/><V101/><F66/><W20/><G20/><T6/><D6/><U126/><E67/><V88/><F84/><W74/><G74/><T22/><D22/><U61/><E35/><V54/><F54/><W0/><G0/><T104/><D104/><U127/><E34/><V73/><F73/><W111/><G111/><T107/><D107/><U13/><E13/><RYUUKYOKU ba="0,2" sc="210,15,280,-15,250,-15,240,15" hai0="23,26,29,51,53,58,63,65,71,94,98,129,131" hai3="28,30,40,47,49,52,59,60,85,91,96,97,99" /><INIT seed="2,1,2,0,4,40" ten="225,265,235,255" oya="2" hai0="13,30,135,25,73,66,37,24,58,106,35,120,74" hai1="85,57,9,94,100,129,21,31,112,42,33,126,23" hai2="45,88,67,92,122,108,116,117,6,20,4,69,43" hai3="18,109,80,115,125,99,128,12,77,16,78,90,83"/><V10/><F122/><W127/><G109/><T28/><D120/><U105/><E112/><V124/><F124/><N who="3" m="47691" /><G128/><T5/><D106/><U27/><E126/><V95/><F108/><W34/><G34/><T1/><D1/><U72/><E72/><V11/><F20/><N who="3" m="11271" /><G115/><T63/><D135/><U113/><E113/><V46/><F43/><W54/><G18/><T110/><D110/><U2/><E105/><V75/><F75/><W93/><G54/><T39/><D73/><U130/><E42/><V132/><F67/><W55/><G55/><T96/><D96/><N who="1" m="59415" /><E85/><V22/><F22/><W65/><G65/><T119/><D74/><U111/><E111/><V98/><F132/><W48/><G48/><T3/><D119/><U51/><E51/><V104/><F104/><W87/><G80/><T118/><D118/><U0/><E57/><V47/><F69/><W68/><G68/><T84/><D3/><N who="1" m="1067" /><E9/><N who="2" m="3083" /><F117/><W56/><G56/><T29/><D35/><U71/><E71/><V133/><F116/><W38/><G38/><T64/><D64/><U41/><E41/><V49/><F49/><W81/><G81/><T60/><D39/><U134/><E134/><V19/><F133/><W131/><G131/><AGARI ba="1,2" hai="21,23,27,31,33,129,130,131" m="1067,59415" machi="131" ten="30,1000,0" yaku="19,1" doraHai="40" who="1" fromWho="3" sc="225,0,265,33,235,0,255,-13" /><INIT seed="3,0,0,1,4,94" ten="225,298,235,242" oya="3" hai0="63,97,60,133,111,50,109,12,105,121,6,130,39" hai1="135,100,3,89,35,13,118,31,58,117,87,29,20" hai2="119,36,14,10,24,112,126,110,104,65,75,64,37" hai3="59,26,33,44,32,129,34,7,0,45,54,57,17"/><W76/><G129/><T68/><D130/><U79/><E135/><V48/><F75/><W5/><G76/><T40/><D121/><U93/><E3/><V114/><F104/><W23/><G59/><T115/><D133/><U69/><E69/><V78/><F78/><W99/><G99/><T128/><D128/><U21/><E35/><V134/><F134/><W122/><G122/><T125/><D125/><U81/><E100/><V49/><F24/><W18/><G18/><T52/><D115/><U25/><E58/><V22/><F22/><N who="1" m="8809" /><E13/><V41/><F14/><W28/><G28/><T132/><D132/><U90/><E90/><V92/><F10/><W86/><G86/><T74/><D74/><N who="1" m="43255" /><E25/><V77/><F77/><W120/><G120/><T19/><D6/><U38/><E38/><V15/><F15/><W91/><G91/><T108/><D68/><U72/><E72/><V85/><F85/><W73/><G73/><T88/><D39/><U102/><E102/><V124/><F92/><W42/><G0/><T4/><D4/><U51/><E51/><V131/><F131/><W8/><G8/><N who="0" m="6535" /><D40/><U103/><E103/><V107/><F41/><W96/><G42/><T53/><D105/><U98/><E87/><V71/><F71/><W46/><G96/><T82/><D97/><U30/><E30/><V9/><F107/><W55/><G57/><N who="0" m="32919" /><D53/><N who="3" m="19977" /><G5/><T127/><D127/><U67/><E67/><V62/><F9/><W43/><G7/><T80/><D80/><U66/><E66/><V56/><F64/><W61/><G43/><T1/><D1/><U83/><E83/><RYUUKYOKU ba="0,0" sc="225,10,298,10,235,-30,242,10" hai0="60,63,82,88,108,109,111" hai1="29,31,89,93,98,117,118" hai3="17,23,26,32,33,34,44,45,46,61" /><INIT seed="3,1,0,2,4,67" ten="235,308,205,252" oya="3" hai0="69,50,0,17,37,95,32,98,20,85,16,58,105" hai1="14,59,81,33,88,74,131,34,112,77,99,104,53" hai2="62,9,118,4,5,126,49,11,47,79,6,28,51" hai3="10,130,90,103,83,30,84,75,71,117,121,107,124"/><W15/><G117/><T82/><D37/><U43/><E112/><V41/><F118/><W132/><G121/><T110/><D32/><U12/><E43/><V113/><F113/><W76/><G71/><T108/><D0/><U89/><E33/><V70/><F126/><W115/><G115/><T116/><D105/><U122/><E34/><V64/><F28/><W48/><G132/><T125/><D125/><U109/><E122/><V42/><REACH who="2" step="1"/><F79/><REACH who="2" ten="235,308,195,252" step="2"/><W73/><G124/><T2/><D116/><U66/><E77/><V19/><F19/><W61/><G76/><T25/><D17/><U91/><E131/><V44/><AGARI ba="1,1" hai="4,5,6,9,11,41,42,44,47,49,51,62,64,70" machi="44" ten="30,7900,0" yaku="1,1,0,1,9,1,52,1,53,0" doraHai="67" doraHaiUra="21" who="2" fromWho="2" sc="235,-21,308,-21,195,92,252,-40" /><INIT seed="4,0,0,3,4,124" ten="214,287,287,212" oya="0" hai0="78,22,54,109,37,29,117,34,62,0,6,30,113" hai1="85,27,107,11,35,103,111,28,119,91,64,99,3" hai2="14,46,13,94,49,68,26,25,128,80,125,72,18" hai3="97,100,93,73,112,101,75,39,33,132,123,121,55"/><T130/><D117/><U116/><E111/><V83/><F128/><W1/><G33/><T129/><D109/><U82/><E3/><V23/><F68/><W4/><G39/><T118/><D118/><U110/><E110/><V7/><F125/><W44/><G1/><T63/><D34/><U84/><E11/><V9/><F94/><W102/><G4/><T2/><D113/><U42/><E42/><V67/><F67/><W50/><G112/><T114/><D114/><U32/><E32/><V45/><F45/><W56/><G132/><T131/><D37/><U86/><E86/><V20/><F72/><N who="3" m="27723" /><G56/><N who="0" m="35095" /><D78/><U5/><E5/><V17/><F25/><W77/><G77/><T24/><D6/><U122/><E122/><AGARI ba="0,0" hai="44,50,55,93,97,100,101,102,121,122,123" m="27723" machi="122" ten="30,1000,0" yaku="13,1" doraHai="124" who="3" fromWho="1" sc="214,0,287,-10,287,0,212,10" /><INIT seed="5,0,0,2,3,25" ten="214,277,287,222" oya="1" hai0="93,61,112,85,89,86,92,68,84,83,14,19,74" hai1="57,59,108,119,26,62,104,46,75,113,109,79,127" hai2="54,12,121,67,118,101,48,128,70,37,72,82,21" hai3="17,94,135,107,22,36,78,105,115,71,63,35,73"/><U98/><E119/><V56/><F118/><W99/><G36/><T69/><D112/><U28/><E113/><V90/><F121/><W30/><G115/><T132/><D132/><U44/><E127/><V20/><F128/><W6/><G6/><T110/><D110/><N who="1" m="42603" /><E79/><V126/><F126/><W53/><G135/><T0/><D0/><U81/><E81/><V9/><F37/><W1/><G1/><T111/><D111/><U133/><E75/><V103/><F70/><W55/><G78/><T76/><D93/><U33/><E133/><V102/><F67/><W27/><G73/><T80/><D61/><U87/><E87/><N who="2" m="50551" /><F72/><W64/><G107/><T11/><REACH who="0" step="1"/><D74/><REACH who="0" ten="204,277,287,222" step="2"/><U24/><E62/><V77/><F77/><AGARI ba="0,1" hai="11,14,19,68,69,76,77,80,83,84,85,86,89,92" machi="77" ten="30,7700,0" yaku="1,1,2,1,7,1,9,1,53,0" doraHai="25" doraHaiUra="51" who="0" fromWho="2" sc="204,87,277,0,287,-77,222,0" /><INIT seed="6,0,0,2,4,65" ten="291,277,210,222" oya="2" hai0="69,37,30,44,130,123,22,133,81,62,42,16,7" hai1="87,116,95,125,103,39,108,5,1,84,50,0,107" hai2="80,49,71,19,120,128,110,61,91,111,55,102,53" hai3="124,132,74,96,115,100,59,23,112,134,28,122,93"/><V4/><F120/><W26/><G122/><T92/><D123/><U35/><E108/><N who="2" m="41515" /><F128/><W113/><G124/><T86/><D7/><U38/><E35/><V79/><F4/><W12/><G74/><T8/><D130/><U68/><E107/><V109/><N who="2" m="41523" /><V31/><DORA hai="36" /><F102/><W72/><G72/><T126/><D133/><U114/><E5/><V105/><F105/><W15/><REACH who="3" step="1"/><G59/><REACH who="3" ten="291,277,210,212" step="2"/><T13/><D126/><U9/><E125/><V40/><F31/><W121/><G121/><T118/><D30/><U99/><E116/><V135/><F135/><AGARI ba="0,1" hai="12,15,23,26,28,93,96,100,112,113,115,132,134,135" machi="135" ten="50,8000,1" yaku="1,1,15,1,11,1,20,1,53,1" doraHai="65,36" doraHaiUra="88,52" who="3" fromWho="2" sc="291,0,277,0,210,-80,212,90" owari="291,9.1,277,-12.3,130,-37.0,302,40.2" /></mjloggm>