<mjloggm ver="2.3"><GO type="225" lobby="0"/><UN n0="%E6%98%93%E5%88%A9%E8%96%A9%E4%BC%AF" n1="%43%68%65" n2="%E3%83%A9%E3%82%A4%E3%83%B3%E3%81%AE%E8%99%8E" n3="%6C%65%74%69%74%62%65" dan="17,16,16,16" rate="2191.40,2201.35,2151.93,2096.80" sx="F,M,M,M"/><TAIKYOKU oya="0"/><INIT seed="0,0,0,4,3,30" ten="250,250,250,250" oya="0" hai0="87,110,60,7,54,97,53,79,55,41,108,49,14" hai1="70,90,75,116,3,26,46,78,37,52,66,74,15" hai2="113,64,118,127,48,120,80,133,31,83,34,13,1" hai3="39,35,28,45,122,128,29,129,82,23,104,98,134"/><T131/><D97/><U68/><E3/><V25/><F120/><W61/><G134/><T132/><D132/><U73/><E116/><V106/><F113/><W111/><G111/><N who="0" m="42539" /><D131/><N who="3" m="50249" /><G61/><T47/><D60/><U51/><E78/><V56/><F1/><W5/><G5/><T16/><D7/><U105/><E105/><V99/><F106/><W130/><G130/><T24/><D24/><U18/><E37/><V76/><F25/><W84/><G98/><T20/><D87/><U62/><E26/><V135/><F99/><W0/><G104/><T38/><D79/><U11/><REACH who="1" step="1"/><E90/><REACH who="1" ten="250,240,250,250" step="2"/><V124/><F76/><W59/><G0/><T12/><D14/><U43/><E43/><V93/><F13/><W121/><G121/><T65/><D65/><U40/><E40/><V92/><F64/><W42/><G42/><T125/><D125/><U114/><E114/><V101/><F127/><W17/><G122/><T115/><D115/><U27/><E27/><V6/><F124/><W2/><G2/><T112/><D112/><U71/><AGARI ba="0,1" hai="11,15,18,46,51,52,62,66,68,70,71,73,74,75" machi="71" ten="40,5200,0" yaku="1,1,0,1,54,1,53,0" doraHai="30" doraHaiUra="77" who="1" fromWho="1" sc="250,-26,240,62,250,-13,250,-13" /><INIT seed="1,0,0,5,4,72" ten="224,302,237,237" oya="1" hai0="63,90,20,69,70,2,49,6,50,24,101,52,14" hai1="108,122,67,61,12,3,62,87,82,46,94,80,32" hai2="118,43,53,74,98,54,73,119,66,79,106,37,8" hai3="56,11,83,117,9,112,76,10,0,109,7,78,84"/><U132/><E122/><V1/><F66/><W131/><G112/><T40/><D2/><U97/><E3/><V123/><F123/><W18/><G109/><T125/><D125/><U17/><E32/><V23/><F23/><W25/><G131/><T68/><D101/><U129/><E129/><V75/><F98/><W44/><G117/><T77/><D40/><U21/><E132/><V105/><F75/><W85/><G44/><T135/><D135/><U39/><E108/><V113/><F113/><W26/><G56/><T58/><D90/><U127/><E127/><V51/><F51/><W103/><G103/><T27/><D77/><U31/><E31/><V71/><F71/><W36/><G36/><T116/><D116/><U4/><E4/><V104/><F104/><W15/><G10/><T64/><D50/><U91/><E82/><AGARI ba="0,0" hai="0,7,9,11,15,18,25,26,76,78,82,83,84,85" machi="82" ten="40,5200,0" yaku="9,1,52,2" doraHai="72" who="3" fromWho="1" sc="224,0,302,-52,237,0,237,52" /><INIT seed="2,0,0,4,3,73" ten="224,250,237,289" oya="2" hai0="88,72,41,68,42,0,108,107,91,120,13,132,125" hai1="94,96,128,11,71,86,116,90,103,18,124,49,24" hai2="48,109,104,37,34,105,6,121,77,67,93,70,82" hai3="21,76,40,117,51,2,20,131,106,15,54,12,29"/><V78/><F37/><W47/><G117/><T7/><D0/><U115/><E116/><V100/><F121/><W83/><G106/><T126/><D68/><U65/><E115/><V39/><F39/><W60/><G2/><T110/><D120/><U22/><E124/><N who="0" m="47721" /><D107/><U133/><E128/><V99/><F34/><W4/><G131/><T50/><D72/><U58/><E133/><V27/><F27/><W118/><G118/><T63/><D63/><U5/><E71/><V81/><F6/><W122/><G122/><T113/><D113/><U28/><E28/><V36/><F36/><W56/><G4/><T134/><D13/><N who="3" m="5193" /><G29/><T46/><D42/><U130/><E130/><V9/><F9/><W25/><G25/><T57/><D57/><U127/><E127/><V26/><F26/><W45/><G47/><T44/><D44/><U33/><E33/><V84/><F109/><N who="0" m="42090" /><D7/><U23/><E5/><V101/><F70/><W59/><G59/><T19/><D19/><U74/><E74/><V14/><F14/><W62/><G60/><T30/><D30/><U87/><E18/><V35/><F35/><W53/><G40/><T119/><D119/><U129/><E129/><V135/><F105/><W16/><G16/><T75/><D75/><U69/><E69/><V52/><F104/><W97/><G20/><T66/><D66/><U114/><E114/><V38/><F67/><W98/><G21/><N who="1" m="7690" /><E24/><V64/><F64/><W112/><G112/><T17/><D17/><U102/><E65/><V79/><F38/><W31/><G31/><T80/><D80/><U10/><E58/><RYUUKYOKU ba="0,0" sc="224,15,250,-15,237,-15,289,15" hai0="41,46,50,88,91,132,134" hai3="45,51,53,54,56,62,76,83,97,98" /><INIT seed="3,1,0,0,5,72" ten="239,235,222,304" oya="3" hai0="51,81,5,125,39,76,112,10,14,127,27,21,69" hai1="64,66,73,82,4,80,45,121,1,20,38,43,8" hai2="46,0,34,100,31,13,99,105,90,101,91,93,12" hai3="86,15,78,11,3,28,54,94,58,24,134,96,107"/><W55/><G3/><T98/><D39/><U70/><E121/><V95/><F0/><W42/><G107/><T135/><D69/><U89/><E70/><V33/><F105/><W41/><G134/><T130/><D135/><U92/><E20/><V132/><F132/><W68/><G68/><T97/><D51/><U113/><E113/><V48/><F31/><W52/><G58/><T61/><D61/><U26/><E26/><V59/><F59/><W120/><G120/><T6/><D6/><U110/><E110/><V37/><F37/><W71/><G78/><T83/><D83/><U53/><E53/><N who="2" m="29847" /><F33/><W129/><G86/><N who="0" m="48423" /><D130/><U102/><E102/><N who="2" m="39531" /><F34/><W133/><G71/><T109/><D112/><U2/><E2/><V30/><F30/><W7/><G129/><T108/><D98/><AGARI ba="1,0" hai="12,13,90,91,93,95,98,99" m="39531,29847" machi="98" ten="30,1000,0" yaku="8,1" doraHai="72" who="2" fromWho="0" sc="239,-13,235,0,222,13,304,0" owari="226,-27.4,235,3.5,235,-16.5,304,40.4" /></mjloggm>