<mjloggm ver="2.3"><GO type="225" lobby="0"/><UN n0="%E3%83%A9%E3%82%B9%E7%8E%87%EF%BC%93%E5%89%B2" n1="%E3%82%AF%E3%82%A3%E3%82%A6" n2="%E3%81%94%E3%81%BE%E6%B2%B9%E9%A3%B2%E3%81%BF%E5%A4%AA%E9%83%8E" n3="%E3%83%96%E3%83%83%E3%83%91%E3%82%AA%E3%83%96%E3%83%81%E3%82%AD%E3%83%B3" dan="16,16,16,16" rate="2188.00,2086.53,2101.48,2068.73" sx="F,M,M,M"/><TAIKYOKU oya="0"/><INIT seed="0,0,0,1,5,96" ten="250,250,250,250" oya="0" hai0="27,123,73,119,134,12,99,127,131,66,126,108,31" hai1="107,44,63,124,38,122,118,57,75,105,62,16,15" hai2="45,21,81,94,3,125,54,11,10,130,102,61,129" hai3="120,79,67,19,85,59,89,113,91,104,8,77,74"/><T43/><D73/><U48/><E118/><V28/><F125/><N who="0" m="47626" /><D66/><U100/><E75/><V40/><F81/><W65/><G113/><T64/><D64/><N who="3" m="24649" /><G74/><T23/><D43/><U56/><E122/><V39/><F61/><W97/><G104/><T55/><D55/><U52/><E124/><V41/><F54/><W121/><G59/><T7/><D99/><U37/><E107/><V24/><F40/><W20/><G8/><N who="0" m="4127" /><D119/><U86/><E86/><V14/><F3/><W70/><G70/><T72/><D72/><U13/><E13/><V132/><F14/><N who="3" m="9335" /><G97/><T135/><D123/><N who="3" m="47177" /><G91/><T29/><D131/><U93/><E105/><V26/><F129/><W46/><G46/><T116/><D116/><U4/><E4/><V80/><F45/><W0/><G0/><T58/><D58/><N who="1" m="22635" /><E38/><V25/><F130/><W2/><G2/><T106/><D106/><U17/><E37/><V115/><F39/><W68/><G68/><T47/><D47/><U90/><E90/><V117/><F41/><W114/><G114/><T42/><D42/><U84/><E84/><V133/><F115/><W92/><AGARI ba="0,0" hai="77,79,85,89,92" m="47177,9335,24649" machi="92" ten="30,1100,0" yaku="13,1" doraHai="96" who="3" fromWho="3" sc="250,-5,250,-3,250,-3,250,11" /><INIT seed="1,0,0,5,2,128" ten="245,247,247,261" oya="1" hai0="92,10,51,108,37,109,25,98,36,2,133,3,91" hai1="85,55,102,24,6,34,114,32,120,131,132,77,87" hai2="82,86,125,22,53,84,65,17,41,33,18,59,105" hai3="103,81,7,107,96,45,16,68,26,89,57,8,76"/><U52/><E114/><V72/><F33/><W35/><G68/><T124/><D124/><U39/><E120/><V97/><F125/><W126/><G126/><T79/><D79/><U134/><E131/><V94/><F105/><W42/><G57/><T106/><D106/><U58/><E39/><N who="0" m="14921" /><D51/><U78/><E6/><V48/><F41/><W83/><G89/><T14/><D25/><U20/><E102/><V130/><F65/><W123/><G123/><T30/><D30/><U104/><E104/><V0/><F0/><W69/><G69/><T95/><D95/><U111/><E20/><V116/><F116/><W127/><G76/><T13/><D13/><U75/><E58/><V19/><F130/><W1/><G127/><T112/><D112/><U122/><E122/><V23/><F72/><W62/><G62/><T9/><D9/><U40/><E24/><V46/><F59/><W28/><REACH who="3" step="1"/><G16/><REACH who="3" ten="245,247,247,251" step="2"/><T47/><D47/><U15/><E75/><V29/><F19/><W31/><G31/><T21/><D21/><U54/><E32/><V80/><F29/><W50/><AGARI ba="0,1" hai="1,7,8,26,28,35,42,45,50,81,83,96,103,107" machi="50" ten="20,5200,0" yaku="1,1,0,1,7,1,53,1" doraHai="128" doraHaiUra="99" who="3" fromWho="3" sc="245,-13,247,-26,247,-13,251,62" /><INIT seed="2,0,0,3,5,51" ten="232,221,234,313" oya="2" hai0="25,125,6,36,52,45,86,94,34,120,115,27,101" hai1="65,38,85,116,118,76,84,16,23,64,32,131,39" hai2="61,30,104,72,126,95,92,123,60,114,31,35,100" hai3="99,9,12,37,10,91,14,107,109,63,54,132,90"/><V71/><F114/><W79/><G37/><T135/><D115/><U102/><E32/><V47/><F123/><W81/><G109/><T5/><D120/><U96/><E131/><V29/><F72/><W97/><G132/><T83/><D135/><U44/><E44/><V26/><F126/><W105/><G63/><T59/><D125/><U62/><E76/><V33/><F47/><W2/><G79/><N who="0" m="46463" /><D36/><U18/><E96/><N who="2" m="61447" /><F61/><W0/><REACH who="3" step="1"/><G81/><REACH who="3" ten="232,221,234,303" step="2"/><T70/><D70/><U50/><E62/><V20/><F60/><W88/><G88/><T111/><D111/><U8/><E102/><V117/><F71/><W112/><G112/><T24/><D101/><U77/><E77/><V122/><F122/><W56/><G56/><T74/><D59/><U3/><E50/><V1/><F117/><W58/><G58/><T67/><D67/><U129/><E118/><V98/><F35/><W66/><G66/><T119/><D119/><U80/><E116/><V21/><F33/><W128/><G128/><T93/><D34/><U11/><E129/><V28/><F92/><N who="0" m="35434" /><D74/><U73/><E73/><V22/><F1/><W41/><G41/><T75/><D75/><U133/><E133/><V108/><F108/><W55/><AGARI ba="0,1" hai="0,2,9,10,12,14,54,55,90,91,97,99,105,107" machi="55" ten="25,12000,2" yaku="1,1,0,1,22,2,52,2,53,0" doraHai="51" doraHaiUra="127" who="3" fromWho="3" sc="232,-30,221,-30,234,-60,303,130" /><INIT seed="3,0,0,1,1,36" ten="202,191,174,433" oya="3" hai0="127,104,33,32,90,130,128,106,110,7,78,94,50" hai1="49,75,30,120,42,113,125,56,27,72,58,135,86" hai2="89,76,122,62,22,59,13,34,61,15,12,66,95" hai3="133,16,111,91,114,37,84,3,63,123,25,118,121"/><W126/><G114/><T85/><D110/><U105/><E113/><V31/><F34/><N who="0" m="13418" /><D127/><U29/><E120/><V38/><F38/><W108/><G3/><T0/><D78/><U65/><E125/><V68/><F76/><W45/><G126/><T87/><D7/><U8/><E105/><N who="0" m="40553" /><D50/><U79/><E135/><V23/><F122/><W10/><G133/><T5/><D5/><U60/><E8/><V4/><F4/><W93/><G37/><T28/><D28/><U44/><E56/><V14/><N who="2" m="3072" /><DORA hai="83" /><V99/><REACH who="2" step="1"/><F31/><REACH who="2" ten="202,191,164,433" step="2"/><W88/><G123/><T96/><D0/><U98/><E30/><V92/><F92/><W6/><G93/><T40/><D40/><U107/><E107/><V80/><F80/><W82/><G82/><T102/><D102/><U103/><E79/><V119/><F119/><W97/><G6/><T77/><D77/><U17/><E29/><V24/><F24/><W129/><G25/><T112/><D112/><U131/><E27/><V43/><F43/><W70/><G121/><T51/><D51/><U115/><E115/><V9/><F9/><W52/><G10/><T73/><D73/><N who="1" m="28235" /><E17/><V74/><F74/><W54/><G16/><T1/><D1/><U55/><E42/><V47/><F47/><W67/><G45/><T18/><D18/><U57/><E44/><V21/><F21/><W69/><G118/><T19/><D19/><U64/><E131/><AGARI ba="0,1" hai="85,87,90,94,96,128,130,131" m="40553,13418" machi="131" ten="40,5200,0" yaku="19,1,52,2" doraHai="36,83" who="0" fromWho="1" sc="202,62,191,-52,164,0,433,0" owari="264,6.4,139,-36.1,164,-23.6,433,53.3" /></mjloggm>