<mjloggm ver="2.3"><GO type="225" lobby="0"/><UN n0="%E6%81%A5%E6%99%92%E3%81%97" n1="%E6%B8%A1%E5%A4%A9%E8%97%8D" n2="%E3%81%90%E3%81%A1%E3%82%84%E3%81%BE" n3="%77%72%77%72%77%72%77%72" dan="16,16,16,17" rate="2173.74,2159.29,2121.06,2156.06" sx="M,M,M,M"/><TAIKYOKU oya="0"/><INIT seed="0,0,0,0,5,15" ten="250,250,250,250" oya="0" hai0="36,105,12,9,111,97,68,37,16,48,19,23,28" hai1="67,110,27,119,132,116,115,55,18,85,49,123,103" hai2="122,87,70,121,117,1,77,124,10,71,108,57,72" hai3="58,30,14,35,43,106,86,96,94,102,39,100,6"/><T84/><D68/><U75/><E75/><V11/><F87/><W42/><G39/><T83/><D28/><U66/><E123/><N who="2" m="47115" /><F57/><W34/><G58/><T7/><D111/><U134/><E110/><V92/><F108/><W32/><G30/><T56/><D19/><U135/><E85/><V64/><F92/><W76/><G102/><T26/><D105/><U2/><E2/><V20/><F64/><N who="1" m="24617" /><E103/><V91/><F91/><W46/><G106/><T80/><D97/><U113/><E18/><V99/><F99/><W51/><G42/><T59/><D83/><U44/><E27/><V74/><F74/><W54/><G54/><N who="0" m="31815" /><D37/><U47/><E47/><V25/><F72/><W38/><G38/><T13/><D36/><U118/><AGARI ba="0,0" hai="44,49,55,113,115,116,118,119,132,134,135" m="24617" machi="118" ten="50,6400,0" yaku="20,1,34,2" doraHai="15" who="1" fromWho="1" sc="250,-32,250,64,250,-16,250,-16" /><INIT seed="1,0,0,3,5,14" ten="218,314,234,234" oya="1" hai0="124,77,87,29,110,10,40,46,31,65,103,123,105" hai1="44,7,55,57,26,1,8,52,21,73,34,81,48" hai2="43,127,111,32,16,115,15,12,22,117,97,92,27" hai3="72,107,51,95,82,135,131,6,83,23,50,119,61"/><U19/><E34/><V20/><F117/><W3/><G107/><T104/><D124/><U17/><E81/><V47/><F127/><W112/><G112/><T128/><D110/><U24/><E73/><V68/><F68/><W79/><G119/><T90/><D128/><U56/><E55/><V54/><F54/><W25/><G131/><T116/><D116/><U102/><E102/><V126/><F126/><W114/><G114/><T33/><D123/><U93/><E93/><V62/><F62/><W121/><G121/><T129/><D77/><U88/><E88/><N who="2" m="55431" /><F32/><W80/><G135/><T28/><D33/><U78/><E78/><V89/><F111/><W42/><G61/><T38/><D103/><U18/><REACH who="1" step="1"/><E24/><REACH who="1" ten="218,304,234,234" step="2"/><V35/><F35/><W106/><G95/><T98/><D129/><U9/><E9/><V39/><F89/><W134/><G106/><T64/><D104/><U13/><E13/><V91/><F91/><W120/><G120/><T94/><D105/><U71/><E71/><V30/><F115/><W66/><G79/><T101/><D10/><U125/><E125/><V60/><F12/><W96/><G72/><T109/><D109/><U74/><E74/><V58/><F58/><AGARI ba="0,1" hai="1,7,8,17,18,19,21,26,44,48,52,56,57,58" machi="58" ten="40,12000,1" yaku="1,1,52,3,54,1,53,0" doraHai="14" doraHaiUra="70" who="1" fromWho="2" sc="218,0,304,130,234,-120,234,0" /><INIT seed="1,1,0,5,0,39" ten="218,434,114,234" oya="1" hai0="34,103,105,67,76,71,129,93,104,8,70,55,1" hai1="89,16,133,5,131,113,2,124,95,15,132,101,69" hai2="4,62,21,66,96,73,92,79,46,50,108,17,27" hai3="49,85,45,30,32,0,60,100,121,28,58,3,63"/><U38/><E69/><V115/><F108/><W12/><G121/><T128/><D76/><U57/><E38/><V74/><F79/><W99/><G85/><T75/><D75/><U22/><E113/><V68/><F4/><W43/><G63/><T86/><D55/><U56/><E101/><V109/><F109/><W18/><G0/><T107/><D34/><U35/><E35/><V36/><F36/><W42/><G3/><T119/><D119/><U114/><E114/><V84/><F84/><W9/><G32/><T80/><D8/><N who="1" m="2103" /><E131/><V106/><F106/><W91/><G91/><T44/><D1/><U26/><E26/><V110/><F115/><W97/><G42/><T122/><D122/><U59/><E124/><V24/><F24/><W116/><G116/><T10/><D67/><U130/><E130/><N who="0" m="50281" /><D10/><U81/><E81/><V20/><F20/><W48/><G48/><T37/><D80/><U78/><E78/><V118/><F118/><W123/><G123/><T53/><D37/><U31/><E31/><N who="3" m="11818" /><G100/><T6/><D6/><U87/><E59/><V41/><REACH who="2" step="1"/><F110/><REACH who="2" ten="218,434,104,234" step="2"/><W7/><G7/><T33/><D33/><U90/><E87/><V54/><F54/><AGARI ba="1,1" hai="9,12,18,43,45,49,54,58,60,97,99" m="11818" machi="54" ten="30,2000,0" yaku="8,1,52,1" doraHai="39" who="3" fromWho="2" sc="218,0,434,0,104,-23,234,33" /><INIT seed="2,0,0,1,1,2" ten="218,434,81,267" oya="2" hai0="86,122,29,36,99,33,96,130,81,18,91,30,9" hai1="84,127,65,19,87,14,43,16,116,58,79,61,100" hai2="124,131,129,97,94,89,1,135,39,49,123,56,83" hai3="82,80,133,6,3,11,13,71,101,4,21,38,68"/><V8/><F39/><W119/><G119/><T34/><D122/><U110/><E116/><V42/><F123/><W132/><G38/><T114/><D114/><U37/><E110/><V103/><F124/><W41/><G41/><T55/><D36/><U50/><E37/><V69/><F69/><W88/><G101/><T109/><D109/><U59/><E100/><V95/><F135/><N who="3" m="51787" /><G82/><T92/><D130/><N who="2" m="49674" /><F83/><W108/><G108/><T78/><D33/><U60/><E79/><V72/><F72/><W128/><G128/><T113/><D34/><U105/><E105/><V126/><F126/><W77/><G77/><T117/><D113/><U12/><E127/><V125/><F125/><W111/><G111/><T76/><D117/><U28/><E28/><V46/><F56/><W121/><G121/><T15/><D78/><U90/><E90/><V75/><F75/><W57/><G57/><T70/><D70/><U73/><E73/><V44/><F44/><W45/><G45/><T63/><D99/><U115/><E115/><V54/><F42/><W35/><G35/><T118/><D118/><U107/><E107/><N who="2" m="63983" /><F89/><W67/><G68/><T47/><REACH who="0" step="1"/><D63/><REACH who="0" ten="208,434,81,267" step="2"/><U112/><E112/><V64/><F64/><W98/><G67/><T53/><D53/><N who="1" m="32055" /><E61/><V22/><F22/><W48/><G71/><T102/><D102/><U106/><E60/><V0/><F0/><W20/><G20/><T85/><D85/><U23/><E87/><V66/><F66/><W27/><G21/><T93/><D93/><U104/><E84/><V31/><F31/><W62/><G3/><T74/><D74/><RYUUKYOKU ba="0,1" sc="208,15,434,-15,81,15,267,-15" hai0="9,15,18,29,30,47,55,76,81,86,91,92,96" hai2="1,8,46,49,54,94,95" /><INIT seed="2,1,1,2,1,54" ten="223,419,96,252" oya="2" hai0="134,0,32,66,96,125,74,1,37,103,48,106,110" hai1="75,12,105,101,121,33,93,80,3,60,127,111,99" hai2="15,116,117,72,90,9,63,89,108,68,42,104,59" hai3="87,29,71,79,58,14,45,22,135,61,19,24,118"/><V28/><F104/><W21/><G135/><T115/><RYUUKYOKU type="yao9" ba="1,1" sc="223,0,419,0,96,0,252,0" hai0="0,1,32,37,48,66,74,96,103,106,110,115,125,134" /><INIT seed="2,2,1,2,0,104" ten="223,419,96,252" oya="2" hai0="17,29,86,73,66,47,64,128,106,68,0,113,99" hai1="87,117,122,57,50,85,132,83,9,92,101,11,124" hai2="37,114,72,96,23,46,30,5,78,133,97,109,60" hai3="1,65,48,25,75,34,16,90,129,131,135,77,105"/><V120/><F114/><W42/><G105/><T103/><D113/><U26/><E117/><V41/><F120/><W45/><G1/><T111/><D0/><U27/><E124/><V63/><F133/><W14/><G135/><T31/><D111/><U21/><E132/><V126/><F126/><W7/><G7/><T91/><D128/><N who="3" m="49225" /><G65/><T4/><D4/><U70/><E70/><V22/><F109/><W81/><G90/><T19/><D19/><U53/><E122/><V6/><F97/><W62/><G62/><T110/><D110/><U32/><E32/><V115/><F115/><W134/><G134/><T58/><D68/><U67/><E67/><V125/><F125/><W59/><G59/><T98/><D66/><U127/><E127/><V82/><F5/><W79/><G79/><T123/><D123/><U51/><E51/><V52/><F6/><W49/><G25/><N who="1" m="9226" /><E21/><V80/><F30/><W118/><G34/><T100/><D47/><U2/><E2/><V8/><F96/><W112/><G118/><T44/><D44/><U12/><E12/><V35/><F35/><W56/><G56/><T36/><D36/><U93/><E101/><V121/><F121/><W108/><G108/><T28/><D99/><U13/><E13/><V10/><F82/><W130/><N who="3" m="49233" /><W95/><DORA hai="61" /><G95/><N who="1" m="36426" /><E83/><V18/><F63/><W84/><G112/><T20/><D103/><U74/><E57/><N who="2" m="34855" /><F18/><W39/><G84/><T94/><D31/><U119/><E87/><V116/><F116/><W33/><G33/><T107/><D28/><U76/><E119/><V71/><F71/><RYUUKYOKU ba="2,1" sc="223,-15,419,-15,96,15,252,15" hai2="8,10,22,23,37,41,46,72,78,80" hai3="14,16,39,42,45,48,49,75,77,81" /><INIT seed="2,3,1,1,2,55" ten="208,404,111,267" oya="2" hai0="42,134,0,44,120,129,125,83,19,76,36,50,78" hai1="35,11,17,34,54,15,113,108,33,26,71,49,37" hai2="47,114,74,41,28,51,89,88,85,14,97,116,95" hai3="118,80,115,111,3,9,27,90,31,7,127,72,6"/><V29/><F114/><W52/><G115/><T103/><D120/><U92/><E37/><V56/><F116/><W133/><G118/><T38/><D125/><U23/><E108/><V121/><F74/><W13/><G111/><T59/><D129/><U128/><E71/><V60/><F14/><W96/><G127/><T98/><D134/><U63/><E128/><V126/><F121/><W70/><G70/><T64/><D0/><U40/><E113/><V99/><F126/><W119/><G119/><T61/><D19/><U73/><E73/><V123/><F123/><W67/><G67/><T100/><D100/><U43/><E63/><V1/><F1/><W68/><G68/><T82/><D82/><U122/><E92/><N who="2" m="54287" /><F99/><W104/><G133/><T87/><REACH who="0" step="1"/><D78/><REACH who="0" ten="198,404,111,267" step="2"/><U21/><E122/><V18/><F18/><W39/><G80/><T24/><D24/><U102/><E102/><V81/><F81/><W77/><G77/><T45/><D45/><U22/><E26/><V86/><F97/><W107/><G96/><T109/><D109/><U75/><E75/><V101/><F101/><W117/><G72/><T5/><D5/><U66/><E17/><V124/><F124/><W2/><G117/><T32/><D32/><U130/><E34/><V58/><F58/><W25/><G2/><T10/><D10/><U94/><E33/><V57/><F57/><W62/><G3/><T53/><D53/><AGARI ba="3,2" hai="28,29,41,47,51,53,56,60,86,89,95" m="54287" machi="53" ten="30,5800,0" yaku="8,1,52,1,54,1" doraHai="55" who="2" fromWho="0" sc="198,-67,404,0,111,87,267,0" /><INIT seed="2,4,0,4,0,59" ten="131,404,198,267" oya="2" hai0="106,93,25,49,128,131,1,117,53,92,107,6,29" hai1="76,55,95,28,83,110,94,97,18,45,8,4,62" hai2="51,66,35,75,7,10,78,118,39,47,87,21,85" hai3="123,12,112,133,101,121,61,120,65,34,70,129,11"/><V24/><F118/><W111/><G111/><T14/><D117/><U114/><E110/><V30/><F39/><W99/><G129/><T52/><D1/><U56/><E114/><V73/><F35/><W119/><G119/><T27/><D14/><U54/><E28/><V86/><F78/><W104/><G112/><T96/><D49/><U109/><E109/><V89/><F89/><W130/><G130/><T71/><D29/><U0/><E18/><V126/><F66/><W124/><G133/><T77/><D77/><U3/><E3/><V79/><F79/><W100/><G100/><T108/><D108/><U48/><E97/><V69/><F69/><W19/><REACH who="3" step="1"/><G34/><REACH who="3" ten="131,404,198,257" step="2"/><T16/><D71/><U134/><E134/><V17/><F126/><AGARI ba="4,1" hai="11,12,19,61,65,70,99,101,104,120,121,123,124,126" machi="126" ten="50,6400,0" yaku="1,1,2,1,52,1,53,0" doraHai="59" doraHaiUra="72" who="3" fromWho="2" sc="131,0,404,0,198,-76,257,86" /><INIT seed="3,0,0,2,5,7" ten="131,404,122,343" oya="3" hai0="72,55,95,117,44,47,88,77,20,26,8,28,24" hai1="1,125,61,36,133,85,113,31,68,112,23,25,9" hai2="70,66,10,122,71,97,109,116,111,15,49,128,65" hai3="96,82,40,21,58,130,16,6,67,118,43,124,92"/><W60/><G118/><T39/><D117/><U18/><E36/><V48/><F116/><W98/><G130/><T110/><D110/><N who="2" m="41994" /><F128/><W81/><G124/><T119/><D119/><U62/><E125/><V2/><F2/><W89/><G98/><T104/><D104/><U120/><E120/><V4/><F122/><W41/><REACH who="3" step="1"/><G6/><REACH who="3" ten="131,404,122,333" step="2"/><T114/><D114/><U17/><E113/><V57/><F97/><W37/><G37/><T29/><D39/><U13/><E112/><V108/><N who="2" m="42002" /><V129/><DORA hai="27" /><F129/><W46/><G46/><T42/><D47/><U90/><E133/><V35/><F35/><W74/><G74/><T134/><D72/><U22/><E68/><N who="2" m="26155" /><F57/><W93/><G93/><T126/><D126/><U115/><E115/><V79/><F79/><W59/><G59/><T19/><D77/><U131/><E131/><V56/><F56/><W105/><G105/><T78/><D78/><U52/><E1/><V132/><F132/><W86/><G86/><N who="0" m="52631" /><D134/><U54/><E85/><V73/><F73/><W34/><G34/><T30/><D44/><U80/><E80/><V45/><F49/><W127/><G127/><T64/><D64/><U38/><E38/><V63/><F63/><N who="1" m="24073" /><E90/><V102/><F102/><W121/><G121/><T51/><D51/><U50/><E50/><V12/><F12/><AGARI ba="0,1" hai="12,16,21,40,41,43,58,60,67,81,82,89,92,96" machi="12" ten="40,12000,1" yaku="1,1,8,1,54,1,53,2" doraHai="7,27" doraHaiUra="76,69" who="3" fromWho="2" sc="131,0,404,0,122,-120,333,130" /><AGARI ba="0,0" hai="9,12,13,17,18,22,23,25,31,52,54" m="24073" machi="12" ten="30,7700,0" yaku="8,1,52,2,54,1" doraHai="7,27" who="1" fromWho="2" sc="131,0,404,77,2,-77,463,0" owari="131,-26.9,481,58.1,-75,-57.5,463,26.3" /></mjloggm>