<mjloggm ver="2.3"><GO type="225" lobby="0"/><UN n0="%E3%81%8B%E3%82%8F%E3%81%A1%E3%82%83%E3%82%93%35%38" n1="%4C%4F%4C%49%54%41" n2="%E3%81%A4%E3%81%A3%E3%81%B1%E3%82%8A%E3%83%9D%E3%83%BC%E3%83%AB" n3="%E5%A4%8F%E9%88%B4%E9%88%B4%E5%A4%8F" dan="16,16,17,16" rate="2159.87,2107.19,2153.65,2118.91" sx="M,F,M,F"/><TAIKYOKU oya="0"/><INIT seed="0,0,0,3,3,90" ten="250,250,250,250" oya="0" hai0="77,72,47,98,111,46,121,45,14,112,105,65,128" hai1="81,59,108,89,57,54,36,28,8,38,35,34,85" hai2="43,10,30,101,1,51,130,55,2,119,96,56,11" hai3="66,39,68,70,117,99,73,123,79,126,3,88,91"/><T24/><D112/><U15/><E108/><V18/><F130/><W23/><G117/><T97/><D121/><U37/><E28/><V80/><F119/><W116/><G116/><T21/><D128/><U74/><E74/><V82/><F30/><W53/><G39/><T106/><D111/><U58/><REACH who="1" step="1"/><E54/><REACH who="1" ten="250,240,250,250" step="2"/><V86/><F43/><W109/><G53/><T78/><D72/><U62/><E62/><V104/><F82/><W26/><G73/><T12/><D65/><U63/><E63/><V40/><F40/><W132/><G66/><T6/><D106/><U52/><E52/><V84/><F84/><W9/><G109/><T100/><D98/><U27/><E27/><V92/><F104/><W60/><G26/><T114/><D114/><U76/><E76/><V67/><F67/><W5/><G79/><T4/><D78/><U110/><E110/><V32/><F32/><W124/><G99/><T103/><D77/><U17/><AGARI ba="0,1" hai="8,15,17,34,35,36,37,38,57,58,59,81,85,89" machi="17" ten="40,2700,0" yaku="1,1,0,1,53,0" doraHai="90" doraHaiUra="33" who="1" fromWho="1" sc="250,-13,240,37,250,-7,250,-7" /><INIT seed="1,0,0,0,1,124" ten="237,277,243,243" oya="1" hai0="135,34,87,123,23,83,78,85,109,99,93,81,88" hai1="72,117,47,128,58,51,15,112,61,52,116,16,54" hai2="96,53,73,24,9,122,3,39,84,125,127,43,67" hai3="66,13,63,19,21,5,110,119,104,1,71,59,14"/><U74/><E112/><V4/><F73/><W89/><G110/><T132/><D34/><U62/><E128/><V48/><F122/><W118/><G104/><T20/><D20/><U107/><E107/><V103/><F67/><W111/><G111/><T60/><D109/><U76/><E62/><V115/><F115/><W32/><G32/><T90/><D60/><U75/><REACH who="1" step="1"/><E76/><REACH who="1" ten="237,267,243,243" step="2"/><V10/><F127/><W6/><G119/><T57/><D123/><U91/><E91/><V108/><F125/><W94/><G118/><T35/><D35/><U22/><AGARI ba="0,1" hai="15,16,22,47,51,52,54,58,61,72,74,75,116,117" machi="22" ten="30,11700,0" yaku="1,1,0,1,54,2,53,0" doraHai="124" doraHaiUra="82" who="1" fromWho="1" sc="237,-39,267,127,243,-39,243,-39" /><INIT seed="1,1,0,1,1,6" ten="198,394,204,204" oya="1" hai0="54,134,57,130,16,113,89,116,84,80,135,91,9" hai1="93,47,40,81,53,69,111,50,27,62,52,122,123" hai2="34,1,10,3,99,65,59,12,129,128,2,82,108" hai3="29,20,100,98,114,48,115,66,121,0,24,33,105"/><U107/><E107/><V125/><F108/><W104/><G121/><T42/><D113/><U28/><E111/><V5/><F125/><W131/><G131/><N who="2" m="50249" /><F34/><W92/><G0/><T41/><D130/><U119/><E119/><V44/><F44/><W35/><G66/><T75/><D75/><U38/><E93/><V68/><F82/><W88/><G105/><T56/><D116/><U102/><E102/><V60/><F99/><W14/><G48/><N who="0" m="30791" /><D57/><AGARI ba="1,0" hai="1,2,3,5,10,12,57,59,60,65,68" m="50249" machi="57" ten="40,2600,0" yaku="19,1,52,1" doraHai="6" who="2" fromWho="0" sc="198,-29,394,0,204,29,204,0" /><INIT seed="2,0,0,0,0,95" ten="169,394,233,204" oya="2" hai0="2,123,29,91,30,49,129,127,88,37,98,25,128" hai1="1,26,21,28,68,110,0,82,59,12,115,93,19" hai2="107,16,122,84,132,83,61,58,104,9,23,64,106" hai3="63,105,17,22,52,130,66,57,108,18,116,3,131"/><V118/><F118/><W45/><G116/><T44/><D37/><U89/><E68/><V70/><F122/><W4/><G108/><T112/><D112/><U65/><E115/><V32/><F32/><W20/><G105/><T10/><D123/><U75/><E110/><V5/><F132/><W42/><G4/><T56/><D56/><U85/><E65/><V46/><F46/><W97/><G3/><T78/><D78/><U50/><E59/><V76/><F70/><W126/><G126/><T11/><D127/><U109/><E50/><V34/><F34/><W135/><G135/><T15/><D2/><U36/><E36/><V87/><F87/><W51/><G97/><T86/><D128/><U124/><E109/><V80/><F80/><W27/><REACH who="3" step="1"/><G66/><REACH who="3" ten="169,394,233,194" step="2"/><T43/><D129/><U100/><E0/><V35/><F107/><W47/><G47/><T125/><D125/><U73/><E1/><N who="2" m="175" /><F106/><W111/><G111/><T134/><D134/><U53/><E124/><V133/><F104/><W24/><AGARI ba="0,1" hai="17,18,20,22,24,27,42,45,51,52,57,63,130,131" machi="24" ten="30,7900,0" yaku="1,1,0,1,9,1,54,1,53,0" doraHai="95" doraHaiUra="94" who="3" fromWho="3" sc="169,-20,394,-20,233,-39,194,89" /><INIT seed="3,0,0,3,2,64" ten="149,374,194,283" oya="3" hai0="61,126,50,90,72,110,82,79,86,8,85,108,81" hai1="100,36,24,1,77,17,89,69,46,114,131,75,121" hai2="125,44,2,16,37,95,63,96,117,12,128,119,106" hai3="45,4,101,107,56,27,130,129,41,43,113,87,66"/><W98/><G113/><T33/><D33/><U94/><E114/><V35/><F2/><W78/><G4/><T20/><D8/><U104/><E69/><V38/><F35/><W93/><G43/><T3/><D3/><U123/><E131/><V21/><F106/><W42/><G41/><T102/><D20/><N who="1" m="13327" /><E46/><V84/><F128/><W58/><G58/><T31/><D31/><U55/><E55/><V7/><F7/><W48/><G27/><T99/><D50/><U11/><E11/><V112/><F112/><W111/><G111/><N who="0" m="42539" /><D61/><U53/><E53/><V120/><F63/><W65/><G65/><T71/><D71/><U18/><E18/><V19/><F19/><W30/><G30/><T133/><D133/><U34/><E36/><V70/><F44/><W118/><G118/><T109/><N who="0" m="42547" /><T92/><DORA hai="22" /><D126/><U62/><E62/><V10/><F70/><W40/><G42/><T116/><D116/><U13/><E34/><V54/><F54/><W134/><G134/><T67/><D67/><U74/><E1/><V76/><F125/><W51/><G66/><T103/><D72/><U28/><E74/><V5/><F119/><W105/><G51/><T115/><D115/><U135/><E28/><V127/><F117/><W0/><G56/><T91/><AGARI ba="0,0" hai="79,81,82,85,86,90,91,92,99,102,103" m="42547" machi="91" ten="40,5200,0" yaku="14,1,34,2" doraHai="64,22" who="0" fromWho="0" sc="149,52,374,-13,194,-13,283,-26" owari="201,-19.9,361,46.1,181,-31.9,257,5.7" /></mjloggm>