<mjloggm ver="2.3"><GO type="225" lobby="0"/><UN n0="%E3%80%90%E8%92%BC%E7%90%89%E3%80%91" n1="%E3%83%B4%E3%82%A3%E3%83%AF%E3%82%B3%E3%82%B0%E3%83%8B" n2="%E5%A4%8F%E9%88%B4%E9%88%B4%E5%A4%8F" n3="%E3%81%A4%E3%81%A3%E3%81%B1%E3%82%8A%E3%83%9D%E3%83%BC%E3%83%AB" dan="16,17,16,17" rate="2165.15,2203.52,2108.12,2185.41" sx="F,M,F,M"/><TAIKYOKU oya="0"/><INIT seed="0,0,0,2,5,75" ten="250,250,250,250" oya="0" hai0="9,80,112,87,79,5,14,73,104,85,135,64,19" hai1="48,58,46,12,42,95,26,114,130,122,23,113,131" hai2="74,47,13,128,76,11,3,51,93,69,90,109,106" hai3="36,94,118,67,70,99,54,45,123,17,2,28,86"/><T25/><D112/><N who="1" m="43115" /><E122/><V33/><F106/><W60/><G2/><T4/><D104/><U105/><E105/><V27/><F3/><W57/><G123/><T0/><D135/><U133/><E95/><V100/><F69/><W98/><G118/><T53/><D64/><U63/><E12/><V62/><F100/><W121/><G121/><T71/><D71/><U40/><E40/><V127/><F62/><W119/><G119/><T41/><D41/><U117/><E117/><V38/><F38/><W68/><G28/><T39/><D39/><U7/><E7/><V103/><F103/><W1/><G1/><T96/><D96/><U129/><E26/><V30/><F109/><W78/><G17/><T44/><D25/><U89/><E89/><V92/><F90/><W21/><G70/><T110/><D110/><U34/><E23/><V49/><F93/><W18/><G94/><T61/><D4/><U134/><E34/><V20/><F92/><W120/><G120/><T8/><REACH who="0" step="1"/><D44/><REACH who="0" ten="240,250,250,250" step="2"/><U77/><E77/><V91/><F47/><W101/><G36/><T59/><AGARI ba="0,1" hai="0,5,8,9,14,19,53,59,61,73,79,80,85,87" machi="59" ten="30,12000,1" yaku="1,1,2,1,0,1,52,1,53,1" doraHai="75" doraHaiUra="56" who="0" fromWho="0" sc="240,130,250,-40,250,-40,250,-40" /><INIT seed="0,1,0,0,1,84" ten="370,210,210,210" oya="0" hai0="39,24,57,10,60,23,72,123,0,28,85,101,64" hai1="15,97,94,19,58,69,13,102,113,95,114,8,111" hai2="103,62,105,29,89,117,48,88,121,18,100,31,81" hai3="106,12,134,112,27,67,47,127,54,125,96,53,9"/><T34/><D72/><U68/><E111/><V73/><F121/><W75/><G112/><N who="1" m="43114" /><E94/><V131/><F73/><W83/><G134/><T63/><D123/><U38/><E38/><V107/><F131/><W61/><G27/><T5/><D39/><U104/><E104/><V93/><F117/><W119/><G119/><T50/><D101/><N who="2" m="38986" /><F107/><W87/><G75/><T118/><D118/><U132/><E132/><V116/><F105/><W124/><G96/><T66/><D85/><U90/><E102/><V110/><F110/><W20/><G20/><T70/><REACH who="0" step="1"/><D50/><REACH who="0" ten="360,210,210,210" step="2"/><U25/><E25/><V35/><F116/><W130/><G106/><T79/><D79/><U120/><E120/><V36/><F36/><W126/><G130/><T41/><D41/><U22/><E58/><V82/><F48/><W21/><G127/><T133/><D133/><U122/><E122/><V76/><F76/><N who="3" m="46567" /><G126/><T135/><D135/><U129/><E129/><V77/><F77/><W17/><G125/><T4/><D4/><AGARI ba="1,1" hai="4,8,13,15,19,22,68,69,90,95,97" m="43114" machi="4" ten="30,2000,0" yaku="11,1,52,1" doraHai="84" who="1" fromWho="0" sc="360,-23,210,33,210,0,210,0" /><INIT seed="1,0,0,4,5,124" ten="337,243,210,210" oya="1" hai0="133,68,98,46,132,18,54,85,63,32,94,58,102" hai1="127,5,106,113,45,72,75,78,121,34,56,71,89" hai2="6,57,69,111,42,119,61,20,11,39,79,64,16" hai3="125,19,1,135,103,92,8,76,40,120,17,114,29"/><U27/><E127/><V115/><F119/><W83/><G114/><T47/><D32/><U96/><E113/><V95/><F111/><W116/><G125/><T66/><D18/><U104/><E56/><V65/><F115/><W33/><G120/><T49/><REACH who="0" step="1"/><D85/><REACH who="0" ten="327,243,210,210" step="2"/><U48/><E34/><V28/><F28/><W35/><G19/><T41/><D41/><U93/><E121/><V70/><F42/><W134/><G40/><T80/><D80/><U109/><E109/><V31/><F31/><W12/><G116/><T126/><D126/><U30/><E72/><V53/><F39/><W15/><G29/><T101/><D101/><U13/><E75/><V0/><F79/><W81/><G81/><T87/><D87/><U82/><E82/><V59/><F65/><W50/><G17/><T44/><AGARI ba="0,1" hai="44,46,47,49,54,58,63,66,68,94,98,102,132,133" machi="44" ten="30,2000,0" yaku="1,1,0,1,53,0" doraHai="124" doraHaiUra="74" who="0" fromWho="0" sc="327,30,243,-10,210,-5,210,-5" /><INIT seed="2,0,0,4,1,7" ten="357,233,205,205" oya="2" hai0="89,130,21,128,13,109,65,113,42,135,94,115,121" hai1="37,61,0,48,86,18,12,46,26,35,131,16,108" hai2="111,73,84,64,104,91,127,82,17,33,27,15,36" hai3="9,45,55,57,78,41,38,60,34,71,99,83,79"/><V129/><F104/><W68/><G34/><T54/><D121/><U117/><E117/><V62/><F36/><W124/><G124/><T110/><D65/><U95/><E108/><N who="0" m="41577" /><D42/><U23/><E131/><N who="0" m="50217" /><D54/><U81/><E37/><V72/><F127/><W49/><G99/><N who="0" m="57807" /><D135/><U11/><E95/><V102/><F102/><W77/><G83/><T90/><D90/><U30/><E61/><V6/><F129/><W24/><G24/><T1/><D1/><U2/><E81/><V92/><F82/><W44/><REACH who="3" step="1"/><G9/><REACH who="3" ten="357,233,205,195" step="2"/><T118/><D118/><U25/><REACH who="1" step="1"/><E86/><REACH who="1" ten="357,223,205,195" step="2"/><V3/><F111/><W85/><G85/><T47/><D113/><U14/><E14/><V103/><F84/><W101/><G101/><T126/><D115/><U70/><E70/><N who="2" m="42263" /><F103/><W59/><G59/><T66/><D13/><U39/><E39/><V119/><F119/><W100/><G100/><T29/><D126/><U52/><AGARI ba="0,2" hai="0,2,11,12,16,18,23,25,26,30,35,46,48,52" machi="52" ten="20,12000,2" yaku="1,1,0,1,7,1,52,1,54,2,53,0" doraHai="7" doraHaiUra="122" who="1" fromWho="1" sc="357,-30,223,140,205,-60,195,-30" /><INIT seed="3,0,0,5,0,120" ten="327,363,145,165" oya="3" hai0="63,79,92,26,108,4,123,60,24,32,9,86,55" hai1="53,6,29,36,37,117,50,96,69,106,128,14,135" hai2="56,41,75,40,77,93,90,11,1,105,33,47,130" hai3="133,101,46,73,17,129,62,13,68,72,42,16,44"/><W115/><G115/><T3/><D123/><U35/><E69/><V58/><F105/><W119/><G119/><T126/><D126/><U31/><E135/><V38/><F33/><W134/><G101/><T23/><D32/><U65/><E65/><V34/><F34/><W54/><G129/><T110/><D55/><U8/><E117/><V27/><F41/><W49/><G17/><N who="0" m="12399" /><D26/><U57/><E128/><V83/><F27/><W113/><G113/><T2/><D2/><U99/><E35/><V15/><F130/><W97/><G97/><N who="1" m="37450" /><E36/><V76/><F76/><W94/><G94/><T21/><D21/><U10/><E37/><V7/><F15/><W100/><G100/><T0/><D0/><U5/><E106/><V39/><F39/><N who="3" m="21599" /><G62/><T116/><D116/><U61/><E61/><V103/><F103/><W84/><G84/><AGARI ba="0,0" hai="1,7,11,38,40,47,56,58,75,77,83,84,90,93" machi="84" ten="30,3900,0" yaku="7,1,25,2" doraHai="120" who="2" fromWho="3" sc="327,0,363,0,145,39,165,-39" owari="327,12.7,363,46.3,184,-21.6,126,-37.4" /></mjloggm>