<mjloggm ver="2.3"><GO type="225" lobby="0"/><UN n0="%E3%83%B4%E3%83%A0%EF%BC%99%E3%81%A6" n1="%79%75%72%69%6D%6F%67" n2="%E3%81%BF%E3%81%BF%E3%81%9A" n3="%E7%99%BD%E5%80%89%E5%AF%9B%E4%B9%8B" dan="16,16,18,16" rate="2180.37,2190.11,2252.76,2115.45" sx="M,F,M,M"/><TAIKYOKU oya="0"/><INIT seed="0,0,0,5,4,38" ten="250,250,250,250" oya="0" hai0="51,125,75,10,65,33,3,44,87,55,2,89,73" hai1="80,135,62,58,45,41,131,8,74,109,97,16,49" hai2="23,61,106,18,67,93,110,70,27,17,60,103,34" hai3="116,9,111,81,123,85,48,11,68,40,28,134,91"/><T29/><D125/><U90/><E109/><V50/><F110/><W115/><G111/><T84/><D65/><U88/><E131/><V122/><F122/><W20/><G123/><T71/><D71/><U42/><E135/><V124/><F124/><W35/><G116/><T78/><D78/><U56/><E74/><V15/><F60/><W130/><G115/><T32/><D84/><N who="1" m="50183" /><E62/><V43/><F93/><W22/><G68/><T112/><D112/><U21/><E8/><V121/><F121/><W113/><G113/><T12/><D73/><U107/><E42/><V126/><F126/><W63/><G63/><T52/><D75/><U77/><E77/><V19/><F50/><W114/><G114/><T96/><D55/><U119/><E107/><V1/><F1/><W132/><G130/><T76/><D76/><U79/><E79/><V98/><REACH who="2" step="1"/><F43/><REACH who="2" ten="250,250,240,250" step="2"/><W69/><G40/><T108/><D108/><U120/><E120/><V39/><F39/><W0/><G48/><T86/><D2/><U53/><E119/><V101/><F101/><W25/><G69/><T100/><D3/><U6/><E53/><V72/><F72/><W5/><REACH who="3" step="1"/><G11/><REACH who="3" ten="250,250,240,240" step="2"/><T24/><D10/><U133/><E133/><AGARI ba="0,2" hai="0,5,9,20,22,25,28,35,81,85,91,132,133,134" machi="133" ten="40,8000,1" yaku="1,1,2,1,20,1,53,1" doraHai="38" doraHaiUra="26" who="3" fromWho="1" sc="250,0,250,-80,240,0,240,100" /><INIT seed="1,0,0,0,2,2" ten="250,170,240,340" oya="1" hai0="87,33,71,37,74,18,48,4,54,135,115,102,132" hai1="104,116,27,21,64,36,42,60,3,13,99,109,29" hai2="128,119,17,81,31,53,97,50,12,69,107,122,19" hai3="131,120,92,38,63,23,82,51,124,25,84,52,40"/><U129/><E116/><V134/><F119/><W75/><G120/><T68/><D74/><U11/><E129/><V90/><F122/><W76/><G131/><T22/><D33/><U133/><E133/><V1/><F128/><W66/><G124/><T5/><D115/><U114/><E3/><V15/><F69/><N who="0" m="26698" /><D87/><U49/><E114/><V96/><F1/><W62/><G38/><T59/><D102/><U65/><E36/><V123/><F31/><W44/><G66/><T95/><D95/><U61/><E65/><V46/><F123/><W58/><G92/><T86/><D86/><U6/><E64/><V77/><F134/><N who="0" m="51242" /><D37/><U72/><E72/><V127/><F127/><W117/><G117/><T7/><D7/><U94/><E104/><V89/><F77/><W101/><G101/><T34/><D34/><U118/><E118/><V126/><F126/><W111/><G111/><T130/><D130/><U10/><E10/><N who="2" m="6295" /><F107/><W28/><G75/><T32/><D32/><U103/><REACH who="1" step="1"/><E109/><REACH who="1" ten="250,160,240,340" step="2"/><V14/><F14/><AGARI ba="0,1" hai="4,5,14,18,22,48,54,59" m="51242,26698" machi="14" ten="30,3900,0" yaku="20,1,52,2" doraHai="2" who="0" fromWho="2" sc="250,49,160,0,240,-39,340,0" /><INIT seed="2,0,0,0,3,93" ten="299,160,201,340" oya="2" hai0="95,16,113,4,36,24,96,116,0,129,60,128,22" hai1="81,120,50,32,123,90,40,49,72,83,87,55,17" hai2="102,51,61,133,47,107,8,59,37,75,134,29,25" hai3="42,74,125,118,62,121,92,19,34,12,77,94,64"/><V99/><F75/><W15/><G34/><T79/><D113/><U67/><E32/><V115/><F115/><W38/><G121/><T27/><D36/><U68/><E68/><V56/><F37/><W43/><G118/><T119/><D79/><U33/><E33/><N who="2" m="20655" /><F61/><W117/><G117/><N who="0" m="45131" /><D27/><U126/><E126/><V78/><F8/><W112/><G112/><T105/><D105/><U89/><E67/><V58/><F78/><W135/><G15/><T80/><D80/><U35/><E35/><V10/><F10/><W48/><G38/><T82/><D82/><U127/><E127/><V98/><F102/><W1/><G77/><T31/><D31/><U20/><E40/><N who="2" m="25063" /><F107/><W39/><G39/><T45/><D45/><U104/><E104/><V13/><F13/><W23/><G74/><T84/><D84/><U57/><E50/><V88/><F88/><W85/><G85/><T7/><D60/><U28/><E28/><V71/><F71/><W101/><G101/><N who="0" m="60575" /><D0/><U5/><E72/><V124/><F124/><W14/><G1/><T9/><D9/><U41/><E81/><V130/><F130/><AGARI ba="0,0" hai="4,7,16,22,24,128,129,130" m="60575,45131" machi="130" ten="30,7700,0" yaku="19,1,12,1,52,1,54,1" doraHai="93" who="0" fromWho="2" sc="299,77,160,0,201,-77,340,0" /><INIT seed="3,0,0,1,3,92" ten="376,160,124,340" oya="3" hai0="66,67,117,45,90,7,2,115,18,91,76,112,110" hai1="25,116,55,103,61,125,4,130,87,17,93,133,83" hai2="100,54,127,38,40,31,35,104,3,52,120,8,28" hai3="44,60,58,114,74,124,106,135,122,57,119,6,29"/><W111/><G74/><T14/><D117/><U126/><E116/><V129/><F38/><W107/><G119/><T10/><D76/><U26/><E4/><V96/><F40/><W134/><G114/><N who="0" m="43563" /><D45/><U72/><E133/><N who="3" m="50698" /><G122/><T16/><D110/><U65/><E130/><V68/><F129/><W43/><G111/><T94/><D18/><U42/><E55/><V97/><F120/><W108/><G108/><T48/><D48/><U51/><E51/><V69/><F127/><N who="1" m="48649" /><E17/><V64/><F97/><W49/><G124/><T53/><D53/><U88/><E42/><V81/><F81/><W128/><G128/><T37/><D37/><U85/><E72/><V56/><F31/><W11/><G29/><T50/><D90/><N who="1" m="51519" /><E103/><V9/><F54/><N who="3" m="33847" /><G58/><AGARI ba="0,0" hai="25,26,58,61,65,87,88,93" m="51519,48649" machi="58" ten="30,2000,0" yaku="18,1,54,1" doraHai="92" who="1" fromWho="3" sc="376,0,160,20,124,0,340,-20" owari="376,47.6,180,-22.0,124,-37.6,320,12.0" /></mjloggm>