<mjloggm ver="2.3"><GO type="225" lobby="0"/><UN n0="%43%68%65" n1="%E3%81%BF%E3%81%BF%E3%81%9A" n2="%E3%83%A9%E3%82%B9%E7%8E%87%EF%BC%93%E5%89%B2" n3="%4C%4F%4C%49%54%41" dan="16,18,16,16" rate="2177.54,2202.77,2221.80,2169.38" sx="M,M,F,F"/><TAIKYOKU oya="0"/><INIT seed="0,0,0,1,0,47" ten="250,250,250,250" oya="0" hai0="71,82,36,22,54,66,86,57,48,111,35,20,115" hai1="6,119,85,41,99,60,112,96,31,83,116,108,24" hai2="109,78,49,56,132,59,3,38,37,103,114,89,43" hai3="130,134,90,79,117,64,23,44,133,126,122,34,21"/><T52/><D115/><U94/><E99/><V110/><F3/><W63/><G117/><T16/><D35/><U135/><E112/><V53/><F78/><W121/><G34/><T97/><D36/><N who="2" m="13930" /><F89/><W13/><G79/><T84/><D111/><N who="2" m="42506" /><F103/><W123/><G130/><T39/><D39/><U107/><E108/><V91/><F91/><W5/><G44/><N who="0" m="27655" /><D71/><U14/><E107/><V55/><F114/><W87/><G126/><T75/><D75/><U51/><E135/><N who="3" m="51722" /><G5/><T77/><D66/><U72/><E72/><V106/><F106/><W67/><G13/><N who="0" m="9231" /><D86/><U74/><E85/><V2/><F2/><W11/><G67/><T19/><D97/><U92/><E96/><V80/><F80/><N who="3" m="49511" /><G11/><T29/><D29/><U98/><E31/><V102/><F132/><W65/><G64/><T15/><D54/><N who="2" m="20490" /><F102/><W30/><G30/><T7/><D57/><AGARI ba="0,0" hai="21,23,57,63,65,121,122,123" m="49511,51722" machi="57" ten="40,2600,0" yaku="13,1,20,1" doraHai="47" who="3" fromWho="0" sc="250,-26,250,0,250,0,250,26" /><INIT seed="1,0,0,3,0,110" ten="224,250,250,276" oya="1" hai0="87,81,59,124,41,23,92,56,17,129,80,21,8" hai1="97,63,51,66,130,134,38,108,98,7,9,10,100" hai2="122,19,93,25,68,69,90,31,133,28,2,121,115" hai3="132,83,123,67,29,3,0,101,26,12,52,75,96"/><U84/><E108/><V45/><F45/><W44/><G123/><T114/><D114/><U27/><E38/><V116/><F19/><W34/><G132/><T109/><D109/><U64/><E130/><V16/><F16/><W49/><G67/><T73/><D129/><U40/><E134/><V48/><F48/><W105/><REACH who="3" step="1"/><G12/><REACH who="3" ten="224,250,250,266" step="2"/><T15/><D15/><U128/><E66/><V24/><F133/><W37/><G37/><T35/><D124/><U120/><E64/><V119/><F2/><W112/><G112/><T39/><D39/><U43/><E120/><V13/><F13/><W50/><G50/><T22/><D35/><U107/><E51/><V65/><F65/><W82/><G82/><T4/><D81/><U18/><E128/><V72/><F115/><W30/><G30/><T85/><D80/><U113/><E63/><V104/><F28/><W20/><G20/><T117/><D23/><U88/><E113/><V89/><F31/><W94/><G94/><T61/><D22/><N who="1" m="13783" /><E10/><V74/><F93/><W86/><G86/><T70/><D87/><U95/><E84/><V118/><F119/><W99/><G99/><T106/><D117/><U32/><E32/><V79/><F104/><W5/><G5/><T135/><D106/><U103/><E7/><V36/><F36/><W54/><G54/><N who="0" m="33943" /><D135/><U126/><E9/><V62/><F62/><W53/><G53/><T11/><D11/><U55/><E55/><V78/><AGARI ba="0,1" hai="24,25,68,69,72,74,78,79,89,90,116,118,121,122" machi="78" ten="25,3200,0" yaku="0,1,22,2" doraHai="110" who="2" fromWho="2" sc="224,-8,250,-16,250,42,266,-8" /><INIT seed="2,0,0,1,3,36" ten="216,234,292,258" oya="2" hai0="22,81,129,74,73,23,63,82,78,43,135,59,40" hai1="122,18,106,116,66,134,98,45,17,20,7,127,60" hai2="64,117,99,110,123,34,38,8,89,54,31,97,69" hai3="90,84,85,28,102,132,111,128,42,92,58,44,56"/><V72/><F38/><W76/><G111/><T83/><D129/><U48/><E116/><V114/><F72/><W39/><G128/><T29/><D135/><U100/><E122/><V33/><F31/><W121/><G121/><T133/><D133/><U49/><E134/><V107/><F8/><W61/><G132/><T47/><D29/><U11/><E127/><V25/><F25/><W6/><G6/><T65/><D83/><U105/><E105/><V96/><F54/><W109/><G109/><T119/><D119/><U55/><E48/><V19/><F19/><W75/><G75/><T15/><D15/><U30/><E20/><V70/><F64/><W71/><G102/><T5/><D5/><U2/><REACH who="1" step="1"/><E30/><REACH who="1" ten="216,224,292,258" step="2"/><V14/><F107/><W1/><G28/><T120/><D120/><U9/><E9/><V91/><F123/><W101/><G39/><T79/><D47/><U94/><E94/><V32/><F117/><W77/><G92/><T131/><D131/><U124/><E124/><V21/><F110/><W103/><G44/><T118/><D118/><U68/><AGARI ba="0,1" hai="2,7,11,17,18,45,49,55,60,66,68,98,100,106" machi="68" ten="20,2700,0" yaku="1,1,0,1,7,1,53,0" doraHai="36" doraHaiUra="112" who="1" fromWho="1" sc="216,-7,224,37,292,-13,258,-7" /><INIT seed="3,0,0,0,4,100" ten="209,261,279,251" oya="3" hai0="25,126,7,85,97,52,96,127,41,101,92,84,63" hai1="8,23,36,4,77,75,93,59,76,56,95,98,129" hai2="110,38,87,51,130,24,118,79,135,90,133,94,20" hai3="116,123,111,35,67,57,30,134,113,80,89,86,78"/><W47/><G113/><T128/><D128/><U124/><E36/><V6/><F38/><W14/><G116/><T11/><D41/><U122/><E122/><V121/><F6/><W21/><G123/><T115/><D25/><U120/><E120/><V39/><F39/><W82/><G35/><T31/><D31/><U81/><E129/><V19/><F121/><W60/><G134/><N who="2" m="51209" /><F110/><W32/><G32/><T74/><D74/><U109/><E109/><V46/><F79/><W0/><G0/><T112/><D97/><U54/><E124/><N who="0" m="47657" /><D85/><U2/><E76/><V26/><F26/><W50/><G111/><T15/><D84/><U44/><E23/><V28/><F130/><W55/><G30/><T13/><D13/><U40/><E95/><V43/><F28/><W88/><REACH who="3" step="1"/><G82/><REACH who="3" ten="209,261,279,241" step="2"/><T22/><D22/><U103/><E54/><V45/><F118/><W104/><G104/><T53/><D53/><U64/><E64/><V27/><F94/><W106/><G106/><T68/><D52/><U61/><E61/><V16/><F43/><W29/><G29/><T37/><D37/><U48/><AGARI ba="0,1" hai="2,4,8,40,44,48,56,59,75,77,81,93,98,103" machi="48" ten="20,1500,0" yaku="0,1,7,1" doraHai="100" who="1" fromWho="1" sc="209,-4,261,25,279,-4,241,-7" /><INIT seed="4,0,0,1,1,29" ten="205,286,275,234" oya="0" hai0="1,3,55,25,80,128,56,22,92,101,125,68,49" hai1="33,119,99,26,83,67,66,39,96,116,112,90,57" hai2="73,74,17,114,7,120,36,103,122,106,10,63,121" hai3="105,97,53,108,65,72,98,16,18,87,60,50,85"/><T52/><D125/><U8/><E39/><V27/><F63/><W20/><G72/><T129/><D68/><U51/><E8/><V126/><F36/><W24/><G108/><T94/><D80/><U37/><E37/><V110/><F110/><W21/><G97/><T84/><D55/><U86/><E112/><V43/><F43/><W81/><G98/><N who="0" m="59591" /><D94/><U42/><E66/><V117/><F103/><W100/><G100/><T23/><D84/><U102/><E99/><V46/><F46/><W93/><G105/><T41/><D41/><U88/><E90/><V131/><F106/><W13/><G93/><T69/><D69/><U132/><E132/><V40/><F40/><W111/><G111/><T130/><D23/><U11/><E42/><V9/><F126/><W134/><G134/><T89/><D89/><U79/><E79/><V32/><F74/><W70/><REACH who="3" step="1"/><G81/><REACH who="3" ten="205,286,275,224" step="2"/><T28/><AGARI ba="0,1" hai="1,3,22,25,28,49,52,56,128,129,130" m="59591" machi="28" ten="30,3000,0" yaku="19,1,54,1" doraHai="29" who="0" fromWho="0" sc="205,40,286,-10,275,-10,224,-10" /><INIT seed="4,1,0,5,4,78" ten="245,276,265,214" oya="0" hai0="128,86,42,97,5,91,92,106,71,58,121,36,124" hai1="115,20,49,73,30,93,85,47,0,43,31,69,103" hai2="6,116,21,15,8,11,28,19,1,3,70,119,35" hai3="101,107,56,37,59,105,111,79,96,55,54,75,61"/><T76/><D121/><U129/><E73/><V17/><F70/><W24/><G111/><T126/><D71/><U134/><E69/><V65/><F65/><W51/><G37/><T80/><D128/><U83/><E0/><N who="2" m="71" /><F28/><W22/><G79/><T32/><D32/><U52/><E134/><V123/><F35/><W40/><G75/><N who="0" m="43039" /><D5/><U87/><E115/><V125/><F125/><N who="0" m="48234" /><D58/><U77/><E129/><V135/><F135/><W131/><G40/><T10/><D10/><U13/><E43/><V130/><F130/><W25/><G131/><T29/><D29/><U50/><E50/><V38/><F38/><W53/><G53/><T110/><D42/><U41/><E41/><V16/><F123/><W66/><G55/><T104/><D36/><U108/><E108/><V118/><F21/><W74/><G74/><T114/><D110/><U132/><E132/><V12/><F12/><W46/><G56/><T34/><D34/><U39/><E39/><V89/><F89/><W84/><G84/><T102/><D114/><U64/><E64/><V94/><F94/><AGARI ba="1,0" hai="86,91,92,94,97,102,104,106" m="48234,43039" machi="94" ten="30,11600,0" yaku="18,1,34,2,52,1" doraHai="78" who="0" fromWho="2" sc="245,119,276,0,265,-119,214,0" owari="364,46.4,276,7.6,146,-35.4,214,-18.6" /></mjloggm>