<mjloggm ver="2.3"><GO type="225" lobby="0"/><UN n0="%E9%80%86%E9%80%A3%E5%B8%AF%E3%81%AE%E9%AC%BC" n1="%E3%83%96%E3%83%83%E3%83%91%E3%82%AA%E3%83%96%E3%83%81%E3%82%AD%E3%83%B3" n2="%E8%B5%A4%E3%81%84%E8%9B%99%31%31" n3="%70%6F%69%73%6F%6E%30%32" dan="16,16,16,16" rate="2002.84,2178.10,2063.92,2116.88" sx="M,M,M,M"/><TAIKYOKU oya="0"/><INIT seed="0,0,0,0,5,98" ten="250,250,250,250" oya="0" hai0="60,21,87,102,19,45,44,66,76,49,113,12,103" hai1="134,78,114,52,33,17,77,3,72,101,92,24,79" hai2="34,73,93,75,133,53,82,39,64,85,26,90,13" hai3="42,89,74,91,112,58,2,130,27,118,51,7,67"/><T25/><D113/><U104/><E3/><V47/><F133/><W124/><G118/><T65/><D45/><U8/><E134/><V30/><F64/><W107/><G74/><T35/><D35/><U61/><E114/><V23/><F93/><W10/><G112/><T11/><D76/><U69/><E104/><V117/><F117/><W115/><G130/><T4/><D87/><U36/><E36/><V110/><F110/><W62/><G124/><T84/><D84/><U127/><E127/><V6/><F34/><W120/><G107/><T108/><D108/><U29/><E72/><V97/><F97/><W18/><G115/><T126/><D126/><U54/><E92/><V88/><F90/><W111/><G120/><T95/><D95/><U31/><E101/><N who="0" m="38409" /><D60/><U56/><E69/><V94/><F94/><W71/><G111/><T109/><D109/><U70/><E70/><V131/><F131/><W22/><G42/><AGARI ba="0,0" hai="4,11,12,19,21,25,42,44,49,65,66" m="38409" machi="42" ten="30,11600,0" yaku="8,1,52,3" doraHai="98" who="0" fromWho="3" sc="250,116,250,0,250,0,250,-116" /><INIT seed="0,1,0,4,2,29" ten="366,250,250,134" oya="0" hai0="123,44,38,69,114,110,132,54,78,52,99,8,104" hai1="1,46,134,58,118,94,119,56,122,20,72,31,63" hai2="133,37,5,101,107,126,53,10,73,62,121,84,113" hai3="50,33,32,111,7,45,4,2,6,16,86,115,95"/><T125/><D123/><U39/><E122/><V67/><F73/><W57/><G2/><T100/><D114/><U12/><E72/><V97/><F37/><W89/><G111/><T117/><D117/><U59/><E1/><V23/><F121/><W22/><G115/><T26/><D110/><U102/><E134/><V98/><F126/><W49/><G57/><N who="1" m="22122" /><E12/><V87/><F53/><W19/><G50/><T51/><D132/><U88/><E46/><V9/><F133/><W21/><G21/><T25/><D69/><U93/><E39/><V81/><F23/><W15/><REACH who="3" step="1"/><G19/><REACH who="3" ten="366,250,250,124" step="2"/><T71/><D51/><U0/><E0/><V61/><F113/><W60/><G60/><T74/><D38/><U108/><E108/><V77/><F62/><W129/><G129/><T83/><D44/><U40/><E119/><V48/><F61/><W106/><G106/><T85/><D104/><U90/><E118/><V120/><F48/><W80/><G80/><T112/><D83/><U91/><E59/><V43/><F107/><W28/><G28/><T103/><D112/><U66/><E63/><V47/><F81/><W55/><AGARI ba="1,1" hai="4,6,7,15,16,22,32,33,45,49,55,86,89,95" machi="55" ten="30,8000,1" yaku="1,1,0,1,52,2,54,1,53,0" doraHai="29" doraHaiUra="76" who="3" fromWho="3" sc="366,-41,250,-21,250,-21,124,93" /><INIT seed="1,0,0,5,5,4" ten="325,229,229,217" oya="1" hai0="131,9,31,72,99,118,17,36,130,116,62,54,60" hai1="67,11,15,52,68,127,22,53,128,50,40,88,58" hai2="56,106,34,114,37,42,12,100,93,76,18,33,77" hai3="87,44,19,49,126,120,135,95,112,89,8,20,107"/><U25/><E128/><V91/><F114/><W78/><G120/><T5/><D72/><U16/><E127/><V90/><F106/><W21/><G107/><T48/><D36/><U124/><E124/><V35/><F100/><W65/><G112/><T39/><D39/><U86/><E40/><V71/><F71/><W45/><G135/><T108/><D108/><U94/><E68/><V98/><F56/><W103/><G65/><T14/><D31/><N who="1" m="17847" /><E50/><V10/><REACH who="2" step="1"/><F91/><REACH who="2" ten="325,229,219,217" step="2"/><W30/><G126/><T92/><D131/><U38/><E38/><V0/><F0/><W121/><G103/><T134/><D130/><U111/><E111/><V29/><F29/><W70/><G70/><T3/><D3/><U79/><E79/><V117/><F117/><W133/><G30/><T85/><D118/><U23/><E11/><V83/><F83/><N who="3" m="47607" /><G133/><T47/><D116/><U110/><E110/><V7/><F7/><W51/><G121/><T69/><D69/><U96/><E96/><V122/><F122/><W46/><G8/><T28/><D28/><U55/><E58/><V66/><F66/><AGARI ba="0,1" hai="15,16,23,52,53,55,66,67,86,88,94" m="17847" machi="66" ten="30,11600,0" yaku="8,1,54,3" doraHai="4" who="1" fromWho="2" sc="325,0,229,126,219,-116,217,0" /><INIT seed="1,1,0,5,0,114" ten="325,355,103,217" oya="1" hai0="51,18,112,23,77,53,116,39,37,125,134,82,6" hai1="111,70,74,94,11,54,25,96,56,91,60,131,102" hai2="68,29,79,85,105,86,27,89,24,83,122,26,61" hai3="3,124,95,41,123,16,59,78,5,43,103,1,45"/><U50/><E131/><V135/><F135/><W12/><G123/><T84/><D112/><U19/><E74/><V118/><F118/><W34/><G34/><T15/><D134/><U115/><E115/><V87/><F122/><W21/><G124/><T71/><D125/><U48/><E111/><V109/><F109/><W40/><G78/><T128/><D128/><U98/><E70/><V119/><F119/><W99/><G5/><T129/><D116/><U90/><E11/><V13/><F105/><W7/><G7/><T106/><D106/><U88/><REACH who="1" step="1"/><E98/><REACH who="1" ten="325,345,103,217" step="2"/><V133/><F133/><W55/><REACH who="3" step="1"/><G45/><REACH who="3" ten="325,345,103,207" step="2"/><T127/><D129/><U30/><E30/><V44/><F44/><W20/><G20/><AGARI ba="1,2" hai="19,20,25,48,50,54,56,60,88,90,91,94,96,102" machi="20" ten="40,7700,0" yaku="1,1,8,1,54,1,53,0" doraHai="114" doraHaiUra="117" who="1" fromWho="3" sc="325,0,345,100,103,0,207,-80" /><INIT seed="1,2,0,3,4,22" ten="325,445,103,127" oya="1" hai0="103,29,54,82,49,56,23,35,88,87,26,130,114" hai1="34,92,133,122,50,102,112,67,8,131,79,59,39" hai2="46,19,38,71,95,135,45,72,14,128,124,6,21" hai3="53,117,57,83,91,70,9,119,84,100,13,10,4"/><U27/><E112/><V60/><F124/><W32/><G70/><T62/><D130/><U89/><E122/><V64/><F128/><W40/><G32/><T65/><D114/><U107/><E39/><V96/><F72/><W43/><G100/><T118/><D118/><N who="3" m="45065" /><G10/><T101/><REACH who="0" step="1"/><D35/><REACH who="0" ten="315,445,103,127" step="2"/><U86/><E131/><V77/><F135/><W73/><G73/><T51/><D51/><AGARI ba="2,1" hai="4,9,13,40,43,51,53,57,83,84,91" m="45065" machi="51" ten="30,1000,0" yaku="12,1" doraHai="22" who="3" fromWho="0" sc="315,-16,445,0,103,0,127,26" /><INIT seed="2,0,0,2,3,129" ten="299,445,103,153" oya="2" hai0="90,75,74,88,0,116,113,126,14,128,67,3,94" hai1="118,119,96,43,26,66,78,60,4,111,35,2,122" hai2="115,95,71,42,39,49,63,5,89,102,37,83,121" hai3="84,17,68,45,86,53,62,108,99,64,134,15,18"/><V104/><F115/><W81/><G108/><T98/><D113/><U10/><E111/><V9/><F121/><W125/><G134/><T69/><D128/><U38/><E122/><V7/><F104/><W23/><G125/><T72/><D126/><U127/><E127/><V41/><F102/><W131/><G131/><T27/><D116/><U11/><E96/><V91/><F83/><W76/><G99/><T80/><D14/><U93/><E93/><V44/><F71/><W109/><G109/><T59/><D69/><N who="1" m="42183" /><E11/><V92/><F63/><W58/><G45/><T105/><D105/><U133/><E133/><V65/><F65/><W123/><G123/><T110/><D110/><U107/><E78/><V28/><F28/><W112/><G18/><T79/><D27/><U56/><E56/><V82/><F82/><W13/><G112/><T31/><D31/><N who="1" m="19959" /><E107/><V52/><F39/><W21/><G86/><T1/><D90/><N who="2" m="34314" /><F37/><W48/><G15/><T40/><D40/><N who="2" m="15466" /><F9/><AGARI ba="0,0" hai="9,13,17,21,23,48,53,58,62,64,68,76,81,84" machi="9" ten="30,1000,0" yaku="7,1" doraHai="129" who="3" fromWho="2" sc="299,0,445,0,103,-10,153,10" /><INIT seed="3,0,0,0,5,102" ten="299,445,93,163" oya="3" hai0="79,10,58,47,50,29,97,33,18,45,0,31,98" hai1="60,118,73,89,5,82,66,16,64,93,42,132,94" hai2="49,87,106,112,36,103,67,26,122,117,90,37,121" hai3="12,35,21,110,128,88,86,91,70,1,83,75,76"/><W78/><G35/><T20/><D79/><U2/><E73/><V96/><F67/><N who="1" m="25641" /><E2/><V3/><F3/><W125/><G70/><T134/><D134/><U17/><E132/><V131/><F112/><W135/><G1/><T126/><D126/><U68/><E68/><V27/><F117/><W127/><G135/><T38/><D38/><U39/><E39/><V111/><F111/><W57/><G110/><T84/><D58/><U71/><E71/><V115/><F115/><W14/><G128/><T123/><D98/><U19/><E118/><V72/><F131/><W30/><G78/><T129/><D97/><U23/><E42/><V15/><F72/><W32/><G32/><T61/><D123/><U69/><E69/><V52/><F15/><W6/><G57/><T85/><D61/><U22/><E5/><V9/><F9/><N who="3" m="4151" /><G75/><T104/><D104/><U81/><E60/><V24/><F37/><W101/><G101/><T74/><D74/><U54/><E54/><V55/><F36/><W28/><G28/><T124/><D129/><U100/><E100/><V130/><F130/><W51/><G51/><T133/><D133/><U116/><E116/><V113/><F113/><W40/><G40/><T120/><D120/><N who="2" m="46186" /><F49/><W34/><G14/><N who="0" m="9303" /><D124/><N who="3" m="47689" /><G34/><T11/><D31/><U7/><E89/><V80/><F80/><N who="1" m="30825" /><E23/><V41/><F41/><W119/><G119/><T99/><D0/><U8/><E22/><V62/><F62/><W65/><G21/><T95/><D33/><U107/><E8/><N who="0" m="3113" /><D29/><U4/><E107/><V43/><F43/><W56/><G30/><T109/><D109/><RYUUKYOKU ba="0,0" sc="299,-30,445,10,93,10,163,10" hai1="4,7,16,17,19,93,94" hai2="24,26,27,52,55,87,90,96,103,106" hai3="56,65,76,83,86,88,91" /><INIT seed="3,1,0,0,1,81" ten="269,455,103,173" oya="3" hai0="107,28,66,27,2,38,73,63,40,101,110,67,78" hai1="60,75,92,14,115,79,95,36,109,74,65,94,22" hai2="125,126,30,31,93,77,54,131,72,55,1,24,7" hai3="37,111,122,39,41,49,69,9,16,34,103,119,87"/><W46/><G119/><T51/><D110/><U83/><E115/><V62/><F131/><W104/><G122/><T91/><D2/><U71/><E109/><V13/><F1/><W108/><G69/><T59/><D38/><U86/><REACH who="1" step="1"/><E36/><REACH who="1" ten="269,445,103,173" step="2"/><V129/><F129/><W47/><G111/><T50/><D107/><U33/><E33/><V82/><F93/><W90/><G108/><T53/><D40/><U11/><E11/><V134/><F134/><W45/><G34/><T130/><D130/><U19/><AGARI ba="1,1" hai="14,19,22,60,65,71,74,75,79,83,86,92,94,95" machi="19" ten="30,4000,0" yaku="1,1,0,1,52,1,53,0" doraHai="81" doraHaiUra="114" who="1" fromWho="1" sc="269,-11,445,53,103,-11,173,-21" owari="258,5.8,498,59.8,92,-40.8,152,-24.8" /></mjloggm>