<mjloggm ver="2.3"><GO type="225" lobby="0"/><UN n0="%E3%83%96%E3%83%83%E3%83%91%E3%82%AA%E3%83%96%E3%83%81%E3%82%AD%E3%83%B3" n1="%E5%B8%86%E7%AB%8B%E5%A4%8F%E8%A1%A3" n2="%E3%83%81%E3%83%A7%E3%83%99%E3%83%83%E3%82%AF" n3="%E6%A1%9C%E8%8A%B1%E9%96%83%E3%80%85" dan="16,17,16,17" rate="2139.98,2239.15,2117.82,2181.08" sx="M,M,M,M"/><TAIKYOKU oya="0"/><INIT seed="0,0,0,1,3,50" ten="250,250,250,250" oya="0" hai0="70,77,24,46,34,1,45,13,81,6,32,65,73" hai1="51,72,68,95,37,10,27,28,38,118,60,63,74" hai2="131,89,56,16,67,39,30,40,62,82,83,43,47" hai3="12,109,91,55,93,22,66,71,53,108,125,98,76"/><T75/><D75/><U104/><E104/><V87/><F131/><W127/><G76/><T7/><D1/><U21/><E118/><V33/><F33/><W36/><G36/><T18/><D70/><U31/><E38/><V134/><F30/><W41/><G41/><T19/><D65/><U78/><E37/><V44/><F134/><W57/><G71/><T130/><D130/><U86/><E31/><V110/><F110/><N who="3" m="42603" /><G66/><T116/><D116/><U122/><E122/><V133/><F133/><W115/><G115/><T3/><D3/><U113/><E113/><V106/><F106/><W23/><G57/><T15/><D77/><U92/><E72/><V84/><F16/><N who="3" m="10503" /><G23/><T100/><D73/><U11/><E74/><V4/><F4/><W132/><G132/><T96/><D81/><N who="1" m="47415" /><E68/><V97/><F39/><W2/><G2/><T107/><D107/><U114/><E114/><V101/><F40/><W119/><G119/><T126/><D24/><U26/><E26/><V88/><REACH who="2" step="1"/><F43/><REACH who="2" ten="250,250,240,250" step="2"/><W80/><G80/><T35/><D35/><U121/><E121/><V54/><F54/><AGARI ba="0,1" hai="53,54,55,91,93,98,125,127" m="10503,42603" machi="54" ten="30,8000,1" yaku="14,1,52,3,54,1" doraHai="50" who="3" fromWho="2" sc="250,0,250,0,240,-80,250,90" /><INIT seed="1,0,0,5,0,13" ten="250,250,160,340" oya="1" hai0="54,58,4,6,71,95,130,111,63,44,39,122,110" hai1="82,124,83,113,116,20,72,47,30,57,65,56,41" hai2="24,121,68,51,86,15,69,106,5,61,11,8,81" hai3="50,31,21,29,34,14,60,99,85,112,33,129,3"/><U132/><E113/><V101/><F121/><W23/><G112/><T37/><D122/><U17/><E116/><V46/><F106/><W10/><G99/><T19/><D71/><U91/><E124/><V84/><F101/><W62/><G50/><T74/><D74/><U114/><E114/><V78/><F69/><W67/><G85/><T90/><D130/><U127/><E127/><V109/><F68/><W77/><G77/><T135/><D135/><U125/><E125/><V49/><F61/><W73/><G67/><T100/><D100/><U59/><E132/><V7/><F109/><N who="0" m="41482" /><D19/><U131/><E30/><V27/><F84/><W32/><G73/><T2/><D2/><U66/><E131/><V128/><F51/><W75/><G75/><T88/><D90/><U117/><E117/><V0/><REACH who="2" step="1"/><F128/><REACH who="2" ten="250,250,150,340" step="2"/><W102/><G102/><T118/><D118/><U120/><E120/><V12/><F12/><W76/><G62/><T53/><D39/><U35/><E72/><V40/><AGARI ba="0,1" hai="0,5,7,8,11,15,24,27,40,46,49,78,81,86" machi="40" ten="20,8000,1" yaku="1,1,0,1,7,1,25,2,53,0" doraHai="13" doraHaiUra="119" who="2" fromWho="2" sc="250,-20,250,-40,150,90,340,-20" /><INIT seed="2,0,0,0,0,36" ten="230,210,240,320" oya="2" hai0="80,53,98,21,15,19,91,135,116,82,130,59,112" hai1="65,88,101,106,45,17,128,120,57,48,56,78,12" hai2="51,35,44,25,22,16,126,111,99,40,127,119,117" hai3="50,28,23,104,27,69,81,85,134,26,66,70,123"/><V32/><F99/><W97/><G123/><T62/><D112/><U20/><E128/><V46/><F46/><W118/><G118/><N who="2" m="45065" /><F111/><W55/><G66/><T100/><D116/><U6/><E120/><V95/><F95/><W108/><G108/><T33/><D130/><U54/><E106/><V73/><F73/><W75/><G26/><T94/><D135/><U103/><E78/><V11/><F11/><W39/><G134/><T83/><REACH who="0" step="1"/><D33/><REACH who="0" ten="220,210,240,320" step="2"/><U77/><E77/><V31/><F31/><W84/><G28/><T34/><D34/><U63/><E6/><V49/><F49/><W7/><G50/><T133/><D133/><U5/><E5/><V125/><AGARI ba="0,1" hai="16,22,25,32,35,40,44,51,125,126,127" m="45065" machi="125" ten="40,7800,0" yaku="18,1,52,1,54,1" doraHai="36" who="2" fromWho="2" sc="220,-26,210,-26,240,88,320,-26" /><INIT seed="2,1,0,0,2,57" ten="194,184,328,294" oya="2" hai0="9,110,44,118,66,32,49,121,86,36,124,24,76" hai1="46,31,52,101,30,29,125,37,4,107,74,122,28" hai2="72,100,54,85,123,97,119,0,14,16,27,135,48" hai3="90,89,92,53,70,73,65,132,113,111,23,2,56"/><V6/><F72/><W115/><G111/><T108/><D121/><U35/><E122/><V19/><F0/><W59/><G132/><T105/><D105/><U96/><E125/><V93/><F119/><W133/><G133/><T98/><D124/><U21/><E74/><V84/><F135/><W88/><G2/><T103/><D118/><U22/><E4/><V33/><F33/><W64/><G73/><T126/><D126/><U3/><E3/><V12/><F27/><W106/><G106/><T87/><D36/><U50/><N who="1" m="7168" /><DORA hai="79" /><U128/><E128/><V25/><F25/><W109/><G23/><T134/><D32/><U61/><E35/><V83/><F6/><W58/><G109/><N who="0" m="42091" /><D134/><U55/><REACH who="1" step="1"/><E37/><REACH who="1" ten="194,174,328,294" step="2"/><V13/><F123/><W5/><G5/><T102/><D24/><U130/><E130/><V8/><F8/><W1/><G1/><T68/><D9/><U34/><E34/><V45/><F85/><W7/><G7/><T116/><D87/><U10/><E10/><V20/><F20/><W91/><G113/><T26/><D26/><U117/><E117/><V80/><F84/><W67/><G115/><T60/><D116/><U82/><E82/><AGARI ba="1,1" hai="12,13,14,16,19,45,48,54,80,82,83,93,97,100" machi="82" ten="40,12000,1" yaku="8,1,52,3,54,1" doraHai="57,79" who="2" fromWho="1" sc="194,0,174,-123,328,133,294,0" /><INIT seed="2,2,0,1,0,117" ten="194,51,461,294" oya="2" hai0="54,90,63,100,0,33,92,73,61,5,30,62,29" hai1="14,74,43,69,52,48,111,91,78,79,42,40,8" hai2="60,96,105,22,77,45,2,115,85,67,127,68,76" hai3="106,59,118,25,101,124,41,64,13,81,66,32,34"/><V99/><F2/><W116/><G41/><T109/><D73/><U112/><E111/><V125/><F115/><W31/><G124/><N who="2" m="47689" /><F45/><W128/><G128/><T129/><D129/><U38/><E112/><V28/><F85/><W98/><G34/><T107/><D109/><U51/><E69/><V113/><F113/><W37/><G37/><T21/><D33/><U84/><E38/><V17/><F28/><N who="0" m="10858" /><D107/><U130/><E51/><V9/><F9/><W3/><G3/><T75/><D75/><U7/><E74/><V44/><F44/><W49/><G31/><T55/><D0/><U108/><E108/><V133/><F133/><W15/><G32/><T104/><D104/><U20/><E20/><V26/><F105/><W6/><G106/><T65/><D100/><U87/><E130/><V36/><F36/><W16/><G101/><T4/><D21/><U53/><E53/><N who="0" m="19977" /><D65/><U126/><E126/><V57/><F68/><W72/><G72/><T103/><D103/><U93/><REACH who="1" step="1"/><E87/><AGARI ba="2,0" hai="4,5,61,62,63,87,90,92" m="19977,10858" machi="87" ten="30,1000,0" yaku="8,1" doraHai="117" who="0" fromWho="1" sc="194,16,51,-16,461,0,294,0" /><INIT seed="3,0,0,1,1,34" ten="210,35,461,294" oya="3" hai0="71,54,53,26,29,55,121,9,64,43,112,93,76" hai1="78,97,81,73,40,50,17,3,19,61,35,39,94" hai2="20,46,72,107,32,109,60,85,117,126,41,82,110" hai3="28,111,75,131,127,7,15,101,91,44,102,22,96"/><W6/><G75/><T108/><D121/><U80/><E50/><V45/><F107/><W86/><G127/><T113/><D108/><N who="2" m="41578" /><F32/><W104/><G111/><T62/><D43/><U132/><E80/><V69/><F72/><W135/><G135/><T33/><D76/><U18/><E35/><V89/><F117/><W14/><G131/><T8/><D93/><U4/><E132/><V27/><F126/><W70/><G70/><T56/><D56/><U116/><E61/><V51/><F45/><W130/><G130/><T11/><AGARI ba="0,0" hai="8,9,11,26,29,33,53,54,55,62,64,71,112,113" machi="11" ten="40,1500,0" yaku="0,1" doraHai="34" who="0" fromWho="0" sc="210,15,35,-4,461,-4,294,-7" owari="225,-17.5,31,-46.9,457,55.7,287,8.7" /></mjloggm>