<mjloggm ver="2.3"><GO type="225" lobby="0"/><UN n0="%4C%4F%4C%49%54%41" n1="%E5%91%A8%E6%9D%B1" n2="%E3%81%BD%E3%81%A1%E3%81%9F%E3%81%93%E3%82%84" n3="%E3%81%BF%E3%81%BF%E3%81%9A" dan="16,17,17,17" rate="2106.16,2223.21,2220.96,2181.64" sx="F,M,M,M"/><TAIKYOKU oya="0"/><INIT seed="0,0,0,1,3,100" ten="250,250,250,250" oya="0" hai0="95,134,110,15,85,114,12,43,14,64,113,33,24" hai1="104,68,67,17,23,92,31,69,46,80,99,56,108" hai2="109,97,125,96,3,2,123,135,83,4,127,8,75" hai3="28,126,107,91,115,133,102,71,25,98,41,48,66"/><T119/><D119/><U53/><E108/><V34/><F109/><W63/><G115/><T9/><D110/><U6/><E6/><V116/><F116/><W19/><G126/><N who="2" m="48137" /><F123/><W39/><G133/><T78/><D134/><U130/><E130/><V18/><F135/><W86/><G39/><T59/><D43/><U38/><E31/><V74/><F34/><W87/><G19/><T11/><D33/><U118/><E118/><V70/><F70/><W73/><G73/><N who="2" m="27657" /><F2/><W54/><G41/><T42/><D42/><U103/><E38/><V0/><F0/><W49/><G91/><N who="0" m="53743" /><D113/><U106/><E80/><V120/><F120/><W77/><G77/><T5/><D114/><U101/><E69/><V51/><F83/><W94/><G94/><T47/><D78/><U16/><E68/><V124/><N who="2" m="48145" /><V55/><DORA hai="76" /><F18/><W1/><G1/><T36/><D5/><U40/><E17/><V21/><F21/><W60/><G60/><T72/><D72/><U117/><E117/><V20/><F20/><W57/><G48/><T30/><D36/><U79/><E23/><AGARI ba="0,0" hai="23,25,28,49,54,57,63,66,71,86,87,98,102,107" machi="23" ten="30,2000,0" yaku="7,1,52,1" doraHai="100,76" who="3" fromWho="1" sc="250,0,250,-20,250,0,250,20" /><INIT seed="1,0,0,2,2,37" ten="250,230,250,270" oya="1" hai0="27,128,53,58,60,97,66,48,8,62,126,31,114" hai1="3,71,100,70,25,93,113,89,106,1,69,74,34" hai2="90,115,35,11,78,18,61,79,9,2,65,33,32" hai3="102,107,57,83,85,52,73,123,49,95,127,133,86"/><U23/><E113/><V30/><F115/><W29/><G123/><T104/><D114/><U46/><E74/><V88/><F30/><W43/><G127/><T96/><D126/><U56/><E34/><V12/><F2/><W16/><G133/><T36/><D128/><U7/><E7/><V120/><F9/><W68/><G29/><T28/><D36/><U87/><E56/><V10/><F11/><W81/><G68/><T92/><D31/><U82/><E106/><V55/><F55/><W6/><G6/><T38/><D38/><U45/><E1/><V44/><F44/><W116/><G116/><T91/><D8/><U21/><E3/><V109/><F109/><W26/><G73/><T111/><D111/><U131/><E131/><V22/><F10/><W134/><G107/><T19/><D19/><U101/><E23/><V24/><F12/><W63/><G134/><T75/><D75/><U50/><E82/><N who="3" m="31242" /><G102/><T20/><D104/><U0/><E46/><V13/><F13/><W125/><G95/><N who="0" m="56447" /><D66/><U121/><E0/><V64/><F64/><W67/><G125/><T54/><D53/><U72/><E72/><V14/><F120/><W42/><G67/><T124/><D124/><U118/><E118/><V99/><F14/><W80/><G63/><T5/><D5/><U105/><E105/><V110/><F110/><W4/><G4/><T76/><D76/><N who="2" m="29226" /><F99/><W40/><N who="3" m="31250" /><W94/><DORA hai="59" /><G94/><T84/><D84/><U77/><E77/><V122/><F122/><W108/><G108/><T132/><D132/><U119/><E121/><V39/><F39/><RYUUKYOKU ba="0,0" sc="250,10,230,-30,250,10,270,10" hai0="20,27,28,48,54,58,60,62,92,97" hai2="18,22,24,32,33,35,61,65,88,90" hai3="16,26,40,42,43,49,52,57,85,86" /><INIT seed="2,1,0,4,4,43" ten="260,200,260,280" oya="2" hai0="28,40,76,114,67,96,128,7,106,19,61,37,27" hai1="85,110,102,65,78,69,115,55,17,84,100,116,130" hai2="107,123,99,125,18,9,36,134,131,73,25,95,127" hai3="132,11,47,26,92,39,8,111,29,35,23,10,20"/><V56/><F123/><W86/><G111/><T22/><D114/><U4/><E115/><V45/><F107/><W121/><G121/><T6/><D128/><U51/><E116/><V63/><F73/><W119/><G119/><T2/><D76/><U117/><E117/><V66/><F131/><W70/><G70/><T0/><D0/><U33/><E33/><V14/><F134/><W75/><G75/><T13/><D2/><U38/><E38/><V135/><F135/><W74/><G74/><T93/><D106/><U72/><E72/><V101/><REACH who="2" step="1"/><F25/><REACH who="2" ten="260,200,250,280" step="2"/><W91/><G132/><T62/><D27/><U12/><E130/><V82/><F82/><W41/><AGARI ba="1,1" hai="8,10,11,20,23,26,29,35,39,41,47,86,91,92" machi="41" ten="30,2000,0" yaku="0,1,52,1" doraHai="43" who="3" fromWho="3" sc="260,-6,200,-6,250,-11,280,33" /><INIT seed="3,0,0,2,3,20" ten="254,194,239,313" oya="3" hai0="117,46,67,60,7,81,75,56,34,17,31,127,132" hai1="79,123,133,1,107,109,101,98,92,14,106,95,131" hai2="35,28,0,87,69,134,83,100,126,99,29,68,72" hai3="71,76,80,113,77,38,119,4,27,70,85,30,129"/><W53/><G113/><T9/><D117/><U44/><E1/><V6/><F134/><W64/><G38/><T62/><D132/><U118/><E133/><V65/><F126/><W89/><G119/><T116/><D116/><U84/><E118/><V59/><F59/><W61/><G129/><T125/><D17/><U42/><E123/><V114/><F114/><W13/><G53/><T26/><D46/><U66/><E66/><V82/><F72/><W18/><G4/><T43/><D43/><U23/><E131/><V93/><F83/><W90/><G90/><T57/><D81/><U52/><E109/><V33/><F33/><W15/><G71/><T12/><REACH who="0" step="1"/><D75/><REACH who="0" ten="244,194,239,313" step="2"/><U115/><E115/><V25/><F29/><W54/><G18/><T124/><D124/><U63/><E79/><V112/><F112/><W103/><G76/><T121/><D121/><U102/><E42/><V120/><F120/><W55/><G77/><T3/><D3/><U19/><E84/><V108/><F108/><W40/><G40/><T105/><D105/><U91/><E91/><V135/><F135/><W74/><G74/><T36/><D36/><U45/><E107/><V11/><REACH who="2" step="1"/><F65/><AGARI ba="0,1" hai="7,9,12,26,31,34,56,57,60,62,65,67,125,127" machi="65" ten="40,5200,0" yaku="1,1,9,1,52,1,53,0" doraHai="20" doraHaiUra="128" who="0" fromWho="2" sc="244,62,194,0,239,-52,313,0" owari="306,10.6,194,-20.6,187,-31.3,313,41.3" /></mjloggm>