<mjloggm ver="2.3"><GO type="225" lobby="0"/><UN n0="%E3%83%81%E3%83%83%E3%82%BF%E3%82%BD%E3%83%BC" n1="%E8%83%83%E3%81%A8%E8%85%B8" n2="%E3%80%90%E3%83%88%E3%83%AA%E3%83%A5%E3%83%95%E3%80%91" n3="%E5%AF%82%E5%AF%9E%E3%82%AE%E3%83%8D%E3%82%B9%E3%83%93%E3%83%BC%E3%83%AB" dan="16,16,16,16" rate="2138.08,2149.66,2124.41,2149.48" sx="F,M,M,M"/><TAIKYOKU oya="0"/><INIT seed="0,0,0,5,0,12" ten="250,250,250,250" oya="0" hai0="19,80,105,131,70,123,129,0,65,120,42,51,8" hai1="101,110,56,66,10,112,68,108,36,92,13,71,55" hai2="16,94,9,134,27,95,17,107,77,102,89,116,118" hai3="18,52,53,76,20,29,11,83,82,41,133,15,128"/><T109/><D105/><U62/><E36/><V87/><F134/><W72/><G133/><T124/><D124/><U64/><E112/><V38/><F38/><W34/><G128/><N who="0" m="49227" /><D80/><U58/><E101/><V5/><F77/><W30/><G41/><T100/><D100/><U122/><E92/><V113/><F107/><W50/><G34/><T46/><D0/><U125/><E122/><N who="0" m="46633" /><D19/><U22/><E22/><V24/><F113/><W54/><G50/><T48/><D8/><U63/><E125/><V32/><F32/><W35/><G35/><T117/><D117/><N who="2" m="45162" /><F24/><W44/><G44/><T45/><D109/><N who="1" m="42091" /><E10/><V106/><F106/><W47/><G47/><N who="0" m="17931" /><D42/><U43/><E43/><V114/><F114/><W104/><G104/><T33/><D33/><U127/><E127/><V99/><F27/><W1/><REACH who="3" step="1"/><G83/><REACH who="3" ten="250,250,250,240" step="2"/><T121/><D121/><U25/><E25/><V96/><F96/><W6/><AGARI ba="0,1" hai="1,6,11,15,18,20,29,30,52,53,54,72,76,82" machi="6" ten="30,12000,2" yaku="1,1,2,1,0,1,52,1,54,1,53,1" doraHai="12" doraHaiUra="14" who="3" fromWho="3" sc="250,-60,250,-30,250,-30,240,130" /><INIT seed="1,0,0,3,1,31" ten="190,220,220,370" oya="1" hai0="83,48,117,119,22,84,80,120,79,94,90,87,66" hai1="85,18,109,78,132,49,127,11,45,64,93,37,130" hai2="0,111,17,76,114,42,88,32,116,58,108,70,12" hai3="113,122,128,134,54,110,65,8,112,3,13,125,29"/><U104/><E104/><V124/><F116/><W103/><G122/><T47/><D120/><U77/><E37/><V35/><F70/><W4/><G65/><T34/><D34/><N who="2" m="12842" /><F0/><W43/><G43/><T96/><D22/><U97/><E127/><V73/><F42/><W126/><G103/><T59/><D59/><U51/><E64/><V9/><F124/><N who="3" m="47723" /><G54/><T99/><D66/><U135/><E85/><V44/><F44/><W101/><G101/><T71/><D71/><U50/><E45/><V20/><F58/><W100/><G100/><T68/><D68/><U107/><E107/><V55/><F55/><W2/><G29/><T69/><D69/><U121/><E121/><V24/><F88/><W19/><G2/><T118/><REACH who="0" step="1"/><D80/><REACH who="0" ten="180,220,220,370" step="2"/><U5/><E135/><V105/><F114/><W38/><G134/><T15/><D15/><N who="1" m="5615" /><E132/><V95/><F105/><W63/><G3/><T133/><D133/><U89/><E130/><V106/><F106/><W115/><G128/><T30/><D30/><U28/><E28/><N who="2" m="17415" /><F95/><W6/><G115/><T72/><D72/><U92/><E92/><V25/><F73/><W26/><G113/><T81/><D81/><U1/><E1/><V102/><F76/><W46/><G112/><T23/><D23/><U39/><E77/><V14/><F14/><W67/><G13/><T33/><D33/><U62/><E78/><V27/><F102/><W7/><G46/><T36/><D36/><U82/><E39/><V86/><F86/><W40/><G38/><T123/><D123/><U52/><E82/><V10/><F10/><W57/><G8/><RYUUKYOKU ba="0,1" sc="180,15,220,-15,220,15,370,-15" hai0="47,48,79,83,84,87,90,94,96,99,117,118,119" hai2="9,12,17,25,27,108,111" /><INIT seed="2,1,1,3,1,41" ten="195,205,235,355" oya="2" hai0="5,40,29,38,54,116,23,45,66,13,9,94,92" hai1="108,39,56,35,47,52,97,48,67,31,55,49,25" hai2="87,2,99,88,104,114,63,127,85,118,19,33,91" hai3="84,130,68,83,81,6,16,76,26,58,125,17,12"/><V62/><F114/><W32/><G68/><T22/><D116/><U93/><E108/><V103/><F118/><W14/><G130/><T57/><D66/><U10/><E67/><V79/><F2/><W119/><G119/><T82/><D82/><U27/><E27/><V53/><F33/><W107/><G107/><T115/><D115/><U80/><E39/><V123/><F123/><W120/><G120/><T60/><REACH who="0" step="1"/><D29/><REACH who="0" ten="185,205,235,355" step="2"/><U4/><E80/><V36/><F63/><W51/><G83/><T113/><D113/><U11/><REACH who="1" step="1"/><E4/><REACH who="1" ten="185,195,235,355" step="2"/><V0/><F62/><W61/><G6/><T44/><D44/><U89/><AGARI ba="1,3" hai="10,11,25,31,35,47,48,49,52,55,56,89,93,97" machi="89" ten="20,12000,2" yaku="1,1,2,1,0,1,7,1,52,1,54,1,53,0" doraHai="41" doraHaiUra="129" who="1" fromWho="1" sc="185,-31,195,153,235,-61,355,-31" /><INIT seed="3,0,0,3,5,72" ten="154,348,174,324" oya="3" hai0="74,45,71,55,22,35,127,12,11,2,135,64,43" hai1="40,117,46,19,31,78,80,54,63,92,123,108,15" hai2="119,66,121,13,75,118,105,131,113,41,69,125,32" hai3="102,114,18,29,76,49,9,70,24,77,4,6,130"/><W84/><G114/><T44/><D35/><U94/><E123/><V52/><RYUUKYOKU type="yao9" ba="0,0" sc="154,0,348,0,174,0,324,0" hai2="13,32,41,52,66,69,75,105,113,118,119,121,125,131" /><INIT seed="3,1,0,4,2,122" ten="154,348,174,324" oya="3" hai0="52,7,27,105,18,109,21,85,55,91,15,8,38" hai1="89,135,50,92,107,1,26,12,69,75,115,110,4" hai2="39,119,87,57,70,58,114,97,60,94,106,93,129" hai3="90,125,124,132,102,6,128,127,99,32,86,126,113"/><W0/><G124/><T45/><D105/><U68/><E110/><V79/><F114/><W123/><G123/><T43/><REACH who="0" step="1"/><D109/><REACH who="0" ten="144,348,174,324" step="2"/><U63/><E107/><V84/><F106/><N who="3" m="63839" /><G113/><T40/><D40/><U17/><E115/><V80/><F119/><W9/><G132/><T71/><D71/><U20/><E68/><V95/><F39/><W81/><G32/><T37/><D37/><U42/><E69/><V56/><F129/><AGARI ba="1,1" hai="0,6,9,81,86,90,125,126,127,128,129" m="63839" machi="129" ten="40,2000,0" yaku="18,1" doraHai="122" who="3" fromWho="2" sc="144,0,348,0,174,-23,324,33" owari="144,-35.6,348,14.8,151,-24.9,357,45.7" /></mjloggm>