<mjloggm ver="2.3"><GO type="225" lobby="0"/><UN n0="%E3%83%96%E3%83%83%E3%83%91%E3%82%AA%E3%83%96%E3%83%81%E3%82%AD%E3%83%B3" n1="%E4%BF%BA%E3%81%A8%E5%A6%96%E5%A4%A2" n2="%E3%83%94%E3%83%B3%E3%82%B5%E3%83%AD%E5%BA%97%E5%93%A1" n3="%E7%9A%AE%E3%80%85" dan="16,16,17,16" rate="2123.89,2096.32,2201.93,2137.24" sx="M,F,M,F"/><TAIKYOKU oya="0"/><INIT seed="0,0,0,4,3,133" ten="250,250,250,250" oya="0" hai0="87,130,21,45,7,69,53,68,41,78,46,13,95" hai1="94,116,28,2,121,123,104,132,79,75,32,30,103" hai2="125,88,71,90,70,60,89,115,131,31,9,63,48" hai3="10,99,49,113,12,39,36,127,20,106,54,24,86"/><T62/><D130/><U15/><E116/><V29/><F115/><W6/><G113/><T112/><D112/><U16/><E132/><V18/><F131/><W1/><G86/><T26/><D7/><U59/><E2/><V40/><F125/><W66/><G66/><T128/><D13/><U102/><E104/><V0/><F0/><W81/><G81/><T64/><D128/><U114/><E114/><V111/><F111/><W134/><G1/><T76/><D69/><U108/><E108/><V37/><F37/><W44/><G134/><T4/><D4/><U84/><E75/><V98/><F98/><W85/><G85/><T27/><D27/><U92/><E59/><V65/><F63/><W42/><G42/><T77/><D53/><U23/><E32/><V33/><F71/><W58/><G58/><T67/><D67/><U22/><E123/><V73/><F73/><W120/><G120/><T50/><D46/><U107/><E107/><V109/><F33/><W82/><G82/><T110/><D110/><U55/><E55/><V122/><F122/><W8/><G8/><T17/><REACH who="0" step="1"/><D77/><REACH who="0" ten="240,250,250,250" step="2"/><U105/><E79/><V35/><F109/><W83/><G24/><T117/><D117/><U34/><E15/><V135/><F135/><W19/><G12/><T52/><D52/><U129/><E121/><V93/><F65/><W14/><G14/><T25/><D25/><U124/><E129/><V91/><F70/><W74/><G54/><T56/><D56/><U5/><E5/><V119/><F119/><W118/><G6/><T80/><D80/><U43/><E43/><RYUUKYOKU ba="0,1" sc="240,30,250,-10,250,-10,250,-10" hai0="17,21,26,41,45,50,62,64,68,76,78,87,95" /><INIT seed="0,1,1,0,5,4" ten="270,240,240,240" oya="0" hai0="36,57,87,113,31,109,34,18,72,40,27,43,84" hai1="2,25,105,12,33,16,59,21,70,8,119,114,15" hai2="20,41,103,129,42,47,98,101,86,133,117,81,67" hai3="71,135,107,51,76,126,89,91,44,99,96,118,75"/><T66/><D113/><U64/><E70/><V26/><F129/><W112/><G71/><T83/><D72/><U17/><E105/><V90/><F133/><W121/><G112/><T19/><D87/><U132/><E114/><V122/><F122/><W35/><G35/><T58/><D109/><U111/><E111/><V104/><F117/><W115/><G115/><T56/><D66/><U3/><E119/><V130/><F130/><W11/><G118/><T45/><REACH who="0" step="1"/><D43/><REACH who="0" ten="260,240,240,240" step="2"/><U128/><E128/><V10/><F67/><W124/><G75/><T82/><D82/><U80/><E80/><V55/><F42/><W73/><G73/><T53/><D53/><U48/><E132/><V102/><F55/><W29/><G135/><T65/><D65/><U85/><E85/><V93/><F41/><W7/><G124/><T5/><D5/><U92/><E64/><V69/><F81/><W6/><G7/><T79/><AGARI ba="1,2" hai="18,19,27,31,34,36,40,45,56,57,58,79,83,84" machi="79" ten="30,3000,0" yaku="1,1,0,1,53,0" doraHai="4" doraHaiUra="95" who="0" fromWho="0" sc="260,53,240,-11,240,-11,240,-11" /><INIT seed="0,2,0,0,1,101" ten="313,229,229,229" oya="0" hai0="56,115,79,98,51,29,32,1,100,38,94,61,129" hai1="85,10,7,4,26,135,112,47,70,43,126,16,11" hai2="27,81,118,87,106,3,117,34,21,108,69,125,109" hai3="64,83,74,50,24,89,123,75,122,8,57,42,105"/><T17/><D115/><U45/><E70/><V22/><F3/><W99/><G8/><N who="1" m="3114" /><E112/><V18/><F69/><W95/><G24/><T2/><D129/><U130/><E130/><V44/><F34/><W59/><G105/><T77/><D38/><U80/><E135/><V13/><F44/><N who="1" m="16969" /><E126/><V76/><F106/><W84/><G64/><T35/><D51/><U48/><E48/><V119/><REACH who="2" step="1"/><F125/><REACH who="2" ten="313,229,219,229" step="2"/><W36/><G123/><T23/><D35/><U97/><E43/><V65/><F65/><W67/><G122/><T121/><D2/><U9/><E4/><V20/><F20/><W40/><G67/><T86/><D1/><U12/><E7/><V91/><F91/><W31/><G89/><T104/><D32/><U110/><E110/><V53/><F53/><W92/><G42/><T63/><D23/><U14/><E9/><V60/><F60/><W52/><G40/><T82/><D63/><U103/><E103/><V25/><F25/><W124/><G124/><T5/><D61/><U6/><E6/><V73/><F73/><W88/><G75/><T128/><D5/><U55/><E55/><V49/><F49/><W90/><G74/><T68/><D68/><U28/><E12/><V132/><F132/><W93/><G36/><T102/><D102/><U131/><E131/><V113/><F113/><W15/><G15/><T120/><D100/><U54/><E54/><V71/><F71/><W39/><G39/><T33/><D128/><U134/><E134/><V107/><F107/><W72/><G72/><N who="0" m="43303" /><D120/><U78/><E14/><V37/><F37/><W114/><G114/><RYUUKYOKU ba="2,1" sc="313,-10,229,-10,219,30,229,-10" hai2="13,18,21,22,27,76,81,87,108,109,117,118,119" /><INIT seed="1,3,1,2,2,0" ten="303,219,249,219" oya="1" hai0="91,16,13,9,36,10,81,66,21,74,68,79,20" hai1="130,31,85,103,120,99,38,12,42,135,87,33,93" hai2="59,92,97,56,28,82,114,100,71,88,27,110,72" hai3="32,125,90,117,134,22,124,84,129,132,7,65,57"/><U44/><E120/><V105/><F71/><W35/><G117/><T47/><D68/><U43/><E135/><N who="3" m="51754" /><G22/><T133/><D133/><U131/><E43/><V112/><F110/><W115/><G115/><N who="2" m="44073" /><F82/><N who="3" m="49431" /><G7/><T121/><D66/><U58/><E58/><V95/><F72/><W128/><G57/><N who="2" m="22089" /><F88/><W64/><G64/><T76/><D121/><U109/><E109/><V101/><F101/><W96/><G96/><T40/><D79/><U122/><E122/><V61/><F61/><W6/><G6/><T48/><D91/><U15/><E87/><V106/><F106/><W78/><G78/><T63/><D63/><U4/><E85/><V11/><F11/><W104/><G104/><T70/><D70/><U50/><E38/><V52/><F52/><W118/><G65/><T89/><D89/><U94/><E94/><V80/><F80/><W8/><G8/><T60/><D60/><U30/><E4/><V24/><F24/><W23/><G23/><AGARI ba="3,1" hai="23,27,28,92,95,97,100,105" m="22089,44073" machi="23" ten="30,1000,0" yaku="11,1" doraHai="0" who="2" fromWho="3" sc="303,0,219,0,249,29,219,-19" /><INIT seed="2,0,0,3,2,24" ten="303,219,278,200" oya="2" hai0="64,53,37,79,0,90,71,51,45,65,89,67,106" hai1="54,61,15,23,29,22,31,21,66,50,18,82,4" hai2="93,88,118,120,38,8,62,84,13,68,95,11,132" hai3="9,119,134,42,49,108,91,123,70,33,133,128,2"/><V26/><F118/><W107/><RYUUKYOKU type="yao9" ba="0,0" sc="303,0,219,0,278,0,200,0" hai3="2,9,33,42,49,70,91,107,108,119,123,128,133,134" /><INIT seed="2,1,0,2,4,131" ten="303,219,278,200" oya="2" hai0="48,6,68,7,103,76,72,10,37,65,93,59,57" hai1="73,5,29,1,99,133,124,126,101,31,50,98,40" hai2="77,8,117,114,113,110,20,115,92,32,38,83,85" hai3="88,43,34,74,52,49,35,30,46,26,81,89,17"/><V105/><F32/><W132/><G132/><T86/><D37/><U129/><E73/><V118/><F38/><W51/><G35/><T25/><D7/><U12/><E1/><V120/><F20/><W78/><REACH who="3" step="1"/><G17/><REACH who="3" ten="303,219,278,190" step="2"/><T123/><D123/><U16/><E133/><V3/><F120/><W97/><G97/><T100/><D6/><U95/><E5/><V21/><F115/><W60/><G60/><T42/><D103/><U116/><E129/><V130/><F130/><W111/><G111/><T106/><D100/><U80/><E99/><V75/><F110/><W56/><AGARI ba="1,1" hai="26,30,34,43,46,49,51,52,56,74,78,81,88,89" machi="56" ten="20,12000,2" yaku="1,1,0,1,7,1,54,2,53,1" doraHai="131" doraHaiUra="22" who="3" fromWho="3" sc="303,-31,219,-31,278,-61,190,133" /><INIT seed="3,0,0,0,3,13" ten="272,188,217,323" oya="3" hai0="27,22,23,120,73,60,66,89,80,91,38,52,107" hai1="96,64,16,94,114,69,3,1,41,35,44,87,57" hai2="135,45,100,55,74,19,133,67,128,103,109,5,82" hai3="18,59,93,9,29,11,17,110,20,24,8,85,31"/><W79/><G110/><T32/><D38/><U10/><E114/><V63/><F109/><W15/><G59/><N who="0" m="37151" /><D107/><U75/><E75/><V34/><F34/><W71/><G71/><T122/><D32/><U99/><E69/><V81/><F5/><W12/><G93/><T118/><D73/><U130/><E35/><V124/><F128/><W117/><G117/><T134/><D118/><U42/><E130/><V21/><F124/><W33/><G85/><T65/><D134/><N who="2" m="51210" /><F55/><W113/><G79/><T92/><D65/><U78/><E1/><V26/><F45/><W106/><G106/><T119/><D119/><U47/><E3/><V51/><F51/><W14/><G113/><T95/><D122/><U125/><E125/><V108/><F108/><W86/><G86/><N who="0" m="50375" /><D23/><U83/><E64/><V46/><F46/><W61/><G61/><T56/><D91/><U98/><E57/><N who="2" m="37359" /><F82/><W28/><G33/><T62/><D120/><U2/><E2/><V115/><F115/><W121/><G121/><T112/><D112/><U50/><E44/><V77/><AGARI ba="0,0" hai="19,21,26,74,77,81,100,103" m="37359,51210" machi="77" ten="30,2000,0" yaku="20,1,52,1" doraHai="13" who="2" fromWho="2" sc="272,-5,188,-5,217,20,323,-10" owari="267,6.7,183,-31.7,237,-16.3,313,41.3" /></mjloggm>