<mjloggm ver="2.3"><GO type="225" lobby="0"/><UN n0="%72%69%6F%75%63%68%61%6E" n1="%E3%83%A9%E3%82%B9%E7%8E%87%EF%BC%93%E5%89%B2" n2="%E6%9C%88%E5%B3%B6%E5%9F%BA" n3="%E3%83%96%E3%83%83%E3%83%91%E3%82%AA%E3%83%96%E3%83%81%E3%82%AD%E3%83%B3" dan="16,17,18,16" rate="2124.10,2192.14,2244.34,2109.33" sx="M,F,M,M"/><TAIKYOKU oya="0"/><INIT seed="0,0,0,2,5,56" ten="250,250,250,250" oya="0" hai0="72,98,93,85,7,44,87,123,109,115,38,114,35" hai1="78,128,27,70,17,90,28,0,29,132,75,13,82" hai2="79,61,74,86,19,95,59,24,11,112,66,54,46" hai3="121,63,9,18,60,53,52,3,81,89,126,26,36"/><T48/><D123/><U124/><E128/><V127/><F112/><W116/><G116/><T125/><D72/><U88/><E132/><V10/><F127/><W40/><G126/><T135/><D125/><U58/><E70/><V31/><F74/><W57/><G121/><T106/><D135/><U120/><E120/><V43/><F19/><W21/><G36/><T94/><D35/><U117/><E0/><V14/><F14/><N who="3" m="7503" /><G3/><T1/><D109/><U113/><E117/><V6/><F66/><W80/><G40/><T83/><D38/><U47/><E113/><V102/><F6/><W134/><G134/><T100/><D85/><U2/><E2/><V104/><F104/><W5/><G5/><T25/><D25/><U97/><E124/><V96/><F79/><W107/><G107/><T8/><D115/><U99/><E47/><V50/><REACH who="2" step="1"/><F86/><REACH who="2" ten="250,250,240,250" step="2"/><N who="3" m="50375" /><G81/><T118/><D114/><U34/><E29/><V51/><F51/><N who="3" m="30879" /><G53/><T119/><D118/><U69/><E75/><V45/><F45/><W92/><G92/><T22/><D119/><U108/><E82/><V30/><F30/><AGARI ba="0,1" hai="21,26,30,60,63" m="30879,50375,7503" machi="30" ten="30,7700,0" yaku="8,1,52,2,54,1" doraHai="56" who="3" fromWho="2" sc="250,0,250,0,240,-77,250,87" /><INIT seed="1,0,0,2,4,61" ten="250,250,163,337" oya="1" hai0="58,94,74,14,56,23,46,80,25,33,71,13,97" hai1="134,2,110,55,130,115,92,123,116,10,126,73,35" hai2="40,18,42,3,70,66,47,6,83,76,41,9,28" hai3="79,39,52,101,11,99,21,81,125,72,122,129,31"/><U54/><RYUUKYOKU type="yao9" ba="0,0" sc="250,0,250,0,163,0,337,0" hai1="2,10,35,54,55,73,92,110,115,116,123,126,130,134" /><INIT seed="1,1,0,3,2,117" ten="250,250,163,337" oya="1" hai0="96,128,121,131,29,22,108,30,32,49,33,83,23" hai1="129,85,41,46,101,127,120,55,50,118,84,132,20" hai2="111,35,105,130,134,13,5,44,89,74,92,110,16" hai3="82,73,2,126,37,9,58,47,78,6,64,114,14"/><U17/><E118/><V42/><F105/><W124/><G114/><T88/><D108/><N who="2" m="41514" /><F74/><W100/><G100/><T0/><D121/><U40/><E120/><V65/><F65/><W109/><G109/><T75/><D0/><U67/><E129/><N who="0" m="49737" /><D49/><U68/><E132/><V91/><F130/><W123/><G123/><T28/><D75/><U61/><E127/><V4/><F35/><N who="0" m="13386" /><D83/><U79/><E101/><V116/><F116/><W86/><G86/><T57/><D57/><U25/><E79/><V99/><F91/><W113/><G113/><T81/><D96/><U60/><E60/><V107/><F107/><W21/><G58/><T97/><D97/><U69/><E69/><V119/><F119/><W125/><G64/><T34/><N who="0" m="13394" /><T90/><DORA hai="122" /><D81/><U51/><REACH who="1" step="1"/><E41/><REACH who="1" ten="250,240,163,337" step="2"/><V26/><F134/><W104/><G125/><T102/><D102/><U19/><E19/><V94/><F16/><N who="3" m="10391" /><G104/><T11/><D90/><U106/><E106/><V53/><F89/><W80/><G80/><T63/><D63/><U3/><E3/><V8/><F94/><W112/><G112/><T10/><D88/><U135/><E135/><V52/><F92/><W24/><G126/><T76/><D76/><U39/><E39/><N who="2" m="21599" /><F99/><W87/><G124/><T7/><D7/><U56/><AGARI ba="1,1" hai="17,20,25,40,46,50,51,55,56,61,67,68,84,85" machi="56" ten="20,12000,1" yaku="1,1,0,1,7,1,53,2" doraHai="117,122" doraHaiUra="15,12" who="1" fromWho="1" sc="250,-41,240,133,163,-41,337,-41" /><INIT seed="1,2,0,3,4,66" ten="209,373,122,296" oya="1" hai0="18,99,20,95,130,82,2,74,105,116,21,65,41" hai1="40,88,48,5,70,73,13,131,61,29,123,115,98" hai2="110,128,31,67,114,85,63,26,55,103,24,75,37" hai3="42,6,14,57,33,119,16,12,10,94,71,34,76"/><U60/><E115/><V106/><F114/><W39/><G119/><T0/><D116/><U46/><E123/><V132/><F75/><W3/><G71/><T72/><D130/><U102/><E131/><V120/><F128/><W111/><G111/><T51/><D105/><U49/><E73/><V81/><F120/><W91/><G76/><T78/><D72/><U109/><E109/><V133/><F37/><W19/><G57/><T80/><D65/><U4/><E70/><V9/><F110/><W79/><G79/><T84/><D20/><U113/><E29/><V122/><F122/><W96/><G39/><T32/><D32/><U124/><E124/><V8/><F55/><W44/><G3/><T58/><D82/><U64/><E64/><V15/><F103/><W43/><G6/><T100/><D74/><U117/><E4/><V52/><F106/><W108/><G108/><T126/><D126/><U27/><E5/><V129/><F129/><W83/><G83/><T1/><D58/><U97/><E102/><V89/><F26/><W68/><G68/><T121/><D121/><U56/><E27/><V25/><F25/><W45/><G45/><T135/><D135/><N who="2" m="51786" /><F15/><W107/><G107/><T77/><D77/><U11/><E13/><V104/><F104/><W36/><REACH who="3" step="1"/><G43/><REACH who="3" ten="209,373,122,286" step="2"/><T50/><REACH who="0" step="1"/><D41/><REACH who="0" ten="199,373,122,286" step="2"/><U38/><E40/><V127/><F127/><W30/><G30/><T125/><D125/><U62/><E117/><V53/><F31/><W134/><G134/><T101/><D101/><U54/><E113/><V86/><F81/><W28/><G28/><T118/><D118/><RYUUKYOKU ba="2,2" sc="199,15,373,-15,122,-15,286,15" hai0="0,1,2,18,21,50,51,78,80,84,95,99,100" hai3="10,12,14,16,19,33,34,36,42,44,91,94,96" /><INIT seed="2,3,2,3,0,80" ten="214,358,107,301" oya="2" hai0="97,33,114,37,121,70,73,67,107,45,76,18,74" hai1="106,77,36,124,104,128,95,101,72,52,60,129,25" hai2="90,127,35,32,59,54,17,29,3,1,43,117,63" hai3="8,62,119,111,82,47,79,51,46,39,42,133,84"/><V85/><F117/><W44/><G111/><T12/><D121/><U100/><E36/><V94/><F127/><W57/><G119/><T113/><D33/><U108/><E108/><V75/><F75/><W58/><G133/><T5/><D5/><U19/><E124/><V38/><F38/><W120/><G120/><T13/><D13/><U109/><E77/><V56/><F43/><W78/><G39/><T130/><D130/><N who="1" m="50283" /><E72/><N who="0" m="27753" /><D18/><U131/><E109/><V66/><F17/><W69/><G69/><T0/><D12/><U135/><E135/><V61/><REACH who="2" step="1"/><F29/><REACH who="2" ten="214,358,97,301" step="2"/><W83/><G8/><T125/><D125/><U88/><E19/><V10/><F10/><W105/><G42/><T41/><D37/><U28/><E131/><V126/><F126/><W64/><G78/><T110/><D76/><U122/><E122/><V55/><F55/><W71/><G79/><T40/><D40/><U49/><E28/><V98/><F98/><W99/><G99/><T50/><D110/><U27/><E52/><V6/><F6/><W89/><G64/><T92/><D67/><U96/><E96/><V93/><F93/><W112/><G105/><T65/><D107/><U9/><E106/><V118/><F118/><W2/><G83/><T103/><D65/><U16/><E104/><V116/><F116/><W4/><G82/><T68/><D114/><U30/><E30/><V34/><AGARI ba="3,3" hai="1,3,32,34,35,54,56,59,61,63,66,85,90,94" machi="34" ten="30,18000,2" yaku="1,1,0,1,52,1,53,3" doraHai="80" doraHaiUra="31" who="2" fromWho="2" sc="214,-63,358,-63,97,219,301,-63" /><INIT seed="2,4,0,0,4,114" ten="151,295,316,238" oya="2" hai0="76,56,46,111,105,9,108,71,62,64,74,100,34" hai1="106,54,82,2,45,75,33,17,1,116,89,43,28" hai2="128,115,78,31,19,99,97,29,112,125,91,20,73" hai3="77,83,53,61,135,24,122,132,27,3,70,21,110"/><V40/><F40/><W119/><G122/><T126/><D126/><U65/><E54/><V95/><F125/><W90/><G110/><T58/><D34/><U12/><E65/><V18/><F128/><W14/><G3/><T51/><D9/><U96/><E28/><V123/><F123/><W98/><G119/><T22/><D22/><U88/><E33/><V87/><F73/><W66/><G53/><T120/><D120/><U7/><E116/><V107/><F107/><W92/><G14/><T59/><D100/><U39/><E106/><V30/><F19/><W63/><G63/><T16/><D105/><U5/><E5/><V130/><F130/><W81/><G81/><T57/><D16/><U129/><E129/><V48/><F48/><W68/><G68/><T85/><N who="0" m="14336" /><DORA hai="50" /><T42/><REACH who="0" step="1"/><D74/><REACH who="0" ten="141,295,316,238" step="2"/><U79/><E2/><V6/><F18/><W41/><G21/><T37/><D37/><U35/><E35/><V94/><F20/><W72/><G24/><T109/><D109/><U26/><E26/><V32/><F32/><W102/><G27/><T8/><D8/><U103/><E1/><V117/><F30/><W36/><G102/><T13/><D13/><U86/><E75/><V104/><F104/><W121/><G121/><T84/><D84/><U23/><E7/><V49/><F6/><W55/><G36/><T133/><D133/><U67/><E67/><V69/><F29/><W60/><G135/><T134/><D134/><U131/><E131/><V101/><F31/><W38/><G132/><T47/><D47/><U127/><E127/><V44/><F44/><RYUUKYOKU ba="4,1" sc="141,15,295,15,316,-15,238,-15" hai0="42,46,51,62,64,71,76,85,108,111" hai1="12,17,23,39,43,45,79,82,86,88,89,96,103" /><INIT seed="3,5,1,4,5,124" ten="156,310,301,223" oya="3" hai0="29,132,83,28,71,69,19,79,26,115,80,90,125" hai1="72,111,114,30,58,66,53,3,20,11,39,75,95" hai2="7,107,9,47,64,23,46,99,57,52,131,87,106" hai3="122,45,42,104,48,74,55,112,129,10,5,32,97"/><W25/><G112/><T24/><D125/><U101/><E39/><V16/><F131/><W135/><G122/><T6/><D132/><U61/><E114/><V94/><F64/><W4/><G74/><T33/><D115/><U56/><E111/><V82/><F106/><W68/><G135/><T88/><D6/><U117/><E117/><V60/><F107/><W77/><G68/><T14/><D69/><U102/><E3/><V27/><F9/><W50/><G129/><T54/><D71/><U35/><E35/><V44/><F7/><W89/><G77/><T93/><D54/><U8/><E75/><V103/><F46/><W134/><G134/><T1/><D1/><U84/><E72/><V133/><F133/><W128/><G128/><T121/><D121/><U119/><E119/><V123/><F123/><W105/><G5/><T38/><D38/><U40/><E40/><V126/><F126/><W41/><G41/><T85/><D90/><AGARI ba="5,1" hai="16,23,27,44,47,52,57,60,82,87,90,94,99,103" machi="90" ten="30,7700,0" yaku="7,1,8,1,54,2" doraHai="124" who="2" fromWho="0" sc="156,-92,310,0,301,102,223,0" owari="64,-43.6,310,11.0,403,50.3,223,-17.7" /></mjloggm>