<mjloggm ver="2.3"><GO type="225" lobby="0"/><UN n0="%E5%B6%BA%E4%B8%8A%E5%92%B2" n1="%E3%81%8B%E3%82%8F%E3%81%A1%E3%82%83%E3%82%93%35%38" n2="%72%65%6E%6B%75%6E" n3="%72%69%6F%75%63%68%61%6E" dan="16,16,17,16" rate="2141.64,2213.71,2209.04,2115.65" sx="F,M,M,M"/><TAIKYOKU oya="0"/><INIT seed="0,0,0,4,2,17" ten="250,250,250,250" oya="0" hai0="121,79,11,125,115,66,112,97,37,134,114,33,103" hai1="58,1,130,80,85,81,93,86,75,24,53,42,34" hai2="60,8,12,126,20,88,40,128,133,25,44,74,135" hai3="82,117,110,9,35,64,69,54,39,92,91,14,56"/><T6/><D121/><U105/><E105/><V27/><F74/><W51/><G110/><T108/><D134/><N who="2" m="51210" /><F128/><W4/><G117/><T72/><D125/><U118/><E1/><V94/><F126/><W61/><G35/><T87/><D37/><U30/><E118/><V29/><F60/><W132/><G132/><T28/><D87/><U123/><E123/><V19/><F8/><W65/><G39/><T2/><D66/><U16/><E130/><V67/><F67/><W15/><G64/><T38/><D38/><U107/><E107/><V26/><F44/><W45/><G82/><N who="0" m="45415" /><D108/><U104/><E104/><V3/><F3/><W13/><REACH who="3" step="1"/><G69/><REACH who="3" ten="250,250,250,240" step="2"/><T46/><D114/><U57/><E80/><V111/><F111/><W31/><G31/><T119/><D119/><U76/><E81/><V124/><F124/><W32/><G32/><T10/><D28/><U43/><E30/><V83/><F83/><W96/><AGARI ba="0,1" hai="4,9,13,14,15,45,51,54,56,61,65,91,92,96" machi="96" ten="20,5200,0" yaku="1,1,0,1,7,1,8,1,53,0" doraHai="17" doraHaiUra="116" who="3" fromWho="3" sc="250,-26,250,-13,250,-13,240,62" /><INIT seed="1,0,0,3,0,88" ten="224,237,237,302" oya="1" hai0="24,131,113,31,59,97,35,38,132,69,133,16,15" hai1="2,55,89,105,51,52,53,10,36,57,27,110,120" hai2="79,70,64,65,76,125,114,87,1,28,11,104,117" hai3="124,40,30,109,25,54,50,115,29,75,47,103,43"/><U42/><E120/><V95/><F117/><W32/><G109/><T84/><D69/><U135/><E105/><V85/><F104/><W62/><G115/><T4/><D113/><U99/><E135/><N who="0" m="51785" /><D38/><U94/><E110/><V23/><F114/><W119/><G119/><T3/><D97/><U83/><E27/><N who="2" m="16511" /><F70/><W19/><G124/><T128/><D59/><U61/><E36/><V93/><F125/><W107/><G75/><T26/><D84/><N who="2" m="32330" /><F11/><W67/><G29/><T92/><D92/><N who="2" m="35402" /><F1/><W106/><G107/><T41/><D26/><U12/><E2/><V45/><F45/><W100/><G19/><T82/><D82/><U39/><E83/><V17/><F17/><W21/><G21/><N who="0" m="11423" /><D41/><U129/><E39/><V98/><F98/><N who="3" m="61719" /><G103/><T0/><D0/><U13/><E129/><V126/><F126/><W8/><G8/><AGARI ba="0,0" hai="3,4,8,24,31,35,128,131" m="11423,51785" machi="8" ten="30,8000,1" yaku="24,1,20,1,34,2,54,1" doraHai="88" who="0" fromWho="3" sc="224,80,237,0,237,0,302,-80" /><INIT seed="2,0,0,1,5,122" ten="304,237,237,222" oya="2" hai0="77,18,40,2,78,133,57,69,61,74,53,3,1" hai1="98,118,20,62,135,105,44,129,41,17,110,121,29" hai2="97,42,103,50,96,58,36,64,80,38,116,108,120" hai3="112,117,72,48,35,85,46,21,25,14,109,70,102"/><V67/><F120/><W27/><G72/><T16/><D133/><U33/><E118/><V12/><F116/><W68/><G117/><T13/><D69/><U28/><E33/><V52/><F80/><W93/><G112/><T101/><D74/><U31/><E121/><V125/><F125/><W10/><G109/><T73/><D73/><U15/><E135/><V119/><F119/><W39/><G39/><T95/><D40/><U71/><E129/><V92/><F108/><W6/><G35/><T83/><D83/><U54/><E105/><V26/><F26/><W115/><G115/><T55/><D55/><U47/><E110/><V34/><F34/><W94/><G27/><T111/><D111/><U59/><E71/><V89/><F12/><W87/><G68/><T51/><D61/><U60/><E60/><V104/><REACH who="2" step="1"/><F42/><REACH who="2" ten="304,237,227,222" step="2"/><W43/><G70/><T114/><D114/><U45/><E41/><V124/><F124/><W91/><G102/><T4/><D13/><U11/><REACH who="1" step="1"/><E98/><REACH who="1" ten="304,227,227,222" step="2"/><V9/><F9/><AGARI ba="0,2" hai="9,11,15,17,20,28,29,31,44,45,47,54,59,62" machi="9" ten="40,5200,0" yaku="1,1,2,1,8,1,53,0" doraHai="122" doraHaiUra="84" who="1" fromWho="2" sc="304,0,227,72,227,-52,222,0" /><INIT seed="3,0,0,3,5,123" ten="304,299,175,222" oya="3" hai0="73,38,14,51,37,20,122,120,16,60,32,9,45" hai1="61,11,83,96,22,13,119,93,1,21,55,117,105" hai2="127,92,62,52,69,49,103,75,30,2,79,43,95" hai3="4,135,47,31,74,63,91,87,17,90,129,26,54"/><W112/><G112/><T108/><D32/><U115/><E115/><V39/><F127/><W107/><G74/><T33/><D73/><U71/><E105/><V3/><F30/><W121/><G121/><T88/><D33/><U36/><E36/><V99/><F92/><W114/><G114/><T29/><D38/><U25/><E1/><V126/><F126/><W76/><G107/><T134/><D37/><U132/><E83/><V100/><F100/><W34/><G129/><T46/><D134/><U18/><E132/><V94/><F94/><W70/><G135/><T116/><D108/><U106/><E106/><V65/><F79/><W131/><G131/><T67/><D116/><N who="1" m="44619" /><E25/><V86/><F86/><W82/><G4/><T0/><D0/><U19/><E19/><V15/><F15/><W98/><G98/><T78/><D78/><U64/><E55/><V97/><F97/><W66/><G17/><T110/><D110/><U12/><E12/><V5/><F5/><W104/><G104/><T111/><D111/><U68/><E68/><V40/><F40/><W48/><AGARI ba="0,0" hai="26,31,34,47,48,54,63,66,70,76,82,87,90,91" machi="48" ten="30,1500,0" yaku="0,1" doraHai="123" who="3" fromWho="3" sc="304,-5,299,-5,175,-5,222,15" /><INIT seed="3,1,0,4,4,29" ten="299,294,170,237" oya="3" hai0="44,79,105,71,88,68,67,100,73,102,26,75,70" hai1="23,7,121,2,10,132,61,122,91,48,54,76,12" hai2="120,6,104,101,125,59,5,116,34,30,51,15,119" hai3="86,47,49,46,82,66,98,17,96,118,28,99,84"/><W19/><G118/><T35/><D88/><U78/><E122/><V0/><F120/><W24/><G66/><T18/><D18/><U129/><E121/><V32/><F125/><W69/><G69/><T89/><D89/><U45/><E129/><V130/><F130/><W38/><G38/><T72/><D44/><U16/><E132/><V25/><F0/><W39/><G39/><T63/><D79/><U50/><E61/><V60/><F51/><W114/><G114/><T106/><D100/><U128/><E128/><V21/><F116/><W22/><G46/><T40/><D40/><U133/><E133/><V124/><F124/><W13/><G82/><T109/><D109/><U81/><E50/><V55/><F119/><W31/><G28/><N who="0" m="19863" /><D105/><U77/><E91/><V127/><F127/><W64/><G64/><T57/><D57/><U33/><E33/><V112/><F112/><W52/><REACH who="3" step="1"/><G19/><REACH who="3" ten="299,294,170,227" step="2"/><T9/><D9/><AGARI ba="1,1" hai="9,13,17,22,24,31,47,49,52,84,86,96,98,99" machi="9" ten="40,12000,1" yaku="1,1,2,1,8,1,54,1,53,0" doraHai="29" doraHaiUra="62" who="3" fromWho="0" sc="299,-123,294,0,170,0,227,133" owari="176,-22.4,294,9.4,170,-33.0,360,46.0" /></mjloggm>