<mjloggm ver="2.3"><GO type="225" lobby="0"/><UN n0="%E3%81%A0%E3%81%8A" n1="%E5%85%88%E7%89%A9%E3%81%AF%74%72%61%73%68" n2="%E3%81%A4%E3%81%A3%E3%81%B1%E3%82%8A%E3%83%9D%E3%83%BC%E3%83%AB" n3="%E3%83%B4%E3%83%A0%EF%BC%99%E3%81%A6" dan="17,17,17,16" rate="2035.29,2137.18,2142.91,2183.05" sx="M,M,M,M"/><TAIKYOKU oya="0"/><INIT seed="0,0,0,1,2,119" ten="250,250,250,250" oya="0" hai0="107,60,11,103,93,104,37,116,102,120,80,85,3" hai1="34,18,41,70,77,64,113,69,49,89,52,108,65" hai2="31,40,12,87,17,66,27,10,48,110,5,63,94" hai3="114,117,115,59,19,55,9,13,2,21,101,71,132"/><T127/><D37/><U33/><E108/><V79/><F110/><W95/><G117/><T92/><D60/><U42/><E77/><V16/><F40/><N who="1" m="15465" /><E89/><V123/><F48/><W83/><G71/><N who="1" m="27146" /><E18/><V82/><F123/><W44/><G44/><T43/><D43/><U57/><E33/><V22/><REACH who="2" step="1"/><F94/><REACH who="2" ten="250,250,240,250" step="2"/><W4/><G95/><T118/><D120/><U121/><E121/><V30/><F30/><W6/><G114/><T29/><D93/><U131/><E113/><V46/><F46/><W111/><G115/><T73/><D29/><U99/><E131/><V67/><F67/><N who="1" m="25673" /><E34/><V7/><F7/><W26/><G4/><T50/><D92/><U133/><E99/><V8/><F8/><W56/><G9/><T45/><D11/><U98/><E98/><V68/><AGARI ba="0,1" hai="5,10,12,16,17,22,27,31,63,66,68,79,82,87" machi="68" ten="20,5200,0" yaku="1,1,0,1,7,1,54,1,53,0" doraHai="119" doraHaiUra="106" who="2" fromWho="2" sc="250,-26,250,-13,240,62,250,-13" /><INIT seed="1,0,0,1,3,124" ten="224,237,302,237" oya="1" hai0="114,37,41,58,50,54,35,111,76,84,11,71,46" hai1="55,74,13,16,104,52,99,69,132,100,39,118,109" hai2="122,127,31,108,131,18,115,107,62,30,87,67,9" hai3="135,28,66,44,98,6,85,49,25,78,68,106,47"/><U134/><E118/><V93/><F122/><W22/><G135/><N who="1" m="51754" /><E74/><V48/><F107/><W19/><G6/><T17/><D114/><U79/><E79/><V23/><F127/><W70/><G66/><T83/><D35/><U80/><E80/><V3/><F115/><W2/><G2/><T60/><D111/><U82/><E82/><V133/><F108/><W105/><G47/><T89/><D11/><N who="1" m="6207" /><E109/><V4/><F133/><W128/><G78/><T43/><D43/><U123/><E123/><V88/><F48/><W63/><G85/><T94/><D17/><U112/><E112/><V121/><F131/><W97/><G63/><T113/><D113/><U1/><E1/><V120/><F120/><W103/><G128/><T42/><D42/><U26/><E39/><V119/><F119/><W51/><G19/><T129/><D129/><U86/><E69/><V36/><F36/><W10/><G10/><T102/><D102/><U101/><E86/><V77/><F77/><W21/><G21/><T38/><REACH who="0" step="1"/><D71/><REACH who="0" ten="214,237,302,237" step="2"/><U12/><E101/><V5/><F121/><W116/><G116/><T20/><D20/><U57/><E26/><V29/><F5/><W72/><G68/><T126/><D126/><U65/><E12/><V81/><F23/><W27/><G70/><T61/><D61/><AGARI ba="0,1" hai="52,55,57,61,65,99,100,104" m="6207,51754" machi="61" ten="30,5800,0" yaku="20,1,54,2" doraHai="124" who="1" fromWho="0" sc="214,-58,237,68,302,0,237,0" /><INIT seed="1,1,0,4,3,115" ten="156,305,302,237" oya="1" hai0="60,38,47,50,83,75,108,29,122,73,30,133,94" hai1="21,95,86,26,90,68,71,76,36,87,35,114,17" hai2="103,70,61,23,54,80,25,132,64,107,45,32,55" hai3="59,100,40,134,57,51,92,111,33,22,101,123,127"/><U56/><E114/><V129/><F129/><W7/><G33/><T130/><D38/><U93/><E36/><V18/><F132/><W27/><G123/><T16/><D133/><U46/><E46/><V20/><F45/><N who="3" m="26023" /><G134/><T53/><D130/><U13/><E56/><N who="3" m="21578" /><G111/><T110/><D60/><U8/><E35/><V4/><F4/><W69/><G69/><T88/><D122/><U1/><E1/><V5/><F5/><W2/><G2/><T28/><D108/><U72/><E72/><V15/><F80/><W121/><G121/><T3/><D3/><U128/><E128/><V43/><F43/><W116/><G7/><T37/><D37/><U65/><E65/><V125/><F125/><W41/><G41/><T52/><D53/><U78/><E78/><V97/><REACH who="2" step="1"/><F32/><REACH who="2" ten="156,305,292,237" step="2"/><W105/><G127/><T42/><D42/><U77/><E77/><V48/><F48/><W119/><G105/><T106/><D106/><U84/><E76/><V135/><F135/><W0/><G0/><T96/><D110/><U12/><E95/><V58/><F58/><W131/><G92/><T104/><D104/><U10/><E71/><V126/><F126/><W11/><G131/><T99/><D83/><U49/><E68/><V124/><F124/><W118/><G11/><N who="1" m="4138" /><E49/><V117/><F117/><W9/><G9/><T120/><D120/><U6/><E6/><V82/><F82/><W98/><G98/><AGARI ba="1,1" hai="12,13,17,21,26,84,86,87,90,93,98" m="4138" machi="98" ten="30,1500,0" yaku="8,1" doraHai="115" who="1" fromWho="3" sc="156,0,305,28,292,0,237,-18" /><INIT seed="1,2,0,3,4,68" ten="156,333,292,219" oya="1" hai0="122,116,103,53,123,69,106,114,76,21,85,80,29" hai1="108,78,77,117,32,42,88,35,93,40,60,8,66" hai2="61,23,37,14,19,118,67,102,86,92,99,110,51" hai3="64,112,26,113,41,72,127,10,12,115,4,15,79"/><U30/><E117/><V28/><F118/><W33/><G64/><T1/><D116/><U13/><E108/><V111/><F28/><N who="3" m="19607" /><G79/><T45/><D1/><U90/><E30/><V57/><F51/><W54/><G54/><T5/><D5/><U82/><E32/><V130/><F130/><W55/><G55/><T63/><D114/><U11/><E35/><V73/><F73/><W70/><G41/><T84/><D84/><U126/><E126/><V97/><F86/><W47/><G47/><T71/><D29/><U95/><E13/><V65/><F65/><W17/><G70/><T2/><D21/><U52/><E66/><V50/><F50/><W98/><G98/><T31/><D31/><U132/><E132/><V75/><F75/><W36/><G36/><T27/><D27/><U129/><E52/><V16/><F37/><W100/><G100/><T62/><D2/><U87/><E87/><V128/><F128/><W59/><G59/><N who="0" m="35183" /><D45/><U81/><REACH who="1" step="1"/><E129/><REACH who="1" ten="156,323,292,219" step="2"/><V133/><F133/><W3/><G72/><T119/><D119/><U121/><E121/><V135/><F135/><W83/><G127/><T104/><D123/><U44/><E44/><V96/><F111/><W107/><G112/><T105/><D122/><U48/><E48/><V24/><F110/><W18/><G113/><T56/><D69/><U0/><E0/><V6/><F6/><W131/><G131/><T74/><D71/><U25/><E25/><V125/><F125/><W46/><G3/><T91/><D85/><U58/><E58/><V34/><F34/><W9/><G115/><T101/><D91/><RYUUKYOKU ba="2,1" sc="156,10,323,10,292,10,219,-30" hai0="56,63,74,76,80,101,103,104,105,106" hai1="8,11,40,42,60,77,78,81,82,88,90,93,95" hai2="14,16,19,23,24,57,61,67,92,96,97,99,102" /><INIT seed="1,3,1,5,5,22" ten="166,333,302,189" oya="1" hai0="111,32,125,87,104,4,42,46,65,109,8,131,92" hai1="100,44,59,48,62,40,72,16,98,41,95,113,33" hai2="97,45,63,56,31,6,112,133,75,34,27,57,60" hai3="19,123,80,10,67,24,134,73,103,14,93,81,47"/><U28/><E113/><V90/><F75/><W78/><G123/><T89/><D104/><U53/><E72/><V102/><F112/><W52/><G134/><T99/><D32/><U126/><E126/><V37/><F133/><W29/><G67/><T5/><D125/><U135/><E135/><V129/><F129/><W77/><G93/><T1/><D131/><U114/><E114/><V51/><F6/><W58/><G47/><T3/><D65/><U76/><E76/><N who="3" m="29290" /><G103/><T23/><D23/><U55/><E28/><V64/><F90/><W122/><G122/><T105/><D105/><U13/><E33/><V124/><F124/><W49/><G73/><T69/><D69/><U82/><E82/><V86/><F86/><W0/><G0/><T91/><D4/><U84/><E84/><V50/><F37/><W17/><G29/><T21/><D21/><AGARI ba="3,1" hai="13,16,21,40,41,44,48,53,55,59,62,95,98,100" machi="21" ten="30,5800,0" yaku="7,1,8,1,54,1" doraHai="22" who="1" fromWho="0" sc="166,-67,333,77,302,0,189,0" /><AGARI ba="3,0" hai="10,14,17,19,21,24,49,52,58,80,81" m="29290" machi="21" ten="30,3900,0" yaku="8,1,52,1,54,1" doraHai="22" who="3" fromWho="0" sc="99,-39,410,0,302,0,189,39" /><INIT seed="1,4,0,4,1,35" ten="60,410,302,228" oya="1" hai0="2,42,78,49,16,103,135,55,69,46,87,39,51" hai1="14,15,97,54,91,89,79,64,40,4,27,77,113" hai2="82,111,130,131,70,116,61,29,65,129,101,99,85" hai3="60,67,3,123,110,37,94,119,63,115,22,133,56"/><U23/><E113/><V1/><F116/><W11/><G123/><T96/><D135/><U31/><E40/><V125/><F111/><W107/><G107/><T117/><D69/><U83/><E64/><V76/><F29/><W28/><G115/><T34/><D34/><U50/><E79/><V36/><F36/><W30/><G37/><T58/><D117/><U7/><E7/><V48/><F48/><W47/><G110/><T93/><D16/><U32/><E32/><V75/><F125/><W84/><G47/><T90/><D78/><U132/><E132/><V68/><F85/><W80/><G94/><T109/><D109/><U43/><E97/><V120/><F120/><W62/><G119/><T108/><D108/><U127/><E127/><V0/><F70/><W106/><G106/><AGARI ba="4,0" hai="0,1,61,65,68,75,76,82,99,101,106,129,130,131" machi="106" ten="40,8000,1" yaku="19,1,23,2,52,2" doraHai="35" who="2" fromWho="3" sc="60,0,410,0,302,92,228,-92" /><INIT seed="2,0,0,3,2,21" ten="60,410,394,136" oya="2" hai0="100,69,56,97,63,103,45,42,43,116,44,127,60" hai1="131,94,79,35,6,55,66,89,47,108,104,18,77" hai2="0,83,109,84,62,26,5,117,31,130,13,135,121" hai3="126,112,76,64,74,17,52,101,107,57,9,93,85"/><V14/><F117/><W87/><G126/><T86/><D86/><U34/><E104/><V123/><F130/><W67/><G112/><T7/><D7/><U27/><E108/><V2/><F62/><W73/><G107/><T11/><D11/><U46/><E131/><V8/><F84/><W4/><G17/><T71/><D97/><N who="1" m="57551" /><E34/><N who="2" m="20855" /><F83/><N who="3" m="47335" /><G73/><T96/><D96/><U49/><E35/><V120/><F109/><W22/><G22/><T90/><D90/><U88/><E66/><V12/><F135/><W124/><G74/><T110/><D110/><U32/><E32/><V20/><F20/><W128/><G128/><T125/><REACH who="0" step="1"/><D56/><REACH who="0" ten="50,410,394,136" step="2"/><U105/><E6/><V72/><F72/><W133/><G87/><T81/><D81/><U95/><E79/><V99/><F99/><W33/><G9/><T37/><D37/><U10/><E77/><V23/><F23/><W118/><G4/><T65/><D65/><U40/><E10/><V38/><F38/><W19/><G33/><T91/><D91/><U115/><E88/><V113/><F113/><W70/><G64/><T24/><D24/><U61/><E27/><V50/><F50/><W36/><G67/><T15/><D15/><AGARI ba="0,1" hai="0,2,5,8,12,13,14,15,120,121,123" m="20855" machi="15" ten="40,7700,0" yaku="34,2,52,1" doraHai="21" who="2" fromWho="0" sc="50,-77,410,0,394,87,136,0" owari="-27,-52.7,410,21.0,481,58.1,136,-26.4" /></mjloggm>