<mjloggm ver="2.3"><GO type="225" lobby="0"/><UN n0="%E3%83%81%E3%83%83%E3%82%BF%E3%82%BD%E3%83%BC" n1="%E3%81%95%E3%81%8D%E3%81%9F%E3%81%BE%E6%9E%97%E6%AA%8E" n2="%E5%8F%AF%E5%85%90%E9%82%A3%E7%94%B1%E5%A4%9A" n3="%E5%91%A8%E6%9D%B1" dan="16,16,16,17" rate="2083.75,2082.46,2135.93,2204.18" sx="F,M,F,M"/><TAIKYOKU oya="0"/><INIT seed="0,0,0,0,3,17" ten="250,250,250,250" oya="0" hai0="16,125,115,28,85,43,134,119,122,24,110,22,117" hai1="88,59,120,90,129,61,73,30,93,11,86,72,70" hai2="121,135,91,19,127,7,104,79,132,74,15,44,6" hai3="9,53,41,96,106,25,82,56,80,97,108,31,13"/><T126/><D115/><U4/><E129/><V12/><F104/><W112/><G108/><T34/><D43/><U2/><E120/><V75/><F121/><W107/><G112/><T58/><D122/><U5/><E70/><V128/><F128/><W48/><G41/><T99/><D99/><U8/><E30/><V33/><F33/><W78/><G106/><T0/><D58/><U37/><E90/><V89/><F44/><W81/><G78/><T18/><D85/><U116/><E37/><V29/><F19/><N who="0" m="7210" /><D134/><U68/><E68/><V100/><F79/><W124/><G124/><N who="0" m="47723" /><D110/><U103/><E103/><V87/><F127/><W20/><REACH who="3" step="1"/><G107/><REACH who="3" ten="250,250,250,240" step="2"/><T62/><D62/><U32/><E116/><N who="0" m="44617" /><D0/><U109/><E109/><V51/><F135/><W65/><G65/><T76/><D76/><U95/><E2/><V118/><F132/><W21/><G21/><AGARI ba="0,1" hai="21,22,24,28,34" m="44617,47723,7210" machi="21" ten="40,18000,2" yaku="18,1,34,2,52,2,54,1" doraHai="17" who="0" fromWho="3" sc="250,190,250,0,250,0,240,-180" /><INIT seed="0,1,0,1,4,72" ten="440,250,250,60" oya="0" hai0="134,20,0,69,24,51,48,110,93,59,112,81,49" hai1="66,123,38,73,31,67,15,131,88,85,75,7,23" hai2="50,135,22,46,116,6,114,103,33,68,27,39,120" hai3="132,34,56,19,32,55,128,12,62,63,126,125,2"/><T5/><D112/><U119/><E123/><V74/><F120/><W113/><G113/><T98/><D69/><U37/><E119/><V10/><F114/><W106/><G106/><T102/><D134/><U40/><E131/><V96/><F116/><W89/><G2/><T70/><D70/><U25/><E73/><V118/><F118/><W83/><G132/><T90/><D110/><U14/><E75/><V54/><F135/><W124/><G128/><T115/><D115/><U130/><E130/><V109/><F109/><W76/><G89/><T121/><D121/><U95/><E38/><V3/><F68/><W97/><G63/><T94/><D81/><U61/><E61/><V122/><F122/><W44/><G44/><T30/><D5/><U129/><E129/><V107/><F74/><W105/><G97/><T9/><D9/><U41/><E37/><V133/><F133/><W1/><G1/><T16/><D0/><U65/><E7/><V28/><REACH who="2" step="1"/><F39/><REACH who="2" ten="440,250,240,60" step="2"/><W117/><G117/><T104/><D104/><U8/><E8/><V92/><F92/><W47/><G105/><T111/><D111/><U79/><E79/><V86/><F86/><N who="3" m="48487" /><G47/><T36/><D36/><U26/><E85/><V87/><F87/><W53/><G53/><T101/><D59/><U11/><E95/><V100/><F100/><N who="0" m="38506" /><D93/><U91/><E11/><AGARI ba="1,1" hai="11,12,19,32,34,55,56,62,124,125,126" m="48487" machi="11" ten="30,2000,0" yaku="18,1,52,1" doraHai="72" who="3" fromWho="1" sc="440,0,250,-23,240,0,60,33" /><INIT seed="1,0,0,5,2,46" ten="440,227,240,93" oya="1" hai0="88,125,69,116,77,42,13,76,4,122,26,75,72" hai1="35,109,57,18,27,87,82,126,20,36,68,53,29" hai2="93,99,28,5,90,133,132,110,66,92,7,54,104" hai3="81,127,40,56,44,115,45,74,102,97,52,48,100"/><U78/><E36/><V101/><F110/><W108/><G115/><T86/><D69/><U41/><E41/><V117/><F117/><W33/><G33/><T32/><D116/><U91/><E68/><V73/><F73/><W51/><G108/><T135/><D125/><U89/><E126/><V84/><F66/><W3/><G127/><T124/><D124/><U31/><E109/><V59/><F28/><W80/><G3/><T34/><D135/><N who="2" m="51786" /><F104/><W120/><G120/><T113/><D113/><U49/><REACH who="1" step="1"/><E31/><REACH who="1" ten="440,217,240,93" step="2"/><V12/><F12/><AGARI ba="0,1" hai="12,18,20,27,29,35,49,53,57,78,82,87,89,91" machi="12" ten="30,11600,0" yaku="1,1,2,1,7,1,52,1,53,0" doraHai="46" doraHaiUra="98" who="1" fromWho="2" sc="440,0,217,126,240,-116,93,0" /><INIT seed="1,1,0,2,5,47" ten="440,343,124,93" oya="1" hai0="83,101,97,6,63,65,23,68,132,95,80,44,30" hai1="112,124,78,48,17,86,84,114,12,98,57,19,28" hai2="58,13,107,89,77,14,4,10,90,123,135,113,20" hai3="2,7,120,115,108,38,104,0,69,59,34,22,41"/><U43/><E124/><V96/><F123/><W18/><G104/><T52/><D132/><U61/><E112/><V76/><F135/><W66/><G120/><T40/><D6/><U72/><E72/><V62/><F113/><W94/><G115/><T110/><D110/><U134/><E134/><V46/><F46/><W133/><G69/><T118/><D118/><U37/><E37/><V33/><F33/><W25/><G108/><T117/><D117/><U53/><E114/><V8/><F20/><W122/><G7/><T67/><D67/><U70/><E28/><V31/><F31/><W71/><G71/><T73/><D73/><U5/><E70/><V74/><F74/><W26/><G41/><T64/><D64/><U11/><E98/><V75/><F75/><W42/><G42/><T127/><D127/><U35/><E35/><V88/><F107/><W36/><G38/><T85/><D85/><U81/><E84/><V45/><F45/><AGARI ba="1,0" hai="5,11,12,17,19,43,45,48,53,57,61,78,81,86" machi="45" ten="40,12000,1" yaku="25,2,8,1,52,1" doraHai="47" who="1" fromWho="2" sc="440,0,343,123,124,-123,93,0" /><INIT seed="1,2,0,4,5,71" ten="440,466,1,93" oya="1" hai0="79,61,2,1,89,80,124,49,70,63,90,69,125" hai1="96,30,8,133,39,120,109,16,64,78,34,33,25" hai2="52,37,31,54,7,48,12,13,10,29,131,117,101" hai3="67,6,38,127,60,73,87,41,23,65,99,86,114"/><U134/><E120/><V36/><F117/><W105/><G73/><T116/><D49/><U75/><E64/><V40/><F101/><W112/><G23/><T102/><D102/><U128/><E128/><V18/><F40/><W84/><G6/><T76/><REACH who="0" step="1"/><D80/><REACH who="0" ten="430,466,1,93" step="2"/><N who="1" m="45151" /><E39/><V47/><F131/><W123/><G38/><T108/><D108/><U9/><E109/><V20/><F37/><W72/><G114/><T95/><D95/><U100/><E34/><V53/><F36/><W110/><G112/><T22/><D22/><N who="1" m="13511" /><E33/><V93/><F93/><W97/><G110/><T50/><D50/><U32/><E32/><V17/><F7/><W92/><G92/><T88/><D88/><U82/><E82/><V68/><F68/><W45/><G123/><T44/><D44/><U83/><E83/><V121/><F121/><W77/><G45/><T0/><D0/><U35/><E35/><V42/><AGARI ba="2,1" hai="10,12,13,17,18,20,29,31,42,47,48,52,53,54" machi="42" ten="30,4000,0" yaku="0,1,8,1,54,1" doraHai="71" who="2" fromWho="2" sc="430,-12,466,-22,1,56,93,-12" /><INIT seed="2,0,0,3,0,23" ten="418,444,57,81" oya="2" hai0="91,56,129,47,85,117,133,38,20,92,111,77,100" hai1="87,29,106,11,52,78,82,73,58,103,134,55,84" hai2="43,62,127,109,35,135,1,59,96,16,32,88,21" hai3="37,70,83,51,128,107,19,63,126,9,7,93,48"/><V2/><F43/><W118/><G107/><T57/><D111/><U5/><E134/><V130/><F135/><W97/><G37/><T105/><D133/><U112/><E112/><V22/><F109/><W45/><G118/><T18/><D129/><U74/><E74/><V68/><F68/><W44/><G128/><T67/><D117/><U132/><E132/><V60/><F130/><W39/><G39/><T65/><D77/><U24/><E106/><V64/><F127/><W119/><G126/><T121/><D121/><U53/><E103/><V90/><F59/><W6/><G83/><T108/><D108/><U76/><E58/><V26/><F96/><W10/><G63/><T98/><D56/><U80/><E73/><V114/><F114/><W61/><G61/><T102/><D102/><U50/><E50/><V115/><F115/><W124/><G70/><T95/><D57/><U110/><E110/><V75/><F75/><W3/><G124/><T125/><D105/><U86/><E86/><V0/><F21/><W25/><G119/><T66/><D125/><U94/><E94/><V123/><F123/><W101/><G48/><T31/><D31/><U99/><E99/><V34/><REACH who="2" step="1"/><F64/><REACH who="2" ten="418,444,47,81" step="2"/><W46/><G51/><T15/><D38/><U33/><E55/><V41/><F41/><W36/><G36/><T13/><D47/><U17/><E17/><V30/><F30/><W69/><G69/><T54/><D54/><U131/><E131/><V40/><F40/><W122/><G122/><T113/><D113/><U71/><E71/><V116/><F116/><W81/><G45/><RYUUKYOKU ba="0,1" sc="418,10,444,10,47,10,81,-30" hai0="13,15,18,20,65,66,67,85,91,92,95,98,100" hai1="5,11,24,29,33,52,53,76,78,80,82,84,87" hai2="0,1,2,16,22,26,32,34,35,60,62,88,90" /><INIT seed="2,1,1,5,2,18" ten="428,454,57,51" oya="2" hai0="59,104,131,95,61,6,58,126,110,42,32,15,78" hai1="37,130,67,51,22,86,133,17,52,28,132,34,123" hai2="40,27,124,62,39,91,9,94,38,29,30,41,70" hai3="50,8,117,26,2,79,46,129,119,65,82,97,87"/><V112/><F112/><W125/><G125/><T24/><D104/><U53/><E37/><V43/><F124/><W105/><G129/><T92/><D126/><U128/><E123/><V21/><F30/><W33/><G65/><T3/><D3/><U57/><E67/><V76/><F76/><W127/><G127/><T11/><D131/><N who="1" m="50219" /><E28/><V23/><F70/><W20/><G33/><T135/><D135/><U36/><E36/><V88/><F62/><W12/><G2/><T13/><D42/><U63/><E86/><N who="2" m="52503" /><F38/><W134/><G134/><T0/><D110/><U121/><E121/><V96/><F39/><W98/><G105/><T109/><D109/><U73/><E73/><V74/><F74/><W111/><G111/><T55/><D78/><U101/><E34/><V71/><F71/><W100/><G100/><T89/><D58/><N who="1" m="35271" /><E101/><V83/><F9/><W10/><G10/><T108/><D108/><U64/><E64/><V106/><F106/><W72/><G72/><T84/><D95/><U93/><E93/><N who="2" m="56383" /><F83/><W7/><G119/><T114/><D114/><U77/><E77/><V115/><F115/><W31/><REACH who="3" step="1"/><G117/><REACH who="3" ten="428,454,57,41" step="2"/><T48/><D32/><U56/><E133/><V66/><F66/><W49/><G49/><T68/><D48/><U19/><E132/><V75/><F75/><W14/><G14/><T120/><D120/><U5/><E51/><V122/><F122/><W44/><G44/><T25/><D68/><U102/><E102/><V60/><F60/><W118/><G118/><T80/><D0/><U107/><E107/><V69/><F69/><W90/><G90/><RYUUKYOKU ba="1,2" sc="428,-15,454,-15,57,15,41,15" hai2="21,23,27,29,40,41,43" hai3="7,8,12,20,26,31,46,50,79,82,87,97,98" /><INIT seed="2,2,2,1,3,50" ten="413,439,72,56" oya="2" hai0="17,110,26,123,48,72,47,69,87,57,94,75,59" hai1="88,56,78,41,25,10,67,74,12,121,38,82,109" hai2="20,84,80,81,86,112,54,98,85,3,24,33,61" hai3="120,36,62,91,28,51,77,52,113,111,7,100,27"/><V131/><F112/><W105/><G120/><T102/><D69/><U2/><E121/><V16/><F3/><W126/><G36/><T90/><D123/><U8/><E109/><V124/><F33/><W83/><G111/><T18/><D110/><U5/><E25/><V44/><F124/><W46/><G126/><T95/><D72/><U130/><E130/><V133/><F131/><W127/><G127/><T30/><D75/><U63/><E88/><N who="2" m="51207" /><F133/><W45/><G113/><T101/><D17/><U65/><E65/><V103/><F81/><W108/><G108/><T71/><D71/><U89/><E89/><V107/><F107/><W122/><G122/><T14/><D26/><U73/><E73/><V31/><F31/><W1/><G91/><T35/><D30/><U134/><E134/><V129/><F129/><W4/><G1/><T32/><D35/><U99/><E99/><V60/><F98/><W76/><G105/><T64/><D32/><U15/><E10/><V58/><F103/><N who="0" m="39434" /><D64/><U49/><E49/><N who="2" m="28967" /><F61/><W70/><G100/><T53/><D95/><U0/><E0/><V79/><F79/><N who="3" m="30283" /><G83/><T117/><D117/><U118/><E118/><V128/><F128/><W104/><G104/><T9/><AGARI ba="2,2" hai="9,14,18,47,48,53,57,59,87,90,94" m="39434" machi="9" ten="30,2000,0" yaku="8,1,52,1" doraHai="50" who="0" fromWho="0" sc="413,46,439,-7,72,-12,56,-7" /><INIT seed="3,0,0,3,5,54" ten="459,432,60,49" oya="3" hai0="83,10,109,49,29,88,20,79,44,26,114,91,62" hai1="37,71,3,126,112,15,87,46,85,57,66,47,130" hai2="117,55,80,1,105,41,60,8,14,13,51,98,110" hai3="81,32,36,12,121,19,104,134,76,90,5,125,133"/><W38/><G121/><T40/><D109/><U16/><E112/><V135/><F117/><W28/><G104/><T34/><D114/><U22/><E71/><V111/><F135/><N who="3" m="51723" /><G125/><T52/><D34/><U65/><E130/><V42/><F1/><W120/><G120/><T4/><D62/><N who="1" m="38095" /><E126/><V2/><F2/><W69/><G69/><T96/><D40/><U23/><E3/><V77/><F105/><W122/><G122/><T11/><D96/><U31/><E37/><V103/><F98/><W92/><G5/><T18/><D29/><U48/><E66/><V25/><F41/><W129/><G129/><T89/><REACH who="0" step="1"/><D4/><REACH who="0" ten="449,432,60,49" step="2"/><U21/><E31/><V73/><F111/><W59/><G28/><T94/><D94/><U68/><E68/><V115/><F110/><W43/><G43/><T39/><D39/><U84/><E48/><V106/><F51/><W124/><G32/><T82/><D82/><U33/><E33/><V99/><F42/><W131/><G124/><T86/><AGARI ba="0,1" hai="10,11,18,20,26,44,49,52,79,83,86,88,89,91" machi="86" ten="30,8000,1" yaku="1,1,0,1,8,1,54,2,53,0" doraHai="54" doraHaiUra="100" who="0" fromWho="0" sc="449,90,432,-20,60,-20,49,-40" owari="539,63.9,412,21.2,40,-36.0,9,-49.1" /></mjloggm>