<mjloggm ver="2.3"><GO type="225" lobby="0"/><UN n0="%E5%91%A8%E6%9D%B1" n1="%E3%83%A9%E3%83%BC%E3%83%A1%E3%83%B3%E4%BA%94%E9%83%8E" n2="%E9%A6%AC%E5%BC%95%E7%81%AB%33" n3="%74%61%6B%65%2D%79%6F%75" dan="17,16,16,16" rate="2142.20,2155.27,2136.77,2095.12" sx="M,M,M,M"/><TAIKYOKU oya="0"/><INIT seed="0,0,0,5,0,21" ten="250,250,250,250" oya="0" hai0="87,64,31,101,74,80,9,82,29,71,48,94,66" hai1="25,99,34,35,45,60,14,114,127,81,79,83,52" hai2="37,28,130,113,96,118,76,23,92,32,49,59,97" hai3="86,36,20,13,43,116,40,119,93,17,124,70,104"/><T54/><D74/><U134/><E127/><V129/><F113/><W69/><G104/><T50/><D71/><U12/><E114/><V8/><F32/><W77/><G124/><T103/><D9/><U3/><E3/><V33/><F33/><W62/><G70/><T7/><D94/><U38/><E134/><V58/><F37/><W98/><G36/><T41/><D87/><U72/><E38/><V15/><F118/><W106/><G116/><T65/><D54/><U63/><E99/><V102/><F76/><W100/><G119/><T112/><D112/><U123/><E123/><V16/><F97/><W26/><G69/><T19/><D19/><U67/><E83/><N who="0" m="31785" /><D7/><U39/><E39/><V120/><F120/><W133/><G133/><T30/><D41/><U117/><E117/><V108/><F108/><W90/><G77/><T53/><D53/><U75/><E75/><V57/><REACH who="2" step="1"/><F49/><AGARI ba="0,0" hai="29,30,31,48,49,50,64,65,66,101,103" m="31785" machi="49" ten="40,7700,0" yaku="28,2,8,1" doraHai="21" who="0" fromWho="2" sc="250,77,250,0,250,-77,250,0" /><INIT seed="0,1,0,1,3,70" ten="327,250,173,250" oya="0" hai0="35,99,28,59,69,121,37,80,126,82,20,130,53" hai1="100,66,51,1,60,56,12,125,47,97,73,104,101" hai2="90,129,49,43,22,95,111,105,123,67,31,5,64" hai3="65,88,113,119,15,14,107,86,87,106,29,41,89"/><T63/><D121/><U61/><E125/><V112/><F112/><W81/><G119/><T40/><D126/><U11/><E73/><V42/><F123/><W94/><G113/><T2/><D2/><U48/><E1/><V127/><F105/><W45/><G29/><T23/><D130/><U103/><E61/><V32/><F32/><W85/><G65/><T122/><D35/><U77/><E77/><V71/><F127/><W92/><G106/><T114/><D69/><U26/><E26/><V79/><F129/><W98/><G107/><T0/><D0/><U39/><E51/><V108/><F79/><W33/><G33/><T17/><D99/><U7/><REACH who="1" step="1"/><E39/><REACH who="1" ten="327,240,173,250" step="2"/><V135/><F49/><N who="3" m="26799" /><G86/><T19/><D37/><U24/><E24/><V110/><F110/><W36/><G36/><T124/><D124/><U57/><E57/><V68/><F68/><W84/><G85/><T16/><D114/><U9/><E9/><V58/><F71/><W134/><G134/><T34/><D122/><U75/><E75/><V120/><F135/><W30/><G30/><T3/><D3/><U118/><E118/><V52/><F120/><W25/><G25/><T50/><D28/><U55/><AGARI ba="1,1" hai="7,11,12,47,48,55,56,60,66,97,100,101,103,104" machi="55" ten="20,5200,0" yaku="1,1,0,1,7,1,53,1" doraHai="70" doraHaiUra="44" who="1" fromWho="1" sc="327,-27,240,65,173,-14,250,-14" /><INIT seed="1,0,0,4,5,113" ten="300,305,159,236" oya="1" hai0="79,117,116,83,19,5,72,55,91,119,0,106,11" hai1="77,47,62,63,13,125,135,124,90,131,65,87,12" hai2="95,86,114,98,30,42,52,39,134,20,1,108,18" hai3="60,38,94,50,73,101,74,49,23,31,17,9,24"/><U59/><E131/><V130/><F130/><W6/><G38/><T69/><D69/><U81/><E135/><V68/><F134/><W66/><G73/><T78/><D106/><U75/><E47/><V57/><F114/><W109/><G74/><T4/><D79/><U36/><E36/><V122/><F122/><W89/><G17/><T43/><D43/><U44/><E44/><V7/><F108/><W29/><G29/><T127/><D127/><N who="1" m="48715" /><E62/><V112/><F112/><W120/><G109/><T105/><D105/><U37/><E37/><V102/><F68/><W54/><G54/><T71/><D71/><U123/><E123/><V48/><F30/><W100/><G100/><T40/><D40/><U132/><E132/><V104/><F7/><W76/><G76/><T80/><D55/><U14/><E14/><V46/><F1/><W85/><G101/><T67/><D67/><U121/><E121/><V25/><REACH who="2" step="1"/><F86/><REACH who="2" ten="300,305,149,236" step="2"/><W128/><G128/><T103/><D5/><U64/><E64/><V22/><F22/><W3/><G120/><T33/><D19/><U111/><E111/><V27/><F27/><W97/><G85/><N who="0" m="50599" /><D33/><U92/><AGARI ba="0,1" hai="12,13,59,63,65,75,77,81,87,90,92" m="48715" machi="92" ten="30,1500,0" yaku="18,1" doraHai="113" who="1" fromWho="1" sc="300,-5,305,25,149,-5,236,-5" /><INIT seed="1,1,0,0,2,108" ten="295,330,144,231" oya="1" hai0="113,17,27,22,124,16,39,88,95,119,90,98,133" hai1="111,33,24,67,92,21,74,58,86,68,3,61,89" hai2="11,37,65,70,122,13,40,126,7,132,115,12,52" hai3="120,83,44,25,82,9,109,91,0,99,30,35,53"/><U87/><E74/><V10/><F122/><W55/><G109/><T123/><D119/><U131/><E131/><V57/><F126/><W127/><G120/><T101/><D123/><U41/><E111/><V94/><F132/><W93/><G127/><T23/><D124/><U129/><E129/><V134/><F134/><W47/><G47/><T128/><D133/><U8/><E33/><V105/><F105/><W66/><G66/><T4/><D128/><U15/><E3/><V29/><F29/><W106/><G106/><T79/><D39/><U31/><E41/><V45/><F94/><W49/><REACH who="3" step="1"/><G55/><REACH who="3" ten="295,330,144,221" step="2"/><T84/><D113/><U85/><REACH who="1" step="1"/><E68/><REACH who="1" ten="295,320,144,221" step="2"/><V96/><F115/><W76/><G76/><T51/><D79/><U103/><E103/><V117/><F117/><W71/><G71/><T121/><D121/><U43/><E43/><V78/><F78/><W114/><G114/><T1/><D101/><U64/><E64/><V110/><F110/><W135/><G135/><T50/><D90/><U73/><E73/><V102/><F65/><W125/><G125/><T81/><D88/><U6/><AGARI ba="1,2" hai="6,8,15,21,24,31,58,61,67,85,86,87,89,92" machi="6" ten="20,7800,0" yaku="1,1,0,1,7,1,8,1,53,0" doraHai="108" doraHaiUra="75" who="1" fromWho="1" sc="295,-27,320,101,144,-27,221,-27" /><INIT seed="1,2,0,1,1,57" ten="268,421,117,194" oya="1" hai0="122,128,15,31,114,49,43,54,0,68,115,100,132" hai1="133,38,72,26,81,7,82,2,120,19,32,8,46" hai2="118,103,95,77,52,22,60,12,14,83,126,113,111" hai3="39,86,56,79,85,102,44,78,23,34,90,75,130"/><U69/><E120/><V48/><F118/><W98/><G34/><T4/><D122/><U37/><E133/><V65/><F111/><W20/><G130/><T3/><D68/><U1/><E1/><V47/><F126/><W36/><G75/><T74/><D74/><U6/><E6/><V29/><F113/><W125/><G125/><T91/><D128/><U73/><E69/><V121/><F121/><W17/><G44/><T99/><D132/><U67/><E67/><V107/><F107/><W16/><G56/><T127/><D3/><U51/><E82/><V63/><F65/><W62/><G98/><T76/><D0/><U25/><E25/><N who="2" m="16567" /><F95/><W28/><G90/><T112/><D91/><U93/><E93/><V40/><F40/><W53/><G53/><T123/><D54/><U64/><E64/><V119/><F103/><W84/><G84/><T55/><D100/><U35/><E35/><V33/><F33/><W97/><G97/><T30/><D99/><U45/><E32/><V61/><F119/><W108/><G102/><T59/><D123/><U42/><E37/><V58/><F47/><W116/><G116/><T10/><D127/><U21/><E81/><V80/><F80/><W96/><G96/><T66/><D43/><AGARI ba="2,0" hai="2,7,8,19,21,26,38,42,43,45,46,51,72,73" machi="43" ten="30,1500,0" yaku="7,1" doraHai="57" who="1" fromWho="0" sc="268,-21,421,21,117,0,194,0" /><INIT seed="1,3,0,5,3,97" ten="247,442,117,194" oya="1" hai0="45,12,78,110,88,25,54,59,66,126,105,37,116" hai1="135,130,18,33,123,79,4,16,35,132,82,62,74" hai2="67,99,122,87,129,43,80,21,75,11,0,50,55" hai3="41,10,34,64,20,120,128,32,81,47,7,84,101"/><U6/><E123/><V112/><F122/><W9/><G128/><T14/><D105/><U48/><E130/><V40/><F129/><W52/><G64/><T104/><D104/><U17/><E48/><V114/><F75/><W76/><G120/><T3/><D3/><U118/><E118/><V24/><F67/><W5/><G20/><T1/><D1/><U26/><E62/><V70/><F70/><W102/><G32/><N who="1" m="12362" /><E26/><V8/><F99/><W19/><G34/><T2/><D2/><U58/><E58/><V23/><F50/><N who="3" m="28767" /><G41/><T95/><D116/><U29/><E29/><V113/><F0/><W63/><G63/><T61/><D61/><U127/><E127/><V38/><F55/><W111/><G111/><T68/><D110/><U119/><E119/><V131/><F131/><W36/><G36/><T42/><D126/><U94/><E94/><V89/><F23/><W134/><G134/><AGARI ba="3,0" hai="4,6,16,17,18,74,79,82,132,134,135" m="12362" machi="134" ten="40,3900,0" yaku="20,1,54,1" doraHai="97" who="1" fromWho="3" sc="247,0,442,48,117,0,194,-48" /><INIT seed="1,4,0,5,4,105" ten="247,490,117,146" oya="1" hai0="123,131,91,44,61,21,13,113,60,98,23,95,114" hai1="16,82,119,47,36,40,101,112,96,51,62,65,45" hai2="15,28,77,89,14,64,129,1,50,133,80,126,42" hai3="27,124,110,86,118,88,3,57,9,17,19,59,35"/><U18/><E112/><V94/><F1/><W48/><G110/><T109/><D109/><U53/><E82/><V135/><F64/><W125/><G118/><T39/><D39/><U11/><E11/><V55/><F42/><W93/><G35/><T54/><D131/><U81/><E81/><V103/><F103/><W6/><G57/><T108/><D108/><U117/><E117/><V106/><F28/><W127/><REACH who="3" step="1"/><G27/><REACH who="3" ten="247,490,117,136" step="2"/><T104/><D114/><U58/><REACH who="1" step="1"/><E119/><REACH who="1" ten="247,480,117,136" step="2"/><V79/><F129/><W122/><G122/><T78/><D123/><U66/><E66/><V63/><F133/><W90/><G90/><T130/><D91/><U41/><E41/><V43/><F43/><W8/><G8/><T72/><D113/><U83/><E83/><V33/><F80/><W73/><G73/><T71/><D72/><U25/><E25/><V29/><F135/><W70/><G70/><T22/><D71/><U102/><E102/><V92/><F89/><W121/><G121/><T128/><D130/><U46/><E46/><V34/><F79/><W75/><G75/><T52/><D78/><U67/><E67/><V132/><F77/><W68/><G68/><T107/><D44/><U4/><E4/><V2/><F132/><W87/><G87/><T7/><D7/><U69/><E69/><V37/><F55/><AGARI ba="4,2" hai="3,6,9,17,19,48,55,59,86,88,93,124,125,127" machi="55" ten="40,5200,0" yaku="1,1,18,1,54,1,53,0" doraHai="105" doraHaiUra="76" who="3" fromWho="2" sc="247,0,480,0,117,-64,136,84" /><INIT seed="2,0,0,0,4,134" ten="247,480,53,220" oya="2" hai0="104,106,70,94,53,25,114,34,87,17,59,66,14" hai1="101,116,22,77,107,108,120,6,135,74,92,24,95" hai2="79,35,65,124,29,58,76,133,97,44,115,98,16" hai3="128,47,84,5,130,38,100,123,56,33,49,89,126"/><V81/><F115/><W113/><G123/><T0/><D0/><U119/><E120/><V1/><F1/><W12/><G33/><T62/><D114/><U75/><E6/><V83/><F133/><W132/><G132/><T68/><D68/><U19/><E135/><V82/><F44/><W40/><G100/><T23/><D34/><U45/><E107/><V88/><F35/><W36/><G113/><T30/><D87/><U7/><E7/><V71/><F71/><W48/><G48/><T50/><D94/><U129/><E74/><V8/><F29/><W60/><G12/><T46/><D70/><U51/><E75/><V4/><F4/><W69/><G5/><T41/><D41/><U10/><E10/><V2/><F2/><W109/><G109/><T43/><D43/><U37/><E37/><V122/><F122/><W112/><G112/><T11/><AGARI ba="0,0" hai="11,14,17,23,25,30,46,50,53,59,62,66,104,106" machi="11" ten="20,1500,0" yaku="0,1,7,1" doraHai="134" who="0" fromWho="0" sc="247,15,480,-4,53,-7,220,-4" /><INIT seed="3,0,0,5,0,24" ten="262,476,46,216" oya="3" hai0="56,85,125,124,98,42,25,2,102,128,26,12,61" hai1="18,117,114,69,130,54,40,111,19,60,39,68,48" hai2="46,126,94,0,97,4,6,49,63,7,90,53,11" hai3="10,73,70,82,58,35,9,115,89,3,22,87,103"/><W81/><G70/><T50/><D2/><U5/><E114/><V36/><F126/><N who="0" m="48746" /><D128/><U28/><E130/><V129/><F129/><W33/><G115/><T1/><D1/><U118/><E111/><V59/><F36/><W23/><G3/><T131/><D131/><U135/><E28/><V105/><F105/><W14/><G14/><T32/><D32/><U74/><E74/><V8/><F0/><W77/><G58/><T96/><D85/><U44/><E135/><V43/><F43/><W95/><G103/><T52/><D12/><U57/><E5/><V122/><F122/><W15/><G10/><T91/><D91/><U38/><E38/><V64/><F64/><W62/><G62/><T88/><D88/><U16/><E69/><V123/><F123/><W134/><G134/><T104/><D98/><U132/><E132/><V20/><F49/><W127/><G35/><T76/><D76/><U99/><E99/><V121/><F46/><AGARI ba="0,0" hai="25,26,42,46,50,52,56,61,96,102,104" m="48746" machi="46" ten="30,2000,0" yaku="18,1,54,1" doraHai="24" who="0" fromWho="2" sc="262,20,476,0,46,-20,216,0" owari="282,8.2,476,57.6,26,-47.4,216,-18.4" /></mjloggm>