<mjloggm ver="2.3"><GO type="225" lobby="0"/><UN n0="%E3%83%A9%E3%83%BC%E3%83%A1%E3%83%B3%E4%BA%94%E9%83%8E" n1="%E6%B7%91%E5%A5%B3%E3%81%AE%E5%97%9C%E3%81%BF" n2="%41%6F%54" n3="%E3%81%BF%E3%81%BF%E3%81%9A" dan="16,16,16,18" rate="2125.70,2139.12,2066.85,2208.02" sx="M,M,M,M"/><TAIKYOKU oya="0"/><INIT seed="0,0,0,0,3,48" ten="250,250,250,250" oya="0" hai0="124,63,81,111,41,110,34,9,68,1,65,16,77" hai1="49,38,55,39,87,30,72,36,70,19,92,93,102" hai2="27,69,134,118,116,20,97,51,6,56,50,74,106" hai3="0,54,5,122,57,2,126,24,90,96,11,26,98"/><T95/><D34/><U44/><E72/><V128/><F69/><W4/><G126/><T84/><D124/><U121/><E121/><V131/><F6/><W109/><G109/><N who="0" m="41483" /><D41/><U89/><E70/><V25/><F74/><W10/><G122/><T15/><D95/><U101/><E30/><V120/><F120/><W133/><G133/><T119/><D1/><U23/><REACH who="1" step="1"/><E92/><REACH who="1" ten="250,240,250,250" step="2"/><V46/><F134/><W130/><G130/><T42/><D42/><U71/><E71/><V115/><F128/><W43/><G43/><T47/><D47/><U21/><E21/><V99/><F20/><W17/><G17/><T112/><D112/><U18/><E18/><V114/><F46/><W35/><G35/><T28/><D28/><U86/><E86/><V67/><F131/><W53/><G57/><T125/><D125/><U37/><N who="1" m="9216" /><DORA hai="52" /><U100/><E100/><V79/><F56/><W75/><G75/><T33/><D33/><U40/><E40/><V59/><F59/><W12/><G12/><AGARI ba="0,1" hai="12,19,23,44,49,55,87,89,93,101,102" m="9216" machi="12" ten="70,4500,0" yaku="1,1,52,1,53,0" doraHai="48,52" doraHaiUra="127,107" who="1" fromWho="3" sc="250,0,240,55,250,0,250,-45" /><INIT seed="1,0,0,2,0,94" ten="250,295,250,205" oya="1" hai0="124,128,12,129,96,5,61,113,79,130,8,15,53" hai1="74,86,45,32,29,118,126,135,2,18,27,33,31" hai2="28,3,52,90,46,16,70,104,19,91,37,62,35" hai3="51,64,20,9,60,50,100,97,69,123,134,110,23"/><U58/><E74/><V115/><F115/><W48/><G123/><T108/><D113/><U93/><E118/><V88/><F3/><W84/><G110/><T54/><D108/><U10/><E126/><V0/><F0/><W44/><G134/><T117/><D117/><U121/><E121/><V95/><F104/><W6/><G84/><T26/><D124/><U105/><E105/><V21/><F35/><W66/><G66/><T82/><D26/><U49/><E135/><V4/><F4/><W71/><G71/><T77/><D15/><U30/><E58/><N who="2" m="35143" /><F70/><W25/><G44/><T42/><D42/><U55/><E2/><V56/><F37/><W73/><G73/><T43/><D43/><U36/><E36/><V98/><F46/><W106/><REACH who="3" step="1"/><G25/><REACH who="3" ten="250,295,250,195" step="2"/><T109/><D109/><U83/><E27/><N who="2" m="16495" /><F56/><W13/><AGARI ba="0,1" hai="6,9,13,20,23,48,50,51,60,64,69,97,100,106" machi="13" ten="30,4000,0" yaku="1,1,0,1,52,1,53,0" doraHai="94" doraHaiUra="80" who="3" fromWho="3" sc="250,-10,295,-20,250,-10,195,50" /><INIT seed="2,0,0,2,3,71" ten="240,275,240,245" oya="2" hai0="123,92,135,55,51,54,122,125,99,37,80,132,112" hai1="59,119,89,75,25,95,98,20,97,36,103,128,24" hai2="64,94,39,3,110,81,11,129,126,102,104,111,86" hai3="32,134,121,120,49,84,91,73,15,42,127,17,19"/><V78/><F104/><W85/><G73/><T66/><D112/><U12/><E119/><V118/><F118/><W101/><G32/><T22/><D125/><U16/><E75/><V70/><F126/><W5/><G127/><T26/><D66/><U130/><E59/><V45/><F129/><N who="1" m="49769" /><E36/><V68/><F102/><W8/><G101/><T4/><D4/><U113/><E113/><V100/><F3/><W58/><G134/><N who="0" m="51243" /><D80/><U40/><E40/><N who="2" m="22687" /><F11/><W2/><G121/><N who="0" m="46091" /><D51/><U117/><E117/><V61/><F61/><W79/><G120/><T88/><D37/><U48/><E48/><V77/><F77/><W35/><G2/><T44/><D44/><U31/><E31/><AGARI ba="0,0" hai="22,26,31,54,55,88,92,99" m="46091,51243" machi="31" ten="30,2000,0" yaku="20,1,54,1" doraHai="71" who="0" fromWho="1" sc="240,20,275,-20,240,0,245,0" /><INIT seed="3,0,0,4,0,78" ten="260,255,240,245" oya="3" hai0="4,94,63,79,122,123,48,120,74,54,27,121,51" hai1="43,13,97,90,118,80,82,125,64,77,59,6,10" hai2="7,30,52,113,50,67,44,107,40,134,39,91,46" hai3="81,36,23,15,88,14,68,34,119,57,84,58,71"/><W31/><G119/><T100/><D123/><U115/><E115/><V108/><F107/><W2/><G2/><T26/><D4/><U60/><E125/><V96/><F113/><W132/><G36/><T47/><D63/><U56/><E118/><V127/><F127/><W38/><G38/><T49/><D49/><U25/><E43/><V109/><F7/><W117/><G117/><T11/><D11/><U19/><E59/><N who="3" m="22538" /><G34/><T106/><D106/><U70/><E70/><V62/><F30/><W101/><G68/><T0/><D0/><U69/><E77/><V61/><F67/><W20/><G71/><T16/><D51/><U83/><E69/><V110/><F134/><W24/><G132/><T93/><D100/><U17/><E25/><V130/><F130/><W111/><G111/><T98/><D98/><U135/><E135/><V72/><F72/><W53/><G101/><T75/><D75/><U124/><E124/><V112/><F112/><W32/><G32/><T18/><D74/><U131/><E131/><V37/><F37/><W114/><G114/><T86/><D121/><U99/><E99/><V95/><AGARI ba="0,0" hai="39,40,44,46,50,52,61,62,91,95,96,108,109,110" machi="95" ten="40,5200,0" yaku="0,1,14,1,54,1" doraHai="78" who="2" fromWho="2" sc="260,-13,255,-13,240,52,245,-26" /><INIT seed="4,0,0,4,4,129" ten="247,242,292,219" oya="0" hai0="26,61,30,124,31,89,47,22,6,86,45,51,72" hai1="90,56,67,105,88,1,83,33,92,41,130,64,126" hai2="70,112,17,135,115,13,55,97,116,131,68,52,108" hai3="87,123,84,104,80,58,106,9,63,96,54,65,10"/><T133/><D72/><U11/><E105/><V127/><F131/><W77/><G123/><T122/><D122/><U91/><E130/><V110/><F135/><W4/><G9/><T107/><D107/><U21/><E33/><V37/><F37/><W85/><G106/><T39/><D39/><U40/><E83/><V69/><F97/><W125/><G125/><T59/><D124/><U35/><E35/><V43/><F43/><W15/><G104/><T94/><D133/><U128/><E92/><V60/><F116/><W120/><G120/><T5/><D31/><U71/><E71/><V98/><F98/><W48/><REACH who="3" step="1"/><G96/><REACH who="3" ten="247,242,292,209" step="2"/><T36/><D36/><U111/><E128/><V121/><F121/><W2/><G2/><T27/><D27/><U28/><E1/><V34/><F127/><W29/><G29/><T7/><REACH who="0" step="1"/><D51/><REACH who="0" ten="237,242,292,209" step="2"/><U3/><E28/><V117/><F117/><W24/><G24/><T132/><D132/><U19/><E126/><V73/><F108/><W49/><G49/><T74/><D74/><U53/><E111/><V109/><F73/><W79/><G79/><T8/><D8/><U99/><E11/><V81/><F109/><W118/><G118/><T57/><D57/><AGARI ba="0,2" hai="4,10,15,48,54,57,58,63,65,77,80,84,85,87" machi="57" ten="30,3900,0" yaku="1,1,7,1,8,1,53,0" doraHai="129" doraHaiUra="119" who="3" fromWho="0" sc="237,-39,242,0,292,0,209,59" /><INIT seed="5,0,0,0,1,113" ten="198,242,292,268" oya="1" hai0="101,64,66,102,47,134,29,107,30,80,131,54,42" hai1="23,132,46,57,34,77,123,100,12,11,108,21,83" hai2="109,91,44,128,61,62,125,95,94,25,16,37,17" hai3="15,112,78,39,18,79,0,69,56,103,26,73,82"/><U99/><E123/><V118/><F109/><W63/><G0/><T67/><D131/><U70/><E70/><V135/><F118/><W27/><G39/><T50/><D134/><U65/><E34/><V93/><F128/><W24/><G69/><T14/><D107/><U49/><E132/><V6/><F6/><W111/><G111/><T41/><D80/><U7/><E108/><V19/><F135/><W106/><G112/><T1/><D1/><U4/><E4/><V10/><F125/><W38/><G38/><T97/><D14/><U51/><E65/><V43/><F10/><W22/><G79/><T84/><D84/><U75/><E57/><V104/><F104/><W59/><G59/><T127/><D127/><U35/><E35/><V72/><F72/><W20/><G103/><N who="0" m="39435" /><D97/><U71/><E71/><V117/><F117/><W13/><G106/><T33/><D33/><U48/><REACH who="1" step="1"/><E46/><REACH who="1" ten="198,232,292,268" step="2"/><V31/><F44/><W76/><G56/><T52/><D41/><U122/><E122/><V92/><F43/><W89/><G63/><T88/><D88/><U87/><E87/><V81/><F62/><W105/><G89/><T96/><D96/><U98/><E98/><V60/><F60/><W90/><G90/><T119/><D119/><U126/><E126/><V110/><F61/><W68/><G68/><T133/><D133/><U74/><E74/><V85/><F110/><W86/><G73/><T36/><D36/><U45/><E45/><V115/><F37/><W129/><G129/><T120/><D120/><U3/><E3/><V8/><N who="2" m="23552" /><DORA hai="40" /><V9/><F115/><RYUUKYOKU ba="0,1" sc="198,10,232,10,292,10,268,-30" hai0="29,30,42,47,50,52,54,64,66,67" hai1="7,11,12,21,23,48,49,51,75,77,83,99,100" hai2="8,9,16,17,19,25,31,81,85,91" /><INIT seed="5,1,1,5,5,87" ten="208,242,302,238" oya="1" hai0="77,37,81,124,89,12,128,49,34,131,123,118,16" hai1="85,100,5,127,17,125,106,36,52,29,78,134,88" hai2="22,41,23,35,1,45,61,67,104,114,30,59,68" hai3="32,26,3,80,84,28,11,115,130,129,135,99,96"/><U14/><E36/><N who="2" m="21671" /><F1/><W76/><G115/><T48/><D118/><U75/><E134/><V92/><F92/><W25/><G135/><T20/><D124/><N who="1" m="47691" /><E29/><V46/><F46/><W69/><G69/><T9/><D123/><U83/><E5/><V33/><F33/><W103/><G26/><T71/><D34/><U13/><E52/><V111/><F111/><W60/><G60/><T57/><D71/><U105/><E100/><V95/><F95/><W107/><G99/><T21/><D37/><U120/><E120/><V58/><F58/><W119/><G119/><T126/><D126/><U66/><E66/><V44/><F44/><W133/><G133/><T19/><D9/><N who="1" m="6319" /><E14/><V108/><F108/><W82/><G11/><T116/><D116/><U110/><E110/><V54/><F104/><W31/><G28/><T43/><D43/><U6/><E6/><V91/><F114/><W64/><G64/><T74/><D57/><U40/><E40/><V90/><F35/><W117/><G3/><T132/><D132/><U7/><E7/><V39/><F39/><W98/><G117/><T47/><D49/><U56/><E56/><V79/><F30/><W42/><G42/><T38/><D38/><U0/><E0/><V51/><F22/><W112/><G112/><T109/><D109/><U86/><E75/><V27/><F23/><W10/><G10/><T113/><D113/><U24/><E24/><V63/><F27/><W8/><G8/><T2/><D2/><U101/><E101/><V15/><F61/><W121/><G121/><T53/><D89/><N who="2" m="33802" /><F15/><AGARI ba="1,1" hai="12,15,16,19,20,21,47,48,53,74,77,81,128,131" machi="15" ten="40,2600,0" yaku="9,1,54,1" doraHai="87" who="0" fromWho="2" sc="208,39,242,0,302,-29,238,0" /><INIT seed="6,0,0,2,2,99" ten="247,242,273,238" oya="2" hai0="87,123,53,79,73,122,91,52,35,46,16,42,103" hai1="38,113,117,50,5,111,19,76,13,84,29,43,78" hai2="67,59,77,44,110,34,4,1,125,3,85,6,81" hai3="48,92,18,130,127,98,121,41,74,116,119,102,49"/><V30/><F125/><W26/><G74/><T134/><D35/><U100/><E117/><V72/><F110/><W45/><G121/><T31/><D31/><U7/><E111/><V24/><F72/><W9/><G127/><T75/><D134/><U23/><E38/><V109/><F109/><W82/><G130/><T33/><D33/><U69/><E69/><V11/><F44/><W61/><G82/><T131/><D131/><U66/><E113/><V56/><REACH who="2" step="1"/><F67/><REACH who="2" ten="247,242,263,238" step="2"/><W115/><G115/><T37/><D73/><U2/><E66/><V86/><F86/><W40/><G116/><T105/><D75/><U28/><E84/><V124/><F124/><W88/><G119/><T83/><D87/><U14/><E76/><V128/><F128/><W89/><G61/><T68/><D79/><U15/><E78/><V106/><F106/><W27/><G48/><T101/><D105/><U60/><E60/><V55/><F55/><W97/><G41/><T64/><D64/><U22/><E50/><V39/><F39/><W126/><G126/><T96/><D37/><U63/><E63/><V47/><F47/><W104/><REACH who="3" step="1"/><G89/><REACH who="3" ten="247,242,263,228" step="2"/><T32/><D91/><U71/><E43/><V17/><F17/><W118/><G118/><T80/><D16/><U20/><E19/><V93/><F93/><W108/><G108/><T94/><D42/><U65/><E65/><V107/><F107/><W120/><G120/><T36/><D123/><U112/><E112/><V25/><F25/><W10/><G10/><AGARI ba="0,2" hai="1,3,4,6,10,11,24,30,34,56,59,77,81,85" machi="10" ten="40,12000,1" yaku="1,1,9,1,53,2" doraHai="99" doraHaiUra="0" who="2" fromWho="3" sc="247,0,242,0,263,140,228,-120" owari="247,4.7,242,-15.8,403,50.3,108,-39.2" /></mjloggm>