<mjloggm ver="2.3"><GO type="225" lobby="0"/><UN n0="%E6%98%93%E5%88%A9%E8%96%A9%E4%BC%AF" n1="%E6%81%A5%E6%99%92%E3%81%97" n2="%E3%83%81%E3%83%83%E3%82%BF%E3%82%BD%E3%83%BC" n3="%E5%B0%8F%E5%AE%AE%E3%81%9F%E3%81%9A%E3%81%8D" dan="17,16,16,16" rate="2197.98,2153.31,2180.58,2148.00" sx="F,M,F,F"/><TAIKYOKU oya="0"/><INIT seed="0,0,0,4,0,75" ten="250,250,250,250" oya="0" hai0="97,113,20,44,78,107,19,110,99,25,132,105,65" hai1="126,5,60,100,108,111,57,54,23,74,12,49,59" hai2="93,31,84,102,129,76,82,86,15,2,10,103,38" hai3="14,71,124,134,45,37,130,62,131,114,7,112,40"/><T27/><D113/><N who="3" m="43625" /><G14/><T33/><D132/><U1/><E1/><V92/><F38/><W52/><G7/><T61/><D110/><U41/><E126/><V9/><F129/><N who="3" m="49163" /><G124/><T95/><D44/><U0/><E74/><V101/><F31/><W80/><G80/><T79/><D99/><U47/><E100/><V51/><F2/><W77/><G77/><T56/><D105/><U43/><E0/><V48/><F9/><W8/><G8/><T109/><D107/><U3/><E3/><V35/><F35/><W36/><G134/><T30/><REACH who="0" step="1"/><D109/><REACH who="0" ten="240,250,250,250" step="2"/><U42/><E108/><V104/><F104/><W68/><G36/><T39/><D39/><U125/><E111/><V18/><REACH who="2" step="1"/><F86/><REACH who="2" ten="240,250,240,250" step="2"/><W16/><G37/><T127/><D127/><U55/><E125/><V32/><F32/><W4/><G40/><T21/><D21/><U94/><E23/><V17/><F17/><W6/><G16/><T50/><D50/><AGARI ba="0,2" hai="10,15,18,48,50,51,76,82,84,92,93,101,102,103" machi="50" ten="40,8000,1" yaku="1,1,8,1,52,1,53,1" doraHai="75" doraHaiUra="81" who="2" fromWho="0" sc="240,-80,250,0,240,100,250,0" /><INIT seed="1,0,0,5,0,31" ten="160,250,340,250" oya="1" hai0="76,22,45,6,30,122,117,82,69,89,103,72,55" hai1="40,84,135,108,26,130,44,46,99,48,51,9,83" hai2="50,52,35,126,67,33,88,58,61,10,85,111,7" hai3="37,3,131,134,120,23,8,87,81,102,66,125,86"/><U25/><E130/><V101/><F126/><W110/><G23/><T127/><D117/><U118/><E135/><V36/><F36/><W92/><G8/><T78/><D127/><U20/><E108/><V21/><F21/><W105/><G66/><T95/><D69/><U56/><E118/><V77/><F77/><W128/><G37/><T115/><D115/><U114/><E114/><V54/><F101/><W90/><G3/><T109/><D109/><U71/><E71/><V91/><F54/><W68/><G68/><T14/><D103/><U121/><E56/><V16/><F111/><W19/><G19/><T24/><D122/><U15/><E99/><V80/><F91/><W106/><G110/><T104/><D104/><U11/><E121/><V133/><F133/><W98/><G134/><T73/><D73/><U13/><E20/><V123/><F16/><W79/><G125/><T2/><D2/><U65/><E65/><V1/><F123/><W70/><G70/><AGARI ba="0,0" hai="1,7,10,33,35,50,52,58,61,67,70,80,85,88" machi="70" ten="30,8000,1" yaku="7,1,52,2,54,2" doraHai="31" who="2" fromWho="3" sc="160,0,250,0,340,80,250,-80" /><INIT seed="2,0,0,1,0,6" ten="160,250,420,170" oya="2" hai0="2,85,33,42,128,52,104,134,114,11,16,108,81" hai1="66,35,5,54,70,40,107,64,17,10,95,22,60" hai2="80,90,88,132,27,1,71,124,15,76,29,23,51" hai3="34,123,122,131,130,75,86,94,0,62,92,106,105"/><V48/><F132/><W97/><G34/><T100/><D114/><U49/><E107/><N who="3" m="40970" /><G62/><T118/><D33/><U59/><E35/><V57/><F124/><W93/><G0/><T103/><D42/><U68/><E40/><V98/><F71/><W4/><G4/><T38/><D38/><U9/><E95/><N who="3" m="36426" /><G86/><T84/><D108/><U112/><E112/><V110/><F110/><W46/><G46/><T111/><D111/><U18/><E5/><V74/><F1/><W3/><G3/><T32/><D32/><U12/><E18/><V45/><F98/><W19/><G19/><T31/><D31/><U73/><E73/><V63/><F15/><W116/><G75/><T89/><D104/><U96/><E96/><V125/><F125/><W121/><G116/><T56/><D118/><U39/><E39/><V37/><F37/><W101/><AGARI ba="0,0" hai="94,97,101,121,122,123,130,131" m="36426,40970" machi="101" ten="40,2700,0" yaku="34,2" doraHai="6" who="3" fromWho="3" sc="160,-7,250,-7,420,-13,170,27" /><INIT seed="3,0,0,3,5,109" ten="153,243,407,197" oya="3" hai0="127,125,16,11,4,3,53,106,65,128,2,39,101" hai1="94,61,116,12,49,84,38,134,37,107,66,20,18" hai2="70,62,67,52,90,130,42,98,121,59,115,55,88" hai3="82,31,7,36,9,74,118,73,43,131,72,108,0"/><W10/><G118/><T87/><D39/><U79/><E107/><V29/><F115/><W86/><G108/><T92/><D106/><U64/><E64/><V21/><F130/><W33/><G131/><T24/><D65/><U71/><E116/><V78/><F121/><W30/><G10/><T75/><D75/><U19/><E134/><V8/><F42/><W40/><G33/><T83/><D128/><U35/><E35/><V69/><F78/><W120/><G120/><T46/><D3/><U85/><E85/><V57/><F8/><W47/><REACH who="3" step="1"/><G43/><REACH who="3" ten="153,243,407,187" step="2"/><T60/><D125/><U45/><E20/><V32/><F21/><W6/><G6/><T5/><D127/><U114/><E114/><V122/><F122/><W26/><G26/><T56/><D5/><U27/><E27/><V102/><F32/><W110/><G110/><T44/><D24/><U103/><E12/><V113/><F113/><W111/><G111/><T77/><REACH who="0" step="1"/><D16/><REACH who="0" ten="143,243,407,187" step="2"/><U68/><E19/><V58/><F29/><W13/><G13/><T80/><D80/><U104/><E18/><V89/><F70/><W133/><G133/><T51/><D51/><U124/><E71/><V99/><F69/><W22/><G22/><T96/><AGARI ba="0,2" hai="2,4,11,44,46,53,56,60,77,83,87,92,96,101" machi="96" ten="30,2000,0" yaku="1,1,0,1,53,0" doraHai="109" doraHaiUra="119" who="0" fromWho="0" sc="143,40,243,-5,407,-5,187,-10" owari="183,-21.7,238,3.8,402,50.2,177,-32.3" /></mjloggm>