<mjloggm ver="2.3"><GO type="225" lobby="0"/><UN n0="%33%74%72%65%65" n1="%72%69%6F%75%63%68%61%6E" n2="%E6%98%BC%E4%B8%8B%E3%81%8C%E3%82%8A%E3%81%AE%E5%9B%A3%E5%9C%B0%E5%A6%BB" n3="%E3%83%81%E3%83%83%E3%82%BF%E3%82%BD%E3%83%BC" dan="17,16,16,16" rate="2131.98,2088.64,2148.84,2184.94" sx="F,M,F,F"/><TAIKYOKU oya="0"/><INIT seed="0,0,0,0,4,112" ten="250,250,250,250" oya="0" hai0="83,94,89,16,53,50,80,134,124,14,29,129,99" hai1="74,43,81,102,128,130,55,9,2,31,8,0,40" hai2="48,68,76,114,117,120,91,35,19,23,122,84,47" hai3="109,7,62,12,46,110,75,41,118,115,95,71,17"/><T34/><D34/><U64/><BYE who="0" /><E64/><UN n0="%33%74%72%65%65" /><V133/><F114/><W78/><G115/><T132/><D29/><U82/><E102/><V4/><F35/><W51/><G7/><T54/><D124/><U3/><E31/><V100/><F68/><W105/><G105/><T30/><D30/><U116/><E55/><V25/><F76/><W61/><G95/><T42/><D42/><N who="1" m="15915" /><E74/><V15/><F100/><W56/><G71/><T135/><D54/><U63/><E63/><V20/><F133/><W10/><G62/><T86/><D99/><U22/><E22/><V108/><F108/><N who="3" m="41579" /><G78/><T18/><D18/><U21/><E116/><V104/><F104/><W69/><G75/><T85/><D85/><U33/><E21/><V123/><F4/><W6/><G6/><T37/><D37/><U98/><E33/><V101/><F101/><W107/><G107/><T38/><D38/><U27/><E27/><V11/><F25/><W36/><G69/><T97/><D97/><U60/><E60/><V127/><F127/><W96/><G96/><T93/><D93/><U45/><E98/><V66/><F66/><N who="3" m="39207" /><G36/><T13/><D13/><U126/><E126/><V1/><F120/><W90/><G90/><T65/><D65/><U67/><E67/><V72/><F91/><W92/><G92/><T73/><D73/><U57/><E0/><V24/><F72/><W32/><G32/><T111/><D111/><U49/><E2/><V88/><F1/><W52/><G41/><T106/><D106/><U131/><E3/><V70/><F123/><W119/><AGARI ba="0,0" hai="10,12,17,46,51,52,118,119" m="39207,41579" machi="119" ten="30,7900,0" yaku="14,1,52,2,54,1" doraHai="112" who="3" fromWho="3" sc="250,-39,250,-20,250,-20,250,79" /><INIT seed="1,0,0,0,5,112" ten="211,230,230,329" oya="1" hai0="85,92,25,26,59,98,80,74,91,126,116,42,82" hai1="128,127,65,66,97,86,79,8,72,12,130,84,14" hai2="30,114,134,38,81,6,73,27,123,69,104,64,1" hai3="19,76,75,52,41,51,119,129,61,16,37,4,107"/><U43/><E127/><V93/><F123/><W96/><G129/><N who="1" m="49770" /><E43/><V113/><F93/><W15/><G61/><T106/><D126/><U67/><E97/><V135/><F104/><W105/><G41/><T115/><D115/><N who="2" m="44042" /><F38/><W53/><G37/><T83/><D116/><U40/><E40/><V33/><F64/><N who="1" m="16385" /><U117/><DORA hai="5" /><E117/><V45/><F45/><W11/><G119/><T35/><D42/><U100/><E100/><V36/><F69/><W121/><G121/><T88/><D106/><U68/><E68/><V133/><F36/><W95/><G105/><T54/><D35/><U87/><E8/><N who="2" m="2127" /><F81/><AGARI ba="0,0" hai="12,14,72,79,81,84,86,87" m="16385,49770" machi="81" ten="40,2000,0" yaku="19,1" doraHai="112,5" who="1" fromWho="2" sc="211,0,230,20,230,-20,329,0" /><INIT seed="1,1,0,3,5,98" ten="211,250,210,329" oya="1" hai0="16,41,29,90,110,57,114,111,105,79,40,25,48" hai1="82,124,12,5,94,113,55,128,43,17,96,115,10" hai2="4,130,0,56,119,26,131,129,65,75,102,133,72" hai3="118,78,134,126,68,13,24,71,30,11,81,125,70"/><U95/><E124/><N who="3" m="47722" /><G134/><T18/><D114/><U64/><E128/><V101/><F119/><W2/><G2/><T86/><D79/><U34/><E34/><V77/><F133/><W19/><G118/><T109/><D105/><U121/><E121/><V74/><F77/><W21/><G68/><T7/><D7/><U47/><E64/><V52/><F65/><W15/><G13/><T22/><D57/><U46/><E94/><V83/><F83/><W60/><G60/><T62/><D62/><U76/><E55/><V6/><F26/><W33/><G33/><T97/><D97/><U51/><E46/><V135/><F135/><W85/><AGARI ba="1,0" hai="11,15,19,21,24,30,70,71,78,81,85" m="47722" machi="85" ten="30,1100,0" yaku="18,1" doraHai="98" who="3" fromWho="3" sc="211,-4,250,-6,210,-4,329,14" /><INIT seed="2,0,0,0,4,11" ten="207,244,206,343" oya="2" hai0="86,79,28,92,5,24,17,40,102,65,32,13,109" hai1="46,128,126,74,35,67,75,131,33,12,39,95,112" hai2="19,25,64,90,103,43,132,82,91,85,9,130,108" hai3="88,122,89,111,121,51,66,105,119,94,83,76,31"/><V56/><F132/><W93/><G31/><T63/><D109/><U125/><E112/><V120/><F120/><N who="3" m="46187" /><G51/><T45/><D5/><U4/><E67/><V44/><F108/><W96/><G66/><T116/><D116/><U3/><E3/><V77/><F103/><N who="3" m="62695" /><G111/><T42/><D45/><U27/><E95/><N who="3" m="36362" /><G119/><T20/><D102/><U123/><E123/><V16/><F64/><W29/><G29/><T1/><D1/><U124/><E12/><V47/><F56/><W87/><AGARI ba="0,0" hai="76,83,87,88,89" m="36362,62695,46187" machi="87" ten="30,4000,0" yaku="34,2,54,1" doraHai="11" who="3" fromWho="3" sc="207,-10,244,-10,206,-20,343,40" /><INIT seed="3,0,0,0,5,73" ten="197,234,186,383" oya="3" hai0="96,50,74,37,56,21,27,76,43,98,97,70,18" hai1="79,67,23,4,28,106,31,90,61,0,45,25,13" hai2="109,19,84,44,133,103,69,75,113,5,1,63,93" hai3="9,51,39,129,81,120,89,2,35,130,126,15,33"/><W87/><G126/><T46/><D70/><U20/><E106/><V80/><F113/><W60/><G39/><T105/><D105/><U32/><E0/><V11/><F133/><W26/><G2/><T12/><D74/><U55/><E79/><V54/><F109/><W107/><G107/><T110/><D110/><U72/><E72/><V124/><F124/><W123/><G51/><N who="0" m="27103" /><D76/><U131/><E131/><N who="3" m="50186" /><G60/><T7/><D37/><U16/><E4/><V101/><F75/><W48/><G48/><T49/><D56/><N who="1" m="37287" /><E32/><N who="3" m="12362" /><G26/><T95/><D95/><U115/><E115/><V78/><F93/><W127/><G127/><T134/><D134/><U125/><E125/><V62/><F62/><W118/><G118/><T112/><D112/><U47/><E55/><V41/><F19/><AGARI ba="0,0" hai="9,15,19,81,87,89,120,123" m="12362,50186" machi="19" ten="30,1500,0" yaku="19,1" doraHai="73" who="3" fromWho="2" sc="197,0,234,0,186,-15,383,15" owari="197,-20.3,234,3.4,171,-32.9,398,49.8" /></mjloggm>