<mjloggm ver="2.3"><GO type="225" lobby="0"/><UN n0="%72%69%6F%75%63%68%61%6E" n1="%E7%9A%AE%E3%80%85" n2="%E3%83%A9%E3%82%B9%E7%8E%87%EF%BC%93%E5%89%B2" n3="%E5%91%A8%E6%9D%B1" dan="16,16,17,16" rate="2121.93,2188.81,2193.18,2189.69" sx="M,M,F,M"/><TAIKYOKU oya="0"/><INIT seed="0,0,0,3,2,133" ten="250,250,250,250" oya="0" hai0="69,92,135,40,134,41,53,94,104,114,36,26,49" hai1="79,16,11,88,56,4,22,14,9,98,130,48,51" hai2="28,74,8,131,84,27,0,122,63,25,62,117,129" hai3="2,111,66,18,89,112,97,68,121,109,46,73,105"/><T78/><D114/><U45/><E130/><N who="2" m="49675" /><F74/><W123/><G2/><T76/><D104/><U50/><E79/><N who="0" m="30249" /><D69/><U34/><E34/><V120/><F84/><W1/><G1/><T96/><D36/><U23/><E56/><V128/><N who="2" m="49683" /><V103/><DORA hai="10" /><F103/><N who="3" m="62703" /><G73/><T19/><D92/><N who="1" m="56583" /><E9/><V93/><F93/><W61/><G112/><T67/><D67/><U106/><E106/><V119/><F62/><W125/><G89/><N who="0" m="55375" /><D134/><U126/><E126/><V85/><F85/><W70/><G125/><T99/><D99/><U82/><E82/><V60/><F60/><W54/><G70/><T47/><D135/><U118/><E118/><N who="2" m="45067" /><F63/><W12/><G46/><T71/><D71/><U58/><E58/><V102/><F102/><W127/><G127/><T31/><D31/><U75/><E75/><V132/><F132/><W29/><G68/><T95/><D95/><U91/><E91/><V108/><F108/><W87/><G111/><T37/><D37/><U38/><E38/><V20/><F27/><W86/><G109/><T24/><D26/><N who="1" m="14663" /><E23/><AGARI ba="0,0" hai="19,23,24,40,41,47,49,53" m="55375,30249" machi="23" ten="30,1500,0" yaku="8,1" doraHai="133,10" who="0" fromWho="1" sc="250,15,250,-15,250,0,250,0" /><INIT seed="0,1,0,2,4,23" ten="265,235,250,250" oya="0" hai0="58,109,101,44,6,50,71,73,36,63,122,19,30" hai1="38,105,134,72,3,98,132,93,111,69,66,15,52" hai2="13,68,17,108,27,121,96,33,94,123,129,10,91" hai3="107,32,112,99,87,47,25,124,100,11,128,119,24"/><T116/><D116/><U135/><E72/><V14/><F108/><W102/><G119/><T56/><D122/><U60/><E3/><V26/><F129/><W117/><G117/><T29/><D73/><U64/><E111/><V80/><F33/><W77/><G112/><T65/><D109/><U120/><E120/><V37/><F121/><W57/><G128/><T1/><D101/><U45/><E105/><V76/><F123/><W18/><G32/><T81/><D19/><U21/><E66/><V125/><F68/><W53/><G124/><T55/><D81/><U43/><E15/><V118/><F37/><W20/><G11/><N who="0" m="2511" /><D56/><U113/><E113/><V79/><F118/><W90/><G47/><T46/><D44/><U126/><E126/><V40/><F40/><AGARI ba="1,0" hai="29,30,36,40,46,50,55,58,63,65,71" m="2511" machi="40" ten="30,1500,0" yaku="24,1" doraHai="23" who="0" fromWho="2" sc="265,18,235,0,250,-18,250,0" /><INIT seed="0,2,0,2,1,9" ten="283,235,232,250" oya="0" hai0="102,62,43,83,42,50,46,126,77,8,70,118,103" hai1="44,69,57,132,85,115,63,98,17,114,106,67,24" hai2="82,125,81,49,90,95,94,74,88,12,117,48,2" hai3="129,79,5,32,87,29,39,112,65,96,99,92,21"/><T14/><D118/><U72/><E72/><V11/><F2/><W84/><G39/><T33/><D126/><U36/><E132/><V41/><F125/><W124/><G124/><T22/><D33/><U54/><E85/><N who="2" m="52495" /><F74/><W110/><G32/><T86/><D42/><U75/><E75/><V55/><F41/><W30/><G112/><N who="1" m="43050" /><E36/><V116/><F116/><W59/><G129/><T105/><D105/><U107/><E44/><N who="2" m="28039" /><F49/><W101/><G110/><T19/><REACH who="0" step="1"/><D22/><REACH who="0" ten="273,235,232,250" step="2"/><N who="1" m="13391" /><E107/><V78/><F117/><W58/><G21/><T73/><D73/><U16/><E106/><V18/><F78/><W52/><G79/><T127/><D127/><U40/><E40/><V7/><F7/><W56/><G5/><T131/><D131/><U91/><E16/><V4/><F4/><W100/><G29/><T25/><D25/><U123/><E123/><V68/><F68/><W10/><G30/><T31/><D31/><U134/><E134/><V109/><F109/><W34/><G34/><T60/><D60/><U80/><E69/><V0/><F0/><W122/><G122/><T76/><D76/><U26/><E26/><V47/><F47/><W13/><G59/><T23/><D23/><U119/><E119/><V51/><F51/><W37/><G58/><T64/><AGARI ba="2,1" hai="8,14,19,43,46,50,62,64,70,77,83,86,102,103" machi="64" ten="30,11700,0" yaku="1,1,0,1,52,1,53,1" doraHai="9" doraHaiUra="15" who="0" fromWho="0" sc="273,133,235,-41,232,-41,250,-41" /><INIT seed="0,3,0,0,4,31" ten="406,194,191,209" oya="0" hai0="65,85,97,111,107,99,62,26,129,113,29,90,40" hai1="132,106,84,9,116,95,55,35,125,87,68,103,119" hai2="80,78,18,76,11,100,48,57,58,38,15,117,51" hai3="124,123,104,3,96,114,72,39,115,20,16,6,70"/><T63/><D113/><U12/><E68/><V49/><F38/><W45/><G72/><T92/><D129/><U71/><E71/><V32/><F117/><W37/><G70/><T98/><D111/><U66/><E66/><V112/><F112/><W19/><G124/><T93/><D107/><U25/><E125/><V43/><F100/><W81/><G81/><T13/><D40/><U110/><E110/><V10/><F43/><W52/><G123/><T27/><D13/><U118/><E132/><V34/><F11/><W105/><G6/><T75/><D75/><U8/><E55/><V21/><F21/><W47/><G20/><N who="0" m="15559" /><D27/><U128/><E128/><V133/><F133/><W7/><G7/><T50/><D50/><U22/><E106/><V122/><F122/><W89/><G3/><T14/><D14/><U53/><E53/><V56/><REACH who="2" step="1"/><F76/><REACH who="2" ten="406,194,181,209" step="2"/><W61/><G115/><T135/><D135/><U36/><E36/><V77/><F77/><W86/><G114/><T54/><D54/><U23/><E8/><V46/><F46/><W33/><G47/><T126/><D126/><U108/><E108/><V42/><F42/><W69/><G45/><T64/><D64/><U91/><E103/><V101/><F101/><W0/><G39/><T79/><D79/><U28/><REACH who="1" step="1"/><E84/><AGARI ba="3,1" hai="10,15,18,32,34,48,49,51,56,57,58,78,80,84" machi="84" ten="40,5200,0" yaku="1,1,52,2,53,0" doraHai="31" doraHaiUra="2" who="2" fromWho="1" sc="406,0,194,-61,181,71,209,0" /><INIT seed="1,0,0,0,0,126" ten="406,133,252,209" oya="1" hai0="30,31,2,71,123,94,55,39,102,58,66,135,42" hai1="29,34,96,46,112,119,95,3,100,14,15,132,9" hai2="13,38,12,103,110,62,60,85,98,57,131,87,4" hai3="27,129,54,72,36,105,99,40,32,37,28,115,101"/><U91/><E112/><V63/><F110/><W61/><G115/><T26/><D2/><U83/><E119/><V84/><F38/><W127/><G127/><T82/><D123/><U117/><E117/><V116/><F116/><W109/><G109/><T52/><D135/><U45/><E132/><V120/><F120/><W73/><G54/><T47/><D82/><U35/><E3/><V25/><F131/><W50/><G50/><N who="0" m="30999" /><D55/><U78/><E100/><V125/><F125/><W11/><G11/><T88/><D102/><U79/><E14/><V8/><F25/><W121/><G121/><T80/><D80/><U130/><E130/><V5/><F13/><W41/><G129/><T114/><D26/><U0/><E0/><V93/><REACH who="2" step="1"/><F5/><REACH who="2" ten="406,133,242,209" step="2"/><W108/><G108/><T111/><D111/><U76/><E83/><V128/><F128/><W22/><G37/><T90/><D114/><U53/><E29/><N who="0" m="10761" /><D94/><U133/><E133/><V49/><F49/><W56/><G36/><T16/><D16/><U97/><E97/><V113/><F113/><W23/><G99/><T70/><D70/><U10/><E10/><V59/><AGARI ba="0,1" hai="4,8,12,57,59,60,62,63,84,85,87,93,98,103" machi="59" ten="40,5200,0" yaku="1,1,0,1,8,1,53,0" doraHai="126" doraHaiUra="104" who="2" fromWho="2" sc="406,-13,133,-26,242,62,209,-13" /><INIT seed="2,0,0,3,5,124" ten="393,107,304,196" oya="2" hai0="135,10,4,93,97,26,103,50,25,20,24,128,115" hai1="30,132,1,102,65,49,108,17,53,73,109,67,76" hai2="71,84,7,29,28,85,56,46,87,42,12,119,9" hai3="95,75,55,36,101,22,106,57,111,40,83,58,51"/><V117/><F71/><W21/><G106/><T89/><D128/><U33/><E1/><V126/><F126/><W94/><G111/><T131/><D131/><U44/><E102/><V59/><F119/><W133/><G133/><T60/><D135/><U110/><E132/><V127/><F127/><W91/><G36/><T3/><D115/><U92/><E92/><V19/><F117/><W107/><G40/><T39/><D39/><U5/><E5/><V27/><F19/><W86/><G58/><T48/><D20/><U37/><E37/><V23/><REACH who="2" step="1"/><F29/><REACH who="2" ten="393,107,294,196" step="2"/><W80/><G101/><T104/><REACH who="0" step="1"/><D60/><REACH who="0" ten="383,107,294,196" step="2"/><U68/><E17/><V88/><F88/><W112/><G91/><T125/><D125/><U72/><E68/><V74/><F74/><W14/><G75/><N who="1" m="28746" /><E76/><V90/><F90/><W32/><G112/><T61/><D61/><U31/><E31/><V35/><F35/><W96/><G32/><T64/><D64/><N who="1" m="24651" /><E30/><V100/><F100/><W70/><G70/><T11/><D11/><U13/><E33/><V47/><F47/><W54/><G22/><T130/><D130/><U63/><E63/><V105/><F105/><W41/><G107/><T122/><D122/><U98/><E110/><V52/><F52/><W114/><G55/><T123/><D123/><U16/><E109/><V129/><F129/><W121/><G54/><T120/><D120/><U113/><E108/><V18/><F18/><W38/><G121/><T82/><D82/><U43/><E113/><V81/><F81/><W116/><G83/><T8/><D8/><N who="1" m="6183" /><E53/><V66/><F66/><W77/><G114/><RYUUKYOKU ba="0,2" sc="383,10,107,10,294,10,196,-30" hai0="3,4,10,24,25,26,48,50,89,93,97,103,104" hai1="43,44,49,98" hai2="7,9,12,23,27,28,42,46,56,59,84,85,87" /><INIT seed="2,1,2,0,0,100" ten="393,117,304,166" oya="2" hai0="48,112,76,43,72,4,11,69,26,12,8,74,56" hai1="101,110,17,135,53,36,52,82,2,0,84,130,41" hai2="66,14,116,129,120,47,75,87,57,86,109,92,23" hai3="6,77,25,50,104,123,108,32,65,40,63,133,111"/><V102/><F75/><W81/><G123/><T51/><D69/><U107/><E110/><N who="3" m="42026" /><G133/><T1/><D112/><U28/><E135/><V62/><F116/><W118/><G118/><T61/><D26/><U105/><E28/><V24/><F129/><W97/><G6/><T113/><D113/><U80/><E101/><V89/><F120/><W98/><G104/><N who="1" m="40010" /><E84/><V128/><F128/><W58/><G32/><T10/><D10/><U78/><E78/><V55/><F109/><W90/><G90/><T3/><D1/><N who="1" m="619" /><E130/><V119/><F119/><W115/><G25/><T27/><D27/><U131/><E131/><V49/><F14/><W68/><G115/><T114/><D114/><U18/><E41/><V37/><F37/><W134/><G134/><T127/><D43/><U45/><E45/><V9/><F9/><W29/><G29/><T121/><D121/><U44/><E44/><V42/><F102/><W124/><G40/><T125/><D76/><U73/><E73/><V106/><F106/><W70/><G50/><N who="0" m="18987" /><D3/><U79/><E79/><V46/><F87/><N who="3" m="48559" /><G97/><T60/><D11/><U67/><E67/><V95/><F95/><W19/><G98/><T31/><D31/><U34/><E34/><V7/><F7/><W22/><G58/><T33/><D33/><U21/><E36/><V13/><F13/><N who="3" m="9583" /><G70/><T126/><D56/><U85/><E85/><V83/><F92/><W96/><G96/><T93/><D93/><U16/><E21/><V99/><F99/><W20/><G20/><T103/><D103/><U15/><E15/><V59/><F42/><W88/><G88/><RYUUKYOKU ba="1,2" sc="393,0,117,0,304,0,166,0" hai0="4,8,12,60,61,72,74,125,126,127" hai1="16,17,18,52,53,80,82" hai2="23,24,46,47,49,55,57,59,62,66,83,86,89" hai3="63,65,68,124" /><INIT seed="2,2,2,3,5,109" ten="393,117,304,166" oya="2" hai0="87,126,18,99,128,78,38,27,46,102,113,40,66" hai1="51,39,120,73,24,69,118,63,48,106,95,134,36" hai2="31,68,119,4,131,91,21,86,79,90,72,22,125" hai3="35,80,19,132,37,59,33,13,50,81,61,3,88"/><V62/><F119/><W55/><G3/><T76/><D113/><U30/><E118/><V2/><F131/><W114/><G37/><T75/><D75/><U98/><E106/><V100/><F125/><W57/><G132/><T16/><D128/><U108/><E73/><V127/><F127/><W89/><G114/><T23/><D126/><U110/><E120/><V58/><F68/><W116/><G116/><T26/><D66/><U97/><E134/><V135/><F100/><W83/><G35/><T44/><D46/><U15/><E15/><V43/><F43/><W96/><G96/><N who="1" m="36970" /><E95/><V54/><F72/><W14/><G33/><T133/><D133/><U7/><E7/><V92/><F79/><W82/><N who="3" m="20480" /><DORA hai="122" /><W12/><REACH who="3" step="1"/><G19/><REACH who="3" ten="393,117,304,156" step="2"/><T112/><D112/><U42/><E36/><V20/><F2/><W94/><G94/><T67/><D87/><U8/><E39/><V32/><F135/><W124/><G124/><T11/><D78/><U34/><E8/><V29/><F32/><W115/><G115/><T64/><D11/><U41/><E41/><V129/><F129/><W84/><G84/><T53/><D76/><U47/><E42/><V123/><F123/><W71/><G71/><T0/><D0/><U60/><E69/><V117/><F117/><W105/><G105/><T104/><D40/><N who="1" m="24679" /><E51/><V93/><F4/><W17/><G17/><T101/><D38/><U1/><E1/><V111/><F93/><W74/><G74/><T52/><D102/><U10/><E10/><V6/><F6/><W9/><G9/><T56/><D101/><U28/><E28/><RYUUKYOKU ba="2,3" sc="393,-15,117,15,304,-15,156,15" hai1="24,30,34,60,63,108,110" hai3="12,13,14,50,55,57,59,61,88,89" /><INIT seed="3,3,3,2,5,60" ten="378,132,289,171" oya="3" hai0="9,83,117,26,77,37,5,74,64,134,93,105,122" hai1="13,63,68,65,58,111,70,19,86,57,51,90,25" hai2="125,54,102,89,8,113,121,80,97,120,22,119,47" hai3="4,107,112,11,91,132,115,34,7,103,40,48,55"/><W12/><G34/><T24/><D105/><U14/><E111/><V101/><F113/><W30/><G30/><T131/><D122/><N who="2" m="47210" /><F119/><W16/><G132/><T96/><D117/><U73/><E73/><V15/><F125/><W17/><G40/><T123/><D123/><U84/><E70/><V71/><F71/><W62/><G62/><T88/><D134/><U76/><E68/><V114/><F22/><W38/><G38/><T75/><D131/><U106/><E106/><V20/><F20/><W21/><G115/><T10/><D64/><U69/><E69/><V72/><F72/><W94/><G103/><T98/><D74/><U28/><E76/><V46/><F54/><W81/><G81/><T41/><D98/><U99/><E28/><V31/><F31/><W126/><G107/><T53/><D53/><N who="1" m="31935" /><E25/><V128/><F128/><W133/><G133/><T78/><D78/><U32/><E32/><V6/><F114/><W100/><G112/><T79/><D10/><N who="1" m="6583" /><E14/><V61/><F61/><W29/><G29/><T2/><D77/><U1/><E1/><V56/><F56/><N who="3" m="32871" /><G126/><T44/><AGARI ba="3,3" hai="2,5,9,24,26,37,41,44,75,79,83,88,93,96" machi="44" ten="30,7900,0" yaku="0,1,25,2,54,1" doraHai="60" who="0" fromWho="0" sc="378,118,132,-23,289,-23,171,-42" owari="496,59.6,109,-39.1,266,6.6,129,-27.1" /></mjloggm>