<mjloggm ver="2.3"><GO type="225" lobby="0"/><UN n0="%E3%81%95%E3%81%8D%E3%81%9F%E3%81%BE%E6%9E%97%E6%AA%8E" n1="%E3%81%8B%E3%82%8F%E3%81%A1%E3%82%83%E3%82%93%35%38" n2="%E7%9A%AE%E3%80%85" n3="%E3%81%8A%E3%81%AB%E3%82%83%E3%81%8A%E3%81%A1%E3%82%83" dan="16,16,16,16" rate="2129.54,2198.53,2176.55,2091.61" sx="M,M,M,M"/><TAIKYOKU oya="0"/><INIT seed="0,0,0,5,3,104" ten="250,250,250,250" oya="0" hai0="68,85,134,129,87,74,33,91,23,35,43,127,52" hai1="130,105,123,96,53,17,110,12,107,126,48,32,111" hai2="75,30,24,54,86,92,81,3,22,131,1,18,83" hai3="135,25,20,103,9,50,63,102,37,14,62,69,97"/><T73/><D43/><U90/><E123/><V0/><F131/><W98/><G37/><T109/><D68/><U100/><E32/><N who="0" m="12361" /><D23/><U99/><E130/><V114/><F114/><W65/><G135/><T71/><D71/><U61/><E61/><V95/><F54/><W41/><G62/><T94/><D129/><U55/><E126/><V6/><F30/><W121/><G121/><T119/><D119/><U79/><E79/><V4/><F81/><W2/><G2/><T88/><D52/><U76/><E76/><V72/><F92/><W5/><G41/><T40/><D40/><U116/><E116/><V106/><F95/><W45/><G45/><T36/><D36/><U56/><E55/><V78/><REACH who="2" step="1"/><F106/><REACH who="2" ten="250,250,240,250" step="2"/><W46/><G46/><T29/><D94/><N who="1" m="56407" /><E107/><V120/><F120/><W59/><G50/><T115/><D115/><U89/><E89/><N who="0" m="34377" /><D127/><U47/><E47/><V8/><F8/><W11/><G9/><T7/><D29/><U70/><E48/><V15/><F15/><W67/><G67/><T101/><D101/><N who="3" m="38409" /><G69/><T117/><D117/><U93/><E70/><V34/><F34/><W84/><G14/><T38/><D38/><U42/><E105/><V51/><F51/><W13/><G13/><T31/><D31/><U133/><E42/><V108/><F108/><N who="1" m="41513" /><E53/><V113/><F113/><W26/><G11/><T66/><D66/><U21/><E56/><V64/><F64/><W125/><G59/><T128/><D128/><U16/><E17/><V80/><F80/><W77/><G65/><T27/><D109/><U118/><E118/><V60/><F60/><RYUUKYOKU ba="0,1" sc="250,-15,250,15,240,15,250,-15" hai1="12,16,21,93,99,100,133" hai2="0,1,3,4,6,18,22,24,72,75,78,83,86" /><INIT seed="1,1,1,2,4,87" ten="235,265,255,235" oya="1" hai0="52,39,84,61,105,65,125,95,0,129,94,58,25" hai1="38,75,108,126,96,66,89,101,20,50,1,100,122" hai2="97,11,63,15,134,74,91,22,118,69,47,79,46" hai3="77,107,64,44,62,82,55,104,27,81,40,16,128"/><U114/><E114/><V71/><F118/><W135/><G128/><T24/><D105/><U86/><E122/><V9/><F134/><W26/><G135/><T32/><D0/><U5/><E38/><V70/><F63/><W31/><G55/><T30/><D129/><U35/><E35/><V99/><F22/><W98/><G16/><T18/><D125/><U21/><E75/><V132/><F132/><W115/><G115/><T127/><D127/><U12/><E1/><V54/><F9/><W7/><G7/><T36/><D65/><U4/><E66/><V37/><F54/><W48/><G27/><T88/><REACH who="0" step="1"/><D94/><REACH who="0" ten="225,265,255,235" step="2"/><U3/><E3/><V73/><F70/><W14/><G104/><T131/><D131/><U53/><E126/><V113/><F71/><W59/><G107/><T45/><D45/><U133/><E133/><V78/><F69/><W29/><G44/><T106/><D106/><U56/><E56/><V72/><F47/><W85/><G59/><T8/><D8/><U42/><E12/><V92/><F113/><W111/><G14/><T60/><D60/><U130/><E130/><V117/><F117/><W10/><G62/><T68/><D68/><U34/><E53/><V83/><F46/><W90/><G64/><T17/><D17/><U93/><E93/><V80/><F37/><W13/><G13/><T103/><D103/><U6/><E101/><V120/><F120/><W121/><G121/><T57/><D57/><U109/><E100/><N who="2" m="60455" /><F11/><W2/><G10/><T116/><D116/><U119/><E119/><V23/><F15/><W43/><G2/><RYUUKYOKU ba="1,2" sc="225,30,265,-10,255,-10,235,-10" hai0="18,24,25,30,32,36,39,52,58,61,84,88,95" /><INIT seed="2,2,2,4,0,97" ten="255,255,245,225" oya="2" hai0="18,15,89,33,53,45,26,87,121,119,16,129,100" hai1="46,63,134,50,8,128,61,114,60,43,86,67,30" hai2="83,81,55,107,36,120,133,0,135,57,93,65,58" hai3="29,51,22,4,131,105,47,27,68,17,54,104,19"/><V48/><F36/><W40/><G131/><T62/><D121/><U116/><E114/><V77/><F120/><W103/><G68/><T123/><D123/><U11/><E116/><V25/><F0/><W44/><G4/><T23/><D129/><U99/><E128/><V74/><F107/><W113/><G113/><T12/><D119/><U95/><E134/><N who="2" m="51211" /><F83/><W52/><G54/><T78/><D78/><U71/><E30/><V28/><F93/><W59/><G47/><T82/><D100/><N who="1" m="60543" /><E71/><V110/><F110/><W85/><G85/><T35/><D26/><U126/><E126/><V80/><F80/><W130/><G130/><T124/><D124/><U115/><E115/><V72/><F65/><W3/><G3/><T9/><D62/><U13/><E67/><V125/><F125/><W14/><G19/><T1/><D1/><U98/><E98/><V37/><F37/><W102/><G105/><T32/><D32/><U64/><E64/><V70/><F70/><W96/><G96/><T31/><D31/><U112/><E112/><V7/><F7/><W101/><G104/><T20/><D20/><U94/><E13/><V39/><F39/><W108/><G108/><T42/><D42/><U73/><E73/><N who="2" m="43183" /><F58/><W56/><REACH who="3" step="1"/><G40/><REACH who="3" ten="255,255,245,215" step="2"/><T84/><D84/><U5/><E5/><V122/><F122/><W75/><G75/><T41/><D41/><U106/><E106/><V38/><F38/><W66/><G66/><T118/><D118/><U117/><E117/><V79/><F79/><W92/><G92/><T49/><AGARI ba="2,3" hai="9,12,15,16,18,23,33,35,45,49,53,82,87,89" machi="49" ten="30,7900,0" yaku="0,1,25,2,54,1" doraHai="97" who="0" fromWho="0" sc="255,115,255,-22,245,-41,215,-22" /><INIT seed="3,0,0,5,4,94" ten="370,233,204,193" oya="3" hai0="102,41,43,110,63,40,105,13,5,20,23,19,39" hai1="51,82,64,120,65,101,34,48,108,104,56,117,128" hai2="81,35,93,22,91,6,87,4,54,135,66,111,116" hai3="124,1,134,59,77,70,72,75,98,14,16,107,61"/><W46/><G1/><T122/><D110/><U119/><E34/><V52/><F116/><N who="1" m="44617" /><E120/><V24/><F111/><W100/><G70/><T83/><D122/><U8/><E128/><V45/><F35/><W50/><G134/><T47/><D5/><N who="2" m="2154" /><F135/><W130/><G77/><T125/><D125/><U127/><E127/><V115/><F115/><W17/><G130/><T132/><D132/><U92/><E8/><V55/><F66/><W60/><G124/><T90/><D63/><U67/><E104/><V97/><F45/><W25/><G25/><T123/><D123/><U30/><E30/><N who="2" m="17687" /><F55/><W21/><G17/><T29/><D102/><AGARI ba="0,0" hai="52,54,81,87,91,93,97,102" m="17687,2154" machi="102" ten="30,3900,0" yaku="8,1,52,1,54,1" doraHai="94" who="2" fromWho="0" sc="370,-39,233,0,204,39,193,0" owari="331,43.1,233,-16.7,243,4.3,193,-30.7" /></mjloggm>