<mjloggm ver="2.3"><GO type="225" lobby="0"/><UN n0="%E3%82%BC%E3%83%AB%E3%83%80%E3%81%AE%E4%BC%9D%E8%AA%AC" n1="%E3%83%B4%E3%83%A0%EF%BC%99%E3%81%A6" n2="%E4%BF%BA%E3%81%A8%E5%A6%96%E5%A4%A2" n3="%4B%2E%32%2E%4B%2E" dan="17,17,16,16" rate="2136.79,2110.97,2236.49,2161.37" sx="M,M,F,M"/><TAIKYOKU oya="0"/><INIT seed="0,0,0,2,4,77" ten="250,250,250,250" oya="0" hai0="110,24,33,74,58,18,29,20,80,4,62,123,41" hai1="56,126,28,86,0,52,30,121,88,47,133,81,26" hai2="60,125,97,108,15,109,120,132,100,7,94,43,42" hai3="44,134,8,91,46,23,131,69,21,116,19,27,59"/><T106/><D123/><U90/><E121/><V16/><F120/><W39/><G69/><T130/><D106/><U89/><E0/><V93/><F132/><W98/><G134/><T72/><D130/><U102/><E133/><V48/><F125/><W117/><G131/><T14/><D110/><N who="2" m="42602" /><F7/><W31/><G39/><T64/><D41/><U113/><E113/><V25/><F25/><W107/><G8/><T35/><D35/><U38/><E126/><V96/><F48/><W71/><G71/><T40/><D40/><U83/><E38/><V70/><F60/><W124/><G124/><T22/><D22/><N who="1" m="15447" /><E30/><V76/><F76/><W1/><G1/><T92/><D92/><U66/><E102/><N who="2" m="60687" /><F70/><W84/><G59/><T104/><D104/><U75/><E75/><V57/><F57/><W9/><G46/><T127/><D127/><U111/><E111/><V95/><F95/><W12/><G44/><T63/><D4/><U51/><E83/><V82/><F82/><W105/><G105/><T78/><REACH who="0" step="1"/><D63/><AGARI ba="0,0" hai="47,51,52,56,63,66,81,86,88,89,90" m="15447" machi="63" ten="30,7700,0" yaku="8,1,52,1,54,2" doraHai="77" who="1" fromWho="0" sc="250,-77,250,77,250,0,250,0" /><INIT seed="1,0,0,3,0,59" ten="173,327,250,250" oya="1" hai0="15,58,57,76,60,106,24,68,45,44,129,74,62" hai1="40,95,81,127,101,37,66,135,35,17,38,3,65" hai2="83,79,94,123,49,12,71,110,0,75,109,122,39" hai3="73,72,104,69,28,20,8,120,87,92,42,54,13"/><U100/><E3/><V23/><F39/><W88/><G120/><N who="2" m="46121" /><F0/><W70/><G104/><T99/><D74/><U34/><E135/><V22/><F71/><W91/><G42/><T85/><D68/><U52/><E40/><V61/><F49/><W121/><G121/><T29/><D129/><U36/><E17/><V51/><F51/><W103/><G103/><T47/><D106/><U11/><E11/><V130/><F130/><W114/><G114/><T46/><N who="0" m="11264" /><DORA hai="111" /><T78/><D99/><U133/><E38/><V117/><F117/><W77/><G77/><N who="0" m="29803" /><D85/><U43/><E43/><V84/><F75/><W32/><G32/><T9/><D58/><U119/><E119/><V64/><F94/><N who="3" m="54559" /><G73/><T93/><D57/><U26/><E34/><V134/><F134/><W115/><G115/><T132/><D93/><U56/><E95/><V7/><F79/><W25/><G72/><T86/><D86/><U80/><E133/><V16/><F84/><W108/><G70/><T1/><D1/><U2/><E2/><V10/><F83/><W14/><G69/><T6/><D132/><U27/><E80/><V128/><F128/><W90/><G92/><T48/><D48/><U30/><E81/><V113/><F113/><W55/><G91/><T4/><D4/><U18/><E36/><V53/><F7/><N who="3" m="3231" /><G90/><T116/><D116/><U97/><E37/><V102/><F102/><W107/><G107/><T5/><D5/><U89/><E100/><V96/><F96/><W105/><G105/><T31/><D31/><U125/><E97/><V131/><F131/><W41/><G28/><RYUUKYOKU ba="0,0" sc="173,30,327,-10,250,-10,250,-10" hai0="6,9,15,24,29,60,62" /><INIT seed="2,1,0,2,5,100" ten="203,317,240,240" oya="2" hai0="18,70,73,37,22,8,26,58,16,59,114,107,80" hai1="49,76,61,91,53,39,29,123,42,113,15,10,106" hai2="62,35,4,93,116,14,38,134,55,54,40,128,126" hai3="11,6,41,34,23,104,88,127,48,32,132,109,30"/><V25/><F116/><W133/><G109/><T110/><D114/><U68/><E113/><V125/><F134/><N who="3" m="51819" /><G127/><N who="2" m="48649" /><F128/><W78/><G78/><T83/><D110/><U19/><E76/><V131/><F131/><W99/><G23/><T27/><D70/><U79/><E79/><V64/><F93/><N who="3" m="56743" /><G30/><T7/><D37/><U82/><E39/><V135/><F135/><W46/><G104/><T130/><D130/><U51/><E106/><V47/><F25/><W36/><G36/><T5/><D107/><U43/><E82/><N who="0" m="31273" /><D73/><U122/><E122/><V13/><F35/><W101/><G101/><T92/><D92/><U12/><E29/><V3/><F3/><AGARI ba="1,0" hai="3,6,11,32,34,41,46,48" m="56743,51819" machi="3" ten="30,2000,0" yaku="20,1,54,1" doraHai="100" who="3" fromWho="2" sc="203,0,317,0,240,-23,240,23" /><INIT seed="3,0,0,0,1,22" ten="203,317,217,263" oya="3" hai0="11,29,86,120,91,56,97,25,100,132,53,90,17" hai1="35,109,51,88,41,40,20,93,110,48,8,10,119" hai2="84,42,44,117,71,63,76,2,130,87,62,67,27" hai3="89,125,28,73,13,114,4,85,82,116,95,30,131"/><W101/><G114/><T102/><D132/><U106/><E35/><V18/><F117/><W126/><G116/><T80/><D120/><U6/><E106/><V45/><F2/><W47/><G131/><T74/><D74/><U129/><E119/><V77/><F130/><W128/><G128/><T36/><D36/><U59/><E20/><N who="2" m="13719" /><F71/><W61/><G61/><N who="2" m="23049" /><F67/><W135/><G135/><T105/><D11/><U16/><E10/><V127/><F127/><W57/><G73/><T55/><D17/><U123/><E59/><V12/><F12/><W70/><G70/><T64/><D91/><U31/><E123/><V98/><F98/><W7/><G13/><T99/><D64/><U26/><E129/><V121/><F121/><W19/><G57/><T1/><D1/><U34/><E34/><V21/><F21/><W133/><G19/><T122/><D122/><U60/><E16/><V5/><F5/><N who="3" m="2123" /><G133/><T78/><D90/><U15/><E8/><V118/><F118/><W66/><G66/><T72/><D72/><U32/><E32/><V54/><F54/><W69/><G69/><T58/><D58/><U38/><E38/><V115/><F115/><W103/><G126/><T81/><D56/><U52/><E6/><V124/><F124/><W33/><G33/><T96/><D81/><U112/><E112/><V111/><F111/><W75/><G125/><T46/><D46/><N who="2" m="18026" /><F42/><W49/><G75/><T9/><D9/><U79/><E109/><V0/><F0/><W104/><G82/><T113/><D113/><U108/><E108/><V92/><F92/><W134/><G95/><RYUUKYOKU ba="0,0" sc="203,-10,317,-10,217,30,263,-10" hai2="76,77,84,87" owari="193,-30.7,307,40.7,247,-15.3,253,5.3" /></mjloggm>