<mjloggm ver="2.3"><GO type="225" lobby="0"/><UN n0="%E9%BB%99%E8%81%B4%E3%81%AE%E3%81%99%E3%82%9D%E3%82%81" n1="%E7%B4%94%E6%BD%94%E3%83%94%E3%83%A9%E3%83%8B%E3%82%A2" n2="%E3%80%90%E3%83%88%E3%83%AA%E3%83%A5%E3%83%95%E3%80%91" n3="%E9%B4%A8%4E%45%47%49" dan="16,17,16,16" rate="2126.70,2184.24,2091.50,2066.58" sx="M,M,M,M"/><TAIKYOKU oya="0"/><INIT seed="0,0,0,0,5,60" ten="250,250,250,250" oya="0" hai0="76,54,66,117,36,133,41,91,82,15,105,100,38" hai1="112,51,71,21,33,130,122,96,134,35,123,1,24" hai2="39,121,44,17,69,120,110,11,80,57,13,53,12" hai3="98,63,32,81,64,28,85,109,124,73,18,113,37"/><T2/><D2/><U84/><E51/><V119/><F69/><W27/><G109/><T114/><D114/><U50/><E84/><V26/><F110/><W29/><G124/><T104/><D117/><U30/><E50/><V58/><F26/><W87/><G37/><T16/><D133/><U7/><E96/><V65/><F119/><W128/><G128/><T67/><D54/><U90/><E90/><V131/><F131/><W116/><G28/><T79/><D91/><U34/><E71/><V6/><F80/><W135/><G135/><T106/><D100/><U42/><E42/><V59/><F39/><W3/><G3/><T101/><D101/><U62/><E62/><V88/><F44/><W115/><G116/><T126/><D126/><U74/><E74/><V83/><F53/><W55/><G18/><T103/><D103/><U10/><E130/><V93/><F83/><W52/><G98/><T92/><D92/><U49/><E49/><V94/><F94/><W78/><G113/><T95/><D95/><U89/><E134/><V99/><REACH who="2" step="1"/><F65/><REACH who="2" ten="250,250,240,250" step="2"/><W25/><G25/><T77/><D82/><U56/><E112/><V46/><F46/><W75/><G115/><T61/><D41/><U86/><E56/><V97/><F97/><W23/><G75/><T31/><D67/><U9/><E86/><V125/><F125/><W132/><G87/><T108/><D108/><U127/><E127/><V43/><F43/><W118/><G85/><T20/><REACH who="0" step="1"/><D31/><REACH who="0" ten="240,250,240,250" step="2"/><U5/><E89/><V111/><F111/><W22/><G132/><T72/><D72/><U48/><E30/><RYUUKYOKU ba="0,2" sc="240,15,250,-15,240,15,250,-15" hai0="15,16,20,36,38,61,66,76,77,79,104,105,106" hai2="6,11,12,13,17,57,58,59,88,93,99,120,121" /><INIT seed="0,1,2,3,5,92" ten="255,235,255,235" oya="0" hai0="89,70,45,10,32,111,13,3,1,22,9,123,46" hai1="27,121,43,101,132,79,134,21,47,72,85,103,14" hai2="127,125,56,66,49,88,75,44,83,65,57,126,74" hai3="5,52,91,119,35,24,71,15,107,33,78,135,36"/><T67/><D70/><U25/><E72/><N who="2" m="27691" /><F57/><W31/><G78/><T93/><D67/><U19/><E121/><V80/><F56/><W82/><G35/><T59/><D123/><U76/><E76/><V84/><F80/><W114/><G119/><T104/><D104/><U118/><E118/><V2/><F2/><W122/><G114/><T95/><D32/><U34/><E79/><V64/><F64/><W7/><G71/><T69/><D69/><U99/><E85/><V86/><F86/><W53/><G36/><T110/><D59/><U29/><E25/><V97/><F97/><W6/><G107/><T94/><D89/><U77/><E77/><V90/><F90/><W42/><G42/><AGARI ba="1,2" hai="42,44,49,65,66,83,84,88,125,126,127" m="27691" machi="42" ten="40,2600,0" yaku="18,1,54,1" doraHai="92" who="2" fromWho="3" sc="255,0,235,0,255,49,235,-29" /><INIT seed="1,0,0,0,3,63" ten="255,235,304,206" oya="1" hai0="118,42,23,29,131,22,127,37,26,6,62,60,51" hai1="14,126,82,2,102,105,39,98,113,106,87,122,100" hai2="32,27,88,107,114,103,55,15,121,30,20,44,86" hai3="72,10,38,81,90,112,8,73,74,77,109,52,85"/><U80/><E39/><V123/><F114/><W47/><G109/><T111/><D37/><U124/><E2/><V9/><F32/><W132/><G132/><T12/><D118/><U4/><E4/><V70/><F70/><W16/><G112/><T135/><D111/><U17/><E17/><V0/><F0/><W128/><G128/><T61/><D127/><N who="1" m="48683" /><E14/><V76/><F76/><W89/><G10/><N who="0" m="4183" /><D135/><U54/><E54/><V71/><F71/><W93/><G38/><T1/><D1/><U95/><E113/><V92/><F107/><N who="1" m="40969" /><E122/><V101/><F121/><W130/><G130/><T19/><D131/><U97/><E87/><V125/><F125/><W94/><G52/><T91/><D91/><N who="3" m="34825" /><G47/><N who="0" m="26103" /><D62/><U31/><E31/><V53/><F123/><W110/><G110/><T115/><D115/><U41/><E41/><V56/><F44/><W84/><G8/><T21/><D21/><U129/><E129/><V5/><F53/><W11/><G11/><T79/><D79/><U50/><E50/><AGARI ba="0,0" hai="5,9,15,20,27,30,50,55,56,86,88,92,101,103" machi="50" ten="30,3900,0" yaku="7,1,8,1,54,1" doraHai="63" who="2" fromWho="1" sc="255,0,235,-39,304,39,206,0" /><INIT seed="2,0,0,3,2,90" ten="255,196,343,206" oya="2" hai0="46,56,73,7,54,122,85,130,83,38,112,91,95" hai1="45,59,98,43,86,125,96,24,53,1,32,36,134" hai2="108,27,18,57,55,3,82,40,115,118,133,135,104" hai3="102,93,110,99,8,63,113,126,16,62,61,111,128"/><V48/><F115/><W42/><G113/><T51/><D122/><U39/><E1/><V47/><F118/><W80/><G126/><T14/><D130/><U127/><E39/><V0/><F104/><W79/><G128/><T35/><D35/><U9/><E9/><V114/><F82/><W92/><G42/><T25/><D112/><U124/><E134/><N who="2" m="51211" /><F108/><N who="3" m="41515" /><G16/><T131/><D131/><U66/><E66/><V49/><F114/><W94/><G8/><N who="0" m="4383" /><D73/><AGARI ba="0,0" hai="61,62,63,73,79,80,92,93,94,99,102" m="41515" machi="73" ten="30,7700,0" yaku="14,1,52,3" doraHai="90" who="3" fromWho="0" sc="255,-77,196,0,343,0,206,77" /><INIT seed="3,0,0,0,1,88" ten="178,196,343,283" oya="3" hai0="3,108,133,31,119,123,101,67,36,51,42,97,9" hai1="15,47,56,64,26,50,72,70,49,18,59,45,22" hai2="52,124,39,115,91,43,54,73,30,80,27,98,128" hai3="29,10,13,76,34,109,40,57,135,66,132,126,53"/><W21/><G126/><T58/><D108/><U120/><E72/><V48/><F115/><W4/><G34/><T113/><D133/><N who="3" m="51273" /><G109/><T130/><D130/><U62/><E120/><V0/><F0/><W127/><G127/><T78/><D119/><U117/><E117/><V46/><F128/><W19/><G76/><T69/><D123/><U110/><E110/><V65/><F65/><W23/><G66/><T75/><D113/><U37/><E37/><V83/><F73/><W85/><G85/><T131/><D131/><U116/><E116/><V77/><F77/><W20/><G40/><T63/><D31/><U105/><E105/><V118/><F118/><W95/><G95/><T6/><D75/><U102/><E102/><V107/><F39/><W71/><G71/><T106/><D78/><U7/><E7/><V24/><F124/><W99/><G99/><T81/><D81/><U41/><E26/><V90/><F107/><W121/><G121/><T82/><D82/><U55/><AGARI ba="0,0" hai="15,18,22,41,45,47,49,50,55,56,59,62,64,70" machi="55" ten="20,1500,0" yaku="0,1,7,1" doraHai="88" who="1" fromWho="1" sc="178,-4,196,15,343,-4,283,-7" owari="174,-32.6,211,-18.9,339,43.9,276,7.6" /></mjloggm>