<mjloggm ver="2.3"><GO type="225" lobby="0"/><UN n0="%E6%98%93%E5%88%A9%E8%96%A9%E4%BC%AF" n1="%E6%81%A5%E6%99%92%E3%81%97" n2="%E3%83%96%E3%83%83%E3%83%91%E3%82%AA%E3%83%96%E3%83%81%E3%82%AD%E3%83%B3" n3="%E5%91%A8%E6%9D%B1" dan="17,16,16,17" rate="2109.12,2111.98,2133.24,2123.12" sx="F,M,M,M"/><TAIKYOKU oya="0"/><INIT seed="0,0,0,5,2,97" ten="250,250,250,250" oya="0" hai0="94,23,49,43,99,50,130,111,22,44,36,33,88" hai1="45,96,41,67,59,42,91,58,72,40,30,118,17" hai2="27,114,104,0,55,29,51,132,84,113,129,123,16" hai3="73,70,117,135,131,61,75,115,12,14,108,102,7"/><T121/><D121/><U98/><E118/><V37/><F123/><W26/><G117/><T116/><D116/><U90/><E72/><V4/><F37/><W134/><G115/><T32/><D130/><U80/><E30/><V24/><F104/><W38/><G38/><T13/><D111/><U127/><E127/><V82/><F129/><W77/><G131/><T122/><D122/><U5/><E5/><V128/><F132/><N who="3" m="50731" /><G108/><T83/><D23/><U52/><E45/><V78/><F128/><W101/><G26/><T110/><D110/><U120/><E120/><V46/><F27/><W119/><G119/><T95/><D83/><U103/><E80/><V28/><F29/><W6/><G77/><T10/><D22/><U126/><E126/><V53/><F16/><W18/><G14/><T71/><D71/><U20/><E67/><V107/><F107/><W1/><G1/><T76/><D76/><U112/><E59/><V81/><F4/><N who="3" m="1579" /><G61/><T69/><D69/><U124/><E124/><V9/><F0/><W56/><G56/><T8/><D8/><U105/><E98/><V64/><F9/><N who="3" m="6415" /><G70/><T25/><D25/><U34/><E34/><V87/><F64/><W68/><G68/><T125/><D125/><U60/><REACH who="1" step="1"/><E112/><REACH who="1" ten="250,240,250,250" step="2"/><V79/><REACH who="2" step="1"/><F55/><REACH who="2" ten="250,240,240,250" step="2"/><W15/><G15/><AGARI ba="0,2" hai="15,17,20,40,41,42,52,58,60,90,91,96,103,105" machi="15" ten="40,8000,1" yaku="1,1,2,1,52,1,54,1,53,0" doraHai="97" doraHaiUra="2" who="1" fromWho="3" sc="250,0,240,100,240,0,250,-80" /><INIT seed="1,0,0,2,4,81" ten="250,340,240,170" oya="1" hai0="110,58,2,96,68,26,50,3,134,106,99,116,13" hai1="37,57,117,5,33,8,54,69,129,48,98,113,109" hai2="82,73,56,23,83,62,45,125,115,6,91,111,34" hai3="61,9,20,32,104,38,84,92,55,130,95,94,43"/><U123/><E113/><V97/><F34/><W64/><G104/><T15/><D68/><U49/><E117/><V36/><F115/><W121/><G121/><T14/><D116/><U101/><E37/><V4/><F111/><W85/><G32/><T75/><D75/><U28/><E129/><V72/><F125/><W105/><G105/><T40/><D110/><U41/><E69/><V51/><F36/><W87/><G130/><T70/><D70/><U22/><E33/><V124/><F124/><W0/><G55/><T71/><D71/><U90/><E101/><V17/><F73/><W47/><G20/><T10/><D134/><U118/><E118/><V67/><F72/><W11/><REACH who="3" step="1"/><G0/><REACH who="3" ten="250,340,240,160" step="2"/><T108/><D108/><U127/><E22/><V31/><F23/><W60/><G60/><T93/><D3/><U114/><E123/><V89/><F62/><W16/><G16/><T65/><D106/><U79/><E114/><V135/><F17/><W39/><G39/><T35/><D2/><U66/><E127/><V119/><F119/><W12/><G12/><T80/><D15/><U76/><E28/><V25/><F31/><W1/><G1/><T24/><D14/><U44/><E109/><V100/><F135/><W59/><AGARI ba="0,1" hai="9,11,38,43,47,59,61,64,84,85,87,92,94,95" machi="59" ten="30,8000,1" yaku="1,1,0,1,52,3,53,0" doraHai="81" doraHaiUra="126" who="3" fromWho="3" sc="250,-20,340,-40,240,-20,160,90" /><INIT seed="2,0,0,0,0,35" ten="230,300,220,250" oya="2" hai0="48,50,25,128,94,40,110,5,133,108,28,82,106" hai1="46,36,111,96,7,131,24,103,31,13,124,112,84" hai2="117,97,15,122,27,12,115,75,60,19,86,65,56" hai3="43,78,109,76,3,119,120,99,54,81,80,16,51"/><V14/><F115/><W105/><G119/><T101/><D106/><U68/><E112/><V53/><F117/><W67/><G120/><T44/><D128/><U22/><E111/><N who="0" m="42537" /><D133/><U72/><E72/><V2/><F122/><W26/><G109/><T123/><D123/><U30/><E124/><V95/><F75/><W10/><G67/><T77/><D5/><U132/><E68/><V126/><F126/><W29/><G43/><T71/><D71/><U134/><E131/><V69/><F2/><W98/><G105/><T33/><D94/><U11/><E84/><V127/><F127/><W113/><G113/><T58/><D58/><U0/><E31/><V79/><F79/><N who="3" m="30251" /><G3/><T70/><D101/><U17/><E46/><V88/><F27/><W39/><G39/><N who="0" m="21535" /><D70/><U135/><E36/><V47/><F47/><N who="3" m="28031" /><G81/><T1/><D1/><U45/><E45/><V64/><F64/><W83/><G83/><T89/><D89/><U104/><REACH who="1" step="1"/><E135/><REACH who="1" ten="230,290,220,250" step="2"/><V57/><F69/><W63/><G29/><T38/><D38/><U23/><AGARI ba="0,1" hai="0,7,11,13,17,22,23,24,30,96,103,104,132,134" machi="23" ten="30,8000,1" yaku="1,1,2,1,0,1,52,1,53,1" doraHai="35" doraHaiUra="34" who="1" fromWho="1" sc="230,-20,290,90,220,-40,250,-20" /><INIT seed="3,0,0,3,5,63" ten="210,380,180,230" oya="3" hai0="89,61,115,118,91,128,99,77,86,47,30,40,25" hai1="117,88,131,83,60,6,32,80,98,28,59,133,93" hai2="21,53,70,18,24,42,19,11,71,39,73,114,36" hai3="34,121,48,41,101,56,9,119,125,74,44,50,96"/><W109/><G34/><T17/><D118/><U43/><E117/><V15/><F73/><W37/><G119/><T23/><D128/><U49/><E131/><V97/><F114/><W55/><G121/><T2/><D2/><U78/><E133/><V102/><F53/><W105/><G125/><T58/><D115/><U108/><E6/><V51/><F51/><W112/><G112/><T57/><D99/><U111/><E28/><V14/><F36/><W76/><G109/><N who="1" m="42058" /><E78/><V130/><F130/><W64/><G9/><T62/><D77/><U46/><E32/><V79/><F79/><W4/><G4/><T124/><D124/><U107/><E107/><V126/><F126/><W106/><G106/><T90/><D86/><U35/><E35/><V65/><F65/><AGARI ba="0,0" hai="43,46,49,59,60,65,80,83,88,93,98" m="42058" machi="65" ten="30,3900,0" yaku="14,1,52,1,54,1" doraHai="63" who="1" fromWho="2" sc="210,0,380,39,180,-39,230,0" owari="210,-19.0,419,51.9,141,-35.9,230,3.0" /></mjloggm>