<mjloggm ver="2.3"><GO type="225" lobby="0"/><UN n0="%E3%83%96%E3%83%83%E3%83%91%E3%82%AA%E3%83%96%E3%83%81%E3%82%AD%E3%83%B3" n1="%E3%82%B3%E3%83%90%E3%83%AC%E3%82%A4" n2="%E7%99%BD%E5%80%89%E5%AF%9B%E4%B9%8B" n3="%E5%A4%8F%E9%88%B4%E9%88%B4%E5%A4%8F" dan="16,16,16,16" rate="2077.71,2194.59,2131.73,2110.25" sx="M,M,M,F"/><TAIKYOKU oya="0"/><INIT seed="0,0,0,4,4,96" ten="250,250,250,250" oya="0" hai0="122,130,97,79,109,88,20,129,99,29,80,108,135" hai1="112,60,46,92,35,76,36,41,4,28,85,89,110" hai2="90,83,38,24,72,106,43,50,11,102,34,124,103" hai3="42,63,12,69,71,27,49,131,33,47,127,18,91"/><T17/><D122/><U37/><E112/><V30/><F106/><W86/><G131/><N who="0" m="50187" /><D29/><U78/><E37/><V67/><F124/><W51/><G127/><T56/><D56/><U113/><E113/><V111/><F111/><N who="0" m="42570" /><D135/><U65/><E110/><V94/><F67/><W31/><G51/><T45/><D45/><U16/><E4/><V77/><F50/><W121/><G63/><T107/><D107/><U59/><E28/><V44/><REACH who="2" step="1"/><F11/><REACH who="2" ten="250,250,240,250" step="2"/><W14/><G121/><T26/><D88/><U10/><REACH who="1" step="1"/><E35/><REACH who="1" ten="250,240,240,250" step="2"/><V75/><F75/><AGARI ba="0,2" hai="17,20,26,75,79,80,97,99" m="42570,50187" machi="75" ten="30,5800,0" yaku="19,1,14,1,10,1" doraHai="96" who="0" fromWho="2" sc="250,78,240,0,240,-58,250,0" /><INIT seed="0,1,0,5,3,40" ten="328,240,182,250" oya="0" hai0="45,77,53,64,31,54,73,132,108,6,83,34,67" hai1="101,19,133,2,70,17,46,91,30,79,51,110,86" hai2="66,43,41,88,122,71,52,97,57,98,90,99,55" hai3="94,74,135,9,63,35,7,81,121,36,25,12,10"/><T76/><D132/><U113/><E2/><V4/><F122/><W26/><G135/><T1/><D77/><U126/><E70/><V27/><F71/><W109/><G109/><T32/><D32/><U87/><E110/><V112/><F112/><W5/><G36/><T123/><D123/><U37/><E37/><V56/><F4/><W13/><G35/><T60/><D108/><U119/><E133/><V47/><F27/><W33/><G33/><T125/><D125/><U69/><E69/><V20/><F20/><W105/><G105/><T131/><D131/><U124/><E30/><V24/><F24/><W85/><G121/><T92/><D92/><N who="1" m="54391" /><E101/><V48/><F66/><W75/><G74/><T129/><D129/><U29/><E29/><V114/><F114/><W102/><G63/><T100/><D100/><U62/><E62/><N who="2" m="36103" /><F43/><W8/><G8/><T49/><D31/><U39/><E39/><V120/><F120/><W104/><G75/><T127/><D34/><U38/><E38/><V65/><F65/><W107/><G104/><T21/><D21/><U128/><E113/><V18/><F18/><W106/><G107/><T96/><D127/><N who="1" m="48683" /><E119/><V95/><F95/><W111/><G106/><T0/><D0/><U44/><E128/><V14/><F14/><W84/><G111/><T61/><D61/><AGARI ba="1,0" hai="41,47,48,55,57,61,88,90,97,98,99" m="36103" machi="61" ten="30,7700,0" yaku="8,1,52,1,54,2" doraHai="40" who="2" fromWho="0" sc="328,-80,240,0,182,80,250,0" /><INIT seed="1,0,0,3,4,107" ten="248,240,262,250" oya="1" hai0="21,114,122,118,100,54,22,7,82,37,64,26,83" hai1="120,1,65,9,86,92,51,111,133,78,108,98,4" hai2="62,85,48,18,60,46,52,43,87,50,112,39,119" hai3="131,110,73,33,132,101,16,61,31,8,42,95,49"/><U124/><E120/><V3/><F3/><W75/><G110/><N who="1" m="42026" /><E65/><V56/><F119/><W53/><G42/><T41/><D118/><U66/><E66/><V0/><F0/><W71/><G31/><T113/><D122/><U36/><E36/><V74/><F74/><W134/><G33/><T127/><D64/><U135/><E51/><V5/><F5/><W128/><G61/><N who="2" m="23657" /><F39/><W13/><G71/><T90/><D37/><U99/><E124/><V126/><F126/><W102/><G95/><T129/><D54/><U117/><E117/><V10/><F112/><W96/><G96/><N who="1" m="36906" /><E92/><V109/><F109/><W72/><G101/><T93/><D100/><U12/><E1/><V25/><F25/><W68/><G102/><T116/><D93/><U38/><E38/><V79/><F79/><W94/><G94/><T34/><D127/><U89/><E89/><V11/><F11/><W30/><G68/><T106/><D116/><U123/><E123/><V40/><F40/><W20/><G49/><T28/><D41/><U6/><E6/><V32/><F32/><W14/><G53/><T104/><D7/><U19/><E4/><V115/><F115/><W27/><REACH who="3" step="1"/><G14/><AGARI ba="0,0" hai="10,14,18,43,46,48,50,52,56,85,87" m="23657" machi="14" ten="30,2000,0" yaku="8,1,54,1" doraHai="107" who="2" fromWho="3" sc="248,0,240,0,262,20,250,-20" /><INIT seed="2,0,0,5,1,64" ten="248,240,282,230" oya="2" hai0="116,11,52,69,6,19,18,42,120,125,57,98,3" hai1="126,89,61,65,4,100,75,128,103,31,9,84,49" hai2="0,119,108,28,123,67,38,53,63,35,14,21,54" hai3="43,130,71,132,26,7,20,46,91,90,40,101,111"/><V45/><F0/><W58/><G111/><T27/><D120/><U96/><E75/><V78/><F35/><W102/><G130/><T131/><D131/><U105/><E128/><V83/><F123/><W74/><G74/><T88/><D125/><U34/><E126/><V12/><F119/><W1/><G132/><T47/><D116/><U30/><E103/><N who="3" m="39434" /><G7/><T127/><D127/><U10/><E10/><V114/><F114/><W115/><G71/><T55/><D69/><U129/><E129/><V124/><F124/><W41/><G1/><T118/><D118/><U68/><E49/><V33/><F33/><W5/><G5/><T51/><D27/><U8/><E30/><V92/><F92/><W99/><G46/><T79/><D79/><U95/><E4/><V73/><F108/><W122/><G99/><T22/><D22/><U60/><E61/><V87/><F73/><W25/><G122/><T81/><D55/><N who="2" m="21002" /><F45/><W93/><G93/><T94/><REACH who="0" step="1"/><D81/><REACH who="0" ten="238,240,282,230" step="2"/><U13/><E13/><V32/><F12/><W82/><G115/><T134/><D134/><U117/><E117/><V72/><F14/><W133/><G133/><T44/><D44/><U29/><E29/><V85/><F28/><N who="3" m="17447" /><G82/><T80/><D80/><U135/><E135/><V104/><F83/><W106/><G106/><T66/><D66/><U86/><E86/><V97/><F87/><W56/><G26/><AGARI ba="0,1" hai="8,9,26,31,34,60,65,68,84,89,95,96,100,105" machi="26" ten="40,5200,0" yaku="25,2,52,1" doraHai="64" who="1" fromWho="3" sc="238,0,240,62,282,0,230,-52" /><INIT seed="3,0,0,0,4,121" ten="238,302,282,178" oya="3" hai0="133,74,98,78,116,0,92,25,56,19,39,10,52" hai1="95,7,50,134,3,41,48,42,125,34,6,44,8" hai2="54,2,124,107,43,16,94,73,103,77,70,72,110" hai3="115,118,27,106,135,63,123,100,37,71,1,108,55"/><W120/><RYUUKYOKU type="yao9" ba="0,0" sc="238,0,302,0,282,0,178,0" hai3="1,27,37,55,63,71,100,106,108,115,118,120,123,135" /><INIT seed="3,1,0,1,5,46" ten="238,302,282,178" oya="3" hai0="116,107,19,16,101,37,75,33,62,83,0,92,110" hai1="65,54,117,17,44,78,35,28,40,80,56,64,109" hai2="71,77,134,114,20,13,111,82,21,25,15,70,26" hai3="98,95,76,48,119,5,74,52,49,72,69,57,121"/><W133/><G121/><T124/><D116/><U8/><E117/><V61/><F114/><W90/><G119/><T41/><D33/><U122/><E122/><V68/><F61/><W47/><G69/><T113/><D0/><U66/><E109/><V108/><F134/><W43/><G133/><T60/><D107/><U93/><E35/><V81/><F71/><W97/><G76/><AGARI ba="1,0" hai="13,15,20,21,25,26,68,70,76,77,81,82,108,111" machi="76" ten="25,1600,0" yaku="22,2" doraHai="46" who="2" fromWho="3" sc="238,0,302,0,282,19,178,-19" owari="238,-16.2,302,40.2,301,10.1,159,-34.1" /></mjloggm>