<mjloggm ver="2.3"><GO type="225" lobby="0"/><UN n0="%E3%83%96%E3%83%83%E3%83%91%E3%82%AA%E3%83%96%E3%83%81%E3%82%AD%E3%83%B3" n1="%E3%83%B4%E3%83%A0%EF%BC%99%E3%81%A6" n2="%E3%83%A9%E3%82%B9%E7%8E%87%EF%BC%93%E5%89%B2" n3="%E7%99%BD%E9%9B%AA%E4%B9%83%E6%84%9B" dan="16,16,17,16" rate="2177.15,2184.12,2208.43,2035.26" sx="M,M,F,F"/><TAIKYOKU oya="0"/><INIT seed="0,0,0,1,0,82" ten="250,250,250,250" oya="0" hai0="115,21,8,69,77,49,17,50,31,93,7,81,16" hai1="45,97,52,1,71,124,0,2,48,13,57,66,101" hai2="34,58,72,95,4,11,42,51,30,87,112,40,123" hai3="28,64,41,19,92,35,128,102,37,103,78,105,99"/><T29/><D115/><U114/><E114/><V135/><F112/><W61/><G128/><T59/><D69/><U15/><E124/><V63/><F72/><W116/><G116/><T122/><D122/><U70/><E45/><V98/><F135/><W121/><G121/><T24/><D31/><U27/><E27/><V83/><F30/><W90/><G78/><T65/><D93/><U55/><E55/><V132/><F132/><W53/><G53/><T22/><D22/><U54/><E54/><V47/><F34/><W25/><G37/><T36/><D36/><U18/><E66/><V43/><F123/><W125/><G41/><T38/><D38/><U23/><REACH who="1" step="1"/><E13/><REACH who="1" ten="250,240,250,250" step="2"/><N who="2" m="5351" /><F63/><W133/><G125/><T134/><D65/><U91/><E91/><N who="2" m="55679" /><F58/><W131/><G133/><T106/><D59/><U107/><AGARI ba="0,1" hai="0,1,2,15,18,23,48,52,57,70,71,97,101,107" machi="107" ten="30,12000,2" yaku="1,1,0,1,54,1,53,3" doraHai="82" doraHaiUra="32" who="1" fromWho="1" sc="250,-60,240,130,250,-30,250,-30" /><INIT seed="1,0,0,5,4,23" ten="190,370,220,220" oya="1" hai0="40,115,31,134,15,8,98,14,0,51,132,1,114" hai1="68,128,85,75,124,103,79,60,19,20,135,97,94" hai2="130,112,27,36,96,54,83,42,109,111,34,2,18" hai3="73,67,65,69,113,102,108,24,122,76,66,92,116"/><U78/><E75/><V25/><F2/><N who="0" m="1130" /><D98/><U77/><E124/><V7/><F7/><W17/><G122/><T106/><D106/><U32/><E32/><V55/><F130/><W93/><G113/><N who="0" m="43019" /><D51/><U48/><E128/><V49/><F36/><W22/><G108/><N who="2" m="41545" /><F112/><W95/><G116/><T125/><D40/><U70/><E135/><N who="0" m="51753" /><D125/><U101/><E101/><V80/><F96/><W81/><REACH who="3" step="1"/><G102/><REACH who="3" ten="190,370,220,210" step="2"/><T9/><D31/><U5/><E103/><V38/><F38/><W123/><G123/><T6/><D6/><U61/><E5/><V11/><F42/><W131/><G131/><T62/><D62/><AGARI ba="0,1" hai="17,22,24,62,65,66,67,69,73,76,81,92,93,95" machi="62" ten="40,5200,0" yaku="1,1,52,1,53,1" doraHai="23" doraHaiUra="56" who="3" fromWho="0" sc="190,-52,370,0,220,0,210,62" /><INIT seed="2,0,0,0,2,57" ten="138,370,220,272" oya="2" hai0="85,60,33,133,14,18,75,106,81,54,22,103,117" hai1="96,95,15,73,8,77,58,127,94,35,134,59,13" hai2="36,27,89,84,4,111,68,129,90,5,23,24,67" hai3="30,80,78,25,6,74,47,17,7,97,107,101,29"/><V128/><F36/><W26/><G17/><T19/><D133/><U38/><E35/><V87/><F111/><W28/><REACH who="3" step="1"/><G47/><REACH who="3" ten="138,370,220,262" step="2"/><T125/><D125/><U55/><E127/><V32/><F129/><W2/><G2/><T0/><D117/><U44/><E15/><V112/><F128/><W71/><G71/><T64/><D0/><U93/><E13/><V34/><F68/><W119/><G119/><T91/><D33/><U52/><E44/><V49/><F32/><W51/><G51/><T65/><D75/><U98/><E73/><V122/><F49/><W31/><N who="3" m="7168" /><DORA hai="76" /><W21/><G21/><T16/><D19/><U114/><E134/><V131/><F23/><W100/><G100/><T102/><D18/><U79/><E8/><V48/><F48/><W109/><G109/><T69/><D103/><U88/><E59/><V66/><F131/><W116/><G116/><T42/><D42/><U123/><E58/><V46/><F46/><W99/><G99/><T63/><D54/><U124/><E55/><V120/><REACH who="2" step="1"/><F34/><REACH who="2" ten="138,370,210,262" step="2"/><W11/><G11/><T132/><D132/><U62/><E124/><V72/><F72/><W43/><G43/><T53/><D69/><U37/><E37/><V105/><F105/><W45/><G45/><T61/><REACH who="0" step="1"/><D53/><REACH who="0" ten="128,370,210,262" step="2"/><U12/><E52/><V40/><F40/><W82/><G82/><T3/><D3/><U50/><E38/><V110/><F110/><W20/><G20/><T92/><D92/><U104/><E93/><V115/><AGARI ba="0,3" hai="4,5,24,27,66,67,84,87,89,90,112,115,120,122" machi="115" ten="25,9600,0" yaku="1,1,0,1,22,2,53,0" doraHai="57,76" doraHaiUra="39,121" who="2" fromWho="2" sc="128,-32,370,-32,210,126,262,-32" /><INIT seed="2,1,0,0,3,24" ten="96,338,336,230" oya="2" hai0="113,87,35,80,76,77,14,29,68,39,96,0,92" hai1="13,133,124,10,112,49,108,46,107,60,65,38,12" hai2="88,15,37,103,127,40,52,78,131,5,7,98,101" hai3="54,30,20,95,100,43,44,25,90,105,26,64,66"/><V128/><F127/><W2/><G2/><T42/><D113/><U111/><E112/><V118/><F118/><W97/><G54/><T28/><D0/><U122/><E124/><V130/><F78/><N who="0" m="30314" /><D68/><N who="1" m="42023" /><E133/><V33/><F33/><W50/><REACH who="3" step="1"/><G26/><REACH who="3" ten="96,338,336,220" step="2"/><T4/><D35/><U117/><E117/><V47/><F52/><W31/><G31/><N who="0" m="11851" /><D39/><U83/><E38/><V58/><F37/><W116/><G116/><T70/><D70/><U74/><E122/><V17/><F130/><W41/><G41/><T106/><D42/><U84/><E108/><V32/><F131/><W71/><G71/><T59/><D106/><U23/><E107/><V99/><F128/><W16/><G16/><T6/><D14/><U79/><E13/><V55/><F15/><W11/><G11/><T72/><D72/><U121/><E10/><V115/><F40/><W67/><G67/><T53/><D53/><U120/><E111/><V51/><F55/><W89/><G89/><N who="0" m="51431" /><D59/><U69/><E74/><V75/><F58/><W109/><G109/><T45/><D45/><U126/><E69/><V62/><F47/><W36/><G36/><T125/><D125/><U73/><E126/><V129/><F129/><W8/><G8/><T94/><D94/><U102/><E73/><V123/><F75/><W119/><G119/><T110/><D110/><U132/><E120/><V57/><F123/><W21/><G21/><T56/><D56/><U93/><E121/><V134/><F57/><W48/><G48/><T27/><D27/><U1/><E1/><V9/><F51/><W18/><G18/><T82/><D82/><RYUUKYOKU ba="1,1" sc="96,15,338,-15,336,-15,220,15" hai0="4,6,92,96" hai3="20,25,30,43,44,50,64,66,90,95,97,100,105" /><INIT seed="3,2,1,5,0,26" ten="111,323,321,235" oya="3" hai0="109,117,103,51,38,64,60,108,127,36,62,12,70" hai1="23,83,6,129,85,24,7,104,107,25,29,90,112" hai2="33,41,101,1,95,17,4,8,92,134,21,35,52" hai3="91,79,100,9,98,116,99,126,80,132,97,96,123"/><W115/><G116/><T20/><D103/><U94/><E112/><V43/><F134/><W105/><G115/><T46/><D12/><U34/><E129/><V19/><F52/><W37/><G37/><T114/><D20/><U66/><E66/><V128/><F128/><W10/><G123/><T133/><D114/><U39/><E39/><V84/><F84/><W120/><G120/><T59/><D117/><U22/><E34/><V11/><F21/><W28/><G132/><T0/><D0/><U49/><E107/><V89/><F89/><W78/><G126/><T58/><D133/><U61/><E61/><V81/><F81/><W124/><G124/><T106/><D106/><U56/><E104/><V119/><F101/><W45/><G45/><T65/><D127/><U75/><E75/><V113/><F113/><W27/><G91/><T110/><D70/><U32/><E32/><V18/><F119/><W118/><G118/><T54/><AGARI ba="2,1" hai="36,38,46,51,54,58,59,60,62,64,65,108,109,110" machi="54" ten="30,12000,2" yaku="0,1,9,1,14,1,34,3" doraHai="26" who="0" fromWho="0" sc="111,136,323,-32,321,-32,235,-62" /><INIT seed="4,0,0,0,4,116" ten="247,291,289,173" oya="0" hai0="21,29,72,6,23,26,107,52,112,87,54,111,73" hai1="94,35,28,55,114,84,34,11,64,110,81,106,80" hai2="122,75,77,100,61,24,85,42,60,93,31,69,78" hai3="88,91,90,57,44,124,20,3,58,8,115,5,99"/><T126/><D112/><U131/><E110/><V66/><F122/><W67/><G115/><T10/><D107/><U32/><E106/><V121/><F121/><W19/><G124/><T104/><D104/><U105/><E105/><V56/><F75/><W30/><G30/><T13/><D126/><U70/><E114/><V120/><F42/><W1/><G1/><T43/><D111/><U128/><E28/><V134/><F134/><W41/><G99/><T133/><D133/><U125/><E125/><V109/><F109/><W49/><REACH who="3" step="1"/><G67/><REACH who="3" ten="247,291,289,163" step="2"/><T36/><D29/><U15/><E64/><V97/><F120/><W117/><G117/><T37/><D37/><U96/><E32/><V123/><F123/><W33/><G33/><T46/><D36/><U130/><E34/><V63/><F31/><W4/><G4/><T82/><D6/><U127/><E35/><V27/><F69/><W45/><G45/><T86/><D46/><U113/><E70/><V50/><F66/><W71/><G71/><T62/><D73/><U68/><E68/><V108/><F108/><W135/><G135/><T129/><D72/><U89/><E113/><V118/><F118/><W79/><G79/><N who="2" m="30217" /><F85/><W51/><G51/><T25/><D87/><U2/><E127/><V59/><F50/><W101/><G101/><T65/><D86/><U7/><E2/><V103/><F103/><W0/><G0/><T9/><D65/><U48/><E84/><V17/><F17/><W95/><G95/><T14/><D82/><U38/><E38/><V16/><F16/><W102/><G102/><T12/><D62/><RYUUKYOKU ba="0,1" sc="247,-30,291,10,289,10,163,10" hai1="7,11,15,48,55,80,81,89,94,96,128,130,131" hai2="24,27,56,59,60,61,63,93,97,100" hai3="3,5,8,19,20,41,44,49,57,58,88,90,91" owari="217,-18.3,311,41.1,299,9.9,173,-32.7" /></mjloggm>