<mjloggm ver="2.3"><GO type="225" lobby="0"/><UN n0="%72%69%6F%75%63%68%61%6E" n1="%E3%81%BD%E3%81%A1%E3%81%9F%E3%81%93%E3%82%84" n2="%E3%81%8B%E3%82%8F%E3%81%A1%E3%82%83%E3%82%93%35%38" n3="%E5%91%A8%E6%9D%B1" dan="16,17,16,17" rate="2132.76,2209.76,2148.30,2236.59" sx="M,M,M,M"/><TAIKYOKU oya="0"/><INIT seed="0,0,0,5,3,6" ten="250,250,250,250" oya="0" hai0="71,33,52,5,59,72,49,131,15,130,100,122,126" hai1="135,69,74,87,28,70,132,36,40,77,26,51,85" hai2="82,68,90,98,39,110,97,79,75,23,57,35,118" hai3="12,41,24,17,16,115,104,96,46,55,44,9,99"/><T30/><D126/><U101/><E36/><V3/><F68/><W117/><G115/><T95/><D122/><U113/><E74/><V78/><F35/><W18/><G117/><T58/><D71/><N who="1" m="27147" /><E77/><V93/><F39/><W11/><G104/><T111/><D72/><U73/><E101/><V4/><F118/><W134/><G134/><N who="1" m="51242" /><E73/><V112/><F112/><W124/><G124/><T109/><D58/><U25/><E113/><V92/><F79/><W61/><G41/><T119/><D119/><U50/><E25/><V120/><F120/><W20/><G61/><T48/><D48/><N who="1" m="18475" /><E40/><V47/><F78/><W60/><G96/><N who="0" m="59423" /><D33/><AGARI ba="0,0" hai="26,28,33,85,87" m="18475,51242,27147" machi="33" ten="30,1000,0" yaku="20,1" doraHai="6" who="1" fromWho="0" sc="250,-10,250,10,250,0,250,0" /><INIT seed="1,0,0,4,1,52" ten="240,260,250,250" oya="1" hai0="122,99,112,24,37,14,44,32,111,31,103,29,116" hai1="43,16,30,17,75,73,68,93,40,132,4,104,23" hai2="46,119,33,67,48,80,79,27,89,70,84,125,58" hai3="78,2,129,9,105,20,55,34,101,1,13,115,51"/><U60/><E104/><V35/><F119/><W106/><G115/><T21/><D112/><U94/><E30/><V15/><F125/><W126/><G34/><T3/><D111/><U56/><E68/><V87/><F70/><W92/><G126/><T57/><D116/><U7/><E132/><V130/><F130/><W102/><G129/><T22/><D122/><U12/><E73/><V0/><F0/><W8/><G78/><T59/><D3/><U108/><E75/><V82/><F27/><W95/><G55/><T131/><D131/><U124/><E108/><V38/><F38/><W128/><G51/><T118/><D118/><U63/><E124/><V133/><F15/><W109/><G128/><T91/><D91/><U76/><E76/><V36/><F36/><W61/><G61/><T25/><D32/><U96/><E17/><V85/><F133/><W135/><G13/><T97/><D14/><U114/><E63/><N who="2" m="38391" /><F33/><W39/><G39/><T90/><D90/><N who="1" m="55351" /><E94/><N who="2" m="54567" /><F35/><W121/><G135/><T110/><D110/><U19/><E19/><V26/><F26/><W86/><G109/><T69/><D69/><U72/><E72/><N who="2" m="43111" /><F82/><W98/><G121/><T120/><D120/><U107/><E107/><V53/><F87/><W127/><G86/><T49/><D37/><U88/><E88/><V65/><F85/><W47/><G127/><T50/><D103/><U6/><E114/><V117/><F117/><W74/><G74/><T64/><D44/><U100/><E100/><V77/><F77/><W18/><G102/><T54/><D64/><AGARI ba="0,0" hai="4,6,7,12,16,23,40,43,56,60,64" m="55351" machi="64" ten="30,5800,0" yaku="8,1,52,1,54,1" doraHai="52" who="1" fromWho="0" sc="240,-58,260,58,250,0,250,0" /><INIT seed="1,1,0,0,0,3" ten="182,318,250,250" oya="1" hai0="44,47,19,59,57,27,62,65,112,69,127,6,82" hai1="68,0,34,11,89,124,54,109,93,134,26,52,128" hai2="108,116,91,76,7,84,77,55,35,2,67,100,61" hai3="56,104,25,41,123,66,83,36,74,64,105,72,45"/><U129/><E68/><V106/><F116/><W42/><G123/><T13/><D112/><U121/><E121/><V37/><F35/><W85/><G25/><T113/><D113/><U21/><E34/><V10/><F108/><W87/><G56/><T24/><D127/><U114/><E114/><V81/><F37/><W92/><G92/><T29/><D82/><U90/><E124/><V125/><F125/><W119/><G83/><T60/><D6/><N who="1" m="1479" /><E134/><V58/><F100/><W9/><G9/><T117/><D117/><U39/><E39/><V31/><F31/><W126/><G126/><T133/><D133/><U70/><E70/><V49/><REACH who="2" step="1"/><F106/><REACH who="2" ten="182,318,240,250" step="2"/><W33/><G33/><T78/><D78/><U115/><E115/><V40/><F40/><W48/><G36/><T131/><D131/><N who="1" m="50251" /><E109/><V1/><F1/><W4/><G119/><T46/><D29/><N who="1" m="17615" /><E90/><V97/><F97/><AGARI ba="1,1" hai="52,54,89,93,97" m="17615,50251,1479" machi="97" ten="30,5800,0" yaku="19,1,52,1,54,1" doraHai="3" who="1" fromWho="2" sc="182,0,318,71,240,-61,250,0" /><INIT seed="1,2,0,3,1,56" ten="182,389,179,250" oya="1" hai0="102,84,20,44,38,50,49,112,104,115,36,97,122" hai1="14,98,21,30,42,19,27,94,53,34,58,99,35" hai2="95,61,28,125,52,96,9,8,70,108,120,82,37" hai3="29,119,100,79,107,69,109,114,86,91,64,0,25"/><U76/><E42/><V57/><F120/><W39/><G114/><T131/><D122/><U43/><E43/><V116/><F116/><W117/><G39/><T80/><D131/><U12/><E76/><V51/><F37/><W132/><G0/><T130/><D130/><U127/><E127/><V1/><F125/><W123/><G79/><T129/><D129/><U124/><E124/><V77/><F108/><W23/><G109/><T66/><D36/><U55/><E55/><V85/><F1/><W47/><G47/><T83/><D38/><U106/><E106/><V13/><F28/><W5/><G5/><T26/><D66/><U88/><E99/><V72/><F72/><W3/><G3/><T6/><D6/><U78/><E78/><V92/><F92/><W32/><G23/><T128/><D128/><U65/><E65/><N who="2" m="39087" /><F13/><W93/><G123/><T60/><D60/><U89/><E89/><N who="2" m="55407" /><F70/><W135/><G107/><T110/><D110/><U87/><E98/><V16/><F16/><W75/><G75/><T126/><D126/><U121/><E121/><V40/><F40/><W134/><G100/><T10/><D10/><U41/><E41/><V18/><F18/><W11/><G11/><T101/><D101/><U71/><E71/><V24/><F24/><W7/><G7/><T90/><D80/><U68/><E68/><V31/><F31/><W81/><G81/><T103/><D103/><U4/><E4/><V113/><F113/><N who="0" m="43594" /><D44/><AGARI ba="2,0" hai="8,9,44,51,52,77,82,85" m="55407,39087" machi="44" ten="30,3900,0" yaku="8,1,52,1,54,1" doraHai="56" who="2" fromWho="0" sc="182,-45,389,0,179,45,250,0" /><INIT seed="2,0,0,3,3,43" ten="137,389,224,250" oya="2" hai0="101,103,36,94,34,37,28,120,83,51,81,68,54" hai1="2,118,18,47,119,107,8,97,73,39,93,46,57" hai2="122,62,77,75,130,29,82,117,105,133,7,78,84" hai3="33,91,100,59,135,9,32,99,48,109,72,12,10"/><V96/><F7/><W88/><G72/><T126/><D120/><U40/><E107/><V1/><F1/><W50/><G135/><T24/><D68/><U104/><E104/><V74/><F62/><W132/><G132/><T41/><D126/><U25/><E73/><N who="2" m="27659" /><F29/><W71/><G71/><T86/><D81/><U127/><E127/><V87/><F133/><W113/><G113/><T85/><D85/><N who="2" m="32842" /><F122/><W38/><G38/><T56/><D94/><U63/><E47/><V90/><F117/><W6/><G33/><T131/><D131/><U95/><E2/><V31/><F31/><W45/><G32/><T52/><D54/><U67/><E95/><N who="2" m="56439" /><F130/><W125/><G125/><T13/><D13/><U79/><E8/><V30/><F30/><W44/><G59/><T4/><D4/><U35/><E35/><V69/><F69/><W3/><G3/><T5/><D5/><U70/><E70/><V22/><F22/><W14/><G6/><T121/><D121/><U19/><E19/><V15/><F15/><W49/><G49/><T114/><D114/><U65/><E65/><V55/><F105/><W16/><G16/><T20/><D34/><U89/><E18/><V116/><F116/><N who="1" m="44585" /><E25/><V102/><F82/><W115/><G115/><T111/><D37/><U26/><E26/><V61/><F102/><W66/><G66/><T21/><D21/><U64/><E64/><V23/><F23/><W53/><G100/><N who="0" m="38475" /><D36/><U128/><E128/><V134/><F134/><W76/><G53/><N who="0" m="31807" /><D41/><U80/><E80/><V124/><F124/><W108/><G99/><T98/><D98/><RYUUKYOKU ba="0,0" sc="137,-30,389,10,224,10,250,10" hai1="39,40,46,57,63,67,79,89,93,97" hai2="55,61,77,78" hai3="9,10,12,14,44,45,48,50,76,88,91,108,109" /><INIT seed="2,1,0,5,4,111" ten="107,399,234,260" oya="2" hai0="76,11,49,26,25,108,63,121,18,64,2,81,47" hai1="13,110,8,117,86,87,5,7,123,4,24,51,73" hai2="6,80,39,134,50,109,65,61,69,114,31,32,95" hai3="90,43,78,130,46,113,67,41,104,74,101,129,118"/><V70/><F39/><W128/><G118/><T14/><D108/><U45/><E73/><V125/><F109/><W48/><G67/><T17/><D121/><U0/><E110/><V88/><F114/><W28/><G28/><T58/><D2/><U37/><E37/><V126/><F134/><W99/><G90/><T102/><D102/><U21/><E117/><V116/><F116/><W124/><G124/><N who="2" m="47721" /><F6/><N who="1" m="2665" /><E123/><V105/><F105/><W84/><G84/><T22/><D26/><U38/><E38/><V33/><F31/><W135/><G135/><T27/><D27/><U92/><E92/><V42/><F80/><N who="3" m="45143" /><G43/><T97/><D97/><U57/><E57/><N who="2" m="37039" /><F50/><W115/><AGARI ba="1,0" hai="41,46,48,99,101,104,113,115,128,129,130" m="45143" machi="115" ten="40,5200,0" yaku="19,1,52,2" doraHai="111" who="3" fromWho="3" sc="107,-14,399,-14,234,-27,260,55" /><INIT seed="3,0,0,5,3,116" ten="93,385,207,315" oya="3" hai0="44,33,4,77,88,24,135,52,81,67,96,111,32" hai1="74,82,108,92,19,120,49,110,113,35,66,30,40" hai2="54,133,130,109,12,71,60,119,126,6,48,13,63" hai3="62,124,101,27,58,21,107,53,83,89,94,41,125"/><W75/><G41/><T69/><D135/><U10/><E120/><V106/><F106/><W59/><G59/><T85/><D111/><N who="1" m="42539" /><E113/><V68/><F109/><W31/><G107/><T100/><D4/><U80/><E74/><V72/><F72/><W7/><G7/><T121/><D121/><U39/><E39/><V45/><F6/><W28/><G28/><T22/><D77/><U1/><E66/><V8/><F119/><W86/><G75/><T122/><D122/><U17/><E1/><V23/><F133/><W2/><G2/><T64/><D69/><U70/><E70/><V26/><F130/><W128/><G128/><T117/><D117/><U91/><E30/><V103/><F126/><W42/><G42/><T61/><D32/><U11/><E35/><V131/><F131/><W5/><G5/><T76/><D33/><U98/><E17/><V9/><F103/><W18/><G18/><T99/><D76/><U37/><E37/><V38/><F38/><W0/><G0/><T105/><D99/><U84/><E19/><N who="2" m="12671" /><F71/><W78/><REACH who="3" step="1"/><G101/><REACH who="3" ten="93,385,207,305" step="2"/><T43/><D43/><U132/><E132/><V118/><F68/><W34/><G34/><T36/><D36/><U127/><E127/><V57/><F118/><W55/><G55/><T112/><D112/><U134/><E134/><V79/><F57/><W73/><AGARI ba="0,1" hai="21,27,31,53,58,62,73,78,83,86,89,94,124,125" machi="73" ten="30,3000,0" yaku="1,1,0,1,53,0" doraHai="116" doraHaiUra="129" who="3" fromWho="3" sc="93,-10,385,-10,207,-10,305,40" /><INIT seed="3,1,0,3,2,59" ten="83,375,197,345" oya="3" hai0="108,45,127,100,80,133,5,61,64,36,70,87,104" hai1="60,44,17,130,66,115,116,74,123,14,63,112,75" hai2="51,91,90,117,57,94,129,12,135,32,131,83,72" hai3="109,0,18,84,25,33,50,98,7,43,114,6,119"/><W99/><G114/><T28/><D108/><U15/><E123/><V39/><F32/><W13/><G119/><T71/><D127/><U38/><E116/><V118/><F57/><W69/><G69/><T101/><D133/><U111/><E111/><V68/><F51/><W23/><G109/><T122/><D122/><U31/><E31/><V79/><F12/><W126/><G126/><T81/><D5/><U29/><E29/><V58/><F58/><W113/><G113/><T92/><D104/><U89/><E14/><V2/><F39/><W73/><G73/><T47/><D28/><U103/><E103/><V26/><F26/><W124/><G124/><T8/><D36/><U56/><E130/><V128/><F2/><W54/><G43/><T110/><D110/><U134/><E134/><V97/><F68/><W46/><G33/><T21/><D92/><U16/><E17/><V67/><F67/><W77/><G0/><T82/><D87/><U53/><E89/><V86/><F135/><W3/><G3/><T85/><D85/><U4/><E4/><N who="3" m="1578" /><G13/><T48/><D8/><N who="1" m="6247" /><E63/><V24/><F24/><W55/><G55/><N who="0" m="30095" /><D71/><U76/><E66/><V1/><F1/><W125/><G125/><T96/><D21/><U41/><E75/><V88/><F91/><W30/><G30/><T27/><D27/><U35/><E35/><V19/><F19/><W121/><G121/><T106/><D101/><U95/><E95/><AGARI ba="1,0" hai="72,79,83,86,88,90,94,95,97,117,118,128,129,131" machi="95" ten="40,8000,1" yaku="19,1,34,3,54,1" doraHai="59" who="2" fromWho="1" sc="83,0,375,-83,197,83,345,0" owari="83,-41.7,292,9.2,280,-12.0,345,44.5" /></mjloggm>