<mjloggm ver="2.3"><GO type="225" lobby="0"/><UN n0="%E7%99%BD%E5%80%89%E5%AF%9B%E4%B9%8B" n1="%E7%9A%AE%E3%80%85" n2="%E3%83%96%E3%83%83%E3%83%91%E3%82%AA%E3%83%96%E3%83%81%E3%82%AD%E3%83%B3" n3="%E3%83%A9%E3%82%B9%E7%8E%87%EF%BC%93%E5%89%B2" dan="16,16,16,17" rate="2123.83,2114.61,2121.73,2231.30" sx="M,F,M,F"/><TAIKYOKU oya="0"/><INIT seed="0,0,0,0,2,76" ten="250,250,250,250" oya="0" hai0="54,86,29,30,38,93,32,62,56,98,26,132,27" hai1="0,100,66,118,47,1,11,91,64,117,6,102,31" hai2="89,65,129,3,105,13,123,44,55,60,42,15,108" hai3="72,33,14,24,79,87,128,2,70,45,135,101,67"/><T5/><D38/><U59/><E31/><V111/><F123/><W58/><G70/><T19/><D132/><U8/><E59/><V7/><F105/><W115/><G72/><T90/><D5/><U74/><E74/><V133/><F55/><W35/><G2/><T130/><D130/><U96/><E96/><V69/><F133/><W4/><G101/><T36/><D36/><U104/><E104/><V84/><F3/><W34/><G115/><T99/><REACH who="0" step="1"/><D19/><REACH who="0" ten="240,250,250,250" step="2"/><U40/><E6/><V81/><F129/><W83/><G128/><T95/><D95/><U41/><REACH who="1" step="1"/><E47/><REACH who="1" ten="240,240,250,250" step="2"/><V120/><F7/><W134/><G45/><T39/><D39/><U122/><E122/><V21/><F120/><W68/><G135/><T51/><D51/><U106/><E106/><V110/><F110/><W112/><G134/><T25/><D25/><U61/><E61/><V114/><F111/><W12/><G4/><T126/><D126/><U63/><E63/><V20/><F108/><W124/><G24/><T10/><D10/><U75/><E75/><V88/><F114/><W57/><G112/><T82/><D82/><U78/><E78/><V131/><F131/><W97/><G124/><T17/><D17/><U53/><E53/><V50/><F89/><AGARI ba="0,2" hai="0,1,8,11,40,41,64,66,89,91,100,102,117,118" machi="89" ten="25,3200,0" yaku="1,1,22,2,53,0" doraHai="76" doraHaiUra="116" who="1" fromWho="2" sc="240,0,240,52,250,-32,250,0" /><INIT seed="1,0,0,4,3,77" ten="240,292,218,250" oya="1" hai0="107,127,74,59,95,47,54,130,12,76,38,49,121" hai1="5,98,75,45,44,78,53,2,112,56,111,99,101" hai2="64,34,48,108,16,67,52,106,30,33,17,58,55" hai3="51,11,27,122,60,123,119,92,50,28,84,3,73"/><U13/><E112/><V103/><F108/><W135/><G73/><T93/><D107/><U87/><E2/><V20/><F106/><W57/><G135/><T109/><D109/><U97/><E75/><V115/><F103/><W90/><G119/><T40/><D127/><U118/><E118/><V134/><F134/><W15/><G3/><T63/><D130/><U88/><E78/><V120/><F120/><W72/><G72/><T82/><D121/><U43/><E101/><V25/><F115/><W4/><G123/><T105/><D105/><U114/><E43/><V113/><F113/><W126/><G126/><T37/><D37/><U79/><E79/><V39/><F39/><W0/><G0/><T42/><D42/><U65/><E65/><N who="2" m="25163" /><F34/><W116/><G116/><T133/><D133/><U91/><E111/><V29/><F33/><W18/><G4/><T31/><D31/><N who="2" m="11786" /><F55/><N who="3" m="33855" /><G122/><T62/><D62/><N who="1" m="36111" /><E114/><V110/><F110/><W1/><G1/><T7/><REACH who="0" step="1"/><D38/><REACH who="0" ten="230,292,218,250" step="2"/><U10/><E91/><V35/><F35/><W83/><G28/><AGARI ba="0,1" hai="16,17,20,25,28,48,52,58" m="11786,25163" machi="28" ten="30,3900,0" yaku="8,1,54,2" doraHai="77" who="2" fromWho="3" sc="230,0,292,0,218,49,250,-39" /><INIT seed="2,0,0,5,0,4" ten="230,292,267,211" oya="2" hai0="120,19,72,81,101,13,116,95,67,128,85,16,40" hai1="39,87,134,62,105,32,90,91,26,51,70,130,124" hai2="31,80,55,23,73,12,11,115,66,122,37,77,76" hai3="33,107,14,123,6,83,131,69,89,18,125,15,129"/><V113/><F122/><W47/><G123/><T88/><D120/><U109/><E39/><V103/><F37/><W49/><G69/><T50/><D128/><U61/><E130/><V7/><F66/><W54/><G107/><T92/><D116/><U24/><E105/><V53/><F103/><W121/><G121/><T21/><D72/><U94/><E109/><V75/><F31/><W59/><G33/><T46/><D67/><U99/><E134/><V82/><REACH who="2" step="1"/><F23/><REACH who="2" ten="230,292,257,211" step="2"/><W8/><G131/><T63/><D101/><U42/><E32/><V48/><F48/><W41/><G129/><T110/><D63/><U132/><E61/><V45/><F45/><W28/><G28/><T112/><D110/><U104/><E62/><V114/><AGARI ba="0,1" hai="7,11,12,53,55,73,75,76,77,80,82,113,114,115" machi="114" ten="30,11700,0" yaku="1,1,0,1,9,1,52,1,53,0" doraHai="4" doraHaiUra="100" who="2" fromWho="2" sc="230,-39,292,-39,257,127,211,-39" /><INIT seed="2,1,0,4,5,23" ten="191,253,384,172" oya="2" hai0="107,122,1,11,10,63,117,48,40,39,12,70,88" hai1="75,24,62,42,80,19,33,8,44,27,115,76,18" hai2="32,41,123,84,53,101,78,97,69,129,46,73,86" hai3="106,16,45,120,79,83,65,7,14,52,105,96,113"/><V66/><F123/><W22/><G120/><T102/><D122/><U58/><E115/><V132/><F32/><W111/><G113/><T50/><D117/><U112/><E112/><V51/><F129/><W61/><G111/><T2/><D39/><U118/><E118/><V37/><F132/><W91/><G7/><T127/><D127/><U72/><E72/><V95/><F78/><W71/><G91/><T110/><D110/><U85/><E75/><V60/><REACH who="2" step="1"/><F73/><REACH who="2" ten="191,253,374,172" step="2"/><W124/><G124/><T55/><D1/><U26/><E33/><V64/><F64/><W68/><G68/><T134/><D2/><U104/><E104/><V29/><F29/><W5/><G5/><T17/><D107/><U93/><E93/><V3/><F3/><W82/><G105/><T38/><D70/><U116/><E116/><V6/><F6/><W30/><G30/><T43/><D134/><U94/><E94/><V34/><F34/><W92/><G79/><T56/><D17/><U4/><E4/><V130/><F130/><W54/><G106/><T0/><D0/><U131/><E131/><V81/><F81/><W25/><G83/><T49/><D43/><U133/><E133/><V59/><AGARI ba="1,1" hai="37,41,46,51,53,59,60,66,69,84,86,95,97,101" machi="59" ten="20,12000,1" yaku="1,1,0,1,7,1,24,2,53,0" doraHai="23" doraHaiUra="74" who="2" fromWho="2" sc="191,-41,253,-41,374,133,172,-41" /><INIT seed="2,2,0,2,0,62" ten="150,212,507,131" oya="2" hai0="37,47,80,31,48,124,96,40,41,122,66,89,17" hai1="86,127,103,97,72,15,3,128,94,84,22,81,55" hai2="107,63,54,44,98,99,33,6,68,115,60,118,27" hai3="104,114,135,28,75,50,25,64,113,65,0,78,14"/><V70/><F115/><N who="3" m="44043" /><G104/><T79/><D124/><U59/><E3/><V120/><F118/><W21/><G0/><T32/><D122/><U5/><E127/><V57/><F120/><W34/><G135/><T74/><D17/><N who="1" m="10559" /><E128/><V20/><F33/><W109/><G109/><T35/><D31/><U130/><E130/><V12/><F99/><W123/><G123/><T132/><D132/><U100/><E72/><V117/><F117/><W119/><G119/><T39/><D66/><N who="3" m="25705" /><G50/><T52/><D39/><U85/><E81/><V2/><F98/><W129/><G129/><T112/><D112/><U46/><E46/><V92/><F107/><W1/><G1/><T67/><D67/><U11/><E100/><V58/><F2/><W93/><G93/><T16/><D37/><U19/><E94/><V105/><F92/><W91/><G91/><T49/><D89/><U106/><E103/><V121/><F105/><W102/><G102/><T30/><D96/><U36/><E36/><V53/><F121/><W95/><G95/><T134/><D134/><U24/><E106/><V23/><F70/><W73/><G78/><T61/><D61/><U76/><E76/><V51/><F68/><W101/><G101/><T9/><D49/><U111/><E111/><V116/><F116/><W26/><G14/><N who="0" m="7247" /><D35/><U77/><E77/><V131/><F131/><W108/><G108/><T88/><D88/><U45/><E97/><V7/><F12/><W38/><G38/><T42/><D32/><U43/><E85/><V90/><F51/><W125/><G125/><T10/><D30/><AGARI ba="2,0" hai="21,25,26,28,30,34,73,75" m="25705,44043" machi="30" ten="30,7700,0" yaku="11,1,52,3" doraHai="62" who="3" fromWho="0" sc="150,-83,212,0,507,0,131,83" /><INIT seed="3,0,0,5,0,125" ten="67,212,507,214" oya="3" hai0="48,24,40,33,59,21,37,73,20,45,22,97,112" hai1="3,75,76,89,74,66,71,17,104,68,90,32,94" hai2="102,101,131,127,116,35,78,85,82,100,98,70,62" hai3="15,134,8,105,14,88,99,81,54,123,126,47,122"/><W2/><G126/><T109/><D73/><U72/><E104/><V46/><F127/><W83/><G134/><T118/><D118/><U69/><E3/><V6/><F131/><W13/><G123/><T114/><D97/><U51/><E32/><V60/><F116/><W132/><G132/><T111/><D59/><U49/><E76/><V36/><F35/><W108/><G108/><T61/><D61/><U107/><E107/><V96/><F70/><W63/><G2/><T57/><D57/><U4/><E4/><V42/><F6/><W110/><G110/><T41/><D109/><U55/><E66/><V19/><F19/><N who="3" m="8615" /><G122/><T79/><D79/><U43/><E17/><V93/><F101/><W26/><G26/><T1/><D111/><U25/><E25/><V113/><F113/><W87/><G105/><AGARI ba="0,0" hai="36,42,46,60,62,78,82,85,93,96,98,100,102,105" machi="105" ten="30,1000,0" yaku="7,1" doraHai="125" who="2" fromWho="3" sc="67,0,212,0,507,10,214,-10" owari="67,-43.3,212,1.2,517,61.7,204,-19.6" /></mjloggm>