<mjloggm ver="2.3"><GO type="225" lobby="0"/><UN n0="%E3%81%8B%E3%82%8F%E3%81%A1%E3%82%83%E3%82%93%35%38" n1="%70%6F%69%73%6F%6E%30%32" n2="%E3%82%B3%E3%83%90%E3%83%AC%E3%82%A4" n3="%E3%83%96%E3%83%83%E3%83%91%E3%82%AA%E3%83%96%E3%83%81%E3%82%AD%E3%83%B3" dan="16,16,16,16" rate="2140.12,2112.15,2173.71,2152.33" sx="M,M,M,M"/><TAIKYOKU oya="0"/><INIT seed="0,0,0,0,3,88" ten="250,250,250,250" oya="0" hai0="13,80,113,39,8,96,76,11,57,108,104,49,99" hai1="19,105,75,40,102,46,109,73,87,111,72,52,44" hai2="58,68,27,6,130,42,126,60,1,121,33,63,120" hai3="135,112,23,93,12,0,100,134,128,9,101,67,81"/><T107/><D39/><U10/><E105/><V125/><F1/><W16/><G112/><T98/><D113/><U124/><E102/><V35/><F6/><N who="3" m="1223" /><G128/><T110/><D57/><U15/><E124/><V92/><F27/><W115/><G115/><T74/><D49/><U24/><E24/><V114/><F114/><W43/><G43/><T62/><D62/><U65/><E65/><V55/><F130/><W30/><G81/><N who="0" m="45207" /><D8/><U28/><E28/><V86/><F42/><W3/><G3/><T4/><D80/><U22/><E10/><V133/><F33/><W26/><G67/><T54/><D54/><U18/><E18/><V45/><F35/><W31/><G31/><T21/><D21/><U64/><E64/><N who="2" m="40991" /><F45/><W118/><G30/><T90/><D90/><U2/><E2/><V56/><F58/><W97/><G23/><T69/><D69/><U29/><E29/><V83/><F56/><W94/><G26/><T32/><D32/><U38/><REACH who="1" step="1"/><E87/><REACH who="1" ten="250,240,250,250" step="2"/><V50/><F86/><W20/><G16/><T7/><D7/><U95/><E95/><V103/><F92/><W106/><G94/><T36/><D107/><U51/><AGARI ba="0,1" hai="15,19,22,38,40,44,46,51,52,72,73,75,109,111" machi="51" ten="40,5200,0" yaku="1,1,0,1,54,1,53,0" doraHai="88" doraHaiUra="61" who="1" fromWho="1" sc="250,-26,240,62,250,-13,250,-13" /><INIT seed="1,0,0,3,5,47" ten="224,302,237,237" oya="1" hai0="56,50,6,106,123,85,27,46,122,74,21,44,82" hai1="14,29,105,120,18,102,125,128,31,58,13,66,51" hai2="132,55,98,2,23,101,63,94,48,76,68,111,87" hai3="83,3,126,95,9,65,32,19,109,131,20,38,70"/><U57/><E120/><N who="0" m="46121" /><D106/><U116/><E116/><V61/><F2/><W26/><G38/><T34/><D34/><U62/><E105/><V33/><F33/><W96/><G109/><T108/><D74/><U17/><E102/><V28/><F111/><W75/><G131/><T86/><D108/><U130/><E125/><V118/><F68/><W41/><G41/><N who="0" m="24847" /><D6/><U10/><E58/><V24/><F118/><W16/><G126/><T36/><D82/><U43/><E43/><V40/><F40/><W15/><G32/><T84/><D56/><U77/><E77/><V60/><F132/><W22/><G70/><T81/><D46/><U78/><E51/><V135/><F135/><W8/><G65/><T121/><N who="0" m="46129" /><T134/><DORA hai="71" /><D36/><U5/><E78/><V90/><F76/><W45/><G45/><T53/><D53/><U49/><E49/><V64/><F64/><W88/><REACH who="3" step="1"/><G3/><REACH who="3" ten="224,302,237,227" step="2"/><T1/><D1/><U110/><E110/><V89/><F55/><W54/><G54/><T93/><D134/><U52/><E66/><V11/><F48/><W67/><G67/><T73/><D73/><U59/><E130/><V4/><F63/><W30/><G30/><N who="0" m="17775" /><D81/><U25/><E31/><V42/><F42/><W133/><G133/><T117/><D117/><U107/><E29/><V92/><F61/><W80/><G80/><T127/><D127/><U0/><E62/><V112/><F60/><W37/><G37/><T35/><D35/><U79/><E52/><V99/><F112/><W12/><G12/><T119/><D119/><U129/><E0/><V115/><F115/><RYUUKYOKU ba="0,1" sc="224,15,302,-15,237,-15,227,15" hai0="84,85,86,93" hai3="8,9,15,16,19,20,22,26,75,83,88,95,96" /><INIT seed="2,1,1,0,5,17" ten="239,287,222,242" oya="2" hai0="50,111,7,58,73,38,54,6,72,9,83,100,31" hai1="68,69,0,99,90,32,119,39,34,3,93,80,97" hai2="65,37,45,30,114,36,115,108,78,60,1,101,12" hai3="122,132,14,117,134,128,2,88,55,63,67,66,135"/><V28/><F1/><W64/><G117/><T5/><D38/><U121/><E39/><V98/><F78/><W110/><G122/><T33/><D111/><U42/><E42/><V79/><F79/><W75/><G2/><T96/><D9/><U86/><E119/><V46/><F12/><W104/><G75/><T18/><D83/><U19/><E3/><V70/><F108/><W129/><G104/><T44/><D18/><U71/><E0/><V105/><F30/><W124/><G110/><T59/><D31/><U22/><E99/><V26/><F45/><W118/><G118/><T62/><D33/><U49/><E49/><V76/><F76/><W41/><G41/><T8/><D8/><U20/><E20/><V103/><F103/><W120/><G120/><T116/><D59/><U84/><E84/><V81/><F81/><W112/><G112/><N who="2" m="43049" /><F46/><W47/><G47/><T94/><REACH who="0" step="1"/><D116/><REACH who="0" ten="229,287,222,242" step="2"/><U89/><REACH who="1" step="1"/><E121/><REACH who="1" ten="229,277,222,242" step="2"/><V21/><F21/><W51/><G134/><T125/><D125/><U57/><E57/><V10/><F10/><W16/><G124/><T82/><D82/><U52/><E52/><AGARI ba="1,3" hai="5,6,7,44,50,52,54,58,62,72,73,94,96,100" machi="52" ten="40,2600,0" yaku="1,1,54,1,53,0" doraHai="17" doraHaiUra="13" who="0" fromWho="1" sc="229,59,277,-29,222,0,242,0" /><INIT seed="3,0,0,5,0,40" ten="288,248,222,242" oya="3" hai0="14,90,111,99,87,86,84,58,76,59,68,1,32" hai1="124,73,2,35,129,109,56,7,52,37,48,20,25" hai2="120,5,79,42,6,116,104,47,81,119,24,8,38" hai3="127,19,93,82,72,28,80,0,9,83,69,103,131"/><W29/><G69/><T88/><D68/><U33/><E73/><V49/><F120/><W36/><G72/><T110/><D1/><U4/><E37/><V132/><F104/><W75/><G75/><T67/><D32/><U128/><E109/><N who="0" m="41481" /><D76/><U39/><E39/><V11/><F24/><W92/><G36/><T13/><D99/><U62/><E124/><V61/><F132/><W118/><G118/><T63/><D59/><U107/><E107/><V12/><F61/><W77/><G77/><T98/><D98/><U51/><E35/><V121/><F121/><W71/><G71/><T17/><D13/><U94/><E94/><V55/><F55/><W91/><G92/><T27/><D27/><U122/><E33/><V16/><F38/><W41/><G0/><T126/><D126/><U64/><E2/><V18/><F119/><W66/><G127/><T15/><D15/><U85/><E85/><N who="2" m="48319" /><F116/><W102/><G131/><N who="1" m="50250" /><E51/><V53/><F53/><W130/><G130/><T65/><D65/><U105/><E105/><V34/><F34/><W22/><G66/><T135/><D135/><U23/><E122/><V50/><F50/><W44/><G103/><T117/><D117/><U26/><E26/><V113/><F113/><W10/><G102/><T134/><D134/><U46/><E25/><V21/><F21/><AGARI ba="0,0" hai="14,17,21,58,63,67,84,86,87,88,90" m="41481" machi="21" ten="30,2000,0" yaku="14,1,54,1" doraHai="40" who="0" fromWho="2" sc="288,20,248,0,222,-20,242,0" /><AGARI ba="0,0" hai="4,7,20,21,23,46,48,52,56,62,64" m="50250" machi="21" ten="30,3900,0" yaku="19,1,52,1,54,1" doraHai="40" who="1" fromWho="2" sc="308,0,248,39,202,-39,242,0" owari="308,40.8,287,8.7,163,-33.7,242,-15.8" /></mjloggm>