<mjloggm ver="2.3"><GO type="225" lobby="0"/><UN n0="%E5%B8%86%E7%AB%8B%E5%A4%8F%E8%A1%A3" n1="%E2%98%86%E5%B0%8F%E5%AD%A6%E7%94%B7%E7%94%9F%E2%98%86" n2="%E7%89%B9%E6%9D%B1%E5%96%B0%E8%B5%A4%E9%80%9F" n3="%E7%99%BD%E5%80%89%E5%AF%9B%E4%B9%8B" dan="17,16,16,16" rate="2205.85,2063.97,2044.79,2141.74" sx="M,M,M,M"/><TAIKYOKU oya="0"/><INIT seed="0,0,0,0,2,17" ten="250,250,250,250" oya="0" hai0="32,82,23,60,46,63,115,110,28,40,58,44,15" hai1="43,107,1,26,67,12,123,64,94,19,87,66,130" hai2="70,27,117,72,4,69,0,132,5,127,100,118,73" hai3="96,109,93,51,90,9,62,3,6,92,114,24,116"/><T49/><D115/><U71/><E123/><V124/><F100/><W98/><G114/><T54/><D110/><U31/><E107/><V102/><F102/><W65/><G109/><T37/><D32/><U80/><E1/><V108/><F108/><W111/><G111/><T53/><D82/><U34/><E130/><V134/><REACH who="2" step="1"/><F27/><REACH who="2" ten="250,250,240,250" step="2"/><W10/><G116/><T48/><REACH who="0" step="1"/><D15/><REACH who="0" ten="240,250,240,250" step="2"/><U11/><E71/><V18/><F18/><W74/><G3/><AGARI ba="0,2" hai="0,3,4,5,69,70,72,73,117,118,124,127,132,134" machi="3" ten="25,3200,0" yaku="1,1,22,2,53,0" doraHai="17" doraHaiUra="61" who="2" fromWho="3" sc="240,0,250,0,240,52,250,-32" /><INIT seed="1,0,0,3,2,18" ten="240,250,292,218" oya="1" hai0="129,93,89,109,101,8,98,126,23,105,39,45,43" hai1="11,114,31,108,51,82,74,0,26,104,49,57,103" hai2="87,135,133,99,35,58,65,14,73,62,96,47,24" hai3="92,131,4,106,59,56,60,76,118,94,107,61,81"/><U119/><E119/><V130/><F73/><W78/><G4/><T110/><D129/><U70/><E114/><V115/><F115/><W117/><REACH who="3" step="1"/><G81/><REACH who="3" ten="240,250,292,208" step="2"/><T84/><D126/><U6/><E108/><V85/><F130/><AGARI ba="0,1" hai="56,59,60,61,76,78,92,94,106,107,117,118,130,131" machi="130" ten="25,6400,0" yaku="1,1,2,1,22,2,53,0" doraHai="18" doraHaiUra="19" who="3" fromWho="2" sc="240,0,250,0,292,-64,208,74" /><INIT seed="2,0,0,2,0,126" ten="240,250,228,282" oya="2" hai0="74,19,62,10,67,21,73,45,34,87,118,89,1" hai1="6,11,28,134,4,103,127,9,38,109,50,46,53" hai2="84,20,104,85,5,16,116,131,40,79,41,119,107" hai3="33,70,132,121,102,65,75,35,3,25,30,29,39"/><V54/><F104/><W124/><G121/><T86/><D34/><U31/><E127/><V24/><F107/><W88/><G124/><T123/><D123/><U112/><E112/><V83/><F5/><N who="1" m="2153" /><E38/><V80/><F54/><W94/><G39/><T96/><D118/><U98/><E109/><V125/><F125/><W63/><G75/><T133/><D133/><U13/><E134/><V2/><F2/><W95/><G3/><T110/><D110/><U32/><E32/><V101/><F101/><W49/><G132/><T130/><D10/><N who="1" m="3595" /><E13/><V77/><REACH who="2" step="1"/><F131/><REACH who="2" ten="240,250,218,282" step="2"/><W91/><G102/><T61/><D130/><U81/><E103/><V43/><AGARI ba="0,1" hai="16,20,24,40,41,43,77,79,80,83,84,85,116,119" machi="43" ten="30,12000,1" yaku="1,1,2,1,0,1,9,1,54,1,53,0" doraHai="126" doraHaiUra="92" who="2" fromWho="2" sc="240,-40,250,-40,218,130,282,-40" /><INIT seed="2,1,0,2,5,39" ten="200,210,348,242" oya="2" hai0="57,20,125,123,28,45,47,71,21,128,114,52,16" hai1="25,15,76,127,111,19,49,53,126,50,124,95,75" hai2="23,14,104,96,90,6,54,30,68,1,97,17,81" hai3="48,65,58,129,87,84,132,101,133,109,40,112,35"/><V134/><F68/><W0/><G35/><T69/><D123/><U72/><E111/><V85/><F134/><N who="3" m="51819" /><G0/><T79/><D114/><U60/><E25/><V74/><F104/><W26/><G109/><T55/><D125/><U100/><E60/><V120/><F120/><W119/><G112/><T29/><D128/><U130/><E130/><V93/><F30/><N who="0" m="11882" /><D79/><U38/><E38/><V24/><F74/><W115/><G26/><N who="0" m="14599" /><D71/><U91/><E100/><V108/><F108/><W131/><G101/><T18/><D69/><U13/><E76/><V77/><F1/><W70/><G115/><T99/><D99/><N who="1" m="57855" /><E15/><V67/><F96/><W122/><G122/><T12/><D55/><U80/><E80/><V102/><F54/><W110/><G110/><T3/><D3/><U10/><E50/><AGARI ba="1,0" hai="12,18,21,45,47,50,52,57" m="14599,11882" machi="50" ten="30,3900,0" yaku="8,1,54,2" doraHai="39" who="0" fromWho="1" sc="200,42,210,-42,348,0,242,0" /><INIT seed="3,0,0,4,3,32" ten="242,168,348,242" oya="3" hai0="121,109,22,86,13,100,40,105,69,8,25,113,37" hai1="97,72,60,114,56,84,53,108,51,3,38,0,129" hai2="76,80,31,77,57,59,70,83,135,73,68,112,65" hai3="2,41,36,61,67,133,35,54,29,21,122,43,107"/><W64/><G107/><T9/><D69/><U123/><E114/><V49/><F112/><W30/><G35/><T66/><D66/><N who="3" m="25129" /><G36/><T125/><D86/><U88/><E38/><V33/><F135/><W7/><G2/><T15/><D100/><U11/><E72/><V98/><F33/><W16/><G7/><T102/><D102/><U117/><E123/><V74/><F31/><N who="3" m="11787" /><G133/><T120/><D40/><U1/><E108/><V63/><F98/><W28/><G28/><T45/><D37/><U91/><E129/><V47/><F68/><W130/><G122/><T58/><D105/><U99/><E117/><V50/><F50/><W104/><G104/><T12/><D113/><U27/><E27/><V101/><F101/><W90/><G90/><T87/><D109/><U124/><E124/><V134/><F134/><W75/><G75/><T115/><D115/><U34/><E34/><V116/><F116/><W10/><G10/><N who="0" m="4203" /><D125/><U111/><E111/><V20/><F20/><W106/><G106/><T96/><D121/><U78/><E11/><V6/><F6/><W103/><G103/><T55/><D120/><U17/><E17/><V127/><F127/><W48/><G61/><N who="0" m="36063" /><D22/><U89/><REACH who="1" step="1"/><E60/><REACH who="1" ten="242,158,348,242" step="2"/><V95/><F73/><W81/><G130/><T19/><D19/><U52/><E52/><V62/><F74/><W23/><G16/><T5/><D25/><U44/><E44/><V128/><F63/><W79/><G54/><T131/><D131/><U24/><E24/><V18/><F128/><W46/><G46/><T110/><D45/><U94/><E94/><V85/><F95/><RYUUKYOKU ba="0,1" sc="242,-10,158,30,348,-10,242,-10" hai1="0,1,3,51,53,56,78,84,88,89,91,97,99" owari="232,3.2,188,-31.2,348,44.8,232,-16.8" /></mjloggm>