<mjloggm ver="2.3"><GO type="225" lobby="0"/><UN n0="%E3%81%86%E3%82%8D%E3%81%9F%E3%82%93%E3%81%91%E3%81%8A%E3%82%89%E3%81%B2" n1="%E6%A1%9C%E6%B2%A2%E5%A2%A8" n2="%72%65%6E%6B%75%6E" n3="%4B%2E%32%2E%4B%2E" dan="16,17,17,17" rate="2123.46,2193.88,2222.56,2195.60" sx="M,F,M,M"/><TAIKYOKU oya="0"/><INIT seed="0,0,0,4,0,117" ten="250,250,250,250" oya="0" hai0="17,87,123,133,128,28,126,122,37,95,13,96,2" hai1="41,52,94,44,24,7,68,57,97,73,18,5,127" hai2="14,54,53,101,34,31,112,48,83,91,12,104,25" hai3="132,98,106,15,134,8,121,102,124,56,19,118,33"/><T130/><D37/><U113/><E68/><V38/><F38/><W107/><G118/><T4/><D126/><U42/><E73/><V80/><F112/><W0/><G33/><T85/><D133/><N who="3" m="51305" /><G124/><T119/><D119/><U99/><E127/><V43/><F43/><W29/><G29/><T3/><D28/><U82/><E113/><V115/><F115/><W22/><G56/><T131/><D4/><U47/><E82/><V108/><F108/><W65/><G65/><T46/><D46/><U63/><E44/><V61/><F61/><W78/><G78/><T81/><D96/><U129/><E129/><V66/><F66/><W77/><G77/><N who="0" m="46255" /><D95/><U1/><E99/><V72/><F72/><W111/><G111/><T6/><D87/><U32/><E1/><N who="0" m="9" /><D6/><N who="1" m="2059" /><E32/><V60/><F31/><W26/><G0/><T69/><D69/><U116/><E47/><V64/><F34/><W21/><G107/><T55/><D55/><U23/><E116/><V9/><F54/><W70/><G70/><T27/><D27/><U35/><E35/><V93/><F53/><W45/><G45/><T71/><D71/><U49/><E49/><V135/><F48/><W79/><G79/><T92/><D92/><U76/><E76/><V103/><F93/><W51/><G51/><T90/><D90/><AGARI ba="0,0" hai="18,23,24,41,42,52,57,63,90,94,97" m="2059" machi="90" ten="30,3900,0" yaku="25,1,8,1,54,1" doraHai="117" who="1" fromWho="0" sc="250,-39,250,39,250,0,250,0" /><INIT seed="1,0,0,5,3,27" ten="211,289,250,250" oya="1" hai0="68,95,44,55,81,92,114,63,59,9,31,16,91" hai1="86,131,83,96,52,18,102,4,135,85,119,128,35" hai2="50,0,26,130,126,106,41,23,75,24,103,117,79" hai3="69,65,132,7,67,105,118,72,120,100,89,40,88"/><U29/><E119/><V84/><F0/><W94/><G120/><T116/><D114/><U112/><E112/><V61/><F75/><W109/><G72/><T3/><D68/><U124/><E4/><V80/><F117/><W90/><G118/><T12/><D116/><U129/><E124/><V28/><F130/><W8/><G69/><T113/><D3/><U99/><E135/><V108/><F126/><W17/><G132/><T123/><D113/><U37/><E37/><V93/><F108/><W38/><G109/><T133/><D133/><U56/><E18/><V30/><F106/><W98/><G17/><T104/><D104/><U134/><E134/><V5/><F5/><W36/><G105/><T42/><D123/><U110/><E110/><V60/><F50/><W53/><G53/><T107/><D107/><N who="1" m="63943" /><E99/><N who="2" m="59887" /><F41/><W45/><REACH who="3" step="1"/><G36/><REACH who="3" ten="211,289,250,240" step="2"/><T76/><D91/><U66/><E66/><V34/><F34/><W87/><G87/><T32/><D42/><U101/><E101/><V25/><F23/><W6/><G6/><T57/><D44/><U14/><E35/><V22/><F22/><W121/><G121/><T125/><D125/><U43/><E43/><V62/><AGARI ba="0,1" hai="24,25,26,28,30,60,61,62,79,80,84" m="59887" machi="62" ten="30,4000,0" yaku="8,1,52,2" doraHai="27" who="2" fromWho="2" sc="211,-10,289,-20,250,50,240,-10" /><INIT seed="2,0,0,3,0,75" ten="201,269,300,230" oya="2" hai0="76,120,119,122,79,92,99,53,90,69,48,98,109" hai1="105,29,55,128,91,70,115,95,66,108,40,47,57" hai2="46,94,6,14,78,43,86,8,102,118,34,25,62" hai3="93,96,37,88,129,26,84,41,68,2,82,28,77"/><V61/><F118/><W107/><G68/><T45/><D119/><U1/><E105/><V59/><F34/><W73/><G2/><T125/><D109/><U67/><E1/><V12/><F25/><W123/><G129/><T58/><D69/><U63/><E115/><V32/><F32/><W85/><G123/><T36/><D125/><U22/><E108/><V23/><F102/><N who="3" m="62919" /><G84/><T74/><D74/><U52/><E128/><V130/><F130/><W80/><G80/><T131/><D131/><U54/><E70/><V72/><F72/><W39/><G41/><T27/><D120/><U106/><E106/><V135/><F135/><W11/><G11/><T113/><D113/><U4/><E4/><V30/><F59/><W3/><G3/><T0/><D0/><U42/><E67/><V44/><F30/><W124/><G124/><T60/><D36/><U18/><E29/><V7/><F94/><W132/><G132/><T133/><D122/><U64/><E64/><V97/><F97/><W9/><G9/><T81/><D81/><U121/><E47/><N who="2" m="17963" /><F43/><W51/><G51/><T110/><D110/><U16/><E121/><V104/><F104/><W116/><G116/><T31/><D99/><N who="1" m="57855" /><E18/><N who="2" m="10711" /><F6/><W71/><G71/><T83/><D83/><AGARI ba="0,0" hai="7,8,12,61,62,78,83,86" m="10711,17963" machi="83" ten="30,2900,0" yaku="8,1,52,1" doraHai="75" who="2" fromWho="0" sc="201,-29,269,0,300,29,230,0" /><INIT seed="2,1,0,3,2,28" ten="172,269,329,230" oya="2" hai0="32,56,1,70,114,73,92,30,36,38,103,122,52" hai1="49,60,25,116,10,117,46,106,120,121,71,57,94" hai2="64,95,50,89,48,15,67,129,84,126,132,123,43" hai3="27,135,78,133,65,13,104,44,3,66,31,29,12"/><V45/><F123/><N who="1" m="47177" /><E106/><V5/><F132/><N who="3" m="50763" /><G104/><T82/><D114/><U41/><E94/><V79/><F129/><W110/><G3/><T39/><D122/><U0/><E25/><V53/><F126/><W26/><G44/><T59/><D70/><U8/><E0/><V21/><F79/><W6/><G78/><T40/><D40/><U62/><E8/><V102/><F102/><W87/><G87/><T20/><D1/><U112/><E10/><V23/><F5/><W98/><G98/><T37/><D73/><U47/><E112/><V81/><F81/><W109/><G66/><N who="2" m="25129" /><F15/><N who="3" m="5707" /><G65/><T85/><D20/><U119/><E71/><V127/><F127/><W72/><G6/><T34/><D30/><N who="3" m="11273" /><G72/><T128/><N who="0" m="9216" /><DORA hai="97" /><T58/><D128/><U111/><E47/><AGARI ba="1,0" hai="21,23,43,45,47,48,50,53,84,89,95" m="25129" machi="47" ten="30,1500,0" yaku="8,1" doraHai="28,97" who="2" fromWho="1" sc="172,0,269,-18,329,18,230,0" /><INIT seed="2,2,0,0,1,98" ten="172,251,347,230" oya="2" hai0="129,121,109,1,113,111,86,131,17,127,65,5,135" hai1="37,29,83,105,50,45,67,18,125,4,69,103,39" hai2="13,85,53,24,30,71,28,27,54,10,52,106,63" hai3="6,35,108,80,130,77,19,72,46,134,9,119,60"/><V20/><F106/><W38/><G119/><T99/><D65/><U75/><E125/><V0/><F0/><W79/><G35/><T34/><D86/><U40/><E4/><V59/><F71/><W117/><G117/><T47/><D47/><U64/><E29/><V41/><F41/><W32/><G32/><T56/><D56/><U116/><E116/><V70/><F70/><W25/><G108/><N who="0" m="41547" /><D99/><U66/><E69/><V93/><F93/><W90/><G60/><T3/><D127/><U133/><E133/><V61/><F85/><W102/><G134/><T101/><D135/><U22/><E105/><V84/><F84/><W48/><G90/><T110/><N who="0" m="41555" /><T44/><DORA hai="81" /><D44/><U88/><E103/><V16/><F63/><W74/><G46/><T11/><D101/><U31/><E31/><V62/><REACH who="2" step="1"/><F61/><REACH who="2" ten="172,251,337,230" step="2"/><W8/><G38/><T33/><D113/><U123/><E39/><V97/><F97/><W21/><G74/><T122/><D3/><U23/><E37/><V114/><F114/><W82/><G72/><T12/><D34/><AGARI ba="2,1" hai="10,13,16,20,24,27,28,30,34,52,53,54,59,62" machi="34" ten="30,11600,0" yaku="1,1,7,1,54,2,53,0" doraHai="98,81" doraHaiUra="2,78" who="2" fromWho="0" sc="172,-122,251,0,337,132,230,0" /><INIT seed="2,3,0,3,4,105" ten="50,251,469,230" oya="2" hai0="92,130,102,8,49,108,26,111,27,10,75,96,90" hai1="70,46,73,67,13,129,38,32,1,112,109,6,125" hai2="20,115,4,51,98,103,16,83,39,85,58,34,81" hai3="134,71,93,77,21,59,3,97,61,114,44,131,101"/><V55/><F115/><W60/><G3/><T11/><D130/><U14/><RYUUKYOKU type="yao9" ba="3,0" sc="50,0,251,0,469,0,230,0" hai1="1,6,13,14,32,38,46,67,70,73,109,112,125,129" /><INIT seed="2,4,0,1,3,51" ten="50,251,469,230" oya="2" hai0="77,26,134,114,102,107,41,92,54,94,131,82,111" hai1="22,71,27,6,1,30,133,85,93,34,21,122,39" hai2="9,74,106,109,129,17,123,101,48,121,36,31,56" hai3="32,81,97,65,20,42,63,130,83,116,2,98,43"/><V118/><F31/><W49/><G32/><T12/><D114/><U52/><E39/><V13/><F36/><W100/><G116/><T108/><D41/><U127/><E71/><V86/><F74/><W117/><G117/><T18/><D131/><U60/><E133/><V78/><F118/><W58/><G2/><T91/><D134/><U115/><E115/><V37/><F37/><W68/><G68/><T64/><D64/><U112/><E112/><V47/><F56/><W90/><G130/><T59/><D26/><U28/><E127/><V84/><F129/><W66/><G66/><T46/><D46/><U11/><E122/><V10/><F10/><W7/><G7/><T75/><D107/><U70/><E70/><V16/><F17/><W72/><G72/><T15/><D102/><U73/><E73/><V23/><F9/><W53/><G20/><T79/><D79/><U76/><E30/><V33/><F33/><W110/><G110/><T99/><D94/><U126/><E126/><V14/><F14/><W120/><G120/><T8/><REACH who="0" step="1"/><D12/><REACH who="0" ten="40,251,469,230" step="2"/><U0/><E0/><V113/><F113/><W124/><G124/><T38/><D38/><U44/><E44/><V103/><F103/><W55/><G65/><T105/><D105/><U69/><E76/><V57/><F101/><W125/><G125/><T35/><D35/><U40/><E40/><N who="3" m="15402" /><G100/><T24/><D24/><U25/><E25/><V96/><F106/><W5/><G83/><T29/><D29/><U119/><E119/><V135/><F135/><W132/><G132/><T61/><AGARI ba="4,1" hai="8,15,18,54,59,61,75,77,82,91,92,99,108,111" machi="61" ten="30,4000,0" yaku="1,1,0,1,52,1,53,0" doraHai="51" doraHaiUra="80" who="0" fromWho="0" sc="40,62,251,-14,469,-24,230,-14" /><INIT seed="3,0,0,5,3,94" ten="102,237,445,216" oya="3" hai0="77,52,113,51,65,11,116,96,53,14,73,34,9" hai1="102,19,72,68,5,93,29,17,31,47,63,124,1" hai2="39,101,81,8,79,100,132,88,6,135,24,20,125" hai3="133,117,35,87,43,131,126,12,108,82,42,27,130"/><W7/><G117/><T44/><D34/><U4/><E72/><N who="2" m="43239" /><F88/><W103/><G126/><T10/><D116/><U78/><E78/><V114/><F114/><W111/><G133/><N who="2" m="51273" /><F39/><W85/><G103/><T106/><D113/><U61/><E47/><V41/><F41/><N who="3" m="15371" /><G12/><T134/><D134/><U99/><E17/><N who="2" m="12303" /><F125/><W54/><G7/><T25/><D65/><U76/><E63/><V74/><F74/><W0/><G0/><AGARI ba="0,0" hai="0,6,8,100,101" m="12303,51273,43239" machi="0" ten="30,1000,0" yaku="20,1" doraHai="94" who="2" fromWho="3" sc="102,0,237,0,445,10,216,-10" owari="102,-39.8,237,3.7,455,55.5,206,-19.4" /></mjloggm>