<mjloggm ver="2.3"><GO type="225" lobby="0"/><UN n0="%4B%52%E9%BA%BB%E9%9B%80" n1="%77%72%77%72%77%72%77%72" n2="%E3%83%96%E3%83%83%E3%83%91%E3%82%AA%E3%83%96%E3%83%81%E3%82%AD%E3%83%B3" n3="%E6%9C%88%E5%B3%B6%E5%9F%BA" dan="17,16,17,17" rate="2224.53,2113.54,2206.89,2194.11" sx="M,M,M,M"/><TAIKYOKU oya="0"/><INIT seed="0,0,0,0,2,22" ten="250,250,250,250" oya="0" hai0="77,66,110,18,127,17,113,48,111,93,31,72,8" hai1="98,42,46,11,24,116,71,130,3,65,4,115,59" hai2="49,30,73,16,125,12,86,119,62,132,64,92,99" hai3="21,109,103,25,128,23,83,54,88,63,47,39,122"/><T80/><D113/><U97/><E115/><V94/><F132/><W102/><G122/><T134/><D134/><U124/><E116/><V0/><F125/><W75/><G109/><N who="0" m="41483" /><D127/><U35/><E124/><V105/><F119/><W7/><G128/><T129/><D129/><U41/><E130/><V28/><F73/><W50/><G39/><T135/><D135/><U121/><E71/><V85/><F0/><W112/><G112/><T14/><D66/><U33/><E33/><V44/><F105/><W56/><G7/><N who="0" m="3359" /><D31/><N who="2" m="11818" /><F62/><W60/><G23/><T37/><D37/><U78/><E35/><V36/><F64/><W5/><G5/><T10/><D10/><U96/><E121/><V32/><F36/><W43/><G63/><T118/><D118/><U20/><E78/><V74/><F74/><W87/><G75/><T70/><D70/><U100/><E100/><N who="2" m="60519" /><F94/><W53/><G53/><T123/><D123/><U104/><E104/><V34/><F34/><W117/><G117/><T68/><D68/><U131/><E131/><V90/><F90/><W61/><G60/><T95/><D48/><U67/><E67/><V27/><F32/><W82/><G83/><T55/><D55/><U57/><E65/><V15/><F49/><W106/><G106/><T108/><N who="0" m="41491" /><T9/><DORA hai="26" /><D18/><AGARI ba="0,0" hai="18,21,25,43,47,50,54,56,61,82,87,88,102,103" machi="18" ten="30,7700,0" yaku="7,1,8,1,52,1,54,1" doraHai="22,26" who="3" fromWho="0" sc="250,-77,250,0,250,0,250,77" /><INIT seed="1,0,0,5,3,100" ten="173,250,250,327" oya="1" hai0="18,39,88,75,96,65,104,76,83,60,131,24,15" hai1="27,19,89,54,61,97,108,73,10,84,66,94,63" hai2="133,49,74,102,58,82,121,98,118,17,111,101,36" hai3="67,32,120,6,123,78,34,62,12,90,129,41,2"/><U112/><E112/><V40/><F118/><W105/><G2/><T7/><D131/><U114/><E114/><V68/><F121/><W55/><G129/><T134/><D134/><U95/><E73/><V46/><F133/><W64/><G78/><T125/><D125/><U127/><E127/><V124/><F124/><W71/><G41/><T77/><D39/><U115/><E115/><V87/><F111/><W72/><G72/><T42/><D42/><U51/><E108/><V23/><F74/><W79/><G79/><T106/><D77/><U135/><E135/><V44/><F68/><W43/><G43/><T80/><D7/><U126/><E126/><V30/><F58/><W38/><G38/><T113/><D24/><U53/><E53/><V122/><F122/><W50/><G67/><T20/><D113/><U5/><E66/><V59/><F59/><W0/><G0/><T22/><D22/><N who="1" m="13791" /><E10/><V107/><F102/><W57/><G34/><T92/><D83/><U13/><E13/><V52/><F30/><W4/><G32/><T28/><D28/><U116/><E116/><V35/><F35/><W128/><G128/><T31/><D31/><U81/><E5/><N who="3" m="2154" /><G12/><T99/><D99/><U26/><E26/><V45/><F45/><W117/><G117/><T3/><D3/><U8/><E8/><V33/><F33/><W29/><G29/><T11/><D11/><U110/><E110/><V93/><F23/><W37/><G37/><T9/><D9/><U48/><E48/><V1/><F1/><W70/><G120/><T16/><D18/><U25/><E25/><RYUUKYOKU ba="0,0" sc="173,30,250,-10,250,-10,327,-10" hai0="15,16,20,60,65,75,76,80,88,92,96,104,106" /><INIT seed="2,1,0,0,0,117" ten="203,240,240,317" oya="2" hai0="43,111,7,73,132,85,56,13,71,92,66,5,40" hai1="93,29,14,45,101,38,81,99,105,68,26,27,82" hai2="104,128,19,63,28,55,90,125,94,88,37,52,3" hai3="78,62,57,80,12,126,79,89,76,130,103,9,36"/><V23/><F104/><W75/><G36/><T115/><D73/><U67/><E93/><V25/><F125/><W50/><G126/><T60/><D115/><U119/><E119/><V47/><F128/><W121/><G121/><T11/><D111/><U112/><E112/><V69/><F3/><W35/><G35/><T65/><D132/><U98/><E98/><V102/><F69/><W34/><G34/><T113/><D113/><U127/><E127/><V95/><F102/><W96/><G130/><T24/><D71/><U134/><E134/><V122/><F122/><W54/><G62/><T64/><D7/><U70/><E26/><V1/><F1/><W58/><G58/><T33/><D33/><N who="1" m="20671" /><E14/><V41/><F28/><W97/><G89/><T108/><D108/><U17/><E17/><V72/><F63/><W18/><G97/><T100/><D24/><U133/><E133/><V86/><REACH who="2" step="1"/><F72/><REACH who="2" ten="203,240,230,317" step="2"/><W8/><G75/><T106/><D106/><U51/><E68/><V0/><F0/><W129/><G129/><T4/><D4/><U118/><E118/><V22/><F22/><W2/><G2/><T61/><D61/><N who="1" m="40303" /><E38/><V31/><F31/><W59/><G103/><T110/><D110/><U131/><E131/><V30/><F30/><W53/><G9/><T20/><D20/><U84/><E101/><V83/><F83/><W87/><G80/><T46/><D100/><N who="1" m="62623" /><E82/><V44/><F44/><W116/><G116/><T21/><D21/><U74/><E74/><V10/><F10/><W48/><G8/><T114/><D114/><U135/><E135/><V109/><F109/><RYUUKYOKU ba="1,1" sc="203,-10,240,-10,230,30,317,-10" hai2="19,23,25,37,41,47,52,55,86,88,90,94,95" /><INIT seed="2,2,1,4,2,88" ten="193,230,260,307" oya="2" hai0="108,43,71,61,16,101,102,64,26,90,68,91,99" hai1="28,114,56,42,115,133,35,130,66,60,41,87,25" hai2="75,123,94,49,135,15,86,34,110,84,89,132,33" hai3="120,38,7,131,4,78,40,58,21,106,44,128,103"/><V12/><F75/><W124/><G120/><T74/><D74/><U9/><E130/><N who="3" m="49706" /><G124/><T117/><D108/><U73/><E73/><V116/><F123/><W1/><G78/><T24/><D117/><U122/><E133/><N who="2" m="51275" /><F116/><W53/><G1/><T96/><D43/><U50/><E122/><V22/><F110/><W134/><G134/><T10/><D10/><U13/><E87/><V112/><F112/><W100/><G21/><T80/><D80/><U118/><E118/><V69/><F69/><W63/><G106/><T104/><D71/><U55/><E114/><V59/><F86/><W119/><G119/><T36/><D36/><U3/><E3/><V129/><F129/><W37/><G37/><T17/><D26/><U32/><E32/><N who="2" m="12395" /><F22/><W79/><G79/><T77/><D77/><U62/><E115/><V27/><F27/><W107/><G107/><T67/><D67/><U127/><E127/><V30/><F30/><W5/><AGARI ba="2,1" hai="4,5,7,38,40,44,53,58,63,100,103" m="49706" machi="5" ten="30,1100,0" yaku="19,1" doraHai="88" who="3" fromWho="3" sc="193,-5,230,-5,260,-7,307,27" /><INIT seed="3,0,0,3,0,69" ten="188,225,253,334" oya="3" hai0="88,48,41,27,18,39,32,49,107,116,67,130,31" hai1="22,75,59,97,120,86,135,90,40,103,109,124,63" hai2="35,102,85,30,104,117,7,112,44,91,16,78,110" hai3="74,52,101,105,36,121,131,4,20,94,46,15,54"/><W42/><G121/><T134/><D116/><U87/><E120/><V119/><F112/><W70/><G70/><T60/><D107/><U115/><E115/><V2/><F110/><W99/><G74/><T1/><D1/><U108/><E75/><V80/><F44/><W8/><G131/><T127/><D130/><U113/><E113/><V77/><F16/><W129/><G129/><T79/><D127/><U45/><E124/><V66/><F66/><W100/><G105/><T132/><D79/><U92/><E135/><N who="0" m="51753" /><D18/><U133/><E133/><V55/><F55/><W38/><G38/><T68/><D49/><N who="1" m="26791" /><E22/><V10/><F78/><W13/><G100/><T3/><D3/><U72/><E72/><N who="2" m="43047" /><F30/><W64/><G64/><T71/><D71/><U23/><E23/><V33/><F33/><W0/><G15/><T17/><D17/><U53/><E103/><V24/><F24/><W14/><G0/><T34/><D34/><U28/><E28/><V96/><F35/><W21/><G14/><T73/><D73/><U126/><E126/><V65/><F65/><W51/><G21/><T82/><D48/><U83/><E83/><V114/><F114/><W95/><G20/><T11/><D11/><U93/><E93/><AGARI ba="0,0" hai="2,7,10,85,91,93,96,102,104,117,119" m="43047" machi="93" ten="30,1000,0" yaku="24,1" doraHai="69" who="2" fromWho="1" sc="188,0,225,-10,253,10,334,0" owari="188,-31.2,215,-18.5,263,6.3,334,43.4" /></mjloggm>