<mjloggm ver="2.3"><GO type="225" lobby="0"/><UN n0="%E6%98%93%E5%88%A9%E8%96%A9%E4%BC%AF" n1="%E3%81%99%E3%81%84%E3%81%BE%E3%81%9B%E3%83%BC%E3%82%93" n2="%E6%81%A5%E6%99%92%E3%81%97" n3="%E3%81%AF%E3%82%88%E3%81%8A%E3%81%98%E3%81%95%E3%82%93" dan="17,18,16,17" rate="2148.34,2220.96,2146.74,2156.77" sx="F,M,M,M"/><TAIKYOKU oya="0"/><INIT seed="0,0,0,0,3,73" ten="250,250,250,250" oya="0" hai0="116,15,55,50,120,25,32,117,3,126,101,121,52" hai1="14,104,36,112,109,49,2,128,100,12,115,39,105" hai2="6,119,88,26,53,71,91,62,45,127,64,133,40" hai3="123,23,41,82,10,94,9,42,114,110,103,95,87"/><T79/><D3/><U83/><E2/><V132/><F127/><W31/><G114/><N who="1" m="43562" /><E109/><V68/><F6/><W108/><G123/><T19/><D126/><U13/><E100/><V92/><F119/><W28/><G103/><T122/><D101/><U17/><E17/><V78/><F53/><W38/><G82/><T35/><D55/><U86/><E49/><N who="2" m="26791" /><F26/><W8/><G87/><T113/><D113/><U20/><E20/><V102/><F71/><W69/><G23/><T81/><D25/><U7/><E7/><V22/><F22/><W30/><G69/><T48/><D48/><U84/><E128/><V21/><F21/><W61/><G61/><T63/><D63/><U18/><E18/><V65/><F65/><W5/><G5/><T56/><D19/><U1/><E1/><V90/><F102/><W97/><G97/><T59/><D59/><U46/><E46/><V124/><F124/><W129/><G129/><T24/><D15/><U60/><E60/><V77/><F92/><N who="3" m="35371" /><G38/><N who="1" m="14378" /><E83/><V4/><F4/><W130/><G130/><T85/><REACH who="0" step="1"/><D24/><REACH who="0" ten="240,250,250,250" step="2"/><U75/><E105/><V27/><F27/><W118/><G118/><AGARI ba="0,1" hai="32,35,50,52,56,79,81,85,116,117,118,120,121,122" machi="118" ten="50,12000,1" yaku="1,1,2,1,52,1,54,1,53,0" doraHai="73" doraHaiUra="106" who="0" fromWho="3" sc="240,130,250,0,250,0,250,-120" /><INIT seed="0,1,0,4,1,104" ten="370,250,250,130" oya="0" hai0="0,3,40,122,106,9,80,118,97,127,95,42,67" hai1="111,72,105,37,55,69,51,91,78,121,13,109,96" hai2="61,63,5,75,70,8,115,84,19,119,11,49,33" hai3="110,57,131,34,23,108,6,24,112,30,124,125,123"/><T20/><D118/><U12/><E121/><V116/><F115/><W32/><G57/><T62/><D122/><U134/><E134/><V103/><F33/><W14/><G123/><T39/><D106/><U58/><E37/><V53/><F103/><W74/><G74/><T92/><D127/><N who="3" m="48713" /><G112/><T130/><D130/><U35/><E35/><N who="3" m="13354" /><G131/><T1/><D9/><AGARI ba="1,0" hai="6,9,14,23,24,30,108,110" m="13354,48713" machi="9" ten="40,5200,0" yaku="18,1,34,2" doraHai="104" who="3" fromWho="0" sc="370,-55,250,0,250,0,130,55" /><INIT seed="1,0,0,0,5,42" ten="315,250,250,185" oya="1" hai0="3,24,100,77,111,20,55,57,47,134,21,2,74" hai1="122,90,131,60,8,38,67,65,126,107,114,79,118" hai2="35,70,10,19,30,0,116,127,123,99,14,17,110" hai3="62,96,59,18,1,112,120,63,26,113,46,16,52"/><U64/><E107/><V34/><F70/><W121/><G1/><T33/><D111/><U88/><E114/><V87/><F99/><W72/><G72/><T37/><D33/><N who="2" m="12298" /><F87/><W135/><G135/><T84/><D74/><U45/><E118/><V25/><F116/><W115/><G96/><T27/><D100/><U71/><E122/><V124/><F123/><W95/><G95/><T73/><D73/><U109/><E109/><V36/><F36/><W76/><G76/><T82/><D134/><U4/><E131/><V125/><F110/><W29/><G62/><T15/><D15/><U132/><E132/><V43/><F43/><W6/><G6/><T44/><D37/><U54/><E126/><V61/><F61/><W105/><G105/><T50/><D3/><U119/><E119/><V93/><F93/><W31/><G120/><T68/><D2/><U56/><E79/><V103/><F0/><W75/><G75/><T133/><D68/><U94/><E71/><V89/><F89/><N who="1" m="34409" /><E94/><V91/><F91/><W85/><G121/><T58/><D133/><U86/><E86/><V32/><F103/><W39/><G85/><T7/><D84/><U23/><E38/><V41/><F41/><N who="3" m="22847" /><G26/><T92/><D92/><U66/><E67/><V51/><F51/><W49/><G49/><T83/><D50/><N who="1" m="29007" /><E23/><V129/><F129/><W101/><G101/><T128/><D128/><U22/><E22/><V48/><F48/><W12/><G12/><AGARI ba="0,0" hai="4,8,12,56,60,64,65,66" m="29007,34409" machi="12" ten="30,5800,0" yaku="8,1,52,1,54,1" doraHai="42" who="1" fromWho="3" sc="315,0,250,58,250,0,185,-58" /><INIT seed="1,1,0,0,4,111" ten="315,308,250,127" oya="1" hai0="125,124,98,69,45,64,76,75,113,129,109,36,108" hai1="96,14,33,122,25,72,77,61,19,35,46,120,55" hai2="7,27,57,11,86,97,63,43,126,134,39,3,2" hai3="49,13,40,31,130,44,107,81,104,67,115,51,80"/><U82/><E96/><V5/><F126/><N who="0" m="48746" /><D129/><U110/><E110/><N who="0" m="42601" /><D98/><U20/><E25/><V0/><F134/><W50/><G130/><T135/><D135/><U99/><E99/><V59/><F27/><W9/><G67/><T4/><D4/><U106/><E106/><V88/><F97/><W24/><G115/><T78/><D113/><U30/><E30/><V66/><F43/><W102/><G102/><T56/><D69/><U90/><E90/><V21/><F39/><W16/><G104/><T12/><D12/><U29/><E29/><V32/><F21/><W58/><G107/><T23/><D23/><U117/><E117/><V133/><F32/><W105/><G105/><T15/><D15/><U121/><E35/><V127/><F133/><W28/><G28/><T116/><D75/><U91/><E33/><V10/><F127/><W34/><REACH who="3" step="1"/><G58/><REACH who="3" ten="315,308,250,117" step="2"/><T65/><D56/><N who="1" m="34975" /><E122/><V123/><F123/><W47/><G47/><T68/><D45/><U94/><E46/><V89/><F59/><W54/><G54/><T84/><D65/><U119/><E119/><V37/><F37/><AGARI ba="1,1" hai="9,13,16,24,31,34,37,40,44,49,50,51,80,81" machi="37" ten="40,5200,0" yaku="1,1,54,1,53,1" doraHai="111" doraHaiUra="26" who="3" fromWho="2" sc="315,0,308,0,250,-55,117,65" /><INIT seed="2,0,0,4,4,13" ten="315,308,195,182" oya="2" hai0="113,2,51,128,57,133,98,60,34,89,105,28,90" hai1="115,88,93,8,55,78,19,70,116,52,31,124,125" hai2="129,48,10,82,123,24,0,37,1,20,92,30,50" hai3="14,120,42,61,62,25,36,59,44,41,130,33,47"/><V102/><F123/><W71/><G33/><T109/><D2/><U18/><E115/><V23/><F37/><N who="3" m="21551" /><G14/><T56/><D113/><U54/><E116/><V43/><F129/><W135/><G25/><T46/><D109/><U83/><E70/><V117/><F117/><W77/><G77/><T107/><D57/><U101/><E101/><V26/><F82/><W17/><G17/><T35/><D35/><U69/><E69/><V87/><F43/><W121/><G130/><T16/><D133/><U122/><E31/><V11/><F87/><W79/><G79/><T39/><D39/><U95/><E122/><N who="3" m="47210" /><G71/><T53/><D28/><U7/><E95/><V15/><F15/><W74/><G74/><T64/><D34/><U126/><E83/><V91/><F102/><W32/><G32/><T112/><D112/><U22/><E22/><V76/><F76/><W84/><G84/><T27/><D128/><U86/><E78/><V85/><F0/><AGARI ba="0,0" hai="0,7,8,18,19,52,54,55,86,88,93,124,125,126" machi="0" ten="50,8000,1" yaku="18,1,52,2,54,2" doraHai="13" who="1" fromWho="2" sc="315,0,308,80,195,-80,182,0" /><INIT seed="3,0,0,5,2,104" ten="315,388,115,182" oya="3" hai0="132,60,124,115,110,47,27,98,41,36,55,19,14" hai1="93,94,40,65,73,21,125,3,116,67,8,18,23" hai2="31,50,51,81,123,135,119,109,88,29,78,28,111" hai3="86,61,113,99,106,92,96,108,112,13,70,38,129"/><W1/><G1/><T22/><D110/><N who="2" m="41994" /><F119/><W114/><G38/><T126/><D132/><U53/><E73/><N who="2" m="43215" /><F135/><W39/><G39/><T120/><D120/><U49/><E40/><V75/><F123/><W7/><G108/><T57/><D115/><U89/><E94/><V85/><F75/><W102/><G70/><T4/><D4/><U59/><E23/><V122/><F122/><W54/><G61/><T87/><D87/><U83/><E21/><V80/><F28/><W101/><G54/><T56/><D98/><U117/><E117/><V97/><F97/><W74/><G74/><T63/><REACH who="0" step="1"/><D27/><REACH who="0" ten="305,388,115,182" step="2"/><U45/><E116/><V121/><F121/><W48/><G99/><T71/><D71/><U35/><E3/><V134/><F134/><W9/><G96/><T69/><D69/><U44/><E44/><V15/><F15/><W16/><G13/><T6/><D6/><U33/><E45/><V127/><F127/><W91/><G7/><T10/><D10/><U131/><E8/><V77/><F77/><W17/><G9/><T0/><D0/><U100/><E125/><V84/><F85/><W32/><G86/><T107/><D107/><U43/><E59/><V58/><F51/><W95/><G48/><T82/><D82/><U68/><E49/><V37/><F37/><W30/><G113/><T128/><D128/><U24/><E131/><V66/><F50/><W25/><G114/><T2/><D2/><U118/><E83/><V76/><F76/><W12/><G12/><T105/><D105/><U103/><E118/><V26/><F26/><W79/><G25/><RYUUKYOKU ba="0,1" sc="305,15,388,-15,115,15,182,-15" hai0="14,19,22,36,41,47,55,56,57,60,63,124,126" hai2="29,31,58,66,80,84,88" owari="320,12.0,383,48.3,130,-37.0,167,-23.3" /></mjloggm>