<mjloggm ver="2.3"><GO type="225" lobby="0"/><UN n0="%E3%83%A9%E3%82%B9%E7%8E%87%EF%BC%93%E5%89%B2" n1="%E3%81%BF%E3%81%BF%E3%81%9A" n2="%E7%89%B9%E6%9D%B1%E3%81%AF%E4%B8%96%E7%95%8C%E3%82%92%E6%95%91%E3%81%86" n3="%E9%B3%B3%E6%9D%B1%E3%81%AE%E3%81%BF%E3%81%91%E3%81%AB%E3%82%83%E3%82%93" dan="17,17,16,16" rate="2196.83,2194.70,2190.41,2153.89" sx="F,M,M,F"/><TAIKYOKU oya="0"/><INIT seed="0,0,0,0,1,92" ten="250,250,250,250" oya="0" hai0="53,25,99,79,37,115,118,83,4,52,105,89,87" hai1="31,126,17,19,104,41,98,107,27,65,26,110,56" hai2="40,54,0,81,124,67,82,2,133,103,73,18,111" hai3="96,117,33,135,109,35,66,60,94,32,45,9,86"/><T59/><D115/><U6/><E6/><V34/><F34/><W28/><G117/><T122/><D122/><U128/><E41/><V106/><F67/><W57/><G109/><T70/><D70/><U10/><E110/><V131/><F111/><W100/><G135/><T23/><D37/><U3/><E126/><V47/><F133/><W78/><G9/><T36/><D36/><U63/><E128/><V43/><F124/><W113/><G113/><T46/><D118/><U102/><E107/><V119/><F131/><W15/><G15/><T129/><D129/><U84/><E84/><V93/><F106/><W108/><G108/><T8/><D46/><U125/><E125/><V121/><F121/><W24/><REACH who="3" step="1"/><G45/><REACH who="3" ten="250,250,250,240" step="2"/><T21/><D8/><U64/><E10/><V39/><F119/><W48/><G48/><T22/><D4/><U114/><E114/><V80/><F39/><W7/><G7/><T88/><D25/><U76/><E3/><V74/><F2/><W29/><G29/><T85/><D59/><U30/><E30/><V58/><F0/><W77/><G77/><T71/><D71/><U12/><E76/><V20/><F47/><W11/><G11/><T97/><D79/><U90/><E12/><V69/><F69/><W116/><G116/><T130/><D130/><U13/><E13/><V14/><F14/><W42/><G42/><T101/><REACH who="0" step="1"/><D99/><REACH who="0" ten="240,250,250,240" step="2"/><N who="1" m="61535" /><E26/><V16/><F58/><W62/><G62/><T123/><D123/><U91/><E98/><V75/><F75/><W120/><G120/><T132/><D132/><U95/><E27/><N who="2" m="14727" /><F73/><W72/><G72/><RYUUKYOKU ba="0,2" sc="240,15,250,-15,250,-15,240,15" hai0="21,22,23,52,53,83,85,87,88,89,97,101,105" hai3="24,28,32,33,35,57,60,66,78,86,94,96,100" /><INIT seed="0,1,2,5,5,93" ten="255,235,235,255" oya="0" hai0="71,125,8,77,81,24,17,88,31,3,118,91,36" hai1="130,2,97,78,40,59,23,124,15,110,49,39,57" hai2="126,101,47,133,123,21,65,6,86,25,51,26,64" hai3="46,67,115,14,5,98,122,119,45,58,63,112,100"/><T104/><D118/><U20/><E2/><V53/><F123/><W79/><G119/><T10/><D71/><U95/><E39/><V85/><F133/><W33/><G33/><T68/><D68/><U105/><E105/><V22/><F126/><W54/><G79/><T92/><D125/><U87/><E124/><V116/><F116/><W134/><G134/><T129/><D104/><U7/><E110/><V94/><F6/><W89/><G89/><T56/><D36/><U62/><E130/><V66/><F101/><W117/><G117/><T75/><D91/><U34/><E34/><V69/><F69/><W35/><G35/><T114/><D114/><U30/><E87/><N who="2" m="33291" /><F94/><W111/><G111/><T120/><D17/><N who="1" m="10303" /><E7/><V29/><F65/><W99/><G122/><T132/><D3/><U55/><E40/><V82/><F82/><W0/><G0/><T127/><D129/><U4/><E4/><V107/><F107/><W96/><G100/><T43/><D43/><U135/><E135/><V106/><F106/><W113/><REACH who="3" step="1"/><G67/><REACH who="3" ten="255,235,235,245" step="2"/><T74/><D132/><U32/><E32/><V9/><F9/><AGARI ba="1,3" hai="5,9,14,45,46,54,58,63,96,98,99,112,113,115" machi="9" ten="50,8000,1" yaku="1,1,2,1,52,3,53,0" doraHai="93" doraHaiUra="28" who="3" fromWho="2" sc="255,0,235,0,235,-83,245,113" /><INIT seed="1,0,0,3,3,46" ten="255,235,152,358" oya="1" hai0="81,43,102,119,129,14,65,19,7,24,75,13,20" hai1="54,118,47,76,67,100,44,1,4,25,123,16,126" hai2="45,31,57,97,117,121,58,87,98,120,91,29,53" hai3="42,35,94,9,93,15,89,74,8,80,51,110,22"/><U61/><E118/><V55/><F117/><W112/><G112/><T37/><D119/><U113/><E113/><V23/><F45/><N who="3" m="26039" /><G35/><T59/><D43/><U109/><E123/><V30/><F23/><W3/><G74/><T108/><D37/><U6/><E126/><V21/><F21/><W52/><G3/><T11/><D108/><U5/><E1/><V111/><F111/><W26/><G80/><T17/><D102/><U95/><E76/><V133/><F133/><W72/><G72/><T33/><D81/><U71/><E109/><V49/><F120/><W125/><G93/><T77/><D77/><U122/><E122/><V73/><F73/><W99/><G125/><T50/><D33/><U34/><E34/><V12/><F12/><W40/><G40/><T38/><D38/><U106/><E106/><V115/><F115/><W84/><G99/><T18/><D75/><U134/><E134/><V124/><F124/><W103/><G103/><T10/><D7/><U69/><E69/><V107/><F107/><W63/><G15/><T82/><D82/><U64/><E64/><V27/><F27/><W39/><G39/><T131/><D65/><U114/><E114/><V135/><F135/><W41/><G41/><T2/><D2/><U104/><E104/><V101/><F101/><W0/><G0/><T70/><D70/><U28/><E54/><AGARI ba="0,0" hai="10,11,13,14,17,18,19,20,24,50,54,59,129,131" machi="54" ten="40,2600,0" yaku="9,1,52,1" doraHai="46" who="0" fromWho="1" sc="255,26,235,-26,152,0,358,0" /><INIT seed="2,0,0,3,4,21" ten="281,209,152,358" oya="2" hai0="107,36,19,25,64,57,98,2,108,22,89,129,97" hai1="68,46,31,23,130,6,101,72,5,60,90,103,35" hai2="104,105,119,81,127,65,96,67,110,4,50,82,26" hai3="75,27,20,37,132,18,69,102,125,9,49,63,92"/><V117/><F4/><W73/><G37/><T59/><D36/><U48/><E35/><V109/><F50/><W133/><G125/><T7/><D108/><N who="2" m="41578" /><F96/><N who="3" m="59655" /><G49/><T58/><D129/><U29/><E130/><V121/><F121/><W66/><G9/><T43/><D43/><U62/><E48/><V118/><F127/><W54/><G54/><T95/><D7/><U3/><E46/><V115/><F115/><W126/><G126/><T74/><D74/><U94/><E3/><V116/><N who="2" m="29696" /><DORA hai="12" /><V30/><F67/><W11/><G11/><T80/><D2/><U13/><E5/><V39/><F65/><W53/><G53/><T70/><D97/><U40/><E6/><V123/><F39/><W76/><G76/><T15/><D64/><U86/><E62/><V1/><F1/><W77/><G77/><T122/><D122/><U51/><E60/><V56/><F56/><W111/><G111/><T84/><D59/><U14/><E51/><V71/><F71/><W99/><G99/><T83/><D70/><U52/><E68/><V33/><F123/><W78/><G78/><T128/><D128/><U120/><E120/><V61/><F61/><W8/><G8/><N who="0" m="6631" /><D58/><U134/><E103/><V112/><F112/><W87/><G87/><T100/><D57/><U16/><E101/><V135/><F135/><AGARI ba="0,0" hai="18,20,27,63,66,69,73,75,132,133,135" m="59655" machi="135" ten="30,3900,0" yaku="20,1,52,2" doraHai="21,12" who="3" fromWho="2" sc="281,0,209,0,152,-39,358,39" /><INIT seed="3,0,0,4,3,36" ten="281,209,113,397" oya="3" hai0="115,56,17,98,94,10,65,38,86,76,60,40,35" hai1="119,69,91,117,116,31,83,13,55,84,72,9,2" hai2="15,3,47,112,121,67,29,118,128,123,28,5,48" hai3="12,45,34,64,122,50,106,51,14,54,74,105,39"/><W130/><G39/><T113/><D35/><U11/><E69/><V23/><F112/><N who="0" m="43082" /><D76/><U42/><E31/><V95/><F118/><W107/><G74/><T81/><D17/><U53/><E72/><V129/><F67/><W27/><G34/><T7/><D40/><U110/><E110/><V102/><F102/><W90/><G27/><T16/><D16/><N who="1" m="8239" /><E42/><V63/><F95/><W92/><G12/><T99/><D38/><U124/><E124/><V101/><F63/><W33/><G14/><N who="0" m="5471" /><D81/><U125/><E125/><V70/><F101/><W19/><G19/><T52/><D65/><U66/><E66/><V32/><F70/><W87/><G33/><T77/><D77/><U135/><E135/><V1/><F47/><W21/><G45/><T82/><D82/><U73/><E73/><V24/><F48/><W85/><G51/><T75/><D75/><U37/><E91/><AGARI ba="0,0" hai="52,56,60,86,91,94,98,99" m="5471,43082" machi="91" ten="30,2000,0" yaku="11,1,54,1" doraHai="36" who="0" fromWho="1" sc="281,20,209,-20,113,0,397,0" owari="301,10.1,189,-21.1,113,-38.7,397,49.7" /></mjloggm>