<mjloggm ver="2.3"><GO type="225" lobby="0"/><UN n0="%E5%A4%8F%E9%88%B4%E9%88%B4%E5%A4%8F" n1="%E6%A1%9C%E6%B2%A2%E5%A2%A8" n2="%E4%BF%BA%E3%81%A8%E5%A6%96%E5%A4%A2" n3="%E2%98%86%E5%B0%8F%E5%AD%A6%E7%94%B7%E7%94%9F%E2%98%86" dan="16,17,16,17" rate="2097.66,2148.15,2154.86,2125.11" sx="F,F,F,M"/><TAIKYOKU oya="0"/><INIT seed="0,0,0,5,3,129" ten="250,250,250,250" oya="0" hai0="94,118,34,123,101,86,42,89,57,70,6,84,71" hai1="122,111,80,99,25,4,30,20,56,12,28,36,85" hai2="64,127,120,63,132,16,43,73,124,58,98,46,47" hai3="18,22,110,100,107,135,97,5,49,116,66,106,21"/><T11/><D123/><U74/><E122/><V50/><F73/><W10/><G116/><T90/><D34/><U75/><E36/><V105/><F120/><W102/><G110/><T61/><D118/><U40/><E40/><V13/><F47/><W130/><G130/><T0/><D101/><U9/><E111/><V114/><F114/><W37/><G37/><T65/><REACH who="0" step="1"/><D42/><REACH who="0" ten="240,250,250,250" step="2"/><U54/><E30/><V62/><F127/><W96/><G102/><T91/><D91/><U134/><E134/><V126/><F132/><W38/><G135/><T31/><D31/><U103/><E103/><V35/><F35/><W67/><G106/><T45/><D45/><U125/><E125/><V15/><F126/><W121/><G121/><T3/><D3/><U95/><E99/><V8/><F124/><W41/><G97/><T68/><D68/><U128/><E128/><V26/><F98/><W109/><G109/><T108/><D108/><U60/><E95/><AGARI ba="0,1" hai="0,6,11,57,61,65,70,71,84,86,89,90,94,95" machi="95" ten="30,5800,0" yaku="1,1,7,1,9,1,53,0" doraHai="129" doraHaiUra="51" who="0" fromWho="1" sc="240,68,250,-58,250,0,250,0" /><INIT seed="0,1,0,0,5,7" ten="308,192,250,250" oya="0" hai0="0,69,92,115,43,29,2,38,116,21,14,123,93" hai1="109,94,28,10,135,30,134,31,50,19,6,61,25" hai2="35,56,97,88,18,46,122,70,125,81,126,130,44" hai3="72,84,13,100,90,63,58,67,57,54,41,71,128"/><T53/><D116/><U103/><E50/><V39/><F122/><W64/><G72/><T96/><D115/><U24/><E61/><V48/><F70/><W120/><G128/><T42/><D69/><U62/><E62/><V110/><F35/><W9/><G120/><T102/><D123/><U86/><E86/><V49/><F130/><W51/><G100/><T80/><D80/><U74/><E74/><V75/><F56/><W91/><G41/><T60/><D92/><U40/><E40/><N who="0" m="15401" /><D0/><N who="1" m="327" /><E94/><V47/><F39/><W8/><G71/><T119/><D53/><U113/><E103/><V76/><F110/><W17/><G67/><T89/><D60/><U32/><E109/><V108/><F108/><W117/><G117/><T66/><D89/><N who="3" m="33801" /><G84/><T5/><D93/><U37/><E37/><V133/><F88/><W45/><G45/><T85/><D96/><U36/><E36/><V22/><F97/><W27/><G27/><T15/><D14/><U114/><E32/><V118/><F118/><W101/><G101/><T77/><D85/><U104/><E104/><V107/><F107/><W124/><G124/><T106/><D102/><U78/><E78/><V99/><F99/><W82/><G82/><T20/><D77/><U4/><E25/><V87/><F75/><W131/><G131/><T52/><D106/><U59/><E59/><V98/><F98/><W26/><G26/><T121/><D38/><U127/><E127/><N who="2" m="48651" /><F49/><W129/><G129/><T112/><D119/><U12/><E114/><V3/><F48/><W83/><G83/><T33/><D112/><U95/><E113/><RYUUKYOKU ba="1,0" sc="308,-10,192,-10,250,-10,250,30" hai3="8,9,13,17,51,54,57,58,63,64" /><INIT seed="1,2,0,0,1,97" ten="298,182,240,280" oya="1" hai0="2,41,100,21,23,118,38,74,129,121,25,69,98" hai1="128,61,22,53,93,42,130,59,57,99,29,127,37" hai2="15,68,43,44,54,8,27,9,1,64,79,30,101" hai3="91,0,75,5,76,122,110,55,36,6,24,92,119"/><U108/><E127/><V26/><F79/><W123/><G36/><T49/><D118/><U109/><E42/><V78/><F78/><W88/><G119/><T94/><D74/><U39/><E29/><V133/><F133/><W45/><G110/><N who="1" m="42602" /><E22/><V52/><F1/><W16/><G75/><T111/><D21/><U28/><E28/><V63/><F8/><W4/><G0/><T67/><D23/><U135/><E135/><V10/><F10/><W117/><G117/><T51/><D25/><U131/><E59/><V90/><F90/><AGARI ba="2,0" hai="37,39,53,57,61,90,93,99,128,130,131" m="42602" machi="90" ten="40,7700,0" yaku="19,1,14,1,10,1" doraHai="97" who="1" fromWho="2" sc="298,0,182,83,240,-83,280,0" /><INIT seed="1,3,0,3,1,30" ten="298,265,157,280" oya="1" hai0="83,24,0,14,101,26,31,49,93,72,127,125,131" hai1="50,102,27,69,17,94,57,39,62,116,33,10,43" hai2="99,20,100,19,133,87,91,120,42,46,37,81,3" hai3="70,134,76,118,8,41,130,55,7,28,60,61,115"/><U25/><E116/><V89/><F120/><W77/><G115/><T44/><D0/><U11/><E39/><V135/><F3/><W95/><G118/><T97/><D131/><U68/><E68/><V110/><F110/><W63/><G130/><T112/><D112/><U106/><E106/><V16/><F91/><W103/><G70/><T104/><D14/><U12/><E69/><V113/><F113/><W105/><G105/><T52/><D93/><U119/><E119/><V129/><F129/><W128/><G41/><T107/><D104/><U22/><E33/><V79/><F79/><W85/><G128/><T38/><D38/><U111/><E111/><V121/><F121/><W114/><G114/><T71/><D71/><U90/><E102/><V122/><F122/><W86/><G28/><T109/><D109/><U56/><E25/><V78/><F78/><N who="3" m="30315" /><G55/><T45/><D83/><U108/><E108/><V4/><F4/><W1/><G1/><T126/><D72/><U73/><E73/><V58/><F58/><W67/><G67/><T84/><D84/><U96/><E62/><V6/><F6/><W117/><G134/><N who="2" m="51209" /><F20/><W18/><G7/><T35/><D24/><U53/><E43/><V54/><F54/><W64/><G64/><T13/><D13/><U29/><REACH who="1" step="1"/><E11/><REACH who="1" ten="298,255,157,280" step="2"/><V88/><F100/><W98/><G117/><T124/><D127/><U9/><E9/><V74/><F74/><W123/><G123/><T34/><D35/><U51/><E51/><V59/><F59/><AGARI ba="3,1" hai="26,31,34,44,45,49,52,59,97,101,107,124,125,126" machi="59" ten="40,5200,0" yaku="18,1,52,1,54,1" doraHai="30" who="0" fromWho="2" sc="298,71,255,0,157,-61,280,0" /><AGARI ba="3,0" hai="10,12,17,22,27,29,50,53,56,57,59,90,94,96" machi="59" ten="30,5800,0" yaku="1,1,7,1,8,1,53,0" doraHai="30" doraHaiUra="2" who="1" fromWho="2" sc="369,0,255,58,96,-58,280,0" /><INIT seed="1,4,0,5,1,61" ten="369,313,38,280" oya="1" hai0="1,16,78,124,20,90,15,87,52,132,43,73,17" hai1="18,47,12,108,127,102,25,92,60,36,122,119,95" hai2="85,32,29,74,21,30,94,2,82,45,69,79,19" hai3="59,13,68,131,134,55,49,100,40,62,24,89,6"/><U56/><E119/><V121/><F121/><W10/><G131/><T96/><D1/><U41/><E122/><V50/><F2/><W113/><G113/><T14/><D124/><U31/><E127/><V65/><F32/><W88/><G134/><T117/><D117/><U22/><E102/><V103/><F74/><W64/><G100/><T4/><D132/><U83/><E83/><V46/><F46/><W125/><G125/><T63/><D4/><U114/><E108/><V111/><F111/><W0/><G0/><T54/><D43/><U75/><E75/><V11/><F11/><W99/><G99/><T26/><D63/><U53/><REACH who="1" step="1"/><E114/><REACH who="1" ten="369,303,38,280" step="2"/><V126/><F126/><W80/><G80/><N who="0" m="47511" /><D73/><U37/><E37/><V93/><F103/><W42/><REACH who="3" step="1"/><G24/><REACH who="3" ten="369,303,38,270" step="2"/><T67/><D26/><U84/><E84/><V33/><F85/><W120/><G120/><T58/><D96/><U112/><E112/><V101/><F82/><W38/><G38/><T71/><D90/><AGARI ba="4,2" hai="6,10,13,40,42,49,55,59,62,64,68,88,89,90" machi="90" ten="40,5200,0" yaku="1,1,52,1,54,1,53,0" doraHai="61" doraHaiUra="77" who="3" fromWho="0" sc="369,-64,303,0,38,0,270,84" /><INIT seed="2,0,0,1,5,35" ten="305,303,38,354" oya="2" hai0="106,76,85,67,128,13,104,79,38,51,114,94,97" hai1="41,66,16,18,74,113,102,55,108,98,50,12,65" hai2="26,32,119,80,49,34,37,63,9,43,23,129,15" hai3="57,125,11,109,20,78,24,92,96,14,10,82,28"/><V100/><F119/><W45/><G109/><T2/><D114/><U22/><E113/><V44/><F129/><W116/><G116/><T122/><D2/><U91/><E74/><V64/><F100/><W71/><G71/><T47/><D38/><U132/><E108/><V121/><F121/><W127/><G57/><T105/><D122/><U112/><E112/><V95/><F95/><W103/><G45/><T77/><D67/><U130/><E132/><V36/><F34/><W126/><REACH who="3" step="1"/><G14/><REACH who="3" ten="305,303,38,344" step="2"/><T73/><D13/><U118/><E118/><V29/><F32/><W42/><G42/><T30/><D47/><U21/><E41/><V90/><F63/><W59/><G59/><T123/><D123/><U27/><E130/><V0/><F64/><W60/><G60/><T107/><D128/><U84/><E50/><V3/><F37/><W81/><G81/><N who="0" m="45199" /><D51/><U48/><E48/><V4/><REACH who="2" step="1"/><F36/><REACH who="2" ten="305,303,28,344" step="2"/><W25/><G25/><T101/><D30/><U93/><E55/><V46/><F46/><W86/><AGARI ba="0,2" hai="10,11,20,24,28,78,82,86,92,96,103,125,126,127" machi="86" ten="30,4000,0" yaku="1,1,0,1,18,1,53,0" doraHai="35" doraHaiUra="131" who="3" fromWho="3" sc="305,-10,303,-10,28,-20,344,60" /><INIT seed="3,0,0,5,1,62" ten="295,293,8,404" oya="3" hai0="97,21,67,107,110,70,4,103,79,119,102,0,104" hai1="39,123,57,65,54,77,36,15,6,58,28,22,29" hai2="60,82,47,8,111,52,68,24,41,44,27,32,1" hai3="12,108,73,91,50,46,120,9,128,11,101,81,80"/><W61/><G120/><T23/><D119/><U49/><E123/><V92/><F111/><W78/><G108/><T18/><D110/><U33/><E33/><V87/><F32/><W16/><G128/><T113/><D113/><U31/><E77/><V20/><F92/><W72/><G101/><T10/><D79/><U132/><E132/><V124/><F124/><W109/><G109/><T40/><D40/><U5/><E39/><V105/><F105/><W71/><G11/><T127/><D127/><U55/><E36/><V25/><F8/><W94/><G61/><T74/><D74/><U69/><E69/><V122/><F1/><W88/><G71/><T99/><D18/><N who="1" m="10591" /><E65/><V115/><F122/><W63/><G63/><AGARI ba="0,0" hai="0,4,10,21,23,63,67,70,97,99,102,103,104,107" machi="63" ten="40,2600,0" yaku="9,1,52,1" doraHai="62" who="0" fromWho="3" sc="295,26,293,0,8,0,404,-26" /><AGARI ba="0,0" hai="5,6,28,29,31,49,54,55,57,58,63" m="10591" machi="63" ten="30,1000,0" yaku="8,1" doraHai="62" who="1" fromWho="3" sc="321,0,293,10,8,0,378,-10" owari="321,12.1,303,-9.7,8,-49.2,368,46.8" /></mjloggm>