<mjloggm ver="2.3"><GO type="225" lobby="0"/><UN n0="%E3%83%96%E3%83%83%E3%83%91%E3%82%AA%E3%83%96%E3%83%81%E3%82%AD%E3%83%B3" n1="%E5%91%A8%E6%9D%B1" n2="%E7%99%BD%E5%80%89%E5%AF%9B%E4%B9%8B" n3="%33%74%72%65%65" dan="16,17,16,17" rate="2221.04,2172.40,2130.00,2232.48" sx="M,M,M,F"/><TAIKYOKU oya="0"/><INIT seed="0,0,0,4,3,20" ten="250,250,250,250" oya="0" hai0="35,2,45,128,62,54,61,52,127,9,86,133,134" hai1="125,103,105,60,63,34,83,57,84,72,82,129,39" hai2="131,135,122,107,51,75,109,19,98,118,31,6,37" hai3="25,74,106,46,101,33,27,113,18,3,12,43,108"/><T99/><D127/><U119/><E119/><V69/><RYUUKYOKU type="yao9" ba="0,0" sc="250,0,250,0,250,0,250,0" hai2="6,19,31,37,51,69,75,98,107,109,118,122,131,135" /><INIT seed="0,1,0,2,5,93" ten="250,250,250,250" oya="0" hai0="103,64,131,121,62,52,111,82,115,57,53,50,8" hai1="26,81,2,74,69,16,22,127,116,72,65,24,32" hai2="67,14,39,135,112,27,34,18,99,91,28,101,71" hai3="29,104,96,60,40,9,19,42,132,107,23,109,12"/><T11/><D115/><U105/><E116/><V61/><F39/><W89/><G109/><T54/><D121/><U70/><E2/><V68/><F112/><W15/><G132/><T3/><D111/><U134/><E134/><V80/><F135/><W63/><G107/><T38/><D131/><U76/><E74/><V83/><F91/><W86/><G104/><T124/><D38/><U88/><E127/><V123/><F71/><W20/><G29/><T97/><D124/><U49/><E105/><N who="2" m="63679" /><F123/><W84/><G96/><T122/><D122/><U120/><E120/><V94/><F94/><W77/><G77/><T90/><D3/><U73/><E73/><V102/><F102/><W51/><G51/><T41/><D103/><U25/><E32/><V126/><F126/><W95/><G84/><N who="0" m="50455" /><D97/><U78/><E78/><V7/><F7/><N who="3" m="3135" /><G23/><AGARI ba="1,0" hai="14,18,23,27,28,34,61,67,68,80,83" m="63679" machi="23" ten="30,2000,0" yaku="25,1,52,1" doraHai="93" who="2" fromWho="3" sc="250,0,250,0,250,23,250,-23" /><INIT seed="1,0,0,5,1,34" ten="250,250,273,227" oya="1" hai0="63,102,59,131,25,23,20,119,97,105,83,87,134" hai1="8,120,108,10,92,89,3,77,129,56,79,16,123" hai2="17,69,118,86,31,47,60,1,53,76,93,67,9" hai3="81,37,52,126,57,39,30,51,114,73,98,22,94"/><U70/><E70/><V112/><F118/><W124/><G114/><T44/><D131/><U109/><E129/><V127/><F112/><W28/><G73/><T125/><D134/><U95/><E56/><V82/><F127/><N who="3" m="48683" /><G81/><T42/><D125/><U14/><E92/><V113/><F113/><W0/><G0/><T6/><D119/><U2/><E123/><V103/><F31/><N who="3" m="11819" /><G22/><T72/><D72/><U38/><E38/><V61/><F17/><W132/><G132/><T48/><D6/><U111/><E120/><V49/><F61/><W33/><G33/><T99/><D99/><N who="1" m="57839" /><E10/><V43/><F93/><W12/><G12/><T54/><REACH who="0" step="1"/><D25/><REACH who="0" ten="240,250,273,227" step="2"/><U78/><AGARI ba="0,1" hai="2,3,8,14,16,77,78,79,108,109,111" m="57839" machi="78" ten="40,12000,1" yaku="14,1,10,1,52,2,54,1" doraHai="34" who="1" fromWho="1" sc="240,-40,250,130,273,-40,227,-40" /><INIT seed="1,1,0,1,0,88" ten="200,380,233,187" oya="1" hai0="61,131,28,63,80,85,59,114,119,112,53,90,128" hai1="29,121,125,79,97,86,71,31,96,117,57,81,37" hai2="115,134,118,49,38,68,65,27,100,46,36,43,95" hai3="42,76,12,69,54,39,135,26,33,102,106,44,93"/><U1/><E71/><V23/><F118/><W98/><G135/><T91/><D119/><U52/><E121/><V34/><F34/><W89/><G69/><T132/><D132/><U50/><E117/><V101/><F134/><W107/><G76/><T45/><D28/><N who="1" m="10827" /><E37/><V2/><F2/><W15/><G33/><T70/><D45/><U5/><E1/><V87/><F115/><W48/><G26/><T51/><D91/><U10/><E125/><V111/><F111/><W16/><G89/><T17/><D17/><U56/><E10/><V124/><F124/><W103/><G102/><T75/><D75/><U11/><E11/><V109/><F109/><W41/><G41/><T123/><D123/><U94/><E5/><V35/><F35/><W66/><G66/><N who="0" m="41311" /><D51/><U126/><E126/><V30/><F101/><W104/><REACH who="3" step="1"/><G16/><REACH who="3" ten="200,380,233,177" step="2"/><T99/><D114/><U72/><E72/><V108/><F108/><W6/><G6/><T83/><D112/><U73/><E73/><V120/><F120/><W18/><G18/><T113/><D113/><U24/><E24/><V21/><F27/><W84/><G84/><T64/><D83/><U58/><E97/><V3/><F87/><W127/><G127/><T19/><D99/><U129/><E129/><N who="0" m="49737" /><D19/><U105/><E105/><V60/><F43/><W122/><G122/><T74/><D74/><U82/><E82/><V32/><F32/><W14/><G14/><T8/><D8/><U13/><E13/><V22/><F3/><W20/><G20/><T0/><D0/><U130/><E130/><V4/><F23/><W133/><G133/><RYUUKYOKU ba="1,1" sc="200,10,380,10,233,-30,177,10" hai0="53,59,61,64,80,85,90" hai1="50,52,56,57,58,79,81,86,94,96" hai3="12,15,39,42,44,48,54,93,98,103,104,106,107" /><INIT seed="1,2,1,2,1,126" ten="210,390,203,187" oya="1" hai0="30,134,8,109,127,41,71,35,115,94,52,105,128" hai1="47,55,98,53,112,15,5,130,96,64,49,20,21" hai2="57,116,42,68,54,104,110,36,25,89,101,28,46" hai3="133,43,97,73,122,18,103,26,108,69,16,2,19"/><U120/><E112/><V118/><F110/><W14/><G122/><T45/><D115/><U123/><E64/><V82/><F68/><W79/><G2/><T23/><D127/><U56/><E5/><V85/><F101/><W33/><G108/><T106/><D109/><U92/><E15/><V39/><F39/><W111/><G111/><T38/><D71/><U12/><E12/><V76/><F104/><W119/><G69/><T13/><D134/><U75/><E75/><V44/><F44/><W72/><G133/><T67/><D67/><U90/><E98/><V100/><F100/><W91/><G119/><T40/><D40/><U117/><E117/><V31/><F31/><W80/><G72/><T83/><D35/><U62/><E20/><V70/><F76/><W60/><G60/><T95/><D23/><U65/><E65/><V114/><F70/><W11/><G91/><T6/><D13/><U81/><E81/><V9/><F9/><W63/><G63/><T48/><D83/><U124/><E124/><V59/><F59/><W102/><G43/><T66/><D66/><U50/><E62/><V87/><F87/><W22/><G33/><T0/><D8/><U24/><E120/><V125/><F114/><W86/><G73/><T88/><D6/><U58/><E47/><V34/><F125/><W7/><G102/><T135/><D45/><U37/><E37/><V10/><F10/><W4/><G4/><T32/><D38/><U132/><E132/><V51/><AGARI ba="2,1" hai="25,28,34,36,42,46,51,54,57,82,85,89,116,118" machi="51" ten="20,1500,0" yaku="0,1,7,1" doraHai="126" who="2" fromWho="2" sc="210,-6,390,-9,203,31,187,-6" /><INIT seed="2,0,0,1,4,129" ten="204,381,234,181" oya="2" hai0="10,80,135,24,52,49,84,7,111,28,9,68,74" hai1="106,60,62,88,131,93,108,119,33,118,113,39,101" hai2="51,34,31,72,75,82,121,66,38,95,130,102,81" hai3="89,132,112,122,48,79,42,22,26,100,55,123,73"/><V58/><F38/><W30/><G112/><T115/><D111/><U8/><E39/><V4/><F121/><W13/><G42/><T53/><D115/><U125/><E33/><V69/><F130/><W25/><G100/><T92/><D135/><U11/><E131/><V36/><F36/><W14/><G132/><T117/><D117/><U56/><E113/><V3/><F69/><W86/><G73/><T70/><D74/><U107/><E101/><V19/><F19/><W54/><G79/><T27/><D92/><U17/><E17/><V61/><F51/><W91/><G22/><T21/><D27/><U116/><E62/><V16/><F16/><W12/><G48/><T105/><D53/><U44/><E44/><V99/><F81/><W1/><G14/><T104/><D104/><U83/><E83/><V87/><F31/><W37/><G37/><T134/><D105/><U67/><E107/><V94/><F94/><W103/><G103/><T71/><D134/><U32/><E32/><V76/><REACH who="2" step="1"/><F34/><REACH who="2" ten="204,381,224,181" step="2"/><W127/><G30/><T46/><REACH who="0" step="1"/><D7/><REACH who="0" ten="194,381,224,181" step="2"/><U23/><E106/><V96/><F96/><W15/><G123/><T90/><AGARI ba="0,2" hai="9,10,21,24,28,46,49,52,68,70,71,80,84,90" machi="90" ten="30,8000,1" yaku="1,1,2,1,0,1,54,1,53,1" doraHai="129" doraHaiUra="43" who="0" fromWho="0" sc="194,100,381,-20,224,-40,181,-20" /><INIT seed="3,0,0,4,1,112" ten="294,361,184,161" oya="3" hai0="22,50,127,66,23,77,31,3,61,19,7,118,16" hai1="13,117,58,0,93,51,83,114,5,104,34,96,81" hai2="44,119,120,29,98,11,33,128,82,20,55,106,123" hai3="6,8,24,103,85,63,75,59,129,60,76,101,36"/><W107/><G129/><T95/><D127/><U37/><E104/><V131/><F119/><W15/><G75/><T125/><D125/><U124/><E37/><V48/><F33/><W65/><G36/><T46/><D77/><U99/><E34/><V14/><F82/><W47/><G107/><T68/><D118/><U111/><E0/><V49/><F49/><W97/><G97/><T113/><D113/><U126/><E117/><V57/><F57/><W89/><G76/><T91/><D7/><U62/><E51/><V21/><F98/><W4/><G4/><T133/><D3/><U69/><E69/><V40/><F55/><W39/><G24/><T35/><D133/><U134/><E134/><V79/><F79/><W86/><G60/><T72/><D72/><U70/><E70/><V92/><F92/><W1/><G1/><T121/><D121/><N who="2" m="46666" /><F106/><W53/><G86/><T25/><D23/><N who="2" m="8778" /><F29/><W26/><G26/><T94/><D35/><U32/><E32/><V87/><F87/><W116/><G116/><T27/><D27/><U110/><E99/><V41/><F41/><W132/><G132/><T64/><D25/><U67/><E96/><V45/><F45/><W42/><REACH who="3" step="1"/><G53/><REACH who="3" ten="294,361,184,151" step="2"/><T122/><D122/><U105/><E105/><V90/><F90/><W108/><G108/><T80/><D91/><U73/><E124/><V100/><F100/><W52/><G52/><T9/><D31/><U43/><E111/><V12/><F12/><W10/><G10/><T17/><D9/><U109/><E110/><V28/><F28/><W71/><G71/><T74/><D68/><RYUUKYOKU ba="0,1" sc="294,-15,361,-15,184,15,151,15" hai2="11,14,40,44,48,128,131" hai3="6,8,15,39,42,47,59,63,65,85,89,101,103" /><INIT seed="3,1,1,1,4,34" ten="279,346,199,166" oya="3" hai0="118,133,72,53,64,99,90,71,74,3,98,92,21" hai1="58,57,91,33,77,35,126,56,40,115,131,101,29" hai2="125,104,26,135,70,6,62,61,120,44,127,18,121" hai3="31,20,105,45,130,113,132,134,110,5,69,4,94"/><W11/><G105/><T65/><D118/><U95/><E115/><V78/><F104/><W25/><G113/><T108/><D108/><U1/><E101/><V55/><F135/><N who="3" m="51755" /><G69/><T96/><D133/><U32/><E40/><V19/><F78/><W83/><G110/><T38/><D38/><U7/><E77/><V51/><F6/><W59/><G130/><T37/><D37/><U30/><E131/><V76/><F76/><W2/><G45/><T100/><D3/><U87/><E126/><N who="2" m="48139" /><F61/><W46/><G46/><T13/><D71/><U42/><E42/><V8/><F26/><W41/><G41/><T116/><D116/><U17/><E17/><N who="2" m="6155" /><F8/><N who="3" m="2071" /><G83/><T86/><D74/><U81/><E81/><V10/><F10/><W54/><G94/><T107/><D72/><U109/><E109/><V97/><F97/><N who="0" m="37482" /><D107/><U12/><E58/><N who="2" m="35167" /><F70/><W24/><G24/><T28/><D100/><U88/><E56/><V43/><AGARI ba="1,1" hai="43,44,51,120,121" m="35167,6155,48139" machi="43" ten="30,1100,0" yaku="18,1" doraHai="34" who="2" fromWho="2" sc="279,-4,346,-4,199,24,166,-6" owari="275,7.5,342,44.2,223,-17.7,160,-34.0" /></mjloggm>