<mjloggm ver="2.3"><GO type="225" lobby="0"/><UN n0="%72%69%6F%75%63%68%61%6E" n1="%E6%B7%91%E5%A5%B3%E3%81%AE%E5%97%9C%E3%81%BF" n2="%E6%98%93%E5%88%A9%E8%96%A9%E4%BC%AF" n3="%6C%65%74%69%74%62%65" dan="16,16,17,16" rate="2122.54,2143.43,2193.77,2080.85" sx="M,M,F,M"/><TAIKYOKU oya="0"/><INIT seed="0,0,0,4,1,36" ten="250,250,250,250" oya="0" hai0="12,103,51,84,98,60,15,85,46,16,113,79,9" hai1="97,107,13,6,89,42,82,118,61,120,74,64,104" hai2="93,80,24,135,26,95,49,81,19,10,68,21,110" hai3="69,129,57,30,76,44,133,59,127,1,125,41,22"/><T17/><D113/><U112/><E112/><V77/><F68/><W96/><G1/><T63/><D79/><U114/><E114/><V123/><F110/><W54/><G76/><T14/><D85/><U92/><E118/><V39/><F39/><W48/><G129/><T119/><D84/><U73/><E120/><V72/><F135/><W8/><G133/><T83/><D83/><U132/><E132/><V20/><F81/><W78/><G78/><T43/><D119/><U106/><E82/><V25/><F123/><W121/><G69/><T101/><D14/><U62/><E62/><N who="0" m="23593" /><D98/><U105/><N who="1" m="26624" /><DORA hai="2" /><U27/><E27/><V56/><F10/><AGARI ba="0,0" hai="9,10,12,15,16,17,43,46,51,101,103" m="23593" machi="10" ten="30,5800,0" yaku="8,1,52,1,54,1" doraHai="36,2" who="0" fromWho="2" sc="250,58,250,0,250,-58,250,0" /><INIT seed="0,1,0,4,0,97" ten="308,250,192,250" oya="0" hai0="13,110,22,59,91,61,35,66,39,84,69,114,29" hai1="4,8,56,116,79,115,65,93,15,64,71,102,128" hai2="38,72,103,90,33,62,112,121,3,80,17,120,127" hai3="54,94,106,130,24,36,70,51,99,42,44,96,117"/><T49/><D114/><U31/><E116/><V48/><F112/><W67/><G117/><T76/><D110/><U19/><E115/><V129/><F38/><W10/><G130/><T25/><D39/><U21/><E71/><V95/><F129/><W122/><G122/><T7/><D76/><U41/><E128/><V16/><F3/><W124/><G124/><T101/><D101/><U123/><E123/><V98/><F33/><W133/><G133/><T109/><D109/><U57/><E41/><V43/><F127/><W135/><G135/><T12/><D7/><U34/><E79/><V81/><F62/><W88/><G10/><T37/><D37/><U113/><E113/><V89/><F72/><W30/><G70/><T125/><D125/><U86/><E31/><V92/><F48/><W107/><G67/><N who="1" m="25674" /><E34/><V104/><F43/><W27/><G96/><T55/><REACH who="0" step="1"/><D35/><REACH who="0" ten="298,250,192,250" step="2"/><U108/><E102/><V53/><F120/><W74/><G74/><T14/><D14/><N who="1" m="9463" /><E108/><V11/><F121/><W68/><G36/><T75/><D75/><U32/><E32/><V58/><F104/><W63/><G106/><T50/><D50/><U45/><E45/><V132/><F103/><W126/><G107/><T28/><D28/><U5/><E4/><V9/><F132/><W0/><G126/><T2/><D2/><U1/><E1/><V52/><F98/><W46/><G0/><T83/><AGARI ba="1,1" hai="12,13,22,25,29,49,55,59,61,66,69,83,84,91" machi="83" ten="20,3900,0" yaku="1,1,0,1,7,1,53,0" doraHai="97" doraHaiUra="111" who="0" fromWho="0" sc="298,52,250,-14,192,-14,250,-14" /><INIT seed="0,2,0,2,3,62" ten="350,236,178,236" oya="0" hai0="22,115,8,55,39,113,16,129,96,97,9,25,18" hai1="44,135,82,93,17,117,68,121,0,69,35,92,109" hai2="104,85,41,20,98,21,67,112,75,7,42,134,58" hai3="95,32,49,34,46,74,78,114,19,52,110,128,54"/><T50/><D39/><U87/><E117/><V123/><F75/><W79/><G114/><T125/><D129/><U31/><E121/><V88/><F123/><W3/><G3/><T76/><D125/><U127/><E0/><V23/><F112/><W47/><G110/><T29/><D76/><U6/><E6/><V102/><F134/><W100/><G128/><T83/><D83/><U59/><E109/><V84/><F84/><W26/><G74/><T5/><D115/><U89/><E135/><V4/><F7/><W28/><G32/><T101/><D113/><U30/><E44/><V60/><REACH who="2" step="1"/><F4/><REACH who="2" ten="350,236,168,236" step="2"/><W13/><G95/><AGARI ba="2,1" hai="20,21,23,41,42,58,60,67,85,88,95,98,102,104" machi="95" ten="40,8000,1" yaku="1,1,2,1,52,1,54,1,53,0" doraHai="62" doraHaiUra="48" who="2" fromWho="3" sc="350,0,236,0,168,96,236,-86" /><INIT seed="1,0,0,5,5,61" ten="350,236,264,150" oya="1" hai0="44,62,117,46,45,88,7,27,5,90,19,105,4" hai1="100,68,58,63,11,89,94,71,49,129,18,47,115" hai2="116,113,102,118,126,31,114,124,73,133,54,48,127" hai3="38,101,24,132,104,103,59,86,76,112,98,39,12"/><U15/><E115/><N who="2" m="44043" /><F102/><W26/><G112/><T96/><D117/><N who="2" m="45162" /><F73/><W20/><G132/><T64/><D105/><U135/><E129/><V128/><F31/><W111/><G111/><T79/><D79/><U131/><E131/><V125/><N who="2" m="31744" /><DORA hai="56" /><V120/><F128/><W10/><G101/><T123/><D123/><U33/><E135/><V17/><F17/><W2/><G103/><T66/><D96/><U109/><E109/><V22/><F22/><W23/><G98/><T67/><D62/><U87/><E33/><V32/><F32/><W51/><G20/><AGARI ba="0,0" hai="4,5,7,19,20,27,44,45,46,64,66,67,88,90" machi="20" ten="50,12000,2" yaku="29,2,8,1,52,3,54,1" doraHai="61,56" who="0" fromWho="3" sc="350,120,236,0,264,0,150,-120" /><INIT seed="2,0,0,3,0,103" ten="470,236,264,30" oya="2" hai0="16,42,124,111,116,82,24,60,77,76,57,44,25" hai1="93,125,106,105,84,66,59,58,2,64,27,20,63" hai2="61,115,128,81,107,131,54,14,79,32,90,92,89" hai3="1,98,23,126,94,19,67,133,80,51,72,69,26"/><V28/><F115/><W7/><G133/><T3/><D3/><U74/><E74/><V37/><F37/><W102/><G126/><T62/><D124/><U15/><E2/><V47/><F107/><W127/><G127/><T114/><D114/><U53/><E125/><V46/><F28/><W134/><G134/><T135/><D135/><U21/><E21/><V110/><F32/><W129/><G129/><N who="2" m="49737" /><F14/><W39/><G39/><T48/><D111/><U29/><E15/><V123/><F123/><W4/><G1/><T36/><D116/><U65/><REACH who="1" step="1"/><E59/><REACH who="1" ten="470,226,264,30" step="2"/><N who="2" m="35063" /><F110/><W6/><G51/><T43/><D48/><U9/><E9/><V119/><F119/><W5/><N who="3" m="1024" /><DORA hai="30" /><W122/><G122/><T33/><D36/><U85/><E85/><N who="2" m="50351" /><F79/><W101/><G69/><T31/><D77/><U56/><E56/><V118/><F118/><W96/><G67/><T117/><D57/><U52/><E52/><V35/><F35/><W22/><G22/><T40/><D117/><U113/><E113/><V70/><F70/><W78/><REACH who="3" step="1"/><G96/><AGARI ba="0,1" hai="46,47,90,92,96" m="50351,35063,49737" machi="96" ten="30,1500,0" yaku="19,1" doraHai="103,30" who="2" fromWho="3" sc="470,0,226,0,264,25,30,-15" /><INIT seed="2,1,0,3,2,79" ten="470,226,289,15" oya="2" hai0="91,122,44,131,74,47,110,109,133,111,87,10,41" hai1="5,80,11,118,26,50,99,116,20,38,37,19,39" hai2="124,69,112,107,78,106,51,94,72,27,56,61,117" hai3="120,114,102,126,128,100,95,86,65,3,129,49,46"/><V73/><F112/><W36/><G3/><T66/><D131/><N who="3" m="50249" /><G65/><T98/><D133/><U21/><E50/><V40/><F117/><W70/><G70/><T6/><D122/><U8/><E99/><V58/><F69/><W59/><G59/><T71/><D74/><U132/><E132/><V42/><F124/><W62/><G62/><N who="0" m="40407" /><D98/><U14/><E80/><V1/><F1/><W31/><G36/><T84/><D91/><U32/><E32/><V93/><F27/><W85/><G120/><T68/><D68/><U0/><REACH who="1" step="1"/><E20/><REACH who="1" ten="470,216,289,15" step="2"/><V57/><F51/><W15/><G114/><T29/><D111/><U81/><E81/><V103/><F42/><N who="3" m="24791" /><G126/><T76/><D41/><U115/><E115/><V24/><F40/><W28/><G15/><T92/><D110/><U18/><AGARI ba="1,1" hai="0,5,8,11,14,18,19,21,26,37,38,39,116,118" machi="18" ten="30,2000,0" yaku="1,1,0,1,53,0" doraHai="79" doraHaiUra="123" who="1" fromWho="1" sc="470,-6,216,33,289,-11,15,-6" /><INIT seed="3,0,0,0,4,88" ten="464,249,278,9" oya="3" hai0="3,89,111,37,49,56,117,39,43,5,97,133,59" hai1="114,81,73,82,11,46,62,84,21,76,93,71,131" hai2="57,51,12,132,134,72,20,26,126,83,28,31,10" hai3="0,79,25,55,109,48,15,92,103,113,4,107,32"/><W106/><G113/><T50/><D117/><U41/><E114/><V102/><F126/><W53/><G0/><T128/><D111/><U65/><E131/><V9/><F102/><W118/><G118/><T36/><D128/><U98/><E21/><V63/><F51/><W77/><G106/><T52/><D133/><N who="2" m="51306" /><F31/><W69/><G107/><T123/><D123/><U99/><E11/><V121/><F121/><W35/><G69/><T96/><D89/><U18/><E18/><V100/><F100/><W45/><G32/><T8/><D43/><U75/><E93/><V61/><F57/><W101/><G109/><T27/><D27/><U112/><E112/><V47/><F47/><W122/><G53/><AGARI ba="0,0" hai="3,5,8,36,37,39,49,50,52,53,56,59,96,97" machi="53" ten="40,2600,0" yaku="9,1,54,1" doraHai="88" who="0" fromWho="3" sc="464,26,249,0,278,0,9,-26" owari="490,59.0,249,-15.1,278,7.8,-17,-51.7" /></mjloggm>