<mjloggm ver="2.3"><GO type="225" lobby="0"/><UN n0="%E3%81%9F%E3%81%BE%E3%81%8D%E3%82%93" n1="%E7%99%BD%E5%80%89%E5%AF%9B%E4%B9%8B" n2="%E3%81%AF%E3%82%88%E3%81%8A%E3%81%98%E3%81%95%E3%82%93" n3="%E3%81%AD%E3%82%80%E3%81%84%40%E9%9B%80%E9%B3%B4%E4%BC%9A" dan="17,16,17,16" rate="2131.93,2150.31,2113.34,2185.33" sx="M,M,M,F"/><TAIKYOKU oya="0"/><INIT seed="0,0,0,2,3,15" ten="250,250,250,250" oya="0" hai0="95,28,51,82,56,59,78,20,101,57,49,6,104" hai1="119,79,52,3,80,26,85,131,87,36,123,111,125" hai2="21,12,10,63,74,48,65,35,24,92,37,132,71" hai3="121,19,76,94,120,107,91,102,39,108,31,70,47"/><T64/><D104/><U30/><E123/><N who="3" m="47178" /><G31/><T134/><D134/><U55/><E119/><V90/><F37/><W58/><G70/><T61/><D6/><U110/><E3/><V69/><F74/><W44/><G76/><T115/><D115/><U105/><E36/><V53/><F69/><W133/><G108/><N who="1" m="41514" /><E105/><V75/><F75/><W88/><G58/><T117/><D117/><U2/><E2/><V124/><F35/><W25/><G133/><T32/><D32/><N who="1" m="20567" /><E125/><V27/><F21/><N who="3" m="13503" /><G107/><T11/><D11/><U72/><E131/><V22/><F22/><W14/><G14/><T29/><D59/><U45/><E45/><N who="3" m="17482" /><G39/><T43/><D43/><U77/><E77/><V113/><F124/><W60/><G60/><T16/><D56/><U9/><E9/><V46/><F113/><W68/><G68/><T129/><D129/><U83/><E83/><V97/><REACH who="2" step="1"/><F132/><REACH who="2" ten="250,250,240,250" step="2"/><W62/><G62/><T5/><D61/><U23/><E23/><V122/><F122/><W67/><G67/><T54/><D64/><U38/><E38/><V7/><AGARI ba="0,1" hai="7,10,12,24,27,46,48,53,63,65,71,90,92,97" machi="7" ten="20,2700,0" yaku="1,1,0,1,7,1,53,0" doraHai="15" doraHaiUra="126" who="2" fromWho="2" sc="250,-13,250,-7,240,37,250,-7" /><INIT seed="1,0,0,3,2,53" ten="237,243,277,243" oya="1" hai0="111,94,11,113,24,86,40,123,62,117,38,74,100" hai1="21,115,25,122,48,17,9,125,18,81,7,33,134" hai2="66,16,34,14,71,129,13,92,6,90,31,93,35" hai3="0,101,85,69,1,98,102,126,4,89,132,52,127"/><U41/><E122/><V116/><F116/><W97/><G69/><T109/><D117/><U107/><E107/><V108/><F108/><N who="0" m="41546" /><D74/><U2/><E115/><V39/><F39/><W32/><G32/><T44/><D113/><U63/><E125/><N who="3" m="47626" /><G132/><T47/><D123/><U95/><E134/><V65/><F129/><W5/><G101/><T104/><D44/><U135/><E135/><V28/><F6/><N who="3" m="2667" /><G102/><T121/><D121/><U12/><E95/><V19/><F90/><W37/><G37/><T124/><D124/><U78/><E63/><V82/><F82/><N who="3" m="49335" /><G52/><T36/><D36/><U110/><E110/><V75/><F75/><W118/><G118/><T73/><D73/><U128/><E128/><V42/><F71/><W106/><G106/><T131/><D104/><U26/><E33/><V58/><F42/><W60/><G60/><T57/><D100/><U51/><E41/><V56/><AGARI ba="0,0" hai="13,14,16,19,28,31,34,35,56,58,65,66,92,93" machi="56" ten="25,12000,2" yaku="0,1,22,2,52,2,54,1" doraHai="53" who="2" fromWho="2" sc="237,-30,243,-60,277,120,243,-30" /><INIT seed="2,0,0,2,0,133" ten="207,183,397,213" oya="2" hai0="57,116,34,72,30,42,3,75,87,121,64,19,76" hai1="135,68,41,102,62,37,73,84,93,47,9,24,103" hai2="5,32,39,71,69,78,20,25,113,14,81,53,98" hai3="94,107,45,67,77,0,56,131,50,12,82,44,83"/><V96/><F39/><W122/><G107/><T95/><D121/><U91/><E73/><V17/><F113/><W51/><G0/><T99/><D3/><U13/><E135/><V52/><F69/><W54/><G122/><T70/><D70/><U134/><E134/><V8/><F71/><W4/><G131/><T23/><D116/><U55/><E24/><V90/><F32/><W92/><G67/><T10/><D10/><U29/><E29/><V15/><F25/><W130/><G130/><T100/><D30/><U1/><E1/><V60/><F60/><W65/><G65/><T61/><D42/><U128/><E128/><V120/><F120/><W2/><G2/><T48/><D48/><U114/><E114/><V123/><F123/><W119/><G119/><T111/><D111/><U66/><REACH who="1" step="1"/><E55/><REACH who="1" ten="207,173,397,213" step="2"/><V31/><F31/><W115/><G54/><T46/><D34/><U85/><E85/><N who="2" m="48311" /><F98/><W59/><G115/><T6/><D75/><U36/><E36/><V88/><F96/><W26/><G26/><N who="0" m="14719" /><D72/><U112/><E112/><V35/><F35/><W105/><G45/><T27/><D27/><U106/><E106/><V21/><F53/><W7/><G105/><T117/><D117/><U79/><E79/><V110/><F52/><W109/><G44/><T33/><D33/><U125/><E125/><V58/><F110/><W97/><G109/><T28/><D46/><U40/><E40/><V49/><F49/><W86/><G51/><T126/><D126/><U43/><E43/><V124/><F124/><W18/><G50/><T80/><D28/><U16/><AGARI ba="0,1" hai="9,13,16,37,41,47,62,66,68,84,91,93,102,103" machi="16" ten="20,12000,2" yaku="1,1,5,1,0,1,7,1,54,1,53,1" doraHai="133" doraHaiUra="11" who="1" fromWho="1" sc="207,-30,173,130,397,-60,213,-30" /><INIT seed="3,0,0,1,0,98" ten="177,303,337,183" oya="3" hai0="93,59,69,123,47,34,130,29,39,86,2,105,33" hai1="90,124,21,118,25,83,113,16,110,52,6,68,85" hai2="13,22,95,115,76,108,51,38,23,96,9,122,15" hai3="64,58,24,82,7,37,102,41,77,120,117,35,112"/><W62/><G112/><T88/><D123/><U97/><E68/><V74/><F38/><W67/><G120/><T78/><D69/><U65/><E113/><V3/><F115/><W126/><G117/><T75/><D2/><U60/><E118/><V32/><F32/><W40/><G126/><T8/><D29/><U71/><E124/><V57/><F122/><W99/><G7/><T56/><D105/><U129/><E110/><V43/><F108/><W46/><G41/><T5/><D130/><U12/><E129/><V26/><F74/><W128/><G128/><T84/><D84/><U81/><E97/><V73/><F73/><W17/><G17/><T132/><D132/><U100/><E100/><V53/><F76/><W19/><G19/><T49/><D39/><U30/><E6/><V55/><F43/><W72/><G24/><T48/><D33/><U80/><REACH who="1" step="1"/><E52/><REACH who="1" ten="177,293,337,183" step="2"/><N who="2" m="31903" /><F3/><W10/><G35/><AGARI ba="0,1" hai="12,16,21,25,30,35,60,65,71,80,81,83,85,90" machi="35" ten="30,7700,0" yaku="1,1,7,1,54,1,53,1" doraHai="98" doraHaiUra="18" who="1" fromWho="3" sc="177,0,293,87,337,0,183,-77" owari="177,-22.3,380,48.0,337,13.7,106,-39.4" /></mjloggm>