<mjloggm ver="2.3"><GO type="225" lobby="0"/><UN n0="%E3%81%94%E3%83%BC%E3%81%A9%E3%82%93" n1="%E3%83%B4%E3%83%A0%EF%BC%99%E3%81%A6" n2="%E3%82%A4%E3%83%BC%E3%82%B1%E3%83%97%E3%83%A9" n3="%33%74%72%65%65" dan="16,16,17,17" rate="2108.28,2147.66,2208.99,2220.68" sx="M,M,M,F"/><TAIKYOKU oya="0"/><INIT seed="0,0,0,1,2,114" ten="250,250,250,250" oya="0" hai0="73,102,3,82,55,129,130,88,20,8,109,36,80" hai1="95,42,32,105,91,75,101,19,52,77,6,13,68" hai2="125,17,81,116,71,29,104,23,35,87,34,48,57" hai3="108,78,37,89,120,50,98,21,22,128,69,12,15"/><T86/><D36/><U110/><E68/><V117/><F71/><W33/><G37/><T4/><D109/><U84/><E110/><V5/><F104/><W31/><G108/><T97/><D55/><U26/><E42/><V53/><F5/><W65/><G128/><T1/><D1/><U0/><E0/><V59/><F59/><W39/><G39/><T115/><D115/><U134/><E134/><V90/><F125/><W96/><G69/><T119/><D119/><N who="2" m="45642" /><F29/><W113/><G31/><T54/><D54/><U94/><E6/><V76/><F90/><W99/><G89/><T28/><D28/><U11/><E91/><V63/><F63/><W121/><G113/><T92/><REACH who="0" step="1"/><D20/><REACH who="0" ten="240,250,250,250" step="2"/><U45/><E32/><V107/><F107/><W133/><G33/><T112/><D112/><U83/><E105/><V118/><F118/><W132/><G21/><T38/><D38/><U124/><E124/><V7/><F7/><W56/><G22/><T25/><D25/><AGARI ba="0,1" hai="17,23,25,34,35,48,53,57,76,81,87" m="45642" machi="25" ten="30,7700,0" yaku="12,1,52,3" doraHai="114" who="2" fromWho="0" sc="240,-77,250,0,250,87,250,0" /><INIT seed="1,0,0,3,1,14" ten="163,250,337,250" oya="1" hai0="64,37,99,78,65,3,102,28,92,103,117,97,100" hai1="135,121,46,70,85,24,124,81,111,51,106,128,30" hai2="87,133,34,105,16,20,19,21,90,82,94,53,120" hai3="47,122,31,132,5,79,80,116,15,69,12,50,32"/><U72/><E121/><V1/><F120/><W26/><G122/><T93/><D117/><U29/><E106/><V131/><F105/><W75/><G116/><T104/><D37/><U61/><E72/><V23/><F1/><W108/><G108/><T115/><D3/><U74/><E74/><V8/><F34/><W86/><G132/><T18/><D28/><U129/><E135/><V77/><F133/><W130/><G130/><T40/><D40/><U71/><E124/><V95/><F131/><N who="1" m="50249" /><E61/><V25/><F53/><W27/><G75/><T127/><D127/><U2/><E2/><V112/><F112/><W84/><G69/><N who="1" m="26122" /><E24/><V48/><F48/><W43/><G26/><T107/><D78/><N who="1" m="46263" /><E111/><V17/><F8/><N who="3" m="4111" /><G84/><T52/><D115/><U63/><E63/><V98/><F95/><W33/><G15/><T101/><D104/><U66/><E66/><V59/><F59/><W118/><G118/><T39/><D107/><U41/><AGARI ba="0,0" hai="29,30,41,46,51" m="46263,26122,50249" machi="41" ten="30,1500,0" yaku="19,1" doraHai="14" who="1" fromWho="1" sc="163,-5,250,15,337,-5,250,-5" /><INIT seed="1,1,0,5,1,111" ten="158,265,332,245" oya="1" hai0="51,18,28,76,119,65,121,57,115,84,81,36,33" hai1="52,80,7,47,60,19,94,61,112,105,82,122,17" hai2="22,3,48,91,10,9,97,45,114,13,88,103,134" hai3="95,4,123,23,68,131,126,50,110,117,14,66,54"/><U130/><E122/><V5/><F134/><W41/><G123/><T12/><D121/><U69/><E105/><V53/><F22/><W21/><G110/><T0/><D0/><U38/><E130/><V124/><F124/><W79/><G126/><T67/><D119/><U46/><E7/><V27/><F27/><W90/><G131/><T89/><D36/><U83/><E38/><V107/><REACH who="2" step="1"/><F114/><REACH who="2" ten="158,265,322,245" step="2"/><W100/><G21/><T106/><D115/><U118/><E112/><V133/><F133/><W30/><G23/><T113/><D113/><U71/><E118/><V73/><F73/><W85/><G117/><T99/><D33/><U20/><E20/><V44/><F44/><W40/><G30/><T108/><D28/><U77/><E47/><V135/><F135/><W87/><G68/><T24/><D108/><U70/><E77/><V31/><F31/><W16/><G79/><T6/><D24/><U127/><E127/><V34/><F34/><W42/><G4/><AGARI ba="1,1" hai="3,4,5,9,10,13,45,48,53,88,91,97,103,107" machi="4" ten="30,7700,0" yaku="1,1,7,1,54,1,53,1" doraHai="111" doraHaiUra="32" who="2" fromWho="3" sc="158,0,265,0,322,90,245,-80" /><INIT seed="2,0,0,3,4,8" ten="158,265,412,165" oya="2" hai0="94,76,114,84,15,24,25,128,124,62,26,89,135" hai1="28,32,64,77,79,117,109,7,5,90,74,78,100" hai2="103,129,98,48,112,67,20,110,122,45,72,115,47" hai3="130,92,39,57,111,105,22,116,120,55,58,35,80"/><V59/><F122/><W3/><G105/><T44/><D114/><U10/><E74/><V93/><F72/><W71/><G35/><T70/><D128/><U106/><E117/><V43/><F110/><W81/><G71/><T95/><D135/><U51/><E109/><V133/><F133/><W4/><G111/><T9/><D124/><U54/><E64/><V99/><F129/><W23/><G130/><T14/><D76/><U108/><E5/><V11/><F20/><W19/><G120/><T131/><D131/><U42/><E42/><V121/><F121/><W12/><G116/><T134/><D134/><U82/><E32/><V50/><F11/><N who="3" m="4199" /><G3/><T132/><D132/><U91/><E28/><V104/><F59/><N who="3" m="22539" /><G39/><T36/><D9/><U87/><E106/><V65/><F115/><W40/><G40/><T13/><D36/><U41/><E41/><V96/><F96/><W107/><G107/><T21/><D44/><U75/><E75/><V29/><F29/><W6/><G6/><T34/><D34/><U53/><E10/><V73/><F73/><W1/><G1/><T66/><REACH who="0" step="1"/><D94/><REACH who="0" ten="148,265,412,165" step="2"/><U83/><E108/><V88/><F112/><W17/><G92/><T102/><D102/><U61/><E100/><V68/><F104/><W118/><G118/><T30/><AGARI ba="0,1" hai="13,14,15,21,24,25,26,30,62,66,70,84,89,95" machi="30" ten="30,8000,1" yaku="1,1,0,1,52,3,53,0" doraHai="8" doraHaiUra="123" who="0" fromWho="0" sc="148,90,265,-20,412,-40,165,-20" /><INIT seed="3,0,0,5,4,109" ten="238,245,372,145" oya="3" hai0="66,106,121,95,2,53,118,15,108,26,123,46,43" hai1="93,55,17,45,14,126,133,40,85,52,21,35,51" hai2="110,130,47,25,12,36,104,48,77,128,132,91,107" hai3="19,105,68,24,80,59,117,41,1,28,49,100,56"/><W16/><G117/><T62/><D2/><U84/><E35/><V61/><F110/><W86/><G68/><T27/><D108/><U87/><E126/><V125/><F36/><W113/><G1/><T114/><D106/><U120/><E133/><V64/><F77/><W75/><G75/><T65/><D118/><U82/><E120/><V44/><F132/><W67/><G113/><T124/><D114/><U131/><E131/><V74/><F74/><W116/><G116/><T54/><D124/><U88/><E84/><V63/><F125/><W11/><G105/><T58/><D15/><U79/><AGARI ba="0,0" hai="14,17,21,40,45,51,52,55,79,82,85,87,88,93" machi="79" ten="20,8000,1" yaku="0,1,7,1,8,1,54,2" doraHai="109" who="1" fromWho="1" sc="238,-20,245,80,372,-20,145,-40" owari="218,-18.2,325,12.5,352,45.2,105,-39.5" /></mjloggm>