<mjloggm ver="2.3"><GO type="225" lobby="0"/><UN n0="%E3%83%96%E3%83%83%E3%83%91%E3%82%AA%E3%83%96%E3%83%81%E3%82%AD%E3%83%B3" n1="%E3%81%A1%E3%82%83%E3%81%93%E3%81%93" n2="%E3%82%8F%E3%81%8B%E3%81%B0%2A%E3%82%AC%E3%83%BC%E3%83%AB" n3="%E5%B0%8F%E9%B3%A5%E9%81%8A%E7%B7%B4%E7%84%A1%32%31%E6%AD%B3" dan="16,16,16,17" rate="2159.77,2147.34,2198.97,2148.01" sx="M,F,M,F"/><TAIKYOKU oya="0"/><INIT seed="0,0,0,1,2,95" ten="250,250,250,250" oya="0" hai0="27,78,56,36,1,42,61,131,115,0,134,66,13" hai1="34,35,57,69,8,15,85,103,55,82,80,75,29" hai2="122,16,129,74,18,47,22,72,38,113,25,71,67" hai3="9,58,109,63,114,97,127,125,65,133,93,89,117"/><T111/><D115/><U102/><E69/><V23/><F122/><W6/><G117/><T51/><D131/><U2/><E2/><V104/><F113/><W92/><G114/><T101/><D13/><U68/><E68/><V119/><F129/><W120/><G109/><T87/><D101/><U53/><E75/><V118/><F104/><W112/><G112/><T96/><D134/><U14/><E29/><V19/><F67/><W106/><G106/><T32/><D111/><U37/><E85/><V79/><F71/><W26/><G133/><T90/><D36/><U10/><E57/><V91/><F91/><W24/><G93/><N who="0" m="56375" /><D32/><U20/><E20/><V99/><F99/><W128/><G120/><T21/><D0/><U3/><REACH who="1" step="1"/><E3/><REACH who="1" ten="250,240,250,250" step="2"/><V130/><F130/><W94/><G128/><T7/><D1/><U43/><E43/><N who="2" m="23031" /><F79/><W41/><G41/><T60/><D78/><U88/><E88/><V110/><F110/><W70/><G70/><T124/><D87/><U100/><E100/><V5/><F23/><W76/><G76/><T73/><D21/><U86/><E86/><V28/><F5/><W4/><G4/><T54/><D7/><U83/><E83/><V17/><F28/><W11/><G6/><T48/><D73/><U98/><E98/><V77/><F77/><W64/><G97/><T45/><D42/><U132/><E132/><V40/><F40/><W46/><G89/><T121/><D121/><U31/><E31/><V39/><F39/><AGARI ba="0,1" hai="8,10,14,15,34,35,37,39,53,55,80,82,102,103" machi="39" ten="25,3200,0" yaku="1,1,22,2,53,0" doraHai="95" doraHaiUra="105" who="1" fromWho="2" sc="250,0,240,42,250,-32,250,0" /><INIT seed="1,0,0,3,0,72" ten="250,282,218,250" oya="1" hai0="7,45,34,73,47,30,120,76,36,6,39,102,48" hai1="109,69,9,86,70,92,44,49,83,16,10,124,79" hai2="85,52,100,0,126,118,56,98,11,53,22,131,51" hai3="74,117,133,119,91,12,5,123,61,2,65,116,19"/><U60/><E124/><V25/><F118/><W23/><G123/><T68/><D68/><U66/><E109/><V64/><F126/><W96/><G133/><T31/><D120/><U88/><E70/><V38/><F38/><W55/><G55/><T101/><D73/><U122/><E122/><V24/><F131/><W27/><G2/><T18/><D48/><U43/><REACH who="1" step="1"/><E16/><REACH who="1" ten="250,272,218,250" step="2"/><N who="2" m="12359" /><F25/><W13/><G27/><T35/><REACH who="0" step="1"/><D18/><REACH who="0" ten="240,272,218,250" step="2"/><U87/><AGARI ba="0,2" hai="9,10,43,44,49,60,66,69,79,83,86,87,88,92" machi="87" ten="20,12000,1" yaku="1,1,0,1,7,1,52,1,54,1,53,0" doraHai="72" doraHaiUra="20" who="1" fromWho="1" sc="240,-40,272,140,218,-40,250,-40" /><INIT seed="1,1,0,5,5,120" ten="200,412,178,210" oya="1" hai0="63,42,127,3,53,126,15,77,4,106,101,44,54" hai1="46,1,96,116,108,98,83,95,107,28,121,87,114" hai2="69,73,37,68,112,5,64,102,36,124,8,24,40" hai3="93,60,66,122,9,13,70,133,74,88,90,75,117"/><U59/><E1/><V14/><F124/><N who="0" m="47658" /><D3/><U81/><E121/><V134/><F134/><W22/><G122/><T52/><D77/><U92/><E28/><V109/><F73/><W41/><G133/><T27/><D27/><U21/><E21/><V19/><F112/><W56/><G41/><T125/><N who="0" m="47666" /><T62/><DORA hai="33" /><D106/><U35/><E35/><V26/><F102/><W71/><G22/><T119/><D101/><U20/><E20/><V47/><F36/><W132/><G132/><T57/><D119/><U110/><E114/><V129/><F129/><W31/><G31/><T39/><D4/><U118/><E46/><V48/><F37/><W105/><G105/><T10/><D15/><U2/><E59/><V18/><F64/><W6/><G117/><N who="1" m="45162" /><E2/><V86/><F86/><W58/><G58/><N who="0" m="35143" /><D10/><U111/><E107/><V67/><F69/><W123/><G123/><T11/><D11/><U34/><E34/><V82/><F68/><W104/><G104/><T32/><D32/><U80/><E87/><V79/><F67/><AGARI ba="1,0" hai="39,42,44,53,54,57,63,67" m="35143,47666" machi="67" ten="40,8000,1" yaku="18,1,34,2,54,1" doraHai="120,33" who="0" fromWho="2" sc="200,83,412,0,178,-83,210,0" /><INIT seed="2,0,0,5,3,59" ten="283,412,95,210" oya="2" hai0="26,130,73,78,100,117,74,31,127,134,33,84,43" hai1="85,16,14,93,21,63,19,105,108,53,79,106,131" hai2="82,86,83,71,67,123,119,23,7,115,97,17,107" hai3="55,45,81,48,80,120,36,99,25,88,64,18,109"/><V9/><F119/><W13/><G36/><T133/><D117/><U24/><E131/><V103/><F115/><W2/><G109/><T39/><D130/><U90/><E108/><V38/><F123/><W128/><G2/><T135/><D100/><U112/><E112/><V116/><F116/><W68/><G25/><T101/><D101/><U0/><E0/><V52/><F38/><W22/><G128/><T30/><D127/><U12/><E79/><V129/><F129/><W47/><G120/><T95/><D31/><U113/><E113/><V132/><F132/><W91/><G45/><N who="0" m="23807" /><D95/><U32/><E32/><V4/><F4/><W104/><G104/><T70/><D70/><U60/><E53/><V118/><F118/><W76/><G99/><T125/><D125/><U11/><REACH who="1" step="1"/><E24/><REACH who="1" ten="283,402,95,210" step="2"/><V75/><F75/><W54/><G54/><T66/><D74/><U89/><E89/><V124/><F124/><W20/><G76/><T29/><D73/><U62/><AGARI ba="0,1" hai="11,12,14,16,19,21,60,62,63,85,90,93,105,106" machi="62" ten="30,12000,2" yaku="1,1,0,1,52,3,54,1,53,1" doraHai="59" doraHaiUra="5" who="1" fromWho="1" sc="283,-30,402,130,95,-60,210,-30" /><INIT seed="3,0,0,4,2,107" ten="253,532,35,180" oya="3" hai0="111,5,99,118,94,52,126,64,20,56,102,7,36" hai1="19,15,65,10,70,51,25,24,76,93,112,21,3" hai2="12,44,67,81,14,68,39,95,80,132,26,78,98" hai3="47,121,37,31,73,135,29,101,115,130,28,79,86"/><W109/><G121/><T66/><D118/><U0/><E112/><V117/><F117/><W75/><G115/><T120/><D36/><U105/><E105/><V55/><F68/><W33/><G33/><T124/><D120/><U50/><E70/><V88/><F132/><W42/><G135/><T96/><D111/><U35/><E65/><N who="0" m="25193" /><D99/><U8/><E76/><V100/><F67/><W110/><G130/><T129/><D129/><U108/><E93/><V30/><F100/><W43/><G101/><T125/><D20/><N who="1" m="11391" /><E51/><AGARI ba="0,0" hai="5,7,51,52,56,94,96,102,124,125,126" m="25193" machi="51" ten="30,2000,0" yaku="18,1,54,1" doraHai="107" who="0" fromWho="1" sc="253,20,532,-20,35,0,180,0" owari="273,7.3,512,61.2,35,-46.5,180,-22.0" /></mjloggm>