<mjloggm ver="2.3"><GO type="225" lobby="0"/><UN n0="%E3%83%81%E3%83%83%E3%82%BF%E3%82%BD%E3%83%BC" n1="%E3%82%BC%E3%83%AB%E3%83%80%E3%81%AE%E4%BC%9D%E8%AA%AC" n2="%E3%83%A9%E3%82%B9%E7%8E%87%EF%BC%93%E5%89%B2" n3="%E3%81%BF%E3%81%BF%E3%81%9A" dan="16,17,17,17" rate="2182.97,2107.58,2226.18,2192.82" sx="F,M,F,M"/><TAIKYOKU oya="0"/><INIT seed="0,0,0,4,4,15" ten="250,250,250,250" oya="0" hai0="133,16,12,95,6,131,72,78,1,130,31,17,43" hai1="122,0,98,22,106,20,105,42,63,35,111,129,27" hai2="82,55,5,60,2,11,135,36,24,128,87,3,112" hai3="80,132,18,68,48,107,81,25,110,9,23,109,115"/><T79/><D133/><U65/><E122/><V29/><F112/><W8/><G115/><T73/><D43/><U44/><E0/><V116/><F128/><N who="0" m="49194" /><D31/><N who="1" m="19967" /><E111/><N who="3" m="42506" /><G107/><T49/><D49/><N who="1" m="26775" /><E105/><V102/><F135/><W86/><G132/><T74/><D95/><U124/><E124/><V96/><F36/><W54/><G68/><T125/><D125/><U50/><E50/><V83/><F116/><W34/><G34/><T46/><D46/><U64/><E64/><V33/><F3/><W94/><G94/><T13/><D1/><U70/><E129/><V53/><F60/><W10/><G86/><T84/><D6/><U61/><E61/><V71/><F71/><W118/><G118/><T52/><D52/><U58/><E58/><AGARI ba="0,0" hai="8,9,10,18,23,25,48,54,58,80,81" m="42506" machi="58" ten="30,2000,0" yaku="14,1,52,1" doraHai="15" who="3" fromWho="1" sc="250,0,250,-20,250,0,250,20" /><INIT seed="1,0,0,4,1,13" ten="250,230,250,270" oya="1" hai0="23,21,112,87,96,114,55,42,25,74,45,90,81" hai1="91,119,62,49,37,102,68,27,79,82,6,105,116" hai2="97,63,132,77,7,120,67,32,83,118,125,106,0" hai3="115,53,36,4,35,46,88,2,92,40,121,76,117"/><U24/><E37/><V69/><F118/><W89/><G121/><T95/><D55/><U5/><E91/><V108/><F108/><W34/><G115/><T31/><D21/><U54/><E6/><V11/><F132/><W16/><G117/><T133/><D74/><U26/><E5/><V64/><F125/><W57/><G76/><T110/><D110/><U75/><E102/><V22/><F22/><W131/><G131/><T109/><D133/><U48/><E105/><V9/><F9/><W10/><G16/><T29/><D29/><U58/><REACH who="1" step="1"/><E49/><REACH who="1" ten="250,220,250,270" step="2"/><V80/><F120/><W101/><G101/><T56/><D109/><U28/><E28/><V65/><F106/><W51/><REACH who="3" step="1"/><G89/><REACH who="3" ten="250,220,250,260" step="2"/><T73/><D112/><U33/><E33/><V20/><F32/><W15/><G15/><T50/><D114/><U43/><E43/><V85/><F7/><W103/><G103/><T124/><D124/><U99/><E99/><AGARI ba="0,2" hai="2,4,10,34,35,36,40,46,51,53,57,88,92,99" machi="99" ten="30,3900,0" yaku="1,1,7,1,54,1,53,0" doraHai="13" doraHaiUra="128" who="3" fromWho="1" sc="250,0,220,-39,250,0,260,59" /><INIT seed="2,0,0,0,4,35" ten="250,181,250,319" oya="2" hai0="69,15,78,116,13,132,105,16,56,32,120,77,92" hai1="29,28,113,93,66,99,3,128,31,64,7,112,79" hai2="47,108,101,0,82,115,94,135,68,48,42,73,26" hai3="12,70,1,20,129,18,133,45,34,65,52,59,53"/><V125/><F115/><W22/><G34/><T2/><D69/><U98/><E79/><V110/><F68/><W43/><G129/><T72/><D105/><U27/><E27/><V107/><F107/><W123/><G123/><T111/><D32/><U63/><E128/><V85/><F135/><W90/><G133/><T30/><D120/><U96/><E93/><V23/><F125/><W8/><G70/><T100/><D30/><U36/><E36/><V33/><F33/><W121/><G121/><T46/><D46/><U81/><E81/><V67/><F67/><N who="1" m="25641" /><E63/><V122/><F122/><W114/><G114/><N who="1" m="44138" /><E7/><V14/><F14/><W104/><G104/><T10/><D13/><U49/><E49/><V24/><F24/><W57/><G65/><T109/><D116/><U117/><E117/><V58/><F58/><W102/><G102/><T75/><D72/><U11/><E11/><V126/><F73/><W71/><G71/><T6/><D132/><U76/><E76/><V60/><F60/><W91/><G59/><T83/><D56/><U40/><E40/><V88/><F101/><W61/><G53/><T103/><D77/><U97/><N who="1" m="24576" /><DORA hai="37" /><U38/><E38/><V124/><F82/><W74/><G74/><T19/><D92/><U131/><E131/><V106/><F106/><W50/><G22/><T127/><D127/><N who="2" m="48682" /><F23/><W5/><AGARI ba="0,0" hai="1,5,8,12,18,20,43,45,50,52,57,61,90,91" machi="5" ten="30,7900,0" yaku="0,1,52,2,54,1" doraHai="35,37" who="3" fromWho="3" sc="250,-20,181,-20,250,-39,319,79" /><INIT seed="3,0,0,5,2,64" ten="230,161,211,398" oya="3" hai0="96,127,36,87,80,29,9,106,10,81,108,90,124" hai1="126,112,103,76,48,34,88,17,115,70,93,57,82" hai2="23,83,37,52,42,2,114,35,68,104,26,16,8" hai3="59,121,125,38,69,46,130,6,32,63,13,107,54"/><W4/><G121/><T99/><D108/><U14/><E34/><V27/><F104/><W134/><G32/><T135/><D135/><U5/><E5/><V73/><F114/><W1/><G107/><T74/><D36/><U100/><E70/><V12/><F68/><W117/><G1/><T25/><D74/><U15/><E15/><V94/><F94/><W22/><G69/><T43/><D43/><U41/><E126/><N who="0" m="48169" /><D80/><U45/><E57/><V71/><F71/><W50/><G38/><T109/><D109/><U30/><E30/><V40/><F52/><N who="3" m="34279" /><G117/><T0/><D0/><U79/><E112/><V21/><F21/><W24/><G134/><T98/><D106/><U60/><E60/><V131/><F131/><W31/><G130/><T28/><D28/><U123/><E123/><V66/><F66/><W95/><G125/><T58/><D58/><U116/><E116/><V91/><F35/><AGARI ba="0,0" hai="9,10,25,29,35,81,87,90,96,98,99" m="48169" machi="35" ten="30,1000,0" yaku="18,1" doraHai="64" who="0" fromWho="2" sc="230,10,161,0,211,-10,398,0" owari="240,4.0,161,-33.9,201,-19.9,398,49.8" /></mjloggm>