<mjloggm ver="2.3"><GO type="225" lobby="0"/><UN n0="%77%72%77%72%77%72%77%72" n1="%E3%83%96%E3%83%83%E3%83%91%E3%82%AA%E3%83%96%E3%83%81%E3%82%AD%E3%83%B3" n2="%E3%81%BD%E3%81%A1%E3%81%9F%E3%81%93%E3%82%84" n3="%E5%8D%A0%E3%81%84%E5%B8%AB%E8%A3%8F%E3%81%AA%E3%81%84%E3%81%97" dan="16,16,17,17" rate="2157.47,2153.43,2168.33,2220.80" sx="M,M,M,M"/><TAIKYOKU oya="0"/><INIT seed="0,0,0,0,3,103" ten="250,250,250,250" oya="0" hai0="29,73,10,102,52,54,1,37,104,94,88,16,134" hai1="123,58,56,128,98,57,49,23,41,67,120,71,91" hai2="25,117,99,13,72,70,75,48,95,79,97,89,108" hai3="44,53,74,59,50,68,101,107,26,96,11,55,76"/><T132/><D73/><U0/><E0/><V18/><F108/><W78/><G68/><T20/><D37/><U119/><E91/><V86/><F117/><W66/><G66/><T19/><D29/><U100/><E23/><V121/><F121/><N who="1" m="46665" /><E98/><V93/><F70/><W46/><G74/><T38/><D38/><U85/><E85/><V106/><F25/><W122/><G122/><T33/><D33/><U131/><E100/><N who="2" m="62735" /><F48/><W39/><G39/><T15/><D104/><U130/><E119/><V5/><F18/><W135/><G135/><N who="0" m="51755" /><D1/><U43/><E49/><V105/><F13/><W115/><G115/><T87/><D102/><U81/><E81/><N who="2" m="47423" /><F5/><W24/><G11/><T3/><D3/><U12/><E12/><AGARI ba="0,0" hai="10,12,15,16,19,20,52,54,87,88,94" m="51755" machi="12" ten="30,11600,0" yaku="20,1,54,3" doraHai="103" who="0" fromWho="1" sc="250,116,250,-116,250,0,250,0" /><INIT seed="0,1,0,3,3,111" ten="366,134,250,250" oya="0" hai0="4,75,33,46,125,5,3,38,123,131,55,59,1" hai1="119,112,15,126,65,39,43,115,129,44,49,52,135" hai2="9,132,105,114,73,22,121,78,116,103,101,91,12" hai3="42,83,54,27,7,97,80,58,133,2,90,41,10"/><T61/><D123/><U13/><E119/><V45/><F121/><W40/><G133/><T88/><D33/><U124/><E65/><V95/><F22/><W92/><REACH who="3" step="1"/><G27/><REACH who="3" ten="366,134,250,240" step="2"/><T62/><D131/><U72/><E129/><V98/><F132/><W128/><G128/><T17/><D125/><N who="1" m="48235" /><E135/><V106/><F116/><W134/><G134/><T108/><D108/><U56/><E72/><V30/><F73/><W25/><G25/><T24/><D24/><U0/><E0/><V87/><F106/><W86/><G86/><T76/><D75/><U100/><E100/><V6/><F103/><W47/><G47/><T96/><D46/><U19/><E15/><V14/><F45/><W68/><G68/><T107/><D1/><U77/><E77/><V109/><F14/><W113/><G113/><T48/><D76/><U20/><AGARI ba="1,1" hai="13,19,20,39,43,44,49,52,56,112,115" m="48235" machi="20" ten="30,7900,0" yaku="18,1,52,2,54,1" doraHai="111" who="1" fromWho="1" sc="366,-40,134,92,250,-21,240,-21" /><INIT seed="1,0,0,2,5,119" ten="326,226,229,219" oya="1" hai0="24,13,55,126,86,12,125,109,31,77,110,74,111" hai1="101,27,11,7,61,23,47,50,84,28,16,128,8" hai2="98,70,97,1,105,56,63,43,40,85,113,100,90" hai3="134,68,3,62,48,59,17,30,135,103,76,39,20"/><U51/><E128/><V81/><F113/><W66/><G3/><T88/><D55/><U120/><E120/><V78/><F1/><W71/><G103/><T93/><D77/><U118/><E118/><V0/><F0/><W22/><G39/><T114/><D74/><U41/><E101/><V33/><F33/><W87/><G30/><T42/><D42/><U129/><E129/><V15/><F70/><W82/><G20/><T115/><D12/><U99/><E99/><V49/><F49/><W26/><REACH who="3" step="1"/><G48/><REACH who="3" ten="326,226,229,209" step="2"/><T92/><D13/><U89/><E51/><V72/><F15/><W123/><G123/><T67/><D24/><U35/><E35/><V45/><F100/><W21/><G21/><T79/><D31/><U112/><E28/><V83/><F105/><W131/><G131/><T53/><D115/><U4/><E112/><V60/><F40/><W9/><G9/><N who="1" m="3658" /><E61/><V46/><F63/><W73/><G73/><T130/><D114/><U57/><E57/><V108/><F43/><W106/><G106/><T75/><D130/><U65/><E65/><V44/><REACH who="2" step="1"/><F108/><REACH who="2" ten="326,226,219,209" step="2"/><W6/><G6/><T127/><D111/><U34/><E34/><V107/><F107/><W80/><G80/><AGARI ba="0,2" hai="4,7,16,23,27,41,47,50,80,84,89" m="3658" machi="80" ten="30,2900,0" yaku="8,1,54,1" doraHai="119" who="1" fromWho="3" sc="326,0,226,49,219,0,209,-29" /><INIT seed="1,1,0,1,5,52" ten="326,275,219,180" oya="1" hai0="80,134,37,5,36,99,93,115,119,91,128,124,28" hai1="111,4,17,31,112,72,107,60,9,35,110,102,20" hai2="41,76,24,43,29,2,0,45,23,95,19,121,101" hai3="85,8,66,129,40,44,25,113,108,47,131,73,34"/><U33/><E72/><V123/><F76/><W21/><G73/><T49/><D115/><U81/><E81/><V116/><F116/><W39/><G113/><T130/><D119/><U61/><E112/><V64/><F64/><W122/><G122/><T63/><D124/><U100/><E60/><V57/><F57/><W117/><G108/><N who="1" m="41514" /><E61/><V118/><F118/><W15/><G34/><N who="1" m="12810" /><E107/><V98/><F29/><W62/><G117/><T86/><D28/><U125/><E31/><V42/><REACH who="2" step="1"/><F45/><REACH who="2" ten="326,275,209,180" step="2"/><W54/><G47/><T68/><D68/><U50/><E125/><V120/><AGARI ba="1,1" hai="0,2,19,23,24,41,42,43,95,98,101,120,121,123" machi="120" ten="40,5200,0" yaku="1,1,2,1,0,1,53,0" doraHai="52" doraHaiUra="133" who="2" fromWho="2" sc="326,-14,275,-27,209,65,180,-14" /><INIT seed="2,0,0,0,4,113" ten="312,248,274,166" oya="2" hai0="22,53,15,102,132,26,7,77,97,13,2,64,39" hai1="8,104,23,134,25,135,101,85,48,119,71,79,1" hai2="21,70,81,98,44,131,37,31,5,129,128,43,125" hai3="52,50,38,99,18,55,59,126,106,54,118,89,93"/><V107/><F125/><W20/><G38/><T103/><D39/><U123/><E71/><V115/><F115/><W111/><G111/><T51/><D132/><N who="1" m="50731" /><E123/><V87/><F70/><W90/><G106/><T47/><D64/><U3/><E119/><V6/><F31/><W19/><G126/><T108/><D108/><U86/><E8/><V84/><F21/><W33/><G33/><T117/><D117/><U96/><E48/><V62/><F62/><W30/><G118/><T94/><D77/><U34/><E34/><V74/><F74/><W65/><G65/><T40/><D40/><U45/><E45/><V16/><F16/><W95/><G30/><N who="0" m="17751" /><D2/><N who="1" m="523" /><E79/><N who="2" m="46143" /><F87/><W14/><REACH who="3" step="1"/><G18/><AGARI ba="0,0" hai="18,23,25,85,86,96,101,104" m="523,50731" machi="18" ten="30,1000,0" yaku="20,1" doraHai="113" who="1" fromWho="3" sc="312,0,248,10,274,0,166,-10" /><INIT seed="3,0,0,5,4,130" ten="312,258,274,156" oya="3" hai0="121,3,27,53,89,127,78,73,66,51,59,58,88" hai1="52,30,71,82,114,14,42,128,55,90,32,65,116" hai2="41,4,23,81,43,111,37,36,22,8,35,50,17" hai3="133,13,95,109,64,0,68,113,104,93,39,123,21"/><W26/><G113/><T87/><D121/><U47/><E114/><V24/><F111/><W98/><G123/><T76/><D3/><U92/><E128/><V85/><F35/><W91/><G0/><T83/><D127/><U7/><E116/><V20/><F37/><W131/><G39/><T34/><D34/><U18/><E7/><V46/><F41/><W5/><G131/><T106/><D106/><U49/><E82/><V97/><F97/><W31/><G104/><T75/><D27/><U94/><E32/><V56/><F56/><W100/><G109/><T19/><D19/><U86/><E30/><V6/><F36/><W54/><G68/><T96/><D73/><U134/><E134/><V2/><REACH who="2" step="1"/><F4/><REACH who="2" ten="312,258,264,156" step="2"/><W12/><G133/><T15/><D96/><U135/><E135/><V119/><F119/><W44/><G64/><T11/><D66/><U62/><REACH who="1" step="1"/><E94/><REACH who="1" ten="312,248,264,156" step="2"/><V99/><F99/><N who="3" m="57791" /><G5/><T108/><D108/><U60/><E60/><V77/><AGARI ba="0,2" hai="2,6,8,17,20,22,23,24,43,46,50,77,81,85" machi="77" ten="20,2700,0" yaku="1,1,0,1,7,1,53,0" doraHai="130" doraHaiUra="122" who="2" fromWho="2" sc="312,-7,248,-7,264,47,156,-13" owari="305,10.5,241,-15.9,311,41.1,143,-35.7" /></mjloggm>