<mjloggm ver="2.3"><GO type="225" lobby="0"/><UN n0="%E6%98%BC%E4%B8%8B%E3%81%8C%E3%82%8A%E3%81%AE%E5%9B%A3%E5%9C%B0%E5%A6%BB" n1="%E6%B7%91%E5%A5%B3%E3%81%AE%E5%97%9C%E3%81%BF" n2="%E3%81%90%E3%81%A1%E3%82%84%E3%81%BE" n3="%43%68%65" dan="16,16,16,16" rate="2158.54,2088.77,2101.85,2102.80" sx="F,M,M,M"/><TAIKYOKU oya="0"/><INIT seed="0,0,0,5,1,22" ten="250,250,250,250" oya="0" hai0="72,77,48,78,36,125,96,41,5,89,19,134,97" hai1="105,126,39,119,47,16,110,60,121,4,57,58,75" hai2="120,9,127,123,35,115,20,61,11,132,23,82,24" hai3="93,71,49,43,91,113,100,44,65,86,87,112,28"/><T99/><D125/><U51/><E119/><V10/><F61/><W98/><G71/><T85/><D134/><U18/><E121/><N who="2" m="46667" /><F82/><W111/><G111/><T101/><D36/><U27/><E105/><V33/><F115/><W45/><G65/><T3/><D101/><U63/><E110/><V32/><F132/><W76/><G76/><T130/><D72/><U34/><E126/><V7/><F127/><W53/><G28/><T26/><D130/><U94/><E39/><V69/><F69/><W128/><G128/><T8/><D41/><U62/><E4/><V116/><F116/><W79/><G79/><T46/><D46/><U73/><E94/><V74/><F74/><W117/><G87/><T66/><D48/><U37/><E37/><V12/><F23/><W124/><G117/><T88/><D66/><U56/><E73/><V40/><F40/><W102/><G102/><T81/><REACH who="0" step="1"/><D78/><REACH who="0" ten="240,250,250,250" step="2"/><U108/><E75/><V30/><AGARI ba="0,1" hai="7,9,10,11,12,20,24,30,32,33,35" m="46667" machi="30" ten="40,5200,0" yaku="34,2,52,1" doraHai="22" who="2" fromWho="2" sc="240,-26,250,-13,250,62,250,-13" /><INIT seed="1,0,0,5,2,115" ten="214,237,312,237" oya="1" hai0="49,36,132,39,7,64,77,124,71,41,106,17,3" hai1="114,46,134,51,76,63,32,47,18,55,50,91,34" hai2="101,70,40,96,84,38,9,83,61,121,14,116,65" hai3="111,126,102,118,74,56,8,117,16,59,15,129,27"/><U1/><E114/><V53/><F121/><W54/><G111/><T48/><D106/><U105/><E1/><V110/><F110/><W5/><G126/><T133/><D77/><U67/><E105/><V123/><F123/><W103/><G74/><T135/><D124/><U120/><E120/><V6/><F116/><N who="3" m="44651" /><G129/><T78/><D78/><U13/><E76/><V87/><F83/><W12/><G27/><T29/><D29/><U22/><E91/><V94/><F53/><W45/><G45/><N who="0" m="25647" /><D17/><U93/><E93/><V30/><F30/><W68/><G68/><T44/><D7/><U122/><E134/><V95/><F95/><W88/><G88/><T52/><D3/><U127/><E127/><V75/><F75/><W10/><G59/><T37/><D71/><U26/><E26/><V24/><F24/><W100/><G100/><T62/><D64/><U60/><E122/><V90/><F101/><W20/><G10/><T82/><D82/><U89/><E89/><V0/><F96/><W97/><G97/><T86/><D86/><U113/><E113/><V80/><F87/><W28/><G28/><T35/><D35/><N who="1" m="13355" /><E67/><V19/><F80/><W33/><G33/><T125/><D125/><U2/><E2/><V23/><F0/><W21/><G21/><T72/><D72/><U85/><E85/><V119/><F119/><W130/><G130/><T92/><D92/><U58/><E58/><V98/><F84/><W66/><G66/><T108/><D108/><U107/><E107/><V73/><F73/><W43/><G43/><T81/><D81/><U112/><E112/><RYUUKYOKU ba="0,0" sc="214,10,237,10,312,-30,237,10" hai0="36,37,39,44,49,52,62,132,133,135" hai1="13,18,22,46,47,50,51,55,60,63" hai3="5,8,12,15,16,20,54,56,102,103" /><INIT seed="1,1,0,4,4,62" ten="224,247,282,247" oya="1" hai0="43,107,39,33,75,118,133,17,106,14,72,114,26" hai1="46,47,54,59,104,117,85,74,130,2,125,5,1" hai2="12,56,102,66,112,119,99,109,50,9,121,86,27" hai3="113,96,90,129,51,122,67,3,79,132,111,97,80"/><U65/><E117/><V126/><F119/><W81/><G3/><T63/><D118/><U8/><E74/><V100/><F121/><W135/><G122/><T105/><D114/><U10/><E104/><V29/><F112/><W101/><G113/><T110/><D110/><U49/><E125/><V45/><F109/><W68/><G111/><T53/><D133/><N who="3" m="51273" /><G51/><T38/><D72/><U11/><E130/><V55/><F126/><W115/><G115/><T44/><D75/><U93/><E65/><V18/><F86/><N who="3" m="50503" /><G129/><T6/><D6/><U22/><E22/><N who="2" m="15607" /><F99/><W13/><G13/><T61/><D38/><U69/><E69/><V84/><F84/><N who="3" m="48191" /><G101/><T37/><D37/><U88/><REACH who="1" step="1"/><E11/><REACH who="1" ten="224,237,282,247" step="2"/><V92/><F66/><W91/><G67/><T108/><D108/><U71/><E71/><V23/><F9/><W20/><G68/><T60/><D33/><U52/><E52/><V48/><F55/><W78/><G20/><T0/><D53/><U35/><E35/><V21/><F21/><W89/><G78/><T16/><D105/><U24/><E24/><V76/><F23/><W77/><G77/><T120/><D120/><U123/><E123/><V128/><F76/><W58/><G58/><T87/><D106/><U116/><E116/><V98/><F128/><W127/><G127/><T28/><D107/><U103/><E103/><V40/><F56/><W94/><G91/><T41/><D26/><U82/><E82/><V42/><F102/><W32/><G32/><T124/><D124/><U83/><E83/><V4/><F100/><W31/><G31/><T134/><D134/><RYUUKYOKU ba="1,1" sc="224,-15,237,15,282,-15,247,15" hai1="1,2,5,8,10,46,47,49,54,59,85,88,93" hai3="89,94,96,97" /><INIT seed="1,2,1,0,1,10" ten="209,252,267,262" oya="1" hai0="47,27,2,115,75,13,67,58,107,44,26,22,105" hai1="73,85,42,116,66,126,87,12,97,25,77,72,51" hai2="21,8,37,86,38,11,112,40,96,3,55,31,43" hai3="106,90,120,114,99,135,64,95,78,131,39,128,121"/><U82/><E116/><V0/><F55/><W20/><G39/><T56/><D115/><U16/><E126/><V108/><F86/><W23/><G114/><T57/><D2/><U62/><E97/><V53/><F96/><W80/><G64/><T132/><D67/><U68/><E72/><V36/><F112/><W32/><G32/><T88/><D75/><U19/><E25/><N who="0" m="9225" /><D107/><U130/><E19/><V54/><F38/><W122/><G106/><T17/><D105/><U81/><E130/><N who="3" m="49706" /><G135/><T100/><D100/><U52/><E42/><V118/><F21/><W83/><G83/><T109/><D109/><U119/><E81/><V89/><F89/><W71/><G71/><T9/><D132/><U93/><E93/><V34/><F31/><W103/><G103/><T125/><D125/><U28/><E28/><V4/><F4/><W74/><AGARI ba="2,1" hai="20,23,74,78,80,90,95,99,120,121,122" m="49706" machi="74" ten="40,1500,0" yaku="19,1" doraHai="10" who="3" fromWho="3" sc="209,-6,252,-9,267,-6,262,31" /><INIT seed="2,0,0,4,3,63" ten="203,243,261,293" oya="2" hai0="121,61,27,41,33,48,110,3,6,118,21,32,114" hai1="76,131,111,100,54,52,104,51,78,49,120,19,102" hai2="66,98,71,39,5,94,9,42,86,62,83,22,107" hai3="115,70,14,109,77,45,26,60,133,74,15,132,134"/><V20/><F107/><W11/><G109/><T1/><D121/><U55/><E104/><V30/><F30/><W89/><G115/><T34/><D114/><U127/><E111/><V24/><F24/><W126/><G126/><T16/><D110/><U105/><E105/><V43/><F39/><W10/><G45/><T129/><D61/><U79/><E127/><V73/><F73/><W99/><G26/><T38/><D38/><U29/><E29/><V72/><F72/><W90/><G77/><T97/><D97/><U91/><E131/><V12/><F43/><W119/><G74/><T28/><D48/><N who="1" m="18507" /><E120/><V50/><F42/><W40/><G40/><T135/><D41/><U56/><E91/><N who="3" m="34826" /><G99/><T116/><D129/><U80/><E80/><V35/><F35/><N who="0" m="13386" /><D135/><U65/><E19/><V123/><F123/><W113/><G113/><T103/><D103/><N who="1" m="39467" /><E56/><V95/><F50/><W101/><G101/><T58/><D58/><U68/><E68/><V59/><F71/><W44/><G44/><T75/><D75/><U64/><AGARI ba="0,0" hai="52,54,55,64,65,76,78,79" m="39467,18507" machi="64" ten="40,12000,2" yaku="28,2,8,1,52,2,54,1" doraHai="63" who="1" fromWho="1" sc="203,-30,243,120,261,-60,293,-30" /><INIT seed="3,0,0,1,2,36" ten="173,363,201,263" oya="3" hai0="111,74,123,109,47,1,27,19,93,101,64,68,14" hai1="40,122,119,69,90,50,67,84,41,128,100,4,24" hai2="92,124,135,18,129,54,20,86,104,32,76,58,26" hai3="108,82,13,72,53,77,25,130,71,81,62,17,75"/><W114/><G114/><T102/><D123/><U29/><E122/><V35/><F104/><W52/><G130/><T21/><D1/><U91/><E128/><V7/><F129/><W39/><G39/><T89/><D74/><U85/><E119/><V94/><F124/><W113/><G113/><T12/><D68/><U112/><E4/><V116/><F116/><W126/><G126/><T107/><D64/><U95/><E100/><V37/><F37/><W5/><G5/><T132/><D132/><U46/><E112/><V31/><F135/><W125/><G25/><T56/><D107/><U61/><E41/><V34/><F7/><W51/><G125/><T60/><D109/><U43/><E43/><V97/><F31/><W79/><G108/><T87/><D111/><U73/><E73/><V103/><F76/><W78/><G78/><T59/><D47/><U45/><E45/><V120/><F120/><W88/><G51/><T115/><D115/><U8/><E8/><V57/><REACH who="2" step="1"/><F54/><REACH who="2" ten="173,363,191,263" step="2"/><W134/><G134/><T63/><D60/><U49/><E40/><V80/><F80/><W83/><G62/><T16/><D27/><U110/><E110/><V66/><F66/><W0/><G0/><T28/><D28/><U48/><E67/><V33/><N who="2" m="8192" /><DORA hai="131" /><V38/><F38/><W117/><G117/><T65/><D59/><U133/><E61/><V121/><F121/><W105/><G105/><T55/><D65/><U98/><E133/><V70/><F70/><W3/><G71/><T44/><D44/><U96/><E69/><V23/><F23/><AGARI ba="0,1" hai="12,14,16,19,21,23,55,56,63,87,89,93,101,102" machi="23" ten="30,7700,0" yaku="7,1,9,1,8,1,54,1" doraHai="36,131" who="0" fromWho="2" sc="173,87,363,0,191,-77,263,0" owari="260,-14.0,363,46.3,114,-38.6,263,6.3" /></mjloggm>