<mjloggm ver="2.3"><GO type="225" lobby="0"/><UN n0="%E3%81%AF%E3%82%88%E3%81%8A%E3%81%98%E3%81%95%E3%82%93" n1="%E6%98%93%E5%88%A9%E8%96%A9%E4%BC%AF" n2="%E5%91%A8%E6%9D%B1" n3="%E9%B4%A8%4E%45%47%49" dan="17,17,17,16" rate="2130.46,2164.30,2246.42,2084.12" sx="M,F,M,M"/><TAIKYOKU oya="0"/><INIT seed="0,0,0,4,0,107" ten="250,250,250,250" oya="0" hai0="114,28,53,96,123,40,125,120,111,88,8,93,25" hai1="85,35,17,65,21,0,16,10,95,71,131,58,31" hai2="110,50,34,100,72,92,84,32,46,68,30,119,69" hai3="99,55,63,42,118,59,6,77,23,108,106,44,81"/><T122/><D114/><U61/><E131/><V7/><F110/><W24/><G108/><T94/><D111/><U12/><E71/><V75/><F7/><W70/><G6/><T52/><D125/><U2/><E35/><V49/><F30/><W82/><G118/><T4/><D93/><U91/><REACH who="1" step="1"/><E31/><REACH who="1" ten="250,240,250,250" step="2"/><V102/><F119/><W121/><G70/><T105/><D105/><U83/><E83/><V64/><F32/><W66/><G82/><T39/><D39/><U98/><E98/><V104/><F34/><W124/><G99/><T26/><D40/><U134/><E134/><V109/><F104/><W11/><G106/><T87/><D96/><U38/><E38/><V135/><F135/><W74/><G121/><T116/><D116/><U57/><E57/><V78/><F109/><W56/><G56/><T43/><D43/><U129/><E129/><V33/><F33/><W9/><G124/><T60/><D28/><U101/><E101/><V132/><F132/><W20/><G66/><T37/><D37/><U36/><E36/><V127/><F127/><W62/><G42/><T80/><D80/><U115/><E115/><V113/><F113/><W13/><G44/><T47/><D47/><U15/><AGARI ba="0,1" hai="0,2,10,12,15,16,17,21,58,61,65,85,91,95" machi="15" ten="20,5200,0" yaku="1,1,0,1,7,1,54,1,53,0" doraHai="107" doraHaiUra="51" who="1" fromWho="1" sc="250,-26,240,62,250,-13,250,-13" /><INIT seed="1,0,0,4,5,72" ten="224,302,237,237" oya="1" hai0="4,68,29,96,58,90,80,48,38,115,113,1,23" hai1="78,55,110,9,24,18,16,75,47,6,123,79,120" hai2="131,128,50,95,31,119,100,69,32,107,84,2,56" hai3="134,116,26,14,71,114,129,15,77,59,45,39,92"/><U62/><E110/><V130/><F69/><W101/><G59/><T104/><D38/><U44/><E44/><V70/><F70/><W19/><G92/><T85/><D68/><U98/><E98/><N who="2" m="61847" /><F2/><W97/><G97/><T13/><D1/><U118/><E118/><V57/><F119/><W37/><G101/><T106/><D106/><U102/><E102/><V103/><F50/><W42/><G116/><T109/><D109/><U12/><E75/><V60/><F60/><W124/><G71/><T43/><D104/><U63/><E63/><V30/><F32/><W8/><G39/><T117/><D117/><U87/><E87/><V74/><F74/><W88/><G37/><T20/><D96/><U94/><E94/><V46/><F46/><W36/><G45/><T99/><D99/><U52/><E55/><V125/><F103/><W34/><G42/><T7/><D43/><U89/><E89/><N who="2" m="53671" /><F125/><W65/><G124/><T82/><D80/><U83/><E83/><V28/><AGARI ba="0,0" hai="28,30,31,56,57,128,130,131" m="53671,61847" machi="28" ten="40,1500,0" yaku="19,1" doraHai="72" who="2" fromWho="2" sc="224,-4,302,-7,237,15,237,-4" /><INIT seed="2,0,0,2,1,80" ten="220,295,252,233" oya="2" hai0="3,48,51,98,68,38,87,17,47,94,19,114,35" hai1="130,72,49,7,84,111,22,81,82,121,27,70,20" hai2="97,29,110,125,43,65,12,0,108,106,124,31,2" hai3="13,10,54,64,62,36,74,57,56,134,75,69,99"/><V34/><F43/><W101/><G134/><T63/><D114/><U55/><E70/><V131/><F65/><W116/><G36/><T118/><D3/><N who="2" m="1066" /><F97/><W21/><G21/><T109/><D35/><U50/><E111/><N who="2" m="42539" /><F106/><W105/><G116/><T46/><D118/><U23/><E72/><V28/><F131/><W73/><REACH who="3" step="1"/><G54/><REACH who="3" ten="220,295,252,223" step="2"/><T91/><D38/><U133/><E55/><V42/><F42/><W100/><G100/><T45/><D109/><U60/><E133/><V18/><F34/><W117/><G117/><T115/><D115/><U88/><E130/><V128/><F128/><W113/><G113/><T93/><D68/><U96/><E23/><AGARI ba="0,1" hai="12,18,23,28,29,31,124,125" m="42539,1066" machi="23" ten="40,12000,1" yaku="14,1,10,1,34,2" doraHai="80" who="2" fromWho="1" sc="220,0,295,-120,252,130,223,0" /><INIT seed="2,1,0,2,2,39" ten="220,175,382,223" oya="2" hai0="87,34,125,19,135,3,86,6,134,41,118,81,35" hai1="32,62,47,65,104,28,20,91,33,82,57,127,106" hai2="130,73,12,25,78,95,27,10,94,30,59,66,77" hai3="31,132,51,58,70,16,126,110,101,46,112,75,44"/><V15/><F130/><W119/><G70/><T52/><D125/><U107/><E127/><V92/><F73/><W116/><G126/><T109/><D109/><U26/><E91/><V45/><F45/><W60/><G75/><T97/><D118/><U120/><E120/><V98/><F98/><W36/><G31/><T17/><D97/><U80/><E33/><V56/><F66/><W23/><G110/><T76/><D41/><U129/><E129/><V74/><F74/><W13/><G132/><N who="0" m="50731" /><D87/><U42/><REACH who="1" step="1"/><E32/><REACH who="1" ten="220,165,382,223" step="2"/><V84/><F78/><W71/><G119/><T99/><D35/><U133/><E133/><V61/><F77/><W102/><G116/><T113/><D34/><U105/><N who="1" m="26624" /><DORA hai="0" /><U103/><E103/><V43/><F92/><W14/><G102/><T64/><D76/><U128/><E128/><V55/><F95/><W83/><G101/><T108/><D108/><U90/><E90/><V122/><F94/><W131/><G131/><T8/><D99/><U100/><E100/><V29/><F122/><W2/><G83/><T18/><D81/><U93/><E93/><V111/><F111/><W115/><G115/><T88/><D113/><U7/><E7/><V1/><F84/><W85/><G85/><T11/><D88/><U124/><E124/><V48/><F30/><W67/><G112/><T68/><D86/><U49/><AGARI ba="1,1" hai="20,26,28,42,47,49,57,62,65,80,82" m="26624" machi="49" ten="60,7900,0" yaku="1,1,0,1,52,1,53,0" doraHai="39,0" doraHaiUra="117,9" who="1" fromWho="1" sc="220,-21,165,92,382,-40,223,-21" /><INIT seed="3,0,0,5,0,60" ten="199,257,342,202" oya="3" hai0="87,74,23,46,11,51,2,127,65,86,36,94,57" hai1="121,49,10,134,9,7,64,117,6,5,29,124,118" hai2="83,88,81,42,16,111,90,70,98,101,44,35,43" hai3="50,130,33,75,0,125,66,110,12,123,32,59,135"/><W99/><G123/><T68/><D74/><U129/><E121/><V82/><F70/><W41/><G0/><T72/><D72/><U20/><E134/><V58/><F35/><N who="3" m="13387" /><G75/><T104/><D104/><U79/><E79/><V45/><F111/><W114/><G114/><T116/><D116/><N who="1" m="44651" /><E129/><V63/><F16/><W89/><G110/><T73/><D73/><U112/><E124/><V106/><F44/><N who="3" m="25871" /><G135/><T22/><D127/><U27/><E112/><V95/><F106/><W55/><G12/><T108/><D108/><U21/><E49/><N who="2" m="26807" /><F43/><W53/><G125/><T38/><D68/><U126/><E126/><V31/><F31/><W26/><G26/><T105/><D105/><U54/><E54/><AGARI ba="0,0" hai="54,58,63,81,82,83,88,90,95,98,101" m="26807" machi="54" ten="30,2000,0" yaku="8,1,54,1" doraHai="60" who="2" fromWho="1" sc="199,0,257,-20,342,20,202,0" owari="199,-30.1,237,3.7,362,46.2,202,-19.8" /></mjloggm>