<mjloggm ver="2.3"><GO type="225" lobby="0"/><UN n0="%E3%81%BF%E3%81%BF%E3%81%9A" n1="%70%6F%69%73%6F%6E%30%32" n2="%E3%82%A4%E3%83%BC%E3%82%B1%E3%83%97%E3%83%A9" n3="%E3%82%B3%E3%83%90%E3%83%AC%E3%82%A4" dan="17,16,16,16" rate="2184.61,2131.07,2135.74,2159.99" sx="M,M,M,M"/><TAIKYOKU oya="0"/><INIT seed="0,0,0,1,0,84" ten="250,250,250,250" oya="0" hai0="132,76,83,74,114,121,123,1,28,128,75,22,107" hai1="40,14,108,109,95,56,48,130,36,80,116,55,16" hai2="91,49,45,81,72,71,18,20,117,102,105,90,118" hai3="93,120,13,70,126,65,57,9,21,35,52,69,50"/><T122/><D1/><U88/><E116/><N who="2" m="44651" /><F71/><W54/><G35/><T89/><D114/><U39/><E80/><V106/><F72/><W0/><G120/><T79/><D22/><U92/><E92/><V94/><F81/><W62/><G126/><T10/><D10/><U135/><E135/><V31/><F31/><W43/><G43/><T29/><D107/><N who="2" m="40970" /><F94/><W73/><G73/><N who="0" m="27659" /><D83/><U103/><E103/><V98/><F98/><W110/><G0/><T78/><D132/><U15/><E15/><N who="2" m="9311" /><F102/><W125/><G125/><T77/><D77/><U44/><E39/><V32/><F32/><W25/><G93/><T4/><D4/><U42/><E42/><AGARI ba="0,0" hai="42,45,49,90,91" m="9311,40970,44651" machi="42" ten="30,3900,0" yaku="12,1,52,2" doraHai="84" who="2" fromWho="1" sc="250,0,250,-39,250,39,250,0" /><INIT seed="1,0,0,4,0,86" ten="250,211,289,250" oya="1" hai0="91,87,43,82,77,78,12,18,61,115,57,88,129" hai1="118,48,3,110,121,19,92,32,103,26,128,81,60" hai2="4,16,125,124,97,29,67,112,114,105,5,135,66" hai3="116,25,69,127,80,100,8,94,84,131,39,113,72"/><U83/><E121/><V31/><F97/><W98/><G39/><T64/><D115/><N who="2" m="44074" /><F16/><W42/><G69/><T0/><D0/><U111/><E3/><V76/><F76/><W109/><G42/><T49/><D129/><U1/><E1/><V75/><F75/><W58/><G131/><T34/><D34/><U130/><E118/><V65/><F105/><W50/><G116/><T46/><REACH who="0" step="1"/><D78/><REACH who="0" ten="240,211,289,250" step="2"/><U24/><E130/><V117/><F117/><W101/><G113/><T15/><D15/><U73/><E128/><V52/><F135/><W95/><G127/><N who="2" m="48713" /><F52/><W107/><G72/><T23/><AGARI ba="0,1" hai="12,18,23,43,46,49,57,61,64,77,82,87,88,91" machi="23" ten="20,16000,3" yaku="1,1,0,1,7,1,8,1,52,2,54,1,53,2" doraHai="86" doraHaiUra="85" who="0" fromWho="0" sc="240,170,211,-80,289,-40,250,-40" /><INIT seed="2,0,0,5,1,51" ten="410,131,249,210" oya="2" hai0="94,45,102,83,37,73,35,26,113,68,8,21,74" hai1="48,98,33,91,29,44,118,134,115,38,34,30,72" hai2="5,70,133,41,22,15,9,55,130,23,81,92,17" hai3="95,0,79,50,120,66,18,104,112,1,13,40,78"/><V90/><F70/><W56/><G104/><T100/><D68/><U119/><E115/><V105/><F105/><W96/><G120/><T58/><D113/><U25/><E38/><V125/><F125/><W11/><G112/><T89/><D35/><U93/><E72/><V42/><F133/><W61/><G0/><T124/><D8/><U86/><E134/><V88/><F130/><W3/><G3/><T103/><D124/><U32/><E98/><V129/><F129/><W71/><G1/><T101/><D101/><U24/><REACH who="1" step="1"/><E34/><REACH who="1" ten="410,121,249,210" step="2"/><V59/><F81/><W19/><G40/><AGARI ba="0,1" hai="24,25,29,30,32,33,40,44,48,86,91,93,118,119" machi="40" ten="30,8000,1" yaku="1,1,2,1,7,1,9,1,53,1" doraHai="51" doraHaiUra="39" who="1" fromWho="3" sc="410,0,121,90,249,0,210,-80" /><INIT seed="3,0,0,4,5,101" ten="410,211,249,130" oya="3" hai0="109,14,134,111,25,63,129,40,11,80,59,54,121" hai1="8,91,122,6,102,112,53,18,113,124,23,37,96" hai2="46,126,128,71,100,68,97,51,36,86,94,32,135" hai3="41,9,88,33,45,87,127,119,7,125,27,29,20"/><W103/><G119/><T116/><D121/><U19/><E37/><V85/><F32/><W120/><G120/><T65/><D116/><U74/><E122/><V117/><F117/><W55/><G103/><T78/><D129/><U83/><E124/><V61/><F36/><W24/><G55/><T58/><D134/><U4/><E19/><V75/><F75/><W72/><G72/><T133/><D133/><U106/><E53/><V79/><F135/><W0/><G45/><T38/><D25/><U66/><E6/><V49/><F126/><W73/><G73/><T48/><D38/><U60/><E8/><V16/><F128/><W1/><G41/><T81/><D40/><U13/><E4/><V108/><F108/><N who="0" m="41546" /><D78/><U93/><E83/><V98/><F79/><W10/><G1/><T84/><D84/><U115/><E74/><V44/><F61/><W56/><G56/><T82/><D81/><U132/><E132/><V34/><F34/><W76/><G76/><T12/><D12/><U21/><E21/><V26/><F26/><W77/><G77/><T47/><D58/><U107/><REACH who="1" step="1"/><E102/><REACH who="1" ten="410,201,249,130" step="2"/><V22/><F22/><W70/><G10/><T62/><D62/><U90/><E90/><V42/><F100/><W57/><G57/><AGARI ba="0,1" hai="13,18,23,57,60,66,91,93,96,106,107,112,113,115" machi="57" ten="40,5200,0" yaku="1,1,52,2,53,0" doraHai="101" doraHaiUra="130" who="1" fromWho="3" sc="410,0,201,62,249,0,130,-52" owari="410,51.0,263,6.3,249,-15.1,78,-42.2" /></mjloggm>