<mjloggm ver="2.3"><GO type="225" lobby="0"/><UN n0="%E6%98%93%E5%88%A9%E8%96%A9%E4%BC%AF" n1="%E6%B4%BE%E9%81%A3%E3%81%AE%E3%82%B8%E3%83%A3%E3%83%83%E3%82%AF" n2="%E5%B8%86%E7%AB%8B%E5%A4%8F%E8%A1%A3" n3="%E6%81%A5%E6%99%92%E3%81%97" dan="17,17,17,16" rate="2172.94,2197.96,2173.36,2147.14" sx="F,M,M,M"/><TAIKYOKU oya="0"/><INIT seed="0,0,0,5,1,5" ten="250,250,250,250" oya="0" hai0="68,70,124,0,62,18,3,48,21,44,47,66,38" hai1="45,27,11,26,23,15,117,127,64,84,92,14,34" hai2="112,61,129,90,32,125,72,115,19,37,40,130,67" hai3="107,65,104,78,82,97,73,36,59,50,135,76,79"/><T126/><D38/><U13/><E64/><V51/><F90/><W25/><G36/><T121/><D121/><U86/><E117/><V16/><F32/><W88/><G135/><T118/><D68/><U54/><E127/><N who="0" m="48681" /><D118/><U106/><E106/><V105/><F105/><W20/><G104/><T24/><D47/><U69/><E69/><N who="2" m="42223" /><F72/><W75/><G107/><T17/><D18/><N who="2" m="6698" /><F37/><W6/><G6/><T41/><AGARI ba="0,0" hai="0,3,17,21,24,41,44,48,62,66,70" m="48681" machi="41" ten="30,1500,0" yaku="18,1" doraHai="5" who="0" fromWho="0" sc="250,15,250,-5,250,-5,250,-5" /><INIT seed="0,1,0,0,1,13" ten="265,245,245,245" oya="0" hai0="133,44,57,27,10,29,78,31,45,24,15,88,114" hai1="20,107,59,102,48,11,28,61,101,129,55,91,68" hai2="96,7,16,124,26,121,47,41,18,65,110,69,53" hai3="80,19,33,52,98,74,120,30,46,67,97,109,9"/><T6/><D114/><U99/><E129/><V92/><F121/><W14/><G109/><T85/><D78/><U93/><E11/><V115/><F115/><W66/><G120/><T39/><D57/><U38/><E38/><V32/><F110/><W42/><G33/><T51/><D39/><U106/><E106/><V84/><F124/><W34/><G34/><T122/><D133/><U40/><E107/><V108/><F7/><W58/><G30/><N who="0" m="11275" /><D122/><U127/><E127/><V76/><F108/><W64/><G46/><N who="0" m="18027" /><D51/><U73/><E73/><V125/><F125/><W81/><G42/><T119/><D119/><U87/><E68/><V118/><F118/><W72/><G72/><T75/><D75/><U104/><E104/><V1/><F1/><W83/><REACH who="3" step="1"/><G74/><REACH who="3" ten="265,245,245,235" step="2"/><T2/><D2/><U116/><E116/><V56/><F32/><W5/><G5/><T117/><D117/><U21/><E28/><V113/><F113/><W0/><G0/><T77/><D77/><U17/><E40/><V49/><F76/><W132/><G132/><T12/><D15/><U22/><E102/><N who="2" m="60679" /><F26/><W79/><G79/><T36/><D36/><U103/><E103/><V90/><F41/><W3/><G3/><T37/><D37/><U126/><E126/><V54/><F69/><W82/><N who="3" m="20480" /><DORA hai="25" /><W135/><G135/><T94/><AGARI ba="1,1" hai="6,10,12,24,27,85,88,94" m="18027,11275" machi="94" ten="30,12000,1" yaku="8,1,52,3,54,1" doraHai="13,25" who="0" fromWho="0" sc="265,133,245,-41,245,-41,235,-41" /><INIT seed="0,2,0,1,5,94" ten="398,204,204,194" oya="0" hai0="44,123,7,75,90,40,131,15,85,124,77,36,83" hai1="11,116,45,19,54,121,51,113,13,132,104,14,134" hai2="128,27,87,62,106,28,107,52,93,49,135,31,73" hai3="29,59,98,26,105,71,99,33,60,72,119,24,95"/><T133/><D123/><U79/><E121/><V67/><F73/><W48/><G119/><T9/><D124/><U101/><E116/><V112/><F112/><W120/><G120/><T96/><D133/><N who="1" m="51307" /><E79/><V114/><F114/><W5/><G72/><T89/><D131/><U30/><E30/><V39/><F39/><W65/><G5/><T64/><D64/><U111/><E111/><V16/><F128/><W69/><G26/><T126/><D126/><U50/><E113/><V1/><F1/><W92/><G105/><T70/><D70/><U41/><E14/><V4/><F4/><W53/><REACH who="3" step="1"/><G71/><REACH who="3" ten="398,204,204,184" step="2"/><T100/><D75/><U115/><E115/><V125/><F125/><W43/><G43/><T108/><D108/><U21/><E104/><AGARI ba="2,1" hai="7,9,15,36,40,44,77,83,85,89,90,96,100,104" machi="104" ten="30,2900,0" yaku="7,1,52,1" doraHai="94" who="0" fromWho="1" sc="398,45,204,-35,204,0,184,0" /><INIT seed="0,3,0,0,5,56" ten="443,169,204,184" oya="0" hai0="50,124,32,100,126,57,90,2,96,80,38,79,25" hai1="28,133,113,11,101,83,98,42,102,16,95,123,23" hai2="71,54,89,22,17,31,3,65,129,40,128,5,45" hai3="4,97,58,7,78,6,53,75,64,9,49,20,127"/><T106/><D38/><U52/><E123/><V18/><F54/><W121/><G121/><T41/><D2/><U125/><E125/><V76/><F76/><W112/><G112/><T94/><D32/><U68/><E68/><V99/><F5/><W63/><G127/><T14/><D25/><N who="1" m="16447" /><E133/><V117/><F3/><W29/><G75/><N who="0" m="43135" /><D14/><N who="1" m="7263" /><E42/><V120/><F117/><W72/><G97/><T82/><D41/><U51/><E113/><V104/><F120/><W116/><G116/><T8/><D8/><U107/><E107/><V108/><F104/><W36/><G36/><T43/><D43/><U1/><E1/><V73/><F40/><W21/><G78/><T13/><D106/><U92/><E83/><V87/><F71/><W10/><G72/><T84/><D82/><U74/><E74/><V27/><F73/><W118/><G118/><T88/><D126/><U103/><E98/><V35/><F99/><W66/><G66/><T135/><D96/><U105/><E105/><V132/><F65/><W70/><REACH who="3" step="1"/><G21/><REACH who="3" ten="443,169,204,174" step="2"/><T119/><D119/><U26/><E26/><AGARI ba="3,1" hai="4,6,7,9,10,20,26,29,49,53,58,63,64,70" machi="26" ten="40,5200,0" yaku="1,1,2,1,52,1,53,0" doraHai="56" doraHaiUra="111" who="3" fromWho="1" sc="443,0,169,-61,204,0,174,71" /><INIT seed="1,0,0,2,0,90" ten="443,108,204,245" oya="1" hai0="134,124,43,80,84,97,63,118,36,129,50,74,11" hai1="116,49,1,57,103,132,33,61,82,88,30,126,62" hai2="17,98,31,52,9,2,101,94,56,109,119,72,81" hai3="93,28,0,40,12,73,87,120,127,58,24,110,29"/><U4/><E116/><V68/><F109/><W8/><G120/><T15/><D129/><U133/><E126/><V76/><F68/><W37/><G0/><T14/><D134/><N who="1" m="51819" /><E103/><V131/><F131/><W55/><G73/><T69/><D74/><U113/><E113/><V53/><F119/><W20/><G110/><T86/><D97/><U13/><E1/><V92/><F31/><N who="3" m="17799" /><G40/><T85/><D124/><U111/><E111/><V125/><F125/><W91/><G37/><T6/><D36/><U47/><E57/><V99/><F56/><W117/><G127/><T104/><D104/><U35/><E30/><V65/><F65/><W135/><G135/><T128/><D128/><U22/><E4/><V66/><F66/><W18/><G117/><T75/><D6/><U112/><E112/><V70/><F70/><W16/><G18/><T27/><D69/><U44/><E22/><V89/><REACH who="2" step="1"/><F17/><REACH who="2" ten="443,108,194,245" step="2"/><W54/><G58/><T23/><D118/><U5/><E44/><V71/><F71/><W26/><G55/><T41/><D41/><N who="1" m="24815" /><E35/><V78/><F78/><W21/><G54/><T96/><D43/><U19/><E33/><V123/><F123/><W51/><G51/><T7/><D50/><U48/><E48/><V10/><F10/><W108/><G108/><T100/><D11/><N who="1" m="4335" /><E19/><V79/><F79/><W45/><G45/><T105/><D7/><AGARI ba="0,1" hai="2,7,9,52,53,72,76,81,89,92,94,98,99,101" machi="7" ten="40,8000,1" yaku="1,1,52,2,54,1,53,0" doraHai="90" doraHaiUra="42" who="2" fromWho="0" sc="443,-80,108,0,194,90,245,0" /><INIT seed="2,0,0,3,5,117" ten="363,108,284,245" oya="2" hai0="90,77,15,64,108,13,14,83,76,132,24,87,47" hai1="21,85,34,112,11,55,131,84,68,49,65,110,62" hai2="127,101,42,74,73,48,18,29,126,45,6,54,120" hai3="75,67,95,113,59,124,104,97,50,3,25,46,2"/><V52/><F6/><W1/><G75/><T128/><D108/><U43/><E112/><V66/><F29/><W53/><G124/><N who="2" m="47657" /><F101/><W36/><G104/><T35/><D132/><U107/><E34/><V61/><F18/><W114/><G25/><T41/><D128/><U57/><E110/><V78/><F78/><W105/><G105/><T93/><D64/><U58/><E107/><V96/><F96/><W86/><G86/><T44/><D44/><U8/><E131/><V79/><F79/><W26/><G26/><T19/><D35/><U56/><E43/><V129/><F129/><W100/><G36/><T69/><D69/><U38/><E38/><N who="2" m="21719" /><F120/><W109/><G109/><T134/><D134/><U0/><E21/><V10/><F10/><W103/><G100/><T20/><REACH who="0" step="1"/><D83/><REACH who="0" ten="353,108,284,245" step="2"/><U40/><E40/><V89/><F54/><W31/><G113/><T7/><D7/><U123/><E123/><V27/><F27/><W125/><G114/><T9/><D9/><N who="1" m="3659" /><E0/><V121/><F121/><W63/><G125/><T91/><D91/><U60/><E68/><N who="2" m="42063" /><F89/><W39/><G3/><T37/><AGARI ba="0,1" hai="13,14,15,19,20,24,37,41,47,76,77,87,90,93" machi="37" ten="30,2000,0" yaku="1,1,0,1,53,0" doraHai="117" doraHaiUra="116" who="0" fromWho="0" sc="353,30,108,-5,284,-10,245,-5" /><INIT seed="3,0,0,1,0,99" ten="383,103,274,240" oya="3" hai0="100,69,57,124,38,97,79,132,28,5,61,62,30" hai1="107,87,106,108,23,0,26,34,25,48,121,3,66" hai2="37,129,44,113,89,86,119,104,21,40,4,27,67" hai3="74,64,96,42,72,118,131,110,52,14,94,120,134"/><W98/><G118/><T59/><D38/><U51/><E121/><V8/><F113/><W43/><G120/><T33/><D79/><U41/><E108/><V18/><F129/><W55/><G131/><T70/><D5/><U128/><E128/><V19/><F104/><W76/><G64/><T80/><D80/><U83/><E34/><V90/><F67/><W126/><G110/><T39/><D39/><U112/><E66/><V6/><F90/><W24/><G14/><T135/><D124/><U78/><E112/><V115/><F119/><W29/><G76/><T2/><D2/><U22/><E78/><V13/><F115/><W130/><G130/><T11/><D11/><U68/><E68/><V71/><F71/><W65/><G94/><AGARI ba="0,0" hai="4,6,8,13,18,19,21,27,37,40,44,86,89,94" machi="94" ten="30,1000,0" yaku="7,1" doraHai="99" who="2" fromWho="3" sc="383,0,103,0,274,10,240,-10" owari="383,48.3,103,-39.7,284,8.4,230,-17.0" /></mjloggm>