<mjloggm ver="2.3"><GO type="225" lobby="0"/><UN n0="%E5%91%A8%E6%9D%B1" n1="%E6%9C%88%E5%B3%B6%E5%9F%BA" n2="%E7%9A%AE%E3%80%85" n3="%E3%83%96%E3%83%83%E3%83%91%E3%82%AA%E3%83%96%E3%83%81%E3%82%AD%E3%83%B3" dan="16,17,16,16" rate="2151.65,2199.33,2168.87,2155.21" sx="M,M,M,M"/><TAIKYOKU oya="0"/><INIT seed="0,0,0,0,3,130" ten="250,250,250,250" oya="0" hai0="52,77,92,131,48,81,61,60,65,80,5,93,30" hai1="99,95,74,87,59,16,53,33,28,78,64,20,84" hai2="82,107,4,125,27,1,62,126,129,85,109,11,69" hai3="13,118,76,49,73,122,19,106,116,135,22,89,35"/><T100/><D131/><U91/><E64/><N who="2" m="41111" /><F129/><W25/><G122/><T121/><D121/><U101/><E33/><V90/><F107/><W108/><G106/><T134/><D5/><U111/><E111/><V36/><F36/><W45/><G108/><T0/><D0/><U15/><E28/><V67/><F109/><W26/><G73/><T128/><D128/><U46/><E46/><V9/><F67/><W83/><G76/><T86/><D30/><U23/><E74/><V54/><F54/><N who="3" m="29999" /><G35/><T55/><D100/><U70/><E70/><V115/><F27/><N who="3" m="10251" /><G116/><T31/><D31/><U127/><E127/><N who="2" m="48651" /><F9/><W103/><G118/><T68/><D81/><U123/><E123/><V17/><F17/><W72/><G72/><T51/><D61/><U8/><E78/><V12/><F1/><W37/><G37/><T56/><REACH who="0" step="1"/><D134/><REACH who="0" ten="240,250,250,250" step="2"/><U119/><E119/><V44/><F115/><W7/><G135/><T21/><D21/><U79/><E23/><V47/><AGARI ba="0,1" hai="4,11,12,44,47,82,85,90" m="48651,41111" machi="47" ten="30,1100,0" yaku="18,1" doraHai="130" who="2" fromWho="2" sc="240,-5,250,-3,250,21,250,-3" /><INIT seed="1,0,0,0,4,62" ten="235,247,271,247" oya="1" hai0="100,31,118,33,30,34,65,23,78,51,120,21,55" hai1="6,28,71,89,79,90,74,107,82,56,98,81,77" hai2="123,63,116,131,59,38,130,110,24,68,102,12,132" hai3="87,45,112,47,135,134,58,11,14,84,9,126,7"/><U111/><E71/><V53/><F123/><W101/><G112/><T70/><D118/><U94/><E6/><V40/><F116/><W122/><G122/><T19/><D120/><U39/><E39/><V60/><F102/><W35/><G126/><T93/><D78/><U85/><E28/><V43/><F24/><W113/><G113/><T95/><D100/><N who="1" m="62871" /><E56/><N who="2" m="34831" /><F12/><W104/><G35/><T1/><D1/><U16/><E16/><V20/><F20/><W37/><G104/><T129/><D19/><U119/><E111/><V117/><F117/><W13/><G101/><T92/><D70/><U67/><E67/><N who="2" m="39423" /><F110/><W17/><G58/><T125/><D125/><U57/><E57/><V124/><F124/><W133/><REACH who="3" step="1"/><G45/><REACH who="3" ten="235,247,271,237" step="2"/><N who="0" m="28143" /><D34/><U76/><E119/><V83/><F68/><W49/><G49/><T64/><D33/><U36/><E36/><V52/><F38/><W15/><G15/><T26/><D129/><N who="2" m="49162" /><F132/><W128/><G128/><T50/><D50/><U54/><E54/><V91/><F52/><W88/><G88/><T97/><D97/><AGARI ba="0,1" hai="74,76,77,79,81,82,85,89,90,94,97" m="62871" machi="97" ten="30,12000,1" yaku="35,5" doraHai="62" who="1" fromWho="0" sc="235,-120,247,130,271,0,237,0" /><INIT seed="1,1,0,3,3,47" ten="115,377,271,237" oya="1" hai0="42,67,84,45,114,128,21,74,7,61,25,29,6" hai1="33,52,91,48,112,104,59,125,26,17,119,110,51" hai2="76,108,96,64,92,43,69,133,109,13,54,106,46" hai3="115,16,111,60,15,97,9,103,123,40,34,70,4"/><U80/><E112/><V122/><F122/><W56/><G123/><T127/><D128/><U101/><E119/><V87/><F106/><W129/><G129/><T117/><D127/><U20/><E125/><V77/><F133/><W11/><G111/><N who="2" m="42569" /><F13/><W10/><G115/><T130/><D74/><U73/><E110/><V1/><F1/><W121/><G121/><T78/><D114/><U58/><E33/><V126/><F126/><W99/><G34/><T113/><D113/><U132/><E132/><V55/><F64/><W98/><G70/><T135/><D130/><U118/><E118/><V120/><F69/><W95/><G40/><T124/><D124/><U83/><E73/><V65/><F65/><W116/><G116/><T62/><D135/><U32/><E32/><V0/><F0/><W82/><G82/><T36/><D117/><U3/><E3/><V22/><F22/><W19/><G19/><T44/><D62/><U81/><E104/><V35/><F35/><W24/><G24/><T89/><D78/><N who="2" m="30314" /><F87/><W105/><G4/><T49/><D67/><U57/><E101/><N who="2" m="60551" /><F120/><W39/><G39/><AGARI ba="1,0" hai="39,43,46,54,55" m="60551,30314,42569" machi="39" ten="30,1000,0" yaku="14,1" doraHai="47" who="2" fromWho="3" sc="115,0,377,0,271,13,237,-13" /><INIT seed="2,0,0,2,0,126" ten="115,377,284,224" oya="2" hai0="49,42,1,69,55,100,111,60,47,118,122,84,74" hai1="13,105,26,107,4,99,131,130,117,88,23,104,24" hai2="81,101,48,80,10,87,62,8,5,102,65,129,123" hai3="51,22,92,125,14,82,79,3,18,120,66,36,108"/><V67/><F123/><W37/><G120/><T116/><D122/><U21/><E117/><V133/><F133/><W44/><G125/><T58/><D74/><U53/><E53/><V16/><F48/><W93/><G3/><T41/><D84/><U121/><E121/><V50/><F50/><W54/><G108/><T56/><D100/><U17/><E4/><V68/><F67/><W9/><G66/><N who="0" m="41159" /><D1/><U46/><E46/><V63/><F63/><W106/><G106/><T28/><D28/><U39/><E39/><V98/><F101/><W110/><G110/><T112/><D112/><U45/><E45/><V97/><F97/><W33/><G33/><T135/><D135/><U115/><E115/><V52/><F52/><W90/><G22/><T71/><D71/><U70/><E70/><V32/><F32/><W76/><G76/><T27/><D27/><U35/><E35/><V134/><F134/><W85/><REACH who="3" step="1"/><G93/><REACH who="3" ten="115,377,284,214" step="2"/><T91/><D111/><U11/><E23/><V78/><F78/><W61/><G61/><T20/><D20/><U127/><E127/><V30/><F62/><W95/><G95/><T96/><D118/><U114/><E114/><V75/><F65/><W29/><G29/><T113/><D116/><U103/><E21/><V132/><F30/><W43/><G43/><N who="0" m="16395" /><D113/><U77/><E77/><V38/><F132/><W0/><G0/><T64/><D64/><U40/><E40/><V86/><F68/><W31/><G31/><T124/><D124/><U34/><E34/><V59/><F75/><AGARI ba="0,1" hai="9,14,18,36,37,44,51,54,75,79,82,85,90,92" machi="75" ten="30,2000,0" yaku="1,1,7,1,53,0" doraHai="126" doraHaiUra="25" who="3" fromWho="2" sc="115,0,377,0,284,-20,214,30" /><INIT seed="3,0,0,2,2,56" ten="115,377,264,244" oya="3" hai0="124,116,96,58,61,59,81,108,79,18,71,67,85" hai1="97,16,11,32,9,10,134,5,131,26,121,14,88" hai2="6,43,84,94,111,125,87,104,30,20,51,113,63" hai3="107,23,92,8,114,118,33,7,109,119,69,2,25"/><W106/><G69/><T49/><D108/><U0/><E121/><V76/><F113/><W29/><G92/><T60/><D124/><U62/><E134/><V70/><F104/><W48/><G114/><T40/><D116/><U36/><E36/><V28/><F111/><W57/><G109/><T13/><D71/><U78/><E78/><V64/><F6/><W77/><G48/><T27/><D96/><U100/><E88/><N who="2" m="53511" /><F70/><W68/><G57/><T53/><D40/><U45/><E45/><N who="2" m="26047" /><F125/><W54/><G54/><T12/><D27/><U31/><E62/><V126/><F126/><W72/><G68/><T99/><D49/><U110/><E131/><V47/><F47/><W93/><G93/><T65/><D53/><U103/><E103/><V105/><F105/><W98/><G23/><T112/><D112/><U102/><E102/><V133/><F20/><W128/><G128/><T132/><D132/><U80/><E80/><V52/><F64/><W15/><G15/><T86/><D99/><U89/><E110/><V73/><F73/><W46/><G46/><T41/><D41/><U1/><E1/><V90/><F76/><W135/><G135/><T37/><D37/><U130/><E130/><V123/><F123/><W44/><G44/><T35/><D35/><U17/><E14/><V24/><F24/><W95/><G119/><T91/><D18/><U82/><E17/><V120/><F120/><W122/><G118/><T127/><D127/><U66/><E32/><V55/><F133/><W39/><G39/><T22/><D22/><U129/><E129/><V115/><F115/><RYUUKYOKU ba="0,0" sc="115,30,377,-10,264,-10,244,-10" hai0="12,13,58,59,60,61,65,67,79,81,85,86,91" owari="145,-35.5,367,46.7,254,5.4,234,-16.6" /></mjloggm>