<mjloggm ver="2.3"><GO type="225" lobby="0"/><UN n0="%E5%A4%8F%E9%88%B4%E9%88%B4%E5%A4%8F" n1="%E4%B8%AD%E5%B9%B4%E3%81%AE%E5%8D%B1%E6%A9%9F" n2="%E3%81%A4%E3%81%A3%E3%81%B1%E3%82%8A%E3%83%9D%E3%83%BC%E3%83%AB" n3="%E5%82%8D%E8%8B%A5%E7%84%A1%E4%BA%BA%35%31" dan="16,16,17,16" rate="2116.81,2109.63,2147.70,2168.82" sx="F,M,M,M"/><TAIKYOKU oya="0"/><INIT seed="0,0,0,1,4,87" ten="250,250,250,250" oya="0" hai0="82,30,70,90,103,39,57,47,61,35,6,26,51" hai1="41,72,5,122,64,13,20,45,14,54,68,29,111" hai2="92,44,116,127,132,134,67,131,115,69,91,117,86" hai3="126,95,120,96,59,31,33,65,125,104,100,110,74"/><T78/><D103/><U18/><E111/><V77/><F69/><W22/><G110/><T89/><D6/><U118/><E118/><N who="2" m="45675" /><F67/><W106/><G74/><T88/><D39/><U124/><E124/><N who="3" m="47722" /><G33/><T0/><D0/><U1/><E72/><V73/><F127/><W81/><G81/><T21/><D70/><U130/><E130/><V15/><F15/><W52/><G65/><N who="0" m="39087" /><D78/><U42/><E122/><V32/><F32/><W71/><G71/><T128/><D35/><U97/><E29/><V129/><F44/><W133/><G120/><T113/><D128/><N who="2" m="49226" /><F115/><W27/><G133/><T23/><D23/><U25/><E1/><V75/><F75/><W9/><G9/><T112/><D113/><U121/><E121/><V56/><F56/><W36/><G36/><T58/><D58/><U16/><E64/><V84/><F73/><W83/><G83/><AGARI ba="0,0" hai="77,83,84,86,91,92,132,134" m="49226,45675" machi="83" ten="40,8000,1" yaku="12,1,19,1,34,2,52,1" doraHai="87" who="2" fromWho="3" sc="250,0,250,0,250,80,250,-80" /><INIT seed="1,0,0,5,5,63" ten="250,250,330,170" oya="1" hai0="58,29,122,67,76,83,54,97,15,123,116,27,53" hai1="25,85,88,73,120,5,21,98,18,92,78,108,117" hai2="34,13,19,127,93,101,82,37,30,72,59,105,129" hai3="60,62,128,121,131,68,75,39,106,104,2,7,10"/><U111/><E117/><V124/><F105/><W24/><G121/><T100/><D116/><U135/><E120/><V44/><F129/><W38/><G24/><T71/><D15/><U66/><E135/><V31/><F34/><W110/><G62/><T61/><D122/><U102/><E5/><V12/><F59/><W45/><G75/><T70/><D123/><U41/><E41/><N who="2" m="22575" /><F82/><W51/><G110/><N who="1" m="42026" /><E66/><V23/><F72/><W22/><G22/><T9/><D9/><U103/><E73/><V11/><F93/><W20/><G20/><T77/><D53/><U99/><E78/><V91/><F91/><W95/><G95/><T87/><D76/><U55/><E55/><V130/><F101/><AGARI ba="0,0" hai="18,21,25,85,88,92,98,99,101,102,103" m="42026" machi="101" ten="30,5800,0" yaku="14,1,10,1,54,1" doraHai="63" who="1" fromWho="2" sc="250,0,250,58,330,-58,170,0" /><INIT seed="1,1,0,3,3,83" ten="250,308,272,170" oya="1" hai0="23,66,34,17,57,48,82,53,85,67,60,81,126" hai1="116,36,63,14,46,47,120,54,96,108,31,71,75" hai2="61,58,135,44,21,6,127,24,80,22,93,52,56" hai3="95,2,132,99,121,106,25,100,65,117,88,115,45"/><U9/><E75/><V86/><F135/><W68/><G132/><T59/><D126/><U40/><E116/><V64/><F127/><W129/><G129/><T72/><D34/><U109/><E120/><V39/><F6/><W28/><G121/><T30/><D72/><U104/><E31/><V50/><F39/><W42/><G2/><T87/><D30/><U33/><E33/><V94/><F44/><W98/><G115/><T19/><D67/><U7/><E71/><V79/><F22/><W110/><G110/><N who="1" m="42602" /><E47/><V113/><F113/><W119/><G65/><T3/><D3/><U69/><E69/><V35/><F35/><W130/><G68/><T13/><D17/><AGARI ba="1,0" hai="17,21,24,50,52,56,58,61,64,79,80,86,93,94" machi="17" ten="30,7700,0" yaku="7,1,8,1,52,1,54,1" doraHai="83" who="2" fromWho="0" sc="250,-80,308,0,272,80,170,0" /><INIT seed="2,0,0,4,0,134" ten="170,308,352,170" oya="2" hai0="9,135,116,78,69,49,38,67,86,74,85,123,71" hai1="23,30,96,61,18,77,80,82,119,108,50,102,109" hai2="125,127,73,95,56,64,22,31,33,3,60,5,14" hai3="65,101,106,43,90,53,47,105,113,122,4,59,19"/><V16/><F73/><W131/><G131/><T46/><D123/><U34/><E34/><V87/><F87/><W58/><G122/><T84/><D135/><U44/><E119/><V98/><F3/><W52/><G113/><T110/><D116/><U13/><E30/><V42/><F42/><W17/><G101/><T75/><D110/><U114/><E114/><V89/><REACH who="2" step="1"/><F5/><REACH who="2" ten="170,308,342,170" step="2"/><W2/><G4/><T103/><D86/><U6/><E109/><V91/><F91/><W32/><G90/><T66/><D85/><U27/><E108/><V133/><F133/><W104/><G32/><T132/><D84/><U83/><E77/><V92/><F92/><W118/><G2/><T68/><D78/><U7/><E7/><V48/><F48/><W111/><G118/><T124/><D75/><U45/><E50/><V35/><F35/><W70/><G111/><T37/><D74/><U107/><E6/><V93/><F93/><W25/><G105/><T72/><D72/><U26/><E83/><V10/><F10/><W100/><G43/><N who="0" m="24799" /><D9/><U79/><E82/><V121/><F121/><W28/><G104/><T120/><D120/><U15/><E80/><V20/><F20/><W8/><G106/><T21/><D132/><U11/><E79/><V29/><F29/><W81/><G28/><T40/><D21/><U36/><E107/><V54/><F54/><W88/><G8/><T112/><D112/><U117/><E117/><V63/><F63/><W57/><G81/><T129/><D40/><U128/><E11/><V0/><F0/><W1/><G1/><T76/><D76/><RYUUKYOKU ba="0,1" sc="170,-10,308,-10,342,30,170,-10" hai2="14,16,22,31,33,56,60,64,89,95,98,125,127" /><INIT seed="2,1,1,2,5,69" ten="160,298,372,160" oya="2" hai0="32,27,81,80,122,83,123,109,105,43,128,37,16" hai1="21,59,64,15,71,94,100,11,113,12,117,95,6" hai2="87,130,104,92,135,93,63,5,68,22,44,10,111" hai3="127,70,61,14,17,38,2,48,75,18,47,3,99"/><V67/><F104/><W125/><G75/><T25/><D109/><U76/><E113/><V133/><F111/><W26/><G99/><T79/><D128/><U84/><E117/><V103/><F130/><W65/><G26/><T62/><D105/><U41/><E71/><V116/><F116/><W118/><G118/><T114/><D114/><U20/><E41/><V97/><F22/><W39/><G3/><T42/><D79/><U108/><E108/><V56/><F44/><W90/><G2/><T101/><D101/><U119/><E119/><V134/><F87/><W7/><G7/><T86/><D86/><U91/><E76/><V29/><F29/><W51/><G90/><T88/><D88/><U31/><E15/><N who="2" m="5583" /><F93/><W131/><G51/><T8/><D62/><N who="1" m="37983" /><E31/><V0/><F0/><W107/><G107/><T52/><D52/><U30/><E30/><V115/><F68/><W121/><G121/><T73/><D73/><U54/><E54/><V28/><F28/><W110/><G110/><T82/><N who="0" m="20480" /><DORA hai="50" /><T33/><D123/><U96/><AGARI ba="1,1" hai="6,11,12,20,21,84,91,94,95,96,100" m="37983" machi="96" ten="30,1100,0" yaku="8,1" doraHai="69,50" who="1" fromWho="1" sc="160,-4,298,24,372,-6,160,-4" /><INIT seed="3,0,0,4,2,105" ten="156,322,366,156" oya="3" hai0="103,72,106,6,76,92,56,110,111,63,61,36,121" hai1="123,30,39,57,8,80,33,70,45,120,101,34,96" hai2="2,7,22,93,77,49,26,23,1,87,65,114,62" hai3="14,46,38,71,122,37,82,12,130,51,35,117,55"/><W9/><G122/><T73/><D121/><U28/><E34/><V53/><F114/><W84/><G130/><T21/><D36/><U0/><E57/><V128/><F128/><W107/><G117/><T91/><D6/><U40/><E70/><V132/><F132/><W88/><G107/><T94/><D21/><U32/><E30/><V124/><F124/><W108/><G71/><T129/><D129/><U135/><E135/><V127/><F127/><W17/><G35/><T11/><D11/><U98/><E98/><V97/><F7/><W64/><G64/><N who="0" m="38951" /><D76/><U50/><E50/><V125/><F23/><W24/><G108/><N who="0" m="41515" /><D63/><U113/><E113/><V4/><F4/><W54/><G24/><T104/><D94/><U102/><E102/><V74/><F87/><W109/><G109/><T131/><D106/><N who="1" m="63783" /><E8/><V79/><F79/><W41/><G38/><T75/><D131/><U16/><E16/><V133/><F125/><W95/><G37/><T42/><D42/><U126/><E126/><V15/><F133/><W60/><G60/><T47/><D47/><U43/><E43/><V66/><F15/><W99/><REACH who="3" step="1"/><G14/><REACH who="3" ten="156,322,366,146" step="2"/><T67/><D67/><U29/><E123/><V19/><F65/><W119/><G119/><T58/><D58/><U18/><E120/><V89/><F62/><W118/><G118/><T10/><D104/><U59/><E59/><N who="2" m="33199" /><F66/><W68/><G68/><T27/><D27/><U48/><E39/><V90/><F1/><W85/><G85/><N who="0" m="52335" /><D10/><U112/><E112/><V134/><F2/><W31/><G31/><T13/><D13/><U83/><E29/><RYUUKYOKU ba="0,1" sc="156,15,322,-15,366,-15,146,15" hai0="72,73,75,103" hai3="9,12,17,41,46,51,54,55,82,84,88,95,99" /><INIT seed="3,1,1,2,5,123" ten="171,307,351,161" oya="3" hai0="119,5,75,64,3,113,134,4,36,69,90,86,103" hai1="91,38,29,30,59,79,72,121,52,93,102,115,22" hai2="20,106,6,24,16,40,125,131,66,99,7,26,27" hai3="117,53,126,133,122,25,85,14,81,11,67,100,63"/><W9/><G122/><T77/><D119/><U10/><E121/><V94/><F106/><W65/><G117/><T97/><D36/><U78/><E38/><V129/><F125/><W23/><G126/><T71/><D134/><U12/><E102/><N who="2" m="60791" /><F40/><W101/><G133/><T34/><D34/><U18/><E115/><V84/><F66/><N who="3" m="25099" /><G63/><T62/><D71/><U8/><E72/><V76/><F76/><N who="3" m="46247" /><G53/><T0/><D3/><U107/><E107/><V41/><F84/><W28/><G11/><N who="1" m="4138" /><E79/><V120/><F41/><W83/><G83/><N who="0" m="45503" /><D0/><U33/><E33/><V118/><F118/><W110/><G110/><T51/><D51/><N who="1" m="31135" /><E78/><V73/><F73/><W111/><G111/><T92/><D113/><U55/><E55/><V19/><F120/><W70/><G70/><T45/><D45/><U15/><E15/><N who="2" m="9247" /><F19/><AGARI ba="1,1" hai="9,14,19,23,25,28,100,101" m="46247,25099" machi="19" ten="30,1500,0" yaku="8,1" doraHai="123" who="3" fromWho="2" sc="171,0,307,0,351,-18,161,28" /><INIT seed="3,2,0,3,5,12" ten="171,307,333,189" oya="3" hai0="56,80,9,91,32,30,128,68,55,86,21,15,79" hai1="63,16,102,75,106,108,29,76,51,33,124,65,37" hai2="92,134,69,125,57,50,36,115,64,110,135,88,67" hai3="112,72,117,11,104,132,48,60,73,83,22,52,7"/><W100/><G132/><N who="2" m="50729" /><F115/><W121/><G112/><T25/><D128/><U45/><E51/><V97/><F36/><W66/><G121/><T93/><D68/><N who="1" m="42047" /><E16/><V14/><F110/><W34/><G34/><T47/><D47/><U8/><E8/><V99/><F69/><W19/><G117/><T2/><D2/><U44/><E44/><V126/><F14/><W59/><G100/><T42/><D42/><U31/><E31/><V20/><F20/><W107/><G104/><T5/><D32/><U95/><E95/><N who="2" m="56551" /><F50/><W133/><G107/><T53/><REACH who="0" step="1"/><D56/><REACH who="0" ten="161,307,333,189" step="2"/><U58/><E58/><V70/><F57/><W119/><G133/><T89/><D89/><U81/><E108/><V129/><F70/><W131/><G131/><T39/><D39/><U26/><E124/><N who="2" m="47723" /><F129/><W4/><G66/><T114/><D114/><U111/><E111/><V62/><F62/><W17/><G60/><T77/><D77/><U74/><E45/><V27/><F67/><W41/><G41/><T120/><D120/><U40/><E40/><V130/><F64/><W35/><G35/><T84/><AGARI ba="2,1" hai="5,9,15,21,25,30,53,55,79,80,84,86,91,93" machi="84" ten="20,12000,2" yaku="1,1,0,1,7,1,8,1,53,2" doraHai="12" doraHaiUra="49" who="0" fromWho="0" sc="161,136,307,-32,333,-32,189,-62" owari="297,9.7,275,-12.5,301,40.1,127,-37.3" /></mjloggm>