<mjloggm ver="2.3"><GO type="225" lobby="0"/><UN n0="%28%EF%BF%A3%E2%96%BD%EF%BF%A3%29%CE%B4%E2%8C%92%E3%83%BB" n1="%E6%98%93%E5%88%A9%E8%96%A9%E4%BC%AF" n2="%E4%BF%BA%E3%81%A8%E5%A6%96%E5%A4%A2" n3="%E6%B8%A9%E2%98%85%E6%83%85%E2%98%85%E6%8E%AA%E2%98%85%E7%BD%AE" dan="17,17,16,17" rate="2286.54,2198.05,2215.48,2191.97" sx="M,F,F,M"/><TAIKYOKU oya="0"/><INIT seed="0,0,0,5,2,99" ten="250,250,250,250" oya="0" hai0="64,78,38,101,13,84,35,97,8,125,131,42,133" hai1="57,58,37,10,62,74,5,72,24,45,41,66,105" hai2="31,116,67,29,51,86,89,48,90,22,79,88,30" hai3="112,16,129,123,56,103,114,120,34,134,82,21,81"/><T4/><D35/><U91/><E105/><V93/><F116/><W130/><G34/><T12/><D125/><U104/><E104/><V95/><F67/><W127/><G127/><T115/><D115/><N who="3" m="44073" /><G56/><T11/><D131/><N who="3" m="50185" /><G134/><T106/><D133/><U33/><E91/><V132/><F132/><W15/><G103/><T59/><D64/><U94/><E94/><V3/><F3/><W54/><G54/><T19/><D59/><U126/><E126/><V121/><F121/><AGARI ba="0,0" hai="15,16,21,81,82,120,121,123" m="50185,44073" machi="121" ten="40,5200,0" yaku="13,1,19,1,54,1" doraHai="99" who="3" fromWho="2" sc="250,0,250,0,250,-52,250,52" /><INIT seed="1,0,0,0,4,126" ten="250,250,198,302" oya="1" hai0="7,129,78,33,30,34,131,118,96,23,3,31,92" hai1="117,13,104,39,63,90,77,40,111,26,132,125,68" hai2="38,18,76,107,119,105,49,74,44,51,12,73,75" hai3="127,91,59,16,11,41,133,10,103,101,57,1,62"/><U79/><E117/><V70/><F119/><W67/><G127/><T15/><D118/><U115/><E125/><V83/><F70/><W24/><G133/><T35/><D78/><U32/><E115/><V109/><F109/><W98/><G41/><T94/><D3/><U84/><E104/><V100/><F38/><W65/><G1/><T124/><D124/><U19/><E132/><V0/><F0/><W27/><G91/><T6/><D15/><U9/><E111/><V128/><F51/><W4/><G4/><N who="0" m="1579" /><D23/><U108/><E39/><V87/><F128/><N who="0" m="49226" /><D92/><U120/><E13/><V52/><REACH who="2" step="1"/><F100/><AGARI ba="0,0" hai="30,31,33,34,35,94,96,100" m="49226,1579" machi="100" ten="40,8000,1" yaku="19,1,52,3" doraHai="126" who="0" fromWho="2" sc="250,80,250,0,198,-80,302,0" /><INIT seed="2,0,0,5,0,49" ten="330,250,118,302" oya="2" hai0="132,23,32,106,102,48,126,17,35,39,8,82,125" hai1="128,26,37,28,41,104,52,6,63,96,38,116,74" hai2="67,13,12,101,66,78,10,20,122,42,29,134,94" hai3="9,64,83,119,123,109,61,98,47,56,92,5,33"/><V99/><F122/><W73/><G119/><T84/><D39/><U75/><E116/><V60/><F134/><W54/><G123/><T131/><D132/><U110/><E110/><V86/><F42/><W127/><G109/><T50/><D8/><U133/><E128/><V89/><F78/><W40/><G33/><N who="0" m="12875" /><D131/><U88/><E6/><V43/><F43/><W59/><G127/><N who="0" m="48651" /><D102/><U97/><E104/><V16/><F60/><W71/><G83/><T77/><D106/><U93/><E97/><V4/><REACH who="2" step="1"/><F29/><REACH who="2" ten="330,250,108,302" step="2"/><W7/><G61/><T118/><D118/><U30/><E133/><V103/><F103/><W68/><G40/><T1/><D1/><U18/><E41/><V87/><F87/><W31/><G31/><T85/><D85/><U34/><E30/><V21/><F21/><W105/><G73/><T24/><AGARI ba="0,1" hai="17,23,24,48,50,77,82,84" m="48651,12875" machi="24" ten="30,1100,0" yaku="18,1" doraHai="49" who="0" fromWho="0" sc="330,21,250,-3,108,-5,302,-3" /><INIT seed="3,0,0,2,1,21" ten="351,247,103,299" oya="3" hai0="9,16,134,13,88,14,6,119,98,31,121,58,128" hai1="10,123,129,103,95,84,67,92,108,77,72,124,18" hai2="32,19,97,131,0,69,91,25,34,20,17,70,61" hai3="135,118,116,36,8,42,86,75,43,126,7,107,80"/><W101/><G135/><T22/><D134/><U132/><E123/><V4/><F131/><W53/><G53/><T111/><D121/><U41/><E132/><V5/><F97/><N who="3" m="61871" /><G43/><T133/><D133/><U2/><E41/><V49/><F91/><W130/><G86/><T51/><D119/><U44/><E44/><V115/><F115/><W82/><G82/><T117/><D128/><U96/><E67/><V27/><F49/><W38/><G130/><T94/><D117/><N who="3" m="45161" /><G42/><T68/><D111/><U3/><E124/><V78/><F78/><N who="3" m="44127" /><G126/><T47/><D68/><U48/><E48/><V93/><F93/><W23/><G23/><T46/><D31/><U1/><E108/><V64/><F64/><W11/><G11/><T83/><D83/><U30/><E30/><V114/><F114/><W90/><G90/><T35/><D35/><N who="2" m="13354" /><F61/><W60/><G60/><T29/><D29/><U102/><E129/><V112/><F112/><W56/><G56/><T26/><D14/><U37/><E37/><V127/><F127/><W45/><G45/><T57/><D47/><U54/><E54/><AGARI ba="0,0" hai="6,9,13,16,22,26,46,51,54,57,58,88,94,98" machi="54" ten="30,8000,1" yaku="7,1,8,1,52,1,54,2" doraHai="21" who="0" fromWho="1" sc="351,80,247,-80,103,0,299,0" owari="431,53.1,167,-23.3,103,-39.7,299,9.9" /></mjloggm>