<mjloggm ver="2.3"><GO type="225" lobby="0"/><UN n0="%E5%B0%8F%E9%B3%A5%E9%81%8A%E7%B7%B4%E7%84%A1%32%31%E6%AD%B3" n1="%4C%4F%4C%49%54%41" n2="%33%74%72%65%65" n3="%E3%81%94%E3%83%BC%E3%81%A9%E3%82%93" dan="16,16,17,16" rate="2197.61,2076.11,2176.26,2083.21" sx="F,F,F,M"/><TAIKYOKU oya="0"/><INIT seed="0,0,0,1,2,36" ten="250,250,250,250" oya="0" hai0="47,70,113,129,20,9,3,87,57,99,103,110,68" hai1="93,53,51,78,95,123,59,8,16,12,67,60,38" hai2="98,107,112,23,92,86,63,14,119,61,76,89,118" hai3="71,127,105,117,65,122,5,15,128,66,109,21,33"/><T79/><D113/><U13/><E123/><V32/><F32/><W90/><G122/><T56/><D129/><U73/><E38/><V115/><F23/><W121/><G121/><T74/><D20/><U83/><REACH who="1" step="1"/><E13/><REACH who="1" ten="250,240,250,250" step="2"/><V94/><F112/><W81/><G15/><T2/><D3/><U26/><E26/><V62/><F115/><W97/><G117/><T17/><D2/><U19/><E19/><V102/><F14/><W120/><G120/><T84/><D17/><U126/><E126/><V101/><F119/><W58/><G127/><T10/><D10/><U46/><AGARI ba="0,1" hai="8,12,16,46,51,53,59,60,67,73,78,83,93,95" machi="46" ten="20,8000,1" yaku="1,1,0,1,7,1,54,1,53,1" doraHai="36" doraHaiUra="72" who="1" fromWho="1" sc="250,-40,240,90,250,-20,250,-20" /><INIT seed="1,0,0,1,3,14" ten="210,330,230,230" oya="1" hai0="21,40,101,105,106,91,66,73,104,32,29,129,11" hai1="16,0,110,119,22,72,114,69,7,47,133,85,84" hai2="62,90,36,70,28,30,64,56,124,89,20,95,120" hai3="24,83,60,48,79,55,132,82,3,128,92,68,57"/><U88/><E114/><V76/><F120/><W75/><G132/><T100/><D32/><U122/><E122/><V99/><F124/><W74/><G128/><T118/><D118/><U87/><E119/><V49/><F36/><W61/><G3/><T130/><D66/><U44/><E72/><V117/><F117/><W126/><G126/><T103/><D40/><U98/><E69/><V10/><F76/><W25/><G92/><T31/><D11/><U37/><E110/><V108/><F108/><W123/><G123/><T19/><D91/><U96/><E133/><V97/><F20/><W39/><G39/><T12/><REACH who="0" step="1"/><D73/><REACH who="0" ten="200,330,230,230" step="2"/><U35/><E35/><V13/><F90/><W121/><G121/><T59/><D59/><U94/><E37/><V93/><F89/><W53/><G68/><T134/><D134/><U112/><E112/><V41/><F70/><W125/><G125/><T78/><D78/><U46/><E96/><V65/><F65/><W34/><G79/><T1/><D1/><U2/><REACH who="1" step="1"/><E7/><REACH who="1" ten="200,320,230,230" step="2"/><N who="2" m="3295" /><F97/><W52/><G75/><T54/><D54/><U4/><E4/><V45/><F99/><W109/><G74/><T17/><D17/><U71/><E71/><V81/><F28/><AGARI ba="0,2" hai="12,19,21,28,29,31,100,101,103,104,105,106,129,130" machi="28" ten="50,6400,0" yaku="1,1,52,1,53,1" doraHai="14" doraHaiUra="8" who="0" fromWho="2" sc="200,84,320,0,230,-64,230,0" /><INIT seed="2,0,0,1,3,108" ten="284,320,166,230" oya="2" hai0="134,87,116,36,41,133,76,73,102,107,101,80,17" hai1="95,121,88,31,60,37,119,91,65,25,94,130,45" hai2="110,59,71,85,126,52,99,44,53,29,113,97,55" hai3="131,33,8,67,72,12,35,68,9,20,61,11,81"/><V27/><F126/><W50/><G131/><T15/><D116/><U39/><E119/><V111/><F71/><W129/><G129/><T28/><D28/><U24/><E130/><V118/><F118/><W10/><G20/><T66/><D66/><U6/><E121/><V112/><F59/><W120/><G120/><T69/><D69/><U46/><E6/><V89/><F44/><W122/><G122/><T16/><D41/><U4/><E4/><V21/><F99/><W13/><G50/><T43/><D73/><U19/><E19/><N who="0" m="7241" /><D15/><U49/><E65/><V58/><F58/><W92/><G92/><T48/><D36/><U22/><E60/><V127/><F97/><W56/><G68/><T3/><D3/><U114/><E114/><V57/><F57/><W18/><REACH who="3" step="1"/><G13/><REACH who="3" ten="284,320,166,220" step="2"/><T124/><D107/><U5/><E22/><V63/><F127/><W74/><G74/><T77/><D124/><U125/><E125/><V2/><F2/><W115/><G115/><T30/><D48/><U79/><E49/><V64/><F63/><W23/><G23/><T90/><D133/><U86/><E39/><V70/><F70/><W98/><G98/><T103/><D134/><U96/><E96/><V128/><F128/><W26/><G26/><T54/><D43/><U100/><E25/><V104/><F104/><W14/><G14/><T109/><D109/><N who="2" m="41482" /><F64/><W84/><G84/><T40/><D40/><U38/><E38/><V123/><F123/><W1/><G1/><T7/><D87/><U0/><E37/><V82/><AGARI ba="0,1" hai="21,27,29,52,53,55,82,85,89,112,113" m="41482" machi="82" ten="30,12000,1" yaku="14,1,10,1,52,2,54,1" doraHai="108" who="2" fromWho="2" sc="284,-40,320,-40,166,130,220,-40" /><INIT seed="2,1,0,5,1,49" ten="244,280,296,180" oya="2" hai0="70,67,13,77,87,119,88,76,31,73,65,20,115" hai1="113,6,16,39,125,83,43,50,41,27,25,71,134" hai2="69,124,112,21,75,37,118,129,86,98,107,68,81" hai3="72,111,94,78,28,61,82,46,89,34,114,120,53"/><V60/><F112/><W63/><G111/><T110/><D110/><U42/><E113/><V121/><F118/><W47/><G114/><T66/><D70/><U2/><E71/><V48/><F121/><W85/><G120/><T17/><D115/><U38/><E134/><V96/><F37/><W92/><G92/><T1/><D1/><U18/><E125/><V84/><F75/><W130/><G130/><T104/><D104/><U10/><E83/><V128/><F48/><W123/><G123/><T4/><D73/><U44/><E39/><V105/><F81/><W11/><G11/><N who="0" m="4327" /><D31/><U51/><E38/><V57/><F21/><W56/><REACH who="3" step="1"/><G63/><REACH who="3" ten="244,280,296,170" step="2"/><T32/><D119/><U33/><E10/><V7/><F60/><W131/><G131/><T22/><D32/><U45/><E50/><V9/><F9/><W52/><G52/><T108/><D108/><U40/><E51/><V64/><F129/><W103/><G103/><T132/><D22/><U101/><E101/><V0/><F128/><W54/><G54/><T36/><D36/><U55/><E55/><V59/><F107/><W109/><G109/><T14/><D132/><U117/><E117/><V116/><F105/><W15/><G15/><T24/><D14/><U95/><E95/><AGARI ba="1,1" hai="17,20,24,65,66,67,76,77,87,88,95" m="4327" machi="95" ten="30,2000,0" yaku="8,1,54,1" doraHai="49" who="0" fromWho="1" sc="244,33,280,-23,296,0,170,0" /><INIT seed="3,0,0,3,2,31" ten="277,257,296,170" oya="3" hai0="60,111,15,94,109,24,119,27,48,54,73,61,88" hai1="101,127,36,11,2,122,135,71,134,10,106,116,115" hai2="53,104,56,125,97,78,17,13,112,85,98,6,117" hai3="20,100,77,82,3,76,66,87,50,45,52,86,32"/><W34/><G3/><T42/><D73/><U113/><RYUUKYOKU type="yao9" ba="0,0" sc="277,0,257,0,296,0,170,0" hai1="2,10,11,36,71,101,106,113,115,116,122,127,134,135" /><INIT seed="3,1,0,2,3,63" ten="277,257,296,170" oya="3" hai0="109,57,20,98,23,17,133,130,40,31,55,110,0" hai1="78,132,48,53,25,86,15,65,14,6,7,88,24" hai2="111,122,125,96,84,62,105,103,49,42,73,72,70" hai3="106,94,61,85,128,93,87,117,58,75,33,126,35"/><W37/><G117/><T91/><D0/><U99/><E132/><V127/><F111/><N who="0" m="42506" /><D133/><U27/><E78/><V71/><F122/><W129/><G37/><T51/><D130/><N who="3" m="50281" /><G106/><T36/><D31/><U21/><E99/><V13/><F84/><N who="3" m="32331" /><G75/><T16/><D40/><U95/><E65/><N who="2" m="41271" /><F71/><W44/><G44/><T4/><D4/><N who="1" m="1579" /><E21/><N who="0" m="8265" /><D36/><U11/><E11/><V28/><F28/><W39/><G39/><T101/><D91/><U79/><E79/><V22/><F72/><W19/><G19/><T56/><D56/><AGARI ba="1,0" hai="14,15,24,25,27,48,53,56,86,88,95" m="1579" machi="56" ten="30,2000,0" yaku="8,1,54,1" doraHai="63" who="1" fromWho="0" sc="277,-23,257,23,296,0,170,0" /><INIT seed="4,0,0,4,1,24" ten="254,280,296,170" oya="0" hai0="119,66,64,32,5,101,104,61,35,12,38,107,63" hai1="105,133,16,2,11,17,85,76,96,74,57,7,106" hai2="95,60,100,69,10,36,4,41,42,128,15,30,9" hai3="127,54,87,50,28,130,1,0,110,120,97,98,115"/><T78/><D38/><U68/><E68/><V55/><F128/><W59/><G110/><T132/><D132/><U20/><E74/><V124/><F124/><W83/><G130/><T116/><D78/><U39/><E39/><V21/><F36/><W67/><G127/><T22/><D22/><U79/><E133/><V135/><F10/><W58/><G115/><T47/><D47/><U82/><E79/><V3/><F3/><W113/><G113/><T73/><D12/><U91/><E57/><N who="2" m="34879" /><F69/><W129/><G129/><T18/><D101/><U13/><E17/><V40/><F135/><W112/><G120/><T29/><D18/><U99/><E76/><V43/><F43/><W103/><G112/><T25/><D25/><U86/><REACH who="1" step="1"/><E85/><REACH who="1" ten="254,270,296,170" step="2"/><V123/><F123/><W90/><G28/><T93/><D73/><U14/><E14/><V108/><F30/><W125/><G125/><T102/><D29/><U72/><E72/><V52/><F108/><W114/><G114/><T92/><REACH who="0" step="1"/><D102/><REACH who="0" ten="244,270,296,170" step="2"/><U81/><E81/><V8/><F100/><W121/><G121/><T77/><D77/><U84/><E84/><V75/><F75/><W48/><G98/><AGARI ba="0,2" hai="2,7,11,13,16,20,82,86,91,96,98,99,105,106" machi="98" ten="40,2600,0" yaku="1,1,54,1,53,0" doraHai="24" doraHaiUra="31" who="1" fromWho="3" sc="244,0,270,46,296,0,170,-26" owari="244,-15.6,316,41.6,296,9.6,144,-35.6" /></mjloggm>