<mjloggm ver="2.3"><GO type="225" lobby="0"/><UN n0="%E3%83%96%E3%83%83%E3%83%91%E3%82%AA%E3%83%96%E3%83%81%E3%82%AD%E3%83%B3" n1="%E3%81%BD%E3%81%A1%E3%81%9F%E3%81%93%E3%82%84" n2="%E3%83%A9%E3%83%BC%E3%83%A1%E3%83%B3%E4%BA%94%E9%83%8E" n3="%72%69%6F%75%63%68%61%6E" dan="16,16,16,16" rate="2220.86,2163.50,2101.04,2122.50" sx="M,M,M,M"/><TAIKYOKU oya="0"/><INIT seed="0,0,0,0,0,59" ten="250,250,250,250" oya="0" hai0="14,72,43,58,27,124,6,87,106,96,51,25,71" hai1="112,91,35,61,17,116,40,128,52,49,48,127,13" hai2="0,37,122,36,113,47,75,39,98,86,111,114,83" hai3="103,78,74,60,57,16,42,132,45,69,79,84,50"/><T81/><D71/><U46/><E116/><V129/><F122/><W63/><G132/><T19/><D124/><U135/><E135/><V15/><F0/><W82/><G69/><T38/><D72/><U97/><E127/><V29/><F75/><W133/><G133/><T90/><D6/><U80/><E35/><V2/><F2/><W62/><G103/><T121/><D121/><U23/><E128/><V9/><F129/><W34/><G34/><T130/><D130/><U41/><E112/><V5/><F111/><W7/><G7/><T21/><D38/><U73/><E73/><V126/><F126/><W85/><G79/><T70/><D70/><U65/><E48/><V54/><F29/><W119/><G119/><T105/><D105/><U118/><E118/><V101/><F54/><W100/><G100/><T24/><D106/><U76/><E76/><V8/><F47/><W33/><G33/><T1/><D1/><U120/><E120/><V3/><F98/><W94/><G94/><T30/><D96/><U31/><E31/><V92/><F92/><W95/><G95/><T20/><REACH who="0" step="1"/><D43/><REACH who="0" ten="240,250,250,250" step="2"/><U110/><E97/><V12/><F3/><W123/><G123/><T67/><D67/><U131/><E131/><V22/><F37/><W99/><G99/><T66/><D66/><U44/><E41/><V117/><F5/><W68/><G68/><T89/><D89/><U134/><E134/><V26/><F36/><W10/><REACH who="3" step="1"/><G57/><REACH who="3" ten="240,250,250,240" step="2"/><T107/><D107/><U102/><E102/><V109/><F101/><W115/><G115/><T18/><D18/><U32/><E17/><RYUUKYOKU ba="0,2" sc="240,15,250,-15,250,-15,240,15" hai0="14,19,20,21,24,25,27,30,51,58,81,87,90" hai3="10,16,42,45,50,60,62,63,74,78,82,84,85" /><INIT seed="0,1,2,4,2,28" ten="255,235,235,255" oya="0" hai0="64,88,43,121,59,15,14,56,32,79,53,17,82" hai1="109,41,87,118,63,54,46,52,103,51,19,107,7" hai2="18,77,50,122,11,90,129,73,131,27,135,45,123" hai3="105,57,3,98,12,78,119,55,102,29,89,95,47"/><T16/><D121/><U30/><E118/><V116/><F116/><W67/><G119/><T71/><D71/><U101/><E109/><V134/><F90/><W112/><G112/><T85/><D43/><U40/><E7/><V62/><F62/><W34/><G3/><T69/><D69/><U106/><E30/><V0/><F77/><W74/><G67/><T9/><D32/><U132/><E132/><N who="2" m="50731" /><F73/><W20/><G47/><T126/><D126/><U113/><E113/><V39/><F39/><W25/><G12/><T110/><D110/><U93/><E106/><V61/><F61/><W33/><G78/><T83/><D64/><U36/><E107/><V94/><F94/><W2/><G2/><T37/><D37/><U65/><E40/><N who="2" m="24871" /><F0/><W38/><G74/><T108/><D53/><U72/><E72/><V10/><F27/><W130/><G130/><N who="2" m="49673" /><F18/><W22/><G38/><T44/><D108/><U104/><E104/><V23/><F23/><W60/><REACH who="3" step="1"/><G20/><REACH who="3" ten="255,235,235,245" step="2"/><T68/><D68/><U5/><E36/><V35/><F35/><W127/><G127/><T117/><D117/><U84/><E65/><V114/><F114/><W66/><G66/><T8/><REACH who="0" step="1"/><D44/><REACH who="0" ten="245,235,235,245" step="2"/><U91/><E41/><V115/><F115/><W58/><G58/><T13/><D13/><U99/><E46/><V96/><F123/><W49/><G49/><T4/><D4/><U133/><E5/><V81/><F122/><W100/><G100/><T31/><D31/><U97/><E133/><V42/><F42/><W24/><G24/><T92/><D92/><U26/><E51/><V1/><F1/><RYUUKYOKU ba="1,4" sc="245,15,235,-15,235,-15,245,15" hai0="8,9,14,15,16,17,56,59,79,82,83,85,88" hai3="22,25,29,33,34,55,57,60,89,95,98,102,105" /><INIT seed="0,2,4,2,2,83" ten="260,220,220,260" oya="0" hai0="50,104,39,118,125,111,124,53,78,24,48,128,16" hai1="1,103,77,80,5,51,102,56,89,11,73,31,9" hai2="131,14,121,93,46,36,62,86,81,82,61,87,108" hai3="72,115,25,106,119,52,74,134,15,133,98,68,3"/><T22/><D118/><U99/><E31/><V135/><F121/><W65/><G115/><T96/><D39/><U30/><E30/><V85/><F108/><W123/><G119/><T122/><D122/><U76/><E76/><V4/><F131/><W21/><G3/><T35/><D128/><U38/><E38/><V57/><F135/><N who="3" m="51723" /><G123/><T54/><D78/><U32/><E32/><V55/><F93/><W130/><G130/><T107/><D35/><U91/><E11/><N who="2" m="4455" /><F36/><W90/><G15/><T110/><D96/><U127/><E127/><N who="0" m="48713" /><D50/><U94/><REACH who="1" step="1"/><E102/><REACH who="1" ten="260,210,220,260" step="2"/><V10/><F10/><W8/><G8/><T44/><D53/><AGARI ba="2,5" hai="1,5,9,51,53,56,73,77,80,89,91,94,99,103" machi="53" ten="40,2600,0" yaku="1,1,2,1,53,0" doraHai="83" doraHaiUra="120" who="1" fromWho="0" sc="260,-32,210,82,220,0,260,0" /><INIT seed="1,0,0,5,5,43" ten="228,292,220,260" oya="1" hai0="88,1,134,71,8,135,11,13,4,26,116,76,17" hai1="91,80,77,27,92,81,129,40,130,64,119,44,52" hai2="90,0,38,29,83,70,19,114,75,9,98,50,78" hai3="106,6,59,84,95,37,30,104,96,86,65,47,51"/><U111/><E119/><V79/><F114/><W110/><G110/><T42/><D71/><U131/><E111/><V105/><F70/><W121/><G121/><T46/><D116/><U56/><E64/><V74/><F38/><W102/><G6/><T73/><D26/><U122/><E122/><V115/><F115/><W87/><G37/><N who="0" m="21839" /><D88/><U97/><E27/><V31/><F0/><W34/><G30/><T7/><D17/><U58/><E52/><V61/><F61/><W133/><G34/><T62/><D62/><U117/><E117/><V39/><F39/><W55/><REACH who="3" step="1"/><G133/><REACH who="3" ten="228,292,220,250" step="2"/><T48/><D48/><N who="1" m="26631" /><E81/><AGARI ba="0,1" hai="1,4,7,8,11,13,73,76,81,134,135" m="21839" machi="81" ten="30,2000,0" yaku="25,1,52,1" doraHai="43" who="0" fromWho="1" sc="228,30,292,-20,220,0,250,0" /><INIT seed="2,0,0,0,1,48" ten="258,272,220,250" oya="2" hai0="50,10,122,106,100,41,38,23,94,74,90,112,42" hai1="22,5,82,123,35,61,0,16,105,60,68,88,92" hai2="76,40,56,54,124,46,113,19,12,7,24,1,128" hai3="117,104,103,119,132,75,97,47,20,27,11,2,15"/><V102/><F113/><W37/><G132/><T114/><D122/><U109/><E123/><V58/><F124/><W64/><G2/><T39/><D74/><U4/><E105/><V73/><F128/><W17/><G75/><T118/><D23/><U86/><E35/><V45/><F102/><W51/><G64/><T129/><D10/><U78/><E109/><V71/><F71/><W125/><G37/><N who="0" m="13835" /><D90/><U120/><E120/><V127/><F127/><W33/><G33/><T91/><D91/><U93/><E93/><V107/><F107/><W115/><G115/><N who="0" m="44075" /><D94/><U116/><E116/><V121/><F121/><W133/><G133/><T108/><D100/><U21/><E21/><V8/><F24/><W70/><G70/><T49/><D106/><U29/><E29/><V43/><F76/><W98/><G98/><T81/><D81/><U135/><E135/><V44/><F73/><W52/><REACH who="3" step="1"/><G125/><REACH who="3" ten="258,272,220,240" step="2"/><T31/><D118/><U99/><E68/><V67/><F67/><W25/><G25/><T96/><D96/><U30/><E0/><V95/><F1/><W84/><G84/><T18/><D108/><U85/><E85/><V59/><F7/><AGARI ba="0,1" hai="7,11,15,17,20,27,47,51,52,97,103,104,117,119" machi="7" ten="30,7700,0" yaku="1,1,7,1,52,1,54,1,53,0" doraHai="48" doraHaiUra="89" who="3" fromWho="2" sc="258,0,272,0,220,-77,240,87" /><INIT seed="3,0,0,3,1,104" ten="258,272,143,327" oya="3" hai0="120,135,44,126,65,54,42,59,41,28,87,128,25" hai1="46,93,64,108,31,24,110,98,101,117,8,88,10" hai2="111,90,131,43,50,97,17,94,86,15,107,21,5" hai3="80,40,57,7,2,106,129,56,76,71,1,72,51"/><W22/><G71/><T48/><D120/><U84/><E117/><V4/><F111/><N who="1" m="42537" /><E46/><V103/><F131/><W95/><G129/><T29/><D128/><U114/><E64/><V47/><F107/><W6/><G106/><T0/><D0/><U112/><E8/><V27/><REACH who="2" step="1"/><F15/><REACH who="2" ten="258,272,133,327" step="2"/><W122/><G1/><T118/><D118/><U121/><E121/><V85/><F85/><W53/><G2/><T63/><D87/><U55/><E84/><V34/><F34/><W74/><G122/><T12/><D12/><U26/><E112/><V30/><F30/><W116/><G116/><T49/><D29/><U102/><E31/><V100/><F100/><W68/><G74/><T113/><D28/><U19/><E102/><V60/><F60/><W82/><G72/><T67/><D113/><U83/><E101/><V124/><F124/><W109/><G109/><T125/><D25/><U37/><E26/><V75/><F75/><W119/><G119/><T99/><D99/><U123/><E98/><V127/><F127/><N who="0" m="48650" /><D135/><U23/><E114/><V58/><F58/><W91/><G56/><T70/><D70/><U133/><E133/><V11/><F11/><W33/><G57/><T45/><AGARI ba="0,1" hai="41,42,44,45,48,49,54,59,63,65,67" m="48650" machi="45" ten="30,4000,0" yaku="18,1,34,2" doraHai="104" who="0" fromWho="0" sc="258,50,272,-10,133,-10,327,-20" owari="308,40.8,262,-13.8,123,-37.7,307,10.7" /></mjloggm>