<mjloggm ver="2.3"><GO type="225" lobby="0"/><UN n0="%E3%80%90%E3%83%88%E3%83%AA%E3%83%A5%E3%83%95%E3%80%91" n1="%E3%80%93%E3%81%97%E3%83%BC%E3%82%89%E3%80%93" n2="%E7%87%90%2E%2E" n3="%E3%81%BF%E3%81%BF%E3%81%9A" dan="16,16,16,18" rate="2123.63,2147.08,2103.14,2245.63" sx="M,M,M,M"/><TAIKYOKU oya="0"/><INIT seed="0,0,0,5,0,127" ten="250,250,250,250" oya="0" hai0="90,118,117,91,85,72,16,65,119,6,130,48,22" hai1="96,111,56,59,115,132,103,129,39,44,62,36,10" hai2="95,110,100,109,76,106,75,120,116,42,50,7,67" hai3="82,25,63,104,68,18,74,113,105,28,124,71,60"/><T33/><D33/><U46/><E115/><V15/><F120/><W78/><G113/><T3/><D72/><U57/><E111/><N who="2" m="42507" /><F106/><W66/><G124/><T53/><D65/><U135/><E10/><N who="2" m="4575" /><F67/><N who="3" m="41063" /><G18/><T49/><D49/><U27/><E27/><V55/><F42/><W131/><G131/><T26/><D130/><U73/><E73/><V101/><F116/><W51/><G51/><T123/><D123/><U77/><E77/><V2/><F2/><W70/><G70/><T102/><D102/><U13/><E13/><V32/><F32/><AGARI ba="0,0" hai="25,28,32,63,66,71,74,78,82,104,105" m="41063" machi="32" ten="30,2000,0" yaku="33,2" doraHai="127" who="3" fromWho="2" sc="250,0,250,0,250,-20,250,20" /><INIT seed="1,0,0,0,2,73" ten="250,250,230,270" oya="1" hai0="7,53,84,52,127,108,103,33,65,61,109,106,63" hai1="70,13,112,8,117,2,67,24,133,91,83,23,102" hai2="59,37,104,69,6,120,11,92,55,105,130,38,68" hai3="45,129,66,100,82,50,121,72,122,46,86,78,54"/><U132/><E2/><V98/><F120/><W34/><G129/><T110/><D127/><U90/><E112/><V115/><F130/><W77/><G34/><T21/><D33/><U57/><E70/><V5/><F115/><W48/><G66/><T62/><D65/><U14/><E117/><V128/><F128/><W30/><G30/><T107/><D7/><U124/><E102/><V87/><F87/><W43/><G100/><T119/><D119/><U93/><E83/><V25/><F25/><W71/><G71/><T10/><D10/><U58/><E124/><V28/><F28/><W85/><G72/><T75/><D75/><U76/><E67/><V9/><F59/><N who="1" m="22537" /><E76/><V123/><F92/><W36/><G36/><T125/><D125/><U39/><E39/><V27/><F27/><W47/><G47/><T114/><D114/><U17/><E93/><V116/><F116/><W49/><G49/><T113/><D113/><U56/><N who="1" m="22545" /><U126/><DORA hai="118" /><E126/><V95/><F95/><W4/><G4/><T94/><D21/><U19/><E24/><V74/><F74/><W88/><REACH who="3" step="1"/><G86/><REACH who="3" ten="250,250,230,260" step="2"/><T22/><D103/><U1/><E1/><V42/><F38/><W96/><G96/><T99/><D99/><U40/><E40/><V3/><F98/><W80/><G80/><T12/><D84/><U44/><E44/><V64/><F42/><W131/><G131/><T97/><D97/><U134/><AGARI ba="0,1" hai="8,13,14,17,19,23,90,91,132,133,134" m="22545" machi="134" ten="40,2100,0" yaku="20,1" doraHai="73,118" who="1" fromWho="1" sc="250,-7,250,31,230,-7,260,-7" /><INIT seed="1,1,0,5,0,115" ten="243,281,223,253" oya="1" hai0="64,17,124,128,54,68,132,16,66,30,19,70,1" hai1="6,37,81,62,122,116,72,21,50,105,97,41,36" hai2="96,134,0,85,109,25,78,15,23,52,5,133,110" hai3="65,113,75,125,118,108,22,12,106,86,24,104,63"/><U4/><E122/><V45/><F0/><W87/><G113/><T34/><D128/><U126/><E50/><N who="2" m="28751" /><F96/><W74/><G12/><T38/><D38/><U99/><E21/><V89/><F78/><W94/><G108/><N who="2" m="41577" /><F15/><W95/><G22/><T112/><D112/><U20/><E20/><V9/><F9/><W100/><G24/><T57/><D1/><U120/><E97/><V28/><F5/><W98/><G63/><T111/><D132/><U82/><E99/><V26/><F25/><W90/><G65/><T18/><D124/><U8/><E8/><V7/><F7/><W44/><G44/><T84/><D84/><U92/><E4/><V35/><F35/><W40/><G40/><T93/><D93/><AGARI ba="1,0" hai="23,26,28,85,89,93,133,134" m="41577,28751" machi="93" ten="30,2000,0" yaku="14,1,54,1" doraHai="115" who="2" fromWho="0" sc="243,-23,281,0,223,23,253,0" /><INIT seed="2,0,0,3,2,2" ten="220,281,246,253" oya="2" hai0="84,36,63,98,91,68,89,60,101,8,11,118,52" hai1="70,130,114,19,73,108,29,105,95,126,34,22,33" hai2="42,131,7,50,1,18,79,6,99,125,9,82,23" hai3="72,41,61,77,113,21,30,45,53,132,64,13,106"/><V134/><F125/><W107/><G113/><T25/><D36/><U35/><E95/><V12/><F131/><W93/><G132/><T58/><D118/><U56/><E56/><V5/><F134/><W75/><G53/><T15/><D25/><N who="1" m="14559" /><E70/><V49/><F99/><W120/><G120/><T27/><D27/><N who="1" m="18623" /><E73/><V133/><F133/><W117/><G117/><T46/><D46/><U116/><E105/><V88/><F88/><W104/><G93/><T115/><D115/><U59/><E59/><V48/><REACH who="2" step="1"/><F42/><REACH who="2" ten="220,281,236,253" step="2"/><W83/><G41/><T111/><D91/><U17/><E130/><V76/><F76/><W119/><G119/><T38/><D89/><U20/><E116/><V109/><F109/><W32/><G77/><T129/><D111/><U122/><E108/><V86/><AGARI ba="0,1" hai="1,5,6,7,9,12,18,23,48,49,50,79,82,86" machi="86" ten="30,18000,2" yaku="1,1,0,1,52,3,53,1" doraHai="2" doraHaiUra="10" who="2" fromWho="2" sc="220,-60,281,-60,236,190,253,-60" /><INIT seed="2,1,0,5,2,93" ten="160,221,426,193" oya="2" hai0="30,71,110,40,131,97,106,37,52,127,49,124,7" hai1="78,133,98,130,69,22,58,5,120,66,29,88,27" hai2="65,31,45,19,80,73,81,99,60,118,46,100,90" hai3="61,62,42,54,119,129,59,82,75,91,84,68,11"/><V103/><F118/><W112/><G119/><T57/><D71/><U34/><E130/><V113/><F113/><W64/><G112/><T33/><D110/><U67/><E133/><V4/><F4/><W10/><G129/><T123/><D131/><U76/><E69/><V135/><F135/><W39/><REACH who="3" step="1"/><G75/><REACH who="3" ten="160,221,426,183" step="2"/><T0/><D123/><U92/><E120/><V44/><F73/><W63/><G63/><T18/><D124/><U13/><E34/><V109/><F109/><W35/><G35/><T95/><D127/><U1/><E1/><V70/><F31/><W132/><G132/><T87/><D30/><U125/><E125/><V56/><F70/><W122/><G122/><T134/><D134/><U94/><E67/><V24/><F65/><W79/><G79/><T117/><D33/><U102/><E66/><V14/><F60/><W72/><G72/><T104/><D117/><U28/><E28/><V121/><F121/><W115/><G115/><T77/><D77/><U74/><E74/><V16/><F19/><W23/><G23/><T9/><D18/><U36/><E78/><V2/><F16/><W126/><G126/><T114/><D114/><U89/><E76/><V21/><F21/><W8/><G8/><T3/><D3/><U12/><E22/><V128/><F2/><W105/><G105/><T51/><D104/><U43/><E29/><V53/><F128/><W101/><G101/><N who="0" m="60607" /><D106/><U107/><E107/><V48/><F100/><W96/><G96/><T26/><D9/><U83/><E102/><V111/><F103/><W116/><G116/><T108/><D0/><RYUUKYOKU ba="1,1" sc="160,-10,221,-10,426,-10,183,30" hai3="10,11,39,42,54,59,61,62,64,68,82,84,91" /><INIT seed="3,2,1,0,2,120" ten="150,211,416,213" oya="3" hai0="128,56,126,21,132,34,35,105,85,83,7,38,70" hai1="14,37,24,77,4,15,103,111,78,19,89,79,32" hai2="122,29,84,90,10,63,100,3,131,39,95,75,113" hai3="44,109,61,93,46,106,87,134,1,129,26,81,101"/><W74/><G1/><T55/><D70/><U108/><E37/><V66/><F122/><W43/><G134/><T92/><D105/><U82/><E103/><V73/><F113/><W130/><G61/><T65/><D132/><U97/><E4/><V31/><F39/><W117/><G117/><T36/><D65/><U124/><E124/><V8/><F131/><W40/><G26/><T27/><D128/><N who="3" m="49257" /><G106/><T62/><D126/><U22/><E32/><V20/><F3/><W54/><G74/><T57/><D36/><U104/><E104/><V23/><F73/><W25/><G25/><T69/><D69/><U28/><E28/><V9/><F75/><W41/><G54/><T17/><D38/><U11/><E11/><V94/><F63/><W2/><G2/><T50/><D7/><U64/><E64/><V18/><F66/><W30/><G30/><T33/><D92/><N who="1" m="56463" /><E82/><V102/><F29/><W114/><G114/><T112/><D112/><U67/><E67/><V13/><F94/><W116/><G116/><T91/><D35/><U45/><E45/><N who="3" m="17514" /><G101/><T119/><D119/><U125/><E125/><V121/><F121/><W42/><G42/><T53/><D33/><U133/><E133/><V135/><F135/><W98/><G98/><T47/><D34/><U88/><E88/><V68/><F68/><W71/><G71/><T127/><D127/><U115/><E115/><V12/><F31/><W96/><G96/><T99/><D99/><U86/><E86/><V6/><F102/><W52/><G93/><T5/><D47/><U59/><E59/><V123/><F100/><RYUUKYOKU ba="2,1" sc="150,15,211,15,416,-15,213,-15" hai0="5,17,21,27,50,53,55,56,57,62,83,85,91" hai1="14,15,19,22,24,77,78,79,108,111" owari="165,-33.5,226,2.6,411,51.1,198,-20.2" /></mjloggm>