<mjloggm ver="2.3"><GO type="225" lobby="0"/><UN n0="%E3%83%81%E3%83%83%E3%82%BF%E3%82%BD%E3%83%BC" n1="%E3%81%AF%E3%82%88%E3%81%8A%E3%81%98%E3%81%95%E3%82%93" n2="%E3%81%8B%E3%82%8F%E3%81%A1%E3%82%83%E3%82%93%35%38" n3="%E3%81%93%E3%81%9F%E3%82%8D%E3%81%86%E3%81%8F%E3%82%93" dan="17,17,16,16" rate="2204.89,2140.60,2173.01,2072.77" sx="F,M,M,M"/><TAIKYOKU oya="0"/><INIT seed="0,0,0,3,2,44" ten="250,250,250,250" oya="0" hai0="122,76,94,126,7,75,133,31,32,64,104,98,109" hai1="0,40,43,21,115,53,128,6,113,78,102,93,57" hai2="65,55,124,85,90,106,67,15,19,25,30,70,41" hai3="60,58,5,69,77,101,134,130,42,1,17,125,3"/><T89/><D122/><U50/><E128/><V131/><F106/><W27/><G130/><T120/><D120/><U12/><E78/><V61/><F131/><W123/><G123/><T116/><D116/><U68/><E68/><V110/><F110/><W88/><G101/><T14/><D109/><U111/><E0/><V51/><F124/><W81/><G125/><T108/><D108/><U9/><E111/><V97/><F97/><W66/><G42/><T45/><D126/><U49/><E21/><N who="2" m="15663" /><F61/><W62/><G5/><T37/><D104/><U96/><REACH who="1" step="1"/><E50/><REACH who="1" ten="250,240,250,250" step="2"/><V99/><F70/><W114/><G114/><AGARI ba="0,1" hai="6,9,12,40,43,49,53,57,93,96,102,113,114,115" machi="114" ten="40,8000,1" yaku="1,1,2,1,11,1,52,1,53,0" doraHai="44" doraHaiUra="105" who="1" fromWho="3" sc="250,0,240,90,250,0,250,-80" /><INIT seed="1,0,0,0,1,98" ten="250,330,250,170" oya="1" hai0="82,42,121,134,44,88,1,113,51,110,21,15,53" hai1="30,106,92,54,52,120,23,0,40,8,95,117,85" hai2="39,46,43,33,35,70,111,6,109,72,11,105,18" hai3="75,59,9,55,71,107,74,126,68,37,64,119,36"/><U130/><E106/><V56/><F70/><W3/><G126/><T87/><D110/><N who="2" m="41994" /><F72/><W108/><G108/><T101/><D134/><U76/><E117/><V24/><F105/><W103/><G119/><T125/><D125/><U31/><E120/><V132/><F132/><W16/><G64/><T28/><D113/><U41/><E0/><N who="2" m="455" /><F56/><W65/><G65/><T81/><D1/><U129/><E8/><V79/><F79/><W96/><G68/><T7/><D121/><U45/><E76/><V104/><F104/><W133/><G71/><T60/><D7/><U27/><E31/><V38/><F38/><W69/><G69/><T122/><D122/><U89/><E92/><V124/><F124/><W100/><G133/><T123/><D123/><U112/><E112/><V66/><F66/><W90/><G3/><T115/><D115/><U80/><E95/><V97/><F97/><W78/><G37/><T62/><D81/><U84/><E85/><V127/><F127/><W29/><G36/><T102/><D28/><U25/><E45/><V99/><F99/><W118/><G118/><T63/><D42/><U86/><E84/><V93/><F93/><W131/><G131/><N who="1" m="50186" /><E40/><V13/><F24/><W47/><G47/><T14/><D14/><U22/><E41/><V10/><AGARI ba="0,0" hai="10,13,18,33,35,39,43,46" m="455,41994" machi="10" ten="30,1100,0" yaku="14,1" doraHai="98" who="2" fromWho="2" sc="250,-3,330,-5,250,11,170,-3" /><INIT seed="2,0,0,1,0,63" ten="247,325,261,167" oya="2" hai0="25,11,71,104,134,5,125,35,73,129,100,45,7" hai1="92,117,81,120,83,16,13,76,55,126,133,33,114" hai2="107,88,41,26,101,115,132,65,84,86,82,108,96" hai3="56,52,20,59,135,2,50,112,51,28,103,75,93"/><V18/><F115/><W44/><G75/><T85/><D73/><U91/><E117/><V3/><F3/><W130/><G112/><T29/><D125/><U36/><E114/><V4/><F4/><W89/><G103/><T57/><D129/><U106/><E106/><V17/><F132/><W118/><G118/><T60/><D57/><U78/><E33/><V121/><F121/><W124/><G124/><T123/><D123/><U14/><E126/><V131/><F131/><W79/><G79/><N who="1" m="30250" /><E36/><V110/><F41/><N who="3" m="24847" /><G130/><T127/><D127/><U47/><E13/><V68/><F84/><N who="3" m="52391" /><G2/><T66/><D85/><N who="1" m="52335" /><E133/><V21/><REACH who="2" step="1"/><F17/><REACH who="2" ten="247,325,251,167" step="2"/><W32/><G135/><T98/><D134/><U40/><E40/><V102/><F102/><W61/><G32/><T49/><D11/><U64/><E120/><V58/><F58/><N who="3" m="33055" /><G61/><AGARI ba="0,1" hai="18,21,26,61,65,68,82,86,88,96,101,107,108,110" machi="61" ten="40,7700,0" yaku="1,1,52,1,54,1,53,0" doraHai="63" doraHaiUra="43" who="2" fromWho="3" sc="247,0,325,0,251,87,167,-77" /><INIT seed="2,1,0,1,5,91" ten="247,325,338,90" oya="2" hai0="116,63,83,11,67,121,9,19,113,118,33,37,89" hai1="57,47,90,46,64,55,3,88,44,59,10,104,127" hai2="70,42,30,4,84,27,94,12,16,126,35,100,34" hai3="99,101,80,52,54,39,17,97,117,5,114,134,43"/><V131/><F70/><W133/><G117/><N who="0" m="45163" /><D113/><U0/><E104/><V96/><F126/><W110/><G114/><T68/><D121/><U123/><E127/><V77/><F131/><W1/><G110/><T81/><D37/><U61/><E123/><V65/><F65/><W73/><G17/><T115/><D115/><U14/><E0/><V7/><F35/><W105/><G97/><T41/><D41/><U71/><E3/><V49/><F42/><W119/><G119/><T92/><D33/><U15/><E15/><V25/><F49/><W51/><G39/><T36/><D36/><U75/><E75/><V98/><F98/><W120/><G120/><T69/><D69/><U21/><E21/><N who="2" m="15663" /><F27/><W8/><G43/><T66/><D66/><U122/><E122/><V112/><F34/><W132/><REACH who="3" step="1"/><G51/><REACH who="3" ten="247,325,338,80" step="2"/><T82/><D19/><N who="1" m="8663" /><E71/><V24/><F112/><W124/><G124/><T50/><D50/><AGARI ba="1,1" hai="44,46,47,50,55,57,59,61,64,88,90" m="8663" machi="50" ten="30,2000,0" yaku="8,1,54,1" doraHai="91" who="1" fromWho="0" sc="247,-23,325,33,338,0,80,0" /><INIT seed="3,0,0,2,5,60" ten="224,358,338,80" oya="3" hai0="4,93,6,90,101,14,81,123,83,66,59,106,75" hai1="118,1,76,28,0,99,29,41,52,110,63,61,122" hai2="109,112,24,91,105,97,120,87,124,20,129,128,104" hai3="116,36,27,77,133,94,21,117,23,96,135,125,3"/><W80/><G3/><T12/><D123/><U70/><E122/><V46/><F120/><W134/><G36/><T89/><D106/><N who="2" m="41066" /><F46/><W49/><G49/><T74/><D59/><U65/><E41/><V72/><F20/><W47/><G47/><T95/><REACH who="0" step="1"/><D101/><REACH who="0" ten="214,358,338,80" step="2"/><U15/><E70/><V10/><F112/><W31/><G125/><T43/><D43/><U132/><E110/><V26/><F124/><W9/><G9/><T33/><D33/><U53/><E53/><V42/><F42/><W35/><G35/><T113/><D113/><U30/><E52/><V40/><F40/><W11/><G11/><T102/><D102/><U78/><E63/><V50/><F109/><W85/><REACH who="3" step="1"/><G21/><REACH who="3" ten="214,358,338,70" step="2"/><T62/><D62/><U16/><E61/><V51/><F10/><W115/><G115/><T17/><D17/><U56/><E16/><V2/><F51/><W131/><G131/><T44/><D44/><U114/><E114/><V119/><F50/><W45/><G45/><T108/><D108/><U37/><E37/><V88/><F129/><W111/><G111/><T48/><D48/><U13/><E56/><V8/><F128/><W55/><G55/><T54/><D54/><U57/><E57/><V25/><F8/><W130/><G130/><T34/><D34/><U92/><E0/><V64/><F2/><W103/><AGARI ba="0,2" hai="23,27,31,77,80,85,94,96,103,116,117,133,134,135" machi="103" ten="30,11700,0" yaku="1,1,0,1,20,1,53,1" doraHai="60" doraHaiUra="18" who="3" fromWho="3" sc="214,-39,358,-39,338,-39,70,137" /><INIT seed="3,1,0,4,5,48" ten="175,319,299,207" oya="3" hai0="39,128,69,18,59,13,112,89,49,70,85,76,50" hai1="47,35,65,87,43,135,1,131,63,29,58,126,33" hai2="81,121,86,122,133,44,9,106,118,94,54,46,114" hai3="115,75,77,15,90,2,123,132,91,8,45,12,127"/><W72/><G123/><N who="2" m="47113" /><F106/><W34/><G34/><T42/><D128/><U41/><E1/><V11/><F118/><W92/><G115/><T61/><D112/><U38/><E131/><V56/><F94/><W20/><G2/><T83/><D39/><U98/><E126/><V129/><F133/><W10/><G127/><T120/><D120/><U107/><E135/><V30/><F30/><W79/><G132/><T99/><D69/><U96/><E43/><V3/><F114/><W22/><G92/><T67/><D70/><U64/><E64/><V57/><F57/><W101/><REACH who="3" step="1"/><G45/><REACH who="3" ten="175,319,299,197" step="2"/><N who="2" m="17513" /><F3/><W74/><G74/><T52/><D42/><U103/><E98/><V100/><F129/><W32/><G32/><T102/><D67/><U5/><E87/><V124/><F124/><W36/><G36/><T19/><D76/><U109/><E35/><V105/><F105/><W31/><G31/><T7/><D102/><AGARI ba="1,1" hai="8,10,12,15,20,22,72,75,77,79,90,91,101,102" machi="102" ten="25,4800,0" yaku="1,1,22,2,53,0" doraHai="48" doraHaiUra="40" who="3" fromWho="0" sc="175,-51,319,0,299,0,197,61" /><INIT seed="3,2,0,2,1,131" ten="124,319,299,258" oya="3" hai0="133,124,52,23,40,55,76,59,117,11,132,2,31" hai1="128,7,37,39,100,68,105,65,0,10,80,98,120" hai2="60,50,99,51,66,74,121,22,20,41,125,81,58" hai3="64,35,36,130,44,118,27,93,95,73,6,103,24"/><W69/><G130/><T91/><D117/><U129/><E120/><V72/><F121/><W115/><G118/><T112/><D112/><U134/><E134/><N who="0" m="51817" /><D76/><U56/><E56/><V127/><F99/><W1/><G115/><T45/><D124/><N who="2" m="47690" /><F51/><W49/><G73/><N who="2" m="28265" /><F81/><W28/><G103/><T21/><D91/><U8/><E8/><V106/><F106/><W119/><G36/><N who="1" m="13898" /><E80/><V57/><F57/><W29/><G69/><T71/><D71/><U88/><E88/><V12/><F12/><W4/><G64/><T135/><N who="0" m="51825" /><T123/><DORA hai="26" /><D123/><U114/><E114/><V79/><F79/><W110/><G119/><T92/><D92/><U108/><E108/><V96/><F96/><W47/><G110/><T97/><D97/><U15/><E15/><V43/><F50/><W32/><G49/><N who="0" m="26791" /><D59/><U17/><E98/><V18/><F18/><W70/><G70/><T82/><D82/><U109/><E17/><V75/><N who="2" m="28273" /><V104/><DORA hai="113" /><F104/><W46/><G46/><T77/><D77/><U48/><E128/><V111/><F111/><W38/><G38/><T101/><D101/><U16/><E109/><V84/><F84/><W102/><G102/><T90/><D90/><U13/><E129/><V34/><F34/><W42/><G42/><AGARI ba="2,0" hai="20,22,41,42,43,58,60,66" m="28273,47690" machi="42" ten="50,1600,0" yaku="18,1" doraHai="131,26,113" who="2" fromWho="3" sc="124,0,319,0,299,22,258,-22" owari="124,-37.6,319,11.9,321,42.1,236,-16.4" /></mjloggm>