<mjloggm ver="2.3"><GO type="225" lobby="0"/><UN n0="%E5%8F%AF%E5%85%90%E9%82%A3%E7%94%B1%E5%A4%9A" n1="%E6%B7%91%E5%A5%B3%E3%81%AE%E5%97%9C%E3%81%BF" n2="%E6%97%A5%E6%9B%9C%E6%97%A5%E3%82%88%E3%82%8A%E3%81%AE%E4%BD%BF%E8%80%85" n3="%E5%91%A8%E6%9D%B1" dan="16,16,16,17" rate="2127.83,2095.89,2150.44,2209.97" sx="F,M,M,M"/><TAIKYOKU oya="0"/><INIT seed="0,0,0,4,1,90" ten="250,250,250,250" oya="0" hai0="67,10,95,27,112,0,101,84,72,69,59,61,15" hai1="18,39,21,35,42,131,53,133,2,45,46,1,123" hai2="91,106,124,96,103,125,126,99,33,12,111,37,8" hai3="22,114,32,120,63,48,26,75,70,105,60,80,47"/><T107/><D112/><U65/><E123/><V28/><F37/><W104/><G114/><T117/><D117/><U79/><E35/><V43/><F43/><W41/><G120/><T82/><D0/><U66/><E131/><V115/><F115/><W7/><G32/><T122/><D122/><U58/><E133/><V97/><F111/><W20/><G7/><T102/><D107/><U86/><E46/><V14/><F91/><W24/><G80/><T40/><D72/><U88/><E79/><V74/><F74/><W87/><G87/><T83/><D40/><U16/><E1/><V92/><F106/><W13/><G13/><N who="2" m="5225" /><F8/><W116/><G75/><T50/><D27/><AGARI ba="0,0" hai="27,28,33,92,96,97,99,103,124,125,126" m="5225" machi="27" ten="40,2600,0" yaku="18,1,52,1" doraHai="90" who="2" fromWho="0" sc="250,-26,250,0,250,26,250,0" /><INIT seed="1,0,0,0,2,91" ten="224,250,276,250" oya="1" hai0="74,50,111,108,0,21,67,59,72,58,55,15,64" hai1="25,20,23,33,7,27,82,62,90,52,54,4,32" hai2="43,115,92,77,134,130,6,19,98,128,8,81,41" hai3="123,103,105,68,88,45,97,106,63,86,107,132,102"/><U80/><REACH who="1" step="1"/><E90/><REACH who="1" ten="224,240,276,250" step="2"/><N who="2" m="55575" /><F115/><W56/><G123/><T73/><D0/><U94/><E94/><V114/><F114/><W70/><G132/><T51/><D15/><U66/><E66/><V135/><F19/><W53/><G45/><T47/><D67/><U79/><E79/><V120/><F120/><W93/><REACH who="3" step="1"/><G103/><REACH who="3" ten="224,240,276,240" step="2"/><T61/><REACH who="0" step="1"/><D21/><REACH who="0" ten="214,240,276,240" step="2"/><U95/><E95/><AGARI ba="0,3" hai="53,56,63,68,70,86,88,93,95,97,102,105,106,107" machi="95" ten="40,8000,1" yaku="1,1,2,1,52,2,54,1,53,0" doraHai="91" doraHaiUra="1" who="3" fromWho="1" sc="214,0,240,-80,276,0,240,110" /><INIT seed="2,0,0,0,5,84" ten="214,160,276,350" oya="2" hai0="97,104,131,88,75,70,110,19,100,68,92,125,132" hai1="78,129,117,135,32,72,49,53,105,20,118,58,83" hai2="123,48,22,16,28,69,65,122,62,115,11,76,60" hai3="9,81,93,124,17,95,126,56,111,120,38,90,50"/><V59/><F115/><W44/><G120/><T98/><D110/><U128/><E32/><V79/><F48/><W14/><G111/><T37/><D125/><N who="3" m="48233" /><G38/><T94/><D131/><N who="1" m="50251" /><E105/><V73/><F28/><W114/><G56/><T112/><D112/><U39/><E39/><V130/><F11/><W45/><G45/><T30/><D132/><U36/><E36/><V113/><F113/><W82/><G95/><T64/><D75/><U67/><E135/><V29/><F29/><W99/><G114/><T23/><D37/><U85/><E67/><V40/><F40/><AGARI ba="0,0" hai="9,14,17,40,44,50,81,82,90,93,99" m="48233" machi="40" ten="30,2000,0" yaku="18,1,52,1" doraHai="84" who="3" fromWho="2" sc="214,0,160,0,276,-20,350,20" /><INIT seed="3,0,0,2,1,2" ten="214,160,256,370" oya="3" hai0="13,47,20,21,110,11,66,128,69,68,125,27,76" hai1="123,120,119,94,1,115,91,105,80,98,37,4,19" hai2="113,34,96,92,103,46,52,10,8,132,78,0,102" hai3="22,121,101,38,59,124,25,41,36,30,43,31,89"/><W55/><G121/><T106/><D106/><U53/><E115/><V82/><F113/><W85/><G124/><T7/><D125/><U130/><E130/><V56/><F34/><W71/><G71/><T51/><D128/><U16/><E119/><V83/><F132/><W112/><G38/><T81/><D110/><U87/><E105/><V79/><F46/><W49/><G36/><T29/><D66/><U111/><E37/><V86/><F103/><W135/><G135/><T5/><D21/><U117/><E117/><V133/><F0/><W17/><G101/><T42/><REACH who="0" step="1"/><D5/><REACH who="0" ten="204,160,256,370" step="2"/><U65/><E111/><V99/><F133/><W18/><G112/><T40/><D40/><U32/><E65/><V72/><REACH who="2" step="1"/><F96/><REACH who="2" ten="204,160,246,370" step="2"/><W67/><G43/><T97/><D97/><U75/><E32/><V3/><F3/><W95/><G41/><T64/><D64/><U61/><E120/><V100/><F100/><W84/><G67/><T118/><D118/><U15/><E123/><V122/><F122/><W60/><G59/><T77/><D77/><N who="1" m="46479" /><E1/><V24/><F24/><W28/><G25/><T50/><D50/><AGARI ba="0,2" hai="8,10,50,52,56,72,78,79,82,83,86,92,99,102" machi="50" ten="30,3900,0" yaku="1,1,7,1,54,1,53,0" doraHai="2" doraHaiUra="63" who="2" fromWho="0" sc="204,-39,160,0,246,59,370,0" owari="165,-23.5,160,-34.0,305,10.5,370,47.0" /></mjloggm>