<mjloggm ver="2.3"><GO type="225" lobby="0"/><UN n0="%E3%83%A9%E3%83%BC%E3%83%A1%E3%83%B3%E4%BA%94%E9%83%8E" n1="%72%65%6E%6B%75%6E" n2="%E8%81%B7%E6%A5%AD%E3%80%81%E9%A2%A8%32" n3="%E3%83%A4%E3%83%89%E3%83%B3%E4%B8%B8" dan="16,17,16,16" rate="2111.44,2206.87,2168.94,2047.46" sx="M,M,M,M"/><TAIKYOKU oya="0"/><INIT seed="0,0,0,4,0,133" ten="250,250,250,250" oya="0" hai0="25,94,90,0,21,124,36,66,86,114,18,122,26" hai1="42,49,115,15,12,105,48,47,80,96,100,37,127" hai2="9,111,83,22,56,74,7,110,78,85,41,93,19" hai3="113,53,29,76,38,28,70,50,112,27,125,20,102"/><T34/><D114/><U54/><E115/><V65/><F41/><W126/><G38/><T92/><D122/><U40/><E37/><V45/><F45/><N who="3" m="27855" /><G70/><T23/><D36/><U104/><E104/><V91/><F56/><W79/><G29/><T118/><D118/><U32/><E32/><V73/><F65/><W6/><G6/><T103/><D0/><U131/><E131/><V99/><F74/><W17/><G102/><T46/><D34/><U72/><E42/><V57/><F57/><W134/><G134/><T1/><D1/><U64/><E64/><V24/><REACH who="2" step="1"/><F73/><REACH who="2" ten="250,250,240,250" step="2"/><W88/><G112/><T51/><D66/><U82/><E72/><V116/><F116/><W10/><G113/><T132/><D132/><U5/><E40/><V59/><F59/><W52/><G52/><T8/><D46/><U101/><E54/><V60/><F60/><W61/><G61/><T108/><D51/><U39/><E47/><V2/><AGARI ba="0,1" hai="2,7,9,19,22,24,78,83,85,91,93,99,110,111" machi="2" ten="30,4000,0" yaku="1,1,0,1,53,1" doraHai="133" doraHaiUra="89" who="2" fromWho="2" sc="250,-20,250,-10,240,50,250,-10" /><INIT seed="1,0,0,5,4,77" ten="230,240,290,240" oya="1" hai0="74,9,16,111,70,87,20,129,68,31,54,78,41" hai1="90,24,118,59,100,69,60,67,105,114,56,98,125" hai2="50,104,101,88,10,45,116,27,79,48,83,110,55" hai3="84,89,11,40,12,120,26,86,62,132,82,102,5"/><U131/><E118/><V53/><F110/><W37/><G120/><T33/><D111/><U22/><E114/><V99/><F116/><W107/><G132/><T113/><D113/><U93/><E125/><V7/><F27/><W0/><G26/><T6/><D74/><U123/><E123/><V95/><F104/><W133/><G133/><T23/><D41/><U121/><E131/><V36/><F36/><W4/><G62/><T34/><D129/><U109/><E109/><V73/><F101/><W128/><G86/><T2/><D54/><U117/><E117/><V81/><F81/><W124/><G124/><T126/><D126/><U13/><E13/><V44/><F10/><W115/><G115/><T76/><D23/><U47/><E47/><V106/><F106/><W63/><G63/><T130/><D130/><U30/><REACH who="1" step="1"/><E121/><REACH who="1" ten="230,230,290,240" step="2"/><V29/><F7/><N who="3" m="1511" /><G12/><T19/><D6/><U97/><AGARI ba="0,1" hai="22,24,30,56,59,60,67,69,90,93,97,98,100,105" machi="97" ten="20,3900,0" yaku="1,1,0,1,7,1,53,0" doraHai="77" doraHaiUra="134" who="1" fromWho="1" sc="230,-13,230,49,290,-13,240,-13" /><INIT seed="1,1,0,2,1,42" ten="217,279,277,227" oya="1" hai0="63,13,104,16,8,107,112,4,111,106,89,38,7" hai1="85,94,61,73,84,1,24,100,95,103,12,118,32" hai2="113,119,56,131,23,76,75,123,51,117,126,135,127" hai3="60,96,62,91,11,52,44,49,74,101,14,70,124"/><U132/><E1/><V66/><F75/><W65/><G124/><N who="2" m="47657" /><F76/><W59/><G74/><T21/><D111/><U43/><E73/><V77/><F77/><W26/><G26/><T3/><D112/><U58/><E118/><N who="2" m="45067" /><F23/><W116/><G116/><T120/><D120/><U125/><E125/><V122/><F135/><W99/><G91/><T90/><D7/><U46/><E132/><V133/><F133/><W30/><G101/><T87/><D87/><U115/><E115/><V45/><F113/><W6/><REACH who="3" step="1"/><G30/><REACH who="3" ten="217,279,277,217" step="2"/><T18/><D38/><U15/><E100/><V69/><F123/><W93/><G93/><T72/><D72/><U98/><E95/><V102/><F102/><W67/><AGARI ba="1,1" hai="6,11,14,44,49,52,59,60,62,65,67,70,96,99" machi="67" ten="20,8000,1" yaku="1,1,0,1,7,1,52,1,54,1,53,0" doraHai="42" doraHaiUra="19" who="3" fromWho="3" sc="217,-21,279,-41,277,-21,217,93" /><INIT seed="2,0,0,4,5,106" ten="196,238,256,310" oya="2" hai0="88,72,70,99,118,54,128,49,12,37,57,126,116" hai1="115,131,38,4,77,79,62,108,13,44,6,16,107" hai2="46,8,86,110,20,104,66,82,80,96,35,32,75" hai3="27,21,92,67,122,74,134,112,41,130,53,71,85"/><V19/><F110/><W28/><G74/><T3/><D3/><U2/><E107/><V39/><F8/><W103/><G122/><T24/><D37/><U127/><E115/><V14/><F66/><W100/><G112/><T64/><D126/><U18/><E127/><V69/><F69/><W97/><G41/><T133/><D133/><U78/><E131/><V105/><F80/><W125/><G134/><T83/><D128/><U124/><E2/><V135/><F75/><W102/><G125/><T113/><D113/><U55/><E18/><V42/><F135/><W81/><G53/><T29/><D12/><U10/><E38/><V0/><F0/><W45/><G45/><T51/><D51/><N who="1" m="29159" /><E108/><V91/><F105/><W114/><G130/><T117/><D64/><U123/><E123/><V56/><F56/><W33/><G33/><T36/><D36/><U25/><E25/><V47/><F47/><W48/><G48/><T15/><D15/><U61/><E124/><V90/><F91/><W101/><G114/><T34/><D70/><U89/><E89/><V109/><REACH who="2" step="1"/><F109/><REACH who="2" ten="196,238,246,310" step="2"/><W50/><G71/><T22/><D88/><U65/><E65/><V5/><F5/><AGARI ba="0,1" hai="4,5,6,10,13,16,61,62,77,78,79" m="29159" machi="5" ten="30,2000,0" yaku="8,1,54,1" doraHai="106" who="1" fromWho="2" sc="196,0,238,30,246,-20,310,0" /><INIT seed="3,0,0,3,3,45" ten="196,268,226,310" oya="3" hai0="132,110,16,133,114,59,87,53,112,95,37,29,66" hai1="128,123,24,8,50,70,117,108,79,127,105,126,93" hai2="97,58,130,124,56,109,30,35,131,68,14,0,52" hai3="26,135,12,55,32,118,46,28,120,61,63,42,101"/><W73/><G118/><T9/><D37/><U82/><E105/><V47/><F0/><W38/><G120/><T49/><D110/><U19/><E70/><V78/><F68/><W22/><G73/><T60/><D29/><U65/><E65/><V94/><F109/><W98/><G135/><N who="0" m="51787" /><D95/><U7/><E123/><V20/><F124/><W44/><G12/><N who="0" m="7183" /><D87/><U1/><E108/><V72/><F35/><W41/><G55/><T74/><D74/><U69/><E93/><V102/><F78/><W33/><G32/><T129/><D129/><N who="2" m="49162" /><F72/><W99/><G33/><T34/><D34/><U39/><E39/><V13/><F13/><W62/><REACH who="3" step="1"/><G101/><REACH who="3" ten="196,268,226,300" step="2"/><T119/><D119/><U36/><E117/><V81/><F14/><W90/><G90/><T115/><D66/><U31/><E128/><V83/><F52/><W2/><G2/><T23/><D23/><U3/><E1/><V100/><F100/><W25/><G25/><T85/><D85/><U111/><E126/><V92/><F20/><W11/><G11/><T15/><D15/><U51/><E8/><V96/><F102/><W84/><G84/><T104/><D104/><U5/><E3/><V77/><F97/><W75/><G75/><T43/><D43/><U91/><E127/><V89/><F96/><W103/><G103/><T17/><D17/><U122/><E111/><V76/><F30/><W113/><G113/><T88/><D88/><U125/><E31/><V80/><F89/><W86/><G86/><T6/><D6/><U134/><E7/><V54/><F77/><W106/><G106/><T107/><D107/><RYUUKYOKU ba="0,1" sc="196,15,268,-15,226,-15,300,15" hai0="49,53,59,60,112,114,115" hai3="22,26,28,38,41,42,44,46,61,62,63,98,99" owari="211,-18.9,253,5.3,211,-28.9,325,42.5" /></mjloggm>