<mjloggm ver="2.3"><GO type="225" lobby="0"/><UN n0="%E7%89%B9%E6%9D%B1%E3%81%AF%E4%B8%96%E7%95%8C%E3%82%92%E6%95%91%E3%81%86" n1="%E5%91%A8%E6%9D%B1" n2="%E3%81%BF%E3%81%BF%E3%81%9A" n3="%E6%B4%BE%E9%81%A3%E3%81%AE%E3%82%B8%E3%83%A3%E3%83%83%E3%82%AF" dan="16,17,17,17" rate="2169.85,2166.78,2173.48,2190.96" sx="M,M,M,M"/><TAIKYOKU oya="0"/><INIT seed="0,0,0,3,0,11" ten="250,250,250,250" oya="0" hai0="113,86,40,112,119,29,110,16,80,8,50,63,41" hai1="75,25,102,92,24,125,73,4,90,13,111,5,27" hai2="44,134,115,133,43,98,89,28,51,128,85,45,105" hai3="1,38,81,135,49,99,107,9,82,54,109,126,62"/><T64/><D119/><U79/><E111/><V124/><F115/><W55/><G38/><T61/><D29/><U121/><E121/><V7/><F128/><W96/><G109/><T104/><D104/><U2/><E125/><V103/><F124/><W68/><G126/><T35/><D35/><U59/><E2/><V26/><F7/><W14/><G1/><T53/><D110/><U77/><E102/><V131/><F131/><W12/><G135/><N who="2" m="51721" /><F51/><W0/><G0/><T6/><D113/><U57/><E75/><V93/><F43/><N who="0" m="16458" /><D6/><N who="1" m="2667" /><E73/><V31/><F31/><W60/><G9/><T33/><D64/><U120/><E120/><V58/><F58/><N who="1" m="22025" /><E13/><N who="3" m="5226" /><G68/><T17/><D33/><AGARI ba="0,0" hai="26,28,33,44,45,85,89,93,98,103,105" m="51721" machi="33" ten="30,1000,0" yaku="20,1" doraHai="11" who="2" fromWho="0" sc="250,-10,250,0,250,10,250,0" /><INIT seed="1,0,0,0,0,40" ten="240,250,260,250" oya="1" hai0="105,56,33,39,106,22,114,5,20,66,118,43,79" hai1="88,53,34,73,19,71,135,26,113,62,59,126,7" hai2="60,61,10,24,13,77,64,36,55,110,35,103,87" hai3="83,37,76,51,133,123,85,14,72,111,50,109,134"/><U27/><E113/><V95/><F36/><W90/><G37/><T70/><D114/><U92/><E73/><V54/><F110/><N who="3" m="41995" /><G14/><T124/><D118/><U23/><E126/><V47/><F35/><W57/><G123/><T28/><D56/><U100/><E135/><N who="3" m="51722" /><G57/><T96/><D5/><U0/><E71/><V42/><F24/><W116/><G116/><T58/><D58/><U99/><E0/><V101/><F64/><W38/><G38/><T112/><D70/><U74/><E74/><V91/><F77/><W86/><G86/><T69/><D79/><U31/><REACH who="1" step="1"/><E7/><REACH who="1" ten="240,240,260,250" step="2"/><N who="2" m="3295" /><F60/><W128/><G128/><T1/><D69/><U4/><E4/><V102/><F61/><W11/><G11/><T78/><D112/><U15/><E15/><V6/><F6/><W84/><G72/><T45/><D1/><U63/><E63/><V98/><F87/><W81/><AGARI ba="0,1" hai="50,51,76,81,83,84,85,90" m="51722,41995" machi="81" ten="40,2700,0" yaku="14,1,20,1" doraHai="40" who="3" fromWho="3" sc="240,-7,240,-13,260,-7,250,37" /><INIT seed="2,0,0,0,5,111" ten="233,227,253,287" oya="2" hai0="112,34,126,108,99,100,127,88,8,114,58,1,125" hai1="113,49,65,9,132,124,84,89,44,131,17,93,73" hai2="42,76,95,133,129,40,45,119,128,123,120,19,26" hai3="118,59,134,50,52,67,98,30,135,97,13,107,60"/><V55/><F76/><W69/><G118/><T33/><D108/><U48/><E73/><V36/><F95/><W46/><G30/><T31/><D58/><U2/><E124/><V41/><F19/><W103/><G98/><T51/><D51/><U37/><E132/><N who="3" m="50730" /><G13/><T79/><D79/><U102/><E131/><N who="2" m="50251" /><F26/><W72/><G72/><T5/><D88/><U29/><E29/><V12/><F12/><W10/><G10/><T54/><D54/><U4/><E17/><V101/><F101/><W105/><G105/><N who="0" m="63647" /><D31/><U106/><E102/><V35/><F35/><AGARI ba="0,0" hai="1,5,8,33,34,35,112,114,125,126,127" m="63647" machi="35" ten="40,8000,1" yaku="18,1,23,1,52,2" doraHai="111" who="0" fromWho="2" sc="233,80,227,0,253,-80,287,0" /><INIT seed="3,0,0,5,2,48" ten="313,227,173,287" oya="3" hai0="83,81,35,49,79,98,129,67,110,36,102,24,121" hai1="108,40,95,41,88,13,107,123,61,44,4,76,30" hai2="17,70,53,45,8,103,39,65,128,0,73,118,93" hai3="62,29,57,72,117,12,59,122,22,5,69,3,23"/><W114/><G114/><T96/><D121/><U7/><E107/><V16/><F118/><W31/><G72/><T14/><D36/><U77/><E108/><V101/><F73/><W38/><G38/><T124/><D110/><U11/><E123/><V115/><F115/><W109/><G122/><T134/><D67/><U127/><E127/><V33/><F33/><W85/><G117/><T87/><D124/><U43/><E30/><V56/><F128/><W89/><G69/><T135/><D129/><U60/><E44/><V133/><F133/><W75/><G75/><T55/><D83/><U66/><E4/><V58/><F0/><W34/><G34/><T86/><D87/><U80/><E80/><V10/><F70/><W97/><G97/><T52/><D14/><U54/><E66/><V19/><F39/><W106/><G106/><N who="0" m="63815" /><D49/><U126/><E126/><V74/><F74/><W119/><G119/><T26/><D98/><N who="1" m="57703" /><E61/><N who="2" m="38055" /><F45/><W28/><G3/><T9/><D35/><U64/><E64/><V132/><F132/><W91/><G109/><T105/><D105/><U116/><E116/><V113/><F113/><W90/><G85/><T20/><D86/><U111/><E111/><V84/><F84/><W112/><G112/><T6/><D81/><U99/><E99/><N who="2" m="59631" /><F103/><W92/><G92/><T120/><D120/><U51/><E60/><AGARI ba="0,0" hai="8,10,16,17,19,53,58,60" m="59631,38055" machi="60" ten="30,3900,0" yaku="8,1,52,1,54,1" doraHai="48" who="2" fromWho="1" sc="313,0,227,-39,173,39,287,0" owari="313,41.3,188,-31.2,212,-18.8,287,8.7" /></mjloggm>