<mjloggm ver="2.3"><GO type="225" lobby="0"/><UN n0="%E3%83%A9%E3%83%BC%E3%83%A1%E3%83%B3%E4%BA%94%E9%83%8E" n1="%E5%B8%86%E7%AB%8B%E5%A4%8F%E8%A1%A3" n2="%E6%A1%9C%E8%8A%B1%E9%96%83%E3%80%85" n3="%E3%83%8F%E3%83%B3%E3%83%89%E3%83%A9%E3%83%BC%E3%83%BB%E3%83%AF%E3%83%B3" dan="16,17,17,17" rate="2154.33,2257.48,2193.51,2176.46" sx="M,M,M,M"/><TAIKYOKU oya="0"/><INIT seed="0,0,0,0,5,54" ten="250,250,250,250" oya="0" hai0="29,24,123,126,78,106,121,20,11,63,40,55,91" hai1="82,2,103,95,134,81,26,114,12,51,93,65,32" hai2="44,71,16,122,0,31,70,92,43,59,67,1,113" hai3="101,84,96,27,35,129,104,99,79,53,128,86,102"/><T68/><D106/><U90/><E2/><V61/><F122/><W88/><G35/><T17/><D126/><U127/><E134/><V116/><F113/><W13/><G27/><T110/><D78/><U28/><E127/><V112/><F112/><W36/><G36/><T80/><D40/><U107/><E114/><V15/><F31/><W74/><G13/><T77/><D110/><U18/><E65/><V85/><F116/><W94/><G53/><T72/><D91/><U58/><E107/><V87/><F0/><W83/><G86/><T3/><D68/><U45/><E58/><V48/><F1/><W132/><G132/><T76/><D76/><U5/><E5/><V52/><F92/><AGARI ba="0,0" hai="74,79,83,84,88,92,94,96,99,101,102,104,128,129" machi="92" ten="40,12000,2" yaku="24,2,34,3,54,1" doraHai="54" who="3" fromWho="2" sc="250,0,250,0,250,-120,250,120" /><INIT seed="1,0,0,4,1,20" ten="250,250,130,370" oya="1" hai0="98,23,31,99,71,66,38,63,46,42,35,58,48" hai1="80,104,51,106,134,25,75,129,18,37,124,40,91" hai2="131,6,83,109,87,82,56,33,70,123,90,5,103" hai3="114,3,95,133,45,113,61,89,19,15,9,122,21"/><U126/><E37/><V108/><F70/><W130/><G122/><T43/><D35/><U92/><E51/><V67/><F123/><W119/><G130/><T86/><D86/><U64/><E40/><V50/><F131/><W88/><G133/><T52/><REACH who="0" step="1"/><D43/><REACH who="0" ten="240,250,130,370" step="2"/><U118/><E129/><V111/><F33/><W112/><G112/><T10/><D10/><U55/><E134/><V135/><F135/><W28/><G9/><T100/><D100/><U120/><E120/><V39/><F103/><W94/><G114/><T13/><D13/><U12/><E12/><V2/><F2/><W65/><G15/><T79/><D79/><U53/><E75/><V36/><F83/><W41/><G3/><T30/><D30/><U11/><E80/><V32/><F32/><W105/><G28/><T1/><D1/><U74/><E11/><V24/><F82/><W121/><G41/><T132/><D132/><U22/><E74/><V44/><F87/><W117/><G113/><T102/><D102/><U8/><E8/><V77/><F77/><W69/><G121/><T17/><D17/><U125/><E118/><V101/><F101/><W127/><G19/><T115/><D115/><U59/><E106/><V93/><F108/><W4/><G105/><T57/><D57/><U34/><E104/><V78/><F78/><W7/><G119/><T14/><D14/><U107/><E107/><V16/><F111/><W54/><G117/><T96/><D96/><N who="1" m="57375" /><E34/><V110/><F110/><W29/><G29/><T81/><D81/><U60/><AGARI ba="0,1" hai="18,22,25,53,55,59,60,64,124,125,126" m="57375" machi="60" ten="40,3900,0" yaku="18,1,52,1" doraHai="20" who="1" fromWho="1" sc="240,-13,250,49,130,-13,370,-13" /><INIT seed="1,1,0,5,4,17" ten="227,299,117,357" oya="1" hai0="99,117,72,29,64,70,58,118,105,15,12,77,48" hai1="62,57,65,67,73,132,93,47,37,56,101,79,43" hai2="112,30,92,14,103,123,40,121,68,24,90,18,91" hai3="106,85,111,126,50,34,51,46,76,45,20,131,8"/><U89/><E132/><V28/><F68/><W124/><G34/><T109/><D109/><U133/><E133/><V84/><F112/><W2/><G106/><T33/><D48/><N who="3" m="18473" /><G111/><T10/><D58/><U66/><E101/><V88/><F40/><W6/><G131/><T38/><D38/><U97/><E73/><V98/><F30/><W49/><G49/><T95/><D15/><U39/><E79/><V115/><F115/><W114/><G20/><T75/><D118/><U5/><E39/><V71/><F71/><W16/><G16/><N who="0" m="8215" /><D95/><U128/><E128/><V108/><F108/><W116/><G116/><T31/><D31/><U63/><REACH who="1" step="1"/><E5/><REACH who="1" ten="227,289,117,357" step="2"/><V0/><F123/><W78/><G78/><T26/><D77/><U69/><E69/><V11/><F121/><W22/><G114/><T129/><D129/><U104/><E104/><V107/><REACH who="2" step="1"/><F0/><REACH who="2" ten="227,289,107,357" step="2"/><W135/><G2/><T125/><D117/><U3/><E3/><V61/><F61/><AGARI ba="1,2" hai="37,43,47,56,57,61,62,63,65,66,67,89,93,97" machi="61" ten="40,7700,0" yaku="1,1,53,2" doraHai="17" doraHaiUra="55" who="1" fromWho="2" sc="227,0,289,100,107,-80,357,0" /><INIT seed="1,2,0,5,5,56" ten="227,389,27,357" oya="1" hai0="29,84,114,69,72,59,28,110,21,14,42,132,53" hai1="99,74,107,81,78,57,80,30,24,89,15,129,9" hai2="31,88,115,5,12,79,77,123,117,76,134,38,73" hai3="40,45,127,97,95,18,44,62,111,55,93,27,90"/><U122/><E129/><V48/><F117/><W33/><G111/><T34/><D114/><U100/><E122/><V118/><F118/><W70/><G127/><T120/><D72/><U71/><E71/><V51/><F123/><W133/><G133/><T16/><D69/><U17/><E89/><V1/><F1/><W52/><G70/><T43/><D120/><U131/><E131/><V124/><F124/><W2/><G2/><T8/><D110/><U135/><E135/><V125/><F125/><W36/><G45/><T85/><D34/><U19/><E80/><V91/><F73/><W116/><G116/><T86/><D132/><U58/><REACH who="1" step="1"/><E19/><REACH who="1" ten="227,379,27,357" step="2"/><V66/><F134/><W7/><G18/><N who="0" m="8519" /><D29/><U35/><AGARI ba="2,1" hai="9,15,17,24,30,35,57,58,74,78,81,99,100,107" machi="35" ten="20,7800,0" yaku="1,1,0,1,7,1,53,1" doraHai="56" doraHaiUra="6" who="1" fromWho="1" sc="227,-28,379,94,27,-28,357,-28" owari="199,-20.1,473,57.3,-1,-50.1,329,12.9" /></mjloggm>