<mjloggm ver="2.3"><GO type="225" lobby="0"/><UN n0="%E6%B8%A9%E2%98%85%E6%83%85%E2%98%85%E6%8E%AA%E2%98%85%E7%BD%AE" n1="%63%68%78%62%64" n2="%72%69%6F%75%63%68%61%6E" n3="%E3%81%BD%E3%81%A1%E3%81%9F%E3%81%93%E3%82%84" dan="17,16,16,17" rate="2176.06,2107.53,2134.65,2208.01" sx="M,M,M,M"/><TAIKYOKU oya="0"/><INIT seed="0,0,0,3,0,67" ten="250,250,250,250" oya="0" hai0="14,10,75,120,119,12,35,93,129,3,66,74,30" hai1="8,115,55,71,133,17,78,39,128,41,124,95,0" hai2="76,135,29,48,92,7,121,132,73,4,111,99,69" hai3="112,42,62,46,45,104,83,63,64,116,108,127,113"/><T38/><D119/><U60/><E133/><N who="2" m="51275" /><F111/><W107/><G116/><T6/><D120/><U122/><E128/><V56/><F121/><W100/><G108/><T125/><D129/><U97/><E115/><V31/><F69/><W15/><G127/><T33/><D38/><U118/><E124/><V82/><F56/><W61/><G64/><T65/><D125/><U51/><E78/><V23/><F48/><W9/><G83/><T94/><D10/><U13/><E0/><V96/><F96/><W103/><G9/><T68/><D30/><N who="2" m="11274" /><F23/><W105/><G42/><T34/><D34/><U22/><E122/><V131/><F131/><W91/><G91/><AGARI ba="0,0" hai="4,7,73,76,82,91,92,99" m="11274,51275" machi="91" ten="30,1000,0" yaku="20,1" doraHai="67" who="2" fromWho="3" sc="250,0,250,0,250,10,250,-10" /><INIT seed="1,0,0,0,4,106" ten="250,250,260,240" oya="1" hai0="134,100,15,52,92,116,104,68,73,93,121,0,84" hai1="53,9,65,82,122,7,97,17,38,4,50,45,62" hai2="42,27,103,91,90,75,49,60,14,88,24,123,124" hai3="31,66,96,119,13,63,18,55,16,26,99,46,78"/><U41/><E122/><V125/><F123/><W128/><G128/><T133/><D0/><U54/><E97/><V56/><F75/><W25/><G78/><T118/><D121/><U22/><E9/><V79/><F79/><W89/><G119/><T8/><D68/><U1/><E1/><V76/><F76/><W32/><G25/><T113/><D113/><U101/><E82/><V48/><F103/><W64/><G18/><T10/><D104/><U80/><E80/><V20/><F14/><W59/><G46/><T43/><D43/><U72/><E101/><V33/><F33/><W132/><G132/><N who="0" m="50795" /><D100/><U51/><E72/><V19/><F27/><W131/><G131/><T129/><D73/><U2/><E2/><V39/><F39/><W81/><G99/><T37/><D37/><U120/><E120/><V98/><F98/><W115/><G115/><T3/><D3/><U69/><E50/><V94/><F94/><N who="0" m="36458" /><D84/><U11/><E11/><N who="0" m="4137" /><D15/><U23/><E53/><V36/><F36/><W57/><G96/><T58/><D129/><U85/><E85/><V47/><REACH who="2" step="1"/><F48/><AGARI ba="0,0" hai="48,52,58,116,118" m="4137,36458,50795" machi="48" ten="30,2000,0" yaku="20,1,54,1" doraHai="106" who="0" fromWho="2" sc="250,20,250,0,260,-20,240,0" /><INIT seed="2,0,0,0,1,19" ten="270,250,240,240" oya="2" hai0="0,78,73,68,18,34,124,71,89,5,2,77,22" hai1="93,32,118,82,12,33,104,112,44,43,25,46,128" hai2="76,47,72,100,111,13,101,120,103,6,60,97,64" hai3="125,41,39,63,102,126,62,108,35,56,81,110,86"/><V95/><F120/><W132/><G35/><T87/><D34/><U4/><E104/><V31/><F111/><N who="3" m="42539" /><G102/><T70/><D124/><N who="3" m="47721" /><G132/><T66/><D66/><U54/><E128/><V107/><F107/><W135/><G135/><T27/><D73/><U53/><E112/><V59/><F31/><W48/><G39/><T28/><D28/><U57/><E118/><V117/><F117/><W58/><G86/><T90/><D90/><U98/><E82/><V11/><REACH who="2" step="1"/><F47/><REACH who="2" ten="270,250,230,240" step="2"/><N who="3" m="25711" /><G81/><AGARI ba="0,1" hai="6,11,13,59,60,64,72,76,81,95,97,100,101,103" machi="81" ten="40,3900,0" yaku="1,1,53,1" doraHai="19" doraHaiUra="88" who="2" fromWho="3" sc="270,0,250,0,230,49,240,-39" /><INIT seed="2,1,0,4,2,31" ten="270,250,279,201" oya="2" hai0="6,56,71,55,67,42,116,21,2,87,79,130,85" hai1="19,70,86,14,11,68,99,22,129,96,53,43,105" hai2="44,27,132,72,15,47,61,94,69,37,82,84,101" hai3="89,135,30,114,17,57,23,97,104,33,78,26,118"/><V102/><F132/><W103/><G118/><T92/><D116/><U95/><E129/><V35/><F72/><W54/><G135/><T25/><D130/><U112/><E112/><V121/><F121/><W32/><G114/><T64/><D71/><U106/><E43/><V74/><F74/><W5/><G78/><T65/><D42/><U59/><E86/><V100/><F37/><W131/><G131/><T63/><D79/><U38/><E38/><V24/><F94/><W13/><G89/><T60/><D60/><U34/><E34/><V41/><F15/><W8/><REACH who="3" step="1"/><G30/><REACH who="3" ten="270,250,279,191" step="2"/><T83/><D83/><U127/><E127/><V20/><F82/><W88/><G88/><T48/><D87/><U109/><E109/><V126/><F84/><W117/><G117/><T52/><D85/><U51/><E96/><V76/><F76/><W93/><G93/><T107/><D92/><U10/><E95/><V7/><F126/><W123/><G123/><T9/><D107/><U98/><E99/><V29/><F102/><W12/><G12/><T40/><D2/><U39/><E98/><V81/><F81/><W133/><G133/><T134/><D134/><U124/><E106/><V18/><F101/><W62/><AGARI ba="1,1" hai="5,8,13,17,23,26,32,33,54,57,62,97,103,104" machi="62" ten="20,12000,2" yaku="1,1,0,1,7,1,52,2,53,1" doraHai="31" doraHaiUra="1" who="3" fromWho="3" sc="270,-31,250,-31,279,-61,191,133" /><INIT seed="3,0,0,3,2,44" ten="239,219,218,324" oya="3" hai0="135,43,36,76,85,56,115,129,65,39,114,119,124" hai1="35,62,131,46,94,82,118,68,29,40,50,18,52" hai2="83,127,99,4,123,121,0,21,67,106,104,66,107" hai3="79,101,97,55,134,15,20,90,3,47,54,77,57"/><W63/><G3/><T1/><D119/><U78/><E131/><V38/><F127/><W12/><G90/><T132/><D1/><U126/><E126/><V125/><F125/><W10/><G134/><N who="0" m="51243" /><D124/><U73/><E118/><V24/><F38/><N who="0" m="14378" /><D43/><U105/><E105/><N who="2" m="26883" /><V100/><DORA hai="17" /><F83/><W45/><G20/><T30/><D30/><U116/><E116/><V103/><F4/><N who="3" m="3143" /><G15/><T51/><D129/><U86/><E18/><N who="2" m="12343" /><F0/><W37/><G37/><T109/><D109/><U96/><E73/><V23/><F23/><W7/><G7/><T69/><D69/><U84/><E84/><V80/><F80/><W8/><G8/><T2/><D2/><U92/><E68/><V25/><F25/><W128/><G128/><T6/><D6/><U71/><E71/><V19/><F19/><W70/><G70/><T122/><D115/><U74/><E74/><V49/><F49/><N who="3" m="28975" /><G47/><T93/><D114/><U32/><E29/><V41/><F41/><W91/><G101/><N who="2" m="38985" /><F99/><W26/><G26/><T120/><D76/><U60/><E96/><V53/><F53/><W130/><G130/><T9/><D9/><U75/><E75/><V5/><F5/><W110/><G79/><T108/><D108/><U81/><E81/><V31/><F31/><W64/><G77/><T102/><D102/><U33/><E40/><V42/><F42/><W59/><G110/><T133/><N who="0" m="51251" /><T88/><DORA hai="28" /><D65/><U98/><E98/><V27/><F27/><W89/><G97/><T58/><D58/><U112/><E112/><V11/><F11/><W16/><G59/><T113/><D113/><RYUUKYOKU ba="0,0" sc="239,10,219,10,218,10,324,-30" hai0="51,56,85,88,93,120,122" hai1="32,33,35,46,50,52,60,62,78,82,86,92,94" hai2="66,67,121,123" /><INIT seed="4,1,0,2,4,89" ten="249,229,228,294" oya="0" hai0="131,41,37,113,130,20,25,35,24,126,115,86,76" hai1="61,122,16,117,81,10,132,9,59,90,36,80,29" hai2="50,19,107,52,127,43,1,38,104,48,56,84,40" hai3="6,44,112,21,98,95,8,69,64,72,18,17,74"/><T125/><D37/><U27/><E36/><V123/><F123/><W65/><G112/><N who="0" m="43083" /><D41/><N who="2" m="15946" /><F1/><W12/><G44/><T135/><D76/><U103/><E122/><V67/><F38/><W47/><G47/><T105/><D105/><U3/><E117/><V70/><F104/><W15/><G6/><T11/><D86/><U7/><E132/><V60/><F107/><W87/><G87/><T106/><D106/><U62/><E103/><V99/><F84/><W23/><G8/><T93/><D93/><U133/><E133/><V128/><F99/><W120/><G120/><T77/><D77/><U94/><E61/><N who="2" m="40303" /><F19/><W28/><G28/><N who="0" m="19855" /><D11/><U134/><E134/><V63/><F128/><N who="0" m="49194" /><D135/><U88/><E10/><V118/><F118/><W101/><G69/><T111/><D111/><U85/><E16/><AGARI ba="1,0" hai="16,20,24,125,126" m="49194,19855,43083" machi="16" ten="30,12000,1" yaku="15,1,19,1,34,2,54,1" doraHai="89" who="0" fromWho="1" sc="249,123,229,-123,228,0,294,0" owari="372,47.2,106,-39.4,228,-17.2,294,9.4" /></mjloggm>