<mjloggm ver="2.3"><GO type="225" lobby="0"/><UN n0="%E3%81%94%E3%81%BE%E6%B2%B9%E9%A3%B2%E3%81%BF%E5%A4%AA%E9%83%8E" n1="%E5%91%A8%E6%9D%B1" n2="%E3%81%AF%E3%82%88%E3%81%8A%E3%81%98%E3%81%95%E3%82%93" n3="%E6%97%A5%E6%9B%9C%E6%97%A5%E3%82%88%E3%82%8A%E3%81%AE%E4%BD%BF%E8%80%85" dan="16,17,17,16" rate="2081.67,2123.27,2140.13,2137.66" sx="M,M,M,M"/><TAIKYOKU oya="0"/><INIT seed="0,0,0,3,3,126" ten="250,250,250,250" oya="0" hai0="68,19,93,63,86,94,75,73,70,67,123,118,60" hai1="41,22,103,80,2,115,61,5,69,88,21,1,37" hai2="81,99,25,112,121,48,10,42,9,97,101,17,106" hai3="111,14,8,102,114,125,52,59,43,78,92,49,40"/><T36/><D118/><U47/><E115/><V13/><F121/><W128/><G114/><T90/><D36/><U16/><E103/><V85/><F112/><W38/><G125/><T50/><D50/><U57/><E69/><V46/><F97/><N who="3" m="59687" /><G38/><T6/><D123/><U58/><E22/><V117/><F117/><W109/><G78/><T56/><D6/><U95/><E80/><V132/><F132/><W108/><G128/><T18/><D56/><U20/><E20/><V34/><F25/><W96/><G96/><T7/><D7/><AGARI ba="0,0" hai="7,8,14,40,43,49,52,59,108,109,111" m="59687" machi="7" ten="30,2000,0" yaku="14,1,54,1" doraHai="126" who="3" fromWho="0" sc="250,-20,250,0,250,0,250,20" /><INIT seed="1,0,0,2,4,32" ten="230,250,250,270" oya="1" hai0="122,98,31,34,24,29,83,76,95,133,61,84,91" hai1="54,20,36,118,23,77,121,68,18,112,81,48,37" hai2="127,117,96,56,26,5,105,9,80,59,8,30,116" hai3="14,4,17,42,49,44,1,90,87,15,124,126,3"/><U35/><E35/><V45/><F127/><N who="3" m="48683" /><G4/><T130/><D130/><U43/><E112/><V106/><F45/><W108/><G108/><T123/><D31/><U53/><E68/><V104/><F96/><W114/><G114/><T75/><D133/><U10/><E118/><V86/><F116/><W107/><G107/><T97/><REACH who="0" step="1"/><D61/><REACH who="0" ten="220,250,250,270" step="2"/><U111/><E111/><V63/><F117/><W12/><G17/><T135/><D135/><U70/><E18/><V2/><F63/><W33/><G33/><T113/><D113/><U119/><E119/><V69/><F30/><W72/><G72/><T100/><D100/><U93/><E121/><AGARI ba="0,1" hai="24,29,34,75,76,83,84,91,95,97,98,121,122,123" machi="121" ten="40,2600,0" yaku="1,1,13,1,53,0" doraHai="32" doraHaiUra="109" who="0" fromWho="1" sc="220,36,250,-26,250,0,270,0" /><INIT seed="2,0,0,1,2,132" ten="256,224,250,270" oya="2" hai0="127,53,43,0,90,114,17,12,97,38,44,107,34" hai1="103,60,85,63,112,7,46,70,54,8,40,65,36" hai2="59,15,131,86,51,48,68,35,41,104,49,83,56" hai3="71,125,20,118,37,24,22,133,84,81,116,66,115"/><V42/><F68/><W39/><G66/><T13/><D0/><U52/><E112/><V4/><F104/><W120/><G71/><T102/><D114/><U124/><E124/><V25/><F131/><W5/><G5/><T75/><D34/><U109/><E109/><V31/><F4/><W73/><G73/><T26/><D75/><U96/><E85/><V77/><F15/><W45/><G115/><T129/><D129/><U74/><E63/><V11/><F11/><W1/><G1/><T95/><D53/><U82/><E82/><V6/><F6/><W113/><G113/><T135/><D135/><U128/><E74/><V130/><F130/><W93/><G93/><T61/><D61/><U122/><E122/><V3/><F3/><W111/><G133/><T126/><D26/><U117/><E117/><V2/><F2/><W18/><G120/><T19/><D13/><U14/><REACH who="1" step="1"/><E128/><REACH who="1" ten="256,214,250,270" step="2"/><V69/><F69/><W106/><G111/><T23/><REACH who="0" step="1"/><D19/><REACH who="0" ten="246,214,250,270" step="2"/><U105/><AGARI ba="0,2" hai="7,8,14,36,40,46,52,54,60,65,70,96,103,105" machi="105" ten="20,12000,2" yaku="1,1,2,1,0,1,7,1,54,1,53,1" doraHai="132" doraHaiUra="100" who="1" fromWho="1" sc="246,-30,214,140,250,-60,270,-30" /><INIT seed="3,0,0,5,3,70" ten="216,354,190,240" oya="3" hai0="108,116,31,60,62,24,3,121,29,33,48,20,73" hai1="58,127,42,84,77,65,61,112,67,71,36,1,79" hai2="46,114,122,64,118,37,25,53,72,69,78,38,21" hai3="41,5,17,75,49,96,135,103,133,19,35,7,88"/><W74/><G35/><T12/><D116/><U115/><E1/><V92/><F114/><W124/><G49/><T34/><D121/><U106/><E106/><V50/><F118/><W113/><G41/><T57/><D3/><U18/><E127/><V97/><F122/><W26/><G113/><T86/><D73/><U68/><E18/><N who="3" m="6666" /><G26/><T8/><D31/><U14/><E14/><V81/><F64/><W27/><G27/><T105/><D105/><U89/><E67/><V30/><F69/><W111/><G103/><AGARI ba="0,0" hai="21,25,30,37,38,46,50,53,72,78,81,92,97,103" machi="103" ten="30,3900,0" yaku="7,1,52,2" doraHai="70" who="2" fromWho="3" sc="216,0,354,0,190,39,240,-39" owari="216,-18.4,354,45.4,229,2.9,201,-29.9" /></mjloggm>