<mjloggm ver="2.3"><GO type="225" lobby="0"/><UN n0="%E3%81%8B%E3%82%8F%E3%81%A1%E3%82%83%E3%82%93%35%38" n1="%E3%82%BC%E3%83%AB%E3%83%80%E3%81%AE%E4%BC%9D%E8%AA%AC" n2="%E3%81%99%E3%83%BC%5F%E9%88%B4%E6%9C%A8%E6%B5%A9%E5%B9%B3" n3="%E3%83%A9%E3%82%B9%E7%8E%87%EF%BC%93%E5%89%B2" dan="16,17,16,17" rate="2167.02,2141.23,2086.69,2198.07" sx="M,M,M,F"/><TAIKYOKU oya="0"/><INIT seed="0,0,0,0,3,92" ten="250,250,250,250" oya="0" hai0="9,85,120,30,127,102,100,74,124,75,87,103,5" hai1="60,69,59,83,23,27,21,105,16,118,13,45,110" hai2="8,112,97,77,1,65,25,68,82,117,39,47,128" hai3="129,61,93,108,50,119,52,80,36,66,98,76,34"/><T40/><D40/><U126/><E118/><V29/><F112/><W125/><G119/><T121/><D30/><U49/><E110/><V53/><F117/><W64/><G108/><T134/><D9/><U90/><E69/><V130/><F68/><W32/><G129/><N who="2" m="49769" /><F65/><W67/><G125/><N who="0" m="48203" /><D5/><U43/><E105/><V18/><F97/><W86/><G36/><T111/><D111/><U101/><E101/><V132/><F132/><W10/><G10/><T19/><D19/><U56/><E126/><V37/><F47/><W113/><G113/><T0/><D0/><U104/><E104/><V78/><F53/><W33/><G61/><T71/><D71/><U6/><E6/><N who="2" m="1103" /><F18/><W41/><G41/><T94/><D134/><U72/><E60/><V48/><F48/><W44/><REACH who="3" step="1"/><G66/><REACH who="3" ten="250,250,250,240" step="2"/><T55/><D55/><U116/><E116/><V95/><F37/><W51/><G51/><T26/><D121/><U3/><E3/><V42/><F39/><W22/><G22/><T46/><D120/><U54/><E54/><V123/><F42/><W96/><G96/><T88/><D85/><N who="1" m="50495" /><E72/><N who="0" m="27689" /><D46/><U38/><E38/><V63/><F123/><W84/><G84/><T91/><D91/><AGARI ba="0,1" hai="32,33,34,44,50,52,64,67,76,80,86,91,93,98" machi="91" ten="40,5200,0" yaku="1,1,52,1,54,1,53,0" doraHai="92" doraHaiUra="107" who="3" fromWho="0" sc="250,-52,250,0,250,0,240,62" /><INIT seed="1,0,0,3,3,86" ten="198,250,250,302" oya="1" hai0="80,110,46,92,14,132,43,34,62,69,114,121,4" hai1="65,5,127,10,119,55,103,107,9,90,76,52,64" hai2="125,50,99,85,72,59,40,81,124,84,35,61,100" hai3="60,56,115,113,42,95,17,24,101,23,93,39,105"/><U68/><E119/><V71/><F35/><W3/><G3/><T63/><D34/><U77/><E127/><N who="2" m="48715" /><F71/><W20/><G105/><T7/><D114/><U44/><E107/><N who="2" m="63903" /><F72/><W134/><G134/><T83/><D132/><U108/><E103/><V82/><F40/><W135/><G135/><T131/><D131/><U58/><E108/><V32/><F50/><W123/><G123/><T88/><D110/><U25/><E68/><V91/><F32/><W96/><G95/><T79/><D121/><U6/><E58/><V129/><F129/><W67/><G42/><T89/><D69/><U11/><E25/><V70/><F70/><W111/><G39/><T48/><D89/><U78/><E90/><N who="2" m="51471" /><F59/><W57/><G56/><T51/><D51/><U112/><E112/><V26/><F26/><W106/><G111/><T45/><D45/><U73/><E73/><V98/><F61/><N who="0" m="23050" /><D79/><U117/><E117/><V36/><F36/><W41/><G41/><T18/><D80/><U74/><E74/><V31/><F31/><N who="3" m="17799" /><G106/><T0/><D83/><U29/><E29/><V133/><F133/><W30/><G30/><T54/><D43/><U47/><E10/><V128/><F128/><W38/><G38/><T109/><D109/><U104/><E78/><V75/><F75/><W118/><G118/><T87/><D0/><U102/><E104/><V8/><F8/><AGARI ba="0,0" hai="4,7,8,14,18,46,48,54,87,88,92" m="23050" machi="8" ten="30,3900,0" yaku="8,1,52,1,54,1" doraHai="86" who="0" fromWho="2" sc="198,39,250,0,250,-39,302,0" /><INIT seed="2,0,0,4,3,51" ten="237,250,211,302" oya="2" hai0="54,123,30,53,27,22,64,95,24,75,41,133,60" hai1="86,103,52,114,110,32,121,111,89,131,40,118,79" hai2="2,109,115,80,19,26,77,62,105,87,48,135,96" hai3="55,125,13,92,116,58,82,3,128,72,120,113,98"/><V134/><F115/><W6/><G3/><T91/><D123/><U68/><E114/><V9/><F109/><N who="1" m="41481" /><E118/><V124/><F124/><W63/><G128/><T130/><D130/><U44/><E131/><V106/><F62/><W15/><G116/><T28/><D75/><U10/><E121/><V16/><F2/><W1/><G125/><T83/><D83/><U61/><E32/><V69/><F69/><W93/><G93/><T47/><D133/><N who="2" m="50698" /><F96/><W36/><G36/><T0/><D0/><U85/><E103/><V42/><F26/><W57/><G1/><T73/><D73/><U78/><E10/><V11/><F11/><W50/><G6/><T70/><D95/><N who="1" m="54703" /><E86/><V59/><F42/><W90/><G113/><T25/><D91/><U17/><E17/><N who="2" m="6731" /><F9/><W76/><REACH who="3" step="1"/><G120/><REACH who="3" ten="237,250,211,292" step="2"/><T45/><D27/><U31/><E68/><V104/><F104/><W71/><G71/><T34/><REACH who="0" step="1"/><D45/><REACH who="0" ten="227,250,211,292" step="2"/><U122/><E122/><V117/><F117/><W94/><G94/><T38/><AGARI ba="0,2" hai="22,24,25,28,30,34,38,41,47,53,54,60,64,70" machi="38" ten="20,12000,2" yaku="1,1,2,1,0,1,7,1,52,2,53,0" doraHai="51" doraHaiUra="126" who="0" fromWho="0" sc="227,140,250,-30,211,-60,292,-30" /><INIT seed="3,0,0,4,5,126" ten="367,220,151,262" oya="3" hai0="92,113,59,46,90,75,37,100,54,11,45,15,53" hai1="1,63,129,120,123,106,79,61,44,30,20,38,93" hai2="89,67,78,36,9,4,109,0,25,43,10,86,60" hai3="87,130,51,81,7,13,131,82,34,101,33,103,85"/><W76/><G51/><T52/><D75/><U72/><E93/><V62/><F109/><W73/><G7/><T122/><D122/><U26/><E106/><V88/><F10/><W128/><G13/><T23/><D113/><U6/><E61/><V3/><F3/><W127/><G127/><T21/><D100/><N who="3" m="38473" /><G73/><T40/><D59/><U99/><E99/><V107/><F107/><W22/><G22/><N who="0" m="8203" /><D37/><U35/><E63/><V28/><F62/><W80/><G80/><T125/><D125/><U55/><E55/><V114/><F114/><W97/><G97/><N who="0" m="57495" /><D40/><N who="1" m="22551" /><E20/><V27/><F36/><W121/><G121/><T108/><D108/><U134/><E123/><V133/><F43/><W111/><G111/><T91/><D91/><AGARI ba="0,0" hai="33,34,76,81,82,85,87,91,128,130,131" m="38473" machi="91" ten="30,11600,0" yaku="19,1,52,3" doraHai="126" who="3" fromWho="0" sc="367,-116,220,0,151,0,262,116" owari="251,5.1,220,-18.0,151,-34.9,378,47.8" /></mjloggm>