<mjloggm ver="2.3"><GO type="225" lobby="0"/><UN n0="%E6%97%A5%E6%9B%9C%E6%97%A5%E3%82%88%E3%82%8A%E3%81%AE%E4%BD%BF%E8%80%85" n1="%72%65%6E%6B%75%6E" n2="%E3%82%8F%E3%81%8B%E3%81%B0%2A%E3%82%AC%E3%83%BC%E3%83%AB" n3="%E3%81%AD%E3%82%80%E3%81%84%40%E9%9B%80%E9%B3%B4%E4%BC%9A" dan="17,17,16,16" rate="2179.80,2193.47,2196.12,2198.99" sx="M,M,M,F"/><TAIKYOKU oya="0"/><INIT seed="0,0,0,5,3,120" ten="250,250,250,250" oya="0" hai0="2,43,86,127,133,73,134,64,5,31,122,128,33" hai1="90,81,36,135,97,6,110,99,76,35,74,17,26" hai2="102,79,28,132,82,85,48,7,21,58,56,72,41" hai3="12,63,14,1,91,38,50,114,83,101,42,112,60"/><T68/><D122/><U8/><E135/><N who="0" m="51721" /><D73/><U51/><E36/><V125/><F132/><W69/><G1/><T61/><D127/><U96/><E51/><V108/><F125/><W39/><G101/><T109/><D128/><U126/><E126/><V104/><F72/><W84/><G50/><T10/><D43/><U105/><E90/><V88/><F7/><W100/><G100/><T129/><D86/><U98/><E110/><V57/><F108/><W130/><G130/><T93/><D93/><U52/><E105/><V70/><F70/><W49/><G49/><T45/><D45/><U66/><E66/><V46/><F104/><W59/><G69/><T37/><D37/><N who="3" m="13833" /><G42/><T106/><D106/><U78/><E78/><V75/><F102/><W24/><G63/><T30/><D129/><U111/><E111/><V89/><F75/><W22/><G60/><T95/><D109/><U62/><E17/><V32/><F32/><W27/><G59/><T131/><D131/><U71/><E71/><V116/><F116/><W9/><G112/><T123/><D123/><U15/><N who="1" m="24576" /><DORA hai="65" /><U4/><E4/><V103/><F103/><W53/><G114/><T115/><D115/><U20/><E35/><V117/><F117/><W67/><G91/><T13/><D33/><U87/><E74/><V107/><F107/><W29/><G84/><T54/><D95/><U113/><E113/><V0/><F0/><W92/><G92/><T77/><D77/><U40/><E40/><V47/><F47/><W94/><G94/><T119/><D119/><U3/><E76/><V19/><F28/><RYUUKYOKU ba="0,0" sc="250,-10,250,-10,250,30,250,-10" hai2="19,21,41,46,48,56,57,58,79,82,85,88,89" /><INIT seed="1,1,0,1,4,134" ten="240,240,280,240" oya="1" hai0="57,100,67,43,120,107,86,80,99,24,44,110,81" hai1="116,37,126,123,36,104,5,114,62,4,11,13,45" hai2="56,93,121,108,17,113,105,63,132,32,78,48,91" hai3="89,98,0,97,72,49,42,118,39,124,129,53,103"/><U112/><E104/><V35/><F121/><W54/><G0/><T19/><D110/><U1/><E123/><V131/><F105/><W40/><G72/><T60/><D120/><U2/><E116/><V23/><F132/><W133/><G133/><T85/><D81/><U135/><E135/><V58/><F108/><W7/><G7/><T66/><D66/><U69/><E13/><V95/><F131/><W16/><G118/><T14/><D24/><U41/><E37/><V31/><F78/><W27/><G129/><T65/><D65/><N who="1" m="41143" /><E126/><V125/><F125/><W92/><G39/><T73/><D73/><U117/><E117/><V115/><F48/><W55/><G124/><T21/><REACH who="0" step="1"/><D80/><REACH who="0" ten="230,240,280,240" step="2"/><U59/><E59/><V128/><F56/><W79/><G79/><T102/><D102/><U127/><E127/><V82/><F82/><W101/><G103/><T20/><D20/><U61/><E61/><V83/><F83/><W71/><G71/><T46/><D46/><U6/><E112/><V74/><F74/><W29/><G101/><T22/><D22/><U8/><E114/><V52/><F113/><W30/><G92/><T76/><D76/><U75/><E75/><V9/><F115/><W90/><G27/><T77/><D77/><U18/><E1/><V51/><F95/><W12/><G90/><T119/><D119/><U47/><E47/><V3/><F3/><W68/><G89/><T28/><D28/><U70/><E70/><V130/><F31/><W50/><G68/><T64/><D64/><U88/><E88/><V94/><F91/><W84/><G30/><RYUUKYOKU ba="1,1" sc="230,15,240,15,280,-15,240,-15" hai0="14,19,21,43,44,57,60,67,85,86,99,100,107" hai1="2,4,5,6,8,11,18,36,41,45" /><INIT seed="1,2,1,4,2,21" ten="245,255,265,225" oya="1" hai0="59,39,9,132,126,112,25,58,26,106,92,127,118" hai1="64,110,41,56,46,17,91,31,60,79,23,28,44" hai2="114,54,90,3,48,86,45,13,99,125,122,82,89" hai3="77,55,104,0,131,29,62,124,70,71,94,67,8"/><U34/><E34/><V10/><F122/><W69/><G104/><T98/><D106/><U72/><E110/><V4/><F125/><N who="0" m="47626" /><D112/><U119/><E119/><V38/><F38/><W12/><G124/><T115/><D115/><U80/><E91/><V74/><F114/><W113/><G113/><T43/><D118/><U123/><E123/><V73/><F3/><W133/><G0/><T102/><D132/><U22/><E22/><V66/><F66/><W6/><G131/><T87/><D9/><U30/><REACH who="1" step="1"/><E41/><REACH who="1" ten="245,245,265,225" step="2"/><V52/><REACH who="2" step="1"/><F54/><REACH who="2" ten="245,245,255,225" step="2"/><W37/><G55/><T120/><D120/><U116/><E116/><V117/><F117/><W108/><G108/><T78/><D43/><U15/><AGARI ba="2,3" hai="15,17,23,28,30,31,44,46,56,60,64,72,79,80" machi="15" ten="30,6000,0" yaku="1,1,0,1,53,1" doraHai="21" doraHaiUra="75" who="1" fromWho="1" sc="245,-22,245,96,255,-22,225,-22" /><INIT seed="1,3,0,1,0,51" ten="223,341,233,203" oya="1" hai0="45,31,83,129,58,120,69,79,8,42,107,54,61" hai1="5,47,90,127,59,105,85,81,97,71,30,10,62" hai2="21,93,74,29,86,25,14,34,123,22,40,95,13" hai3="9,91,3,73,12,80,100,84,6,11,134,38,111"/><U53/><E127/><V112/><F123/><W70/><G111/><T72/><D129/><U126/><E126/><V26/><F74/><W44/><G134/><T104/><D120/><U110/><E110/><V37/><F112/><W1/><G70/><T82/><D31/><U109/><E109/><V67/><F67/><W102/><G73/><T75/><D69/><U108/><E108/><V57/><F37/><W99/><G102/><T0/><D75/><U4/><E71/><V94/><F40/><W7/><G38/><N who="0" m="21719" /><D83/><U92/><E105/><V128/><F128/><W114/><G44/><T2/><D2/><U122/><E122/><V117/><F117/><W78/><G114/><T56/><D56/><U106/><E106/><V119/><F119/><W124/><G124/><T98/><D98/><U48/><E10/><V28/><F34/><W76/><REACH who="3" step="1"/><G12/><REACH who="3" ten="223,341,233,193" step="2"/><T96/><D96/><U15/><E15/><V121/><F121/><W52/><G52/><T16/><D16/><U125/><E125/><V60/><F86/><W133/><G133/><T132/><D132/><U113/><E113/><V32/><F13/><W135/><G135/><T46/><D46/><U27/><E30/><V116/><F116/><W36/><G36/><T39/><D39/><U64/><REACH who="1" step="1"/><E27/><REACH who="1" ten="223,331,233,193" step="2"/><V24/><F14/><W65/><G65/><T17/><D17/><U130/><E130/><V101/><F25/><W20/><G20/><T77/><D0/><U66/><E66/><N who="2" m="39183" /><F32/><W131/><G131/><T35/><D35/><U87/><E87/><V19/><F29/><W115/><G115/><T49/><D72/><RYUUKYOKU ba="3,2" sc="223,-30,331,10,233,10,193,10" hai1="4,5,47,48,53,59,62,64,81,85,90,92,97" hai2="19,21,22,24,26,28,93,94,95,101" hai3="1,3,6,7,9,11,76,78,80,84,91,99,100" /><INIT seed="1,4,2,5,0,95" ten="193,341,243,203" oya="1" hai0="55,119,33,6,11,108,70,131,64,71,98,9,63" hai1="60,91,59,97,20,2,67,134,0,104,40,106,122" hai2="57,116,35,32,101,105,100,112,96,72,90,23,14" hai3="5,44,129,80,114,128,135,7,24,130,86,41,75"/><U113/><E113/><V102/><F116/><W28/><G75/><T65/><D119/><U36/><E122/><V74/><F112/><W85/><G135/><T61/><D33/><U15/><E134/><V54/><F32/><N who="3" m="20487" /><G114/><T121/><D108/><U25/><E15/><V115/><F35/><W8/><G80/><T84/><D131/><N who="3" m="33537" /><W17/><DORA hai="94" /><G17/><T38/><D38/><U93/><E40/><V88/><F115/><W83/><G83/><T132/><D132/><U51/><E51/><V117/><F117/><W3/><G7/><T42/><D121/><U30/><REACH who="1" step="1"/><E36/><AGARI ba="4,2" hai="3,5,8,36,41,44,85,86" m="33537,20487" machi="36" ten="40,1300,0" yaku="19,1" doraHai="95,94" who="3" fromWho="1" sc="193,0,341,-25,243,0,203,45" /><INIT seed="2,0,0,3,5,93" ten="193,316,243,248" oya="2" hai0="43,104,120,7,45,57,42,0,71,16,102,75,86" hai1="44,59,46,80,15,103,22,12,31,98,118,124,96" hai2="134,53,69,34,99,109,8,125,111,82,24,35,54" hai3="48,41,113,26,122,14,2,18,21,5,133,10,105"/><V88/><F125/><W51/><G122/><T129/><D120/><U37/><E118/><V108/><F134/><W95/><G105/><T39/><D75/><U20/><E124/><V4/><F69/><W97/><G133/><T49/><D71/><U1/><E1/><V70/><F70/><W87/><G113/><T64/><D129/><U132/><E132/><V38/><F38/><W135/><G135/><T28/><D28/><U131/><E37/><V114/><F114/><W66/><G66/><T78/><D7/><U117/><E117/><V77/><F77/><W63/><G63/><T30/><D30/><U73/><E59/><V52/><F24/><W55/><G87/><T89/><D0/><U91/><E73/><V84/><F99/><N who="1" m="37929" /><E103/><V110/><F110/><W92/><G92/><T79/><D102/><U36/><E36/><V130/><F130/><W3/><G41/><T116/><D104/><U72/><E72/><V60/><F60/><W90/><REACH who="3" step="1"/><G51/><REACH who="3" ten="193,316,243,238" step="2"/><T126/><D116/><U9/><E131/><V65/><F65/><W47/><AGARI ba="0,1" hai="2,3,5,10,14,18,21,26,47,48,55,90,95,97" machi="47" ten="20,8000,1" yaku="1,1,2,1,0,1,7,1,52,1,53,0" doraHai="93" doraHaiUra="107" who="3" fromWho="3" sc="193,-20,316,-20,243,-40,238,90" /><INIT seed="3,0,0,4,0,132" ten="173,296,203,328" oya="3" hai0="124,135,73,29,101,92,53,47,35,3,82,134,93" hai1="26,13,55,122,68,63,97,76,119,86,117,2,28" hai2="109,64,114,75,110,57,4,133,36,17,106,1,104" hai3="16,94,72,90,44,23,83,45,51,20,107,50,67"/><W131/><G107/><T127/><D3/><U105/><E2/><V12/><F114/><W112/><G112/><T43/><D53/><U121/><E13/><V58/><F133/><N who="0" m="50698" /><D29/><U31/><E86/><V15/><F75/><W39/><G39/><N who="0" m="22015" /><D35/><N who="1" m="20887" /><E76/><V41/><F36/><W8/><G131/><T126/><D101/><N who="1" m="62639" /><E55/><V71/><F41/><W24/><G67/><T102/><D102/><U48/><E48/><V100/><F71/><W88/><G8/><T129/><D129/><U89/><E89/><V125/><F64/><W33/><G33/><T69/><D69/><U0/><E31/><V87/><F100/><W120/><G51/><T11/><D11/><U19/><E0/><V65/><F65/><W60/><G90/><T123/><D123/><U91/><E91/><V115/><F115/><W10/><G120/><T113/><D113/><U18/><E121/><V98/><F87/><W54/><G10/><T7/><D7/><U49/><E49/><V95/><F1/><W116/><G23/><T74/><D74/><U9/><E9/><N who="2" m="4135" /><F95/><W61/><G72/><T14/><D14/><U21/><E122/><V118/><F118/><W5/><G116/><T108/><D108/><N who="2" m="41578" /><F125/><N who="0" m="32002" /><T56/><DORA hai="79" /><D56/><N who="2" m="21610" /><F98/><N who="3" m="57671" /><G5/><T85/><D85/><U96/><E68/><V52/><F52/><W84/><G45/><T81/><D81/><U32/><E117/><V103/><F103/><W128/><G128/><T80/><D80/><U62/><E119/><V70/><F70/><W78/><AGARI ba="0,0" hai="16,20,24,44,50,54,60,61,78,83,84" m="57671" machi="78" ten="30,11700,0" yaku="8,1,52,1,54,2" doraHai="132,79" who="3" fromWho="3" sc="173,-39,296,-39,203,-39,328,117" owari="134,-36.6,257,5.7,164,-23.6,445,54.5" /></mjloggm>