<mjloggm ver="2.3"><GO type="225" lobby="0"/><UN n0="%E7%99%BD%E5%80%89%E5%AF%9B%E4%B9%8B" n1="%E3%81%95%E3%81%8D%E3%81%9F%E3%81%BE%E6%9E%97%E6%AA%8E" n2="%E3%83%A9%E3%83%BC%E3%83%A1%E3%83%B3%E4%BA%94%E9%83%8E" n3="%E6%98%93%E5%88%A9%E8%96%A9%E4%BC%AF" dan="16,16,16,16" rate="2129.11,2149.32,2145.13,2107.80" sx="M,M,M,F"/><TAIKYOKU oya="0"/><INIT seed="0,0,0,2,1,3" ten="250,250,250,250" oya="0" hai0="25,84,9,19,91,135,74,70,61,78,1,80,82" hai1="123,23,55,8,36,88,65,100,103,130,133,97,126" hai2="116,83,35,128,101,90,114,120,89,13,0,50,51" hai3="32,57,38,4,106,46,12,58,56,63,72,79,127"/><T28/><D135/><U15/><E123/><V53/><F120/><W26/><G106/><T31/><D19/><U41/><E133/><V77/><F114/><W109/><G109/><T18/><D18/><U29/><E36/><V118/><F0/><W87/><G72/><T86/><D74/><U113/><E41/><V22/><F35/><W132/><G127/><T59/><D70/><U64/><E126/><V33/><F33/><W67/><G132/><T98/><D98/><U17/><E130/><V6/><F128/><W104/><G104/><T21/><D31/><U48/><E113/><V44/><F101/><N who="1" m="38985" /><E29/><V42/><F22/><W134/><G134/><T52/><D1/><U131/><E23/><V94/><F94/><W10/><G32/><T39/><D39/><U110/><E110/><V105/><F105/><W62/><G26/><T7/><D9/><U40/><E40/><V16/><F116/><W108/><G108/><T129/><D129/><U73/><E73/><V75/><F118/><W69/><G38/><T121/><D121/><U24/><E24/><V95/><F95/><W20/><G20/><T45/><D45/><N who="1" m="28047" /><E131/><V37/><F37/><W81/><REACH who="3" step="1"/><G46/><REACH who="3" ten="250,250,250,240" step="2"/><T27/><D25/><U102/><E102/><V66/><F75/><W99/><G99/><T68/><D68/><U71/><E71/><V43/><F44/><W14/><G14/><T117/><D117/><U122/><E122/><V107/><F107/><W49/><G49/><T85/><D85/><U115/><E115/><V92/><F51/><W96/><G96/><T30/><D30/><U76/><E97/><RYUUKYOKU ba="0,1" sc="250,15,250,-15,250,-15,240,15" hai0="7,21,27,28,52,59,61,78,80,82,84,86,91" hai3="4,10,12,56,57,58,62,63,67,69,79,81,87" /><INIT seed="0,1,1,3,3,110" ten="265,235,235,255" oya="0" hai0="25,39,65,11,105,95,86,117,9,134,78,131,108" hai1="26,59,5,43,73,47,31,56,54,44,79,62,77" hai2="97,57,123,115,32,116,75,71,90,3,127,112,18" hai3="35,120,82,72,85,87,49,98,48,14,114,23,118"/><T93/><D39/><U17/><E5/><V104/><F57/><W1/><G1/><T7/><D105/><U64/><E73/><V106/><F18/><W51/><G35/><T130/><D117/><U113/><E17/><V60/><F60/><W27/><G120/><T15/><D108/><U74/><E74/><V80/><F71/><W8/><G118/><T28/><D134/><U94/><E94/><N who="2" m="56535" /><F32/><W122/><G122/><T89/><D78/><U101/><E101/><V40/><F40/><W30/><G114/><N who="2" m="43561" /><F3/><W125/><G125/><T102/><D65/><U12/><E113/><V38/><F38/><W50/><G98/><T61/><D61/><N who="1" m="37927" /><E12/><V119/><F123/><W69/><G69/><T109/><D109/><U133/><E133/><V128/><F127/><W67/><G67/><T121/><D121/><U6/><E6/><V2/><F2/><W135/><G135/><T41/><D11/><U124/><E124/><V99/><F128/><W111/><G111/><T46/><D131/><U20/><E43/><V55/><F55/><W16/><N who="3" m="12288" /><DORA hai="33" /><W68/><REACH who="3" step="1"/><G68/><REACH who="3" ten="265,235,235,245" step="2"/><T92/><D130/><U81/><E81/><V19/><F116/><W21/><G21/><N who="0" m="15407" /><D41/><U0/><E0/><V10/><F119/><W91/><G91/><T45/><D102/><U29/><E29/><V13/><F99/><W36/><G36/><T66/><D66/><U84/><E31/><V96/><F96/><W52/><G52/><T70/><D70/><U37/><E54/><V76/><F76/><AGARI ba="1,2" hai="8,14,16,23,27,30,72,76,82,85,87" m="12288" machi="76" ten="50,6400,0" yaku="1,1,54,1,53,1" doraHai="110,33" doraHaiUra="24,129" who="3" fromWho="2" sc="265,0,235,0,235,-67,245,87" /><INIT seed="1,0,0,1,1,57" ten="265,235,168,332" oya="1" hai0="62,41,107,68,118,26,59,65,4,58,34,79,15" hai1="17,74,11,125,130,3,119,19,120,126,32,56,20" hai2="91,109,70,8,66,36,55,80,64,52,117,102,106" hai3="124,127,40,83,37,21,31,45,108,46,112,97,116"/><U54/><E74/><V115/><F117/><W113/><G97/><T94/><D118/><U86/><E119/><V61/><F36/><W0/><G116/><T75/><D41/><U7/><E120/><V129/><F109/><W135/><G0/><T89/><D107/><U16/><E86/><V134/><F129/><W95/><G95/><T128/><D128/><U12/><E130/><V35/><F35/><W111/><G83/><T33/><D79/><U99/><E99/><V105/><F134/><W51/><G31/><T67/><D75/><U23/><E32/><V53/><F115/><N who="3" m="44107" /><G21/><N who="1" m="8266" /><E56/><V131/><F131/><W72/><G72/><T78/><D78/><U101/><E101/><V96/><F8/><W93/><G93/><T1/><D1/><U39/><E39/><V88/><F106/><W10/><G10/><T42/><D42/><U90/><E90/><V48/><F66/><W9/><G9/><T25/><D34/><U104/><E54/><V44/><REACH who="2" step="1"/><F80/><REACH who="2" ten="265,235,158,332" step="2"/><W24/><G135/><T22/><D33/><U103/><E104/><V29/><F29/><W114/><G114/><T81/><D81/><U49/><E11/><V110/><F110/><N who="3" m="42027" /><G24/><T85/><D26/><U87/><E3/><V73/><F73/><W98/><G98/><T71/><D25/><U27/><E27/><V18/><F18/><W5/><G5/><T100/><D4/><U6/><E19/><V92/><F92/><W69/><G37/><T84/><D94/><U43/><E6/><V14/><F14/><W2/><G2/><T13/><D15/><U50/><E12/><V47/><F47/><RYUUKYOKU ba="0,1" sc="265,-10,235,-10,158,30,332,-10" hai2="44,48,52,53,55,61,64,70,88,91,96,102,105" /><INIT seed="2,1,1,1,0,96" ten="255,225,188,322" oya="2" hai0="115,103,8,72,31,30,29,94,113,126,66,4,36" hai1="3,26,120,64,98,112,23,50,42,17,62,135,132" hai2="122,127,133,117,46,60,56,78,71,110,105,123,40" hai3="25,73,48,102,39,95,51,87,54,101,2,24,91"/><V90/><F105/><W121/><G39/><T14/><D72/><U125/><E112/><V0/><F0/><W55/><G73/><T118/><D36/><U130/><E120/><V53/><F117/><W129/><G2/><T116/><D66/><U131/><E3/><V5/><F5/><W61/><G61/><T58/><D58/><U11/><E11/><V1/><F1/><W88/><G129/><N who="1" m="49162" /><E50/><N who="3" m="18986" /><G91/><T124/><D103/><N who="3" m="39433" /><G121/><N who="2" m="46089" /><F90/><W76/><G76/><T41/><D94/><U93/><E42/><V49/><F78/><W86/><G86/><T79/><D41/><U89/><E125/><N who="0" m="48233" /><D79/><U10/><E10/><V18/><F127/><W63/><G63/><T15/><D15/><U111/><E111/><V19/><F110/><W38/><G38/><T47/><D47/><U6/><E6/><V33/><F33/><W84/><G84/><T7/><D7/><U27/><E27/><AGARI ba="1,1" hai="24,25,27,54,55,87,88,95" m="39433,18986" machi="27" ten="30,8000,1" yaku="8,1,52,3,54,1" doraHai="96" who="3" fromWho="1" sc="255,0,225,-83,188,0,322,93" /><INIT seed="3,0,0,4,0,62" ten="255,142,188,415" oya="3" hai0="124,77,6,45,37,114,106,70,29,89,4,20,123" hai1="125,54,99,0,110,72,27,5,44,115,49,109,2" hai2="116,39,41,18,96,94,130,47,88,78,23,132,24" hai3="46,69,93,16,76,66,86,61,17,9,38,32,97"/><W3/><G32/><T82/><D89/><U36/><E72/><V129/><F132/><W85/><G3/><T74/><D70/><U40/><E115/><V68/><F116/><W71/><G71/><T107/><D6/><U25/><E99/><V112/><F112/><W35/><G35/><T131/><D20/><U65/><E125/><V95/><F68/><W55/><G9/><T119/><D29/><U87/><E87/><V105/><F105/><W135/><G135/><T57/><D57/><N who="1" m="32975" /><E27/><V121/><F121/><W59/><G86/><T118/><D74/><U60/><E25/><V15/><F78/><W113/><G113/><T117/><D77/><U80/><E80/><V52/><F95/><W98/><G98/><T13/><D107/><U122/><E122/><V26/><F26/><W111/><G111/><N who="1" m="42506" /><E5/><V133/><F133/><W50/><G85/><T104/><D4/><U64/><E60/><V28/><REACH who="2" step="1"/><F52/><REACH who="2" ten="255,142,178,415" step="2"/><W75/><G76/><T31/><D118/><U7/><E7/><V58/><F58/><W79/><G79/><T100/><D119/><U33/><E33/><AGARI ba="0,1" hai="15,18,23,24,28,33,39,41,47,88,94,96,129,130" machi="33" ten="40,2600,0" yaku="1,1,54,1,53,0" doraHai="62" doraHaiUra="48" who="2" fromWho="1" sc="255,0,142,-26,178,36,415,0" owari="255,5.5,116,-38.4,214,-18.6,415,51.5" /></mjloggm>