<mjloggm ver="2.3"><GO type="225" lobby="0"/><UN n0="%E3%81%94%E3%83%BC%E3%81%A9%E3%82%93" n1="%E3%81%82%E3%81%84%E3%81%82%E3%81%8A%E3%81%84" n2="%E3%81%AF%E3%82%88%E3%81%8A%E3%81%98%E3%81%95%E3%82%93" n3="%E4%BF%BA%E3%81%A8%E5%A6%96%E5%A4%A2" dan="16,18,16,16" rate="2061.94,2184.94,2172.73,2167.31" sx="M,M,M,F"/><TAIKYOKU oya="0"/><INIT seed="0,0,0,2,1,126" ten="250,250,250,250" oya="0" hai0="103,30,95,23,130,49,58,61,113,29,69,17,55" hai1="135,59,19,66,133,60,50,6,7,88,93,11,5" hai2="132,125,12,31,4,74,16,62,48,39,102,100,82" hai3="42,72,13,36,21,94,120,105,57,54,40,80,27"/><T118/><D113/><U111/><E111/><V109/><F39/><W8/><G120/><T67/><D118/><U2/><E50/><V114/><F114/><W81/><G105/><T28/><D130/><U84/><REACH who="1" step="1"/><E19/><REACH who="1" ten="250,240,250,250" step="2"/><V129/><F16/><N who="3" m="12711" /><G36/><T76/><D76/><U86/><E86/><V24/><F48/><N who="3" m="30919" /><G72/><T26/><D17/><U10/><E10/><V70/><F74/><W71/><G71/><T44/><D69/><U97/><E97/><AGARI ba="0,1" hai="23,26,28,29,30,44,49,55,58,61,67,95,97,103" machi="97" ten="40,7700,0" yaku="25,2,8,1" doraHai="126" who="0" fromWho="1" sc="250,87,240,-77,250,0,250,0" /><INIT seed="0,1,0,3,4,123" ten="337,163,250,250" oya="0" hai0="23,73,3,125,59,57,86,52,64,37,6,56,78" hai1="111,84,58,134,51,33,87,54,107,75,105,31,44" hai2="28,18,88,30,17,41,38,93,109,127,16,32,29" hai3="9,103,22,24,95,104,120,129,36,102,8,128,122"/><T114/><D114/><U50/><E75/><V67/><F127/><W11/><G104/><T124/><D73/><U62/><E134/><V71/><F109/><W35/><G35/><T83/><D37/><U13/><E111/><V81/><F32/><W2/><G2/><T99/><D64/><U27/><E51/><V80/><F71/><W26/><G36/><T39/><D39/><U90/><E13/><V14/><F67/><W113/><G113/><T63/><D23/><U133/><E87/><V112/><F112/><W116/><G116/><T0/><D99/><U101/><E101/><N who="3" m="38410" /><G95/><T45/><D45/><U85/><E85/><V19/><F41/><W40/><G22/><T117/><D117/><U89/><E89/><V69/><F69/><W79/><G79/><T74/><D74/><U49/><E49/><V76/><F76/><W48/><G48/><T12/><D0/><U119/><E119/><V7/><F7/><W46/><G46/><T100/><D3/><U118/><E133/><V82/><F38/><W1/><G40/><T10/><REACH who="0" step="1"/><D100/><REACH who="0" ten="327,163,250,250" step="2"/><U70/><E118/><V4/><N who="2" m="4096" /><DORA hai="130" /><V108/><F108/><W97/><G1/><T21/><D21/><U94/><REACH who="1" step="1"/><E70/><REACH who="1" ten="327,153,250,250" step="2"/><V96/><F14/><W98/><G122/><T115/><D115/><U65/><AGARI ba="1,2" hai="27,31,33,44,50,54,58,62,65,84,90,94,105,107" machi="65" ten="20,5200,0" yaku="1,1,2,1,0,1,7,1,53,0" doraHai="123,130" doraHaiUra="110,15" who="1" fromWho="1" sc="327,-27,153,75,250,-14,250,-14" /><INIT seed="1,0,0,0,2,125" ten="300,228,236,236" oya="1" hai0="47,117,93,44,122,43,25,81,131,134,79,113,128" hai1="104,83,112,30,68,60,67,11,123,56,54,26,84" hai2="92,101,31,71,86,90,129,29,108,22,34,23,57" hai3="46,2,74,107,38,99,55,9,88,114,19,87,5"/><U121/><E112/><V14/><F71/><W58/><G114/><T73/><D113/><U28/><E104/><V98/><F108/><W15/><G74/><T97/><D117/><U62/><E11/><V16/><F34/><W53/><G107/><T76/><D76/><U24/><E26/><V106/><F129/><N who="0" m="49738" /><D134/><U59/><E68/><V13/><F57/><W36/><G99/><T10/><D122/><U105/><E105/><V96/><F98/><W91/><G46/><T45/><D10/><U6/><E6/><V66/><F66/><W1/><G91/><N who="0" m="55487" /><D25/><U133/><E133/><V70/><F70/><W48/><G55/><T69/><D69/><U85/><E85/><V100/><F101/><W8/><REACH who="3" step="1"/><G1/><REACH who="3" ten="300,228,236,226" step="2"/><T33/><D33/><U17/><E121/><V4/><F106/><W124/><G124/><T94/><D94/><AGARI ba="0,1" hai="2,5,8,9,15,19,36,38,48,53,58,87,88,94" machi="94" ten="30,3900,0" yaku="1,1,7,1,54,1,53,0" doraHai="125" doraHaiUra="20" who="3" fromWho="0" sc="300,-39,228,0,236,0,226,49" /><INIT seed="2,0,0,0,0,41" ten="261,228,236,275" oya="2" hai0="70,40,26,2,132,109,71,31,82,10,69,61,58" hai1="86,22,6,63,75,11,27,53,133,92,17,29,4" hai2="93,44,43,125,83,35,59,37,130,124,102,12,45" hai3="122,135,134,68,108,51,111,24,107,60,49,36,95"/><V88/><F35/><W5/><G107/><T72/><D109/><N who="3" m="42057" /><G5/><T94/><D132/><N who="3" m="50729" /><G95/><T39/><D94/><U14/><E75/><V77/><F130/><W105/><G105/><T87/><D72/><U126/><E133/><V118/><F118/><W128/><G128/><T116/><D2/><U38/><E38/><V50/><F59/><W79/><G79/><T47/><D116/><U120/><E126/><N who="2" m="48747" /><F12/><W117/><G117/><T32/><D10/><U78/><E120/><V1/><F1/><W66/><G122/><T127/><D127/><U9/><E9/><V64/><F64/><W67/><G24/><T34/><D34/><U112/><E112/><V129/><F129/><W0/><G0/><T28/><D28/><U91/><E78/><V106/><F106/><W101/><G101/><T18/><D18/><U30/><E4/><V90/><F102/><W119/><G119/><T7/><D7/><U57/><AGARI ba="0,0" hai="6,11,14,17,22,27,29,30,53,57,63,86,91,92" machi="57" ten="30,2000,0" yaku="0,1,8,1" doraHai="41" who="1" fromWho="1" sc="261,-5,228,20,236,-10,275,-5" /><INIT seed="3,0,0,2,0,44" ten="256,248,226,270" oya="3" hai0="20,85,59,127,57,7,129,133,90,88,105,19,84" hai1="82,115,63,124,60,18,100,97,3,2,116,122,134" hai2="6,103,123,72,35,10,43,102,50,42,65,28,121" hai3="66,9,109,86,22,26,11,46,87,37,38,114,31"/><W53/><G114/><T96/><D129/><U45/><E122/><N who="2" m="46603" /><F72/><W128/><G128/><T47/><D133/><U74/><E115/><V51/><F65/><W112/><G112/><T8/><D127/><U71/><E71/><V17/><F17/><W68/><G109/><T83/><D47/><U33/><E33/><V70/><F70/><W23/><G37/><T113/><D113/><U94/><E124/><V73/><F73/><W126/><G126/><T30/><D30/><U98/><E134/><V131/><F131/><W76/><G23/><T56/><D96/><U110/><E74/><V80/><F80/><W92/><G66/><T135/><D105/><U106/><E82/><V69/><F69/><W1/><G1/><T0/><D135/><U41/><E110/><V89/><F89/><N who="3" m="53303" /><G38/><T67/><D67/><U52/><E116/><V119/><F119/><W81/><G68/><T120/><D120/><U27/><E106/><V12/><F28/><W24/><G24/><T36/><D36/><U107/><E107/><V104/><F35/><W93/><G93/><T14/><REACH who="0" step="1"/><D85/><REACH who="0" ten="246,248,226,270" step="2"/><U21/><E98/><N who="2" m="61527" /><F103/><W125/><G125/><T48/><D48/><AGARI ba="0,1" hai="6,10,12,42,43,48,50,51" m="61527,46603" machi="48" ten="30,7700,0" yaku="13,1,52,3" doraHai="44" who="2" fromWho="0" sc="246,-77,248,0,226,87,270,0" /><AGARI ba="0,0" hai="9,11,22,26,31,46,48,53,76,81,87" m="53303" machi="48" ten="30,2900,0" yaku="8,1,52,1" doraHai="44" who="3" fromWho="0" sc="169,-29,248,0,313,0,270,29" /><INIT seed="3,1,0,1,5,104" ten="140,248,313,299" oya="3" hai0="131,39,3,20,56,91,108,31,128,45,25,2,95" hai1="93,67,8,35,116,41,69,24,81,96,88,47,123" hai2="82,26,94,4,48,32,59,43,11,50,125,60,23" hai3="57,111,124,1,86,90,101,72,76,53,97,92,16"/><W18/><G1/><T42/><D56/><U119/><E123/><V64/><F32/><W6/><G6/><T44/><D108/><U13/><E81/><V112/><F112/><W52/><G124/><T89/><D89/><U115/><E115/><V80/><F125/><W28/><G111/><T75/><D75/><U30/><E67/><V37/><F37/><W66/><G28/><T77/><D77/><U14/><E69/><V74/><F74/><W102/><G72/><T63/><D63/><U120/><E120/><V135/><F135/><W121/><G121/><T78/><D78/><U110/><E110/><V70/><F70/><W129/><G129/><T98/><REACH who="0" step="1"/><D45/><REACH who="0" ten="130,248,313,299" step="2"/><U27/><E47/><N who="2" m="25727" /><F60/><N who="3" m="38159" /><G76/><T58/><D58/><U10/><E88/><V38/><F59/><W34/><G102/><T29/><D29/><U68/><E30/><V130/><F130/><AGARI ba="1,1" hai="2,3,20,25,31,39,42,44,91,95,98,128,130,131" machi="130" ten="40,5200,0" yaku="1,1,19,1,53,1" doraHai="104" doraHaiUra="40" who="0" fromWho="2" sc="130,65,248,0,313,-55,299,0" /><INIT seed="4,0,0,3,3,7" ten="195,248,258,299" oya="0" hai0="111,103,0,92,44,47,117,99,131,11,36,18,122" hai1="116,67,132,128,135,57,43,68,32,88,130,110,72" hai2="74,118,12,29,112,50,6,23,129,86,85,33,73" hai3="76,89,5,69,65,93,63,79,22,105,28,30,8"/><T94/><D117/><U55/><E32/><V31/><F33/><W14/><G105/><T4/><D122/><U19/><E72/><V123/><F123/><W41/><G41/><T71/><D131/><N who="1" m="50219" /><E110/><V42/><F129/><W77/><REACH who="3" step="1"/><G22/><REACH who="3" ten="195,248,258,289" step="2"/><T38/><D111/><U1/><E43/><V84/><F23/><W125/><G125/><T134/><D134/><U104/><E104/><V78/><F42/><W90/><G90/><T107/><D71/><U109/><E88/><V120/><F120/><W82/><G82/><T48/><D18/><U24/><E19/><V54/><F118/><W126/><G126/><T97/><D107/><U115/><E68/><V91/><F91/><W27/><G27/><T25/><D25/><U106/><E24/><V10/><F112/><W15/><G15/><T121/><D121/><U9/><E115/><V58/><F78/><W13/><G13/><T101/><REACH who="0" step="1"/><D47/><REACH who="0" ten="185,248,258,289" step="2"/><U35/><E116/><V62/><F31/><W17/><G17/><T21/><D21/><U53/><E135/><V81/><F29/><W70/><G70/><T40/><AGARI ba="0,2" hai="0,4,11,36,38,40,44,48,92,94,97,99,101,103" machi="40" ten="20,12000,1" yaku="1,1,0,1,7,1,9,1,52,1,53,0" doraHai="7" doraHaiUra="20" who="0" fromWho="0" sc="185,140,248,-40,258,-40,289,-40" owari="325,42.5,208,-29.2,218,-18.2,249,4.9" /></mjloggm>