<mjloggm ver="2.3"><GO type="225" lobby="0"/><UN n0="%E8%81%B7%E6%A5%AD%E3%80%81%E9%A2%A8%32" n1="%E3%81%BF%E3%81%BF%E3%81%9A" n2="%E3%81%99%E3%83%BC%5F%E9%88%B4%E6%9C%A8%E6%B5%A9%E5%B9%B3" n3="%E3%83%81%E3%83%83%E3%82%BF%E3%82%BD%E3%83%BC" dan="16,17,16,16" rate="2138.36,2165.32,2077.64,2170.83" sx="M,M,M,F"/><TAIKYOKU oya="0"/><INIT seed="0,0,0,3,2,53" ten="250,250,250,250" oya="0" hai0="124,0,73,11,10,14,100,97,93,63,75,130,6" hai1="21,22,103,85,2,19,49,99,1,64,71,83,72" hai2="31,107,59,43,32,27,37,34,45,79,12,132,23" hai3="41,115,17,61,60,66,135,4,133,8,110,112,125"/><T26/><D130/><U127/><E72/><V116/><F107/><W48/><G110/><T101/><D124/><U39/><E39/><V42/><F132/><N who="3" m="50763" /><G17/><T46/><D101/><U122/><E122/><V123/><F43/><W9/><G125/><T117/><D117/><U119/><E119/><V108/><F108/><W74/><G74/><T129/><D129/><U128/><E127/><V111/><F111/><W25/><G25/><T57/><D46/><U102/><E128/><V40/><F40/><W18/><G18/><T68/><D68/><U28/><E28/><V62/><F123/><W7/><G48/><T16/><REACH who="0" step="1"/><D26/><REACH who="0" ten="240,250,250,250" step="2"/><U104/><E103/><V20/><F116/><W3/><G41/><T65/><AGARI ba="0,1" hai="0,6,10,11,14,16,57,63,65,73,75,93,97,100" machi="65" ten="20,24000,3" yaku="1,1,2,1,0,1,7,1,52,1,54,1,53,2" doraHai="53" doraHaiUra="106" who="0" fromWho="0" sc="240,250,250,-80,250,-80,250,-80" /><INIT seed="0,1,0,3,4,34" ten="490,170,170,170" oya="0" hai0="123,18,111,75,56,128,100,116,51,24,127,134,118" hai1="11,74,0,120,6,64,91,80,37,110,42,38,107" hai2="22,45,82,124,68,13,112,7,10,25,50,20,126" hai3="81,71,133,23,1,30,88,119,5,84,19,57,21"/><T39/><D123/><U96/><E120/><V121/><F112/><W108/><G119/><T40/><D75/><U89/><E110/><V77/><F68/><W58/><G71/><T63/><D100/><N who="1" m="62855" /><E64/><V90/><F90/><W62/><G108/><T104/><D111/><U47/><E38/><V86/><F121/><W15/><G133/><T83/><D104/><U4/><E4/><V43/><REACH who="2" step="1"/><F20/><REACH who="2" ten="490,170,160,170" step="2"/><W12/><G30/><AGARI ba="1,1" hai="7,10,13,22,25,30,43,45,50,77,82,86,124,126" machi="30" ten="40,8000,1" yaku="1,1,2,1,25,2,53,1" doraHai="34" doraHaiUra="17" who="2" fromWho="3" sc="490,0,170,0,160,93,170,-83" /><INIT seed="1,0,0,0,4,2" ten="490,170,253,87" oya="1" hai0="103,105,85,98,66,49,33,64,46,24,90,95,4" hai1="62,59,134,60,22,128,126,27,31,116,100,111,73" hai2="21,53,8,82,91,54,0,102,121,40,112,96,70" hai3="86,135,56,11,12,131,6,67,28,23,119,29,120"/><U125/><E116/><V110/><F121/><W77/><G119/><T117/><D117/><U32/><E73/><V41/><F70/><W81/><G120/><T71/><D71/><U113/><E113/><V124/><F124/><N who="1" m="47721" /><E111/><V3/><F110/><W58/><G131/><T61/><D61/><U34/><E128/><V37/><F112/><W19/><G135/><T35/><D4/><U55/><E134/><V18/><F37/><W13/><REACH who="3" step="1"/><G67/><REACH who="3" ten="490,170,253,77" step="2"/><T74/><D66/><U109/><E109/><V88/><F0/><W133/><G133/><T44/><D64/><N who="1" m="38943" /><E100/><V76/><F3/><W93/><G93/><T1/><D95/><U118/><E118/><V106/><F106/><W89/><G89/><T16/><D103/><U78/><E78/><V42/><F102/><W45/><G45/><T108/><D105/><U97/><E97/><V104/><F104/><W132/><G132/><T99/><D98/><U127/><E127/><V50/><F91/><W129/><G129/><T26/><D99/><U65/><E55/><V122/><F54/><W9/><G9/><T101/><D101/><U84/><E84/><N who="2" m="48199" /><F8/><W92/><G92/><T47/><D108/><U114/><E114/><V63/><F122/><W94/><G94/><T130/><D130/><U14/><E14/><N who="2" m="9431" /><F96/><W57/><AGARI ba="0,1" hai="6,11,12,13,19,23,28,29,56,57,58,77,81,86" machi="57" ten="30,8000,1" yaku="1,1,0,1,8,1,52,1,53,1" doraHai="2" doraHaiUra="72" who="3" fromWho="3" sc="490,-20,170,-40,253,-20,77,90" /><INIT seed="2,0,0,1,5,53" ten="470,130,233,167" oya="2" hai0="59,91,6,116,81,51,86,99,39,17,107,121,66" hai1="0,69,3,75,125,115,48,124,114,88,33,65,14" hai2="100,127,78,111,128,102,89,55,40,15,119,123,110" hai3="38,22,7,47,23,57,80,31,120,21,90,29,132"/><V68/><F68/><W77/><G132/><T64/><D121/><U97/><E75/><V126/><F123/><W105/><G120/><T1/><D39/><U131/><E33/><V109/><F119/><W118/><G105/><T35/><D35/><U56/><E69/><V96/><F40/><W76/><G118/><T95/><D107/><U41/><E14/><V46/><F128/><W45/><G7/><T30/><D30/><N who="3" m="11273" /><G38/><T135/><D135/><U74/><E74/><V117/><F117/><W44/><G90/><T9/><D17/><U4/><E131/><V10/><F78/><N who="3" m="30315" /><G80/><T50/><D116/><U112/><E41/><V67/><F89/><W82/><G82/><T19/><D19/><U2/><E4/><V73/><F73/><W62/><G22/><T103/><D1/><U101/><E88/><V27/><F100/><W108/><G108/><T98/><D6/><U24/><E24/><V61/><F27/><W71/><G71/><T43/><D9/><U5/><E5/><N who="2" m="3535" /><F102/><W28/><N who="3" m="11281" /><W42/><DORA hai="83" /><G42/><T70/><D70/><U34/><E34/><V37/><F96/><W106/><G106/><T13/><D99/><U134/><E134/><V52/><F37/><W60/><G60/><T72/><D72/><U79/><E79/><V94/><F94/><W122/><G122/><T20/><D95/><N who="1" m="58559" /><E48/><V63/><F63/><W129/><G129/><T85/><D98/><U133/><E133/><V12/><F111/><W18/><G18/><N who="0" m="10319" /><D103/><U87/><E87/><V54/><F110/><W130/><G130/><T113/><D86/><U84/><E84/><RYUUKYOKU ba="0,0" sc="470,-15,130,15,233,-15,167,15" hai1="0,2,3,56,65,112,114,115,124,125" hai3="21,23,44,45,47,57,62" /><INIT seed="3,1,0,2,5,63" ten="455,145,218,182" oya="3" hai0="9,101,84,127,68,67,91,99,12,92,119,47,109" hai1="128,82,75,15,61,77,42,26,21,41,25,114,40" hai2="36,124,13,123,62,90,133,79,18,111,24,1,64" hai3="97,33,132,55,135,58,17,49,66,115,110,98,11"/><W56/><G115/><T39/><D119/><U116/><E114/><V118/><F118/><W69/><G69/><T76/><D39/><U2/><E116/><V96/><F36/><W121/><G121/><T117/><D109/><U52/><E2/><V51/><F1/><W54/><G33/><T70/><D67/><U23/><E128/><V38/><F38/><W87/><G110/><T120/><D120/><U7/><E7/><V48/><F111/><W112/><G112/><T44/><D127/><U74/><E74/><V22/><F123/><W30/><G30/><T106/><D76/><U131/><E131/><V134/><F79/><W78/><G66/><T81/><D106/><U53/><E15/><V95/><F124/><W86/><G132/><N who="2" m="50793" /><F24/><W45/><G135/><T93/><D117/><U113/><E113/><V32/><F32/><W108/><G45/><N who="0" m="17483" /><D68/><AGARI ba="1,0" hai="13,18,22,48,51,62,64,68,90,95,96" m="50793" machi="68" ten="30,2000,0" yaku="20,1,52,1" doraHai="63" who="2" fromWho="0" sc="455,-23,145,0,218,23,182,0" owari="432,53.2,145,-35.5,241,4.1,182,-21.8" /></mjloggm>