<mjloggm ver="2.3"><GO type="225" lobby="0"/><UN n0="%EF%BC%AE%EF%BC%A1%EF%BC%AF%33%33%39" n1="%E5%91%A8%E6%9D%B1" n2="%E3%81%B2%E3%81%AA%E3%81%AE%E3%82%8A%E3%81%8F" n3="%E3%83%A9%E3%82%B9%E7%8E%87%EF%BC%93%E5%89%B2" dan="16,16,16,17" rate="2236.64,2178.12,2109.92,2220.43" sx="M,M,M,F"/><TAIKYOKU oya="0"/><INIT seed="0,0,0,5,3,63" ten="250,250,250,250" oya="0" hai0="107,65,26,108,36,121,110,6,22,83,114,27,104" hai1="78,119,71,10,76,38,66,20,85,58,9,95,94" hai2="123,7,120,122,3,113,43,81,8,24,48,54,70" hai3="127,64,17,91,52,13,49,69,88,118,33,111,60"/><T55/><D114/><U96/><E38/><V79/><F113/><W29/><G118/><T42/><D121/><U90/><E71/><V93/><F70/><W129/><G111/><N who="0" m="42539" /><D6/><U82/><E119/><V87/><F43/><W61/><G129/><T116/><D116/><U16/><E78/><V51/><F54/><W62/><G127/><T86/><D55/><U14/><E95/><V56/><F56/><W124/><G124/><T57/><D42/><U34/><E34/><V73/><F24/><N who="0" m="9258" /><D22/><U100/><E100/><V75/><REACH who="2" step="1"/><F93/><REACH who="2" ten="250,250,240,250" step="2"/><W44/><G33/><T102/><D36/><U105/><E105/><V23/><F23/><W131/><G131/><T32/><D32/><U99/><E99/><V128/><F128/><W68/><G29/><T31/><D31/><U72/><E72/><AGARI ba="0,1" hai="3,7,8,48,51,72,73,75,79,81,87,120,122,123" machi="72" ten="50,1600,0" yaku="1,1,53,0" doraHai="63" doraHaiUra="125" who="2" fromWho="1" sc="250,0,250,-16,240,26,250,0" /><INIT seed="1,0,0,3,5,107" ten="250,234,266,250" oya="1" hai0="101,69,125,4,35,90,103,63,93,54,116,25,108" hai1="32,44,106,99,104,36,119,62,9,30,95,129,91" hai2="24,15,22,11,83,113,3,110,100,133,29,79,10" hai3="58,1,131,37,81,75,98,130,82,65,40,21,89"/><U87/><E119/><V61/><F110/><W26/><G1/><T28/><D116/><U27/><E129/><N who="3" m="49162" /><G40/><T55/><D4/><U53/><E9/><V126/><F133/><W43/><G43/><T56/><D69/><U105/><E36/><V41/><F126/><W23/><G37/><T60/><D108/><U78/><E78/><V42/><F3/><W73/><G23/><T134/><D134/><U128/><E128/><V66/><F100/><W68/><G68/><T84/><D125/><U6/><E6/><V80/><F11/><W49/><G98/><T94/><D93/><U20/><E32/><V46/><F83/><N who="3" m="31755" /><G89/><T8/><D8/><U72/><E72/><N who="3" m="27722" /><G49/><T0/><D0/><U14/><E99/><V114/><F42/><W132/><G132/><T39/><D39/><U118/><E118/><V57/><F41/><W112/><G112/><T38/><D38/><U59/><E14/><V127/><F114/><W16/><G58/><AGARI ba="0,0" hai="25,28,35,54,55,56,58,60,63,84,90,94,101,103" machi="58" ten="40,1300,0" yaku="9,1" doraHai="107" who="0" fromWho="3" sc="250,13,234,0,266,0,250,-13" /><INIT seed="2,0,0,0,3,105" ten="263,234,266,237" oya="2" hai0="29,22,109,46,98,68,133,87,89,42,69,88,4" hai1="94,104,41,21,78,70,61,40,56,20,106,115,101" hai2="64,91,67,96,34,47,81,18,2,132,62,83,99" hai3="58,45,120,1,30,17,39,49,124,54,112,11,110"/><V59/><F132/><W15/><G120/><T5/><D133/><U131/><E115/><V55/><F2/><W66/><G112/><T100/><D89/><U127/><E127/><V108/><F34/><W97/><G124/><T36/><D109/><U51/><E131/><V90/><F108/><W44/><G110/><T93/><D29/><U38/><E38/><V114/><F114/><W23/><G39/><T122/><D122/><U72/><E94/><N who="2" m="56407" /><F18/><W32/><G66/><N who="2" m="25129" /><F47/><W28/><G97/><T126/><D126/><U116/><E116/><V84/><F99/><W60/><G60/><T71/><REACH who="0" step="1"/><D22/><REACH who="0" ten="253,234,266,237" step="2"/><U107/><E20/><V123/><F123/><W24/><REACH who="3" step="1"/><G30/><REACH who="3" ten="253,234,266,227" step="2"/><T37/><D37/><U50/><E101/><V85/><F85/><W92/><G92/><AGARI ba="0,2" hai="4,5,36,42,46,68,69,71,87,88,92,93,98,100" machi="92" ten="40,2600,0" yaku="1,1,54,1,53,0" doraHai="105" doraHaiUra="75" who="0" fromWho="3" sc="253,46,234,0,266,0,227,-26" /><AGARI ba="0,0" hai="55,59,62,81,83,84,91,92" m="25129,56407" machi="92" ten="30,1500,0" yaku="8,1" doraHai="105" who="2" fromWho="3" sc="299,0,234,0,266,15,201,-15" /><INIT seed="2,1,0,2,1,12" ten="299,234,281,186" oya="2" hai0="83,59,107,39,10,62,128,35,117,27,36,63,65" hai1="82,108,100,54,60,6,126,109,15,24,80,40,22" hai2="56,19,23,115,55,16,53,121,70,28,71,30,95" hai3="93,89,135,50,74,69,81,124,88,13,14,68,79"/><V97/><F115/><W101/><G135/><T31/><D107/><U49/><E100/><V37/><F37/><W66/><G124/><T41/><D41/><U75/><E126/><V91/><F121/><W18/><G13/><T96/><D96/><U47/><E15/><N who="2" m="9631" /><F70/><W110/><G110/><N who="1" m="42602" /><E6/><V61/><F71/><W84/><G66/><T76/><D128/><U105/><E105/><V129/><F129/><W113/><G113/><T4/><D63/><U85/><E75/><V72/><F72/><W90/><G74/><T17/><D117/><U116/><E116/><V11/><F11/><W5/><G5/><T112/><D112/><U34/><E34/><V106/><F106/><W86/><G50/><T9/><D9/><U0/><E0/><V8/><F8/><W7/><G7/><T114/><D114/><U133/><E133/><V29/><F19/><W57/><G57/><T42/><D17/><N who="1" m="12367" /><E85/><V99/><F99/><N who="3" m="59631" /><G69/><T44/><D4/><U118/><E118/><V51/><F51/><W94/><G68/><T3/><D3/><U1/><E1/><V98/><F98/><W64/><G64/><AGARI ba="1,0" hai="28,29,30,53,55,56,61,64,91,95,97" m="9631" machi="64" ten="30,5800,0" yaku="8,1,52,1,54,1" doraHai="12" who="2" fromWho="3" sc="299,0,234,0,281,61,186,-61" /><INIT seed="2,2,0,5,4,34" ten="299,234,342,125" oya="2" hai0="107,61,128,113,94,58,63,6,118,10,31,51,97" hai1="108,40,88,99,19,65,115,64,70,37,92,23,21" hai2="33,72,42,44,5,80,111,54,98,67,133,41,126" hai3="4,82,114,53,95,18,105,11,129,84,57,68,127"/><V123/><F123/><W62/><G129/><T39/><D39/><U20/><E115/><V22/><F33/><W78/><G127/><T13/><D113/><U2/><E108/><V130/><F130/><W135/><G114/><T83/><D107/><U50/><E37/><V0/><F126/><W125/><G125/><T28/><D128/><U66/><E70/><V103/><F67/><W132/><G105/><T32/><D32/><U87/><E2/><V30/><F133/><W112/><G112/><T119/><D83/><U73/><E73/><V24/><F54/><W38/><G38/><T59/><D51/><U109/><E109/><V86/><F44/><W100/><G68/><T122/><D122/><U79/><E79/><V43/><F72/><W85/><G18/><T131/><D131/><U120/><E99/><V16/><F0/><W121/><G121/><T3/><D3/><U15/><E120/><V134/><F5/><W102/><G85/><T74/><D74/><U96/><E96/><V25/><F134/><N who="3" m="51243" /><G95/><T93/><D93/><U9/><E50/><V81/><F111/><W26/><G26/><T101/><D118/><U49/><E49/><V1/><F86/><W75/><G75/><T45/><D119/><U90/><E90/><V48/><F48/><W14/><AGARI ba="2,0" hai="4,11,14,53,57,62,78,82,84,100,102" m="51243" machi="14" ten="30,1100,0" yaku="20,1" doraHai="34" who="3" fromWho="3" sc="299,-5,234,-5,342,-7,125,17" /><INIT seed="3,0,0,5,1,8" ten="294,229,335,142" oya="3" hai0="125,43,13,120,126,105,51,56,9,129,21,98,80" hai1="123,33,111,110,99,41,131,54,46,19,133,37,72" hai2="89,108,75,113,63,12,116,83,84,18,69,87,24" hai3="15,102,112,92,16,109,94,42,5,10,135,40,7"/><W100/><G112/><T28/><D120/><U79/><E123/><V30/><F113/><W121/><G121/><T52/><D43/><N who="3" m="16425" /><G135/><T73/><D129/><U57/><E33/><V25/><F75/><W60/><G109/><N who="1" m="41482" /><E133/><V71/><F108/><W11/><G60/><T68/><D68/><U106/><E131/><V48/><F48/><W95/><G11/><T1/><D1/><U74/><E79/><V23/><F63/><W47/><G47/><T67/><D67/><U118/><E118/><V101/><F101/><AGARI ba="0,0" hai="5,7,10,15,16,92,94,95,100,101,102" m="16425" machi="101" ten="30,5800,0" yaku="8,1,52,1,54,1" doraHai="8" who="3" fromWho="2" sc="294,0,229,0,335,-58,142,58" /><INIT seed="3,1,0,3,5,68" ten="294,229,277,200" oya="3" hai0="8,57,5,70,97,6,26,49,109,131,126,40,92" hai1="50,127,80,13,76,55,27,43,118,65,107,16,119" hai2="7,116,128,115,125,4,18,86,135,102,22,47,73" hai3="98,10,21,44,114,96,101,53,89,132,64,38,134"/><W33/><G33/><T35/><D70/><U51/><E107/><V84/><F73/><W62/><G114/><T25/><D35/><U67/><E27/><V52/><F115/><W29/><G10/><T113/><D113/><U63/><E127/><V19/><F116/><N who="1" m="44585" /><E43/><V106/><F125/><W2/><G2/><T15/><D126/><U59/><E67/><V79/><F102/><W42/><G89/><T74/><D74/><N who="1" m="43031" /><E65/><V75/><F106/><W36/><G53/><N who="0" m="31919" /><D40/><U69/><E69/><V11/><F135/><N who="3" m="51755" /><G101/><N who="0" m="60583" /><D131/><U24/><E24/><N who="0" m="9321" /><D109/><U93/><E93/><V12/><F128/><W90/><G29/><T9/><D9/><AGARI ba="1,0" hai="9,13,16,50,51,55,59,63" m="43031,44585" machi="9" ten="30,2000,0" yaku="12,1,54,1" doraHai="68" who="1" fromWho="0" sc="294,-23,229,23,277,0,200,0" /><INIT seed="4,0,0,5,4,81" ten="271,252,277,200" oya="0" hai0="71,121,126,85,93,23,48,19,79,65,39,125,69" hai1="11,68,26,32,110,70,78,87,72,51,122,20,21" hai2="94,124,90,52,88,45,135,100,24,131,83,67,5" hai3="113,1,3,63,62,112,96,4,120,56,10,102,75"/><T31/><D121/><U84/><E110/><V42/><F67/><W118/><G120/><T76/><D39/><U37/><E37/><V47/><F124/><N who="0" m="47722" /><D31/><U22/><E122/><V15/><F135/><W49/><G118/><T53/><D65/><U116/><E116/><V132/><F132/><W106/><G75/><T129/><D129/><U6/><E72/><V54/><F24/><W36/><G36/><T57/><D79/><U114/><E114/><N who="3" m="44138" /><G3/><T14/><D93/><U29/><E51/><N who="2" m="27063" /><F131/><W18/><G18/><T115/><D115/><U44/><E44/><V82/><F100/><W77/><G77/><T13/><D13/><U89/><E78/><V105/><F105/><W61/><G49/><T40/><D40/><U17/><E17/><V43/><F43/><W55/><AGARI ba="0,0" hai="1,4,10,55,56,61,62,63,96,102,106" m="44138" machi="55" ten="30,1100,0" yaku="15,1" doraHai="81" who="3" fromWho="3" sc="271,-5,252,-3,277,-3,200,11" /><INIT seed="5,0,0,3,3,112" ten="266,249,274,211" oya="1" hai0="85,51,47,27,15,87,134,54,60,131,130,12,88" hai1="41,62,118,92,2,55,113,104,115,80,64,100,83" hai2="105,135,96,11,42,65,102,73,132,70,101,81,1" hai3="68,35,121,37,45,57,66,126,9,114,76,32,61"/><U106/><E2/><V29/><F29/><W30/><G114/><N who="1" m="43530" /><E55/><V34/><F34/><W128/><G121/><T123/><D123/><U82/><E41/><V18/><F102/><W43/><G128/><N who="0" m="49195" /><D134/><N who="2" m="51242" /><F42/><W40/><G126/><T133/><D133/><U44/><E44/><V110/><F110/><W120/><G120/><T58/><D27/><U16/><E16/><V74/><F81/><W109/><G109/><T63/><D87/><U75/><E75/><V20/><F65/><W125/><G125/><T59/><D59/><N who="1" m="36959" /><E118/><V8/><F70/><W17/><G43/><N who="0" m="25087" /><D60/><U79/><E79/><V0/><F0/><W89/><G76/><T67/><D67/><U108/><E108/><V99/><F99/><AGARI ba="0,0" hai="80,82,83,92,99,100,104,106" m="36959,43530" machi="99" ten="30,1500,0" yaku="15,1" doraHai="112" who="1" fromWho="2" sc="266,0,249,15,274,-15,211,0" /><INIT seed="5,1,0,5,1,57" ten="266,264,259,211" oya="1" hai0="19,10,108,6,82,22,77,106,40,35,118,46,98" hai1="111,93,119,17,100,86,18,60,13,79,28,103,34" hai2="63,68,37,42,38,32,33,29,130,125,70,61,20" hai3="90,80,55,66,78,25,95,45,21,97,0,4,12"/><U76/><E119/><V73/><F73/><W116/><G116/><T54/><D118/><U3/><E3/><V75/><F75/><W69/><G69/><T11/><D35/><U124/><E124/><V52/><F125/><W7/><G0/><T39/><D108/><U43/><E111/><V129/><F20/><W44/><G66/><T123/><D123/><U94/><E43/><V59/><F42/><W84/><G55/><T126/><D126/><U15/><E34/><N who="2" m="13419" /><F29/><W58/><G58/><T135/><D135/><U91/><E28/><V2/><F2/><W104/><G104/><T27/><D6/><U64/><E76/><V92/><F92/><W24/><G24/><T81/><D81/><U110/><E79/><V89/><F89/><W83/><G83/><T23/><D23/><U14/><E110/><V88/><F88/><W117/><G117/><T71/><D71/><N who="2" m="27178" /><F63/><W48/><G12/><T47/><D77/><U133/><E133/><V120/><F120/><W49/><G49/><T122/><D82/><U134/><E134/><V121/><F121/><W30/><REACH who="3" step="1"/><G48/><REACH who="3" ten="266,264,259,201" step="2"/><T87/><D122/><U131/><E13/><V127/><F127/><W128/><G128/><AGARI ba="1,1" hai="37,38,52,59,61,128,129,130" m="27178,13419" machi="128" ten="40,5200,0" yaku="19,1,52,1,54,1" doraHai="57" who="2" fromWho="3" sc="266,0,264,0,259,65,201,-55" owari="266,6.6,264,-13.6,324,42.4,146,-35.4" /></mjloggm>