<mjloggm ver="2.3"><GO type="225" lobby="0"/><UN n0="%72%65%6E%6B%75%6E" n1="%E3%83%81%E3%83%A7%E3%83%99%E3%83%83%E3%82%AF" n2="%E3%83%A9%E3%82%B9%E7%8E%87%EF%BC%93%E5%89%B2" n3="%E3%83%B4%E3%83%A0%EF%BC%99%E3%81%A6" dan="17,16,17,16" rate="2234.29,2126.13,2216.55,2154.65" sx="M,M,F,M"/><TAIKYOKU oya="0"/><INIT seed="0,0,0,2,0,85" ten="250,250,250,250" oya="0" hai0="127,99,41,78,17,120,37,134,22,96,44,93,53" hai1="129,116,4,51,57,21,23,12,69,98,38,16,42" hai2="3,14,79,81,119,50,18,92,90,29,101,132,131" hai3="6,125,86,0,114,67,100,10,110,34,8,71,58"/><T55/><D120/><U113/><E69/><V35/><F3/><W26/><G114/><T15/><D127/><U13/><E38/><V107/><F131/><W59/><G125/><T112/><D134/><U76/><E116/><V104/><F132/><W88/><G110/><T60/><D112/><U126/><E126/><V36/><F36/><W128/><G128/><T123/><D123/><U47/><E129/><V121/><F101/><W115/><G115/><T52/><D78/><U25/><E57/><V83/><F83/><W9/><G100/><T49/><D60/><U31/><E76/><V74/><F119/><W48/><G71/><T77/><D77/><U40/><E113/><V111/><F111/><W46/><G67/><T117/><D117/><U70/><E70/><V43/><F29/><W118/><G118/><T109/><D109/><U73/><E73/><V82/><F82/><W68/><G68/><T97/><REACH who="0" step="1"/><D37/><REACH who="0" ten="240,250,250,250" step="2"/><U24/><E42/><V45/><F121/><W33/><G0/><T133/><D133/><U54/><E40/><V91/><F79/><W130/><G130/><T2/><D2/><U65/><E65/><V32/><F74/><W39/><G39/><T80/><D80/><U27/><E4/><V95/><F81/><W106/><G6/><T28/><D28/><U64/><E64/><V122/><F122/><W62/><G62/><T105/><D105/><U66/><E66/><V20/><F107/><W7/><G106/><T75/><D75/><U135/><E135/><V89/><F104/><W11/><G7/><T63/><D63/><U103/><E12/><RYUUKYOKU ba="0,1" sc="240,10,250,10,250,10,250,-30" hai0="15,17,22,41,44,49,52,53,55,93,96,97,99" hai1="13,16,21,23,24,25,27,31,47,51,54,98,103" hai2="14,18,20,32,35,43,45,50,89,90,91,92,95" /><INIT seed="0,1,1,3,5,73" ten="250,260,260,220" oya="0" hai0="31,32,95,116,118,81,85,129,10,28,8,130,5" hai1="19,6,104,91,90,132,4,29,21,125,93,133,37" hai2="38,120,87,62,115,57,127,121,0,108,89,22,27" hai3="83,68,66,134,72,94,13,126,60,50,26,36,9"/><T2/><D95/><U18/><E37/><V117/><F108/><W101/><G36/><T34/><D85/><U52/><E104/><V99/><F127/><W135/><G126/><T41/><D41/><U105/><E105/><V47/><F115/><W14/><G26/><T70/><D70/><U86/><E29/><N who="0" m="11337" /><D81/><N who="1" m="49487" /><E18/><V97/><F47/><W84/><G50/><T82/><D82/><U55/><E125/><V46/><F46/><W7/><G14/><T44/><D44/><U128/><E128/><N who="0" m="49257" /><D8/><U40/><E40/><V49/><F49/><W51/><G51/><T39/><D39/><U76/><E76/><V103/><F38/><W1/><G72/><T42/><D42/><U110/><E110/><V43/><F43/><W131/><G131/><T61/><D61/><U122/><E55/><V102/><F62/><W113/><G113/><T92/><D92/><U30/><E52/><V63/><F63/><W20/><G94/><T58/><D58/><U75/><E93/><V123/><F57/><W119/><G101/><T11/><D10/><U17/><E75/><V69/><F69/><W80/><G80/><T23/><D23/><U16/><E91/><V48/><F48/><W33/><G68/><T112/><D112/><U54/><E54/><V53/><F53/><W56/><G56/><T79/><D79/><U64/><E64/><V12/><F102/><W111/><G60/><T100/><D100/><U24/><E122/><V35/><F103/><W78/><G66/><T98/><D98/><U124/><E124/><V77/><F121/><W74/><G74/><T15/><D2/><RYUUKYOKU ba="1,1" sc="250,15,260,15,260,-15,220,-15" hai0="5,11,15,32,34,116,118" hai1="4,6,16,17,19,21,24,30,132,133" /><INIT seed="0,2,1,4,4,52" ten="265,275,245,205" oya="0" hai0="59,79,135,26,64,56,17,41,69,39,31,63,133" hai1="78,72,71,19,58,5,121,113,110,87,2,18,44" hai2="32,90,118,49,8,38,103,98,61,130,4,91,48" hai3="9,80,47,30,120,131,1,89,106,3,51,25,15"/><T93/><D79/><U115/><E71/><V57/><F38/><W24/><G106/><T77/><D77/><U37/><E110/><V23/><F130/><W127/><G131/><T67/><D17/><U68/><E68/><V20/><F118/><W81/><G127/><T111/><D111/><U92/><E58/><V95/><F32/><W34/><G120/><T28/><D93/><U82/><E121/><V104/><F49/><W99/><G25/><T74/><D74/><U21/><E87/><V6/><F48/><W114/><G114/><N who="1" m="43530" /><E21/><V126/><F126/><W54/><G99/><T88/><D67/><U70/><E70/><V10/><F20/><W13/><G13/><T50/><D28/><U123/><E92/><V134/><F23/><W53/><G53/><T107/><D107/><U46/><E123/><V14/><F104/><W60/><G60/><T96/><D26/><U119/><E119/><V7/><F134/><W27/><G27/><T12/><D12/><U76/><E76/><V84/><F14/><W122/><G122/><T65/><D65/><U86/><E72/><V11/><REACH who="2" step="1"/><F84/><REACH who="2" ten="265,275,235,205" step="2"/><N who="3" m="50311" /><G81/><T73/><D73/><U125/><E125/><V45/><F45/><N who="1" m="17513" /><E37/><V16/><F16/><AGARI ba="2,2" hai="1,3,9,15,16,24,30,34,47,51,54" m="50311" machi="16" ten="30,2000,0" yaku="25,1,54,1" doraHai="52" who="3" fromWho="2" sc="265,0,275,0,235,-26,205,46" /><INIT seed="1,0,0,2,3,127" ten="265,275,209,251" oya="1" hai0="82,133,19,60,43,22,66,111,114,4,32,89,93" hai1="73,50,37,124,48,72,23,12,53,10,13,80,61" hai2="97,59,79,99,135,116,128,8,45,27,88,77,84" hai3="71,118,46,47,129,56,36,14,49,134,91,38,11"/><U18/><E37/><V1/><F116/><W70/><G118/><T68/><D32/><U39/><E39/><N who="3" m="14890" /><G91/><T0/><D114/><U87/><E124/><V41/><F135/><W29/><G29/><T95/><D111/><U31/><E61/><V123/><F123/><W109/><G14/><T5/><D133/><U42/><E48/><V108/><F108/><W75/><G11/><T86/><D43/><U92/><E42/><V35/><F41/><N who="3" m="24783" /><G75/><T51/><D51/><U105/><E105/><V58/><F35/><W30/><G30/><T81/><D95/><U3/><E3/><V25/><F8/><W112/><G109/><T122/><D122/><U9/><E92/><V65/><F1/><W125/><G47/><T64/><D0/><U57/><E13/><V98/><F45/><W85/><G85/><T6/><REACH who="0" step="1"/><D64/><REACH who="0" ten="255,275,209,251" step="2"/><U104/><E104/><V120/><F65/><W69/><G134/><T94/><D94/><U7/><E50/><V103/><F120/><W126/><G112/><T62/><D62/><U90/><E80/><V2/><F2/><W52/><G129/><T119/><D119/><U26/><E73/><V16/><F128/><W130/><G130/><T55/><D55/><U117/><E72/><V131/><F131/><W17/><G17/><T96/><D96/><U67/><E117/><V40/><F16/><W78/><G78/><T20/><D20/><U44/><E53/><V101/><F79/><W132/><G132/><T24/><AGARI ba="0,1" hai="4,5,6,19,22,24,60,66,68,81,82,86,89,93" machi="24" ten="30,2000,0" yaku="1,1,0,1,53,0" doraHai="127" doraHaiUra="110" who="0" fromWho="0" sc="255,30,275,-10,209,-5,251,-5" /><INIT seed="2,0,0,5,1,5" ten="285,265,204,246" oya="2" hai0="109,31,82,102,80,59,32,99,52,33,48,51,46" hai1="126,11,44,68,34,67,71,76,110,88,14,103,63" hai2="70,60,56,47,58,121,83,101,73,95,43,38,125" hai3="42,29,123,41,8,25,3,84,7,81,1,24,61"/><V96/><F121/><W133/><G133/><T92/><D109/><U86/><E34/><V9/><F125/><W12/><G123/><T4/><D4/><U107/><E110/><V0/><F70/><W30/><G61/><T113/><D113/><U72/><E44/><V22/><F22/><W26/><G1/><T20/><D32/><U119/><E119/><V69/><F69/><W93/><G93/><T129/><D129/><U57/><E126/><V111/><F111/><W127/><G3/><T90/><D33/><U64/><E64/><V87/><F60/><W132/><G132/><T49/><D102/><U50/><E50/><N who="0" m="19561" /><D59/><U74/><E74/><V78/><F87/><W98/><G98/><T112/><D112/><U13/><E76/><V104/><F104/><W89/><REACH who="3" step="1"/><G127/><REACH who="3" ten="285,265,204,236" step="2"/><T77/><D82/><N who="1" m="49239" /><E107/><V28/><F28/><AGARI ba="0,1" hai="7,8,12,24,25,26,28,29,30,41,42,81,84,89" machi="28" ten="40,5200,0" yaku="1,1,8,1,52,1,53,0" doraHai="5" doraHaiUra="115" who="3" fromWho="2" sc="285,0,265,0,204,-52,236,62" /><INIT seed="3,0,0,1,5,86" ten="285,265,152,298" oya="3" hai0="83,64,134,92,104,2,60,119,85,7,45,100,128" hai1="37,31,44,56,109,65,71,9,126,96,117,39,11" hai2="90,74,118,3,50,101,18,61,115,129,33,106,70" hai3="72,42,66,97,111,94,105,16,38,21,1,59,131"/><W57/><G1/><T133/><D119/><U46/><E31/><V114/><F118/><W20/><G105/><T135/><D128/><U48/><E9/><V76/><F129/><W107/><G131/><T116/><D116/><U121/><E11/><V8/><F33/><W26/><G72/><T62/><D104/><U81/><E81/><V132/><F132/><W4/><G107/><T93/><D7/><U35/><E96/><V22/><F101/><W122/><G122/><T25/><D2/><U79/><E79/><V5/><F106/><W27/><G4/><T80/><D45/><U13/><E13/><V34/><F34/><W41/><G111/><T23/><D62/><N who="1" m="40375" /><E35/><V84/><F50/><W125/><G38/><N who="1" m="14346" /><E117/><V10/><F10/><W6/><G6/><T110/><D110/><U47/><E121/><V78/><F61/><N who="3" m="38191" /><G59/><N who="0" m="36895" /><D100/><U51/><E126/><V73/><F70/><W15/><G125/><T123/><D83/><U77/><E77/><V43/><F43/><N who="3" m="16395" /><G21/><T112/><D112/><U88/><E109/><V103/><F103/><AGARI ba="0,0" hai="15,16,20,26,27,94,97,103" m="16395,38191" machi="103" ten="30,2900,0" yaku="8,1,54,1" doraHai="86" who="3" fromWho="2" sc="285,0,265,0,152,-29,298,29" owari="285,8.5,265,-13.5,123,-37.7,327,42.7" /></mjloggm>