<mjloggm ver="2.3"><GO type="225" lobby="0"/><UN n0="%E5%8D%A0%E3%81%84%E5%B8%AB%E8%A3%8F%E3%81%AA%E3%81%84%E3%81%97" n1="%E3%83%A9%E3%82%B9%E7%8E%87%EF%BC%93%E5%89%B2" n2="%E3%81%AF%E3%82%88%E3%81%8A%E3%81%98%E3%81%95%E3%82%93" n3="%41%6F%54" dan="17,16,17,16" rate="2249.02,2202.61,2143.54,2103.75" sx="M,F,M,M"/><TAIKYOKU oya="0"/><INIT seed="0,0,0,0,4,75" ten="250,250,250,250" oya="0" hai0="11,94,85,7,22,131,77,130,100,128,23,25,37" hai1="82,0,59,45,125,74,15,40,34,110,88,24,98" hai2="133,121,79,66,106,5,96,80,90,102,55,52,97" hai3="84,2,109,111,127,60,129,46,105,33,48,51,116"/><T47/><D100/><U41/><E110/><V89/><F121/><W21/><G33/><T62/><D62/><U1/><E125/><V12/><F133/><W61/><G105/><T58/><D58/><U9/><E59/><V28/><F28/><W32/><G32/><T64/><D64/><U68/><E68/><V39/><F39/><W38/><G2/><T17/><D22/><U57/><E57/><V118/><F118/><W108/><G116/><T44/><D37/><U42/><E45/><V113/><F113/><W65/><G21/><T10/><D11/><U26/><E1/><V103/><F66/><W124/><G84/><T36/><D36/><U126/><E126/><N who="3" m="48170" /><G129/><T93/><D93/><N who="1" m="56615" /><E74/><V112/><F112/><W3/><G3/><N who="0" m="383" /><D94/><U14/><E0/><V35/><F35/><W71/><G61/><T120/><D120/><U6/><E34/><V73/><F5/><W132/><G132/><T16/><D17/><N who="1" m="8399" /><E82/><AGARI ba="0,0" hai="16,23,25,44,47,77,82,85,128,130,131" m="383" machi="82" ten="30,5800,0" yaku="19,1,52,1,54,1" doraHai="75" who="0" fromWho="1" sc="250,58,250,-58,250,0,250,0" /><INIT seed="0,1,0,0,4,45" ten="308,192,250,250" oya="0" hai0="4,115,88,27,85,63,3,29,111,83,124,66,97" hai1="26,35,2,105,46,30,118,9,65,126,44,127,25" hai2="33,134,91,6,28,114,40,81,132,49,48,59,103" hai3="19,16,15,129,113,58,41,69,87,94,5,130,39"/><T22/><D115/><U20/><E105/><V54/><F114/><W82/><G69/><T10/><D124/><N who="1" m="47659" /><E65/><V117/><F117/><W70/><G70/><T11/><D11/><U107/><E107/><V80/><F6/><W14/><G113/><T31/><D111/><U8/><E46/><N who="2" m="25671" /><F103/><W64/><G41/><T116/><D116/><U43/><E44/><V34/><F28/><W77/><G39/><T7/><D7/><N who="1" m="1143" /><E43/><V13/><F13/><N who="3" m="4619" /><G5/><T76/><D97/><U21/><E9/><V135/><F91/><W0/><G0/><T109/><D109/><U98/><E98/><V75/><F81/><W67/><G94/><T120/><D120/><U32/><E118/><V90/><F90/><W68/><G68/><T73/><D73/><U102/><E102/><V51/><F51/><W89/><G89/><T47/><D47/><U79/><E79/><AGARI ba="1,0" hai="33,34,49,54,59,75,79,80,132,134,135" m="25671" machi="79" ten="30,3900,0" yaku="20,1,52,2" doraHai="45" who="2" fromWho="1" sc="308,0,192,-42,250,42,250,0" /><INIT seed="1,0,0,3,1,24" ten="308,150,292,250" oya="1" hai0="81,109,105,48,135,64,128,75,4,98,104,70,31" hai1="7,15,85,95,56,18,34,127,108,54,14,16,37" hai2="101,121,103,36,0,59,8,131,28,86,114,90,66" hai3="118,12,62,119,39,130,49,96,78,51,82,35,87"/><U61/><E37/><V68/><F121/><W13/><G39/><T125/><D109/><U65/><E108/><V32/><F68/><W74/><G35/><T73/><D128/><U45/><E127/><V116/><F116/><N who="3" m="44587" /><G130/><T100/><D125/><U99/><E34/><V43/><F131/><W17/><G96/><T41/><D4/><U60/><E85/><V22/><F32/><W91/><G62/><T120/><D64/><U102/><E45/><V44/><F114/><W52/><G17/><T76/><D70/><U63/><E7/><V57/><F0/><W93/><G51/><T123/><D135/><U26/><E26/><V30/><F8/><W46/><AGARI ba="0,0" hai="12,13,46,49,52,74,78,82,87,91,93" m="44587" machi="46" ten="30,2000,0" yaku="12,1,54,1" doraHai="24" who="3" fromWho="3" sc="308,-5,150,-10,292,-5,250,20" /><INIT seed="2,0,0,5,5,109" ten="303,140,287,270" oya="2" hai0="102,100,77,134,45,107,29,68,95,93,56,132,11" hai1="14,38,60,116,18,106,135,88,44,59,86,34,85" hai2="62,50,115,104,21,69,73,66,35,124,121,10,70" hai3="72,75,82,130,43,125,31,5,91,127,101,17,123"/><V20/><F121/><W41/><G123/><T98/><D68/><U9/><E116/><V55/><F35/><W6/><G17/><T53/><D29/><U110/><E110/><V23/><F124/><N who="3" m="47691" /><G31/><T58/><D77/><U113/><E135/><N who="0" m="51753" /><D11/><U54/><E106/><V32/><F32/><W22/><G22/><T65/><D65/><U26/><E86/><V80/><F104/><W61/><G61/><T39/><D102/><U12/><E12/><V83/><F70/><W90/><G101/><T78/><D78/><U108/><E108/><V74/><F10/><W7/><G82/><T97/><D97/><U71/><E71/><V2/><F2/><W37/><G130/><T79/><D79/><U19/><E34/><V15/><F15/><W57/><G57/><N who="0" m="22123" /><D53/><U36/><E44/><N who="2" m="28103" /><F83/><W46/><G43/><AGARI ba="0,0" hai="39,43,45,93,95,98,100,107" m="22123,51753" machi="43" ten="30,1000,0" yaku="20,1" doraHai="109" who="0" fromWho="3" sc="303,10,140,0,287,0,270,-10" /><INIT seed="3,0,0,1,2,95" ten="313,140,287,260" oya="3" hai0="24,88,26,92,38,19,47,97,49,25,99,83,132" hai1="100,31,98,20,94,108,64,71,130,48,40,135,78" hai2="23,15,70,80,101,54,0,63,32,119,111,77,22" hai3="42,82,27,17,69,45,11,53,86,6,34,16,133"/><W120/><G133/><T114/><D38/><U105/><E135/><V52/><F119/><W4/><G120/><T55/><D132/><U10/><E108/><V85/><F32/><W128/><G69/><T84/><D114/><U33/><E130/><V116/><F0/><W37/><G128/><T13/><D92/><U14/><E20/><AGARI ba="0,0" hai="13,19,20,24,25,26,47,49,55,83,84,88,97,99" machi="20" ten="40,8000,1" yaku="8,1,52,2,54,1" doraHai="95" who="0" fromWho="1" sc="313,80,140,-80,287,0,260,0" owari="393,49.3,60,-44.0,287,8.7,260,-14.0" /></mjloggm>