<mjloggm ver="2.3"><GO type="225" lobby="0"/><UN n0="%33%74%72%65%65" n1="%72%69%6F%75%63%68%61%6E" n2="%E5%B6%BA%E4%B8%8A%E5%92%B2" n3="%E4%B8%8B%E6%AE%B5%E3%83%81%E3%82%A7%E3%83%AA%E3%83%BC" dan="16,16,16,16" rate="2049.77,2135.84,2167.92,2150.28" sx="F,M,F,M"/><TAIKYOKU oya="0"/><INIT seed="0,0,0,1,5,55" ten="250,250,250,250" oya="0" hai0="79,66,19,49,87,119,21,130,62,120,75,103,68" hai1="60,14,133,129,101,20,80,5,128,114,131,6,74" hai2="69,3,28,71,95,46,98,88,90,110,23,27,73" hai3="7,109,117,33,63,47,53,10,107,123,17,93,81"/><T102/><D119/><U16/><E133/><V104/><F110/><W8/><G107/><T39/><D120/><U126/><E126/><V35/><F104/><W124/><G123/><T29/><D39/><U9/><E114/><V134/><F3/><W99/><G117/><T1/><D130/><U24/><E101/><V0/><F0/><W100/><G33/><T89/><D1/><U40/><E40/><V76/><F134/><W41/><G124/><T67/><D29/><U85/><E60/><V111/><F111/><W54/><G109/><T122/><D122/><U11/><E74/><V91/><F35/><W82/><G17/><T56/><D79/><N who="1" m="46239" /><E9/><N who="3" m="3690" /><G7/><AGARI ba="0,0" hai="5,6,7,11,14,16,20,24,128,129,131" m="46239" machi="7" ten="30,2000,0" yaku="19,1,54,1" doraHai="55" who="1" fromWho="3" sc="250,0,250,20,250,0,250,-20" /><INIT seed="1,0,0,4,0,39" ten="250,270,250,230" oya="1" hai0="32,29,21,43,41,104,84,72,13,82,23,99,6" hai1="56,96,2,102,65,90,81,40,74,106,113,4,27" hai2="57,44,62,93,69,46,114,78,112,76,75,128,67" hai3="103,58,47,53,111,48,85,110,45,126,116,127,79"/><U8/><E113/><N who="2" m="43627" /><F128/><W92/><G103/><T60/><D72/><U121/><E121/><V59/><F93/><W131/><G92/><T97/><D32/><U124/><E124/><N who="3" m="47658" /><G85/><T51/><D60/><U35/><E40/><N who="0" m="15433" /><D104/><U71/><E56/><N who="2" m="21579" /><F75/><W25/><G79/><AGARI ba="0,0" hai="44,46,62,67,69,76,78,79" m="21579,43627" machi="79" ten="30,1000,0" yaku="11,1" doraHai="39" who="2" fromWho="3" sc="250,0,270,0,250,10,230,-10" /><INIT seed="2,0,0,0,0,5" ten="250,270,260,220" oya="2" hai0="107,121,77,122,135,22,133,72,68,75,103,94,33" hai1="38,126,14,73,67,108,28,27,1,110,40,97,104" hai2="7,92,66,12,41,74,55,125,48,96,32,111,36" hai3="46,31,19,53,70,118,87,9,116,35,101,130,57"/><V15/><F32/><W124/><G70/><T3/><D33/><U49/><E126/><V10/><F74/><N who="0" m="28202" /><D68/><U127/><E127/><V23/><F125/><W105/><G124/><T11/><D22/><U86/><E73/><V45/><F111/><N who="1" m="42537" /><E1/><V30/><F66/><W43/><G130/><T71/><D71/><U50/><E67/><V82/><F82/><W84/><G118/><T90/><D77/><U117/><E117/><V115/><F115/><W95/><G105/><T0/><D0/><U91/><E14/><V114/><F114/><W62/><G116/><T79/><D79/><U56/><E56/><V128/><F128/><W65/><G65/><T37/><D37/><U61/><E61/><V26/><F15/><W21/><G35/><T17/><D17/><U123/><E123/><V2/><F2/><W64/><G53/><T29/><D29/><U58/><E58/><V102/><F36/><W132/><G132/><N who="0" m="50763" /><D121/><U25/><E38/><V109/><F109/><W129/><G129/><T47/><D47/><N who="1" m="25831" /><E28/><V60/><F60/><W83/><G31/><T69/><D69/><U100/><E50/><V88/><REACH who="2" step="1"/><F55/><REACH who="2" ten="250,270,250,220" step="2"/><W20/><G83/><AGARI ba="0,1" hai="25,27,83,86,91,97,100,104" m="25831,42537" machi="83" ten="30,1000,0" yaku="14,1" doraHai="5" who="1" fromWho="3" sc="250,0,270,20,250,0,220,-10" /><INIT seed="3,0,0,5,2,0" ten="250,290,250,210" oya="3" hai0="4,131,11,32,59,20,81,24,37,50,70,93,60" hai1="94,92,31,29,14,115,113,127,19,117,123,42,78" hai2="125,112,130,88,74,12,76,98,45,68,102,103,86" hai3="23,69,108,53,91,83,67,26,128,129,55,119,84"/><W104/><G104/><T33/><D131/><N who="3" m="50249" /><G119/><T21/><D37/><U132/><E123/><V8/><F68/><W38/><G38/><T28/><D70/><U43/><E78/><V56/><F112/><W109/><G67/><T13/><D50/><U100/><E92/><N who="2" m="54295" /><F130/><W116/><G69/><T46/><D46/><U49/><E113/><V90/><F125/><W51/><G116/><T96/><D81/><U17/><E115/><V106/><F45/><N who="3" m="27887" /><G55/><T85/><D33/><U111/><E117/><V66/><F66/><W134/><G134/><T9/><D85/><U107/><E107/><V54/><F102/><W72/><G72/><T105/><D105/><U133/><E127/><V126/><F126/><W7/><G7/><T35/><D35/><U99/><E111/><N who="3" m="42570" /><G23/><T95/><D20/><U10/><E133/><V25/><F54/><W77/><G26/><T58/><D21/><N who="1" m="11447" /><E132/><V89/><F25/><W52/><G52/><T15/><D24/><U62/><E42/><V47/><F47/><W39/><G39/><T87/><D32/><U63/><E43/><V124/><F124/><W18/><G18/><T121/><D4/><U120/><E19/><N who="2" m="8583" /><F56/><W1/><G1/><T5/><D59/><U41/><E41/><V16/><F16/><W44/><G44/><T101/><D58/><U22/><E22/><V30/><F30/><W80/><G80/><AGARI ba="0,0" hai="74,76,80,89,90,98,103,106" m="8583,54295" machi="80" ten="30,2000,0" yaku="24,1,54,1" doraHai="0" who="2" fromWho="3" sc="250,0,290,0,250,20,210,-20" /><INIT seed="4,0,0,4,5,100" ten="250,290,270,190" oya="0" hai0="85,83,105,48,63,65,109,125,93,8,40,71,20" hai1="16,60,122,127,98,119,72,84,116,55,31,79,36" hai2="51,43,103,114,50,64,87,121,32,38,1,37,5" hai3="26,95,59,0,94,7,113,126,33,61,123,34,39"/><T3/><D125/><U132/><E122/><V23/><F32/><W76/><G39/><T99/><D109/><U68/><E72/><V9/><F121/><W2/><G123/><T29/><D105/><U25/><E36/><V27/><F114/><W104/><G104/><T78/><D3/><U73/><E84/><V21/><F103/><W70/><G70/><T67/><D8/><U49/><E16/><V44/><F64/><W57/><G76/><T19/><D29/><U134/><E127/><V15/><F1/><W88/><G126/><T106/><D106/><U96/><E79/><V82/><F50/><W13/><G13/><T90/><D63/><U22/><E73/><V111/><F23/><W56/><G61/><T45/><REACH who="0" step="1"/><D71/><REACH who="0" ten="240,290,270,190" step="2"/><U107/><E107/><V10/><F10/><W120/><G120/><T133/><D133/><N who="1" m="51307" /><E60/><V69/><F69/><W35/><G113/><T115/><D115/><U75/><E68/><V131/><F111/><W46/><G46/><T80/><D80/><U117/><E75/><V112/><F112/><W130/><G130/><T128/><D128/><U42/><E119/><V28/><F131/><W129/><G129/><T41/><D41/><U4/><E42/><V58/><F58/><W86/><G7/><T97/><D97/><N who="1" m="37483" /><E4/><V12/><F5/><W24/><REACH who="3" step="1"/><G94/><REACH who="3" ten="240,290,270,180" step="2"/><T77/><D77/><U91/><E116/><V62/><F62/><W81/><G81/><T47/><D47/><N who="1" m="28095" /><E117/><V101/><F82/><W66/><G66/><T18/><D18/><U6/><E6/><V135/><F38/><W124/><G124/><T92/><D92/><RYUUKYOKU ba="0,2" sc="240,10,290,10,270,-30,180,10" hai0="19,20,40,45,48,65,67,78,83,85,90,93,99" hai1="22,25,31,91" hai3="0,2,24,26,33,34,35,56,57,59,86,88,95" /><INIT seed="4,1,2,1,1,115" ten="250,300,240,190" oya="0" hai0="128,3,42,133,93,34,67,107,8,98,117,71,132" hai1="0,40,88,87,27,6,95,60,52,122,106,130,35" hai2="61,68,129,83,65,99,38,41,135,131,7,11,127" hai3="80,29,86,82,72,75,134,15,110,62,28,44,79"/><T77/><D117/><U4/><E106/><V78/><F99/><W30/><G110/><T31/><D128/><N who="2" m="49226" /><F135/><N who="0" m="51786" /><D77/><U43/><E130/><V48/><F127/><W51/><G134/><T19/><D42/><N who="1" m="15915" /><E35/><V56/><F11/><W50/><G62/><N who="0" m="40439" /><D107/><U124/><E0/><V14/><F14/><W59/><G59/><T123/><D123/><U64/><E124/><V105/><F7/><N who="1" m="2601" /><E122/><V55/><F105/><W111/><G111/><T90/><D3/><U73/><E73/><N who="2" m="43471" /><F41/><W36/><G36/><AGARI ba="1,2" hai="36,38,48,55,56,61,65,68" m="43471,49226" machi="36" ten="30,1000,0" yaku="19,1" doraHai="115" who="2" fromWho="3" sc="250,0,300,0,240,33,190,-13" owari="250,-15.0,300,40.0,273,7.3,177,-32.3" /></mjloggm>