<mjloggm ver="2.3"><GO type="225" lobby="0"/><UN n0="%E3%83%A9%E3%82%A4%E3%83%B3%E3%81%AE%E8%99%8E" n1="%E7%8D%A3%E8%87%AD%E3%81%84%E8%82%89%E7%90%83" n2="%E7%9A%AE%E3%80%85" n3="%E3%81%BF%E3%81%BF%E3%81%9A" dan="16,16,16,18" rate="2136.41,2114.13,2076.93,2247.95" sx="M,M,F,M"/><TAIKYOKU oya="0"/><INIT seed="0,0,0,4,5,123" ten="250,250,250,250" oya="0" hai0="58,102,29,18,31,133,16,65,51,23,52,57,53" hai1="110,114,78,21,71,121,86,103,32,101,115,127,92" hai2="81,84,112,5,74,40,129,111,24,135,39,88,69" hai3="128,43,108,59,132,130,131,48,73,13,11,79,34"/><T41/><D133/><U61/><E121/><V113/><F69/><W28/><G132/><T63/><D102/><U9/><E32/><V4/><F135/><W60/><G28/><T10/><D41/><U134/><E134/><V82/><F129/><W67/><G34/><T42/><D42/><U15/><E127/><V12/><F40/><W20/><G20/><T122/><D122/><U30/><E110/><V3/><F39/><W36/><G36/><T47/><D10/><U118/><E118/><V1/><F24/><W22/><G22/><T45/><D18/><U120/><E120/><V109/><F12/><W6/><G108/><N who="2" m="41545" /><F5/><W14/><G14/><N who="0" m="9623" /><D47/><U85/><E21/><V124/><F124/><W119/><G119/><T35/><D35/><U70/><E30/><V89/><F89/><W19/><G19/><T96/><D96/><U80/><E15/><V105/><F105/><W2/><G13/><T25/><D25/><U66/><E9/><N who="2" m="2191" /><F3/><W54/><G43/><T117/><D117/><U97/><E70/><V17/><F17/><W126/><G126/><T38/><D38/><U50/><E103/><V55/><F55/><W87/><G130/><T95/><D95/><U49/><E86/><V7/><F7/><W99/><G87/><T27/><D27/><U56/><E71/><V33/><F33/><W26/><G26/><T64/><D53/><U125/><E125/><V72/><F82/><N who="3" m="45423" /><G99/><T106/><D106/><U77/><E77/><V98/><F98/><W0/><G2/><T76/><D76/><U91/><E78/><V90/><F90/><W83/><G131/><RYUUKYOKU ba="0,0" sc="250,10,250,10,250,10,250,-30" hai0="29,31,45,51,52,57,58,63,64,65" hai1="49,50,56,61,66,80,85,91,92,97,101,114,115" hai2="72,74,81,84,88,112,113" /><INIT seed="0,1,0,1,3,92" ten="260,260,260,220" oya="0" hai0="23,60,37,72,34,6,26,76,70,31,29,118,131" hai1="13,32,49,4,47,41,53,19,16,65,10,14,27" hai2="106,9,87,21,61,24,28,55,101,46,66,119,42" hai3="108,121,25,117,1,91,8,80,127,111,43,17,0"/><T44/><D118/><U90/><E65/><V3/><F119/><W135/><G117/><T110/><D131/><U124/><E124/><V132/><F132/><W89/><G135/><T71/><D23/><U15/><E90/><V40/><F87/><W68/><G68/><T63/><D31/><U134/><E134/><V99/><F55/><W48/><G127/><T67/><D6/><U112/><E112/><V126/><F126/><W38/><G38/><T107/><D110/><N who="3" m="42025" /><G121/><T5/><D5/><U83/><E83/><V102/><F102/><W105/><G105/><T51/><D107/><U129/><E129/><V133/><F133/><W18/><G25/><T94/><D94/><U22/><E32/><V35/><F21/><W74/><G74/><T125/><D125/><U78/><E78/><V120/><F120/><W84/><G91/><T122/><D122/><U96/><E96/><V57/><F9/><W128/><G128/><T11/><D11/><U88/><E88/><V115/><F3/><N who="3" m="1099" /><G8/><T86/><D86/><U81/><E81/><V54/><F115/><W79/><G89/><T82/><D37/><U75/><E75/><V85/><F85/><W123/><G123/><T130/><D130/><U39/><REACH who="1" step="1"/><E4/><REACH who="1" ten="260,250,260,220" step="2"/><V59/><REACH who="2" step="1"/><F46/><AGARI ba="1,1" hai="17,18,43,46,48,79,80,84" m="1099,42025" machi="46" ten="30,1000,0" yaku="14,1" doraHai="92" who="3" fromWho="2" sc="260,0,250,0,260,-13,220,23" /><AGARI ba="1,0" hai="10,13,14,15,16,19,22,27,39,41,46,47,49,53" machi="46" ten="30,7700,0" yaku="1,1,2,1,7,1,54,1,53,0" doraHai="92" doraHaiUra="73" who="1" fromWho="2" sc="260,0,250,77,247,-77,243,0" /><INIT seed="1,0,0,2,1,116" ten="260,327,170,243" oya="1" hai0="43,84,59,121,12,89,134,107,11,97,26,62,112" hai1="65,30,118,113,55,3,7,50,54,127,103,124,39" hai2="53,109,135,9,35,111,10,2,83,68,48,17,131" hai3="129,87,128,93,32,40,74,76,133,79,0,96,27"/><U115/><E118/><V130/><F68/><W123/><G0/><T20/><D112/><U117/><E117/><V119/><F119/><W1/><G1/><T34/><D34/><U99/><E39/><V24/><F83/><W38/><G38/><T41/><D134/><U67/><E30/><N who="2" m="19911" /><F53/><W25/><G40/><T21/><D21/><U6/><E3/><V23/><F48/><W47/><G47/><T22/><D22/><U49/><E99/><V82/><F82/><W66/><G66/><T57/><D57/><U125/><E103/><V31/><F31/><W14/><G74/><T90/><D107/><U51/><E67/><V63/><F63/><W45/><G45/><T75/><D97/><U77/><E65/><V95/><F95/><W101/><G133/><T88/><D75/><U4/><E77/><N who="3" m="29770" /><G87/><T15/><D84/><U13/><E13/><N who="2" m="9647" /><F2/><W73/><G73/><T5/><D43/><U18/><E18/><V104/><F104/><W85/><G85/><T108/><D41/><U81/><E81/><V114/><F114/><AGARI ba="0,0" hai="4,6,7,49,50,51,54,55,113,114,115,124,125,127" machi="114" ten="50,12000,1" yaku="29,2,28,2,18,1" doraHai="116" who="1" fromWho="2" sc="260,0,327,120,170,-120,243,0" /><INIT seed="1,1,0,1,4,18" ten="260,447,50,243" oya="1" hai0="0,70,83,105,89,26,19,55,86,134,16,95,104" hai1="72,123,67,79,3,96,15,66,49,126,43,46,53" hai2="40,97,110,108,58,39,71,121,27,76,56,47,17" hai3="45,100,8,107,10,57,25,13,37,4,65,23,106"/><U5/><E123/><V38/><F121/><W101/><G37/><T93/><D0/><U114/><E114/><V135/><F76/><W21/><G45/><T133/><D70/><U111/><E126/><V64/><F97/><W42/><G42/><T73/><D55/><U94/><E3/><V80/><F80/><W31/><G10/><T116/><D19/><U119/><E119/><V1/><F1/><W132/><G132/><N who="0" m="50795" /><D116/><U60/><E111/><N who="2" m="42539" /><F135/><W129/><G129/><T91/><D16/><U113/><E113/><V52/><F27/><N who="3" m="16879" /><G107/><N who="0" m="41035" /><D26/><U125/><E125/><V128/><F17/><N who="3" m="12527" /><G106/><T88/><D73/><U62/><E5/><V68/><F128/><W118/><G118/><T109/><D109/><U2/><E2/><V33/><F33/><W99/><G99/><T112/><D112/><U90/><E15/><V85/><F85/><W9/><G9/><T131/><D131/><U54/><E54/><V48/><F38/><W28/><G28/><T30/><D30/><U102/><E53/><N who="2" m="31783" /><F64/><W124/><G124/><T61/><D61/><AGARI ba="1,0" hai="39,40,47,52,58,61,68,71" m="31783,42539" machi="61" ten="30,7700,0" yaku="14,1,34,2,54,1" doraHai="18" who="2" fromWho="0" sc="260,-80,447,0,50,80,243,0" /><AGARI ba="1,0" hai="4,8,13,57,61,65,100,101" m="12527,16879" machi="61" ten="30,3900,0" yaku="8,1,52,2" doraHai="18" who="3" fromWho="0" sc="180,-39,447,0,130,0,243,39" /><INIT seed="2,0,0,1,3,70" ten="141,447,130,282" oya="2" hai0="15,68,135,128,26,65,83,72,133,120,106,78,33" hai1="119,108,88,5,51,50,35,76,101,125,61,105,86" hai2="129,77,30,84,82,81,94,22,60,100,1,103,41" hai3="102,109,131,127,73,71,58,112,98,6,87,99,24"/><V48/><F1/><W91/><G71/><T46/><D120/><U121/><E119/><V25/><F129/><W53/><G73/><T113/><D113/><U110/><E121/><V62/><F82/><W114/><G131/><T9/><D128/><U116/><E116/><V64/><F94/><W93/><G109/><N who="1" m="42090" /><E35/><V74/><F74/><W17/><G6/><T36/><D106/><U39/><E39/><V66/><F48/><W75/><G75/><T10/><D65/><N who="2" m="25194" /><F41/><W2/><G2/><T118/><D68/><U55/><E76/><V27/><F27/><W44/><G44/><T79/><D79/><U54/><E61/><AGARI ba="0,0" hai="22,25,30,60,61,62,77,81,84,100,103" m="25194" machi="61" ten="30,1500,0" yaku="8,1" doraHai="70" who="2" fromWho="1" sc="141,0,447,-15,130,15,282,0" /><INIT seed="2,1,0,1,4,9" ten="141,432,145,282" oya="2" hai0="88,39,134,15,123,135,125,96,12,83,118,18,17" hai1="106,29,128,50,132,74,45,11,44,127,56,124,84" hai2="65,13,28,104,67,122,126,66,32,94,103,38,82" hai3="51,73,80,64,119,99,107,49,75,116,85,22,36"/><V101/><F122/><W112/><G36/><T40/><D123/><U54/><E74/><V89/><F38/><W98/><G64/><T131/><D131/><U55/><E128/><V81/><F126/><N who="1" m="48169" /><E106/><V93/><F104/><W115/><G22/><T14/><D125/><U129/><E129/><V71/><F71/><W43/><G43/><T121/><D121/><U63/><E132/><N who="0" m="50729" /><D118/><N who="3" m="45097" /><G49/><T91/><D96/><N who="3" m="36905" /><G51/><T117/><D117/><U6/><E29/><V79/><F32/><W59/><G59/><T30/><D30/><U24/><E24/><V105/><F28/><W95/><G95/><T108/><D108/><U60/><E84/><N who="2" m="48191" /><F105/><W69/><G69/><T70/><D70/><U0/><E45/><V77/><F93/><W33/><G33/><T86/><D91/><U4/><E6/><V57/><F89/><N who="3" m="51367" /><G107/><T46/><AGARI ba="1,0" hai="12,14,15,17,18,39,40,46,83,86,88" m="50729" machi="46" ten="40,8000,1" yaku="20,1,52,3,54,1" doraHai="9" who="0" fromWho="0" sc="141,83,432,-21,145,-41,282,-21" /><INIT seed="3,0,0,3,5,90" ten="224,411,104,261" oya="3" hai0="75,82,71,97,2,86,41,132,62,49,115,5,59" hai1="42,30,119,109,12,38,22,65,44,26,27,31,127" hai2="8,37,23,3,133,9,110,17,77,84,32,121,58" hai3="123,39,87,29,36,105,104,120,95,101,88,99,60"/><W64/><G105/><T128/><D128/><U63/><E109/><V28/><F58/><W51/><G51/><T81/><D132/><U94/><E127/><V113/><F37/><W34/><G36/><T74/><D115/><U96/><E119/><V6/><F84/><W20/><G20/><T53/><D82/><U35/><E12/><N who="2" m="9639" /><F77/><W122/><G39/><T117/><D117/><U18/><E35/><V130/><F113/><W83/><G83/><T129/><D129/><U134/><E27/><N who="2" m="18463" /><F110/><W11/><G11/><T126/><D126/><U107/><E107/><V24/><F130/><W108/><G108/><T124/><D124/><U98/><E98/><V72/><F72/><W73/><G73/><T25/><D97/><U114/><E134/><V21/><F133/><W118/><G118/><T76/><D71/><U46/><E46/><V15/><F121/><W13/><G122/><T80/><D80/><U93/><E93/><V50/><F50/><W68/><G13/><T55/><D41/><U78/><E78/><V69/><F69/><W92/><G92/><T33/><D53/><U79/><E79/><V116/><F116/><W66/><G64/><T57/><D57/><U111/><E111/><V54/><F54/><W1/><G1/><T43/><D43/><U100/><E114/><V102/><F102/><W112/><G112/><T131/><D49/><U47/><E47/><V45/><F45/><W135/><G135/><T10/><D131/><U0/><E0/><V48/><F48/><W89/><G89/><T106/><D106/><U7/><E7/><N who="2" m="3519" /><F21/><W85/><G85/><RYUUKYOKU ba="0,0" sc="224,0,411,0,104,0,261,0" hai0="2,5,10,25,33,55,59,62,74,75,76,81,86" hai1="18,22,26,30,31,38,42,44,63,65,94,96,100" hai2="3,6,8,24" hai3="29,34,60,66,68,87,88,95,99,101,104,120,123" /><INIT seed="3,1,0,1,4,39" ten="224,411,104,261" oya="3" hai0="101,116,98,131,16,18,109,25,84,30,123,72,4" hai1="82,47,67,132,124,49,59,80,117,103,21,32,86" hai2="54,43,135,2,77,87,60,89,10,19,20,64,40" hai3="128,36,133,119,42,96,105,14,94,44,31,69,102"/><W104/><G119/><T8/><D72/><U51/><E32/><V1/><F135/><W75/><G133/><T79/><D116/><U126/><E132/><V112/><F112/><W57/><G69/><T65/><D123/><U38/><E117/><V22/><F77/><W35/><G75/><T121/><D121/><U5/><E103/><V45/><F54/><W108/><G128/><T13/><D109/><U110/><E110/><V107/><F107/><W46/><G108/><T90/><D79/><U114/><E114/><V91/><F91/><W17/><G57/><T125/><D125/><N who="1" m="48235" /><E5/><V9/><F45/><W71/><G71/><T129/><D129/><U37/><E21/><V34/><F34/><W63/><G63/><T127/><D65/><U50/><E47/><V93/><F20/><W100/><G100/><T29/><D131/><U78/><E80/><V81/><F81/><W61/><G61/><AGARI ba="1,0" hai="37,38,49,50,51,59,61,67,78,82,86" m="48235" machi="61" ten="30,1000,0" yaku="18,1" doraHai="39" who="1" fromWho="3" sc="224,0,411,13,104,0,261,-13" owari="224,-17.6,424,52.4,104,-39.6,248,4.8" /></mjloggm>