<mjloggm ver="2.3"><GO type="225" lobby="0"/><UN n0="%E3%81%AF%E3%82%88%E3%81%8A%E3%81%98%E3%81%95%E3%82%93" n1="%E7%B4%94%E6%BD%94%E3%83%94%E3%83%A9%E3%83%8B%E3%82%A2" n2="%E6%A1%9C%E8%8A%B1%E9%96%83%E3%80%85" n3="%E5%91%A8%E6%9D%B1" dan="17,16,16,17" rate="2141.57,2109.03,2140.79,2139.32" sx="M,M,M,M"/><TAIKYOKU oya="0"/><INIT seed="0,0,0,5,4,70" ten="250,250,250,250" oya="0" hai0="59,122,26,112,60,69,47,11,24,87,89,37,128" hai1="3,48,50,34,62,110,88,14,120,44,91,105,39" hai2="115,103,86,85,72,126,7,32,116,94,108,134,38" hai3="1,13,54,51,45,135,22,25,12,33,81,77,113"/><T16/><D69/><U93/><E3/><V40/><F7/><W123/><G113/><T8/><D122/><U98/><E120/><V95/><F40/><W127/><G123/><T130/><D112/><U102/><E34/><V84/><F32/><W21/><G1/><T28/><D28/><U65/><E110/><V96/><F115/><W63/><G127/><T42/><D87/><N who="2" m="33354" /><F38/><W0/><G0/><T61/><D61/><U15/><E39/><V90/><F108/><W4/><G135/><T99/><D99/><U23/><E48/><V31/><F31/><W67/><G33/><T36/><D89/><N who="1" m="34379" /><E23/><V43/><F43/><W111/><G111/><T73/><D73/><U57/><E105/><N who="2" m="63719" /><F126/><W68/><G22/><N who="0" m="13383" /><D37/><U92/><E93/><N who="2" m="54487" /><F134/><W30/><G4/><T66/><D26/><U118/><E118/><V78/><F116/><W17/><G30/><T19/><D19/><U9/><E9/><V114/><F114/><W29/><G29/><T121/><D121/><U27/><E27/><V5/><F5/><W83/><G83/><AGARI ba="0,0" hai="72,78,83,94,95" m="54487,63719,33354" machi="83" ten="30,12000,2" yaku="24,1,35,5" doraHai="70" who="2" fromWho="3" sc="250,0,250,0,250,120,250,-120" /><INIT seed="1,0,0,3,1,64" ten="250,250,370,130" oya="1" hai0="63,93,87,14,27,115,135,45,106,128,67,131,100" hai1="44,94,96,121,134,49,43,84,34,73,76,91,13" hai2="29,37,28,3,55,78,118,15,32,54,89,80,72" hai3="129,85,69,97,83,125,6,119,117,99,95,36,23"/><U107/><E121/><V9/><F118/><N who="3" m="45067" /><G36/><T113/><D106/><U41/><E34/><V79/><F3/><W104/><G6/><T48/><D14/><U19/><E134/><V17/><F37/><W103/><G23/><T24/><D135/><U101/><E73/><V126/><F126/><W98/><G69/><T81/><D93/><U116/><E116/><V86/><F32/><W77/><G125/><T21/><D100/><U111/><E111/><V53/><F72/><W2/><G2/><T61/><D87/><U52/><REACH who="1" step="1"/><E76/><AGARI ba="0,0" hai="9,15,17,28,29,53,54,55,76,78,79,80,86,89" machi="76" ten="40,1300,0" yaku="8,1" doraHai="64" who="2" fromWho="1" sc="250,0,250,-13,370,13,130,0" /><INIT seed="2,0,0,0,2,111" ten="250,237,383,130" oya="2" hai0="24,108,91,20,124,59,78,118,4,6,113,115,104" hai1="129,62,17,135,22,32,68,51,98,81,126,101,21" hai2="54,63,31,19,72,57,40,26,73,109,42,130,102" hai3="49,39,88,96,107,18,120,45,125,13,112,75,58"/><V84/><F130/><W25/><G120/><T65/><D104/><U50/><E32/><V122/><F122/><W12/><G75/><T47/><D108/><U61/><E129/><V77/><F109/><W74/><G74/><T56/><D78/><U95/><E126/><V90/><F102/><W132/><G125/><T85/><D124/><U110/><E135/><V67/><F73/><W23/><G132/><T119/><D47/><U64/><E110/><V117/><F117/><N who="0" m="44554" /><D4/><U114/><E114/><N who="0" m="43529" /><D6/><U30/><E61/><V29/><F77/><W7/><G112/><T16/><D65/><U34/><E34/><V41/><F72/><W79/><G79/><T134/><D134/><U14/><E81/><AGARI ba="0,0" hai="16,20,24,56,59,81,85,91" m="43529,44554" machi="81" ten="30,8000,1" yaku="12,1,52,3,54,1" doraHai="111" who="0" fromWho="1" sc="250,80,237,-80,383,0,130,0" /><INIT seed="3,0,0,3,4,49" ten="330,157,383,130" oya="3" hai0="8,12,115,7,81,119,105,23,3,121,97,79,6" hai1="39,60,101,40,86,98,130,41,114,66,83,100,65" hai2="11,92,55,129,5,35,30,72,94,131,51,87,70" hai3="56,78,21,69,14,127,19,71,45,1,120,67,33"/><W76/><G1/><T50/><D121/><U24/><E114/><V107/><F107/><W25/><G120/><T27/><D119/><U118/><E118/><V109/><F72/><W134/><G127/><T38/><D38/><U74/><E74/><V117/><F70/><W133/><G45/><T64/><D115/><U99/><E39/><V104/><F104/><W90/><G90/><T84/><D64/><N who="1" m="24683" /><E60/><V128/><F109/><W54/><G67/><T46/><D105/><U58/><E58/><N who="2" m="33151" /><F87/><W73/><G71/><T53/><D97/><N who="1" m="36875" /><E24/><N who="2" m="18887" /><F117/><W32/><G69/><T96/><D96/><U34/><E34/><N who="3" m="13418" /><G25/><T44/><D3/><AGARI ba="0,0" hai="3,5,11,92,94,128,129,131" m="18887,33151" machi="3" ten="30,2000,0" yaku="19,1,52,1" doraHai="49" who="2" fromWho="0" sc="330,-20,157,0,383,20,130,0" owari="310,11.0,157,-24.3,403,50.3,130,-37.0" /></mjloggm>