<mjloggm ver="2.3"><GO type="225" lobby="0"/><UN n0="%E3%81%AF%E3%82%88%E3%81%8A%E3%81%98%E3%81%95%E3%82%93" n1="%E7%99%BD%E9%B9%BF%E6%84%9B%E8%8E%89" n2="%E3%83%A9%E3%83%BC%E3%83%A1%E3%83%B3%E4%BA%94%E9%83%8E" n3="%E3%83%96%E3%83%83%E3%83%91%E3%82%AA%E3%83%96%E3%83%81%E3%82%AD%E3%83%B3" dan="16,17,16,16" rate="2195.62,2113.79,2095.30,2224.42" sx="M,F,M,M"/><TAIKYOKU oya="0"/><INIT seed="0,0,0,3,0,101" ten="250,250,250,250" oya="0" hai0="57,132,22,104,71,125,53,8,82,16,74,91,52" hai1="83,44,33,32,123,46,133,118,51,72,120,85,127" hai2="43,58,106,92,70,2,95,124,131,11,24,98,81" hai3="12,45,73,0,68,36,75,77,27,23,13,17,89"/><T126/><D126/><U130/><E118/><V4/><F70/><W59/><G68/><T19/><D19/><U121/><BYE who="0" /><E72/><V66/><F124/><W39/><G0/><T30/><D30/><U26/><E130/><UN n0="%E3%81%AF%E3%82%88%E3%81%8A%E3%81%98%E3%81%95%E3%82%93" /><V67/><F131/><W110/><G110/><T40/><D71/><U84/><E127/><V31/><F43/><W25/><G89/><T49/><D125/><U1/><E1/><V20/><F81/><W128/><G128/><T79/><D132/><U29/><E133/><V116/><F116/><W34/><G59/><T38/><D104/><U113/><E113/><V107/><F92/><W90/><G90/><T42/><D38/><U56/><E85/><V6/><F6/><W115/><G115/><T129/><D8/><U21/><E56/><V80/><F80/><W117/><G117/><T94/><D53/><U93/><E93/><V63/><REACH who="2" step="1"/><F67/><REACH who="2" ten="250,250,240,250" step="2"/><W99/><G39/><T102/><D129/><U111/><E111/><V15/><F15/><W50/><G12/><N who="0" m="9479" /><D102/><AGARI ba="0,1" hai="2,4,11,20,24,31,58,63,66,95,98,102,106,107" machi="102" ten="30,12000,2" yaku="1,1,7,1,25,2,52,2,53,0" doraHai="101" doraHaiUra="28" who="2" fromWho="0" sc="250,-120,250,0,240,130,250,0" /><INIT seed="1,0,0,5,0,116" ten="130,250,370,250" oya="1" hai0="84,35,104,74,65,8,107,88,97,108,32,39,94" hai1="45,31,133,132,85,49,53,73,106,117,52,7,44" hai2="79,27,105,40,33,28,54,113,77,98,63,129,57" hai3="60,96,131,69,86,41,119,130,135,99,25,17,61"/><U80/><E117/><V29/><F129/><N who="3" m="49163" /><G119/><T76/><D39/><U101/><E73/><V37/><F113/><W21/><G135/><N who="1" m="51786" /><E31/><V23/><F33/><W67/><G41/><T128/><D128/><U5/><E101/><V126/><F29/><W19/><G86/><T22/><D65/><U134/><N who="1" m="51794" /><U2/><DORA hai="15" /><E106/><V58/><F126/><W16/><G61/><T13/><D22/><U36/><E2/><V124/><F124/><W112/><G112/><T102/><D108/><U55/><E36/><V64/><F105/><W123/><G123/><T90/><D90/><N who="1" m="51495" /><E45/><V93/><F37/><W24/><G24/><T1/><D1/><U87/><E87/><V47/><F47/><W127/><G127/><T89/><D89/><U72/><E72/><V4/><F28/><AGARI ba="0,0" hai="16,17,19,21,25,28,60,67,69,96,99" m="49163" machi="28" ten="30,8000,1" yaku="19,1,52,3,54,1" doraHai="116,15" who="3" fromWho="2" sc="130,0,250,0,370,-80,250,80" /><INIT seed="2,0,0,0,2,108" ten="130,250,290,330" oya="2" hai0="48,95,85,9,13,22,80,33,65,25,99,36,135" hai1="119,78,92,121,83,17,35,37,45,101,7,12,112" hai2="71,133,34,55,102,63,27,21,130,75,115,41,43" hai3="52,11,94,6,89,57,109,120,128,126,18,113,20"/><V86/><F75/><W117/><G117/><T123/><D135/><U4/><E119/><V53/><F34/><W10/><G120/><T16/><D123/><U110/><E35/><V15/><F133/><W114/><G109/><T67/><D36/><U38/><E110/><V87/><F130/><W64/><G128/><T3/><D48/><U50/><E121/><V54/><F115/><N who="3" m="44043" /><G126/><T106/><D106/><U118/><E118/><V107/><F107/><W81/><G64/><T70/><D70/><U49/><E38/><V97/><F15/><N who="3" m="9311" /><G81/><T8/><D8/><U66/><E66/><V59/><F71/><W39/><G6/><T84/><D84/><U73/><E4/><V44/><F97/><N who="3" m="57551" /><G39/><T96/><D96/><U79/><E7/><V91/><F102/><W19/><G19/><T42/><D42/><U56/><E78/><V0/><F43/><W51/><AGARI ba="0,0" hai="10,11,51,52,57" m="57551,9311,44043" machi="51" ten="30,8000,1" yaku="11,1,52,3,54,1" doraHai="108" who="3" fromWho="3" sc="130,-20,250,-20,290,-40,330,80" /><INIT seed="3,0,0,4,0,55" ten="110,230,250,410" oya="3" hai0="69,84,0,135,63,36,20,120,47,102,58,6,59" hai1="82,93,39,9,109,118,126,15,76,88,116,131,25" hai2="115,44,56,3,124,119,86,37,133,34,21,43,83" hai3="51,106,1,16,7,52,53,45,30,89,29,72,95"/><W40/><G72/><T125/><D120/><U104/><E104/><V112/><F34/><W4/><G106/><T98/><D125/><U127/><E39/><V105/><F119/><N who="1" m="45609" /><E109/><V117/><F117/><W122/><G122/><T32/><D135/><U75/><E25/><V96/><F3/><W22/><G1/><T134/><D32/><U92/><E131/><V132/><F124/><N who="1" m="47657" /><E88/><N who="2" m="51295" /><F21/><W85/><G40/><T100/><D134/><N who="2" m="51818" /><F56/><W108/><G108/><T48/><D36/><U35/><E35/><V123/><F123/><W49/><G30/><T28/><D100/><AGARI ba="0,0" hai="37,43,44,96,100,105,112,115" m="51818,51295" machi="100" ten="30,2000,0" yaku="20,1,54,1" doraHai="55" who="2" fromWho="0" sc="110,-20,230,0,250,20,410,0" owari="90,-41.0,230,-17.0,270,7.0,410,51.0" /></mjloggm>