<mjloggm ver="2.3"><GO type="225" lobby="0"/><UN n0="%E9%A6%AC%E5%BC%95%E7%81%AB%33" n1="%E3%81%AF%E3%82%88%E3%81%8A%E3%81%98%E3%81%95%E3%82%93" n2="%E3%81%99%E3%81%84%E3%81%BE%E3%81%9B%E3%83%BC%E3%82%93" n3="%E3%81%82%E3%81%84%E3%81%82%E3%81%8A%E3%81%84" dan="17,16,18,18" rate="2141.99,2143.02,2246.33,2216.06" sx="M,M,M,M"/><TAIKYOKU oya="0"/><INIT seed="0,0,0,3,0,53" ten="250,250,250,250" oya="0" hai0="68,49,26,14,119,57,71,17,55,30,39,120,104" hai1="107,21,54,61,92,27,10,102,108,125,50,7,83" hai2="44,5,105,81,74,118,127,62,29,133,46,25,72" hai3="79,28,123,23,109,15,52,60,24,134,113,130,12"/><T40/><D119/><U114/><E108/><V116/><F133/><W77/><G113/><T63/><D120/><U47/><E125/><V69/><F105/><W45/><G109/><T78/><D104/><U16/><E114/><V37/><F127/><W95/><G134/><T42/><D39/><U75/><E107/><V90/><F5/><W11/><G130/><T6/><D6/><U121/><E121/><V89/><F46/><W8/><G123/><T106/><D106/><U135/><E135/><V9/><F9/><W31/><G31/><T2/><D2/><U70/><E70/><V117/><F44/><W132/><G132/><T80/><D71/><U126/><E126/><V38/><F38/><W76/><G95/><T4/><D49/><U59/><E75/><N who="2" m="28715" /><F81/><W115/><G115/><T99/><D99/><N who="1" m="59751" /><E83/><V33/><F37/><W129/><G129/><T48/><D48/><U122/><E122/><V56/><F69/><W94/><G94/><T0/><D4/><U96/><E96/><V82/><F82/><W112/><G112/><T13/><D68/><U86/><E86/><V51/><F51/><N who="3" m="28783" /><G60/><T65/><D65/><AGARI ba="0,0" hai="25,29,33,56,62,65,89,90,116,117,118" m="28715" machi="65" ten="40,2600,0" yaku="12,1,52,1" doraHai="53" who="2" fromWho="0" sc="250,-26,250,0,250,26,250,0" /><INIT seed="1,0,0,5,4,130" ten="224,250,276,250" oya="1" hai0="107,88,66,15,39,86,122,78,29,9,54,132,77" hai1="12,56,27,126,111,87,7,61,95,79,37,46,110" hai2="73,10,22,76,97,62,67,116,106,98,125,17,34" hai3="49,64,59,11,75,24,109,101,51,69,91,99,58"/><U14/><E126/><V28/><F116/><W104/><G75/><T127/><D107/><U53/><E27/><V23/><F125/><W36/><G36/><T108/><D127/><U32/><E32/><V13/><F76/><W85/><G109/><N who="1" m="41482" /><E7/><V93/><F73/><W30/><G11/><T118/><D118/><U18/><E18/><V89/><F34/><N who="3" m="20807" /><G49/><T103/><D103/><U26/><E26/><V102/><REACH who="2" step="1"/><F28/><REACH who="2" ten="224,250,266,250" step="2"/><W112/><G112/><T72/><D108/><U0/><E79/><V124/><F124/><W1/><G1/><T50/><D132/><U31/><E0/><V20/><F20/><W45/><G104/><T83/><D78/><U84/><E31/><V40/><F40/><W113/><G113/><T117/><D29/><U133/><E133/><V47/><F47/><W82/><G45/><T134/><D134/><U100/><E46/><V6/><F6/><W33/><G33/><T135/><D135/><U52/><E37/><V96/><F96/><W81/><G99/><T5/><D117/><U119/><E119/><V42/><F42/><W16/><G16/><T35/><D35/><U43/><E43/><V57/><AGARI ba="0,1" hai="10,13,17,22,23,57,62,67,89,93,97,98,102,106" machi="57" ten="20,5200,0" yaku="1,1,0,1,7,1,53,1" doraHai="130" doraHaiUra="90" who="2" fromWho="2" sc="224,-13,250,-26,266,62,250,-13" /><INIT seed="2,0,0,2,4,87" ten="211,224,328,237" oya="2" hai0="84,1,36,97,109,62,120,99,95,58,57,55,46" hai1="81,75,23,103,86,88,77,129,31,61,21,89,26" hai2="127,101,72,100,92,71,5,48,115,10,96,73,12" hai3="8,35,65,27,126,38,83,18,116,51,70,121,19"/><V119/><F115/><W6/><G38/><T132/><D120/><U0/><E0/><V130/><F119/><W94/><G121/><T50/><D109/><U24/><E129/><V78/><F71/><W106/><G106/><T79/><D132/><U25/><E103/><V41/><F127/><W85/><G116/><T131/><D131/><U60/><E25/><V56/><F130/><W22/><G35/><T80/><D1/><U76/><E76/><V2/><F2/><W45/><G94/><T47/><D99/><U108/><E108/><V59/><F101/><W128/><G126/><T117/><D117/><U111/><E111/><V67/><F78/><W15/><G128/><T118/><D118/><U133/><E133/><V4/><F5/><W74/><G74/><T13/><D13/><U14/><E14/><V53/><F41/><W17/><G65/><T28/><D28/><U107/><E107/><V125/><F125/><W20/><G20/><T52/><REACH who="0" step="1"/><D36/><REACH who="0" ten="201,224,328,237" step="2"/><U7/><E7/><V123/><F123/><W66/><G15/><T112/><D112/><U135/><E135/><V90/><F12/><W16/><G6/><T110/><D110/><U91/><E75/><V3/><F73/><W42/><G8/><T122/><D122/><U40/><E40/><V104/><F72/><W11/><G11/><T64/><D64/><U37/><E37/><V44/><F67/><W102/><G66/><T114/><D114/><U49/><E49/><V32/><F10/><W29/><N who="3" m="4096" /><DORA hai="68" /><W34/><G29/><AGARI ba="0,1" hai="21,23,24,26,29,31,60,61,77,81,86,88,89,91" machi="29" ten="40,12000,2" yaku="9,1,8,1,52,3,54,1" doraHai="87,68" who="1" fromWho="3" sc="201,0,224,130,328,0,237,-120" /><INIT seed="3,0,0,4,4,102" ten="201,354,328,117" oya="3" hai0="125,55,95,46,126,66,108,26,20,29,31,65,99" hai1="1,33,84,13,50,34,68,37,75,38,21,104,36" hai2="40,8,85,100,61,6,128,110,48,97,130,35,7" hai3="56,92,32,82,83,51,44,60,124,17,134,79,81"/><W133/><G32/><N who="1" m="12394" /><E50/><V4/><F110/><W106/><G124/><N who="0" m="47723" /><D29/><U3/><E84/><V89/><F35/><W22/><G92/><T25/><D25/><U86/><E86/><V111/><F111/><W39/><G39/><T5/><D5/><U49/><E49/><V123/><F123/><W98/><G79/><T73/><D73/><U64/><E13/><V43/><F8/><W58/><G98/><T16/><D108/><U28/><E21/><V71/><F71/><W115/><G115/><T121/><D31/><U12/><E12/><V127/><F61/><W9/><G9/><T91/><D121/><U62/><E28/><V105/><F127/><W11/><G11/><T90/><D90/><U120/><E120/><V15/><F15/><W103/><G103/><T131/><D131/><N who="2" m="50218" /><F48/><AGARI ba="0,0" hai="16,20,26,46,48,55,65,66,91,95,99" m="47723" machi="48" ten="30,2000,0" yaku="18,1,54,1" doraHai="102" who="0" fromWho="2" sc="201,20,354,0,328,-20,117,0" owari="221,-17.9,354,45.4,308,10.8,117,-38.3" /></mjloggm>