<mjloggm ver="2.3"><GO type="225" lobby="0"/><UN n0="%E3%81%A4%E3%81%A3%E3%81%B1%E3%82%8A%E3%83%9D%E3%83%BC%E3%83%AB" n1="%E3%82%B7%E3%83%B3%E5%A4%AA%E6%9C%97" n2="%E6%A1%9C%E8%8A%B1%E9%96%83%E3%80%85" n3="%E3%83%96%E3%83%83%E3%83%91%E3%82%AA%E3%83%96%E3%83%81%E3%82%AD%E3%83%B3" dan="17,16,16,16" rate="2177.35,2133.37,2130.22,2110.63" sx="M,M,M,M"/><TAIKYOKU oya="0"/><INIT seed="0,0,0,1,3,111" ten="250,250,250,250" oya="0" hai0="105,78,25,20,130,47,101,82,19,95,7,66,127" hai1="123,18,3,70,76,106,45,135,59,42,53,27,12" hai2="6,55,58,14,110,114,132,1,46,0,133,4,107" hai3="72,115,109,112,124,36,65,119,73,31,30,39,44"/><T104/><D130/><U129/><E123/><V49/><F107/><W40/><G109/><T68/><D127/><U134/><E106/><V50/><F110/><W103/><G65/><T17/><D7/><N who="2" m="2602" /><F14/><W48/><G103/><T80/><D80/><U77/><E70/><V99/><F99/><W87/><G87/><T8/><D47/><U89/><E27/><V51/><F114/><W131/><G119/><T13/><D95/><U125/><E89/><V10/><F10/><W92/><G92/><T69/><D66/><U52/><E3/><N who="2" m="1099" /><F58/><W43/><G44/><T63/><D63/><U41/><E125/><V15/><F15/><W24/><G124/><T90/><D90/><U83/><E129/><V75/><F75/><W81/><G131/><T85/><REACH who="0" step="1"/><D105/><REACH who="0" ten="240,250,250,250" step="2"/><U62/><E83/><V61/><F61/><W98/><G81/><T116/><D116/><U102/><E45/><V113/><F113/><W32/><G115/><T120/><D120/><U94/><E94/><V100/><F100/><W74/><G112/><T35/><D35/><U9/><E102/><V118/><F118/><W37/><G32/><T97/><AGARI ba="0,1" hai="8,13,17,19,20,25,68,69,78,82,85,97,101,104" machi="97" ten="30,3000,0" yaku="1,1,0,1,53,0" doraHai="111" doraHaiUra="91" who="0" fromWho="0" sc="240,40,250,-10,250,-10,250,-10" /><INIT seed="0,1,0,4,2,8" ten="280,240,240,240" oya="0" hai0="129,109,50,34,87,110,74,67,80,100,17,117,19" hai1="130,57,70,45,48,68,35,104,126,46,121,105,23" hai2="131,71,115,82,59,124,52,51,132,3,114,28,120" hai3="1,7,85,4,20,38,119,47,99,44,75,29,49"/><T83/><D117/><U72/><E121/><V125/><F3/><W118/><G75/><T41/><D34/><U94/><E72/><V62/><F28/><W107/><G85/><T14/><D129/><U111/><E111/><N who="0" m="42505" /><D67/><U9/><E35/><V116/><F82/><N who="0" m="31274" /><D74/><U112/><E112/><N who="2" m="43051" /><F120/><W108/><G38/><T66/><D66/><U102/><E68/><V113/><F113/><W30/><G108/><T78/><D100/><U27/><E70/><V103/><F103/><W123/><G123/><T64/><D64/><U55/><E104/><V65/><F116/><W61/><G107/><T0/><D0/><U21/><E105/><V88/><F88/><W91/><G91/><T39/><D39/><U22/><E130/><V106/><F106/><W81/><G1/><T10/><D87/><U90/><E102/><V15/><F131/><W86/><G86/><T77/><D19/><U133/><E27/><V122/><F122/><W37/><G37/><T36/><D36/><U42/><E90/><V31/><F31/><W32/><G32/><T101/><D101/><U58/><E94/><V6/><F65/><W25/><G81/><T16/><D17/><U63/><E42/><V33/><F33/><W89/><G89/><T26/><D26/><U69/><E69/><V92/><F92/><W73/><G25/><T97/><D97/><U5/><E55/><V11/><F71/><W84/><G99/><T127/><D127/><U135/><E126/><V54/><F125/><W53/><G119/><T98/><D98/><U56/><E5/><V93/><F124/><W79/><G118/><RYUUKYOKU ba="1,0" sc="280,30,240,-10,240,-10,240,-10" hai0="10,14,16,41,50,77,78" /><INIT seed="0,2,0,0,5,116" ten="310,230,230,230" oya="0" hai0="0,56,24,13,78,36,16,128,70,109,95,26,41" hai1="34,48,43,72,101,47,66,71,102,9,105,119,10" hai2="85,74,3,67,53,45,61,69,12,15,22,6,124" hai3="98,131,88,59,91,125,42,63,83,20,108,104,100"/><T40/><D70/><U64/><E119/><V23/><F74/><W132/><G108/><T21/><D0/><U113/><E113/><V121/><F124/><W77/><G125/><T75/><D109/><U84/><E72/><V35/><F35/><W117/><G117/><T99/><D128/><U57/><E71/><V18/><F3/><W123/><G132/><T90/><D36/><U29/><E34/><V32/><F32/><W89/><G131/><T46/><D75/><U94/><E29/><V79/><F6/><W1/><G1/><T7/><D78/><U49/><E105/><V112/><F112/><W81/><G42/><N who="0" m="16491" /><D46/><U135/><E135/><V31/><F31/><W103/><G103/><T33/><D33/><U122/><E122/><V68/><F68/><W38/><G38/><T5/><D56/><U58/><E43/><V30/><F30/><W4/><G4/><AGARI ba="2,0" hai="4,5,7,13,16,21,24,26,90,95,99" m="16491" machi="4" ten="30,2900,0" yaku="8,1,54,1" doraHai="116" who="0" fromWho="3" sc="310,35,230,0,230,0,230,-35" /><INIT seed="0,3,0,4,2,69" ten="345,230,230,195" oya="0" hai0="93,28,8,124,91,127,86,40,132,18,30,97,47" hai1="135,74,85,63,59,73,70,134,20,104,44,68,12" hai2="22,131,92,99,16,82,31,41,100,25,2,84,125" hai3="4,9,110,13,39,50,78,55,17,88,35,33,122"/><T48/><D132/><N who="1" m="50731" /><E104/><V126/><F131/><W45/><G110/><T96/><D124/><U108/><E108/><V21/><F2/><W56/><G122/><T52/><D127/><U107/><E107/><V83/><F41/><W116/><G116/><T105/><D40/><U72/><E85/><V75/><F75/><W6/><G78/><T66/><D66/><N who="1" m="39295" /><E44/><V101/><F101/><W14/><G88/><T34/><D34/><U79/><E79/><V80/><REACH who="2" step="1"/><F84/><REACH who="2" ten="345,230,220,195" step="2"/><W65/><G4/><T103/><REACH who="0" step="1"/><D86/><REACH who="0" ten="335,230,220,195" step="2"/><U27/><E74/><V118/><F118/><W120/><G120/><T32/><D32/><U10/><E73/><V64/><F64/><W129/><G65/><T23/><D23/><U81/><E72/><V133/><F133/><W109/><G109/><T36/><D36/><U51/><E20/><V87/><F87/><W1/><G35/><T117/><D117/><U24/><E10/><V60/><F60/><W71/><G33/><T38/><D38/><U128/><E51/><V89/><F89/><W121/><G50/><T0/><D0/><U26/><E128/><V77/><F77/><W130/><G1/><T57/><D57/><U67/><E70/><V102/><F102/><W37/><G71/><T94/><D94/><U53/><E68/><V119/><F119/><W90/><G39/><T11/><D11/><U7/><E67/><V58/><F58/><W54/><G56/><T111/><D111/><U61/><E61/><V95/><F95/><W112/><G129/><T123/><D123/><U46/><E53/><N who="3" m="19978" /><G130/><T5/><D5/><U29/><E7/><RYUUKYOKU ba="3,2" sc="335,15,230,-15,220,15,195,-15" hai0="8,18,28,30,47,48,52,91,93,96,97,103,105" hai2="16,21,22,25,31,80,82,83,92,99,100,125,126" /><INIT seed="0,4,2,2,4,115" ten="350,215,235,180" oya="0" hai0="124,38,12,33,78,41,93,47,113,39,133,48,123" hai1="76,20,35,70,9,60,72,102,119,126,65,105,117" hai2="120,36,56,125,134,98,99,40,63,19,87,100,110" hai3="57,66,92,50,80,32,79,49,10,34,59,103,104"/><T25/><D113/><U97/><E20/><V46/><F120/><W23/><G104/><T37/><D123/><U68/><E126/><V26/><F125/><W44/><G23/><T55/><D124/><U91/><E91/><V83/><F110/><W52/><G10/><T128/><D133/><U81/><E9/><V77/><F134/><W95/><G66/><T0/><D0/><U22/><E22/><V51/><F36/><W131/><G131/><T15/><D128/><U112/><E112/><V64/><F26/><W14/><G14/><T121/><D121/><U2/><E2/><V82/><F19/><W8/><G8/><T69/><D69/><N who="1" m="42151" /><E35/><V6/><F6/><W106/><G106/><T90/><D78/><U5/><E5/><V116/><F116/><AGARI ba="4,2" hai="68,70,72,76,81,97,102,105,116,117,119" m="42151" machi="116" ten="30,7700,0" yaku="23,1,52,3" doraHai="115" who="1" fromWho="2" sc="350,0,215,109,235,-89,180,0" /><INIT seed="1,0,0,3,5,61" ten="350,324,146,180" oya="1" hai0="62,65,49,54,6,19,23,43,13,56,59,44,11" hai1="87,101,55,84,102,109,107,99,36,22,67,77,80" hai2="104,8,68,112,21,24,135,17,42,103,74,45,53" hai3="116,122,78,30,66,93,16,94,0,91,105,52,123"/><U27/><E36/><V9/><F74/><W114/><G105/><T33/><D33/><U124/><E124/><V46/><F135/><W47/><G114/><T121/><D121/><U118/><E118/><V83/><F112/><W126/><G0/><T88/><D88/><U38/><E109/><V41/><F68/><W35/><G126/><T128/><D128/><U15/><E38/><V86/><F53/><W79/><G116/><T129/><D129/><U29/><E102/><V60/><F60/><W72/><G35/><T48/><REACH who="0" step="1"/><D23/><REACH who="0" ten="340,324,146,180" step="2"/><U39/><E22/><V73/><F103/><W63/><G91/><T96/><D96/><U2/><E99/><V89/><F104/><W95/><G95/><T132/><D132/><U3/><E101/><V10/><REACH who="2" step="1"/><F73/><REACH who="2" ten="340,324,136,180" step="2"/><W110/><G72/><T92/><D92/><U71/><E107/><V51/><F51/><W70/><G94/><T119/><D119/><U106/><E39/><V40/><AGARI ba="0,2" hai="8,9,10,17,21,24,40,41,42,45,46,83,86,89" machi="40" ten="30,4000,0" yaku="1,1,0,1,8,1,53,0" doraHai="61" doraHaiUra="26" who="2" fromWho="2" sc="340,-10,324,-20,136,60,180,-10" /><INIT seed="2,0,0,4,3,66" ten="330,304,196,170" oya="2" hai0="45,110,8,75,104,105,125,132,65,80,26,102,79" hai1="47,119,92,17,90,55,24,76,88,36,91,5,19" hai2="100,130,108,114,98,117,28,39,51,22,84,46,61" hai3="63,25,67,78,126,0,107,20,18,115,15,127,95"/><V97/><F114/><W52/><G107/><T64/><D110/><U99/><E119/><V69/><F117/><W13/><G0/><T53/><D132/><U129/><E129/><V16/><F130/><W122/><G122/><T62/><D125/><N who="3" m="47625" /><G78/><T40/><D53/><U49/><E36/><V7/><F39/><W131/><G131/><T85/><D65/><U133/><E133/><V11/><F108/><W70/><G115/><T77/><D102/><U29/><E76/><V2/><F28/><W33/><G33/><T14/><D26/><U82/><E5/><V68/><F84/><W10/><G10/><T12/><D12/><U111/><E111/><V43/><F61/><N who="3" m="40303" /><G95/><T54/><D77/><U106/><E106/><V38/><F38/><W83/><G83/><T87/><D104/><U31/><E82/><V21/><F21/><W56/><AGARI ba="0,0" hai="13,15,18,20,25,52,56,63" m="40303,47625" machi="56" ten="30,4000,0" yaku="18,1,52,1,54,1" doraHai="66" who="3" fromWho="3" sc="330,-10,304,-10,196,-20,170,40" /><INIT seed="3,0,0,2,2,113" ten="320,294,176,210" oya="3" hai0="62,88,24,119,23,74,127,84,35,78,7,121,91" hai1="130,33,12,117,87,6,90,128,8,38,36,93,43" hai2="5,21,103,86,73,27,82,26,108,11,80,102,79" hai3="85,109,4,125,100,69,30,22,104,106,70,110,105"/><W25/><G100/><T2/><D121/><U72/><E72/><V107/><F108/><N who="3" m="41579" /><G125/><T18/><D74/><U92/><E33/><V120/><F120/><W17/><G4/><T44/><D119/><U15/><E43/><V56/><F56/><W47/><G85/><T95/><D127/><U129/><E15/><V126/><F126/><W9/><G47/><T51/><D35/><U111/><E111/><V101/><F107/><N who="3" m="27395" /><W67/><DORA hai="131" /><G67/><T77/><D2/><U19/><E6/><V94/><F94/><W29/><G9/><T122/><D7/><U115/><E115/><V55/><F55/><W118/><G118/><T64/><D91/><N who="1" m="53375" /><E117/><V32/><F32/><W124/><G124/><T63/><D122/><U31/><E31/><AGARI ba="0,0" hai="17,22,25,29,30,31,69,70" m="27395,41579" machi="31" ten="50,4800,0" yaku="14,1,10,1" doraHai="113,131" who="3" fromWho="1" sc="320,0,294,-48,176,0,210,48" /><INIT seed="3,1,0,5,0,64" ten="320,246,176,258" oya="3" hai0="87,46,92,4,118,10,65,48,123,93,121,83,62" hai1="42,33,135,47,122,130,43,127,131,133,2,109,29" hai2="61,78,82,104,23,113,24,105,5,86,40,84,116" hai3="100,117,95,107,44,37,22,101,21,9,106,60,11"/><W16/><G117/><T115/><D118/><U58/><E2/><V89/><F116/><W66/><G22/><T26/><D115/><U111/><E29/><V17/><F113/><W120/><G120/><T18/><D26/><U70/><E33/><V38/><F5/><W69/><G9/><T63/><D18/><U112/><E112/><V97/><F38/><W15/><G11/><T91/><D63/><U90/><E90/><V94/><F40/><N who="1" m="15401" /><E70/><V41/><F41/><W8/><G37/><T129/><D129/><N who="1" m="49163" /><E122/><V85/><F104/><W81/><G44/><T31/><D31/><U27/><E27/><V32/><F32/><W80/><G95/><T25/><D25/><U128/><N who="1" m="49171" /><U28/><DORA hai="125" /><E28/><V103/><REACH who="2" step="1"/><F61/><REACH who="2" ten="320,246,166,258" step="2"/><W0/><G60/><T98/><D62/><U57/><E127/><V1/><F1/><W14/><G0/><T6/><D123/><U76/><E111/><V50/><F50/><W71/><G107/><T99/><D48/><U36/><E109/><V67/><F67/><W119/><G66/><T12/><D65/><U108/><E108/><V7/><F7/><W110/><G119/><T51/><D4/><U132/><E36/><V75/><AGARI ba="1,1" hai="17,23,24,75,78,82,84,85,86,89,94,97,103,105" machi="75" ten="20,8000,1" yaku="1,1,0,1,7,1,24,2,53,0" doraHai="64,125" doraHaiUra="53,114" who="2" fromWho="2" sc="320,-21,246,-21,166,93,258,-41" /><INIT seed="4,0,0,0,4,85" ten="299,225,259,217" oya="0" hai0="41,84,101,39,71,45,118,27,32,110,30,76,78" hai1="125,16,69,60,117,95,134,130,128,93,66,91,90" hai2="86,11,68,23,21,13,29,2,22,103,52,51,113" hai3="123,133,124,58,127,132,83,25,26,97,14,120,53"/><T63/><D118/><U94/><E117/><V56/><F113/><W105/><G14/><T106/><D84/><U6/><E6/><V38/><F2/><W70/><G70/><T116/><D116/><U48/><E125/><N who="3" m="48202" /><G83/><T79/><D110/><U62/><E134/><N who="3" m="51818" /><G105/><T109/><D109/><U104/><E104/><V115/><F68/><W112/><G97/><N who="0" m="61743" /><D79/><U44/><E60/><V111/><F115/><W0/><G0/><T61/><D61/><U4/><E4/><V31/><F111/><W20/><G112/><T121/><D121/><N who="3" m="46665" /><G20/><T100/><D100/><U99/><E16/><N who="2" m="8255" /><F103/><W74/><G74/><T8/><D8/><U129/><REACH who="1" step="1"/><E99/><REACH who="1" ten="299,215,259,217" step="2"/><V135/><F135/><W50/><AGARI ba="0,1" hai="25,26,50,53,58" m="46665,51818,48202" machi="50" ten="40,5200,0" yaku="18,1,20,1,13,1" doraHai="85" who="3" fromWho="3" sc="299,-26,215,-13,259,-13,217,62" /><INIT seed="5,0,0,0,0,77" ten="273,202,246,279" oya="1" hai0="69,80,79,133,47,126,55,45,18,76,15,111,52" hai1="10,97,115,36,37,88,107,27,68,53,74,29,120" hai2="123,34,94,116,103,83,17,117,9,90,7,3,14" hai3="25,22,12,113,118,44,105,46,50,30,23,78,56"/><U110/><E120/><V26/><F103/><W89/><G105/><T21/><D69/><U43/><E74/><V72/><F123/><W132/><G113/><T100/><D111/><U71/><E115/><V87/><F72/><W11/><G132/><T129/><D133/><U64/><E110/><V106/><F106/><W13/><G78/><N who="0" m="29739" /><D129/><U16/><E71/><V35/><F94/><W6/><G118/><T109/><D109/><U24/><E53/><N who="0" m="20553" /><D126/><U95/><E107/><V4/><F4/><W60/><G50/><T51/><D100/><U96/><E96/><V62/><F62/><W54/><REACH who="3" step="1"/><G89/><REACH who="3" ten="273,202,246,269" step="2"/><T33/><D51/><U102/><E102/><V99/><F117/><W73/><G73/><T101/><D101/><U122/><E122/><V134/><F116/><W92/><G92/><T82/><D33/><U42/><E37/><V5/><F134/><W112/><G112/><T128/><D128/><U104/><E36/><V8/><F35/><W131/><G131/><T41/><D41/><U32/><E104/><V85/><F34/><W93/><G93/><T59/><D59/><U49/><E49/><V114/><F114/><W125/><G125/><T1/><D1/><U0/><E0/><V65/><F3/><W40/><G40/><T81/><AGARI ba="0,1" hai="15,18,21,45,47,80,81,82" m="20553,29739" machi="81" ten="30,8000,1" yaku="8,1,52,3,54,1" doraHai="77" who="0" fromWho="0" sc="273,90,202,-40,246,-20,269,-20" owari="363,46.3,162,-33.8,226,-17.4,249,4.9" /></mjloggm>