<mjloggm ver="2.3"><GO type="225" lobby="0"/><UN n0="%E5%A4%8F%E9%88%B4%E9%88%B4%E5%A4%8F" n1="%E7%89%B9%E6%9D%B1%E3%81%AF%E4%B8%96%E7%95%8C%E3%82%92%E6%95%91%E3%81%86" n2="%E3%83%A9%E3%82%B9%E7%8E%87%EF%BC%93%E5%89%B2" n3="%E7%99%BD%E5%80%89%E5%AF%9B%E4%B9%8B" dan="16,16,16,16" rate="2110.62,2177.26,2185.71,2148.38" sx="F,M,F,M"/><TAIKYOKU oya="0"/><INIT seed="0,0,0,2,0,18" ten="250,250,250,250" oya="0" hai0="2,15,37,106,79,123,34,129,25,28,68,43,55" hai1="23,59,107,98,6,12,30,51,4,77,62,1,29" hai2="10,53,56,49,135,58,3,78,113,84,133,100,40" hai3="33,130,109,50,117,86,54,67,9,35,132,118,66"/><T63/><D123/><U80/><E1/><V104/><F113/><W119/><G109/><T115/><D115/><U72/><E51/><V110/><F110/><W13/><G130/><T74/><D129/><U134/><E134/><N who="2" m="51211" /><F40/><W16/><G132/><T46/><D106/><U105/><E30/><V128/><F100/><W81/><G35/><T116/><D116/><U24/><E12/><V32/><F104/><W87/><G33/><T82/><D2/><U122/><E122/><V120/><F32/><W65/><REACH who="3" step="1"/><G81/><REACH who="3" ten="250,250,250,240" step="2"/><T38/><D15/><U41/><E41/><V39/><F120/><W126/><G126/><T89/><D89/><U19/><E80/><N who="2" m="47127" /><F128/><W125/><G125/><T73/><D55/><U95/><E77/><V112/><F112/><W36/><G36/><T47/><D38/><U75/><E75/><V88/><F39/><W131/><G131/><T20/><D34/><U96/><E72/><V121/><F121/><W83/><G83/><T108/><D73/><U99/><E95/><V14/><F88/><W44/><AGARI ba="0,1" hai="9,13,16,44,50,54,65,66,67,86,87,117,118,119" machi="44" ten="40,5200,0" yaku="1,1,0,1,54,1,53,0" doraHai="18" doraHaiUra="17" who="3" fromWho="3" sc="250,-26,250,-13,250,-13,240,62" /><INIT seed="1,0,0,5,2,77" ten="224,237,237,302" oya="1" hai0="121,33,65,83,85,117,95,54,108,89,2,44,114" hai1="78,4,30,128,6,104,60,9,102,47,127,53,88" hai2="134,29,80,32,111,11,122,45,124,59,0,61,57" hai3="34,66,82,8,36,101,52,112,39,26,28,21,49"/><U129/><E127/><V15/><F0/><W16/><G112/><T99/><D114/><U46/><E78/><V87/><F122/><W19/><G101/><T96/><D117/><U100/><E30/><V20/><F32/><W31/><G66/><T14/><D108/><U50/><E60/><V55/><F134/><W40/><G40/><T38/><D2/><U131/><E104/><V62/><F45/><W72/><G72/><T120/><D33/><U56/><E88/><N who="2" m="51303" /><F111/><W18/><G82/><T98/><D65/><U58/><E46/><V69/><F69/><W125/><G125/><T68/><D68/><U109/><E109/><V10/><F124/><W133/><G133/><T3/><D3/><U13/><REACH who="1" step="1"/><E4/><REACH who="1" ten="224,227,237,302" step="2"/><V51/><F62/><W76/><G76/><T106/><D106/><U22/><E22/><V130/><F130/><W27/><REACH who="3" step="1"/><G8/><REACH who="3" ten="224,227,237,292" step="2"/><T17/><D121/><U35/><E35/><V86/><F11/><W132/><G132/><T24/><D120/><U92/><E92/><V93/><F10/><W42/><G42/><T23/><D38/><U7/><E7/><V97/><F93/><W5/><G5/><T135/><D135/><U119/><E119/><V84/><F55/><W91/><G91/><T126/><D126/><U71/><E71/><V73/><F73/><W43/><G43/><T90/><REACH who="0" step="1"/><D24/><REACH who="0" ten="214,227,237,292" step="2"/><U123/><E123/><V74/><F15/><W41/><G41/><T105/><D105/><U81/><E81/><V118/><F118/><W75/><G75/><T79/><D79/><U115/><E115/><V107/><F74/><W113/><G113/><RYUUKYOKU ba="0,3" sc="214,10,227,10,237,-30,292,10" hai0="14,17,23,44,54,83,85,89,90,95,96,98,99" hai1="6,9,13,47,50,53,56,58,100,102,128,129,131" hai3="16,18,19,21,26,27,28,31,34,36,39,49,52" /><INIT seed="1,1,3,3,3,130" ten="224,237,207,302" oya="1" hai0="48,111,66,19,24,61,103,43,112,91,34,78,44" hai1="131,23,3,92,134,25,31,7,4,126,50,36,64" hai2="87,27,56,5,81,86,38,116,127,0,28,69,68" hai3="76,30,123,128,96,58,114,26,21,13,62,106,54"/><U33/><E36/><V94/><F38/><W90/><G114/><T18/><D112/><U115/><E115/><V132/><F116/><W6/><G123/><T95/><D111/><U110/><E131/><V52/><F127/><W129/><G76/><T120/><D120/><U75/><E75/><V71/><F132/><W135/><G135/><T29/><D78/><U14/><E134/><V8/><F94/><W85/><G6/><T72/><D103/><U51/><E126/><V67/><F67/><W113/><G113/><T15/><D15/><U32/><E32/><V17/><F17/><W1/><G1/><T63/><D63/><U45/><E110/><V47/><F47/><W82/><REACH who="3" step="1"/><G13/><REACH who="3" ten="224,237,207,292" step="2"/><T79/><D79/><U9/><E7/><V55/><F81/><W101/><AGARI ba="1,4" hai="21,26,30,54,58,62,82,85,90,96,101,106,128,129" machi="101" ten="30,4000,0" yaku="1,1,2,1,0,1,53,0" doraHai="130" doraHaiUra="37" who="3" fromWho="3" sc="224,-11,237,-21,207,-11,292,83" /><INIT seed="2,0,0,5,1,49" ten="213,216,196,375" oya="2" hai0="8,13,102,48,54,79,31,28,30,105,97,120,58" hai1="40,26,82,91,72,114,5,74,133,109,1,95,27" hai2="12,87,71,99,110,29,59,7,111,56,43,112,107" hai3="115,63,106,125,121,90,93,42,89,44,52,81,32"/><V68/><F112/><W83/><G106/><T127/><D79/><U46/><E114/><V67/><F29/><W55/><G32/><T10/><D127/><U37/><E109/><N who="2" m="41483" /><F43/><W108/><G115/><T47/><D120/><U100/><E100/><N who="2" m="62879" /><F87/><W86/><G108/><T36/><D36/><U51/><E133/><V80/><F80/><N who="3" m="49351" /><G125/><T77/><D77/><N who="1" m="44327" /><E74/><V57/><F67/><W94/><G121/><T18/><REACH who="0" step="1"/><D8/><AGARI ba="0,0" hai="7,8,12,56,57,59,68,71" m="62879,41483" machi="8" ten="30,2900,0" yaku="14,1,10,1" doraHai="49" who="2" fromWho="0" sc="213,-29,216,0,196,29,375,0" /><INIT seed="2,1,0,1,2,91" ten="184,216,225,375" oya="2" hai0="5,131,80,90,103,36,60,110,134,120,73,29,61" hai1="114,116,18,26,30,77,59,50,42,37,117,106,75" hai2="128,45,33,67,21,93,121,125,6,44,23,27,39" hai3="130,13,105,31,118,76,124,111,65,79,8,87,97"/><V43/><F121/><W99/><G118/><T63/><D120/><U41/><E106/><V68/><F128/><W71/><G130/><T49/><D110/><U15/><E114/><V85/><F125/><W122/><G111/><T0/><D131/><U82/><E37/><V22/><F6/><W11/><G124/><T34/><D36/><U69/><E69/><V96/><F85/><W94/><G71/><T88/><D134/><U40/><E59/><V12/><F45/><W101/><G65/><T35/><D103/><U84/><E50/><V135/><F135/><W132/><G8/><T51/><D5/><U66/><E66/><V109/><F12/><W115/><G122/><T86/><D0/><U89/><E18/><V25/><F33/><W16/><G132/><T52/><D73/><U133/><E15/><V10/><F10/><W19/><G19/><T32/><D49/><U58/><E58/><V98/><F98/><W55/><G31/><T3/><D3/><U38/><E38/><V78/><F78/><W126/><G126/><T7/><D7/><U56/><E56/><V129/><F109/><W72/><G72/><T113/><D113/><U92/><REACH who="1" step="1"/><E133/><REACH who="1" ten="184,206,225,375" step="2"/><V83/><F129/><W104/><G104/><T46/><REACH who="0" step="1"/><D29/><REACH who="0" ten="174,206,225,375" step="2"/><U108/><E108/><V64/><F68/><W2/><G115/><T28/><D28/><U47/><E47/><V127/><F127/><W48/><G2/><T70/><D70/><U119/><E119/><V112/><F112/><W123/><G48/><T24/><D24/><U81/><E81/><V20/><N who="2" m="5120" /><DORA hai="53" /><V54/><F83/><RYUUKYOKU ba="1,2" sc="174,15,206,15,225,-15,375,-15" hai0="32,34,35,46,51,52,60,61,63,80,86,88,90" hai1="26,30,40,41,42,75,77,82,84,89,92,116,117" /><INIT seed="3,2,2,4,3,33" ten="189,221,210,360" oya="3" hai0="134,29,126,44,120,19,106,49,41,38,97,131,75" hai1="65,69,63,103,11,116,35,122,133,121,7,105,82" hai2="80,118,84,110,57,0,102,12,95,5,72,30,58" hai3="37,27,86,119,51,52,113,17,107,28,74,78,43"/><W25/><G107/><T36/><D120/><U88/><E35/><V9/><F118/><W20/><G74/><T34/><D75/><U61/><E116/><V31/><F110/><W109/><G37/><T56/><D126/><U73/><E133/><V48/><F72/><W42/><G113/><T50/><D134/><U68/><E103/><V117/><F0/><W123/><G123/><T47/><D131/><U22/><E105/><V100/><F117/><W4/><G4/><T23/><D56/><N who="2" m="21610" /><F48/><W89/><G78/><T96/><D29/><N who="2" m="10762" /><F95/><N who="3" m="54711" /><G109/><T71/><D34/><U124/><E124/><V135/><F135/><W13/><G119/><T10/><D10/><U70/><E61/><V77/><AGARI ba="2,2" hai="5,9,12,77,80,84,100,102" m="10762,21610" machi="77" ten="30,1100,0" yaku="8,1" doraHai="33" who="2" fromWho="2" sc="189,-5,221,-5,210,37,360,-7" owari="184,-31.6,216,-18.4,247,4.7,353,45.3" /></mjloggm>