<mjloggm ver="2.3"><GO type="225" lobby="0"/><UN n0="%72%65%6E%6B%75%6E" n1="%E3%81%AD%E3%82%80%E3%81%84%40%E9%9B%80%E9%B3%B4%E4%BC%9A" n2="%E3%81%AF%E3%82%88%E3%81%8A%E3%81%98%E3%81%95%E3%82%93" n3="%E3%83%A9%E3%83%BC%E3%83%A1%E3%83%B3%E4%BA%94%E9%83%8E" dan="17,16,17,16" rate="2174.19,2198.75,2115.61,2164.07" sx="M,F,M,M"/><TAIKYOKU oya="0"/><INIT seed="0,0,0,3,0,30" ten="250,250,250,250" oya="0" hai0="90,15,129,111,29,54,106,107,134,79,27,2,82" hai1="91,11,0,39,115,3,28,43,58,114,34,130,56" hai2="8,104,31,20,36,81,97,87,84,53,7,78,24" hai3="121,88,19,80,85,73,103,62,33,94,108,127,22"/><T113/><D2/><N who="1" m="555" /><E11/><V49/><F36/><W101/><G108/><T95/><D113/><N who="1" m="43019" /><E91/><V14/><F104/><W64/><G127/><T9/><D111/><U126/><E126/><V92/><F78/><W55/><G121/><T48/><D129/><U112/><N who="1" m="43027" /><U120/><DORA hai="16" /><E120/><V42/><F42/><W41/><G41/><T77/><D134/><U100/><E100/><V99/><F81/><W66/><G33/><T18/><D79/><U116/><E116/><V135/><F135/><W72/><G72/><T60/><D90/><U12/><E12/><V51/><F51/><W75/><G75/><T5/><D5/><U71/><E71/><V117/><F117/><W128/><G128/><T109/><D95/><U61/><E130/><V76/><F76/><W105/><G105/><T65/><D109/><U45/><E61/><V133/><F133/><W93/><G93/><T59/><D82/><U38/><E38/><V96/><REACH who="2" step="1"/><F92/><REACH who="2" ten="250,250,240,250" step="2"/><W1/><G94/><T124/><D77/><U125/><E125/><V102/><F102/><N who="3" m="38923" /><G73/><T26/><D124/><U37/><E37/><V46/><AGARI ba="0,1" hai="7,8,14,20,24,31,46,49,53,84,87,96,97,99" machi="46" ten="30,7900,0" yaku="1,1,0,1,8,1,52,1,53,0" doraHai="30,16" doraHaiUra="131,118" who="2" fromWho="2" sc="250,-39,250,-20,240,89,250,-20" /><INIT seed="1,0,0,3,3,82" ten="211,230,329,230" oya="1" hai0="78,11,55,13,96,71,24,127,99,73,134,77,58" hai1="30,101,19,133,31,84,38,83,117,93,105,51,118" hai2="25,8,4,95,103,57,132,129,86,64,100,54,18" hai3="72,74,14,126,28,33,27,109,119,112,59,35,113"/><U15/><E38/><V5/><F129/><W36/><G36/><T43/><D71/><U92/><E105/><V40/><F132/><W12/><G109/><T90/><D134/><U79/><E133/><V107/><F107/><W65/><G126/><T67/><D127/><U131/><E131/><V75/><F75/><W17/><G35/><T9/><D67/><U70/><E70/><V39/><F39/><W97/><G119/><T7/><D43/><U62/><E62/><V63/><F40/><W37/><G37/><T48/><D73/><U102/><E117/><V85/><F54/><W87/><G74/><T42/><D42/><U110/><E110/><V47/><F47/><W89/><G72/><T3/><D24/><U98/><E118/><V66/><F66/><W80/><G97/><T26/><D26/><U104/><E51/><V20/><F4/><W1/><G1/><T22/><D22/><U10/><REACH who="1" step="1"/><E104/><REACH who="1" ten="211,220,329,230" step="2"/><V116/><F116/><W124/><G124/><T44/><D44/><U123/><E123/><V88/><REACH who="2" step="1"/><F86/><REACH who="2" ten="211,220,319,230" step="2"/><W23/><G87/><T32/><D99/><AGARI ba="0,2" hai="10,15,19,30,31,79,83,84,92,93,98,99,101,102" machi="99" ten="40,12000,1" yaku="1,1,9,1,8,1,52,1,53,1" doraHai="82" doraHaiUra="81" who="1" fromWho="0" sc="211,-120,220,140,319,0,230,0" /><INIT seed="1,1,0,4,0,94" ten="91,360,319,230" oya="1" hai0="97,131,130,37,98,116,127,122,70,22,14,21,47" hai1="112,35,74,56,89,113,103,84,107,81,126,63,106" hai2="4,9,16,20,79,50,93,73,111,108,46,33,109" hai3="119,38,3,88,78,90,57,124,5,62,12,125,96"/><U80/><E35/><V23/><F33/><W64/><G38/><T54/><D70/><U133/><E56/><V105/><F105/><N who="1" m="39945" /><E63/><V104/><F104/><W26/><G119/><T71/><D71/><U8/><E8/><V76/><F93/><W123/><G123/><T24/><D122/><U34/><E34/><V82/><F76/><W41/><G3/><T30/><D116/><U48/><E48/><V27/><F23/><W40/><G78/><T15/><D127/><N who="3" m="48713" /><G26/><T114/><D114/><N who="1" m="44139" /><E126/><V121/><F121/><W110/><G5/><T42/><D54/><U39/><E39/><V117/><F117/><W92/><G12/><T83/><D83/><N who="1" m="49311" /><E133/><V44/><REACH who="2" step="1"/><F50/><REACH who="2" ten="91,360,309,230" step="2"/><W28/><G62/><T120/><D120/><U135/><E135/><V36/><F36/><W32/><G32/><T132/><D132/><U115/><E115/><V85/><F85/><W29/><G29/><T10/><D22/><U65/><E74/><V53/><F53/><W72/><G28/><T19/><REACH who="0" step="1"/><D15/><AGARI ba="1,1" hai="4,9,15,16,20,27,44,46,73,79,82,108,109,111" machi="15" ten="40,8000,1" yaku="1,1,14,1,54,1,53,1" doraHai="94" doraHaiUra="2" who="2" fromWho="0" sc="91,-83,360,0,309,93,230,0" /><INIT seed="2,0,0,3,0,42" ten="8,360,402,230" oya="2" hai0="94,77,14,41,13,34,37,129,84,73,15,70,28" hai1="106,21,107,26,76,114,90,8,58,67,11,125,43" hai2="50,40,83,92,89,71,82,110,20,85,126,60,108" hai3="7,24,52,47,72,98,123,19,105,17,75,102,0"/><V68/><F126/><W64/><G123/><T121/><D70/><U62/><E114/><V29/><F29/><W9/><G64/><T134/><D121/><U27/><E125/><V61/><F20/><W1/><G1/><T81/><D41/><U132/><E132/><V46/><F71/><W38/><G38/><T120/><D37/><U4/><E76/><V116/><F116/><W133/><G133/><T33/><D134/><U131/><E131/><V22/><F22/><W59/><G59/><T55/><D55/><U79/><E79/><V45/><F45/><W53/><G53/><T96/><D73/><U49/><E26/><V117/><F117/><W124/><G124/><T56/><D56/><U104/><E90/><V2/><F2/><W66/><G66/><T95/><D129/><U111/><E111/><N who="2" m="42539" /><F68/><W74/><REACH who="3" step="1"/><G24/><REACH who="3" ten="8,360,402,220" step="2"/><T115/><D115/><U5/><E27/><V78/><F40/><W130/><G130/><T35/><D120/><U88/><E43/><V48/><F46/><W23/><G23/><T97/><D28/><U118/><E21/><V100/><F60/><W54/><G54/><T51/><D51/><AGARI ba="0,1" hai="0,7,9,17,19,47,51,52,72,74,75,98,102,105" machi="51" ten="40,5200,0" yaku="1,1,52,1,54,1,53,0" doraHai="42" doraHaiUra="25" who="3" fromWho="0" sc="8,-52,360,0,402,0,220,62" owari="-44,-54.4,360,16.0,402,50.2,282,-11.8" /></mjloggm>