<mjloggm ver="2.3"><GO type="225" lobby="0"/><UN n0="%E3%82%89%E3%81%84%E3%81%B5%E3%81%8C%E3%83%BC%E3%81%A9%E3%81%99%E3%81%8D" n1="%E3%83%A9%E3%83%BC%E3%83%A1%E3%83%B3%E4%BA%94%E9%83%8E" n2="%E6%9C%88%E5%B3%B6%E5%9F%BA" n3="%70%68%65%6E%6F%6D%65" dan="17,16,16,16" rate="2131.56,2128.38,2114.44,2130.50" sx="M,M,M,M"/><TAIKYOKU oya="0"/><INIT seed="0,0,0,2,3,41" ten="250,250,250,250" oya="0" hai0="40,76,111,5,86,30,47,44,55,12,120,22,56" hai1="115,48,133,108,113,19,92,31,10,9,35,101,96" hai2="42,91,67,0,49,50,126,57,122,39,100,78,93" hai3="102,33,90,134,80,8,68,37,135,15,87,109,131"/><T62/><D120/><U17/><E108/><V29/><F0/><W105/><G109/><T110/><D110/><U74/><E74/><V125/><F122/><W21/><G33/><T117/><D117/><U46/><E133/><V73/><F100/><W130/><G68/><T20/><D111/><U2/><E31/><V95/><F29/><W84/><G37/><T65/><D40/><U119/><E35/><V71/><F78/><W94/><G21/><N who="0" m="8299" /><D65/><U7/><E119/><V70/><F73/><W104/><G15/><T98/><D98/><U107/><E107/><N who="3" m="41034" /><G8/><N who="0" m="4111" /><D30/><U1/><E1/><V64/><F42/><W18/><G18/><T43/><D43/><N who="1" m="24671" /><E10/><V59/><F91/><N who="3" m="53607" /><G102/><T25/><D25/><U123/><E123/><V36/><AGARI ba="0,0" hai="36,39,49,50,57,59,64,67,70,71,93,95,125,126" machi="36" ten="25,3200,0" yaku="0,1,22,2" doraHai="41" who="2" fromWho="2" sc="250,-16,250,-8,250,32,250,-8" /><INIT seed="1,0,0,0,1,120" ten="234,242,282,242" oya="1" hai0="91,117,65,30,109,130,121,56,6,54,15,23,128" hai1="116,131,64,50,105,26,100,8,66,135,58,78,0" hai2="86,32,75,47,101,67,89,71,17,51,13,55,36" hai3="132,48,95,103,5,72,24,61,133,45,98,113,90"/><U57/><E116/><V21/><F75/><W114/><G72/><T63/><D117/><U119/><E119/><V81/><F32/><W82/><G5/><T97/><D121/><U59/><E135/><N who="3" m="51786" /><G61/><T108/><D30/><U115/><E115/><V29/><F36/><W125/><G125/><T80/><D65/><N who="1" m="25195" /><E0/><V83/><F101/><W22/><G82/><T70/><D70/><U49/><E105/><V34/><F34/><W77/><G77/><T52/><D54/><U1/><E1/><V106/><F106/><W76/><G76/><T79/><D79/><U27/><E131/><N who="0" m="50217" /><D6/><U122/><E122/><V62/><F29/><N who="3" m="17559" /><G103/><T118/><D118/><U42/><E100/><V60/><F60/><W96/><G98/><T69/><D69/><U112/><E78/><V35/><F35/><W39/><G39/><T93/><D80/><AGARI ba="0,0" hai="13,17,21,47,51,55,62,67,71,80,81,83,86,89" machi="80" ten="30,1000,0" yaku="7,1" doraHai="120" who="2" fromWho="0" sc="234,-10,242,0,282,10,242,0" /><INIT seed="2,0,0,2,2,72" ten="224,242,292,242" oya="2" hai0="4,93,21,62,47,130,52,18,43,100,120,77,122" hai1="13,11,76,56,70,97,12,113,8,95,92,0,79" hai2="129,27,37,38,55,42,46,127,87,41,105,99,30" hai3="101,102,121,65,118,51,81,131,33,88,132,82,58"/><V44/><F127/><W109/><G118/><T24/><D130/><U3/><E113/><V20/><F129/><W25/><G131/><T90/><D4/><U10/><E56/><V9/><F55/><W83/><G121/><T86/><D100/><N who="3" m="38505" /><G33/><T128/><D128/><U15/><E70/><V74/><F74/><W40/><G109/><T68/><D77/><N who="1" m="29771" /><E97/><V16/><F105/><W111/><G111/><T66/><REACH who="0" step="1"/><D52/><REACH who="0" ten="214,242,292,242" step="2"/><U96/><E96/><V125/><F99/><W94/><G132/><T117/><D117/><U26/><E26/><V22/><F125/><W2/><G2/><AGARI ba="0,1" hai="0,2,3,8,10,11,12,13,15,92,95" m="29771" machi="2" ten="40,8000,1" yaku="28,2,52,3" doraHai="72" who="1" fromWho="3" sc="214,0,242,90,292,0,242,-80" /><INIT seed="3,0,0,5,4,19" ten="214,332,292,162" oya="3" hai0="131,63,101,36,48,13,88,20,56,57,0,84,79" hai1="64,112,60,51,135,132,39,14,115,81,126,106,90" hai2="124,110,75,95,104,114,35,55,82,108,24,5,92" hai3="78,117,65,42,113,74,1,119,128,6,7,99,129"/><W59/><G113/><N who="1" m="43594" /><E39/><V29/><F124/><W37/><G37/><T120/><D131/><N who="3" m="50249" /><G42/><T121/><D0/><U109/><E126/><V26/><F104/><W15/><G1/><T72/><D101/><U34/><E109/><V77/><F114/><W38/><G38/><T11/><D20/><U123/><E123/><V73/><F73/><W10/><G7/><T127/><D127/><U134/><E106/><V85/><F5/><W30/><G30/><T67/><D79/><U31/><E51/><V21/><F55/><W49/><G99/><T130/><D72/><U89/><E14/><V12/><F12/><W86/><G74/><T53/><D36/><U125/><E125/><V16/><F75/><W32/><G32/><T33/><D33/><U107/><E31/><V100/><F100/><W102/><G102/><T69/><D130/><U4/><E4/><V46/><F46/><W27/><G27/><T103/><D103/><U25/><E107/><V45/><F45/><W43/><G43/><T58/><D121/><U94/><E25/><V28/><F29/><W22/><G22/><T40/><D120/><U47/><E34/><V9/><F9/><W2/><G2/><T68/><D40/><U118/><E47/><V133/><F133/><W54/><G65/><T96/><D96/><N who="1" m="57423" /><E64/><V97/><F97/><W23/><G23/><T41/><D41/><U8/><E134/><V91/><F108/><W111/><G111/><T70/><D11/><U17/><E135/><V44/><F110/><W71/><G71/><N who="0" m="42495" /><D13/><U3/><E132/><V52/><F35/><W122/><G122/><RYUUKYOKU ba="0,0" sc="214,15,332,-15,292,-15,162,15" hai0="48,53,56,57,58,68,69,70,84,88" hai3="6,10,15,49,54,59,78,86,117,119" /><INIT seed="3,1,0,5,4,119" ten="229,317,277,177" oya="3" hai0="71,42,63,45,38,31,4,22,104,114,17,73,7" hai1="35,16,105,12,67,36,6,79,115,133,100,81,117" hai2="93,3,132,55,70,43,76,14,106,109,32,40,83" hai3="46,129,5,51,33,24,121,96,74,13,98,108,87"/><W62/><G74/><T59/><D104/><U111/><E115/><V127/><F106/><W110/><G129/><T60/><D114/><U77/><E36/><V123/><F3/><W8/><G62/><T116/><D116/><U86/><E35/><V30/><F70/><W65/><G65/><T112/><D112/><U126/><E117/><V94/><F109/><N who="3" m="42091" /><G87/><T19/><D73/><U41/><E6/><V21/><F127/><W0/><G0/><T58/><D31/><U97/><E126/><V10/><F30/><N who="3" m="19655" /><G121/><T134/><D71/><U56/><E111/><V66/><F32/><W2/><G2/><T39/><D63/><U107/><E67/><V18/><F66/><W64/><G64/><T128/><D128/><U92/><E86/><V57/><F123/><W48/><G48/><T125/><D38/><U82/><E97/><V91/><F132/><W25/><G25/><T78/><D134/><U89/><E133/><V90/><F14/><W37/><G37/><T88/><D125/><U120/><E12/><V34/><F34/><W52/><AGARI ba="1,0" hai="5,8,13,46,51,52,96,98" m="19655,42091" machi="52" ten="30,6000,0" yaku="14,1,10,1,54,1" doraHai="119" who="3" fromWho="3" sc="229,-21,317,-21,277,-21,177,63" /><INIT seed="3,2,0,5,5,48" ten="208,296,256,240" oya="3" hai0="93,34,36,4,43,68,77,22,114,83,103,80,126" hai1="10,27,85,57,0,69,15,99,130,128,92,105,90" hai2="35,45,102,44,123,94,55,19,71,97,108,127,63" hai3="9,101,106,25,58,60,2,73,72,135,110,104,100"/><W28/><G135/><T81/><D34/><U52/><E69/><V82/><F35/><W26/><G2/><T7/><D68/><U115/><E115/><V51/><F108/><W24/><G9/><T47/><D114/><U133/><E133/><V84/><F127/><W86/><G28/><T41/><D126/><U122/><E122/><V62/><F123/><W70/><G70/><T6/><D43/><U11/><E27/><V20/><F45/><W78/><G86/><T117/><D117/><U125/><E125/><V107/><F107/><W12/><G12/><T5/><N who="0" m="1024" /><DORA hai="75" /><T16/><D93/><N who="1" m="54479" /><E15/><N who="2" m="9343" /><F71/><W59/><G110/><T109/><D103/><N who="3" m="39497" /><G60/><T87/><REACH who="0" step="1"/><D109/><REACH who="0" ten="198,296,256,240" step="2"/><U112/><E112/><V33/><F33/><W38/><G106/><T119/><D119/><U53/><E105/><V21/><F21/><W46/><G104/><T65/><D65/><U3/><E0/><V120/><F120/><W31/><G38/><T96/><D96/><U98/><E98/><V124/><F124/><W91/><G31/><T37/><D37/><U14/><E3/><V50/><F50/><W56/><G72/><T132/><D132/><U42/><E99/><V54/><F54/><W61/><G73/><T121/><D121/><U32/><E53/><V89/><AGARI ba="2,1" hai="44,51,55,62,63,82,84,89,94,97,102" m="9343" machi="89" ten="30,2000,0" yaku="8,1,52,1" doraHai="48,75" who="2" fromWho="2" sc="198,-7,296,-7,256,36,240,-12" /><INIT seed="4,0,0,0,4,129" ten="191,289,292,228" oya="0" hai0="128,48,62,70,66,46,120,60,34,57,75,90,111" hai1="127,6,115,87,20,58,40,83,41,12,47,114,2" hai2="50,68,10,96,23,134,18,112,113,122,79,24,104" hai3="39,131,78,99,7,33,31,69,15,67,64,45,106"/><T51/><D120/><U97/><E127/><V80/><F134/><W117/><G117/><T95/><D128/><U63/><E2/><V30/><F122/><W22/><G131/><T94/><D111/><U53/><E97/><V8/><F68/><W65/><G78/><T52/><D34/><U107/><E107/><V25/><F50/><W73/><G73/><T119/><D119/><U28/><E28/><V100/><F25/><W21/><G69/><T121/><D121/><U82/><E82/><V123/><F123/><W49/><G39/><T37/><D75/><U86/><E86/><N who="2" m="48415" /><F30/><W109/><G109/><T29/><D29/><U130/><E130/><V1/><F1/><W93/><G106/><T72/><D72/><U132/><E132/><V42/><F42/><N who="3" m="24759" /><G33/><T54/><D37/><U135/><E135/><V125/><F125/><W61/><G61/><T76/><D76/><N who="1" m="46567" /><E47/><V44/><F44/><W11/><G31/><T5/><D5/><U108/><E108/><V13/><F24/><W126/><G126/><T89/><REACH who="0" step="1"/><D48/><REACH who="0" ten="181,289,292,228" step="2"/><U55/><E6/><V102/><F113/><W92/><G92/><AGARI ba="0,1" hai="46,51,52,54,57,60,62,66,70,89,90,92,94,95" machi="92" ten="40,7700,0" yaku="1,1,2,1,54,1,53,0" doraHai="129" doraHaiUra="103" who="0" fromWho="3" sc="181,87,289,0,292,0,228,-77" /><INIT seed="4,1,0,4,0,41" ten="268,289,292,151" oya="0" hai0="3,17,43,31,4,7,57,0,117,46,99,127,121" hai1="97,2,68,52,28,24,111,50,134,44,70,128,107" hai2="96,39,91,110,47,83,65,45,122,14,90,73,67" hai3="124,56,30,82,15,55,98,19,34,114,6,49,102"/><T76/><D121/><U133/><E111/><V115/><F110/><W106/><G114/><T119/><D99/><U5/><E128/><V120/><F115/><W32/><G124/><T74/><D57/><U126/><E126/><V85/><F73/><W48/><G6/><T62/><D62/><U92/><E107/><V125/><F125/><W8/><G30/><T25/><D127/><U63/><E2/><V54/><F39/><W100/><G100/><T135/><D17/><U59/><E5/><V93/><F120/><W123/><G123/><T81/><D135/><N who="1" m="51723" /><E92/><V10/><F122/><W69/><G69/><T36/><D7/><U40/><E97/><V26/><F26/><W53/><REACH who="3" step="1"/><G82/><REACH who="3" ten="268,289,292,141" step="2"/><T21/><D4/><U86/><E86/><V94/><F83/><W84/><G84/><T72/><D74/><U38/><E38/><V51/><F85/><W112/><G112/><T33/><D33/><AGARI ba="1,1" hai="24,28,33,40,44,50,52,59,63,68,70" m="51723" machi="33" ten="30,3900,0" yaku="20,1,52,1,54,1" doraHai="41" who="1" fromWho="0" sc="268,-42,289,52,292,0,141,0" owari="226,-17.4,341,44.1,292,9.2,141,-35.9" /></mjloggm>