<mjloggm ver="2.3"><GO type="225" lobby="0"/><UN n0="%E5%91%A8%E6%9D%B1" n1="%E7%99%BD%E5%80%89%E5%AF%9B%E4%B9%8B" n2="%70%6F%69%73%6F%6E%30%32" n3="%E3%80%90%E8%92%BC%E7%90%89%E3%80%91" dan="17,16,16,16" rate="2185.10,2144.03,2129.22,2189.75" sx="M,M,M,F"/><TAIKYOKU oya="0"/><INIT seed="0,0,0,0,1,44" ten="250,250,250,250" oya="0" hai0="102,98,100,86,88,123,63,59,106,84,1,99,77" hai1="120,92,21,129,111,68,49,46,19,116,126,10,61" hai2="83,52,56,133,25,12,51,18,20,110,47,135,105" hai3="6,7,57,3,93,128,112,107,41,35,118,23,60"/><T78/><D1/><U30/><E116/><V13/><F105/><W38/><G107/><N who="0" m="63895" /><D59/><U70/><E120/><V125/><F110/><W24/><G35/><T32/><D32/><U108/><E126/><V58/><F125/><W96/><G3/><T34/><D63/><U45/><E129/><V55/><F83/><W66/><G112/><T39/><D39/><U73/><E73/><V71/><F71/><W87/><G118/><T82/><D34/><U109/><E46/><V91/><F91/><W104/><G104/><T15/><D15/><N who="1" m="7671" /><E61/><V48/><F47/><W85/><G128/><T69/><D69/><U67/><E67/><V16/><F25/><W40/><G38/><T130/><D130/><U72/><E72/><V89/><F89/><W95/><G6/><T8/><D8/><AGARI ba="0,0" hai="8,12,13,16,18,20,48,51,52,55,56,58,133,135" machi="8" ten="40,8000,1" yaku="9,1,52,2,54,2" doraHai="44" who="2" fromWho="0" sc="250,-80,250,0,250,80,250,0" /><INIT seed="1,0,0,1,1,117" ten="170,250,330,250" oya="1" hai0="9,88,14,111,41,68,70,81,104,85,15,50,90" hai1="135,113,19,67,79,2,103,102,110,12,75,35,43" hai2="95,94,59,58,53,29,128,21,17,23,73,123,25" hai3="69,122,108,115,13,124,130,134,86,96,92,63,99"/><U101/><E2/><V8/><F123/><W65/><G115/><T49/><D104/><U45/><E35/><V31/><F73/><W125/><G122/><T83/><D41/><U62/><E113/><V98/><F128/><W4/><G130/><T48/><D111/><U84/><E75/><V120/><F8/><N who="3" m="4231" /><G108/><T100/><D100/><U131/><E135/><V40/><F120/><W46/><G46/><T112/><D112/><U24/><E24/><V52/><F40/><W76/><G134/><T38/><D38/><U26/><E26/><V30/><F23/><W1/><G1/><T32/><D32/><U0/><E0/><V121/><F121/><W132/><G132/><T106/><D106/><U39/><E131/><V89/><F95/><W11/><G11/><T6/><REACH who="0" step="1"/><D15/><REACH who="0" ten="160,250,330,250" step="2"/><U51/><E110/><V44/><F53/><W27/><G27/><T42/><D42/><U37/><E37/><V133/><F133/><W34/><G34/><T126/><D126/><U78/><E39/><V116/><F116/><W87/><G124/><T33/><D33/><U28/><E28/><V16/><F31/><W72/><G125/><T97/><D97/><U36/><E36/><V54/><F30/><W114/><G99/><T20/><D20/><N who="1" m="11367" /><E84/><AGARI ba="0,1" hai="6,9,14,48,49,50,68,70,81,83,84,85,88,90" machi="84" ten="40,8000,1" yaku="1,1,9,1,54,1,53,1" doraHai="117" doraHaiUra="3" who="0" fromWho="1" sc="160,90,250,-80,330,0,250,0" /><INIT seed="2,0,0,2,1,94" ten="250,170,330,250" oya="2" hai0="48,115,134,118,8,133,93,56,112,67,20,80,35" hai1="87,43,46,27,70,88,10,102,121,130,79,123,92" hai2="6,89,75,39,106,119,23,17,22,30,135,55,117" hai3="42,125,38,57,60,110,11,0,68,13,71,36,91"/><V74/><F39/><W45/><G0/><T83/><D35/><U63/><E130/><V122/><F122/><W44/><G110/><T73/><D8/><U86/><E102/><V124/><F6/><W1/><G1/><T9/><D9/><U64/><E27/><V5/><F5/><W100/><G100/><T34/><D34/><U108/><E108/><V52/><F135/><N who="0" m="51722" /><D20/><U103/><E10/><V32/><F106/><W129/><G125/><T95/><D48/><U120/><E103/><V12/><F124/><W7/><G129/><T101/><D56/><U127/><E127/><V85/><F32/><W29/><G91/><T113/><D67/><U49/><REACH who="1" step="1"/><E79/><REACH who="1" ten="250,160,330,250" step="2"/><V15/><F119/><W31/><G31/><T54/><D118/><U109/><E109/><V131/><F117/><W66/><G29/><T81/><D101/><U24/><E24/><V128/><F131/><W16/><G7/><T40/><D113/><U21/><E21/><V3/><F23/><W82/><G11/><T47/><D112/><U2/><E2/><V18/><F128/><W77/><G13/><T59/><D115/><U84/><AGARI ba="0,1" hai="43,46,49,63,64,70,84,86,87,88,92,120,121,123" machi="84" ten="40,8000,1" yaku="1,1,0,1,13,1,54,1,53,0" doraHai="94" doraHaiUra="53" who="1" fromWho="1" sc="250,-20,160,90,330,-40,250,-20" /><INIT seed="3,0,0,1,5,133" ten="230,250,290,230" oya="3" hai0="118,61,84,69,52,30,39,54,16,71,79,4,50" hai1="14,91,134,106,74,26,55,11,128,96,41,130,33" hai2="105,86,40,119,112,35,57,46,95,29,0,45,1" hai3="126,48,102,109,85,47,44,53,32,21,120,37,20"/><W73/><G120/><T75/><D39/><U76/><E134/><V3/><F112/><W93/><G73/><T66/><D118/><U87/><E41/><V135/><F105/><W10/><G32/><T13/><D75/><U115/><E115/><V2/><F135/><W60/><G109/><T7/><D71/><U100/><E55/><V43/><F3/><W22/><G60/><T121/><D30/><U12/><E26/><V125/><F119/><W131/><G131/><N who="1" m="50218" /><E33/><V42/><F29/><W81/><G37/><T80/><D121/><U24/><E24/><V104/><F104/><W70/><G70/><T129/><D129/><U103/><E103/><V58/><F35/><W17/><G126/><T123/><D123/><U83/><E11/><V78/><F46/><W101/><G44/><T59/><REACH who="0" step="1"/><D54/><REACH who="0" ten="220,250,290,230" step="2"/><U6/><E6/><V64/><F43/><W65/><G65/><T23/><AGARI ba="0,1" hai="4,7,13,16,23,50,52,59,61,66,69,79,80,84" machi="23" ten="20,12000,2" yaku="1,1,2,1,0,1,7,1,54,2,53,1" doraHai="133" doraHaiUra="15" who="0" fromWho="0" sc="220,130,250,-30,290,-30,230,-60" owari="350,45.0,220,-18.0,260,6.0,170,-33.0" /></mjloggm>