<mjloggm ver="2.3"><GO type="225" lobby="0"/><UN n0="%E6%B7%91%E5%A5%B3%E3%81%AE%E5%97%9C%E3%81%BF" n1="%E3%81%BF%E3%81%BF%E3%81%9A" n2="%E6%B8%A9%E2%98%85%E6%83%85%E2%98%85%E6%8E%AA%E2%98%85%E7%BD%AE" n3="%E3%82%8A%E3%81%93%E3%82%8A%E3%82%93%E3%81%94" dan="16,18,17,17" rate="2104.02,2255.94,2200.41,2235.61" sx="M,M,M,M"/><TAIKYOKU oya="0"/><INIT seed="0,0,0,2,4,76" ten="250,250,250,250" oya="0" hai0="127,122,21,119,113,129,11,63,70,7,101,6,125" hai1="74,52,13,98,4,85,67,34,9,81,71,128,126" hai2="97,43,61,103,80,121,37,100,45,26,33,107,32" hai3="135,134,99,30,116,0,69,48,24,64,28,38,117"/><T54/><D113/><U114/><E34/><V90/><F121/><W108/><G38/><T19/><D122/><U16/><E114/><V18/><F103/><W130/><G0/><T31/><D119/><U111/><E74/><V27/><F61/><W46/><G108/><T123/><D123/><U91/><E111/><V118/><F118/><W89/><G130/><T12/><D129/><U112/><E112/><V50/><F37/><W23/><G30/><T41/><D41/><U49/><E128/><V17/><F27/><W5/><G5/><T66/><D101/><U35/><E35/><V39/><F39/><W86/><G99/><T94/><D94/><N who="1" m="56671" /><E71/><V132/><F132/><N who="3" m="50731" /><G64/><T92/><D31/><U104/><E126/><V56/><F56/><W20/><G20/><T40/><D21/><U110/><E110/><V84/><REACH who="2" step="1"/><F33/><REACH who="2" ten="250,250,240,250" step="2"/><W77/><G69/><T72/><D70/><U88/><E104/><V115/><F115/><W25/><G25/><T79/><D125/><U57/><E67/><V65/><F65/><W59/><G59/><N who="0" m="35319" /><D66/><U1/><E1/><V120/><F120/><W42/><G77/><T53/><D127/><U36/><E36/><V95/><F95/><AGARI ba="0,1" hai="23,24,28,42,46,48,86,89,95,116,117" m="50731" machi="95" ten="30,1000,0" yaku="20,1" doraHai="76" who="3" fromWho="2" sc="250,0,250,0,240,-10,250,20" /><INIT seed="1,0,0,3,0,23" ten="250,250,230,270" oya="1" hai0="102,109,42,108,21,70,19,114,47,119,110,115,113" hai1="116,125,65,57,4,2,46,48,44,31,128,73,52" hai2="99,53,33,96,22,16,78,90,67,38,40,104,13" hai3="132,10,58,111,120,124,34,59,6,3,84,30,26"/><U92/><E116/><V25/><F78/><W85/><G120/><T64/><D102/><U117/><E117/><V8/><F33/><W101/><G111/><T43/><D119/><U5/><E73/><V37/><F67/><W121/><G121/><T127/><D127/><U107/><E107/><V61/><F40/><W41/><G124/><T106/><D106/><U45/><E125/><V79/><F79/><W76/><G132/><T135/><D135/><U54/><E128/><V123/><F123/><W77/><G101/><T95/><D95/><U51/><E2/><V134/><F134/><W112/><G112/><T91/><D91/><U36/><E65/><V50/><F61/><W97/><G41/><T105/><D105/><U100/><E31/><V69/><F69/><W86/><G97/><T126/><D126/><U49/><E36/><V118/><F118/><W83/><REACH who="3" step="1"/><G77/><REACH who="3" ten="250,250,230,260" step="2"/><T1/><D43/><N who="1" m="24607" /><E45/><N who="2" m="27855" /><F104/><W39/><G39/><T7/><D47/><U66/><E66/><V71/><F38/><W98/><G98/><AGARI ba="0,1" hai="4,5,46,49,51,52,54,57,92,98,100" m="24607" machi="98" ten="30,2900,0" yaku="8,1,54,1" doraHai="23" who="1" fromWho="3" sc="250,0,250,39,230,0,260,-29" /><INIT seed="1,1,0,0,0,55" ten="250,289,230,231" oya="1" hai0="16,65,67,59,134,31,25,53,23,6,49,39,36" hai1="45,18,90,9,35,99,38,127,76,121,14,132,52" hai2="40,17,15,131,81,37,111,117,54,96,95,44,34" hai3="79,0,24,113,93,56,133,46,61,105,7,98,62"/><U118/><E118/><V3/><F117/><W102/><G113/><T88/><D134/><U107/><E121/><V27/><F3/><W120/><G120/><T130/><D130/><U97/><E35/><V64/><F131/><W66/><G133/><T47/><D6/><U48/><E132/><V106/><F106/><W100/><G79/><T50/><D31/><U70/><E70/><V20/><F64/><W82/><G82/><T104/><D104/><U135/><E76/><V92/><F111/><W42/><G24/><T94/><D39/><U129/><E135/><V115/><F115/><W21/><G21/><T74/><D36/><U85/><E129/><V122/><F122/><W108/><G108/><T71/><D71/><U4/><E127/><V125/><F125/><W43/><G46/><T8/><D8/><U73/><E73/><V84/><F96/><N who="1" m="36937" /><E38/><V60/><F34/><W30/><G30/><T63/><D74/><U10/><E107/><V72/><F72/><W128/><G128/><T103/><D103/><U68/><E68/><V28/><F84/><W112/><G112/><T22/><D22/><N who="1" m="11607" /><E4/><V11/><REACH who="2" step="1"/><F81/><AGARI ba="1,0" hai="9,10,45,48,52,81,85,90" m="11607,36937" machi="81" ten="30,2900,0" yaku="8,1,54,1" doraHai="55" who="1" fromWho="2" sc="250,0,289,32,230,-32,231,0" /><INIT seed="1,2,0,1,2,55" ten="250,321,198,231" oya="1" hai0="62,52,109,91,83,50,89,51,53,105,132,45,74" hai1="123,1,10,24,40,69,73,57,82,19,84,126,27" hai2="101,66,133,114,86,3,95,99,16,46,18,15,121" hai3="90,110,9,131,80,11,85,106,107,72,76,71,2"/><U65/><E123/><V54/><F3/><W81/><G71/><T97/><D109/><U79/><E69/><V77/><F121/><W129/><G110/><T116/><D116/><U13/><E126/><V100/><F133/><W78/><G2/><T98/><D132/><U75/><E1/><V104/><F114/><W28/><G28/><T122/><D62/><N who="1" m="38095" /><E75/><V48/><F66/><W35/><G35/><T22/><D22/><U111/><E73/><V26/><F104/><N who="3" m="39979" /><G11/><T34/><D34/><U124/><E124/><V88/><F26/><N who="1" m="9769" /><E111/><V61/><F61/><W130/><G9/><T120/><D105/><U70/><E70/><V30/><F30/><W108/><G108/><T8/><D8/><U125/><E125/><V135/><F135/><W39/><G39/><T119/><D119/><U31/><E31/><V38/><F38/><W37/><G37/><T112/><D112/><U64/><E64/><V14/><F14/><W21/><G21/><T0/><D0/><U5/><E40/><V36/><F36/><W56/><G56/><N who="0" m="32791" /><D122/><U23/><E23/><N who="2" m="11679" /><F18/><AGARI ba="2,0" hai="5,10,13,18,19,79,82,84" m="9769,38095" machi="18" ten="30,2900,0" yaku="8,1,52,1" doraHai="55" who="1" fromWho="2" sc="250,0,321,35,198,-35,231,0" /><INIT seed="1,3,0,2,5,17" ten="250,356,163,231" oya="1" hai0="22,50,81,112,10,35,39,106,115,104,62,122,68" hai1="96,76,65,47,114,133,33,108,59,26,54,93,36" hai2="132,86,87,19,77,111,88,84,42,109,27,82,131" hai3="56,29,0,99,119,40,80,128,116,63,79,120,98"/><U34/><E114/><V37/><F37/><W5/><G120/><T9/><D39/><U75/><E133/><V7/><F42/><W135/><G135/><T2/><D35/><U25/><E65/><V55/><F7/><W134/><G134/><T12/><D122/><U123/><E123/><V92/><F132/><W69/><G69/><T95/><D95/><U15/><E76/><V94/><F55/><W20/><G128/><T13/><D2/><U97/><E75/><V31/><F19/><W83/><G40/><T52/><D81/><U103/><E15/><V78/><F131/><W60/><G5/><T41/><D41/><U100/><E108/><N who="2" m="41547" /><F27/><N who="3" m="16615" /><G0/><T125/><D52/><U64/><E64/><V8/><F8/><W14/><G14/><T117/><D13/><U44/><E54/><V48/><F48/><W110/><G110/><T11/><D50/><U107/><E59/><V129/><F31/><W102/><G56/><T28/><D28/><U58/><E58/><V24/><F24/><W45/><G45/><T57/><D57/><U46/><E36/><V49/><F49/><W32/><G119/><T127/><D117/><U51/><E51/><V3/><F3/><W126/><G63/><T74/><D62/><U85/><E46/><V121/><F129/><W72/><G60/><T89/><D68/><U1/><E1/><V43/><F121/><W124/><G116/><T118/><D118/><U113/><E34/><V38/><F38/><W53/><G32/><T105/><D12/><U61/><E44/><V18/><F43/><W90/><G53/><T21/><D112/><RYUUKYOKU ba="3,0" sc="250,0,356,0,163,0,231,0" /><INIT seed="2,4,0,1,3,131" ten="250,356,163,231" oya="2" hai0="109,73,18,16,127,10,88,68,101,50,67,60,121" hai1="134,49,48,69,105,71,74,91,75,112,41,130,108" hai2="123,9,7,92,1,58,82,42,110,46,66,135,120" hai3="97,54,62,70,115,65,25,14,15,45,53,6,31"/><V2/><F2/><W90/><G115/><T107/><D121/><U34/><E34/><V59/><F110/><W43/><G97/><T19/><D73/><U114/><E91/><V126/><F126/><W86/><G6/><T81/><D109/><U106/><E41/><V21/><F135/><W124/><G124/><T102/><D127/><U3/><E130/><V51/><F92/><W27/><G27/><T72/><D107/><U104/><E108/><V78/><F21/><W76/><G76/><T79/><D10/><U4/><E4/><V84/><REACH who="2" step="1"/><F66/><REACH who="2" ten="250,356,153,231" step="2"/><W89/><G65/><T26/><D26/><U128/><E128/><V36/><F36/><W52/><G25/><T85/><REACH who="0" step="1"/><D50/><REACH who="0" ten="240,356,153,231" step="2"/><N who="1" m="19563" /><E3/><V17/><F17/><W55/><G31/><T47/><D47/><U64/><E105/><V95/><F95/><AGARI ba="4,2" hai="16,18,19,60,67,68,72,79,81,85,88,95,101,102" machi="95" ten="40,5200,0" yaku="1,1,54,2,53,0" doraHai="131" doraHaiUra="0" who="0" fromWho="2" sc="240,84,356,0,153,-64,231,0" /><INIT seed="3,0,0,0,3,3" ten="324,356,89,231" oya="3" hai0="63,81,42,13,44,83,108,14,76,100,22,118,30" hai1="116,1,52,78,11,46,112,5,113,77,106,8,117" hai2="28,90,102,37,53,130,48,24,88,96,125,133,15" hai3="34,54,58,62,107,39,109,134,74,31,56,135,131"/><W89/><G74/><T7/><D118/><N who="1" m="45675" /><E106/><V32/><F133/><N who="3" m="50699" /><G107/><T121/><D121/><U16/><E8/><V98/><F130/><W51/><G39/><T104/><D108/><U41/><E16/><V9/><F125/><W47/><G131/><T21/><D63/><U29/><E52/><V45/><F37/><W110/><G89/><T79/><D100/><U99/><E29/><V65/><F65/><N who="3" m="39111" /><G31/><T64/><D104/><U0/><E0/><V115/><F115/><N who="1" m="44105" /><E99/><V101/><F98/><W25/><G25/><T84/><D30/><U105/><E105/><V23/><F32/><W50/><G34/><T127/><D127/><U12/><E1/><V4/><REACH who="2" step="1"/><F102/><REACH who="2" ten="324,356,79,231" step="2"/><W6/><G110/><T97/><D97/><U40/><E40/><V67/><F67/><W87/><G109/><T114/><D64/><U17/><E17/><V68/><F68/><W43/><G43/><T57/><D114/><U27/><E27/><V126/><F126/><W69/><G69/><T95/><D42/><U2/><E2/><V75/><F75/><W18/><G54/><T122/><D122/><U123/><E123/><V128/><F128/><W33/><G33/><T49/><D57/><U35/><E35/><V85/><F85/><W71/><G87/><N who="0" m="48551" /><D14/><U92/><E41/><V60/><F60/><W73/><G73/><T80/><D84/><U10/><E12/><V66/><F66/><W82/><G71/><T124/><D124/><U61/><E61/><V132/><F132/><W91/><G58/><T19/><D13/><U36/><E36/><V72/><F72/><W26/><G47/><RYUUKYOKU ba="0,1" sc="324,-10,356,-10,79,30,231,-10" hai2="4,9,15,23,24,28,45,48,53,88,90,96,101" owari="314,11.4,356,45.6,109,-39.1,221,-17.9" /></mjloggm>