<mjloggm ver="2.3"><GO type="225" lobby="0"/><UN n0="%E6%A1%9C%E8%8A%B1%E9%96%83%E3%80%85" n1="%E7%99%BD%E5%80%89%E5%AF%9B%E4%B9%8B" n2="%E3%83%96%E3%83%83%E3%83%91%E3%82%AA%E3%83%96%E3%83%81%E3%82%AD%E3%83%B3" n3="%E3%83%A9%E3%83%BC%E3%83%A1%E3%83%B3%E4%BA%94%E9%83%8E" dan="16,16,16,16" rate="2106.59,2117.31,2170.10,2100.90" sx="M,M,M,M"/><TAIKYOKU oya="0"/><INIT seed="0,0,0,4,2,78" ten="250,250,250,250" oya="0" hai0="52,107,117,86,0,7,126,56,94,38,93,3,100" hai1="68,133,18,67,64,124,47,110,28,95,96,21,24" hai2="84,57,82,13,130,63,116,16,97,25,83,6,135" hai3="44,132,4,39,19,29,118,128,33,90,58,102,54"/><T125/><D38/><U37/><E110/><V32/><F130/><W70/><G118/><T10/><D117/><U103/><E133/><V59/><F135/><W131/><G132/><T11/><D107/><U88/><E124/><N who="0" m="47721" /><D100/><U35/><E68/><V2/><F116/><W55/><G70/><T99/><D86/><U53/><E103/><V26/><F32/><W65/><G102/><N who="0" m="60783" /><D94/><U51/><REACH who="1" step="1"/><E37/><REACH who="1" ten="250,240,250,250" step="2"/><V31/><F2/><N who="0" m="554" /><D7/><U8/><E8/><N who="2" m="6183" /><F6/><W40/><G4/><T41/><D41/><U92/><E92/><V45/><F97/><W34/><G40/><T22/><D22/><U30/><E30/><V43/><F31/><W114/><G29/><T111/><D111/><U80/><E80/><V76/><F83/><W23/><G39/><T87/><D87/><U12/><AGARI ba="0,1" hai="12,18,21,24,28,35,47,51,53,64,67,88,95,96" machi="12" ten="20,5200,0" yaku="1,1,0,1,7,1,54,1,53,0" doraHai="78" doraHaiUra="101" who="1" fromWho="1" sc="250,-26,240,62,250,-13,250,-13" /><INIT seed="1,0,0,0,3,104" ten="224,302,237,237" oya="1" hai0="125,131,92,35,6,76,94,70,33,23,82,17,118" hai1="14,72,47,52,39,22,128,67,107,46,80,5,98" hai2="42,84,0,124,88,75,10,64,32,134,56,24,61" hai3="18,27,129,91,95,36,112,73,123,132,120,53,110"/><U109/><E128/><V83/><F134/><W3/><G53/><T127/><D70/><U40/><E109/><V12/><F124/><N who="0" m="47690" /><D118/><U130/><E130/><V48/><F0/><W96/><G129/><T68/><D68/><U81/><E67/><V51/><F42/><W121/><G3/><T1/><D131/><U57/><E47/><V30/><REACH who="2" step="1"/><F75/><REACH who="2" ten="224,302,227,237" step="2"/><W111/><G73/><N who="0" m="43279" /><D1/><U8/><E72/><V62/><F62/><W4/><G132/><T54/><D6/><AGARI ba="0,1" hai="6,10,12,24,30,32,48,51,56,61,64,83,84,88" machi="6" ten="30,3900,0" yaku="1,1,7,1,54,1,53,0" doraHai="104" doraHaiUra="115" who="2" fromWho="0" sc="224,-39,302,0,227,49,237,0" /><INIT seed="2,0,0,3,3,45" ten="185,302,276,237" oya="2" hai0="57,102,80,69,70,77,54,93,131,122,12,114,88" hai1="32,71,104,92,23,48,86,31,33,2,67,43,50" hai2="19,106,79,22,134,38,120,16,133,51,76,61,105" hai3="7,40,98,25,119,85,8,20,9,28,100,5,90"/><V17/><F38/><W64/><G119/><T18/><D122/><U59/><E104/><N who="2" m="40043" /><F120/><W110/><G110/><T89/><D131/><U107/><E107/><V127/><F61/><W74/><G74/><T128/><D114/><U83/><E2/><V4/><F4/><W13/><G64/><T94/><D128/><U81/><E71/><V58/><F22/><W126/><G126/><T15/><D70/><U41/><E33/><V1/><F1/><W46/><G98/><T118/><D118/><U117/><E32/><V121/><F121/><W72/><G100/><T6/><D6/><U49/><E117/><V60/><F127/><W24/><G72/><T14/><D18/><N who="2" m="4610" /><V34/><DORA hai="37" /><F34/><W123/><G123/><T56/><D69/><U65/><E92/><V97/><F97/><W3/><G20/><T35/><D35/><U115/><E115/><V63/><F51/><W99/><G99/><T101/><D101/><U30/><E83/><V47/><F47/><W21/><G21/><T78/><D102/><U130/><E130/><V95/><F95/><N who="0" m="36362" /><D80/><U39/><E39/><V53/><F63/><W116/><G116/><T109/><D14/><U75/><E75/><V124/><F124/><W113/><G113/><T10/><D12/><U52/><E65/><V82/><F82/><N who="3" m="49463" /><G13/><T84/><D15/><U36/><E67/><V129/><F129/><W73/><G73/><T111/><D89/><N who="1" m="51407" /><E36/><V68/><F68/><W27/><G3/><T29/><D88/><U112/><E112/><V103/><F103/><W108/><G5/><T87/><D87/><U0/><E0/><RYUUKYOKU ba="0,0" sc="185,-10,302,-10,276,30,237,-10" hai2="53,58,60,76,79,133,134" /><INIT seed="2,1,0,5,3,53" ten="175,292,306,227" oya="2" hai0="34,109,40,112,100,105,19,128,93,32,47,37,134" hai1="60,123,80,119,10,57,69,103,81,107,31,108,127" hai2="70,76,110,129,28,63,87,78,24,84,13,14,6" hai3="67,59,2,82,101,132,65,23,0,41,54,1,86"/><V8/><F129/><W56/><G132/><T94/><D112/><U116/><E69/><V72/><F110/><W131/><G131/><T45/><D128/><U62/><E108/><V89/><F72/><W98/><G41/><T88/><D109/><U5/><E31/><V21/><F87/><W15/><G15/><T49/><D134/><U17/><E17/><V36/><F36/><W48/><G23/><T27/><D105/><U22/><E22/><V12/><F70/><W102/><G59/><T118/><D118/><U106/><E127/><V11/><F63/><W51/><G51/><T92/><D100/><U64/><E62/><V3/><REACH who="2" step="1"/><F11/><REACH who="2" ten="175,292,296,227" step="2"/><W30/><G86/><T91/><D37/><U120/><E116/><V16/><F16/><W44/><G30/><T29/><D19/><U126/><E119/><V73/><F73/><W85/><G85/><T135/><D135/><U122/><E126/><V50/><F50/><W96/><G48/><T83/><D83/><AGARI ba="1,1" hai="3,6,8,12,13,14,21,24,28,76,78,83,84,89" machi="83" ten="40,12000,1" yaku="1,1,53,3" doraHai="53" doraHaiUra="9" who="2" fromWho="0" sc="175,-123,292,0,296,133,227,0" /><INIT seed="2,2,0,0,1,26" ten="52,292,429,227" oya="2" hai0="66,101,28,12,67,21,68,102,127,10,43,115,88" hai1="118,31,4,69,83,19,25,113,81,32,23,59,84" hai2="35,65,110,63,104,99,50,133,96,36,82,37,39" hai3="30,57,45,15,58,126,125,74,73,47,24,71,106"/><V90/><F133/><W29/><G106/><T61/><D115/><U92/><E69/><V16/><F35/><W93/><G71/><T8/><D127/><N who="3" m="48649" /><G15/><T53/><D43/><U51/><E113/><V22/><F110/><W38/><G93/><T119/><D119/><U55/><E118/><V108/><F108/><W14/><G14/><T130/><D130/><U107/><E107/><V0/><F0/><W3/><G3/><T123/><D123/><U34/><E4/><V91/><F104/><W85/><G85/><T116/><D116/><U76/><E92/><V95/><F50/><W111/><G111/><T75/><D75/><N who="3" m="28681" /><G24/><T135/><D135/><U80/><REACH who="1" step="1"/><E34/><REACH who="1" ten="52,282,429,227" step="2"/><V87/><F99/><W134/><G134/><T86/><D68/><U41/><E41/><V129/><F129/><W18/><G47/><T132/><D132/><U98/><E98/><V70/><REACH who="2" step="1"/><F37/><REACH who="2" ten="52,282,419,227" step="2"/><W48/><G38/><T78/><D102/><U2/><E2/><V27/><AGARI ba="2,2" hai="16,22,27,36,39,63,65,70,82,87,90,91,95,96" machi="27" ten="20,12000,1" yaku="1,1,2,1,0,1,7,1,54,1,53,0" doraHai="26" doraHaiUra="72" who="2" fromWho="2" sc="52,-42,282,-42,419,146,227,-42" /><INIT seed="2,3,0,4,1,108" ten="10,240,565,185" oya="2" hai0="87,9,81,41,7,50,122,1,103,70,13,16,106" hai1="126,4,19,14,31,119,58,109,61,35,75,79,105" hai2="82,91,56,93,68,95,124,6,99,113,135,73,22" hai3="44,80,131,64,111,132,57,29,18,96,72,62,47"/><V49/><F68/><W127/><G111/><T67/><D122/><U129/><E105/><V8/><F113/><W46/><G127/><T69/><D106/><U63/><E109/><V78/><F124/><W26/><G131/><T10/><D103/><U125/><E4/><V20/><F135/><W59/><G132/><T116/><D116/><U3/><E3/><V32/><F32/><W65/><G18/><T117/><D117/><U66/><E119/><V42/><F95/><W121/><G121/><T54/><D41/><U2/><E2/><V37/><F56/><W123/><G123/><T84/><D67/><U118/><E118/><V48/><F49/><W128/><G128/><T39/><D39/><U53/><E129/><V85/><F48/><W130/><G130/><T86/><REACH who="0" step="1"/><D81/><REACH who="0" ten="0,240,565,185" step="2"/><N who="1" m="45311" /><E66/><V38/><F38/><W88/><G65/><T28/><D28/><U45/><E31/><V110/><F110/><W21/><G64/><T40/><D40/><U33/><E125/><V52/><F52/><W43/><G43/><T120/><D120/><U5/><E53/><V94/><F37/><W74/><G80/><T114/><D114/><U104/><E104/><V89/><F42/><W112/><G112/><T60/><D60/><U100/><E63/><V25/><F25/><W76/><G62/><T17/><D17/><U55/><E19/><V15/><AGARI ba="3,1" hai="6,8,15,20,22,73,78,82,85,89,91,93,94,99" machi="15" ten="20,2100,0" yaku="0,1,7,1" doraHai="108" who="2" fromWho="2" sc="0,-10,240,-10,565,40,185,-10" owari="-10,-51.0,230,3.0,605,70.5,175,-22.5" /></mjloggm>