<mjloggm ver="2.3"><GO type="225" lobby="0"/><UN n0="%E3%82%BC%E3%83%AB%E3%83%80%E3%81%AE%E4%BC%9D%E8%AA%AC" n1="%72%61%6B%33" n2="%4B%2E%32%2E%4B%2E" n3="%E6%A1%9C%E8%8A%B1%E9%96%83%E3%80%85" dan="17,16,17,16" rate="2141.68,2124.42,2190.87,2199.82" sx="M,M,M,M"/><TAIKYOKU oya="0"/><INIT seed="0,0,0,0,4,61" ten="250,250,250,250" oya="0" hai0="59,20,16,102,19,88,106,91,4,29,63,113,21" hai1="120,23,43,41,34,80,32,93,115,51,45,31,66" hai2="86,109,98,60,128,100,70,121,134,38,78,74,76" hai3="111,75,10,48,73,126,50,18,8,36,52,7,85"/><T122/><D113/><U81/><E115/><V13/><F121/><W125/><G36/><T123/><D123/><U57/><E120/><V101/><F109/><W35/><G35/><T53/><D122/><U96/><E32/><V79/><F38/><W67/><G111/><T116/><D116/><U132/><E41/><V89/><F13/><N who="3" m="7479" /><G85/><T90/><D4/><U77/><E34/><V84/><F128/><W5/><G67/><T110/><D110/><U82/><E132/><V3/><F3/><W54/><G50/><T133/><D133/><U33/><E33/><V112/><F112/><W107/><G107/><T83/><D106/><U114/><E114/><V117/><F117/><W118/><G54/><T108/><D108/><U97/><E77/><N who="2" m="29803" /><F60/><W58/><G118/><T1/><D1/><U46/><E93/><N who="2" m="56623" /><F70/><W130/><G130/><T99/><D83/><U26/><E45/><V94/><F134/><W129/><G129/><T55/><D55/><U6/><E6/><N who="3" m="2058" /><G8/><T27/><REACH who="0" step="1"/><D20/><REACH who="0" ten="240,250,250,250" step="2"/><U56/><E82/><N who="2" m="45431" /><F94/><W65/><G65/><T44/><D44/><U105/><E66/><V64/><F64/><W68/><G68/><T11/><D11/><U24/><E81/><V103/><AGARI ba="0,1" hai="84,86,100,101,103" m="45431,56623,29803" machi="103" ten="30,8000,1" yaku="35,5" doraHai="61" who="2" fromWho="2" sc="240,-40,250,-20,250,90,250,-20" /><INIT seed="1,0,0,4,1,84" ten="200,230,340,230" oya="1" hai0="69,10,39,59,17,95,54,28,67,40,56,127,116" hai1="65,120,135,0,11,74,6,21,123,32,50,90,126" hai2="89,15,100,81,9,7,42,41,22,82,94,85,13" hai3="111,91,77,61,25,129,14,24,101,98,34,121,132"/><U8/><E32/><V46/><F100/><W2/><G121/><T99/><D116/><U105/><E105/><V106/><F106/><W97/><G2/><T19/><D127/><U16/><E74/><V4/><F42/><W112/><G112/><T88/><D28/><U33/><E65/><V37/><F22/><W114/><G114/><T51/><D56/><U128/><E126/><V118/><F118/><W12/><G111/><T75/><D10/><AGARI ba="0,0" hai="4,7,9,10,13,15,37,41,46,81,82,85,89,94" machi="10" ten="40,2600,0" yaku="9,1,52,1" doraHai="84" who="2" fromWho="0" sc="200,-26,230,0,340,26,230,0" /><INIT seed="2,0,0,1,3,49" ten="174,230,366,230" oya="2" hai0="46,92,34,19,102,128,123,121,126,31,42,70,103" hai1="94,0,64,83,38,96,56,71,43,62,113,26,79" hai2="69,18,21,33,124,52,88,97,135,61,120,28,91" hai3="20,32,44,99,4,125,72,55,130,117,65,13,114"/><V118/><F120/><W59/><G117/><T85/><D70/><U17/><E113/><V30/><F118/><W68/><G32/><T116/><D116/><U101/><E0/><V8/><F33/><W77/><G114/><T25/><D126/><U9/><E38/><V93/><F124/><W60/><G125/><T86/><D128/><U41/><E71/><V2/><F135/><W47/><G130/><T1/><D1/><U57/><E57/><N who="2" m="34983" /><F69/><W53/><G72/><T36/><D19/><U84/><REACH who="1" step="1"/><E26/><REACH who="1" ten="174,220,366,230" step="2"/><N who="2" m="14647" /><F2/><W133/><G68/><T112/><D112/><U75/><E75/><V89/><F8/><W24/><G133/><T7/><D123/><U100/><E100/><AGARI ba="0,1" hai="28,30,88,89,91,93,97,100" m="14647,34983" machi="100" ten="30,11600,0" yaku="8,1,52,1,54,2" doraHai="49" who="2" fromWho="1" sc="174,0,220,-116,366,126,230,0" /><INIT seed="2,1,0,0,0,70" ten="174,104,492,230" oya="2" hai0="51,39,99,107,53,76,83,11,26,30,18,66,94" hai1="9,115,98,118,15,86,78,93,82,75,33,73,45" hai2="8,88,102,96,2,124,114,92,52,64,19,25,41" hai3="7,42,27,32,60,21,6,29,133,34,113,131,116"/><V105/><F114/><W61/><G116/><T117/><D117/><U57/><E118/><V36/><F64/><W121/><G121/><T108/><D108/><U95/><E115/><V89/><F2/><W112/><G42/><T44/><D107/><U103/><E33/><V110/><F105/><W49/><G49/><T125/><D125/><U97/><E57/><V134/><F134/><W14/><G133/><T109/><D109/><U4/><REACH who="1" step="1"/><E45/><REACH who="1" ten="174,94,492,230" step="2"/><N who="2" m="23719" /><F110/><W59/><G34/><T20/><D66/><U58/><E58/><V80/><F124/><W77/><G59/><T74/><D39/><U22/><E22/><V50/><F8/><W132/><G21/><T100/><REACH who="0" step="1"/><D11/><REACH who="0" ten="164,94,492,230" step="2"/><U65/><E65/><V46/><F46/><W81/><G113/><T35/><D35/><U47/><E47/><V68/><F68/><W69/><G112/><T129/><D129/><U24/><E24/><V85/><F25/><W56/><G131/><T17/><AGARI ba="1,2" hai="17,18,20,26,30,44,51,53,74,76,83,94,99,100" machi="17" ten="30,2000,0" yaku="1,1,0,1,53,0" doraHai="70" doraHaiUra="0" who="0" fromWho="0" sc="164,43,94,-6,492,-11,230,-6" /><INIT seed="3,0,0,1,3,98" ten="207,88,481,224" oya="3" hai0="104,66,0,55,135,13,127,102,9,21,58,42,113" hai1="108,82,35,81,54,111,27,95,92,64,57,91,97" hai2="28,65,1,69,86,38,87,40,100,6,132,73,63" hai3="24,59,37,32,107,30,116,109,99,84,112,71,44"/><W52/><G116/><T130/><D0/><U51/><E35/><V133/><F73/><W23/><G71/><T10/><D42/><U115/><E115/><V43/><F100/><W5/><G112/><T128/><D66/><U47/><E111/><V17/><F28/><W46/><G109/><T80/><D113/><U85/><E108/><V131/><F131/><N who="0" m="50218" /><D127/><U18/><E27/><V50/><F38/><W77/><G5/><T2/><D135/><U8/><E8/><V25/><F86/><W33/><G84/><T11/><D2/><U67/><E18/><V16/><F87/><W61/><G77/><T19/><D80/><U79/><E82/><V75/><F75/><W90/><G37/><T56/><D55/><U114/><E114/><V117/><F117/><W36/><G90/><T74/><D74/><U26/><E26/><V83/><F83/><W39/><G23/><T29/><D29/><U119/><E119/><V125/><F125/><W62/><G99/><AGARI ba="0,0" hai="9,10,11,13,19,21,56,58,99,102,104" m="50218" machi="99" ten="30,2000,0" yaku="19,1,52,1" doraHai="98" who="0" fromWho="3" sc="207,20,88,0,481,0,224,-20" owari="227,2.7,88,-41.2,481,58.1,204,-19.6" /></mjloggm>