<mjloggm ver="2.3"><GO type="225" lobby="0"/><UN n0="%E3%81%95%E3%81%8D%E3%81%9F%E3%81%BE%E6%9E%97%E6%AA%8E" n1="%E5%8D%A0%E3%81%84%E5%B8%AB%E8%A3%8F%E3%81%AA%E3%81%84%E3%81%97" n2="%E3%83%81%E3%83%83%E3%82%BF%E3%82%BD%E3%83%BC" n3="%30%2E%31%32%30" dan="16,17,16,16" rate="2086.08,2183.25,2087.34,2129.79" sx="M,M,F,M"/><TAIKYOKU oya="0"/><INIT seed="0,0,0,2,1,5" ten="250,250,250,250" oya="0" hai0="73,123,56,120,127,45,94,15,62,12,75,91,115" hai1="71,134,122,133,135,69,28,92,77,125,63,2,96" hai2="131,126,42,7,0,6,105,32,93,25,78,81,27" hai3="3,64,118,43,112,79,130,21,52,47,72,107,113"/><T10/><D115/><U66/><E122/><V90/><F126/><W95/><G107/><T49/><D127/><U109/><E125/><V37/><F131/><W36/><G3/><T80/><D123/><U121/><E121/><V58/><F6/><W76/><G130/><T124/><D124/><U67/><E109/><V129/><F105/><W83/><G76/><T68/><D68/><U14/><E2/><V87/><F32/><W55/><G118/><T11/><D120/><U101/><E77/><V35/><F35/><W59/><G64/><T38/><D38/><U100/><E28/><V60/><F129/><W98/><G21/><T46/><D75/><U41/><E41/><V61/><F61/><W31/><G31/><T82/><D73/><U9/><E100/><V97/><F42/><W53/><REACH who="3" step="1"/><G59/><REACH who="3" ten="250,250,250,240" step="2"/><T85/><D46/><U110/><E110/><V128/><F128/><W84/><G84/><T104/><D104/><U44/><E44/><V54/><REACH who="2" step="1"/><F37/><REACH who="2" ten="250,250,240,240" step="2"/><W51/><G51/><T114/><D49/><U116/><E116/><V17/><F17/><W117/><G117/><T111/><D111/><U48/><E48/><V23/><F23/><W4/><G4/><N who="0" m="3143" /><D114/><U65/><REACH who="1" step="1"/><E63/><REACH who="1" ten="250,240,240,240" step="2"/><V132/><F132/><W57/><G57/><T88/><D45/><U99/><E99/><V102/><F102/><AGARI ba="0,3" hai="36,43,47,52,53,55,72,79,83,95,98,102,112,113" machi="102" ten="40,2600,0" yaku="1,1,54,1,53,0" doraHai="5" doraHaiUra="34" who="3" fromWho="2" sc="250,0,240,0,240,-26,240,56" /><INIT seed="1,0,0,4,3,118" ten="250,240,214,296" oya="1" hai0="36,87,29,108,90,54,73,81,14,53,72,0,80" hai1="47,82,19,10,116,62,117,110,1,8,129,127,33" hai2="133,69,44,55,112,98,43,48,124,32,130,68,77" hai3="115,41,46,15,104,30,88,100,49,5,61,11,76"/><U70/><E127/><V31/><F124/><W107/><G115/><T22/><D0/><U101/><E129/><V34/><F112/><W7/><G76/><T106/><D106/><U113/><E113/><V132/><F130/><W63/><G5/><T86/><D36/><U97/><E33/><V6/><F6/><W58/><G61/><T59/><D108/><U13/><E110/><V27/><F34/><W120/><G120/><T25/><D14/><U126/><E126/><V42/><F77/><W93/><G30/><T16/><D29/><U125/><E125/><V40/><REACH who="2" step="1"/><F98/><REACH who="2" ten="250,240,204,296" step="2"/><W119/><G119/><T64/><D73/><U67/><E117/><V12/><F12/><W50/><G15/><T52/><D72/><U57/><E116/><V60/><F60/><W84/><G63/><N who="0" m="36327" /><D64/><U37/><E1/><V78/><F78/><AGARI ba="0,1" hai="16,22,25,53,54,78,80,81,86,87,90" m="36327" machi="78" ten="30,3900,0" yaku="8,1,54,2" doraHai="118" who="0" fromWho="2" sc="250,49,240,0,204,-39,296,0" /><INIT seed="2,0,0,5,1,77" ten="299,240,165,296" oya="2" hai0="132,130,110,6,92,44,5,37,22,21,7,39,24" hai1="128,98,8,75,60,18,35,36,90,83,86,4,102" hai2="2,64,38,76,85,25,66,124,58,49,26,93,118" hai3="109,3,123,63,106,111,43,50,15,135,96,31,13"/><V101/><F124/><W120/><G3/><T112/><D112/><U52/><E36/><V19/><F38/><W29/><G63/><T10/><D132/><U104/><E35/><V97/><F2/><W115/><G115/><T133/><D133/><U79/><E128/><V126/><F126/><W122/><G135/><T74/><D74/><U88/><E18/><V9/><F118/><W51/><G96/><T41/><D39/><U73/><E90/><V65/><F9/><W61/><G61/><T12/><D130/><U32/><E32/><V80/><REACH who="2" step="1"/><F19/><REACH who="2" ten="299,240,155,296" step="2"/><W134/><G134/><T78/><D37/><U69/><E69/><V47/><F47/><W57/><G122/><T107/><D44/><U14/><REACH who="1" step="1"/><E79/><REACH who="1" ten="299,230,155,296" step="2"/><V114/><F114/><W70/><G70/><T56/><D78/><U67/><E67/><V16/><F16/><W11/><G11/><T91/><D10/><U27/><E27/><V81/><F81/><W20/><G57/><AGARI ba="0,2" hai="4,8,14,52,57,60,73,75,83,86,88,98,102,104" machi="57" ten="40,8000,1" yaku="1,1,52,1,54,2,53,0" doraHai="77" doraHaiUra="40" who="1" fromWho="3" sc="299,0,230,100,155,0,296,-80" /><INIT seed="3,0,0,0,2,33" ten="299,330,155,216" oya="3" hai0="107,50,79,26,13,54,21,120,48,100,67,11,70" hai1="133,73,72,29,134,46,127,99,91,117,36,95,105" hai2="7,53,76,35,113,77,92,6,119,9,45,126,59" hai3="84,115,18,122,96,37,0,108,102,85,90,4,19"/><W124/><G37/><T129/><D120/><U52/><E127/><V10/><F113/><W68/><G122/><T34/><D34/><U2/><E2/><V60/><F126/><W125/><G115/><T93/><D107/><U80/><E105/><V103/><F119/><W40/><G108/><T112/><D112/><U69/><E69/><V63/><F35/><W94/><G68/><T30/><D129/><U14/><E117/><V61/><F45/><W12/><G85/><T44/><D79/><U27/><E14/><V118/><F118/><W56/><G19/><T42/><D70/><U58/><E80/><V97/><F76/><W28/><G28/><T81/><D81/><U8/><E8/><V22/><F22/><W3/><G40/><T109/><D109/><U78/><E78/><V49/><REACH who="2" step="1"/><F77/><REACH who="2" ten="299,330,145,216" step="2"/><W123/><G125/><T57/><D93/><U5/><E46/><V1/><F1/><W41/><G124/><T25/><D44/><U43/><E95/><V132/><F132/><W110/><G110/><T71/><D21/><U128/><E134/><V114/><F114/><W130/><G123/><T88/><D30/><U131/><E29/><V64/><F64/><W39/><G3/><T75/><D67/><U111/><E133/><V104/><F104/><W106/><G0/><T87/><D71/><U116/><E111/><V47/><F47/><W31/><G106/><T62/><D57/><U74/><E58/><V32/><F32/><W16/><G56/><T66/><D66/><U83/><E116/><V65/><F65/><W101/><G130/><T20/><D20/><RYUUKYOKU ba="0,1" sc="299,-10,330,-10,145,30,216,-10" hai2="6,7,9,10,49,53,59,60,61,63,92,97,103" owari="289,8.9,330,43.0,175,-32.5,206,-19.4" /></mjloggm>