<mjloggm ver="2.3"><GO type="225" lobby="0"/><UN n0="%E9%A6%AC%E5%BC%95%E7%81%AB%33" n1="%E6%A1%9C%E8%8A%B1%E9%96%83%E3%80%85" n2="%E3%81%BF%E3%81%BF%E3%81%9A" n3="%E3%83%8F%E3%83%B3%E3%83%89%E3%83%A9%E3%83%BC%E3%83%BB%E3%83%AF%E3%83%B3" dan="16,16,17,17" rate="2152.10,2160.85,2254.89,2235.91" sx="M,M,M,M"/><TAIKYOKU oya="0"/><INIT seed="0,0,0,4,5,123" ten="250,250,250,250" oya="0" hai0="4,98,53,72,59,44,61,29,104,9,111,85,50" hai1="36,46,37,84,117,78,93,42,125,66,135,133,10" hai2="101,120,39,82,64,33,48,14,0,102,57,129,99" hai3="87,35,5,131,77,79,60,91,86,27,1,67,3"/><T55/><D72/><U54/><E117/><V23/><F39/><W106/><G106/><T17/><D29/><U58/><E10/><V73/><F0/><W21/><G35/><T90/><D104/><U24/><E24/><V112/><F33/><W122/><G131/><T116/><D98/><U69/><E78/><V108/><F112/><W115/><G115/><T71/><D71/><U30/><E30/><V28/><F120/><W62/><G122/><T51/><D116/><U97/><E84/><V34/><F34/><W22/><G91/><T20/><D4/><U94/><E37/><V40/><F129/><W80/><G67/><T113/><D9/><U11/><E11/><V63/><F73/><W56/><G56/><T118/><D113/><U88/><E94/><N who="2" m="58615" /><F82/><W16/><G80/><T95/><D118/><U41/><E41/><V126/><F126/><W12/><G12/><N who="0" m="9255" /><D61/><N who="1" m="40143" /><E125/><V119/><F119/><W127/><G127/><T130/><D130/><U76/><E76/><V96/><F14/><W70/><G70/><T25/><D25/><U128/><E128/><V74/><F74/><W52/><G27/><T32/><D32/><U92/><E92/><N who="2" m="58631" /><F23/><W65/><G5/><T75/><D75/><U124/><E124/><V38/><F38/><W49/><G1/><T134/><D95/><U103/><E103/><V100/><F100/><W15/><G3/><T7/><D7/><U43/><E43/><V132/><F28/><W110/><G15/><T68/><D90/><U26/><E26/><V45/><F132/><W2/><G2/><T6/><D134/><U19/><E19/><RYUUKYOKU ba="0,0" sc="250,-15,250,15,250,15,250,-15" hai1="36,42,46,54,58,88,93,97,133,135" hai2="40,45,48,57,63,64,108" /><INIT seed="1,1,0,3,0,124" ten="235,265,265,235" oya="1" hai0="39,72,47,38,117,81,79,121,9,60,103,80,41" hai1="15,94,100,108,34,18,64,24,57,122,116,112,3" hai2="20,113,14,61,77,0,59,114,133,71,69,75,36" hai3="86,91,90,115,49,106,12,52,68,119,120,93,28"/><U44/><E112/><N who="2" m="43115" /><F0/><W129/><G115/><T65/><D117/><U104/><E116/><V56/><F36/><W25/><G119/><T118/><D118/><U46/><E122/><V78/><F133/><W1/><G1/><T29/><D121/><U23/><E3/><V109/><F109/><W43/><G120/><T37/><D29/><N who="1" m="17567" /><E104/><V58/><F61/><W125/><G68/><N who="2" m="26185" /><F75/><W83/><G106/><T11/><D103/><U110/><E34/><V105/><F105/><W135/><G135/><T84/><D38/><U54/><E64/><V55/><F55/><W16/><G43/><T51/><D37/><U107/><E107/><V26/><F14/><W48/><G125/><T70/><D39/><U128/><E108/><V2/><F2/><W99/><G52/><T45/><D45/><U98/><E110/><V40/><F40/><W19/><G129/><T33/><D33/><U7/><E128/><V4/><F4/><W27/><G19/><AGARI ba="1,0" hai="19,20,26,56,58,59,77,78" m="26185,43115" machi="19" ten="40,1300,0" yaku="11,1" doraHai="124" who="2" fromWho="3" sc="235,0,265,0,265,16,235,-16" /><INIT seed="2,0,0,1,4,61" ten="235,265,281,219" oya="2" hai0="14,54,117,12,10,56,104,100,50,24,67,114,96" hai1="13,135,82,91,76,59,34,126,22,84,52,42,23" hai2="62,88,85,99,49,110,94,63,71,38,57,47,18" hai3="39,29,105,16,6,77,122,124,83,9,103,19,41"/><V11/><F110/><W69/><G122/><T27/><D114/><U116/><E116/><V66/><F38/><W37/><G124/><T17/><D117/><U73/><E126/><V87/><F11/><W44/><G37/><T26/><D14/><U107/><E135/><V60/><F18/><W48/><G29/><T36/><D36/><U79/><E34/><V35/><F35/><W90/><G90/><T128/><D128/><U131/><E131/><V132/><F132/><W120/><G69/><T111/><D111/><U127/><E127/><V118/><F118/><W130/><G120/><T80/><D80/><U46/><E107/><V32/><F32/><W28/><G28/><T72/><D72/><U115/><E115/><V25/><F25/><W4/><G4/><T119/><D119/><U86/><E73/><V15/><F15/><N who="3" m="5559" /><G39/><T125/><D125/><U7/><E7/><V78/><F78/><N who="1" m="29737" /><E86/><N who="2" m="32779" /><F71/><W58/><G130/><T123/><D123/><U98/><E13/><V89/><F89/><W5/><G5/><T30/><D30/><U109/><E109/><V108/><F108/><W92/><G105/><T95/><D104/><U74/><E74/><V2/><F2/><W93/><G77/><T55/><D26/><U133/><E133/><V20/><F20/><W121/><G121/><T64/><D24/><U113/><E113/><V8/><F8/><W51/><G83/><T21/><D27/><U102/><E22/><V0/><F0/><W53/><G93/><T45/><D10/><U97/><E23/><V31/><F31/><W129/><G129/><T33/><D33/><RYUUKYOKU ba="0,0" sc="235,10,265,-30,281,10,219,10" hai0="12,17,21,45,50,54,55,56,64,67,95,96,100" hai2="47,49,57,60,62,63,66,88,94,99" hai3="16,19,41,44,48,51,53,58,92,103" /><INIT seed="2,1,0,1,0,37" ten="245,235,291,229" oya="2" hai0="85,38,123,0,107,89,90,63,101,66,103,43,86" hai1="65,111,91,34,20,18,134,30,79,80,68,45,92" hai2="72,118,106,100,108,97,40,81,9,7,22,10,75" hai3="131,8,96,76,69,132,109,61,124,55,54,21,33"/><V115/><F115/><W122/><G33/><T125/><D123/><U104/><E104/><V60/><F118/><W25/><G122/><T95/><D0/><U48/><E111/><V102/><F108/><W129/><G109/><T42/><D38/><U114/><E114/><V32/><F32/><W126/><G76/><T27/><D125/><N who="3" m="48233" /><G8/><T36/><D27/><U59/><E68/><V41/><F22/><W133/><G96/><T70/><D36/><U128/><E128/><N who="3" m="49226" /><G69/><T14/><D14/><U98/><E34/><V93/><F60/><W44/><G44/><T135/><D107/><U113/><E45/><V119/><F119/><W24/><G24/><T78/><D78/><U3/><E79/><V112/><F112/><W46/><G46/><T26/><D26/><U13/><E113/><V56/><F97/><W35/><G35/><T82/><REACH who="0" step="1"/><D135/><REACH who="0" ten="235,235,291,229" step="2"/><N who="3" m="51785" /><G61/><T57/><D57/><U87/><E59/><V121/><F56/><W47/><G47/><T73/><D73/><U51/><E134/><V110/><F72/><W52/><G54/><T1/><D1/><U77/><E3/><V71/><F106/><W74/><G74/><T67/><D67/><U53/><E65/><V15/><F71/><W2/><G2/><T117/><D117/><U120/><E120/><V16/><F121/><W28/><AGARI ba="1,1" hai="21,25,28,52,55" m="51785,49226,48233" machi="28" ten="40,32000,5" yakuman="39" doraHai="37" who="3" fromWho="3" paoWho="0" sc="235,-323,235,0,291,0,229,333" owari="-88,-58.8,235,-16.5,291,9.1,562,66.2" /></mjloggm>