<mjloggm ver="2.3"><GO type="225" lobby="0"/><UN n0="%E3%81%AF%E3%82%88%E3%81%8A%E3%81%98%E3%81%95%E3%82%93" n1="%72%69%6F%75%63%68%61%6E" n2="%E3%83%96%E3%83%83%E3%83%91%E3%82%AA%E3%83%96%E3%83%81%E3%82%AD%E3%83%B3" n3="%E9%A6%AC%E5%BC%95%E7%81%AB%33" dan="17,16,16,16" rate="2143.32,2155.25,2154.93,2052.90" sx="M,M,M,M"/><TAIKYOKU oya="0"/><INIT seed="0,0,0,4,0,68" ten="250,250,250,250" oya="0" hai0="105,15,23,2,131,27,125,124,36,41,73,79,119" hai1="114,54,65,80,33,22,50,39,9,52,128,107,40" hai2="56,63,113,74,18,30,132,38,134,133,59,129,86" hai3="69,4,98,104,42,88,47,70,126,24,100,90,58"/><T102/><D119/><U130/><E33/><V71/><F113/><W111/><G111/><T116/><D116/><U75/><E114/><V95/><F74/><W34/><G126/><N who="0" m="48747" /><D2/><U72/><E107/><V77/><F129/><N who="1" m="49769" /><E65/><N who="2" m="41407" /><F30/><W12/><G70/><T83/><D131/><U53/><E50/><V8/><F38/><W48/><G69/><T89/><D15/><U32/><E32/><V81/><F95/><W29/><REACH who="3" step="1"/><G58/><REACH who="3" ten="250,250,250,240" step="2"/><T49/><D105/><U76/><E9/><AGARI ba="0,1" hai="4,9,12,24,29,34,42,47,48,88,90,98,100,104" machi="9" ten="40,5200,0" yaku="1,1,2,1,54,1,53,0" doraHai="68" doraHaiUra="115" who="3" fromWho="1" sc="250,0,250,-52,250,0,240,62" /><INIT seed="1,0,0,5,2,20" ten="250,198,250,302" oya="1" hai0="66,24,45,42,11,108,87,97,22,101,44,9,79" hai1="127,54,23,84,129,31,99,125,3,90,74,50,64" hai2="115,17,117,78,21,36,109,68,122,135,105,128,63" hai3="18,5,53,49,112,26,10,107,120,110,116,106,56"/><U126/><E74/><V130/><RYUUKYOKU type="yao9" ba="0,0" sc="250,0,198,0,250,0,302,0" hai2="17,21,36,63,68,78,105,109,115,117,122,128,130,135" /><INIT seed="1,1,0,4,5,50" ten="250,198,250,302" oya="1" hai0="61,63,120,36,125,66,52,47,9,45,42,35,59" hai1="20,98,90,28,118,123,37,133,104,57,11,75,27" hai2="10,22,14,126,60,49,58,19,46,79,92,130,21" hai3="96,43,131,97,103,76,129,8,74,64,39,87,111"/><U55/><E118/><V80/><F130/><N who="3" m="49675" /><G111/><T54/><D35/><U91/><E123/><V81/><F126/><W77/><G74/><T30/><D30/><U53/><E37/><V132/><F132/><W16/><G64/><N who="0" m="38975" /><D9/><U86/><E75/><V71/><F71/><W106/><G87/><T93/><D93/><N who="1" m="56631" /><E104/><V100/><F100/><N who="3" m="62727" /><G39/><N who="0" m="21727" /><D125/><U107/><E107/><V62/><F92/><N who="3" m="58791" /><G43/><N who="0" m="23015" /><D120/><U115/><E115/><V95/><F95/><W109/><G109/><T73/><D73/><U26/><E133/><V127/><F127/><W33/><G33/><T44/><D44/><U83/><E57/><AGARI ba="1,0" hai="52,54,57,63,66" m="23015,21727,38975" machi="57" ten="30,16000,3" yaku="35,5,52,2,54,1" doraHai="50" who="0" fromWho="1" sc="250,163,198,-163,250,0,302,0" /><INIT seed="2,0,0,5,0,101" ten="413,35,250,302" oya="2" hai0="99,104,66,129,7,11,120,81,86,33,59,14,98" hai1="10,44,21,70,117,89,13,29,131,82,115,58,108" hai2="31,57,132,37,130,23,27,122,76,93,90,15,38" hai3="36,74,65,55,94,39,67,30,4,119,32,84,127"/><V125/><F122/><W2/><G119/><T18/><D33/><U100/><E115/><V68/><F68/><W48/><G74/><T109/><D120/><U56/><E117/><V47/><F125/><W5/><G127/><T135/><D104/><U41/><E108/><V43/><F130/><W12/><G2/><T22/><D135/><U34/><E131/><V128/><F128/><W110/><G110/><T64/><D109/><U92/><E70/><V45/><F132/><W71/><G39/><T124/><D124/><U113/><E113/><V112/><F112/><W88/><G36/><T121/><D121/><U6/><E34/><V107/><F76/><W69/><G69/><T73/><D73/><U118/><E118/><V19/><F57/><W53/><G32/><T103/><D129/><U106/><E82/><V95/><F107/><W102/><G30/><T77/><D59/><U83/><E83/><V75/><F75/><W116/><G102/><T78/><D77/><U79/><E79/><V133/><F133/><W63/><G67/><N who="0" m="25643" /><D103/><U9/><E9/><V123/><F123/><W80/><G116/><T50/><D50/><N who="1" m="26895" /><E100/><V97/><F95/><W85/><G12/><AGARI ba="0,0" hai="7,11,12,14,18,22,78,81,86,98,99" m="25643" machi="12" ten="30,1000,0" yaku="8,1" doraHai="101" who="0" fromWho="3" sc="413,10,35,0,250,0,302,-10" /><INIT seed="3,0,0,5,0,91" ten="423,35,250,292" oya="3" hai0="19,93,9,74,2,122,15,66,81,72,117,89,36" hai1="128,73,118,78,94,132,71,35,23,62,111,77,58" hai2="8,110,39,64,76,86,70,85,134,115,14,11,4" hai3="104,18,0,53,55,131,27,33,121,108,7,99,13"/><W123/><G131/><T44/><D117/><U22/><E132/><V32/><F115/><W60/><G108/><T50/><D122/><U130/><E111/><V45/><F110/><W56/><G0/><T20/><D36/><U106/><E106/><V21/><F134/><W105/><G7/><T67/><D2/><U90/><E35/><V38/><F32/><W17/><G53/><N who="0" m="29895" /><D74/><U57/><E71/><V84/><F76/><W79/><G99/><N who="0" m="57775" /><D72/><U52/><E118/><V34/><F34/><W109/><G17/><N who="0" m="8431" /><D81/><U54/><E73/><V42/><F38/><W119/><G79/><T97/><D97/><U43/><E43/><V29/><F70/><W101/><G101/><T103/><D103/><U24/><E130/><V10/><REACH who="2" step="1"/><F64/><REACH who="2" ten="423,35,240,292" step="2"/><W46/><G109/><T49/><D49/><U116/><E128/><V133/><F133/><W51/><G51/><T87/><D87/><U41/><E116/><V28/><F28/><W98/><G119/><T16/><D19/><U127/><E127/><V30/><F30/><W40/><G18/><T68/><D68/><U112/><E112/><V83/><F83/><W48/><G48/><T75/><D75/><U69/><E69/><V95/><F95/><W135/><G33/><T1/><D1/><U125/><E125/><V80/><F80/><W6/><G135/><T102/><D102/><U59/><E41/><V63/><F63/><W114/><G60/><T129/><D129/><U120/><E120/><V47/><F47/><W65/><G123/><T37/><D37/><U124/><E124/><V12/><F12/><AGARI ba="0,1" hai="12,16,20,66,67" m="8431,57775,29895" machi="12" ten="30,3900,0" yaku="8,1,52,1,54,1" doraHai="91" who="0" fromWho="2" sc="423,49,35,0,240,-39,292,0" owari="472,57.2,35,-46.5,201,-19.9,292,9.2" /></mjloggm>