<mjloggm ver="2.3"><GO type="225" lobby="0"/><UN n0="%E7%99%BD%E5%80%89%E5%AF%9B%E4%B9%8B" n1="%E9%A6%AC%E5%BC%95%E7%81%AB%33" n2="%E3%81%86%E3%82%8D%E3%81%9F%E3%82%93%E3%81%91%E3%81%8A%E3%82%89%E3%81%B2" n3="%E6%A1%9C%E8%8A%B1%E9%96%83%E3%80%85" dan="16,16,16,17" rate="2169.12,2076.48,2084.58,2269.81" sx="M,M,M,M"/><TAIKYOKU oya="0"/><INIT seed="0,0,0,1,5,75" ten="250,250,250,250" oya="0" hai0="60,125,119,86,96,11,66,21,87,49,16,56,31" hai1="46,38,106,40,17,122,30,9,5,112,103,18,120" hai2="113,7,63,59,105,90,4,74,23,44,104,102,13" hai3="70,132,51,83,29,34,77,97,135,37,41,8,57"/><T88/><D119/><U72/><E112/><V50/><F74/><W131/><G70/><T111/><D125/><U80/><E30/><V108/><F108/><W81/><G131/><T65/><D111/><U82/><E82/><V117/><F113/><W78/><G37/><T116/><D116/><U64/><E64/><V79/><F90/><W73/><G97/><T14/><D66/><U61/><E61/><V28/><F102/><W19/><G19/><T93/><D49/><U99/><E17/><N who="2" m="10671" /><F104/><W71/><G8/><T42/><D42/><U27/><E18/><V98/><F98/><W121/><G71/><T101/><D88/><U110/><E27/><AGARI ba="0,0" hai="11,14,16,21,27,31,56,60,65,86,87,93,96,101" machi="27" ten="40,12000,1" yaku="25,2,8,1,54,1" doraHai="75" who="0" fromWho="1" sc="250,120,250,-120,250,0,250,0" /><INIT seed="0,1,0,4,0,23" ten="370,130,250,250" oya="0" hai0="124,34,16,46,65,135,108,123,132,28,29,66,131" hai1="12,81,82,128,25,97,75,110,41,109,40,98,117" hai2="100,74,24,62,106,71,72,52,59,7,35,51,42" hai3="127,15,36,26,121,53,120,134,79,102,60,68,73"/><T55/><D123/><U13/><E117/><V54/><F7/><W3/><G3/><T129/><D108/><U133/><E75/><V5/><F5/><W64/><G36/><T130/><D34/><U21/><E21/><V50/><F42/><W103/><G127/><T88/><D124/><U49/><E49/><V113/><F113/><W31/><G15/><T67/><D16/><U80/><E80/><V78/><F78/><W101/><G134/><N who="0" m="51243" /><D88/><U30/><E133/><V86/><F86/><W9/><G9/><T92/><D92/><U107/><E30/><N who="0" m="11881" /><D55/><U69/><E69/><V96/><F71/><W6/><G53/><T104/><D46/><U70/><E70/><V126/><F126/><W89/><G89/><T18/><D18/><U122/><E107/><AGARI ba="1,0" hai="65,66,67,104,107,129,130,131" m="11881,51243" machi="107" ten="40,12000,1" yaku="28,2,19,1,20,1" doraHai="23" who="0" fromWho="1" sc="370,123,130,-123,250,0,250,0" /><INIT seed="0,2,0,2,4,37" ten="493,7,250,250" oya="0" hai0="98,38,116,29,43,9,31,115,130,120,73,51,2" hai1="103,74,12,79,87,83,89,56,13,70,118,75,54" hai2="68,39,3,50,15,132,101,59,14,23,88,94,67" hai3="72,17,34,86,48,55,85,19,52,114,1,84,24"/><T77/><D116/><U36/><E118/><V110/><F39/><W30/><G114/><T53/><D115/><U60/><E36/><V109/><F3/><W113/><G113/><T41/><D120/><U26/><E70/><V119/><F132/><W40/><G72/><T131/><D98/><U99/><E26/><V10/><F101/><W44/><REACH who="3" step="1"/><G1/><REACH who="3" ten="493,7,250,240" step="2"/><T46/><D73/><U65/><E65/><V21/><F119/><W92/><G92/><T28/><D130/><U128/><E74/><V106/><F106/><W69/><G69/><T22/><D131/><U100/><E100/><V7/><F68/><W133/><G133/><T64/><D2/><U20/><E20/><V71/><F71/><W102/><G102/><T42/><D22/><U80/><E128/><V93/><F93/><AGARI ba="2,1" hai="12,13,54,56,60,75,79,80,83,87,89,93,99,103" machi="93" ten="30,1000,0" yaku="7,1" doraHai="37" who="1" fromWho="2" sc="493,0,7,26,250,-16,240,0" /><INIT seed="1,0,0,1,4,110" ten="493,33,234,240" oya="1" hai0="3,14,73,20,21,81,22,65,114,9,11,131,132" hai1="26,18,97,130,12,33,90,83,125,32,62,104,105" hai2="118,63,122,64,15,24,79,38,57,2,87,66,56" hai3="51,113,101,100,70,45,61,112,128,25,40,84,80"/><U60/><E125/><V42/><F118/><W78/><G128/><T34/><D114/><U19/><E130/><V7/><F122/><W10/><G25/><T4/><D131/><U133/><E133/><V49/><F2/><W108/><G108/><T43/><D132/><U94/><E83/><N who="2" m="47615" /><F38/><W76/><G76/><T74/><D34/><U16/><E12/><V67/><F24/><W39/><G39/><T55/><D43/><U106/><REACH who="1" step="1"/><E26/><REACH who="1" ten="493,23,234,240" step="2"/><V23/><F7/><W72/><G113/><T127/><D81/><U35/><AGARI ba="0,1" hai="16,18,19,32,33,35,60,62,90,94,97,104,105,106" machi="35" ten="50,18000,2" yaku="1,1,2,1,0,1,29,2,54,1,53,0" doraHai="110" doraHaiUra="5" who="1" fromWho="1" sc="493,-60,23,190,234,-60,240,-60" /><INIT seed="1,1,0,4,4,59" ten="433,213,174,180" oya="1" hai0="89,120,127,77,92,63,36,69,67,74,24,14,53" hai1="37,131,126,106,57,21,113,47,123,61,133,76,79" hai2="75,86,51,132,46,93,125,19,80,112,87,88,52" hai3="128,129,8,64,118,109,82,105,73,1,56,60,41"/><U23/><E113/><V43/><F125/><W115/><G115/><T65/><D36/><U45/><E123/><V39/><F132/><W135/><G135/><T103/><D120/><U32/><E32/><V96/><F112/><W35/><G35/><T48/><D127/><U66/><E133/><V42/><F75/><W71/><G109/><T70/><D103/><U6/><E106/><V104/><F104/><W4/><G118/><T38/><D38/><U44/><E37/><V3/><F3/><W78/><G105/><T22/><D14/><U27/><E126/><V18/><F87/><W102/><G102/><T54/><D77/><N who="1" m="29771" /><E131/><N who="3" m="50250" /><G41/><N who="2" m="15369" /><F39/><W83/><G83/><T9/><D9/><U107/><E107/><V62/><F62/><W101/><G101/><AGARI ba="1,0" hai="18,19,46,51,52,80,86,88,93,96,101" m="15369" machi="101" ten="30,3900,0" yaku="8,1,54,2" doraHai="59" who="2" fromWho="3" sc="433,0,213,0,174,42,180,-42" /><INIT seed="2,0,0,2,5,30" ten="433,213,216,138" oya="2" hai0="52,17,109,54,75,96,84,49,9,1,80,58,117" hai1="119,121,31,107,85,46,127,98,28,60,13,115,53" hai2="55,22,82,133,108,95,20,116,131,59,99,24,76" hai3="111,7,6,93,69,104,73,62,12,3,129,47,113"/><V66/><F116/><W51/><G104/><T44/><D109/><U14/><E115/><V90/><F131/><W78/><G111/><T105/><D75/><U48/><E119/><V5/><F108/><W0/><G129/><T118/><D96/><U21/><E127/><V79/><F133/><W8/><G113/><T106/><D106/><U130/><E130/><V27/><F5/><W43/><G93/><T112/><D105/><U72/><E72/><V34/><F66/><W38/><G51/><T25/><D112/><U124/><E124/><V10/><F10/><N who="3" m="2399" /><G12/><N who="1" m="4714" /><E107/><V126/><F126/><W123/><G123/><T29/><D1/><U39/><E39/><V36/><F36/><W132/><G132/><T110/><D17/><U42/><E121/><V100/><F34/><W70/><G62/><T67/><D67/><U57/><E98/><V74/><F100/><W37/><G38/><T102/><D102/><U87/><E21/><N who="2" m="8299" /><F74/><W61/><G61/><T86/><D9/><U18/><E18/><V94/><F94/><W45/><G45/><T71/><D110/><U122/><E122/><V91/><F91/><W26/><G26/><N who="2" m="9769" /><F82/><AGARI ba="0,0" hai="0,7,8,37,43,47,69,70,73,78,82" m="2399" machi="82" ten="30,3900,0" yaku="25,1,33,2" doraHai="30" who="3" fromWho="2" sc="433,0,213,0,216,-39,138,39" /><INIT seed="3,0,0,4,3,81" ten="433,213,177,177" oya="3" hai0="119,134,13,124,121,62,26,54,45,0,53,32,76" hai1="83,16,65,38,79,11,82,108,27,102,104,99,63" hai2="52,31,86,87,22,51,118,5,25,40,69,93,130" hai3="133,97,131,101,61,66,120,135,64,103,112,37,2"/><W84/><G112/><T71/><D0/><U80/><E108/><V46/><F118/><W78/><G120/><T111/><D121/><U36/><E79/><V73/><F73/><W74/><G74/><T6/><D111/><U59/><REACH who="1" step="1"/><E11/><REACH who="1" ten="433,203,177,177" step="2"/><V48/><F130/><W122/><G122/><T39/><D76/><U47/><E47/><N who="2" m="25703" /><F69/><W110/><G110/><T68/><D71/><U117/><E117/><V115/><F115/><W91/><G131/><T28/><D68/><U3/><E3/><V125/><F125/><W113/><G113/><T89/><D119/><U9/><E9/><V127/><F127/><W55/><G2/><T126/><D124/><U129/><E129/><V34/><F34/><W1/><G1/><T12/><D32/><U15/><E15/><V7/><F93/><N who="3" m="56511" /><G37/><T88/><D39/><U114/><E114/><V43/><F43/><W41/><G41/><T57/><D126/><U30/><E30/><V96/><F96/><W72/><G72/><T24/><D28/><U19/><E19/><V85/><AGARI ba="0,1" hai="5,7,22,25,31,46,51,52,85,86,87" m="25703" machi="85" ten="30,8000,1" yaku="8,1,52,3,54,1" doraHai="81" who="2" fromWho="2" sc="433,-20,203,-20,177,90,177,-40" owari="413,51.3,183,-21.7,267,6.7,137,-36.3" /></mjloggm>