<mjloggm ver="2.3"><GO type="225" lobby="0"/><UN n0="%E6%A1%9C%E8%8A%B1%E9%96%83%E3%80%85" n1="%E5%B0%8F%E9%B3%A5%E9%81%8A%E7%B7%B4%E7%84%A1%32%31%E6%AD%B3" n2="%E6%9C%88%E5%B3%B6%E5%9F%BA" n3="%E3%81%B2%E3%81%AA%E3%81%AE%E3%82%8A%E3%81%8F" dan="17,17,17,16" rate="2204.99,2164.59,2173.89,2114.63" sx="M,F,M,M"/><TAIKYOKU oya="0"/><INIT seed="0,0,0,0,1,114" ten="250,250,250,250" oya="0" hai0="70,0,29,25,7,12,108,81,99,104,57,106,14" hai1="68,37,131,119,115,93,28,6,48,77,43,109,72" hai2="94,46,135,73,83,54,11,38,31,65,34,69,71" hai3="78,17,2,79,91,133,92,5,74,84,95,102,16"/><T27/><D70/><N who="2" m="26634" /><F94/><W13/><G133/><T20/><D57/><U44/><E6/><V51/><F11/><W130/><G130/><T82/><D0/><U1/><E28/><V124/><F83/><N who="0" m="31754" /><D104/><U85/><E77/><V87/><F31/><W9/><G74/><T113/><D113/><U50/><E93/><V23/><F73/><W67/><G67/><T128/><D106/><U8/><E85/><V96/><F87/><W49/><G49/><T76/><D128/><U21/><E8/><V117/><F34/><W18/><REACH who="3" step="1"/><G2/><REACH who="3" ten="250,250,250,240" step="2"/><T100/><D108/><U98/><E109/><V35/><F65/><W53/><G53/><T47/><D76/><U132/><E1/><V58/><F54/><W3/><G3/><T112/><D112/><U56/><E131/><V101/><F51/><W55/><G55/><T129/><D129/><U97/><E50/><V116/><F135/><W123/><G123/><T60/><D60/><U121/><E48/><V89/><F38/><W52/><G52/><T103/><D47/><U4/><E44/><V125/><F46/><W10/><G10/><N who="0" m="4191" /><D14/><U36/><E121/><V32/><F124/><W26/><G26/><N who="0" m="16583" /><D99/><AGARI ba="0,1" hai="5,9,13,16,17,18,78,79,84,91,92,95,99,102" machi="99" ten="40,5200,0" yaku="1,1,8,1,54,1,53,0" doraHai="114" doraHaiUra="41" who="3" fromWho="0" sc="250,-52,250,0,250,0,240,62" /><INIT seed="1,0,0,4,0,30" ten="198,250,250,302" oya="1" hai0="133,38,123,121,89,77,71,75,48,72,40,60,108" hai1="62,59,25,27,70,29,49,65,122,42,125,126,81" hai2="118,51,57,78,67,2,14,128,26,58,113,79,105" hai3="4,28,15,41,85,1,54,32,93,23,22,99,112"/><U21/><E122/><N who="0" m="46601" /><D89/><U80/><E25/><V92/><F2/><W106/><G1/><T8/><D8/><U31/><E31/><V66/><F105/><W73/><G73/><T56/><D77/><U129/><E129/><V7/><F118/><W132/><G106/><T76/><D76/><U11/><E11/><V46/><F113/><W0/><G0/><T119/><D119/><U69/><E42/><V36/><F36/><W88/><G41/><T110/><D133/><U111/><E111/><N who="0" m="42537" /><D48/><U16/><E29/><V120/><F51/><W116/><G112/><T134/><D134/><U98/><E98/><V74/><F79/><W91/><G132/><T61/><D56/><U101/><E101/><V10/><F78/><W94/><G4/><T63/><D71/><U53/><REACH who="1" step="1"/><E69/><REACH who="1" ten="198,240,250,302" step="2"/><V127/><F10/><W33/><G116/><T55/><D55/><U45/><E45/><AGARI ba="0,1" hai="38,40,45,60,61,63,72,75" m="42537,46601" machi="45" ten="40,2600,0" yaku="13,1,14,1" doraHai="30" who="0" fromWho="1" sc="198,36,240,-26,250,0,302,0" /><INIT seed="2,0,0,4,1,75" ten="234,214,250,302" oya="2" hai0="132,49,84,111,65,42,48,43,103,131,29,89,120" hai1="116,80,9,56,99,112,25,22,51,71,79,47,86" hai2="34,96,3,100,97,0,15,78,83,130,26,36,64" hai3="10,37,21,33,55,41,11,20,2,91,67,6,124"/><V39/><F130/><W76/><G33/><T23/><D120/><U68/><E116/><V121/><F121/><W54/><G67/><T18/><D131/><U122/><E112/><V117/><F96/><W62/><G124/><T77/><D111/><U73/><E122/><V74/><F117/><W50/><G62/><T70/><D132/><U129/><E129/><V108/><F15/><W52/><G37/><N who="2" m="14409" /><F64/><W38/><G38/><T115/><D115/><U101/><E9/><V12/><F12/><W7/><G91/><T40/><D29/><U1/><E56/><V110/><F26/><W4/><G76/><T45/><D103/><U119/><E1/><N who="2" m="587" /><F34/><W127/><G127/><T118/><D118/><U94/><E119/><V24/><F24/><W88/><G88/><T35/><D35/><U58/><E58/><V32/><F32/><W63/><G63/><T133/><D89/><U90/><E25/><V92/><F92/><W98/><G98/><T135/><D48/><U27/><E27/><V28/><F28/><W57/><G57/><T16/><D135/><U104/><REACH who="1" step="1"/><E22/><REACH who="1" ten="234,204,250,302" step="2"/><N who="3" m="8810" /><G2/><T19/><D133/><U69/><E69/><V95/><F108/><W46/><AGARI ba="0,1" hai="4,6,7,10,11,41,46,50,52,54,55" m="8810" machi="46" ten="40,2700,0" yaku="8,1,54,1" doraHai="75" who="3" fromWho="3" sc="234,-7,204,-7,250,-13,302,37" /><INIT seed="3,0,0,3,2,93" ten="227,197,237,339" oya="3" hai0="9,47,16,67,86,124,56,89,70,23,75,119,135" hai1="77,27,4,36,112,65,104,114,72,129,87,52,14" hai2="60,106,101,33,1,10,68,116,125,95,94,92,132" hai3="78,8,50,73,12,30,120,62,63,130,127,6,64"/><W105/><G105/><T100/><D119/><U53/><E36/><V90/><F116/><W24/><G120/><T37/><D75/><U110/><E104/><V21/><F33/><W57/><G127/><T41/><D124/><U26/><E72/><V109/><F106/><W17/><G50/><N who="0" m="26991" /><D70/><U113/><E110/><V5/><F101/><W133/><G133/><T111/><D37/><U49/><E129/><V0/><F0/><W107/><G107/><T59/><D111/><U15/><E65/><V13/><F109/><W54/><G73/><T66/><D9/><U115/><N who="1" m="28672" /><DORA hai="85" /><U45/><E53/><V79/><F79/><W25/><G78/><T2/><D100/><U97/><E97/><V43/><F43/><W35/><G25/><N who="0" m="14567" /><D2/><U122/><E122/><V40/><F40/><W58/><G130/><T55/><D135/><U3/><E3/><V128/><F132/><W18/><AGARI ba="0,0" hai="6,8,12,17,18,24,30,35,54,57,58,62,63,64" machi="18" ten="30,1500,0" yaku="0,1" doraHai="93,85" who="3" fromWho="3" sc="227,-5,197,-5,237,-5,339,15" owari="222,-17.8,192,-30.8,232,3.2,354,45.4" /></mjloggm>