<mjloggm ver="2.3"><GO type="225" lobby="0"/><UN n0="%E3%83%81%E3%83%83%E3%82%BF%E3%82%BD%E3%83%BC" n1="%E3%83%A9%E3%82%A4%E3%83%B3%E3%81%AE%E8%99%8E" n2="%E7%9A%AE%E3%80%85" n3="%E6%97%A5%E6%9B%9C%E6%97%A5%E3%82%88%E3%82%8A%E3%81%AE%E4%BD%BF%E8%80%85" dan="16,16,16,16" rate="2150.54,2175.22,2146.74,2147.55" sx="F,M,M,M"/><TAIKYOKU oya="0"/><INIT seed="0,0,0,2,5,127" ten="250,250,250,250" oya="0" hai0="101,57,54,53,30,99,108,16,103,67,83,82,13" hai1="32,110,121,6,21,95,109,116,35,96,64,122,86" hai2="77,15,133,131,123,104,130,62,125,111,70,61,119" hai3="10,66,0,58,113,7,71,73,118,65,48,105,69"/><T91/><D108/><N who="1" m="41579" /><E116/><V52/><F111/><W107/><G118/><T129/><D129/><N who="2" m="49162" /><F119/><W25/><G113/><T135/><D135/><U44/><E64/><N who="2" m="41231" /><F133/><W26/><G73/><T88/><D30/><U4/><E86/><V78/><F125/><W39/><G39/><T18/><D67/><U50/><E21/><V41/><F123/><N who="1" m="47113" /><E4/><V112/><F112/><W114/><G114/><T102/><D99/><U75/><E6/><V31/><F104/><W117/><G105/><T40/><D40/><N who="1" m="24839" /><E75/><V63/><F41/><W81/><G117/><T46/><D46/><U8/><E8/><V134/><F134/><W56/><G10/><T17/><D13/><U79/><E79/><N who="2" m="30219" /><F31/><W42/><G42/><T36/><D36/><U97/><E97/><V27/><F27/><W93/><G25/><T20/><D20/><U29/><E29/><V60/><F15/><W1/><G26/><T72/><D72/><U14/><E14/><V98/><F98/><W2/><G2/><T124/><D124/><U5/><E5/><V68/><F68/><W76/><G7/><T80/><REACH who="0" step="1"/><D53/><AGARI ba="0,0" hai="52,53,60,62,63" m="30219,41231,49162" machi="53" ten="40,8000,1" yaku="19,1,52,3,54,1" doraHai="127" who="2" fromWho="0" sc="250,-80,250,0,250,80,250,0" /><INIT seed="1,0,0,4,1,109" ten="170,250,330,250" oya="1" hai0="64,91,87,44,59,4,76,108,38,119,110,75,93" hai1="12,115,61,100,31,106,58,13,21,63,46,92,116" hai2="9,134,22,1,6,60,41,67,5,94,43,123,39" hai3="36,85,104,57,42,82,103,66,55,102,28,51,97"/><U126/><E116/><V78/><F123/><W70/><G102/><T84/><D119/><U112/><E106/><V72/><F134/><W30/><G42/><T131/><D131/><U132/><E46/><V15/><F94/><W122/><G36/><T98/><D4/><U79/><E79/><V54/><F54/><W77/><G122/><T80/><D44/><U86/><E63/><V83/><F39/><W53/><G66/><T20/><D38/><U37/><E37/><V95/><F95/><W7/><G70/><T40/><D40/><U33/><E33/><V99/><F99/><W3/><G3/><T8/><D8/><U74/><E74/><V118/><F118/><W25/><G7/><T47/><D47/><U129/><E129/><V26/><F6/><W107/><G107/><T34/><D34/><U117/><E86/><V50/><F50/><W121/><G121/><T16/><D108/><U11/><E132/><V71/><F1/><W125/><G125/><T23/><D23/><U2/><E126/><V65/><F65/><W32/><G30/><AGARI ba="0,0" hai="5,9,15,22,26,30,41,43,60,67,71,72,78,83" machi="30" ten="30,1000,0" yaku="7,1" doraHai="109" who="2" fromWho="3" sc="170,0,250,0,330,10,250,-10" /><INIT seed="2,0,0,2,3,55" ten="170,250,340,240" oya="2" hai0="67,78,114,36,56,98,23,77,38,28,26,96,31" hai1="116,8,82,85,4,0,27,17,113,115,127,43,9" hai2="123,2,48,120,111,87,14,91,18,103,92,79,110" hai3="13,84,25,69,16,132,97,1,74,107,37,90,6"/><V47/><F2/><W52/><G37/><T100/><D114/><U15/><E116/><V29/><F29/><W12/><G74/><T131/><D131/><U46/><E27/><V33/><F33/><W54/><G69/><T39/><D31/><U68/><E68/><V128/><F128/><W42/><G42/><T64/><D96/><U73/><E127/><V35/><F35/><W3/><G132/><T66/><D77/><N who="1" m="44335" /><E85/><V30/><F30/><W104/><G97/><T109/><D78/><U117/><E117/><V81/><F103/><W101/><G101/><T44/><D109/><N who="2" m="41482" /><F18/><W71/><G25/><T20/><D44/><U93/><E93/><V53/><F14/><W119/><G119/><T60/><REACH who="0" step="1"/><D20/><REACH who="0" ten="160,250,340,240" step="2"/><U134/><E134/><V24/><F79/><W49/><G107/><AGARI ba="0,1" hai="23,26,28,36,38,39,56,60,64,66,67,98,100,107" machi="107" ten="40,5200,0" yaku="1,1,2,1,52,1,53,0" doraHai="55" doraHaiUra="5" who="0" fromWho="3" sc="160,62,250,0,340,0,240,-52" /><INIT seed="3,0,0,4,2,124" ten="222,250,340,188" oya="3" hai0="56,97,74,83,31,57,123,13,96,41,39,15,5" hai1="29,26,9,102,27,114,47,17,133,127,32,122,59" hai2="125,68,98,21,64,66,93,80,2,117,134,132,115" hai3="10,3,73,53,50,69,87,23,84,99,52,111,112"/><W79/><G112/><T28/><D123/><U65/><E122/><V36/><F115/><W92/><G69/><T6/><D83/><U126/><E114/><V110/><F117/><W78/><G111/><T109/><D41/><U119/><E102/><V30/><F125/><W49/><G73/><T85/><D85/><N who="3" m="32841" /><G3/><T91/><D91/><U58/><E47/><V25/><F2/><W107/><G10/><T128/><D39/><U38/><E38/><V19/><F36/><W104/><G23/><T100/><D100/><U106/><E106/><V54/><F110/><W22/><G22/><T63/><D63/><U18/><E119/><V37/><F37/><W20/><G20/><T82/><D82/><U116/><E116/><V131/><F80/><W89/><G107/><T77/><D109/><U33/><E9/><V46/><F68/><W88/><G104/><T24/><D24/><U62/><E29/><V11/><F11/><W55/><G89/><T135/><D135/><U0/><E133/><V40/><F30/><W95/><G92/><T7/><D7/><U105/><E105/><V35/><F93/><W60/><G60/><T16/><D16/><U1/><E62/><V48/><F134/><W51/><AGARI ba="0,0" hai="49,50,51,52,53,55,78,79,88,95,99" m="32841" machi="51" ten="40,7800,0" yaku="8,1,54,2" doraHai="124" who="3" fromWho="3" sc="222,-26,250,-26,340,-26,188,78" /><INIT seed="3,1,0,5,3,19" ten="196,224,314,266" oya="3" hai0="135,134,60,80,20,72,123,66,79,7,44,77,36" hai1="118,103,86,35,42,47,38,11,39,24,59,74,73" hai2="27,109,57,33,102,83,122,106,89,75,4,130,92" hai3="63,30,32,6,65,128,40,45,8,129,107,62,117"/><W131/><G107/><T87/><D123/><U110/><E39/><V95/><F122/><W21/><G32/><T88/><D7/><U41/><E41/><V13/><F109/><W58/><G117/><T82/><D77/><U96/><E110/><V125/><F125/><W111/><G111/><T1/><D1/><U55/><E118/><V0/><F0/><N who="3" m="71" /><G62/><T15/><D44/><U64/><E64/><V114/><F114/><W108/><G108/><T124/><D36/><U26/><E11/><V67/><F106/><W10/><G10/><T31/><D124/><U56/><E86/><V16/><F4/><W3/><G3/><T28/><D28/><U97/><E97/><V69/><F33/><W99/><G99/><T29/><D29/><U93/><E59/><V49/><F57/><W127/><G127/><T113/><D113/><U84/><E84/><V12/><F12/><W78/><G78/><T112/><D112/><U2/><E2/><V132/><F13/><W48/><G30/><T81/><D81/><U54/><E35/><V115/><F115/><W34/><G34/><T116/><D116/><U25/><REACH who="1" step="1"/><E55/><REACH who="1" ten="196,214,314,266" step="2"/><V22/><F67/><W17/><G40/><T126/><D126/><U94/><E94/><V14/><F92/><W51/><G45/><T119/><D119/><U61/><AGARI ba="1,1" hai="24,25,26,38,42,47,54,56,61,73,74,93,96,103" machi="61" ten="30,7900,0" yaku="1,1,0,1,53,2" doraHai="19" doraHaiUra="105" who="1" fromWho="1" sc="196,-21,214,92,314,-21,266,-40" owari="175,-32.5,306,40.6,293,9.3,226,-17.4" /></mjloggm>