<mjloggm ver="2.3"><GO type="225" lobby="0"/><UN n0="%E3%83%81%E3%83%83%E3%82%BF%E3%82%BD%E3%83%BC" n1="%E3%81%BF%E3%81%BF%E3%81%9A" n2="%E6%9C%88%E5%B3%B6%E5%9F%BA" n3="%E5%91%A8%E6%9D%B1" dan="16,17,17,16" rate="2116.06,2220.21,2184.00,2144.74" sx="F,M,M,M"/><TAIKYOKU oya="0"/><INIT seed="0,0,0,4,3,22" ten="250,250,250,250" oya="0" hai0="117,70,92,78,13,135,35,7,14,51,47,115,97" hai1="95,8,73,98,17,67,45,11,101,114,121,20,132" hai2="100,46,12,99,116,96,26,109,84,108,30,5,50" hai3="74,31,122,9,39,90,32,119,123,4,128,36,94"/><T59/><D135/><U133/><E121/><N who="3" m="46090" /><G74/><T49/><D117/><U43/><E73/><V38/><F116/><W75/><G75/><T129/><D129/><U15/><E67/><V120/><F120/><W93/><G119/><T25/><D115/><U18/><E114/><V34/><F38/><N who="3" m="14379" /><G128/><T66/><D70/><U110/><E110/><N who="2" m="42603" /><F84/><W89/><G94/><T23/><D78/><U104/><E104/><V130/><F130/><W80/><G80/><T64/><D35/><U107/><E107/><V65/><F65/><N who="0" m="25194" /><D59/><U77/><E77/><V28/><F28/><W56/><G56/><T2/><D2/><U87/><E87/><V81/><F81/><W113/><G113/><T54/><D49/><N who="1" m="26815" /><E17/><V103/><F99/><W134/><G134/><AGARI ba="0,0" hai="8,11,15,18,20,95,98,101,132,133,134" m="26815" machi="134" ten="30,1000,0" yaku="20,1" doraHai="22" who="1" fromWho="3" sc="250,0,250,10,250,0,250,-10" /><INIT seed="1,0,0,3,3,40" ten="250,260,250,240" oya="1" hai0="55,34,105,0,9,129,52,30,45,130,50,23,99" hai1="60,71,33,26,78,77,10,19,1,110,107,75,74" hai2="8,98,62,37,119,93,83,27,118,134,79,41,64" hai3="102,17,103,125,29,56,92,2,122,126,95,91,21"/><U117/><E117/><V42/><F134/><W54/><G2/><T73/><D73/><U72/><E107/><V39/><F42/><W18/><G122/><T6/><D34/><U109/><E33/><V88/><F27/><W82/><G82/><T32/><D32/><U133/><E133/><V59/><F8/><W70/><G70/><T108/><D108/><N who="1" m="41579" /><E26/><V127/><F127/><N who="3" m="48651" /><G29/><T15/><D30/><U14/><E1/><V66/><F66/><AGARI ba="0,0" hai="10,14,19,60,66,71,72,74,75,77,78" m="41579" machi="66" ten="40,3900,0" yaku="14,1,10,1" doraHai="40" who="1" fromWho="2" sc="250,0,260,39,250,-39,240,0" /><INIT seed="1,1,0,5,1,133" ten="250,299,211,240" oya="1" hai0="132,114,121,74,34,59,71,7,5,69,49,19,48" hai1="129,32,60,44,13,68,123,62,21,87,91,3,122" hai2="27,73,120,97,101,40,135,42,86,38,119,54,118" hai3="80,29,46,26,37,20,95,76,130,31,1,43,108"/><U8/><E32/><V16/><F120/><W56/><G108/><T18/><D121/><U96/><E96/><V45/><F73/><W57/><G130/><T98/><D132/><U39/><E129/><V12/><F135/><W79/><G79/><T10/><D74/><U64/><E3/><V50/><F27/><W72/><G31/><T77/><D77/><U36/><E21/><V103/><F86/><W22/><G22/><T104/><D34/><U61/><E122/><V85/><F85/><W2/><G2/><T30/><D30/><U35/><E35/><V81/><F81/><W15/><G15/><T53/><D114/><U78/><E78/><V84/><F84/><W83/><G83/><T63/><D98/><U90/><E90/><V107/><F101/><W9/><REACH who="3" step="1"/><G95/><REACH who="3" ten="250,299,211,230" step="2"/><T117/><D104/><U94/><E123/><V111/><F111/><W47/><G47/><T65/><D117/><U128/><E128/><V24/><F24/><W106/><G106/><T51/><D10/><U70/><E44/><V99/><F118/><W112/><G112/><T4/><REACH who="0" step="1"/><D71/><REACH who="0" ten="240,299,211,230" step="2"/><U67/><E8/><V124/><F119/><W58/><G58/><T41/><D41/><U25/><E70/><V14/><F42/><W126/><G126/><T82/><D82/><U75/><E68/><V109/><F124/><W102/><G102/><T23/><D23/><U89/><E94/><V116/><F109/><W92/><G92/><T110/><D110/><U55/><E91/><V6/><F116/><W134/><G134/><T52/><D52/><U131/><E89/><V105/><F105/><RYUUKYOKU ba="1,2" sc="240,15,299,-15,211,-15,230,15" hai0="4,5,7,18,19,48,49,51,53,59,63,65,69" hai3="1,9,20,26,29,37,43,46,56,57,72,76,80" /><INIT seed="2,2,2,4,1,70" ten="255,284,196,245" oya="2" hai0="113,71,52,74,94,51,116,11,101,112,1,73,57" hai1="47,77,13,115,10,104,122,20,16,27,121,59,108" hai2="126,2,44,120,5,82,14,96,132,4,7,88,109" hai3="39,45,37,130,17,98,9,86,83,38,34,63,90"/><V105/><F120/><N who="1" m="46185" /><E104/><V18/><F126/><W0/><G34/><T89/><D116/><U26/><E115/><V100/><F132/><W32/><G32/><T22/><D71/><U64/><E108/><V62/><F109/><W41/><G130/><T60/><D101/><U53/><E77/><V66/><F44/><W67/><G98/><T12/><D1/><U8/><E64/><V29/><F29/><W21/><G9/><N who="1" m="3690" /><E47/><V114/><F114/><W80/><G80/><T79/><D22/><U117/><E117/><V58/><F2/><W107/><G107/><T85/><D112/><U31/><E31/><V134/><F134/><W111/><G0/><T84/><D113/><U6/><E6/><V135/><F135/><W36/><G111/><T40/><D79/><U97/><E97/><V15/><REACH who="2" step="1"/><F18/><REACH who="2" ten="255,284,186,245" step="2"/><W129/><G129/><T43/><D43/><U35/><E35/><V87/><AGARI ba="2,3" hai="4,5,7,14,15,58,62,66,82,87,88,96,100,105" machi="87" ten="30,12000,1" yaku="1,1,2,1,0,1,54,1,53,1" doraHai="70" doraHaiUra="103" who="2" fromWho="2" sc="255,-42,284,-42,186,156,245,-42" /><INIT seed="2,3,0,4,1,97" ten="213,242,342,203" oya="2" hai0="56,61,12,51,23,9,106,130,64,74,54,69,99" hai1="13,14,30,20,50,131,42,75,32,110,132,103,52" hai2="127,117,44,104,105,111,25,90,88,77,57,45,67" hai3="83,84,41,96,38,35,72,102,98,24,135,78,6"/><V120/><F117/><W89/><G135/><T133/><D130/><U112/><E112/><V114/><F114/><W0/><G35/><T7/><D133/><U1/><E75/><V2/><F120/><W65/><G65/><T4/><D74/><U113/><E1/><V34/><F2/><W121/><G24/><T60/><D23/><U40/><E113/><V39/><F77/><W8/><G121/><T95/><D106/><U28/><E32/><V108/><F127/><W66/><G66/><T80/><D80/><U128/><E103/><V71/><F71/><W134/><G134/><T70/><D4/><U15/><E110/><N who="2" m="42027" /><F105/><W100/><G98/><T47/><REACH who="0" step="1"/><D61/><REACH who="0" ten="203,242,342,203" step="2"/><U123/><E132/><V129/><F104/><W17/><G17/><T46/><D46/><N who="1" m="27735" /><E123/><V5/><F45/><N who="3" m="23735" /><G96/><T18/><D18/><U43/><E20/><V115/><F5/><W109/><G109/><T31/><D31/><U68/><E68/><V55/><F115/><W87/><G87/><T92/><D92/><AGARI ba="3,1" hai="0,6,8,72,78,83,84,89,92,100,102" m="23735" machi="92" ten="30,3900,0" yaku="25,1,52,2" doraHai="97" who="3" fromWho="0" sc="203,-48,242,0,342,0,203,58" /><INIT seed="3,0,0,3,1,93" ten="155,242,342,261" oya="3" hai0="8,58,122,39,30,2,106,101,100,127,1,55,46" hai1="44,71,24,104,25,87,4,59,42,74,126,129,114" hai2="119,11,16,5,47,90,86,17,22,80,37,103,113" hai3="118,67,82,112,60,20,96,70,33,18,49,12,121"/><W110/><G121/><T131/><D127/><U98/><E71/><V130/><F113/><W63/><G112/><T35/><D131/><U32/><E74/><V97/><F119/><W102/><G118/><T45/><D122/><U27/><E114/><V123/><F123/><W73/><G33/><T62/><D100/><U99/><E126/><V61/><F130/><W77/><G110/><T89/><D39/><U88/><E104/><V105/><F61/><W68/><G49/><T51/><D8/><U91/><E32/><V54/><F22/><W40/><G40/><T116/><D116/><U7/><E59/><V125/><F125/><W81/><G81/><T19/><D19/><U43/><E129/><V38/><F38/><W124/><G124/><T48/><D89/><U14/><E14/><V76/><F90/><N who="1" m="34345" /><E87/><V56/><F47/><W64/><G102/><T6/><D6/><N who="1" m="2091" /><E44/><V28/><F37/><W10/><G20/><T57/><D35/><U29/><E29/><V21/><F28/><W133/><G133/><T65/><D30/><U36/><E36/><V66/><F21/><W83/><G83/><T9/><D9/><U117/><E117/><V107/><F11/><W72/><G72/><T41/><REACH who="0" step="1"/><D45/><REACH who="0" ten="145,242,342,261" step="2"/><U53/><E24/><V26/><F26/><W109/><G109/><T15/><D15/><U78/><E25/><V0/><F103/><W120/><G120/><T92/><D92/><U84/><E27/><V79/><F105/><W3/><G3/><T69/><D69/><U34/><E34/><V13/><F0/><W50/><G10/><T31/><D31/><RYUUKYOKU ba="0,1" sc="145,30,242,-10,342,-10,261,-10" hai0="1,2,41,46,48,51,55,57,58,62,65,101,106" owari="175,-32.5,232,-16.8,342,44.2,251,5.1" /></mjloggm>