<mjloggm ver="2.3"><GO type="225" lobby="0"/><UN n0="%E3%82%8C%E3%81%99%E3%81%93" n1="%E3%81%BF%E3%81%BF%E3%81%9A" n2="%E3%83%A9%E3%83%BC%E3%83%A1%E3%83%B3%E4%BA%94%E9%83%8E" n3="%33%74%72%65%65" dan="17,17,16,17" rate="2158.91,2172.67,2086.64,2142.52" sx="F,M,M,F"/><TAIKYOKU oya="0"/><INIT seed="0,0,0,1,2,124" ten="250,250,250,250" oya="0" hai0="98,14,110,46,26,116,35,38,109,108,9,92,32" hai1="63,50,121,102,40,44,37,83,78,128,72,122,15" hai2="3,51,131,49,82,75,94,113,84,88,135,107,12" hai3="117,127,104,19,17,2,16,100,65,4,59,52,68"/><T41/><D26/><U77/><E102/><V58/><F3/><W103/><G117/><T97/><D116/><U24/><E24/><V13/><F113/><W62/><G127/><T43/><D43/><U79/><E128/><V22/><F131/><W64/><G104/><T81/><D81/><U85/><E37/><V129/><F129/><W30/><G30/><T111/><N who="0" m="27648" /><DORA hai="11" /><T27/><D27/><U39/><E39/><V89/><F107/><W6/><G2/><T74/><D74/><U70/><E72/><V45/><F135/><W114/><G114/><T66/><D66/><N who="3" m="25705" /><G68/><T25/><D25/><U118/><E118/><V133/><F133/><W21/><G21/><T31/><D31/><U96/><E70/><V61/><F75/><W120/><G120/><T18/><D98/><U33/><E96/><N who="2" m="57415" /><F22/><W123/><G123/><T125/><D125/><U53/><E33/><V71/><F71/><W91/><G91/><AGARI ba="0,0" hai="9,14,18,32,35,38,41,46,91,92,97" m="27648" machi="91" ten="70,12000,1" yaku="14,1,10,1,52,1" doraHai="124,11" who="0" fromWho="3" sc="250,120,250,0,250,0,250,-120" /><INIT seed="0,1,0,2,4,89" ten="370,250,250,130" oya="0" hai0="36,27,88,134,2,58,97,7,80,94,23,17,59" hai1="32,61,109,106,21,90,117,67,79,0,24,15,64" hai2="53,38,56,87,68,34,98,110,107,42,124,57,41" hai3="62,3,4,25,28,100,113,18,126,122,40,69,39"/><T85/><D36/><U116/><E0/><V60/><F34/><W127/><G113/><T129/><D129/><U123/><E123/><V52/><F110/><W102/><G122/><T103/><REACH who="0" step="1"/><D134/><REACH who="0" ten="360,250,250,130" step="2"/><U91/><E116/><V16/><F38/><W47/><G39/><T111/><D111/><U74/><E109/><V50/><F124/><W33/><G127/><T118/><D118/><U119/><E117/><V43/><F43/><W131/><G40/><T72/><D72/><U130/><E74/><V5/><F42/><W46/><G131/><T13/><D13/><U93/><E130/><V12/><F41/><W6/><G126/><T95/><D95/><U135/><E119/><V8/><F12/><W125/><G125/><T30/><D30/><U108/><E135/><V77/><F107/><W29/><G28/><T48/><D48/><U76/><E106/><V73/><F73/><W99/><G29/><T49/><D49/><U81/><E108/><V92/><F50/><W105/><G105/><T26/><D26/><U133/><E133/><V55/><F92/><W86/><G25/><T82/><D82/><U78/><E15/><V54/><F60/><W20/><G62/><T112/><D112/><U31/><E32/><V96/><N who="2" m="13312" /><DORA hai="132" /><V9/><F5/><W51/><G6/><T37/><D37/><U44/><E61/><V65/><F8/><AGARI ba="1,1" hai="2,7,8,17,23,27,58,59,80,85,88,94,97,103" machi="8" ten="40,12000,1" yaku="1,1,52,1,54,1,53,1" doraHai="89,132" doraHaiUra="66,83" who="0" fromWho="2" sc="360,133,250,0,250,-123,130,0" /><INIT seed="0,2,0,4,3,67" ten="493,250,127,130" oya="0" hai0="47,77,130,114,30,21,18,40,135,86,17,57,79" hai1="88,12,116,29,95,103,82,4,118,7,53,120,123" hai2="83,34,42,101,124,122,85,98,6,107,93,37,74" hai3="41,33,55,75,20,19,89,68,63,24,90,45,134"/><T126/><D114/><U127/><E29/><V46/><F34/><W119/><G119/><T106/><D106/><U91/><E53/><V16/><F122/><W10/><G134/><T32/><D130/><U35/><E12/><V109/><F109/><W31/><G75/><T112/><D112/><U27/><E27/><V26/><F124/><W84/><G10/><T8/><D135/><U14/><E14/><V117/><F117/><W15/><G84/><T51/><D126/><U22/><E22/><V110/><F74/><W131/><G131/><T11/><D32/><U105/><E95/><V113/><F6/><W133/><G133/><T62/><D30/><U59/><E59/><V23/><F110/><W80/><G80/><N who="0" m="47375" /><D79/><U2/><E35/><V54/><F54/><W70/><G55/><N who="0" m="34111" /><D18/><U115/><E105/><V28/><F113/><W111/><G111/><T65/><D65/><U52/><E115/><V132/><F132/><W38/><REACH who="3" step="1"/><G63/><REACH who="3" ten="493,250,127,120" step="2"/><T73/><D73/><U92/><E127/><V97/><F85/><W128/><G128/><T3/><D3/><U71/><E2/><V50/><F83/><W129/><G129/><T44/><D8/><U102/><E82/><V25/><F98/><W9/><G9/><T13/><D11/><U64/><E52/><V81/><F81/><W66/><G66/><T99/><D99/><U5/><E64/><V94/><REACH who="2" step="1"/><F37/><REACH who="2" ten="493,250,117,120" step="2"/><W125/><G125/><T60/><D60/><U96/><E118/><V72/><F72/><W39/><G39/><T49/><D40/><U121/><E116/><V58/><F58/><W108/><G108/><RYUUKYOKU ba="2,2" sc="493,10,250,-30,117,10,120,10" hai0="13,17,21,44,47,49,51" hai2="16,23,25,26,28,42,46,50,93,94,97,101,107" hai3="15,19,20,24,31,33,38,41,45,68,70,89,90" /><INIT seed="0,3,2,1,4,49" ten="503,220,127,130" oya="0" hai0="109,100,120,75,74,104,61,33,68,130,99,79,81" hai1="16,54,83,53,9,117,77,107,57,114,80,133,19" hai2="23,0,119,84,87,124,125,27,21,134,72,62,82" hai3="129,102,66,46,65,38,18,64,20,78,55,115,95"/><T3/><D120/><U86/><E117/><V39/><F119/><W132/><G115/><T45/><D130/><U60/><E107/><V90/><F0/><W116/><G116/><T58/><D109/><U73/><E114/><V47/><F72/><W135/><G129/><T8/><D33/><U32/><E32/><V17/><F134/><N who="3" m="51243" /><G78/><T108/><D108/><U41/><E133/><V50/><F39/><W118/><G118/><T35/><D35/><U26/><E41/><V76/><F62/><W13/><G38/><T11/><D74/><U128/><E128/><V42/><REACH who="2" step="1"/><F23/><REACH who="2" ten="503,220,117,130" step="2"/><W105/><G105/><T71/><D3/><U22/><E73/><V40/><F40/><W31/><G31/><T97/><D75/><U56/><E83/><AGARI ba="3,3" hai="17,21,27,42,47,50,76,82,83,84,87,90,124,125" machi="83" ten="40,1300,0" yaku="1,1,53,0" doraHai="49" doraHaiUra="92" who="2" fromWho="1" sc="503,0,220,-22,117,52,130,0" /><INIT seed="1,0,0,1,3,9" ten="503,198,169,130" oya="1" hai0="92,96,55,110,127,32,79,80,102,2,72,20,22" hai1="86,118,62,107,121,94,82,54,120,30,6,36,89" hai2="116,134,39,61,119,13,111,115,69,19,70,132,100" hai3="95,51,135,31,104,25,35,43,74,117,128,21,83"/><U29/><E118/><N who="2" m="45099" /><F39/><W3/><G117/><T33/><D2/><U63/><E107/><V97/><F111/><W24/><G104/><T84/><D110/><U23/><E36/><V47/><F47/><W18/><G3/><T130/><D127/><U40/><E40/><V60/><F70/><W131/><G95/><T56/><D130/><U59/><E6/><V57/><F57/><W67/><G67/><T75/><D75/><U17/><E120/><V73/><F73/><W122/><G122/><T4/><D4/><U113/><E113/><V81/><F81/><W77/><REACH who="3" step="1"/><G135/><REACH who="3" ten="503,198,169,120" step="2"/><N who="2" m="51753" /><F115/><W10/><G10/><T112/><D112/><U16/><E121/><V5/><F69/><W87/><G87/><T78/><D72/><U27/><E63/><V52/><F61/><W1/><G1/><T103/><D92/><U15/><E94/><V65/><F65/><W14/><G14/><T124/><D84/><U34/><E34/><V101/><F60/><W66/><G66/><T7/><D32/><U106/><E106/><V88/><F13/><W45/><AGARI ba="0,1" hai="18,21,24,25,31,35,43,45,51,74,77,83,128,131" machi="45" ten="30,7900,0" yaku="1,1,0,1,53,2" doraHai="9" doraHaiUra="126" who="3" fromWho="3" sc="503,-20,198,-39,169,-20,120,89" /><INIT seed="2,0,0,4,5,89" ten="483,159,149,209" oya="2" hai0="37,71,109,117,50,61,134,24,45,16,52,131,102" hai1="48,17,121,106,60,31,92,91,0,25,54,53,64" hai2="21,18,28,51,55,20,7,120,62,65,41,6,63" hai3="43,81,98,82,75,104,110,100,77,14,108,83,44"/><V68/><F120/><W34/><G34/><T32/><D109/><N who="3" m="42089" /><G14/><T66/><D131/><U69/><E106/><V22/><F28/><W42/><G42/><T125/><D134/><U115/><E115/><V101/><F18/><W49/><AGARI ba="0,0" hai="43,44,49,75,77,81,82,83,98,100,104" m="42089" machi="49" ten="30,1100,0" yaku="14,1" doraHai="89" who="3" fromWho="3" sc="483,-3,159,-3,149,-5,209,11" /><INIT seed="3,0,0,0,4,52" ten="480,156,144,220" oya="3" hai0="12,135,125,102,43,71,32,33,67,75,68,130,131" hai1="121,26,7,84,36,48,46,17,22,69,109,65,122" hai2="105,74,64,70,14,66,78,123,79,90,98,119,40" hai3="110,10,27,133,34,126,49,42,28,13,21,8,99"/><W81/><G133/><T104/><D125/><U117/><E109/><V87/><F119/><W61/><G126/><T103/><D75/><U112/><E112/><V54/><F70/><W37/><G37/><T51/><D135/><U80/><E117/><V107/><F74/><W118/><G118/><T88/><D12/><U97/><E36/><V57/><F107/><W116/><G116/><T0/><D0/><U92/><E7/><V45/><F123/><W82/><G34/><T9/><D9/><U39/><E39/><V31/><F31/><W5/><G8/><T3/><D3/><U95/><E65/><N who="2" m="25195" /><F105/><W113/><G113/><T134/><D134/><U35/><E69/><V38/><F38/><W15/><G15/><T29/><D88/><U56/><E35/><V85/><F98/><W108/><G61/><T2/><D2/><U127/><E127/><V11/><F45/><N who="3" m="25783" /><G99/><T50/><D104/><U100/><E95/><N who="2" m="54735" /><F87/><W106/><G106/><T44/><D32/><U96/><E97/><V47/><F47/><W20/><G108/><T6/><D44/><U1/><E1/><V72/><F72/><W60/><G110/><T76/><D71/><U53/><REACH who="1" step="1"/><E46/><REACH who="1" ten="480,146,144,220" step="2"/><V94/><F94/><W89/><G5/><T25/><D6/><U18/><E18/><N who="2" m="8543" /><F40/><W62/><G28/><T129/><D68/><U124/><E124/><V93/><F93/><W63/><G82/><T55/><D33/><U30/><E30/><V41/><F41/><W111/><G81/><T4/><D43/><U16/><E16/><V77/><F77/><AGARI ba="0,1" hai="17,22,26,48,53,56,77,80,84,92,96,100,121,122" machi="77" ten="30,7700,0" yaku="1,1,7,1,52,1,53,1" doraHai="52" doraHaiUra="23" who="1" fromWho="2" sc="480,0,146,87,144,-77,220,0" owari="480,58.0,233,3.3,67,-43.3,220,-18.0" /></mjloggm>