<mjloggm ver="2.3"><GO type="225" lobby="0"/><UN n0="%E9%A6%AC%E5%BC%95%E7%81%AB%33" n1="%E6%81%A5%E6%99%92%E3%81%97" n2="%E3%81%A1%E3%82%83%E3%81%93%E3%81%93" n3="%E3%81%99%E3%81%84%E3%81%BE%E3%81%9B%E3%83%BC%E3%82%93" dan="17,16,16,18" rate="2201.49,2088.87,2113.87,2257.43" sx="M,M,F,M"/><TAIKYOKU oya="0"/><INIT seed="0,0,0,5,1,34" ten="250,250,250,250" oya="0" hai0="103,81,112,86,115,87,123,49,16,129,66,58,113" hai1="69,116,118,48,133,76,37,3,130,75,59,40,14" hai2="102,20,45,73,110,30,18,93,2,52,85,9,8" hai3="107,17,101,10,4,43,1,128,105,111,6,96,33"/><T89/><D123/><U53/><E130/><V83/><F73/><W114/><G114/><T90/><D129/><U25/><E14/><V51/><F110/><W125/><G128/><T44/><D103/><U7/><E133/><V98/><F30/><W104/><G111/><T134/><D134/><U11/><E25/><V84/><F2/><W27/><G125/><T46/><D66/><U0/><E69/><V120/><F120/><W106/><G43/><T13/><D58/><U28/><E28/><V22/><F85/><W80/><G80/><T39/><D39/><U121/><E0/><V55/><F55/><W26/><G6/><T23/><REACH who="0" step="1"/><D49/><REACH who="0" ten="240,250,250,250" step="2"/><U95/><E121/><V5/><F5/><W99/><G101/><T131/><D131/><U42/><E37/><V67/><F67/><W78/><G4/><T94/><AGARI ba="0,1" hai="13,16,23,44,46,81,86,87,89,90,94,112,113,115" machi="94" ten="30,6000,0" yaku="1,1,0,1,54,1,53,0" doraHai="34" doraHaiUra="32" who="0" fromWho="0" sc="240,70,250,-20,250,-20,250,-20" /><INIT seed="0,1,0,1,5,69" ten="310,230,230,230" oya="0" hai0="132,66,54,1,17,45,44,110,59,122,85,115,29" hai1="47,84,23,89,87,19,41,79,11,52,10,13,126" hai2="104,33,125,32,121,72,116,118,113,31,34,96,107" hai3="30,60,93,123,127,76,55,37,36,4,12,39,53"/><T94/><D115/><U42/><E126/><V90/><F121/><W48/><G127/><T28/><D1/><U78/><E87/><V7/><F125/><W25/><G123/><T26/><D122/><U114/><E114/><V74/><F113/><W102/><G76/><N who="1" m="29226" /><E42/><V49/><F31/><W117/><G117/><N who="2" m="45161" /><F7/><W100/><G93/><T8/><D66/><U43/><E23/><V98/><F49/><W24/><G24/><T109/><D132/><U20/><E10/><V75/><F90/><W0/><G0/><T86/><D86/><U9/><E11/><V111/><F111/><N who="0" m="42506" /><D45/><U21/><E43/><V135/><F135/><W65/><G4/><T97/><D44/><U105/><E105/><AGARI ba="1,0" hai="32,33,34,72,74,75,96,98,104,105,107" m="45161" machi="105" ten="50,6400,0" yaku="28,2,12,1" doraHai="69" who="2" fromWho="1" sc="310,0,230,-67,230,67,230,0" /><INIT seed="1,0,0,0,3,20" ten="310,163,297,230" oya="1" hai0="89,69,18,86,71,33,104,91,122,52,99,59,22" hai1="93,126,82,97,42,5,46,41,77,101,118,54,72" hai2="123,109,15,78,2,34,130,129,11,67,23,26,127" hai3="73,133,56,17,47,90,60,107,55,92,108,29,75"/><U121/><E118/><V95/><F123/><W88/><G108/><T43/><D33/><U63/><E121/><V105/><F105/><W53/><G133/><T19/><D122/><U35/><E126/><V112/><F109/><W30/><G107/><T96/><D43/><U12/><E35/><V57/><F78/><W131/><G131/><N who="2" m="50185" /><F95/><W132/><G132/><T85/><D22/><U115/><E115/><V21/><F127/><W4/><G4/><T25/><D104/><U7/><E12/><V36/><F36/><W94/><G17/><T9/><D59/><U98/><E98/><V58/><F2/><W110/><G110/><T119/><D52/><U70/><E70/><V68/><F23/><W74/><G47/><T124/><D124/><U0/><E0/><V113/><F34/><W24/><G55/><T51/><D51/><U65/><E54/><V45/><F45/><W31/><G94/><T62/><D62/><U81/><E82/><V117/><F117/><W40/><G40/><T76/><D119/><U16/><E16/><N who="2" m="12583" /><F68/><W120/><G120/><T6/><D76/><U128/><E128/><V102/><F102/><W80/><G92/><T48/><D6/><U79/><E77/><V3/><F3/><W114/><G114/><N who="2" m="44137" /><F67/><W1/><G1/><T111/><D111/><U106/><E106/><V14/><F14/><W13/><G13/><T84/><D71/><N who="1" m="42431" /><E46/><V64/><F64/><W134/><G134/><T10/><D69/><U103/><E101/><V50/><F50/><W44/><G44/><T66/><D48/><U83/><E81/><V39/><F39/><RYUUKYOKU ba="0,0" sc="310,-15,163,15,297,15,230,-15" hai1="5,7,41,42,72,79,83,93,97,103" hai2="11,15,57,58" /><INIT seed="1,1,0,4,5,39" ten="295,178,312,215" oya="1" hai0="118,82,41,27,30,98,133,103,65,64,9,8,46" hai1="11,80,105,1,7,52,23,109,50,2,13,106,75" hai2="120,15,102,42,100,72,107,92,77,40,111,22,119" hai3="95,26,28,47,45,76,114,124,129,29,74,12,101"/><U66/><E66/><V24/><F120/><W21/><G114/><T123/><D118/><U110/><E75/><V32/><F119/><W83/><G129/><T14/><D123/><U67/><E67/><V63/><F32/><W59/><G124/><T115/><D115/><U128/><E128/><V44/><F107/><W104/><G104/><N who="1" m="40042" /><E80/><V33/><F33/><W36/><G59/><T68/><D133/><U99/><E99/><V10/><F72/><W93/><G29/><T18/><D8/><U31/><E23/><V121/><F77/><W35/><G101/><T130/><D130/><U48/><E31/><V122/><F44/><W54/><G47/><T4/><D4/><U49/><E52/><V135/><F135/><W97/><G97/><T94/><D82/><U0/><E13/><V69/><F22/><W55/><G55/><T38/><D68/><U6/><E11/><V57/><F69/><W37/><G54/><T89/><D103/><U5/><AGARI ba="1,0" hai="0,1,2,5,6,7,48,49,50,109,110" m="40042" machi="5" ten="50,12000,1" yaku="29,2,28,2" doraHai="39" who="1" fromWho="1" sc="295,-41,178,123,312,-41,215,-41" /><INIT seed="1,2,0,1,1,10" ten="254,301,271,174" oya="1" hai0="77,8,26,9,113,49,51,13,117,38,53,83,102" hai1="76,104,11,47,19,30,105,73,95,15,34,91,45" hai2="112,75,37,12,50,70,23,108,35,101,89,60,109" hai3="4,54,43,39,133,135,31,100,121,20,132,61,21"/><U29/><E73/><V2/><F37/><W79/><G121/><T120/><D113/><U128/><E128/><V14/><F35/><W71/><G79/><T122/><D117/><U24/><E76/><V81/><F2/><W1/><G100/><T115/><D115/><U93/><E30/><V42/><F101/><W64/><G54/><T85/><D38/><U116/><E116/><V25/><F112/><W0/><G4/><N who="0" m="3207" /><D9/><U44/><REACH who="1" step="1"/><E95/><REACH who="1" ten="254,291,271,174" step="2"/><V16/><F75/><W90/><G31/><T69/><D77/><U111/><E111/><V7/><F108/><W106/><G135/><T18/><D122/><U103/><E103/><V28/><F109/><W92/><G133/><T6/><D120/><U27/><E27/><V134/><F28/><W58/><G132/><T99/><D26/><U98/><AGARI ba="2,1" hai="11,15,19,24,29,34,44,45,47,91,93,98,104,105" machi="98" ten="30,6000,0" yaku="1,1,0,1,52,1,53,0" doraHai="10" doraHaiUra="46" who="1" fromWho="1" sc="254,-22,291,76,271,-22,174,-22" /><INIT seed="1,3,0,4,1,4" ten="232,367,249,152" oya="1" hai0="127,44,41,135,48,75,98,95,5,93,107,83,111" hai1="125,109,96,51,8,1,132,32,74,67,0,65,17" hai2="122,26,34,90,124,7,54,64,77,2,40,91,131" hai3="52,12,123,61,55,45,133,118,16,18,68,58,76"/><U73/><E32/><V82/><F122/><W110/><G123/><T85/><D75/><U62/><E125/><V37/><F131/><W22/><G110/><T89/><D127/><U46/><E67/><V78/><F124/><W121/><G121/><T112/><D112/><U116/><E116/><V3/><F54/><W105/><G118/><T81/><D107/><U24/><E109/><V36/><F64/><W99/><G133/><T19/><D111/><U6/><E0/><V23/><F34/><W13/><G76/><T29/><D29/><U87/><E87/><V49/><F49/><W53/><G68/><T57/><D5/><U59/><E96/><V43/><F7/><W9/><REACH who="3" step="1"/><G45/><REACH who="3" ten="232,367,249,142" step="2"/><T115/><D135/><U134/><E132/><V27/><F77/><W30/><G30/><T70/><D70/><U72/><E134/><V129/><F78/><W33/><G33/><T28/><D28/><U66/><E46/><V42/><F129/><W79/><G79/><T102/><D115/><U15/><E74/><V50/><F37/><W14/><G14/><T84/><D57/><U114/><E59/><V113/><F36/><W108/><G108/><T130/><D130/><U100/><E73/><V21/><F113/><W104/><G104/><T120/><D120/><U128/><E72/><V117/><F117/><W25/><G25/><T97/><D19/><U80/><E114/><V20/><F3/><W11/><G11/><T47/><D47/><U31/><E1/><V71/><F2/><W60/><G60/><T101/><D101/><AGARI ba="3,1" hai="9,12,13,16,18,22,52,53,55,58,61,99,101,105" machi="101" ten="40,8000,1" yaku="1,1,52,1,54,2,53,0" doraHai="4" doraHaiUra="35" who="3" fromWho="0" sc="232,-89,367,0,249,0,142,99" /><INIT seed="2,0,0,0,3,5" ten="143,367,249,241" oya="2" hai0="86,23,8,118,130,124,81,12,6,56,20,104,123" hai1="16,58,116,29,85,34,67,105,24,84,30,133,100" hai2="1,4,115,120,13,96,88,97,68,93,15,3,91" hai3="98,113,36,37,48,21,135,103,101,69,102,121,41"/><V35/><F120/><W75/><G121/><T26/><D118/><U72/><E116/><V11/><F115/><W51/><G69/><T126/><D123/><U92/><E72/><V65/><F35/><W129/><G75/><T83/><D104/><U18/><E133/><V131/><F131/><W79/><G135/><T82/><D130/><U0/><E0/><V77/><F77/><W125/><G129/><T19/><D86/><U71/><E30/><V117/><F117/><W7/><G79/><T46/><D46/><U53/><E71/><V42/><F42/><W59/><G41/><T38/><D38/><U25/><E67/><V108/><F108/><W95/><G37/><T110/><D110/><U107/><E85/><V111/><F111/><W70/><G70/><T132/><D132/><U61/><E84/><V57/><F68/><W55/><G36/><T109/><D109/><U89/><E100/><V94/><F1/><W28/><G103/><T10/><D56/><U90/><E90/><V32/><F32/><W66/><G102/><T106/><D106/><U2/><E2/><V22/><F22/><W122/><G122/><T33/><D33/><U134/><E134/><V112/><F112/><W114/><G114/><T14/><REACH who="0" step="1"/><D23/><REACH who="0" ten="133,367,249,241" step="2"/><U44/><E34/><V80/><F80/><W119/><G119/><T43/><D43/><U27/><E107/><V49/><F65/><W64/><G64/><T47/><D47/><U60/><E44/><V76/><F76/><W99/><G66/><T52/><D52/><AGARI ba="0,1" hai="3,4,11,13,15,49,52,57,88,91,93,94,96,97" machi="52" ten="40,12000,1" yaku="9,1,52,1,54,2" doraHai="5" who="2" fromWho="0" sc="133,-120,367,0,249,130,241,0" /><INIT seed="2,1,0,2,3,57" ten="13,367,379,241" oya="2" hai0="73,92,120,25,119,94,64,51,61,91,29,2,1" hai1="105,21,66,52,42,18,122,123,82,19,15,75,47" hai2="44,22,36,110,72,60,12,113,83,131,35,87,115" hai3="70,16,8,45,85,126,23,32,89,6,125,43,132"/><V31/><F72/><W10/><G32/><T124/><D120/><N who="1" m="46123" /><E105/><V17/><F131/><W39/><G70/><T34/><D124/><N who="3" m="47721" /><G6/><T98/><D119/><U3/><E3/><V55/><F110/><W100/><G100/><T59/><D73/><U118/><E118/><V76/><F36/><W5/><G5/><T30/><D30/><U62/><E52/><V111/><F111/><W121/><G132/><T77/><D77/><N who="1" m="44351" /><E21/><V7/><F7/><W84/><G121/><T95/><D95/><U26/><E15/><V81/><F81/><N who="3" m="49295" /><G85/><T0/><D0/><U9/><E9/><V96/><F96/><W134/><G134/><T106/><D106/><U68/><E26/><AGARI ba="1,0" hai="8,10,16,23,26,39,43,45" m="49295,47721" machi="26" ten="30,2000,0" yaku="18,1,54,1" doraHai="57" who="3" fromWho="1" sc="13,0,367,-23,379,0,241,23" /><INIT seed="3,0,0,3,1,113" ten="13,344,379,264" oya="3" hai0="64,104,66,82,103,52,79,111,41,44,50,84,14" hai1="120,56,35,32,85,90,122,116,98,4,58,30,26" hai2="75,11,97,67,83,37,89,93,87,106,73,2,28" hai3="102,63,48,22,108,132,77,17,13,117,119,118,76"/><W19/><G132/><T134/><D134/><U72/><E72/><V81/><F37/><W91/><G108/><T70/><D111/><U123/><E35/><V23/><F106/><W24/><G102/><T133/><D133/><U39/><E39/><V15/><F2/><W115/><G115/><T47/><D70/><U49/><E4/><N who="2" m="3559" /><F75/><W100/><G100/><T27/><D27/><U127/><E127/><V96/><F73/><W3/><G3/><T135/><D135/><U10/><E10/><V78/><F67/><W31/><G63/><T99/><D99/><N who="2" m="37962" /><F78/><W16/><G91/><T36/><D36/><U101/><E49/><V42/><F42/><W57/><REACH who="3" step="1"/><G13/><REACH who="3" ten="13,344,379,254" step="2"/><T33/><D33/><U80/><REACH who="1" step="1"/><E116/><REACH who="1" ten="13,334,379,254" step="2"/><V112/><F112/><W7/><G7/><T126/><D126/><U46/><E46/><V68/><F68/><W94/><G94/><AGARI ba="0,2" hai="26,30,32,56,58,80,85,90,94,98,101,120,122,123" machi="94" ten="40,2600,0" yaku="1,1,53,1" doraHai="113" doraHaiUra="88" who="1" fromWho="3" sc="13,0,334,46,379,0,254,-26" owari="13,-48.7,380,48.0,379,17.9,228,-17.2" /></mjloggm>