<mjloggm ver="2.3"><GO type="225" lobby="0"/><UN n0="%E3%81%A4%E3%81%A3%E3%81%B1%E3%82%8A%E3%83%9D%E3%83%BC%E3%83%AB" n1="%E6%A5%93%E4%BB%8B" n2="%E9%B7%B9%E5%80%89%E6%9D%8F%E9%88%B4" n3="%E9%B3%B3%E6%9D%B1%E3%81%AE%E3%81%86%E3%81%95%E3%81%8E%E3%81%95%E3%82%93" dan="17,16,16,17" rate="2167.65,2096.39,2122.43,2187.15" sx="M,M,F,M"/><TAIKYOKU oya="0"/><INIT seed="0,0,0,0,0,74" ten="250,250,250,250" oya="0" hai0="123,98,37,35,15,46,56,91,32,125,23,88,41" hai1="4,44,120,116,129,58,39,55,105,66,78,94,104" hai2="90,53,115,50,49,71,73,109,64,70,22,124,47" hai3="60,18,2,114,34,52,38,45,103,3,80,42,10"/><T75/><D123/><U57/><E116/><V92/><F115/><W20/><G114/><T101/><D125/><U8/><E129/><V93/><F124/><W72/><G34/><T131/><D131/><U127/><E120/><V29/><F109/><W106/><G10/><T54/><D75/><U126/><E105/><V85/><F73/><W28/><G28/><T25/><D15/><U108/><E104/><V67/><F71/><W36/><G36/><T99/><D35/><U83/><E108/><V65/><F70/><W63/><G103/><T19/><D32/><U77/><E94/><V12/><F50/><W112/><G106/><T69/><D69/><U13/><E83/><V14/><REACH who="2" step="1"/><F93/><REACH who="2" ten="250,250,240,250" step="2"/><W33/><G72/><T107/><REACH who="0" step="1"/><D99/><REACH who="0" ten="240,250,240,250" step="2"/><U1/><E127/><V76/><F76/><N who="1" m="29289" /><E126/><V27/><AGARI ba="0,2" hai="12,14,22,27,29,47,49,53,64,65,67,85,90,92" machi="27" ten="30,4000,0" yaku="1,1,0,1,8,1,53,0" doraHai="74" doraHaiUra="130" who="2" fromWho="2" sc="240,-20,250,-10,240,60,250,-10" /><INIT seed="1,0,0,0,0,57" ten="220,240,300,240" oya="1" hai0="135,8,117,96,45,103,93,130,73,64,85,0,81" hai1="28,59,80,1,124,34,6,20,79,100,77,113,11" hai2="27,88,60,92,105,15,91,94,127,51,66,16,84" hai3="121,26,5,115,46,56,18,107,65,52,71,95,109"/><U78/><E124/><V17/><F127/><W99/><G121/><T129/><D117/><U55/><E113/><V131/><F105/><W42/><G115/><T31/><D135/><U2/><E100/><V133/><F133/><W37/><G109/><T3/><D73/><U106/><E106/><V4/><F131/><N who="0" m="50186" /><D31/><U112/><E112/><V102/><F102/><W49/><G107/><T30/><D30/><U110/><E110/><V101/><F101/><W48/><G5/><T24/><D24/><U68/><E68/><V98/><F51/><N who="3" m="30751" /><G18/><T53/><D64/><U7/><E34/><V123/><F123/><W36/><G26/><T35/><D8/><U108/><E108/><V120/><F120/><W44/><G95/><T90/><D35/><U10/><E20/><V134/><F134/><W33/><G99/><T83/><D83/><U126/><E28/><V25/><F4/><W61/><G33/><T86/><D86/><U70/><E70/><V89/><F89/><W132/><G132/><T32/><D32/><U62/><REACH who="1" step="1"/><E126/><REACH who="1" ten="220,230,300,240" step="2"/><V82/><F27/><W12/><G12/><T47/><D47/><U13/><E13/><V69/><F25/><W128/><G128/><T21/><D21/><U72/><AGARI ba="0,1" hai="1,2,6,7,10,11,55,59,62,72,77,78,79,80" machi="72" ten="20,12000,1" yaku="1,1,0,1,7,1,9,1,52,1,53,0" doraHai="57" doraHaiUra="29" who="1" fromWho="1" sc="220,-40,230,130,300,-40,240,-40" /><INIT seed="1,1,0,0,1,34" ten="180,360,260,200" oya="1" hai0="57,22,26,90,42,66,92,88,29,53,18,49,3" hai1="61,50,131,132,48,128,20,7,39,27,125,113,97" hai2="103,130,76,16,8,51,79,1,84,10,41,54,109" hai3="4,106,58,105,83,107,45,70,32,28,9,115,37"/><U98/><E113/><V65/><F65/><W117/><G115/><T47/><D3/><U86/><E39/><V93/><F41/><N who="3" m="22703" /><G58/><T60/><D29/><U74/><E74/><V13/><F109/><W101/><G117/><T6/><D6/><U127/><E86/><V94/><F130/><N who="1" m="49705" /><E61/><V111/><F111/><W108/><G108/><T100/><REACH who="0" step="1"/><D66/><REACH who="0" ten="170,360,260,200" step="2"/><U114/><E7/><V102/><F1/><W71/><G28/><T69/><D69/><U129/><E129/><V95/><F8/><W52/><G70/><T36/><D36/><U63/><E114/><V81/><REACH who="2" step="1"/><F76/><REACH who="2" ten="170,360,250,200" step="2"/><W91/><G9/><T82/><D82/><U135/><E135/><V15/><F15/><W119/><G83/><T118/><D118/><U17/><E132/><V21/><F21/><W72/><G119/><T96/><AGARI ba="1,2" hai="18,22,26,42,47,49,53,57,60,88,90,92,96,100" machi="96" ten="30,7900,0" yaku="1,1,0,1,8,1,54,1,53,0" doraHai="34" doraHaiUra="124" who="0" fromWho="0" sc="170,102,360,-40,250,-21,200,-21" /><INIT seed="2,0,0,2,0,19" ten="272,320,229,179" oya="2" hai0="126,97,82,69,71,100,91,79,30,114,21,111,0" hai1="10,130,117,83,41,96,31,122,39,108,48,78,65" hai2="113,61,131,43,26,132,90,73,106,64,42,25,35" hai3="76,124,102,23,103,14,53,105,107,101,47,87,29"/><V60/><F113/><W15/><G124/><T67/><D114/><U92/><E117/><V57/><F73/><W77/><G107/><T8/><D126/><U95/><E39/><V116/><F116/><W7/><G105/><T50/><D111/><U112/><E108/><V94/><F106/><W123/><G123/><T104/><D67/><U24/><E112/><V27/><F132/><W127/><G127/><T36/><D36/><U40/><E130/><V34/><F131/><W81/><G77/><T129/><D129/><U13/><E65/><V115/><F115/><W121/><G121/><T4/><D91/><U16/><E122/><V110/><F110/><W109/><G109/><T58/><D58/><U84/><E48/><V88/><F60/><W72/><G72/><T68/><D50/><U46/><E46/><V1/><F1/><W70/><G70/><T56/><D56/><U12/><E12/><V17/><F17/><W128/><G128/><T11/><D11/><U89/><E95/><V5/><F5/><W51/><REACH who="3" step="1"/><G7/><REACH who="3" ten="272,320,229,169" step="2"/><T66/><D71/><U3/><E3/><V75/><F75/><W2/><G2/><T54/><D69/><U118/><E118/><V133/><F133/><W99/><G99/><T120/><D97/><U32/><AGARI ba="0,1" hai="10,13,16,24,31,32,40,41,78,83,84,89,92,96" machi="32" ten="20,2700,0" yaku="0,1,7,1,54,1" doraHai="19" who="1" fromWho="1" sc="272,-7,320,37,229,-13,169,-7" /><INIT seed="3,0,0,0,5,65" ten="265,357,216,162" oya="3" hai0="21,39,94,53,16,131,83,123,7,93,77,3,87" hai1="22,74,135,107,0,133,114,132,13,25,108,5,31" hai2="101,15,96,4,43,51,29,18,54,79,11,64,134" hai3="61,57,72,104,85,130,70,112,14,47,98,84,42"/><W28/><G112/><T117/><D123/><U109/><E107/><V92/><F134/><W81/><G130/><T56/><D39/><U120/><E74/><V115/><F115/><W9/><G28/><T12/><D117/><U44/><E114/><V23/><F64/><W8/><G72/><T125/><D125/><U33/><E120/><V17/><F79/><W126/><G126/><T68/><D68/><U99/><E99/><V37/><F43/><W105/><G70/><T55/><D55/><U76/><E76/><V50/><F37/><W27/><G27/><N who="0" m="14759" /><D3/><U97/><E97/><V88/><F101/><W118/><G118/><T45/><D45/><U58/><E58/><N who="2" m="33111" /><F51/><N who="3" m="27127" /><G104/><T111/><D111/><N who="1" m="42571" /><E44/><V32/><F32/><W121/><G105/><T80/><D80/><U66/><E66/><V19/><F29/><W49/><G121/><T40/><D40/><U95/><E95/><V113/><F113/><W78/><G49/><N who="0" m="30767" /><D131/><U62/><E62/><V71/><F71/><W59/><G59/><T91/><D77/><U30/><E0/><V119/><F119/><W127/><G127/><T34/><D34/><U46/><E46/><V48/><F48/><W90/><G14/><AGARI ba="0,0" hai="4,11,14,15,17,18,19,23,88,92,96" m="33111" machi="14" ten="30,2000,0" yaku="8,1,54,1" doraHai="65" who="2" fromWho="3" sc="265,0,357,0,216,20,162,-20" owari="265,6.5,357,45.7,236,-16.4,142,-35.8" /></mjloggm>