<mjloggm ver="2.3"><GO type="225" lobby="0"/><UN n0="%72%69%6F%75%63%68%61%6E" n1="%E3%81%8B%E3%82%8F%E3%81%A1%E3%82%83%E3%82%93%35%38" n2="%E5%82%8D%E8%8B%A5%E7%84%A1%E4%BA%BA%35%31" n3="%E3%80%90%E3%83%88%E3%83%AA%E3%83%A5%E3%83%95%E3%80%91" dan="16,16,16,16" rate="2106.41,2150.44,2158.93,2051.93" sx="M,M,M,M"/><TAIKYOKU oya="0"/><INIT seed="0,0,0,5,1,125" ten="250,250,250,250" oya="0" hai0="20,29,46,80,101,93,108,77,25,33,10,96,75" hai1="50,17,124,131,105,30,72,111,82,37,5,15,3" hai2="59,122,52,1,103,115,34,113,134,106,94,99,35" hai3="79,129,97,104,66,61,118,100,86,51,42,62,130"/><T127/><D108/><U133/><E37/><V88/><F134/><W84/><G118/><T14/><D127/><U48/><E105/><V12/><F1/><W109/><G109/><T22/><REACH who="0" step="1"/><D46/><REACH who="0" ten="240,250,250,250" step="2"/><U23/><E124/><V16/><F122/><W117/><G117/><T40/><D40/><U13/><E111/><V67/><F115/><W55/><G42/><T87/><D87/><N who="3" m="33321" /><G66/><T58/><D58/><U32/><E133/><V74/><F74/><W91/><G79/><T38/><D38/><U78/><E78/><V43/><F113/><W102/><G102/><T4/><AGARI ba="0,1" hai="4,10,14,20,22,25,29,33,75,77,80,93,96,101" machi="4" ten="20,3900,0" yaku="1,1,0,1,7,1,53,0" doraHai="125" doraHaiUra="39" who="0" fromWho="0" sc="240,49,250,-13,250,-13,250,-13" /><INIT seed="0,1,0,3,5,107" ten="289,237,237,237" oya="0" hai0="35,5,64,28,3,133,68,23,126,120,91,56,8" hai1="111,6,116,19,63,4,108,129,11,54,1,65,122" hai2="73,16,102,29,31,17,46,43,49,130,44,110,59" hai3="121,15,34,98,101,60,90,48,66,92,12,97,39"/><T127/><D120/><U51/><E116/><V78/><F110/><N who="1" m="42025" /><E122/><V74/><F130/><W93/><G39/><T77/><D133/><U106/><E106/><V134/><F78/><W26/><G48/><T124/><D68/><N who="1" m="42047" /><E129/><V125/><F102/><W32/><G121/><T82/><D35/><U72/><E72/><V83/><F83/><W112/><G112/><T132/><D132/><U103/><E103/><V22/><F134/><W104/><G93/><T53/><D64/><U131/><E131/><V25/><F125/><W45/><G45/><T84/><D28/><U96/><E96/><V95/><F95/><W79/><G79/><T76/><REACH who="0" step="1"/><D23/><REACH who="0" ten="279,237,237,237" step="2"/><U61/><E61/><AGARI ba="1,1" hai="3,5,8,53,56,61,76,77,82,84,91,124,126,127" machi="61" ten="40,7700,0" yaku="1,1,2,1,18,1,53,0" doraHai="107" doraHaiUra="100" who="0" fromWho="1" sc="279,90,237,-80,237,0,237,0" /><INIT seed="0,2,0,2,0,77" ten="369,157,237,237" oya="0" hai0="61,14,51,53,83,48,1,37,35,69,65,49,99" hai1="33,45,60,39,116,67,88,123,38,23,42,87,85" hai2="32,131,122,46,68,105,4,16,58,104,130,102,95" hai3="112,132,72,96,120,24,52,27,21,9,82,71,94"/><T90/><D1/><U31/><E116/><V108/><F108/><W114/><G71/><T66/><D37/><U55/><E123/><V54/><F68/><W8/><G120/><T50/><D35/><U115/><E115/><V74/><F4/><W89/><G132/><T29/><D29/><U44/><E33/><V79/><F46/><W78/><G27/><T11/><D65/><U128/><E128/><N who="2" m="49195" /><F32/><W13/><G52/><T113/><D113/><U84/><E23/><V135/><F135/><W3/><G3/><T75/><D99/><U7/><E7/><V47/><F47/><W64/><G64/><T98/><D98/><U127/><E127/><V129/><F95/><W81/><G81/><T40/><D40/><U41/><E31/><V106/><F102/><W20/><G20/><T125/><D125/><U34/><E55/><V109/><F109/><W30/><REACH who="3" step="1"/><G8/><REACH who="3" ten="369,157,237,227" step="2"/><T28/><D53/><U103/><E34/><V134/><F134/><W6/><AGARI ba="2,1" hai="6,9,13,21,24,30,72,78,82,89,94,96,112,114" machi="6" ten="20,8000,1" yaku="1,1,2,1,0,1,7,1,52,1,53,0" doraHai="77" doraHaiUra="100" who="3" fromWho="3" sc="369,-42,157,-22,237,-22,227,96" /><INIT seed="1,0,0,1,2,11" ten="327,135,215,323" oya="1" hai0="109,17,94,88,5,107,112,68,125,91,89,50,85" hai1="38,130,34,114,8,26,63,121,3,56,65,28,52" hai2="81,1,0,58,45,106,61,22,117,72,93,46,47" hai3="42,134,105,135,119,129,67,96,62,6,66,75,104"/><U80/><E114/><V69/><F117/><W43/><G119/><T53/><D109/><U33/><E121/><V131/><F131/><W57/><G75/><T99/><D112/><U133/><E130/><V7/><F106/><W39/><G129/><T84/><D125/><U59/><E133/><N who="3" m="50698" /><G67/><T83/><D68/><U76/><E38/><V97/><F69/><W15/><G105/><T49/><D5/><U48/><E8/><V95/><F7/><W19/><G6/><T25/><D107/><U44/><E3/><V70/><F70/><W118/><G118/><T10/><D53/><U126/><E126/><V100/><F95/><W73/><G73/><T74/><D74/><U122/><E122/><V110/><F110/><W132/><G39/><T32/><D32/><U9/><E9/><V102/><F100/><N who="3" m="62471" /><G132/><T12/><D25/><U36/><E33/><V127/><F127/><W31/><G31/><T29/><D29/><U113/><E113/><V23/><F81/><AGARI ba="0,0" hai="10,12,17,49,50,81,83,84,85,88,89,91,94,99" machi="81" ten="30,8000,1" yaku="7,1,9,1,8,1,52,1,54,1" doraHai="11" who="0" fromWho="2" sc="327,80,135,0,215,-80,323,0" /><INIT seed="2,0,0,5,0,62" ten="407,135,135,323" oya="2" hai0="31,20,127,92,39,121,7,103,111,6,1,96,55" hai1="113,34,134,101,82,16,21,42,54,81,58,47,104" hai2="68,67,30,132,106,133,11,49,69,60,17,125,115" hai3="64,112,37,97,3,66,51,32,131,41,99,33,118"/><V53/><F115/><W135/><G118/><T80/><D121/><U25/><E113/><V100/><F125/><W89/><G112/><T26/><D39/><U48/><E134/><N who="2" m="51819" /><F30/><W36/><G3/><T38/><D111/><U88/><E34/><N who="3" m="13418" /><G89/><T86/><D1/><U128/><E128/><V85/><F85/><W74/><G135/><T71/><D127/><U2/><E2/><V65/><F100/><W126/><G74/><T9/><D38/><N who="3" m="14953" /><G51/><T0/><D71/><N who="2" m="27210" /><F106/><W29/><G29/><T15/><D55/><U52/><E104/><V75/><F75/><W27/><G126/><T46/><D46/><U119/><E101/><V59/><F49/><W14/><G14/><AGARI ba="0,0" hai="11,14,17,53,59,60,65,67" m="27210,51819" machi="14" ten="30,5800,0" yaku="20,1,52,2" doraHai="62" who="2" fromWho="3" sc="407,0,135,0,135,58,323,-58" /><INIT seed="2,1,0,3,5,14" ten="407,135,193,265" oya="2" hai0="54,122,37,0,82,8,110,10,40,100,47,27,66" hai1="124,29,45,16,12,131,62,50,125,135,33,107,23" hai2="17,60,5,78,59,118,112,38,52,129,76,86,89" hai3="30,94,130,81,116,24,106,7,120,87,83,96,13"/><V22/><F112/><W70/><G70/><T67/><D110/><U44/><E107/><V1/><F118/><W103/><G120/><T36/><D122/><U126/><E135/><V119/><F119/><W51/><G130/><T57/><D36/><U53/><E131/><V55/><F38/><W31/><G106/><T92/><D27/><N who="1" m="18623" /><E62/><V84/><F1/><W25/><G116/><T39/><D37/><U26/><E12/><N who="2" m="9511" /><F5/><W28/><G51/><N who="0" m="27111" /><D0/><U123/><E123/><V114/><F114/><W48/><G48/><N who="0" m="30919" /><D39/><U6/><E6/><V101/><F101/><W88/><G81/><T19/><D82/><U121/><E121/><V20/><F129/><W111/><G111/><T35/><D35/><U109/><E109/><V102/><F102/><W113/><G113/><T41/><D41/><U69/><E69/><V64/><F20/><W3/><G3/><T75/><D75/><U133/><E133/><V46/><F46/><AGARI ba="1,0" hai="16,23,26,44,45,46,50,53,124,125,126" m="18623" machi="46" ten="30,3900,0" yaku="18,1,52,1,54,1" doraHai="14" who="1" fromWho="2" sc="407,0,135,42,193,-42,265,0" /><INIT seed="3,0,0,5,2,135" ten="407,177,151,265" oya="3" hai0="33,16,105,124,98,20,107,49,65,85,132,1,48" hai1="73,126,40,69,11,9,47,14,133,106,131,55,111" hai2="7,50,128,63,68,61,36,39,101,18,74,129,30" hai3="108,4,58,102,70,78,89,118,84,117,54,109,103"/><W116/><G70/><T17/><D124/><U3/><E106/><V10/><F74/><W100/><G4/><T114/><D33/><U37/><E73/><V64/><F18/><W15/><G15/><T38/><D38/><U42/><E69/><V97/><F50/><W34/><G78/><T120/><D1/><U113/><E42/><V92/><F61/><W88/><G34/><T27/><D120/><U75/><E75/><V83/><F83/><N who="3" m="49183" /><G54/><T96/><D132/><U46/><E55/><V52/><F30/><W112/><G112/><T130/><D114/><U71/><E71/><V115/><F115/><W23/><G23/><T76/><D65/><U57/><E14/><V72/><F72/><W28/><G58/><T60/><D60/><U104/><E3/><V134/><F134/><W12/><G12/><T51/><D17/><U119/><E133/><V8/><F8/><W82/><G28/><T35/><D35/><U123/><E9/><V19/><F19/><W67/><G67/><T5/><D5/><U59/><E11/><V81/><F81/><W32/><G32/><T93/><D76/><U24/><E113/><V125/><F125/><W41/><G41/><T26/><D16/><U62/><E126/><V127/><F127/><W6/><G6/><T77/><D77/><U25/><E25/><V43/><F52/><W87/><AGARI ba="0,0" hai="82,87,89,100,102,103,108,109,116,117,118" m="49183" machi="87" ten="40,7800,0" yaku="34,2,54,1" doraHai="135" who="3" fromWho="3" sc="407,-26,177,-26,151,-26,265,78" /><INIT seed="3,1,0,1,4,66" ten="381,151,125,343" oya="3" hai0="130,5,13,81,16,78,7,105,6,111,9,23,45" hai1="20,56,92,135,27,134,47,124,82,40,109,60,95" hai2="87,126,29,14,1,68,25,77,8,103,96,75,86" hai3="120,91,26,28,61,98,110,99,93,42,79,39,30"/><W65/><G120/><T32/><D32/><U55/><E109/><V106/><F126/><W100/><G110/><T37/><D111/><U63/><E124/><V41/><F1/><W58/><G79/><T57/><D105/><U38/><E82/><V46/><F68/><W19/><G39/><T84/><D130/><U2/><E63/><V102/><F103/><W67/><G67/><T70/><D70/><U22/><E2/><V85/><F75/><W80/><G42/><T69/><D69/><U94/><REACH who="1" step="1"/><E20/><REACH who="1" ten="381,141,125,343" step="2"/><V49/><F77/><W128/><G80/><T12/><D23/><U3/><E3/><V131/><F131/><W88/><G128/><T115/><D81/><U71/><E71/><V101/><F101/><W48/><G48/><T127/><D127/><U122/><E122/><V119/><F119/><W52/><G65/><T116/><D116/><U50/><E50/><V4/><REACH who="2" step="1"/><F86/><REACH who="2" ten="381,141,115,343" step="2"/><W118/><G118/><T108/><D84/><U31/><AGARI ba="1,2" hai="22,27,31,38,40,47,55,56,60,92,94,95,134,135" machi="31" ten="30,2000,0" yaku="1,1,0,1,53,0" doraHai="66" doraHaiUra="125" who="1" fromWho="1" sc="381,-6,141,43,115,-6,343,-11" owari="375,47.5,184,-21.6,109,-39.1,332,13.2" /></mjloggm>