<mjloggm ver="2.3"><GO type="225" lobby="0"/><UN n0="%E9%A6%AC%E5%BC%95%E7%81%AB%33" n1="%E5%85%83%E3%82%AB%E3%83%8E%E7%B3%BB%E3%83%92%E3%83%AD%E3%82%A4%E3%83%B3" n2="%E6%9C%88%E5%B3%B6%E5%9F%BA" n3="%E6%A1%9C%E8%8A%B1%E9%96%83%E3%80%85" dan="16,16,16,16" rate="2142.79,2110.12,2109.16,2100.70" sx="M,M,M,M"/><TAIKYOKU oya="0"/><INIT seed="0,0,0,4,3,52" ten="250,250,250,250" oya="0" hai0="43,26,47,107,39,0,51,56,121,98,15,16,23" hai1="67,70,94,22,81,48,101,120,134,130,65,4,33" hai2="108,116,132,31,5,100,128,36,50,118,93,99,89" hai3="75,38,55,46,112,63,126,14,80,78,20,27,131"/><T97/><D121/><U11/><E33/><V19/><F36/><W85/><G112/><T53/><D0/><U127/><E120/><V54/><F108/><W95/><G131/><T59/><D107/><U21/><E130/><V32/><F128/><W6/><G126/><T66/><REACH who="0" step="1"/><D15/><REACH who="0" ten="240,250,250,250" step="2"/><U28/><E127/><V92/><F118/><W45/><G14/><T110/><D110/><U115/><E115/><V122/><F116/><W42/><G6/><T41/><D41/><U12/><E12/><V62/><F5/><W25/><G42/><T49/><D49/><U2/><E4/><V119/><F50/><W102/><G38/><T61/><AGARI ba="0,1" hai="16,23,26,39,43,47,51,53,56,59,61,66,97,98" machi="61" ten="30,12000,1" yaku="1,1,0,1,52,2,54,1,53,0" doraHai="52" doraHaiUra="1" who="0" fromWho="0" sc="240,130,250,-40,250,-40,250,-40" /><INIT seed="0,1,0,0,4,22" ten="370,210,210,210" oya="0" hai0="12,73,37,38,63,19,41,11,30,66,17,80,62" hai1="61,100,56,21,110,119,9,31,117,0,103,20,34" hai2="29,75,32,68,116,134,101,65,91,122,131,121,10" hai3="46,98,72,71,125,8,92,128,135,85,47,49,15"/><T35/><D41/><U44/><E34/><V64/><F75/><W1/><G72/><T4/><D19/><U129/><E110/><V104/><F131/><W115/><G115/><T48/><D48/><U107/><E129/><V77/><F77/><W79/><G128/><T99/><D99/><U90/><E44/><V105/><F134/><W106/><G1/><T86/><D73/><U27/><E90/><V89/><F116/><W130/><G130/><T54/><D54/><U6/><E20/><V114/><F114/><W88/><G125/><T33/><D38/><U18/><E18/><V36/><F36/><W94/><G106/><T26/><D37/><U39/><E39/><V95/><F32/><W28/><G71/><T102/><D102/><U83/><E83/><V58/><F68/><W67/><G67/><T52/><D35/><U87/><E87/><V7/><F101/><N who="3" m="60615" /><G135/><T112/><D112/><U70/><E70/><V5/><F95/><W69/><G69/><T113/><D66/><U14/><E0/><V109/><F109/><W25/><G49/><T43/><D113/><U60/><E60/><V118/><F118/><N who="1" m="45065" /><E107/><V84/><F84/><W16/><G79/><T40/><D63/><U108/><E108/><V42/><F105/><W111/><G111/><T57/><REACH who="0" step="1"/><D17/><REACH who="0" ten="360,210,210,210" step="2"/><U96/><E96/><V3/><F65/><W76/><G85/><T120/><D120/><U93/><E93/><V127/><F122/><W13/><G94/><T132/><D132/><U2/><E2/><V97/><F121/><W50/><G50/><T51/><D51/><U82/><E82/><RYUUKYOKU ba="1,1" sc="360,15,210,15,210,-15,210,-15" hai0="4,11,12,26,30,33,40,43,52,57,62,80,86" hai1="6,9,14,21,27,31,56,61,100,103" /><INIT seed="0,2,1,2,1,89" ten="375,225,195,195" oya="0" hai0="124,105,121,76,125,4,123,31,40,92,91,59,5" hai1="18,72,3,42,49,16,65,78,129,24,110,61,52" hai2="130,117,9,37,20,71,126,127,106,66,135,97,94" hai3="14,134,7,128,88,101,74,90,45,96,0,102,114"/><T95/><D105/><U87/><E72/><V107/><F37/><W30/><G114/><T118/><D118/><U119/><E119/><V99/><F117/><W79/><G0/><T53/><D76/><U8/><E110/><V28/><F130/><W32/><G128/><T57/><D40/><U19/><E129/><V35/><F35/><W100/><G134/><T109/><D31/><U83/><E42/><V38/><F38/><W122/><G45/><T75/><D75/><U115/><E115/><V44/><F44/><W23/><G32/><T108/><D91/><N who="3" m="34857" /><G74/><T69/><D53/><U70/><E24/><V67/><F107/><W47/><G47/><T13/><D13/><U82/><E82/><V133/><F106/><W48/><G48/><T46/><D46/><U33/><E33/><V15/><F133/><W29/><G122/><T56/><D56/><U55/><REACH who="1" step="1"/><E49/><REACH who="1" ten="375,215,195,195" step="2"/><V11/><F135/><W6/><G96/><T26/><D26/><U111/><E111/><V22/><F99/><W41/><G41/><T10/><D123/><U25/><E25/><V34/><F97/><W2/><G30/><T64/><D121/><U113/><E113/><V84/><F28/><W60/><G29/><T116/><D116/><U132/><E132/><V51/><F34/><W36/><G36/><T1/><D109/><U131/><E131/><V81/><F51/><W86/><G86/><T104/><D108/><U17/><N who="1" m="4096" /><DORA hai="93" /><U58/><E58/><V103/><F84/><W27/><G27/><T120/><D120/><U68/><E68/><V63/><F71/><W77/><G23/><RYUUKYOKU ba="2,2" sc="375,-10,215,30,195,-10,195,-10" hai1="3,8,52,55,61,65,70,78,83,87" /><INIT seed="1,3,2,3,1,120" ten="365,245,185,185" oya="1" hai0="133,110,11,135,4,131,84,15,126,89,36,67,56" hai1="44,1,116,18,71,90,50,46,119,93,48,14,8" hai2="60,65,99,34,9,64,22,92,113,112,0,94,129" hai3="66,27,134,127,78,33,83,16,43,75,101,86,6"/><U100/><E71/><V39/><F34/><W82/><G127/><T30/><D110/><U21/><E100/><N who="2" m="60519" /><F129/><W81/><G134/><N who="0" m="51211" /><D126/><U61/><E61/><V17/><F39/><W104/><G6/><T63/><D131/><U125/><E125/><V80/><F94/><W69/><G43/><T42/><D30/><U29/><E1/><V28/><F28/><N who="3" m="19615" /><G16/><T53/><D53/><U79/><E79/><V70/><F65/><W7/><G7/><T102/><D102/><U95/><E116/><V20/><F80/><W13/><G13/><T40/><D36/><U32/><E119/><V3/><F9/><W85/><G75/><T2/><D2/><N who="2" m="554" /><F17/><W76/><G76/><T23/><D23/><U38/><E32/><V31/><F31/><W72/><G72/><T97/><D97/><U51/><E38/><V118/><F118/><W109/><G78/><T47/><D47/><N who="1" m="17963" /><E90/><V58/><F70/><W74/><G74/><T59/><D59/><U52/><E52/><V122/><F122/><W77/><G77/><T115/><D115/><AGARI ba="3,2" hai="20,22,58,60,64,112,113,115" m="554,60519" machi="115" ten="30,1000,0" yaku="11,1" doraHai="120" who="2" fromWho="0" sc="365,-19,245,0,185,39,185,0" /><INIT seed="2,0,0,0,4,130" ten="346,245,224,185" oya="2" hai0="42,67,9,77,85,90,106,70,50,39,93,6,63" hai1="59,94,68,57,43,108,31,49,10,105,110,16,98" hai2="14,115,58,2,79,135,95,100,45,62,112,74,72" hai3="21,99,132,46,84,26,104,76,65,32,121,54,118"/><V56/><F2/><W107/><G118/><T0/><D106/><U114/><E68/><V73/><F79/><W96/><G121/><T29/><D39/><U34/><E114/><V19/><F45/><W4/><G32/><T87/><D29/><U111/><E105/><V61/><F135/><W91/><G65/><T13/><D0/><U133/><E133/><V122/><F122/><W37/><G132/><T12/><D12/><N who="1" m="7191" /><E43/><V52/><F95/><N who="3" m="54759" /><G37/><T89/><D77/><U20/><E34/><V127/><F100/><W8/><G107/><T17/><D17/><U38/><E49/><V71/><F127/><W7/><G104/><T64/><D64/><U23/><E38/><V30/><F30/><N who="3" m="17743" /><G76/><T60/><D60/><U83/><E83/><V24/><F24/><W11/><G11/><T82/><D50/><U102/><E20/><V75/><F71/><W51/><G8/><T124/><D42/><U113/><E113/><V131/><F131/><W129/><G129/><T120/><D120/><U36/><E36/><V109/><F75/><W101/><G101/><T41/><D41/><U86/><E86/><V5/><F115/><W81/><G81/><T48/><D48/><U103/><E103/><V69/><F69/><W134/><G134/><T78/><D124/><U25/><AGARI ba="0,0" hai="23,25,31,57,59,94,98,102,108,110,111" m="7191" machi="25" ten="40,2700,0" yaku="14,1,54,1" doraHai="130" who="1" fromWho="1" sc="346,-7,245,27,224,-13,185,-7" /><INIT seed="3,0,0,0,3,24" ten="339,272,211,178" oya="3" hai0="121,23,118,80,84,6,52,4,105,31,21,81,16" hai1="55,94,107,45,102,116,134,71,122,14,62,104,63" hai2="82,83,128,18,57,1,36,44,15,8,17,115,65" hai3="54,67,51,64,5,95,113,60,61,39,7,30,103"/><W26/><G113/><T85/><D105/><U56/><E122/><V46/><F115/><W10/><G39/><T91/><D118/><U126/><E116/><V132/><F1/><W34/><G103/><T131/><D131/><U59/><E71/><V135/><F128/><W120/><G120/><T40/><D40/><U28/><E134/><N who="2" m="51243" /><F18/><W90/><G61/><T78/><D121/><U101/><E126/><V2/><F2/><W73/><G73/><T111/><D111/><U97/><E45/><N who="2" m="17515" /><F36/><W106/><G106/><T112/><D112/><U72/><E72/><V12/><F12/><W92/><G92/><T108/><D108/><U38/><E38/><V37/><F37/><W79/><G79/><T50/><D31/><U66/><E14/><V100/><F100/><W76/><G76/><T93/><D81/><U22/><E101/><V110/><F110/><W70/><G64/><T68/><D68/><U119/><E119/><V47/><N who="2" m="17523" /><V58/><DORA hai="13" /><F65/><W35/><G35/><T88/><D78/><U133/><E133/><V96/><F96/><W99/><REACH who="3" step="1"/><G10/><REACH who="3" ten="339,272,211,168" step="2"/><T29/><D93/><U42/><E42/><V127/><F127/><W114/><G114/><T75/><D75/><U27/><AGARI ba="0,1" hai="22,27,28,55,56,59,62,63,66,94,97,102,104,107" machi="27" ten="30,7900,0" yaku="0,1,25,2,52,1" doraHai="24,13" who="1" fromWho="1" sc="339,-20,272,89,211,-20,168,-39" owari="319,11.9,361,46.1,191,-20.9,129,-37.1" /></mjloggm>