<mjloggm ver="2.3"><GO type="225" lobby="0"/><UN n0="%E6%A1%9C%E8%8A%B1%E9%96%83%E3%80%85" n1="%E3%81%A4%E3%81%A3%E3%81%B1%E3%82%8A%E3%83%9D%E3%83%BC%E3%83%AB" n2="%E3%81%8B%E3%82%8F%E3%81%A1%E3%82%83%E3%82%93%35%38" n3="%E3%82%8F%E3%81%8B%E3%81%B0%2A%E3%82%AC%E3%83%BC%E3%83%AB" dan="17,17,16,16" rate="2180.86,2263.68,2148.44,2193.18" sx="M,M,M,M"/><TAIKYOKU oya="0"/><INIT seed="0,0,0,1,4,39" ten="250,250,250,250" oya="0" hai0="124,75,59,120,87,20,66,56,80,5,61,96,13" hai1="105,81,28,10,49,82,42,78,18,32,126,97,111" hai2="62,134,127,60,76,25,50,122,3,112,90,7,38" hai3="131,72,73,6,17,4,52,27,57,37,31,53,8"/><T91/><D120/><U35/><E111/><V83/><F38/><W12/><G131/><T71/><D124/><U94/><E126/><V128/><F127/><W107/><G107/><T88/><D75/><U41/><E105/><V68/><F122/><W1/><G37/><T16/><REACH who="0" step="1"/><D5/><REACH who="0" ten="240,250,250,250" step="2"/><U77/><E35/><V24/><F7/><W110/><G110/><T102/><D102/><U0/><E32/><V44/><F128/><W2/><G6/><T47/><D47/><U63/><E77/><V46/><F44/><W55/><G57/><T14/><D14/><U85/><E78/><V64/><F46/><W30/><G1/><T123/><D123/><U22/><E0/><V70/><F76/><W121/><G121/><T54/><D54/><U109/><E109/><V92/><F3/><W89/><G89/><T100/><D100/><U119/><E119/><V15/><F90/><W135/><G135/><T29/><D29/><U93/><E28/><V106/><F15/><W67/><G67/><T99/><D99/><U103/><E97/><V45/><F64/><W108/><G108/><T79/><D79/><U86/><E103/><V19/><F45/><W104/><G31/><T34/><D34/><U132/><E132/><V11/><F134/><W65/><G65/><T26/><D26/><U48/><E86/><V117/><F25/><W115/><G115/><T129/><D129/><U133/><E85/><V69/><F112/><W33/><REACH who="3" step="1"/><G104/><REACH who="3" ten="240,250,250,240" step="2"/><T40/><D40/><U84/><E42/><V113/><F106/><W23/><AGARI ba="0,2" hai="2,4,8,12,17,23,27,30,33,52,53,55,72,73" machi="23" ten="30,12000,2" yaku="1,1,2,1,0,1,24,2,54,1,53,0" doraHai="39" doraHaiUra="125" who="3" fromWho="3" sc="240,-60,250,-30,250,-30,240,140" /><INIT seed="1,0,0,3,4,64" ten="180,220,220,380" oya="1" hai0="4,5,25,22,86,53,72,94,45,120,69,96,51" hai1="9,54,19,78,37,84,100,3,71,85,132,68,83" hai2="127,133,61,27,32,129,67,97,36,16,109,13,38" hai3="57,66,47,119,91,82,114,34,2,40,20,7,74"/><U28/><E37/><V125/><F109/><W113/><G34/><T126/><D72/><U105/><E132/><V88/><F133/><W44/><G119/><T92/><D126/><N who="2" m="48138" /><F129/><W24/><G7/><T75/><D75/><U42/><E42/><V130/><F130/><W10/><G10/><T80/><D69/><U123/><E123/><V6/><F6/><W18/><G2/><T90/><D94/><U26/><E54/><V124/><N who="2" m="48146" /><V63/><DORA hai="73" /><F63/><W118/><G118/><T108/><D108/><U43/><E43/><V30/><F88/><W117/><G117/><T0/><D0/><U76/><E3/><V93/><F93/><W17/><G17/><T39/><D39/><U107/><E107/><V87/><F87/><W89/><G89/><T55/><D55/><U48/><E85/><V31/><F31/><W62/><G40/><T60/><D60/><U98/><E78/><V35/><F35/><W29/><G29/><N who="0" m="17591" /><D120/><U81/><E81/><V103/><F97/><W106/><G106/><T128/><D128/><U70/><E48/><V52/><F52/><W79/><REACH who="3" step="1"/><G91/><AGARI ba="0,0" hai="4,5,45,51,53,80,86,90,91,92,96" m="17591" machi="91" ten="30,1000,0" yaku="8,1" doraHai="64,73" who="0" fromWho="3" sc="180,10,220,0,220,0,380,-10" /><INIT seed="2,0,0,5,2,89" ten="190,220,220,370" oya="2" hai0="84,120,127,36,1,4,43,115,103,25,57,99,24" hai1="78,133,94,117,80,32,66,102,56,135,131,100,31" hai2="12,74,88,21,116,0,129,62,30,60,87,134,45" hai3="27,23,28,109,113,110,64,70,93,65,19,11,82"/><V22/><F116/><W98/><G113/><T108/><D115/><U91/><E117/><V58/><F74/><W54/><G82/><T114/><D114/><U75/><E131/><V96/><F0/><W18/><G70/><T122/><D84/><N who="1" m="52583" /><E31/><V126/><F126/><W59/><G109/><T76/><D76/><U46/><E32/><V37/><F37/><W34/><G34/><T6/><D108/><U107/><E46/><V101/><F45/><W104/><G104/><T3/><D57/><U119/><E119/><V97/><F134/><N who="1" m="51209" /><E107/><V83/><F129/><W125/><G125/><T118/><D118/><U16/><E16/><N who="3" m="6186" /><G11/><T111/><D111/><U73/><E75/><V85/><F12/><W47/><G47/><T29/><D127/><U67/><E56/><V7/><F7/><W72/><G72/><T132/><D132/><U123/><E123/><V112/><F112/><W71/><G71/><T26/><D6/><U44/><E44/><V105/><F97/><W52/><G110/><T17/><D4/><U68/><E68/><V95/><F30/><W69/><G69/><T41/><D29/><U53/><E53/><N who="3" m="20586" /><G59/><T10/><D120/><U92/><E92/><V38/><F38/><W39/><G39/><T14/><D122/><U40/><E40/><V50/><F50/><W61/><G61/><N who="2" m="23657" /><F58/><W13/><G13/><T121/><D121/><U42/><E42/><N who="0" m="15881" /><D36/><U49/><E49/><V128/><F128/><W90/><AGARI ba="0,0" hai="23,27,28,64,65,90,93,98" m="20586,6186" machi="90" ten="30,7900,0" yaku="8,1,52,1,54,2" doraHai="89" who="3" fromWho="3" sc="190,-20,220,-20,220,-39,370,79" /><INIT seed="3,0,0,2,5,82" ten="170,200,181,449" oya="3" hai0="134,85,119,74,91,43,105,81,117,76,6,19,1" hai1="73,122,39,34,124,22,83,11,96,57,128,3,31" hai2="33,125,32,100,63,28,48,50,14,44,41,37,21" hai3="135,113,23,27,7,80,61,13,99,89,0,17,2"/><W88/><G113/><T30/><D30/><U120/><E39/><V72/><F72/><W58/><G135/><T75/><D134/><U20/><E34/><V77/><F77/><W8/><G89/><T123/><D123/><U26/><E128/><V93/><F125/><W40/><G40/><T131/><D131/><U25/><E124/><V86/><F63/><W118/><G118/><T78/><D19/><U54/><E96/><V108/><F108/><W38/><G38/><T10/><D105/><U29/><E83/><V60/><F60/><W127/><G127/><T5/><D5/><U116/><E73/><V12/><F32/><W109/><G109/><T24/><D24/><U15/><E3/><V98/><F33/><W53/><G80/><N who="0" m="49575" /><D76/><U16/><E116/><V84/><F37/><W64/><G64/><T4/><D4/><U69/><E69/><V66/><F66/><W47/><G47/><T114/><D75/><U110/><E110/><V51/><F51/><AGARI ba="0,0" hai="11,15,16,20,22,25,26,29,31,51,54,57,120,122" machi="51" ten="30,3900,0" yaku="7,1,9,1,54,1" doraHai="82" who="1" fromWho="2" sc="170,0,200,39,181,-39,449,0" owari="170,-23.0,239,3.9,142,-35.8,449,54.9" /></mjloggm>