<mjloggm ver="2.3"><GO type="225" lobby="0"/><UN n0="%E7%AC%B9%E9%A4%85" n1="%43%68%65" n2="%E6%98%93%E5%88%A9%E8%96%A9%E4%BC%AF" n3="%E6%81%A5%E6%99%92%E3%81%97" dan="18,16,17,16" rate="2240.37,2087.81,2171.32,2161.89" sx="M,M,F,M"/><TAIKYOKU oya="0"/><INIT seed="0,0,0,3,3,134" ten="250,250,250,250" oya="0" hai0="115,37,17,77,25,51,62,92,111,47,130,135,68" hai1="73,42,33,21,19,26,78,71,121,124,80,16,90" hai2="118,74,104,10,131,76,102,20,85,75,44,22,6" hai3="105,56,69,95,106,86,119,96,120,61,34,82,94"/><T81/><D115/><U110/><E121/><V27/><F131/><W125/><G119/><T39/><D135/><U113/><E113/><V45/><F118/><W40/><G120/><T133/><D133/><U127/><E71/><V87/><F104/><W84/><G69/><T66/><D92/><U70/><E110/><V123/><F102/><W0/><G0/><T5/><D130/><U126/><E33/><V116/><F116/><W41/><G34/><T31/><D17/><N who="1" m="12591" /><E70/><V65/><F65/><W2/><G2/><T1/><D111/><U52/><E42/><V3/><F22/><W114/><G114/><T83/><D5/><U50/><E90/><V112/><F123/><W57/><G61/><T59/><D1/><U11/><E11/><V91/><F87/><W4/><G4/><T29/><D68/><U43/><E43/><V28/><F112/><W55/><G55/><T117/><D117/><U129/><E129/><V93/><REACH who="2" step="1"/><F75/><REACH who="2" ten="250,250,240,250" step="2"/><W60/><G96/><T18/><D66/><U122/><E122/><V89/><F89/><W107/><G106/><T99/><D99/><U101/><E101/><V32/><F32/><W67/><G67/><T108/><D108/><U53/><E53/><V46/><F46/><AGARI ba="0,1" hai="16,19,46,50,52,73,78,80,124,126,127" m="12591" machi="46" ten="30,12000,2" yaku="18,1,52,3,54,2" doraHai="134" who="1" fromWho="2" sc="250,0,250,130,240,-120,250,0" /><INIT seed="1,0,0,2,2,26" ten="250,380,120,250" oya="1" hai0="100,82,59,49,84,19,65,40,22,27,2,77,105" hai1="115,81,23,60,56,4,116,121,9,45,61,63,3" hai2="47,17,83,93,66,101,15,97,73,68,5,104,111" hai3="6,14,122,118,37,28,44,129,20,80,127,125,89"/><U134/><E115/><V55/><F111/><W36/><G122/><T1/><D105/><U58/><E121/><V16/><F68/><W30/><G129/><T35/><D100/><U75/><E116/><V69/><F69/><W135/><G135/><T133/><D133/><U91/><E134/><V10/><F66/><W7/><G118/><T21/><D35/><U32/><E32/><V119/><F119/><W34/><G34/><T130/><D130/><U13/><E45/><V43/><F55/><W131/><G131/><T103/><D103/><U11/><E23/><V25/><F104/><W102/><G102/><T46/><REACH who="0" step="1"/><D21/><REACH who="0" ten="240,380,120,250" step="2"/><U86/><REACH who="1" step="1"/><E75/><REACH who="1" ten="240,370,120,250" step="2"/><V124/><F73/><W8/><G20/><T79/><D79/><U85/><E85/><V54/><F124/><W24/><G125/><T31/><D31/><U98/><E98/><V99/><F99/><W72/><G127/><T12/><D12/><U33/><E33/><V76/><F76/><W110/><G30/><T109/><D109/><U70/><E70/><V106/><F106/><W0/><G110/><T51/><D51/><U29/><E29/><V38/><F25/><W64/><G24/><T87/><D87/><U108/><E108/><V132/><F132/><W48/><G72/><T107/><D107/><U52/><E52/><V126/><F126/><W113/><G28/><T57/><D57/><U39/><E39/><V128/><F128/><W42/><G64/><T78/><D78/><U62/><N who="1" m="15360" /><DORA hai="90" /><U67/><E67/><V114/><F54/><W50/><G37/><T94/><D94/><U120/><E120/><RYUUKYOKU ba="0,2" sc="240,15,370,15,120,-15,250,-15" hai0="1,2,19,22,27,40,46,49,59,65,77,82,84" hai1="3,4,9,11,13,56,58,81,86,91" /><INIT seed="1,1,2,3,4,122" ten="255,385,105,235" oya="1" hai0="91,111,125,46,114,120,98,43,31,85,34,107,35" hai1="124,99,32,102,86,121,101,70,60,26,117,110,92" hai2="79,39,135,21,1,20,108,73,63,14,104,51,17" hai3="76,59,55,115,33,132,64,44,49,50,129,77,67"/><U65/><E121/><V45/><F104/><W29/><G115/><T6/><D120/><U88/><E117/><V128/><F1/><W118/><G118/><T40/><D114/><U93/><E124/><V11/><F135/><W57/><G132/><T69/><D69/><U54/><E54/><V81/><F39/><W18/><G129/><T106/><D6/><U52/><E110/><V116/><F128/><W41/><G29/><T3/><D3/><U84/><E102/><V36/><F36/><W109/><G33/><T90/><D46/><U126/><E126/><V71/><F116/><W131/><G131/><T7/><D7/><U97/><E52/><V105/><F105/><W48/><G18/><T9/><D31/><U5/><E5/><V62/><F108/><W12/><G12/><T74/><D74/><U53/><E53/><V30/><F71/><W87/><G109/><T119/><D111/><U42/><E42/><V15/><F30/><W82/><G77/><T78/><D78/><U72/><E72/><V24/><F24/><W83/><G83/><T10/><D119/><U27/><E32/><V123/><F123/><W22/><G22/><T112/><D125/><U130/><E130/><V95/><F95/><W56/><REACH who="3" step="1"/><G55/><REACH who="3" ten="255,385,105,225" step="2"/><T100/><D112/><U94/><E27/><V68/><F21/><W75/><G75/><T127/><D127/><U2/><E26/><V0/><F0/><W16/><G16/><T47/><D35/><U25/><E25/><V19/><REACH who="2" step="1"/><F68/><REACH who="2" ten="255,385,95,225" step="2"/><W37/><AGARI ba="1,4" hai="37,41,44,48,49,50,56,57,59,64,67,76,82,87" machi="37" ten="30,4000,0" yaku="1,1,0,1,53,1" doraHai="122" doraHaiUra="80" who="3" fromWho="3" sc="255,-11,385,-21,95,-11,225,83" /><INIT seed="2,0,0,3,1,67" ten="244,364,84,308" oya="2" hai0="4,3,0,78,109,133,102,30,92,52,38,42,120" hai1="87,129,15,88,6,46,23,11,31,61,95,32,117" hai2="16,121,14,83,132,57,101,100,33,123,65,84,97" hai3="7,43,70,63,93,122,106,135,118,50,96,35,48"/><V8/><F33/><W90/><G118/><T37/><D120/><U36/><E117/><V44/><F132/><W98/><G122/><T62/><D30/><U12/><E129/><V41/><F123/><W75/><G75/><T34/><D34/><U82/><E32/><V60/><F121/><W107/><G107/><T19/><D78/><U125/><E125/><V131/><F131/><W115/><G135/><T40/><D133/><U134/><E134/><V9/><F9/><W39/><G7/><T128/><D128/><U113/><E113/><V86/><F97/><W111/><G111/><T51/><D62/><U55/><E36/><V13/><F13/><W24/><G43/><T28/><D28/><U5/><E5/><V47/><F86/><W79/><G39/><T29/><D29/><U116/><E116/><V25/><F25/><W18/><G79/><T81/><D109/><U17/><E31/><V94/><F94/><W73/><G73/><T105/><D105/><U71/><E71/><V74/><F74/><W76/><G76/><T10/><D0/><U54/><E46/><V45/><REACH who="2" step="1"/><F41/><REACH who="2" ten="244,364,74,308" step="2"/><W69/><G35/><T112/><D40/><U99/><E61/><V66/><F66/><W127/><G63/><T53/><D42/><U20/><E20/><V58/><F58/><W130/><G130/><T108/><D38/><U85/><E87/><V59/><F59/><W80/><G98/><T2/><D37/><U27/><E15/><V1/><F1/><W126/><G96/><T26/><D3/><U64/><E64/><V114/><F114/><W89/><G115/><RYUUKYOKU ba="0,1" sc="244,-15,364,15,74,15,308,-15" hai1="6,11,12,17,23,27,54,55,82,85,88,95,99" hai2="8,14,16,44,45,47,57,60,65,83,84,100,101" /><INIT seed="2,1,1,3,4,108" ten="229,379,89,293" oya="2" hai0="4,109,30,75,25,86,131,22,116,127,71,132,84" hai1="5,105,8,60,29,124,120,95,65,6,38,92,106" hai2="126,99,112,93,97,101,77,3,14,24,26,130,128" hai3="129,21,44,11,52,100,98,45,0,28,81,33,10"/><V32/><F3/><W37/><G129/><N who="2" m="49769" /><F126/><W16/><G37/><T64/><D131/><U73/><E73/><V67/><F32/><W117/><G117/><T18/><D75/><U12/><E38/><V78/><F67/><W70/><G70/><T46/><D109/><U27/><E124/><V53/><F14/><N who="3" m="9367" /><G28/><T62/><D127/><U103/><E6/><V54/><F93/><N who="3" m="58447" /><G33/><T56/><D116/><U59/><E120/><V47/><F47/><N who="3" m="17995" /><G0/><T17/><D4/><U94/><REACH who="1" step="1"/><E103/><REACH who="1" ten="229,369,89,293" step="2"/><V79/><F101/><W19/><G19/><T82/><D18/><U35/><AGARI ba="1,2" hai="5,8,12,27,29,35,59,60,65,92,94,95,105,106" machi="35" ten="30,4000,0" yaku="1,1,2,1,0,1,53,0" doraHai="108" doraHaiUra="118" who="1" fromWho="1" sc="229,-11,369,63,89,-21,293,-11" /><INIT seed="3,0,0,4,5,115" ten="218,432,68,282" oya="3" hai0="124,40,127,80,126,8,113,36,48,43,96,18,82" hai1="84,47,22,12,46,51,83,27,0,61,31,108,35" hai2="98,5,28,13,121,123,90,33,65,55,16,122,133" hai3="100,91,103,20,128,29,129,64,105,117,125,97,4"/><W99/><G4/><T94/><D36/><U87/><E108/><V23/><F65/><W92/><G64/><T38/><D38/><U88/><E0/><V67/><F67/><W41/><G41/><T118/><D113/><U25/><E12/><V45/><F98/><N who="3" m="61591" /><G20/><T62/><D62/><U70/><E70/><V79/><F79/><W111/><G29/><T14/><D43/><U6/><E6/><V7/><F90/><W95/><G111/><T116/><D48/><U57/><E84/><V69/><F69/><W71/><G71/><T114/><D40/><U17/><E51/><V49/><F55/><AGARI ba="0,0" hai="17,22,25,27,31,35,46,47,55,57,61,83,87,88" machi="55" ten="30,2000,0" yaku="7,1,54,1" doraHai="115" who="1" fromWho="2" sc="218,0,432,20,68,-20,282,0" owari="218,-18.2,452,55.2,48,-45.2,282,8.2" /></mjloggm>