<mjloggm ver="2.3"><GO type="225" lobby="0"/><UN n0="%E5%B6%BA%E4%B8%8A%E5%92%B2" n1="%E3%83%96%E3%83%83%E3%83%91%E3%82%AA%E3%83%96%E3%83%81%E3%82%AD%E3%83%B3" n2="%E5%91%A8%E6%9D%B1" n3="%77%72%77%72%77%72%77%72" dan="16,16,16,16" rate="2178.01,2123.62,2178.63,2111.04" sx="F,M,M,M"/><TAIKYOKU oya="0"/><INIT seed="0,0,0,2,2,48" ten="250,250,250,250" oya="0" hai0="49,81,120,38,47,106,25,67,132,133,30,94,123" hai1="19,74,131,18,41,126,97,95,55,127,3,58,78" hai2="116,90,108,59,50,73,37,130,86,87,93,5,76" hai3="103,36,98,4,79,39,29,22,21,134,114,26,28"/><T17/><D106/><U102/><E3/><V104/><F37/><W119/><G114/><T72/><D38/><U115/><E115/><V52/><F108/><W9/><G119/><T105/><D105/><U53/><E41/><V10/><F116/><W135/><G79/><N who="0" m="44263" /><D67/><U84/><E74/><V66/><F104/><W1/><G22/><N who="0" m="13519" /><D30/><U33/><E33/><V121/><F121/><W16/><G39/><T12/><D94/><U31/><E131/><V40/><F130/><W111/><G36/><T110/><D12/><U83/><E31/><V63/><F40/><W124/><G111/><T69/><D69/><U56/><E18/><V57/><F73/><W62/><G62/><T8/><D8/><U107/><E107/><V109/><F109/><W13/><G29/><T71/><D71/><U42/><E42/><V75/><F75/><W51/><G51/><T32/><D32/><U91/><E19/><V128/><F128/><W89/><G89/><T80/><D80/><U100/><E100/><V112/><F112/><W101/><G101/><T92/><D92/><U113/><E113/><V61/><F50/><W117/><G117/><T15/><D15/><U82/><E82/><N who="2" m="47431" /><F10/><N who="3" m="2319" /><G98/><T7/><D7/><AGARI ba="0,0" hai="5,7,52,57,59,61,63,66,87,90,93" m="47431" machi="7" ten="30,3900,0" yaku="8,1,52,1,54,1" doraHai="48" who="2" fromWho="0" sc="250,-39,250,0,250,39,250,0" /><INIT seed="1,0,0,2,4,18" ten="211,250,289,250" oya="1" hai0="4,23,29,113,34,10,65,52,3,84,53,32,92" hai1="64,79,98,63,123,71,116,118,88,122,103,135,58" hai2="47,96,59,61,129,39,68,51,101,56,44,72,70" hai3="15,30,75,54,11,90,109,105,13,102,27,82,121"/><U93/><E135/><V85/><F72/><W22/><G121/><T110/><D113/><U48/><E79/><V55/><F129/><W91/><G109/><T130/><D130/><U107/><E71/><V73/><F73/><W120/><G120/><T62/><D110/><U49/><E122/><V126/><F126/><W74/><G15/><T2/><D2/><U77/><E123/><V33/><F33/><W24/><G102/><T132/><D132/><U37/><E37/><V8/><F8/><W26/><G105/><T114/><D114/><U108/><E108/><V94/><F85/><W89/><G75/><T25/><D34/><U6/><E77/><V80/><F80/><W104/><G104/><T57/><REACH who="0" step="1"/><D32/><REACH who="0" ten="201,250,289,250" step="2"/><U119/><REACH who="1" step="1"/><E6/><REACH who="1" ten="201,240,289,250" step="2"/><V131/><F131/><W127/><G127/><T66/><D66/><U83/><E83/><V50/><F39/><W9/><G82/><T95/><D95/><U86/><AGARI ba="0,2" hai="48,49,58,63,64,86,88,93,98,103,107,116,118,119" machi="86" ten="30,6000,0" yaku="1,1,0,1,54,1,53,0" doraHai="18" doraHaiUra="69" who="1" fromWho="1" sc="201,-20,240,80,289,-20,250,-20" /><INIT seed="1,1,0,1,1,102" ten="181,320,269,230" oya="1" hai0="16,52,21,113,33,31,49,25,69,85,62,124,34" hai1="95,42,84,67,40,78,17,20,72,12,8,75,111" hai2="26,28,101,117,98,1,87,97,38,24,58,115,107" hai3="22,23,79,19,57,14,116,13,60,18,112,86,37"/><U63/><E111/><V76/><F117/><W2/><G116/><T4/><D113/><U91/><E75/><V27/><F115/><W93/><G112/><T51/><D124/><U135/><E135/><V36/><F1/><W29/><G2/><T133/><D133/><U122/><E122/><V132/><F132/><W83/><G37/><T50/><D4/><U81/><REACH who="1" step="1"/><E8/><REACH who="1" ten="181,310,269,230" step="2"/><V119/><F119/><W30/><REACH who="3" step="1"/><G93/><REACH who="3" ten="181,310,269,220" step="2"/><T103/><D33/><U92/><E92/><V48/><F36/><W7/><G7/><T82/><D34/><U5/><E5/><V121/><F38/><W118/><G118/><T45/><D103/><U94/><E94/><V9/><F101/><W10/><G10/><T41/><D31/><U0/><E0/><V126/><F9/><W47/><G47/><T11/><D11/><U80/><E80/><V55/><F28/><W88/><G88/><N who="0" m="51255" /><D69/><AGARI ba="1,2" hai="12,17,20,40,42,63,67,69,72,78,81,84,91,95" machi="69" ten="30,2900,0" yaku="1,1,7,1,53,0" doraHai="102" doraHaiUra="32" who="1" fromWho="0" sc="181,-32,310,52,269,0,220,0" /><INIT seed="1,2,0,3,5,99" ten="149,362,269,220" oya="1" hai0="123,10,38,60,95,30,83,78,0,134,24,90,45" hai1="63,33,6,79,114,61,64,47,133,84,53,39,109" hai2="13,43,65,81,93,89,20,48,58,88,119,26,86" hai3="3,49,66,11,122,131,73,74,4,68,23,121,51"/><U130/><E114/><V37/><F119/><W91/><G131/><T75/><D134/><U69/><E33/><V62/><F37/><W14/><G73/><T87/><D60/><N who="1" m="40071" /><E84/><V59/><F13/><W31/><G74/><T102/><D123/><U34/><E34/><V22/><F26/><W117/><G117/><T112/><D112/><U85/><E85/><V125/><F125/><W70/><G70/><T76/><D76/><U8/><E8/><V27/><F27/><W41/><G41/><N who="0" m="22711" /><D24/><U28/><E6/><V80/><F80/><W16/><G31/><T54/><D54/><U105/><E79/><V7/><F7/><W77/><G77/><T25/><D25/><U82/><E82/><V132/><F132/><W116/><G116/><T40/><D40/><N who="1" m="22943" /><E105/><V97/><F43/><W2/><G2/><T118/><D30/><U100/><E28/><V56/><REACH who="2" step="1"/><F48/><REACH who="2" ten="149,362,259,220" step="2"/><W67/><G49/><T32/><D118/><U94/><E133/><V50/><F50/><W1/><G51/><T120/><D120/><U21/><E130/><V42/><F42/><W129/><G1/><T29/><D29/><U5/><E5/><V98/><F98/><W126/><G129/><T17/><D32/><U101/><E109/><V18/><F18/><W110/><G110/><T57/><D17/><U46/><E46/><V111/><F111/><W12/><G3/><T127/><D127/><U135/><E135/><V72/><F72/><W107/><G126/><T124/><D124/><U52/><E53/><V104/><F104/><W36/><G16/><T35/><D35/><U15/><E52/><RYUUKYOKU ba="2,1" sc="149,-10,362,-10,259,30,220,-10" hai2="20,22,56,58,59,62,65,81,86,88,89,93,97" /><INIT seed="2,3,1,0,2,116" ten="139,352,289,210" oya="2" hai0="10,44,4,118,91,40,47,32,17,96,102,16,80" hai1="9,85,130,66,84,60,63,54,131,113,42,112,31" hai2="13,43,82,107,127,105,108,35,95,25,23,124,89" hai3="114,5,74,52,57,123,41,64,12,46,99,29,62"/><V7/><F43/><W21/><G123/><T37/><D32/><U101/><E31/><V106/><F35/><W20/><G74/><T120/><D120/><U61/><E42/><V24/><F82/><W115/><G99/><T104/><D47/><U76/><E66/><V50/><F50/><N who="3" m="26959" /><G29/><T18/><D118/><U69/><E69/><V78/><F78/><W88/><G64/><T27/><D27/><U19/><E54/><V135/><F135/><W39/><G39/><T26/><D26/><U86/><E76/><V133/><F133/><W71/><G71/><T14/><D18/><U22/><E9/><N who="2" m="4287" /><F23/><W98/><G115/><T109/><D109/><U45/><E45/><V49/><F49/><W48/><G48/><T36/><D36/><U11/><E11/><V3/><F3/><W0/><G0/><T122/><D122/><U79/><E79/><V68/><F68/><W59/><G59/><T87/><REACH who="0" step="1"/><D104/><REACH who="0" ten="129,352,289,210" step="2"/><U103/><E113/><V93/><F108/><W117/><G114/><T77/><D77/><U34/><E112/><V111/><F111/><W2/><G117/><T56/><D56/><U53/><E34/><V90/><F25/><W125/><G57/><T15/><D15/><U65/><E19/><V55/><F24/><W132/><G2/><T119/><D119/><U72/><E22/><V51/><F124/><W129/><G125/><T73/><D73/><U92/><E72/><V83/><F127/><W58/><G132/><T100/><D100/><U126/><E101/><V28/><F107/><W8/><G129/><N who="1" m="49162" /><E103/><V1/><F106/><W33/><G33/><RYUUKYOKU ba="3,2" sc="129,15,352,-15,289,-15,210,15" hai0="4,10,14,16,17,37,40,44,80,87,91,96,102" hai3="5,8,12,20,21,52,58,62,88,98" /><INIT seed="3,4,2,0,0,71" ten="144,337,274,225" oya="3" hai0="75,86,61,95,68,39,51,110,42,82,97,48,93" hai1="25,128,34,87,120,54,9,109,43,121,32,98,90" hai2="1,132,36,131,18,40,28,127,77,57,80,45,81" hai3="74,5,79,46,15,3,76,91,23,41,101,73,105"/><W107/><G3/><T17/><D110/><U53/><E109/><V13/><F132/><W96/><G105/><T10/><D75/><U0/><E128/><V35/><F131/><W30/><G91/><T62/><D68/><U27/><E43/><V116/><F127/><W69/><G69/><T83/><D42/><U7/><E98/><V16/><F1/><W119/><G119/><T123/><D97/><U84/><E0/><V125/><F125/><W78/><G30/><T130/><D130/><U64/><E90/><V102/><F116/><W99/><G99/><T6/><D123/><U124/><E124/><V24/><F102/><W21/><G21/><T100/><D100/><U56/><E56/><V8/><F57/><W52/><G52/><T55/><D55/><U44/><E7/><V29/><F29/><W33/><G33/><T2/><D2/><U70/><E70/><V47/><F47/><W104/><G104/><T12/><D6/><U65/><E9/><V63/><F63/><W126/><G126/><T129/><D129/><U11/><E11/><V37/><F18/><W133/><G133/><T72/><D72/><U59/><REACH who="1" step="1"/><E59/><REACH who="1" ten="144,327,274,225" step="2"/><V14/><F77/><W106/><G5/><T22/><D10/><U85/><E85/><V115/><F115/><W113/><G113/><T122/><D122/><U50/><E50/><N who="0" m="18985" /><D39/><U108/><E108/><V117/><F37/><W114/><G114/><T103/><D103/><U134/><E134/><V26/><F8/><W112/><G73/><T60/><D83/><U58/><E58/><V67/><F81/><W19/><G112/><RYUUKYOKU ba="4,3" sc="144,15,327,15,274,-15,225,-15" hai0="12,17,22,60,61,62,82,86,93,95" hai1="25,27,32,34,44,53,54,64,65,84,87,120,121" owari="159,-34.1,372,47.2,259,5.9,210,-19.0" /></mjloggm>