<mjloggm ver="2.3"><GO type="225" lobby="0"/><UN n0="%EF%BC%AE%EF%BC%A1%EF%BC%AF%33%33%39" n1="%E7%99%BD%E5%80%89%E5%AF%9B%E4%B9%8B" n2="%E3%83%81%E3%83%83%E3%82%BF%E3%82%BD%E3%83%BC" n3="%65%76%69%61%6E%36%31%39" dan="16,16,16,16" rate="2106.97,2159.68,2128.87,2088.32" sx="M,M,F,M"/><TAIKYOKU oya="0"/><INIT seed="0,0,0,3,5,8" ten="250,250,250,250" oya="0" hai0="57,84,5,106,16,87,83,32,26,49,128,126,104" hai1="7,85,60,68,130,41,127,122,115,58,36,91,47" hai2="6,90,37,78,15,44,88,28,111,9,59,14,35" hai3="98,74,39,94,129,62,2,101,114,64,51,96,25"/><T92/><D5/><U66/><E115/><V125/><F111/><W93/><G39/><T77/><D128/><U108/><E108/><V102/><F125/><W135/><G2/><T22/><D32/><U29/><E127/><V131/><F131/><W116/><G74/><T43/><D126/><U54/><E130/><V107/><F78/><W103/><G129/><T97/><D84/><U27/><E7/><V65/><F102/><W20/><G135/><T61/><D49/><U56/><E122/><V18/><F107/><W80/><G114/><T119/><D43/><U63/><E68/><V52/><F65/><W95/><G116/><T33/><D33/><U69/><E69/><V81/><F81/><W117/><G117/><T3/><D3/><U23/><E91/><V12/><F28/><W110/><G94/><T82/><D82/><U10/><E10/><N who="2" m="4183" /><F35/><W105/><G105/><T48/><D48/><U100/><E85/><V79/><F79/><W13/><G51/><T34/><D34/><U11/><E11/><N who="2" m="6495" /><F44/><W17/><G80/><T134/><D134/><U112/><E112/><V67/><F37/><W86/><G86/><T50/><D50/><U73/><REACH who="1" step="1"/><E100/><REACH who="1" ten="250,240,250,250" step="2"/><V4/><F67/><W118/><G118/><T24/><D119/><U19/><E19/><V113/><F113/><W40/><G110/><T70/><D70/><U121/><E121/><V71/><F71/><N who="3" m="42391" /><G40/><T53/><D24/><U0/><E0/><V132/><F132/><W45/><G25/><T72/><D87/><U42/><E42/><V120/><F120/><W55/><G45/><T38/><D38/><RYUUKYOKU ba="0,1" sc="250,0,240,0,250,0,250,0" hai0="16,22,26,53,57,61,72,77,83,92,97,104,106" hai1="23,27,29,36,41,47,54,56,58,60,63,66,73" hai2="4,9,15,52,59,88,90" hai3="13,17,20,55,93,95,96,98,101,103" /><INIT seed="0,1,1,4,0,53" ten="250,240,250,250" oya="0" hai0="75,33,118,19,96,30,93,124,89,125,66,34,58" hai1="82,121,80,14,120,47,50,62,69,40,94,104,61" hai2="64,63,21,119,59,13,108,132,85,86,7,18,54" hai3="60,10,45,65,44,135,106,38,129,128,81,76,36"/><T71/><D118/><U24/><E104/><V101/><F108/><W99/><G10/><T17/><D75/><U48/><E94/><V90/><F132/><W79/><G106/><T122/><D71/><U115/><E14/><V6/><F119/><W67/><G99/><T131/><D122/><U97/><E97/><V20/><F101/><W103/><G103/><T77/><D77/><N who="3" m="29769" /><G81/><T84/><D96/><U133/><E24/><V5/><F21/><W32/><G32/><T12/><D131/><N who="3" m="50249" /><G135/><T74/><D74/><U16/><E133/><V15/><F15/><W70/><G67/><T31/><D33/><U2/><E2/><V102/><F102/><W39/><AGARI ba="1,1" hai="36,38,39,44,45,60,65,70" m="50249,29769" machi="39" ten="40,1500,0" yaku="19,1" doraHai="53" who="3" fromWho="3" sc="250,-8,240,-5,250,-5,250,28" /><INIT seed="1,0,0,5,3,111" ten="242,235,245,278" oya="1" hai0="71,110,38,33,29,2,76,43,13,42,28,63,96" hai1="3,36,14,58,90,32,83,41,23,97,78,17,35" hai2="87,74,115,127,45,15,81,94,48,50,100,84,113" hai3="108,62,109,132,64,0,122,57,54,52,135,65,102"/><U9/><E58/><V101/><F127/><W118/><G102/><N who="2" m="39529" /><F15/><W85/><G85/><N who="2" m="32841" /><F45/><W68/><G0/><T119/><D2/><U133/><E133/><N who="3" m="51274" /><G122/><T92/><D13/><U75/><E90/><V20/><F20/><W120/><G120/><T10/><D10/><U93/><E93/><V106/><F106/><W86/><G86/><T49/><D38/><U99/><E35/><V69/><F69/><W34/><G118/><T55/><D119/><U112/><E32/><V1/><F1/><W67/><G34/><T66/><D33/><U60/><E60/><V79/><F94/><W27/><G27/><T61/><D61/><U51/><E51/><V70/><F70/><W98/><G98/><T8/><D96/><U39/><E39/><V89/><F89/><W46/><G68/><T26/><D26/><U11/><E11/><V19/><F19/><W12/><G12/><T5/><D8/><U124/><E124/><V121/><F121/><W21/><G21/><T25/><D25/><U56/><E56/><V59/><F59/><N who="3" m="35175" /><G46/><T114/><D71/><U37/><E99/><V30/><F30/><W80/><G80/><T6/><D29/><U53/><E97/><V40/><F40/><W128/><G128/><T95/><D28/><U44/><E3/><V4/><F4/><W47/><G47/><T82/><D6/><U24/><E9/><V130/><F130/><W22/><G22/><T72/><D5/><U16/><E14/><V88/><F88/><W134/><G134/><T129/><D129/><U116/><E23/><V104/><F104/><W73/><G67/><RYUUKYOKU ba="0,0" sc="242,-10,235,-10,245,30,278,-10" hai2="48,50,74,79,81,113,115" /><INIT seed="2,1,0,3,5,133" ten="232,225,275,268" oya="2" hai0="91,84,10,51,78,63,31,120,0,44,42,121,115" hai1="45,4,7,50,112,11,102,1,52,126,77,104,26" hai2="58,108,68,40,29,23,39,90,18,87,5,14,64" hai3="24,12,55,43,41,54,65,127,3,66,123,13,37"/><V103/><F68/><W33/><G24/><T125/><D115/><U70/><E112/><V75/><F75/><W89/><G89/><T73/><D31/><U88/><E70/><V62/><F103/><W106/><G33/><T81/><D63/><U110/><E110/><V20/><F108/><W122/><G106/><T59/><D59/><U117/><E117/><V21/><F29/><W119/><G37/><T57/><D57/><U76/><E7/><V129/><F129/><W113/><G113/><T116/><D116/><U17/><E126/><V67/><F5/><W93/><G93/><T27/><D27/><U38/><E38/><V80/><F39/><W15/><G15/><T48/><D48/><U130/><E130/><V72/><F72/><W6/><G119/><T56/><D56/><U47/><E47/><V132/><F132/><W97/><G97/><T79/><D79/><U109/><E109/><V118/><F118/><W131/><G6/><T60/><D60/><U19/><E19/><V99/><F99/><W98/><G98/><T101/><D101/><U105/><E102/><V92/><F40/><W134/><G134/><T114/><D114/><U28/><E17/><V82/><REACH who="2" step="1"/><F67/><REACH who="2" ten="232,225,265,268" step="2"/><W2/><G131/><T22/><D73/><U53/><E105/><V35/><F35/><W34/><G34/><T94/><D42/><U36/><E104/><V8/><AGARI ba="1,1" hai="8,14,18,20,21,23,58,62,64,80,82,87,90,92" machi="8" ten="30,6000,0" yaku="1,1,0,1,8,1,53,0" doraHai="133" doraHaiUra="74" who="2" fromWho="2" sc="232,-21,225,-21,265,73,268,-21" /><INIT seed="2,2,0,3,0,29" ten="211,204,338,247" oya="2" hai0="8,6,1,73,101,69,11,134,40,36,126,30,93" hai1="45,51,66,85,120,38,82,70,127,113,35,105,32" hai2="129,86,77,63,0,54,75,112,117,33,21,61,18" hai3="78,88,94,57,42,24,48,52,3,79,68,99,7"/><V76/><F117/><W12/><G68/><T62/><D73/><U10/><E113/><V74/><F33/><W131/><G131/><T107/><D93/><U23/><E105/><V19/><F129/><W16/><G3/><T5/><D30/><U46/><E38/><V100/><F0/><W92/><G7/><T91/><D91/><U87/><E127/><V124/><F124/><W133/><G24/><T4/><D4/><U47/><E51/><V67/><F112/><W97/><G42/><T72/><D72/><U122/><E23/><V125/><F125/><W50/><G50/><T60/><D126/><U25/><E10/><V108/><F108/><W14/><G14/><T9/><D9/><U65/><E25/><V116/><F116/><W83/><G83/><T44/><D69/><U81/><E46/><V56/><F100/><N who="3" m="60455" /><G133/><T111/><D134/><U103/><E70/><V41/><F41/><W123/><G123/><T71/><D71/><U115/><REACH who="1" step="1"/><E115/><REACH who="1" ten="211,194,338,247" step="2"/><V2/><F21/><AGARI ba="2,1" hai="12,16,21,48,52,57,78,79,88,94,99" m="60455" machi="21" ten="30,7700,0" yaku="8,1,54,3" doraHai="29" who="3" fromWho="2" sc="211,0,194,0,338,-83,247,93" /><INIT seed="3,0,0,0,2,36" ten="211,194,255,340" oya="3" hai0="87,99,93,0,76,63,111,98,69,9,109,117,96" hai1="92,89,123,12,44,110,40,115,52,49,103,86,25" hai2="13,59,127,106,97,81,58,48,51,29,61,116,91" hai3="126,35,75,64,95,122,24,45,83,107,125,62,77"/><W7/><G107/><T101/><D69/><U135/><E115/><V5/><F127/><N who="3" m="48651" /><G122/><T34/><D34/><U32/><E123/><V120/><F120/><W3/><G95/><T104/><D63/><U14/><E110/><N who="0" m="41993" /><D9/><U124/><E124/><V21/><F116/><W56/><G7/><T30/><D30/><U6/><E135/><V11/><F58/><W65/><G45/><T50/><D50/><U80/><E32/><V18/><F29/><N who="3" m="19879" /><G3/><T131/><D0/><U128/><E128/><V19/><F19/><W60/><G60/><T88/><D117/><U67/><E25/><V82/><F106/><W39/><G39/><T133/><D133/><U118/><E118/><V55/><F81/><W17/><G17/><T28/><D28/><U43/><E67/><AGARI ba="0,0" hai="56,62,64,65,67,75,77,83" m="19879,48651" machi="67" ten="30,1500,0" yaku="18,1" doraHai="36" who="3" fromWho="1" sc="211,0,194,-15,255,0,340,15" owari="211,-18.9,179,-32.1,255,5.5,355,45.5" /></mjloggm>