<mjloggm ver="2.3"><GO type="225" lobby="0"/><UN n0="%E3%81%AF%E3%82%88%E3%81%8A%E3%81%98%E3%81%95%E3%82%93" n1="%E8%A8%88%E7%AE%97%E6%A9%9F%E8%87%AA%E7%84%B6" n2="%E7%B4%94%E6%BD%94%E3%83%94%E3%83%A9%E3%83%8B%E3%82%A2" n3="%E5%91%A8%E6%9D%B1" dan="17,17,16,17" rate="2139.61,2127.31,2114.95,2141.37" sx="M,M,M,M"/><TAIKYOKU oya="0"/><INIT seed="0,0,0,3,2,63" ten="250,250,250,250" oya="0" hai0="68,52,93,88,82,122,21,41,45,51,120,127,108" hai1="85,128,90,72,64,55,6,66,42,135,67,40,132" hai2="1,78,24,74,20,54,57,23,58,76,115,7,47" hai3="110,70,28,91,99,60,29,3,100,22,84,36,15"/><T81/><D68/><U33/><E33/><V35/><F115/><W116/><G3/><T2/><D2/><U56/><E72/><V75/><F1/><W59/><G36/><T69/><D69/><U131/><E6/><V0/><F0/><W89/><G70/><T126/><D21/><U106/><E106/><V92/><F92/><N who="3" m="58471" /><G110/><T53/><D108/><U26/><E26/><V133/><F7/><W71/><G71/><T77/><D122/><U5/><E5/><V65/><F47/><W101/><G101/><T43/><D120/><U48/><E85/><V19/><F19/><N who="3" m="10623" /><G116/><T4/><D4/><U117/><E90/><N who="3" m="34314" /><G84/><T14/><D14/><U61/><E117/><V98/><F98/><W94/><G94/><T11/><D11/><U44/><E40/><V73/><F73/><W17/><G17/><T37/><D41/><U16/><E16/><V10/><F10/><W9/><G9/><T31/><D31/><U50/><E50/><V107/><F107/><W80/><G80/><N who="0" m="30827" /><D77/><U46/><E46/><V118/><F118/><W130/><G130/><AGARI ba="0,0" hai="42,44,48,55,56,61,64,66,67,128,130,131,132,135" machi="130" ten="40,12000,2" yaku="19,1,34,3,52,3" doraHai="63" who="1" fromWho="3" sc="250,0,250,120,250,0,250,-120" /><INIT seed="1,0,0,3,3,111" ten="250,370,250,130" oya="1" hai0="73,66,17,88,35,50,56,89,38,29,13,4,60" hai1="85,94,3,12,117,42,123,5,18,98,49,99,119" hai2="84,14,83,103,63,11,59,82,9,74,81,68,109" hai3="95,62,130,105,47,125,28,104,34,32,116,112,107"/><U96/><E123/><V67/><F109/><W45/><G112/><T65/><D38/><U41/><E3/><V135/><F135/><W39/><G116/><T10/><D73/><U55/><E5/><V7/><F74/><W8/><G130/><T58/><D35/><U46/><E117/><V51/><F103/><W40/><G125/><T133/><D133/><U15/><E15/><V129/><F129/><W75/><G75/><T70/><D29/><U23/><REACH who="1" step="1"/><E119/><REACH who="1" ten="250,360,250,130" step="2"/><V31/><F9/><W108/><G8/><T134/><D134/><U114/><E114/><V113/><F113/><W127/><G108/><T25/><D4/><U43/><E43/><V124/><F124/><W76/><G127/><T48/><D25/><U118/><E118/><V0/><F0/><W54/><G40/><T79/><D13/><U97/><N who="1" m="24576" /><DORA hai="78" /><U69/><E69/><V33/><F68/><W52/><G107/><T44/><D70/><U102/><E102/><V24/><REACH who="2" step="1"/><F51/><REACH who="2" ten="250,360,240,130" step="2"/><W90/><G105/><T26/><D50/><U30/><E30/><V61/><F61/><W128/><G62/><T87/><D48/><U106/><E106/><V120/><F120/><W126/><G104/><T27/><D60/><U91/><AGARI ba="0,2" hai="12,18,23,41,42,46,49,55,85,91,94" m="24576" machi="91" ten="40,7800,0" yaku="1,1,0,1,8,1,53,0" doraHai="111,78" doraHaiUra="20,21" who="1" fromWho="1" sc="250,-26,360,98,240,-26,130,-26" /><INIT seed="1,1,0,2,5,49" ten="224,458,214,104" oya="1" hai0="18,30,57,14,65,4,20,122,129,61,25,1,89" hai1="76,81,77,92,55,28,43,69,33,134,124,56,74" hai2="108,121,106,93,128,86,12,104,45,94,5,112,103" hai3="107,47,88,90,59,48,26,35,105,120,73,15,29"/><U98/><E69/><V135/><F108/><W87/><G73/><T13/><D129/><U17/><E124/><V127/><F135/><W75/><G75/><T99/><D122/><U44/><E76/><V38/><F112/><W119/><G120/><T117/><D117/><U41/><E134/><V60/><F127/><W11/><G59/><T34/><D14/><U109/><E17/><V83/><F128/><W84/><G119/><T71/><D71/><U125/><E44/><V23/><F60/><W133/><G133/><T32/><D32/><U114/><E114/><V80/><F80/><W101/><G101/><T63/><D63/><U110/><E28/><V39/><F39/><W36/><G36/><T2/><D4/><U58/><E58/><V51/><F38/><W132/><G132/><T118/><D118/><U72/><E33/><V100/><F106/><W123/><G123/><T78/><D78/><U54/><E56/><V85/><F85/><W130/><G87/><T82/><D82/><U16/><E81/><V21/><F21/><W37/><G37/><T3/><D99/><U0/><E98/><V7/><F104/><W24/><G24/><T40/><D89/><N who="3" m="34409" /><G84/><T42/><AGARI ba="1,0" hai="1,2,3,13,18,20,25,30,34,40,42,57,61,65" machi="42" ten="40,1500,0" yaku="0,1" doraHai="49" who="0" fromWho="0" sc="224,18,458,-8,214,-5,104,-5" /><INIT seed="2,0,0,4,0,114" ten="242,450,209,99" oya="2" hai0="28,110,36,64,7,6,125,59,61,25,73,67,62" hai1="132,38,135,123,43,71,133,32,42,109,58,31,15" hai2="78,63,70,77,76,0,55,130,39,88,37,119,4" hai3="52,11,46,82,131,95,128,65,30,74,107,50,75"/><V16/><F119/><W24/><G107/><T19/><D36/><U101/><E109/><V92/><F130/><N who="3" m="49707" /><G65/><T112/><D112/><U91/><E71/><V97/><F0/><W41/><G82/><T126/><D73/><N who="3" m="27657" /><G95/><T81/><D19/><U117/><E91/><V72/><F4/><W1/><G11/><T106/><D81/><U111/><E43/><V103/><F72/><W47/><G1/><T69/><D106/><U9/><E42/><V21/><F103/><W118/><G24/><T79/><D79/><U49/><E9/><V94/><F94/><W68/><G30/><T56/><D69/><U104/><E31/><V113/><F113/><W35/><G35/><T22/><D110/><U34/><E32/><V44/><F44/><W20/><G20/><T57/><D57/><U12/><E58/><N who="2" m="35295" /><F70/><W115/><G68/><T127/><AGARI ba="0,0" hai="6,7,22,25,28,56,59,61,62,64,67,125,126,127" machi="127" ten="30,4000,0" yaku="0,1,9,1,18,1" doraHai="114" who="0" fromWho="0" sc="242,40,450,-10,209,-20,99,-10" /><INIT seed="3,0,0,2,3,25" ten="282,440,189,89" oya="3" hai0="128,116,21,5,126,90,65,30,58,74,87,26,12" hai1="107,99,27,63,42,69,77,20,115,22,43,125,9" hai2="36,40,55,49,106,45,17,112,101,11,88,3,28" hai3="92,114,129,67,54,50,15,79,71,19,13,135,8"/><W57/><G129/><T121/><D74/><U100/><E115/><V68/><F112/><W98/><G135/><T34/><D121/><U6/><E77/><V32/><F101/><W123/><G114/><T102/><D102/><U4/><E4/><V80/><F106/><W10/><G123/><T1/><D116/><U127/><E63/><V52/><F68/><W86/><G71/><T14/><D126/><N who="1" m="48139" /><E22/><V105/><F105/><W130/><G130/><T24/><D58/><U118/><E118/><V134/><F134/><W85/><G67/><T37/><D37/><U124/><E69/><V38/><F55/><W16/><REACH who="3" step="1"/><G79/><REACH who="3" ten="282,440,189,79" step="2"/><T2/><D65/><U59/><E124/><V35/><F36/><W31/><G31/><T117/><D30/><N who="1" m="17767" /><E59/><V60/><F28/><W132/><G132/><T95/><D128/><U91/><E91/><AGARI ba="0,1" hai="8,10,13,15,16,19,50,54,57,85,86,91,92,98" machi="91" ten="30,12000,1" yaku="1,1,7,1,9,1,8,1,54,1,53,0" doraHai="25" doraHaiUra="109" who="3" fromWho="1" sc="282,0,440,-120,189,0,79,130" /><INIT seed="3,1,0,2,4,54" ten="282,320,189,209" oya="3" hai0="3,132,2,69,63,8,101,88,133,50,86,113,111" hai1="93,19,49,122,126,44,59,34,12,21,114,43,29" hai2="128,55,18,110,118,115,102,99,89,16,80,11,76" hai3="68,74,75,41,64,77,66,95,14,48,100,45,27"/><W117/><G117/><T130/><D101/><U124/><E114/><V108/><F118/><W67/><G68/><T87/><D87/><U120/><E59/><V71/><F115/><W24/><G14/><T17/><D113/><U37/><E37/><V30/><F71/><W51/><G77/><T109/><D50/><U32/><E93/><N who="2" m="58735" /><F128/><W82/><G82/><T9/><D130/><U20/><E21/><V90/><F30/><W92/><G100/><T125/><D125/><N who="1" m="48235" /><E29/><V106/><F55/><W78/><G78/><T83/><D63/><U129/><E129/><V94/><F106/><W79/><G79/><T58/><D58/><U85/><E85/><N who="2" m="48263" /><F11/><W38/><G38/><T61/><D61/><U135/><E135/><N who="0" m="51785" /><D69/><U73/><E73/><V70/><F70/><W39/><G39/><T5/><D2/><U6/><E34/><V97/><F90/><W22/><G75/><T53/><D53/><U107/><E32/><V35/><F35/><W72/><G74/><T15/><AGARI ba="1,0" hai="3,5,8,9,15,17,83,86,88,109,111" m="51785" machi="15" ten="30,2000,0" yaku="20,1,54,1" doraHai="54" who="0" fromWho="0" sc="282,23,320,-6,189,-6,209,-11" owari="305,10.5,314,41.4,183,-31.7,198,-20.2" /></mjloggm>