<mjloggm ver="2.3"><GO type="225" lobby="0"/><UN n0="%72%69%6F%75%63%68%61%6E" n1="%E3%83%B4%E3%82%A3%E3%83%AF%E3%82%B3%E3%82%B0%E3%83%8B" n2="%E3%80%90%E3%83%88%E3%83%AA%E3%83%A5%E3%83%95%E3%80%91" n3="%E3%80%93%E3%81%97%E3%83%BC%E3%82%89%E3%80%93" dan="16,16,16,16" rate="2185.83,2214.51,2130.76,2148.40" sx="M,M,M,M"/><TAIKYOKU oya="0"/><INIT seed="0,0,0,4,5,119" ten="250,250,250,250" oya="0" hai0="67,97,8,16,22,133,35,109,4,59,48,115,108" hai1="94,62,49,89,110,3,44,127,81,13,33,17,114" hai2="72,125,88,101,36,63,93,6,26,38,53,135,120" hai3="100,65,7,58,92,76,83,56,85,86,32,116,9"/><T19/><D115/><U51/><E110/><N who="0" m="42601" /><D35/><U98/><E3/><V18/><F6/><W39/><G32/><T69/><D133/><U123/><E114/><V54/><F72/><W77/><G39/><T95/><D69/><U24/><E127/><V31/><F18/><W34/><G34/><T124/><D124/><U111/><E111/><V37/><F125/><W131/><G131/><T130/><D130/><U96/><E62/><V52/><F101/><W28/><G28/><T20/><D20/><U66/><E66/><V40/><F135/><W64/><G116/><T73/><D73/><U113/><E113/><V71/><F40/><W1/><G100/><N who="0" m="60479" /><D22/><U87/><E33/><V117/><F117/><W47/><G47/><T78/><D78/><U11/><E24/><V61/><F71/><W82/><G92/><T84/><D84/><U90/><E98/><V21/><REACH who="2" step="1"/><F120/><REACH who="2" ten="250,250,240,250" step="2"/><W104/><G104/><T60/><D48/><U42/><REACH who="1" step="1"/><E51/><REACH who="1" ten="250,240,240,250" step="2"/><V132/><F132/><W129/><G129/><T79/><D79/><U41/><E41/><V105/><F105/><W15/><G1/><AGARI ba="0,2" hai="1,4,8,16,19,59,60,67" m="60479,42601" machi="1" ten="30,5800,0" yaku="14,1,10,1,54,1" doraHai="119" who="0" fromWho="3" sc="250,78,240,0,240,0,250,-58" /><INIT seed="0,1,0,4,3,119" ten="328,240,240,192" oya="0" hai0="74,8,56,38,116,12,72,9,70,59,121,62,57" hai1="15,29,76,53,36,83,117,25,109,122,123,61,18" hai2="17,75,94,135,11,107,69,89,114,87,5,44,125" hai3="23,43,27,95,73,30,91,37,51,66,78,108,133"/><T81/><D121/><U68/><E117/><V90/><F114/><W105/><G105/><T2/><D116/><U0/><E36/><V128/><F107/><W126/><G37/><T101/><D38/><U132/><E0/><V26/><F69/><W98/><G133/><T64/><D101/><U96/><E109/><V3/><F75/><W41/><G108/><T48/><D2/><U124/><E132/><V99/><F135/><W28/><G126/><T14/><D48/><U112/><E112/><V82/><F125/><W113/><G113/><T92/><D92/><U60/><E96/><V106/><F106/><W45/><G66/><T49/><D49/><U54/><E68/><V127/><F44/><W55/><REACH who="3" step="1"/><G30/><REACH who="3" ten="328,240,240,182" step="2"/><T79/><REACH who="0" step="1"/><D72/><REACH who="0" ten="318,240,240,182" step="2"/><U42/><E124/><V111/><F127/><W65/><G65/><T50/><D50/><U130/><E60/><V88/><F111/><W33/><G33/><T22/><D22/><U31/><E61/><V115/><F115/><W24/><G24/><T84/><D84/><U129/><E25/><V1/><F26/><W134/><G134/><T118/><D118/><U40/><E130/><V20/><F128/><W80/><AGARI ba="1,2" hai="23,27,28,41,43,45,51,55,73,78,80,91,95,98" machi="80" ten="30,4000,0" yaku="1,1,0,1,53,1" doraHai="119" doraHaiUra="16" who="3" fromWho="3" sc="318,-21,240,-11,240,-11,182,63" /><INIT seed="1,0,0,0,5,65" ten="297,229,229,245" oya="1" hai0="104,73,115,64,125,70,30,132,39,88,27,103,72" hai1="111,77,134,46,9,83,74,37,22,92,38,44,129" hai2="68,48,20,95,11,109,63,12,33,94,61,0,124" hai3="99,15,128,87,121,54,107,23,81,76,53,96,55"/><U18/><E134/><V51/><F33/><W102/><G121/><T16/><D115/><U98/><E129/><V86/><F109/><W62/><G128/><T90/><D39/><U105/><E105/><V135/><F0/><W49/><G62/><N who="2" m="23561" /><F68/><W85/><G99/><N who="0" m="61567" /><D132/><U6/><E111/><V31/><F124/><W8/><G23/><T17/><D125/><U59/><E59/><V97/><F86/><W118/><G118/><T34/><D72/><U57/><E57/><V40/><F94/><W19/><REACH who="3" step="1"/><G85/><REACH who="3" ten="297,229,229,235" step="2"/><T1/><D73/><U45/><E98/><V14/><F135/><W56/><AGARI ba="0,1" hai="8,15,19,49,53,54,55,56,76,81,87,96,102,107" machi="56" ten="20,5200,0" yaku="1,1,2,1,0,1,7,1,53,0" doraHai="65" doraHaiUra="67" who="3" fromWho="3" sc="297,-13,229,-26,229,-13,235,62" /><INIT seed="2,0,0,5,4,135" ten="284,203,216,297" oya="2" hai0="93,66,133,123,109,122,13,30,49,56,78,5,77" hai1="41,79,54,119,76,22,112,113,100,70,53,71,4" hai2="110,23,84,43,19,26,86,40,116,92,81,88,17" hai3="83,129,47,107,38,12,114,24,130,61,124,52,82"/><V125/><F116/><W20/><G107/><T127/><D127/><U117/><E4/><V87/><F125/><W101/><G124/><T46/><D109/><U28/><E22/><V8/><F110/><W105/><G114/><N who="1" m="44138" /><E41/><V65/><F65/><W74/><G12/><T97/><D133/><U69/><E28/><V51/><F86/><W16/><G74/><T10/><D30/><U33/><E33/><V68/><F68/><W91/><G38/><T36/><D36/><U21/><E21/><V0/><F51/><N who="3" m="28799" /><G91/><N who="0" m="55487" /><D123/><U45/><E45/><V128/><F128/><N who="3" m="49259" /><G61/><N who="0" m="38183" /><D122/><U44/><E44/><V72/><F72/><W7/><G7/><T32/><D32/><U121/><E100/><V31/><F0/><W57/><G57/><T134/><D134/><U95/><E121/><V67/><F67/><W37/><G37/><T103/><D103/><U39/><E39/><V18/><REACH who="2" step="1"/><F8/><REACH who="2" ten="284,203,206,297" step="2"/><W131/><G131/><T3/><D3/><U94/><E119/><V62/><F62/><W126/><G126/><T104/><D104/><U89/><E117/><V98/><F98/><AGARI ba="0,1" hai="16,20,24,82,83,98,101,105" m="49259,28799" machi="98" ten="30,3900,0" yaku="19,1,54,2" doraHai="135" who="3" fromWho="2" sc="284,0,203,0,206,-39,297,49" /><INIT seed="3,0,0,2,0,39" ten="284,203,167,346" oya="3" hai0="99,10,26,111,100,76,44,130,70,97,135,112,90" hai1="47,65,68,62,38,75,91,108,34,131,9,127,52" hai2="86,12,126,69,121,95,53,123,118,35,129,103,8" hai3="4,28,45,78,41,42,5,120,22,6,43,50,64"/><W71/><G120/><T110/><D70/><U7/><E34/><V80/><F69/><W116/><G116/><T124/><D26/><U106/><E106/><V57/><F118/><W19/><G71/><T74/><D10/><U0/><E108/><N who="0" m="41513" /><D44/><U132/><E132/><V55/><F35/><W67/><G28/><T84/><D135/><U61/><E131/><V51/><F129/><W48/><G78/><T96/><D130/><U21/><E127/><V33/><F33/><W58/><G50/><T109/><N who="0" m="41521" /><T115/><DORA hai="113" /><D124/><U13/><E75/><V122/><F126/><W125/><G125/><T104/><D76/><U114/><E21/><V88/><F55/><N who="3" m="32103" /><G45/><T87/><D84/><U117/><E117/><V93/><F103/><W119/><G119/><T128/><D74/><U31/><E31/><V101/><F101/><W133/><G133/><T1/><D1/><U2/><E2/><V82/><F82/><W23/><G23/><T56/><D56/><U72/><E0/><V89/><F89/><W15/><AGARI ba="0,0" hai="4,5,6,15,19,22,41,42,43,64,67" m="32103" machi="15" ten="30,11700,0" yaku="8,1,52,3" doraHai="39,113" who="3" fromWho="3" sc="284,-39,203,-39,167,-39,346,117" owari="245,4.5,164,-23.6,128,-37.2,463,56.3" /></mjloggm>