<mjloggm ver="2.3"><GO type="225" lobby="0"/><UN n0="%72%61%6B%33" n1="%E6%98%93%E5%88%A9%E8%96%A9%E4%BC%AF" n2="%E3%83%9D%E3%83%B3%E3%83%9D%E3%82%B3%E5%95%86%E4%BA%8B" n3="%E5%B6%BA%E4%B8%8A%E5%92%B2" dan="16,17,16,16" rate="2074.90,2132.00,2205.67,2108.57" sx="M,F,M,F"/><TAIKYOKU oya="0"/><INIT seed="0,0,0,2,1,132" ten="250,250,250,250" oya="0" hai0="60,1,133,125,105,22,134,13,10,4,14,127,51" hai1="2,24,25,102,40,95,118,15,104,121,70,64,82" hai2="9,124,123,36,52,43,44,17,101,84,6,122,11" hai3="117,100,88,67,0,79,53,63,85,59,38,18,96"/><T54/><D105/><U130/><E118/><V47/><F101/><W21/><G0/><T26/><D60/><U56/><E2/><V66/><F66/><W98/><G38/><T120/><D120/><U112/><E70/><V69/><F69/><W34/><G34/><T75/><D75/><U126/><E104/><V49/><F124/><N who="0" m="47690" /><D54/><U50/><E112/><V68/><F68/><W61/><G117/><T91/><D91/><U108/><E108/><V57/><F47/><W48/><G63/><T3/><D51/><U107/><E107/><V94/><F17/><W119/><G119/><T41/><D41/><U8/><E121/><V77/><F11/><W135/><G135/><N who="0" m="51723" /><D3/><U33/><E40/><V116/><F116/><W80/><G61/><T19/><AGARI ba="0,0" hai="1,4,10,13,14,19,22,26" m="51723,47690" machi="19" ten="30,18000,2" yaku="18,1,20,1,34,2,52,3" doraHai="132" who="0" fromWho="0" sc="250,180,250,-60,250,-60,250,-60" /><INIT seed="0,1,0,2,2,52" ten="430,190,190,190" oya="0" hai0="31,79,107,68,0,100,67,134,39,80,16,24,47" hai1="118,108,75,45,42,40,128,111,84,96,74,36,18" hai2="3,35,1,76,13,28,51,69,99,132,34,124,48" hai3="121,9,130,86,106,113,131,60,12,87,54,104,2"/><T22/><D134/><U6/><E118/><V92/><F124/><W65/><G2/><T71/><D0/><U46/><E6/><V109/><F132/><W117/><G113/><T120/><D120/><U110/><E128/><N who="3" m="49194" /><G117/><T8/><D67/><U112/><E112/><V62/><F109/><W91/><G54/><T38/><D100/><U44/><E96/><V15/><F76/><W17/><G121/><T77/><D107/><N who="3" m="41001" /><G91/><T122/><D122/><U30/><E30/><V49/><F1/><W7/><G7/><T25/><D79/><U105/><E105/><V72/><F3/><W37/><G37/><T119/><D119/><U135/><E135/><V81/><F81/><W61/><G61/><T53/><D39/><U27/><E84/><V90/><F72/><N who="1" m="27689" /><E36/><V55/><F35/><W57/><AGARI ba="1,0" hai="9,12,17,57,60,65,86,87" m="41001,49194" machi="57" ten="30,2000,0" yaku="19,1,52,1" doraHai="52" who="3" fromWho="3" sc="430,-11,190,-6,190,-6,190,23" /><INIT seed="1,0,0,0,0,0" ten="419,184,184,213" oya="1" hai0="51,45,95,65,114,99,42,38,75,71,130,94,101" hai1="110,115,128,19,96,29,81,90,5,121,107,60,132" hai2="124,59,113,40,108,11,70,109,20,48,79,44,46" hai3="87,129,24,106,77,13,34,6,22,82,67,52,74"/><U127/><E115/><V62/><F79/><W35/><G106/><T134/><D114/><U54/><E121/><V3/><F113/><W8/><G129/><T131/><D75/><U112/><E112/><V55/><F20/><W72/><G67/><T57/><D134/><U93/><E128/><N who="0" m="49193" /><D71/><U133/><E107/><V68/><F11/><W26/><G26/><T100/><D65/><U84/><E29/><V28/><F3/><W2/><G2/><T118/><D118/><U43/><E43/><V18/><F18/><W4/><G4/><T41/><D57/><U98/><E127/><V14/><F14/><W32/><REACH who="3" step="1"/><G52/><REACH who="3" ten="419,184,184,203" step="2"/><N who="0" m="29807" /><D38/><U105/><E105/><V117/><F124/><W73/><G73/><T15/><D15/><U125/><E125/><V78/><F117/><W9/><G9/><T69/><D69/><U12/><E133/><V21/><F70/><W66/><G66/><T1/><D1/><U126/><E132/><V16/><F68/><W80/><G80/><T111/><D111/><U122/><E110/><V85/><F109/><W10/><G10/><T39/><D39/><U61/><E126/><V17/><F108/><W92/><G92/><T102/><D95/><U30/><E81/><N who="2" m="47287" /><F46/><W88/><G88/><AGARI ba="0,1" hai="41,42,88,94,99,100,101,102" m="29807,49193" machi="88" ten="30,3900,0" yaku="19,1,54,2" doraHai="0" who="0" fromWho="3" sc="419,49,184,0,184,0,203,-39" /><INIT seed="2,0,0,5,0,27" ten="468,184,184,164" oya="2" hai0="128,113,77,83,102,129,8,9,42,107,103,43,61" hai1="37,48,19,29,68,89,119,28,74,6,71,104,101" hai2="91,75,82,62,63,2,120,106,126,134,72,69,34" hai3="124,14,56,65,135,41,132,12,117,38,88,26,118"/><V32/><F120/><W115/><G124/><T100/><D107/><U85/><E74/><V59/><F126/><W93/><G115/><T31/><D31/><U109/><E37/><V99/><F134/><N who="3" m="51243" /><G26/><T112/><D61/><U81/><E119/><N who="3" m="45578" /><G65/><T10/><D83/><U36/><E36/><V67/><F2/><W44/><G56/><T110/><D77/><U15/><E6/><V18/><F75/><W105/><G105/><T90/><D90/><U122/><E122/><V123/><F123/><W64/><G64/><T80/><D80/><U86/><E109/><V116/><F116/><W76/><G76/><T40/><D110/><U79/><E48/><V35/><F72/><W94/><G94/><T114/><AGARI ba="0,0" hai="8,9,10,40,42,43,100,102,103,112,113,114,128,129" machi="114" ten="50,32000,5" yakuman="40" doraHai="27" who="0" fromWho="0" sc="468,320,184,-80,184,-160,164,-80" /><INIT seed="3,0,0,0,0,78" ten="788,104,24,84" oya="3" hai0="17,75,43,101,111,132,96,51,62,130,26,89,106" hai1="19,85,25,81,4,58,49,125,5,98,69,108,7" hai2="82,128,97,102,6,28,114,124,117,112,99,133,110" hai3="93,107,30,76,3,131,45,13,2,21,38,83,22"/><W73/><G107/><T24/><D111/><U74/><E69/><V35/><F6/><W29/><G131/><T115/><D132/><U61/><E74/><V103/><F28/><W32/><G32/><T16/><D75/><U18/><E125/><V91/><F35/><W27/><G93/><T54/><D115/><N who="2" m="44074" /><F117/><W92/><G92/><T1/><D1/><U77/><E108/><V119/><F119/><W57/><G57/><N who="0" m="35127" /><D101/><N who="2" m="38410" /><F110/><W90/><G90/><T104/><D104/><U47/><E98/><N who="2" m="37387" /><F124/><W46/><G13/><T122/><D122/><U44/><E25/><N who="0" m="9833" /><D130/><U87/><E47/><V15/><F15/><W67/><G45/><N who="0" m="26047" /><D106/><U72/><E49/><V70/><F70/><W9/><G9/><T113/><D113/><U59/><E59/><V120/><F120/><W53/><G67/><T23/><D23/><U135/><E44/><V55/><F55/><W84/><G53/><T37/><D37/><U0/><E7/><V88/><F128/><W66/><G66/><T129/><D129/><U100/><E5/><V118/><F118/><W39/><G39/><T71/><D71/><U10/><E4/><V41/><F41/><W33/><G33/><T121/><D121/><U36/><E10/><V80/><F133/><W79/><G38/><T40/><D40/><U34/><E135/><V42/><F42/><W65/><G46/><T64/><D64/><U94/><E36/><V56/><F56/><W109/><G65/><T95/><AGARI ba="0,0" hai="16,17,89,95,96" m="26047,9833,35127" machi="95" ten="30,2000,0" yaku="8,1,54,1" doraHai="78" who="0" fromWho="0" sc="788,20,104,-5,24,-5,84,-10" owari="808,90.8,99,-10.1,19,-48.1,74,-32.6" /></mjloggm>