<mjloggm ver="2.3"><GO type="225" lobby="0"/><UN n0="%E3%82%A4%E3%83%BC%E3%82%B1%E3%83%97%E3%83%A9" n1="%4C%4F%4C%49%54%41" n2="%E5%B0%8F%E9%B3%A5%E9%81%8A%E7%B7%B4%E7%84%A1%32%31%E6%AD%B3" n3="%E6%98%93%E5%88%A9%E8%96%A9%E4%BC%AF" dan="17,16,16,17" rate="2221.60,2111.00,2165.28,2137.71" sx="M,F,F,F"/><TAIKYOKU oya="0"/><INIT seed="0,0,0,3,4,126" ten="250,250,250,250" oya="0" hai0="130,7,98,24,46,131,25,61,91,104,41,81,45" hai1="70,58,51,100,80,3,111,73,102,71,33,48,69" hai2="79,67,77,97,26,65,36,15,44,11,129,32,113" hai3="38,86,13,12,23,94,78,84,14,21,20,6,116"/><T1/><D61/><U49/><E3/><V127/><F113/><W55/><G38/><T4/><D104/><U110/><E33/><V9/><F127/><W29/><G116/><T107/><D107/><U83/><E58/><V22/><F32/><W114/><G114/><T37/><D46/><U72/><E83/><V74/><F97/><W99/><G29/><T135/><D135/><U35/><E35/><V133/><F133/><W101/><G6/><N who="0" m="2091" /><D1/><U63/><E63/><V90/><F90/><W2/><G2/><T43/><D43/><U50/><E50/><V10/><F15/><W62/><REACH who="3" step="1"/><G78/><REACH who="3" ten="250,250,250,240" step="2"/><T115/><D115/><U89/><E89/><V120/><F77/><W87/><G87/><N who="0" m="50671" /><D98/><U28/><E28/><V53/><F36/><W109/><G109/><N who="1" m="41482" /><E80/><V123/><F79/><W31/><G31/><T92/><D92/><U19/><E19/><V57/><F120/><W76/><G76/><T128/><AGARI ba="0,1" hai="24,25,37,41,45,128,130,131" m="50671,2091" machi="128" ten="40,12000,1" yaku="19,1,52,3" doraHai="126" who="0" fromWho="0" sc="250,130,250,-40,250,-40,240,-40" /><INIT seed="0,1,0,2,3,46" ten="380,210,210,200" oya="0" hai0="119,62,32,54,120,13,78,77,50,16,114,93,49" hai1="37,85,107,127,110,133,70,90,105,21,88,28,0" hai2="1,43,63,11,64,106,80,58,15,44,72,89,23" hai3="75,56,20,61,29,116,47,22,68,118,7,96,2"/><T55/><D114/><U19/><E0/><V98/><F1/><W112/><G112/><T97/><D119/><U27/><E37/><V121/><F121/><W125/><G75/><T104/><D104/><U18/><E70/><V128/><F128/><W126/><G68/><T113/><D32/><U117/><E117/><V131/><F131/><W31/><G96/><T69/><D120/><U74/><E74/><V38/><F23/><N who="3" m="8747" /><G56/><N who="0" m="35095" /><D69/><U84/><E110/><V79/><F89/><W103/><G103/><N who="0" m="60847" /><D113/><U109/><E109/><V8/><REACH who="2" step="1"/><F15/><REACH who="2" ten="380,210,200,200" step="2"/><W115/><G115/><T5/><D5/><U51/><E90/><V123/><F123/><W45/><G7/><T33/><D33/><U87/><E88/><V59/><F59/><W134/><G2/><T102/><D102/><AGARI ba="1,1" hai="8,11,38,43,44,58,63,64,72,79,80,98,102,106" machi="102" ten="40,1300,0" yaku="1,1,53,0" doraHai="46" doraHaiUra="129" who="2" fromWho="0" sc="380,-16,210,0,200,26,200,0" /><INIT seed="1,0,0,1,3,75" ten="364,210,226,200" oya="1" hai0="74,128,43,76,130,116,126,88,99,106,120,37,32" hai1="0,38,105,82,35,122,102,8,63,19,110,31,2" hai2="10,97,60,20,48,118,68,121,26,53,29,108,9" hai3="95,109,132,17,117,56,84,129,12,94,54,131,22"/><U133/><E122/><V98/><F118/><W58/><G109/><T6/><D116/><U72/><E19/><V30/><F108/><W23/><G117/><T73/><D32/><U111/><E133/><V7/><F121/><W135/><G84/><T34/><D34/><U91/><E63/><V81/><F29/><W3/><G3/><N who="1" m="1066" /><E91/><V33/><F33/><W67/><G67/><T41/><D120/><U50/><E50/><V28/><F28/><W25/><G54/><T127/><D6/><U100/><E8/><V59/><F10/><W66/><G66/><T13/><D13/><U51/><E51/><V86/><F68/><W62/><G62/><T49/><D49/><U79/><E102/><V44/><F9/><W52/><G52/><T64/><D64/><U103/><E100/><V40/><REACH who="2" step="1"/><F7/><REACH who="2" ten="364,210,216,200" step="2"/><W107/><G23/><T78/><D106/><U69/><E69/><V123/><F123/><W1/><G107/><T101/><D101/><U70/><E70/><V104/><F104/><W45/><G22/><T77/><D37/><U112/><E38/><V21/><F21/><W114/><G1/><T93/><D41/><U89/><E105/><V71/><F71/><W15/><G17/><T124/><D43/><U115/><E103/><V36/><F36/><W14/><G135/><T27/><D27/><N who="1" m="18943" /><E111/><V24/><F24/><W42/><G25/><T16/><D16/><U55/><E110/><V87/><F87/><W46/><G132/><T80/><D73/><U125/><E72/><V39/><F39/><W11/><G11/><T134/><D134/><U18/><E18/><RYUUKYOKU ba="0,1" sc="364,15,210,-15,216,15,200,-15" hai0="74,76,77,78,80,88,93,99,124,126,127,128,130" hai2="20,26,30,40,44,48,53,59,60,81,86,97,98" /><INIT seed="2,1,1,0,5,129" ten="379,195,231,185" oya="2" hai0="34,124,11,106,26,108,92,39,127,37,59,44,47" hai1="131,49,74,12,83,101,120,57,10,88,56,70,125" hai2="61,32,84,53,22,72,33,126,54,50,28,82,103" hai3="19,66,16,80,112,104,6,13,99,67,113,52,86"/><V40/><F126/><N who="0" m="48170" /><D106/><U27/><E70/><V0/><F72/><W132/><G6/><T90/><D108/><U105/><E125/><V95/><F40/><W128/><G128/><T73/><D73/><U46/><E131/><V122/><F0/><W23/><G132/><T25/><D59/><U81/><E120/><V107/><F107/><W97/><G19/><T68/><D11/><U14/><E27/><N who="0" m="10249" /><D34/><U123/><E123/><V24/><F122/><W134/><G134/><T100/><D100/><U60/><E101/><V31/><F61/><W71/><G71/><T36/><D68/><U98/><E74/><V29/><F32/><W51/><G104/><T2/><D2/><U121/><E57/><V3/><F3/><W1/><G1/><T89/><D89/><U63/><E56/><V65/><F65/><N who="3" m="24587" /><G113/><T93/><D93/><N who="1" m="56615" /><E105/><V30/><F33/><W7/><G112/><T18/><D18/><U17/><E121/><V69/><F69/><W35/><G7/><T20/><D20/><N who="1" m="11303" /><E83/><V115/><F115/><W110/><G35/><T109/><D109/><U5/><E81/><V133/><F82/><W21/><G21/><T64/><D64/><U102/><E102/><V55/><F133/><W118/><G110/><T38/><D36/><U79/><E79/><V42/><F103/><W62/><G62/><T87/><AGARI ba="1,1" hai="37,38,39,44,47,87,90,92" m="10249,48170" machi="87" ten="40,1500,0" yaku="18,1" doraHai="129" who="0" fromWho="0" sc="379,28,195,-5,231,-8,185,-5" /><INIT seed="3,0,0,0,0,40" ten="407,190,223,180" oya="3" hai0="110,1,74,71,109,57,0,89,97,128,79,94,37" hai1="29,85,54,43,49,2,82,44,16,42,112,23,119" hai2="106,116,32,87,21,125,96,63,126,22,73,66,95" hai3="60,35,69,13,4,115,123,18,78,11,88,7,39"/><W48/><G115/><T118/><D71/><U3/><E112/><V103/><F32/><W70/><G123/><T24/><D37/><U134/><E134/><V91/><F116/><W20/><G39/><T25/><D118/><U15/><E119/><V68/><REACH who="2" step="1"/><F73/><REACH who="2" ten="407,190,213,180" step="2"/><W107/><G35/><T67/><D74/><U135/><E135/><V83/><F83/><W50/><G107/><T9/><D109/><U104/><E104/><V12/><F12/><W99/><G78/><T52/><D79/><N who="1" m="46303" /><E2/><V105/><F105/><W34/><G34/><T132/><D0/><U6/><E3/><V98/><F98/><W117/><G117/><T127/><D97/><U76/><E76/><V10/><F10/><W114/><G114/><T81/><D9/><U36/><E15/><V100/><F100/><W53/><G7/><T72/><D81/><U65/><E6/><V27/><F27/><N who="3" m="14743" /><G70/><T58/><D24/><U56/><E23/><AGARI ba="0,1" hai="21,22,23,63,66,68,87,91,95,96,103,106,125,126" machi="23" ten="40,2600,0" yaku="1,1,53,1" doraHai="40" doraHaiUra="90" who="2" fromWho="1" sc="407,0,190,-26,213,36,180,0" owari="407,50.7,164,-33.6,249,4.9,180,-22.0" /></mjloggm>