<mjloggm ver="2.3"><GO type="225" lobby="0"/><UN n0="%E3%82%A2%E3%83%9E%E3%83%9D%EF%BD%9E%EF%BD%9E%E3%83%A9" n1="%E3%81%AF%E3%82%88%E3%81%8A%E3%81%98%E3%81%95%E3%82%93" n2="%E7%B4%94%E6%BD%94%E3%83%94%E3%83%A9%E3%83%8B%E3%82%A2" n3="%72%65%6E%6B%75%6E" dan="17,16,16,17" rate="2126.90,2151.24,2151.20,2198.07" sx="M,M,M,M"/><TAIKYOKU oya="0"/><INIT seed="0,0,0,2,3,112" ten="250,250,250,250" oya="0" hai0="43,83,17,50,89,76,1,66,79,55,2,60,63" hai1="59,114,123,117,88,122,102,51,10,118,34,48,99" hai2="78,11,14,19,3,61,28,65,33,100,110,108,52" hai3="94,82,58,64,0,72,56,8,73,49,54,74,132"/><T119/><D43/><U80/><E34/><V57/><F78/><W69/><G132/><T30/><D30/><U101/><E10/><V90/><F100/><N who="1" m="38505" /><E59/><V37/><F37/><W120/><G120/><N who="1" m="46122" /><E48/><V106/><F106/><W121/><G94/><T31/><D31/><U62/><E51/><V103/><F103/><W97/><G97/><T40/><D40/><U29/><E62/><N who="0" m="23593" /><D66/><U98/><E29/><V71/><F90/><W44/><G69/><T116/><D17/><U111/><E114/><V26/><F71/><W104/><G64/><T86/><D55/><U127/><E111/><N who="2" m="42539" /><F3/><W15/><G104/><T13/><D13/><U38/><E38/><V70/><F70/><W22/><G0/><T131/><D50/><U41/><E41/><V4/><F65/><W95/><G49/><T109/><D109/><U47/><E47/><V36/><F36/><W20/><G44/><T105/><D105/><U27/><E27/><V126/><F126/><W12/><G54/><T125/><D125/><U134/><E127/><V96/><F96/><N who="1" m="36905" /><E134/><V23/><F33/><W67/><G67/><T46/><D46/><U85/><AGARI ba="0,0" hai="80,85,88,117,118" m="36905,46122,38505" machi="85" ten="40,8000,1" yaku="34,2,52,2,54,1" doraHai="112" who="1" fromWho="1" sc="250,-40,250,80,250,-20,250,-20" /><INIT seed="1,0,0,0,2,50" ten="210,330,230,230" oya="1" hai0="104,31,39,32,133,44,40,85,12,49,8,99,27" hai1="1,97,14,43,64,78,82,73,122,24,107,16,108" hai2="28,23,42,74,13,35,115,92,84,128,123,132,117" hai3="111,120,18,41,55,93,88,5,2,112,6,118,109"/><U26/><E1/><V54/><F74/><W33/><G33/><T124/><D124/><U70/><E122/><V68/><F68/><W127/><G120/><T96/><D133/><U106/><E108/><N who="3" m="41546" /><G112/><T19/><D104/><U81/><E43/><V130/><F42/><W15/><G127/><T75/><D75/><U58/><E70/><V131/><F132/><W25/><G25/><T67/><D67/><U30/><E81/><V63/><F117/><W0/><G41/><T86/><REACH who="0" step="1"/><D39/><REACH who="0" ten="200,330,230,230" step="2"/><U95/><E106/><V102/><F123/><W7/><G118/><T103/><D103/><U114/><E107/><V11/><F102/><W66/><G66/><T56/><D56/><U77/><E64/><V79/><F115/><W21/><G55/><T134/><D134/><U22/><E114/><V110/><F110/><W101/><G101/><T129/><D129/><U51/><E73/><V87/><F128/><W60/><G60/><T121/><D121/><U71/><E71/><V57/><F130/><W76/><G76/><T3/><D3/><U80/><E77/><V91/><F131/><W105/><G105/><T47/><D47/><U53/><E78/><V89/><F79/><W52/><G52/><T69/><D69/><U98/><E53/><V61/><F54/><W59/><G59/><T36/><D36/><U83/><E58/><V72/><F57/><W116/><G116/><T37/><D37/><U45/><E45/><V48/><F61/><W46/><G46/><T90/><D90/><N who="2" m="34314" /><F63/><W34/><G34/><T20/><D20/><N who="1" m="15623" /><E51/><V113/><F113/><W9/><G0/><RYUUKYOKU ba="0,1" sc="200,15,330,-15,230,-15,230,15" hai0="8,12,19,27,31,32,40,44,49,85,86,96,99" hai3="2,5,6,7,9,15,18,21,88,93" /><INIT seed="2,1,1,2,5,134" ten="215,315,215,245" oya="2" hai0="124,64,47,110,48,61,12,21,106,17,62,96,60" hai1="23,66,51,99,118,115,79,72,71,80,67,83,24" hai2="37,114,100,27,84,46,58,42,105,75,20,34,95" hai3="93,41,89,133,112,74,29,40,113,122,32,77,101"/><V31/><F114/><N who="3" m="44139" /><G133/><T10/><D110/><U65/><E115/><V36/><F75/><W30/><G122/><T98/><D124/><U129/><E118/><V3/><F3/><W19/><G101/><T18/><D64/><U91/><E129/><V56/><F37/><W102/><G102/><T121/><D106/><U2/><E2/><V128/><F128/><W103/><G103/><T85/><D85/><U7/><E7/><V81/><F105/><W6/><G6/><T97/><D121/><U125/><E125/><V104/><F104/><W73/><G19/><N who="0" m="10471" /><D10/><U22/><E71/><V49/><F36/><W4/><G4/><T53/><AGARI ba="1,1" hai="17,18,47,48,53,60,61,62,96,97,98" m="10471" machi="53" ten="30,1100,0" yaku="8,1" doraHai="134" who="0" fromWho="0" sc="215,24,315,-4,215,-6,245,-4" /><INIT seed="3,0,0,4,5,92" ten="239,311,209,241" oya="3" hai0="17,25,119,36,65,124,19,105,41,66,28,51,72" hai1="23,16,89,58,54,14,100,122,53,61,98,88,52" hai2="29,47,87,22,75,46,95,57,26,44,93,135,68" hai3="2,108,128,60,32,7,37,101,104,84,11,96,110"/><W97/><G37/><T123/><D123/><U126/><E122/><V63/><F75/><W127/><G32/><T56/><D119/><U106/><REACH who="1" step="1"/><E126/><REACH who="1" ten="239,301,209,241" step="2"/><V6/><F135/><W15/><G127/><T24/><D124/><U85/><E85/><V39/><F39/><W78/><G128/><T45/><D36/><U109/><E109/><N who="3" m="42090" /><G97/><T80/><D72/><U79/><E79/><V116/><F116/><W113/><G113/><T120/><D120/><U34/><E34/><V5/><F68/><W74/><G74/><T50/><D66/><AGARI ba="0,1" hai="14,16,23,52,53,54,58,61,66,88,89,98,100,106" machi="66" ten="40,8000,1" yaku="1,1,52,1,54,3,53,0" doraHai="92" doraHaiUra="77" who="1" fromWho="0" sc="239,-80,301,90,209,0,241,0" owari="159,-34.1,391,49.1,209,-19.1,241,4.1" /></mjloggm>