<mjloggm ver="2.3"><GO type="225" lobby="0"/><UN n0="%77%72%77%72%77%72%77%72" n1="%E3%81%BD%E3%81%A1%E3%81%9F%E3%81%93%E3%82%84" n2="%4C%C3%97%57%C3%97%4C" n3="%68%7A%63" dan="16,17,17,18" rate="2151.29,2174.42,2165.25,2251.65" sx="M,M,M,F"/><TAIKYOKU oya="0"/><INIT seed="0,0,0,5,5,31" ten="250,250,250,250" oya="0" hai0="26,109,106,25,27,110,51,72,111,24,74,114,82" hai1="1,115,42,102,9,56,44,83,14,76,36,123,48" hai2="90,94,103,61,19,89,124,87,127,30,58,119,88" hai3="28,85,45,65,116,43,67,22,29,69,50,59,68"/><T134/><D114/><U66/><E123/><V57/><F119/><W122/><G116/><T121/><D121/><U34/><E115/><V64/><F103/><W118/><G118/><T60/><D134/><U12/><E102/><V80/><F19/><W8/><G122/><T38/><D38/><U17/><E34/><V112/><F112/><W23/><G8/><T55/><D106/><U46/><E1/><V18/><F30/><N who="3" m="11883" /><G69/><T104/><D104/><U77/><E83/><V107/><F107/><W16/><G68/><T32/><D32/><U125/><E125/><N who="2" m="48203" /><F18/><W63/><G85/><T33/><D33/><U71/><E71/><N who="2" m="42383" /><F94/><W70/><G70/><T39/><D39/><U41/><REACH who="1" step="1"/><E14/><REACH who="1" ten="250,240,250,250" step="2"/><V100/><F100/><W4/><G4/><T97/><D24/><U95/><E95/><V62/><F57/><W5/><G5/><T105/><D82/><U6/><E6/><V7/><F7/><W129/><G129/><T135/><D135/><U117/><E117/><V10/><F10/><W133/><G133/><T37/><D37/><U96/><E96/><V92/><F80/><W40/><G23/><T35/><D35/><U86/><E86/><V15/><F15/><N who="3" m="9503" /><G67/><AGARI ba="0,1" hai="58,62,67,87,88,89,90,92" m="42383,48203" machi="67" ten="30,2000,0" yaku="18,1,54,1" doraHai="31" who="2" fromWho="3" sc="250,0,240,0,250,30,250,-20" /><INIT seed="1,0,0,0,5,130" ten="250,240,280,230" oya="1" hai0="104,67,89,20,53,66,41,50,73,78,51,42,58" hai1="111,91,114,113,87,44,8,13,48,9,131,17,10" hai2="14,6,101,129,68,28,69,134,93,128,33,122,55" hai3="12,71,125,65,76,88,1,115,70,15,43,85,126"/><U36/><E36/><V119/><F119/><W31/><G1/><T127/><D104/><U99/><E131/><N who="2" m="50251" /><F122/><W94/><G115/><T18/><D127/><N who="3" m="48649" /><G31/><T124/><D124/><U37/><E37/><V19/><F6/><W49/><G76/><T92/><D78/><U132/><E99/><N who="2" m="59631" /><F134/><W84/><G84/><N who="0" m="52263" /><D73/><U11/><E132/><V95/><F95/><W24/><G24/><N who="0" m="14359" /><D50/><U5/><E111/><V109/><F109/><W52/><G43/><AGARI ba="0,0" hai="41,42,43,51,53,58,66,67" m="14359,52263" machi="43" ten="30,1000,0" yaku="8,1" doraHai="130" who="0" fromWho="3" sc="250,10,240,0,280,0,230,-10" /><INIT seed="2,0,0,1,4,66" ten="260,240,280,220" oya="2" hai0="76,35,16,98,17,40,89,25,39,28,18,84,68" hai1="41,100,26,135,79,70,29,80,46,6,71,86,65" hai2="61,15,106,120,115,60,63,52,77,104,14,96,105" hai3="24,110,11,4,69,3,72,126,34,94,23,118,31"/><V51/><F115/><W27/><G118/><T113/><D113/><U85/><E135/><V99/><F77/><W95/><G110/><T122/><D122/><U116/><E116/><V127/><F120/><W82/><G126/><T44/><D98/><U12/><E65/><V30/><F30/><W117/><G117/><T33/><D76/><U114/><E114/><V119/><F127/><W0/><G0/><T5/><D5/><U7/><E100/><V90/><F119/><W19/><REACH who="3" step="1"/><G69/><REACH who="3" ten="260,240,280,210" step="2"/><T22/><REACH who="0" step="1"/><D68/><REACH who="0" ten="250,240,280,210" step="2"/><U9/><E71/><V73/><F106/><W38/><G38/><T93/><AGARI ba="0,2" hai="16,17,18,22,25,28,33,35,39,40,44,84,89,93" machi="93" ten="30,7900,0" yaku="1,1,2,1,0,1,54,1,53,0" doraHai="66" doraHaiUra="101" who="0" fromWho="0" sc="250,99,240,-20,280,-39,210,-20" /><INIT seed="3,0,0,0,2,131" ten="349,220,241,190" oya="3" hai0="73,91,39,75,122,113,114,88,72,37,68,44,38" hai1="64,90,7,93,4,30,125,61,94,76,84,109,78" hai2="118,49,115,132,35,20,42,89,43,32,23,56,28" hai3="45,29,22,16,34,58,59,108,69,74,12,21,133"/><W119/><G119/><T83/><D122/><U13/><E109/><V123/><F118/><W92/><G69/><T107/><D68/><U57/><E125/><V6/><F6/><W70/><G70/><T135/><D135/><U99/><E30/><V48/><F28/><W134/><G74/><T11/><D11/><U65/><E65/><V66/><F66/><W31/><G108/><T129/><D129/><U77/><REACH who="1" step="1"/><E13/><REACH who="1" ten="349,210,241,190" step="2"/><V52/><F123/><W97/><G34/><T120/><D120/><U124/><E124/><V15/><F15/><W24/><G31/><T19/><D114/><U3/><E3/><V112/><F35/><W33/><G33/><T36/><D113/><U17/><E17/><V55/><F32/><W71/><G71/><T41/><D19/><U46/><E46/><V82/><F56/><W81/><G45/><T127/><D127/><U86/><E86/><V79/><F115/><W27/><G12/><T18/><D18/><U111/><E111/><V110/><F110/><W2/><G2/><T85/><D72/><U14/><E14/><V80/><F112/><W63/><G81/><T126/><D126/><U62/><E62/><V53/><F82/><W40/><G40/><T1/><D1/><U102/><AGARI ba="0,1" hai="4,7,57,61,64,76,77,78,84,90,93,94,99,102" machi="102" ten="30,4000,0" yaku="1,1,0,1,8,1,53,0" doraHai="131" doraHaiUra="121" who="1" fromWho="1" sc="349,-10,210,50,241,-10,190,-20" owari="339,43.9,260,6.0,231,-16.9,170,-33.0" /></mjloggm>