<mjloggm ver="2.3"><GO type="225" lobby="0"/><UN n0="%E3%81%AF%E3%82%88%E3%81%8A%E3%81%98%E3%81%95%E3%82%93" n1="%E3%81%A4%E3%81%A3%E3%81%B1%E3%82%8A%E3%83%9D%E3%83%BC%E3%83%AB" n2="%E6%98%93%E5%88%A9%E8%96%A9%E4%BC%AF" n3="%E3%83%96%E3%83%83%E3%83%91%E3%82%AA%E3%83%96%E3%83%81%E3%82%AD%E3%83%B3" dan="17,17,17,16" rate="2126.29,2164.23,2124.11,2053.29" sx="M,M,F,M"/><TAIKYOKU oya="0"/><INIT seed="0,0,0,3,2,105" ten="250,250,250,250" oya="0" hai0="37,83,52,55,92,8,71,108,10,19,6,68,2" hai1="9,88,60,114,28,103,82,125,21,120,131,94,72" hai2="20,126,32,42,14,12,129,33,74,44,58,130,18" hai3="25,66,43,31,97,63,56,22,90,106,104,132,133"/><T81/><D37/><U127/><E120/><V89/><F126/><N who="1" m="48137" /><E131/><N who="2" m="50187" /><F89/><W1/><G1/><T85/><D108/><U101/><E114/><V54/><F14/><W65/><G43/><T118/><D118/><U124/><N who="1" m="48145" /><U30/><DORA hai="7" /><E60/><N who="2" m="35927" /><F74/><W123/><G123/><T29/><D29/><N who="1" m="11371" /><E21/><V34/><F33/><W64/><G104/><T67/><D67/><U86/><E9/><V61/><F61/><W110/><G110/><T40/><D40/><U11/><E11/><V111/><F111/><W98/><G106/><T122/><D122/><U77/><AGARI ba="0,0" hai="72,77,82,86,88,94,101,103" m="11371,48145" machi="77" ten="50,6400,0" yaku="18,1,52,1,54,1" doraHai="105,7" who="1" fromWho="1" sc="250,-32,250,64,250,-16,250,-16" /><INIT seed="1,0,0,2,5,43" ten="218,314,234,234" oya="1" hai0="97,33,45,76,86,24,111,105,122,16,12,124,64" hai1="71,0,74,109,88,37,133,18,19,21,77,40,50" hai2="29,44,11,62,131,75,7,4,46,69,117,31,51" hai3="91,79,125,102,2,54,134,116,107,83,103,66,108"/><U130/><E71/><V72/><F117/><W26/><G2/><T93/><D111/><U80/><E109/><V58/><F69/><W55/><G108/><T120/><D124/><U114/><E114/><V34/><F131/><W92/><G125/><T70/><D105/><U5/><E130/><V81/><F7/><W94/><G116/><T84/><D64/><U113/><E113/><V95/><F95/><W121/><G121/><N who="0" m="46699" /><D70/><U38/><E133/><V61/><F51/><W20/><G66/><T82/><D33/><U98/><E5/><V63/><F58/><W3/><G3/><T104/><D24/><U10/><E0/><V78/><F75/><N who="3" m="43519" /><G94/><T96/><D104/><U100/><E10/><V41/><F41/><W112/><G103/><T9/><D45/><U110/><E110/><V73/><F73/><W36/><G36/><T65/><D65/><U132/><E100/><V128/><F128/><W42/><G134/><T87/><D97/><U28/><E132/><V17/><F17/><N who="3" m="12559" /><G112/><T47/><D47/><N who="1" m="25959" /><E38/><V106/><F106/><W52/><G107/><T115/><D115/><U89/><E37/><V118/><F118/><W123/><G123/><T35/><D35/><U90/><E98/><V127/><F127/><W6/><G102/><AGARI ba="0,0" hai="9,12,16,76,82,84,86,87,93,96,102" m="46699" machi="102" ten="30,2000,0" yaku="13,1,54,1" doraHai="43" who="0" fromWho="3" sc="218,20,314,0,234,0,234,-20" /><INIT seed="2,0,0,1,0,7" ten="238,314,234,214" oya="2" hai0="115,72,54,80,94,40,18,24,83,36,68,114,17" hai1="87,69,121,25,50,46,26,133,74,9,30,13,118" hai2="92,97,57,88,126,14,96,128,85,48,12,66,67" hai3="33,89,135,60,134,1,117,62,123,32,6,70,31"/><V58/><F128/><W59/><G117/><T43/><D68/><U71/><E74/><V79/><F126/><W61/><G123/><T113/><D54/><U110/><E118/><V41/><F97/><W86/><G70/><T107/><D107/><U37/><E37/><V95/><F79/><W42/><G42/><T106/><D106/><U8/><E121/><V75/><F75/><W65/><G65/><N who="2" m="24585" /><F41/><N who="0" m="15946" /><D72/><U82/><E71/><V91/><F48/><W100/><G59/><AGARI ba="0,0" hai="12,14,57,58,59,85,88,91,92,95,96" m="24585" machi="59" ten="30,2900,0" yaku="8,1,54,1" doraHai="7" who="2" fromWho="3" sc="238,0,314,0,234,29,214,-29" /><INIT seed="2,1,0,1,2,34" ten="238,314,263,185" oya="2" hai0="124,9,33,106,88,50,113,98,94,38,122,58,27" hai1="86,40,42,1,60,13,22,95,46,48,56,54,105" hai2="43,108,125,3,65,32,63,69,14,64,71,102,70" hai3="78,29,79,30,91,134,39,62,84,92,45,28,53"/><V51/><F32/><W132/><G62/><T61/><D113/><U36/><E1/><V6/><F14/><W119/><G119/><T18/><D122/><U123/><E105/><V89/><F102/><W114/><G114/><T117/><D38/><U44/><E123/><V26/><F26/><W96/><G53/><T128/><D117/><U97/><E86/><V82/><F82/><W126/><G126/><T47/><D124/><U4/><E4/><V23/><F89/><W110/><G110/><T24/><D128/><U74/><E74/><V83/><F83/><W80/><REACH who="3" step="1"/><G78/><REACH who="3" ten="238,314,263,175" step="2"/><T21/><D61/><U131/><E54/><V118/><F108/><W12/><G12/><T67/><D67/><U112/><E60/><V66/><F118/><W129/><G129/><T115/><D115/><U37/><E13/><V15/><F125/><W41/><AGARI ba="1,1" hai="28,29,30,39,41,45,79,80,84,91,92,96,132,134" machi="41" ten="30,2000,0" yaku="1,1,0,1,53,0" doraHai="34" doraHaiUra="57" who="3" fromWho="3" sc="238,-6,314,-6,263,-11,175,33" /><INIT seed="3,0,0,4,0,123" ten="232,308,252,208" oya="3" hai0="75,122,11,67,125,68,102,89,41,44,60,87,57" hai1="18,78,93,117,42,73,84,16,70,111,58,29,14" hai2="72,8,23,17,27,71,90,113,120,132,52,48,94" hai3="34,104,47,21,76,1,115,51,45,24,56,22,96"/><W110/><G115/><T9/><D122/><U106/><E106/><V131/><F120/><W66/><G1/><T3/><D75/><U7/><E70/><V62/><F72/><W6/><G6/><T28/><D125/><U99/><E73/><V135/><F113/><W13/><G76/><T95/><D3/><U114/><E114/><V20/><F131/><W127/><G127/><T69/><D69/><U118/><E29/><V121/><F121/><W4/><G34/><T63/><D102/><U15/><E42/><V49/><F8/><N who="3" m="4231" /><G104/><T50/><D28/><U77/><E7/><V80/><F80/><W25/><G96/><T86/><D87/><U33/><E33/><V98/><F23/><N who="3" m="8715" /><G110/><T91/><D89/><U38/><E111/><V0/><F0/><W85/><G85/><T112/><D112/><U10/><E84/><V5/><F5/><W82/><G82/><T59/><REACH who="0" step="1"/><D68/><REACH who="0" ten="222,308,252,208" step="2"/><U100/><E117/><V128/><F71/><W129/><G129/><T32/><D32/><U2/><E118/><V19/><F128/><W81/><G81/><T30/><D30/><U119/><E119/><V26/><F90/><W37/><G25/><T97/><D97/><U92/><E2/><V43/><F98/><W61/><G24/><T54/><AGARI ba="0,1" hai="9,11,41,44,50,54,57,59,60,63,67,86,91,95" machi="54" ten="20,5200,0" yaku="1,1,0,1,7,1,8,1,53,0" doraHai="123" doraHaiUra="101" who="0" fromWho="0" sc="222,62,308,-13,252,-13,208,-26" /><INIT seed="4,0,0,1,4,125" ten="284,295,239,182" oya="0" hai0="64,134,12,20,91,82,83,94,29,40,77,112,130" hai1="132,78,104,42,65,114,133,39,96,99,55,72,16" hai2="117,25,95,87,53,47,35,121,81,37,31,1,62" hai3="22,69,103,4,124,67,33,85,84,86,127,60,63"/><T131/><D112/><U97/><E114/><V50/><F121/><W11/><G33/><T21/><D134/><N who="1" m="51819" /><E65/><V110/><F110/><W59/><G22/><T118/><D118/><U36/><E42/><V89/><F37/><N who="1" m="14409" /><E16/><V44/><F1/><W61/><G103/><T54/><D40/><U107/><E55/><V46/><F117/><W6/><G63/><T15/><D64/><U119/><E119/><V14/><F62/><W113/><G113/><T9/><D54/><U7/><E7/><V109/><F109/><W122/><G122/><T58/><D58/><U135/><E135/><V115/><F115/><W101/><G101/><T32/><D32/><U128/><E128/><N who="0" m="49193" /><D29/><U73/><E78/><V70/><F70/><W93/><G127/><T51/><D51/><U13/><E13/><N who="0" m="5193" /><D9/><U43/><E43/><V98/><F14/><W30/><G124/><T2/><D2/><U10/><E10/><V129/><F129/><W92/><G30/><T71/><D71/><U8/><E8/><V108/><F108/><W100/><G11/><T49/><D49/><U28/><E28/><V106/><F46/><W57/><G69/><T3/><D3/><U34/><E34/><V90/><F47/><W18/><G18/><T24/><D77/><U120/><E120/><V102/><F44/><W48/><G48/><T123/><D123/><U5/><E5/><N who="3" m="2154" /><G100/><T26/><D20/><U45/><E45/><N who="2" m="27855" /><F102/><W88/><G88/><T27/><D21/><U56/><E56/><V68/><F68/><W105/><G105/><AGARI ba="0,0" hai="72,73,96,97,99,104,105,107" m="14409,51819" machi="105" ten="40,5200,0" yaku="28,2,20,1" doraHai="125" who="1" fromWho="3" sc="284,0,295,52,239,0,182,-52" owari="284,8.4,347,44.7,239,-16.1,130,-37.0" /></mjloggm>