<mjloggm ver="2.3"><GO type="225" lobby="0"/><UN n0="%70%68%65%6E%6F%6D%65" n1="%E6%98%93%E5%88%A9%E8%96%A9%E4%BC%AF" n2="%E3%81%A4%E3%81%A3%E3%81%B1%E3%82%8A%E3%83%9D%E3%83%BC%E3%83%AB" n3="%E9%80%86%E9%80%A3%E5%B8%AF%E3%81%AE%E9%AC%BC" dan="16,16,17,16" rate="2172.45,2110.85,2262.47,2083.88" sx="M,F,M,M"/><TAIKYOKU oya="0"/><INIT seed="0,0,0,3,1,38" ten="250,250,250,250" oya="0" hai0="6,110,5,127,113,51,101,20,45,100,84,44,12" hai1="116,80,62,25,54,91,47,125,123,121,60,129,28" hai2="97,98,61,29,67,58,14,92,40,78,23,57,133" hai3="9,104,71,35,11,135,105,63,70,99,77,66,106"/><T52/><D113/><U131/><E80/><V81/><F133/><W42/><G135/><T34/><D34/><U103/><E103/><N who="0" m="39497" /><D127/><U59/><E91/><V16/><F29/><W117/><G117/><T108/><D84/><U10/><E10/><V1/><F1/><W50/><G35/><T68/><D68/><U24/><E116/><V41/><F58/><W120/><G120/><T76/><D76/><U96/><E96/><N who="2" m="36971" /><F92/><W49/><G99/><T8/><D20/><U85/><E85/><AGARI ba="0,0" hai="14,16,23,40,41,57,61,67,78,81,85" m="36971" machi="85" ten="30,7700,0" yaku="8,1,52,2,54,1" doraHai="38" who="2" fromWho="1" sc="250,0,250,-77,250,77,250,0" /><INIT seed="1,0,0,5,2,31" ten="250,173,327,250" oya="1" hai0="39,93,118,2,119,0,125,33,48,54,115,1,63" hai1="92,6,102,34,114,62,120,110,30,60,69,91,104" hai2="27,128,49,116,45,52,106,99,105,111,7,3,56" hai3="98,32,107,74,89,15,61,83,64,76,51,117,68"/><U72/><E114/><V123/><F116/><W57/><G117/><T82/><D115/><U42/><E120/><V109/><F123/><W5/><G32/><T86/><D39/><U11/><E110/><N who="2" m="41995" /><F128/><W38/><G38/><T12/><D125/><U35/><E72/><V121/><F121/><W4/><G15/><T37/><D37/><U75/><E75/><V95/><F27/><W22/><G22/><T10/><D63/><U19/><E42/><V41/><F7/><W24/><G24/><T16/><D93/><U46/><E46/><V130/><F3/><W78/><G78/><T55/><D33/><U28/><E19/><V47/><F130/><W100/><G89/><T77/><REACH who="0" step="1"/><D55/><REACH who="0" ten="240,173,327,250" step="2"/><U53/><E53/><V71/><F71/><W66/><G66/><T97/><D97/><U43/><E69/><V65/><F65/><W59/><G68/><T87/><D87/><U133/><E92/><V124/><F124/><W58/><G51/><T94/><D94/><U129/><E129/><V36/><F56/><AGARI ba="0,1" hai="0,1,2,10,12,16,48,54,56,77,82,86,118,119" machi="56" ten="40,2600,0" yaku="1,1,54,1,53,0" doraHai="31" doraHaiUra="85" who="0" fromWho="2" sc="240,36,173,0,327,-26,250,0" /><INIT seed="2,0,0,2,3,66" ten="276,173,301,250" oya="2" hai0="71,56,120,46,100,55,38,130,81,51,40,105,1" hai1="110,102,58,121,20,53,111,117,14,52,67,106,36" hai2="17,123,128,45,85,57,62,37,126,35,74,8,12" hai3="24,75,96,10,93,13,76,104,84,29,133,3,70"/><V69/><F123/><W98/><G133/><T25/><D1/><U78/><E117/><V113/><F74/><W124/><G124/><T118/><D120/><U135/><E121/><V73/><F73/><W90/><G3/><T95/><D105/><U59/><E36/><V94/><F113/><W15/><G70/><T129/><D118/><U72/><E135/><V43/><F35/><W122/><G122/><T23/><D81/><U101/><E67/><V91/><F126/><W125/><G125/><T86/><D71/><U116/><E116/><V34/><F34/><W68/><G68/><T47/><D47/><U44/><E44/><V107/><F107/><W63/><G63/><T6/><D6/><U87/><E72/><V26/><F26/><W0/><G0/><T134/><D134/><U61/><E106/><V4/><F69/><W33/><G15/><T2/><D2/><U60/><E87/><V48/><F128/><W32/><G32/><T50/><D38/><U21/><REACH who="1" step="1"/><E14/><REACH who="1" ten="276,163,301,250" step="2"/><V18/><F37/><W28/><G104/><T115/><D86/><U31/><E31/><V99/><F85/><W112/><G29/><T9/><D129/><U42/><E42/><V16/><F17/><W83/><G112/><T64/><D130/><U41/><E41/><V103/><F18/><AGARI ba="0,1" hai="10,13,18,24,28,33,75,76,83,84,90,93,96,98" machi="18" ten="30,1000,0" yaku="7,1" doraHai="66" who="3" fromWho="2" sc="276,0,163,0,301,-10,250,20" /><INIT seed="3,0,0,2,1,128" ten="276,163,291,270" oya="3" hai0="106,113,24,38,112,5,33,95,126,32,103,30,2" hai1="77,119,37,22,98,64,111,85,108,107,132,125,18" hai2="67,3,46,124,61,1,12,7,96,8,62,91,50" hai3="42,127,58,99,130,71,123,65,76,48,97,63,70"/><W121/><G130/><T72/><D72/><U23/><E37/><V84/><F124/><W120/><G127/><T122/><D126/><U17/><E125/><V110/><F110/><N who="1" m="42025" /><E119/><V43/><F96/><W35/><G35/><T31/><D38/><U11/><E64/><V129/><F129/><W14/><G76/><T118/><D95/><U92/><E107/><V88/><F91/><W134/><G14/><T117/><D103/><N who="1" m="60871" /><E11/><V51/><F51/><W115/><G115/><N who="0" m="44107" /><D106/><U13/><E132/><V116/><F62/><W133/><G99/><T114/><D122/><U21/><E13/><V89/><F89/><W34/><G97/><T83/><D83/><AGARI ba="0,0" hai="17,18,21,22,23,77,83,85" m="60871,42025" machi="83" ten="30,1000,0" yaku="14,1" doraHai="128" who="1" fromWho="0" sc="276,-10,163,10,291,0,270,0" /><INIT seed="4,0,0,5,3,110" ten="266,173,291,270" oya="0" hai0="85,97,90,126,118,102,44,70,16,47,0,84,59" hai1="114,38,115,37,5,48,106,135,103,54,30,41,49" hai2="63,112,82,76,131,125,12,65,10,107,28,120,74" hai3="36,15,64,123,40,22,72,121,67,99,43,32,18"/><T17/><D118/><U86/><E30/><V105/><F120/><W55/><G32/><T71/><D126/><U51/><E5/><V127/><F112/><N who="1" m="43049" /><E135/><V1/><F28/><W19/><G72/><T42/><D0/><U122/><E122/><V31/><F31/><W96/><G55/><T117/><D70/><U58/><E41/><V11/><F131/><W26/><G36/><N who="1" m="13930" /><E86/><V95/><F1/><W13/><G22/><T133/><D71/><U81/><E81/><V128/><F11/><W68/><G68/><T46/><D117/><U88/><E88/><V50/><F128/><W119/><G119/><T98/><D133/><U52/><E54/><V25/><F82/><W9/><G9/><T80/><D42/><U108/><E108/><V6/><F10/><W29/><G29/><T92/><D85/><U35/><E35/><V77/><F6/><W100/><G100/><T124/><D124/><U89/><E89/><V69/><F127/><W24/><AGARI ba="0,0" hai="13,15,18,19,24,26,40,43,64,67,96,99,121,123" machi="24" ten="25,3200,0" yaku="0,1,22,2" doraHai="110" who="3" fromWho="3" sc="266,-16,173,-8,291,-8,270,32" owari="250,-15.0,165,-33.5,283,8.3,302,40.2" /></mjloggm>