<mjloggm ver="2.3"><GO type="225" lobby="0"/><UN n0="%E3%81%AF%E3%82%88%E3%81%8A%E3%81%98%E3%81%95%E3%82%93" n1="%E9%80%86%E9%80%A3%E5%B8%AF%E3%81%AE%E9%AC%BC" n2="%E6%97%A5%E6%9B%9C%E6%97%A5%E3%82%88%E3%82%8A%E3%81%AE%E4%BD%BF%E8%80%85" n3="%53%61%63%68%69%30%34" dan="17,16,17,16" rate="2177.59,2075.40,2191.24,2073.92" sx="M,M,M,M"/><TAIKYOKU oya="0"/><INIT seed="0,0,0,2,1,84" ten="250,250,250,250" oya="0" hai0="55,11,117,19,32,6,124,51,30,101,53,100,129" hai1="64,109,8,97,122,66,69,71,90,26,95,83,25" hai2="41,20,2,96,37,10,4,120,5,102,131,115,103" hai3="54,77,111,57,70,118,80,132,88,72,47,61,123"/><T7/><D117/><U0/><E122/><V121/><F115/><W134/><G118/><T60/><D32/><U76/><E109/><V130/><F5/><N who="0" m="1546" /><D124/><U21/><E71/><V24/><F41/><W125/><G125/><T52/><D129/><N who="2" m="49162" /><F37/><W127/><G127/><T68/><D68/><U62/><E66/><V15/><F2/><W108/><G123/><N who="2" m="47177" /><F96/><W86/><G47/><N who="0" m="27775" /><D30/><AGARI ba="0,0" hai="4,10,15,20,24,30,102,103" m="47177,49162" machi="30" ten="30,1000,0" yaku="19,1" doraHai="84" who="2" fromWho="0" sc="250,-10,250,0,250,10,250,0" /><INIT seed="1,0,0,0,1,88" ten="240,250,260,250" oya="1" hai0="127,42,99,24,26,92,55,11,12,15,52,21,120" hai1="19,82,126,132,87,83,16,35,76,22,41,28,58" hai2="65,36,59,102,3,2,18,66,45,39,84,74,62" hai3="71,0,25,109,20,115,9,98,1,7,85,23,61"/><U64/><E132/><V117/><F74/><W86/><G115/><T91/><D127/><U63/><E126/><V60/><F117/><W114/><G114/><T43/><D120/><U101/><E35/><V106/><F106/><W78/><G109/><T5/><D15/><U50/><E101/><V123/><F123/><W6/><G78/><T30/><D26/><N who="1" m="16471" /><E83/><V93/><F18/><W121/><G121/><T131/><D131/><U110/><E110/><V13/><F13/><W81/><G81/><T119/><D119/><U77/><E77/><V49/><F39/><W56/><G71/><T69/><D69/><U32/><E32/><V135/><F36/><W134/><G98/><T96/><D99/><U103/><E103/><V47/><F135/><W37/><G37/><T17/><D30/><U44/><AGARI ba="0,0" hai="16,19,41,44,50,58,63,64,76,82,87" m="16471" machi="44" ten="30,3000,0" yaku="8,1,54,1" doraHai="88" who="1" fromWho="1" sc="240,-10,250,30,260,-10,250,-10" /><INIT seed="1,1,0,0,0,8" ten="230,280,250,240" oya="1" hai0="115,44,66,10,98,2,112,125,4,82,41,94,24" hai1="75,123,116,95,120,61,122,56,102,84,0,80,83" hai2="93,88,71,28,103,86,90,108,127,96,31,49,27" hai3="11,13,109,6,57,54,107,12,21,113,58,34,40"/><U79/><E0/><V26/><F71/><W17/><G113/><T45/><D125/><U73/><E116/><V5/><F127/><W106/><G34/><T76/><D66/><U3/><E3/><V35/><F108/><W101/><G109/><T121/><D121/><U38/><E38/><V63/><F5/><W87/><G40/><T126/><D24/><U1/><E1/><V62/><F49/><W42/><G42/><T16/><D16/><U77/><E56/><V124/><F124/><W85/><G58/><T39/><D45/><U132/><E61/><V70/><F70/><W130/><G130/><T33/><D33/><U7/><E7/><V92/><REACH who="2" step="1"/><F103/><REACH who="2" ten="230,280,240,240" step="2"/><W48/><REACH who="3" step="1"/><G101/><REACH who="3" ten="230,280,240,230" step="2"/><N who="0" m="60631" /><D126/><U32/><E32/><AGARI ba="1,2" hai="26,27,28,31,32,35,62,63,86,88,90,92,93,96" machi="32" ten="30,7700,0" yaku="1,1,7,1,9,1,54,1,53,0" doraHai="8" doraHaiUra="43" who="2" fromWho="1" sc="230,0,280,-80,240,100,230,0" /><INIT seed="2,0,0,1,3,17" ten="230,200,340,230" oya="2" hai0="67,5,123,78,124,125,110,3,93,108,77,98,25" hai1="29,50,85,120,32,4,36,11,130,20,30,1,27" hai2="73,31,13,102,62,45,40,12,103,60,24,28,113" hai3="94,41,14,91,39,38,21,58,26,69,89,72,132"/><V115/><F73/><W37/><G69/><T52/><D123/><U42/><E120/><V126/><F126/><N who="0" m="48746" /><D67/><U100/><E130/><V101/><F13/><W129/><G72/><T46/><D25/><U15/><E36/><V57/><F12/><W116/><G116/><T104/><D104/><U68/><E68/><V51/><F31/><W111/><G129/><T47/><D5/><U135/><E135/><V134/><F134/><W83/><G132/><T7/><D7/><U43/><E100/><V86/><F86/><W87/><G111/><N who="0" m="42539" /><D3/><U76/><E50/><V90/><F115/><W54/><G14/><T80/><D52/><U79/><E30/><V97/><F113/><W23/><G41/><N who="1" m="15370" /><E85/><V127/><F127/><W70/><G70/><T61/><D61/><U10/><E10/><V81/><F57/><W65/><G26/><T8/><D8/><U128/><E128/><V99/><F62/><W95/><G65/><T117/><D117/><U114/><E114/><V112/><F60/><W55/><G55/><T35/><D35/><U96/><E96/><V121/><F121/><W82/><G82/><T2/><D2/><U56/><E56/><V48/><F112/><W119/><G83/><T71/><D71/><U34/><E34/><V64/><F64/><W105/><G105/><T53/><D53/><U88/><E32/><N who="2" m="20487" /><F51/><N who="3" m="31071" /><G119/><T22/><D80/><U9/><E1/><V106/><F106/><W109/><G109/><T75/><D75/><U107/><E107/><N who="2" m="63919" /><F81/><W131/><G131/><T18/><D78/><N who="1" m="29739" /><E11/><V92/><F48/><W19/><G19/><T118/><D77/><RYUUKYOKU ba="0,0" sc="230,-30,200,10,340,10,230,10" hai1="4,9,15,20,27,29,88" hai2="40,45,90,92,99,102,103" hai3="21,23,37,38,39,87,89,91,94,95" /><INIT seed="2,1,0,4,2,31" ten="200,210,350,240" oya="2" hai0="39,45,119,91,34,61,19,18,20,1,89,98,15" hai1="30,21,87,115,130,50,32,74,85,82,36,0,127" hai2="60,69,64,83,28,70,42,16,2,105,122,100,133" hai3="68,72,88,43,104,124,47,99,135,110,22,103,58"/><V5/><F122/><W13/><G68/><T117/><D1/><U65/><E36/><V35/><F133/><W113/><G72/><T102/><D34/><U44/><E115/><V132/><F132/><W59/><G135/><T92/><D61/><U26/><E130/><V55/><F42/><W78/><G78/><T107/><D19/><U71/><E0/><V24/><F55/><W67/><G110/><T109/><D109/><U106/><E106/><V3/><F70/><W120/><G120/><T54/><D39/><U114/><E127/><V57/><F57/><W118/><G118/><N who="0" m="45067" /><D107/><U73/><E114/><V95/><F5/><W56/><G113/><T8/><D8/><U76/><E74/><V12/><F95/><W121/><G121/><T33/><D33/><U66/><E21/><N who="2" m="11399" /><F83/><W80/><G124/><T25/><D15/><U17/><E17/><V11/><F11/><W123/><G123/><T14/><D14/><U97/><E71/><V63/><F63/><W4/><G4/><T116/><N who="0" m="45075" /><T129/><DORA hai="128" /><D129/><U111/><E111/><V79/><F79/><W125/><G125/><T29/><D18/><U94/><E66/><V7/><F7/><W9/><G22/><T48/><AGARI ba="1,0" hai="20,25,29,45,48,54,89,91,92,98,102" m="45075" machi="48" ten="40,1500,0" yaku="12,1" doraHai="31,128" who="0" fromWho="0" sc="200,18,210,-5,350,-8,240,-5" /><INIT seed="3,0,0,3,0,35" ten="218,205,342,235" oya="3" hai0="0,17,22,4,67,88,98,122,43,78,63,11,68" hai1="50,26,112,16,95,130,76,41,25,92,56,115,69" hai2="20,18,120,99,39,113,19,57,30,89,109,29,106" hai3="1,111,77,28,86,129,53,45,72,90,81,117,52"/><W79/><G117/><T73/><D122/><U65/><E130/><V49/><F39/><W5/><G129/><T31/><D43/><U32/><E69/><V13/><F106/><W100/><G100/><T64/><D67/><U46/><E32/><V62/><F113/><W10/><G28/><T124/><D124/><U61/><E76/><V23/><F49/><W119/><G119/><T91/><D31/><U51/><E115/><V80/><F109/><W125/><G125/><T75/><D78/><U96/><E112/><V123/><F123/><W110/><G79/><T74/><REACH who="0" step="1"/><D98/><REACH who="0" ten="208,205,342,235" step="2"/><U7/><E7/><V37/><F99/><W101/><G111/><T94/><D94/><U108/><E108/><V24/><F120/><W70/><G110/><T121/><D121/><U8/><E95/><V118/><F118/><W93/><G70/><T105/><D105/><U36/><E36/><V55/><F37/><W44/><G53/><T71/><D71/><U84/><E84/><AGARI ba="0,1" hai="13,18,19,20,23,24,29,30,55,57,62,80,84,89" machi="84" ten="40,1300,0" yaku="8,1" doraHai="35" who="2" fromWho="1" sc="208,0,205,-13,342,23,235,0" owari="208,-19.2,192,-30.8,365,46.5,235,3.5" /></mjloggm>