<mjloggm ver="2.3"><GO type="225" lobby="0"/><UN n0="%E4%B8%8B%E6%AE%B5%E3%83%81%E3%82%A7%E3%83%AA%E3%83%BC" n1="%E3%83%81%E3%83%83%E3%82%BF%E3%82%BD%E3%83%BC" n2="%6D%61%74%69%67%75%73%61" n3="%E6%9C%88%E5%B3%B6%E5%9F%BA" dan="16,16,17,17" rate="2137.81,2212.50,2097.86,2196.99" sx="M,F,M,M"/><TAIKYOKU oya="0"/><INIT seed="0,0,0,4,1,70" ten="250,250,250,250" oya="0" hai0="60,58,91,53,114,15,73,77,97,56,123,34,112" hai1="89,132,61,98,82,121,100,40,14,48,92,96,65" hai2="101,88,113,39,94,1,109,84,120,129,102,76,83" hai3="64,24,131,7,85,130,13,38,6,20,108,127,18"/><T66/><D123/><U80/><E132/><V134/><F1/><W25/><G64/><T62/><D34/><U4/><E121/><V75/><F120/><W72/><G72/><T119/><D119/><U110/><E110/><V49/><F49/><W54/><G108/><T10/><D77/><U0/><E0/><V19/><F19/><W117/><G117/><T95/><REACH who="0" step="1"/><D73/><REACH who="0" ten="240,250,250,250" step="2"/><U46/><E4/><AGARI ba="0,1" hai="4,10,15,53,56,58,60,62,66,91,95,97,112,114" machi="4" ten="30,11600,0" yaku="1,1,2,1,7,1,53,1" doraHai="70" doraHaiUra="9" who="0" fromWho="1" sc="240,126,250,-116,250,0,250,0" /><INIT seed="0,1,0,0,5,54" ten="366,134,250,250" oya="0" hai0="12,128,120,43,25,15,24,114,105,91,32,39,101" hai1="4,60,112,21,100,127,31,50,42,133,9,19,38" hai2="76,96,56,67,131,99,104,13,108,46,6,11,125" hai3="110,29,94,26,119,81,115,34,113,85,124,71,41"/><T20/><D120/><U45/><E127/><V58/><F125/><W70/><G124/><T63/><D114/><U16/><E133/><V7/><F108/><W122/><G119/><T68/><D128/><U61/><E112/><V48/><F131/><W97/><G110/><T93/><D43/><U109/><E109/><V95/><F104/><W82/><G122/><T117/><D39/><U5/><E100/><V79/><F67/><W17/><G70/><T36/><D36/><U90/><E31/><V78/><F6/><W62/><G41/><T18/><D117/><U129/><E129/><V52/><F96/><W88/><G81/><T132/><D132/><U87/><E38/><V49/><F48/><W33/><G33/><T77/><D77/><U37/><E37/><V1/><F1/><W84/><G84/><T107/><D25/><U27/><E19/><V10/><F10/><W47/><G47/><T3/><D3/><U57/><E9/><V106/><F106/><W44/><G44/><T98/><D32/><U80/><E61/><V51/><F51/><W64/><REACH who="3" step="1"/><G17/><REACH who="3" ten="366,134,250,240" step="2"/><T66/><D105/><U8/><REACH who="1" step="1"/><E8/><REACH who="1" ten="366,124,250,240" step="2"/><V22/><F22/><W102/><AGARI ba="1,2" hai="26,29,34,62,64,71,82,85,88,94,97,102,113,115" machi="102" ten="20,12000,2" yaku="1,1,2,1,0,1,7,1,54,1,53,1" doraHai="54" doraHaiUra="89" who="3" fromWho="3" sc="366,-61,124,-31,250,-31,240,143" /><INIT seed="1,0,0,2,2,134" ten="305,93,219,383" oya="1" hai0="37,92,69,132,82,128,121,31,28,33,105,48,20" hai1="110,88,71,87,111,123,24,59,56,5,129,0,62" hai2="133,29,50,109,19,89,46,54,76,15,96,112,2" hai3="73,99,116,57,75,91,21,14,9,90,38,63,18"/><U95/><E123/><V65/><F2/><W119/><G38/><T80/><D105/><U36/><E36/><V52/><F133/><W117/><G9/><T114/><D132/><U68/><E129/><V1/><F1/><W64/><G99/><T44/><D69/><U122/><E122/><V83/><F109/><N who="1" m="41481" /><E24/><V103/><F112/><W98/><G98/><T6/><D121/><U130/><E130/><V27/><F65/><W61/><G61/><T135/><D37/><U39/><E39/><V47/><F89/><AGARI ba="0,0" hai="14,18,21,57,63,64,73,75,89,90,91,116,117,119" machi="89" ten="40,1300,0" yaku="12,1" doraHai="134" who="3" fromWho="2" sc="305,0,93,0,219,-13,383,13" /><INIT seed="2,0,0,3,3,8" ten="305,93,206,396" oya="2" hai0="124,9,47,63,125,32,4,22,109,33,43,112,80" hai1="87,81,56,29,135,98,70,120,64,53,97,6,20" hai2="52,93,127,133,24,106,121,57,44,65,75,25,41" hai3="37,48,45,117,95,40,1,69,61,99,123,14,18"/><V114/><F106/><W31/><G117/><T16/><D80/><U67/><E135/><V90/><F121/><W100/><G123/><T50/><D63/><U11/><E120/><V91/><F114/><W132/><G132/><T108/><D112/><U38/><E38/><V89/><F75/><W35/><G1/><T131/><D131/><U0/><E70/><V27/><F127/><N who="0" m="48714" /><D9/><U72/><E72/><V104/><F104/><W49/><G69/><T51/><D51/><U122/><E122/><V129/><F65/><W7/><G61/><T58/><D58/><U107/><E29/><V82/><F82/><W55/><G37/><T115/><D4/><U28/><E107/><V110/><F110/><N who="0" m="42602" /><D115/><U76/><E28/><V26/><F129/><W13/><G7/><T71/><D71/><U73/><E73/><V79/><F79/><W30/><G48/><T83/><D83/><U130/><E130/><V12/><F44/><W126/><G49/><T102/><D102/><U118/><E118/><V19/><F41/><W84/><G100/><T68/><D68/><U111/><E111/><V103/><F103/><W77/><G45/><T10/><D10/><U46/><E46/><V15/><F133/><W116/><G116/><T2/><D2/><U34/><E34/><V3/><F3/><W66/><G35/><T134/><D134/><U96/><REACH who="1" step="1"/><E20/><REACH who="1" ten="305,83,206,396" step="2"/><N who="2" m="13343" /><F93/><W42/><G95/><T88/><D88/><N who="2" m="22530" /><V92/><DORA hai="17" /><F92/><W36/><G36/><T94/><D94/><U39/><E39/><V105/><F105/><W85/><G126/><T78/><D78/><U21/><E21/><RYUUKYOKU ba="0,1" sc="305,10,83,10,206,10,396,-30" hai0="16,22,32,33,43,47,50" hai1="0,6,11,53,56,64,67,76,81,87,96,97,98" hai2="12,15,25,26,27,52,57" /><INIT seed="2,1,1,4,4,132" ten="315,93,216,366" oya="2" hai0="42,113,31,26,1,135,2,133,46,69,125,75,104" hai1="44,114,78,74,17,28,91,93,68,128,72,9,102" hai2="21,10,123,77,51,103,88,36,53,124,59,83,8" hai3="19,45,87,22,73,118,40,64,116,96,130,5,24"/><V6/><F123/><W41/><G73/><T122/><D122/><U43/><E128/><V108/><F36/><W100/><G130/><T92/><D113/><U89/><E114/><V81/><F103/><W23/><G41/><T65/><D75/><U12/><E68/><V39/><F39/><W85/><G64/><T55/><D104/><U57/><E102/><V84/><F108/><W129/><G129/><T27/><D55/><U134/><E134/><N who="0" m="51209" /><D92/><U107/><E107/><V115/><F124/><W126/><G126/><T76/><D76/><U71/><E71/><V25/><F6/><W98/><G116/><T131/><D131/><U30/><E57/><V110/><F110/><W121/><G118/><T33/><D125/><U13/><E13/><V54/><F53/><W29/><G121/><T101/><D101/><U90/><E93/><V67/><F67/><W94/><G98/><T79/><D79/><U35/><E74/><V61/><F61/><W38/><G5/><T11/><D26/><AGARI ba="1,1" hai="19,22,23,24,26,29,38,40,45,85,87,94,96,100" machi="26" ten="30,1000,0" yaku="7,1" doraHai="132" who="3" fromWho="0" sc="315,-13,93,0,216,0,366,23" /><INIT seed="3,0,0,2,5,41" ten="302,93,216,389" oya="3" hai0="5,37,35,98,120,21,115,1,128,92,14,66,100" hai1="133,28,39,15,127,9,40,13,121,80,25,18,45" hai2="17,24,57,11,69,61,4,49,116,85,91,102,50" hai3="93,70,33,2,52,95,65,87,130,74,34,47,101"/><W53/><G74/><T68/><D120/><U114/><E127/><V22/><F116/><W134/><G2/><T12/><D115/><U125/><E125/><V126/><F102/><W104/><G104/><T79/><D128/><U30/><E114/><V132/><F132/><W32/><G70/><T3/><D35/><U119/><E133/><V73/><F73/><W83/><G65/><T27/><D79/><U48/><E121/><V0/><F69/><W97/><G130/><T84/><D84/><U16/><E119/><V51/><F126/><W31/><G31/><T77/><D77/><U110/><E110/><V94/><F50/><N who="3" m="28767" /><G95/><T76/><D76/><U82/><E39/><V105/><F105/><W19/><G19/><T111/><D111/><U123/><E123/><V67/><AGARI ba="0,0" hai="0,4,11,17,22,24,49,51,57,61,67,85,91,94" machi="67" ten="20,1500,0" yaku="0,1,7,1" doraHai="41" who="2" fromWho="2" sc="302,-4,93,-4,216,15,389,-7" owari="298,9.8,89,-41.1,231,-16.9,382,48.2" /></mjloggm>