<mjloggm ver="2.3"><GO type="225" lobby="0"/><UN n0="%E3%81%A0%E3%81%8A" n1="%E5%91%A8%E6%9D%B1" n2="%E3%81%90%E3%81%A1%E3%82%84%E3%81%BE" n3="%E6%98%93%E5%88%A9%E8%96%A9%E4%BC%AF" dan="17,17,16,17" rate="2070.86,2133.40,2125.89,2150.32" sx="M,M,M,F"/><TAIKYOKU oya="0"/><INIT seed="0,0,0,0,0,87" ten="250,250,250,250" oya="0" hai0="115,28,52,110,56,114,127,72,29,66,78,70,20" hai1="71,1,30,65,64,90,9,117,92,16,44,19,89" hai2="22,38,48,108,59,67,26,45,121,112,122,79,73" hai3="111,54,95,62,75,35,8,125,98,100,74,96,12"/><T6/><D127/><U68/><E117/><V49/><F112/><W23/><G35/><T51/><D110/><U84/><E30/><V109/><F73/><W50/><G111/><N who="2" m="42569" /><F79/><W116/><G116/><T39/><D39/><U2/><E44/><V5/><F5/><W69/><G125/><T7/><D66/><U53/><E53/><N who="2" m="32167" /><F67/><W10/><G62/><T130/><D70/><U18/><E9/><V120/><F38/><W60/><G60/><T128/><D115/><U102/><E102/><V133/><F133/><W104/><G23/><T85/><D114/><U94/><E19/><N who="2" m="12639" /><F122/><W106/><G69/><T103/><D72/><U63/><E63/><V123/><F123/><W14/><G14/><T82/><D103/><U57/><E57/><V91/><F91/><W101/><G10/><T43/><D43/><AGARI ba="0,0" hai="43,45,49,120,121" m="12639,32167,42569" machi="43" ten="30,1000,0" yaku="14,1" doraHai="87" who="2" fromWho="0" sc="250,-10,250,0,250,10,250,0" /><INIT seed="1,0,0,0,2,114" ten="240,250,260,250" oya="1" hai0="73,20,117,100,50,49,76,92,59,135,79,121,77" hai1="6,60,85,52,108,18,118,55,2,37,110,119,7" hai2="78,102,84,48,67,27,116,3,25,75,11,29,32" hai3="5,123,107,42,40,90,62,83,33,57,65,41,131"/><U35/><E35/><V104/><F75/><W68/><G123/><T126/><D117/><N who="1" m="44555" /><E37/><V124/><F116/><W113/><G113/><T106/><D106/><U82/><E18/><V23/><F48/><W34/><G131/><T53/><D126/><U44/><E44/><V22/><F124/><W133/><G107/><T96/><D135/><U15/><E15/><V13/><F3/><W127/><G133/><T81/><D121/><U74/><E74/><V47/><F47/><W111/><G111/><N who="1" m="42538" /><E60/><V66/><F32/><W30/><G127/><T70/><D70/><U10/><E7/><N who="2" m="3327" /><F27/><W14/><G14/><T58/><D20/><U16/><E16/><V129/><F22/><W89/><G5/><T36/><D36/><U0/><E0/><V51/><F129/><W24/><G34/><T21/><D21/><U94/><E94/><V80/><F23/><W43/><G43/><T86/><D73/><U72/><E72/><V38/><F38/><W19/><G19/><T103/><D49/><U125/><E125/><V17/><F17/><W122/><G122/><T46/><D46/><U95/><E95/><V45/><F51/><W28/><G28/><T54/><D50/><U109/><N who="1" m="42546" /><U115/><DORA hai="112" /><E115/><V9/><F45/><W99/><G42/><T93/><D93/><U105/><E105/><V97/><F9/><W61/><G41/><T8/><D8/><U26/><E26/><V134/><F134/><W130/><G40/><T1/><D1/><U128/><E128/><V39/><F39/><W4/><G130/><T91/><D92/><U64/><E64/><RYUUKYOKU ba="0,0" sc="240,-15,250,15,260,15,250,-15" hai1="2,6,10,52,55,82,85" hai2="25,29,66,67,78,80,84,97,102,104" /><INIT seed="1,1,0,5,2,10" ten="225,265,275,235" oya="1" hai0="24,71,31,92,64,2,101,91,132,16,79,112,72" hai1="80,124,126,38,34,104,134,110,69,18,32,119,37" hai2="45,3,90,59,67,78,0,86,20,36,76,70,13" hai3="107,130,4,21,108,114,62,83,99,42,77,105,54"/><U88/><E119/><V22/><F70/><W89/><G114/><T29/><D112/><U75/><E69/><V51/><F0/><W14/><G108/><T135/><D2/><U15/><E104/><V111/><F3/><W123/><G123/><T87/><D101/><U55/><E55/><V133/><F133/><N who="0" m="51274" /><D64/><U6/><E6/><V113/><F111/><W109/><G130/><T44/><D44/><U122/><E122/><V100/><F100/><W7/><G42/><T129/><D129/><U127/><E110/><V68/><F68/><W53/><G107/><T8/><D71/><U96/><E134/><V93/><F113/><W28/><G105/><T40/><D40/><U46/><E46/><V103/><F103/><W61/><G62/><T48/><D48/><U9/><E38/><V118/><F118/><W5/><G61/><T47/><D47/><U115/><E37/><V65/><F36/><W57/><G57/><T82/><D24/><U11/><E115/><V74/><F74/><W12/><G28/><T52/><D52/><N who="3" m="20073" /><G21/><T35/><D35/><U121/><E11/><V117/><F117/><W49/><G49/><T50/><D50/><U58/><E58/><V131/><F131/><W81/><G109/><T30/><D30/><U128/><E128/><V97/><F22/><W41/><G41/><T1/><D1/><U73/><E121/><V60/><F65/><W26/><G26/><T19/><D8/><U98/><E75/><V23/><F45/><W106/><G106/><T94/><D94/><N who="1" m="56391" /><E98/><V39/><F97/><W63/><G99/><T27/><D31/><RYUUKYOKU ba="1,0" sc="225,15,265,15,275,-15,235,-15" hai0="16,19,27,29,72,79,82,87,91,92" hai1="9,15,18,32,34,73,80,124,126,127" /><INIT seed="1,2,0,5,0,78" ten="240,280,260,220" oya="1" hai0="101,44,71,111,122,2,104,17,39,103,85,105,14" hai1="27,9,121,29,40,31,8,89,41,80,57,100,61" hai2="72,87,132,49,134,86,75,23,53,26,33,135,112" hai3="43,54,20,93,77,88,106,130,66,62,45,123,55"/><U13/><E121/><V1/><F33/><W48/><G123/><T97/><D2/><U116/><E100/><V127/><F1/><W98/><G130/><T63/><D122/><U52/><E116/><V12/><F12/><W95/><G106/><T92/><D111/><U59/><E59/><N who="2" m="33199" /><F127/><W32/><G32/><T109/><D109/><U7/><E8/><V10/><F10/><W28/><G77/><T11/><D71/><U38/><E38/><V18/><F112/><W96/><G28/><N who="1" m="10826" /><E27/><V42/><F42/><W64/><G20/><T25/><D63/><U65/><E65/><V37/><F37/><W114/><G114/><T126/><D126/><U47/><E47/><V73/><AGARI ba="2,0" hai="18,23,26,72,73,75,86,87,132,134,135" m="33199" machi="73" ten="40,1500,0" yaku="20,1" doraHai="78" who="2" fromWho="2" sc="240,-6,280,-9,260,21,220,-6" /><INIT seed="2,0,0,3,3,94" ten="234,271,281,214" oya="2" hai0="13,22,133,6,39,16,56,77,103,122,52,45,15" hai1="26,117,0,44,58,29,89,5,110,23,19,91,78" hai2="105,126,59,120,92,125,115,119,83,24,134,28,87" hai3="121,62,96,50,70,46,43,86,4,98,80,53,114"/><V14/><F115/><W30/><G121/><T36/><D122/><U37/><E117/><V67/><F120/><W65/><G114/><T127/><D127/><N who="2" m="48650" /><F105/><W131/><G131/><T69/><D69/><U63/><E110/><V106/><F106/><W3/><G30/><T54/><D133/><U68/><E68/><V84/><F134/><W48/><G4/><T20/><D77/><U132/><E132/><V41/><F119/><W18/><G18/><T118/><D118/><U108/><E78/><V31/><F41/><W112/><G3/><T111/><D111/><U34/><E108/><V10/><F92/><W12/><G12/><T55/><D103/><U102/><E102/><V61/><F83/><W64/><G64/><T35/><D35/><U40/><E0/><V99/><F99/><W100/><G100/><T97/><D97/><U1/><E1/><V47/><F47/><W90/><REACH who="3" step="1"/><G112/><REACH who="3" ten="234,271,281,204" step="2"/><T101/><D101/><U9/><E29/><N who="2" m="11339" /><F24/><W72/><G72/><T74/><D74/><U71/><E34/><V17/><AGARI ba="0,1" hai="10,14,17,59,61,67,84,87" m="11339,48650" machi="17" ten="30,1500,0" yaku="18,1" doraHai="94" who="2" fromWho="2" sc="234,-5,271,-5,281,25,204,-5" /><INIT seed="2,1,0,2,4,68" ten="229,266,306,199" oya="2" hai0="121,79,122,131,10,99,135,14,48,32,65,45,5" hai1="71,78,120,91,2,56,18,93,86,90,92,63,36" hai2="39,132,12,89,24,23,113,81,87,22,77,129,103" hai3="49,82,98,127,37,95,74,108,130,67,88,7,51"/><V29/><F113/><W62/><G108/><T42/><D32/><U26/><E2/><V41/><F129/><W97/><G130/><T123/><D131/><U20/><E120/><V83/><F132/><W54/><G127/><T21/><D135/><U84/><E71/><V4/><F103/><W19/><G7/><T9/><D65/><U105/><E105/><V72/><F23/><W43/><G98/><T101/><D79/><U58/><E78/><V6/><REACH who="2" step="1"/><F12/><REACH who="2" ten="229,266,296,199" step="2"/><W125/><G125/><T115/><D21/><U1/><E1/><V73/><F73/><W110/><G110/><T50/><D115/><U114/><E114/><V66/><F66/><W31/><G67/><T70/><D122/><U118/><E118/><V107/><F107/><W133/><G74/><T60/><D123/><U40/><REACH who="1" step="1"/><E63/><REACH who="1" ten="229,256,296,199" step="2"/><V119/><F119/><W124/><G62/><T52/><D121/><U38/><E38/><V128/><F128/><W112/><G37/><T126/><D60/><U17/><E17/><V8/><F8/><W116/><G19/><T34/><D10/><U111/><E111/><V106/><F106/><W80/><G112/><T61/><D61/><U102/><E102/><V44/><AGARI ba="1,2" hai="4,6,22,24,29,39,41,44,72,77,81,83,87,89" machi="44" ten="30,6000,0" yaku="1,1,0,1,52,1,53,0" doraHai="68" doraHaiUra="35" who="2" fromWho="2" sc="229,-21,256,-21,296,83,199,-21" /><INIT seed="2,2,0,4,2,108" ten="208,235,379,178" oya="2" hai0="106,49,126,124,5,82,53,93,73,17,127,39,95" hai1="40,87,42,27,54,41,56,34,33,112,10,117,22" hai2="84,132,72,23,101,16,115,116,55,3,13,80,4" hai3="109,90,58,62,130,71,113,19,129,125,36,105,102"/><V77/><F116/><W131/><G109/><T75/><D106/><U6/><E117/><V61/><F132/><W134/><G134/><T28/><D39/><U67/><E67/><V60/><F101/><W37/><G125/><T11/><D17/><U29/><E87/><V83/><F115/><W88/><G71/><T85/><D28/><U26/><E26/><V135/><F135/><W38/><G113/><T63/><D63/><U133/><E133/><V30/><F30/><W92/><G105/><T59/><D73/><U0/><REACH who="1" step="1"/><E112/><REACH who="1" ten="208,225,379,178" step="2"/><V57/><F84/><W96/><REACH who="3" step="1"/><G19/><REACH who="3" ten="208,225,379,168" step="2"/><T104/><D124/><U12/><E12/><V25/><F13/><W45/><G45/><T32/><D126/><U2/><E2/><V91/><F3/><W35/><G35/><T51/><D32/><U69/><E69/><V65/><F16/><W110/><G110/><T118/><D127/><U50/><AGARI ba="2,2" hai="0,6,10,22,27,29,33,34,40,41,42,50,54,56" machi="50" ten="30,2000,0" yaku="1,1,0,1,53,0" doraHai="108" doraHaiUra="94" who="1" fromWho="1" sc="208,-7,225,46,379,-12,168,-7" /><INIT seed="3,0,0,5,3,106" ten="201,271,367,161" oya="3" hai0="105,102,118,87,123,3,113,92,2,109,115,48,84" hai1="114,15,30,12,74,76,22,1,121,77,47,26,129" hai2="6,112,78,104,93,28,73,35,57,50,125,55,98" hai3="131,59,101,63,14,81,88,108,111,42,25,7,34"/><W19/><G101/><T97/><D118/><U43/><E121/><V107/><F112/><N who="0" m="43082" /><D123/><U103/><E114/><V71/><F125/><W61/><G131/><T8/><D109/><N who="3" m="42057" /><G42/><T17/><D48/><U134/><E129/><V130/><F107/><W82/><G7/><N who="0" m="1143" /><D3/><U23/><E1/><V33/><F6/><W51/><G51/><T117/><D117/><U29/><E103/><V133/><F104/><W64/><G63/><T128/><D128/><U13/><E43/><V90/><F50/><W120/><G120/><T60/><D60/><U38/><E38/><V80/><F130/><W116/><G116/><T56/><D56/><U40/><E40/><V49/><F49/><W85/><G34/><T0/><D0/><U32/><E32/><V41/><F41/><W37/><G37/><T83/><D105/><U24/><E47/><V127/><F35/><W95/><G25/><T53/><D53/><U45/><E45/><V9/><F33/><W70/><G70/><T11/><D83/><U31/><E26/><V16/><F71/><W110/><N who="3" m="42065" /><W62/><DORA hai="69" /><G62/><T46/><D46/><U126/><E24/><V67/><F80/><W75/><G75/><T20/><D11/><AGARI ba="0,0" hai="11,14,19,59,61,64,81,82,85,88,95" m="42065" machi="11" ten="40,7700,0" yaku="14,1,10,1,54,1" doraHai="106,69" who="3" fromWho="0" sc="201,-77,271,0,367,0,161,77" /><INIT seed="3,1,0,3,4,100" ten="124,271,367,238" oya="3" hai0="14,106,53,81,56,71,118,85,103,46,123,24,44" hai1="73,126,124,105,89,3,99,120,61,58,15,62,121" hai2="54,36,128,35,91,12,111,27,50,95,88,90,65" hai3="31,5,28,122,67,13,115,21,52,127,45,130,66"/><W114/><G122/><T9/><D123/><U40/><E3/><V134/><F36/><W94/><G130/><T77/><D71/><U16/><E73/><V43/><F128/><W76/><G127/><N who="1" m="48682" /><E40/><V113/><F113/><W64/><G76/><T125/><D118/><U38/><E38/><V102/><F134/><W83/><G83/><T6/><D125/><U33/><E33/><V8/><F111/><W63/><G94/><T7/><D7/><U23/><E62/><V37/><F65/><W22/><G114/><T41/><D24/><U135/><E135/><V97/><F37/><W132/><G115/><T79/><D79/><U101/><E89/><V74/><F43/><W0/><G0/><T116/><D116/><U39/><E39/><V117/><F74/><W18/><G5/><T30/><D30/><N who="3" m="11305" /><G132/><T87/><D87/><U51/><E51/><V26/><F117/><W2/><G2/><T1/><D1/><U34/><E34/><V60/><F35/><W68/><G68/><T42/><D42/><U93/><E93/><V129/><F129/><W55/><G45/><T98/><REACH who="0" step="1"/><D41/><REACH who="0" ten="114,271,367,238" step="2"/><U109/><E109/><V80/><F27/><W25/><G63/><AGARI ba="1,1" hai="6,9,14,44,46,53,56,63,77,81,85,98,103,106" machi="63" ten="30,8000,1" yaku="1,1,2,1,7,1,52,1,53,1" doraHai="100" doraHaiUra="78" who="0" fromWho="3" sc="114,93,271,0,367,0,238,-83" owari="207,-19.3,271,7.1,367,46.7,155,-34.5" /></mjloggm>