<mjloggm ver="2.3"><GO type="225" lobby="0"/><UN n0="%E6%A1%9C%E6%B2%A2%E5%A2%A8" n1="%E5%B8%86%E7%AB%8B%E5%A4%8F%E8%A1%A3" n2="%E5%B6%BA%E4%B8%8A%E5%92%B2" n3="%E5%91%A8%E6%9D%B1" dan="17,17,16,16" rate="2124.31,2166.65,2123.90,2138.35" sx="F,M,F,M"/><TAIKYOKU oya="0"/><INIT seed="0,0,0,2,4,95" ten="250,250,250,250" oya="0" hai0="37,132,48,100,61,128,32,86,82,78,16,52,36" hai1="26,38,51,56,81,46,135,118,68,112,42,87,83" hai2="7,60,107,34,63,13,64,41,84,121,0,89,127" hai3="133,65,117,124,17,69,91,1,53,80,55,77,15"/><T122/><D122/><U9/><E118/><V75/><F107/><W110/><G1/><T102/><D32/><U31/><E135/><V119/><F34/><W98/><G117/><T21/><D132/><U59/><E112/><V90/><F0/><W49/><G133/><T62/><D128/><U126/><E126/><V125/><F75/><W106/><G124/><T70/><D37/><U71/><E83/><V5/><F41/><W105/><G110/><T74/><D36/><U47/><E9/><V11/><F121/><W8/><G69/><T14/><D74/><U40/><E71/><V39/><F39/><W111/><G65/><T22/><D22/><U29/><E68/><V130/><F119/><W109/><G111/><T88/><D78/><U24/><E24/><V93/><F130/><W131/><G131/><T44/><D70/><U3/><E31/><V25/><F25/><W54/><G109/><T115/><D115/><U99/><E99/><V96/><F5/><W6/><G6/><T35/><D35/><U20/><REACH who="1" step="1"/><E3/><REACH who="1" ten="250,240,250,250" step="2"/><V12/><F127/><W33/><G33/><T104/><D104/><U57/><E57/><N who="2" m="36879" /><F125/><W30/><G30/><T58/><D62/><U28/><E28/><V45/><F63/><W108/><G108/><T76/><D76/><AGARI ba="0,1" hai="20,26,29,38,40,42,46,47,51,56,59,76,81,87" machi="76" ten="30,2000,0" yaku="1,1,7,1,53,0" doraHai="95" doraHaiUra="116" who="1" fromWho="0" sc="250,-20,240,30,250,0,250,0" /><INIT seed="1,0,0,1,5,113" ten="230,270,250,250" oya="1" hai0="19,88,14,67,111,16,123,79,90,106,31,85,118" hai1="83,6,5,134,76,132,72,135,114,43,36,26,40" hai2="21,50,53,128,23,69,34,18,96,46,112,107,41" hai3="84,94,64,126,56,125,57,62,48,61,119,8,87"/><U86/><E114/><V99/><F69/><W73/><G73/><T117/><D106/><U60/><E72/><V58/><F34/><W103/><G48/><T82/><D31/><U15/><E36/><V100/><F128/><W110/><G110/><T121/><D111/><U71/><E26/><V24/><F112/><W51/><G51/><T39/><D39/><U78/><E78/><V77/><F77/><W130/><G130/><T104/><D104/><U17/><E60/><V105/><F23/><W93/><G8/><T37/><D37/><U133/><N who="1" m="33792" /><DORA hai="70" /><U63/><E63/><V89/><F89/><N who="0" m="34410" /><D67/><U47/><E71/><V74/><F74/><W30/><G30/><T98/><D98/><U109/><E109/><V108/><F108/><W55/><G103/><T22/><D19/><U9/><REACH who="1" step="1"/><E47/><REACH who="1" ten="230,260,250,250" step="2"/><V1/><F46/><W131/><G131/><T49/><D49/><U92/><E92/><V33/><F105/><W120/><G94/><T2/><D2/><U59/><E59/><V45/><F58/><W20/><G57/><T4/><D4/><AGARI ba="0,1" hai="4,5,6,9,15,17,40,43,76,83,86" m="33792" machi="4" ten="70,18000,2" yaku="1,1,20,1,53,4" doraHai="113,70" doraHaiUra="3,7" who="1" fromWho="0" sc="230,-180,260,190,250,0,250,0" /><INIT seed="1,1,0,5,4,91" ten="50,450,250,250" oya="1" hai0="45,100,104,111,70,131,56,108,37,3,42,72,17" hai1="85,39,105,63,80,54,27,74,8,31,10,38,123" hai2="53,5,106,33,95,22,69,86,30,60,132,115,134" hai3="29,65,99,122,109,67,64,36,126,125,47,23,83"/><U46/><E123/><V87/><F106/><W4/><G122/><T48/><D70/><U11/><E105/><V90/><F33/><W128/><G128/><T97/><D131/><U118/><E74/><V121/><F121/><W13/><G109/><T127/><D127/><N who="3" m="48649" /><G83/><T44/><D72/><U84/><E118/><V32/><F32/><W88/><G36/><T94/><D3/><U52/><E85/><V120/><F120/><W58/><G47/><T110/><D56/><U68/><E68/><V129/><F129/><W21/><G58/><T41/><REACH who="0" step="1"/><D17/><REACH who="0" ten="40,450,250,250" step="2"/><U98/><E39/><V12/><F69/><W101/><G29/><T117/><D117/><U59/><E38/><V77/><F30/><W78/><G4/><T18/><D18/><U14/><E31/><V96/><F5/><W43/><G65/><T57/><D57/><U50/><E59/><V16/><F115/><W49/><G64/><T28/><D28/><U62/><E62/><V93/><F60/><W51/><G67/><T124/><D124/><U102/><E63/><V112/><F112/><W0/><G0/><T114/><D114/><U40/><E50/><V2/><F2/><W66/><G66/><T76/><D76/><U103/><E46/><V71/><F71/><W25/><G78/><T7/><D7/><U19/><E19/><V61/><F61/><W135/><G51/><T130/><D130/><U81/><E11/><V9/><F9/><W26/><G49/><T133/><D133/><U6/><E10/><V89/><F77/><W55/><G135/><N who="2" m="51753" /><F53/><W107/><G55/><N who="1" m="21034" /><E8/><V24/><F12/><RYUUKYOKU ba="1,1" sc="40,15,450,-15,250,15,250,-15" hai0="37,41,42,44,45,48,94,97,100,104,108,110,111" hai2="16,22,24,86,87,89,90,93,95,96" /><INIT seed="2,2,1,5,2,111" ten="55,435,265,235" oya="2" hai0="116,10,85,123,27,88,61,89,92,91,95,90,52" hai1="72,93,30,60,121,103,105,57,15,108,0,25,117" hai2="53,50,38,79,73,46,118,33,132,47,126,87,77" hai3="119,11,115,63,20,131,2,76,82,97,58,113,120"/><V128/><F118/><W16/><G120/><T101/><D123/><U24/><E121/><V100/><F33/><W133/><G119/><T51/><D116/><U29/><E108/><V75/><F128/><W41/><G131/><T37/><D37/><U14/><E0/><V21/><F132/><W56/><G41/><T102/><D61/><U55/><E72/><V86/><F126/><W39/><G39/><T110/><D110/><U124/><E105/><V129/><F129/><W35/><G35/><T78/><D78/><U48/><E124/><V66/><F66/><W71/><G97/><T36/><D36/><U9/><E117/><V62/><F100/><W109/><G133/><T99/><D27/><N who="1" m="10315" /><E48/><V83/><F62/><W26/><G109/><T98/><D10/><U7/><E15/><V8/><F8/><W81/><G71/><T40/><D40/><U64/><E64/><V127/><F127/><W94/><G94/><N who="0" m="54575" /><D51/><U122/><E122/><V6/><F6/><N who="3" m="1495" /><G63/><T84/><D52/><U68/><E68/><V18/><F38/><W107/><G107/><AGARI ba="2,1" hai="84,88,90,91,92,95,98,99,101,102,107" m="54575" machi="107" ten="30,12000,2" yaku="35,5,54,1" doraHai="111" who="0" fromWho="3" sc="55,136,435,0,265,0,235,-126" /><INIT seed="3,0,0,2,0,127" ten="191,435,265,109" oya="3" hai0="110,45,26,15,79,72,63,89,83,27,76,81,132" hai1="48,18,31,97,39,66,28,16,114,112,129,19,67" hai2="135,17,14,94,123,77,64,103,25,108,36,131,71" hai3="130,109,87,29,96,65,8,41,95,61,43,101,124"/><W90/><G124/><T46/><D110/><U100/><E129/><V73/><F25/><W121/><G109/><T93/><D132/><U82/><E39/><V128/><F103/><W104/><G121/><T60/><D15/><U107/><E82/><V4/><F94/><W12/><G130/><T24/><D46/><U119/><E119/><V30/><F30/><W58/><REACH who="3" step="1"/><G29/><REACH who="3" ten="191,435,265,99" step="2"/><T118/><D118/><U50/><E31/><V74/><F108/><W78/><G78/><T117/><D117/><U56/><E28/><V99/><F77/><W69/><G69/><T126/><D126/><U47/><E114/><V85/><F71/><W75/><G75/><T134/><D134/><U70/><E112/><V1/><F74/><W111/><G111/><T2/><D2/><U59/><E70/><V102/><F73/><W42/><G42/><T32/><D32/><U86/><E19/><AGARI ba="0,1" hai="8,12,19,41,43,58,61,65,87,90,95,96,101,104" machi="19" ten="30,2900,0" yaku="1,1,7,1,53,0" doraHai="127" doraHaiUra="44" who="3" fromWho="1" sc="191,0,435,-29,265,0,99,39" /><INIT seed="3,1,0,3,5,18" ten="191,406,265,138" oya="3" hai0="15,2,111,97,28,65,102,82,42,120,12,91,115" hai1="71,47,79,69,66,48,75,36,30,108,103,83,134" hai2="84,21,118,39,80,64,7,9,0,25,107,16,76" hai3="106,31,51,52,10,104,6,53,54,133,114,14,19"/><W40/><G114/><T98/><D120/><U1/><E108/><V95/><F107/><W89/><G133/><T49/><D2/><U85/><E134/><V63/><F39/><W81/><G31/><T46/><D111/><U109/><E109/><V128/><F128/><W41/><G104/><T29/><D115/><U113/><E113/><V116/><REACH who="2" step="1"/><F95/><REACH who="2" ten="191,406,255,138" step="2"/><W38/><G106/><T125/><D125/><U58/><E36/><V61/><F61/><W45/><G6/><T129/><D129/><U27/><E71/><AGARI ba="1,1" hai="0,7,9,16,21,25,63,64,71,76,80,84,116,118" machi="71" ten="30,8000,1" yaku="1,1,7,1,52,1,54,1,53,1" doraHai="18" doraHaiUra="77" who="2" fromWho="1" sc="191,0,406,-83,255,93,138,0" owari="191,-20.9,323,12.3,348,44.8,138,-36.2" /></mjloggm>