<mjloggm ver="2.3"><GO type="225" lobby="0"/><UN n0="%77%72%77%72%77%72%77%72" n1="%79%75%72%69%6D%6F%67" n2="%E5%B8%86%E7%AB%8B%E5%A4%8F%E8%A1%A3" n3="%E5%91%A8%E6%9D%B1" dan="17,16,17,17" rate="2162.07,2186.70,2184.39,2191.08" sx="M,F,M,M"/><TAIKYOKU oya="0"/><INIT seed="0,0,0,1,0,48" ten="250,250,250,250" oya="0" hai0="82,3,86,67,59,22,37,126,71,32,55,14,7" hai1="4,124,131,21,45,133,63,113,38,16,98,87,36" hai2="117,127,100,108,69,20,19,65,35,109,111,105,76" hai3="132,107,66,8,15,39,24,102,28,49,129,70,74"/><T91/><D126/><U46/><E131/><V114/><F114/><W118/><G39/><T26/><D37/><U125/><E133/><V31/><F127/><N who="1" m="48713" /><E113/><V93/><F117/><W99/><G129/><T1/><D32/><U120/><E120/><V25/><F76/><W27/><G132/><T9/><D67/><U73/><E73/><V33/><F105/><W60/><G74/><T75/><D71/><U83/><E38/><V104/><F104/><W80/><G80/><T72/><D72/><U78/><E36/><V79/><F79/><W23/><G27/><T110/><D110/><U116/><E116/><V84/><F19/><W11/><G118/><T13/><D1/><U56/><E98/><N who="2" m="59471" /><F84/><W50/><REACH who="3" step="1"/><G8/><REACH who="3" ten="250,250,250,240" step="2"/><T135/><D75/><U81/><E81/><V57/><F69/><W47/><G47/><T112/><D135/><U41/><E41/><V95/><F95/><W62/><G62/><AGARI ba="0,1" hai="20,25,31,33,35,57,62,65,108,109,111" m="59471" machi="62" ten="30,2000,0" yaku="25,1,14,1" doraHai="48" who="2" fromWho="3" sc="250,0,250,0,250,30,240,-20" /><INIT seed="1,0,0,3,4,40" ten="250,250,280,220" oya="1" hai0="48,42,57,54,53,12,38,20,108,117,102,107,28" hai1="130,135,63,73,106,16,125,36,119,6,39,62,74" hai2="31,133,8,17,131,30,22,103,124,64,89,100,43" hai3="104,129,122,34,4,77,67,86,123,24,109,118,101"/><U91/><E106/><V115/><F115/><W75/><G67/><T33/><D117/><U81/><E119/><V19/><F133/><W29/><G118/><T45/><D108/><U111/><E135/><V58/><F131/><W132/><G132/><T46/><D33/><U0/><E74/><V15/><F124/><W76/><G129/><T92/><D107/><U121/><E121/><V65/><F43/><W59/><G109/><T127/><D127/><U96/><E125/><V78/><F78/><W41/><G75/><T32/><D32/><U18/><E130/><V110/><F110/><W26/><G4/><T44/><D54/><U10/><E111/><V50/><F89/><W3/><G3/><T71/><D71/><U14/><E18/><V83/><F83/><W72/><G72/><T47/><D12/><U61/><E96/><V134/><F50/><W70/><G70/><T82/><D82/><U126/><E126/><V98/><F134/><W69/><G69/><T9/><D9/><U94/><E81/><V51/><F51/><W37/><G123/><T2/><D2/><U120/><E73/><V105/><F103/><W114/><G101/><T1/><D1/><U35/><E35/><V116/><F116/><W11/><G122/><T13/><D13/><U128/><E128/><V60/><F65/><W95/><G114/><T66/><D66/><U5/><E120/><V99/><F99/><W85/><G34/><T52/><D53/><U88/><E91/><V112/><F112/><W25/><G77/><T55/><D55/><U84/><E0/><V87/><F87/><RYUUKYOKU ba="0,0" sc="250,-15,250,15,280,15,220,-15" hai1="5,6,10,14,16,36,39,61,62,63,84,88,94" hai2="8,15,17,19,22,30,31,58,60,64,98,100,105" /><INIT seed="1,1,0,2,2,57" ten="235,265,295,205" oya="1" hai0="121,118,21,99,3,52,35,42,101,62,29,97,69" hai1="120,127,115,135,131,98,23,6,53,96,47,16,128" hai2="30,113,112,104,65,17,78,38,122,75,37,24,18" hai3="67,2,81,116,70,119,74,61,5,58,102,94,20"/><U80/><E115/><N who="2" m="44107" /><F122/><W82/><G74/><T77/><D118/><N who="3" m="45097" /><G70/><T91/><D121/><U87/><E120/><V92/><F104/><W7/><G20/><T31/><D3/><U72/><E72/><V114/><N who="2" m="44115" /><V33/><DORA hai="55" /><F92/><W48/><G48/><T73/><D35/><U123/><E127/><V126/><F126/><W130/><G130/><N who="1" m="49706" /><E135/><V9/><F65/><W85/><G2/><T40/><D77/><N who="1" m="46479" /><E6/><N who="3" m="2058" /><G85/><T76/><D76/><U110/><E110/><V133/><F133/><W45/><G45/><T79/><D79/><U95/><E95/><V132/><F132/><W93/><G93/><N who="0" m="58543" /><D73/><U10/><E10/><V66/><F9/><W59/><G59/><N who="0" m="35175" /><D69/><U111/><E111/><V90/><F78/><W41/><G41/><N who="0" m="15979" /><D21/><U64/><E64/><V60/><F75/><W109/><G109/><T103/><D103/><U125/><E123/><V49/><F33/><W124/><G124/><T26/><D99/><AGARI ba="1,0" hai="58,61,67,81,82,94,99,102" m="2058,45097" machi="99" ten="30,3900,0" yaku="12,1,52,2" doraHai="57,55" who="3" fromWho="0" sc="235,-42,265,0,295,0,205,42" /><INIT seed="2,0,0,0,2,91" ten="193,265,295,247" oya="2" hai0="72,29,3,87,26,52,74,102,13,119,14,121,105" hai1="22,0,112,20,62,96,68,2,8,41,103,60,85" hai2="51,40,19,110,36,21,77,67,64,75,130,114,95" hai3="108,127,35,128,116,113,54,48,59,100,16,131,98"/><V101/><F114/><W81/><G116/><T107/><D121/><U104/><E112/><V115/><F115/><W46/><G113/><T23/><D3/><U34/><E34/><V65/><F36/><W124/><G35/><T24/><D119/><U38/><E41/><V47/><F130/><N who="3" m="49707" /><G108/><T45/><D74/><U132/><E38/><V25/><F110/><W135/><G81/><T32/><D72/><U43/><E43/><V50/><F75/><W15/><G46/><T18/><D87/><U78/><E132/><V86/><F51/><W28/><G28/><T99/><REACH who="0" step="1"/><D105/><REACH who="0" ten="183,265,295,247" step="2"/><U37/><E2/><V70/><F86/><W71/><G135/><T123/><D123/><U80/><E0/><V44/><F77/><W53/><G127/><T89/><D89/><U33/><E37/><V58/><F70/><W5/><G71/><T1/><D1/><U6/><E68/><V49/><F101/><W61/><G124/><T92/><D92/><U94/><E104/><V93/><F58/><N who="3" m="33063" /><G100/><T76/><D76/><U7/><E103/><V133/><F133/><W12/><G98/><T88/><D88/><U84/><E78/><V73/><F73/><W120/><G120/><T125/><D125/><U83/><E96/><V17/><F95/><W27/><G5/><T90/><D90/><U134/><E94/><V126/><F93/><W9/><G27/><T106/><D106/><U11/><E134/><V69/><F69/><W79/><G79/><T63/><D63/><U111/><E111/><V82/><F126/><W42/><G15/><T10/><D10/><U4/><E4/><RYUUKYOKU ba="0,1" sc="183,10,265,10,295,-30,247,10" hai0="13,14,18,23,24,26,29,32,45,52,99,102,107" hai1="6,7,8,11,20,22,33,60,62,80,83,84,85" hai3="9,12,16,42,54,59,61" /><INIT seed="3,1,1,2,3,86" ten="193,275,265,257" oya="3" hai0="27,36,71,69,105,96,117,76,107,46,50,102,116" hai1="13,72,90,30,1,114,104,129,101,70,67,89,35" hai2="2,109,47,127,61,39,15,92,81,10,66,83,133" hai3="85,53,57,108,106,41,8,6,20,59,23,22,82"/><W130/><G130/><T88/><D36/><U103/><E114/><V49/><F39/><W93/><G106/><T5/><D107/><U125/><E1/><V112/><F2/><W11/><G108/><T25/><D76/><U34/><E72/><V0/><F0/><W48/><G41/><T115/><D115/><U113/><E113/><V17/><F127/><W60/><G93/><T97/><D5/><U128/><E70/><V132/><F109/><W4/><G4/><T32/><D69/><U99/><E67/><V28/><F28/><W26/><G26/><T78/><D78/><U91/><E125/><V131/><F131/><N who="1" m="50249" /><E30/><V124/><F124/><W54/><REACH who="3" step="1"/><G6/><REACH who="3" ten="193,275,265,247" step="2"/><T80/><D71/><U37/><E37/><V9/><F92/><W40/><G40/><T64/><D25/><U56/><E103/><V18/><F112/><W126/><G126/><T123/><D123/><U29/><E29/><V43/><F133/><W84/><G84/><T62/><D27/><U65/><E13/><N who="2" m="7343" /><F132/><W111/><G111/><T45/><D32/><U7/><E7/><V100/><F100/><W24/><G24/><T21/><D117/><U122/><E122/><V3/><F3/><W118/><G118/><T119/><D116/><U33/><E33/><V55/><F43/><W38/><G38/><T98/><D119/><U42/><E42/><V135/><F135/><W51/><G51/><T68/><D50/><U79/><E79/><AGARI ba="1,2" hai="8,11,20,22,23,48,53,54,57,59,60,79,82,85" machi="79" ten="40,3900,0" yaku="1,1,8,1,53,0" doraHai="86" doraHaiUra="87" who="3" fromWho="1" sc="193,0,275,-42,265,0,247,62" owari="193,-30.7,233,-16.7,265,6.5,309,40.9" /></mjloggm>