<mjloggm ver="2.3"><GO type="225" lobby="0"/><UN n0="%45%6C%79%73%69%75%6D" n1="%4C%4F%4C%49%54%41" n2="%E4%BB%A5%E5%A5%B3%E7%A5%9E%E4%B9%8B%E5%90%8D%E8%A8%B1%E9%A1%98" n3="%E3%83%96%E3%83%83%E3%83%91%E3%82%AA%E3%83%96%E3%83%81%E3%82%AD%E3%83%B3" dan="16,16,16,16" rate="2127.06,2128.35,2054.26,2166.89" sx="M,F,M,M"/><TAIKYOKU oya="0"/><INIT seed="0,0,0,4,1,38" ten="250,250,250,250" oya="0" hai0="4,116,1,114,18,74,84,56,133,92,81,23,135" hai1="60,105,104,109,2,0,39,31,22,44,78,64,68" hai2="40,127,117,69,17,9,28,86,11,124,87,54,57" hai3="50,21,35,46,10,95,43,20,100,70,27,101,102"/><T108/><D116/><U48/><E109/><V3/><F69/><W94/><G70/><T52/><D114/><U24/><E39/><V15/><F117/><W36/><G35/><T80/><D108/><U122/><E122/><V83/><F28/><W62/><G62/><T96/><D74/><U55/><REACH who="1" step="1"/><E78/><REACH who="1" ten="250,240,250,250" step="2"/><V91/><F124/><W77/><G36/><T49/><D133/><U88/><E88/><V32/><F127/><W19/><G77/><T37/><D135/><U7/><E7/><V45/><F91/><W106/><G106/><AGARI ba="0,1" hai="0,2,22,24,31,44,48,55,60,64,68,104,105,106" machi="106" ten="40,1300,0" yaku="1,1,53,0" doraHai="38" doraHaiUra="113" who="1" fromWho="3" sc="250,0,240,23,250,0,250,-13" /><INIT seed="1,0,0,3,3,10" ten="250,263,250,237" oya="1" hai0="85,26,47,2,61,27,83,75,88,132,24,97,70" hai1="16,73,62,55,33,51,128,31,48,135,11,39,92" hai2="112,120,6,93,82,49,71,103,65,40,9,79,1" hai3="115,69,77,89,52,91,125,42,84,20,12,99,38"/><U118/><E39/><V123/><F112/><W19/><G115/><T43/><D2/><U5/><E118/><V122/><F93/><W7/><G69/><T104/><D132/><U32/><E73/><V35/><F103/><W107/><G125/><T17/><D75/><U22/><E135/><V56/><F35/><W37/><G7/><T98/><D104/><U129/><E31/><V78/><F78/><W109/><G109/><T21/><D61/><U3/><E92/><V50/><F40/><W106/><G77/><T25/><REACH who="0" step="1"/><D70/><REACH who="0" ten="240,263,250,237" step="2"/><U15/><E62/><V111/><F71/><W100/><G107/><T105/><D105/><U90/><E90/><V134/><F134/><W54/><G91/><T58/><D58/><N who="1" m="33127" /><E51/><AGARI ba="0,1" hai="17,21,24,25,26,27,43,47,51,83,85,88,97,98" machi="51" ten="40,5200,0" yaku="1,1,8,1,54,1,53,0" doraHai="10" doraHaiUra="60" who="0" fromWho="1" sc="240,62,263,-52,250,0,237,0" /><INIT seed="2,0,0,3,1,62" ten="302,211,250,237" oya="2" hai0="67,110,39,133,13,111,76,112,119,7,21,59,101" hai1="126,5,22,41,40,64,24,49,28,82,51,68,99" hai2="121,29,120,63,79,37,71,83,12,93,52,31,34" hai3="27,128,86,113,88,95,74,105,115,104,92,75,53"/><V42/><F93/><N who="3" m="35915" /><G128/><T38/><D112/><N who="3" m="43081" /><G53/><T127/><D119/><U125/><E5/><V132/><F132/><W94/><G27/><T84/><D133/><U78/><E99/><V43/><F12/><W55/><G55/><T46/><D127/><N who="1" m="48651" /><E41/><V6/><F6/><W18/><G18/><T48/><D101/><U72/><E40/><V100/><F100/><W135/><G135/><T3/><D3/><U36/><E36/><V32/><F37/><W25/><G25/><T11/><D21/><U98/><E98/><V77/><F52/><W30/><G30/><T35/><D39/><U69/><E69/><V60/><REACH who="2" step="1"/><F83/><REACH who="2" ten="302,211,240,237" step="2"/><W91/><G91/><T134/><D38/><U97/><E97/><V4/><F4/><W109/><G109/><T44/><D111/><U65/><E65/><V56/><F56/><W54/><G54/><T66/><D110/><U58/><E58/><V117/><F117/><W16/><G16/><T103/><D134/><U80/><E82/><V47/><F47/><W87/><G87/><T70/><D59/><U102/><E102/><V114/><F114/><W20/><G86/><T2/><D103/><U90/><E68/><AGARI ba="0,1" hai="29,31,32,34,42,43,60,63,68,71,77,79,120,121" machi="68" ten="25,4800,0" yaku="1,1,22,2,53,0" doraHai="62" doraHaiUra="9" who="2" fromWho="1" sc="302,0,211,-48,240,58,237,0" /><INIT seed="2,1,0,4,1,38" ten="302,163,298,237" oya="2" hai0="52,16,5,86,92,1,109,19,101,119,85,91,94" hai1="89,111,115,45,10,84,117,39,4,76,68,23,29" hai2="28,55,67,3,42,87,35,50,65,8,66,106,69" hai3="88,37,9,97,71,2,44,21,103,128,105,100,73"/><V112/><F106/><W26/><G128/><T72/><D72/><U108/><E115/><V110/><F112/><W125/><G71/><T59/><D109/><U121/><E117/><V131/><F131/><W47/><G125/><T98/><D119/><U11/><E68/><V107/><F107/><W34/><G73/><T99/><D5/><U57/><E121/><V82/><F69/><W90/><G103/><T135/><D1/><U49/><E39/><V74/><F74/><W132/><G34/><T113/><D135/><U129/><E129/><V124/><F124/><W60/><G132/><T116/><D116/><U6/><E57/><V61/><F3/><W123/><G123/><T133/><D133/><U134/><E134/><V13/><F35/><W30/><G60/><N who="0" m="35943" /><D113/><U46/><E76/><N who="2" m="46535" /><F28/><W126/><G126/><T40/><D40/><N who="1" m="24743" /><E46/><N who="2" m="25943" /><F110/><N who="1" m="42025" /><E29/><V22/><F61/><W12/><G2/><T20/><D19/><U48/><E48/><V14/><F55/><W58/><G58/><T36/><D36/><U120/><E120/><V62/><F62/><W75/><G75/><T7/><D7/><N who="1" m="2603" /><E23/><V51/><F51/><W17/><REACH who="3" step="1"/><G47/><REACH who="3" ten="302,163,298,227" step="2"/><T80/><D80/><AGARI ba="1,1" hai="10,11,80,84,89" m="2603,42025,24743" machi="80" ten="30,2000,0" yaku="14,1,52,1" doraHai="38" who="1" fromWho="0" sc="302,-23,163,33,298,0,227,0" /><INIT seed="3,0,0,1,0,106" ten="279,196,298,227" oya="3" hai0="20,28,23,135,40,80,25,64,48,107,115,76,68" hai1="46,127,11,10,109,67,44,82,42,34,9,15,128" hai2="54,117,131,129,119,83,62,6,69,12,88,78,30" hai3="18,50,38,52,1,116,102,8,123,103,86,125,56"/><W70/><G116/><T89/><D135/><U99/><E34/><V61/><F30/><W17/><G123/><T59/><D115/><U122/><E122/><V22/><F88/><W63/><G38/><T134/><D134/><U90/><E109/><V81/><F54/><W24/><G125/><T29/><D107/><U96/><E128/><N who="2" m="49227" /><F69/><W7/><G86/><T26/><D89/><U110/><E110/><V100/><F100/><W57/><G70/><T85/><D68/><U72/><E67/><V4/><F22/><W87/><G87/><T41/><D48/><U53/><E127/><V133/><F133/><W36/><G36/><T5/><D5/><N who="2" m="2154" /><F12/><W51/><G51/><T32/><D32/><U49/><E15/><V2/><F2/><W108/><G108/><T19/><D19/><U45/><E42/><V13/><F13/><W120/><G120/><T35/><D35/><U47/><REACH who="1" step="1"/><E90/><REACH who="1" ten="279,186,298,227" step="2"/><V60/><F83/><W126/><G126/><T104/><D41/><U74/><E74/><AGARI ba="0,1" hai="60,61,62,74,78,81,117,119" m="2154,49227" machi="74" ten="30,2000,0" yaku="19,1,52,1" doraHai="106" who="2" fromWho="1" sc="279,0,186,-20,298,30,227,0" owari="279,7.9,166,-33.4,328,42.8,227,-17.3" /></mjloggm>