<mjloggm ver="2.3"><GO type="225" lobby="0"/><UN n0="%E6%B2%B3%E7%AB%A5%E3%81%AE%E3%83%AF%E3%82%AB%E3%83%9E%E3%83%84" n1="%E5%A4%8F%E9%88%B4%E9%88%B4%E5%A4%8F" n2="%E7%89%B9%E6%9D%B1%E3%81%AF%E4%B8%96%E7%95%8C%E3%82%92%E6%95%91%E3%81%86" n3="%E3%81%BF%E3%81%BF%E3%81%9A" dan="18,16,16,17" rate="2207.96,2121.19,2203.32,2175.61" sx="M,F,M,M"/><TAIKYOKU oya="0"/><INIT seed="0,0,0,1,2,124" ten="250,250,250,250" oya="0" hai0="27,22,129,101,33,72,89,49,79,13,2,119,24" hai1="53,21,76,99,23,5,103,50,28,32,0,81,132" hai2="47,64,40,78,125,77,19,35,55,122,17,39,102" hai3="104,48,91,14,15,118,16,60,4,18,46,93,112"/><T57/><D119/><U29/><E132/><V6/><F122/><W25/><G118/><T94/><D2/><U127/><E127/><V11/><F35/><W12/><G104/><T36/><D36/><U108/><E108/><V34/><F34/><W121/><G112/><T9/><D101/><U74/><E0/><V37/><F125/><W134/><G134/><T30/><D72/><U117/><E5/><V92/><F39/><W26/><G4/><T96/><D79/><U68/><E68/><V8/><F64/><W133/><G60/><T52/><D129/><U70/><E70/><V130/><F55/><W56/><G56/><T85/><D96/><U58/><E117/><V62/><F62/><W69/><G69/><T97/><D97/><U100/><E100/><V3/><F130/><W107/><G107/><T90/><D90/><U51/><E51/><V61/><F61/><W20/><G121/><T105/><D105/><U43/><E43/><V10/><F92/><W82/><G82/><T98/><D98/><U75/><E75/><V123/><F102/><W59/><G59/><T109/><D109/><U54/><E54/><V116/><F116/><W7/><G7/><N who="0" m="3263" /><D33/><U135/><E135/><V120/><F120/><W95/><G91/><T1/><D1/><U83/><E83/><V71/><F71/><W73/><G73/><T45/><D57/><U42/><E42/><V84/><F123/><W126/><G126/><T110/><D110/><U63/><E32/><V38/><F3/><W128/><G133/><T131/><D131/><U87/><E74/><V66/><F38/><RYUUKYOKU ba="0,0" sc="250,30,250,-10,250,-10,250,-10" hai0="22,24,27,30,45,49,52,85,89,94" /><INIT seed="0,1,0,3,2,112" ten="280,240,240,240" oya="0" hai0="20,72,52,98,123,86,31,78,65,105,134,53,8" hai1="35,104,36,133,2,48,92,81,128,9,97,132,29" hai2="108,24,131,83,34,74,115,119,89,18,68,55,32" hai3="95,54,56,82,111,102,43,4,88,109,0,7,79"/><T84/><D123/><U75/><E104/><V126/><F115/><W40/><G102/><T116/><D116/><U27/><E36/><V100/><F68/><W13/><G0/><T121/><D121/><U42/><E128/><V64/><F64/><W16/><G4/><T62/><D72/><U15/><E2/><V50/><F100/><W77/><G7/><T91/><D8/><U70/><E70/><V96/><F131/><W99/><G111/><T1/><D134/><N who="1" m="51819" /><E75/><V67/><F67/><W25/><G25/><N who="0" m="16807" /><D105/><U87/><E48/><V90/><F108/><W94/><G94/><N who="0" m="56671" /><D1/><U30/><E42/><N who="3" m="15914" /><G82/><N who="0" m="47191" /><D86/><U124/><E27/><V135/><F74/><W49/><G109/><T122/><D122/><U60/><E35/><V22/><F135/><W23/><AGARI ba="1,0" hai="13,16,23,49,54,56,77,79,88,95,99" m="15914" machi="23" ten="30,4000,0" yaku="8,1,54,2" doraHai="112" who="3" fromWho="3" sc="280,-21,240,-11,240,-11,240,43" /><INIT seed="1,0,0,5,2,17" ten="259,229,229,283" oya="1" hai0="65,86,121,66,31,101,67,118,132,34,52,127,29" hai1="102,94,131,89,95,27,129,128,61,11,59,70,111" hai2="53,76,36,114,40,135,97,55,115,45,3,58,80" hai3="82,57,46,68,98,7,117,43,5,81,1,15,110"/><U60/><E111/><V91/><F3/><W109/><G68/><T9/><D118/><U30/><E70/><V26/><F135/><W116/><G57/><T134/><D127/><U44/><E44/><V22/><F97/><W20/><G1/><T37/><D37/><U54/><E11/><V87/><F76/><W23/><G98/><T79/><D101/><U33/><E102/><V75/><F75/><W32/><G32/><T122/><D9/><U119/><E119/><N who="3" m="45642" /><G82/><N who="0" m="47455" /><D52/><U14/><E14/><V126/><F126/><W108/><G81/><T125/><D125/><U63/><REACH who="1" step="1"/><E89/><REACH who="1" ten="259,219,229,283" step="2"/><V78/><F91/><W42/><G42/><T8/><D8/><U93/><AGARI ba="0,1" hai="27,30,33,54,59,60,61,63,93,94,95,128,129,131" machi="93" ten="40,12000,1" yaku="1,1,2,1,0,1,19,1,53,0" doraHai="17" doraHaiUra="77" who="1" fromWho="1" sc="259,-40,219,130,229,-40,283,-40" /><INIT seed="1,1,0,0,5,105" ten="219,349,189,243" oya="1" hai0="81,73,79,98,21,102,101,110,41,44,89,132,22" hai1="17,50,121,131,66,23,14,38,13,51,62,104,77" hai2="124,47,39,0,86,123,3,111,129,12,24,46,126" hai3="55,31,36,115,80,64,57,106,83,90,120,95,60"/><U6/><E121/><V76/><F123/><W32/><G120/><T42/><D110/><U118/><E38/><V93/><F111/><W71/><G106/><T74/><D132/><U7/><E118/><V11/><F129/><W61/><G115/><T114/><D114/><U92/><E104/><V27/><F76/><W18/><G36/><T48/><D74/><U122/><E122/><V1/><F86/><W133/><G133/><T26/><D41/><U72/><E92/><V20/><F93/><W56/><G31/><T75/><D75/><U127/><E127/><N who="2" m="48683" /><F39/><W67/><G32/><T16/><D98/><U108/><E131/><V2/><N who="2" m="0" /><DORA hai="113" /><V43/><F43/><W15/><G55/><T116/><D116/><U112/><E112/><V94/><F94/><W35/><G35/><T25/><REACH who="0" step="1"/><D89/><REACH who="0" ten="209,349,189,243" step="2"/><U52/><E72/><V130/><F130/><W78/><G78/><T63/><D63/><U125/><E77/><V65/><F65/><W68/><G68/><T45/><D45/><N who="2" m="16906" /><F20/><N who="3" m="11359" /><G71/><T5/><D5/><AGARI ba="1,1" hai="5,11,12,24,27" m="16906,0,48683" machi="5" ten="60,2000,0" yaku="18,1" doraHai="105,113" who="2" fromWho="0" sc="209,-23,349,0,189,33,243,0" /><INIT seed="2,0,0,1,2,0" ten="186,349,222,243" oya="2" hai0="5,84,12,9,88,56,106,60,47,77,70,103,99" hai1="74,85,132,94,121,101,105,8,41,69,133,125,44" hai2="89,20,4,26,59,58,17,63,43,66,79,37,98" hai3="119,104,25,55,64,114,21,10,128,120,45,35,78"/><V16/><F79/><W76/><G119/><T52/><D70/><U115/><E115/><V48/><F37/><W83/><G120/><T6/><D77/><U134/><E121/><V7/><F17/><W124/><G104/><T110/><D110/><U111/><E111/><V72/><F72/><W92/><G35/><T39/><D39/><U82/><E125/><V102/><F89/><W18/><G124/><T50/><D5/><U40/><E69/><V93/><F43/><W23/><G64/><T49/><REACH who="0" step="1"/><D47/><REACH who="0" ten="176,349,222,243" step="2"/><U100/><E44/><V29/><F29/><W11/><G45/><T109/><D109/><U68/><E68/><V81/><F81/><AGARI ba="0,1" hai="6,9,12,49,50,52,56,60,81,84,88,99,103,106" machi="81" ten="30,8000,1" yaku="1,1,7,1,52,1,54,2,53,0" doraHai="0" doraHaiUra="130" who="0" fromWho="2" sc="176,90,349,0,222,-80,243,0" /><INIT seed="3,0,0,4,3,0" ten="266,349,142,243" oya="3" hai0="45,68,67,65,18,63,82,23,95,66,96,106,21" hai1="112,34,126,39,79,75,1,3,131,118,77,8,55" hai2="117,54,86,70,105,85,130,124,64,71,4,97,53" hai3="101,58,13,41,16,28,6,123,48,33,22,111,38"/><W7/><G123/><T125/><D106/><U121/><RYUUKYOKU type="yao9" ba="0,0" sc="266,0,349,0,142,0,243,0" hai1="1,3,8,34,39,55,75,77,79,112,118,121,126,131" /><INIT seed="3,1,0,5,5,40" ten="266,349,142,243" oya="3" hai0="34,87,90,39,35,117,116,79,84,12,115,133,56" hai1="44,119,16,54,89,135,85,134,71,17,25,52,13" hai2="99,47,109,105,81,65,1,55,80,59,32,29,0" hai3="82,120,4,58,33,95,61,36,74,94,128,67,72"/><W129/><G120/><T10/><D39/><U22/><E71/><V11/><F109/><W60/><G33/><T6/><D133/><N who="1" m="50699" /><E44/><V49/><F32/><W104/><G104/><T27/><D115/><U48/><E48/><V73/><F29/><W112/><G112/><T7/><D34/><U9/><E119/><V86/><F73/><W102/><G4/><T123/><D84/><U15/><E15/><V78/><F11/><W38/><G102/><T127/><D90/><U122/><E122/><V28/><F28/><W97/><G97/><T132/><D6/><U121/><E121/><V24/><F24/><W125/><G82/><AGARI ba="1,0" hai="9,13,16,17,22,25,52,54,82,85,89" m="50699" machi="82" ten="30,3900,0" yaku="20,1,54,2" doraHai="40" who="1" fromWho="3" sc="266,0,349,42,142,0,243,-42" owari="266,6.6,391,49.1,142,-35.8,201,-19.9" /></mjloggm>