<mjloggm ver="2.3"><GO type="225" lobby="0"/><UN n0="%E6%A1%9C%E6%B2%A2%E5%A2%A8" n1="%4C%4F%4C%49%54%41" n2="%72%65%6E%6B%75%6E" n3="%E7%99%BD%E5%80%89%E5%AF%9B%E4%B9%8B" dan="17,16,17,16" rate="2195.83,2092.15,2228.37,2124.50" sx="F,F,M,M"/><TAIKYOKU oya="0"/><INIT seed="0,0,0,5,4,20" ten="250,250,250,250" oya="0" hai0="46,84,56,79,65,94,4,3,14,129,21,90,107" hai1="75,114,6,88,42,108,103,25,5,60,86,58,95" hai2="115,9,70,62,18,131,104,109,33,52,118,40,68" hai3="67,49,26,127,117,54,134,19,2,96,113,112,119"/><T110/><D107/><U82/><E108/><V71/><F18/><W47/><G96/><T73/><D110/><U41/><E114/><N who="3" m="44138" /><G26/><T130/><D3/><U123/><E123/><V132/><F9/><W61/><G19/><T59/><D46/><U48/><E75/><V15/><F15/><W80/><G80/><N who="0" m="45167" /><D65/><U27/><E103/><V91/><F91/><W53/><G2/><T17/><D4/><N who="1" m="1643" /><E95/><V51/><F33/><W98/><G98/><T89/><D89/><U16/><E16/><V116/><F104/><W28/><G28/><T100/><D100/><U97/><E97/><V76/><F76/><W36/><G134/><T10/><D10/><U66/><E42/><V125/><F109/><W22/><G22/><T92/><D92/><U78/><E78/><V37/><F115/><W13/><G13/><T43/><D43/><U124/><E124/><V126/><F132/><W64/><G36/><T83/><D94/><U121/><E121/><V106/><F106/><W111/><G111/><T102/><D102/><U29/><E29/><V23/><F23/><W72/><G72/><T30/><D30/><U31/><E31/><V120/><F120/><W57/><G127/><T74/><D74/><U32/><E32/><V93/><F93/><W7/><G7/><T34/><D34/><U45/><AGARI ba="0,0" hai="25,27,41,45,48,58,60,66,82,86,88" m="1643" machi="45" ten="30,7900,0" yaku="8,1,52,2,54,1" doraHai="20" who="1" fromWho="1" sc="250,-39,250,79,250,-20,250,-20" /><INIT seed="1,0,0,1,1,28" ten="211,329,230,230" oya="1" hai0="17,1,77,126,18,49,80,132,32,31,66,8,41" hai1="27,124,61,38,128,22,58,10,98,104,44,74,110" hai2="11,67,65,103,75,55,56,82,14,102,81,43,131" hai3="12,69,13,72,99,120,4,134,96,16,37,50,83"/><U129/><E74/><V133/><F133/><W45/><G37/><T52/><D132/><U89/><E124/><V5/><F131/><N who="1" m="50249" /><E110/><V19/><F43/><W76/><G69/><T40/><D126/><U64/><E10/><V127/><F127/><W71/><G71/><T33/><D66/><N who="2" m="25098" /><F5/><W25/><G134/><T105/><D105/><U34/><E34/><V42/><F42/><W57/><G57/><T94/><D40/><N who="1" m="22551" /><E89/><V47/><F47/><W60/><G60/><T87/><D41/><U119/><E119/><V35/><F35/><W15/><G120/><T85/><D31/><U93/><E104/><V97/><F75/><W86/><G72/><T2/><D2/><U46/><E46/><V130/><F130/><W114/><G4/><T26/><D17/><U90/><E22/><V117/><F117/><W30/><G114/><T6/><D18/><U107/><E107/><V108/><F108/><W84/><G16/><T125/><D125/><U79/><E79/><V122/><F122/><W113/><G113/><T29/><D29/><U115/><E115/><V0/><F0/><W73/><G30/><T95/><D26/><AGARI ba="0,0" hai="26,27,58,61,64,90,93,98" m="22551,50249" machi="26" ten="30,1500,0" yaku="19,1" doraHai="28" who="1" fromWho="0" sc="211,-15,329,15,230,0,230,0" /><INIT seed="1,1,0,2,4,13" ten="196,344,230,230" oya="1" hai0="112,24,133,60,78,23,91,72,3,61,132,41,114" hai1="105,20,69,67,121,62,80,108,25,106,92,34,87" hai2="40,31,63,36,102,129,76,83,27,12,11,9,128" hai3="117,90,29,119,86,4,46,118,38,10,84,74,42"/><U109/><E34/><N who="2" m="20863" /><F102/><W107/><G74/><T64/><D3/><U28/><E121/><V16/><F63/><W111/><G107/><T73/><D41/><U0/><E92/><V2/><F40/><W53/><G111/><N who="1" m="42570" /><E0/><V59/><F59/><W115/><G115/><T120/><D91/><AGARI ba="1,0" hai="20,25,28,62,67,69,80,87,91,105,106" m="42570" machi="91" ten="30,2900,0" yaku="14,1,10,1" doraHai="13" who="1" fromWho="0" sc="196,-32,344,32,230,0,230,0" /><INIT seed="1,2,0,1,0,96" ten="164,376,230,230" oya="1" hai0="49,35,65,71,20,9,69,36,31,41,80,73,74" hai1="3,101,32,46,51,99,134,135,76,122,90,53,28" hai2="97,55,110,16,78,129,85,48,91,86,121,103,77" hai3="102,114,70,34,24,130,112,30,66,15,82,8,126"/><U6/><E122/><V40/><F121/><W17/><G130/><T19/><D36/><U92/><E76/><V131/><F40/><W95/><G126/><T27/><D9/><U94/><E3/><V7/><F7/><W113/><G82/><T60/><D71/><U72/><E72/><V0/><F0/><W18/><G66/><T93/><D80/><U133/><E6/><V33/><F33/><W98/><REACH who="3" step="1"/><G70/><REACH who="3" ten="164,376,230,220" step="2"/><T105/><D105/><U25/><REACH who="1" step="1"/><E94/><REACH who="1" ten="164,366,230,220" step="2"/><N who="2" m="58807" /><F131/><W52/><G52/><T120/><D93/><U61/><E61/><V124/><F129/><W45/><G45/><T100/><D120/><U104/><E104/><V108/><F124/><W88/><G88/><AGARI ba="2,2" hai="25,28,32,46,51,53,88,90,92,99,101,133,134,135" machi="88" ten="40,12000,1" yaku="1,1,20,1,52,1,54,1,53,0" doraHai="96" doraHaiUra="11" who="1" fromWho="3" sc="164,0,366,146,230,0,220,-126" /><INIT seed="1,3,0,2,5,80" ten="164,512,230,94" oya="1" hai0="65,117,71,11,90,53,84,42,35,47,18,83,23" hai1="134,70,119,111,49,123,0,39,34,60,120,101,16" hai2="77,133,112,33,55,100,5,75,51,129,99,122,3" hai3="9,79,41,8,69,57,88,54,17,86,61,15,124"/><U102/><E39/><V43/><F43/><W4/><G124/><T68/><D117/><U50/><E119/><V31/><F51/><W113/><G113/><T104/><D35/><U14/><E34/><V13/><F55/><W10/><G69/><T93/><D104/><U132/><E0/><V98/><F98/><W29/><G79/><T25/><D53/><U82/><E70/><V92/><F13/><W20/><G41/><T125/><D125/><U135/><E60/><V131/><F122/><N who="1" m="46633" /><E82/><N who="2" m="45375" /><F112/><W6/><REACH who="3" step="1"/><G29/><REACH who="3" ten="164,512,230,84" step="2"/><T107/><D68/><U94/><E132/><V121/><F121/><W44/><G44/><T97/><D71/><U56/><E135/><V1/><F133/><W26/><G26/><T7/><D47/><U21/><E134/><V116/><F116/><W37/><G37/><T91/><D42/><U40/><E40/><V127/><F127/><W45/><G45/><T74/><D74/><U22/><E56/><V32/><F31/><W78/><G78/><T106/><REACH who="0" step="1"/><D65/><REACH who="0" ten="154,512,230,84" step="2"/><U64/><E64/><V96/><F129/><W108/><G108/><T67/><D67/><U87/><E111/><V89/><F131/><W24/><G24/><T118/><D118/><U128/><E128/><V109/><F109/><W110/><G110/><T85/><D85/><U27/><E87/><V95/><F32/><W63/><G63/><T81/><D81/><AGARI ba="3,2" hai="4,6,8,9,10,15,17,20,54,57,61,81,86,88" machi="81" ten="40,8000,1" yaku="1,1,8,1,52,1,54,1,53,1" doraHai="80" doraHaiUra="76" who="3" fromWho="0" sc="154,-89,512,0,230,0,84,109" /><INIT seed="2,0,0,3,4,82" ten="65,512,230,193" oya="2" hai0="134,20,54,126,25,5,86,34,131,88,102,16,46" hai1="23,33,135,120,98,53,38,73,105,109,19,61,91" hai2="14,40,68,9,70,132,24,78,57,18,48,67,77" hai3="31,114,26,94,11,106,6,47,0,85,117,104,100"/><V28/><F132/><W122/><G117/><T60/><D126/><U125/><E33/><V27/><F27/><W112/><G122/><T8/><D131/><U74/><E38/><V59/><F40/><W69/><G69/><T55/><D134/><U39/><E39/><V81/><F77/><W101/><G47/><T93/><D34/><U130/><E135/><V116/><F116/><W30/><G85/><T111/><D111/><U65/><E53/><V43/><F43/><W56/><G56/><T64/><D102/><N who="3" m="39529" /><G94/><T41/><D64/><U113/><E113/><N who="3" m="43626" /><G31/><T127/><D60/><U80/><E105/><V15/><F57/><W35/><AGARI ba="0,0" hai="0,6,11,26,30,35,104,106" m="43626,39529" machi="35" ten="30,1100,0" yaku="11,1" doraHai="82" who="3" fromWho="3" sc="65,-3,512,-3,230,-5,193,11" /><INIT seed="3,0,0,2,2,90" ten="62,509,225,204" oya="3" hai0="1,29,135,19,61,11,14,96,66,38,10,82,9" hai1="127,118,81,105,26,89,23,84,101,98,56,125,32" hai2="27,33,94,69,49,114,34,120,6,121,122,21,131" hai3="63,58,117,133,50,55,92,134,79,0,72,8,3"/><W48/><G117/><T75/><D135/><N who="3" m="51721" /><G79/><T78/><D29/><U110/><E110/><V51/><F114/><W35/><G72/><T30/><D30/><U107/><E118/><V4/><F131/><W37/><G37/><T130/><D130/><U64/><E32/><N who="2" m="12395" /><F69/><W59/><G35/><T126/><D126/><N who="1" m="48139" /><E107/><V12/><F94/><W46/><G92/><T53/><D38/><U36/><E36/><V17/><F4/><W39/><G39/><T109/><D109/><U5/><E5/><V44/><F44/><W40/><G8/><AGARI ba="0,0" hai="6,8,12,17,21,27,49,51,120,121,122" m="12395" machi="8" ten="40,1300,0" yaku="13,1" doraHai="90" who="2" fromWho="3" sc="62,0,509,0,225,13,204,-13" owari="62,-43.8,509,60.9,238,3.8,191,-20.9" /></mjloggm>