<mjloggm ver="2.3"><GO type="225" lobby="0"/><UN n0="%E9%B3%B3%E6%9D%B1%E3%81%AE%E3%81%86%E3%81%95%E3%81%8E%E3%81%95%E3%82%93" n1="%E3%83%81%E3%83%83%E3%82%BF%E3%82%BD%E3%83%BC" n2="%72%69%6F%75%63%68%61%6E" n3="%E9%B7%B9%E5%80%89%E6%9D%8F%E9%88%B4" dan="17,16,16,16" rate="2184.51,2123.41,2074.26,2120.72" sx="M,F,M,F"/><TAIKYOKU oya="0"/><INIT seed="0,0,0,3,3,132" ten="250,250,250,250" oya="0" hai0="23,65,108,124,31,64,57,43,36,52,117,14,37" hai1="45,87,67,47,78,121,128,41,130,111,66,69,134" hai2="35,68,11,84,15,103,107,2,29,75,0,106,20" hai3="101,24,32,73,33,89,13,8,53,97,50,81,93"/><T113/><D113/><U92/><E121/><V80/><F68/><W105/><G24/><T27/><D117/><U4/><E134/><V115/><F115/><W125/><G125/><T40/><D124/><U21/><E111/><V88/><F75/><W17/><G73/><T133/><D133/><U34/><E34/><V22/><F35/><W16/><G17/><T61/><D108/><U112/><E112/><V7/><F20/><W85/><REACH who="3" step="1"/><G105/><REACH who="3" ten="250,250,250,240" step="2"/><T58/><D27/><U46/><E128/><V100/><F107/><W39/><G39/><T98/><D36/><U116/><E130/><V110/><F110/><W120/><G120/><T6/><D37/><U82/><E116/><V63/><F106/><W19/><G19/><T10/><D31/><U122/><E122/><V62/><F29/><W129/><G129/><T86/><D23/><U38/><E21/><V25/><F25/><W94/><G94/><T51/><D98/><U54/><E92/><V9/><F22/><W1/><G1/><T56/><D86/><U83/><E38/><V59/><F0/><W70/><G70/><T72/><D72/><U49/><E69/><V3/><F2/><W99/><G99/><T44/><REACH who="0" step="1"/><D65/><REACH who="0" ten="240,250,250,240" step="2"/><U30/><E30/><V119/><F119/><W48/><G48/><T91/><D91/><U60/><E67/><N who="2" m="39391" /><F63/><W5/><G5/><T90/><D90/><N who="1" m="51575" /><E4/><N who="2" m="1183" /><F103/><W114/><G114/><T109/><D109/><U28/><E28/><V18/><F7/><W74/><G74/><T71/><AGARI ba="0,2" hai="6,10,14,40,43,44,51,52,56,57,58,61,64,71" machi="71" ten="30,6000,0" yaku="1,1,0,1,54,1,53,0" doraHai="132" doraHaiUra="76" who="0" fromWho="0" sc="240,80,250,-20,250,-20,240,-20" /><INIT seed="0,1,0,1,0,58" ten="320,230,230,220" oya="0" hai0="17,72,18,110,37,6,117,99,88,104,60,85,113" hai1="12,38,19,128,77,86,90,31,68,33,39,81,80" hai2="69,134,20,48,114,64,112,74,92,97,11,106,95" hai3="56,62,53,118,29,67,96,91,126,124,54,123,45"/><T131/><D113/><U51/><E128/><V35/><F35/><W2/><G2/><T24/><D117/><U121/><E121/><V87/><F74/><W3/><G3/><T125/><D72/><U66/><E51/><V28/><F134/><W13/><G118/><T105/><D131/><U83/><E31/><V79/><F106/><W107/><G29/><T63/><D37/><U93/><E33/><V9/><F48/><W4/><G123/><T21/><D125/><N who="3" m="48233" /><G45/><T41/><D110/><U47/><E47/><V94/><F97/><W102/><G91/><T32/><D32/><U100/><E100/><V36/><F36/><W22/><G22/><N who="0" m="13391" /><D105/><U15/><E15/><V76/><F76/><W127/><N who="3" m="48241" /><W42/><DORA hai="34" /><G42/><T55/><D104/><U133/><E133/><V84/><F79/><W8/><AGARI ba="1,0" hai="4,8,13,53,54,56,62,67,96,102,107" m="48241" machi="8" ten="40,2700,0" yaku="18,1,52,1" doraHai="58,34" who="3" fromWho="3" sc="320,-14,230,-8,230,-8,220,30" /><INIT seed="1,0,0,3,0,124" ten="306,222,222,250" oya="1" hai0="17,44,58,75,128,109,7,13,41,37,103,81,60" hai1="123,73,121,9,59,8,63,5,94,33,43,48,35" hai2="110,115,132,78,25,31,108,87,120,15,119,127,72" hai3="14,28,16,18,68,98,88,99,131,91,10,55,22"/><U52/><E73/><V49/><F119/><W113/><G68/><T54/><D109/><N who="2" m="42090" /><F120/><W95/><G113/><T51/><D103/><U135/><E135/><V92/><F127/><W125/><G125/><T126/><D126/><U21/><E121/><V85/><F132/><W57/><G28/><T130/><D7/><U86/><E123/><V105/><F105/><W71/><G71/><T129/><D81/><U34/><E21/><V83/><F115/><W4/><G131/><T67/><D75/><U66/><E43/><V29/><F15/><W77/><G77/><T89/><D89/><U117/><E117/><V84/><F49/><W23/><G18/><T46/><REACH who="0" step="1"/><D130/><REACH who="0" ten="296,222,222,250" step="2"/><U111/><E111/><V93/><F31/><W6/><G6/><T133/><D133/><U42/><E5/><V50/><F50/><N who="3" m="30967" /><G4/><T47/><D47/><U62/><E42/><V56/><F56/><W96/><G91/><T114/><D114/><U61/><REACH who="1" step="1"/><E66/><REACH who="1" ten="296,212,222,250" step="2"/><V76/><F76/><W74/><G74/><T116/><D116/><U70/><E70/><V11/><F11/><AGARI ba="0,2" hai="11,13,17,37,41,44,46,51,54,58,60,67,128,129" machi="11" ten="40,8000,1" yaku="1,1,52,2,53,1" doraHai="124" doraHaiUra="38" who="0" fromWho="2" sc="296,100,212,0,222,-80,250,0" /><INIT seed="2,0,0,4,3,94" ten="396,212,142,250" oya="2" hai0="103,84,53,109,24,81,36,18,130,19,83,54,15" hai1="68,7,52,30,85,86,73,38,34,49,110,3,117" hai2="119,77,71,74,133,43,89,8,98,61,135,62,115" hai3="37,107,9,105,96,5,72,60,97,123,92,22,111"/><V108/><F115/><W11/><G72/><T63/><D36/><U35/><E117/><V1/><F119/><W33/><G33/><T80/><D109/><U99/><E73/><V46/><F108/><W118/><G37/><T13/><D130/><U65/><E38/><N who="2" m="21879" /><F71/><W29/><G111/><T40/><D40/><U69/><E110/><V41/><F41/><W127/><G60/><T124/><D103/><U66/><E7/><N who="2" m="1135" /><F89/><W112/><G118/><T45/><D124/><U55/><E3/><V0/><F0/><W21/><G112/><T128/><D128/><U78/><E49/><V134/><F98/><W70/><G70/><T48/><D84/><U16/><E30/><V10/><F10/><W17/><G11/><N who="0" m="6463" /><D24/><U4/><E4/><V25/><F25/><W2/><G29/><T129/><D129/><U47/><E47/><V39/><F39/><W59/><G59/><N who="0" m="35319" /><D83/><AGARI ba="0,0" hai="61,62,74,77,83,133,134,135" m="1135,21879" machi="83" ten="30,2900,0" yaku="25,1,20,1" doraHai="94" who="2" fromWho="0" sc="396,-29,212,0,142,29,250,0" /><INIT seed="2,1,0,1,3,74" ten="367,212,171,250" oya="2" hai0="92,83,36,108,49,17,32,95,16,129,41,84,79" hai1="40,34,101,121,87,28,85,58,77,107,9,88,113" hai2="52,94,1,109,131,19,18,93,102,128,104,31,0" hai3="60,53,23,89,122,57,8,14,37,81,59,4,135"/><V130/><F109/><W65/><G122/><T68/><D36/><U43/><E113/><V106/><F31/><W75/><G37/><T114/><D114/><U127/><E127/><V44/><F102/><W21/><G135/><T5/><D32/><U105/><E121/><V7/><F7/><W42/><G42/><T64/><D108/><U39/><E58/><V35/><F35/><W90/><G75/><T10/><D129/><N who="2" m="33026" /><V62/><DORA hai="12" /><F62/><N who="3" m="36143" /><G81/><T103/><D64/><U22/><E34/><V11/><F11/><W71/><G71/><T66/><D66/><U120/><E120/><V67/><F67/><W111/><G111/><T33/><D68/><U78/><E9/><V118/><F118/><W38/><G38/><T96/><D95/><N who="2" m="36362" /><F0/><W110/><G110/><T29/><D29/><U13/><E28/><V26/><F1/><W27/><G23/><T2/><REACH who="0" step="1"/><D33/><REACH who="0" ten="357,212,171,250" step="2"/><U24/><E39/><V3/><F3/><W86/><G65/><T117/><D117/><U99/><E107/><N who="2" m="41003" /><F26/><W61/><G27/><T91/><D91/><U97/><E24/><V133/><F133/><W25/><G90/><T134/><D134/><U55/><E105/><V132/><F132/><W98/><G89/><T76/><D76/><U47/><E77/><V82/><F82/><W51/><G25/><T70/><D70/><U124/><E55/><V123/><F123/><W100/><G100/><T56/><D56/><U45/><E78/><V54/><F54/><W6/><G59/><T63/><D63/><U73/><E88/><V112/><F112/><W115/><G115/><T72/><D72/><RYUUKYOKU ba="1,1" sc="357,15,212,-15,171,15,250,-15" hai0="2,5,10,16,17,41,49,79,83,84,92,96,103" hai2="18,19,44,52" /><INIT seed="2,2,1,4,0,32" ten="372,197,186,235" oya="2" hai0="47,70,61,67,55,33,28,52,125,14,51,116,104" hai1="16,6,101,74,120,78,3,68,39,44,96,58,50" hai2="98,81,23,112,106,80,83,7,37,43,13,92,94" hai3="79,77,12,45,131,89,57,8,118,65,21,108,54"/><V111/><F112/><W25/><G118/><T46/><D116/><U48/><E120/><V76/><F111/><W42/><G108/><T93/><D104/><U122/><E122/><V34/><F34/><W10/><G65/><T123/><D123/><U128/><E128/><V86/><F106/><W59/><G131/><T62/><D33/><U73/><E68/><V69/><F69/><W115/><G115/><T38/><D28/><U22/><E39/><V82/><F98/><W129/><G89/><T103/><D14/><U64/><E6/><V20/><F43/><W75/><G75/><T71/><D93/><N who="2" m="35946" /><F37/><W9/><G12/><T114/><D103/><U4/><E78/><N who="3" m="29706" /><G42/><N who="0" m="22871" /><D125/><U107/><E4/><V105/><F105/><W56/><G45/><N who="0" m="27759" /><D114/><U90/><E3/><V60/><F60/><N who="0" m="23146" /><D67/><U88/><E73/><V99/><F99/><W15/><G15/><T84/><D84/><U1/><E74/><V11/><AGARI ba="2,1" hai="7,11,13,20,23,76,80,81,82,83,86" m="35946" machi="11" ten="30,1500,0" yaku="8,1" doraHai="32" who="2" fromWho="2" sc="372,-7,197,-7,186,31,235,-7" /><INIT seed="2,3,0,2,4,57" ten="365,190,217,228" oya="2" hai0="46,132,113,19,0,106,21,24,72,103,87,77,100" hai1="32,109,26,20,43,56,75,124,105,14,67,36,76" hai2="127,78,27,104,25,91,118,73,16,15,71,60,55" hai3="110,80,58,30,3,7,99,9,34,51,84,64,6"/><V130/><F118/><W81/><G110/><T112/><D0/><U42/><E109/><V92/><F104/><W5/><G34/><T66/><D66/><U83/><E124/><V12/><F127/><W108/><G108/><T48/><D72/><U128/><E128/><V125/><F125/><W79/><G30/><T35/><D35/><U74/><E105/><V54/><F130/><W18/><G99/><T49/><D49/><U70/><E70/><V95/><F78/><W88/><G18/><T10/><D132/><U69/><E69/><V102/><F73/><W117/><G117/><T97/><D103/><U4/><E32/><V62/><F71/><W50/><G9/><T120/><D10/><U17/><E74/><V44/><F102/><W23/><G23/><T63/><D63/><N who="2" m="24106" /><F12/><W2/><G2/><T107/><D120/><U53/><E67/><V111/><F111/><W39/><G39/><T115/><D106/><U86/><E36/><V68/><F68/><W90/><G3/><T82/><D115/><U37/><E37/><V1/><F1/><W52/><G64/><T134/><D134/><U65/><E65/><V135/><F135/><W121/><G121/><T41/><AGARI ba="3,0" hai="19,21,24,41,46,48,77,82,87,97,100,107,112,113" machi="41" ten="20,1500,0" yaku="0,1,7,1" doraHai="57" who="0" fromWho="0" sc="365,24,190,-7,217,-10,228,-7" /><INIT seed="3,0,0,3,0,14" ten="389,183,207,221" oya="3" hai0="10,33,85,106,127,21,45,64,118,99,130,44,30" hai1="29,86,56,34,60,94,103,93,68,73,53,20,102" hai2="89,0,66,107,75,97,12,38,95,104,121,70,23" hai3="13,27,28,117,74,115,122,81,35,24,18,92,16"/><W50/><G115/><T54/><D118/><U22/><E73/><V100/><F0/><W37/><G37/><T96/><D33/><U87/><E68/><V15/><F38/><W26/><G117/><T32/><D32/><U78/><E34/><V43/><F75/><W134/><G122/><T61/><D130/><U46/><E46/><V40/><F121/><W120/><G120/><T124/><D85/><U88/><E29/><V5/><F107/><W91/><G134/><T31/><D10/><U110/><E110/><V47/><F5/><W126/><G126/><N who="0" m="48171" /><D54/><U4/><E4/><V132/><F132/><W135/><G135/><T57/><D96/><N who="1" m="59663" /><E103/><V84/><F23/><W9/><G50/><T41/><D21/><U108/><E108/><V101/><F101/><W51/><G51/><N who="0" m="27023" /><D45/><U112/><E112/><V11/><F47/><W129/><G129/><T113/><D113/><U63/><E60/><N who="2" m="40263" /><F11/><W71/><G71/><T39/><D39/><U125/><E125/><V82/><F104/><W2/><G2/><T25/><D25/><U133/><E133/><V3/><F3/><W109/><G109/><T90/><D106/><U123/><E123/><V19/><F19/><N who="3" m="8623" /><G35/><T65/><D65/><U80/><AGARI ba="0,0" hai="20,22,53,56,63,78,80,86,87,88,94" m="59663" machi="80" ten="30,2000,0" yaku="8,1,54,1" doraHai="14" who="1" fromWho="1" sc="389,-5,183,20,207,-5,221,-10" owari="384,48.4,203,-19.7,202,-29.8,211,1.1" /></mjloggm>