<mjloggm ver="2.3"><GO type="225" lobby="0"/><UN n0="%E3%81%A4%E3%81%A3%E3%81%B1%E3%82%8A%E3%83%9D%E3%83%BC%E3%83%AB" n1="%33%74%72%65%65" n2="%E3%82%8F%E3%81%8B%E3%81%B0%2A%E3%82%AC%E3%83%BC%E3%83%AB" n3="%70%68%65%6E%6F%6D%65" dan="17,16,16,16" rate="2234.86,2055.30,2126.48,2178.82" sx="M,F,M,M"/><TAIKYOKU oya="0"/><INIT seed="0,0,0,3,3,134" ten="250,250,250,250" oya="0" hai0="41,77,96,105,17,48,90,49,3,66,88,52,115" hai1="120,107,87,23,25,54,46,98,6,32,118,61,53" hai2="26,72,74,36,106,31,13,97,68,113,84,28,83" hai3="70,95,58,124,51,1,39,15,11,20,29,80,63"/><T112/><D3/><U59/><E118/><V122/><F122/><W8/><G39/><T94/><D105/><U65/><E120/><V10/><F36/><W62/><G1/><T57/><D66/><U79/><E32/><V60/><F113/><W22/><G124/><T42/><D77/><U69/><E6/><V76/><F31/><W47/><G70/><T99/><D17/><U78/><E46/><V27/><F27/><W19/><G80/><T131/><D131/><U73/><E73/><V108/><F108/><W37/><G37/><T38/><D38/><U33/><E33/><V5/><F60/><W71/><G71/><T0/><D0/><U35/><E35/><V9/><F9/><W14/><G95/><N who="0" m="56423" /><D115/><U126/><E126/><V21/><REACH who="2" step="1"/><F68/><REACH who="2" ten="250,250,240,250" step="2"/><W50/><G29/><T100/><D112/><U119/><E69/><V40/><F40/><N who="0" m="15466" /><D100/><AGARI ba="0,1" hai="5,10,13,21,26,28,72,74,76,83,84,97,100,106" machi="100" ten="40,1300,0" yaku="1,1,53,0" doraHai="134" doraHaiUra="34" who="2" fromWho="0" sc="250,-13,250,0,240,23,250,0" /><INIT seed="1,0,0,1,1,0" ten="237,250,263,250" oya="1" hai0="114,7,61,69,56,28,85,91,89,14,53,16,45" hai1="82,92,1,95,49,5,79,29,116,12,32,42,52" hai2="93,112,47,44,76,88,105,101,54,120,113,74,70" hai3="19,67,94,135,109,20,8,11,64,71,18,126,98"/><U86/><E116/><V40/><F120/><W41/><G109/><T78/><D69/><U43/><E1/><V90/><F70/><W115/><G115/><N who="2" m="44105" /><F105/><W9/><G126/><T83/><D114/><U122/><E122/><V75/><F101/><W17/><G135/><T57/><D28/><U59/><E29/><V50/><F76/><W107/><G107/><T48/><D7/><U25/><E25/><V58/><F47/><W2/><G2/><T73/><D73/><N who="2" m="27658" /><F93/><N who="1" m="35913" /><E32/><V124/><F124/><W118/><G118/><T46/><D46/><U62/><E62/><AGARI ba="0,0" hai="40,44,50,54,58,62,88,90" m="27658,44105" machi="62" ten="30,2000,0" yaku="11,1,54,1" doraHai="0" who="2" fromWho="1" sc="237,0,250,-20,263,20,250,0" /><INIT seed="2,0,0,5,0,109" ten="237,230,283,250" oya="2" hai0="22,134,90,41,75,45,120,61,19,103,70,44,4" hai1="62,23,49,128,36,94,125,132,38,50,65,14,3" hai2="114,102,116,118,35,93,0,87,27,6,81,106,15" hai3="100,21,16,18,7,86,63,101,26,28,117,66,91"/><V119/><F114/><W34/><G117/><T84/><D75/><U108/><E3/><V57/><F106/><W79/><G79/><T5/><D120/><U82/><E108/><V54/><F0/><W31/><G7/><N who="0" m="2635" /><D70/><U58/><E132/><V80/><F35/><W67/><G18/><T77/><D134/><U131/><E82/><V97/><F27/><W127/><G127/><T11/><D103/><N who="3" m="39497" /><G34/><T59/><D41/><U85/><E125/><V112/><F112/><W32/><G32/><T72/><D11/><U133/><E133/><V115/><F115/><W123/><G123/><T105/><D105/><U52/><E94/><V129/><F129/><N who="1" m="49737" /><E85/><V124/><F124/><W71/><G71/><T98/><D98/><U89/><E89/><V29/><F29/><N who="3" m="11339" /><G63/><T122/><D77/><U69/><E49/><V42/><F42/><W55/><G55/><N who="0" m="34047" /><D72/><U92/><E92/><AGARI ba="0,0" hai="16,21,26,66,67,86,91,92" m="11339,39497" machi="92" ten="30,2000,0" yaku="8,1,54,1" doraHai="109" who="3" fromWho="1" sc="237,0,230,-20,283,0,250,20" /><INIT seed="3,0,0,5,3,20" ten="237,210,283,270" oya="3" hai0="57,35,112,29,19,96,32,108,133,13,135,38,17" hai1="7,105,77,4,76,73,81,103,115,26,1,130,42" hai2="102,11,5,68,44,62,97,95,16,58,43,121,37" hai3="56,111,132,61,51,107,90,12,40,79,119,110,14"/><W126/><G119/><T64/><D38/><U122/><E115/><V66/><F121/><W123/><G123/><T85/><D108/><N who="3" m="41513" /><G107/><T78/><D96/><U3/><E122/><V118/><F118/><W8/><G126/><T46/><D46/><U63/><E130/><V39/><F39/><W89/><G79/><T23/><D29/><U53/><E77/><V28/><F28/><W84/><G132/><N who="0" m="50763" /><D17/><U88/><E42/><V69/><REACH who="2" step="1"/><F16/><REACH who="2" ten="237,210,273,270" step="2"/><W113/><G113/><T18/><D18/><U54/><E26/><V27/><F27/><W114/><G114/><T86/><D19/><U67/><E4/><V36/><F36/><W30/><G30/><T15/><D112/><U91/><E7/><V82/><F82/><N who="3" m="49303" /><G8/><T34/><D34/><U41/><E41/><V128/><F128/><W116/><G116/><T93/><D35/><U134/><E134/><V2/><AGARI ba="0,1" hai="2,5,11,37,43,44,58,62,66,68,69,95,97,102" machi="2" ten="20,2700,0" yaku="1,1,0,1,7,1,53,0" doraHai="20" doraHaiUra="74" who="2" fromWho="2" sc="237,-7,210,-7,273,37,270,-13" owari="230,-17.0,203,-29.7,310,41.0,257,5.7" /></mjloggm>