<mjloggm ver="2.3"><GO type="225" lobby="0"/><UN n0="%E9%80%86%E9%80%A3%E5%B8%AF%E3%81%AE%E9%AC%BC" n1="%E5%B8%86%E7%AB%8B%E5%A4%8F%E8%A1%A3" n2="%46%65%6D%69%72%69%6E%73" n3="%77%72%77%72%77%72%77%72" dan="16,17,16,16" rate="2071.53,2251.24,2150.10,2105.43" sx="M,M,M,M"/><TAIKYOKU oya="0"/><INIT seed="0,0,0,4,3,117" ten="250,250,250,250" oya="0" hai0="123,8,25,114,126,120,118,38,27,97,93,54,66" hai1="100,60,2,44,52,124,107,48,67,12,92,72,89" hai2="122,31,21,128,41,17,110,84,37,26,46,40,94" hai3="76,106,81,65,29,24,116,77,55,86,112,16,74"/><T134/><D118/><U58/><E124/><V32/><F110/><W99/><G116/><T129/><D126/><U125/><E125/><V102/><F128/><W35/><G112/><T111/><D129/><U105/><E2/><V64/><F41/><W3/><G3/><T14/><D114/><U10/><E72/><V130/><F130/><W127/><G127/><T4/><D134/><U6/><REACH who="1" step="1"/><E100/><REACH who="1" ten="250,240,250,250" step="2"/><V88/><F102/><W70/><G74/><T131/><D131/><U101/><E101/><V30/><F122/><W71/><G76/><T68/><D111/><U108/><E108/><V121/><F121/><W13/><G77/><T33/><D123/><U104/><E104/><V69/><REACH who="2" step="1"/><F32/><REACH who="2" ten="250,240,240,250" step="2"/><W15/><G35/><T36/><D120/><U1/><E1/><V5/><F5/><W132/><G106/><T109/><D33/><U50/><E50/><V90/><F90/><W53/><G132/><T96/><D109/><U83/><E83/><V75/><F75/><W57/><G81/><T78/><D4/><U51/><E51/><V47/><F47/><W115/><G115/><T91/><D91/><U11/><E11/><V20/><F20/><W63/><G63/><AGARI ba="0,2" hai="17,21,26,30,31,37,40,46,63,64,69,84,88,94" machi="63" ten="40,5200,0" yaku="1,1,54,1,53,1" doraHai="117" doraHaiUra="85" who="2" fromWho="3" sc="250,0,240,0,240,72,250,-52" /><INIT seed="1,0,0,1,0,67" ten="250,240,312,198" oya="1" hai0="61,133,17,78,130,123,108,116,91,120,93,9,64" hai1="86,88,73,3,50,26,110,118,47,89,8,28,24" hai2="51,56,98,21,38,43,66,4,36,10,34,18,19" hai3="46,76,16,134,42,39,94,53,29,71,84,30,121"/><U0/><E118/><V7/><F34/><W2/><G121/><T72/><D116/><U6/><E73/><V81/><F98/><W109/><G109/><T124/><D108/><U40/><E110/><V14/><F38/><W107/><G107/><T65/><D133/><U122/><E122/><V90/><F36/><W37/><G134/><T126/><D130/><U41/><E3/><V112/><F112/><W95/><G37/><T106/><D106/><U115/><E115/><V33/><F33/><W55/><G2/><T85/><D123/><U97/><E41/><V113/><F113/><W70/><G76/><T135/><D135/><U59/><E28/><V49/><F66/><W54/><G84/><T12/><D120/><U131/><E131/><V117/><F117/><W5/><G5/><N who="2" m="2121" /><F56/><W35/><G16/><T68/><REACH who="0" step="1"/><D65/><REACH who="0" ten="240,240,312,198" step="2"/><U83/><REACH who="1" step="1"/><E59/><REACH who="1" ten="240,230,312,198" step="2"/><V82/><F10/><W128/><G128/><T132/><D132/><U74/><E74/><V105/><F14/><W80/><G35/><T62/><D62/><U96/><E96/><V99/><F99/><W48/><G29/><T103/><D103/><U60/><E60/><V111/><F111/><W13/><G30/><T104/><D104/><U75/><E75/><V79/><F105/><W58/><G13/><T125/><D125/><U101/><E101/><V119/><F119/><W102/><G102/><T92/><D92/><AGARI ba="0,2" hai="0,6,8,24,26,40,47,50,83,86,88,89,92,97" machi="92" ten="40,7700,0" yaku="1,1,54,1,53,1" doraHai="67" doraHaiUra="77" who="1" fromWho="0" sc="240,-77,230,97,312,0,198,0" /><INIT seed="1,1,0,5,4,59" ten="163,327,312,198" oya="1" hai0="79,123,118,21,8,17,70,100,57,135,22,30,119" hai1="52,63,26,74,134,11,15,43,64,110,76,127,55" hai2="107,5,133,82,85,103,28,68,25,3,83,69,90" hai3="86,37,39,24,112,23,91,80,56,104,71,32,18"/><U53/><E134/><V67/><F133/><W29/><G112/><T40/><D70/><U2/><E127/><V54/><F83/><W78/><G71/><T13/><D135/><U88/><E2/><V42/><F42/><W61/><G104/><T45/><D123/><U106/><E106/><V114/><F114/><W4/><G4/><T129/><D129/><U49/><E110/><V131/><F54/><W0/><G0/><T108/><D108/><U65/><E74/><V1/><F5/><W115/><G115/><T89/><D100/><U111/><E76/><V60/><F68/><W117/><G117/><T105/><D105/><U98/><E111/><V97/><REACH who="2" step="1"/><F131/><REACH who="2" ten="163,327,302,198" step="2"/><W99/><G37/><T92/><D119/><U101/><E43/><V27/><F27/><W77/><G39/><T10/><D118/><U33/><E53/><V58/><F58/><W34/><G56/><T95/><D57/><N who="1" m="35239" /><E55/><V35/><AGARI ba="1,1" hai="1,3,25,28,35,60,67,69,82,85,90,97,103,107" machi="35" ten="20,12000,2" yaku="1,1,0,1,7,1,25,2,52,1,53,1" doraHai="59" doraHaiUra="31" who="2" fromWho="2" sc="163,-31,327,-61,302,133,198,-31" /><INIT seed="2,0,0,3,3,106" ten="132,266,435,167" oya="2" hai0="42,26,47,28,96,1,74,114,112,82,88,97,101" hai1="116,87,2,113,58,99,55,92,31,109,60,29,20" hai2="10,45,79,90,16,21,64,62,4,57,33,104,39" hai3="34,71,15,48,78,35,131,13,81,73,125,44,46"/><V84/><F104/><W102/><G131/><T123/><D123/><U27/><E2/><V86/><F33/><W135/><G135/><T40/><D1/><U95/><E109/><V6/><F79/><W7/><G125/><T23/><D97/><U105/><E105/><V98/><F98/><W121/><G121/><T51/><D42/><U108/><E108/><V3/><F6/><W132/><G132/><T118/><D118/><U61/><E113/><V69/><F69/><W122/><G122/><T70/><D70/><U67/><E116/><V91/><F39/><W80/><G102/><T18/><D28/><U24/><E87/><V37/><F84/><W36/><G71/><T103/><D103/><U83/><E83/><V100/><F100/><W107/><G107/><T85/><REACH who="0" step="1"/><D74/><REACH who="0" ten="122,266,435,167" step="2"/><U128/><E99/><V5/><F3/><W93/><G73/><T0/><D0/><U117/><E117/><V30/><F30/><W68/><G68/><T124/><D124/><U8/><E31/><V41/><F41/><W75/><G36/><T56/><D56/><U59/><E29/><V94/><F57/><W66/><G35/><T134/><D134/><U25/><E59/><V63/><F37/><W115/><G34/><T129/><D129/><U127/><E58/><V14/><F62/><W77/><G75/><T110/><D110/><U111/><E60/><V53/><F63/><W9/><G44/><T126/><D126/><U89/><E61/><V50/><F45/><W17/><G46/><T133/><D133/><U72/><E127/><V120/><F120/><W12/><G48/><RYUUKYOKU ba="0,1" sc="122,30,266,-10,435,-10,167,-10" hai0="18,23,26,40,47,51,82,85,88,96,101,112,114" /><INIT seed="3,1,1,5,3,39" ten="152,256,425,157" oya="3" hai0="44,112,119,33,54,125,134,34,2,104,13,6,130" hai1="109,72,114,111,103,38,126,42,5,101,106,124,88" hai2="28,96,76,41,58,123,3,83,87,29,115,10,86" hai3="25,132,117,27,14,85,60,110,35,98,19,40,49"/><W63/><G117/><T91/><D119/><U135/><E114/><V108/><F115/><W100/><G132/><T1/><D112/><U9/><E72/><V80/><F108/><N who="1" m="41545" /><E135/><V71/><F71/><W70/><G110/><T32/><D134/><U66/><E66/><V81/><F81/><W128/><G70/><T107/><D130/><U69/><E69/><V61/><F96/><W67/><G128/><T99/><D125/><N who="1" m="48235" /><E106/><V74/><F74/><W36/><G67/><T43/><D54/><U48/><E38/><V20/><F20/><W92/><G35/><T57/><D57/><U26/><E26/><N who="3" m="9738" /><G85/><T113/><D113/><U51/><E88/><V45/><F86/><W133/><G36/><T90/><D107/><U64/><E64/><V7/><F83/><W11/><G133/><T122/><D122/><U93/><E93/><V89/><F123/><W16/><G19/><T62/><D104/><U12/><E51/><V75/><F75/><W4/><G4/><T0/><D62/><U95/><E95/><V56/><F61/><W127/><G127/><T79/><D99/><U121/><E121/><V15/><F87/><W68/><G68/><T50/><REACH who="0" step="1"/><D79/><REACH who="0" ten="142,256,425,157" step="2"/><U24/><E24/><V30/><F7/><W77/><G77/><T73/><D73/><U31/><E31/><V65/><F80/><W94/><G94/><T8/><AGARI ba="1,2" hai="0,1,2,6,8,13,32,33,34,43,44,50,90,91" machi="8" ten="40,5200,0" yaku="1,1,0,1,52,1,53,0" doraHai="39" doraHaiUra="131" who="0" fromWho="0" sc="142,75,256,-14,425,-14,157,-27" owari="217,-18.3,242,4.2,411,51.1,130,-37.0" /></mjloggm>