<mjloggm ver="2.3"><GO type="225" lobby="0"/><UN n0="%E3%81%BF%E3%81%BF%E3%81%9A" n1="%E3%83%81%E3%83%AF%E3%83%AF%E9%9A%8A%E9%95%B7" n2="%E3%83%8F%E3%83%B3%E3%83%89%E3%83%A9%E3%83%BC%E3%83%BB%E3%83%AF%E3%83%B3" n3="%43%68%65" dan="18,16,17,16" rate="2227.72,2115.21,2232.03,2108.24" sx="M,M,M,M"/><TAIKYOKU oya="0"/><INIT seed="0,0,0,3,4,83" ten="250,250,250,250" oya="0" hai0="81,97,12,79,13,119,89,24,127,2,40,42,123" hai1="3,131,36,84,65,4,67,57,1,64,80,120,104" hai2="101,25,135,38,35,69,28,63,66,126,88,49,115" hai3="16,58,124,96,92,21,78,113,93,39,45,44,132"/><T103/><D119/><U109/><E120/><V14/><F115/><W94/><G113/><T130/><D123/><U76/><E36/><V125/><F38/><W86/><G124/><T56/><D2/><U68/><E68/><V82/><F135/><W106/><G132/><T62/><D127/><N who="2" m="48650" /><F101/><W133/><G133/><T47/><D130/><U9/><E104/><V99/><F49/><W60/><G106/><T98/><D89/><U53/><E131/><V107/><F14/><N who="0" m="5738" /><D24/><U111/><REACH who="1" step="1"/><E1/><REACH who="1" ten="250,240,250,250" step="2"/><V108/><F107/><W52/><G39/><T10/><D10/><U33/><E33/><V74/><F35/><W116/><G116/><T122/><D122/><U121/><E121/><V20/><F69/><W31/><G96/><T134/><D134/><U61/><AGARI ba="0,1" hai="3,4,9,53,57,61,64,65,67,76,80,84,109,111" machi="61" ten="30,4000,0" yaku="1,1,0,1,52,1,53,0" doraHai="83" doraHaiUra="128" who="1" fromWho="1" sc="250,-20,240,50,250,-10,250,-10" /><INIT seed="1,0,0,4,4,5" ten="230,290,240,240" oya="1" hai0="95,13,28,52,71,50,92,97,123,69,3,74,33" hai1="103,51,131,48,58,7,23,29,104,82,118,125,72" hai2="2,96,135,70,90,45,1,37,79,128,133,85,77" hai3="18,10,17,53,87,19,98,21,56,24,81,30,57"/><U34/><E118/><V68/><F128/><W114/><G114/><T9/><D3/><N who="2" m="1034" /><F96/><W83/><G98/><T65/><D74/><U22/><E131/><V40/><F70/><W94/><G94/><T109/><D109/><U64/><E125/><V39/><F68/><W88/><G83/><T116/><D116/><U67/><E34/><V8/><F8/><W115/><G115/><T66/><D123/><U78/><E7/><V122/><F37/><W62/><G57/><T99/><D33/><U14/><E104/><V4/><F4/><W42/><G42/><T25/><D71/><U108/><E103/><V16/><F16/><W129/><G129/><T6/><D69/><U31/><E108/><V119/><F122/><W121/><G121/><T35/><D95/><U130/><E130/><V80/><F119/><W15/><AGARI ba="0,0" hai="10,15,17,18,19,21,24,30,53,56,62,81,87,88" machi="15" ten="30,7900,0" yaku="0,1,8,1,52,1,54,1" doraHai="5" who="3" fromWho="3" sc="230,-20,290,-39,240,-20,240,79" /><INIT seed="2,0,0,3,1,127" ten="210,251,220,319" oya="2" hai0="115,26,96,42,64,38,98,6,39,44,80,82,108" hai1="32,59,113,10,3,9,4,101,131,94,85,109,15" hai2="11,67,86,106,53,87,91,71,129,61,58,125,40" hai3="31,111,0,73,14,135,84,63,27,133,78,2,93"/><V70/><F106/><W19/><G111/><T110/><D115/><U8/><E113/><V20/><F125/><W120/><G120/><T83/><D64/><U114/><E114/><V56/><F40/><W105/><G105/><T119/><D6/><U12/><E32/><V116/><F116/><W134/><G73/><T76/><D76/><U65/><E109/><N who="0" m="42089" /><D119/><U92/><E3/><V30/><F11/><N who="3" m="6623" /><G63/><T128/><D128/><U68/><E131/><V25/><F129/><W34/><G93/><T97/><D26/><U48/><E68/><V79/><F79/><W5/><G5/><T41/><D44/><U99/><E4/><V130/><F86/><W24/><G24/><T72/><D72/><U122/><E122/><V123/><F123/><W132/><G132/><T55/><D55/><N who="1" m="32231" /><E65/><V100/><F100/><W46/><G46/><T88/><D88/><AGARI ba="0,0" hai="8,9,10,12,15,85,88,92,94,99,101" m="32231" machi="88" ten="30,2000,0" yaku="8,1,54,1" doraHai="127" who="1" fromWho="0" sc="210,-20,251,20,220,0,319,0" /><INIT seed="3,0,0,3,2,85" ten="190,271,220,319" oya="3" hai0="86,100,16,17,51,2,117,101,113,129,107,116,84" hai1="81,44,47,112,33,122,42,70,130,92,110,59,93" hai2="104,127,120,1,89,52,41,67,29,19,88,50,75" hai3="39,131,69,109,132,35,63,27,8,57,7,134,71"/><W97/><G39/><T32/><D2/><U91/><E70/><V13/><F75/><W111/><G97/><T135/><D32/><U48/><E112/><V128/><F104/><W5/><G131/><T61/><D129/><U20/><E130/><V119/><F1/><N who="3" m="47" /><G7/><T124/><D61/><U49/><E33/><V45/><F119/><W9/><G9/><T123/><D51/><U30/><E122/><V14/><F128/><W31/><G57/><T36/><D36/><U83/><E59/><V102/><F102/><W60/><G60/><T125/><D123/><U118/><E118/><V26/><F67/><N who="3" m="41215" /><G71/><T133/><REACH who="0" step="1"/><D107/><REACH who="0" ten="180,271,220,319" step="2"/><U40/><E48/><N who="2" m="26671" /><F120/><W68/><G68/><T115/><AGARI ba="0,1" hai="16,17,84,86,100,101,113,115,116,117,124,125,133,135" machi="115" ten="25,8000,1" yaku="1,1,0,1,22,2,54,1,53,0" doraHai="85" doraHaiUra="62" who="0" fromWho="0" sc="180,90,271,-20,220,-20,319,-40" /><INIT seed="4,0,0,1,3,7" ten="270,251,200,279" oya="0" hai0="30,0,53,77,83,122,103,3,70,79,23,52,66" hai1="119,64,90,86,13,118,116,113,39,32,59,40,5" hai2="93,27,56,8,14,15,127,128,130,87,102,47,125" hai3="33,29,94,55,2,18,134,11,41,12,75,74,133"/><T19/><D122/><U82/><E32/><V105/><F105/><W100/><G41/><T131/><D30/><U37/><E113/><V117/><F56/><W92/><G2/><T80/><D103/><U85/><E40/><V58/><F58/><W43/><G43/><T67/><D19/><U76/><E64/><V65/><F65/><W21/><G33/><T9/><D9/><U111/><E111/><V109/><F47/><W106/><G106/><T38/><D23/><U68/><E68/><V84/><F109/><W112/><G112/><T124/><D131/><N who="2" m="50218" /><F117/><W42/><G42/><T108/><D108/><U10/><REACH who="1" step="1"/><E59/><REACH who="1" ten="270,241,200,279" step="2"/><V16/><F127/><W48/><G134/><T61/><D70/><U129/><E129/><V4/><F125/><W54/><G133/><T114/><D124/><U57/><E57/><V91/><F102/><W95/><G100/><T121/><D114/><U49/><E49/><V60/><F60/><W81/><G48/><T28/><D61/><U63/><E63/><V78/><F27/><N who="3" m="16623" /><G55/><T24/><D24/><U101/><E101/><V22/><F78/><W120/><G54/><T99/><D67/><U20/><E20/><V107/><F107/><W46/><G46/><T34/><D66/><U97/><E97/><AGARI ba="0,1" hai="4,8,14,15,16,22,84,87,91,93,97" m="50218" machi="97" ten="30,3900,0" yaku="19,1,52,1,54,1" doraHai="7" who="2" fromWho="1" sc="270,0,241,-39,200,49,279,0" /><INIT seed="5,0,0,2,5,43" ten="270,202,249,279" oya="1" hai0="16,100,61,19,115,45,125,14,11,30,15,18,128" hai1="130,26,50,21,67,66,91,44,124,54,83,111,55" hai2="34,47,73,129,131,101,107,90,53,123,48,88,8" hai3="58,28,85,24,0,70,99,40,78,41,121,1,9"/><U81/><E111/><V110/><F110/><W112/><G70/><T31/><D115/><U106/><E106/><V120/><F34/><W135/><G121/><N who="2" m="46665" /><F73/><W6/><G1/><T4/><D125/><U86/><E124/><V59/><F8/><W92/><G112/><T114/><D114/><U39/><E130/><N who="2" m="49675" /><F59/><W104/><G135/><T82/><D128/><U3/><E3/><V35/><F35/><W98/><G104/><T63/><D100/><U117/><E117/><V2/><F2/><W80/><G58/><T65/><D14/><U105/><E105/><V79/><F79/><W38/><G38/><T71/><D63/><U77/><E39/><V76/><F76/><W42/><REACH who="3" step="1"/><G92/><REACH who="3" ten="270,202,249,269" step="2"/><T127/><D127/><U29/><REACH who="1" step="1"/><E54/><REACH who="1" ten="270,192,249,269" step="2"/><V126/><F126/><W49/><G49/><T32/><D61/><U36/><E36/><V116/><F116/><W60/><G60/><T96/><D65/><U103/><E103/><V87/><F107/><W64/><G64/><T56/><D71/><U109/><E109/><V52/><F101/><W68/><G68/><T84/><D56/><U97/><E97/><V33/><F53/><W46/><G46/><T113/><D45/><U57/><E57/><V27/><F52/><W17/><G17/><T51/><D96/><U134/><E134/><V23/><F48/><W132/><G132/><T7/><D51/><U89/><E89/><V69/><F47/><W119/><G119/><T95/><D19/><U20/><E20/><AGARI ba="0,2" hai="0,6,9,20,24,28,40,41,42,78,80,85,98,99" machi="20" ten="40,1300,0" yaku="1,1,53,0" doraHai="43" doraHaiUra="102" who="3" fromWho="1" sc="270,0,192,-13,249,0,269,33" owari="270,7.0,179,-32.1,249,-15.1,302,40.2" /></mjloggm>