<mjloggm ver="2.3"><GO type="225" lobby="0"/><UN n0="%E7%B4%94%E6%BD%94%E3%83%94%E3%83%A9%E3%83%8B%E3%82%A2" n1="%E6%9D%B1%E9%A2%A8%E3%81%AE%E3%81%8D%E3%82%83%E3%81%B7%E3%81%95%E3%82%93" n2="%41%6F%54" n3="%E3%83%8F%E3%83%B3%E3%83%89%E3%83%A9%E3%83%BC%E3%83%BB%E3%83%AF%E3%83%B3" dan="17,16,16,17" rate="2177.71,2104.48,2076.53,2170.21" sx="M,M,M,M"/><TAIKYOKU oya="0"/><INIT seed="0,0,0,3,4,12" ten="250,250,250,250" oya="0" hai0="46,69,65,63,5,92,34,27,90,62,54,95,123" hai1="89,47,85,108,98,35,129,96,53,42,64,131,49" hai2="79,134,70,19,1,81,126,24,109,20,18,104,51" hai3="3,43,33,71,117,48,17,61,57,128,0,29,60"/><T102/><D123/><U76/><E35/><V9/><F109/><W10/><G117/><T77/><D77/><U111/><E64/><V38/><F38/><W100/><G128/><N who="1" m="49226" /><E76/><V94/><F104/><W74/><G74/><T83/><D5/><U113/><E42/><V67/><F126/><W8/><G100/><T23/><D34/><U31/><E31/><V132/><F94/><W101/><G101/><T7/><D7/><U30/><E30/><V87/><F51/><W41/><G71/><T106/><D106/><U99/><E113/><V112/><F112/><W91/><G29/><T21/><D21/><U130/><N who="1" m="49234" /><U118/><DORA hai="56" /><E118/><V80/><F80/><AGARI ba="0,0" hai="47,49,53,80,85,89,96,98,99,108,111" m="49234" machi="80" ten="50,1600,0" yaku="19,1" doraHai="12,56" who="1" fromWho="2" sc="250,0,250,16,250,-16,250,0" /><INIT seed="1,0,0,1,4,37" ten="250,266,234,250" oya="1" hai0="63,49,30,2,119,74,131,54,127,95,114,106,81" hai1="92,21,24,83,75,123,62,69,125,132,28,116,39" hai2="97,9,19,27,99,23,135,82,101,11,7,86,35" hai3="124,32,84,96,130,64,29,5,61,59,0,20,79"/><U55/><E39/><V100/><F135/><W14/><G130/><T60/><D30/><U89/><E132/><V94/><F35/><W1/><G124/><T51/><D95/><U90/><E125/><V52/><F7/><W122/><G122/><T126/><D81/><U34/><E123/><V108/><F108/><W66/><G32/><T31/><D31/><U80/><E116/><V44/><F97/><W40/><G66/><T107/><D2/><U78/><E34/><V53/><F100/><W8/><G96/><T91/><D74/><U47/><E83/><V77/><REACH who="2" step="1"/><F44/><REACH who="2" ten="250,266,224,250" step="2"/><W43/><G0/><T103/><D103/><U50/><REACH who="1" step="1"/><E92/><REACH who="1" ten="250,256,224,250" step="2"/><V111/><F111/><W65/><G1/><T71/><D127/><U46/><E46/><V76/><F76/><W25/><G65/><AGARI ba="0,2" hai="21,24,28,47,50,55,62,65,69,75,78,80,89,90" machi="65" ten="40,3900,0" yaku="1,1,53,1" doraHai="37" doraHaiUra="22" who="1" fromWho="3" sc="250,0,256,59,224,0,250,-39" /><INIT seed="1,1,0,1,1,87" ten="250,315,224,211" oya="1" hai0="13,34,1,23,78,118,67,52,102,42,8,6,59" hai1="21,74,61,119,75,77,30,130,15,79,40,20,33" hai2="24,92,108,3,88,84,131,50,105,17,96,107,37" hai3="11,122,89,90,111,129,91,29,64,16,125,95,58"/><U66/><E119/><V73/><F37/><W127/><G122/><T133/><D118/><U94/><E40/><V103/><F3/><W132/><G111/><T81/><D133/><U135/><E94/><V69/><F69/><W54/><G132/><T115/><D115/><U112/><E135/><V99/><F108/><W128/><G29/><T45/><D102/><U55/><E55/><V106/><F131/><N who="3" m="50251" /><G64/><T82/><D34/><U26/><E130/><V121/><F121/><W85/><G11/><T68/><D68/><U7/><E112/><V36/><F36/><W0/><G16/><T63/><D67/><U10/><E77/><V46/><F73/><W19/><G19/><T57/><D57/><U32/><E20/><V134/><F134/><W93/><G0/><T86/><D81/><U70/><REACH who="1" step="1"/><E79/><REACH who="1" ten="250,305,224,211" step="2"/><V14/><F106/><W22/><G22/><T49/><D23/><U123/><E123/><V47/><F105/><W48/><G95/><T27/><D1/><U97/><E97/><V5/><F96/><W39/><G39/><T35/><D35/><AGARI ba="1,1" hai="7,10,15,21,26,30,32,33,35,61,66,70,74,75" machi="35" ten="40,2000,0" yaku="1,1,53,0" doraHai="87" doraHaiUra="109" who="1" fromWho="0" sc="250,-23,305,33,224,0,211,0" /><INIT seed="1,2,0,3,4,107" ten="227,338,224,211" oya="1" hai0="80,17,92,59,94,36,48,132,131,100,44,82,118" hai1="135,104,68,52,11,120,4,29,97,61,3,73,6" hai2="99,105,117,34,81,1,43,35,83,89,113,108,47" hai3="54,14,75,41,106,21,24,23,2,0,88,109,16"/><U57/><E120/><V86/><F117/><W130/><G106/><T128/><D118/><U102/><E6/><V66/><F1/><W15/><G109/><T56/><D17/><U55/><E68/><V125/><F108/><W18/><G130/><N who="0" m="49707" /><D132/><U31/><E135/><V123/><F123/><W70/><G70/><T8/><D8/><U114/><E114/><V32/><F125/><W84/><G41/><T116/><D116/><U126/><E126/><V5/><F5/><W74/><G54/><T98/><D94/><U58/><REACH who="1" step="1"/><E73/><REACH who="1" ten="227,328,224,211" step="2"/><V119/><F113/><W110/><G110/><T134/><D134/><U60/><AGARI ba="2,1" hai="3,4,11,29,31,52,55,57,58,60,61,97,102,104" machi="60" ten="20,18000,2" yaku="1,1,2,1,0,1,7,1,9,1,54,1,53,0" doraHai="107" doraHaiUra="87" who="1" fromWho="1" sc="227,-62,328,196,224,-62,211,-62" /><INIT seed="1,3,0,1,3,39" ten="165,524,162,149" oya="1" hai0="108,65,88,55,85,61,5,44,6,77,79,89,128" hai1="120,36,81,121,66,28,83,46,10,107,95,133,90" hai2="87,31,63,113,129,114,9,76,58,111,72,32,100" hai3="126,13,54,51,38,56,49,117,27,2,67,69,102"/><U134/><E28/><V109/><F72/><W47/><G2/><T7/><D108/><N who="2" m="41546" /><F100/><W98/><G126/><T127/><D128/><U30/><E10/><V53/><F129/><W75/><G75/><T94/><D127/><U122/><E30/><V96/><F96/><W115/><G115/><N who="2" m="44041" /><F87/><W130/><G130/><T12/><D89/><U116/><E66/><V106/><F76/><W59/><G117/><T21/><D55/><U73/><E116/><V84/><F84/><W93/><G69/><T52/><D21/><U48/><E36/><V104/><F9/><W11/><G38/><T86/><D12/><U60/><E60/><V68/><F68/><W124/><G124/><T110/><D85/><U119/><E119/><V50/><F63/><W26/><G67/><T71/><D110/><U64/><E107/><V97/><F97/><W15/><G15/><T101/><D101/><U91/><E73/><V99/><F99/><W74/><G74/><T16/><D16/><U20/><E95/><V0/><F0/><W103/><G103/><T34/><D34/><U1/><E1/><V45/><F58/><W33/><G33/><T43/><D79/><U17/><E81/><V35/><F35/><W29/><G29/><T105/><D77/><U82/><E83/><V24/><AGARI ba="3,0" hai="24,31,32,45,50,53,104,106" m="44041,41546" machi="24" ten="40,2700,0" yaku="14,1,11,1" doraHai="39" who="2" fromWho="2" sc="165,-10,524,-16,162,36,149,-10" /><INIT seed="2,0,0,3,5,15" ten="155,508,198,139" oya="2" hai0="30,22,98,134,68,16,129,122,63,121,110,64,96" hai1="93,37,92,95,74,56,19,128,83,135,133,91,117" hai2="11,132,24,55,18,85,119,78,77,131,59,21,73" hai3="36,112,6,4,60,3,124,41,72,10,108,126,99"/><V42/><F119/><W103/><G108/><T89/><D110/><U12/><E37/><V48/><F131/><W23/><G112/><T33/><D129/><U97/><E117/><V111/><F132/><N who="1" m="50761" /><E128/><V61/><F73/><W130/><G130/><T38/><D38/><U113/><E56/><V45/><F111/><W101/><G72/><T80/><D134/><U69/><E69/><V53/><F11/><W43/><G6/><T32/><D96/><U62/><E62/><V76/><REACH who="2" step="1"/><F85/><REACH who="2" ten="155,508,188,139" step="2"/><W1/><G10/><T47/><D121/><U125/><E113/><V27/><F27/><W49/><G124/><T0/><D122/><U86/><E125/><V28/><F28/><W20/><G126/><T94/><D30/><U51/><E74/><V123/><F123/><W7/><G1/><T13/><D0/><U50/><E97/><V79/><N who="2" m="19456" /><DORA hai="8" /><V104/><F104/><W90/><G3/><T65/><D80/><U17/><E83/><V5/><F5/><W54/><G4/><T70/><D47/><U25/><E25/><V84/><F84/><W115/><G7/><T88/><D89/><U105/><E105/><V39/><F39/><W82/><G36/><T67/><D70/><U26/><E26/><V75/><F75/><W14/><G115/><T31/><D31/><U107/><E107/><V29/><F29/><W116/><G116/><T57/><REACH who="0" step="1"/><D68/><REACH who="0" ten="145,508,188,139" step="2"/><U58/><E91/><V34/><F34/><AGARI ba="0,2" hai="13,16,22,32,33,34,57,63,64,65,67,88,94,98" machi="34" ten="40,12000,2" yaku="1,1,2,1,52,2,54,2,53,0" doraHai="15,8" doraHaiUra="66,35" who="0" fromWho="2" sc="145,140,508,0,188,-120,139,0" /><INIT seed="3,0,0,5,3,72" ten="285,508,68,139" oya="3" hai0="62,112,75,40,31,94,6,127,124,109,92,54,9" hai1="74,107,32,108,119,106,39,120,97,69,57,103,50" hai2="23,24,73,43,125,63,1,67,133,18,49,22,19" hai3="56,5,55,87,64,11,47,102,14,70,13,10,99"/><W128/><G128/><T21/><D75/><U36/><E50/><V16/><F125/><N who="0" m="48202" /><D40/><U117/><E57/><V48/><F133/><W82/><G47/><T78/><D78/><U130/><E107/><V98/><F1/><W42/><G42/><T35/><D35/><U15/><E15/><V76/><F98/><W77/><G70/><T96/><D109/><U27/><E108/><V118/><F118/><N who="1" m="45065" /><E74/><V71/><F43/><W89/><G64/><T113/><D31/><N who="1" m="19583" /><E130/><V17/><REACH who="2" step="1"/><F22/><REACH who="2" ten="285,508,58,139" step="2"/><W91/><G99/><T44/><D21/><U52/><E120/><V85/><F85/><W41/><G41/><T20/><D20/><U26/><E69/><V29/><F29/><W51/><G102/><T84/><D84/><U59/><E26/><V126/><F126/><W79/><G91/><T68/><D68/><U122/><E122/><V33/><F33/><W115/><G115/><T25/><D25/><U100/><E100/><V3/><F3/><W83/><G83/><AGARI ba="0,1" hai="16,17,18,19,23,24,48,49,63,67,71,73,76,83" machi="83" ten="40,5200,0" yaku="1,1,52,1,54,1,53,0" doraHai="72" doraHaiUra="80" who="2" fromWho="3" sc="285,0,508,0,58,62,139,-52" owari="285,8.5,508,60.8,120,-28.0,87,-41.3" /></mjloggm>