<mjloggm ver="2.3"><GO type="225" lobby="0"/><UN n0="%E8%A8%88%E7%AE%97%E6%A9%9F%E8%87%AA%E7%84%B6" n1="%72%65%6E%6B%75%6E" n2="%E3%82%8F%E3%81%8B%E3%81%B0%2A%E3%82%AC%E3%83%BC%E3%83%AB" n3="%E6%B4%BE%E9%81%A3%E3%81%AE%E3%82%B8%E3%83%A3%E3%83%83%E3%82%AF" dan="17,17,16,17" rate="2186.91,2172.97,2204.61,2156.51" sx="M,M,M,M"/><TAIKYOKU oya="0"/><INIT seed="0,0,0,5,2,33" ten="250,250,250,250" oya="0" hai0="96,11,92,127,23,50,62,133,16,51,9,118,112" hai1="87,70,61,47,34,73,20,124,63,55,99,135,100" hai2="36,32,15,52,116,74,130,119,72,57,69,131,45" hai3="85,65,90,104,113,60,8,107,67,43,7,28,1"/><T68/><D112/><U86/><E73/><N who="2" m="28267" /><F32/><W126/><G113/><T6/><D118/><N who="2" m="45098" /><F69/><W83/><G126/><T101/><D133/><U31/><E34/><V3/><F15/><W22/><G43/><T125/><D62/><U39/><E135/><V80/><F3/><W82/><G82/><T111/><D68/><U0/><E0/><V4/><F4/><W53/><G53/><T14/><D11/><U41/><E124/><N who="0" m="47689" /><D111/><U114/><E114/><V122/><F80/><W105/><REACH who="3" step="1"/><G60/><REACH who="3" ten="250,250,250,240" step="2"/><T56/><D56/><U97/><E61/><N who="2" m="36007" /><F122/><W24/><AGARI ba="0,1" hai="1,7,8,22,24,28,65,67,83,85,90,104,105,107" machi="24" ten="40,8000,1" yaku="1,1,0,1,52,1,53,1" doraHai="33" doraHaiUra="81" who="3" fromWho="3" sc="250,-40,250,-20,250,-20,240,90" /><INIT seed="1,0,0,5,1,108" ten="210,230,230,330" oya="1" hai0="55,75,6,83,56,34,30,72,59,88,81,69,14" hai1="54,65,82,130,40,93,53,63,79,77,0,114,20" hai2="19,62,116,101,8,70,22,113,98,2,126,51,120" hai3="87,35,57,90,37,123,47,33,118,97,1,74,107"/><U135/><E0/><V52/><F116/><W78/><G1/><T17/><D69/><U41/><E135/><V39/><F120/><W67/><G123/><T31/><D6/><U60/><E130/><V124/><F39/><W112/><G112/><T128/><D128/><U133/><E133/><V23/><F113/><W71/><G57/><T96/><D34/><U73/><E114/><V89/><F89/><W49/><G37/><T3/><D3/><U42/><E79/><V121/><F121/><W91/><G91/><T29/><D72/><U64/><E93/><N who="2" m="58575" /><F2/><W122/><G118/><T134/><D75/><U111/><E111/><V129/><F8/><W9/><G9/><N who="0" m="6351" /><D56/><U105/><E105/><V15/><F129/><W115/><G115/><T4/><D4/><U84/><E73/><V104/><F104/><W95/><G122/><T106/><D106/><U10/><E10/><N who="2" m="6647" /><F62/><N who="1" m="23593" /><E20/><V46/><F70/><W11/><G11/><T132/><D132/><U102/><E102/><V12/><F12/><W44/><G74/><T5/><D134/><U100/><E100/><V45/><F45/><W125/><G47/><T38/><D38/><U25/><E25/><V36/><F36/><W16/><G71/><T109/><D109/><U13/><E13/><V58/><F46/><W119/><G107/><T127/><D5/><U85/><E85/><V86/><F86/><W80/><G119/><T66/><D96/><U131/><E131/><V76/><F76/><W61/><G97/><T48/><D81/><U50/><E50/><V99/><F99/><N who="3" m="57847" /><G80/><T43/><D83/><U92/><E92/><RYUUKYOKU ba="0,0" sc="210,-15,230,15,230,15,330,-15" hai1="40,41,42,53,54,64,65,77,82,84" hai2="22,23,51,52,58,124,126" /><INIT seed="1,1,0,3,1,29" ten="195,245,245,315" oya="1" hai0="26,101,3,11,85,4,84,113,111,109,87,32,94" hai1="102,45,6,77,70,126,79,100,69,50,108,15,13" hai2="75,66,119,122,54,48,20,31,0,5,89,49,58" hai3="12,21,124,120,92,30,36,99,110,127,40,73,132"/><U59/><E126/><V9/><F119/><W67/><G110/><N who="0" m="41995" /><D113/><U2/><E2/><V95/><F75/><W10/><G67/><T117/><D117/><U121/><E121/><V123/><F66/><W35/><G21/><T16/><D101/><U133/><E133/><V105/><F105/><W88/><G73/><T72/><D72/><U61/><E108/><V131/><F131/><W25/><G120/><T134/><D134/><U56/><E45/><V71/><F71/><W93/><G132/><T81/><D94/><U64/><E64/><V38/><F38/><W129/><G92/><T52/><D81/><U107/><E50/><V96/><F48/><W7/><G129/><T19/><D52/><U74/><E6/><V47/><F47/><W14/><G14/><T130/><D130/><U23/><E74/><V82/><F82/><W44/><AGARI ba="1,0" hai="7,10,12,25,30,35,36,40,44,88,93,99,124,127" machi="44" ten="30,4000,0" yaku="0,1,52,1,54,1" doraHai="29" who="3" fromWho="3" sc="195,-11,245,-21,245,-11,315,43" /><INIT seed="2,0,0,4,3,50" ten="184,224,234,358" oya="2" hai0="15,48,40,68,111,134,121,55,46,82,70,1,21" hai1="88,85,119,77,90,100,49,11,79,25,92,81,22" hai2="52,76,72,129,62,39,13,56,0,133,118,97,84" hai3="87,37,132,105,114,19,33,34,30,14,120,117,41"/><V61/><F118/><W10/><G105/><T53/><D1/><U18/><E119/><V101/><F0/><W27/><G120/><T80/><D121/><U106/><E106/><V32/><F72/><W16/><G132/><T83/><D134/><U58/><E100/><V96/><F133/><W24/><G117/><T59/><D111/><U86/><E11/><V73/><F73/><W28/><G114/><T78/><D78/><U12/><E25/><V23/><F39/><W9/><G87/><T2/><D2/><U91/><E90/><V66/><F32/><W127/><G127/><T47/><D47/><U38/><E38/><V112/><F112/><W113/><G113/><T131/><D131/><U103/><E103/><V35/><F35/><W122/><G122/><T95/><D95/><U36/><E36/><V63/><F129/><W124/><G124/><T20/><D40/><U60/><REACH who="1" step="1"/><E49/><REACH who="1" ten="184,214,234,358" step="2"/><N who="2" m="30735" /><F66/><AGARI ba="0,1" hai="12,18,22,58,60,66,77,79,81,85,86,88,91,92" machi="66" ten="30,7700,0" yaku="1,1,7,1,8,1,54,1,53,0" doraHai="50" doraHaiUra="31" who="1" fromWho="2" sc="184,0,214,87,234,-77,358,0" /><INIT seed="3,0,0,5,2,40" ten="184,301,157,358" oya="3" hai0="130,72,52,27,4,102,120,29,98,0,56,55,110" hai1="35,41,59,95,10,32,100,83,9,26,119,71,25" hai2="99,112,78,63,81,14,127,53,39,84,20,97,30" hai3="16,77,2,94,125,1,134,131,82,79,121,126,6"/><W135/><G131/><T62/><D120/><U74/><E71/><V51/><F112/><W11/><G121/><T24/><D72/><U61/><E119/><V37/><F127/><N who="3" m="48651" /><G2/><T31/><D110/><U22/><E41/><V73/><F73/><W5/><G5/><T117/><D117/><U87/><E74/><V50/><F37/><W76/><G16/><T64/><D130/><U48/><E48/><V133/><F133/><N who="3" m="50699" /><G94/><N who="0" m="58711" /><D4/><U68/><E9/><V58/><F39/><W109/><G109/><T54/><D0/><U113/><E10/><V38/><F38/><W36/><G36/><T75/><D75/><AGARI ba="0,0" hai="1,6,11,75,76,77,79,82" m="50699,48651" machi="75" ten="30,2900,0" yaku="18,1,20,1" doraHai="40" who="3" fromWho="0" sc="184,-29,301,0,157,0,358,29" owari="155,-34.5,301,10.1,157,-24.3,387,48.7" /></mjloggm>