<mjloggm ver="2.3"><GO type="225" lobby="0"/><UN n0="%E6%9D%B1%E9%A2%A8%E3%81%AE%E3%81%8D%E3%82%83%E3%81%B7%E3%81%95%E3%82%93" n1="%E3%83%96%E3%83%83%E3%83%91%E3%82%AA%E3%83%96%E3%83%81%E3%82%AD%E3%83%B3" n2="%E3%83%A9%E3%82%B9%E7%8E%87%EF%BC%93%E5%89%B2" n3="%E4%BF%BA%E3%81%A8%E5%A6%96%E5%A4%A2" dan="16,16,17,16" rate="2164.15,2183.63,2221.71,2256.80" sx="M,M,F,F"/><TAIKYOKU oya="0"/><INIT seed="0,0,0,1,5,100" ten="250,250,250,250" oya="0" hai0="83,111,23,76,41,86,18,21,110,135,84,60,47" hai1="114,74,118,6,32,93,102,94,26,63,130,70,87" hai2="77,65,12,27,72,49,59,91,37,79,106,88,13" hai3="103,10,96,131,108,31,11,89,25,107,78,55,40"/><T45/><D60/><U124/><E118/><V66/><F37/><W129/><G108/><N who="0" m="41515" /><D135/><U132/><E74/><V42/><F106/><W73/><G40/><T116/><D116/><U62/><E132/><V122/><F122/><W35/><G89/><N who="2" m="34377" /><F72/><W19/><G55/><T67/><D67/><N who="2" m="25610" /><F27/><W17/><G17/><T36/><D45/><U97/><E87/><N who="0" m="33321" /><D18/><U30/><E62/><V4/><F4/><W105/><G19/><T134/><D134/><U0/><E6/><V119/><F119/><W112/><G10/><T54/><D54/><U52/><E52/><N who="2" m="32143" /><F42/><W98/><G25/><T14/><D14/><AGARI ba="0,0" hai="12,13,14,77,79" m="32143,25610,34377" machi="14" ten="30,3900,0" yaku="8,1,54,2" doraHai="100" who="2" fromWho="0" sc="250,-39,250,0,250,39,250,0" /><INIT seed="1,0,0,0,5,62" ten="211,250,289,250" oya="1" hai0="81,34,124,15,40,59,115,57,110,39,103,8,111" hai1="28,45,0,21,65,93,7,61,96,69,134,74,30" hai2="12,118,56,68,53,38,89,117,119,26,3,46,128" hai3="98,47,37,86,131,87,116,43,105,91,67,83,11"/><U33/><E134/><V5/><F3/><W72/><G131/><T97/><D34/><U133/><E133/><V32/><F128/><W48/><G116/><T95/><D115/><U92/><E74/><V41/><F68/><W99/><G72/><T6/><D124/><U114/><E114/><V135/><F135/><W108/><G108/><T50/><D81/><U18/><E33/><V52/><F89/><W35/><G35/><T79/><D79/><U122/><E122/><V1/><F1/><W14/><G105/><T75/><D75/><U104/><E104/><V9/><REACH who="2" step="1"/><F56/><REACH who="2" ten="211,250,279,250" step="2"/><W17/><G37/><T49/><D39/><U77/><E0/><V64/><F64/><W85/><G67/><T127/><D127/><U101/><E65/><V123/><F123/><W76/><REACH who="3" step="1"/><G85/><REACH who="3" ten="211,250,279,240" step="2"/><T29/><D111/><U31/><E69/><V82/><F82/><AGARI ba="0,2" hai="11,14,17,43,47,48,76,82,83,86,87,91,98,99" machi="82" ten="30,7700,0" yaku="1,1,2,1,7,1,8,1,53,0" doraHai="62" doraHaiUra="22" who="3" fromWho="2" sc="211,0,250,0,279,-77,240,97" /><INIT seed="2,0,0,4,2,47" ten="211,250,202,337" oya="2" hai0="119,98,55,43,33,51,10,68,53,3,107,7,135" hai1="132,37,32,120,26,41,126,66,65,109,60,6,40" hai2="23,130,131,17,122,46,115,15,105,5,111,45,79" hai3="1,61,101,31,59,0,4,49,112,129,83,81,124"/><V86/><F105/><W54/><G112/><T134/><D33/><U76/><E109/><V21/><F115/><W95/><G129/><N who="2" m="49161" /><F122/><W127/><G31/><T27/><D68/><U108/><E108/><V118/><F111/><W78/><G61/><T52/><D27/><U20/><E120/><V69/><F118/><W63/><G63/><T29/><D29/><U100/><E132/><N who="0" m="50729" /><D119/><U73/><E126/><N who="3" m="48170" /><G4/><T92/><D107/><U48/><E66/><V82/><F69/><W75/><G83/><T133/><N who="0" m="50737" /><T110/><DORA hai="18" /><D110/><U106/><E65/><V9/><F23/><W125/><G125/><T84/><D84/><U57/><E20/><V89/><F79/><W22/><G22/><T25/><D25/><AGARI ba="0,0" hai="5,9,15,17,21,25,45,46,82,86,89" m="49161" machi="25" ten="30,2900,0" yaku="19,1,52,1" doraHai="47,18" who="2" fromWho="0" sc="211,-29,250,0,202,29,337,0" /><INIT seed="2,1,0,4,3,58" ten="182,250,231,337" oya="2" hai0="46,106,21,108,69,73,60,123,67,44,15,51,87" hai1="70,85,113,53,18,91,63,61,29,14,92,25,94" hai2="0,117,3,9,99,82,32,96,43,7,124,13,120" hai3="68,86,66,78,65,119,71,4,128,54,28,121,31"/><V72/><F117/><W37/><G119/><T122/><D108/><U50/><E113/><V17/><F120/><W30/><G121/><T111/><D73/><U1/><E1/><V97/><F124/><W135/><G37/><T22/><D111/><U98/><E70/><V34/><F43/><W104/><G104/><T134/><D106/><U12/><E25/><V19/><F19/><W115/><G115/><T112/><D112/><U132/><E29/><V131/><F131/><W10/><G135/><T42/><D134/><U95/><E132/><V39/><F39/><W11/><G54/><T49/><D87/><U35/><E35/><V126/><F126/><W107/><G107/><T59/><D69/><U81/><E98/><V93/><F93/><W127/><G127/><T52/><REACH who="0" step="1"/><D22/><REACH who="0" ten="172,250,231,337" step="2"/><N who="1" m="11591" /><E14/><V84/><F72/><W88/><G68/><T62/><D62/><N who="1" m="23563" /><E95/><V129/><F3/><W48/><G71/><T24/><D24/><U75/><E75/><V130/><F130/><W8/><G128/><T16/><AGARI ba="1,1" hai="15,16,21,42,44,46,49,51,52,59,60,67,122,123" machi="16" ten="30,8000,1" yaku="1,1,0,1,52,1,54,2,53,0" doraHai="58" doraHaiUra="80" who="0" fromWho="0" sc="172,93,250,-21,231,-41,337,-21" /><INIT seed="3,0,0,3,3,80" ten="265,229,190,316" oya="3" hai0="66,123,28,37,26,135,2,67,70,63,0,109,59" hai1="96,8,117,3,35,51,7,89,39,106,108,120,119" hai2="42,53,125,78,31,122,20,115,10,33,93,111,61" hai3="58,98,64,75,128,55,82,24,41,44,101,133,112"/><W76/><G112/><T36/><D123/><U9/><E120/><V47/><F122/><W5/><G128/><T74/><D135/><U110/><E39/><V94/><F115/><W116/><G116/><N who="1" m="44618" /><E35/><V50/><F111/><N who="1" m="42537" /><E51/><V22/><F125/><W102/><G133/><T30/><D109/><U62/><E62/><V69/><F33/><W46/><G64/><T18/><D74/><U14/><E89/><V19/><F78/><W99/><G5/><T126/><D126/><U97/><E106/><V49/><F10/><W100/><G24/><T68/><D18/><AGARI ba="0,0" hai="3,7,8,9,14,18,96,97" m="42537,44618" machi="18" ten="30,2000,0" yaku="12,1,14,1" doraHai="80" who="1" fromWho="0" sc="265,-20,229,20,190,0,316,0" owari="245,-15.5,249,4.9,190,-31.0,316,41.6" /></mjloggm>