<mjloggm ver="2.3"><GO type="225" lobby="0"/><UN n0="%E6%9D%B1%E9%A2%A8%E3%81%AE%E3%81%8D%E3%82%83%E3%81%B7%E3%81%95%E3%82%93" n1="%E5%B8%86%E7%AB%8B%E5%A4%8F%E8%A1%A3" n2="%E3%81%95%E3%81%8D%E3%81%9F%E3%81%BE%E6%9E%97%E6%AA%8E" n3="%E6%B4%BE%E9%81%A3%E3%81%AE%E3%82%B8%E3%83%A3%E3%83%83%E3%82%AF" dan="16,17,16,17" rate="2171.76,2252.10,2133.07,2167.87" sx="M,M,M,M"/><TAIKYOKU oya="0"/><INIT seed="0,0,0,0,2,125" ten="250,250,250,250" oya="0" hai0="9,78,67,28,50,109,52,135,27,131,65,82,133" hai1="127,108,94,70,92,77,30,55,96,26,34,21,114" hai2="98,5,126,57,119,49,85,22,113,60,79,115,45" hai3="32,100,10,7,124,37,134,116,80,86,51,0,99"/><T36/><D36/><U120/><E108/><V3/><F126/><W1/><G116/><T76/><D9/><U61/><E127/><V47/><F119/><W101/><G37/><T29/><D109/><U8/><E120/><V88/><F3/><W97/><G32/><T16/><D78/><U74/><E114/><V102/><F79/><W40/><G124/><T112/><D112/><U41/><E41/><V20/><F5/><W75/><G75/><T2/><D2/><U35/><E94/><N who="2" m="58711" /><F115/><W87/><G134/><N who="0" m="51211" /><D67/><U111/><E8/><V58/><F58/><W4/><G10/><T95/><D65/><U43/><E43/><N who="2" m="24767" /><F47/><W106/><G40/><T118/><D95/><U11/><E11/><V103/><F103/><W33/><G33/><T56/><D118/><U105/><E105/><V117/><F113/><W110/><G110/><T62/><D62/><U84/><E74/><V89/><F89/><W121/><G121/><T90/><D90/><N who="1" m="55319" /><E70/><V19/><F19/><W132/><G132/><T13/><D27/><U66/><E66/><N who="2" m="39183" /><F117/><W128/><G106/><T24/><D24/><U23/><E111/><V38/><F38/><W39/><G39/><T17/><D17/><U59/><E35/><V72/><F72/><W107/><G107/><T48/><D48/><U123/><E123/><V18/><F18/><W14/><G51/><T44/><D44/><U129/><E34/><V93/><AGARI ba="0,0" hai="20,22,85,88,93" m="39183,24767,58711" machi="93" ten="30,2000,0" yaku="8,1,54,1" doraHai="125" who="2" fromWho="2" sc="250,-10,250,-5,250,20,250,-5" /><INIT seed="1,0,0,5,0,57" ten="240,245,270,245" oya="1" hai0="40,16,32,79,62,129,132,111,49,121,73,61,96" hai1="41,78,83,95,24,117,94,43,31,36,77,2,72" hai2="48,85,21,101,105,35,54,134,59,53,84,47,51" hai3="9,69,103,88,114,10,22,127,58,87,98,65,20"/><U93/><E117/><V52/><F134/><W86/><G114/><T4/><D32/><U70/><E70/><V100/><F35/><W67/><G69/><T33/><D33/><U122/><E122/><V104/><F21/><N who="3" m="8299" /><G127/><T108/><D4/><U6/><E78/><V8/><F8/><N who="3" m="3179" /><G103/><N who="2" m="39497" /><F105/><W91/><G98/><T12/><D121/><U28/><E24/><V120/><F120/><W45/><G45/><N who="0" m="25767" /><D132/><U68/><E68/><V44/><F104/><W102/><G102/><T39/><D39/><U106/><E106/><V80/><F80/><N who="3" m="49223" /><G58/><T130/><D96/><U74/><E74/><V7/><F7/><W15/><G15/><T3/><D3/><U14/><E2/><V90/><F90/><W97/><G97/><T133/><D133/><U25/><E36/><V5/><F5/><W27/><G27/><T66/><D66/><U71/><E71/><V1/><F1/><W19/><G19/><T0/><D0/><U37/><E25/><V64/><F64/><W46/><G46/><T26/><D26/><U99/><E99/><V131/><F131/><N who="0" m="50186" /><D79/><U55/><E37/><V110/><F110/><N who="0" m="42026" /><D73/><U38/><E38/><V113/><F113/><W60/><G67/><T115/><D115/><U128/><E128/><V109/><F109/><W63/><G65/><T56/><D56/><U81/><E72/><V89/><F89/><W75/><G75/><T23/><AGARI ba="0,0" hai="12,16,23,61,62" m="42026,50186,25767" machi="23" ten="30,8000,1" yaku="19,1,14,1,52,2,54,1" doraHai="57" who="0" fromWho="0" sc="240,80,245,-40,270,-20,245,-20" /><INIT seed="2,0,0,1,5,116" ten="320,205,250,225" oya="2" hai0="2,33,14,44,77,105,87,129,128,76,39,101,60" hai1="72,122,18,59,41,52,80,89,120,53,126,16,124" hai2="67,85,94,24,54,55,65,9,66,84,47,15,110" hai3="93,34,96,26,113,58,32,62,64,119,102,121,100"/><V61/><F110/><W22/><G119/><T5/><D2/><U98/><E41/><V56/><F24/><W70/><G113/><T74/><D33/><U97/><E72/><V0/><F0/><W49/><G100/><T10/><D74/><U86/><E53/><V40/><F55/><W73/><G73/><T117/><D117/><U4/><E4/><V51/><REACH who="2" step="1"/><F94/><REACH who="2" ten="320,205,240,225" step="2"/><W20/><G26/><T95/><D95/><U88/><E52/><V83/><F83/><W37/><G93/><T107/><D107/><U135/><E80/><V127/><F127/><W69/><G64/><T78/><D105/><U1/><E1/><V35/><F35/><W11/><G34/><T123/><D128/><U25/><E25/><V71/><F71/><W90/><G69/><T91/><D129/><U12/><E12/><V13/><F13/><W99/><G70/><T133/><D14/><U106/><E106/><V63/><F63/><W43/><G62/><T79/><D60/><U111/><E111/><V6/><AGARI ba="0,1" hai="6,9,15,40,47,51,54,56,61,65,66,67,84,85" machi="6" ten="30,6000,0" yaku="1,1,0,1,8,1,53,0" doraHai="116" doraHaiUra="104" who="2" fromWho="2" sc="320,-20,205,-20,240,70,225,-20" /><INIT seed="2,1,0,0,5,33" ten="300,185,310,205" oya="2" hai0="17,4,73,98,83,30,29,87,72,96,106,115,93" hai1="62,94,108,78,86,126,3,133,57,67,52,34,114" hai2="6,116,50,120,38,45,2,118,130,61,20,63,32" hai3="16,131,121,10,91,15,7,39,22,64,124,109,127"/><V80/><F32/><W40/><G121/><T74/><D115/><U100/><E108/><V66/><F120/><W1/><G109/><T132/><D132/><U77/><E114/><V99/><F38/><W26/><G131/><T117/><D117/><U104/><E126/><N who="3" m="48170" /><G64/><T24/><D4/><U41/><E133/><V79/><F130/><W111/><G111/><T84/><D106/><U9/><E34/><V75/><F63/><W47/><G91/><T53/><D53/><U27/><E41/><V110/><F110/><W134/><G134/><T37/><D37/><U5/><E27/><AGARI ba="1,0" hai="1,7,10,15,16,22,26,27,39,40,47" m="48170" machi="27" ten="30,3900,0" yaku="18,1,52,1,54,1" doraHai="33" who="3" fromWho="1" sc="300,0,185,-42,310,0,205,42" /><INIT seed="3,0,0,3,5,55" ten="300,143,310,247" oya="3" hai0="104,75,45,3,91,130,123,35,59,105,89,65,108" hai1="29,83,102,5,118,53,117,66,79,15,38,74,12" hai2="30,47,57,34,33,116,94,48,121,43,24,134,16" hai3="103,52,78,39,101,51,114,122,31,50,87,98,133"/><W76/><G122/><T10/><D35/><U4/><E29/><V46/><F116/><W7/><G39/><T69/><D75/><U63/><E38/><V128/><F34/><W19/><G114/><T115/><D69/><U86/><E74/><V14/><F134/><W28/><G7/><N who="0" m="1407" /><D45/><U77/><E102/><V36/><F128/><W85/><G133/><T71/><D71/><U135/><E135/><V73/><F73/><W64/><G64/><T131/><D123/><U81/><E66/><V6/><F6/><W60/><G19/><T40/><D40/><U26/><E53/><V0/><F121/><W54/><G98/><T13/><D13/><U120/><E120/><V20/><F0/><W126/><REACH who="3" step="1"/><G60/><REACH who="3" ten="300,143,310,237" step="2"/><N who="0" m="38047" /><D115/><U22/><E63/><V124/><F36/><W27/><G27/><T99/><D108/><U96/><E96/><V106/><F24/><W25/><G25/><T23/><D99/><U93/><E26/><V111/><F16/><W107/><G107/><N who="0" m="41035" /><D23/><U84/><REACH who="1" step="1"/><E22/><REACH who="1" ten="300,133,310,237" step="2"/><V92/><F20/><W113/><G113/><T88/><D131/><U58/><E58/><V41/><F57/><W82/><G82/><T32/><D130/><U119/><E119/><V1/><F33/><W127/><AGARI ba="0,2" hai="28,31,50,51,52,54,76,78,85,87,101,103,126,127" machi="127" ten="25,18000,2" yaku="1,1,0,1,22,2,54,1,53,2" doraHai="55" doraHaiUra="49" who="3" fromWho="3" sc="300,-60,133,-60,310,-60,237,200" owari="240,-16.0,73,-42.7,250,5.0,437,53.7" /></mjloggm>