<mjloggm ver="2.3"><GO type="225" lobby="0"/><UN n0="%E3%81%BF%E3%81%BF%E3%81%9A" n1="%E9%80%86%E9%80%A3%E5%B8%AF%E3%81%AE%E9%AC%BC" n2="%E3%83%96%E3%83%83%E3%83%91%E3%82%AA%E3%83%96%E3%83%81%E3%82%AD%E3%83%B3" n3="%E4%BF%BA%E3%81%A8%E5%A6%96%E5%A4%A2" dan="18,17,16,16" rate="2226.23,2006.72,2207.18,2118.34" sx="M,M,M,F"/><TAIKYOKU oya="0"/><INIT seed="0,0,0,0,0,68" ten="250,250,250,250" oya="0" hai0="61,22,3,25,124,73,103,43,47,113,49,1,133" hai1="35,109,89,95,55,115,130,96,72,40,27,80,101" hai2="108,85,10,34,111,13,36,41,94,75,110,90,112" hai3="93,65,30,127,56,100,2,92,57,126,76,12,78"/><T32/><D113/><U14/><E115/><V8/><F112/><W107/><G2/><T122/><D122/><U20/><E130/><V15/><F34/><W39/><G30/><T118/><D118/><U70/><E109/><V119/><F119/><W21/><G107/><T37/><D73/><U38/><E70/><V114/><F114/><W102/><G21/><T63/><D124/><U4/><E35/><V128/><F128/><W51/><G51/><T17/><D133/><U48/><E40/><V135/><F135/><W64/><REACH who="3" step="1"/><G12/><REACH who="3" ten="250,250,250,240" step="2"/><N who="2" m="4681" /><F75/><W24/><G24/><T91/><D1/><U97/><E72/><V5/><F5/><W99/><G99/><T69/><D3/><U7/><E14/><V125/><F125/><W83/><G83/><T26/><D49/><U84/><E97/><V58/><F58/><W60/><G60/><T120/><D120/><U66/><E4/><V31/><F31/><W19/><G19/><T53/><D63/><U121/><E7/><V116/><F116/><W33/><G33/><T46/><D61/><U132/><E121/><V6/><F6/><W131/><G131/><T50/><D26/><U134/><E132/><V82/><F82/><W52/><G52/><T45/><D32/><U16/><E134/><V62/><F62/><W117/><G117/><T59/><D69/><U11/><E11/><N who="2" m="4139" /><F41/><W98/><G98/><T104/><D104/><U23/><E23/><V129/><F129/><W28/><G28/><T86/><D103/><U106/><E106/><V44/><F44/><W79/><G79/><T29/><D29/><U9/><E9/><RYUUKYOKU ba="0,1" sc="250,10,250,-30,250,10,240,10" hai0="17,22,25,37,43,45,46,47,50,53,59,86,91" hai2="36,85,90,94,108,110,111" hai3="39,56,57,64,65,76,78,92,93,100,102,126,127" /><INIT seed="0,1,1,2,5,72" ten="260,220,260,250" oya="0" hai0="70,2,67,25,35,43,26,40,69,101,10,77,53" hai1="49,109,97,65,17,55,114,130,132,125,12,73,86" hai2="91,82,107,62,102,133,61,89,41,81,22,58,5" hai3="121,33,47,44,4,16,19,1,66,105,23,76,15"/><T131/><D101/><U38/><E73/><V6/><F133/><W88/><G105/><T28/><D131/><U50/><E132/><V128/><F128/><W110/><G33/><T21/><D53/><U95/><E109/><V64/><F41/><W117/><G117/><T78/><D10/><U112/><E125/><V115/><F115/><W108/><G66/><T80/><D2/><U51/><E38/><V75/><F107/><W120/><G1/><T63/><D70/><U8/><E65/><V87/><F102/><W119/><G4/><T9/><D9/><U99/><E130/><V42/><F42/><W74/><G119/><T68/><D69/><U106/><E55/><V14/><F62/><W46/><G19/><T93/><D93/><U90/><REACH who="1" step="1"/><E106/><REACH who="1" ten="260,210,260,250" step="2"/><V31/><F75/><W79/><G74/><T0/><D40/><U45/><E45/><V123/><F123/><N who="3" m="47179" /><G110/><T126/><D126/><U39/><E39/><V57/><F57/><W13/><G108/><T52/><D43/><U135/><E135/><V7/><F31/><W11/><G47/><T36/><D36/><U104/><E104/><V122/><F122/><W124/><G124/><T111/><D111/><U84/><E84/><N who="2" m="50319" /><F5/><N who="3" m="3311" /><G46/><T116/><D116/><U18/><E18/><AGARI ba="1,2" hai="6,7,14,18,22,58,61,64,82,87,91" m="50319" machi="18" ten="30,1000,0" yaku="8,1" doraHai="72" who="2" fromWho="1" sc="260,0,210,-13,260,33,250,0" /><INIT seed="1,0,0,0,3,15" ten="260,197,293,250" oya="1" hai0="64,114,21,79,67,73,90,33,52,16,20,109,121" hai1="40,12,5,44,66,39,26,100,122,84,10,131,124" hai2="47,127,37,91,72,77,19,93,14,55,81,125,95" hai3="13,128,70,102,0,118,110,83,1,50,34,133,104"/><U51/><E122/><V57/><F47/><W135/><G70/><T117/><D114/><U11/><E131/><V106/><F106/><W126/><G34/><T130/><D33/><U63/><E124/><N who="2" m="47691" /><F37/><W56/><G126/><T30/><D117/><U62/><E100/><V42/><F42/><W28/><G128/><T75/><D121/><U105/><E105/><V31/><F31/><W132/><G28/><T25/><D109/><U82/><E39/><V29/><F29/><W97/><G110/><T98/><D130/><U22/><E11/><N who="2" m="6623" /><F91/><W76/><G13/><N who="0" m="9231" /><D75/><U65/><E65/><N who="0" m="25161" /><D73/><U78/><E66/><V61/><AGARI ba="0,0" hai="55,57,61,72,77,81,93,95" m="6623,47691" machi="61" ten="30,2000,0" yaku="18,1,52,1" doraHai="15" who="2" fromWho="2" sc="260,-5,197,-10,293,20,250,-5" /><INIT seed="2,0,0,1,5,7" ten="255,187,313,245" oya="2" hai0="96,103,2,82,126,25,29,121,115,48,53,127,85" hai1="130,133,102,54,87,78,72,38,34,1,77,10,125" hai2="36,107,8,52,134,99,42,60,117,114,119,90,12" hai3="43,4,47,62,56,11,92,73,32,57,26,6,40"/><V129/><F114/><W30/><G73/><T45/><D121/><U110/><E34/><V93/><F129/><W39/><G43/><T49/><D115/><U23/><E130/><V20/><F134/><W15/><G92/><T16/><D2/><U27/><E133/><V108/><F107/><W17/><REACH who="3" step="1"/><G56/><REACH who="3" ten="255,187,313,235" step="2"/><T22/><D127/><U76/><E72/><V79/><F42/><W94/><G94/><N who="0" m="58775" /><D126/><U71/><E125/><V88/><F93/><W35/><G35/><T68/><D68/><U132/><E71/><V81/><F119/><W122/><G122/><T66/><D66/><AGARI ba="0,1" hai="4,6,11,15,17,26,30,32,39,40,47,57,62,66" machi="66" ten="30,3900,0" yaku="1,1,7,1,52,1,53,0" doraHai="7" doraHaiUra="120" who="3" fromWho="0" sc="255,-39,187,0,313,0,235,49" /><INIT seed="3,0,0,3,3,60" ten="216,187,313,284" oya="3" hai0="80,88,37,71,19,1,9,96,75,33,67,108,105" hai1="133,30,64,106,6,131,27,86,31,34,110,126,26" hai2="22,115,78,109,113,90,87,18,103,120,44,43,4" hai3="119,40,16,25,68,94,129,36,70,102,47,122,52"/><W2/><G119/><T77/><D33/><U118/><E106/><V98/><F109/><W54/><G122/><T3/><D108/><U39/><E118/><V11/><F78/><W84/><G2/><T116/><D116/><U99/><E110/><V117/><F117/><W69/><G129/><T61/><D37/><U8/><E39/><V56/><F56/><W92/><G92/><T12/><REACH who="0" step="1"/><D105/><REACH who="0" ten="206,187,313,284" step="2"/><U134/><E131/><V50/><F115/><W57/><G36/><T112/><D112/><U107/><E126/><V62/><F113/><W132/><G132/><T17/><D17/><U123/><E123/><V45/><F18/><W0/><G0/><T101/><D101/><U73/><E73/><V28/><F103/><W58/><G102/><T81/><D81/><U66/><E107/><V15/><F120/><W35/><G35/><T42/><D42/><U32/><E99/><V74/><F43/><W63/><G40/><T5/><D5/><U104/><E104/><V127/><F4/><W59/><G16/><T24/><D24/><U20/><E86/><V76/><F87/><W21/><G25/><T65/><D65/><U48/><E48/><V55/><F50/><N who="3" m="28767" /><G84/><T128/><D128/><U51/><E51/><V82/><F74/><W85/><G85/><T29/><D29/><U13/><E34/><V114/><F114/><W46/><G94/><AGARI ba="0,1" hai="1,3,9,12,19,61,67,71,75,77,80,88,94,96" machi="94" ten="40,5200,0" yaku="1,1,52,1,54,1,53,0" doraHai="60" doraHaiUra="23" who="0" fromWho="3" sc="206,62,187,0,313,0,284,-52" owari="268,6.8,187,-31.3,313,41.3,232,-16.8" /></mjloggm>