<mjloggm ver="2.3"><GO type="225" lobby="0"/><UN n0="%E6%81%A5%E6%99%92%E3%81%97" n1="%77%72%77%72%77%72%77%72" n2="%E6%B8%A9%E2%98%85%E6%83%85%E2%98%85%E6%8E%AA%E2%98%85%E7%BD%AE" n3="%E3%81%90%E3%81%A1%E3%82%84%E3%81%BE" dan="16,17,17,16" rate="2137.82,2178.99,2202.73,2145.07" sx="M,M,M,M"/><TAIKYOKU oya="0"/><INIT seed="0,0,0,0,1,123" ten="250,250,250,250" oya="0" hai0="131,124,49,102,133,43,114,4,91,128,22,55,27" hai1="54,99,104,134,17,11,74,18,6,57,67,77,36" hai2="60,129,132,13,59,135,88,63,0,52,97,93,68" hai3="117,96,66,89,87,38,127,50,28,26,71,35,8"/><T70/><D114/><U118/><E118/><V80/><F0/><W32/><G38/><T39/><D70/><U130/><E36/><V105/><F105/><W81/><G117/><T72/><D72/><U121/><E121/><V14/><F129/><N who="0" m="49738" /><D102/><U33/><E33/><V48/><F80/><W83/><G127/><T103/><D103/><U116/><E116/><V86/><F97/><W79/><G8/><T58/><D124/><U37/><E37/><V95/><F95/><W56/><G71/><T94/><D4/><U3/><E130/><V19/><F14/><W51/><G35/><T42/><D133/><N who="2" m="51274" /><F68/><W30/><G30/><N who="0" m="17783" /><D39/><U62/><E134/><V90/><F90/><W122/><G122/><T85/><AGARI ba="0,0" hai="42,43,49,55,58,85,91,94" m="17783,49738" machi="85" ten="30,1500,0" yaku="19,1" doraHai="123" who="0" fromWho="0" sc="250,15,250,-5,250,-5,250,-5" /><INIT seed="0,1,0,3,2,7" ten="265,245,245,245" oya="0" hai0="133,29,115,26,98,6,105,84,18,45,22,92,79" hai1="128,88,82,99,27,83,91,127,1,124,16,57,111" hai2="70,118,35,130,17,63,52,2,69,43,24,15,132" hai3="34,117,38,3,77,61,48,103,89,123,41,67,74"/><T66/><D133/><U56/><E1/><V14/><F2/><W129/><G103/><T86/><D115/><U25/><E111/><V114/><F114/><W50/><G89/><N who="1" m="34378" /><E99/><V90/><F132/><W54/><G77/><T85/><D105/><U13/><E128/><V65/><F70/><W51/><G74/><T60/><D6/><U75/><E75/><V9/><F130/><W53/><G34/><T5/><D5/><U135/><E135/><V113/><F113/><W44/><G3/><T109/><D45/><U102/><E102/><V97/><F43/><W110/><G129/><T58/><D109/><U21/><E127/><V59/><F118/><W11/><G11/><T95/><D95/><U96/><E96/><V8/><F35/><W36/><G110/><T100/><REACH who="0" step="1"/><D18/><REACH who="0" ten="255,245,245,245" step="2"/><U4/><E124/><V134/><F134/><W49/><G117/><T120/><D120/><U78/><E4/><V104/><F104/><W39/><G123/><T107/><D107/><U81/><E78/><AGARI ba="1,1" hai="22,26,29,58,60,66,78,79,84,85,86,92,98,100" machi="78" ten="40,12000,1" yaku="1,1,25,2,8,1,53,0" doraHai="7" doraHaiUra="106" who="0" fromWho="1" sc="255,133,245,-123,245,0,245,0" /><INIT seed="0,2,0,1,3,42" ten="388,122,245,245" oya="0" hai0="106,71,58,130,135,89,32,28,113,104,5,131,102" hai1="107,66,18,90,41,49,117,12,75,15,1,87,122" hai2="36,52,93,21,60,8,46,92,84,64,76,88,10" hai3="59,129,65,44,124,20,67,116,13,111,125,128,9"/><T54/><D113/><U40/><E117/><V97/><F21/><W134/><G116/><T43/><D71/><U114/><E122/><V118/><F118/><W112/><G112/><T38/><D5/><U123/><E123/><V50/><F36/><W6/><G111/><T29/><D89/><U47/><E114/><V39/><F39/><W14/><G134/><T3/><D3/><U121/><E121/><V35/><F35/><W77/><G77/><T31/><D32/><U115/><E115/><V24/><F24/><W86/><G86/><T83/><D83/><U79/><E107/><V96/><F76/><W109/><G109/><T132/><D102/><U100/><E100/><V82/><F82/><W4/><G44/><N who="0" m="23671" /><D104/><U51/><E79/><V95/><F97/><W94/><G94/><N who="2" m="36457" /><F96/><W2/><G2/><T73/><D73/><U22/><E1/><V30/><F30/><W56/><G20/><T74/><D74/><U70/><E66/><V80/><N who="2" m="36465" /><V0/><DORA hai="11" /><F0/><W126/><REACH who="3" step="1"/><G124/><REACH who="3" ten="388,122,245,235" step="2"/><T119/><D119/><U127/><E75/><V57/><AGARI ba="2,1" hai="8,10,46,50,52,57,60,64,80,84,88" m="36465" machi="57" ten="30,7900,0" yaku="8,1,52,1,54,2" doraHai="42,11" who="2" fromWho="2" sc="388,-41,122,-22,245,95,235,-22" /><INIT seed="1,0,0,5,5,124" ten="347,100,340,213" oya="1" hai0="6,45,50,81,128,72,48,88,98,51,103,61,132" hai1="5,134,30,2,120,75,71,89,15,40,38,127,116" hai2="9,86,87,85,22,33,54,99,55,73,46,58,37" hai3="130,41,29,44,133,11,125,110,131,39,36,79,91"/><U10/><E116/><V78/><F33/><W93/><G125/><T94/><D132/><U32/><E127/><V7/><F22/><W28/><G133/><T65/><D128/><N who="3" m="49193" /><G110/><T82/><D6/><U67/><E134/><V59/><F99/><N who="3" m="57791" /><G79/><T64/><D72/><U14/><E120/><V12/><F73/><W62/><G62/><T25/><D25/><U106/><E75/><V70/><F70/><W23/><G11/><T68/><D65/><U34/><E106/><V0/><F78/><W97/><G97/><T74/><D74/><U20/><E40/><V60/><F0/><W26/><G29/><T101/><REACH who="0" step="1"/><D45/><REACH who="0" ten="337,100,340,213" step="2"/><U112/><E112/><V118/><F46/><W21/><G39/><T135/><D135/><U92/><E38/><V24/><F37/><W119/><G119/><T53/><D53/><U47/><E47/><V83/><F118/><W105/><G105/><T80/><AGARI ba="0,1" hai="48,50,51,61,64,68,80,81,82,88,94,98,101,103" machi="80" ten="30,4000,0" yaku="1,1,0,1,54,1,53,0" doraHai="124" doraHaiUra="129" who="0" fromWho="0" sc="337,50,100,-20,340,-10,213,-10" /><INIT seed="2,0,0,3,1,123" ten="387,80,330,203" oya="2" hai0="100,39,3,36,83,26,72,52,18,114,67,7,68" hai1="19,21,112,134,119,106,105,118,129,17,86,128,16" hai2="69,31,108,120,116,103,20,76,132,60,53,71,10" hai3="13,14,28,89,115,92,22,93,44,64,38,58,111"/><V80/><F120/><W130/><G130/><N who="1" m="50282" /><E86/><V62/><F116/><N who="1" m="44585" /><E21/><V47/><F132/><W81/><G81/><T49/><D49/><U40/><E40/><V33/><F33/><W24/><G115/><T2/><D67/><U127/><E112/><V70/><F10/><W126/><G126/><T101/><D100/><U51/><E51/><V82/><F103/><W110/><G44/><T75/><D101/><U87/><E87/><V96/><F20/><W77/><G77/><T74/><D83/><U37/><E37/><V50/><F82/><W25/><G38/><T113/><D39/><U73/><E73/><V133/><F80/><W131/><G131/><T54/><D36/><U9/><E9/><V78/><F78/><W125/><G25/><T84/><D26/><U121/><E121/><V99/><F76/><W104/><G125/><T23/><D84/><U65/><E65/><V4/><F50/><W124/><G124/><T88/><D72/><U98/><E127/><V48/><F48/><W46/><G46/><T63/><D74/><U11/><E11/><V42/><F47/><W27/><G27/><N who="0" m="14839" /><D75/><U32/><E32/><V66/><F42/><W85/><G104/><N who="1" m="40042" /><E98/><V1/><F96/><W56/><G93/><T8/><D113/><U6/><E6/><V97/><F97/><W90/><G90/><T95/><D114/><U15/><E15/><N who="3" m="5642" /><G64/><N who="0" m="40991" /><D8/><U0/><E0/><N who="0" m="41" /><D7/><U91/><E91/><V135/><F66/><W102/><G102/><T29/><D88/><U79/><E79/><V57/><F1/><W41/><G41/><T34/><D34/><U109/><E134/><RYUUKYOKU ba="0,0" sc="387,-15,80,15,330,-15,203,15" hai1="16,17,19,109" hai3="22,24,28,56,58,85,89,92,110,111" /><INIT seed="3,1,0,5,2,33" ten="372,95,315,218" oya="3" hai0="12,68,132,93,55,77,69,31,27,40,117,43,54" hai1="46,111,70,37,58,94,122,105,64,10,92,109,112" hai2="67,113,83,97,9,135,34,52,85,72,35,88,21" hai3="2,53,91,30,59,71,128,107,84,96,82,125,134"/><W130/><G71/><T3/><D117/><U57/><E105/><V5/><F113/><W98/><G125/><T120/><D3/><U86/><E10/><V104/><F135/><W36/><G36/><T75/><D120/><U78/><E78/><V8/><F67/><W11/><G134/><T26/><D132/><U89/><E112/><V66/><F66/><W101/><G30/><T123/><D93/><U25/><E122/><V18/><F9/><W0/><G98/><T127/><D12/><U108/><E25/><V13/><F72/><W6/><REACH who="3" step="1"/><G0/><REACH who="3" ten="372,95,315,208" step="2"/><T24/><D31/><U62/><REACH who="1" step="1"/><E94/><REACH who="1" ten="372,85,315,208" step="2"/><V129/><F104/><W16/><G16/><T17/><D17/><U63/><E63/><AGARI ba="1,2" hai="2,6,11,53,59,63,82,84,91,96,101,107,128,130" machi="63" ten="40,3900,0" yaku="1,1,52,1,53,0" doraHai="33" doraHaiUra="90" who="3" fromWho="1" sc="372,0,85,-42,315,0,208,62" /><INIT seed="3,2,0,3,0,16" ten="372,43,315,270" oya="3" hai0="107,131,48,125,60,14,128,105,94,35,33,118,84" hai1="30,86,70,10,0,4,121,130,44,34,100,66,20" hai2="54,58,24,114,123,36,31,51,69,39,110,2,26" hai3="98,127,25,126,5,75,3,91,119,13,38,68,37"/><W106/><G119/><T108/><D108/><U74/><E74/><V99/><F114/><W117/><G117/><T116/><D116/><U92/><E121/><V135/><F110/><W96/><G68/><T52/><D125/><N who="3" m="47625" /><G75/><T129/><D118/><U71/><E130/><V81/><F69/><W95/><G3/><T17/><D60/><U8/><E44/><V87/><F2/><W56/><G56/><N who="0" m="32775" /><D94/><U132/><E132/><V62/><F135/><W18/><G5/><T77/><D84/><U73/><E73/><V55/><F123/><W89/><G25/><T29/><D77/><U115/><E115/><V23/><F26/><W27/><G27/><N who="0" m="18623" /><D35/><U32/><E8/><AGARI ba="2,0" hai="8,14,17,105,107,128,129,131" m="18623,32775" machi="8" ten="30,2000,0" yaku="19,1,54,1" doraHai="16" who="0" fromWho="1" sc="372,26,43,-26,315,0,270,0" owari="398,49.8,17,-48.3,315,11.5,270,-13.0" /></mjloggm>