<mjloggm ver="2.3"><GO type="225" lobby="0"/><UN n0="%72%61%6B%33" n1="%79%75%72%69%6D%6F%67" n2="%E8%81%B7%E6%A5%AD%E3%80%81%E9%A2%A8%32" n3="%E6%81%A5%E6%99%92%E3%81%97" dan="16,16,16,16" rate="2101.52,2138.93,2137.70,2100.49" sx="M,F,M,M"/><TAIKYOKU oya="0"/><INIT seed="0,0,0,1,3,40" ten="250,250,250,250" oya="0" hai0="87,128,64,23,31,101,8,3,13,21,124,68,76" hai1="123,62,52,125,46,37,91,108,103,56,77,7,89" hai2="134,71,78,61,129,116,9,17,98,99,55,47,36" hai3="73,58,10,6,88,107,106,1,43,24,102,92,12"/><T122/><D122/><U2/><E123/><V34/><F34/><W67/><G73/><T96/><D124/><U131/><E108/><V97/><F129/><W35/><G102/><T85/><D128/><U80/><E131/><V81/><F134/><W4/><G1/><T117/><D3/><U20/><E103/><V0/><F116/><W110/><G110/><T118/><D23/><U33/><E20/><V53/><F71/><W126/><G126/><T83/><D87/><U69/><E69/><V51/><F36/><W25/><G4/><T74/><D74/><N who="1" m="43063" /><E33/><V45/><F61/><N who="3" m="38327" /><G106/><T84/><D84/><U72/><E72/><V16/><F0/><W104/><G107/><T132/><D132/><U135/><E135/><V54/><F9/><W113/><G113/><T94/><D68/><U114/><E114/><V119/><F119/><W111/><G104/><T130/><D130/><U65/><E65/><V15/><F15/><W30/><G30/><T115/><D64/><U42/><E125/><V109/><F109/><W32/><G111/><T57/><D57/><U28/><E28/><V127/><F127/><W86/><G32/><T59/><D59/><U70/><E70/><V63/><F63/><W39/><G35/><T60/><D60/><U50/><E62/><V133/><F133/><W5/><G5/><N who="0" m="3215" /><D115/><U19/><E19/><N who="2" m="7243" /><F51/><W18/><G6/><T29/><D29/><U79/><E79/><V105/><F105/><W22/><G22/><T112/><D112/><U93/><E93/><V27/><F27/><N who="3" m="10315" /><G39/><T121/><D121/><U48/><E48/><V120/><F120/><RYUUKYOKU ba="0,0" sc="250,0,250,0,250,0,250,0" hai0="21,31,76,83,85,94,96,101,117,118" hai1="2,7,37,42,46,50,52,56,89,91" hai2="45,47,53,54,55,78,81,97,98,99" hai3="10,12,18,43,86,88,92" /><INIT seed="0,1,0,2,3,47" ten="250,250,250,250" oya="0" hai0="51,118,103,4,41,73,61,86,108,134,101,94,117" hai1="120,31,5,63,59,92,84,66,0,96,99,69,116" hai2="43,93,12,11,109,70,104,132,85,10,7,110,112" hai3="34,91,8,35,56,2,49,15,24,102,82,68,78"/><T133/><D4/><U123/><E116/><V52/><F104/><W17/><G68/><T37/><D37/><U98/><E0/><V6/><F112/><W114/><G114/><T45/><D73/><U122/><E5/><V81/><F70/><W131/><G131/><T124/><D124/><U74/><E74/><V77/><F132/><N who="0" m="50794" /><D108/><N who="2" m="41578" /><F43/><W39/><G39/><T46/><D46/><U22/><E69/><V71/><F71/><W21/><G102/><N who="0" m="38923" /><D61/><U126/><E126/><V3/><F93/><W115/><G115/><T9/><D9/><U111/><E111/><V57/><F3/><W130/><G2/><T36/><D36/><U62/><E62/><N who="2" m="36135" /><F11/><W72/><G130/><T26/><D26/><N who="1" m="16855" /><E84/><V135/><F135/><W113/><G113/><T64/><D64/><U40/><E40/><V20/><F7/><W48/><G91/><AGARI ba="1,0" hai="41,45,51,86,91,94,117,118" m="38923,50794" machi="91" ten="30,2900,0" yaku="20,1,52,1" doraHai="47" who="0" fromWho="3" sc="250,32,250,0,250,0,250,-32" /><INIT seed="0,2,0,3,5,14" ten="282,250,250,218" oya="0" hai0="51,41,62,86,125,70,129,13,118,49,25,94,39" hai1="131,6,2,53,104,78,114,81,47,40,22,135,59" hai2="19,29,11,82,77,15,126,35,95,50,4,111,98" hai3="18,24,113,31,122,10,57,93,124,72,121,79,127"/><T74/><D74/><U133/><E131/><V44/><F111/><W66/><G66/><T91/><D118/><U130/><E104/><V110/><F110/><W102/><G57/><T12/><D129/><U30/><E130/><V117/><F117/><W1/><G72/><T45/><D125/><N who="3" m="48201" /><G79/><T37/><D25/><U112/><E6/><V108/><F108/><W5/><G113/><N who="1" m="43626" /><E2/><V58/><F126/><W48/><G48/><T34/><D34/><U84/><E22/><V97/><F35/><N who="3" m="20967" /><G102/><T75/><D75/><U87/><E30/><V96/><F29/><W26/><G93/><T85/><D85/><U42/><E87/><N who="2" m="48591" /><F58/><W99/><G99/><T68/><D49/><N who="1" m="31151" /><E47/><V16/><F95/><W61/><G61/><T116/><D116/><U132/><AGARI ba="2,0" hai="40,42,78,81,84,132,133,135" m="31151,43626" machi="132" ten="40,2700,0" yaku="20,1,11,1" doraHai="14" who="1" fromWho="1" sc="282,-15,250,33,250,-9,218,-9" /><INIT seed="1,0,0,3,5,75" ten="267,283,241,209" oya="1" hai0="113,121,5,55,96,7,43,6,20,122,108,53,66" hai1="38,102,16,4,42,72,61,19,92,51,41,115,74" hai2="107,77,59,70,128,97,28,22,11,119,118,52,103" hai3="23,120,39,30,2,36,56,13,67,26,129,84,44"/><U91/><E74/><V110/><F110/><W123/><G2/><T125/><D108/><U112/><E72/><V109/><F109/><W88/><G129/><T31/><D113/><N who="1" m="43595" /><E38/><V71/><F128/><W87/><G87/><T79/><D43/><N who="1" m="16395" /><E102/><V94/><F11/><W104/><G104/><T45/><D45/><U130/><E130/><V64/><F107/><W69/><G69/><T54/><D66/><U32/><E32/><V24/><F77/><W65/><G44/><T35/><D35/><U29/><E29/><V78/><F78/><W132/><G132/><T8/><D79/><U116/><E116/><N who="2" m="44587" /><F52/><W111/><G111/><T49/><D8/><U12/><E51/><V57/><F57/><W127/><G39/><T25/><D49/><U134/><E61/><AGARI ba="0,0" hai="22,24,28,59,61,64,70,71,94,97,103" m="44587" machi="61" ten="30,1000,0" yaku="25,1" doraHai="75" who="2" fromWho="1" sc="267,0,283,-10,241,10,209,0" /><INIT seed="2,0,0,5,4,118" ten="267,273,251,209" oya="2" hai0="56,94,134,50,30,120,23,1,18,27,15,64,16" hai1="76,61,8,130,43,87,37,132,26,55,108,74,115" hai2="81,71,42,102,70,114,54,5,46,11,88,78,82" hai3="99,36,34,92,40,91,79,17,39,6,29,110,129"/><V122/><F122/><W135/><G110/><T28/><D134/><U113/><E108/><V21/><F114/><W105/><G129/><T47/><D120/><U109/><E74/><V38/><F102/><W62/><G135/><T73/><D1/><U124/><E109/><V67/><F54/><W45/><G6/><T121/><D73/><U19/><E130/><V35/><F35/><W116/><G116/><T24/><D121/><U72/><E72/><V128/><F128/><W89/><G79/><T68/><D68/><U77/><E124/><V103/><F103/><W95/><G105/><T60/><D94/><U98/><E132/><V9/><F21/><W97/><G17/><T131/><D131/><U119/><E98/><V123/><F123/><W69/><G39/><T49/><D49/><U127/><E127/><V25/><F25/><W111/><G111/><T48/><D48/><U58/><E119/><V65/><F78/><W125/><G125/><T13/><D13/><N who="1" m="7591" /><E115/><V3/><F11/><W86/><G86/><T41/><D24/><U12/><E37/><V101/><F101/><W66/><REACH who="3" step="1"/><G34/><REACH who="3" ten="267,273,251,199" step="2"/><T52/><D41/><U20/><E43/><V93/><F71/><W32/><G32/><T31/><REACH who="0" step="1"/><D18/><REACH who="0" ten="257,273,251,199" step="2"/><N who="1" m="10311" /><E113/><V104/><F70/><W84/><G84/><T80/><D80/><U14/><E87/><V57/><F82/><W117/><G117/><T4/><D4/><U107/><E107/><V106/><F81/><W75/><G75/><T126/><D126/><U2/><E2/><V85/><F104/><W96/><G96/><T53/><D53/><U90/><E26/><RYUUKYOKU ba="0,2" sc="257,15,273,-15,251,-15,199,15" hai0="15,16,23,27,28,30,31,47,50,52,56,60,64" hai3="29,36,40,45,62,66,69,89,91,92,95,97,99" /><INIT seed="3,1,2,0,0,111" ten="272,258,236,214" oya="3" hai0="16,116,120,86,67,99,115,88,108,133,131,130,122" hai1="63,127,85,29,11,95,98,68,62,113,7,92,100" hai2="49,61,73,80,93,31,54,17,69,77,48,57,135" hai3="121,104,9,103,36,15,64,90,94,51,71,39,60"/><W20/><G121/><T2/><D116/><U23/><E113/><V22/><F135/><W35/><G20/><T12/><D2/><U41/><E68/><V65/><F31/><W19/><G35/><T32/><D32/><U55/><E41/><V26/><F93/><W123/><G123/><T21/><D108/><U101/><E127/><V70/><REACH who="2" step="1"/><F48/><REACH who="2" ten="272,258,226,214" step="2"/><W105/><G51/><T40/><D133/><U79/><E95/><V44/><AGARI ba="1,3" hai="17,22,26,44,49,54,57,61,65,69,70,73,77,80" machi="44" ten="20,5200,0" yaku="1,1,2,1,0,1,7,1,53,0" doraHai="111" doraHaiUra="119" who="2" fromWho="2" sc="272,-14,258,-14,226,85,214,-27" owari="258,5.8,244,-15.6,311,41.1,187,-31.3" /></mjloggm>