<mjloggm ver="2.3"><GO type="225" lobby="0"/><UN n0="%EF%BC%AE%EF%BC%A1%EF%BC%AF%33%33%39" n1="%33%74%72%65%65" n2="%E3%83%B4%E3%82%A3%E3%83%AF%E3%82%B3%E3%82%B0%E3%83%8B" n3="%72%69%6F%75%63%68%61%6E" dan="16,17,17,16" rate="2234.10,2128.10,2212.14,2097.16" sx="M,F,M,M"/><TAIKYOKU oya="0"/><INIT seed="0,0,0,1,4,85" ten="250,250,250,250" oya="0" hai0="68,66,112,87,105,103,36,19,53,12,108,109,82" hai1="71,130,131,118,54,40,50,10,21,15,58,35,9" hai2="95,114,24,8,11,57,52,32,119,18,49,104,59" hai3="74,92,127,77,78,43,89,4,86,61,31,120,73"/><T34/><D34/><U88/><E118/><V41/><F114/><W25/><G127/><T111/><D36/><U51/><E35/><V62/><F104/><W133/><G133/><T65/><D68/><U94/><E71/><V26/><F119/><W64/><G120/><T16/><D112/><U91/><E94/><V42/><F32/><W101/><G4/><T48/><D103/><U56/><E21/><V135/><F135/><W23/><G43/><N who="2" m="16393" /><F95/><W20/><G101/><T113/><D105/><U47/><E58/><V2/><F2/><W102/><G102/><T122/><D122/><U75/><E75/><V116/><F116/><W83/><G20/><N who="0" m="11271" /><D19/><N who="1" m="8687" /><E10/><N who="2" m="3627" /><F18/><W27/><G27/><T107/><D107/><U124/><E124/><V13/><F13/><W132/><G132/><T33/><D33/><U46/><E46/><V22/><F22/><W55/><G73/><T1/><D1/><U96/><E96/><V125/><F125/><W100/><G74/><T17/><D17/><U30/><E30/><V81/><F81/><W5/><G5/><T3/><D3/><U93/><E93/><V44/><F59/><N who="3" m="36927" /><G55/><AGARI ba="0,0" hai="24,26,44,49,52,55,57,62" m="3627,16393" machi="55" ten="30,2000,0" yaku="8,1,54,1" doraHai="85" who="2" fromWho="3" sc="250,0,250,0,250,20,250,-20" /><INIT seed="1,0,0,2,0,107" ten="250,250,270,230" oya="1" hai0="103,110,128,41,130,96,33,102,78,26,74,69,82" hai1="3,49,89,131,100,97,106,25,59,50,36,42,44" hai2="117,133,5,105,31,1,92,6,80,12,40,56,84" hai3="114,108,16,127,134,4,17,71,76,67,70,63,8"/><U47/><E131/><N who="0" m="50217" /><D69/><U30/><E3/><V34/><F117/><W122/><G122/><T94/><D41/><U115/><E115/><V81/><F105/><W109/><G114/><T55/><D55/><U79/><E79/><V64/><F1/><W58/><G127/><T2/><D2/><U135/><E135/><V38/><F133/><W88/><G134/><T22/><D33/><U125/><E125/><V11/><F5/><W113/><G113/><T98/><D22/><U75/><E75/><V43/><F34/><W95/><G76/><T124/><D26/><U121/><E121/><V116/><F31/><W15/><G71/><T24/><D24/><U23/><E59/><V123/><F116/><W7/><G70/><T120/><D120/><U51/><REACH who="1" step="1"/><E89/><REACH who="1" ten="250,240,270,230" step="2"/><N who="2" m="53287" /><F123/><W99/><REACH who="3" step="1"/><G4/><REACH who="3" ten="250,240,270,220" step="2"/><T104/><D124/><U54/><AGARI ba="0,2" hai="23,25,30,36,42,44,47,49,50,51,54,97,100,106" machi="54" ten="20,3900,0" yaku="1,1,0,1,7,1,53,0" doraHai="107" doraHaiUra="77" who="1" fromWho="1" sc="250,-13,240,59,270,-13,220,-13" /><INIT seed="1,1,0,2,2,85" ten="237,299,257,207" oya="1" hai0="28,78,125,50,70,103,97,96,53,129,7,40,34" hai1="3,128,94,124,83,66,13,91,99,123,31,68,105" hai2="110,69,100,102,38,64,8,1,17,25,18,33,35" hai3="10,42,9,19,15,12,29,127,71,59,48,119,98"/><U73/><E123/><V41/><F110/><W32/><G127/><T21/><D70/><U126/><E3/><V27/><F38/><W58/><G119/><T63/><D34/><U51/><E128/><V113/><F41/><W20/><G71/><T2/><D78/><N who="1" m="44495" /><E31/><V111/><F111/><W37/><G98/><T95/><D2/><U26/><E26/><V115/><F69/><W130/><G130/><T49/><D7/><U5/><E51/><V14/><F64/><W106/><G106/><T36/><D36/><U122/><E122/><V112/><F100/><W52/><G59/><T135/><D40/><U0/><E13/><N who="2" m="7335" /><F102/><W60/><G37/><T61/><D50/><U89/><E66/><V109/><F1/><W75/><G75/><T11/><D129/><U55/><E55/><V23/><F109/><W133/><G133/><T86/><D135/><U93/><E68/><V107/><F107/><W16/><G32/><AGARI ba="1,0" hai="14,18,23,25,27,32,33,35,112,113,115" m="7335" machi="32" ten="40,5200,0" yaku="11,1,34,2" doraHai="85" who="2" fromWho="3" sc="237,0,299,0,257,55,207,-55" /><INIT seed="2,0,0,3,3,74" ten="237,299,312,152" oya="2" hai0="63,113,38,20,28,19,37,58,111,134,85,3,124" hai1="98,49,44,89,81,96,72,115,6,24,66,110,102" hai2="10,93,23,4,21,125,80,1,22,26,87,88,78" hai3="77,109,16,15,135,90,107,33,121,55,8,43,71"/><V97/><REACH who="2" step="1"/><F125/><REACH who="2" ten="237,299,302,152" step="2"/><W91/><G121/><T86/><D124/><U132/><E115/><V119/><F119/><W126/><G126/><T114/><D113/><U35/><E132/><V122/><F122/><W51/><G135/><T41/><D134/><U60/><E110/><V14/><F14/><W95/><G109/><T117/><D111/><U69/><E24/><AGARI ba="0,1" hai="1,4,10,21,22,23,24,26,78,80,87,88,93,97" machi="24" ten="40,12000,1" yaku="21,2,52,1,54,1,53,0" doraHai="74" doraHaiUra="48" who="2" fromWho="1" sc="237,0,299,-120,302,130,152,0" /><INIT seed="2,1,0,0,2,81" ten="237,179,432,152" oya="2" hai0="47,70,60,86,30,28,111,12,14,113,93,57,92" hai1="77,19,95,129,53,26,56,66,5,91,15,108,44" hai2="85,45,13,36,114,124,4,107,6,116,21,109,103" hai3="89,34,29,35,61,50,118,127,98,69,130,62,25"/><V72/><F116/><W18/><G118/><T38/><D70/><U64/><E108/><V75/><F114/><W51/><G127/><T41/><D113/><U121/><E121/><V39/><F124/><W99/><G130/><T67/><D111/><U117/><E129/><V110/><F103/><W126/><G126/><T112/><D112/><U11/><E77/><V101/><F101/><W78/><G35/><T17/><D14/><U123/><E123/><V59/><F59/><W120/><G120/><T68/><D68/><U1/><E44/><V76/><F13/><W40/><G78/><T102/><D93/><U46/><E46/><V3/><F76/><W131/><G131/><T54/><D67/><U90/><E90/><V134/><F45/><W82/><G18/><T128/><D128/><U8/><E26/><V48/><F134/><W96/><G40/><T33/><D33/><U119/><E119/><V2/><F21/><W97/><N who="3" m="24576" /><DORA hai="106" /><W83/><G83/><T71/><D71/><U135/><E135/><V24/><F107/><W100/><G100/><T7/><D7/><U133/><E133/><V132/><F132/><W16/><G16/><T63/><D63/><N who="3" m="24073" /><G69/><T23/><D102/><U43/><E43/><V32/><F32/><W87/><G34/><T79/><D79/><U65/><E117/><V55/><F110/><W80/><G80/><T122/><D122/><U27/><E27/><V52/><F24/><W0/><G0/><T125/><D125/><U115/><E115/><V105/><F2/><W94/><G82/><T73/><D41/><U58/><E53/><RYUUKYOKU ba="1,0" sc="237,-15,179,15,432,-15,152,15" hai1="1,5,8,11,15,19,56,58,64,65,66,91,95" hai3="25,29,50,51,87,89,94" /><INIT seed="3,2,0,0,5,41" ten="222,194,417,167" oya="3" hai0="17,83,134,24,108,61,79,103,48,27,16,22,100" hai1="55,129,78,123,98,111,11,121,52,42,92,56,32" hai2="109,102,28,91,19,90,49,4,39,71,112,124,105" hai3="53,85,44,12,64,107,130,6,54,43,33,46,84"/><W99/><G33/><T116/><D116/><U74/><E111/><V38/><F109/><W127/><G127/><T2/><D2/><U68/><E68/><V96/><F4/><W67/><G130/><T63/><D108/><U51/><E129/><V89/><F112/><W69/><G69/><T29/><D134/><U125/><E125/><V40/><F19/><W73/><G73/><T76/><D48/><U86/><E74/><V114/><F114/><W133/><G133/><T59/><D63/><U26/><E42/><V13/><F13/><W113/><G113/><T31/><D17/><U87/><E11/><V62/><F124/><W10/><G107/><T0/><D0/><U58/><E123/><V115/><F115/><W36/><G99/><T81/><D81/><U75/><E121/><V7/><F7/><W14/><G14/><T77/><D83/><U25/><E75/><V119/><F119/><W82/><G85/><N who="1" m="32266" /><E78/><V80/><F80/><W118/><G118/><T45/><D29/><U132/><E32/><V117/><F117/><W15/><G15/><T95/><D95/><U72/><E72/><V5/><F5/><W93/><G93/><T3/><D3/><U35/><E35/><V30/><F38/><W9/><G9/><T122/><D122/><U37/><E37/><V60/><F39/><W50/><REACH who="3" step="1"/><G54/><REACH who="3" ten="222,194,417,157" step="2"/><T110/><D110/><U94/><E132/><V106/><F106/><W131/><G131/><T23/><D77/><AGARI ba="2,1" hai="6,10,12,36,43,44,46,50,53,64,67,77,82,84" machi="77" ten="30,11600,0" yaku="1,1,7,1,52,2,53,0" doraHai="41" doraHaiUra="66" who="3" fromWho="0" sc="222,-122,194,0,417,0,157,132" /><INIT seed="3,3,0,3,4,31" ten="100,194,417,289" oya="3" hai0="34,129,22,91,2,10,73,14,135,106,46,7,9" hai1="82,67,78,41,29,111,77,37,56,52,85,55,70" hai2="28,16,118,122,19,96,121,4,32,58,79,26,33" hai3="94,127,15,107,93,103,27,21,81,115,110,108,38"/><W64/><G127/><T63/><D73/><U112/><E112/><V90/><F118/><W50/><G115/><T105/><D129/><U20/><E111/><N who="3" m="42538" /><G38/><T35/><D135/><U75/><E37/><V66/><F32/><W95/><G64/><T102/><D22/><U120/><E120/><N who="2" m="46187" /><F79/><N who="1" m="30217" /><E41/><V116/><F116/><W18/><G81/><T12/><D2/><U6/><E6/><V109/><F109/><W74/><G74/><T71/><D46/><U101/><E101/><V134/><F134/><W30/><G50/><T114/><D114/><U131/><E70/><V5/><F66/><W61/><G61/><T24/><D24/><N who="1" m="16519" /><E131/><V72/><F72/><W98/><G107/><T68/><D63/><N who="1" m="38375" /><E75/><V62/><F62/><W53/><G53/><T88/><REACH who="0" step="1"/><D7/><REACH who="0" ten="90,194,417,289" step="2"/><U104/><E104/><V83/><F4/><W133/><G133/><T8/><D8/><AGARI ba="3,1" hai="8,15,18,21,27,30,93,94,95,98,103" m="42538" machi="8" ten="30,2900,0" yaku="14,1,10,1" doraHai="31" who="3" fromWho="0" sc="90,-38,194,0,417,0,289,48" /><INIT seed="3,4,0,1,4,19" ten="52,194,417,337" oya="3" hai0="82,72,109,55,36,80,117,56,99,100,128,61,113" hai1="83,89,3,73,21,94,93,69,33,13,51,52,118" hai2="11,81,42,12,98,39,64,88,108,2,67,50,26" hai3="18,0,49,78,5,106,60,123,58,121,96,34,46"/><W31/><G78/><T41/><D117/><U134/><E69/><V7/><F108/><W90/><G34/><T14/><D109/><U30/><E134/><V10/><F39/><W75/><G75/><T76/><D128/><U28/><E3/><V107/><F107/><W135/><G135/><T102/><D113/><U85/><E118/><V4/><F26/><W44/><G31/><T119/><D119/><U92/><E73/><V110/><F110/><W59/><G44/><T23/><D41/><U45/><E33/><V112/><F112/><W15/><G5/><T38/><D80/><U131/><E131/><V129/><F129/><W63/><G0/><T84/><D72/><U22/><E13/><N who="2" m="5319" /><F98/><W37/><G37/><T25/><D14/><U35/><E35/><V27/><F2/><W57/><G123/><T133/><D133/><U116/><E116/><V68/><F27/><W29/><G29/><AGARI ba="4,0" hai="21,22,28,29,30,45,51,52,83,85,89,92,93,94" machi="29" ten="40,8000,1" yaku="8,1,52,2,54,1" doraHai="19" who="1" fromWho="3" sc="52,0,194,92,417,0,337,-92" owari="52,-44.8,286,8.6,417,51.7,245,-15.5" /></mjloggm>