<mjloggm ver="2.3"><GO type="225" lobby="0"/><UN n0="%77%72%77%72%77%72%77%72" n1="%E3%81%BF%E3%81%BF%E3%81%9A" n2="%E3%81%AF%E3%82%88%E3%81%8A%E3%81%98%E3%81%95%E3%82%93" n3="%E7%89%B9%E6%9D%B1%E5%96%B0%E8%B5%A4%E9%80%9F" dan="17,17,17,16" rate="2182.77,2181.83,2150.49,2029.11" sx="M,M,M,M"/><TAIKYOKU oya="0"/><INIT seed="0,0,0,1,0,11" ten="250,250,250,250" oya="0" hai0="125,109,62,18,77,68,74,82,0,126,20,97,30" hai1="58,54,91,37,27,117,43,93,115,80,36,79,103" hai2="46,114,112,111,59,128,70,65,53,42,113,47,90" hai3="6,76,119,22,67,21,1,132,41,89,55,81,35"/><T60/><D0/><U121/><E117/><V124/><F90/><W7/><G119/><T85/><D68/><U51/><E121/><V101/><F101/><W26/><G89/><T45/><D30/><U99/><E115/><V64/><F111/><W33/><G132/><T48/><D109/><U75/><E43/><V24/><F24/><W16/><G41/><T104/><D74/><U66/><E66/><V19/><F19/><W49/><G67/><N who="2" m="25673" /><F70/><W29/><G1/><T135/><D135/><U31/><REACH who="1" step="1"/><E103/><REACH who="1" ten="250,240,250,250" step="2"/><V10/><F42/><W44/><G33/><AGARI ba="0,1" hai="27,31,33,36,37,51,54,58,75,79,80,91,93,99" machi="33" ten="30,7700,0" yaku="1,1,2,1,7,1,53,1" doraHai="11" doraHaiUra="73" who="1" fromWho="3" sc="250,0,240,87,250,0,250,-77" /><INIT seed="1,0,0,0,1,99" ten="250,327,250,173" oya="1" hai0="9,135,95,71,34,76,127,16,85,114,52,49,123" hai1="8,24,108,79,68,113,83,0,26,80,102,92,3" hai2="125,42,94,48,134,69,96,53,38,10,27,57,128" hai3="12,116,112,121,28,37,15,25,97,41,23,70,132"/><U82/><E113/><V35/><F69/><W21/><G121/><T36/><D114/><U98/><E68/><V81/><F125/><W66/><G112/><T104/><D104/><U119/><E119/><V11/><F128/><W7/><G132/><T110/><D71/><U51/><E79/><V120/><F120/><W1/><G116/><T61/><D123/><U14/><E108/><V56/><F134/><W78/><G78/><T101/><D135/><U88/><E0/><V86/><F57/><W118/><G118/><T45/><D34/><U100/><E51/><V2/><F2/><W6/><G41/><T124/><D110/><U43/><E43/><V111/><F111/><W20/><G37/><T55/><D36/><U89/><E3/><V73/><F73/><W65/><G97/><N who="0" m="59583" /><D127/><U131/><E131/><V129/><F129/><W58/><G58/><N who="0" m="35015" /><D124/><U115/><E115/><V30/><F42/><W63/><G66/><T105/><D105/><U59/><E59/><V4/><F4/><N who="3" m="1579" /><G63/><T29/><D29/><U44/><E44/><V39/><F38/><W54/><G54/><T74/><D74/><U109/><E109/><V31/><F30/><N who="3" m="17703" /><G65/><T60/><D60/><U90/><E102/><N who="2" m="60695" /><F39/><W62/><G62/><T13/><D76/><U91/><N who="1" m="22528" /><DORA hai="103" /><U126/><E126/><V72/><F72/><W84/><G70/><T47/><D85/><U67/><E67/><V64/><F64/><W33/><G84/><T87/><D87/><U133/><E133/><V22/><F35/><W130/><G1/><T106/><D106/><U122/><E122/><V46/><F56/><AGARI ba="0,0" hai="9,13,16,45,47,49,55,56" m="35015,59583" machi="56" ten="30,8000,1" yaku="6,1,8,1,52,1,54,2" doraHai="99,103" who="0" fromWho="2" sc="250,80,327,0,250,-80,173,0" /><INIT seed="2,0,0,4,4,74" ten="330,327,170,173" oya="2" hai0="59,4,54,29,94,53,48,70,69,98,12,101,8" hai1="52,45,97,47,21,96,31,1,50,20,110,5,51" hai2="124,41,116,44,79,111,85,102,119,86,36,30,2" hai3="49,7,61,60,134,130,127,114,135,19,42,128,6"/><V104/><F2/><W82/><G114/><T65/><D65/><U17/><E110/><V25/><F111/><W55/><G19/><T131/><D131/><N who="3" m="50217" /><G127/><T11/><D29/><U83/><E1/><V33/><F124/><W68/><G82/><T27/><D27/><N who="1" m="16871" /><E83/><V15/><F15/><W106/><G106/><T113/><D113/><U63/><E63/><N who="3" m="24138" /><G42/><T24/><D24/><N who="1" m="14383" /><E5/><N who="3" m="1546" /><G68/><T75/><D75/><U118/><E118/><V10/><F10/><W107/><G107/><T22/><D11/><U120/><E120/><V81/><REACH who="2" step="1"/><F86/><REACH who="2" ten="330,327,160,173" step="2"/><W66/><G66/><T77/><D8/><U99/><E97/><AGARI ba="0,1" hai="25,30,33,36,41,44,79,81,85,97,102,104,116,119" machi="97" ten="40,12000,1" yaku="1,1,2,1,52,1,53,1" doraHai="74" doraHaiUra="95" who="2" fromWho="1" sc="330,0,327,-120,160,130,173,0" /><INIT seed="2,1,0,5,5,118" ten="330,207,290,173" oya="2" hai0="91,126,31,107,90,104,18,22,77,113,61,55,128" hai1="89,92,42,97,98,85,6,135,28,103,44,16,96" hai2="19,59,83,60,100,86,32,72,120,50,43,125,88" hai3="17,33,127,116,94,80,133,131,73,109,74,27,84"/><V45/><F125/><W10/><G116/><T1/><D113/><U102/><E135/><V52/><F120/><W129/><G133/><T13/><D1/><U110/><E110/><V24/><F72/><W99/><G10/><T0/><D0/><U34/><E6/><V21/><F32/><W95/><G17/><T64/><D126/><U2/><E2/><V101/><AGARI ba="1,0" hai="19,21,24,43,45,50,52,59,60,83,86,88,100,101" machi="101" ten="30,11700,0" yaku="0,1,8,1,54,2" doraHai="118" who="2" fromWho="2" sc="330,-40,207,-40,290,120,173,-40" /><INIT seed="2,2,0,3,1,127" ten="290,167,410,133" oya="2" hai0="101,93,1,63,83,2,23,123,59,121,38,13,40" hai1="75,95,11,37,50,51,49,10,108,118,9,5,3" hai2="99,106,113,66,29,34,62,79,8,69,134,6,114" hai3="52,28,84,100,103,24,36,55,42,77,4,111,107"/><V122/><F122/><W43/><G111/><T72/><D101/><N who="3" m="38985" /><G36/><T15/><D93/><U90/><E108/><V32/><F134/><W30/><G4/><T94/><D94/><U61/><E118/><V56/><F56/><W14/><G14/><T124/><D124/><U120/><E120/><V131/><F79/><W135/><G107/><T74/><D40/><N who="3" m="15401" /><G135/><T19/><D38/><U102/><E37/><V65/><F66/><W0/><G0/><T92/><D92/><U39/><E39/><V104/><F99/><W129/><G129/><T78/><D74/><U112/><E75/><V125/><F131/><W70/><G70/><T25/><D123/><U115/><E102/><V80/><F80/><N who="3" m="47119" /><G24/><T68/><D68/><U48/><N who="1" m="12288" /><DORA hai="12" /><U73/><E73/><V119/><F119/><W53/><AGARI ba="2,0" hai="28,30,52,53,55" m="47119,15401,38985" machi="53" ten="30,2000,0" yaku="8,1,54,1" doraHai="127,12" who="3" fromWho="3" sc="290,-7,167,-7,410,-12,133,26" /><INIT seed="3,0,0,2,4,68" ten="283,160,398,159" oya="3" hai0="63,112,51,29,115,9,135,108,110,92,30,93,119" hai1="24,6,64,107,78,61,5,40,125,13,15,47,76" hai2="67,89,123,21,70,18,98,56,134,2,60,38,25" hai3="95,109,33,66,42,105,126,0,4,103,48,43,69"/><W52/><G126/><T62/><D51/><N who="1" m="27111" /><E107/><V19/><F38/><W100/><G105/><T50/><D50/><U49/><E125/><V111/><F2/><W120/><G120/><T99/><D9/><N who="1" m="4271" /><E24/><V87/><F70/><W20/><G33/><T85/><D85/><U117/><E117/><V7/><F7/><W71/><G20/><T53/><D53/><U81/><E81/><V26/><F111/><W39/><G109/><T32/><D29/><U114/><E114/><V90/><F134/><W121/><G121/><T133/><D62/><U41/><E64/><V132/><F132/><W130/><G130/><T101/><D63/><U22/><E61/><V35/><F123/><W31/><G31/><T1/><D101/><U65/><E65/><V129/><F129/><W45/><G42/><T74/><D99/><U118/><E118/><V28/><F98/><W27/><G27/><T82/><D82/><U36/><E36/><V10/><F87/><W80/><G80/><T58/><D58/><U86/><E86/><V11/><F11/><N who="3" m="2439" /><G95/><T116/><D30/><U77/><E6/><V84/><F84/><W122/><G122/><T37/><D32/><U75/><E75/><V46/><F46/><N who="3" m="23935" /><G69/><T73/><D1/><U91/><E91/><V14/><AGARI ba="0,0" hai="10,14,18,19,21,25,26,28,35,56,60,67,89,90" machi="14" ten="30,1100,0" yaku="0,1" doraHai="68" who="2" fromWho="2" sc="283,-3,160,-3,398,11,159,-5" owari="280,8.0,157,-24.3,409,50.9,154,-34.6" /></mjloggm>