<mjloggm ver="2.3"><GO type="225" lobby="0"/><UN n0="%E6%81%A5%E6%99%92%E3%81%97" n1="%72%61%6B%33" n2="%E5%B0%8F%E9%B3%A5%E9%81%8A%E7%B7%B4%E7%84%A1%32%31%E6%AD%B3" n3="%E6%A1%9C%E8%8A%B1%E9%96%83%E3%80%85" dan="16,16,16,16" rate="2101.47,2074.42,2213.95,2156.88" sx="M,M,F,M"/><TAIKYOKU oya="0"/><INIT seed="0,0,0,1,2,31" ten="250,250,250,250" oya="0" hai0="104,105,5,80,56,45,24,131,32,2,126,35,123" hai1="41,49,58,6,81,82,89,43,40,101,44,69,37" hai2="66,111,3,27,19,108,76,71,95,107,17,39,67" hai3="109,90,70,74,65,33,23,52,93,63,20,119,36"/><T110/><D123/><U25/><E69/><V48/><F39/><W86/><G119/><T14/><D14/><U114/><E114/><V28/><F107/><W87/><G74/><T134/><D126/><U113/><E113/><V115/><F3/><W85/><G109/><N who="2" m="42057" /><F115/><W77/><G36/><T51/><D110/><U38/><E101/><V116/><F116/><W98/><G77/><T112/><D112/><U83/><E58/><V4/><F4/><W8/><G33/><T54/><D131/><U132/><E132/><V11/><F76/><W9/><G23/><T22/><D134/><U21/><E6/><V42/><F95/><W34/><G34/><T73/><D56/><U72/><E72/><V130/><F130/><W96/><G20/><T94/><D94/><U127/><E127/><V88/><F71/><W128/><G128/><T16/><D80/><U97/><E37/><V78/><F78/><W68/><G68/><T62/><D73/><U79/><E38/><V117/><F117/><W135/><G135/><T75/><D75/><U106/><E79/><V46/><F11/><W99/><G8/><N who="0" m="2103" /><D104/><U129/><E129/><V92/><F28/><W15/><REACH who="3" step="1"/><G52/><REACH who="3" ten="250,250,250,240" step="2"/><T53/><D54/><U26/><E21/><N who="2" m="13743" /><F19/><AGARI ba="0,1" hai="9,15,19,63,65,70,85,86,87,90,93,96,98,99" machi="19" ten="40,2600,0" yaku="1,1,53,1" doraHai="31" doraHaiUra="57" who="3" fromWho="2" sc="250,0,250,0,250,-26,240,36" /><INIT seed="1,0,0,3,3,74" ten="250,250,224,276" oya="1" hai0="109,61,30,117,18,34,9,134,72,54,102,75,129" hai1="65,88,47,51,28,87,73,20,128,116,58,104,63" hai2="84,99,52,119,26,3,60,95,97,127,100,126,5" hai3="133,19,45,91,11,68,44,121,4,71,135,93,2"/><U94/><E128/><V35/><F119/><W120/><G19/><T41/><D117/><U96/><E116/><V114/><F114/><W7/><G93/><T64/><D129/><U32/><E73/><V22/><F35/><W132/><G91/><T29/><D54/><U112/><E112/><V103/><F84/><W59/><G59/><T69/><D109/><U16/><E32/><V21/><F21/><W86/><G86/><T37/><D134/><U12/><E28/><V122/><F122/><N who="3" m="47211" /><G7/><T83/><D30/><U48/><E104/><V115/><F115/><W14/><G2/><T43/><D102/><U89/><E47/><AGARI ba="0,0" hai="4,11,14,44,45,47,68,71,132,133,135" m="47211" machi="47" ten="40,1300,0" yaku="20,1" doraHai="74" who="3" fromWho="1" sc="250,0,250,-13,224,0,276,13" /><INIT seed="2,0,0,1,1,2" ten="250,237,224,289" oya="2" hai0="39,9,48,111,107,71,18,32,41,19,128,78,103" hai1="15,93,131,96,30,83,90,38,62,45,84,63,87" hai2="115,11,20,135,106,76,130,120,6,17,127,67,116" hai3="35,123,50,86,51,12,117,94,29,54,14,92,5"/><V77/><F116/><W34/><G117/><T88/><D32/><U3/><E3/><V53/><F115/><W64/><G123/><T10/><D71/><U95/><E131/><V81/><F120/><W49/><G64/><T109/><D39/><U89/><E30/><V102/><F130/><W37/><G37/><T24/><D78/><U119/><E119/><V99/><F67/><W22/><G54/><T65/><D103/><U100/><E38/><V69/><F69/><W121/><G121/><T118/><D107/><U80/><E45/><V98/><F98/><W55/><G55/><T52/><D41/><U33/><E33/><V43/><F43/><W72/><G72/><T70/><D65/><U21/><E95/><V122/><F122/><W126/><G126/><T73/><D73/><U60/><E21/><V16/><F135/><W40/><G92/><T4/><D70/><U110/><E110/><N who="0" m="41993" /><D128/><U112/><E112/><V79/><F53/><W44/><G35/><T36/><D24/><U75/><E75/><V0/><F127/><W27/><G34/><T114/><D36/><U59/><REACH who="1" step="1"/><E15/><REACH who="1" ten="250,227,224,289" step="2"/><V82/><REACH who="2" step="1"/><F20/><REACH who="2" ten="250,227,214,289" step="2"/><W125/><G125/><T61/><D118/><U101/><E101/><V105/><F105/><W97/><G22/><T134/><D114/><U31/><E31/><V7/><F7/><W28/><G29/><T113/><D113/><U13/><E13/><V47/><F47/><N who="3" m="25831" /><G12/><T133/><D134/><U91/><E91/><V66/><F66/><AGARI ba="0,2" hai="59,60,62,63,66,80,83,84,87,89,90,93,96,100" machi="66" ten="30,12000,2" yaku="1,1,7,1,9,1,8,1,53,3" doraHai="2" doraHaiUra="57" who="1" fromWho="2" sc="250,0,227,140,214,-120,289,0" /><INIT seed="3,0,0,5,0,25" ten="250,367,94,289" oya="3" hai0="71,130,86,58,125,61,0,34,87,26,101,62,48" hai1="75,1,12,54,19,116,44,90,107,8,77,122,111" hai2="88,106,22,36,42,24,108,60,31,127,98,9,82" hai3="15,2,41,21,95,11,52,56,7,121,124,66,91"/><W64/><G121/><T63/><D0/><U78/><E122/><V68/><F127/><W81/><G124/><T59/><D125/><U114/><E114/><V6/><F108/><W104/><G104/><T53/><D130/><U39/><E107/><V93/><F106/><W37/><G81/><T85/><D71/><U102/><E102/><V134/><F134/><W29/><G37/><T94/><D34/><U105/><E105/><V123/><F123/><W14/><G41/><T120/><D26/><U113/><E113/><V74/><F60/><N who="3" m="35847" /><G2/><T50/><D120/><U45/><E1/><V40/><F68/><W132/><G132/><T119/><D119/><U83/><E111/><V97/><F97/><N who="3" m="57599" /><G29/><T10/><D10/><U129/><E129/><V23/><F23/><W67/><G67/><T20/><D20/><U18/><E116/><V55/><F55/><W57/><G57/><T118/><D118/><U69/><E69/><V109/><F109/><W17/><AGARI ba="0,0" hai="7,11,14,15,17,21,64,66" m="57599,35847" machi="17" ten="30,3000,0" yaku="8,1,54,1" doraHai="25" who="3" fromWho="3" sc="250,-10,367,-10,94,-10,289,30" /><INIT seed="3,1,0,0,5,23" ten="240,357,84,319" oya="3" hai0="19,44,61,16,126,38,70,5,135,105,72,107,15" hai1="43,85,6,51,127,98,103,4,121,92,78,26,116" hai2="18,115,75,95,129,132,28,74,54,86,60,21,65" hai3="1,118,55,25,128,36,84,53,97,109,123,100,48"/><W69/><G118/><T73/><D126/><U52/><E121/><V117/><F115/><W20/><G123/><T31/><D135/><U89/><E127/><V2/><F2/><W24/><G36/><T49/><D38/><U131/><E116/><V133/><F117/><W66/><G1/><T79/><D5/><U91/><E131/><V39/><F39/><W80/><G128/><T30/><D70/><U106/><E43/><V67/><F129/><W130/><G130/><T119/><D119/><U58/><E78/><V50/><F28/><W71/><G109/><T37/><D61/><U27/><E91/><V62/><F86/><W63/><G71/><T59/><D59/><U33/><E33/><V11/><F11/><W40/><G40/><T124/><D124/><U122/><E122/><V56/><F95/><W96/><G20/><T68/><D37/><U9/><E4/><V81/><F81/><W88/><G96/><T112/><D112/><U125/><E125/><V13/><F13/><AGARI ba="1,0" hai="6,9,13,26,27,51,52,58,85,89,92,98,103,106" machi="13" ten="30,7700,0" yaku="7,1,52,2,54,1" doraHai="23" who="1" fromWho="2" sc="240,0,357,80,84,-80,319,0" owari="240,-16.0,437,53.7,4,-49.6,319,11.9" /></mjloggm>