<mjloggm ver="2.3"><GO type="225" lobby="0"/><UN n0="%72%69%6F%75%63%68%61%6E" n1="%E6%B4%BE%E9%81%A3%E3%81%AE%E3%82%B8%E3%83%A3%E3%83%83%E3%82%AF" n2="%E3%83%A2%E3%83%B3%E3%82%AD%E3%83%BC%E3%83%88%E3%83%AA%E3%83%83%E3%82%AF" n3="%E3%81%90%E3%81%A1%E3%82%84%E3%81%BE" dan="16,17,16,16" rate="2187.21,2194.79,2172.70,2119.74" sx="M,M,M,M"/><TAIKYOKU oya="0"/><INIT seed="0,0,0,2,0,30" ten="250,250,250,250" oya="0" hai0="59,90,73,131,117,122,121,21,22,66,129,39,69" hai1="19,15,97,135,35,108,125,33,5,8,37,85,105" hai2="91,77,52,51,18,70,124,61,17,130,27,1,3" hai3="82,114,100,11,2,116,109,83,101,133,132,128,72"/><T76/><D117/><U110/><E37/><V118/><F118/><W86/><G2/><T120/><D39/><U44/><E125/><V92/><F124/><W119/><G11/><T96/><D69/><U50/><E135/><N who="3" m="51786" /><G114/><T87/><D96/><U46/><E85/><V115/><F115/><W63/><G63/><N who="0" m="38271" /><D76/><U58/><E58/><V13/><F77/><N who="3" m="44327" /><G109/><N who="1" m="42090" /><E5/><V80/><F80/><W56/><G56/><T47/><D47/><N who="1" m="17963" /><E50/><V49/><F130/><N who="0" m="49674" /><D73/><U54/><E54/><V65/><F49/><W26/><G128/><T16/><D16/><U94/><E105/><V23/><F52/><W48/><G48/><T9/><D9/><U79/><E79/><V20/><REACH who="2" step="1"/><F51/><REACH who="2" ten="250,250,240,250" step="2"/><W84/><G119/><T99/><D99/><AGARI ba="0,1" hai="1,3,13,17,18,20,23,27,61,65,70,91,92,99" machi="99" ten="30,3900,0" yaku="1,1,2,1,7,1,53,0" doraHai="30" doraHaiUra="126" who="2" fromWho="0" sc="250,-39,250,0,240,49,250,0" /><INIT seed="1,0,0,0,1,70" ten="211,250,289,250" oya="1" hai0="56,68,50,0,135,86,36,18,54,35,133,38,114" hai1="51,111,74,23,42,53,59,98,73,100,94,58,20" hai2="14,96,47,40,82,55,16,131,83,45,105,49,1" hai3="127,132,19,39,119,61,123,26,72,48,33,60,88"/><U37/><E111/><V118/><F1/><W117/><G123/><T30/><D114/><U109/><E109/><V108/><F118/><W66/><G72/><T67/><D0/><U62/><E73/><V17/><F131/><W46/><G127/><T8/><D86/><U122/><E74/><V29/><F29/><W6/><G6/><T44/><D35/><U28/><E122/><V21/><F108/><W3/><G3/><T89/><D30/><U129/><E129/><V116/><F116/><N who="3" m="44619" /><G132/><N who="0" m="50763" /><D89/><U7/><E7/><V11/><F96/><W93/><G66/><T115/><D115/><U126/><E126/><V103/><F103/><W41/><G48/><N who="0" m="30791" /><D8/><U9/><E9/><V104/><F104/><W13/><G26/><T92/><D92/><U81/><E81/><V10/><F105/><W134/><G33/><T99/><D18/><U106/><E106/><V102/><F10/><N who="3" m="6583" /><G134/><T84/><D84/><AGARI ba="0,0" hai="39,41,46,60,61,84,88,93" m="6583,44619" machi="84" ten="30,3900,0" yaku="12,1,52,1,54,1" doraHai="70" who="3" fromWho="0" sc="211,-39,250,0,289,0,250,39" /><INIT seed="2,0,0,0,1,126" ten="172,250,289,289" oya="2" hai0="91,75,34,50,107,108,105,68,0,32,56,85,123" hai1="40,124,63,43,119,5,11,96,65,99,47,37,54" hai2="3,60,24,13,129,132,48,131,125,110,109,113,67" hai3="8,78,21,86,73,30,83,10,104,33,28,39,35"/><V92/><F3/><W19/><G104/><T66/><D123/><U128/><E119/><V94/><F113/><W120/><G39/><T9/><D108/><N who="2" m="41578" /><F125/><W20/><G120/><T16/><D75/><U27/><E124/><V82/><F132/><W61/><G73/><T114/><D68/><U41/><E27/><V111/><F111/><W29/><G35/><T76/><D76/><U46/><E128/><N who="2" m="49227" /><F24/><W59/><G33/><T122/><D122/><U121/><E121/><V100/><F100/><W112/><G112/><T103/><D103/><U25/><E25/><V44/><F82/><W6/><G6/><T23/><D114/><U38/><E54/><N who="2" m="29959" /><F13/><W64/><G83/><T70/><D32/><U88/><E40/><V135/><F135/><W55/><G30/><T89/><D34/><U79/><E79/><V53/><F53/><W57/><G29/><T45/><D91/><U36/><E88/><V93/><F93/><W52/><G78/><T49/><D107/><U69/><E38/><V74/><F74/><W134/><G55/><N who="0" m="31855" /><D105/><U130/><E130/><V7/><F7/><W117/><G117/><T22/><D89/><U127/><E127/><V81/><F81/><W97/><G28/><T90/><D0/><AGARI ba="0,0" hai="0,5,11,36,37,41,43,46,47,63,65,69,96,99" machi="0" ten="30,2000,0" yaku="7,1,9,1" doraHai="126" who="1" fromWho="0" sc="172,-20,250,20,289,0,289,0" /><INIT seed="3,0,0,0,3,13" ten="152,270,289,289" oya="3" hai0="78,112,123,124,15,121,94,5,34,135,110,101,38" hai1="108,98,76,11,41,45,27,57,113,62,109,120,134" hai2="9,35,20,99,55,122,71,92,128,70,33,105,30" hai3="73,36,129,84,12,116,79,28,127,17,107,87,25"/><W125/><G116/><T65/><D34/><U103/><E113/><V61/><F122/><W56/><G107/><T48/><D38/><U106/><E120/><V7/><F105/><W52/><G36/><T42/><D112/><U95/><E76/><V63/><F128/><W50/><G129/><T8/><D110/><U53/><E134/><V16/><F30/><W0/><G0/><T46/><D135/><U14/><E27/><V29/><F29/><W88/><G73/><T6/><D65/><U131/><E106/><V132/><F132/><W90/><G79/><T1/><D124/><N who="3" m="47689" /><G17/><T86/><D101/><U51/><REACH who="1" step="1"/><E131/><REACH who="1" ten="152,260,289,289" step="2"/><V72/><F72/><W97/><G12/><T89/><REACH who="0" step="1"/><D78/><REACH who="0" ten="142,260,289,289" step="2"/><U85/><E85/><V93/><F35/><W111/><G111/><T44/><D44/><U81/><E81/><V21/><F33/><W54/><G87/><T23/><D23/><U19/><AGARI ba="0,2" hai="11,14,19,41,45,51,53,57,62,95,98,103,108,109" machi="19" ten="30,4000,0" yaku="1,1,0,1,52,1,53,0" doraHai="13" doraHaiUra="80" who="1" fromWho="1" sc="142,-10,260,60,289,-10,289,-20" owari="132,-36.8,320,42.0,279,7.9,269,-13.1" /></mjloggm>