<mjloggm ver="2.3"><GO type="225" lobby="0"/><UN n0="%EF%BC%AE%EF%BC%A1%EF%BC%AF%33%33%39" n1="%E9%B7%B9%E5%80%89%E6%9D%8F%E9%88%B4" n2="%E3%82%A2%E3%83%B3%E3%83%93%E3%83%90%E3%83%AC%E3%83%B3%E3%83%88" n3="%E3%81%A1%E3%82%83%E3%81%93%E3%81%93" dan="16,16,16,16" rate="2116.89,2131.41,2082.81,2128.93" sx="M,F,F,F"/><TAIKYOKU oya="0"/><INIT seed="0,0,0,3,1,71" ten="250,250,250,250" oya="0" hai0="103,105,16,56,46,118,124,19,96,51,36,78,57" hai1="83,73,108,87,123,76,21,104,37,82,116,69,1" hai2="100,61,127,11,7,23,26,122,79,3,27,59,115" hai3="74,112,97,131,107,106,81,64,91,98,25,110,94"/><T111/><D118/><U119/><E1/><V33/><F127/><W121/><G64/><T8/><D78/><U130/><E69/><V13/><F122/><W34/><G112/><T80/><D80/><U70/><E70/><V30/><F115/><W38/><G121/><T93/><D124/><U24/><E123/><V134/><F79/><W86/><G110/><T126/><D126/><U66/><E66/><V20/><F100/><W41/><G131/><T120/><D120/><U50/><E104/><V54/><F134/><W62/><G62/><T99/><D111/><U10/><E108/><V55/><F3/><W89/><G74/><T68/><D68/><U85/><E130/><V133/><F133/><W77/><G89/><T44/><D44/><U88/><E73/><V67/><REACH who="2" step="1"/><F33/><REACH who="2" ten="250,250,240,250" step="2"/><W129/><G129/><T109/><D109/><U39/><E119/><V32/><F32/><W53/><G34/><T14/><D19/><AGARI ba="0,1" hai="7,11,13,19,20,23,26,27,30,54,55,59,61,67" machi="19" ten="30,3900,0" yaku="1,1,7,1,8,1,53,0" doraHai="71" doraHaiUra="125" who="2" fromWho="0" sc="250,-39,250,0,240,49,250,0" /><INIT seed="1,0,0,3,2,58" ten="211,250,289,250" oya="1" hai0="54,63,15,115,30,80,79,121,31,123,35,17,73" hai1="34,6,118,122,66,37,39,65,71,10,102,57,125" hai2="44,9,41,0,28,33,119,38,56,75,107,16,36" hai3="133,110,12,89,93,90,23,96,92,129,72,117,76"/><U82/><E118/><V50/><F119/><W53/><G117/><T130/><D115/><U1/><E122/><N who="0" m="46601" /><D35/><U70/><E34/><V51/><F107/><W26/><G110/><T24/><D24/><U111/><E125/><V62/><F75/><W104/><G104/><T2/><D2/><U11/><E102/><V5/><F28/><W95/><G129/><T127/><D130/><U4/><E111/><V19/><F33/><W128/><G128/><T77/><D77/><U3/><E57/><V69/><F51/><W48/><G133/><T132/><D132/><U7/><E7/><V49/><F49/><W134/><G12/><T68/><D127/><U99/><E99/><V14/><F69/><W29/><G134/><T64/><D54/><U46/><E46/><V42/><F42/><W22/><G22/><AGARI ba="0,0" hai="15,17,22,30,31,63,64,68,73,79,80" m="46601" machi="22" ten="30,2000,0" yaku="13,1,52,1" doraHai="58" who="0" fromWho="3" sc="211,20,250,0,289,0,250,-20" /><INIT seed="2,0,0,5,1,5" ten="231,250,289,230" oya="2" hai0="94,135,40,67,75,77,54,107,14,114,97,105,104" hai1="72,81,23,43,60,80,108,118,16,6,22,115,7" hai2="18,99,15,3,109,133,83,20,73,71,101,116,91" hai3="106,1,122,8,21,12,86,55,130,98,64,124,92"/><V117/><F71/><W74/><G122/><T100/><D40/><U58/><E115/><V53/><F133/><W85/><G74/><T93/><D67/><U129/><E118/><V82/><F3/><W10/><G106/><N who="0" m="41067" /><D54/><U17/><E108/><V57/><F109/><W123/><G123/><T31/><D14/><N who="1" m="9495" /><E129/><V120/><F120/><W13/><G130/><T96/><D31/><U24/><E72/><V9/><F83/><N who="1" m="31817" /><E43/><V49/><F20/><W59/><G64/><AGARI ba="0,0" hai="6,7,17,23,24,58,60,64" m="31817,9495" machi="64" ten="30,2000,0" yaku="8,1,54,1" doraHai="5" who="1" fromWho="3" sc="231,0,250,20,289,0,230,-20" /><INIT seed="3,0,0,4,0,65" ten="231,270,289,210" oya="3" hai0="117,128,66,100,62,11,82,87,72,49,81,135,111" hai1="31,68,16,26,44,60,45,34,17,4,126,85,9" hai2="96,14,130,101,84,106,90,92,10,35,23,110,6" hai3="115,132,78,3,24,107,59,83,5,53,50,20,28"/><W109/><G115/><T98/><D117/><U89/><E126/><V73/><F110/><W37/><G107/><T71/><D111/><U21/><E17/><V30/><F130/><W97/><G109/><T36/><D36/><U8/><E8/><V40/><F40/><W116/><G116/><T64/><D64/><U113/><E113/><V133/><F133/><W114/><G114/><T94/><D128/><U127/><E127/><V103/><F103/><W75/><G132/><T1/><D135/><U41/><E41/><V76/><F35/><W121/><G121/><T122/><D122/><U93/><E60/><V88/><F90/><W39/><REACH who="3" step="1"/><G97/><REACH who="3" ten="231,270,289,200" step="2"/><T112/><D112/><U27/><E68/><V51/><F106/><W22/><G22/><T61/><D72/><U108/><E108/><V52/><F73/><W18/><G18/><T38/><D87/><U104/><E104/><V57/><F23/><W134/><G134/><T42/><D98/><U25/><E25/><V7/><F7/><W120/><G120/><T19/><D19/><U15/><AGARI ba="0,1" hai="4,9,15,16,21,26,27,31,34,44,45,85,89,93" machi="15" ten="20,2700,0" yaku="0,1,7,1,54,1" doraHai="65" who="1" fromWho="1" sc="231,-7,270,37,289,-7,200,-13" owari="224,-17.6,307,40.7,282,8.2,187,-31.3" /></mjloggm>