<mjloggm ver="2.3"><GO type="225" lobby="0"/><UN n0="%33%74%72%65%65" n1="%E3%83%96%E3%83%83%E3%83%91%E3%82%AA%E3%83%96%E3%83%81%E3%82%AD%E3%83%B3" n2="%E5%B6%BA%E4%B8%8A%E5%92%B2" n3="%E6%9C%88%E5%B3%B6%E5%9F%BA" dan="17,16,16,16" rate="2214.13,2172.32,2142.28,2178.76" sx="F,M,F,M"/><TAIKYOKU oya="0"/><INIT seed="0,0,0,5,5,123" ten="250,250,250,250" oya="0" hai0="117,82,104,110,107,131,10,78,90,28,39,91,51" hai1="30,52,35,9,32,129,26,67,119,57,114,20,115" hai2="65,74,19,45,70,49,97,5,44,112,113,13,54" hai3="14,132,75,56,128,7,27,121,122,12,63,8,85"/><T118/><D39/><U53/><E119/><N who="0" m="45577" /><D28/><U59/><E129/><V33/><F33/><W83/><G128/><T43/><D10/><U105/><E67/><V48/><F74/><W71/><G71/><T84/><D43/><U34/><E105/><N who="0" m="40521" /><D51/><U108/><E108/><V79/><F79/><W87/><G27/><T62/><D62/><U66/><E66/><V22/><F5/><W23/><G23/><T11/><D11/><U95/><E95/><V50/><F65/><W96/><G14/><T37/><D37/><U64/><E64/><V21/><F70/><W124/><G56/><T92/><D131/><U2/><E2/><V68/><F68/><W130/><G63/><T61/><D61/><U0/><E0/><V98/><F49/><W18/><G7/><T120/><D120/><U6/><E6/><V42/><REACH who="2" step="1"/><F21/><REACH who="2" ten="250,250,240,250" step="2"/><W60/><G130/><T15/><D78/><U102/><E9/><V116/><F116/><W41/><G122/><T36/><D36/><U86/><E35/><V76/><F76/><W134/><G121/><T47/><D47/><U126/><E34/><V69/><F69/><W58/><G8/><T77/><D77/><U55/><E32/><V81/><F81/><W125/><G60/><T46/><D46/><U101/><E20/><V109/><F109/><W99/><G58/><T73/><D110/><U135/><E59/><V29/><F29/><W93/><G75/><T38/><D38/><U16/><E57/><V106/><F106/><W40/><G83/><T89/><D15/><U17/><E30/><V103/><F103/><W4/><G12/><RYUUKYOKU ba="0,1" sc="250,15,250,-15,240,15,250,-15" hai0="73,82,84,89,90,91,92" hai2="13,19,22,42,44,45,48,50,54,97,98,112,113" /><INIT seed="0,1,1,3,2,102" ten="265,235,255,235" oya="0" hai0="72,61,56,59,57,81,3,20,32,114,85,73,124" hai1="134,18,22,55,49,84,10,111,96,50,58,25,77" hai2="47,116,127,110,119,126,115,1,33,75,60,87,17" hai3="106,98,15,12,2,78,88,67,53,108,51,63,37"/><T79/><D114/><U7/><E111/><V14/><F1/><W30/><G37/><T69/><D32/><U68/><E134/><V34/><F75/><W36/><G36/><T109/><D109/><U19/><E68/><V13/><F115/><W99/><G2/><T8/><D124/><N who="2" m="47658" /><F110/><W135/><G135/><T70/><D20/><U95/><E77/><V66/><F47/><W4/><G78/><T112/><D112/><U97/><E19/><V80/><F34/><W38/><G38/><T128/><D128/><U43/><E43/><V31/><F31/><W44/><G30/><T122/><D122/><U24/><E24/><V40/><F40/><W91/><G108/><T23/><D72/><U83/><E50/><V131/><F33/><W123/><G123/><T117/><D73/><U54/><E54/><V101/><F101/><W104/><G98/><T16/><D61/><U132/><E132/><V93/><F131/><W100/><G104/><T9/><D3/><U90/><REACH who="1" step="1"/><E83/><REACH who="1" ten="265,225,255,235" step="2"/><V103/><F80/><W89/><REACH who="3" step="1"/><G4/><REACH who="3" ten="265,225,255,225" step="2"/><T28/><D28/><U41/><E41/><V113/><F113/><W133/><G133/><T27/><REACH who="0" step="1"/><D117/><REACH who="0" ten="255,225,255,225" step="2"/><U86/><E86/><V6/><F87/><W62/><G62/><T45/><D45/><U64/><E64/><V125/><F66/><W76/><G76/><T11/><AGARI ba="1,4" hai="8,9,11,16,23,27,56,57,59,69,70,79,81,85" machi="11" ten="30,6000,0" yaku="1,1,0,1,54,1,53,0" doraHai="102" doraHaiUra="121" who="0" fromWho="0" sc="255,103,225,-21,255,-21,225,-21" /><INIT seed="0,2,0,2,5,123" ten="358,204,234,204" oya="0" hai0="14,86,100,121,87,2,94,64,15,4,120,126,82" hai1="25,114,3,16,113,10,119,47,24,90,13,66,76" hai2="74,135,18,130,75,97,125,54,40,31,111,79,133" hai3="112,58,132,27,93,110,5,56,55,34,19,21,22"/><T98/><D126/><U23/><E119/><V118/><F111/><W128/><G112/><N who="1" m="43114" /><E66/><V107/><F31/><W30/><G128/><T96/><D2/><U43/><E76/><V48/><F40/><W44/><G132/><N who="2" m="50761" /><F130/><W73/><G73/><T62/><D98/><U42/><E90/><V37/><F37/><W131/><G131/><T99/><D99/><U89/><E89/><V57/><F125/><W45/><G34/><T39/><D39/><N who="1" m="21983" /><E43/><V84/><F118/><W63/><G110/><T41/><D41/><U102/><E102/><N who="2" m="62927" /><F18/><W127/><G5/><AGARI ba="2,0" hai="3,5,10,13,16,23,24,25" m="21983,43114" machi="5" ten="30,2000,0" yaku="11,1,54,1" doraHai="123" who="1" fromWho="3" sc="358,0,204,26,234,0,204,-26" /><INIT seed="1,0,0,5,2,100" ten="358,230,234,178" oya="1" hai0="46,134,36,89,57,108,40,2,85,128,64,38,73" hai1="70,22,113,39,97,60,11,71,47,117,110,3,23" hai2="78,21,80,102,42,131,122,135,17,44,25,5,18" hai3="15,51,62,20,10,9,65,4,133,14,104,82,49"/><U52/><E113/><V68/><F122/><W111/><G111/><T125/><D73/><U41/><E117/><V76/><F131/><W114/><G114/><T130/><D108/><U74/><E110/><V105/><F68/><W87/><G133/><T12/><D2/><U126/><E126/><V24/><F135/><W26/><G104/><T61/><D125/><U123/><E123/><V48/><F5/><W95/><G95/><T8/><D134/><U72/><E71/><V98/><F80/><W1/><G1/><T84/><D38/><U79/><E97/><V45/><F44/><W59/><G14/><T90/><D85/><U124/><E124/><V34/><F34/><W106/><G10/><T120/><D120/><U127/><E127/><V96/><F98/><W83/><G106/><T115/><D115/><U33/><E33/><V93/><F105/><W19/><REACH who="3" step="1"/><G82/><REACH who="3" ten="358,230,234,168" step="2"/><T43/><D12/><U91/><E3/><V56/><REACH who="2" step="1"/><F56/><REACH who="2" ten="358,230,224,168" step="2"/><W55/><G55/><T129/><D57/><U69/><E52/><V67/><F67/><W0/><G0/><T28/><D64/><U27/><E70/><V31/><F31/><W109/><G109/><T103/><D28/><U13/><E69/><V116/><F116/><W121/><G121/><T32/><D129/><U81/><E81/><V58/><F58/><W29/><G29/><T37/><D130/><U88/><E11/><V99/><F99/><W92/><G92/><T7/><D8/><U30/><E30/><V75/><F75/><W50/><G50/><T94/><D128/><U66/><E74/><V53/><F53/><RYUUKYOKU ba="0,2" sc="358,-15,230,-15,224,15,168,15" hai2="17,18,21,24,25,42,45,48,76,78,93,96,102" hai3="4,9,15,19,20,26,49,51,59,62,65,83,87" /><INIT seed="2,1,2,5,5,120" ten="343,215,239,183" oya="2" hai0="50,49,99,65,17,107,47,61,115,129,121,94,33" hai1="35,91,122,123,79,82,3,12,110,23,18,43,56" hai2="46,32,60,30,72,22,128,105,59,36,68,73,86" hai3="4,111,125,64,93,27,78,21,0,41,114,80,11"/><V8/><F105/><W19/><G125/><T16/><D121/><N who="1" m="46091" /><E35/><V92/><F68/><W63/><G114/><T117/><D49/><U100/><E110/><V106/><F106/><W1/><G41/><T2/><D2/><U39/><E3/><V31/><F32/><W6/><G93/><T38/><D38/><U89/><E100/><V67/><F128/><W7/><G111/><T55/><D115/><U10/><E56/><V97/><F36/><W112/><G112/><T126/><D107/><U71/><E71/><V45/><F8/><W75/><REACH who="3" step="1"/><G1/><REACH who="3" ten="343,215,239,173" step="2"/><T96/><D94/><U77/><E43/><V90/><F73/><W124/><G124/><T48/><D126/><U15/><E39/><V135/><F72/><W40/><G40/><T130/><D130/><U84/><E79/><V20/><F135/><W118/><G118/><T24/><D129/><U88/><E77/><V81/><F92/><W127/><G127/><T98/><D117/><U133/><E133/><V109/><F109/><W103/><G103/><T132/><D132/><U42/><E42/><V9/><F97/><W37/><G37/><T52/><D99/><U85/><E85/><V26/><F9/><W57/><AGARI ba="1,3" hai="0,4,6,7,11,19,21,27,57,63,64,75,78,80" machi="57" ten="20,5200,0" yaku="1,1,0,1,7,1,53,1" doraHai="120" doraHaiUra="74" who="3" fromWho="3" sc="343,-14,215,-14,239,-27,173,85" /><INIT seed="3,0,0,5,5,53" ten="329,201,212,258" oya="3" hai0="10,102,90,3,34,79,132,72,29,8,30,24,64" hai1="4,51,131,40,60,61,13,127,126,125,22,78,91" hai2="26,16,94,122,11,18,98,130,75,101,83,43,134" hai3="42,38,108,70,105,36,62,81,80,46,109,110,115"/><W23/><G105/><T73/><D102/><U123/><E123/><V45/><F122/><W120/><G120/><T106/><D106/><U119/><E131/><V32/><F130/><W63/><G115/><T5/><D132/><U12/><E119/><V6/><F134/><W114/><G114/><T0/><D79/><U67/><E78/><N who="2" m="44511" /><F32/><W103/><G103/><T25/><D64/><U7/><E91/><V96/><F26/><W49/><G23/><T44/><D44/><N who="1" m="25991" /><E60/><N who="3" m="23082" /><G70/><T86/><D8/><U58/><E22/><V84/><F84/><W95/><G95/><T52/><D3/><U66/><E66/><V41/><F41/><W88/><G81/><T65/><D65/><U89/><E89/><V121/><F96/><W14/><G14/><AGARI ba="0,0" hai="4,7,12,13,14,58,61,67,125,126,127" m="25991" machi="14" ten="30,2000,0" yaku="18,1,52,1" doraHai="53" who="1" fromWho="3" sc="329,0,201,20,212,0,258,-20" owari="329,42.9,221,-17.9,212,-28.8,238,3.8" /></mjloggm>