<mjloggm ver="2.3"><GO type="225" lobby="0"/><UN n0="%E3%81%95%E3%81%8D%E3%81%9F%E3%81%BE%E6%9E%97%E6%AA%8E" n1="%E3%81%AF%E3%82%88%E3%81%8A%E3%81%98%E3%81%95%E3%82%93" n2="%73%73%6B%5F%66%72%65%65" n3="%E6%9D%B1%E9%A2%A8%E3%81%AE%E3%81%8D%E3%82%83%E3%81%B7%E3%81%95%E3%82%93" dan="16,17,16,16" rate="2099.22,2234.46,2073.68,2186.95" sx="M,M,M,M"/><TAIKYOKU oya="0"/><INIT seed="0,0,0,2,4,76" ten="250,250,250,250" oya="0" hai0="55,26,80,51,56,127,87,17,66,108,18,25,54" hai1="74,116,102,9,47,124,67,33,46,103,57,65,39" hai2="8,130,49,36,60,79,95,7,78,15,119,73,71" hai3="111,100,105,16,135,4,42,109,1,86,24,10,92"/><T21/><D127/><U114/><E33/><V41/><F130/><W38/><G135/><T23/><D108/><N who="3" m="41545" /><G105/><T131/><D131/><U50/><E74/><V98/><F36/><W61/><G61/><T37/><D37/><U89/><E116/><V133/><F133/><W96/><G86/><T6/><D6/><U12/><E39/><V62/><F71/><W77/><G77/><N who="2" m="29193" /><F73/><W122/><G122/><T31/><D31/><U106/><E106/><V2/><F2/><W13/><G24/><T90/><D55/><N who="1" m="31991" /><E124/><V81/><F81/><W110/><N who="3" m="41553" /><W40/><DORA hai="29" /><G38/><T5/><D5/><U34/><E34/><V115/><F119/><W123/><G123/><T107/><D107/><U3/><E3/><V32/><F115/><W68/><G68/><T117/><D117/><U132/><E114/><V19/><F32/><W53/><G53/><T82/><D66/><U20/><E132/><V121/><F7/><W44/><G44/><T104/><D104/><U101/><E47/><N who="2" m="25839" /><F121/><W48/><G48/><T94/><AGARI ba="0,0" hai="17,18,21,23,25,26,51,54,56,80,82,87,90,94" machi="94" ten="20,18000,2" yaku="0,1,7,1,9,1,8,1,52,2" doraHai="76,29" who="0" fromWho="0" sc="250,180,250,-60,250,-60,250,-60" /><INIT seed="0,1,0,2,1,36" ten="430,190,190,190" oya="0" hai0="15,69,70,23,121,26,94,38,65,4,14,134,21" hai1="60,64,115,62,16,113,75,66,88,131,98,102,41" hai2="103,55,84,34,25,89,85,90,81,50,133,12,116" hai3="104,129,28,82,127,3,40,78,76,77,22,17,37"/><T86/><D121/><U11/><E75/><V1/><F133/><W53/><G104/><T24/><D134/><U101/><E131/><V124/><F1/><W125/><G3/><T46/><D4/><U59/><E41/><V39/><F39/><W27/><G129/><T91/><D38/><U132/><E132/><V5/><F124/><W32/><G53/><T10/><D10/><U72/><E72/><V120/><F120/><W57/><G57/><T47/><D65/><U96/><E62/><V83/><F103/><W117/><G117/><T61/><D61/><U111/><E111/><V52/><F116/><W123/><G123/><T56/><D94/><N who="1" m="56391" /><E98/><V7/><F12/><W105/><G105/><T130/><D91/><U119/><E66/><V18/><F55/><W97/><G97/><T42/><D86/><U13/><E119/><V33/><F33/><W31/><G82/><T35/><D35/><U45/><E45/><V114/><F114/><AGARI ba="1,0" hai="11,13,16,59,60,64,101,102,113,114,115" m="56391" machi="114" ten="30,3900,0" yaku="11,1,54,2" doraHai="36" who="1" fromWho="2" sc="430,0,190,42,190,-42,190,0" /><INIT seed="1,0,0,0,0,50" ten="430,232,148,190" oya="1" hai0="61,77,65,70,43,34,18,48,96,4,121,15,46" hai1="32,128,7,42,110,106,92,60,131,20,40,41,116" hai2="83,16,38,125,114,55,84,58,89,56,17,79,37" hai3="80,130,112,72,93,118,11,23,81,29,97,5,94"/><U73/><E106/><V86/><F125/><W9/><G112/><T108/><D121/><U53/><E32/><V31/><F114/><W68/><G68/><T78/><D34/><U101/><E73/><V132/><F132/><W71/><G71/><T105/><D108/><U67/><E7/><V133/><F133/><W91/><G130/><N who="1" m="49706" /><E20/><V12/><F31/><W127/><G127/><T57/><D70/><N who="1" m="42343" /><E92/><V66/><F66/><W51/><G118/><T109/><D109/><U35/><E101/><V134/><F134/><W102/><G72/><T88/><D4/><U19/><E19/><V27/><F27/><W76/><G76/><T64/><D105/><U107/><E107/><V39/><F12/><W62/><G23/><N who="0" m="11743" /><D65/><U52/><E35/><V24/><F24/><W1/><G29/><T87/><D96/><U119/><E110/><V54/><F58/><W95/><G11/><T44/><D44/><U126/><E126/><V122/><F122/><W6/><G6/><T45/><D45/><U85/><E85/><V21/><F21/><W2/><G2/><T33/><D33/><U129/><N who="1" m="49714" /><U63/><DORA hai="100" /><E63/><V26/><F26/><W124/><G62/><T22/><D22/><U120/><E120/><V99/><F99/><N who="3" m="57791" /><G124/><T14/><D14/><U135/><E135/><V103/><F56/><W47/><G95/><AGARI ba="0,0" hai="43,46,48,57,61,64,77,78,87,88,95" m="11743" machi="95" ten="30,2000,0" yaku="8,1,54,1" doraHai="50,100" who="0" fromWho="3" sc="430,20,232,0,148,0,190,-20" /><INIT seed="2,0,0,2,2,72" ten="450,232,148,170" oya="2" hai0="24,94,64,60,36,12,95,45,39,121,113,103,105" hai1="38,92,23,125,126,127,35,128,49,91,120,56,70" hai2="107,11,18,108,13,106,37,112,109,134,69,44,116" hai3="90,93,74,71,31,8,50,104,65,28,9,57,86"/><V87/><F112/><W100/><G71/><T99/><D121/><U55/><E70/><V81/><F116/><W89/><G89/><T27/><D113/><U59/><E35/><V19/><F69/><W3/><G3/><T68/><D12/><U80/><E38/><V10/><F134/><W30/><G65/><T124/><D124/><U61/><E120/><V0/><F44/><W58/><G74/><T17/><D17/><U76/><E128/><V40/><F40/><W47/><G100/><T67/><D67/><U117/><E117/><V96/><F37/><W78/><G104/><T133/><D133/><U63/><E23/><V42/><F42/><N who="3" m="24951" /><G78/><T129/><D129/><U21/><E21/><V97/><F107/><W118/><G118/><T85/><D85/><N who="1" m="52335" /><E59/><AGARI ba="0,0" hai="8,9,28,30,31,57,58,59,86,90,93" m="24951" machi="59" ten="30,1000,0" yaku="8,1" doraHai="72" who="3" fromWho="1" sc="450,0,232,-10,148,0,170,10" /><INIT seed="3,0,0,2,3,37" ten="450,222,148,180" oya="3" hai0="107,104,29,31,120,45,123,118,66,18,130,78,38" hai1="92,119,27,25,48,65,53,17,26,72,99,83,55" hai2="6,39,132,91,23,51,7,116,133,42,47,98,61" hai3="35,70,126,131,75,59,117,20,86,11,97,90,106"/><W34/><G70/><T135/><D118/><U134/><E119/><V46/><F116/><W10/><G75/><T84/><D66/><U129/><E129/><V89/><F61/><W71/><G71/><T63/><D63/><U87/><E72/><V85/><F98/><W40/><G117/><T2/><D2/><U77/><E134/><N who="2" m="51819" /><F23/><W49/><G131/><T81/><D130/><U12/><E65/><V19/><F19/><W74/><G126/><T5/><D5/><N who="2" m="1546" /><F85/><W93/><G74/><T113/><D113/><U79/><E77/><V69/><F69/><W105/><G20/><T62/><D62/><U21/><E48/><V115/><F115/><W28/><G35/><T8/><D45/><U24/><E24/><V110/><F110/><W64/><G106/><T4/><D18/><U14/><E12/><V1/><F1/><W13/><G105/><T103/><D38/><U0/><E0/><V124/><F124/><W88/><G13/><T114/><D114/><U111/><E111/><V127/><F127/><W60/><G28/><T43/><D31/><U32/><E32/><V73/><F73/><W128/><G34/><T3/><D29/><U33/><E33/><V109/><F109/><W56/><G128/><T68/><D135/><U112/><E112/><V102/><F102/><AGARI ba="0,0" hai="14,17,21,25,26,27,53,55,79,83,87,92,99,102" machi="102" ten="40,1300,0" yaku="8,1" doraHai="37" who="1" fromWho="2" sc="450,0,222,13,148,-13,180,0" owari="450,55.0,235,3.5,135,-36.5,180,-22.0" /></mjloggm>