<mjloggm ver="2.3"><GO type="225" lobby="0"/><UN n0="%E9%A6%AC%E5%BC%95%E7%81%AB%33" n1="%E8%B5%A4%E3%81%84%E8%9B%99%31%31" n2="%72%61%6B%33" n3="%2D%E8%B1%8A%E5%8F%A3%E3%82%81%E3%81%90%E3%81%BF%2D" dan="16,16,16,17" rate="2148.02,2079.71,2096.64,2216.06" sx="M,M,M,F"/><TAIKYOKU oya="0"/><INIT seed="0,0,0,3,3,22" ten="250,250,250,250" oya="0" hai0="115,48,135,52,64,106,69,109,37,123,66,56,17" hai1="38,45,36,23,93,104,24,3,116,111,117,119,85" hai2="50,4,86,58,39,107,28,0,103,77,120,68,55" hai3="61,113,95,2,110,14,126,90,75,63,74,102,49"/><T7/><D115/><U88/><E111/><V9/><F120/><W71/><G2/><T72/><D123/><U42/><E3/><V59/><F68/><W10/><G113/><T11/><D72/><U1/><E1/><V5/><F39/><W33/><G110/><T6/><D106/><U112/><E112/><V79/><F5/><N who="0" m="1546" /><D37/><U132/><E132/><V108/><F108/><W12/><G33/><T100/><D69/><U41/><E104/><V81/><F28/><W87/><G102/><T31/><D109/><U19/><REACH who="1" step="1"/><E116/><REACH who="1" ten="250,240,250,250" step="2"/><V122/><F122/><W101/><G126/><T51/><D135/><U43/><E43/><V124/><F124/><W80/><G75/><T32/><D32/><U91/><E91/><V30/><F107/><W25/><G74/><T47/><D100/><U125/><E125/><V27/><F103/><W92/><G101/><T121/><D121/><U20/><E20/><V8/><F8/><W76/><G10/><T60/><D31/><U46/><AGARI ba="0,1" hai="19,23,24,36,38,41,42,45,46,85,88,93,117,119" machi="46" ten="30,8000,1" yaku="1,1,0,1,9,1,52,1,54,1,53,0" doraHai="22" doraHaiUra="53" who="1" fromWho="1" sc="250,-40,240,90,250,-20,250,-20" /><INIT seed="1,0,0,3,4,52" ten="210,330,230,230" oya="1" hai0="124,111,46,115,91,21,17,90,51,45,94,128,32" hai1="28,118,120,36,18,30,79,89,80,58,40,117,93" hai2="116,76,95,11,78,107,2,63,66,129,12,43,13" hai3="125,0,102,44,75,113,72,82,56,127,122,74,98"/><U123/><E36/><V130/><F107/><W62/><G0/><T29/><D115/><U60/><E40/><V27/><F116/><W69/><G122/><T54/><D111/><U7/><E7/><V41/><F2/><W87/><G44/><T81/><D124/><N who="3" m="47689" /><G69/><T33/><D128/><U23/><E118/><V88/><F27/><W55/><G113/><T64/><D64/><U59/><E117/><V83/><F41/><W15/><G15/><T70/><D70/><U47/><E47/><V119/><F43/><W103/><G98/><T26/><D46/><U92/><E79/><AGARI ba="0,0" hai="55,56,62,72,74,75,79,82,87,102,103" m="47689" machi="79" ten="40,2600,0" yaku="18,1,52,1" doraHai="52" who="3" fromWho="1" sc="210,0,330,-26,230,0,230,26" /><INIT seed="2,0,0,1,0,8" ten="210,304,230,256" oya="2" hai0="73,42,16,77,71,119,63,45,66,5,46,23,94" hai1="93,75,1,83,27,48,133,19,126,11,128,123,74" hai2="4,2,120,36,3,113,59,18,20,33,49,111,85" hai3="99,12,127,41,29,57,78,121,86,109,92,21,135"/><V44/><F113/><W115/><G121/><T80/><D119/><U31/><E123/><V122/><F33/><W84/><G109/><T58/><D5/><U68/><E68/><V7/><F36/><W61/><G127/><T88/><D71/><U37/><E37/><V10/><F59/><W108/><G108/><T54/><D42/><U101/><E128/><V97/><F111/><W51/><G135/><T50/><D66/><U69/><E69/><V22/><F22/><W52/><G78/><T47/><D50/><U105/><E105/><V104/><F85/><W28/><G28/><T90/><REACH who="0" step="1"/><D94/><REACH who="0" ten="200,304,230,256" step="2"/><U82/><E48/><V60/><F4/><W43/><G43/><T39/><D39/><U110/><E93/><V79/><F122/><W13/><G41/><T14/><AGARI ba="0,1" hai="14,16,23,45,46,47,54,58,63,73,77,80,88,90" machi="14" ten="30,8000,1" yaku="1,1,0,1,52,1,54,2,53,0" doraHai="8" doraHaiUra="114" who="0" fromWho="0" sc="200,90,304,-20,230,-40,256,-20" /><INIT seed="3,0,0,4,4,96" ten="290,284,190,236" oya="3" hai0="73,30,75,119,46,80,14,62,10,111,57,59,51" hai1="31,47,65,113,107,33,120,15,70,18,122,38,84" hai2="67,104,82,95,97,114,34,123,0,105,115,133,88" hai3="127,52,23,19,79,94,43,87,6,77,64,68,3"/><W4/><G127/><T129/><D119/><U35/><E113/><N who="2" m="43019" /><F34/><W98/><G43/><T76/><D111/><U48/><E38/><V121/><F0/><W22/><G68/><T50/><D129/><U83/><E107/><N who="2" m="41035" /><F67/><W101/><G64/><T78/><D30/><U128/><E128/><V42/><F42/><W61/><G23/><T1/><D1/><U49/><E49/><V60/><F60/><W99/><G99/><T32/><D32/><U25/><E35/><V132/><F82/><N who="3" m="47567" /><G79/><T85/><D78/><U106/><E106/><V39/><F39/><W29/><G29/><T16/><D50/><U66/><E70/><V102/><F88/><W58/><G3/><T134/><D59/><U86/><E66/><V130/><F130/><W126/><G126/><T54/><D57/><U81/><E65/><V5/><F5/><W103/><G103/><T2/><D62/><U125/><E125/><V116/><F116/><W135/><G135/><AGARI ba="0,0" hai="95,97,102,121,123,132,133,135" m="41035,43019" machi="135" ten="40,8000,1" yaku="20,1,34,2,52,1" doraHai="96" who="2" fromWho="3" sc="290,0,284,0,190,80,236,-80" /><INIT seed="4,0,0,0,5,52" ten="290,284,270,156" oya="0" hai0="83,30,0,82,25,15,108,56,49,94,70,134,41" hai1="110,17,105,106,57,54,109,29,38,89,86,2,9" hai2="48,115,62,101,79,18,45,114,128,124,14,31,58" hai3="71,21,107,69,103,34,100,36,28,135,80,40,112"/><T65/><D0/><U78/><E38/><V44/><F124/><W122/><G112/><T84/><D70/><U4/><E29/><V13/><F128/><W61/><G135/><T90/><D134/><U99/><E78/><V95/><F31/><W22/><G122/><T67/><D108/><U50/><E17/><V81/><F95/><W35/><G80/><T60/><D67/><U66/><E66/><V23/><F13/><W26/><G35/><T93/><D15/><U91/><E106/><V1/><F1/><W47/><G103/><T73/><D41/><U130/><E130/><V43/><F45/><W8/><G8/><T24/><D49/><U117/><E117/><V7/><F101/><W64/><REACH who="3" step="1"/><G71/><REACH who="3" ten="290,284,270,146" step="2"/><T37/><D83/><U121/><E121/><V3/><F81/><W92/><G92/><T104/><D94/><N who="1" m="56783" /><E105/><V72/><F115/><W74/><G74/><T32/><D104/><U88/><E110/><V5/><F114/><W120/><G120/><T6/><D93/><U123/><E109/><V87/><F72/><W20/><G20/><T129/><D82/><U33/><E123/><V27/><F23/><W39/><G39/><T132/><D37/><U19/><E33/><V119/><F79/><W126/><G126/><T11/><D32/><U131/><E131/><V59/><F119/><W96/><AGARI ba="0,1" hai="21,22,26,28,34,36,40,47,61,64,69,96,100,107" machi="96" ten="30,7900,0" yaku="1,1,0,1,25,2,53,0" doraHai="52" doraHaiUra="46" who="3" fromWho="3" sc="290,-39,284,-20,270,-20,146,89" /><INIT seed="5,0,0,2,5,58" ten="251,264,250,235" oya="1" hai0="64,90,56,20,30,112,123,135,9,99,46,91,33" hai1="40,38,125,39,111,43,82,47,114,86,129,128,17" hai2="71,3,41,108,88,49,89,69,12,59,92,67,31" hai3="75,116,104,42,131,80,25,48,35,32,106,97,4"/><U51/><E114/><V18/><F3/><W36/><G36/><N who="1" m="13866" /><E17/><V11/><F108/><W66/><G131/><N who="1" m="50250" /><E111/><V95/><F31/><W81/><G116/><T54/><D30/><U2/><E2/><V127/><F127/><W28/><G32/><T60/><D33/><U1/><E1/><V61/><F41/><W22/><G4/><T23/><D9/><U53/><E125/><V79/><F79/><AGARI ba="0,0" hai="40,43,47,51,53,79,82,86" m="50250,13866" machi="79" ten="30,1500,0" yaku="19,1" doraHai="58" who="1" fromWho="2" sc="251,0,264,15,250,-15,235,0" /><INIT seed="5,1,0,4,4,45" ten="251,279,235,235" oya="1" hai0="85,6,101,0,114,99,3,81,124,24,22,16,42" hai1="15,1,13,55,35,126,74,76,107,52,77,44,94" hai2="123,117,103,63,87,119,115,135,75,10,50,96,39" hai3="127,64,112,56,46,36,83,111,59,84,105,120,57"/><U131/><E107/><V28/><F39/><W95/><G105/><T110/><D110/><U14/><E1/><V30/><F75/><W80/><G111/><T33/><D114/><U68/><E68/><V118/><F123/><W98/><G120/><T8/><D124/><U86/><E35/><V60/><F115/><W27/><G112/><T41/><D33/><U70/><E70/><V34/><F135/><W69/><G127/><T43/><D0/><U93/><E74/><V25/><F30/><W134/><G134/><T67/><D67/><U2/><E2/><V90/><F10/><W21/><G36/><T116/><D116/><U109/><E109/><V26/><F26/><W51/><G69/><T17/><D17/><U62/><E131/><V31/><F31/><N who="3" m="17903" /><G84/><T48/><D99/><U53/><E126/><V106/><REACH who="2" step="1"/><F50/><REACH who="2" ten="251,279,225,235" step="2"/><W125/><G125/><T128/><D128/><U100/><E62/><V38/><F38/><W82/><G64/><T11/><D11/><U108/><E108/><V132/><F132/><W19/><G19/><T49/><REACH who="0" step="1"/><D101/><REACH who="0" ten="241,279,225,235" step="2"/><U65/><E65/><V20/><F20/><W121/><G121/><T72/><D72/><U92/><E100/><V54/><F54/><N who="3" m="30071" /><G80/><AGARI ba="1,2" hai="25,28,34,60,63,80,87,90,96,103,106,117,118,119" machi="80" ten="40,1300,0" yaku="1,1,53,0" doraHai="45" doraHaiUra="32" who="2" fromWho="3" sc="241,0,279,0,225,36,235,-16" /><INIT seed="6,0,0,2,1,61" ten="241,279,261,219" oya="2" hai0="16,14,68,10,80,6,76,97,26,27,7,40,32" hai1="18,96,85,127,73,9,87,31,74,134,39,64,36" hai2="66,49,129,54,135,78,131,38,47,63,104,81,34" hai3="89,52,43,24,92,13,101,111,28,84,55,35,133"/><V77/><F135/><W126/><G111/><T118/><D68/><U20/><E134/><V50/><F104/><W130/><G133/><T30/><D40/><U108/><E108/><V57/><F34/><W90/><G126/><T70/><D70/><U3/><E96/><V86/><F38/><W19/><G130/><T25/><D97/><U113/><E113/><V120/><F120/><W67/><G43/><T132/><D132/><U109/><E31/><V112/><F112/><W65/><G101/><T46/><D46/><U17/><E109/><V95/><F95/><W123/><G123/><T37/><D37/><U71/><E3/><V83/><REACH who="2" step="1"/><F50/><REACH who="2" ten="241,279,251,219" step="2"/><W12/><G89/><T56/><D32/><U93/><E93/><V72/><AGARI ba="0,1" hai="47,49,54,57,63,66,72,77,78,81,83,86,129,131" machi="72" ten="30,11700,0" yaku="1,1,2,1,0,1,52,1,53,0" doraHai="61" doraHaiUra="21" who="2" fromWho="2" sc="241,-39,279,-39,251,127,219,-39" owari="202,-19.8,240,4.0,378,47.8,180,-32.0" /></mjloggm>