<mjloggm ver="2.3"><GO type="225" lobby="0"/><UN n0="%E3%81%BF%E3%81%BF%E3%81%9A" n1="%E6%A1%9C%E8%8A%B1%E9%96%83%E3%80%85" n2="%E6%B5%81%E3%82%8C%EF%BC%9F%53%4F%41" n3="%E9%A6%AC%E5%BC%95%E7%81%AB%33" dan="17,17,17,16" rate="2212.42,2278.96,2224.30,2103.70" sx="M,M,M,M"/><TAIKYOKU oya="0"/><INIT seed="0,0,0,5,5,8" ten="250,250,250,250" oya="0" hai0="42,130,86,128,100,31,63,11,3,93,18,113,117" hai1="39,95,94,64,109,118,0,28,48,7,129,101,1" hai2="121,52,132,71,37,131,74,46,67,81,134,41,15" hai3="47,98,54,84,6,116,115,124,22,17,30,85,36"/><T72/><D113/><U14/><E39/><V61/><F121/><W125/><G115/><T2/><D117/><U27/><E118/><V59/><F131/><N who="0" m="50218" /><D72/><U62/><E129/><V43/><F43/><N who="3" m="23015" /><G116/><T35/><D42/><U50/><E109/><V83/><F74/><W77/><G77/><T108/><D108/><U105/><E94/><V122/><F122/><W5/><G30/><T38/><D38/><U89/><E105/><V96/><F96/><W56/><G98/><N who="0" m="59471" /><D63/><U106/><E106/><V88/><F15/><N who="3" m="9535" /><G84/><T66/><D66/><U76/><E101/><V80/><REACH who="2" step="1"/><F88/><REACH who="2" ten="250,250,240,250" step="2"/><W135/><G85/><T21/><D86/><U112/><E112/><V69/><F69/><W79/><G79/><T10/><D2/><U44/><E76/><V12/><F12/><W82/><G82/><T55/><D3/><U87/><E14/><V91/><F91/><W34/><G5/><T90/><D90/><U49/><E7/><V110/><F110/><W24/><G6/><T45/><D10/><U126/><E0/><V107/><F107/><W13/><G13/><N who="0" m="9423" /><D11/><U119/><E1/><V4/><F4/><W73/><G73/><T40/><D40/><U70/><E119/><V104/><F104/><W75/><G75/><T133/><D133/><U65/><E89/><V57/><F57/><W127/><G135/><T123/><D123/><U111/><E111/><V53/><F53/><W99/><G99/><T102/><D102/><U26/><E87/><V60/><AGARI ba="0,1" hai="37,41,46,52,59,60,61,67,71,80,81,83,132,134" machi="60" ten="30,4000,0" yaku="1,1,0,1,54,1,53,0" doraHai="8" doraHaiUra="120" who="2" fromWho="2" sc="250,-20,250,-10,240,50,250,-10" /><INIT seed="1,0,0,4,5,44" ten="230,240,290,240" oya="1" hai0="65,132,17,38,110,3,101,133,48,35,103,4,105" hai1="9,27,42,46,1,29,120,125,79,76,102,88,18" hai2="111,21,106,129,87,93,134,30,62,104,39,45,28" hai3="75,118,33,97,19,22,122,107,99,91,7,84,32"/><U40/><E120/><V74/><F74/><W85/><G122/><T73/><D38/><U8/><E125/><V94/><F111/><W64/><G75/><T56/><D73/><U114/><E114/><V6/><F6/><W15/><G118/><T41/><D35/><U130/><E130/><V43/><F129/><W57/><G7/><T24/><D105/><U11/><E102/><V34/><F34/><W26/><G32/><T80/><D80/><U86/><E18/><V0/><F0/><W61/><G107/><T25/><D110/><U2/><E2/><V31/><F134/><N who="0" m="51818" /><D3/><U68/><E68/><V112/><F112/><W47/><G85/><T20/><D4/><U66/><E66/><V10/><F10/><W53/><G33/><T117/><D117/><U126/><E126/><V115/><F115/><W92/><G26/><T90/><D90/><U52/><E1/><V55/><F21/><W16/><G19/><T23/><D65/><U49/><E27/><V116/><F116/><W98/><G98/><T128/><D128/><U69/><E69/><V100/><F93/><W108/><G108/><T121/><D121/><U127/><E29/><V60/><F100/><W50/><AGARI ba="0,0" hai="15,16,22,47,50,53,57,61,64,84,91,92,97,99" machi="50" ten="30,7900,0" yaku="0,1,8,1,52,1,54,1" doraHai="44" who="3" fromWho="3" sc="230,-20,240,-39,290,-20,240,79" /><INIT seed="2,0,0,4,3,75" ten="210,201,270,319" oya="2" hai0="21,59,70,82,77,125,1,11,102,50,52,60,98" hai1="45,122,67,117,80,8,0,33,29,14,15,40,28" hai2="85,73,111,66,84,108,39,86,38,46,58,72,32" hai3="22,129,44,81,18,96,16,48,12,133,91,134,110"/><V25/><F32/><W34/><G110/><N who="2" m="42025" /><F25/><W100/><G129/><T112/><D125/><U23/><E117/><V3/><F3/><W109/><G109/><T120/><D112/><U10/><E67/><V131/><F131/><W104/><G34/><T49/><D120/><U13/><E122/><V19/><F19/><W7/><G7/><T17/><D11/><N who="1" m="4139" /><E33/><V118/><F118/><W5/><G5/><T83/><D1/><U53/><E40/><N who="2" m="22807" /><F39/><W130/><G130/><T71/><D71/><U116/><E116/><V6/><F6/><W106/><G106/><T95/><D70/><U107/><E28/><V119/><F119/><W54/><G18/><T101/><D101/><U36/><E107/><V103/><F103/><W135/><G91/><T90/><D102/><U92/><E36/><V99/><F99/><W27/><G27/><N who="0" m="14767" /><D83/><AGARI ba="0,0" hai="12,16,22,44,48,54,81,83,96,100,104,133,134,135" machi="83" ten="40,2600,0" yaku="20,1,54,1" doraHai="75" who="3" fromWho="0" sc="210,-26,201,0,270,0,319,26" /><INIT seed="3,0,0,0,4,128" ten="184,201,270,345" oya="3" hai0="8,31,39,83,54,127,41,5,18,78,74,6,101" hai1="117,37,110,109,15,40,79,10,71,21,98,19,108" hai2="121,94,13,85,20,58,119,48,12,115,123,55,24" hai3="81,1,46,28,32,17,45,34,26,80,35,59,131"/><W27/><G131/><T44/><D127/><U63/><E117/><V134/><F115/><W2/><G59/><T22/><D101/><U95/><E79/><V7/><F119/><W132/><G132/><T100/><D100/><N who="1" m="60511" /><E37/><V65/><F134/><W122/><G17/><T86/><D31/><U92/><E40/><V29/><F65/><W56/><G56/><T114/><D114/><U36/><E36/><V69/><F69/><W90/><G90/><T88/><D54/><U102/><E92/><V93/><F93/><W104/><G104/><T62/><D62/><U135/><E102/><V68/><F68/><W72/><G72/><T97/><D97/><U4/><E135/><V77/><F7/><W57/><G57/><T105/><D105/><U111/><N who="1" m="27648" /><DORA hai="129" /><U50/><E50/><V23/><F94/><W51/><G51/><T66/><D66/><N who="1" m="41439" /><E4/><V42/><F42/><W118/><G81/><T73/><D5/><U53/><E53/><V76/><F76/><W133/><G1/><T14/><D78/><U52/><E52/><V49/><F48/><W67/><G35/><T107/><REACH who="0" step="1"/><D107/><REACH who="0" ten="174,201,270,345" step="2"/><U47/><E47/><N who="3" m="17930" /><G28/><T120/><D120/><U87/><E87/><V61/><F121/><W96/><G122/><T60/><D60/><U116/><E116/><V43/><F123/><W124/><G118/><T130/><D130/><U103/><E103/><V30/><F61/><W64/><G64/><T75/><D75/><U25/><E25/><AGARI ba="0,1" hai="6,8,14,18,22,25,39,41,44,73,74,83,86,88" machi="25" ten="30,8000,1" yaku="1,1,7,1,54,1,53,2" doraHai="128,129" doraHaiUra="70,84" who="0" fromWho="1" sc="174,90,201,-80,270,0,345,0" owari="264,-13.6,121,-37.9,270,7.0,345,44.5" /></mjloggm>