<mjloggm ver="2.3"><GO type="225" lobby="0"/><UN n0="%E9%A6%AC%E5%BC%95%E7%81%AB%33" n1="%6B%65%6E%6E%64%69" n2="%E5%8D%A0%E3%81%84%E5%B8%AB%E8%A3%8F%E3%81%AA%E3%81%84%E3%81%97" n3="%E5%8C%97%E6%AC%A7%E3%81%AE%E3%82%82%E3%81%93%E3%81%86" dan="16,16,17,17" rate="2086.15,2157.37,2248.78,2133.17" sx="M,M,M,M"/><TAIKYOKU oya="0"/><INIT seed="0,0,0,5,5,125" ten="250,250,250,250" oya="0" hai0="20,108,111,118,54,87,41,6,44,38,119,98,67" hai1="121,130,74,31,132,92,73,28,69,64,19,39,2" hai2="62,9,26,10,84,63,14,25,101,8,95,116,32" hai3="43,131,48,23,102,97,33,80,110,58,56,113,124"/><T16/><D6/><U72/><E121/><V106/><F106/><W11/><G33/><T115/><D115/><U37/><E132/><V99/><F116/><W76/><G113/><T128/><D67/><U53/><E53/><V15/><F32/><W135/><G124/><T7/><D7/><U120/><E120/><V78/><F78/><W133/><G110/><N who="0" m="42027" /><D128/><U89/><E130/><V34/><F84/><W24/><G11/><T94/><D87/><U88/><E19/><V103/><F34/><W82/><G131/><T60/><D60/><N who="2" m="23082" /><F103/><W18/><G133/><T17/><D54/><U45/><E64/><V93/><F93/><W61/><G61/><T117/><D20/><U105/><E2/><V114/><F114/><W46/><G135/><T57/><D57/><U107/><E73/><V40/><F40/><W29/><G58/><T104/><D104/><U71/><E45/><V1/><F1/><W100/><G56/><T42/><D42/><U83/><REACH who="1" step="1"/><E92/><REACH who="1" ten="250,240,250,250" step="2"/><V55/><F55/><W127/><G127/><T122/><D122/><U49/><E49/><V65/><F65/><W35/><G48/><T12/><D12/><AGARI ba="0,1" hai="8,9,10,12,14,15,25,26,95,99,101" m="23082" machi="12" ten="30,1000,0" yaku="8,1" doraHai="125" who="2" fromWho="0" sc="250,-10,240,0,250,20,250,0" /><INIT seed="1,0,0,5,2,50" ten="240,240,270,250" oya="1" hai0="92,73,43,135,120,84,14,25,94,35,38,95,5" hai1="12,88,48,37,47,60,113,40,74,93,75,89,67" hai2="83,76,104,69,11,16,117,42,91,124,27,79,53" hai3="85,118,63,126,45,49,61,57,81,133,62,101,70"/><U102/><E113/><V109/><F117/><W122/><G122/><T130/><D73/><U17/><E102/><V58/><F104/><W3/><G3/><T4/><D120/><U72/><E37/><V36/><F69/><W55/><G133/><T10/><D135/><U23/><REACH who="1" step="1"/><E93/><REACH who="1" ten="240,230,270,250" step="2"/><V24/><F36/><W65/><G118/><T82/><D95/><U28/><E28/><V129/><F129/><W22/><G126/><T97/><D94/><U18/><E18/><V64/><F124/><W96/><G70/><AGARI ba="0,1" hai="12,17,23,40,47,48,60,67,70,72,74,75,88,89" machi="70" ten="40,3900,0" yaku="1,1,54,1,53,0" doraHai="50" doraHaiUra="20" who="1" fromWho="3" sc="240,0,230,49,270,0,250,-39" /><INIT seed="1,1,0,5,3,130" ten="240,279,270,211" oya="1" hai0="33,47,0,49,1,107,122,90,52,51,75,124,9" hai1="2,113,63,121,73,134,12,119,28,59,102,96,42" hai2="133,24,72,25,117,126,89,91,74,93,101,104,127" hai3="129,7,11,56,111,34,21,5,116,37,79,3,120"/><U38/><E113/><V60/><F117/><W71/><G79/><T83/><D33/><U80/><E119/><V112/><F112/><W27/><G56/><T6/><D107/><U70/><E2/><V55/><F60/><W30/><G71/><T100/><D100/><U78/><E121/><V39/><F39/><W69/><G69/><T44/><D122/><U87/><E12/><V98/><F55/><W81/><G81/><T20/><D124/><N who="2" m="47658" /><F24/><N who="3" m="18759" /><G37/><T110/><D110/><U41/><E87/><N who="2" m="52415" /><F25/><W114/><G116/><T103/><D0/><U76/><E28/><V36/><F36/><W123/><G114/><T132/><D1/><U94/><E70/><V14/><F133/><W50/><G50/><T10/><D132/><U86/><E134/><V18/><F91/><W105/><G105/><T43/><D51/><U135/><E135/><V13/><F13/><N who="3" m="5359" /><G111/><T8/><D90/><U92/><E38/><V95/><F104/><W40/><G40/><T57/><D43/><U115/><E115/><V125/><N who="2" m="47666" /><V85/><DORA hai="67" /><F85/><W53/><G53/><T82/><D52/><N who="1" m="34279" /><E41/><V106/><F106/><W16/><G129/><T17/><D49/><U15/><E42/><V62/><F62/><W48/><G48/><T64/><D47/><U66/><E66/><V32/><F32/><W26/><G27/><T46/><D64/><U61/><E61/><V35/><F35/><W54/><G54/><T77/><D46/><U88/><E88/><V65/><F65/><W58/><G58/><T4/><D57/><U29/><E86/><V99/><F99/><W128/><G128/><RYUUKYOKU ba="1,0" sc="240,-15,279,-15,270,15,211,15" hai2="14,18,72,74,95,98,101" hai3="3,7,16,21,26,120,123" /><INIT seed="2,2,0,0,5,25" ten="225,264,285,226" oya="2" hai0="35,42,79,30,128,58,134,68,4,29,60,75,113" hai1="69,16,46,52,13,91,100,89,57,53,80,126,44" hai2="101,116,70,85,76,118,7,6,23,122,88,127,54" hai3="33,115,131,14,32,93,95,38,123,129,18,15,97"/><V20/><F122/><W49/><G38/><T103/><D113/><U109/><E69/><V87/><F70/><W40/><G123/><T105/><D35/><U56/><E109/><V86/><F127/><W0/><G0/><T78/><D68/><U120/><E126/><V130/><F130/><W104/><G104/><T36/><D75/><U73/><E120/><V98/><F76/><N who="0" m="29226" /><D105/><U5/><E73/><V117/><F54/><W112/><G40/><T66/><D36/><U83/><E5/><V102/><F88/><N who="1" m="33865" /><E100/><N who="2" m="38507" /><F98/><W47/><G49/><T121/><D121/><U28/><E28/><N who="0" m="10857" /><D128/><U8/><E46/><V114/><F114/><W37/><G47/><T90/><D103/><U77/><E44/><V82/><F82/><N who="1" m="31273" /><E77/><V26/><F117/><W124/><G37/><T96/><D134/><U24/><E24/><V39/><F39/><W63/><G124/><T71/><D71/><U74/><E74/><V27/><F118/><W99/><G115/><T111/><D111/><U110/><E110/><V65/><F26/><W55/><G112/><T132/><D132/><U51/><E51/><V133/><F27/><W108/><G108/><T135/><D135/><U59/><AGARI ba="2,0" hai="8,13,16,52,53,56,57,59" m="31273,33865" machi="59" ten="30,7900,0" yaku="8,1,54,3" doraHai="25" who="1" fromWho="1" sc="225,-22,264,85,285,-41,226,-22" /><INIT seed="3,0,0,3,1,91" ten="203,349,244,204" oya="3" hai0="86,42,49,61,126,45,64,78,71,122,106,31,54" hai1="130,65,123,97,129,27,53,117,60,62,23,58,14" hai2="41,99,101,40,38,77,93,48,110,68,120,69,24" hai3="13,16,76,90,52,118,73,5,20,36,75,108,12"/><W67/><G118/><T87/><D122/><U89/><E117/><V94/><F110/><W28/><G108/><T44/><D106/><U96/><E123/><V105/><F120/><W0/><G36/><T92/><D126/><U56/><E14/><V8/><F38/><W109/><G109/><T50/><D78/><U114/><E114/><V127/><F127/><W74/><G0/><T134/><D134/><U100/><E89/><V112/><F77/><W32/><G67/><T63/><D31/><U131/><E100/><V1/><F1/><W3/><G76/><T9/><D92/><U82/><E82/><V113/><F8/><N who="3" m="2111" /><G90/><T83/><D83/><U43/><E43/><V70/><F48/><W135/><G12/><T72/><D72/><U34/><E34/><V2/><F2/><W66/><G66/><T7/><D63/><U39/><E39/><V125/><F125/><W128/><G135/><T133/><D133/><U19/><AGARI ba="0,0" hai="19,23,27,53,56,58,60,62,65,96,97,129,130,131" machi="19" ten="30,2000,0" yaku="0,1,19,1" doraHai="91" who="1" fromWho="1" sc="203,-5,349,20,244,-5,204,-10" owari="198,-20.2,369,46.9,239,3.9,194,-30.6" /></mjloggm>