<mjloggm ver="2.3"><GO type="225" lobby="0"/><UN n0="%43%68%65" n1="%E9%BB%99%E8%81%B4%E3%81%AE%E3%81%99%E3%82%9D%E3%82%81" n2="%33%74%72%65%65" n3="%E3%81%90%E3%81%A1%E3%82%84%E3%81%BE" dan="16,16,16,16" rate="2180.59,2141.15,2163.77,2156.58" sx="M,M,F,M"/><TAIKYOKU oya="0"/><INIT seed="0,0,0,3,3,106" ten="250,250,250,250" oya="0" hai0="75,56,5,8,78,61,123,116,85,98,11,54,90" hai1="50,76,60,55,0,31,40,42,65,87,95,127,130" hai2="28,14,41,92,37,21,74,86,69,104,135,62,81" hai3="59,1,22,101,70,17,83,20,29,113,105,107,32"/><T89/><D116/><U10/><E130/><V9/><F104/><W24/><G70/><T44/><D123/><U108/><E108/><V80/><F135/><W39/><G113/><T124/><D124/><U102/><E127/><V23/><F37/><W27/><G39/><T77/><D75/><U30/><E0/><V53/><F41/><N who="1" m="15977" /><E10/><N who="0" m="3625" /><D5/><U91/><E102/><V103/><F74/><W4/><G4/><T46/><D98/><U79/><E60/><V114/><F114/><W52/><G1/><T111/><D111/><U112/><E65/><V110/><F110/><W38/><G38/><T126/><D90/><U131/><E131/><V118/><F118/><W64/><G64/><T94/><D126/><U3/><E3/><V66/><F53/><W128/><G128/><T49/><D44/><N who="1" m="28103" /><E112/><V133/><F133/><W97/><G105/><T15/><D15/><U82/><E79/><V115/><F115/><W25/><G107/><T122/><D122/><U93/><E93/><V68/><F68/><W13/><G101/><T2/><D2/><U7/><E7/><V96/><F81/><W43/><G83/><T73/><D73/><U26/><E26/><V33/><F80/><W12/><G27/><T6/><D6/><U51/><E51/><V84/><F33/><W16/><G25/><T129/><D129/><U119/><E119/><V36/><F36/><W34/><G34/><T57/><D61/><U18/><E18/><N who="2" m="8527" /><F21/><W35/><G35/><T67/><D67/><U71/><E71/><V120/><F120/><W72/><G32/><T109/><D109/><U58/><E58/><AGARI ba="0,0" hai="46,49,54,56,57,58,77,78,85,89,94" m="3625" machi="58" ten="30,2900,0" yaku="6,1,8,1" doraHai="106" who="0" fromWho="1" sc="250,29,250,-29,250,0,250,0" /><INIT seed="0,1,0,4,0,45" ten="279,221,250,250" oya="0" hai0="58,66,125,100,5,72,55,18,102,131,62,97,117" hai1="110,120,113,124,122,126,121,127,26,135,43,54,63" hai2="93,71,99,83,76,116,69,134,46,79,44,38,101" hai3="4,0,22,36,15,57,49,85,88,103,32,28,118"/><T53/><D117/><U74/><E74/><V6/><F116/><W105/><G36/><T33/><D72/><U10/><E10/><V41/><F134/><W86/><G0/><T78/><D78/><U98/><E98/><V7/><F46/><W35/><G118/><T87/><D125/><U80/><E80/><V27/><F76/><W90/><G35/><T132/><D132/><U96/><E96/><V67/><F27/><N who="3" m="18463" /><G105/><T82/><D131/><U81/><E81/><V107/><F107/><W30/><G103/><T73/><D33/><U40/><E26/><V64/><F71/><W115/><G4/><T94/><D5/><U11/><E11/><V52/><F69/><W13/><G13/><T128/><D73/><U39/><E135/><V111/><F111/><W42/><G57/><T19/><D102/><U47/><E110/><V16/><F7/><W133/><G90/><N who="0" m="51575" /><D128/><U56/><E43/><V20/><F41/><W21/><G115/><AGARI ba="1,0" hai="39,40,47,54,56,63,113,115,120,121,122,124,126,127" machi="115" ten="50,8000,1" yaku="18,1,34,3" doraHai="45" who="1" fromWho="3" sc="279,0,221,83,250,0,250,-83" /><INIT seed="1,0,0,4,3,35" ten="279,304,250,167" oya="1" hai0="40,0,64,38,24,135,129,105,115,10,110,30,103" hai1="3,104,133,21,101,57,45,118,113,125,70,106,66" hai2="52,92,58,83,13,132,81,7,36,37,88,114,20" hai3="33,6,120,134,124,15,12,65,50,14,48,31,59"/><U76/><E113/><V54/><F114/><W94/><G120/><T131/><D115/><U108/><E118/><V39/><F132/><W29/><G134/><T25/><D135/><U34/><E34/><V53/><F58/><W5/><G124/><T98/><D110/><U17/><E70/><V97/><REACH who="2" step="1"/><F20/><REACH who="2" ten="279,304,240,167" step="2"/><W47/><G33/><T26/><D131/><U4/><E21/><V56/><F56/><W89/><G59/><T73/><D129/><U1/><E57/><V109/><F109/><W100/><G65/><T80/><D64/><U91/><E66/><V41/><F41/><W84/><G100/><T27/><D40/><U96/><E101/><V32/><F32/><W87/><G87/><T18/><D103/><U67/><E108/><V2/><F2/><W123/><G123/><T78/><D0/><U82/><E1/><V23/><F23/><W122/><G122/><T121/><D121/><U119/><E3/><V111/><F111/><W95/><G84/><T22/><D22/><U19/><E67/><V127/><F127/><W11/><G11/><AGARI ba="0,1" hai="7,11,13,36,37,39,52,53,54,81,83,88,92,97" machi="11" ten="50,6400,0" yaku="1,1,54,2,53,0" doraHai="35" doraHaiUra="55" who="2" fromWho="3" sc="279,0,304,0,240,74,167,-64" /><INIT seed="2,0,0,0,4,25" ten="279,304,314,103" oya="2" hai0="39,36,14,64,94,61,98,128,30,70,15,5,129" hai1="87,119,97,91,23,121,95,132,60,127,22,79,114" hai2="112,78,85,35,0,93,90,67,84,9,133,118,8" hai3="32,53,100,38,49,125,2,59,89,109,52,1,124"/><V73/><F112/><W37/><G32/><T62/><D62/><U31/><E119/><V4/><F118/><W104/><G109/><T105/><D105/><U82/><E114/><V58/><F133/><W42/><G89/><T11/><D15/><U43/><E132/><V74/><F35/><W47/><G38/><T72/><D72/><U68/><E127/><N who="3" m="48714" /><G53/><T75/><D75/><U10/><E121/><V55/><F67/><W3/><G104/><T40/><D30/><U27/><E43/><V88/><F78/><W130/><G100/><N who="0" m="60503" /><D40/><U101/><E10/><V28/><F9/><W21/><G21/><T45/><D45/><U76/><E68/><V126/><F126/><W134/><G134/><T26/><D26/><N who="1" m="16855" /><E60/><V44/><F44/><N who="3" m="23631" /><G130/><AGARI ba="0,0" hai="5,11,14,36,39,61,64,70,128,129,130" m="60503" machi="130" ten="30,1000,0" yaku="19,1" doraHai="25" who="0" fromWho="3" sc="279,10,304,0,314,0,103,-10" /><INIT seed="3,0,0,5,4,82" ten="289,304,314,93" oya="3" hai0="20,118,29,27,34,74,56,30,112,25,53,10,125" hai1="36,35,0,98,11,21,80,57,107,44,113,103,58" hai2="31,130,128,37,129,55,127,28,101,52,18,131,89" hai3="63,85,42,49,115,23,61,6,41,117,108,96,106"/><W67/><G115/><T79/><D112/><U135/><E35/><V60/><F131/><W59/><G117/><T7/><D118/><U122/><E122/><V102/><F127/><W22/><G108/><T86/><D125/><U17/><E113/><V47/><F18/><W69/><G6/><T93/><D74/><U45/><E135/><V75/><F75/><W104/><G85/><T68/><D68/><U133/><E133/><V95/><F60/><W92/><G104/><T16/><D30/><N who="2" m="11306" /><F37/><W77/><G106/><T126/><D126/><U66/><E66/><V46/><F47/><W19/><G77/><T76/><D86/><U71/><E71/><V40/><F40/><W116/><G116/><T8/><D93/><U119/><E119/><V91/><F91/><W72/><G72/><T54/><D54/><N who="2" m="20522" /><F46/><W70/><G70/><T124/><D124/><U13/><E45/><V51/><F51/><W2/><G2/><T109/><D109/><U132/><E132/><V110/><F110/><W12/><G49/><T62/><REACH who="0" step="1"/><D10/><REACH who="0" ten="279,304,314,93" step="2"/><U5/><REACH who="1" step="1"/><E80/><REACH who="1" ten="279,294,314,93" step="2"/><V50/><F130/><W26/><G69/><T39/><D39/><U88/><E88/><V38/><F129/><W14/><G63/><T65/><D65/><U64/><E64/><V84/><F38/><W123/><G123/><T134/><D134/><U114/><E114/><V120/><F128/><W94/><G94/><T32/><D32/><U99/><E99/><V105/><F120/><W33/><G33/><T83/><D83/><U73/><E73/><V111/><F111/><W81/><G81/><T100/><D100/><RYUUKYOKU ba="0,2" sc="279,15,294,15,314,-15,93,-15" hai0="7,8,16,20,25,27,29,34,53,56,62,76,79" hai1="0,5,11,13,17,21,36,44,57,58,98,103,107" owari="294,-10.6,329,42.9,299,9.9,78,-42.2" /></mjloggm>