<mjloggm ver="2.3"><GO type="225" lobby="0"/><UN n0="%E3%83%96%E3%83%83%E3%83%91%E3%82%AA%E3%83%96%E3%83%81%E3%82%AD%E3%83%B3" n1="%33%74%72%65%65" n2="%E7%B4%94%E6%BD%94%E3%83%94%E3%83%A9%E3%83%8B%E3%82%A2" n3="%E6%98%BC%E4%B8%8B%E3%81%8C%E3%82%8A%E3%81%AE%E5%9B%A3%E5%9C%B0%E5%A6%BB" dan="16,17,17,16" rate="2218.22,2139.07,2235.82,2143.79" sx="M,M,M,F"/><TAIKYOKU oya="0"/><INIT seed="0,0,0,0,5,124" ten="250,250,250,250" oya="0" hai0="15,125,73,96,85,119,118,93,115,53,65,77,100" hai1="0,101,48,109,36,103,41,20,27,72,6,12,132" hai2="135,131,2,18,123,95,3,89,13,133,59,70,55" hai3="63,7,37,60,19,126,44,46,92,24,79,35,106"/><T26/><D115/><U121/><E121/><V87/><F70/><W5/><G106/><N who="0" m="63751" /><D65/><U84/><E109/><V61/><F123/><W74/><G126/><T62/><D15/><U57/><E132/><N who="2" m="50763" /><F131/><W102/><G7/><T76/><D26/><U130/><E72/><V42/><F42/><W64/><G5/><T78/><D125/><U33/><E130/><V29/><F29/><W4/><G4/><T82/><D53/><U117/><E117/><N who="0" m="44553" /><D62/><U80/><E36/><V49/><F61/><W25/><G60/><T38/><D38/><U66/><E0/><V120/><F120/><W98/><G37/><T23/><D23/><AGARI ba="0,0" hai="2,3,13,18,23,49,55,59,87,89,95" m="50763" machi="23" ten="30,2000,0" yaku="25,1,20,1" doraHai="124" who="2" fromWho="0" sc="250,-20,250,0,250,20,250,0" /><INIT seed="1,0,0,2,3,119" ten="230,250,270,250" oya="1" hai0="98,128,60,23,76,120,61,129,17,93,57,16,75" hai1="82,130,124,94,55,12,6,92,69,36,77,29,95" hai2="90,37,112,22,70,7,73,132,85,71,84,59,79" hai3="135,97,25,32,66,2,127,15,83,68,35,33,47"/><U65/><E124/><V72/><F37/><W44/><G2/><T64/><D120/><U48/><E130/><V74/><F7/><W30/><G127/><T110/><D110/><U9/><E36/><V101/><F101/><W105/><G135/><T123/><D123/><U0/><E29/><V27/><F132/><W100/><G33/><T67/><D75/><U126/><E126/><V99/><F112/><W122/><G35/><T50/><D76/><U34/><E34/><V24/><F59/><W52/><G122/><T131/><D50/><U86/><E0/><V45/><F45/><W80/><G15/><T42/><D42/><U114/><E114/><V89/><F99/><W43/><G52/><T14/><D17/><U107/><E107/><V28/><F79/><W38/><REACH who="3" step="1"/><G47/><REACH who="3" ten="230,250,270,240" step="2"/><T113/><D113/><U1/><E1/><V39/><F24/><W115/><G115/><T106/><D106/><U18/><E6/><V102/><F102/><W96/><G96/><T58/><REACH who="0" step="1"/><D129/><REACH who="0" ten="220,250,270,240" step="2"/><U133/><E133/><V134/><F134/><W53/><G53/><T13/><D13/><U63/><E55/><V40/><F40/><W5/><G5/><T41/><D41/><U51/><AGARI ba="0,2" hai="9,12,18,48,51,63,65,69,77,82,86,92,94,95" machi="51" ten="30,1500,0" yaku="0,1" doraHai="119" who="1" fromWho="1" sc="220,-5,250,35,270,-5,240,-5" /><INIT seed="1,1,0,2,2,43" ten="215,285,265,235" oya="1" hai0="0,16,40,27,53,111,37,48,1,31,57,26,30" hai1="131,99,76,34,4,59,50,129,93,82,52,97,3" hai2="112,38,54,63,28,89,120,5,116,8,65,115,108" hai3="21,78,66,42,58,32,84,86,23,113,107,15,123"/><U12/><E3/><V128/><F116/><W106/><G123/><T6/><D111/><U73/><E34/><V68/><F108/><W114/><G32/><T35/><D6/><U98/><REACH who="1" step="1"/><E93/><REACH who="1" ten="215,275,265,235" step="2"/><V7/><F115/><W135/><G114/><T36/><D31/><U91/><E91/><V96/><F89/><W87/><G113/><T14/><D27/><U110/><E110/><V81/><F28/><W17/><G107/><T83/><D83/><U45/><E45/><V18/><F81/><W77/><G106/><T70/><D70/><U51/><E51/><V9/><F68/><W2/><G2/><T41/><D37/><U101/><E101/><V88/><F88/><W117/><G117/><T25/><D25/><U67/><E67/><V13/><F65/><W62/><G135/><T64/><D64/><U74/><E74/><V60/><F38/><W24/><REACH who="3" step="1"/><G42/><REACH who="3" ten="215,275,265,225" step="2"/><T80/><D41/><U92/><E92/><V11/><F112/><W39/><G39/><T104/><D104/><U127/><E127/><V124/><F124/><W95/><G95/><T22/><REACH who="0" step="1"/><D80/><REACH who="0" ten="205,275,265,225" step="2"/><U19/><E19/><AGARI ba="1,3" hai="15,17,19,21,23,24,58,62,66,77,78,84,86,87" machi="19" ten="40,2600,0" yaku="1,1,8,1,53,0" doraHai="43" doraHaiUra="121" who="3" fromWho="1" sc="205,0,275,-29,265,0,225,59" /><INIT seed="2,0,0,0,1,94" ten="205,246,265,284" oya="2" hai0="116,75,10,91,101,112,43,67,74,80,86,104,71" hai1="8,6,81,134,128,59,2,108,79,23,70,126,87" hai2="64,32,90,68,123,19,88,127,120,45,47,55,95" hai3="100,14,61,26,16,103,54,0,57,12,56,131,31"/><V97/><F127/><W9/><G0/><T3/><D112/><U58/><E126/><V111/><F32/><W115/><G131/><T69/><D116/><U107/><E128/><V41/><F55/><W129/><G129/><T105/><D43/><U109/><E70/><V39/><F47/><W98/><G115/><T133/><D67/><U49/><E134/><V83/><F111/><N who="1" m="42569" /><E107/><N who="0" m="41033" /><D10/><U34/><E34/><V15/><F90/><W35/><G98/><T124/><D3/><U96/><E96/><V93/><F93/><W63/><REACH who="3" step="1"/><G14/><REACH who="3" ten="205,246,265,274" step="2"/><T44/><D124/><U62/><E2/><V42/><F83/><W73/><G73/><T11/><D74/><U4/><E81/><V1/><F1/><W118/><G118/><T52/><D75/><U76/><E87/><V119/><F119/><W24/><G24/><T92/><D133/><U113/><E113/><V84/><F84/><W114/><G114/><T89/><D80/><U7/><E79/><V17/><F41/><W53/><AGARI ba="0,1" hai="9,12,16,26,31,35,53,54,56,57,61,63,100,103" machi="53" ten="20,12000,2" yaku="1,1,0,1,7,1,9,1,54,1,53,1" doraHai="94" doraHaiUra="29" who="3" fromWho="3" sc="205,-30,246,-30,265,-60,274,130" /><INIT seed="3,0,0,0,5,88" ten="175,216,205,404" oya="3" hai0="30,16,110,41,87,46,111,78,23,59,29,28,7" hai1="100,89,74,118,13,31,43,122,91,108,113,60,34" hai2="53,73,104,6,49,121,131,26,61,5,127,102,64" hai3="116,86,80,38,14,101,109,1,126,106,71,135,17"/><W54/><G116/><T10/><D59/><U82/><E43/><V51/><F73/><W129/><G1/><T112/><D112/><U2/><E100/><V8/><F127/><W22/><G38/><T125/><D125/><U85/><E13/><V12/><F131/><W3/><G126/><T99/><D78/><U95/><E74/><V20/><F121/><W33/><G129/><T132/><D132/><U107/><E107/><V94/><F104/><W42/><G135/><T35/><D87/><U134/><E85/><V120/><F5/><W81/><G81/><T4/><D99/><U119/><E113/><V15/><F15/><W56/><G14/><N who="0" m="9623" /><D46/><U21/><E134/><V19/><F53/><W25/><G54/><T72/><D41/><U69/><E119/><V84/><F120/><W11/><G42/><T103/><D72/><U105/><E118/><V39/><F39/><W18/><G80/><T93/><D103/><U32/><E122/><V45/><F45/><W90/><G101/><T24/><D93/><U79/><E95/><V36/><F36/><W52/><G52/><T27/><D29/><U40/><E31/><V50/><F102/><W96/><G106/><T75/><D75/><U77/><E105/><V67/><F61/><W68/><G86/><T57/><D57/><U98/><E60/><V76/><F76/><W130/><G56/><T128/><D128/><U47/><E79/><V65/><F84/><W55/><G130/><T66/><D66/><U44/><E77/><V83/><F83/><W0/><G96/><T58/><D58/><U117/><E82/><RYUUKYOKU ba="0,0" sc="175,-10,216,-10,205,30,404,-10" hai2="6,8,12,19,20,26,49,50,51,64,65,67,94" owari="165,-33.5,206,-19.4,235,3.5,394,49.4" /></mjloggm>