<mjloggm ver="2.3"><GO type="225" lobby="0"/><UN n0="%E6%98%93%E5%88%A9%E8%96%A9%E4%BC%AF" n1="%E3%81%BF%E3%81%BF%E3%81%9A" n2="%E3%81%90%E3%81%A1%E3%82%84%E3%81%BE" n3="%E3%83%B4%E3%83%A0%EF%BC%99%E3%81%A6" dan="16,18,16,16" rate="2135.03,2248.95,2129.28,2127.63" sx="F,M,M,M"/><TAIKYOKU oya="0"/><INIT seed="0,0,0,3,3,47" ten="250,250,250,250" oya="0" hai0="97,22,102,55,81,132,69,85,64,95,6,96,45" hai1="76,41,75,36,44,51,35,90,99,40,68,91,105" hai2="11,127,79,29,106,80,130,125,0,54,122,124,73" hai3="104,134,117,37,23,111,88,13,19,83,78,120,17"/><T112/><D132/><U74/><E35/><V77/><F122/><W7/><G134/><T84/><D112/><U10/><E68/><V107/><F130/><W20/><G120/><T61/><D6/><U116/><E116/><V60/><F29/><W67/><G117/><T16/><D81/><U66/><E66/><V100/><F60/><W26/><G37/><T63/><D97/><U82/><E75/><N who="2" m="43071" /><F54/><W58/><G104/><N who="2" m="39977" /><F11/><W46/><G111/><T28/><D28/><U89/><E10/><V38/><F0/><W135/><G135/><T114/><D114/><U4/><E4/><V15/><F15/><W1/><G1/><T115/><D115/><U62/><E62/><V30/><F30/><W34/><G34/><T8/><D8/><U110/><E110/><V94/><F38/><W129/><G129/><T53/><D55/><U52/><REACH who="1" step="1"/><E36/><REACH who="1" ten="250,240,250,250" step="2"/><V72/><F79/><W39/><G7/><T93/><D63/><U126/><E126/><V113/><F113/><W121/><G78/><T24/><REACH who="0" step="1"/><D95/><REACH who="0" ten="240,240,250,250" step="2"/><U12/><E12/><V3/><F3/><W21/><G13/><T86/><D86/><U49/><E49/><AGARI ba="0,2" hai="16,22,24,45,49,53,61,64,69,84,85,93,96,102" machi="49" ten="40,7700,0" yaku="1,1,52,1,54,1,53,0" doraHai="47" doraHaiUra="31" who="0" fromWho="1" sc="240,97,240,-77,250,0,250,0" /><INIT seed="0,1,0,4,4,60" ten="337,163,250,250" oya="0" hai0="35,41,16,55,111,131,28,104,120,112,65,19,45" hai1="119,118,34,72,115,59,105,86,27,96,39,5,106" hai2="24,44,50,49,78,69,135,52,25,40,8,38,132" hai3="116,85,53,43,1,109,97,10,94,88,0,54,64"/><T67/><D112/><U93/><E72/><V62/><F78/><W71/><G116/><T99/><D120/><U82/><E39/><V76/><F76/><W26/><G109/><T29/><D35/><U98/><E5/><V108/><F8/><W42/><G26/><T51/><D131/><U129/><E59/><N who="2" m="33167" /><F108/><W70/><G10/><T91/><D104/><U107/><E27/><V33/><F50/><W83/><G70/><T81/><D41/><U128/><E34/><V110/><F110/><W47/><G53/><T113/><D113/><U22/><E22/><V56/><F56/><W74/><G54/><T103/><D103/><U130/><E115/><V80/><F80/><W134/><G74/><T102/><D102/><N who="1" m="60687" /><E98/><V126/><F126/><W121/><G121/><T63/><D63/><U66/><E66/><N who="0" m="25097" /><D111/><U95/><E95/><V23/><F33/><W4/><G42/><T15/><D19/><U11/><E11/><V89/><F62/><W9/><G71/><T84/><D99/><U77/><AGARI ba="1,0" hai="77,82,86,105,106,107,118,119,128,129,130" m="60687" machi="77" ten="40,5200,0" yaku="19,1,34,2" doraHai="60" who="1" fromWho="1" sc="337,-27,163,55,250,-14,250,-14" /><INIT seed="1,0,0,2,3,50" ten="310,218,236,236" oya="1" hai0="82,109,22,73,21,132,54,23,53,13,80,31,114" hai1="88,4,16,100,74,10,40,65,47,57,30,95,116" hai2="92,6,11,35,94,27,25,122,61,110,67,66,111" hai3="46,43,38,34,98,90,58,44,68,48,121,72,71"/><U89/><E116/><V106/><F122/><W33/><G121/><T124/><D114/><U112/><E112/><V87/><F106/><W64/><G72/><T37/><D37/><U75/><E30/><V2/><F2/><W20/><G20/><N who="0" m="7787" /><D73/><U14/><E100/><V118/><F118/><W39/><G39/><T69/><D69/><U119/><E89/><V49/><F49/><W79/><G79/><T41/><D41/><U63/><E119/><V3/><F67/><W19/><G19/><N who="0" m="10735" /><D109/><N who="2" m="41482" /><F87/><W77/><G77/><T97/><D31/><U29/><E29/><N who="2" m="19887" /><F27/><W125/><G68/><AGARI ba="0,0" hai="3,6,11,61,66,68,92,94" m="19887,41482" machi="68" ten="30,1000,0" yaku="14,1" doraHai="50" who="2" fromWho="3" sc="310,0,218,0,236,10,236,-10" /><INIT seed="2,0,0,1,4,33" ten="310,218,246,226" oya="2" hai0="24,17,78,108,45,47,72,25,43,65,127,113,39" hai1="134,123,117,15,119,8,10,56,7,121,87,20,85" hai2="1,40,131,82,59,105,6,77,58,81,125,41,106" hai3="118,68,26,84,34,79,129,74,48,80,19,73,38"/><V89/><F131/><W94/><G118/><N who="1" m="45066" /><E56/><V0/><F6/><W133/><G38/><T116/><D113/><U36/><E36/><V130/><F89/><W16/><G68/><T49/><D116/><U95/><E95/><V93/><F93/><W3/><G129/><T52/><D108/><U9/><E134/><V70/><F125/><W63/><G133/><T76/><D65/><U83/><E87/><V102/><F77/><W122/><G122/><N who="1" m="46602" /><E20/><V57/><F57/><W96/><G63/><T55/><D127/><U126/><E126/><V30/><F102/><W21/><G34/><T2/><D72/><U114/><E114/><V11/><F70/><W100/><G3/><T97/><D2/><U71/><E71/><V54/><F1/><W109/><G109/><T115/><D115/><U132/><E132/><V91/><F0/><W22/><REACH who="3" step="1"/><G48/><REACH who="3" ten="310,218,246,216" step="2"/><T62/><D62/><U42/><E42/><V18/><F41/><W50/><G50/><T120/><D120/><U110/><E110/><V111/><F40/><W92/><G92/><T27/><D39/><U29/><E29/><V99/><F30/><W112/><G112/><T98/><D43/><U64/><E64/><V107/><F111/><W5/><G5/><T88/><D49/><U46/><E46/><V69/><F69/><W32/><G32/><T12/><D47/><U60/><E60/><V61/><F107/><W13/><AGARI ba="0,1" hai="13,16,19,21,22,26,73,74,79,80,84,94,96,100" machi="13" ten="20,5200,0" yaku="1,1,0,1,7,1,54,1,53,0" doraHai="33" doraHaiUra="101" who="3" fromWho="3" sc="310,-13,218,-13,246,-26,216,62" /><INIT seed="3,0,0,4,0,98" ten="297,205,220,278" oya="3" hai0="81,46,85,18,115,43,28,108,23,99,118,51,37" hai1="15,105,17,35,57,12,26,2,84,10,125,38,132" hai2="47,122,92,67,39,21,131,7,22,78,110,48,70" hai3="133,124,4,89,83,69,9,96,52,123,94,135,111"/><W31/><G123/><T102/><D118/><U75/><E75/><V50/><F110/><W117/><G117/><T66/><D108/><U27/><E38/><V113/><F113/><W121/><G111/><T5/><D115/><U45/><E105/><V24/><F131/><W54/><G121/><T3/><D66/><U44/><E2/><V65/><F122/><W49/><G69/><T62/><D62/><U19/><E125/><V42/><F70/><W116/><G116/><T91/><D28/><U59/><E84/><V77/><F39/><W1/><G124/><T107/><D37/><U20/><E132/><N who="3" m="50762" /><G31/><T104/><D5/><U103/><E103/><V64/><F50/><W130/><G130/><T13/><D3/><U129/><E129/><V95/><F7/><W82/><G54/><T87/><D87/><U71/><E71/><V11/><F11/><W93/><G94/><AGARI ba="0,0" hai="13,18,23,43,46,51,81,85,91,94,99,102,104,107" machi="94" ten="30,2000,0" yaku="7,1,52,1" doraHai="98" who="0" fromWho="3" sc="297,20,205,0,220,0,278,-20" owari="317,41.7,205,-29.5,220,-18.0,258,5.8" /></mjloggm>