<mjloggm ver="2.3"><GO type="225" lobby="0"/><UN n0="%33%74%72%65%65" n1="%E6%9C%88%E5%B3%B6%E5%9F%BA" n2="%72%69%6F%75%63%68%61%6E" n3="%E3%83%81%E3%83%83%E3%82%BF%E3%82%BD%E3%83%BC" dan="17,17,16,16" rate="2130.02,2165.23,2090.89,2190.71" sx="F,M,M,F"/><TAIKYOKU oya="0"/><INIT seed="0,0,0,5,4,64" ten="250,250,250,250" oya="0" hai0="12,48,97,69,21,2,30,26,28,91,56,39,127" hai1="0,108,46,57,115,104,34,49,89,72,132,11,120" hai2="134,103,73,88,126,63,102,123,6,95,1,100,86" hai3="107,83,128,7,61,62,80,19,41,117,98,79,122"/><T105/><D2/><U114/><E104/><V8/><F126/><W85/><G117/><T45/><D127/><U14/><E120/><V135/><F123/><W111/><G122/><T42/><D69/><U51/><E34/><V116/><F116/><W90/><G128/><T70/><D70/><U94/><E72/><V77/><REACH who="2" step="1"/><F63/><REACH who="2" ten="250,250,240,250" step="2"/><W37/><G61/><T81/><D30/><U33/><E114/><V23/><F23/><W93/><G62/><T112/><D112/><U74/><E33/><V20/><F20/><W29/><G111/><T9/><D28/><U44/><E108/><V82/><AGARI ba="0,1" hai="1,6,8,73,77,82,86,88,95,100,102,103,134,135" machi="82" ten="30,4000,0" yaku="1,1,0,1,54,1,53,0" doraHai="64" doraHaiUra="50" who="2" fromWho="2" sc="250,-20,250,-10,240,50,250,-10" /><INIT seed="1,0,0,1,1,125" ten="230,240,290,240" oya="1" hai0="112,133,87,31,32,78,88,67,49,9,127,52,3" hai1="35,34,33,47,19,11,71,102,21,37,113,55,65" hai2="23,107,39,97,111,22,14,91,24,25,17,121,74" hai3="70,43,8,66,123,79,126,26,13,48,85,98,122"/><U50/><E113/><V129/><F129/><W81/><G126/><T2/><D112/><U10/><E102/><V94/><F111/><W119/><G119/><T28/><D127/><U73/><E73/><V51/><F121/><W6/><G26/><T117/><D117/><U105/><E105/><V128/><F128/><W92/><G66/><T134/><D78/><U96/><E96/><V124/><F39/><W29/><G29/><N who="0" m="11339" /><D67/><U0/><E0/><V76/><F124/><W100/><REACH who="3" step="1"/><G70/><REACH who="3" ten="230,240,290,230" step="2"/><T40/><D32/><U58/><E71/><V54/><F25/><W95/><G95/><N who="0" m="54687" /><D40/><U4/><E65/><V63/><F107/><W80/><G80/><T72/><D72/><U15/><E35/><V59/><F74/><W89/><G89/><T5/><D5/><U1/><E34/><V101/><F76/><W120/><G120/><T90/><D90/><U45/><E33/><V61/><F91/><W106/><G106/><T93/><D93/><U115/><E115/><V16/><AGARI ba="0,1" hai="14,16,17,22,23,24,51,54,59,61,63,94,97,101" machi="16" ten="20,5200,0" yaku="0,1,7,1,8,1,54,1" doraHai="125" who="2" fromWho="2" sc="230,-13,240,-26,290,62,230,-13" /><INIT seed="2,0,0,4,1,5" ten="217,214,352,217" oya="2" hai0="102,12,87,103,73,97,31,56,112,135,57,111,99" hai1="42,9,132,117,64,36,8,51,129,27,122,33,24" hai2="71,32,110,13,120,49,74,91,94,75,113,89,17" hai3="62,90,119,47,16,134,118,67,1,53,37,2,121"/><V86/><F113/><W55/><G121/><T10/><D112/><U133/><E117/><V131/><F120/><W20/><G134/><N who="1" m="51818" /><E122/><V98/><F131/><W18/><G90/><T70/><D135/><U52/><E129/><V66/><F110/><W104/><G104/><T125/><D111/><U48/><E64/><V38/><F38/><W7/><G37/><T108/><D108/><U25/><E33/><V78/><F32/><W28/><G28/><T85/><D70/><U45/><E36/><V92/><F78/><W128/><G128/><T96/><D73/><U59/><AGARI ba="0,0" hai="8,9,24,25,27,42,45,48,51,52,59" m="51818" machi="59" ten="30,7900,0" yaku="20,1,52,2,54,1" doraHai="5" who="1" fromWho="1" sc="217,-20,214,79,352,-39,217,-20" /><INIT seed="3,0,0,2,5,6" ten="197,293,313,197" oya="3" hai0="134,74,96,58,14,15,3,121,106,42,72,123,44" hai1="117,33,98,79,122,27,23,46,29,67,80,59,10" hai2="89,70,37,30,114,103,61,60,28,54,71,91,130" hai3="83,52,1,76,69,40,51,133,120,95,85,38,109"/><W135/><G120/><T112/><D3/><U113/><E122/><V36/><F103/><W48/><G69/><N who="2" m="26121" /><F54/><W82/><G95/><T88/><D134/><N who="3" m="51209" /><G109/><T35/><D35/><U56/><E113/><V97/><F130/><W84/><G1/><T129/><D129/><U31/><E117/><V93/><F97/><W9/><G9/><T45/><D112/><U126/><E126/><V108/><F93/><W66/><G66/><T0/><D0/><U2/><E98/><V68/><F68/><W32/><G32/><T41/><D96/><U75/><E67/><V4/><F4/><W16/><G16/><T49/><D106/><U7/><E31/><N who="2" m="11819" /><F108/><W25/><G25/><T119/><D119/><U87/><E33/><V18/><F18/><W94/><G94/><T21/><D123/><U47/><E87/><V125/><F125/><W55/><G38/><N who="2" m="14953" /><F114/><W20/><G20/><T43/><D21/><U111/><REACH who="1" step="1"/><E111/><REACH who="1" ten="197,283,313,197" step="2"/><V63/><AGARI ba="0,1" hai="60,61,63,89,91" m="14953,11819,26121" machi="63" ten="40,2700,0" yaku="28,2" doraHai="6" who="2" fromWho="2" sc="197,-7,283,-7,313,37,197,-13" owari="190,-21.0,276,7.6,350,45.0,184,-31.6" /></mjloggm>