<mjloggm ver="2.3"><GO type="225" lobby="0"/><UN n0="%E3%83%A2%E3%83%B3%E3%82%AD%E3%83%BC%E3%83%88%E3%83%AA%E3%83%83%E3%82%AF" n1="%E3%83%A9%E3%82%A4%E3%83%B3%E3%81%AE%E8%99%8E" n2="%E5%8D%A0%E3%81%84%E5%B8%AB%E8%A3%8F%E3%81%AA%E3%81%84%E3%81%97" n3="%43%68%65" dan="16,16,17,16" rate="2140.09,2141.48,2160.60,2096.62" sx="M,M,M,M"/><TAIKYOKU oya="0"/><INIT seed="0,0,0,0,2,124" ten="250,250,250,250" oya="0" hai0="123,2,106,40,99,69,11,81,79,96,88,47,110" hai1="132,0,83,112,91,35,29,51,58,5,63,10,95" hai2="125,30,68,92,117,72,93,102,105,108,121,73,126" hai3="85,116,37,45,65,113,52,128,100,80,103,3,120"/><T55/><D123/><U90/><E132/><V104/><F30/><W41/><G113/><T23/><D69/><U19/><E112/><V54/><F54/><W98/><G3/><T70/><D70/><U6/><E6/><V67/><F68/><W122/><G116/><T119/><D119/><U48/><E19/><V77/><F67/><W20/><G65/><T97/><D106/><N who="2" m="41066" /><F117/><W61/><G20/><T43/><D110/><U39/><E39/><V101/><F121/><N who="3" m="46699" /><G98/><T76/><D23/><U13/><E0/><V8/><F8/><W131/><G52/><T133/><D133/><U15/><E15/><V46/><F46/><W127/><G61/><T78/><D2/><U75/><E29/><V9/><F9/><W89/><G127/><N who="2" m="48649" /><F108/><W4/><G4/><T86/><REACH who="0" step="1"/><D11/><REACH who="0" ten="240,250,250,250" step="2"/><U57/><E10/><V21/><F21/><W24/><G24/><T118/><D118/><U115/><E115/><V27/><F27/><W62/><G62/><T60/><D60/><U34/><E63/><V18/><F18/><W12/><G12/><T134/><D134/><U129/><E13/><V25/><F25/><W36/><G36/><T14/><D14/><U56/><E48/><AGARI ba="0,1" hai="40,43,47,48,55,76,78,79,81,86,88,96,97,99" machi="48" ten="40,7700,0" yaku="1,1,8,1,54,1,53,0" doraHai="124" doraHaiUra="111" who="0" fromWho="1" sc="240,87,250,-77,250,0,250,0" /><INIT seed="0,1,0,3,3,114" ten="327,173,250,250" oya="0" hai0="111,45,127,36,18,107,67,129,100,4,9,22,26" hai1="51,48,103,14,49,37,118,16,76,11,109,97,28" hai2="122,40,30,74,53,13,84,124,21,94,121,132,72" hai3="43,5,89,128,35,104,8,47,99,69,3,126,82"/><T115/><D115/><U0/><E109/><V105/><F105/><W134/><G69/><T106/><D111/><U112/><E112/><V25/><F132/><W56/><G35/><T15/><D129/><U86/><E37/><V95/><F124/><W27/><G126/><T52/><D127/><U41/><E0/><V98/><F40/><W120/><G128/><T6/><D67/><U90/><E76/><V57/><F72/><W20/><G134/><T10/><D100/><U59/><E28/><V73/><F73/><W91/><G120/><T62/><D36/><U102/><E41/><V54/><F74/><W92/><G104/><T1/><REACH who="0" step="1"/><D62/><REACH who="0" ten="317,173,250,250" step="2"/><U116/><E102/><V61/><F122/><W39/><G39/><T70/><D70/><U110/><E110/><V29/><F121/><W85/><G56/><T66/><D66/><U24/><E24/><V75/><F57/><W34/><G27/><T64/><D64/><U113/><E113/><V42/><F25/><W130/><G130/><T135/><D135/><U96/><E59/><V133/><F61/><W44/><G44/><T125/><D125/><U68/><E68/><V93/><F133/><W60/><G60/><T117/><D117/><U131/><E131/><V71/><F71/><W58/><G58/><T83/><D83/><N who="1" m="49503" /><E103/><V38/><F38/><W55/><G47/><T79/><D79/><U119/><E119/><V78/><F78/><W50/><G82/><T2/><D2/><U46/><E46/><V7/><F94/><W77/><G92/><T123/><D123/><U23/><E11/><N who="2" m="4351" /><F93/><W17/><G77/><RYUUKYOKU ba="1,1" sc="317,15,173,15,250,-15,250,-15" hai0="1,4,6,9,10,15,18,22,26,45,52,106,107" hai1="14,16,23,48,49,51,96,97,116,118" /><INIT seed="0,2,1,5,5,83" ten="332,188,235,235" oya="0" hai0="60,49,3,66,69,95,99,4,115,25,17,73,32" hai1="36,39,101,19,41,77,22,8,87,78,119,107,103" hai2="28,59,58,130,135,100,75,97,31,35,104,88,43" hai3="90,67,134,57,123,20,45,11,129,116,132,84,125"/><T38/><D73/><U6/><E119/><V128/><F75/><W105/><G116/><T81/><D38/><U24/><E77/><V94/><F43/><W64/><G105/><T68/><D115/><U79/><E79/><V34/><F135/><N who="3" m="51755" /><G123/><T42/><D4/><U40/><E39/><V55/><F28/><W86/><G125/><T89/><D3/><U51/><E36/><V63/><F58/><W70/><G70/><T50/><D69/><U120/><E120/><V13/><F13/><W114/><G114/><T65/><D65/><U111/><E111/><V133/><F133/><W74/><G74/><T5/><D5/><U93/><E107/><V1/><F1/><W117/><G117/><T72/><D42/><N who="1" m="16491" /><E51/><V92/><F104/><W80/><G129/><N who="2" m="49769" /><F31/><W0/><G45/><T62/><D60/><U118/><E118/><V71/><F71/><W27/><G57/><T37/><D37/><U15/><E78/><V122/><F122/><W21/><G21/><T85/><D72/><U53/><E53/><V61/><F61/><W56/><G56/><T30/><REACH who="0" step="1"/><D17/><REACH who="0" ten="322,188,235,235" step="2"/><U109/><E109/><V33/><F33/><W96/><G67/><T47/><D47/><U98/><E6/><V7/><F7/><W14/><G64/><T23/><D23/><U54/><E54/><V82/><F82/><N who="3" m="49431" /><G0/><T121/><D121/><U16/><E22/><V44/><F44/><W52/><G52/><T18/><D18/><U29/><E19/><V2/><F2/><W113/><G113/><T26/><D26/><U76/><E24/><V91/><F100/><AGARI ba="2,2" hai="25,30,32,49,50,62,66,68,81,85,89,95,99,100" machi="100" ten="30,5800,0" yaku="1,1,7,1,52,1,53,0" doraHai="83" doraHaiUra="110" who="0" fromWho="2" sc="322,84,188,0,235,-64,235,0" /><INIT seed="0,3,0,5,1,94" ten="406,188,171,235" oya="0" hai0="120,3,114,106,48,30,45,58,7,134,132,118,62" hai1="13,108,73,39,10,9,12,107,32,0,37,84,38" hai2="66,67,61,105,129,16,96,5,100,70,99,95,15" hai3="75,102,1,63,40,104,122,119,46,123,60,131,20"/><T50/><D106/><U64/><E73/><V81/><F129/><W26/><G119/><T112/><D7/><U8/><E0/><V17/><F66/><W93/><G104/><T110/><D30/><U92/><E107/><V74/><F5/><W111/><G75/><T25/><D25/><U19/><E32/><V33/><F33/><W24/><G1/><T80/><D80/><U59/><E108/><V49/><F49/><W89/><G102/><T29/><D29/><U11/><E13/><V78/><REACH who="2" step="1"/><F15/><REACH who="2" ten="406,188,161,235" step="2"/><W34/><G34/><T121/><D3/><U90/><REACH who="1" step="1"/><E37/><REACH who="1" ten="406,178,161,235" step="2"/><V127/><F127/><W6/><G131/><T86/><D118/><U72/><E72/><V77/><F77/><W126/><G126/><T51/><D110/><U117/><E117/><V87/><F87/><W128/><G128/><T14/><D86/><U4/><E4/><V35/><F35/><W130/><G6/><T44/><D14/><U97/><E97/><V85/><F85/><W124/><G124/><T47/><D120/><U28/><E28/><V133/><F133/><N who="0" m="51306" /><D121/><N who="3" m="46089" /><G111/><T135/><D135/><U69/><E69/><V109/><F109/><W41/><G130/><T76/><D76/><U54/><E54/><AGARI ba="3,2" hai="44,45,47,48,50,51,54,58,62,112,114" m="51306" machi="54" ten="40,7700,0" yaku="20,1,34,2" doraHai="94" who="0" fromWho="1" sc="406,106,178,-86,161,0,235,0" /><INIT seed="0,4,0,0,5,62" ten="512,92,161,235" oya="0" hai0="36,4,63,91,103,22,111,93,86,39,101,67,73" hai1="10,44,49,59,135,8,114,43,11,74,54,126,52" hai2="9,6,7,3,66,121,77,29,72,95,105,37,51" hai3="40,41,61,60,1,130,104,120,16,71,127,32,14"/><T56/><D73/><U0/><E74/><V70/><F105/><W12/><G1/><T53/><D111/><U69/><E126/><V48/><F121/><W78/><G104/><T33/><D33/><U27/><E135/><V47/><F6/><W24/><G127/><T2/><D2/><U98/><E69/><V87/><F29/><W84/><G120/><T102/><D4/><U107/><E114/><V85/><F70/><W132/><G132/><T97/><D22/><U99/><E0/><V94/><F66/><W50/><G130/><T81/><REACH who="0" step="1"/><D53/><REACH who="0" ten="502,92,161,235" step="2"/><U110/><E110/><V129/><F7/><W82/><G32/><T35/><D35/><U64/><E27/><V76/><F3/><W19/><G24/><T108/><D108/><U90/><E54/><V21/><F21/><W123/><G123/><T124/><D124/><U25/><E25/><V106/><F9/><W117/><G14/><T13/><D13/><U131/><E10/><V28/><F129/><W92/><G12/><T17/><D17/><U122/><E131/><V57/><F28/><W134/><G16/><T45/><D45/><U30/><E30/><V133/><F47/><W100/><G19/><T89/><AGARI ba="4,1" hai="36,39,56,63,67,81,86,89,91,93,97,101,102,103" machi="89" ten="30,6000,0" yaku="1,1,0,1,52,1,53,0" doraHai="62" doraHaiUra="119" who="0" fromWho="0" sc="502,82,92,-24,161,-24,235,-24" /><INIT seed="0,5,0,1,2,11" ten="584,68,137,211" oya="0" hai0="86,37,43,76,80,71,113,5,117,12,57,63,44" hai1="3,33,114,90,104,60,24,132,106,46,27,112,61" hai2="31,35,65,89,118,55,77,79,95,123,54,68,56" hai3="45,129,128,59,105,1,122,72,116,66,13,0,20"/><T99/><D117/><U82/><E3/><V32/><F123/><W2/><G116/><T23/><D71/><U119/><E119/><V85/><F118/><W84/><G72/><T78/><D113/><N who="1" m="43627" /><E132/><V73/><F68/><W115/><G115/><T21/><D78/><N who="2" m="29706" /><F73/><W91/><G105/><N who="1" m="40554" /><E46/><V62/><F32/><W126/><G45/><T16/><D99/><U22/><E33/><V88/><F35/><W38/><G38/><T26/><D5/><U94/><E82/><N who="2" m="49207" /><F31/><W15/><G20/><T39/><D39/><U8/><E8/><V50/><F50/><W19/><G19/><T29/><D63/><N who="1" m="24139" /><E22/><V124/><F124/><W133/><G126/><T98/><D98/><AGARI ba="5,0" hai="24,27,90,94,98" m="24139,40554,43627" machi="98" ten="30,1000,0" yaku="11,1" doraHai="11" who="1" fromWho="0" sc="584,-25,68,25,137,0,211,0" /><AGARI ba="5,0" hai="54,55,56,62,65,89,95,98" m="49207,29706" machi="98" ten="30,2000,0" yaku="8,1,54,1" doraHai="11" who="2" fromWho="0" sc="559,-20,93,0,137,20,211,0" /><INIT seed="1,0,0,2,2,78" ten="539,93,157,211" oya="1" hai0="34,52,135,47,116,67,110,58,36,113,133,117,51" hai1="75,98,63,123,106,76,11,134,95,56,79,43,70" hai2="29,89,132,6,17,129,5,62,73,90,59,68,109" hai3="24,84,23,102,91,28,4,124,2,30,38,112,41"/><U100/><E123/><V103/><F109/><W0/><G112/><T48/><D34/><U22/><E70/><V27/><F68/><W77/><G124/><T114/><D36/><U108/><E134/><N who="0" m="51209" /><D110/><U83/><E108/><V55/><F73/><W107/><G77/><T16/><D16/><U93/><E76/><V13/><F132/><W88/><G30/><T118/><D67/><U42/><E22/><V10/><F103/><W18/><G4/><T111/><D111/><U74/><E74/><V15/><F129/><W7/><G7/><T53/><AGARI ba="0,0" hai="47,48,51,52,53,58,113,114,116,117,118" m="51209" machi="53" ten="40,8000,1" yaku="20,1,34,2,54,1" doraHai="78" who="0" fromWho="0" sc="539,80,93,-40,157,-20,211,-20" /><INIT seed="2,0,0,0,0,47" ten="619,53,137,191" oya="2" hai0="82,74,91,18,16,111,123,10,52,32,89,114,67" hai1="56,55,62,129,70,87,122,20,85,130,68,34,97" hai2="90,73,66,124,5,116,14,39,88,92,102,0,57" hai3="28,21,101,118,117,76,54,83,81,19,65,11,64"/><V94/><F116/><W60/><G101/><T135/><D32/><U44/><E34/><V25/><F39/><W15/><G65/><T112/><D123/><U29/><E20/><V22/><F73/><W26/><G54/><T71/><D111/><U86/><E29/><N who="2" m="17591" /><F0/><W72/><REACH who="3" step="1"/><G83/><REACH who="3" ten="619,53,137,181" step="2"/><T37/><D67/><U49/><E122/><V75/><F102/><W125/><G125/><T42/><D52/><N who="1" m="34055" /><E97/><V109/><F66/><W96/><G96/><T113/><D82/><U13/><E13/><V120/><F14/><W115/><G115/><T1/><D113/><U105/><E105/><V79/><F124/><W31/><G31/><T106/><D114/><U77/><E77/><V40/><F79/><W127/><G127/><T121/><D106/><U107/><E107/><V53/><F120/><W59/><AGARI ba="0,1" hai="11,15,19,21,26,28,59,60,64,72,76,81,117,118" machi="59" ten="20,2700,0" yaku="1,1,0,1,7,1,53,0" doraHai="47" doraHaiUra="36" who="3" fromWho="3" sc="619,-7,53,-7,137,-13,181,37" /><INIT seed="3,0,0,1,3,10" ten="612,46,124,218" oya="3" hai0="105,116,55,16,65,17,112,110,106,97,102,109,21" hai1="124,77,69,40,86,19,53,75,72,28,31,92,8" hai2="79,14,29,70,30,123,25,82,89,4,128,42,39" hai3="66,87,113,20,122,131,117,23,47,91,99,58,59"/><W22/><G122/><T101/><D116/><U135/><E69/><V1/><F70/><W114/><G117/><T121/><D121/><U46/><E124/><V61/><F123/><W45/><G99/><N who="0" m="61631" /><D65/><U90/><E135/><V24/><F128/><W11/><G131/><T51/><D112/><U118/><E118/><V49/><F39/><W41/><G11/><T2/><D2/><U63/><E75/><V9/><F1/><W108/><G108/><N who="0" m="41579" /><D21/><U15/><E72/><V71/><F25/><W34/><G34/><T100/><D100/><U43/><E77/><V103/><F89/><W129/><G129/><T54/><D54/><U78/><E78/><V133/><F49/><W74/><G74/><T115/><D115/><U83/><E92/><V98/><F42/><N who="1" m="15913" /><E63/><V18/><F133/><W26/><G114/><T127/><D127/><U33/><E33/><V13/><F61/><W5/><G113/><T35/><D35/><U60/><E60/><V12/><F71/><W85/><G26/><T32/><D32/><U81/><E81/><V36/><F24/><W96/><G41/><T126/><D126/><U94/><E94/><V0/><F82/><W3/><G3/><T132/><D132/><U27/><E27/><V57/><F79/><W37/><G37/><T64/><D64/><U50/><E31/><N who="2" m="11787" /><F36/><W73/><G73/><T38/><D38/><U107/><E107/><V48/><F0/><W84/><G66/><T62/><D62/><U68/><E68/><V67/><F67/><W88/><G91/><T52/><D51/><U125/><E125/><V104/><F104/><RYUUKYOKU ba="0,0" sc="612,15,46,15,124,-15,218,-15" hai0="16,17,52,55,97,102,106" hai1="8,15,19,28,46,50,53,83,86,90" owari="627,72.7,61,-43.9,109,-29.1,203,0.3" /></mjloggm>