<mjloggm ver="2.3"><GO type="225" lobby="0"/><UN n0="%E3%81%95%E3%81%8D%E3%81%9F%E3%81%BE%E6%9E%97%E6%AA%8E" n1="%77%72%77%72%77%72%77%72" n2="%E6%9C%88%E5%A4%9C%E3%81%AB%E9%A2%A8" n3="%E3%81%BF%E3%81%BF%E3%81%9A" dan="16,16,16,17" rate="2091.04,2099.38,2098.22,2198.24" sx="M,M,M,M"/><TAIKYOKU oya="0"/><INIT seed="0,0,0,3,2,126" ten="250,250,250,250" oya="0" hai0="55,70,107,29,119,86,96,23,61,6,90,121,123" hai1="97,63,89,30,15,51,41,27,56,5,69,28,44" hai2="7,38,133,116,132,103,77,66,100,40,24,95,113" hai3="18,93,83,124,32,54,2,105,58,71,104,67,74"/><T101/><D119/><U94/><E69/><V17/><F113/><W91/><G32/><T13/><D6/><U135/><E135/><N who="2" m="51787" /><F116/><W59/><G2/><T75/><D75/><U73/><E73/><V49/><F38/><W3/><G3/><T80/><D55/><U87/><E87/><V106/><F106/><W122/><G124/><T120/><D13/><U112/><E112/><V78/><F66/><W111/><G122/><T50/><D50/><U43/><E43/><V37/><F37/><W53/><G67/><T115/><D115/><U45/><E45/><N who="2" m="25767" /><F7/><W117/><G71/><T81/><D81/><U129/><E129/><V12/><F24/><W0/><G117/><T31/><REACH who="0" step="1"/><D23/><REACH who="0" ten="240,250,250,250" step="2"/><U11/><REACH who="1" step="1"/><E27/><REACH who="1" ten="240,240,250,250" step="2"/><V33/><F33/><W98/><G83/><T8/><D8/><U57/><E57/><V92/><F12/><W85/><G74/><T22/><D22/><U110/><E110/><V82/><F82/><N who="3" m="49591" /><G111/><T68/><D68/><U16/><E16/><V52/><F17/><W130/><G0/><T114/><D114/><U25/><E25/><V79/><F52/><AGARI ba="0,2" hai="5,11,15,28,30,41,44,51,52,56,63,89,94,97" machi="52" ten="30,7700,0" yaku="1,1,7,1,8,1,54,1,53,0" doraHai="126" doraHaiUra="76" who="1" fromWho="2" sc="240,0,240,97,250,-77,250,0" /><INIT seed="1,0,0,2,5,90" ten="240,337,173,250" oya="1" hai0="59,135,40,14,49,57,35,19,26,67,73,117,125" hai1="23,9,36,24,69,50,29,64,116,109,129,108,15" hai2="38,132,6,65,82,104,1,30,70,37,32,71,39" hai3="21,101,78,115,123,72,28,111,44,107,47,63,11"/><U12/><E116/><V33/><F82/><W93/><G123/><T41/><D73/><U34/><E36/><V27/><F132/><W66/><G115/><T84/><D135/><U76/><E129/><V99/><F33/><W52/><G107/><T2/><D2/><U79/><E69/><V121/><F121/><W124/><G124/><T16/><D125/><U18/><E64/><V103/><F65/><W17/><G111/><N who="1" m="42570" /><E50/><V94/><F94/><W31/><G78/><T80/><D117/><U122/><E122/><V42/><F42/><N who="0" m="16490" /><D35/><U86/><E86/><V98/><F98/><N who="3" m="59599" /><G72/><T97/><D97/><U131/><E131/><V58/><REACH who="2" step="1"/><F58/><REACH who="2" ten="240,337,163,250" step="2"/><N who="3" m="35271" /><G66/><T87/><D67/><U8/><E76/><V75/><F75/><W91/><G91/><T95/><D59/><U43/><E79/><V77/><F77/><W127/><G127/><T92/><D87/><U112/><E112/><V20/><F20/><W25/><G11/><AGARI ba="0,1" hai="1,6,11,27,30,32,37,38,39,70,71,99,103,104" machi="11" ten="40,8000,1" yaku="1,1,33,3,53,0" doraHai="90" doraHaiUra="128" who="2" fromWho="3" sc="240,0,337,0,163,90,250,-80" /><INIT seed="2,0,0,5,5,107" ten="240,337,253,170" oya="2" hai0="121,13,72,119,133,36,56,128,24,104,9,4,54" hai1="18,11,40,90,71,101,5,16,65,25,58,117,21" hai2="86,95,27,63,88,57,81,79,73,130,50,84,46" hai3="59,64,51,34,14,68,124,93,76,45,120,132,106"/><V37/><F37/><W135/><G120/><T39/><D121/><U28/><E117/><V115/><F130/><W66/><G106/><T94/><D104/><U38/><E71/><V109/><F109/><W2/><G2/><T92/><D128/><U113/><E113/><V126/><F126/><W0/><G0/><T62/><D133/><N who="3" m="51273" /><G34/><T19/><D119/><U77/><E77/><V108/><F108/><W69/><G93/><T87/><D92/><U98/><E90/><V102/><F102/><W52/><G14/><T61/><D61/><N who="1" m="38071" /><E40/><V48/><F115/><W31/><G31/><T105/><D105/><U111/><E38/><V44/><F27/><W33/><G33/><T78/><D24/><U47/><E47/><N who="2" m="17963" /><F73/><W32/><G32/><T127/><D127/><U131/><E131/><V97/><F97/><W118/><G76/><T43/><D43/><U8/><E111/><V23/><F23/><W82/><G82/><T100/><D39/><U70/><E70/><N who="3" m="27242" /><G124/><T41/><D100/><U67/><E98/><V125/><F125/><W122/><G118/><T15/><D94/><U49/><E101/><V29/><F29/><W12/><G12/><T91/><D15/><U3/><E28/><V74/><F74/><W85/><G85/><T35/><D35/><U110/><E110/><V89/><F79/><W17/><G122/><T83/><D4/><U55/><E21/><V123/><F123/><W1/><G1/><T112/><D78/><U99/><E25/><V30/><F30/><W53/><G17/><T75/><D112/><U42/><E99/><V6/><F6/><RYUUKYOKU ba="0,0" sc="240,10,337,-30,253,10,170,10" hai0="9,13,19,36,41,54,56,62,72,75,83,87,91" hai2="48,50,57,63,81,84,86,88,89,95" hai3="45,51,52,53,59,64,66" /><INIT seed="2,1,0,3,2,16" ten="250,307,263,180" oya="2" hai0="34,79,132,49,56,71,22,32,3,103,107,92,115" hai1="39,50,128,31,91,29,114,96,66,45,80,67,4" hai2="126,61,73,130,5,85,35,42,7,89,37,15,86" hai3="101,14,48,10,51,125,106,81,47,75,98,113,11"/><V78/><F35/><W43/><G125/><T55/><D71/><U17/><E39/><V124/><F130/><W121/><G121/><T83/><D115/><U69/><E128/><V122/><F122/><W2/><G113/><T112/><D112/><U82/><E4/><V134/><F134/><W118/><G118/><T100/><D3/><U52/><E69/><V19/><F61/><W104/><G2/><T8/><D107/><U65/><E17/><V41/><F78/><W53/><G106/><T99/><D132/><U88/><E114/><V20/><F85/><W72/><G81/><N who="1" m="31338" /><E96/><V23/><F73/><W108/><G108/><T84/><D103/><U40/><E40/><N who="2" m="15467" /><F37/><W36/><G10/><T24/><REACH who="0" step="1"/><D8/><REACH who="0" ten="240,307,263,180" step="2"/><U60/><E60/><V90/><F126/><W105/><G104/><T38/><D38/><U25/><E25/><V12/><F124/><W133/><G133/><T129/><D129/><U70/><E70/><V59/><F15/><W63/><G63/><T26/><D26/><U1/><E1/><V28/><F12/><W18/><REACH who="3" step="1"/><G36/><REACH who="3" ten="240,307,263,170" step="2"/><T131/><D131/><U46/><E50/><V117/><F117/><W102/><G102/><T87/><D87/><U77/><E77/><V119/><F86/><W6/><G6/><T13/><D13/><U111/><E111/><V95/><F119/><W120/><G120/><T93/><D93/><U76/><E76/><V33/><F95/><W97/><G97/><T21/><D21/><U110/><E110/><V74/><F20/><W68/><G68/><T123/><D123/><U109/><E109/><V116/><F23/><RYUUKYOKU ba="1,2" sc="240,15,307,-15,263,-15,170,15" hai0="22,24,32,34,49,55,56,79,83,84,92,99,100" hai3="11,14,18,43,47,48,51,53,72,75,98,101,105" /><INIT seed="3,2,2,2,0,7" ten="255,292,248,185" oya="3" hai0="35,38,107,36,16,25,95,59,29,13,18,108,6" hai1="130,122,80,75,78,58,33,127,12,64,124,5,51" hai2="87,30,56,72,21,77,62,101,69,17,40,24,98" hai3="110,28,88,126,103,8,129,91,3,93,90,82,61"/><W4/><G126/><N who="1" m="48170" /><E130/><V128/><F128/><W68/><G129/><T54/><D107/><U135/><E135/><V121/><F69/><W52/><G110/><T115/><D108/><U26/><E122/><V37/><F72/><W83/><G28/><T41/><D6/><U86/><E5/><V104/><F121/><W34/><G34/><T99/><D18/><U57/><E12/><V96/><F96/><W119/><G119/><T73/><D73/><U11/><E11/><V102/><F102/><W134/><G134/><T66/><D66/><U32/><E75/><V15/><F40/><W112/><G112/><T20/><D41/><U109/><E109/><V123/><F37/><W19/><G19/><T10/><D35/><U55/><E26/><V9/><F123/><W22/><G22/><T89/><D115/><U94/><E94/><V100/><F98/><W97/><REACH who="3" step="1"/><G52/><REACH who="3" ten="255,292,248,175" step="2"/><T76/><D76/><U39/><E32/><V67/><F104/><W118/><G118/><T14/><D14/><U120/><E33/><V65/><F67/><AGARI ba="2,3" hai="3,4,8,61,67,68,82,83,88,90,91,93,97,103" machi="67" ten="40,7700,0" yaku="1,1,52,1,54,1,53,0" doraHai="7" doraHaiUra="125" who="3" fromWho="2" sc="255,0,292,0,248,-83,175,113" /><INIT seed="3,3,0,2,2,131" ten="255,292,165,288" oya="3" hai0="20,19,125,134,39,116,22,23,119,42,105,110,115" hai1="47,27,13,122,74,92,128,89,1,117,37,50,28" hai2="107,49,25,31,35,11,118,36,40,30,101,46,48" hai3="33,94,4,58,16,95,26,87,67,123,77,93,69"/><W104/><G104/><T108/><D105/><U102/><E122/><V84/><F118/><N who="0" m="45098" /><D39/><U54/><E1/><V10/><F31/><W51/><G123/><T76/><D42/><U15/><E117/><V3/><F84/><W79/><G69/><T97/><D97/><U73/><E37/><V18/><F11/><W124/><G124/><T127/><D76/><N who="3" m="29257" /><G33/><T12/><D115/><U0/><E0/><V78/><F78/><W59/><G4/><T65/><D65/><U126/><E128/><V8/><F8/><W109/><G109/><N who="0" m="42091" /><D134/><U70/><E70/><V24/><F24/><W34/><G34/><T57/><D57/><N who="3" m="21513" /><G51/><T114/><D114/><U72/><E126/><AGARI ba="3,0" hai="12,19,20,22,23,125,126,127" m="42091,45098" machi="126" ten="40,8000,1" yaku="18,1,14,1,34,2" doraHai="131" who="0" fromWho="1" sc="255,89,292,-89,165,0,288,0" owari="344,44.4,203,-19.7,165,-33.5,288,8.8" /></mjloggm>