<mjloggm ver="2.3"><GO type="225" lobby="0"/><UN n0="%E3%82%A2%E3%82%A4%E3%82%B9%E3%83%86%E3%82%A3%E3%83%BC%E3%81%82%E3%81%B9" n1="%E3%80%93%E3%81%97%E3%83%BC%E3%82%89%E3%80%93" n2="%E6%B4%BE%E9%81%A3%E3%81%AE%E3%82%B8%E3%83%A3%E3%83%83%E3%82%AF" n3="%E3%83%A9%E3%83%BC%E3%83%A1%E3%83%B3%E4%BA%94%E9%83%8E" dan="16,16,17,16" rate="2078.71,2198.28,2204.52,2100.14" sx="M,M,M,M"/><TAIKYOKU oya="0"/><INIT seed="0,0,0,4,5,78" ten="250,250,250,250" oya="0" hai0="104,65,10,81,62,102,13,79,48,36,129,40,17" hai1="89,37,128,21,31,55,1,19,32,11,34,88,111" hai2="93,22,118,123,28,132,67,122,0,56,131,41,54" hai3="45,68,125,53,90,46,99,83,87,96,127,110,74"/><T42/><D36/><U73/><E37/><V134/><F0/><W108/><G68/><T60/><D129/><U20/><E73/><V3/><F3/><W4/><G4/><T49/><D104/><U86/><E128/><V43/><F93/><W50/><G45/><T16/><D102/><U15/><E111/><N who="3" m="42538" /><G74/><T91/><D91/><U35/><E1/><V80/><F131/><W97/><AGARI ba="0,0" hai="46,50,53,83,87,90,96,97,99,125,127" m="42538" machi="97" ten="40,2700,0" yaku="14,1,52,1" doraHai="78" who="3" fromWho="3" sc="250,-13,250,-7,250,-7,250,27" /><INIT seed="1,0,0,4,2,33" ten="237,243,243,277" oya="1" hai0="68,1,3,36,83,30,47,95,17,79,4,78,10" hai1="90,39,75,84,82,108,134,105,123,23,56,64,15" hai2="85,69,52,9,57,106,125,76,67,86,25,126,131" hai3="16,35,120,54,0,104,81,13,14,91,112,42,50"/><U127/><E105/><V89/><F106/><W21/><G120/><T45/><D68/><U20/><E39/><V96/><F131/><W59/><G112/><T11/><D30/><U92/><E123/><V135/><F135/><W58/><G104/><T132/><D132/><U29/><E134/><V124/><F25/><W5/><G35/><T65/><D65/><U2/><E2/><V100/><F76/><W77/><G91/><T61/><D61/><N who="1" m="37927" /><E75/><V101/><F9/><N who="3" m="4271" /><G0/><N who="0" m="263" /><D47/><U63/><E127/><V44/><F44/><N who="3" m="27975" /><G42/><N who="0" m="22727" /><D79/><U51/><E29/><V128/><F67/><W109/><G109/><T62/><D62/><U118/><E108/><V18/><F69/><W117/><G117/><T48/><D48/><U107/><E51/><N who="2" m="30879" /><F101/><W129/><G129/><T87/><D17/><U70/><E70/><V60/><F128/><W113/><G113/><T72/><D11/><U119/><E118/><V49/><F60/><W115/><G115/><T46/><D46/><U22/><E63/><V8/><F49/><W102/><G102/><T7/><D7/><U73/><E119/><V98/><F100/><W32/><G32/><T41/><D41/><U74/><E107/><V114/><F114/><W19/><G19/><T27/><D27/><U80/><E15/><N who="2" m="7527" /><F89/><AGARI ba="0,0" hai="1,3,72,78,83,87,89,95" m="22727,263" machi="89" ten="30,7700,0" yaku="25,1,52,3" doraHai="33" who="0" fromWho="2" sc="237,77,243,0,243,-77,277,0" /><INIT seed="2,0,0,5,5,61" ten="314,243,166,277" oya="2" hai0="100,118,19,12,26,46,14,62,90,42,103,86,25" hai1="75,9,41,88,135,91,33,94,93,132,121,11,116" hai2="70,69,120,89,40,106,51,85,4,20,109,39,18" hai3="101,28,129,22,38,30,74,6,66,105,58,124,50"/><V49/><F120/><W122/><G122/><T45/><D118/><U95/><E121/><V23/><F106/><W81/><G38/><T117/><D117/><U16/><E116/><V35/><F35/><W128/><G124/><T80/><D12/><N who="1" m="7183" /><E33/><V0/><F39/><W78/><G6/><T43/><D62/><U29/><E29/><V37/><F37/><W114/><G114/><T96/><D46/><U36/><E75/><V130/><F130/><N who="3" m="50283" /><G22/><T71/><D71/><U97/><E11/><V134/><F134/><N who="1" m="51241" /><E97/><V107/><F107/><W102/><G105/><T98/><D96/><U31/><E31/><N who="3" m="11818" /><G50/><N who="0" m="26935" /><D43/><U15/><E15/><V53/><F40/><W73/><G73/><T111/><D111/><U65/><E41/><V34/><F34/><W57/><G57/><T110/><D110/><U52/><E36/><V123/><F123/><W21/><G21/><N who="2" m="8265" /><F18/><W7/><G7/><T24/><D98/><U108/><E108/><V79/><F109/><W56/><G56/><T127/><D127/><U115/><E115/><V60/><F4/><W113/><G113/><T104/><D104/><U63/><E52/><V32/><F32/><W67/><G58/><AGARI ba="0,0" hai="58,63,65,88,91,93,94,95" m="51241,7183" machi="58" ten="30,7700,0" yaku="20,1,52,1,54,2" doraHai="61" who="1" fromWho="3" sc="314,0,243,77,166,0,277,-77" /><INIT seed="3,0,0,3,3,59" ten="314,320,166,200" oya="3" hai0="86,17,22,132,121,100,15,41,48,98,71,39,33" hai1="46,85,1,58,27,131,129,106,83,120,99,116,104" hai2="108,30,74,107,112,64,88,14,34,95,45,72,44" hai3="133,118,117,114,56,8,42,109,78,77,13,90,65"/><W125/><G114/><T130/><D121/><U0/><E120/><V43/><F112/><W69/><G69/><T52/><D33/><U76/><E116/><V123/><F107/><N who="1" m="41001" /><E99/><V89/><F123/><W79/><G125/><T97/><D71/><U126/><E126/><V82/><F14/><W26/><G133/><T9/><D132/><U37/><E58/><V2/><F2/><W4/><G109/><T5/><D130/><N who="1" m="49675" /><E27/><V63/><F108/><W60/><G42/><AGARI ba="0,0" hai="0,1,37,42,46,76,83,85" m="49675,41001" machi="42" ten="30,1000,0" yaku="19,1" doraHai="59" who="1" fromWho="3" sc="314,0,320,10,166,0,200,-10" owari="314,11.4,330,43.0,166,-33.4,190,-21.0" /></mjloggm>