<mjloggm ver="2.3"><GO type="225" lobby="0"/><UN n0="%E3%81%BF%E3%81%BF%E3%81%9A" n1="%E3%83%96%E3%83%83%E3%83%91%E3%82%AA%E3%83%96%E3%83%81%E3%82%AD%E3%83%B3" n2="%E7%99%BD%E5%80%89%E5%AF%9B%E4%B9%8B" n3="%E6%98%93%E5%88%A9%E8%96%A9%E4%BC%AF" dan="18,16,16,17" rate="2269.86,2200.52,2082.63,2138.72" sx="M,M,M,F"/><TAIKYOKU oya="0"/><INIT seed="0,0,0,1,0,63" ten="250,250,250,250" oya="0" hai0="50,66,83,10,127,60,48,131,36,132,134,89,27" hai1="72,121,81,28,108,133,67,82,5,91,43,39,84" hai2="94,77,115,73,42,59,24,124,34,2,122,105,41" hai3="9,20,125,106,54,40,30,95,18,21,25,4,16"/><T135/><D36/><U19/><E121/><V75/><F105/><W15/><G106/><T101/><D101/><U29/><E108/><V129/><F2/><W93/><G125/><T126/><D27/><U78/><E133/><V53/><F122/><W103/><G40/><T97/><D10/><U23/><E5/><V79/><F124/><N who="0" m="47658" /><D97/><U26/><REACH who="1" step="1"/><E67/><REACH who="1" ten="250,240,250,250" step="2"/><V44/><F115/><W11/><G103/><T49/><D131/><U86/><E86/><V37/><F129/><W74/><G74/><T31/><D31/><U35/><E35/><V98/><F73/><W6/><G6/><T12/><D12/><U61/><E61/><V76/><F75/><W52/><G52/><T109/><D109/><U38/><E38/><V14/><F14/><N who="3" m="5415" /><G54/><T56/><D48/><U119/><E119/><V104/><F34/><W57/><G57/><T100/><D100/><U110/><E110/><V45/><F59/><W120/><G120/><T99/><D99/><U33/><E33/><V111/><F53/><W112/><G112/><T65/><D66/><U32/><E32/><V58/><F58/><W118/><G118/><T71/><D56/><U0/><E0/><V13/><F111/><W92/><G30/><T47/><D47/><AGARI ba="0,1" hai="19,23,26,28,29,39,43,47,72,78,81,82,84,91" machi="47" ten="40,2600,0" yaku="1,1,53,1" doraHai="63" doraHaiUra="68" who="1" fromWho="0" sc="250,-26,240,36,250,0,250,0" /><INIT seed="1,0,0,2,3,40" ten="224,276,250,250" oya="1" hai0="66,99,61,49,25,11,16,105,122,104,33,39,90" hai1="5,0,2,23,87,3,109,108,27,65,95,26,124" hai2="76,37,78,80,17,20,57,107,110,19,62,56,128" hai3="36,91,71,38,118,44,10,58,72,21,30,68,53"/><U75/><E75/><V8/><F107/><W117/><G72/><T116/><D39/><N who="3" m="14889" /><G10/><T35/><D116/><N who="3" m="44649" /><G91/><T82/><D122/><U100/><E65/><V106/><F37/><W50/><G21/><T29/><D33/><U31/><E124/><V101/><F110/><N who="1" m="42601" /><E87/><V70/><F101/><W13/><G13/><T85/><D49/><U94/><E100/><V130/><F106/><W47/><G30/><T63/><D63/><U52/><E5/><V67/><F8/><W134/><G134/><T81/><D82/><U22/><E52/><V73/><F78/><W129/><G129/><N who="2" m="49769" /><F19/><AGARI ba="0,0" hai="0,2,3,19,22,23,26,27,31,94,95" m="42601" machi="19" ten="40,3900,0" yaku="14,1,10,1" doraHai="40" who="1" fromWho="2" sc="224,0,276,39,250,-39,250,0" /><INIT seed="1,1,0,4,3,115" ten="224,315,211,250" oya="1" hai0="118,1,3,86,67,101,63,84,25,7,69,97,123" hai1="49,95,58,28,113,61,52,129,45,91,55,13,27" hai2="50,76,128,114,80,65,77,66,90,19,53,22,124" hai3="98,10,30,16,122,87,94,20,47,46,109,116,89"/><U11/><E129/><V68/><F128/><W33/><G122/><T35/><D123/><U54/><E113/><V110/><F114/><W79/><G109/><T59/><D59/><U108/><E108/><V82/><F110/><W44/><G116/><T71/><D71/><U104/><E104/><V121/><F124/><W23/><G33/><T135/><D135/><U83/><E83/><N who="2" m="31787" /><F68/><W14/><G79/><N who="2" m="30281" /><F90/><W6/><G30/><N who="0" m="19919" /><D7/><U31/><E27/><N who="2" m="14815" /><F121/><W88/><G6/><T26/><D26/><U56/><E91/><V112/><F112/><W100/><REACH who="3" step="1"/><G89/><REACH who="3" ten="224,315,211,240" step="2"/><T92/><D118/><U37/><E31/><V0/><F0/><W41/><G41/><T21/><D1/><U38/><E28/><V107/><F107/><AGARI ba="1,1" hai="10,14,16,20,23,44,46,47,87,88,94,98,100,107" machi="107" ten="40,8000,1" yaku="1,1,54,2,53,1" doraHai="115" doraHaiUra="15" who="3" fromWho="2" sc="224,0,315,0,211,-83,240,93" /><INIT seed="2,0,0,4,3,12" ten="224,315,128,333" oya="2" hai0="54,60,31,75,83,110,13,55,59,49,76,120,48" hai1="128,114,118,6,111,17,1,52,4,81,15,133,10" hai2="69,79,47,20,25,127,29,72,51,95,41,90,32" hai3="87,38,77,109,130,64,44,14,67,100,40,106,34"/><V70/><F127/><W19/><G34/><T28/><D110/><U56/><E114/><V119/><F119/><W43/><G109/><T0/><D0/><U5/><E118/><V65/><F65/><W125/><G130/><T88/><D120/><U66/><E111/><V102/><F102/><W91/><G77/><T135/><D135/><U113/><E113/><V23/><F79/><W7/><G7/><T124/><D124/><U89/><E128/><V2/><F2/><W121/><G43/><T27/><D27/><U21/><E133/><V93/><F72/><W86/><G121/><T61/><D13/><U50/><REACH who="1" step="1"/><E66/><REACH who="1" ten="224,305,128,333" step="2"/><V22/><REACH who="2" step="1"/><F95/><REACH who="2" ten="224,305,118,333" step="2"/><W99/><G125/><T132/><D132/><U3/><E3/><V37/><F37/><W108/><G108/><T94/><D61/><U73/><E73/><V117/><F117/><W33/><G67/><T11/><D60/><U112/><E112/><V18/><F18/><W45/><G64/><T123/><D123/><U46/><E46/><V85/><AGARI ba="0,2" hai="20,22,23,25,29,32,41,47,51,69,70,85,90,93" machi="85" ten="30,3000,0" yaku="1,1,0,1,53,0" doraHai="12" doraHaiUra="107" who="2" fromWho="2" sc="224,-10,305,-10,118,50,333,-10" /><INIT seed="2,1,0,4,0,78" ten="214,295,168,323" oya="2" hai0="0,131,27,52,46,11,94,120,93,21,86,37,124" hai1="110,33,61,9,31,32,35,108,104,107,13,28,116" hai2="5,95,41,97,15,134,132,114,64,101,109,98,3" hai3="90,53,65,48,92,71,113,106,73,43,42,40,103"/><V119/><F119/><W50/><G73/><T99/><D120/><U1/><E116/><V83/><F114/><W2/><G2/><T10/><D124/><U23/><E61/><V75/><F109/><N who="1" m="42089" /><E1/><V100/><F3/><W126/><G126/><T128/><D0/><U12/><E23/><V29/><F29/><N who="1" m="11337" /><E9/><N who="2" m="4527" /><F64/><W80/><G71/><T16/><D37/><U68/><E68/><V38/><F41/><W127/><G65/><T102/><D128/><U25/><E25/><V72/><F38/><W51/><G106/><AGARI ba="1,0" hai="12,13,32,33,35,104,106,107" m="11337,42089" machi="106" ten="40,5200,0" yaku="28,2,14,1" doraHai="78" who="1" fromWho="3" sc="214,0,295,55,168,0,323,-55" /><INIT seed="3,0,0,0,4,93" ten="214,350,168,268" oya="3" hai0="7,33,96,102,63,124,118,81,101,90,37,91,32" hai1="135,110,79,104,71,89,103,40,49,45,44,11,80" hai2="87,133,109,55,58,105,65,59,100,76,75,29,2" hai3="3,24,130,77,127,121,8,131,108,51,14,53,12"/><W0/><G121/><T54/><D37/><U64/><E110/><V66/><F2/><W10/><G77/><T35/><D118/><U129/><E135/><V27/><F75/><W28/><G51/><T126/><D7/><U13/><E129/><N who="3" m="49162" /><G53/><T4/><D4/><U39/><E89/><N who="0" m="33801" /><D81/><U62/><E103/><N who="0" m="39433" /><D54/><U78/><E104/><V134/><F109/><W117/><G117/><T95/><D95/><U83/><E83/><V23/><F76/><W17/><G127/><N who="0" m="48683" /><D63/><U119/><E80/><V1/><F87/><W106/><G106/><T56/><D56/><U18/><E119/><V20/><F1/><N who="3" m="587" /><G108/><T69/><D96/><U19/><E19/><V98/><F23/><N who="3" m="11687" /><G14/><T122/><D122/><U114/><E114/><V52/><F58/><W88/><G88/><T61/><D61/><U86/><E86/><V70/><F55/><AGARI ba="0,0" hai="11,13,18,39,40,44,45,49,55,62,64,71,78,79" machi="55" ten="30,1000,0" yaku="7,1" doraHai="93" who="1" fromWho="2" sc="214,0,350,10,168,-10,268,0" owari="214,-18.6,360,46.0,158,-34.2,268,6.8" /></mjloggm>