<mjloggm ver="2.3"><GO type="225" lobby="0"/><UN n0="%43%68%65" n1="%E3%83%94%E3%83%B3%E3%82%B5%E3%83%AD%E5%BA%97%E5%93%A1" n2="%E6%98%93%E5%88%A9%E8%96%A9%E4%BC%AF" n3="%E6%A1%9C%E8%8A%B1%E9%96%83%E3%80%85" dan="16,16,17,16" rate="2143.31,2206.49,2181.13,2115.71" sx="M,M,F,M"/><TAIKYOKU oya="0"/><INIT seed="0,0,0,3,0,10" ten="250,250,250,250" oya="0" hai0="133,31,97,23,33,67,14,94,84,11,125,109,25" hai1="7,129,130,68,95,29,118,18,75,73,54,91,3" hai2="12,65,41,50,5,110,124,21,98,128,4,126,58" hai3="46,1,78,71,90,57,114,86,44,70,83,117,119"/><T127/><D133/><U13/><E118/><V61/><F110/><W82/><G114/><T56/><D109/><U89/><E68/><V52/><F41/><W121/><G1/><T38/><D38/><U122/><E122/><V96/><F128/><N who="1" m="49257" /><E29/><V0/><F0/><W63/><G121/><T30/><D84/><N who="1" m="52647" /><E54/><V105/><F105/><W76/><G90/><T123/><D123/><U27/><E27/><V79/><F79/><W20/><G71/><T43/><D43/><U135/><E135/><V106/><F106/><W72/><G70/><T113/><D113/><U22/><E91/><V112/><F112/><W34/><G34/><T66/><D31/><U69/><E69/><V107/><F107/><W16/><G119/><T81/><D81/><U80/><E80/><V55/><F55/><W102/><G102/><N who="0" m="60727" /><D33/><U6/><E3/><V120/><F120/><W36/><G117/><T9/><D9/><U26/><E26/><V15/><F126/><N who="0" m="48138" /><D56/><U47/><E47/><N who="2" m="27743" /><F124/><W92/><G92/><T116/><D116/><U88/><E88/><V35/><F35/><W32/><G32/><T39/><D39/><U74/><AGARI ba="0,0" hai="6,7,13,18,22,73,74,75" m="52647,49257" machi="74" ten="40,2700,0" yaku="19,1,52,1" doraHai="10" who="1" fromWho="1" sc="250,-13,250,27,250,-7,250,-7" /><INIT seed="1,0,0,0,3,121" ten="237,277,243,243" oya="1" hai0="65,43,27,77,37,117,94,8,105,134,127,48,41" hai1="107,57,122,71,10,15,120,112,87,40,96,33,0" hai2="85,109,24,72,63,50,29,103,30,17,82,80,22" hai3="110,79,90,6,95,84,61,39,98,14,11,3,5"/><U101/><E112/><V100/><F109/><W68/><G39/><T31/><D105/><U32/><E71/><V25/><F63/><W70/><G110/><T21/><D117/><U116/><E116/><V64/><F64/><W13/><G61/><T1/><D37/><U106/><E0/><V86/><F72/><W74/><G74/><T42/><D127/><U34/><E107/><V75/><F75/><W111/><G111/><T66/><D134/><U28/><E28/><V113/><F113/><W26/><G26/><T118/><D118/><U102/><E102/><V126/><F50/><W58/><G58/><T88/><D77/><U133/><E133/><V78/><F126/><W56/><G56/><T2/><D48/><U125/><E125/><V89/><REACH who="2" step="1"/><F17/><REACH who="2" ten="237,277,233,243" step="2"/><W45/><G70/><T4/><REACH who="0" step="1"/><D2/><REACH who="0" ten="227,277,233,243" step="2"/><U131/><E122/><V81/><F81/><W104/><G3/><T55/><D55/><U36/><E120/><V35/><AGARI ba="0,2" hai="22,24,25,29,30,35,78,80,82,85,86,89,100,103" machi="35" ten="20,2700,0" yaku="1,1,0,1,7,1,53,0" doraHai="121" doraHaiUra="108" who="2" fromWho="2" sc="227,-7,277,-13,233,47,243,-7" /><INIT seed="2,0,0,0,0,44" ten="220,264,280,236" oya="2" hai0="89,85,24,70,121,104,53,105,80,30,116,47,74" hai1="123,12,92,130,68,128,45,99,124,78,133,42,61" hai2="43,35,114,31,115,40,55,127,34,16,119,28,73" hai3="18,36,108,72,131,37,76,32,83,94,113,111,64"/><V106/><F73/><W112/><G32/><N who="2" m="12329" /><F55/><W69/><G18/><T7/><D121/><U13/><E133/><V29/><F106/><W63/><G131/><N who="1" m="50218" /><E124/><V19/><F119/><W65/><G94/><T1/><D70/><U15/><E123/><V79/><F79/><W6/><G6/><T82/><D116/><U107/><E78/><V125/><F43/><W3/><G3/><T129/><D129/><U126/><E126/><N who="2" m="48139" /><F40/><W132/><G132/><T109/><D109/><N who="3" m="42057" /><G65/><T60/><D74/><U54/><E107/><V57/><F57/><W27/><G27/><T81/><D105/><U22/><E92/><V9/><F9/><W5/><G5/><T84/><D104/><U77/><E77/><V59/><F59/><W75/><G75/><T39/><D7/><U101/><E54/><V0/><F0/><W102/><G102/><T98/><D1/><U135/><E135/><V118/><F118/><W17/><G36/><T100/><D39/><N who="1" m="21727" /><E101/><V134/><F134/><W4/><G37/><T120/><D120/><U51/><E99/><V52/><F52/><W103/><G103/><T96/><D100/><U26/><E68/><V33/><F33/><W25/><G4/><T90/><D98/><U110/><E110/><V58/><F58/><W97/><G97/><T14/><D96/><U88/><E61/><V8/><F8/><W56/><G69/><T87/><D60/><U67/><E67/><V2/><F2/><W95/><G95/><T11/><D11/><U117/><E117/><V38/><F38/><W46/><G46/><T23/><D14/><U21/><E15/><RYUUKYOKU ba="0,0" sc="220,10,264,-30,280,10,236,10" hai0="23,24,30,47,53,80,81,82,84,85,87,89,90" hai2="16,19,28,29,31,114,115" hai3="17,25,56,63,64,72,76,83,112,113" /><INIT seed="2,1,0,2,5,44" ten="230,234,290,246" oya="2" hai0="57,129,16,117,115,86,26,47,39,123,24,3,65" hai1="19,119,18,131,5,101,111,28,121,99,64,32,49" hai2="87,22,38,31,1,130,23,48,74,98,84,37,72" hai3="46,69,63,50,21,35,83,113,13,120,76,92,14"/><V17/><F1/><W11/><G120/><T67/><D123/><U97/><E119/><V52/><F98/><W116/><G116/><T78/><D117/><U81/><E121/><V73/><F130/><W7/><G35/><T89/><D78/><U68/><E5/><V51/><F31/><W30/><G113/><T124/><D115/><U34/><E131/><V20/><F17/><W55/><G92/><T40/><D129/><U79/><E111/><V107/><F107/><W53/><G69/><T62/><D124/><U42/><E99/><V25/><F25/><W45/><G63/><T128/><D3/><U82/><E82/><V95/><F95/><W58/><G55/><T60/><D128/><U132/><E132/><V2/><F2/><W106/><G106/><T56/><REACH who="0" step="1"/><D16/><REACH who="0" ten="220,234,290,246" step="2"/><U91/><E19/><V15/><F15/><W105/><G14/><T114/><D114/><U96/><E18/><V103/><F73/><W126/><G126/><T41/><D41/><U29/><E79/><V80/><F74/><W77/><G77/><T104/><D104/><N who="1" m="63527" /><E28/><V4/><F72/><W70/><G105/><T134/><D134/><U71/><E29/><V122/><F122/><W118/><G118/><T61/><D61/><U102/><E42/><V0/><F0/><W43/><G43/><T127/><D127/><U88/><E34/><V125/><F125/><W59/><G30/><T6/><D6/><U133/><E32/><V12/><F4/><W8/><G7/><T36/><D36/><U109/><E133/><V90/><F37/><W9/><G76/><T135/><D135/><RYUUKYOKU ba="1,1" sc="220,30,234,-10,290,-10,246,-10" hai0="24,26,39,40,47,56,57,60,62,65,67,86,89" /><INIT seed="3,2,1,2,1,119" ten="250,224,280,236" oya="3" hai0="25,18,125,116,135,48,49,24,28,110,51,132,8" hai1="95,84,79,122,6,62,57,9,111,67,88,98,20" hai2="0,87,44,85,37,121,68,117,64,129,75,26,47" hai3="32,50,126,15,74,76,43,89,29,72,78,36,2"/><W39/><G15/><N who="0" m="7527" /><D116/><U109/><E20/><V108/><F117/><W14/><G14/><T128/><D110/><N who="1" m="41995" /><E79/><V133/><F0/><W19/><G19/><T60/><D125/><U59/><E122/><V77/><F108/><W33/><G89/><T105/><D105/><U30/><E30/><V123/><F133/><N who="0" m="51274" /><D128/><U31/><E31/><V124/><F124/><W130/><G50/><N who="0" m="12803" /><T103/><DORA hai="81" /><D103/><U107/><E107/><V91/><F91/><W102/><G102/><T82/><D60/><U54/><E98/><V13/><F129/><W1/><G126/><T100/><D100/><U5/><E9/><V92/><F26/><W45/><G130/><T113/><D113/><U56/><E54/><V70/><F13/><W71/><G2/><T41/><D41/><U118/><E118/><V34/><F37/><W101/><G1/><T53/><D53/><U86/><E86/><V7/><F85/><W58/><G36/><T46/><D46/><U97/><E97/><V65/><F47/><W134/><G134/><T112/><D112/><U12/><E12/><V55/><F44/><W106/><G106/><T3/><D3/><U21/><E21/><V73/><F87/><W131/><G131/><T27/><D82/><U35/><E35/><AGARI ba="2,1" hai="24,25,27,28,35" m="12803,51274,7527" machi="35" ten="40,1300,0" yaku="20,1" doraHai="119,81" who="0" fromWho="1" sc="250,29,224,-19,280,0,236,0" /><INIT seed="4,0,0,5,5,120" ten="279,205,280,236" oya="0" hai0="127,33,4,107,76,116,132,49,36,48,133,11,16" hai1="13,115,86,96,43,122,101,66,51,35,55,19,42" hai2="6,5,73,81,100,105,44,80,65,108,46,18,70" hai3="131,125,54,50,56,21,87,78,37,20,41,10,118"/><T119/><D36/><U98/><E122/><V72/><F70/><W29/><G118/><N who="0" m="45099" /><D107/><U30/><E66/><V28/><F65/><W83/><G125/><T31/><D76/><U112/><E86/><V60/><F28/><W93/><G131/><T121/><D121/><U123/><E123/><V34/><F34/><W129/><G129/><T39/><D39/><U113/><E30/><V22/><F60/><W103/><G29/><T26/><D127/><U135/><E35/><V92/><F105/><W32/><G32/><T85/><D85/><U12/><E135/><N who="0" m="51785" /><D16/><U0/><E0/><AGARI ba="0,0" hai="0,4,11,26,31,33,48,49" m="51785,45099" machi="0" ten="30,1500,0" yaku="20,1" doraHai="120" who="0" fromWho="1" sc="279,15,205,-15,280,0,236,0" /><INIT seed="4,1,0,4,0,16" ten="294,190,280,236" oya="0" hai0="65,40,27,19,12,4,33,34,110,26,89,95,125" hai1="93,60,115,112,32,28,67,61,7,128,85,43,124" hai2="24,108,86,90,76,39,119,42,83,10,123,129,70" hai3="79,11,46,37,51,104,1,3,2,71,63,81,6"/><T56/><D125/><U21/><E32/><V134/><F70/><W130/><G130/><T135/><D4/><U88/><E128/><V107/><F108/><W8/><G104/><T78/><D110/><U29/><E124/><V64/><F107/><W53/><G11/><T126/><D126/><U101/><E43/><V35/><F123/><W96/><G96/><T131/><D131/><U36/><E36/><V23/><F64/><W106/><G106/><T117/><D117/><U0/><E101/><V55/><F134/><W111/><G111/><T18/><D135/><U94/><E94/><V9/><F35/><W113/><G113/><N who="1" m="43594" /><E60/><V31/><F119/><W69/><G37/><T72/><D40/><U54/><E54/><V97/><F129/><W80/><G80/><N who="0" m="45127" /><D34/><U59/><E21/><V13/><F55/><W77/><G63/><N who="0" m="38119" /><D33/><U74/><E74/><V48/><F39/><W25/><G53/><T100/><D100/><U20/><E20/><N who="2" m="15751" /><F48/><W57/><G51/><T30/><D30/><U22/><E22/><V41/><F41/><W45/><G8/><AGARI ba="1,0" hai="0,7,8,28,29,59,61,67,85,88,93" m="43594" machi="8" ten="30,3900,0" yaku="15,1,11,1,54,1" doraHai="16" who="1" fromWho="3" sc="294,0,190,42,280,0,236,-42" /><INIT seed="5,0,0,1,4,73" ten="294,232,280,194" oya="1" hai0="38,30,65,59,41,109,105,34,13,53,102,44,104" hai1="129,43,47,110,57,123,45,131,127,68,135,106,24" hai2="70,74,86,31,126,62,14,29,51,48,35,16,115" hai3="94,122,92,8,7,58,95,12,27,49,93,63,120"/><U6/><E106/><V75/><F75/><W1/><N who="3" m="23552" /><DORA hai="18" /><W22/><G49/><T124/><D109/><U56/><E6/><V61/><F74/><W25/><G1/><T21/><D124/><U2/><E2/><V71/><F86/><W79/><G79/><T20/><D65/><U117/><E117/><V112/><F126/><W96/><G96/><T84/><D84/><U82/><E127/><V23/><F51/><W103/><G103/><T116/><D116/><U108/><E82/><V81/><F81/><W17/><REACH who="3" step="1"/><G25/><REACH who="3" ten="294,232,280,184" step="2"/><T0/><D0/><U28/><E123/><V76/><F48/><W67/><AGARI ba="0,1" hai="7,8,12,17,22,27,58,63,67,120,122" m="23552" machi="67" ten="40,8000,1" yaku="1,1,2,1,0,1,52,1,53,0" doraHai="73,18" doraHaiUra="128,121" who="3" fromWho="3" sc="294,-20,232,-40,280,-20,184,90" /><INIT seed="6,0,0,2,0,56" ten="274,192,260,274" oya="2" hai0="81,17,79,65,97,58,130,88,37,126,40,63,117" hai1="69,48,86,16,90,121,103,91,15,64,23,11,87" hai2="3,131,78,118,34,133,96,83,128,75,62,49,99" hai3="134,70,38,110,45,24,82,115,73,29,74,119,112"/><V7/><F118/><W101/><G119/><T36/><D117/><U10/><E121/><V20/><F34/><N who="3" m="20775" /><G110/><T77/><D126/><U89/><E103/><V66/><F133/><W109/><G109/><T71/><D130/><N who="2" m="49706" /><F49/><W80/><G101/><T21/><D71/><U31/><E69/><N who="2" m="42199" /><F20/><W104/><G104/><T25/><D40/><U52/><E64/><V76/><F78/><W60/><G134/><T2/><D2/><U43/><E43/><V0/><F0/><W9/><G9/><AGARI ba="0,0" hai="3,7,9,75,76,83,96,99" m="42199,49706" machi="9" ten="30,2900,0" yaku="19,1,52,1" doraHai="56" who="2" fromWho="3" sc="274,0,192,0,260,29,274,-29" /><INIT seed="6,1,0,5,0,79" ten="274,192,289,245" oya="2" hai0="103,48,89,108,82,6,26,37,93,43,5,68,38" hai1="23,80,131,78,128,16,31,83,124,57,73,51,59" hai2="46,99,90,135,56,1,62,94,45,27,44,126,24" hai3="53,118,111,30,109,95,21,60,2,49,35,11,130"/><V13/><F1/><W64/><G118/><T28/><D108/><U72/><E31/><V133/><F126/><W84/><G35/><T107/><D68/><U101/><E124/><V14/><F135/><W40/><G40/><T15/><D107/><U0/><E0/><V8/><F133/><W114/><G130/><N who="1" m="49706" /><E101/><V10/><F8/><W47/><G114/><T69/><D69/><U39/><E39/><V63/><F14/><W102/><G2/><T58/><D38/><U7/><E7/><N who="2" m="3295" /><F63/><W32/><G11/><T19/><D37/><U132/><E132/><V113/><F113/><W67/><G32/><T125/><D125/><U92/><E92/><V129/><F129/><W97/><G109/><T86/><D26/><N who="1" m="14695" /><E51/><V50/><F50/><W41/><G111/><T3/><D28/><U116/><E116/><V120/><F120/><W36/><G36/><T134/><D3/><U52/><E52/><AGARI ba="1,0" hai="24,27,44,45,46,52,56,62,90,94,99" m="3295" machi="52" ten="30,2900,0" yaku="8,1,54,1" doraHai="79" who="2" fromWho="1" sc="274,0,192,-32,289,32,245,0" owari="274,7.4,160,-34.0,321,42.1,245,-15.5" /></mjloggm>