<mjloggm ver="2.3"><GO type="225" lobby="0"/><UN n0="%E6%81%A5%E6%99%92%E3%81%97" n1="%E3%83%B4%E3%83%A0%EF%BC%99%E3%81%A6" n2="%E3%81%8B%E3%82%8F%E3%81%A1%E3%82%83%E3%82%93%35%38" n3="%E5%AF%82%E5%AF%9E%E3%82%AE%E3%83%8D%E3%82%B9%E3%83%93%E3%83%BC%E3%83%AB" dan="16,16,16,16" rate="2139.59,2165.67,2135.39,2168.75" sx="M,M,M,M"/><TAIKYOKU oya="0"/><INIT seed="0,0,0,4,4,48" ten="250,250,250,250" oya="0" hai0="51,106,32,42,119,59,72,118,18,70,22,71,13" hai1="87,102,89,133,80,104,60,82,112,29,128,31,38" hai2="116,0,10,94,98,95,28,5,130,103,2,93,97" hai3="131,4,107,45,43,126,79,91,67,117,85,7,15"/><T74/><D106/><U54/><E38/><V39/><F39/><W34/><G117/><T114/><D114/><U8/><E112/><V30/><F130/><W78/><G34/><T132/><D132/><U36/><E36/><V63/><F116/><W3/><G131/><T101/><D118/><U84/><E128/><V49/><F0/><W92/><G126/><T88/><D119/><U23/><E133/><V83/><F83/><W9/><G107/><T44/><D101/><U127/><E127/><V124/><F124/><W25/><G67/><T75/><D32/><U20/><E8/><V135/><F135/><W90/><G25/><T68/><D59/><N who="1" m="34935" /><E102/><V1/><F1/><W46/><G4/><T47/><D47/><N who="3" m="17929" /><G3/><T120/><REACH who="0" step="1"/><D120/><REACH who="0" ten="240,250,250,250" step="2"/><U57/><E57/><V125/><F125/><W33/><G33/><T110/><D110/><U16/><E104/><V17/><F103/><W26/><G43/><T69/><N who="0" m="17408" /><DORA hai="27" /><T121/><D121/><U64/><E64/><V115/><F115/><W62/><G62/><T129/><D129/><U73/><E73/><V134/><F134/><W41/><G41/><T53/><D53/><U86/><E86/><V81/><F63/><W35/><G35/><T37/><D37/><U56/><E56/><V66/><F66/><W50/><G85/><T58/><D58/><U105/><E105/><V19/><F49/><W99/><G50/><T123/><D123/><U21/><E84/><V108/><F108/><W96/><G96/><T61/><D61/><U6/><E87/><V65/><F65/><W122/><G122/><T76/><D76/><RYUUKYOKU ba="0,1" sc="240,30,250,-10,250,-10,250,-10" hai0="13,18,22,42,44,51,72,74,75,88" /><INIT seed="0,1,1,3,3,131" ten="270,240,240,240" oya="0" hai0="48,116,111,68,72,46,129,100,89,82,5,52,17" hai1="12,94,115,133,92,57,132,123,21,87,19,108,49" hai2="96,30,98,106,39,70,64,7,2,41,69,62,78" hai3="61,38,71,10,104,6,59,67,25,135,63,83,15"/><T47/><D116/><U86/><E123/><V51/><F96/><W95/><G104/><T118/><D118/><U130/><E130/><V101/><F78/><W56/><G38/><T37/><D129/><U31/><E108/><V40/><F51/><W114/><G114/><T80/><D68/><U75/><E75/><V42/><F70/><W60/><G135/><N who="1" m="51786" /><E115/><V81/><F81/><W84/><G95/><N who="1" m="36394" /><E31/><V4/><F39/><W73/><G73/><T90/><D72/><U128/><E128/><V28/><REACH who="2" step="1"/><F2/><REACH who="2" ten="270,240,230,240" step="2"/><W74/><G74/><T117/><D37/><U119/><E119/><V54/><F54/><AGARI ba="1,2" hai="12,19,21,49,54,57,86,87" m="36394,51786" machi="54" ten="30,7700,0" yaku="20,1,52,3" doraHai="131" who="1" fromWho="2" sc="270,0,240,100,230,-80,240,0" /><INIT seed="1,0,0,0,3,34" ten="270,340,150,240" oya="1" hai0="76,43,116,17,35,130,71,29,8,26,7,24,131" hai1="61,74,86,70,13,23,53,132,88,121,120,122,108" hai2="3,98,77,107,11,56,93,14,55,58,31,18,6" hai3="45,73,64,15,4,129,52,5,79,113,20,36,9"/><U19/><E74/><V112/><F112/><W84/><G113/><T89/><D71/><U123/><E123/><V37/><F37/><W104/><G104/><T134/><D76/><U81/><E132/><V16/><F107/><W133/><G73/><T30/><D43/><U67/><REACH who="1" step="1"/><E53/><REACH who="1" ten="270,330,150,240" step="2"/><V32/><F77/><W38/><G52/><T57/><D134/><U102/><E102/><V28/><F32/><W94/><G79/><T62/><D35/><U127/><E127/><V27/><F27/><W80/><G133/><T51/><D26/><U1/><E1/><V105/><F105/><W87/><G38/><T33/><D24/><U118/><E118/><V117/><F117/><W22/><G36/><T135/><D33/><U21/><E21/><V40/><F40/><W69/><G22/><T44/><D116/><U41/><E41/><V114/><F114/><W91/><G20/><T46/><D135/><U128/><E128/><V12/><F3/><W42/><G129/><T83/><D130/><U95/><E95/><V63/><F56/><W66/><G69/><T0/><D57/><U2/><E2/><V49/><F49/><W90/><G42/><T125/><D51/><U126/><E126/><V96/><F14/><N who="3" m="5415" /><G45/><N who="0" m="17515" /><D125/><U99/><E99/><N who="2" m="37931" /><F93/><W25/><G25/><T85/><D131/><U97/><E97/><V72/><F72/><W65/><G15/><T115/><D115/><U60/><E60/><V39/><F39/><W48/><G48/><T47/><D62/><U59/><E59/><V54/><F54/><W78/><G94/><T92/><N who="0" m="17523" /><T103/><DORA hai="75" /><D92/><RYUUKYOKU ba="0,1" sc="270,-15,330,15,150,15,240,-15" hai1="13,19,23,61,67,70,81,86,88,108,120,121,122" hai2="6,11,12,16,18,28,31,55,58,63" /><INIT seed="1,1,1,1,1,14" ten="255,345,165,225" oya="1" hai0="49,69,73,12,57,52,46,76,123,44,133,2,20" hai1="68,115,15,89,77,120,13,122,45,36,100,17,42" hai2="6,48,65,85,111,5,3,50,119,8,64,19,84" hai3="55,114,41,112,96,30,27,130,9,10,110,101,74"/><U66/><E115/><V108/><F119/><W106/><G74/><T22/><D2/><U93/><E100/><V87/><F8/><W97/><G110/><N who="2" m="42025" /><F3/><W128/><G41/><T11/><D69/><U109/><E109/><V107/><F107/><W78/><G78/><T43/><D133/><U103/><E77/><V31/><F31/><W91/><G55/><T105/><D105/><U26/><E103/><V38/><F38/><W39/><G39/><T88/><D123/><U82/><E82/><V94/><F94/><N who="3" m="56415" /><G10/><T113/><D113/><U75/><E75/><V118/><F118/><W129/><G9/><T92/><D46/><U117/><E117/><V23/><F48/><W56/><G56/><T29/><D29/><U53/><E122/><V61/><F50/><W60/><G60/><N who="0" m="35879" /><D76/><U127/><E120/><V62/><F62/><W83/><G83/><T132/><D132/><U124/><E36/><V90/><F90/><W24/><G30/><T35/><D35/><U67/><E89/><V16/><F64/><W116/><G116/><T0/><D73/><U80/><E66/><V99/><F99/><W125/><G114/><T134/><D0/><U33/><E67/><V63/><F63/><W86/><G112/><T58/><D58/><U102/><E68/><N who="2" m="42031" /><F23/><W95/><G106/><T34/><D34/><U32/><E32/><V37/><F37/><W72/><G72/><T47/><D47/><U70/><E33/><V81/><F81/><W135/><G130/><T54/><D134/><U18/><E45/><V71/><F71/><W40/><G135/><T131/><D131/><RYUUKYOKU ba="1,1" sc="255,-10,345,-10,165,30,225,-10" hai2="5,6,16,19,84,85,87" /><INIT seed="2,2,1,2,2,35" ten="245,335,195,215" oya="2" hai0="49,7,121,120,73,102,79,20,76,129,80,70,2" hai1="122,69,40,15,14,54,0,100,45,1,90,11,63" hai2="77,28,58,19,113,22,94,106,27,126,24,41,6" hai3="67,115,60,52,51,8,72,4,5,18,96,43,86"/><V89/><F113/><W21/><G72/><T64/><D129/><U114/><E114/><V127/><F106/><W116/><G115/><T56/><D70/><U59/><E122/><V55/><F77/><W111/><G116/><T101/><D20/><U37/><E100/><V134/><F41/><W44/><G111/><T97/><D79/><U119/><E119/><V84/><F6/><W50/><G96/><T57/><D102/><U92/><E69/><V10/><F134/><W34/><G34/><T42/><D64/><U36/><E36/><V95/><F95/><W66/><G86/><T78/><D78/><U16/><E15/><V112/><F112/><W26/><G60/><T71/><D56/><U107/><E107/><V99/><F84/><AGARI ba="2,1" hai="0,1,11,14,16,37,40,45,54,59,63,84,90,92" machi="84" ten="30,7700,0" yaku="7,1,52,2,54,1" doraHai="35" who="1" fromWho="2" sc="245,0,335,93,195,-83,215,0" /><INIT seed="3,0,0,1,1,8" ten="245,428,112,215" oya="3" hai0="51,57,112,30,24,27,132,125,101,25,122,34,121" hai1="106,124,64,131,32,119,23,104,128,69,130,62,127" hai2="9,26,18,72,22,14,97,80,33,54,61,59,1" hai3="71,114,17,115,39,110,66,43,102,68,133,98,70"/><W92/><G133/><T126/><D132/><U93/><E119/><V10/><F72/><W2/><G2/><T83/><D112/><U0/><E32/><V35/><F80/><W45/><G66/><T120/><D101/><U44/><E0/><V47/><F35/><W52/><G110/><T109/><D109/><U108/><E108/><V58/><F33/><W91/><G102/><T50/><D83/><U65/><E65/><V21/><F1/><W76/><G76/><T100/><D100/><U48/><E23/><V3/><F3/><W123/><G123/><T84/><D84/><U86/><E93/><V29/><F47/><W78/><G78/><T99/><D99/><U105/><E86/><V15/><F97/><W85/><G98/><T75/><D75/><U88/><E88/><V5/><REACH who="2" step="1"/><F58/><REACH who="2" ten="245,428,102,215" step="2"/><W118/><G118/><T7/><D57/><U79/><E79/><V56/><F56/><W95/><G115/><T41/><D34/><U103/><E103/><V81/><F81/><W46/><G114/><T12/><D120/><U53/><AGARI ba="0,1" hai="44,48,53,62,64,69,104,105,106,124,127,128,130,131" machi="53" ten="40,2700,0" yaku="0,1,19,1" doraHai="8" who="1" fromWho="1" sc="245,-7,428,37,102,-7,215,-13" owari="238,3.8,465,56.5,95,-40.5,202,-19.8" /></mjloggm>