<mjloggm ver="2.3"><GO type="225" lobby="0"/><UN n0="%E3%81%BF%E3%81%BF%E3%81%9A" n1="%72%69%6F%75%63%68%61%6E" n2="%E5%8D%A0%E3%81%84%E5%B8%AB%E8%A3%8F%E3%81%AA%E3%81%84%E3%81%97" n3="%43%68%65" dan="18,16,17,16" rate="2241.49,2159.30,2178.93,2115.71" sx="M,M,M,M"/><TAIKYOKU oya="0"/><INIT seed="0,0,0,2,0,13" ten="250,250,250,250" oya="0" hai0="16,66,41,130,134,26,19,79,6,112,36,103,50" hai1="124,91,9,54,17,78,20,113,84,119,21,53,57" hai2="99,44,121,10,127,117,88,22,49,23,29,45,7" hai3="56,46,1,0,33,80,32,37,51,122,68,95,98"/><T69/><D112/><U24/><E119/><V77/><F121/><W82/><G68/><T106/><D6/><U60/><E124/><V64/><F127/><W109/><G122/><T12/><D79/><U89/><E113/><V90/><F77/><W14/><G109/><T5/><D36/><U38/><E38/><V126/><F126/><W132/><G37/><T8/><D130/><U40/><E40/><V34/><F34/><W111/><G111/><T104/><D134/><U18/><E9/><V100/><F64/><W15/><G56/><T47/><D103/><U70/><E70/><V3/><F44/><W96/><G132/><T62/><REACH who="0" step="1"/><D26/><REACH who="0" ten="240,250,250,250" step="2"/><N who="1" m="14607" /><E53/><V114/><F114/><W83/><G0/><T31/><D31/><U101/><E101/><V118/><F29/><W128/><G1/><T97/><D97/><U74/><E74/><V93/><F118/><W123/><G128/><T92/><D92/><U73/><E73/><V59/><F117/><W76/><G76/><T39/><D39/><U35/><E35/><V43/><F100/><N who="3" m="60447" /><G123/><T105/><AGARI ba="0,1" hai="5,8,12,16,19,41,47,50,62,66,69,104,105,106" machi="105" ten="30,12000,1" yaku="1,1,0,1,52,2,54,1,53,0" doraHai="13" doraHaiUra="110" who="0" fromWho="0" sc="240,130,250,-40,250,-40,250,-40" /><INIT seed="0,1,0,1,0,87" ten="370,210,210,210" oya="0" hai0="78,124,73,129,70,80,20,17,135,40,90,48,103" hai1="83,36,45,69,82,31,93,65,100,113,61,133,132" hai2="35,75,38,92,58,106,108,60,126,77,62,120,39" hai3="26,46,42,27,50,29,33,79,125,22,107,95,117"/><T63/><D103/><U3/><E3/><V130/><F120/><W74/><G107/><T105/><D105/><U102/><E113/><V96/><F106/><W88/><G117/><T37/><D37/><U49/><E36/><V34/><F108/><W30/><G125/><T5/><D124/><U85/><E31/><V32/><F126/><W1/><G1/><T25/><D135/><N who="1" m="51787" /><E93/><V10/><F130/><W67/><G67/><T112/><D112/><U47/><E82/><V9/><F77/><W109/><G109/><T12/><D129/><U84/><E84/><V101/><F75/><W128/><G128/><T55/><D40/><N who="1" m="24743" /><E47/><V94/><F34/><W43/><G43/><T97/><D70/><U123/><E123/><V59/><REACH who="2" step="1"/><F101/><REACH who="2" ten="370,210,200,210" step="2"/><W72/><REACH who="3" step="1"/><G79/><AGARI ba="1,1" hai="61,65,69,79,83,85,100,102" m="24743,51787" machi="79" ten="30,1000,0" yaku="20,1" doraHai="87" who="1" fromWho="3" sc="370,0,210,23,200,0,210,-13" /><INIT seed="1,0,0,1,2,24" ten="370,233,200,197" oya="1" hai0="50,43,83,29,13,55,60,118,80,108,82,105,99" hai1="2,71,36,106,39,15,23,31,94,25,51,95,52" hai2="79,76,65,32,41,110,119,30,21,124,132,3,56" hai3="61,1,40,133,59,107,67,103,91,19,17,114,81"/><U5/><E106/><V49/><F119/><W62/><G114/><T6/><D118/><U121/><E121/><V4/><F32/><W8/><G133/><T27/><D108/><U116/><E116/><V123/><F110/><W9/><G40/><T22/><D105/><U7/><E71/><V89/><F123/><W104/><G1/><T68/><D99/><U128/><E128/><V11/><F132/><W57/><G81/><T28/><D68/><U46/><E2/><V111/><F111/><W88/><REACH who="3" step="1"/><G67/><REACH who="3" ten="370,233,200,187" step="2"/><T115/><D43/><U117/><E117/><V131/><F41/><W134/><G134/><T54/><D115/><U90/><E95/><V72/><F65/><W100/><AGARI ba="0,1" hai="8,9,17,19,57,59,61,62,88,91,100,103,104,107" machi="100" ten="25,8000,1" yaku="1,1,0,1,22,2,54,1,53,0" doraHai="24" doraHaiUra="10" who="3" fromWho="3" sc="370,-20,233,-40,200,-20,187,90" /><INIT seed="2,0,0,0,2,71" ten="350,193,180,277" oya="2" hai0="42,96,51,116,105,93,15,109,75,27,79,6,102" hai1="112,40,12,36,129,44,86,80,114,103,134,22,18" hai2="16,54,4,66,37,14,57,99,70,45,19,95,118" hai3="65,5,101,94,38,35,125,11,30,133,127,85,108"/><V7/><F118/><W53/><G108/><T62/><D109/><U81/><E129/><V58/><F70/><W117/><G117/><T68/><D116/><U82/><E134/><V56/><F66/><W126/><G133/><T10/><D75/><U9/><E103/><V115/><F115/><W121/><G121/><T104/><D79/><U64/><E86/><V20/><F19/><W49/><G65/><T88/><D68/><U1/><REACH who="1" step="1"/><E64/><REACH who="1" ten="350,183,180,277" step="2"/><V28/><F28/><W91/><G101/><T33/><D102/><U21/><E21/><V128/><F128/><W131/><G131/><T92/><D33/><U34/><E34/><V29/><F29/><W26/><G127/><T98/><D98/><U110/><E110/><V55/><F55/><W123/><G126/><T69/><D96/><U46/><E46/><V124/><F124/><W17/><G125/><T41/><D105/><U74/><E74/><V97/><F97/><W23/><G53/><T90/><D104/><U87/><E87/><V47/><F47/><W100/><G100/><T32/><D32/><U107/><E107/><V50/><F37/><W2/><G38/><T59/><D93/><U73/><E73/><V52/><F54/><W25/><G123/><T76/><D92/><U67/><E67/><V130/><F130/><W120/><G120/><T31/><D69/><U89/><E89/><AGARI ba="0,1" hai="4,7,14,16,20,45,50,52,56,57,58,89,95,99" machi="89" ten="40,7700,0" yaku="8,1,54,2" doraHai="71" who="2" fromWho="1" sc="350,0,183,-77,180,87,277,0" /><INIT seed="2,1,0,5,3,13" ten="350,106,267,277" oya="2" hai0="106,2,25,8,122,79,95,82,111,53,55,83,30" hai1="28,110,27,52,66,65,56,105,96,57,134,5,15" hai2="130,129,126,6,91,41,18,73,44,29,112,26,68" hai3="34,69,23,36,70,128,7,74,135,39,48,127,107"/><V9/><F112/><W33/><G7/><T59/><D106/><U131/><E110/><V21/><F68/><N who="3" m="26219" /><G23/><T113/><D122/><U62/><E131/><N who="2" m="50187" /><F73/><W90/><G90/><T76/><D113/><U116/><E134/><V1/><F91/><W103/><G48/><T63/><D111/><U4/><E116/><V20/><F126/><W67/><G67/><T51/><D95/><U98/><E66/><V64/><F64/><W17/><G74/><T93/><D93/><U3/><E3/><V132/><F132/><W101/><G135/><T46/><D8/><U118/><E118/><V12/><F44/><W89/><G89/><T94/><D94/><U54/><E65/><V37/><F41/><W49/><G128/><T81/><REACH who="0" step="1"/><D2/><REACH who="0" ten="340,106,267,277" step="2"/><U14/><E105/><V124/><F124/><W61/><G107/><T102/><D102/><U11/><E4/><N who="2" m="1167" /><F37/><W60/><G39/><T75/><D75/><U123/><E123/><V72/><F72/><W10/><G36/><T16/><D16/><U87/><E87/><V104/><F104/><W19/><G127/><T38/><D38/><U43/><E43/><V45/><F6/><W32/><G10/><T121/><D121/><U40/><E40/><V22/><F45/><W109/><G109/><T42/><D42/><U99/><E11/><AGARI ba="1,1" hai="11,12,18,20,21,22,26,29" m="1167,50187" machi="11" ten="30,11600,0" yaku="19,1,34,2,52,1" doraHai="13" who="2" fromWho="1" sc="340,0,106,-119,267,129,277,0" owari="340,14.0,-13,-51.3,396,49.6,277,-12.3" /></mjloggm>