<mjloggm ver="2.3"><GO type="225" lobby="0"/><UN n0="%E3%81%BD%E3%81%A1%E3%81%9F%E3%81%93%E3%82%84" n1="%E6%A1%9C%E6%B2%A2%E5%A2%A8" n2="%E9%B7%B9%E5%80%89%E6%9D%8F%E9%88%B4" n3="%E3%83%96%E3%83%83%E3%83%91%E3%82%AA%E3%83%96%E3%83%81%E3%82%AD%E3%83%B3" dan="17,17,16,16" rate="2164.28,2185.77,2087.99,2073.95" sx="M,F,F,M"/><TAIKYOKU oya="0"/><INIT seed="0,0,0,1,2,15" ten="250,250,250,250" oya="0" hai0="71,120,48,38,128,65,67,101,109,46,39,16,79" hai1="104,107,22,54,89,94,31,99,24,72,122,127,62" hai2="7,121,131,115,21,93,116,103,98,132,95,55,30" hai3="13,100,49,11,27,91,6,76,105,25,51,14,52"/><T113/><D113/><U53/><E122/><V129/><F121/><W90/><G76/><T108/><D120/><U133/><E72/><V23/><F115/><W44/><G105/><T4/><D4/><U37/><E37/><N who="0" m="13833" /><D101/><U77/><E77/><V60/><F116/><W18/><G100/><T1/><D1/><U9/><E133/><V8/><F132/><W35/><G51/><T111/><D79/><U96/><E127/><V110/><F110/><W20/><REACH who="3" step="1"/><G35/><REACH who="3" ten="250,250,250,240" step="2"/><T97/><D128/><U106/><E62/><V124/><F60/><W32/><G32/><T123/><D123/><U118/><E118/><V43/><F103/><W29/><G29/><T135/><D135/><U112/><E112/><V58/><F30/><W69/><G69/><T28/><D28/><U102/><E106/><V64/><F131/><W87/><G87/><T34/><D34/><U126/><E107/><V78/><F129/><W45/><G45/><T50/><D97/><U33/><E33/><V47/><F98/><W82/><G82/><T119/><D119/><U59/><E59/><V63/><F58/><W88/><AGARI ba="0,1" hai="6,11,13,14,18,20,25,27,44,49,52,88,90,91" machi="88" ten="30,12000,2" yaku="1,1,0,1,8,1,52,1,54,2,53,0" doraHai="15" doraHaiUra="56" who="3" fromWho="3" sc="250,-60,250,-30,250,-30,240,130" /><INIT seed="1,0,0,3,3,89" ten="190,220,220,370" oya="1" hai0="131,84,55,43,28,3,119,61,90,21,113,88,134" hai1="83,12,35,52,48,130,106,58,67,10,45,53,38" hai2="82,69,108,5,19,57,97,42,115,32,66,7,9" hai3="110,96,0,62,8,129,11,75,6,51,36,107,25"/><U22/><E35/><V30/><F69/><W64/><G36/><T92/><D113/><U135/><E106/><V16/><F115/><W114/><G114/><T111/><D131/><U101/><E130/><V17/><F108/><W56/><G129/><T80/><D119/><U74/><E101/><V85/><F42/><W26/><G110/><T24/><D111/><U77/><E135/><V127/><F127/><W105/><G75/><T124/><D124/><U103/><E103/><V121/><F121/><W95/><G11/><T91/><D3/><U47/><E67/><V128/><F128/><W33/><G51/><T13/><D134/><U76/><E76/><V133/><F133/><W125/><G125/><T4/><D43/><U44/><E22/><V104/><F30/><W87/><G87/><T46/><D80/><U81/><E81/><V70/><F70/><W63/><G63/><T122/><D122/><U59/><E38/><V102/><F32/><W79/><G79/><T117/><D117/><U37/><E37/><V20/><F20/><W72/><G72/><T14/><D14/><U98/><E98/><V18/><F18/><W1/><G1/><T116/><D116/><U2/><E2/><V15/><F7/><W78/><G78/><T49/><D61/><N who="1" m="36039" /><E12/><V31/><F31/><N who="3" m="19695" /><G26/><T112/><D112/><U27/><E27/><V54/><F66/><W120/><G120/><T123/><D123/><U132/><E132/><V40/><F40/><W68/><G68/><T93/><D84/><U60/><E60/><N who="2" m="35895" /><F5/><W41/><G41/><T118/><D118/><U73/><E73/><RYUUKYOKU ba="0,0" sc="190,0,220,0,220,0,370,0" hai0="4,13,21,24,28,46,49,55,88,90,91,92,93" hai1="10,44,45,47,48,53,59,74,77,83" hai2="9,15,16,17,19,82,85,97,102,104" hai3="0,6,8,56,62,64,95,96,105,107" /><INIT seed="1,1,0,0,4,5" ten="190,220,220,370" oya="1" hai0="32,64,44,41,28,60,47,76,89,13,52,84,51" hai1="78,118,7,109,110,9,11,92,36,75,56,12,104" hai2="106,63,133,29,100,125,74,35,57,122,39,54,105" hai3="8,108,82,70,26,66,43,115,111,38,58,19,48"/><U127/><E104/><V103/><F122/><W73/><G115/><T95/><D32/><U102/><E118/><V59/><F39/><W23/><G73/><T14/><D28/><U79/><E36/><V120/><F120/><W135/><G82/><T117/><D117/><U96/><E127/><V20/><F35/><W69/><G135/><T40/><D76/><U113/><E113/><V37/><F37/><W134/><G134/><T15/><REACH who="0" step="1"/><D44/><REACH who="0" ten="180,220,220,370" step="2"/><U1/><E75/><V31/><F74/><W68/><G111/><N who="1" m="42506" /><E56/><AGARI ba="1,1" hai="13,14,15,40,41,47,51,52,56,60,64,84,89,95" machi="56" ten="40,5200,0" yaku="1,1,8,1,54,1,53,0" doraHai="5" doraHaiUra="128" who="0" fromWho="1" sc="180,65,220,-55,220,0,370,0" /><INIT seed="2,0,0,5,5,67" ten="245,165,220,370" oya="2" hai0="132,84,45,105,107,10,114,4,130,21,52,88,35" hai1="109,43,33,65,68,63,121,14,0,50,76,122,119" hai2="73,9,57,102,40,123,61,104,70,118,26,131,32" hai3="27,7,2,22,34,58,17,38,81,117,46,128,134"/><V116/><F123/><N who="1" m="47113" /><E0/><V85/><F73/><W16/><G117/><T101/><D35/><U113/><E33/><V110/><F40/><W92/><G134/><T80/><D114/><U30/><E30/><V108/><F131/><W78/><G128/><T62/><D132/><U99/><E14/><V44/><F44/><W82/><G92/><T11/><D130/><U98/><E76/><V56/><F85/><W54/><G34/><T31/><D101/><U66/><E98/><N who="2" m="61527" /><F9/><W71/><G78/><T126/><D126/><U47/><E99/><V15/><F15/><W55/><G82/><T97/><D97/><U1/><E1/><V111/><F70/><W48/><G71/><T133/><D133/><U125/><E119/><N who="2" m="45611" /><F61/><W42/><G81/><T115/><D11/><U29/><E29/><AGARI ba="0,0" hai="26,29,32,56,57,108,110,111" m="45611,61527" machi="29" ten="40,3900,0" yaku="14,1,10,1" doraHai="67" who="2" fromWho="1" sc="245,0,165,-39,220,39,370,0" /><INIT seed="2,1,0,4,2,30" ten="245,126,259,370" oya="2" hai0="14,35,134,7,108,34,53,124,116,29,94,76,120" hai1="4,105,68,10,56,9,130,37,80,82,47,58,11" hai2="57,43,16,88,21,103,89,132,125,42,87,112,49" hai3="67,38,99,81,110,119,84,22,113,45,50,54,93"/><V39/><F112/><W13/><G110/><T133/><D108/><U36/><E68/><V73/><F73/><W97/><G119/><T5/><D116/><U28/><E105/><V0/><F0/><W123/><G123/><T100/><D120/><U78/><E130/><V18/><F132/><N who="0" m="50794" /><D29/><U128/><E128/><V6/><F6/><N who="0" m="2058" /><D124/><U3/><E28/><V85/><F103/><W135/><G113/><T15/><D76/><U72/><E82/><N who="2" m="49207" /><F39/><W1/><G81/><T55/><D94/><U60/><E37/><V75/><F75/><W63/><G54/><N who="0" m="20491" /><D100/><U52/><REACH who="1" step="1"/><E58/><REACH who="1" ten="245,116,259,370" step="2"/><V66/><F125/><W101/><G135/><T91/><D91/><U44/><E44/><V64/><F57/><W71/><G45/><T70/><D70/><U61/><E61/><V41/><F49/><W69/><G63/><T98/><D98/><U27/><E27/><N who="2" m="14759" /><F18/><W40/><G50/><T62/><D62/><U19/><E19/><V24/><F24/><W107/><G38/><T104/><D104/><U115/><E115/><V118/><F118/><W32/><G107/><T26/><D26/><U17/><E17/><V114/><F114/><W131/><G71/><T121/><D121/><U92/><E92/><AGARI ba="1,1" hai="41,42,43,64,66,87,89,92" m="14759,49207" machi="92" ten="30,5800,0" yaku="8,1,54,2" doraHai="30" who="2" fromWho="1" sc="245,0,116,-61,259,71,370,0" /><INIT seed="2,2,0,2,5,117" ten="245,55,330,370" oya="2" hai0="83,68,54,77,71,24,93,50,36,126,127,114,0" hai1="72,7,74,58,39,107,115,48,91,70,22,2,33" hai2="96,51,111,6,120,118,123,62,122,21,9,30,130" hai3="47,52,110,92,75,76,95,105,85,113,1,43,41"/><V90/><F118/><W112/><G1/><T104/><D104/><U108/><E22/><V27/><F62/><W88/><G105/><T45/><D114/><N who="3" m="44137" /><G110/><T133/><D133/><U67/><E91/><V10/><F51/><N who="3" m="28799" /><G95/><T116/><D116/><U35/><E48/><V82/><F130/><W89/><G89/><T56/><D0/><U131/><E58/><V46/><F46/><W26/><G26/><T4/><D4/><U132/><E7/><V97/><F111/><W124/><G124/><N who="0" m="47659" /><D93/><U119/><E67/><V53/><F53/><W60/><G60/><T86/><D24/><U37/><E35/><V128/><F128/><W15/><G15/><T100/><D100/><U32/><E33/><V135/><F135/><W64/><G64/><T29/><D29/><U38/><E38/><V59/><F59/><W18/><G18/><T34/><D34/><U49/><E49/><V44/><F44/><W103/><G103/><T101/><D101/><U20/><E39/><V134/><F134/><W81/><AGARI ba="2,0" hai="41,43,75,76,81,85,88,92" m="28799,44137" machi="81" ten="30,4000,0" yaku="11,1,54,2" doraHai="117" who="3" fromWho="3" sc="245,-12,55,-12,330,-22,370,46" /><INIT seed="3,0,0,1,5,96" ten="233,43,308,416" oya="3" hai0="59,85,45,103,97,121,34,39,114,47,100,102,105" hai1="36,37,75,35,91,68,134,101,132,130,74,57,126" hai2="26,131,129,21,30,31,77,84,25,61,42,11,56" hai3="32,55,18,44,50,115,71,6,9,43,108,72,4"/><W53/><G72/><T90/><D121/><U76/><E57/><V95/><F42/><W133/><G115/><T27/><D114/><U94/><E91/><V117/><F117/><W93/><G71/><T112/><D112/><U58/><E58/><V5/><F77/><W86/><G32/><T104/><D97/><U7/><E7/><N who="3" m="2602" /><G133/><T81/><D59/><U28/><E94/><V111/><F111/><W124/><G124/><T119/><D119/><U0/><E76/><V88/><F11/><W67/><G67/><T14/><D14/><U113/><E101/><V110/><F110/><W48/><G108/><T107/><REACH who="0" step="1"/><D39/><REACH who="0" ten="223,43,308,416" step="2"/><U8/><E8/><V23/><REACH who="2" step="1"/><F5/><REACH who="2" ten="223,43,298,416" step="2"/><W40/><G9/><T87/><D87/><U60/><E28/><AGARI ba="0,2" hai="27,28,34,45,47,81,85,90,100,102,103,104,105,107" machi="28" ten="50,8000,1" yaku="1,1,52,3,53,0" doraHai="96" doraHaiUra="118" who="0" fromWho="1" sc="223,100,43,-80,298,0,416,0" owari="323,12.3,-37,-53.7,298,-10.2,416,51.6" /></mjloggm>