<mjloggm ver="2.3"><GO type="225" lobby="0"/><UN n0="%E6%81%A5%E6%99%92%E3%81%97" n1="%E5%91%A8%E6%9D%B1" n2="%E3%81%AF%E3%82%88%E3%81%8A%E3%81%98%E3%81%95%E3%82%93" n3="%E3%83%81%E3%83%A7%E3%83%99%E3%83%83%E3%82%AF" dan="16,16,16,16" rate="2092.27,2171.43,2120.81,2119.24" sx="M,M,M,M"/><TAIKYOKU oya="0"/><INIT seed="0,0,0,5,1,81" ten="250,250,250,250" oya="0" hai0="6,72,7,12,45,132,130,48,35,91,26,89,124" hai1="50,95,101,73,65,93,14,29,116,30,27,40,63" hai2="100,56,96,20,112,43,118,135,17,76,99,84,3" hai3="10,98,36,111,122,37,46,9,23,114,75,121,120"/><T105/><D72/><U82/><E116/><V85/><F112/><W38/><G75/><T42/><D105/><U68/><E30/><V64/><F3/><W21/><G114/><T127/><D130/><U113/><E113/><V78/><F135/><W128/><G128/><T18/><D132/><U61/><E61/><N who="2" m="37927" /><F118/><W71/><G71/><T90/><D26/><U55/><E40/><V87/><F43/><W47/><G98/><N who="2" m="37417" /><F100/><W74/><G74/><T119/><D35/><U11/><E101/><V102/><F102/><W53/><G111/><T58/><D119/><U5/><E73/><V92/><F92/><W31/><G31/><T33/><D58/><U88/><E55/><V107/><F107/><W4/><G53/><T22/><REACH who="0" step="1"/><D33/><REACH who="0" ten="240,250,250,250" step="2"/><U0/><E0/><V129/><F129/><W57/><G57/><T123/><D123/><U39/><E27/><AGARI ba="0,1" hai="17,20,27,76,78,84,85,87" m="37417,37927" machi="27" ten="30,7700,0" yaku="8,1,52,3" doraHai="81" who="2" fromWho="1" sc="240,0,250,-77,250,87,250,0" /><INIT seed="1,0,0,4,2,10" ten="240,173,337,250" oya="1" hai0="113,127,69,122,100,72,91,11,128,16,126,58,71" hai1="4,115,70,51,89,43,20,39,78,106,130,114,102" hai2="5,87,18,131,109,85,27,8,134,81,49,75,108" hai3="48,76,65,86,83,79,68,80,90,93,107,22,104"/><U105/><E70/><V77/><F131/><W99/><G65/><T3/><D113/><U12/><E130/><V124/><F124/><N who="0" m="47658" /><D3/><U33/><E33/><V28/><F18/><W56/><G68/><T129/><D122/><U94/><E39/><V37/><F49/><W98/><G56/><T73/><D71/><U60/><E60/><V29/><F37/><W26/><G48/><T64/><D69/><U6/><E78/><N who="3" m="29738" /><G22/><T133/><D133/><U17/><E114/><V35/><F28/><W117/><G26/><T74/><D100/><U50/><E115/><V40/><F40/><W125/><G117/><T42/><D91/><U111/><E111/><N who="2" m="42571" /><F134/><W135/><G135/><T24/><D42/><U118/><E118/><V103/><F103/><N who="3" m="62583" /><G125/><T9/><D9/><U84/><E102/><AGARI ba="0,0" hai="80,83,86,90,93,99,102,107" m="62583,29738" machi="102" ten="30,8000,1" yaku="35,5" doraHai="10" who="3" fromWho="1" sc="240,0,173,-80,337,0,250,80" /><INIT seed="2,0,0,3,2,52" ten="240,93,337,330" oya="2" hai0="56,99,69,44,134,130,132,23,71,133,80,128,104" hai1="112,11,98,4,34,43,45,108,29,121,7,67,74" hai2="72,36,95,122,54,59,90,101,126,13,16,135,127" hai3="84,110,38,47,88,92,73,123,113,76,32,93,68"/><V91/><F122/><W106/><G32/><T20/><D80/><U124/><E121/><V8/><F36/><W107/><G68/><N who="0" m="26187" /><D44/><U39/><E112/><V111/><F72/><W66/><G66/><T100/><D56/><U49/><E67/><V51/><F135/><N who="0" m="34562" /><T5/><DORA hai="28" /><D5/><U87/><E74/><V33/><F33/><W1/><G1/><T63/><D63/><U10/><E124/><N who="2" m="47659" /><F111/><W65/><G65/><T26/><D23/><U53/><E108/><V78/><F78/><W86/><G110/><T42/><D42/><U12/><E98/><AGARI ba="0,0" hai="8,13,16,51,54,59,90,91,95,98,101" m="47659" machi="98" ten="30,5800,0" yaku="18,1,52,1,54,1" doraHai="52,28" who="2" fromWho="1" sc="240,0,93,-58,337,58,330,0" /><INIT seed="2,1,0,2,5,107" ten="240,35,395,330" oya="2" hai0="27,0,85,43,53,11,2,58,16,30,26,117,4" hai1="32,14,79,28,5,135,72,12,9,22,115,77,130" hai2="62,3,99,86,55,89,47,51,35,125,82,71,93" hai3="134,100,61,129,73,52,18,92,46,80,65,74,128"/><V8/><F125/><W48/><G80/><T96/><D117/><U19/><E115/><V84/><F35/><W49/><G134/><T97/><D0/><U83/><E135/><V122/><F122/><W109/><G109/><T70/><D70/><U127/><E127/><V111/><F111/><W45/><G18/><T119/><D119/><U20/><E130/><N who="3" m="50282" /><G92/><T37/><D85/><U76/><REACH who="1" step="1"/><E32/><REACH who="1" ten="240,25,395,330" step="2"/><V40/><F3/><W34/><G34/><T132/><D132/><U63/><E63/><V50/><F62/><W10/><G100/><T133/><D133/><U33/><E33/><V95/><F71/><N who="3" m="42415" /><G10/><T106/><D106/><U78/><E78/><V7/><F8/><W131/><G131/><T102/><D102/><U6/><E6/><V31/><F7/><W118/><G118/><T21/><D37/><U75/><E75/><V126/><F126/><W59/><G59/><T17/><D43/><AGARI ba="1,1" hai="43,45,46,48,49,52,73,74" m="42415,50282" machi="43" ten="30,7700,0" yaku="19,1,52,2,54,1" doraHai="107" who="3" fromWho="0" sc="240,-80,25,0,395,0,330,90" /><INIT seed="3,0,0,1,2,110" ten="160,25,395,420" oya="3" hai0="108,18,86,19,123,25,14,17,54,69,84,61,135" hai1="101,13,132,21,65,46,57,96,78,72,11,62,129" hai2="59,34,2,35,36,75,26,5,27,115,55,28,24" hai3="15,68,32,47,48,80,113,43,95,121,92,114,103"/><W81/><G68/><T42/><D123/><U98/><E129/><V16/><F75/><W128/><G32/><N who="2" m="12329" /><F55/><W0/><G0/><T118/><D108/><U104/><E132/><V41/><F59/><W71/><G71/><T23/><D135/><U77/><E72/><V40/><F40/><W88/><G121/><T20/><D118/><U74/><E74/><V126/><F41/><W76/><G128/><T130/><D42/><U116/><E116/><V107/><F107/><W39/><G39/><T3/><D3/><U73/><E73/><V64/><F64/><W109/><G109/><T134/><D69/><U83/><E46/><V9/><F36/><W51/><G51/><T45/><D130/><U105/><E83/><N who="3" m="31818" /><G76/><T30/><D134/><U60/><E60/><V127/><F115/><W29/><G29/><T4/><D4/><U7/><REACH who="1" step="1"/><E21/><REACH who="1" ten="160,15,395,420" step="2"/><N who="2" m="13351" /><F26/><W1/><G1/><T12/><D45/><U122/><E122/><V87/><F87/><N who="0" m="33322" /><D23/><AGARI ba="0,1" hai="2,5,9,23,27,28,126,127" m="13351,12329" machi="23" ten="30,3900,0" yaku="34,2,54,1" doraHai="110" who="2" fromWho="0" sc="160,-39,15,0,395,49,420,0" owari="121,-27.9,15,-48.5,444,54.4,420,22.0" /></mjloggm>