<mjloggm ver="2.3"><GO type="225" lobby="0"/><UN n0="%E5%B8%86%E7%AB%8B%E5%A4%8F%E8%A1%A3" n1="%E5%A4%8F%E9%88%B4%E9%88%B4%E5%A4%8F" n2="%E6%A1%9C%E8%8A%B1%E9%96%83%E3%80%85" n3="%E3%83%81%E3%83%83%E3%82%BF%E3%82%BD%E3%83%BC" dan="17,16,16,16" rate="2198.53,2121.21,2115.12,2128.45" sx="M,F,M,F"/><TAIKYOKU oya="0"/><INIT seed="0,0,0,4,1,73" ten="250,250,250,250" oya="0" hai0="128,92,103,14,38,80,125,31,96,10,110,19,117" hai1="102,132,126,39,13,77,52,85,107,104,9,135,47" hai2="74,71,69,115,11,27,8,70,32,90,131,53,20" hai3="57,33,49,5,63,24,56,99,43,64,83,12,86"/><T120/><D117/><U46/><E126/><V106/><F115/><W123/><G123/><T51/><D120/><U93/><E47/><V87/><F74/><W4/><G99/><T50/><D125/><U55/><E39/><V81/><F32/><W22/><G33/><T127/><D127/><U84/><E93/><V105/><F131/><W72/><G12/><T108/><D38/><U100/><E46/><V36/><F53/><N who="1" m="20553" /><E13/><V2/><F36/><W62/><G72/><T58/><D31/><U34/><E34/><V6/><REACH who="2" step="1"/><F8/><REACH who="2" ten="250,250,240,250" step="2"/><W7/><G43/><T59/><D128/><U37/><E9/><V101/><F101/><N who="1" m="39017" /><E37/><V112/><F112/><W78/><G49/><T16/><D51/><U76/><E132/><V113/><F113/><W61/><REACH who="3" step="1"/><G64/><REACH who="3" ten="250,250,240,240" step="2"/><T35/><D50/><U18/><E135/><V95/><F95/><W25/><G25/><T124/><D35/><U89/><E107/><V23/><F23/><W116/><G116/><T88/><D124/><U122/><E104/><V133/><F133/><W68/><G68/><T65/><D65/><U75/><E75/><V66/><F66/><W26/><G26/><T119/><D119/><U98/><E122/><V21/><F21/><W15/><G15/><T114/><D114/><U60/><E60/><V41/><F41/><W48/><G48/><T45/><D45/><U82/><E82/><V91/><F91/><W97/><G97/><T1/><D10/><U0/><E98/><V134/><F134/><W42/><G42/><T3/><D96/><U28/><E89/><V54/><F54/><W29/><AGARI ba="0,2" hai="4,5,7,22,24,29,56,57,61,62,63,78,83,86" machi="29" ten="30,8000,1" yaku="1,1,5,1,0,1,8,1,52,1,53,0" doraHai="73" doraHaiUra="121" who="3" fromWho="3" sc="250,-40,250,-20,240,-20,240,100" /><INIT seed="1,0,0,4,0,19" ten="210,230,220,340" oya="1" hai0="22,52,28,69,134,104,25,82,101,89,55,16,14" hai1="117,79,38,75,132,130,123,53,97,120,129,41,128" hai2="0,4,47,106,51,1,6,40,93,74,27,95,119" hai3="11,70,98,131,44,65,96,90,127,21,125,80,112"/><U103/><E41/><V45/><F106/><W115/><G11/><T102/><D69/><U29/><E29/><V12/><F119/><W30/><G44/><T88/><D134/><U105/><E38/><V121/><F121/><N who="1" m="46665" /><E53/><N who="0" m="20553" /><D104/><U24/><E24/><V124/><F124/><N who="3" m="47691" /><G131/><T86/><D89/><U133/><E117/><V17/><F74/><W34/><G34/><T20/><AGARI ba="0,0" hai="14,16,20,22,25,28,82,86,88,101,102" m="20553" machi="20" ten="30,12000,2" yaku="8,1,52,2,54,3" doraHai="19" who="0" fromWho="0" sc="210,120,230,-60,220,-30,340,-30" /><INIT seed="2,0,0,2,3,21" ten="330,170,190,310" oya="2" hai0="100,122,41,80,109,42,51,22,47,11,39,55,132" hai1="110,90,44,46,63,61,114,4,111,98,97,89,102" hai2="104,94,128,0,40,43,119,118,56,19,36,6,87" hai3="25,106,49,9,125,38,82,68,120,7,14,30,126"/><V73/><F73/><W64/><G38/><T58/><D122/><U135/><E114/><V107/><F56/><W83/><G120/><T96/><D109/><U52/><E4/><V76/><F19/><W117/><G117/><T65/><D132/><U31/><E31/><V57/><F57/><W24/><G106/><N who="2" m="40489" /><F94/><W81/><G49/><T108/><D108/><N who="1" m="41515" /><E135/><V60/><F87/><W121/><G121/><T70/><D80/><U75/><E75/><V37/><F76/><W77/><G77/><T48/><D11/><U34/><E34/><V105/><F105/><W62/><REACH who="3" step="1"/><G30/><REACH who="3" ten="330,170,190,300" step="2"/><T45/><D39/><U101/><E44/><V18/><F37/><W84/><G84/><T28/><D51/><N who="1" m="28791" /><E98/><V2/><F36/><W130/><G130/><T12/><D96/><U93/><E102/><V79/><F128/><W99/><G99/><T116/><D100/><U131/><E131/><V16/><F119/><W20/><G20/><T103/><D116/><U29/><E29/><V72/><F118/><W129/><G129/><T13/><D103/><U23/><E23/><V95/><F72/><W71/><G71/><T17/><D28/><U10/><E10/><V74/><F74/><W3/><G3/><T124/><D47/><U27/><E27/><AGARI ba="0,1" hai="7,9,14,24,25,27,62,64,68,81,82,83,125,126" machi="27" ten="40,8000,1" yaku="1,1,52,3,53,0" doraHai="21" doraHaiUra="112" who="3" fromWho="1" sc="330,0,170,-80,190,0,300,90" /><INIT seed="3,0,0,5,3,19" ten="330,90,190,390" oya="3" hai0="73,124,113,21,120,25,101,59,105,27,31,12,69" hai1="107,68,15,24,1,33,92,11,40,135,93,60,53" hai2="117,72,83,5,67,119,130,97,96,34,35,4,71" hai3="79,80,58,78,64,90,87,84,47,102,74,49,106"/><W14/><G106/><T50/><D69/><U43/><E107/><V82/><F71/><W6/><G102/><T128/><D120/><U85/><E135/><V45/><F45/><W132/><G132/><T126/><D73/><U57/><E68/><V125/><F72/><W94/><G74/><T38/><D38/><U54/><E1/><V28/><F28/><W100/><G100/><T99/><D128/><U32/><E33/><V88/><F88/><N who="3" m="51207" /><G58/><T129/><D129/><U8/><E32/><V134/><F67/><W39/><G39/><T22/><D12/><U122/><E122/><V81/><F81/><W123/><G64/><T89/><D89/><U16/><E8/><V18/><F134/><W133/><G133/><T30/><REACH who="0" step="1"/><D113/><REACH who="0" ten="320,90,190,390" step="2"/><U26/><E54/><AGARI ba="0,1" hai="21,22,25,27,30,31,50,54,59,99,101,105,124,126" machi="54" ten="40,12000,2" yaku="1,1,2,1,9,1,52,2,53,1" doraHai="19" doraHaiUra="98" who="0" fromWho="1" sc="320,130,90,-120,190,0,390,0" owari="450,55.0,-30,-53.0,190,-21.0,390,19.0" /></mjloggm>