<mjloggm ver="2.3"><GO type="225" lobby="0"/><UN n0="%E6%97%A5%E6%9B%9C%E6%97%A5%E3%82%88%E3%82%8A%E3%81%AE%E4%BD%BF%E8%80%85" n1="%E6%98%93%E5%88%A9%E8%96%A9%E4%BC%AF" n2="%E6%A1%9C%E8%8A%B1%E9%96%83%E3%80%85" n3="%E3%83%B4%E3%83%A0%EF%BC%99%E3%81%A6" dan="16,17,16,16" rate="2152.68,2186.48,2105.61,2164.36" sx="M,F,M,M"/><TAIKYOKU oya="0"/><INIT seed="0,0,0,2,3,107" ten="250,250,250,250" oya="0" hai0="44,50,0,99,49,86,7,68,73,100,108,60,84" hai1="52,18,71,110,10,94,17,65,121,103,30,91,24" hai2="25,122,118,82,62,46,112,97,23,116,90,66,28" hai3="106,57,75,125,58,133,105,88,135,55,47,64,101"/><T14/><D0/><U36/><E36/><V115/><F122/><W16/><G125/><T83/><D73/><U87/><E121/><V48/><F97/><W89/><G47/><T51/><D108/><U109/><E103/><V120/><F120/><W15/><G64/><T26/><D26/><U69/><E65/><V74/><F90/><N who="3" m="34923" /><G75/><T1/><D1/><U70/><E52/><N who="2" m="29719" /><F82/><W33/><G33/><T61/><D68/><U13/><REACH who="1" step="1"/><E18/><REACH who="1" ten="250,240,250,250" step="2"/><V32/><F115/><W85/><G101/><T39/><D39/><U35/><AGARI ba="0,1" hai="10,13,17,24,30,35,69,70,71,87,91,94,109,110" machi="35" ten="40,5200,0" yaku="1,1,2,1,0,1,53,0" doraHai="107" doraHaiUra="130" who="1" fromWho="1" sc="250,-26,240,62,250,-13,250,-13" /><INIT seed="1,0,0,5,1,61" ten="224,302,237,237" oya="1" hai0="123,15,60,32,115,114,34,21,72,31,118,96,122" hai1="87,111,37,83,98,13,93,94,71,95,30,90,113" hai2="55,2,120,18,22,103,104,92,50,17,8,54,27" hai3="66,112,29,133,59,121,67,6,42,91,76,10,85"/><U3/><E3/><V73/><F120/><N who="0" m="46122" /><D72/><U128/><E37/><V88/><F73/><W134/><G121/><T39/><D39/><U25/><E113/><N who="0" m="43017" /><D96/><U64/><E128/><V110/><F110/><W74/><G112/><T82/><D82/><U58/><E71/><V81/><F104/><W130/><G130/><T68/><D118/><U56/><E13/><N who="2" m="7335" /><F2/><N who="3" m="343" /><G42/><T57/><D68/><U51/><E111/><V126/><F126/><W9/><G59/><T41/><D41/><U44/><E98/><N who="2" m="59847" /><F50/><W77/><G29/><T1/><D1/><U102/><E102/><V4/><F4/><W45/><G45/><T62/><D62/><U124/><E124/><V99/><F99/><W43/><G43/><T127/><D127/><U119/><E119/><V23/><F23/><W131/><G131/><T63/><D60/><U11/><E44/><V46/><F46/><W28/><G74/><T125/><D125/><U80/><E51/><V35/><F35/><W53/><G9/><T97/><D97/><U16/><E11/><V105/><F105/><W78/><G85/><AGARI ba="0,0" hai="18,22,27,54,55,81,85,88" m="59847,7335" machi="85" ten="30,2000,0" yaku="8,1,54,1" doraHai="61" who="2" fromWho="3" sc="224,0,302,0,237,20,237,-20" /><INIT seed="2,0,0,0,0,2" ten="224,302,257,217" oya="2" hai0="51,43,93,37,5,42,21,48,79,108,72,107,121" hai1="125,131,58,112,4,128,120,24,16,9,99,101,52" hai2="113,54,66,20,3,85,38,78,83,61,122,50,124" hai3="29,13,22,75,90,105,82,118,6,117,123,39,32"/><V81/><F113/><W103/><G123/><T110/><D107/><U135/><E135/><V80/><F122/><W14/><G39/><T127/><D121/><U109/><E109/><N who="0" m="42089" /><D127/><U12/><E120/><V63/><F124/><W1/><G13/><T70/><D70/><U44/><E44/><V53/><F38/><W41/><G41/><N who="0" m="15371" /><D37/><U11/><E112/><V36/><F36/><W18/><G103/><T68/><D68/><U94/><E125/><V129/><F129/><N who="1" m="49737" /><E24/><V26/><F3/><W104/><G117/><T62/><D62/><N who="2" m="23562" /><F66/><W7/><G118/><T31/><D93/><U65/><E65/><V96/><F96/><W133/><G133/><T91/><D91/><U47/><E47/><N who="2" m="27871" /><F54/><W15/><G104/><T30/><D72/><U35/><E35/><V126/><F126/><W23/><G105/><T40/><D40/><U57/><E52/><V88/><F78/><W77/><G77/><T116/><D79/><U114/><E114/><V28/><AGARI ba="0,0" hai="20,26,28,80,81,83,85,88" m="27871,23562" machi="28" ten="30,3000,0" yaku="8,1,54,1" doraHai="2" who="2" fromWho="2" sc="224,-10,302,-10,257,30,217,-10" /><INIT seed="2,1,0,0,1,70" ten="214,292,287,207" oya="2" hai0="110,37,43,55,130,18,34,94,97,126,96,17,51" hai1="116,79,11,73,16,135,49,46,20,41,19,52,105" hai2="45,12,27,42,60,121,28,57,91,83,1,115,128" hai3="63,119,5,132,61,87,88,95,129,56,21,26,90"/><V67/><F115/><W64/><G119/><T114/><D34/><U7/><E105/><V118/><F118/><W111/><G111/><T69/><D114/><U107/><E107/><V2/><F121/><W100/><G129/><T10/><D69/><U40/><E135/><V32/><F128/><W13/><G132/><T6/><D110/><U58/><E41/><V36/><REACH who="2" step="1"/><F12/><REACH who="2" ten="214,292,277,207" step="2"/><W9/><G63/><T33/><D130/><U125/><E116/><V93/><F93/><W76/><G100/><T3/><D94/><U68/><E125/><V39/><F39/><W108/><G108/><T80/><D37/><U74/><E74/><V53/><F53/><W75/><G75/><T47/><D55/><U31/><E52/><V81/><F81/><N who="3" m="47527" /><G95/><T14/><D80/><U101/><E73/><V15/><F15/><W44/><G44/><T0/><D126/><U8/><E46/><V54/><F54/><W35/><G35/><T120/><D33/><U71/><E101/><V72/><F72/><W59/><G59/><T38/><D120/><U62/><E58/><V98/><F98/><W85/><G85/><AGARI ba="1,1" hai="1,2,27,28,32,36,42,45,57,60,67,83,85,91" machi="85" ten="40,7700,0" yaku="1,1,52,1,53,1" doraHai="70" doraHaiUra="77" who="2" fromWho="3" sc="214,0,292,0,277,90,207,-80" /><INIT seed="2,2,0,2,1,92" ten="214,292,367,127" oya="2" hai0="0,135,59,85,44,104,82,20,17,115,80,128,5" hai1="83,110,77,14,29,16,71,45,4,119,75,91,8" hai2="98,15,69,70,89,62,132,36,120,6,30,37,72" hai3="42,88,46,47,95,49,41,118,116,68,79,34,84"/><V22/><F120/><W43/><G68/><T65/><D115/><U127/><E71/><V54/><F72/><W18/><G34/><T122/><D104/><U51/><E110/><V97/><F70/><W35/><G35/><T48/><D122/><U99/><E29/><V134/><F89/><W13/><G79/><T74/><D74/><U94/><E127/><V1/><F1/><W23/><REACH who="3" step="1"/><G41/><REACH who="3" ten="214,292,367,117" step="2"/><T55/><D128/><U24/><E119/><V67/><F132/><W26/><G26/><T76/><D135/><U50/><E24/><V114/><F134/><W27/><G27/><T96/><D76/><U53/><REACH who="1" step="1"/><E51/><AGARI ba="2,1" hai="13,18,23,42,43,46,47,49,51,84,88,95,116,118" machi="51" ten="30,7700,0" yaku="1,1,7,1,9,1,54,1,53,0" doraHai="92" doraHaiUra="58" who="3" fromWho="1" sc="214,0,292,-83,367,0,117,93" /><INIT seed="3,0,0,3,3,43" ten="214,209,367,210" oya="3" hai0="129,20,72,82,105,36,39,120,56,112,93,24,128" hai1="57,103,3,74,33,71,47,65,60,18,5,22,26" hai2="83,15,123,97,52,16,14,98,85,10,2,1,102" hai3="118,94,49,79,96,91,84,69,104,132,122,66,34"/><W46/><G118/><T107/><D120/><U86/><E74/><V108/><F108/><W31/><G122/><T4/><D4/><U75/><E75/><V135/><F123/><W28/><G132/><T30/><D93/><U54/><E103/><V29/><F29/><W17/><G34/><T130/><D56/><U131/><E131/><V53/><F97/><W51/><G51/><T32/><D20/><U50/><E33/><V61/><F15/><W63/><G17/><T0/><D0/><U88/><E3/><V117/><F53/><W90/><G79/><N who="0" m="44391" /><D112/><U127/><E127/><V68/><F52/><W21/><G21/><T126/><D126/><U95/><REACH who="1" step="1"/><E5/><REACH who="1" ten="214,199,367,210" step="2"/><V133/><F1/><W12/><G12/><T55/><D55/><U64/><E64/><V77/><F2/><W25/><G25/><T19/><D19/><U59/><AGARI ba="0,1" hai="18,22,26,47,50,54,57,59,60,65,71,86,88,95" machi="59" ten="30,7900,0" yaku="1,1,0,1,52,1,54,1,53,0" doraHai="43" doraHaiUra="115" who="1" fromWho="1" sc="214,-20,199,89,367,-20,210,-39" owari="194,-20.6,288,8.8,347,44.7,171,-32.9" /></mjloggm>