<mjloggm ver="2.3"><GO type="225" lobby="0"/><UN n0="%E3%81%AF%E3%82%88%E3%81%8A%E3%81%98%E3%81%95%E3%82%93" n1="%E5%A4%8F%E9%88%B4%E9%88%B4%E5%A4%8F" n2="%65%76%69%61%6E%36%31%39" n3="%E3%81%99%E3%81%84%E3%81%BE%E3%81%9B%E3%83%BC%E3%82%93" dan="17,16,16,18" rate="2127.79,2124.37,2032.00,2215.68" sx="M,F,M,M"/><TAIKYOKU oya="0"/><INIT seed="0,0,0,2,4,18" ten="250,250,250,250" oya="0" hai0="60,48,134,73,38,6,124,77,89,0,61,11,36" hai1="103,43,7,5,65,117,14,44,42,13,25,40,50" hai2="107,34,113,135,29,76,2,66,59,86,92,70,49" hai3="128,71,57,116,67,85,81,58,90,41,31,111,20"/><T108/><D124/><U10/><E117/><V21/><F107/><W123/><G116/><T4/><D134/><U121/><E121/><V17/><F135/><W126/><G126/><T125/><D125/><U15/><E65/><V97/><F70/><W75/><G123/><T27/><D108/><U109/><E109/><V32/><F2/><W16/><G128/><T80/><D6/><U72/><E72/><V82/><F29/><W28/><G111/><T94/><D48/><U122/><E122/><V46/><F59/><N who="3" m="22539" /><G71/><T45/><D27/><U95/><E25/><V112/><F66/><W33/><G75/><T84/><REACH who="0" step="1"/><D38/><REACH who="0" ten="240,250,250,250" step="2"/><U105/><E5/><V35/><F113/><W22/><G67/><T23/><D23/><U68/><E7/><V130/><F112/><W106/><G22/><T8/><D8/><U55/><E10/><V118/><F118/><W30/><G33/><T100/><D100/><U12/><E103/><V56/><F34/><W88/><G106/><T132/><D132/><U96/><E105/><V93/><F35/><W91/><G41/><AGARI ba="0,1" hai="0,4,11,36,41,45,60,61,73,77,80,84,89,94" machi="41" ten="40,7700,0" yaku="1,1,25,2,53,0" doraHai="18" doraHaiUra="127" who="0" fromWho="3" sc="240,87,250,0,250,0,250,-77" /><INIT seed="0,1,0,2,3,8" ten="327,250,250,173" oya="0" hai0="17,33,64,105,23,46,50,67,116,42,54,78,112" hai1="38,15,115,108,127,123,62,79,66,68,85,118,69" hai2="26,65,25,73,2,94,13,41,90,45,98,100,110" hai3="134,49,22,106,102,83,28,89,119,93,24,80,31"/><T32/><D112/><U43/><E123/><V12/><F2/><W21/><G119/><T72/><D116/><U126/><E118/><V132/><F110/><W91/><G134/><T57/><D105/><U9/><E108/><V125/><F125/><N who="1" m="47625" /><E115/><V81/><F132/><W86/><G106/><T60/><D72/><U40/><E38/><V30/><F65/><W113/><G113/><T59/><D78/><U92/><E69/><V128/><F128/><W48/><G102/><T124/><D124/><U96/><E85/><N who="2" m="50479" /><F73/><W51/><REACH who="3" step="1"/><G89/><REACH who="3" ten="327,250,250,163" step="2"/><T109/><D109/><U35/><E79/><V84/><F100/><W27/><AGARI ba="1,1" hai="21,22,24,27,28,31,48,49,51,80,83,86,91,93" machi="27" ten="30,12000,2" yaku="1,1,2,1,0,1,9,1,8,1,53,2" doraHai="8" doraHaiUra="76" who="3" fromWho="3" sc="327,-61,250,-31,250,-31,163,133" /><INIT seed="1,0,0,0,2,10" ten="266,219,219,296" oya="1" hai0="50,112,59,63,40,103,26,27,46,97,92,82,101" hai1="8,98,44,118,7,105,129,41,85,23,80,16,70" hai2="29,86,79,119,96,20,124,117,24,120,35,33,102" hai3="68,115,12,106,127,51,32,100,5,42,21,134,113"/><U28/><E118/><V22/><F120/><W111/><G32/><T37/><D112/><U89/><E129/><V55/><F124/><W67/><G127/><T31/><D82/><U11/><E28/><V131/><F131/><W108/><G134/><T109/><D109/><U76/><E70/><V57/><F35/><W34/><G34/><T9/><D31/><U74/><E7/><V126/><F126/><W72/><G72/><T60/><D101/><U83/><E98/><V81/><F22/><W0/><G0/><T69/><D9/><U17/><E105/><V125/><F125/><W58/><G68/><T122/><D122/><U6/><E17/><V45/><F45/><W66/><G106/><T128/><D128/><U87/><E6/><V104/><REACH who="2" step="1"/><F33/><REACH who="2" ten="266,219,209,296" step="2"/><W48/><G111/><T71/><D46/><U93/><E44/><V84/><F84/><W114/><G108/><T133/><D133/><U38/><E41/><V110/><F110/><W18/><G115/><T64/><D40/><U123/><E123/><V61/><AGARI ba="0,1" hai="20,24,29,55,57,61,79,81,86,96,102,104,117,119" machi="61" ten="20,2700,0" yaku="1,1,0,1,7,1,53,0" doraHai="10" doraHaiUra="13" who="2" fromWho="2" sc="266,-7,219,-13,209,37,296,-7" /><INIT seed="2,0,0,5,2,10" ten="259,206,246,289" oya="2" hai0="76,14,114,121,12,28,97,20,98,19,92,133,65" hai1="95,41,32,45,100,1,49,122,50,30,11,71,4" hai2="27,123,61,25,127,75,7,18,90,58,91,105,3" hai3="89,120,64,31,35,40,102,72,59,93,60,2,39"/><V6/><F123/><W53/><G120/><T68/><D114/><U124/><E122/><V63/><F75/><W70/><G2/><T69/><D121/><U0/><E124/><V73/><F73/><W134/><G72/><T47/><D133/><U109/><E109/><V126/><F3/><W107/><G134/><T111/><D111/><U103/><E71/><V80/><F80/><W26/><G40/><T85/><D68/><U87/><E0/><V78/><F78/><W33/><G39/><T67/><D69/><U117/><E117/><V86/><F18/><W66/><G35/><T22/><D47/><U38/><E30/><V81/><F58/><W115/><G115/><T112/><D112/><U48/><E32/><V56/><F56/><W17/><G17/><N who="0" m="10279" /><D28/><U84/><REACH who="1" step="1"/><E95/><REACH who="1" ten="259,196,246,289" step="2"/><V128/><F127/><W9/><G93/><T46/><D92/><U57/><E57/><V113/><F126/><W23/><G59/><T119/><D119/><U24/><E24/><N who="2" m="9291" /><F113/><W96/><G33/><T43/><D98/><U83/><E83/><V74/><F105/><W110/><G110/><T16/><D97/><U55/><E55/><V5/><F74/><W108/><G108/><T116/><D116/><U8/><E8/><V135/><F135/><W130/><G9/><N who="0" m="6223" /><D43/><U131/><E131/><V104/><F128/><W29/><G130/><T44/><D46/><U79/><E79/><N who="2" m="46399" /><F104/><W62/><G31/><T94/><D44/><U37/><E37/><V42/><F42/><W34/><G34/><T132/><D132/><U88/><E88/><AGARI ba="0,1" hai="5,6,7,61,63,88,90,91" m="46399,9291" machi="88" ten="30,2900,0" yaku="8,1,54,1" doraHai="10" who="2" fromWho="1" sc="259,0,196,-29,246,39,289,0" /><INIT seed="2,1,0,3,3,2" ten="259,167,285,289" oya="2" hai0="15,103,29,133,57,34,88,48,117,62,50,101,70" hai1="45,83,118,66,80,42,3,4,97,39,113,132,61" hai2="54,90,71,33,60,32,49,38,99,23,58,94,10" hai3="5,86,20,121,26,131,6,14,56,108,124,1,100"/><V8/><F38/><W16/><G121/><T125/><D125/><U59/><E118/><V27/><F33/><W128/><G124/><T130/><D117/><U64/><E113/><V115/><F32/><W25/><G108/><T55/><D130/><N who="3" m="49705" /><G100/><T28/><D133/><U51/><E132/><V79/><F115/><W85/><G56/><T74/><D74/><U13/><E3/><V95/><F79/><W37/><G37/><T46/><D34/><U11/><E66/><V87/><F71/><W40/><G40/><T52/><D70/><U53/><REACH who="1" step="1"/><E97/><REACH who="1" ten="259,157,285,289" step="2"/><V77/><F99/><W0/><G0/><T102/><D62/><U116/><E116/><V81/><F60/><W105/><G1/><T44/><D57/><AGARI ba="1,1" hai="4,11,13,39,42,45,51,53,57,59,61,64,80,83" machi="57" ten="30,3900,0" yaku="1,1,7,1,52,1,53,0" doraHai="2" doraHaiUra="126" who="1" fromWho="0" sc="259,-42,157,52,285,0,289,0" /><INIT seed="3,0,0,5,0,53" ten="217,209,285,289" oya="3" hai0="54,32,78,34,105,113,68,33,122,23,36,119,95" hai1="129,75,96,99,106,45,31,115,73,101,81,135,47" hai2="4,9,11,114,26,44,19,50,15,124,65,12,63" hai3="46,5,92,94,6,48,7,127,77,37,24,52,111"/><W51/><G127/><T104/><D119/><U108/><E115/><V134/><F114/><W10/><G37/><T71/><D113/><U58/><E108/><V17/><F124/><W3/><G111/><T1/><D122/><U128/><E135/><V55/><F134/><W89/><G77/><T72/><D95/><U25/><E96/><V49/><F49/><W118/><G118/><T84/><D54/><U116/><E116/><V88/><F88/><W30/><G51/><T107/><D23/><N who="1" m="15807" /><E58/><N who="2" m="37111" /><F26/><W76/><G76/><T85/><D78/><N who="1" m="44239" /><E75/><V64/><F64/><W90/><G90/><T98/><D72/><U109/><E109/><V131/><F131/><AGARI ba="0,0" hai="45,47,99,101,106,128,129,131" m="44239,15807" machi="131" ten="30,1000,0" yaku="19,1" doraHai="53" who="1" fromWho="2" sc="217,0,209,10,285,-10,289,0" /><INIT seed="4,0,0,3,5,42" ten="217,219,275,289" oya="0" hai0="76,13,64,116,47,6,70,96,135,85,112,130,99" hai1="50,14,67,125,68,44,98,23,51,26,122,40,52" hai2="91,3,32,78,89,127,59,58,105,75,119,87,109" hai3="7,111,16,120,15,114,17,49,74,39,20,124,100"/><T66/><D116/><U86/><E122/><V81/><F109/><W1/><G39/><T93/><D70/><U4/><E125/><V12/><F3/><W24/><G111/><T27/><D112/><U9/><E98/><N who="0" m="37417" /><D130/><U54/><E86/><V33/><F105/><W84/><G74/><T65/><D135/><U83/><E83/><V22/><F91/><W88/><G114/><T108/><D108/><U55/><E67/><N who="0" m="17153" /><T90/><DORA hai="106" /><D76/><U41/><E68/><V61/><F59/><W129/><G129/><T121/><D121/><U72/><E72/><V19/><F127/><W30/><G120/><T46/><D27/><U62/><E62/><V2/><F2/><W28/><G100/><T36/><D36/><U11/><E11/><AGARI ba="0,0" hai="6,11,13,46,47,85,90,93" m="17153,37417" machi="11" ten="40,7700,0" yaku="8,1,52,2" doraHai="42,106" who="0" fromWho="1" sc="217,77,219,-77,275,0,289,0" /><INIT seed="4,1,0,2,5,110" ten="294,142,275,289" oya="0" hai0="82,84,117,98,38,101,12,126,24,83,25,88,0" hai1="104,77,106,115,43,53,124,31,75,59,68,78,11" hai2="60,92,55,19,85,9,63,69,57,73,17,1,112" hai3="109,131,118,48,80,130,91,40,10,90,61,102,44"/><T120/><D120/><U128/><E68/><V125/><F73/><W97/><G109/><T72/><D117/><U13/><E31/><V27/><F125/><W33/><G118/><T18/><D0/><U32/><E32/><V62/><F69/><W26/><G80/><T58/><D38/><U64/><E64/><V100/><F1/><W107/><G61/><T74/><D126/><U35/><E35/><V111/><F111/><W6/><G26/><T96/><D74/><U103/><E43/><V34/><F34/><W22/><G22/><T45/><D45/><U133/><E124/><V119/><F9/><W76/><G76/><N who="1" m="29290" /><E103/><V52/><F100/><W20/><G20/><T23/><D72/><U3/><E3/><V79/><F79/><W51/><G51/><T42/><D42/><U5/><E75/><V15/><F63/><W36/><G36/><T4/><D83/><U81/><E81/><V87/><F27/><N who="0" m="10314" /><D101/><U37/><E37/><V28/><F28/><W56/><G33/><T93/><D4/><U16/><E5/><V95/><F15/><W7/><G7/><T113/><D58/><U46/><E46/><V47/><F47/><W50/><G56/><T14/><D14/><U108/><E108/><V132/><F57/><W89/><G6/><T30/><D30/><U2/><E2/><V121/><F121/><W86/><G102/><N who="0" m="60687" /><D98/><U114/><E133/><V99/><F132/><W94/><G97/><T135/><D135/><U41/><E41/><V129/><F119/><W29/><G40/><T70/><D70/><U8/><E128/><N who="3" m="49194" /><G29/><T54/><D54/><RYUUKYOKU ba="1,0" sc="294,30,142,-10,275,-10,289,-10" hai0="12,18,23,82,84,88,113" owari="324,42.4,132,-36.8,265,-13.5,279,7.9" /></mjloggm>