<mjloggm ver="2.3"><GO type="225" lobby="0"/><UN n0="%33%74%72%65%65" n1="%4B%2E%32%2E%4B%2E" n2="%E3%82%A4%E3%83%BC%E3%82%B1%E3%83%97%E3%83%A9" n3="%E9%A6%AC%E5%BC%95%E7%81%AB%33" dan="17,17,16,16" rate="2133.12,2185.50,2111.96,2136.92" sx="F,M,M,M"/><TAIKYOKU oya="0"/><INIT seed="0,0,0,5,2,58" ten="250,250,250,250" oya="0" hai0="13,70,92,67,84,28,128,37,133,19,7,17,76" hai1="113,93,66,33,104,77,18,52,9,63,27,131,89" hai2="86,118,129,26,83,110,99,11,121,12,36,114,98" hai3="134,21,44,105,10,123,80,25,85,132,46,5,88"/><T119/><D119/><U50/><E104/><V29/><F114/><W48/><G105/><T35/><D128/><U64/><E131/><V100/><F121/><W79/><G123/><T60/><D133/><N who="3" m="51305" /><G79/><T8/><D37/><U117/><E117/><V82/><F118/><W39/><G39/><T73/><D73/><U101/><E101/><V15/><F129/><W0/><G48/><T103/><D35/><U2/><E113/><V75/><F36/><W49/><G49/><T14/><D28/><AGARI ba="0,0" hai="0,5,10,21,25,28,44,46,80,85,88" m="51305" machi="28" ten="30,2000,0" yaku="20,1,54,1" doraHai="58" who="3" fromWho="0" sc="250,-20,250,0,250,0,250,20" /><INIT seed="1,0,0,1,2,75" ten="230,250,250,270" oya="1" hai0="53,82,39,128,17,114,127,80,14,27,34,47,90" hai1="108,0,49,84,32,56,18,62,11,57,12,69,125" hai2="105,28,98,129,5,120,22,7,131,112,117,35,123" hai3="38,63,65,43,107,95,122,79,86,66,15,74,78"/><U73/><E73/><V20/><F98/><W42/><G107/><T133/><D114/><U76/><E32/><V25/><F105/><W110/><G122/><N who="2" m="46633" /><F117/><W97/><G110/><T116/><D116/><U29/><E29/><V100/><F100/><W132/><G74/><T102/><D102/><U46/><E125/><V134/><F112/><W67/><G132/><T85/><D133/><U9/><E108/><V118/><F118/><W92/><G38/><T51/><D127/><U50/><E69/><V71/><F71/><W59/><G15/><T103/><D103/><U3/><E3/><V40/><F40/><N who="3" m="15403" /><G86/><T96/><D96/><U126/><E126/><V109/><F109/><W93/><G97/><T68/><D68/><U64/><E46/><V83/><F83/><W23/><G23/><N who="2" m="8745" /><F134/><W55/><AGARI ba="0,0" hai="55,59,63,65,66,67,78,79,92,93,95" m="15403" machi="55" ten="40,5200,0" yaku="8,1,52,2" doraHai="75" who="3" fromWho="3" sc="230,-13,250,-26,250,-13,270,52" /><INIT seed="2,0,0,5,2,4" ten="217,224,237,322" oya="2" hai0="35,71,126,24,98,52,0,21,8,45,3,6,40" hai1="28,78,34,9,63,10,93,80,5,95,104,85,60" hai2="82,97,62,84,134,37,32,2,30,49,114,12,88" hai3="41,39,118,122,1,13,110,108,19,100,65,7,50"/><V102/><F114/><W67/><G118/><T107/><D71/><U121/><E104/><V109/><F37/><W73/><G122/><T128/><D35/><U115/><E115/><V111/><F2/><W83/><G39/><T14/><D126/><U74/><E121/><V124/><F124/><W23/><G100/><T26/><D128/><U89/><E95/><V132/><F49/><W57/><G7/><T20/><D52/><U22/><E34/><V105/><F62/><N who="1" m="23593" /><E74/><V130/><F130/><W17/><G17/><T31/><D98/><N who="1" m="57647" /><E5/><V101/><F101/><W54/><G1/><T38/><REACH who="0" step="1"/><D107/><REACH who="0" ten="207,224,237,322" step="2"/><U90/><E78/><V94/><F105/><W113/><G54/><T99/><D99/><U33/><E33/><V18/><F132/><W70/><G70/><T81/><D81/><U75/><E75/><V27/><REACH who="2" step="1"/><F134/><REACH who="2" ten="207,224,227,322" step="2"/><W125/><G125/><T51/><D51/><U127/><E127/><V79/><F79/><W42/><G50/><T43/><D43/><U68/><E68/><V25/><F25/><AGARI ba="0,2" hai="9,10,22,25,28,80,85,90" m="57647,23593" machi="25" ten="30,3900,0" yaku="8,1,52,2" doraHai="4" who="1" fromWho="2" sc="207,0,224,59,227,-39,322,0" /><INIT seed="3,0,0,4,2,105" ten="207,283,188,322" oya="3" hai0="102,75,26,57,5,25,59,96,10,73,52,77,97" hai1="6,2,112,88,113,37,12,19,9,131,38,4,133" hai2="119,83,40,85,101,116,45,82,66,48,122,13,29" hai3="117,135,22,125,89,128,120,51,93,71,42,87,61"/><W28/><G117/><T17/><D77/><U11/><E88/><V86/><F122/><W79/><G120/><T121/><D121/><U24/><E38/><V104/><F66/><W108/><G22/><T69/><D69/><U100/><E100/><V43/><F29/><W124/><G28/><T74/><D17/><U111/><E37/><V0/><F0/><W35/><G93/><T53/><D59/><U56/><E56/><V55/><F116/><W118/><G42/><N who="2" m="15913" /><F104/><W33/><G51/><T47/><D47/><U18/><E111/><V44/><F101/><W50/><G50/><T70/><D70/><U129/><E133/><V7/><F119/><W27/><G33/><T46/><D46/><N who="2" m="18026" /><F48/><W34/><G34/><T21/><D57/><U8/><E24/><N who="0" m="9321" /><D21/><N who="1" m="11463" /><E19/><V127/><F127/><W41/><G125/><T90/><D102/><U80/><E80/><N who="2" m="30763" /><F55/><N who="0" m="21066" /><D90/><U107/><E107/><V60/><F60/><W23/><G89/><T14/><D96/><U67/><E67/><V62/><F62/><W81/><G61/><T103/><D97/><U49/><E49/><V54/><F54/><W130/><G81/><T31/><D31/><U68/><E68/><V15/><F7/><N who="1" m="2601" /><E2/><V78/><F78/><W58/><G79/><T1/><D103/><U110/><E110/><V84/><AGARI ba="0,0" hai="13,15,84,85,86" m="30763,18026,15913" machi="84" ten="40,5200,0" yaku="28,2,8,1" doraHai="105" who="2" fromWho="2" sc="207,-13,283,-13,188,52,322,-26" /><INIT seed="4,0,0,2,4,19" ten="194,270,240,296" oya="0" hai0="44,97,49,54,38,17,120,83,37,87,61,4,11" hai1="15,105,113,115,39,3,90,76,35,86,14,109,58" hai2="50,73,92,66,125,70,10,133,81,94,84,124,95" hai3="108,79,63,93,8,116,7,36,28,9,65,129,78"/><T72/><D120/><U1/><E109/><V77/><F133/><W18/><G108/><T121/><D121/><U85/><E35/><V26/><F10/><W20/><G116/><T48/><D72/><U25/><E39/><V119/><F119/><W40/><G28/><T24/><D61/><U6/><E105/><V131/><F131/><W89/><G9/><T96/><D38/><U132/><E76/><N who="2" m="44175" /><F50/><W59/><G40/><T53/><D37/><U21/><E132/><V123/><F123/><W31/><G31/><T118/><D118/><U88/><E58/><V62/><F26/><W47/><G47/><T134/><D134/><U56/><E56/><V22/><F22/><W114/><G129/><T42/><D24/><U60/><E60/><V107/><F107/><W128/><G128/><T12/><D4/><U102/><E102/><V117/><F117/><W52/><G65/><T130/><D130/><U98/><E98/><V126/><F77/><W32/><G32/><T99/><REACH who="0" step="1"/><D49/><REACH who="0" ten="184,270,240,296" step="2"/><U71/><E25/><V29/><F29/><W122/><G122/><T23/><D23/><U103/><E21/><V46/><F84/><W110/><G36/><T75/><D75/><U13/><E6/><V45/><AGARI ba="0,1" hai="45,46,62,66,70,92,94,95,124,125,126" m="44175" machi="45" ten="40,1500,0" yaku="18,1" doraHai="19" who="2" fromWho="2" sc="184,-7,270,-4,240,25,296,-4" /><INIT seed="5,0,0,2,2,47" ten="177,266,265,292" oya="1" hai0="68,123,11,134,95,102,19,29,118,63,88,24,2" hai1="115,59,9,71,1,98,53,31,96,86,58,73,6" hai2="57,22,28,92,80,55,108,78,127,131,14,20,43" hai3="83,33,27,15,39,30,91,101,38,117,97,48,129"/><U62/><E73/><V32/><F108/><W135/><G129/><T23/><D118/><U107/><E115/><V37/><F131/><W75/><G117/><T4/><D134/><U10/><E71/><V21/><F127/><W13/><G135/><T126/><D126/><U99/><E31/><V8/><F37/><W51/><G39/><T42/><D123/><U113/><E113/><V104/><F43/><W90/><G38/><T103/><D42/><U0/><E86/><V125/><F104/><W40/><G91/><T77/><D77/><U132/><E132/><V46/><F46/><W82/><G82/><T3/><D3/><U100/><REACH who="1" step="1"/><E59/><REACH who="1" ten="177,256,265,292" step="2"/><V93/><F125/><W84/><G75/><T65/><REACH who="0" step="1"/><D29/><REACH who="0" ten="167,256,265,292" step="2"/><U94/><E94/><V7/><F93/><W89/><G30/><T12/><D12/><U66/><E66/><V130/><F92/><W76/><G13/><T16/><D16/><U52/><E52/><V50/><F130/><W122/><G15/><T85/><AGARI ba="0,2" hai="2,4,11,19,23,24,63,65,68,85,88,95,102,103" machi="85" ten="20,5200,0" yaku="1,1,0,1,7,1,54,1,53,0" doraHai="47" doraHaiUra="114" who="0" fromWho="0" sc="167,72,256,-26,265,-13,292,-13" /><INIT seed="6,0,0,4,2,132" ten="239,230,252,279" oya="2" hai0="45,118,43,20,101,40,88,115,135,78,47,81,18" hai1="46,39,93,107,35,122,124,7,64,114,10,133,9" hai2="123,86,105,68,84,17,22,121,6,4,79,100,92" hai3="38,41,131,65,50,76,3,102,73,120,12,62,53"/><V61/><F105/><W77/><G120/><T69/><D69/><U74/><E107/><V2/><F123/><W24/><G3/><T83/><D135/><U58/><E122/><V128/><F128/><W113/><G102/><T117/><D101/><U80/><E133/><V42/><F42/><N who="0" m="15914" /><D115/><U31/><E46/><N who="0" m="17417" /><D78/><U21/><E39/><V8/><F6/><W59/><G131/><T116/><D88/><U91/><E114/><V106/><F106/><W11/><G38/><T52/><D52/><U109/><E35/><V48/><F48/><W16/><G41/><T108/><D108/><U72/><E72/><V94/><F121/><W15/><G73/><T51/><D51/><U67/><E74/><V126/><F79/><W111/><G111/><T82/><D82/><U56/><E80/><V96/><F94/><W1/><G77/><T37/><D37/><U29/><E109/><V27/><F68/><W33/><G76/><T110/><D110/><U112/><E112/><V89/><F61/><W97/><G50/><T104/><D104/><U14/><E91/><V34/><F34/><W130/><G33/><T54/><D54/><U119/><E93/><N who="2" m="58383" /><F86/><W66/><G62/><T25/><AGARI ba="0,0" hai="18,20,25,81,83,116,117,118" m="17417,15914" machi="25" ten="40,1500,0" yaku="12,1" doraHai="132" who="0" fromWho="0" sc="239,15,230,-4,252,-7,279,-4" /><INIT seed="7,0,0,3,5,31" ten="254,226,245,275" oya="3" hai0="37,60,95,125,94,132,126,116,89,11,134,12,86" hai1="7,66,101,1,64,29,0,41,5,124,104,115,131" hai2="33,72,39,13,87,97,32,44,53,46,57,54,122" hai3="133,23,58,6,88,63,40,67,30,123,91,135,98"/><W100/><G123/><T127/><D116/><U38/><E115/><V48/><F72/><W22/><G40/><T80/><D37/><U112/><E112/><V25/><F122/><W96/><G6/><N who="0" m="3191" /><D60/><U106/><E124/><V77/><F13/><W73/><G73/><T70/><D70/><U78/><E78/><V84/><F97/><N who="3" m="37483" /><G100/><T50/><D50/><U21/><E101/><V45/><F39/><W76/><G76/><T42/><D42/><U68/><E131/><V120/><F120/><W8/><G8/><T85/><D85/><U113/><E113/><V90/><F54/><W3/><G3/><N who="1" m="1098" /><E21/><N who="3" m="7690" /><G30/><T34/><D34/><U62/><E29/><V107/><F107/><N who="1" m="41001" /><E38/><V56/><F84/><W10/><G10/><T128/><D128/><U92/><E92/><AGARI ba="0,0" hai="80,86,89,92,94,95,125,126,127,132,134" m="3191" machi="92" ten="40,1300,0" yaku="18,1" doraHai="31" who="0" fromWho="1" sc="254,13,226,-13,245,0,275,0" owari="267,6.7,213,-28.7,245,-15.5,275,37.5" /></mjloggm>