<mjloggm ver="2.3"><GO type="225" lobby="0"/><UN n0="%E7%AC%B9%E9%A4%85" n1="%33%74%72%65%65" n2="%E3%83%B4%E3%83%A0%EF%BC%99%E3%81%A6" n3="%E6%98%93%E5%88%A9%E8%96%A9%E4%BC%AF" dan="18,16,16,17" rate="2230.72,2164.12,2150.29,2192.86" sx="M,F,M,F"/><TAIKYOKU oya="0"/><INIT seed="0,0,0,2,0,123" ten="250,250,250,250" oya="0" hai0="50,18,103,72,108,130,11,65,129,57,92,83,22" hai1="62,26,99,53,59,125,111,37,114,102,49,43,14" hai2="66,90,17,132,98,23,84,82,38,8,78,56,91" hai3="40,101,69,76,74,6,20,71,116,46,34,3,28"/><T121/><D121/><U12/><E125/><V31/><F38/><N who="3" m="21783" /><G20/><T97/><D11/><U105/><E114/><V58/><F132/><W36/><G101/><T133/><D133/><U2/><E2/><V45/><F45/><W61/><G36/><T33/><D33/><U19/><E37/><V21/><F8/><N who="3" m="2143" /><G61/><T131/><D65/><U100/><E100/><V94/><F66/><W80/><G116/><T5/><D5/><U70/><E43/><V118/><F118/><W4/><G4/><T16/><D22/><U124/><E62/><V35/><F35/><W86/><G86/><T39/><D39/><U29/><E102/><V27/><REACH who="2" step="1"/><F91/><REACH who="2" ten="250,250,240,250" step="2"/><W55/><G55/><N who="0" m="31991" /><D108/><U127/><E111/><V85/><F85/><W54/><G54/><T7/><D7/><U41/><E53/><V0/><F0/><W64/><G64/><T10/><D10/><U128/><E124/><V96/><F96/><W109/><G109/><T47/><D47/><U79/><E99/><V63/><F63/><W95/><G95/><T9/><D9/><U1/><E1/><V115/><F115/><W122/><G122/><T93/><D93/><U67/><E127/><V119/><F119/><W87/><G87/><T120/><D120/><U73/><E67/><V15/><AGARI ba="0,1" hai="15,17,21,23,27,31,56,58,78,82,84,90,94,98" machi="15" ten="20,8000,1" yaku="1,1,0,1,7,1,8,1,53,1" doraHai="123" doraHaiUra="25" who="2" fromWho="2" sc="250,-40,250,-20,240,90,250,-20" /><INIT seed="1,0,0,1,1,122" ten="210,230,330,230" oya="1" hai0="59,81,102,135,31,64,128,101,116,86,89,71,34" hai1="23,112,9,129,32,12,4,110,25,82,11,130,108" hai2="63,27,113,83,22,73,14,85,44,29,109,36,40" hai3="56,91,105,131,39,28,47,123,114,66,43,54,127"/><U115/><E32/><V57/><F113/><N who="1" m="43593" /><E11/><V52/><F14/><W62/><G114/><T70/><D116/><U92/><E92/><V48/><F73/><W7/><G123/><T87/><D128/><N who="1" m="49259" /><E82/><V5/><F5/><W33/><G105/><T18/><D135/><U72/><E72/><V104/><F104/><W107/><G107/><T99/><D87/><U20/><E20/><V6/><F6/><W134/><G134/><T24/><D101/><U35/><E35/><V78/><REACH who="2" step="1"/><F109/><REACH who="2" ten="210,230,320,230" step="2"/><W84/><G7/><T10/><D24/><U111/><E111/><V55/><F55/><W90/><G54/><T119/><D119/><U121/><E121/><V26/><F26/><W100/><G131/><T3/><D3/><U61/><E61/><AGARI ba="0,1" hai="22,27,29,36,40,44,48,52,57,61,63,78,83,85" machi="61" ten="40,2600,0" yaku="1,1,54,1,53,0" doraHai="122" doraHaiUra="117" who="2" fromWho="1" sc="210,0,230,-26,320,36,230,0" /><INIT seed="2,0,0,0,1,100" ten="210,204,356,230" oya="2" hai0="118,5,108,28,34,8,40,83,129,41,115,7,30" hai1="17,47,0,69,55,101,4,78,31,52,75,114,107" hai2="131,135,49,96,80,98,92,62,39,23,120,124,56" hai3="1,15,117,10,119,48,53,70,66,73,102,126,26"/><V79/><F39/><W95/><G73/><T86/><D115/><U58/><E114/><V60/><F120/><W19/><G1/><T116/><D108/><U87/><E69/><V38/><F38/><W74/><G74/><T25/><D30/><U85/><E31/><V57/><F124/><W45/><G126/><T130/><D41/><U2/><E75/><V12/><F131/><N who="0" m="50186" /><D40/><U37/><E37/><V46/><F135/><W91/><G102/><T106/><D106/><U27/><E47/><V32/><F32/><W3/><G3/><N who="0" m="63" /><D7/><U123/><E123/><V16/><F80/><W22/><G70/><T88/><AGARI ba="0,0" hai="25,28,34,83,86,88,116,118" m="63,50186" machi="88" ten="30,2000,0" yaku="19,1,54,1" doraHai="100" who="0" fromWho="0" sc="210,20,204,-5,356,-10,230,-5" /><INIT seed="3,0,0,2,2,100" ten="230,199,346,225" oya="3" hai0="9,84,119,103,15,83,79,130,19,70,75,86,32" hai1="81,50,54,1,27,22,107,0,106,14,98,64,53" hai2="60,87,135,33,73,111,117,31,7,29,13,128,110" hai3="21,67,8,47,69,115,56,99,68,97,26,39,59"/><W37/><G115/><T30/><D119/><U77/><E64/><V85/><F117/><W65/><G8/><T93/><D70/><N who="3" m="27241" /><G21/><T20/><D32/><U61/><E14/><V74/><F7/><W80/><G80/><T62/><D130/><U4/><E4/><V131/><F13/><W120/><G26/><N who="0" m="16711" /><D75/><U118/><E118/><V72/><F72/><W94/><G94/><T91/><D62/><U17/><E61/><V101/><F101/><AGARI ba="0,0" hai="9,15,19,79,83,84,86,91,93,101,103" m="16711" machi="101" ten="30,1000,0" yaku="8,1" doraHai="100" who="0" fromWho="2" sc="230,10,199,0,346,-10,225,0" owari="240,4.0,199,-30.1,336,43.6,225,-17.5" /></mjloggm>