<mjloggm ver="2.3"><GO type="225" lobby="0"/><UN n0="%E3%81%8B%E3%82%8F%E3%81%A1%E3%82%83%E3%82%93%35%38" n1="%E6%98%93%E5%88%A9%E8%96%A9%E4%BC%AF" n2="%E7%99%BD%E5%80%89%E5%AF%9B%E4%B9%8B" n3="%E4%B8%89%E5%88%86%E5%B0%8F%E5%83%A7" dan="16,17,16,16" rate="2168.64,2098.27,2125.81,2072.00" sx="M,F,M,M"/><TAIKYOKU oya="0"/><INIT seed="0,0,0,3,5,69" ten="250,250,250,250" oya="0" hai0="18,5,57,86,96,9,111,0,84,22,114,118,121" hai1="56,80,79,81,103,2,116,94,28,40,62,85,101" hai2="102,4,20,92,122,130,41,59,39,19,54,10,43" hai3="50,14,15,25,34,13,104,128,105,47,117,108,17"/><T21/><D114/><U23/><E2/><V78/><F122/><W11/><G117/><T46/><D121/><U65/><E116/><V113/><F113/><W45/><G108/><T82/><D118/><U61/><E40/><V31/><F130/><W64/><G128/><T119/><D119/><U109/><E109/><V91/><F102/><W75/><G75/><T68/><D68/><U53/><E94/><V115/><F78/><W134/><G134/><T42/><D111/><U89/><E28/><V132/><F31/><W133/><G133/><T87/><D57/><U110/><E23/><V124/><F39/><W129/><G64/><T58/><D58/><U100/><E110/><V27/><F124/><W36/><G36/><T67/><D67/><U73/><REACH who="1" step="1"/><E65/><REACH who="1" ten="250,240,250,250" step="2"/><V55/><F115/><W93/><G93/><T1/><D21/><U49/><AGARI ba="0,1" hai="49,53,56,61,62,73,79,80,81,85,89,100,101,103" machi="49" ten="30,4000,0" yaku="1,1,2,1,0,1,53,0" doraHai="69" doraHaiUra="30" who="1" fromWho="1" sc="250,-20,240,50,250,-10,250,-10" /><INIT seed="1,0,0,0,1,126" ten="230,290,240,240" oya="1" hai0="74,6,105,8,123,34,45,54,125,65,97,66,51" hai1="95,24,114,67,98,50,33,103,110,107,43,118,22" hai2="4,112,127,64,86,81,102,100,61,21,42,9,115" hai3="40,133,37,96,39,108,3,0,84,68,18,129,122"/><U58/><E114/><N who="2" m="43563" /><F42/><W29/><G18/><T10/><D74/><U93/><E118/><V14/><F21/><W46/><G84/><T5/><D34/><U63/><E33/><V104/><F104/><W17/><G17/><T131/><D125/><U119/><E119/><V13/><F13/><W109/><G122/><T101/><D123/><U32/><E32/><V90/><F127/><W91/><G91/><T88/><D131/><U73/><E73/><V25/><F25/><W41/><G29/><T83/><D83/><U77/><E77/><V49/><F49/><W70/><G96/><T111/><D111/><U71/><E110/><V72/><F72/><W7/><G46/><T113/><D113/><U60/><E43/><V69/><AGARI ba="0,0" hai="4,9,14,61,64,69,81,86,90,100,102" m="43563" machi="69" ten="30,1100,0" yaku="11,1" doraHai="126" who="2" fromWho="2" sc="230,-3,290,-5,240,11,240,-3" /><INIT seed="2,0,0,4,5,87" ten="227,285,251,237" oya="2" hai0="116,27,82,3,10,44,22,16,106,86,30,80,20" hai1="35,28,14,26,93,50,125,135,103,63,104,39,123" hai2="43,62,107,100,74,84,76,0,2,127,96,68,91" hai3="126,131,65,7,121,8,67,85,111,45,119,1,70"/><V132/><F132/><W129/><G119/><T113/><D113/><U4/><E39/><V78/><F127/><W5/><G121/><T115/><D115/><U71/><E123/><V29/><F43/><W89/><G126/><T12/><D106/><U118/><E125/><V120/><F120/><W48/><G111/><T17/><D116/><U31/><E31/><V19/><F19/><W92/><G7/><T23/><D82/><U69/><E135/><V36/><F36/><W33/><G33/><N who="0" m="20703" /><D44/><U59/><E104/><V90/><F78/><W58/><G58/><T66/><D66/><U98/><E50/><V75/><F75/><W52/><REACH who="3" step="1"/><G70/><REACH who="3" ten="227,285,251,227" step="2"/><T133/><D133/><U42/><E118/><V105/><F68/><W108/><G108/><T54/><D3/><U124/><E124/><V99/><F0/><W128/><AGARI ba="0,1" hai="1,5,8,45,48,52,65,67,85,89,92,128,129,131" machi="128" ten="30,12000,2" yaku="1,1,0,1,19,1,52,1,54,1,53,2" doraHai="87" doraHaiUra="60" who="3" fromWho="3" sc="227,-30,285,-30,251,-60,227,130" /><INIT seed="3,0,0,3,2,131" ten="197,255,191,357" oya="3" hai0="58,33,36,48,130,0,17,70,116,108,57,77,107" hai1="129,10,118,105,83,1,54,120,23,91,50,125,34" hai2="65,112,7,95,63,96,64,5,56,102,123,44,18" hai3="71,134,93,14,4,38,62,90,81,3,104,88,40"/><W114/><G114/><T41/><D107/><U126/><E34/><V75/><F75/><W30/><G104/><T78/><D116/><U46/><E105/><V66/><F112/><W119/><G3/><T86/><D70/><U124/><E120/><V87/><F123/><W9/><G134/><T94/><D33/><U22/><E129/><V53/><F44/><W99/><G30/><T19/><D0/><U132/><E118/><V15/><F87/><W109/><G109/><T27/><D36/><U49/><E132/><V39/><F39/><W28/><G28/><T111/><D130/><U2/><E50/><V127/><F127/><W73/><G119/><T84/><D41/><U68/><E68/><V13/><F13/><W110/><G110/><N who="0" m="42027" /><D27/><U79/><E91/><V106/><F106/><W117/><G117/><T55/><D57/><U76/><E76/><N who="0" m="29289" /><D84/><N who="1" m="48255" /><E2/><V103/><F103/><W6/><G73/><T69/><D69/><U42/><E42/><V51/><F51/><W98/><G40/><T20/><D20/><AGARI ba="0,0" hai="5,7,15,18,20,53,56,63,64,65,66,95,96,102" machi="20" ten="40,1300,0" yaku="8,1" doraHai="131" who="2" fromWho="0" sc="197,-13,255,0,191,13,357,0" owari="184,-31.6,255,5.5,204,-19.6,357,45.7" /></mjloggm>