<mjloggm ver="2.3"><GO type="225" lobby="0"/><UN n0="%33%74%72%65%65" n1="%77%72%77%72%77%72%77%72" n2="%E3%83%96%E3%83%83%E3%83%91%E3%82%AA%E3%83%96%E3%83%81%E3%82%AD%E3%83%B3" n3="%E3%83%B4%E3%83%A0%EF%BC%99%E3%81%A6" dan="17,17,16,16" rate="2208.25,2160.67,2182.92,2155.91" sx="F,M,M,M"/><TAIKYOKU oya="0"/><INIT seed="0,0,0,5,0,8" ten="250,250,250,250" oya="0" hai0="29,135,23,13,111,81,108,18,101,2,41,91,77" hai1="94,19,48,127,47,75,69,6,45,25,12,66,115" hai2="134,15,131,26,87,39,56,107,27,118,106,10,24" hai3="54,11,98,4,67,52,42,73,58,40,105,17,123"/><T84/><D135/><U30/><E75/><V63/><F39/><W68/><G73/><T53/><D2/><U100/><E127/><V33/><F33/><W64/><G123/><T116/><D116/><U16/><E115/><V125/><F125/><W22/><G68/><T21/><D41/><U0/><E69/><V5/><F134/><W103/><G40/><T61/><D101/><U55/><E66/><V119/><F131/><W50/><G42/><T102/><D102/><U72/><E72/><V70/><F70/><W37/><G37/><T110/><D77/><U114/><E114/><V129/><F129/><W74/><G74/><T104/><D104/><U43/><E0/><V80/><F118/><W7/><G7/><T92/><D81/><U49/><E94/><V126/><F126/><W130/><G130/><T133/><D133/><U89/><E89/><V38/><F38/><W132/><G54/><T82/><D82/><U28/><E100/><V20/><F20/><W76/><G76/><T32/><D32/><U117/><E117/><V122/><F122/><W88/><G88/><T57/><D29/><N who="1" m="11371" /><E25/><V121/><F121/><W97/><G97/><T62/><D23/><U35/><E35/><V44/><F119/><W90/><G90/><T79/><D79/><U31/><N who="1" m="11379" /><U46/><DORA hai="83" /><E46/><V95/><F95/><W96/><G96/><T65/><REACH who="0" step="1"/><D65/><REACH who="0" ten="240,250,250,250" step="2"/><U93/><E93/><V85/><F107/><W113/><G132/><T112/><D112/><U99/><E99/><V124/><F106/><W9/><G113/><T71/><D71/><U1/><E1/><RYUUKYOKU ba="0,1" sc="240,15,250,15,250,-15,250,-15" hai0="13,18,21,53,57,61,62,84,91,92,108,110,111" hai1="6,12,16,19,43,45,47,48,49,55" /><INIT seed="0,1,1,5,2,30" ten="255,265,235,235" oya="0" hai0="84,6,122,115,61,28,4,85,33,86,58,49,131" hai1="37,81,128,71,101,120,17,88,83,25,119,116,125" hai2="129,95,47,78,66,65,26,1,99,45,62,77,18" hai3="53,96,79,108,75,111,11,10,106,90,0,12,34"/><T133/><D115/><U48/><E120/><V76/><F1/><W124/><G124/><T59/><D122/><U8/><E37/><V29/><F129/><W135/><G135/><T92/><D133/><U102/><E125/><V117/><F18/><W67/><G67/><T87/><D131/><U105/><E128/><V93/><F93/><N who="3" m="56375" /><G106/><T68/><D68/><U46/><E71/><V118/><F118/><W7/><G53/><N who="0" m="32047" /><D33/><U38/><E38/><V126/><F117/><W52/><G52/><N who="0" m="34023" /><D28/><U107/><E107/><V16/><F126/><W21/><G21/><T123/><D123/><U114/><E105/><V134/><F134/><W54/><G54/><T5/><D87/><N who="1" m="50287" /><E114/><V80/><F80/><W3/><G34/><T19/><D19/><U127/><E127/><V72/><F16/><N who="3" m="8215" /><G0/><T50/><D50/><U23/><E119/><V9/><F72/><W20/><G20/><T82/><D92/><U89/><E116/><V104/><F104/><W97/><G97/><T51/><D51/><U57/><E8/><V39/><F9/><W22/><G22/><T27/><D27/><U44/><E57/><N who="2" m="37071" /><F39/><W15/><G3/><T103/><D82/><U73/><E73/><V40/><F66/><W112/><G112/><T94/><D94/><U63/><E63/><V36/><F95/><W91/><G91/><T55/><D103/><N who="1" m="39435" /><E48/><V35/><F99/><W32/><G32/><T100/><D100/><U42/><E42/><V13/><F47/><W24/><G24/><T98/><D98/><U109/><E109/><N who="3" m="42058" /><G75/><T31/><D55/><U43/><E43/><V110/><F110/><RYUUKYOKU ba="1,1" sc="255,0,265,0,235,0,235,0" hai0="4,5,6,31,84,85,86" hai1="17,23,25,44,46,83,89" hai2="13,26,29,35,36,40,45,76,77,78" hai3="7,11,15,79" /><INIT seed="0,2,1,2,4,135" ten="255,265,235,235" oya="0" hai0="92,81,68,50,1,7,90,70,17,31,39,112,120" hai1="100,2,80,108,83,117,26,107,66,3,115,128,38" hai2="96,125,84,29,44,78,57,52,0,74,65,95,102" hai3="59,41,18,132,69,4,33,43,36,109,73,99,51"/><T97/><D112/><U58/><E117/><V56/><F0/><W134/><G73/><T98/><D120/><U5/><E38/><V79/><F74/><W87/><G33/><T123/><D123/><U46/><E115/><V35/><F125/><W93/><G69/><T126/><D39/><U106/><E108/><V22/><F35/><W104/><G109/><T75/><D31/><U71/><E128/><V94/><F94/><W105/><G87/><T6/><D126/><U54/><E46/><V82/><F79/><W42/><G36/><T72/><D92/><U86/><E83/><V130/><F130/><W37/><G4/><T11/><D11/><U127/><E127/><V101/><F101/><N who="3" m="60655" /><G37/><T113/><D113/><U61/><E26/><N who="2" m="16599" /><F65/><W55/><G18/><T110/><D1/><U14/><E14/><V91/><F78/><W21/><G21/><T27/><D17/><U53/><E53/><V131/><F131/><W16/><G16/><T64/><D64/><U129/><E129/><V32/><F32/><W89/><G89/><T13/><D110/><U28/><E28/><V124/><F124/><W34/><G34/><T25/><D13/><U63/><E100/><V62/><F62/><W15/><G15/><T77/><D77/><U119/><E119/><V45/><F52/><W116/><G116/><T88/><D81/><U20/><E20/><V30/><F30/><W121/><G121/><T60/><D60/><U19/><E19/><V12/><F12/><W40/><N who="3" m="10240" /><DORA hai="23" /><W103/><G103/><T111/><D111/><U67/><E2/><V10/><F10/><RYUUKYOKU ba="2,1" sc="255,10,265,-30,235,10,235,10" hai0="6,7,25,27,50,68,70,72,75,88,90,97,98" hai2="44,45,56,57,82,84,91,95,96,102" hai3="51,55,59,104,105,132,134" /><INIT seed="0,3,1,3,5,74" ten="265,235,245,245" oya="0" hai0="87,39,65,22,27,36,33,58,108,44,94,55,122" hai1="24,29,96,119,18,117,85,56,132,124,26,128,34" hai2="60,7,95,64,20,21,42,28,13,86,101,57,47" hai3="90,68,4,104,116,41,63,115,45,125,135,118,97"/><T88/><D122/><U77/><E128/><V2/><F2/><W14/><G115/><T109/><D33/><U110/><E110/><N who="0" m="42601" /><D65/><U54/><E132/><V121/><F121/><W43/><G135/><T0/><D44/><U102/><E124/><V59/><F59/><W106/><G125/><T91/><D91/><U19/><E24/><V17/><F7/><W1/><G45/><T37/><D0/><U111/><E111/><V81/><F101/><W98/><G1/><T73/><D73/><U89/><E119/><V8/><F95/><W38/><G90/><T105/><D105/><U103/><E117/><V11/><F11/><W127/><G127/><T6/><D6/><U48/><E103/><V31/><F31/><W15/><G4/><T130/><D130/><U79/><E18/><V76/><REACH who="2" step="1"/><F28/><REACH who="2" ten="265,235,235,245" step="2"/><W66/><G116/><T80/><D94/><U84/><E19/><V40/><F40/><W46/><G41/><T133/><D133/><U72/><E72/><V134/><F134/><W126/><G118/><T23/><D27/><U83/><E85/><V5/><F5/><W99/><G126/><T107/><D107/><AGARI ba="3,2" hai="26,29,34,48,54,56,77,79,83,84,89,96,102,107" machi="107" ten="30,3900,0" yaku="7,1,52,2" doraHai="74" who="1" fromWho="0" sc="265,-48,235,68,235,0,245,0" /><INIT seed="1,0,0,0,5,81" ten="217,303,235,245" oya="1" hai0="115,103,60,93,75,99,127,71,83,74,92,25,13" hai1="6,124,69,66,87,72,82,63,47,17,58,133,119" hai2="55,29,67,102,85,46,121,78,91,112,39,90,2" hai3="134,64,53,129,38,86,36,10,9,4,0,14,31"/><U76/><E119/><V16/><F121/><W109/><G109/><T128/><D115/><U26/><E133/><V27/><F2/><W35/><G134/><T88/><D128/><U70/><E124/><V59/><F112/><W68/><G129/><T7/><D127/><U40/><E6/><V56/><F102/><W130/><G130/><T96/><D25/><U117/><E117/><V80/><F16/><W105/><G105/><T65/><REACH who="0" step="1"/><D83/><REACH who="0" ten="207,303,235,245" step="2"/><U77/><E26/><V79/><F79/><W44/><G35/><T104/><D104/><U116/><E116/><V135/><F135/><W108/><G108/><T84/><D84/><U15/><E76/><V32/><F67/><W5/><G86/><T95/><D95/><U57/><E87/><V120/><F120/><W114/><G114/><T33/><D33/><U126/><E126/><V125/><F125/><W12/><G31/><T110/><D110/><U113/><E113/><V100/><F100/><W49/><G0/><T131/><D131/><U97/><E82/><V62/><F78/><W50/><G64/><T1/><D1/><U21/><E77/><V22/><F32/><W106/><G106/><T20/><D20/><U94/><E94/><V23/><F23/><W28/><G28/><T24/><D24/><U30/><E30/><V73/><F80/><W54/><REACH who="3" step="1"/><G68/><REACH who="3" ten="207,303,235,235" step="2"/><T123/><D123/><U107/><E69/><V18/><F85/><W43/><G43/><T61/><D61/><U19/><E70/><V48/><F62/><W52/><G52/><T89/><D89/><N who="2" m="33802" /><F55/><W34/><G34/><T11/><AGARI ba="0,2" hai="7,11,13,60,65,71,74,75,88,92,93,96,99,103" machi="11" ten="30,7900,0" yaku="1,1,5,1,0,1,54,1,53,0" doraHai="81" doraHaiUra="37" who="0" fromWho="0" sc="207,99,303,-39,235,-20,235,-20" /><INIT seed="2,0,0,2,5,54" ten="306,264,215,215" oya="2" hai0="68,30,27,93,117,101,95,121,22,3,42,103,21" hai1="79,45,84,55,123,1,126,35,73,60,32,122,74" hai2="15,49,2,39,33,6,65,132,111,62,110,47,109" hai3="124,9,100,85,34,108,130,78,19,114,107,24,81"/><V99/><F33/><W11/><G108/><T23/><D121/><N who="1" m="46091" /><E1/><V90/><F39/><W36/><G36/><T118/><D3/><U92/><E126/><V69/><F132/><W125/><G114/><T28/><D42/><U5/><E5/><V52/><F2/><W75/><G75/><N who="1" m="28682" /><E45/><V48/><F48/><W115/><G130/><T72/><D72/><U82/><E92/><N who="0" m="35401" /><D68/><U31/><E31/><N who="0" m="11817" /><D27/><U25/><E25/><V63/><F63/><W113/><G113/><T76/><D76/><U16/><E16/><V127/><F127/><W61/><G115/><T102/><AGARI ba="0,0" hai="21,22,23,101,102,103,117,118" m="11817,35401" machi="102" ten="40,2700,0" yaku="28,2" doraHai="54" who="0" fromWho="0" sc="306,27,264,-7,215,-13,215,-7" /><INIT seed="3,0,0,0,1,31" ten="333,257,202,208" oya="3" hai0="13,42,12,11,64,91,77,62,28,71,45,30,81" hai1="106,102,104,21,120,86,10,74,131,1,15,7,126" hai2="60,95,88,32,48,49,97,89,134,53,130,114,57" hai3="98,46,105,27,103,17,122,80,16,115,8,70,96"/><W125/><G115/><T129/><D129/><U109/><E120/><V132/><F114/><W119/><G122/><T44/><D91/><U66/><E74/><V113/><F113/><W61/><G119/><T56/><D71/><U4/><E109/><V58/><F130/><W85/><G125/><T128/><D128/><U67/><E131/><V35/><F89/><W121/><G121/><T87/><D12/><U94/><E126/><V39/><F39/><W5/><G96/><T72/><D72/><U63/><E66/><N who="2" m="39191" /><F49/><W25/><G46/><N who="0" m="18027" /><D42/><U2/><E2/><V22/><F22/><W52/><G27/><T116/><D116/><U34/><E34/><V124/><F124/><W68/><G25/><T59/><D59/><U41/><E41/><V36/><F36/><W112/><G68/><T123/><D123/><U92/><E106/><V26/><F26/><W101/><G112/><T29/><D29/><U93/><E104/><V37/><F37/><W111/><G111/><T69/><D69/><U55/><E55/><V82/><F82/><W0/><G70/><T100/><D100/><U43/><E43/><V9/><F9/><W107/><G101/><T110/><D110/><U73/><E73/><V135/><AGARI ba="0,0" hai="32,35,48,53,57,88,95,97,132,134,135" m="39191" machi="135" ten="30,7900,0" yaku="20,1,52,2,54,1" doraHai="31" who="2" fromWho="2" sc="333,-20,257,-20,202,79,208,-39" owari="313,41.3,237,-16.3,281,8.1,169,-33.1" /></mjloggm>