<mjloggm ver="2.3"><GO type="225" lobby="0"/><UN n0="%E7%99%BD%E9%9B%AA%E4%B9%83%E6%84%9B" n1="%E3%82%A4%E3%83%BC%E3%82%B1%E3%83%97%E3%83%A9" n2="%E3%83%A9%E3%83%BC%E3%83%A1%E3%83%B3%E4%BA%94%E9%83%8E" n3="%E3%81%99%E3%81%84%E3%81%BE%E3%81%9B%E3%83%BC%E3%82%93" dan="16,16,16,18" rate="2071.56,2168.17,2116.81,2268.10" sx="F,M,M,M"/><TAIKYOKU oya="0"/><INIT seed="0,0,0,1,3,10" ten="250,250,250,250" oya="0" hai0="99,84,85,90,79,33,104,17,1,48,24,21,41" hai1="27,133,3,113,69,114,119,124,32,53,2,7,123" hai2="62,71,57,6,115,23,101,9,95,116,56,26,13" hai3="97,11,22,78,135,81,64,96,15,72,31,87,68"/><T36/><D36/><U83/><E69/><V42/><F115/><N who="1" m="44041" /><E53/><V47/><F116/><W129/><G135/><T49/><D1/><U74/><E83/><V66/><F95/><W67/><G129/><T61/><D33/><U45/><E45/><V46/><F101/><W91/><G68/><T100/><D41/><U105/><E74/><V30/><REACH who="2" step="1"/><F47/><REACH who="2" ten="250,250,240,250" step="2"/><W65/><G97/><T118/><D118/><U128/><E119/><V44/><F44/><W77/><G96/><T109/><D109/><U38/><E105/><V121/><F121/><W4/><G72/><T35/><D104/><U58/><E123/><V29/><F29/><W5/><G5/><T134/><D100/><U60/><E7/><V132/><F132/><W34/><G34/><T51/><D134/><U73/><E32/><V93/><F93/><W89/><G31/><T76/><D35/><U92/><E73/><V130/><F130/><W28/><G28/><T14/><D99/><U80/><E92/><V59/><F59/><W106/><G106/><T82/><D84/><U103/><E58/><V63/><F63/><W117/><G117/><T25/><REACH who="0" step="1"/><D61/><REACH who="0" ten="240,250,240,250" step="2"/><U75/><E60/><V127/><F127/><W52/><G87/><T88/><D88/><U8/><E103/><V19/><F19/><W102/><G91/><T110/><D110/><U16/><E16/><V39/><AGARI ba="0,2" hai="6,9,13,23,26,30,39,42,46,56,57,62,66,71" machi="39" ten="20,12000,2" yaku="1,1,0,1,7,1,52,1,53,2" doraHai="10" doraHaiUra="54" who="2" fromWho="2" sc="240,-60,250,-30,240,140,250,-30" /><INIT seed="1,0,0,2,4,105" ten="180,220,380,220" oya="1" hai0="98,63,113,7,33,73,69,56,8,85,43,0,79" hai1="115,84,131,96,102,77,35,82,24,25,62,81,10" hai2="45,44,4,15,133,27,1,72,2,126,32,109,38" hai3="53,55,132,49,76,61,65,14,57,37,100,124,6"/><U135/><E115/><V26/><F38/><W117/><G37/><T120/><D120/><U92/><E131/><V116/><F116/><W40/><G124/><T74/><D113/><U12/><E135/><V106/><F106/><W91/><G132/><T83/><D69/><U88/><E62/><V70/><F70/><W112/><G112/><T67/><D33/><U95/><E35/><V22/><F32/><W128/><G128/><T90/><REACH who="0" step="1"/><D43/><REACH who="0" ten="170,220,380,220" step="2"/><U97/><REACH who="1" step="1"/><E82/><REACH who="1" ten="170,210,380,220" step="2"/><V129/><F133/><W19/><G117/><T54/><D54/><U134/><E134/><V103/><F129/><W111/><G53/><T99/><D99/><U16/><AGARI ba="0,2" hai="10,12,16,24,25,77,81,84,88,92,95,96,97,102" machi="16" ten="20,18000,2" yaku="1,1,0,1,7,1,8,1,54,2,53,1" doraHai="105" doraHaiUra="13" who="1" fromWho="1" sc="170,-60,210,200,380,-60,220,-60" /><INIT seed="1,1,0,2,4,106" ten="110,410,320,160" oya="1" hai0="34,92,73,9,121,55,28,134,81,38,43,91,75" hai1="74,90,45,59,107,7,26,124,48,130,60,119,47" hai2="46,128,22,131,66,14,10,89,112,115,77,72,20" hai3="117,21,12,24,83,70,76,109,118,133,127,32,5"/><U4/><E119/><N who="3" m="45578" /><G70/><T64/><D121/><U49/><E107/><V33/><F33/><W52/><G109/><T71/><D134/><U110/><E124/><V125/><F125/><W80/><G127/><T36/><D55/><U40/><E74/><V65/><F89/><W18/><G133/><T114/><D114/><N who="2" m="43562" /><F46/><W95/><G95/><T98/><D9/><U87/><E26/><V25/><F77/><W23/><G32/><T67/><D81/><U15/><E15/><V122/><F72/><N who="3" m="43015" /><G83/><T84/><D98/><U68/><E68/><V116/><F116/><W123/><G123/><T94/><D94/><N who="1" m="54623" /><E130/><N who="2" m="49707" /><F122/><W29/><G5/><T57/><D71/><U17/><E17/><N who="2" m="12431" /><F22/><W13/><G12/><T54/><D73/><U16/><E16/><AGARI ba="1,0" hai="10,14,16,65,66" m="12431,49707,43562" machi="16" ten="30,3900,0" yaku="11,1,19,1,54,1" doraHai="106" who="2" fromWho="1" sc="110,0,410,-42,320,42,160,0" /><INIT seed="2,0,0,2,2,114" ten="110,368,362,160" oya="2" hai0="41,21,4,116,131,69,132,72,29,57,129,25,13" hai1="64,61,12,117,22,17,111,8,46,98,56,90,35" hai2="110,105,58,60,28,76,1,104,9,121,45,93,124" hai3="31,95,26,63,37,11,18,83,79,85,81,27,130"/><V122/><F124/><W78/><G37/><T15/><D69/><U87/><E35/><V92/><F28/><W50/><G130/><N who="0" m="49675" /><D72/><U14/><E111/><V42/><F110/><W125/><G125/><T91/><D41/><U118/><E46/><V82/><F93/><W2/><G63/><T16/><D57/><U39/><E98/><V88/><F9/><W51/><G95/><T67/><D91/><U33/><E33/><V75/><F1/><W112/><G112/><T5/><D67/><U113/><E39/><V36/><F122/><W120/><G120/><T49/><D49/><U10/><E113/><V19/><F19/><W54/><G31/><T115/><D115/><U20/><E10/><V102/><F102/><W24/><G54/><T86/><D86/><U103/><E103/><V65/><REACH who="2" step="1"/><F121/><REACH who="2" ten="110,368,352,160" step="2"/><W128/><G128/><T3/><D3/><U30/><E30/><V84/><AGARI ba="0,1" hai="36,42,45,58,60,65,75,76,82,84,88,92,104,105" machi="84" ten="20,12000,1" yaku="1,1,2,1,0,1,7,1,54,1,53,0" doraHai="114" doraHaiUra="97" who="2" fromWho="2" sc="110,-40,368,-40,352,130,160,-40" /><INIT seed="2,1,0,3,0,109" ten="70,328,482,120" oya="2" hai0="96,82,129,130,16,45,1,106,93,114,121,40,72" hai1="56,13,26,25,20,104,24,60,7,133,37,100,115" hai2="134,2,58,46,5,42,11,6,113,4,39,102,50" hai3="122,118,116,21,98,61,80,73,65,89,128,101,108"/><V124/><F134/><W34/><G122/><T29/><D121/><U78/><E37/><V97/><F124/><W47/><G34/><T90/><D1/><U59/><E133/><V127/><F127/><W51/><G108/><T103/><D29/><U10/><E78/><V19/><F19/><W15/><G128/><T27/><D114/><U132/><E132/><V117/><F113/><W99/><G15/><T12/><D27/><U14/><E115/><V38/><F117/><W81/><G21/><T123/><D123/><U70/><E104/><V52/><REACH who="2" step="1"/><F38/><REACH who="2" ten="70,328,472,120" step="2"/><W32/><G118/><T28/><D28/><U48/><E20/><V74/><F74/><W43/><G73/><T49/><D72/><U126/><E126/><V86/><F86/><W79/><G116/><T69/><D69/><U87/><E70/><V31/><F31/><W66/><G32/><T3/><D3/><U76/><E87/><V62/><F62/><W63/><G61/><T18/><D18/><U75/><E60/><V85/><F85/><W0/><G63/><T35/><D35/><U30/><E75/><V41/><F41/><W84/><G0/><T119/><D119/><U23/><E30/><V8/><F8/><W92/><G99/><N who="0" m="61823" /><D130/><U112/><E112/><V131/><F131/><W17/><G17/><T36/><D129/><U64/><E23/><V135/><F135/><W111/><G111/><T44/><D16/><U107/><E10/><V55/><F55/><W120/><G120/><T22/><D22/><U9/><E9/><V53/><F53/><W125/><G125/><T88/><D36/><RYUUKYOKU ba="1,1" sc="70,-15,328,-15,472,15,120,15" hai2="2,4,5,6,11,39,42,46,50,52,58,97,102" hai3="43,47,51,65,66,79,80,81,84,89,92,98,101" /><INIT seed="2,2,1,3,1,83" ten="55,313,487,135" oya="2" hai0="121,57,96,135,24,73,48,1,104,34,127,31,19" hai1="100,37,52,110,125,106,77,42,20,8,28,11,94" hai2="17,71,112,26,86,74,53,107,22,93,118,90,14" hai3="88,55,33,103,91,75,44,62,126,129,65,87,3"/><V101/><F112/><W0/><G75/><T108/><D121/><U43/><E106/><V61/><F118/><W92/><G33/><T39/><D39/><U45/><E110/><V68/><F74/><W120/><G120/><T49/><D108/><U2/><E77/><V36/><F36/><W72/><G72/><T21/><D73/><U105/><E105/><V58/><F107/><W9/><G129/><T81/><D127/><U4/><E11/><V85/><F101/><W69/><G126/><T113/><D135/><U46/><E125/><V35/><F35/><W29/><G29/><T132/><D113/><U64/><E64/><V134/><F134/><W98/><G9/><T79/><D1/><U128/><E128/><V102/><F102/><W16/><G16/><T131/><D131/><U23/><E28/><V114/><F114/><W95/><G103/><T109/><D109/><U63/><E94/><V59/><F59/><W5/><G5/><T47/><D132/><U84/><E84/><N who="2" m="52423" /><F68/><W70/><G69/><T30/><D34/><U82/><E82/><V41/><F71/><W32/><G32/><T97/><D104/><U111/><E100/><V40/><F26/><W27/><G27/><T6/><D6/><U51/><E111/><V7/><F7/><W25/><G25/><T13/><D24/><U116/><E116/><V115/><F115/><W124/><G124/><T15/><D15/><U38/><E38/><V18/><F18/><W130/><G130/><T10/><D10/><U80/><E80/><V50/><F14/><W133/><G133/><T66/><D81/><RYUUKYOKU ba="2,1" sc="55,-15,313,15,487,-15,135,15" hai1="2,4,8,20,23,37,42,43,45,46,51,52,63" hai3="0,3,44,55,62,65,70,87,88,91,92,95,98" /><INIT seed="3,3,1,2,3,52" ten="40,328,472,150" oya="3" hai0="47,122,105,108,27,49,42,63,6,50,62,68,3" hai1="44,130,100,101,111,28,120,54,110,45,35,96,109" hai2="123,99,135,129,83,20,97,126,84,70,32,107,38" hai3="91,23,93,43,41,4,75,1,22,7,37,106,78"/><W58/><G106/><T0/><D122/><U90/><E120/><V17/><F32/><W69/><G69/><T127/><D108/><U98/><E130/><V73/><F123/><W51/><G75/><T2/><D127/><U10/><E10/><V81/><F38/><W121/><G78/><T72/><D72/><U57/><E28/><V113/><F70/><W12/><G1/><T53/><D105/><N who="1" m="63623" /><E90/><V115/><F135/><W46/><G121/><T85/><D27/><U11/><E11/><V5/><F126/><W25/><G43/><T92/><D62/><N who="1" m="36151" /><E35/><V134/><F134/><W65/><G12/><T29/><D29/><U21/><E21/><V89/><F5/><W88/><G22/><T95/><D6/><U103/><E103/><N who="2" m="62959" /><F17/><W67/><G91/><T64/><REACH who="0" step="1"/><D85/><REACH who="0" ten="30,328,472,150" step="2"/><U132/><E132/><V24/><F20/><W18/><G4/><T31/><D31/><U13/><E13/><V80/><F24/><W79/><G7/><T14/><D14/><U94/><AGARI ba="3,2" hai="44,45,94,98,101,109,110,111" m="36151,63623" machi="94" ten="30,2000,0" yaku="14,1,52,1" doraHai="52" who="1" fromWho="1" sc="30,-8,328,49,472,-8,150,-13" owari="22,-47.8,377,17.7,464,56.4,137,-26.3" /></mjloggm>