<mjloggm ver="2.3"><GO type="225" lobby="0"/><UN n0="%E3%83%96%E3%83%83%E3%83%91%E3%82%AA%E3%83%96%E3%83%81%E3%82%AD%E3%83%B3" n1="%E3%81%8B%E3%82%8F%E3%81%A1%E3%82%83%E3%82%93%35%38" n2="%E6%98%93%E5%88%A9%E8%96%A9%E4%BC%AF" n3="%E7%99%BD%E5%80%89%E5%AF%9B%E4%B9%8B" dan="16,16,17,16" rate="2146.18,2156.35,2118.33,2111.00" sx="M,M,F,M"/><TAIKYOKU oya="0"/><INIT seed="0,0,0,1,0,99" ten="250,250,250,250" oya="0" hai0="104,53,109,98,113,83,90,31,93,3,2,11,81" hai1="107,106,115,96,131,38,78,41,5,119,54,10,42" hai2="97,32,101,58,18,94,68,135,23,127,85,0,76" hai3="57,112,132,47,22,73,130,116,19,46,15,62,91"/><T1/><D113/><U20/><E119/><V110/><F68/><W65/><G112/><T40/><D109/><U86/><E115/><V114/><F110/><W56/><G73/><T108/><D108/><U48/><E131/><V59/><F114/><W103/><G130/><T7/><D104/><U134/><E134/><V118/><F32/><W75/><G75/><T45/><D53/><U34/><E34/><V14/><F135/><W37/><G132/><T74/><D31/><U36/><E20/><V124/><F0/><W50/><G116/><T80/><REACH who="0" step="1"/><D74/><REACH who="0" ten="240,250,250,250" step="2"/><U4/><E106/><V30/><F118/><W117/><G117/><T111/><D111/><U35/><E54/><V25/><F30/><W43/><G91/><T51/><AGARI ba="0,1" hai="1,2,3,7,11,40,45,51,80,81,83,90,93,98" machi="51" ten="30,3000,0" yaku="1,1,0,1,53,0" doraHai="99" doraHaiUra="105" who="0" fromWho="0" sc="240,40,250,-10,250,-10,250,-10" /><INIT seed="0,1,0,4,3,114" ten="280,240,240,240" oya="0" hai0="60,95,70,64,53,0,98,109,80,48,23,99,68" hai1="111,44,22,127,65,15,24,84,17,75,67,13,40" hai2="121,50,93,69,124,130,113,104,66,134,83,94,20" hai3="106,105,10,45,51,52,103,85,14,9,42,92,26"/><T18/><D109/><U100/><E75/><V135/><F113/><W30/><G42/><T47/><D0/><U29/><E111/><V81/><F69/><W8/><G14/><T89/><D80/><U126/><E100/><V107/><F66/><N who="1" m="25097" /><E84/><V82/><F50/><W36/><G36/><T34/><D34/><U97/><E97/><V90/><F20/><W116/><G116/><T72/><D72/><U54/><E54/><V55/><F55/><W118/><G118/><T63/><D63/><U49/><E29/><V108/><F108/><W1/><G1/><T132/><D132/><N who="2" m="50730" /><F121/><W125/><G125/><AGARI ba="1,0" hai="13,15,17,22,24,40,44,49,125,126,127" m="25097" machi="125" ten="30,1000,0" yaku="18,1" doraHai="114" who="1" fromWho="3" sc="280,0,240,13,240,0,240,-13" /><INIT seed="1,0,0,4,5,78" ten="280,253,240,227" oya="1" hai0="122,96,101,46,38,2,82,58,107,44,111,115,4" hai1="109,10,14,0,34,72,22,15,49,56,104,55,91" hai2="133,40,112,33,45,43,100,47,124,73,114,97,117" hai3="118,8,70,84,93,132,128,23,50,6,64,80,131"/><U48/><E34/><V21/><F33/><W130/><G132/><T134/><D115/><N who="2" m="44074" /><F117/><W11/><G118/><T87/><D134/><U25/><E104/><N who="2" m="63503" /><F73/><W42/><G93/><T18/><D111/><U110/><E72/><V116/><F116/><W75/><G75/><T95/><D122/><U129/><E129/><V51/><F133/><W32/><G32/><T54/><D38/><U17/><E91/><V59/><F59/><W71/><G23/><T106/><D2/><U90/><E90/><V57/><F57/><W105/><G105/><T52/><D4/><U63/><E14/><V29/><F124/><W9/><G6/><T83/><D107/><U61/><E0/><V19/><F29/><W1/><G1/><T108/><D106/><U81/><E61/><V30/><F30/><W27/><G27/><T88/><D108/><N who="1" m="41579" /><E81/><N who="0" m="30729" /><D101/><U92/><E92/><V68/><F68/><W127/><G127/><T135/><D135/><U7/><AGARI ba="0,0" hai="7,10,15,17,22,25,48,49,55,56,63" m="41579" machi="7" ten="30,3000,0" yaku="14,1,10,1" doraHai="78" who="1" fromWho="1" sc="280,-10,253,30,240,-10,227,-10" /><INIT seed="1,1,0,4,4,82" ten="270,283,230,217" oya="1" hai0="60,21,52,94,133,0,59,43,5,54,44,39,86" hai1="77,53,61,32,125,109,42,50,9,108,11,62,122" hai2="71,45,75,2,56,51,106,124,103,68,23,10,89" hai3="15,126,131,14,73,17,99,13,98,55,40,83,135"/><U12/><E32/><V25/><F75/><W36/><G126/><T111/><D111/><N who="1" m="42571" /><E122/><V104/><F124/><W85/><G73/><T58/><D133/><U81/><E42/><V4/><F56/><W65/><G135/><T66/><D21/><U95/><E95/><V112/><F112/><W120/><G120/><T110/><D110/><U88/><E125/><V96/><F89/><W97/><G131/><T26/><D26/><U100/><E100/><V130/><F106/><W63/><G55/><T121/><D121/><U70/><E70/><V30/><REACH who="2" step="1"/><F130/><REACH who="2" ten="270,283,220,217" step="2"/><W134/><G134/><T49/><D66/><U107/><E107/><V87/><F87/><W46/><G65/><T27/><D86/><N who="1" m="50255" /><E77/><V8/><F8/><N who="1" m="3145" /><E12/><V57/><F57/><AGARI ba="1,1" hai="50,53,57,61,62" m="3145,50255,42571" machi="57" ten="30,11600,0" yaku="14,1,10,1,52,1,54,1" doraHai="82" who="1" fromWho="2" sc="270,0,283,129,220,-119,217,0" /><INIT seed="1,2,0,2,4,94" ten="270,412,101,217" oya="1" hai0="77,135,3,60,68,51,45,19,116,103,22,58,127" hai1="62,80,115,92,30,86,76,87,91,33,49,131,97" hai2="109,20,26,71,18,79,66,37,125,93,46,23,78" hai3="13,48,52,36,130,25,41,90,95,14,134,101,0"/><U42/><E115/><V83/><F109/><W98/><G0/><T111/><D111/><U6/><E131/><V119/><F119/><W21/><G130/><T113/><D135/><U84/><E6/><V104/><F104/><W82/><G134/><T47/><D127/><U132/><E132/><V43/><F125/><W4/><G36/><T32/><D116/><U72/><E62/><V85/><F71/><W27/><G41/><T120/><D3/><U110/><E110/><V129/><F66/><W11/><G14/><T57/><D32/><U70/><E70/><V112/><F112/><W96/><G21/><T81/><D120/><U64/><E64/><V5/><F5/><W73/><G73/><T88/><D103/><U39/><E39/><V28/><F129/><W114/><G114/><T118/><D88/><U61/><E61/><V128/><F128/><W50/><G50/><T106/><D106/><U56/><E56/><V24/><REACH who="2" step="1"/><F93/><REACH who="2" ten="270,412,91,217" step="2"/><N who="3" m="56375" /><G82/><T89/><D68/><U105/><E105/><V15/><F15/><W9/><G9/><T17/><D81/><U16/><E80/><V108/><F108/><W1/><G1/><T59/><D113/><U7/><E92/><V121/><F121/><W38/><G38/><T34/><D118/><U2/><E7/><V117/><F117/><W122/><G122/><T124/><D124/><U10/><E2/><V69/><F69/><W29/><G29/><T75/><D60/><U12/><E30/><V55/><F55/><W63/><G63/><T31/><D31/><U126/><E126/><V40/><F40/><W107/><G107/><RYUUKYOKU ba="2,1" sc="270,-15,412,-15,91,15,217,15" hai2="18,20,23,24,26,28,37,43,46,78,79,83,85" hai3="4,11,13,25,27,48,52,95,98,101" /><INIT seed="2,3,1,1,3,31" ten="255,397,106,232" oya="2" hai0="57,102,34,24,92,39,1,44,22,106,52,113,117" hai1="133,6,110,68,58,122,131,8,19,95,15,112,29" hai2="66,108,61,4,78,23,35,120,109,21,129,128,40" hai3="96,11,50,37,9,80,67,41,30,49,36,56,2"/><V83/><F120/><W74/><G96/><T0/><D113/><U81/><E68/><V17/><F4/><N who="3" m="1175" /><G11/><T125/><D106/><U62/><E112/><V86/><F40/><W77/><G37/><T3/><D125/><U103/><E110/><N who="2" m="42603" /><F35/><W7/><G7/><T130/><D130/><N who="2" m="50282" /><F17/><W76/><G76/><T72/><D117/><U121/><E133/><V135/><F135/><W5/><G5/><T46/><D39/><U18/><E29/><V132/><F132/><W28/><G50/><T93/><D34/><U48/><E131/><V25/><F25/><W12/><G12/><T127/><D24/><U104/><E18/><V60/><F60/><N who="3" m="38279" /><G49/><T84/><D22/><U88/><E19/><V97/><F97/><W64/><G64/><T116/><D116/><U47/><E122/><V119/><F119/><W70/><G70/><AGARI ba="3,1" hai="21,23,61,66,70,78,83,86" m="50282,42603" machi="70" ten="30,5800,0" yaku="14,1,10,1,19,1" doraHai="31" who="2" fromWho="3" sc="255,0,397,0,106,77,232,-67" /><INIT seed="2,4,0,1,0,42" ten="255,397,183,165" oya="2" hai0="124,99,71,132,88,45,18,13,17,92,10,110,3" hai1="94,27,86,76,66,5,11,41,46,57,37,75,4" hai2="7,102,2,16,127,19,78,93,59,85,67,58,68" hai3="106,90,47,21,98,33,74,25,87,115,40,9,125"/><V35/><F35/><W100/><G74/><T91/><D110/><U130/><E4/><V8/><F127/><W36/><G125/><T109/><D109/><U133/><E133/><V82/><F68/><W113/><G9/><T12/><D124/><U50/><E130/><V135/><F135/><W32/><G115/><T112/><D132/><U34/><E86/><V51/><F67/><W105/><G105/><T43/><D112/><U114/><E94/><V30/><F30/><W53/><G53/><T56/><D56/><U24/><E34/><V101/><F101/><W77/><G77/><T83/><D3/><N who="1" m="447" /><E114/><V123/><F123/><W70/><G70/><T14/><D71/><U0/><E0/><V63/><F51/><W72/><G72/><T79/><D91/><U20/><E20/><V121/><F121/><W80/><REACH who="3" step="1"/><G113/><REACH who="3" ten="255,397,183,155" step="2"/><T128/><D10/><U60/><E76/><V69/><F69/><W131/><G131/><T81/><D128/><U1/><E75/><V73/><F73/><W65/><G65/><T26/><D79/><U96/><E66/><V38/><F78/><W111/><G111/><T52/><D52/><U134/><E134/><V117/><F8/><W129/><G129/><T22/><REACH who="0" step="1"/><D18/><AGARI ba="4,1" hai="18,21,25,32,33,36,40,47,80,87,90,98,100,106" machi="18" ten="30,3900,0" yaku="1,1,7,1,52,1,53,0" doraHai="42" doraHaiUra="107" who="3" fromWho="0" sc="255,-51,397,0,183,0,155,61" /><INIT seed="3,0,0,2,4,99" ten="204,397,183,216" oya="3" hai0="86,15,43,115,134,96,32,92,26,82,14,41,53" hai1="29,4,25,74,21,1,59,125,68,57,20,72,116" hai2="17,58,24,80,51,130,62,81,121,38,35,77,45" hai3="44,10,88,94,5,128,31,67,104,65,54,30,71"/><W97/><G128/><T90/><D134/><U78/><E72/><V83/><F38/><W18/><G104/><T39/><D115/><U23/><E68/><V28/><F130/><W73/><G73/><T50/><D32/><U13/><E78/><V2/><F121/><W107/><G107/><T46/><D26/><U135/><E74/><V123/><F123/><W102/><G71/><T9/><D39/><U33/><E57/><V42/><F2/><W98/><G18/><N who="0" m="8527" /><D15/><U114/><E59/><V19/><REACH who="2" step="1"/><F77/><AGARI ba="0,0" hai="41,43,46,50,53,77,82,86,90,92,96" m="8527" machi="77" ten="30,1000,0" yaku="8,1" doraHai="99" who="0" fromWho="2" sc="204,10,397,0,183,-10,216,0" owari="214,-18.6,397,49.7,173,-32.7,216,1.6" /></mjloggm>