<mjloggm ver="2.3"><GO type="225" lobby="0"/><UN n0="%E6%98%93%E5%88%A9%E8%96%A9%E4%BC%AF" n1="%E3%81%A4%E3%81%A3%E3%81%B1%E3%82%8A%E3%83%9D%E3%83%BC%E3%83%AB" n2="%72%61%6B%33" n3="%E6%81%A5%E6%99%92%E3%81%97" dan="17,17,16,16" rate="2166.63,2173.10,2106.26,2072.41" sx="F,M,M,M"/><TAIKYOKU oya="0"/><INIT seed="0,0,0,3,2,122" ten="250,250,250,250" oya="0" hai0="34,94,3,49,111,71,81,40,98,125,126,23,20" hai1="31,56,43,68,123,118,80,103,39,102,105,50,61" hai2="52,25,93,41,28,90,87,26,29,132,116,133,6" hai3="85,63,27,127,37,107,32,54,72,10,114,57,53"/><T70/><D34/><U9/><E123/><V44/><F116/><W89/><G114/><T1/><D81/><U130/><E118/><V83/><F6/><W113/><G113/><T33/><D33/><U36/><E130/><V38/><F52/><N who="3" m="34215" /><G107/><T100/><D40/><U134/><E68/><N who="0" m="26153" /><D49/><U64/><E105/><V59/><F59/><W5/><G37/><T45/><D45/><N who="1" m="25919" /><E39/><V110/><F110/><W21/><G72/><T109/><D23/><U101/><E134/><N who="2" m="51819" /><F83/><N who="3" m="49343" /><G127/><N who="0" m="48651" /><D20/><U47/><E36/><V108/><F108/><AGARI ba="0,0" hai="1,3,94,98,100,108,109,111" m="48651,26153" machi="108" ten="40,18000,2" yaku="14,1,10,1,18,1,52,3" doraHai="122" who="0" fromWho="2" sc="250,180,250,0,250,-180,250,0" /><INIT seed="0,1,0,2,1,123" ten="430,250,70,250" oya="0" hai0="24,40,23,93,38,6,50,66,72,120,57,41,95" hai1="114,133,20,27,7,13,111,82,31,127,37,103,124" hai2="55,130,54,108,113,3,83,45,96,112,4,97,14" hai3="88,125,51,58,29,64,79,78,132,28,32,102,46"/><T121/><D72/><U85/><E114/><V116/><F3/><W75/><G125/><N who="1" m="48202" /><E37/><V12/><F130/><W1/><G1/><T47/><D6/><U10/><E103/><V44/><F4/><W86/><G132/><T33/><D33/><U42/><E42/><V104/><F83/><N who="3" m="49247" /><G75/><T94/><D41/><U71/><E71/><V87/><F87/><W35/><G32/><T70/><D23/><U48/><E48/><V106/><REACH who="2" step="1"/><F116/><REACH who="2" ten="430,250,60,250" step="2"/><W84/><G84/><T92/><D120/><U122/><E122/><V134/><F134/><W68/><G79/><T25/><D121/><U21/><E133/><V118/><F118/><W90/><G78/><T5/><D5/><U11/><E85/><V107/><F107/><W18/><G90/><T67/><D95/><U89/><E89/><V16/><F16/><W99/><G18/><T129/><D94/><U39/><E82/><V61/><F61/><W91/><G91/><T80/><D93/><U43/><E7/><V9/><F9/><W36/><G102/><T62/><D80/><U17/><E11/><V98/><F98/><W81/><G99/><T110/><D92/><U135/><E135/><V0/><F0/><W115/><G81/><T53/><D129/><U60/><E10/><V100/><F100/><W126/><G126/><T63/><D63/><U117/><E60/><V19/><F19/><W30/><G29/><T73/><D62/><U74/><E117/><V15/><F15/><W109/><G30/><T2/><D2/><U26/><E74/><V77/><F77/><W105/><G105/><T56/><D73/><RYUUKYOKU ba="1,1" sc="430,-10,250,-10,60,30,250,-10" hai2="12,14,44,45,54,55,96,97,104,106,108,112,113" /><INIT seed="1,2,1,2,3,128" ten="420,240,90,240" oya="1" hai0="3,6,44,14,47,68,11,50,40,28,61,21,10" hai1="99,131,53,110,31,15,117,130,70,55,54,121,119" hai2="73,114,62,116,64,42,83,35,92,7,77,90,36" hai3="89,84,103,30,57,17,1,118,112,39,72,79,125"/><U129/><E121/><V100/><F116/><N who="1" m="44617" /><E70/><V46/><F114/><W52/><G112/><T71/><D61/><U18/><E31/><V12/><F35/><W43/><G1/><T123/><D123/><U106/><E110/><V25/><F25/><W19/><G125/><T32/><D47/><U5/><E5/><V34/><F34/><W23/><G103/><T45/><D45/><U49/><E99/><V132/><F100/><W4/><G4/><T109/><D109/><U81/><E81/><V96/><F132/><W107/><G107/><T75/><D75/><U135/><E106/><V74/><F74/><W113/><G113/><T111/><D11/><N who="1" m="6527" /><E135/><V115/><F115/><W97/><G97/><T127/><D127/><U82/><E82/><V104/><F104/><W67/><G72/><T87/><D87/><U9/><E9/><V24/><F24/><N who="3" m="16671" /><G79/><T91/><D111/><U105/><E105/><V20/><F7/><W37/><G118/><T78/><D78/><U65/><E65/><V85/><F73/><W26/><G67/><T80/><D80/><U2/><E2/><V51/><F36/><W124/><G124/><T126/><D126/><U66/><E66/><V63/><REACH who="2" step="1"/><F64/><REACH who="2" ten="420,240,80,240" step="2"/><W58/><G37/><T108/><D108/><U60/><E60/><V16/><AGARI ba="2,2" hai="12,16,20,42,46,51,62,63,77,83,85,90,92,96" machi="16" ten="30,12000,2" yaku="1,1,2,1,0,1,8,1,54,1,53,1" doraHai="128" doraHaiUra="8" who="2" fromWho="2" sc="420,-32,240,-62,80,146,240,-32" /><INIT seed="2,0,0,5,0,35" ten="388,178,226,208" oya="2" hai0="7,104,42,114,66,94,85,27,101,83,93,78,119" hai1="44,82,19,55,98,50,23,54,131,33,130,5,41" hai2="89,43,10,21,26,28,86,68,135,128,46,13,61" hai3="62,112,87,81,91,115,122,111,51,25,123,80,34"/><V106/><F128/><W103/><G51/><T38/><D114/><N who="3" m="43561" /><G62/><T58/><D7/><U52/><E33/><V109/><F135/><W9/><G9/><T32/><D66/><U56/><E5/><V125/><F125/><W57/><G57/><T6/><D6/><U29/><E29/><V39/><F109/><W107/><G111/><T72/><D58/><U71/><E71/><V2/><F106/><W113/><N who="3" m="43569" /><W17/><DORA hai="0" /><G17/><T11/><D11/><U102/><E82/><V117/><F117/><W47/><G47/><T16/><D16/><U4/><E4/><V126/><F126/><W15/><G15/><T14/><D14/><U40/><E40/><V92/><F13/><W69/><G69/><T133/><D133/><U95/><REACH who="1" step="1"/><E56/><REACH who="1" ten="388,168,226,208" step="2"/><V31/><F31/><N who="3" m="19823" /><G80/><T49/><D83/><U110/><E110/><V97/><F68/><W120/><G123/><T64/><D42/><U74/><E74/><V53/><F43/><W48/><G120/><T134/><D72/><U63/><E63/><V132/><F61/><W100/><G122/><T12/><D32/><U124/><E124/><V88/><F28/><W67/><G81/><T99/><D134/><U60/><E60/><V105/><F132/><W22/><G67/><T36/><D64/><U127/><E127/><V76/><F76/><W70/><G70/><T121/><D78/><U65/><E65/><V116/><F53/><W24/><G48/><T1/><D49/><U3/><E3/><V37/><F2/><W45/><G45/><T20/><D1/><U90/><E90/><V8/><F89/><RYUUKYOKU ba="0,1" sc="388,-10,168,30,226,-10,208,-10" hai1="19,23,41,44,50,52,54,55,95,98,102,130,131" /><INIT seed="3,1,1,4,0,111" ten="378,198,216,198" oya="3" hai0="12,67,113,90,131,121,73,100,29,53,10,96,28" hai1="135,106,81,7,78,37,46,88,5,122,71,59,45" hai2="117,34,58,76,85,119,105,15,42,87,132,48,41" hai3="25,13,101,0,97,36,55,39,2,92,51,77,23"/><W134/><G134/><T18/><D121/><U95/><E71/><V63/><F105/><W130/><G130/><T49/><D73/><U30/><E106/><V91/><F34/><W16/><G77/><T79/><D113/><U70/><E70/><V8/><F132/><W93/><G93/><T40/><D40/><U107/><E107/><V125/><F125/><W83/><G83/><T21/><D67/><U118/><E122/><V31/><F31/><W4/><G13/><N who="0" m="9423" /><D100/><U14/><E37/><V60/><F60/><W61/><G61/><T128/><D79/><U89/><E30/><V35/><F35/><W27/><G27/><T22/><D22/><U52/><E135/><V56/><F76/><W1/><REACH who="3" step="1"/><G4/><REACH who="3" ten="378,198,216,188" step="2"/><N who="1" m="1610" /><E14/><V20/><F15/><W80/><G80/><T114/><D128/><U109/><E118/><V32/><F119/><W116/><G116/><T82/><D82/><U17/><E78/><V112/><F117/><W127/><G127/><T72/><D131/><U62/><E81/><V26/><F26/><W123/><G123/><T75/><D12/><U104/><E104/><V43/><F8/><W54/><G54/><T47/><D53/><U68/><E95/><V124/><F124/><W102/><G102/><T99/><D10/><U129/><E129/><V120/><F120/><W69/><G69/><T126/><D126/><U33/><E68/><V19/><F63/><W98/><G98/><T50/><D96/><U103/><E62/><V133/><F133/><W9/><G9/><T44/><D99/><U115/><E52/><V24/><F24/><W11/><G11/><RYUUKYOKU ba="1,2" sc="378,-10,198,-10,216,-10,188,30" hai3="0,1,2,16,23,25,36,39,51,55,92,97,101" /><INIT seed="3,2,2,4,4,52" ten="368,188,206,218" oya="3" hai0="25,14,44,50,32,68,42,118,89,105,88,95,16" hai1="58,109,86,99,29,132,70,6,1,114,96,122,4" hai2="22,101,47,38,54,71,110,63,7,0,35,94,41" hai3="26,8,37,15,27,45,135,130,76,72,111,117,46"/><W13/><G117/><T125/><D105/><U19/><E70/><V129/><F35/><W56/><G15/><T43/><D68/><U112/><E122/><V103/><F22/><W78/><G130/><T31/><D125/><U66/><E1/><V126/><F126/><W97/><G135/><T59/><D59/><U24/><E132/><V92/><F129/><W74/><G111/><T121/><D121/><U11/><E109/><V124/><F124/><W134/><G97/><N who="1" m="37450" /><E114/><V133/><F110/><W18/><G74/><T65/><D65/><U81/><E112/><V21/><F21/><W87/><G72/><T90/><D43/><U73/><E29/><V20/><F20/><W12/><G12/><T36/><D36/><U93/><E93/><V83/><F83/><N who="3" m="47591" /><G37/><T108/><D118/><U30/><E30/><V28/><F28/><W77/><G134/><T85/><D108/><U53/><E66/><V119/><F119/><W9/><G9/><AGARI ba="2,2" hai="9,14,16,25,31,32,42,44,50,85,88,89,90,95" machi="9" ten="30,3900,0" yaku="7,1,54,2" doraHai="52" who="0" fromWho="3" sc="368,65,188,0,206,0,218,-45" owari="433,53.3,188,-21.2,206,0.6,173,-32.7" /></mjloggm>