<mjloggm ver="2.3"><GO type="225" lobby="0"/><UN n0="%EF%BC%AE%EF%BC%A1%EF%BC%AF%33%33%39" n1="%E6%81%A5%E6%99%92%E3%81%97" n2="%E3%83%96%E3%83%83%E3%83%91%E3%82%AA%E3%83%96%E3%83%81%E3%82%AD%E3%83%B3" n3="%E5%91%A8%E6%9D%B1" dan="16,16,16,17" rate="2113.38,2113.56,2157.31,2134.78" sx="M,M,M,M"/><TAIKYOKU oya="0"/><INIT seed="0,0,0,1,5,7" ten="250,250,250,250" oya="0" hai0="73,116,129,23,28,96,32,84,44,117,12,27,90" hai1="47,54,45,119,1,22,79,69,46,63,115,94,121" hai2="114,100,42,87,50,101,113,55,11,98,10,64,30" hai3="34,74,82,105,66,53,5,25,128,39,80,6,107"/><T110/><D73/><U92/><E119/><V21/><F64/><W109/><G39/><T57/><D96/><U135/><E121/><V36/><F36/><W95/><G128/><T0/><D0/><U71/><E1/><V134/><F42/><W20/><G34/><T91/><D44/><U16/><E135/><V102/><F134/><W43/><G109/><T127/><D91/><U120/><E120/><V125/><F125/><W118/><G118/><T106/><D106/><U67/><E71/><V29/><F98/><W56/><G66/><T61/><D129/><U52/><E115/><V51/><F87/><W4/><G43/><T65/><D127/><U75/><E79/><V85/><F85/><W126/><G126/><T37/><D37/><U123/><E75/><V14/><F21/><W111/><G111/><T122/><D122/><U33/><E33/><V130/><F130/><W26/><G105/><T41/><D41/><U24/><REACH who="1" step="1"/><E123/><REACH who="1" ten="250,240,250,250" step="2"/><V103/><F114/><W2/><G74/><T78/><D78/><U59/><E59/><V104/><F113/><W8/><G56/><T112/><D112/><U77/><E77/><V19/><F104/><W70/><G107/><T132/><D132/><U17/><E17/><V18/><F103/><W9/><G70/><T83/><D110/><U15/><E15/><N who="2" m="7543" /><F51/><W133/><G133/><T76/><D76/><U99/><E99/><V89/><F89/><W38/><G2/><T81/><D117/><U31/><E31/><V97/><F97/><W93/><G26/><T3/><D116/><U60/><E60/><V40/><F40/><RYUUKYOKU ba="0,1" sc="250,-15,240,15,250,15,250,-15" hai1="16,22,24,45,46,47,52,54,63,67,69,92,94" hai2="11,14,19,29,30,50,55,100,101,102" /><INIT seed="1,1,1,3,2,135" ten="235,255,265,235" oya="1" hai0="12,60,123,125,5,74,35,37,38,130,31,91,53" hai1="104,16,97,11,119,30,28,108,82,57,126,69,92" hai2="128,48,26,0,50,32,117,19,93,47,56,129,121" hai3="1,18,67,134,87,44,71,73,22,99,133,20,107"/><U59/><E119/><V2/><F117/><W122/><G73/><T96/><D74/><U113/><E113/><V132/><F132/><N who="3" m="50795" /><G122/><T101/><D91/><N who="1" m="55455" /><E69/><V131/><F121/><W106/><G1/><T72/><D72/><U81/><E104/><N who="3" m="39978" /><G99/><T118/><D118/><U76/><E126/><V6/><F6/><W42/><G87/><T36/><D96/><U85/><E108/><V33/><F93/><W78/><G78/><T46/><D123/><U58/><E82/><V25/><F56/><N who="1" m="14337" /><U68/><DORA hai="98" /><E68/><V84/><F84/><W51/><G18/><T112/><D112/><U62/><E62/><AGARI ba="1,1" hai="20,22,42,44,51,62,67,71" m="39978,50795" machi="62" ten="30,1000,0" yaku="20,1" doraHai="135,98" who="3" fromWho="1" sc="235,0,255,-13,265,0,235,23" /><INIT seed="2,0,0,4,1,62" ten="235,242,265,258" oya="2" hai0="133,69,70,78,50,63,43,106,92,38,82,71,111" hai1="93,40,130,49,52,77,32,26,102,109,57,8,2" hai2="29,20,101,79,39,81,37,119,10,88,7,21,51" hai3="96,86,25,66,1,120,100,5,122,19,30,113,87"/><V47/><F119/><W22/><G113/><T116/><D106/><U61/><E109/><V11/><F101/><W60/><G1/><T23/><D92/><U18/><E130/><V27/><F21/><W65/><G5/><T31/><D38/><U134/><E134/><V34/><F34/><W112/><G112/><T114/><D114/><U127/><E127/><V16/><F29/><W98/><G30/><T41/><D111/><U75/><E32/><V94/><F37/><W12/><G25/><T0/><D0/><U117/><E117/><V72/><F39/><W85/><G98/><T132/><D116/><U14/><E2/><V36/><F36/><W90/><G90/><T24/><D63/><U91/><E77/><V124/><F7/><W80/><G80/><T17/><D31/><U54/><E75/><V83/><F124/><W15/><G15/><T123/><D123/><U95/><E102/><V131/><F131/><W73/><G73/><T56/><D56/><N who="1" m="34967" /><E40/><N who="2" m="25063" /><F72/><W105/><REACH who="3" step="1"/><G66/><REACH who="3" ten="235,242,265,248" step="2"/><T68/><D132/><U107/><E107/><V3/><F3/><W104/><G104/><T89/><D133/><U67/><E26/><V48/><F79/><W135/><G135/><T9/><D78/><U108/><E108/><V45/><F83/><W58/><AGARI ba="0,1" hai="12,19,22,58,60,65,85,86,87,96,100,105,120,122" machi="58" ten="30,4000,0" yaku="1,1,0,1,52,1,53,0" doraHai="62" doraHaiUra="84" who="3" fromWho="3" sc="235,-10,242,-10,265,-20,248,50" /><INIT seed="3,0,0,1,1,113" ten="225,232,245,298" oya="3" hai0="119,129,56,85,130,20,46,123,106,134,90,70,10" hai1="118,39,98,16,17,88,51,74,62,80,31,125,15" hai2="126,8,52,11,117,53,108,63,100,101,37,99,41" hai3="81,67,6,86,60,135,114,65,1,25,4,48,45"/><W22/><G114/><T43/><D70/><U124/><E39/><V21/><F108/><W33/><G33/><T69/><D69/><U95/><E118/><V5/><F126/><N who="1" m="48745" /><E31/><V0/><F117/><W61/><G135/><T34/><D34/><U50/><E62/><N who="3" m="24170" /><G1/><T42/><D106/><U49/><E15/><V71/><F21/><W76/><G65/><T27/><D119/><U18/><E80/><V79/><F11/><W14/><G14/><T75/><D75/><AGARI ba="0,0" hai="16,17,18,49,50,51,74,75,88,95,98" m="48745" machi="75" ten="40,5200,0" yaku="18,1,54,2" doraHai="113" who="1" fromWho="0" sc="225,-52,232,52,245,0,298,0" /><INIT seed="4,0,0,5,5,40" ten="173,284,245,298" oya="0" hai0="50,65,125,114,58,84,107,26,38,89,36,71,131" hai1="126,3,47,134,109,59,5,98,70,62,15,49,110" hai2="124,61,78,116,74,72,79,101,29,31,55,30,64" hai3="115,122,68,82,123,106,16,8,99,21,93,2,56"/><T6/><D107/><U80/><E3/><V11/><F124/><W19/><G68/><T7/><D71/><U95/><E126/><V63/><F116/><W1/><G115/><T127/><D127/><U108/><E134/><V69/><F101/><N who="3" m="60655" /><G106/><T87/><D125/><U34/><E34/><V23/><F23/><W41/><G41/><T22/><D114/><U46/><E80/><V9/><F55/><W117/><G117/><T12/><D87/><U102/><E49/><V14/><F63/><W51/><G82/><T76/><D76/><U45/><E70/><V0/><F0/><W118/><G118/><T85/><D85/><U42/><E42/><V88/><F88/><W73/><G73/><T105/><D105/><U13/><REACH who="1" step="1"/><E5/><REACH who="1" ten="173,274,245,298" step="2"/><V113/><F113/><W20/><G51/><T39/><D131/><U129/><E129/><V24/><F69/><W44/><G2/><T77/><D77/><U54/><AGARI ba="0,1" hai="13,15,45,46,47,54,59,62,95,98,102,108,109,110" machi="54" ten="40,8000,1" yaku="1,1,0,1,52,3,53,0" doraHai="40" doraHaiUra="33" who="1" fromWho="1" sc="173,-40,274,90,245,-20,298,-20" owari="133,-36.7,364,46.4,225,-17.5,278,7.8" /></mjloggm>