<mjloggm ver="2.3"><GO type="225" lobby="0"/><UN n0="%E3%83%A9%E3%82%B9%E7%8E%87%EF%BC%93%E5%89%B2" n1="%E6%A1%9C%E8%8A%B1%E9%96%83%E3%80%85" n2="%E6%98%A5%E3%81%AE%E3%81%8B%E3%81%91%E3%82%89" n3="%E9%B4%A8%4E%45%47%49" dan="16,16,16,16" rate="2204.18,2101.58,2066.97,2088.33" sx="F,M,F,M"/><TAIKYOKU oya="0"/><INIT seed="0,0,0,2,1,87" ten="250,250,250,250" oya="0" hai0="30,106,94,105,7,37,119,129,84,67,35,24,122" hai1="108,41,110,85,126,99,9,73,48,131,56,72,60" hai2="25,61,93,53,113,31,75,134,5,89,50,22,125" hai3="62,15,107,118,96,19,3,42,90,71,29,10,88"/><T86/><D37/><U65/><E126/><V112/><F75/><W12/><G118/><T23/><D119/><U132/><E132/><V46/><F125/><W11/><G3/><T1/><D122/><U38/><E38/><V45/><F134/><W91/><G29/><T32/><D129/><U52/><E41/><V6/><F112/><W133/><G133/><T47/><D67/><U120/><E120/><V33/><F113/><W76/><G42/><T79/><D47/><U54/><E131/><V109/><F109/><N who="1" m="42089" /><E99/><V101/><F101/><W102/><G76/><T123/><D123/><U70/><E9/><V81/><F81/><W114/><G114/><T121/><D105/><U28/><E28/><V92/><F92/><W116/><G116/><T115/><D106/><U4/><E4/><V68/><F46/><W51/><G51/><T13/><D115/><U36/><E36/><V55/><F33/><W104/><G104/><T95/><D35/><U83/><E54/><V40/><F68/><W58/><G71/><T43/><D43/><U20/><E20/><V128/><F128/><W124/><G124/><T27/><D121/><U69/><E70/><V18/><F31/><W14/><REACH who="3" step="1"/><G11/><REACH who="3" ten="250,250,250,240" step="2"/><N who="0" m="4351" /><D1/><U34/><E34/><V82/><F40/><W77/><G77/><AGARI ba="0,1" hai="48,52,56,60,65,69,72,73,77,83,85" m="42089" machi="77" ten="30,2000,0" yaku="14,1,54,1" doraHai="87" who="1" fromWho="3" sc="250,0,250,30,250,0,240,-20" /><INIT seed="1,0,0,0,0,110" ten="250,280,250,220" oya="1" hai0="135,56,6,86,5,115,17,74,107,31,119,21,50" hai1="53,87,40,3,59,126,106,112,103,127,61,46,109" hai2="132,81,65,8,73,28,120,88,47,68,13,23,82" hai3="66,79,38,133,108,55,113,91,11,57,102,69,94"/><U63/><E3/><V71/><F120/><W58/><G108/><T83/><D107/><U32/><E109/><V121/><F121/><W37/><G69/><T10/><D74/><U36/><E32/><V97/><F132/><W96/><G133/><T52/><D119/><U22/><E87/><V117/><F117/><W75/><G66/><T92/><D115/><U111/><E111/><V76/><F65/><W2/><G113/><T39/><D39/><U67/><E112/><V123/><F123/><W129/><G129/><T72/><D72/><U9/><E9/><V125/><F125/><N who="1" m="47625" /><E22/><V18/><F47/><W44/><G58/><T14/><D92/><U41/><E41/><V33/><F33/><W134/><G134/><T85/><D85/><U30/><E30/><V43/><F43/><W77/><G102/><T70/><D70/><N who="1" m="42351" /><E103/><V16/><F28/><W118/><G118/><T24/><REACH who="0" step="1"/><D135/><REACH who="0" ten="240,280,250,220" step="2"/><U42/><E42/><V101/><F82/><W99/><G75/><T20/><D20/><U12/><E106/><V78/><F71/><W90/><G38/><T95/><D95/><U54/><E12/><V26/><F68/><W80/><G94/><T34/><D34/><U105/><E105/><V49/><F73/><W1/><G80/><T27/><D27/><U131/><E131/><V128/><F128/><W48/><G37/><T84/><D84/><U35/><E35/><V62/><F81/><W116/><G116/><T4/><D4/><U60/><E36/><V25/><F25/><W122/><G99/><T51/><D51/><N who="1" m="28919" /><E40/><V19/><F26/><W0/><G96/><RYUUKYOKU ba="0,1" sc="240,15,280,15,250,-15,220,-15" hai0="5,6,10,14,17,21,24,31,50,52,56,83,86" hai1="54,59,60,63" /><INIT seed="1,1,1,0,5,28" ten="255,295,235,205" oya="1" hai0="131,6,69,60,18,113,83,0,102,22,48,15,92" hai1="77,63,116,66,129,133,36,19,125,109,54,99,11" hai2="12,70,39,85,73,27,61,43,3,100,86,68,24" hai3="5,17,82,23,37,58,117,71,51,107,13,130,44"/><U124/><E116/><V84/><F3/><W1/><G107/><T93/><D113/><U50/><E77/><V108/><F73/><W126/><G71/><T47/><D102/><U56/><E99/><V38/><F108/><W8/><G117/><T72/><D131/><U127/><E129/><V122/><F122/><W91/><G130/><T105/><D105/><U112/><E112/><V45/><F39/><W128/><G126/><T42/><D0/><U119/><E119/><V34/><F100/><W31/><G128/><T115/><D6/><U81/><E133/><V97/><F97/><W95/><G37/><T30/><D30/><U111/><E81/><V88/><F88/><W14/><G82/><T35/><D115/><U25/><E36/><V10/><F61/><W96/><G31/><T65/><REACH who="0" step="1"/><D35/><REACH who="0" ten="245,295,235,205" step="2"/><U29/><E29/><V21/><F34/><W46/><G1/><T101/><D101/><U64/><E111/><V98/><F27/><W53/><AGARI ba="1,2" hai="5,8,13,14,17,23,44,46,51,53,58,91,95,96" machi="53" ten="30,2000,0" yaku="0,1,8,1" doraHai="28" who="3" fromWho="3" sc="245,-6,295,-11,235,-6,205,43" /><INIT seed="2,0,0,1,4,30" ten="239,284,229,248" oya="2" hai0="77,4,2,132,46,98,91,61,37,75,44,131,99" hai1="25,5,31,53,82,7,130,109,119,29,49,134,55" hai2="124,42,76,36,14,47,57,107,115,112,48,17,34" hai3="126,100,78,58,54,24,38,79,68,1,84,92,127"/><V93/><F107/><W74/><G68/><T120/><D120/><U43/><E119/><V40/><F124/><N who="3" m="47659" /><G38/><T60/><D77/><N who="3" m="29193" /><G1/><T10/><D75/><U80/><E109/><V23/><F76/><W39/><G39/><T18/><D131/><U50/><E134/><V6/><F6/><W110/><G24/><T26/><D37/><U94/><E94/><V33/><F93/><W41/><G41/><T28/><D18/><U123/><E43/><V106/><F106/><W121/><G110/><T0/><D132/><U69/><E69/><V90/><F90/><N who="3" m="53319" /><G100/><T86/><D2/><U101/><E101/><V135/><F135/><W113/><G113/><T65/><D46/><U102/><E102/><V15/><F15/><W73/><G121/><T21/><D44/><U13/><E123/><V22/><F22/><W128/><G128/><T52/><D61/><AGARI ba="0,0" hai="54,58,61,73,74" m="53319,29193,47659" machi="61" ten="30,1000,0" yaku="18,1" doraHai="30" who="3" fromWho="0" sc="239,-10,284,0,229,0,248,10" /><INIT seed="3,0,0,2,2,23" ten="229,284,229,258" oya="3" hai0="94,97,80,89,95,26,108,40,20,71,30,18,57" hai1="9,110,49,34,50,19,60,125,133,59,113,52,123" hai2="48,100,61,29,15,6,86,91,88,0,10,77,47" hai3="17,51,103,35,28,112,5,8,53,38,72,92,120"/><W69/><G38/><T55/><D71/><U43/><E123/><V127/><F127/><W42/><G112/><T115/><D115/><U85/><E113/><V96/><F29/><W114/><G120/><T25/><D108/><U117/><E110/><V111/><F111/><W64/><G72/><T11/><D40/><U44/><E125/><V124/><F124/><W87/><G42/><T76/><D95/><U24/><E133/><V37/><F37/><W68/><G114/><T16/><D11/><U36/><E117/><V2/><F61/><W45/><G17/><T109/><D26/><U31/><E85/><V98/><F2/><W13/><G64/><T66/><D66/><U74/><E74/><V62/><F0/><W102/><G102/><T121/><D121/><U39/><E39/><V14/><F62/><W22/><G35/><T131/><D131/><U99/><E99/><N who="2" m="37931" /><F15/><W27/><REACH who="3" step="1"/><G103/><REACH who="3" ten="229,284,229,248" step="2"/><T78/><D109/><U12/><AGARI ba="0,1" hai="9,12,19,24,31,34,36,43,44,49,50,52,59,60" machi="12" ten="30,4000,0" yaku="0,1,52,1,54,1" doraHai="23" who="1" fromWho="1" sc="229,-10,284,50,229,-10,248,-20" owari="219,-18.1,334,43.4,219,-28.1,228,2.8" /></mjloggm>