<mjloggm ver="2.3"><GO type="225" lobby="0"/><UN n0="%72%65%6E%6B%75%6E" n1="%E3%81%BF%E3%81%BF%E3%81%9A" n2="%E3%83%96%E3%83%83%E3%83%91%E3%82%AA%E3%83%96%E3%83%81%E3%82%AD%E3%83%B3" n3="%E6%A1%9C%E8%8A%B1%E9%96%83%E3%80%85" dan="17,17,16,17" rate="2164.03,2203.05,2194.16,2275.89" sx="M,M,M,M"/><TAIKYOKU oya="0"/><INIT seed="0,0,0,0,1,75" ten="250,250,250,250" oya="0" hai0="83,29,57,105,6,9,45,2,10,128,133,97,86" hai1="64,0,91,73,24,124,32,76,15,126,18,63,84" hai2="7,103,125,47,13,102,3,80,22,34,130,11,26" hai3="106,37,92,108,112,123,25,99,135,12,94,27,58"/><T20/><D128/><U41/><E0/><V46/><F130/><W104/><G37/><T81/><D133/><U8/><E41/><V74/><F125/><N who="1" m="48233" /><E73/><V127/><F127/><W42/><G42/><T4/><D57/><N who="1" m="36975" /><E76/><N who="2" m="44055" /><F103/><W17/><G108/><T116/><D116/><U82/><E24/><V30/><F102/><W118/><G27/><T54/><D97/><U52/><E52/><V134/><F134/><W109/><G25/><T49/><D105/><U28/><E28/><V69/><F69/><W70/><G99/><T36/><D36/><U111/><E32/><V62/><F62/><W93/><G106/><T131/><D131/><U48/><E48/><V120/><F120/><W50/><G104/><T53/><D53/><U101/><E101/><V78/><F78/><W77/><G77/><T66/><D66/><U113/><E113/><V129/><F129/><W85/><G112/><T65/><D65/><U1/><E1/><V40/><F40/><W100/><G123/><T39/><D39/><U122/><E122/><V44/><F44/><W67/><G100/><T31/><D31/><U90/><E90/><V119/><F119/><W87/><G118/><T19/><D29/><U33/><E33/><V89/><F89/><W96/><G135/><T88/><D83/><U5/><E111/><V79/><F79/><W121/><G109/><T35/><D35/><U60/><E60/><V95/><F95/><N who="3" m="36427" /><G121/><T38/><D38/><U71/><E71/><V98/><F98/><W115/><N who="3" m="36435" /><W14/><DORA hai="23" /><G115/><T68/><D68/><U72/><E72/><V55/><F55/><RYUUKYOKU ba="0,0" sc="250,-15,250,15,250,15,250,-15" hai1="5,8,15,18,82,84,91" hai2="3,7,11,13,22,26,30,34,46,47" /><INIT seed="1,1,0,4,5,13" ten="235,265,265,235" oya="1" hai0="1,72,5,46,87,114,14,8,75,89,53,115,6" hai1="3,88,32,41,26,135,79,21,109,128,74,54,126" hai2="100,103,78,82,124,31,59,58,83,50,4,96,110" hai3="63,0,77,44,48,107,30,43,116,85,51,108,55"/><U101/><E3/><V80/><F110/><W70/><G107/><T131/><D131/><U105/><E32/><V125/><F31/><W65/><G0/><T52/><D5/><U118/><E118/><V36/><F36/><W37/><G108/><T133/><D133/><U11/><E41/><V92/><F4/><W29/><G116/><T10/><D75/><U19/><E109/><V86/><F50/><W106/><G106/><T61/><D72/><U84/><E126/><N who="2" m="48747" /><F58/><N who="3" m="33151" /><G48/><T112/><D61/><U119/><E119/><V18/><F59/><W35/><G35/><T93/><D46/><U23/><E128/><V28/><F28/><W9/><G9/><T98/><D98/><U62/><E135/><V47/><F47/><W33/><G33/><T68/><D68/><U102/><E11/><V64/><F64/><W40/><G43/><T27/><D27/><N who="1" m="14783" /><E79/><V94/><F18/><W2/><G2/><T81/><D81/><AGARI ba="1,0" hai="29,30,37,40,44,63,65,70,77,81,85" m="33151" machi="81" ten="30,1000,0" yaku="24,1" doraHai="13" who="3" fromWho="0" sc="235,-13,265,0,265,0,235,13" /><INIT seed="2,0,0,3,0,102" ten="222,265,265,248" oya="2" hai0="36,77,31,110,41,87,130,79,83,68,109,84,99" hai1="11,45,129,63,2,54,115,107,90,117,75,80,20" hai2="78,29,105,43,100,113,38,50,74,72,25,30,10" hai3="28,120,62,53,81,92,82,116,96,118,73,65,23"/><V40/><F113/><W49/><G120/><T132/><D68/><U33/><E115/><V119/><F119/><W34/><G34/><T13/><D31/><U0/><E33/><V111/><F30/><W94/><G94/><T98/><D13/><U39/><E117/><V60/><F50/><W58/><G73/><T71/><D71/><U8/><E107/><V103/><F103/><N who="3" m="60807" /><G118/><T1/><D1/><U108/><E108/><N who="0" m="41577" /><D41/><U47/><E20/><V42/><F111/><W135/><G135/><T55/><D55/><U3/><E129/><V131/><F38/><W37/><G37/><T85/><D36/><U112/><E112/><V93/><F131/><W66/><G116/><T44/><D44/><U123/><E123/><V127/><F93/><W27/><G66/><T70/><D70/><U128/><E128/><V24/><F127/><W14/><G14/><T22/><D22/><U133/><E133/><V12/><F24/><W134/><G134/><T6/><D6/><U104/><E39/><V48/><F12/><W95/><G95/><T64/><D64/><U89/><E104/><V69/><F10/><W61/><G61/><T9/><D9/><N who="1" m="3659" /><E63/><V17/><F60/><W76/><G76/><N who="0" m="46183" /><D130/><U26/><E26/><V124/><F25/><W86/><G86/><N who="0" m="32779" /><D132/><U125/><E54/><V21/><F21/><W4/><G4/><T59/><D59/><AGARI ba="0,0" hai="23,27,28,49,53,58,59,62,65,81,82" m="60807" machi="59" ten="30,2000,0" yaku="25,1,8,1" doraHai="102" who="3" fromWho="0" sc="222,-20,265,0,265,0,248,20" /><INIT seed="3,0,0,0,1,7" ten="202,265,265,268" oya="3" hai0="42,72,17,117,107,12,82,115,33,126,61,92,95" hai1="86,3,97,132,20,25,113,74,131,114,21,118,55" hai2="43,28,123,66,133,54,50,98,105,112,96,125,39" hai3="10,71,108,29,100,121,52,130,77,127,134,103,81"/><W47/><G121/><T1/><D1/><U109/><E74/><V91/><F112/><W93/><G71/><T48/><D107/><U135/><E97/><V116/><F116/><W30/><G127/><T110/><D117/><U53/><E118/><V87/><F125/><W68/><G68/><T44/><D115/><U45/><E3/><V15/><F123/><W69/><G69/><T120/><D126/><U22/><E25/><V76/><F133/><N who="1" m="51273" /><E109/><V128/><F128/><W124/><G124/><T64/><D120/><U37/><E131/><V129/><F129/><W79/><G134/><T90/><D33/><U49/><E37/><V19/><F105/><W4/><G130/><T36/><D36/><U8/><E86/><V35/><F76/><N who="3" m="29259" /><G81/><T9/><D110/><U59/><E8/><V75/><F75/><W88/><G108/><T16/><D72/><U31/><E31/><N who="3" m="11786" /><G10/><T26/><D82/><U58/><E58/><V102/><F35/><W73/><G4/><T11/><D90/><U101/><E101/><V104/><F91/><W23/><G23/><N who="1" m="5890" /><U94/><DORA hai="62" /><E94/><N who="0" m="35881" /><D26/><U38/><E38/><V13/><F102/><W56/><G73/><T63/><D64/><U122/><E122/><V84/><F66/><W0/><G0/><T41/><D41/><U51/><AGARI ba="0,0" hai="45,49,51,53,55,59,113,114" m="5890,51273" machi="51" ten="40,1500,0" yaku="20,1" doraHai="7,62" who="1" fromWho="1" sc="202,-4,265,15,265,-4,268,-7" /><INIT seed="4,0,0,5,2,97" ten="198,280,261,261" oya="0" hai0="125,92,119,29,48,108,53,60,106,51,65,103,40" hai1="7,100,121,46,95,111,0,35,2,25,41,88,66" hai2="90,16,56,15,74,28,81,36,109,83,58,102,123" hai3="122,72,75,99,12,64,89,11,112,124,5,8,1"/><T22/><D119/><U71/><E100/><V93/><F123/><W131/><G122/><T61/><D125/><U107/><E107/><V118/><F109/><W104/><G124/><T49/><D108/><U110/><E121/><V132/><F36/><W101/><G112/><T96/><D40/><U10/><E0/><V128/><F118/><W33/><G131/><T63/><D106/><U54/><E54/><V19/><F128/><W113/><G113/><T44/><REACH who="0" step="1"/><D65/><REACH who="0" ten="188,280,261,261" step="2"/><U67/><E67/><V98/><F132/><W18/><G64/><T3/><D3/><U39/><E66/><V130/><F130/><W135/><G135/><T43/><D43/><U69/><E111/><V127/><F127/><W21/><G33/><T14/><D14/><U77/><E110/><V91/><F28/><W114/><G114/><T87/><D87/><U23/><E35/><V37/><F37/><W26/><REACH who="3" step="1"/><G89/><REACH who="3" ten="188,280,261,251" step="2"/><N who="2" m="33801" /><F74/><W76/><G76/><T80/><D80/><N who="2" m="30794" /><F19/><AGARI ba="0,2" hai="1,5,8,11,12,18,19,21,26,72,75,99,101,104" machi="19" ten="30,3900,0" yaku="1,1,7,1,52,1,53,0" doraHai="97" doraHaiUra="79" who="3" fromWho="2" sc="188,0,280,0,261,-39,251,59" owari="188,-31.2,280,8.0,222,-17.8,310,41.0" /></mjloggm>