<mjloggm ver="2.3"><GO type="225" lobby="0"/><UN n0="%E7%8D%85%E5%AD%90%E5%BA%A7%E3%81%8B%E3%81%A3%E3%81%B4%E3%83%BC" n1="%E3%83%96%E3%83%83%E3%83%91%E3%82%AA%E3%83%96%E3%83%81%E3%82%AD%E3%83%B3" n2="%E3%81%95%E3%81%8D%E3%81%9F%E3%81%BE%E6%9E%97%E6%AA%8E" n3="%4C%E3%82%AA%E3%83%97%E3%83%86%E3%82%A3%E3%82%B8%E3%83%B3%E3%82%AF" dan="16,17,16,16" rate="2110.30,2223.94,2075.63,2099.63" sx="M,M,M,M"/><TAIKYOKU oya="0"/><INIT seed="0,0,0,5,3,39" ten="250,250,250,250" oya="0" hai0="85,79,65,101,18,33,62,45,19,53,87,71,43" hai1="27,124,109,69,63,34,13,1,86,110,120,31,51" hai2="77,3,64,5,32,92,107,29,52,76,81,73,58" hai3="123,91,46,133,26,12,80,93,82,56,60,117,94"/><T35/><D101/><U75/><E120/><V100/><F107/><W122/><G117/><T54/><D35/><U96/><E75/><V115/><F115/><W57/><G133/><T49/><D33/><U118/><E118/><V40/><F77/><W25/><G12/><T4/><D4/><U134/><E1/><V113/><F113/><W121/><G46/><T41/><D79/><U131/><E134/><V10/><F64/><W98/><G60/><T67/><D62/><U119/><E119/><V116/><F116/><W55/><G98/><T83/><D45/><U108/><E131/><V6/><F6/><W97/><G97/><T2/><D49/><U42/><E124/><V78/><F78/><W72/><G72/><T44/><D44/><N who="1" m="26007" /><E96/><V89/><F100/><W23/><G23/><T66/><D71/><U16/><E86/><N who="0" m="32777" /><D2/><U88/><E63/><N who="2" m="36295" /><F32/><W8/><G55/><N who="0" m="21003" /><D83/><U135/><E135/><V36/><F29/><W48/><G48/><T61/><D61/><U47/><E47/><N who="2" m="23943" /><F92/><W84/><G84/><T7/><D7/><U127/><E127/><V103/><F103/><W37/><G37/><T20/><D18/><U74/><E74/><V21/><F21/><W132/><G132/><T24/><AGARI ba="0,0" hai="19,20,24,41,43,65,66,67" m="21003,32777" machi="24" ten="30,6000,0" yaku="8,1,52,2" doraHai="39" who="0" fromWho="0" sc="250,60,250,-20,250,-20,250,-20" /><INIT seed="0,1,0,2,2,90" ten="310,230,230,230" oya="0" hai0="13,15,92,76,49,4,78,118,33,109,40,113,22" hai1="119,75,24,30,71,12,61,132,99,67,55,62,0" hai2="98,106,117,129,131,60,7,2,54,111,59,83,31" hai3="77,121,16,48,104,27,45,36,44,96,70,63,72"/><T82/><D33/><U18/><E119/><V85/><F111/><W69/><G121/><T97/><D113/><U112/><E112/><V79/><F117/><W94/><G104/><T123/><D123/><U47/><E132/><V20/><F2/><W17/><G72/><T25/><D118/><U29/><E75/><V42/><F7/><W114/><G114/><T80/><D109/><U66/><E0/><V46/><F106/><W56/><G77/><N who="0" m="29803" /><D40/><U28/><E99/><V133/><F133/><W89/><G36/><T32/><D49/><U57/><E47/><V50/><F98/><W130/><G130/><N who="2" m="49673" /><F20/><W26/><G96/><T5/><D32/><U126/><E126/><V8/><F8/><W34/><G34/><T81/><D4/><U86/><E86/><V73/><F31/><W93/><G89/><N who="0" m="55439" /><D5/><U124/><E124/><V107/><F107/><W100/><G48/><T128/><D128/><U115/><E115/><V23/><F23/><W108/><G108/><T102/><D102/><U35/><E67/><V120/><F120/><W88/><G88/><T9/><D9/><AGARI ba="1,0" hai="9,12,18,24,28,29,30,35,55,57,61,62,66,71" machi="9" ten="30,1000,0" yaku="7,1" doraHai="90" who="1" fromWho="0" sc="310,-13,230,13,230,0,230,0" /><INIT seed="1,0,0,3,5,126" ten="297,243,230,230" oya="1" hai0="8,18,15,38,113,52,73,70,81,123,92,116,106" hai1="101,2,109,114,24,78,36,32,82,91,14,17,107" hai2="117,66,47,118,74,28,59,121,112,51,42,35,120" hai3="10,105,131,23,132,13,110,1,6,130,75,77,27"/><U16/><E114/><V58/><F74/><W87/><G110/><T44/><D106/><U7/><E109/><V53/><F28/><W124/><G124/><T41/><D113/><U79/><E36/><V111/><F35/><W20/><G105/><T33/><D33/><U94/><E107/><V89/><F89/><W37/><G37/><T55/><D116/><N who="2" m="44650" /><F111/><W96/><G132/><T76/><D123/><U60/><E2/><V22/><F22/><W5/><G75/><T21/><D70/><U119/><E119/><V48/><F112/><W84/><G96/><T99/><REACH who="0" step="1"/><D8/><REACH who="0" ten="287,243,230,230" step="2"/><N who="1" m="4383" /><E32/><V108/><F108/><W25/><G10/><T71/><D71/><U57/><E101/><AGARI ba="0,1" hai="15,18,21,38,41,44,52,55,73,76,81,92,99,101" machi="101" ten="30,3900,0" yaku="1,1,7,1,54,1,53,0" doraHai="126" doraHaiUra="54" who="0" fromWho="1" sc="287,49,243,-39,230,0,230,0" /><INIT seed="2,0,0,0,4,74" ten="336,204,230,230" oya="2" hai0="22,17,133,5,95,121,78,65,67,55,35,98,25" hai1="100,57,97,8,16,122,60,14,83,33,87,1,38" hai2="18,85,107,9,81,131,52,30,27,4,103,71,77" hai3="84,132,134,50,115,112,26,120,102,86,66,108,20"/><V54/><F131/><W7/><G120/><T42/><D133/><N who="3" m="51305" /><G108/><T53/><D121/><U104/><E122/><V79/><F71/><W70/><G7/><T113/><D35/><U105/><E33/><V116/><F116/><W49/><G102/><T39/><D113/><N who="3" m="43593" /><G66/><N who="0" m="25099" /><D39/><U44/><E1/><V129/><F129/><W92/><G70/><T19/><D42/><U76/><E105/><V41/><F41/><W23/><G23/><T69/><D69/><U56/><REACH who="1" step="1"/><E60/><REACH who="1" ten="336,194,230,230" step="2"/><V62/><F62/><W2/><G2/><T37/><D37/><U88/><E88/><N who="2" m="51247" /><F107/><W80/><G92/><T94/><D94/><U51/><E51/><N who="3" m="19466" /><G80/><T32/><D32/><U0/><E0/><V82/><F82/><W128/><G128/><T135/><D135/><U109/><E109/><V58/><F103/><W93/><G93/><T125/><D95/><U61/><E61/><V36/><F79/><W99/><G99/><T21/><D78/><U101/><E101/><V127/><F77/><W28/><AGARI ba="0,1" hai="20,26,28,84,86" m="19466,43593,51305" machi="28" ten="40,2700,0" yaku="20,1,11,1" doraHai="74" who="3" fromWho="3" sc="336,-7,194,-7,230,-13,230,37" /><INIT seed="3,0,0,0,5,29" ten="329,187,217,267" oya="3" hai0="40,18,125,48,126,88,15,37,104,21,14,71,62" hai1="7,132,77,38,16,130,120,57,6,54,129,76,9" hai2="12,24,4,35,52,58,30,1,94,133,128,117,116" hai3="50,20,124,42,86,13,74,97,26,3,10,106,79"/><W82/><G124/><N who="0" m="47723" /><D104/><U113/><E120/><V53/><F1/><W115/><G115/><T90/><D90/><U118/><E113/><V65/><F133/><W78/><G3/><T66/><D37/><U8/><E38/><V105/><F105/><W73/><G79/><T23/><D88/><U103/><E103/><V75/><F75/><W63/><G63/><T81/><D81/><U17/><E132/><V91/><F128/><W89/><G50/><T32/><D32/><U59/><REACH who="1" step="1"/><E54/><REACH who="1" ten="329,177,217,267" step="2"/><N who="2" m="21099" /><F117/><AGARI ba="0,1" hai="6,7,8,9,16,17,57,59,76,77,117,118,129,130" machi="117" ten="25,6400,0" yaku="1,1,22,2,54,1,53,0" doraHai="29" doraHaiUra="95" who="1" fromWho="2" sc="329,0,177,74,217,-64,267,0" owari="329,42.9,251,-14.9,153,-34.7,267,6.7" /></mjloggm>