<mjloggm ver="2.3"><GO type="225" lobby="0"/><UN n0="%E3%81%BF%E3%81%BF%E3%81%9A" n1="%E7%99%BD%E5%80%89%E5%AF%9B%E4%B9%8B" n2="%E7%89%B9%E6%9D%B1%E3%81%AF%E4%B8%96%E7%95%8C%E3%82%92%E6%95%91%E3%81%86" n3="%E7%9A%AE%E3%80%85" dan="18,16,16,16" rate="2258.08,2116.14,2149.91,2138.34" sx="M,M,M,F"/><TAIKYOKU oya="0"/><INIT seed="0,0,0,0,0,103" ten="250,250,250,250" oya="0" hai0="62,74,23,17,93,78,50,88,38,118,114,105,59" hai1="4,76,68,71,22,96,15,79,42,65,6,7,131" hai2="28,69,58,37,45,94,81,21,125,129,43,19,107" hai3="10,27,110,126,61,123,117,51,9,47,111,80,66"/><T121/><D114/><U18/><E131/><V20/><F69/><W35/><G117/><T115/><D38/><U1/><E1/><V130/><F125/><W91/><G126/><T44/><D115/><U104/><E42/><V33/><F33/><W87/><G123/><T95/><D121/><U86/><E65/><V25/><F81/><W2/><G27/><T14/><D118/><U82/><REACH who="1" step="1"/><E79/><REACH who="1" ten="250,240,250,250" step="2"/><V49/><F130/><W41/><G2/><T97/><D78/><U122/><E122/><V116/><F129/><W132/><G132/><T39/><D39/><U8/><E8/><V106/><F116/><W92/><G10/><T72/><D95/><U46/><E46/><V40/><F94/><W83/><G9/><T124/><D124/><U64/><E64/><V24/><REACH who="2" step="1"/><F40/><REACH who="2" ten="250,240,240,250" step="2"/><W75/><G92/><T34/><D34/><U113/><E113/><V57/><F57/><W90/><G35/><T102/><D59/><U5/><N who="1" m="1024" /><DORA hai="63" /><U134/><E134/><V54/><AGARI ba="0,2" hai="19,20,21,24,25,28,37,43,45,49,54,58,106,107" machi="54" ten="30,12000,2" yaku="1,1,0,1,52,2,53,3" doraHai="103,63" doraHaiUra="70,16" who="2" fromWho="2" sc="250,-60,240,-30,240,140,250,-30" /><INIT seed="1,0,0,1,4,40" ten="190,210,380,220" oya="1" hai0="93,0,80,6,55,127,120,69,63,4,62,66,100" hai1="36,77,91,103,9,71,70,114,79,75,56,68,48" hai2="88,8,86,81,57,25,83,129,18,92,72,12,135" hai3="50,112,13,29,121,41,119,90,11,64,113,3,99"/><U10/><E114/><V122/><F122/><W106/><G121/><T110/><D120/><U32/><E36/><V133/><F129/><W19/><G119/><T132/><D110/><U105/><E32/><V1/><F1/><W123/><G123/><T52/><D132/><N who="2" m="50762" /><F72/><W125/><G125/><T96/><D127/><U31/><E31/><V2/><F2/><W42/><G3/><T59/><D0/><U87/><E75/><V44/><F57/><W54/><G64/><T24/><D55/><U107/><E56/><V16/><F44/><W58/><G29/><T98/><D24/><U74/><E74/><V49/><F49/><W82/><G112/><T76/><REACH who="0" step="1"/><D98/><REACH who="0" ten="180,210,380,220" step="2"/><N who="1" m="61687" /><E71/><V5/><F25/><W67/><G113/><T34/><D34/><U23/><E70/><V35/><F35/><W117/><G117/><T30/><D30/><U116/><E68/><V118/><F118/><W33/><G33/><T95/><D95/><U78/><E116/><V46/><F92/><W45/><G106/><T65/><D65/><U85/><E107/><V126/><F126/><W108/><G108/><T26/><D26/><U27/><E27/><V15/><F15/><W43/><G67/><T53/><D53/><U20/><E87/><AGARI ba="0,1" hai="4,6,52,59,62,63,66,69,76,80,87,93,96,100" machi="87" ten="30,3900,0" yaku="1,1,7,1,54,1,53,0" doraHai="40" doraHaiUra="7" who="0" fromWho="1" sc="180,49,210,-39,380,0,220,0" /><INIT seed="2,0,0,3,3,77" ten="229,171,380,220" oya="2" hai0="61,47,88,41,81,79,121,83,20,53,75,124,16" hai1="70,100,86,113,40,35,123,43,102,63,33,57,104" hai2="85,62,18,90,39,23,44,37,10,130,74,98,19" hai3="31,91,56,3,93,42,13,60,126,11,115,34,129"/><V21/><F74/><W32/><G3/><T71/><D121/><U73/><E73/><V52/><F130/><W133/><G129/><T6/><D6/><U108/><E70/><V76/><F76/><W80/><G133/><T67/><D124/><U36/><E123/><V95/><F10/><W82/><G126/><T105/><D105/><U45/><E113/><V14/><F85/><W50/><G115/><T109/><D109/><U51/><E108/><V94/><F95/><W65/><G31/><T17/><D53/><U2/><E2/><V97/><F97/><N who="3" m="57535" /><G32/><T87/><D20/><U92/><E104/><V119/><F119/><W118/><G34/><T96/><D96/><U72/><E72/><V89/><F89/><W111/><G118/><T7/><D7/><U103/><E36/><AGARI ba="0,0" hai="16,17,36,41,47,61,67,71,75,79,81,83,87,88" machi="36" ten="30,8000,1" yaku="7,1,52,2,54,2" doraHai="77" who="0" fromWho="1" sc="229,80,171,-80,380,0,220,0" /><INIT seed="3,0,0,2,5,73" ten="309,91,380,220" oya="3" hai0="104,90,130,82,19,106,132,69,93,77,108,95,39" hai1="135,60,47,49,75,44,59,126,78,97,72,114,48" hai2="92,56,36,74,40,22,8,58,13,128,134,70,87" hai3="53,3,63,16,24,84,35,26,67,98,85,94,109"/><W76/><G3/><T57/><D69/><U23/><E114/><V30/><F74/><W2/><G2/><T101/><D39/><U34/><E34/><V9/><F70/><W21/><G109/><T118/><D57/><U123/><E123/><V71/><F71/><W62/><G35/><T15/><D118/><U115/><E115/><V116/><F116/><W64/><G53/><T38/><D38/><U7/><E126/><V127/><F128/><W20/><G98/><N who="0" m="59599" /><D19/><U54/><E135/><V111/><F134/><W83/><G94/><T1/><D15/><U5/><E97/><V51/><F36/><W133/><G133/><T42/><D42/><U66/><E23/><V65/><F111/><W14/><G14/><T102/><D1/><U12/><E12/><V120/><F65/><N who="3" m="25163" /><G85/><N who="0" m="48335" /><D130/><U110/><E110/><V33/><F33/><W129/><G129/><T112/><D132/><U4/><E72/><V55/><F40/><W105/><G105/><N who="0" m="40555" /><D112/><U0/><E0/><V107/><F13/><W45/><G45/><T68/><D68/><U113/><E113/><V79/><F56/><W121/><G121/><T27/><D27/><U61/><E75/><V125/><F120/><W89/><G89/><T124/><D124/><U17/><E17/><AGARI ba="0,0" hai="16,17,20,21,24,26,62,63,76,83,84" m="25163" machi="17" ten="30,5800,0" yaku="8,1,52,1,54,1" doraHai="73" who="3" fromWho="1" sc="309,0,91,-58,380,0,220,58" /><INIT seed="3,1,0,5,5,125" ten="309,33,380,278" oya="3" hai0="89,55,63,62,19,16,87,78,34,107,22,6,88" hai1="97,60,50,86,3,58,35,28,21,2,122,14,79" hai2="96,132,67,135,113,121,11,44,26,0,109,24,130" hai3="77,57,91,72,23,56,54,128,114,85,81,112,108"/><W93/><G108/><T83/><D34/><U59/><E122/><V18/><F113/><W49/><G128/><T76/><D107/><U32/><E50/><V36/><F121/><W9/><G9/><T53/><D6/><U61/><E97/><V110/><F130/><W43/><G43/><T5/><D5/><U124/><E124/><V65/><F96/><W42/><G42/><T10/><D10/><U37/><E86/><V17/><F44/><W13/><REACH who="3" step="1"/><G57/><REACH who="3" ten="309,33,380,268" step="2"/><T4/><D4/><U73/><E21/><V47/><F11/><W70/><G70/><T102/><D102/><U116/><E116/><V104/><F47/><W119/><G119/><T31/><D31/><U12/><E28/><V92/><F110/><W15/><G15/><T64/><D89/><U82/><E79/><N who="0" m="30249" /><D19/><AGARI ba="1,1" hai="13,19,23,49,54,56,72,77,81,85,91,93,112,114" machi="19" ten="40,7700,0" yaku="1,1,25,2,53,0" doraHai="125" doraHaiUra="131" who="3" fromWho="0" sc="309,-80,33,0,380,0,268,90" /><INIT seed="3,2,0,2,2,72" ten="229,33,380,358" oya="3" hai0="97,4,134,17,63,104,36,35,94,21,120,127,86" hai1="100,43,10,28,125,26,74,11,2,47,58,3,84" hai2="111,118,110,37,113,90,119,32,12,88,112,126,76" hai3="91,57,78,123,87,62,65,24,124,77,13,92,38"/><W114/><G123/><T6/><D120/><U5/><E125/><V130/><F37/><W71/><G38/><T30/><D36/><U108/><E108/><N who="2" m="41515" /><F126/><W33/><G114/><N who="2" m="44137" /><F130/><W98/><G124/><T116/><D116/><N who="2" m="44586" /><F32/><W129/><G129/><T115/><D35/><U70/><E70/><V133/><F133/><W122/><G122/><T85/><D134/><U7/><E84/><V22/><F76/><N who="3" m="29291" /><G33/><T53/><D127/><U83/><E58/><V96/><F96/><W101/><G71/><T16/><D115/><U66/><E66/><V1/><F1/><W99/><G24/><T41/><D41/><U105/><E26/><V75/><F75/><W29/><G29/><T93/><D104/><U64/><E64/><V14/><F22/><W20/><G101/><T106/><D106/><U50/><E28/><V60/><F60/><W132/><G132/><T44/><D30/><U52/><E105/><V69/><F69/><W49/><G49/><T117/><D117/><U135/><E135/><V0/><F0/><W15/><G20/><T102/><D63/><U80/><E100/><V40/><F40/><W45/><G45/><T23/><D102/><U89/><E74/><V73/><F73/><W39/><G39/><T95/><D44/><U109/><E109/><V9/><F14/><AGARI ba="2,0" hai="13,14,15,57,62,65,87,91,92,98,99" m="29291" machi="14" ten="30,11600,0" yaku="8,1,52,3" doraHai="72" who="3" fromWho="2" sc="229,0,33,0,380,-122,358,122" owari="229,-17.1,33,-46.7,258,5.8,480,58.0" /></mjloggm>