<mjloggm ver="2.3"><GO type="225" lobby="0"/><UN n0="%70%68%65%6E%6F%6D%65" n1="%E3%81%A4%E3%81%A3%E3%81%B1%E3%82%8A%E3%83%9D%E3%83%BC%E3%83%AB" n2="%E9%A6%AC%E5%BC%95%E7%81%AB%33" n3="%E5%B8%86%E7%AB%8B%E5%A4%8F%E8%A1%A3" dan="16,17,16,17" rate="2201.85,2231.57,2061.97,2235.88" sx="M,M,M,M"/><TAIKYOKU oya="0"/><INIT seed="0,0,0,3,1,31" ten="250,250,250,250" oya="0" hai0="89,11,120,107,119,121,65,1,13,51,79,6,96" hai1="67,22,110,84,124,127,42,54,12,91,16,77,30" hai2="23,19,88,28,58,106,7,3,97,98,122,50,123" hai3="99,90,132,63,66,118,59,82,5,111,130,56,94"/><T93/><D119/><U109/><E67/><V37/><F37/><W101/><G111/><N who="1" m="42506" /><E42/><V83/><F28/><W53/><G130/><T100/><D65/><U73/><E54/><V125/><F125/><N who="1" m="48201" /><E30/><V17/><F106/><W40/><G132/><T39/><D39/><U46/><E46/><V32/><F32/><W69/><G118/><T102/><D79/><U114/><E114/><V41/><F3/><W60/><G5/><T36/><D36/><U71/><E71/><V113/><F7/><W33/><G33/><T70/><D70/><U18/><E18/><V9/><F113/><W104/><G40/><T68/><D68/><U117/><E117/><V105/><F105/><W126/><G126/><T72/><D72/><U0/><E0/><V62/><F9/><W48/><G104/><T87/><D102/><U92/><E77/><V75/><F17/><W76/><G69/><T74/><D74/><AGARI ba="0,0" hai="12,16,22,73,74,84,91,92" m="48201,42506" machi="74" ten="30,3900,0" yaku="14,1,18,1,54,1" doraHai="31" who="1" fromWho="0" sc="250,-39,250,39,250,0,250,0" /><INIT seed="1,0,0,2,3,31" ten="211,289,250,250" oya="1" hai0="48,78,43,105,1,51,107,92,115,56,28,29,124" hai1="95,11,21,74,24,39,42,49,64,135,119,102,3" hai2="20,121,46,40,100,125,0,26,13,79,90,75,37" hai3="17,91,112,114,130,97,93,25,16,123,63,23,66"/><U59/><E119/><V134/><F121/><W58/><G130/><T76/><D115/><U110/><E74/><V67/><F125/><W83/><G123/><T133/><D124/><U34/><E39/><V70/><F134/><W62/><G17/><T99/><D1/><U86/><E135/><V129/><F129/><W132/><G132/><T128/><D133/><U61/><E34/><V22/><F0/><W54/><G83/><T71/><D71/><AGARI ba="0,0" hai="16,23,25,54,58,62,63,66,71,91,93,97,112,114" machi="71" ten="30,7700,0" yaku="7,1,25,2,54,1" doraHai="31" who="3" fromWho="0" sc="211,-77,289,0,250,0,250,77" /><INIT seed="2,0,0,0,2,127" ten="134,289,250,327" oya="2" hai0="125,115,88,130,52,97,50,13,0,63,91,122,4" hai1="105,19,114,94,131,112,31,79,119,132,9,8,58" hai2="109,106,28,55,110,108,68,134,100,33,71,67,27" hai3="103,69,75,24,93,126,23,7,129,44,21,15,73"/><V51/><F134/><W49/><G129/><T29/><D125/><U18/><E105/><V35/><F35/><W66/><G126/><T26/><D122/><U78/><E58/><V81/><F67/><W85/><G69/><T82/><D115/><U53/><E53/><V86/><F100/><W120/><G66/><T37/><D37/><U59/><E59/><N who="2" m="33279" /><F106/><W124/><G120/><T16/><D63/><U116/><E94/><V98/><F98/><N who="3" m="59855" /><G75/><T1/><D130/><U87/><E87/><V5/><F5/><W3/><G3/><T118/><D118/><U117/><E31/><V25/><F27/><W6/><G73/><T65/><D65/><U61/><E61/><V92/><F92/><W80/><G124/><T101/><D4/><N who="3" m="1577" /><G15/><T42/><D42/><U72/><E72/><V83/><F83/><W90/><G24/><T46/><D1/><U99/><E99/><V133/><F133/><W95/><G80/><T48/><D48/><U113/><E131/><V77/><AGARI ba="0,0" hai="25,28,33,68,71,77,81,86,108,109,110" m="33279" machi="77" ten="30,3000,0" yaku="14,1,10,1" doraHai="127" who="2" fromWho="2" sc="134,-10,289,-10,250,30,327,-10" /><INIT seed="2,1,0,1,4,132" ten="124,279,280,317" oya="2" hai0="111,66,69,128,29,25,61,94,84,101,117,0,129" hai1="122,4,95,73,33,27,80,9,99,58,102,105,87" hai2="7,20,71,34,74,65,43,109,52,15,96,121,76" hai3="93,6,67,10,47,123,64,126,134,108,118,35,55"/><V89/><F121/><W78/><G126/><T125/><D111/><U46/><E122/><V104/><F34/><W41/><G108/><T103/><D0/><U90/><E46/><V13/><F109/><W119/><G35/><T42/><D117/><U2/><E58/><V37/><F43/><W39/><G123/><T85/><D42/><U18/><E33/><V131/><F37/><W8/><G8/><T114/><D114/><U75/><E27/><V98/><F131/><W24/><G24/><T19/><D19/><U82/><E18/><V30/><F104/><W14/><G134/><T12/><D12/><U23/><E23/><V91/><F74/><W112/><G112/><T50/><D50/><U5/><E5/><V83/><F71/><W3/><G14/><N who="2" m="5129" /><F65/><N who="3" m="25163" /><G93/><T45/><D45/><U21/><E21/><V40/><F40/><W68/><G55/><T60/><D60/><U53/><E53/><V133/><F7/><W77/><G68/><T54/><D54/><U16/><E16/><V32/><F32/><W22/><G22/><N who="0" m="15543" /><D125/><U130/><E130/><N who="0" m="50281" /><D94/><U79/><E82/><V127/><F127/><W56/><G56/><T63/><D63/><U44/><E44/><V62/><F133/><W92/><G92/><T48/><D48/><U135/><E135/><V120/><F120/><W70/><G70/><T28/><D28/><U116/><E116/><V11/><F11/><W17/><G17/><T86/><AGARI ba="1,0" hai="61,66,69,84,85,86,101,103" m="50281,15543" machi="86" ten="30,1100,0" yaku="19,1" doraHai="132" who="0" fromWho="0" sc="124,14,279,-4,280,-6,317,-4" /><INIT seed="3,0,0,0,5,59" ten="138,275,274,313" oya="3" hai0="63,134,116,52,130,96,28,53,42,84,37,78,69" hai1="95,31,56,103,115,85,35,114,61,0,70,9,6" hai2="7,128,97,72,17,117,135,86,51,45,129,38,126" hai3="91,93,62,113,27,67,15,13,18,47,75,66,124"/><W50/><G124/><T79/><D28/><U54/><E70/><V73/><F126/><W74/><G74/><T81/><D116/><U82/><E31/><V2/><F135/><W40/><G75/><T121/><D121/><U80/><E35/><V77/><F117/><W33/><G113/><T36/><D134/><U87/><E82/><N who="2" m="47439" /><F38/><W43/><G43/><T94/><D79/><U104/><E104/><V10/><F97/><W76/><G76/><T32/><D32/><U8/><E8/><V100/><F17/><W123/><G123/><T55/><D130/><N who="2" m="50282" /><F100/><W110/><G110/><T101/><REACH who="0" step="1"/><D42/><AGARI ba="0,0" hai="2,7,10,42,45,51,72,73" m="50282,47439" machi="42" ten="30,1000,0" yaku="19,1" doraHai="59" who="2" fromWho="0" sc="138,-10,275,0,274,10,313,0" owari="128,-37.2,275,-12.5,284,8.4,313,41.3" /></mjloggm>