<mjloggm ver="2.3"><GO type="225" lobby="0"/><UN n0="%4C%4F%4C%49%54%41" n1="%E6%81%A5%E6%99%92%E3%81%97" n2="%E7%99%BD%E5%80%89%E5%AF%9B%E4%B9%8B" n3="%E7%AB%8B%E8%8A%B1%E9%9F%BF" dan="16,16,16,17" rate="2096.59,2132.35,2125.09,2193.14" sx="F,M,M,F"/><TAIKYOKU oya="0"/><INIT seed="0,0,0,4,0,73" ten="250,250,250,250" oya="0" hai0="70,37,91,120,4,77,124,27,19,79,83,86,98" hai1="110,117,113,132,10,11,40,8,41,81,92,56,0" hai2="115,50,116,24,102,78,60,93,32,44,43,90,13" hai3="85,25,12,1,59,29,23,133,127,42,65,88,57"/><T22/><D120/><U128/><E117/><V129/><F116/><W5/><G1/><T125/><D37/><U63/><E110/><V76/><F115/><W33/><G133/><T39/><D39/><U55/><E132/><V61/><F129/><W72/><G72/><T15/><D70/><U74/><E128/><V35/><F102/><W121/><G121/><T119/><D119/><U2/><E113/><V109/><F109/><W7/><G42/><T67/><D67/><U103/><E2/><V45/><F45/><W52/><G127/><N who="0" m="48715" /><D98/><N who="1" m="59847" /><E74/><V89/><F89/><W100/><G100/><T26/><D4/><U36/><E0/><V95/><F95/><N who="3" m="54671" /><G33/><T49/><D49/><U6/><E36/><V126/><F126/><W130/><G12/><T131/><D131/><U20/><E6/><V97/><F35/><W47/><G47/><T66/><D66/><U87/><E20/><V135/><F135/><W14/><G14/><T31/><D26/><U18/><E18/><V54/><F43/><W9/><G9/><AGARI ba="0,0" hai="9,15,19,22,27,31,77,79,83,86,91" m="48715" machi="9" ten="30,5800,0" yaku="18,1,52,2" doraHai="73" who="0" fromWho="3" sc="250,58,250,0,250,0,250,-58" /><INIT seed="0,1,0,5,0,92" ten="308,250,250,192" oya="0" hai0="104,95,29,44,81,74,115,34,87,42,11,36,122" hai1="103,86,4,75,47,100,64,126,56,50,39,72,37" hai2="99,15,30,53,45,89,128,107,3,125,112,41,1" hai3="23,90,73,26,135,6,111,20,13,76,14,12,80"/><T77/><D115/><U129/><E126/><V61/><F112/><W83/><G111/><T10/><D122/><U8/><E129/><V94/><F128/><W108/><G108/><T127/><D127/><U18/><E39/><V69/><F125/><W48/><G135/><T121/><D121/><U25/><E37/><V63/><F107/><W49/><G6/><T98/><D29/><U27/><E75/><V130/><F130/><W134/><G134/><T88/><D34/><U28/><E72/><V109/><F109/><W106/><G106/><T84/><D87/><U33/><E86/><V17/><F30/><W96/><G80/><T67/><D67/><U79/><E79/><V7/><F7/><W113/><G113/><T102/><AGARI ba="1,0" hai="10,11,36,42,44,74,77,81,84,88,95,98,102,104" machi="102" ten="30,12000,1" yaku="0,1,24,2,52,1,54,1" doraHai="92" who="0" fromWho="0" sc="308,123,250,-41,250,-41,192,-41" /><INIT seed="0,2,0,1,2,97" ten="431,209,209,151" oya="0" hai0="34,129,99,124,88,112,107,69,60,9,81,95,4" hai1="111,117,93,91,49,58,40,98,122,135,84,21,48" hai2="109,59,103,83,13,125,11,32,19,85,20,134,110" hai3="46,43,15,57,115,116,76,1,12,56,23,53,113"/><T128/><D112/><U22/><E117/><V121/><F32/><W52/><G1/><T94/><D34/><U27/><E135/><V24/><F121/><W37/><G76/><T41/><D124/><U133/><E133/><V100/><F134/><W5/><G116/><T55/><D41/><U74/><E74/><V132/><F132/><W104/><G104/><T26/><D26/><U14/><E111/><N who="2" m="42507" /><F59/><W16/><G5/><T87/><D55/><U79/><E122/><V38/><F38/><W73/><G73/><T102/><D60/><U78/><E40/><V63/><F63/><W51/><REACH who="3" step="1"/><G12/><REACH who="3" ten="431,209,209,141" step="2"/><N who="0" m="5159" /><D69/><U18/><E79/><N who="2" m="46335" /><F125/><W105/><G105/><T71/><D71/><U101/><E78/><V0/><F0/><W50/><AGARI ba="2,1" hai="15,16,23,37,43,46,50,51,52,53,56,57,113,115" machi="50" ten="20,12000,2" yaku="1,1,0,1,7,1,9,1,54,2,53,0" doraHai="97" doraHaiUra="64" who="3" fromWho="3" sc="431,-62,209,-32,209,-32,141,136" /><INIT seed="1,0,0,5,1,121" ten="369,177,177,277" oya="1" hai0="91,33,48,13,134,78,61,31,69,32,97,104,26" hai1="60,58,40,21,123,110,27,109,24,25,55,108,23" hai2="87,79,0,9,41,96,45,101,65,39,22,93,117" hai3="37,11,14,75,125,12,118,34,90,16,106,43,36"/><U52/><E123/><V7/><F117/><W10/><G118/><T135/><D78/><U124/><E124/><V80/><F65/><W111/><G125/><T63/><D48/><U113/><E113/><V59/><F59/><W127/><G127/><T107/><D32/><U42/><E55/><V15/><F22/><AGARI ba="0,0" hai="21,22,23,24,25,27,40,42,52,58,60,108,109,110" machi="22" ten="50,18000,2" yaku="14,1,10,1,52,3,54,1" doraHai="121" who="1" fromWho="2" sc="369,0,177,180,177,-180,277,0" owari="369,46.9,357,15.7,-3,-50.3,277,-12.3" /></mjloggm>