<mjloggm ver="2.3"><GO type="225" lobby="0"/><UN n0="%E3%81%AD%E3%82%80%E3%81%84%40%E9%9B%80%E9%B3%B4%E4%BC%9A" n1="%E5%B8%86%E7%AB%8B%E5%A4%8F%E8%A1%A3" n2="%E3%83%96%E3%83%83%E3%83%91%E3%82%AA%E3%83%96%E3%83%81%E3%82%AD%E3%83%B3" n3="%E3%81%BF%E3%81%BF%E3%81%9A" dan="16,17,16,17" rate="2184.85,2263.42,2132.70,2215.19" sx="F,M,M,M"/><TAIKYOKU oya="0"/><INIT seed="0,0,0,4,2,105" ten="250,250,250,250" oya="0" hai0="64,8,88,52,100,121,129,20,27,69,47,61,102" hai1="15,73,41,126,120,98,23,108,115,65,35,110,111" hai2="97,19,22,16,135,114,107,87,57,134,31,38,70" hai3="10,34,71,9,90,94,123,55,95,132,124,58,2"/><T89/><D121/><U122/><E35/><V103/><F114/><W84/><G71/><T80/><D129/><U82/><E115/><V51/><F70/><W30/><G123/><N who="1" m="47146" /><E126/><V66/><F38/><W13/><G124/><T43/><D8/><U24/><E41/><V63/><F51/><W85/><G132/><N who="2" m="50729" /><F87/><W53/><G2/><T83/><D83/><U128/><E128/><V130/><F130/><W6/><G34/><T28/><D52/><N who="3" m="20041" /><G30/><T36/><REACH who="0" step="1"/><D80/><REACH who="0" ten="240,250,250,250" step="2"/><U45/><E82/><V125/><F125/><W56/><G10/><T109/><D109/><U118/><E111/><V59/><F59/><N who="3" m="22571" /><G95/><T92/><D92/><U93/><E110/><V50/><F57/><W32/><G32/><T11/><D11/><U33/><E108/><V99/><F107/><W96/><AGARI ba="0,1" hai="6,9,13,84,85,90,94,96" m="22571,20041" machi="96" ten="30,2000,0" yaku="8,1,54,1" doraHai="105" who="3" fromWho="3" sc="240,-10,250,-5,250,-5,250,30" /><INIT seed="1,0,0,0,4,57" ten="230,245,245,280" oya="1" hai0="59,61,93,103,16,8,91,47,109,69,77,88,86" hai1="14,125,6,49,25,118,29,128,123,48,64,19,107" hai2="94,63,92,62,100,119,36,130,95,72,129,51,87" hai3="46,117,74,131,52,44,3,75,39,83,98,105,126"/><U15/><E118/><V50/><F36/><W70/><G70/><T106/><D69/><U27/><E123/><V89/><F72/><W76/><G117/><T43/><D109/><U20/><E125/><V58/><F119/><W24/><G126/><T53/><D77/><U97/><E128/><N who="2" m="49259" /><F58/><W35/><G131/><T81/><D106/><U85/><E64/><V114/><F114/><W5/><G75/><T7/><D103/><U82/><E107/><V120/><F120/><W78/><G78/><T56/><D56/><U33/><E97/><N who="2" m="59455" /><F94/><W10/><G105/><T80/><D91/><U79/><E6/><V134/><F134/><W66/><G98/><T101/><D101/><U124/><E124/><V122/><F122/><W4/><G4/><T67/><D67/><U84/><E84/><V90/><F90/><W32/><G66/><T96/><D86/><U30/><REACH who="1" step="1"/><E15/><REACH who="1" ten="230,235,245,280" step="2"/><V42/><F42/><N who="3" m="22623" /><G24/><T110/><D7/><U65/><E65/><V112/><F112/><W28/><G5/><T54/><D43/><U104/><E104/><V9/><F9/><AGARI ba="0,1" hai="9,14,19,20,25,27,29,30,33,48,49,79,82,85" machi="9" ten="30,5800,0" yaku="1,1,7,1,53,1" doraHai="57" doraHaiUra="12" who="1" fromWho="2" sc="230,0,235,68,245,-58,280,0" /><INIT seed="1,1,0,2,4,11" ten="230,303,187,280" oya="1" hai0="52,87,45,74,99,6,127,103,120,93,57,61,63" hai1="28,113,67,78,81,32,92,40,65,71,105,4,79" hai2="132,75,59,94,46,82,49,50,64,107,12,58,90" hai3="73,80,3,122,25,126,48,1,114,117,56,44,10"/><U31/><E113/><V17/><F132/><W39/><G114/><T123/><D74/><U38/><E105/><V88/><F107/><W109/><G122/><N who="0" m="46635" /><D127/><U125/><E125/><V26/><F26/><W27/><G126/><T89/><D45/><U8/><E78/><V111/><F111/><W23/><G109/><T98/><D6/><U14/><E92/><V85/><F75/><W130/><G130/><T29/><D29/><U108/><E108/><V20/><F64/><W115/><G115/><T95/><D99/><U54/><E54/><V51/><REACH who="2" step="1"/><F46/><REACH who="2" ten="230,303,177,280" step="2"/><W69/><G44/><T37/><D37/><U47/><E65/><V112/><F112/><W133/><G27/><T36/><D36/><U15/><E67/><V101/><F101/><W19/><G25/><T66/><D66/><U7/><E71/><V2/><F2/><W18/><G1/><T60/><AGARI ba="1,1" hai="52,57,60,61,63,87,89,93,95,98,103" m="46635" machi="60" ten="30,2000,0" yaku="13,1,54,1" doraHai="11" who="0" fromWho="0" sc="230,33,303,-11,177,-6,280,-6" /><INIT seed="2,0,0,3,4,129" ten="263,292,171,274" oya="2" hai0="21,4,5,76,28,81,87,47,61,90,133,107,1" hai1="118,96,7,55,60,3,120,106,124,64,39,127,110" hai2="13,115,0,131,31,102,84,57,130,100,11,83,116" hai3="53,72,89,128,73,62,34,95,16,119,35,75,46"/><V59/><F115/><W82/><G119/><T122/><D122/><U42/><E110/><V41/><F116/><W63/><G128/><N who="2" m="49193" /><F0/><W52/><G82/><T134/><D107/><U80/><E118/><V113/><F113/><W108/><G108/><T51/><D61/><U104/><E120/><V20/><F41/><W65/><G16/><T105/><D105/><U18/><E18/><N who="2" m="8511" /><F31/><W92/><G46/><T79/><D28/><U6/><E55/><V38/><F20/><W10/><G10/><N who="0" m="2319" /><D5/><U56/><E7/><V22/><F22/><W37/><G73/><T19/><D19/><U94/><E6/><V30/><F30/><W23/><G23/><T17/><D17/><U109/><E3/><V103/><F38/><W114/><G114/><T27/><D21/><U33/><E33/><V132/><F132/><N who="0" m="50794" /><D27/><U111/><E111/><V54/><F54/><AGARI ba="0,0" hai="47,51,54,76,79,81,87,90" m="50794,2319" machi="54" ten="30,7700,0" yaku="20,1,52,3" doraHai="129" who="0" fromWho="2" sc="263,77,292,0,171,-77,274,0" /><INIT seed="3,0,0,2,4,50" ten="340,292,94,274" oya="3" hai0="56,14,29,126,6,60,36,111,69,10,15,81,127" hai1="32,97,71,67,89,78,27,40,116,113,24,21,131" hai2="98,18,17,35,82,5,95,49,33,2,134,105,70" hai3="13,108,23,63,58,112,99,135,96,19,109,120,76"/><W68/><G112/><T117/><D117/><U110/><E113/><V25/><F70/><W104/><G120/><T1/><D111/><N who="3" m="42569" /><G135/><T16/><D69/><U57/><E71/><V122/><F134/><W88/><G76/><T12/><D36/><U53/><E131/><V128/><F122/><W125/><G125/><N who="0" m="47627" /><D29/><U80/><E110/><V115/><F128/><W121/><G121/><T7/><D7/><U75/><BYE who="2" /><E40/><V79/><F79/><W77/><G77/><T62/><D81/><U130/><E130/><V39/><F39/><W47/><G68/><T20/><D62/><U118/><E67/><AGARI ba="0,0" hai="1,6,10,12,14,15,16,20,56,60,67" m="47627" machi="67" ten="30,2000,0" yaku="18,1,54,1" doraHai="50" who="0" fromWho="1" sc="340,20,292,-20,94,0,274,0" owari="360,46.0,272,-12.8,94,-40.6,274,7.4" /></mjloggm>