<mjloggm ver="2.3"><GO type="225" lobby="0"/><UN n0="%E5%85%88%E7%89%A9%E3%81%AF%74%72%61%73%68" n1="%E6%A1%9C%E8%8A%B1%E9%96%83%E3%80%85" n2="%EF%BC%AE%EF%BC%A1%EF%BC%AF%33%33%39" n3="%E5%8D%A0%E3%81%84%E5%B8%AB%E8%A3%8F%E3%81%AA%E3%81%84%E3%81%97" dan="17,16,16,17" rate="2156.97,2128.68,2098.52,2188.52" sx="M,M,M,M"/><TAIKYOKU oya="0"/><INIT seed="0,0,0,0,2,49" ten="250,250,250,250" oya="0" hai0="130,14,24,66,94,77,84,105,73,103,45,3,6" hai1="39,12,5,128,25,79,102,8,115,116,98,106,62" hai2="13,50,134,46,17,31,1,2,4,58,87,109,125" hai3="120,88,113,37,20,95,126,123,48,110,104,107,97"/><T72/><D130/><U56/><E116/><V96/><F31/><W41/><G37/><T131/><D131/><U75/><E128/><V33/><F33/><W60/><G113/><T93/><D3/><U7/><E39/><V112/><F112/><W91/><G60/><T121/><D121/><N who="3" m="46665" /><G110/><T53/><D66/><U43/><E43/><V78/><F4/><W135/><G135/><T71/><D71/><U55/><E115/><V63/><F96/><N who="3" m="57447" /><G20/><T114/><D114/><U40/><E40/><V26/><F109/><W65/><G65/><T69/><D69/><U101/><E101/><V27/><F134/><W15/><G15/><T38/><D38/><U74/><E5/><V76/><F2/><W122/><N who="3" m="46673" /><W0/><DORA hai="52" /><G0/><T42/><D14/><U10/><E10/><V89/><F1/><W47/><G126/><T19/><D6/><U100/><E100/><V34/><F125/><W32/><G32/><T133/><D103/><U28/><REACH who="1" step="1"/><E79/><REACH who="1" ten="250,240,250,250" step="2"/><V29/><F78/><W118/><G118/><T86/><D77/><U129/><E129/><V9/><F76/><W35/><G35/><AGARI ba="0,1" hai="7,8,12,25,28,35,55,56,62,74,75,98,102,106" machi="35" ten="30,7700,0" yaku="1,1,7,1,52,2,53,0" doraHai="49,52" doraHaiUra="108,132" who="1" fromWho="3" sc="250,0,240,87,250,0,250,-77" /><INIT seed="1,0,0,0,2,128" ten="250,327,250,173" oya="1" hai0="43,125,121,53,54,40,5,131,73,38,122,119,76" hai1="6,19,26,24,113,114,17,112,134,30,117,68,42" hai2="18,75,132,65,111,47,85,103,81,91,36,74,93" hai3="50,56,51,89,123,83,84,130,66,109,23,60,29"/><U21/><E68/><V41/><F65/><W106/><G123/><N who="0" m="47115" /><D119/><U98/><E42/><N who="0" m="15913" /><D131/><U72/><E72/><V79/><F111/><W120/><G109/><T95/><D5/><U15/><E98/><V11/><F103/><W115/><G130/><T45/><D125/><U48/><E48/><V13/><F132/><W34/><G115/><T78/><D95/><U90/><E90/><V32/><REACH who="2" step="1"/><F32/><REACH who="2" ten="250,327,240,173" step="2"/><W105/><G34/><T55/><D38/><U129/><E129/><V3/><F3/><W16/><G120/><T1/><D1/><U61/><E117/><V101/><F101/><W118/><G118/><T9/><D9/><N who="1" m="4535" /><E61/><V10/><F10/><W7/><G7/><T107/><D107/><U110/><E110/><V88/><F88/><W31/><G106/><T2/><D2/><U20/><E134/><V135/><F135/><W49/><REACH who="3" step="1"/><G105/><REACH who="3" ten="250,327,240,163" step="2"/><T126/><D126/><U28/><AGARI ba="0,2" hai="17,19,20,21,24,26,28,30,112,113,114" m="4535" machi="28" ten="40,3900,0" yaku="34,2" doraHai="128" who="1" fromWho="1" sc="250,-13,327,59,240,-13,163,-13" /><INIT seed="1,1,0,0,2,63" ten="237,386,227,150" oya="1" hai0="120,22,97,29,122,74,75,77,48,130,88,36,78" hai1="61,40,58,103,115,76,64,65,106,132,68,60,131" hai2="113,19,83,92,119,91,114,17,66,71,127,6,23" hai3="46,84,69,95,72,98,107,38,3,47,31,82,111"/><U70/><E76/><N who="0" m="29289" /><D36/><U56/><E115/><V11/><F119/><W126/><G111/><T109/><D109/><U26/><E131/><V85/><F127/><W89/><G126/><T14/><D130/><U108/><E108/><V134/><F134/><W32/><G72/><T128/><D128/><U16/><E132/><V4/><F83/><W13/><G3/><T90/><D48/><U21/><E40/><V5/><F11/><W7/><G107/><T30/><D14/><U33/><E33/><V9/><F9/><W133/><G133/><T52/><D22/><U0/><E0/><V117/><F117/><W118/><G118/><T79/><D79/><U8/><E8/><V25/><REACH who="2" step="1"/><F19/><REACH who="2" ten="237,386,217,150" step="2"/><W49/><G38/><T93/><D75/><U124/><E124/><V54/><F54/><W100/><G7/><T99/><D52/><U41/><E41/><V94/><F94/><W101/><G69/><T102/><D74/><U129/><E129/><V59/><F59/><W12/><G46/><T20/><D122/><U62/><E62/><AGARI ba="1,1" hai="4,5,6,17,23,25,62,66,71,85,91,92,113,114" machi="62" ten="40,5200,0" yaku="1,1,52,1,53,1" doraHai="63" doraHaiUra="87" who="2" fromWho="1" sc="237,0,386,-55,217,65,150,0" /><INIT seed="2,0,0,0,2,134" ten="237,331,282,150" oya="2" hai0="106,78,82,0,101,96,47,34,117,49,24,11,86" hai1="119,58,79,33,52,100,124,32,21,109,53,122,121" hai2="4,60,90,91,70,57,95,85,23,132,13,72,37" hai3="102,56,62,104,44,113,31,25,40,68,46,130,114"/><V131/><F37/><W77/><G130/><T118/><D34/><U110/><E119/><V73/><F70/><W35/><G77/><T107/><D24/><U65/><E79/><V88/><F131/><W99/><G46/><T45/><D107/><U12/><E100/><V89/><F132/><W61/><G56/><T84/><D84/><U97/><E97/><V80/><F95/><W71/><G61/><T43/><D0/><U28/><E65/><V74/><F23/><W48/><REACH who="3" step="1"/><G71/><REACH who="3" ten="237,331,282,140" step="2"/><T93/><D47/><U87/><E58/><V66/><F72/><W20/><G20/><T98/><D11/><U135/><E135/><V64/><F64/><AGARI ba="0,1" hai="25,31,35,40,44,48,62,64,68,99,102,104,113,114" machi="64" ten="40,5200,0" yaku="1,1,25,2,53,0" doraHai="134" doraHaiUra="18" who="3" fromWho="2" sc="237,0,331,0,282,-52,140,62" /><INIT seed="3,0,0,2,5,41" ten="237,331,230,202" oya="3" hai0="131,44,119,53,126,9,42,128,54,73,58,120,114" hai1="43,3,130,76,85,84,79,93,57,2,134,97,66" hai2="72,108,133,13,63,124,6,33,105,104,109,21,135" hai3="28,10,113,50,64,90,87,11,92,49,19,4,29"/><W17/><G113/><T23/><D119/><U107/><E107/><N who="2" m="41035" /><F72/><W14/><G64/><T32/><D32/><U60/><E130/><N who="0" m="49705" /><D73/><U88/><E134/><N who="2" m="51211" /><F33/><W7/><G19/><T25/><D120/><U18/><E43/><V83/><F83/><W99/><G17/><T24/><D126/><U96/><E18/><N who="2" m="10447" /><F124/><W82/><G28/><N who="0" m="17439" /><D25/><U56/><E56/><V27/><F27/><W46/><G29/><T69/><D69/><U45/><E60/><V86/><F86/><W89/><REACH who="3" step="1"/><G46/><REACH who="3" ten="237,331,230,192" step="2"/><T0/><D114/><U5/><E66/><V26/><F6/><W62/><G62/><T122/><D122/><U67/><E5/><V1/><F63/><W59/><G59/><T22/><D58/><U115/><E57/><V55/><F26/><W51/><G51/><T20/><D22/><U35/><E67/><V94/><F1/><AGARI ba="0,1" hai="1,4,7,10,11,14,49,50,82,87,89,90,92,99" machi="1" ten="30,2900,0" yaku="1,1,7,1,53,0" doraHai="41" doraHaiUra="125" who="3" fromWho="2" sc="237,0,331,0,230,-29,192,39" /><INIT seed="3,1,0,3,4,69" ten="237,331,201,231" oya="3" hai0="44,89,102,66,23,58,133,73,128,3,87,78,27" hai1="100,105,129,86,127,103,98,106,33,104,59,24,52" hai2="25,115,75,48,0,6,56,85,22,84,30,21,15" hai3="18,60,99,119,94,76,131,90,38,107,47,43,93"/><W77/><G119/><T62/><D3/><U10/><E129/><V91/><F75/><W71/><G131/><T7/><D128/><U28/><E127/><V31/><F115/><W80/><G107/><T49/><D7/><U109/><E109/><V8/><F0/><W54/><G93/><T16/><D133/><U116/><E116/><V34/><F34/><W68/><G77/><T123/><D123/><U117/><E117/><V20/><F30/><W26/><G80/><T110/><D110/><U135/><E135/><V53/><REACH who="2" step="1"/><F84/><REACH who="2" ten="237,331,191,231" step="2"/><W124/><G124/><T5/><D87/><U36/><E28/><V19/><F19/><W50/><G76/><T72/><D78/><U55/><E33/><V134/><F134/><W82/><G82/><AGARI ba="1,1" hai="6,8,15,20,21,22,25,31,48,53,56,82,85,91" machi="82" ten="30,7700,0" yaku="1,1,7,1,8,1,53,1" doraHai="69" doraHaiUra="1" who="2" fromWho="3" sc="237,0,331,0,191,90,231,-80" owari="237,-16.3,331,43.1,281,8.1,151,-34.9" /></mjloggm>