<mjloggm ver="2.3"><GO type="225" lobby="0"/><UN n0="%E6%9C%88%E5%B3%B6%E5%9F%BA" n1="%E6%81%A5%E6%99%92%E3%81%97" n2="%65%78%69%73%74%2D%79" n3="%E6%97%A5%E6%9B%9C%E6%97%A5%E3%82%88%E3%82%8A%E3%81%AE%E4%BD%BF%E8%80%85" dan="16,16,16,17" rate="2149.18,2077.96,2052.30,2203.17" sx="M,M,M,M"/><TAIKYOKU oya="0"/><INIT seed="0,0,0,0,2,72" ten="250,250,250,250" oya="0" hai0="78,33,45,117,11,57,116,66,123,76,10,113,2" hai1="6,73,21,19,15,13,58,112,25,108,64,68,40" hai2="94,79,129,9,131,96,109,62,125,3,54,0,43" hai3="30,102,70,134,31,4,95,130,133,12,16,118,124"/><T52/><D113/><U18/><E108/><V50/><F109/><W63/><G118/><T1/><D123/><U87/><E73/><V88/><F125/><W97/><G124/><T53/><D33/><U103/><E112/><V48/><F62/><W105/><G4/><T115/><D115/><U61/><E40/><V99/><F99/><W42/><G42/><T59/><D45/><U7/><E103/><V132/><F132/><N who="3" m="50795" /><G130/><N who="2" m="49673" /><F9/><N who="3" m="6159" /><G105/><T8/><D8/><U107/><E107/><V128/><N who="2" m="49681" /><V56/><DORA hai="69" /><F79/><W106/><G106/><T86/><D86/><U84/><E68/><V74/><F74/><W28/><G63/><T80/><D80/><U27/><E6/><V55/><F43/><W81/><G70/><T92/><D92/><U121/><E7/><V67/><F67/><AGARI ba="0,0" hai="1,2,10,11,52,53,57,59,66,67,76,78,116,117" machi="67" ten="25,12000,1" yaku="22,2,52,2,54,1" doraHai="72,69" who="0" fromWho="2" sc="250,120,250,0,250,-120,250,0" /><INIT seed="0,1,0,0,5,119" ten="370,250,130,250" oya="0" hai0="38,47,12,9,121,129,125,39,30,134,110,109,105" hai1="73,91,22,74,89,81,43,7,26,68,86,56,16" hai2="1,100,57,13,54,77,67,111,3,49,126,58,90" hai3="14,37,133,80,85,106,132,42,35,17,88,2,71"/><T61/><D105/><U98/><E68/><V127/><F111/><N who="0" m="42506" /><D134/><N who="3" m="51817" /><G2/><N who="2" m="521" /><F77/><W122/><G71/><T46/><D129/><U44/><E7/><V120/><F100/><W113/><G35/><T135/><D135/><U63/><E98/><V87/><F67/><W76/><G113/><T65/><D30/><U33/><E33/><V10/><F58/><W29/><G29/><T4/><D125/><N who="2" m="47626" /><F90/><W123/><G106/><T130/><D130/><U24/><E24/><V41/><F87/><W18/><G76/><T32/><D32/><U92/><E91/><V128/><F41/><W116/><G116/><T96/><D96/><U102/><E102/><V19/><F128/><W23/><G18/><T103/><D103/><U8/><E8/><N who="2" m="6567" /><F120/><W6/><G6/><T75/><D75/><U84/><E84/><V115/><F10/><W45/><AGARI ba="1,0" hai="14,17,23,37,42,45,80,85,88,122,123" m="51817" machi="45" ten="30,7900,0" yaku="20,1,52,2,54,1" doraHai="119" who="3" fromWho="3" sc="370,-40,250,-21,130,-21,250,82" /><INIT seed="1,0,0,1,5,84" ten="330,229,109,332" oya="1" hai0="45,44,127,22,24,55,47,123,48,107,57,74,20" hai1="104,15,76,42,53,14,17,122,102,64,49,73,30" hai2="27,39,90,70,43,58,118,65,130,6,132,61,25" hai3="11,31,46,114,5,32,92,36,23,85,117,62,80"/><U50/><E122/><V81/><F118/><W100/><G32/><T10/><D123/><U75/><E64/><V37/><F130/><W33/><G33/><T88/><D74/><U59/><E30/><V13/><F132/><W38/><G114/><T110/><D107/><U120/><E120/><V112/><F112/><W7/><G62/><T77/><D110/><U68/><E68/><V9/><F70/><W96/><G117/><T101/><D127/><U29/><E29/><V18/><F43/><W93/><G93/><T105/><D77/><U83/><E14/><V109/><F109/><W94/><G94/><T121/><D121/><U2/><E2/><V133/><F133/><W41/><G36/><T95/><D10/><U34/><E34/><V108/><F108/><W0/><G5/><T40/><D40/><U115/><E115/><V131/><F131/><W113/><G113/><T12/><D12/><U125/><E125/><V3/><F39/><W98/><G98/><T126/><D126/><U78/><E102/><V82/><F82/><W72/><G72/><T56/><D56/><U21/><E104/><V67/><F67/><W97/><G97/><T111/><D111/><U69/><E69/><V135/><F37/><W28/><REACH who="3" step="1"/><G23/><REACH who="3" ten="330,229,109,322" step="2"/><T19/><D22/><U63/><REACH who="1" step="1"/><E42/><REACH who="1" ten="330,219,109,322" step="2"/><V8/><REACH who="2" step="1"/><F135/><REACH who="2" ten="330,219,99,322" step="2"/><W134/><G134/><T16/><D105/><U66/><E66/><V129/><F129/><W86/><G86/><AGARI ba="0,3" hai="3,6,8,9,13,18,25,27,58,61,65,81,86,90" machi="86" ten="40,5200,0" yaku="1,1,52,1,53,1" doraHai="84" doraHaiUra="1" who="2" fromWho="3" sc="330,0,219,0,99,82,322,-52" /><INIT seed="2,0,0,5,0,95" ten="330,219,181,270" oya="2" hai0="64,51,39,93,11,55,123,42,56,37,130,27,96" hai1="58,24,85,73,110,26,5,1,112,36,107,103,117" hai2="74,48,8,105,102,134,21,29,126,120,89,111,125" hai3="99,69,65,87,16,124,101,127,0,104,45,114,44"/><V83/><F120/><W70/><G0/><T9/><D123/><U97/><E112/><V71/><F71/><W90/><G114/><T46/><D130/><U132/><E117/><V40/><F134/><W4/><G4/><T10/><D64/><U19/><E132/><V35/><F35/><W88/><G16/><T6/><D27/><U113/><E113/><V62/><F62/><N who="3" m="40119" /><G70/><T12/><REACH who="0" step="1"/><D39/><REACH who="0" ten="320,219,181,270" step="2"/><U81/><E36/><V20/><F125/><N who="3" m="48203" /><G90/><AGARI ba="0,1" hai="6,9,10,11,12,37,42,46,51,55,56,90,93,96" machi="90" ten="30,3900,0" yaku="1,1,7,1,52,1,53,0" doraHai="95" doraHaiUra="18" who="0" fromWho="3" sc="320,49,219,0,181,0,270,-39" /><INIT seed="3,0,0,0,0,113" ten="369,219,181,231" oya="3" hai0="101,85,40,83,103,53,99,110,118,6,56,58,93" hai1="26,64,17,120,109,62,39,114,74,100,34,79,105" hai2="106,90,55,102,97,134,48,128,51,14,68,49,126" hai3="124,16,133,107,111,98,29,15,30,50,87,47,127"/><W67/><G67/><T45/><D118/><U60/><E120/><V119/><F68/><W5/><G5/><T1/><D110/><U52/><E114/><V77/><F126/><N who="3" m="48171" /><G87/><T92/><D1/><U72/><E39/><V33/><F134/><W88/><G133/><T69/><D69/><N who="1" m="42119" /><E17/><V104/><F33/><W73/><G73/><T21/><D6/><U66/><E79/><V71/><F71/><W4/><G4/><T94/><D40/><U35/><E66/><V23/><F128/><W80/><G107/><T0/><D0/><U10/><E10/><V9/><F77/><W22/><G111/><T125/><D125/><U95/><E95/><N who="0" m="36425" /><D101/><U132/><E109/><V44/><F104/><W31/><G98/><T12/><D94/><U54/><E35/><V38/><F38/><W7/><G7/><T78/><D99/><N who="1" m="61599" /><E132/><V108/><F108/><W122/><G122/><T82/><D82/><U61/><E61/><V89/><F23/><W2/><G2/><T13/><D103/><U32/><E32/><V112/><F112/><W76/><G76/><T41/><D21/><U18/><E62/><V25/><F25/><W70/><G70/><T11/><D11/><U91/><E91/><V8/><F8/><W81/><G88/><N who="2" m="33897" /><F119/><W20/><G22/><T42/><D13/><U116/><E116/><V65/><F65/><W86/><G20/><T121/><D12/><U28/><E18/><N who="2" m="8527" /><F106/><W130/><G130/><T129/><D129/><U37/><E37/><V63/><F63/><W36/><G36/><T59/><D121/><U84/><E84/><V96/><F96/><RYUUKYOKU ba="0,0" sc="369,10,219,10,181,10,231,-30" hai0="41,42,45,53,56,58,59,78,83,85" hai1="26,28,34,52,54,72,74" hai2="44,48,49,51,55,97,102" owari="379,47.9,229,2.9,191,-30.9,201,-19.9" /></mjloggm>