<mjloggm ver="2.3"><GO type="225" lobby="0"/><UN n0="%40%77%61%6B%61" n1="%33%74%72%65%65" n2="%E3%81%BF%E3%81%BF%E3%81%9A" n3="%70%68%65%6E%6F%6D%65" dan="16,17,18,16" rate="2086.58,2198.24,2196.04,2167.15" sx="M,F,M,M"/><TAIKYOKU oya="0"/><INIT seed="0,0,0,2,1,100" ten="250,250,250,250" oya="0" hai0="46,16,120,88,74,94,78,0,87,36,107,84,19" hai1="104,11,63,42,106,8,119,54,4,125,103,73,124" hai2="98,72,6,26,24,127,62,95,75,56,29,117,61" hai3="81,28,122,79,128,1,14,134,18,131,33,55,66"/><T116/><D0/><U110/><E119/><V112/><F112/><W39/><G39/><T90/><D120/><U37/><E73/><V113/><F113/><W135/><G66/><T31/><D116/><U49/><E110/><V13/><F117/><W25/><G55/><T43/><D107/><N who="1" m="41003" /><E103/><V60/><F127/><N who="1" m="48713" /><E63/><V123/><F123/><W58/><G58/><T32/><D78/><U27/><E27/><V23/><F72/><N who="3" m="43239" /><G1/><T108/><D74/><U45/><E4/><V10/><F75/><W35/><G35/><T38/><D38/><U47/><AGARI ba="0,0" hai="8,11,37,42,45,47,49,54" m="48713,41003" machi="47" ten="40,8000,1" yaku="18,1,52,3" doraHai="100" who="1" fromWho="1" sc="250,-40,250,80,250,-20,250,-20" /><INIT seed="1,0,0,4,4,31" ten="210,330,230,230" oya="1" hai0="13,20,129,124,0,64,24,90,11,26,55,43,49" hai1="110,117,23,96,48,119,37,92,32,51,50,94,132" hai2="73,125,102,107,122,112,18,79,95,99,80,65,25" hai3="135,59,116,3,91,85,8,67,75,72,78,17,106"/><U33/><E37/><V41/><F122/><W127/><G106/><T36/><D124/><U40/><E40/><V128/><F125/><W10/><G127/><T134/><D134/><U131/><E131/><V4/><F128/><W114/><G114/><T83/><D129/><U123/><E123/><V101/><F112/><W39/><G39/><T42/><D0/><U1/><E1/><V97/><F4/><W19/><G116/><T22/><D64/><U45/><E45/><V68/><F41/><W56/><G85/><N who="0" m="50495" /><D36/><U12/><E132/><V28/><F18/><W9/><G3/><T133/><D133/><U118/><E110/><V63/><F99/><W108/><G67/><T2/><D2/><U71/><E71/><V113/><F113/><W14/><G91/><T57/><D20/><U86/><E86/><V35/><REACH who="2" step="1"/><F102/><REACH who="2" ten="210,330,220,230" step="2"/><W103/><G103/><T89/><D89/><U98/><E96/><V58/><F58/><W130/><G135/><T15/><D43/><U76/><E98/><V105/><AGARI ba="0,1" hai="25,28,35,63,65,68,73,79,80,95,97,101,105,107" machi="105" ten="30,4000,0" yaku="1,1,0,1,52,1,53,0" doraHai="31" doraHaiUra="34" who="2" fromWho="2" sc="210,-10,330,-20,220,50,230,-10" /><INIT seed="2,0,0,5,0,18" ten="200,310,270,220" oya="2" hai0="39,122,92,51,118,52,113,6,60,119,74,44,66" hai1="75,90,72,49,97,19,61,68,21,65,54,1,67" hai2="7,131,8,63,32,3,89,29,58,27,133,98,129" hai3="2,56,40,109,70,110,79,0,108,43,59,16,123"/><V128/><F98/><W11/><G70/><N who="0" m="42311" /><D6/><U25/><E1/><N who="3" m="618" /><G79/><T85/><D92/><U111/><E111/><N who="3" m="28418" /><W95/><DORA hai="53" /><G123/><T41/><D74/><U81/><E65/><V101/><F89/><W28/><G28/><T80/><D113/><U47/><E97/><V83/><F83/><W26/><G95/><T38/><D122/><U13/><E90/><V42/><F133/><W77/><G77/><T36/><D85/><U48/><E81/><V9/><F9/><W115/><G115/><T91/><D91/><U99/><E99/><V135/><F135/><W78/><G78/><T102/><D80/><U31/><REACH who="1" step="1"/><E49/><REACH who="1" ten="200,300,270,220" step="2"/><V30/><F101/><W106/><G106/><T132/><D102/><U55/><E55/><N who="2" m="34271" /><F42/><N who="3" m="15915" /><G26/><T124/><D132/><U88/><E88/><V120/><F120/><W46/><G46/><N who="0" m="27767" /><D124/><U5/><E5/><V37/><F27/><W130/><G130/><T112/><D112/><U12/><E12/><AGARI ba="0,1" hai="11,12,16,56,59" m="15915,28418,618" machi="12" ten="50,8000,1" yaku="14,1,52,2,54,1" doraHai="18,53" who="3" fromWho="1" sc="200,0,300,-80,270,0,220,90" /><INIT seed="3,0,0,2,2,110" ten="200,220,270,310" oya="3" hai0="121,103,62,52,45,50,105,132,27,93,100,39,90" hai1="72,23,95,15,32,104,29,13,21,114,82,51,112" hai2="55,94,128,43,12,41,131,66,120,8,40,58,129" hai3="57,22,31,85,3,9,26,16,63,7,35,71,5"/><W130/><G7/><T119/><D121/><U17/><E104/><V10/><F120/><W65/><G130/><T127/><D105/><U64/><E64/><V97/><F66/><W123/><G123/><T115/><D119/><U111/><E111/><V61/><REACH who="2" step="1"/><F12/><REACH who="2" ten="200,220,260,310" step="2"/><N who="3" m="9479" /><G85/><N who="0" m="52431" /><D127/><U48/><E15/><V117/><F117/><W101/><G101/><AGARI ba="0,1" hai="8,10,40,41,43,55,58,61,94,97,101,128,129,131" machi="101" ten="50,3200,0" yaku="1,1,19,1,53,0" doraHai="110" doraHaiUra="134" who="2" fromWho="3" sc="200,0,220,0,260,42,310,-32" owari="200,-30.0,220,-18.0,302,40.2,278,7.8" /></mjloggm>