<mjloggm ver="2.3"><GO type="225" lobby="0"/><UN n0="%E3%81%BE%E3%81%A8%E3%81%9F" n1="%E3%80%93%E3%81%97%E3%83%BC%E3%82%89%E3%80%93" n2="%72%69%6F%75%63%68%61%6E" n3="%E3%83%B4%E3%83%A0%EF%BC%99%E3%81%A6" dan="16,16,16,16" rate="2123.62,2224.21,2139.72,2152.24" sx="M,M,M,M"/><TAIKYOKU oya="0"/><INIT seed="0,0,0,3,1,119" ten="250,250,250,250" oya="0" hai0="17,92,102,126,29,52,101,90,100,48,98,85,134" hai1="14,33,78,32,127,38,88,86,60,47,42,115,1" hai2="10,23,18,12,62,3,96,39,75,6,2,64,30" hai3="44,114,91,26,94,128,95,110,41,77,53,107,0"/><T120/><D134/><U122/><E1/><V83/><F39/><W22/><G107/><T16/><D126/><U69/><E127/><V8/><F96/><W50/><G114/><T28/><D120/><U34/><E115/><V71/><F30/><N who="0" m="11882" /><D98/><U51/><E78/><V116/><F116/><W49/><G128/><T93/><D93/><U105/><E105/><V111/><F111/><W123/><G110/><T43/><D43/><U73/><E73/><V40/><F40/><W79/><G0/><T36/><D36/><U135/><E135/><V68/><F68/><W4/><G4/><T63/><D63/><U19/><E122/><V27/><REACH who="2" step="1"/><F8/><REACH who="2" ten="250,250,240,250" step="2"/><W66/><G123/><T11/><D11/><U9/><E38/><V58/><F58/><AGARI ba="0,1" hai="16,17,48,52,58,85,90,92,100,101,102" m="11882" machi="58" ten="30,5800,0" yaku="8,1,54,2" doraHai="119" who="0" fromWho="2" sc="250,68,250,0,240,-58,250,0" /><INIT seed="0,1,0,4,4,101" ten="318,250,182,250" oya="0" hai0="8,122,49,74,39,125,95,4,36,105,12,38,23" hai1="121,67,135,76,81,133,119,69,7,102,1,85,42" hai2="70,41,52,131,46,97,44,29,16,15,94,33,129" hai3="118,20,31,54,109,56,80,61,108,127,2,123,10"/><T100/><D122/><U59/><E121/><V84/><F70/><W111/><G123/><T18/><D74/><U104/><E119/><V114/><F114/><W130/><G118/><T30/><D30/><U32/><E32/><V87/><F44/><W110/><G110/><T55/><D95/><U3/><E69/><V24/><F52/><N who="3" m="33927" /><G127/><T77/><D77/><U40/><E67/><V103/><F131/><W83/><G130/><T48/><D125/><U47/><E59/><V91/><F129/><W25/><G54/><T90/><D90/><U117/><E117/><V124/><F124/><W13/><G2/><T19/><D19/><AGARI ba="1,0" hai="10,13,19,20,25,31,80,83,108,109,111" m="33927" machi="19" ten="30,2000,0" yaku="14,1,54,1" doraHai="101" who="3" fromWho="0" sc="318,-23,250,0,182,0,250,23" /><INIT seed="1,0,0,5,3,23" ten="295,250,182,273" oya="1" hai0="132,27,88,35,120,9,134,36,89,61,105,67,28" hai1="109,58,55,20,11,93,60,77,85,48,86,66,50" hai2="6,80,22,16,116,78,133,114,98,2,90,37,122" hai3="101,0,33,47,130,25,29,91,63,21,119,3,71"/><U100/><E109/><V74/><F133/><N who="0" m="51306" /><D120/><U99/><E77/><V83/><F116/><W112/><G112/><T82/><D36/><U69/><E11/><V12/><F122/><W40/><G119/><T14/><D105/><U72/><E72/><V108/><F108/><W97/><G91/><N who="0" m="34891" /><D82/><U57/><E69/><V113/><F37/><N who="3" m="21903" /><G21/><T52/><D52/><U81/><E81/><V10/><REACH who="2" step="1"/><F98/><REACH who="2" ten="295,250,172,273" step="2"/><W54/><G130/><T124/><D124/><U46/><REACH who="1" step="1"/><E20/><REACH who="1" ten="295,240,172,273" step="2"/><V111/><F111/><W75/><G33/><T7/><D7/><U59/><E59/><V38/><F38/><W62/><G71/><T32/><D35/><U104/><E104/><V45/><F45/><W24/><G75/><T39/><D32/><U73/><E73/><V87/><AGARI ba="0,2" hai="2,6,10,12,16,22,74,78,80,83,87,90,113,114" machi="87" ten="30,7900,0" yaku="1,1,0,1,54,1,53,1" doraHai="23" doraHaiUra="5" who="2" fromWho="2" sc="295,-20,240,-39,172,99,273,-20" /><INIT seed="2,0,0,0,5,62" ten="275,201,271,253" oya="2" hai0="118,78,54,77,135,56,117,128,21,22,50,26,102" hai1="116,71,91,30,90,106,67,110,7,46,58,32,51" hai2="4,23,115,18,52,98,29,75,38,69,124,63,131" hai3="40,8,108,61,9,87,33,97,86,85,36,121,82"/><V130/><F115/><W95/><G121/><T11/><D128/><N who="2" m="49194" /><F38/><W134/><G33/><T57/><D135/><U16/><E116/><V127/><F75/><W80/><G134/><T92/><D11/><N who="3" m="4169" /><G36/><T34/><D21/><U89/><E7/><V48/><F29/><W45/><G108/><T104/><D104/><U44/><E110/><V19/><F4/><W49/><G61/><T39/><D39/><U2/><E2/><V66/><F98/><W10/><N who="3" m="4177" /><W73/><DORA hai="103" /><G73/><T41/><D34/><U99/><E16/><N who="2" m="6187" /><F23/><W112/><G112/><T12/><D22/><U3/><E3/><V107/><F107/><W114/><G114/><T43/><D12/><U5/><E5/><V25/><F25/><W20/><G20/><T42/><D26/><N who="1" m="18519" /><E58/><AGARI ba="0,0" hai="48,52,58,63,66,69,124,127" m="6187,49194" machi="58" ten="30,11600,0" yaku="19,1,52,1,54,2" doraHai="62,103" who="2" fromWho="1" sc="275,0,201,-116,271,116,253,0" /><INIT seed="2,1,0,3,1,14" ten="275,85,387,253" oya="2" hai0="27,66,23,59,92,91,5,134,47,12,46,128,29" hai1="122,69,15,34,73,109,40,18,86,104,31,110,98" hai2="131,51,30,106,10,67,85,64,96,90,63,60,100" hai3="9,74,32,28,81,68,2,43,70,61,75,26,112"/><V116/><F116/><W101/><G112/><T55/><D134/><U56/><E73/><N who="3" m="27658" /><G81/><T108/><D108/><U71/><E122/><V113/><F131/><W4/><G61/><T52/><D128/><U127/><E127/><V49/><F113/><W41/><G41/><T120/><D120/><U45/><E56/><V83/><F30/><W79/><G79/><T20/><D66/><U78/><E109/><V84/><F10/><W22/><G22/><T121/><D121/><U102/><E110/><V35/><F35/><W39/><G101/><T119/><D119/><U25/><E86/><V53/><F53/><W129/><G129/><T54/><D59/><U95/><E78/><V118/><F118/><W16/><G16/><N who="0" m="10247" /><D5/><U62/><E95/><V13/><F13/><W111/><G111/><T132/><D132/><U87/><E87/><AGARI ba="1,0" hai="23,27,29,46,47,52,54,55,87,91,92" m="10247" machi="87" ten="30,7700,0" yaku="8,1,52,1,54,2" doraHai="14" who="0" fromWho="1" sc="275,80,85,-80,387,0,253,0" /><INIT seed="3,0,0,5,3,40" ten="355,5,387,253" oya="3" hai0="52,68,67,102,105,66,92,113,72,25,55,114,6" hai1="107,9,41,120,42,51,60,26,24,48,20,126,70" hai2="38,76,35,96,81,99,85,7,75,45,69,11,4" hai3="50,58,135,8,49,125,61,14,133,130,2,44,0"/><W30/><G30/><T119/><D119/><U27/><E20/><V19/><F69/><W31/><G31/><T108/><D72/><U93/><E70/><V121/><F35/><W111/><G125/><T18/><D105/><U23/><E107/><V36/><F121/><W109/><G130/><T53/><D6/><U123/><E23/><V115/><F115/><N who="0" m="44042" /><D108/><N who="3" m="41545" /><G49/><T79/><D79/><U39/><E126/><V47/><F75/><W134/><G61/><N who="0" m="40047" /><D66/><U65/><E65/><V10/><F36/><W34/><G58/><T13/><D25/><U101/><E60/><V15/><F38/><W97/><G97/><N who="2" m="37449" /><F4/><N who="3" m="3335" /><G34/><T127/><D127/><U43/><E39/><V95/><F95/><W29/><G29/><T86/><D92/><U82/><E93/><V21/><F10/><W37/><G37/><T128/><D128/><U117/><E9/><V90/><F76/><W124/><G124/><T16/><D102/><U32/><E32/><V131/><F131/><W87/><G87/><T88/><D13/><AGARI ba="0,0" hai="7,11,13,15,19,21,45,47,81,85,90" m="37449" machi="13" ten="30,3900,0" yaku="8,1,52,2" doraHai="40" who="2" fromWho="0" sc="355,-39,5,0,387,39,253,0" owari="316,11.6,5,-49.5,426,52.6,253,-14.7" /></mjloggm>