<mjloggm ver="2.3"><GO type="225" lobby="0"/><UN n0="%E6%A9%98%E3%83%AF%E3%83%AB%E3%83%84" n1="%E3%83%96%E3%83%83%E3%83%91%E3%82%AA%E3%83%96%E3%83%81%E3%82%AD%E3%83%B3" n2="%E6%97%A5%E6%9B%9C%E6%97%A5%E3%82%88%E3%82%8A%E3%81%AE%E4%BD%BF%E8%80%85" n3="%E3%81%A4%E3%81%A3%E3%81%B1%E3%82%8A%E3%83%9D%E3%83%BC%E3%83%AB" dan="16,16,17,17" rate="2103.64,2226.99,2188.77,2095.68" sx="M,M,M,M"/><TAIKYOKU oya="0"/><INIT seed="0,0,0,1,4,97" ten="250,250,250,250" oya="0" hai0="118,126,112,103,93,87,62,117,39,42,59,30,34" hai1="72,36,13,60,56,134,79,83,86,71,53,33,7" hai2="16,15,74,52,101,95,73,31,20,44,115,38,107" hai3="130,55,88,133,45,0,65,77,40,78,94,61,122"/><T48/><D112/><U1/><E134/><V120/><F115/><W89/><G0/><T63/><D126/><U116/><E116/><V19/><F120/><W10/><G133/><T129/><D129/><U98/><E36/><V131/><F131/><W125/><G130/><T111/><D39/><U135/><E135/><V76/><F107/><W124/><G122/><T70/><D111/><U12/><E33/><V21/><F31/><W102/><G10/><T26/><D70/><U43/><E43/><V69/><F69/><W110/><G55/><T23/><D34/><U128/><E128/><V91/><F76/><N who="3" m="29291" /><G110/><T11/><D11/><U113/><E113/><V41/><F52/><W100/><G89/><T84/><D63/><U99/><E71/><V109/><F109/><W50/><G124/><T5/><D5/><U29/><E1/><V46/><F46/><W58/><G125/><T104/><D104/><U24/><E72/><V22/><F101/><W66/><G65/><N who="0" m="39135" /><D118/><U85/><E7/><V67/><F67/><W27/><G27/><T75/><D75/><U106/><E106/><V6/><F6/><W14/><G14/><T2/><D2/><U127/><E127/><V123/><F123/><W68/><G68/><T81/><D81/><N who="1" m="47295" /><E12/><V119/><F119/><W108/><G108/><T90/><D117/><U25/><E13/><N who="2" m="9231" /><F22/><W96/><AGARI ba="0,0" hai="40,45,50,58,61,66,88,94,96,100,102" m="29291" machi="96" ten="30,7900,0" yaku="8,1,52,2,54,1" doraHai="97" who="3" fromWho="3" sc="250,-39,250,-20,250,-20,250,79" /><INIT seed="1,0,0,5,0,31" ten="211,230,230,329" oya="1" hai0="96,26,29,86,67,130,27,39,112,100,48,44,119" hai1="6,132,20,69,57,43,68,16,40,131,123,42,32" hai2="76,105,36,79,73,24,109,2,99,128,10,64,91" hai3="126,60,93,17,13,135,72,7,97,41,82,3,117"/><U98/><E123/><V28/><F36/><W18/><G135/><T92/><D119/><U51/><E132/><V104/><F109/><W133/><G133/><T70/><D112/><U19/><E131/><V35/><F128/><W23/><G126/><T63/><D130/><U25/><E6/><V22/><F64/><W127/><G127/><T15/><D39/><U21/><E98/><V78/><F73/><W87/><G72/><T74/><D74/><U11/><E11/><V71/><F71/><W33/><G33/><T38/><D38/><U101/><E101/><V113/><F113/><W46/><G3/><T34/><D27/><U66/><E32/><V125/><F125/><W49/><G60/><T122/><D86/><U14/><REACH who="1" step="1"/><E66/><REACH who="1" ten="211,220,230,329" step="2"/><V77/><N who="2" m="19456" /><DORA hai="88" /><V65/><F65/><W45/><G7/><T9/><D122/><U54/><AGARI ba="0,1" hai="14,16,19,20,21,25,40,42,43,51,54,57,68,69" machi="54" ten="30,6000,0" yaku="1,1,0,1,54,1,53,0" doraHai="31,88" doraHaiUra="95,5" who="1" fromWho="1" sc="211,-20,220,70,230,-20,329,-20" /><INIT seed="1,1,0,5,2,110" ten="191,290,210,309" oya="1" hai0="64,124,91,48,109,94,83,107,100,133,40,131,69" hai1="84,117,127,42,22,34,129,56,78,24,57,79,61" hai2="53,10,6,125,72,135,92,65,89,1,3,26,52" hai3="75,74,44,0,108,67,87,90,112,14,71,58,2"/><U66/><E117/><V132/><F72/><W105/><G71/><T4/><D109/><U121/><E121/><V15/><F65/><W120/><G105/><T113/><D4/><U62/><E127/><V98/><F125/><W114/><G108/><T130/><D124/><U41/><E129/><V37/><F37/><W29/><G29/><T45/><D69/><U51/><E34/><V49/><F26/><W126/><G126/><T70/><D133/><N who="2" m="51274" /><F53/><W106/><G106/><T17/><D83/><U102/><E102/><V47/><AGARI ba="1,0" hai="1,3,6,10,15,47,49,52,89,92,98" m="51274" machi="47" ten="30,2000,0" yaku="20,1,54,1" doraHai="110" who="2" fromWho="2" sc="191,-6,290,-11,210,23,309,-6" /><INIT seed="2,0,0,4,1,70" ten="185,279,233,303" oya="2" hai0="91,56,100,107,46,54,40,7,131,109,134,76,28" hai1="11,127,62,69,121,113,2,130,95,27,104,110,124" hai2="52,125,32,50,89,78,51,83,102,47,49,37,29" hai3="112,74,19,105,42,13,14,88,106,21,94,128,38"/><V48/><F125/><N who="1" m="48201" /><E113/><V33/><F102/><W35/><G35/><T26/><D76/><U63/><E110/><V10/><F29/><W84/><G74/><T60/><D109/><U119/><E119/><V44/><F89/><W114/><G128/><T79/><D79/><U64/><E130/><V0/><F37/><W99/><G14/><T41/><D134/><U117/><E117/><V12/><F0/><W80/><G42/><T120/><D120/><U90/><E121/><V133/><F133/><W58/><G58/><T57/><D131/><U87/><E104/><V23/><F23/><W25/><G38/><T93/><D7/><N who="1" m="1527" /><E63/><V9/><F47/><W53/><G53/><T77/><D77/><U5/><E5/><V30/><F30/><W67/><G67/><T132/><D132/><U73/><E27/><V17/><REACH who="2" step="1"/><F10/><REACH who="2" ten="185,279,223,303" step="2"/><W98/><G112/><T129/><D129/><U101/><E101/><V111/><F111/><W92/><G114/><T122/><D122/><U65/><E65/><V36/><F36/><W126/><G126/><T16/><D28/><U103/><E103/><V55/><F55/><W24/><G24/><T118/><D118/><U34/><E34/><V61/><F61/><W115/><G115/><T85/><D100/><U59/><E69/><V123/><F123/><W75/><G25/><T22/><D107/><U82/><E73/><AGARI ba="0,1" hai="9,12,17,32,33,44,48,49,50,51,52,73,78,83" machi="73" ten="40,3900,0" yaku="1,1,54,1,53,0" doraHai="70" doraHaiUra="20" who="2" fromWho="1" sc="185,0,279,-39,223,49,303,0" /><INIT seed="2,1,0,4,2,18" ten="185,240,272,303" oya="2" hai0="4,12,3,95,83,63,110,124,115,43,26,88,79" hai1="104,76,109,80,5,128,98,8,60,38,71,77,7" hai2="112,29,114,93,84,55,70,57,28,129,86,32,59" hai3="24,11,39,134,87,92,111,15,117,72,133,9,42"/><V82/><F70/><W51/><G72/><T0/><D115/><U27/><E109/><V69/><F69/><W119/><G39/><T125/><D43/><U6/><E38/><V81/><F32/><W131/><G111/><T16/><D110/><U102/><E128/><V74/><F74/><W107/><G107/><T31/><D63/><U99/><E99/><V100/><F100/><W106/><G106/><T78/><D83/><U85/><E77/><V101/><F101/><W103/><G24/><T14/><D14/><U35/><E35/><V52/><REACH who="2" step="1"/><F93/><REACH who="2" ten="185,240,262,303" step="2"/><W23/><G103/><T1/><D1/><U17/><E71/><V54/><F54/><W89/><G92/><T96/><D3/><U105/><E105/><V118/><F118/><W135/><G117/><T20/><D0/><U34/><E34/><V75/><F75/><W90/><G119/><T121/><D121/><U46/><E104/><V36/><F36/><W49/><G133/><T132/><D132/><U123/><E102/><V19/><F19/><N who="3" m="10751" /><G135/><T62/><D4/><U58/><E6/><V33/><F33/><W40/><G134/><T116/><D116/><U73/><E5/><V67/><F67/><W50/><G131/><AGARI ba="1,1" hai="28,29,52,55,57,59,81,82,84,86,112,114,129,131" machi="131" ten="25,9600,0" yaku="1,1,22,2,54,1,53,0" doraHai="18" doraHaiUra="13" who="2" fromWho="3" sc="185,0,240,0,262,109,303,-99" /><INIT seed="2,2,0,4,1,110" ten="185,240,371,204" oya="2" hai0="116,86,47,31,4,75,89,131,119,23,97,17,7" hai1="45,59,135,117,134,111,14,36,67,102,83,94,37" hai2="35,1,18,25,62,91,104,38,39,127,11,69,61" hai3="92,52,112,20,0,76,41,16,63,124,133,43,29"/><V103/><F91/><W55/><G0/><T27/><D75/><U24/><E117/><N who="0" m="45129" /><D97/><N who="1" m="59703" /><E111/><V122/><F62/><W101/><G133/><N who="1" m="50698" /><E14/><V19/><F19/><W74/><G124/><T32/><D47/><U84/><E45/><V33/><F18/><W9/><G74/><T95/><D131/><U30/><E59/><V44/><F122/><W115/><G76/><T125/><D125/><U58/><E58/><V123/><F123/><W80/><G80/><T5/><D17/><U60/><E60/><V120/><F44/><W50/><G63/><T15/><D15/><U49/><E49/><V121/><F61/><W114/><G29/><T22/><AGARI ba="2,0" hai="4,5,7,22,23,27,31,32,86,89,95" m="45129" machi="22" ten="40,1500,0" yaku="12,1" doraHai="110" who="0" fromWho="0" sc="185,21,240,-6,371,-9,204,-6" /><INIT seed="3,0,0,0,0,39" ten="206,234,362,198" oya="3" hai0="131,107,84,88,15,52,112,43,1,8,20,38,129" hai1="29,75,2,93,47,71,58,36,17,28,134,94,14" hai2="34,40,49,117,10,32,96,77,51,95,103,87,4" hai3="127,79,44,24,3,101,64,118,60,61,123,115,16"/><W62/><G115/><T113/><D107/><U19/><E71/><V91/><F117/><W126/><G118/><T27/><D1/><U110/><E2/><V0/><F77/><W42/><G3/><T128/><D20/><N who="1" m="11319" /><E75/><V59/><F51/><N who="3" m="27031" /><G123/><T76/><D27/><U63/><E36/><V86/><F86/><W45/><G101/><T67/><D67/><N who="1" m="39415" /><E110/><V41/><F34/><W30/><G79/><T65/><D76/><U5/><E5/><V80/><F32/><W46/><G64/><T73/><D65/><U21/><E47/><V106/><F106/><W132/><G132/><T135/><D73/><U102/><E134/><V7/><F7/><W22/><G30/><N who="1" m="11882" /><E102/><V72/><F72/><W6/><G6/><N who="0" m="3479" /><D135/><U57/><E57/><V108/><F108/><W98/><G98/><T69/><D69/><U105/><E105/><V13/><F0/><W74/><G74/><T100/><D100/><U99/><E99/><V31/><F31/><W35/><G35/><T81/><D113/><U70/><E70/><V83/><F103/><W124/><AGARI ba="0,0" hai="16,22,24,45,46,60,61,62,124,126,127" m="27031" machi="124" ten="40,7800,0" yaku="18,1,52,1,54,1" doraHai="39" who="3" fromWho="3" sc="206,-26,234,-26,362,-26,198,78" /><INIT seed="3,1,0,4,4,73" ten="180,208,336,276" oya="3" hai0="53,119,61,39,28,48,68,43,114,80,72,94,37" hai1="84,24,41,55,64,82,15,42,79,110,76,54,91" hai2="38,126,98,127,93,66,17,22,115,129,13,45,1" hai3="63,59,132,120,32,113,71,125,60,36,100,103,5"/><W10/><G113/><T11/><D119/><U86/><E110/><V111/><F111/><W88/><G120/><T62/><D114/><U87/><E64/><V4/><F115/><W134/><G36/><T81/><D28/><U105/><E105/><V106/><F106/><W102/><G32/><T116/><D116/><U25/><E15/><V46/><F66/><W30/><G30/><T34/><D34/><U108/><E108/><V35/><F35/><W29/><G29/><T128/><D128/><U21/><E87/><V107/><F107/><W19/><G19/><T77/><D68/><U112/><E112/><V131/><F4/><W3/><G71/><T99/><D81/><N who="1" m="47167" /><E91/><N who="2" m="55615" /><F1/><W133/><G125/><N who="2" m="47625" /><F38/><W123/><G123/><T7/><D39/><U117/><E117/><V56/><F56/><W70/><G70/><T65/><D65/><U27/><E21/><V130/><AGARI ba="1,0" hai="13,17,22,45,46,129,130,131" m="47625,55615" machi="130" ten="40,2700,0" yaku="19,1,18,1" doraHai="73" who="2" fromWho="2" sc="180,-8,208,-8,336,30,276,-14" owari="172,-32.8,200,-20.0,366,46.6,262,6.2" /></mjloggm>