<mjloggm ver="2.3"><GO type="225" lobby="0"/><UN n0="%68%75%69%68%75%69" n1="%45%6C%79%73%69%75%6D" n2="%E3%83%81%E3%83%A7%E3%83%99%E3%83%83%E3%82%AF" n3="%E7%99%BD%E5%80%89%E5%AF%9B%E4%B9%8B" dan="16,16,16,16" rate="2103.99,2129.03,2123.30,2143.79" sx="M,M,M,M"/><TAIKYOKU oya="0"/><INIT seed="0,0,0,2,5,66" ten="250,250,250,250" oya="0" hai0="48,29,96,107,70,132,26,51,99,40,125,18,25" hai1="88,4,50,73,67,34,94,105,75,7,8,103,63" hai2="2,97,114,95,112,71,77,110,119,134,81,39,56" hai3="92,85,74,117,118,93,126,3,76,104,10,58,57"/><T49/><D132/><U120/><E120/><V130/><F39/><W23/><G23/><T46/><D125/><U11/><E34/><V54/><F2/><W124/><G3/><T42/><D70/><U60/><E50/><N who="0" m="19561" /><D107/><U21/><E21/><V131/><F110/><W89/><G10/><T90/><D29/><U64/><E105/><V53/><F71/><W33/><G33/><T17/><D42/><U65/><E103/><V135/><F119/><N who="3" m="45579" /><G57/><T0/><D0/><U5/><E75/><V12/><F135/><W35/><G58/><T1/><D1/><U72/><E72/><V27/><F56/><W24/><G24/><N who="0" m="9323" /><D90/><U123/><E73/><V19/><F112/><W129/><G35/><T100/><D100/><U86/><REACH who="1" step="1"/><E123/><REACH who="1" ten="250,240,250,250" step="2"/><V6/><F134/><W115/><G104/><T14/><D18/><U38/><E38/><V13/><F114/><W44/><G115/><T83/><D83/><U41/><E41/><V62/><F6/><W69/><G74/><T121/><D121/><U111/><E111/><V78/><F81/><W79/><G126/><T45/><D46/><U101/><E101/><V43/><F43/><W9/><G124/><T61/><D61/><AGARI ba="0,1" hai="4,5,7,8,11,60,61,63,64,65,67,86,88,94" machi="61" ten="40,5200,0" yaku="1,1,8,1,54,1,53,0" doraHai="66" doraHaiUra="37" who="1" fromWho="0" sc="250,-52,240,62,250,0,250,0" /><INIT seed="1,0,0,5,5,35" ten="198,302,250,250" oya="1" hai0="133,97,41,55,42,54,91,124,68,1,123,47,60" hai1="65,110,19,3,73,127,13,7,125,107,43,93,69" hai2="77,120,10,119,135,30,2,57,90,40,39,130,118" hai3="24,37,25,70,95,78,16,84,115,100,50,76,96"/><U32/><E107/><V75/><F90/><W5/><G37/><T56/><D1/><U82/><E32/><V15/><F120/><W6/><G70/><T99/><D123/><U23/><E110/><V81/><F30/><W9/><G115/><T104/><D91/><U20/><E43/><N who="0" m="16393" /><D104/><U38/><E38/><V116/><F130/><W12/><G50/><N who="0" m="29023" /><D97/><U28/><E65/><V31/><F31/><W4/><REACH who="3" step="1"/><G84/><REACH who="3" ten="198,302,250,240" step="2"/><T67/><D99/><U132/><E69/><V11/><F39/><W63/><G63/><N who="0" m="40063" /><D133/><U27/><E132/><V52/><F135/><W45/><G45/><T106/><D106/><U98/><E98/><V94/><F119/><W126/><G126/><AGARI ba="0,1" hai="55,56,60,124,126" m="40063,29023,16393" machi="126" ten="30,2000,0" yaku="34,2" doraHai="35" who="0" fromWho="3" sc="198,30,302,0,250,0,240,-20" /><INIT seed="2,0,0,4,3,110" ten="228,302,250,220" oya="2" hai0="8,88,70,124,73,24,95,72,9,119,34,109,89" hai1="77,82,22,92,58,80,93,76,90,62,50,99,79" hai2="91,61,126,2,40,3,19,106,59,12,114,107,53" hai3="56,129,35,54,17,52,74,105,67,112,36,66,125"/><V104/><F126/><W55/><G74/><T103/><D109/><U27/><E50/><V37/><F114/><W68/><G105/><T117/><D70/><U127/><E93/><V23/><F40/><W135/><G35/><T51/><D124/><U121/><E121/><V48/><F37/><W30/><G30/><N who="0" m="19783" /><D51/><U101/><E127/><V45/><REACH who="2" step="1"/><F91/><REACH who="2" ten="228,302,240,220" step="2"/><W97/><G125/><T38/><D38/><U75/><E90/><V122/><F122/><W26/><G36/><T57/><D89/><U120/><E120/><V16/><F16/><W86/><G112/><T130/><D88/><U84/><E75/><V132/><F132/><W25/><G135/><T81/><D72/><U71/><E79/><V65/><AGARI ba="0,1" hai="2,3,12,19,23,45,48,53,59,61,65,104,106,107" machi="65" ten="30,3000,0" yaku="1,1,0,1,53,0" doraHai="110" doraHaiUra="20" who="2" fromWho="2" sc="228,-10,302,-10,240,40,220,-10" /><INIT seed="2,1,0,0,3,61" ten="218,292,280,210" oya="2" hai0="108,16,88,101,97,5,43,105,1,8,129,127,3" hai1="73,27,10,29,115,47,12,39,121,67,113,0,92" hai2="59,63,133,90,123,42,44,15,104,58,87,32,36" hai3="52,76,56,45,72,4,111,85,66,94,114,6,17"/><V122/><F104/><W38/><G111/><T54/><D108/><U62/><E73/><V71/><F133/><W69/><G114/><T26/><D127/><U91/><E0/><V74/><F74/><W37/><G72/><T117/><D129/><U60/><E121/><V64/><F32/><W86/><G38/><T23/><D117/><U125/><E125/><V119/><F119/><W49/><G69/><T20/><D43/><U50/><E39/><V135/><F135/><W18/><G37/><T80/><D54/><U112/><E50/><V128/><F128/><W124/><G124/><T75/><D23/><U98/><E47/><V14/><F58/><W82/><G94/><T110/><D110/><U89/><E89/><V120/><REACH who="2" step="1"/><F71/><REACH who="2" ten="218,292,270,210" step="2"/><W106/><G106/><T102/><D75/><U134/><E134/><V103/><F103/><W53/><G86/><T83/><D102/><U33/><E113/><V55/><F55/><W35/><G35/><T99/><REACH who="0" step="1"/><D1/><REACH who="0" ten="208,292,270,210" step="2"/><U7/><E112/><V28/><F28/><W57/><G53/><T25/><D25/><U19/><E115/><V48/><F48/><W96/><G49/><T22/><D22/><U51/><E51/><V130/><F130/><W77/><G52/><T21/><D21/><U109/><E109/><V30/><F30/><W13/><G45/><T9/><D9/><U132/><E132/><V84/><F84/><W70/><G85/><T118/><D118/><U65/><E33/><V78/><F78/><W107/><G77/><T31/><D31/><U40/><E29/><V131/><F131/><W2/><G76/><RYUUKYOKU ba="1,2" sc="208,15,292,-15,270,15,210,-15" hai0="3,5,8,16,20,26,80,83,88,97,99,101,105" hai2="14,15,36,42,44,59,63,64,87,90,120,122,123" /><INIT seed="2,2,2,3,3,0" ten="223,277,285,195" oya="2" hai0="56,81,33,6,12,60,18,38,69,24,34,88,36" hai1="105,61,40,21,10,4,54,78,35,92,49,70,96" hai2="14,80,41,104,103,99,100,76,52,2,25,42,74" hai3="64,71,32,133,127,26,7,50,29,126,82,95,131"/><V86/><F2/><W79/><G133/><T89/><D69/><U68/><E35/><V28/><F103/><W119/><G119/><T121/><D121/><U101/><E40/><V111/><F111/><W59/><G131/><T57/><D33/><U134/><E134/><V118/><F118/><W116/><G116/><T67/><D34/><U5/><E78/><V85/><F85/><W106/><G106/><T9/><D81/><U22/><E105/><V16/><F74/><W11/><G95/><T94/><D57/><U135/><E135/><V31/><F52/><N who="3" m="32151" /><G64/><T39/><REACH who="0" step="1"/><D94/><REACH who="0" ten="213,277,285,195" step="2"/><U91/><E68/><V112/><F112/><W19/><G71/><T130/><D130/><U123/><E70/><V58/><F58/><W65/><G65/><T20/><AGARI ba="2,3" hai="6,9,12,18,20,24,36,38,39,56,60,67,88,89" machi="20" ten="40,8000,1" yaku="1,1,0,1,52,1,54,1,53,0" doraHai="0" doraHaiUra="122" who="0" fromWho="0" sc="213,116,277,-22,285,-42,195,-22" /><INIT seed="3,0,0,3,1,70" ten="329,255,243,173" oya="3" hai0="48,7,46,51,91,98,72,117,103,135,68,66,129" hai1="14,116,24,60,3,86,57,12,4,67,90,36,96" hai2="122,82,6,27,29,77,132,34,120,131,74,44,133" hai3="100,17,16,128,33,79,81,53,26,95,92,113,49"/><W54/><G128/><T110/><D72/><U8/><E116/><V102/><F131/><W25/><G113/><T97/><D7/><U130/><E130/><V73/><F102/><W111/><G111/><T40/><D110/><U31/><E96/><V56/><F6/><W13/><G33/><T93/><D135/><N who="2" m="51786" /><F56/><W21/><G100/><T43/><D117/><U28/><E28/><V119/><F119/><W101/><G101/><T5/><D5/><U62/><E62/><V32/><F44/><W63/><G63/><T125/><D125/><U55/><E67/><V89/><F89/><W115/><G115/><T39/><D43/><U123/><E123/><N who="2" m="47147" /><F73/><W42/><G42/><T121/><D129/><U106/><E106/><V112/><F112/><W94/><G49/><T114/><D121/><U80/><E36/><V23/><AGARI ba="0,0" hai="23,27,29,32,34,74,77,82" m="47147,51786" machi="23" ten="30,2000,0" yaku="20,1,13,1" doraHai="70" who="2" fromWho="2" sc="329,-5,255,-5,243,20,173,-10" owari="324,42.4,250,-15.0,263,6.3,163,-33.7" /></mjloggm>