<mjloggm ver="2.3"><GO type="225" lobby="0"/><UN n0="%E6%9D%BE%E6%9C%AC%E5%81%A5%E7%94%B7" n1="%E9%A6%AC%E5%BC%95%E7%81%AB%33" n2="%70%6F%69%73%6F%6E%30%32" n3="%E3%83%96%E3%83%83%E3%83%91%E3%82%AA%E3%83%96%E3%83%81%E3%82%AD%E3%83%B3" dan="17,16,16,16" rate="2219.40,2162.15,2115.65,2215.71" sx="M,M,M,M"/><TAIKYOKU oya="0"/><INIT seed="0,0,0,2,4,117" ten="250,250,250,250" oya="0" hai0="64,48,94,32,81,13,110,97,111,77,35,7,78" hai1="134,69,114,20,38,47,112,44,55,46,14,11,25" hai2="33,22,17,74,62,31,72,6,66,43,71,127,52" hai3="36,45,93,109,60,8,70,2,63,113,132,118,120"/><T86/><D77/><U84/><E69/><V123/><F123/><W42/><G118/><T57/><D7/><U65/><E65/><V119/><F127/><W130/><G113/><N who="1" m="43626" /><E134/><V91/><F43/><W99/><G132/><T124/><D124/><U115/><N who="1" m="43634" /><U50/><DORA hai="54" /><E84/><V129/><F129/><W28/><G109/><N who="0" m="41483" /><D13/><U82/><E82/><V23/><F6/><W61/><G130/><T106/><D106/><U0/><E0/><V24/><F33/><W116/><G116/><T58/><D48/><U30/><E38/><V128/><F128/><W9/><G2/><T1/><D1/><U105/><E105/><V98/><F119/><W100/><G70/><T76/><D76/><U102/><E102/><V108/><F108/><W67/><G67/><T41/><D41/><U49/><E49/><V107/><F52/><W92/><G92/><T88/><D58/><N who="1" m="33143" /><E14/><V40/><F40/><W87/><G93/><T85/><D86/><U79/><E79/><V59/><F71/><W34/><G87/><T10/><D10/><AGARI ba="0,0" hai="10,11,20,25,30,44,46,47" m="33143,43634" machi="10" ten="50,3200,0" yaku="11,1,52,1" doraHai="117,54" who="1" fromWho="0" sc="250,-32,250,32,250,0,250,0" /><INIT seed="1,0,0,5,4,70" ten="218,282,250,250" oya="1" hai0="44,93,100,43,124,14,71,114,51,123,107,77,117" hai1="82,83,17,86,42,66,134,79,81,56,9,34,120" hai2="8,92,121,18,95,88,87,24,48,104,33,60,85" hai3="129,47,112,61,97,78,98,20,57,12,53,22,90"/><U25/><E120/><V113/><F121/><W126/><G112/><T110/><D123/><U58/><E134/><V63/><F104/><W0/><G129/><T4/><D114/><U106/><E106/><V16/><F113/><W36/><G0/><T135/><D117/><U46/><E34/><V26/><F48/><W125/><G78/><T64/><D135/><U50/><E66/><V73/><F73/><W31/><G22/><T13/><D110/><U69/><E69/><V5/><F33/><W11/><G20/><T6/><D124/><N who="3" m="47721" /><G90/><T75/><D107/><U40/><E40/><V128/><F128/><W38/><G31/><T80/><D64/><U7/><E17/><V27/><F87/><W101/><G47/><T132/><D71/><U1/><E25/><V105/><F95/><N who="3" m="58559" /><G98/><T45/><D132/><U49/><E49/><V108/><F108/><W115/><G115/><T74/><D74/><U118/><E118/><V94/><F94/><W2/><G2/><T127/><D127/><U37/><E50/><V99/><F99/><W84/><G84/><T39/><D100/><U109/><E109/><V130/><F130/><W116/><G116/><T131/><D131/><U133/><E133/><V21/><F21/><W3/><G3/><T102/><D102/><U28/><E28/><V65/><F105/><W15/><G15/><N who="0" m="5643" /><D93/><U103/><E103/><V62/><REACH who="2" step="1"/><F65/><REACH who="2" ten="218,282,240,250" step="2"/><W59/><G11/><T91/><D91/><U41/><REACH who="1" step="1"/><E41/><REACH who="1" ten="218,272,240,250" step="2"/><V111/><F111/><W122/><G122/><T30/><D30/><U52/><E52/><V68/><F68/><W29/><G53/><RYUUKYOKU ba="0,2" sc="218,10,272,10,240,10,250,-30" hai0="4,6,39,43,44,45,51,75,77,80" hai1="1,7,9,37,42,46,56,58,79,81,82,83,86" hai2="5,8,16,18,24,26,27,60,62,63,85,88,92" /><INIT seed="1,1,2,3,4,1" ten="228,282,250,220" oya="1" hai0="87,29,74,47,6,82,2,22,55,84,111,18,50" hai1="112,96,9,40,61,128,68,103,54,56,133,104,23" hai2="73,60,107,35,113,45,109,102,94,49,132,72,16" hai3="98,108,44,125,64,135,114,20,24,42,75,99,106"/><U67/><E112/><V80/><F109/><W59/><G114/><T63/><D111/><U130/><E133/><V4/><F35/><W34/><G108/><T70/><D29/><U51/><E23/><V10/><F132/><W121/><G121/><T81/><D70/><U90/><E90/><V97/><F113/><W30/><G75/><T118/><D118/><U28/><E28/><V89/><F60/><N who="3" m="37919" /><G106/><T3/><D74/><U93/><E40/><V41/><F80/><W37/><G37/><T25/><D6/><U7/><REACH who="1" step="1"/><E104/><REACH who="1" ten="228,272,250,220" step="2"/><V88/><F89/><W76/><G135/><T100/><D100/><U5/><E5/><V11/><F88/><W53/><G20/><T0/><D82/><U122/><E122/><V119/><F107/><W13/><G30/><T65/><D81/><U27/><E27/><V43/><F43/><W129/><G24/><T57/><AGARI ba="1,3" hai="0,2,3,18,22,25,47,50,55,57,63,65,84,87" machi="57" ten="30,1100,0" yaku="0,1" doraHai="1" who="0" fromWho="0" sc="228,44,272,-6,250,-4,220,-4" /><INIT seed="2,0,0,0,5,68" ten="272,266,246,216" oya="2" hai0="62,122,41,130,47,88,108,40,112,1,61,113,23" hai1="44,20,28,24,10,15,36,43,69,135,25,4,13" hai2="123,30,102,106,31,16,76,86,84,11,8,119,0" hai3="45,131,124,56,105,53,133,121,27,54,116,104,107"/><V33/><F119/><W103/><G116/><T9/><D122/><U39/><E69/><V74/><F123/><W22/><G121/><T60/><D108/><U83/><E135/><V125/><F125/><W64/><G133/><T7/><D130/><U50/><E83/><V19/><F74/><W109/><G109/><T12/><D41/><U46/><E44/><V78/><F102/><W94/><G131/><T3/><D88/><U26/><E26/><V6/><F6/><W75/><G75/><T129/><D129/><U66/><E66/><V32/><REACH who="2" step="1"/><F0/><REACH who="2" ten="272,266,236,216" step="2"/><W134/><G124/><T51/><D1/><U82/><E4/><V96/><F96/><W52/><G134/><T17/><AGARI ba="0,1" hai="3,7,9,12,17,23,40,47,51,60,61,62,112,113" machi="17" ten="30,1100,0" yaku="0,1" doraHai="68" who="0" fromWho="0" sc="272,21,266,-3,236,-5,216,-3" /><INIT seed="3,0,0,3,4,88" ten="293,263,231,213" oya="3" hai0="109,36,84,102,58,118,25,8,110,121,127,50,81" hai1="86,0,79,108,71,69,94,132,67,82,30,35,54" hai2="15,119,116,26,129,68,51,93,49,111,48,39,14" hai3="130,22,56,98,59,55,5,11,114,41,19,128,60"/><W124/><G114/><T18/><D36/><U125/><E108/><N who="0" m="41577" /><D121/><U10/><E125/><V87/><F39/><W4/><G124/><T42/><D127/><U101/><E132/><V70/><F111/><W31/><G41/><T135/><D135/><U40/><E40/><V63/><F129/><W126/><G126/><T2/><D118/><U73/><E67/><V80/><F26/><W47/><G31/><T7/><D102/><U9/><E54/><V6/><F119/><W23/><G130/><T65/><D65/><U29/><E29/><V103/><F6/><N who="3" m="2667" /><G128/><T13/><D25/><U134/><E134/><V34/><F34/><W28/><G28/><T38/><D38/><U99/><E0/><V27/><F27/><W45/><G11/><N who="1" m="4106" /><E30/><V61/><F70/><W17/><G59/><T100/><D100/><U20/><E20/><N who="3" m="7722" /><G98/><T52/><D42/><U107/><E35/><V89/><F68/><W122/><G122/><T74/><D74/><U85/><E73/><V32/><F32/><W12/><G12/><N who="2" m="4649" /><F116/><W92/><G92/><T131/><D131/><U105/><E105/><V43/><F43/><W16/><AGARI ba="0,0" hai="16,17,19,45,47,55,56,60" m="7722,2667" machi="16" ten="30,3000,0" yaku="8,1,54,1" doraHai="88" who="3" fromWho="3" sc="293,-10,263,-10,231,-10,213,30" /><INIT seed="3,1,0,1,2,57" ten="283,253,221,243" oya="3" hai0="37,98,13,72,92,132,23,47,101,85,43,9,97" hai1="66,126,67,36,104,118,128,10,1,95,105,83,114" hai2="119,20,69,40,71,76,111,84,65,131,115,134,22" hai3="116,74,70,107,6,38,49,62,46,27,41,124,63"/><W35/><G116/><T117/><D72/><U108/><E114/><V86/><F111/><W112/><G112/><T26/><D117/><U48/><E36/><V103/><F119/><W68/><G74/><T15/><D132/><U44/><E118/><V3/><F3/><W17/><G6/><T5/><D98/><U12/><E1/><V130/><F115/><W56/><G107/><T73/><D73/><U28/><E108/><V79/><F40/><N who="3" m="24775" /><G17/><T29/><D85/><U127/><E83/><V64/><REACH who="2" step="1"/><F103/><REACH who="2" ten="283,253,211,243" step="2"/><W19/><G35/><T2/><AGARI ba="1,1" hai="2,5,9,13,15,23,26,29,37,43,47,92,97,101" machi="2" ten="20,1500,0" yaku="0,1,7,1" doraHai="57" who="0" fromWho="0" sc="283,28,253,-5,211,-5,243,-8" owari="311,41.1,248,4.8,206,-29.4,235,-16.5" /></mjloggm>