<mjloggm ver="2.3"><GO type="225" lobby="0"/><UN n0="%E3%83%96%E3%83%83%E3%83%91%E3%82%AA%E3%83%96%E3%83%81%E3%82%AD%E3%83%B3" n1="%E3%81%95%E3%81%8D%E3%81%9F%E3%81%BE%E6%9E%97%E6%AA%8E" n2="%E6%80%AA%E3%81%97%E3%81%99%E3%81%8E%E3%82%8B%E3%83%81%E3%83%BC" n3="%E9%A6%AC%E5%BC%95%E7%81%AB%33" dan="16,16,16,16" rate="2152.54,2145.75,2076.95,2069.01" sx="M,M,M,M"/><TAIKYOKU oya="0"/><INIT seed="0,0,0,5,0,10" ten="250,250,250,250" oya="0" hai0="42,128,58,66,125,15,135,38,133,112,23,89,127" hai1="47,85,123,94,33,113,76,93,74,129,20,63,119" hai2="1,116,102,48,69,109,30,107,68,70,87,16,7" hai3="86,62,61,99,82,67,111,72,13,22,97,32,4"/><T34/><D34/><U43/><E119/><V100/><F116/><W0/><G32/><T73/><D73/><U114/><E123/><V120/><F120/><W75/><G111/><T60/><D112/><N who="1" m="43115" /><E33/><V52/><F109/><W40/><G0/><T9/><D23/><U53/><E129/><V19/><F30/><W35/><G35/><T25/><D25/><U37/><E74/><V26/><F7/><W121/><G121/><T21/><D21/><U50/><E63/><V110/><F1/><W81/><G40/><T117/><D117/><U55/><E20/><V108/><F26/><W105/><G105/><T44/><D89/><U31/><E31/><V27/><F27/><W122/><G122/><T11/><D11/><U59/><E55/><V90/><F108/><W18/><G4/><T115/><D115/><U65/><E65/><V83/><F110/><W96/><G82/><AGARI ba="0,0" hai="37,43,47,50,53,59,76,82,85,93,94" m="43115" machi="82" ten="30,1000,0" yaku="11,1" doraHai="10" who="1" fromWho="3" sc="250,0,250,10,250,0,250,-10" /><INIT seed="1,0,0,1,0,106" ten="250,260,250,240" oya="1" hai0="40,108,82,29,75,58,28,48,26,4,37,77,126" hai1="112,78,57,17,16,14,91,70,135,50,84,19,34" hai2="25,71,110,61,55,133,107,94,130,66,117,92,122" hai3="73,47,31,69,128,85,49,7,114,15,0,21,120"/><U38/><E112/><V39/><F107/><W53/><G120/><T83/><D108/><U63/><E38/><V119/><F122/><W96/><G114/><T124/><D83/><U87/><E34/><V20/><F110/><W81/><G69/><T105/><D105/><U90/><E70/><V10/><F133/><W3/><G128/><T68/><D68/><U72/><E50/><V116/><F130/><W13/><G96/><T127/><D4/><U24/><E24/><V12/><F39/><W86/><G73/><T60/><D37/><U111/><E72/><V51/><F12/><W56/><G85/><N who="1" m="32842" /><E78/><V32/><F32/><W93/><G93/><T99/><D99/><U100/><E100/><V109/><F109/><W62/><G31/><T97/><D97/><U121/><E121/><V98/><F98/><W89/><G13/><T8/><D26/><U123/><E123/><V67/><F10/><W11/><REACH who="3" step="1"/><G21/><REACH who="3" ten="250,260,250,230" step="2"/><T129/><D129/><U80/><E135/><V54/><F94/><W46/><G46/><N who="0" m="25671" /><D8/><U41/><E111/><V59/><F92/><W65/><AGARI ba="0,1" hai="0,3,7,11,15,47,49,53,56,62,65,81,86,89" machi="65" ten="20,5200,0" yaku="1,1,0,1,7,1,53,1" doraHai="106" doraHaiUra="5" who="3" fromWho="3" sc="250,-13,260,-26,250,-13,230,62" /><INIT seed="2,0,0,1,5,107" ten="237,234,237,292" oya="2" hai0="84,97,103,22,79,60,85,12,125,118,46,120,74" hai1="16,123,91,7,133,111,68,47,77,66,72,132,99" hai2="62,92,26,106,36,131,83,58,64,11,43,31,57" hai3="51,88,112,17,69,23,90,102,65,135,56,42,100"/><V113/><F106/><W119/><G119/><T71/><D120/><U76/><E123/><V116/><F116/><W101/><G135/><N who="1" m="51786" /><E111/><V4/><F113/><W32/><G32/><T0/><D118/><U9/><E47/><V81/><F131/><W61/><G112/><T30/><D0/><U55/><E55/><V134/><F134/><W70/><G70/><T73/><D125/><U67/><E16/><V48/><F36/><W41/><G69/><T95/><D46/><U80/><E77/><V29/><F43/><N who="3" m="16395" /><G51/><T5/><D5/><U87/><E99/><V110/><F110/><W86/><G86/><T54/><D54/><U8/><E68/><V115/><F115/><W117/><G117/><T35/><D71/><U127/><E127/><V39/><F39/><W2/><G2/><T24/><D79/><U82/><E9/><V44/><F44/><W114/><G114/><T25/><D60/><U122/><E122/><V27/><F48/><W89/><G102/><T96/><D96/><U98/><E98/><V18/><F57/><W14/><AGARI ba="0,0" hai="14,17,23,56,61,65,88,89,90,100,101" m="16395" machi="14" ten="30,2000,0" yaku="8,1,54,1" doraHai="107" who="3" fromWho="3" sc="237,-5,234,-5,237,-10,292,20" /><INIT seed="3,0,0,1,4,83" ten="232,229,227,312" oya="3" hai0="21,126,134,5,100,132,9,7,133,56,105,63,96" hai1="97,124,111,50,80,32,102,30,72,119,66,47,68" hai2="2,69,128,39,1,53,15,106,3,79,8,115,76" hai3="74,11,95,60,92,38,22,35,6,24,10,94,65"/><W99/><G74/><T117/><D117/><U31/><E111/><V84/><F115/><W86/><G38/><T107/><D126/><U16/><E124/><V36/><F106/><W58/><G35/><T73/><D73/><U77/><E119/><V123/><F69/><W44/><G44/><T40/><D40/><U70/><E66/><V25/><F25/><W75/><G75/><T20/><D107/><U26/><E31/><V113/><F113/><W78/><G99/><T82/><D82/><U42/><E16/><N who="2" m="8295" /><F53/><W85/><G78/><N who="2" m="29737" /><F84/><N who="3" m="32363" /><G6/><N who="0" m="2059" /><D9/><U61/><E61/><V90/><F90/><W12/><G12/><T88/><D88/><U18/><E18/><AGARI ba="0,0" hai="10,11,18,22,24,58,60,65,92,94,95" m="32363" machi="18" ten="30,11600,0" yaku="8,1,52,3" doraHai="83" who="3" fromWho="1" sc="232,0,229,-116,227,0,312,116" owari="232,3.2,113,-38.7,227,-17.3,428,52.8" /></mjloggm>