<mjloggm ver="2.3"><GO type="225" lobby="0"/><UN n0="%43%68%65" n1="%E7%89%B9%E6%9D%B1%E3%81%AF%E4%B8%96%E7%95%8C%E3%82%92%E6%95%91%E3%81%86" n2="%E3%83%81%E3%83%83%E3%82%BF%E3%82%BD%E3%83%BC" n3="%E9%B4%A8%4E%45%47%49" dan="16,16,16,16" rate="2177.89,2154.95,2114.67,2094.91" sx="M,M,F,M"/><TAIKYOKU oya="0"/><INIT seed="0,0,0,3,1,43" ten="250,250,250,250" oya="0" hai0="134,108,81,130,2,99,38,30,13,7,71,86,6" hai1="58,87,55,74,51,69,44,63,127,10,102,29,133" hai2="80,78,90,39,65,54,50,59,96,83,19,126,14" hai3="84,66,53,36,73,41,5,32,37,119,33,93,42"/><T3/><D71/><U79/><E74/><V20/><F126/><W132/><G119/><T1/><D38/><U24/><E127/><V98/><F39/><W28/><G73/><T113/><D113/><U111/><E111/><V25/><F65/><W16/><G66/><T45/><D108/><U34/><E133/><V115/><F115/><W11/><G132/><T48/><D134/><U85/><E69/><V9/><F90/><W122/><G122/><T23/><D130/><U22/><E79/><V117/><F117/><W72/><G72/><T70/><D99/><U35/><E102/><V118/><F118/><W49/><G16/><T62/><D62/><U67/><REACH who="1" step="1"/><E10/><REACH who="1" ten="250,240,250,250" step="2"/><V129/><F129/><W4/><G11/><T106/><D70/><U131/><E131/><V112/><F112/><W46/><G37/><T121/><D121/><U8/><E8/><V128/><F128/><W109/><G109/><T57/><D106/><U27/><E27/><V116/><F116/><W52/><G36/><T47/><D2/><U101/><E101/><V21/><F9/><W18/><G5/><T104/><D104/><U31/><E31/><N who="2" m="17831" /><F78/><W40/><G4/><T135/><D135/><U97/><E97/><AGARI ba="0,1" hai="14,19,21,50,54,59,80,83,96,97,98" m="17831" machi="97" ten="30,1000,0" yaku="8,1" doraHai="43" who="2" fromWho="1" sc="250,0,240,-10,250,20,250,0" /><INIT seed="1,0,0,3,5,94" ten="250,230,270,250" oya="1" hai0="40,34,48,20,133,6,86,22,108,69,39,9,107" hai1="80,53,2,118,101,105,0,41,127,125,102,7,74" hai2="119,60,71,98,51,113,66,18,55,75,134,68,63" hai3="87,61,124,91,36,44,47,33,14,122,121,16,50"/><U5/><E118/><V23/><F119/><W129/><G33/><T25/><D69/><U1/><E41/><V10/><F75/><W35/><G35/><T15/><D39/><U115/><E115/><V49/><F134/><W123/><G124/><N who="1" m="47690" /><E53/><V28/><F28/><W97/><G129/><T93/><D107/><U83/><E74/><V130/><F130/><W29/><G61/><T59/><D133/><U13/><E13/><V30/><F113/><W89/><G29/><T110/><D34/><U27/><E27/><V21/><F30/><W112/><G36/><T58/><D22/><U52/><E52/><V96/><F10/><W70/><G70/><T99/><D110/><U64/><E64/><V76/><F55/><W104/><G112/><T126/><D108/><U73/><E73/><V106/><F66/><W128/><G128/><T19/><D126/><U67/><E67/><V46/><F46/><W79/><G47/><N who="0" m="25703" /><D86/><U62/><E62/><V78/><F18/><W132/><G132/><T8/><D8/><U57/><E57/><V12/><F12/><W65/><G121/><T117/><D117/><U85/><E105/><AGARI ba="0,0" hai="21,23,49,51,60,63,68,71,76,78,96,98,105,106" machi="105" ten="25,6400,0" yaku="22,2,52,2" doraHai="94" who="2" fromWho="1" sc="250,0,230,-64,270,64,250,0" /><INIT seed="2,0,0,5,4,9" ten="250,166,334,250" oya="2" hai0="31,105,91,103,33,107,116,82,23,66,77,87,72" hai1="113,50,14,26,99,53,39,35,44,84,58,51,7" hai2="128,27,68,101,129,2,43,112,118,52,36,54,41" hai3="11,93,102,135,3,55,40,63,76,114,124,120,95"/><V119/><F2/><W96/><G120/><T108/><D33/><U88/><E113/><V70/><F27/><W98/><G114/><T1/><D1/><U71/><E71/><N who="2" m="27179" /><F101/><W97/><G124/><T34/><D34/><U13/><E39/><V38/><F112/><W121/><G135/><T10/><D66/><U110/><E110/><V46/><F119/><W18/><G121/><T48/><D108/><U12/><E99/><N who="3" m="37962" /><G3/><T61/><D61/><U90/><E7/><V117/><F118/><W74/><G74/><T94/><D116/><U28/><REACH who="1" step="1"/><E84/><REACH who="1" ten="250,156,334,250" step="2"/><V64/><F117/><W17/><G98/><T67/><D87/><U59/><E59/><V73/><F73/><W81/><G102/><T130/><D103/><U45/><E45/><N who="2" m="23719" /><F64/><W89/><G95/><T132/><D94/><U133/><E133/><V65/><F65/><W125/><G93/><T134/><D67/><U19/><E19/><V49/><F38/><W75/><G18/><T22/><D134/><U30/><E30/><V29/><F29/><W123/><G17/><T6/><D132/><U109/><E109/><V56/><F56/><W21/><G123/><T37/><D31/><U4/><E4/><V79/><F46/><W62/><G75/><T104/><D37/><U0/><E0/><V115/><F115/><W8/><G81/><T126/><D82/><U15/><N who="1" m="3072" /><DORA hai="100" /><U16/><E16/><V42/><F128/><W57/><G11/><T85/><D130/><U127/><E127/><V24/><F129/><W83/><G8/><T122/><D126/><U106/><E106/><V86/><F86/><RYUUKYOKU ba="0,1" sc="250,-10,156,30,334,-10,250,-10" hai1="26,28,35,44,50,51,53,58,88,90" /><INIT seed="3,1,1,3,3,117" ten="240,186,324,240" oya="3" hai0="77,128,18,58,33,30,62,64,119,110,19,0,84" hai1="82,109,28,96,112,60,45,48,63,120,16,51,124" hai2="27,76,127,47,22,100,97,107,71,67,102,10,72" hai3="61,106,5,126,114,130,132,74,95,104,39,42,113"/><W80/><G5/><T98/><D119/><U93/><E109/><V17/><F127/><W90/><G61/><T4/><D110/><U103/><E124/><V3/><F100/><W56/><G56/><T57/><D128/><U134/><E134/><V29/><F47/><W23/><G23/><T87/><D98/><U35/><E112/><N who="3" m="43114" /><G42/><T123/><D123/><U7/><E7/><V34/><F76/><N who="3" m="44055" /><G39/><T135/><D135/><U115/><E115/><V43/><F72/><W44/><G44/><T68/><D30/><U122/><E82/><V118/><F118/><W49/><G49/><T36/><D33/><U83/><E83/><V46/><F10/><W52/><G52/><T129/><D36/><U91/><E103/><V133/><F3/><W81/><G132/><T14/><D0/><U15/><E48/><V50/><F133/><W65/><G65/><T11/><D129/><U2/><E2/><V121/><F67/><W79/><G126/><T70/><D70/><U94/><E94/><V73/><F71/><W66/><G66/><T86/><D77/><U101/><E101/><V24/><F73/><N who="3" m="43247" /><G130/><T111/><D111/><U13/><E28/><V6/><F6/><W37/><G37/><T116/><D116/><U88/><E35/><V55/><F43/><W41/><G41/><T8/><D8/><N who="1" m="6183" /><E15/><V21/><F34/><W131/><G131/><T105/><D68/><U12/><E12/><V99/><F21/><W53/><G53/><T108/><D108/><U89/><E63/><V1/><F55/><W31/><G31/><T38/><D62/><U85/><E60/><RYUUKYOKU ba="1,1" sc="240,-10,186,-10,324,-10,240,30" hai3="90,95,104,106" /><INIT seed="3,2,1,1,5,122" ten="230,176,314,270" oya="3" hai0="134,50,105,62,55,67,33,81,30,24,43,11,38" hai1="129,106,20,53,90,109,21,120,14,3,80,133,123" hai2="87,131,101,89,19,60,57,72,22,35,74,26,28" hai3="32,66,117,99,135,27,91,70,112,18,132,49,63"/><W15/><G112/><T114/><D114/><U56/><E3/><V128/><F101/><W124/><G117/><T23/><D134/><N who="3" m="51241" /><G124/><T88/><D105/><U76/><E133/><V98/><F98/><W45/><G99/><T46/><D11/><U119/><E119/><V29/><F74/><W10/><G91/><T61/><D33/><U127/><E106/><V111/><F72/><W94/><G94/><T71/><D62/><U92/><E127/><V13/><F28/><N who="3" m="19487" /><G49/><T65/><D65/><U110/><E129/><N who="2" m="49739" /><F111/><N who="1" m="42505" /><E14/><V108/><F108/><W0/><G45/><T82/><D88/><U84/><E120/><V6/><F6/><W104/><G104/><T121/><REACH who="0" step="1"/><D121/><REACH who="0" ten="220,176,314,270" step="2"/><U116/><E123/><V1/><F89/><W59/><G0/><T79/><D79/><U41/><E116/><V102/><F1/><W34/><G34/><T37/><D37/><U58/><E41/><V125/><F125/><W73/><G73/><T52/><D52/><U2/><E2/><V96/><F35/><W100/><G100/><T44/><AGARI ba="2,2" hai="23,24,30,38,43,44,46,50,55,61,67,71,81,82" machi="44" ten="20,5200,0" yaku="1,1,0,1,7,1,53,1" doraHai="122" doraHaiUra="51" who="0" fromWho="0" sc="220,78,176,-15,314,-15,270,-28" /><INIT seed="4,0,0,2,0,72" ten="298,161,299,242" oya="0" hai0="42,91,19,86,68,96,50,100,31,58,49,12,85" hai1="93,121,36,83,24,119,40,87,101,67,124,23,66" hai2="54,132,59,5,92,46,39,51,131,2,95,22,84" hai3="73,78,7,26,63,62,35,32,77,98,18,48,56"/><T135/><D68/><U61/><E124/><V81/><F131/><W13/><G35/><T107/><D135/><U43/><E119/><V130/><F130/><W41/><G73/><T99/><D31/><U97/><E121/><V3/><F132/><W52/><G32/><T75/><D75/><U125/><E125/><V47/><F2/><W27/><G98/><T123/><D123/><U127/><E127/><V90/><F5/><W15/><G7/><T17/><D50/><U118/><E118/><V55/><F3/><W102/><G102/><T128/><D128/><U108/><E108/><V116/><F116/><W0/><G0/><T82/><D99/><U37/><E37/><V21/><F39/><W113/><G113/><T71/><D71/><U11/><E11/><V133/><F133/><W9/><G15/><T122/><D122/><U20/><E36/><V109/><F46/><N who="3" m="25679" /><G63/><T69/><D69/><U53/><E53/><V45/><F47/><W134/><G134/><T60/><D49/><U76/><E23/><N who="2" m="8715" /><F109/><W14/><G14/><T110/><D110/><U94/><E93/><N who="2" m="35915" /><F59/><W6/><G6/><T103/><D42/><AGARI ba="0,0" hai="42,45,51,54,55,81,84,90" m="35915,8715" machi="42" ten="30,1000,0" yaku="8,1" doraHai="72" who="2" fromWho="0" sc="298,-10,161,0,299,10,242,0" owari="288,8.8,161,-33.9,309,40.9,242,-15.8" /></mjloggm>