<mjloggm ver="2.3"><GO type="225" lobby="0"/><UN n0="%E3%83%81%E3%83%A7%E3%83%99%E3%83%83%E3%82%AF" n1="%E3%81%95%E3%81%8D%E3%81%9F%E3%81%BE%E6%9E%97%E6%AA%8E" n2="%E3%81%BF%E3%81%BF%E3%81%9A" n3="%E6%80%AA%E3%81%97%E3%81%99%E3%81%8E%E3%82%8B%E3%83%81%E3%83%BC" dan="16,16,17,16" rate="2144.59,2121.69,2248.64,2108.63" sx="M,M,M,M"/><TAIKYOKU oya="0"/><INIT seed="0,0,0,5,4,15" ten="250,250,250,250" oya="0" hai0="64,133,124,57,118,126,23,65,24,9,41,27,94" hai1="8,109,85,21,135,74,88,1,62,119,71,2,26" hai2="66,58,51,80,49,120,93,131,128,69,103,87,53" hai3="96,78,16,6,81,121,114,30,100,83,20,91,61"/><T50/><D118/><U122/><E119/><V11/><F120/><W104/><G114/><T22/><D9/><U36/><E122/><V68/><F11/><W42/><G121/><T45/><D133/><U18/><E36/><V89/><F66/><W107/><G6/><T99/><D126/><U117/><E74/><V97/><REACH who="2" step="1"/><F49/><REACH who="2" ten="250,250,240,250" step="2"/><W115/><G115/><T110/><D124/><U112/><E117/><V72/><F72/><W92/><G30/><N who="0" m="17687" /><D110/><U125/><E109/><V46/><F46/><W29/><G29/><N who="0" m="17663" /><D57/><U56/><E56/><V55/><F55/><W38/><G38/><T102/><AGARI ba="0,1" hai="41,45,50,64,65,94,99,102" m="17663,17687" machi="102" ten="30,1500,0" yaku="8,1" doraHai="15" who="0" fromWho="0" sc="250,25,250,-5,240,-5,250,-5" /><INIT seed="0,1,0,2,0,106" ten="275,245,235,245" oya="0" hai0="17,118,55,50,27,58,63,68,45,2,87,22,103" hai1="53,9,130,84,127,79,67,21,114,14,133,69,46" hai2="72,15,42,18,85,39,13,33,59,89,1,24,40" hai3="97,101,35,71,95,107,48,132,62,88,10,82,19"/><T135/><D135/><U105/><E130/><V99/><F72/><W98/><G35/><T30/><D2/><U0/><E0/><V20/><F1/><W49/><G132/><T134/><D134/><U124/><E133/><V94/><F39/><W11/><G82/><T111/><D118/><U116/><E116/><V126/><F126/><W36/><G36/><T115/><D115/><U16/><E114/><V113/><F113/><W5/><G19/><T61/><D68/><U129/><E129/><V131/><F131/><W52/><G5/><T7/><D7/><U70/><E105/><V77/><F33/><W93/><G107/><T38/><D38/><U60/><E70/><V75/><F75/><W74/><G74/><T4/><D4/><U121/><E121/><V47/><F59/><N who="3" m="35175" /><G71/><T57/><D111/><U109/><E109/><V78/><F78/><W54/><G49/><T119/><D103/><U86/><E9/><V100/><F77/><W96/><G98/><T92/><D119/><U43/><E53/><V51/><REACH who="2" step="1"/><F42/><REACH who="2" ten="275,245,225,245" step="2"/><W91/><G101/><T8/><D58/><AGARI ba="1,1" hai="10,11,48,54,58,88,91,93,95,96,97" m="35175" machi="58" ten="30,3900,0" yaku="8,1,54,2" doraHai="106" who="3" fromWho="0" sc="275,-42,245,0,225,0,245,52" /><INIT seed="1,0,0,5,4,120" ten="233,245,225,297" oya="1" hai0="19,72,109,58,121,87,53,3,73,103,22,69,75" hai1="83,68,15,119,129,123,106,10,130,101,113,8,107" hai2="91,21,30,76,54,44,133,85,17,128,104,95,36" hai3="56,38,65,62,57,31,61,16,41,132,84,135,74"/><U42/><E123/><V18/><F128/><N who="1" m="49257" /><E113/><V92/><F133/><N who="3" m="51275" /><G74/><T52/><D69/><U35/><E119/><V94/><F104/><W93/><G31/><T67/><D3/><U81/><E35/><V118/><F118/><W59/><G16/><N who="2" m="6249" /><F36/><W96/><G84/><T13/><D121/><U5/><E68/><V4/><F4/><W40/><G38/><T89/><D103/><U64/><E64/><V99/><F44/><W47/><G47/><T50/><D109/><U108/><E108/><V32/><F32/><W55/><G56/><T43/><D43/><U80/><E42/><V33/><F33/><W46/><G46/><T98/><D98/><N who="1" m="61751" /><E10/><V63/><F30/><W9/><G9/><T27/><D67/><U78/><E107/><V100/><F21/><W26/><G26/><T112/><D112/><U71/><E71/><V1/><F1/><W51/><G62/><T24/><REACH who="0" step="1"/><D53/><REACH who="0" ten="223,245,225,297" step="2"/><U116/><E116/><V82/><F76/><AGARI ba="0,1" hai="5,8,15,76,78,80,81,83" m="61751,49257" machi="76" ten="30,1500,0" yaku="19,1" doraHai="120" who="1" fromWho="2" sc="223,0,245,25,225,-15,297,0" /><INIT seed="1,1,0,2,0,3" ten="223,270,210,297" oya="1" hai0="75,67,7,115,126,104,129,101,86,41,10,40,49" hai1="127,15,56,48,114,55,68,32,12,64,14,63,37" hai2="109,74,98,93,112,11,76,79,78,102,113,91,119" hai3="61,27,17,5,130,66,22,18,125,28,97,24,31"/><U121/><E114/><N who="2" m="44139" /><F119/><W30/><G130/><T25/><D75/><U43/><E121/><V50/><F50/><W100/><G125/><T16/><D115/><U108/><E108/><V85/><F11/><W70/><G5/><T9/><D104/><U84/><E84/><V6/><F6/><W99/><G100/><T81/><D101/><U131/><E131/><V45/><F45/><W26/><REACH who="3" step="1"/><G18/><REACH who="3" ten="223,270,210,287" step="2"/><T35/><D126/><U110/><E127/><V83/><F109/><W124/><G124/><T123/><D129/><U20/><E110/><V2/><F2/><W47/><G47/><T120/><D120/><U62/><E62/><V54/><F54/><W71/><G71/><T4/><D123/><U105/><E68/><V135/><F135/><W116/><G116/><T90/><D67/><U33/><E64/><V59/><F59/><W39/><G39/><T19/><D41/><U94/><E37/><V133/><F133/><W95/><G95/><AGARI ba="1,1" hai="74,76,78,79,83,85,91,93,95,98,102" m="44139" machi="95" ten="30,3900,0" yaku="11,1,34,2" doraHai="3" who="2" fromWho="3" sc="223,0,270,0,210,52,287,-42" /><INIT seed="2,0,0,1,1,41" ten="223,270,262,245" oya="2" hai0="49,66,26,85,123,47,117,39,57,40,78,92,104" hai1="5,63,43,28,94,109,44,86,12,46,59,31,70" hai2="116,19,106,114,81,124,128,6,132,64,79,108,35" hai3="115,11,111,93,30,50,29,134,17,7,129,65,74"/><V23/><F106/><W100/><G74/><T95/><D104/><U45/><E70/><V20/><F114/><W118/><G118/><T15/><D123/><U73/><E73/><V52/><F35/><W89/><G115/><T133/><D133/><U120/><E120/><V8/><F116/><W16/><G100/><T127/><D127/><U71/><E71/><V51/><F64/><W122/><G122/><T42/><D117/><U77/><E109/><V88/><F108/><W9/><G129/><T83/><D39/><U99/><E43/><V101/><F101/><W0/><G65/><T80/><D40/><U82/><E12/><V61/><F61/><W62/><G62/><N who="0" m="38223" /><D83/><U130/><E5/><V36/><F36/><W135/><G50/><T34/><D34/><U67/><E130/><V14/><F128/><W68/><G68/><T102/><D102/><AGARI ba="0,0" hai="28,31,44,45,46,59,63,67,77,82,86,94,99,102" machi="102" ten="40,8000,1" yaku="8,1,52,3" doraHai="41" who="1" fromWho="0" sc="223,-80,270,80,262,0,245,0" /><INIT seed="3,0,0,0,4,26" ten="143,350,262,245" oya="3" hai0="119,11,92,70,78,19,102,5,80,37,57,118,65" hai1="9,101,77,107,68,120,113,16,98,60,30,91,109" hai2="128,43,31,20,124,51,32,99,22,72,12,58,47" hai3="10,44,53,24,15,114,67,74,117,121,41,122,127"/><W40/><G74/><T133/><D57/><U104/><E120/><V8/><F124/><W38/><G127/><T66/><D92/><U132/><E113/><V50/><F128/><W126/><G114/><T108/><D108/><U27/><E109/><V82/><F72/><W83/><G117/><T0/><D65/><U84/><E77/><V94/><F82/><W93/><G126/><T42/><D19/><U115/><E115/><V90/><F32/><W55/><G24/><T135/><D102/><U125/><E125/><V4/><F31/><W18/><G67/><T25/><D25/><U129/><E129/><V62/><REACH who="2" step="1"/><F50/><REACH who="2" ten="143,350,252,245" step="2"/><W88/><G83/><T36/><D36/><U61/><E30/><V49/><F49/><W2/><G2/><T1/><D1/><U134/><E134/><V116/><F116/><W76/><G76/><T14/><D135/><U71/><E132/><V46/><F46/><W81/><G81/><T6/><D133/><U23/><E61/><V112/><F112/><W21/><G40/><T7/><D119/><U79/><E60/><V130/><F130/><W96/><REACH who="3" step="1"/><G10/><REACH who="3" ten="143,350,252,235" step="2"/><T100/><D118/><U17/><E9/><V29/><F29/><W69/><G69/><T45/><D11/><U89/><E79/><V56/><F56/><W103/><G103/><T86/><D100/><U48/><E71/><V85/><F85/><W34/><G34/><T28/><D70/><U110/><E68/><V13/><F13/><W39/><G39/><T33/><D14/><U106/><E101/><V35/><F35/><W131/><G131/><T63/><D86/><RYUUKYOKU ba="0,2" sc="143,-15,350,-15,252,15,235,15" hai2="4,8,12,20,22,43,47,51,58,62,90,94,99" hai3="15,18,21,38,41,44,53,55,88,93,96,121,122" /><INIT seed="3,1,2,5,1,101" ten="128,335,267,250" oya="3" hai0="107,96,38,93,8,32,90,60,111,123,24,69,37" hai1="121,112,103,73,59,124,64,27,82,92,117,34,51" hai2="39,0,98,76,95,87,17,132,22,122,133,130,57" hai3="7,135,94,77,89,104,54,71,42,116,97,85,26"/><W129/><G116/><T102/><D8/><U79/><E112/><V35/><F35/><W118/><G118/><T52/><D111/><U105/><E117/><V49/><F39/><W61/><G135/><N who="2" m="51785" /><F0/><W67/><G129/><T70/><D123/><U109/><E109/><V41/><F130/><W84/><G42/><T125/><D125/><U28/><E121/><V55/><F41/><W25/><G7/><T99/><D69/><U16/><E124/><V47/><F47/><W18/><G18/><T45/><D45/><U46/><E92/><V110/><F110/><W56/><G85/><T68/><D68/><U83/><E83/><V131/><F131/><W10/><G10/><T128/><D128/><U75/><E75/><V53/><F53/><W12/><G12/><T9/><D9/><U2/><E2/><V91/><F122/><W88/><G77/><T134/><D134/><U15/><E103/><V58/><F58/><W31/><G31/><T126/><D126/><U50/><E59/><V1/><F1/><W44/><G44/><T29/><REACH who="0" step="1"/><D52/><REACH who="0" ten="118,335,267,250" step="2"/><U14/><E46/><V106/><F55/><W66/><G54/><T13/><D13/><U23/><E14/><V80/><F57/><W62/><G71/><T20/><D20/><U74/><E23/><V11/><F11/><W3/><G56/><T43/><D43/><U33/><E15/><N who="2" m="9535" /><F49/><W114/><G3/><T19/><D19/><U78/><E51/><V4/><F4/><W36/><G61/><T6/><D6/><U108/><E50/><V72/><F72/><W120/><G62/><T115/><D115/><RYUUKYOKU ba="1,3" sc="118,15,335,-15,267,15,250,-15" hai0="24,29,32,37,38,60,70,90,93,96,99,102,107" hai2="76,80,87,91,95,98,106" owari="133,-36.7,350,45.0,282,8.2,235,-16.5" /></mjloggm>