<mjloggm ver="2.3"><GO type="225" lobby="0"/><UN n0="%E5%91%A8%E6%9D%B1" n1="%E6%A1%9C%E8%8A%B1%E9%96%83%E3%80%85" n2="%E7%99%BD%E5%80%89%E5%AF%9B%E4%B9%8B" n3="%40%77%61%6B%61" dan="17,16,16,16" rate="2162.72,2104.24,2161.76,2103.95" sx="M,M,M,M"/><TAIKYOKU oya="0"/><INIT seed="0,0,0,1,2,77" ten="250,250,250,250" oya="0" hai0="54,58,116,88,41,103,6,66,38,75,16,53,84" hai1="91,97,121,71,98,111,62,127,80,24,56,37,132" hai2="134,44,85,57,35,65,129,23,22,113,110,109,133" hai3="86,108,48,1,2,36,63,67,120,119,102,87,29"/><T42/><D75/><U106/><E121/><V90/><F35/><W51/><G119/><T76/><D116/><U59/><E111/><N who="2" m="42507" /><F113/><W43/><G36/><T12/><D76/><U92/><E127/><V79/><F79/><W46/><G102/><T39/><D103/><U89/><E132/><N who="2" m="50795" /><F129/><W5/><G29/><T128/><D128/><U20/><E37/><V28/><F28/><W117/><G117/><T96/><D6/><U3/><E3/><V19/><F19/><W18/><G18/><T21/><D96/><U104/><E71/><V112/><F112/><W114/><G1/><T40/><D66/><U68/><E68/><V32/><F32/><W11/><G108/><T34/><D34/><U26/><E20/><V82/><F44/><W115/><G120/><T30/><D30/><U17/><E17/><V131/><F131/><W81/><G114/><T7/><D7/><U73/><E73/><V105/><F105/><W70/><G115/><T72/><D72/><U13/><E104/><V8/><F8/><W50/><REACH who="3" step="1"/><G87/><REACH who="3" ten="250,250,250,240" step="2"/><T27/><D27/><U95/><E26/><V123/><F123/><W55/><G55/><T52/><REACH who="0" step="1"/><D58/><REACH who="0" ten="240,250,250,240" step="2"/><U100/><E24/><V118/><F118/><W10/><G10/><T4/><D4/><U69/><E56/><V107/><F107/><W99/><G99/><T49/><D49/><U135/><E135/><V61/><AGARI ba="0,2" hai="22,23,57,61,65,82,85,90" m="50795,42507" machi="61" ten="40,5200,0" yaku="14,1,20,1,52,1" doraHai="77" who="2" fromWho="2" sc="240,-26,250,-13,250,72,240,-13" /><INIT seed="1,0,0,0,1,111" ten="214,237,322,227" oya="1" hai0="49,36,34,122,16,98,85,130,71,32,107,37,48" hai1="38,124,43,19,133,89,92,116,53,62,10,64,23" hai2="8,59,29,99,115,76,55,83,119,77,41,114,102" hai3="3,135,78,70,44,103,126,65,18,30,127,118,14"/><U54/><E116/><V39/><F119/><W66/><G3/><T24/><D130/><U22/><E133/><V47/><F29/><W40/><G118/><T6/><D122/><U100/><E124/><N who="3" m="47658" /><G30/><T113/><D71/><U104/><E104/><V67/><F67/><W63/><G66/><T81/><D6/><U27/><E100/><V109/><F8/><W128/><G128/><T87/><D107/><U31/><E10/><V97/><F109/><W108/><G108/><T60/><D60/><U79/><E79/><V5/><F5/><W112/><G78/><N who="2" m="30313" /><F83/><W95/><G135/><T101/><D81/><U58/><E43/><V15/><F15/><W117/><G117/><T45/><D24/><N who="1" m="14431" /><E38/><V35/><F35/><W11/><G95/><T90/><D34/><U91/><E91/><V42/><F42/><W110/><G110/><T25/><D32/><U74/><E74/><V73/><F73/><W21/><G103/><T57/><D101/><U56/><E56/><V123/><F123/><W4/><G4/><T1/><D57/><U106/><E106/><V52/><F102/><W50/><G11/><T84/><D37/><U69/><E69/><V17/><F17/><W26/><G26/><T33/><D16/><U88/><E89/><V125/><F125/><W46/><G46/><T134/><D45/><U75/><E75/><V86/><F86/><AGARI ba="0,0" hai="23,27,31,53,54,58,62,64,86,88,92" m="14431" machi="86" ten="30,2900,0" yaku="8,1,54,1" doraHai="111" who="1" fromWho="2" sc="214,0,237,29,322,-29,227,0" /><INIT seed="1,1,0,5,4,116" ten="214,266,293,227" oya="1" hai0="114,67,85,92,131,63,65,107,81,0,43,77,50" hai1="52,17,9,35,28,14,124,101,73,19,55,13,87" hai2="66,27,110,121,39,12,6,135,34,57,10,96,108" hai3="11,97,41,84,33,120,38,32,99,68,117,100,25"/><U24/><E73/><V61/><F39/><W105/><G68/><T93/><D107/><U129/><E129/><V26/><F135/><W133/><G117/><T88/><D131/><U60/><E124/><V47/><F47/><W59/><G133/><T53/><D114/><U49/><E101/><V111/><F34/><W20/><G120/><T1/><D43/><U22/><E60/><V64/><F121/><W5/><G97/><T3/><D63/><U46/><REACH who="1" step="1"/><E87/><REACH who="1" ten="214,256,293,227" step="2"/><V79/><F66/><W69/><G84/><T119/><D119/><U78/><E78/><V128/><F128/><W83/><G100/><T42/><D42/><AGARI ba="1,1" hai="9,13,14,17,19,22,24,28,35,42,46,49,52,55" machi="42" ten="30,12000,1" yaku="1,1,7,1,54,1,53,2" doraHai="116" doraHaiUra="51" who="1" fromWho="0" sc="214,-123,256,133,293,0,227,0" /><INIT seed="1,2,0,0,3,86" ten="91,389,293,227" oya="1" hai0="65,53,87,29,114,108,49,133,121,101,41,118,102" hai1="17,132,72,94,91,120,90,84,64,45,31,30,19" hai2="106,103,93,105,28,54,71,23,97,51,70,130,98" hai3="52,9,100,85,80,75,58,40,6,47,62,82,131"/><U99/><E120/><V50/><F130/><W35/><G131/><T22/><D118/><U25/><E72/><V67/><F67/><W124/><G35/><T89/><D121/><U88/><E132/><V76/><F76/><W59/><G124/><T4/><D133/><U109/><E109/><V78/><F78/><W5/><G100/><T15/><D108/><U107/><E107/><V12/><F51/><W77/><G59/><T27/><D41/><U96/><E64/><V135/><F135/><W110/><G9/><T33/><D65/><U92/><E45/><V123/><F123/><W69/><G69/><T129/><D114/><U57/><E57/><V1/><F1/><W39/><REACH who="3" step="1"/><G110/><REACH who="3" ten="91,389,293,217" step="2"/><T79/><D129/><U7/><E7/><V3/><F71/><W2/><G2/><T104/><D33/><U115/><E115/><V48/><F70/><W0/><G0/><T127/><D127/><U26/><E90/><AGARI ba="2,1" hai="5,6,39,40,47,52,58,62,75,77,80,82,85,90" machi="90" ten="30,7700,0" yaku="1,1,7,1,52,1,54,1,53,0" doraHai="86" doraHaiUra="116" who="3" fromWho="1" sc="91,0,389,-83,293,0,217,93" /><INIT seed="2,0,0,3,3,76" ten="91,306,293,310" oya="2" hai0="108,129,28,127,32,120,88,48,114,132,111,54,55" hai1="134,44,0,112,4,59,61,117,94,100,128,87,53" hai2="24,5,47,83,102,118,115,23,68,10,20,60,89" hai3="19,2,27,45,3,39,133,103,9,135,125,46,57"/><V126/><F118/><W35/><G125/><T77/><D28/><U99/><E117/><V1/><F126/><W86/><G103/><T34/><D77/><U113/><E128/><V79/><F115/><W75/><G75/><T110/><D127/><U69/><E134/><N who="3" m="51210" /><G86/><T25/><D132/><U41/><E69/><V78/><F102/><W107/><G57/><T42/><D114/><U29/><E29/><V96/><F23/><N who="3" m="13823" /><G35/><T65/><D129/><U66/><E66/><V90/><F47/><N who="3" m="17931" /><G39/><T84/><D120/><U38/><REACH who="1" step="1"/><E87/><REACH who="1" ten="91,296,293,310" step="2"/><V119/><F119/><W8/><G107/><T26/><D65/><U49/><E49/><V43/><F43/><W85/><G85/><T16/><D42/><U56/><E56/><V58/><F68/><W37/><G37/><T74/><D48/><U71/><E71/><V21/><F58/><W106/><G106/><T91/><D74/><U95/><E95/><V63/><F63/><W17/><G17/><T105/><D105/><U36/><E36/><V93/><F60/><W51/><G51/><T124/><D124/><U98/><E98/><V122/><F96/><W116/><G116/><T33/><D16/><U7/><E7/><V50/><F93/><W18/><G18/><T22/><D22/><U15/><E15/><V13/><F13/><W109/><G109/><T67/><D67/><U62/><E62/><V97/><F21/><W6/><G6/><T92/><REACH who="0" step="1"/><D91/><REACH who="0" ten="81,296,293,310" step="2"/><U81/><E81/><V31/><F83/><W64/><G64/><T12/><D12/><U73/><E73/><V11/><F89/><W104/><G104/><RYUUKYOKU ba="0,2" sc="81,10,296,10,293,-30,310,10" hai0="25,26,32,33,34,54,55,84,88,92,108,110,111" hai1="0,4,38,41,44,53,59,61,94,99,100,112,113" hai3="2,3,8,9" /><INIT seed="3,1,2,5,5,75" ten="91,306,263,320" oya="3" hai0="90,64,86,109,52,22,25,106,7,26,18,58,28" hai1="129,45,63,118,9,12,113,96,110,85,94,78,107" hai2="102,43,14,35,5,132,114,135,121,53,40,17,122" hai3="93,0,13,134,21,4,67,24,27,15,32,31,98"/><W101/><G134/><N who="2" m="51241" /><F35/><W34/><G67/><T38/><D109/><U49/><E113/><V73/><F114/><W127/><G127/><T33/><D106/><U55/><E110/><V39/><F5/><W116/><G116/><T11/><D38/><U37/><E118/><V29/><F29/><W130/><G130/><T71/><D71/><U47/><E129/><V125/><F125/><W61/><G61/><T60/><D64/><U133/><E133/><V16/><F73/><W89/><G34/><T51/><D60/><U111/><E107/><V81/><F102/><W126/><G126/><T82/><D7/><N who="1" m="3135" /><E37/><V44/><F43/><W115/><G115/><T112/><D112/><U119/><E119/><V48/><F81/><W92/><G4/><T36/><D36/><U3/><E3/><V2/><F2/><W62/><G62/><T84/><D11/><U99/><E111/><V87/><F87/><W74/><G74/><T6/><D86/><U54/><E63/><V57/><F14/><W46/><G0/><T65/><D65/><U69/><E69/><V97/><F97/><W68/><G68/><T72/><D72/><U76/><E85/><V117/><F117/><W20/><G32/><T103/><D6/><U77/><E94/><V70/><F70/><W124/><G124/><T104/><D104/><U88/><E88/><V80/><F80/><W105/><G105/><T10/><D10/><U120/><E99/><V79/><F79/><W19/><G46/><T95/><REACH who="0" step="1"/><D103/><REACH who="0" ten="81,306,263,320" step="2"/><U66/><E66/><V91/><F39/><W131/><G131/><T56/><D56/><RYUUKYOKU ba="1,3" sc="81,15,306,-15,263,-15,320,15" hai0="18,22,25,26,28,33,51,52,58,82,84,90,95" hai3="13,15,19,20,21,24,27,31,89,92,93,98,101" owari="96,-40.4,291,9.1,248,-15.2,365,46.5" /></mjloggm>