<mjloggm ver="2.3"><GO type="225" lobby="0"/><UN n0="%E6%81%A5%E6%99%92%E3%81%97" n1="%77%72%77%72%77%72%77%72" n2="%E3%82%A4%E3%83%BC%E3%82%B1%E3%83%97%E3%83%A9" n3="%E3%81%BF%E3%81%BF%E3%81%9A" dan="16,17,16,17" rate="2105.39,2170.40,2173.94,2263.67" sx="M,M,M,M"/><TAIKYOKU oya="0"/><INIT seed="0,0,0,1,3,46" ten="250,250,250,250" oya="0" hai0="73,109,90,45,61,95,42,67,35,80,54,84,55" hai1="115,103,82,48,101,26,1,125,99,25,4,75,76" hai2="134,8,24,131,39,135,120,47,128,92,133,51,126" hai3="36,7,38,3,10,29,40,102,34,11,89,2,74"/><T123/><D123/><U105/><E125/><V117/><F120/><W62/><G89/><T70/><D35/><U5/><E115/><V119/><F39/><W122/><G122/><T28/><D28/><U41/><E101/><V50/><F24/><N who="3" m="18727" /><G62/><T108/><D73/><U49/><E41/><N who="2" m="24943" /><F92/><W112/><G40/><T98/><D55/><U114/><E114/><V78/><F8/><W66/><G66/><T107/><D107/><U77/><E77/><V127/><F51/><W63/><G63/><T21/><D21/><U124/><E124/><N who="2" m="47659" /><F78/><W14/><G112/><T111/><D54/><U32/><E32/><V18/><F18/><W52/><G52/><T20/><D20/><U71/><E71/><V110/><F110/><W43/><G43/><T118/><D118/><AGARI ba="0,0" hai="117,118,119,128,131,133,134,135" m="47659,24943" machi="118" ten="40,16000,3" yaku="30,2,12,1,20,1,18,1,34,2,52,1" doraHai="46" who="2" fromWho="0" sc="250,-160,250,0,250,160,250,0" /><INIT seed="1,0,0,4,0,52" ten="90,250,410,250" oya="1" hai0="75,39,115,58,129,98,21,27,10,0,77,1,5" hai1="108,88,31,118,113,36,14,45,54,89,7,81,92" hai2="30,53,130,104,128,29,2,99,107,111,79,134,4" hai3="74,103,95,123,62,80,87,67,78,18,61,97,26"/><U83/><E113/><V38/><F111/><W86/><G123/><T102/><D115/><U94/><E118/><V65/><F38/><W85/><G18/><T32/><D129/><N who="2" m="49770" /><F65/><W100/><G26/><T91/><D39/><U17/><E108/><V124/><F79/><W48/><G48/><T50/><D0/><U132/><E132/><V56/><F124/><W12/><G12/><T35/><D91/><U8/><E31/><N who="2" m="11787" /><F99/><W71/><REACH who="3" step="1"/><G62/><REACH who="3" ten="90,250,410,240" step="2"/><T125/><D125/><U6/><E36/><V119/><F134/><W57/><G57/><T46/><D46/><U63/><E17/><V51/><F119/><W28/><G28/><T126/><D126/><U112/><E112/><V64/><F64/><W93/><G93/><T109/><D109/><U70/><E6/><V106/><F4/><W105/><G105/><T22/><D27/><U131/><E131/><V34/><F2/><W33/><G33/><AGARI ba="0,1" hai="33,34,51,53,56,104,106,107" m="11787,49770" machi="33" ten="40,2600,0" yaku="19,1,52,1" doraHai="52" who="2" fromWho="3" sc="90,0,250,0,410,36,240,-26" /><INIT seed="2,0,0,1,2,35" ten="90,250,446,214" oya="2" hai0="71,127,4,28,101,111,33,117,129,48,42,20,61" hai1="41,9,98,5,55,31,125,128,78,7,126,15,49" hai2="2,21,44,39,60,36,0,43,63,82,74,106,94" hai3="3,37,23,113,119,10,122,103,1,115,38,73,59"/><V64/><F106/><W77/><G119/><T52/><D117/><U110/><E110/><V6/><F39/><N who="3" m="14859" /><G10/><T97/><D111/><U76/><E41/><V114/><F114/><N who="3" m="43531" /><G122/><T130/><D33/><U68/><E68/><V132/><F132/><W112/><N who="3" m="43539" /><W134/><DORA hai="17" /><G134/><T14/><D127/><N who="1" m="48651" /><E128/><V18/><F94/><W30/><G103/><T19/><D28/><U26/><E98/><V25/><F6/><W54/><G77/><T89/><D89/><U58/><E5/><V92/><F92/><W65/><G65/><T90/><D90/><U57/><E58/><V56/><REACH who="2" step="1"/><F63/><REACH who="2" ten="90,250,436,214" step="2"/><N who="3" m="36343" /><G73/><T47/><D129/><U85/><E7/><V87/><F87/><W11/><G11/><T96/><D130/><U105/><E85/><V79/><AGARI ba="0,1" hai="0,2,18,21,25,36,43,44,56,60,64,74,79,82" machi="79" ten="30,18000,2" yaku="1,1,0,1,52,3,53,2" doraHai="35,17" doraHaiUra="66,34" who="2" fromWho="2" sc="90,-60,250,-60,436,190,214,-60" /><INIT seed="2,1,0,5,1,27" ten="30,190,626,154" oya="2" hai0="29,57,37,122,46,70,71,7,64,14,133,80,119" hai1="94,98,32,86,43,78,48,79,36,125,55,102,130" hai2="93,73,0,118,42,15,104,5,52,72,89,82,126" hai3="124,13,58,31,127,21,69,103,41,17,34,62,85"/><V117/><F104/><W135/><G135/><T90/><D122/><U92/><E130/><V87/><F0/><W75/><G75/><T47/><D133/><U132/><E132/><V134/><F134/><W99/><G41/><T1/><D1/><U44/><E125/><N who="3" m="48202" /><G69/><T12/><D119/><U39/><E32/><V9/><F42/><W76/><G76/><T115/><D115/><U91/><REACH who="1" step="1"/><E36/><REACH who="1" ten="30,180,626,154" step="2"/><V59/><F126/><W88/><G34/><T114/><D37/><U129/><E129/><V56/><F118/><W54/><G31/><T26/><D29/><U101/><E101/><V110/><F117/><W100/><G99/><T18/><D114/><U28/><E28/><V111/><F110/><W49/><G103/><T45/><D71/><U106/><E106/><V112/><F111/><W108/><G100/><T131/><D70/><U33/><E33/><V128/><F112/><W10/><G108/><T123/><D131/><U60/><E60/><V51/><F128/><W66/><G62/><N who="0" m="37967" /><D123/><U19/><E19/><V6/><F6/><W53/><G66/><T25/><D7/><U22/><E22/><V95/><F5/><W77/><G21/><N who="0" m="13495" /><D26/><U109/><E109/><V65/><F65/><W40/><G54/><T24/><D24/><U38/><E38/><V107/><F52/><W105/><G40/><T74/><D74/><U30/><E30/><V81/><F73/><W116/><G105/><T11/><D11/><U20/><E20/><V50/><F72/><W97/><G116/><T63/><D63/><U96/><E96/><N who="2" m="57391" /><F107/><W23/><G97/><T84/><AGARI ba="1,1" hai="12,14,45,46,47,80,84,90" m="13495,37967" machi="84" ten="30,2000,0" yaku="5,1,8,1" doraHai="27" who="0" fromWho="0" sc="30,33,180,-6,626,-11,154,-6" /><INIT seed="3,0,0,2,2,133" ten="63,174,615,148" oya="3" hai0="17,42,91,27,35,135,85,58,20,29,43,100,112" hai1="2,81,31,14,117,90,78,95,57,63,122,74,89" hai2="41,123,56,22,59,102,71,116,45,18,50,125,99" hai3="65,69,64,127,23,129,84,87,101,104,11,108,7"/><W77/><G104/><T49/><D135/><U46/><E2/><V48/><F71/><W130/><G101/><T98/><D112/><U40/><E122/><V107/><F116/><W34/><G34/><T47/><D35/><U12/><E117/><V19/><F123/><W83/><G69/><T105/><D58/><U0/><E0/><V4/><F125/><W30/><G127/><T3/><D3/><U121/><E31/><V15/><F4/><W106/><G106/><T76/><D76/><U62/><E90/><V97/><F97/><W16/><G30/><T37/><D37/><U75/><E75/><V26/><F50/><W68/><G87/><T79/><D79/><U67/><E62/><V114/><F114/><W66/><G68/><T55/><REACH who="0" step="1"/><D29/><REACH who="0" ten="53,174,615,148" step="2"/><U103/><E57/><V96/><F96/><W5/><G108/><T6/><D6/><U36/><E78/><V86/><F86/><W80/><G5/><T109/><D109/><U119/><E36/><V82/><F82/><W88/><G77/><T126/><D126/><U132/><E81/><V93/><F107/><W61/><G83/><T33/><D33/><U25/><E132/><V131/><F131/><W110/><G110/><T72/><D72/><U115/><E74/><V39/><F39/><W32/><G32/><T52/><D52/><U9/><E115/><V13/><F26/><N who="3" m="14695" /><G130/><T60/><D60/><U24/><E63/><V28/><F28/><W94/><G129/><T38/><D38/><U73/><E73/><V70/><F70/><W53/><G80/><T44/><D44/><U128/><E46/><RYUUKYOKU ba="0,1" sc="53,15,174,-15,615,15,148,-15" hai0="17,20,27,42,43,47,49,55,85,91,98,100,105" hai2="13,15,18,19,22,41,45,48,56,59,93,99,102" owari="68,-43.2,159,-4.1,640,74.0,133,-26.7" /></mjloggm>