<mjloggm ver="2.3"><GO type="225" lobby="0"/><UN n0="%73%74%61%72%E6%98%9F%E8%BE%B0" n1="%E7%99%BD%E5%80%89%E5%AF%9B%E4%B9%8B" n2="%E3%83%B4%E3%83%A0%EF%BC%99%E3%81%A6" n3="%E3%81%BF%E3%81%BF%E3%81%9A" dan="16,16,16,18" rate="2113.91,2120.05,2180.31,2252.03" sx="M,M,M,M"/><TAIKYOKU oya="0"/><INIT seed="0,0,0,0,5,24" ten="250,250,250,250" oya="0" hai0="128,66,118,104,86,50,38,74,113,41,15,36,73" hai1="103,48,32,82,60,114,33,81,70,69,17,77,62" hai2="16,29,65,79,92,76,80,90,98,8,108,116,44" hai3="126,13,124,39,58,112,53,78,42,109,25,101,131"/><T47/><D113/><U93/><E114/><V49/><F108/><W20/><G112/><T105/><D118/><U22/><E48/><V72/><F116/><W110/><G78/><T34/><D34/><U1/><E1/><V56/><F76/><W85/><G85/><T7/><D128/><U106/><E93/><V122/><F122/><W96/><G13/><T97/><D66/><U19/><E77/><V95/><F95/><W18/><G42/><T55/><D86/><U52/><E22/><V3/><F3/><W91/><G39/><T14/><D38/><U111/><E103/><V43/><F29/><W46/><G46/><T130/><D130/><U117/><E117/><V23/><F8/><W125/><G131/><T99/><D14/><U89/><E89/><V51/><F65/><W2/><G2/><T119/><D119/><U6/><E6/><V94/><F94/><N who="3" m="56415" /><G101/><T67/><D67/><U64/><E64/><V27/><REACH who="2" step="1"/><F56/><REACH who="2" ten="250,250,240,250" step="2"/><W54/><G58/><T75/><D104/><U88/><E111/><AGARI ba="0,1" hai="18,20,25,53,54,109,110,111,124,125,126" m="56415" machi="111" ten="40,2600,0" yaku="14,1,18,1" doraHai="24" who="3" fromWho="1" sc="250,0,250,-26,240,0,250,36" /><INIT seed="1,0,0,2,5,12" ten="250,224,240,286" oya="1" hai0="120,76,37,90,20,3,128,125,121,116,14,28,18" hai1="122,15,110,82,103,65,72,88,98,29,127,38,53" hai2="71,78,27,69,42,8,99,124,83,101,60,52,104" hai3="87,56,132,113,86,109,54,130,59,129,111,33,30"/><U58/><E38/><V134/><F134/><W5/><G113/><T22/><D37/><U77/><E122/><N who="0" m="47209" /><D90/><U112/><E112/><V11/><F124/><W97/><G132/><T0/><D76/><U31/><E127/><V2/><F42/><W32/><G97/><T108/><D125/><U43/><E43/><V35/><F2/><N who="0" m="554" /><D116/><U70/><E110/><N who="3" m="41994" /><G5/><T105/><D105/><U135/><E135/><V45/><F69/><W100/><G100/><T63/><D63/><U4/><E65/><N who="2" m="41383" /><F83/><W34/><G30/><T114/><D108/><U19/><E70/><V94/><F94/><W102/><G102/><T39/><D39/><U115/><E4/><V13/><F78/><W55/><G87/><T44/><D44/><U85/><E115/><V51/><F13/><W17/><G17/><T48/><D48/><N who="1" m="31015" /><E72/><V36/><F36/><W26/><G26/><N who="0" m="16455" /><D114/><U133/><E133/><V47/><F47/><W74/><G74/><T50/><D50/><U81/><E103/><V123/><F123/><W96/><G96/><T10/><D128/><N who="3" m="49257" /><G86/><T40/><D40/><U1/><E1/><V118/><F99/><W80/><G80/><T106/><D106/><U93/><E82/><V24/><F104/><W91/><G91/><T131/><D131/><U66/><E66/><V41/><F101/><W7/><G7/><T64/><D64/><U73/><E73/><V9/><F41/><W126/><G126/><T68/><D68/><U46/><E46/><V57/><F45/><W95/><G95/><T23/><AGARI ba="0,0" hai="10,14,18,22,23" m="16455,554,47209" machi="23" ten="40,8000,1" yaku="13,1,34,2,52,1" doraHai="12" who="0" fromWho="0" sc="250,80,224,-40,240,-20,286,-20" /><INIT seed="2,0,0,0,2,119" ten="330,184,220,266" oya="2" hai0="68,81,89,59,85,60,120,4,109,92,35,91,111" hai1="6,105,27,32,47,52,13,33,125,26,45,87,79" hai2="112,133,31,14,58,39,5,113,17,42,135,88,129" hai3="46,75,57,76,21,23,28,97,22,121,72,37,77"/><V3/><F31/><W118/><G118/><T40/><D120/><U74/><E74/><V108/><F129/><W1/><G1/><T86/><D35/><U100/><E125/><V80/><F108/><N who="0" m="41546" /><D4/><U131/><E131/><V98/><F5/><W122/><G28/><T51/><D68/><U30/><E33/><V19/><F3/><W132/><G57/><T82/><D40/><U107/><E27/><V117/><F117/><W43/><G132/><N who="2" m="50761" /><F58/><W44/><G97/><N who="0" m="57503" /><D51/><U10/><E100/><V78/><F78/><N who="3" m="30315" /><G43/><T20/><D20/><U124/><E124/><V83/><F83/><N who="0" m="31754" /><D89/><U18/><E47/><N who="3" m="17962" /><G37/><T69/><D69/><U102/><E45/><N who="2" m="23775" /><F19/><W65/><G65/><AGARI ba="0,0" hai="59,60,65,85,86" m="31754,57503,41546" machi="65" ten="30,1000,0" yaku="14,1" doraHai="119" who="0" fromWho="3" sc="330,10,184,0,220,0,266,-10" /><INIT seed="3,0,0,1,1,49" ten="340,184,220,256" oya="3" hai0="6,101,41,98,91,5,74,104,15,43,39,47,24" hai1="23,125,38,103,80,45,126,107,87,89,92,8,64" hai2="34,71,20,135,59,22,76,35,58,14,95,129,130" hai3="124,53,18,123,120,60,88,16,113,100,46,79,40"/><W55/><G113/><T118/><D118/><U106/><E64/><V73/><F71/><W57/><G79/><T111/><D111/><U110/><E23/><N who="2" m="8747" /><F14/><W128/><G100/><T30/><D74/><U42/><E8/><V61/><F135/><W3/><G3/><T27/><D41/><U70/><E70/><V11/><F11/><W93/><G124/><N who="1" m="47722" /><E45/><V0/><F0/><W82/><G82/><T33/><D24/><U77/><E42/><V121/><F95/><W69/><G128/><N who="2" m="49257" /><F121/><W50/><G69/><T114/><D114/><U115/><E38/><V81/><F59/><N who="3" m="34927" /><G123/><T72/><D72/><N who="1" m="43047" /><E115/><V26/><F26/><W84/><G120/><T17/><D91/><U44/><E44/><V116/><F116/><W78/><G78/><T109/><D109/><U66/><E66/><AGARI ba="0,0" hai="34,35,58,61,66,73,76,81" m="49257,8747" machi="66" ten="30,1000,0" yaku="19,1" doraHai="49" who="2" fromWho="1" sc="340,0,184,-10,220,10,256,0" owari="340,44.0,174,-32.6,230,-17.0,256,5.6" /></mjloggm>