<mjloggm ver="2.3"><GO type="225" lobby="0"/><UN n0="%6B%75%72%69%73%75" n1="%E3%82%BC%E3%83%AB%E3%83%80%E3%81%AE%E4%BC%9D%E8%AA%AC" n2="%E4%B8%8B%E6%AE%B5%E3%83%81%E3%82%A7%E3%83%AA%E3%83%BC" n3="%E7%AB%8B%E8%8A%B1%E9%9F%BF" dan="16,17,16,17" rate="2179.32,2091.53,2125.84,2181.72" sx="M,M,M,F"/><TAIKYOKU oya="0"/><INIT seed="0,0,0,1,3,40" ten="250,250,250,250" oya="0" hai0="82,52,29,134,135,35,36,72,45,73,28,38,94" hai1="81,66,37,20,30,71,1,77,44,76,100,87,91" hai2="49,27,95,110,50,15,60,112,62,103,9,129,92" hai3="75,83,85,69,102,123,19,132,24,98,48,12,86"/><T104/><D104/><U117/><E1/><V31/><F112/><W105/><G69/><T7/><D7/><U120/><E117/><V122/><F122/><W58/><G132/><N who="0" m="50731" /><D94/><N who="2" m="35882" /><F129/><W5/><G5/><T6/><D6/><U90/><E120/><V0/><F0/><W61/><G24/><N who="0" m="18823" /><D29/><U47/><E37/><N who="0" m="14441" /><D82/><N who="1" m="49527" /><E71/><V25/><F103/><W68/><G123/><T22/><D22/><U42/><E66/><V113/><F113/><W56/><G68/><T116/><D116/><U4/><E4/><N who="2" m="3495" /><F110/><W67/><G83/><T23/><D23/><U54/><E100/><V127/><F127/><W41/><G75/><T74/><D74/><U96/><E42/><V59/><F31/><W111/><G111/><T57/><D57/><U118/><E118/><V21/><F21/><W53/><G41/><T115/><D115/><U63/><E20/><AGARI ba="0,0" hai="12,19,20,48,53,56,58,61,67,85,86,98,102,105" machi="20" ten="30,1000,0" yaku="7,1" doraHai="40" who="3" fromWho="1" sc="250,0,250,-10,250,0,250,10" /><INIT seed="1,0,0,0,3,72" ten="250,240,250,260" oya="1" hai0="84,3,89,6,120,106,80,63,118,15,23,34,108" hai1="11,124,134,26,100,13,119,60,41,70,74,97,45" hai2="32,39,55,40,102,107,101,87,14,12,115,92,75" hai3="21,54,126,25,35,57,131,36,66,96,116,123,52"/><U43/><E119/><V5/><F32/><W47/><G123/><T10/><D118/><U67/><E124/><V127/><F127/><W90/><G35/><T7/><D34/><U1/><E134/><V59/><F75/><W53/><G126/><T29/><D120/><U62/><E1/><V56/><F115/><W98/><G116/><T110/><D106/><U37/><E74/><V17/><F107/><W117/><G131/><T113/><D113/><U82/><E41/><V44/><F59/><W91/><G36/><T58/><D7/><U64/><E26/><V135/><F135/><W111/><G111/><N who="0" m="42539" /><D29/><U0/><E82/><V122/><F122/><W71/><G71/><T16/><D58/><U2/><E13/><V50/><F5/><W42/><G42/><T132/><D63/><U130/><E11/><V125/><F12/><W121/><G47/><T51/><D51/><U9/><E9/><V81/><F125/><W20/><G121/><T73/><D73/><U77/><E130/><V105/><F105/><W48/><G20/><T65/><D65/><U49/><E49/><V33/><F33/><W99/><G117/><T128/><D128/><U18/><E18/><V109/><F92/><W112/><G112/><T27/><D132/><U22/><E22/><V30/><F30/><N who="3" m="17711" /><G48/><T114/><D114/><U83/><E62/><AGARI ba="0,0" hai="52,53,54,57,62,66,90,91,96,98,99" m="17711" machi="62" ten="30,2000,0" yaku="8,1,54,1" doraHai="72" who="3" fromWho="1" sc="250,0,240,-20,250,0,260,20" /><INIT seed="2,0,0,5,3,120" ten="250,220,250,280" oya="2" hai0="116,59,76,15,91,117,14,73,97,72,37,86,87" hai1="11,122,99,104,57,48,106,63,49,83,50,17,82" hai2="4,61,132,26,19,39,70,81,3,98,31,100,75" hai3="118,127,60,88,119,123,9,34,38,35,46,41,80"/><V115/><F115/><W77/><G123/><T94/><D37/><U125/><E122/><V112/><F112/><W135/><G135/><T45/><D45/><U131/><E125/><V66/><F19/><W103/><G103/><T102/><D59/><U52/><E131/><V133/><F39/><W24/><G127/><T27/><D27/><U53/><E53/><V114/><F114/><W29/><G35/><T84/><D15/><N who="1" m="7423" /><E104/><N who="2" m="63511" /><F4/><W43/><G43/><T36/><D14/><U71/><E106/><V56/><F56/><W44/><G44/><T78/><D36/><U21/><E71/><V79/><F3/><W12/><G60/><T28/><D28/><U96/><E21/><V32/><AGARI ba="0,0" hai="26,31,32,61,66,70,75,79,81,132,133" m="63511" machi="32" ten="30,3000,0" yaku="25,1,23,1" doraHai="120" who="2" fromWho="2" sc="250,-10,220,-10,250,30,280,-10" /><INIT seed="2,1,0,2,0,127" ten="240,210,280,270" oya="2" hai0="61,62,8,116,93,2,124,114,45,74,112,133,51" hai1="46,98,52,102,33,130,63,65,16,123,4,118,58" hai2="99,18,3,75,17,22,70,95,25,84,10,36,110" hai3="68,103,21,107,32,104,89,119,120,117,90,132,128"/><V12/><F75/><W111/><G32/><T91/><D74/><U47/><E118/><V49/><F36/><W7/><G7/><T97/><D116/><U81/><E33/><V24/><F70/><W23/><G103/><T71/><D124/><U55/><E123/><V122/><F122/><W131/><G68/><T79/><D79/><U0/><E130/><V80/><F3/><W28/><G28/><T59/><D71/><U73/><E73/><V76/><F110/><W29/><G29/><T54/><D133/><U39/><E81/><V31/><F49/><W126/><G126/><T48/><D48/><U14/><E4/><V109/><F109/><W105/><G105/><T1/><D62/><U53/><E0/><V19/><REACH who="2" step="1"/><F24/><REACH who="2" ten="240,210,270,270" step="2"/><W56/><G111/><T60/><D2/><U9/><REACH who="1" step="1"/><E39/><REACH who="1" ten="240,200,270,270" step="2"/><V88/><AGARI ba="1,2" hai="10,12,17,18,19,22,25,31,76,80,84,88,95,99" machi="88" ten="20,18000,2" yaku="1,1,2,1,0,1,7,1,8,1,54,1,53,1" doraHai="127" doraHaiUra="94" who="2" fromWho="2" sc="240,-61,200,-61,270,203,270,-61" /><INIT seed="2,2,0,3,3,104" ten="179,139,473,209" oya="2" hai0="94,62,59,73,120,14,121,60,30,111,45,133,40" hai1="130,129,8,78,118,21,132,22,0,103,54,84,98" hai2="89,35,105,125,113,88,38,4,43,75,2,48,97" hai3="102,77,74,116,93,80,28,24,23,33,90,26,135"/><V64/><F35/><W57/><G116/><T70/><D70/><U117/><E54/><V107/><F113/><W49/><G135/><T58/><D133/><U128/><E132/><V19/><F125/><W50/><G102/><T51/><D111/><U12/><E84/><V100/><F105/><W27/><G27/><T109/><D109/><U5/><E78/><V83/><F19/><W92/><G57/><T20/><D94/><U13/><E98/><V15/><F15/><N who="1" m="5705" /><E103/><V95/><F64/><W16/><REACH who="3" step="1"/><G93/><REACH who="3" ten="179,139,473,199" step="2"/><T66/><D121/><U9/><E9/><N who="2" m="2199" /><F95/><W114/><G114/><T122/><D122/><U69/><E69/><V86/><F100/><W1/><G1/><T108/><D120/><U11/><E11/><V10/><F10/><W134/><G134/><T44/><D108/><U29/><E29/><V85/><F107/><W124/><G124/><T81/><D30/><U76/><E76/><V6/><F6/><W127/><G127/><T126/><D126/><U18/><E18/><V42/><F89/><W55/><G55/><T101/><D101/><U87/><E87/><AGARI ba="2,1" hai="16,23,24,26,28,33,49,50,74,77,80,87,90,92" machi="87" ten="30,7700,0" yaku="1,1,7,1,52,1,54,1,53,0" doraHai="104" doraHaiUra="71" who="3" fromWho="1" sc="179,0,139,-83,473,0,199,93" /><INIT seed="3,0,0,0,0,116" ten="179,56,473,292" oya="3" hai0="19,132,123,89,71,94,84,37,58,35,79,9,42" hai1="134,85,3,28,117,5,63,38,83,14,54,51,129" hai2="55,112,106,52,66,36,21,127,82,40,57,124,67" hai3="80,125,128,113,78,27,12,115,135,126,70,26,131"/><W119/><G70/><T93/><D71/><U53/><E134/><V99/><F112/><N who="3" m="43083" /><G80/><T105/><D132/><U122/><E129/><N who="3" m="49738" /><G78/><T102/><D105/><U20/><E117/><V1/><F106/><W22/><G119/><T120/><D35/><U46/><E38/><V47/><F82/><W111/><G135/><T32/><D32/><U64/><E3/><V81/><F81/><W45/><G45/><T100/><D79/><U98/><E98/><V50/><F99/><W25/><G111/><T31/><D31/><U16/><E28/><V17/><F1/><W0/><G0/><T107/><D107/><U23/><E5/><V86/><F86/><W95/><G95/><T4/><D19/><AGARI ba="0,0" hai="12,19,22,25,26,27,125,126" m="49738,43083" machi="19" ten="40,7700,0" yaku="19,1,34,2" doraHai="116" who="3" fromWho="0" sc="179,-77,56,0,473,0,292,77" /><INIT seed="3,1,0,2,3,4" ten="102,56,473,369" oya="3" hai0="69,79,119,23,92,65,20,58,99,45,70,91,118" hai1="113,127,1,31,2,133,7,26,100,12,116,126,54" hai2="129,88,121,27,33,110,16,72,124,75,104,123,6" hai3="64,128,135,132,77,89,56,0,50,40,82,86,134"/><W46/><G0/><N who="1" m="106" /><E54/><V130/><F104/><W47/><G128/><N who="2" m="49257" /><F6/><W85/><G47/><T19/><D79/><U109/><E100/><V24/><F124/><N who="1" m="47657" /><E113/><V48/><F110/><W44/><G44/><T49/><D58/><U95/><E95/><V105/><F105/><W5/><G5/><T34/><D34/><N who="1" m="20855" /><E109/><V29/><F48/><W61/><REACH who="3" step="1"/><G89/><REACH who="3" ten="102,56,473,359" step="2"/><T37/><D45/><U25/><E133/><V83/><F88/><W94/><G94/><T22/><D91/><U71/><E71/><V32/><F83/><W60/><G60/><T90/><D92/><U36/><E36/><V74/><F33/><W3/><G3/><T120/><D90/><U114/><E114/><V39/><F39/><W59/><G59/><T9/><D37/><U107/><E107/><V35/><F35/><W8/><G8/><T51/><D70/><U93/><E93/><V102/><F102/><W108/><G108/><T14/><D69/><U13/><E116/><V17/><F32/><W80/><G80/><T76/><D119/><U11/><E13/><V53/><F53/><W63/><G63/><T42/><D118/><U38/><E38/><V96/><F96/><W15/><G15/><T98/><D98/><U62/><E62/><V78/><F78/><W52/><G52/><T122/><D99/><U66/><E66/><V55/><F55/><W103/><G103/><T84/><D65/><U117/><E117/><V28/><F74/><AGARI ba="1,1" hai="40,46,50,56,61,64,74,77,82,85,86,132,134,135" machi="74" ten="40,3900,0" yaku="1,1,20,1,53,0" doraHai="4" doraHaiUra="97" who="3" fromWho="2" sc="102,0,56,0,473,-42,359,52" /><INIT seed="3,2,0,3,1,91" ten="102,56,431,411" oya="3" hai0="83,123,17,73,97,125,81,75,107,87,104,26,122" hai1="50,49,128,77,101,106,79,10,22,18,76,37,62" hai2="39,72,33,124,135,93,65,96,51,63,131,67,119" hai3="129,57,133,12,31,32,95,110,11,111,114,38,103"/><W58/><G38/><T132/><D26/><U56/><E128/><V94/><F39/><W6/><G114/><T21/><D21/><U85/><E37/><V3/><F119/><W66/><G129/><T120/><D17/><U47/><E10/><V30/><F131/><W0/><G133/><T34/><D34/><U48/><E106/><N who="0" m="40489" /><D132/><U117/><E117/><V20/><F3/><W14/><G31/><T69/><D69/><U98/><E85/><V112/><F124/><W82/><G32/><T68/><D68/><U90/><E101/><V71/><F135/><W43/><G43/><T8/><D8/><U41/><E98/><V64/><F72/><N who="0" m="27722" /><D125/><U23/><E90/><V126/><F112/><W100/><G14/><T74/><N who="0" m="27730" /><T80/><DORA hai="42" /><D97/><U19/><E23/><V24/><F126/><W92/><G0/><T59/><D59/><N who="3" m="22537" /><G66/><T52/><D52/><N who="1" m="34055" /><E19/><V40/><F33/><W29/><G29/><T35/><D35/><U9/><E9/><V45/><F94/><N who="3" m="35883" /><G82/><T108/><D108/><AGARI ba="2,0" hai="6,11,12,100,103,108,110,111" m="35883,22537" machi="108" ten="30,12000,1" yaku="14,1,10,1,52,3" doraHai="91,42" who="3" fromWho="0" sc="102,-126,56,0,431,0,411,126" owari="-24,-52.4,56,-34.4,431,23.1,537,63.7" /></mjloggm>