<mjloggm ver="2.3"><GO type="225" lobby="0"/><UN n0="%E5%8D%A0%E3%81%84%E5%B8%AB%E8%A3%8F%E3%81%AA%E3%81%84%E3%81%97" n1="%30%2E%31%32%30" n2="%E3%81%BF%E3%81%BF%E3%81%9A" n3="%E7%89%B9%E6%9D%B1%E3%81%AF%E4%B8%96%E7%95%8C%E3%82%92%E6%95%91%E3%81%86" dan="17,16,18,16" rate="2209.99,2124.97,2239.03,2157.77" sx="M,M,M,M"/><TAIKYOKU oya="0"/><INIT seed="0,0,0,3,0,24" ten="250,250,250,250" oya="0" hai0="6,87,66,123,77,98,11,107,56,61,71,89,72" hai1="70,37,34,39,109,84,8,117,96,128,91,23,78" hai2="67,19,44,126,133,4,59,32,93,111,15,120,33" hai3="52,116,38,51,104,16,42,125,9,25,64,121,1"/><T73/><D123/><U40/><E34/><V94/><F120/><W100/><G116/><T127/><D127/><U122/><E117/><V58/><F126/><W7/><G125/><T132/><D132/><U114/><E122/><V63/><F4/><W50/><G121/><T92/><D71/><U101/><E70/><V115/><F115/><W86/><G64/><T74/><D107/><U83/><E114/><V69/><F133/><W81/><G38/><T80/><REACH who="0" step="1"/><D72/><REACH who="0" ten="240,250,250,250" step="2"/><U12/><E128/><V124/><F124/><W43/><G104/><T28/><D28/><U10/><E109/><V21/><F111/><W60/><G100/><T31/><D31/><U130/><E130/><V62/><F69/><W30/><G60/><T26/><D26/><U46/><E39/><V5/><F63/><W90/><G50/><T75/><D75/><U105/><E91/><V3/><F62/><W55/><G55/><T2/><AGARI ba="0,1" hai="2,6,11,56,61,66,73,74,77,80,87,89,92,98" machi="2" ten="20,3900,0" yaku="1,1,0,1,7,1,53,0" doraHai="24" doraHaiUra="129" who="0" fromWho="0" sc="240,49,250,-13,250,-13,250,-13" /><INIT seed="0,1,0,4,4,32" ten="289,237,237,237" oya="0" hai0="58,106,18,122,99,133,102,118,117,97,120,23,11" hai1="45,121,49,69,77,20,107,129,51,79,103,62,130" hai2="127,52,48,64,86,110,12,43,105,95,116,50,39" hai3="36,19,67,108,61,73,2,113,131,15,72,112,132"/><T124/><D11/><U26/><E121/><N who="0" m="46697" /><D18/><U80/><E62/><V115/><F105/><W5/><G36/><T90/><D23/><U56/><E69/><V7/><F115/><W37/><G37/><T96/><D58/><U28/><E103/><V57/><F110/><W75/><G108/><T126/><D133/><U33/><E107/><V54/><F64/><W30/><G132/><T10/><D10/><U89/><E33/><V24/><F39/><W8/><G131/><N who="1" m="50186" /><E56/><V47/><F43/><W25/><G19/><T66/><D66/><U29/><E29/><V3/><F24/><W85/><G15/><T27/><D27/><U71/><E71/><V0/><F116/><N who="0" m="44650" /><D90/><U41/><E51/><V6/><F12/><W74/><N who="3" m="18432" /><DORA hai="134" /><W46/><G46/><T13/><D13/><U35/><E35/><V114/><F114/><W16/><G16/><T83/><D83/><U22/><E22/><V81/><F81/><W4/><G4/><T1/><D1/><U14/><E14/><V104/><F47/><W38/><G38/><T135/><D135/><U100/><E80/><V93/><F57/><W98/><G25/><T65/><D65/><U34/><E34/><V111/><F111/><W101/><G30/><T128/><D128/><U55/><E89/><V40/><F40/><W68/><G113/><T94/><D94/><U125/><E41/><V76/><F104/><N who="3" m="63543" /><G112/><T42/><D42/><U84/><E55/><V82/><F82/><W91/><G91/><T78/><D78/><U109/><E28/><V60/><F76/><N who="1" m="29257" /><E109/><V59/><F59/><W21/><G21/><RYUUKYOKU ba="1,0" sc="289,15,237,-15,237,-15,237,15" hai0="96,97,99,102,106,124,126" hai3="2,5,8,61,67,68,85" /><INIT seed="0,2,0,2,3,33" ten="304,222,222,252" oya="0" hai0="3,61,75,111,16,36,29,135,96,62,26,64,73" hai1="60,5,8,2,69,67,130,74,51,28,94,76,59" hai2="9,98,17,113,133,24,77,12,37,82,120,107,79" hai3="103,127,53,110,71,68,92,108,104,109,88,47,66"/><T105/><D36/><U122/><E130/><V56/><F120/><W97/><G127/><T131/><D131/><U35/><E122/><V57/><F113/><W40/><G66/><T13/><D135/><U20/><E94/><V45/><F133/><W102/><G53/><T65/><D111/><U78/><E35/><V112/><F112/><W91/><G91/><T134/><D134/><U6/><E6/><V4/><F37/><W27/><G27/><T125/><D125/><U43/><E74/><V30/><F45/><W41/><G41/><T55/><D55/><U19/><E28/><V128/><F128/><W90/><G90/><T42/><D42/><U44/><REACH who="1" step="1"/><E69/><REACH who="1" ten="304,212,222,252" step="2"/><N who="3" m="26698" /><G104/><T23/><D105/><U100/><E100/><V49/><F107/><W114/><G114/><T93/><D75/><U50/><E50/><AGARI ba="2,1" hai="40,47,50,88,92,97,102,103,108,109,110" m="26698" machi="50" ten="40,2600,0" yaku="14,1,54,1" doraHai="33" who="3" fromWho="1" sc="304,0,212,-32,222,0,252,42" /><INIT seed="1,0,0,5,5,107" ten="304,180,222,294" oya="1" hai0="71,23,14,126,57,108,124,134,82,95,76,133,66" hai1="60,9,3,38,74,80,37,25,64,20,48,112,27" hai2="81,59,1,10,49,54,125,70,119,0,118,105,111" hai3="39,42,55,40,45,41,24,36,43,33,135,110,12"/><U6/><E112/><V84/><F105/><W18/><G110/><T121/><D108/><U29/><E48/><V21/><F111/><W106/><G106/><T113/><D71/><U68/><REACH who="1" step="1"/><E27/><REACH who="1" ten="304,170,222,294" step="2"/><V35/><F119/><W15/><G24/><T93/><D113/><U83/><E83/><V50/><F118/><W123/><G39/><T44/><D82/><U51/><E51/><V75/><F50/><W53/><G36/><T30/><D124/><U69/><E69/><V11/><F125/><W5/><G42/><T99/><D126/><U78/><AGARI ba="0,1" hai="3,6,9,20,25,29,37,38,60,64,68,74,78,80" machi="78" ten="30,6000,0" yaku="1,1,0,1,52,1,53,0" doraHai="107" doraHaiUra="97" who="1" fromWho="1" sc="304,-20,170,70,222,-20,294,-20" /><INIT seed="1,1,0,3,0,72" ten="284,240,202,274" oya="1" hai0="99,133,112,87,113,24,135,19,70,35,40,100,48" hai1="38,74,73,83,81,47,0,118,4,80,67,93,14" hai2="59,3,53,15,28,78,75,61,90,129,12,54,64" hai3="45,7,11,56,107,130,125,58,131,60,31,63,110"/><U57/><E118/><V5/><F129/><N who="3" m="49163" /><G110/><T124/><D70/><U122/><E122/><V77/><F28/><W69/><G125/><T2/><D124/><U51/><E0/><V55/><F75/><W20/><G107/><T105/><D2/><U50/><E38/><V23/><F3/><N who="3" m="511" /><G45/><N who="0" m="25639" /><D87/><U94/><E74/><V95/><F23/><W88/><G88/><T33/><D33/><U36/><E36/><V29/><F29/><W96/><G96/><T120/><D120/><U127/><E73/><V106/><F106/><W103/><G103/><T89/><D89/><U115/><E115/><V101/><F101/><W8/><G8/><T13/><D35/><U49/><E127/><V34/><F34/><W32/><G32/><T25/><D113/><U85/><E85/><N who="2" m="52687" /><F5/><W121/><G121/><T109/><D109/><U82/><N who="1" m="20480" /><DORA hai="123" /><U22/><E47/><V21/><F21/><W104/><G104/><T79/><D112/><U102/><E102/><V30/><F30/><W41/><G41/><T10/><D24/><U126/><E126/><V52/><N who="2" m="13312" /><DORA hai="42" /><V43/><F43/><W18/><G31/><T46/><D25/><U9/><E22/><V132/><F132/><N who="0" m="50762" /><D46/><U116/><E116/><V91/><F91/><W39/><G69/><T26/><D26/><U134/><E134/><V128/><F128/><W119/><G39/><T97/><D97/><U65/><E57/><N who="3" m="22122" /><G119/><T111/><D111/><U117/><E117/><V98/><F98/><W71/><G71/><T66/><D66/><AGARI ba="1,0" hai="4,9,14,49,50,51,65,66,67,93,94" m="20480" machi="66" ten="60,2900,0" yaku="8,1" doraHai="72,123,42" who="1" fromWho="0" sc="284,-32,240,32,202,0,274,0" /><INIT seed="1,2,0,0,2,30" ten="252,272,202,274" oya="1" hai0="49,117,87,92,99,74,101,15,42,88,82,118,43" hai1="80,62,34,130,68,108,39,105,112,115,32,40,4" hai2="3,97,21,104,20,53,128,86,135,44,12,89,79" hai3="55,119,116,25,16,26,10,98,33,125,75,8,23"/><U54/><E54/><V127/><F3/><W63/><G75/><T28/><D28/><U14/><E14/><V111/><F111/><W18/><G98/><T122/><D122/><U47/><E108/><V78/><F128/><W64/><G55/><T50/><D74/><U67/><E130/><V94/><F135/><W29/><G125/><T95/><D118/><N who="3" m="45097" /><G18/><T114/><D114/><N who="1" m="43563" /><E80/><V126/><F44/><W66/><G66/><T110/><D110/><U7/><E7/><V37/><F37/><W60/><G60/><T65/><D117/><U27/><E27/><V35/><F53/><W59/><AGARI ba="2,0" hai="8,10,16,23,25,26,29,33,59,63,64" m="45097" machi="59" ten="30,4000,0" yaku="12,1,52,1,54,1" doraHai="30" who="3" fromWho="3" sc="252,-12,272,-22,202,-12,274,46" /><INIT seed="2,0,0,5,0,37" ten="240,250,190,320" oya="2" hai0="14,54,134,128,36,47,0,95,21,6,103,94,60" hai1="82,63,59,72,9,71,98,62,52,126,70,64,135" hai2="57,100,114,19,15,89,97,106,110,58,119,61,76" hai3="133,84,80,96,87,91,51,41,23,34,26,11,53"/><V1/><F114/><W74/><G133/><T42/><D134/><U12/><E135/><V78/><F119/><W68/><G34/><T105/><D0/><U69/><E126/><V30/><F30/><BYE who="2" /><UN n2="%E3%81%BF%E3%81%BF%E3%81%9A" /><W85/><G68/><T32/><D32/><U17/><E72/><V18/><F1/><W16/><G74/><T29/><D128/><U122/><E122/><V83/><F110/><W90/><G41/><T79/><D79/><U8/><E82/><V40/><F18/><W86/><G11/><T107/><D6/><U46/><E98/><V43/><F89/><W50/><G53/><T20/><D105/><U66/><E8/><V65/><F57/><W22/><G22/><T118/><D118/><U73/><E73/><V121/><F121/><W81/><G96/><T25/><D107/><U101/><E101/><V27/><F27/><W55/><G55/><T125/><D103/><U88/><E88/><N who="3" m="33834" /><G87/><T2/><D2/><U35/><E35/><V67/><F65/><W108/><G108/><T104/><D104/><U120/><E120/><V56/><F58/><W102/><G102/><T13/><D125/><U117/><E117/><V77/><REACH who="2" step="1"/><F83/><AGARI ba="0,0" hai="16,23,26,50,51,80,81,83,84,85,86" m="33834" machi="83" ten="30,3900,0" yaku="8,1,54,2" doraHai="37" who="3" fromWho="2" sc="240,0,250,0,190,-39,320,39" /><INIT seed="3,0,0,1,1,9" ten="240,250,151,359" oya="3" hai0="129,134,40,42,93,13,23,7,39,64,125,11,62" hai1="105,48,28,26,20,120,84,34,50,90,68,89,101" hai2="17,53,16,110,126,54,122,75,85,132,111,30,133" hai3="121,12,45,22,86,35,8,118,65,130,60,124,70"/><W69/><G118/><T115/><D129/><U76/><E68/><V83/><F30/><W127/><G121/><T106/><D106/><U25/><E76/><V14/><F75/><W96/><G35/><T15/><D134/><N who="2" m="51818" /><F122/><W27/><G130/><T66/><D39/><U0/><E0/><V104/><F104/><W31/><G86/><T109/><D115/><U19/><E120/><V114/><F114/><W81/><G81/><T95/><D109/><N who="2" m="41482" /><F126/><N who="3" m="48171" /><G45/><T97/><D125/><U21/><E34/><V99/><F99/><W119/><G119/><T4/><D23/><U52/><E21/><N who="2" m="11415" /><F17/><W37/><G96/><T6/><D11/><U57/><E19/><V102/><F102/><W55/><G31/><T56/><D64/><U71/><E101/><V5/><F5/><W24/><G65/><T78/><D97/><U108/><E105/><V73/><F73/><W44/><G8/><T92/><D78/><AGARI ba="0,0" hai="53,54,78,83,85" m="11415,41482,51818" machi="78" ten="30,7700,0" yaku="20,1,14,1,52,1,54,1" doraHai="9" who="2" fromWho="0" sc="240,-77,250,0,151,77,359,0" owari="163,-33.7,250,5.0,228,-17.2,359,45.9" /></mjloggm>