<mjloggm ver="2.3"><GO type="225" lobby="0"/><UN n0="%E3%81%A0%E3%81%8A" n1="%E3%81%BF%E3%81%BF%E3%81%9A" n2="%4C%4F%4C%49%54%41" n3="%E3%83%81%E3%83%83%E3%82%BF%E3%82%BD%E3%83%BC" dan="17,17,16,16" rate="2046.34,2246.04,2097.91,2135.20" sx="M,M,F,F"/><TAIKYOKU oya="0"/><INIT seed="0,0,0,0,2,106" ten="250,250,250,250" oya="0" hai0="0,29,82,100,44,102,21,18,57,9,81,33,131" hai1="61,110,34,80,37,2,22,78,127,15,103,14,71" hai2="128,3,65,86,99,90,77,132,8,26,76,96,87" hai3="63,50,89,42,85,40,112,60,16,43,72,20,125"/><T108/><D131/><U122/><E34/><V24/><F128/><W66/><G125/><T25/><D108/><U94/><E2/><V69/><F132/><W7/><G112/><T133/><D133/><U13/><E37/><V59/><F69/><W111/><G111/><T58/><D44/><U51/><E110/><V68/><F68/><W39/><G39/><T62/><D58/><U46/><E127/><V35/><F3/><W31/><G72/><T47/><D47/><U45/><E122/><V32/><F8/><W48/><G7/><T93/><D82/><U95/><E45/><V27/><F35/><W49/><G31/><T107/><D81/><U109/><E109/><V17/><F17/><W73/><G73/><T83/><D83/><U116/><E116/><V38/><F32/><W124/><G124/><T11/><D93/><U123/><E123/><V101/><F101/><W104/><G104/><T23/><D23/><U28/><E61/><N who="2" m="38079" /><F38/><W5/><G5/><N who="0" m="1191" /><D11/><U134/><E71/><V6/><F6/><W54/><G54/><N who="0" m="34103" /><D107/><U88/><E134/><V114/><F114/><W135/><G66/><T4/><D4/><U113/><E113/><V92/><F86/><W52/><G52/><T98/><D98/><AGARI ba="0,0" hai="24,26,27,76,77,87,90,92,96,98,99" m="38079" machi="98" ten="30,1000,0" yaku="8,1" doraHai="106" who="2" fromWho="0" sc="250,-10,250,0,250,10,250,0" /><INIT seed="1,0,0,2,3,2" ten="240,250,260,250" oya="1" hai0="65,53,123,95,30,92,58,22,57,36,59,122,103" hai1="75,87,118,44,126,52,19,130,82,100,12,129,14" hai2="4,39,114,80,90,72,99,119,7,15,61,66,10" hai3="67,93,79,70,38,50,111,128,104,64,117,69,26"/><U83/><E118/><V63/><F119/><W24/><G104/><T112/><D112/><U121/><E121/><N who="0" m="46089" /><D36/><U60/><E126/><V8/><F39/><W102/><G38/><T62/><D103/><U45/><E100/><V1/><F114/><W81/><G117/><T31/><D57/><N who="1" m="34855" /><E75/><V110/><F110/><W55/><G111/><T32/><D32/><U49/><E19/><V135/><F135/><W34/><G128/><N who="1" m="49258" /><E83/><V89/><F99/><W131/><G131/><T98/><D22/><U29/><E29/><N who="0" m="10761" /><D98/><U56/><E56/><V37/><F37/><W16/><G34/><T78/><D78/><N who="1" m="46551" /><E44/><V96/><F96/><W73/><G79/><T105/><D105/><U108/><E108/><V68/><F63/><AGARI ba="0,0" hai="53,58,59,62,63,65,92,95" m="10761,46089" machi="63" ten="30,1000,0" yaku="13,1" doraHai="2" who="0" fromWho="2" sc="240,10,250,0,260,-10,250,0" /><INIT seed="2,0,0,3,1,79" ten="250,250,250,250" oya="2" hai0="17,41,13,33,131,62,67,44,96,54,61,80,7" hai1="106,108,31,8,90,117,43,101,4,76,118,21,9" hai2="64,114,52,12,102,57,116,68,69,3,105,42,58" hai3="87,14,2,128,6,121,135,75,23,89,24,26,35"/><V29/><F3/><W84/><G75/><T18/><D33/><U112/><E112/><V81/><F114/><W50/><G121/><T99/><D131/><U5/><E43/><V11/><F116/><W94/><G128/><T119/><D54/><U72/><E90/><V45/><F29/><W122/><G122/><T127/><D127/><U134/><E108/><V56/><F105/><W22/><G135/><T0/><D0/><U100/><E134/><V71/><F102/><W95/><G2/><T103/><D119/><U123/><E123/><V20/><F20/><W49/><G35/><T37/><D80/><U107/><E21/><V124/><F124/><W91/><G14/><T55/><D55/><U82/><E31/><V60/><F81/><W98/><G98/><T59/><D62/><U28/><E28/><V133/><F133/><W27/><REACH who="3" step="1"/><G24/><REACH who="3" ten="250,250,250,240" step="2"/><T38/><D99/><U1/><E117/><V63/><F12/><W51/><G51/><T74/><D74/><U93/><E118/><V104/><F11/><W34/><G34/><T30/><D38/><U125/><E125/><V132/><F132/><W70/><G70/><N who="2" m="27241" /><F104/><W115/><G115/><T36/><D36/><AGARI ba="0,1" hai="36,42,45,52,56,57,58,60,63,64,71" m="27241" machi="36" ten="30,18000,2" yaku="35,5,54,1" doraHai="79" who="2" fromWho="0" sc="250,-180,250,0,250,190,240,0" /><INIT seed="2,1,0,1,3,87" ten="70,250,440,240" oya="2" hai0="25,122,36,69,127,37,28,13,8,110,3,76,17" hai1="135,68,90,86,71,77,123,88,39,128,80,81,67" hai2="35,19,11,23,115,60,130,54,121,125,49,111,55" hai3="104,70,59,52,12,29,94,1,10,47,82,118,103"/><V40/><F115/><W106/><G118/><T50/><D122/><U126/><E39/><V109/><F35/><W119/><G119/><T56/><D69/><U93/><E123/><V105/><F121/><W20/><G70/><T48/><D3/><U101/><E126/><V97/><F125/><W22/><G1/><T32/><D127/><U45/><E135/><V72/><F72/><W6/><G47/><T42/><D110/><N who="2" m="41994" /><F11/><W75/><G75/><T51/><D42/><U133/><E133/><V53/><F130/><W44/><G44/><T15/><D76/><U34/><E34/><V46/><F97/><W131/><G82/><T95/><D56/><U134/><E134/><V107/><F60/><W100/><G131/><T26/><D26/><AGARI ba="1,0" hai="19,23,26,40,46,49,53,54,55,105,107" m="41994" machi="26" ten="30,2900,0" yaku="14,1,10,1" doraHai="87" who="2" fromWho="0" sc="70,-32,250,0,440,32,240,0" /><INIT seed="2,2,0,5,0,135" ten="38,250,472,240" oya="2" hai0="108,50,96,59,120,2,45,113,133,86,15,85,17" hai1="57,76,106,38,46,119,14,62,90,8,44,43,125" hai2="63,71,60,30,122,89,74,123,9,22,12,78,132" hai3="18,40,68,105,10,88,20,36,104,42,32,111,75"/><V69/><F132/><W41/><G36/><T35/><D133/><U134/><E134/><V7/><F74/><W47/><G47/><T128/><D35/><U79/><E119/><V100/><F78/><W124/><G124/><T87/><D2/><U73/><E106/><V94/><F100/><W121/><G68/><T6/><D113/><U34/><E34/><V33/><F71/><W117/><G32/><T70/><D120/><U112/><E112/><V31/><F33/><W49/><G75/><T39/><D70/><U72/><E125/><V130/><F130/><W53/><G117/><T23/><D39/><U61/><E90/><V58/><F69/><W101/><G101/><T56/><D128/><U13/><E38/><V102/><F102/><W81/><G10/><T95/><D6/><U97/><E57/><V11/><F11/><W21/><G121/><T109/><D109/><U1/><E97/><V37/><F37/><W131/><G111/><T64/><D64/><U24/><E8/><V93/><F9/><W107/><G131/><T98/><D108/><U51/><E43/><V25/><F122/><W83/><G21/><T116/><D116/><U92/><E24/><V52/><F25/><W48/><G20/><T127/><D127/><U91/><E91/><V55/><F89/><W4/><G88/><N who="0" m="55399" /><D98/><U16/><E1/><V67/><F123/><W82/><G4/><T0/><D0/><U114/><E114/><V5/><F5/><W126/><G126/><T77/><D77/><U118/><E118/><V103/><F7/><W28/><G107/><T29/><D29/><RYUUKYOKU ba="2,0" sc="38,30,250,-10,472,-10,240,-10" hai0="15,17,23,45,50,56,59,85,86,87" /><INIT seed="3,3,0,0,2,130" ten="68,240,462,230" oya="3" hai0="134,121,75,122,22,36,69,100,32,67,34,131,98" hai1="96,79,50,76,5,70,74,3,20,28,109,60,73" hai2="2,30,128,47,77,132,86,62,43,105,116,51,8" hai3="93,65,91,94,27,59,119,15,26,1,14,31,102"/><W64/><G119/><T45/><D131/><U90/><E109/><V112/><F128/><W54/><G1/><T120/><D22/><U129/><E129/><V110/><F112/><W7/><G102/><T12/><D12/><U89/><E50/><V92/><F105/><W46/><G46/><T104/><D75/><U57/><E70/><V135/><F110/><W49/><G94/><T125/><D125/><U56/><E5/><V25/><F116/><W39/><G39/><T13/><D13/><U11/><E11/><V18/><F62/><W0/><G0/><T58/><D58/><U133/><E3/><V123/><F123/><W101/><G101/><T71/><D134/><N who="2" m="51242" /><F18/><W82/><G82/><T19/><D19/><U38/><E60/><V16/><F16/><W99/><G26/><T66/><D66/><U21/><E133/><V111/><F111/><W78/><G78/><T88/><D88/><U42/><E79/><V127/><F127/><W37/><G37/><T107/><D104/><U44/><E38/><V124/><F124/><W87/><G99/><T108/><D108/><U115/><E96/><V97/><F77/><W84/><G87/><T80/><D80/><U52/><E76/><V4/><F86/><W63/><G7/><T55/><D55/><U41/><E115/><V106/><F106/><W103/><G103/><T48/><D48/><U117/><E117/><V81/><F81/><W126/><G126/><T118/><D118/><U40/><E40/><V68/><F97/><W10/><G49/><T53/><D120/><U95/><E74/><V17/><F2/><RYUUKYOKU ba="3,0" sc="68,0,240,0,462,0,230,0" owari="68,-43.2,240,4.0,462,56.2,230,-17.0" /></mjloggm>