<mjloggm ver="2.3"><GO type="225" lobby="0"/><UN n0="%E7%AB%8B%E8%8A%B1%E9%9F%BF" n1="%E3%83%A9%E3%83%BC%E3%83%A1%E3%83%B3%E4%BA%94%E9%83%8E" n2="%E3%81%90%E3%81%A1%E3%82%84%E3%81%BE" n3="%E3%83%A9%E3%82%A4%E3%83%B3%E3%81%AE%E8%99%8E" dan="17,16,16,16" rate="2164.57,2120.66,2126.22,2138.18" sx="F,M,M,M"/><TAIKYOKU oya="0"/><INIT seed="0,0,0,3,4,80" ten="250,250,250,250" oya="0" hai0="35,9,49,4,30,131,84,91,13,60,34,70,6" hai1="23,22,14,88,40,62,103,53,74,66,17,116,114" hai2="108,44,93,79,83,78,97,28,119,12,58,10,109" hai3="67,5,11,65,101,122,32,104,76,21,123,73,47"/><T102/><D131/><U33/><E116/><V57/><F44/><W20/><G20/><BYE who="3" /><T117/><D117/><U7/><E33/><V68/><F28/><W18/><G18/><T15/><D102/><U29/><E114/><V120/><F68/><W52/><G52/><T72/><D72/><U130/><E74/><V0/><F0/><W45/><G45/><T8/><D30/><U106/><E130/><V87/><F79/><W118/><G118/><T134/><D134/><U100/><E40/><V2/><F2/><W89/><G89/><T24/><D24/><N who="1" m="16535" /><E106/><V51/><F120/><W98/><G98/><T124/><D124/><U42/><E42/><V54/><F58/><W115/><G115/><T55/><D60/><U82/><E66/><V38/><F38/><W99/><G99/><T86/><D70/><U128/><E7/><V1/><F1/><W27/><G27/><T61/><D61/><U39/><E39/><V105/><F105/><W112/><G112/><T132/><D132/><U43/><E43/><V96/><F119/><W63/><G63/><T71/><D71/><U50/><E62/><V129/><F129/><W36/><G36/><T111/><D111/><N who="2" m="42570" /><F93/><W90/><G90/><T3/><D3/><U81/><E128/><V16/><AGARI ba="0,0" hai="10,12,16,51,54,57,78,83,87,96,97" m="42570" machi="16" ten="30,4000,0" yaku="14,1,52,1,54,1" doraHai="80" who="2" fromWho="2" sc="250,-20,250,-10,250,40,250,-10" /><UN n3="%E3%83%A9%E3%82%A4%E3%83%B3%E3%81%AE%E8%99%8E" /><INIT seed="1,0,0,0,0,95" ten="230,240,290,240" oya="1" hai0="79,61,66,127,16,53,110,56,134,32,71,12,55" hai1="72,128,131,101,34,50,17,78,23,45,115,111,81" hai2="27,1,129,97,52,85,106,82,92,98,86,65,135" hai3="105,21,108,69,126,37,102,40,9,4,112,6,114"/><U84/><E115/><V77/><F1/><W120/><G120/><T60/><D110/><U93/><E34/><V22/><F106/><W14/><G108/><T68/><D134/><U29/><E29/><V33/><F33/><W113/><G126/><T11/><D127/><U24/><E111/><V3/><F3/><W25/><G69/><T51/><D32/><U119/><E119/><V20/><F135/><W130/><G130/><T47/><D79/><U39/><E39/><V35/><F35/><W125/><G125/><T88/><D88/><U30/><E30/><V83/><F65/><W13/><G37/><T96/><D96/><N who="2" m="36970" /><F92/><W70/><G105/><T121/><D121/><U28/><E101/><V116/><F129/><N who="1" m="49737" /><E93/><V90/><F116/><W2/><G70/><AGARI ba="0,0" hai="11,12,16,47,51,53,55,56,60,61,66,68,70,71" machi="70" ten="30,2000,0" yaku="7,1,54,1" doraHai="95" who="0" fromWho="3" sc="230,20,240,0,290,0,240,-20" /><INIT seed="2,0,0,3,1,38" ten="250,240,290,220" oya="2" hai0="11,92,70,34,60,64,56,121,114,91,23,94,4" hai1="42,48,27,39,74,19,99,31,25,96,59,62,22" hai2="84,14,41,107,57,0,124,7,113,55,126,78,111" hai3="46,9,63,120,135,12,81,1,127,117,82,80,37"/><V90/><F113/><W44/><G117/><T89/><D34/><U116/><E74/><V131/><F107/><W17/><G120/><T133/><D114/><U6/><E39/><V102/><F102/><W104/><G104/><T30/><D121/><U29/><E6/><V105/><F105/><W51/><G127/><N who="2" m="48681" /><F131/><W110/><G110/><T71/><D133/><U72/><E72/><V18/><F111/><W129/><G129/><T119/><D119/><U73/><E73/><V97/><F41/><W13/><G135/><T118/><D118/><U86/><E86/><V33/><F33/><W28/><G1/><T134/><D134/><U130/><E130/><V87/><F7/><W69/><G28/><N who="1" m="10826" /><E116/><V106/><F78/><W8/><G37/><T54/><D94/><U76/><E76/><V77/><F77/><W45/><G69/><T35/><D35/><U132/><E132/><V88/><F0/><W3/><G3/><T128/><D128/><U93/><E42/><V20/><F106/><W58/><G63/><T108/><D108/><U112/><E62/><N who="2" m="36159" /><F97/><W5/><REACH who="3" step="1"/><G58/><REACH who="3" ten="250,240,290,210" step="2"/><T67/><D71/><U2/><E2/><V21/><F21/><W103/><G103/><T43/><D70/><U47/><E22/><V66/><F66/><W32/><G32/><T79/><D67/><U122/><E59/><V83/><F84/><W85/><G85/><T101/><D64/><U68/><E68/><V115/><F115/><W65/><G65/><T100/><D56/><U26/><E112/><V16/><F90/><W61/><G61/><T15/><D60/><U36/><E122/><RYUUKYOKU ba="0,1" sc="250,-15,240,-15,290,15,210,15" hai2="14,16,18,20,83,87,88" hai3="5,8,9,12,13,17,44,45,46,51,80,81,82" /><INIT seed="2,1,1,5,4,19" ten="235,225,305,225" oya="2" hai0="121,84,46,80,45,41,56,54,132,24,60,43,120" hai1="15,58,94,82,114,47,73,105,92,33,34,57,10" hai2="27,4,68,83,103,0,88,6,49,39,67,63,25" hai3="106,96,5,112,119,128,44,70,8,78,99,40,26"/><V12/><F39/><W118/><G70/><T85/><D24/><U91/><E114/><V22/><F0/><W117/><G112/><T52/><D132/><U14/><E105/><V104/><F104/><W100/><G128/><T108/><D108/><U111/><E111/><V55/><F103/><W62/><G78/><T81/><D56/><U125/><E125/><V98/><F12/><W18/><G96/><T115/><D115/><U72/><E82/><V76/><F27/><W66/><G18/><T122/><D122/><U42/><E91/><V20/><F20/><W107/><G26/><T17/><D17/><U11/><E47/><V75/><F98/><W90/><G90/><T64/><D60/><U7/><E42/><V28/><REACH who="2" step="1"/><F88/><REACH who="2" ten="235,225,295,225" step="2"/><W87/><G107/><T35/><REACH who="0" step="1"/><D64/><REACH who="0" ten="225,225,295,225" step="2"/><U29/><E7/><V123/><F123/><W110/><G110/><T61/><D61/><U102/><E102/><V127/><F127/><W23/><G62/><T71/><D71/><U21/><E29/><V1/><F1/><W69/><G66/><T101/><D101/><U30/><E30/><V65/><F65/><W32/><G69/><T51/><D51/><U3/><E3/><V50/><F50/><W97/><G100/><T116/><D116/><U74/><E58/><AGARI ba="1,3" hai="4,6,22,25,28,49,55,58,63,67,68,75,76,83" machi="58" ten="30,5800,0" yaku="1,1,7,1,52,1,53,0" doraHai="19" doraHaiUra="9" who="2" fromWho="1" sc="225,0,225,-61,295,91,225,0" /><INIT seed="2,2,0,5,1,106" ten="225,164,386,225" oya="2" hai0="13,32,12,96,66,28,120,43,17,82,99,135,119" hai1="122,42,37,107,48,109,117,104,114,124,87,72,88" hai2="115,29,47,26,56,111,100,40,60,3,92,10,1" hai3="54,45,70,127,101,94,121,11,128,51,103,123,78"/><V105/><F105/><W55/><G70/><T20/><D120/><U24/><E37/><V15/><F111/><W85/><G127/><T49/><D135/><U39/><E39/><V52/><F115/><W61/><G128/><T91/><D119/><U31/><E114/><V133/><F133/><W134/><G134/><T6/><D66/><U57/><E117/><V46/><F92/><W36/><G36/><T110/><D110/><U68/><E109/><V27/><F100/><W84/><G123/><T5/><D28/><U79/><E68/><V73/><F73/><W58/><G121/><T63/><D63/><U4/><E124/><V14/><F14/><W22/><G11/><N who="0" m="4207" /><D32/><U7/><E122/><V18/><F27/><W33/><G33/><T83/><D6/><U76/><E107/><V50/><REACH who="2" step="1"/><F47/><REACH who="2" ten="225,164,376,225" step="2"/><W53/><G94/><N who="0" m="56415" /><D99/><U125/><E104/><V90/><F90/><W34/><G101/><T64/><D64/><U16/><E72/><V41/><F41/><W38/><G103/><T67/><D67/><U129/><E125/><V113/><F113/><W2/><G78/><T44/><AGARI ba="2,1" hai="13,17,20,43,44,49,82,83" m="56415,4207" machi="44" ten="30,1100,0" yaku="8,1" doraHai="106" who="0" fromWho="0" sc="225,27,164,-5,376,-7,225,-5" /><INIT seed="3,0,0,2,4,132" ten="252,159,369,220" oya="3" hai0="7,50,19,112,120,93,107,67,126,102,10,66,114" hai1="77,106,74,131,53,134,34,92,42,5,21,105,135" hai2="13,26,87,117,22,44,98,1,39,104,100,128,80" hai3="17,116,68,97,43,12,111,41,96,123,56,101,47"/><W31/><G68/><T84/><D120/><U85/><E34/><V45/><F1/><W63/><G116/><T115/><D19/><U0/><E42/><V61/><F117/><W95/><G123/><T30/><D30/><U8/><E74/><V103/><F128/><W36/><G43/><T69/><D126/><U18/><E131/><V121/><F39/><W70/><G31/><T71/><D50/><U90/><E77/><V35/><F100/><W118/><G70/><N who="0" m="26635" /><D107/><U72/><E72/><V65/><F13/><W32/><G32/><T133/><D133/><U109/><E135/><V78/><F121/><W89/><G111/><T27/><D27/><U16/><E109/><V14/><F14/><W4/><G4/><T25/><D25/><U129/><E129/><V108/><F108/><W60/><G56/><T82/><D93/><U76/><E134/><V2/><F2/><W55/><G55/><T113/><D102/><U59/><E76/><V86/><F86/><W6/><G6/><T130/><D130/><U75/><E75/><V3/><F3/><W79/><G79/><N who="0" m="46175" /><D115/><U99/><E18/><V127/><F35/><W54/><G118/><T40/><D40/><U15/><REACH who="1" step="1"/><E99/><REACH who="1" ten="252,149,369,220" step="2"/><V9/><F98/><W62/><G96/><T125/><D114/><U37/><E37/><V91/><F78/><W83/><G97/><T49/><D112/><U57/><E57/><V46/><F103/><W119/><G101/><T48/><D113/><U64/><E64/><V110/><F65/><W124/><G36/><T33/><D66/><U28/><E28/><V23/><F110/><RYUUKYOKU ba="0,1" sc="252,-10,149,30,369,-10,220,-10" hai1="0,5,8,15,16,21,53,59,85,90,92,105,106" owari="242,4.2,179,-32.1,369,46.9,210,-19.0" /></mjloggm>