<mjloggm ver="2.3"><GO type="225" lobby="0"/><UN n0="%E3%82%B3%E3%83%90%E3%83%AC%E3%82%A4" n1="%E3%81%8B%E3%82%8F%E3%81%A1%E3%82%83%E3%82%93%35%38" n2="%E3%80%90%E3%83%88%E3%83%AA%E3%83%A5%E3%83%95%E3%80%91" n3="%E6%81%A5%E6%99%92%E3%81%97" dan="16,16,16,16" rate="2178.93,2157.93,2126.23,2215.64" sx="M,M,M,M"/><TAIKYOKU oya="0"/><INIT seed="0,0,0,3,1,68" ten="250,250,250,250" oya="0" hai0="15,2,3,120,76,116,67,40,19,4,35,102,59" hai1="129,74,93,16,94,97,42,72,25,44,127,122,114" hai2="88,108,73,38,86,103,65,77,123,91,27,13,43" hai3="71,79,6,22,60,51,29,106,10,69,128,49,23"/><T118/><D76/><U39/><E122/><V62/><F108/><W134/><G106/><T52/><D120/><U105/><E127/><V32/><F73/><W7/><G128/><T20/><D35/><U5/><E129/><V70/><F13/><W48/><G134/><T101/><D67/><U119/><E119/><V89/><F103/><W63/><G79/><T14/><D3/><U85/><E114/><V18/><F123/><W24/><G10/><T87/><D2/><U66/><E66/><V53/><F53/><W30/><REACH who="3" step="1"/><G51/><REACH who="3" ten="250,250,250,240" step="2"/><T130/><D130/><U61/><E105/><V104/><F104/><W37/><G37/><T50/><D116/><U56/><E39/><V115/><F115/><W12/><G12/><T17/><D118/><U45/><E74/><V83/><F38/><W0/><G0/><T84/><D4/><U41/><E5/><V132/><F132/><W55/><G55/><T98/><D40/><U75/><E72/><V82/><F43/><W54/><G54/><T131/><D131/><U26/><E75/><V112/><F112/><W8/><G8/><T58/><D50/><U124/><E41/><V28/><F83/><W33/><G33/><T117/><D117/><U126/><E42/><V95/><REACH who="2" step="1"/><F18/><REACH who="2" ten="250,250,240,240" step="2"/><W9/><G9/><T11/><D52/><N who="1" m="33927" /><E16/><V107/><F107/><W92/><G92/><T36/><D36/><U111/><E94/><V78/><F78/><W46/><G46/><T81/><D81/><U64/><E93/><V1/><F1/><W34/><G34/><T99/><D11/><U96/><E44/><V80/><F80/><RYUUKYOKU ba="0,2" sc="250,10,250,-30,240,10,240,10" hai0="14,15,17,19,20,58,59,84,87,98,99,101,102" hai2="27,28,32,62,65,70,77,82,86,88,89,91,95" hai3="6,7,22,23,24,29,30,48,49,60,63,69,71" /><INIT seed="0,1,2,4,4,129" ten="260,220,250,250" oya="0" hai0="71,44,94,133,18,38,24,91,48,123,62,20,65" hai1="60,56,83,90,46,121,130,92,26,135,110,95,25" hai2="111,81,112,49,27,87,1,11,53,32,74,117,16" hai3="50,21,57,64,3,70,14,124,30,116,13,106,115"/><T52/><D123/><U109/><E130/><V36/><F112/><W79/><G115/><T51/><D133/><U119/><E121/><V41/><F111/><N who="1" m="42505" /><E119/><V22/><F32/><W73/><G116/><T40/><REACH who="0" step="1"/><D52/><REACH who="0" ten="250,220,250,250" step="2"/><N who="1" m="33799" /><E135/><V93/><F117/><W0/><G0/><T80/><D80/><U118/><E118/><V97/><F53/><W75/><G3/><T10/><D10/><U78/><E46/><V6/><F74/><W89/><G75/><T33/><D33/><U120/><E120/><V55/><F81/><W39/><G73/><T34/><D34/><U108/><E108/><V128/><F128/><W68/><G64/><T103/><D103/><U35/><E35/><V114/><F114/><W96/><G70/><T122/><D122/><U85/><E95/><V84/><F41/><W131/><G131/><T76/><D76/><U132/><E132/><V67/><F67/><W63/><G79/><T37/><D37/><U9/><E9/><V104/><F36/><W23/><G39/><T100/><D100/><U126/><E126/><V12/><F1/><W125/><G124/><T58/><D58/><U134/><E134/><V127/><F127/><W42/><G68/><T5/><D5/><U31/><E31/><V82/><F82/><W98/><G30/><T7/><D7/><U105/><E105/><V8/><F104/><W54/><G106/><T102/><D102/><U17/><E17/><V101/><F11/><W113/><G125/><T19/><D19/><U59/><E59/><AGARI ba="1,3" hai="6,8,12,16,22,27,49,55,59,84,87,93,97,101" machi="59" ten="30,3900,0" yaku="7,1,8,1,54,1" doraHai="129" who="2" fromWho="1" sc="250,0,220,-42,250,72,250,0" /><INIT seed="1,0,0,2,0,34" ten="250,178,322,250" oya="1" hai0="88,64,0,60,102,129,117,6,89,7,80,45,50" hai1="24,99,90,26,57,53,96,1,121,72,106,41,127" hai2="14,108,63,118,93,104,86,128,66,30,131,37,33" hai3="87,38,13,126,75,103,25,81,92,79,47,67,46"/><U23/><E121/><V101/><F118/><W40/><G126/><T58/><D117/><U17/><E127/><V78/><F37/><W39/><G67/><T82/><D129/><U124/><E124/><V20/><F108/><W133/><G133/><T77/><D102/><U83/><E41/><V105/><F33/><W22/><G13/><T113/><D113/><U31/><E106/><V61/><F61/><W110/><G110/><T100/><D100/><U132/><E132/><V4/><F78/><W94/><G75/><T84/><D0/><U71/><E71/><V19/><F4/><N who="0" m="1578" /><D82/><U10/><E1/><V107/><F30/><W11/><G11/><T48/><D48/><U49/><E72/><V15/><F15/><W85/><G85/><T59/><D59/><U29/><E10/><V109/><F109/><W32/><G32/><T2/><D2/><U56/><E56/><V76/><F76/><W125/><G125/><T42/><AGARI ba="0,0" hai="42,45,50,58,60,64,77,80,84,88,89" m="1578" machi="42" ten="30,2000,0" yaku="8,1,54,1" doraHai="34" who="0" fromWho="0" sc="250,20,178,-10,322,-5,250,-5" /><INIT seed="2,0,0,1,2,15" ten="270,168,317,245" oya="2" hai0="72,14,90,79,101,111,83,112,2,33,97,58,12" hai1="46,18,115,113,43,62,56,125,0,50,53,104,29" hai2="5,57,81,120,31,1,16,67,85,38,100,106,55" hai3="42,116,3,51,94,32,95,24,127,65,134,86,64"/><V89/><F120/><W36/><G116/><T30/><D2/><U87/><E104/><V96/><F38/><W78/><G127/><T21/><D33/><U71/><E0/><V76/><F31/><W49/><G36/><T73/><D73/><U54/><E29/><V107/><F67/><N who="3" m="25675" /><G32/><T130/><D112/><U9/><E125/><V4/><F107/><W122/><G122/><T34/><D34/><U128/><E128/><V19/><F76/><W13/><G24/><T98/><D130/><U11/><E71/><V10/><F5/><W131/><G131/><T74/><D72/><U52/><E9/><V25/><F25/><W135/><G3/><T63/><D111/><U123/><E123/><V105/><F105/><W103/><G42/><T35/><D35/><U68/><E68/><V121/><F121/><W75/><G75/><T110/><D110/><U117/><E117/><V102/><F100/><W69/><G69/><T99/><D101/><U23/><E11/><V47/><F47/><W27/><G27/><N who="0" m="16751" /><D79/><U8/><E8/><V20/><F20/><W118/><G118/><T22/><D22/><U84/><E115/><V44/><F44/><W6/><G6/><T48/><D74/><U39/><E113/><V114/><F114/><W66/><G13/><T93/><D12/><N who="1" m="9671" /><E39/><V82/><REACH who="2" step="1"/><F81/><REACH who="2" ten="270,168,307,245" step="2"/><N who="3" m="47415" /><G103/><T119/><D119/><U61/><E56/><V129/><F129/><W45/><G45/><T37/><D37/><U41/><E41/><V59/><F59/><W124/><G124/><T70/><D70/><U80/><E80/><V7/><F7/><W132/><G66/><RYUUKYOKU ba="0,1" sc="270,-30,168,10,307,10,245,10" hai1="43,46,50,52,53,54,61,62,84,87" hai2="1,4,10,16,19,55,57,82,85,89,96,102,106" hai3="49,51,94,95,132,134,135" /><INIT seed="2,1,1,1,3,114" ten="240,178,317,255" oya="2" hai0="70,10,31,106,78,76,113,79,46,22,40,56,124" hai1="60,3,131,2,32,107,67,61,104,18,118,95,83" hai2="49,74,42,28,15,0,29,123,53,33,48,37,62" hai3="71,81,7,73,19,4,108,9,52,94,66,120,93"/><V82/><F123/><W21/><G120/><T102/><D70/><N who="1" m="42343" /><E95/><V85/><F0/><N who="1" m="41" /><E18/><V47/><F74/><W6/><G71/><T51/><D113/><U58/><E58/><N who="2" m="35151" /><F33/><W26/><G66/><T68/><D68/><U127/><E61/><V23/><F37/><W34/><G34/><T100/><D106/><N who="1" m="40491" /><E83/><V36/><F49/><W77/><G108/><T97/><D124/><U50/><E50/><V89/><F36/><W14/><REACH who="3" step="1"/><G52/><REACH who="3" ten="240,178,317,245" step="2"/><T133/><D56/><U117/><E127/><V109/><F109/><W132/><G132/><T134/><D133/><U5/><E5/><AGARI ba="1,2" hai="4,5,6,7,9,14,19,21,26,73,77,81,93,94" machi="5" ten="40,1300,0" yaku="1,1,53,0" doraHai="114" doraHaiUra="35" who="3" fromWho="1" sc="240,0,178,-16,317,0,245,36" /><INIT seed="3,0,0,5,3,116" ten="240,162,317,281" oya="3" hai0="83,98,49,41,126,72,21,80,19,33,15,94,36" hai1="46,37,23,55,105,20,0,115,59,9,87,48,109" hai2="61,78,29,26,114,18,8,95,71,130,117,86,128" hai3="54,51,45,28,93,30,3,101,108,13,119,57,74"/><W38/><G119/><T7/><D36/><U12/><E109/><V58/><F114/><W103/><G3/><T107/><D107/><U70/><E105/><V65/><F117/><W104/><G108/><T16/><D33/><U64/><E0/><V135/><F135/><W75/><G104/><T100/><D7/><U27/><E115/><V39/><F39/><W24/><G30/><T40/><D72/><U79/><E27/><V112/><F71/><W89/><G75/><T66/><D66/><U43/><E79/><V14/><F112/><W5/><G74/><T52/><D126/><U77/><E87/><V60/><F60/><W92/><G38/><T56/><D19/><U129/><E77/><V73/><F73/><W69/><G45/><T118/><D118/><U22/><E129/><V85/><F95/><W17/><G69/><T99/><D99/><U34/><E34/><N who="2" m="20791" /><F78/><W133/><G5/><T62/><D62/><U2/><E2/><V102/><F102/><W25/><G93/><T106/><D106/><U47/><E47/><V113/><F113/><W127/><G127/><T110/><D110/><U82/><E82/><AGARI ba="0,0" hai="15,16,21,40,41,49,52,56,80,82,83,94,98,100" machi="82" ten="40,5200,0" yaku="8,1,54,2" doraHai="116" who="0" fromWho="1" sc="240,52,162,-52,317,0,281,0" owari="292,9.2,110,-39.0,317,41.7,281,-11.9" /></mjloggm>