<mjloggm ver="2.3"><GO type="225" lobby="0"/><UN n0="%E6%9C%88%E5%B3%B6%E5%9F%BA" n1="%E7%89%B9%E6%9D%B1%E5%96%B0%E8%B5%A4%E9%80%9F" n2="%77%72%77%72%77%72%77%72" n3="%E6%B4%BE%E9%81%A3%E3%81%AE%E3%82%B8%E3%83%A3%E3%83%83%E3%82%AF" dan="16,16,17,17" rate="2111.56,2033.87,2169.00,2192.40" sx="M,M,M,M"/><TAIKYOKU oya="0"/><INIT seed="0,0,0,5,2,78" ten="250,250,250,250" oya="0" hai0="38,11,96,101,30,121,61,83,109,64,70,125,15" hai1="133,134,132,22,3,40,39,9,8,73,67,100,18" hai2="93,6,114,5,58,94,128,102,62,90,66,105,56" hai3="116,52,32,59,82,42,26,75,91,0,106,12,37"/><T92/><D121/><U135/><N who="1" m="33792" /><DORA hai="117" /><U99/><E3/><V103/><F114/><W17/><G0/><T74/><D38/><U115/><E67/><V87/><F128/><W131/><G106/><T1/><D125/><U111/><E111/><V124/><F124/><W54/><G116/><T63/><D109/><U24/><E73/><V48/><F105/><W89/><G131/><T84/><D74/><U68/><E68/><V126/><F126/><W25/><G32/><T21/><D63/><U60/><E60/><V120/><F120/><W118/><G118/><T49/><D49/><U119/><E119/><V86/><F48/><W108/><G108/><T80/><D1/><U97/><E115/><V110/><F110/><W31/><G42/><T2/><D2/><U129/><E97/><V69/><F69/><W77/><G37/><T23/><D30/><U98/><E98/><V76/><F76/><W33/><G26/><T44/><D44/><N who="1" m="23583" /><E129/><V122/><F122/><W127/><G127/><T16/><REACH who="0" step="1"/><D83/><REACH who="0" ten="240,250,250,250" step="2"/><U20/><E20/><V43/><F62/><W88/><REACH who="3" step="1"/><G59/><REACH who="3" ten="240,250,250,240" step="2"/><T72/><D72/><U79/><E79/><AGARI ba="0,2" hai="11,15,16,21,23,61,64,70,79,80,84,92,96,101" machi="79" ten="30,11600,0" yaku="1,1,7,1,52,1,54,1,53,0" doraHai="78,117" doraHaiUra="130,104" who="0" fromWho="1" sc="240,136,250,-116,250,0,240,0" /><INIT seed="0,1,0,2,3,13" ten="376,134,250,240" oya="0" hai0="65,109,96,3,67,133,72,99,20,26,115,69,90" hai1="98,39,126,81,111,61,6,112,37,79,94,33,124" hai2="30,5,29,2,47,49,59,34,130,62,9,122,131" hai3="80,91,78,28,95,71,41,11,92,73,93,0,87"/><T32/><D115/><U127/><E33/><V53/><F122/><W58/><G71/><T106/><D3/><U77/><E111/><V63/><F63/><W24/><G41/><T113/><D72/><U1/><E61/><V101/><F101/><W120/><G120/><T84/><D133/><U68/><E68/><V105/><F105/><W82/><G58/><T12/><D113/><U128/><E128/><N who="2" m="49195" /><F34/><W104/><G104/><T134/><D134/><U123/><E123/><V110/><F110/><W45/><G45/><T46/><D46/><U108/><E108/><V42/><AGARI ba="1,0" hai="2,5,9,29,30,42,47,49,53,59,62" m="49195" machi="42" ten="30,1100,0" yaku="19,1" doraHai="13" who="2" fromWho="2" sc="376,-6,134,-4,250,14,240,-4" /><INIT seed="1,0,0,3,4,86" ten="370,130,264,236" oya="1" hai0="51,29,126,123,17,106,75,94,82,13,49,39,30" hai1="107,89,64,93,131,33,3,46,55,91,122,99,118" hai2="2,78,101,44,109,7,135,53,124,11,127,100,68" hai3="35,83,37,85,110,8,54,108,105,57,81,1,77"/><U76/><E122/><V45/><F68/><W4/><G105/><T23/><D106/><U36/><E118/><V120/><F120/><W132/><G132/><T84/><D39/><U56/><E3/><V52/><F135/><W47/><G35/><T15/><D75/><U19/><E107/><V70/><F70/><W20/><G20/><T67/><D126/><N who="2" m="48170" /><F78/><W38/><G81/><T129/><D129/><U90/><E33/><V111/><F45/><W98/><G98/><T25/><D67/><U116/><E116/><V121/><F121/><W104/><G104/><T113/><D94/><U133/><E133/><V117/><F117/><W6/><G6/><T60/><D60/><N who="1" m="37895" /><E36/><V112/><F112/><W61/><G38/><T21/><D113/><U63/><E76/><V79/><F79/><W80/><G80/><T87/><D82/><U27/><E131/><V125/><N who="2" m="48178" /><V66/><DORA hai="41" /><F66/><W24/><G24/><T59/><D25/><U102/><E46/><V42/><F101/><W103/><G103/><T114/><D59/><N who="1" m="35327" /><E102/><V40/><F40/><W115/><G115/><T22/><D114/><U10/><E10/><V28/><F100/><W97/><G37/><T9/><D9/><U0/><E0/><V72/><F72/><W14/><G1/><T48/><D123/><U74/><E74/><V5/><F5/><W130/><G47/><T95/><D30/><U34/><E34/><V69/><F28/><W119/><G119/><T128/><D29/><U12/><E12/><V26/><F69/><W43/><G130/><T92/><D128/><U58/><E58/><RYUUKYOKU ba="0,0" sc="370,-10,130,30,264,-10,236,-10" hai1="19,27,89,90,91,93,99" /><INIT seed="1,1,0,0,2,10" ten="360,160,254,226" oya="1" hai0="86,67,90,106,104,49,26,0,74,88,87,34,24" hai1="60,3,32,109,131,1,95,119,48,125,8,44,65" hai2="7,135,77,114,129,115,124,6,30,93,27,83,39" hai3="20,18,62,110,70,100,41,36,71,37,68,15,133"/><U23/><E119/><V14/><F39/><W46/><G110/><T94/><D0/><U45/><E32/><V79/><F129/><W29/><G133/><T16/><D74/><U105/><E105/><V103/><F135/><W17/><G29/><T123/><D123/><U63/><E109/><V47/><F124/><W84/><G100/><T58/><D34/><U4/><E125/><V73/><F77/><W31/><G31/><T82/><D26/><U117/><E117/><V57/><F47/><W42/><G84/><T85/><D85/><U128/><E1/><V38/><F38/><W13/><G62/><N who="1" m="23594" /><E65/><V22/><F57/><W78/><G78/><T107/><D67/><U75/><E75/><V19/><F93/><W101/><G101/><T91/><D104/><U120/><E120/><V121/><F103/><W33/><G33/><T52/><D91/><U80/><E80/><V59/><F59/><W97/><G97/><T118/><D118/><U92/><E23/><V51/><F51/><W98/><G98/><T99/><D99/><U55/><E44/><V64/><F64/><W76/><G76/><T21/><AGARI ba="1,0" hai="16,21,24,49,52,58,82,86,87,88,90,94,106,107" machi="21" ten="30,7900,0" yaku="0,1,54,3" doraHai="10" who="0" fromWho="0" sc="360,82,160,-40,254,-21,226,-21" /><INIT seed="2,0,0,0,3,84" ten="442,120,233,205" oya="2" hai0="37,79,34,7,86,132,32,133,71,10,124,126,3" hai1="31,16,81,82,55,22,13,117,101,66,97,28,61" hai2="38,42,54,64,122,73,88,87,96,39,99,123,125" hai3="5,20,6,23,113,129,90,69,92,95,111,65,127"/><V93/><F73/><W33/><G33/><N who="0" m="12907" /><D71/><U68/><E117/><V98/><F125/><N who="0" m="48234" /><D37/><U67/><E55/><V59/><F64/><W131/><G127/><T112/><D112/><U2/><E2/><V51/><REACH who="2" step="1"/><F42/><REACH who="2" ten="442,120,223,205" step="2"/><W43/><G43/><T77/><D133/><U128/><E66/><V21/><F21/><W24/><G65/><T78/><D132/><U12/><E128/><V70/><F70/><W50/><G69/><T83/><AGARI ba="0,1" hai="3,7,10,77,78,79,83,86" m="48234,12907" machi="83" ten="40,1500,0" yaku="18,1" doraHai="84" who="0" fromWho="0" sc="442,25,120,-4,223,-7,205,-4" /><INIT seed="3,0,0,2,5,53" ten="467,116,216,201" oya="3" hai0="49,76,106,72,117,18,85,6,11,1,50,75,121" hai1="73,16,101,7,31,95,131,112,67,116,14,46,97" hai2="126,68,104,40,15,135,128,43,30,110,61,54,34" hai3="39,83,27,51,129,17,88,124,4,28,33,111,99"/><W103/><G39/><T87/><D117/><U58/><E112/><V91/><F110/><W71/><G71/><T26/><D121/><U35/><E73/><V13/><F128/><W82/><G4/><T36/><D106/><U24/><E131/><V25/><F135/><W55/><G129/><T114/><D114/><U3/><E46/><V41/><F126/><W19/><G124/><T123/><D123/><U9/><E116/><V100/><F91/><W42/><G42/><T20/><D36/><U47/><E47/><V45/><F54/><W108/><G83/><T60/><D60/><U48/><E48/><V8/><F8/><W66/><G66/><T80/><D75/><U63/><REACH who="1" step="1"/><E3/><REACH who="1" ten="467,106,216,201" step="2"/><V22/><F45/><N who="3" m="28143" /><G111/><T23/><D23/><U127/><E127/><V86/><F22/><W0/><G0/><T113/><D113/><U98/><E98/><N who="2" m="61463" /><F86/><W109/><G109/><T5/><D5/><U102/><E102/><V59/><F43/><W78/><G103/><T92/><D72/><U12/><E12/><V122/><F41/><W115/><G115/><T10/><D10/><U90/><E90/><V81/><F40/><W2/><G2/><T38/><D38/><U32/><E32/><V77/><F122/><W134/><G108/><T94/><D94/><U79/><E79/><V84/><F34/><W107/><G107/><T133/><D133/><U120/><E120/><V93/><F77/><W21/><G33/><T118/><D118/><U132/><E132/><V29/><F93/><N who="3" m="56743" /><G134/><T74/><D74/><U69/><E69/><V37/><F68/><W125/><G125/><RYUUKYOKU ba="0,1" sc="467,10,106,10,216,-30,201,10" hai0="1,6,11,18,20,26,49,50,76,80,85,87,92" hai1="7,9,14,16,24,31,35,58,63,67,95,97,101" hai3="17,19,21,27,28,78,82" /><INIT seed="3,1,1,0,4,52" ten="477,116,186,211" oya="3" hai0="33,129,8,25,105,96,98,4,131,24,68,119,59" hai1="103,40,100,82,27,16,91,124,17,49,92,13,121" hai2="113,32,39,135,15,114,104,61,9,94,132,31,126" hai3="7,64,26,20,28,41,77,134,11,133,101,38,78"/><W106/><G64/><T79/><D68/><U57/><E121/><V54/><F104/><W90/><G90/><T56/><D119/><U86/><E124/><V36/><F126/><W115/><G115/><N who="2" m="44041" /><F31/><W123/><G123/><T109/><D109/><U45/><E82/><V62/><F32/><W71/><G71/><T35/><D79/><U22/><REACH who="1" step="1"/><E57/><REACH who="1" ten="477,106,186,211" step="2"/><N who="0" m="22089" /><D105/><U120/><E120/><V111/><F111/><W112/><G106/><T74/><D74/><U88/><E88/><V65/><F135/><W51/><G133/><T76/><D76/><U2/><E2/><V63/><F132/><W21/><G134/><T43/><D43/><U117/><E117/><V47/><F63/><W87/><G112/><T10/><D35/><U73/><E73/><V19/><F62/><W46/><G77/><T75/><D75/><U83/><E83/><V93/><F61/><W23/><G78/><T58/><D58/><U81/><E81/><V69/><F69/><W122/><G122/><T44/><D44/><U110/><E110/><V72/><F72/><W97/><G46/><T127/><D33/><U107/><E107/><V1/><F1/><W67/><G41/><T34/><D34/><U42/><E42/><V0/><F0/><W130/><G67/><T60/><D60/><U108/><E108/><V125/><F65/><W95/><G101/><T29/><D127/><U48/><E48/><N who="2" m="28959" /><F125/><W5/><G51/><T53/><D53/><U14/><E14/><V80/><F80/><W85/><G95/><N who="2" m="36361" /><F36/><W6/><G38/><T70/><D70/><U116/><E116/><V84/><F39/><RYUUKYOKU ba="1,2" sc="477,-15,106,15,186,15,211,-15" hai1="13,16,17,22,27,40,45,49,86,91,92,100,103" hai2="9,15,19,84" owari="482,58.2,121,-37.9,201,0.1,196,-20.4" /></mjloggm>