<mjloggm ver="2.3"><GO type="225" lobby="0"/><UN n0="%E3%82%BC%E3%83%AB%E3%83%80%E3%81%AE%E4%BC%9D%E8%AA%AC" n1="%E3%83%81%E3%83%83%E3%82%BF%E3%82%BD%E3%83%BC" n2="%E6%B8%A9%E2%98%85%E6%83%85%E2%98%85%E6%8E%AA%E2%98%85%E7%BD%AE" n3="%E5%AF%82%E5%AF%9E%E3%82%AE%E3%83%8D%E3%82%B9%E3%83%93%E3%83%BC%E3%83%AB" dan="17,16,17,16" rate="2179.60,2109.27,2175.75,2145.45" sx="M,F,M,M"/><TAIKYOKU oya="0"/><INIT seed="0,0,0,4,5,70" ten="250,250,250,250" oya="0" hai0="48,55,16,22,40,68,127,51,23,4,123,64,113" hai1="116,38,49,75,10,87,132,35,79,3,135,82,14" hai2="96,33,106,83,114,36,52,101,90,124,2,25,126" hai3="81,42,119,7,71,53,91,29,117,59,88,5,66"/><T112/><D123/><U69/><E38/><V78/><F114/><W76/><G29/><T63/><D127/><N who="2" m="48682" /><F2/><W131/><G131/><T89/><D4/><U73/><E116/><V58/><F90/><W109/><G109/><T24/><D89/><U18/><E69/><V121/><F121/><W122/><G122/><T8/><D8/><U128/><E128/><V74/><F36/><W15/><G42/><T17/><D40/><U44/><E35/><V118/><F118/><W60/><G119/><T6/><D6/><U46/><E3/><V111/><F111/><W134/><G134/><N who="1" m="51242" /><E44/><V65/><F65/><W57/><G71/><T34/><D34/><U125/><E125/><V95/><F106/><W41/><G41/><AGARI ba="0,0" hai="10,14,18,41,46,49,73,75,79,82,87" m="51242" machi="41" ten="30,1000,0" yaku="20,1" doraHai="70" who="1" fromWho="3" sc="250,0,250,10,250,0,250,-10" /><INIT seed="1,0,0,5,5,100" ten="250,260,250,240" oya="1" hai0="57,99,117,106,56,105,109,83,101,81,1,50,38" hai1="133,69,96,58,43,27,36,40,77,75,55,115,24" hai2="97,18,26,82,71,66,2,13,45,51,85,10,41" hai3="110,37,6,67,73,125,134,119,9,4,114,59,68"/><U91/><E133/><V16/><F2/><W126/><G114/><T98/><D38/><U107/><E69/><V30/><F97/><W12/><G37/><T72/><D117/><U52/><E115/><V8/><F71/><W11/><G73/><T124/><D1/><U78/><E36/><V95/><F66/><W86/><G68/><T21/><D109/><U20/><E55/><V89/><F95/><W15/><G110/><T108/><D108/><U87/><E27/><V0/><F0/><W42/><G42/><N who="1" m="15914" /><E107/><V54/><F41/><W130/><G134/><T25/><D124/><U121/><E96/><V53/><F53/><W80/><G130/><T29/><D50/><N who="1" m="30999" /><E75/><V131/><F131/><W19/><G119/><T28/><D28/><N who="1" m="17415" /><E121/><V62/><F62/><W102/><G126/><T31/><D72/><U111/><E111/><V92/><F30/><W14/><G125/><T120/><D120/><U60/><E60/><V104/><F104/><W70/><G70/><T33/><D33/><U22/><E22/><N who="2" m="13639" /><F8/><W35/><G35/><T17/><D29/><U23/><E23/><V93/><AGARI ba="0,0" hai="10,13,18,45,51,54,82,85,89,92,93" m="13639" machi="93" ten="30,4000,0" yaku="25,1,8,1,54,1" doraHai="100" who="2" fromWho="2" sc="250,-10,260,-20,250,40,240,-10" /><INIT seed="2,0,0,4,2,121" ten="240,240,290,230" oya="2" hai0="127,130,5,113,69,4,62,100,95,60,115,117,76" hai1="33,12,43,59,112,82,124,37,98,14,129,0,20" hai2="48,35,30,83,91,11,79,45,27,111,97,34,67" hai3="50,92,71,41,122,3,17,118,1,103,70,40,54"/><V49/><F35/><W86/><G122/><T74/><D74/><U18/><E33/><V99/><F67/><W25/><G118/><T90/><D76/><U88/><E0/><V72/><F111/><W120/><G120/><T106/><D100/><U133/><E112/><V78/><F78/><W102/><G25/><T80/><D80/><U125/><E129/><V46/><F11/><W16/><G50/><T123/><D106/><U9/><E133/><V119/><F119/><W105/><G54/><T21/><D123/><U22/><E59/><V101/><F91/><W53/><G53/><T42/><D42/><U24/><E43/><V134/><F134/><W126/><G92/><T73/><D73/><U32/><E37/><V131/><F131/><W77/><G77/><T58/><D117/><U116/><E116/><V114/><F114/><W51/><G51/><T75/><D75/><U132/><E132/><V108/><F108/><W13/><G86/><T26/><D130/><U84/><E98/><V63/><F63/><W65/><G65/><N who="0" m="41127" /><D127/><U23/><E32/><V36/><F36/><W7/><G105/><T81/><D81/><U28/><E12/><V19/><F19/><W107/><G13/><T64/><D115/><U56/><E56/><V128/><F128/><W110/><G110/><T57/><D57/><U38/><E38/><V6/><F6/><N who="0" m="2666" /><D113/><U52/><E52/><N who="2" m="29711" /><F101/><W47/><G7/><T135/><D135/><U85/><E84/><V15/><F15/><W109/><G109/><T68/><D68/><U94/><E82/><V8/><F8/><W2/><G70/><RYUUKYOKU ba="0,0" sc="240,-15,240,15,290,15,230,-15" hai1="9,14,18,20,22,23,24,28,85,88,94,124,125" hai2="27,30,34,46,49,72,79,83,97,99" /><INIT seed="2,1,0,5,3,25" ten="225,255,305,215" oya="2" hai0="117,6,10,92,108,84,96,40,2,61,89,72,98" hai1="42,115,0,102,5,112,22,20,78,94,81,130,105" hai2="110,49,37,29,133,8,48,126,3,95,85,116,77" hai3="64,41,113,129,38,43,86,36,74,30,123,18,122"/><V91/><F116/><W71/><G74/><T118/><D72/><U80/><E130/><V60/><F37/><W82/><G129/><T93/><D108/><U132/><E105/><V11/><F110/><W66/><G18/><T15/><D40/><U101/><E132/><V56/><F133/><W87/><G82/><T111/><D111/><U88/><E42/><V27/><F126/><W135/><G135/><T114/><D114/><U13/><E0/><V127/><F77/><W119/><G113/><T103/><D61/><U44/><E44/><V28/><F127/><W83/><G83/><N who="1" m="31818" /><E112/><V128/><F128/><W32/><G32/><T97/><REACH who="0" step="1"/><D2/><REACH who="0" ten="215,255,305,215" step="2"/><U33/><E115/><V73/><F3/><W47/><G119/><AGARI ba="1,1" hai="6,10,15,84,89,92,93,96,97,98,103,117,118,119" machi="119" ten="40,5200,0" yaku="1,1,2,1,12,1,53,0" doraHai="25" doraHaiUra="131" who="0" fromWho="3" sc="215,65,255,0,305,0,215,-55" /><INIT seed="3,0,0,0,2,121" ten="280,255,305,160" oya="3" hai0="10,45,11,26,105,15,113,109,64,82,103,71,43" hai1="112,101,56,63,0,19,135,86,39,81,108,111,115" hai2="9,106,87,89,93,44,41,80,118,25,130,122,60" hai3="20,100,123,67,79,61,85,129,88,24,76,30,57"/><W8/><G129/><T34/><D113/><U5/><E39/><V126/><F118/><W1/><G123/><T120/><D120/><U33/><E33/><V48/><F122/><W73/><G73/><T116/><D116/><U117/><E117/><V12/><F106/><W23/><G23/><T104/><D82/><U65/><E101/><V59/><F126/><W95/><G1/><T78/><D78/><U102/><E102/><V29/><F130/><W127/><G127/><T128/><D128/><U114/><E135/><V46/><F46/><W74/><G74/><T22/><D34/><U119/><E119/><V40/><F40/><W36/><G36/><T18/><D103/><U92/><E92/><V21/><F80/><N who="3" m="49191" /><G8/><T51/><D10/><U110/><E19/><N who="2" m="8591" /><F59/><W99/><AGARI ba="0,0" hai="20,24,30,57,61,67,76,79,95,99,100" m="49191" machi="99" ten="30,6000,0" yaku="25,1,8,1,54,1" doraHai="121" who="3" fromWho="3" sc="280,-20,255,-20,305,-20,160,60" /><INIT seed="3,1,0,4,1,4" ten="260,235,285,220" oya="3" hai0="68,54,121,118,30,34,79,110,45,1,88,127,103" hai1="115,108,55,15,85,80,102,76,64,130,126,35,84" hai2="52,20,109,56,91,46,21,67,36,7,2,11,81" hai3="40,43,119,94,78,61,99,59,96,22,0,93,98"/><W117/><G0/><T128/><D118/><U114/><E35/><V53/><F109/><W44/><G78/><T8/><D121/><U60/><E108/><V86/><F67/><W113/><G113/><T83/><D110/><U31/><E126/><V3/><F3/><W131/><G131/><T74/><D68/><U90/><E130/><V135/><F135/><W39/><G43/><T50/><D128/><U89/><E102/><V123/><F123/><W72/><G72/><T92/><D127/><U101/><E101/><V17/><F17/><W38/><G38/><T124/><D124/><U19/><E31/><V106/><F106/><W33/><G33/><T87/><D103/><U12/><E55/><V71/><F71/><W57/><G22/><T75/><D34/><U82/><E76/><V5/><F5/><W129/><G129/><T120/><D30/><U42/><E42/><V77/><F77/><W28/><G28/><T104/><D104/><U134/><E134/><V97/><F97/><W25/><G25/><T133/><D133/><U122/><E122/><V16/><F16/><W24/><G24/><T23/><D23/><U58/><REACH who="1" step="1"/><E19/><REACH who="1" ten="260,225,285,220" step="2"/><V107/><F107/><W70/><G119/><T47/><D120/><U73/><E73/><V95/><F53/><W14/><G117/><T26/><D74/><U27/><E27/><V13/><F52/><W51/><G39/><T65/><D26/><U111/><E111/><V6/><F36/><W125/><G125/><T10/><D47/><U105/><E105/><V62/><F46/><W112/><G44/><T49/><D45/><RYUUKYOKU ba="1,1" sc="260,-10,225,30,285,-10,220,-10" hai1="12,15,58,60,64,80,82,84,85,89,90,114,115" /><INIT seed="4,2,1,5,2,22" ten="250,255,275,210" oya="0" hai0="94,50,67,36,66,33,122,17,103,105,46,63,134" hai1="0,95,120,73,30,55,87,72,48,68,70,112,42" hai2="20,114,38,53,98,9,47,39,100,117,123,83,102" hai3="41,11,19,37,8,74,5,77,52,54,109,32,14"/><T25/><D122/><U26/><E0/><V3/><F123/><W124/><G109/><T7/><D36/><U76/><E120/><V21/><F114/><W16/><G32/><T49/><D134/><U78/><E112/><V60/><F117/><W121/><G121/><T89/><D7/><U128/><E128/><V90/><F39/><W80/><G124/><T135/><D135/><U81/><E42/><V18/><F38/><W106/><G106/><T23/><D33/><U119/><E119/><V126/><F3/><N who="3" m="63" /><G19/><T88/><D105/><U43/><E43/><V84/><F126/><W61/><G61/><T104/><D104/><U75/><E95/><N who="2" m="58463" /><F102/><W58/><G58/><N who="0" m="37239" /><D67/><U4/><E4/><V62/><F62/><W59/><G59/><T115/><D115/><U2/><E2/><V51/><F60/><W101/><G101/><T79/><D79/><U6/><E6/><V10/><F21/><W116/><G116/><T44/><D50/><U64/><E64/><V99/><F99/><W40/><G40/><N who="0" m="24711" /><D46/><AGARI ba="2,1" hai="11,14,16,37,41,46,52,54,74,77,80" m="63" machi="46" ten="30,3900,0" yaku="25,1,54,2" doraHai="22" who="3" fromWho="0" sc="250,-45,255,0,275,0,210,55" /><INIT seed="5,0,0,4,5,29" ten="205,255,275,265" oya="1" hai0="52,48,57,133,81,99,17,117,46,135,88,42,44" hai1="64,129,124,72,71,116,115,43,55,85,56,23,125" hai2="111,50,19,93,106,77,114,16,65,20,79,128,103" hai3="126,24,47,35,31,4,40,63,9,38,12,80,36"/><U53/><E72/><V69/><F111/><W10/><G126/><N who="1" m="48746" /><E116/><V94/><F106/><W132/><G132/><N who="0" m="50763" /><D117/><U84/><E129/><V13/><F128/><W37/><G63/><T87/><D17/><U89/><E115/><V33/><F33/><W104/><G104/><T41/><D99/><U98/><E71/><V130/><F130/><W120/><G120/><T59/><D41/><U97/><E43/><V112/><F50/><AGARI ba="0,0" hai="42,44,46,48,50,52,57,59,81,87,88" m="50763" machi="50" ten="30,3900,0" yaku="20,1,54,2" doraHai="29" who="0" fromWho="2" sc="205,39,255,0,275,-39,265,0" /><INIT seed="6,0,0,5,2,111" ten="244,255,236,265" oya="2" hai0="4,95,112,113,76,63,66,106,18,7,22,6,134" hai1="21,35,71,115,59,31,87,44,131,19,135,56,54" hai2="81,60,91,109,36,14,38,118,96,1,27,122,84" hai3="34,105,13,104,89,98,130,132,47,123,30,11,85"/><V28/><F1/><W29/><G123/><T41/><D106/><U58/><E71/><V26/><F122/><W24/><G132/><T25/><D134/><U116/><E116/><V90/><F118/><W49/><G30/><T32/><D41/><U133/><E31/><V88/><F109/><W9/><G130/><T126/><D126/><U65/><E35/><V120/><F120/><W74/><G74/><T50/><D32/><U67/><E87/><V53/><F38/><W70/><G70/><T48/><D76/><U100/><E100/><V73/><F36/><W103/><G13/><T93/><D48/><N who="1" m="28935" /><E19/><V23/><F73/><W110/><G105/><T127/><D50/><U45/><E21/><N who="2" m="15471" /><F14/><W107/><G107/><T20/><D20/><U8/><E8/><V61/><F53/><W69/><G69/><N who="0" m="42207" /><D127/><U10/><E10/><V114/><F114/><AGARI ba="0,0" hai="4,6,7,18,22,25,93,95,112,113,114" m="42207" machi="114" ten="30,7700,0" yaku="15,1,52,3" doraHai="111" who="0" fromWho="2" sc="244,77,255,0,236,-77,265,0" owari="321,42.1,255,-14.5,159,-34.1,265,6.5" /></mjloggm>