<mjloggm ver="2.3"><GO type="225" lobby="0"/><UN n0="%E6%97%A5%E6%9B%9C%E6%97%A5%E3%82%88%E3%82%8A%E3%81%AE%E4%BD%BF%E8%80%85" n1="%E7%8D%A3%E8%87%AD%E3%81%84%E8%82%89%E7%90%83" n2="%E6%81%A5%E6%99%92%E3%81%97" n3="%E4%BF%BA%E3%81%A8%E5%A6%96%E5%A4%A2" dan="16,16,16,16" rate="2156.10,2119.10,2214.55,2119.14" sx="M,M,M,F"/><TAIKYOKU oya="0"/><INIT seed="0,0,0,0,1,104" ten="250,250,250,250" oya="0" hai0="83,87,15,92,75,127,58,61,130,126,133,25,73" hai1="5,123,52,9,109,10,128,38,36,101,41,4,34" hai2="11,49,65,28,120,63,89,1,132,90,124,60,43" hai3="37,82,40,33,117,23,69,14,53,44,51,3,81"/><T78/><D130/><U121/><E109/><V20/><F120/><W54/><G117/><T93/><D15/><U108/><E108/><V84/><F124/><N who="0" m="47658" /><D25/><U17/><E128/><V66/><F132/><W106/><G33/><T98/><D133/><U8/><E34/><V135/><F135/><W102/><G3/><T91/><D93/><U21/><E101/><V18/><F28/><W57/><G69/><T6/><D6/><U35/><E35/><V29/><F29/><W96/><G23/><T111/><D111/><U55/><E41/><V72/><F72/><N who="0" m="27722" /><D58/><U74/><E74/><V97/><F1/><W100/><G14/><T95/><D95/><U24/><E5/><V85/><F11/><W56/><G102/><N who="0" m="60743" /><D61/><AGARI ba="0,0" hai="37,40,44,51,53,54,56,57,61,81,82,96,100,106" machi="61" ten="30,1000,0" yaku="7,1" doraHai="104" who="3" fromWho="0" sc="250,-10,250,0,250,0,250,10" /><INIT seed="1,0,0,5,0,67" ten="240,250,250,260" oya="1" hai0="90,97,38,62,33,85,15,19,25,32,10,7,123" hai1="122,48,9,109,79,72,121,34,60,0,80,24,92" hai2="89,73,22,114,83,43,6,110,65,37,74,12,2" hai3="4,3,135,91,71,99,124,31,68,116,64,128,108"/><U104/><E104/><V17/><F110/><W5/><G108/><T56/><D38/><U45/><E109/><V18/><F114/><W42/><G124/><T57/><D123/><U107/><E107/><V125/><F125/><W52/><G128/><T28/><D97/><U115/><E115/><V66/><F74/><W132/><G42/><T131/><D131/><U77/><E77/><N who="2" m="44463" /><F18/><W44/><G64/><T35/><D7/><N who="3" m="2633" /><G3/><T13/><D13/><U70/><E9/><N who="2" m="2263" /><F89/><W106/><G31/><T113/><D113/><U26/><E0/><V103/><F103/><N who="3" m="62847" /><G91/><T129/><D129/><U102/><E102/><V75/><F75/><W20/><G20/><T69/><D56/><U130/><E130/><V23/><F22/><W133/><G116/><T134/><D57/><U50/><E122/><V11/><F23/><W111/><G111/><T16/><D19/><U55/><E121/><V27/><F27/><W61/><G61/><T117/><D117/><U76/><E24/><V58/><F58/><W41/><G52/><T78/><D62/><U51/><E79/><V88/><F88/><W82/><G82/><N who="0" m="49463" /><D78/><U49/><E92/><V29/><F29/><W14/><G14/><T112/><D112/><U98/><E98/><V46/><AGARI ba="0,0" hai="11,12,17,37,43,46,65,66" m="2263,44463" machi="46" ten="30,1100,0" yaku="25,1" doraHai="67" who="2" fromWho="2" sc="240,-3,250,-5,250,11,260,-3" /><INIT seed="2,0,0,3,3,54" ten="237,245,261,257" oya="2" hai0="1,109,78,72,99,40,98,89,57,31,46,95,101" hai1="61,114,58,52,127,111,76,96,69,117,16,104,5" hai2="35,92,56,60,115,45,126,18,123,9,36,106,79" hai3="39,103,73,86,133,90,116,3,120,21,84,94,64"/><V24/><F115/><W91/><G39/><T88/><D1/><U102/><E114/><V28/><F123/><W70/><G3/><T17/><D109/><U33/><E117/><V14/><F106/><W67/><G116/><T80/><D31/><U8/><E111/><V66/><F126/><W63/><G120/><T107/><D17/><U51/><E127/><V47/><F36/><W85/><G73/><T83/><D57/><U2/><E33/><V81/><REACH who="2" step="1"/><F92/><REACH who="2" ten="237,245,251,257" step="2"/><W113/><G113/><T19/><D83/><U134/><E134/><V135/><F135/><W128/><G133/><T26/><D107/><U108/><E108/><V32/><F32/><W44/><G128/><T43/><D95/><U22/><E76/><V42/><F42/><W129/><G129/><T41/><D41/><U50/><REACH who="1" step="1"/><E69/><REACH who="1" ten="237,235,251,257" step="2"/><V65/><F65/><W131/><G67/><T59/><D78/><U6/><E6/><V62/><F62/><W112/><G112/><T119/><D119/><U38/><E38/><V25/><F25/><AGARI ba="0,2" hai="2,5,8,16,22,25,50,51,52,58,61,96,102,104" machi="25" ten="30,12000,2" yaku="1,1,7,1,52,1,54,2,53,1" doraHai="54" doraHaiUra="49" who="1" fromWho="2" sc="237,0,235,140,251,-120,257,0" /><INIT seed="3,0,0,1,5,15" ten="237,375,131,257" oya="3" hai0="87,31,76,86,77,125,43,13,94,117,74,62,112" hai1="37,82,52,120,2,55,101,50,93,67,71,134,47" hai2="56,58,63,70,79,42,8,38,91,88,75,41,5" hai3="14,7,133,68,97,10,122,17,21,132,34,102,127"/><W51/><G122/><T80/><D117/><U33/><E120/><V16/><F70/><W69/><G34/><T100/><D125/><U53/><E2/><V129/><F129/><W36/><G36/><T78/><D43/><U113/><E33/><V118/><F118/><W98/><G51/><T48/><D31/><U54/><E82/><V90/><F38/><W135/><G127/><T18/><D112/><U105/><E105/><V29/><F29/><W6/><G6/><T114/><D62/><N who="1" m="40439" /><E93/><V124/><F124/><W32/><G32/><T25/><D25/><U83/><E83/><V85/><F75/><W95/><REACH who="3" step="1"/><G97/><REACH who="3" ten="237,375,131,247" step="2"/><T65/><D48/><U46/><E37/><V0/><F79/><W30/><G30/><T35/><D77/><U72/><E50/><V4/><F4/><W84/><G84/><T3/><D35/><U128/><E72/><V115/><F85/><W116/><G116/><T19/><D78/><U44/><E113/><V66/><F115/><W64/><G64/><T20/><D65/><U61/><E128/><V11/><REACH who="2" step="1"/><F58/><REACH who="2" ten="237,375,121,247" step="2"/><W9/><G9/><N who="0" m="6447" /><D114/><U60/><E44/><V39/><F39/><W27/><AGARI ba="0,2" hai="7,10,14,17,21,27,68,69,95,98,102,132,133,135" machi="27" ten="30,12000,1" yaku="1,1,0,1,20,1,52,1,53,1" doraHai="15" doraHaiUra="99" who="3" fromWho="3" sc="237,-40,375,-40,121,-40,247,140" owari="197,-20.3,335,13.5,81,-41.9,387,48.7" /></mjloggm>