<mjloggm ver="2.3"><GO type="225" lobby="0"/><UN n0="%E6%9C%88%E5%B3%B6%E5%9F%BA" n1="%E3%81%B2%E3%81%AA%E3%81%AE%E3%82%8A%E3%81%8F" n2="%70%68%65%6E%6F%6D%65" n3="%E6%A1%9C%E8%8A%B1%E9%96%83%E3%80%85" dan="18,16,16,17" rate="2234.84,2101.44,2190.38,2181.89" sx="M,M,M,M"/><TAIKYOKU oya="0"/><INIT seed="0,0,0,5,3,129" ten="250,250,250,250" oya="0" hai0="9,96,57,31,49,90,35,55,59,80,11,51,20" hai1="14,71,121,133,127,22,63,1,94,115,6,85,81" hai2="126,122,53,23,128,92,2,38,67,77,5,32,123" hai3="25,104,91,102,8,132,114,117,106,119,108,134,12"/><T87/><D35/><U40/><E121/><V107/><F107/><N who="3" m="41003" /><G114/><T37/><D37/><U118/><E118/><V84/><F32/><W3/><G102/><T45/><D96/><U29/><E1/><V111/><F38/><W82/><G25/><N who="0" m="16807" /><D59/><U75/><E40/><AGARI ba="0,0" hai="9,11,40,45,49,51,55,57,80,87,90" m="16807" machi="40" ten="30,1500,0" yaku="8,1" doraHai="129" who="0" fromWho="1" sc="250,15,250,-15,250,0,250,0" /><INIT seed="0,1,0,3,0,41" ten="265,235,250,250" oya="0" hai0="119,133,31,109,95,38,12,5,49,90,81,43,86" hai1="14,93,58,59,11,46,103,135,54,84,122,113,96" hai2="36,92,123,73,15,71,117,94,52,68,9,17,101" hai3="57,97,22,19,37,51,29,87,89,47,62,131,80"/><T112/><D119/><U91/><E135/><V48/><F123/><W111/><G111/><T53/><D112/><U35/><E35/><V102/><F36/><W55/><G131/><T1/><D133/><U27/><E122/><V26/><F73/><W40/><G29/><T132/><D1/><U118/><E27/><V2/><F117/><W63/><REACH who="3" step="1"/><G97/><REACH who="3" ten="265,235,250,240" step="2"/><T85/><D31/><U8/><E118/><V10/><F102/><W82/><G82/><T79/><D109/><U64/><E113/><V108/><F101/><W98/><G98/><T115/><D115/><U100/><E100/><V104/><F108/><W130/><G130/><T128/><D128/><U106/><E103/><V60/><F104/><W72/><G72/><T45/><D132/><U50/><E96/><V42/><F94/><W126/><G126/><T134/><D134/><U21/><E106/><V56/><F92/><W16/><G16/><T125/><D125/><U33/><E33/><V70/><F26/><AGARI ba="1,1" hai="19,22,26,37,40,47,51,55,57,62,63,80,87,89" machi="26" ten="30,3900,0" yaku="1,1,7,1,52,1,53,0" doraHai="41" doraHaiUra="127" who="3" fromWho="2" sc="265,0,235,0,250,-42,240,52" /><INIT seed="1,0,0,4,3,118" ten="265,235,208,292" oya="1" hai0="28,111,82,47,89,63,6,76,113,93,3,22,15" hai1="60,120,8,119,71,110,27,128,59,17,73,115,68" hai2="58,57,46,23,16,18,69,116,50,83,12,86,61" hai3="105,2,103,9,21,66,96,35,92,88,91,19,56"/><U84/><E119/><V94/><F116/><W34/><G66/><T109/><D113/><U29/><E73/><V14/><F94/><W36/><G36/><T33/><D33/><U98/><E115/><V78/><F69/><W32/><G56/><T24/><D3/><U135/><E135/><V11/><REACH who="2" step="1"/><F61/><REACH who="2" ten="265,235,198,292" step="2"/><W112/><G112/><T133/><D63/><U65/><E71/><V87/><F87/><W40/><G92/><T75/><D93/><U51/><E84/><V114/><F114/><W31/><G105/><T80/><D75/><U62/><E62/><V126/><F126/><W25/><G96/><T52/><D111/><U129/><E110/><V106/><F106/><W97/><G97/><T39/><D109/><U67/><E98/><V1/><F1/><W74/><G74/><T90/><D133/><U77/><E68/><V107/><F107/><W7/><G103/><T134/><D134/><U108/><E108/><V85/><F85/><W64/><G64/><T30/><D82/><U10/><E67/><V45/><F45/><W131/><G2/><T4/><D80/><U127/><E127/><V123/><F123/><W0/><G0/><T132/><D132/><U72/><E120/><V81/><F81/><W42/><G91/><T5/><D89/><U104/><E104/><V49/><F49/><W13/><G88/><T99/><D90/><U130/><E51/><V55/><AGARI ba="0,1" hai="11,12,14,16,18,23,46,50,55,57,58,78,83,86" machi="55" ten="20,8000,1" yaku="1,1,0,1,7,1,8,1,54,1,53,0" doraHai="118" doraHaiUra="102" who="2" fromWho="2" sc="265,-20,235,-40,198,90,292,-20" /><INIT seed="2,0,0,1,0,75" ten="245,195,288,272" oya="2" hai0="22,32,113,125,128,120,70,90,123,5,37,14,78" hai1="73,82,3,85,58,63,44,117,43,105,132,130,47" hai2="124,100,29,133,1,119,92,102,34,87,26,110,88" hai3="81,72,98,96,50,121,74,101,45,86,9,28,31"/><V17/><F119/><W27/><G121/><T57/><D70/><U89/><E117/><V61/><F124/><W107/><G96/><T39/><D32/><U104/><E132/><V95/><F133/><W23/><G28/><T24/><D125/><U49/><E130/><V65/><F1/><W59/><G59/><T16/><D113/><U122/><E122/><V15/><F95/><W83/><G9/><N who="0" m="4399" /><D39/><U30/><E3/><V54/><F54/><W134/><G134/><T111/><D37/><U11/><E30/><V7/><F7/><W112/><G83/><T108/><D128/><U52/><E11/><V42/><F42/><W40/><REACH who="3" step="1"/><G112/><REACH who="3" ten="245,195,288,262" step="2"/><T13/><D120/><U0/><E0/><V109/><F110/><W68/><G68/><T12/><D123/><U126/><E126/><V94/><F109/><W6/><G6/><T36/><D111/><U64/><REACH who="1" step="1"/><E73/><REACH who="1" ten="245,185,288,262" step="2"/><V60/><F29/><W4/><G4/><T106/><D108/><U62/><E62/><V21/><F61/><W53/><G53/><T18/><D18/><U41/><E41/><V48/><F60/><W93/><G93/><T67/><D16/><U114/><E114/><V55/><F94/><W56/><G56/><T118/><D57/><U51/><AGARI ba="0,2" hai="43,44,47,49,51,52,58,63,64,82,85,89,104,105" machi="51" ten="20,5200,0" yaku="1,1,0,1,7,1,54,1,53,0" doraHai="75" doraHaiUra="99" who="1" fromWho="1" sc="245,-13,185,72,288,-26,262,-13" /><INIT seed="3,0,0,4,2,21" ten="232,257,262,249" oya="3" hai0="111,92,47,15,4,60,95,85,129,24,46,59,121" hai1="131,80,39,102,135,123,56,0,18,62,115,127,89" hai2="124,86,42,116,75,63,30,91,43,128,74,28,94" hai3="132,120,44,119,53,103,108,12,83,105,3,54,126"/><W6/><G119/><T100/><D121/><U76/><E123/><V78/><F116/><W114/><G120/><T106/><D106/><U98/><E115/><V55/><F124/><W25/><G114/><T101/><D111/><U7/><E127/><V35/><F128/><W34/><G126/><T72/><D72/><U88/><E39/><V48/><F63/><W9/><G132/><T117/><D117/><U16/><E131/><V73/><F78/><W69/><G108/><T71/><D71/><U84/><E7/><V134/><F134/><W118/><G118/><T38/><D38/><U37/><E0/><V112/><F112/><W45/><G83/><T23/><D129/><U14/><E37/><V96/><F86/><W51/><G69/><T79/><D15/><U27/><E27/><V109/><F109/><W133/><G133/><T110/><D4/><U26/><E26/><V125/><F125/><W40/><G3/><T50/><D110/><U77/><E77/><V113/><F113/><W57/><G53/><N who="0" m="33903" /><D79/><U97/><E18/><V11/><F11/><W66/><G66/><T2/><D2/><U87/><E135/><V52/><F55/><W22/><G34/><T82/><D82/><U33/><E33/><V36/><F36/><W93/><G105/><T17/><D85/><U31/><E87/><V122/><F122/><W107/><G107/><T81/><D81/><U99/><E102/><N who="0" m="39529" /><D50/><U32/><E32/><V8/><F35/><W19/><G40/><N who="2" m="15401" /><F8/><W65/><G65/><T41/><D41/><U70/><E70/><V29/><F74/><W10/><G10/><RYUUKYOKU ba="0,0" sc="232,10,257,-30,262,10,249,10" hai0="17,23,24,46,47,92,95" hai2="28,29,30,48,52,73,75,91,94,96" hai3="6,9,12,19,22,25,44,45,51,54,57,93,103" /><INIT seed="3,1,0,0,0,27" ten="242,227,272,259" oya="3" hai0="30,43,34,56,37,49,25,118,115,39,15,77,98" hai1="45,131,111,23,55,99,11,28,89,16,101,58,108" hai2="72,42,90,113,85,20,107,134,5,47,127,76,32" hai3="14,125,100,106,68,95,66,60,0,67,44,2,8"/><W91/><G125/><T36/><D118/><U63/><E131/><V1/><F32/><W40/><G67/><T130/><D130/><U75/><E75/><V109/><F113/><W31/><G106/><T79/><D115/><U121/><E121/><V120/><F107/><W126/><G100/><T6/><D98/><U53/><E89/><V71/><F71/><W24/><G126/><T50/><D50/><U92/><E11/><N who="2" m="2479" /><F20/><W96/><G14/><T57/><D57/><U38/><E28/><V64/><F64/><W93/><G93/><T29/><D29/><U7/><E7/><V112/><F112/><W133/><G133/><T80/><D80/><U88/><E101/><V9/><F9/><W13/><G13/><T82/><D82/><U123/><E123/><V129/><F109/><N who="1" m="42057" /><E45/><V54/><F76/><W22/><REACH who="3" step="1"/><G8/><REACH who="3" ten="242,227,272,249" step="2"/><T103/><D103/><U122/><E122/><V65/><F134/><W83/><G83/><T87/><D15/><N who="1" m="9631" /><E38/><AGARI ba="1,1" hai="0,2,22,24,31,38,40,44,60,66,68,91,95,96" machi="38" ten="30,11600,0" yaku="1,1,7,1,52,1,53,1" doraHai="27" doraHaiUra="41" who="3" fromWho="1" sc="242,0,227,-119,272,0,249,129" owari="242,-15.8,108,-39.2,272,7.2,378,47.8" /></mjloggm>