<mjloggm ver="2.3"><GO type="225" lobby="0"/><UN n0="%E5%A4%8F%E9%88%B4%E9%88%B4%E5%A4%8F" n1="%E3%81%8B%E3%82%8F%E3%81%A1%E3%82%83%E3%82%93%35%38" n2="%E3%81%BF%E3%81%BF%E3%81%9A" n3="%E3%80%93%E3%81%97%E3%83%BC%E3%82%89%E3%80%93" dan="16,16,17,16" rate="2136.17,2155.67,2170.06,2248.96" sx="F,M,M,M"/><TAIKYOKU oya="0"/><INIT seed="0,0,0,1,5,78" ten="250,250,250,250" oya="0" hai0="105,120,130,6,23,20,97,46,93,111,64,117,114" hai1="88,110,129,50,2,134,107,24,113,9,74,62,81" hai2="63,58,135,83,69,109,67,122,0,119,5,30,91" hai3="108,92,94,112,59,36,22,19,16,99,1,73,72"/><T11/><D117/><U132/><E107/><V57/><F122/><W68/><G68/><T82/><D120/><U28/><E110/><V116/><F109/><W3/><G108/><T121/><D114/><U66/><E50/><V40/><F30/><W101/><G36/><T18/><D111/><U13/><E2/><V133/><F40/><W86/><G112/><T17/><D121/><U31/><E129/><V38/><F38/><W84/><G59/><N who="2" m="22537" /><F5/><W4/><G4/><T118/><D64/><U71/><E113/><V70/><F0/><W80/><G99/><T56/><D56/><U43/><E43/><V125/><F125/><W98/><G98/><T25/><D130/><U34/><E28/><V45/><F45/><W55/><G22/><T27/><D105/><U90/><E74/><V77/><F91/><W52/><REACH who="3" step="1"/><G80/><REACH who="3" ten="250,250,250,240" step="2"/><T61/><D82/><U75/><E75/><N who="2" m="43455" /><F70/><W26/><G26/><T65/><D65/><U53/><E90/><V7/><F7/><W47/><G47/><T32/><D46/><U42/><E88/><V76/><F76/><W39/><G39/><T123/><D123/><U54/><E81/><V103/><F103/><AGARI ba="0,1" hai="1,3,16,19,52,55,72,73,84,86,92,94,101,103" machi="103" ten="25,12000,2" yaku="1,1,22,2,54,2,53,2" doraHai="78" doraHaiUra="49" who="3" fromWho="2" sc="250,0,250,0,250,-120,240,130" /><INIT seed="1,0,0,3,3,52" ten="250,250,130,370" oya="1" hai0="2,129,42,84,112,90,60,5,44,14,94,55,87" hai1="123,53,126,51,117,16,131,110,64,120,33,13,77" hai2="9,62,67,68,111,91,115,24,17,61,100,26,134" hai3="107,116,23,83,71,0,133,4,109,101,47,105,75"/><U31/><E117/><V66/><F111/><W69/><G23/><T103/><D112/><U37/><E37/><V6/><F115/><W54/><G54/><T10/><D129/><U25/><E131/><V95/><F134/><W122/><G133/><T125/><D125/><U79/><E126/><V43/><F100/><W99/><G109/><T98/><D2/><U56/><E110/><V132/><F17/><W104/><G47/><T85/><D55/><U72/><E64/><V82/><F82/><W106/><G116/><T22/><D22/><U124/><E124/><V127/><F43/><W32/><G32/><T49/><REACH who="0" step="1"/><D60/><REACH who="0" ten="240,250,130,370" step="2"/><U57/><E57/><V34/><F132/><W63/><G63/><T45/><D45/><U30/><E30/><V121/><F34/><W96/><G0/><T86/><D86/><U19/><E72/><V70/><F127/><W88/><G75/><T114/><D114/><U119/><E119/><V41/><F41/><W81/><G71/><T130/><D130/><U18/><REACH who="1" step="1"/><E13/><REACH who="1" ten="240,240,130,370" step="2"/><V108/><F108/><W40/><G69/><T35/><D35/><U11/><E11/><V93/><F121/><AGARI ba="0,2" hai="16,18,19,25,31,33,51,53,56,77,79,120,121,123" machi="121" ten="40,7700,0" yaku="1,1,52,1,54,1,53,0" doraHai="52" doraHaiUra="58" who="1" fromWho="2" sc="240,0,240,97,130,-77,370,0" /><INIT seed="1,1,0,5,0,100" ten="240,337,53,370" oya="1" hai0="92,122,130,68,99,111,114,75,19,12,70,3,43" hai1="65,8,0,103,32,18,55,127,6,79,48,44,96" hai2="101,123,11,40,54,24,133,91,76,66,97,31,16" hai3="10,17,30,59,86,104,116,63,26,51,81,28,94"/><U83/><E127/><V33/><F123/><W135/><G104/><T49/><D114/><U52/><E32/><V112/><F133/><W21/><G135/><T74/><D111/><U134/><E134/><V27/><F112/><W108/><G108/><T90/><D3/><U125/><E125/><V46/><F76/><W98/><G116/><T20/><D74/><U62/><E18/><V72/><F72/><W115/><G51/><T38/><D75/><U57/><E79/><V95/><F66/><N who="3" m="39295" /><G10/><T13/><D130/><U7/><E7/><V60/><F60/><W118/><G118/><T109/><D38/><U110/><E83/><V85/><F54/><W2/><G2/><T106/><D122/><U120/><E110/><V107/><F11/><W121/><G121/><T84/><D12/><U50/><E120/><V105/><F27/><W53/><G53/><T89/><D89/><U4/><E4/><V14/><F14/><W29/><G115/><T132/><D132/><U126/><E126/><V34/><F34/><W37/><G37/><T131/><D131/><U67/><REACH who="1" step="1"/><E62/><REACH who="1" ten="240,327,53,370" step="2"/><V41/><F16/><W58/><G17/><T1/><D109/><U87/><E87/><V77/><F77/><N who="3" m="46383" /><G58/><T71/><D1/><U73/><E73/><V9/><F9/><W5/><G5/><T23/><D71/><U69/><E69/><V36/><REACH who="2" step="1"/><F40/><REACH who="2" ten="240,327,43,370" step="2"/><W61/><G61/><T124/><D124/><U47/><E47/><V119/><F119/><W64/><G64/><T82/><D19/><U15/><E15/><V22/><F22/><N who="0" m="8234" /><D13/><U78/><E78/><V113/><F113/><RYUUKYOKU ba="1,2" sc="240,-30,327,10,43,10,370,10" hai1="0,6,8,44,48,50,52,55,57,65,67,96,103" hai2="24,31,33,36,41,46,85,91,95,97,101,105,107" hai3="21,26,28,29,30,94,98" /><INIT seed="1,2,2,4,3,89" ten="210,337,53,380" oya="1" hai0="75,120,44,10,54,12,40,3,71,101,27,39,23" hai1="16,84,122,18,17,14,100,95,128,6,47,77,45" hai2="130,113,36,63,96,25,78,76,112,115,43,73,106" hai3="35,110,123,107,70,79,132,49,117,102,32,13,114"/><U103/><E122/><V1/><F1/><W52/><G70/><T20/><D3/><U133/><E133/><V46/><F130/><W82/><G123/><T64/><D75/><U68/><E68/><V28/><F63/><W34/><G114/><T92/><D64/><U98/><E128/><V33/><REACH who="2" step="1"/><F73/><REACH who="2" ten="210,337,43,380" step="2"/><N who="3" m="43375" /><G132/><T48/><D120/><U127/><E127/><V30/><F30/><W72/><G72/><T80/><D20/><U24/><E24/><V22/><F22/><W129/><G129/><T65/><D23/><U90/><E77/><V59/><F59/><W111/><G35/><T2/><D10/><N who="1" m="4439" /><E103/><AGARI ba="2,3" hai="25,28,33,36,43,46,76,78,96,103,106,112,113,115" machi="103" ten="40,8000,1" yaku="1,1,11,1,53,3" doraHai="89" doraHaiUra="108" who="2" fromWho="1" sc="210,0,337,-86,43,116,380,0" /><INIT seed="2,0,0,0,4,54" ten="210,251,159,380" oya="2" hai0="5,115,27,84,46,42,3,96,56,8,128,130,23" hai1="51,66,0,40,113,16,133,100,73,57,47,22,104" hai2="39,76,11,28,91,62,12,122,116,105,50,90,49" hai3="78,18,99,10,35,26,94,48,52,70,87,134,63"/><V121/><F116/><W127/><G127/><T53/><D115/><U17/><E113/><V74/><F39/><W126/><G126/><T60/><D84/><U45/><E73/><V71/><F105/><W64/><G134/><T101/><D23/><U9/><E133/><V124/><F28/><W59/><G35/><T19/><D19/><U44/><E104/><V21/><F21/><W6/><G26/><T1/><D27/><N who="1" m="14791" /><E100/><V81/><F124/><W97/><G18/><T135/><D1/><U7/><E0/><V30/><F30/><W24/><G24/><T119/><D119/><U112/><E7/><V86/><F91/><W14/><G78/><T36/><REACH who="0" step="1"/><D135/><REACH who="0" ten="200,251,159,380" step="2"/><U117/><E117/><V103/><F121/><W95/><G87/><T82/><D82/><U109/><E112/><V79/><F122/><W114/><G114/><T55/><D55/><U33/><E33/><V29/><F29/><W67/><G70/><T120/><D120/><U132/><E132/><V88/><F74/><W72/><G72/><T15/><D15/><N who="1" m="7407" /><E109/><V37/><F12/><W41/><G41/><T118/><D118/><U102/><E102/><V13/><F103/><N who="3" m="60855" /><G48/><N who="2" m="18537" /><F37/><W61/><G61/><AGARI ba="0,1" hai="40,44,45,47,51,57,61,66" m="7407,14791" machi="61" ten="30,3900,0" yaku="8,1,52,1,54,1" doraHai="54" who="1" fromWho="3" sc="200,0,251,49,159,0,380,-39" /><INIT seed="3,0,0,2,4,24" ten="200,300,159,341" oya="3" hai0="70,98,39,34,111,46,121,43,1,37,130,73,90" hai1="7,118,38,54,109,116,44,127,25,47,56,33,131" hai2="128,20,80,126,63,124,125,29,107,84,65,99,9" hai3="88,2,89,74,51,91,108,119,122,53,50,75,60"/><W28/><G2/><T83/><D121/><U96/><E7/><V115/><F115/><W104/><G104/><T86/><D34/><U22/><E33/><V112/><F112/><W67/><G122/><T14/><D1/><U66/><E96/><V135/><F9/><W36/><G36/><T8/><D111/><U0/><E0/><V79/><F128/><W132/><G108/><T113/><D113/><U102/><E102/><V52/><F135/><W123/><G119/><N who="1" m="45610" /><E109/><V57/><F65/><W101/><G101/><T81/><D70/><U48/><E22/><V58/><F58/><W15/><G132/><T59/><D59/><N who="1" m="33223" /><E25/><N who="2" m="16551" /><F99/><W32/><G75/><T87/><D73/><U41/><E131/><V78/><F107/><W134/><G74/><T4/><D98/><U61/><E47/><V49/><F63/><W26/><G60/><T92/><D130/><U40/><E40/><V117/><F117/><W72/><G72/><T42/><D87/><U82/><E82/><V12/><F12/><W133/><G15/><T5/><D5/><U103/><E103/><V110/><F110/><W62/><G133/><T11/><D11/><U97/><E97/><V129/><F129/><W77/><G134/><T105/><D105/><U94/><E94/><V64/><F64/><W76/><G67/><T21/><D21/><U68/><E127/><N who="2" m="32515" /><V120/><DORA hai="69" /><F120/><W71/><G123/><T23/><D23/><U19/><E56/><V18/><F18/><W27/><G32/><T35/><D35/><U93/><E93/><V10/><F10/><W17/><G17/><AGARI ba="0,0" hai="17,19,38,41,44,61,66,68" m="33223,45610" machi="17" ten="30,3900,0" yaku="24,1,12,1,52,1" doraHai="24,69" who="1" fromWho="3" sc="200,0,300,39,159,0,341,-39" owari="200,-20.0,339,43.9,159,-34.1,302,10.2" /></mjloggm>