<mjloggm ver="2.3"><GO type="225" lobby="0"/><UN n0="%E3%81%8B%E3%82%8F%E3%81%A1%E3%82%83%E3%82%93%35%38" n1="%4C%4F%4C%49%54%41" n2="%E3%82%A2%E3%82%A4%E3%82%B9%E3%83%86%E3%82%A3%E3%83%BC%E3%81%82%E3%81%B9" n3="%E9%BB%99%E8%81%B4%E3%81%AE%E3%81%99%E3%82%9D%E3%82%81" dan="16,16,16,16" rate="2161.68,2145.72,2066.59,2152.49" sx="M,F,M,M"/><TAIKYOKU oya="0"/><INIT seed="0,0,0,4,3,93" ten="250,250,250,250" oya="0" hai0="0,79,81,6,57,21,49,97,124,68,13,107,87" hai1="44,2,106,38,1,75,58,46,18,45,72,12,86" hai2="20,3,112,84,123,70,96,117,61,92,16,130,59" hai3="26,118,95,39,65,119,74,32,31,15,102,41,48"/><T53/><D124/><U52/><E38/><V11/><F123/><W114/><G114/><T77/><D68/><U37/><E37/><V131/><F112/><W127/><G39/><T40/><D40/><U10/><E106/><V50/><F70/><W128/><G74/><T116/><D116/><U94/><E86/><V122/><F122/><W56/><G128/><N who="2" m="49193" /><F50/><W115/><G115/><T134/><D134/><U132/><E132/><V14/><F84/><W109/><G109/><T27/><D0/><U76/><E94/><V82/><F82/><W120/><G120/><T36/><D36/><U9/><E76/><V85/><F85/><W4/><G127/><T135/><D135/><U89/><E89/><N who="2" m="55311" /><F3/><W60/><G41/><T83/><D83/><U105/><E105/><V43/><F43/><W28/><G28/><N who="0" m="17519" /><D107/><U62/><REACH who="1" step="1"/><E1/><REACH who="1" ten="250,240,250,250" step="2"/><V29/><F117/><W113/><G113/><T19/><D79/><U108/><E108/><V24/><F61/><W78/><G78/><T22/><D6/><AGARI ba="0,1" hai="2,6,9,10,12,18,44,45,46,52,58,62,72,75" machi="6" ten="40,2600,0" yaku="1,1,54,1,53,0" doraHai="93" doraHaiUra="73" who="1" fromWho="0" sc="250,-26,240,36,250,0,250,0" /><INIT seed="1,0,0,4,5,37" ten="224,276,250,250" oya="1" hai0="87,115,72,20,86,35,90,112,101,84,14,81,51" hai1="130,89,99,66,133,38,104,62,30,119,78,118,63" hai2="2,3,73,4,79,134,41,94,6,61,52,47,33" hai3="60,110,58,114,111,11,12,5,7,1,83,21,120"/><U27/><E130/><V77/><F33/><W91/><G120/><T56/><D35/><U125/><E133/><V43/><F134/><W31/><G114/><T70/><D70/><U32/><E125/><V129/><F129/><W68/><G68/><T29/><D72/><U117/><E78/><N who="2" m="29707" /><F3/><W132/><G132/><T64/><D115/><U82/><E38/><V9/><F2/><W126/><G126/><T0/><D0/><U122/><E122/><V15/><F73/><W105/><G105/><T128/><D128/><U108/><E108/><N who="3" m="41514" /><G31/><T24/><D112/><U97/><E104/><V107/><F107/><W135/><G135/><T76/><D14/><U124/><E124/><V34/><F34/><W96/><G21/><T71/><D71/><U22/><E32/><V113/><F113/><W59/><G59/><T93/><D76/><U39/><E39/><V13/><F94/><N who="3" m="56415" /><G83/><T92/><D81/><U88/><E63/><V28/><F28/><W102/><G102/><T53/><REACH who="0" step="1"/><D64/><REACH who="0" ten="214,276,250,250" step="2"/><U36/><E82/><V65/><F65/><N who="3" m="39063" /><G1/><T16/><D16/><AGARI ba="0,1" hai="5,7,11,12,16" m="39063,56415,41514" machi="16" ten="30,2000,0" yaku="14,1,54,1" doraHai="37" who="3" fromWho="0" sc="214,-20,276,0,250,0,250,30" /><INIT seed="2,0,0,1,3,98" ten="194,276,250,280" oya="2" hai0="0,14,31,11,91,117,103,77,3,129,71,61,4" hai1="52,7,105,48,82,34,99,59,35,12,132,57,54" hai2="120,66,133,10,78,101,114,38,23,86,74,67,26" hai3="93,107,116,94,65,68,80,1,96,24,30,40,69"/><V42/><F120/><W100/><G116/><T124/><D77/><U8/><E132/><V97/><F114/><W125/><G125/><T128/><D91/><U89/><E82/><V108/><F74/><W123/><G123/><T28/><D61/><U92/><REACH who="1" step="1"/><E105/><REACH who="1" ten="194,266,250,280" step="2"/><V6/><F133/><W81/><G81/><T104/><D71/><U27/><E27/><V29/><F108/><W76/><G68/><T83/><D83/><U109/><E109/><V64/><F78/><W85/><G1/><N who="0" m="587" /><D124/><U20/><E20/><V70/><F23/><W72/><G72/><T49/><D49/><AGARI ba="0,1" hai="7,8,12,34,35,48,49,52,54,57,59,89,92,99" machi="49" ten="30,8000,1" yaku="1,1,7,1,9,1,54,1,53,1" doraHai="98" doraHaiUra="84" who="1" fromWho="0" sc="194,-80,266,90,250,0,280,0" /><INIT seed="3,0,0,4,5,15" ten="114,356,250,280" oya="3" hai0="83,107,66,20,40,76,65,26,29,67,21,30,14" hai1="34,78,69,55,130,43,97,10,36,32,5,118,62" hai2="79,120,24,61,27,73,57,68,84,31,87,112,7" hai3="70,100,16,22,91,63,125,44,99,60,128,33,54"/><W116/><G116/><T109/><D109/><U45/><E118/><V103/><F112/><W42/><G33/><T77/><D107/><U4/><E130/><V90/><F68/><W93/><G128/><T105/><D105/><U85/><E4/><V3/><F73/><W122/><G122/><T117/><D117/><U35/><E97/><V56/><F103/><W74/><G74/><T98/><D40/><U134/><E134/><V110/><F110/><W2/><G2/><T28/><D98/><U12/><E78/><V123/><F79/><W13/><G125/><T102/><D102/><U114/><E85/><V46/><F46/><W111/><G111/><T92/><D92/><U96/><E96/><V108/><F108/><W41/><G70/><T95/><D95/><U132/><E114/><V129/><F129/><W8/><G54/><T124/><D124/><U89/><E89/><V58/><F61/><N who="3" m="23627" /><G44/><T106/><D106/><U127/><E132/><V72/><F72/><W11/><G91/><T1/><D1/><U50/><E127/><V115/><F115/><W64/><G64/><T38/><D38/><U121/><E121/><N who="2" m="46667" /><F90/><W47/><G47/><T19/><D83/><U119/><E119/><V104/><F104/><W75/><G75/><T17/><D76/><U25/><E69/><V49/><F49/><W48/><G48/><T133/><D77/><U113/><E113/><V52/><F52/><W94/><G94/><T135/><D135/><U18/><E62/><V23/><F24/><N who="3" m="14407" /><G8/><AGARI ba="0,0" hai="3,7,8,23,27,31,56,57,58,84,87" m="46667" machi="8" ten="30,1000,0" yaku="13,1" doraHai="15" who="2" fromWho="3" sc="114,0,356,0,250,10,280,-10" owari="114,-38.6,356,45.6,260,-14.0,270,7.0" /></mjloggm>