<mjloggm ver="2.3"><GO type="225" lobby="0"/><UN n0="%E3%81%AF%E3%82%88%E3%81%8A%E3%81%98%E3%81%95%E3%82%93" n1="%4C%C3%97%57%C3%97%4C" n2="%E5%8D%A0%E3%81%84%E5%B8%AB%E8%A3%8F%E3%81%AA%E3%81%84%E3%81%97" n3="%E3%83%94%E3%83%B3%E3%82%B5%E3%83%AD%E5%BA%97%E5%93%A1" dan="17,17,17,17" rate="2137.51,2171.42,2230.48,2190.77" sx="M,M,M,M"/><TAIKYOKU oya="0"/><INIT seed="0,0,0,1,1,95" ten="250,250,250,250" oya="0" hai0="1,0,110,125,123,86,109,92,9,82,65,131,87" hai1="134,61,4,100,34,47,8,80,49,45,37,70,81" hai2="76,24,46,99,115,59,56,78,111,48,72,96,15" hai3="69,129,57,23,133,98,124,42,35,97,53,40,128"/><T79/><D123/><U11/><E34/><V71/><F71/><W107/><G35/><T64/><D125/><U66/><E134/><V93/><F115/><W112/><G69/><T44/><D131/><N who="3" m="50249" /><G112/><T12/><D44/><U50/><E37/><V2/><F2/><W84/><G107/><T17/><D0/><U7/><E100/><V77/><F111/><N who="0" m="42506" /><D1/><U116/><E70/><V90/><F72/><W121/><G133/><T30/><D30/><U21/><E21/><V101/><F15/><W117/><G117/><T16/><D17/><U85/><E85/><V103/><F24/><W29/><G84/><T108/><N who="0" m="42514" /><T126/><DORA hai="60" /><D126/><U52/><E61/><V41/><REACH who="2" step="1"/><F103/><REACH who="2" ten="250,250,240,250" step="2"/><W83/><G124/><T67/><D92/><AGARI ba="0,1" hai="41,46,48,56,59,76,77,78,90,92,93,96,99,101" machi="92" ten="40,12000,2" yaku="1,1,2,1,8,1,52,2,53,1" doraHai="95,60" doraHaiUra="38,20" who="2" fromWho="0" sc="250,-120,250,0,240,130,250,0" /><INIT seed="1,0,0,0,1,99" ten="130,250,370,250" oya="1" hai0="86,90,40,30,29,60,8,5,91,118,34,10,111" hai1="72,20,106,12,59,37,128,134,122,44,80,98,47" hai2="100,49,38,83,123,23,31,27,113,121,35,50,24" hai3="33,17,112,42,66,6,88,96,9,3,103,55,16"/><U126/><E122/><V135/><F38/><W22/><G112/><T70/><D118/><U39/><E128/><V87/><F135/><W93/><G33/><T129/><D111/><U105/><E134/><V82/><F113/><W53/><G66/><T108/><D108/><U18/><E126/><V74/><F74/><W2/><G2/><T127/><D127/><U32/><E32/><V45/><F100/><W41/><G17/><T11/><D129/><U109/><E109/><V124/><F124/><W43/><REACH who="3" step="1"/><G103/><REACH who="3" ten="130,250,370,240" step="2"/><T81/><D5/><U25/><E106/><V69/><F35/><W13/><AGARI ba="0,1" hai="3,6,9,13,16,22,41,42,43,53,55,88,93,96" machi="13" ten="30,8000,1" yaku="1,1,2,1,0,1,54,2,53,0" doraHai="99" doraHaiUra="28" who="3" fromWho="3" sc="130,-20,250,-40,370,-20,240,90" /><INIT seed="2,0,0,5,2,35" ten="110,210,350,330" oya="2" hai0="22,66,67,121,82,64,51,7,134,28,87,9,18" hai1="14,11,97,26,42,72,43,129,65,25,12,106,48" hai2="71,50,120,114,98,21,107,40,10,89,41,112,130" hai3="75,77,68,69,85,62,90,19,27,33,124,126,94"/><V92/><F120/><W73/><G77/><T34/><D134/><U47/><E72/><N who="3" m="27722" /><G62/><T52/><D121/><U38/><E129/><V49/><F71/><W110/><G110/><T61/><D34/><U32/><E65/><V3/><F130/><W101/><G101/><T113/><D113/><U54/><E32/><V88/><F107/><W15/><G27/><T111/><D111/><U1/><E14/><V100/><F21/><N who="3" m="11519" /><G33/><T95/><D28/><U109/><E109/><V99/><F10/><W2/><G2/><T96/><D61/><U103/><E43/><V39/><F100/><W116/><G116/><T123/><D123/><U131/><E1/><V20/><F20/><W29/><G29/><T60/><D60/><U117/><E117/><V45/><F3/><W6/><G6/><T104/><D104/><U56/><E131/><V84/><F39/><W4/><G4/><AGARI ba="0,0" hai="4,11,12,25,26,38,42,47,48,54,56,97,103,106" machi="4" ten="30,1000,0" yaku="7,1" doraHai="35" who="1" fromWho="3" sc="110,0,210,10,350,0,330,-10" /><INIT seed="3,0,0,0,5,48" ten="110,220,350,320" oya="3" hai0="11,107,73,34,106,54,67,116,120,12,4,8,60" hai1="114,87,59,89,97,132,68,99,39,119,28,20,13" hai2="9,52,127,135,94,62,32,108,112,82,51,117,30" hai3="133,36,21,6,3,7,63,14,123,22,125,10,17"/><W58/><G123/><T72/><D116/><U103/><E68/><V84/><F112/><W64/><G133/><T25/><D120/><U2/><E2/><V0/><F108/><W77/><G36/><T16/><D73/><U78/><E39/><V46/><F117/><W80/><G125/><T95/><D72/><U93/><E132/><V42/><F135/><W88/><G88/><T124/><D124/><U55/><E114/><V113/><F113/><W35/><G35/><T38/><D38/><U85/><E119/><V15/><F0/><W131/><G131/><T128/><D128/><U79/><E87/><V66/><F127/><W37/><G37/><T81/><D81/><U90/><E90/><N who="2" m="51479" /><F94/><W23/><REACH who="3" step="1"/><G7/><REACH who="3" ten="110,220,350,310" step="2"/><T105/><D95/><U83/><E99/><V69/><F32/><W122/><G122/><T70/><D34/><U29/><E89/><V96/><F96/><W130/><G130/><T92/><D92/><U31/><E79/><V71/><F30/><W91/><G91/><T49/><D25/><U45/><E31/><V1/><F1/><W24/><G24/><T129/><D129/><U33/><E29/><V75/><F75/><AGARI ba="0,1" hai="3,6,10,14,17,21,22,23,58,63,64,75,77,80" machi="75" ten="30,12000,1" yaku="1,1,7,1,53,3" doraHai="48" doraHaiUra="18" who="3" fromWho="2" sc="110,0,220,0,350,-120,310,130" owari="110,-39.0,220,-18.0,230,3.0,440,54.0" /></mjloggm>