<mjloggm ver="2.3"><GO type="225" lobby="0"/><UN n0="%E5%B8%86%E7%AB%8B%E5%A4%8F%E8%A1%A3" n1="%E7%99%BD%E5%80%89%E5%AF%9B%E4%B9%8B" n2="%E3%82%A4%E3%83%BC%E3%82%B1%E3%83%97%E3%83%A9" n3="%E6%98%93%E5%88%A9%E8%96%A9%E4%BC%AF" dan="17,16,16,17" rate="2205.93,2139.51,2185.70,2143.18" sx="M,M,M,F"/><TAIKYOKU oya="0"/><INIT seed="0,0,0,4,5,91" ten="250,250,250,250" oya="0" hai0="16,3,32,135,38,22,88,110,57,66,58,93,127" hai1="47,89,116,50,29,120,4,80,54,78,11,43,0" hai2="46,21,97,55,1,24,103,108,105,45,126,27,101" hai3="130,9,132,12,69,52,23,64,39,90,6,14,98"/><T123/><D123/><U70/><E116/><V124/><F1/><W60/><G39/><T82/><D32/><U99/><E70/><V74/><F74/><W125/><G125/><N who="2" m="48233" /><F108/><W134/><G130/><T76/><D127/><U107/><E29/><N who="2" m="17551" /><F103/><W94/><REACH who="3" step="1"/><G52/><REACH who="3" ten="250,250,250,240" step="2"/><T37/><D38/><U118/><E118/><V53/><F27/><W109/><G109/><T51/><D37/><U40/><E120/><V67/><F67/><W68/><G68/><T87/><D66/><U95/><REACH who="1" step="1"/><E107/><REACH who="1" ten="250,240,250,240" step="2"/><V115/><F115/><W35/><G35/><T26/><D110/><U28/><E28/><V79/><F79/><W17/><AGARI ba="0,2" hai="6,9,12,14,17,23,60,64,69,90,94,98,132,134" machi="17" ten="30,7900,0" yaku="1,1,0,1,52,1,53,1" doraHai="91" doraHaiUra="56" who="3" fromWho="3" sc="250,-39,240,-20,250,-20,240,99" /><INIT seed="1,0,0,0,5,55" ten="211,220,230,339" oya="1" hai0="81,70,110,17,101,49,3,29,128,12,73,58,51" hai1="114,94,46,59,13,124,50,130,30,121,85,5,109" hai2="66,65,76,20,111,52,83,62,11,96,34,39,45" hai3="68,129,119,19,69,38,135,102,93,122,47,67,21"/><U28/><E121/><V27/><F34/><W82/><G122/><T87/><D128/><U16/><E130/><V14/><F111/><W25/><G129/><T86/><D110/><U88/><E114/><V134/><F134/><W44/><G119/><T79/><D70/><U56/><E5/><V7/><F96/><W80/><G135/><T115/><D3/><U133/><E124/><V53/><F39/><W113/><G69/><T91/><D29/><N who="1" m="11371" /><E133/><V90/><F90/><W15/><G38/><T1/><D1/><U2/><E2/><V127/><F127/><W61/><G113/><T6/><D6/><U77/><E77/><V26/><F65/><W97/><REACH who="3" step="1"/><G25/><REACH who="3" ten="211,220,230,329" step="2"/><T131/><D131/><U10/><E109/><V33/><F27/><W4/><G4/><T64/><D115/><U112/><E112/><V106/><F26/><W42/><G42/><AGARI ba="0,1" hai="10,13,16,42,46,50,56,59,85,88,94" m="11371" machi="42" ten="30,12000,1" yaku="8,1,52,2,54,2" doraHai="55" who="1" fromWho="3" sc="211,0,220,130,230,0,329,-120" /><INIT seed="1,1,0,5,2,100" ten="211,350,230,209" oya="1" hai0="64,23,15,16,127,87,67,102,115,8,35,33,83" hai1="125,97,92,48,45,26,50,62,42,80,52,41,27" hai2="91,51,85,38,104,131,61,121,124,32,39,108,129" hai3="63,9,5,90,0,117,93,73,59,18,54,29,46"/><U75/><E125/><V19/><F121/><W70/><G73/><T34/><D115/><U43/><E75/><V99/><F32/><W128/><G70/><T60/><D127/><U69/><E80/><V68/><F124/><W24/><G128/><N who="2" m="49225" /><F108/><W4/><G117/><T81/><D102/><U53/><E62/><V122/><F122/><W22/><G46/><T47/><D83/><U6/><E69/><V126/><F51/><W133/><G133/><T113/><D113/><U118/><E6/><V31/><F31/><W107/><G5/><T95/><D95/><U130/><E118/><V56/><F68/><W79/><G79/><T25/><D47/><N who="1" m="27679" /><E130/><V135/><F19/><W116/><G116/><T7/><REACH who="0" step="1"/><D60/><REACH who="0" ten="201,350,230,209" step="2"/><U66/><E66/><N who="2" m="39207" /><F126/><W120/><G120/><T98/><D98/><U17/><E97/><V11/><F135/><W114/><G114/><T40/><D40/><U88/><E92/><V21/><F99/><W44/><G44/><T78/><AGARI ba="1,1" hai="7,8,15,16,23,25,33,34,35,64,67,78,81,87" machi="78" ten="30,4000,0" yaku="1,1,0,1,54,1,53,0" doraHai="100" doraHaiUra="55" who="0" fromWho="0" sc="201,53,350,-21,230,-11,209,-11" /><INIT seed="2,0,0,1,5,81" ten="254,329,219,198" oya="2" hai0="60,88,16,3,121,20,34,108,96,41,116,82,103" hai1="51,12,97,53,67,95,93,23,72,40,106,13,49" hai2="0,4,54,46,102,21,119,22,134,25,52,130,98" hai3="58,90,104,120,128,9,115,18,124,113,63,80,2"/><V129/><F119/><W59/><G120/><T105/><D34/><U111/><E72/><V76/><F134/><W57/><G104/><T86/><D3/><U28/><E111/><V68/><F68/><W61/><G128/><N who="2" m="49257" /><F76/><W74/><G124/><T19/><D108/><U135/><E106/><N who="2" m="63831" /><F46/><W44/><G44/><T70/><D121/><U114/><E135/><V6/><F22/><W31/><G31/><T66/><D116/><U77/><E77/><V10/><F6/><W7/><G18/><AGARI ba="0,0" hai="0,4,10,18,21,25,52,54" m="63831,49257" machi="18" ten="30,2900,0" yaku="19,1,54,1" doraHai="81" who="2" fromWho="3" sc="254,0,329,0,219,29,198,-29" /><INIT seed="2,1,0,4,4,9" ten="254,329,248,169" oya="2" hai0="96,48,15,40,133,58,12,109,115,121,13,49,113" hai1="130,10,102,56,19,69,31,27,34,91,131,83,70" hai2="80,111,20,99,43,104,123,1,26,53,35,52,41" hai3="100,77,103,54,8,38,23,33,90,89,88,132,97"/><V0/><F123/><W3/><G33/><T24/><D121/><U11/><E102/><V122/><F122/><W36/><G132/><T51/><D133/><U4/><E56/><V42/><F35/><W107/><G77/><T72/><D72/><U76/><E91/><V112/><F112/><W84/><G84/><T22/><D109/><U32/><E19/><V61/><F111/><W128/><G128/><N who="1" m="49194" /><E32/><V39/><F39/><W2/><G103/><T114/><D96/><U86/><E11/><V135/><F135/><W85/><G85/><T55/><REACH who="0" step="1"/><D40/><REACH who="0" ten="244,329,248,169" step="2"/><U14/><AGARI ba="1,1" hai="4,10,14,27,31,34,69,70,76,83,86" m="49194" machi="14" ten="30,2000,0" yaku="19,1,52,1" doraHai="9" who="1" fromWho="1" sc="244,-6,329,33,248,-11,169,-6" /><INIT seed="3,0,0,5,5,105" ten="238,362,237,163" oya="3" hai0="33,16,60,41,48,63,28,109,94,59,20,8,88" hai1="104,78,24,120,128,92,107,36,12,75,62,30,108" hai2="70,74,54,83,51,121,43,11,127,87,134,82,103" hai3="132,130,101,22,86,53,15,17,7,25,52,81,61"/><W95/><G130/><T66/><D109/><U85/><E36/><V97/><F70/><W56/><G132/><T89/><D33/><U122/><E108/><V111/><F111/><W5/><G53/><N who="0" m="32167" /><D41/><U21/><E128/><V77/><F134/><W115/><G115/><T42/><D42/><U116/><E116/><V114/><F43/><W39/><G39/><T84/><D66/><U110/><E110/><V80/><F114/><W40/><G40/><T10/><D28/><U31/><E24/><V135/><F135/><W32/><G32/><T112/><D89/><U119/><E85/><V91/><F127/><W93/><G25/><N who="0" m="14471" /><D112/><U65/><E92/><N who="3" m="35402" /><G101/><T133/><D133/><U0/><E119/><V14/><F121/><W35/><G35/><T18/><D18/><U125/><E125/><V72/><F83/><W117/><G117/><T26/><D26/><U46/><E122/><V68/><F68/><W49/><G61/><AGARI ba="0,0" hai="8,10,60,61,63,84,88,94" m="14471,32167" machi="61" ten="30,3900,0" yaku="8,1,54,2" doraHai="105" who="0" fromWho="3" sc="238,39,362,0,237,0,163,-39" owari="277,7.7,362,46.2,237,-16.3,124,-37.6" /></mjloggm>