<mjloggm ver="2.3"><GO type="225" lobby="0"/><UN n0="%E3%83%81%E3%83%A7%E3%83%99%E3%83%83%E3%82%AF" n1="%E7%B4%94%E6%BD%94%E3%83%94%E3%83%A9%E3%83%8B%E3%82%A2" n2="%E3%82%A4%E3%83%BC%E3%82%B1%E3%83%97%E3%83%A9" n3="%70%68%65%6E%6F%6D%65" dan="16,16,17,16" rate="2119.18,2119.33,2204.00,2165.06" sx="M,M,M,M"/><TAIKYOKU oya="0"/><INIT seed="0,0,0,2,3,16" ten="250,250,250,250" oya="0" hai0="135,62,117,1,36,128,95,116,91,89,92,81,125" hai1="41,4,98,80,105,31,60,9,48,84,15,61,72" hai2="52,56,17,23,108,10,13,93,75,42,71,119,73" hai3="54,96,111,26,24,29,30,27,46,14,133,59,12"/><T107/><D36/><U5/><E72/><V43/><F71/><W55/><G111/><T104/><D1/><U67/><E5/><N who="2" m="3279" /><F75/><W65/><G133/><T3/><D3/><U79/><E31/><N who="3" m="11786" /><G96/><T124/><D62/><U40/><E61/><N who="2" m="35975" /><F73/><W37/><G37/><T121/><D81/><U2/><E2/><V33/><F33/><W115/><G115/><T7/><D7/><U25/><E25/><N who="3" m="6402" /><W106/><DORA hai="28" /><G106/><T87/><D128/><U127/><E127/><N who="0" m="48713" /><D121/><U134/><E134/><V53/><F108/><W90/><G90/><T44/><D135/><U132/><E132/><V45/><F119/><N who="0" m="45642" /><D44/><U76/><E76/><V109/><F109/><W35/><G46/><T97/><AGARI ba="0,0" hai="87,89,91,92,95,97,104,107" m="45642,48713" machi="97" ten="30,6000,0" yaku="18,1,34,2" doraHai="16,28" who="0" fromWho="0" sc="250,60,250,-20,250,-20,250,-20" /><INIT seed="0,1,0,5,2,17" ten="310,230,230,230" oya="0" hai0="128,127,15,2,125,67,49,96,25,21,58,85,9" hai1="28,16,98,50,103,66,29,91,0,124,46,106,108" hai2="33,69,18,75,41,22,117,73,57,76,97,55,109" hai3="84,102,47,80,6,56,63,110,5,34,44,77,43"/><T121/><D121/><U87/><E108/><V35/><F69/><W82/><G110/><T32/><D2/><U7/><E124/><N who="0" m="47689" /><D32/><U14/><E66/><V94/><F109/><W133/><G133/><T118/><D96/><U48/><E7/><N who="3" m="2570" /><G34/><T30/><D128/><U51/><E0/><V83/><F75/><W24/><G102/><T39/><D39/><U62/><E62/><V120/><F41/><W26/><G82/><T40/><D85/><U78/><E78/><V37/><F37/><W8/><G8/><T4/><D118/><U20/><REACH who="1" step="1"/><E46/><REACH who="1" ten="310,220,230,230" step="2"/><N who="3" m="17450" /><G43/><T130/><D130/><U12/><E12/><V31/><F117/><W68/><G68/><T122/><D122/><U70/><E70/><V105/><F120/><W114/><G114/><T36/><D36/><U126/><E126/><V99/><F76/><W3/><G3/><T132/><D132/><U129/><E129/><V65/><F65/><AGARI ba="1,1" hai="24,26,56,63,65,77,80,84" m="17450,2570" machi="65" ten="30,1000,0" yaku="8,1" doraHai="17" who="3" fromWho="2" sc="310,0,220,0,230,-13,230,23" /><INIT seed="1,0,0,2,3,15" ten="310,220,217,253" oya="1" hai0="46,20,95,54,116,57,38,111,109,107,45,82,104" hai1="23,97,52,25,31,5,69,87,43,44,112,83,36" hai2="42,55,67,124,30,135,70,66,86,17,85,53,61" hai3="113,74,101,88,132,29,37,92,0,47,24,81,99"/><U90/><E112/><V3/><F3/><W78/><G113/><T48/><D116/><U76/><E69/><V62/><F135/><W73/><G132/><T41/><D95/><U6/><E97/><V18/><F30/><W60/><G0/><T80/><D20/><U9/><E9/><V134/><F134/><W26/><G74/><T8/><D8/><U93/><REACH who="1" step="1"/><E52/><REACH who="1" ten="310,210,217,253" step="2"/><V75/><F70/><W131/><G60/><T98/><D54/><U14/><E14/><V2/><F2/><W117/><G117/><T65/><D98/><U123/><E123/><V10/><F10/><W35/><G131/><T21/><D45/><U22/><E22/><V68/><F68/><W125/><G125/><T84/><D21/><U114/><E114/><V16/><F124/><W27/><REACH who="3" step="1"/><G101/><REACH who="3" ten="310,210,217,243" step="2"/><T11/><D111/><U63/><E63/><V122/><F122/><W115/><G115/><T51/><D109/><U40/><E40/><AGARI ba="0,2" hai="24,26,27,29,35,37,40,47,73,78,81,88,92,99" machi="40" ten="40,2600,0" yaku="1,1,54,1,53,0" doraHai="15" doraHaiUra="1" who="3" fromWho="1" sc="310,0,210,-26,217,0,243,46" /><INIT seed="2,0,0,0,5,74" ten="310,184,217,289" oya="2" hai0="4,33,13,94,1,50,51,47,19,53,71,96,120" hai1="135,7,56,116,98,89,64,61,102,16,97,10,20" hai2="66,42,113,76,3,86,35,17,38,52,21,0,105" hai3="109,80,14,28,111,67,110,26,119,117,77,134,44"/><V12/><F113/><W108/><N who="3" m="27648" /><DORA hai="124" /><W81/><G134/><T30/><D71/><U62/><E116/><V83/><F35/><N who="3" m="20887" /><G67/><T6/><D1/><U63/><E135/><V122/><F122/><W5/><G81/><T99/><D33/><U78/><E78/><V18/><F105/><W118/><G44/><N who="0" m="27847" /><D30/><U123/><E123/><V85/><F66/><W79/><G80/><T25/><D25/><U65/><E89/><V29/><F29/><W132/><G132/><T131/><D131/><U72/><E72/><V129/><F129/><W73/><G73/><T112/><D112/><U34/><E34/><V8/><F86/><W58/><G58/><T48/><D48/><U31/><E31/><V87/><F87/><W107/><G107/><T40/><D99/><U46/><E46/><V23/><F23/><W27/><G27/><T43/><D43/><U39/><E39/><V103/><F103/><W101/><G101/><N who="0" m="60567" /><D120/><U22/><E98/><V95/><F95/><W100/><G100/><T60/><D60/><U84/><E62/><V130/><F130/><W93/><G93/><T92/><D92/><U133/><E84/><V90/><F90/><W69/><G69/><T106/><D106/><U54/><E133/><V32/><F32/><W126/><G126/><T82/><D82/><U115/><E115/><V75/><F75/><W41/><G41/><T70/><D70/><N who="1" m="42255" /><E65/><V49/><F42/><W11/><AGARI ba="0,0" hai="5,11,14,77,79,117,118,119" m="20887,27648" machi="11" ten="70,8000,1" yaku="14,1,52,2" doraHai="74,124" who="3" fromWho="3" sc="310,-20,184,-20,217,-40,289,80" /><INIT seed="3,0,0,3,5,22" ten="290,164,177,369" oya="3" hai0="31,0,117,105,38,66,99,134,80,86,53,88,108" hai1="7,107,81,83,15,4,24,13,46,118,75,10,101" hai2="93,6,78,90,71,29,103,16,120,19,110,8,51" hai3="14,5,76,65,57,85,121,23,109,97,30,69,21"/><W61/><G121/><T126/><D117/><U94/><E118/><V112/><F112/><W49/><G109/><T42/><D108/><U95/><E107/><V84/><F110/><W73/><G73/><T1/><D134/><U87/><E75/><V127/><F71/><W70/><G97/><T59/><D66/><U115/><E115/><V106/><F106/><W48/><G70/><T37/><D126/><U33/><E46/><V131/><F127/><W36/><G36/><T125/><D0/><U129/><E129/><V56/><F131/><W123/><G69/><T72/><D1/><U77/><E101/><V52/><F120/><W133/><G123/><T45/><D125/><U68/><E68/><V18/><F103/><W63/><G63/><T124/><D124/><U26/><E33/><V67/><F67/><W32/><G32/><T113/><D113/><U130/><E130/><V60/><F29/><W114/><G114/><T34/><D72/><U11/><E87/><V116/><F116/><W41/><G85/><T27/><D99/><U28/><E28/><V62/><REACH who="2" step="1"/><F78/><AGARI ba="0,0" hai="4,7,10,11,13,15,24,26,77,78,81,83,94,95" machi="78" ten="25,8000,1" yaku="22,2,8,1,52,2" doraHai="22" who="1" fromWho="2" sc="290,0,164,80,177,-80,369,0" owari="290,9.0,244,-15.6,97,-40.3,369,46.9" /></mjloggm>