<mjloggm ver="2.3"><GO type="225" lobby="0"/><UN n0="%E3%83%A9%E3%82%A4%E3%83%B3%E3%81%AE%E8%99%8E" n1="%E6%81%A5%E6%99%92%E3%81%97" n2="%43%68%65" n3="%72%65%6E%6B%75%6E" dan="16,16,16,17" rate="2158.59,2159.89,2081.41,2238.29" sx="M,M,M,M"/><TAIKYOKU oya="0"/><INIT seed="0,0,0,2,1,64" ten="250,250,250,250" oya="0" hai0="91,71,123,43,46,2,13,126,68,6,78,86,70" hai1="47,82,133,37,87,36,115,73,95,15,88,72,102" hai2="97,117,131,55,4,99,54,67,48,52,83,3,75" hai3="63,30,109,65,44,16,114,84,111,105,56,120,24"/><T10/><D123/><U69/><E133/><V9/><F131/><W85/><G114/><T8/><D78/><U28/><E115/><V118/><F67/><W50/><G105/><T113/><D113/><U94/><E28/><V124/><F124/><W66/><G66/><T42/><D126/><U21/><E69/><V127/><F127/><W103/><G103/><T26/><D26/><U129/><E129/><V27/><F48/><W17/><G120/><T104/><D104/><U112/><E112/><V18/><F75/><W29/><G85/><T62/><D62/><U101/><E47/><V12/><F27/><W125/><G84/><T89/><D46/><U0/><E0/><V45/><F83/><W53/><G125/><T60/><D60/><U25/><E15/><V33/><F33/><W59/><G59/><T116/><D116/><N who="2" m="44650" /><F45/><W77/><G77/><T34/><D34/><U20/><E82/><V22/><AGARI ba="0,0" hai="3,4,9,12,18,22,52,54,55,97,99" m="44650" machi="22" ten="30,2000,0" yaku="12,1,54,1" doraHai="64" who="2" fromWho="2" sc="250,-10,250,-5,250,20,250,-5" /><INIT seed="1,0,0,5,0,60" ten="240,245,270,245" oya="1" hai0="127,1,49,97,123,117,6,101,116,81,103,93,52" hai1="15,100,126,130,28,7,95,44,65,3,131,9,111" hai2="57,50,35,72,25,78,54,26,63,80,119,53,61" hai3="67,5,98,73,128,39,51,96,91,110,20,135,86"/><U66/><E126/><V64/><F119/><W0/><G73/><T109/><D127/><U121/><E121/><V59/><REACH who="2" step="1"/><F35/><REACH who="2" ten="240,245,260,245" step="2"/><W8/><G110/><T107/><D109/><U58/><E111/><V17/><F17/><W10/><G128/><T41/><D117/><U120/><E130/><V75/><F75/><W88/><G135/><T11/><D116/><U34/><E131/><V27/><F27/><W92/><G39/><T129/><D129/><U24/><E34/><V89/><F89/><W106/><G91/><T90/><D123/><U113/><E120/><V83/><F83/><W36/><G36/><T70/><D81/><U21/><E24/><V71/><AGARI ba="0,1" hai="25,26,50,53,54,57,59,61,63,64,71,72,78,80" machi="71" ten="20,5200,0" yaku="1,1,0,1,7,1,52,1,53,0" doraHai="60" doraHaiUra="29" who="2" fromWho="2" sc="240,-13,245,-26,260,62,245,-13" /><INIT seed="2,0,0,5,3,26" ten="227,219,322,232" oya="2" hai0="84,101,125,59,17,109,88,67,105,24,52,134,41" hai1="111,19,37,103,123,99,65,124,66,114,116,21,49" hai2="0,56,31,94,110,79,128,8,74,15,135,97,108" hai3="3,51,130,42,112,54,60,122,46,98,36,14,48"/><V115/><F115/><W28/><G3/><T4/><D109/><N who="2" m="42090" /><F0/><W6/><G122/><T95/><D125/><U44/><E116/><V35/><F128/><W12/><G130/><T29/><D134/><U86/><E114/><V113/><F113/><W57/><G112/><T82/><D4/><U72/><E37/><V64/><F135/><W132/><G132/><T127/><D105/><U104/><E72/><V30/><F35/><W77/><G77/><T87/><D127/><U63/><E111/><V25/><F25/><W118/><G118/><T89/><D101/><U16/><E123/><V34/><F34/><W133/><G133/><T32/><D41/><U47/><E47/><V27/><F27/><W5/><G98/><T126/><D126/><U18/><E86/><V120/><F120/><W71/><G28/><T50/><D17/><U58/><E66/><V90/><F56/><W91/><G91/><T23/><REACH who="0" step="1"/><D67/><REACH who="0" ten="217,219,322,232" step="2"/><U73/><E124/><V39/><F64/><W43/><G6/><T85/><D85/><U33/><E73/><V81/><F39/><W83/><G5/><AGARI ba="0,1" hai="5,8,15,30,31,74,79,81,90,94,97" m="42090" machi="5" ten="30,11600,0" yaku="14,1,10,1,52,2" doraHai="26" who="2" fromWho="3" sc="217,0,219,0,322,126,232,-116" /><INIT seed="2,1,0,4,2,69" ten="217,219,448,116" oya="2" hai0="48,42,35,131,76,5,61,26,83,6,90,129,71" hai1="19,50,126,60,47,36,132,10,133,15,16,46,85" hai2="75,72,70,92,1,38,121,0,81,32,33,65,28" hai3="114,8,125,56,2,86,103,11,88,87,18,24,57"/><V102/><F121/><W120/><G125/><T31/><D90/><U40/><E126/><V51/><F51/><W124/><G120/><T106/><D106/><U123/><E123/><V94/><F102/><W82/><G124/><T135/><D135/><N who="1" m="51787" /><E60/><V21/><F21/><W84/><G114/><T95/><D95/><U43/><E85/><V7/><F7/><AGARI ba="1,0" hai="7,10,15,16,19,36,40,43,46,47,50" m="51787" machi="7" ten="30,3900,0" yaku="20,1,52,1,54,1" doraHai="69" who="1" fromWho="2" sc="217,0,219,42,448,-42,116,0" /><INIT seed="3,0,0,0,0,17" ten="217,261,406,116" oya="3" hai0="62,118,94,5,47,88,54,104,126,93,58,82,23" hai1="30,106,79,133,125,21,96,75,101,103,129,33,27" hai2="119,63,112,18,73,124,45,14,86,109,41,107,16" hai3="25,44,6,3,70,48,67,120,59,69,115,37,131"/><W0/><G115/><T15/><D104/><U10/><E125/><V84/><F73/><W113/><G120/><T121/><D118/><U13/><E129/><V87/><F107/><W4/><G113/><T105/><D105/><U98/><E133/><V39/><F112/><W132/><G37/><T127/><D121/><U1/><E79/><V89/><F119/><W92/><G132/><T56/><D47/><U66/><E75/><V99/><F109/><W108/><G108/><T8/><D58/><U29/><E66/><V50/><F124/><N who="0" m="47658" /><D23/><U81/><E81/><V134/><F39/><W83/><G131/><T91/><D82/><U122/><E98/><V57/><F134/><W42/><G83/><T46/><D46/><U19/><E103/><V135/><F135/><W90/><G70/><T40/><D40/><U24/><E122/><V2/><F2/><W11/><G69/><T51/><D62/><U76/><E76/><V72/><F72/><W102/><G102/><T20/><D20/><U7/><E106/><V71/><F71/><W68/><G68/><T60/><D60/><U61/><E61/><V117/><F117/><W64/><G59/><T32/><D32/><N who="1" m="20519" /><E96/><V22/><F99/><W74/><G74/><T36/><D36/><U114/><E101/><V28/><F28/><W38/><G38/><T26/><D26/><N who="1" m="18647" /><E114/><V111/><F111/><W43/><G43/><T31/><D31/><U128/><E128/><V9/><F57/><W85/><G25/><T49/><D49/><U78/><E78/><V80/><F63/><W34/><G34/><T65/><D65/><RYUUKYOKU ba="0,0" sc="217,0,261,0,406,0,116,0" hai0="5,8,15,51,54,56,88,91,93,94" hai1="1,7,10,13,19,21,27" hai2="9,14,16,18,22,41,45,50,80,84,86,87,89" hai3="0,3,4,6,11,42,44,48,64,67,85,90,92" /><INIT seed="3,1,0,5,1,51" ten="217,261,406,116" oya="3" hai0="18,62,97,100,117,125,109,121,74,96,108,3,39" hai1="61,37,78,82,35,48,44,31,28,85,49,30,41" hai2="114,122,50,73,94,77,15,55,7,131,54,38,84" hai3="135,110,6,34,23,19,120,13,1,81,113,103,40"/><W59/><G113/><T68/><D39/><U75/><E35/><V80/><F38/><W127/><G120/><T71/><D3/><U24/><E24/><V5/><F114/><W130/><G34/><T45/><D74/><U105/><E105/><V79/><F122/><W32/><G32/><T101/><D117/><U119/><E119/><V29/><F131/><W129/><G103/><T46/><D62/><U87/><E75/><V56/><F29/><W53/><G40/><T33/><D33/><U134/><E134/><V21/><F79/><W22/><G135/><T11/><D11/><U57/><E87/><V115/><F115/><W76/><G127/><T124/><D18/><U132/><E132/><V93/><F73/><N who="3" m="43151" /><G1/><T43/><D43/><U98/><E98/><V106/><F106/><W16/><G6/><N who="2" m="2057" /><F55/><W95/><G95/><T133/><D133/><U10/><E10/><V60/><F60/><N who="3" m="35951" /><G19/><AGARI ba="1,0" hai="15,19,21,50,54,56,77,80,84,93,94" m="2057" machi="19" ten="30,2000,0" yaku="8,1,52,1" doraHai="51" who="2" fromWho="3" sc="217,0,261,0,406,23,116,-23" owari="217,-18.3,261,6.1,429,52.9,93,-40.7" /></mjloggm>