<mjloggm ver="2.3"><GO type="225" lobby="0"/><UN n0="%E9%A6%AC%E5%BC%95%E7%81%AB%33" n1="%E6%98%93%E5%88%A9%E8%96%A9%E4%BC%AF" n2="%E3%83%96%E3%83%83%E3%83%91%E3%82%AA%E3%83%96%E3%83%81%E3%82%AD%E3%83%B3" n3="%72%69%6F%75%63%68%61%6E" dan="16,17,16,16" rate="2125.35,2157.30,2197.29,2078.20" sx="M,F,M,M"/><TAIKYOKU oya="0"/><INIT seed="0,0,0,2,1,18" ten="250,250,250,250" oya="0" hai0="112,81,46,85,118,109,9,113,116,49,130,39,51" hai1="32,10,37,122,67,108,111,132,114,76,30,20,99" hai2="74,70,93,19,89,17,79,54,129,63,59,60,90" hai3="16,24,48,33,80,55,43,26,0,83,41,12,86"/><T127/><D127/><U34/><E37/><V6/><F129/><W29/><G0/><T100/><D100/><U78/><E67/><V27/><F6/><W121/><G121/><T98/><D98/><U106/><E122/><V125/><F125/><W52/><G26/><T131/><D9/><U96/><E114/><N who="0" m="44137" /><D85/><U40/><E40/><V71/><F63/><W4/><G4/><T44/><D81/><U107/><E10/><V45/><F45/><N who="0" m="17514" /><D109/><U36/><E36/><V103/><F103/><W2/><G2/><T13/><D13/><U53/><E53/><V50/><F90/><W126/><G55/><T61/><D61/><U15/><E15/><V91/><F60/><W101/><G101/><T23/><D23/><U57/><E30/><V75/><F91/><W128/><G128/><N who="0" m="49195" /><D39/><U65/><E20/><N who="2" m="13711" /><F19/><W8/><G126/><T134/><D134/><U133/><REACH who="1" step="1"/><E65/><REACH who="1" ten="250,240,250,250" step="2"/><V95/><F75/><W64/><G64/><T42/><D42/><U84/><E84/><V124/><F74/><W58/><REACH who="3" step="1"/><G80/><REACH who="3" ten="250,240,250,240" step="2"/><T82/><D82/><U102/><E102/><V5/><F124/><W25/><G25/><T69/><D69/><U47/><E47/><V87/><F71/><W73/><G73/><T104/><D104/><U21/><E21/><V92/><F70/><W14/><G14/><T11/><D11/><U7/><E7/><V1/><F5/><W22/><G22/><T62/><D62/><U120/><E120/><V38/><F1/><W88/><AGARI ba="0,2" hai="8,12,16,24,29,33,41,43,48,52,58,83,86,88" machi="88" ten="20,12000,2" yaku="1,1,0,1,7,1,54,3,53,0" doraHai="18" doraHaiUra="110" who="3" fromWho="3" sc="250,-60,240,-30,250,-30,240,140" /><INIT seed="1,0,0,1,2,36" ten="190,210,220,380" oya="1" hai0="63,62,103,73,26,91,53,61,2,42,37,41,51" hai1="122,57,83,52,14,94,96,69,88,102,80,11,19" hai2="127,66,112,29,108,132,15,18,71,135,77,8,6" hai3="54,4,121,7,35,118,64,85,130,47,101,78,84"/><U60/><E122/><V134/><F108/><W20/><G121/><T92/><D2/><U82/><REACH who="1" step="1"/><E69/><REACH who="1" ten="190,200,220,380" step="2"/><V40/><F71/><W30/><G118/><T114/><D114/><U68/><E68/><V17/><F112/><W95/><G130/><T70/><D70/><U27/><E27/><V56/><F127/><W129/><G129/><T104/><D73/><U21/><E21/><V74/><F29/><W46/><G35/><T110/><D110/><U38/><E38/><V33/><F33/><W5/><G30/><T128/><D128/><U119/><E119/><V133/><F133/><W34/><G34/><T124/><D37/><U106/><E106/><V16/><F74/><W59/><G20/><T120/><D124/><U50/><E50/><V49/><F77/><W25/><G25/><T31/><D120/><U76/><E76/><V39/><F39/><W45/><G78/><T65/><D65/><U105/><E105/><V13/><F66/><W125/><G125/><T1/><D1/><U97/><E97/><V86/><F86/><AGARI ba="0,1" hai="11,14,19,52,57,60,80,82,83,86,88,94,96,102" machi="86" ten="40,12000,1" yaku="1,1,8,1,54,2,53,0" doraHai="36" doraHaiUra="107" who="1" fromWho="2" sc="190,0,200,130,220,-120,380,0" /><INIT seed="1,1,0,0,2,70" ten="190,330,100,380" oya="1" hai0="135,33,126,103,4,81,79,84,80,18,72,14,30" hai1="19,63,12,110,120,34,92,129,134,85,88,94,25" hai2="102,76,56,62,95,97,82,93,55,22,128,106,131" hai3="41,47,29,65,74,87,75,117,68,66,124,99,122"/><U89/><E120/><V114/><F22/><W57/><G122/><T133/><D126/><U107/><E107/><V119/><F119/><W127/><G117/><T73/><D4/><U16/><E129/><V31/><F31/><W67/><G68/><T100/><D30/><U15/><E134/><N who="0" m="51209" /><D33/><U54/><E110/><V125/><F125/><N who="3" m="48203" /><G29/><T50/><D50/><U42/><E42/><V44/><F44/><W121/><G121/><T64/><D64/><N who="3" m="24681" /><G87/><T105/><D105/><U46/><E34/><V60/><F60/><N who="3" m="38287" /><G99/><T40/><D40/><U96/><E46/><V113/><F62/><W7/><G7/><T123/><D123/><U51/><E51/><AGARI ba="1,0" hai="41,47,51,74,75" m="38287,24681,48203" machi="51" ten="30,1000,0" yaku="18,1" doraHai="70" who="3" fromWho="1" sc="190,0,330,-13,100,0,380,13" /><INIT seed="2,0,0,1,2,46" ten="190,317,100,393" oya="2" hai0="52,48,81,30,28,126,66,4,108,87,67,61,95" hai1="26,51,93,21,116,114,33,5,22,35,133,13,82" hai2="18,125,134,102,64,104,91,78,27,36,24,71,47" hai3="135,55,50,110,109,113,77,117,74,128,60,56,25"/><V101/><F125/><W84/><G128/><T118/><D108/><N who="3" m="41577" /><G135/><T0/><D126/><U42/><E114/><V105/><F134/><W132/><G132/><T40/><D118/><U43/><E116/><V32/><F78/><W106/><G117/><T6/><D40/><U100/><E82/><V1/><F1/><W19/><G113/><T62/><D95/><U86/><E35/><V120/><F120/><W69/><G106/><T8/><D62/><U7/><E33/><V96/><F32/><W131/><G131/><T11/><D61/><U112/><E112/><V57/><F71/><W111/><G111/><T2/><D67/><U70/><E70/><V121/><F121/><W31/><G74/><T37/><D66/><U41/><E13/><V79/><F79/><W72/><G72/><T107/><D37/><U59/><E22/><N who="2" m="13399" /><F36/><W10/><G31/><T127/><D107/><N who="2" m="41034" /><F47/><N who="3" m="28127" /><G69/><T99/><D127/><U68/><E68/><V76/><F76/><W38/><G38/><T49/><D99/><N who="1" m="59503" /><E86/><V98/><F27/><W54/><G10/><T83/><D87/><U90/><E133/><V65/><F98/><W3/><G3/><T14/><D14/><U39/><E39/><V20/><F20/><N who="3" m="13471" /><G77/><T94/><D94/><U29/><E90/><V12/><F12/><W45/><G45/><T75/><D75/><U130/><E130/><V53/><F91/><W23/><G23/><T103/><D103/><N who="2" m="39434" /><F96/><W17/><G17/><T122/><D122/><U92/><E92/><V16/><F16/><W44/><G44/><T15/><D15/><U80/><E80/><V63/><AGARI ba="0,0" hai="53,57,63,64,65" m="39434,41034,13399" machi="63" ten="30,1500,0" yaku="5,1" doraHai="46" who="2" fromWho="2" sc="190,-5,317,-5,100,15,393,-5" /><INIT seed="2,1,0,5,4,50" ten="185,312,115,388" oya="2" hai0="52,107,19,27,74,114,112,103,23,11,60,43,69" hai1="59,106,85,91,26,118,12,119,45,25,38,64,61" hai2="77,44,57,79,37,55,66,111,33,110,71,32,48" hai3="98,16,87,89,133,124,28,104,1,80,134,51,62"/><V34/><F71/><W13/><G1/><T100/><D74/><U90/><E106/><V75/><F75/><W123/><G124/><T0/><D43/><U84/><E12/><V15/><F15/><W7/><G123/><T121/><D121/><U14/><E14/><V81/><F81/><W47/><G28/><T130/><D130/><U54/><E85/><V3/><F3/><W93/><G62/><T4/><D52/><U102/><E102/><V5/><F5/><W125/><G104/><T88/><D88/><U68/><E91/><V92/><F92/><W39/><G7/><T40/><D40/><N who="1" m="22679" /><E25/><V63/><REACH who="2" step="1"/><F37/><REACH who="2" ten="185,312,105,388" step="2"/><W76/><G39/><T31/><D107/><U131/><E131/><V21/><F21/><W17/><G125/><T53/><D69/><U49/><E26/><V128/><F128/><W96/><G96/><T46/><D27/><U20/><E20/><V9/><F9/><W22/><REACH who="3" step="1"/><G17/><REACH who="3" ten="185,312,105,378" step="2"/><T8/><D19/><U10/><E10/><V42/><F42/><AGARI ba="1,2" hai="13,16,22,42,47,51,76,80,87,89,93,98,133,134" machi="42" ten="40,5200,0" yaku="1,1,2,1,54,1,53,0" doraHai="50" doraHaiUra="2" who="3" fromWho="2" sc="185,0,312,0,105,-55,378,75" /><INIT seed="3,0,0,5,2,4" ten="185,312,50,453" oya="3" hai0="2,47,104,79,87,133,27,81,113,127,121,122,20" hai1="44,24,34,19,38,124,75,115,111,11,66,134,80" hai2="33,78,64,119,3,105,132,77,22,26,6,18,13" hai3="62,102,74,60,71,28,59,69,116,123,45,48,125"/><W43/><G74/><T85/><D2/><U16/><E115/><V129/><F119/><W57/><G102/><T0/><D0/><U29/><E111/><V68/><F105/><W67/><G28/><T54/><D104/><U128/><E128/><V49/><F129/><W92/><G92/><T14/><D113/><U50/><E38/><V98/><F98/><W39/><G116/><T107/><D127/><U12/><E134/><V97/><F97/><W114/><G114/><T108/><D108/><U61/><E124/><V117/><F117/><W112/><G112/><T41/><D133/><U70/><E80/><V93/><F132/><W10/><G10/><T118/><D118/><U84/><E84/><V106/><F93/><W55/><G125/><T30/><D107/><U23/><E75/><V99/><F99/><W46/><G123/><T82/><D14/><U91/><E91/><V96/><F96/><W131/><G131/><T83/><D54/><AGARI ba="0,0" hai="39,43,45,46,48,54,55,57,59,60,62,67,69,71" machi="54" ten="30,18000,2" yaku="7,1,35,6" doraHai="4" who="3" fromWho="0" sc="185,-180,312,0,50,0,453,180" owari="5,-49.5,312,11.2,50,-35.0,633,73.3" /></mjloggm>