<mjloggm ver="2.3"><GO type="225" lobby="0"/><UN n0="%E5%85%88%E7%89%A9%E3%81%AF%74%72%61%73%68" n1="%E5%A4%8F%E9%88%B4%E9%88%B4%E5%A4%8F" n2="%E3%81%BF%E3%81%BF%E3%81%9A" n3="%E7%99%BD%E5%80%89%E5%AF%9B%E4%B9%8B" dan="17,16,17,16" rate="2159.75,2113.10,2161.87,2135.62" sx="M,F,M,M"/><TAIKYOKU oya="0"/><INIT seed="0,0,0,4,2,72" ten="250,250,250,250" oya="0" hai0="115,62,117,35,23,93,69,45,66,16,25,6,113" hai1="86,99,47,87,8,26,11,100,24,84,110,37,4" hai2="59,122,70,92,102,105,118,77,135,112,120,133,111" hai3="48,22,2,134,57,40,97,104,9,68,29,96,49"/><T53/><D117/><U130/><E110/><V36/><F70/><W54/><G68/><T5/><D35/><U132/><E132/><N who="2" m="50763" /><F36/><W60/><G134/><T7/><REACH who="0" step="1"/><D93/><REACH who="0" ten="240,250,250,250" step="2"/><U19/><E130/><V43/><F118/><W41/><G104/><T67/><D67/><U71/><E99/><V52/><F92/><W65/><G97/><T58/><D58/><U33/><E71/><V15/><F105/><W13/><G96/><T20/><D20/><U106/><E33/><V64/><F64/><W46/><G2/><T95/><D95/><U18/><E106/><V21/><F111/><W38/><G38/><T88/><D88/><U17/><E100/><V126/><F102/><W51/><G41/><T125/><D125/><U28/><E37/><V121/><F126/><W3/><G3/><T85/><D85/><U101/><E101/><V42/><F112/><W61/><G65/><T124/><D124/><U73/><E87/><V12/><F21/><W10/><G10/><T79/><D79/><U75/><E86/><V0/><F77/><W114/><G114/><T109/><D109/><U1/><E84/><V56/><F0/><W82/><G82/><T78/><D78/><U30/><E75/><V123/><N who="2" m="30720" /><DORA hai="27" /><V128/><F128/><W103/><G103/><T81/><D81/><U76/><E73/><V50/><F56/><W131/><G131/><T74/><D74/><U55/><E76/><V94/><F94/><W90/><G90/><T119/><D119/><U32/><E11/><V89/><F89/><W39/><G39/><T44/><D44/><U14/><E47/><RYUUKYOKU ba="0,1" sc="240,15,250,-15,250,15,250,-15" hai0="5,6,7,16,23,25,45,53,62,66,69,113,115" hai2="12,15,42,43,50,52,59" /><INIT seed="0,1,1,2,1,16" ten="255,235,265,235" oya="0" hai0="35,12,102,25,36,82,80,99,72,46,44,21,9" hai1="19,57,54,132,124,96,83,6,15,125,39,7,74" hai2="134,1,4,17,100,109,2,30,123,112,56,22,78" hai3="91,26,120,64,43,131,101,38,88,8,98,81,10"/><T34/><D34/><U73/><E39/><V128/><F78/><W110/><G110/><T50/><D36/><U95/><E132/><V106/><F106/><W51/><G38/><T79/><D35/><U24/><E24/><V58/><F100/><W86/><G131/><T111/><D111/><U32/><E32/><V61/><F109/><W29/><G120/><T129/><D80/><U33/><E33/><V49/><F30/><W23/><G64/><T116/><D116/><U103/><E6/><V66/><F112/><W0/><G0/><T117/><D117/><U118/><E7/><V70/><F123/><W65/><G65/><T105/><D129/><U67/><E67/><V31/><F31/><W87/><G51/><T18/><REACH who="0" step="1"/><D50/><REACH who="0" ten="245,235,265,235" step="2"/><U62/><E118/><V71/><F128/><W75/><G75/><T59/><D59/><U135/><E135/><V52/><F134/><W107/><G43/><T108/><D108/><U92/><E83/><AGARI ba="1,2" hai="8,10,23,26,29,81,83,86,87,88,91,98,101,107" machi="83" ten="30,7700,0" yaku="7,1,9,1,52,1,54,1" doraHai="16" who="3" fromWho="1" sc="245,0,235,-80,265,0,235,100" /><INIT seed="1,0,0,5,4,54" ten="245,155,265,335" oya="1" hai0="10,33,103,9,79,50,6,118,65,42,70,104,61" hai1="85,127,58,52,86,63,28,15,41,116,43,100,23" hai2="97,18,67,75,94,16,82,81,119,111,13,21,53" hai3="34,133,89,49,108,106,74,73,120,11,51,123,57"/><U20/><E116/><V135/><F119/><W122/><G34/><T72/><D118/><U60/><E127/><V88/><F111/><W96/><G108/><T114/><D114/><U1/><E1/><V84/><F135/><W91/><G133/><T12/><D33/><U27/><E100/><V101/><F67/><W30/><G30/><T124/><D124/><U64/><E43/><V55/><F75/><W71/><G71/><T113/><D113/><U93/><E41/><V98/><F81/><W134/><G134/><T44/><D10/><U112/><E93/><V3/><F3/><W126/><G126/><T0/><D12/><U121/><E112/><V95/><REACH who="2" step="1"/><F18/><REACH who="2" ten="245,155,255,335" step="2"/><W32/><G74/><T80/><D72/><U36/><E121/><V39/><F39/><W99/><G73/><T83/><D79/><AGARI ba="0,1" hai="13,16,21,53,55,79,82,84,88,94,95,97,98,101" machi="79" ten="30,12000,2" yaku="1,1,7,1,8,1,54,2,53,2" doraHai="54" doraHaiUra="48" who="2" fromWho="0" sc="245,-120,155,0,255,130,335,0" /><INIT seed="2,0,0,3,5,53" ten="125,155,385,335" oya="2" hai0="40,27,57,81,47,131,123,128,99,0,108,133,46" hai1="78,2,124,54,28,84,60,5,95,29,12,93,52" hai2="48,101,129,130,41,119,102,26,117,100,15,51,7" hai3="87,16,114,49,111,59,135,65,70,76,35,126,10"/><V19/><F7/><W63/><G35/><T86/><D123/><U30/><E124/><V79/><F26/><W73/><G73/><T110/><D0/><U107/><E107/><V55/><F79/><W50/><G126/><T32/><D133/><U66/><E2/><V43/><F15/><N who="3" m="7287" /><G70/><T104/><D104/><U83/><E5/><V24/><F19/><W17/><G111/><N who="0" m="42539" /><D99/><U45/><E12/><V71/><F24/><W62/><G135/><T134/><D134/><U109/><E109/><V132/><F71/><W96/><G114/><T1/><D1/><U113/><E113/><V82/><F82/><N who="3" m="47559" /><G17/><T58/><D46/><U94/><REACH who="1" step="1"/><E45/><REACH who="1" ten="125,145,385,335" step="2"/><V39/><F132/><W22/><G22/><T80/><D32/><U18/><E18/><V98/><F119/><W105/><G105/><T116/><D116/><U23/><E23/><V42/><F117/><W89/><G63/><T69/><D27/><U36/><E36/><V74/><F39/><W38/><G38/><N who="0" m="21911" /><D69/><AGARI ba="0,1" hai="28,29,30,52,54,60,66,69,78,83,84,93,94,95" machi="69" ten="40,2600,0" yaku="1,1,54,1,53,0" doraHai="53" doraHaiUra="33" who="1" fromWho="0" sc="125,-26,145,36,385,0,335,0" /><INIT seed="3,0,0,5,4,38" ten="99,181,385,335" oya="3" hai0="31,0,42,55,79,128,104,92,100,23,70,127,8" hai1="105,49,16,50,41,120,12,54,33,109,11,80,15" hai2="119,116,126,133,30,90,3,84,69,72,96,22,77" hai3="131,5,91,113,115,36,7,21,48,99,67,71,34"/><W81/><G34/><T102/><D70/><U129/><E120/><V4/><F69/><W103/><G36/><T89/><D128/><U135/><E33/><V39/><F96/><W95/><G131/><T40/><D127/><U57/><E105/><V97/><F97/><W26/><G71/><T111/><D111/><U63/><E109/><V52/><F39/><W74/><G67/><T28/><D104/><U108/><E108/><V106/><F77/><W43/><G115/><T19/><D79/><U112/><E112/><V66/><F72/><W6/><G113/><T122/><D122/><U107/><E107/><V58/><F106/><W25/><G74/><T24/><D0/><U20/><E135/><V64/><F126/><W2/><G2/><T17/><D55/><U65/><E41/><N who="0" m="15977" /><D19/><N who="1" m="8607" /><E129/><V117/><F133/><W73/><G73/><T75/><D75/><U86/><E54/><V68/><F68/><W130/><G130/><T59/><D59/><U76/><AGARI ba="0,0" hai="15,16,20,49,50,57,63,65,76,80,86" m="8607" machi="76" ten="30,2000,0" yaku="8,1,54,1" doraHai="38" who="1" fromWho="1" sc="99,-5,181,20,385,-5,335,-10" owari="94,-40.6,201,-19.9,380,48.0,325,12.5" /></mjloggm>