<mjloggm ver="2.3"><GO type="225" lobby="0"/><UN n0="%E3%82%BC%E3%83%AB%E3%83%80%E3%81%AE%E4%BC%9D%E8%AA%AC" n1="%4D%2E%61%72%74%65%74%61" n2="%E6%9D%B1%E9%A2%A8%E3%81%AE%E3%81%8D%E3%82%83%E3%81%B7%E3%81%95%E3%82%93" n3="%E3%83%A9%E3%83%BC%E3%83%A1%E3%83%B3%E4%BA%94%E9%83%8E" dan="17,17,16,16" rate="2130.30,2225.48,2155.92,2158.93" sx="M,M,M,M"/><TAIKYOKU oya="0"/><INIT seed="0,0,0,2,4,84" ten="250,250,250,250" oya="0" hai0="91,44,127,21,36,89,99,130,73,12,31,80,115" hai1="104,43,81,114,3,107,34,55,41,125,108,8,46" hai2="48,124,29,95,56,94,47,93,17,102,40,24,134" hai3="88,103,120,53,13,70,7,133,30,119,32,4,86"/><T116/><D115/><U60/><E34/><V35/><F134/><W118/><G133/><T111/><D116/><U122/><E122/><V61/><F124/><W9/><G120/><T117/><D117/><U112/><E125/><V123/><F123/><W64/><G103/><T6/><D127/><U28/><E28/><V68/><F68/><W5/><G119/><T0/><D130/><U65/><E108/><V92/><F17/><W105/><G105/><T128/><D128/><U38/><E43/><V75/><F75/><W121/><G121/><T11/><D99/><U101/><E55/><V82/><F82/><W106/><G106/><N who="1" m="40490" /><E81/><V131/><F131/><W25/><G118/><T14/><D111/><U18/><E101/><V15/><F15/><N who="0" m="5674" /><D21/><U67/><E18/><V132/><F132/><W16/><G53/><T66/><D66/><U52/><E52/><V129/><F129/><W1/><G64/><T49/><D49/><U87/><E87/><V69/><F69/><W19/><G19/><T54/><D54/><U42/><E42/><V59/><REACH who="2" step="1"/><F61/><REACH who="2" ten="250,250,240,250" step="2"/><W45/><G70/><T109/><D109/><U100/><E60/><V2/><F2/><W79/><G45/><T113/><D31/><U96/><E114/><V58/><F58/><W71/><G71/><T110/><D113/><U72/><E72/><V98/><AGARI ba="0,1" hai="24,29,35,40,47,48,56,59,92,93,94,95,98,102" machi="98" ten="30,4000,0" yaku="1,1,0,1,53,1" doraHai="84" doraHaiUra="27" who="2" fromWho="2" sc="250,-20,250,-10,240,50,250,-10" /><INIT seed="1,0,0,0,2,62" ten="230,240,290,240" oya="1" hai0="67,59,112,38,47,128,119,77,69,37,91,53,110" hai1="105,49,17,51,11,13,115,19,132,20,111,48,30" hai2="74,125,100,57,41,1,135,58,10,130,87,70,3" hai3="101,36,98,88,46,102,89,9,61,79,85,93,2"/><U108/><E115/><V118/><F74/><W16/><G79/><T8/><D77/><U104/><E30/><V54/><F70/><W71/><G2/><T76/><D76/><U6/><E132/><V129/><F41/><W68/><G36/><N who="0" m="13931" /><D91/><U63/><E63/><V65/><F100/><W103/><G46/><T81/><D8/><U126/><E126/><V66/><F87/><W50/><G50/><N who="0" m="28895" /><D81/><U96/><E17/><V55/><F10/><W127/><G127/><T95/><D95/><U107/><REACH who="1" step="1"/><E96/><REACH who="1" ten="230,230,290,240" step="2"/><V40/><F125/><W117/><G61/><N who="0" m="40175" /><D112/><U52/><E52/><N who="2" m="20011" /><F40/><W121/><G98/><T113/><D113/><U60/><E60/><V5/><F5/><W21/><G71/><T28/><D28/><U32/><E32/><V27/><F135/><W23/><G68/><T7/><D7/><U43/><E43/><V78/><F78/><W34/><G34/><T124/><D124/><U80/><E80/><V133/><F133/><W0/><G16/><T86/><D119/><U4/><E4/><V18/><F118/><W35/><G117/><T106/><D86/><U14/><AGARI ba="0,1" hai="6,11,13,14,19,20,48,49,51,104,105,107,108,111" machi="14" ten="40,12000,1" yaku="1,1,0,1,53,3" doraHai="62" doraHaiUra="45" who="1" fromWho="1" sc="230,-40,230,130,290,-40,240,-40" /><INIT seed="1,1,0,2,2,107" ten="190,360,250,200" oya="1" hai0="109,115,121,132,58,126,88,41,81,0,68,43,2" hai1="8,120,117,11,57,15,112,90,95,124,60,38,6" hai2="63,31,51,12,127,35,27,131,42,116,61,29,104" hai3="72,79,48,25,40,73,99,69,44,82,10,19,94"/><U1/><E112/><V47/><F104/><W89/><G69/><T37/><D115/><U65/><E117/><V67/><F116/><W78/><G10/><T75/><D68/><U23/><E120/><V20/><F127/><W71/><G71/><T118/><D118/><U70/><E124/><V7/><F131/><W91/><G91/><T4/><D126/><U22/><E38/><V100/><F100/><W87/><REACH who="3" step="1"/><G78/><REACH who="3" ten="190,360,250,190" step="2"/><T32/><D88/><U105/><E70/><V49/><F35/><W129/><G129/><T86/><D32/><U5/><E105/><V74/><F31/><W133/><G133/><T110/><D132/><U28/><E28/><V122/><F122/><W114/><G114/><T34/><D34/><U119/><E119/><V21/><F29/><W24/><G24/><T3/><D121/><U18/><E5/><V98/><F27/><W54/><G54/><T59/><D4/><U30/><E30/><V108/><F7/><W76/><G76/><T26/><D26/><U62/><E90/><V56/><F12/><W33/><G33/><T83/><D0/><U52/><E8/><V53/><F20/><AGARI ba="1,1" hai="19,20,25,40,44,48,72,73,79,82,87,89,94,99" machi="20" ten="40,5200,0" yaku="1,1,52,2,53,0" doraHai="107" doraHaiUra="55" who="3" fromWho="2" sc="190,0,360,0,250,-55,190,65" /><INIT seed="2,0,0,4,5,16" ten="190,360,195,255" oya="2" hai0="113,135,124,3,118,98,87,85,127,17,53,46,38" hai1="63,93,41,8,47,9,45,130,81,90,126,129,82" hai2="88,66,103,101,94,64,1,11,122,49,40,32,76" hai3="102,30,18,24,10,4,21,51,116,120,80,55,37"/><V13/><F1/><W73/><G116/><T79/><D113/><U48/><E126/><N who="0" m="48169" /><D135/><U106/><E106/><V104/><F32/><W5/><G120/><T39/><D118/><U23/><E63/><V97/><F76/><W56/><G37/><N who="0" m="13835" /><D3/><U95/><E23/><V69/><F122/><W59/><G102/><N who="2" m="38921" /><F104/><W27/><G73/><T50/><D79/><U33/><E33/><V36/><BYE who="1" /><F36/><W20/><G80/><T92/><D17/><UN n1="%4D%2E%61%72%74%65%74%61" /><U44/><E48/><V43/><F69/><W133/><G133/><T111/><D111/><U57/><E57/><V67/><F49/><W91/><G91/><AGARI ba="0,0" hai="46,50,53,85,87,91,92,98" m="13835,48169" machi="91" ten="30,1000,0" yaku="18,1" doraHai="16" who="0" fromWho="3" sc="190,10,360,0,195,0,255,-10" /><INIT seed="3,0,0,1,0,92" ten="200,360,195,245" oya="3" hai0="7,35,64,6,46,42,98,59,71,115,112,76,47" hai1="70,56,119,26,20,117,22,43,62,75,24,16,124" hai2="11,83,79,108,21,73,63,109,88,12,91,125,94" hai3="49,31,131,5,1,52,29,130,118,61,14,121,66"/><W23/><G118/><N who="1" m="45066" /><E75/><V27/><F63/><W32/><G121/><T134/><D35/><U18/><E43/><V4/><F125/><W60/><G32/><T84/><D134/><U8/><E124/><V95/><F95/><W67/><G1/><T123/><D71/><U111/><E111/><N who="2" m="42571" /><F94/><W128/><G5/><N who="0" m="1547" /><D98/><U17/><E70/><V41/><F41/><W110/><G110/><T132/><D132/><U113/><E113/><N who="0" m="43593" /><D123/><U25/><E8/><V9/><F9/><W100/><G100/><T33/><D33/><U51/><E51/><V87/><F73/><W77/><G77/><T45/><D84/><U102/><E102/><V57/><F57/><N who="3" m="32911" /><G67/><AGARI ba="0,0" hai="16,17,18,20,22,24,25,26,56,62,67" m="45066" machi="67" ten="40,2600,0" yaku="12,1,54,1" doraHai="92" who="1" fromWho="3" sc="200,0,360,26,195,0,245,-26" owari="200,-20.0,386,48.6,195,-30.5,219,1.9" /></mjloggm>