<mjloggm ver="2.3"><GO type="225" lobby="0"/><UN n0="%E3%81%A4%E3%81%A3%E3%81%B1%E3%82%8A%E3%83%9D%E3%83%BC%E3%83%AB" n1="%E6%98%93%E5%88%A9%E8%96%A9%E4%BC%AF" n2="%E3%83%A9%E3%83%BC%E3%83%A1%E3%83%B3%E4%BA%94%E9%83%8E" n3="%E3%83%96%E3%83%83%E3%83%91%E3%82%AA%E3%83%96%E3%83%81%E3%82%AD%E3%83%B3" dan="17,17,16,16" rate="2147.21,2127.93,2135.52,2138.60" sx="M,F,M,M"/><TAIKYOKU oya="0"/><INIT seed="0,0,0,1,4,116" ten="250,250,250,250" oya="0" hai0="38,16,33,62,48,65,86,9,21,36,132,13,129" hai1="46,101,107,59,123,82,106,0,68,5,41,95,24" hai2="14,83,75,92,3,131,97,54,69,115,98,118,42" hai3="66,43,45,110,85,1,60,127,25,125,2,114,76"/><T73/><D73/><U102/><E68/><V84/><F3/><W40/><G114/><T28/><D129/><U12/><E0/><V96/><F115/><W72/><G110/><T90/><D132/><U91/><E59/><V130/><F118/><W20/><G72/><T35/><D48/><U74/><E24/><V77/><F69/><N who="3" m="42183" /><G85/><T93/><D21/><U64/><E64/><V10/><F42/><N who="3" m="15915" /><G45/><T124/><D124/><N who="3" m="47689" /><G76/><T34/><REACH who="0" step="1"/><D28/><AGARI ba="0,0" hai="1,2,20,25,28" m="47689,15915,42183" machi="28" ten="30,1000,0" yaku="18,1" doraHai="116" who="3" fromWho="0" sc="250,-10,250,0,250,0,250,10" /><INIT seed="1,0,0,0,4,40" ten="240,250,250,260" oya="1" hai0="51,104,34,5,82,7,118,55,105,122,1,59,39" hai1="26,119,108,87,27,12,103,36,106,18,54,37,113" hai2="102,110,64,38,0,16,53,62,129,10,65,46,21" hai3="13,66,133,68,19,116,98,91,120,130,85,67,35"/><U28/><E113/><V4/><F110/><W90/><G120/><T111/><D118/><U112/><E112/><V8/><F129/><W11/><G116/><T15/><D111/><U72/><E72/><V44/><F102/><W20/><G130/><T25/><D122/><U101/><E119/><V78/><F78/><W29/><G133/><T63/><D39/><U123/><E123/><V79/><F79/><W134/><G68/><T131/><D131/><U77/><E37/><V114/><F114/><W52/><G35/><T48/><D1/><U121/><E36/><V117/><F117/><W70/><G70/><T83/><D104/><U57/><E121/><V30/><F30/><W24/><G134/><T74/><D105/><U99/><E103/><V84/><F84/><W22/><G98/><T6/><D15/><U17/><E27/><V126/><F126/><W135/><G135/><T33/><D74/><U31/><E31/><V109/><F109/><W86/><G22/><T61/><D51/><U41/><E41/><V96/><F96/><W81/><REACH who="3" step="1"/><G52/><REACH who="3" ten="240,250,250,250" step="2"/><T94/><D34/><U23/><E108/><V3/><F53/><W89/><G89/><T88/><D33/><U42/><E42/><V124/><F21/><W95/><AGARI ba="0,1" hai="11,13,19,20,24,29,66,67,81,85,86,90,91,95" machi="95" ten="20,5200,0" yaku="1,1,0,1,7,1,8,1,53,0" doraHai="40" doraHaiUra="47" who="3" fromWho="3" sc="240,-13,250,-26,250,-13,250,62" /><INIT seed="2,0,0,4,3,16" ten="227,224,237,312" oya="2" hai0="134,102,33,112,32,57,26,22,129,4,58,131,62" hai1="86,72,15,56,130,110,2,88,29,119,30,13,105" hai2="59,118,82,97,93,109,7,113,94,128,40,132,114" hai3="28,24,18,70,9,78,126,73,10,120,101,50,122"/><V34/><F34/><N who="0" m="13418" /><D112/><U51/><E72/><V63/><F118/><W5/><G50/><T107/><D134/><U111/><E105/><V52/><F132/><W12/><G101/><T46/><D4/><U48/><E2/><V100/><F128/><N who="0" m="49226" /><D46/><U108/><E119/><V45/><F109/><W66/><G66/><T64/><D102/><U135/><E135/><V117/><F117/><W116/><G70/><N who="0" m="42263" /><D107/><U27/><E130/><V43/><F7/><W104/><G104/><T124/><D124/><U23/><E30/><AGARI ba="0,0" hai="22,26,30,57,58" m="42263,49226,13418" machi="30" ten="30,2000,0" yaku="19,1,52,1" doraHai="16" who="0" fromWho="1" sc="227,20,224,-20,237,0,312,0" /><INIT seed="3,0,0,4,2,110" ten="247,204,237,312" oya="3" hai0="26,57,81,77,93,0,62,102,82,40,78,117,69" hai1="127,89,74,70,21,109,80,39,12,25,66,24,22" hai2="7,20,114,43,72,103,36,13,118,58,124,101,100" hai3="34,135,106,37,9,125,99,49,33,75,87,68,6"/><W122/><G87/><T44/><D69/><U47/><E109/><V132/><F118/><W17/><G49/><N who="0" m="26759" /><D0/><U2/><E2/><V107/><F114/><W32/><G17/><T91/><D102/><U42/><E127/><V76/><F72/><W54/><G54/><N who="0" m="34103" /><D26/><U38/><E38/><V3/><F3/><N who="3" m="223" /><G122/><T97/><D117/><U67/><E12/><V10/><F124/><W121/><G121/><T116/><D116/><U56/><E70/><V16/><F132/><W73/><G135/><T83/><AGARI ba="0,0" hai="77,78,81,82,83,91,93,97" m="34103,26759" machi="83" ten="30,1100,0" yaku="8,1" doraHai="110" who="0" fromWho="0" sc="247,11,204,-3,237,-3,312,-5" owari="258,5.8,201,-29.9,234,-16.6,307,40.7" /></mjloggm>