<mjloggm ver="2.3"><GO type="225" lobby="0"/><UN n0="%E6%98%93%E5%88%A9%E8%96%A9%E4%BC%AF" n1="%33%74%72%65%65" n2="%E7%9A%AE%E3%80%85" n3="%E6%A1%9C%E8%8A%B1%E9%96%83%E3%80%85" dan="17,16,16,16" rate="2159.44,2164.39,2088.75,2094.68" sx="F,F,M,M"/><TAIKYOKU oya="0"/><INIT seed="0,0,0,0,0,34" ten="250,250,250,250" oya="0" hai0="93,49,45,89,91,30,12,23,58,46,95,115,66" hai1="118,42,56,57,131,33,21,44,78,83,126,19,98" hai2="135,35,43,24,110,41,85,68,102,54,28,112,108" hai3="55,71,1,101,63,121,22,128,8,13,37,132,64"/><T9/><D115/><U87/><E118/><V99/><F112/><W104/><G128/><T11/><D30/><U70/><E131/><V10/><F68/><W65/><G132/><T77/><D77/><U116/><E116/><V96/><F135/><W75/><G75/><T73/><D73/><U107/><E33/><V122/><F122/><W26/><G37/><T97/><D23/><U53/><E70/><V86/><F54/><W72/><G72/><T123/><D123/><U119/><E119/><V31/><F31/><W100/><G1/><T38/><D38/><U15/><E126/><V117/><F117/><W120/><G64/><T14/><D58/><U25/><E107/><V69/><F69/><W59/><G104/><T76/><D76/><U40/><E98/><N who="2" m="37419" /><F102/><W106/><G106/><T88/><D66/><U47/><E25/><V133/><F133/><W82/><G120/><T125/><D125/><U94/><E94/><N who="0" m="35849" /><D97/><U130/><E130/><V6/><F43/><N who="1" m="16425" /><E57/><V5/><F41/><W129/><G121/><T61/><D61/><AGARI ba="0,0" hai="15,19,21,44,47,53,56,61,78,83,87" m="16425" machi="61" ten="30,1000,0" yaku="8,1" doraHai="34" who="1" fromWho="0" sc="250,-10,250,10,250,0,250,0" /><INIT seed="1,0,0,0,1,85" ten="240,260,250,250" oya="1" hai0="64,77,120,121,23,87,59,40,92,38,19,17,104" hai1="105,73,46,98,124,115,51,118,129,123,80,125,10" hai2="119,56,69,32,20,44,2,133,110,113,28,30,72" hai3="60,109,71,42,50,102,25,132,90,97,39,79,82"/><U131/><E115/><V94/><F119/><W54/><G109/><T9/><D104/><U21/><E118/><V13/><F69/><W122/><G122/><T66/><D38/><U22/><E123/><N who="0" m="47177" /><D40/><U37/><E37/><V58/><F2/><W27/><G132/><T33/><D33/><U68/><E68/><V53/><F110/><W18/><G39/><T127/><D127/><N who="1" m="48715" /><E10/><V16/><F72/><W24/><G42/><T134/><D134/><U100/><E73/><V76/><F76/><W35/><G18/><T89/><D77/><U63/><E63/><V7/><F7/><W108/><G108/><T135/><D135/><U70/><E70/><V75/><F75/><W116/><G116/><T15/><D59/><N who="2" m="22570" /><F32/><W1/><G1/><T29/><D29/><N who="2" m="11370" /><F113/><W111/><G35/><T8/><D8/><U11/><E11/><V6/><F6/><W47/><G111/><T4/><D19/><U62/><E105/><V81/><F133/><W65/><G79/><T57/><D57/><U26/><E62/><V84/><F44/><W96/><REACH who="3" step="1"/><G102/><REACH who="3" ten="240,260,250,240" step="2"/><T88/><D89/><U74/><E100/><V61/><F61/><W49/><G49/><T112/><D112/><U67/><E51/><V103/><F103/><W117/><G117/><T128/><D128/><U5/><E131/><V3/><F3/><AGARI ba="0,1" hai="3,4,9,15,17,23,64,66,87,88,92" m="47177" machi="3" ten="30,3900,0" yaku="13,1,52,1,54,1" doraHai="85" who="0" fromWho="2" sc="240,49,260,0,250,-39,240,0" /><INIT seed="2,0,0,5,3,102" ten="289,260,211,240" oya="2" hai0="118,46,18,66,105,45,97,127,1,34,63,77,50" hai1="2,73,114,35,9,3,115,128,93,95,13,33,19" hai2="67,40,58,69,113,108,124,99,17,78,90,107,116" hai3="86,85,4,111,92,126,31,7,122,49,91,16,72"/><V83/><F116/><W36/><G122/><T32/><D1/><N who="1" m="11" /><E73/><V103/><F113/><N who="1" m="43017" /><E95/><V28/><F124/><W27/><G111/><T88/><D77/><U23/><E93/><V106/><F108/><W62/><G36/><T109/><D109/><U41/><E41/><V104/><F69/><W79/><G126/><T22/><D118/><U119/><E119/><V30/><F40/><W81/><G49/><T64/><D64/><U53/><E53/><V47/><F47/><W60/><G72/><T74/><D74/><U37/><E37/><V75/><F17/><W57/><G16/><T56/><D46/><U59/><E59/><V68/><F68/><W0/><G0/><T25/><D127/><U131/><E23/><V98/><F90/><W134/><G60/><T6/><D88/><U94/><E94/><V51/><F99/><W132/><G57/><T125/><D97/><U12/><E12/><V110/><F110/><W89/><G62/><T133/><D125/><U20/><E20/><V82/><F82/><W42/><G42/><T21/><D21/><U130/><AGARI ba="0,0" hai="9,13,19,33,35,128,130,131" m="43017,11" machi="130" ten="40,5200,0" yaku="19,1,34,2" doraHai="102" who="1" fromWho="1" sc="289,-13,260,52,211,-26,240,-13" /><INIT seed="3,0,0,4,3,132" ten="276,312,185,227" oya="3" hai0="88,71,43,7,16,45,3,80,118,93,102,72,25" hai1="54,76,101,8,55,87,26,18,22,42,53,89,24" hai2="107,86,57,4,82,1,37,129,125,35,99,38,23" hai3="14,103,56,109,48,134,105,66,112,9,131,124,108"/><W97/><G112/><T78/><D71/><U34/><E76/><V116/><F116/><W51/><G134/><T70/><D70/><U128/><E128/><V49/><F35/><W100/><G131/><T17/><D102/><U31/><E101/><V114/><F129/><W119/><G119/><T106/><D25/><N who="1" m="16823" /><E34/><V21/><F114/><W52/><G124/><T33/><D106/><U47/><E47/><V10/><F23/><W67/><G103/><T111/><D111/><N who="3" m="42569" /><G51/><T84/><D33/><U69/><E69/><V20/><F20/><W122/><G122/><T13/><D13/><N who="1" m="7463" /><E42/><V95/><F107/><W126/><G126/><T61/><D61/><U5/><E5/><AGARI ba="0,0" hai="5,9,14,48,52,56,66,67,97,100,105" m="42569" machi="5" ten="30,5800,0" yaku="14,1,10,1,54,1" doraHai="132" who="3" fromWho="1" sc="276,0,312,-58,185,0,227,58" /><INIT seed="3,1,0,1,5,89" ten="276,254,185,285" oya="3" hai0="96,94,5,19,54,102,103,81,86,25,121,120,117" hai1="97,9,41,74,44,129,51,14,69,50,118,93,82" hai2="46,35,55,0,124,114,20,101,84,132,28,127,63" hai3="87,128,58,75,88,126,135,130,12,104,79,37,98"/><W10/><G126/><N who="2" m="48169" /><F114/><W68/><G68/><T34/><D117/><U24/><E118/><V105/><F0/><W36/><G135/><T111/><D111/><U91/><E129/><N who="3" m="49770" /><G75/><T113/><D113/><U100/><E69/><V80/><F132/><W29/><G29/><T31/><D5/><U13/><E24/><N who="2" m="18823" /><F20/><W1/><G1/><T32/><D103/><U27/><E27/><V119/><F119/><W77/><G58/><T107/><D107/><U109/><E109/><V59/><F46/><W125/><G125/><T4/><D34/><U39/><E14/><V122/><F122/><W16/><G37/><T26/><D32/><U52/><E39/><V18/><F18/><W3/><G36/><T21/><D31/><U83/><E74/><V116/><F116/><W33/><G33/><T106/><D19/><U7/><E100/><V61/><F101/><N who="3" m="62519" /><G3/><T47/><D47/><AGARI ba="1,0" hai="7,9,13,41,44,47,50,51,52,82,83,91,93,97" machi="47" ten="30,7700,0" yaku="7,1,8,1,52,1,54,1" doraHai="89" who="1" fromWho="0" sc="276,-80,254,80,185,0,285,0" owari="196,-20.4,334,43.4,185,-31.5,285,8.5" /></mjloggm>