<mjloggm ver="2.3"><GO type="225" lobby="0"/><UN n0="%E3%80%90%E8%92%BC%E7%90%89%E3%80%91" n1="%E6%A9%98%E3%83%AF%E3%83%AB%E3%83%84" n2="%E3%83%96%E3%83%83%E3%83%91%E3%82%AA%E3%83%96%E3%83%81%E3%82%AD%E3%83%B3" n3="%65%76%69%61%6E%36%31%39" dan="16,16,16,16" rate="2168.48,2081.01,2123.39,2074.61" sx="F,M,M,M"/><TAIKYOKU oya="0"/><INIT seed="0,0,0,3,1,0" ten="250,250,250,250" oya="0" hai0="32,102,23,108,129,72,117,31,134,8,19,122,78" hai1="133,27,49,18,73,13,98,52,45,130,40,46,96" hai2="12,121,135,84,99,36,111,81,123,103,77,29,39" hai3="131,41,105,118,120,28,128,11,60,82,79,42,61"/><T71/><D117/><U44/><E73/><V126/><F111/><W67/><G105/><T91/><D122/><U94/><E133/><V113/><F113/><W80/><G28/><T66/><D108/><U33/><E130/><V57/><F135/><W4/><G118/><T119/><D119/><U68/><E68/><V2/><F2/><W62/><G67/><T86/><D134/><U35/><E27/><V132/><F132/><W55/><G55/><T59/><D71/><U63/><E98/><V10/><F126/><W34/><G34/><T69/><D69/><U9/><E63/><V109/><F29/><W15/><G82/><T100/><D32/><U89/><REACH who="1" step="1"/><E44/><REACH who="1" ten="250,240,250,250" step="2"/><V38/><F109/><W43/><REACH who="3" step="1"/><G120/><REACH who="3" ten="250,240,250,240" step="2"/><T74/><D129/><U88/><E88/><V95/><REACH who="2" step="1"/><F57/><REACH who="2" ten="250,240,240,240" step="2"/><W50/><G50/><AGARI ba="0,3" hai="9,13,18,33,35,40,45,46,49,50,52,89,94,96" machi="50" ten="30,7700,0" yaku="1,1,7,1,54,1,53,1" doraHai="0" doraHaiUra="85" who="1" fromWho="3" sc="250,0,240,107,240,0,240,-77" /><INIT seed="1,0,0,4,2,109" ten="250,347,240,163" oya="1" hai0="83,8,19,7,32,104,5,52,51,63,118,69,82" hai1="29,55,90,100,64,76,27,49,103,113,89,16,131" hai2="95,125,46,127,119,1,99,134,73,92,23,24,132" hai3="96,48,79,111,98,110,93,135,78,4,101,71,36"/><U66/><E131/><V106/><F1/><W0/><G36/><T44/><D104/><U17/><E76/><N who="3" m="29226" /><G48/><T88/><D32/><U28/><E49/><V123/><F73/><W85/><G71/><T33/><D33/><U9/><E9/><V37/><F123/><W42/><G42/><T75/><D118/><U94/><E94/><N who="2" m="35883" /><F37/><W61/><G61/><T72/><D72/><U121/><E121/><V34/><F46/><W25/><G25/><T13/><D75/><U130/><E130/><V65/><F65/><W22/><G22/><T3/><D3/><U126/><E27/><V87/><F34/><W38/><G38/><T62/><D82/><U21/><E21/><V2/><F2/><W84/><G0/><T58/><D69/><U68/><E68/><V117/><F87/><N who="3" m="33355" /><G4/><N who="0" m="1611" /><D58/><U35/><E35/><V12/><F12/><W59/><G59/><T26/><D26/><U97/><E55/><V57/><F57/><W91/><G135/><N who="2" m="51753" /><F23/><W77/><N who="3" m="29234" /><W70/><DORA hai="133" /><G70/><T30/><D30/><U41/><E41/><V107/><F24/><W43/><G43/><T116/><D116/><N who="2" m="44618" /><F99/><W15/><G15/><T115/><D13/><U11/><E97/><V108/><F108/><W74/><G74/><T128/><D128/><U20/><E20/><V14/><F14/><W6/><G6/><T124/><D8/><U122/><E11/><V67/><F67/><W102/><G98/><T47/><D47/><U40/><E122/><V114/><F114/><W54/><G54/><T80/><D44/><U60/><E113/><V129/><F129/><W18/><G18/><RYUUKYOKU ba="0,0" sc="250,-15,347,-15,240,15,163,15" hai2="106,107,125,127" hai3="91,93,96,101,102,110,111" /><INIT seed="2,1,0,1,5,49" ten="235,332,255,178" oya="2" hai0="64,74,92,72,78,107,82,67,73,81,91,131,132" hai1="0,39,69,84,111,71,61,31,124,116,37,46,32" hai2="105,23,70,120,68,104,134,7,110,75,94,113,89" hai3="76,109,130,8,79,60,122,16,50,51,29,90,22"/><V95/><F113/><W59/><G109/><T14/><D107/><U126/><E116/><V125/><F120/><W97/><G130/><T106/><D106/><U55/><E84/><V44/><F75/><W123/><G29/><T20/><D132/><U41/><E0/><V43/><F134/><W15/><G123/><T118/><D118/><U34/><E111/><V57/><F110/><W114/><G114/><T48/><D131/><U119/><E119/><V9/><F125/><N who="1" m="48233" /><E37/><V101/><F23/><W121/><G121/><T128/><D128/><U99/><E99/><V133/><F95/><N who="3" m="56567" /><G22/><T100/><D100/><U66/><E31/><V112/><F133/><W1/><G1/><T3/><D3/><U19/><E19/><V53/><F112/><W11/><G11/><T80/><D78/><N who="3" m="29737" /><G122/><T33/><D33/><U4/><E4/><V83/><F9/><W88/><G88/><T108/><D108/><U6/><E6/><V13/><F89/><W58/><G58/><T5/><D5/><U115/><E115/><V40/><F57/><W86/><G86/><T25/><D14/><U127/><E127/><V47/><F13/><W17/><G17/><T102/><D102/><U54/><E71/><V77/><F101/><W62/><G62/><T96/><REACH who="0" step="1"/><D48/><REACH who="0" ten="225,332,255,178" step="2"/><U10/><E10/><V52/><F7/><W21/><G8/><T103/><D103/><U36/><E36/><V117/><F117/><W87/><G87/><T24/><D24/><U56/><E34/><V63/><F77/><W98/><G98/><T85/><D85/><U35/><E32/><V28/><F105/><RYUUKYOKU ba="1,1" sc="225,15,332,-15,255,-15,178,15" hai0="20,25,64,67,72,73,74,80,81,82,91,92,96" hai3="15,16,21,50,51,59,60" /><INIT seed="3,2,1,2,0,76" ten="240,317,240,193" oya="3" hai0="129,48,45,43,90,9,14,30,88,33,60,0,72" hai1="134,131,101,56,65,109,27,71,44,10,70,29,81" hai2="37,40,95,91,55,135,12,32,25,19,38,110,67" hai3="49,63,82,62,123,7,127,36,13,92,59,16,108"/><W113/><G123/><T99/><D0/><U104/><E109/><V54/><F67/><W85/><G113/><T53/><D72/><U24/><E10/><V68/><F68/><W17/><G36/><T105/><D129/><U106/><E131/><V102/><F102/><W15/><G127/><T117/><D117/><U83/><E44/><V103/><F103/><W128/><G92/><T11/><D30/><U1/><E1/><V111/><F135/><W122/><G122/><T35/><D105/><U121/><E121/><V89/><F25/><W3/><G3/><T132/><D132/><U77/><E101/><V50/><F32/><W22/><G108/><N who="2" m="41513" /><F40/><W94/><G94/><T97/><D35/><U87/><E56/><N who="2" m="32855" /><F55/><N who="3" m="32239" /><G7/><T125/><D33/><U126/><E65/><V18/><F37/><W58/><G58/><N who="0" m="34895" /><D125/><U93/><E126/><V66/><F38/><W96/><G96/><N who="0" m="36939" /><D9/><U124/><E124/><V42/><F42/><W78/><G128/><T98/><N who="0" m="36947" /><T57/><DORA hai="47" /><D57/><U69/><E134/><V34/><F34/><W74/><G74/><T2/><D2/><U114/><E106/><V116/><F116/><W4/><G4/><AGARI ba="2,1" hai="4,11,14,43,45,48,88,90" m="36947,34895" machi="4" ten="30,3900,0" yaku="8,1,52,1,54,1" doraHai="76,47" who="0" fromWho="3" sc="240,55,317,0,240,0,193,-45" owari="295,9.5,317,41.7,240,-16.0,148,-35.2" /></mjloggm>