<mjloggm ver="2.3"><GO type="225" lobby="0"/><UN n0="%E6%A1%9C%E6%B2%A2%E5%A2%A8" n1="%E5%8D%A0%E3%81%84%E5%B8%AB%E8%A3%8F%E3%81%AA%E3%81%84%E3%81%97" n2="%E4%B8%AD%E5%B9%B4%E3%81%AE%E5%8D%B1%E6%A9%9F" n3="%E7%9A%AE%E3%80%85" dan="17,17,16,16" rate="2136.21,2235.55,2111.25,2161.37" sx="F,M,M,F"/><TAIKYOKU oya="0"/><INIT seed="0,0,0,1,2,2" ten="250,250,250,250" oya="0" hai0="95,93,119,40,18,66,5,42,82,127,35,13,128" hai1="44,86,49,112,59,92,51,64,122,63,70,96,45" hai2="68,31,7,47,8,6,89,56,116,78,54,1,71" hai3="32,87,74,125,52,103,113,72,106,94,75,91,17"/><T28/><D119/><U120/><E86/><V39/><F116/><W20/><G32/><T108/><D127/><U117/><E117/><V21/><F71/><W60/><G113/><T84/><D128/><U105/><E105/><V77/><F68/><W41/><G41/><N who="0" m="15979" /><D35/><U109/><E109/><V98/><F47/><N who="1" m="17993" /><E92/><N who="0" m="35401" /><D108/><U118/><E96/><V10/><F39/><W121/><G125/><T135/><D135/><U0/><E0/><V19/><F31/><W50/><G60/><T115/><D115/><U23/><E23/><V69/><F89/><W101/><G106/><T43/><N who="0" m="15987" /><T4/><DORA hai="3" /><D66/><N who="1" m="39295" /><E118/><V9/><F69/><W24/><REACH who="3" step="1"/><G121/><REACH who="3" ten="250,250,250,240" step="2"/><N who="1" m="46698" /><E112/><V16/><F1/><W83/><G83/><T38/><D28/><U102/><E102/><V76/><F98/><W65/><G65/><T132/><D132/><U53/><E53/><V81/><F81/><W111/><G111/><T79/><D38/><U57/><E70/><V110/><F110/><W27/><G27/><T73/><D73/><U25/><E25/><N who="2" m="14503" /><F19/><W12/><G12/><T126/><D126/><U11/><E64/><V104/><F104/><W97/><G97/><T22/><AGARI ba="0,1" hai="4,5,13,18,22,79,82,84" m="35401,15987" machi="22" ten="40,12000,1" yaku="8,1,52,4" doraHai="2,3" who="0" fromWho="0" sc="250,130,250,-40,250,-40,240,-40" /><INIT seed="0,1,0,5,3,60" ten="380,210,210,200" oya="0" hai0="118,125,24,98,96,9,28,62,40,93,112,106,105" hai1="89,7,80,41,78,35,126,31,79,43,11,134,71" hai2="45,116,88,86,97,75,103,130,27,39,129,99,102" hai3="36,85,84,111,17,25,124,19,109,113,46,67,1"/><T53/><D112/><U70/><E126/><V101/><F39/><W131/><G113/><T47/><D118/><U42/><E134/><V22/><F75/><W76/><G1/><T92/><D125/><U23/><E35/><V110/><F116/><W69/><G124/><T100/><D9/><U81/><E31/><V114/><F114/><W21/><G131/><N who="2" m="50185" /><F45/><W77/><G19/><T16/><D53/><U58/><E58/><V123/><F123/><W104/><G104/><T48/><D62/><U63/><E23/><V127/><F127/><W120/><G120/><T107/><D16/><U82/><E89/><V91/><F110/><N who="3" m="41995" /><G46/><T83/><D83/><U74/><E63/><V55/><F55/><W18/><G36/><T5/><D5/><U66/><E66/><V49/><F49/><W72/><G72/><T44/><D44/><U54/><E54/><V38/><F38/><W13/><G67/><T15/><D15/><U61/><E61/><V0/><F0/><W90/><G84/><T115/><D115/><U6/><E11/><V119/><F119/><W68/><G68/><N who="1" m="26154" /><E74/><V10/><F10/><N who="3" m="6327" /><G69/><T117/><D117/><U59/><E59/><V95/><F22/><W108/><N who="3" m="42003" /><W56/><DORA hai="32" /><G56/><T3/><D3/><U20/><E20/><V14/><F27/><W135/><G135/><T12/><D12/><U65/><E65/><V87/><F14/><W73/><G73/><T132/><D132/><U50/><E50/><V57/><F57/><W122/><G122/><T2/><D2/><U33/><E33/><V52/><F52/><W64/><G64/><RYUUKYOKU ba="1,0" sc="380,-30,210,10,210,10,200,10" hai1="6,7,41,42,43,78,79,80,81,82" hai2="86,87,88,91,95,97,99,101,102,103" hai3="18,21,25,76,77,85,90" /><INIT seed="1,2,0,2,3,14" ten="350,220,220,210" oya="1" hai0="48,134,80,13,83,98,89,53,78,68,128,25,40" hai1="132,77,58,5,28,121,21,101,82,72,127,111,96" hai2="56,110,47,118,115,117,19,88,107,105,8,93,104" hai3="15,99,62,65,92,67,36,66,39,85,130,116,37"/><U75/><E121/><V103/><F110/><W26/><G130/><T17/><D68/><U63/><E111/><V120/><F120/><W135/><G135/><T133/><D128/><U109/><E109/><V2/><F115/><W97/><G116/><T59/><D25/><U131/><E132/><N who="0" m="50793" /><D40/><U24/><E5/><V29/><F29/><W51/><G26/><T69/><D69/><U102/><E131/><V18/><F103/><W16/><G51/><T55/><D78/><U79/><E127/><V49/><F56/><W73/><G73/><T74/><D74/><U123/><E123/><V52/><F118/><W87/><G62/><T57/><D98/><U61/><E102/><V30/><F30/><W12/><G12/><T70/><D89/><U54/><E79/><V126/><F126/><W64/><N who="3" m="16384" /><DORA hai="3" /><W46/><G46/><T84/><D84/><U113/><E113/><V20/><F117/><W100/><REACH who="3" step="1"/><G99/><REACH who="3" ten="350,220,220,200" step="2"/><T22/><D70/><U76/><E61/><AGARI ba="2,1" hai="13,17,22,48,53,55,57,59,61,80,83" m="50793" machi="61" ten="30,2000,0" yaku="20,1,52,1" doraHai="14,3" who="0" fromWho="1" sc="350,36,220,-26,220,0,200,0" /><INIT seed="2,0,0,1,2,53" ten="386,194,220,200" oya="2" hai0="49,120,96,18,44,8,64,29,26,99,94,107,54" hai1="76,50,52,72,135,93,57,79,35,19,67,17,82" hai2="125,112,86,85,68,24,98,58,73,3,11,46,27" hai3="55,90,37,114,60,105,91,89,134,45,15,103,69"/><V65/><F73/><W30/><G134/><T6/><D120/><U14/><E35/><V78/><F68/><W88/><G30/><T22/><D107/><U111/><E135/><V66/><F112/><W104/><G114/><T12/><D64/><U126/><E111/><V133/><F133/><W10/><G103/><N who="0" m="60823" /><D99/><U48/><E126/><V121/><F125/><W116/><G116/><T59/><D44/><U129/><E129/><V56/><F3/><W101/><G101/><T100/><D100/><U124/><E124/><V9/><F98/><W71/><N who="3" m="22528" /><DORA hai="106" /><W32/><G32/><T77/><D77/><U25/><E93/><V31/><F46/><W20/><G20/><T108/><D108/><U118/><E118/><V7/><F7/><AGARI ba="0,0" hai="6,7,8,12,18,22,26,29,49,54,59" m="60823" machi="7" ten="30,2000,0" yaku="8,1,52,1" doraHai="53,106" who="0" fromWho="2" sc="386,20,194,0,220,-20,200,0" /><INIT seed="3,0,0,2,1,63" ten="406,194,200,200" oya="3" hai0="13,114,15,35,96,79,78,107,60,82,118,14,71" hai1="56,27,135,104,89,106,23,45,99,72,68,38,54" hai2="46,101,134,17,30,43,73,11,127,75,119,128,69" hai3="10,26,113,4,1,129,9,84,48,109,126,92,5"/><W111/><G113/><T61/><D118/><U7/><E72/><V19/><F69/><W83/><G129/><T115/><D35/><U105/><E68/><V12/><F119/><W33/><G126/><T22/><D22/><U16/><E135/><V18/><F134/><W131/><G131/><T95/><D107/><U55/><E7/><V108/><F128/><W47/><G92/><T123/><D123/><U103/><E89/><V57/><F127/><W67/><G67/><N who="0" m="41447" /><D82/><U0/><E0/><V65/><F30/><W125/><G125/><T21/><D61/><U87/><E87/><V66/><F108/><N who="3" m="41547" /><G26/><T52/><D52/><U41/><E54/><V49/><F101/><W64/><G64/><N who="2" m="24681" /><F75/><W50/><G47/><T31/><D31/><U102/><E102/><V120/><F73/><W133/><G33/><T76/><D21/><U40/><E41/><V59/><F120/><W85/><G133/><T122/><D122/><U37/><E38/><V97/><F97/><W39/><G39/><T74/><D74/><U100/><E100/><V32/><F32/><W42/><G42/><T25/><D25/><U88/><E88/><V98/><F98/><W53/><G84/><T110/><D110/><U121/><E121/><V132/><F132/><W2/><G53/><T90/><D115/><U93/><E105/><V81/><F81/><W51/><G85/><T29/><D114/><U62/><AGARI ba="0,0" hai="16,23,27,37,40,45,55,56,62,93,99,103,104,106" machi="62" ten="20,2700,0" yaku="0,1,7,1,54,1" doraHai="63" who="1" fromWho="1" sc="406,-7,194,27,200,-7,200,-13" owari="399,49.9,221,2.1,193,-20.7,187,-31.3" /></mjloggm>