<mjloggm ver="2.3"><GO type="225" lobby="0"/><UN n0="%E3%81%99%E3%81%84%E3%81%BE%E3%81%9B%E3%83%BC%E3%82%93" n1="%E6%81%A5%E6%99%92%E3%81%97" n2="%E6%B4%BE%E9%81%A3%E3%81%AE%E3%82%B8%E3%83%A3%E3%83%83%E3%82%AF" n3="%E6%B7%91%E5%A5%B3%E3%81%AE%E5%97%9C%E3%81%BF" dan="18,16,17,16" rate="2182.75,2204.08,2185.86,2102.01" sx="M,M,M,M"/><TAIKYOKU oya="0"/><INIT seed="0,0,0,4,4,9" ten="250,250,250,250" oya="0" hai0="70,56,121,119,14,99,87,92,108,100,97,18,85" hai1="55,12,105,8,44,22,6,68,65,59,120,115,132" hai2="80,24,90,60,15,61,77,135,4,62,64,89,123" hai3="110,113,39,73,21,19,131,79,46,53,88,1,66"/><T107/><D70/><U122/><E132/><V109/><F109/><W67/><G113/><T13/><D119/><U129/><E105/><V0/><F0/><W42/><G110/><T112/><D112/><U116/><E115/><V30/><F135/><W71/><G1/><T111/><D121/><U69/><E116/><V36/><F36/><W81/><G131/><T47/><D111/><U45/><E129/><V101/><F101/><W125/><G125/><T114/><D114/><U126/><E126/><V75/><F123/><W34/><G34/><T2/><D2/><U3/><E120/><V17/><F4/><W11/><G11/><T134/><D134/><U16/><E122/><V40/><F40/><W5/><G5/><T74/><D74/><U106/><E106/><V35/><REACH who="2" step="1"/><F64/><REACH who="2" ten="250,250,240,250" step="2"/><W84/><G53/><T51/><D108/><U127/><E127/><V93/><F93/><W50/><G39/><T26/><D107/><U102/><E102/><V72/><F72/><W91/><G73/><T41/><D100/><U38/><E38/><V133/><F133/><W57/><G42/><T130/><D130/><U25/><E3/><V58/><F58/><W63/><G57/><T117/><D56/><U98/><E65/><V27/><F27/><W118/><G67/><T20/><D117/><U32/><E45/><V104/><F104/><W83/><G118/><T96/><D92/><U78/><E44/><V94/><F94/><W124/><G124/><T48/><D48/><U29/><E59/><V7/><F7/><W43/><G83/><T95/><D95/><U37/><E37/><RYUUKYOKU ba="0,1" sc="250,10,250,-30,240,10,250,10" hai0="13,14,18,20,26,41,47,51,85,87,96,97,99" hai2="15,17,24,30,35,60,61,62,75,77,80,89,90" hai3="19,21,43,46,50,63,66,71,79,81,84,88,91" /><INIT seed="0,1,1,4,2,89" ten="260,220,250,260" oya="0" hai0="85,14,134,42,90,69,86,0,20,87,102,49,126" hai1="48,31,121,94,124,111,93,127,114,112,113,17,59" hai2="8,3,53,106,81,25,117,11,4,10,46,15,55" hai3="6,133,45,97,34,132,77,104,74,5,128,39,60"/><T84/><D0/><U24/><E111/><V23/><F106/><W44/><G34/><T7/><D69/><U56/><E121/><V28/><F117/><W76/><G128/><T52/><D126/><N who="1" m="48171" /><E17/><V135/><F135/><N who="3" m="51787" /><G60/><T88/><D134/><U125/><N who="1" m="48179" /><U62/><DORA hai="13" /><E48/><N who="2" m="28823" /><F3/><W115/><G115/><T91/><D42/><U78/><E78/><N who="3" m="30314" /><G74/><T109/><D109/><U22/><E59/><V96/><F81/><W57/><G57/><N who="0" m="32911" /><D102/><U72/><E72/><V100/><F55/><AGARI ba="1,1" hai="22,24,31,55,56,62,93,94,112,113,114" m="48179" machi="55" ten="50,8000,1" yaku="11,1,18,1,52,2" doraHai="89,13" who="1" fromWho="2" sc="260,0,220,93,250,-83,260,0" /><INIT seed="1,0,0,1,2,0" ten="260,313,167,260" oya="1" hai0="50,53,77,51,29,58,68,91,25,2,88,69,85" hai1="14,57,45,36,116,6,4,55,78,114,23,33,1" hai2="26,79,135,17,133,120,125,122,127,31,109,60,123" hai3="65,131,61,16,119,111,3,128,28,74,15,47,117"/><U62/><E116/><N who="3" m="44618" /><G74/><T37/><D2/><U70/><E114/><V93/><F79/><W20/><G111/><T18/><D37/><U105/><E33/><N who="2" m="20727" /><F93/><W107/><G107/><T72/><D72/><U66/><E1/><V76/><F76/><W39/><G28/><T106/><D106/><U27/><E14/><V110/><F17/><W49/><G39/><T99/><D18/><N who="1" m="12791" /><E78/><V10/><F10/><W44/><G3/><T113/><D113/><U121/><E121/><V104/><F60/><W108/><G108/><N who="2" m="41577" /><F104/><W9/><G9/><T24/><D77/><U40/><E105/><V19/><F19/><W97/><G97/><T101/><D99/><U5/><E5/><V87/><F87/><W124/><G61/><T102/><D85/><U63/><E63/><V98/><F98/><W134/><G16/><T130/><D29/><U115/><E62/><V103/><F103/><W83/><G83/><T48/><D102/><U32/><E66/><V11/><F11/><W100/><G65/><T81/><D101/><U12/><E6/><V86/><F86/><W84/><G100/><T129/><D81/><U80/><E80/><V54/><F54/><W126/><G84/><T92/><D92/><U112/><E4/><V22/><F22/><W30/><G20/><T34/><D34/><U94/><E32/><V46/><F46/><W67/><G47/><T13/><D13/><U82/><E12/><V35/><F35/><W118/><G15/><T73/><D73/><U96/><E45/><V41/><F41/><W95/><N who="3" m="44626" /><W71/><DORA hai="8" /><G44/><T52/><D50/><RYUUKYOKU ba="0,0" sc="260,15,313,-15,167,15,260,-15" hai0="24,25,48,51,52,53,58,68,69,88,91,129,130" hai2="120,122,123,125,127,133,135" /><INIT seed="2,1,0,0,2,71" ten="275,298,182,245" oya="2" hai0="115,52,122,57,100,88,39,79,81,99,38,63,6" hai1="64,83,120,102,93,22,35,0,73,107,48,10,24" hai2="76,54,68,44,41,103,104,13,36,97,114,61,60" hai3="132,118,128,101,32,87,126,119,108,131,11,9,106"/><V28/><F114/><W105/><G32/><T4/><D122/><U37/><E120/><V62/><F76/><W29/><G29/><T34/><D115/><U55/><E35/><V14/><F68/><W65/><G65/><T92/><D34/><U43/><E64/><V56/><REACH who="2" step="1"/><F28/><REACH who="2" ten="275,298,172,245" step="2"/><W59/><G119/><T30/><D30/><U40/><E73/><V90/><F90/><W125/><G118/><T15/><D88/><U129/><E102/><V31/><F31/><W17/><G101/><T5/><REACH who="0" step="1"/><D15/><AGARI ba="1,1" hai="13,14,15,36,41,44,54,56,60,61,62,97,103,104" machi="15" ten="40,3900,0" yaku="1,1,52,1,53,0" doraHai="71" doraHaiUra="33" who="2" fromWho="0" sc="275,-42,298,0,172,52,245,0" /><INIT seed="2,2,0,0,0,116" ten="233,298,224,245" oya="2" hai0="63,110,72,8,108,6,75,93,104,40,134,41,69" hai1="20,2,102,120,81,55,19,101,91,115,53,56,94" hai2="132,7,32,0,95,84,49,119,98,87,78,36,127" hai3="30,3,99,54,90,70,123,33,28,11,113,131,1"/><V23/><F119/><W125/><G70/><T83/><D104/><U122/><E115/><V35/><F36/><W135/><G113/><T12/><D134/><U106/><E2/><V26/><F132/><W15/><G135/><T5/><D93/><U130/><E130/><V109/><F127/><W37/><G125/><T74/><D83/><U61/><E81/><V21/><F109/><N who="0" m="42090" /><D5/><U18/><E53/><V34/><F78/><W129/><G37/><T39/><D39/><U62/><E62/><V88/><F49/><W46/><G123/><N who="1" m="47146" /><E106/><V112/><F112/><W24/><G54/><T45/><D45/><U31/><E31/><V48/><F48/><W97/><G30/><T76/><D76/><U107/><E107/><V10/><REACH who="2" step="1"/><F26/><REACH who="2" ten="233,298,214,245" step="2"/><W89/><G24/><T60/><D60/><U133/><E133/><V57/><F57/><W13/><G131/><T80/><D63/><U25/><E19/><V85/><AGARI ba="2,1" hai="0,7,10,21,23,32,34,35,84,85,87,88,95,98" machi="85" ten="40,7800,0" yaku="1,1,0,1,54,1,53,0" doraHai="116" doraHaiUra="73" who="2" fromWho="2" sc="233,-28,298,-28,214,94,245,-28" /><INIT seed="2,3,0,5,1,74" ten="205,270,308,217" oya="2" hai0="124,88,67,117,50,70,103,26,80,21,105,52,12" hai1="32,11,85,23,2,129,17,35,7,18,108,72,113" hai2="120,62,58,45,66,22,14,65,9,107,41,28,24" hai3="96,116,59,49,33,125,121,30,60,40,0,25,114"/><V54/><F120/><W75/><G116/><T110/><D117/><U131/><E72/><V77/><F107/><W101/><G121/><T86/><D110/><U133/><E85/><V123/><F123/><W83/><G125/><T36/><D36/><U90/><E90/><V82/><F41/><W68/><G0/><T38/><D38/><U27/><E108/><V64/><F45/><W134/><G134/><T1/><D1/><U61/><E61/><V84/><F66/><W43/><G114/><T118/><D118/><U34/><E113/><V57/><F57/><W13/><G49/><T56/><D124/><U93/><E93/><V4/><AGARI ba="3,0" hai="4,9,14,22,24,28,54,58,62,64,65,77,82,84" machi="4" ten="20,7800,0" yaku="0,1,7,1,8,1,52,1" doraHai="74" who="2" fromWho="2" sc="205,-29,270,-29,308,87,217,-29" /><INIT seed="2,4,0,0,3,114" ten="176,241,395,188" oya="2" hai0="39,75,100,13,0,91,5,68,98,96,23,74,33" hai1="11,112,54,135,103,32,9,31,10,29,50,99,101" hai2="57,84,52,2,127,34,111,71,128,63,1,17,76" hai3="59,56,134,72,120,58,37,113,118,12,105,67,16"/><V110/><F34/><W24/><G120/><T108/><D68/><U73/><E112/><V124/><F128/><W8/><G113/><T65/><D33/><U60/><E135/><V130/><F130/><W88/><G37/><T18/><D39/><U15/><E73/><V115/><F115/><W47/><G134/><T19/><D108/><N who="2" m="41514" /><F71/><W61/><G118/><T46/><D65/><U66/><E15/><V133/><F133/><W20/><G105/><T42/><D91/><U125/><E125/><N who="2" m="48203" /><F17/><W86/><G47/><T117/><D19/><U81/><E81/><AGARI ba="4,0" hai="1,2,52,57,63,76,81,84" m="48203,41514" machi="81" ten="30,11600,0" yaku="14,1,10,1,18,1,54,1" doraHai="114" who="2" fromWho="1" sc="176,0,241,-128,395,128,188,0" /><INIT seed="2,5,0,0,3,24" ten="176,113,523,188" oya="2" hai0="118,71,73,128,74,5,51,17,78,119,49,92,39" hai1="77,44,55,121,108,0,95,110,126,60,22,114,63" hai2="45,69,100,10,3,67,8,134,87,31,23,58,47" hai3="135,98,28,120,14,83,113,122,96,131,37,75,117"/><V25/><F69/><W11/><G117/><N who="0" m="44555" /><D39/><U115/><E0/><V62/><F134/><W50/><G37/><T89/><D128/><U97/><E77/><V102/><F87/><W85/><G75/><N who="0" m="28683" /><D78/><U93/><E126/><V91/><F91/><W129/><G135/><T79/><D79/><U35/><E35/><V82/><F82/><W56/><G113/><T18/><D5/><U48/><E22/><V116/><F116/><W54/><G28/><T40/><D71/><U103/><E121/><V12/><F3/><W70/><G70/><T125/><D125/><U124/><E124/><V88/><F88/><N who="3" m="51263" /><G122/><T132/><D132/><U42/><E93/><V80/><F80/><W133/><G120/><T101/><D101/><N who="2" m="39018" /><F8/><W61/><G133/><T90/><D90/><U105/><E105/><V13/><F12/><W104/><G104/><T2/><D2/><U21/><E21/><V72/><F72/><W99/><G131/><T30/><D89/><U107/><E107/><V9/><F9/><W4/><G129/><T57/><D92/><U112/><REACH who="1" step="1"/><E42/><REACH who="1" ten="176,103,523,188" step="2"/><V33/><F33/><W46/><G99/><T65/><D40/><AGARI ba="5,1" hai="4,11,14,40,46,50,54,56,61,96,98" m="51263" machi="40" ten="30,2000,0" yaku="8,1,54,1" doraHai="24" who="3" fromWho="0" sc="176,-35,103,0,523,0,188,45" /><INIT seed="3,0,0,4,0,17" ten="141,103,523,233" oya="3" hai0="135,25,92,53,35,87,131,63,54,8,2,113,33" hai1="71,7,22,55,109,125,73,102,40,100,76,68,134" hai2="32,65,124,9,12,106,64,1,43,6,84,88,72" hai3="79,57,52,86,67,5,59,14,11,85,105,44,129"/><W89/><G129/><T110/><D131/><U128/><E128/><V118/><F106/><W108/><G105/><T101/><D110/><U23/><E109/><V50/><F118/><W34/><G34/><T19/><D135/><U127/><E134/><V49/><F32/><W39/><G108/><T120/><D120/><U123/><E123/><V21/><F72/><W77/><G67/><T93/><D113/><U31/><E40/><V42/><F124/><N who="1" m="47689" /><E7/><V91/><F1/><W114/><G114/><T95/><D2/><U115/><E115/><V107/><F107/><W29/><G59/><N who="0" m="35311" /><D35/><U112/><E112/><V62/><F21/><N who="1" m="7689" /><E31/><V13/><F13/><W60/><G29/><T16/><D33/><U119/><E119/><V38/><F38/><W48/><G39/><T66/><D66/><U74/><E55/><V61/><F64/><W98/><G98/><N who="0" m="59591" /><D54/><U30/><E30/><V97/><F97/><W75/><G52/><T37/><D37/><U27/><E27/><V45/><F65/><W4/><G5/><T28/><D28/><U70/><E73/><V36/><F36/><W94/><G75/><T111/><D111/><U81/><AGARI ba="0,0" hai="68,70,71,74,76,81,100,102" m="7689,47689" machi="81" ten="40,8000,1" yaku="18,1,52,3" doraHai="17" who="1" fromWho="1" sc="141,-20,103,80,523,-20,233,-40" owari="121,-37.9,183,-21.7,503,60.3,193,-0.7" /></mjloggm>