<mjloggm ver="2.3"><GO type="225" lobby="0"/><UN n0="%E3%81%86%E3%82%8D%E3%81%9F%E3%82%93%E3%81%91%E3%81%8A%E3%82%89%E3%81%B2" n1="%4C%4F%4C%49%54%41" n2="%E9%A6%AC%E5%BC%95%E7%81%AB%33" n3="%4C%C3%97%57%C3%97%4C" dan="16,16,16,17" rate="2117.77,2098.50,2066.65,2173.71" sx="M,F,M,M"/><TAIKYOKU oya="0"/><INIT seed="0,0,0,3,3,50" ten="250,250,250,250" oya="0" hai0="49,20,44,9,107,43,90,91,21,5,68,55,100" hai1="134,83,11,15,13,74,130,24,6,47,128,35,33" hai2="59,31,119,123,38,86,108,42,95,58,48,113,88" hai3="85,77,93,102,26,51,39,87,67,70,36,112,3"/><T17/><D68/><U61/><E74/><V116/><F123/><W110/><G3/><T126/><D126/><U82/><E134/><V12/><F113/><W27/><G112/><T28/><D107/><U76/><E47/><V66/><F108/><W132/><G110/><T14/><D100/><U30/><E61/><V105/><F105/><W63/><G132/><T96/><D96/><U7/><E76/><V117/><F38/><W41/><G39/><T98/><D98/><U109/><E109/><V80/><F31/><W124/><G124/><T23/><D28/><U62/><E62/><V65/><F42/><W54/><G102/><T45/><REACH who="0" step="1"/><D5/><REACH who="0" ten="240,250,250,250" step="2"/><U131/><E35/><V129/><F119/><W10/><G70/><T73/><D73/><U114/><REACH who="1" step="1"/><E114/><REACH who="1" ten="240,240,250,250" step="2"/><V8/><F117/><W75/><G75/><T19/><D19/><U106/><E106/><V120/><F116/><W125/><G125/><T40/><D40/><U0/><E0/><V81/><F120/><W118/><G41/><T89/><D89/><U99/><E99/><V101/><F88/><W71/><G118/><T64/><D64/><U94/><E94/><V32/><F95/><W60/><G93/><T127/><D127/><U104/><E104/><V37/><F66/><W135/><G77/><T53/><D53/><U46/><E46/><V25/><F65/><N who="3" m="41383" /><G54/><T78/><D78/><U22/><E22/><V29/><F101/><W18/><G67/><T57/><D57/><U16/><E16/><N who="2" m="8199" /><F59/><W4/><G18/><T133/><D133/><U34/><E34/><V122/><F58/><W92/><G135/><RYUUKYOKU ba="0,2" sc="240,15,240,15,250,-15,250,-15" hai0="9,14,17,20,21,23,43,44,45,49,55,90,91" hai1="6,7,11,13,15,24,30,33,82,83,128,130,131" /><INIT seed="0,1,2,3,0,90" ten="255,255,235,235" oya="0" hai0="68,118,124,92,4,46,133,76,30,71,88,37,87" hai1="135,121,66,34,67,63,78,122,84,29,69,36,73" hai2="44,5,134,43,15,38,0,19,7,23,25,1,64" hai3="117,115,42,57,62,82,31,60,70,100,53,17,52"/><T129/><D118/><U103/><E67/><V61/><F134/><W110/><G117/><T126/><D133/><U77/><E135/><V49/><F38/><W22/><G115/><T8/><D129/><U51/><E84/><V26/><F26/><W16/><G110/><T27/><D76/><U33/><E78/><V74/><F74/><W45/><G100/><T116/><D116/><U93/><E36/><V3/><REACH who="2" step="1"/><F15/><REACH who="2" ten="255,255,225,235" step="2"/><W104/><G31/><T59/><D37/><U86/><E73/><V72/><F72/><W6/><G6/><T11/><D4/><U108/><E29/><V47/><F47/><W97/><G17/><T80/><D46/><U99/><E108/><V2/><N who="2" m="0" /><DORA hai="13" /><V39/><F39/><W127/><G16/><T10/><D59/><AGARI ba="1,3" hai="5,7,19,23,25,43,44,49,59,61,64" m="0" machi="59" ten="70,12000,2" yaku="1,1,52,1,53,4" doraHai="90,13" doraHaiUra="35,106" who="2" fromWho="0" sc="255,-123,255,0,225,153,235,0" /><INIT seed="1,0,0,4,1,77" ten="132,255,378,235" oya="1" hai0="93,78,111,88,63,95,122,50,31,119,1,17,83" hai1="91,42,13,45,49,80,116,73,121,68,65,33,128" hai2="81,29,72,36,129,99,105,125,126,117,96,4,71" hai3="85,110,66,39,23,124,82,6,67,14,8,106,32"/><U43/><E116/><V107/><F117/><W102/><G32/><T114/><D114/><U44/><E121/><V59/><F71/><W7/><G110/><T28/><D119/><U123/><E123/><V130/><F36/><W75/><G75/><T113/><D113/><U103/><E33/><V61/><F4/><W64/><G39/><T109/><D122/><U76/><E128/><N who="2" m="49259" /><F29/><W74/><G74/><T118/><D1/><U56/><E103/><V46/><F46/><W15/><G124/><N who="2" m="47721" /><F81/><W26/><G102/><T79/><D118/><U20/><E68/><V86/><F86/><W3/><G106/><N who="2" m="40457" /><F72/><W57/><G57/><T94/><D17/><U41/><E56/><V52/><AGARI ba="0,0" hai="52,59,61,96,99" m="40457,47721,49259" machi="52" ten="40,5200,0" yaku="19,1,18,1,54,1" doraHai="77" who="2" fromWho="2" sc="132,-13,255,-26,378,52,235,-13" /><INIT seed="2,0,0,3,0,76" ten="119,229,430,222" oya="2" hai0="129,134,40,119,128,87,63,10,64,1,35,2,55" hai1="48,44,123,9,66,69,100,14,39,67,32,27,81" hai2="5,109,113,57,30,50,88,117,38,107,18,41,125" hai3="75,127,34,121,132,12,96,112,130,3,61,31,104"/><V13/><F113/><W79/><RYUUKYOKU type="yao9" ba="0,0" sc="119,0,229,0,430,0,222,0" hai3="3,12,31,34,61,75,79,96,104,112,121,127,130,132" /><INIT seed="2,1,0,0,2,113" ten="119,229,430,222" oya="2" hai0="114,27,95,65,23,133,129,66,16,132,26,5,63" hai1="100,6,30,36,72,83,21,117,0,126,131,96,58" hai2="28,47,70,134,64,73,91,34,60,123,90,78,4" hai3="119,76,48,7,94,124,13,45,106,8,49,68,40"/><V98/><F123/><W130/><G106/><T86/><D114/><U121/><E117/><V88/><F134/><N who="0" m="51818" /><D129/><U74/><E36/><V112/><F112/><W31/><G119/><T41/><D41/><U102/><E102/><V93/><F4/><W42/><G130/><T105/><D105/><U107/><E131/><V75/><F34/><W53/><G68/><T10/><D27/><U127/><E121/><V80/><F28/><W3/><G124/><N who="1" m="47658" /><E83/><V55/><F73/><W125/><G125/><T116/><D63/><U89/><E89/><V35/><F35/><W108/><G31/><T14/><D116/><U111/><E58/><V85/><F75/><W2/><G42/><T71/><D71/><U46/><E46/><V43/><REACH who="2" step="1"/><F55/><REACH who="2" ten="119,229,420,222" step="2"/><W92/><G53/><T32/><D32/><U77/><E74/><V69/><F69/><W52/><G52/><T99/><D86/><U109/><E72/><V128/><F128/><W19/><G7/><T61/><D61/><U11/><E6/><V18/><F18/><W84/><G84/><T67/><D66/><U103/><E30/><V9/><F9/><W57/><G8/><T79/><D79/><U62/><E11/><V38/><AGARI ba="1,1" hai="38,43,47,60,64,70,78,80,85,88,90,91,93,98" machi="38" ten="20,7800,0" yaku="1,1,0,1,7,1,54,1,53,0" doraHai="113" doraHaiUra="122" who="2" fromWho="2" sc="119,-27,229,-27,420,91,222,-27" /><INIT seed="2,2,0,4,4,74" ten="92,202,511,195" oya="2" hai0="130,3,78,58,102,132,35,6,34,27,117,10,127" hai1="129,81,41,135,125,84,79,75,60,134,108,113,71" hai2="20,13,85,18,63,83,1,69,119,80,94,89,53" hai3="99,25,120,39,111,24,100,62,87,9,107,42,51"/><V93/><F119/><W17/><G120/><T82/><D127/><U11/><E113/><V122/><F122/><W126/><G126/><T30/><D130/><U8/><E125/><V32/><F1/><W36/><G111/><T16/><D132/><N who="1" m="50731" /><E108/><V26/><F32/><W95/><G62/><T112/><D112/><U110/><E110/><V57/><F69/><W90/><G51/><T101/><D117/><U45/><E84/><V23/><REACH who="2" step="1"/><F83/><REACH who="2" ten="92,202,501,195" step="2"/><W44/><G36/><T61/><D35/><U14/><E129/><V46/><F46/><W55/><G44/><T121/><D121/><U47/><E47/><V64/><F64/><W15/><G39/><T124/><D124/><U5/><E71/><V72/><F72/><W116/><G116/><T106/><D106/><U76/><E75/><V0/><F0/><W22/><G107/><T38/><D38/><U86/><E81/><V49/><F49/><W59/><G95/><T29/><D58/><U114/><E45/><V128/><F128/><W19/><G59/><T88/><D61/><U123/><E60/><V12/><F12/><W103/><G15/><T54/><D54/><U37/><E14/><V65/><F65/><W131/><G55/><T70/><D70/><U28/><E123/><V67/><F67/><W105/><G131/><T56/><D56/><U96/><E37/><V40/><F40/><W52/><G42/><T98/><D34/><U115/><E115/><V7/><F7/><W104/><G52/><T97/><D6/><U66/><E114/><V21/><F21/><W68/><G68/><T43/><D43/><RYUUKYOKU ba="2,1" sc="92,-10,202,-10,501,30,195,-10" hai2="13,18,20,23,26,53,57,63,80,85,89,93,94" /><INIT seed="2,3,1,0,3,131" ten="82,192,531,185" oya="2" hai0="124,22,62,104,16,103,95,57,53,54,97,119,69" hai1="126,18,11,92,75,13,65,87,58,82,24,135,113" hai2="71,15,81,44,85,30,100,90,73,98,56,36,114" hai3="120,27,35,130,48,31,115,129,10,88,66,74,127"/><V63/><F114/><W61/><G120/><T111/><D111/><U105/><E105/><V2/><F2/><W38/><G38/><T28/><D124/><U0/><E113/><V21/><F71/><W55/><G115/><T78/><D69/><U123/><E135/><V7/><F73/><W6/><G74/><T3/><D3/><U60/><E126/><V116/><F116/><W19/><G19/><T52/><D119/><U45/><E123/><V108/><F108/><W5/><G127/><T47/><D78/><U101/><E75/><V91/><F91/><W106/><G106/><T67/><D28/><U112/><E0/><V40/><F30/><W41/><G41/><T109/><D109/><U20/><E45/><V133/><F133/><W37/><G37/><T76/><D76/><N who="1" m="46535" /><E112/><V25/><F25/><W50/><G88/><T117/><D117/><U96/><E24/><V102/><F98/><W118/><G118/><T64/><D64/><U134/><E134/><V79/><F79/><W34/><G34/><T86/><D86/><U12/><E12/><V107/><F107/><W51/><G66/><T70/><D47/><U122/><E122/><V8/><F21/><AGARI ba="3,1" hai="11,13,18,20,21,58,60,65,92,96,101" m="46535" machi="21" ten="30,1000,0" yaku="8,1" doraHai="131" who="1" fromWho="2" sc="82,0,192,29,531,-19,185,0" /><INIT seed="3,0,0,2,2,95" ten="82,221,512,185" oya="3" hai0="109,39,44,107,67,20,101,134,115,131,127,128,14" hai1="52,41,15,16,135,57,9,45,13,12,7,38,133" hai2="90,104,118,82,25,2,120,76,58,100,10,93,23" hai3="102,59,11,17,99,29,36,94,30,112,18,56,34"/><W108/><G112/><T47/><D20/><U0/><REACH who="1" step="1"/><E16/><REACH who="1" ten="82,211,512,185" step="2"/><N who="3" m="6250" /><G36/><T6/><D115/><U19/><E19/><V80/><F118/><W63/><G34/><T60/><D6/><U91/><E91/><V83/><F120/><W72/><G72/><T71/><D14/><U103/><E103/><V27/><F23/><W96/><G108/><T66/><D109/><U74/><E74/><N who="2" m="43031" /><F25/><W50/><G11/><T21/><D21/><U110/><E110/><V126/><F126/><W86/><G102/><T51/><D127/><U62/><AGARI ba="0,1" hai="0,7,9,12,13,15,38,41,45,52,57,62,133,135" machi="62" ten="30,7900,0" yaku="21,2,0,1,54,1,53,0" doraHai="95" doraHaiUra="125" who="1" fromWho="1" sc="82,-20,211,89,512,-20,185,-39" owari="62,-43.8,300,10.0,492,59.2,146,-25.4" /></mjloggm>