<mjloggm ver="2.3"><GO type="225" lobby="0"/><UN n0="%E3%81%A4%E3%81%AE%E3%81%A0%E2%98%86%E3%81%B2%E3%82%8D" n1="%E3%83%B4%E3%82%A3%E3%83%AF%E3%82%B3%E3%82%B0%E3%83%8B" n2="%E3%82%B2%E3%82%B9%E8%8C%82%E5%8B%9D" n3="%E3%83%81%E3%83%A7%E3%83%99%E3%83%83%E3%82%AF" dan="16,17,16,16" rate="2167.95,2221.95,2142.01,2128.91" sx="M,M,F,M"/><TAIKYOKU oya="0"/><INIT seed="0,0,0,2,2,91" ten="250,250,250,250" oya="0" hai0="21,75,84,43,24,56,93,53,103,81,50,3,118" hai1="52,106,72,12,23,2,82,109,134,125,98,8,120" hai2="97,123,51,18,135,34,77,28,76,74,46,121,95" hai3="14,49,71,113,10,73,59,130,101,68,67,94,131"/><T114/><D114/><U65/><E109/><V40/><F135/><W108/><G73/><T122/><D122/><U90/><E120/><V96/><F121/><W29/><G29/><T57/><D3/><U117/><E65/><V70/><F70/><W33/><G33/><T66/><D75/><U80/><E117/><V42/><F123/><W38/><G38/><T69/><D43/><U36/><E36/><V1/><F1/><W88/><G101/><T132/><D118/><U61/><E2/><V79/><F74/><W92/><G113/><T15/><D15/><U87/><E125/><V7/><F7/><W124/><G108/><T112/><D112/><U9/><E106/><V4/><F4/><W89/><G124/><T99/><D69/><U26/><E12/><V22/><F40/><W39/><G39/><T64/><D57/><N who="1" m="34983" /><E72/><V110/><F110/><W44/><G59/><T133/><D132/><U111/><E111/><V104/><F104/><W48/><G67/><T129/><D129/><N who="3" m="49161" /><G68/><T55/><D55/><U13/><E13/><N who="2" m="9551" /><F34/><W116/><G71/><T128/><D133/><U0/><E0/><V30/><F97/><N who="3" m="57487" /><G44/><T85/><D128/><U32/><E32/><V86/><F86/><N who="3" m="52503" /><G116/><T25/><D85/><N who="1" m="50471" /><E98/><V78/><N who="2" m="19456" /><DORA hai="126" /><V102/><AGARI ba="0,0" hai="28,30,42,46,51,95,96,102" m="19456,9551" machi="102" ten="40,5200,0" yaku="4,1,8,1,52,1" doraHai="91,126" who="2" fromWho="2" sc="250,-26,250,-13,250,52,250,-13" /><INIT seed="1,0,0,2,3,7" ten="224,237,302,237" oya="1" hai0="102,86,104,134,133,93,29,62,132,135,96,84,38" hai1="52,95,53,67,112,113,74,47,131,30,94,39,12" hai2="44,19,34,119,115,35,71,36,82,88,33,111,24" hai3="70,75,22,8,32,2,25,18,55,42,27,108,4"/><U13/><E74/><V26/><F71/><W109/><G70/><T92/><N who="0" m="33792" /><DORA hai="91" /><T40/><D29/><U106/><E106/><V68/><F68/><W1/><G42/><T37/><D62/><U20/><E39/><N who="0" m="14857" /><D40/><U23/><E30/><V6/><F119/><W31/><G75/><T126/><D126/><U120/><E47/><V105/><F105/><W73/><G55/><T3/><D3/><N who="3" m="1033" /><G73/><T76/><D86/><U80/><E80/><AGARI ba="0,0" hai="76,80,84,92,93,96,102,104" m="14857,33792" machi="80" ten="60,7700,0" yaku="20,1,52,2" doraHai="7,91" who="0" fromWho="1" sc="224,77,237,-77,302,0,237,0" /><INIT seed="2,0,0,1,2,90" ten="301,160,302,237" oya="2" hai0="11,16,76,34,5,129,72,118,25,29,45,115,125" hai1="133,28,30,127,63,101,13,48,64,1,38,50,27" hai2="52,68,40,87,116,70,6,96,69,121,102,130,134" hai3="32,126,113,83,21,88,122,80,92,53,20,108,26"/><V43/><F116/><W62/><G122/><T10/><D115/><U106/><E28/><V23/><F121/><W95/><G108/><T12/><D118/><U39/><E127/><V82/><F130/><W14/><G32/><T120/><D120/><U35/><E133/><V37/><F37/><W18/><G126/><T131/><D125/><U114/><E114/><V22/><F6/><W93/><G113/><T58/><D45/><U100/><E100/><V110/><F110/><W44/><G88/><T36/><D36/><U54/><E13/><V112/><F112/><W65/><G53/><T107/><D107/><U128/><E48/><V33/><F33/><W85/><G85/><T94/><D58/><U105/><E105/><V15/><F87/><W79/><G44/><T81/><D94/><U89/><E89/><V49/><F82/><W109/><G79/><T123/><REACH who="0" step="1"/><D123/><REACH who="0" ten="291,160,302,237" step="2"/><U57/><E128/><V4/><F134/><W67/><G109/><T46/><D46/><U59/><REACH who="1" step="1"/><E1/><AGARI ba="0,1" hai="1,5,10,11,12,16,25,29,34,72,76,81,129,131" machi="1" ten="40,2600,0" yaku="1,1,54,1,53,0" doraHai="90" doraHaiUra="61" who="0" fromWho="1" sc="291,36,160,-26,302,0,237,0" /><INIT seed="3,0,0,4,2,6" ten="327,134,302,237" oya="3" hai0="119,12,42,128,47,69,73,102,86,9,71,88,53" hai1="61,67,91,20,63,19,48,131,32,94,10,95,29" hai2="75,27,16,65,113,108,120,105,78,13,123,64,101" hai3="132,1,39,85,98,17,111,97,84,81,54,18,34"/><W72/><G39/><T44/><D73/><U58/><E131/><V116/><F113/><W100/><G34/><T36/><D119/><U74/><E74/><V25/><F116/><W5/><G132/><T57/><D47/><U60/><E32/><V66/><F108/><W129/><G129/><T22/><D22/><U33/><E33/><V11/><F101/><W56/><G72/><T92/><D102/><U79/><E79/><V99/><F99/><W15/><G1/><T118/><D118/><U89/><E29/><V134/><F105/><W135/><G135/><T90/><D90/><U133/><E133/><V110/><F110/><W77/><G85/><T104/><D104/><U130/><E130/><V26/><REACH who="2" step="1"/><F134/><REACH who="2" ten="327,134,292,237" step="2"/><W70/><G111/><T80/><D128/><U14/><E20/><V37/><F37/><W76/><G70/><T40/><D92/><U126/><E126/><V41/><F41/><W109/><G76/><T127/><D42/><U122/><E122/><V43/><F43/><W4/><G98/><T106/><D106/><U30/><E30/><V23/><F23/><W124/><G124/><T7/><D127/><U31/><E48/><AGARI ba="0,1" hai="7,9,12,36,40,44,48,53,57,69,71,80,86,88" machi="48" ten="30,3900,0" yaku="7,1,52,1,54,1" doraHai="6" who="0" fromWho="1" sc="327,49,134,-39,292,0,237,0" owari="376,47.6,95,-40.5,292,9.2,237,-16.3" /></mjloggm>