<mjloggm ver="2.3"><GO type="225" lobby="0"/><UN n0="%E3%83%A9%E3%83%BC%E3%83%A1%E3%83%B3%E4%BA%94%E9%83%8E" n1="%E9%BB%99%E8%81%B4%E3%81%AE%E3%81%99%E3%82%9D%E3%82%81" n2="%33%74%72%65%65" n3="%E6%A1%9C%E8%8A%B1%E9%96%83%E3%80%85" dan="16,16,17,16" rate="2140.40,2112.04,2172.54,2142.37" sx="M,M,F,M"/><TAIKYOKU oya="0"/><INIT seed="0,0,0,2,0,42" ten="250,250,250,250" oya="0" hai0="85,32,126,64,133,3,122,10,76,74,102,78,111" hai1="113,8,35,81,83,79,47,71,99,69,29,48,106" hai2="65,4,22,129,38,112,14,16,104,86,87,67,125" hai3="63,18,70,121,19,123,27,109,49,50,91,56,39"/><T107/><D122/><N who="3" m="46601" /><G109/><T108/><D32/><U21/><E35/><V9/><F112/><W68/><G91/><T72/><D64/><N who="2" m="24650" /><F129/><W96/><G96/><N who="0" m="61895" /><D10/><U53/><E113/><V57/><F104/><W135/><G27/><T24/><D24/><U66/><E66/><V34/><F38/><W60/><G135/><T84/><D3/><U26/><E8/><V128/><F128/><W43/><G18/><T31/><D31/><U15/><E15/><N who="2" m="9503" /><F34/><W61/><G19/><T98/><D133/><U101/><REACH who="1" step="1"/><E83/><REACH who="1" ten="250,240,250,250" step="2"/><V131/><F131/><W105/><G105/><T120/><D120/><U80/><E80/><V82/><F82/><W45/><G56/><T62/><D108/><U103/><E103/><V44/><F57/><W40/><G40/><T90/><D111/><U6/><E6/><V51/><F125/><W88/><G88/><T116/><D126/><U95/><E95/><V92/><F92/><W23/><G23/><T46/><D46/><U114/><E114/><V25/><F25/><W58/><G58/><T89/><D89/><U130/><E130/><V1/><F1/><W110/><G110/><T77/><D116/><U37/><E37/><V7/><F7/><W134/><G134/><T0/><D0/><U54/><E54/><AGARI ba="0,1" hai="4,9,14,44,51,54,86,87" m="9503,24650" machi="54" ten="30,3900,0" yaku="8,1,52,1,54,1" doraHai="42" who="2" fromWho="1" sc="250,0,240,-39,250,49,250,0" /><INIT seed="1,0,0,0,3,82" ten="250,201,299,250" oya="1" hai0="78,132,14,130,116,53,134,19,24,112,21,90,16" hai1="23,17,45,11,99,85,109,4,67,27,115,120,46" hai2="80,100,3,93,49,131,91,51,122,81,41,18,7" hai3="22,106,32,89,87,61,75,5,26,125,121,57,54"/><U105/><E115/><V56/><F122/><W43/><G121/><T104/><D112/><U59/><E120/><V36/><F131/><W55/><G75/><T114/><D114/><U110/><E67/><V34/><F34/><W92/><G125/><T71/><D104/><U113/><E59/><V119/><F119/><W29/><G106/><T117/><D71/><U135/><E135/><N who="0" m="51753" /><D78/><U1/><E113/><V97/><F36/><W28/><G43/><T58/><D90/><U102/><REACH who="1" step="1"/><E85/><REACH who="1" ten="250,191,299,250" step="2"/><V103/><F56/><W124/><G124/><T60/><D130/><U50/><E50/><V47/><F51/><W64/><G5/><T52/><D53/><N who="3" m="19977" /><G32/><T84/><D84/><U65/><E65/><V68/><F49/><W30/><AGARI ba="0,1" hai="22,26,28,29,30,57,61,64,87,89,92" m="19977" machi="30" ten="30,2000,0" yaku="8,1,52,1" doraHai="82" who="3" fromWho="3" sc="250,-5,191,-10,299,-5,250,30" /><INIT seed="2,0,0,2,2,13" ten="245,181,294,280" oya="2" hai0="131,132,99,22,120,64,73,53,70,48,88,117,92" hai1="84,109,5,12,18,107,82,16,62,76,75,25,124" hai2="90,37,30,27,134,94,122,21,9,135,108,40,26" hai3="110,102,81,39,3,6,95,51,116,127,113,15,71"/><V128/><F122/><W100/><G39/><T129/><D120/><U24/><E107/><V85/><F128/><N who="0" m="49226" /><D73/><U130/><E130/><V57/><F108/><W44/><G116/><T32/><D32/><U96/><E109/><V59/><F9/><W17/><G110/><T114/><D114/><U133/><E124/><V79/><F79/><W125/><G71/><T106/><D106/><U8/><E133/><N who="2" m="50699" /><F27/><N who="1" m="10313" /><E75/><V0/><F0/><W126/><G113/><T105/><D105/><U31/><E31/><V63/><F63/><W66/><G3/><T91/><D117/><U115/><E115/><V52/><F52/><N who="3" m="29799" /><G66/><T121/><D121/><U10/><E10/><V50/><F37/><W4/><G81/><T78/><D132/><U72/><E72/><V67/><F67/><W42/><G42/><T56/><D78/><U87/><E96/><V119/><F119/><W112/><G112/><T104/><D104/><U69/><E69/><V86/><F86/><W60/><G60/><N who="0" m="40199" /><D22/><U45/><E62/><V74/><F74/><W54/><G54/><T1/><D1/><U89/><E45/><AGARI ba="0,0" hai="21,26,30,40,45,50,57,59,85,90,94" m="50699" machi="45" ten="30,1500,0" yaku="20,1" doraHai="13" who="2" fromWho="1" sc="245,0,181,-15,294,15,280,0" /><INIT seed="2,1,0,5,5,121" ten="245,166,309,280" oya="2" hai0="98,119,123,108,113,21,87,51,17,9,53,90,111" hai1="20,69,2,66,48,134,83,117,101,131,31,10,86" hai2="95,12,124,88,36,93,35,45,40,1,63,62,110" hai3="34,27,107,46,14,78,103,91,68,104,80,74,129"/><V67/><F1/><W49/><G68/><T77/><D123/><U22/><E117/><V133/><F133/><W73/><G129/><T128/><D113/><U38/><E38/><V58/><F124/><W105/><G14/><T89/><D128/><U0/><E134/><V37/><F37/><W61/><G91/><T33/><D33/><U97/><E131/><V8/><F35/><W79/><G61/><T16/><D9/><U44/><E69/><V13/><F93/><W85/><G103/><T47/><D119/><U125/><E66/><V55/><F8/><W81/><G85/><T39/><D39/><U132/><E125/><V109/><F13/><W7/><G7/><T135/><D135/><U64/><E64/><V26/><F26/><W54/><G105/><T19/><D21/><U15/><E31/><AGARI ba="1,0" hai="27,31,34,46,49,54,73,74,78,79,80,81,104,107" machi="31" ten="40,1300,0" yaku="9,1" doraHai="121" who="3" fromWho="1" sc="245,0,166,-16,309,0,280,16" /><INIT seed="3,0,0,1,1,20" ten="245,150,309,296" oya="3" hai0="131,6,78,47,92,122,36,96,18,105,89,31,58" hai1="130,2,109,17,56,50,126,67,106,84,57,80,40" hai2="72,61,15,55,16,127,73,75,112,35,66,81,111" hai3="93,29,113,114,26,13,60,39,116,74,43,49,76"/><W25/><G116/><T23/><D122/><U0/><E106/><V115/><F35/><N who="3" m="20911" /><G49/><T42/><D131/><U59/><E109/><V53/><F111/><W117/><G13/><T11/><D105/><U62/><E130/><V79/><F127/><W46/><G117/><T24/><D78/><U45/><E126/><V103/><F103/><W3/><G93/><T119/><D119/><U97/><E0/><V44/><F115/><N who="3" m="44043" /><G26/><T28/><REACH who="0" step="1"/><D58/><REACH who="0" ten="235,150,309,296" step="2"/><U10/><E97/><V95/><F112/><W134/><G60/><T91/><D91/><U99/><E99/><V5/><F61/><W70/><G70/><T65/><D65/><U125/><E125/><V48/><F66/><W104/><G104/><T27/><D27/><U68/><E68/><V8/><F79/><W124/><G124/><T120/><D120/><U32/><E32/><V135/><F73/><W118/><G118/><T63/><D63/><U69/><E69/><V37/><F75/><W9/><G134/><T86/><D86/><U128/><E128/><V88/><F135/><W12/><G76/><T108/><D108/><U94/><E94/><V77/><F95/><W82/><G74/><T85/><D85/><U1/><E1/><AGARI ba="0,1" hai="1,6,11,18,23,24,28,31,36,42,47,89,92,96" machi="1" ten="30,7700,0" yaku="1,1,7,1,52,1,53,1" doraHai="20" doraHaiUra="34" who="0" fromWho="1" sc="235,87,150,-77,309,0,296,0" owari="322,42.2,73,-42.7,309,10.9,296,-10.4" /></mjloggm>