<mjloggm ver="2.3"><GO type="225" lobby="0"/><UN n0="%73%69%67%65%6E%6F%72%69" n1="%E3%81%BF%E3%81%BF%E3%81%9A" n2="%E3%83%96%E3%83%83%E3%83%91%E3%82%AA%E3%83%96%E3%83%81%E3%82%AD%E3%83%B3" n3="%E6%9C%88%E5%B3%B6%E5%9F%BA" dan="18,17,16,16" rate="2249.46,2180.82,2142.33,2128.49" sx="M,M,M,M"/><TAIKYOKU oya="0"/><INIT seed="0,0,0,2,0,127" ten="250,250,250,250" oya="0" hai0="56,125,86,53,89,48,91,18,124,130,19,47,62" hai1="11,116,110,94,98,100,16,93,113,64,57,103,109" hai2="74,39,21,84,49,118,1,115,2,95,36,30,5" hai3="68,106,76,34,12,80,128,123,90,55,13,24,120"/><T22/><D19/><U104/><E116/><V28/><F115/><W75/><G106/><T25/><D130/><U73/><E73/><V66/><F74/><W92/><G68/><T107/><D107/><U14/><E113/><V31/><F118/><W97/><G128/><T7/><D7/><U8/><E8/><V99/><F66/><W131/><G131/><T122/><D122/><N who="3" m="46633" /><G55/><T4/><D4/><U70/><E70/><V0/><F5/><W102/><G102/><T71/><D71/><U29/><E29/><AGARI ba="0,0" hai="12,13,24,29,34,75,76,80,90,92,97" m="46633" machi="29" ten="30,1000,0" yaku="13,1" doraHai="127" who="3" fromWho="1" sc="250,0,250,-10,250,0,250,10" /><INIT seed="1,0,0,0,4,47" ten="250,240,250,260" oya="1" hai0="8,2,23,85,109,61,114,67,107,33,39,51,20" hai1="63,66,123,40,49,119,134,104,48,31,93,7,106" hai2="38,28,83,13,43,56,54,92,80,1,125,130,105" hai3="17,115,84,121,89,53,55,87,86,68,129,45,21"/><U34/><E119/><V4/><F105/><W73/><G121/><T16/><D39/><U18/><E123/><V64/><F130/><W71/><G115/><T27/><D114/><U82/><E7/><V100/><F64/><W112/><G112/><T77/><D107/><U72/><E134/><V14/><F1/><W120/><G73/><T0/><D109/><U128/><E128/><V124/><F28/><W126/><G120/><T3/><D33/><U11/><E93/><V75/><F43/><W111/><G111/><T81/><D20/><U117/><E117/><V110/><F38/><W35/><G35/><T10/><REACH who="0" step="1"/><D51/><REACH who="0" ten="240,240,250,260" step="2"/><U44/><E106/><V118/><F110/><W103/><G129/><T90/><D90/><U32/><E104/><V19/><F118/><W36/><G89/><T91/><D91/><U135/><E135/><V41/><F125/><W58/><G126/><T74/><D74/><U94/><E34/><V22/><F75/><W113/><G113/><T5/><D5/><U70/><E32/><V50/><F124/><W132/><G36/><T65/><D65/><U24/><E49/><V88/><F100/><W122/><G103/><T108/><D108/><U99/><E31/><V101/><F101/><W96/><G132/><T30/><D30/><U59/><E72/><V9/><F41/><W127/><G122/><T25/><D25/><U79/><E24/><V78/><REACH who="2" step="1"/><F78/><REACH who="2" ten="240,240,240,260" step="2"/><W42/><G42/><T15/><D15/><N who="1" m="7551" /><E79/><V57/><F57/><AGARI ba="0,2" hai="0,2,3,8,10,16,23,27,57,61,67,77,81,85" machi="57" ten="40,8000,1" yaku="1,1,54,1,53,2" doraHai="47" doraHaiUra="6" who="0" fromWho="2" sc="240,100,240,0,240,-80,260,0" /><INIT seed="2,0,0,5,5,46" ten="340,240,160,260" oya="2" hai0="67,55,68,97,124,13,135,65,26,103,43,64,84" hai1="98,128,86,22,74,34,24,19,38,61,62,10,52" hai2="115,32,45,101,37,109,88,79,132,92,41,95,60" hai3="114,0,83,102,99,33,21,96,85,11,111,59,121"/><V4/><F115/><W40/><G33/><T20/><D135/><U51/><E74/><V105/><F32/><W104/><G121/><T48/><D124/><U14/><E38/><V42/><F132/><W36/><G114/><T71/><D43/><U100/><E128/><V94/><F79/><W133/><G133/><T125/><D13/><U116/><E116/><V118/><F118/><W73/><G111/><T90/><D125/><U122/><E122/><V129/><F42/><W27/><G99/><T25/><D103/><U5/><E86/><V56/><F129/><W15/><G0/><T82/><D97/><U117/><E34/><V7/><F109/><W70/><G70/><T1/><D1/><U89/><E89/><V30/><F30/><W106/><G106/><T2/><D2/><U69/><E69/><V127/><F127/><W18/><G40/><T93/><D82/><U91/><E91/><V23/><F23/><W126/><G36/><T112/><D26/><U130/><E130/><V47/><F47/><W110/><G110/><T72/><D72/><U134/><E117/><V35/><F35/><W39/><G39/><T50/><D112/><U16/><E5/><V57/><F88/><N who="3" m="51263" /><G73/><T77/><D71/><U80/><E80/><V9/><F105/><W3/><G126/><T29/><D68/><U58/><E134/><V131/><F131/><W17/><G3/><T6/><D77/><U123/><E123/><V76/><F76/><W28/><G28/><T63/><D6/><N who="2" m="2090" /><F101/><W31/><G31/><T66/><N who="0" m="16384" /><DORA hai="87" /><T113/><D113/><U78/><E78/><RYUUKYOKU ba="0,0" sc="340,10,240,10,160,-30,260,10" hai0="20,25,29,48,50,55,63,84,90,93" hai1="10,14,16,19,22,24,51,52,58,61,62,98,100" hai3="11,15,17,18,21,27,59,96,102,104" /><INIT seed="3,1,0,4,2,91" ten="350,250,130,270" oya="3" hai0="0,117,4,68,122,47,2,53,92,30,134,83,56" hai1="62,41,75,11,110,125,112,107,133,37,48,59,33" hai2="1,8,42,35,39,19,101,22,45,44,5,130,50" hai3="126,114,32,66,119,71,31,14,76,18,120,128,51"/><W58/><G114/><T72/><D122/><U27/><E112/><V81/><F130/><W116/><G120/><T64/><D30/><U60/><E75/><V127/><F127/><W135/><G126/><T54/><D117/><U78/><E125/><V104/><F35/><W36/><G36/><T63/><D4/><U80/><E107/><V77/><F104/><W90/><G128/><T129/><D129/><U82/><E37/><V124/><F124/><W55/><G135/><T67/><D64/><U93/><E133/><V3/><F3/><W108/><G76/><T52/><D54/><U121/><E121/><V61/><F101/><W88/><G108/><T21/><D21/><U95/><E110/><V43/><F61/><N who="1" m="23657" /><E33/><V6/><F6/><W69/><G66/><T131/><D47/><N who="1" m="25711" /><E27/><V7/><F7/><W118/><G31/><T9/><D83/><N who="1" m="31787" /><E78/><V84/><F22/><W86/><G32/><T70/><D9/><U34/><E34/><V123/><F123/><W24/><G24/><T10/><D53/><U79/><E79/><V15/><F19/><W65/><G65/><T96/><D96/><U115/><E115/><V28/><REACH who="2" step="1"/><F1/><REACH who="2" ten="350,250,120,270" step="2"/><W73/><G118/><T46/><D0/><U111/><E111/><V38/><F38/><W49/><G116/><T102/><D2/><U100/><E100/><V106/><F106/><W16/><G119/><T12/><D102/><U105/><E105/><V74/><F74/><W109/><G73/><T99/><D72/><U113/><E113/><V57/><F57/><W103/><G109/><T85/><D131/><U13/><E59/><RYUUKYOKU ba="1,1" sc="350,-15,250,15,120,15,270,-15" hai1="11,13,93,95" hai2="5,8,15,28,39,42,43,44,45,50,77,81,84" owari="345,44.5,265,6.5,135,-36.5,255,-14.5" /></mjloggm>