<mjloggm ver="2.3"><GO type="225" lobby="0"/><UN n0="%E3%81%BF%E3%81%BF%E3%81%9A" n1="%E6%97%A5%E6%9B%9C%E6%97%A5%E3%82%88%E3%82%8A%E3%81%AE%E4%BD%BF%E8%80%85" n2="%E3%81%8B%E3%82%8F%E3%81%A1%E3%82%83%E3%82%93%35%38" n3="%E4%BF%BA%E3%81%A8%E5%A6%96%E5%A4%A2" dan="18,16,16,16" rate="2180.41,2163.74,2130.03,2243.78" sx="M,M,M,F"/><TAIKYOKU oya="0"/><INIT seed="0,0,0,3,4,93" ten="250,250,250,250" oya="0" hai0="100,14,18,75,102,15,0,17,50,62,64,87,121" hai1="124,84,123,88,126,33,92,89,44,40,106,108,91" hai2="120,90,26,133,53,1,86,2,43,127,94,51,30" hai3="36,67,55,16,8,31,41,5,28,20,95,101,82"/><T38/><D121/><U42/><E123/><V104/><F127/><N who="1" m="48681" /><E108/><V37/><F120/><W12/><G67/><T130/><D38/><N who="1" m="21527" /><E33/><V77/><F133/><W39/><G39/><T19/><D75/><U110/><E110/><V79/><F104/><W27/><G36/><T115/><D0/><U46/><E106/><V24/><F37/><AGARI ba="0,0" hai="37,42,46,84,88,89,91,92" m="21527,48681" machi="37" ten="30,2000,0" yaku="18,1,54,1" doraHai="93" who="1" fromWho="2" sc="250,0,250,20,250,-20,250,0" /><INIT seed="1,0,0,3,5,65" ten="250,270,230,250" oya="1" hai0="23,48,58,121,3,134,119,117,100,16,127,123,74" hai1="101,72,15,76,111,135,31,125,102,81,25,36,47" hai2="22,35,114,52,80,70,86,45,17,98,120,62,0" hai3="34,83,85,130,106,60,19,14,129,116,88,4,122"/><U2/><E125/><V132/><F120/><N who="0" m="46154" /><D127/><U96/><E135/><V77/><F35/><W61/><G122/><T108/><D134/><U112/><E112/><V67/><F132/><W5/><G34/><T133/><D133/><U78/><E111/><V30/><F114/><W128/><G106/><T82/><D108/><U109/><E109/><V28/><F98/><W90/><G90/><T26/><D100/><U94/><E78/><V56/><F45/><W8/><REACH who="3" step="1"/><G116/><REACH who="3" ten="250,270,230,240" step="2"/><T99/><D119/><U37/><E102/><V39/><F39/><W38/><G38/><T53/><D117/><U97/><E37/><V87/><F0/><W6/><AGARI ba="0,1" hai="4,5,6,8,14,19,60,61,83,85,88,128,129,130" machi="6" ten="40,8000,1" yaku="1,1,0,1,19,1,54,1,53,0" doraHai="65" doraHaiUra="131" who="3" fromWho="3" sc="250,-20,270,-40,230,-20,240,90" /><INIT seed="2,0,0,0,2,58" ten="230,230,210,330" oya="2" hai0="52,24,121,59,40,4,51,100,68,102,41,130,21" hai1="75,66,16,126,67,80,128,18,72,31,133,127,110" hai2="91,64,113,60,6,46,120,82,76,84,85,14,25" hai3="114,44,90,98,129,69,3,95,37,57,105,45,124"/><V47/><F113/><W119/><G119/><T111/><D121/><U42/><E110/><V81/><F120/><W2/><G69/><T12/><D68/><U134/><E42/><N who="0" m="16489" /><D130/><U132/><E31/><V19/><F25/><W108/><G129/><T20/><D111/><U49/><E49/><V73/><F6/><W43/><G108/><T55/><D55/><U78/><E128/><V70/><REACH who="2" step="1"/><F73/><REACH who="2" ten="230,230,200,330" step="2"/><W23/><G114/><T94/><D94/><U123/><E123/><V50/><F50/><W5/><G5/><T32/><D32/><U71/><E75/><V10/><AGARI ba="0,1" hai="10,14,19,46,47,60,64,70,76,81,82,84,85,91" machi="10" ten="20,7800,0" yaku="1,1,0,1,7,1,52,1,53,0" doraHai="58" doraHaiUra="101" who="2" fromWho="2" sc="230,-26,230,-26,200,88,330,-26" /><INIT seed="2,1,0,5,5,74" ten="204,204,288,304" oya="2" hai0="87,128,42,0,101,96,41,77,19,120,127,99,25" hai1="131,14,75,30,12,135,117,16,57,86,32,21,10" hai2="118,119,55,112,104,24,80,110,48,109,129,114,100" hai3="36,2,76,133,18,88,89,53,98,113,70,65,125"/><V22/><F48/><W92/><G2/><T28/><D120/><U103/><E75/><V132/><F55/><W97/><G133/><T83/><D0/><U122/><E117/><N who="2" m="44555" /><F22/><W108/><G36/><T121/><D121/><U123/><E135/><V54/><F54/><W39/><G39/><T50/><D127/><U61/><E131/><V124/><F24/><W84/><G125/><T106/><D128/><U91/><E103/><V93/><F129/><W134/><G134/><T111/><D111/><N who="2" m="42506" /><F132/><W126/><G108/><T81/><D99/><U102/><E32/><V35/><F35/><W58/><G126/><T64/><D64/><U130/><E130/><V51/><F51/><W9/><G65/><T29/><D19/><U31/><E122/><V68/><F68/><W66/><G66/><T46/><D41/><U8/><E21/><V49/><F49/><W33/><G70/><T72/><REACH who="0" step="1"/><D25/><REACH who="0" ten="194,204,288,304" step="2"/><U105/><E123/><V34/><F124/><W45/><G18/><T94/><D94/><U26/><E26/><V90/><F104/><W6/><G92/><T7/><D7/><U85/><E105/><V38/><F93/><W59/><G6/><T23/><D23/><U17/><E17/><V52/><F34/><W62/><G33/><T67/><D67/><U5/><E5/><V1/><F1/><W116/><G116/><T15/><D15/><U60/><E16/><V107/><F107/><W95/><G95/><T71/><D71/><U47/><E14/><V82/><F100/><W37/><G98/><T115/><D115/><U20/><E102/><V3/><F114/><RYUUKYOKU ba="1,1" sc="194,30,204,-10,288,-10,304,-10" hai0="28,29,42,46,50,72,77,81,83,87,96,101,106" /><INIT seed="3,2,1,5,0,14" ten="224,194,278,294" oya="3" hai0="117,75,101,19,62,70,30,80,15,74,58,94,43" hai1="76,46,95,13,102,92,57,97,38,88,86,120,119" hai2="29,59,116,21,18,22,11,84,109,107,37,68,47" hai3="67,54,65,64,103,123,106,52,69,122,50,9,78"/><W45/><G78/><T42/><D117/><U129/><E120/><N who="3" m="46122" /><G103/><T27/><D70/><U96/><E119/><V89/><F116/><W25/><G9/><N who="0" m="6639" /><D80/><U4/><E129/><V83/><F68/><W17/><G17/><T7/><D7/><U0/><E0/><V53/><F107/><W34/><G25/><T115/><D115/><U63/><E38/><V105/><F105/><W60/><G34/><T55/><D74/><U32/><E32/><V24/><F109/><W16/><G16/><T100/><D75/><U35/><E35/><V12/><F37/><W79/><G79/><T118/><D118/><U49/><E76/><V112/><F112/><W2/><G2/><T3/><D3/><U110/><E110/><V20/><F47/><N who="3" m="27743" /><G106/><T104/><D104/><U31/><E31/><V134/><F134/><W121/><G121/><T81/><D81/><U87/><E49/><AGARI ba="2,1" hai="11,12,18,20,21,22,24,29,49,53,59,83,84,89" machi="49" ten="30,3900,0" yaku="7,1,8,1,52,1" doraHai="14" who="2" fromWho="1" sc="224,0,194,-45,278,55,294,0" /><AGARI ba="2,0" hai="45,49,54,60,64,65,67,69" m="27743,46122" machi="49" ten="30,5800,0" yaku="34,2,54,1" doraHai="14" who="3" fromWho="1" sc="224,0,149,-58,333,0,294,58" owari="224,-17.6,91,-40.9,333,13.3,352,45.2" /></mjloggm>