<mjloggm ver="2.3"><GO type="225" lobby="0"/><UN n0="%E3%83%8F%E3%83%B3%E3%83%89%E3%83%A9%E3%83%BC%E3%83%BB%E3%83%AF%E3%83%B3" n1="%E6%A1%9C%E8%8A%B1%E9%96%83%E3%80%85" n2="%4B%2E%32%2E%4B%2E" n3="%E3%83%96%E3%83%83%E3%83%91%E3%82%AA%E3%83%96%E3%83%81%E3%82%AD%E3%83%B3" dan="18,17,16,16" rate="2266.98,2260.00,2154.68,2213.65" sx="M,M,M,M"/><TAIKYOKU oya="0"/><INIT seed="0,0,0,3,5,51" ten="250,250,250,250" oya="0" hai0="92,119,90,127,25,105,113,129,124,104,56,118,130" hai1="110,116,12,9,20,10,39,133,35,131,125,88,59" hai2="86,21,60,44,102,135,58,32,14,120,47,80,1" hai3="61,93,97,89,74,43,78,77,79,84,73,63,19"/><T62/><D25/><U26/><E39/><V95/><F32/><W3/><G3/><T99/><D56/><U69/><E69/><V85/><F1/><W53/><G43/><T57/><D57/><U40/><E116/><N who="0" m="44585" /><D62/><U48/><E35/><V107/><F107/><N who="0" m="41034" /><D113/><U15/><E15/><V98/><F120/><W112/><G112/><T52/><D52/><N who="1" m="32135" /><E40/><V36/><F86/><W67/><G67/><T106/><N who="0" m="41042" /><T121/><DORA hai="76" /><D121/><U123/><E9/><V87/><F85/><W24/><G63/><T45/><D45/><U115/><E12/><V96/><F96/><W33/><G33/><T13/><D13/><U23/><E23/><V83/><F87/><W30/><G30/><T4/><D4/><U132/><E10/><V22/><F135/><W103/><G61/><T17/><D17/><U122/><E115/><V37/><F37/><W42/><G42/><T91/><D91/><U128/><E88/><V46/><F36/><W34/><G53/><T66/><D66/><U64/><E64/><N who="2" m="38935" /><F22/><W27/><G34/><T75/><D75/><N who="3" m="28681" /><G19/><AGARI ba="0,0" hai="14,19,21,44,46,47,80,83,95,98,102" m="38935" machi="19" ten="30,3900,0" yaku="8,1,52,2" doraHai="51,76" who="2" fromWho="3" sc="250,0,250,0,250,39,250,-39" /><INIT seed="1,0,0,2,4,53" ten="250,250,289,211" oya="1" hai0="6,91,47,128,52,131,35,100,26,10,27,33,23" hai1="28,55,61,50,97,18,51,129,72,56,37,7,38" hai2="134,64,85,24,88,118,87,86,130,41,119,45,92" hai3="89,106,54,133,60,81,59,13,57,32,79,94,95"/><U96/><E72/><V30/><F130/><N who="0" m="49706" /><D100/><U1/><E129/><V127/><F127/><W0/><G106/><T40/><D91/><U43/><E28/><V62/><F134/><W2/><G133/><T84/><D84/><U126/><E126/><V105/><F105/><W83/><G32/><N who="0" m="12363" /><D23/><U9/><E18/><V42/><F24/><W46/><G13/><N who="0" m="5335" /><D52/><U25/><E25/><V29/><F29/><W74/><G83/><T98/><D98/><U123/><E50/><AGARI ba="0,0" hai="26,27,40,47,50" m="5335,12363,49706" machi="50" ten="30,1000,0" yaku="19,1" doraHai="53" who="0" fromWho="1" sc="250,10,250,-10,289,0,211,0" /><INIT seed="2,0,0,4,0,35" ten="260,240,289,211" oya="2" hai0="92,102,45,94,68,14,74,134,6,67,93,110,33" hai1="82,19,116,40,91,96,36,17,54,132,127,63,109" hai2="22,1,75,58,50,28,57,24,38,87,25,18,85" hai3="21,120,90,66,73,10,32,61,106,80,111,125,26"/><V114/><F38/><W64/><G120/><T108/><D33/><U119/><E109/><N who="0" m="42089" /><D74/><U101/><E127/><V56/><F75/><W8/><G111/><T3/><D3/><U131/><E131/><V104/><F104/><W31/><G125/><T98/><D134/><U29/><E132/><V97/><F114/><W2/><G106/><T133/><D133/><U69/><E29/><V4/><F97/><W89/><G32/><T88/><D45/><U86/><E40/><V77/><F77/><W103/><G103/><T123/><D123/><U53/><E36/><V117/><F117/><W13/><G66/><T27/><D27/><U55/><E69/><V126/><F126/><W113/><G113/><T105/><D67/><U122/><E63/><V84/><F25/><W44/><G44/><T71/><D88/><U121/><E121/><V20/><F20/><W79/><G8/><AGARI ba="0,0" hai="6,8,14,68,71,92,93,94,98,102,105" m="42089" machi="8" ten="30,1000,0" yaku="14,1" doraHai="35" who="0" fromWho="3" sc="260,10,240,0,289,0,211,-10" /><INIT seed="3,0,0,5,1,75" ten="270,240,289,201" oya="3" hai0="63,104,125,81,43,86,67,57,128,21,129,107,130" hai1="29,85,40,28,120,78,69,135,51,88,53,31,62" hai2="37,0,80,33,10,71,23,82,6,110,132,123,18" hai3="68,97,47,92,54,98,14,109,26,39,115,48,44"/><W72/><G115/><T49/><D125/><U16/><E120/><V1/><F37/><W25/><G68/><T133/><D133/><U65/><E135/><V4/><F132/><W46/><G72/><T34/><D34/><U61/><E40/><V3/><F71/><W38/><G38/><T122/><D122/><U111/><E111/><V84/><F123/><W41/><G109/><T112/><D112/><U117/><E117/><V121/><F121/><W24/><G47/><N who="0" m="25855" /><D21/><U60/><E78/><AGARI ba="0,0" hai="57,63,67,78,81,86,104,107,128,129,130" m="25855" machi="78" ten="30,2000,0" yaku="19,1,52,1" doraHai="75" who="0" fromWho="1" sc="270,20,240,-20,289,0,201,0" /><INIT seed="4,0,0,2,5,106" ten="290,220,289,201" oya="0" hai0="99,4,25,27,124,126,45,77,36,132,86,123,31" hai1="21,24,64,108,33,23,34,88,32,51,26,46,17" hai2="98,122,130,78,118,9,8,72,20,109,2,120,16" hai3="75,3,5,71,133,95,76,44,125,83,10,87,73"/><T65/><D123/><U129/><E108/><V35/><F109/><W119/><G119/><T89/><D132/><U43/><E129/><V103/><F35/><W22/><G133/><T60/><D4/><U30/><E64/><V61/><F130/><W56/><G71/><T134/><D77/><U114/><E114/><V0/><F118/><W50/><G125/><N who="0" m="48235" /><D99/><U70/><E70/><V38/><F38/><W84/><G56/><N who="0" m="36999" /><D134/><U42/><E42/><V112/><F112/><W100/><G22/><T91/><D25/><U74/><E88/><V7/><F61/><W110/><G110/><T49/><D86/><U18/><E74/><V39/><F39/><W47/><G47/><T59/><D59/><U69/><REACH who="1" step="1"/><E69/><REACH who="1" ten="290,210,289,201" step="2"/><V105/><F72/><W37/><G37/><T28/><D36/><U41/><E41/><V111/><F111/><W6/><G6/><T102/><D91/><U115/><E115/><V1/><F78/><W116/><G116/><T58/><D89/><U63/><E63/><V48/><F48/><W113/><G113/><T101/><D49/><U97/><E97/><V79/><F79/><W19/><G87/><T82/><D82/><U54/><E54/><V94/><F7/><W85/><G84/><T96/><D96/><U80/><E80/><V127/><F127/><W90/><G100/><T12/><D102/><U57/><E57/><V15/><F105/><W121/><G121/><T135/><D135/><U66/><E66/><V67/><F67/><W128/><G128/><T81/><D81/><U104/><E104/><V53/><F53/><N who="3" m="29895" /><G75/><T13/><D101/><RYUUKYOKU ba="0,1" sc="290,-30,210,10,289,10,201,10" hai1="17,18,21,23,24,26,30,32,33,34,43,46,51" hai2="0,1,2,8,9,15,16,20,94,98,103,120,122" hai3="3,5,10,19,73,76,83,85,90,95" /><INIT seed="5,1,1,5,5,82" ten="260,220,299,211" oya="1" hai0="5,45,133,65,32,135,58,77,132,116,34,113,92" hai1="41,11,51,23,49,99,30,4,107,117,95,106,73" hai2="17,89,120,108,70,124,119,112,19,21,86,10,91" hai3="28,0,55,103,3,56,13,131,12,60,69,122,2"/><U68/><E117/><V109/><F119/><W85/><G122/><T18/><D116/><U22/><E73/><V47/><F120/><W121/><G121/><T79/><D113/><U123/><E68/><V110/><F70/><W15/><G131/><T90/><D5/><U9/><E123/><V33/><F33/><N who="0" m="12906" /><D45/><N who="1" m="25775" /><E107/><V104/><F104/><W39/><G39/><T29/><D29/><U114/><E106/><V128/><F124/><W24/><G69/><T40/><D40/><U75/><E75/><V8/><F112/><W129/><G129/><T38/><D38/><U67/><E67/><V43/><F128/><W125/><G125/><T66/><D18/><U31/><E51/><V98/><F98/><W48/><G103/><T54/><D66/><U127/><E127/><V52/><F52/><W14/><N who="3" m="3072" /><DORA hai="36" /><W97/><G97/><N who="0" m="57495" /><D65/><U20/><E114/><V81/><F91/><W74/><G74/><T130/><D130/><U63/><E63/><AGARI ba="1,1" hai="54,58,63,77,79,132,133,135" m="57495,12906" machi="63" ten="40,1300,0" yaku="20,1" doraHai="82,36" who="0" fromWho="1" sc="260,26,220,-16,299,0,211,0" /><INIT seed="6,0,0,1,1,40" ten="286,204,299,211" oya="2" hai0="39,55,10,62,106,41,0,32,59,118,47,130,113" hai1="95,28,98,100,38,27,30,72,84,69,117,74,114" hai2="3,112,1,77,13,82,122,16,121,29,6,88,109" hai3="36,65,22,8,35,97,9,73,103,96,54,115,14"/><V18/><F29/><W33/><G73/><T48/><D32/><U24/><E117/><V17/><F112/><W94/><G36/><T31/><D106/><U63/><E38/><V120/><F109/><W52/><G115/><T126/><D113/><U58/><E69/><V80/><F88/><N who="3" m="55367" /><G35/><T135/><D31/><N who="1" m="11819" /><E72/><V81/><F77/><W89/><G33/><T50/><D130/><U5/><E74/><V134/><F134/><W131/><G103/><T34/><D34/><U78/><E5/><V70/><F70/><W87/><G97/><T125/><D135/><U53/><E114/><V37/><F37/><W46/><G65/><T26/><D26/><U90/><E78/><V107/><F107/><W71/><G71/><T66/><D118/><U61/><E61/><V19/><F6/><W21/><G131/><T68/><D50/><U129/><E129/><V51/><F51/><N who="3" m="28791" /><G54/><T110/><D110/><U45/><E45/><V85/><F85/><W76/><G76/><T86/><D86/><U25/><E84/><V92/><F92/><N who="3" m="54335" /><G8/><AGARI ba="0,0" hai="1,3,8,13,16,17,18,19,80,81,82,120,121,122" machi="8" ten="50,9600,0" yaku="29,2,54,1" doraHai="40" who="2" fromWho="3" sc="286,0,204,0,299,96,211,-96" owari="286,8.6,204,-19.6,395,49.5,115,-38.5" /></mjloggm>