<mjloggm ver="2.3"><GO type="225" lobby="0"/><UN n0="%E3%81%A4%E3%81%A3%E3%81%B1%E3%82%8A%E3%83%9D%E3%83%BC%E3%83%AB" n1="%72%61%6B%33" n2="%E6%81%A5%E6%99%92%E3%81%97" n3="%E5%91%A8%E6%9D%B1" dan="17,16,16,16" rate="2172.06,2102.53,2083.73,2158.87" sx="M,M,M,M"/><TAIKYOKU oya="0"/><INIT seed="0,0,0,4,2,2" ten="250,250,250,250" oya="0" hai0="94,29,128,130,6,97,50,69,117,110,81,106,45" hai1="78,105,99,121,13,72,46,86,118,18,125,107,32" hai2="34,133,24,58,41,100,36,21,39,114,115,98,67" hai3="9,16,33,76,126,112,47,108,85,95,77,20,62"/><T92/><D117/><U102/><E118/><V124/><F124/><W10/><G112/><T116/><D116/><U80/><E125/><V25/><F133/><W104/><G104/><T15/><D69/><U113/><E113/><V75/><F75/><W73/><G33/><T60/><D110/><U74/><E32/><V123/><F123/><W82/><G108/><T61/><D29/><U79/><E121/><V109/><F109/><W87/><G126/><T37/><D37/><U119/><E119/><V101/><F41/><W23/><G73/><T28/><D28/><U55/><E107/><V0/><F34/><W49/><G62/><N who="0" m="24171" /><D81/><U8/><E78/><V70/><F70/><W26/><G23/><T71/><D71/><U83/><E83/><V103/><F98/><W27/><G27/><T68/><D68/><U31/><E31/><V35/><F0/><W4/><G4/><T111/><D111/><U44/><E44/><V1/><F1/><W56/><G56/><T38/><D38/><U129/><E129/><N who="0" m="49769" /><D97/><U3/><E3/><V122/><F36/><W40/><REACH who="3" step="1"/><G77/><REACH who="3" ten="250,250,250,240" step="2"/><T131/><D106/><U63/><E63/><N who="2" m="38391" /><F115/><W57/><G57/><T11/><N who="0" m="49777" /><T127/><DORA hai="51" /><D127/><U65/><E65/><V52/><F114/><W30/><G30/><T42/><AGARI ba="0,1" hai="6,11,15,42,45,50,92,94" m="49777,24171" machi="42" ten="40,3900,0" yaku="19,1,52,1" doraHai="2,51" who="0" fromWho="0" sc="250,49,250,-13,250,-13,240,-13" /><INIT seed="0,1,0,0,0,103" ten="299,237,237,227" oya="0" hai0="17,111,51,73,68,82,57,122,55,125,72,94,86" hai1="47,77,96,108,98,127,97,43,95,75,23,106,91" hai2="113,42,30,7,63,65,70,117,33,4,129,135,119" hai3="134,81,61,130,93,80,124,107,78,9,83,67,5"/><T36/><D122/><U114/><E108/><V14/><F113/><W64/><G124/><T28/><D125/><U62/><E127/><V54/><F42/><W133/><G130/><T46/><D68/><U121/><E121/><V132/><F129/><W104/><G93/><T112/><D112/><U90/><E114/><V35/><F54/><W79/><G9/><T84/><D111/><U20/><E62/><V69/><F14/><W88/><G88/><T102/><D28/><U110/><E110/><V123/><F123/><W100/><G100/><T1/><D1/><U11/><E11/><V16/><F16/><W31/><G31/><T53/><D17/><U15/><E15/><V59/><F30/><W52/><G52/><T10/><D10/><U22/><E90/><V101/><F101/><W21/><G21/><T38/><D53/><U58/><E58/><V8/><F8/><W34/><G61/><T48/><D102/><U118/><E118/><N who="2" m="45067" /><F7/><W66/><G5/><T71/><D55/><U26/><E26/><V32/><F4/><W49/><G49/><T105/><D51/><U3/><E43/><V0/><F0/><W12/><G34/><T6/><D48/><U74/><E3/><V99/><F99/><W126/><G12/><T39/><D6/><U29/><E29/><V25/><F25/><W109/><G109/><T13/><D13/><U37/><E20/><V2/><F2/><W120/><G120/><T87/><D38/><U56/><E22/><V116/><N who="2" m="45075" /><V45/><DORA hai="27" /><F45/><W131/><G131/><T18/><D36/><U85/><E37/><RYUUKYOKU ba="1,0" sc="299,-10,237,-10,237,30,227,-10" hai2="32,33,35,59,63,65,69,70,132,135" /><INIT seed="1,2,0,5,2,63" ten="289,227,267,217" oya="1" hai0="123,30,90,131,125,108,0,14,71,130,113,126,13" hai1="49,31,76,114,77,37,29,112,105,66,83,5,47" hai2="82,62,23,81,122,59,45,11,95,20,16,78,61" hai3="46,55,72,84,48,4,128,51,80,89,110,22,18"/><U65/><E105/><V54/><F122/><W27/><G110/><T50/><D71/><U79/><E37/><V8/><F95/><W69/><G128/><N who="0" m="49195" /><D108/><U92/><E83/><N who="2" m="31755" /><F78/><W41/><G69/><T129/><D129/><U67/><E5/><V97/><F97/><W1/><G72/><T104/><D104/><U21/><E92/><V93/><F93/><W28/><G1/><T40/><D0/><U73/><E73/><V86/><F86/><W7/><REACH who="3" step="1"/><G28/><REACH who="3" ten="289,227,267,207" step="2"/><T135/><D30/><U53/><REACH who="1" step="1"/><E29/><REACH who="1" ten="289,217,267,207" step="2"/><V52/><F11/><W124/><G124/><T74/><D125/><U98/><E98/><V64/><F8/><W15/><G15/><T132/><D14/><U39/><E39/><V44/><F23/><W10/><G10/><T9/><D9/><U43/><E43/><V109/><F20/><W117/><G117/><T6/><D40/><U32/><E32/><V103/><F109/><W116/><G116/><T68/><D126/><U38/><E38/><V75/><F75/><W12/><G12/><T133/><D13/><U2/><E2/><V3/><F3/><W120/><G120/><T101/><D132/><U85/><E85/><V70/><F70/><W88/><G88/><T94/><D68/><U34/><E34/><V107/><F107/><W17/><G17/><T24/><D90/><U87/><E87/><V102/><F16/><W100/><G100/><T25/><D135/><U118/><E118/><V60/><F102/><W127/><G127/><T99/><D133/><U33/><E33/><V57/><F103/><W19/><G19/><T134/><D101/><RYUUKYOKU ba="2,2" sc="289,-30,217,10,267,10,207,10" hai1="21,31,47,49,53,65,66,67,76,77,79,112,114" hai2="44,45,52,54,57,59,60,61,62,64" hai3="4,7,18,22,27,41,46,48,51,55,80,84,89" /><INIT seed="1,3,2,5,4,36" ten="259,227,277,217" oya="1" hai0="72,76,108,82,13,20,33,63,67,24,75,84,49" hai1="70,52,16,107,127,28,46,29,98,73,86,42,96" hai2="21,100,102,97,4,5,39,103,15,68,40,134,30" hai3="1,78,101,69,99,7,10,55,111,54,62,113,56"/><U50/><E73/><V61/><F134/><W80/><G111/><T26/><D108/><U120/><E120/><V71/><F97/><N who="1" m="37481" /><E70/><V38/><F38/><W89/><G69/><T64/><D75/><U106/><E107/><V132/><F132/><W37/><G37/><T105/><D105/><U83/><E106/><V18/><F30/><N who="1" m="11881" /><E127/><V45/><REACH who="2" step="1"/><F71/><REACH who="2" ten="259,227,267,217" step="2"/><W66/><G113/><T47/><D72/><U12/><E86/><V14/><F14/><W123/><G123/><T32/><D13/><U51/><E83/><V110/><F110/><W9/><G99/><T0/><D84/><U35/><E35/><V130/><F130/><W122/><G122/><T22/><D82/><U8/><E51/><V131/><F131/><W25/><G80/><T6/><D49/><U117/><E117/><V23/><F23/><W65/><G101/><T79/><D22/><U126/><E126/><V48/><F48/><W92/><G92/><T121/><D20/><U95/><E95/><V93/><F93/><W135/><G135/><T85/><D121/><U109/><E109/><V60/><F60/><W19/><G62/><T53/><D63/><U91/><E91/><V88/><F88/><W87/><G89/><T74/><D33/><U129/><E129/><V125/><F125/><W119/><G119/><T41/><D32/><U59/><E59/><V116/><F116/><W17/><G56/><T112/><D79/><U58/><E58/><V44/><F44/><W124/><G78/><T31/><D76/><U115/><E115/><V3/><F3/><N who="3" m="255" /><G124/><T11/><D112/><U114/><E114/><RYUUKYOKU ba="3,3" sc="259,-15,227,15,267,15,217,-15" hai1="8,12,16,42,46,50,52" hai2="4,5,15,18,21,39,40,45,61,68,100,102,103" /><INIT seed="1,4,3,3,4,13" ten="244,242,282,202" oya="1" hai0="114,49,84,117,133,119,88,20,44,4,127,66,99" hai1="79,82,78,111,43,85,26,61,90,109,129,98,74" hai2="57,40,123,7,56,5,95,39,55,11,75,107,12" hai3="93,105,24,21,91,115,41,27,30,48,6,0,60"/><U124/><E124/><V80/><F123/><W34/><G105/><T122/><D114/><U120/><E120/><V67/><F107/><W83/><G115/><T10/><D122/><U8/><E129/><V14/><F39/><W68/><G83/><T31/><D133/><U96/><E43/><V47/><F95/><W59/><G68/><T102/><D127/><U112/><E112/><V28/><F28/><W106/><G106/><T17/><D31/><U63/><E26/><V51/><F75/><W103/><G103/><T45/><D66/><U125/><E8/><N who="2" m="4111" /><F80/><W9/><G41/><T52/><D45/><U121/><E121/><V135/><F135/><W58/><G48/><T92/><D10/><U100/><E125/><V38/><F38/><W15/><G60/><T81/><D4/><U70/><E98/><V87/><F87/><W54/><G54/><T22/><D22/><U132/><E132/><V64/><F57/><W130/><G130/><T97/><D99/><U2/><E2/><V46/><F40/><W29/><REACH who="3" step="1"/><G0/><REACH who="3" ten="244,242,282,192" step="2"/><T19/><D119/><U73/><E70/><V1/><F1/><W126/><G126/><T94/><D117/><U110/><E61/><V69/><F69/><W118/><G118/><T101/><D101/><U18/><E63/><V25/><F67/><W3/><G3/><T23/><D81/><U71/><E71/><V134/><F64/><W86/><AGARI ba="4,4" hai="6,9,15,21,24,27,29,30,34,58,59,86,91,93" machi="86" ten="20,2700,0" yaku="1,1,0,1,7,1,53,0" doraHai="13" doraHaiUra="50" who="3" fromWho="3" sc="244,-11,242,-17,282,-11,192,79" /><INIT seed="2,0,0,5,3,63" ten="233,225,271,271" oya="2" hai0="46,88,36,85,87,38,37,79,55,40,104,111,33" hai1="26,121,68,62,54,124,20,41,117,21,72,135,58" hai2="47,49,115,14,118,90,102,59,103,75,25,0,70" hai3="53,92,97,2,123,65,3,98,45,22,78,101,31"/><V132/><F115/><W19/><G123/><T56/><D111/><U89/><E117/><V105/><F118/><W16/><G78/><T128/><D128/><U44/><E121/><V27/><F0/><W13/><G31/><T9/><D33/><U108/><E108/><V73/><F70/><W133/><G133/><T11/><D104/><U24/><E135/><V91/><F132/><W81/><G81/><T23/><D79/><U1/><E124/><V10/><F59/><W100/><G65/><T66/><D23/><U64/><E1/><V29/><F75/><W80/><G80/><T82/><D87/><U69/><E72/><V71/><F71/><W60/><G19/><T83/><D83/><U86/><E21/><N who="2" m="15535" /><F27/><W8/><G22/><T96/><D96/><U112/><E112/><V61/><F105/><W39/><G39/><T42/><D66/><U5/><E5/><V129/><F129/><W110/><G110/><T50/><REACH who="0" step="1"/><D42/><REACH who="0" ten="223,225,271,271" step="2"/><U131/><E131/><V122/><F122/><W107/><G107/><T93/><D93/><U15/><E26/><V48/><F73/><W4/><G98/><T57/><D57/><U95/><E64/><V99/><F99/><W34/><G34/><T125/><D125/><U32/><E32/><V119/><F119/><W18/><G97/><T126/><D126/><U43/><E24/><V35/><F35/><W28/><G92/><T113/><D113/><U74/><E74/><V106/><F106/><W94/><G94/><T109/><D109/><U77/><E69/><V6/><F103/><W52/><G101/><T76/><D76/><RYUUKYOKU ba="0,1" sc="223,30,225,-10,271,-10,271,-10" hai0="9,11,36,37,38,40,46,50,55,56,82,85,88" /><INIT seed="3,1,1,2,0,134" ten="253,215,261,261" oya="3" hai0="128,133,50,135,94,88,27,11,18,67,0,69,6" hai1="97,83,62,125,114,46,4,85,103,16,58,119,84" hai2="82,28,70,65,17,78,93,40,76,64,54,105,48" hai3="25,41,104,100,34,90,31,59,29,111,10,131,38"/><W43/><G31/><T129/><D50/><U56/><E114/><V116/><F105/><W61/><G131/><N who="0" m="50251" /><D67/><U2/><E119/><V66/><F40/><W72/><G72/><T121/><D69/><U95/><E125/><V92/><F28/><W36/><G36/><T122/><D18/><U74/><E74/><V33/><F78/><W8/><G111/><T9/><D27/><U101/><E101/><V52/><F33/><W45/><G41/><T55/><D11/><U14/><E58/><V44/><F70/><W89/><G8/><T115/><D55/><U71/><E71/><V127/><F127/><W77/><G10/><T107/><D107/><U51/><E4/><V73/><F116/><W5/><G5/><T30/><D30/><U32/><E2/><V96/><F54/><W19/><G19/><T113/><D121/><U7/><E7/><V120/><F120/><W35/><G35/><T21/><D21/><N who="1" m="11415" /><E83/><V26/><F66/><W123/><G123/><T126/><D122/><U63/><E32/><V108/><F65/><W81/><G104/><T99/><D126/><U98/><E98/><V47/><F64/><W68/><G68/><T80/><D80/><U130/><E130/><V53/><F82/><W3/><G3/><T12/><D0/><U20/><E20/><N who="2" m="13583" /><F44/><W124/><G124/><T102/><D102/><U49/><E46/><V39/><F47/><W13/><G100/><T57/><D57/><U24/><E24/><V112/><F39/><W91/><G13/><T42/><D42/><U109/><E56/><V79/><F53/><N who="3" m="34031" /><G81/><T1/><D1/><RYUUKYOKU ba="1,1" sc="253,15,215,-15,261,-15,261,15" hai0="6,9,12,88,94,99,113,115,133,135" hai3="25,29,34,38,43,45,77,89,90,91" /><INIT seed="3,2,1,2,3,72" ten="268,200,246,276" oya="3" hai0="94,110,22,49,11,124,50,39,25,102,16,92,114" hai1="19,46,3,13,81,12,123,133,48,105,109,111,97" hai2="115,107,93,6,116,8,54,100,65,84,63,7,69" hai3="9,47,91,21,66,59,120,90,45,23,44,129,52"/><W112/><G120/><T15/><D110/><N who="1" m="41995" /><E123/><V71/><F115/><W77/><G112/><T79/><D114/><U76/><E3/><V121/><F116/><W2/><G129/><T130/><D130/><U30/><E30/><V34/><F121/><W80/><G66/><T99/><D39/><U132/><E97/><V38/><F38/><W10/><G2/><T61/><D124/><U56/><E56/><V134/><F34/><W78/><G23/><T89/><D79/><N who="3" m="30217" /><G21/><T125/><D61/><U119/><E105/><V126/><F126/><W32/><G32/><T58/><D58/><U33/><E33/><V75/><F107/><W51/><G80/><T64/><D64/><U62/><E62/><V5/><F75/><W35/><G35/><T73/><D73/><N who="1" m="43151" /><E119/><V131/><F131/><W117/><G117/><T87/><D125/><U27/><E27/><V14/><F71/><W127/><G127/><T96/><D96/><U55/><E12/><V29/><F29/><AGARI ba="2,1" hai="11,15,16,22,25,29,49,50,87,89,92,94,99,102" machi="29" ten="30,3900,0" yaku="7,1,8,1,54,1" doraHai="72" who="0" fromWho="2" sc="268,55,200,0,246,-45,276,0" owari="323,42.3,200,-30.0,201,-19.9,276,7.6" /></mjloggm>