<mjloggm ver="2.3"><GO type="225" lobby="0"/><UN n0="%E4%BF%BA%E3%81%A8%E5%A6%96%E5%A4%A2" n1="%E3%81%AF%E3%82%88%E3%81%8A%E3%81%98%E3%81%95%E3%82%93" n2="%E3%81%B2%E3%81%AA%E3%81%AE%E3%82%8A%E3%81%8F" n3="%E3%81%BF%E3%81%BF%E3%81%9A" dan="16,17,16,18" rate="2137.99,2145.98,2097.16,2249.16" sx="F,M,M,M"/><TAIKYOKU oya="0"/><INIT seed="0,0,0,0,1,29" ten="250,250,250,250" oya="0" hai0="118,86,121,32,83,25,108,76,26,18,11,134,0" hai1="103,8,92,52,126,129,97,73,99,24,90,44,48" hai2="2,61,13,79,115,67,46,75,43,9,88,133,104" hai3="54,69,10,101,51,66,68,78,80,63,55,94,28"/><T30/><D118/><U57/><E126/><V120/><F120/><W45/><G10/><T65/><D121/><U72/><E129/><V58/><F115/><W17/><G17/><T38/><D38/><U4/><E24/><V34/><F104/><W71/><G28/><T3/><D134/><U113/><E113/><V42/><F133/><W74/><G101/><T87/><D108/><U112/><E44/><V60/><F2/><W122/><G122/><T56/><D86/><U106/><REACH who="1" step="1"/><E112/><REACH who="1" ten="250,240,250,250" step="2"/><V85/><F46/><W114/><G114/><T91/><D26/><U123/><E123/><V1/><F75/><W7/><G7/><T23/><D76/><U105/><E105/><V119/><F79/><W81/><G81/><T77/><D77/><U5/><E5/><V117/><F117/><W59/><REACH who="3" step="1"/><G94/><REACH who="3" ten="250,240,250,240" step="2"/><T14/><D83/><U22/><E22/><V40/><F119/><W96/><G96/><T12/><D23/><U41/><E41/><AGARI ba="0,2" hai="41,45,51,54,55,59,63,66,68,69,71,74,78,80" machi="41" ten="40,1300,0" yaku="1,1,53,0" doraHai="29" doraHaiUra="124" who="3" fromWho="1" sc="250,0,240,-13,250,0,240,33" /><INIT seed="1,0,0,3,4,120" ten="250,227,250,273" oya="1" hai0="100,12,112,74,126,25,88,79,31,44,62,98,1" hai1="84,4,133,119,70,10,27,33,105,34,40,49,90" hai2="46,107,132,50,121,58,19,57,134,38,69,80,26" hai3="128,68,36,41,85,72,65,35,71,63,94,73,7"/><U22/><E119/><V123/><F38/><W111/><G85/><T67/><D112/><U82/><E70/><V103/><F69/><W127/><G94/><T28/><D1/><U17/><E105/><V5/><F5/><W129/><G7/><T30/><D126/><U24/><E133/><N who="2" m="51307" /><F80/><W92/><G92/><N who="0" m="56583" /><D74/><N who="3" m="28777" /><G127/><T106/><D106/><U97/><E97/><N who="2" m="61935" /><F19/><W9/><G9/><T66/><D100/><U125/><E125/><V87/><F87/><W3/><G3/><T95/><D79/><U55/><E40/><N who="2" m="24903" /><F26/><W77/><G77/><T47/><D95/><U51/><E24/><V53/><F58/><W104/><G104/><T6/><D25/><U37/><E37/><V48/><AGARI ba="0,0" hai="48,53,57,121,123" m="24903,61935,51307" machi="48" ten="30,1100,0" yaku="20,1" doraHai="120" who="2" fromWho="2" sc="250,-3,227,-5,250,11,273,-3" /><INIT seed="2,0,0,2,5,124" ten="247,222,261,270" oya="2" hai0="104,7,1,26,60,109,56,119,129,114,111,72,128" hai1="52,35,54,103,106,66,41,39,8,16,4,53,90" hai2="108,67,131,75,113,105,95,127,51,102,43,93,3" hai3="126,79,80,134,64,63,76,99,18,17,9,78,32"/><V19/><F113/><W77/><G126/><T101/><D114/><U15/><E35/><V88/><F75/><W86/><G134/><T100/><D72/><U71/><E90/><V33/><F105/><W44/><G32/><T65/><D119/><U46/><E106/><V70/><F3/><W118/><G118/><T36/><D36/><U38/><E103/><N who="0" m="39497" /><D26/><U121/><E121/><V92/><F33/><W98/><G44/><T12/><D1/><U132/><E132/><V87/><F70/><W123/><G123/><T42/><D42/><U31/><E31/><V115/><F115/><W69/><REACH who="3" step="1"/><G9/><REACH who="3" ten="247,222,261,260" step="2"/><N who="0" m="4159" /><D104/><U28/><E28/><V91/><F127/><W117/><G117/><T55/><D65/><U21/><E38/><V20/><F67/><W37/><G37/><T24/><D24/><U59/><E71/><V97/><F108/><AGARI ba="0,1" hai="55,56,60,108,109,111,128,129" m="4159,39497" machi="108" ten="30,3900,0" yaku="14,1,52,2" doraHai="124" who="0" fromWho="2" sc="247,49,222,0,261,-39,260,0" /><INIT seed="3,0,0,5,3,77" ten="296,222,222,260" oya="3" hai0="98,47,86,96,16,120,29,2,59,102,100,111,4" hai1="35,84,128,119,87,15,113,23,43,124,31,129,85" hai2="88,114,19,30,72,89,94,75,97,135,115,71,76" hai3="48,39,80,32,41,65,118,127,103,104,81,131,79"/><W67/><G118/><T66/><D120/><U44/><E113/><V6/><F71/><W40/><G32/><T36/><D29/><U69/><E69/><V46/><F135/><W73/><G39/><T55/><D4/><U121/><E121/><V9/><F30/><W105/><G127/><T132/><D2/><U57/><E124/><V10/><F46/><W42/><G48/><T130/><D86/><U126/><E126/><V101/><F101/><W45/><G45/><T61/><D132/><U53/><E119/><V58/><F58/><W64/><G131/><N who="1" m="50250" /><E35/><V62/><F62/><W49/><G49/><N who="0" m="29119" /><D36/><N who="1" m="21607" /><E31/><V54/><F54/><W82/><G103/><N who="0" m="39467" /><D111/><U18/><E84/><V7/><F76/><W13/><G79/><T134/><D134/><U91/><E91/><V133/><F133/><W125/><G125/><T117/><D117/><U116/><E116/><V108/><F108/><W5/><G73/><T70/><D70/><U107/><E107/><V20/><F89/><W1/><G1/><T122/><D122/><U38/><E38/><V37/><F37/><W95/><G95/><T78/><D78/><U110/><E110/><V90/><F90/><W93/><G93/><T51/><D51/><AGARI ba="0,0" hai="15,18,23,51,53,57,85,87" m="21607,50250" machi="51" ten="30,1000,0" yaku="19,1" doraHai="77" who="1" fromWho="0" sc="296,-10,222,10,222,0,260,0" /><INIT seed="4,0,0,2,2,62" ten="286,232,222,260" oya="0" hai0="0,21,85,56,43,11,44,82,64,14,103,81,5" hai1="117,47,58,33,86,49,95,109,6,36,104,99,32" hai2="39,126,23,76,59,108,30,69,120,97,2,10,20" hai3="74,72,101,1,27,107,67,41,112,75,84,77,78"/><T42/><D103/><U133/><E117/><V73/><F120/><W46/><G1/><T29/><D81/><U19/><E109/><V123/><F123/><W88/><G27/><T54/><D64/><U52/><E133/><V131/><F108/><W110/><G67/><T38/><D43/><U34/><E6/><V135/><F135/><W16/><G16/><T96/><D96/><U125/><E125/><V100/><F69/><W50/><G110/><T3/><D21/><U94/><E86/><V8/><F126/><W31/><G31/><T65/><D65/><U70/><E70/><V60/><F39/><W128/><G112/><T89/><D29/><U87/><E87/><V127/><F127/><W130/><G107/><T15/><D15/><U66/><E19/><V40/><F40/><W4/><G101/><T51/><AGARI ba="0,0" hai="0,3,5,11,14,38,42,44,51,54,56,82,85,89" machi="51" ten="20,2100,0" yaku="0,1,7,1" doraHai="62" who="0" fromWho="0" sc="286,21,232,-7,222,-7,260,-7" owari="307,40.7,225,-17.5,215,-28.5,253,5.3" /></mjloggm>