<mjloggm ver="2.3"><GO type="225" lobby="0"/><UN n0="%E5%B0%8F%E9%B3%A5%E9%81%8A%E7%B7%B4%E7%84%A1%32%31%E6%AD%B3" n1="%E3%83%81%E3%83%83%E3%82%BF%E3%82%BD%E3%83%BC" n2="%E6%81%A5%E6%99%92%E3%81%97" n3="%E6%9D%B1%E9%A2%A8%E3%81%AE%E3%81%8D%E3%82%83%E3%81%B7%E3%81%95%E3%82%93" dan="16,16,16,16" rate="2168.41,2106.97,2070.88,2113.36" sx="F,F,M,M"/><TAIKYOKU oya="0"/><INIT seed="0,0,0,1,4,123" ten="250,250,250,250" oya="0" hai0="43,26,113,40,41,47,76,129,22,59,23,33,16" hai1="70,109,8,78,28,86,60,36,29,30,122,63,102" hai2="98,38,11,34,125,71,108,111,55,27,37,132,84" hai3="77,35,61,82,17,75,72,81,133,120,24,10,100"/><T87/><D129/><U4/><E122/><V69/><F125/><W127/><G133/><T89/><D113/><U85/><E36/><N who="2" m="13931" /><F132/><W50/><G127/><T67/><D33/><U115/><E115/><V128/><F128/><W9/><G120/><T135/><D76/><U68/><E102/><V49/><F84/><W13/><G100/><T97/><D97/><U45/><E45/><N who="2" m="28079" /><F98/><W121/><G121/><T46/><D135/><U1/><E78/><V117/><F11/><W126/><G126/><T53/><D67/><U88/><E85/><V101/><F101/><W106/><G106/><T92/><REACH who="0" step="1"/><D23/><REACH who="0" ten="240,250,250,250" step="2"/><U58/><E86/><V19/><F34/><W107/><G77/><T93/><D93/><U15/><E88/><V91/><F91/><W119/><G107/><T116/><D116/><U64/><E64/><V5/><F117/><W83/><G119/><T12/><D12/><U2/><E15/><V21/><F5/><W54/><G35/><T96/><D96/><U112/><E112/><V14/><F14/><W80/><G75/><T25/><D25/><U103/><E103/><V134/><F134/><W131/><G24/><T104/><D104/><U105/><E105/><V32/><F32/><W52/><G131/><T6/><D6/><U110/><E1/><V57/><F57/><N who="3" m="34983" /><G72/><T62/><AGARI ba="0,1" hai="16,22,26,40,41,43,46,47,53,59,62,87,89,92" machi="62" ten="30,11700,0" yaku="1,1,0,1,8,1,54,1,53,0" doraHai="123" doraHaiUra="99" who="0" fromWho="0" sc="240,127,250,-39,250,-39,250,-39" /><INIT seed="0,1,0,0,0,20" ten="367,211,211,211" oya="0" hai0="25,8,77,84,76,113,117,91,23,70,17,1,96" hai1="48,89,36,34,111,29,135,52,72,31,88,30,7" hai2="49,21,11,19,44,130,95,65,108,102,81,26,78" hai3="127,129,118,55,114,115,12,18,27,46,121,64,5"/><T32/><D117/><U116/><E111/><V39/><F108/><W6/><G64/><T47/><D113/><U58/><E135/><V2/><F130/><W120/><G46/><T109/><D70/><U75/><E116/><V68/><F102/><W86/><G86/><T37/><D96/><U124/><E124/><V132/><F95/><W98/><G98/><T82/><D32/><U106/><E36/><V73/><F132/><W13/><G55/><T54/><D109/><U79/><E106/><V4/><F49/><W57/><G57/><T112/><D112/><N who="3" m="43049" /><G129/><T125/><D125/><U100/><E100/><V22/><F22/><N who="3" m="13783" /><G127/><T74/><D74/><U107/><E107/><V28/><F65/><W133/><G133/><T80/><D80/><U40/><E40/><N who="2" m="22559" /><F68/><W87/><G87/><T122/><D37/><U35/><E72/><V42/><F42/><W103/><G103/><T71/><D84/><U85/><E75/><V14/><F28/><W33/><G33/><T128/><D128/><U16/><E34/><V15/><AGARI ba="1,0" hai="2,4,11,14,15,19,21,26,73,78,81" m="22559" machi="15" ten="30,2000,0" yaku="25,1,52,1" doraHai="20" who="2" fromWho="2" sc="367,-11,211,-6,211,23,211,-6" /><INIT seed="1,0,0,0,0,111" ten="356,205,234,205" oya="1" hai0="21,89,8,105,71,49,51,29,97,41,50,103,92" hai1="19,16,104,5,87,123,9,81,32,22,52,80,48" hai2="18,102,70,28,73,72,4,91,84,67,78,130,31" hai3="2,45,107,30,129,131,128,99,94,42,46,3,117"/><U14/><E104/><V61/><F130/><W108/><G108/><T0/><D71/><U62/><E32/><V101/><F4/><W119/><G30/><T77/><D77/><U34/><E34/><V38/><F38/><N who="3" m="21719" /><G46/><T133/><D133/><U96/><E123/><V135/><F135/><W13/><G13/><T79/><D79/><U53/><E96/><V125/><F125/><W43/><G43/><T118/><D118/><N who="3" m="45065" /><G94/><T17/><D29/><U37/><E37/><V100/><F31/><W15/><G15/><T110/><D110/><U121/><E121/><V24/><F28/><W127/><G127/><T90/><D105/><U25/><E62/><V114/><F61/><W112/><G112/><T26/><D41/><U60/><E60/><V12/><F114/><W69/><G69/><T54/><REACH who="0" step="1"/><D54/><REACH who="0" ten="346,205,234,205" step="2"/><U23/><E53/><V116/><F70/><W83/><G83/><T20/><D20/><U132/><E132/><V64/><F116/><W65/><G65/><T58/><D58/><U68/><E68/><V85/><F67/><W56/><G56/><T93/><D93/><U36/><E36/><V134/><F64/><W106/><G106/><T44/><D44/><N who="1" m="27655" /><E80/><V88/><F134/><W120/><G120/><T86/><D86/><U10/><E5/><AGARI ba="0,1" hai="0,5,8,17,21,26,49,50,51,89,90,92,97,103" machi="5" ten="40,1300,0" yaku="1,1,53,0" doraHai="111" doraHaiUra="39" who="0" fromWho="1" sc="346,23,205,-13,234,0,205,0" /><INIT seed="2,0,0,2,4,111" ten="369,192,234,205" oya="2" hai0="33,90,128,122,70,29,82,43,86,24,117,119,121" hai1="28,56,126,80,99,12,0,51,13,27,120,107,54" hai2="37,23,78,76,7,112,93,53,39,105,75,94,52" hai3="87,30,46,41,67,10,96,25,131,108,89,132,48"/><V36/><F105/><W63/><G132/><T66/><D128/><U15/><E126/><V2/><F23/><W69/><G131/><T40/><D66/><U133/><E133/><V79/><F75/><W68/><G108/><T5/><D5/><U88/><E0/><V3/><F7/><W118/><G118/><N who="0" m="45067" /><D70/><U123/><E107/><V26/><F26/><W6/><G96/><T103/><D103/><U101/><E101/><V100/><F112/><W84/><G69/><T114/><D114/><U18/><E18/><V57/><F100/><W20/><REACH who="3" step="1"/><G89/><REACH who="3" ten="369,192,234,195" step="2"/><T34/><D34/><U104/><E104/><V62/><REACH who="2" step="1"/><F53/><REACH who="2" ten="369,192,224,195" step="2"/><W58/><G58/><T35/><D35/><U59/><E56/><V16/><F16/><W11/><G11/><T9/><D9/><U45/><E59/><V95/><AGARI ba="0,2" hai="2,3,36,37,39,52,57,62,76,78,79,93,94,95" machi="95" ten="40,12000,1" yaku="1,1,0,1,29,2,54,1,53,0" doraHai="111" doraHaiUra="22" who="2" fromWho="2" sc="369,-40,192,-40,224,140,195,-40" /><INIT seed="2,1,0,4,5,86" ten="329,152,364,155" oya="2" hai0="20,19,98,105,92,52,17,22,4,74,70,35,78" hai1="129,60,67,54,110,14,85,71,117,113,89,128,126" hai2="108,135,112,39,38,133,41,53,23,56,122,61,34" hai3="50,130,48,51,55,2,32,68,66,59,12,8,114"/><V40/><F34/><W6/><G32/><T101/><D70/><U10/><E110/><V16/><F112/><W102/><G114/><T103/><D4/><U104/><E113/><V99/><F122/><W115/><G115/><T37/><D37/><U76/><E126/><V123/><F123/><W69/><G130/><N who="1" m="50282" /><E104/><V83/><F108/><W49/><G102/><T134/><D134/><U75/><E54/><V132/><F99/><W58/><REACH who="3" step="1"/><G2/><REACH who="3" ten="329,152,364,145" step="2"/><T100/><D103/><U64/><E117/><V18/><F132/><W29/><G29/><T62/><D35/><U31/><E31/><V13/><F133/><W63/><AGARI ba="1,1" hai="6,8,12,48,49,50,51,55,58,59,63,66,68,69" machi="63" ten="30,2000,0" yaku="1,1,0,1,53,0" doraHai="86" doraHaiUra="124" who="3" fromWho="3" sc="329,-6,152,-6,364,-11,145,33" /><INIT seed="3,0,0,3,3,69" ten="323,146,353,178" oya="3" hai0="18,88,42,30,103,41,6,131,79,58,8,123,49" hai1="108,56,32,91,134,15,78,102,93,82,119,100,46" hai2="64,132,59,111,80,109,89,39,95,113,124,60,5" hai3="53,121,98,106,130,57,116,118,4,68,40,7,20"/><W29/><G68/><T127/><D123/><U28/><E32/><V87/><F124/><W1/><G40/><T37/><D30/><U126/><E28/><V48/><F113/><W104/><G121/><T21/><D79/><U135/><E56/><V84/><F39/><W83/><G130/><T17/><D131/><U101/><E15/><V47/><F132/><N who="1" m="50729" /><E46/><V73/><F5/><W25/><G83/><T54/><D103/><U71/><E71/><V81/><F73/><W110/><G110/><N who="2" m="41993" /><F87/><W0/><G7/><T26/><D127/><U99/><E108/><V70/><F59/><W117/><G4/><T10/><D17/><U24/><E24/><V45/><F45/><W125/><G125/><T61/><D37/><U67/><E67/><V74/><F74/><W14/><G14/><T112/><D112/><U38/><E38/><V75/><F75/><W36/><G36/><T76/><D76/><U133/><N who="1" m="50737" /><U85/><DORA hai="31" /><E126/><V27/><F27/><W66/><G66/><T19/><D19/><U105/><E119/><V77/><F77/><W129/><G129/><T16/><D18/><U52/><E52/><AGARI ba="0,0" hai="47,48,52,60,64,70,80,81,84,89,95" m="41993" machi="52" ten="30,2000,0" yaku="14,1,54,1" doraHai="69,31" who="2" fromWho="1" sc="323,0,146,-20,353,20,178,0" owari="323,12.3,126,-37.4,373,47.3,178,-22.2" /></mjloggm>