<mjloggm ver="2.3"><GO type="225" lobby="0"/><UN n0="%E3%81%BF%E3%81%BF%E3%81%9A" n1="%4B%2E%32%2E%4B%2E" n2="%E3%83%A9%E3%82%A4%E3%83%B3%E3%81%AE%E8%99%8E" n3="%E3%81%BE%E3%81%8B%E3%81%B7%E3%82%93" dan="18,17,16,16" rate="2278.56,2185.32,2130.04,2067.81" sx="M,M,M,M"/><TAIKYOKU oya="0"/><INIT seed="0,0,0,2,5,128" ten="250,250,250,250" oya="0" hai0="98,102,66,7,118,41,111,68,5,95,87,45,123" hai1="117,67,91,49,130,93,42,110,78,74,57,59,33" hai2="25,79,105,64,36,9,81,26,20,58,103,100,70" hai3="19,30,35,63,99,112,65,94,38,22,23,132,28"/><T129/><D118/><U113/><E117/><V76/><F36/><W71/><G112/><T24/><D123/><U73/><E33/><V127/><F127/><W31/><G38/><T46/><D129/><U47/><E130/><V11/><F70/><W3/><G3/><T18/><D111/><U108/><E113/><V62/><F79/><W101/><G132/><T77/><D66/><U2/><E2/><V114/><F114/><W115/><G115/><T40/><D68/><U120/><E78/><V51/><F51/><W133/><G133/><T39/><D24/><U54/><E67/><V124/><F124/><W1/><G1/><T16/><D77/><U4/><E4/><N who="0" m="1609" /><D39/><U86/><E59/><V135/><F135/><W75/><G75/><T121/><D87/><U60/><REACH who="1" step="1"/><E120/><REACH who="1" ten="250,240,250,250" step="2"/><V10/><F58/><W96/><G35/><T106/><D121/><U6/><E6/><V34/><F34/><W14/><REACH who="3" step="1"/><G99/><REACH who="3" ten="250,240,250,240" step="2"/><T27/><D98/><U72/><AGARI ba="0,2" hai="42,47,49,54,57,60,72,73,74,86,91,93,108,110" machi="72" ten="40,5200,0" yaku="1,1,0,1,53,1" doraHai="128" doraHaiUra="37" who="1" fromWho="1" sc="250,-26,240,72,250,-13,240,-13" /><INIT seed="1,0,0,3,5,45" ten="224,312,237,227" oya="1" hai0="114,129,120,127,60,17,72,44,41,106,126,98,95" hai1="64,31,77,93,37,13,131,89,96,69,47,83,39" hai2="132,12,59,111,68,78,75,32,1,99,8,70,35" hai3="42,40,62,85,116,36,51,74,110,91,90,7,49"/><U18/><E131/><V48/><F1/><W123/><G123/><T0/><D114/><U133/><E133/><V16/><F132/><W73/><G110/><T81/><D129/><U65/><E31/><V26/><F111/><W135/><G135/><T118/><D118/><U33/><E33/><V43/><F99/><W88/><G116/><T23/><D0/><U58/><E69/><V67/><F67/><W63/><G85/><T4/><D4/><U55/><E64/><V20/><F78/><W10/><G36/><T66/><D106/><U5/><E5/><V105/><F75/><N who="3" m="28683" /><G10/><T87/><D72/><U100/><E77/><V61/><F105/><W124/><G7/><T112/><D112/><U19/><E65/><V30/><F61/><N who="3" m="23051" /><G124/><T125/><D120/><U84/><E47/><V103/><F103/><W122/><G122/><T14/><D87/><U80/><E19/><V115/><F115/><W107/><G107/><T97/><D81/><U22/><REACH who="1" step="1"/><E83/><REACH who="1" ten="224,302,237,227" step="2"/><V28/><F28/><W109/><G109/><T102/><D125/><U92/><E92/><V34/><REACH who="2" step="1"/><F43/><AGARI ba="0,1" hai="40,42,43,49,51,88,90,91" m="23051,28683" machi="43" ten="40,8000,1" yaku="28,2,52,2,54,1" doraHai="45" who="3" fromWho="2" sc="224,0,302,0,237,-80,227,90" /><INIT seed="2,0,0,0,0,127" ten="224,302,157,317" oya="2" hai0="42,66,113,107,126,1,112,70,13,93,39,3,76" hai1="34,102,12,87,65,24,28,26,9,43,48,60,40" hai2="122,57,100,115,45,131,69,67,108,8,118,74,35" hai3="38,7,27,116,19,4,21,88,36,84,61,56,63"/><V81/><F115/><W129/><G116/><T121/><D93/><U103/><E24/><V75/><F118/><W123/><G123/><T15/><D76/><U133/><E133/><V31/><F122/><W71/><G71/><T82/><D82/><U0/><E0/><V33/><F57/><W23/><G129/><T110/><D121/><U86/><E102/><V58/><F58/><W72/><G72/><T79/><D79/><U73/><E73/><N who="2" m="27659" /><F81/><N who="3" m="49167" /><G36/><T37/><D66/><U104/><E87/><V22/><F22/><W94/><G38/><T41/><D126/><U62/><E62/><N who="3" m="23562" /><G56/><T132/><D132/><U50/><E86/><V64/><F100/><W53/><G53/><T54/><D54/><U99/><E48/><V96/><F96/><W32/><G32/><N who="2" m="12361" /><F31/><N who="3" m="17903" /><G94/><T78/><D78/><U106/><E50/><V125/><F69/><W18/><G18/><T114/><D70/><N who="1" m="42279" /><E106/><V98/><F125/><W51/><G51/><T77/><D77/><U119/><E119/><V120/><F120/><W46/><G46/><T105/><D113/><U52/><E52/><V124/><F124/><W135/><G135/><T83/><D83/><U89/><E89/><V68/><F68/><W11/><G11/><T59/><D59/><U30/><E30/><V91/><F45/><W20/><G20/><T29/><D29/><U16/><AGARI ba="0,0" hai="9,12,16,26,28,34,40,43,99,103,104" m="42279" machi="16" ten="30,2000,0" yaku="25,1,54,1" doraHai="127" who="1" fromWho="1" sc="224,-5,302,20,157,-10,317,-5" /><INIT seed="3,0,0,5,1,27" ten="219,322,147,312" oya="3" hai0="81,70,4,134,32,20,135,117,38,127,95,1,36" hai1="59,72,79,126,16,78,63,65,40,23,96,26,10" hai2="2,87,103,46,93,82,120,17,80,107,77,13,67" hai3="68,21,100,3,99,43,44,50,41,49,56,11,86"/><W112/><G68/><T129/><D32/><U0/><E126/><V97/><F120/><W69/><G112/><T121/><D70/><U88/><E72/><V123/><F123/><W37/><G69/><T48/><D81/><U66/><E40/><V101/><F2/><W115/><G115/><T84/><D20/><U45/><E45/><V25/><F67/><N who="1" m="25609" /><E0/><V75/><F46/><W30/><G86/><T19/><D4/><U5/><E5/><V15/><F25/><W122/><G122/><T74/><D48/><U104/><E104/><V83/><F15/><W6/><G43/><T12/><D95/><N who="1" m="56423" /><E10/><V53/><F53/><AGARI ba="0,0" hai="16,23,26,53,59,63,78,79" m="56423,25609" machi="53" ten="30,7700,0" yaku="25,1,8,1,54,2" doraHai="27" who="1" fromWho="2" sc="219,0,322,77,147,-77,312,0" owari="219,-18.1,399,49.9,70,-43.0,312,11.2" /></mjloggm>