<mjloggm ver="2.3"><GO type="225" lobby="0"/><UN n0="%E3%83%A9%E3%82%A4%E3%83%B3%E3%81%AE%E8%99%8E" n1="%E3%83%94%E3%82%AB%E3%83%81%E3%83%A5%E3%82%A6%E3%81%8F%E3%82%93" n2="%6C%65%74%69%74%62%65" n3="%E3%81%AE%E3%81%AA%E3%82%81%E3%83%BC%E3%82%93" dan="16,16,16,16" rate="2142.32,2107.98,2075.13,2089.14" sx="M,F,M,M"/><TAIKYOKU oya="0"/><INIT seed="0,0,0,0,1,60" ten="250,250,250,250" oya="0" hai0="121,63,117,54,9,34,129,106,108,0,46,75,23" hai1="20,114,22,124,118,36,24,76,80,69,84,110,90" hai2="51,98,93,87,109,70,102,14,131,21,89,104,112" hai3="25,94,53,71,49,13,78,128,32,79,77,92,47"/><T6/><D117/><U56/><E69/><V45/><F112/><W134/><G71/><T61/><D121/><U19/><E36/><V27/><F109/><W33/><G128/><T125/><D34/><U67/><E110/><V58/><F131/><W97/><G134/><T73/><D129/><U100/><E118/><V103/><F70/><W105/><G105/><T12/><D108/><U2/><E2/><V130/><F130/><W86/><G25/><T119/><D106/><U96/><E124/><V113/><F113/><W15/><G32/><T48/><D119/><U10/><E76/><V4/><F58/><W52/><G53/><T82/><D125/><U39/><E39/><V132/><F132/><W50/><G50/><T123/><D123/><U99/><E10/><V68/><F68/><W127/><G33/><T65/><D82/><U43/><E43/><V85/><F102/><N who="3" m="60711" /><G127/><T44/><D44/><U37/><E37/><V18/><F104/><W64/><G64/><T16/><REACH who="0" step="1"/><D61/><REACH who="0" ten="240,250,250,250" step="2"/><N who="1" m="38311" /><E114/><V107/><F107/><W30/><G30/><T7/><D7/><U116/><E116/><V57/><F4/><W29/><G29/><T62/><D62/><U133/><E133/><V3/><F93/><W120/><G120/><T38/><D38/><U101/><E101/><V88/><F103/><W5/><G5/><T40/><D40/><U81/><E100/><V122/><F122/><W11/><G94/><T72/><D72/><U74/><E74/><V31/><F31/><W55/><G47/><T8/><D8/><U115/><E115/><V1/><F45/><W28/><G28/><RYUUKYOKU ba="0,1" sc="240,30,250,-10,250,-10,250,-10" hai0="0,6,9,12,16,23,46,48,54,63,65,73,75" /><INIT seed="0,1,1,4,2,12" ten="270,240,240,240" oya="0" hai0="65,129,74,52,101,76,9,35,53,5,111,80,3" hai1="48,19,15,114,88,20,100,75,47,0,66,32,92" hai2="120,112,49,95,60,17,11,23,24,98,105,7,69" hai3="91,37,42,93,61,86,1,82,109,96,54,133,38"/><T103/><D35/><U79/><E32/><V68/><F112/><W50/><G1/><T46/><D129/><U134/><E0/><V27/><F120/><W26/><G109/><T122/><D122/><U123/><E123/><V2/><F105/><W132/><G26/><T43/><D111/><U118/><E118/><V128/><F128/><W78/><G61/><T127/><D65/><U34/><E34/><V41/><F60/><W83/><G83/><T51/><REACH who="0" step="1"/><D127/><REACH who="0" ten="260,240,240,240" step="2"/><U59/><E66/><V130/><F130/><W29/><G133/><T10/><D10/><U113/><E134/><V121/><F121/><W104/><G132/><T18/><D18/><U89/><E114/><V4/><F7/><W124/><G124/><T77/><D77/><U36/><E113/><V58/><F68/><W72/><G78/><T8/><D8/><U45/><E79/><V63/><F69/><W126/><G126/><T56/><D56/><U81/><E59/><V85/><F58/><W39/><G29/><T6/><D6/><U28/><E28/><V102/><F11/><W55/><G72/><T71/><D71/><U84/><E75/><V107/><F4/><W16/><G16/><T73/><D73/><U117/><E19/><V13/><F17/><W25/><G25/><T94/><D94/><U90/><E92/><V33/><F24/><W22/><G104/><T116/><D116/><U31/><E117/><V70/><F27/><W67/><G67/><T30/><D30/><U119/><E31/><V87/><F33/><W99/><G93/><T40/><D40/><U131/><E119/><RYUUKYOKU ba="1,2" sc="260,30,240,-10,240,-10,240,-10" hai0="3,5,9,43,46,51,52,53,74,76,80,101,103" /><INIT seed="0,2,2,1,0,102" ten="290,230,230,230" oya="0" hai0="64,49,9,117,132,40,100,125,31,118,30,72,124" hai1="70,96,83,86,73,56,7,128,33,59,16,80,103" hai2="74,66,77,87,94,20,13,54,44,51,101,127,57" hai3="65,46,32,105,15,1,78,121,67,41,5,37,17"/><T129/><D72/><U81/><E70/><V38/><F127/><N who="0" m="48714" /><D129/><U98/><E128/><V11/><F74/><W92/><G92/><T123/><D123/><U91/><E33/><V48/><F38/><W58/><G105/><T8/><D64/><U88/><E7/><V130/><F130/><W104/><G104/><T115/><D100/><U47/><E47/><V133/><F20/><W22/><G78/><T69/><D69/><U135/><E135/><V111/><F133/><W14/><G121/><T60/><D60/><U110/><E110/><V62/><F48/><W106/><G106/><T113/><D132/><U39/><E39/><V10/><F111/><W131/><G131/><T90/><D90/><N who="1" m="34347" /><E103/><V50/><F50/><W52/><G32/><T107/><D107/><U108/><E73/><V75/><F75/><W42/><G65/><T97/><D97/><N who="1" m="37483" /><E86/><V71/><F101/><W28/><G67/><T45/><D117/><U93/><E93/><V26/><F94/><W134/><G134/><T19/><D118/><U25/><E108/><V119/><F119/><W89/><G89/><T21/><D8/><U76/><E76/><V63/><F77/><W27/><G37/><T43/><D9/><U53/><E53/><V116/><F116/><W82/><G52/><T29/><D43/><U24/><E24/><AGARI ba="2,2" hai="19,21,24,29,30,31,40,45,49,113,115" m="48714" machi="24" ten="30,1500,0" yaku="18,1" doraHai="102" who="0" fromWho="1" sc="290,41,230,-21,230,0,230,0" /><INIT seed="0,3,0,4,0,124" ten="331,209,230,230" oya="0" hai0="114,66,6,89,92,87,115,21,52,60,26,134,23" hai1="77,53,126,81,25,50,96,45,74,95,71,16,83" hai2="1,102,46,119,57,120,69,113,51,85,44,32,29" hai3="58,101,122,2,116,24,31,65,27,40,121,99,129"/><T103/><D134/><U130/><E126/><V54/><F1/><W35/><G116/><T17/><D6/><U84/><E71/><V18/><F113/><W68/><G2/><T90/><D103/><U106/><E106/><V0/><F120/><N who="3" m="46187" /><G24/><T41/><D41/><U14/><E25/><V61/><F0/><W48/><G40/><T11/><D11/><U105/><E105/><V132/><F132/><W34/><G34/><T118/><D118/><U104/><E104/><V110/><F110/><W82/><G82/><T86/><D23/><U80/><E74/><V22/><F29/><W127/><G127/><T111/><D111/><U7/><E7/><V19/><F32/><W43/><G43/><T108/><D108/><U9/><REACH who="1" step="1"/><E130/><REACH who="1" ten="331,199,230,230" step="2"/><V97/><F119/><W133/><G129/><T117/><D117/><U75/><E75/><V70/><F70/><W59/><G133/><T33/><D115/><U131/><E131/><V73/><F69/><W88/><G68/><T47/><D114/><U76/><E76/><V125/><F73/><W72/><G72/><T39/><D26/><U36/><E36/><V56/><F125/><W28/><G27/><T109/><D39/><U79/><E79/><V64/><F18/><W5/><G5/><T4/><D17/><U94/><E94/><N who="2" m="58679" /><F85/><W98/><G28/><T78/><D87/><U107/><E107/><V123/><F123/><W12/><G31/><T3/><D86/><U20/><E20/><V91/><F22/><W67/><G35/><T10/><D33/><U112/><E112/><V49/><F19/><W15/><G99/><RYUUKYOKU ba="3,1" sc="331,-10,199,30,230,-10,230,-10" hai1="9,14,16,45,50,53,77,80,81,83,84,95,96" /><INIT seed="1,4,1,5,4,58" ten="321,229,220,220" oya="1" hai0="6,5,40,38,2,108,105,34,19,49,80,44,133" hai1="45,32,103,13,86,48,123,111,35,23,43,20,88" hai2="115,101,114,109,15,70,95,17,107,60,64,57,113" hai3="106,98,39,12,119,71,42,89,33,135,76,59,7"/><U3/><E3/><V84/><F109/><W25/><G71/><T97/><D108/><U21/><E123/><V82/><F107/><W66/><G135/><T131/><D34/><U31/><E111/><V94/><F101/><W91/><G76/><T22/><D131/><U126/><E126/><V14/><F70/><W68/><G59/><T61/><D38/><U122/><E122/><V116/><F116/><W124/><G124/><T46/><D46/><U65/><E103/><V99/><F99/><W72/><G72/><T16/><D2/><U69/><E31/><V1/><F1/><W18/><G7/><T8/><D80/><U27/><E13/><N who="2" m="4619" /><F17/><W63/><G42/><T125/><D19/><U50/><E27/><V110/><F110/><W130/><G130/><T118/><D16/><U24/><E24/><V52/><F64/><W104/><G39/><T90/><D105/><U47/><E65/><V10/><F10/><N who="3" m="6423" /><G119/><T9/><D9/><U30/><E69/><V81/><F81/><W36/><G36/><T62/><D118/><U127/><E127/><V4/><F4/><W120/><G120/><T96/><D6/><U78/><E78/><AGARI ba="4,1" hai="52,57,60,78,82,84,94,95,113,114,115" m="4619" machi="78" ten="30,3900,0" yaku="11,1,52,1,54,1" doraHai="58" who="2" fromWho="1" sc="321,0,229,-51,220,61,220,0" /><INIT seed="2,0,0,2,0,64" ten="321,178,281,220" oya="2" hai0="109,129,22,32,113,133,78,79,116,74,34,108,86" hai1="13,39,100,61,105,27,121,12,48,122,107,60,41" hai2="11,124,8,57,37,59,99,125,36,130,63,40,110" hai3="66,118,93,135,69,75,102,28,111,2,101,55,123"/><V89/><F130/><W42/><G42/><T30/><D113/><U3/><E3/><V82/><F40/><W16/><G28/><T88/><D129/><U43/><E39/><V115/><F115/><W4/><G75/><T83/><D133/><U58/><E27/><V77/><F99/><W131/><G123/><T90/><D90/><U19/><E58/><V128/><F128/><W1/><G118/><T24/><D116/><U80/><E48/><V85/><F77/><N who="0" m="29194" /><D74/><U73/><E73/><V76/><F76/><W54/><G131/><T49/><D49/><U114/><E114/><V67/><F57/><W5/><G66/><T14/><D14/><U6/><E6/><V29/><F29/><W84/><G84/><T0/><D0/><U45/><E45/><V38/><REACH who="2" step="1"/><F110/><AGARI ba="0,0" hai="22,24,30,32,34,83,86,88,108,109,110" m="29194" machi="110" ten="30,2000,0" yaku="14,1,54,1" doraHai="64" who="0" fromWho="2" sc="321,20,178,0,281,-20,220,0" /><INIT seed="3,0,0,1,2,63" ten="341,178,261,220" oya="3" hai0="83,82,107,23,105,70,91,45,110,103,8,27,0" hai1="59,116,29,5,36,10,19,124,100,60,28,67,57" hai2="61,127,86,90,40,104,112,96,98,133,14,55,66" hai3="41,81,32,75,120,34,94,33,123,52,42,2,9"/><W97/><G75/><T4/><D70/><U118/><E36/><V77/><F112/><W64/><G81/><T71/><D71/><U16/><E100/><V54/><F77/><W3/><G64/><T17/><D110/><U89/><E89/><V18/><F40/><W80/><G80/><T130/><D130/><U101/><E101/><V74/><F74/><W51/><G42/><T43/><D103/><U99/><E99/><V106/><F133/><W48/><G41/><T84/><D83/><U39/><E39/><AGARI ba="0,0" hai="0,4,8,17,23,27,39,43,45,82,84,91,105,107" machi="39" ten="30,1000,0" yaku="7,1" doraHai="63" who="0" fromWho="1" sc="341,10,178,-10,261,0,220,0" owari="351,45.1,168,-33.2,261,6.1,220,-18.0" /></mjloggm>