<mjloggm ver="2.3"><GO type="225" lobby="0"/><UN n0="%E9%BB%99%E8%81%B4%E3%81%AE%E3%81%99%E3%82%9D%E3%82%81" n1="%65%76%69%61%6E%36%31%39" n2="%77%72%77%72%77%72%77%72" n3="%E3%83%A9%E3%82%B9%E7%8E%87%EF%BC%93%E5%89%B2" dan="16,16,16,17" rate="2076.13,2081.80,2186.98,2195.95" sx="M,M,M,F"/><TAIKYOKU oya="0"/><INIT seed="0,0,0,4,3,13" ten="250,250,250,250" oya="0" hai0="92,119,63,29,101,106,6,31,9,20,44,49,42" hai1="90,72,116,128,123,26,132,50,41,89,66,84,53" hai2="5,113,27,19,80,43,87,37,70,54,95,23,115" hai3="76,88,59,121,16,109,122,11,24,86,65,32,14"/><T97/><D119/><U40/><E123/><N who="3" m="47114" /><G109/><T34/><D34/><U114/><E72/><V120/><F120/><W17/><G76/><T38/><D106/><U93/><E132/><V74/><F70/><W60/><G32/><T36/><D63/><U15/><E128/><V56/><F5/><N who="3" m="3439" /><G24/><T82/><D82/><AGARI ba="0,0" hai="16,17,59,60,65,82,86,88" m="3439,47114" machi="82" ten="30,8000,1" yaku="13,1,52,2,54,2" doraHai="13" who="3" fromWho="0" sc="250,-80,250,0,250,0,250,80" /><INIT seed="1,0,0,3,3,135" ten="170,250,250,330" oya="1" hai0="29,110,105,92,50,16,73,108,91,1,116,123,109" hai1="99,66,122,79,58,62,114,103,100,126,83,53,113" hai2="133,33,115,36,57,111,48,14,87,6,10,51,80" hai3="75,89,88,45,72,127,86,70,128,85,28,25,76"/><U102/><E122/><V101/><F133/><W90/><G70/><T117/><D123/><U98/><E114/><V130/><F115/><W61/><G61/><T81/><D1/><U124/><E113/><V112/><F112/><W119/><G45/><T2/><D2/><U11/><E11/><V104/><F111/><W31/><G128/><T22/><D105/><U96/><REACH who="1" step="1"/><E66/><REACH who="1" ten="170,240,250,330" step="2"/><V7/><F10/><W107/><G119/><T65/><D65/><U84/><AGARI ba="0,1" hai="53,58,62,79,83,84,96,98,99,100,102,103,124,126" machi="84" ten="40,12000,1" yaku="1,1,2,1,0,1,52,2,53,0" doraHai="135" doraHaiUra="63" who="1" fromWho="1" sc="170,-40,240,130,250,-40,330,-40" /><INIT seed="1,1,0,5,2,114" ten="130,370,210,290" oya="1" hai0="0,56,72,3,100,11,9,41,64,95,23,16,17" hai1="77,66,86,49,134,133,35,24,57,31,87,82,34" hai2="4,116,119,51,89,46,58,36,27,106,7,123,107" hai3="98,74,80,8,93,5,76,25,117,62,65,26,40"/><U18/><E35/><V42/><F123/><W127/><G127/><T130/><D72/><U96/><E18/><V12/><F27/><W52/><G40/><T38/><D130/><U61/><E86/><V85/><F106/><W19/><G117/><T104/><D104/><U91/><E96/><V121/><F107/><W67/><G19/><T59/><D38/><U75/><REACH who="1" step="1"/><E49/><REACH who="1" ten="130,360,210,290" step="2"/><V118/><F121/><W99/><G98/><T109/><D16/><U78/><E78/><V6/><F12/><W54/><G99/><T44/><D17/><U102/><E102/><V125/><F125/><W70/><G25/><T115/><D100/><U113/><E113/><V10/><F10/><W90/><G26/><T94/><D115/><U47/><E47/><V55/><REACH who="2" step="1"/><F4/><REACH who="2" ten="130,360,200,290" step="2"/><W28/><G8/><T79/><D11/><U50/><E50/><V92/><AGARI ba="1,2" hai="6,7,36,42,46,51,55,58,85,89,92,116,118,119" machi="92" ten="30,12000,2" yaku="1,1,2,1,0,1,52,3,53,1" doraHai="114" doraHaiUra="39" who="2" fromWho="2" sc="130,-31,360,-61,200,143,290,-31" /><INIT seed="2,0,0,4,0,67" ten="99,299,343,259" oya="2" hai0="9,82,127,131,99,56,119,76,100,93,7,120,62" hai1="58,59,52,79,90,113,16,21,83,29,26,24,112" hai2="6,66,31,65,41,78,77,32,23,55,117,27,110" hai3="44,124,71,39,2,49,75,48,68,36,28,91,88"/><V84/><F117/><W106/><G2/><T45/><D131/><U102/><E90/><N who="3" m="34346" /><G44/><T20/><D127/><U10/><E102/><V12/><F41/><W98/><G98/><T0/><D120/><U123/><E59/><V69/><F69/><N who="3" m="26699" /><G28/><T3/><D119/><U89/><E89/><V51/><F110/><W107/><G75/><T134/><D134/><U5/><E123/><V122/><F122/><W30/><G30/><T132/><D132/><U109/><E109/><V125/><F125/><W37/><G124/><T103/><D103/><U72/><E26/><V96/><F96/><W104/><AGARI ba="0,0" hai="36,37,39,48,49,104,106,107" m="26699,34346" machi="104" ten="50,12000,2" yaku="28,2,52,3,54,1" doraHai="67" who="3" fromWho="3" sc="99,-30,299,-30,343,-60,259,120" /><INIT seed="3,0,0,2,0,134" ten="69,269,283,379" oya="3" hai0="58,118,19,20,129,111,6,105,38,80,34,101,109" hai1="97,4,32,104,76,9,28,23,69,133,100,12,82" hai2="89,113,86,21,99,84,74,83,91,29,54,66,68" hai3="2,112,13,125,110,103,37,117,73,51,128,56,135"/><W85/><RYUUKYOKU type="yao9" ba="0,0" sc="69,0,269,0,283,0,379,0" hai3="2,13,37,51,56,73,85,103,110,112,117,125,128,135" /><INIT seed="3,1,0,5,5,99" ten="69,269,283,379" oya="3" hai0="89,7,71,87,0,128,108,34,118,59,132,54,75" hai1="94,106,40,51,135,82,35,114,113,63,13,126,24" hai2="107,31,101,77,93,21,62,102,53,86,109,83,76" hai3="90,133,104,84,121,57,120,33,80,28,119,115,23"/><W16/><G115/><T91/><D91/><U18/><E106/><V43/><F109/><W60/><G119/><T95/><D95/><U61/><E35/><V55/><F107/><W47/><G133/><T26/><D89/><U9/><E24/><N who="2" m="16783" /><F43/><W17/><G17/><T96/><D87/><U39/><E39/><V8/><F8/><W74/><G74/><T129/><D96/><U64/><E126/><V70/><F70/><W22/><G22/><T4/><D59/><U78/><E135/><V85/><F62/><W44/><G28/><T12/><D54/><N who="2" m="20490" /><F93/><W50/><G33/><T2/><D12/><U56/><E94/><V117/><F117/><W105/><G105/><T38/><D26/><U130/><E130/><V58/><F58/><W65/><G104/><T122/><D122/><U100/><E63/><V97/><F97/><W88/><G90/><T36/><D7/><U48/><E114/><V37/><F37/><W72/><G72/><T116/><D4/><U124/><E124/><V127/><F127/><W52/><G47/><T49/><D49/><U69/><E113/><V25/><F25/><AGARI ba="1,0" hai="16,23,25,44,50,52,57,60,65,80,84,88,120,121" machi="25" ten="30,11600,0" yaku="7,1,54,3" doraHai="99" who="3" fromWho="2" sc="69,0,269,0,283,-119,379,119" owari="69,-43.1,269,6.9,164,-23.6,498,59.8" /></mjloggm>