<mjloggm ver="2.3"><GO type="225" lobby="0"/><UN n0="%E3%83%81%E3%83%83%E3%82%BF%E3%82%BD%E3%83%BC" n1="%E3%83%96%E3%83%83%E3%83%91%E3%82%AA%E3%83%96%E3%83%81%E3%82%AD%E3%83%B3" n2="%E3%83%B4%E3%83%A0%EF%BC%99%E3%81%A6" n3="%E3%82%8F%E3%81%8B%E3%81%B0%2A%E3%82%AC%E3%83%BC%E3%83%AB" dan="16,17,17,16" rate="2220.43,2179.60,2154.15,2087.62" sx="F,M,M,M"/><TAIKYOKU oya="0"/><INIT seed="0,0,0,3,0,13" ten="250,250,250,250" oya="0" hai0="56,46,8,79,124,98,135,64,74,35,115,2,84" hai1="51,130,117,72,94,97,93,43,54,107,50,26,120" hai2="116,101,31,1,69,18,92,12,89,49,121,61,127" hai3="47,45,73,39,109,71,86,11,57,32,128,53,52"/><T82/><D124/><U59/><E117/><V42/><F127/><W85/><G73/><T106/><D135/><U9/><E120/><V91/><F121/><W67/><G109/><T110/><D110/><U44/><E72/><V100/><F1/><W4/><G32/><T0/><D115/><U134/><E134/><V15/><F116/><W5/><G128/><T132/><D132/><U122/><E122/><V22/><F31/><W19/><G71/><T96/><D35/><U33/><E130/><V24/><F89/><W81/><G67/><T16/><D74/><U78/><E78/><V87/><F69/><W58/><G39/><T123/><D123/><U77/><E77/><V119/><F61/><W37/><G37/><T20/><D46/><U80/><E80/><V75/><F75/><W70/><G70/><T102/><D96/><U30/><REACH who="1" step="1"/><E9/><REACH who="1" ten="250,240,250,250" step="2"/><V14/><REACH who="2" step="1"/><F119/><REACH who="2" ten="250,240,240,250" step="2"/><W112/><G112/><T65/><D79/><U63/><E63/><V76/><F76/><W6/><G81/><T27/><D82/><U126/><E126/><V34/><F34/><W7/><G11/><T62/><D8/><U60/><E60/><V21/><F21/><W108/><G108/><T10/><D10/><U55/><E55/><V29/><F29/><W83/><G83/><T113/><D113/><U88/><E88/><V114/><F114/><W17/><G53/><T129/><D129/><U125/><E125/><V3/><F3/><N who="0" m="1066" /><D64/><U99/><E99/><V25/><F25/><W105/><G52/><T28/><D84/><U95/><E95/><V118/><F118/><W103/><G85/><RYUUKYOKU ba="0,2" sc="250,10,240,10,240,10,250,-30" hai0="16,20,27,28,56,62,65,98,102,106" hai1="26,30,33,43,44,50,51,54,59,93,94,97,107" hai2="12,14,15,18,22,24,42,49,87,91,92,100,101" /><INIT seed="0,1,2,0,2,94" ten="260,250,250,220" oya="0" hai0="54,111,12,132,45,33,92,20,112,116,57,40,74" hai1="90,79,27,66,38,48,76,13,71,108,42,36,135" hai2="47,60,109,30,8,95,70,85,0,104,18,87,98" hai3="122,49,80,41,31,72,120,61,117,5,67,93,119"/><T86/><D112/><U25/><E108/><V39/><F109/><W51/><G5/><T131/><D116/><N who="3" m="44617" /><G31/><T77/><D131/><U133/><E48/><N who="3" m="18506" /><G93/><T128/><D33/><U52/><E52/><V19/><F30/><W23/><G23/><T82/><D111/><U53/><E53/><V107/><F107/><W118/><N who="3" m="44625" /><W55/><DORA hai="126" /><G41/><T29/><D132/><N who="1" m="50763" /><E13/><V24/><F104/><W56/><G80/><T114/><D114/><U89/><E42/><V123/><F24/><N who="1" m="9289" /><E66/><V91/><F18/><W28/><G28/><T88/><D12/><U44/><E71/><V6/><F19/><W2/><G72/><T73/><D29/><U130/><E44/><V96/><F70/><N who="3" m="42351" /><G2/><T65/><D20/><U106/><E106/><V75/><F6/><W15/><G15/><T97/><D73/><U1/><E1/><V3/><F0/><W37/><G37/><N who="1" m="14442" /><E130/><V113/><F3/><W129/><G129/><T100/><D128/><U110/><E110/><V63/><F39/><W121/><G55/><T14/><D14/><U9/><E9/><V58/><F75/><W43/><G43/><T105/><D40/><U46/><E46/><V84/><F8/><W103/><G56/><T22/><D22/><U99/><E99/><V32/><F58/><W59/><G59/><T50/><D45/><U125/><E125/><V17/><F47/><W69/><G69/><T83/><D65/><U127/><E127/><V81/><F96/><W64/><G64/><T7/><D7/><U26/><N who="1" m="9297" /><U34/><DORA hai="16" /><E34/><V78/><F32/><W35/><G35/><RYUUKYOKU ba="1,2" sc="260,10,250,10,250,-30,220,10" hai0="50,54,57,74,77,82,83,86,88,92,97,100,105" hai1="76,79,89,90" hai3="103,120,121,122" /><INIT seed="0,2,2,3,2,4" ten="270,260,220,230" oya="0" hai0="17,75,29,122,131,49,35,76,129,40,8,3,54" hai1="94,39,90,19,62,80,125,27,113,5,69,0,26" hai2="73,61,105,55,38,124,16,11,67,118,109,50,101" hai3="63,43,57,91,46,85,74,130,13,42,132,121,120"/><T71/><D122/><N who="3" m="47209" /><G132/><T81/><D71/><U60/><E39/><V117/><F38/><W119/><G119/><N who="2" m="45577" /><F73/><W41/><G74/><T56/><D40/><U12/><E125/><V48/><F124/><W82/><G130/><N who="0" m="49675" /><D29/><U36/><E36/><V70/><F109/><W72/><G72/><T68/><D35/><U31/><E113/><V79/><F79/><W99/><G13/><N who="0" m="7335" /><D68/><U32/><E69/><V21/><F11/><W96/><G46/><T20/><D20/><N who="1" m="11367" /><E80/><V95/><F105/><W103/><G103/><T78/><D78/><U45/><E45/><V53/><F53/><AGARI ba="2,2" hai="41,42,43,53,57,63,82,85,91,96,99" m="47209" machi="53" ten="30,1000,0" yaku="13,1" doraHai="4" who="3" fromWho="2" sc="270,0,260,0,220,-16,230,36" /><INIT seed="1,0,0,4,5,74" ten="270,260,204,266" oya="1" hai0="37,108,70,33,115,31,18,104,35,134,49,55,27" hai1="83,54,60,118,11,75,109,93,46,90,71,21,69" hai2="113,129,7,25,94,67,91,79,50,64,119,66,123" hai3="3,16,100,1,116,39,117,45,126,97,111,14,19"/><U73/><E118/><N who="3" m="45674" /><G111/><T4/><D108/><U61/><E109/><V102/><F119/><W72/><G72/><T128/><D134/><U56/><E46/><V101/><F123/><W63/><G126/><T29/><D128/><U86/><E21/><V114/><F129/><W99/><G63/><T38/><D115/><U96/><E69/><V84/><F7/><W135/><G135/><T20/><D104/><U26/><E26/><V41/><F25/><W17/><G14/><T42/><D70/><U77/><REACH who="1" step="1"/><E11/><REACH who="1" ten="270,250,204,266" step="2"/><V107/><F113/><W6/><G45/><T57/><D33/><U78/><E78/><V65/><F114/><W47/><G47/><T132/><D132/><U9/><E9/><V110/><F110/><W112/><G112/><T76/><D76/><U23/><E23/><V127/><F127/><W82/><G39/><T43/><D37/><U2/><E2/><V34/><F34/><W105/><G1/><T52/><D38/><U106/><E106/><V121/><F107/><W40/><G40/><N who="0" m="15403" /><D35/><U130/><E130/><V89/><N who="2" m="16384" /><DORA hai="88" /><V32/><F121/><W28/><G105/><T62/><D29/><U133/><E133/><V98/><F32/><W92/><G28/><T22/><D31/><U85/><E85/><V122/><F122/><W58/><G3/><T8/><D20/><U5/><E5/><V53/><F79/><W15/><G6/><T87/><D87/><U103/><E103/><N who="2" m="39435" /><F41/><W81/><G15/><T12/><D4/><U124/><E124/><V95/><F84/><W120/><G120/><T30/><D8/><U44/><E44/><RYUUKYOKU ba="0,1" sc="270,-10,250,30,204,-10,266,-10" hai1="54,56,60,61,71,73,75,77,83,86,90,93,96" /><INIT seed="1,1,1,5,5,81" ten="260,280,194,256" oya="1" hai0="129,40,16,106,111,63,74,26,57,97,15,14,8" hai1="17,87,130,90,91,115,56,53,10,95,105,51,119" hai2="117,122,75,6,82,12,13,27,22,109,107,113,19" hai3="134,28,101,46,84,93,92,112,80,73,114,21,58"/><U64/><E130/><V118/><F107/><W83/><G46/><T62/><D111/><U1/><E115/><V86/><F122/><W7/><G7/><T25/><D129/><U89/><E119/><V94/><F109/><W55/><G134/><T116/><D74/><U4/><E105/><V124/><F124/><W32/><G32/><T69/><D116/><U50/><E64/><V45/><F113/><W24/><G73/><T59/><D40/><U96/><E17/><V34/><F75/><W67/><G67/><T20/><D69/><U48/><REACH who="1" step="1"/><E91/><REACH who="1" ten="260,270,194,256" step="2"/><V49/><F117/><W127/><G112/><T78/><D106/><U68/><E68/><V52/><F118/><W30/><G114/><T3/><D16/><U126/><E126/><V85/><F6/><W9/><G127/><T100/><D100/><U70/><E70/><V71/><F71/><W41/><G101/><T135/><D135/><U11/><E11/><V125/><F125/><W31/><G31/><T120/><D8/><U108/><E108/><V98/><F34/><W42/><G30/><T61/><D120/><U121/><E121/><V33/><F33/><W43/><G9/><T99/><D20/><U128/><E128/><V102/><F85/><W23/><G21/><T0/><D97/><U54/><E54/><V2/><REACH who="2" step="1"/><F2/><REACH who="2" ten="260,270,184,256" step="2"/><W88/><G93/><AGARI ba="1,3" hai="1,4,10,48,50,51,53,56,87,89,90,93,95,96" machi="93" ten="30,5800,0" yaku="1,1,7,1,52,1,53,0" doraHai="81" doraHaiUra="39" who="1" fromWho="3" sc="260,0,270,91,184,0,256,-61" /><INIT seed="1,2,0,5,5,108" ten="260,361,184,195" oya="1" hai0="64,10,23,0,128,73,122,127,85,52,45,7,115" hai1="39,59,13,78,79,114,124,99,117,40,135,102,134" hai2="28,55,89,15,66,76,90,36,93,16,57,129,133" hai3="132,69,75,103,83,97,11,91,106,21,98,86,119"/><U77/><E117/><V58/><F36/><W53/><G69/><T38/><D73/><U112/><E59/><V72/><F129/><W26/><G119/><T37/><D128/><U96/><E39/><V48/><F133/><N who="1" m="50697" /><E40/><V9/><F28/><W70/><G70/><T56/><D127/><U3/><E3/><V68/><F68/><W46/><G132/><T92/><D122/><U130/><E130/><V94/><F76/><N who="1" m="29289" /><E124/><V50/><F72/><W12/><G75/><T101/><D64/><U32/><E32/><V110/><F110/><W126/><G126/><T105/><D105/><N who="1" m="63687" /><E13/><V4/><F4/><W44/><G98/><T27/><D45/><U6/><E6/><V33/><F33/><W109/><G109/><T111/><D111/><U14/><E14/><V131/><F131/><W61/><G61/><T5/><D5/><U121/><E121/><V17/><F17/><W63/><G63/><T8/><D37/><U113/><N who="1" m="29297" /><U1/><DORA hai="18" /><E1/><V24/><F24/><W34/><G34/><T87/><D38/><U74/><E74/><V43/><F43/><W104/><G104/><T71/><D71/><U31/><E99/><V107/><F107/><W29/><REACH who="3" step="1"/><G53/><REACH who="3" ten="260,361,184,185" step="2"/><T47/><D52/><U65/><E31/><V51/><F66/><AGARI ba="2,1" hai="65,66,112,113,114" m="63687,29297,50697" machi="66" ten="50,12000,1" yaku="20,1,52,3" doraHai="108,18" who="1" fromWho="2" sc="260,0,361,136,184,-126,185,0" /><INIT seed="1,3,0,0,1,122" ten="260,497,58,185" oya="1" hai0="60,5,74,46,72,119,134,38,127,27,94,55,95" hai1="6,97,54,71,73,37,131,40,121,48,70,75,26" hai2="43,32,30,89,28,34,7,49,82,87,45,90,22" hai3="135,78,109,107,98,15,108,24,100,17,115,14,112"/><U133/><E121/><V69/><F69/><W66/><G135/><T61/><D119/><U81/><E133/><V91/><F32/><W103/><G78/><T19/><D134/><U50/><E6/><V13/><F34/><W86/><G66/><T118/><D118/><U129/><E26/><V29/><REACH who="2" step="1"/><F22/><REACH who="2" ten="260,497,48,185" step="2"/><N who="3" m="13391" /><G115/><T51/><D5/><U125/><E70/><V105/><F105/><W123/><G112/><T58/><D127/><U84/><E71/><V10/><AGARI ba="3,1" hai="7,10,13,28,29,30,43,45,49,82,87,89,90,91" machi="10" ten="30,4000,0" yaku="1,1,0,1,8,1,53,0" doraHai="122" doraHaiUra="102" who="2" fromWho="2" sc="260,-13,497,-23,48,59,185,-13" /><INIT seed="2,0,0,1,3,74" ten="247,474,107,172" oya="2" hai0="92,89,58,35,82,116,97,73,14,48,66,31,40" hai1="123,26,99,22,8,93,119,47,17,29,44,115,133" hai2="60,109,34,28,131,41,121,11,81,102,78,64,76" hai3="49,1,16,106,122,72,33,124,62,113,85,53,101"/><V80/><F121/><W10/><G122/><T24/><D116/><U57/><E123/><V4/><F131/><W125/><G72/><T7/><D73/><U2/><E115/><V67/><F109/><W36/><G36/><T68/><D68/><U88/><E119/><V90/><F102/><W61/><G33/><T25/><D25/><U77/><E133/><V75/><F90/><W105/><G113/><T18/><D7/><U108/><E108/><V71/><F64/><W20/><G85/><T56/><D66/><U32/><E77/><V52/><F41/><W39/><G39/><T15/><D15/><N who="1" m="9535" /><E57/><V95/><F95/><W38/><G38/><T107/><D107/><U0/><E0/><V117/><F117/><W79/><G79/><T21/><D82/><U120/><E120/><V129/><F129/><W96/><G106/><T5/><D5/><AGARI ba="0,0" hai="2,5,8,26,29,32,44,47,88,93,99" m="9535" machi="5" ten="30,2000,0" yaku="24,1,54,1" doraHai="74" who="1" fromWho="0" sc="247,-20,474,20,107,0,172,0" /><INIT seed="3,0,0,0,0,82" ten="227,494,107,172" oya="3" hai0="9,63,81,116,42,70,123,122,133,118,4,56,22" hai1="78,35,40,89,134,83,51,110,25,115,46,119,87" hai2="95,98,2,52,61,24,55,16,135,75,120,66,91" hai3="23,19,128,64,125,58,130,94,129,113,53,97,60"/><W29/><G113/><T108/><D70/><U121/><E115/><V99/><F2/><W30/><G125/><T41/><D108/><U67/><E121/><V27/><F120/><N who="0" m="46122" /><D22/><U69/><E110/><V111/><F111/><W49/><G19/><T37/><D81/><U50/><E134/><V32/><F135/><W105/><G105/><T92/><D92/><U48/><E119/><N who="0" m="45609" /><D9/><U1/><E1/><V7/><F7/><W73/><G73/><T18/><D18/><U39/><E69/><V96/><F75/><W3/><G3/><T47/><D4/><U109/><E109/><V103/><F32/><W117/><G23/><T88/><D88/><U132/><E132/><V80/><F80/><W44/><REACH who="3" step="1"/><G117/><REACH who="3" ten="227,494,107,162" step="2"/><T59/><D133/><U0/><E0/><V6/><F6/><W21/><G21/><T20/><D20/><U74/><E35/><V86/><F16/><W126/><G126/><T11/><D11/><U12/><E12/><V84/><F103/><AGARI ba="0,1" hai="29,30,44,49,53,58,60,64,94,97,103,128,129,130" machi="103" ten="40,3900,0" yaku="1,1,19,1,53,0" doraHai="82" doraHaiUra="5" who="3" fromWho="2" sc="227,0,494,0,107,-39,162,49" /><INIT seed="3,1,0,1,1,61" ten="227,494,68,211" oya="3" hai0="69,21,99,36,0,98,73,62,103,66,3,128,112" hai1="115,114,74,94,17,72,105,65,31,2,111,109,130" hai2="35,82,45,26,30,39,60,5,95,123,85,89,107" hai3="44,101,78,15,131,20,125,34,9,93,12,48,83"/><W64/><G34/><T54/><D128/><U122/><E105/><V120/><F107/><W87/><G131/><T47/><D73/><N who="1" m="28267" /><E130/><V1/><F1/><W19/><G125/><T49/><D112/><U129/><E129/><V134/><F5/><N who="3" m="3119" /><G93/><T13/><D98/><U55/><E122/><N who="2" m="46635" /><F134/><W25/><G101/><T56/><D21/><U71/><E2/><V58/><F45/><W28/><G15/><T53/><D13/><U97/><E31/><V8/><F8/><W133/><G133/><T80/><D80/><U81/><E81/><V7/><F7/><W32/><G32/><T23/><D23/><U106/><E106/><V51/><F51/><W24/><G24/><T75/><D75/><U52/><E17/><V38/><F95/><W110/><G110/><N who="1" m="41994" /><E115/><V100/><F100/><W88/><G28/><T102/><D102/><N who="1" m="60727" /><E114/><V41/><F41/><N who="3" m="24591" /><G88/><T135/><D135/><U33/><E33/><V46/><F46/><W27/><G27/><T124/><D36/><U108/><E108/><V96/><F96/><W67/><AGARI ba="1,0" hai="19,20,25,64,67,78,83,87" m="24591,3119" machi="67" ten="30,11700,0" yaku="25,1,8,1,52,2" doraHai="61" who="3" fromWho="3" sc="227,-40,494,-40,68,-40,211,120" /><INIT seed="3,2,0,4,2,34" ten="187,454,28,331" oya="3" hai0="56,88,118,26,106,41,60,55,70,64,85,71,32" hai1="21,79,116,25,132,49,50,114,15,29,1,101,99" hai2="48,94,87,77,31,133,92,93,44,65,107,86,0" hai3="28,5,46,90,124,130,127,102,103,43,110,9,69"/><W83/><G130/><T47/><D118/><U33/><E114/><V14/><F31/><W135/><G135/><T16/><D106/><U72/><E132/><V52/><F107/><W6/><G69/><T7/><D7/><U129/><E129/><V126/><F133/><W40/><G28/><T24/><D71/><U45/><E116/><V121/><F126/><N who="3" m="48171" /><G90/><T74/><D74/><U98/><E101/><N who="3" m="38410" /><G83/><T4/><D4/><N who="3" m="1641" /><G9/><T10/><D32/><U51/><E33/><V17/><F121/><W22/><G22/><T109/><D109/><U27/><E29/><V58/><F65/><W2/><G110/><T66/><D66/><U73/><E21/><V11/><F58/><W19/><G19/><T123/><D123/><U105/><E105/><V3/><REACH who="2" step="1"/><F77/><REACH who="2" ten="187,454,18,331" step="2"/><W68/><G68/><T54/><D70/><U18/><E79/><V57/><F57/><W113/><G113/><T95/><D64/><U42/><E45/><V12/><F12/><W38/><G43/><T23/><D56/><U120/><E42/><V67/><F67/><W81/><G81/><T100/><D47/><U13/><E120/><V131/><F131/><W37/><G37/><T108/><D41/><U53/><E18/><V119/><F119/><W128/><G128/><T63/><D108/><U80/><E80/><V89/><F89/><W112/><G112/><T62/><D100/><U61/><E15/><V117/><F117/><W134/><G134/><T30/><D30/><U91/><E13/><V78/><F78/><W96/><G96/><T125/><D125/><U76/><E98/><V75/><F75/><RYUUKYOKU ba="2,1" sc="187,-15,454,-15,18,15,331,15" hai2="0,3,11,14,17,44,48,52,86,87,92,93,94" hai3="2,38,40,46" /><INIT seed="3,3,1,5,4,107" ten="172,439,33,346" oya="3" hai0="60,122,13,73,61,131,26,110,84,116,62,106,74" hai1="41,87,91,113,85,53,19,69,80,40,42,66,14" hai2="65,96,127,2,103,104,67,54,6,55,72,44,4" hai3="79,81,94,119,58,70,45,59,63,97,38,86,126"/><W71/><G119/><T118/><D122/><U128/><E113/><V99/><F127/><W25/><G126/><T109/><D106/><U36/><E128/><V123/><F104/><W121/><G121/><T0/><D0/><U114/><E114/><V21/><F123/><W39/><G70/><T52/><D26/><U108/><E108/><N who="0" m="41577" /><D84/><N who="1" m="50567" /><E36/><V98/><F98/><W75/><G71/><T47/><D131/><U35/><E35/><V93/><F93/><W132/><G132/><T102/><D13/><U27/><E69/><V50/><F50/><W125/><G125/><T20/><D20/><N who="1" m="13727" /><E66/><V37/><F21/><W95/><G25/><T68/><D102/><U34/><E34/><V88/><F44/><W29/><G29/><T89/><D89/><U124/><E124/><V76/><F76/><W105/><G45/><T129/><D129/><U15/><E53/><V33/><F33/><W9/><G9/><T1/><D1/><U90/><E87/><V100/><F2/><W48/><G48/><N who="0" m="28703" /><D68/><U22/><E22/><V5/><F5/><W49/><G49/><T117/><AGARI ba="3,1" hai="60,61,62,73,74,116,117,118" m="28703,41577" machi="117" ten="40,8000,1" yaku="14,1,52,2,54,1" doraHai="107" who="0" fromWho="0" sc="172,99,439,-23,33,-23,346,-43" owari="271,-12.9,416,51.6,10,-49.0,303,10.3" /></mjloggm>