<mjloggm ver="2.3"><GO type="225" lobby="0"/><UN n0="%E3%83%96%E3%83%83%E3%83%91%E3%82%AA%E3%83%96%E3%83%81%E3%82%AD%E3%83%B3" n1="%E5%8F%AF%E5%85%90%E9%82%A3%E7%94%B1%E5%A4%9A" n2="%E6%A1%9C%E8%8A%B1%E9%96%83%E3%80%85" n3="%E3%81%BD%E3%81%A1%E3%81%9F%E3%81%93%E3%82%84" dan="16,16,16,17" rate="2138.67,2123.48,2136.44,2140.64" sx="M,F,M,M"/><TAIKYOKU oya="0"/><INIT seed="0,0,0,4,1,6" ten="250,250,250,250" oya="0" hai0="64,41,8,43,104,86,46,92,66,123,69,28,94" hai1="83,61,63,25,5,127,14,95,13,84,129,76,101" hai2="60,58,134,102,109,57,108,47,119,120,42,125,12" hai3="89,97,7,78,39,132,85,73,112,45,107,56,32"/><T135/><D123/><U88/><E127/><V67/><F102/><N who="3" m="62927" /><G32/><T53/><D104/><U128/><E101/><V71/><F120/><W110/><G56/><N who="2" m="21609" /><F12/><W48/><G39/><T29/><D135/><U31/><E14/><V35/><F35/><W113/><G7/><T52/><D69/><U79/><E79/><V49/><F134/><W111/><G132/><T130/><D130/><N who="1" m="50283" /><E5/><V54/><F125/><W21/><G21/><T55/><D86/><N who="1" m="52631" /><E13/><V15/><F15/><W18/><G18/><T26/><D26/><U1/><E1/><V44/><F119/><W11/><G11/><T122/><D55/><U20/><AGARI ba="0,0" hai="20,25,31,61,63,76,83,84" m="52631,50283" machi="20" ten="30,2000,0" yaku="19,1,54,1" doraHai="6" who="1" fromWho="1" sc="250,-10,250,20,250,-5,250,-5" /><INIT seed="1,0,0,0,2,103" ten="240,270,245,245" oya="1" hai0="94,118,132,119,123,135,79,4,1,39,95,83,27" hai1="87,3,30,101,72,90,113,57,85,24,67,61,21" hai2="127,33,71,2,81,104,54,91,26,93,45,11,62" hai3="97,34,121,77,42,76,0,92,102,88,19,65,100"/><U8/><E113/><V20/><F127/><W131/><G121/><T29/><D39/><U108/><E72/><V6/><F33/><W52/><G0/><T53/><D1/><U31/><E108/><V68/><F81/><W56/><G34/><T5/><D53/><U44/><E101/><N who="3" m="39018" /><G131/><T18/><D18/><U51/><E31/><V125/><F125/><W15/><G42/><T64/><D64/><U107/><E107/><V75/><F75/><W10/><G65/><T13/><D13/><U86/><E3/><V36/><F104/><W128/><G128/><T109/><D109/><U69/><E8/><V50/><F62/><AGARI ba="0,0" hai="10,15,19,52,56,62,76,77,88,92,97" m="39018" machi="62" ten="30,3900,0" yaku="8,1,54,2" doraHai="103" who="3" fromWho="2" sc="240,0,270,0,245,-39,245,39" /><INIT seed="2,0,0,0,1,35" ten="240,270,206,284" oya="2" hai0="93,66,64,85,122,6,21,86,94,42,29,111,112" hai1="113,33,62,61,25,90,18,116,7,133,110,16,105" hai2="115,130,103,55,28,45,118,31,119,13,39,108,15" hai3="12,8,81,43,82,129,126,99,76,87,19,9,38"/><V68/><F115/><W56/><G129/><T44/><D122/><U100/><E113/><V59/><F68/><W135/><G135/><T102/><D112/><U75/><E116/><V131/><F103/><W34/><G34/><T92/><D111/><U80/><E110/><V67/><F108/><W41/><G38/><T30/><D6/><U71/><E133/><V114/><F114/><W2/><G126/><T1/><D1/><U32/><E7/><V127/><F127/><W96/><G82/><T3/><D3/><U125/><E125/><V48/><F119/><W124/><G124/><T51/><D102/><U95/><E32/><V53/><F67/><N who="0" m="25642" /><D21/><U65/><E61/><N who="2" m="36079" /><F39/><W17/><G56/><T11/><D11/><N who="3" m="4169" /><G2/><T0/><D0/><U83/><E105/><V123/><F123/><W47/><G47/><T54/><D42/><N who="3" m="15881" /><G12/><N who="2" m="4681" /><F118/><W37/><G37/><T97/><D97/><AGARI ba="0,0" hai="17,19,76,81,87,96,97,99" m="15881,4169" machi="97" ten="30,1000,0" yaku="8,1" doraHai="35" who="3" fromWho="0" sc="240,-10,270,0,206,0,284,10" /><INIT seed="3,0,0,0,3,20" ten="230,270,206,294" oya="3" hai0="111,130,29,94,5,2,11,102,8,75,61,122,30" hai1="37,113,53,66,115,101,134,87,44,9,56,98,71" hai2="95,118,92,97,55,114,91,107,90,116,80,22,73" hai3="109,34,133,67,64,21,33,40,14,36,52,76,99"/><W48/><G133/><T43/><D75/><U129/><E134/><V19/><F114/><W17/><G109/><T108/><D43/><U74/><E74/><V47/><F107/><W121/><G121/><T65/><D122/><U13/><E129/><V62/><F73/><W123/><G76/><T57/><D130/><U84/><E71/><V77/><F80/><W96/><G123/><T7/><D102/><U120/><E120/><V63/><F77/><W135/><G135/><T25/><D94/><U131/><E131/><V72/><F72/><W126/><G126/><T54/><D65/><U125/><E66/><V83/><F83/><W0/><G0/><T31/><REACH who="0" step="1"/><D25/><REACH who="0" ten="220,270,206,294" step="2"/><U12/><E115/><V4/><F118/><W16/><G67/><T27/><D27/><U42/><E113/><V6/><F116/><W105/><G64/><T124/><D124/><U46/><E125/><V81/><F81/><W119/><G119/><T86/><D86/><U79/><E87/><N who="2" m="52319" /><F63/><W100/><G99/><T69/><D69/><U41/><E98/><V3/><F62/><W85/><G85/><T38/><D38/><U117/><E101/><V127/><F127/><W132/><G132/><T28/><N who="0" m="7168" /><DORA hai="39" /><T89/><D89/><U51/><E117/><V18/><F91/><W128/><G128/><T23/><D23/><U104/><E84/><V78/><F95/><W1/><G36/><T68/><D68/><U70/><E70/><V106/><F97/><W35/><G40/><T49/><D49/><N who="1" m="26775" /><E104/><V110/><F78/><W60/><G105/><T24/><D24/><U50/><E79/><RYUUKYOKU ba="0,1" sc="220,30,270,-10,206,-10,294,-10" hai0="2,5,7,8,11,54,57,61,108,111" /><INIT seed="4,1,1,0,0,104" ten="250,260,196,284" oya="0" hai0="125,116,48,35,95,44,71,134,60,47,79,97,126" hai1="82,103,11,105,9,84,90,43,38,1,78,129,24" hai2="27,49,53,54,51,5,91,117,94,28,69,8,55" hai3="110,58,17,2,120,40,36,130,131,87,32,83,115"/><T18/><D116/><U121/><E121/><V128/><F128/><N who="3" m="49195" /><G32/><T119/><D119/><U135/><E129/><V22/><F69/><W20/><G2/><T34/><D134/><U59/><E135/><V72/><F117/><W100/><G100/><N who="0" m="60479" /><D18/><U118/><E118/><V62/><F62/><W86/><G115/><T76/><D34/><U25/><E103/><V77/><F77/><N who="0" m="29770" /><D35/><U122/><E105/><V101/><F101/><W112/><G112/><T74/><D74/><U63/><E122/><V127/><F127/><N who="0" m="48650" /><D48/><U14/><E38/><V85/><REACH who="2" step="1"/><F72/><REACH who="2" ten="250,260,186,284" step="2"/><W80/><G120/><T30/><D30/><U50/><E63/><V39/><F39/><W15/><G36/><T68/><D68/><U29/><E29/><V114/><F114/><W52/><G110/><T3/><D3/><AGARI ba="1,2" hai="3,5,8,22,27,28,49,51,53,54,55,85,91,94" machi="3" ten="40,1300,0" yaku="1,1,53,0" doraHai="104" doraHaiUra="70" who="2" fromWho="0" sc="250,-16,260,0,186,36,284,0" /><INIT seed="5,0,0,4,0,5" ten="234,260,222,284" oya="1" hai0="26,45,37,119,76,116,72,71,128,105,90,125,134" hai1="100,114,65,11,91,44,28,110,25,0,6,68,1" hai2="132,38,62,81,106,79,102,96,118,80,127,97,130" hai3="89,94,32,70,115,75,16,8,121,74,34,120,57"/><U117/><E117/><V17/><F118/><W54/><G70/><T101/><D26/><U18/><E114/><V126/><F38/><W82/><G115/><T85/><D45/><U41/><E110/><V95/><F62/><W86/><G34/><T69/><D37/><U73/><E100/><N who="2" m="62735" /><F17/><W36/><G32/><T58/><D58/><U51/><E73/><N who="2" m="43119" /><F132/><W104/><G104/><T33/><D33/><U2/><E18/><V46/><F46/><W40/><G40/><T93/><D134/><U109/><E109/><V66/><F66/><W19/><G36/><T30/><D30/><U3/><E65/><V47/><F47/><W12/><G19/><T83/><D69/><U108/><E68/><V64/><F64/><W22/><G8/><T135/><D71/><U92/><E108/><V52/><F52/><W13/><G13/><T39/><D39/><U14/><E0/><V27/><F27/><W60/><G75/><T103/><D135/><U23/><REACH who="1" step="1"/><E3/><REACH who="1" ten="234,250,222,284" step="2"/><V122/><F122/><W61/><G120/><T98/><D119/><U56/><E56/><V107/><F107/><W112/><G121/><T123/><D116/><U59/><E59/><V84/><F130/><W24/><G112/><T129/><D123/><U55/><E55/><V4/><F4/><W21/><G61/><T77/><D128/><U49/><E49/><V20/><F20/><W133/><G133/><T15/><D129/><U88/><E88/><AGARI ba="0,1" hai="81,84,88,95,96,102,126,127" m="43119,62735" machi="88" ten="30,3900,0" yaku="34,2,54,1" doraHai="5" who="2" fromWho="1" sc="234,0,250,-39,222,49,284,0" /><INIT seed="6,0,0,0,1,45" ten="234,211,271,284" oya="2" hai0="61,120,111,12,42,102,11,8,134,3,5,32,90" hai1="21,93,41,132,131,128,36,87,64,1,94,88,112" hai2="115,69,91,84,72,82,121,118,33,97,54,6,124" hai3="114,71,74,65,13,57,92,66,106,113,48,103,23"/><V80/><F33/><W83/><G106/><T135/><D102/><U25/><E1/><V15/><F118/><W123/><G71/><T31/><D42/><U100/><E112/><N who="3" m="43114" /><G123/><T108/><D90/><U35/><E35/><V130/><F54/><N who="3" m="31943" /><G83/><T78/><D61/><U119/><E119/><V39/><F15/><W70/><G74/><T2/><D78/><U110/><E110/><N who="0" m="42025" /><D120/><U29/><E132/><N who="0" m="50729" /><D8/><U67/><E36/><V17/><F97/><N who="3" m="59815" /><G70/><T38/><D38/><U10/><E41/><V58/><F69/><W75/><G75/><T127/><D127/><U85/><E10/><V129/><F72/><W125/><G125/><T18/><D5/><U24/><E85/><V56/><F6/><W0/><G0/><T14/><D3/><U37/><E37/><V77/><F39/><W73/><G73/><T19/><D2/><U40/><E40/><V60/><F124/><W55/><G55/><T86/><D86/><U81/><E81/><V96/><F115/><W47/><G47/><T26/><D11/><U22/><E64/><N who="2" m="38919" /><F121/><W116/><G116/><T20/><D32/><U79/><E67/><V52/><F82/><W43/><G43/><T16/><AGARI ba="0,0" hai="12,14,16,18,19,20,26,31" m="50729,42025" machi="16" ten="40,8000,1" yaku="20,1,34,2,54,1" doraHai="45" who="0" fromWho="0" sc="234,80,211,-20,271,-40,284,-20" owari="314,41.4,191,-30.9,231,-16.9,264,6.4" /></mjloggm>