<mjloggm ver="2.3"><GO type="225" lobby="0"/><UN n0="%E3%83%A9%E3%83%BC%E3%83%A1%E3%83%B3%E4%BA%94%E9%83%8E" n1="%70%68%65%6E%6F%6D%65" n2="%E9%B3%B4%E8%8C%B6" n3="%E3%83%96%E3%83%83%E3%83%91%E3%82%AA%E3%83%96%E3%83%81%E3%82%AD%E3%83%B3" dan="16,16,16,16" rate="2162.15,2184.60,2137.91,2115.06" sx="M,M,M,M"/><TAIKYOKU oya="0"/><INIT seed="0,0,0,0,5,26" ten="250,250,250,250" oya="0" hai0="96,88,73,36,30,128,127,38,44,92,58,54,124" hai1="1,63,123,27,119,31,120,40,103,24,15,80,94" hai2="87,4,93,110,12,95,22,17,79,108,35,55,47" hai3="23,118,72,57,52,8,132,49,102,68,42,21,116"/><T37/><D73/><U0/><E119/><V20/><F35/><W90/><G72/><T135/><D135/><U100/><E40/><V41/><F55/><W129/><G68/><T45/><D128/><U89/><E80/><V133/><F4/><W113/><G113/><T7/><D7/><U14/><E94/><V34/><F34/><W32/><G32/><T86/><D96/><U107/><E89/><V50/><F22/><W82/><G132/><T125/><REACH who="0" step="1"/><D30/><REACH who="0" ten="240,250,250,250" step="2"/><U64/><E31/><V81/><REACH who="2" step="1"/><F133/><REACH who="2" ten="240,250,240,250" step="2"/><W53/><G118/><T46/><D46/><U109/><E123/><V101/><F101/><W121/><G116/><T69/><D69/><U56/><E120/><V11/><F11/><W70/><G102/><T67/><D67/><U5/><E5/><V3/><F3/><W126/><G8/><T18/><D18/><U60/><E64/><V97/><F97/><W28/><G121/><T29/><D29/><U85/><E0/><V62/><F62/><AGARI ba="0,2" hai="36,37,38,44,45,54,58,62,86,88,92,124,125,127" machi="62" ten="50,12000,1" yaku="1,1,18,1,54,1,53,1" doraHai="26" doraHaiUra="83" who="0" fromWho="2" sc="240,140,250,0,240,-120,250,0" /><INIT seed="0,1,0,5,3,125" ten="380,250,120,250" oya="0" hai0="2,119,64,27,94,19,93,130,59,111,14,60,67" hai1="6,88,23,81,63,34,80,90,53,132,123,83,79" hai2="131,117,66,106,103,25,72,61,46,91,101,121,13" hai3="77,133,109,100,68,116,20,4,1,71,55,62,26"/><T86/><D119/><U42/><E123/><V113/><F121/><W84/><G116/><T38/><D38/><U127/><E34/><V11/><F117/><W122/><G122/><T76/><D2/><U104/><E127/><V30/><F113/><W17/><G100/><T129/><D111/><U41/><E104/><V29/><F72/><W51/><G109/><T21/><D67/><U32/><E32/><V128/><F91/><N who="1" m="34857" /><E132/><V9/><F46/><W50/><G133/><T24/><D76/><U99/><E79/><V54/><F54/><W3/><G3/><T35/><D86/><U44/><E6/><V126/><F126/><W28/><G1/><T37/><D37/><U92/><E23/><V10/><F13/><W56/><G4/><T48/><D48/><N who="1" m="28807" /><E63/><V65/><F61/><W5/><G5/><T98/><D35/><U108/><E108/><V52/><F106/><W47/><G51/><T97/><D97/><U43/><E42/><V82/><F82/><N who="1" m="20993" /><U124/><DORA hai="0" /><E124/><V118/><F118/><W96/><G77/><T115/><D98/><U105/><E105/><V45/><F45/><W7/><G96/><T78/><D78/><U74/><E74/><V33/><F33/><W40/><G84/><T120/><D120/><U36/><E36/><V102/><F25/><W57/><G26/><T135/><D135/><U75/><E75/><V89/><F89/><AGARI ba="1,0" hai="41,43,89,92,99" m="20993,28807,34857" machi="89" ten="30,2000,0" yaku="8,1,54,1" doraHai="125,0" who="1" fromWho="2" sc="380,0,250,23,120,-23,250,0" /><INIT seed="1,0,0,2,0,26" ten="380,273,97,250" oya="1" hai0="31,47,30,46,51,132,34,17,77,65,79,104,20" hai1="120,113,0,86,108,72,12,29,48,129,25,8,103" hai2="116,28,1,112,10,70,35,67,3,91,122,50,32" hai3="121,99,18,56,75,55,38,6,63,87,128,36,16"/><U39/><E113/><V33/><F116/><W68/><G121/><T83/><D104/><U58/><E72/><V111/><F122/><W74/><G128/><T24/><D132/><U73/><E73/><V69/><F112/><W23/><G75/><T13/><D65/><U119/><E120/><V123/><F123/><W98/><G74/><T93/><D83/><U133/><E39/><V45/><F111/><W84/><G68/><T78/><D93/><U118/><E0/><V107/><F107/><W81/><G36/><T110/><D110/><U14/><E14/><V5/><F1/><W21/><G6/><T41/><D47/><U9/><E9/><V106/><F106/><W92/><G38/><T43/><REACH who="0" step="1"/><D31/><REACH who="0" ten="370,273,97,250" step="2"/><U4/><E133/><V2/><F67/><W80/><G92/><T27/><D27/><U125/><E108/><V76/><F28/><W97/><G81/><T59/><D59/><U105/><E105/><V135/><F135/><W64/><G64/><T49/><D49/><U52/><E25/><V53/><F76/><W60/><G80/><T71/><D71/><U117/><E29/><V61/><F61/><W94/><G94/><T89/><D89/><U85/><E103/><V37/><F91/><W42/><G63/><T96/><D96/><U95/><E95/><V115/><F115/><W7/><G98/><T101/><D101/><U44/><E129/><V100/><F100/><W126/><G99/><T15/><D15/><U57/><E125/><V19/><F37/><W127/><G97/><T11/><D11/><U22/><E22/><V90/><F2/><RYUUKYOKU ba="0,1" sc="370,15,273,15,97,-15,250,-15" hai0="13,17,20,24,30,34,41,43,46,51,77,78,79" hai1="4,8,12,44,48,52,57,58,85,86,117,118,119" /><INIT seed="1,1,1,2,4,73" ten="385,288,82,235" oya="1" hai0="37,123,69,134,49,74,31,85,111,97,27,121,104" hai1="116,1,55,46,102,30,64,16,81,72,124,135,50" hai2="91,126,70,77,92,122,28,83,133,18,99,5,125" hai3="113,41,8,25,53,58,63,71,0,112,82,132,66"/><U93/><E116/><V44/><F70/><W45/><G25/><T94/><D37/><U26/><E124/><N who="2" m="47723" /><F122/><N who="0" m="46602" /><D111/><U103/><E135/><V118/><F118/><W76/><G132/><T3/><D134/><U52/><E1/><V131/><F133/><W39/><G8/><T36/><D36/><U48/><E64/><V106/><F28/><W11/><G11/><T75/><D104/><U40/><E93/><V19/><F5/><W95/><G95/><T20/><D69/><U65/><E65/><V60/><F131/><W89/><G89/><N who="0" m="55503" /><D3/><U128/><E128/><V127/><N who="2" m="47731" /><V101/><DORA hai="88" /><F60/><W10/><G10/><T21/><D49/><U29/><E30/><V98/><F44/><W86/><REACH who="3" step="1"/><G0/><REACH who="3" ten="385,288,82,225" step="2"/><T62/><D27/><U2/><E2/><V15/><F15/><W7/><G7/><T108/><D108/><U130/><E130/><V61/><F61/><AGARI ba="1,2" hai="39,41,45,53,58,61,63,66,71,76,82,86,112,113" machi="61" ten="30,7700,0" yaku="1,1,7,1,52,1,53,1" doraHai="73,88" doraHaiUra="35,67" who="3" fromWho="2" sc="385,0,288,0,82,-80,225,100" /><INIT seed="2,0,0,5,1,36" ten="385,288,2,325" oya="2" hai0="8,105,87,10,63,6,127,59,85,90,37,57,80" hai1="33,113,104,89,99,16,86,133,109,17,35,102,126" hai2="54,67,9,135,64,124,7,92,120,116,130,111,121" hai3="31,84,74,1,0,12,123,68,134,101,28,58,42"/><V27/><F116/><W103/><G123/><N who="2" m="47177" /><F92/><W77/><G68/><T122/><D37/><U32/><E109/><V39/><F27/><W25/><G74/><T51/><D122/><U45/><E126/><V129/><F39/><W70/><G70/><T24/><D127/><U2/><E133/><V26/><F124/><W48/><G134/><T11/><D105/><U19/><E113/><V117/><F26/><W14/><G25/><T78/><D24/><U56/><E2/><N who="2" m="247" /><F135/><W95/><G95/><N who="0" m="54735" /><D6/><U30/><E56/><N who="0" m="21577" /><D51/><U73/><E73/><V125/><F125/><W75/><G58/><T50/><D50/><U72/><E72/><V97/><F117/><W60/><G75/><T91/><D63/><U62/><E62/><V112/><F112/><W38/><G60/><T20/><D20/><U15/><E30/><V132/><F132/><W40/><G38/><T98/><D98/><U21/><REACH who="1" step="1"/><E45/><REACH who="1" ten="385,278,2,325" step="2"/><V18/><F97/><W44/><G44/><T106/><D106/><U131/><E131/><N who="2" m="50187" /><F111/><W82/><G0/><T43/><D43/><U71/><E71/><V47/><F18/><W110/><G1/><T4/><D4/><U23/><E23/><V76/><F76/><AGARI ba="0,1" hai="8,10,11,76,78,80,87,91" m="21577,54735" machi="76" ten="30,1000,0" yaku="8,1" doraHai="36" who="0" fromWho="2" sc="385,20,278,0,2,-10,325,0" owari="405,50.5,278,-12.2,-8,-50.8,325,12.5" /></mjloggm>