<mjloggm ver="2.3"><GO type="225" lobby="0"/><UN n0="%E5%8D%A0%E3%81%84%E5%B8%AB%E8%A3%8F%E3%81%AA%E3%81%84%E3%81%97" n1="%E3%80%90%E3%83%88%E3%83%AA%E3%83%A5%E3%83%95%E3%80%91" n2="%E3%81%8B%E3%82%8F%E3%81%A1%E3%82%83%E3%82%93%35%38" n3="%43%68%65" dan="17,16,16,16" rate="2178.46,2053.01,2145.17,2174.51" sx="M,M,M,M"/><TAIKYOKU oya="0"/><INIT seed="0,0,0,2,1,38" ten="250,250,250,250" oya="0" hai0="94,7,20,39,75,131,22,126,11,70,109,128,0" hai1="132,73,130,30,2,61,56,133,83,31,14,24,50" hai2="119,18,116,111,129,99,13,9,76,125,123,48,8" hai3="79,112,32,23,60,33,25,117,95,134,85,102,47"/><T103/><D75/><U89/><E2/><V63/><F76/><W71/><G112/><T4/><D70/><U26/><E14/><V101/><F123/><W80/><G117/><N who="2" m="45129" /><F111/><W44/><G134/><N who="1" m="51818" /><E50/><V15/><F129/><N who="0" m="49738" /><D39/><U69/><E69/><V84/><F84/><W77/><G77/><T28/><D109/><U37/><E37/><V36/><F36/><W118/><G118/><T59/><D126/><U3/><E3/><V55/><F63/><W127/><G127/><T96/><D28/><N who="1" m="10795" /><E130/><V10/><F15/><W65/><G33/><T68/><D68/><U46/><E46/><N who="2" m="28055" /><F125/><W91/><G32/><T42/><D59/><U92/><E73/><V90/><F90/><W1/><G1/><T78/><D78/><U58/><E58/><V87/><F87/><W29/><REACH who="3" step="1"/><G102/><REACH who="3" ten="250,250,250,240" step="2"/><T27/><D0/><U40/><E89/><V98/><F98/><AGARI ba="0,1" hai="23,25,29,44,47,60,65,71,79,80,85,91,95,98" machi="98" ten="30,3900,0" yaku="1,1,2,1,7,1,53,0" doraHai="38" doraHaiUra="122" who="3" fromWho="2" sc="250,0,250,0,250,-39,240,49" /><INIT seed="1,0,0,1,3,52" ten="250,250,211,289" oya="1" hai0="98,18,82,83,41,76,35,31,122,109,114,66,129" hai1="99,65,34,130,54,43,16,77,3,70,84,64,0" hai2="38,40,62,44,102,22,45,8,120,30,67,46,61" hai3="123,19,55,121,12,57,71,116,132,72,101,127,17"/><U119/><E119/><V93/><F120/><W11/><G72/><T125/><D114/><U133/><E34/><V89/><F102/><W29/><G71/><T104/><D122/><U113/><E113/><V79/><F79/><W97/><G116/><T49/><D109/><U4/><E99/><V27/><F8/><W96/><G96/><T92/><D129/><U135/><E43/><V87/><REACH who="2" step="1"/><F61/><REACH who="2" ten="250,250,201,289" step="2"/><W53/><G101/><T95/><D76/><U115/><E115/><V47/><F47/><W75/><G11/><T74/><D104/><U94/><E77/><V6/><F6/><W117/><G123/><T5/><D5/><U59/><E4/><V10/><F10/><W56/><G121/><T88/><D74/><U39/><E130/><V63/><F63/><W134/><G75/><T1/><D125/><U24/><E133/><V80/><F80/><W33/><G127/><T58/><D83/><U100/><E135/><V9/><F9/><W48/><G117/><T73/><D82/><U69/><E100/><V90/><F90/><W105/><G134/><T37/><D73/><U124/><E124/><V36/><F36/><W14/><G132/><T32/><D37/><U128/><E39/><V7/><F7/><W15/><G105/><T60/><D88/><U20/><E128/><V111/><F111/><W42/><G48/><T91/><D49/><U28/><E94/><V86/><F86/><W78/><G78/><T26/><D92/><U2/><E84/><V50/><F50/><W13/><G97/><N who="0" m="57599" /><D60/><U107/><E107/><V85/><F85/><W131/><G131/><RYUUKYOKU ba="0,1" sc="250,-10,250,-10,201,30,289,-10" hai2="22,27,30,38,40,44,45,46,62,67,87,89,93" /><INIT seed="2,1,1,5,2,122" ten="240,240,231,279" oya="2" hai0="19,125,123,52,108,95,100,5,24,4,30,69,35" hai1="131,90,20,132,16,102,28,112,81,110,6,70,97" hai2="13,46,55,87,61,83,103,17,0,48,72,1,31" hai3="101,73,80,26,18,107,23,82,86,124,66,3,12"/><V34/><F72/><W104/><G3/><T29/><D123/><U65/><E112/><V106/><F106/><W134/><G134/><T58/><D69/><U27/><E132/><V118/><F118/><W40/><G124/><T94/><D125/><U10/><E131/><V59/><F34/><W111/><G73/><T7/><D108/><U38/><E38/><V9/><F103/><W91/><G82/><T135/><D135/><U53/><E110/><V45/><F31/><W75/><G75/><T39/><D39/><U71/><E65/><V115/><F46/><W93/><G111/><T37/><D37/><U2/><E53/><V54/><REACH who="2" step="1"/><F115/><REACH who="2" ten="240,240,221,279" step="2"/><W21/><G101/><T57/><D100/><U92/><E81/><V99/><F99/><W43/><G80/><T98/><D98/><U36/><E102/><V41/><F41/><W76/><G107/><T44/><D29/><U79/><E79/><AGARI ba="1,2" hai="0,1,9,13,17,45,48,54,55,59,61,79,83,87" machi="79" ten="30,2900,0" yaku="1,1,7,1,53,0" doraHai="122" doraHaiUra="96" who="2" fromWho="1" sc="240,0,240,-32,221,52,279,0" /><INIT seed="2,2,0,5,4,66" ten="240,208,273,279" oya="2" hai0="100,65,106,38,43,20,18,44,57,37,125,52,19" hai1="133,112,13,75,53,35,131,78,120,4,73,104,51" hai2="88,70,9,7,33,109,12,63,95,83,8,41,48" hai3="22,46,0,98,97,80,30,107,111,96,3,67,121"/><V85/><F33/><W81/><G121/><T117/><D125/><U24/><E112/><V129/><F129/><W126/><G107/><T56/><D117/><U29/><E131/><V124/><F124/><W49/><G126/><T31/><D37/><U89/><E120/><V86/><F109/><W59/><G111/><T15/><D106/><U2/><E133/><V36/><F36/><W134/><G134/><T61/><D100/><U39/><E39/><V6/><F63/><N who="3" m="38399" /><G3/><T42/><D42/><U27/><E27/><V71/><F48/><W17/><G30/><T93/><D93/><U60/><E104/><V16/><F41/><N who="3" m="24783" /><G0/><T25/><REACH who="0" step="1"/><D15/><AGARI ba="2,0" hai="15,17,22,80,81,96,97,98" m="24783,38399" machi="15" ten="30,1000,0" yaku="8,1" doraHai="66" who="3" fromWho="0" sc="240,-16,208,0,273,0,279,16" /><INIT seed="3,0,0,2,4,34" ten="224,208,273,295" oya="3" hai0="11,123,74,13,46,50,88,83,78,113,25,19,30" hai1="87,24,3,1,2,129,35,105,98,38,23,73,121" hai2="60,42,14,118,80,108,127,92,49,122,53,22,120" hai3="10,67,28,63,31,4,0,115,17,132,61,91,37"/><W47/><G115/><T65/><D123/><N who="2" m="47146" /><F118/><W27/><G132/><T69/><D113/><U9/><E121/><V21/><F108/><W16/><G31/><T52/><D65/><U86/><E73/><V64/><F127/><W79/><G91/><T68/><REACH who="0" step="1"/><D88/><REACH who="0" ten="214,208,273,295" step="2"/><U51/><E38/><V54/><F64/><W117/><G117/><T40/><D40/><U112/><E112/><V39/><F42/><W48/><G37/><T133/><D133/><U57/><E129/><V99/><F39/><W70/><G79/><T43/><D43/><U12/><E35/><AGARI ba="0,1" hai="11,13,19,25,30,35,46,50,52,68,69,74,78,83" machi="35" ten="30,7700,0" yaku="1,1,7,1,54,1,53,1" doraHai="34" doraHaiUra="8" who="0" fromWho="1" sc="214,87,208,-77,273,0,295,0" owari="301,40.1,131,-36.9,273,-12.7,295,9.5" /></mjloggm>