<mjloggm ver="2.3"><GO type="225" lobby="0"/><UN n0="%E6%98%93%E5%88%A9%E8%96%A9%E4%BC%AF" n1="%E3%81%BD%E3%81%A1%E3%81%9F%E3%81%93%E3%82%84" n2="%E5%AF%82%E5%AF%9E%E3%82%AE%E3%83%8D%E3%82%B9%E3%83%93%E3%83%BC%E3%83%AB" n3="%E3%81%99%E3%81%84%E3%81%BE%E3%81%9B%E3%83%BC%E3%82%93" dan="17,17,16,18" rate="2188.74,2218.81,2169.26,2174.41" sx="F,M,M,M"/><TAIKYOKU oya="0"/><INIT seed="0,0,0,2,2,56" ten="250,250,250,250" oya="0" hai0="21,127,128,113,6,95,7,97,12,30,88,52,67" hai1="66,68,40,29,65,100,28,91,102,130,53,24,98" hai2="41,104,26,83,133,37,50,20,81,94,23,87,63" hai3="34,54,15,36,35,18,85,70,92,31,25,96,106"/><T134/><D113/><U8/><E130/><V42/><F104/><W89/><G36/><T76/><D128/><U16/><E40/><N who="2" m="15467" /><F37/><W49/><G70/><T10/><D127/><U9/><E68/><V105/><F105/><W101/><G25/><N who="0" m="16687" /><D67/><N who="1" m="25611" /><E91/><N who="2" m="53631" /><F133/><W124/><G31/><N who="1" m="11850" /><E53/><V60/><F50/><W84/><G84/><T45/><D134/><U74/><E74/><V69/><F69/><W77/><G77/><T79/><D7/><U46/><E46/><V86/><F83/><W43/><G43/><T55/><D55/><U0/><E0/><V72/><F72/><W78/><G78/><T22/><D22/><N who="2" m="8234" /><F26/><W61/><G124/><T1/><D1/><U129/><E129/><V118/><F118/><W123/><G35/><T122/><D122/><U51/><E51/><AGARI ba="0,0" hai="6,10,12,45,51,52,76,79,88,95,97" m="16687" machi="51" ten="30,5800,0" yaku="8,1,54,2" doraHai="56" who="0" fromWho="1" sc="250,58,250,-58,250,0,250,0" /><INIT seed="0,1,0,4,3,21" ten="308,192,250,250" oya="0" hai0="33,67,6,87,19,41,29,99,94,9,116,4,78" hai1="35,82,71,90,14,40,64,123,70,58,47,7,5" hai2="120,113,133,115,84,135,117,103,108,44,65,31,59" hai3="23,53,104,97,36,66,128,61,111,126,51,101,74"/><T3/><D116/><U15/><E123/><V130/><F103/><W131/><G111/><T86/><D6/><U80/><E35/><V52/><F84/><W107/><G36/><T89/><D41/><U77/><E90/><V85/><F85/><W17/><G74/><T46/><D46/><U105/><E105/><V38/><F31/><W55/><G126/><T12/><D67/><U11/><E58/><V110/><F120/><W56/><G107/><T76/><D76/><U45/><E64/><V95/><F95/><W100/><G100/><T39/><D39/><U22/><E22/><V16/><F16/><W54/><REACH who="3" step="1"/><G51/><REACH who="3" ten="308,192,250,240" step="2"/><T93/><D78/><U43/><REACH who="1" step="1"/><E77/><REACH who="1" ten="308,182,250,240" step="2"/><V72/><F110/><W34/><G34/><T114/><D94/><U63/><E63/><V68/><F108/><W27/><AGARI ba="1,2" hai="17,23,27,53,54,55,56,61,66,97,101,104,128,131" machi="27" ten="30,4000,0" yaku="1,1,0,1,52,1,53,0" doraHai="21" doraHaiUra="73" who="3" fromWho="3" sc="308,-21,182,-11,250,-11,240,63" /><INIT seed="1,0,0,1,0,91" ten="287,171,239,303" oya="1" hai0="24,96,28,73,42,55,63,80,79,93,87,104,60" hai1="40,54,16,90,122,134,10,49,129,85,94,2,106" hai2="67,20,135,14,114,113,117,23,17,37,35,119,68" hai3="100,39,126,133,127,53,52,6,121,86,123,84,5"/><U77/><E122/><V115/><F37/><W47/><G39/><T116/><D116/><N who="2" m="44618" /><F67/><W62/><G100/><T65/><D42/><U105/><E129/><V59/><F68/><W74/><G74/><T128/><D128/><U108/><E134/><V110/><F59/><W69/><G62/><T34/><D55/><N who="3" m="21065" /><G47/><T1/><D1/><U22/><E40/><V82/><F82/><W33/><G33/><T19/><D19/><U118/><E118/><V45/><F45/><W18/><G18/><T112/><D112/><U43/><E43/><V38/><F38/><W70/><G133/><T83/><D104/><U130/><E130/><V75/><F75/><W8/><G8/><T4/><D4/><N who="3" m="1641" /><G70/><T7/><D7/><N who="1" m="1399" /><E108/><V111/><F35/><W98/><G98/><T26/><D26/><N who="1" m="14663" /><E77/><V44/><F44/><W50/><G50/><T3/><D3/><U27/><E27/><V124/><F135/><W92/><G69/><T101/><REACH who="0" step="1"/><D65/><REACH who="0" ten="277,171,239,303" step="2"/><U64/><E64/><V51/><F111/><W48/><G121/><T78/><AGARI ba="0,1" hai="24,28,34,60,63,73,78,79,80,83,87,93,96,101" machi="78" ten="20,12000,2" yaku="1,1,2,1,0,1,7,1,52,1,53,2" doraHai="91" doraHaiUra="76" who="0" fromWho="0" sc="277,130,171,-60,239,-30,303,-30" /><INIT seed="2,0,0,4,4,21" ten="407,111,209,273" oya="2" hai0="53,89,30,37,105,46,102,110,25,115,50,132,99" hai1="41,1,128,94,54,6,122,51,10,64,111,81,17" hai2="29,16,31,59,77,47,76,67,106,100,57,5,80" hai3="75,49,52,87,65,69,38,117,104,19,56,15,126"/><V90/><F5/><W12/><G75/><T13/><D115/><U78/><E111/><V98/><F47/><W61/><G117/><T79/><D79/><U20/><E128/><V127/><F127/><W82/><G126/><T134/><D110/><U119/><E119/><V112/><F112/><W58/><G104/><T121/><D121/><U108/><E108/><V39/><F39/><W120/><G120/><T123/><D123/><U26/><E122/><V88/><F76/><W27/><G38/><T70/><D70/><U91/><E64/><V68/><F68/><W66/><G66/><T118/><D37/><U114/><E41/><V34/><F16/><W85/><G87/><T135/><D118/><U28/><E114/><V55/><F59/><W7/><G7/><T130/><D130/><U71/><E71/><V36/><F36/><W129/><G69/><T43/><D13/><U9/><E9/><V22/><F34/><W97/><G129/><T74/><D74/><U45/><E28/><V18/><F67/><W125/><G125/><T116/><D116/><U101/><E101/><V73/><F31/><W63/><G61/><T83/><D43/><U35/><E35/><V0/><F0/><W72/><G72/><T133/><D133/><U44/><E78/><V11/><F11/><W2/><G2/><T23/><D89/><U93/><REACH who="1" step="1"/><E45/><REACH who="1" ten="407,101,209,273" step="2"/><V107/><F29/><W62/><G65/><T86/><D134/><U48/><E48/><V3/><F100/><W32/><G32/><T95/><D132/><U92/><E92/><V8/><F77/><W33/><G33/><RYUUKYOKU ba="0,1" sc="407,-10,101,30,209,-10,273,-10" hai1="1,6,10,17,20,26,44,51,54,81,91,93,94" /><INIT seed="3,1,1,1,4,21" ten="397,131,199,263" oya="3" hai0="62,118,22,18,56,5,70,71,76,79,77,60,81" hai1="129,67,85,73,63,126,17,92,115,4,34,120,28" hai2="7,123,113,88,132,111,83,10,43,117,38,86,127" hai3="61,135,32,55,27,29,68,2,101,106,125,31,94"/><W54/><G125/><T12/><D118/><U90/><E120/><V109/><F113/><W69/><G2/><T130/><D130/><U46/><E115/><V80/><F117/><W45/><G135/><T87/><D71/><U25/><E126/><V116/><F116/><W48/><G31/><T104/><D104/><U41/><E129/><V0/><F127/><W19/><G106/><T102/><D102/><U47/><E73/><V13/><F132/><W20/><G101/><T50/><D5/><U24/><E4/><V75/><F13/><W16/><G94/><T119/><D119/><U37/><E46/><N who="2" m="23927" /><F123/><W65/><G69/><T33/><D33/><U39/><E39/><V44/><F44/><W112/><G112/><T15/><D15/><U110/><E110/><N who="2" m="41995" /><F75/><W128/><G128/><T121/><D121/><U134/><E134/><V14/><F0/><W53/><G19/><T97/><D97/><U131/><E131/><V35/><F35/><W108/><G108/><T95/><D95/><AGARI ba="1,1" hai="7,10,14,80,83,86,88,95" m="41995,23927" machi="95" ten="30,2000,0" yaku="14,1,54,1" doraHai="21" who="2" fromWho="0" sc="397,-23,131,0,199,33,263,0" owari="374,47.4,131,-36.9,232,-16.8,263,6.3" /></mjloggm>