<mjloggm ver="2.3"><GO type="225" lobby="0"/><UN n0="%E6%A1%9C%E6%B2%A2%E5%A2%A8" n1="%E3%81%A4%E3%81%A3%E3%81%B1%E3%82%8A%E3%83%9D%E3%83%BC%E3%83%AB" n2="%77%72%77%72%77%72%77%72" n3="%E3%83%96%E3%83%83%E3%83%91%E3%82%AA%E3%83%96%E3%83%81%E3%82%AD%E3%83%B3" dan="17,17,16,16" rate="2149.96,2175.66,2159.22,2127.89" sx="F,M,M,M"/><TAIKYOKU oya="0"/><INIT seed="0,0,0,1,4,104" ten="250,250,250,250" oya="0" hai0="3,94,17,81,11,101,107,55,29,40,16,8,93" hai1="56,23,42,109,57,106,26,95,64,52,32,114,49" hai2="45,36,37,58,75,22,5,47,84,80,78,122,112" hai3="89,125,67,27,111,103,90,15,63,79,77,118,20"/><T62/><D107/><U92/><E106/><V121/><F112/><W127/><G118/><T100/><D29/><U124/><E114/><V54/><F5/><W102/><G15/><T65/><D40/><U71/><E71/><V59/><F22/><W105/><G111/><T41/><D41/><U28/><E109/><V43/><F84/><W21/><G63/><T96/><D55/><U68/><E68/><V133/><F133/><W135/><G67/><T128/><D128/><U46/><E124/><N who="3" m="47690" /><G135/><T76/><D3/><U33/><E57/><V2/><F2/><W98/><G103/><T131/><D131/><U6/><E6/><V10/><F10/><W74/><G20/><T123/><D123/><U87/><E64/><V91/><F91/><N who="3" m="34827" /><G74/><T129/><D129/><U35/><REACH who="1" step="1"/><E87/><REACH who="1" ten="250,240,250,250" step="2"/><V83/><F121/><W108/><G108/><T72/><D65/><U38/><AGARI ba="0,1" hai="23,26,28,32,33,35,38,42,46,49,52,56,92,95" machi="38" ten="30,7900,0" yaku="1,1,2,1,0,1,54,1,53,0" doraHai="104" doraHaiUra="132" who="1" fromWho="1" sc="250,-39,240,89,250,-20,250,-20" /><INIT seed="1,0,0,5,0,123" ten="211,329,230,230" oya="1" hai0="78,99,28,45,132,117,110,20,89,124,85,75,51" hai1="49,43,95,34,129,48,104,50,131,122,44,15,2" hai2="120,65,113,24,14,90,27,4,103,33,112,115,35" hai3="96,102,68,9,36,5,72,25,80,70,98,46,118"/><U114/><E104/><V134/><F103/><W97/><G118/><T109/><D117/><U81/><E2/><V92/><F120/><W73/><G25/><N who="2" m="9801" /><F65/><W61/><G102/><T135/><D124/><U32/><E122/><V84/><F134/><N who="0" m="51242" /><D99/><U22/><E114/><N who="2" m="29187" /><V37/><DORA hai="66" /><F37/><W88/><G61/><T93/><D20/><U52/><E22/><V8/><AGARI ba="0,0" hai="4,8,14,33,35,84,90,92" m="29187,9801" machi="8" ten="50,1600,0" yaku="11,1" doraHai="123,66" who="2" fromWho="2" sc="211,-4,329,-8,230,16,230,-4" /><INIT seed="2,0,0,4,3,12" ten="207,321,246,226" oya="2" hai0="62,59,39,7,2,100,119,51,31,75,128,34,46" hai1="41,85,24,36,33,30,78,117,122,120,110,25,126" hai2="35,66,0,43,121,133,104,47,91,109,52,6,111" hai3="72,4,38,98,63,101,90,32,11,73,79,89,106"/><V70/><F121/><N who="1" m="46697" /><E117/><V132/><F35/><W13/><G32/><T23/><D39/><U115/><E115/><V54/><F104/><W28/><G28/><T82/><D34/><U92/><E110/><N who="2" m="41995" /><F91/><W5/><G38/><T93/><D128/><U42/><E126/><V40/><F6/><W96/><G5/><T77/><D119/><U102/><E36/><N who="2" m="21895" /><F43/><W8/><G8/><T103/><D93/><U1/><E1/><V26/><F26/><W17/><G4/><T135/><D7/><U55/><E24/><V14/><F14/><W86/><G79/><T53/><D2/><U64/><E92/><V68/><F0/><W18/><G90/><T107/><D107/><U97/><E78/><V124/><F124/><W56/><G98/><T20/><D135/><N who="2" m="51786" /><F66/><W105/><G105/><T95/><D95/><U99/><E64/><V131/><F131/><W9/><G106/><T60/><D103/><U80/><E42/><V10/><F10/><W94/><G9/><T134/><D100/><U116/><E41/><V87/><F87/><W27/><G86/><T57/><D134/><U19/><E116/><V127/><F127/><W114/><G101/><T108/><D108/><U118/><E118/><V81/><F81/><W130/><G130/><T88/><D88/><N who="1" m="51239" /><E102/><V123/><F123/><W16/><G114/><T71/><D82/><U29/><E33/><V50/><F54/><N who="3" m="34199" /><G18/><T84/><D84/><U83/><E83/><V113/><F113/><W125/><G125/><T58/><D77/><U48/><E99/><V45/><AGARI ba="0,0" hai="45,50,52,68,70" m="51786,21895,41995" machi="45" ten="30,18000,2" yaku="14,1,10,1,20,1,34,2,54,1" doraHai="12" who="2" fromWho="2" sc="207,-60,321,-60,246,180,226,-60" /><INIT seed="2,1,0,2,0,61" ten="147,261,426,166" oya="2" hai0="33,83,121,110,80,28,45,104,128,93,10,85,134" hai1="55,95,90,18,40,3,24,103,29,56,49,66,113" hai2="69,114,133,43,34,98,116,73,122,37,14,124,12" hai3="70,7,16,84,68,39,31,1,50,109,102,130,67"/><V94/><RYUUKYOKU type="yao9" ba="1,0" sc="147,0,261,0,426,0,166,0" hai2="12,14,34,37,43,69,73,94,98,114,116,122,124,133" /><INIT seed="2,2,0,5,4,24" ten="147,261,426,166" oya="2" hai0="4,90,98,130,67,70,9,75,14,60,97,38,92" hai1="103,10,59,12,73,5,50,125,133,71,55,3,89" hai2="79,95,15,40,76,42,27,34,58,66,0,69,41" hai3="85,22,131,132,119,94,39,122,112,8,31,100,23"/><V37/><F0/><W116/><G39/><T117/><D130/><U87/><E133/><V74/><F69/><W30/><G122/><T126/><D126/><U93/><E125/><V62/><F37/><W56/><G56/><T115/><D115/><U83/><E71/><V13/><F74/><W72/><G72/><T110/><D110/><U36/><E36/><V135/><F135/><W84/><G100/><T32/><D117/><U44/><E3/><V81/><F81/><W105/><G105/><T109/><D109/><U53/><E73/><V77/><REACH who="2" step="1"/><F95/><REACH who="2" ten="147,261,416,166" step="2"/><W107/><G94/><T47/><D75/><U25/><E83/><V80/><F80/><W43/><G132/><T29/><D38/><U64/><E93/><V20/><F20/><W65/><G23/><T21/><D21/><U51/><E103/><V120/><F120/><W35/><G22/><T33/><D33/><U11/><E11/><V104/><F104/><W108/><G35/><T113/><D113/><U102/><E102/><V52/><F52/><W129/><G107/><T2/><D32/><U91/><E64/><V121/><F121/><W61/><G112/><T128/><D67/><U114/><E114/><V106/><F106/><W57/><G108/><T127/><D70/><U78/><E55/><V17/><F17/><W7/><G119/><T101/><D9/><U46/><E53/><V96/><F96/><W134/><G116/><T99/><D101/><U124/><E10/><V19/><F19/><W82/><G134/><T1/><D99/><U68/><E68/><V54/><F54/><N who="3" m="33975" /><G8/><N who="0" m="4359" /><D98/><U28/><E124/><RYUUKYOKU ba="2,1" sc="147,-10,261,-10,416,30,166,-10" hai2="13,15,27,34,40,41,42,58,62,66,76,77,79" /><INIT seed="2,3,1,5,4,61" ten="137,251,446,156" oya="2" hai0="104,96,79,74,15,2,56,31,71,129,9,93,11" hai1="58,42,27,36,39,112,22,34,57,94,118,10,33" hai2="101,128,70,60,135,67,78,13,98,26,32,114,48" hai3="23,51,19,24,91,90,109,105,52,0,5,82,126"/><V110/><F114/><W50/><G105/><T103/><D71/><U73/><E112/><V122/><F122/><W107/><G107/><T63/><D129/><U53/><E118/><V86/><F128/><W89/><G109/><T29/><D2/><U20/><E73/><V125/><F110/><W83/><G126/><T80/><D104/><U41/><E10/><V124/><F135/><W65/><G0/><T47/><D47/><U95/><E27/><V21/><F48/><W75/><G5/><T66/><REACH who="0" step="1"/><D11/><REACH who="0" ten="127,251,446,156" step="2"/><U119/><E119/><V3/><F3/><W6/><G6/><AGARI ba="3,2" hai="6,9,15,29,31,56,63,66,74,79,80,93,96,103" machi="6" ten="30,7700,0" yaku="1,1,2,1,7,1,52,1,53,0" doraHai="61" doraHaiUra="43" who="0" fromWho="3" sc="127,106,251,0,446,0,156,-86" /><INIT seed="3,0,0,2,0,18" ten="233,251,446,70" oya="3" hai0="46,31,123,83,33,75,124,0,7,24,92,19,35" hai1="74,64,22,98,21,3,67,14,94,59,80,81,71" hai2="118,78,40,102,1,63,16,26,120,129,48,49,126" hai3="12,72,107,125,13,100,90,112,25,96,27,56,130"/><W58/><G112/><T57/><D123/><U60/><E3/><V128/><F118/><W131/><G72/><T53/><D124/><U51/><E74/><V9/><F120/><W10/><G90/><T116/><D116/><U45/><E67/><V121/><F121/><W88/><G125/><T95/><D35/><U114/><E71/><V5/><F126/><W70/><G70/><T109/><D109/><U73/><E73/><V84/><F102/><W105/><G88/><T132/><D132/><U4/><E4/><V36/><F63/><W93/><G93/><T62/><D46/><U50/><E14/><V41/><F84/><W85/><G85/><T23/><D83/><N who="1" m="31819" /><E51/><N who="2" m="19531" /><F78/><W17/><G107/><T101/><D75/><U106/><E106/><V111/><F36/><W87/><G87/><T108/><D108/><U65/><E65/><V39/><F39/><W104/><G104/><T47/><D47/><U119/><E114/><V113/><F111/><W117/><G13/><N who="0" m="9711" /><D101/><N who="1" m="60631" /><E119/><V6/><F6/><W79/><G79/><T29/><D29/><U28/><E28/><V91/><F91/><W86/><G86/><T2/><D2/><U43/><AGARI ba="0,0" hai="21,22,43,45,50,59,60,64" m="60631,31819" machi="43" ten="30,4000,0" yaku="8,1,52,2" doraHai="18" who="1" fromWho="1" sc="233,-10,251,40,446,-10,70,-20" owari="223,-17.7,291,9.1,436,53.6,50,-45.0" /></mjloggm>