<mjloggm ver="2.3"><GO type="225" lobby="0"/><UN n0="%E3%81%A4%E3%81%A3%E3%81%B1%E3%82%8A%E3%83%9D%E3%83%BC%E3%83%AB" n1="%E5%82%8D%E8%8B%A5%E7%84%A1%E4%BA%BA%35%31" n2="%E5%8D%A0%E3%81%84%E5%B8%AB%E8%A3%8F%E3%81%AA%E3%81%84%E3%81%97" n3="%E3%81%AF%E3%82%88%E3%81%8A%E3%81%98%E3%81%95%E3%82%93" dan="17,16,17,17" rate="2147.56,2162.66,2234.32,2150.44" sx="M,M,M,M"/><TAIKYOKU oya="0"/><INIT seed="0,0,0,2,0,130" ten="250,250,250,250" oya="0" hai0="44,57,76,129,24,29,82,98,17,34,19,126,105" hai1="93,74,67,9,135,28,33,108,53,128,10,23,43" hai2="91,119,104,113,20,64,66,55,120,116,77,73,41" hai3="111,132,124,80,27,117,122,65,15,5,68,79,1"/><T46/><D129/><U114/><E74/><V75/><F120/><W78/><G117/><T50/><D126/><U6/><E108/><V35/><F35/><W115/><G115/><T131/><D131/><U107/><E107/><V13/><F113/><W62/><G1/><T16/><D57/><U7/><E53/><V4/><F41/><W48/><G124/><T85/><REACH who="0" step="1"/><D50/><REACH who="0" ten="240,250,250,250" step="2"/><U106/><E128/><V51/><F51/><W56/><G48/><T84/><D84/><U69/><E114/><V32/><F73/><W83/><G56/><T97/><D97/><U58/><E58/><V45/><F75/><W11/><G111/><T102/><AGARI ba="0,1" hai="16,17,19,24,29,34,44,46,76,82,85,98,102,105" machi="102" ten="30,6000,0" yaku="1,1,0,1,54,1,53,0" doraHai="130" doraHaiUra="70" who="0" fromWho="0" sc="240,70,250,-20,250,-20,250,-20" /><INIT seed="0,1,0,5,2,66" ten="310,230,230,230" oya="0" hai0="109,77,79,95,118,61,46,76,113,91,20,38,133" hai1="82,74,0,57,1,129,117,64,48,37,90,47,111" hai2="24,94,71,12,110,50,52,11,5,83,21,128,26" hai3="125,65,29,119,49,2,23,10,104,103,7,98,19"/><T30/><D113/><U121/><E111/><V31/><F110/><W9/><G119/><T34/><D109/><U124/><E129/><V18/><F128/><W92/><G125/><T120/><D118/><U86/><E124/><V27/><F71/><W51/><G65/><T44/><D120/><U39/><E121/><V55/><F83/><W6/><G29/><T123/><D34/><U127/><E127/><V99/><F50/><W106/><G106/><T69/><D123/><U41/><E117/><V42/><F42/><W89/><G19/><T93/><D38/><U3/><REACH who="1" step="1"/><E74/><REACH who="1" ten="310,220,230,230" step="2"/><V122/><F122/><W56/><G23/><T84/><D20/><U75/><E75/><V73/><F73/><W105/><G105/><T72/><D72/><U60/><AGARI ba="1,1" hai="0,1,3,37,39,41,47,48,57,60,64,82,86,90" machi="60" ten="40,5200,0" yaku="1,1,0,1,53,1" doraHai="66" doraHaiUra="53" who="1" fromWho="1" sc="310,-27,220,65,230,-14,230,-14" /><INIT seed="1,0,0,5,4,96" ten="283,285,216,216" oya="1" hai0="86,45,68,100,127,11,128,93,33,34,130,135,106" hai1="28,92,79,70,17,15,91,21,134,4,77,87,53" hai2="94,75,36,124,41,99,52,10,83,69,113,82,114" hai3="102,121,55,73,25,64,118,46,107,88,123,60,31"/><U47/><E70/><V56/><F69/><W6/><G73/><T13/><D68/><U49/><E134/><V22/><F124/><W66/><G118/><T40/><D106/><U39/><E39/><V89/><F41/><W63/><G6/><T74/><D74/><U50/><E28/><V48/><F36/><W43/><G55/><T42/><D127/><U103/><E4/><V23/><F10/><W37/><G63/><T9/><D135/><U90/><E103/><V112/><REACH who="2" step="1"/><F82/><REACH who="2" ten="283,285,206,216" step="2"/><W80/><G80/><T85/><D11/><U109/><E109/><V18/><F18/><W133/><G133/><T84/><D40/><U29/><E29/><V104/><F104/><W115/><G107/><T30/><D9/><U51/><E90/><V5/><F5/><W59/><G88/><T26/><D42/><U19/><E19/><V27/><F27/><W111/><G111/><T12/><D26/><U105/><E105/><V76/><AGARI ba="0,1" hai="22,23,48,52,56,75,76,83,89,94,99,112,113,114" machi="76" ten="40,8000,1" yaku="1,1,0,1,11,1,54,1,53,0" doraHai="96" doraHaiUra="67" who="2" fromWho="2" sc="283,-20,285,-40,206,90,216,-20" /><INIT seed="2,0,0,3,3,128" ten="263,245,296,196" oya="2" hai0="63,3,30,59,60,61,53,125,44,46,22,105,117" hai1="48,112,88,17,122,27,130,109,107,64,54,129,10" hai2="67,69,49,84,37,65,58,39,8,56,62,34,70" hai3="113,76,72,110,93,108,24,82,123,14,71,85,1"/><V120/><F8/><W12/><G1/><T74/><D74/><U20/><E107/><V121/><F84/><W97/><G71/><N who="2" m="27145" /><F34/><W83/><G24/><N who="0" m="16663" /><D105/><U95/><E122/><N who="2" m="47211" /><F49/><W6/><G123/><T116/><D125/><U79/><E112/><V40/><F40/><W80/><G12/><T119/><D3/><U38/><E109/><N who="3" m="42090" /><G14/><T131/><D131/><N who="1" m="50187" /><E38/><N who="2" m="14347" /><F62/><AGARI ba="0,0" hai="44,46,53,59,60,61,62,63,116,117,119" m="16663" machi="62" ten="40,1300,0" yaku="12,1" doraHai="128" who="0" fromWho="2" sc="263,13,245,0,296,-13,196,0" /><INIT seed="3,0,0,2,3,94" ten="276,245,283,196" oya="3" hai0="100,75,58,96,51,103,116,129,55,120,115,84,123" hai1="40,16,18,65,128,93,82,86,68,60,126,134,34" hai2="77,131,33,22,110,29,21,124,1,8,98,38,135" hai3="87,101,14,80,35,61,117,0,79,5,53,27,118"/><W112/><G112/><T9/><D75/><U104/><E104/><V15/><F110/><W46/><G0/><T44/><D116/><U62/><E128/><V97/><F38/><W111/><G111/><T25/><D129/><U57/><E134/><V17/><F131/><W32/><G101/><T49/><D115/><U52/><E126/><V43/><F124/><W71/><G32/><T20/><D84/><U66/><E34/><V99/><F135/><W54/><G54/><T10/><D103/><U88/><E40/><V106/><F106/><W91/><G79/><T3/><D3/><U69/><E82/><V45/><F1/><W90/><G91/><T31/><D123/><U130/><E130/><V7/><F77/><W41/><G27/><T4/><D4/><U12/><E12/><N who="2" m="5151" /><F33/><W56/><G71/><T36/><D36/><U119/><E119/><V30/><F22/><W108/><G35/><T102/><D102/><U24/><E24/><V78/><F78/><W6/><G108/><T50/><D120/><U64/><E64/><V23/><F21/><W113/><G113/><T37/><D37/><U26/><E26/><V28/><F45/><W76/><G90/><T11/><REACH who="0" step="1"/><D44/><REACH who="0" ten="266,245,283,196" step="2"/><U47/><E47/><V48/><F43/><W73/><G73/><T19/><D19/><U59/><E69/><V127/><F127/><W125/><G125/><T63/><D63/><AGARI ba="0,1" hai="16,18,52,57,59,60,62,63,65,66,68,86,88,93" machi="63" ten="30,7700,0" yaku="7,1,54,3" doraHai="94" who="1" fromWho="0" sc="266,-77,245,87,283,0,196,0" owari="189,-31.1,332,43.2,283,8.3,196,-20.4" /></mjloggm>