<mjloggm ver="2.3"><GO type="225" lobby="0"/><UN n0="%E3%83%A9%E3%82%B9%E7%8E%87%EF%BC%93%E5%89%B2" n1="%E4%BF%BA%E3%81%A8%E5%A6%96%E5%A4%A2" n2="%E3%82%BC%E3%83%AB%E3%83%80%E3%81%AE%E4%BC%9D%E8%AA%AC" n3="%EF%BC%AE%EF%BC%A1%EF%BC%AF%33%33%39" dan="17,16,17,16" rate="2197.71,2210.47,2137.47,2166.85" sx="F,F,M,M"/><TAIKYOKU oya="0"/><INIT seed="0,0,0,0,3,106" ten="250,250,250,250" oya="0" hai0="39,85,19,27,111,128,35,92,62,59,68,83,87" hai1="3,107,64,109,130,123,7,117,101,122,15,76,60" hai2="52,77,98,16,24,44,2,37,69,90,79,73,41" hai3="132,105,10,116,21,93,30,14,58,43,96,104,100"/><T12/><D128/><U88/><E117/><V112/><F112/><W54/><G116/><T33/><D68/><U72/><E3/><V82/><F69/><W94/><G43/><T71/><D71/><U103/><E103/><V8/><F79/><W80/><G132/><T125/><D39/><U65/><E65/><V26/><F52/><W23/><G104/><T9/><D125/><U22/><E130/><V131/><F131/><W6/><G80/><T17/><D111/><U127/><E127/><V86/><F98/><W42/><G42/><T46/><D46/><U18/><E109/><V133/><F133/><W4/><G4/><T66/><D92/><U97/><E7/><N who="2" m="1143" /><F16/><W61/><G30/><T11/><D87/><U126/><E126/><V51/><F51/><W121/><G121/><T32/><D11/><U113/><E113/><V50/><F50/><W115/><G115/><T119/><D119/><U5/><E5/><V114/><F114/><W124/><G124/><T34/><D34/><U25/><E15/><V120/><F120/><W28/><G28/><T57/><D57/><U56/><REACH who="1" step="1"/><E88/><REACH who="1" ten="250,240,250,250" step="2"/><V81/><AGARI ba="0,1" hai="24,26,37,41,44,73,77,81,82,86,90" m="1143" machi="81" ten="30,2000,0" yaku="25,1,52,1" doraHai="106" who="2" fromWho="2" sc="250,-10,240,-5,250,30,250,-5" /><INIT seed="1,0,0,5,5,96" ten="240,235,280,245" oya="1" hai0="84,113,40,44,123,99,83,58,57,14,128,15,60" hai1="93,38,39,90,54,2,28,3,7,62,75,20,41" hai2="25,129,77,42,98,65,120,89,80,127,47,11,49" hai3="21,112,69,102,12,30,19,46,122,115,16,52,48"/><U8/><E75/><V95/><F127/><W126/><G122/><T71/><D113/><U43/><E2/><V68/><F129/><W131/><G69/><T36/><D128/><U0/><E0/><V70/><F120/><W67/><G131/><T35/><D35/><U78/><E78/><V61/><F25/><W24/><G126/><T18/><D123/><U130/><E130/><V59/><REACH who="2" step="1"/><F11/><REACH who="2" ten="240,235,270,245" step="2"/><W111/><G112/><T66/><D15/><U29/><E8/><V116/><F116/><W91/><G115/><T106/><D14/><U86/><E3/><V31/><F31/><W85/><G12/><T10/><D10/><U118/><E118/><V53/><F53/><W56/><G111/><T88/><REACH who="0" step="1"/><D18/><REACH who="0" ten="230,235,270,245" step="2"/><U63/><E7/><V110/><F110/><W107/><G19/><T82/><D82/><U135/><E29/><V23/><F23/><W76/><G30/><T51/><D51/><U108/><E108/><V114/><F114/><W64/><G16/><T124/><D124/><U26/><E39/><V132/><F132/><W103/><G21/><T13/><D13/><U94/><E38/><V6/><F6/><W17/><G17/><T105/><D105/><U79/><E135/><V74/><AGARI ba="0,2" hai="42,47,49,59,61,65,68,70,74,77,80,89,95,98" machi="74" ten="20,5200,0" yaku="1,1,0,1,7,1,53,1" doraHai="96" doraHaiUra="72" who="2" fromWho="2" sc="230,-13,235,-26,270,72,245,-13" /><INIT seed="2,0,0,5,2,109" ten="217,209,342,232" oya="2" hai0="15,64,116,67,70,45,133,119,81,134,124,83,35" hai1="113,96,3,50,126,82,17,21,130,80,69,132,110" hai2="98,7,16,49,43,61,5,63,36,19,114,47,6" hai3="8,27,128,30,89,123,31,97,118,51,13,48,57"/><V108/><F114/><W107/><G118/><N who="0" m="45099" /><D35/><U38/><E110/><V78/><F108/><W74/><G74/><T87/><D15/><U37/><E3/><V9/><F36/><W46/><G123/><T68/><D45/><U71/><E50/><V125/><F125/><W33/><G31/><T26/><D26/><U2/><E2/><V103/><F78/><W60/><G128/><T56/><D56/><U65/><E126/><V121/><F121/><W28/><G28/><T120/><D120/><U22/><E96/><V112/><F112/><W1/><G1/><T72/><D72/><U122/><E122/><V104/><REACH who="2" step="1"/><F9/><REACH who="2" ten="217,209,332,232" step="2"/><W106/><G8/><T86/><D124/><U92/><E113/><V62/><AGARI ba="0,1" hai="5,6,7,16,19,43,47,49,61,62,63,98,103,104" machi="62" ten="30,12000,1" yaku="1,1,2,1,0,1,54,1,53,1" doraHai="109" doraHaiUra="102" who="2" fromWho="2" sc="217,-40,209,-40,332,130,232,-40" /><INIT seed="2,1,0,3,2,116" ten="177,169,462,192" oya="2" hai0="13,50,52,129,134,69,74,117,46,89,135,1,133" hai1="28,27,121,113,2,67,12,97,88,125,132,56,39" hai2="14,96,84,57,24,122,104,120,87,3,15,70,20" hai3="5,77,118,9,55,80,30,38,90,37,72,60,4"/><V65/><F3/><W111/><G118/><T85/><D117/><U11/><E113/><V131/><F70/><W62/><G30/><T58/><D69/><U6/><E39/><V112/><F112/><W21/><G21/><T66/><D1/><U100/><E132/><V59/><F20/><W42/><G4/><T35/><D74/><U107/><E125/><V22/><F22/><W23/><G23/><T63/><D129/><U32/><E2/><V34/><F96/><W109/><G90/><T49/><D35/><U73/><E73/><V31/><F104/><W124/><G124/><T82/><D49/><U53/><E67/><V36/><F36/><W93/><G93/><T43/><REACH who="0" step="1"/><D13/><REACH who="0" ten="167,169,462,192" step="2"/><U29/><E32/><V71/><F71/><W47/><G38/><T61/><D61/><U44/><E27/><V19/><F24/><W48/><G62/><T25/><D25/><U98/><E29/><V8/><F14/><W108/><G60/><T126/><D126/><U83/><E28/><V18/><F15/><W92/><G109/><T68/><D68/><U128/><E128/><V114/><F31/><W95/><G108/><T26/><D26/><U130/><E130/><V45/><F34/><W105/><G111/><T7/><D7/><U103/><E6/><V40/><F131/><W75/><G75/><T106/><D106/><N who="1" m="63759" /><E12/><V76/><F114/><W119/><G105/><T33/><D33/><U91/><E11/><V41/><F8/><W86/><G72/><T115/><D115/><U123/><E107/><V102/><F18/><W81/><G9/><T127/><D127/><RYUUKYOKU ba="1,1" sc="167,30,169,-10,462,-10,192,-10" hai0="43,46,50,52,58,63,66,82,85,89,133,134,135" /><INIT seed="3,2,1,4,2,115" ten="197,159,452,182" oya="3" hai0="42,1,97,78,21,63,20,60,65,12,53,46,61" hai1="59,44,48,37,69,25,87,131,114,34,74,49,13" hai2="27,79,124,41,35,62,28,77,125,2,72,29,122" hai3="135,75,128,129,73,8,130,6,16,15,30,103,96"/><W19/><G30/><T50/><D1/><U83/><E114/><V11/><F122/><W14/><G135/><T89/><D78/><U31/><E69/><V94/><F28/><W119/><G119/><T3/><D3/><U5/><E74/><N who="3" m="28170" /><G14/><T98/><D65/><U105/><E105/><AGARI ba="2,1" hai="6,8,15,16,19,96,103,105,128,129,130" m="28170" machi="105" ten="40,3900,0" yaku="19,1,54,1" doraHai="115" who="3" fromWho="1" sc="197,0,159,-45,452,0,182,55" /><INIT seed="3,3,0,0,5,56" ten="197,114,452,237" oya="3" hai0="27,72,114,14,91,111,60,59,83,17,41,98,20" hai1="4,0,53,116,25,57,129,12,64,69,70,118,34" hai2="37,94,23,126,103,33,66,15,82,49,10,2,121" hai3="22,89,44,125,73,117,28,11,61,84,85,8,68"/><W9/><G117/><T130/><D111/><U7/><E0/><V52/><F37/><W40/><G73/><T50/><D130/><U65/><E25/><V18/><F33/><W71/><G125/><T46/><D114/><U6/><E34/><V104/><F104/><W79/><G79/><T21/><D72/><U58/><E12/><V120/><F126/><W119/><G119/><N who="1" m="45610" /><E53/><V133/><F133/><W87/><G89/><T19/><D83/><U54/><E54/><V107/><F107/><W16/><G28/><T45/><D45/><U24/><E24/><V81/><F66/><N who="1" m="25705" /><E129/><V110/><F110/><W62/><G71/><T43/><D43/><U29/><E29/><V32/><F32/><W80/><G68/><N who="1" m="26218" /><E58/><N who="2" m="33039" /><F103/><W127/><G80/><T102/><D102/><U51/><E57/><V105/><F105/><W31/><G31/><T90/><D98/><U55/><E55/><AGARI ba="3,0" hai="14,17,19,20,21,27,41,46,50,55,59,60,90,91" machi="55" ten="30,3900,0" yaku="7,1,8,1,52,1" doraHai="56" who="0" fromWho="1" sc="197,48,114,-48,452,0,237,0" owari="245,4.5,66,-43.4,452,55.2,237,-16.3" /></mjloggm>