<mjloggm ver="2.3"><GO type="225" lobby="0"/><UN n0="%E7%9A%AE%E3%80%85" n1="%E3%83%B4%E3%83%A0%EF%BC%99%E3%81%A6" n2="%E8%A8%88%E7%AE%97%E6%A9%9F%E8%87%AA%E7%84%B6" n3="%E3%82%BC%E3%83%AB%E3%83%80%E3%81%AE%E4%BC%9D%E8%AA%AC" dan="16,17,17,17" rate="2181.68,2148.33,2145.52,2129.77" sx="F,M,M,M"/><TAIKYOKU oya="0"/><INIT seed="0,0,0,4,0,104" ten="250,250,250,250" oya="0" hai0="83,35,121,109,58,28,55,120,19,92,34,113,100" hai1="80,56,38,52,7,119,32,41,23,89,90,13,85" hai2="118,122,46,128,76,37,131,102,65,103,112,14,106" hai3="8,39,110,21,50,130,72,42,31,88,33,97,81"/><T63/><D113/><U12/><E119/><V6/><F112/><W115/><G115/><T107/><D107/><U17/><E32/><V47/><F122/><W75/><G33/><T95/><D109/><U3/><E3/><V93/><F106/><W29/><G39/><T82/><D100/><U84/><E38/><V30/><F30/><W0/><G110/><T69/><D69/><U40/><E12/><V67/><F76/><W66/><G66/><T125/><D19/><U49/><REACH who="1" step="1"/><E7/><REACH who="1" ten="250,240,250,250" step="2"/><V36/><F6/><W98/><G0/><T1/><D1/><U73/><E73/><V94/><REACH who="2" step="1"/><F14/><REACH who="2" ten="250,240,240,250" step="2"/><W25/><G72/><T86/><D121/><U133/><E133/><V9/><F9/><W45/><G8/><T54/><D120/><U10/><E10/><V99/><F99/><W44/><G75/><T117/><D117/><AGARI ba="0,2" hai="36,37,46,47,65,67,93,94,102,103,117,118,128,131" machi="117" ten="25,3200,0" yaku="1,1,22,2,53,0" doraHai="104" doraHaiUra="53" who="2" fromWho="0" sc="250,-32,240,0,240,52,250,0" /><INIT seed="1,0,0,5,3,82" ten="218,240,292,250" oya="1" hai0="31,126,17,91,80,113,123,127,44,110,88,61,40" hai1="18,103,38,60,109,98,84,48,118,62,92,24,67" hai2="68,4,87,56,105,99,27,89,132,122,35,20,83" hai3="134,108,52,133,114,107,43,34,81,50,97,72,26"/><U85/><E118/><V47/><F122/><W120/><G120/><T13/><D123/><U5/><E38/><V33/><F68/><W23/><G114/><T3/><D113/><U131/><E131/><V71/><F71/><W59/><G108/><T63/><D3/><U69/><E109/><V115/><F4/><W74/><G34/><T79/><D110/><U8/><E48/><V54/><F47/><W77/><G43/><T7/><D7/><U90/><E60/><N who="0" m="23113" /><D31/><U19/><E24/><V25/><F132/><N who="3" m="50795" /><G97/><T29/><D29/><U53/><E53/><V65/><F65/><W70/><G107/><T93/><D93/><U130/><E130/><V102/><F25/><W94/><G94/><T116/><D116/><U78/><E78/><V57/><F115/><W2/><G2/><T106/><D106/><U30/><E30/><V51/><REACH who="2" step="1"/><F56/><REACH who="2" ten="218,240,282,250" step="2"/><W22/><G70/><T37/><D127/><U111/><E111/><V12/><F12/><W10/><G26/><T104/><D126/><U11/><E11/><V36/><F36/><W21/><G10/><T86/><D37/><U124/><E124/><V73/><F73/><AGARI ba="0,1" hai="21,22,23,50,52,59,72,73,74,77,81" m="50795" machi="73" ten="30,2000,0" yaku="20,1,54,1" doraHai="82" who="3" fromWho="2" sc="218,0,240,0,282,-20,250,30" /><INIT seed="2,0,0,4,0,74" ten="218,240,262,280" oya="2" hai0="0,107,135,100,25,17,77,20,102,118,130,113,11" hai1="80,45,9,122,124,95,43,126,103,128,49,60,116" hai2="97,18,42,32,50,31,26,66,64,41,81,53,69" hai3="4,92,99,36,131,63,12,48,108,24,47,44,129"/><V93/><F18/><W7/><G108/><T70/><D113/><U89/><E116/><V123/><F123/><W121/><G121/><T39/><D39/><U75/><E122/><V87/><F64/><W112/><G112/><T105/><D70/><U14/><E128/><N who="3" m="49226" /><G63/><T61/><D130/><U79/><E103/><V35/><F35/><W115/><G115/><T55/><D118/><U134/><E60/><V57/><F66/><W88/><G24/><T104/><D135/><U22/><E22/><V19/><F19/><W68/><G68/><T16/><D77/><U10/><E134/><V23/><F32/><W76/><G12/><T117/><D117/><U1/><E1/><V52/><F53/><N who="3" m="29831" /><G76/><T120/><D120/><U133/><E133/><V34/><F34/><W62/><G62/><T132/><D132/><U109/><E109/><V84/><F69/><W54/><G54/><T2/><D17/><U110/><E110/><V38/><F38/><W101/><G101/><T85/><D85/><N who="1" m="52655" /><E14/><V37/><F37/><W56/><G56/><T40/><D40/><AGARI ba="0,0" hai="4,7,36,40,47,88,92,99" m="29831,49226" machi="40" ten="30,2000,0" yaku="19,1,54,1" doraHai="74" who="3" fromWho="0" sc="218,-20,240,0,262,0,280,20" /><INIT seed="3,0,0,4,2,13" ten="198,240,262,300" oya="3" hai0="12,51,123,104,53,130,85,101,44,49,17,82,107" hai1="58,120,78,15,56,133,26,48,132,52,106,127,30" hai2="73,95,84,135,3,7,115,29,8,66,50,45,60" hai3="6,41,25,32,10,88,4,63,108,33,24,43,91"/><W67/><G108/><T81/><D123/><U99/><E120/><V124/><F73/><W111/><G111/><T54/><D130/><U14/><E78/><V38/><F115/><W96/><G96/><T131/><D131/><U22/><E127/><V71/><F38/><W126/><G126/><T116/><D116/><U64/><E64/><V76/><F135/><N who="1" m="51785" /><E58/><V80/><F29/><W105/><G10/><T110/><D110/><U9/><E9/><V11/><F11/><W74/><G63/><T5/><D5/><U69/><E69/><V119/><F124/><W40/><G40/><T98/><D104/><U20/><E22/><V109/><F109/><W62/><G62/><T59/><REACH who="0" step="1"/><D85/><REACH who="0" ten="188,240,262,300" step="2"/><U55/><E55/><V46/><F119/><W16/><G105/><T94/><D94/><U77/><E77/><V2/><F95/><W129/><G129/><T18/><D18/><U36/><E36/><V86/><F86/><W31/><G16/><T92/><D92/><U39/><E39/><V57/><F2/><W90/><G74/><T83/><D83/><U35/><E35/><V61/><F84/><W117/><G117/><T89/><D89/><U122/><E122/><V65/><F80/><W70/><G91/><T103/><D103/><AGARI ba="0,1" hai="14,15,20,26,30,48,52,56,99,103,106" m="51785" machi="103" ten="30,2000,0" yaku="20,1,54,1" doraHai="13" who="1" fromWho="0" sc="188,-20,240,30,262,0,300,0" owari="168,-33.2,270,7.0,262,-13.8,300,40.0" /></mjloggm>