<mjloggm ver="2.3"><GO type="225" lobby="0"/><UN n0="%E3%83%96%E3%83%83%E3%83%91%E3%82%AA%E3%83%96%E3%83%81%E3%82%AD%E3%83%B3" n1="%E5%91%A8%E6%9D%B1" n2="%E7%99%BD%E5%80%89%E5%AF%9B%E4%B9%8B" n3="%E3%82%A4%E3%83%BC%E3%82%B1%E3%83%97%E3%83%A9" dan="16,17,16,17" rate="2219.19,2190.61,2127.32,2215.54" sx="M,M,M,M"/><TAIKYOKU oya="0"/><INIT seed="0,0,0,2,5,76" ten="250,250,250,250" oya="0" hai0="129,57,4,132,27,32,134,45,117,93,25,85,20" hai1="30,44,80,87,8,16,98,68,63,130,90,109,61" hai2="7,86,54,3,62,23,11,110,72,31,84,66,9" hai3="101,5,39,40,58,53,97,119,12,64,55,0,96"/><T92/><D117/><U128/><E109/><V47/><F72/><W15/><G119/><T43/><D129/><N who="1" m="49771" /><E68/><V19/><F110/><W49/><G0/><T36/><D4/><U115/><E115/><V52/><F31/><W120/><G120/><T48/><D32/><U131/><N who="1" m="49779" /><U123/><DORA hai="50" /><E123/><V126/><F126/><W83/><G39/><T105/><D105/><U99/><E30/><V18/><F18/><W2/><G2/><T33/><D33/><U100/><E44/><V22/><F22/><W51/><G40/><T56/><D27/><U67/><E67/><V21/><F21/><W59/><G64/><T103/><D57/><U104/><E99/><V73/><F73/><W41/><G41/><T46/><D56/><U37/><E37/><V24/><F11/><W124/><G124/><T112/><D112/><U108/><E108/><V77/><F47/><W69/><G69/><T122/><D122/><U102/><E102/><V116/><F116/><W81/><G101/><T95/><D103/><U82/><E82/><V34/><F34/><W6/><AGARI ba="0,0" hai="5,6,12,15,49,51,53,55,58,59,81,83,96,97" machi="6" ten="25,16000,3" yaku="0,1,22,2,8,1,52,4" doraHai="76,50" who="3" fromWho="3" sc="250,-80,250,-40,250,-40,250,160" /><INIT seed="1,0,0,1,4,41" ten="170,210,210,410" oya="1" hai0="115,13,67,71,108,120,51,80,135,23,107,58,70" hai1="78,121,18,60,56,125,39,117,15,62,81,32,31" hai2="37,40,124,94,74,9,52,26,110,130,98,127,133" hai3="129,99,119,100,92,103,64,49,79,86,28,43,45"/><U11/><E117/><V6/><F74/><W114/><G114/><T5/><D115/><U118/><E121/><V104/><F104/><W61/><G119/><T10/><D107/><U27/><E118/><V68/><F68/><W59/><G129/><T46/><D120/><U101/><E125/><N who="2" m="48203" /><F130/><W85/><G79/><T55/><D108/><U50/><E39/><V123/><F133/><W66/><G66/><T95/><D135/><U111/><E111/><V113/><F113/><W12/><G103/><T105/><D105/><U47/><E101/><V8/><F110/><W84/><G28/><T14/><D95/><U38/><E38/><V4/><F26/><W24/><G12/><T131/><D131/><U65/><E65/><V88/><F123/><W93/><REACH who="3" step="1"/><G24/><REACH who="3" ten="170,210,210,400" step="2"/><T106/><D67/><U48/><E78/><V2/><F2/><W29/><G29/><T97/><D14/><U76/><E76/><V33/><F4/><W20/><G20/><T42/><D13/><U91/><E91/><AGARI ba="0,1" hai="43,45,49,59,61,64,84,85,86,91,92,93,99,100" machi="91" ten="40,5200,0" yaku="1,1,8,1,52,1,53,0" doraHai="41" doraHaiUra="1" who="3" fromWho="1" sc="170,0,210,-52,210,0,400,62" /><INIT seed="2,0,0,2,3,0" ten="170,158,210,462" oya="2" hai0="32,28,21,78,116,134,67,11,79,63,29,52,62" hai1="75,82,115,95,121,42,23,43,38,70,40,7,17" hai2="35,128,88,85,105,76,5,56,51,112,12,36,83" hai3="81,10,34,6,114,124,100,9,19,73,27,130,97"/><V118/><F36/><W135/><G130/><T14/><D134/><U57/><E115/><V106/><F35/><W30/><G135/><T18/><D116/><U66/><E70/><V123/><F118/><W120/><G120/><T3/><D32/><U65/><E121/><V16/><F123/><W53/><G124/><T45/><D29/><U132/><E38/><V117/><F117/><W91/><G114/><T84/><D84/><U99/><E132/><V58/><F112/><W119/><G119/><T103/><D103/><U101/><E75/><V1/><F128/><W46/><G19/><T48/><D63/><U50/><E82/><V108/><F108/><W127/><G6/><T64/><D64/><U22/><E7/><V44/><F105/><W77/><G91/><T93/><D93/><U2/><E2/><V125/><F106/><W133/><G127/><T8/><D3/><U110/><E110/><V4/><F125/><W60/><G133/><T92/><D92/><U55/><REACH who="1" step="1"/><E23/><REACH who="1" ten="170,148,210,462" step="2"/><N who="2" m="11655" /><F1/><W86/><G73/><T87/><D8/><U74/><E74/><V41/><F76/><W20/><G34/><T109/><D109/><U94/><E94/><V96/><F96/><W113/><G113/><T59/><REACH who="0" step="1"/><D87/><REACH who="0" ten="160,148,210,462" step="2"/><U80/><E80/><V90/><F90/><W37/><G86/><T24/><AGARI ba="0,2" hai="11,14,18,21,24,28,45,48,52,59,62,67,78,79" machi="24" ten="30,12000,2" yaku="1,1,2,1,0,1,8,1,54,1,53,1" doraHai="0" doraHaiUra="15" who="0" fromWho="0" sc="160,140,148,-30,210,-60,462,-30" /><INIT seed="3,0,0,5,5,16" ten="300,118,150,432" oya="3" hai0="74,27,8,117,106,134,128,50,108,98,88,114,64" hai1="52,125,0,104,21,59,51,24,54,62,63,15,85" hai2="110,31,91,39,4,118,56,19,26,45,130,17,35" hai3="86,38,37,99,80,79,23,7,49,127,102,36,30"/><W121/><G121/><T40/><D117/><U122/><E122/><V131/><F118/><W76/><G127/><T75/><D108/><U73/><E0/><V18/><F110/><W42/><G79/><T9/><D64/><U111/><E125/><V112/><F112/><W57/><G7/><T96/><D27/><U28/><E111/><V13/><F91/><W82/><G82/><T83/><D50/><N who="1" m="31191" /><E73/><N who="0" m="27657" /><D40/><U129/><E104/><V87/><F87/><W100/><G99/><N who="0" m="37931" /><D8/><U47/><E129/><N who="2" m="49163" /><F56/><W101/><G57/><T78/><D9/><U67/><E67/><V93/><F93/><W107/><G107/><T103/><D128/><U65/><E65/><V5/><F13/><W95/><G49/><T1/><D1/><U43/><E43/><AGARI ba="0,0" hai="4,5,17,18,19,26,31,35,39,43,45" m="49163" machi="43" ten="30,1000,0" yaku="19,1" doraHai="16" who="2" fromWho="1" sc="300,0,118,-10,150,10,432,0" owari="300,10.0,108,-39.2,160,-24.0,432,53.2" /></mjloggm>