<mjloggm ver="2.3"><GO type="225" lobby="0"/><UN n0="%E3%81%A4%E3%81%A3%E3%81%B1%E3%82%8A%E3%83%9D%E3%83%BC%E3%83%AB" n1="%E5%A4%8F%E9%88%B4%E9%88%B4%E5%A4%8F" n2="%E3%83%A9%E3%83%BC%E3%83%A1%E3%83%B3%E4%BA%94%E9%83%8E" n3="%E9%BB%99%E8%81%B4%E3%81%AE%E3%81%99%E3%82%9D%E3%82%81" dan="17,16,16,16" rate="2130.39,2075.44,2130.60,2115.77" sx="M,F,M,M"/><TAIKYOKU oya="0"/><INIT seed="0,0,0,2,2,33" ten="250,250,250,250" oya="0" hai0="1,115,38,113,25,130,134,111,131,127,95,101,66" hai1="133,63,21,4,26,68,96,112,81,110,61,84,52" hai2="31,62,99,58,71,76,125,86,103,32,47,80,79" hai3="34,67,43,55,6,3,9,27,60,97,109,30,121"/><T128/><D38/><U94/><E110/><V100/><F125/><W107/><G109/><T29/><D111/><U16/><E133/><V56/><F47/><W69/><G55/><T44/><D127/><U0/><E112/><V124/><F124/><W83/><G83/><T123/><D123/><U19/><E4/><V12/><F12/><W51/><G51/><T106/><D134/><U116/><E116/><V77/><F103/><N who="3" m="62959" /><G43/><T10/><D106/><U118/><E118/><V78/><F71/><W90/><G90/><T54/><D66/><U46/><E0/><V57/><F31/><W87/><G87/><T59/><D44/><U104/><E104/><V119/><F32/><N who="3" m="20575" /><G121/><T45/><D45/><U75/><E75/><V36/><F36/><W2/><G34/><N who="0" m="20783" /><D95/><U53/><E19/><V40/><F40/><W72/><G72/><T74/><D101/><N who="1" m="60567" /><E68/><V17/><F119/><W88/><G88/><T65/><D74/><U39/><E39/><V114/><F114/><W82/><G82/><T73/><D73/><U8/><E8/><V35/><F35/><W122/><G122/><T42/><D42/><U37/><E37/><V14/><F99/><W89/><G89/><T102/><D102/><U50/><E53/><N who="2" m="34063" /><F100/><W98/><G98/><T70/><D54/><U132/><E132/><V5/><F5/><W22/><G22/><AGARI ba="0,0" hai="14,17,22,57,58,76,77,78,79,80,86" m="34063" machi="22" ten="30,1000,0" yaku="8,1" doraHai="33" who="2" fromWho="3" sc="250,0,250,0,250,10,250,-10" /><INIT seed="1,0,0,1,2,29" ten="250,250,260,240" oya="1" hai0="120,94,57,44,100,80,86,128,109,50,116,11,52" hai1="24,39,13,130,27,90,0,48,41,64,73,75,1" hai2="42,22,14,32,20,61,78,96,25,124,40,46,133" hai3="10,88,47,85,65,69,87,97,68,37,134,112,129"/><U59/><E130/><V117/><F117/><W99/><G112/><T36/><D116/><U77/><E39/><V55/><F133/><W114/><G114/><T127/><D128/><U9/><E90/><V51/><F124/><W111/><G129/><T45/><D127/><U5/><E1/><V118/><F118/><W102/><G111/><T81/><D109/><U113/><E113/><V76/><F32/><W84/><G134/><T70/><D70/><U74/><E77/><N who="2" m="29803" /><F96/><W79/><G79/><T30/><D120/><U17/><E41/><N who="2" m="15979" /><F25/><W119/><G119/><T72/><D36/><U91/><E91/><V82/><F82/><N who="0" m="31850" /><D72/><U131/><E131/><V110/><F110/><W115/><G115/><T125/><D125/><U15/><E0/><V92/><F92/><W43/><G65/><T62/><D30/><U126/><E126/><V34/><F34/><W67/><G67/><N who="0" m="39375" /><D86/><U132/><E132/><V12/><F61/><W6/><G97/><N who="0" m="59447" /><D11/><U101/><E101/><V4/><F22/><W16/><G88/><T95/><D95/><U7/><E7/><V23/><F4/><W54/><G54/><T66/><D66/><U103/><E103/><V93/><F93/><W26/><G6/><T19/><D19/><U122/><E122/><V28/><F20/><W63/><G63/><T35/><D35/><U53/><REACH who="1" step="1"/><E64/><REACH who="1" ten="250,240,260,240" step="2"/><V89/><F89/><W106/><G102/><T123/><D123/><U31/><E31/><V105/><F105/><W104/><G106/><T108/><D108/><U38/><E38/><V8/><F8/><AGARI ba="0,1" hai="5,8,9,13,15,17,24,27,48,53,59,73,74,75" machi="8" ten="40,2000,0" yaku="1,1,53,0" doraHai="29" doraHaiUra="33" who="1" fromWho="2" sc="250,0,240,30,260,-20,240,0" /><INIT seed="1,1,0,3,1,93" ten="250,270,240,240" oya="1" hai0="107,57,25,3,43,58,103,70,77,17,18,13,89" hai1="106,62,74,78,129,115,121,123,31,126,46,53,100" hai2="36,132,41,65,71,88,104,30,28,1,47,116,133" hai3="118,135,119,86,19,16,69,42,15,98,68,61,73"/><U35/><E115/><V96/><F116/><N who="3" m="44587" /><G73/><T39/><D3/><U33/><E129/><V130/><F1/><W83/><G135/><N who="2" m="51785" /><F130/><W90/><G42/><T80/><D70/><U134/><E126/><V111/><F111/><W7/><G7/><T32/><D103/><U105/><E134/><V67/><F104/><W91/><G61/><T44/><D107/><U21/><E21/><V82/><F82/><W23/><G19/><T101/><D101/><U6/><E6/><V9/><F9/><W54/><G54/><T26/><D89/><U11/><E11/><V108/><F108/><W125/><G125/><T94/><D94/><AGARI ba="1,0" hai="15,16,23,68,69,83,86,90,91,94,98" m="44587" machi="94" ten="30,3900,0" yaku="12,1,52,1,54,1" doraHai="93" who="3" fromWho="0" sc="250,-42,270,0,240,0,240,42" /><INIT seed="2,0,0,4,4,7" ten="208,270,240,282" oya="2" hai0="126,6,98,56,59,120,30,111,67,122,80,73,124" hai1="130,54,13,108,53,71,103,50,91,63,69,45,119" hai2="37,22,2,70,115,31,64,28,87,106,60,78,25" hai3="94,88,118,83,40,8,57,84,114,96,23,107,20"/><V44/><F115/><W89/><G118/><T75/><D30/><U1/><E119/><V131/><F106/><W77/><G114/><T4/><D67/><U116/><E1/><V65/><F131/><W125/><G125/><N who="0" m="48235" /><D98/><U128/><E116/><V76/><F2/><W95/><G107/><T112/><D112/><U18/><E108/><V17/><F65/><W132/><G132/><T42/><D42/><U109/><E109/><V34/><F87/><W12/><G57/><N who="0" m="22091" /><D80/><U5/><E54/><V105/><F105/><W11/><G40/><T14/><D14/><U10/><E103/><V47/><F31/><W92/><G11/><T61/><D61/><U101/><E101/><V99/><F99/><N who="3" m="57735" /><G95/><T62/><D62/><U104/><E104/><V82/><F37/><W117/><G117/><T51/><D51/><U29/><E63/><V113/><F113/><W123/><G123/><N who="0" m="47147" /><D111/><U58/><E29/><V133/><F133/><W121/><G121/><T127/><N who="0" m="48243" /><T72/><AGARI ba="0,0" hai="4,6,72,73,75" m="47147,22091,48243" machi="72" ten="60,8000,1" yaku="4,1,28,2,18,1" doraHai="7" who="0" fromWho="0" sc="208,80,270,-20,240,-40,282,-20" /><INIT seed="3,0,0,4,4,104" ten="288,250,200,262" oya="3" hai0="30,57,102,62,119,105,85,101,122,110,96,118,83" hai1="50,71,116,22,103,10,68,74,106,133,25,7,99" hai2="58,24,36,55,109,135,125,112,123,44,113,9,38" hai3="120,87,59,117,27,40,93,37,13,26,32,77,29"/><W126/><G117/><T79/><D122/><U66/><E133/><V61/><F24/><W23/><G126/><T48/><D110/><U56/><E116/><V89/><F109/><W6/><G120/><T45/><D102/><U51/><E74/><V28/><F28/><W60/><G37/><T54/><REACH who="0" step="1"/><D30/><REACH who="0" ten="278,250,200,262" step="2"/><U20/><E71/><V132/><F123/><W129/><G29/><T14/><D14/><U19/><E68/><V16/><F125/><W0/><G13/><T128/><D128/><U33/><E33/><V3/><F3/><W8/><G129/><T84/><D84/><U124/><E124/><V35/><F35/><W1/><G87/><T100/><D100/><U12/><E103/><V81/><F112/><W97/><G0/><T72/><D72/><U90/><E99/><V34/><F34/><W41/><G97/><T91/><D91/><U76/><E90/><V88/><F113/><W98/><G98/><T82/><D82/><U15/><E76/><V46/><F36/><W80/><G80/><T47/><D47/><N who="2" m="17962" /><F38/><W67/><G77/><T11/><D11/><U107/><E107/><V4/><F81/><W130/><G130/><T17/><D17/><N who="1" m="12431" /><E106/><V43/><F43/><AGARI ba="0,1" hai="43,45,48,54,57,62,79,83,85,96,101,105,118,119" machi="43" ten="30,3900,0" yaku="1,1,7,1,53,1" doraHai="104" doraHaiUra="52" who="0" fromWho="2" sc="278,49,250,0,200,-39,262,0" owari="327,42.7,250,-15.0,161,-33.9,262,6.2" /></mjloggm>