<mjloggm ver="2.3"><GO type="225" lobby="0"/><UN n0="%E9%B7%B9%E5%80%89%E6%9D%8F%E9%88%B4" n1="%E5%8D%A0%E3%81%84%E5%B8%AB%E8%A3%8F%E3%81%AA%E3%81%84%E3%81%97" n2="%E3%83%B4%E3%83%A0%EF%BC%99%E3%81%A6" n3="%E6%81%A5%E6%99%92%E3%81%97" dan="16,17,16,16" rate="2097.71,2243.25,2146.22,2103.42" sx="F,M,M,M"/><TAIKYOKU oya="0"/><INIT seed="0,0,0,1,1,73" ten="250,250,250,250" oya="0" hai0="118,77,51,92,56,69,4,2,94,22,121,99,59" hai1="80,132,44,3,31,27,57,0,125,101,114,28,120" hai2="52,10,83,93,17,79,5,90,117,113,24,106,123" hai3="34,91,38,8,68,108,41,134,116,53,37,87,129"/><T49/><D118/><U95/><E120/><V11/><F123/><W19/><G116/><T55/><D121/><U127/><E132/><V58/><F117/><W76/><G134/><T100/><D69/><U81/><E114/><V112/><F106/><W61/><G34/><T33/><D33/><U126/><E44/><V45/><F45/><W65/><G108/><T72/><D2/><U89/><E101/><V70/><F70/><W35/><G35/><T110/><D4/><U47/><E57/><V133/><F133/><W9/><G129/><T32/><D32/><N who="1" m="20511" /><E31/><V12/><F24/><W86/><G41/><T105/><D110/><U16/><E47/><V40/><F40/><W71/><G71/><T107/><D107/><U15/><E0/><V42/><F42/><W135/><G135/><T46/><D22/><N who="1" m="11551" /><E3/><V104/><F104/><W122/><G122/><T97/><D51/><U36/><E36/><V21/><F21/><W131/><G38/><T111/><D111/><U78/><E78/><V88/><F93/><W85/><G37/><T63/><D63/><U119/><E119/><V109/><F109/><W14/><G131/><T64/><D64/><U23/><E23/><V130/><F130/><W26/><G53/><T98/><D105/><U102/><E102/><V39/><F39/><W96/><G76/><T18/><D18/><U20/><E20/><V7/><F112/><W30/><G61/><T29/><D29/><U124/><N who="1" m="31744" /><DORA hai="54" /><U13/><E13/><N who="2" m="5327" /><F17/><W50/><G19/><T62/><D100/><U74/><E74/><N who="2" m="43511" /><F113/><W82/><G68/><T103/><D103/><RYUUKYOKU ba="0,0" sc="250,-15,250,15,250,15,250,-15" hai1="80,81,89,95" hai2="7,11,12,52,58,88,90" /><INIT seed="1,1,0,0,3,28" ten="235,265,265,235" oya="1" hai0="51,41,106,100,20,109,18,81,39,31,115,25,134" hai1="118,95,38,24,91,135,52,89,66,33,3,73,119" hai2="102,88,114,34,85,113,125,45,5,15,92,22,16" hai3="47,121,13,9,65,55,70,49,101,64,61,126,2"/><U36/><E3/><V105/><F125/><W127/><G121/><T80/><D115/><N who="2" m="44042" /><F5/><W7/><G101/><T104/><D39/><U83/><E135/><V110/><F110/><W17/><REACH who="3" step="1"/><G65/><REACH who="3" ten="235,265,265,225" step="2"/><T63/><D109/><U19/><E66/><V78/><F78/><W57/><G57/><T4/><D134/><U37/><E119/><V54/><F102/><W26/><G26/><T60/><D100/><U56/><E118/><V97/><F105/><W117/><G117/><T35/><D106/><U122/><E122/><V11/><F34/><W30/><G30/><T32/><D104/><U8/><E33/><V62/><F22/><AGARI ba="1,1" hai="2,7,9,13,17,22,47,49,55,61,64,70,126,127" machi="22" ten="40,2600,0" yaku="1,1,53,1" doraHai="28" doraHaiUra="40" who="3" fromWho="2" sc="235,0,265,0,265,-29,225,39" /><INIT seed="2,0,0,1,3,105" ten="235,265,236,264" oya="2" hai0="58,74,42,124,120,18,91,17,15,84,30,110,9" hai1="38,65,129,66,70,134,46,89,94,115,72,48,116" hai2="79,54,25,68,107,128,93,106,130,61,97,77,96" hai3="49,104,108,32,40,50,133,73,33,45,10,31,41"/><V87/><F25/><W83/><G104/><N who="2" m="39977" /><F54/><W20/><G108/><T7/><D110/><U81/><E115/><V71/><F61/><W131/><G131/><N who="2" m="50217" /><F68/><W11/><G133/><T95/><D120/><U28/><E134/><V101/><F71/><W82/><G20/><T100/><D124/><U112/><E38/><V63/><F63/><W121/><G121/><T99/><D30/><U123/><E28/><V23/><F23/><W35/><G31/><T119/><D119/><U98/><E70/><V111/><F111/><W27/><G27/><T12/><D42/><U102/><E116/><V118/><F118/><W16/><G16/><T4/><D58/><U88/><E65/><V109/><F109/><W122/><G122/><T0/><D0/><U132/><E66/><V92/><F87/><W125/><G125/><T52/><D52/><U57/><E57/><V55/><F55/><W5/><G32/><T24/><D24/><U51/><E51/><V56/><F56/><W47/><G5/><T103/><D7/><U2/><E2/><V80/><F80/><W69/><G69/><T85/><D4/><U113/><E123/><V59/><F59/><W43/><G41/><T14/><D14/><U34/><E34/><V39/><F39/><W117/><G117/><T60/><D60/><U86/><E129/><V64/><F64/><W135/><G135/><T53/><D53/><N who="1" m="29847" /><E132/><V126/><F126/><W37/><G37/><T19/><D12/><U76/><E86/><N who="0" m="33385" /><D15/><U1/><E1/><V3/><F3/><W127/><G127/><T8/><D18/><U114/><AGARI ba="0,0" hai="72,76,81,88,89,94,98,102,112,113,114" m="29847" machi="114" ten="30,4000,0" yaku="5,1,52,1,54,1" doraHai="105" who="1" fromWho="1" sc="235,-10,265,40,236,-20,264,-10" /><INIT seed="3,0,0,1,1,82" ten="225,305,216,254" oya="3" hai0="126,1,86,35,87,40,56,23,14,118,37,27,92" hai1="91,67,64,110,83,50,76,84,29,46,43,49,65" hai2="97,12,18,128,70,61,90,69,114,9,95,19,63" hai3="108,119,124,89,120,73,133,98,131,78,54,52,45"/><W93/><G119/><T74/><D118/><U13/><E110/><V107/><F114/><W22/><G120/><T81/><D1/><U44/><E29/><V5/><F128/><W106/><G131/><T122/><D122/><U129/><E129/><V11/><F107/><W33/><G33/><T55/><D37/><U135/><E135/><V96/><F96/><W17/><G133/><T62/><D40/><N who="1" m="24711" /><E13/><V130/><F130/><W39/><G108/><T111/><D111/><U88/><AGARI ba="0,0" hai="43,46,50,64,65,67,76,83,84,88,91" m="24711" machi="88" ten="30,4000,0" yaku="8,1,52,1,54,1" doraHai="82" who="1" fromWho="1" sc="225,-10,305,40,216,-10,254,-20" owari="215,-18.5,345,44.5,206,-29.4,234,3.4" /></mjloggm>