<mjloggm ver="2.3"><GO type="225" lobby="0"/><UN n0="%E9%A6%AC%E5%BC%95%E7%81%AB%33" n1="%E4%BC%8A%E9%81%94%E6%9C%B1%E9%87%8C%E7%B4%97" n2="%E3%83%96%E3%83%83%E3%83%91%E3%82%AA%E3%83%96%E3%83%81%E3%82%AD%E3%83%B3" n3="%E3%81%AF%E3%82%88%E3%81%8A%E3%81%98%E3%81%95%E3%82%93" dan="16,16,16,17" rate="2148.72,2120.05,2154.36,2156.13" sx="M,M,M,M"/><TAIKYOKU oya="0"/><INIT seed="0,0,0,4,2,17" ten="250,250,250,250" oya="0" hai0="106,49,81,98,23,53,134,112,93,113,70,128,87" hai1="75,36,26,44,124,76,43,61,119,15,28,10,126" hai2="111,99,31,32,129,47,21,22,121,127,34,40,9" hai3="37,13,56,91,82,107,131,66,94,41,78,20,135"/><T90/><D70/><U63/><E119/><V79/><F121/><W42/><G107/><T101/><D128/><U96/><E96/><V120/><F120/><W51/><G37/><T3/><D3/><U4/><E75/><V1/><F129/><W77/><G135/><T104/><D134/><U122/><E76/><N who="3" m="29290" /><G82/><T115/><REACH who="0" step="1"/><D23/><REACH who="0" ten="240,250,250,250" step="2"/><N who="1" m="15455" /><E122/><V130/><F22/><W83/><G131/><T48/><D48/><U29/><E29/><V45/><F21/><W25/><G51/><T33/><D33/><U57/><E63/><V103/><F31/><W118/><G13/><T14/><D14/><U62/><E61/><V84/><F1/><W58/><G118/><T133/><D133/><U6/><E62/><V54/><F34/><W0/><G0/><T95/><D95/><U2/><E2/><V39/><F32/><W102/><G20/><T116/><D116/><U100/><E36/><V16/><F39/><W8/><G25/><T68/><D68/><U5/><E15/><V60/><F130/><W35/><G35/><T46/><AGARI ba="0,1" hai="46,49,53,81,87,90,93,98,101,104,106,112,113,115" machi="46" ten="30,6000,0" yaku="1,1,0,1,53,1" doraHai="17" doraHaiUra="89" who="0" fromWho="0" sc="240,70,250,-20,250,-20,250,-20" /><INIT seed="0,1,0,2,2,76" ten="310,230,230,230" oya="0" hai0="93,50,70,56,38,108,110,21,94,121,41,103,22" hai1="66,74,43,27,102,30,112,60,115,132,119,45,69" hai2="23,20,28,39,42,68,120,72,86,18,24,48,135" hai3="2,13,81,65,126,34,116,87,55,127,67,35,11"/><T19/><D121/><U17/><E119/><V12/><F120/><W83/><G116/><T71/><D38/><U84/><E74/><V77/><F135/><W47/><G2/><T7/><D7/><U31/><E132/><V118/><F118/><W52/><G87/><T73/><D73/><U57/><E102/><V63/><F39/><W113/><G113/><N who="1" m="43594" /><E84/><V92/><F72/><W109/><G109/><N who="0" m="42091" /><D21/><N who="1" m="13743" /><E69/><N who="0" m="26121" /><D103/><U29/><E29/><V8/><F68/><W26/><G26/><N who="0" m="14687" /><D56/><U32/><E32/><V91/><F63/><W54/><G47/><AGARI ba="1,0" hai="41,47,50,93,94" m="14687,26121,42091" machi="47" ten="30,2900,0" yaku="14,1,10,1" doraHai="76" who="0" fromWho="3" sc="310,32,230,0,230,0,230,-32" /><INIT seed="0,2,0,1,5,60" ten="342,230,230,198" oya="0" hai0="25,124,95,38,114,49,123,88,14,20,85,1,36" hai1="90,103,51,120,72,69,17,15,99,26,61,116,97" hai2="98,106,77,46,111,10,54,47,107,37,130,117,125" hai3="12,53,8,122,100,68,126,102,112,94,44,50,39"/><T104/><D114/><U108/><E108/><V22/><F111/><W27/><G112/><T118/><D123/><U73/><E120/><V71/><F71/><W121/><G68/><T55/><D118/><U5/><E116/><V58/><F117/><W56/><G126/><T67/><D1/><U89/><E51/><V62/><F125/><W75/><G75/><T59/><D104/><U66/><E5/><V29/><F130/><W28/><G121/><T80/><D124/><U45/><E45/><V128/><F128/><W32/><G122/><T129/><D129/><U83/><E26/><V24/><F77/><W9/><G9/><T119/><D119/><U0/><E0/><V40/><F98/><W105/><G105/><T81/><D14/><U86/><E89/><V23/><F10/><W76/><G76/><T52/><D67/><U74/><REACH who="1" step="1"/><E103/><REACH who="1" ten="342,220,230,198" step="2"/><V7/><F7/><W109/><G109/><T4/><D4/><U11/><AGARI ba="2,1" hai="11,15,17,61,66,69,72,73,74,83,86,90,97,99" machi="11" ten="30,7900,0" yaku="1,1,2,1,0,1,52,1,53,0" doraHai="60" doraHaiUra="16" who="1" fromWho="1" sc="342,-41,220,95,230,-22,198,-22" /><INIT seed="1,0,0,4,5,38" ten="301,315,208,176" oya="1" hai0="8,122,67,17,76,5,126,87,113,93,119,11,68" hai1="45,28,42,125,134,37,128,121,131,92,78,69,1" hai2="98,30,13,48,18,96,114,50,41,70,23,59,63" hai3="6,29,82,84,99,4,65,105,47,104,127,56,36"/><U10/><E121/><V123/><F123/><W91/><G127/><T31/><D113/><U14/><E125/><V40/><F70/><W75/><G75/><T21/><D119/><U62/><E134/><V54/><F114/><W24/><G65/><T15/><D126/><U108/><E28/><V49/><REACH who="2" step="1"/><F30/><REACH who="2" ten="301,315,198,176" step="2"/><W73/><G29/><T83/><D122/><U55/><E69/><V64/><F64/><W133/><G133/><T33/><D67/><U2/><E131/><V100/><F100/><W110/><G110/><T115/><D68/><U44/><E128/><V132/><F132/><W0/><G0/><T9/><D115/><U25/><E1/><V60/><F60/><W12/><G73/><T109/><D109/><U43/><E62/><V102/><F102/><W81/><G104/><T85/><D31/><U3/><E2/><V135/><F135/><W101/><G105/><T74/><D74/><U61/><E61/><V94/><F94/><W107/><G101/><T32/><D93/><U20/><E3/><V66/><F66/><W129/><G107/><T106/><D106/><U52/><E92/><V118/><F118/><W116/><G116/><T97/><D33/><U51/><E108/><V22/><F22/><W120/><G120/><T26/><D21/><U16/><E20/><V80/><F80/><N who="3" m="49543" /><G129/><T53/><D83/><U103/><E103/><V46/><F46/><W35/><G81/><T58/><D32/><U27/><E78/><V34/><F34/><W71/><G35/><T111/><D76/><U124/><E124/><V79/><F79/><W130/><G130/><RYUUKYOKU ba="0,1" sc="301,-15,315,15,198,15,176,-15" hai1="10,14,16,25,27,37,42,43,44,45,51,52,55" hai2="13,18,23,40,41,48,49,50,54,59,63,96,98" /><INIT seed="1,1,1,0,4,76" ten="286,330,213,161" oya="1" hai0="38,128,27,10,17,110,135,12,7,101,59,24,58" hai1="73,6,81,22,39,56,46,79,42,102,0,11,100" hai2="28,119,92,50,1,18,75,99,116,126,117,15,130" hai3="77,26,105,90,4,74,89,112,72,97,63,80,36"/><U67/><REACH who="1" step="1"/><E22/><REACH who="1" ten="286,320,213,161" step="2"/><N who="2" m="11615" /><F117/><W21/><G21/><T94/><D135/><U64/><E64/><V30/><F119/><W19/><G112/><T87/><D128/><U127/><E127/><V121/><F116/><W108/><G108/><T33/><D110/><U82/><E82/><V113/><F130/><W13/><G80/><T55/><D33/><U103/><E103/><V34/><F126/><W2/><G74/><T68/><D101/><U25/><E25/><V70/><F75/><W118/><G26/><T86/><D24/><U93/><E93/><V88/><F34/><W54/><G72/><T40/><D94/><U132/><E132/><V109/><F109/><W107/><G118/><T8/><D27/><U85/><E85/><V47/><F113/><W69/><G105/><T31/><D87/><U120/><E120/><V71/><F121/><W98/><G107/><T131/><D86/><U84/><E84/><V111/><F111/><W129/><G129/><T115/><D131/><U125/><E125/><V44/><F71/><W114/><G69/><T134/><D68/><U45/><E45/><V62/><F70/><W14/><G114/><T29/><D134/><U9/><E9/><V95/><F47/><W83/><G83/><T3/><D10/><U16/><E16/><V53/><F95/><W41/><G19/><T32/><D17/><U91/><E91/><V23/><F23/><W5/><G89/><T96/><D32/><U123/><E123/><V51/><F44/><W78/><G90/><T66/><D115/><U57/><E57/><N who="2" m="35119" /><F1/><W20/><G2/><T122/><D3/><RYUUKYOKU ba="1,2" sc="286,-15,320,15,213,15,161,-15" hai1="0,6,11,39,42,46,56,67,73,79,81,100,102" hai2="28,30,50,51,88,92,99" /><INIT seed="1,2,2,5,4,0" ten="271,335,228,146" oya="1" hai0="63,89,71,84,110,55,76,75,87,25,68,60,100" hai1="10,122,48,54,85,11,95,134,130,41,112,17,108" hai2="129,79,133,22,12,105,2,64,88,115,121,111,31" hai3="27,73,67,109,103,124,96,77,53,35,45,127,43"/><U46/><E112/><V128/><F121/><W30/><G109/><T23/><D75/><U20/><E122/><V114/><F105/><W9/><G53/><T98/><D110/><U4/><E108/><V65/><F2/><W135/><G135/><T32/><D32/><U81/><E134/><V15/><F111/><W92/><G67/><N who="2" m="25673" /><F79/><W49/><REACH who="3" step="1"/><G9/><REACH who="3" ten="271,335,228,136" step="2"/><T57/><D55/><U102/><E11/><V66/><F133/><W28/><G28/><T70/><D70/><U51/><E130/><N who="2" m="50283" /><F66/><W61/><G61/><T5/><D60/><U42/><E54/><V91/><F115/><W13/><G13/><N who="2" m="5193" /><F114/><W117/><G117/><T72/><D68/><U123/><E123/><V39/><F39/><W118/><G118/><T97/><D71/><U56/><E10/><V24/><AGARI ba="2,3" hai="22,24,31,88,91" m="5193,50283,25673" machi="24" ten="40,2700,0" yaku="19,1,54,1" doraHai="0" who="2" fromWho="2" sc="271,-9,335,-15,228,63,136,-9" /><INIT seed="2,0,0,0,4,40" ten="262,320,291,127" oya="2" hai0="6,63,43,107,108,76,32,24,67,114,127,99,19" hai1="88,102,97,56,20,77,39,122,42,110,35,73,103" hai2="9,111,3,29,104,53,58,105,30,51,112,52,33" hai3="116,25,118,92,120,2,70,91,84,21,96,16,135"/><V47/><F112/><W60/><G120/><T59/><D114/><U37/><E35/><V93/><F111/><W79/><G135/><T83/><D127/><U86/><E110/><V31/><F33/><W26/><G2/><T126/><D126/><U133/><E103/><V101/><F3/><W41/><G25/><T82/><D108/><U124/><E133/><V100/><F9/><W22/><G22/><T7/><D43/><U14/><E56/><V74/><F74/><W130/><G130/><T62/><D83/><U66/><E66/><V38/><F38/><W90/><G79/><T109/><D109/><U119/><E119/><V106/><REACH who="2" step="1"/><F93/><REACH who="2" ten="262,320,281,127" step="2"/><W0/><G0/><T65/><D32/><U98/><E37/><V44/><F44/><W72/><G72/><T48/><D107/><U13/><E73/><V69/><F69/><W8/><G8/><T27/><D59/><U132/><E39/><V18/><F18/><W23/><G21/><T15/><D19/><U89/><E20/><V12/><F12/><W80/><G116/><T10/><D15/><U129/><E13/><V34/><F34/><W4/><G118/><T123/><D10/><U128/><E14/><V5/><F5/><W131/><G4/><T117/><D6/><U115/><E132/><V71/><F71/><W17/><G17/><T85/><D7/><U87/><E115/><V81/><F81/><W94/><G80/><T57/><D117/><U121/><E124/><V1/><F1/><W45/><G45/><T49/><D82/><U11/><E11/><V28/><N who="2" m="7168" /><DORA hai="125" /><V54/><F54/><RYUUKYOKU ba="0,1" sc="262,-10,320,-10,281,30,127,-10" hai2="47,51,52,53,58,100,101,104,105,106" /><INIT seed="2,1,1,5,4,12" ten="252,310,311,117" oya="2" hai0="60,36,120,88,117,91,96,123,24,57,95,68,26" hai1="74,121,105,44,31,46,126,54,72,92,94,43,17" hai2="113,66,3,47,110,80,93,108,134,27,30,69,78" hai3="15,59,39,103,52,90,50,22,49,63,127,115,58"/><V122/><F113/><W16/><G39/><T4/><D68/><U116/><E116/><V67/><F122/><W89/><G115/><T119/><D36/><U35/><E105/><V42/><F3/><W97/><G127/><T56/><D4/><U125/><E121/><V23/><F93/><N who="1" m="35945" /><E31/><V124/><F134/><W109/><G109/><N who="2" m="42089" /><F69/><W33/><G33/><T9/><D95/><U102/><E35/><V114/><F114/><W83/><G103/><T61/><REACH who="0" step="1"/><D9/><REACH who="0" ten="242,310,311,117" step="2"/><U5/><E5/><V85/><F124/><W101/><G101/><T13/><D13/><U64/><E102/><V131/><F131/><W87/><G97/><AGARI ba="1,2" hai="24,26,56,57,60,61,88,91,96,97,117,119,120,123" machi="97" ten="25,12000,2" yaku="1,1,22,2,54,1,53,2" doraHai="12" doraHaiUra="55" who="0" fromWho="3" sc="242,143,310,0,311,0,117,-123" owari="385,48.5,310,-9.0,311,11.1,-6,-50.6" /></mjloggm>