<mjloggm ver="2.3"><GO type="225" lobby="0"/><UN n0="%E3%81%90%E3%81%A1%E3%82%84%E3%81%BE" n1="%E5%B8%86%E7%AB%8B%E5%A4%8F%E8%A1%A3" n2="%E3%80%93%E3%81%97%E3%83%BC%E3%82%89%E3%80%93" n3="%E9%B3%B3%E6%9D%B1%E3%81%AE%E3%81%BF%E3%81%91%E3%81%AB%E3%82%83%E3%82%93" dan="16,17,16,17" rate="2129.21,2169.58,2166.51,2212.00" sx="M,M,M,F"/><TAIKYOKU oya="0"/><INIT seed="0,0,0,3,2,27" ten="250,250,250,250" oya="0" hai0="123,83,7,97,122,31,51,100,6,89,104,61,29" hai1="124,86,45,70,107,22,109,57,58,15,21,134,106" hai2="133,60,43,25,96,30,20,111,131,72,56,75,49" hai3="113,80,77,2,9,1,67,16,47,91,19,108,95"/><T99/><D51/><U93/><E70/><V76/><F133/><W92/><G113/><T65/><D122/><U118/><E118/><V54/><F131/><W66/><G108/><T87/><D123/><U68/><E68/><V55/><F111/><W52/><G1/><T5/><REACH who="0" step="1"/><D97/><REACH who="0" ten="240,250,250,250" step="2"/><U18/><E109/><V13/><F96/><W40/><G40/><T121/><D121/><U11/><E134/><V69/><F43/><W98/><G98/><T12/><D12/><U64/><E15/><V103/><F13/><W132/><G132/><T26/><D26/><U50/><E50/><V102/><F49/><W63/><G2/><T39/><D39/><U44/><E44/><V135/><F25/><W46/><G47/><T14/><D14/><U112/><E45/><V117/><F135/><W129/><G46/><T105/><D105/><U110/><E107/><V33/><F117/><W38/><G38/><T88/><D88/><U0/><E106/><V3/><F3/><W119/><G119/><T125/><D125/><U42/><E124/><V37/><F37/><W81/><G91/><T62/><D62/><U130/><E0/><V78/><F60/><W36/><G36/><T128/><D128/><U10/><E130/><V90/><F90/><W82/><G129/><T94/><D94/><N who="3" m="35881" /><G77/><T116/><D116/><U84/><E93/><V120/><F78/><W32/><G9/><T115/><D115/><U127/><E127/><V126/><F76/><W114/><G114/><T4/><N who="0" m="1024" /><DORA hai="71" /><T79/><D79/><U41/><E112/><V73/><F126/><W53/><G63/><RYUUKYOKU ba="0,1" sc="240,30,250,-10,250,-10,250,-10" hai0="29,31,61,65,83,87,89,99,100,104" /><INIT seed="0,1,1,4,5,64" ten="270,240,240,240" oya="0" hai0="101,33,35,127,78,126,5,77,48,81,39,52,109" hai1="87,75,86,55,26,30,100,95,62,79,49,16,94" hai2="122,118,107,84,124,132,56,12,22,36,74,116,115" hai3="45,59,31,73,92,37,71,6,58,19,119,129,11"/><T46/><D109/><U90/><E75/><V106/><F36/><W65/><G119/><T1/><D101/><U32/><E62/><V120/><F74/><W42/><G31/><T50/><D39/><U51/><E51/><V34/><F34/><W104/><G104/><N who="2" m="39977" /><F56/><W21/><G92/><T68/><D68/><U134/><E134/><V135/><F22/><W43/><G43/><T130/><D130/><U38/><E38/><V114/><F84/><W25/><G73/><T102/><D102/><U41/><E41/><V24/><F12/><W117/><G117/><N who="2" m="45161" /><F24/><W88/><G129/><T113/><D113/><N who="2" m="43018" /><F124/><N who="0" m="47658" /><D50/><U17/><E79/><N who="0" m="30217" /><D81/><U103/><E87/><V76/><F76/><W3/><G71/><T2/><D5/><U29/><E29/><V110/><F110/><W82/><REACH who="3" step="1"/><G65/><REACH who="3" ten="270,240,240,230" step="2"/><T40/><D40/><U96/><REACH who="1" step="1"/><E103/><REACH who="1" ten="270,230,240,230" step="2"/><V0/><F0/><AGARI ba="1,3" hai="0,1,2,33,35,46,48,52" m="30217,47658" machi="0" ten="30,2900,0" yaku="18,1,54,1" doraHai="64" who="0" fromWho="2" sc="270,62,230,0,240,-32,230,0" /><INIT seed="0,2,0,0,5,15" ten="332,230,208,230" oya="0" hai0="14,68,109,31,59,126,49,48,116,77,114,4,93" hai1="132,19,83,62,58,43,128,61,84,119,82,100,38" hai2="120,47,50,55,23,40,64,81,7,69,25,94,108" hai3="98,95,130,34,46,127,129,125,104,105,56,89,118"/><T10/><D114/><U102/><E119/><V13/><F120/><W74/><G34/><T66/><D116/><U80/><E128/><N who="3" m="49258" /><G118/><T44/><D126/><N who="3" m="48137" /><G46/><T131/><D131/><U75/><E132/><V97/><F108/><W6/><G6/><T86/><D68/><U53/><E75/><V117/><F117/><W57/><G57/><T122/><D122/><U41/><E84/><V92/><F69/><W24/><G56/><T110/><D59/><N who="1" m="35055" /><E38/><V134/><F134/><W2/><G2/><T87/><D44/><U65/><E19/><V45/><F64/><W113/><G24/><T35/><D4/><U36/><E36/><V67/><F67/><W32/><G32/><T91/><D66/><U72/><E72/><V21/><F7/><W17/><G17/><T123/><D123/><U133/><E133/><V90/><F13/><W29/><G29/><T79/><D35/><U11/><E11/><V39/><F25/><W106/><G74/><T121/><D31/><U54/><E65/><V96/><REACH who="2" step="1"/><F81/><REACH who="2" ten="332,230,198,230" step="2"/><W16/><G16/><T71/><D121/><U1/><E1/><V22/><F22/><W26/><G26/><T52/><D71/><U73/><E73/><V135/><F135/><W51/><G51/><T12/><D12/><U0/><E0/><V107/><F107/><W28/><G28/><T27/><D27/><U70/><E70/><V99/><F99/><N who="3" m="57839" /><G113/><T18/><D49/><U60/><E60/><V30/><F30/><W63/><G63/><T20/><D10/><U78/><E78/><N who="0" m="29705" /><D110/><U115/><E115/><V103/><AGARI ba="2,1" hai="21,23,39,40,45,47,50,55,90,92,94,96,97,103" machi="103" ten="20,5200,0" yaku="1,1,0,1,7,1,53,1" doraHai="15" doraHaiUra="37" who="2" fromWho="2" sc="332,-28,230,-15,198,68,230,-15" /><INIT seed="1,0,0,4,4,115" ten="304,215,266,215" oya="1" hai0="1,39,126,78,21,33,60,84,107,106,121,22,133" hai1="134,89,19,0,82,79,50,62,55,86,116,12,119" hai2="8,118,31,7,45,65,96,44,93,122,18,124,101" hai3="129,73,38,108,94,128,27,123,97,52,17,23,69"/><U4/><E134/><V64/><F122/><W14/><G123/><T67/><D121/><U10/><E62/><V71/><F118/><W29/><G108/><T35/><D1/><U15/><E79/><V75/><F75/><W125/><G125/><T6/><D39/><U99/><E99/><V30/><F124/><W68/><G38/><T66/><D6/><U85/><E85/><V3/><F18/><W80/><G80/><T49/><D49/><U132/><E132/><V56/><F71/><W91/><G73/><T120/><D120/><U11/><E0/><V28/><REACH who="2" step="1"/><F56/><AGARI ba="0,0" hai="4,10,11,12,15,19,50,55,56,82,86,89,116,119" machi="56" ten="30,5800,0" yaku="7,1,52,2" doraHai="115" who="1" fromWho="2" sc="304,0,215,58,266,-58,215,0" /><INIT seed="1,1,0,0,0,88" ten="304,273,208,215" oya="1" hai0="90,46,35,107,93,130,8,64,34,48,92,98,53" hai1="97,55,14,30,26,76,129,72,86,67,103,102,41" hai2="78,109,54,13,6,12,70,29,18,33,21,63,36" hai3="120,42,117,51,131,57,89,7,96,115,38,91,112"/><U69/><E129/><V22/><F36/><W100/><G120/><T75/><D75/><U66/><E72/><V105/><F105/><W133/><G131/><T73/><D73/><U71/><E41/><V119/><F78/><W17/><G7/><T24/><D107/><U59/><E71/><V106/><F106/><W108/><G108/><T58/><D130/><U111/><E111/><V43/><F43/><W2/><G2/><T81/><D81/><N who="1" m="47399" /><E69/><V3/><F54/><W28/><G28/><T1/><D24/><U23/><E14/><V118/><F63/><W27/><G38/><T94/><D35/><U74/><E74/><V128/><F70/><W32/><G133/><T125/><D125/><U126/><E126/><V47/><F47/><W135/><G135/><T84/><D34/><U60/><E97/><V0/><F128/><W77/><G77/><T62/><REACH who="0" step="1"/><D98/><REACH who="0" ten="294,273,208,215" step="2"/><U52/><E67/><V16/><F109/><W61/><G32/><T116/><D116/><N who="2" m="44586" /><F6/><AGARI ba="1,1" hai="1,6,8,46,48,53,58,62,64,84,90,92,93,94" machi="6" ten="40,8000,1" yaku="1,1,52,3,53,0" doraHai="88" doraHaiUra="9" who="0" fromWho="2" sc="294,93,273,0,208,-83,215,0" /><INIT seed="2,0,0,3,0,4" ten="387,273,125,215" oya="2" hai0="127,123,96,6,35,83,100,120,14,134,114,57,58" hai1="19,3,21,31,63,15,131,126,70,122,81,55,0" hai2="76,54,90,92,52,51,86,119,110,88,73,75,85" hai3="112,39,71,68,130,32,18,115,48,64,5,24,17"/><V40/><F119/><W62/><G39/><T89/><D114/><N who="3" m="43561" /><G130/><T95/><D35/><U74/><E131/><V107/><F107/><W25/><G71/><T9/><D127/><U27/><E126/><V7/><F110/><W78/><G78/><T113/><D113/><U59/><E70/><V105/><F105/><W29/><G25/><T49/><D134/><U37/><E37/><V13/><F75/><W66/><G66/><T41/><D58/><U94/><E122/><V124/><F73/><W12/><G48/><T34/><D34/><U118/><E118/><V10/><F124/><W79/><G79/><T67/><D41/><U129/><E129/><V91/><F76/><W132/><G132/><T28/><D28/><U36/><E36/><V38/><F38/><W65/><G65/><T133/><D133/><U69/><E69/><V60/><F60/><W104/><G104/><T2/><D2/><U16/><E81/><N who="2" m="49199" /><F91/><W56/><G68/><T44/><D89/><U61/><E74/><V121/><F121/><W53/><G64/><T47/><D67/><U117/><E117/><V97/><F86/><W23/><G18/><T72/><D72/><U116/><E116/><V20/><F20/><N who="3" m="11303" /><G5/><T128/><D128/><U135/><E135/><V108/><F108/><W1/><G1/><T98/><D6/><U33/><E63/><V46/><AGARI ba="0,0" hai="7,10,13,40,46,51,52,54,90,92,97" m="49199" machi="46" ten="30,11700,0" yaku="8,1,52,1,54,2" doraHai="4" who="2" fromWho="2" sc="387,-39,273,-39,125,117,215,-39" /><INIT seed="2,1,0,0,2,76" ten="348,234,242,176" oya="2" hai0="94,119,23,48,77,82,78,123,127,47,88,106,69" hai1="62,79,68,61,110,42,41,131,60,92,105,67,34" hai2="87,66,98,22,44,70,6,84,63,104,46,108,130" hai3="19,38,49,10,95,115,121,116,16,9,5,99,113"/><V35/><F130/><W128/><G116/><T31/><D123/><U89/><E105/><V29/><F22/><W91/><G121/><T39/><D69/><U71/><E131/><V20/><F20/><W73/><G38/><T45/><D106/><U75/><E34/><V56/><F56/><W97/><G128/><T7/><D127/><U15/><E110/><V27/><F6/><W81/><G49/><T14/><D119/><U13/><E79/><V120/><F120/><W96/><G73/><T58/><D39/><U102/><E102/><N who="2" m="62551" /><F108/><W103/><G103/><T133/><D133/><U83/><E71/><V59/><F59/><W100/><G100/><T124/><D124/><U111/><E111/><V30/><F30/><W24/><G95/><T50/><D94/><U36/><E15/><V3/><F3/><W109/><G109/><T80/><D58/><U132/><E13/><V0/><F0/><W53/><G53/><T26/><D14/><U40/><E36/><V52/><F46/><W135/><G135/><T55/><D7/><U134/><E68/><V57/><F44/><W129/><G129/><T112/><D112/><N who="3" m="43081" /><G24/><T1/><D1/><U85/><E67/><V8/><F8/><N who="3" m="3179" /><G5/><T37/><D37/><U4/><E4/><V107/><F107/><W54/><G54/><T101/><D55/><U114/><E114/><V90/><F90/><W12/><G12/><T33/><D88/><U65/><E65/><V43/><F43/><W64/><G64/><T125/><D47/><U28/><E28/><V86/><F66/><W126/><G126/><T118/><D125/><RYUUKYOKU ba="1,0" sc="348,-30,234,10,242,10,176,10" hai1="40,41,42,60,61,62,75,83,85,89,92,132,134" hai2="27,29,35,52,57,63,70,84,86,87" hai3="16,19,81,91,96,97,99" /><INIT seed="2,2,0,0,5,82" ten="318,244,252,186" oya="2" hai0="43,48,95,18,111,26,19,54,126,117,38,108,20" hai1="65,15,75,9,39,123,35,62,66,10,124,45,13" hai2="135,134,98,101,42,127,107,116,113,87,8,96,132" hai3="4,49,115,68,110,11,6,114,88,99,80,12,86"/><V69/><F69/><W5/><G110/><N who="0" m="42027" /><D126/><U52/><E35/><V122/><F42/><W93/><G68/><T50/><D117/><U119/><E119/><V7/><F116/><W29/><G29/><T24/><D95/><U21/><E75/><V81/><F127/><W41/><G41/><T33/><D54/><U64/><E123/><V120/><F113/><N who="3" m="43019" /><G49/><T89/><D89/><AGARI ba="2,0" hai="4,5,6,11,12,80,86,88,89,93,99" m="43019" machi="89" ten="30,3900,0" yaku="11,1,52,1,54,1" doraHai="82" who="3" fromWho="0" sc="318,-45,244,0,252,0,186,45" /><INIT seed="3,0,0,5,4,16" ten="273,244,252,231" oya="3" hai0="18,73,86,14,70,91,55,0,3,115,5,98,90" hai1="1,97,21,62,109,25,123,121,15,94,113,52,4" hai2="85,6,47,32,99,51,95,17,22,89,26,92,37" hai3="79,100,80,56,72,125,61,35,102,43,65,53,10"/><W127/><G35/><T83/><D115/><U19/><E113/><V29/><F37/><W133/><G133/><T105/><D70/><U24/><E109/><V8/><F32/><W118/><G118/><T119/><D73/><U63/><E1/><V20/><F6/><W64/><G43/><T96/><D5/><U12/><E123/><V108/><F8/><W7/><G65/><T54/><D96/><U87/><E87/><V101/><F108/><W120/><G120/><T77/><D91/><N who="1" m="55519" /><E121/><V114/><F114/><W34/><G34/><T84/><D98/><U23/><E4/><V42/><REACH who="2" step="1"/><F22/><REACH who="2" ten="273,244,242,231" step="2"/><W60/><G125/><T135/><D119/><U71/><E71/><V48/><F48/><W104/><G127/><T58/><D135/><U13/><E52/><V78/><F78/><W116/><G116/><T132/><D77/><U106/><E106/><V28/><AGARI ba="0,1" hai="17,20,26,28,29,42,47,51,85,89,92,95,99,101" machi="28" ten="30,7900,0" yaku="1,1,0,1,8,1,52,1,53,0" doraHai="16" doraHaiUra="124" who="2" fromWho="2" sc="273,-20,244,-20,242,89,231,-39" owari="253,5.3,224,-17.6,331,43.1,192,-30.8" /></mjloggm>