<mjloggm ver="2.3"><GO type="225" lobby="0"/><UN n0="%E3%82%A4%E3%83%BC%E3%82%B1%E3%83%97%E3%83%A9" n1="%E3%82%A2%E3%83%9E%E3%83%9D%EF%BD%9E%EF%BD%9E%E3%83%A9" n2="%77%72%77%72%77%72%77%72" n3="%E5%B0%8F%E9%B3%A5%E9%81%8A%E7%B7%B4%E7%84%A1%32%31%E6%AD%B3" dan="17,17,17,16" rate="2216.34,2051.15,2158.58,2178.46" sx="M,M,M,F"/><TAIKYOKU oya="0"/><INIT seed="0,0,0,5,1,10" ten="250,250,250,250" oya="0" hai0="126,79,94,128,63,75,87,131,109,21,44,85,73" hai1="62,97,35,121,4,11,41,113,88,82,18,110,74" hai2="104,68,28,12,13,117,119,65,108,39,31,34,27" hai3="116,96,61,17,106,129,43,0,52,1,98,76,83"/><T81/><D63/><U9/><E121/><V69/><F39/><W36/><G116/><N who="2" m="44617" /><F104/><W37/><G129/><N who="0" m="49739" /><D21/><U100/><E35/><V67/><F108/><W7/><G17/><T56/><D56/><U8/><E110/><V58/><F31/><W80/><G106/><T101/><D44/><U71/><E41/><V29/><F29/><W25/><G25/><T105/><D109/><U135/><E113/><V91/><F91/><W99/><G43/><T55/><D55/><U115/><E115/><V2/><F2/><W53/><G61/><T51/><D51/><U30/><E30/><V14/><F58/><W23/><G23/><T64/><D64/><AGARI ba="0,0" hai="12,13,14,27,28,34,64,65,67,68,69" m="44617" machi="64" ten="30,7700,0" yaku="12,1,52,3" doraHai="10" who="2" fromWho="0" sc="250,-77,250,0,250,77,250,0" /><INIT seed="1,0,0,0,0,51" ten="173,250,327,250" oya="1" hai0="94,7,90,101,1,93,17,48,41,43,106,27,38" hai1="84,6,132,92,64,126,59,54,23,50,19,74,88" hai2="110,56,18,68,89,12,15,57,37,33,135,104,39" hai3="42,81,131,46,45,58,83,112,4,73,62,133,61"/><U71/><E126/><V67/><F104/><W111/><G112/><T63/><D38/><U109/><E132/><V86/><F33/><W30/><G111/><T78/><D106/><U72/><E6/><V22/><F110/><W34/><G133/><T2/><D78/><U100/><E109/><V124/><F135/><W8/><G131/><T115/><D115/><U97/><E64/><V99/><F124/><W55/><G62/><T52/><D63/><U87/><E87/><V125/><F125/><W122/><G122/><T14/><D27/><U114/><E71/><V11/><F99/><W91/><G91/><T80/><D7/><U10/><E10/><V128/><F128/><W96/><G96/><N who="0" m="59535" /><D80/><U123/><E114/><V66/><F68/><W0/><G73/><T134/><D1/><U117/><E123/><V75/><F37/><W28/><G46/><N who="0" m="27671" /><D2/><U69/><E117/><V25/><F39/><W65/><G34/><T21/><D134/><U119/><E119/><V116/><F15/><W130/><G130/><T44/><D44/><U79/><E79/><V76/><F76/><W60/><G83/><T26/><D14/><N who="1" m="9719" /><E69/><V98/><F75/><W118/><G81/><T102/><D102/><U129/><E129/><V103/><F116/><W40/><G118/><T108/><D108/><U53/><E53/><V49/><F66/><W24/><G42/><T105/><D105/><AGARI ba="0,0" hai="50,54,59,72,74,84,88,92,97,100,105" m="9719" machi="105" ten="30,5800,0" yaku="25,1,52,1,54,1" doraHai="51" who="1" fromWho="0" sc="173,-58,250,58,327,0,250,0" /><INIT seed="1,1,0,5,4,17" ten="115,308,327,250" oya="1" hai0="135,112,132,39,77,116,97,120,127,62,101,119,115" hai1="21,57,90,56,0,103,6,83,9,108,64,111,79" hai2="12,10,43,98,8,11,91,131,100,126,86,30,29" hai3="96,122,129,92,4,23,118,68,52,58,20,42,27"/><U87/><E103/><V44/><F131/><W70/><G129/><T110/><D62/><U26/><E79/><V89/><F126/><W102/><G122/><T66/><D66/><U109/><REACH who="1" step="1"/><E64/><REACH who="1" ten="115,298,327,250" step="2"/><V107/><F91/><W28/><G118/><N who="0" m="45099" /><D77/><U53/><E53/><V41/><F41/><W49/><G42/><T85/><D39/><U13/><E13/><V18/><F43/><W93/><G4/><T121/><D127/><U82/><E82/><V32/><F89/><W72/><G92/><N who="0" m="58535" /><D85/><U36/><E36/><V65/><F100/><W33/><REACH who="3" step="1"/><G72/><REACH who="3" ten="115,298,327,240" step="2"/><T63/><D110/><U7/><E7/><V134/><F107/><W48/><G48/><T2/><D63/><U74/><E74/><V3/><F3/><W117/><G117/><T81/><D2/><U5/><E5/><V34/><F12/><W55/><G55/><T95/><D95/><U25/><E25/><V105/><F105/><W123/><G123/><N who="0" m="47179" /><D81/><U104/><E104/><V22/><F65/><W24/><G24/><T47/><D47/><U80/><E80/><V78/><F44/><W133/><G133/><AGARI ba="1,2" hai="112,115,132,133,135" m="47179,58535,45099" machi="133" ten="40,8000,1" yaku="20,1,13,1,34,2" doraHai="17" who="0" fromWho="3" sc="115,103,298,0,327,0,240,-83" /><INIT seed="2,0,0,1,0,121" ten="218,298,327,157" oya="2" hai0="39,44,114,18,8,94,56,101,17,72,33,99,23" hai1="5,88,85,12,29,123,77,98,93,41,128,107,57" hai2="59,131,118,43,83,117,75,7,115,63,84,108,86" hai3="81,55,73,32,37,2,21,76,48,10,126,125,4"/><V36/><F115/><W25/><G37/><T34/><D72/><U15/><E128/><V106/><F106/><W105/><G105/><T1/><D114/><U130/><E130/><V116/><F131/><W129/><G32/><T71/><D71/><U52/><E123/><V111/><F7/><W110/><G129/><T134/><D134/><U87/><E41/><V46/><F75/><W97/><G97/><T64/><D39/><U90/><E29/><V132/><F132/><W133/><G133/><T60/><D44/><U96/><E107/><V67/><REACH who="2" step="1"/><F84/><REACH who="2" ten="218,298,317,157" step="2"/><W24/><G126/><T42/><D1/><U135/><E135/><V0/><F0/><W78/><G125/><T103/><D103/><U11/><E77/><AGARI ba="0,1" hai="36,43,46,59,63,67,77,83,86,108,111,116,117,118" machi="77" ten="50,12000,1" yaku="1,1,52,2,53,1" doraHai="121" doraHaiUra="54" who="2" fromWho="1" sc="218,0,298,-120,317,130,157,0" /><INIT seed="2,1,0,1,3,110" ten="218,178,447,157" oya="2" hai0="39,89,124,16,62,78,75,3,43,34,28,12,76" hai1="99,46,1,130,82,52,69,60,120,53,55,132,15" hai2="81,109,10,48,18,32,63,98,31,30,102,0,66" hai3="121,47,9,11,51,88,107,135,21,67,119,22,44"/><V35/><F109/><W41/><G107/><T23/><D3/><U33/><E1/><V70/><F81/><W64/><G121/><T13/><D124/><U104/><E120/><V96/><F48/><W90/><G135/><T105/><D105/><U103/><E130/><V126/><F126/><W112/><G119/><T94/><D34/><U45/><E132/><V131/><F131/><W42/><G51/><T73/><D28/><U4/><E33/><V93/><F96/><W100/><G100/><T106/><D106/><U134/><E82/><V125/><F125/><W17/><G17/><N who="0" m="10663" /><D39/><U26/><E26/><V122/><F122/><W128/><REACH who="3" step="1"/><G128/><REACH who="3" ten="218,178,447,147" step="2"/><T86/><D75/><U71/><E134/><V57/><F18/><W14/><G14/><T79/><D73/><U59/><E15/><V127/><F102/><W40/><G40/><T115/><D43/><U54/><REACH who="1" step="1"/><E4/><REACH who="1" ten="218,168,447,147" step="2"/><V61/><F127/><W85/><G85/><T72/><D72/><U113/><E113/><AGARI ba="1,2" hai="9,11,21,22,41,42,44,47,64,67,88,90,112,113" machi="113" ten="25,12000,2" yaku="1,1,22,2,52,2,54,1,53,0" doraHai="110" doraHaiUra="20" who="3" fromWho="1" sc="218,0,168,-123,447,0,147,143" /><INIT seed="3,0,0,0,2,24" ten="218,45,447,290" oya="3" hai0="8,121,122,10,106,74,111,7,85,13,108,32,99" hai1="55,114,117,78,59,37,128,16,93,48,89,113,38" hai2="82,42,115,129,52,94,26,116,120,43,102,21,125" hai3="5,77,110,14,104,105,4,83,96,87,39,17,84"/><W41/><G87/><T58/><D74/><U73/><E128/><V123/><F115/><W53/><G110/><T61/><D32/><U68/><E117/><V3/><F3/><W51/><G39/><T12/><D85/><U66/><E114/><V23/><F116/><W62/><G62/><T45/><D45/><U49/><E113/><V131/><F125/><W46/><G96/><T35/><D35/><U127/><E127/><V2/><F2/><W54/><G105/><T100/><D111/><U124/><E124/><V31/><F82/><W86/><G86/><T30/><D30/><U118/><E118/><V133/><F133/><W97/><G97/><T71/><D71/><U67/><E73/><V36/><F94/><W95/><G95/><T11/><D11/><U40/><E38/><V101/><F52/><W63/><G63/><T28/><D28/><U98/><E68/><V92/><F31/><W70/><G104/><T135/><D135/><U18/><E37/><V130/><F92/><W57/><G70/><T91/><D91/><U29/><E78/><V64/><F36/><W22/><G41/><T20/><D20/><U34/><E67/><V112/><F131/><W79/><G77/><T0/><D0/><U27/><E66/><V103/><F112/><W9/><G22/><T75/><D75/><U44/><E34/><V107/><F107/><W81/><G79/><T132/><D132/><U119/><E119/><V56/><F129/><W60/><G81/><T6/><REACH who="0" step="1"/><D108/><REACH who="0" ten="208,45,447,290" step="2"/><U47/><E47/><V109/><F21/><W90/><AGARI ba="0,1" hai="4,5,9,14,17,46,51,53,54,57,60,83,84,90" machi="90" ten="20,12000,1" yaku="0,1,7,1,25,2,8,1" doraHai="24" who="3" fromWho="3" sc="208,-40,45,-40,447,-40,290,130" owari="168,-23.2,5,-49.5,407,20.7,420,52.0" /></mjloggm>