<mjloggm ver="2.3"><GO type="225" lobby="0"/><UN n0="%E5%91%A8%E6%9D%B1" n1="%E3%81%99%E3%81%84%E3%81%BE%E3%81%9B%E3%83%BC%E3%82%93" n2="%E6%81%A5%E6%99%92%E3%81%97" n3="%E5%A4%8F%E9%88%B4%E9%88%B4%E5%A4%8F" dan="17,18,17,16" rate="2208.50,2192.84,2131.51,2102.74" sx="M,M,M,F"/><TAIKYOKU oya="0"/><INIT seed="0,0,0,4,5,29" ten="250,250,250,250" oya="0" hai0="104,124,119,110,48,80,57,61,106,96,118,112,135" hai1="26,86,117,27,55,114,21,105,69,67,127,108,23" hai2="38,87,85,49,50,5,51,129,116,92,16,78,91" hai3="98,34,131,53,75,45,17,84,15,39,62,22,12"/><T18/><D112/><U100/><E117/><V68/><F129/><W109/><G75/><T73/><D48/><U70/><E67/><V115/><F115/><W65/><G109/><T123/><D123/><U77/><E114/><V8/><F116/><N who="0" m="44586" /><D18/><U32/><E108/><V120/><F120/><W93/><G131/><T99/><D57/><U59/><E127/><V7/><F68/><W128/><G128/><T134/><D61/><U42/><E42/><V95/><F38/><W63/><G34/><T25/><D25/><U94/><E32/><V102/><F102/><W111/><G111/><T133/><D124/><U33/><E33/><V97/><F78/><W30/><G30/><T60/><D60/><U54/><E77/><V31/><F31/><W64/><G84/><N who="2" m="32329" /><F95/><W79/><G79/><N who="0" m="44143" /><D110/><U72/><E72/><V1/><F1/><W126/><G12/><AGARI ba="0,0" hai="5,7,8,12,16,49,50,51,91,92,97" m="32329" machi="12" ten="30,2000,0" yaku="8,1,54,1" doraHai="29" who="2" fromWho="3" sc="250,0,250,0,250,20,250,-20" /><INIT seed="1,0,0,2,5,66" ten="250,250,270,230" oya="1" hai0="74,98,127,32,68,53,71,109,64,23,107,131,72" hai1="112,121,77,73,101,95,27,103,67,43,122,56,16" hai2="50,100,106,11,113,114,19,104,42,82,20,89,124" hai3="8,24,14,125,78,105,115,81,96,87,37,97,91"/><U49/><E112/><N who="2" m="43115" /><F124/><W111/><G115/><T15/><D32/><U13/><E73/><V38/><F38/><W48/><G125/><T30/><D127/><U85/><E27/><V6/><F100/><W59/><G111/><T1/><D1/><U79/><E122/><V57/><F82/><W65/><G37/><T102/><D109/><U52/><E121/><V26/><F89/><W60/><G105/><T45/><D131/><U51/><E67/><V117/><F117/><W132/><G132/><T75/><D64/><U40/><E85/><V130/><F130/><W35/><G91/><T116/><D116/><U4/><E4/><V88/><F88/><W47/><G24/><T55/><D30/><U54/><E79/><V31/><F19/><W21/><G21/><T46/><D23/><N who="1" m="11663" /><E77/><V90/><F90/><W22/><G22/><T119/><D15/><U99/><E103/><V80/><F80/><W123/><G35/><T5/><D5/><U33/><E33/><V110/><F110/><W118/><G118/><T70/><REACH who="0" step="1"/><D119/><REACH who="0" ten="240,250,270,230" step="2"/><U0/><E0/><V86/><F6/><N who="3" m="3351" /><G123/><T120/><D120/><U28/><E28/><V29/><F31/><W108/><G108/><T3/><D3/><U7/><E7/><V61/><F29/><W36/><G36/><T93/><D93/><U2/><E2/><V126/><F126/><W94/><G94/><T39/><D39/><U135/><E135/><V41/><F104/><W69/><G69/><T92/><D92/><U76/><E76/><V34/><F106/><W10/><G10/><T133/><D133/><U129/><E129/><RYUUKYOKU ba="0,1" sc="240,10,250,10,270,-30,230,10" hai0="45,46,53,55,68,70,71,72,74,75,98,102,107" hai1="40,43,49,51,52,54,56,95,99,101" hai3="47,48,59,60,65,78,81,87,96,97" /><INIT seed="1,1,1,5,2,29" ten="250,260,240,240" oya="1" hai0="63,21,93,121,94,54,49,11,9,26,37,31,75" hai1="111,132,122,105,2,15,50,18,114,116,23,33,112" hai2="44,72,100,59,52,128,80,74,95,103,124,62,43" hai3="104,4,6,22,115,65,96,135,86,7,130,119,39"/><U1/><E105/><V46/><F124/><W0/><G115/><N who="1" m="44074" /><E50/><V27/><F128/><W79/><G39/><T88/><D37/><U102/><E102/><V83/><F46/><W120/><G120/><T70/><D75/><U55/><E55/><V73/><F27/><W42/><G0/><N who="1" m="106" /><E122/><V81/><REACH who="2" step="1"/><F95/><REACH who="2" ten="250,260,230,240" step="2"/><W19/><G130/><T36/><D121/><U90/><E116/><V40/><F40/><W101/><G42/><T53/><D94/><U126/><E126/><V69/><F69/><W99/><G119/><T113/><D36/><AGARI ba="1,2" hai="36,43,44,52,59,62,72,73,74,80,81,83,100,103" machi="36" ten="50,3200,0" yaku="1,1,54,1,53,0" doraHai="29" doraHaiUra="89" who="2" fromWho="0" sc="250,-35,260,0,230,55,240,0" /><INIT seed="2,0,0,3,2,99" ten="215,260,285,240" oya="2" hai0="69,124,60,115,75,13,24,51,52,94,133,72,132" hai1="87,42,36,68,28,123,45,34,76,117,100,11,82" hai2="58,95,108,135,74,125,2,130,46,61,10,3,14" hai3="27,120,84,106,30,55,64,83,78,32,81,118,105"/><V121/><F121/><W79/><G120/><T67/><D115/><U5/><E123/><V37/><F74/><W62/><G55/><T101/><D124/><U29/><E117/><V17/><F125/><W66/><G118/><T65/><D65/><U73/><E68/><V7/><F130/><W96/><G96/><N who="0" m="59543" /><D13/><U91/><E34/><V122/><F122/><W89/><G89/><T53/><D24/><U114/><E100/><V70/><F70/><W49/><G49/><T48/><D51/><U107/><E107/><V131/><F131/><W18/><G18/><T4/><D4/><U41/><E41/><V116/><F116/><W43/><G43/><T47/><D53/><U80/><REACH who="1" step="1"/><E114/><REACH who="1" ten="215,250,285,240" step="2"/><V8/><F2/><AGARI ba="0,1" hai="2,5,11,28,29,36,42,45,73,76,80,82,87,91" machi="2" ten="30,8000,1" yaku="1,1,2,1,7,1,25,2,53,0" doraHai="99" doraHaiUra="63" who="1" fromWho="2" sc="215,0,250,90,285,-80,240,0" /><INIT seed="3,0,0,0,2,24" ten="215,340,205,240" oya="3" hai0="30,14,13,78,49,35,115,75,23,52,9,112,36" hai1="133,50,10,65,45,85,16,76,130,126,38,54,63" hai2="44,59,97,18,27,8,26,81,135,105,106,46,43" hai3="127,70,61,90,93,47,7,66,51,122,68,34,98"/><W28/><G122/><T6/><D36/><U40/><E133/><V132/><F81/><W25/><G127/><T48/><D35/><U128/><E126/><V110/><F110/><W42/><REACH who="3" step="1"/><G7/><REACH who="3" ten="215,340,205,230" step="2"/><T91/><D115/><U31/><E130/><V95/><F132/><W12/><G12/><T39/><D112/><U55/><E128/><V125/><F135/><W73/><G73/><T62/><D75/><U15/><E38/><V53/><F125/><W113/><G113/><T77/><D39/><U119/><E119/><V101/><F105/><W3/><G3/><T124/><D124/><U67/><E31/><V107/><F106/><W11/><G11/><T17/><D30/><U71/><E67/><V82/><F107/><W102/><G102/><T83/><D62/><U2/><E2/><V57/><F27/><W32/><G32/><T92/><D49/><U64/><E65/><V117/><F117/><W29/><G29/><T118/><D118/><U96/><E63/><V33/><F33/><W86/><G86/><N who="0" m="50655" /><D92/><U123/><E123/><V100/><F82/><W56/><AGARI ba="0,1" hai="25,28,34,42,47,51,56,61,66,68,70,90,93,98" machi="56" ten="20,12000,1" yaku="1,1,0,1,7,1,52,1,53,1" doraHai="24" doraHaiUra="84" who="3" fromWho="3" sc="215,-40,340,-40,205,-40,230,130" owari="175,-22.5,300,10.0,165,-33.5,360,46.0" /></mjloggm>