<mjloggm ver="2.3"><GO type="225" lobby="0"/><UN n0="%E5%84%AA%40%41%42%43" n1="%E6%B4%BE%E9%81%A3%E3%81%AE%E3%82%B8%E3%83%A3%E3%83%83%E3%82%AF" n2="%E7%99%BD%E5%80%89%E5%AF%9B%E4%B9%8B" n3="%E7%89%B9%E6%9D%B1%E3%81%AF%E4%B8%96%E7%95%8C%E3%82%92%E6%95%91%E3%81%86" dan="17,17,16,16" rate="2145.33,2187.76,2141.14,2172.04" sx="M,M,M,M"/><TAIKYOKU oya="0"/><INIT seed="0,0,0,2,2,134" ten="250,250,250,250" oya="0" hai0="33,82,36,129,17,116,45,99,106,84,28,111,22" hai1="103,78,54,6,109,117,16,44,85,76,64,102,104" hai2="9,7,100,77,51,59,49,89,68,127,86,4,20" hai3="81,61,90,125,118,18,94,30,34,113,66,52,48"/><T79/><D116/><U133/><E117/><V115/><F68/><W60/><G118/><T63/><D129/><U14/><E109/><V12/><F115/><W120/><G113/><T41/><D111/><U97/><E133/><V27/><F77/><W24/><G120/><T110/><D110/><U70/><E102/><V92/><F127/><W80/><G125/><T32/><D28/><U121/><E121/><V69/><F69/><W8/><G18/><T98/><D63/><U2/><E2/><V95/><F4/><W35/><G8/><T0/><D0/><U40/><E6/><V128/><F128/><W130/><G34/><T73/><D73/><U19/><E54/><V62/><F95/><W96/><G130/><T122/><D122/><U38/><E85/><V72/><F72/><W91/><G91/><T105/><D99/><U112/><E19/><N who="2" m="12703" /><F100/><W71/><REACH who="3" step="1"/><G61/><REACH who="3" ten="250,250,250,240" step="2"/><T132/><D132/><U101/><E112/><V114/><F114/><W37/><G37/><T93/><D33/><U1/><E101/><V29/><F29/><W46/><AGARI ba="0,1" hai="24,30,35,46,48,52,60,66,71,80,81,90,94,96" machi="46" ten="20,5200,0" yaku="1,1,0,1,7,1,54,1,53,0" doraHai="134" doraHaiUra="5" who="3" fromWho="3" sc="250,-26,250,-13,250,-13,240,62" /><INIT seed="1,0,0,4,0,35" ten="224,237,237,302" oya="1" hai0="27,125,56,44,134,47,12,19,49,129,59,30,76" hai1="41,90,112,72,119,89,65,50,10,68,2,54,29" hai2="13,32,43,21,15,94,62,93,127,70,80,107,46" hai3="85,14,55,104,9,66,111,105,42,100,38,114,128"/><U7/><E112/><V102/><F127/><W28/><G114/><T48/><D129/><U17/><E72/><V97/><F32/><W103/><G66/><T3/><D134/><U91/><E119/><V25/><F80/><W63/><G128/><T53/><D3/><U123/><E123/><V4/><F70/><W98/><G28/><T16/><D125/><U115/><E115/><V24/><F62/><W67/><G55/><T126/><D76/><U57/><E29/><V45/><F45/><W23/><G23/><N who="0" m="13799" /><D30/><U92/><E17/><N who="2" m="10415" /><F94/><W33/><G33/><T106/><D106/><U99/><REACH who="1" step="1"/><E41/><REACH who="1" ten="224,227,237,302" step="2"/><V110/><F110/><W18/><G111/><T20/><D126/><U131/><E131/><V122/><F122/><W84/><G42/><AGARI ba="0,1" hai="12,19,20,42,44,47,48,49,53,56,59" m="13799" machi="42" ten="30,2000,0" yaku="8,1,54,1" doraHai="35" who="0" fromWho="3" sc="224,30,227,0,237,0,302,-20" /><INIT seed="2,0,0,5,3,44" ten="254,227,237,282" oya="2" hai0="84,80,29,39,42,89,40,88,21,111,117,65,66" hai1="48,82,81,30,35,118,46,0,22,121,68,132,31" hai2="131,17,102,108,113,71,87,122,27,94,92,25,76" hai3="135,10,119,41,69,95,3,19,112,49,100,62,85"/><V7/><F71/><W16/><G119/><T79/><D111/><U107/><E118/><V64/><F64/><N who="0" m="24682" /><D39/><U134/><E107/><V23/><F131/><W52/><G69/><T99/><D117/><U73/><E0/><V60/><F113/><W110/><G110/><T12/><D29/><N who="1" m="10763" /><E35/><V45/><F60/><W106/><G106/><T97/><D89/><U124/><E68/><V33/><F33/><W129/><G129/><T61/><D61/><U51/><E124/><V59/><F59/><N who="3" m="35175" /><G3/><T126/><D126/><U133/><E121/><V105/><F122/><W72/><G72/><T55/><D55/><N who="1" m="30103" /><E73/><V14/><F105/><W34/><G34/><T57/><D57/><U93/><E93/><N who="2" m="35947" /><F108/><W15/><G135/><N who="1" m="34562" /><U47/><DORA hai="67" /><E22/><V58/><F23/><W2/><G2/><T6/><D21/><U54/><AGARI ba="0,0" hai="47,51,54,81,82" m="34562,30103,10763" machi="54" ten="40,5200,0" yaku="20,1,52,2" doraHai="44,67" who="1" fromWho="1" sc="254,-13,227,52,237,-26,282,-13" /><INIT seed="3,0,0,3,2,64" ten="241,279,211,269" oya="3" hai0="92,26,47,3,90,61,82,116,16,42,75,86,81" hai1="83,128,93,102,118,58,25,98,88,134,19,97,10" hai2="9,135,30,45,68,72,105,21,34,73,114,54,80" hai3="127,55,1,22,112,38,53,40,28,48,33,50,100"/><W13/><G112/><T120/><D116/><U74/><E128/><V57/><F114/><W84/><G1/><T44/><D120/><U124/><E124/><V12/><F135/><W37/><G127/><T62/><D3/><U129/><E129/><V24/><F105/><W51/><G33/><T2/><D2/><U6/><E134/><V52/><F68/><W49/><G100/><T87/><D75/><U0/><E118/><V70/><F70/><W8/><G37/><T67/><D92/><U31/><E19/><V5/><F34/><W108/><G38/><T131/><D131/><U117/><E117/><V94/><F45/><N who="0" m="17482" /><D67/><U20/><E58/><V109/><F109/><W18/><G108/><T56/><D56/><U119/><E119/><V107/><F107/><W14/><G40/><T17/><D42/><U79/><REACH who="1" step="1"/><E102/><REACH who="1" ten="241,269,211,269" step="2"/><V91/><F80/><W27/><G18/><T41/><D17/><U66/><E66/><V113/><F113/><W96/><G28/><T32/><D16/><U46/><E46/><V101/><F101/><W106/><G8/><T122/><D81/><U76/><E76/><V4/><F4/><W78/><G78/><T59/><D82/><U39/><E39/><V121/><F121/><W111/><G111/><T43/><D122/><U89/><E89/><V69/><F69/><W103/><G103/><T123/><D90/><U133/><E133/><V132/><F132/><W63/><G27/><T95/><D123/><U125/><E125/><V35/><F57/><W85/><G50/><T15/><D26/><U130/><E130/><V23/><F91/><RYUUKYOKU ba="0,1" sc="241,-10,269,30,211,-10,269,-10" hai1="0,6,10,20,25,31,74,79,83,88,93,97,98" /><INIT seed="4,1,1,3,5,66" ten="231,299,201,259" oya="0" hai0="23,104,11,128,53,88,132,108,135,105,121,5,45" hai1="102,71,70,52,9,64,134,93,107,81,54,131,118" hai2="75,79,29,31,106,34,58,12,44,18,82,87,103" hai3="48,111,30,4,89,56,16,37,50,43,59,19,115"/><T57/><D121/><U85/><E118/><V99/><F34/><W117/><G111/><T130/><D45/><U122/><E122/><V97/><F58/><W112/><G117/><T51/><D23/><U2/><E107/><V98/><F44/><W10/><G37/><T21/><D21/><U114/><E114/><N who="3" m="43562" /><G30/><T84/><D108/><U77/><E131/><N who="0" m="50217" /><D11/><U133/><E64/><V126/><F126/><W100/><G100/><T78/><D5/><N who="1" m="1207" /><E93/><V72/><F31/><W47/><G89/><T65/><D78/><U22/><E22/><V62/><F62/><W60/><G50/><T124/><D65/><U17/><E17/><N who="3" m="6730" /><G60/><T0/><D0/><AGARI ba="1,1" hai="0,4,10,43,47,48,56,59" m="6730,43562" machi="0" ten="30,2000,0" yaku="15,1,54,1" doraHai="66" who="3" fromWho="0" sc="231,-23,299,0,201,0,259,33" /><INIT seed="5,0,0,2,5,19" ten="208,299,201,292" oya="1" hai0="16,14,130,66,89,135,73,99,52,35,81,2,42" hai1="41,74,112,106,121,45,95,126,83,8,124,84,11" hai2="72,10,87,119,15,80,97,85,96,46,131,76,69" hai3="116,75,104,103,60,53,129,18,132,70,13,59,113"/><U62/><E112/><V93/><F69/><W25/><G75/><T20/><D2/><U47/><E121/><V58/><F119/><W34/><G113/><T133/><D35/><U23/><E106/><V123/><F123/><W49/><G116/><T110/><D110/><U5/><E62/><V115/><F115/><W50/><G129/><T4/><D66/><U28/><E95/><V44/><F131/><W61/><G132/><N who="0" m="50763" /><D42/><U51/><E47/><N who="2" m="17963" /><F72/><W3/><G3/><T17/><D130/><U1/><E8/><V57/><F87/><W88/><G88/><T54/><D4/><U114/><E114/><V98/><F93/><W77/><G77/><N who="0" m="44207" /><D17/><AGARI ba="0,0" hai="10,15,17,57,58,76,80,85,96,97,98" m="17963" machi="17" ten="30,1000,0" yaku="8,1" doraHai="19" who="2" fromWho="0" sc="208,-10,299,0,201,10,292,0" /><INIT seed="6,0,0,3,4,116" ten="198,299,211,292" oya="2" hai0="130,105,101,86,7,59,92,23,57,127,34,119,100" hai1="14,32,62,6,50,64,48,93,129,114,26,37,78" hai2="76,118,71,13,10,31,15,65,69,8,0,125,2" hai3="113,128,39,38,24,66,43,120,44,108,30,33,19"/><V135/><F118/><W84/><G108/><T41/><D119/><U5/><E37/><V95/><F76/><W18/><G120/><T40/><D34/><U20/><E32/><V63/><F125/><W55/><G39/><T47/><D127/><U133/><E133/><V72/><F72/><W96/><G128/><T126/><D126/><U94/><E114/><V123/><F135/><W132/><G132/><T85/><D105/><U56/><E78/><V99/><F31/><W49/><G113/><T97/><D130/><U58/><E129/><V28/><F28/><W46/><G66/><T107/><D7/><N who="1" m="2571" /><E14/><V67/><F95/><N who="1" m="36361" /><E58/><N who="0" m="22025" /><D107/><U90/><E90/><V91/><F91/><W74/><G74/><T109/><D109/><U25/><E25/><V102/><F102/><N who="0" m="39530" /><D23/><U112/><E112/><V88/><F88/><W1/><G1/><T42/><D92/><U16/><AGARI ba="0,0" hai="16,20,26,48,50,56,62,64" m="36361,2571" machi="16" ten="30,2000,0" yaku="8,1,54,1" doraHai="116" who="1" fromWho="1" sc="198,-5,299,20,211,-10,292,-5" owari="193,-30.7,319,41.9,201,-19.9,287,8.7" /></mjloggm>