<mjloggm ver="2.3"><GO type="225" lobby="0"/><UN n0="%E3%81%BF%E3%81%BF%E3%81%9A" n1="%E3%83%A9%E3%83%BC%E3%83%A1%E3%83%B3%E4%BA%94%E9%83%8E" n2="%E3%82%8C%E3%81%99%E3%81%93" n3="%33%74%72%65%65" dan="17,16,17,17" rate="2178.86,2084.36,2152.97,2144.54" sx="M,M,F,F"/><TAIKYOKU oya="0"/><INIT seed="0,0,0,5,2,56" ten="250,250,250,250" oya="0" hai0="0,112,24,115,109,80,60,9,94,28,48,113,116" hai1="105,96,128,36,77,35,85,98,101,134,23,131,27" hai2="86,83,59,20,7,57,47,1,88,97,14,90,118" hai3="110,132,123,63,46,104,38,62,19,51,84,54,119"/><T50/><D116/><U74/><E36/><V16/><F118/><W37/><G119/><T18/><D109/><U91/><E35/><V69/><F69/><W76/><G104/><T100/><D80/><N who="1" m="45111" /><E134/><V68/><F68/><W67/><G110/><T52/><D100/><N who="1" m="62599" /><E23/><V79/><F1/><W32/><G32/><T129/><D94/><N who="1" m="54639" /><E27/><V117/><F117/><W12/><G132/><T71/><D129/><U5/><E5/><V124/><F7/><W3/><G3/><T2/><D50/><U40/><E40/><V73/><F20/><W87/><G123/><T92/><D92/><AGARI ba="0,0" hai="92,98,101,128,131" m="54639,62599,45111" machi="92" ten="30,3900,0" yaku="24,1,34,2" doraHai="56" who="1" fromWho="0" sc="250,-39,250,39,250,0,250,0" /><INIT seed="1,0,0,3,4,51" ten="211,289,250,250" oya="1" hai0="24,22,87,47,33,93,11,72,95,56,16,130,6" hai1="40,107,35,76,19,97,104,49,81,64,0,23,121" hai2="123,3,80,29,110,113,129,106,42,55,82,73,111" hai3="124,65,17,128,30,89,45,70,57,34,88,134,94"/><U37/><E121/><V32/><F123/><W4/><G70/><T109/><D72/><U7/><E35/><V9/><F129/><W18/><G128/><T67/><D130/><U115/><E115/><V135/><F113/><W44/><G134/><T12/><D109/><N who="2" m="41482" /><F73/><W122/><G122/><T61/><D33/><U133/><E133/><V58/><F106/><W38/><G124/><T60/><D47/><U25/><E37/><V28/><F42/><W27/><G4/><T50/><D50/><U59/><E7/><N who="2" m="1279" /><F135/><W1/><G1/><T84/><D95/><U26/><E0/><V101/><F101/><W66/><G89/><T74/><D74/><U77/><E40/><V85/><F32/><W69/><G69/><T31/><D93/><U117/><E107/><V62/><F82/><W86/><G38/><T52/><D6/><U54/><E81/><V127/><F127/><W96/><G96/><T39/><D39/><U120/><E97/><V15/><F15/><W92/><G92/><T48/><D48/><U105/><E120/><V41/><F41/><W118/><G118/><T100/><D100/><U108/><E117/><V98/><F98/><W78/><G34/><T10/><D10/><U14/><E108/><V83/><F80/><N who="3" m="47383" /><G94/><T125/><D125/><U79/><E105/><V91/><AGARI ba="0,0" hai="28,29,55,58,62,83,85,91" m="1279,41482" machi="91" ten="30,2000,0" yaku="14,1,52,1" doraHai="51" who="2" fromWho="2" sc="211,-5,289,-10,250,20,250,-5" /><INIT seed="2,0,0,5,4,90" ten="206,279,270,245" oya="2" hai0="60,113,116,41,70,93,97,57,45,122,15,36,119" hai1="108,7,78,130,2,106,12,103,54,65,8,33,48" hai2="86,50,63,104,124,17,37,98,72,79,22,61,19" hai3="80,20,59,73,125,35,87,91,26,47,62,56,31"/><V102/><F37/><W39/><G125/><T84/><D122/><U101/><E33/><V96/><F124/><W40/><G73/><T85/><D113/><U99/><E108/><V16/><F72/><W25/><REACH who="3" step="1"/><G62/><REACH who="3" ten="206,279,270,235" step="2"/><T129/><D129/><U81/><E130/><V66/><F63/><W42/><G42/><T55/><D70/><U75/><E75/><V21/><F61/><W100/><G100/><N who="0" m="60463" /><D15/><U0/><E101/><V3/><F102/><W6/><G6/><T117/><AGARI ba="0,1" hai="36,41,45,55,57,60,84,85,116,117,119" m="60463" machi="117" ten="30,2000,0" yaku="12,1,52,1" doraHai="90" who="0" fromWho="0" sc="206,30,279,-5,270,-10,235,-5" /><INIT seed="3,0,0,0,1,71" ten="236,274,260,230" oya="3" hai0="95,66,47,53,49,123,110,83,27,115,62,69,80" hai1="48,102,13,0,55,129,133,26,132,112,85,5,117" hai2="105,121,50,108,72,16,101,24,116,128,22,17,76" hai3="7,79,86,38,90,28,52,120,75,97,100,10,54"/><W73/><G120/><T81/><D123/><U77/><E112/><V14/><F116/><W111/><G28/><T61/><D115/><U56/><E0/><V92/><F121/><W68/><G68/><T44/><D110/><U60/><E117/><V124/><F105/><W122/><G122/><T43/><D61/><U18/><E129/><V20/><F108/><W89/><G111/><T134/><D134/><N who="1" m="51819" /><E102/><V88/><F128/><W51/><G38/><T119/><D119/><U12/><E5/><V9/><F124/><W70/><G70/><T58/><D95/><U113/><E113/><V98/><F72/><W65/><G65/><T125/><D125/><U36/><E36/><V84/><F76/><W34/><G34/><T32/><REACH who="0" step="1"/><D43/><REACH who="0" ten="226,274,260,230" step="2"/><U31/><E60/><V63/><F63/><W114/><G114/><T42/><D42/><U94/><E94/><N who="2" m="58583" /><F50/><W126/><G126/><T23/><D23/><AGARI ba="0,1" hai="9,14,16,17,20,22,23,24,84,88,92" m="58583" machi="23" ten="30,3900,0" yaku="8,1,54,2" doraHai="71" who="2" fromWho="0" sc="226,-39,274,0,260,49,230,0" owari="187,-31.3,274,7.4,309,40.9,230,-17.0" /></mjloggm>