<mjloggm ver="2.3"><GO type="225" lobby="0"/><UN n0="%E4%BF%BA%E3%81%A8%E5%A6%96%E5%A4%A2" n1="%70%6F%69%73%6F%6E%30%32" n2="%E6%81%A5%E6%99%92%E3%81%97" n3="%70%68%65%6E%6F%6D%65" dan="16,16,16,16" rate="2121.45,2101.75,2083.83,2165.73" sx="F,M,M,M"/><TAIKYOKU oya="0"/><INIT seed="0,0,0,5,5,8" ten="250,250,250,250" oya="0" hai0="16,43,2,62,7,82,20,80,124,125,18,63,90" hai1="76,3,33,92,73,12,6,56,101,75,9,55,104" hai2="94,118,31,23,96,107,64,11,87,58,103,135,57" hai3="28,120,47,51,115,102,46,77,121,134,42,106,112"/><T36/><D2/><U27/><E104/><V111/><F111/><W116/><G28/><T1/><D1/><U10/><E76/><V128/><F135/><W67/><G77/><T66/><D7/><U133/><E133/><V71/><F128/><W59/><G102/><T84/><D43/><U91/><E101/><V39/><F39/><W131/><G106/><T114/><D114/><U86/><E33/><V123/><F123/><N who="3" m="47179" /><G116/><T132/><D36/><U40/><E40/><V89/><F118/><W130/><G47/><T44/><D44/><U52/><E27/><V85/><F85/><W30/><G30/><T69/><D132/><U127/><E127/><N who="0" m="48713" /><D63/><U60/><REACH who="1" step="1"/><E55/><REACH who="1" ten="250,240,250,250" step="2"/><V15/><F31/><W70/><G134/><T13/><D18/><AGARI ba="0,1" hai="3,6,9,10,12,18,52,56,60,73,75,86,91,92" machi="18" ten="30,8000,1" yaku="1,1,2,1,7,1,52,1,54,1,53,0" doraHai="8" doraHaiUra="109" who="1" fromWho="0" sc="250,-80,240,90,250,0,250,0" /><INIT seed="1,0,0,2,3,36" ten="170,330,250,250" oya="1" hai0="24,21,16,114,98,82,84,67,86,127,103,135,40" hai1="56,43,130,4,46,128,105,23,2,17,134,121,63" hai2="1,89,54,57,116,68,96,88,125,20,76,6,61" hai3="11,87,101,13,31,133,0,70,47,104,132,9,131"/><U27/><E121/><V72/><F116/><W38/><G70/><T110/><D114/><U108/><E105/><V97/><F68/><W92/><G104/><T111/><D127/><U69/><E69/><V22/><F125/><W64/><G64/><T118/><D118/><U81/><E134/><N who="3" m="51818" /><G31/><T100/><D135/><U119/><E119/><V55/><F72/><W3/><G11/><T106/><D67/><U53/><E108/><N who="0" m="41513" /><D103/><U50/><E81/><V122/><F76/><W99/><G87/><N who="0" m="33323" /><D82/><U129/><E4/><V19/><F122/><W77/><G77/><T8/><D8/><U45/><E45/><V18/><F6/><N who="3" m="3255" /><G131/><T32/><D32/><U83/><E83/><V102/><F1/><AGARI ba="0,0" hai="1,2,17,23,27,43,46,50,53,56,63,128,129,130" machi="1" ten="40,3900,0" yaku="19,1,52,1" doraHai="36" who="1" fromWho="2" sc="170,0,330,39,250,-39,250,0" /><INIT seed="1,1,0,3,0,47" ten="170,369,211,250" oya="1" hai0="117,131,8,43,89,121,40,29,65,86,134,77,82" hai1="38,126,130,21,64,87,103,4,31,108,109,26,35" hai2="61,30,125,23,70,50,97,27,95,63,9,20,16" hai3="58,135,32,33,92,1,76,41,11,62,78,116,39"/><U107/><E130/><V93/><F125/><W80/><G116/><T111/><D117/><U99/><E126/><V114/><F114/><W118/><G118/><T113/><D113/><U17/><E38/><V44/><F9/><W83/><G135/><T66/><D131/><U90/><E4/><V57/><F70/><W56/><G41/><N who="0" m="15947" /><D134/><U124/><E64/><N who="0" m="24681" /><D111/><N who="1" m="42571" /><E124/><V19/><F57/><W105/><G105/><T106/><D106/><U91/><E87/><V75/><F30/><W0/><G11/><T69/><D69/><U84/><E84/><V54/><F75/><W60/><G92/><N who="2" m="35401" /><F97/><W15/><REACH who="3" step="1"/><G15/><AGARI ba="1,0" hai="15,17,21,26,31,35,90,91,99,103,107" m="42571" machi="15" ten="30,2900,0" yaku="14,1,10,1" doraHai="47" who="1" fromWho="3" sc="170,0,369,32,211,0,250,-32" /><AGARI ba="1,0" hai="15,16,19,20,23,27,44,50,54,61,63" m="35401" machi="15" ten="30,3900,0" yaku="8,1,52,1,54,1" doraHai="47" who="2" fromWho="3" sc="170,0,401,0,211,39,218,-39" /><INIT seed="1,2,0,5,5,133" ten="170,401,250,179" oya="1" hai0="31,112,49,13,80,115,60,117,28,78,109,52,125" hai1="61,72,76,132,42,12,16,35,56,120,105,128,94" hai2="5,82,91,18,96,57,121,108,36,40,106,23,70" hai3="51,131,89,124,135,97,110,6,99,118,103,69,102"/><U2/><E2/><V10/><F121/><W116/><G69/><T65/><D117/><N who="3" m="45161" /><G6/><T134/><D134/><U47/><E105/><V95/><F70/><W93/><G135/><T92/><D109/><U101/><E120/><V64/><F106/><N who="3" m="63823" /><G51/><T81/><D112/><U55/><E35/><V58/><F40/><W17/><G17/><T4/><D115/><U63/><E128/><V83/><F36/><W123/><G131/><T126/><D92/><U48/><E76/><V41/><F108/><W111/><G123/><T14/><D80/><N who="2" m="30762" /><F41/><W107/><G124/><N who="0" m="47723" /><D60/><N who="1" m="35871" /><E72/><V122/><F64/><W19/><G19/><T98/><D98/><AGARI ba="2,0" hai="89,93,98,99,103,107,110,111" m="63823,45161" machi="98" ten="30,3900,0" yaku="12,1,34,2" doraHai="133" who="3" fromWho="0" sc="170,-45,401,0,250,0,179,45" /><INIT seed="2,0,0,1,2,27" ten="125,401,250,224" oya="2" hai0="134,18,65,129,84,73,48,88,99,8,34,17,49" hai1="116,101,98,100,92,108,79,5,112,80,110,95,7" hai2="70,105,24,87,78,38,75,11,30,46,123,115,55" hai3="32,21,15,81,96,103,47,51,107,4,89,72,104"/><V114/><F123/><W43/><G32/><T53/><D73/><U94/><E112/><V2/><F87/><W28/><G104/><T45/><D34/><U91/><E116/><V124/><F70/><W126/><G126/><T14/><D129/><U29/><E29/><V63/><F124/><W10/><G89/><T56/><D134/><U22/><E22/><V33/><F105/><W31/><REACH who="3" step="1"/><G21/><REACH who="3" ten="125,401,250,214" step="2"/><T117/><D117/><U90/><E90/><V42/><F78/><AGARI ba="0,1" hai="4,10,15,28,31,43,47,51,72,78,81,96,103,107" machi="78" ten="40,8000,1" yaku="1,1,2,1,52,2,53,0" doraHai="27" doraHaiUra="54" who="3" fromWho="2" sc="125,0,401,0,250,-80,214,90" /><INIT seed="3,0,0,2,4,17" ten="125,401,170,304" oya="3" hai0="93,31,40,76,47,113,45,1,58,114,78,34,19" hai1="48,20,106,123,134,61,56,52,18,102,80,26,108" hai2="128,41,65,112,43,42,125,62,100,9,83,36,110" hai3="66,121,0,13,55,63,12,122,69,107,72,6,70"/><W86/><G72/><T90/><D1/><U79/><E108/><V124/><F112/><W109/><G107/><T85/><D114/><U53/><E134/><V77/><F110/><W22/><G70/><T38/><D113/><U23/><E123/><V21/><F128/><W14/><G109/><T27/><D58/><U7/><E7/><V126/><F100/><W2/><G55/><T10/><D10/><U104/><E102/><V8/><F36/><W97/><G97/><T74/><D74/><U44/><E23/><V127/><F21/><W33/><G33/><T117/><D117/><U60/><E60/><V92/><F92/><W25/><G86/><AGARI ba="0,0" hai="18,20,26,44,48,52,53,56,61,79,80,86,104,106" machi="86" ten="30,3900,0" yaku="7,1,52,1,54,1" doraHai="17" who="1" fromWho="3" sc="125,0,401,39,170,0,304,-39" owari="125,-37.5,440,54.0,170,-23.0,265,6.5" /></mjloggm>