<mjloggm ver="2.3"><GO type="225" lobby="0"/><UN n0="%E6%98%93%E5%88%A9%E8%96%A9%E4%BC%AF" n1="%E5%B6%BA%E4%B8%8A%E5%92%B2" n2="%72%61%6B%33" n3="%E3%81%8B%E3%82%8F%E3%81%A1%E3%82%83%E3%82%93%35%38" dan="17,16,16,16" rate="2134.00,2106.68,2081.18,2116.54" sx="F,F,M,M"/><TAIKYOKU oya="0"/><INIT seed="0,0,0,3,0,101" ten="250,250,250,250" oya="0" hai0="17,48,120,0,96,122,92,84,67,49,64,121,87" hai1="37,86,38,9,88,134,10,77,31,58,70,66,41" hai2="60,32,103,33,44,131,63,76,74,108,8,123,61" hai3="53,50,83,104,59,111,90,39,75,125,40,16,114"/><T46/><D0/><U132/><E31/><V42/><F123/><W21/><G114/><T80/><D17/><U124/><E124/><V94/><F108/><W26/><G111/><T55/><D49/><U106/><E106/><V5/><F131/><W22/><G125/><T36/><D36/><U15/><E77/><V102/><F103/><W24/><G104/><T113/><D113/><U105/><E105/><V57/><F57/><W47/><G75/><T98/><D87/><U128/><E128/><V129/><F129/><W45/><G83/><T127/><D127/><U12/><E70/><V79/><F94/><W118/><G90/><T35/><D35/><U14/><E66/><V65/><F102/><W117/><REACH who="3" step="1"/><G47/><REACH who="3" ten="250,250,250,240" step="2"/><T3/><D80/><N who="1" m="49223" /><E58/><V27/><F79/><W126/><G126/><T2/><D121/><U78/><E78/><V28/><F76/><W13/><G13/><T99/><D120/><U4/><E14/><V81/><F81/><W82/><G82/><T115/><D122/><U73/><E73/><V95/><F74/><W11/><G11/><T69/><D2/><U85/><E12/><V19/><F8/><W110/><G110/><T68/><D3/><U112/><E10/><V133/><F95/><W25/><G25/><T52/><D115/><U119/><E112/><V91/><F27/><W97/><G97/><T100/><D98/><U62/><E9/><V71/><F44/><W72/><G72/><T23/><D99/><U109/><E109/><V89/><F91/><W54/><G54/><T20/><D55/><U1/><E1/><V107/><F107/><RYUUKYOKU ba="0,1" sc="250,-10,250,-10,250,-10,240,30" hai3="16,21,22,24,26,39,40,45,50,53,59,117,118" /><INIT seed="1,1,1,2,1,77" ten="240,240,240,270" oya="1" hai0="26,81,118,59,52,53,83,11,66,113,133,72,114" hai1="39,100,20,60,35,101,88,45,122,91,103,78,7" hai2="126,5,14,97,61,106,79,129,105,41,74,128,18" hai3="49,104,102,3,23,37,50,109,85,13,73,75,55"/><U76/><E35/><V22/><F126/><W42/><G3/><T124/><D118/><U96/><E122/><V2/><F41/><W10/><G37/><T58/><D66/><U4/><E60/><V30/><F30/><W27/><G109/><T40/><D124/><U89/><E96/><V121/><F121/><W95/><G104/><T8/><D40/><U34/><E34/><V115/><F115/><W87/><G75/><T93/><D93/><U84/><E39/><V90/><F61/><W82/><G73/><T67/><D67/><U107/><E107/><V94/><F2/><W80/><G42/><T116/><D72/><U99/><E99/><V117/><F5/><N who="1" m="2121" /><E45/><V28/><F28/><N who="3" m="17535" /><G95/><T70/><D116/><U123/><E123/><V36/><F36/><W68/><G102/><N who="1" m="26114" /><U111/><DORA hai="38" /><E111/><V86/><F117/><W119/><G68/><T43/><D43/><U47/><E47/><V125/><F125/><W48/><G55/><T31/><D70/><U17/><E84/><N who="3" m="32330" /><G119/><T69/><D69/><U135/><E135/><V51/><F74/><W24/><G24/><AGARI ba="1,1" hai="17,20,24,76,78,88,89,91" m="26114,2121" machi="24" ten="40,3900,0" yaku="8,1,54,1" doraHai="77,38" who="1" fromWho="3" sc="240,0,240,52,240,0,270,-42" /><INIT seed="1,2,0,2,1,6" ten="240,292,240,228" oya="1" hai0="116,29,50,48,45,134,94,103,7,131,102,17,76" hai1="120,118,41,122,77,113,93,47,30,71,14,135,42" hai2="58,84,5,39,12,115,73,81,83,123,33,55,19" hai3="117,3,111,129,26,37,124,130,2,64,31,28,59"/><U24/><E113/><V109/><F109/><W68/><G37/><T105/><D116/><U92/><E118/><V23/><F123/><W98/><G117/><T43/><D105/><U110/><E71/><V96/><F115/><W34/><G68/><T38/><D134/><U53/><E135/><V70/><F39/><W121/><G121/><T57/><D29/><U87/><E110/><V21/><F33/><N who="3" m="20631" /><G98/><T11/><D76/><U86/><E53/><V126/><F70/><W67/><G111/><T104/><D104/><U56/><E56/><V100/><F73/><W62/><G67/><T66/><D17/><U82/><E120/><V63/><F126/><W16/><G124/><T97/><D103/><U106/><E106/><V13/><F84/><W49/><G49/><T125/><D131/><N who="3" m="50185" /><G16/><T32/><D125/><U85/><E122/><V61/><F61/><W54/><G54/><T60/><REACH who="0" step="1"/><D32/><REACH who="0" ten="230,292,240,228" step="2"/><U51/><E77/><V95/><F21/><W1/><G31/><T132/><D132/><U46/><E82/><V74/><F74/><W88/><G34/><T101/><D101/><U22/><REACH who="1" step="1"/><E14/><AGARI ba="2,1" hai="7,11,14,38,43,45,48,50,57,60,66,94,97,102" machi="14" ten="30,3900,0" yaku="1,1,7,1,52,1,53,0" doraHai="6" doraHaiUra="20" who="0" fromWho="1" sc="230,55,292,-45,240,0,228,0" /><INIT seed="2,0,0,1,0,115" ten="285,247,240,228" oya="2" hai0="68,91,99,75,53,96,27,48,69,12,71,23,131" hai1="132,73,47,64,36,0,77,55,95,100,1,117,34" hai2="28,22,14,101,66,50,40,13,54,130,135,107,134" hai3="2,21,94,65,43,79,15,78,80,33,24,45,88"/><V122/><F122/><W81/><G2/><T51/><D75/><U16/><E34/><V37/><F130/><W82/><G33/><T11/><D131/><U38/><E132/><V124/><F124/><W106/><G65/><T42/><D42/><U19/><E64/><V93/><F107/><W120/><G15/><T87/><D27/><U123/><E73/><V46/><F66/><W61/><G61/><T118/><D23/><U20/><E20/><V110/><F110/><W63/><G63/><T6/><D118/><U39/><E77/><N who="3" m="29194" /><G106/><T41/><D41/><U121/><E38/><V83/><F22/><W70/><G70/><T125/><D51/><U109/><E100/><V26/><F14/><W35/><G35/><T105/><D105/><U74/><E74/><V128/><F13/><W76/><N who="3" m="29202" /><W10/><DORA hai="108" /><G10/><T103/><D103/><U84/><E109/><V112/><F128/><W72/><G72/><T126/><D126/><U29/><E0/><V60/><F60/><W7/><G7/><T32/><D32/><U97/><E1/><V133/><F37/><W56/><G56/><T5/><D5/><U52/><E36/><V67/><F67/><W9/><G9/><T18/><D6/><U116/><E39/><V3/><F3/><W57/><G57/><N who="0" m="32935" /><D125/><U59/><E123/><V89/><F135/><W113/><G120/><T114/><D69/><U49/><E121/><V90/><F133/><W104/><G104/><T58/><D58/><U4/><E59/><V102/><F134/><W31/><G43/><T25/><D71/><U92/><E4/><RYUUKYOKU ba="0,0" sc="285,0,247,0,240,0,228,0" /><INIT seed="3,1,0,1,3,113" ten="285,247,240,228" oya="3" hai0="118,83,48,65,124,135,22,69,129,46,63,47,49" hai1="28,39,126,35,131,75,52,24,112,128,77,51,80" hai2="108,27,25,122,102,98,36,50,45,91,58,56,19" hai3="61,12,84,0,114,11,107,43,2,53,103,33,13"/><W31/><G114/><T44/><D118/><U79/><E112/><V117/><F117/><W97/><G43/><T133/><D129/><N who="1" m="49739" /><E39/><V95/><F108/><W14/><G11/><T101/><D101/><U100/><E100/><V59/><F122/><W66/><G53/><T119/><D119/><U76/><E126/><V26/><F36/><W42/><G84/><T99/><D99/><U16/><E16/><V8/><F102/><W68/><REACH who="3" step="1"/><G42/><REACH who="3" ten="285,247,240,218" step="2"/><T92/><D124/><U7/><E7/><V115/><F115/><W78/><G78/><T38/><D38/><U18/><E77/><V86/><F86/><W23/><G23/><T116/><D22/><N who="1" m="13399" /><E76/><V32/><F32/><W64/><G64/><T71/><D65/><U67/><E67/><V123/><F123/><W29/><G29/><T87/><D87/><U82/><E28/><V134/><F134/><W40/><G40/><T125/><D135/><U96/><E35/><V127/><F127/><W55/><G55/><T9/><D133/><U20/><E20/><N who="2" m="13471" /><F8/><W62/><G62/><T106/><D63/><U120/><E79/><V104/><F104/><W81/><G81/><T3/><D83/><N who="1" m="31787" /><E120/><V5/><F5/><W21/><G21/><T93/><D125/><U73/><E96/><V6/><F6/><W132/><G132/><T110/><D116/><U105/><E105/><V30/><F30/><W41/><G41/><AGARI ba="1,1" hai="26,27,41,45,50,56,58,59,91,95,98" m="13471" machi="41" ten="30,1000,0" yaku="8,1" doraHai="113" who="2" fromWho="3" sc="285,0,247,0,240,23,218,-13" /><INIT seed="4,0,0,2,0,112" ten="285,247,263,205" oya="0" hai0="122,120,72,128,87,107,84,106,114,95,70,14,121" hai1="10,29,60,134,11,86,39,2,91,37,101,9,113" hai2="131,16,96,65,49,13,35,30,25,74,32,66,50" hai3="69,8,61,57,52,36,100,104,21,68,33,103,85"/><T0/><D0/><U44/><E2/><V110/><F110/><W27/><G33/><T93/><D70/><U17/><E134/><V99/><F74/><W73/><G73/><T46/><D46/><U119/><E113/><V64/><F32/><W22/><G36/><T108/><D14/><U102/><E29/><V71/><F71/><W26/><G69/><T38/><D38/><U45/><E119/><V133/><F131/><W116/><G116/><T90/><D114/><U24/><E60/><V41/><F133/><W51/><G104/><N who="0" m="39979" /><D128/><U123/><E123/><V42/><F50/><W130/><G130/><T59/><D59/><U124/><E39/><V19/><F19/><N who="3" m="12607" /><G68/><T80/><D108/><U117/><E117/><V7/><F7/><W115/><G115/><T75/><D95/><U23/><E37/><V56/><F42/><W6/><G85/><T132/><D132/><U82/><E124/><V125/><F125/><W15/><G51/><T126/><D126/><U40/><E40/><V118/><F118/><W62/><G62/><T77/><AGARI ba="0,0" hai="72,75,77,80,84,87,90,93,120,121,122" m="39979" machi="77" ten="40,3900,0" yaku="34,2" doraHai="112" who="0" fromWho="0" sc="285,39,247,-13,263,-13,205,-13" owari="324,42.4,234,-16.6,250,5.0,192,-30.8" /></mjloggm>