<mjloggm ver="2.3"><GO type="225" lobby="0"/><UN n0="%E6%9C%88%E5%B3%B6%E5%9F%BA" n1="%E7%99%BD%E5%80%89%E5%AF%9B%E4%B9%8B" n2="%33%74%72%65%65" n3="%E3%83%96%E3%83%83%E3%83%91%E3%82%AA%E3%83%96%E3%83%81%E3%82%AD%E3%83%B3" dan="16,16,17,16" rate="2104.93,2150.32,2226.39,2148.60" sx="M,M,F,M"/><TAIKYOKU oya="0"/><INIT seed="0,0,0,1,0,88" ten="250,250,250,250" oya="0" hai0="125,37,120,54,89,68,11,100,105,103,93,44,107" hai1="118,32,39,67,1,131,34,115,90,71,76,16,23" hai2="19,134,36,111,77,25,80,26,79,0,40,78,43" hai3="57,116,2,126,99,122,7,65,62,113,31,82,52"/><T58/><D68/><U27/><E39/><V15/><F0/><W133/><G113/><T70/><D70/><U112/><E118/><V6/><F111/><W55/><G116/><T29/><D120/><U94/><E76/><V109/><F109/><W49/><G122/><T3/><D125/><U74/><E74/><V12/><F134/><W87/><G133/><T56/><D29/><U124/><E124/><V98/><F80/><W47/><G126/><T135/><D135/><U5/><E131/><V64/><F36/><W61/><G31/><T60/><D105/><U85/><E67/><V75/><F75/><W33/><G33/><T9/><D107/><U22/><E71/><V35/><F64/><W130/><G130/><T91/><D91/><U110/><E110/><V129/><F35/><W41/><G62/><N who="0" m="36119" /><D44/><U48/><E5/><V114/><F114/><N who="1" m="43561" /><E1/><V108/><F108/><W123/><G123/><T92/><D89/><U128/><E128/><V117/><F129/><W101/><G2/><T42/><D42/><N who="2" m="15914" /><F117/><W96/><G7/><T45/><D45/><U132/><E132/><V84/><F6/><W83/><G83/><T21/><D21/><U53/><E23/><N who="2" m="11751" /><F78/><W102/><G99/><N who="0" m="59495" /><D37/><U97/><E97/><V30/><F98/><W127/><G127/><T81/><D81/><U72/><E72/><V119/><F119/><W51/><G96/><N who="0" m="59791" /><D3/><U4/><E4/><V121/><F121/><W50/><G102/><T106/><D106/><U59/><AGARI ba="0,0" hai="16,22,27,32,34,48,53,59,85,90,94" m="43561" machi="59" ten="30,4000,0" yaku="11,1,52,1,54,1" doraHai="88" who="1" fromWho="1" sc="250,-20,250,40,250,-10,250,-10" /><INIT seed="1,0,0,1,4,36" ten="230,290,240,240" oya="1" hai0="128,6,5,67,31,33,2,49,85,24,1,72,45" hai1="92,129,96,57,104,63,105,22,53,112,15,32,73" hai2="21,94,4,28,71,134,131,115,82,3,27,10,109" hai3="77,133,135,43,60,55,14,111,122,89,74,90,110"/><U76/><E32/><V123/><F123/><W127/><G122/><T38/><D72/><U26/><E112/><V29/><F109/><N who="3" m="41483" /><G127/><T18/><D38/><U34/><E34/><V69/><F134/><N who="3" m="51211" /><G74/><T98/><D128/><U41/><E129/><V17/><F131/><W124/><G124/><T62/><D18/><U102/><E15/><V117/><F117/><W20/><G77/><T46/><D46/><U118/><E118/><V13/><F115/><W19/><G43/><T116/><D116/><U65/><E41/><V16/><F82/><W11/><G11/><T75/><D75/><U30/><REACH who="1" step="1"/><E53/><REACH who="1" ten="230,280,240,240" step="2"/><V93/><F29/><W80/><G80/><AGARI ba="0,1" hai="22,26,30,57,63,65,73,76,80,92,96,102,104,105" machi="80" ten="40,12000,1" yaku="1,1,2,1,25,2,53,1" doraHai="36" doraHaiUra="107" who="1" fromWho="3" sc="230,0,280,130,240,0,240,-120" /><INIT seed="1,1,0,0,1,33" ten="230,410,240,120" oya="1" hai0="55,100,128,58,39,117,81,85,23,82,4,26,25" hai1="74,91,19,87,45,88,131,107,99,49,1,105,110" hai2="20,27,130,31,93,77,108,80,66,53,62,101,36" hai3="89,21,57,54,96,30,132,78,32,98,60,113,41"/><U73/><E131/><V37/><F130/><W90/><G113/><T51/><D117/><U52/><E1/><V127/><F108/><W118/><G118/><T84/><D128/><U92/><E110/><V15/><F127/><W71/><G132/><T63/><D39/><U56/><E107/><V123/><F123/><W43/><G32/><T7/><D100/><U95/><E105/><V8/><F53/><W97/><G71/><T12/><D51/><U129/><E129/><V11/><F101/><W6/><G78/><N who="0" m="46135" /><D12/><U10/><E10/><V2/><F93/><W29/><G6/><N who="0" m="2091" /><D23/><U111/><E111/><V70/><F2/><W122/><G122/><T103/><D103/><U24/><E19/><V44/><F44/><W0/><G0/><T125/><D125/><U119/><E119/><V9/><REACH who="2" step="1"/><F15/><REACH who="2" ten="230,410,230,120" step="2"/><W28/><REACH who="3" step="1"/><G21/><REACH who="3" ten="230,410,230,110" step="2"/><T61/><D61/><U14/><E14/><V124/><F124/><W35/><G35/><T120/><D120/><U47/><E24/><V40/><F40/><AGARI ba="1,2" hai="28,29,30,40,41,43,54,57,60,89,90,96,97,98" machi="40" ten="40,2600,0" yaku="1,1,8,1,53,0" doraHai="33" doraHaiUra="115" who="3" fromWho="2" sc="230,0,410,0,230,-29,110,49" /><INIT seed="2,0,0,1,0,129" ten="230,410,201,159" oya="2" hai0="76,18,53,33,110,80,84,32,103,95,56,97,126" hai1="51,39,132,102,111,37,125,73,12,85,10,117,42" hai2="50,49,14,6,16,98,134,124,66,23,65,133,78" hai3="120,127,31,128,121,30,89,67,79,74,59,25,43"/><V81/><F124/><W5/><G128/><T22/><D126/><U82/><E73/><V38/><F38/><W123/><G127/><T108/><D56/><U45/><E125/><V88/><F6/><W24/><G43/><T100/><D53/><U99/><E117/><V115/><F115/><W28/><G89/><T55/><D55/><U107/><E132/><N who="2" m="50795" /><F98/><W92/><G92/><T27/><D100/><U62/><E62/><V106/><F106/><W112/><G59/><T105/><D105/><U41/><E41/><V131/><F88/><W15/><G67/><N who="2" m="25609" /><F131/><W11/><G79/><T77/><D76/><U7/><E111/><AGARI ba="0,0" hai="18,22,27,32,33,77,80,84,95,97,103,108,110,111" machi="111" ten="40,1300,0" yaku="14,1" doraHai="129" who="0" fromWho="1" sc="230,13,410,-13,201,0,159,0" /><INIT seed="3,0,0,4,3,52" ten="243,397,201,159" oya="3" hai0="72,7,22,86,82,62,96,2,70,103,101,105,118" hai1="109,128,85,127,67,74,63,75,116,90,55,51,102" hai2="23,122,71,78,108,110,131,46,112,26,47,24,44" hai3="83,41,60,6,4,123,129,50,29,120,95,107,69"/><W135/><G107/><T45/><D118/><U43/><E43/><V54/><F112/><W34/><G135/><T58/><D70/><U12/><E116/><V104/><F131/><W133/><G133/><T27/><D72/><U11/><E102/><V126/><F126/><W17/><G129/><T35/><D101/><U21/><E21/><V93/><F104/><W115/><G115/><T121/><D121/><U40/><E40/><V5/><F122/><W119/><G119/><T28/><D45/><U113/><E127/><V124/><F124/><W13/><G95/><T38/><D38/><U42/><E42/><V79/><F71/><W106/><G106/><T132/><D132/><U37/><E37/><V36/><F36/><W14/><G123/><T20/><D7/><U76/><E76/><N who="2" m="29227" /><F5/><W84/><G120/><T89/><D2/><U32/><E11/><V53/><F93/><W3/><G3/><T31/><D31/><U59/><E12/><N who="3" m="4714" /><G17/><T68/><D68/><U48/><E113/><V88/><F108/><W125/><G125/><T80/><D80/><U134/><E109/><V117/><F110/><W8/><G8/><T10/><D10/><U61/><E128/><V19/><F117/><W33/><G50/><T111/><D111/><U57/><E134/><V92/><F26/><N who="3" m="18615" /><G41/><T99/><D99/><AGARI ba="0,0" hai="19,23,24,44,46,47,53,54,88,92,99" m="29227" machi="99" ten="30,2000,0" yaku="8,1,54,1" doraHai="52" who="2" fromWho="0" sc="243,-20,397,0,201,20,159,0" owari="223,2.3,397,49.7,221,-17.9,159,-34.1" /></mjloggm>