<mjloggm ver="2.3"><GO type="225" lobby="0"/><UN n0="%E3%80%93%E3%81%97%E3%83%BC%E3%82%89%E3%80%93" n1="%72%69%6F%75%63%68%61%6E" n2="%E3%81%90%E3%81%A1%E3%82%84%E3%81%BE" n3="%E5%8D%A0%E3%81%84%E5%B8%AB%E8%A3%8F%E3%81%AA%E3%81%84%E3%81%97" dan="16,16,16,17" rate="2157.19,2181.12,2117.99,2188.95" sx="M,M,M,M"/><TAIKYOKU oya="0"/><INIT seed="0,0,0,1,2,7" ten="250,250,250,250" oya="0" hai0="120,123,81,63,126,132,84,98,66,16,25,11,92" hai1="115,5,26,9,121,87,127,12,103,27,38,95,71" hai2="31,102,69,113,78,111,17,45,96,135,32,82,86" hai3="99,18,129,8,56,104,30,57,75,52,29,4,44"/><T3/><D132/><U70/><E127/><V106/><F113/><W50/><G75/><T76/><D126/><U42/><E121/><V118/><F69/><W37/><G129/><T0/><D0/><U49/><E38/><V105/><F111/><W88/><G104/><T22/><D3/><U54/><E42/><V39/><F118/><W33/><G33/><T36/><D36/><U133/><E133/><V107/><F17/><W90/><G37/><T40/><D40/><U131/><E131/><V1/><F1/><W35/><G4/><T89/><REACH who="0" step="1"/><D11/><REACH who="0" ten="240,250,250,250" step="2"/><U108/><E115/><V122/><F135/><W130/><G130/><T125/><D125/><U79/><E108/><V2/><F2/><W59/><G35/><T61/><D61/><U128/><E128/><V109/><F109/><W83/><G99/><T114/><D114/><U91/><E79/><V119/><F119/><W34/><G34/><T93/><D93/><U124/><E124/><V24/><F122/><W73/><G73/><T21/><D21/><U100/><E70/><AGARI ba="0,1" hai="16,22,25,63,66,70,76,81,84,89,92,98,120,123" machi="70" ten="30,5800,0" yaku="1,1,7,1,54,1,53,0" doraHai="7" doraHaiUra="51" who="0" fromWho="1" sc="240,68,250,-58,250,0,250,0" /><INIT seed="0,1,0,5,5,33" ten="308,192,250,250" oya="0" hai0="79,118,101,112,50,15,122,107,28,121,135,91,45" hai1="69,14,123,116,17,68,48,119,16,83,67,81,87" hai2="75,102,113,19,5,104,30,24,37,78,85,9,39" hai3="71,12,54,8,103,131,26,84,53,76,34,55,56"/><T70/><D70/><N who="1" m="27243" /><E48/><V125/><F113/><W132/><G71/><T11/><D112/><U110/><E87/><V115/><F125/><W127/><G132/><T108/><D118/><N who="1" m="45099" /><E14/><V23/><F115/><W3/><G131/><T42/><D135/><U133/><E133/><V35/><F75/><W73/><G73/><T120/><D79/><U32/><E32/><V100/><F78/><W49/><G127/><T25/><D91/><U106/><E67/><V20/><F85/><W4/><G103/><T47/><D47/><U94/><E94/><V38/><F104/><W46/><G12/><T96/><D108/><U130/><E106/><V65/><F65/><W40/><G26/><T29/><REACH who="0" step="1"/><D25/><REACH who="0" ten="298,192,250,250" step="2"/><U43/><E110/><V72/><F24/><W124/><G124/><T90/><D90/><U99/><E130/><V98/><F102/><W105/><G34/><T117/><D117/><U92/><E123/><V111/><F111/><W7/><G76/><T88/><D88/><U36/><E43/><V51/><F100/><W59/><G40/><T82/><D82/><U97/><E36/><V77/><F37/><W89/><G46/><T0/><D0/><U13/><E13/><N who="2" m="9327" /><F35/><W52/><G89/><T66/><D66/><U58/><E58/><V109/><F109/><W62/><G84/><T134/><D134/><U18/><E92/><V93/><F77/><W95/><G95/><T61/><D61/><U64/><E64/><V60/><F72/><W10/><G105/><T21/><D21/><U41/><E41/><V129/><F129/><W80/><G80/><AGARI ba="1,1" hai="16,17,18,80,81,83,97,99" m="45099,27243" machi="80" ten="40,5200,0" yaku="28,2,54,1" doraHai="33" who="1" fromWho="3" sc="298,0,192,65,250,0,250,-55" /><INIT seed="1,0,0,5,0,126" ten="298,257,250,195" oya="1" hai0="70,34,6,5,7,53,0,35,39,81,41,88,95" hai1="8,133,121,20,54,40,132,30,97,102,19,82,72" hai2="71,14,13,115,25,64,26,36,84,116,129,118,92" hai3="127,122,83,58,74,50,47,27,113,15,61,29,87"/><U62/><E121/><V75/><F75/><W23/><G122/><T125/><D125/><U135/><E40/><V131/><F36/><W85/><G127/><T56/><D70/><U52/><E30/><V22/><F115/><W76/><G113/><T11/><D81/><U130/><E130/><N who="2" m="49675" /><F64/><W42/><REACH who="3" step="1"/><G15/><REACH who="3" ten="298,257,250,185" step="2"/><N who="2" m="5641" /><F71/><W1/><G1/><T18/><D0/><U99/><E8/><V37/><F37/><W94/><G94/><T9/><D39/><U24/><E62/><V16/><F26/><W86/><G86/><T65/><D95/><N who="1" m="58687" /><E99/><V128/><F128/><W63/><G63/><T48/><D65/><AGARI ba="0,1" hai="23,27,29,42,47,50,58,61,65,74,76,83,85,87" machi="65" ten="30,2000,0" yaku="1,1,7,1,53,0" doraHai="126" doraHaiUra="4" who="3" fromWho="0" sc="298,-20,257,0,250,0,185,30" /><INIT seed="2,0,0,4,4,23" ten="278,257,250,215" oya="2" hai0="17,20,18,129,126,26,33,13,30,88,27,35,116" hai1="52,119,106,79,90,37,2,125,130,113,51,48,43" hai2="10,111,83,66,97,59,122,123,41,1,86,91,36" hai3="93,57,72,99,134,85,61,39,14,54,132,118,47"/><V34/><F34/><W65/><G118/><T8/><D116/><U77/><E119/><V128/><F36/><W58/><G72/><T108/><D126/><U55/><E113/><V44/><F128/><W5/><G85/><T103/><D103/><U120/><E2/><V46/><F111/><W60/><G5/><T109/><D129/><U82/><E130/><V24/><F1/><W73/><G73/><T75/><D75/><U42/><E125/><V4/><F122/><W81/><G81/><T53/><D53/><N who="1" m="20555" /><E106/><V112/><F112/><W95/><G14/><N who="0" m="7367" /><D88/><U71/><E71/><V21/><F41/><N who="1" m="15369" /><E37/><V0/><F123/><W63/><G39/><T68/><D68/><U15/><E120/><V133/><F133/><N who="3" m="51307" /><G47/><T70/><D70/><U28/><E28/><AGARI ba="0,0" hai="13,18,20,26,27,28,30,33,35,108,109" m="7367" machi="28" ten="30,7700,0" yaku="34,2,52,2" doraHai="23" who="0" fromWho="1" sc="278,77,257,-77,250,0,215,0" /><INIT seed="3,0,0,3,2,27" ten="355,180,250,215" oya="3" hai0="42,45,13,50,49,51,78,0,80,15,75,37,108" hai1="131,115,116,7,10,3,134,117,82,21,14,58,66" hai2="86,23,8,129,90,85,107,135,43,38,25,62,89" hai3="103,100,133,9,110,119,59,125,44,124,101,36,31"/><W6/><G119/><N who="1" m="45642" /><E66/><V5/><F107/><W20/><G133/><T56/><D108/><U87/><E58/><V54/><F135/><W64/><G110/><T130/><D130/><U118/><N who="1" m="45650" /><U22/><DORA hai="48" /><E134/><V41/><F129/><W72/><G72/><T47/><D0/><U123/><E87/><N who="2" m="33291" /><F38/><W11/><G64/><T61/><REACH who="0" step="1"/><D47/><REACH who="0" ten="345,180,250,215" step="2"/><U57/><E123/><V34/><F43/><W60/><G44/><T81/><D81/><U65/><E82/><V76/><F41/><W28/><G125/><T102/><D102/><U83/><E83/><V106/><F90/><W30/><G124/><T132/><D132/><U33/><E115/><V122/><F89/><W19/><G36/><T121/><D121/><U92/><E131/><V55/><F122/><W97/><G101/><T112/><D112/><U94/><E3/><V95/><F76/><W109/><G109/><T96/><D96/><U29/><E94/><V52/><F95/><N who="3" m="58431" /><G103/><T12/><D12/><U18/><E92/><V105/><F105/><W39/><G39/><T35/><D35/><U24/><E7/><V84/><F34/><W63/><G6/><T98/><D98/><U1/><E1/><V17/><F106/><W88/><G88/><T91/><D91/><U71/><E71/><V32/><F32/><W68/><G68/><T73/><D73/><U4/><E4/><V77/><F77/><W67/><G63/><AGARI ba="0,1" hai="10,14,18,21,22,24,29,33,57,63,65" m="45650" machi="63" ten="40,2600,0" yaku="12,1,52,1" doraHai="27,48" who="1" fromWho="3" sc="345,0,180,36,250,0,215,-26" owari="345,44.5,216,-18.4,250,5.0,189,-31.1" /></mjloggm>