<mjloggm ver="2.3"><GO type="225" lobby="0"/><UN n0="%E6%9C%88%E5%B3%B6%E5%9F%BA" n1="%E5%B8%86%E7%AB%8B%E5%A4%8F%E8%A1%A3" n2="%E3%81%82%E3%82%93%E3%81%AA%E3%81%A4" n3="%E6%B4%BE%E9%81%A3%E3%81%AE%E3%82%B8%E3%83%A3%E3%83%83%E3%82%AF" dan="18,17,17,17" rate="2248.68,2258.31,2191.98,2165.61" sx="M,M,M,M"/><TAIKYOKU oya="0"/><INIT seed="0,0,0,3,5,114" ten="250,250,250,250" oya="0" hai0="3,26,58,13,104,31,88,103,102,35,127,59,134" hai1="0,22,106,122,118,63,8,12,107,112,20,79,95" hai2="90,46,27,70,119,28,82,99,116,83,51,4,14" hai3="117,38,19,75,40,6,41,131,87,44,18,130,37"/><T10/><D127/><U97/><E122/><V39/><F39/><W42/><G75/><T33/><D33/><U91/><E112/><V96/><F70/><W120/><G6/><T84/><D3/><U94/><E79/><V57/><F57/><W69/><G69/><T56/><D104/><U85/><E118/><N who="2" m="45099" /><F14/><W124/><G124/><T66/><D134/><U68/><E0/><V93/><F96/><W121/><G87/><T34/><D66/><U62/><E68/><V24/><F4/><W15/><G117/><T55/><D58/><U89/><E107/><V23/><F27/><W126/><G126/><T67/><D56/><U65/><E106/><V108/><F108/><W129/><G15/><T135/><D67/><U49/><E49/><V32/><F32/><W25/><G25/><T105/><D35/><U17/><E65/><V64/><F64/><W80/><G38/><T132/><D105/><U123/><E123/><V76/><F76/><W100/><G120/><T81/><D132/><U1/><E1/><V53/><AGARI ba="0,0" hai="23,24,28,46,51,53,82,83,90,93,99" m="45099" machi="53" ten="30,7900,0" yaku="12,1,52,3" doraHai="114" who="2" fromWho="2" sc="250,-39,250,-20,250,79,250,-20" /><INIT seed="1,0,0,4,2,86" ten="211,230,329,230" oya="1" hai0="70,1,13,51,104,8,55,80,64,20,108,24,130" hai1="50,41,134,115,52,40,133,125,31,28,2,90,11" hai2="132,63,58,36,122,72,22,114,43,117,34,76,78" hai3="83,65,91,14,54,18,135,89,97,131,29,121,103"/><U0/><E115/><V57/><F34/><W81/><G121/><T23/><D104/><U77/><E77/><V105/><F105/><W21/><G65/><T92/><D108/><U61/><E61/><V42/><F72/><W30/><G131/><T6/><D130/><U19/><E125/><V35/><F35/><W71/><G71/><T25/><D80/><N who="3" m="30793" /><G135/><N who="1" m="51722" /><E90/><N who="3" m="34314" /><G54/><T116/><D64/><U73/><E73/><V47/><F117/><W95/><AGARI ba="0,0" hai="14,18,21,29,30,95,97,103" m="34314,30793" machi="95" ten="30,7900,0" yaku="8,1,52,3" doraHai="86" who="3" fromWho="3" sc="211,-20,230,-39,329,-20,230,79" /><INIT seed="2,0,0,2,3,103" ten="191,191,309,309" oya="2" hai0="124,4,6,71,73,0,126,86,43,93,25,2,61" hai1="127,18,88,107,118,37,115,135,133,48,31,11,72" hai2="95,122,22,123,74,125,90,121,8,132,69,16,21" hai3="111,108,85,92,134,53,67,80,60,102,110,65,26"/><V112/><F112/><W9/><G134/><N who="1" m="51210" /><E37/><V41/><F132/><W56/><G9/><T87/><D73/><U128/><E115/><V50/><F69/><W97/><REACH who="3" step="1"/><G26/><REACH who="3" ten="191,191,309,299" step="2"/><T55/><D25/><U78/><E11/><V28/><F8/><W62/><G62/><T66/><D61/><U15/><E15/><V23/><F122/><W94/><G94/><T36/><D93/><U49/><E18/><V45/><F123/><W42/><G42/><T119/><D43/><U7/><E7/><V89/><F121/><W101/><G101/><T68/><D6/><U52/><E31/><V12/><F95/><W117/><G117/><T106/><D119/><U116/><E118/><V1/><F28/><W114/><G114/><T51/><D4/><U58/><E116/><V129/><F16/><W35/><G35/><T40/><D40/><U63/><E63/><V131/><F41/><W19/><G19/><T39/><D39/><U104/><E48/><V76/><F50/><W84/><G84/><T120/><D36/><U46/><E49/><V54/><F129/><W24/><G24/><T77/><D120/><U59/><E128/><V10/><F131/><W83/><G83/><T5/><D5/><U3/><E72/><V109/><F10/><W13/><G13/><T17/><D17/><U57/><E3/><V82/><F1/><W29/><G29/><T27/><D2/><U98/><E98/><V33/><F33/><W20/><G20/><T64/><D0/><U38/><E38/><V32/><F12/><W30/><G30/><T105/><D51/><U70/><E46/><RYUUKYOKU ba="0,1" sc="191,-10,191,-10,309,-10,299,30" hai3="53,56,60,65,67,80,85,92,97,102,108,110,111" /><INIT seed="3,1,1,3,4,3" ten="181,181,299,329" oya="3" hai0="41,113,78,118,42,27,1,119,134,57,127,79,93" hai1="46,58,121,88,55,69,31,84,62,10,104,5,110" hai2="37,39,24,94,19,97,43,56,115,131,81,16,59" hai3="38,71,2,68,114,40,120,14,107,45,7,83,85"/><W48/><G120/><T75/><D1/><U76/><E110/><V89/><F115/><W34/><G34/><T66/><D113/><U15/><E121/><V133/><F133/><W18/><G107/><T80/><D134/><U33/><E104/><V74/><F131/><W65/><G65/><T9/><D79/><U52/><E69/><V98/><F43/><W44/><G114/><T35/><D127/><U11/><E76/><V36/><F74/><W125/><G125/><T54/><D66/><U100/><E100/><V4/><F4/><W106/><G106/><T112/><D112/><U72/><E72/><V109/><F109/><W101/><G101/><T25/><D42/><U64/><E46/><V23/><F81/><W30/><G30/><T50/><D41/><U47/><E47/><V12/><REACH who="2" step="1"/><F97/><REACH who="2" ten="181,181,289,329" step="2"/><W103/><G40/><T124/><D124/><U87/><E87/><V6/><F6/><W63/><G7/><T111/><D111/><U60/><E11/><AGARI ba="1,2" hai="11,12,16,19,23,24,36,37,39,56,59,89,94,98" machi="11" ten="40,2600,0" yaku="1,1,54,1,53,0" doraHai="3" doraHaiUra="67" who="2" fromWho="1" sc="181,0,181,-29,289,49,329,0" owari="181,-21.9,152,-34.8,338,43.8,329,12.9" /></mjloggm>