<mjloggm ver="2.3"><GO type="225" lobby="0"/><UN n0="%E6%9C%88%E5%A4%9C%E3%81%AB%E9%A2%A8" n1="%E5%B8%86%E7%AB%8B%E5%A4%8F%E8%A1%A3" n2="%E6%97%A5%E6%9B%9C%E6%97%A5%E3%82%88%E3%82%8A%E3%81%AE%E4%BD%BF%E8%80%85" n3="%E6%A1%9C%E8%8A%B1%E9%96%83%E3%80%85" dan="16,17,17,17" rate="2147.78,2261.86,2218.96,2167.48" sx="M,M,M,M"/><TAIKYOKU oya="0"/><INIT seed="0,0,0,3,5,85" ten="250,250,250,250" oya="0" hai0="96,47,110,56,114,79,8,105,108,12,58,48,65" hai1="95,99,19,13,90,118,64,39,20,134,28,124,24" hai2="109,89,87,103,7,71,62,69,23,57,9,43,88" hai3="6,70,117,127,86,74,16,126,116,93,52,22,128"/><T76/><D114/><U83/><E124/><N who="3" m="47658" /><G74/><T119/><D119/><U29/><E118/><V112/><F112/><W54/><G128/><T132/><D132/><U18/><E39/><V21/><F103/><W60/><G6/><T73/><D105/><U66/><E134/><V51/><F71/><W49/><G54/><T98/><D65/><N who="1" m="25195" /><E83/><V102/><F69/><W75/><G75/><T10/><D48/><U107/><E107/><V115/><F102/><W123/><G123/><T81/><D73/><U120/><E120/><V46/><F109/><W131/><G60/><T94/><D81/><U3/><E3/><V14/><F115/><W2/><G2/><T61/><D12/><U133/><E133/><V122/><F122/><W130/><G70/><T37/><D61/><U53/><E53/><N who="2" m="34095" /><F87/><W4/><G4/><T5/><D5/><U80/><E80/><V68/><F68/><W42/><G42/><T25/><D37/><U32/><E32/><V77/><F77/><W55/><G55/><T125/><D125/><U129/><E129/><N who="3" m="49162" /><G86/><T78/><D47/><U135/><E135/><V31/><F21/><AGARI ba="0,0" hai="13,18,19,20,21,24,28,29,90,95,99" m="25195" machi="21" ten="30,2000,0" yaku="8,1,52,1" doraHai="85" who="1" fromWho="2" sc="250,0,250,20,250,-20,250,0" /><INIT seed="1,0,0,2,4,123" ten="250,270,230,250" oya="1" hai0="14,73,99,104,122,43,88,20,49,116,37,121,109" hai1="93,77,117,59,132,133,46,79,96,50,30,17,12" hai2="3,125,47,131,7,60,108,40,84,10,134,9,56" hai3="71,83,48,111,112,16,82,2,65,101,128,87,33"/><U51/><E117/><V97/><F125/><W114/><G33/><T68/><D116/><U106/><E106/><V90/><F131/><W100/><G2/><T25/><D68/><U1/><E1/><V19/><F134/><N who="1" m="51817" /><E30/><V115/><F97/><W5/><G5/><T41/><D73/><U72/><E59/><V11/><F19/><W13/><G128/><T129/><D37/><U94/><E94/><V127/><F127/><W35/><G35/><T8/><D129/><U105/><E105/><V64/><F115/><W89/><G111/><T98/><D109/><U119/><E72/><V110/><F7/><W42/><G83/><T26/><D104/><U113/><E113/><V80/><REACH who="2" step="1"/><F3/><REACH who="2" ten="250,270,220,250" step="2"/><W6/><G6/><N who="0" m="3351" /><D99/><U4/><E4/><V92/><F92/><W23/><G114/><T70/><D122/><U52/><E119/><V61/><F61/><W81/><G112/><T29/><D121/><U135/><E135/><V75/><F75/><W24/><G82/><T103/><D98/><U44/><E93/><V58/><F58/><W28/><G71/><T62/><D70/><U36/><E96/><V67/><F67/><W85/><G65/><T18/><D62/><U66/><E66/><V55/><F55/><W126/><G126/><T74/><D18/><U39/><E17/><V45/><F45/><N who="3" m="25655" /><G87/><T76/><D74/><U124/><E124/><V34/><F34/><N who="3" m="20743" /><G101/><T91/><D103/><U0/><E0/><V22/><F22/><N who="3" m="11535" /><G100/><T107/><D107/><U57/><E12/><V63/><F63/><W69/><G69/><T102/><D102/><U54/><E57/><RYUUKYOKU ba="0,1" sc="250,-30,270,10,220,10,250,10" hai1="36,39,44,46,50,51,52,54,77,79" hai2="9,10,11,40,47,56,60,64,80,84,90,108,110" hai3="23,81,85,89" /><INIT seed="1,1,1,5,0,115" ten="220,280,230,260" oya="1" hai0="2,119,117,123,54,37,88,63,78,1,113,61,69" hai1="71,10,128,49,84,47,34,127,86,31,28,27,68" hai2="58,33,62,6,64,133,5,98,40,70,8,11,59" hai3="66,129,46,65,102,93,121,104,110,44,35,126,56"/><U67/><E127/><V17/><F33/><W76/><G121/><T134/><D113/><U124/><E124/><V108/><F108/><W114/><G126/><T55/><D37/><U29/><E128/><V72/><F72/><W23/><G35/><T100/><D78/><U20/><E34/><V89/><F40/><W96/><G114/><T75/><D75/><U83/><E86/><V90/><F17/><W21/><G110/><T41/><D41/><N who="1" m="24815" /><E71/><V85/><F133/><W45/><G129/><T25/><D100/><U111/><E68/><V14/><F98/><W125/><G125/><T135/><D69/><U109/><E67/><N who="3" m="25610" /><G104/><T26/><REACH who="0" step="1"/><D88/><REACH who="0" ten="210,280,230,260" step="2"/><N who="1" m="51231" /><E111/><V53/><F70/><W79/><G56/><T19/><D19/><N who="1" m="12703" /><E109/><V18/><F18/><W36/><G36/><T51/><D51/><U43/><E43/><V16/><F16/><W112/><G112/><T0/><D0/><U74/><E74/><V42/><F42/><W107/><G107/><T82/><D82/><U120/><E120/><AGARI ba="1,2" hai="1,2,25,26,54,55,61,63,117,119,120,123,134,135" machi="120" ten="25,8000,1" yaku="1,1,22,2,52,2,53,0" doraHai="115" doraHaiUra="81" who="0" fromWho="1" sc="210,103,280,-83,230,0,260,0" /><INIT seed="2,0,0,2,0,62" ten="313,197,230,260" oya="2" hai0="119,127,125,65,108,128,11,7,89,56,126,118,32" hai1="74,63,68,105,61,114,15,102,38,121,29,35,80" hai2="83,30,129,52,123,81,133,95,94,17,24,77,48" hai3="113,135,1,44,12,14,13,93,50,134,115,100,99"/><V5/><F123/><W75/><G75/><T46/><D108/><U117/><E114/><N who="3" m="43530" /><G1/><N who="0" m="495" /><D128/><U49/><E38/><V33/><F129/><W6/><G6/><T43/><D32/><U107/><E117/><N who="0" m="44553" /><D89/><U53/><E121/><V2/><F133/><N who="3" m="50699" /><G13/><T0/><D0/><U90/><E15/><V25/><F5/><W28/><G28/><T37/><D56/><U54/><E29/><V110/><F2/><W130/><G130/><T45/><D45/><U40/><E35/><V47/><F110/><W92/><G92/><T132/><D132/><U111/><E111/><V85/><REACH who="2" step="1"/><F83/><REACH who="2" ten="313,197,220,260" step="2"/><W20/><G20/><AGARI ba="0,1" hai="17,20,24,25,30,33,47,48,52,77,81,85,94,95" machi="20" ten="40,7700,0" yaku="1,1,2,1,54,1,53,0" doraHai="62" doraHaiUra="86" who="2" fromWho="3" sc="313,0,197,0,220,87,260,-77" /><INIT seed="2,1,0,0,5,78" ten="313,197,307,183" oya="2" hai0="58,117,19,28,123,95,50,8,112,85,34,69,115" hai1="125,36,23,71,96,55,52,20,105,27,82,106,6" hai2="29,110,77,22,135,67,103,114,118,57,43,31,32" hai3="56,132,121,33,37,65,48,102,83,0,45,79,74"/><V84/><F118/><W119/><G119/><T116/><D69/><U53/><E125/><V97/><F114/><W124/><G121/><T44/><D123/><U51/><E36/><V126/><F32/><W30/><G124/><T101/><D117/><U87/><E71/><V59/><F126/><W17/><G132/><T40/><D116/><U46/><E106/><V2/><F2/><W21/><G0/><T92/><D92/><U113/><E113/><V72/><F72/><W76/><G37/><T131/><D131/><U47/><E96/><V81/><F135/><W129/><G129/><T89/><D101/><U18/><E6/><V109/><F43/><W90/><G102/><T86/><D86/><U12/><E105/><V25/><F31/><W61/><G33/><T54/><D28/><N who="1" m="17511" /><E47/><V134/><F134/><W41/><G30/><T35/><D34/><U4/><E4/><V38/><F38/><W88/><REACH who="3" step="1"/><G79/><AGARI ba="1,0" hai="12,18,23,46,51,52,53,55,79,82,87" m="17511" machi="79" ten="30,3900,0" yaku="8,1,52,1,54,1" doraHai="78" who="1" fromWho="3" sc="313,0,197,42,307,0,183,-42" /><INIT seed="3,0,0,1,2,95" ten="313,239,307,141" oya="3" hai0="32,18,111,133,58,34,24,23,40,85,103,63,13" hai1="73,46,90,35,120,113,72,109,50,38,84,28,131" hai2="91,92,67,87,57,65,108,101,62,30,106,8,79" hai3="36,61,93,100,102,16,117,78,77,130,41,80,128"/><W104/><G117/><T33/><D111/><U29/><E109/><V125/><F108/><W55/><G104/><T56/><D133/><U27/><E113/><V75/><F125/><W15/><G36/><T39/><D103/><U105/><E105/><V122/><F122/><W48/><G41/><T115/><D115/><U44/><E131/><N who="3" m="50218" /><G61/><T82/><D63/><U70/><E70/><V97/><F30/><W71/><G71/><T17/><D40/><U127/><E127/><V69/><F8/><N who="3" m="6247" /><G93/><T89/><D39/><U118/><E118/><V51/><F51/><W3/><G3/><T53/><REACH who="0" step="1"/><D53/><REACH who="0" ten="303,239,307,141" step="2"/><U81/><E120/><V31/><F69/><W43/><G43/><T0/><D0/><U45/><E38/><V5/><F67/><W132/><G132/><T47/><D47/><U114/><E114/><V66/><F65/><W123/><G123/><T42/><D42/><U54/><E46/><V6/><F31/><W7/><G7/><T68/><D68/><U20/><E45/><V126/><F126/><W83/><G78/><T2/><D2/><U98/><E29/><V26/><F5/><W25/><G25/><T9/><AGARI ba="0,1" hai="9,13,17,18,23,24,32,33,34,56,58,82,85,89" machi="9" ten="30,4000,0" yaku="1,1,0,1,53,1" doraHai="95" doraHaiUra="22" who="0" fromWho="0" sc="303,50,239,-10,307,-10,141,-20" owari="353,45.3,229,-17.1,297,9.7,121,-37.9" /></mjloggm>