<mjloggm ver="2.3"><GO type="225" lobby="0"/><UN n0="%E6%9D%BE%E6%9C%AC%E5%81%A5%E7%94%B7" n1="%E4%BF%BA%E3%81%A8%E5%A6%96%E5%A4%A2" n2="%E3%81%99%E3%81%84%E3%81%BE%E3%81%9B%E3%83%BC%E3%82%93" n3="%70%6F%69%73%6F%6E%30%32" dan="17,16,18,16" rate="2248.88,2165.72,2211.66,2089.87" sx="M,F,M,M"/><TAIKYOKU oya="0"/><INIT seed="0,0,0,1,4,110" ten="250,250,250,250" oya="0" hai0="113,7,122,65,131,112,39,61,118,34,29,59,104" hai1="120,69,44,86,133,22,54,87,33,76,48,74,85" hai2="79,37,46,98,8,70,60,123,96,101,43,119,15" hai3="80,106,24,77,68,121,73,125,91,31,100,88,21"/><T3/><D118/><U94/><E120/><V128/><F123/><W5/><G121/><T45/><D122/><U132/><E33/><V13/><F119/><W19/><G68/><N who="0" m="42031" /><D104/><U134/><E69/><V20/><F128/><W14/><G125/><T4/><D4/><U81/><REACH who="1" step="1"/><E22/><REACH who="1" ten="250,240,250,250" step="2"/><V90/><F20/><W10/><G106/><T58/><D34/><U50/><E50/><V127/><F70/><W108/><G108/><T66/><D131/><U26/><E26/><V75/><F127/><W107/><G107/><T92/><D29/><U53/><E53/><V111/><F111/><W1/><G100/><T103/><D66/><U97/><E97/><V71/><F98/><W64/><G64/><T135/><D103/><U130/><E130/><V124/><F124/><W83/><G83/><T28/><D28/><U95/><AGARI ba="0,1" hai="44,48,54,74,76,81,85,86,87,94,95,132,133,134" machi="95" ten="40,5200,0" yaku="1,1,0,1,20,1,53,0" doraHai="110" doraHaiUra="63" who="1" fromWho="1" sc="250,-26,240,62,250,-13,250,-13" /><INIT seed="1,0,0,0,4,17" ten="224,302,237,237" oya="1" hai0="38,29,1,26,70,24,19,101,48,117,0,6,5" hai1="63,31,102,65,90,114,59,134,71,95,25,42,3" hai2="57,87,33,93,103,98,113,55,36,83,49,77,125" hai3="39,46,122,27,74,79,22,9,106,16,53,61,89"/><U107/><E114/><V7/><F125/><W37/><G122/><T68/><D38/><U43/><E3/><V81/><F33/><W104/><G89/><T108/><D101/><U14/><E134/><V94/><F36/><W92/><G92/><T20/><D48/><U119/><E119/><V127/><F127/><W96/><G39/><T30/><D68/><U34/><E14/><V75/><F113/><W133/><G133/><T8/><D70/><U97/><REACH who="1" step="1"/><E59/><REACH who="1" ten="224,292,237,237" step="2"/><V130/><F130/><W121/><G121/><T56/><D56/><U11/><E11/><V10/><F10/><W128/><G9/><N who="0" m="2223" /><D117/><U100/><E100/><V80/><F7/><W15/><G128/><T76/><D108/><U123/><E123/><V44/><F57/><W126/><G126/><T58/><D58/><U23/><E23/><V47/><F47/><W69/><G15/><N who="0" m="9343" /><D76/><U60/><E60/><V85/><F75/><W32/><G69/><T78/><D78/><U109/><E109/><V115/><F115/><W118/><G61/><T91/><D91/><AGARI ba="0,1" hai="44,49,55,77,80,81,83,85,87,91,93,94,98,103" machi="91" ten="40,1300,0" yaku="8,1" doraHai="17" who="2" fromWho="0" sc="224,-13,292,0,237,23,237,0" /><INIT seed="2,0,0,2,2,14" ten="211,292,260,237" oya="2" hai0="66,120,54,8,89,63,122,80,88,50,101,40,124" hai1="96,95,15,76,52,68,9,35,59,65,77,57,135" hai2="84,48,64,26,121,75,53,27,43,32,86,83,31" hai3="79,106,126,127,81,30,116,69,78,71,29,87,100"/><V20/><F121/><W113/><G116/><T12/><D124/><N who="3" m="47657" /><G113/><T62/><D40/><U105/><E35/><V91/><F43/><W55/><G79/><T41/><D41/><U28/><E28/><N who="3" m="10858" /><G55/><T119/><D119/><U110/><E68/><N who="3" m="26186" /><G100/><T51/><D101/><N who="1" m="60575" /><E77/><V74/><F64/><W24/><G24/><T85/><D120/><U25/><E76/><V36/><F36/><W130/><G106/><T128/><D122/><U45/><E105/><V98/><F98/><W49/><G49/><T118/><D118/><U125/><E125/><V7/><F86/><W46/><G46/><T97/><D66/><U61/><E25/><V22/><F32/><W93/><G93/><N who="0" m="56487" /><D128/><AGARI ba="0,0" hai="78,81,87,128,130" m="26186,10858,47657" machi="128" ten="40,1300,0" yaku="18,1" doraHai="14" who="3" fromWho="0" sc="211,-13,292,0,260,0,237,13" /><INIT seed="3,0,0,5,1,35" ten="198,292,260,250" oya="3" hai0="85,87,66,46,115,80,102,39,84,41,118,33,90" hai1="100,12,126,114,95,16,78,44,21,61,81,98,60" hai2="79,131,17,119,57,92,19,11,101,14,48,74,71" hai3="25,64,9,32,73,99,51,86,77,56,65,93,82"/><W75/><G9/><T70/><D118/><U6/><E114/><V97/><F71/><W88/><G65/><T68/><D115/><U3/><E126/><V58/><F119/><W42/><G64/><T8/><D33/><U132/><E132/><V135/><F135/><W125/><G125/><T7/><D102/><U24/><E3/><V72/><F131/><W62/><G62/><T124/><D124/><U38/><E38/><V122/><F122/><W18/><G18/><T96/><D96/><U63/><E44/><V105/><F105/><W109/><G109/><T53/><D53/><U69/><E69/><V49/><F79/><W28/><REACH who="3" step="1"/><G56/><REACH who="3" ten="198,292,260,240" step="2"/><T133/><D133/><U26/><E6/><V23/><F58/><W52/><G52/><T37/><D70/><U121/><E121/><V54/><F49/><W113/><G113/><T4/><D4/><U40/><E40/><V13/><AGARI ba="0,1" hai="11,13,14,17,19,23,48,54,57,72,74,92,97,101" machi="13" ten="20,1500,0" yaku="0,1,7,1" doraHai="35" who="2" fromWho="2" sc="198,-4,292,-4,260,25,240,-7" /><INIT seed="4,0,0,1,3,108" ten="194,288,285,233" oya="0" hai0="56,96,26,45,31,4,21,51,68,99,44,132,38" hai1="55,109,53,12,133,118,10,8,60,35,103,128,91" hai2="122,101,59,111,36,7,114,130,22,115,24,120,88" hai3="116,27,25,19,1,102,23,75,100,69,16,107,65"/><T134/><D68/><U79/><E109/><V78/><F111/><W58/><G116/><T119/><D119/><U135/><E118/><V0/><F130/><W64/><G69/><T80/><D4/><U92/><E35/><V5/><F36/><W18/><G1/><T32/><D32/><U33/><E33/><V84/><F78/><W37/><G37/><T77/><D56/><U86/><E128/><V13/><F101/><N who="3" m="39019" /><G75/><T97/><D38/><U6/><E103/><V82/><F0/><W48/><G107/><T98/><N who="0" m="24576" /><DORA hai="46" /><T121/><D121/><U28/><E28/><V47/><F47/><W74/><G74/><T9/><D9/><U112/><E79/><V110/><F59/><W42/><G27/><T49/><D44/><U29/><E29/><N who="2" m="17559" /><F5/><W125/><G125/><T124/><D124/><U54/><E8/><N who="2" m="4255" /><F110/><W76/><G76/><T67/><D67/><N who="3" m="25673" /><G42/><T131/><D131/><U83/><E60/><V30/><F30/><W66/><N who="3" m="25681" /><W52/><AGARI ba="0,0" hai="16,18,19,23,25,48,52,58" m="25681,39019" machi="52" ten="40,8000,1" yaku="4,1,8,1,52,1,54,2" doraHai="108,46" who="3" fromWho="3" sc="194,-40,288,-20,285,-20,233,80" owari="154,-34.6,268,6.8,265,-13.5,313,41.3" /></mjloggm>