<mjloggm ver="2.3"><GO type="225" lobby="0"/><UN n0="%E7%B4%94%E6%BD%94%E3%83%94%E3%83%A9%E3%83%8B%E3%82%A2" n1="%E6%81%A5%E6%99%92%E3%81%97" n2="%E3%81%BD%E3%81%A1%E3%81%9F%E3%81%93%E3%82%84" n3="%E6%98%93%E5%88%A9%E8%96%A9%E4%BC%AF" dan="17,16,17,16" rate="2212.49,2201.15,2210.98,2156.78" sx="M,M,M,F"/><TAIKYOKU oya="0"/><INIT seed="0,0,0,5,0,100" ten="250,250,250,250" oya="0" hai0="7,23,115,3,107,101,49,70,61,6,54,2,8" hai1="51,112,44,130,80,15,1,131,108,88,53,34,83" hai2="21,37,45,109,76,129,63,26,60,27,116,135,9" hai3="46,119,42,114,132,133,56,84,91,72,24,4,118"/><T59/><D115/><U58/><E1/><V73/><F109/><W25/><G114/><T121/><D121/><U110/><E112/><V29/><F129/><N who="1" m="49161" /><E34/><V10/><F135/><N who="3" m="51787" /><G4/><T104/><D101/><U93/><E15/><V134/><F134/><W41/><G56/><T35/><D35/><U94/><E94/><V11/><F116/><N who="3" m="44587" /><G72/><T14/><D23/><U117/><E117/><V81/><REACH who="2" step="1"/><F27/><REACH who="2" ten="250,250,240,250" step="2"/><N who="3" m="10315" /><G46/><T0/><REACH who="0" step="1"/><D6/><REACH who="0" ten="240,250,240,250" step="2"/><U71/><E108/><V38/><F38/><W32/><G32/><T106/><D106/><U16/><E110/><V65/><F65/><AGARI ba="0,2" hai="0,2,3,7,8,14,49,54,59,61,65,70,104,107" machi="65" ten="40,7700,0" yaku="1,1,52,2,53,0" doraHai="100" doraHaiUra="20" who="0" fromWho="2" sc="240,97,250,0,240,-77,250,0" /><INIT seed="0,1,0,4,0,90" ten="337,250,163,250" oya="0" hai0="63,74,82,114,16,120,61,77,78,37,17,62,124" hai1="129,81,34,75,101,55,72,5,0,58,64,40,59" hai2="26,110,99,50,28,80,45,83,111,118,102,115,41" hai3="126,132,128,134,125,21,116,84,93,123,100,53,96"/><T24/><D114/><U60/><E129/><V8/><F115/><W49/><G116/><T2/><D120/><U105/><E34/><V31/><F118/><W12/><G12/><T30/><D2/><U119/><E119/><V122/><F122/><W42/><G42/><T25/><D37/><U7/><E40/><V127/><F127/><N who="3" m="48651" /><G21/><T3/><D3/><U27/><E75/><V35/><F28/><W6/><G6/><T103/><D124/><U33/><E81/><V130/><F8/><W95/><G123/><T23/><D77/><U121/><E72/><V20/><F35/><W48/><G128/><T4/><D4/><U10/><E121/><V133/><F133/><N who="3" m="51307" /><G53/><T36/><D36/><U15/><E0/><V22/><F22/><W69/><G69/><T47/><D47/><U79/><E5/><V54/><F130/><W89/><AGARI ba="1,0" hai="48,49,84,89,93,95,96,100" m="51307,48651" machi="89" ten="40,8000,1" yaku="18,1,20,1,52,2" doraHai="90" who="3" fromWho="3" sc="337,-41,250,-21,163,-21,250,83" /><INIT seed="1,0,0,1,0,33" ten="296,229,142,333" oya="1" hai0="124,84,37,24,35,56,1,96,133,2,6,67,111" hai1="36,97,73,76,49,134,27,13,30,15,118,70,90" hai2="25,46,120,39,52,113,5,122,117,57,104,45,53" hai3="77,80,41,110,121,8,29,10,83,7,44,31,11"/><U42/><E118/><V130/><F104/><W81/><G121/><N who="2" m="46697" /><F5/><W103/><G110/><T85/><D111/><U55/><E76/><V127/><F25/><W128/><G128/><T94/><D37/><U116/><E73/><V59/><F117/><W48/><G77/><T135/><D6/><U60/><E90/><V99/><F99/><W14/><G103/><T114/><D114/><U32/><E97/><V23/><F23/><W91/><G91/><T123/><D123/><U132/><E116/><V106/><F106/><W112/><G112/><T34/><D124/><U19/><E15/><V71/><F71/><W9/><AGARI ba="0,0" hai="7,8,9,10,11,14,29,31,41,44,48,80,81,83" machi="9" ten="40,2700,0" yaku="0,1,8,1" doraHai="33" who="3" fromWho="3" sc="296,-7,229,-13,142,-7,333,27" /><INIT seed="2,0,0,0,1,83" ten="289,216,135,360" oya="2" hai0="121,126,100,122,74,102,118,73,51,87,80,77,4" hai1="75,18,46,12,38,91,116,32,31,54,29,48,49" hai2="23,93,117,44,68,39,2,64,94,62,5,50,92" hai3="34,13,84,72,90,25,57,135,8,6,114,127,16"/><V60/><F117/><W81/><G135/><T88/><D4/><U1/><E1/><V129/><F129/><W3/><G127/><T22/><D22/><U58/><E116/><V11/><F39/><W106/><G106/><T43/><D43/><U59/><E38/><V111/><F111/><W56/><G72/><N who="0" m="43047" /><D51/><U108/><E75/><N who="0" m="28681" /><D126/><U65/><E32/><V37/><F37/><W20/><G114/><T63/><D63/><U33/><E108/><V17/><F60/><W125/><G125/><T78/><D78/><U109/><E59/><V70/><F70/><W55/><G55/><T27/><D27/><U110/><E65/><V10/><F10/><W98/><G98/><T103/><D118/><U89/><E109/><V104/><F104/><W45/><G45/><T24/><D24/><U14/><E33/><V107/><F107/><W61/><G61/><T0/><D0/><U134/><E14/><V95/><N who="2" m="23552" /><DORA hai="71" /><V115/><F115/><W96/><G96/><T76/><D76/><U86/><E110/><V9/><F9/><W69/><G69/><T19/><D19/><U28/><E18/><V42/><REACH who="2" step="1"/><F17/><REACH who="2" ten="289,216,125,360" step="2"/><W53/><G16/><T101/><D101/><U113/><E113/><V133/><F133/><W130/><G8/><T79/><D79/><U52/><E12/><V124/><F124/><W99/><G13/><T40/><D102/><U26/><E134/><V66/><F66/><W120/><G3/><T123/><D100/><U97/><E26/><V41/><F41/><W47/><G130/><T119/><D103/><U15/><E15/><V132/><F132/><RYUUKYOKU ba="0,1" sc="289,-10,216,-10,125,30,360,-10" hai2="2,5,11,23,42,44,50,62,64,68" /><INIT seed="2,1,1,3,2,118" ten="279,206,155,350" oya="2" hai0="103,41,30,53,123,38,42,73,43,57,119,126,23" hai1="135,6,66,115,52,80,0,24,50,98,2,1,128" hai2="95,59,40,83,60,18,54,104,13,29,93,55,33" hai3="120,51,108,14,19,82,101,63,49,31,48,99,36"/><V77/><F104/><W102/><G120/><T34/><D119/><U100/><E115/><V122/><F122/><W76/><G36/><T15/><D73/><U28/><E128/><V116/><F116/><W132/><G108/><T88/><D103/><U71/><E135/><V134/><F134/><W68/><G31/><T21/><D126/><U69/><E80/><V75/><F40/><W46/><G68/><T9/><D38/><U78/><E78/><V64/><F29/><W8/><G63/><T130/><D130/><U97/><E97/><V61/><F33/><W56/><G56/><T20/><D123/><U25/><E6/><V22/><REACH who="2" step="1"/><F54/><REACH who="2" ten="279,206,145,350" step="2"/><W106/><G132/><T127/><D34/><U125/><E28/><V44/><F44/><W94/><G106/><T111/><D30/><U107/><E107/><V105/><F105/><W45/><G46/><T12/><D127/><U133/><E133/><V112/><F112/><W121/><G121/><T62/><D111/><U89/><E125/><V129/><F129/><W10/><G45/><T114/><D114/><U92/><E52/><V47/><F47/><W17/><G102/><T84/><REACH who="0" step="1"/><D9/><REACH who="0" ten="269,206,145,350" step="2"/><U131/><E0/><V109/><F109/><W113/><BYE who="2" /><G113/><T5/><D5/><U11/><E131/><V65/><F65/><W86/><G10/><UN n2="%E3%81%BD%E3%81%A1%E3%81%9F%E3%81%93%E3%82%84" /><T81/><AGARI ba="1,3" hai="12,15,20,21,23,41,42,43,53,57,62,81,84,88" machi="81" ten="30,7900,0" yaku="1,1,0,1,8,1,54,1,53,0" doraHai="118" doraHaiUra="67" who="0" fromWho="0" sc="269,112,206,-21,145,-40,350,-21" /><INIT seed="3,0,0,1,2,72" ten="381,185,105,329" oya="3" hai0="112,0,103,102,120,60,82,63,86,14,130,77,122" hai1="3,19,91,106,11,67,94,114,23,74,17,5,54" hai2="135,117,97,96,109,38,111,75,42,78,87,80,8" hai3="46,43,47,35,104,116,28,61,12,84,50,25,45"/><W128/><G116/><T127/><D0/><U10/><E106/><V52/><F117/><W22/><G104/><T7/><D112/><U56/><E74/><V55/><F38/><W113/><G113/><T13/><D127/><U105/><E105/><V70/><F70/><W57/><G128/><T126/><D126/><U18/><E67/><V41/><F75/><W26/><G12/><T115/><D115/><U53/><E53/><V58/><F135/><W85/><G84/><T49/><D130/><U66/><E66/><V40/><F8/><W48/><G85/><T83/><D49/><U34/><E34/><V30/><F30/><W16/><REACH who="3" step="1"/><G48/><REACH who="3" ten="381,185,105,319" step="2"/><T71/><D86/><U108/><E114/><V133/><F133/><W81/><G81/><T65/><D65/><AGARI ba="0,1" hai="16,22,25,26,28,35,43,45,46,47,50,57,61,65" machi="65" ten="30,5800,0" yaku="1,1,7,1,54,1,53,0" doraHai="72" doraHaiUra="110" who="3" fromWho="0" sc="381,-58,185,0,105,0,319,68" owari="323,12.3,185,-21.5,105,-39.5,387,48.7" /></mjloggm>