<mjloggm ver="2.3"><GO type="225" lobby="0"/><UN n0="%72%69%6F%75%63%68%61%6E" n1="%E3%82%8F%E3%81%8B%E3%81%B0%2A%E3%82%AC%E3%83%BC%E3%83%AB" n2="%E3%81%A4%E3%81%A3%E3%81%B1%E3%82%8A%E3%83%9D%E3%83%BC%E3%83%AB" n3="%72%61%6B%33" dan="16,16,17,16" rate="2152.85,2075.48,2206.85,2132.24" sx="M,M,M,M"/><TAIKYOKU oya="0"/><INIT seed="0,0,0,3,5,109" ten="250,250,250,250" oya="0" hai0="39,24,116,20,36,41,62,40,92,120,108,132,16" hai1="88,5,4,11,75,126,2,8,32,133,112,115,23" hai2="114,71,69,61,70,73,31,122,27,29,98,30,85" hai3="38,95,125,45,90,118,129,46,97,78,67,123,21"/><T131/><D131/><U91/><E126/><V87/><F122/><W44/><G118/><T55/><D132/><U86/><E75/><V12/><F73/><W58/><G125/><T54/><D116/><U117/><E117/><V134/><F134/><W110/><G110/><T9/><D108/><U74/><E74/><V102/><F114/><N who="1" m="43561" /><E32/><V113/><F113/><W28/><G129/><T99/><D120/><U18/><E133/><V83/><F61/><N who="3" m="38327" /><G38/><T48/><D36/><U53/><E53/><N who="0" m="19977" /><D39/><U7/><E86/><V107/><F12/><W26/><G123/><T76/><D76/><AGARI ba="0,0" hai="21,26,28,44,45,46,76,78,90,95,97" m="38327" machi="76" ten="30,1000,0" yaku="8,1" doraHai="109" who="3" fromWho="0" sc="250,-10,250,0,250,0,250,10" /><INIT seed="1,0,0,5,3,112" ten="240,250,250,260" oya="1" hai0="109,0,97,119,76,14,98,7,40,31,87,90,27" hai1="91,59,65,36,71,66,88,22,111,46,62,123,106" hai2="131,43,72,63,70,86,122,38,24,49,18,79,100" hai3="124,95,103,50,44,17,35,129,47,33,81,12,53"/><U105/><E123/><V89/><F122/><W37/><G124/><T61/><D119/><U116/><E116/><V102/><F131/><W60/><G129/><T13/><D109/><U82/><E111/><V108/><F38/><W45/><G60/><T118/><D118/><U25/><E66/><V121/><F121/><W39/><G81/><T9/><D40/><U1/><E1/><V2/><F2/><W64/><G64/><T23/><D76/><U68/><E105/><V130/><F130/><W41/><G103/><T4/><D61/><U115/><E106/><V73/><F108/><W20/><G95/><T3/><D3/><U92/><E115/><V74/><F79/><W80/><G80/><T19/><D0/><U83/><E71/><V58/><F70/><W54/><G54/><T32/><REACH who="0" step="1"/><D7/><REACH who="0" ten="230,250,250,260" step="2"/><U75/><E68/><V10/><F43/><AGARI ba="0,1" hai="12,17,20,33,35,37,39,41,43,44,45,47,50,53" machi="43" ten="40,1300,0" yaku="9,1" doraHai="112" who="3" fromWho="2" sc="230,0,250,0,250,-13,260,23" /><INIT seed="2,0,0,5,5,68" ten="230,250,237,283" oya="2" hai0="119,31,88,76,133,17,26,95,59,98,87,62,44" hai1="15,112,105,80,58,21,8,13,37,10,5,27,42" hai2="125,92,108,110,135,89,69,96,20,35,130,45,49" hai3="55,61,12,116,121,122,97,0,18,38,19,129,120"/><V39/><F35/><W73/><G0/><T111/><D111/><N who="2" m="42538" /><F130/><W100/><G116/><T64/><D133/><U67/><E105/><V7/><F135/><W113/><G73/><T124/><D124/><U126/><E126/><V30/><F125/><W106/><G129/><T134/><D134/><U101/><E112/><V128/><F128/><W66/><G113/><T127/><D127/><U82/><E101/><V54/><F69/><W72/><G72/><T107/><D119/><U11/><E42/><N who="2" m="22751" /><F7/><W9/><G55/><T94/><D107/><U51/><E37/><V48/><F54/><W32/><G32/><T6/><D6/><U78/><E78/><V50/><F20/><W2/><G38/><T53/><D76/><U22/><E22/><V118/><F118/><W114/><G114/><T115/><D115/><U86/><E5/><V81/><F81/><W52/><G52/><T104/><D104/><U117/><E117/><V84/><F30/><W24/><G122/><T132/><D132/><U25/><E80/><V43/><F96/><W46/><G97/><T56/><D44/><AGARI ba="0,0" hai="43,44,48,49,50,84,89,92" m="22751,42538" machi="44" ten="30,5800,0" yaku="14,1,10,1,52,1" doraHai="68" who="2" fromWho="0" sc="230,-58,250,0,237,58,283,0" /><INIT seed="2,1,0,3,0,30" ten="172,250,295,283" oya="2" hai0="5,15,24,79,48,119,53,115,8,62,74,60,65" hai1="84,55,57,39,2,59,50,3,41,92,99,95,54" hai2="20,130,42,64,44,118,109,21,14,7,73,18,61" hai3="97,75,47,103,23,129,43,77,82,69,128,127,102"/><V56/><F118/><W131/><G69/><T17/><D115/><U67/><E39/><V19/><F130/><W117/><G117/><T85/><D119/><U134/><E134/><V100/><F73/><W123/><G123/><T87/><D74/><U35/><E35/><V126/><F126/><W68/><G68/><T10/><D79/><U29/><E29/><V105/><F109/><W13/><G127/><T45/><D24/><U89/><E41/><V16/><F100/><W125/><G125/><T76/><D76/><U83/><E67/><V116/><F105/><W26/><G13/><T78/><D78/><U0/><REACH who="1" step="1"/><E99/><REACH who="1" ten="172,240,295,283" step="2"/><V72/><F116/><W51/><G97/><T46/><D46/><U9/><E9/><N who="2" m="4415" /><F72/><W91/><REACH who="3" step="1"/><G91/><REACH who="3" ten="172,240,295,273" step="2"/><T135/><D135/><U88/><E88/><V93/><F42/><W22/><G22/><T108/><D108/><U111/><E111/><V70/><F21/><W37/><G37/><T12/><REACH who="0" step="1"/><D60/><AGARI ba="1,2" hai="0,2,3,50,54,55,57,59,60,83,84,89,92,95" machi="60" ten="40,1300,0" yaku="1,1,53,0" doraHai="30" doraHaiUra="110" who="1" fromWho="0" sc="172,-16,240,36,295,0,273,0" /><INIT seed="3,0,0,2,5,21" ten="156,276,295,273" oya="3" hai0="29,18,42,109,76,1,100,80,74,23,106,94,102" hai1="116,46,127,6,3,108,26,15,97,134,112,50,2" hai2="65,33,117,64,89,49,99,114,91,30,25,55,19" hai3="111,75,38,107,53,69,16,104,125,115,34,123,124"/><W7/><RYUUKYOKU type="yao9" ba="0,0" sc="156,0,276,0,295,0,273,0" hai3="7,16,34,38,53,69,75,104,107,111,115,123,124,125" /><INIT seed="3,1,0,1,0,85" ten="156,276,295,273" oya="3" hai0="29,94,82,78,87,52,17,14,61,105,22,46,72" hai1="33,76,83,102,112,92,90,42,26,15,80,49,134" hai2="66,104,103,57,18,63,64,119,123,132,4,84,36" hai3="62,106,77,20,95,131,79,73,32,59,69,114,27"/><W75/><G114/><T2/><D2/><U68/><E112/><V97/><F119/><W126/><G106/><T8/><D105/><U58/><E68/><V35/><F132/><W5/><G69/><T11/><D29/><U65/><E134/><V9/><F36/><W38/><G38/><T6/><D6/><U41/><E102/><V70/><F35/><W28/><G5/><T37/><D37/><U113/><E113/><V19/><F123/><W96/><G126/><T47/><D72/><U74/><E83/><V129/><F129/><W10/><G10/><N who="0" m="3627" /><D94/><U55/><E65/><V56/><F84/><W108/><G131/><T16/><D17/><U53/><E15/><V88/><F88/><N who="3" m="55399" /><G32/><T45/><D61/><U34/><E55/><AGARI ba="1,0" hai="14,16,22,45,46,47,52,55,78,82,87" m="3627" machi="55" ten="30,3900,0" yaku="8,1,54,2" doraHai="85" who="0" fromWho="1" sc="156,42,276,-42,295,0,273,0" /><INIT seed="4,0,0,4,5,90" ten="198,234,295,273" oya="0" hai0="71,125,91,23,11,31,56,122,123,104,106,68,112" hai1="55,24,63,16,41,108,88,34,8,131,36,38,7" hai2="5,32,119,50,94,86,21,73,128,35,103,65,114" hai3="116,59,2,60,61,67,93,20,133,49,43,80,17"/><T102/><D112/><U64/><E108/><V121/><F73/><W30/><G116/><T18/><D102/><U46/><E131/><V81/><F121/><W44/><G133/><T25/><D125/><U78/><E78/><V76/><F128/><W113/><G2/><T13/><D56/><U57/><E36/><V126/><F114/><W84/><G113/><T134/><D134/><U111/><E111/><V0/><F65/><W118/><G118/><T9/><D91/><U87/><E64/><V26/><F119/><W39/><G30/><T1/><D106/><U124/><E124/><V45/><F5/><W42/><G61/><T19/><D104/><U101/><E101/><V69/><F0/><W6/><G6/><N who="0" m="1231" /><D71/><U66/><E66/><V58/><F58/><W92/><G42/><T82/><D82/><U79/><E79/><V40/><F69/><W53/><G80/><T72/><D72/><U52/><E55/><V51/><F51/><W89/><G93/><T74/><D74/><U120/><E120/><N who="0" m="46121" /><D68/><U27/><E34/><V62/><F62/><W33/><G33/><T109/><D109/><U132/><E132/><V96/><F126/><W105/><G105/><T70/><D70/><U99/><E99/><V28/><AGARI ba="0,0" hai="21,26,28,32,35,40,45,50,76,81,86,94,96,103" machi="28" ten="20,2700,0" yaku="0,1,7,1,52,1" doraHai="90" who="2" fromWho="2" sc="198,-13,234,-7,295,27,273,-7" owari="185,-31.5,227,-17.3,322,42.2,266,6.6" /></mjloggm>