<mjloggm ver="2.3"><GO type="225" lobby="0"/><UN n0="%E6%9C%88%E5%B3%B6%E5%9F%BA" n1="%E6%81%A5%E6%99%92%E3%81%97" n2="%E5%A4%8F%E9%88%B4%E9%88%B4%E5%A4%8F" n3="%E3%81%BF%E3%81%BF%E3%81%9A" dan="16,16,16,17" rate="2121.41,2114.39,2108.48,2166.33" sx="M,M,F,M"/><TAIKYOKU oya="0"/><INIT seed="0,0,0,3,0,77" ten="250,250,250,250" oya="0" hai0="64,7,119,110,9,11,45,5,82,2,8,113,133" hai1="123,10,126,43,30,101,118,24,83,3,122,26,14" hai2="121,18,76,125,100,35,41,93,57,42,120,94,46" hai3="91,109,58,56,108,44,19,36,132,112,17,4,62"/><T50/><D113/><U98/><E118/><V48/><F76/><W13/><G112/><T29/><D119/><U52/><E3/><V131/><F131/><W47/><G132/><T21/><D133/><U54/><E126/><V69/><F125/><W65/><G4/><T81/><D110/><N who="3" m="42601" /><G36/><T90/><D64/><U68/><E68/><V15/><F69/><W129/><G129/><T28/><D90/><U37/><E37/><V124/><F35/><W32/><G32/><T87/><D87/><U127/><E43/><V117/><F117/><W22/><G56/><T103/><D103/><U107/><E127/><V63/><F124/><W102/><G102/><T38/><D38/><U128/><E128/><V53/><F41/><W97/><G19/><T71/><D71/><U85/><E122/><V0/><F0/><W79/><G79/><T92/><D92/><AGARI ba="0,0" hai="13,17,22,44,47,58,62,65,91,92,97" m="42601" machi="92" ten="30,1000,0" yaku="14,1" doraHai="77" who="3" fromWho="0" sc="250,-10,250,0,250,0,250,10" /><INIT seed="1,0,0,3,4,8" ten="240,250,250,260" oya="1" hai0="131,135,70,102,82,126,42,43,124,48,76,75,18" hai1="7,117,71,44,19,9,25,37,80,21,115,74,113" hai2="114,129,36,110,73,22,105,128,39,55,33,95,93" hai3="90,40,14,94,133,54,97,50,107,134,52,17,91"/><U85/><E117/><V56/><F105/><W112/><G112/><T5/><D70/><U116/><E116/><V79/><F33/><W63/><G107/><T77/><D5/><U32/><E71/><V83/><F114/><W16/><G63/><T123/><D123/><U69/><E69/><V10/><F110/><W64/><G64/><T49/><D102/><U62/><E62/><V104/><F104/><W101/><G40/><N who="0" m="15403" /><D77/><U108/><E37/><V2/><F22/><N who="3" m="11543" /><G54/><T28/><D28/><N who="1" m="19471" /><E44/><V29/><F29/><W86/><G17/><T68/><D68/><U84/><E108/><V78/><F78/><W47/><G86/><T26/><D131/><U46/><E46/><V120/><F120/><W111/><G111/><T103/><D76/><N who="1" m="44055" /><E113/><V51/><F36/><W100/><G90/><T58/><D75/><U132/><E115/><V35/><F39/><W59/><G47/><T24/><D103/><U61/><E61/><V89/><F35/><W96/><G96/><T119/><D119/><U125/><E85/><V31/><F89/><W130/><G130/><N who="2" m="50281" /><F31/><W118/><G118/><T6/><D49/><U60/><E84/><V121/><F121/><W81/><G81/><T98/><D82/><U30/><E30/><V41/><F41/><W45/><G45/><T0/><D48/><U67/><E67/><V88/><F88/><W99/><G99/><T66/><D98/><U20/><E60/><V38/><F38/><W34/><G34/><T15/><D66/><U122/><E122/><V106/><F106/><W4/><G4/><AGARI ba="0,0" hai="2,4,10,51,55,56,73,79,83,93,95" m="50281" machi="4" ten="30,1000,0" yaku="19,1" doraHai="8" who="2" fromWho="3" sc="240,0,250,0,250,10,260,-10" /><INIT seed="2,0,0,3,0,91" ten="240,250,260,250" oya="2" hai0="36,19,14,40,93,87,120,24,132,29,3,83,103" hai1="49,76,20,27,99,128,28,69,68,52,39,111,25" hai2="71,60,133,21,135,31,59,67,81,134,12,84,96" hai3="5,33,45,124,16,127,43,22,90,129,82,56,74"/><V121/><F121/><W94/><G33/><T30/><D120/><U107/><E39/><V41/><F41/><W114/><G5/><T125/><D3/><U97/><E111/><V95/><F71/><W9/><G9/><N who="0" m="6607" /><D36/><U104/><E76/><V123/><F123/><W101/><G56/><T66/><D125/><N who="3" m="48201" /><G129/><T106/><D106/><U115/><E115/><V80/><F84/><N who="3" m="52551" /><G101/><T122/><D132/><U38/><E128/><V7/><F7/><W13/><G114/><T57/><D122/><U15/><E38/><V89/><REACH who="2" step="1"/><F12/><REACH who="2" ten="240,250,250,250" step="2"/><W98/><G98/><T11/><D87/><U17/><E15/><V10/><F10/><W88/><G74/><T54/><D11/><U6/><E6/><V112/><F112/><W70/><G70/><T113/><D113/><U108/><E69/><V55/><F55/><W34/><G34/><T102/><D54/><U51/><E68/><V37/><F37/><W18/><G13/><T53/><D53/><U50/><E52/><V58/><F58/><W73/><G22/><T64/><D40/><U32/><E108/><V42/><F42/><W23/><G23/><T0/><D57/><U1/><E1/><V126/><F126/><W8/><G8/><T118/><D0/><U2/><E2/><V116/><F116/><W47/><G73/><T119/><D119/><U44/><E44/><N who="3" m="16970" /><G43/><T110/><D118/><U26/><E99/><V77/><F77/><W61/><G61/><T117/><D117/><U46/><E97/><V65/><F65/><W109/><G109/><T63/><D110/><U86/><E46/><V72/><F72/><RYUUKYOKU ba="0,1" sc="240,-15,250,-15,250,15,250,15" hai2="21,31,59,60,67,80,81,89,95,96,133,134,135" hai3="16,18,82,88" /><INIT seed="2,1,1,0,0,54" ten="225,235,265,265" oya="2" hai0="3,27,132,60,25,4,20,41,113,90,6,116,122" hai1="0,59,33,129,78,56,48,131,39,80,97,84,51" hai2="126,18,30,31,101,36,12,83,62,79,16,123,135" hai3="71,99,88,1,119,118,42,107,5,63,85,15,50"/><V100/><F123/><W120/><G120/><T11/><D122/><U17/><E39/><V108/><F36/><W117/><G1/><T91/><D113/><U58/><E33/><V45/><F126/><W28/><G28/><N who="2" m="10793" /><F135/><W14/><G107/><T124/><D124/><U34/><E34/><V64/><F18/><W73/><G99/><T70/><D132/><U47/><E0/><V77/><F45/><W98/><G98/><T66/><D116/><U13/><E97/><V110/><F62/><W65/><G73/><T95/><D6/><U121/><E121/><V111/><F64/><W32/><G32/><T10/><D10/><N who="1" m="6327" /><E47/><V125/><F125/><W21/><G5/><T92/><D41/><U7/><E7/><V89/><F89/><W112/><G112/><T93/><REACH who="0" step="1"/><D27/><REACH who="0" ten="215,235,265,265" step="2"/><U106/><E106/><V49/><F49/><W57/><G42/><T46/><D46/><U109/><E109/><V69/><F69/><W24/><G50/><T82/><D82/><U61/><E61/><V43/><F43/><W133/><G133/><T128/><D128/><AGARI ba="1,2" hai="48,51,56,58,59,78,80,84,128,129,131" m="6327" machi="128" ten="30,7700,0" yaku="19,1,52,3" doraHai="54" who="1" fromWho="0" sc="215,-80,235,100,265,0,265,0" /><INIT seed="3,0,0,1,4,9" ten="135,335,265,265" oya="3" hai0="118,16,56,22,74,29,134,71,104,31,45,86,61" hai1="23,113,58,41,46,69,60,66,133,90,91,132,120" hai2="10,62,135,103,53,35,52,8,40,131,13,92,76" hai3="67,44,122,27,111,1,115,59,25,37,20,110,38"/><W26/><G115/><T42/><D118/><U94/><E113/><V129/><F35/><W32/><G122/><T116/><D74/><U121/><E58/><V0/><F40/><W36/><G1/><T30/><D104/><U130/><E23/><V85/><F135/><N who="1" m="51785" /><E130/><N who="2" m="49675" /><F0/><W78/><G78/><T4/><D71/><U106/><E106/><V95/><F8/><W72/><G72/><T43/><D116/><U57/><E69/><V102/><F76/><W5/><G5/><T81/><D4/><U19/><E19/><V88/><F62/><N who="3" m="38367" /><G32/><T51/><D43/><U123/><E94/><V107/><F107/><W28/><G44/><T49/><D134/><U73/><E73/><V6/><F95/><W119/><G119/><T117/><D117/><U96/><E96/><V65/><F65/><W114/><G114/><T68/><D68/><U126/><E126/><V93/><F92/><W64/><G64/><T87/><D51/><AGARI ba="0,0" hai="41,46,51,57,60,66,90,91,120,121,123" m="51785" machi="51" ten="40,1300,0" yaku="20,1" doraHai="9" who="1" fromWho="0" sc="135,-13,335,13,265,0,265,0" owari="122,-37.8,348,44.8,265,6.5,265,-13.5" /></mjloggm>