<mjloggm ver="2.3"><GO type="225" lobby="0"/><UN n0="%E3%82%A2%E3%83%9E%E3%83%9D%EF%BD%9E%EF%BD%9E%E3%83%A9" n1="%E3%81%A4%E3%81%A3%E3%81%B1%E3%82%8A%E3%83%9D%E3%83%BC%E3%83%AB" n2="%E3%83%96%E3%83%83%E3%83%91%E3%82%AA%E3%83%96%E3%83%81%E3%82%AD%E3%83%B3" n3="%4C%4F%4C%49%54%41" dan="17,17,16,16" rate="2054.40,2164.03,2208.31,2095.49" sx="M,M,M,F"/><TAIKYOKU oya="0"/><INIT seed="0,0,0,1,2,34" ten="250,250,250,250" oya="0" hai0="32,93,18,8,20,55,108,96,128,81,51,44,77" hai1="61,79,99,1,26,2,116,46,105,131,48,110,13" hai2="23,107,87,120,126,3,49,118,134,89,90,7,80" hai3="42,16,19,63,76,135,125,21,22,103,67,73,115"/><T39/><D108/><U47/><E116/><V78/><F120/><W33/><G115/><T15/><D128/><U91/><E79/><V84/><F118/><W82/><G33/><T74/><D32/><U119/><E119/><V45/><F126/><W35/><G35/><T50/><D39/><U52/><E131/><V122/><F122/><W57/><G135/><T85/><D74/><U9/><E110/><V53/><F134/><W124/><G103/><T72/><D72/><U95/><E105/><V127/><F127/><N who="3" m="48715" /><G42/><T69/><D69/><U70/><E26/><V132/><F132/><W54/><G54/><T102/><REACH who="0" step="1"/><D50/><REACH who="0" ten="240,250,250,250" step="2"/><U29/><E46/><V75/><F75/><W104/><G104/><T133/><D133/><U58/><E70/><V114/><F107/><W24/><G21/><AGARI ba="0,1" hai="8,15,18,20,21,44,51,55,77,81,85,93,96,102" machi="21" ten="40,3900,0" yaku="1,1,8,1,53,0" doraHai="34" doraHaiUra="59" who="0" fromWho="3" sc="240,49,250,0,250,0,250,-39" /><INIT seed="0,1,0,0,3,68" ten="289,250,250,211" oya="0" hai0="89,101,51,30,108,17,123,106,13,124,99,37,32" hai1="83,49,46,26,104,109,88,14,41,91,28,9,24" hai2="75,119,6,81,73,48,133,65,131,96,92,117,100" hai3="94,25,36,1,12,4,72,21,135,43,20,47,53"/><T80/><D123/><U130/><E104/><V79/><F65/><W76/><G135/><T58/><D124/><U16/><E109/><V87/><F133/><W54/><G94/><T132/><D132/><U97/><E130/><V82/><F6/><W93/><G93/><T118/><D37/><U56/><E97/><V84/><F48/><W15/><G15/><T0/><D0/><U52/><E83/><V35/><F35/><W128/><G128/><T78/><D118/><N who="2" m="45066" /><F131/><W8/><G12/><T125/><D125/><U110/><E110/><V112/><F112/><W31/><REACH who="3" step="1"/><G21/><REACH who="3" ten="289,250,250,201" step="2"/><T116/><D13/><U45/><E26/><V113/><F113/><W34/><G34/><T126/><D32/><U86/><E86/><V19/><F19/><W44/><G44/><T59/><D17/><U60/><E46/><V23/><F23/><AGARI ba="1,1" hai="9,14,16,23,24,28,41,45,49,52,56,60,88,91" machi="23" ten="30,8000,1" yaku="7,1,8,1,54,3" doraHai="68" who="1" fromWho="2" sc="289,0,250,93,250,-83,201,0" /><INIT seed="1,0,0,5,1,47" ten="289,343,167,201" oya="1" hai0="14,79,59,64,21,69,119,73,108,92,24,39,109" hai1="126,20,6,25,18,29,87,135,62,42,8,45,10" hai2="94,12,48,90,76,103,30,57,28,9,127,68,61" hai3="41,23,105,3,104,117,72,85,50,130,134,17,100"/><U101/><E135/><V81/><F127/><W97/><G72/><T15/><D69/><U44/><E126/><V128/><F103/><W102/><G3/><T51/><D39/><U120/><E120/><V132/><F128/><W80/><G130/><T31/><D119/><U88/><E101/><V71/><F132/><W35/><G35/><T46/><D92/><U56/><E29/><V38/><F38/><W37/><G37/><T43/><D79/><U125/><E125/><V67/><F71/><W22/><G134/><T110/><D73/><U65/><E42/><V122/><F122/><W84/><G117/><T82/><D82/><U114/><E114/><V133/><F133/><W49/><G41/><T34/><D34/><U116/><E116/><V107/><F107/><W123/><G123/><T129/><D129/><U53/><E65/><V75/><F68/><W36/><G36/><T13/><D59/><U55/><E55/><V89/><F48/><W26/><G22/><T131/><D131/><U4/><E4/><V86/><REACH who="2" step="1"/><F89/><REACH who="2" ten="289,343,157,201" step="2"/><W91/><G84/><T52/><D43/><U11/><E6/><AGARI ba="0,1" hai="6,9,12,28,30,57,61,67,75,76,81,86,90,94" machi="6" ten="30,3900,0" yaku="1,1,2,1,7,1,53,0" doraHai="47" doraHaiUra="95" who="2" fromWho="1" sc="289,0,343,-39,157,49,201,0" /><INIT seed="2,0,0,5,4,2" ten="289,304,206,201" oya="2" hai0="21,72,130,95,106,64,10,119,30,99,34,125,135" hai1="11,118,25,123,67,81,44,51,15,86,70,24,6" hai2="14,126,38,20,53,111,83,18,79,31,16,94,8" hai3="46,80,71,59,9,7,68,32,129,116,52,58,27"/><V134/><F126/><W101/><G116/><T87/><D34/><U121/><E118/><V92/><F134/><W97/><G129/><T43/><D130/><U35/><E67/><V124/><F124/><W36/><G80/><T96/><D72/><U26/><E70/><V22/><F38/><W108/><G108/><T57/><D43/><N who="1" m="24991" /><E35/><V47/><F111/><W85/><G85/><T17/><D99/><U98/><E98/><V45/><F31/><W112/><G112/><T103/><D21/><U13/><E13/><V82/><F8/><W48/><G27/><T102/><D17/><U122/><E25/><V60/><F60/><W28/><G28/><T66/><D103/><U93/><E93/><V109/><F109/><W90/><G32/><T131/><D57/><U74/><E74/><V55/><REACH who="2" step="1"/><F14/><REACH who="2" ten="289,304,196,201" step="2"/><W4/><G36/><T69/><D10/><U78/><AGARI ba="0,1" hai="6,11,15,24,26,78,81,86,121,122,123" m="24991" machi="78" ten="30,4000,0" yaku="25,1,13,1,52,1" doraHai="2" who="1" fromWho="1" sc="289,-10,304,50,196,-20,201,-10" /><INIT seed="3,0,0,2,1,70" ten="279,354,176,191" oya="3" hai0="60,19,80,59,54,17,103,31,5,89,130,107,82" hai1="7,2,105,8,133,44,117,11,90,37,38,127,34" hai2="119,129,118,65,51,63,13,77,123,48,36,125,83" hai3="110,106,64,100,10,99,9,86,114,1,68,14,33"/><W26/><G114/><T55/><D130/><U81/><E105/><V91/><F129/><W74/><G74/><T50/><D107/><U20/><E34/><V69/><F91/><W27/><G110/><T88/><D103/><U58/><E44/><V85/><F125/><W109/><G109/><T79/><D31/><U56/><E127/><V97/><F97/><W72/><G72/><T28/><D28/><U126/><E126/><V40/><F123/><W92/><G33/><T95/><D5/><U78/><E90/><N who="0" m="34921" /><D95/><U53/><E133/><V43/><F13/><W116/><G106/><T25/><D25/><U57/><E53/><V120/><F120/><W93/><G116/><T45/><D82/><U96/><E96/><V29/><F29/><W4/><G92/><T0/><D0/><U24/><E11/><V115/><F115/><W75/><G75/><T122/><D122/><U135/><E135/><V124/><F124/><W6/><G86/><AGARI ba="0,0" hai="17,19,45,50,54,55,59,60,79,80,86" m="34921" machi="86" ten="30,2000,0" yaku="8,1,54,1" doraHai="70" who="0" fromWho="3" sc="279,20,354,0,176,0,191,-20" owari="299,9.9,354,45.4,176,-22.4,171,-32.9" /></mjloggm>