<mjloggm ver="2.3"><GO type="225" lobby="0"/><UN n0="%E5%91%A8%E6%9D%B1" n1="%E3%81%BF%E3%81%BF%E3%81%9A" n2="%E3%83%B4%E3%83%A0%EF%BC%99%E3%81%A6" n3="%E9%A6%AC%E5%BC%95%E7%81%AB%33" dan="16,18,16,17" rate="2134.88,2194.27,2181.87,2137.03" sx="M,M,M,M"/><TAIKYOKU oya="0"/><INIT seed="0,0,0,1,5,33" ten="250,250,250,250" oya="0" hai0="49,10,78,2,50,100,41,1,15,69,116,93,121" hai1="56,55,103,68,11,104,62,32,109,5,91,79,85" hai2="106,127,71,105,60,45,83,30,70,92,107,46,58" hai3="13,40,54,130,12,24,117,119,118,80,6,95,89"/><T17/><D121/><U53/><E109/><V102/><F30/><W96/><G130/><T90/><D116/><U82/><E32/><V123/><F123/><W52/><G40/><T135/><D69/><U84/><E68/><V112/><F112/><W86/><G24/><T26/><D135/><U94/><E104/><V7/><F127/><W63/><G63/><T97/><D78/><U44/><E103/><V113/><F113/><W3/><G3/><T98/><D26/><U25/><E25/><V42/><F83/><W31/><G31/><T99/><D99/><U120/><E120/><V66/><F7/><W35/><G35/><T124/><D124/><U111/><E111/><V34/><F46/><W29/><G29/><T128/><D128/><U48/><E11/><V51/><REACH who="2" step="1"/><F34/><REACH who="2" ten="250,250,240,250" step="2"/><W61/><G6/><AGARI ba="0,1" hai="5,6,44,48,53,55,56,62,79,82,84,85,91,94" machi="6" ten="40,1300,0" yaku="8,1" doraHai="33" who="1" fromWho="3" sc="250,0,250,23,240,0,250,-13" /><INIT seed="1,0,0,3,1,5" ten="250,273,240,237" oya="1" hai0="127,32,9,15,121,67,56,3,130,11,97,52,6" hai1="117,82,60,134,13,17,131,107,132,35,63,37,77" hai2="83,42,58,28,55,30,25,40,36,72,85,34,101" hai3="22,38,99,53,103,122,90,78,71,112,16,93,14"/><U96/><E117/><V87/><F36/><W115/><G122/><T113/><D121/><U89/><E37/><V92/><F72/><W125/><G125/><T46/><D127/><U133/><E35/><V24/><F92/><W51/><G38/><T104/><D32/><U86/><E131/><V98/><F28/><W111/><G111/><T45/><D113/><U33/><E33/><V39/><F24/><W27/><G71/><T4/><D67/><U47/><E47/><V75/><F75/><W10/><G78/><T74/><D74/><U1/><E1/><V69/><F69/><W79/><G79/><T61/><REACH who="0" step="1"/><D130/><REACH who="0" ten="240,273,240,237" step="2"/><U116/><E116/><V135/><F135/><W68/><G68/><T81/><D81/><U26/><E26/><V20/><F34/><W126/><G126/><T65/><D65/><U62/><E77/><V106/><F83/><W59/><REACH who="3" step="1"/><G90/><REACH who="3" ten="240,273,240,227" step="2"/><T2/><D2/><U105/><REACH who="1" step="1"/><E96/><REACH who="1" ten="240,263,240,227" step="2"/><V49/><REACH who="2" step="1"/><F39/><REACH who="2" ten="240,263,230,227" step="2"/><RYUUKYOKU type="reach4" ba="0,4" sc="240,0,263,0,230,0,227,0" hai0="3,4,6,9,11,15,45,46,52,56,61,97,104" hai1="13,17,60,62,63,82,86,89,105,107,132,133,134" hai2="20,25,30,40,42,49,55,58,85,87,98,101,106" hai3="10,14,16,22,27,51,53,59,93,99,103,112,115" /><INIT seed="1,1,4,1,3,30" ten="240,263,230,227" oya="1" hai0="82,130,58,78,1,27,94,61,8,51,108,75,101" hai1="19,45,24,84,12,85,114,105,103,56,104,66,89" hai2="7,118,83,69,102,35,55,71,128,127,23,133,64" hai3="25,134,70,99,132,129,125,106,57,41,15,52,131"/><U10/><E114/><V73/><F118/><W72/><G70/><T91/><D108/><U119/><E119/><V95/><F35/><W60/><G72/><T20/><D130/><N who="3" m="49673" /><G41/><T29/><D51/><U88/><E103/><V110/><F128/><W18/><G25/><T6/><D101/><U46/><E105/><V96/><F110/><W21/><G125/><T28/><D28/><U107/><E104/><V135/><F127/><W3/><G3/><T124/><D124/><U90/><E107/><V38/><F38/><W76/><G76/><T54/><REACH who="0" step="1"/><D94/><REACH who="0" ten="230,263,230,227" step="2"/><U93/><E24/><V49/><F95/><W34/><G34/><T33/><D33/><U67/><E90/><AGARI ba="1,5" hai="1,6,8,20,27,29,54,58,61,75,78,82,90,91" machi="90" ten="40,1300,0" yaku="1,1,53,0" doraHai="30" doraHaiUra="65" who="0" fromWho="1" sc="230,66,263,-16,230,0,227,0" /><INIT seed="2,0,0,0,0,83" ten="296,247,230,227" oya="2" hai0="78,93,80,98,94,33,124,120,32,35,45,105,13" hai1="34,81,89,6,51,73,8,84,90,75,42,3,74" hai2="107,20,43,69,52,28,79,65,95,15,54,130,91" hai3="29,112,1,11,77,128,56,12,68,70,10,21,87"/><V117/><F117/><W129/><G112/><T133/><D120/><U82/><E34/><V61/><F107/><W38/><G38/><T114/><D114/><U111/><E111/><V18/><F130/><N who="3" m="50283" /><G56/><T76/><D133/><U113/><E113/><V50/><F79/><W127/><G127/><T14/><D124/><U25/><E25/><V125/><F125/><W121/><G121/><T100/><D45/><U39/><E51/><V44/><REACH who="2" step="1"/><F28/><REACH who="2" ten="296,247,220,227" step="2"/><W17/><G29/><T104/><D105/><U72/><E72/><V0/><F0/><W110/><G110/><T66/><D78/><U134/><E134/><V88/><F88/><W46/><G1/><T48/><D104/><U2/><E2/><V99/><AGARI ba="0,1" hai="15,18,20,43,44,50,52,54,61,65,69,91,95,99" machi="99" ten="20,7800,0" yaku="1,1,0,1,7,1,54,1,53,0" doraHai="83" doraHaiUra="106" who="2" fromWho="2" sc="296,-26,247,-26,220,88,227,-26" /><INIT seed="2,1,0,2,0,25" ten="270,221,308,201" oya="2" hai0="88,126,69,106,133,89,65,21,91,55,31,11,120" hai1="134,19,109,67,42,103,23,104,17,97,83,37,70" hai2="96,48,2,53,60,121,64,108,79,38,63,7,47" hai3="26,122,77,71,3,93,40,125,61,129,113,72,110"/><V45/><F121/><W13/><G122/><T68/><D106/><U92/><E109/><V82/><F108/><W33/><G110/><T99/><D120/><U44/><E134/><V131/><F131/><W36/><G129/><T4/><D133/><U6/><E6/><V16/><F2/><W20/><G125/><T35/><D126/><U46/><E83/><V98/><F7/><W49/><G3/><T128/><D128/><U14/><E46/><V85/><F60/><W8/><G36/><T127/><D127/><U39/><E104/><V24/><F45/><W66/><G33/><T56/><D35/><U130/><E130/><V34/><F38/><W58/><G113/><T119/><D99/><U5/><E37/><V50/><F50/><W124/><G124/><T43/><D43/><U15/><E5/><V90/><F79/><W102/><G77/><T73/><D73/><U132/><E132/><V114/><F114/><W111/><G72/><T95/><D95/><U62/><E17/><V28/><REACH who="2" step="1"/><F16/><REACH who="2" ten="270,221,298,201" step="2"/><N who="3" m="8231" /><G111/><T112/><D112/><U84/><E84/><V80/><F80/><W52/><G40/><T117/><D4/><U18/><E18/><V32/><F32/><W115/><G115/><T100/><D11/><U1/><E1/><V86/><F86/><W57/><G71/><AGARI ba="1,1" hai="24,28,34,47,48,53,63,64,71,82,85,90,96,98" machi="71" ten="30,5800,0" yaku="1,1,7,1,52,1,53,0" doraHai="25" doraHaiUra="107" who="2" fromWho="3" sc="270,0,221,0,298,71,201,-61" /><INIT seed="2,2,0,0,0,36" ten="270,221,369,140" oya="2" hai0="2,63,94,125,81,31,1,108,120,12,76,121,67" hai1="64,96,110,6,38,10,115,52,113,61,73,117,26" hai2="28,128,86,57,20,122,47,82,32,23,62,29,59" hai3="58,68,119,41,80,5,60,74,79,134,0,107,30"/><V16/><F122/><W88/><G119/><T105/><D105/><U101/><E117/><V124/><F32/><W95/><G134/><T135/><D135/><U43/><E73/><V54/><F124/><W98/><G107/><T13/><D125/><U9/><E110/><V83/><F20/><W100/><G68/><T87/><D108/><U75/><E75/><V102/><F102/><W130/><G130/><T45/><D31/><U33/><E26/><V129/><F47/><W111/><G111/><T27/><D27/><U70/><E33/><V127/><F127/><W132/><G132/><T14/><D94/><U18/><E18/><V85/><F59/><W109/><G109/><T123/><REACH who="0" step="1"/><D45/><REACH who="0" ten="260,221,369,140" step="2"/><N who="1" m="23799" /><E115/><V11/><F129/><W34/><G30/><T78/><D78/><U25/><E25/><N who="2" m="14567" /><F128/><W51/><G34/><T56/><AGARI ba="2,1" hai="1,2,12,13,14,56,63,67,76,81,87,120,121,123" machi="56" ten="40,2700,0" yaku="1,1,0,1,53,0" doraHai="36" doraHaiUra="65" who="0" fromWho="0" sc="260,43,221,-9,369,-15,140,-9" /><INIT seed="3,0,0,0,0,97" ten="303,212,354,131" oya="3" hai0="11,98,122,67,77,40,17,5,71,92,76,74,21" hai1="96,80,53,129,63,86,54,125,4,2,81,45,23" hai2="51,69,52,102,108,94,46,6,111,3,62,90,43" hai3="118,42,22,128,105,131,47,100,88,127,1,132,50"/><W31/><G127/><T14/><D122/><U85/><E125/><V41/><F102/><W112/><G118/><T70/><D40/><U0/><E129/><N who="3" m="49738" /><G112/><T121/><D121/><U58/><E4/><V87/><F6/><W64/><G132/><T99/><D74/><U19/><E96/><V133/><F3/><W103/><G1/><T91/><D71/><U61/><E45/><V18/><F133/><W126/><G126/><T73/><D73/><U7/><E7/><V123/><F123/><W9/><G105/><T8/><D8/><U20/><E58/><V36/><F18/><AGARI ba="0,0" hai="0,2,18,19,20,23,53,54,61,63,80,81,85,86" machi="18" ten="25,1600,0" yaku="22,2" doraHai="97" who="1" fromWho="2" sc="303,0,212,16,354,-16,131,0" owari="303,10.3,228,-17.2,338,43.8,131,-36.9" /></mjloggm>