<mjloggm ver="2.3"><GO type="225" lobby="0"/><UN n0="%E6%9C%88%E5%B3%B6%E5%9F%BA" n1="%E3%81%BE%E3%81%A8%E3%81%9F" n2="%72%69%6F%75%63%68%61%6E" n3="%E7%B4%94%E6%BD%94%E3%83%94%E3%83%A9%E3%83%8B%E3%82%A2" dan="16,16,16,17" rate="2030.72,2087.16,2126.21,2151.58" sx="M,M,M,M"/><TAIKYOKU oya="0"/><INIT seed="0,0,0,2,0,106" ten="250,250,250,250" oya="0" hai0="14,105,30,103,76,90,38,71,115,86,11,99,73" hai1="89,85,9,54,127,7,42,107,23,132,49,125,53" hai2="37,27,128,98,2,100,131,126,79,50,43,47,102" hai3="130,3,20,68,113,39,119,66,4,69,45,112,116"/><T41/><D115/><N who="3" m="44105" /><G20/><T33/><D71/><N who="3" m="27209" /><G66/><T91/><D41/><U48/><E132/><V117/><F126/><N who="1" m="48137" /><E107/><V88/><F2/><W60/><G60/><T83/><D38/><U123/><E23/><V96/><F37/><W80/><G80/><T78/><D78/><U65/><E123/><V52/><F79/><W12/><G12/><T101/><D101/><U59/><E65/><V46/><F102/><W29/><G29/><T82/><D90/><U18/><E18/><V77/><F88/><W70/><N who="3" m="27217" /><W36/><DORA hai="22" /><G36/><T56/><D56/><N who="1" m="32807" /><E42/><V74/><F43/><N who="3" m="22783" /><G130/><T122/><D122/><U81/><E81/><V55/><F131/><W0/><G4/><T32/><REACH who="0" step="1"/><D30/><REACH who="0" ten="240,250,250,250" step="2"/><U133/><E59/><N who="2" m="33175" /><F128/><W67/><G67/><T124/><D124/><U114/><E89/><V40/><F77/><W120/><G120/><T87/><D87/><U64/><E85/><V62/><F100/><W121/><G121/><T94/><D94/><U31/><E31/><V34/><F98/><W13/><G13/><T6/><AGARI ba="0,1" hai="6,11,14,32,33,73,76,82,83,86,91,99,103,105" machi="6" ten="20,7800,0" yaku="1,1,0,1,7,1,52,1,53,0" doraHai="106,22" doraHaiUra="118,135" who="0" fromWho="0" sc="240,88,250,-26,250,-26,250,-26" /><INIT seed="0,1,0,0,0,123" ten="328,224,224,224" oya="0" hai0="118,5,80,79,119,32,35,51,3,2,36,76,34" hai1="86,133,135,12,50,56,70,39,59,43,81,23,65" hai2="125,17,1,47,93,9,73,64,105,71,10,108,26" hai3="88,21,30,130,91,114,72,27,115,100,53,90,14"/><T38/><D51/><U68/><E23/><V111/><F105/><W7/><G130/><T49/><D49/><U8/><E12/><V127/><F73/><W20/><G72/><T112/><D5/><U126/><E8/><N who="2" m="3179" /><F1/><N who="0" m="10" /><D112/><U24/><E24/><V132/><F132/><W131/><G131/><T99/><D99/><U69/><E86/><V57/><F71/><N who="1" m="27209" /><E81/><V96/><F47/><W33/><G33/><T78/><D80/><U62/><E126/><N who="2" m="48139" /><F57/><N who="1" m="22089" /><E50/><V18/><F64/><W28/><G114/><T13/><D13/><U58/><N who="1" m="22097" /><U97/><DORA hai="82" /><E97/><V4/><F4/><W110/><G115/><T104/><D104/><U19/><E19/><N who="2" m="7179" /><F26/><W54/><G7/><T107/><D107/><U61/><E61/><V40/><F40/><W120/><G120/><T103/><D103/><AGARI ba="1,0" hai="93,96,103,108,111" m="7179,48139,3179" machi="103" ten="30,3900,0" yaku="18,1,52,2" doraHai="123,82" who="2" fromWho="0" sc="328,-42,224,0,224,42,224,0" /><INIT seed="1,0,0,2,3,106" ten="286,224,266,224" oya="1" hai0="119,55,124,48,24,111,88,84,131,12,82,57,10" hai1="2,91,73,18,99,74,112,49,45,129,79,31,104" hai2="58,80,69,62,16,9,94,51,92,127,126,105,107" hai3="52,98,5,125,13,81,53,117,25,77,22,108,15"/><U46/><E112/><V116/><F116/><W41/><G117/><T14/><D119/><U59/><E2/><V133/><F133/><W86/><G108/><T134/><D111/><U128/><E79/><V76/><F51/><W54/><G125/><N who="2" m="47625" /><F69/><W0/><G0/><T42/><D124/><U71/><E71/><V78/><F76/><W67/><G67/><T113/><D113/><U130/><E31/><V118/><F118/><W72/><G5/><T109/><D109/><U70/><E70/><V96/><F9/><W27/><G27/><T110/><D131/><U7/><E7/><V20/><F92/><W60/><G60/><T102/><D134/><U30/><E30/><V122/><F122/><W132/><G132/><T90/><D10/><U87/><E59/><V68/><F68/><W33/><G33/><T35/><D57/><U3/><E3/><V103/><F80/><W83/><G98/><T1/><D82/><N who="1" m="49655" /><E99/><V34/><F78/><W66/><G41/><T39/><D1/><U32/><E104/><V19/><F34/><W89/><REACH who="3" step="1"/><G66/><REACH who="3" ten="286,224,266,214" step="2"/><T63/><D35/><U38/><E32/><V43/><F43/><W61/><G61/><T135/><D63/><U26/><E26/><N who="2" m="14599" /><F19/><AGARI ba="0,1" hai="13,15,19,22,25,52,53,54,72,77,81,83,86,89" machi="19" ten="40,5200,0" yaku="1,1,52,1,54,1,53,0" doraHai="106" doraHaiUra="121" who="3" fromWho="2" sc="286,0,224,0,266,-52,214,62" /><INIT seed="2,0,0,0,2,100" ten="286,224,214,276" oya="2" hai0="51,108,101,17,60,25,41,128,120,53,16,97,115" hai1="106,69,122,121,135,81,3,76,90,132,6,114,111" hai2="43,29,18,88,14,78,79,110,39,93,66,105,57" hai3="21,31,107,77,86,118,11,54,44,126,89,125,104"/><V10/><F105/><N who="3" m="40523" /><G11/><T123/><D115/><U23/><E69/><V12/><F110/><W7/><G7/><T33/><D108/><U73/><E111/><V58/><F29/><W49/><G77/><N who="2" m="29193" /><F39/><W117/><G21/><T84/><D128/><U95/><E114/><V26/><F43/><W131/><G31/><T96/><D33/><U22/><E106/><V109/><F109/><W50/><G50/><T85/><D101/><U94/><E94/><V24/><F14/><W42/><G54/><T8/><D41/><U19/><E6/><V1/><F1/><W71/><G71/><T113/><D53/><U102/><E102/><V127/><F66/><W129/><G117/><T74/><D113/><U46/><E46/><V40/><F40/><W65/><G118/><T98/><D25/><N who="2" m="9834" /><F127/><N who="3" m="48651" /><G65/><T48/><D120/><N who="1" m="46187" /><E3/><V20/><F20/><N who="1" m="7721" /><E19/><V52/><F52/><W82/><AGARI ba="0,0" hai="42,44,49,82,86,89,129,131" m="48651,40523" machi="82" ten="40,8000,1" yaku="18,1,52,3" doraHai="100" who="3" fromWho="3" sc="286,-20,224,-20,214,-40,276,80" /><INIT seed="3,0,0,2,5,6" ten="266,204,174,356" oya="3" hai0="23,115,123,88,113,98,16,22,21,108,109,19,97" hai1="74,57,83,84,17,52,129,133,127,39,11,37,64" hai2="96,94,53,78,73,69,40,33,34,36,103,38,8" hai3="120,10,29,54,41,28,89,30,135,5,124,121,92"/><W2/><G124/><T82/><D123/><U87/><E127/><V3/><F69/><W117/><G117/><T12/><D98/><U112/><E112/><N who="0" m="43081" /><D82/><U134/><E64/><V100/><F100/><W43/><G135/><N who="1" m="51722" /><E129/><V55/><F55/><W60/><G43/><T104/><D104/><U131/><E74/><V9/><F53/><W35/><G41/><T132/><D132/><U51/><E131/><V31/><F31/><W66/><G54/><T46/><D46/><U102/><E102/><V62/><F62/><W125/><G125/><T99/><D99/><U67/><E67/><V48/><F48/><W7/><G7/><T27/><D23/><U44/><E44/><N who="2" m="23559" /><F38/><N who="1" m="14345" /><E83/><N who="2" m="45519" /><F9/><W59/><G35/><T77/><D77/><U128/><E128/><V56/><F56/><W25/><G120/><T110/><D97/><U32/><E32/><V4/><F94/><W1/><G121/><T42/><D42/><U68/><E68/><V47/><F47/><W85/><G59/><T91/><AGARI ba="0,0" hai="12,16,19,21,22,27,88,91,108,109,110" m="43081" machi="91" ten="40,8000,1" yaku="14,1,11,1,54,2" doraHai="6" who="0" fromWho="0" sc="266,80,204,-20,174,-20,356,-40" owari="346,44.6,184,-21.6,154,-34.6,316,11.6" /></mjloggm>