<mjloggm ver="2.3"><GO type="225" lobby="0"/><UN n0="%E3%81%BF%E3%81%BF%E3%81%9A" n1="%79%75%72%69%6D%6F%67" n2="%E3%83%B4%E3%83%A0%EF%BC%99%E3%81%A6" n3="%E7%99%BD%E5%80%89%E5%AF%9B%E4%B9%8B" dan="18,16,16,16" rate="2247.68,2184.17,2178.26,2128.51" sx="M,F,M,M"/><TAIKYOKU oya="0"/><INIT seed="0,0,0,2,2,111" ten="250,250,250,250" oya="0" hai0="6,59,45,17,37,104,19,62,7,91,113,27,44" hai1="94,105,30,51,49,58,35,4,20,69,71,109,80" hai2="33,68,25,9,10,67,82,83,128,132,21,13,126" hai3="106,119,124,64,77,92,55,8,86,93,42,41,101"/><T57/><D113/><U123/><E105/><V102/><F126/><W88/><G124/><T38/><D104/><U107/><E123/><V14/><F132/><W63/><G106/><T47/><D27/><U46/><E107/><V130/><F33/><W117/><G77/><T39/><D91/><U79/><E35/><V114/><F25/><W36/><G55/><T40/><D40/><U24/><E109/><V78/><F67/><W31/><G31/><T81/><D81/><U54/><E4/><N who="0" m="1577" /><D62/><U65/><E94/><V29/><F29/><W26/><G26/><T112/><D112/><U16/><E30/><V100/><F78/><W129/><G8/><T32/><D32/><U133/><E133/><V75/><F21/><W127/><G127/><T76/><D76/><U115/><E115/><V85/><F114/><W74/><G74/><T52/><D52/><U2/><E2/><V28/><F28/><W48/><G42/><T50/><D50/><U84/><REACH who="1" step="1"/><E65/><REACH who="1" ten="250,240,250,250" step="2"/><V108/><F108/><W5/><G64/><T15/><D15/><U95/><E95/><V116/><F13/><W118/><G93/><T99/><D99/><U98/><E98/><V134/><F14/><W87/><G92/><T22/><D22/><U12/><E12/><V103/><F134/><W3/><G119/><T122/><D122/><U120/><E120/><V0/><F116/><W89/><G118/><T53/><D53/><AGARI ba="0,1" hai="16,20,24,46,49,51,53,54,58,69,71,79,80,84" machi="53" ten="30,8000,1" yaku="1,1,7,1,54,1,53,2" doraHai="111" doraHaiUra="66" who="1" fromWho="0" sc="250,-80,240,90,250,0,250,0" /><INIT seed="1,0,0,1,3,127" ten="170,330,250,250" oya="1" hai0="8,65,50,105,21,46,86,131,108,121,96,107,41" hai1="24,51,126,91,10,80,28,134,38,71,120,62,77" hai2="99,17,39,97,82,26,95,16,102,123,90,40,135" hai3="124,29,1,129,19,98,14,22,85,30,94,122,89"/><U111/><E120/><V54/><F123/><W48/><G1/><T93/><D121/><U115/><E38/><V132/><F39/><W44/><G124/><T0/><D108/><U104/><E115/><V73/><F40/><W64/><G129/><T59/><D86/><U9/><E104/><N who="2" m="63567" /><F54/><W36/><G36/><T74/><D74/><U78/><E78/><N who="2" m="44367" /><F26/><W112/><G112/><T103/><D0/><U20/><E126/><V66/><F66/><W70/><G122/><T61/><D8/><U75/><E111/><V69/><F69/><W106/><G64/><T100/><D100/><U67/><E134/><AGARI ba="0,0" hai="16,17,90,95,99,132,134,135" m="44367,63567" machi="134" ten="30,2000,0" yaku="20,1,54,1" doraHai="127" who="2" fromWho="1" sc="170,0,330,-20,250,20,250,0" /><INIT seed="2,0,0,2,5,46" ten="170,310,270,250" oya="2" hai0="31,15,86,123,49,98,100,101,78,52,55,83,122" hai1="130,9,41,94,28,93,37,68,61,128,40,90,81" hai2="34,18,27,99,113,79,119,73,69,125,92,112,17" hai3="65,84,110,7,35,88,2,102,96,127,66,39,8"/><V85/><F119/><W117/><G35/><T54/><D31/><U16/><E37/><V23/><F125/><W57/><G39/><T106/><D101/><U21/><E28/><V134/><F134/><W12/><G117/><T116/><D116/><U53/><E81/><V58/><F69/><W70/><G70/><T5/><D5/><U26/><E9/><V64/><F73/><W50/><G2/><T67/><D67/><N who="1" m="41071" /><E93/><V91/><F34/><W124/><G110/><T11/><D11/><U114/><E53/><V3/><F3/><W95/><G50/><T33/><D33/><U63/><E63/><N who="2" m="38007" /><F113/><W89/><G89/><T109/><D109/><U32/><E32/><V129/><F112/><W47/><G47/><T59/><REACH who="0" step="1"/><D15/><REACH who="0" ten="160,310,270,250" step="2"/><U121/><E114/><V22/><F22/><W60/><REACH who="3" step="1"/><G66/><REACH who="3" ten="160,310,270,240" step="2"/><T19/><D19/><U132/><E121/><AGARI ba="0,2" hai="49,52,54,55,59,78,83,86,98,100,106,121,122,123" machi="121" ten="40,5200,0" yaku="1,1,52,1,54,1,53,0" doraHai="46" doraHaiUra="38" who="0" fromWho="1" sc="160,72,310,-52,270,0,240,0" /><INIT seed="3,0,0,2,1,44" ten="232,258,270,240" oya="3" hai0="37,105,121,95,5,41,30,65,18,57,99,27,107" hai1="76,117,116,98,22,55,73,64,16,103,122,101,32" hai2="36,12,74,38,51,54,68,48,125,83,77,102,66" hai3="132,58,19,24,20,128,34,46,90,23,47,94,43"/><W59/><G132/><T15/><D121/><U118/><E32/><V71/><F125/><W127/><G127/><T69/><D5/><U7/><E122/><V110/><F110/><W86/><G128/><T108/><D108/><U79/><E64/><V25/><F102/><N who="1" m="38921" /><E7/><V100/><F100/><W42/><G34/><T82/><D69/><U45/><E98/><V114/><F114/><W92/><G92/><T17/><D82/><U14/><E73/><V67/><F25/><W53/><G23/><T33/><D18/><U9/><E9/><V50/><F54/><W13/><G24/><T2/><D2/><U113/><E113/><V123/><F123/><W88/><G90/><T28/><D28/><U8/><E8/><V72/><F12/><W134/><G134/><T11/><D95/><U133/><E133/><V115/><F115/><W85/><G86/><T40/><D99/><U49/><AGARI ba="0,0" hai="14,16,22,45,49,55,76,79,116,117,118" m="38921" machi="49" ten="40,5200,0" yaku="12,1,52,1,54,1" doraHai="44" who="1" fromWho="1" sc="232,-13,258,52,270,-13,240,-26" owari="219,-18.1,310,41.0,257,5.7,214,-28.6" /></mjloggm>