<mjloggm ver="2.3"><GO type="225" lobby="0"/><UN n0="%70%68%65%6E%6F%6D%65" n1="%E3%83%B4%E3%82%A3%E3%83%AF%E3%82%B3%E3%82%B0%E3%83%8B" n2="%E5%A4%8F%E9%88%B4%E9%88%B4%E5%A4%8F" n3="%E3%82%AF%E3%82%A3%E3%82%A6" dan="16,17,16,16" rate="2133.68,2197.57,2120.95,2096.19" sx="M,M,F,M"/><TAIKYOKU oya="0"/><INIT seed="0,0,0,4,0,39" ten="250,250,250,250" oya="0" hai0="77,1,10,25,16,23,33,18,64,109,5,112,15" hai1="132,130,36,103,96,72,11,37,68,73,26,85,50" hai2="133,7,121,12,116,131,21,79,125,91,17,43,29" hai3="94,30,56,57,117,107,40,105,99,106,123,9,51"/><T27/><D64/><U115/><E68/><V0/><F121/><W54/><G117/><T135/><D77/><U48/><E132/><V120/><F120/><W69/><G69/><T104/><D104/><U46/><E130/><V95/><F125/><W66/><G123/><T3/><D135/><U34/><E115/><V114/><F114/><W98/><G30/><N who="0" m="19663" /><D112/><U4/><E26/><V14/><F133/><W84/><G9/><N who="0" m="6255" /><D109/><U93/><E34/><V89/><F131/><W47/><G84/><T87/><D87/><U124/><E124/><V111/><F111/><W108/><G108/><T52/><D52/><U110/><E110/><V61/><F79/><W41/><G98/><T6/><D6/><U58/><E37/><V82/><F82/><W31/><G31/><T49/><D49/><U81/><E36/><V76/><F76/><W118/><G118/><T35/><D35/><U78/><E58/><V38/><F61/><W59/><REACH who="3" step="1"/><G66/><REACH who="3" ten="250,250,250,240" step="2"/><T75/><D75/><U88/><E72/><V22/><F29/><W74/><G74/><T86/><D86/><U119/><E119/><V60/><F116/><W67/><G67/><T80/><D80/><U55/><E73/><V97/><F97/><W32/><G32/><T92/><D92/><U101/><REACH who="1" step="1"/><E50/><REACH who="1" ten="250,240,250,240" step="2"/><V129/><F129/><W2/><G2/><AGARI ba="0,2" hai="1,2,3,5,10,18,23,27" m="6255,19663" machi="2" ten="30,18000,2" yaku="35,5,54,1" doraHai="39" who="0" fromWho="3" sc="250,200,240,0,250,0,240,-180" /><AGARI ba="0,0" hai="2,4,11,46,48,55,78,81,85,88,93,96,101,103" machi="2" ten="30,7700,0" yaku="1,1,2,1,7,1,54,1,53,0" doraHai="39" doraHaiUra="128" who="1" fromWho="3" sc="450,0,240,77,250,0,60,-77" owari="450,55.0,317,11.7,250,-15.0,-17,-51.7" /></mjloggm>