<mjloggm ver="2.3"><GO type="225" lobby="0"/><UN n0="%E3%83%96%E3%83%83%E3%83%91%E3%82%AA%E3%83%96%E3%83%81%E3%82%AD%E3%83%B3" n1="%E6%9C%88%E5%B3%B6%E5%9F%BA" n2="%E3%82%8F%E3%81%8B%E3%81%B0%2A%E3%82%AC%E3%83%BC%E3%83%AB" n3="%E7%99%BD%E5%80%89%E5%AF%9B%E4%B9%8B" dan="16,17,16,16" rate="2163.70,2209.49,2106.52,2175.14" sx="M,M,M,M"/><TAIKYOKU oya="0"/><INIT seed="0,0,0,5,0,7" ten="250,250,250,250" oya="0" hai0="120,119,107,36,61,22,104,90,54,27,84,89,9" hai1="39,19,20,87,64,13,69,48,45,100,70,52,86" hai2="83,94,97,57,81,0,65,15,126,124,1,109,80" hai3="24,99,127,121,72,62,32,51,29,60,67,38,16"/><T85/><D119/><U135/><E135/><V33/><F33/><W41/><G72/><T112/><D112/><U108/><E108/><V14/><F109/><W34/><G121/><T31/><D120/><U56/><E100/><V79/><F79/><W113/><G113/><T88/><D36/><U131/><E131/><V82/><N who="2" m="20480" /><DORA hai="74" /><V28/><F28/><W58/><G127/><N who="2" m="48681" /><F65/><W68/><G99/><T134/><D134/><U55/><E69/><V95/><F57/><W96/><G96/><T114/><D114/><U53/><E39/><V78/><F78/><W8/><G38/><T37/><D37/><U21/><E70/><V59/><F59/><W49/><G41/><T92/><D92/><N who="2" m="35370" /><F97/><W43/><G34/><T66/><D66/><U30/><E64/><V73/><F73/><W35/><G35/><T110/><D110/><U106/><E56/><V76/><F76/><W25/><G68/><T118/><D118/><U115/><E115/><V130/><F130/><W116/><G58/><N who="0" m="35031" /><D107/><U12/><E30/><V105/><F105/><W6/><G67/><T46/><D104/><U40/><E106/><V63/><F63/><W17/><G116/><T4/><D46/><U77/><E77/><V128/><F128/><W2/><G62/><T11/><D4/><U5/><E5/><V132/><F132/><W111/><G60/><T103/><D103/><U102/><E102/><V93/><N who="2" m="35378" /><V91/><DORA hai="129" /><F91/><W3/><G111/><T44/><D44/><U101/><E101/><V98/><F98/><W10/><G32/><T18/><D31/><U125/><E125/><RYUUKYOKU ba="0,0" sc="250,10,250,10,250,10,250,-30" hai0="9,11,18,22,27,84,85,88,89,90" hai1="12,13,19,20,21,40,45,48,52,53,55,86,87" hai2="0,1,14,15" /><INIT seed="0,1,0,1,4,13" ten="260,260,260,220" oya="0" hai0="86,85,129,8,5,18,32,83,102,28,98,95,67" hai1="58,124,88,77,37,62,135,79,94,92,104,76,90" hai2="0,66,115,70,108,40,125,33,10,3,39,114,21" hai3="113,110,65,84,7,74,36,4,23,19,78,105,134"/><T1/><D129/><U55/><E104/><V69/><F33/><W99/><G74/><T121/><D121/><U53/><E37/><V80/><F108/><W106/><G36/><T45/><D67/><U38/><E38/><V64/><F125/><W109/><G113/><T20/><D83/><U119/><E119/><V68/><F80/><N who="3" m="47127" /><G65/><N who="2" m="25193" /><F21/><W118/><G118/><T82/><D45/><U54/><E135/><V91/><F10/><W132/><G99/><T48/><D48/><U52/><E124/><V56/><F91/><AGARI ba="1,0" hai="52,53,54,55,58,62,76,77,79,88,90,91,92,94" machi="91" ten="40,5200,0" yaku="8,1,54,2" doraHai="13" who="1" fromWho="2" sc="260,0,260,55,260,-55,220,0" /><INIT seed="1,0,0,5,5,45" ten="260,315,205,220" oya="1" hai0="67,54,24,115,104,13,26,8,58,76,59,71,50" hai1="48,114,94,2,130,30,86,124,123,40,21,121,37" hai2="134,23,34,103,25,122,120,0,27,17,19,126,91" hai3="55,79,70,43,10,16,56,89,100,65,95,111,38"/><U22/><E114/><V105/><F126/><W102/><G111/><T41/><D115/><U18/><E37/><V116/><F116/><W32/><G32/><T61/><D104/><U132/><E2/><V29/><F134/><W119/><G79/><T99/><D41/><U31/><E124/><V87/><F0/><W4/><G119/><T57/><D76/><U9/><E132/><V84/><F84/><W90/><G90/><T44/><REACH who="0" step="1"/><D99/><REACH who="0" ten="250,315,205,220" step="2"/><U109/><E40/><V82/><REACH who="2" step="1"/><F17/><AGARI ba="0,1" hai="8,13,17,24,26,44,50,54,57,58,59,61,67,71" machi="17" ten="40,5200,0" yaku="1,1,2,1,52,1,53,0" doraHai="45" doraHaiUra="92" who="0" fromWho="2" sc="250,62,315,0,205,-52,220,0" /><INIT seed="2,0,0,3,3,104" ten="312,315,153,220" oya="2" hai0="91,1,10,9,30,121,53,105,11,112,43,52,101" hai1="0,2,49,85,15,99,90,111,77,109,38,95,32" hai2="131,97,39,33,122,125,40,56,57,100,128,102,70" hai3="75,89,78,27,8,50,28,68,110,126,14,46,41"/><V118/><F118/><W37/><G68/><T21/><D121/><U34/><E38/><V103/><F122/><W16/><G110/><N who="1" m="41994" /><E15/><V76/><F125/><W114/><G126/><T13/><D112/><U92/><E49/><V96/><F70/><W55/><G114/><T59/><D1/><N who="1" m="619" /><E77/><V116/><F116/><W119/><G119/><T117/><D117/><U36/><E36/><V120/><F120/><W113/><G89/><AGARI ba="0,0" hai="32,34,85,89,90,92,95,99" m="619,41994" machi="89" ten="30,1000,0" yaku="14,1" doraHai="104" who="1" fromWho="3" sc="312,0,315,10,153,0,220,-10" /><INIT seed="3,0,0,0,4,73" ten="312,325,153,210" oya="3" hai0="95,1,47,38,49,4,116,89,9,99,19,106,18" hai1="22,45,104,122,31,13,46,53,24,27,87,65,67" hai2="109,48,76,134,32,117,77,5,59,70,52,121,56" hai3="36,107,68,10,80,28,2,133,92,23,42,58,71"/><W74/><G107/><T83/><D116/><U132/><E122/><V50/><F117/><W12/><G133/><T21/><D106/><U40/><E104/><V103/><F70/><W98/><G58/><N who="2" m="22057" /><F32/><W94/><G23/><T129/><D129/><U110/><E110/><V30/><F109/><W75/><G28/><T33/><D33/><U37/><E132/><V43/><F134/><W7/><G12/><T114/><D114/><U51/><E13/><V15/><F121/><W101/><G92/><T81/><D38/><U63/><E63/><V62/><F103/><W111/><G75/><T102/><D102/><U123/><E123/><V69/><F69/><W130/><G130/><T11/><D11/><U113/><E113/><V135/><F135/><W97/><G97/><T82/><REACH who="0" step="1"/><D21/><REACH who="0" ten="302,325,153,210" step="2"/><U35/><E87/><V14/><F30/><AGARI ba="0,1" hai="22,24,27,30,31,35,37,40,45,46,51,53,65,67" machi="30" ten="30,1000,0" yaku="7,1" doraHai="73" who="1" fromWho="2" sc="302,0,325,20,153,-10,210,0" owari="302,10.2,345,44.5,143,-35.7,210,-19.0" /></mjloggm>