<mjloggm ver="2.3"><GO type="225" lobby="0"/><UN n0="%E6%81%A5%E6%99%92%E3%81%97" n1="%E6%97%A5%E6%9B%9C%E6%97%A5%E3%82%88%E3%82%8A%E3%81%AE%E4%BD%BF%E8%80%85" n2="%E6%98%93%E5%88%A9%E8%96%A9%E4%BC%AF" n3="%E3%81%8A%E3%81%99%E3%81%A8%E3%82%8D%E3%82%93" dan="17,16,17,16" rate="2162.13,2137.93,2153.19,2062.38" sx="M,M,F,M"/><TAIKYOKU oya="0"/><INIT seed="0,0,0,2,1,24" ten="250,250,250,250" oya="0" hai0="113,94,127,107,14,95,101,46,131,70,117,49,92" hai1="0,99,16,102,29,75,106,120,90,7,104,125,68" hai2="33,103,62,72,121,91,20,9,93,134,71,78,83" hai3="64,124,57,98,114,8,108,4,80,76,36,3,17"/><T122/><D113/><U82/><E120/><V43/><F121/><W10/><G114/><T54/><D122/><U110/><E68/><V55/><F33/><W111/><G36/><T119/><D127/><U81/><E125/><V130/><F130/><W22/><G10/><T86/><D131/><U89/><E7/><V21/><F43/><W74/><G98/><T112/><D112/><U25/><E0/><V105/><F134/><W18/><G124/><T85/><D70/><U129/><E129/><V52/><F9/><W42/><G42/><T133/><D133/><U34/><E110/><N who="3" m="42026" /><G22/><T56/><D107/><U38/><E38/><V66/><F20/><W5/><G5/><T37/><D37/><U35/><E35/><V63/><F63/><AGARI ba="0,0" hai="3,4,8,17,18,57,63,64,74,76,80" m="42026" machi="63" ten="30,1000,0" yaku="14,1" doraHai="24" who="3" fromWho="2" sc="250,0,250,0,250,-10,250,10" /><INIT seed="1,0,0,1,3,102" ten="250,250,240,260" oya="1" hai0="131,17,76,66,84,93,96,27,75,16,104,95,1" hai1="47,117,25,58,100,4,127,11,115,118,88,41,55" hai2="129,35,89,57,19,123,7,81,70,32,63,42,34" hai3="90,113,135,61,6,121,68,45,44,72,53,22,31"/><U51/><E115/><V5/><F123/><W39/><G121/><T37/><D37/><U46/><E127/><V125/><F70/><W9/><G113/><T105/><D1/><U67/><E100/><V3/><F129/><W85/><G72/><T15/><D131/><U78/><E78/><V12/><F42/><W111/><G39/><T134/><D75/><U130/><E130/><V23/><F3/><W36/><G36/><T2/><D2/><U65/><E25/><V91/><F125/><W54/><G111/><T29/><D134/><U8/><E118/><V21/><F21/><W124/><G68/><T59/><D93/><U30/><E30/><V28/><F28/><W80/><G124/><T73/><D73/><U122/><E117/><V87/><REACH who="2" step="1"/><F89/><REACH who="2" ten="250,250,230,260" step="2"/><W74/><G22/><T13/><D29/><U49/><E122/><V132/><F132/><W94/><G31/><T33/><D33/><U92/><E11/><V24/><F24/><W60/><G135/><T101/><D27/><U43/><E8/><V14/><F14/><W20/><G90/><T110/><D13/><U71/><E71/><V69/><F69/><W82/><G20/><T56/><D15/><U126/><E126/><V62/><F62/><W98/><G61/><T52/><D17/><U119/><E119/><V50/><F50/><W64/><G60/><T108/><D16/><U133/><E133/><V109/><F109/><W112/><G9/><T48/><D108/><U18/><E18/><V97/><F97/><W26/><G98/><T103/><D110/><U38/><E4/><V99/><F99/><AGARI ba="0,1" hai="38,41,43,46,47,49,51,55,58,65,67,88,92,99" machi="99" ten="30,5800,0" yaku="6,1,7,1,54,1" doraHai="102" who="1" fromWho="2" sc="250,0,250,68,230,-58,260,0" /><INIT seed="1,1,0,0,0,69" ten="250,318,172,260" oya="1" hai0="43,65,90,64,85,103,133,100,84,61,27,15,76" hai1="83,131,0,44,96,105,31,3,73,94,98,82,74" hai2="35,63,114,80,4,111,129,128,42,36,13,56,32" hai3="87,101,70,112,95,92,123,79,24,117,58,121,12"/><U2/><E131/><N who="2" m="50251" /><F80/><W75/><G70/><T99/><D133/><U21/><E105/><V130/><N who="2" m="50259" /><V23/><DORA hai="125" /><F111/><W116/><G112/><T132/><D132/><U34/><E83/><V88/><F114/><W48/><G12/><T57/><D43/><U1/><E82/><V40/><F88/><W67/><G75/><T33/><D27/><U7/><E74/><V16/><F4/><W86/><G79/><T93/><D33/><N who="2" m="12874" /><F36/><W135/><G87/><T38/><D38/><U10/><E73/><V19/><F19/><W46/><G86/><T126/><D85/><U102/><E7/><V14/><F14/><W29/><G135/><T37/><D15/><U62/><E0/><V49/><F49/><W78/><G78/><T115/><D37/><U11/><E1/><V109/><F109/><W66/><G48/><T104/><D76/><U89/><E2/><V71/><F71/><W45/><G121/><T41/><D84/><U54/><E3/><V55/><AGARI ba="1,0" hai="13,16,23,40,42,55,56,63" m="12874,50259" machi="55" ten="50,12000,2" yaku="19,1,52,4,54,1" doraHai="69,125" who="2" fromWho="2" sc="250,-31,318,-61,172,123,260,-31" /><INIT seed="2,0,0,2,4,6" ten="219,257,295,229" oya="2" hai0="130,36,98,134,34,122,71,41,89,32,124,31,132" hai1="29,115,4,82,74,69,44,13,37,0,51,11,66" hai2="67,102,64,106,19,59,47,128,38,126,112,8,57" hai3="28,42,92,39,30,33,35,116,53,54,107,48,55"/><V56/><F112/><W114/><G107/><T133/><D122/><U135/><E115/><V131/><F106/><W105/><G105/><T120/><D120/><U62/><E135/><N who="0" m="34561" /><T111/><DORA hai="63" /><D111/><U2/><E29/><V79/><F102/><W20/><G114/><T129/><D124/><U78/><REACH who="1" step="1"/><E37/><REACH who="1" ten="219,247,295,229" step="2"/><V23/><F38/><W15/><G39/><T49/><D36/><U93/><E93/><V70/><F126/><W21/><G30/><T75/><D31/><U26/><E26/><V14/><F131/><N who="0" m="50186" /><D75/><U16/><E16/><V95/><F19/><W94/><G28/><T22/><D22/><U1/><E1/><V104/><F23/><W80/><G21/><T108/><D108/><U83/><E83/><V45/><F128/><W73/><G20/><T85/><D34/><U3/><E3/><V103/><F104/><W9/><G80/><T52/><D32/><U25/><E25/><V123/><F95/><W77/><G33/><T68/><D98/><U91/><E91/><V5/><F123/><W86/><G35/><T58/><D41/><AGARI ba="0,1" hai="0,2,4,11,13,41,44,51,62,66,69,74,78,82" machi="41" ten="30,7700,0" yaku="1,1,7,1,52,2,53,0" doraHai="6,63" doraHaiUra="81,88" who="1" fromWho="0" sc="219,-77,247,87,295,0,229,0" /><INIT seed="3,0,0,3,3,53" ten="142,334,295,229" oya="3" hai0="29,70,133,28,45,58,47,110,88,38,77,98,72" hai1="56,26,7,128,113,83,124,65,21,30,92,10,25" hai2="112,57,130,102,80,119,50,1,27,79,23,35,106" hai3="42,3,46,9,109,100,96,105,87,132,64,97,75"/><W68/><G132/><T81/><D70/><U61/><E113/><V41/><F1/><W63/><G75/><T20/><D133/><U121/><E121/><V22/><F119/><W114/><G114/><T93/><D110/><U74/><E124/><V15/><F130/><W17/><G109/><T89/><D89/><U125/><E125/><V39/><F39/><W48/><G96/><T127/><D127/><U94/><E128/><V78/><F35/><W131/><G131/><T86/><D38/><U54/><E74/><V49/><F106/><W82/><G17/><T32/><D32/><U129/><E129/><V33/><F33/><W111/><G111/><T55/><D72/><U59/><E26/><V24/><F15/><W52/><G9/><T4/><D4/><U123/><E83/><V107/><F107/><W115/><G3/><T126/><D126/><U99/><E99/><V71/><F71/><W134/><G134/><T11/><D11/><U73/><E73/><V18/><F102/><W91/><REACH who="3" step="1"/><G115/><REACH who="3" ten="142,334,295,219" step="2"/><T84/><D98/><U6/><E123/><V76/><F18/><W8/><G8/><T16/><D29/><U19/><E30/><V95/><F112/><W101/><G101/><T60/><D28/><U13/><E6/><V90/><F27/><AGARI ba="0,1" hai="16,20,27,45,47,55,58,60,77,81,84,86,88,93" machi="27" ten="30,8000,1" yaku="7,1,8,1,52,1,54,2" doraHai="53" who="0" fromWho="2" sc="142,90,334,0,295,-80,219,0" owari="232,3.2,334,43.4,215,-28.5,219,-18.1" /></mjloggm>