<mjloggm ver="2.3"><GO type="225" lobby="0"/><UN n0="%E5%A4%8F%E9%88%B4%E9%88%B4%E5%A4%8F" n1="%43%68%65" n2="%E6%A5%93%E4%BB%8B" n3="%E6%98%93%E5%88%A9%E8%96%A9%E4%BC%AF" dan="16,16,17,17" rate="2159.63,2197.20,2096.84,2207.79" sx="F,M,M,F"/><TAIKYOKU oya="0"/><INIT seed="0,0,0,3,3,46" ten="250,250,250,250" oya="0" hai0="125,78,58,74,134,131,103,36,95,105,126,73,2" hai1="10,90,82,7,72,42,108,129,16,84,41,18,13" hai2="128,50,55,15,87,56,49,30,61,17,31,93,135" hai3="19,121,112,80,21,86,79,124,64,23,32,14,6"/><T116/><D116/><U98/><E108/><V127/><F127/><N who="0" m="48650" /><D36/><U114/><E129/><V69/><F135/><W12/><G124/><T118/><D2/><U40/><E114/><V77/><F128/><W5/><G32/><T1/><D1/><U62/><E72/><V44/><F69/><W68/><G112/><T54/><D118/><U119/><E119/><V120/><F120/><W91/><G121/><T4/><D4/><U52/><E98/><V132/><F132/><W109/><G109/><T11/><D11/><U71/><E71/><V60/><F31/><W70/><G70/><T39/><D131/><U94/><E82/><N who="2" m="47567" /><F93/><W67/><G79/><T27/><D39/><U111/><E111/><V66/><F30/><W75/><G75/><T63/><D78/><U48/><E62/><V38/><F38/><W115/><G115/><T59/><D105/><U97/><E97/><V130/><F130/><W117/><G117/><T122/><D122/><U101/><E101/><V88/><F88/><W57/><G68/><T83/><D83/><U133/><E133/><V45/><F61/><W96/><G96/><N who="0" m="59807" /><D134/><U0/><E0/><V113/><F113/><W8/><G80/><T106/><D106/><U100/><E100/><V123/><F123/><W76/><G76/><T3/><D3/><U20/><E20/><N who="2" m="11327" /><F66/><W34/><G67/><N who="0" m="39415" /><D27/><U85/><E85/><V51/><AGARI ba="0,0" hai="44,45,49,50,51,55,56,60" m="11327,47567" machi="51" ten="30,7900,0" yaku="8,1,52,3" doraHai="46" who="2" fromWho="2" sc="250,-39,250,-20,250,79,250,-20" /><INIT seed="1,0,0,2,4,94" ten="211,230,329,230" oya="1" hai0="123,22,111,67,42,41,29,87,20,25,17,50,38" hai1="112,108,133,59,129,28,68,116,121,65,33,98,40" hai2="45,78,48,88,37,126,1,36,55,6,14,103,69" hai3="5,19,113,99,10,74,12,47,35,119,85,0,60"/><U84/><E112/><V9/><F69/><W81/><G113/><T18/><D111/><U96/><E116/><V11/><F126/><W23/><G119/><T110/><D110/><U52/><E108/><V51/><F78/><W16/><G35/><T102/><D123/><U21/><E33/><V53/><F103/><W106/><G74/><T135/><D135/><U115/><E115/><V58/><F88/><W76/><G47/><T100/><D38/><U64/><E121/><V86/><F86/><W118/><G118/><T70/><D29/><U90/><E40/><N who="0" m="15465" /><D70/><U95/><E68/><V97/><F97/><N who="1" m="37481" /><E133/><V66/><F66/><N who="1" m="25705" /><E129/><V32/><F32/><W2/><G19/><AGARI ba="0,0" hai="1,6,9,11,14,19,36,37,45,48,51,53,55,58" machi="19" ten="30,1000,0" yaku="7,1" doraHai="94" who="2" fromWho="3" sc="211,0,230,0,329,10,230,-10" /><INIT seed="2,0,0,3,0,102" ten="211,230,339,220" oya="2" hai0="65,109,25,134,77,78,4,128,116,40,37,22,124" hai1="27,54,64,31,29,41,108,74,18,80,39,127,119" hai2="32,76,12,67,46,56,0,132,19,105,45,133,43" hai3="16,94,115,131,36,98,70,129,60,112,88,73,86"/><V49/><F32/><W121/><G36/><T44/><D109/><U58/><E119/><V118/><F0/><W99/><G121/><T33/><D116/><U104/><E108/><V89/><F76/><W106/><G70/><T10/><D128/><N who="3" m="49225" /><G73/><T107/><D134/><U57/><E104/><V61/><F118/><W20/><G60/><T123/><D123/><U48/><E127/><V71/><F71/><W51/><G51/><T125/><D33/><U63/><E74/><V135/><F46/><W81/><G106/><T110/><D65/><U24/><E80/><V122/><F122/><W52/><G52/><T5/><D5/><U96/><E96/><N who="3" m="36906" /><G94/><T62/><D62/><U14/><E41/><V6/><F105/><W101/><G101/><T75/><D75/><U59/><E59/><V21/><F89/><W2/><G2/><N who="0" m="279" /><D110/><U7/><E39/><V84/><F84/><W83/><G83/><T111/><D107/><U126/><E126/><N who="0" m="48745" /><D111/><U30/><REACH who="1" step="1"/><E7/><AGARI ba="0,0" hai="6,7,12,19,21,43,45,49,56,61,67,132,133,135" machi="7" ten="40,2000,0" yaku="20,1" doraHai="102" who="2" fromWho="1" sc="211,0,230,-20,339,20,220,0" /><INIT seed="2,1,0,2,1,64" ten="211,210,359,220" oya="2" hai0="37,68,60,16,125,98,30,11,19,15,82,130,4" hai1="78,9,29,12,107,128,46,6,28,75,26,132,89" hai2="3,48,7,115,74,77,57,88,52,22,84,8,44" hai3="106,120,67,58,110,90,41,113,86,20,129,100,32"/><V72/><F77/><W112/><G32/><T92/><D37/><U13/><E107/><V25/><F44/><W111/><G41/><T101/><D125/><U124/><E124/><V109/><F115/><N who="3" m="44107" /><G120/><T87/><D130/><U38/><E128/><V71/><F71/><W39/><G39/><T1/><D30/><U81/><E132/><V85/><F85/><W134/><G129/><T126/><D126/><U53/><E89/><V45/><F45/><W83/><G134/><T2/><D1/><N who="1" m="207" /><E53/><V33/><F33/><W35/><G20/><T103/><D103/><U18/><E18/><V49/><F49/><W119/><G35/><T102/><D102/><U93/><E93/><V51/><F51/><W24/><G24/><T42/><D42/><N who="1" m="22871" /><E29/><V105/><F105/><W96/><G119/><T95/><D92/><U127/><E127/><V40/><F40/><W54/><G67/><T56/><D2/><U70/><E70/><V17/><F109/><W131/><G131/><T5/><D68/><U43/><E43/><V97/><REACH who="2" step="1"/><F97/><REACH who="2" ten="211,210,349,220" step="2"/><W59/><G59/><T133/><D133/><U76/><E76/><V14/><F14/><W0/><G0/><T21/><D56/><U27/><E27/><V135/><F135/><W34/><G34/><AGARI ba="1,1" hai="12,13,26,28,34,75,78,81" m="22871,207" machi="34" ten="30,1000,0" yaku="25,1" doraHai="64" who="1" fromWho="3" sc="211,0,210,23,349,0,220,-13" /><INIT seed="3,0,0,1,5,78" ten="211,233,349,207" oya="3" hai0="86,96,98,105,87,44,49,31,37,103,68,59,69" hai1="83,17,3,100,92,94,108,28,84,133,50,89,104" hai2="56,33,0,40,67,38,74,61,12,132,29,2,72" hai3="14,41,15,116,79,111,124,125,48,90,106,63,126"/><W73/><G116/><T47/><D31/><U19/><E3/><N who="2" m="1067" /><F56/><W107/><G111/><T58/><D37/><U81/><E108/><V52/><F52/><W9/><G63/><T65/><D65/><U42/><E133/><V70/><F12/><W112/><G112/><T128/><D49/><U23/><E104/><N who="3" m="39978" /><G90/><T32/><D105/><U51/><E28/><V115/><F132/><W62/><G62/><T121/><D103/><U24/><E17/><V25/><F115/><W114/><G114/><T34/><D128/><U45/><E51/><V66/><F66/><W85/><G85/><T76/><REACH who="0" step="1"/><D76/><REACH who="0" ten="201,233,349,207" step="2"/><U129/><E129/><V22/><F38/><W97/><G97/><AGARI ba="0,1" hai="19,23,24,42,45,50,81,83,84,89,92,94,97,100" machi="97" ten="40,5200,0" yaku="8,1,52,2" doraHai="78" who="1" fromWho="3" sc="201,0,233,62,349,0,207,-52" owari="201,-19.9,295,9.5,349,44.9,155,-34.5" /></mjloggm>