<mjloggm ver="2.3"><GO type="225" lobby="0"/><UN n0="%E3%83%B4%E3%82%A3%E3%83%AF%E3%82%B3%E3%82%B0%E3%83%8B" n1="%E5%8D%A0%E3%81%84%E5%B8%AB%E8%A3%8F%E3%81%AA%E3%81%84%E3%81%97" n2="%E7%9A%AE%E3%80%85" n3="%E3%82%AF%E3%82%A3%E3%82%A6" dan="17,17,16,16" rate="2243.47,2242.23,2135.35,2064.62" sx="M,M,F,M"/><TAIKYOKU oya="0"/><INIT seed="0,0,0,1,3,95" ten="250,250,250,250" oya="0" hai0="67,56,93,78,38,60,89,30,34,110,125,108,5" hai1="53,77,106,18,88,13,112,27,29,14,24,114,54" hai2="74,72,26,10,42,35,116,63,11,22,50,111,57" hai3="32,39,127,20,129,120,8,2,19,1,130,9,94"/><T98/><D38/><U84/><E106/><V51/><F111/><N who="0" m="42538" /><D125/><U28/><E77/><V65/><F116/><W105/><G105/><T135/><D135/><U23/><E54/><V16/><F35/><W96/><G39/><T7/><D78/><U134/><E53/><V119/><F119/><W109/><G109/><T45/><D45/><U62/><E62/><V55/><F42/><W61/><G127/><T133/><D133/><U115/><E134/><V103/><F103/><W75/><G75/><T123/><D123/><U117/><E117/><V41/><F41/><W58/><G120/><T21/><D34/><U44/><E44/><V122/><F122/><W6/><G32/><T82/><D82/><U71/><E71/><V43/><F72/><W12/><G130/><T107/><D107/><U101/><E101/><V64/><F74/><W97/><G129/><T33/><D33/><N who="1" m="20615" /><E29/><V47/><REACH who="2" step="1"/><F65/><REACH who="2" ten="250,250,240,250" step="2"/><W113/><G113/><T104/><D104/><U46/><E46/><AGARI ba="0,1" hai="10,11,16,22,26,43,46,47,50,51,55,57,63,64" machi="46" ten="30,8000,1" yaku="1,1,2,1,7,1,8,1,54,1,53,0" doraHai="95" doraHaiUra="81" who="2" fromWho="1" sc="250,0,250,-80,240,90,250,0" /><INIT seed="1,0,0,1,5,89" ten="250,170,330,250" oya="1" hai0="14,66,10,21,72,125,8,63,45,32,82,44,3" hai1="37,129,124,126,113,56,92,106,27,67,57,83,31" hai2="4,53,122,81,109,130,103,120,51,87,38,49,17" hai3="121,59,117,104,41,71,118,42,22,96,9,64,123"/><U7/><E113/><V70/><F38/><W99/><G9/><T94/><D32/><U132/><E106/><V55/><F70/><W105/><G22/><T62/><D125/><N who="1" m="48235" /><E37/><V18/><F4/><W80/><G59/><N who="1" m="22602" /><E83/><V16/><F103/><W61/><G80/><T93/><D3/><U107/><E107/><N who="3" m="41034" /><G61/><N who="0" m="23051" /><D66/><U84/><E67/><V60/><F60/><W101/><G64/><T2/><D2/><U111/><E129/><V74/><F74/><W131/><G131/><T11/><D72/><U90/><E132/><V112/><F130/><W23/><G23/><T52/><D82/><U12/><E111/><V100/><F109/><W76/><G76/><T88/><D52/><N who="2" m="20042" /><F112/><W108/><G108/><T135/><D135/><U58/><N who="1" m="22610" /><U0/><DORA hai="127" /><E0/><V26/><F120/><N who="3" m="46155" /><G101/><T128/><D128/><U48/><E48/><N who="2" m="18507" /><F100/><W40/><G71/><T13/><D44/><U115/><E115/><V20/><F122/><W1/><G1/><T110/><D45/><U133/><E133/><V33/><F33/><W79/><G79/><AGARI ba="0,0" hai="16,17,18,20,26,79,81,87" m="18507,20042" machi="79" ten="30,3900,0" yaku="8,1,54,2" doraHai="89,127" who="2" fromWho="3" sc="250,0,170,0,330,39,250,-39" /><INIT seed="2,0,0,2,1,129" ten="250,170,369,211" oya="2" hai0="71,84,70,8,45,62,67,40,121,3,55,26,58" hai1="23,21,33,74,11,50,124,127,61,77,18,73,131" hai2="111,99,24,112,43,0,88,54,6,15,75,25,80" hai3="97,36,10,56,64,14,42,103,57,60,106,30,76"/><V47/><F112/><W27/><G76/><T83/><D121/><U78/><E33/><V28/><F15/><W52/><G42/><T22/><D3/><U13/><E131/><V17/><F17/><W102/><G36/><T29/><D8/><U100/><E100/><V48/><F111/><W19/><G103/><T108/><D108/><U91/><E61/><V65/><F65/><W35/><REACH who="3" step="1"/><G52/><REACH who="3" ten="250,170,369,201" step="2"/><T115/><D55/><U126/><E50/><V34/><F54/><W105/><G105/><T117/><D40/><U37/><E37/><V41/><F43/><W125/><G125/><T98/><D45/><U107/><E107/><V31/><F47/><W38/><G38/><T130/><D130/><U44/><E44/><V122/><F41/><W85/><G85/><T96/><D96/><U104/><E104/><V16/><F99/><W32/><G32/><T2/><D98/><U68/><E91/><V7/><F88/><W114/><G114/><T92/><D115/><U94/><E94/><V81/><F48/><W116/><G116/><T95/><D95/><U51/><E51/><V101/><F101/><W39/><G39/><T63/><D117/><U120/><E120/><V46/><F122/><W53/><G53/><N who="0" m="34127" /><D92/><U110/><E110/><V109/><F109/><W134/><G134/><T5/><D84/><U89/><E89/><V1/><F34/><W132/><G132/><T87/><D87/><U133/><E133/><V135/><F135/><W128/><G128/><T86/><D86/><U4/><E126/><V20/><F46/><W9/><G9/><N who="0" m="2231" /><D83/><U93/><E127/><RYUUKYOKU ba="0,1" sc="250,15,170,-15,369,-15,201,15" hai0="22,26,29,63,67,70,71" hai3="10,14,19,27,30,35,56,57,60,64,97,102,106" /><INIT seed="3,1,1,1,4,132" ten="265,155,354,216" oya="3" hai0="7,78,0,31,61,91,17,119,85,2,74,84,3" hai1="47,40,97,54,69,10,66,60,59,86,50,72,36" hai2="26,102,38,28,130,118,56,120,39,133,37,15,82" hai3="24,81,41,134,46,35,101,18,55,8,128,16,88"/><W87/><G128/><T49/><D119/><U107/><E72/><V90/><F118/><W73/><G134/><T79/><D74/><U58/><E86/><V131/><F133/><W115/><G115/><T106/><D106/><U65/><E10/><V125/><F102/><W12/><G101/><T25/><D7/><U68/><E97/><V33/><F120/><W83/><G55/><T20/><D61/><N who="1" m="39983" /><E107/><V98/><F56/><AGARI ba="1,1" hai="36,40,47,50,54,56,58,59,60,66,69" m="39983" machi="56" ten="30,12000,2" yaku="24,1,35,5" doraHai="132" who="1" fromWho="2" sc="265,0,155,133,354,-123,216,0" /><INIT seed="4,0,0,2,4,54" ten="265,288,231,216" oya="0" hai0="29,104,108,25,59,12,86,55,27,95,113,122,46" hai1="43,89,30,57,48,45,22,79,35,61,82,24,119" hai2="36,71,99,78,132,116,125,34,109,5,100,2,33" hai3="69,106,131,111,73,94,112,28,75,123,16,15,65"/><T18/><D113/><U88/><E35/><V6/><F109/><W64/><G111/><T135/><D108/><U52/><E119/><V107/><F116/><W17/><G106/><T0/><D135/><U103/><E103/><V126/><F132/><W53/><G112/><T42/><D0/><U97/><E97/><V19/><F19/><W134/><G134/><T85/><D104/><U13/><E13/><V120/><F120/><W60/><G131/><T114/><D122/><U92/><E92/><V50/><F50/><W58/><G123/><T128/><D128/><U3/><E3/><V68/><F78/><W80/><G28/><T117/><D114/><U47/><E47/><V10/><F6/><W110/><G110/><T133/><D117/><U20/><E22/><V32/><REACH who="2" step="1"/><F36/><REACH who="2" ten="265,288,221,216" step="2"/><W62/><G17/><T105/><D133/><U51/><E48/><V76/><F76/><W72/><G94/><T67/><D95/><U83/><E83/><V98/><F98/><W66/><REACH who="3" step="1"/><G80/><REACH who="3" ten="265,288,221,206" step="2"/><T56/><D105/><U118/><E118/><V40/><F40/><W8/><AGARI ba="0,2" hai="8,15,16,53,58,60,62,64,65,66,69,72,73,75" machi="8" ten="30,8000,1" yaku="1,1,2,1,0,1,52,1,54,1,53,0" doraHai="54" doraHaiUra="84" who="3" fromWho="3" sc="265,-40,288,-20,221,-20,206,100" owari="225,-17.5,268,6.8,201,-29.9,306,40.6" /></mjloggm>