<mjloggm ver="2.3"><GO type="225" lobby="0"/><UN n0="%E3%81%BF%E3%81%BF%E3%81%9A" n1="%77%72%77%72%77%72%77%72" n2="%E7%89%B9%E6%9D%B1%E3%81%AF%E4%B8%96%E7%95%8C%E3%82%92%E6%95%91%E3%81%86" n3="%70%6F%69%73%6F%6E%30%32" dan="17,17,16,16" rate="2185.08,2173.22,2167.49,2107.34" sx="M,M,M,M"/><TAIKYOKU oya="0"/><INIT seed="0,0,0,1,2,69" ten="250,250,250,250" oya="0" hai0="116,37,64,65,32,52,4,88,14,134,77,129,18" hai1="109,121,47,87,62,63,123,112,51,25,117,75,17" hai2="91,86,84,44,110,78,131,71,13,79,89,26,100" hai3="35,20,3,81,29,128,39,124,73,130,21,50,67"/><T56/><D116/><U58/><E117/><V53/><F71/><W111/><G3/><T11/><D129/><N who="3" m="49769" /><G111/><T49/><D134/><U92/><E75/><V7/><F131/><W85/><G124/><T41/><D77/><U101/><E109/><V68/><F68/><W80/><G67/><T72/><D72/><U30/><E112/><V97/><F110/><W114/><G114/><T23/><D32/><U90/><E17/><V127/><F127/><W59/><G39/><T34/><D34/><U118/><E101/><V45/><F26/><N who="3" m="18871" /><G81/><T8/><D8/><U98/><E98/><V48/><F45/><W66/><G73/><T94/><D41/><U132/><E62/><V74/><F74/><W70/><G70/><T6/><D37/><U93/><E132/><V54/><F54/><N who="3" m="32215" /><G66/><N who="0" m="25707" /><D11/><U57/><E118/><V43/><F43/><W113/><G113/><T15/><D15/><U61/><E121/><V103/><F13/><W104/><G104/><T108/><D108/><U102/><E123/><V105/><F105/><W55/><G55/><T96/><AGARI ba="0,0" hai="4,6,14,18,23,49,52,56,88,94,96" m="25707" machi="96" ten="30,6000,0" yaku="8,1,54,2" doraHai="69" who="0" fromWho="0" sc="250,60,250,-20,250,-20,250,-20" /><INIT seed="0,1,0,4,1,79" ten="310,230,230,230" oya="0" hai0="53,52,13,24,17,39,119,57,65,45,20,114,110" hai1="43,132,27,11,94,121,54,64,55,87,71,31,38" hai2="104,108,59,15,70,68,111,83,125,133,67,32,130" hai3="69,3,123,50,128,46,95,18,116,107,113,60,41"/><T100/><D114/><U72/><E72/><V134/><F32/><W106/><G123/><T101/><D119/><U25/><E121/><V90/><F104/><W103/><G116/><T88/><D110/><N who="2" m="42026" /><F15/><W7/><G113/><T86/><D39/><U89/><E132/><N who="2" m="50795" /><F130/><W6/><G128/><T8/><D65/><U33/><E27/><V30/><F30/><W115/><G115/><T9/><D45/><U74/><E74/><V124/><F90/><W42/><G42/><T126/><D126/><N who="2" m="48746" /><F83/><W0/><G107/><T29/><D8/><U117/><E11/><V85/><F85/><W34/><G106/><T1/><D1/><U12/><E12/><V78/><F78/><W4/><G34/><T97/><D97/><U131/><E117/><V40/><F40/><W56/><G18/><T92/><D53/><U75/><E75/><V105/><F105/><W51/><G3/><T135/><D135/><U35/><E35/><V26/><F26/><W58/><G0/><T37/><D37/><U102/><E102/><V10/><F10/><W109/><G109/><T62/><AGARI ba="1,0" hai="9,13,17,20,24,29,52,57,62,86,88,92,100,101" machi="62" ten="20,12000,1" yaku="0,1,7,1,8,1,54,2" doraHai="79" who="0" fromWho="0" sc="310,123,230,-41,230,-41,230,-41" /><INIT seed="0,2,0,5,5,67" ten="433,189,189,189" oya="0" hai0="40,48,10,71,108,92,129,81,115,94,122,133,59" hai1="95,120,34,128,29,42,15,33,72,97,114,124,38" hai2="70,32,89,102,53,22,0,39,44,107,74,31,116" hai3="36,2,73,91,66,60,11,47,100,49,88,93,98"/><T3/><D115/><U51/><E120/><V6/><F74/><W56/><G73/><T125/><D122/><U45/><E114/><V27/><F70/><W99/><G36/><T69/><D81/><U21/><E128/><V23/><F116/><W20/><G20/><T63/><D129/><U46/><E124/><V96/><F89/><W131/><G131/><T61/><D125/><U35/><E72/><V14/><F0/><W123/><G123/><T18/><D133/><U118/><E118/><V54/><F54/><W87/><G11/><T5/><D108/><U13/><E21/><V24/><F24/><W58/><G2/><T130/><D130/><U101/><REACH who="1" step="1"/><E29/><REACH who="1" ten="433,179,189,189" step="2"/><V85/><F23/><W134/><G134/><T77/><D10/><U117/><E117/><V83/><F22/><W113/><G113/><T119/><D119/><U84/><E84/><V26/><F31/><W75/><G75/><T30/><D30/><U1/><E1/><V106/><F85/><W17/><G99/><T50/><D3/><U41/><AGARI ba="2,1" hai="13,15,33,34,35,38,41,42,45,46,51,95,97,101" machi="41" ten="40,2700,0" yaku="1,1,0,1,53,0" doraHai="67" doraHaiUra="110" who="1" fromWho="1" sc="433,-15,179,43,189,-9,189,-9" /><INIT seed="1,0,0,1,4,98" ten="418,222,180,180" oya="1" hai0="18,42,29,101,53,125,132,32,59,33,113,52,50" hai1="112,40,66,6,76,74,81,92,104,1,124,70,96" hai2="3,2,108,105,31,79,20,55,122,8,41,84,109" hai3="127,4,135,102,43,45,58,13,24,73,21,15,65"/><U82/><E112/><V11/><F105/><W9/><G73/><T68/><D113/><U38/><E124/><V49/><F41/><W87/><G127/><T118/><D118/><U56/><E82/><N who="2" m="47199" /><F122/><W77/><G135/><T12/><D125/><U97/><E104/><V69/><F69/><W119/><G119/><T99/><D132/><U48/><E70/><V128/><F31/><W14/><G102/><T133/><D42/><U131/><E131/><V23/><F20/><W37/><G65/><T28/><D68/><U25/><E25/><V62/><F62/><W90/><G58/><T85/><D133/><U107/><E107/><V123/><F23/><W106/><G77/><T10/><D85/><U44/><E92/><V26/><F26/><W63/><G63/><N who="0" m="36327" /><D33/><U72/><E72/><V126/><F123/><W30/><REACH who="3" step="1"/><G106/><REACH who="3" ten="418,222,180,170" step="2"/><T134/><D134/><U110/><E66/><V16/><F126/><W60/><G60/><T95/><D32/><U47/><E56/><AGARI ba="0,1" hai="10,12,18,28,29,50,53,56,95,99,101" m="36327" machi="56" ten="30,3900,0" yaku="8,1,52,1,54,1" doraHai="98" who="0" fromWho="1" sc="418,49,222,-39,180,0,170,0" /><INIT seed="2,0,0,2,4,31" ten="467,183,180,170" oya="2" hai0="130,93,59,44,58,10,24,116,33,111,122,66,29" hai1="25,49,32,46,105,14,127,21,17,38,28,20,43" hai2="8,9,86,123,39,115,92,26,30,22,129,107,65" hai3="76,97,52,4,87,94,73,132,50,23,3,82,74"/><V81/><F115/><W78/><G132/><T19/><D122/><U64/><E105/><V37/><F123/><W90/><G23/><T114/><D114/><U60/><E127/><V41/><F107/><W34/><G34/><T91/><D130/><U112/><E112/><V89/><F129/><W84/><G4/><T101/><D101/><U54/><E38/><V51/><F65/><W83/><REACH who="3" step="1"/><G3/><REACH who="3" ten="467,183,180,160" step="2"/><T88/><D33/><U63/><E32/><V0/><F0/><W55/><G55/><T40/><D10/><U106/><E106/><V79/><F37/><W126/><G126/><T117/><D116/><U77/><E54/><V71/><F39/><W48/><G48/><T135/><D117/><U16/><E28/><V68/><F9/><W70/><G70/><T128/><D29/><U5/><E5/><V42/><F8/><W75/><G75/><T36/><D135/><U102/><E64/><V95/><F51/><W103/><G103/><T13/><D128/><U96/><E102/><V99/><REACH who="2" step="1"/><F92/><REACH who="2" ten="467,183,170,160" step="2"/><W11/><G11/><N who="0" m="6591" /><D93/><U12/><E49/><V119/><F119/><W35/><G35/><T85/><D66/><U110/><E25/><V131/><F131/><W47/><AGARI ba="0,2" hai="47,50,52,73,74,76,78,82,83,84,87,90,94,97" machi="47" ten="20,8000,1" yaku="1,1,0,1,7,1,9,1,54,1,53,0" doraHai="31" doraHaiUra="18" who="3" fromWho="3" sc="467,-20,183,-20,170,-40,160,100" /><INIT seed="3,0,0,3,3,69" ten="447,163,130,260" oya="3" hai0="112,122,14,79,26,120,24,1,94,81,63,66,41" hai1="126,39,9,77,116,10,96,104,44,123,64,67,34" hai2="84,98,59,127,65,89,70,105,5,132,92,62,50" hai3="121,33,18,115,40,125,45,113,58,93,11,7,51"/><W21/><G33/><T56/><D1/><U20/><E123/><V73/><F132/><W6/><G121/><T49/><D112/><U135/><E34/><V31/><F127/><W118/><G118/><T71/><D122/><U48/><E39/><V3/><F31/><W55/><G93/><T78/><D120/><U90/><E135/><V35/><F35/><W61/><G7/><T133/><D133/><U111/><E111/><V46/><F73/><W128/><G128/><T54/><D79/><U114/><E114/><V23/><F23/><W99/><G99/><T119/><D119/><U103/><E126/><V110/><F110/><W88/><G88/><T27/><D14/><U37/><E37/><V108/><F108/><W38/><G61/><T76/><D81/><U107/><E107/><V60/><F3/><W4/><G4/><T13/><D13/><U100/><E77/><V43/><F5/><W101/><G101/><N who="1" m="38986" /><E20/><V17/><F17/><W130/><G130/><T25/><D25/><U82/><E104/><V109/><F109/><W36/><G36/><T32/><D32/><U106/><E106/><V102/><REACH who="2" step="1"/><F62/><REACH who="2" ten="447,163,120,260" step="2"/><W57/><G125/><T30/><D94/><N who="1" m="56407" /><E116/><V0/><F0/><W2/><G2/><T68/><D68/><U19/><E82/><V74/><F74/><W85/><G6/><T53/><D30/><U8/><E19/><V131/><F131/><W52/><G18/><T117/><D117/><U124/><E124/><V86/><F86/><W16/><G85/><T42/><D54/><AGARI ba="0,1" hai="8,9,10,44,48,54,64,67" m="56407,38986" machi="54" ten="30,1000,0" yaku="8,1" doraHai="69" who="1" fromWho="0" sc="447,-10,163,20,120,0,260,0" owari="437,53.7,183,-21.7,120,-38.0,260,6.0" /></mjloggm>