<mjloggm ver="2.3"><GO type="225" lobby="0"/><UN n0="%E3%82%A4%E3%83%BC%E3%82%B1%E3%83%97%E3%83%A9" n1="%40%77%61%6B%61" n2="%E3%83%96%E3%83%83%E3%83%91%E3%82%AA%E3%83%96%E3%83%81%E3%82%AD%E3%83%B3" n3="%E3%81%8B%E3%82%8F%E3%81%A1%E3%82%83%E3%82%93%35%38" dan="17,16,16,16" rate="2215.80,2084.76,2203.00,2122.64" sx="M,M,M,M"/><TAIKYOKU oya="0"/><INIT seed="0,0,0,2,2,52" ten="250,250,250,250" oya="0" hai0="94,76,36,2,33,83,125,68,106,31,35,124,128" hai1="51,4,89,47,130,133,16,63,56,41,104,78,114" hai2="84,62,58,111,131,38,92,103,27,64,85,97,66" hai3="110,122,127,59,98,123,20,9,109,43,91,88,11"/><T5/><D106/><U18/><E114/><V120/><F120/><N who="3" m="46123" /><G43/><T0/><D68/><U7/><E130/><V79/><F111/><N who="3" m="42507" /><G127/><N who="0" m="48715" /><D36/><U61/><E104/><V6/><F131/><W129/><G129/><T116/><D128/><U3/><E78/><V72/><F38/><W26/><G59/><T30/><D94/><U49/><E133/><V15/><F66/><W22/><G22/><T87/><D116/><U108/><E108/><V32/><F32/><N who="0" m="12362" /><D5/><N who="1" m="2123" /><E89/><N who="3" m="34378" /><G98/><T29/><AGARI ba="0,0" hai="0,2,29,30,31,76,83,87" m="12362,48715" machi="29" ten="40,2100,0" yaku="18,1" doraHai="52" who="0" fromWho="0" sc="250,21,250,-7,250,-7,250,-7" /><INIT seed="0,1,0,3,5,125" ten="271,243,243,243" oya="0" hai0="131,127,9,14,132,110,85,5,64,41,10,117,30" hai1="44,23,109,68,24,74,89,90,57,126,133,120,39" hai2="34,0,119,87,49,2,86,96,88,27,130,94,25" hai3="33,116,135,82,95,78,84,55,105,26,11,115,102"/><T59/><D117/><U118/><E57/><V75/><F75/><W81/><G116/><T58/><D127/><U32/><E44/><V35/><F119/><W48/><G115/><T63/><D132/><U80/><E23/><V52/><F130/><W76/><G105/><T22/><D110/><U40/><E40/><V71/><F71/><W70/><G70/><T42/><D131/><U16/><E16/><V54/><F96/><N who="3" m="59679" /><G33/><T12/><D85/><U72/><E24/><V29/><F87/><N who="3" m="48551" /><G135/><T36/><D36/><U114/><E89/><V73/><F73/><W17/><G26/><N who="0" m="16727" /><D59/><U112/><E90/><V103/><F103/><W77/><G77/><T79/><D79/><U61/><E80/><V93/><F93/><W113/><G113/><T67/><D67/><U69/><E61/><V31/><REACH who="2" step="1"/><F54/><REACH who="2" ten="271,243,233,243" step="2"/><W111/><G111/><T122/><D122/><U15/><E74/><V1/><F1/><W53/><G53/><T45/><D45/><AGARI ba="1,1" hai="0,2,25,27,29,31,34,35,45,49,52,86,88,94" machi="45" ten="30,8000,1" yaku="1,1,7,1,9,1,54,2,53,0" doraHai="125" doraHaiUra="18" who="2" fromWho="0" sc="271,-83,243,0,233,93,243,0" /><INIT seed="1,0,0,0,4,96" ten="188,243,326,243" oya="1" hai0="24,7,60,84,28,2,49,51,4,67,130,32,133" hai1="12,37,40,68,86,121,111,134,33,21,70,97,39" hai2="13,88,55,112,45,101,126,76,115,131,100,35,108" hai3="91,80,8,118,14,58,116,74,23,103,38,129,3"/><U15/><E121/><V124/><F35/><W9/><G38/><T42/><D130/><U26/><E33/><V99/><F131/><W72/><G129/><T89/><D133/><U6/><E134/><V102/><F108/><W18/><G58/><T54/><D42/><U19/><E111/><V104/><F76/><W95/><G103/><N who="2" m="39497" /><F13/><W5/><G9/><T109/><D109/><U73/><E12/><V125/><F88/><W82/><G82/><T53/><D51/><AGARI ba="0,0" hai="45,51,55,99,102,104,112,115,124,125,126" m="39497" machi="51" ten="40,8000,1" yaku="18,1,52,4" doraHai="96" who="2" fromWho="0" sc="188,-80,243,0,326,80,243,0" /><INIT seed="2,0,0,0,1,28" ten="108,243,406,243" oya="2" hai0="76,123,48,52,55,35,106,98,134,127,18,96,42" hai1="34,122,54,6,36,101,81,23,26,66,5,88,68" hai2="128,113,87,131,82,107,10,29,90,11,109,114,13" hai3="115,57,112,45,86,103,47,9,92,31,25,15,91"/><V60/><F107/><W56/><G103/><T17/><D123/><U3/><E36/><V105/><F105/><W22/><G57/><T21/><D106/><U71/><E122/><V27/><F60/><W73/><G73/><T70/><D70/><U64/><E101/><V61/><F61/><W14/><G14/><T79/><D134/><U0/><E81/><V104/><F104/><W19/><REACH who="3" step="1"/><G56/><REACH who="3" ten="108,243,406,233" step="2"/><T119/><D119/><U8/><E26/><V43/><F13/><W30/><G30/><T94/><D127/><U46/><E46/><AGARI ba="0,1" hai="9,15,19,22,25,31,45,46,47,86,91,92,112,115" machi="46" ten="40,1300,0" yaku="1,1,53,0" doraHai="28" doraHaiUra="133" who="3" fromWho="1" sc="108,0,243,-13,406,0,233,23" /><INIT seed="3,0,0,2,0,75" ten="108,230,406,256" oya="3" hai0="34,41,50,25,105,22,98,32,131,88,118,64,6" hai1="53,112,42,113,38,128,74,129,20,7,68,109,26" hai2="48,77,8,90,63,56,46,107,49,45,36,110,31" hai3="119,11,127,27,60,54,121,133,13,115,130,87,123"/><W100/><G115/><N who="1" m="44106" /><E7/><V17/><F107/><W71/><G119/><T117/><D131/><N who="1" m="50251" /><E74/><V92/><F110/><W89/><G130/><T101/><D6/><U0/><E0/><V106/><F106/><W82/><G127/><T15/><D118/><U37/><E109/><V104/><F104/><W78/><G100/><T86/><D117/><U43/><E68/><V67/><F31/><W9/><G133/><T126/><D126/><U12/><E12/><N who="2" m="7303" /><F36/><N who="1" m="13929" /><E20/><V96/><F96/><W114/><G114/><T57/><D15/><U135/><E26/><V35/><F92/><N who="3" m="54335" /><G27/><T80/><D41/><N who="1" m="15371" /><E53/><V72/><F35/><W59/><G71/><T108/><D108/><U21/><E21/><V1/><F72/><N who="3" m="43335" /><G9/><T33/><D64/><U84/><E135/><V85/><F1/><W40/><G40/><T122/><D122/><U52/><E52/><V28/><F28/><W44/><G44/><T24/><REACH who="0" step="1"/><D22/><REACH who="0" ten="98,230,406,256" step="2"/><U14/><E14/><V4/><F4/><N who="3" m="3303" /><G123/><T10/><D10/><U5/><E5/><V70/><F70/><W94/><G121/><T30/><D30/><U102/><E102/><V83/><F90/><W39/><G39/><T23/><D23/><U58/><E58/><V62/><F56/><W66/><G66/><T73/><D73/><U2/><E2/><V3/><F67/><W134/><G134/><T55/><AGARI ba="0,1" hai="24,25,32,33,34,50,55,57,80,86,88,98,101,105" machi="55" ten="40,8000,1" yaku="1,1,0,1,54,1,53,1" doraHai="75" doraHaiUra="51" who="0" fromWho="0" sc="98,90,230,-20,406,-20,256,-40" owari="188,-31.2,210,-19.0,386,48.6,216,1.6" /></mjloggm>