<mjloggm ver="2.3"><GO type="225" lobby="0"/><UN n0="%E7%89%B9%E6%9D%B1%E3%81%AF%E4%B8%96%E7%95%8C%E3%82%92%E6%95%91%E3%81%86" n1="%E3%83%A9%E3%82%B9%E7%8E%87%EF%BC%93%E5%89%B2" n2="%E3%81%BF%E3%81%BF%E3%81%9A" n3="%E5%85%83%E3%82%AB%E3%83%8E%E7%B3%BB%E3%83%92%E3%83%AD%E3%82%A4%E3%83%B3" dan="16,17,17,16" rate="2176.23,2202.46,2204.38,2087.28" sx="M,F,M,M"/><TAIKYOKU oya="0"/><INIT seed="0,0,0,4,0,113" ten="250,250,250,250" oya="0" hai0="31,37,57,97,36,89,76,93,52,65,33,105,103" hai1="99,55,90,30,106,53,81,104,129,101,116,91,45" hai2="119,118,117,79,42,124,58,64,62,28,86,94,80" hai3="75,128,18,92,35,12,122,16,40,74,134,107,67"/><T1/><D1/><U51/><E129/><V14/><F124/><W131/><G107/><T135/><D135/><U7/><E116/><V56/><F28/><W39/><G134/><T11/><D65/><U111/><E111/><V34/><F34/><W85/><G35/><T132/><D132/><U112/><E112/><V6/><F42/><W48/><G39/><T19/><D76/><U15/><E30/><V108/><F108/><W102/><G67/><T61/><D19/><U95/><E55/><V96/><F14/><W126/><G126/><T32/><D11/><U70/><E70/><N who="2" m="42263" /><F6/><W22/><G122/><T130/><D130/><N who="3" m="49705" /><G18/><T114/><D114/><U127/><E127/><V44/><F44/><N who="3" m="25607" /><G102/><AGARI ba="0,0" hai="56,58,79,80,86,94,96,102,117,118,119" m="42263" machi="102" ten="30,7700,0" yaku="12,1,52,3" doraHai="113" who="2" fromWho="3" sc="250,0,250,0,250,77,250,-77" /><INIT seed="1,0,0,2,1,92" ten="250,250,327,173" oya="1" hai0="43,116,119,69,135,68,48,107,97,34,90,31,58" hai1="55,44,54,11,16,67,123,28,5,19,17,86,81" hai2="6,38,60,126,37,32,22,15,73,71,102,96,2" hai3="121,101,115,18,51,103,133,87,110,25,109,132,33"/><U100/><E123/><V127/><F73/><W106/><G121/><T120/><D120/><U66/><E28/><V27/><F2/><W26/><G115/><T70/><D135/><N who="3" m="51785" /><G106/><T36/><D34/><U61/><E100/><N who="3" m="38474" /><G51/><T83/><D31/><U9/><E44/><V14/><F32/><W108/><G33/><T65/><D83/><U59/><E55/><V125/><F71/><N who="0" m="27210" /><D90/><U50/><E50/><V20/><F60/><W85/><G18/><T122/><D97/><U80/><E80/><V0/><F0/><W30/><G30/><T23/><D23/><N who="2" m="8746" /><F27/><AGARI ba="0,0" hai="25,26,27,85,87,108,109,110" m="38474,51785" machi="27" ten="40,8000,1" yaku="28,2,14,1,20,1" doraHai="92" who="3" fromWho="2" sc="250,0,250,0,327,-80,173,80" /><INIT seed="2,0,0,5,5,24" ten="250,250,247,253" oya="2" hai0="117,54,30,131,123,41,4,110,124,80,82,78,77" hai1="51,90,1,104,129,43,7,74,50,83,96,62,42" hai2="135,72,122,75,98,113,89,5,15,40,116,120,69" hai3="118,36,67,95,81,17,12,106,125,32,33,70,31"/><V108/><F113/><W21/><G106/><T66/><D123/><U59/><E129/><V103/><F116/><W53/><G118/><T2/><D117/><U18/><E1/><V52/><F69/><W63/><G125/><T57/><D131/><U121/><E7/><V101/><F40/><W73/><G36/><T19/><D66/><U100/><E43/><V105/><F103/><W37/><G37/><T99/><D41/><U86/><E42/><V92/><F135/><W85/><G73/><T127/><D110/><U61/><E61/><V29/><F108/><W119/><G119/><T13/><D99/><U60/><E60/><V87/><F29/><W58/><G95/><T14/><D2/><U76/><E18/><V114/><F114/><W28/><G33/><T44/><D44/><U11/><E11/><V64/><F64/><W46/><G32/><T93/><D93/><N who="1" m="54487" /><E121/><V20/><F72/><W9/><G21/><N who="0" m="11503" /><D30/><U130/><E130/><V94/><F94/><W10/><G10/><N who="0" m="4423" /><D127/><U109/><E109/><V97/><F97/><W71/><G71/><T3/><D3/><U22/><E22/><V112/><F112/><W65/><G65/><AGARI ba="0,0" hai="50,51,59,62,65,74,76,83,96,100,104" m="54487" machi="65" ten="30,1000,0" yaku="24,1" doraHai="24" who="1" fromWho="3" sc="250,0,250,10,247,0,253,-10" /><INIT seed="3,0,0,2,0,85" ten="250,260,247,243" oya="3" hai0="58,63,61,65,110,53,11,82,59,113,49,25,27" hai1="7,68,42,116,60,81,38,10,112,119,36,71,34" hai2="67,62,131,39,133,129,30,134,124,52,107,106,51" hai3="19,44,97,122,118,15,14,117,101,135,102,21,69"/><W50/><G122/><T93/><D110/><U89/><E34/><V72/><F30/><W66/><G135/><N who="2" m="51721" /><F72/><W94/><G101/><T109/><D109/><U33/><E112/><V22/><F22/><W20/><G69/><T114/><D82/><U41/><E33/><V84/><F39/><W3/><G3/><T96/><D113/><U123/><E123/><V95/><F124/><W40/><G66/><T132/><D132/><U28/><E28/><V0/><F0/><W26/><REACH who="3" step="1"/><G14/><REACH who="3" ten="250,260,247,233" step="2"/><T12/><D114/><U8/><E68/><N who="2" m="42103" /><F106/><W99/><G99/><T80/><D80/><U75/><E81/><V24/><F107/><W45/><G45/><T43/><D12/><U88/><E71/><V13/><F13/><W87/><G87/><T17/><D65/><U57/><E75/><V121/><F121/><W31/><AGARI ba="0,1" hai="15,19,20,21,26,31,40,44,50,94,97,102,117,118" machi="31" ten="20,3900,0" yaku="1,1,0,1,7,1,53,0" doraHai="85" doraHaiUra="108" who="3" fromWho="3" sc="250,-13,260,-13,247,-13,233,49" /><INIT seed="3,1,0,2,0,105" ten="237,247,234,282" oya="3" hai0="99,37,123,97,85,129,60,44,45,130,41,118,102" hai1="90,31,29,10,112,28,50,53,126,42,91,134,100" hai2="54,103,133,124,12,89,58,107,15,75,1,47,3" hai3="120,65,5,87,6,22,9,30,27,106,20,113,71"/><W34/><G113/><T86/><D123/><U110/><E112/><V127/><F133/><W51/><G120/><T38/><D60/><U14/><E110/><V78/><F89/><W55/><G106/><T93/><D118/><U49/><E126/><N who="2" m="48171" /><F47/><W13/><G5/><T79/><D79/><U116/><E100/><V17/><F103/><W16/><G87/><T35/><D35/><U4/><E116/><V135/><F107/><W23/><G65/><T63/><D63/><U96/><E134/><V36/><F36/><W108/><G71/><T82/><D97/><U117/><E96/><V92/><F92/><W125/><G108/><T131/><REACH who="0" step="1"/><D82/><REACH who="0" ten="227,247,234,282" step="2"/><U111/><E117/><V61/><F135/><W115/><G125/><T128/><N who="0" m="32768" /><DORA hai="122" /><T48/><D48/><U73/><E49/><V109/><F109/><W2/><G115/><T72/><D72/><U26/><E73/><V33/><F33/><W59/><AGARI ba="1,1" hai="2,6,9,13,16,20,22,23,27,30,34,51,55,59" machi="59" ten="20,12000,1" yaku="0,1,7,1,24,2,54,1" doraHai="105,122" who="3" fromWho="3" sc="227,-41,247,-41,234,-41,282,133" owari="186,-31.4,206,0.6,193,-20.7,415,51.5" /></mjloggm>