<mjloggm ver="2.3"><GO type="225" lobby="0"/><UN n0="%E4%BF%BA%E3%81%A8%E5%A6%96%E5%A4%A2" n1="%E3%83%8F%E3%83%B3%E3%83%89%E3%83%A9%E3%83%BC%E3%83%BB%E3%83%AF%E3%83%B3" n2="%33%74%72%65%65" n3="%4D%2E%61%72%74%65%74%61" dan="16,17,16,16" rate="2269.53,2207.75,2087.24,2174.23" sx="F,M,F,M"/><TAIKYOKU oya="0"/><INIT seed="0,0,0,3,0,22" ten="250,250,250,250" oya="0" hai0="98,13,45,123,12,122,63,107,83,70,84,79,72" hai1="33,59,27,132,109,10,48,31,74,116,106,99,65" hai2="50,4,95,52,102,37,55,19,43,104,85,105,18" hai3="23,124,53,38,71,133,8,54,24,82,80,69,135"/><T21/><D45/><U34/><E116/><V134/><F134/><N who="3" m="51211" /><G38/><T20/><D20/><U14/><E132/><V101/><F105/><W119/><G119/><T86/><D86/><U130/><E74/><V57/><F104/><W30/><G124/><T41/><D41/><U67/><E34/><V75/><F75/><W16/><G8/><T126/><D126/><U29/><E29/><V2/><F2/><W47/><G30/><T46/><D46/><U39/><E39/><V97/><F4/><W81/><G47/><T32/><D32/><U35/><E35/><V17/><F37/><W64/><G64/><T110/><D110/><U62/><E130/><V94/><F43/><W58/><G53/><T118/><D118/><U88/><E109/><V92/><F55/><W5/><G5/><T93/><D63/><AGARI ba="0,0" hai="16,23,24,54,58,63,69,71,80,81,82" m="51211" machi="63" ten="30,3900,0" yaku="20,1,52,1,54,1" doraHai="22" who="3" fromWho="0" sc="250,-39,250,0,250,0,250,39" /><INIT seed="1,0,0,5,0,11" ten="211,250,250,289" oya="1" hai0="88,9,13,3,107,93,38,105,22,24,128,108,67" hai1="16,125,43,8,5,36,19,89,0,103,79,87,71" hai2="2,47,95,55,42,115,81,85,6,37,25,133,73" hai3="27,52,33,86,70,64,57,26,41,28,20,91,111"/><U32/><E71/><V104/><F104/><W118/><G111/><T56/><D38/><U114/><E114/><V124/><F124/><W77/><G41/><T126/><D3/><U50/><E36/><V80/><F133/><W135/><G135/><T109/><D126/><U40/><E32/><V39/><F115/><W130/><G130/><T23/><D128/><U31/><E31/><V102/><F39/><W101/><G77/><T131/><D131/><U48/><E79/><V74/><F25/><W51/><G101/><T78/><D78/><U90/><E103/><V72/><F2/><W35/><G118/><T49/><D107/><U97/><E125/><V75/><F75/><W76/><G76/><T129/><D105/><U117/><E117/><V44/><F6/><W66/><G70/><T121/><D121/><U134/><E134/><V84/><F84/><W15/><G15/><T123/><D123/><U21/><E97/><V4/><F4/><W83/><REACH who="3" step="1"/><G35/><REACH who="3" ten="211,250,250,279" step="2"/><T58/><D129/><U59/><E43/><V69/><F69/><W61/><G61/><N who="0" m="38311" /><D109/><U45/><E90/><N who="2" m="53711" /><F102/><W63/><G63/><T54/><D108/><U14/><E0/><V116/><F116/><W106/><G106/><T30/><D24/><U100/><E100/><V62/><F62/><W127/><G127/><T82/><D13/><U18/><E89/><V46/><F74/><W53/><G53/><T10/><D54/><N who="1" m="32199" /><E87/><V65/><F73/><W110/><G110/><T119/><D88/><U34/><E34/><V7/><F72/><W68/><G68/><T99/><D119/><U17/><E40/><RYUUKYOKU ba="0,1" sc="211,-10,250,-10,250,-10,279,30" hai3="20,26,27,28,33,51,52,57,64,66,83,86,91" /><INIT seed="2,1,1,0,0,74" ten="201,240,240,309" oya="2" hai0="63,58,94,66,100,20,24,72,103,28,38,13,49" hai1="54,69,43,14,26,17,61,89,5,105,6,18,65" hai2="9,11,73,82,128,48,25,10,81,116,132,88,83" hai3="96,47,44,41,33,35,110,75,29,12,39,30,130"/><V27/><F116/><W133/><G110/><T111/><D38/><U2/><E105/><V80/><F128/><W118/><G118/><T64/><D111/><U86/><E2/><V31/><F132/><W16/><G130/><T34/><D72/><U98/><E98/><V67/><F67/><W71/><G71/><T42/><D66/><U106/><E106/><V46/><F31/><W107/><G75/><T79/><D34/><U121/><E121/><V99/><F73/><W40/><G133/><T15/><D103/><U109/><E43/><V19/><F19/><W57/><G57/><T123/><D123/><U117/><E109/><V87/><REACH who="2" step="1"/><F99/><REACH who="2" ten="201,240,230,309" step="2"/><W108/><G108/><T122/><D122/><U91/><E18/><V124/><F124/><W134/><G30/><T21/><D28/><U125/><E125/><V8/><N who="2" m="2048" /><DORA hai="37" /><V120/><F120/><W32/><G134/><T113/><D64/><U131/><E17/><V45/><F45/><W1/><G29/><T90/><D21/><U95/><E65/><V3/><F3/><W51/><G1/><T112/><D20/><U101/><E131/><V53/><AGARI ba="1,2" hai="25,27,46,48,53,80,81,82,83,87,88" m="2048" machi="53" ten="50,24000,3" yaku="1,1,0,1,8,1,54,1,53,4" doraHai="74,37" doraHaiUra="4,119" who="2" fromWho="2" sc="201,-81,240,-81,230,263,309,-81" /><INIT seed="2,2,0,5,0,43" ten="120,159,493,228" oya="2" hai0="12,49,80,3,33,124,122,34,51,117,16,81,17" hai1="101,79,0,90,11,18,15,119,66,76,82,100,25" hai2="9,95,40,97,20,22,71,64,52,126,41,131,60" hai3="87,14,26,5,94,130,31,38,47,73,114,86,127"/><V29/><F126/><W115/><G73/><T32/><D122/><U59/><E0/><V92/><F131/><W37/><G130/><T134/><D3/><U21/><E119/><V72/><F72/><W98/><G127/><T108/><D124/><U61/><E90/><V28/><F92/><W10/><G87/><T45/><D117/><U75/><REACH who="1" step="1"/><E79/><REACH who="1" ten="120,149,493,228" step="2"/><V6/><F29/><AGARI ba="2,1" hai="11,15,18,21,25,29,59,61,66,75,76,82,100,101" machi="29" ten="30,3900,0" yaku="1,1,2,1,7,1,53,0" doraHai="43" doraHaiUra="42" who="1" fromWho="2" sc="120,0,149,55,493,-45,228,0" /><INIT seed="3,0,0,3,0,90" ten="120,204,448,228" oya="3" hai0="45,11,119,128,115,110,74,21,131,94,77,50,40" hai1="127,88,41,52,84,106,91,54,37,26,117,66,73" hai2="34,95,132,60,2,102,15,28,121,98,75,39,130" hai3="108,16,18,25,97,129,61,69,96,125,113,135,71"/><W24/><G113/><T27/><D119/><U79/><E106/><V100/><F2/><W93/><G129/><T101/><D115/><U99/><E73/><V120/><F130/><W44/><G44/><T64/><D110/><U8/><E127/><V76/><F132/><W58/><G135/><T134/><D134/><U87/><E79/><V23/><F39/><W53/><G125/><T30/><D11/><U118/><E99/><V109/><F109/><W62/><G108/><T63/><D77/><U38/><E8/><V46/><F46/><W17/><G96/><T13/><D74/><U57/><E26/><V0/><F0/><W47/><G47/><T78/><D78/><U33/><E66/><V83/><F102/><W36/><G36/><T42/><D13/><U124/><E124/><V4/><F60/><W116/><G116/><N who="1" m="44650" /><E33/><V80/><F34/><W19/><N who="3" m="4096" /><DORA hai="105" /><W12/><G12/><T123/><D123/><U35/><E35/><V133/><F133/><W51/><G69/><T92/><D40/><U82/><E54/><V1/><F15/><W14/><G14/><T107/><D131/><U43/><E37/><V20/><F121/><W111/><G71/><T22/><D128/><U72/><E72/><V85/><F120/><W103/><G111/><T126/><D126/><U48/><E38/><V7/><F1/><W31/><REACH who="3" step="1"/><G24/><REACH who="3" ten="120,204,448,218" step="2"/><T104/><D22/><AGARI ba="0,1" hai="22,25,31,51,53,58,61,62,93,97,103" m="4096" machi="22" ten="50,18000,2" yaku="1,1,2,1,8,1,52,1,54,1,53,1" doraHai="90,105" doraHaiUra="55,70" who="3" fromWho="0" sc="120,-180,204,0,448,0,218,190" owari="-60,-56.0,204,-19.6,448,54.8,408,20.8" /></mjloggm>