<mjloggm ver="2.3"><GO type="225" lobby="0"/><UN n0="%E3%82%8F%E3%81%8B%E3%81%B0%2A%E3%82%AC%E3%83%BC%E3%83%AB" n1="%E9%B3%B4%E8%8C%B6" n2="%E3%81%95%E3%81%8D%E3%81%9F%E3%81%BE%E6%9E%97%E6%AA%8E" n3="%E6%9D%B1%E9%A2%A8%E3%81%AE%E3%81%8D%E3%82%83%E3%81%B7%E3%81%95%E3%82%93" dan="16,16,16,16" rate="2175.92,2158.60,2117.16,2161.95" sx="M,M,M,M"/><TAIKYOKU oya="0"/><INIT seed="0,0,0,3,2,128" ten="250,250,250,250" oya="0" hai0="56,49,16,129,9,71,113,4,70,41,93,107,132" hai1="47,78,35,118,87,43,127,58,60,68,130,50,72" hai2="22,124,96,38,59,32,66,37,30,51,89,15,64" hai3="65,6,84,114,19,75,54,7,77,94,91,82,79"/><T112/><D107/><U0/><E118/><V90/><F32/><W53/><G114/><T20/><D129/><U102/><E130/><V17/><F124/><W100/><G65/><T67/><D132/><U11/><E35/><V106/><F106/><W99/><G19/><T97/><D71/><U36/><E102/><V61/><F66/><W123/><G123/><T85/><D70/><U2/><E127/><V121/><F121/><W119/><G119/><T28/><D85/><U131/><E131/><V117/><F117/><W12/><G79/><T105/><D105/><U135/><E87/><V40/><F38/><W62/><G12/><T125/><D28/><U83/><E68/><V42/><F37/><W73/><G73/><T3/><D125/><U25/><E50/><V122/><F122/><W1/><G62/><T14/><D67/><N who="1" m="39319" /><E25/><N who="2" m="16695" /><F96/><W23/><G23/><T27/><D3/><U10/><E0/><V45/><F42/><W133/><G133/><T13/><D27/><U29/><E11/><AGARI ba="0,0" hai="11,15,17,40,45,51,59,61,64,89,90" m="16695" machi="11" ten="30,1000,0" yaku="8,1" doraHai="128" who="2" fromWho="1" sc="250,0,250,-10,250,10,250,0" /><INIT seed="1,0,0,4,4,32" ten="250,240,260,250" oya="1" hai0="33,2,25,66,46,70,126,103,81,111,29,59,121" hai1="36,31,127,60,112,84,100,102,78,86,80,89,10" hai2="135,0,45,28,107,48,58,96,114,15,24,88,21" hai3="26,82,27,116,97,85,9,11,134,44,42,131,93"/><U7/><E112/><V68/><F68/><W62/><G134/><T90/><D111/><U34/><E127/><V128/><F107/><W124/><G131/><T16/><D126/><U4/><E36/><V23/><F135/><W105/><G105/><T76/><D121/><U92/><E34/><V38/><F38/><W104/><G104/><T30/><D70/><U129/><E129/><V101/><F0/><W5/><G62/><T74/><D103/><U13/><E31/><V110/><F110/><W41/><G116/><T17/><D2/><U108/><E108/><V119/><F101/><W77/><G124/><T12/><D30/><U120/><E120/><V49/><F128/><W75/><G75/><T6/><D46/><U79/><E4/><V61/><F119/><W43/><G44/><T118/><D118/><U64/><REACH who="1" step="1"/><E79/><REACH who="1" ten="250,230,260,250" step="2"/><V91/><F114/><W19/><G5/><T122/><D122/><U1/><E1/><V20/><F28/><W50/><G19/><T47/><D6/><U37/><E37/><V106/><F15/><W117/><G117/><T71/><D17/><U73/><E73/><V56/><F24/><W123/><G123/><T99/><D12/><U87/><E87/><V130/><F130/><W18/><G18/><T53/><D16/><U8/><E8/><N who="3" m="3146" /><G26/><T22/><D33/><U14/><E14/><V40/><F23/><W55/><G27/><T54/><D74/><U133/><E133/><V57/><F21/><W98/><G85/><T94/><D25/><U65/><E65/><V83/><F20/><W72/><G72/><T51/><D29/><RYUUKYOKU ba="0,1" sc="250,-10,230,30,260,-10,250,-10" hai1="7,10,13,60,64,78,80,84,86,89,92,100,102" /><INIT seed="1,1,1,2,3,81" ten="240,260,250,240" oya="1" hai0="55,25,102,135,2,4,56,96,57,12,110,111,33" hai1="87,29,31,112,8,66,90,109,19,36,43,30,51" hai2="91,98,0,93,70,24,108,15,61,117,7,100,124" hai3="65,122,67,13,22,106,94,11,127,113,130,63,104"/><U21/><E112/><V83/><F117/><W101/><G113/><T118/><D118/><U46/><E109/><N who="0" m="41481" /><D135/><U54/><E66/><V133/><F108/><W10/><G122/><T18/><D2/><U64/><E64/><V62/><F0/><W16/><G130/><T107/><D4/><U82/><E8/><N who="2" m="4511" /><F70/><W116/><G116/><T131/><D131/><U32/><E32/><V103/><F133/><W76/><G127/><T97/><D97/><U58/><REACH who="1" step="1"/><E31/><REACH who="1" ten="240,250,250,240" step="2"/><V95/><F124/><W120/><G67/><T35/><D33/><U132/><E132/><V92/><F24/><AGARI ba="1,2" hai="19,21,24,29,30,36,43,46,51,54,58,82,87,90" machi="24" ten="30,5800,0" yaku="1,1,7,1,52,1,53,0" doraHai="81" doraHaiUra="6" who="1" fromWho="2" sc="240,0,250,81,250,-61,240,0" /><INIT seed="1,2,0,3,1,82" ten="240,331,189,240" oya="1" hai0="1,37,19,83,53,69,42,75,89,100,25,84,87" hai1="124,62,70,43,71,120,59,122,86,97,77,55,38" hai2="27,116,93,22,103,4,32,90,67,41,92,16,48" hai3="57,108,78,85,121,114,73,134,98,21,0,14,13"/><U107/><E107/><V94/><F116/><W117/><G0/><T44/><D1/><U46/><E97/><V80/><F32/><W127/><G73/><T79/><D69/><N who="1" m="26123" /><E86/><N who="2" m="50503" /><F4/><W95/><G114/><T125/><D125/><U115/><E77/><V63/><F63/><W118/><G108/><T132/><D132/><U119/><E119/><N who="3" m="45578" /><G134/><T18/><D100/><U20/><E20/><V5/><F5/><W56/><G127/><T6/><D6/><U9/><E9/><V106/><F106/><W28/><G121/><N who="1" m="46698" /><E124/><V50/><F67/><W66/><G66/><T3/><D3/><U45/><E45/><N who="2" m="25647" /><F50/><W40/><G40/><T128/><D75/><U60/><E60/><V34/><F34/><W88/><G57/><T68/><D68/><U112/><AGARI ba="2,0" hai="38,43,46,55,59,62,112,115" m="46698,26123" machi="112" ten="40,3900,0" yaku="34,2" doraHai="82" who="1" fromWho="1" sc="240,-15,331,45,189,-15,240,-15" /><INIT seed="1,3,0,2,5,35" ten="225,376,174,225" oya="1" hai0="112,135,79,114,27,122,78,123,57,65,127,131,109" hai1="23,124,116,58,7,33,86,126,68,118,25,108,101" hai2="88,98,44,47,4,5,53,9,94,13,117,42,115" hai3="12,11,85,39,99,129,63,21,22,1,77,113,0"/><U17/><E68/><V97/><F115/><N who="0" m="44074" /><D109/><U121/><E121/><N who="0" m="46089" /><D135/><U28/><E108/><V55/><F117/><N who="1" m="45161" /><E101/><V87/><F5/><W72/><G72/><T71/><D71/><U105/><E86/><V133/><F133/><W134/><G39/><T81/><D131/><U51/><E58/><V46/><REACH who="2" step="1"/><F42/><REACH who="2" ten="225,376,164,225" step="2"/><W96/><G134/><T69/><D127/><N who="1" m="48683" /><E105/><V16/><F16/><W91/><G113/><T128/><D128/><U84/><E7/><V8/><F8/><W18/><G129/><T132/><D132/><U43/><E17/><V119/><F119/><W56/><G11/><T38/><D38/><U74/><E43/><V20/><F20/><W41/><G41/><T37/><D37/><U93/><E23/><V19/><F19/><W92/><G22/><T59/><D27/><U67/><E25/><V34/><F34/><W30/><G30/><T50/><D78/><U10/><E28/><V125/><F125/><W62/><G77/><T70/><D79/><U83/><E10/><V14/><F14/><W15/><G15/><T95/><D70/><U61/><E33/><V45/><N who="2" m="11264" /><DORA hai="106" /><V102/><F102/><W60/><REACH who="3" step="1"/><G56/><REACH who="3" ten="225,376,164,215" step="2"/><T26/><D59/><U48/><E74/><V130/><F130/><W6/><G6/><T40/><D26/><U32/><E32/><V111/><F111/><W49/><G49/><T76/><D69/><U3/><E48/><V73/><F73/><W120/><G120/><T103/><D40/><U2/><E51/><V107/><F107/><W100/><G100/><T64/><D103/><U110/><E110/><V31/><F31/><RYUUKYOKU ba="3,2" sc="225,-15,376,-15,164,15,215,15" hai2="4,9,13,53,55,87,88,94,97,98" hai3="0,1,12,18,21,60,62,63,85,91,92,96,99" /><INIT seed="2,4,2,5,5,48" ten="210,361,179,230" oya="2" hai0="122,74,128,105,111,62,33,106,40,27,116,29,19" hai1="4,87,14,125,84,83,98,18,88,135,130,131,31" hai2="91,45,107,102,63,76,127,47,97,55,34,57,69" hai3="109,75,132,30,72,51,99,100,81,134,119,25,133"/><V101/><F34/><W10/><G119/><T35/><D122/><U39/><E135/><V113/><F113/><W70/><G70/><T78/><D116/><U26/><E125/><V12/><F127/><W60/><G60/><T24/><D111/><U50/><E39/><V41/><F69/><W9/><G51/><T95/><D128/><N who="1" m="49195" /><E98/><V71/><F71/><W42/><G42/><T58/><D40/><U36/><E36/><V56/><F56/><W15/><G109/><T22/><D35/><U8/><E50/><N who="2" m="26927" /><F107/><N who="3" m="63903" /><G81/><T104/><D95/><U11/><E84/><V7/><F47/><W120/><G120/><T66/><D78/><U73/><E73/><N who="3" m="28234" /><G15/><T118/><D74/><U103/><E103/><N who="2" m="39435" /><F76/><W126/><G126/><T16/><D118/><U61/><E61/><V13/><F7/><W21/><AGARI ba="4,2" hai="9,10,21,25,30,132,133,134" m="28234,63903" machi="21" ten="40,1500,0" yaku="20,1" doraHai="48" who="3" fromWho="3" sc="210,-8,361,-8,179,-11,230,47" /><INIT seed="3,0,0,5,1,47" ten="202,353,168,277" oya="3" hai0="62,116,70,102,131,120,94,118,39,9,117,109,130" hai1="26,46,66,98,135,28,57,74,127,41,104,67,4" hai2="85,91,29,122,3,22,43,17,13,96,72,124,61" hai3="107,7,53,126,125,89,33,105,23,101,54,129,113"/><W78/><G33/><T16/><D120/><U112/><E112/><V31/><F3/><W42/><G42/><T110/><D39/><U36/><E74/><V2/><F2/><W81/><G7/><T93/><D70/><U106/><E4/><V55/><F124/><W84/><G113/><T75/><D75/><U115/><E127/><N who="3" m="48650" /><G129/><N who="0" m="49163" /><D62/><U88/><E135/><V1/><F1/><W119/><G119/><T92/><D102/><U59/><E115/><V76/><F122/><W103/><G23/><T114/><D114/><U123/><E123/><V99/><F72/><N who="3" m="43207" /><G53/><T18/><D9/><U128/><E128/><V83/><F43/><W58/><G58/><T37/><D37/><U68/><E59/><V77/><F55/><W40/><G54/><T65/><D65/><U71/><E57/><V21/><F61/><W51/><G51/><T63/><D63/><U56/><E56/><V0/><F0/><W44/><G44/><T10/><D10/><U95/><E66/><V80/><F22/><W111/><G111/><AGARI ba="0,0" hai="16,18,92,93,94,109,110,111,116,117,118" m="49163" machi="111" ten="40,8000,1" yaku="28,2,14,1,19,1,54,1" doraHai="47" who="0" fromWho="3" sc="202,80,353,0,168,0,277,-80" owari="282,8.2,353,45.3,168,-33.2,197,-20.3" /></mjloggm>