<mjloggm ver="2.3"><GO type="225" lobby="0"/><UN n0="%E3%81%8B%E3%82%8F%E3%81%A1%E3%82%83%E3%82%93%35%38" n1="%E3%81%BE%E3%81%A8%E3%81%9F" n2="%33%74%72%65%65" n3="%E3%82%8C%E3%81%99%E3%81%93" dan="16,16,16,17" rate="2156.99,2078.35,2103.06,2130.15" sx="M,M,F,F"/><TAIKYOKU oya="0"/><INIT seed="0,0,0,3,2,107" ten="250,250,250,250" oya="0" hai0="79,28,47,69,117,129,36,63,42,96,15,108,78" hai1="134,51,45,1,81,10,49,89,120,111,104,56,112" hai2="93,13,95,61,106,21,126,130,115,39,50,74,11" hai3="105,113,4,123,32,82,23,131,52,102,40,31,6"/><T91/><D117/><U67/><E120/><V19/><F39/><W8/><G113/><T70/><D129/><U68/><E68/><V25/><F106/><W5/><G131/><T35/><D108/><U22/><E134/><V34/><F130/><W128/><G128/><T29/><D70/><U122/><E104/><V94/><F115/><W133/><G133/><T124/><D124/><U76/><E89/><V86/><F126/><W127/><G127/><T33/><D15/><U2/><E122/><V135/><F135/><W17/><G123/><T58/><D69/><U54/><E67/><V14/><F74/><W44/><G82/><T60/><D91/><U38/><E38/><V27/><F61/><W109/><G109/><T103/><D96/><U77/><E77/><V30/><F50/><W72/><G72/><T118/><D103/><U18/><E10/><V64/><F64/><W87/><G87/><T20/><D20/><U98/><E98/><V16/><REACH who="2" step="1"/><F27/><REACH who="2" ten="250,250,240,250" step="2"/><W92/><G105/><T7/><D60/><U80/><E112/><V65/><F65/><W121/><G121/><T132/><D132/><U37/><E37/><V73/><F73/><W41/><G40/><T0/><D118/><U59/><E51/><V90/><AGARI ba="0,1" hai="11,13,14,16,19,21,25,30,34,86,90,93,94,95" machi="90" ten="30,4000,0" yaku="1,1,0,1,54,1,53,0" doraHai="107" doraHaiUra="97" who="2" fromWho="2" sc="250,-20,250,-10,240,50,250,-10" /><INIT seed="1,0,0,1,2,38" ten="230,240,290,240" oya="1" hai0="110,101,82,84,124,123,19,69,135,63,113,2,74" hai1="130,83,61,70,64,66,22,116,8,115,47,119,107" hai2="90,59,88,99,125,134,34,24,127,112,117,105,43" hai3="133,73,94,20,51,80,68,76,4,56,35,16,14"/><U7/><E115/><V11/><F117/><W103/><G133/><T85/><D2/><U45/><E130/><V62/><F134/><W50/><G68/><T111/><D135/><U32/><E32/><V52/><F11/><W81/><G35/><T12/><D113/><U17/><E107/><V21/><F34/><W126/><G126/><N who="2" m="48137" /><F112/><W31/><G31/><T102/><D124/><U25/><E66/><V97/><F43/><W49/><G4/><T75/><D63/><U41/><E47/><V46/><F46/><W9/><G81/><T120/><D12/><U5/><E83/><V100/><F97/><W28/><G28/><AGARI ba="0,0" hai="21,24,28,52,59,62,88,90,99,100,105" m="48137" machi="28" ten="30,3900,0" yaku="18,1,54,2" doraHai="38" who="2" fromWho="3" sc="230,0,240,0,290,39,240,-39" /><INIT seed="2,0,0,3,4,127" ten="230,240,329,201" oya="2" hai0="36,130,101,30,62,6,64,35,47,28,60,29,98" hai1="24,133,83,1,92,15,81,5,97,7,32,25,123" hai2="110,78,124,39,129,43,109,3,0,85,31,65,95" hai3="10,132,56,94,77,61,67,46,74,16,42,14,75"/><V63/><F124/><W50/><G132/><T44/><D35/><U134/><E1/><V88/><F31/><W108/><G108/><N who="2" m="41577" /><F78/><W115/><G115/><T128/><D6/><U104/><E104/><V53/><F53/><W20/><G77/><T114/><D114/><U117/><E117/><V13/><F13/><W11/><REACH who="3" step="1"/><G94/><REACH who="3" ten="230,240,329,191" step="2"/><N who="0" m="58583" /><D36/><U119/><E92/><V54/><F39/><W9/><AGARI ba="0,1" hai="9,10,11,14,16,20,42,46,50,56,61,67,74,75" machi="9" ten="30,4000,0" yaku="1,1,0,1,54,1,53,0" doraHai="127" doraHaiUra="100" who="3" fromWho="3" sc="230,-10,240,-10,329,-20,191,50" /><INIT seed="3,0,0,2,5,88" ten="220,230,309,241" oya="3" hai0="74,112,97,84,16,75,107,65,134,69,76,111,6" hai1="125,39,64,54,40,110,120,108,10,119,131,44,70" hai2="132,73,89,87,63,7,4,32,36,55,77,38,56" hai3="83,57,113,115,117,102,45,17,21,98,25,81,37"/><W23/><G117/><T18/><D6/><U82/><E120/><V96/><F32/><W106/><G57/><T29/><D29/><U60/><E119/><V72/><F132/><W79/><G83/><T50/><D50/><U116/><E116/><V127/><F127/><W105/><G105/><T0/><D0/><U51/><E131/><V103/><F7/><W9/><G9/><T93/><D107/><U114/><E114/><V15/><F72/><W122/><G122/><T46/><D75/><U90/><E125/><V42/><F42/><W104/><G104/><T47/><D74/><U129/><E129/><V3/><F3/><W71/><G71/><T62/><D111/><N who="1" m="42539" /><E10/><N who="2" m="4551" /><F38/><W128/><G128/><T1/><D1/><U34/><E34/><V19/><F36/><W78/><G78/><T61/><D134/><U20/><E20/><V30/><F73/><W121/><G121/><T11/><D112/><U48/><E54/><V126/><F126/><W35/><G35/><T94/><D11/><U124/><E124/><V49/><F30/><W22/><G115/><T53/><D69/><U52/><E52/><V5/><F5/><W31/><G113/><T92/><D97/><U8/><E8/><V135/><F135/><W101/><G31/><T68/><D61/><U13/><E13/><V2/><F2/><W41/><G102/><T85/><D76/><U86/><AGARI ba="0,0" hai="39,40,44,48,51,60,64,70,82,86,90" m="42539" machi="86" ten="30,1100,0" yaku="14,1" doraHai="88" who="1" fromWho="1" sc="220,-3,230,11,309,-3,241,-5" owari="217,-28.3,241,4.1,306,40.6,236,-16.4" /></mjloggm>