<mjloggm ver="2.3"><GO type="225" lobby="0"/><UN n0="%E6%9C%88%E5%B3%B6%E5%9F%BA" n1="%77%72%77%72%77%72%77%72" n2="%E3%83%B4%E3%82%A3%E3%83%AF%E3%82%B3%E3%82%B0%E3%83%8B" n3="%E5%B8%86%E7%AB%8B%E5%A4%8F%E8%A1%A3" dan="16,17,17,17" rate="2099.47,2155.93,2214.61,2205.55" sx="M,M,M,M"/><TAIKYOKU oya="0"/><INIT seed="0,0,0,3,3,132" ten="250,250,250,250" oya="0" hai0="83,112,117,10,121,32,110,64,0,108,36,33,44" hai1="120,97,46,101,84,74,15,62,125,42,4,75,72" hai2="57,7,2,26,79,94,49,90,25,56,82,119,29" hai3="27,53,99,71,81,106,88,9,124,131,113,30,1"/><T134/><D112/><U68/><E120/><V105/><F105/><W18/><G113/><T87/><D121/><U96/><E84/><V31/><F119/><W45/><G71/><T14/><D117/><U122/><E122/><V107/><F107/><W111/><G111/><N who="0" m="42539" /><D0/><U63/><E125/><V70/><F70/><W17/><G131/><T21/><D134/><U60/><E68/><V55/><F56/><W12/><G1/><T48/><D21/><U98/><E101/><V103/><F103/><W76/><G106/><T123/><D64/><U73/><N who="1" m="18432" /><DORA hai="37" /><U6/><REACH who="1" step="1"/><E15/><REACH who="1" ten="250,240,250,250" step="2"/><V65/><F2/><W16/><G12/><T115/><D123/><U77/><E77/><V78/><F78/><W130/><G76/><N who="0" m="46567" /><D115/><U52/><E52/><V22/><F79/><W129/><G53/><N who="0" m="29831" /><D36/><AGARI ba="0,1" hai="4,6,36,42,46,60,62,63,96,97,98" m="18432" machi="36" ten="70,12000,2" yaku="1,1,29,2,52,1,53,2" doraHai="132,37" doraHaiUra="3,126" who="1" fromWho="0" sc="250,-120,240,130,250,0,250,0" /><INIT seed="1,0,0,2,5,76" ten="130,370,250,250" oya="1" hai0="67,68,38,37,75,85,26,125,11,83,8,92,120" hai1="9,56,133,18,39,45,32,14,70,86,53,130,64" hai2="43,95,60,89,29,113,79,115,24,117,5,15,135" hai3="34,10,90,2,17,42,30,54,1,124,116,51,12"/><U16/><E130/><V101/><F117/><W44/><G124/><T110/><D125/><U69/><E133/><V33/><F135/><W41/><G116/><T63/><D110/><U49/><E32/><V132/><F132/><W107/><G107/><T50/><D120/><U128/><E128/><V36/><F101/><W48/><G34/><T82/><D38/><U97/><E97/><V104/><F104/><W105/><G30/><T59/><D37/><U94/><E94/><V122/><F122/><W65/><G105/><T119/><D119/><U47/><E86/><V81/><F60/><W87/><G65/><T99/><D26/><U28/><E28/><V55/><F55/><W57/><REACH who="3" step="1"/><G42/><REACH who="3" ten="130,370,250,240" step="2"/><T58/><D68/><U126/><E126/><V96/><F43/><W84/><G84/><T3/><D3/><U62/><E70/><V118/><F118/><W103/><G103/><N who="0" m="60903" /><D75/><U46/><E69/><V25/><F29/><W35/><G35/><T78/><D85/><U121/><E121/><V109/><F33/><W13/><G13/><T71/><D71/><U106/><E106/><V129/><F24/><W88/><G88/><T98/><D98/><U102/><E14/><V74/><F25/><W20/><G20/><T4/><D78/><U80/><E102/><V108/><F15/><W40/><G40/><T100/><D100/><U6/><E64/><V73/><F73/><W0/><G0/><N who="0" m="7" /><D11/><U93/><E9/><V61/><F74/><W134/><G134/><T22/><D22/><U19/><E39/><V66/><F36/><W91/><G91/><T114/><D114/><RYUUKYOKU ba="0,1" sc="130,15,370,-15,250,-15,240,15" hai0="50,58,59,63,67,82,83" hai3="1,2,10,12,17,41,44,48,51,54,57,87,90" /><INIT seed="2,1,1,0,2,81" ten="145,355,235,255" oya="2" hai0="22,41,42,80,68,110,40,47,26,98,15,86,78" hai1="8,10,90,115,129,77,94,91,104,105,14,113,108" hai2="133,103,36,2,28,73,70,16,33,25,75,122,21" hai3="83,44,97,31,51,32,43,19,126,64,92,34,74"/><V3/><F122/><W79/><G126/><T37/><D110/><U29/><E108/><V102/><F133/><W125/><G125/><T1/><D1/><U35/><E77/><V57/><F70/><W12/><G64/><T13/><D68/><U89/><E129/><V111/><F111/><W100/><G31/><T58/><D98/><U62/><E62/><V66/><F36/><W48/><G48/><T128/><D128/><U46/><E46/><V135/><F135/><W56/><G56/><T54/><D47/><U107/><E94/><V6/><F75/><W49/><G49/><T65/><D65/><U82/><E82/><V27/><F73/><W106/><G106/><T114/><D114/><N who="1" m="43531" /><E14/><V18/><F18/><W5/><G5/><T121/><D121/><U11/><E29/><V127/><F127/><W87/><G74/><T76/><D76/><U116/><E35/><V60/><REACH who="2" step="1"/><F2/><REACH who="2" ten="145,355,225,255" step="2"/><W67/><G67/><T38/><D38/><U30/><E30/><V88/><F88/><W118/><G118/><AGARI ba="1,2" hai="8,10,11,89,90,91,104,105,107,116,118" m="43531" machi="118" ten="50,8000,1" yaku="29,2,28,2" doraHai="81" who="1" fromWho="3" sc="145,0,355,103,225,0,255,-83" /><INIT seed="3,0,0,3,3,32" ten="145,458,225,172" oya="3" hai0="91,22,63,104,49,120,111,51,74,55,46,107,132" hai1="23,34,115,18,9,110,122,81,93,30,88,78,28" hai2="85,97,118,133,41,114,52,54,1,26,66,86,103" hai3="47,76,39,8,101,56,37,69,5,11,116,75,82"/><W21/><G69/><T7/><D120/><U105/><E115/><V40/><F1/><W42/><G116/><T124/><D74/><U64/><E122/><V48/><F114/><W87/><G101/><T19/><D111/><U60/><E105/><V119/><F66/><W43/><G11/><T58/><D124/><U121/><E9/><V72/><F72/><W134/><G134/><T3/><D132/><U12/><E34/><V14/><F133/><W67/><G21/><T59/><D104/><U92/><E110/><V17/><F26/><W117/><G87/><T25/><D107/><U112/><E121/><V20/><F54/><W61/><G117/><T108/><D108/><U126/><E126/><V4/><F4/><W44/><G8/><T123/><D123/><U15/><E15/><V6/><F6/><AGARI ba="0,0" hai="5,6,37,39,42,43,44,47,56,61,67,75,76,82" machi="6" ten="40,2000,0" yaku="9,1" doraHai="32" who="3" fromWho="2" sc="145,0,458,0,225,-20,172,20" /><INIT seed="3,1,0,2,2,21" ten="145,458,205,192" oya="3" hai0="37,27,6,70,118,77,90,25,79,102,80,109,28" hai1="115,112,22,78,19,110,124,65,126,84,57,75,0" hai2="35,51,39,71,108,40,42,23,93,18,122,47,128" hai3="1,12,43,48,117,111,82,116,83,103,89,8,41"/><W74/><G1/><T98/><D118/><U10/><E75/><V68/><F35/><W61/><G74/><T99/><D70/><U135/><E110/><V107/><F108/><W100/><G111/><T36/><D109/><U59/><E135/><V50/><F107/><W92/><G116/><T26/><D37/><U44/><E44/><V96/><F128/><W91/><G61/><T106/><D36/><U3/><E78/><N who="0" m="29705" /><D106/><U33/><E84/><V104/><F104/><W66/><G66/><T132/><D132/><U81/><E81/><N who="3" m="30730" /><G117/><T63/><D28/><U114/><E33/><V119/><F119/><W30/><G30/><T127/><D127/><N who="1" m="48683" /><E10/><V56/><F122/><W125/><G125/><T95/><D6/><U69/><E69/><V76/><F76/><W88/><G92/><N who="0" m="58695" /><D80/><U131/><E131/><V60/><F68/><W31/><G31/><T105/><D105/><U38/><E38/><V46/><F71/><W129/><G129/><T20/><D63/><N who="1" m="38127" /><E59/><V72/><F72/><W5/><G103/><T130/><D130/><U121/><E121/><V58/><F39/><W97/><G100/><T49/><D49/><U16/><E19/><V11/><F60/><W45/><G97/><T24/><N who="0" m="6144" /><DORA hai="29" /><T62/><D62/><U15/><AGARI ba="1,0" hai="0,3,15,16,22,112,114,115" m="38127,48683" machi="15" ten="40,2700,0" yaku="18,1,54,1" doraHai="21,29" who="1" fromWho="1" sc="145,-8,458,30,205,-8,192,-14" owari="137,-36.3,488,58.8,197,-0.3,178,-22.2" /></mjloggm>