<mjloggm ver="2.3"><GO type="225" lobby="0"/><UN n0="%E4%BF%BA%E3%81%A8%E5%A6%96%E5%A4%A2" n1="%E3%83%B4%E3%83%A0%EF%BC%99%E3%81%A6" n2="%33%74%72%65%65" n3="%E5%91%A8%E6%9D%B1" dan="16,16,17,17" rate="2183.89,2164.78,2175.01,2193.51" sx="F,M,F,M"/><TAIKYOKU oya="0"/><INIT seed="0,0,0,5,4,53" ten="250,250,250,250" oya="0" hai0="24,47,105,108,121,135,73,50,113,55,58,69,4" hai1="18,63,49,79,29,96,11,27,56,1,97,120,13" hai2="52,107,122,89,83,82,5,21,28,106,119,14,34" hai3="71,2,118,123,45,43,19,93,7,99,38,33,6"/><T54/><D113/><U75/><E120/><V44/><F122/><W10/><G123/><T60/><D121/><U36/><E36/><V116/><F34/><W128/><G128/><T72/><D105/><U112/><E112/><V0/><F0/><W67/><G33/><T110/><D4/><U132/><E132/><V65/><F65/><W95/><G118/><N who="2" m="45097" /><F28/><W126/><G126/><T74/><D135/><U15/><E1/><V23/><F5/><W39/><G39/><T133/><D133/><U70/><E70/><V62/><F44/><W57/><G71/><T125/><D125/><U104/><E104/><N who="2" m="39979" /><F89/><W98/><G7/><T102/><D102/><U59/><E15/><V68/><F68/><W90/><G19/><T12/><D12/><U117/><E117/><V129/><F129/><W78/><G78/><T37/><D24/><U81/><E49/><V32/><F32/><W103/><REACH who="3" step="1"/><G67/><REACH who="3" ten="250,250,250,240" step="2"/><N who="0" m="41191" /><D37/><U86/><E79/><V109/><F109/><N who="0" m="42090" /><D74/><U30/><E75/><V40/><F14/><W42/><G42/><T22/><D22/><N who="2" m="8202" /><F40/><W114/><G114/><T127/><D127/><U26/><E13/><V94/><F94/><W85/><G85/><T131/><D131/><U9/><E86/><V61/><F83/><W84/><G84/><T100/><D100/><U41/><E81/><V124/><F82/><W91/><G91/><T66/><D66/><U130/><E130/><V134/><F124/><W46/><G46/><T101/><D101/><U92/><E92/><V8/><F134/><W17/><G17/><T111/><N who="0" m="42098" /><T25/><DORA hai="16" /><D25/><U80/><E27/><RYUUKYOKU ba="0,1" sc="250,15,250,-15,250,-15,240,15" hai0="47,50,54,55,58,72,73" hai3="2,6,10,38,43,45,57,90,93,95,98,99,103" /><INIT seed="0,1,1,4,5,103" ten="265,235,235,255" oya="0" hai0="91,16,30,75,3,130,65,48,113,67,70,84,74" hai1="78,51,53,21,71,131,125,121,106,112,59,116,87" hai2="117,47,105,56,62,101,44,68,22,83,58,100,50" hai3="42,92,82,46,10,32,76,60,110,119,54,12,123"/><T122/><D113/><U11/><E116/><V79/><F117/><W5/><G119/><T94/><D122/><U2/><E121/><V135/><F135/><W81/><G123/><T118/><D118/><U99/><E71/><V29/><F68/><W127/><G32/><T61/><D3/><U28/><E112/><V55/><F29/><W4/><G110/><T88/><D130/><U52/><E131/><V114/><F114/><W20/><G127/><T80/><D30/><U9/><E125/><V8/><F22/><W23/><G5/><T115/><D115/><U40/><E40/><V25/><F25/><W108/><G108/><T41/><D65/><U77/><E2/><V134/><F8/><N who="1" m="3145" /><E106/><V49/><F134/><W15/><G92/><T13/><D48/><N who="1" m="31111" /><E99/><V69/><F69/><W31/><G31/><T17/><D41/><U45/><E87/><N who="2" m="48639" /><F105/><W38/><G15/><T133/><D133/><U102/><E102/><N who="2" m="39531" /><F56/><W27/><G27/><AGARI ba="1,1" hai="21,27,28,45,51,53,77,78" m="31111,3145" machi="27" ten="30,2000,0" yaku="8,1,54,1" doraHai="103" who="1" fromWho="3" sc="265,0,235,33,235,0,255,-23" /><INIT seed="1,0,0,1,3,81" ten="265,268,235,232" oya="1" hai0="103,32,91,135,69,98,52,60,71,125,38,129,31" hai1="46,120,115,14,15,61,17,37,43,34,102,30,40" hai2="89,79,45,21,95,80,133,124,64,26,66,3,1" hai3="20,7,130,50,53,49,83,118,10,18,29,63,111"/><U11/><E115/><V93/><F133/><W127/><G118/><T59/><D135/><U41/><E120/><V57/><F124/><W22/><G127/><T4/><D125/><U23/><E102/><V58/><F1/><W107/><G107/><T122/><D122/><U70/><E34/><V55/><F3/><W28/><G130/><T9/><D129/><U94/><E94/><V96/><F93/><W39/><G39/><T44/><D31/><U67/><REACH who="1" step="1"/><E30/><REACH who="1" ten="265,258,235,232" step="2"/><V65/><F95/><W5/><G29/><T92/><D32/><U74/><E74/><V33/><F33/><W84/><G28/><T73/><D103/><U68/><E68/><V48/><F96/><W116/><G116/><T105/><D73/><U121/><E121/><V77/><F89/><W106/><G106/><T13/><REACH who="0" step="1"/><D105/><REACH who="0" ten="255,258,235,232" step="2"/><U113/><E113/><V72/><REACH who="2" step="1"/><F79/><REACH who="2" ten="255,258,225,232" step="2"/><W42/><G111/><T2/><D2/><U108/><E108/><V86/><F86/><W100/><G84/><T99/><D99/><U109/><E109/><V6/><F6/><AGARI ba="0,3" hai="6,11,14,15,17,23,37,40,41,43,46,61,67,70" machi="6" ten="30,2900,0" yaku="1,1,7,1,53,0" doraHai="81" doraHaiUra="82" who="1" fromWho="2" sc="255,0,258,59,225,-29,232,0" /><INIT seed="1,1,0,1,1,104" ten="255,317,196,232" oya="1" hai0="119,103,121,41,94,118,40,9,83,35,81,110,14" hai1="53,13,49,84,61,134,72,92,48,64,6,105,33" hai2="4,120,130,75,122,65,95,71,67,80,2,16,101" hai3="3,59,43,22,36,109,31,39,0,20,90,23,106"/><U113/><E113/><V135/><F135/><W19/><G106/><T114/><D114/><U18/><E105/><V74/><F130/><W93/><G31/><T28/><D110/><U50/><E33/><V98/><F16/><W66/><G109/><T15/><D121/><U79/><E6/><V25/><F25/><W1/><G19/><T12/><D28/><U8/><E134/><V129/><F129/><W89/><G43/><T30/><D30/><U126/><E126/><V117/><F117/><W63/><REACH who="3" step="1"/><G93/><REACH who="3" ten="255,317,196,222" step="2"/><T77/><D94/><U100/><E92/><V78/><F122/><W38/><AGARI ba="1,1" hai="0,1,3,20,22,23,36,38,39,59,63,66,89,90" machi="38" ten="50,8000,1" yaku="1,1,2,1,0,1,29,2,53,0" doraHai="104" doraHaiUra="51" who="3" fromWho="3" sc="255,-21,317,-41,196,-21,222,93" /><INIT seed="2,0,0,0,4,113" ten="234,276,175,315" oya="2" hai0="40,17,45,130,38,15,109,87,121,21,80,127,128" hai1="29,88,82,46,89,11,81,83,73,115,71,107,132" hai2="37,43,114,22,41,34,23,61,110,62,52,111,3" hai3="95,47,85,102,59,105,42,10,31,68,35,104,67"/><V126/><F114/><W8/><G68/><T100/><D121/><U101/><E71/><V120/><F120/><W12/><G35/><T66/><D109/><N who="2" m="41482" /><F34/><W20/><G104/><T116/><D127/><U64/><E64/><V19/><F126/><W131/><G105/><T1/><D1/><U18/><E29/><V13/><F3/><W112/><G131/><N who="0" m="50219" /><D66/><U2/><E115/><V79/><F79/><W70/><G85/><T75/><D75/><U98/><E73/><V50/><F23/><W86/><G20/><T84/><D100/><U24/><E132/><V33/><F33/><W55/><G102/><T129/><N who="0" m="50227" /><T118/><DORA hai="49" /><D87/><U103/><E103/><V60/><F37/><W74/><G74/><T26/><D26/><U57/><E2/><V76/><F76/><AGARI ba="0,0" hai="15,17,21,38,40,45,76,80,84,116,118" m="50227" machi="76" ten="40,5200,0" yaku="19,1,52,2" doraHai="113,49" who="0" fromWho="2" sc="234,52,276,0,175,-52,315,0" /><INIT seed="3,0,0,3,5,7" ten="286,276,123,315" oya="3" hai0="3,123,93,68,55,115,70,97,19,105,37,0,56" hai1="122,23,132,101,35,46,85,34,63,69,4,28,62" hai2="65,118,52,6,13,41,54,45,60,42,108,110,129" hai3="83,77,12,114,112,90,131,67,18,39,48,95,20"/><W2/><G39/><T121/><D105/><U119/><E122/><V107/><F107/><W11/><G67/><T9/><D37/><U25/><E132/><V81/><F81/><W102/><G102/><T47/><D47/><U22/><E119/><V94/><F118/><W127/><G127/><T116/><D116/><U87/><E101/><V86/><F129/><W33/><G33/><T103/><D115/><U128/><E128/><V98/><F86/><W8/><G131/><T38/><D38/><U32/><E4/><V125/><F125/><W27/><G2/><T111/><D111/><U16/><E46/><V53/><F45/><W10/><G48/><T29/><D29/><U100/><E100/><V15/><F110/><W21/><G83/><T36/><D36/><U117/><E117/><V14/><F108/><W17/><REACH who="3" step="1"/><G77/><REACH who="3" ten="286,276,123,305" step="2"/><T120/><D0/><U58/><E69/><V99/><F6/><W88/><G88/><T133/><D133/><U124/><E124/><V51/><F51/><W74/><G74/><T26/><D70/><U61/><REACH who="1" step="1"/><E58/><REACH who="1" ten="286,266,123,305" step="2"/><N who="2" m="37015" /><F94/><W30/><G30/><T73/><D68/><U44/><E44/><V80/><F80/><W134/><G134/><T5/><D120/><U104/><E104/><V106/><F106/><W71/><G71/><T113/><D113/><U135/><E135/><V64/><F64/><W72/><G72/><T24/><D73/><U130/><E130/><V43/><AGARI ba="0,2" hai="13,14,15,41,42,43,52,53,54,98,99" m="37015" machi="43" ten="40,8000,1" yaku="29,2,8,1,54,1" doraHai="7" who="2" fromWho="2" sc="286,-20,266,-20,123,100,305,-40" /><INIT seed="4,0,0,5,5,117" ten="266,246,223,265" oya="0" hai0="91,51,43,13,5,20,124,36,10,112,53,102,106" hai1="88,12,108,95,72,135,111,132,75,30,125,22,122" hai2="25,100,118,99,103,18,78,47,7,61,56,115,32" hai3="27,121,133,1,110,63,113,127,87,81,41,130,96"/><T90/><D124/><U80/><E125/><V131/><F118/><W55/><G127/><T116/><D116/><U84/><E30/><V114/><F131/><W105/><G1/><T16/><D112/><N who="2" m="43050" /><F7/><W69/><G113/><T33/><D33/><U104/><E122/><V93/><F78/><W23/><G130/><T42/><D102/><U48/><E48/><V52/><F47/><W57/><G110/><N who="1" m="42026" /><E12/><V76/><F76/><W85/><G121/><T15/><D106/><U107/><E22/><N who="2" m="13527" /><F32/><W89/><G133/><N who="1" m="51274" /><E80/><V49/><F49/><W59/><G41/><N who="0" m="15371" /><D36/><U62/><E62/><V71/><F71/><W73/><G69/><T67/><D67/><U79/><E79/><V70/><F70/><W54/><G105/><AGARI ba="0,0" hai="72,75,84,88,95,104,105,107" m="51274,42026" machi="105" ten="40,8000,1" yaku="20,1,34,2,54,1" doraHai="117" who="1" fromWho="3" sc="266,0,246,80,223,0,265,-80" owari="266,6.6,326,42.6,223,-17.7,185,-31.5" /></mjloggm>