<mjloggm ver="2.3"><GO type="225" lobby="0"/><UN n0="%E7%99%BD%E5%80%89%E5%AF%9B%E4%B9%8B" n1="%E6%A1%9C%E6%B2%A2%E5%A2%A8" n2="%E5%91%A8%E6%9D%B1" n3="%E3%83%96%E3%83%83%E3%83%91%E3%82%AA%E3%83%96%E3%83%81%E3%82%AD%E3%83%B3" dan="16,17,17,16" rate="2129.52,2159.79,2223.96,2068.23" sx="M,F,M,M"/><TAIKYOKU oya="0"/><INIT seed="0,0,0,4,5,102" ten="250,250,250,250" oya="0" hai0="22,43,118,123,45,62,69,7,10,105,42,58,133" hai1="86,53,112,68,3,5,111,127,46,26,106,18,56" hai2="78,131,63,103,115,29,121,2,60,101,50,48,25" hai3="0,33,6,4,55,72,66,13,54,75,130,132,92"/><T88/><D105/><U94/><E68/><V119/><F2/><W107/><G33/><T116/><D123/><U135/><E106/><V23/><F121/><W99/><G130/><T87/><D69/><U19/><E111/><V39/><F39/><W85/><G0/><T70/><D70/><U109/><E109/><V65/><F115/><W41/><G132/><T84/><D22/><U47/><E135/><V113/><F113/><W14/><G41/><T59/><D133/><U114/><E127/><V93/><F131/><W124/><G124/><T77/><D77/><U32/><E114/><V96/><F119/><W110/><G110/><T79/><D79/><U16/><E112/><V128/><F128/><W80/><G107/><T9/><D45/><N who="1" m="16907" /><E3/><V76/><F103/><N who="3" m="60903" /><G66/><T51/><D51/><N who="2" m="19498" /><F63/><W38/><G72/><T37/><D62/><N who="1" m="36111" /><E5/><N who="3" m="2154" /><G75/><T31/><D7/><U21/><E32/><V17/><F17/><W117/><G117/><T91/><REACH who="0" step="1"/><D31/><REACH who="0" ten="240,250,250,250" step="2"/><U64/><E64/><V122/><F122/><W83/><G38/><AGARI ba="0,1" hai="9,10,37,38,42,43,58,59,84,87,88,91,116,118" machi="38" ten="25,12000,1" yaku="1,1,2,1,22,2,54,1,53,0" doraHai="102" doraHaiUra="126" who="0" fromWho="3" sc="240,130,250,0,250,0,250,-120" /><INIT seed="0,1,0,3,4,9" ten="370,250,250,130" oya="0" hai0="16,105,27,75,135,3,123,10,41,80,5,42,64" hai1="0,30,65,86,85,25,2,17,54,96,125,133,45" hai2="29,104,98,61,129,113,77,33,12,117,55,115,34" hai3="128,58,111,63,19,73,28,50,87,31,130,6,83"/><T48/><D105/><U71/><E133/><V53/><F77/><W99/><G73/><T76/><D135/><U107/><E125/><V101/><F129/><N who="3" m="49771" /><G111/><T15/><D123/><U81/><E17/><V46/><F117/><W7/><G50/><T119/><D119/><U1/><E54/><V43/><F115/><W90/><G99/><T134/><D134/><U131/><E45/><V59/><F113/><W118/><G118/><T37/><D37/><U18/><E18/><V11/><F29/><N who="3" m="11339" /><G19/><T97/><D27/><U78/><E131/><V49/><REACH who="2" step="1"/><F43/><REACH who="2" ten="370,250,240,130" step="2"/><W103/><G103/><T47/><D42/><U13/><E30/><V24/><F24/><W44/><G44/><T52/><D41/><U79/><E25/><V94/><F94/><W69/><G69/><T120/><D120/><U35/><E71/><V4/><AGARI ba="1,1" hai="4,11,12,33,34,46,49,53,55,59,61,98,101,104" machi="4" ten="20,5200,0" yaku="1,1,0,1,7,1,52,1,53,0" doraHai="9" doraHaiUra="20" who="2" fromWho="2" sc="370,-27,250,-14,240,65,130,-14" /><INIT seed="1,0,0,0,2,70" ten="343,236,305,116" oya="1" hai0="11,60,21,2,92,100,5,63,83,130,101,107,54" hai1="28,111,133,125,53,1,77,66,85,75,12,84,103" hai2="113,134,18,80,110,93,67,131,114,34,29,116,76" hai3="126,58,6,59,27,31,120,38,117,50,68,16,0"/><U23/><E1/><V22/><F116/><W108/><G120/><T13/><D107/><U41/><E133/><V121/><F121/><W46/><G68/><T123/><D130/><U109/><E125/><V25/><F131/><W129/><G129/><T89/><D123/><U132/><E132/><V88/><F67/><W43/><G126/><T86/><D2/><U4/><E66/><V90/><F134/><W128/><G128/><T57/><D21/><U32/><E32/><V17/><F110/><N who="1" m="41993" /><E103/><V96/><F90/><W127/><G127/><T105/><D105/><U72/><E53/><V56/><F56/><W8/><G108/><T122/><D122/><U65/><E65/><V73/><REACH who="2" step="1"/><F18/><REACH who="2" ten="343,236,295,116" step="2"/><W7/><G117/><T20/><D63/><U124/><E124/><V45/><F45/><W115/><G7/><T48/><D20/><U112/><E4/><V42/><F42/><W82/><G115/><T36/><D60/><U81/><E112/><V74/><F74/><W99/><G16/><T10/><D10/><U3/><E75/><V55/><F55/><W119/><G119/><T94/><D101/><U106/><E41/><V95/><F95/><W97/><G82/><T91/><D100/><U37/><E106/><V47/><F47/><W49/><G59/><T78/><D92/><U44/><E72/><V69/><F69/><W118/><G118/><T135/><D135/><U33/><E44/><V19/><F19/><W24/><G58/><T102/><D102/><U87/><E23/><V15/><AGARI ba="0,1" hai="15,17,22,25,29,34,73,76,80,88,93,96,113,114" machi="15" ten="30,7900,0" yaku="1,1,0,1,54,1,53,1" doraHai="70" doraHaiUra="104" who="2" fromWho="2" sc="343,-20,236,-39,295,89,116,-20" /><INIT seed="2,0,0,3,2,64" ten="323,197,384,96" oya="2" hai0="107,74,61,92,111,83,17,109,123,42,19,26,93" hai1="112,101,90,25,134,130,63,67,82,54,7,45,15" hai2="33,88,78,30,10,115,35,132,21,70,43,4,55" hai3="22,97,122,11,44,121,71,117,94,110,40,114,91"/><V125/><F115/><W86/><G117/><T49/><D107/><U52/><E112/><V85/><F70/><W41/><G114/><T100/><D123/><U1/><E130/><V87/><F43/><W23/><G110/><T13/><D26/><U127/><E127/><V65/><F65/><W119/><G119/><T135/><D135/><U50/><E134/><V58/><F125/><W51/><G41/><T2/><D2/><U128/><E128/><V3/><F78/><W27/><G22/><T6/><D6/><U36/><E36/><V106/><F87/><W108/><G108/><T18/><D13/><U133/><E133/><V96/><F96/><W120/><G11/><T84/><D74/><U37/><E37/><V69/><F69/><W8/><G8/><T68/><D100/><U104/><E1/><V14/><F106/><W48/><G86/><T29/><D29/><U116/><E116/><V99/><F99/><W131/><G51/><T0/><D0/><U12/><E7/><V16/><F30/><W9/><G9/><T113/><D113/><U98/><E54/><V79/><F79/><W102/><G131/><T72/><D72/><U129/><E129/><V38/><F38/><W126/><G126/><T47/><D109/><U5/><E98/><V76/><F76/><W53/><G40/><T62/><D111/><U118/><E118/><V77/><F77/><W66/><G102/><T95/><REACH who="0" step="1"/><D68/><REACH who="0" ten="313,197,384,96" step="2"/><U81/><E101/><V31/><F31/><N who="3" m="17919" /><G122/><T46/><D46/><U20/><E45/><V56/><F132/><W73/><G73/><T89/><AGARI ba="0,1" hai="17,18,19,42,47,49,61,62,83,84,89,92,93,95" machi="89" ten="30,7900,0" yaku="1,1,5,1,0,1,8,1,53,0" doraHai="64" doraHaiUra="124" who="0" fromWho="0" sc="313,89,197,-20,384,-39,96,-20" /><INIT seed="3,0,0,3,1,7" ten="402,177,345,76" oya="3" hai0="93,64,75,63,120,72,49,32,83,104,18,105,39" hai1="113,130,95,43,82,73,50,85,67,57,28,114,41" hai2="22,107,110,59,23,37,53,122,46,128,99,17,102" hai3="45,48,97,115,88,31,78,96,92,66,12,5,21"/><W84/><G115/><T74/><D32/><U26/><E73/><V55/><F128/><W124/><G124/><T100/><D39/><U86/><E130/><V24/><F110/><W76/><G66/><T134/><D120/><U54/><E67/><V81/><F122/><W117/><G117/><T62/><D83/><U40/><E95/><V69/><F69/><W27/><G78/><T133/><D49/><U52/><E54/><V135/><F135/><N who="0" m="51722" /><D18/><U116/><E86/><V79/><F37/><W29/><G76/><T16/><D16/><U89/><REACH who="1" step="1"/><E116/><REACH who="1" ten="402,167,345,76" step="2"/><V129/><F129/><W14/><G31/><T131/><D131/><U68/><E68/><V3/><F55/><W127/><G127/><T60/><D64/><U56/><E56/><V38/><F59/><W65/><G65/><T10/><D93/><U30/><E30/><V15/><F53/><N who="3" m="29839" /><G14/><T1/><D100/><U119/><E119/><V132/><F132/><W11/><AGARI ba="0,1" hai="5,11,12,21,27,29,84,88,92,96,97" m="29839" machi="11" ten="30,6000,0" yaku="8,1,52,1,54,1" doraHai="7" who="3" fromWho="3" sc="402,-20,167,-20,345,-20,76,70" /><INIT seed="3,1,0,3,5,94" ten="382,147,325,146" oya="3" hai0="16,113,117,128,57,87,111,90,107,62,5,38,101" hai1="10,93,55,86,104,130,21,106,58,4,43,11,105" hai2="41,102,95,22,116,60,8,96,71,31,28,129,118" hai3="74,91,100,76,42,133,64,39,82,75,97,33,48"/><W14/><G33/><T134/><D38/><U27/><E43/><V45/><F129/><W61/><G133/><T26/><D134/><U125/><E130/><V127/><F127/><W81/><G39/><T49/><D111/><U30/><E125/><V99/><F8/><W36/><G36/><T13/><D117/><U35/><E35/><V15/><F71/><W24/><G24/><T124/><D113/><U54/><E11/><V89/><F60/><W119/><G119/><T56/><D5/><U72/><E72/><V114/><F114/><W37/><G37/><T108/><D26/><U18/><E30/><V52/><F41/><W69/><G14/><T126/><D101/><U0/><E58/><V85/><F118/><W115/><G115/><T73/><D107/><U1/><E1/><V2/><F2/><W3/><G3/><T46/><D73/><U50/><E50/><N who="2" m="28751" /><F116/><W68/><G68/><T9/><D108/><U20/><E20/><V65/><F65/><W92/><G75/><T53/><D57/><U120/><E120/><V29/><F102/><W23/><G23/><T110/><D128/><U47/><E47/><V7/><F7/><W123/><G123/><T121/><D110/><U112/><E112/><V6/><F6/><W131/><G131/><T59/><D59/><U12/><E0/><V25/><F15/><W83/><REACH who="3" step="1"/><G100/><REACH who="3" ten="382,147,325,136" step="2"/><T70/><D70/><U132/><E132/><V98/><AGARI ba="1,1" hai="22,25,28,29,31,85,89,95,96,98,99" m="28751" machi="98" ten="30,8000,1" yaku="8,1,52,3,54,1" doraHai="94" who="2" fromWho="2" sc="382,-21,147,-21,325,93,136,-41" owari="361,16.1,126,-27.4,418,51.8,95,-40.5" /></mjloggm>