<mjloggm ver="2.3"><GO type="225" lobby="0"/><UN n0="%E3%81%8B%E3%82%8F%E3%81%A1%E3%82%83%E3%82%93%35%38" n1="%E5%B8%86%E7%AB%8B%E5%A4%8F%E8%A1%A3" n2="%E7%99%BD%E5%80%89%E5%AF%9B%E4%B9%8B" n3="%70%68%65%6E%6F%6D%65" dan="16,17,16,16" rate="2177.00,2167.03,2126.07,2142.32" sx="M,M,M,M"/><TAIKYOKU oya="0"/><INIT seed="0,0,0,4,5,103" ten="250,250,250,250" oya="0" hai0="27,95,127,124,86,122,75,49,108,129,104,89,19" hai1="53,106,120,109,73,71,25,94,128,29,117,105,68" hai2="43,121,113,32,76,72,54,87,79,28,11,30,15" hai3="24,84,93,48,123,38,40,9,1,132,18,80,110"/><T60/><D122/><U65/><E53/><V90/><F121/><W39/><G123/><T41/><D75/><U0/><E120/><V10/><F113/><W67/><G110/><T20/><D129/><U57/><E57/><V97/><F72/><W16/><G132/><T3/><D3/><U23/><E94/><V135/><F135/><W55/><G67/><T34/><D108/><U44/><E109/><V47/><F11/><W126/><G126/><N who="0" m="48171" /><D34/><N who="1" m="20783" /><E117/><V12/><F97/><W134/><G134/><T63/><D104/><N who="1" m="40043" /><E23/><V66/><F32/><W116/><G93/><T6/><D6/><U17/><E17/><V101/><F15/><W61/><G116/><T99/><D99/><U58/><E58/><V78/><F101/><W81/><G1/><T125/><N who="0" m="48179" /><T35/><DORA hai="107" /><D35/><U131/><E0/><V118/><F54/><W96/><G96/><T4/><D4/><U7/><E7/><V31/><F118/><W77/><G18/><T74/><D74/><U45/><E73/><V91/><F87/><W33/><G33/><T52/><D41/><U70/><E65/><V69/><F12/><W92/><G40/><T22/><D20/><U85/><E85/><V112/><F10/><W50/><G9/><T59/><AGARI ba="0,0" hai="19,22,27,49,52,59,60,63,86,89,95" m="48179" machi="59" ten="40,3900,0" yaku="18,1,54,1" doraHai="103,107" who="0" fromWho="0" sc="250,39,250,-13,250,-13,250,-13" /><INIT seed="0,1,0,3,2,38" ten="289,237,237,237" oya="0" hai0="121,132,110,34,35,117,51,71,75,22,124,65,111" hai1="8,113,15,79,116,47,23,85,1,48,84,80,60" hai2="127,50,12,45,76,64,0,102,94,123,100,36,114" hai3="53,26,49,89,107,91,96,74,25,103,70,20,13"/><T67/><D117/><U10/><E113/><V46/><F0/><W92/><G70/><T118/><D118/><U119/><E84/><V9/><F114/><W40/><G74/><T97/><D121/><U55/><E23/><V134/><F123/><W41/><G13/><T7/><D75/><U68/><E8/><V109/><F127/><W78/><G78/><T106/><D7/><U115/><E1/><V99/><F134/><W69/><G69/><T122/><D122/><U29/><E29/><V61/><F76/><W88/><G107/><T6/><D6/><U37/><E37/><V16/><F36/><W87/><G87/><T24/><D51/><U104/><E104/><V39/><F39/><W33/><G33/><N who="0" m="12299" /><D71/><U125/><E125/><V128/><F102/><W82/><G82/><T95/><D106/><U17/><REACH who="1" step="1"/><E115/><REACH who="1" ten="289,227,237,237" step="2"/><V98/><F9/><W54/><G26/><T93/><D124/><U105/><E105/><V2/><F2/><W19/><G54/><T66/><D132/><U4/><E4/><V14/><F14/><W27/><G27/><T72/><D72/><U56/><E56/><AGARI ba="1,1" hai="19,20,25,40,41,49,53,56,88,89,91,92,96,103" machi="56" ten="40,8000,1" yaku="8,1,52,2,54,1" doraHai="38" who="3" fromWho="1" sc="289,0,227,-83,237,0,237,93" /><INIT seed="1,0,0,2,3,0" ten="289,144,237,330" oya="1" hai0="131,12,19,73,103,32,105,42,77,124,90,130,25" hai1="59,47,128,84,116,104,93,99,17,39,80,50,52" hai2="58,35,82,23,111,75,34,79,49,71,60,114,3" hai3="30,20,132,38,68,13,27,98,100,53,64,9,118"/><U81/><E128/><N who="0" m="49193" /><D42/><U29/><E116/><V14/><F3/><W5/><G132/><T11/><D90/><U86/><E104/><V127/><F114/><W15/><G118/><T97/><D124/><U26/><E17/><V69/><F127/><W113/><G113/><T31/><D77/><U33/><E39/><V16/><F111/><W122/><G122/><T40/><D40/><U45/><E84/><V85/><F49/><W94/><G38/><T63/><D63/><U102/><REACH who="1" step="1"/><E81/><REACH who="1" ten="289,134,237,330" step="2"/><V44/><F85/><W101/><G94/><N who="0" m="58807" /><D73/><U37/><E37/><V21/><F82/><W125/><G125/><T72/><D72/><U55/><E55/><V57/><F75/><W112/><G53/><T7/><D105/><U62/><E62/><V109/><F60/><W126/><G126/><T41/><D41/><U88/><AGARI ba="0,1" hai="26,29,33,45,47,50,52,59,80,86,88,93,99,102" machi="88" ten="20,18000,2" yaku="1,1,0,1,7,1,54,2,53,1" doraHai="0" doraHaiUra="83" who="1" fromWho="1" sc="289,-60,134,190,237,-60,330,-60" /><INIT seed="1,1,0,0,5,135" ten="229,324,177,270" oya="1" hai0="7,26,69,64,16,90,2,37,132,91,17,39,4" hai1="122,98,129,124,130,93,30,77,82,72,6,35,53" hai2="116,87,85,109,18,5,19,38,84,115,45,50,86" hai3="81,131,67,3,95,49,99,22,76,123,24,125,0"/><U106/><E122/><V21/><F116/><W40/><G123/><T103/><D103/><N who="1" m="62839" /><E6/><V121/><F121/><W43/><G131/><N who="1" m="50186" /><E53/><V108/><F38/><W20/><G67/><T31/><D64/><U74/><E30/><V57/><F115/><W113/><G113/><T15/><D69/><U105/><E35/><V65/><F5/><W78/><G49/><T42/><D42/><U36/><E36/><V119/><F119/><W63/><G95/><T56/><D56/><U47/><E47/><V58/><N who="2" m="21504" /><DORA hai="83" /><V10/><F10/><W51/><G81/><T59/><D59/><N who="2" m="22538" /><F65/><W94/><G51/><T62/><D132/><U28/><E105/><V73/><F73/><W1/><G1/><T9/><D2/><U79/><E28/><V25/><F109/><W11/><G0/><T96/><D31/><U128/><E128/><V126/><F126/><W34/><G125/><T41/><D62/><U27/><E124/><V54/><F108/><W92/><G34/><T101/><D39/><U68/><E68/><V13/><F19/><W60/><G3/><T52/><D17/><U23/><E74/><V61/><F61/><W112/><G112/><T89/><D4/><U88/><E72/><V12/><AGARI ba="1,0" hai="12,13,18,21,25,45,50,54" m="22538,21504" machi="12" ten="50,8000,1" yaku="8,1,52,4" doraHai="135,83" who="2" fromWho="2" sc="229,-21,324,-41,177,83,270,-21" /><INIT seed="2,0,0,2,5,107" ten="208,283,260,249" oya="2" hai0="130,32,104,61,134,35,41,24,57,50,53,95,29" hai1="93,129,36,126,125,70,13,1,60,47,112,85,18" hai2="46,42,78,122,43,114,3,79,28,15,0,9,8" hai3="88,115,44,4,31,86,7,106,116,81,17,45,68"/><V128/><F122/><W82/><G116/><T123/><D134/><U117/><E112/><V113/><F28/><W22/><G115/><T54/><D130/><U33/><E117/><V71/><F46/><N who="3" m="18027" /><G106/><T135/><D135/><U66/><E1/><V12/><REACH who="2" step="1"/><F71/><REACH who="2" ten="208,283,250,249" step="2"/><W91/><G68/><T58/><D123/><U52/><E47/><V34/><F34/><W83/><G31/><T49/><D41/><U69/><E33/><V37/><F37/><W51/><G51/><T30/><D61/><U102/><E36/><V59/><F59/><W124/><G124/><T133/><D133/><U110/><E70/><V16/><F16/><W89/><G86/><T73/><D32/><U72/><E85/><V119/><F119/><W74/><G74/><T90/><D30/><U75/><E72/><V62/><F62/><W19/><G19/><T64/><D73/><U27/><E75/><V10/><F10/><W38/><G38/><T40/><D40/><U92/><E125/><V105/><F105/><W6/><G7/><T118/><D104/><U121/><E126/><V127/><F127/><W25/><AGARI ba="0,1" hai="4,6,17,22,25,81,82,83,88,89,91" m="18027" machi="25" ten="40,2700,0" yaku="8,1,54,1" doraHai="107" who="3" fromWho="3" sc="208,-7,283,-7,250,-13,249,37" /><INIT seed="3,0,0,0,4,98" ten="201,276,237,286" oya="3" hai0="115,8,91,126,34,88,124,27,109,104,108,128,0" hai1="105,101,21,80,62,42,23,6,118,53,120,112,66" hai2="116,25,78,40,97,30,60,127,117,131,11,29,48" hai3="51,119,83,61,114,20,14,15,130,103,79,54,75"/><W44/><G114/><T73/><D73/><U46/><E120/><V121/><F121/><W4/><G119/><T49/><D115/><U123/><E118/><V90/><F78/><W84/><G130/><T64/><D128/><U125/><E125/><N who="0" m="48233" /><D64/><U19/><E112/><V81/><F131/><W113/><G113/><T22/><D34/><U17/><E6/><V45/><F30/><W55/><G75/><T63/><D63/><U1/><E1/><V106/><F127/><W77/><G79/><T76/><D76/><U102/><E105/><V100/><F60/><W111/><G111/><N who="0" m="42571" /><D104/><U99/><E123/><V5/><F90/><N who="0" m="34346" /><D49/><U132/><E66/><V18/><F81/><W7/><G61/><T28/><D8/><U89/><E62/><V37/><F48/><W129/><G129/><T24/><D24/><U12/><E80/><V9/><F9/><W52/><G51/><T58/><D58/><U85/><E23/><V26/><F26/><W93/><G20/><T135/><D0/><U47/><E21/><V10/><F10/><W57/><G44/><T69/><D135/><U13/><E132/><V41/><F116/><W70/><G57/><T35/><D35/><U68/><E47/><V56/><F117/><W50/><G50/><T122/><D122/><U82/><E46/><V94/><F56/><W71/><G7/><T72/><D72/><U86/><E82/><V95/><F5/><W2/><G2/><T33/><D33/><U110/><E110/><V32/><F41/><W107/><G4/><T39/><D39/><U59/><E42/><V3/><F3/><RYUUKYOKU ba="0,0" sc="201,15,276,-15,237,15,286,-15" hai0="22,27,28,69" hai2="11,18,25,29,32,37,40,45,94,95,97,100,106" /><INIT seed="4,1,0,2,2,112" ten="216,261,252,271" oya="0" hai0="65,9,15,49,93,111,43,12,132,95,68,119,70" hai1="59,104,117,122,3,32,78,18,19,98,69,133,74" hai2="110,91,10,4,58,5,124,79,25,2,1,36,84" hai3="71,63,123,131,100,33,83,102,82,72,46,6,75"/><T81/><D119/><U21/><E117/><V20/><F36/><W76/><G33/><T52/><D132/><U28/><E122/><V29/><F110/><W14/><G131/><T114/><D114/><U64/><E133/><V135/><F135/><W60/><G123/><T92/><D111/><U41/><E3/><V127/><F79/><W134/><G134/><T17/><D65/><U37/><E74/><V11/><REACH who="2" step="1"/><F58/><REACH who="2" ten="216,261,242,271" step="2"/><W23/><G76/><T48/><D70/><U118/><E78/><V0/><F0/><W40/><G71/><T77/><D68/><U94/><E59/><V130/><F130/><W13/><G75/><T66/><D66/><U16/><E64/><V51/><F51/><W116/><G72/><T99/><D48/><U120/><E69/><V62/><F62/><W108/><G60/><T7/><D43/><U125/><E41/><V85/><F85/><W88/><G63/><T38/><D38/><U129/><E37/><V101/><F101/><W39/><G108/><T42/><D42/><U80/><E129/><V103/><F103/><W57/><G57/><T115/><D115/><U67/><E120/><V54/><F54/><W107/><G102/><T56/><D99/><U27/><E98/><V89/><F89/><W24/><G88/><T31/><D31/><U73/><E67/><V128/><F128/><W106/><G100/><T126/><D126/><U44/><E125/><V34/><F34/><W26/><G39/><T45/><D56/><U22/><E32/><V105/><F105/><W30/><G106/><T53/><D53/><U109/><E104/><RYUUKYOKU ba="1,1" sc="216,-10,261,-10,242,30,271,-10" hai2="1,2,4,5,10,11,20,25,29,84,91,124,127" /><INIT seed="5,2,1,3,4,29" ten="206,251,272,261" oya="1" hai0="85,109,98,130,5,99,127,26,50,15,94,129,104" hai1="65,25,58,123,90,87,73,81,97,108,30,122,43" hai2="126,9,0,17,51,55,115,31,16,49,61,116,38" hai3="66,84,80,96,23,53,107,20,121,46,32,135,45"/><U67/><E73/><V124/><F38/><W21/><G121/><T102/><D109/><U24/><E108/><V35/><F116/><W88/><G135/><T118/><D118/><U105/><E25/><N who="2" m="18927" /><F115/><W64/><G32/><T128/><D127/><N who="2" m="48682" /><F61/><W2/><G2/><T95/><D26/><U34/><E43/><V54/><F0/><W120/><G120/><T41/><D85/><U92/><E105/><V13/><F17/><W132/><G132/><T52/><D41/><U40/><E40/><V75/><F75/><W1/><G1/><T78/><D78/><U91/><E123/><V6/><F6/><W10/><G10/><N who="0" m="4559" /><D99/><U119/><E122/><V22/><F9/><W48/><REACH who="3" step="1"/><G46/><AGARI ba="2,1" hai="46,50,52,94,95,98,102,104,128,129,130" m="4559" machi="46" ten="30,2000,0" yaku="19,1,54,1" doraHai="29" who="0" fromWho="3" sc="206,36,251,0,272,0,261,-26" /><INIT seed="6,0,0,2,1,85" ten="242,251,272,235" oya="2" hai0="122,39,123,13,66,21,28,75,1,33,88,57,125" hai1="87,27,20,48,36,76,107,124,106,34,30,25,40" hai2="99,89,53,104,63,11,47,61,116,3,60,10,69" hai3="56,120,72,94,83,71,78,16,29,67,113,101,37"/><V92/><F116/><W126/><G120/><T127/><D75/><U18/><E36/><V121/><F121/><W111/><G111/><T133/><D39/><U51/><E124/><N who="0" m="47689" /><D1/><U58/><E51/><N who="2" m="28927" /><F104/><W102/><G126/><T135/><D33/><U73/><E73/><V2/><F2/><W100/><G71/><T55/><D66/><U74/><E74/><V24/><F3/><W49/><G37/><T54/><D54/><U62/><E48/><V103/><F69/><W114/><G29/><T128/><D128/><U70/><E40/><V130/><F130/><W38/><G38/><T108/><D108/><U17/><E70/><V52/><F24/><W7/><G7/><T95/><D28/><U91/><E76/><V134/><F134/><N who="0" m="51210" /><D21/><U84/><E18/><V93/><F52/><N who="3" m="31759" /><G67/><T50/><D13/><U97/><E58/><V14/><F14/><W96/><G16/><T43/><D43/><U131/><E131/><V42/><F42/><W44/><G44/><T98/><AGARI ba="0,0" hai="50,55,57,88,95,98,122,123" m="51210,47689" machi="98" ten="30,7900,0" yaku="18,1,20,1,52,1,54,1" doraHai="85" who="0" fromWho="0" sc="242,79,251,-20,272,-39,235,-20" owari="321,42.1,231,-16.9,233,3.3,215,-28.5" /></mjloggm>