<mjloggm ver="2.3"><GO type="225" lobby="0"/><UN n0="%E3%80%90%E3%83%88%E3%83%AA%E3%83%A5%E3%83%95%E3%80%91" n1="%E6%A1%9C%E8%8A%B1%E9%96%83%E3%80%85" n2="%E3%81%90%E3%81%A1%E3%82%84%E3%81%BE" n3="%6C%65%74%69%74%62%65" dan="16,16,16,16" rate="2054.83,2105.49,2137.08,2055.10" sx="M,M,M,M"/><TAIKYOKU oya="0"/><INIT seed="0,0,0,0,5,105" ten="250,250,250,250" oya="0" hai0="28,79,45,39,22,127,102,125,91,55,23,59,64" hai1="65,108,101,41,17,54,37,8,46,6,31,73,114" hai2="133,100,2,124,63,92,52,4,107,87,70,117,111" hai3="119,118,20,109,56,51,93,29,57,74,34,47,5"/><T104/><D91/><U71/><E108/><V58/><F111/><W89/><G109/><T18/><D64/><U81/><E31/><V113/><F113/><W25/><G5/><T122/><D79/><N who="1" m="44271" /><E17/><V88/><F124/><N who="0" m="47690" /><D122/><U36/><E54/><V75/><F133/><W32/><G74/><T130/><D102/><U128/><E101/><V26/><F117/><W69/><G69/><T115/><D104/><U9/><E9/><V72/><F70/><W131/><G131/><T110/><D130/><U42/><E128/><V15/><F2/><W33/><G118/><T78/><D78/><U66/><E114/><V7/><F26/><W112/><G112/><T10/><D115/><U61/><E61/><V68/><F68/><W12/><G12/><N who="0" m="7447" /><D28/><U53/><E53/><V44/><F44/><W49/><G119/><T99/><D99/><U27/><E66/><V62/><F62/><W82/><G82/><T19/><D19/><U80/><E80/><V121/><F121/><W132/><G132/><T35/><D35/><U48/><E65/><V116/><F116/><W0/><G47/><T86/><D86/><U90/><E71/><V103/><F4/><W120/><G120/><T98/><D98/><U96/><E96/><N who="2" m="61831" /><F103/><W95/><G57/><T85/><D85/><U13/><E41/><V126/><F126/><W43/><G43/><N who="0" m="22783" /><D110/><U30/><E37/><V106/><F106/><W50/><G56/><T84/><D84/><U16/><E36/><V123/><F123/><W76/><G76/><T14/><D14/><U40/><E13/><V38/><F38/><W3/><G89/><RYUUKYOKU ba="0,0" sc="250,10,250,-30,250,10,250,10" hai0="22,23,55,59" hai2="7,15,52,58,63,72,75,87,88,92" hai3="0,3,20,25,29,32,33,34,49,50,51,93,95" /><INIT seed="0,1,0,5,0,37" ten="260,220,260,260" oya="0" hai0="89,131,45,119,132,28,108,74,30,86,92,16,116" hai1="41,93,13,66,60,10,82,36,3,73,103,94,1" hai2="85,8,32,9,57,33,99,90,105,97,79,44,98" hai3="71,129,12,126,14,113,102,40,19,124,7,70,100"/><T133/><D74/><U109/><E109/><V101/><F79/><W0/><G113/><T22/><D108/><U25/><E25/><V52/><F44/><W96/><G0/><T112/><D45/><N who="1" m="23719" /><E13/><N who="3" m="5226" /><G7/><T23/><D112/><U38/><E38/><V95/><F99/><W2/><G2/><T81/><D131/><U48/><E48/><V63/><REACH who="2" step="1"/><F98/><REACH who="2" ten="260,220,250,260" step="2"/><W118/><G96/><N who="0" m="57359" /><D116/><U61/><E103/><V4/><F4/><W72/><G118/><T111/><D111/><U65/><E73/><V110/><F110/><W114/><G72/><T87/><D119/><U35/><E10/><AGARI ba="1,1" hai="8,9,10,32,33,52,57,63,85,90,95,97,101,105" machi="10" ten="40,8000,1" yaku="1,1,54,1,53,2" doraHai="37" doraHaiUra="29" who="2" fromWho="1" sc="260,0,220,-83,250,93,260,0" /><INIT seed="1,0,0,5,2,94" ten="260,137,343,260" oya="1" hai0="93,92,90,104,69,14,46,77,63,122,81,28,49" hai1="25,9,106,121,21,51,70,42,5,3,67,13,116" hai2="56,19,126,112,32,115,66,129,61,83,48,50,76" hai3="134,23,119,18,11,16,101,87,127,97,109,47,12"/><U75/><E116/><V72/><F129/><W24/><G119/><T107/><D122/><U45/><E121/><V55/><F126/><W36/><G127/><T105/><D28/><U113/><E113/><N who="2" m="43595" /><F32/><W123/><G123/><T135/><D135/><U111/><E75/><V54/><F19/><W132/><G109/><T7/><D69/><U59/><E70/><N who="2" m="42319" /><F55/><W60/><G60/><AGARI ba="0,0" hai="48,50,54,56,60,72,76,83" m="42319,43595" machi="60" ten="30,1000,0" yaku="11,1" doraHai="94" who="2" fromWho="3" sc="260,0,137,0,343,10,260,-10" /><INIT seed="2,0,0,2,1,44" ten="260,137,353,250" oya="2" hai0="101,114,8,90,107,26,62,94,131,73,81,67,123" hai1="98,87,5,66,70,2,45,47,28,21,133,102,109" hai2="16,129,71,41,72,42,124,10,89,37,43,103,65" hai3="106,132,126,36,78,27,86,96,127,54,1,116,29"/><V122/><F122/><W115/><G116/><T14/><D114/><U15/><E109/><V119/><F119/><W100/><G1/><T113/><D113/><U13/><E2/><V32/><F32/><W134/><G36/><T17/><D123/><U39/><E133/><N who="3" m="51306" /><G115/><T69/><D131/><U130/><E130/><V22/><F129/><W92/><G54/><T117/><D117/><U75/><E75/><V19/><F72/><W52/><G52/><T64/><D26/><N who="1" m="16463" /><E70/><V95/><F71/><W99/><G27/><T6/><D67/><U38/><E38/><V11/><F42/><W97/><G29/><T135/><D135/><U125/><E66/><V80/><F43/><W20/><G20/><T76/><D107/><U31/><E31/><V74/><F22/><W128/><G128/><T104/><D104/><U88/><E39/><V83/><F37/><W120/><G120/><T30/><D30/><U24/><E24/><V121/><F74/><W84/><G97/><T23/><D101/><U68/><E68/><V4/><F103/><N who="3" m="60807" /><G78/><T7/><D23/><U110/><E102/><V9/><F65/><W53/><G53/><T25/><D25/><U118/><E118/><V111/><F41/><W61/><G61/><T55/><D55/><U12/><E47/><V63/><F63/><W56/><G56/><T112/><D112/><U85/><E45/><V51/><F121/><W34/><G34/><T105/><D105/><U93/><E98/><AGARI ba="0,0" hai="6,7,8,14,17,62,64,69,73,76,81,90,94,98" machi="98" ten="30,1000,0" yaku="7,1" doraHai="44" who="0" fromWho="1" sc="260,10,137,-10,353,0,250,0" /><INIT seed="3,0,0,1,4,15" ten="270,127,353,250" oya="3" hai0="120,63,50,113,87,45,6,127,81,0,114,10,46" hai1="106,58,70,132,21,82,4,59,53,49,7,73,115" hai2="83,40,35,86,54,48,9,96,88,43,71,37,79" hai3="42,22,39,56,85,69,126,103,47,105,108,34,25"/><W123/><G123/><T14/><D127/><U125/><E106/><V17/><F71/><W28/><G126/><T66/><D120/><U57/><E125/><V30/><F37/><W27/><G108/><T75/><D75/><U98/><E115/><N who="0" m="44041" /><D0/><U1/><E70/><V26/><F9/><W38/><G69/><N who="0" m="42207" /><D50/><U20/><E132/><V24/><F96/><W131/><G131/><T107/><D107/><U119/><E119/><V11/><F79/><AGARI ba="0,0" hai="6,10,14,45,46,79,81,87" m="42207,44041" machi="79" ten="30,1000,0" yaku="11,1" doraHai="15" who="0" fromWho="2" sc="270,10,127,0,353,-10,250,0" owari="280,8.0,127,-37.3,343,44.3,250,-15.0" /></mjloggm>