<mjloggm ver="2.3"><GO type="225" lobby="0"/><UN n0="%E6%9D%B1%E9%A2%A8%E3%81%AE%E3%81%8D%E3%82%83%E3%81%B7%E3%81%95%E3%82%93" n1="%E6%81%A5%E6%99%92%E3%81%97" n2="%E3%81%BF%E3%81%BF%E3%81%9A" n3="%72%69%6F%75%63%68%61%6E" dan="16,17,18,16" rate="2102.16,2195.06,2223.79,2141.15" sx="M,M,M,M"/><TAIKYOKU oya="0"/><INIT seed="0,0,0,0,5,9" ten="250,250,250,250" oya="0" hai0="60,96,86,94,59,121,53,123,4,109,128,68,77" hai1="61,72,23,67,12,21,41,112,116,95,18,120,83" hai2="56,40,6,20,134,39,34,125,62,130,85,1,104" hai3="113,46,117,29,36,10,132,115,101,97,19,102,13"/><T118/><D118/><U17/><E116/><V131/><F34/><W14/><G117/><T99/><D128/><N who="2" m="49194" /><F125/><W107/><G132/><T103/><D68/><U91/><E120/><V127/><F127/><W16/><G29/><T3/><D109/><U69/><E112/><V5/><F104/><W124/><G124/><T22/><D22/><U45/><E83/><V90/><F1/><W119/><G119/><T37/><D37/><U35/><E72/><V27/><F40/><W133/><G133/><T33/><D33/><U54/><E54/><N who="2" m="34071" /><F39/><W48/><G102/><T42/><D42/><U98/><E35/><V80/><F134/><W129/><G36/><T47/><D47/><U32/><E32/><V70/><F70/><W28/><G28/><AGARI ba="0,0" hai="5,6,20,27,28,80,85,90" m="34071,49194" machi="28" ten="30,1000,0" yaku="19,1" doraHai="9" who="2" fromWho="3" sc="250,0,250,0,250,10,250,-10" /><INIT seed="1,0,0,3,3,26" ten="250,250,260,240" oya="1" hai0="46,127,129,83,18,70,40,37,68,54,92,27,128" hai1="41,110,112,116,93,124,25,75,86,22,107,29,73" hai2="121,23,61,39,2,58,60,65,133,80,104,100,57" hai3="115,117,21,108,99,106,48,12,77,103,10,122,90"/><U36/><E112/><V42/><F121/><W111/><G122/><T31/><D18/><U8/><E116/><V17/><F2/><W84/><G115/><T120/><D92/><U82/><E107/><V125/><F133/><W7/><G117/><T24/><D24/><U38/><E124/><V71/><F125/><W43/><G21/><T62/><D83/><U0/><E110/><N who="3" m="42026" /><G77/><T1/><D1/><U50/><E38/><V55/><F80/><N who="3" m="49415" /><G48/><T105/><D105/><U126/><E126/><V78/><F78/><W63/><G63/><T14/><D14/><U119/><E119/><V102/><F104/><W81/><G43/><T89/><D89/><U76/><E36/><V113/><F113/><W69/><G81/><T5/><D5/><U33/><E22/><V49/><F42/><W123/><G123/><T87/><D120/><U94/><E75/><V53/><F39/><W47/><G47/><T130/><D127/><U44/><REACH who="1" step="1"/><E73/><REACH who="1" ten="250,240,260,240" step="2"/><V67/><F67/><W34/><G69/><T74/><D74/><U11/><E11/><V59/><F71/><W52/><G34/><N who="0" m="20863" /><D68/><U132/><E132/><V95/><F95/><W16/><G7/><AGARI ba="0,1" hai="0,7,8,25,29,33,41,44,50,76,82,86,93,94" machi="7" ten="40,7700,0" yaku="1,1,52,1,53,1" doraHai="26" doraHaiUra="3" who="1" fromWho="3" sc="250,0,240,87,260,0,240,-77" /><INIT seed="1,1,0,2,0,10" ten="250,327,260,163" oya="1" hai0="91,18,9,32,135,0,54,97,38,114,134,37,58" hai1="46,12,13,4,22,77,84,115,96,52,8,47,94" hai2="108,21,99,111,11,57,67,122,64,131,43,117,44" hai3="106,78,68,107,80,6,132,76,127,56,101,128,55"/><U71/><E115/><V45/><F117/><W85/><G68/><T92/><D32/><U126/><E126/><V26/><F122/><W5/><G127/><T65/><D65/><U15/><E71/><V88/><F11/><W104/><G128/><T16/><D114/><U24/><E84/><V87/><F99/><W109/><G132/><N who="0" m="50731" /><D0/><U112/><E77/><V72/><F72/><W75/><G109/><N who="2" m="42057" /><F57/><W31/><G31/><T66/><D66/><N who="2" m="25130" /><F43/><W70/><G70/><T33/><D33/><U74/><E74/><V90/><F131/><W129/><G129/><T98/><D98/><U36/><E47/><N who="2" m="17995" /><F87/><W73/><G101/><T100/><D100/><N who="1" m="60439" /><E36/><N who="0" m="13929" /><D9/><U130/><E112/><V41/><F41/><W40/><G40/><T116/><D116/><U83/><E130/><V48/><F48/><AGARI ba="1,0" hai="16,18,48,54,58,91,92,97" m="13929,50731" machi="48" ten="30,2000,0" yaku="20,1,54,1" doraHai="10" who="0" fromWho="2" sc="250,23,327,0,260,-23,163,0" /><INIT seed="2,0,0,5,5,21" ten="273,327,237,163" oya="2" hai0="85,82,93,19,41,99,81,58,78,43,49,7,44" hai1="25,130,26,37,29,54,98,95,71,69,48,124,36" hai2="2,90,73,77,13,104,84,80,127,4,107,72,108" hai3="66,57,35,18,91,17,100,15,111,67,70,103,27"/><V33/><F2/><W110/><G70/><T128/><D128/><U79/><E130/><V34/><F127/><W116/><G116/><T126/><D126/><U5/><E124/><V22/><F72/><W87/><G57/><T117/><D117/><U101/><E79/><V28/><F108/><W114/><G114/><T46/><D7/><U119/><E119/><V38/><F38/><W115/><G115/><T76/><D58/><U6/><E69/><V47/><F47/><W55/><G55/><T8/><D8/><U122/><E71/><V9/><F22/><N who="3" m="13775" /><G35/><T102/><D19/><U30/><E37/><V88/><F90/><W61/><G61/><T92/><D92/><U40/><E40/><V52/><F52/><W65/><G111/><T51/><D81/><U120/><E36/><V39/><F39/><W105/><G105/><T75/><D75/><U60/><E60/><V16/><F4/><N who="1" m="1641" /><E120/><V50/><F50/><W133/><G133/><T123/><D123/><U89/><E101/><N who="3" m="38986" /><G110/><T63/><D63/><U31/><E122/><V135/><F135/><W24/><G24/><N who="1" m="9322" /><E29/><V20/><F28/><W11/><G66/><T3/><D3/><U97/><E97/><V10/><F33/><W109/><G109/><T74/><D74/><U134/><E134/><V23/><F34/><W94/><AGARI ba="0,0" hai="11,15,18,65,67,87,91,94" m="38986,13775" machi="94" ten="30,2000,0" yaku="8,1,52,1" doraHai="21" who="3" fromWho="3" sc="273,-5,327,-5,237,-10,163,20" /><INIT seed="3,0,0,0,2,130" ten="268,322,227,183" oya="3" hai0="115,42,135,131,88,53,11,74,90,72,44,6,92" hai1="46,52,63,34,66,43,113,80,59,91,45,119,132" hai2="21,69,78,60,125,0,24,98,121,116,101,37,57" hai3="124,15,14,8,105,30,73,129,40,17,28,2,47"/><W36/><G124/><T20/><D131/><U62/><E132/><V5/><F116/><W33/><G129/><T29/><D53/><U83/><E113/><V41/><F69/><W10/><G33/><T70/><D70/><U84/><E34/><V38/><F78/><W118/><G118/><T133/><D115/><U23/><E119/><V89/><F89/><N who="0" m="34410" /><D92/><N who="1" m="54375" /><E43/><V104/><F125/><W96/><G73/><T9/><D20/><U87/><E87/><V122/><F5/><W99/><G2/><T25/><D25/><U120/><E120/><N who="2" m="46187" /><F41/><W94/><G105/><T48/><D29/><U16/><E46/><V7/><F7/><W93/><G93/><T55/><D42/><U77/><E77/><V123/><F0/><W4/><REACH who="3" step="1"/><G99/><REACH who="3" ten="268,322,227,173" step="2"/><T50/><D74/><U102/><E80/><V75/><F75/><W64/><G64/><T82/><D72/><U32/><E83/><V95/><F104/><W97/><G97/><T58/><D82/><U39/><E66/><N who="2" m="39183" /><F123/><W61/><G61/><T54/><D6/><U49/><E32/><V117/><F117/><W112/><G112/><T18/><D18/><AGARI ba="0,1" hai="18,21,24,37,38,95,98,101" m="39183,46187" machi="18" ten="30,1000,0" yaku="13,1" doraHai="130" who="2" fromWho="0" sc="268,-10,322,0,227,20,173,0" owari="258,5.8,322,42.2,247,-15.3,173,-32.7" /></mjloggm>