<mjloggm ver="2.3"><GO type="225" lobby="0"/><UN n0="%6D%61%74%69%67%75%73%61" n1="%E9%B3%B4%E8%8C%B6" n2="%E3%83%96%E3%83%83%E3%83%91%E3%82%AA%E3%83%96%E3%83%81%E3%82%AD%E3%83%B3" n3="%E4%B8%8B%E6%AE%B5%E3%83%81%E3%82%A7%E3%83%AA%E3%83%BC" dan="17,16,16,16" rate="2148.36,2166.52,2133.23,2138.21" sx="M,M,M,M"/><TAIKYOKU oya="0"/><INIT seed="0,0,0,2,3,68" ten="250,250,250,250" oya="0" hai0="27,73,44,42,128,22,25,71,10,106,34,35,69" hai1="94,99,63,112,113,127,38,96,17,46,16,129,19" hai2="116,51,36,79,131,57,20,58,15,61,65,95,49" hai3="8,108,52,103,88,2,111,48,4,121,14,1,50"/><T119/><D119/><U0/><E0/><V26/><F116/><W3/><G103/><T70/><D73/><U41/><E129/><V30/><F131/><W89/><G121/><T86/><D128/><U125/><E63/><V43/><F79/><W135/><G48/><T23/><D106/><U24/><E24/><V132/><F132/><W29/><G29/><T54/><D54/><U110/><E110/><N who="3" m="42026" /><G135/><T91/><D10/><U123/><E123/><V6/><F58/><AGARI ba="0,0" hai="1,2,3,4,8,14,50,52,58,88,89" m="42026" machi="58" ten="40,5200,0" yaku="14,1,54,2" doraHai="68" who="3" fromWho="2" sc="250,0,250,0,250,-52,250,52" /><INIT seed="1,0,0,0,5,34" ten="250,250,198,302" oya="1" hai0="112,16,32,5,54,42,114,77,123,65,117,46,72" hai1="110,134,10,104,109,94,76,115,47,86,132,39,98" hai2="59,78,26,35,106,126,119,116,89,56,12,133,51" hai3="99,64,83,90,49,18,6,125,96,2,120,69,91"/><U118/><E10/><V3/><F106/><W4/><G120/><T71/><D117/><U20/><E118/><V80/><F133/><N who="1" m="51305" /><E115/><V7/><F126/><W25/><G125/><T79/><D32/><U97/><E20/><V85/><F12/><W45/><G64/><T13/><D54/><U105/><E47/><V66/><F59/><W21/><G69/><T44/><D123/><U15/><E15/><V68/><F68/><W38/><G38/><T95/><D44/><U58/><E58/><V31/><F51/><W24/><G24/><T122/><D122/><U11/><E11/><V57/><F57/><W0/><G6/><T62/><D5/><U30/><E30/><V107/><F107/><N who="1" m="41033" /><E39/><V130/><F7/><W129/><G129/><T14/><D14/><U93/><E76/><V81/><F78/><W128/><G128/><T121/><D77/><U50/><E50/><V127/><F31/><W17/><G4/><T103/><D121/><U29/><E29/><V48/><F130/><W61/><G61/><T60/><D60/><U55/><E55/><V124/><F48/><W82/><G49/><T43/><D114/><U135/><N who="1" m="51313" /><U28/><DORA hai="87" /><E28/><V102/><F124/><W27/><G45/><T36/><D112/><U63/><E63/><V113/><F127/><W19/><G19/><T74/><D42/><U70/><E70/><V40/><F40/><W84/><G21/><N who="0" m="11407" /><D79/><U1/><E1/><V22/><F3/><W131/><G131/><T101/><D71/><U100/><E86/><AGARI ba="0,0" hai="0,2,17,18,25,27,82,83,84,86,90,91,96,99" machi="86" ten="25,12000,2" yaku="22,2,52,4" doraHai="34,87" who="3" fromWho="1" sc="250,0,250,-120,198,0,302,120" /><INIT seed="2,0,0,0,0,2" ten="250,130,198,422" oya="2" hai0="18,6,70,108,129,116,52,47,128,99,85,7,5" hai1="112,60,111,91,39,69,131,44,8,46,73,21,27" hai2="23,22,96,84,71,66,125,120,110,74,132,86,12" hai3="119,42,15,72,93,106,121,114,38,79,118,107,14"/><V123/><F74/><W81/><G121/><T48/><D70/><U89/><E112/><V9/><F125/><W105/><G114/><T40/><D108/><U57/><E111/><V122/><F110/><W31/><G31/><T3/><D116/><U103/><E73/><V77/><F132/><W94/><G42/><T102/><D3/><U33/><E33/><V36/><F36/><W41/><G41/><T83/><D18/><U56/><E39/><V135/><F135/><W90/><G90/><BYE who="3" /><T95/><REACH who="0" step="1"/><D40/><REACH who="0" ten="240,130,198,422" step="2"/><U130/><E69/><V51/><F71/><W76/><G76/><AGARI ba="0,1" hai="5,6,7,47,48,52,76,83,85,95,99,102,128,129" machi="76" ten="40,12000,2" yaku="1,1,2,1,52,3,54,1,53,1" doraHai="2" doraHaiUra="92" who="0" fromWho="3" sc="240,130,130,0,198,0,422,-120" /><UN n3="%E4%B8%8B%E6%AE%B5%E3%83%81%E3%82%A7%E3%83%AA%E3%83%BC" /><INIT seed="3,0,0,4,5,44" ten="370,130,198,302" oya="3" hai0="54,118,109,4,59,116,67,1,76,90,132,94,23" hai1="26,2,105,51,60,122,114,39,30,17,7,84,42" hai2="107,115,126,20,96,88,85,101,19,53,25,127,58" hai3="21,6,41,72,102,93,119,111,38,48,73,120,40"/><W125/><G119/><T49/><D109/><U27/><E105/><V9/><F115/><W46/><G120/><T12/><D1/><U33/><E39/><V11/><F127/><W87/><G111/><T129/><D132/><U52/><E122/><V108/><F108/><W57/><G125/><T75/><D129/><U43/><E114/><V74/><F74/><W35/><G35/><T100/><D100/><U3/><E60/><V28/><F28/><W66/><G6/><T36/><D36/><U56/><E2/><V110/><F110/><W124/><G124/><T22/><D67/><U0/><E0/><V10/><F126/><W24/><G41/><T99/><D75/><U106/><E106/><V32/><F32/><W78/><G78/><T5/><D76/><U13/><E26/><V18/><F18/><W134/><G134/><T97/><D118/><U45/><E84/><V83/><F9/><W112/><G112/><T80/><D80/><U34/><E34/><V131/><F131/><W128/><G128/><T64/><D64/><U70/><E70/><V47/><F47/><W37/><G37/><T117/><D117/><U135/><E135/><V55/><F55/><W133/><G133/><T29/><D116/><U77/><E77/><V89/><F89/><N who="3" m="53439" /><G102/><T81/><D4/><U50/><E3/><V31/><REACH who="2" step="1"/><F31/><REACH who="2" ten="370,130,188,302" step="2"/><N who="3" m="17807" /><G66/><T82/><D29/><U95/><E7/><V130/><F130/><W123/><G123/><T79/><D5/><U91/><E17/><V92/><F92/><W62/><G62/><AGARI ba="0,1" hai="10,11,19,20,25,53,58,62,83,85,88,96,101,107" machi="62" ten="30,3900,0" yaku="1,1,7,1,54,1,53,0" doraHai="44" doraHaiUra="113" who="2" fromWho="3" sc="370,0,130,0,188,49,302,-39" owari="370,47.0,130,-37.0,237,-16.3,263,6.3" /></mjloggm>