<mjloggm ver="2.3"><GO type="225" lobby="0"/><UN n0="%E3%83%81%E3%83%83%E3%82%BF%E3%82%BD%E3%83%BC" n1="%E4%BF%BA%E3%81%A8%E5%A6%96%E5%A4%A2" n2="%E6%81%A5%E6%99%92%E3%81%97" n3="%72%61%6B%33" dan="16,16,16,16" rate="2109.05,2095.67,2096.28,2105.41" sx="F,F,M,M"/><TAIKYOKU oya="0"/><INIT seed="0,0,0,4,5,86" ten="250,250,250,250" oya="0" hai0="81,53,34,10,131,32,108,67,132,80,59,29,0" hai1="38,27,66,16,13,117,133,4,101,58,135,22,21" hai2="11,91,54,125,121,79,8,41,57,114,3,85,2" hai3="103,26,123,5,42,51,9,28,93,129,65,104,112"/><T116/><D131/><U6/><E38/><V12/><F114/><W120/><G112/><T118/><D132/><N who="1" m="50763" /><E101/><V109/><F109/><W105/><G129/><T92/><D67/><U23/><E66/><V127/><F121/><W98/><G65/><T102/><D108/><U48/><E58/><V76/><F41/><W31/><G31/><T45/><D45/><U33/><E48/><V75/><F75/><W36/><G36/><T60/><D116/><U111/><E111/><V96/><F96/><W119/><G119/><T44/><D44/><U14/><E117/><V130/><F130/><W124/><G124/><N who="2" m="47689" /><F3/><W87/><G51/><T126/><D126/><U52/><E52/><V110/><F110/><W128/><G42/><T95/><D118/><U89/><E89/><V18/><F8/><W25/><G128/><T113/><D113/><U122/><E122/><N who="3" m="46634" /><G87/><T71/><D102/><U20/><E33/><V72/><F72/><W69/><G69/><T1/><D71/><U47/><E47/><V74/><F74/><W7/><G105/><T17/><D34/><U19/><E23/><V15/><F54/><W94/><G104/><T55/><D53/><U83/><E83/><N who="2" m="49599" /><F57/><W37/><G103/><T56/><D59/><U97/><E97/><V106/><F106/><W30/><G98/><T50/><D80/><U43/><E43/><V39/><F39/><W82/><G82/><T63/><D81/><U84/><E84/><V78/><F76/><W61/><G37/><T134/><D134/><U49/><E49/><V24/><F78/><W68/><G68/><T100/><D100/><RYUUKYOKU ba="0,0" sc="250,-10,250,30,250,-10,250,-10" hai1="4,6,13,14,16,19,20,21,22,27" /><INIT seed="1,1,0,2,0,35" ten="240,280,240,240" oya="1" hai0="34,97,5,78,115,46,116,98,17,39,37,47,125" hai1="50,59,61,29,130,105,75,12,64,129,6,87,134" hai2="99,66,71,77,54,13,51,33,2,85,32,44,15" hai3="104,86,11,56,68,72,127,60,21,55,93,109,83"/><U102/><E75/><V117/><F117/><W30/><G104/><T14/><D115/><U53/><E134/><V7/><F99/><W25/><G109/><T10/><D125/><U81/><E29/><V126/><F126/><W28/><G127/><T57/><D116/><U128/><E102/><V118/><F118/><W107/><G107/><T135/><D135/><U96/><E96/><V101/><F101/><W80/><G68/><T76/><D34/><U52/><E105/><V3/><F32/><W106/><G106/><T62/><D17/><U123/><E123/><V82/><F33/><W41/><G72/><T108/><D108/><U26/><E26/><V100/><F100/><W124/><G124/><T111/><D111/><U84/><E81/><V88/><F77/><N who="0" m="29802" /><D39/><U121/><E121/><V31/><F31/><W67/><G30/><T45/><D37/><U19/><E6/><V40/><F40/><W65/><G41/><T49/><D49/><U103/><E103/><V90/><F90/><N who="3" m="53463" /><G11/><T20/><D20/><U132/><E132/><V122/><F122/><W16/><G28/><T36/><D36/><U69/><REACH who="1" step="1"/><E53/><AGARI ba="1,0" hai="5,10,14,45,46,47,53,57,62,97,98" m="29802" machi="53" ten="30,1000,0" yaku="8,1" doraHai="35" who="0" fromWho="1" sc="240,13,280,-13,240,0,240,0" /><INIT seed="2,0,0,0,5,122" ten="253,267,240,240" oya="2" hai0="20,4,77,121,14,45,9,37,85,49,38,10,58" hai1="96,119,65,29,64,50,35,34,106,75,11,7,47" hai2="113,133,110,131,86,8,102,107,43,32,118,69,21" hai3="127,111,114,6,56,97,55,104,92,129,79,132,88"/><V83/><F113/><W90/><G114/><T30/><D121/><U36/><E119/><V76/><F118/><W53/><G127/><T17/><D30/><U1/><E36/><V117/><F117/><W39/><G39/><T31/><D31/><U74/><E74/><V2/><F32/><W87/><G129/><T82/><D58/><U134/><E75/><V18/><F131/><W128/><G128/><T22/><D10/><U103/><E134/><V62/><F133/><W81/><G132/><T25/><REACH who="0" step="1"/><D20/><REACH who="0" ten="243,267,240,240" step="2"/><U105/><E29/><V5/><F21/><W59/><G59/><T52/><AGARI ba="0,1" hai="4,9,14,17,22,25,37,38,45,49,52,77,82,85" machi="52" ten="20,12000,2" yaku="1,1,2,1,0,1,7,1,54,1,53,1" doraHai="122" doraHaiUra="42" who="0" fromWho="0" sc="243,130,267,-30,240,-60,240,-30" /><INIT seed="3,0,0,3,3,39" ten="373,237,180,210" oya="3" hai0="94,60,38,28,61,22,83,124,71,13,110,65,62" hai1="35,11,5,47,36,52,40,129,50,88,77,17,9" hai2="49,51,79,103,63,68,56,117,96,20,24,101,85" hai3="72,15,44,14,43,127,119,30,128,74,53,86,29"/><W69/><G119/><T87/><D110/><U73/><E129/><V25/><F117/><W55/><G69/><T109/><D109/><U130/><E130/><V134/><F134/><W66/><G128/><T107/><D124/><U121/><E121/><V6/><F68/><W95/><G66/><T98/><D107/><U126/><E35/><V111/><F111/><W21/><G127/><T45/><D13/><U26/><E77/><V93/><F6/><W122/><G122/><T8/><D8/><U3/><E73/><V105/><F105/><W116/><G116/><T89/><D22/><U81/><E126/><V100/><F25/><W46/><G86/><T19/><D19/><U41/><E36/><V99/><F79/><W12/><G95/><T97/><D28/><U67/><E67/><N who="2" m="39399" /><F85/><W64/><G64/><T57/><D71/><U80/><E80/><V0/><F0/><W7/><G21/><T114/><D114/><U59/><E59/><V82/><F82/><W32/><G7/><T118/><D118/><U108/><E108/><V1/><F1/><W135/><G135/><T75/><D75/><N who="3" m="28713" /><G32/><T123/><D123/><U91/><E26/><V112/><F112/><W27/><G27/><T78/><D98/><U113/><E113/><V4/><F4/><W84/><G84/><T133/><D133/><U10/><E81/><V76/><F76/><W16/><G16/><T33/><D33/><U48/><E10/><V92/><F103/><W34/><G34/><T102/><D78/><U106/><E3/><V54/><F54/><N who="3" m="20491" /><G46/><T90/><D102/><U70/><E17/><RYUUKYOKU ba="0,0" sc="373,10,237,-30,180,10,210,10" hai0="38,45,57,60,61,62,65,83,87,89,90,94,97" hai2="20,24,49,51,92,93,96,99,100,101" hai3="12,14,15,29,30,43,44" /><INIT seed="3,1,0,0,2,57" ten="383,207,190,220" oya="3" hai0="77,104,61,66,45,51,106,41,42,130,76,29,35" hai1="50,58,23,36,97,96,126,113,119,74,65,127,103" hai2="109,53,38,17,95,33,19,18,1,102,85,73,5" hai3="91,24,70,107,63,131,110,34,3,40,118,46,32"/><W86/><G118/><T13/><D130/><U11/><E113/><V7/><F73/><W10/><G107/><T78/><D41/><U44/><E74/><V115/><F115/><W90/><G131/><T98/><D98/><U125/><E119/><V16/><F33/><W132/><G132/><T64/><D64/><U134/><E134/><V2/><F38/><W92/><G110/><T48/><D48/><U129/><E129/><V20/><F109/><W62/><G70/><T56/><REACH who="0" step="1"/><D13/><REACH who="0" ten="373,207,190,220" step="2"/><U15/><E96/><N who="2" m="59679" /><F2/><W60/><G3/><T68/><D68/><U124/><E124/><V114/><F1/><W59/><G40/><T21/><D21/><U108/><E108/><V94/><F114/><W116/><G32/><T9/><D9/><U117/><E117/><V83/><F53/><W122/><G116/><T43/><D43/><N who="1" m="22631" /><E23/><V52/><F52/><W71/><G71/><T47/><D47/><U133/><E133/><V37/><F37/><W6/><G46/><T84/><D84/><U22/><E22/><V28/><F94/><W123/><G34/><T100/><D100/><U81/><E50/><V105/><F105/><W88/><G59/><T69/><D69/><U54/><E65/><V101/><F101/><W26/><G92/><T72/><D72/><U27/><E103/><V25/><F28/><W89/><G86/><T67/><D67/><U49/><E97/><V0/><F0/><W120/><N who="3" m="22528" /><DORA hai="75" /><W128/><G128/><T12/><D12/><U80/><E27/><AGARI ba="1,1" hai="27,29,35,42,45,51,56,61,66,76,77,78,104,106" machi="27" ten="40,12000,2" yaku="1,1,52,4,53,1" doraHai="57,75" doraHaiUra="55,87" who="0" fromWho="1" sc="373,133,207,-123,190,0,220,0" owari="506,60.6,84,-41.6,190,-21.0,220,2.0" /></mjloggm>