<mjloggm ver="2.3"><GO type="225" lobby="0"/><UN n0="%E6%98%93%E5%88%A9%E8%96%A9%E4%BC%AF" n1="%E5%B8%86%E7%AB%8B%E5%A4%8F%E8%A1%A3" n2="%E3%81%A4%E3%81%A3%E3%81%B1%E3%82%8A%E3%83%9D%E3%83%BC%E3%83%AB" n3="%73%68%75%6D%70" dan="17,17,17,16" rate="2143.64,2160.67,2098.38,2124.03" sx="F,M,M,M"/><TAIKYOKU oya="0"/><INIT seed="0,0,0,2,4,72" ten="250,250,250,250" oya="0" hai0="62,111,81,6,98,78,105,94,37,2,4,30,127" hai1="5,34,42,41,12,35,22,86,13,38,53,69,134" hai2="89,27,11,79,109,122,119,113,130,96,21,39,104" hai3="70,60,103,8,56,97,84,132,61,46,25,114,47"/><T118/><D118/><U40/><E69/><V0/><F79/><W95/><G132/><T24/><D37/><U63/><E38/><V7/><F122/><W59/><G70/><T54/><D105/><U90/><E134/><V102/><F113/><W126/><G126/><T77/><D127/><U125/><E125/><V20/><F119/><W108/><G108/><T83/><D2/><U31/><E35/><V101/><F109/><W106/><G114/><T10/><D111/><U121/><E34/><V51/><F39/><W65/><G8/><T110/><D62/><U117/><E117/><V33/><F130/><W92/><G106/><T80/><D54/><U71/><E71/><V67/><F101/><W28/><G92/><T1/><D6/><U45/><E5/><V99/><F67/><W76/><G84/><T3/><D3/><U58/><E45/><V50/><F33/><W85/><G85/><T32/><REACH who="0" step="1"/><D110/><REACH who="0" ten="240,250,250,250" step="2"/><U55/><E55/><V52/><F51/><W26/><G61/><T131/><D131/><U74/><E53/><V75/><F52/><W44/><G59/><T115/><D115/><U9/><E58/><V112/><F50/><W19/><G56/><T48/><D48/><U123/><E63/><V17/><F112/><W88/><G60/><T14/><D14/><U129/><E13/><V82/><F0/><W18/><G65/><T68/><D68/><U100/><E12/><V135/><F135/><W57/><G57/><T87/><D87/><U91/><E123/><V73/><F7/><W128/><G128/><T66/><D66/><U23/><E129/><RYUUKYOKU ba="0,1" sc="240,30,250,-10,250,-10,250,-10" hai0="1,4,10,24,30,32,77,78,80,81,83,94,98" /><INIT seed="0,1,1,5,2,59" ten="270,240,240,240" oya="0" hai0="46,18,41,57,48,21,30,121,85,135,65,95,134" hai1="64,19,127,45,40,74,122,34,8,90,104,2,56" hai2="0,128,31,87,42,52,107,23,124,22,71,38,111" hai3="20,96,100,60,82,92,98,91,47,58,25,80,112"/><T118/><D118/><U81/><E104/><V68/><F107/><W12/><G12/><T131/><D131/><U9/><E34/><V3/><F42/><W113/><G47/><T32/><D121/><U69/><E69/><V35/><F38/><W126/><G126/><T43/><D32/><U14/><E127/><V53/><F124/><W117/><G117/><T86/><D30/><U109/><E109/><V89/><F35/><W119/><G119/><T28/><D28/><U110/><E110/><V133/><F111/><W49/><G49/><T11/><D11/><U94/><E122/><V33/><F33/><W37/><G37/><T79/><D43/><U76/><E2/><V97/><F31/><W120/><G120/><T123/><D123/><U62/><E9/><V84/><F97/><W16/><G113/><T36/><D79/><U132/><E132/><N who="0" m="50729" /><D95/><U66/><E66/><V5/><F133/><W115/><G112/><T39/><D36/><U26/><E26/><V51/><F51/><W61/><G115/><T1/><D1/><U78/><E78/><V27/><F5/><W88/><G61/><N who="0" m="38063" /><D39/><U125/><E125/><V13/><F3/><W93/><REACH who="3" step="1"/><G100/><REACH who="3" ten="270,240,240,230" step="2"/><T77/><D46/><U24/><E45/><V17/><F0/><W73/><G73/><T6/><D48/><U102/><E40/><V63/><F63/><W55/><AGARI ba="1,2" hai="16,20,25,55,58,60,80,82,88,91,92,93,96,98" machi="55" ten="20,16000,3" yaku="1,1,0,1,7,1,9,1,25,2,8,1,52,1,54,2,53,0" doraHai="59" doraHaiUra="103" who="3" fromWho="3" sc="270,-81,240,-41,240,-41,230,183" /><INIT seed="1,0,0,2,4,105" ten="189,199,199,413" oya="1" hai0="89,49,50,88,57,47,36,102,104,34,20,2,122" hai1="117,112,83,46,135,19,42,4,114,9,61,3,81" hai2="123,21,6,1,24,86,48,74,40,67,43,23,39" hai3="130,14,33,85,127,124,101,92,59,129,32,77,79"/><U90/><E117/><V107/><F74/><W100/><G14/><T98/><D34/><N who="3" m="13417" /><G92/><T11/><D122/><U120/><E120/><V108/><F108/><W121/><G85/><T118/><D118/><U37/><E135/><V27/><F123/><W96/><G59/><T29/><D36/><U38/><E38/><V66/><F107/><N who="3" m="63879" /><G101/><T116/><D116/><U15/><E61/><V76/><F39/><W13/><G13/><T113/><D113/><U25/><E25/><N who="2" m="9803" /><F6/><W17/><G17/><T65/><D29/><U131/><E131/><N who="3" m="50186" /><G121/><T7/><D20/><N who="2" m="7754" /><F1/><W64/><G64/><N who="2" m="24617" /><F48/><W35/><G35/><T133/><D133/><U82/><REACH who="1" step="1"/><E90/><REACH who="1" ten="189,189,199,413" step="2"/><V62/><F62/><W18/><G127/><T73/><D89/><U5/><E5/><V110/><F110/><W55/><G124/><T44/><D88/><U26/><E26/><V103/><F103/><W87/><G18/><T91/><D91/><U69/><E69/><V53/><F53/><W71/><G71/><T128/><D128/><U111/><E111/><V119/><F119/><W78/><G55/><T95/><D65/><U30/><E30/><V0/><F0/><W60/><G60/><T93/><D2/><U97/><E97/><V31/><F31/><W80/><AGARI ba="0,1" hai="77,78,79,80,87" m="50186,63879,13417" machi="80" ten="40,1500,0" yaku="19,1" doraHai="105" who="3" fromWho="3" sc="189,-4,189,-7,199,-4,413,25" /><INIT seed="2,0,0,1,3,84" ten="185,182,195,438" oya="2" hai0="85,49,21,94,45,33,83,114,79,28,95,119,117" hai1="72,10,109,42,104,8,57,126,98,81,115,107,46" hai2="134,130,78,44,100,67,66,73,105,9,122,25,111" hai3="62,127,93,4,17,86,38,2,68,52,43,61,102"/><V92/><F122/><W18/><G127/><T123/><D114/><U22/><E115/><V23/><F105/><W87/><G43/><T77/><D123/><U27/><E126/><V30/><F130/><W82/><G38/><T1/><D33/><U56/><E109/><V47/><F134/><W0/><G68/><T70/><D1/><U63/><E107/><V32/><F32/><W74/><G74/><T35/><D35/><U110/><E110/><V5/><F111/><W14/><G4/><T15/><D70/><U132/><E132/><V7/><F78/><W90/><G102/><T131/><D79/><U20/><E72/><V97/><F73/><W48/><G0/><T108/><D131/><U13/><E81/><V106/><F106/><W88/><G2/><T80/><D80/><U12/><E98/><V16/><F30/><W40/><G40/><T58/><D58/><N who="1" m="22635" /><E63/><N who="3" m="24074" /><G14/><N who="1" m="5738" /><E104/><V3/><REACH who="2" step="1"/><F5/><REACH who="2" ten="185,182,185,438" step="2"/><W124/><G124/><T135/><D108/><U125/><E125/><V36/><F36/><W121/><G121/><T50/><D135/><U11/><E27/><V53/><F53/><W31/><G31/><T41/><D28/><U29/><E29/><V19/><F19/><W76/><G76/><T75/><D75/><U6/><E6/><V26/><F26/><W55/><G55/><T65/><D77/><U34/><E34/><V133/><F133/><W91/><G17/><T54/><D54/><U69/><E69/><V60/><F60/><W129/><G18/><T96/><D41/><U101/><E101/><V24/><F24/><W71/><G129/><T113/><D113/><RYUUKYOKU ba="0,1" sc="185,-15,182,15,185,15,438,-15" hai1="8,10,11,20,22,42,46" hai2="3,7,9,16,23,25,44,47,66,67,92,97,100" /><INIT seed="2,1,1,3,4,69" ten="170,197,200,423" oya="2" hai0="106,77,58,103,82,0,47,12,129,7,81,61,76" hai1="88,16,9,64,42,67,15,130,65,101,43,100,5" hai2="119,35,30,128,31,134,28,8,112,74,6,60,118" hai3="71,93,66,40,97,121,131,132,49,111,39,34,25"/><V55/><F74/><W32/><G39/><T52/><D0/><U46/><E130/><V27/><F55/><W83/><G83/><N who="0" m="31755" /><D106/><U133/><E133/><V124/><F60/><W41/><G41/><N who="1" m="15370" /><E46/><V18/><F128/><W21/><G66/><N who="1" m="16898" /><U94/><DORA hai="114" /><E5/><V45/><F45/><W96/><G71/><T126/><D129/><U109/><E109/><V24/><F134/><W105/><G40/><T56/><D126/><U63/><E63/><V116/><F124/><W26/><G49/><N who="0" m="28735" /><D103/><U54/><E54/><V10/><F112/><W38/><G38/><T37/><D37/><U4/><E4/><V19/><F10/><W104/><G132/><T33/><D33/><U57/><E57/><N who="0" m="22121" /><D61/><U135/><E135/><V99/><F99/><AGARI ba="1,1" hai="9,15,16,88,94,99,100,101" m="16898,15370" machi="99" ten="30,3900,0" yaku="8,1,54,2" doraHai="69,114" who="1" fromWho="2" sc="170,0,197,52,200,-42,423,0" /><INIT seed="3,0,0,1,4,116" ten="170,249,158,423" oya="3" hai0="91,61,98,130,99,126,16,35,102,65,48,39,119" hai1="78,83,68,12,70,129,11,79,44,7,51,118,112" hai2="100,47,41,66,23,59,0,81,14,58,85,28,19" hai3="43,117,18,111,127,6,37,21,56,107,104,93,34"/><W2/><G93/><T94/><D39/><U96/><E112/><V90/><F0/><W76/><G56/><N who="0" m="37031" /><D35/><U103/><E79/><V1/><F1/><W109/><G37/><T87/><D119/><U27/><E27/><V33/><F66/><W67/><G43/><T38/><D38/><U122/><E122/><V17/><F100/><W30/><G76/><T120/><D120/><U86/><E129/><V53/><F53/><W15/><G30/><T121/><D121/><U132/><E132/><V131/><F131/><W8/><G67/><T108/><D108/><U88/><E88/><N who="2" m="51247" /><F33/><W54/><G54/><T20/><D130/><U84/><E84/><V50/><F28/><W74/><G21/><T24/><D126/><U9/><E9/><N who="2" m="6351" /><F90/><W125/><G117/><T113/><D113/><U89/><E89/><V31/><F31/><W71/><G74/><T52/><D102/><U64/><E64/><V4/><F4/><W97/><G71/><T106/><D106/><U95/><E118/><V75/><F75/><W29/><G34/><T49/><D49/><U60/><E60/><V72/><F72/><W55/><G29/><T40/><D40/><AGARI ba="0,0" hai="7,11,12,40,44,51,68,70,78,83,86,95,96,103" machi="40" ten="30,3900,0" yaku="7,1,25,2" doraHai="116" who="1" fromWho="0" sc="170,-39,249,39,158,0,423,0" owari="131,-36.9,288,8.8,158,-24.2,423,52.3" /></mjloggm>