<mjloggm ver="2.3"><GO type="225" lobby="0"/><UN n0="%E3%81%90%E3%81%A1%E3%82%84%E3%81%BE" n1="%E3%81%BE%E3%81%A8%E3%81%9F" n2="%E3%83%AC%E3%82%A4%E3%83%88%E3%83%B3%E5%87%86%E6%95%99%E6%8E%88" n3="%E3%83%81%E3%83%83%E3%82%BF%E3%82%BD%E3%83%BC" dan="16,16,18,16" rate="2137.39,2127.05,2221.07,2122.61" sx="M,M,M,F"/><TAIKYOKU oya="0"/><INIT seed="0,0,0,3,2,0" ten="250,250,250,250" oya="0" hai0="50,87,115,52,89,133,15,22,63,85,16,74,111" hai1="33,95,80,96,125,37,55,97,117,39,135,78,38" hai2="10,11,75,51,82,36,83,54,58,134,108,113,28" hai3="120,59,110,56,18,123,4,43,91,34,84,7,64"/><T90/><D115/><U20/><E117/><V129/><F113/><W3/><G34/><T62/><D74/><U114/><E33/><V68/><F108/><W99/><G3/><T29/><D133/><U86/><E114/><V72/><F36/><W103/><G110/><T49/><D111/><U5/><E135/><V31/><F68/><W53/><G18/><T17/><D29/><U40/><E97/><V116/><F134/><W122/><G43/><T35/><D35/><U100/><E125/><V42/><F116/><W25/><G25/><T21/><D15/><U46/><E20/><V119/><F119/><W30/><G30/><N who="2" m="11305" /><F75/><W44/><G44/><T8/><D8/><N who="2" m="3114" /><F72/><W24/><G24/><T19/><D19/><U104/><E5/><V66/><F66/><W112/><G112/><T105/><REACH who="0" step="1"/><D52/><REACH who="0" ten="240,250,250,250" step="2"/><U61/><E55/><V26/><F26/><W102/><G53/><T88/><D88/><N who="1" m="53655" /><E61/><N who="2" m="36055" /><F129/><W69/><G120/><T101/><D101/><U77/><E77/><V130/><F130/><W67/><G103/><T41/><D41/><U70/><E40/><V27/><F27/><W48/><G122/><T6/><D6/><U124/><E46/><AGARI ba="0,1" hai="42,46,51,82,83" m="36055,3114,11305" machi="46" ten="30,1000,0" yaku="8,1" doraHai="0" who="2" fromWho="1" sc="240,0,250,-10,250,20,250,0" /><INIT seed="1,0,0,3,4,104" ten="240,240,270,250" oya="1" hai0="71,50,0,84,36,7,49,75,59,134,120,124,105" hai1="101,57,126,28,110,113,25,53,80,3,94,48,129" hai2="51,22,77,10,16,79,14,123,86,90,5,21,74" hai3="34,103,42,47,66,102,76,17,15,91,109,114,67"/><U88/><E113/><V65/><F123/><W92/><G109/><T73/><D105/><U99/><E126/><V82/><F65/><W45/><G114/><T118/><D118/><U6/><E129/><V100/><F100/><N who="3" m="38443" /><G34/><T4/><D71/><U56/><E110/><V43/><F22/><N who="3" m="11583" /><G76/><T95/><D36/><U39/><E39/><V89/><F79/><W106/><G106/><T27/><D124/><U107/><E80/><V24/><F74/><W33/><G33/><T93/><D59/><U127/><E127/><V128/><F128/><W72/><G72/><T78/><D78/><U62/><E6/><V119/><F119/><W54/><G54/><T46/><D46/><AGARI ba="0,0" hai="5,10,14,16,21,24,43,46,51,77,82,86,89,90" machi="46" ten="40,8000,1" yaku="25,2,8,1,54,1" doraHai="104" who="2" fromWho="0" sc="240,-80,240,0,270,80,250,0" /><INIT seed="2,0,0,3,4,126" ten="160,240,350,250" oya="2" hai0="61,124,131,105,15,119,77,72,85,1,66,24,117" hai1="52,16,37,71,130,88,62,63,102,23,90,91,28" hai2="123,134,6,98,128,89,108,25,99,33,133,17,57" hai3="3,86,114,115,48,110,104,97,8,83,22,45,18"/><V4/><F123/><W65/><G110/><T92/><D1/><U73/><E130/><V82/><F128/><W76/><G65/><T100/><D131/><U64/><E37/><V29/><F108/><W9/><G97/><T107/><D124/><U94/><E73/><V60/><F17/><W43/><G104/><T41/><D41/><U19/><E28/><V127/><F127/><W70/><G70/><T50/><D50/><U68/><E68/><V109/><F109/><W7/><REACH who="3" step="1"/><G9/><REACH who="3" ten="160,240,350,240" step="2"/><T80/><D105/><U54/><E63/><V49/><F98/><W39/><G39/><T67/><D107/><U5/><E5/><V79/><F6/><W59/><G59/><T95/><D67/><U53/><E102/><V129/><F4/><W125/><G125/><T42/><D100/><U21/><REACH who="1" step="1"/><E94/><REACH who="1" ten="160,230,350,240" step="2"/><N who="2" m="56783" /><F129/><W55/><G55/><T103/><D103/><U121/><E121/><V135/><F60/><W132/><G132/><T30/><D61/><U13/><E13/><AGARI ba="0,2" hai="3,7,8,13,18,22,43,45,48,76,83,86,114,115" machi="13" ten="40,2600,0" yaku="1,1,53,1" doraHai="126" doraHaiUra="32" who="3" fromWho="1" sc="160,0,230,-26,350,0,240,46" /><INIT seed="3,0,0,4,4,75" ten="160,204,350,286" oya="3" hai0="22,76,94,125,8,16,89,84,11,54,24,28,120" hai1="78,52,0,14,98,132,39,9,127,18,23,60,48" hai2="3,47,81,13,44,38,35,102,63,115,36,53,20" hai3="57,68,7,105,108,19,119,131,133,37,117,124,27"/><W41/><G57/><T25/><D120/><U116/><E39/><V30/><F115/><W97/><G7/><T26/><D125/><U107/><E127/><V100/><F3/><W32/><G19/><T72/><D54/><U58/><E132/><V111/><F111/><W43/><G43/><T12/><REACH who="0" step="1"/><D28/><REACH who="0" ten="150,204,350,286" step="2"/><U45/><E116/><V10/><F30/><W1/><G117/><T92/><D92/><U67/><E107/><V80/><F53/><W61/><G124/><T66/><D66/><U93/><E78/><V17/><F80/><AGARI ba="0,1" hai="8,11,12,16,22,24,25,26,72,76,80,84,89,94" machi="80" ten="40,8000,1" yaku="1,1,52,1,54,1,53,1" doraHai="75" doraHaiUra="86" who="0" fromWho="2" sc="150,90,204,0,350,-80,286,0" /><INIT seed="4,0,0,2,4,108" ten="240,204,270,286" oya="0" hai0="79,81,47,83,56,119,33,58,125,13,134,28,48" hai1="68,46,12,18,99,11,88,59,89,86,19,31,63" hai2="55,16,122,132,128,105,38,93,69,49,30,27,41" hai3="23,32,133,104,124,3,85,127,107,8,36,87,121"/><T103/><D119/><U17/><E68/><V1/><F105/><W42/><G133/><T72/><D134/><U95/><E31/><V4/><F132/><W35/><G23/><T106/><D125/><N who="3" m="48201" /><G121/><T130/><D130/><U115/><E46/><V101/><F128/><W97/><G85/><T126/><D126/><U100/><E115/><V114/><F114/><W71/><G87/><T74/><D13/><U113/><E113/><V90/><F1/><W44/><G71/><T102/><D28/><U45/><E45/><V5/><F30/><W67/><G67/><T52/><D33/><N who="3" m="12873" /><G97/><T75/><D75/><U29/><E29/><V54/><F69/><W110/><G110/><T7/><D7/><AGARI ba="0,0" hai="3,7,8,36,42,44,104,107" m="12873,48201" machi="7" ten="30,2000,0" yaku="18,1,23,1" doraHai="108" who="3" fromWho="0" sc="240,-20,204,0,270,0,286,20" owari="220,-18.0,204,-29.6,270,7.0,306,40.6" /></mjloggm>