<mjloggm ver="2.3"><GO type="225" lobby="0"/><UN n0="%E6%A0%B9%E5%85%83%E3%81%8B%E3%82%89%E5%90%B9%E3%81%A3%E9%A3%9B%E3%81%B6" n1="%E9%BB%99%E8%81%B4%E3%81%AE%E3%81%99%E3%82%9D%E3%82%81" n2="%E6%98%BC%E4%B8%8B%E3%81%8C%E3%82%8A%E3%81%AE%E5%9B%A3%E5%9C%B0%E5%A6%BB" n3="%E4%B8%AD%E5%B9%B4%E3%81%AE%E5%8D%B1%E6%A9%9F" dan="16,16,16,16" rate="2097.97,2146.36,2149.47,2128.75" sx="F,M,F,M"/><TAIKYOKU oya="0"/><INIT seed="0,0,0,5,1,120" ten="250,250,250,250" oya="0" hai0="116,85,108,28,110,107,38,103,109,50,74,90,95" hai1="99,14,9,68,104,41,1,72,84,6,93,48,47" hai2="63,101,45,130,86,96,71,80,30,75,132,55,119" hai3="117,32,42,100,11,25,65,115,129,33,37,76,46"/><T88/><D38/><U62/><E72/><V13/><F132/><W66/><G115/><T5/><D5/><U64/><E104/><V77/><F130/><W35/><G117/><T52/><D116/><U31/><E31/><V56/><F119/><W22/><G129/><T81/><D28/><U24/><E24/><V135/><F135/><W134/><G134/><T125/><D125/><U29/><E29/><V40/><F71/><W57/><G100/><T7/><D7/><U89/><REACH who="1" step="1"/><E99/><REACH who="1" ten="250,240,250,250" step="2"/><V73/><F30/><W67/><G25/><T60/><D74/><U12/><AGARI ba="0,1" hai="1,6,9,12,14,41,47,48,62,64,68,84,89,93" machi="12" ten="30,8000,1" yaku="1,1,2,1,0,1,53,2" doraHai="120" doraHaiUra="8" who="1" fromWho="1" sc="250,-40,240,90,250,-20,250,-20" /><INIT seed="1,0,0,0,0,127" ten="210,330,230,230" oya="1" hai0="45,40,81,121,33,83,133,37,93,1,64,31,115" hai1="57,38,88,8,91,71,25,111,6,87,72,46,92" hai2="89,52,95,135,134,78,55,116,97,24,132,50,117" hai3="73,108,122,58,94,18,75,84,12,67,82,26,86"/><U16/><E71/><V14/><F78/><W126/><G108/><T65/><D115/><U109/><E72/><V66/><F66/><W51/><G126/><T54/><D1/><U22/><E57/><V44/><F14/><W112/><G112/><T118/><D118/><U100/><E100/><V0/><F0/><W102/><G122/><T5/><D133/><U19/><E38/><V60/><F24/><W129/><G26/><T110/><D5/><U101/><E46/><V62/><REACH who="2" step="1"/><F55/><REACH who="2" ten="210,330,220,230" step="2"/><W74/><G67/><T130/><D54/><U90/><E111/><V32/><F32/><W104/><G12/><T43/><D65/><U47/><E109/><V17/><F17/><W39/><G18/><T79/><D64/><U23/><E19/><V10/><F10/><W61/><G61/><AGARI ba="0,1" hai="44,50,52,60,61,62,89,95,97,116,117,132,134,135" machi="61" ten="40,5200,0" yaku="1,1,20,1,54,1,53,0" doraHai="127" doraHaiUra="9" who="2" fromWho="3" sc="210,0,330,0,220,62,230,-52" /><INIT seed="2,0,0,2,5,52" ten="210,330,282,178" oya="2" hai0="51,63,121,67,70,106,124,32,125,49,14,135,13" hai1="113,50,19,107,15,64,59,38,61,72,41,102,99" hai2="120,28,9,80,17,95,79,37,103,100,31,75,123" hai3="91,39,128,44,20,27,18,98,130,78,0,60,35"/><V132/><F37/><W5/><G78/><T7/><D121/><U43/><E72/><V111/><F132/><W104/><G35/><T131/><D135/><U12/><E113/><V48/><F111/><W55/><G0/><T84/><D131/><U62/><E38/><V30/><F48/><W6/><G104/><T74/><D74/><U114/><E114/><V93/><F17/><W116/><G116/><T112/><D106/><U108/><E108/><V96/><REACH who="2" step="1"/><F9/><REACH who="2" ten="210,330,272,178" step="2"/><W118/><G118/><T29/><D112/><U3/><E50/><V82/><F82/><W71/><G39/><T58/><D51/><U33/><E19/><V133/><F133/><W24/><G44/><T66/><D49/><U97/><E43/><V42/><F42/><W54/><G128/><T53/><D7/><U21/><E41/><V129/><F129/><W45/><G130/><T1/><D125/><U134/><E134/><V94/><F94/><N who="3" m="56671" /><G45/><T77/><D124/><U110/><E110/><V26/><F26/><W117/><G117/><T34/><D29/><U126/><E126/><V10/><F10/><W89/><G24/><T76/><D13/><U86/><E12/><V56/><F56/><N who="3" m="34839" /><G71/><T57/><D70/><U23/><E15/><V25/><F25/><W65/><G5/><T87/><D14/><U101/><E107/><V46/><F46/><W11/><G6/><T119/><D119/><U68/><E68/><V85/><F85/><W69/><G11/><T8/><D8/><U16/><E86/><V92/><F92/><W36/><G36/><T81/><D87/><U73/><E16/><RYUUKYOKU ba="0,1" sc="210,-10,330,-10,272,30,178,-10" hai2="28,30,31,75,79,80,93,95,96,100,103,120,123" /><INIT seed="2,1,1,5,0,46" ten="200,320,302,168" oya="2" hai0="123,72,0,15,75,47,105,42,34,63,132,117,88" hai1="114,40,65,58,43,111,133,45,20,116,125,3,70" hai2="16,85,1,115,71,8,106,99,92,108,29,80,12" hai3="50,78,126,21,102,107,10,14,18,36,89,130,113"/><V57/><F115/><W73/><G36/><T51/><D123/><U64/><E3/><V17/><F71/><W2/><G113/><T4/><D34/><U62/><E114/><V94/><F1/><W27/><G126/><T96/><D0/><U41/><E116/><V52/><F29/><W110/><G130/><T66/><D132/><U87/><E111/><V13/><F106/><W32/><G110/><T120/><D120/><U129/><E129/><V84/><F108/><W86/><G32/><T44/><D44/><U59/><E133/><V118/><F118/><W7/><G73/><T128/><D128/><U22/><E87/><N who="2" m="33355" /><F80/><W77/><G2/><T33/><D33/><U9/><E9/><N who="2" m="6159" /><F99/><W23/><G23/><T25/><D105/><U54/><E22/><V81/><F81/><W76/><G107/><T60/><D75/><U31/><E20/><V97/><F97/><W79/><N who="3" m="19456" /><DORA hai="28" /><W48/><G102/><T5/><D117/><U6/><E6/><V38/><F38/><W109/><REACH who="3" step="1"/><G109/><REACH who="3" ten="200,320,302,158" step="2"/><T112/><D72/><U35/><E35/><V135/><F135/><W19/><G19/><T26/><D112/><U119/><E119/><V56/><F56/><W69/><G69/><T124/><D4/><U55/><E125/><V37/><F37/><W127/><G127/><T121/><D124/><U98/><E70/><V100/><F100/><W30/><G30/><T83/><D121/><U134/><E31/><V67/><F67/><W101/><G101/><T95/><D66/><U122/><E122/><V49/><AGARI ba="1,2" hai="8,13,17,49,52,57,92,94" m="6159,33355" machi="49" ten="30,11700,0" yaku="8,1,52,1,54,2" doraHai="46,28" who="2" fromWho="2" sc="200,-40,320,-40,302,140,158,-40" /><INIT seed="2,2,0,1,1,0" ten="160,280,442,118" oya="2" hai0="19,59,99,52,103,133,14,123,80,84,122,23,44" hai1="130,35,33,98,116,13,97,104,28,17,16,79,82" hai2="4,77,22,92,10,26,51,27,1,57,40,129,6" hai3="47,50,90,15,96,88,43,41,106,101,53,21,37"/><V3/><F129/><W46/><REACH who="3" step="1"/><G43/><REACH who="3" ten="160,280,442,108" step="2"/><T45/><D133/><U60/><E130/><V108/><F40/><W121/><G121/><T115/><D123/><U55/><E116/><V114/><F114/><W24/><G24/><T125/><D122/><U132/><E132/><V73/><F27/><W31/><G31/><T126/><D115/><U62/><E28/><V102/><F26/><W75/><G75/><T81/><D126/><U39/><E35/><V91/><F73/><W117/><G117/><T67/><D125/><U63/><E33/><V69/><F108/><W78/><G78/><T95/><D67/><U38/><E79/><V85/><F77/><W120/><G120/><T18/><D81/><U119/><E82/><V12/><F1/><W107/><G107/><T7/><D80/><U109/><E104/><V49/><F3/><W111/><G111/><T94/><D94/><U86/><E109/><V74/><F74/><W30/><G30/><T8/><D84/><U54/><E119/><V134/><F134/><W61/><G61/><N who="0" m="36071" /><D23/><U66/><E66/><V20/><F20/><W76/><G76/><T29/><D29/><U65/><E65/><V2/><F22/><W110/><G110/><T127/><D127/><U93/><E86/><V36/><F85/><W58/><G58/><T124/><D124/><U32/><E32/><V105/><F57/><W131/><G131/><T87/><D87/><U72/><E72/><V89/><F92/><W68/><G68/><T118/><D118/><U128/><E128/><V25/><F69/><W70/><G70/><T34/><D34/><RYUUKYOKU ba="2,1" sc="160,15,280,-15,442,-15,108,15" hai0="7,8,14,18,19,44,45,95,99,103" hai3="15,21,37,41,46,47,50,53,88,90,96,101,106" /><INIT seed="3,3,1,1,1,38" ten="175,265,427,123" oya="3" hai0="133,64,4,37,88,112,85,121,11,111,114,17,99" hai1="6,110,27,21,39,120,23,69,46,98,113,66,77" hai2="51,78,76,80,53,62,115,135,70,86,60,102,18" hai3="67,31,24,126,75,119,123,19,109,68,96,26,125"/><W20/><G75/><T8/><D111/><U16/><E120/><V84/><F115/><N who="0" m="44074" /><D37/><U90/><E113/><V91/><F135/><W122/><G68/><T40/><D133/><U134/><E134/><V79/><F102/><W108/><G67/><T107/><D64/><U130/><E110/><N who="3" m="42602" /><G96/><T43/><D121/><N who="3" m="46089" /><G119/><T81/><D17/><U103/><E130/><V61/><F70/><W15/><G26/><T56/><D56/><U10/><E69/><V124/><F124/><W54/><G54/><T117/><D117/><U36/><E66/><V28/><F53/><W7/><G7/><T63/><D63/><U42/><E77/><V127/><F127/><W0/><G0/><N who="0" m="7" /><D11/><AGARI ba="3,1" hai="11,15,19,20,24,31,125,126" m="46089,42602" machi="11" ten="30,11600,0" yaku="14,1,10,1,34,2" doraHai="38" who="3" fromWho="0" sc="175,-125,265,0,427,0,123,135" /><INIT seed="3,4,0,3,4,15" ten="50,265,427,258" oya="3" hai0="51,101,110,29,56,59,25,24,33,4,89,100,41" hai1="116,32,72,118,82,95,98,96,71,129,77,19,112" hai2="132,90,75,102,91,40,16,50,68,103,109,123,128" hai3="60,58,2,105,47,135,27,108,14,35,122,133,83"/><W31/><G2/><T88/><D110/><U30/><E112/><V55/><F68/><W78/><G105/><T65/><D33/><U93/><E71/><V54/><F75/><W23/><G122/><T87/><D51/><U39/><E39/><V70/><F70/><W126/><G108/><T107/><D107/><U94/><E30/><V9/><F109/><W20/><G47/><T53/><D29/><U12/><E32/><V5/><F5/><W113/><G113/><T66/><D4/><U79/><E79/><V26/><F9/><W69/><G69/><T11/><D11/><N who="1" m="6559" /><E129/><V28/><F28/><W86/><G126/><T1/><D1/><U52/><E52/><V85/><F54/><W84/><G84/><T37/><D37/><U57/><E57/><V67/><F55/><W97/><G97/><T44/><D53/><U3/><E3/><V80/><F85/><W6/><G6/><T106/><D106/><U121/><E121/><V127/><F128/><W42/><G42/><T62/><D87/><U134/><E134/><N who="3" m="51210" /><G14/><T36/><D36/><U74/><E74/><V119/><F132/><W13/><G13/><T61/><REACH who="0" step="1"/><D44/><REACH who="0" ten="40,265,427,258" step="2"/><U43/><E72/><V48/><F40/><AGARI ba="4,1" hai="24,25,40,41,56,59,61,62,65,66,88,89,100,101" machi="40" ten="25,12000,2" yaku="1,1,2,1,22,2,8,1,54,1,53,0" doraHai="15" doraHaiUra="124" who="0" fromWho="2" sc="40,142,265,0,427,-132,258,0" /><INIT seed="4,0,0,2,5,77" ten="182,265,295,258" oya="0" hai0="24,135,16,115,120,66,109,61,55,106,35,83,69" hai1="32,2,131,48,5,70,76,80,87,133,51,43,44" hai2="41,100,104,0,62,97,64,101,95,17,36,57,107" hai3="22,71,28,23,121,90,14,1,113,11,25,31,38"/><T58/><D120/><U124/><E70/><V19/><F0/><W94/><G71/><T117/><D117/><U88/><E32/><V75/><F75/><W93/><G38/><T52/><D115/><U98/><E131/><V3/><F3/><W81/><G113/><T123/><D123/><U63/><E133/><V12/><F100/><W13/><G121/><T20/><D135/><U102/><E124/><V96/><F96/><W50/><G1/><T116/><D116/><U53/><E63/><V82/><F82/><W10/><G50/><T73/><D106/><U119/><E119/><V67/><F67/><W128/><G128/><T78/><D109/><U108/><E108/><V85/><F85/><N who="3" m="50479" /><G31/><T9/><D35/><U27/><E27/><V47/><F17/><N who="3" m="10543" /><G10/><AGARI ba="0,0" hai="10,12,19,36,41,47,57,62,64,95,97,101,104,107" machi="10" ten="30,1000,0" yaku="7,1" doraHai="77" who="2" fromWho="3" sc="182,0,265,0,295,10,258,-10" owari="182,-31.8,265,6.5,305,40.5,248,-15.2" /></mjloggm>