<mjloggm ver="2.3"><GO type="225" lobby="0"/><UN n0="%E6%98%93%E5%88%A9%E8%96%A9%E4%BC%AF" n1="%E9%B7%B9%E5%80%89%E6%9D%8F%E9%88%B4" n2="%E7%99%BD%E5%80%89%E5%AF%9B%E4%B9%8B" n3="%E4%B8%89%E5%88%86%E5%B0%8F%E5%83%A7" dan="17,16,16,16" rate="2104.31,2071.78,2133.97,2067.54" sx="F,F,M,M"/><TAIKYOKU oya="0"/><INIT seed="0,0,0,0,4,17" ten="250,250,250,250" oya="0" hai0="33,57,14,21,75,64,101,86,72,53,89,29,42" hai1="52,79,20,109,5,63,69,119,122,99,3,38,74" hai2="30,107,131,93,95,44,8,98,58,6,126,10,84" hai3="120,67,43,45,56,111,68,50,94,34,62,25,70"/><T12/><D64/><U128/><E119/><V90/><F126/><W76/><G76/><T19/><D42/><U87/><E122/><V13/><F131/><W36/><G94/><T1/><D1/><U26/><E74/><V41/><F107/><W54/><G25/><T24/><D101/><U127/><E38/><V15/><F30/><W100/><G100/><T82/><REACH who="0" step="1"/><D14/><REACH who="0" ten="240,250,250,250" step="2"/><U77/><E3/><V46/><F41/><W83/><G120/><T2/><D2/><U73/><E128/><V65/><F65/><W105/><G111/><T125/><D125/><U115/><E109/><V110/><F110/><W16/><G43/><T118/><D118/><U66/><E127/><V104/><F104/><W71/><G105/><T27/><D27/><U49/><E26/><V22/><F10/><W103/><G67/><T108/><D108/><U92/><E66/><V106/><F106/><W96/><G103/><T88/><D88/><U114/><E69/><V124/><F124/><W132/><G70/><T78/><D78/><U0/><E77/><V123/><F15/><W35/><G68/><T97/><D97/><U4/><E99/><V135/><F98/><W80/><G71/><T55/><D55/><U121/><E0/><V133/><F90/><W32/><G96/><T81/><D81/><U116/><E116/><V37/><F13/><W117/><G83/><T48/><AGARI ba="0,1" hai="12,19,21,24,29,33,48,53,57,72,75,82,86,89" machi="48" ten="20,7800,0" yaku="1,1,0,1,7,1,52,1,53,0" doraHai="17" doraHaiUra="61" who="0" fromWho="0" sc="240,88,250,-26,250,-26,250,-26" /><INIT seed="0,1,0,1,4,74" ten="328,224,224,224" oya="0" hai0="135,8,29,28,35,126,65,16,20,42,100,114,15" hai1="59,112,34,106,107,44,19,72,40,104,123,9,96" hai2="93,127,113,7,83,23,108,122,24,49,13,43,77" hai3="51,84,111,33,119,97,105,109,116,82,4,67,62"/><T32/><D100/><U70/><E123/><V48/><F122/><W125/><G33/><N who="0" m="12875" /><D65/><U2/><E70/><V94/><F113/><W12/><G4/><N who="0" m="3463" /><D42/><U129/><E34/><V118/><F108/><N who="3" m="41547" /><G12/><N who="0" m="9223" /><D114/><U36/><E112/><V66/><F66/><W47/><G125/><T78/><D78/><U21/><E72/><V61/><F127/><W39/><G39/><T92/><D92/><U25/><E96/><V115/><F61/><W88/><G97/><T63/><D63/><U55/><E59/><V81/><F81/><W117/><G105/><T46/><D46/><U45/><E45/><N who="2" m="25663" /><F49/><W87/><G87/><T38/><D38/><U90/><E90/><V73/><F115/><W18/><G18/><T98/><D98/><U10/><E55/><V71/><F71/><N who="3" m="42487" /><G119/><T53/><D53/><AGARI ba="1,0" hai="47,51,53,82,84,88,116,117" m="42487,41547" machi="53" ten="30,2000,0" yaku="14,1,54,1" doraHai="74" who="3" fromWho="0" sc="328,-23,224,0,224,0,224,23" /><INIT seed="1,0,0,2,5,89" ten="305,224,224,247" oya="1" hai0="68,108,92,132,37,134,99,15,24,0,93,101,118" hai1="32,124,49,66,62,113,74,122,82,65,47,104,103" hai2="123,28,63,42,87,86,57,51,19,36,121,29,41" hai3="52,91,100,31,46,9,13,25,30,48,81,129,40"/><U96/><E113/><V22/><F36/><W70/><G129/><T98/><D0/><U67/><E122/><V116/><F116/><W95/><G70/><T53/><D37/><U55/><E124/><V16/><F121/><W109/><G109/><T45/><D68/><U33/><REACH who="1" step="1"/><E62/><REACH who="1" ten="305,214,224,247" step="2"/><V112/><F123/><W106/><G106/><T4/><D118/><U17/><E17/><V38/><F19/><W23/><G31/><T77/><D134/><U5/><E5/><V43/><F112/><W72/><G30/><N who="2" m="11881" /><F38/><W59/><G72/><T131/><D4/><U58/><E58/><V60/><F51/><W85/><G59/><T79/><D132/><U130/><E130/><V64/><F63/><W128/><G48/><N who="0" m="28815" /><D131/><U115/><E115/><V117/><F117/><W44/><G128/><T56/><D56/><U35/><E35/><V8/><F8/><W18/><G9/><T69/><D69/><U20/><E20/><V107/><F107/><W76/><G18/><T14/><D108/><U125/><E125/><V90/><F16/><W105/><G105/><T39/><D39/><U135/><E135/><V50/><F22/><W34/><G34/><T80/><D24/><U3/><E3/><V78/><F50/><W75/><G23/><T102/><D14/><U84/><E84/><V114/><F114/><W120/><G25/><T11/><D15/><U54/><E54/><V2/><F2/><W73/><G52/><T7/><D11/><U10/><E10/><V126/><F126/><W26/><G120/><T133/><D133/><U88/><E88/><V27/><F90/><RYUUKYOKU ba="0,1" sc="305,-10,214,30,224,-10,247,-10" hai1="32,33,47,49,55,65,66,67,74,82,96,103,104" /><INIT seed="1,1,1,4,2,83" ten="295,244,214,237" oya="1" hai0="74,18,125,46,93,51,60,84,55,45,110,116,61" hai1="76,102,9,103,71,30,95,41,108,106,117,53,37" hai2="11,120,91,77,15,56,14,25,66,88,50,112,65" hai3="82,75,113,90,29,94,81,78,27,17,43,99,87"/><U121/><E117/><V0/><F0/><W24/><G113/><T109/><D74/><U20/><E121/><V133/><F112/><W124/><G124/><T8/><D116/><U129/><E106/><V22/><F120/><W44/><G17/><T28/><D125/><U132/><E71/><V122/><F122/><W39/><REACH who="3" step="1"/><G29/><REACH who="3" ten="295,244,214,227" step="2"/><T105/><D28/><U64/><E30/><N who="2" m="17719" /><F133/><W5/><G5/><T40/><D18/><U96/><E132/><V97/><F15/><W126/><G126/><T86/><D110/><U26/><E108/><V131/><F14/><W57/><G57/><T42/><D109/><U119/><E119/><V21/><F56/><W89/><AGARI ba="1,2" hai="24,27,39,43,44,75,78,81,82,87,89,90,94,99" machi="89" ten="20,5200,0" yaku="1,1,0,1,7,1,52,1,53,0" doraHai="83" doraHaiUra="101" who="3" fromWho="3" sc="295,-14,244,-27,214,-14,227,75" /><INIT seed="2,0,0,2,5,45" ten="281,217,200,302" oya="2" hai0="94,86,103,14,117,65,19,97,55,43,73,126,4" hai1="44,38,123,87,7,90,104,72,119,83,20,3,25" hai2="118,132,50,34,33,130,15,1,30,8,27,105,32" hai3="75,92,11,79,56,129,48,68,121,80,29,122,98"/><V47/><F105/><W91/><G68/><T51/><D73/><U39/><E119/><V46/><F118/><W49/><G129/><T135/><D117/><U62/><E104/><V66/><F130/><W114/><G114/><T131/><D131/><U95/><E123/><V6/><F132/><W85/><G29/><T116/><D116/><U59/><E7/><V61/><F1/><W128/><G128/><T102/><D126/><U23/><E3/><V89/><F89/><W100/><G11/><T58/><D4/><U21/><E25/><V63/><F47/><W52/><REACH who="3" step="1"/><G48/><REACH who="3" ten="281,217,200,292" step="2"/><T37/><D51/><U12/><E38/><V71/><REACH who="2" step="1"/><F63/><REACH who="2" ten="281,217,190,292" step="2"/><W2/><G2/><T69/><D135/><U57/><E62/><V9/><F9/><W5/><G5/><T106/><D106/><AGARI ba="0,2" hai="49,52,56,75,79,80,85,91,92,98,100,106,121,122" machi="106" ten="30,12000,2" yaku="1,1,7,1,24,2,52,1,54,1,53,1" doraHai="45" doraHaiUra="107" who="3" fromWho="0" sc="281,-120,217,0,190,0,292,140" /><INIT seed="3,0,0,3,3,42" ten="161,217,190,432" oya="3" hai0="34,23,25,15,40,65,102,4,122,10,84,0,81" hai1="119,72,29,71,20,37,48,17,31,46,129,95,18" hai2="120,36,91,78,86,75,73,2,130,66,106,49,135" hai3="22,87,6,115,100,98,132,83,74,41,127,59,24"/><W128/><G74/><T94/><D122/><U131/><E71/><V77/><F36/><W33/><G33/><T82/><D65/><U125/><E72/><N who="2" m="27723" /><F2/><W113/><G127/><T112/><D112/><U56/><E125/><V14/><F66/><W109/><G128/><N who="1" m="49226" /><E95/><N who="2" m="54775" /><F130/><W133/><G6/><T19/><D40/><N who="1" m="22799" /><E17/><V60/><F60/><W110/><G59/><T44/><D44/><U123/><E123/><V43/><F43/><W79/><G41/><T32/><D32/><U67/><E67/><V68/><F68/><W7/><G7/><T70/><D70/><U53/><E119/><V134/><F49/><W30/><G113/><T117/><D117/><U39/><E39/><V89/><F14/><AGARI ba="0,0" hai="14,18,20,29,31,48,53,56" m="22799,49226" machi="14" ten="30,2000,0" yaku="19,1,52,1" doraHai="42" who="1" fromWho="2" sc="161,0,217,20,190,-20,432,0" owari="161,-33.9,237,3.7,170,-23.0,432,53.2" /></mjloggm>