<mjloggm ver="2.3"><GO type="225" lobby="0"/><UN n0="%E5%91%A8%E6%9D%B1" n1="%E3%82%B3%E3%83%90%E3%83%AC%E3%82%A4" n2="%E5%8D%A0%E3%81%84%E5%B8%AB%E8%A3%8F%E3%81%AA%E3%81%84%E3%81%97" n3="%E6%A1%9C%E8%8A%B1%E9%96%83%E3%80%85" dan="17,16,17,16" rate="2142.84,2162.95,2182.30,2142.91" sx="M,M,M,M"/><TAIKYOKU oya="0"/><INIT seed="0,0,0,1,0,87" ten="250,250,250,250" oya="0" hai0="91,50,110,80,132,36,22,93,41,29,44,85,23" hai1="117,60,46,65,20,35,120,34,127,133,10,112,8" hai2="82,26,130,43,1,78,19,94,49,17,7,55,39" hai3="30,102,129,4,68,84,97,100,58,115,101,99,27"/><T14/><D132/><U3/><E117/><V31/><F130/><W125/><G115/><T42/><D110/><U123/><E133/><V79/><F43/><W76/><G68/><T109/><D109/><U71/><E112/><V135/><F39/><W63/><G129/><T92/><D41/><U95/><E127/><V116/><F79/><W62/><G4/><T45/><D45/><U64/><E46/><V114/><F116/><W107/><G125/><T83/><D36/><U61/><E20/><N who="0" m="7721" /><D29/><U28/><E95/><N who="0" m="36425" /><D14/><U21/><E21/><V75/><F135/><W134/><G107/><T32/><D32/><U106/><E28/><V128/><F128/><W37/><G37/><T72/><D72/><U126/><E126/><V73/><F73/><W124/><G124/><T113/><D113/><U111/><E111/><V18/><F114/><W103/><G103/><T118/><D118/><U51/><E71/><V119/><F119/><W47/><G47/><T56/><D56/><U6/><E106/><V16/><N who="2" m="4096" /><DORA hai="105" /><V25/><F31/><W89/><G58/><T53/><D42/><U98/><E3/><V40/><F40/><W66/><G134/><T70/><D70/><U11/><E123/><V88/><F1/><W54/><G101/><T52/><D53/><U33/><E120/><V69/><F7/><W96/><G102/><T77/><D83/><U12/><E35/><V59/><REACH who="2" step="1"/><F69/><REACH who="2" ten="250,250,240,250" step="2"/><W38/><G30/><T0/><D0/><U48/><E6/><V5/><F5/><W121/><G38/><T90/><AGARI ba="0,1" hai="44,50,52,77,80,85,90,91" m="36425,7721" machi="90" ten="30,11700,0" yaku="8,1,52,2,54,1" doraHai="87,105" who="0" fromWho="0" sc="250,127,250,-39,240,-39,250,-39" /><INIT seed="0,1,0,2,5,16" ten="377,211,201,211" oya="0" hai0="111,64,116,121,39,85,40,127,43,63,59,90,93" hai1="34,133,44,42,56,75,12,73,88,68,49,28,112" hai2="29,66,2,108,71,22,10,69,128,120,86,24,110" hai3="98,31,27,57,135,21,47,23,36,58,55,76,114"/><T62/><D121/><U87/><E68/><V18/><F120/><W132/><G114/><T0/><D116/><U9/><E112/><V38/><F38/><W70/><G70/><T130/><D0/><U26/><E56/><N who="3" m="21610" /><G76/><T129/><D63/><U119/><E119/><V33/><F128/><N who="0" m="49258" /><D39/><U19/><REACH who="1" step="1"/><E133/><REACH who="1" ten="377,201,201,211" step="2"/><N who="3" m="51274" /><G98/><T1/><D59/><U4/><E4/><N who="2" m="1303" /><F66/><W117/><G117/><T8/><D64/><U17/><E17/><V72/><F69/><W89/><G89/><T103/><D90/><U104/><E104/><V124/><F71/><W14/><G14/><T30/><D1/><U3/><E3/><V109/><F72/><W82/><G82/><AGARI ba="1,1" hai="9,12,19,26,28,34,42,44,49,73,75,82,87,88" machi="82" ten="30,8000,1" yaku="1,1,7,1,54,1,53,2" doraHai="16" doraHaiUra="105" who="1" fromWho="3" sc="377,0,201,93,201,0,211,-83" /><INIT seed="1,0,0,2,5,118" ten="377,294,201,128" oya="1" hai0="17,8,111,36,78,127,93,83,129,110,28,74,66" hai1="97,67,1,64,96,51,109,2,119,73,101,124,6" hai2="80,108,55,38,54,122,40,116,71,81,76,50,90" hai3="57,100,43,72,117,85,30,49,48,24,52,113,46"/><U131/><E119/><V9/><F116/><W99/><G117/><T41/><D127/><U123/><E73/><V3/><F71/><W120/><G72/><T32/><D66/><U33/><E33/><V21/><F108/><W70/><G113/><T125/><D125/><U45/><E124/><V11/><F21/><W98/><G70/><T4/><D17/><U62/><E109/><V94/><F122/><W34/><G120/><T132/><D93/><U47/><E131/><V13/><F3/><W29/><G29/><T114/><D114/><U61/><E51/><V16/><F9/><W56/><G85/><T22/><D32/><U89/><E89/><V82/><F76/><W68/><G68/><T63/><D63/><U106/><E6/><V69/><F38/><W134/><G134/><T18/><D132/><U107/><E101/><V126/><F69/><W58/><REACH who="3" step="1"/><G98/><REACH who="3" ten="377,294,201,118" step="2"/><T10/><D28/><U39/><E39/><V135/><F135/><W65/><G65/><T0/><D36/><U26/><E26/><V86/><F126/><W91/><G91/><T44/><D111/><U27/><E27/><V103/><F103/><W115/><G115/><T23/><D110/><U12/><E12/><V59/><F40/><W84/><G84/><T102/><D74/><U42/><E42/><V75/><F75/><W95/><AGARI ba="0,1" hai="24,30,34,43,46,48,49,52,56,57,58,95,99,100" machi="95" ten="20,5200,0" yaku="1,1,0,1,7,1,54,1,53,0" doraHai="118" doraHaiUra="104" who="3" fromWho="3" sc="377,-13,294,-26,201,-13,118,62" /><INIT seed="2,0,0,4,2,8" ten="364,268,188,180" oya="2" hai0="62,83,77,56,89,3,58,98,6,22,0,112,114" hai1="46,49,14,27,127,55,130,10,97,35,18,94,59" hai2="129,118,72,91,48,47,81,120,131,86,36,70,105" hai3="32,75,125,99,60,40,123,93,51,124,64,122,121"/><V116/><F120/><W109/><G32/><T67/><D3/><U21/><E127/><N who="3" m="48714" /><G75/><T87/><D0/><U65/><E130/><N who="2" m="49675" /><F70/><N who="3" m="42247" /><G109/><T110/><D6/><U69/><E69/><V80/><F105/><W71/><G71/><T28/><D110/><U53/><E35/><V104/><F104/><W119/><G119/><N who="2" m="45609" /><F36/><W135/><G135/><T113/><D112/><U101/><E65/><V43/><F72/><W42/><G51/><T78/><D113/><U39/><E39/><V31/><F31/><W95/><G95/><AGARI ba="0,0" hai="43,47,48,80,81,86,91,95" m="45609,49675" machi="95" ten="30,1500,0" yaku="19,1" doraHai="8" who="2" fromWho="3" sc="364,0,268,0,188,15,180,-15" /><INIT seed="2,1,0,4,4,100" ten="364,268,203,165" oya="2" hai0="25,46,67,102,41,108,106,77,14,68,60,83,90" hai1="86,66,17,75,121,91,96,62,20,10,43,2,124" hai2="103,28,126,11,55,113,114,35,4,117,81,125,57" hai3="18,42,65,101,63,23,95,115,87,33,13,53,78"/><V128/><F117/><W118/><G118/><T92/><D108/><U94/><E75/><V98/><F28/><W85/><G33/><T12/><D25/><U8/><E121/><V36/><F81/><W51/><G115/><T80/><D80/><U107/><E2/><V116/><F36/><W110/><G110/><T34/><D34/><U79/><E124/><N who="2" m="47723" /><F35/><W19/><G42/><T0/><D0/><U9/><E43/><V132/><F128/><W47/><G78/><T48/><D83/><U31/><E31/><V111/><F132/><W24/><G101/><T27/><D77/><U134/><E134/><V40/><F40/><W99/><G99/><T32/><D90/><U30/><E30/><V135/><F135/><W29/><G95/><T54/><D92/><U61/><E79/><V44/><F44/><W69/><REACH who="3" step="1"/><G29/><REACH who="3" ten="364,268,203,155" step="2"/><N who="0" m="19519" /><D41/><U39/><E39/><V37/><F37/><W72/><G72/><T56/><D102/><U105/><E96/><V74/><F74/><W1/><G1/><T122/><D122/><U97/><E97/><V59/><F116/><W58/><G58/><N who="2" m="22025" /><F111/><W93/><G93/><T26/><D56/><U119/><E119/><V133/><F133/><W16/><G16/><T131/><D131/><U71/><REACH who="1" step="1"/><E61/><REACH who="1" ten="364,258,203,155" step="2"/><V3/><F55/><W15/><G15/><AGARI ba="1,2" hai="8,9,10,15,17,20,62,66,71,86,91,94,105,107" machi="15" ten="40,8000,1" yaku="1,1,2,1,52,2,53,0" doraHai="100" doraHaiUra="22" who="1" fromWho="3" sc="364,0,258,103,203,0,155,-83" /><INIT seed="3,0,0,3,3,90" ten="364,361,203,72" oya="3" hai0="55,46,65,25,95,104,35,115,50,99,97,112,14" hai1="121,32,75,73,110,131,72,1,93,52,36,7,59" hai2="119,86,3,91,49,128,0,62,31,70,30,18,24" hai3="113,98,120,74,28,44,19,87,15,84,117,12,118"/><W78/><G113/><N who="0" m="43595" /><D65/><U40/><E121/><V11/><F119/><W64/><G120/><T68/><D68/><U126/><E32/><V41/><F128/><W38/><G28/><N who="0" m="19855" /><D104/><U111/><E131/><V4/><F0/><W124/><G124/><T29/><D29/><U8/><E126/><V10/><F70/><W22/><G64/><T123/><D123/><U63/><REACH who="1" step="1"/><E93/><REACH who="1" ten="364,351,203,72" step="2"/><V42/><F62/><W132/><G132/><T96/><D14/><U39/><E39/><V21/><F10/><W134/><G134/><T66/><D66/><U107/><E107/><V48/><F42/><W79/><G74/><T47/><D47/><AGARI ba="0,1" hai="1,7,8,36,40,47,52,59,63,72,73,75,110,111" machi="47" ten="50,3200,0" yaku="1,1,54,1,53,0" doraHai="90" doraHaiUra="83" who="1" fromWho="0" sc="364,-32,351,42,203,0,72,0" owari="332,13.2,393,49.3,203,-19.7,72,-42.8" /></mjloggm>