<mjloggm ver="2.3"><GO type="225" lobby="0"/><UN n0="%72%65%6E%6B%75%6E" n1="%E3%81%BF%E3%81%BF%E3%81%9A" n2="%E7%99%BD%E5%80%89%E5%AF%9B%E4%B9%8B" n3="%E3%83%96%E3%83%83%E3%83%91%E3%82%AA%E3%83%96%E3%83%81%E3%82%AD%E3%83%B3" dan="17,17,16,16" rate="2175.53,2255.91,2123.44,2125.02" sx="M,M,M,M"/><TAIKYOKU oya="0"/><INIT seed="0,0,0,4,2,91" ten="250,250,250,250" oya="0" hai0="87,111,106,60,38,41,16,113,36,35,15,97,96" hai1="69,20,13,39,133,18,114,4,98,57,76,135,80" hai2="45,58,37,28,64,67,129,68,5,82,25,55,34" hai3="99,118,40,6,62,46,51,116,21,94,26,24,59"/><T11/><D113/><U42/><E69/><V85/><F129/><W84/><G6/><T107/><D35/><U71/><E71/><V79/><F68/><W74/><G74/><T43/><D87/><U65/><E114/><V112/><F112/><W9/><G9/><T101/><D111/><U17/><E4/><V72/><F5/><W7/><G84/><T77/><D77/><U130/><E130/><V90/><F45/><W14/><G7/><T86/><D86/><U27/><E39/><V122/><F37/><W29/><G26/><T104/><D60/><N who="1" m="38031" /><E42/><V32/><F32/><W83/><G14/><T100/><D106/><U75/><E98/><V78/><F78/><W132/><G83/><T117/><D117/><U131/><E131/><V123/><F123/><W115/><G132/><N who="1" m="50762" /><E13/><V66/><F122/><W95/><G115/><T53/><D53/><U3/><E3/><V10/><F10/><W0/><G0/><T108/><D108/><U127/><E127/><V54/><REACH who="2" step="1"/><F58/><REACH who="2" ten="250,250,240,250" step="2"/><W31/><G118/><T61/><D38/><U48/><E48/><V125/><F125/><W81/><G116/><T120/><D36/><U30/><AGARI ba="0,1" hai="17,18,20,27,30,75,76,80" m="50762,38031" machi="30" ten="30,1100,0" yaku="20,1" doraHai="91" who="1" fromWho="1" sc="250,-5,250,21,240,-3,250,-3" /><INIT seed="1,0,0,3,0,45" ten="245,271,237,247" oya="1" hai0="59,70,34,92,65,111,63,100,67,128,103,9,56" hai1="7,50,86,44,116,23,27,94,28,31,97,46,14" hai2="15,35,68,16,1,121,21,60,134,118,129,126,54" hai3="40,76,57,125,6,24,77,13,17,115,74,110,113"/><U79/><E116/><V10/><F118/><W48/><G110/><T41/><D34/><U51/><E28/><V114/><F121/><W69/><G69/><T130/><D111/><U108/><E108/><V4/><F126/><W88/><G125/><T0/><D41/><U124/><E124/><V8/><F35/><W91/><G115/><T71/><D92/><U72/><E72/><V101/><F114/><W80/><G113/><T53/><D53/><U25/><E25/><V131/><F134/><W5/><G24/><T62/><D9/><N who="1" m="4415" /><E44/><V127/><F127/><W81/><G5/><T58/><REACH who="0" step="1"/><D59/><REACH who="0" ten="235,271,237,247" step="2"/><U93/><E46/><V52/><F10/><W73/><G6/><T30/><D30/><U3/><E3/><AGARI ba="0,1" hai="0,3,56,58,62,63,65,67,70,71,100,103,128,130" machi="3" ten="25,3200,0" yaku="1,1,22,2,53,0" doraHai="45" doraHaiUra="106" who="0" fromWho="1" sc="235,42,271,-32,237,0,247,0" /><INIT seed="2,0,0,1,1,48" ten="277,239,237,247" oya="2" hai0="93,0,111,36,121,47,17,9,40,16,81,83,46" hai1="98,132,59,12,45,51,11,13,120,32,22,37,54" hai2="102,58,8,134,131,114,4,39,74,76,1,25,21" hai3="69,99,71,20,95,31,44,117,110,112,6,86,106"/><V63/><F114/><W33/><G117/><T26/><D121/><U72/><E32/><V85/><F131/><W64/><G112/><T94/><D111/><U55/><E72/><V23/><F134/><W78/><G110/><T135/><D135/><U62/><E132/><V92/><F39/><W50/><G33/><T108/><D108/><U89/><E120/><V14/><F74/><W70/><G106/><T87/><D46/><U67/><E37/><V10/><F25/><W28/><G6/><T128/><D128/><U90/><E98/><V34/><F34/><W103/><G64/><T77/><D83/><U113/><E113/><V7/><F76/><W115/><G115/><T60/><D60/><U29/><E67/><V18/><F18/><W122/><G20/><T3/><D26/><N who="1" m="16599" /><E13/><V52/><REACH who="2" step="1"/><F85/><REACH who="2" ten="277,239,227,247" step="2"/><W101/><G122/><T126/><D126/><U24/><E24/><V79/><F79/><W124/><G124/><T49/><D36/><U100/><E100/><V61/><F61/><W109/><G103/><T104/><D17/><AGARI ba="0,1" hai="11,12,17,45,51,54,55,59,62,89,90" m="16599" machi="17" ten="30,3900,0" yaku="8,1,52,2" doraHai="48" who="1" fromWho="0" sc="277,-39,239,49,227,0,247,0" /><INIT seed="3,0,0,5,0,28" ten="238,288,227,247" oya="3" hai0="98,33,32,76,80,72,127,57,100,64,50,34,26" hai1="52,92,61,20,4,89,88,29,118,114,15,8,27" hai2="19,17,1,110,90,53,109,5,99,81,60,71,11" hai3="112,93,108,6,101,107,132,51,42,82,77,84,119"/><W25/><G112/><T105/><D127/><U74/><E114/><V59/><F71/><W94/><G119/><T124/><D124/><U85/><E74/><V46/><F46/><W49/><G132/><T97/><D97/><U70/><E118/><V45/><F45/><N who="3" m="25783" /><G107/><T117/><D117/><U111/><E111/><N who="2" m="42507" /><F81/><W3/><G3/><T78/><D78/><U54/><E70/><V115/><F115/><W55/><G108/><T75/><D75/><U96/><E61/><V131/><F131/><W86/><G6/><T133/><D133/><U121/><E121/><V123/><F123/><W79/><G101/><T67/><REACH who="0" step="1"/><D26/><REACH who="0" ten="228,288,227,247" step="2"/><U103/><E89/><V66/><F66/><W37/><G25/><T120/><D120/><U23/><E23/><V0/><F0/><W106/><G79/><T47/><D47/><U18/><E29/><V68/><F68/><W125/><G125/><T40/><D40/><U16/><E18/><V134/><F134/><W130/><G77/><T126/><D126/><U7/><E4/><V35/><F35/><W41/><G41/><T48/><D48/><U116/><E116/><V83/><F99/><W30/><G51/><T43/><D43/><U135/><E135/><V22/><F22/><W9/><G130/><T21/><D21/><U65/><E96/><V31/><F31/><W13/><G30/><T14/><D14/><U63/><E103/><V104/><F104/><W38/><G13/><T44/><D44/><U87/><E85/><AGARI ba="0,1" hai="1,5,11,17,19,53,59,60,83,85,90" m="42507" machi="85" ten="30,1000,0" yaku="14,1" doraHai="28" who="2" fromWho="1" sc="228,0,288,-10,227,20,247,0" /><INIT seed="4,0,0,2,5,91" ten="228,278,247,247" oya="0" hai0="40,133,127,19,71,132,47,117,18,44,104,103,135" hai1="120,108,50,53,129,27,3,10,38,55,11,134,15" hai2="33,111,61,35,62,72,31,28,74,22,65,78,89" hai3="94,81,26,95,118,14,5,99,131,67,125,96,16"/><T42/><D71/><U39/><E120/><V100/><F89/><W73/><G118/><T98/><D117/><U63/><E108/><V116/><F116/><W88/><G125/><T17/><REACH who="0" step="1"/><D127/><REACH who="0" ten="218,278,247,247" step="2"/><U107/><E129/><V36/><F111/><W37/><G131/><T56/><D56/><U126/><E126/><V54/><F35/><W93/><G37/><T41/><AGARI ba="0,1" hai="17,18,19,40,41,42,44,47,98,103,104,132,133,135" machi="41" ten="40,12000,1" yaku="1,1,0,1,29,2,20,1,53,0" doraHai="91" doraHaiUra="119" who="0" fromWho="0" sc="218,130,278,-40,247,-40,247,-40" owari="348,44.8,238,3.8,207,-19.3,207,-29.3" /></mjloggm>