<mjloggm ver="2.3"><GO type="225" lobby="0"/><UN n0="%66%67%67%68%68%64%66" n1="%E3%82%AF%E3%82%A3%E3%82%A6" n2="%E3%81%A4%E3%81%A3%E3%81%B1%E3%82%8A%E3%83%9D%E3%83%BC%E3%83%AB" n3="%E9%B7%B9%E5%80%89%E6%9D%8F%E9%88%B4" dan="16,16,17,16" rate="2094.42,2074.71,2171.98,2114.14" sx="M,M,M,F"/><TAIKYOKU oya="0"/><INIT seed="0,0,0,1,3,3" ten="250,250,250,250" oya="0" hai0="12,115,130,135,92,103,101,120,75,33,68,20,52" hai1="34,50,80,124,1,116,72,74,114,31,104,7,127" hai2="119,30,4,64,123,22,29,90,118,97,28,126,125" hai3="2,16,49,8,113,47,48,27,128,91,89,23,99"/><T21/><D115/><U134/><E116/><N who="2" m="44587" /><F64/><W43/><G113/><T122/><D33/><U108/><E108/><V70/><F70/><W65/><G128/><T78/><D68/><U45/><E114/><V60/><F60/><W133/><G133/><T106/><D106/><U39/><E104/><V37/><F37/><W88/><G65/><T109/><D135/><U84/><E134/><V5/><F123/><W25/><G25/><T9/><D130/><U85/><E39/><V11/><F11/><W35/><G35/><T112/><D112/><U10/><E31/><N who="2" m="11851" /><F90/><W83/><G49/><T54/><D78/><N who="1" m="46231" /><E84/><V40/><F97/><W110/><G110/><T17/><D109/><U129/><E34/><V96/><F96/><W71/><G71/><T131/><D131/><U86/><E86/><V66/><F40/><W42/><G83/><T19/><D9/><U24/><E129/><V117/><F66/><W69/><G69/><T107/><D107/><U73/><E24/><N who="2" m="16663" /><F117/><W51/><G99/><T62/><D62/><U58/><E58/><V102/><F102/><W57/><G57/><T132/><D132/><U53/><E74/><V105/><F105/><W15/><G2/><T14/><D75/><U13/><E1/><V46/><F46/><N who="3" m="25687" /><G91/><T87/><D87/><U63/><E73/><V111/><F111/><W79/><G79/><T36/><D36/><U0/><E0/><V61/><F61/><W121/><G121/><T94/><AGARI ba="0,0" hai="12,14,17,19,20,21,52,54,92,94,101,103,120,122" machi="94" ten="25,9600,0" yaku="0,1,22,2,54,1" doraHai="3" who="0" fromWho="0" sc="250,96,250,-32,250,-32,250,-32" /><INIT seed="0,1,0,0,3,82" ten="346,218,218,218" oya="0" hai0="130,0,77,115,58,34,52,57,4,27,39,11,97" hai1="112,35,106,56,13,36,99,96,25,127,15,21,94" hai2="108,90,51,124,47,68,23,8,78,118,66,95,30" hai3="33,120,38,119,1,62,110,64,105,53,132,17,103"/><T49/><D115/><U3/><E3/><V16/><F108/><W125/><RYUUKYOKU type="yao9" ba="1,0" sc="346,0,218,0,218,0,218,0" hai3="1,17,33,38,53,62,64,103,105,110,119,120,125,132" /><INIT seed="0,2,0,4,5,95" ten="346,218,218,218" oya="0" hai0="53,123,66,74,81,39,71,68,42,24,91,124,77" hai1="102,25,112,126,132,3,50,116,59,80,47,2,78" hai2="121,45,125,55,86,0,60,31,9,130,10,67,18" hai3="61,43,98,119,56,49,65,57,1,117,23,17,70"/><T13/><D123/><U108/><E108/><V44/><F121/><W96/><G1/><T4/><D124/><U128/><E116/><V36/><F125/><W27/><G70/><T89/><D24/><U21/><E126/><V38/><F130/><W8/><G8/><T90/><D66/><U79/><E128/><V41/><F31/><W113/><G113/><T35/><D35/><U11/><E102/><V107/><F107/><W135/><G135/><T115/><D115/><U69/><E112/><V83/><F0/><W34/><G34/><T114/><D114/><U15/><E69/><V76/><F18/><W19/><G19/><T129/><D129/><U64/><E132/><V46/><F46/><W62/><G119/><T111/><D111/><U120/><E120/><V29/><F29/><W93/><G93/><T127/><D127/><U5/><E59/><V14/><F14/><W12/><G12/><T133/><D53/><U92/><E64/><V85/><F85/><W51/><G117/><T94/><D133/><U103/><E21/><V22/><F22/><W84/><G84/><T54/><D74/><U20/><E20/><V88/><F76/><N who="1" m="29225" /><E80/><V110/><F110/><W97/><G43/><T73/><D42/><N who="1" m="24951" /><E25/><V105/><F105/><W104/><G104/><T100/><D39/><U87/><E87/><V30/><F30/><W63/><G63/><T75/><D75/><U37/><E37/><V48/><F38/><W131/><G131/><T52/><D71/><AGARI ba="2,0" hai="9,10,36,41,44,45,48,55,60,67,71,83,86,88" machi="71" ten="30,2000,0" yaku="7,1,54,1" doraHai="95" who="2" fromWho="0" sc="346,-26,218,0,218,26,218,0" /><INIT seed="1,0,0,5,2,101" ten="320,218,244,218" oya="1" hai0="115,24,74,122,66,123,71,112,27,12,134,89,32" hai1="103,51,120,68,118,91,117,81,85,57,130,43,97" hai2="87,52,92,72,9,8,107,105,70,47,6,49,111" hai3="59,84,11,131,46,82,77,42,10,56,116,28,102"/><U38/><E68/><V62/><F72/><W20/><G131/><T88/><D74/><U55/><E120/><N who="0" m="46121" /><D134/><U114/><E114/><N who="0" m="43561" /><D12/><U48/><E130/><V35/><F111/><W0/><G116/><T23/><D32/><U119/><E38/><V18/><F35/><W124/><G124/><T67/><D71/><U96/><E96/><V90/><F18/><W19/><G28/><N who="0" m="17439" /><D27/><U17/><E17/><V80/><F9/><N who="3" m="3083" /><G0/><T135/><D135/><U34/><E34/><V108/><F108/><W64/><G64/><AGARI ba="0,0" hai="64,66,67,88,89" m="17439,43561,46121" machi="64" ten="30,2000,0" yaku="13,1,54,1" doraHai="101" who="0" fromWho="3" sc="320,20,218,0,244,0,218,-20" /><INIT seed="2,0,0,1,2,34" ten="340,218,244,198" oya="2" hai0="15,2,80,132,102,26,23,25,94,60,46,108,20" hai1="78,63,75,44,76,79,134,71,133,66,106,135,7" hai2="59,97,115,117,123,4,17,19,45,129,12,53,118" hai3="0,120,9,50,5,111,8,99,92,29,86,93,130"/><V91/><F115/><W67/><G120/><T114/><D2/><U6/><E106/><V125/><F123/><W127/><G111/><T109/><D114/><U58/><E44/><V87/><F129/><W55/><G130/><T56/><D132/><U64/><E71/><V30/><F125/><W22/><G127/><T83/><D46/><U70/><E70/><V10/><F30/><W32/><G67/><N who="0" m="39303" /><D15/><U27/><E27/><N who="0" m="10249" /><D102/><U89/><E75/><V74/><F97/><W121/><G32/><T43/><D94/><U51/><E51/><V69/><F74/><W39/><G39/><T77/><D43/><U13/><E13/><V82/><F69/><W81/><G121/><T38/><D38/><U52/><REACH who="1" step="1"/><E89/><REACH who="1" ten="340,208,244,198" step="2"/><V36/><F45/><W35/><G35/><T37/><D37/><U103/><E103/><V42/><F36/><W48/><G48/><T68/><D68/><U62/><E62/><V72/><F42/><W88/><G29/><T105/><D105/><U116/><E116/><V96/><F72/><W122/><G122/><T1/><D109/><U28/><E28/><V128/><F128/><W73/><G73/><T95/><D108/><U18/><E18/><N who="2" m="6667" /><F118/><W126/><G126/><T131/><D131/><U14/><E14/><V85/><F117/><W33/><G33/><T90/><D90/><U3/><E3/><V100/><F59/><W16/><G0/><T54/><D1/><U57/><E57/><V21/><F12/><W107/><G107/><T24/><D24/><U40/><E40/><V11/><F100/><W65/><G50/><T119/><D119/><RYUUKYOKU ba="0,1" sc="340,-10,208,30,244,-10,198,-10" hai1="6,7,52,58,63,64,66,76,78,79,133,134,135" /><INIT seed="3,1,1,1,5,93" ten="330,238,234,188" oya="3" hai0="85,66,50,96,35,23,80,13,34,135,27,123,29" hai1="15,82,47,130,49,60,61,84,17,95,94,38,100" hai2="8,68,101,118,53,46,112,90,59,48,19,41,0" hai3="24,74,88,83,106,37,109,7,16,18,105,75,58"/><W103/><G37/><T44/><D123/><U73/><E73/><V111/><F118/><W30/><G7/><T6/><D135/><U4/><E4/><V102/><F112/><W110/><G58/><T62/><D96/><N who="1" m="59415" /><E95/><V40/><F68/><W21/><G75/><T116/><D13/><U20/><E38/><V71/><F71/><W87/><G74/><T92/><D92/><U97/><E97/><V57/><F111/><N who="3" m="42507" /><G103/><N who="2" m="39433" /><F0/><W72/><G72/><T51/><D51/><U117/><E130/><V55/><F90/><W115/><G115/><T119/><D6/><U134/><E134/><V127/><F127/><W86/><G86/><T107/><D107/><AGARI ba="1,1" hai="16,18,21,24,30,83,87,88,105,106,107" m="42507" machi="107" ten="30,11600,0" yaku="14,1,10,1,54,2" doraHai="93" who="3" fromWho="0" sc="330,-119,238,0,234,0,188,129" owari="211,-28.9,238,3.8,234,-16.6,317,41.7" /></mjloggm>