<mjloggm ver="2.3"><GO type="225" lobby="0"/><UN n0="%E5%91%A8%E6%9D%B1" n1="%E5%B8%86%E7%AB%8B%E5%A4%8F%E8%A1%A3" n2="%E3%83%96%E3%83%83%E3%83%91%E3%82%AA%E3%83%96%E3%83%81%E3%82%AD%E3%83%B3" n3="%EF%BC%AE%EF%BC%A1%EF%BC%AF%33%33%39" dan="16,17,16,16" rate="2132.81,2168.51,2175.83,2131.15" sx="M,M,M,M"/><TAIKYOKU oya="0"/><INIT seed="0,0,0,5,5,47" ten="250,250,250,250" oya="0" hai0="14,111,9,120,13,58,39,71,110,103,11,78,45" hai1="19,76,116,127,2,24,107,33,113,122,5,36,117" hai2="59,131,7,109,128,90,34,126,129,38,44,124,28" hai3="57,134,79,26,56,62,104,22,37,125,16,68,4"/><T92/><D71/><U55/><E36/><V15/><F109/><N who="0" m="41482" /><D120/><U29/><E107/><V130/><N who="2" m="32768" /><DORA hai="118" /><V12/><F90/><W89/><G104/><T64/><D78/><U43/><E43/><N who="2" m="22647" /><F59/><W25/><G37/><T6/><D39/><U52/><E76/><V93/><F93/><W86/><G79/><T106/><D106/><U95/><E113/><V91/><F91/><W20/><G68/><T135/><D45/><U60/><E127/><N who="2" m="48683" /><F7/><W87/><G4/><N who="0" m="3239" /><D92/><U67/><E95/><V41/><F41/><W70/><G70/><T115/><D115/><U10/><E117/><V63/><F63/><W96/><G62/><N who="0" m="37975" /><D103/><U32/><E116/><V81/><F81/><W84/><G125/><T46/><D46/><U121/><E60/><V50/><F50/><W23/><G57/><T133/><AGARI ba="0,0" hai="6,11,14,133,135" m="37975,3239,41482" machi="133" ten="30,3000,0" yaku="14,1,10,1" doraHai="47,118" who="0" fromWho="0" sc="250,30,250,-10,250,-10,250,-10" /><INIT seed="0,1,0,5,3,122" ten="280,240,240,240" oya="0" hai0="133,23,2,106,99,8,15,9,78,63,24,16,94" hai1="44,100,18,41,59,118,70,117,34,58,125,36,21" hai2="124,37,107,115,123,132,87,53,28,29,7,131,11" hai3="66,17,82,96,72,64,120,1,83,119,103,102,108"/><T4/><D133/><U104/><E125/><V79/><F115/><W42/><G1/><T134/><D134/><U25/><E70/><V35/><F132/><W27/><G42/><T0/><D106/><U19/><E34/><V61/><F123/><W57/><G120/><T40/><D40/><U116/><E104/><V49/><F37/><W60/><G119/><T90/><D78/><U13/><REACH who="1" step="1"/><E100/><REACH who="1" ten="280,230,240,240" step="2"/><V121/><F35/><W10/><G103/><T80/><D80/><U85/><E85/><V114/><F87/><W45/><G83/><T74/><D74/><U48/><E48/><V56/><F49/><W113/><G82/><T77/><D77/><U55/><E55/><V62/><F53/><W105/><G72/><T109/><D109/><U5/><E5/><V68/><F7/><W75/><G75/><T101/><D101/><U84/><E84/><V110/><F79/><W89/><G108/><T76/><D76/><U39/><E39/><V91/><F107/><W129/><G102/><T33/><D33/><U31/><E31/><V3/><F29/><W88/><G105/><T126/><D126/><U26/><E26/><V22/><F28/><W111/><G27/><T81/><D81/><U93/><E93/><V135/><F110/><W12/><G111/><T51/><D51/><U50/><E50/><V92/><F124/><W47/><G89/><T97/><D97/><U95/><E95/><V38/><F91/><W32/><G88/><T130/><D90/><U43/><E43/><V73/><F135/><W69/><G96/><T98/><D99/><U30/><E30/><RYUUKYOKU ba="1,1" sc="280,-10,230,30,240,-10,240,-10" hai1="13,18,19,21,25,36,41,44,58,59,116,117,118" /><INIT seed="1,2,1,2,3,63" ten="270,260,230,230" oya="1" hai0="88,109,25,96,16,135,129,31,20,40,9,74,131" hai1="126,91,42,92,65,94,10,127,90,53,78,45,72" hai2="77,119,17,106,61,27,85,44,89,22,115,118,117" hai3="59,13,121,87,1,105,54,100,66,5,128,37,75"/><U133/><E133/><V120/><F120/><W29/><G75/><T104/><D135/><U122/><E122/><V112/><F106/><W124/><G37/><T52/><D74/><U55/><E10/><V14/><F77/><W76/><G1/><T103/><D109/><U24/><E24/><V134/><F134/><W19/><G5/><T108/><D108/><U68/><E78/><V26/><F44/><W60/><G121/><T51/><D40/><U79/><E79/><V34/><F61/><W7/><G7/><T39/><D39/><U2/><E2/><V70/><F70/><W84/><G76/><T111/><D111/><U102/><E72/><V3/><F3/><W80/><G80/><T15/><REACH who="0" step="1"/><D88/><REACH who="0" ten="260,260,230,230" step="2"/><U47/><E42/><V97/><F85/><W46/><G87/><T0/><D0/><U4/><E91/><V113/><F89/><W30/><G84/><T28/><D28/><U12/><E90/><V18/><F97/><W110/><G30/><T130/><D130/><U43/><E43/><V95/><F118/><W83/><G29/><T101/><D101/><U62/><E102/><V36/><F36/><W50/><G128/><T99/><D99/><U48/><E127/><V57/><F119/><W69/><G124/><T38/><D38/><U8/><E126/><V11/><F117/><W107/><G110/><T81/><D81/><U73/><E73/><V86/><F86/><W32/><G83/><T64/><D64/><U35/><E35/><V58/><F34/><W125/><G125/><T21/><D21/><U6/><E6/><N who="2" m="3447" /><F95/><W114/><G32/><RYUUKYOKU ba="2,2" sc="260,10,260,10,230,10,230,-30" hai0="9,15,16,20,25,31,51,52,96,103,104,129,131" hai1="4,8,12,45,47,48,53,55,62,65,68,92,94" hai2="17,18,22,26,27,57,58,112,113,115" /><INIT seed="1,3,2,1,4,133" ten="270,270,240,200" oya="1" hai0="65,0,63,58,131,35,70,13,94,10,53,14,111" hai1="29,104,127,106,59,102,120,113,132,1,103,87,6" hai2="37,129,16,64,123,30,7,76,55,11,2,92,48" hai3="12,100,54,8,119,135,42,47,95,38,20,105,57"/><U90/><E113/><V84/><F123/><W26/><G105/><N who="1" m="40554" /><E59/><V98/><F129/><W134/><G119/><T77/><D131/><U73/><E29/><V25/><F37/><W34/><G34/><T60/><D35/><U78/><E6/><V43/><F43/><W96/><G12/><T23/><D111/><U130/><E1/><V75/><F64/><W21/><G8/><T109/><D109/><U114/><E114/><V69/><F69/><W61/><REACH who="3" step="1"/><G21/><REACH who="3" ten="270,270,240,190" step="2"/><T93/><D0/><U85/><E130/><V46/><F2/><W45/><G45/><T124/><D23/><U5/><E5/><V91/><F7/><W71/><G71/><T74/><D14/><U89/><E120/><V19/><F11/><W31/><AGARI ba="3,3" hai="20,26,31,38,42,47,54,57,61,95,96,100,134,135" machi="31" ten="30,2000,0" yaku="1,1,0,1,53,0" doraHai="133" doraHaiUra="79" who="3" fromWho="3" sc="270,-8,270,-13,240,-8,190,59" /><INIT seed="2,0,0,4,4,117" ten="262,257,232,249" oya="2" hai0="72,89,124,2,24,64,18,111,10,3,27,84,43" hai1="70,135,14,46,116,66,12,58,92,21,113,13,97" hai2="132,130,5,98,37,8,22,44,19,127,32,81,38" hai3="34,80,101,49,87,128,20,131,110,129,7,63,121"/><V107/><F32/><W95/><G34/><T71/><D72/><U105/><E135/><V57/><F132/><W102/><G7/><T39/><D124/><U106/><E70/><V104/><F127/><W30/><G63/><T55/><D111/><U16/><E113/><V85/><F130/><W1/><G1/><T96/><D96/><U36/><E116/><V42/><F38/><W0/><G0/><T126/><D126/><U76/><E76/><V45/><F45/><W115/><G49/><T48/><D3/><U68/><E68/><V17/><F98/><W31/><G110/><T61/><D18/><U35/><E35/><V133/><F133/><W123/><G115/><T94/><D10/><U74/><E74/><V75/><F75/><W15/><G95/><T125/><D2/><U11/><E106/><V69/><F69/><W9/><G9/><T4/><D4/><U50/><E105/><V54/><F17/><N who="3" m="10303" /><G31/><T88/><D89/><N who="1" m="55439" /><E36/><V26/><F8/><W29/><G29/><T79/><D79/><U108/><E108/><V6/><F107/><W90/><G30/><T82/><D94/><U93/><E93/><V83/><F104/><W28/><G28/><T122/><D125/><U134/><E134/><V73/><F73/><W78/><G78/><T53/><D39/><U103/><E11/><V60/><REACH who="2" step="1"/><F83/><REACH who="2" ten="262,257,222,249" step="2"/><W91/><G80/><T119/><D119/><U52/><E103/><N who="3" m="39434" /><G87/><T65/><D84/><U41/><E41/><V23/><F23/><W114/><G114/><T59/><D43/><U62/><AGARI ba="0,1" hai="12,13,14,16,21,46,50,52,58,62,66" m="55439" machi="62" ten="30,4000,0" yaku="8,1,54,2" doraHai="117" who="1" fromWho="1" sc="262,-10,257,50,222,-20,249,-10" /><INIT seed="3,0,0,4,4,41" ten="252,307,202,239" oya="3" hai0="103,112,89,62,54,36,114,122,1,123,67,132,129" hai1="22,109,55,127,48,50,77,5,56,107,40,115,63" hai2="12,100,25,69,27,46,104,71,113,10,33,125,121" hai3="7,17,81,32,47,102,95,59,57,84,8,70,120"/><W130/><G70/><N who="0" m="42359" /><D89/><U15/><E115/><N who="0" m="44073" /><D103/><U6/><E109/><V108/><F113/><W34/><G120/><N who="0" m="46123" /><D1/><U97/><E127/><V19/><F121/><W133/><G17/><T96/><D96/><U110/><E110/><V90/><F125/><W111/><G111/><T131/><D132/><U74/><E97/><V51/><F108/><W58/><G133/><T87/><D87/><U126/><E126/><V16/><F104/><W31/><G31/><T20/><D20/><U94/><E94/><V92/><F100/><W37/><G95/><T135/><D135/><U28/><E28/><V75/><F75/><W21/><G21/><T4/><D4/><U24/><E107/><V68/><F33/><W86/><G102/><T42/><D54/><U49/><E74/><V38/><F19/><W79/><G84/><T117/><D117/><U85/><E77/><V73/><F73/><W80/><G80/><T44/><AGARI ba="0,0" hai="36,42,44,129,131" m="46123,44073,42359" machi="44" ten="40,8000,1" yaku="11,1,23,1,34,2,52,1" doraHai="41" who="0" fromWho="0" sc="252,80,307,-20,202,-20,239,-40" owari="332,43.2,287,8.7,182,-31.8,199,-20.1" /></mjloggm>