<mjloggm ver="2.3"><GO type="225" lobby="0"/><UN n0="%E3%82%AF%E3%82%A3%E3%82%A6" n1="%E3%81%AF%E3%82%88%E3%81%8A%E3%81%98%E3%81%95%E3%82%93" n2="%E4%BF%BA%E3%81%A8%E5%A6%96%E5%A4%A2" n3="%E6%98%93%E5%88%A9%E8%96%A9%E4%BC%AF" dan="16,17,16,17" rate="2064.12,2128.13,2135.86,2122.08" sx="M,M,F,F"/><TAIKYOKU oya="0"/><INIT seed="0,0,0,3,1,79" ten="250,250,250,250" oya="0" hai0="92,67,124,9,128,42,115,71,99,78,0,104,22" hai1="84,73,29,45,113,37,63,91,34,44,40,103,68" hai2="131,23,126,20,27,14,43,38,61,123,96,54,80" hai3="109,127,72,100,101,111,93,33,26,13,77,39,98"/><T62/><D115/><U64/><E113/><V25/><F123/><W102/><G39/><T122/><D122/><U118/><E118/><V4/><F131/><W57/><G13/><T134/><D124/><U125/><E125/><V3/><F126/><W35/><G127/><T56/><D128/><U87/><E73/><V52/><F3/><W114/><G114/><T6/><D134/><U132/><E132/><V59/><F96/><W55/><G26/><T86/><D104/><U28/><E103/><V88/><F43/><W120/><G120/><T1/><D42/><U18/><E45/><V121/><F38/><W31/><G31/><T135/><D135/><U50/><E37/><V19/><F54/><W65/><G65/><T69/><D22/><N who="2" m="8234" /><F4/><W36/><G36/><T48/><D48/><U15/><E87/><N who="2" m="50279" /><F121/><W108/><G33/><T74/><D74/><U12/><E34/><V129/><F129/><W116/><G35/><T58/><D69/><U81/><REACH who="1" step="1"/><E12/><REACH who="1" ten="250,240,250,250" step="2"/><V17/><F14/><W51/><REACH who="3" step="1"/><G116/><REACH who="3" ten="250,240,250,240" step="2"/><T30/><D0/><U7/><E7/><V2/><F2/><W97/><G97/><T107/><D1/><U10/><AGARI ba="0,2" hai="10,15,18,28,29,40,44,50,63,64,68,81,84,91" machi="10" ten="20,8000,1" yaku="1,1,0,1,7,1,52,1,53,1" doraHai="79" doraHaiUra="46" who="1" fromWho="1" sc="250,-40,240,100,250,-20,240,-20" /><INIT seed="1,0,0,1,2,29" ten="210,340,230,220" oya="1" hai0="20,39,28,0,7,79,14,17,96,80,90,3,87" hai1="117,78,64,5,12,43,74,62,34,41,131,58,72" hai2="108,134,113,52,107,75,102,135,109,99,4,61,85" hai3="83,31,133,122,126,36,101,8,40,16,112,93,59"/><U104/><E117/><V60/><F75/><W26/><G112/><T57/><D39/><U103/><E131/><V48/><F113/><W15/><G122/><T24/><D57/><U38/><E34/><V22/><F4/><W84/><G126/><T116/><D116/><U46/><E41/><V119/><F119/><W42/><G133/><N who="2" m="50697" /><F22/><W44/><G59/><T73/><D96/><U121/><E121/><V23/><F23/><W6/><G42/><T130/><D130/><U118/><E118/><V49/><F85/><W13/><G93/><T76/><D73/><U27/><E27/><V47/><F48/><W129/><G101/><T127/><D127/><U91/><E91/><V110/><AGARI ba="0,0" hai="47,49,52,60,61,99,102,107,108,109,110" m="50697" machi="110" ten="40,5200,0" yaku="14,1,20,1,54,1" doraHai="29" who="2" fromWho="2" sc="210,-13,340,-26,230,52,220,-13" /><INIT seed="2,0,0,2,5,130" ten="197,314,282,207" oya="2" hai0="18,132,128,70,7,64,51,47,135,67,114,97,91" hai1="115,19,72,57,26,81,59,10,63,77,103,82,31" hai2="6,4,89,112,84,85,52,74,24,23,20,88,90" hai3="100,101,105,125,16,104,34,71,9,120,49,123,69"/><V133/><F112/><W75/><G75/><T131/><D7/><U80/><E115/><V118/><F118/><W87/><G34/><T83/><D114/><U109/><E109/><V73/><F133/><N who="0" m="51274" /><D18/><U53/><E103/><V15/><F15/><W98/><G125/><T129/><D70/><U124/><E124/><V36/><F36/><W54/><G71/><T117/><D117/><U50/><E19/><V107/><F107/><W25/><G69/><T126/><D126/><U111/><E10/><V116/><F116/><W127/><G127/><T17/><D17/><U46/><E59/><V13/><F13/><W35/><G9/><T1/><D1/><U119/><E111/><V61/><F74/><W8/><G8/><T56/><D56/><U43/><E119/><V55/><F73/><W134/><G134/><T113/><D113/><U5/><E5/><N who="2" m="2155" /><F61/><W76/><G123/><T32/><D32/><AGARI ba="0,0" hai="26,31,32,43,46,50,53,57,63,72,77,80,81,82" machi="32" ten="30,1000,0" yaku="7,1" doraHai="130" who="1" fromWho="0" sc="197,-10,314,10,282,0,207,0" /><INIT seed="3,0,0,3,0,65" ten="187,324,282,207" oya="3" hai0="100,83,80,120,79,46,129,24,99,127,110,18,87" hai1="54,130,27,134,82,38,95,13,42,91,19,53,49" hai2="108,133,122,113,47,59,32,58,98,126,35,1,105" hai3="115,89,5,21,93,43,86,8,4,85,84,88,66"/><W69/><G115/><T112/><D120/><U64/><E38/><V11/><F113/><W41/><G69/><T31/><D112/><U33/><E33/><V73/><F122/><W106/><G106/><T52/><D127/><U2/><E2/><V132/><F126/><W56/><G21/><T78/><D110/><U40/><E130/><V114/><F114/><W131/><G131/><T102/><D129/><U7/><E134/><N who="2" m="51819" /><F73/><W75/><G75/><T51/><D18/><U121/><E121/><V81/><F108/><W14/><G5/><T125/><D99/><N who="1" m="57855" /><E64/><V71/><F71/><W17/><G4/><T3/><D3/><U118/><E118/><V109/><F81/><W94/><G85/><T44/><D125/><U30/><E82/><V29/><F47/><W103/><G103/><T37/><D37/><U116/><E116/><V55/><F29/><W74/><G74/><T77/><D44/><N who="1" m="25735" /><E42/><V62/><F59/><W97/><G97/><T117/><D117/><U0/><E0/><V9/><F109/><W50/><G50/><T12/><D12/><U90/><E90/><V101/><F1/><W6/><G17/><T92/><D102/><U10/><E30/><V20/><F20/><AGARI ba="0,0" hai="7,10,13,19,20,27,53,54" m="25735,57855" machi="20" ten="30,1000,0" yaku="8,1" doraHai="65" who="1" fromWho="2" sc="187,0,324,10,282,-10,207,0" owari="187,-31.3,334,43.4,272,7.2,207,-19.3" /></mjloggm>