<mjloggm ver="2.3"><GO type="225" lobby="0"/><UN n0="%EF%BC%AE%EF%BC%A1%EF%BC%AF%33%33%39" n1="%70%6F%69%73%6F%6E%30%32" n2="%E3%81%8B%E3%82%8F%E3%81%A1%E3%82%83%E3%82%93%35%38" n3="%E3%83%81%E3%83%A7%E3%83%99%E3%83%83%E3%82%AF" dan="16,16,16,16" rate="2113.33,2105.86,2112.83,2074.06" sx="M,M,M,M"/><TAIKYOKU oya="0"/><INIT seed="0,0,0,2,0,42" ten="250,250,250,250" oya="0" hai0="52,65,50,58,16,9,59,62,97,8,28,95,85" hai1="75,17,19,29,30,53,87,133,88,128,48,38,86" hai2="79,7,25,82,15,122,77,60,55,61,43,0,72" hai3="4,2,100,78,44,70,10,69,12,114,18,111,115"/><T134/><D28/><N who="1" m="10859" /><E75/><V90/><F122/><W104/><G111/><T125/><D125/><U3/><E38/><V99/><F0/><W37/><G78/><N who="2" m="29705" /><F43/><N who="3" m="22639" /><G12/><N who="0" m="7175" /><D134/><U124/><E3/><V135/><F72/><W118/><G18/><T33/><D33/><U54/><E133/><V22/><F135/><W131/><G131/><T49/><D9/><U71/><E71/><N who="3" m="27146" /><G118/><T126/><D126/><U24/><E128/><V56/><F25/><W103/><G103/><N who="0" m="60863" /><D85/><U81/><E24/><V34/><F34/><W27/><G27/><T80/><D80/><N who="1" m="49223" /><E54/><V127/><F127/><W32/><G32/><T68/><D68/><U130/><E130/><V26/><F26/><W93/><G93/><T94/><D94/><U23/><E23/><V101/><F22/><W63/><G2/><T92/><D92/><U36/><E36/><V119/><F119/><W5/><G10/><T74/><D74/><U40/><E40/><V117/><F117/><W14/><G104/><T113/><D113/><U20/><E20/><V39/><F101/><W120/><G100/><T57/><D57/><N who="1" m="32935" /><E124/><V1/><F1/><W89/><G114/><T96/><D96/><U76/><AGARI ba="0,0" hai="17,19,76,81,87" m="32935,49223,10859" machi="76" ten="30,2000,0" yaku="8,1,54,1" doraHai="42" who="1" fromWho="1" sc="250,-10,250,20,250,-5,250,-5" /><INIT seed="1,0,0,5,4,59" ten="240,270,245,245" oya="1" hai0="58,77,124,27,98,41,128,48,40,125,112,75,9" hai1="106,90,57,68,42,74,117,76,135,95,129,73,38" hai2="24,130,99,87,120,7,92,15,118,61,53,21,119" hai3="116,32,89,85,37,108,101,5,133,50,46,43,34"/><U82/><E117/><V51/><F120/><W25/><G108/><T93/><D112/><U20/><E68/><V79/><F130/><W94/><G133/><T100/><D128/><U109/><E129/><V54/><F119/><W107/><G116/><T19/><D77/><U132/><E42/><V121/><F121/><W67/><G5/><T22/><D75/><U13/><E38/><V44/><F118/><W122/><G122/><T103/><D103/><U71/><E71/><V55/><F61/><W96/><G67/><T62/><D9/><U91/><E106/><V33/><F33/><W26/><G25/><T134/><D134/><N who="1" m="51243" /><E109/><V113/><F113/><W29/><REACH who="3" step="1"/><G37/><REACH who="3" ten="240,270,245,235" step="2"/><T47/><REACH who="0" step="1"/><D41/><REACH who="0" ten="230,270,245,235" step="2"/><U97/><E74/><V0/><F0/><W10/><G10/><T6/><D6/><U88/><E73/><V70/><F7/><W60/><G60/><T80/><D80/><U36/><E36/><V110/><F110/><W52/><G52/><AGARI ba="0,2" hai="19,22,27,40,47,48,52,58,62,93,98,100,124,125" machi="52" ten="40,5200,0" yaku="1,1,52,1,54,1,53,0" doraHai="59" doraHaiUra="65" who="0" fromWho="3" sc="230,72,270,0,245,0,235,-52" /><INIT seed="2,0,0,4,4,37" ten="302,270,245,183" oya="2" hai0="124,57,21,22,91,126,101,63,0,93,119,109,5" hai1="48,83,98,114,46,102,18,96,85,11,54,44,108" hai2="10,99,27,14,111,104,1,39,47,8,15,56,107" hai3="35,69,82,71,13,40,3,7,105,73,125,130,16"/><V110/><F1/><W120/><G105/><N who="2" m="40521" /><F99/><W129/><G35/><T26/><D101/><U134/><E108/><N who="2" m="41515" /><F56/><W2/><G120/><T12/><D0/><U115/><E134/><V28/><F39/><W79/><G125/><N who="0" m="48235" /><D109/><U32/><E32/><N who="2" m="20511" /><F47/><W51/><G71/><T70/><D70/><U42/><E102/><V52/><F52/><W89/><G69/><T17/><D119/><U117/><E117/><V72/><F72/><W53/><G53/><T77/><D57/><U33/><E33/><V100/><F100/><W131/><G89/><T122/><D122/><U97/><E46/><V31/><F31/><W88/><G7/><T23/><D63/><U19/><E54/><V49/><F49/><W64/><G64/><T58/><D58/><U133/><E133/><V92/><F92/><W66/><G66/><T67/><D67/><U95/><E95/><V75/><F75/><W76/><G76/><T86/><D77/><U94/><E94/><V38/><F38/><W81/><G88/><T45/><D45/><U113/><REACH who="1" step="1"/><E11/><AGARI ba="0,0" hai="8,10,11,14,15" m="20511,41515,40521" machi="11" ten="30,2900,0" yaku="14,1,10,1" doraHai="37" who="2" fromWho="1" sc="302,0,270,-29,245,29,183,0" /><AGARI ba="0,0" hai="5,11,12,17,21,22,23,26,86,91,93" m="48235" machi="11" ten="30,1000,0" yaku="18,1" doraHai="37" who="0" fromWho="1" sc="302,10,241,-10,274,0,183,0" /><INIT seed="2,1,0,0,4,130" ten="312,231,274,183" oya="2" hai0="50,111,16,103,48,7,74,124,46,26,73,15,127" hai1="90,34,108,120,27,82,132,134,133,125,81,96,112" hai2="77,71,67,33,47,35,107,115,20,113,60,65,8" hai3="45,53,131,54,114,87,51,19,88,84,64,10,119"/><V37/><F20/><W1/><G119/><T4/><D103/><U5/><E112/><V106/><F8/><W116/><G116/><T91/><D26/><U121/><E108/><V118/><F118/><W39/><G131/><T63/><D63/><U79/><E125/><N who="0" m="48201" /><D91/><U70/><E70/><V52/><F52/><W135/><G114/><N who="2" m="43529" /><F77/><W24/><G135/><T100/><D100/><U25/><E5/><N who="0" m="2121" /><D111/><U105/><E34/><N who="2" m="12811" /><F67/><W68/><G1/><T78/><D78/><U123/><E105/><N who="2" m="39947" /><F47/><W30/><G64/><T80/><D80/><N who="1" m="30827" /><E79/><V109/><F37/><W117/><G39/><T56/><D56/><U62/><E62/><V104/><N who="2" m="39955" /><V57/><DORA hai="83" /><F57/><W0/><G68/><T85/><D85/><N who="3" m="32841" /><G117/><T18/><D50/><U6/><E6/><V95/><F95/><AGARI ba="1,0" hai="25,27,90,95,96,120,121,123,132,133,134" m="30827" machi="95" ten="40,8000,1" yaku="13,1,20,1,52,3" doraHai="130,83" who="1" fromWho="2" sc="312,0,231,83,274,-83,183,0" /><INIT seed="3,0,0,1,0,59" ten="312,314,191,183" oya="3" hai0="114,55,89,116,13,70,14,60,74,84,58,37,100" hai1="126,51,29,19,134,6,72,96,68,118,102,93,36" hai2="27,113,117,75,115,80,98,110,123,11,101,119,91" hai3="62,129,7,87,17,56,28,97,65,12,85,107,48"/><W86/><G129/><T31/><D116/><N who="2" m="44618" /><F11/><W92/><G107/><T38/><D74/><U130/><E36/><V26/><F26/><W121/><G121/><T128/><D70/><U18/><E72/><V32/><F91/><W135/><G135/><T2/><D2/><U95/><E118/><V122/><F27/><W15/><G28/><T105/><D31/><U112/><E126/><V24/><F24/><W66/><G7/><T63/><D128/><U131/><E112/><N who="2" m="43083" /><F32/><W20/><G48/><T5/><D114/><U9/><E134/><V83/><F75/><W1/><G1/><T81/><D63/><U127/><E127/><V42/><F42/><W49/><G49/><T64/><D64/><U43/><E29/><V45/><F45/><W8/><G66/><T39/><REACH who="0" step="1"/><D5/><REACH who="0" ten="302,314,191,183" step="2"/><U35/><E35/><V104/><F110/><W22/><REACH who="3" step="1"/><G12/><REACH who="3" ten="302,314,191,173" step="2"/><T90/><D90/><AGARI ba="0,2" hai="8,15,17,20,22,56,62,65,85,86,87,90,92,97" machi="90" ten="40,12000,1" yaku="1,1,2,1,8,1,52,1,53,0" doraHai="59" doraHaiUra="111" who="3" fromWho="0" sc="302,-120,314,0,191,0,173,140" /><INIT seed="3,1,0,2,3,42" ten="182,314,191,313" oya="3" hai0="37,48,47,125,66,49,58,4,50,29,60,115,79" hai1="53,83,105,57,114,123,119,55,85,64,63,117,84" hai2="90,80,82,67,69,101,103,33,0,72,108,120,113" hai3="11,56,17,19,35,10,94,51,111,128,12,15,97"/><W93/><G35/><T126/><D79/><U121/><E105/><V14/><F0/><W27/><G128/><T116/><D29/><U24/><E114/><V118/><F33/><W41/><G111/><T44/><D4/><U106/><E106/><V78/><F69/><W74/><G74/><T52/><D115/><U110/><E110/><V5/><F67/><W59/><G27/><T92/><D92/><N who="3" m="35433" /><G97/><T23/><D23/><U132/><E132/><V112/><F5/><W18/><G41/><N who="0" m="22575" /><D116/><N who="1" m="44619" /><E85/><V22/><F118/><W25/><G25/><T8/><D8/><N who="3" m="3113" /><G51/><AGARI ba="1,0" hai="47,48,49,50,51,52,58,60,66,125,126" m="22575" machi="51" ten="30,8000,1" yaku="34,2,52,2,54,1" doraHai="42" who="0" fromWho="3" sc="182,83,314,0,191,0,313,-83" owari="265,6.5,314,41.4,191,-30.9,230,-17.0" /></mjloggm>