<mjloggm ver="2.3"><GO type="225" lobby="0"/><UN n0="%E5%8D%A0%E3%81%84%E5%B8%AB%E8%A3%8F%E3%81%AA%E3%81%84%E3%81%97" n1="%E6%98%93%E5%88%A9%E8%96%A9%E4%BC%AF" n2="%33%74%72%65%65" n3="%E3%81%BE%E3%81%A8%E3%81%9F" dan="17,17,16,16" rate="2178.34,2165.13,2179.90,2125.72" sx="M,F,F,M"/><TAIKYOKU oya="0"/><INIT seed="0,0,0,5,4,100" ten="250,250,250,250" oya="0" hai0="89,112,130,40,29,101,9,7,57,135,74,70,58" hai1="35,28,24,115,48,36,78,43,102,124,14,108,12" hai2="96,6,133,20,61,13,104,75,99,80,3,105,120" hai3="113,51,26,67,107,117,71,83,50,18,132,106,114"/><T72/><D112/><U86/><E115/><V123/><F3/><W49/><G117/><T116/><D116/><U126/><E36/><V16/><F6/><W79/><G114/><T119/><D70/><U55/><E43/><V97/><F133/><W59/><G113/><T2/><D119/><U41/><E41/><V122/><REACH who="2" step="1"/><F61/><REACH who="2" ten="250,250,240,250" step="2"/><W94/><G132/><T45/><D135/><U32/><E126/><V19/><F19/><W66/><G18/><T88/><D7/><U39/><E124/><V125/><F125/><W38/><G71/><T46/><D2/><U90/><E108/><V98/><N who="2" m="24576" /><DORA hai="111" /><V33/><F33/><W68/><G68/><T62/><D62/><U0/><E35/><V131/><F131/><W82/><G107/><T31/><D130/><U121/><E32/><V21/><F21/><W127/><G106/><T25/><D101/><U92/><E102/><V73/><F73/><W53/><G127/><T95/><D9/><U77/><E0/><V60/><F60/><W63/><G63/><T37/><D74/><U22/><E22/><V27/><F27/><W10/><G26/><T1/><D72/><U42/><E24/><V134/><F134/><W23/><G23/><T30/><D1/><U64/><E42/><V47/><F47/><W44/><G44/><T15/><D46/><U110/><E110/><V34/><F34/><W52/><G67/><T65/><D65/><U128/><E64/><V54/><F54/><W8/><G66/><T11/><D25/><U118/><E128/><V4/><F4/><W103/><G103/><T81/><D40/><RYUUKYOKU ba="0,1" sc="250,-10,250,-10,240,30,250,-10" hai2="13,16,20,75,80,104,105,120,122,123" /><INIT seed="1,1,1,3,4,59" ten="240,240,270,240" oya="1" hai0="98,73,93,62,115,125,47,71,76,8,31,2,19" hai1="87,34,52,80,11,114,5,84,75,88,77,1,24" hai2="96,66,91,49,44,4,134,119,64,48,130,105,85" hai3="10,42,122,79,94,68,12,56,3,133,60,111,38"/><U26/><E114/><V86/><F119/><W32/><G122/><T21/><D115/><U7/><E7/><V27/><F134/><W100/><G3/><T110/><D110/><U43/><E43/><V9/><F130/><W58/><G32/><T123/><D123/><U17/><E84/><V83/><F27/><W18/><G111/><T13/><D125/><U126/><E126/><V70/><F70/><W99/><G133/><T72/><D47/><U53/><E26/><V46/><F96/><W109/><G109/><T104/><D104/><U67/><E67/><V35/><F105/><W0/><G0/><T50/><D50/><U39/><E39/><V41/><F85/><W22/><G79/><T63/><D71/><U29/><REACH who="1" step="1"/><E17/><REACH who="1" ten="240,230,270,240" step="2"/><V120/><F120/><W117/><G42/><T132/><D132/><U51/><E51/><V78/><F49/><W129/><G38/><T28/><D73/><U95/><AGARI ba="1,2" hai="1,5,11,24,29,34,52,53,75,77,80,87,88,95" machi="95" ten="20,12000,1" yaku="1,1,0,1,7,1,54,2,53,0" doraHai="59" doraHaiUra="36" who="1" fromWho="1" sc="240,-41,230,143,270,-41,240,-41" /><INIT seed="1,2,0,2,5,134" ten="199,373,229,199" oya="1" hai0="72,6,102,75,95,32,65,21,130,68,122,34,25" hai1="44,42,47,55,135,37,10,56,74,41,118,126,69" hai2="14,78,39,124,4,17,108,115,116,33,127,133,77" hai3="83,71,7,48,91,8,46,16,64,85,92,76,19"/><U111/><E74/><V59/><F116/><W131/><G131/><T106/><D130/><U23/><E118/><V49/><F108/><W94/><G71/><T100/><D122/><U51/><E135/><V11/><F133/><W30/><G30/><T129/><D129/><U2/><E69/><V50/><F39/><W114/><G64/><T70/><D6/><U15/><E111/><V132/><F132/><W107/><G107/><T54/><D106/><U27/><E2/><V80/><F33/><W87/><G94/><T89/><D54/><U35/><E35/><V63/><F4/><W31/><G31/><T24/><D95/><U18/><E126/><N who="2" m="48171" /><F115/><W79/><G79/><N who="2" m="30217" /><F80/><W45/><G114/><T36/><D36/><U9/><E15/><V1/><F1/><W12/><REACH who="3" step="1"/><G46/><REACH who="3" ten="199,373,229,189" step="2"/><T110/><D110/><U60/><AGARI ba="2,1" hai="9,10,18,23,27,37,41,42,44,47,51,55,56,60" machi="60" ten="20,2100,0" yaku="0,1,7,1" doraHai="134" who="1" fromWho="1" sc="199,-9,373,37,229,-9,189,-9" /><INIT seed="1,3,0,1,0,115" ten="190,410,220,180" oya="1" hai0="44,97,127,71,2,14,81,84,124,50,131,35,106" hai1="40,67,91,10,70,74,95,27,68,105,83,34,17" hai2="65,4,122,26,1,55,60,12,96,104,126,85,18" hai3="56,98,93,42,112,64,33,107,58,24,57,129,38"/><U109/><E105/><V51/><F122/><W132/><G107/><T15/><D2/><U37/><E109/><V29/><F126/><N who="0" m="48170" /><D71/><U100/><E100/><V87/><F104/><W120/><G120/><T72/><D35/><U78/><E37/><V62/><F96/><W117/><G112/><T113/><D72/><U118/><E40/><V110/><F110/><W63/><G132/><T31/><D31/><U66/><E118/><V45/><F4/><W8/><G117/><T135/><D131/><U11/><E68/><V73/><F73/><W128/><G33/><T53/><D135/><U25/><E70/><V69/><F1/><W119/><G119/><T94/><D106/><U46/><E46/><V134/><F62/><W77/><G38/><T108/><D108/><U86/><E27/><V125/><F134/><W54/><G24/><T36/><D36/><U121/><E121/><V30/><F125/><W19/><G128/><T13/><D113/><U82/><E82/><V114/><F114/><W88/><G129/><T9/><D84/><U49/><E49/><V130/><F130/><W41/><G77/><T116/><D81/><U76/><E76/><V89/><F85/><W23/><G8/><T20/><D20/><U99/><E74/><V75/><F75/><W16/><G23/><T90/><D116/><U123/><E123/><V92/><F26/><W102/><G64/><N who="1" m="24618" /><E34/><V48/><F48/><W59/><G102/><T22/><D22/><AGARI ba="3,0" hai="10,11,17,22,25,78,83,86,91,95,99" m="24618" machi="22" ten="30,1500,0" yaku="8,1" doraHai="115" who="1" fromWho="0" sc="190,-24,410,24,220,0,180,0" /><AGARI ba="3,0" hai="12,18,22,29,30,45,51,55,60,65,69,87,89,92" machi="22" ten="30,1000,0" yaku="7,1" doraHai="115" who="2" fromWho="0" sc="166,-10,434,0,220,10,180,0" /><INIT seed="1,4,0,1,2,61" ten="156,434,230,180" oya="1" hai0="71,101,91,52,112,1,42,8,5,79,103,10,33" hai1="107,28,59,48,77,84,108,102,134,131,35,23,124" hai2="73,98,78,22,72,88,29,44,47,0,85,49,60" hai3="70,9,4,26,114,21,15,32,130,113,18,54,63"/><U64/><E108/><V96/><F0/><N who="3" m="135" /><G54/><T75/><D112/><U83/><E35/><V62/><F78/><W104/><G104/><T25/><D71/><U24/><E134/><V86/><F22/><N who="3" m="11615" /><G130/><T105/><D10/><U57/><E124/><V11/><F11/><W120/><G120/><T14/><D1/><U128/><E48/><V80/><F29/><N who="3" m="19511" /><G63/><T117/><D117/><U97/><E59/><V37/><F37/><W51/><G51/><T126/><D126/><U92/><E107/><V93/><F49/><W109/><G70/><T125/><D125/><U76/><E76/><V7/><F93/><W41/><G41/><T19/><D42/><U135/><E135/><V127/><F127/><W17/><G109/><T133/><D133/><U69/><E69/><V129/><F129/><W56/><G56/><T34/><D105/><U66/><E66/><V67/><F67/><W46/><G46/><T118/><D118/><U43/><E43/><V16/><F47/><W94/><G94/><T119/><D119/><U87/><E87/><V115/><F85/><W53/><G53/><T123/><D123/><U95/><E95/><V58/><F44/><W82/><G82/><N who="0" m="45439" /><D91/><U3/><E3/><V111/><F111/><W99/><G99/><N who="2" m="37929" /><F58/><W68/><G68/><T89/><D89/><U40/><E40/><V6/><F62/><AGARI ba="4,0" hai="23,24,28,57,62,64,77,83,84,92,97,102,128,131" machi="62" ten="40,7700,0" yaku="25,2,52,1" doraHai="61" who="1" fromWho="2" sc="156,0,434,89,230,-89,180,0" /><INIT seed="1,5,0,3,1,53" ten="156,523,141,180" oya="1" hai0="101,18,67,133,75,98,87,102,130,100,105,58,46" hai1="77,103,122,0,59,134,44,30,131,24,110,22,80" hai2="48,14,37,83,72,38,64,16,111,57,6,70,49" hai3="34,125,94,26,41,115,7,43,47,8,92,15,90"/><U2/><E122/><V132/><F111/><W23/><G115/><T128/><D75/><U51/><E131/><N who="0" m="50217" /><D133/><U28/><E134/><V121/><F121/><W95/><G34/><T35/><D35/><U36/><E110/><V52/><F132/><W89/><G125/><T91/><D46/><U71/><E71/><V32/><F32/><W65/><G65/><T82/><D18/><U113/><E113/><V45/><F6/><W135/><G135/><T9/><D9/><U60/><E103/><N who="0" m="39497" /><D67/><U124/><E30/><V108/><F108/><W74/><G74/><T17/><D17/><U78/><E78/><V40/><F70/><W66/><G66/><T76/><D58/><U106/><E106/><V99/><F64/><W11/><G11/><T27/><D27/><U56/><E36/><V86/><F72/><W116/><G41/><T129/><N who="0" m="50225" /><T31/><DORA hai="10" /><D31/><U123/><E59/><V68/><F68/><W85/><G47/><T3/><D3/><U69/><E69/><V97/><F38/><W81/><G43/><T114/><D114/><U50/><E44/><V88/><F37/><W120/><G120/><T54/><D54/><U62/><E2/><V29/><F29/><N who="3" m="17631" /><G116/><T55/><D55/><U61/><E0/><V20/><AGARI ba="5,0" hai="14,16,20,40,45,48,49,52,57,83,86,88,97,99" machi="20" ten="20,16000,3" yaku="0,1,7,1,8,1,52,2,54,3" doraHai="53,10" who="2" fromWho="2" sc="156,-45,523,-85,141,175,180,-45" /><INIT seed="2,0,0,3,5,23" ten="111,438,316,135" oya="2" hai0="108,21,103,94,109,118,107,20,68,42,18,122,55" hai1="87,48,76,89,29,4,84,11,14,65,132,131,99" hai2="38,44,26,63,43,15,85,46,16,119,79,112,97" hai3="25,49,86,45,67,78,54,91,117,114,70,113,134"/><V72/><F112/><N who="3" m="43115" /><G117/><T77/><D122/><U95/><E132/><V92/><F119/><W6/><G6/><T104/><D118/><U47/><E131/><V39/><F72/><W101/><G101/><T111/><D68/><U64/><E29/><V133/><F133/><W19/><G78/><T8/><D42/><N who="1" m="24695" /><E87/><V62/><F85/><W30/><G19/><T123/><D123/><U53/><E53/><V106/><F79/><W82/><G134/><T135/><D135/><U130/><E130/><V12/><F106/><N who="0" m="40490" /><D77/><U2/><E2/><V52/><F39/><W93/><G67/><T71/><D71/><U41/><E41/><V128/><F128/><W98/><G70/><T51/><D8/><U34/><E34/><V80/><F80/><AGARI ba="0,0" hai="4,11,14,64,65,76,80,84,89,95,99" m="24695" machi="80" ten="30,2000,0" yaku="25,1,8,1" doraHai="23" who="1" fromWho="2" sc="111,0,438,20,316,-20,135,0" /><INIT seed="3,0,0,3,4,21" ten="111,458,296,135" oya="3" hai0="59,91,56,61,23,54,32,129,64,49,96,85,13" hai1="132,109,126,6,112,31,37,46,123,1,45,127,29" hai2="94,79,17,65,119,58,66,87,71,24,52,4,63" hai3="122,76,121,98,40,102,118,81,111,83,131,14,93"/><W107/><G118/><T11/><D32/><U41/><E112/><V9/><F119/><W50/><G131/><T70/><D129/><U134/><E123/><V20/><F71/><W114/><G114/><T33/><D33/><U78/><E109/><V36/><F36/><W42/><G111/><T120/><D120/><U104/><E104/><V117/><F117/><W12/><G81/><T44/><D96/><U26/><E78/><V108/><F108/><W92/><G122/><T2/><D2/><U73/><E73/><V75/><F75/><W7/><G121/><T10/><D23/><N who="1" m="15583" /><E31/><V35/><F35/><W19/><G7/><T34/><D34/><U82/><E46/><V57/><F57/><W48/><G12/><T125/><D125/><N who="1" m="47627" /><E82/><V90/><REACH who="2" step="1"/><F79/><REACH who="2" ten="111,458,286,135" step="2"/><W30/><G76/><T55/><D70/><U67/><E67/><V22/><F22/><W133/><G133/><T103/><D103/><U3/><E3/><AGARI ba="0,1" hai="3,4,9,17,20,24,52,58,63,65,66,87,90,94" machi="3" ten="30,8000,1" yaku="1,1,7,1,52,1,54,1,53,1" doraHai="21" doraHaiUra="53" who="2" fromWho="1" sc="111,0,458,-80,286,90,135,0" owari="111,-38.9,378,47.8,376,17.6,135,-26.5" /></mjloggm>