<mjloggm ver="2.3"><GO type="225" lobby="0"/><UN n0="%E9%A6%AC%E5%BC%95%E7%81%AB%33" n1="%E3%83%96%E3%83%83%E3%83%91%E3%82%AA%E3%83%96%E3%83%81%E3%82%AD%E3%83%B3" n2="%E4%BC%8A%E9%81%94%E6%9C%B1%E9%87%8C%E7%B4%97" n3="%E3%81%AF%E3%82%88%E3%81%8A%E3%81%98%E3%81%95%E3%82%93" dan="16,16,16,17" rate="2140.69,2158.47,2119.76,2160.28" sx="M,M,M,M"/><TAIKYOKU oya="0"/><INIT seed="0,0,0,3,0,72" ten="250,250,250,250" oya="0" hai0="59,134,71,70,49,20,29,111,101,105,78,112,83" hai1="30,125,93,108,66,8,103,40,54,131,31,11,34" hai2="135,21,50,46,28,7,98,14,129,128,3,94,12" hai3="117,95,107,15,51,120,109,90,100,32,24,61,22"/><T88/><D112/><U119/><E119/><V17/><F135/><W55/><G117/><T132/><D105/><U47/><E108/><V58/><F3/><W39/><G39/><T121/><D101/><U5/><E131/><N who="2" m="50251" /><F28/><N who="1" m="10793" /><E34/><V52/><F7/><W113/><G32/><T84/><D121/><U19/><E125/><V87/><F87/><W77/><G113/><T86/><D111/><U6/><E66/><V80/><F80/><W81/><G109/><T116/><D116/><U118/><E40/><V9/><F9/><N who="1" m="3657" /><E19/><V92/><F92/><W56/><G15/><T38/><D38/><U2/><E2/><V110/><F110/><W1/><G1/><T79/><D59/><U114/><E114/><V26/><F58/><W35/><G35/><T36/><D36/><U89/><E103/><AGARI ba="0,0" hai="12,14,17,21,26,46,50,52,94,98,103" m="50251" machi="103" ten="30,2000,0" yaku="19,1,54,1" doraHai="72" who="2" fromWho="1" sc="250,0,250,-20,250,20,250,0" /><INIT seed="1,0,0,2,5,32" ten="250,230,270,250" oya="1" hai0="124,70,16,105,79,46,68,123,3,20,133,50,103" hai1="60,25,90,57,36,95,111,2,73,19,127,85,82" hai2="62,94,59,100,131,116,39,61,44,24,134,34,47" hai3="43,129,4,10,117,81,113,91,65,120,104,55,38"/><U119/><E119/><V48/><F116/><W92/><G117/><T106/><D3/><U14/><E36/><V102/><F134/><W56/><G104/><T132/><D124/><U41/><E127/><V93/><F131/><W87/><G113/><T30/><D30/><U86/><E111/><V72/><F72/><W28/><G120/><T135/><D79/><U112/><E112/><V1/><F1/><W31/><G65/><T45/><D123/><U42/><E73/><V71/><F71/><N who="0" m="27178" /><D103/><N who="2" m="39466" /><F39/><W108/><G129/><T40/><D46/><N who="2" m="17450" /><F34/><W9/><G108/><T69/><N who="0" m="27186" /><T5/><DORA hai="29" /><D5/><U130/><E25/><AGARI ba="0,0" hai="16,20,25,40,45,50,105,106,132,133,135" m="27186" machi="25" ten="50,3200,0" yaku="20,1,54,1" doraHai="32,29" who="0" fromWho="1" sc="250,32,230,-32,270,0,250,0" /><INIT seed="2,0,0,1,4,48" ten="282,198,270,250" oya="2" hai0="36,3,101,28,126,11,33,29,30,60,46,86,20" hai1="125,25,122,109,130,32,14,37,108,84,81,23,57" hai2="58,118,100,1,82,12,40,2,102,98,93,26,134" hai3="39,90,111,77,95,15,114,78,35,106,87,27,55"/><V79/><F118/><W45/><G106/><T74/><D74/><U76/><E37/><V41/><F134/><W24/><G111/><N who="1" m="42570" /><E130/><V22/><F12/><W5/><G114/><T61/><D33/><U83/><E125/><V73/><F102/><W110/><G110/><T88/><D101/><U8/><E122/><V99/><F99/><W119/><G119/><T16/><D126/><U75/><E32/><V21/><F21/><W59/><G45/><T68/><D68/><U66/><E66/><V0/><REACH who="2" step="1"/><F58/><REACH who="2" ten="282,198,260,250" step="2"/><W56/><G59/><T47/><D20/><U128/><E128/><V104/><F104/><W123/><G123/><T17/><D3/><U63/><E14/><V132/><F132/><W67/><G15/><T34/><D34/><U113/><E113/><V97/><F97/><W116/><G35/><T62/><D11/><U124/><E8/><V131/><F131/><W112/><G116/><T50/><D36/><U94/><E124/><V89/><F89/><W105/><G39/><T92/><REACH who="0" step="1"/><D47/><REACH who="0" ten="272,198,260,250" step="2"/><U127/><E127/><V42/><F42/><AGARI ba="0,2" hai="16,17,28,29,30,42,46,50,60,61,62,86,88,92" machi="42" ten="40,12000,2" yaku="1,1,2,1,8,1,54,2,53,1" doraHai="48" doraHaiUra="38" who="0" fromWho="2" sc="272,140,198,0,260,-120,250,0" /><INIT seed="3,0,0,4,5,113" ten="412,198,140,250" oya="3" hai0="107,37,81,2,47,31,30,35,17,42,10,1,121" hai1="93,73,112,122,115,9,56,117,60,25,52,104,0" hai2="95,12,14,57,106,16,54,114,110,36,69,43,109" hai3="39,40,6,131,64,5,8,11,80,46,100,124,26"/><W88/><G100/><T3/><D107/><U127/><E122/><V66/><F106/><W126/><G64/><T13/><D121/><U7/><E104/><V70/><F114/><W75/><G131/><T134/><D134/><U50/><E127/><N who="3" m="48682" /><G26/><T98/><D35/><U29/><E73/><V111/><F95/><W4/><G75/><T38/><D98/><U96/><E117/><V62/><F70/><W45/><G46/><T23/><D38/><U133/><E60/><V130/><F130/><W24/><G24/><T76/><REACH who="0" step="1"/><D23/><REACH who="0" ten="402,198,140,250" step="2"/><U108/><E133/><V132/><F132/><W20/><G20/><T55/><D55/><U129/><E129/><V118/><F118/><W59/><G39/><T18/><D18/><U86/><E108/><V90/><F16/><W92/><G4/><T22/><D22/><U51/><E115/><V63/><REACH who="2" step="1"/><F90/><REACH who="2" ten="402,198,130,250" step="2"/><W97/><G88/><T68/><D68/><U71/><E112/><V27/><F27/><W123/><G92/><T103/><D103/><U21/><E71/><V65/><F65/><W105/><G105/><T125/><D125/><U72/><E25/><V87/><F87/><AGARI ba="0,2" hai="1,2,3,10,13,17,30,31,37,42,47,76,81,87" machi="87" ten="40,1300,0" yaku="1,1,53,0" doraHai="113" doraHaiUra="19" who="0" fromWho="2" sc="402,33,198,0,130,-13,250,0" owari="435,53.5,198,-20.2,117,-38.3,250,5.0" /></mjloggm>