<mjloggm ver="2.3"><GO type="225" lobby="0"/><UN n0="%E3%83%96%E3%83%83%E3%83%91%E3%82%AA%E3%83%96%E3%83%81%E3%82%AD%E3%83%B3" n1="%E4%B8%8B%E6%AE%B5%E3%83%81%E3%82%A7%E3%83%AA%E3%83%BC" n2="%E5%8F%AF%E5%85%90%E9%82%A3%E7%94%B1%E5%A4%9A" n3="%E6%9D%B1%E9%A2%A8%E3%81%AE%E3%81%8D%E3%82%83%E3%81%B7%E3%81%95%E3%82%93" dan="17,16,16,16" rate="2189.39,2134.09,2088.37,2181.72" sx="M,M,F,M"/><TAIKYOKU oya="0"/><INIT seed="0,0,0,3,4,122" ten="250,250,250,250" oya="0" hai0="73,44,102,21,58,1,38,18,86,131,10,6,43" hai1="29,84,91,19,52,132,114,22,87,57,119,39,23" hai2="105,8,16,33,41,24,76,59,61,55,15,37,75" hai3="30,126,72,35,70,13,129,133,54,20,34,80,26"/><T56/><D131/><U28/><E39/><V53/><F105/><W66/><G129/><T60/><D102/><U69/><E69/><V85/><F75/><W65/><G133/><T124/><D124/><U125/><E119/><V40/><F37/><W103/><G103/><T123/><D123/><U96/><E114/><V83/><F33/><W107/><G107/><T90/><D73/><U98/><E132/><V5/><F24/><W9/><G126/><T67/><D67/><U47/><E47/><V81/><F53/><W11/><G11/><T45/><D45/><U135/><E135/><V115/><F115/><W71/><G54/><T78/><D60/><N who="1" m="35879" /><E125/><V31/><F31/><N who="1" m="11849" /><E22/><V46/><F46/><W89/><G72/><T93/><REACH who="0" step="1"/><D78/><REACH who="0" ten="240,250,250,250" step="2"/><U3/><E3/><V127/><F127/><W25/><G66/><T99/><D99/><N who="1" m="37931" /><E91/><V32/><F32/><W130/><G35/><T95/><D95/><U14/><AGARI ba="0,1" hai="14,19,23,84,87" m="37931,11849,35879" machi="14" ten="30,2000,0" yaku="8,1,54,1" doraHai="122" who="1" fromWho="1" sc="240,-10,250,30,250,-5,250,-5" /><INIT seed="1,0,0,5,0,18" ten="230,280,245,245" oya="1" hai0="72,46,122,37,7,100,108,135,5,52,71,30,0" hai1="34,24,44,88,114,80,82,95,41,35,47,17,6" hai2="113,90,19,107,84,129,97,2,68,54,36,59,66" hai3="56,26,64,38,57,75,61,111,73,103,96,63,89"/><U109/><E114/><V74/><F74/><W31/><G38/><T15/><D108/><U43/><E109/><V62/><F36/><W110/><G89/><T83/><D71/><U116/><E116/><V4/><F129/><W77/><G77/><T8/><D135/><U117/><E6/><V45/><F113/><W67/><G111/><T123/><D100/><U27/><E117/><V131/><F131/><W16/><G16/><N who="0" m="8295" /><D0/><U130/><E130/><V51/><F2/><W65/><G65/><T81/><D30/><U50/><E34/><V126/><F4/><N who="0" m="1610" /><D72/><U118/><E118/><V32/><F32/><W60/><G60/><T121/><D37/><U23/><E27/><V76/><F126/><W102/><G110/><T40/><D40/><N who="1" m="15435" /><E35/><V112/><F112/><W3/><G3/><T119/><D119/><U58/><E58/><V127/><F127/><W87/><G87/><T92/><D92/><U39/><E39/><V42/><F107/><W33/><REACH who="3" step="1"/><G103/><REACH who="3" ten="230,280,245,235" step="2"/><T85/><D85/><N who="1" m="52623" /><E44/><V93/><F84/><W21/><G21/><T132/><D132/><U70/><E70/><V91/><F76/><W79/><G79/><T9/><D9/><U1/><E1/><V29/><F90/><W105/><AGARI ba="0,1" hai="26,31,33,56,57,61,63,64,67,73,75,96,102,105" machi="105" ten="20,8000,1" yaku="1,1,0,1,7,1,9,1,53,1" doraHai="18" doraHaiUra="22" who="3" fromWho="3" sc="230,-20,280,-40,245,-20,235,90" /><INIT seed="2,0,0,4,4,86" ten="210,240,225,325" oya="2" hai0="40,12,111,36,26,116,133,56,128,27,33,8,55" hai1="129,108,125,38,103,64,4,48,62,106,16,124,99" hai2="44,13,63,35,20,41,61,31,30,132,29,102,98" hai3="71,80,92,77,23,32,59,79,50,96,72,46,24"/><V118/><F118/><W127/><G32/><T3/><D116/><U88/><E38/><V122/><F122/><W67/><G79/><T39/><D111/><U90/><E108/><V47/><F35/><W104/><G104/><T1/><D128/><U76/><E76/><V10/><F132/><W57/><G127/><N who="1" m="48714" /><E129/><V101/><F20/><W28/><G71/><T91/><D133/><U75/><E75/><V130/><F130/><W95/><G67/><T49/><D33/><U82/><E82/><V85/><F85/><W110/><G110/><T19/><D36/><U105/><E105/><V34/><F34/><W9/><G9/><T21/><D27/><U93/><E106/><V25/><F25/><W60/><G60/><N who="2" m="23113" /><F98/><W100/><G92/><T65/><D65/><U81/><E81/><V73/><F73/><W134/><G134/><T126/><D126/><U123/><E123/><V109/><F109/><W15/><G15/><T114/><D114/><U74/><E74/><V6/><F41/><AGARI ba="0,0" hai="23,24,28,41,46,50,57,59,72,77,80,95,96,100" machi="41" ten="30,1000,0" yaku="7,1" doraHai="86" who="3" fromWho="2" sc="210,0,240,0,225,-10,325,10" /><INIT seed="3,0,0,3,1,133" ten="210,240,215,335" oya="3" hai0="73,93,98,77,15,96,70,62,54,83,132,127,92" hai1="27,12,9,74,101,34,55,69,17,67,57,61,116" hai2="107,76,33,94,42,20,1,6,104,135,21,65,50" hai3="39,10,95,41,46,66,125,43,81,100,58,44,109"/><W110/><G81/><T85/><D132/><U53/><E74/><V38/><F33/><W128/><G10/><T111/><D70/><U8/><E8/><V37/><F135/><W86/><G128/><T102/><D111/><U5/><E116/><V119/><F119/><W32/><G32/><T31/><D127/><U24/><E55/><V105/><F76/><W72/><G125/><T56/><D31/><U90/><E101/><V117/><F117/><W80/><G72/><T3/><D3/><U123/><E123/><V121/><F121/><W48/><G58/><T30/><D30/><U13/><E34/><V18/><F65/><W47/><G66/><T113/><D113/><U120/><E120/><V63/><F63/><W60/><G60/><T25/><D25/><N who="1" m="9803" /><E69/><V49/><F6/><W114/><G114/><T126/><D126/><U2/><E2/><V29/><F1/><W130/><G130/><T40/><D73/><U78/><E78/><V124/><F124/><W23/><G41/><T0/><D0/><U79/><E79/><V82/><F29/><W118/><G43/><T28/><D28/><U91/><E67/><V52/><F42/><W26/><G39/><N who="2" m="14857" /><F52/><W84/><G44/><T129/><D129/><U89/><E12/><N who="2" m="9287" /><F21/><W35/><G23/><T97/><D40/><U88/><N who="1" m="22528" /><DORA hai="68" /><U11/><E11/><V51/><F94/><N who="0" m="36458" /><D15/><U87/><E87/><V122/><F122/><W19/><G118/><T14/><D14/><U16/><AGARI ba="0,0" hai="5,9,13,16,17,53,57,61" m="22528,9803" machi="16" ten="50,6400,0" yaku="8,1,54,2" doraHai="133,68" who="1" fromWho="1" sc="210,-16,240,64,215,-16,335,-32" owari="194,-30.6,304,40.4,199,-20.1,303,10.3" /></mjloggm>