<mjloggm ver="2.3"><GO type="225" lobby="0"/><UN n0="%6E%69%63%6F%6E%74%6F" n1="%E3%81%95%E3%81%8D%E3%81%9F%E3%81%BE%E6%9E%97%E6%AA%8E" n2="%E6%81%A5%E6%99%92%E3%81%97" n3="%E7%99%BD%E5%80%89%E5%AF%9B%E4%B9%8B" dan="16,16,16,16" rate="2116.03,2126.85,2043.17,2140.10" sx="M,M,M,M"/><TAIKYOKU oya="0"/><INIT seed="0,0,0,4,0,32" ten="250,250,250,250" oya="0" hai0="12,78,94,27,52,16,24,105,110,47,99,134,123" hai1="7,97,57,98,14,28,113,29,56,48,87,43,71" hai2="116,61,36,126,55,26,10,17,1,84,119,118,33" hai3="35,131,130,63,66,96,88,124,51,102,50,83,3"/><T37/><D123/><U25/><E71/><V67/><F36/><W95/><G35/><T125/><D125/><U53/><E113/><V19/><F55/><W8/><G124/><T106/><D134/><U0/><E43/><V117/><N who="2" m="29696" /><DORA hai="85" /><V21/><F126/><W49/><G83/><T91/><D78/><U108/><E0/><V70/><F33/><W75/><G75/><T62/><D110/><U34/><E29/><N who="2" m="17615" /><F84/><W115/><G115/><T45/><D106/><U40/><E40/><V92/><F92/><W107/><G107/><T73/><D73/><U39/><E39/><V69/><F70/><W127/><G127/><T23/><D105/><U93/><E108/><V104/><F104/><W74/><G74/><T15/><D27/><U42/><E42/><V9/><F9/><W135/><G102/><T22/><D22/><U54/><E87/><V129/><F129/><N who="3" m="49163" /><G135/><T58/><D37/><U90/><E98/><V30/><F30/><W44/><G44/><AGARI ba="0,0" hai="12,15,16,23,24,44,45,47,52,58,62,91,94,99" machi="44" ten="40,18000,2" yaku="25,2,8,1,52,1,54,2" doraHai="32,85" who="0" fromWho="3" sc="250,180,250,0,250,0,250,-180" /><INIT seed="0,1,0,5,2,21" ten="430,250,250,70" oya="0" hai0="133,73,33,60,102,24,117,65,13,48,67,81,9" hai1="77,7,29,135,17,66,32,11,98,51,44,68,37" hai2="39,90,50,118,43,115,105,54,41,18,58,26,79" hai3="85,4,16,78,100,53,91,36,127,70,126,74,55"/><T87/><D117/><U125/><E125/><V131/><F115/><W86/><G74/><T72/><D133/><U83/><E135/><V30/><F118/><W93/><G70/><T96/><D48/><U134/><E134/><V75/><F105/><W97/><G36/><T114/><D114/><U99/><E37/><V2/><F2/><W14/><G4/><T20/><D33/><U8/><E17/><V15/><F131/><W132/><G132/><T64/><D13/><U94/><E66/><V22/><F39/><W109/><G109/><T110/><D9/><U1/><E11/><V46/><F79/><W76/><G127/><T80/><D110/><U27/><E68/><V101/><F75/><W25/><G126/><T92/><D81/><U28/><E94/><V49/><F101/><W35/><G35/><T12/><D12/><U42/><REACH who="1" step="1"/><E29/><REACH who="1" ten="430,240,250,70" step="2"/><V52/><F90/><W116/><G116/><T0/><D67/><U113/><E113/><V38/><F38/><W95/><G25/><T122/><D65/><U89/><E89/><V88/><F88/><W111/><G111/><T129/><D64/><U47/><E47/><V34/><AGARI ba="1,1" hai="15,18,22,26,30,34,41,43,46,49,50,52,54,58" machi="34" ten="20,5200,0" yaku="0,1,7,1,52,1,54,1" doraHai="21" who="2" fromWho="2" sc="430,-27,240,-14,250,65,70,-14" /><INIT seed="1,0,0,4,1,51" ten="403,226,315,56" oya="1" hai0="2,48,60,117,97,49,42,56,44,73,29,134,70" hai1="33,5,46,50,130,90,6,103,125,67,123,93,65" hai2="37,118,85,75,83,68,102,58,111,47,87,21,61" hai3="74,14,4,119,9,107,13,26,112,121,98,100,20"/><U32/><E123/><V39/><F118/><W105/><G119/><T81/><D117/><U53/><E125/><V109/><F68/><W63/><G121/><T126/><D126/><U8/><E130/><V76/><F102/><W128/><G128/><T41/><D134/><U11/><E103/><V101/><F101/><W23/><G74/><T0/><D70/><U52/><E33/><V80/><F21/><W38/><G38/><T27/><D97/><U92/><E32/><V79/><F75/><W86/><G112/><T127/><D127/><U17/><E17/><V72/><F72/><W12/><G107/><T82/><D73/><U94/><E90/><V131/><F131/><W24/><G86/><T64/><D2/><U135/><E135/><V35/><F35/><W116/><G63/><T1/><D0/><U36/><E36/><V10/><F10/><N who="1" m="3625" /><E53/><V54/><F37/><W120/><G120/><T88/><D1/><U78/><E78/><V59/><REACH who="2" step="1"/><F58/><REACH who="2" ten="403,226,305,56" step="2"/><W15/><REACH who="3" step="1"/><G116/><REACH who="3" ten="403,226,305,46" step="2"/><T91/><D82/><U108/><E108/><V34/><F34/><W110/><G110/><T25/><D81/><U99/><E99/><V31/><F31/><W84/><G84/><T132/><D29/><U115/><E115/><V66/><F66/><AGARI ba="0,2" hai="5,6,46,50,52,65,66,67,92,93,94" m="3625" machi="66" ten="30,5800,0" yaku="8,1,52,1,54,1" doraHai="51" who="1" fromWho="2" sc="403,0,226,78,305,-58,46,0" /><INIT seed="1,1,0,5,0,32" ten="403,304,247,46" oya="1" hai0="1,83,4,6,51,125,29,42,114,111,57,11,38" hai1="12,133,23,45,107,66,41,105,97,67,55,112,47" hai2="74,8,94,76,126,53,75,5,127,34,71,96,101" hai3="104,130,58,106,108,73,98,81,40,72,129,44,87"/><U116/><E112/><V43/><F71/><W39/><G58/><T52/><D114/><U121/><E116/><V78/><F34/><W89/><G44/><T30/><D111/><U69/><E121/><V100/><F43/><W2/><G40/><T124/><D6/><U22/><E69/><V128/><F53/><W132/><G39/><T61/><D38/><U134/><E12/><V91/><F128/><N who="3" m="49259" /><G2/><T59/><D83/><U68/><E41/><V48/><F48/><W131/><N who="3" m="49267" /><W77/><DORA hai="7" /><G108/><T50/><D50/><U14/><E14/><V54/><F54/><W56/><G56/><T95/><D95/><U36/><E68/><V93/><F5/><W119/><G119/><T16/><D16/><U31/><E31/><V88/><F8/><W82/><G132/><T86/><D86/><U33/><E33/><V27/><F27/><W19/><G19/><T26/><D42/><U92/><E92/><V28/><F28/><W90/><G72/><T35/><REACH who="0" step="1"/><D30/><REACH who="0" ten="393,304,247,46" step="2"/><U102/><E36/><V99/><AGARI ba="1,1" hai="74,75,76,78,88,91,93,94,96,99,100,101,126,127" machi="99" ten="25,12000,2" yaku="0,1,22,2,34,3,54,1" doraHai="32,7" who="2" fromWho="2" sc="393,-31,304,-61,247,133,46,-31" /><INIT seed="2,0,0,2,0,85" ten="362,243,380,15" oya="2" hai0="45,80,18,129,75,117,15,101,99,19,34,30,47" hai1="28,8,123,54,36,78,102,0,4,51,14,100,131" hai2="105,134,127,39,68,29,133,118,66,33,130,6,125" hai3="128,122,23,106,22,56,94,70,93,109,58,60,69"/><V74/><F118/><W113/><G60/><T9/><D129/><U62/><E131/><V32/><F74/><W13/><G13/><T71/><D117/><U12/><E36/><V38/><F105/><W20/><G128/><T3/><D71/><U76/><E123/><V86/><F6/><W84/><G106/><T67/><D67/><U110/><E110/><V115/><F115/><W61/><G61/><T48/><D3/><U77/><E0/><V90/><F130/><W37/><G37/><N who="2" m="13833" /><F66/><W10/><G84/><T55/><D34/><N who="2" m="13418" /><F29/><W79/><G79/><N who="1" m="20226" /><U1/><DORA hai="111" /><E1/><V73/><F73/><W26/><G109/><T63/><D30/><U17/><E62/><V21/><F21/><W108/><G108/><T89/><D75/><U107/><E107/><V120/><F68/><N who="3" m="26219" /><G26/><T92/><D63/><U27/><E27/><V44/><F44/><W25/><G25/><T57/><D19/><U103/><E28/><V16/><F16/><W2/><G2/><T35/><D35/><U59/><E14/><V72/><F120/><W53/><G122/><T46/><D57/><N who="3" m="22121" /><G53/><T87/><AGARI ba="0,0" hai="9,15,18,45,46,47,48,55,80,87,89,92,99,101" machi="87" ten="30,8000,1" yaku="0,1,25,2,8,1,52,1" doraHai="85,111" who="0" fromWho="0" sc="362,80,243,-20,380,-40,15,-20" owari="442,54.2,223,-17.7,340,14.0,-5,-50.5" /></mjloggm>