<mjloggm ver="2.3"><GO type="225" lobby="0"/><UN n0="%33%74%72%65%65" n1="%E3%82%BC%E3%83%AB%E3%83%80%E3%81%AE%E4%BC%9D%E8%AA%AC" n2="%E3%81%BF%E3%81%BF%E3%81%9A" n3="%E3%81%BE%E3%81%A8%E3%81%9F" dan="17,17,17,16" rate="2106.34,2149.50,2195.22,2082.02" sx="F,M,M,M"/><TAIKYOKU oya="0"/><INIT seed="0,0,0,2,3,100" ten="250,250,250,250" oya="0" hai0="3,71,57,103,37,91,24,4,36,30,121,2,124" hai1="67,79,89,17,97,25,31,120,33,10,74,49,77" hai2="27,13,76,73,128,56,75,101,65,111,60,116,61" hai3="72,46,35,104,82,130,112,11,14,86,96,114,9"/><T93/><D121/><U16/><E120/><V99/><F111/><W54/><G35/><T87/><D71/><U53/><E67/><V126/><F128/><W41/><G72/><T12/><D124/><U28/><E28/><V52/><F126/><W110/><G54/><T117/><D117/><U48/><E48/><V125/><F125/><W95/><G11/><T133/><D133/><U131/><E131/><V135/><F135/><W78/><G110/><T109/><D109/><U115/><E115/><V84/><F116/><W64/><G64/><T51/><D3/><U43/><E43/><V66/><F13/><W58/><G58/><T102/><D2/><U0/><E0/><V38/><F38/><W122/><G122/><T94/><D37/><U132/><E132/><V29/><F75/><W119/><G119/><T44/><D57/><U90/><E10/><V19/><F19/><W21/><G21/><N who="0" m="15631" /><D36/><U85/><E74/><V34/><F73/><W5/><G130/><T23/><D93/><N who="1" m="56495" /><E77/><V92/><REACH who="2" step="1"/><F61/><REACH who="2" ten="250,250,240,250" step="2"/><W32/><G112/><T83/><D4/><U108/><E108/><V62/><F62/><W39/><G114/><T45/><D12/><U6/><E6/><V20/><F20/><W22/><G22/><T15/><D15/><U59/><E17/><V88/><F88/><N who="3" m="55399" /><G32/><T18/><D23/><U47/><E16/><V105/><F105/><W55/><G104/><T113/><D18/><U50/><E79/><V42/><F42/><W129/><G129/><T7/><D7/><U40/><E90/><V80/><AGARI ba="0,1" hai="27,29,34,52,56,60,65,66,76,80,84,92,99,101" machi="80" ten="30,4000,0" yaku="1,1,0,1,54,1,53,0" doraHai="100" doraHaiUra="134" who="2" fromWho="2" sc="250,-20,250,-10,240,50,250,-10" /><INIT seed="1,0,0,5,4,96" ten="230,240,290,240" oya="1" hai0="8,46,49,110,112,114,83,78,77,124,4,90,7" hai1="118,69,41,19,0,13,28,75,126,109,123,125,57" hai2="36,85,18,122,12,61,97,92,9,29,25,40,99" hai3="91,48,43,52,100,98,1,21,127,120,32,108,35"/><U94/><E123/><V14/><F122/><W50/><G120/><T106/><D110/><U59/><E118/><V130/><F130/><W20/><G1/><T22/><D124/><N who="1" m="47723" /><E0/><V15/><F36/><W84/><G108/><T26/><D106/><U133/><E109/><V116/><F40/><W86/><G43/><N who="0" m="24799" /><D114/><U101/><E133/><V119/><F97/><W17/><G21/><T56/><D112/><U132/><E132/><V63/><F116/><W23/><G23/><T117/><D117/><U5/><E5/><N who="0" m="2121" /><D8/><N who="1" m="6567" /><E75/><V66/><F119/><W93/><G48/><T135/><D135/><U129/><E129/><V16/><F85/><W68/><G84/><N who="0" m="50463" /><D56/><U113/><E69/><V62/><F9/><W51/><G68/><T70/><D70/><U111/><E111/><V81/><F81/><W65/><G50/><T104/><D104/><U71/><E71/><V121/><F121/><W87/><G127/><T45/><D45/><U64/><E113/><V53/><F53/><W30/><G30/><AGARI ba="0,0" hai="22,26,30,77,78" m="50463,2121,24799" machi="30" ten="30,1000,0" yaku="8,1" doraHai="96" who="0" fromWho="3" sc="230,10,240,0,290,0,240,-10" /><INIT seed="2,0,0,3,1,27" ten="240,240,290,230" oya="2" hai0="117,72,54,34,131,115,96,50,59,66,87,25,85" hai1="95,104,7,44,111,100,38,124,32,78,108,98,58" hai2="18,0,71,56,127,33,21,28,5,93,19,80,35" hai3="22,79,63,47,92,91,135,29,62,53,42,3,116"/><V81/><F71/><W13/><G3/><T105/><D115/><U51/><E124/><V107/><F107/><W97/><G116/><T39/><D72/><U123/><E123/><V134/><F93/><W126/><G135/><T125/><D117/><U102/><E32/><V8/><F56/><W36/><G126/><T57/><D39/><U121/><E121/><V110/><F127/><W30/><G79/><T132/><D132/><U52/><E7/><V128/><F134/><W60/><REACH who="3" step="1"/><G53/><REACH who="3" ten="240,240,290,220" step="2"/><T120/><D125/><U40/><REACH who="1" step="1"/><E78/><REACH who="1" ten="240,230,290,220" step="2"/><V10/><F0/><W12/><G12/><T75/><D120/><U129/><E129/><V45/><F128/><W48/><G48/><T74/><D50/><U112/><E112/><V73/><F5/><W119/><G119/><T9/><D131/><U133/><E133/><V77/><F77/><W46/><G46/><T61/><D34/><U49/><E49/><V113/><F45/><W106/><G106/><T70/><D105/><U99/><AGARI ba="0,2" hai="38,40,44,51,52,58,95,98,99,100,102,104,108,111" machi="99" ten="30,7900,0" yaku="1,1,0,1,54,1,53,1" doraHai="27" doraHaiUra="41" who="1" fromWho="1" sc="240,-20,230,99,290,-39,220,-20" /><INIT seed="3,0,0,5,5,107" ten="220,329,251,200" oya="3" hai0="134,67,70,132,60,105,15,117,125,52,72,26,85" hai1="120,69,127,98,124,90,91,55,62,95,46,97,49" hai2="114,129,131,9,135,7,96,37,121,106,59,51,41" hai3="81,65,93,45,54,123,73,71,13,4,17,109,53"/><W103/><G123/><T12/><D117/><U133/><E120/><V83/><F121/><W33/><G33/><T126/><D105/><U22/><E133/><N who="0" m="51305" /><D85/><U78/><E78/><V111/><F135/><W102/><G4/><T104/><D104/><U32/><E32/><V1/><F114/><W100/><G109/><T88/><D72/><U119/><E119/><V64/><F111/><W113/><G113/><T10/><D88/><U48/><E22/><V58/><F83/><W118/><G118/><T14/><D26/><U44/><E62/><V25/><F25/><W116/><G116/><T43/><D43/><U89/><E69/><V5/><F5/><W16/><G93/><T84/><D84/><U30/><E30/><V76/><F76/><W66/><G17/><N who="0" m="8343" /><D52/><N who="3" m="20073" /><G71/><T50/><D50/><U79/><E79/><V56/><F51/><W38/><G73/><T112/><D112/><U34/><E34/><V8/><F8/><N who="3" m="6183" /><G38/><T35/><D35/><U92/><E92/><V29/><F29/><W31/><G31/><T24/><D24/><U27/><E27/><V0/><F0/><W101/><N who="3" m="25600" /><DORA hai="74" /><W122/><G122/><T86/><D86/><U87/><E87/><V40/><F37/><W115/><G115/><T20/><D14/><U80/><E95/><V130/><F106/><W75/><G45/><T23/><D15/><U42/><E80/><V57/><F96/><W110/><G110/><T128/><D128/><U39/><E39/><V63/><AGARI ba="0,0" hai="1,7,9,40,41,56,57,58,59,63,64,129,130,131" machi="63" ten="40,2700,0" yaku="0,1,19,1" doraHai="107,74" who="2" fromWho="2" sc="220,-7,329,-7,251,27,200,-13" owari="213,-18.7,322,42.2,278,7.8,187,-31.3" /></mjloggm>