<mjloggm ver="2.3"><GO type="225" lobby="0"/><UN n0="%E8%A8%88%E7%AE%97%E6%A9%9F%E8%87%AA%E7%84%B6" n1="%E6%9D%B1%E9%A2%A8%E3%81%AE%E3%81%8D%E3%82%83%E3%81%B7%E3%81%95%E3%82%93" n2="%E3%83%81%E3%83%83%E3%82%BF%E3%82%BD%E3%83%BC" n3="%70%68%65%6E%6F%6D%65" dan="17,16,17,16" rate="2168.24,2196.26,2218.02,2171.73" sx="M,M,F,M"/><TAIKYOKU oya="0"/><INIT seed="0,0,0,1,2,32" ten="250,250,250,250" oya="0" hai0="94,46,111,65,55,98,58,22,119,127,81,107,117" hai1="86,112,59,11,122,93,91,83,25,16,36,103,5" hai2="118,99,106,135,14,96,19,35,39,66,50,0,71" hai3="102,24,89,31,97,12,74,115,53,75,108,132,120"/><T90/><D127/><U38/><E122/><V43/><F39/><W8/><G115/><T113/><D113/><U92/><E112/><V125/><F35/><W105/><G120/><T76/><D107/><U28/><E59/><V100/><F125/><W77/><G108/><T124/><D124/><U82/><E36/><V34/><F34/><W26/><G132/><T85/><D111/><U30/><E38/><V42/><F135/><W52/><G89/><T114/><D114/><U95/><E82/><V110/><F110/><W29/><G77/><T68/><D46/><U134/><E103/><V57/><F118/><W69/><G69/><T104/><D104/><U1/><REACH who="1" step="1"/><E134/><REACH who="1" ten="250,240,250,250" step="2"/><V18/><F57/><W129/><G102/><T60/><REACH who="0" step="1"/><D22/><AGARI ba="0,1" hai="1,5,11,16,22,25,28,30,83,86,91,92,93,95" machi="22" ten="40,8000,1" yaku="1,1,2,1,52,1,54,1,53,0" doraHai="32" doraHaiUra="63" who="1" fromWho="0" sc="250,-80,240,90,250,0,250,0" /><INIT seed="1,0,0,4,2,116" ten="170,330,250,250" oya="1" hai0="100,102,34,0,2,112,64,76,8,99,40,57,51" hai1="77,56,59,52,105,5,55,44,73,24,31,129,26" hai2="42,85,117,37,32,66,4,94,127,65,135,70,78" hai3="28,83,35,123,101,69,118,86,54,62,113,93,38"/><U68/><E68/><V11/><F117/><W15/><G113/><T81/><D112/><U39/><E105/><V41/><F32/><W89/><G38/><T114/><D114/><U124/><E124/><V74/><F127/><W19/><G118/><T75/><D34/><U53/><E5/><V20/><F135/><W43/><G43/><T126/><D126/><U107/><E107/><V91/><F20/><W30/><G123/><T120/><D8/><U47/><E129/><V92/><F92/><W121/><G121/><T6/><D120/><U115/><E115/><V14/><F70/><W103/><G69/><T111/><D111/><U33/><E24/><V22/><F22/><N who="3" m="11647" /><G35/><T119/><D119/><U134/><E134/><V98/><F74/><W9/><G9/><T27/><D27/><U90/><E90/><V84/><F37/><W60/><G62/><T125/><D125/><U45/><REACH who="1" step="1"/><E39/><REACH who="1" ten="170,320,250,250" step="2"/><V49/><F4/><W48/><G103/><T133/><D133/><U46/><N who="1" m="11264" /><DORA hai="10" /><U12/><E12/><V25/><F14/><W110/><G110/><T130/><D102/><U122/><E122/><V29/><F41/><W97/><G101/><T96/><D100/><U3/><E3/><V88/><F91/><W95/><G89/><T106/><D106/><U132/><E132/><V17/><F88/><W21/><G95/><T36/><D36/><U72/><E72/><V79/><F94/><W7/><G93/><T67/><D40/><U13/><E13/><V71/><F42/><W109/><G109/><T23/><D0/><U50/><E50/><V58/><F49/><RYUUKYOKU ba="0,1" sc="170,-10,320,30,250,-10,250,-10" hai1="26,31,33,52,53,55,56,59,73,77" /><INIT seed="1,1,1,2,3,30" ten="160,350,240,240" oya="1" hai0="73,68,79,54,105,61,101,52,123,113,69,125,36" hai1="8,25,78,71,15,84,121,64,102,40,51,115,112" hai2="132,34,57,45,16,3,87,21,85,42,29,117,66" hai3="89,49,135,88,94,47,1,35,86,103,14,20,116"/><U95/><E121/><V133/><F117/><W118/><G1/><T72/><D36/><U122/><E122/><V33/><F3/><W55/><G135/><N who="2" m="51785" /><F57/><W100/><G35/><N who="2" m="13321" /><F29/><W131/><G131/><T127/><D123/><U7/><E25/><N who="2" m="14503" /><F66/><W23/><G116/><T32/><D32/><U56/><E56/><V77/><F77/><W28/><G118/><T27/><D79/><U48/><E78/><V58/><F58/><W90/><G28/><T109/><D61/><U98/><E64/><V43/><F43/><W31/><G31/><T111/><D27/><U26/><E71/><V129/><F129/><W5/><G14/><T19/><D19/><U9/><E26/><V41/><F41/><W120/><G120/><T65/><D65/><U22/><E40/><V70/><F70/><W0/><G0/><T75/><D68/><U11/><E15/><V53/><F53/><N who="0" m="20586" /><D69/><U63/><E63/><V106/><F106/><W10/><G20/><T83/><D105/><U110/><E22/><V92/><F92/><W93/><G23/><T46/><D83/><U59/><E59/><V97/><F97/><W104/><G104/><T44/><D46/><U4/><E95/><V12/><F12/><N who="3" m="5199" /><G94/><T82/><D44/><U119/><E98/><V60/><F60/><W24/><G24/><T38/><D82/><U2/><E119/><V76/><F76/><W6/><G6/><T91/><D72/><U114/><E4/><V80/><F80/><W134/><G134/><T96/><D73/><U67/><E7/><V99/><F99/><N who="3" m="57767" /><G90/><T74/><D75/><U130/><E130/><RYUUKYOKU ba="1,1" sc="160,-15,350,-15,240,15,240,15" hai2="42,45,85,87" hai3="47,49,55,86,89,100,103" /><INIT seed="2,2,1,2,3,108" ten="145,335,255,255" oya="2" hai0="36,102,90,85,7,112,55,83,95,73,20,104,128" hai1="33,134,87,63,14,35,106,61,45,19,0,122,123" hai2="54,84,43,5,92,28,37,38,53,113,11,52,51" hai3="125,69,67,4,32,23,13,111,88,70,100,72,76"/><V44/><F28/><W91/><G32/><T133/><D36/><U116/><E106/><V60/><F113/><W21/><G100/><T1/><D55/><U131/><E0/><V82/><F92/><W117/><G117/><T97/><D20/><U2/><E2/><V12/><REACH who="2" step="1"/><F60/><REACH who="2" ten="145,335,245,255" step="2"/><W78/><G111/><T64/><D112/><U114/><E114/><V66/><F66/><W29/><G67/><T25/><D64/><U79/><E63/><V16/><F16/><W62/><G62/><T47/><D95/><U41/><E61/><V99/><F99/><W130/><G29/><T105/><D97/><U31/><E31/><V110/><F110/><W75/><G69/><T132/><D104/><U30/><E30/><V124/><F124/><W17/><G70/><T46/><D105/><U8/><E35/><V107/><F107/><W26/><G125/><T101/><D102/><U56/><E33/><V121/><F121/><W15/><G17/><T93/><D93/><U135/><E122/><V65/><F65/><W94/><G94/><T49/><D101/><U59/><E123/><V74/><F74/><W39/><G72/><T48/><D73/><U109/><E109/><V9/><F9/><W50/><G75/><T120/><D120/><U86/><E19/><V68/><F68/><W118/><G23/><T27/><D85/><U127/><E87/><V115/><F115/><W10/><G21/><T22/><D22/><U129/><E86/><V57/><F57/><W40/><G10/><T18/><D18/><U58/><E127/><V3/><F3/><W24/><G26/><RYUUKYOKU ba="2,2" sc="145,-10,335,-10,245,30,255,-10" hai2="5,11,12,37,38,43,44,51,52,53,54,82,84" /><INIT seed="2,3,2,5,0,88" ten="135,325,275,245" oya="2" hai0="57,5,56,84,87,53,126,50,131,125,2,41,103" hai1="133,55,51,108,36,128,82,115,60,112,120,58,93" hai2="99,121,106,8,130,14,75,26,66,107,110,64,35" hai3="49,20,118,119,109,31,24,78,10,95,45,15,4"/><V43/><F121/><W65/><G109/><T79/><D131/><U32/><E36/><V27/><F130/><W105/><G105/><T123/><D123/><U1/><E32/><V91/><F75/><W77/><G65/><T52/><D41/><U96/><E1/><V13/><F43/><W62/><G62/><T111/><D111/><U68/><E120/><V38/><F38/><W3/><G3/><T71/><D71/><U42/><E108/><V33/><F110/><W22/><G20/><T61/><D103/><U132/><E82/><V11/><F91/><W92/><G118/><T28/><D28/><U16/><E16/><V17/><F17/><W86/><G119/><T44/><D44/><N who="1" m="26007" /><E68/><V47/><F47/><W9/><G10/><N who="0" m="2359" /><D79/><N who="3" m="30217" /><G86/><T23/><D23/><U29/><E29/><V129/><F129/><W30/><G31/><T135/><D135/><N who="1" m="51787" /><E128/><V54/><F54/><AGARI ba="3,2" hai="4,9,15,22,24,30,45,49,54,92,95" m="30217" machi="54" ten="30,3900,0" yaku="8,1,52,2" doraHai="88" who="3" fromWho="2" sc="135,0,325,0,275,-48,245,68" /><INIT seed="3,0,0,4,1,89" ten="135,325,227,313" oya="3" hai0="72,14,9,98,51,97,48,71,117,88,134,10,62" hai1="27,18,107,129,34,31,91,58,95,74,83,67,101" hai2="33,36,86,11,118,105,92,82,77,68,54,46,100" hai3="35,81,24,65,122,125,3,25,17,23,131,12,4"/><W16/><G65/><T28/><D134/><U60/><E129/><V130/><F33/><W115/><G81/><T93/><D117/><U84/><E18/><V99/><F130/><W26/><G115/><T123/><D123/><U40/><E40/><V7/><F118/><W59/><G59/><T52/><D72/><U0/><E0/><V128/><F128/><W21/><G131/><T113/><D113/><U42/><E42/><V43/><F68/><W90/><G90/><T45/><D28/><U104/><E74/><V69/><F69/><W2/><G122/><T135/><D135/><U78/><E101/><V55/><REACH who="2" step="1"/><F105/><REACH who="2" ten="135,325,217,313" step="2"/><W120/><G120/><T75/><D75/><U124/><E124/><V110/><F110/><W22/><G125/><T29/><D29/><U116/><E116/><V1/><AGARI ba="0,1" hai="1,7,11,36,43,46,54,55,77,82,86,92,99,100" machi="1" ten="20,8000,1" yaku="1,1,0,1,7,1,52,1,53,1" doraHai="89" doraHaiUra="70" who="2" fromWho="2" sc="135,-20,325,-20,217,90,313,-40" owari="115,-38.5,305,10.5,307,40.7,273,-12.7" /></mjloggm>