<mjloggm ver="2.3"><GO type="225" lobby="0"/><UN n0="%4C%4F%4C%49%54%41" n1="%6B%61%7A%75%73%61" n2="%E3%83%A9%E3%83%BC%E3%83%A1%E3%83%B3%E4%BA%94%E9%83%8E" n3="%E4%BB%8A%E6%97%A5%E4%B8%80" dan="16,17,16,17" rate="2089.66,2142.16,2072.35,2224.03" sx="F,F,M,F"/><TAIKYOKU oya="0"/><INIT seed="0,0,0,5,4,85" ten="250,250,250,250" oya="0" hai0="2,95,11,59,67,36,134,8,48,57,87,45,61" hai1="72,62,97,47,5,20,38,114,73,77,37,125,63" hai2="16,6,100,78,12,14,130,25,27,35,30,99,113" hai3="4,56,133,107,26,64,52,19,112,105,50,91,92"/><T21/><D36/><U58/><E125/><V101/><F113/><W93/><G112/><T131/><D131/><U126/><E126/><V18/><F130/><W39/><G39/><T108/><D134/><U121/><E121/><V96/><F78/><W60/><G133/><T127/><D127/><U32/><E32/><V9/><F27/><W119/><G119/><T23/><D108/><U129/><E129/><V135/><F135/><W83/><G4/><T80/><D59/><U7/><E97/><V53/><F53/><W128/><G128/><T31/><D95/><U22/><E114/><V41/><F41/><W71/><G93/><T40/><D2/><U90/><E58/><V42/><F42/><W34/><G83/><T98/><D98/><U118/><E47/><V82/><F82/><W117/><G117/><T116/><D116/><U102/><E102/><V89/><F89/><W79/><G79/><N who="0" m="46495" /><D21/><U46/><E77/><V0/><F0/><W65/><G65/><T3/><D3/><U49/><E118/><V33/><F33/><W86/><REACH who="3" step="1"/><G34/><REACH who="3" ten="250,250,250,240" step="2"/><T110/><D110/><U94/><E37/><V54/><F6/><W111/><G111/><T84/><D84/><U109/><E38/><V43/><F101/><W66/><G66/><T68/><D68/><U44/><E109/><V81/><F100/><W24/><G24/><AGARI ba="0,1" hai="8,11,23,24,31,40,45,48,57,61,67" m="46495" machi="24" ten="30,1500,0" yaku="8,1" doraHai="85" who="0" fromWho="3" sc="250,25,250,0,250,0,240,-15" /><BYE who="2" /><INIT seed="0,1,0,2,3,45" ten="275,250,250,225" oya="0" hai0="61,6,118,131,35,60,68,10,44,117,8,38,127" hai1="39,84,88,98,9,29,97,69,71,108,100,25,110" hai2="76,59,96,75,91,113,14,16,40,107,28,112,92" hai3="80,103,5,12,93,133,126,123,17,86,134,72,18"/><T65/><D35/><UN n2="%E3%83%A9%E3%83%BC%E3%83%A1%E3%83%B3%E4%BA%94%E9%83%8E" /><U42/><E42/><V73/><F28/><W122/><G72/><T102/><D127/><U19/><E39/><V94/><F107/><W111/><G5/><T57/><D131/><U135/><E19/><V23/><F40/><W132/><G18/><T7/><D102/><U0/><E9/><V4/><F4/><W77/><G17/><T62/><D38/><U13/><E13/><V64/><F94/><W41/><G41/><T95/><D44/><U33/><E0/><V2/><F2/><W22/><G22/><T67/><D95/><N who="1" m="54663" /><E135/><V79/><F73/><W70/><G12/><T34/><D34/><U109/><E97/><V56/><F75/><W55/><G55/><T49/><D62/><U47/><E47/><V32/><F32/><W82/><G70/><T120/><D120/><N who="3" m="46121" /><G82/><T31/><D31/><U99/><E99/><V114/><REACH who="2" step="1"/><F56/><REACH who="2" ten="275,250,240,225" step="2"/><W54/><G126/><T21/><D57/><U43/><E43/><V27/><F27/><W36/><G36/><T24/><D24/><U66/><E66/><V116/><F116/><W89/><G54/><T115/><D67/><U128/><E128/><V53/><F53/><W119/><G119/><T125/><D125/><U58/><E58/><V3/><F3/><W104/><G104/><AGARI ba="1,1" hai="25,29,33,69,71,98,100,104,108,109,110" m="54663" machi="104" ten="30,2000,0" yaku="14,1,54,1" doraHai="45" who="1" fromWho="3" sc="275,0,250,33,240,0,225,-23" /><INIT seed="1,0,0,2,2,41" ten="275,283,240,202" oya="1" hai0="116,98,32,115,40,8,28,31,35,39,21,54,92" hai1="58,16,3,24,129,19,29,46,74,4,10,51,105" hai2="67,108,38,132,65,75,84,56,62,0,59,81,42" hai3="120,17,34,53,88,119,15,113,104,45,73,6,64"/><U107/><E129/><V89/><F0/><W117/><G120/><T112/><D116/><N who="3" m="44617" /><G113/><T7/><D32/><U43/><E74/><V47/><F75/><W50/><G104/><T25/><D54/><U22/><E58/><V101/><F108/><W11/><G73/><T90/><D28/><U1/><E1/><V126/><F126/><W26/><G64/><T57/><D35/><U49/><E49/><V30/><F30/><N who="3" m="19799" /><G88/><T5/><D112/><U103/><E103/><V55/><F132/><W91/><G91/><T36/><D90/><U122/><E122/><V82/><F101/><W71/><G71/><T110/><D115/><U135/><E135/><V33/><F33/><W52/><G53/><T72/><D72/><U109/><E109/><V9/><F9/><W48/><G48/><T121/><D8/><U12/><E19/><AGARI ba="0,0" hai="6,11,15,17,19,45,50,52" m="19799,44617" machi="19" ten="30,3900,0" yaku="12,1,52,1,54,1" doraHai="41" who="3" fromWho="1" sc="275,0,283,-39,240,0,202,39" /><INIT seed="2,0,0,5,1,79" ten="275,244,240,241" oya="2" hai0="77,84,52,8,3,88,49,102,11,74,135,60,98" hai1="57,71,17,120,29,67,96,54,99,37,76,73,87" hai2="42,18,21,33,38,101,4,63,94,2,86,22,65" hai3="134,53,44,106,115,45,95,82,68,112,6,114,50"/><V111/><F33/><W110/><G106/><T131/><D3/><U16/><E120/><V62/><F111/><W66/><G6/><T12/><D131/><U130/><E37/><V113/><F113/><W132/><G95/><N who="0" m="58719" /><D74/><U23/><E130/><V105/><F105/><W39/><G82/><N who="0" m="49175" /><D135/><N who="3" m="51753" /><G110/><T7/><D11/><U91/><E73/><V14/><F2/><W5/><G5/><T40/><D77/><U31/><E76/><V89/><F4/><W109/><G109/><T43/><D60/><U83/><E71/><V81/><F65/><W100/><G100/><T80/><D80/><U46/><E67/><V25/><F38/><W36/><G45/><AGARI ba="0,0" hai="7,8,12,40,43,45,49,52" m="49175,58719" machi="45" ten="30,7700,0" yaku="8,1,52,1,54,2" doraHai="79" who="0" fromWho="3" sc="275,77,244,0,240,0,241,-77" /><INIT seed="3,0,0,5,1,101" ten="352,244,240,164" oya="3" hai0="12,111,114,107,31,79,69,129,46,97,118,10,19" hai1="25,80,67,52,48,121,84,73,91,18,95,1,17" hai2="100,27,74,113,3,22,44,104,90,5,96,88,126" hai3="112,38,7,61,133,50,135,86,75,39,64,14,0"/><W71/><G0/><T33/><D118/><U120/><E1/><V72/><F113/><W20/><G75/><T116/><D116/><U9/><E67/><V132/><F3/><W68/><G112/><T128/><D114/><U65/><E65/><V62/><F5/><W119/><G119/><T130/><D111/><U47/><E18/><V66/><F74/><W16/><G71/><T131/><D131/><U94/><E94/><V124/><F132/><N who="3" m="50763" /><G7/><T42/><D79/><U76/><E25/><V4/><F4/><W8/><G8/><T13/><D69/><U60/><E60/><V37/><F72/><W89/><G50/><T123/><D123/><U26/><REACH who="1" step="1"/><E9/><REACH who="1" ten="352,234,240,164" step="2"/><V93/><F93/><AGARI ba="0,1" hai="14,16,20,38,39,61,64,68,86,89,93" m="50763" machi="93" ten="30,2900,0" yaku="20,1,54,1" doraHai="101" who="3" fromWho="2" sc="352,0,234,0,240,-29,164,39" /><INIT seed="3,1,0,2,4,125" ten="352,234,211,203" oya="3" hai0="104,52,17,99,1,83,11,22,82,101,100,21,36" hai1="78,110,44,122,59,128,107,20,25,56,134,123,32" hai2="16,38,117,84,47,130,3,95,115,61,18,77,133" hai3="118,2,73,92,98,81,124,86,12,51,94,85,120"/><W71/><G2/><T8/><D36/><U135/><E107/><V63/><F115/><W29/><G120/><N who="1" m="46122" /><E110/><V89/><F117/><W103/><G71/><T76/><D82/><U6/><E32/><V14/><F3/><W39/><G39/><T31/><D100/><U9/><E78/><V127/><F127/><W66/><G66/><T23/><D31/><N who="1" m="17831" /><E44/><V116/><F116/><W68/><G68/><T57/><D17/><U46/><E128/><V69/><F130/><W45/><G118/><T105/><D105/><U87/><E87/><V7/><F69/><W53/><G124/><T40/><D40/><U60/><E46/><V106/><F106/><W54/><G54/><T90/><D90/><U5/><E60/><V65/><F77/><W41/><G41/><T24/><D24/><U91/><E91/><V132/><F38/><W55/><G55/><T70/><D1/><N who="1" m="175" /><E6/><V4/><F47/><W79/><G29/><T126/><D126/><U49/><E49/><V131/><F131/><W97/><REACH who="3" step="1"/><G12/><REACH who="3" ten="352,234,211,193" step="2"/><T13/><D13/><U64/><E64/><V35/><F65/><W75/><G75/><T93/><D70/><U129/><E129/><V37/><F37/><W42/><G42/><T0/><D0/><U112/><E112/><V58/><F14/><W33/><G33/><T88/><D52/><U28/><E28/><V67/><F35/><W109/><G109/><T43/><D43/><U102/><E59/><V62/><F58/><W80/><G80/><T114/><D57/><U108/><E56/><V15/><F67/><W96/><G96/><N who="0" m="61479" /><D114/><U34/><E108/><RYUUKYOKU ba="1,1" sc="352,15,234,-15,211,-15,193,15" hai0="8,11,21,22,23,76,83,88,93,99" hai3="45,51,53,73,79,81,85,86,92,94,97,98,103" /><INIT seed="3,2,1,3,1,115" ten="367,219,196,208" oya="3" hai0="72,91,38,128,122,127,116,22,81,65,132,56,103" hai1="59,18,45,86,71,130,39,33,113,5,16,98,85" hai2="99,114,47,121,97,9,87,95,28,50,93,73,80" hai3="2,107,67,125,61,12,35,70,49,101,7,104,78"/><W88/><G2/><T25/><D116/><U105/><E71/><V57/><F114/><W126/><G78/><T118/><D118/><U14/><E113/><V20/><F73/><W129/><G129/><T134/><D122/><U37/><E33/><V76/><F121/><W48/><G35/><T68/><D38/><U46/><E5/><V89/><F57/><W117/><G117/><T94/><D68/><U100/><E130/><V77/><F9/><N who="3" m="4159" /><G101/><T63/><D127/><N who="3" m="48649" /><G88/><T58/><D128/><U31/><E100/><N who="2" m="60463" /><F28/><W32/><G32/><T84/><D58/><U1/><E31/><V83/><F20/><W53/><G53/><T60/><D60/><U55/><E59/><V34/><F34/><W43/><G43/><T74/><D103/><U19/><E55/><N who="2" m="30175" /><F83/><W64/><G67/><T135/><D81/><U0/><E1/><V11/><F11/><W24/><G24/><T124/><D124/><U17/><E0/><V133/><F133/><W54/><G54/><T123/><D123/><U96/><E14/><V6/><F6/><W29/><G29/><AGARI ba="2,1" hai="22,25,29,56,63,65,72,74,84,91,94,132,134,135" machi="29" ten="40,1300,0" yaku="20,1" doraHai="115" who="0" fromWho="3" sc="367,29,219,0,196,0,208,-19" owari="396,49.6,219,1.9,196,-20.4,189,-31.1" /></mjloggm>