<mjloggm ver="2.3"><GO type="225" lobby="0"/><UN n0="%E3%82%8F%E3%81%8B%E3%81%B0%2A%E3%82%AC%E3%83%BC%E3%83%AB" n1="%E5%B8%86%E7%AB%8B%E5%A4%8F%E8%A1%A3" n2="%E3%81%BF%E3%81%BF%E3%81%9A" n3="%E6%9C%88%E5%B3%B6%E5%9F%BA" dan="16,17,17,18" rate="2193.20,2251.29,2276.63,2218.94" sx="M,M,M,M"/><TAIKYOKU oya="0"/><INIT seed="0,0,0,3,4,82" ten="250,250,250,250" oya="0" hai0="7,3,52,68,72,23,92,135,85,84,91,88,86" hai1="2,10,16,110,4,63,27,121,129,54,132,83,18" hai2="31,101,95,55,99,24,64,33,50,108,113,1,21" hai3="109,77,79,74,93,29,103,30,41,122,22,47,118"/><T106/><D106/><U117/><E121/><V59/><F113/><W104/><G118/><T130/><D72/><U80/><E117/><V43/><F108/><W98/><G109/><T112/><D112/><U6/><E110/><V89/><F1/><W114/><G114/><T105/><D105/><U96/><E129/><V57/><F33/><W70/><G70/><T11/><D68/><U97/><E132/><V69/><F69/><W15/><G122/><T100/><D135/><U13/><E2/><V78/><F78/><W5/><G104/><T107/><D130/><U62/><E27/><V9/><F9/><N who="3" m="4527" /><G74/><T37/><D37/><U56/><E4/><V126/><F126/><W116/><G116/><T102/><D107/><U115/><E115/><V125/><F125/><W8/><G8/><T17/><D52/><N who="1" m="34055" /><E63/><N who="2" m="37999" /><F43/><W66/><G66/><T46/><D46/><U49/><E83/><V76/><F76/><W0/><G0/><T39/><D39/><U61/><E80/><V81/><F81/><W38/><G79/><T20/><D20/><U134/><E61/><V120/><F120/><W128/><G77/><T75/><D75/><U36/><E36/><V53/><F55/><W65/><G65/><T119/><D119/><U67/><E67/><V42/><F42/><W28/><G128/><T14/><REACH who="0" step="1"/><D91/><AGARI ba="0,0" hai="21,24,31,50,53,59,89,91,95,99,101" m="37999" machi="91" ten="30,2000,0" yaku="25,1,8,1" doraHai="82" who="2" fromWho="0" sc="250,-20,250,0,250,20,250,0" /><INIT seed="1,0,0,5,2,30" ten="230,250,270,250" oya="1" hai0="110,125,81,78,38,59,118,85,90,122,99,95,130" hai1="91,109,119,104,0,31,16,63,51,24,61,20,111" hai2="82,128,39,83,60,47,28,13,54,4,84,35,36" hai3="92,113,14,115,21,22,131,15,57,107,7,66,62"/><U26/><E104/><V73/><F73/><W117/><G107/><T44/><D118/><U41/><E119/><V69/><F128/><W48/><G117/><T133/><D130/><U27/><E0/><V19/><F4/><W11/><G131/><T89/><D110/><N who="1" m="41995" /><E91/><V129/><F129/><W64/><G64/><T124/><D133/><U134/><E134/><V80/><F84/><W127/><G127/><N who="0" m="48715" /><D59/><U34/><E27/><V94/><F94/><W96/><G113/><T58/><D58/><U25/><E26/><V70/><F54/><W1/><G115/><T105/><D44/><AGARI ba="0,0" hai="16,20,24,25,31,34,41,44,51,61,63" m="41995" machi="44" ten="30,11600,0" yaku="14,1,10,1,52,1,54,1" doraHai="30" who="1" fromWho="0" sc="230,-116,250,116,270,0,250,0" /><INIT seed="1,1,0,0,0,3" ten="114,366,270,250" oya="1" hai0="59,81,25,50,102,4,130,74,32,70,6,132,38" hai1="119,45,20,98,60,105,64,118,97,16,71,68,127" hai2="80,39,125,87,18,44,5,72,24,31,29,117,109" hai3="77,78,22,27,82,33,9,115,19,41,42,55,79"/><U84/><E127/><V61/><F117/><W90/><G115/><T91/><D38/><U108/><E108/><V37/><F72/><W15/><G33/><T48/><D130/><U133/><E133/><V2/><F109/><W100/><G100/><T121/><D70/><U53/><E71/><V13/><F125/><W8/><G8/><T86/><D132/><U95/><E84/><V54/><F29/><N who="3" m="17655" /><G55/><T96/><D121/><U12/><E105/><V23/><F2/><W113/><G113/><T92/><D74/><U51/><REACH who="1" step="1"/><E97/><REACH who="1" ten="114,356,270,250" step="2"/><V10/><F31/><W101/><G79/><T114/><D114/><U11/><E11/><V49/><REACH who="2" step="1"/><F61/><REACH who="2" ten="114,356,260,250" step="2"/><W106/><G106/><T99/><D32/><U47/><E47/><V122/><F122/><W7/><G78/><AGARI ba="1,2" hai="5,10,13,18,23,24,37,39,44,49,54,78,80,87" machi="78" ten="30,7700,0" yaku="1,1,7,1,52,1,53,1" doraHai="3" doraHaiUra="73" who="2" fromWho="3" sc="114,0,356,0,260,100,250,-80" /><INIT seed="2,0,0,2,2,69" ten="114,356,360,170" oya="2" hai0="97,75,76,10,132,13,24,65,64,15,117,25,11" hai1="59,27,58,54,119,103,18,134,30,60,38,116,126" hai2="85,56,118,32,44,104,21,5,0,135,81,111,50" hai3="133,109,130,120,102,90,74,86,51,34,8,73,107"/><V40/><F118/><W108/><G34/><T82/><D117/><U19/><E38/><V42/><F32/><W83/><G120/><T31/><D132/><U36/><E36/><V71/><F71/><W127/><G51/><T106/><D106/><U17/><E134/><V66/><F135/><W128/><G133/><T29/><D97/><U105/><E126/><V4/><F104/><W37/><G8/><T70/><D70/><U53/><E103/><V33/><F33/><W110/><G37/><T129/><D129/><N who="3" m="49769" /><G127/><T101/><D75/><U80/><E105/><V122/><F122/><W48/><G48/><T1/><D1/><U6/><E6/><N who="2" m="2667" /><F0/><W121/><G121/><T88/><D82/><U91/><E30/><V47/><F111/><W3/><G3/><T125/><D125/><U77/><E91/><N who="2" m="51631" /><F21/><W57/><G57/><T39/><D39/><U52/><E27/><V14/><F14/><W46/><G46/><N who="2" m="17449" /><F50/><W26/><G26/><T89/><REACH who="0" step="1"/><D76/><REACH who="0" ten="104,356,360,170" step="2"/><U2/><E2/><V67/><F56/><W45/><G74/><T55/><D55/><N who="1" m="33887" /><E119/><V20/><F40/><W68/><G68/><T94/><D94/><U87/><E116/><V72/><F42/><W92/><G107/><T131/><D131/><U61/><AGARI ba="0,1" hai="17,18,19,52,53,54,59,61,77,80,87" m="33887" machi="61" ten="30,2000,0" yaku="8,1,54,1" doraHai="69" who="1" fromWho="1" sc="104,-5,356,30,360,-10,170,-5" /><INIT seed="3,0,0,1,2,16" ten="99,386,350,165" oya="3" hai0="57,36,18,55,48,97,37,66,35,111,123,90,65" hai1="29,79,62,56,82,39,33,109,131,125,68,106,91" hai2="89,60,54,32,78,124,25,19,43,7,40,103,23" hai3="119,28,128,104,120,115,10,72,52,76,20,108,70"/><W14/><G104/><T122/><D35/><U101/><E109/><V80/><F124/><W112/><G70/><T9/><D111/><U0/><E125/><V116/><F116/><W71/><G71/><T45/><D97/><U12/><E12/><V22/><F32/><W5/><G108/><T129/><D90/><U92/><E131/><V86/><F103/><W1/><G72/><T61/><D9/><U88/><E0/><V81/><F7/><W114/><G76/><T27/><D27/><N who="1" m="18623" /><E56/><N who="2" m="34839" /><F80/><W64/><G64/><T8/><D8/><U46/><E92/><V67/><F67/><N who="0" m="25610" /><D18/><U105/><E62/><V31/><F78/><W132/><G1/><T127/><D123/><U59/><E59/><V51/><F51/><W99/><G120/><T38/><D122/><U93/><E68/><V118/><F118/><W53/><G119/><T121/><D121/><U87/><E91/><V41/><F40/><W130/><G130/><T84/><D84/><U17/><E17/><V96/><F96/><W4/><G99/><T110/><D129/><U49/><E39/><N who="0" m="9985" /><T50/><DORA hai="21" /><D110/><U74/><E105/><V2/><F2/><W73/><G128/><T11/><D11/><U44/><E49/><N who="0" m="19049" /><D127/><U133/><E106/><V63/><F63/><W26/><G73/><T117/><D117/><U85/><E101/><V6/><F6/><W69/><G5/><T77/><D77/><U134/><E74/><V113/><F113/><W100/><G100/><T34/><D34/><U94/><E94/><V58/><F58/><W13/><G4/><T83/><D83/><N who="1" m="47359" /><E93/><V42/><F86/><RYUUKYOKU ba="0,0" sc="99,15,386,15,350,-15,165,-15" hai0="45,55,57,61" hai1="44,46,82,87,88,133,134" owari="114,-38.6,401,50.1,335,13.5,150,-25.0" /></mjloggm>