<mjloggm ver="2.3"><GO type="225" lobby="0"/><UN n0="%E3%82%8A%E3%81%93%E3%82%8A%E3%82%93%E3%81%94" n1="%E4%BF%BA%E3%81%A8%E5%A6%96%E5%A4%A2" n2="%E3%81%AF%E3%82%88%E3%81%8A%E3%81%98%E3%81%95%E3%82%93" n3="%E6%98%93%E5%88%A9%E8%96%A9%E4%BC%AF" dan="17,16,17,17" rate="2211.23,2143.40,2131.65,2168.15" sx="M,F,M,F"/><TAIKYOKU oya="0"/><INIT seed="0,0,0,0,5,6" ten="250,250,250,250" oya="0" hai0="92,91,75,113,83,47,107,60,131,111,12,7,35" hai1="26,51,114,80,84,63,10,129,116,34,53,103,130" hai2="97,110,61,16,62,45,28,101,123,9,18,29,32" hai3="76,49,94,8,39,73,79,1,128,133,72,46,40"/><T90/><D113/><U25/><E116/><V88/><F123/><W21/><G133/><T124/><D107/><U102/><E114/><V67/><F110/><W50/><G128/><N who="1" m="49258" /><E63/><V115/><F115/><W120/><G120/><T108/><D35/><U54/><E10/><V93/><F45/><W24/><G94/><T3/><D3/><U42/><E42/><V36/><F36/><W5/><G79/><T17/><D131/><U71/><E71/><V77/><F77/><W78/><G76/><N who="0" m="44447" /><D7/><U112/><E112/><V14/><F32/><W55/><G78/><T125/><D47/><N who="1" m="27903" /><E54/><V119/><F119/><W59/><REACH who="3" step="1"/><G39/><REACH who="3" ten="250,250,250,240" step="2"/><T43/><D124/><U89/><E34/><V48/><F101/><AGARI ba="0,1" hai="25,26,80,84,89,101,102,103" m="27903,49258" machi="101" ten="30,1000,0" yaku="19,1" doraHai="6" who="1" fromWho="2" sc="250,0,250,20,250,-10,240,0" /><INIT seed="1,0,0,3,5,133" ten="250,270,240,240" oya="1" hai0="78,104,17,121,3,99,54,101,21,47,92,106,0" hai1="68,20,129,10,61,60,115,131,93,8,35,90,7" hai2="135,23,100,33,80,74,107,49,50,108,120,41,88" hai3="94,111,15,22,48,6,126,53,66,56,40,77,73"/><U64/><E115/><V105/><F33/><W97/><G111/><T118/><D118/><U28/><E35/><V57/><F120/><W9/><G126/><T116/><D116/><U82/><E82/><V24/><F135/><W75/><G77/><T18/><D121/><U76/><E76/><V103/><F108/><W102/><G40/><T55/><D78/><U123/><E60/><V86/><F74/><W39/><G39/><T95/><D47/><U122/><E122/><V4/><F4/><W46/><G22/><T96/><REACH who="0" step="1"/><D21/><REACH who="0" ten="240,270,240,240" step="2"/><U14/><E8/><V38/><F38/><W29/><G29/><T81/><D81/><U26/><REACH who="1" step="1"/><E123/><REACH who="1" ten="240,260,240,240" step="2"/><V87/><F80/><W5/><G75/><T113/><D113/><U19/><E19/><V83/><F83/><W109/><G73/><T71/><D71/><U117/><E117/><V51/><F23/><W43/><G109/><T37/><D37/><U130/><E130/><V65/><F24/><W58/><G6/><T98/><D98/><AGARI ba="0,2" hai="7,10,14,20,26,28,61,64,68,90,93,98,129,131" machi="98" ten="40,2000,0" yaku="1,1,53,0" doraHai="133" doraHaiUra="132" who="1" fromWho="0" sc="240,-20,260,40,240,0,240,0" /><INIT seed="1,1,0,0,0,23" ten="220,300,240,240" oya="1" hai0="97,99,64,30,44,121,79,4,118,15,53,125,6" hai1="113,98,73,57,22,100,56,51,29,58,96,75,28" hai2="77,16,107,84,66,54,81,92,111,10,49,91,33" hai3="106,114,34,129,41,32,108,101,122,71,102,78,46"/><U52/><E113/><V37/><F107/><W116/><G114/><T87/><D118/><U68/><E68/><V21/><F111/><W5/><G116/><T19/><D125/><U1/><E1/><V8/><F33/><W115/><G108/><T55/><D121/><U93/><E73/><V50/><F37/><W109/><G109/><T127/><D127/><U12/><E75/><V47/><F50/><W135/><G135/><T130/><D64/><U0/><E0/><V104/><F104/><W36/><G129/><T38/><D30/><U48/><E48/><V69/><F66/><W124/><G122/><T65/><D65/><U31/><E96/><V40/><F40/><W59/><G71/><T132/><D132/><U88/><E100/><V39/><F39/><W123/><G123/><T14/><D38/><U2/><E2/><V103/><F103/><W11/><G34/><T70/><D70/><U9/><E22/><V43/><F43/><W7/><G32/><T110/><D130/><U80/><E80/><V61/><F61/><W45/><G106/><T62/><D62/><U117/><E117/><V20/><F20/><W126/><G36/><T95/><D110/><U112/><E112/><V74/><F69/><W133/><G133/><T18/><D79/><U82/><E82/><V27/><AGARI ba="1,0" hai="8,10,16,21,27,47,49,54,74,77,81,84,91,92" machi="27" ten="20,5200,0" yaku="0,1,7,1,52,1,54,1" doraHai="23" who="2" fromWho="2" sc="220,-14,300,-27,240,55,240,-14" /><INIT seed="2,0,0,1,3,36" ten="206,273,295,226" oya="2" hai0="71,85,101,68,91,54,50,67,130,47,55,65,39" hai1="2,66,123,128,45,135,129,82,80,99,76,34,127" hai2="118,15,84,93,48,49,51,112,70,105,74,120,88" hai3="115,103,107,18,21,24,16,3,131,62,111,61,13"/><V97/><F120/><W43/><G3/><T81/><D130/><U28/><E2/><V7/><F112/><W58/><G111/><T46/><D101/><U33/><E123/><V133/><F118/><W31/><G115/><T35/><D35/><U119/><E119/><V98/><F74/><W124/><G124/><T12/><D12/><U29/><E99/><V108/><F70/><W40/><G131/><N who="1" m="50250" /><E127/><V14/><F108/><W125/><G125/><T113/><D113/><U75/><E135/><V126/><F126/><W30/><G103/><T122/><D122/><U6/><E6/><V100/><F133/><W23/><G107/><T52/><D39/><U53/><E66/><V26/><F7/><W109/><G62/><T32/><D32/><N who="1" m="12395" /><E82/><V104/><F26/><W92/><G92/><T95/><D81/><U78/><E78/><V134/><F134/><W77/><G77/><T20/><D20/><U0/><E0/><V132/><F132/><W44/><G109/><T73/><D73/><U5/><E5/><V116/><F116/><W57/><G30/><T96/><D96/><U25/><E25/><V37/><F37/><W4/><G31/><T64/><REACH who="0" step="1"/><D47/><REACH who="0" ten="196,273,295,226" step="2"/><U11/><E45/><V10/><F10/><N who="3" m="4295" /><G44/><T89/><D89/><U69/><E11/><V60/><F98/><W79/><G79/><T114/><D114/><U17/><E76/><V110/><F110/><W87/><G87/><T72/><D72/><U8/><E75/><V56/><F105/><W59/><G61/><T22/><D22/><U117/><E8/><V41/><F104/><W86/><G86/><RYUUKYOKU ba="0,1" sc="196,15,273,-15,295,-15,226,15" hai0="46,50,52,54,55,64,65,67,68,71,85,91,95" hai3="16,18,21,23,24,40,43,57,58,59" /><INIT seed="3,1,1,1,0,36" ten="211,258,280,241" oya="3" hai0="21,96,119,131,52,24,123,58,41,110,70,120,27" hai1="85,95,92,66,22,84,87,74,25,86,61,93,111" hai2="75,69,81,97,35,63,43,49,126,32,79,19,73" hai3="56,0,80,34,104,98,109,105,47,6,5,45,107"/><W12/><G0/><T44/><D119/><U50/><E74/><V99/><F75/><W72/><G34/><T60/><D110/><U46/><E111/><V127/><F19/><W15/><G109/><T33/><D131/><U37/><E37/><V77/><F79/><W130/><G130/><T117/><D117/><U14/><E14/><V106/><F63/><W122/><G122/><T39/><D70/><U51/><N who="1" m="21504" /><DORA hai="11" /><U83/><E46/><N who="2" m="25823" /><F69/><W76/><G56/><T68/><D68/><U113/><E113/><V116/><F116/><W10/><G98/><N who="2" m="37385" /><F106/><W23/><G23/><T7/><D7/><U67/><E83/><V57/><F57/><W9/><AGARI ba="1,1" hai="5,6,9,10,12,15,45,47,72,76,80,104,105,107" machi="9" ten="40,12000,1" yaku="0,1,9,1,52,2" doraHai="36,11" who="3" fromWho="3" sc="211,-41,258,-41,280,-41,241,133" owari="170,-33.0,217,-18.3,239,3.9,374,47.4" /></mjloggm>