<mjloggm ver="2.3"><GO type="225" lobby="0"/><UN n0="%E3%81%BF%E3%81%BF%E3%81%9A" n1="%E3%83%8F%E3%83%B3%E3%83%89%E3%83%A9%E3%83%BC%E3%83%BB%E3%83%AF%E3%83%B3" n2="%E3%83%A9%E3%82%B9%E7%8E%87%EF%BC%93%E5%89%B2" n3="%E3%83%96%E3%83%83%E3%83%91%E3%82%AA%E3%83%96%E3%83%81%E3%82%AD%E3%83%B3" dan="17,18,17,16" rate="2210.87,2259.43,2210.95,2189.61" sx="M,M,F,M"/><TAIKYOKU oya="0"/><INIT seed="0,0,0,5,0,13" ten="250,250,250,250" oya="0" hai0="17,45,78,80,66,67,28,63,123,81,122,95,82" hai1="48,112,101,99,11,27,31,20,53,119,111,114,93" hai2="131,135,92,134,90,24,1,89,43,51,115,127,42" hai3="34,32,76,133,120,86,29,3,129,130,59,49,2"/><T7/><D28/><U65/><E119/><V6/><F115/><W84/><G133/><N who="2" m="50697" /><F6/><W44/><G59/><T56/><D7/><U25/><E111/><V64/><F1/><N who="3" m="11" /><G29/><T77/><D123/><U68/><E11/><V94/><F64/><W75/><G75/><T102/><D122/><U97/><E27/><V116/><F116/><W69/><G69/><T88/><D102/><U50/><E50/><V5/><F5/><W87/><G76/><N who="0" m="29291" /><D45/><U100/><E65/><V108/><F108/><W113/><G120/><T26/><D66/><U71/><E112/><V38/><F51/><W74/><G74/><T79/><N who="0" m="29299" /><T47/><DORA hai="54" /><D47/><U19/><E31/><V106/><F106/><W61/><G113/><T91/><D95/><U10/><E10/><V22/><F92/><W57/><G44/><T14/><D26/><U33/><E33/><V125/><F94/><W41/><G34/><T52/><D67/><U55/><E55/><V126/><F90/><W83/><G32/><T23/><AGARI ba="0,0" hai="14,17,23,52,56,63,80,81,82,88,91" m="29299" machi="23" ten="40,12000,1" yaku="8,1,52,2,54,2" doraHai="13,54" who="0" fromWho="0" sc="250,120,250,-40,250,-40,250,-40" /><INIT seed="0,1,0,0,3,116" ten="370,210,210,210" oya="0" hai0="38,36,60,55,67,52,69,101,131,17,19,123,58" hai1="105,51,96,34,82,59,40,39,115,2,18,111,46" hai2="0,6,99,93,129,30,65,80,85,90,22,15,98" hai3="77,10,84,121,42,122,32,71,1,72,56,119,41"/><T97/><D131/><U61/><E34/><V29/><F129/><W23/><G119/><T135/><D135/><U57/><E2/><V126/><F126/><W130/><G71/><T88/><D123/><N who="3" m="47113" /><G130/><T120/><D120/><U47/><E111/><V63/><F0/><W4/><G32/><T49/><D88/><U28/><E28/><V87/><F87/><W78/><G72/><T125/><D125/><U35/><E35/><V16/><F6/><W110/><G110/><T102/><D102/><U76/><E115/><V54/><F54/><W20/><G56/><T75/><D75/><U106/><E18/><V26/><F15/><W132/><G132/><T133/><D133/><U83/><E83/><V43/><F43/><N who="3" m="16395" /><G84/><T118/><D118/><U48/><E59/><N who="2" m="37119" /><F99/><W104/><G104/><T5/><D5/><U64/><E96/><V27/><F27/><W45/><G45/><T24/><D55/><U62/><E46/><V68/><F68/><W86/><G86/><T12/><D24/><U103/><E106/><V73/><F73/><W79/><AGARI ba="1,0" hai="1,4,10,20,23,77,78,79" m="16395,47113" machi="79" ten="40,8000,1" yaku="13,1,52,3" doraHai="116" who="3" fromWho="3" sc="370,-41,210,-21,210,-21,210,83" /><INIT seed="1,0,0,3,1,113" ten="329,189,189,293" oya="1" hai0="21,75,112,81,70,52,38,69,91,79,122,97,83" hai1="63,87,2,77,65,123,20,35,5,49,90,59,85" hai2="23,107,101,119,117,57,129,10,39,80,15,67,89" hai3="86,99,47,93,127,68,33,103,124,72,132,78,105"/><U104/><E123/><V14/><F39/><W115/><G33/><T19/><D112/><U28/><E104/><V25/><F129/><W56/><G68/><T34/><D122/><U53/><E35/><V7/><F107/><W92/><G115/><T130/><D34/><U4/><E2/><V108/><F101/><W88/><G132/><T30/><D30/><U134/><E134/><V17/><F108/><W43/><G56/><T44/><D130/><U22/><E85/><V0/><F89/><W37/><G93/><T55/><D38/><U8/><E77/><V100/><F80/><AGARI ba="0,0" hai="37,43,47,72,78,80,86,88,92,99,103,105,124,127" machi="80" ten="40,5200,0" yaku="24,2,54,1" doraHai="113" who="3" fromWho="2" sc="329,0,189,0,189,-52,293,52" /><INIT seed="2,0,0,4,5,132" ten="329,189,137,345" oya="2" hai0="89,53,62,2,81,12,90,111,11,27,44,97,23" hai1="31,74,68,57,24,42,104,49,100,131,83,46,59" hai2="10,39,70,20,69,40,94,60,72,129,7,125,50" hai3="88,102,124,84,45,119,4,128,95,33,103,5,66"/><V15/><F129/><W64/><G119/><T110/><D2/><U108/><E68/><V120/><F120/><W121/><G33/><T1/><D1/><U76/><E108/><N who="0" m="41513" /><D81/><U67/><E67/><N who="3" m="25642" /><G121/><T63/><D44/><U38/><E38/><V116/><F116/><W37/><G37/><T130/><D130/><U14/><E131/><V93/><F39/><W58/><G128/><T77/><D77/><U105/><E14/><V115/><F115/><W86/><G124/><T96/><D90/><U47/><E47/><V29/><F72/><W51/><G58/><N who="0" m="35151" /><D89/><U113/><E113/><V22/><F125/><W87/><G103/><T52/><D52/><U21/><E100/><V91/><F94/><W135/><G102/><T54/><D63/><U32/><E32/><V134/><F134/><W99/><G135/><T85/><D85/><U109/><E109/><V118/><F118/><W75/><G75/><T13/><D54/><AGARI ba="0,0" hai="4,5,45,51,54,84,86,87,88,95,99" m="25642" machi="54" ten="30,2000,0" yaku="8,1,54,1" doraHai="132" who="3" fromWho="0" sc="329,-20,189,0,137,0,345,20" /><INIT seed="3,0,0,4,5,48" ten="309,189,137,365" oya="3" hai0="12,119,37,33,28,98,46,132,134,55,7,3,41" hai1="114,65,11,126,100,66,95,103,36,50,117,88,84" hai2="96,87,93,76,2,118,32,40,27,90,130,57,17" hai3="113,86,110,1,4,6,101,51,115,8,70,99,24"/><W38/><G38/><T19/><D119/><U16/><E36/><V21/><F118/><W0/><G70/><T10/><D98/><U43/><E114/><V34/><F130/><W67/><G67/><N who="1" m="25610" /><E126/><V104/><F2/><W80/><G110/><T106/><D106/><U109/><E109/><V63/><F40/><W42/><G24/><T71/><D71/><U83/><E83/><V97/><F97/><W133/><G133/><T22/><REACH who="0" step="1"/><D55/><REACH who="0" ten="299,189,137,365" step="2"/><U123/><E117/><V30/><F30/><W64/><G64/><T102/><D102/><U92/><E103/><V9/><F9/><W68/><G68/><T112/><D112/><U39/><E100/><V108/><F108/><W120/><G115/><T59/><D59/><U125/><E11/><V124/><F124/><W122/><G113/><T77/><D77/><U5/><E125/><V105/><F105/><W131/><G8/><T69/><D69/><U116/><E116/><V20/><F20/><W61/><G101/><T107/><D107/><U62/><E123/><V23/><F23/><W45/><G99/><T53/><D53/><U58/><E58/><V18/><F104/><W25/><G122/><T85/><D85/><U29/><E84/><V15/><F76/><W14/><G86/><T44/><D44/><U35/><E35/><V81/><F81/><W72/><G80/><T127/><D127/><U26/><E95/><V13/><F87/><W135/><G120/><T94/><D94/><U52/><E92/><V91/><F91/><W89/><G89/><T78/><D78/><U79/><E88/><V75/><F75/><RYUUKYOKU ba="0,1" sc="299,30,189,-10,137,-10,365,-10" hai0="3,7,10,12,19,22,28,33,37,41,46,132,134" owari="329,12.9,179,-22.1,127,-37.3,365,46.5" /></mjloggm>