<mjloggm ver="2.3"><GO type="225" lobby="0"/><UN n0="%E5%8D%A0%E3%81%84%E5%B8%AB%E8%A3%8F%E3%81%AA%E3%81%84%E3%81%97" n1="%E7%99%BD%E5%80%89%E5%AF%9B%E4%B9%8B" n2="%77%72%77%72%77%72%77%72" n3="%E3%81%A4%E3%81%A3%E3%81%B1%E3%82%8A%E3%83%9D%E3%83%BC%E3%83%AB" dan="17,16,17,17" rate="2171.59,2173.27,2202.92,2128.42" sx="M,M,M,M"/><TAIKYOKU oya="0"/><INIT seed="0,0,0,5,2,79" ten="250,250,250,250" oya="0" hai0="119,92,87,61,93,2,85,124,123,101,105,23,125" hai1="74,96,11,3,70,41,84,97,72,48,6,57,20" hai2="55,13,115,91,112,43,30,83,82,22,35,114,65" hai3="14,102,134,40,77,107,9,108,95,62,10,1,63"/><T50/><D2/><U111/><E70/><V78/><F65/><W120/><G107/><T56/><D119/><U132/><E132/><V88/><F43/><W86/><G134/><T110/><D123/><U135/><E135/><V117/><F117/><W127/><G1/><T130/><D130/><U16/><E111/><V73/><F35/><W12/><G108/><T44/><D110/><U68/><E68/><V34/><F34/><W38/><G40/><T118/><D118/><U126/><E126/><N who="0" m="48745" /><D105/><U8/><E8/><V53/><F91/><N who="3" m="53751" /><G38/><T121/><D121/><U18/><E18/><V71/><F71/><W31/><G102/><T24/><D101/><U51/><E51/><V113/><N who="2" m="28672" /><DORA hai="37" /><V7/><F30/><W100/><G100/><T69/><D93/><U49/><E49/><V66/><F66/><W64/><G64/><N who="0" m="38951" /><D92/><U39/><E39/><V19/><REACH who="2" step="1"/><F7/><REACH who="2" ten="250,250,240,250" step="2"/><W116/><G116/><T67/><D67/><U129/><E6/><V5/><F5/><W59/><G127/><T81/><D69/><U109/><E109/><V80/><F80/><W98/><G120/><T15/><D81/><U17/><E129/><V103/><F103/><W32/><G32/><T33/><D33/><U0/><E0/><V60/><F60/><W36/><G63/><T122/><D122/><U94/><E3/><V4/><F4/><W131/><G62/><T89/><D89/><U47/><E94/><V45/><F45/><W128/><G128/><T58/><D58/><U28/><E57/><V21/><F21/><W106/><G131/><T133/><D133/><U26/><E20/><RYUUKYOKU ba="0,1" sc="250,-10,250,-10,240,30,250,-10" hai2="13,19,22,53,55,73,78,82,83,88" /><INIT seed="1,1,1,0,3,48" ten="240,240,270,240" oya="1" hai0="98,26,66,93,106,44,132,20,19,90,0,73,74" hai1="110,70,8,134,37,127,16,11,29,119,50,95,83" hai2="39,67,79,81,57,125,53,55,128,28,65,32,45" hai3="34,36,109,42,111,62,49,51,124,52,84,17,75"/><U92/><E37/><V116/><F116/><W102/><G75/><T18/><D0/><U121/><E70/><V59/><F128/><W22/><G34/><T7/><D7/><U46/><E119/><V96/><F125/><W80/><G102/><T71/><D132/><U131/><E121/><V99/><F32/><W64/><G124/><T54/><D106/><U122/><E122/><V100/><F28/><W56/><G36/><T13/><D66/><N who="2" m="25098" /><F39/><W27/><G42/><T3/><D3/><U60/><E29/><V105/><F105/><W5/><G5/><T130/><D71/><U107/><E107/><V94/><F99/><W14/><G27/><T63/><D130/><U101/><E127/><V78/><F45/><W114/><G114/><T82/><D82/><U72/><E60/><N who="2" m="35887" /><F81/><W87/><G51/><AGARI ba="1,1" hai="51,55,59,78,79,94,96,100" m="35887,25098" machi="51" ten="30,3900,0" yaku="8,1,52,2" doraHai="48" who="2" fromWho="3" sc="240,0,240,0,270,52,240,-42" /><INIT seed="2,0,0,0,5,67" ten="240,240,322,198" oya="2" hai0="27,70,15,116,41,31,74,29,22,39,5,98,57" hai1="35,92,19,77,18,28,135,86,73,33,3,114,110" hai2="91,48,81,21,36,101,117,58,40,34,123,59,88" hai3="8,131,102,100,13,132,112,124,16,83,115,99,80"/><V63/><F123/><W95/><G132/><T32/><D74/><U71/><E3/><V108/><F34/><W10/><G131/><T126/><D126/><U89/><E114/><V38/><F117/><W43/><G124/><T62/><D116/><U85/><E73/><V75/><F108/><W66/><G43/><T30/><D39/><U87/><E135/><V42/><F101/><W111/><G111/><T78/><D78/><U53/><E71/><V44/><F75/><W134/><G134/><T2/><D41/><U61/><E110/><V51/><F21/><W65/><G102/><T24/><D70/><U9/><E35/><V97/><F97/><W84/><G10/><N who="0" m="2359" /><D57/><N who="1" m="34991" /><E33/><V25/><F25/><N who="0" m="9802" /><D62/><U130/><E28/><N who="0" m="10857" /><D98/><N who="1" m="57615" /><E130/><V107/><F63/><W76/><REACH who="3" step="1"/><G83/><REACH who="3" ten="240,240,322,188" step="2"/><T125/><D125/><U7/><E9/><V4/><F81/><W69/><G69/><T45/><D32/><U105/><E7/><V104/><F4/><W113/><AGARI ba="0,1" hai="8,13,16,65,66,76,80,84,95,99,100,112,113,115" machi="113" ten="30,7900,0" yaku="1,1,0,1,11,1,54,1,53,0" doraHai="67" doraHaiUra="128" who="3" fromWho="3" sc="240,-20,240,-20,322,-39,188,89" /><INIT seed="3,0,0,0,3,27" ten="220,220,283,277" oya="3" hai0="43,88,99,22,90,110,95,70,72,124,69,96,29" hai1="93,2,100,5,118,4,12,51,116,97,78,40,92" hai2="45,6,130,134,14,126,26,112,106,68,71,60,35" hai3="75,13,128,108,32,16,65,107,42,103,17,113,132"/><W122/><G113/><T109/><D72/><U50/><E2/><V46/><F112/><W73/><G122/><T89/><D43/><U48/><E40/><V15/><F106/><W77/><G32/><T131/><D131/><U49/><N who="1" m="12288" /><DORA hai="38" /><U36/><E36/><V24/><F130/><W53/><G65/><T94/><D124/><U21/><E78/><V10/><F126/><W31/><G103/><T86/><D22/><U1/><E93/><N who="0" m="35337" /><D86/><U63/><E63/><V111/><F111/><N who="0" m="42506" /><D29/><U3/><E3/><V7/><F134/><W39/><G31/><T123/><D123/><U85/><E85/><V83/><F83/><W79/><G132/><T44/><D44/><U105/><E105/><V37/><F37/><W121/><G42/><T87/><D87/><U133/><E133/><V33/><F60/><W117/><G39/><T20/><D20/><U61/><E61/><V119/><F10/><N who="3" m="6199" /><G73/><T25/><D25/><U91/><E100/><V127/><F127/><W114/><G75/><T19/><D19/><N who="1" m="10471" /><E1/><V120/><F120/><W129/><G121/><T56/><D56/><U28/><E28/><V82/><F82/><W30/><G30/><T125/><D125/><U59/><E59/><V41/><F41/><W8/><G108/><T23/><D23/><U64/><E64/><V104/><F104/><W0/><G114/><T76/><D76/><U58/><E58/><V84/><F84/><W47/><G129/><T54/><D54/><U9/><E9/><V135/><F135/><W102/><G128/><T62/><D62/><U66/><E66/><V101/><F101/><RYUUKYOKU ba="0,0" sc="220,10,220,10,283,10,277,-30" hai0="69,70,88,89,90,96,99" hai1="4,5,91,92,97,116,118" hai2="6,7,14,15,24,26,33,35,45,46,68,71,119" /><INIT seed="4,1,0,3,5,132" ten="230,230,293,247" oya="0" hai0="88,33,100,106,57,64,110,60,35,107,90,9,6" hai1="30,58,15,18,89,41,134,108,16,98,45,133,111" hai2="70,102,59,124,1,117,85,69,120,11,87,51,93" hai3="99,104,65,78,26,96,20,29,128,81,95,105,49"/><T121/><D121/><U17/><E30/><V72/><F72/><W38/><G38/><T83/><D110/><N who="1" m="42027" /><E58/><V13/><F120/><W77/><G128/><T28/><D83/><U7/><E89/><V14/><F117/><W75/><G78/><T125/><D125/><U86/><E86/><V34/><F124/><W68/><G96/><T53/><D53/><U27/><E98/><V50/><F34/><W8/><G49/><T126/><D126/><U73/><E73/><V63/><F1/><W122/><G122/><T112/><D112/><U21/><E45/><V101/><F11/><W92/><G92/><T42/><D42/><U0/><E41/><V5/><F5/><W130/><G130/><T36/><D36/><U47/><E47/><V25/><F25/><W129/><G8/><T40/><D40/><U62/><E62/><V113/><F113/><W2/><G2/><N who="0" m="215" /><D100/><U54/><E54/><V71/><F71/><W79/><G79/><T115/><D115/><U94/><E94/><V10/><F10/><W37/><G37/><T3/><D3/><U52/><E52/><V67/><F93/><W114/><G114/><T46/><D46/><U103/><E103/><V131/><F131/><W48/><G129/><T31/><D33/><U76/><E76/><V127/><F127/><W22/><G48/><T23/><D35/><U109/><N who="1" m="42035" /><U61/><DORA hai="24" /><E0/><V12/><F51/><W82/><G82/><T84/><D90/><U135/><E61/><V39/><F39/><W123/><G123/><T32/><D32/><U44/><E44/><V119/><F50/><RYUUKYOKU ba="1,0" sc="230,-10,230,30,293,-10,247,-10" hai1="7,15,16,17,18,21,27,133,134,135" /><INIT seed="5,2,0,3,1,113" ten="220,260,283,237" oya="1" hai0="28,103,79,21,56,9,91,8,111,5,40,69,76" hai1="20,36,101,123,117,59,45,7,97,68,55,51,94" hai2="71,35,134,46,129,2,114,127,32,78,11,25,110" hai3="1,80,84,26,15,82,98,41,70,135,72,108,0"/><U67/><E123/><V99/><F110/><W121/><G108/><T92/><D69/><U52/><E117/><V64/><F114/><W107/><G70/><T10/><D111/><U102/><E7/><V106/><F129/><W109/><G109/><T14/><D40/><U58/><E36/><V133/><F127/><W93/><G41/><T23/><D103/><N who="1" m="60855" /><E68/><V60/><F78/><N who="0" m="29738" /><D28/><U50/><E20/><N who="0" m="7753" /><D56/><U128/><E128/><V33/><F46/><W95/><G72/><T47/><D47/><U124/><E124/><V17/><F17/><W85/><G107/><T61/><D61/><AGARI ba="2,0" hai="45,50,51,52,55,58,59,61,67,101,102" m="60855" machi="61" ten="30,2900,0" yaku="8,1,54,1" doraHai="113" who="1" fromWho="0" sc="220,-35,260,35,283,0,237,0" /><INIT seed="5,3,0,2,0,4" ten="185,295,283,237" oya="1" hai0="53,109,62,21,6,27,19,90,98,122,47,94,131" hai1="51,48,1,80,81,67,3,35,119,85,78,46,34" hai2="11,72,36,125,25,9,77,40,133,132,43,37,107" hai3="100,39,118,93,73,79,7,10,54,56,59,110,117"/><U22/><E119/><N who="3" m="45578" /><G39/><N who="2" m="14921" /><F107/><W97/><G110/><T5/><D109/><U12/><E35/><V102/><F102/><W18/><G18/><T88/><D131/><U96/><E34/><V38/><F25/><W70/><G70/><T82/><D122/><U50/><E1/><V24/><F24/><W108/><G108/><T83/><D47/><U32/><E3/><V91/><F91/><W126/><G126/><T75/><D75/><U52/><E32/><V28/><F28/><W113/><G113/><T87/><REACH who="0" step="1"/><D82/><REACH who="0" ten="175,295,283,237" step="2"/><U86/><E81/><N who="2" m="45223" /><F38/><W111/><G111/><T58/><AGARI ba="3,1" hai="5,6,19,21,27,53,58,62,83,87,88,90,94,98" machi="58" ten="30,12000,2" yaku="1,1,0,1,25,2,8,1,54,1,53,0" doraHai="4" doraHaiUra="69" who="0" fromWho="0" sc="175,139,295,-63,283,-33,237,-33" owari="314,41.4,232,-16.8,250,5.0,204,-29.6" /></mjloggm>