<mjloggm ver="2.3"><GO type="225" lobby="0"/><UN n0="%E3%82%B3%E3%83%90%E3%83%AC%E3%82%A4" n1="%E3%83%96%E3%83%83%E3%83%91%E3%82%AA%E3%83%96%E3%83%81%E3%82%AD%E3%83%B3" n2="%E3%81%A4%E3%81%A3%E3%81%B1%E3%82%8A%E3%83%9D%E3%83%BC%E3%83%AB" n3="%E3%81%93%E3%81%9F%E3%82%8D%E3%81%86%E3%81%8F%E3%82%93" dan="16,16,17,16" rate="2152.45,2160.05,2262.05,2062.00" sx="M,M,M,M"/><TAIKYOKU oya="0"/><INIT seed="0,0,0,5,1,121" ten="250,250,250,250" oya="0" hai0="99,112,114,30,52,2,28,100,96,7,109,48,56" hai1="39,118,84,117,135,34,82,5,97,41,47,113,69" hai2="103,26,133,1,122,29,23,106,126,79,129,19,50" hai3="101,90,15,67,55,86,14,85,102,58,70,4,108"/><T110/><D7/><U0/><E69/><V68/><F122/><W124/><G70/><T81/><D2/><U105/><E34/><V10/><F68/><W38/><G38/><T123/><D123/><U80/><E135/><V74/><F133/><W115/><G115/><T17/><D81/><U16/><E113/><V107/><F129/><W63/><G124/><T18/><D100/><U128/><E128/><V40/><F126/><W33/><G33/><T27/><D27/><U119/><E0/><V120/><F103/><W61/><G85/><T9/><D9/><U51/><E5/><V6/><F120/><W64/><G64/><T24/><D24/><U20/><E105/><V22/><F79/><W125/><G125/><T21/><D21/><U73/><E97/><N who="0" m="37449" /><D114/><U43/><E73/><V13/><REACH who="2" step="1"/><F74/><REACH who="2" ten="250,250,240,250" step="2"/><W37/><G101/><T78/><D78/><U62/><E118/><V83/><F83/><W35/><G102/><T31/><D112/><U65/><E82/><V25/><F25/><W8/><G37/><T46/><D46/><AGARI ba="0,1" hai="1,6,10,13,19,22,23,26,29,40,46,50,106,107" machi="46" ten="40,1300,0" yaku="1,1,53,0" doraHai="121" doraHaiUra="88" who="2" fromWho="0" sc="250,-13,250,0,240,23,250,0" /><INIT seed="1,0,0,2,5,120" ten="237,250,263,250" oya="1" hai0="57,79,38,65,13,122,36,1,112,116,119,93,16" hai1="56,109,9,26,2,91,51,29,129,85,71,69,113" hai2="21,86,45,4,32,114,59,46,104,68,84,75,131" hai3="88,127,10,20,33,73,96,27,0,47,92,99,50"/><U110/><E113/><V28/><F68/><W81/><G127/><T77/><D112/><U41/><E129/><V62/><F32/><W89/><G33/><T125/><D1/><U17/><E41/><V87/><F75/><W94/><G0/><T54/><D125/><U118/><E118/><V117/><F117/><W78/><G10/><T49/><D122/><U76/><E76/><V60/><F104/><W102/><G102/><T72/><D119/><U124/><E124/><V44/><F114/><W43/><G27/><T111/><D116/><U103/><E103/><V83/><F131/><W22/><AGARI ba="0,0" hai="20,22,43,47,50,73,78,81,88,89,92,94,96,99" machi="22" ten="30,4000,0" yaku="0,1,9,1,54,1" doraHai="120" who="3" fromWho="3" sc="237,-10,250,-20,263,-10,250,40" /><INIT seed="2,0,0,0,5,114" ten="227,230,253,290" oya="2" hai0="115,87,82,99,107,96,71,14,132,110,62,47,68" hai1="77,10,81,46,98,8,0,65,72,27,6,21,19" hai2="54,121,133,123,131,88,112,120,84,119,34,91,56" hai3="12,37,51,69,18,113,22,13,38,129,11,41,80"/><V16/><F112/><W7/><G113/><T100/><D115/><U135/><E135/><V111/><F34/><W89/><G69/><T126/><D132/><U108/><E108/><V66/><F133/><W43/><G129/><T109/><D126/><U64/><E98/><V117/><F131/><W92/><G80/><T28/><D99/><U32/><E10/><V61/><F111/><N who="0" m="42506" /><D28/><U63/><E63/><V104/><F104/><W57/><G41/><T24/><D24/><U94/><E94/><V106/><F106/><W36/><G36/><T85/><D85/><U83/><E83/><V39/><F39/><W86/><G43/><T78/><D14/><N who="1" m="9463" /><E46/><V1/><F1/><W49/><G49/><T48/><D62/><U4/><E4/><V93/><F16/><W95/><G95/><T29/><D29/><AGARI ba="0,0" hai="0,6,8,27,29,32,64,65,72,77,81" m="9463" machi="29" ten="30,1000,0" yaku="24,1" doraHai="114" who="1" fromWho="0" sc="227,-10,230,10,253,0,290,0" /><INIT seed="3,0,0,3,2,49" ten="217,240,253,290" oya="3" hai0="86,18,34,81,132,123,11,7,91,15,48,63,89" hai1="92,53,31,115,72,3,117,52,95,105,33,24,39" hai2="50,87,64,71,68,122,30,0,84,102,62,5,16" hai3="45,135,106,110,20,82,128,130,35,78,79,73,77"/><W104/><G35/><T55/><D123/><U70/><E115/><V28/><F122/><W12/><G135/><T99/><D132/><U42/><E105/><N who="3" m="40554" /><G45/><T124/><D34/><U19/><E70/><V66/><F102/><W127/><G127/><T114/><D124/><U116/><E72/><V109/><F109/><W26/><G12/><T118/><D114/><U37/><E3/><V65/><F50/><W10/><G10/><T96/><D118/><N who="1" m="45675" /><E19/><V103/><F103/><W131/><G110/><T67/><D7/><U90/><E95/><V85/><F16/><AGARI ba="0,0" hai="16,20,26,73,77,78,79,82,128,130,131" m="40554" machi="16" ten="40,3900,0" yaku="19,1,54,1" doraHai="49" who="3" fromWho="2" sc="217,0,240,0,253,-39,290,39" owari="217,-18.3,240,4.0,214,-28.6,329,42.9" /></mjloggm>