<mjloggm ver="2.3"><GO type="225" lobby="0"/><UN n0="%E9%B7%B9%E5%80%89%E6%9D%8F%E9%88%B4" n1="%6C%61%6D%62" n2="%E6%A1%9C%E8%8A%B1%E9%96%83%E3%80%85" n3="%E6%A1%9C%E6%B2%A2%E5%A2%A8" dan="16,16,16,17" rate="2103.61,2175.13,2136.81,2179.02" sx="F,M,M,F"/><TAIKYOKU oya="0"/><INIT seed="0,0,0,0,0,50" ten="250,250,250,250" oya="0" hai0="112,44,132,74,41,57,15,4,47,1,68,81,133" hai1="60,96,127,18,39,116,7,26,12,25,48,106,114" hai2="36,14,42,93,19,121,120,3,45,66,6,125,38" hai3="49,73,76,91,92,20,87,75,97,54,105,100,104"/><T115/><D68/><U43/><E116/><V107/><F107/><N who="3" m="63887" /><G20/><T77/><D15/><U111/><E111/><V63/><F125/><W58/><G73/><T51/><D57/><U59/><E127/><V5/><F36/><W123/><G123/><T113/><REACH who="0" step="1"/><D47/><REACH who="0" ten="240,250,250,250" step="2"/><U64/><E12/><V29/><F121/><W9/><G9/><AGARI ba="0,1" hai="1,4,9,41,44,51,74,77,81,112,113,115,132,133" machi="9" ten="50,4800,0" yaku="1,1,2,1,53,0" doraHai="50" doraHaiUra="52" who="0" fromWho="3" sc="240,58,250,0,250,0,250,-48" /><INIT seed="0,1,0,3,0,132" ten="298,250,250,202" oya="0" hai0="43,15,18,36,119,114,109,71,107,82,81,123,121" hai1="60,113,111,86,23,90,7,47,102,130,42,118,16" hai2="41,62,59,110,106,122,129,73,44,108,61,52,10" hai3="32,70,67,131,34,98,26,39,9,65,64,63,27"/><T125/><D114/><U46/><E118/><V30/><F106/><W76/><G39/><T31/><D119/><U29/><E111/><N who="2" m="42539" /><F30/><W128/><G76/><T87/><D109/><U80/><E130/><N who="3" m="49706" /><G9/><T4/><D71/><U13/><E113/><V1/><F73/><W66/><G98/><T104/><D31/><U38/><E102/><V37/><F129/><W54/><G54/><T84/><D4/><U96/><E96/><V94/><F94/><W91/><G91/><T56/><D43/><U17/><E29/><V24/><F24/><AGARI ba="1,0" hai="24,26,27,32,34,63,64,65,66,67,70" m="49706" machi="24" ten="30,1000,0" yaku="19,1" doraHai="132" who="3" fromWho="2" sc="298,0,250,0,250,-13,202,13" /><INIT seed="1,0,0,4,0,96" ten="298,250,237,215" oya="1" hai0="94,51,60,53,12,1,62,78,4,98,85,82,74" hai1="101,57,93,25,19,90,27,134,41,118,36,5,2" hai2="135,122,31,20,115,22,106,120,119,13,23,70,44" hai3="128,108,102,130,86,132,42,17,125,7,110,11,76"/><U59/><E118/><V24/><F70/><W83/><G125/><T68/><D1/><U84/><E134/><V114/><F106/><W80/><G42/><T77/><D68/><U81/><E2/><V10/><F44/><W133/><G17/><T99/><D77/><U37/><E5/><N who="2" m="3279" /><F119/><W111/><G11/><N who="0" m="4199" /><D74/><U21/><E36/><V0/><F0/><W109/><G7/><T71/><D71/><U127/><E127/><V9/><F9/><W91/><N who="3" m="27648" /><DORA hai="104" /><W15/><G102/><N who="0" m="60759" /><D99/><N who="1" m="59631" /><E37/><V124/><F135/><N who="3" m="51787" /><G15/><T55/><D55/><U112/><E112/><N who="2" m="43051" /><F124/><W33/><G33/><AGARI ba="0,0" hai="20,22,23,24,31,33,120,122" m="43051,3279" machi="33" ten="30,3900,0" yaku="11,1,34,2" doraHai="96,104" who="2" fromWho="3" sc="298,0,250,0,237,39,215,-39" /><INIT seed="2,0,0,1,4,23" ten="298,250,276,176" oya="2" hai0="0,95,79,105,52,90,112,56,78,96,8,19,12" hai1="132,104,113,34,84,61,69,65,5,85,116,122,124" hai2="102,130,47,53,77,99,71,45,117,38,18,16,15" hai3="28,89,30,109,9,101,87,14,94,27,44,106,1"/><V51/><F117/><W11/><G109/><T26/><D112/><U121/><E116/><V129/><F71/><W6/><G30/><T127/><D127/><U67/><E113/><V119/><F119/><W74/><G74/><T133/><D133/><U7/><E132/><V86/><F77/><W10/><G106/><T125/><D125/><U66/><E124/><V39/><F86/><N who="1" m="33385" /><E104/><V49/><F99/><W82/><G44/><T22/><D0/><U108/><E34/><V46/><F102/><W110/><G110/><T24/><D24/><U40/><E40/><V64/><F64/><N who="1" m="24681" /><E108/><V93/><F93/><W97/><REACH who="3" step="1"/><G1/><REACH who="3" ten="298,250,276,166" step="2"/><T32/><D105/><U115/><E115/><V75/><F75/><W135/><G135/><T37/><D37/><U76/><E76/><V83/><F46/><W21/><AGARI ba="0,1" hai="6,9,10,11,14,21,27,28,82,87,89,94,97,101" machi="21" ten="20,12000,2" yaku="1,1,0,1,7,1,8,1,52,1,53,1" doraHai="23" doraHaiUra="80" who="3" fromWho="3" sc="298,-30,250,-30,276,-60,166,130" /><INIT seed="3,0,0,5,1,33" ten="268,220,216,296" oya="3" hai0="134,113,16,19,70,26,52,135,132,55,67,114,86" hai1="0,29,81,94,48,63,57,120,91,74,40,58,127" hai2="116,102,88,51,46,119,60,61,78,1,12,85,27" hai3="41,103,115,45,15,105,128,98,133,59,56,42,44"/><W69/><G115/><N who="0" m="44043" /><D86/><U124/><E120/><V73/><F1/><W100/><G69/><T107/><D107/><U53/><E29/><V125/><F125/><N who="1" m="48201" /><E0/><V13/><F73/><W24/><G128/><T75/><D75/><U50/><E40/><N who="2" m="25031" /><F119/><W25/><G133/><T62/><D26/><U82/><E74/><V72/><F72/><W111/><G111/><T83/><D83/><N who="1" m="31755" /><E58/><V87/><F116/><W2/><G2/><T118/><D118/><U32/><E32/><V17/><F102/><W104/><G15/><N who="2" m="5705" /><F78/><W84/><G84/><AGARI ba="0,0" hai="48,50,53,57,63,84,91,94" m="31755,48201" machi="84" ten="30,1000,0" yaku="18,1" doraHai="33" who="1" fromWho="3" sc="268,0,220,10,216,0,296,-10" /><INIT seed="4,0,0,4,0,31" ten="268,230,216,286" oya="0" hai0="91,68,88,71,83,7,105,38,108,28,111,103,39" hai1="44,10,1,2,99,16,113,17,41,22,18,46,27" hai2="95,87,23,132,100,19,5,3,63,112,29,6,36" hai3="72,102,75,94,122,86,129,15,8,33,85,76,56"/><T79/><D7/><N who="2" m="2570" /><F36/><N who="0" m="13866" /><D28/><N who="1" m="17527" /><E99/><N who="2" m="59519" /><F3/><N who="1" m="1033" /><E41/><V74/><F74/><W26/><G129/><T62/><D103/><U65/><E65/><V110/><F110/><N who="0" m="42026" /><D105/><U42/><E42/><V24/><F112/><W60/><G122/><T25/><D25/><U20/><E46/><V14/><F132/><W89/><G102/><T49/><D49/><U124/><E44/><V12/><F63/><W135/><G135/><T30/><D30/><U13/><E124/><V130/><F130/><W34/><G26/><T66/><D68/><U118/><E118/><V48/><F48/><W80/><G15/><N who="2" m="5673" /><F87/><AGARI ba="0,0" hai="62,66,71,79,83,87,88,91" m="42026,13866" machi="87" ten="30,2900,0" yaku="10,1,54,1" doraHai="31" who="0" fromWho="2" sc="268,29,230,0,216,-29,286,0" /><INIT seed="4,1,0,3,3,63" ten="297,230,187,286" oya="0" hai0="29,90,41,131,100,62,21,45,103,87,88,18,122" hai1="84,115,16,50,102,110,10,58,2,22,92,80,9" hai2="51,91,66,12,94,78,13,96,124,119,108,56,37" hai3="33,77,30,95,116,70,120,14,125,121,42,69,135"/><T113/><D122/><N who="3" m="47209" /><G116/><T3/><D3/><U86/><E110/><V106/><F108/><W123/><N who="3" m="47217" /><W74/><DORA hai="32" /><G135/><T49/><D113/><U134/><E134/><V57/><F37/><W112/><G112/><T68/><D29/><U44/><E58/><V47/><F119/><W52/><G42/><T19/><D90/><N who="1" m="53319" /><E102/><N who="0" m="38953" /><D68/><U101/><E101/><V53/><F124/><W109/><G109/><T27/><D62/><U17/><E2/><V76/><F106/><W81/><G125/><T132/><D131/><U82/><E17/><V67/><F56/><W93/><G14/><N who="2" m="5737" /><F57/><W79/><G79/><AGARI ba="1,0" hai="47,51,53,66,67,76,78,79,91,94,96" m="5737" machi="79" ten="30,3900,0" yaku="8,1,52,2" doraHai="63,32" who="2" fromWho="3" sc="297,0,230,0,187,42,286,-42" /><INIT seed="5,0,0,3,5,96" ten="297,230,229,244" oya="1" hai0="124,7,54,68,9,81,28,45,63,11,89,122,78" hai1="39,29,118,76,60,88,0,46,103,26,100,43,97" hai2="27,71,50,38,13,69,47,129,102,24,79,84,22" hai3="33,117,85,66,130,49,115,5,30,65,36,95,40"/><U70/><E118/><V91/><F38/><W134/><G36/><T110/><D110/><U75/><E0/><V64/><F129/><W120/><G120/><T34/><D34/><U20/><E75/><V17/><F79/><W52/><G40/><T44/><D28/><U93/><REACH who="1" step="1"/><E76/><REACH who="1" ten="297,220,229,244" step="2"/><V55/><F102/><W21/><G117/><T32/><D78/><U57/><E57/><V123/><F123/><W83/><G130/><T61/><D122/><U15/><E15/><V25/><REACH who="2" step="1"/><F64/><AGARI ba="0,1" hai="20,26,29,39,43,46,60,64,70,88,93,97,100,103" machi="64" ten="40,12000,1" yaku="1,1,52,2,54,1,53,1" doraHai="96" doraHaiUra="94" who="1" fromWho="2" sc="297,0,220,130,229,-120,244,0" owari="297,9.7,350,45.0,109,-39.1,244,-15.6" /></mjloggm>