<mjloggm ver="2.3"><GO type="225" lobby="0"/><UN n0="%33%74%72%65%65" n1="%E3%82%A4%E3%83%BC%E3%82%B1%E3%83%97%E3%83%A9" n2="%E7%B4%94%E6%BD%94%E3%83%94%E3%83%A9%E3%83%8B%E3%82%A2" n3="%E3%83%81%E3%83%A7%E3%83%99%E3%83%83%E3%82%AF" dan="17,17,16,16" rate="2228.24,2206.20,2117.08,2112.91" sx="F,M,M,M"/><TAIKYOKU oya="0"/><INIT seed="0,0,0,5,0,85" ten="250,250,250,250" oya="0" hai0="28,70,122,91,60,94,45,40,105,32,21,48,121" hai1="59,114,16,90,127,133,63,36,47,6,15,116,113" hai2="54,68,66,44,73,100,22,8,71,4,106,135,97" hai3="98,7,42,1,125,80,34,78,99,87,108,126,79"/><T19/><D105/><U31/><E116/><V38/><F73/><W103/><G34/><T20/><D32/><U17/><E133/><V39/><F135/><W53/><G42/><T81/><D81/><U111/><E111/><V51/><F22/><W107/><G7/><T14/><D28/><U13/><E127/><N who="3" m="48650" /><G53/><T128/><D128/><U83/><E31/><V23/><F23/><W118/><G1/><T46/><D21/><U0/><E0/><V93/><F106/><W49/><G49/><T50/><D60/><U2/><E2/><V69/><REACH who="2" step="1"/><F66/><REACH who="2" ten="250,250,240,250" step="2"/><W5/><G118/><T43/><REACH who="0" step="1"/><D70/><REACH who="0" ten="240,250,240,250" step="2"/><U77/><E114/><V25/><F25/><W62/><G107/><T3/><D3/><AGARI ba="0,2" hai="3,4,8,38,39,44,51,54,68,69,71,93,97,100" machi="3" ten="40,2600,0" yaku="1,1,53,1" doraHai="85" doraHaiUra="33" who="2" fromWho="0" sc="240,-26,250,0,240,46,250,0" /><INIT seed="1,0,0,1,2,19" ten="214,250,286,250" oya="1" hai0="113,4,130,118,39,22,28,88,109,115,40,0,126" hai1="63,3,80,46,65,25,33,133,120,135,18,1,68" hai2="60,95,125,67,77,104,98,64,41,72,29,91,50" hai3="56,37,114,17,20,52,11,90,34,85,55,53,48"/><U57/><E120/><V62/><F125/><W15/><G34/><T35/><D118/><U134/><E46/><V59/><F104/><W2/><G37/><T84/><D126/><U51/><E80/><V96/><F72/><W43/><G43/><T132/><D35/><U107/><E107/><V21/><F77/><W54/><G114/><T127/><D127/><U66/><E66/><V75/><F75/><W81/><G2/><T44/><D109/><U27/><E27/><N who="2" m="16623" /><F96/><W100/><G100/><T23/><D28/><N who="1" m="19599" /><E18/><V103/><F91/><W76/><G76/><T117/><D117/><U73/><E73/><V102/><F102/><W6/><G6/><T116/><D116/><U99/><E99/><V49/><F41/><W61/><G11/><N who="0" m="2439" /><D115/><U10/><E10/><V9/><F9/><W123/><G123/><T106/><D106/><U83/><E83/><V87/><F87/><W7/><G7/><T38/><D38/><U94/><E94/><V110/><F110/><W45/><AGARI ba="0,0" hai="15,17,20,45,48,52,53,54,55,56,61,81,85,90" machi="45" ten="20,8000,1" yaku="0,1,7,1,8,1,52,1,54,1" doraHai="19" who="3" fromWho="3" sc="214,-20,250,-40,286,-20,250,80" /><INIT seed="2,0,0,1,5,119" ten="194,210,266,330" oya="2" hai0="55,82,12,21,114,64,94,36,50,76,25,6,65" hai1="108,18,11,71,69,1,23,43,105,42,97,110,13" hai2="37,20,101,49,84,41,54,93,130,95,92,29,28" hai3="30,78,112,10,63,53,39,8,14,132,134,4,126"/><V9/><F130/><W0/><G39/><T102/><D114/><U57/><E57/><V60/><F37/><W26/><G126/><T120/><D36/><U68/><E105/><V40/><F101/><W124/><G124/><T45/><D120/><U61/><E61/><V58/><F9/><W111/><G78/><T125/><D125/><U88/><E97/><V32/><F32/><W99/><G111/><N who="1" m="42538" /><E88/><V133/><F133/><N who="3" m="51307" /><G99/><N who="0" m="59767" /><D82/><U128/><E128/><V72/><F72/><W83/><G83/><T100/><D100/><U115/><E115/><V121/><F121/><W91/><G91/><T38/><D76/><U22/><E1/><V123/><F123/><W24/><G112/><T75/><D75/><U106/><E106/><V2/><F2/><W117/><G117/><T81/><D81/><U116/><E116/><V109/><F84/><W62/><G53/><T31/><D38/><U15/><E23/><V74/><F74/><W52/><G52/><T70/><D70/><N who="1" m="17923" /><U103/><DORA hai="77" /><E103/><V96/><F96/><W27/><G30/><N who="2" m="11881" /><F20/><W5/><AGARI ba="0,0" hai="0,4,5,8,10,14,24,26,27,62,63" m="51307" machi="5" ten="40,1500,0" yaku="20,1" doraHai="119,77" who="3" fromWho="3" sc="194,-4,210,-4,266,-7,330,15" /><INIT seed="3,0,0,4,2,134" ten="190,206,259,345" oya="3" hai0="83,107,44,0,6,80,113,18,4,127,38,82,110" hai1="129,111,19,69,67,79,51,45,96,105,48,135,90" hai2="52,131,100,37,22,71,5,88,104,27,20,49,128" hai3="63,101,116,34,92,120,23,54,118,39,56,85,76"/><W66/><G39/><T68/><D110/><U64/><E135/><V55/><F37/><W58/><G34/><T103/><D113/><U1/><E1/><V7/><F71/><W130/><G130/><N who="2" m="49705" /><F100/><W30/><G120/><T126/><D68/><U32/><E32/><V9/><F104/><W33/><G33/><T70/><D70/><U16/><E90/><V3/><F7/><N who="0" m="2602" /><D0/><U72/><E51/><V65/><F65/><N who="1" m="25161" /><E45/><N who="2" m="27695" /><F55/><W115/><G115/><T98/><D18/><U41/><E19/><V28/><F88/><W122/><G54/><T50/><D38/><U12/><E129/><V24/><F24/><W132/><G132/><T31/><D31/><U14/><E105/><V36/><F36/><W21/><G30/><T29/><D29/><U89/><E69/><V43/><F43/><W26/><G26/><T13/><D13/><U40/><E14/><V73/><F20/><W123/><G21/><T121/><D121/><U75/><E111/><V62/><F62/><W84/><G63/><T74/><D74/><AGARI ba="0,0" hai="3,5,9,22,27,28,73,74" m="27695,49705" machi="74" ten="30,2000,0" yaku="19,1,54,1" doraHai="134" who="2" fromWho="0" sc="190,-20,206,0,259,20,345,0" owari="170,-33.0,206,-19.4,279,7.9,345,44.5" /></mjloggm>