<mjloggm ver="2.3"><GO type="225" lobby="0"/><UN n0="%E3%83%96%E3%83%83%E3%83%91%E3%82%AA%E3%83%96%E3%83%81%E3%82%AD%E3%83%B3" n1="%E5%A4%8F%E9%88%B4%E9%88%B4%E5%A4%8F" n2="%E6%81%A5%E6%99%92%E3%81%97" n3="%E9%B7%B9%E5%80%89%E6%9D%8F%E9%88%B4" dan="16,16,16,16" rate="2113.57,2128.96,2117.79,2084.26" sx="M,F,M,F"/><TAIKYOKU oya="0"/><INIT seed="0,0,0,5,1,99" ten="250,250,250,250" oya="0" hai0="79,127,32,45,59,22,130,119,103,121,12,125,120" hai1="86,55,98,129,42,92,75,133,0,58,96,82,33" hai2="40,31,90,134,93,47,89,61,44,117,78,14,100" hai3="80,6,13,128,112,114,107,81,11,87,73,36,106"/><T110/><D32/><U5/><E33/><V109/><F109/><W64/><G36/><T88/><D119/><U27/><E133/><V1/><F1/><W77/><G64/><T124/><D79/><U25/><E75/><V108/><F108/><W122/><G122/><T21/><D110/><U18/><E42/><V43/><F134/><W67/><G67/><T50/><D130/><U16/><E5/><V135/><F117/><W132/><G132/><T49/><D59/><U118/><E0/><V17/><F78/><W97/><G128/><T41/><D50/><U63/><E129/><V65/><F31/><W34/><G34/><T66/><D66/><U76/><E118/><V113/><F113/><W38/><G38/><T51/><D51/><U15/><E98/><N who="2" m="59471" /><F135/><W37/><G37/><T72/><D72/><U91/><REACH who="1" step="1"/><E18/><REACH who="1" ten="250,240,250,250" step="2"/><V54/><F40/><W48/><G97/><T101/><D120/><U28/><E28/><V3/><F43/><W84/><G73/><T24/><D121/><U7/><E7/><V4/><F4/><W104/><G114/><T62/><D62/><U2/><E2/><V10/><F3/><W85/><G112/><T57/><D41/><U71/><E71/><V131/><F131/><W123/><G123/><T9/><D125/><U115/><E115/><V26/><F17/><W29/><G29/><T46/><D127/><U111/><E111/><V74/><F74/><N who="3" m="43063" /><G48/><T69/><D49/><U94/><E94/><V126/><F126/><W116/><G116/><T60/><D69/><U53/><E53/><V68/><F54/><W95/><G95/><RYUUKYOKU ba="0,1" sc="250,-15,240,15,250,-15,250,15" hai1="15,16,25,27,55,58,63,76,82,86,91,92,96" hai3="6,11,13,81,84,85,87,104,106,107" /><INIT seed="1,1,1,0,3,13" ten="235,255,235,265" oya="1" hai0="20,12,80,102,1,98,30,86,67,10,24,34,122" hai1="21,22,96,31,82,129,37,16,72,127,89,81,25" hai2="75,51,28,52,43,7,94,110,0,135,90,131,41" hai3="58,60,53,57,101,40,108,65,133,50,77,39,17"/><U109/><E127/><V99/><F110/><W32/><G32/><T38/><D122/><U44/><E129/><V4/><F75/><W105/><G77/><T121/><D121/><U59/><E109/><V62/><F131/><W11/><G108/><T111/><D111/><U112/><E112/><V23/><F135/><W92/><G105/><T18/><D38/><U114/><E114/><V128/><F128/><W120/><G120/><T9/><D67/><U74/><E59/><N who="2" m="35175" /><F0/><W125/><G125/><T113/><D1/><U15/><E74/><V91/><F91/><W85/><G133/><T61/><D61/><U63/><E63/><V19/><F28/><W35/><G35/><T70/><D70/><U123/><E72/><V76/><F76/><W73/><G73/><T97/><D97/><U107/><E123/><V71/><F71/><W3/><G3/><T36/><D36/><U78/><E78/><V8/><F8/><W83/><G40/><N who="2" m="15433" /><F51/><W14/><G39/><T84/><D113/><U118/><E118/><V93/><F94/><W124/><G124/><T49/><D49/><U69/><E69/><V5/><F5/><W132/><G132/><T130/><D130/><U106/><E37/><V104/><F104/><N who="1" m="39977" /><E44/><V29/><F29/><W54/><G65/><T47/><D47/><U116/><E116/><V119/><F119/><W79/><G92/><N who="0" m="58695" /><D80/><N who="1" m="30827" /><E89/><V68/><F68/><W66/><G66/><T126/><D126/><U134/><E134/><V115/><F115/><W88/><G79/><T45/><D45/><U42/><E42/><V100/><F100/><AGARI ba="1,1" hai="11,14,17,50,53,54,57,58,60,83,85,88,100,101" machi="100" ten="40,5200,0" yaku="8,1,52,1,54,1" doraHai="13" who="3" fromWho="2" sc="235,0,255,0,235,-55,265,65" /><INIT seed="2,0,0,0,3,26" ten="235,255,180,330" oya="2" hai0="114,8,64,118,36,102,133,32,21,25,84,56,37" hai1="72,55,101,63,42,62,60,129,1,47,112,128,135" hai2="91,78,110,99,132,131,58,7,18,96,5,28,115" hai3="19,90,74,97,71,111,103,15,27,82,85,14,17"/><V107/><F115/><W30/><G71/><T13/><D114/><U120/><E72/><V52/><F131/><N who="1" m="50249" /><E1/><V34/><F78/><W31/><G74/><T80/><D32/><U119/><E112/><V86/><F132/><W9/><G27/><T108/><D102/><U69/><E101/><V39/><F39/><W73/><G73/><T109/><D133/><U77/><E77/><V16/><F34/><W122/><G111/><N who="0" m="42571" /><D118/><U100/><E100/><V10/><F110/><W12/><G12/><T3/><D3/><U93/><E93/><N who="2" m="54519" /><F107/><W50/><G50/><T105/><D56/><N who="1" m="34847" /><E69/><V83/><F83/><W113/><G113/><T0/><D64/><U45/><E135/><V57/><F57/><W23/><G122/><T124/><D105/><AGARI ba="0,0" hai="9,14,15,17,19,23,30,31,82,85,90,97,103,105" machi="105" ten="30,3900,0" yaku="7,1,52,2" doraHai="26" who="3" fromWho="0" sc="235,-39,255,0,180,0,330,39" /><INIT seed="3,0,0,3,4,94" ten="196,255,180,369" oya="3" hai0="120,54,45,61,126,53,89,77,85,5,46,59,16" hai1="67,70,14,88,47,131,115,73,129,80,75,2,3" hai2="34,79,33,49,13,91,119,130,28,93,18,99,50" hai3="60,38,71,117,15,30,52,9,106,11,43,118,21"/><W95/><G106/><T82/><D126/><U101/><E115/><V124/><F119/><W90/><G43/><T127/><D120/><U58/><E70/><V110/><F124/><W84/><G38/><T113/><D127/><U108/><E108/><V68/><F68/><W39/><G39/><T107/><D113/><U19/><E101/><V114/><F114/><W104/><G104/><T86/><D107/><U12/><E47/><V6/><F110/><W64/><G52/><T31/><D31/><U51/><E12/><V62/><F130/><W122/><G122/><T121/><D121/><U20/><E73/><V22/><F6/><W72/><G72/><T29/><D29/><U97/><E75/><V32/><F28/><W112/><G112/><T56/><D16/><U26/><E14/><V10/><F10/><W74/><G9/><T42/><D5/><U133/><E133/><V35/><N who="2" m="8192" /><DORA hai="36" /><V100/><F79/><W0/><G74/><T41/><D46/><U87/><E2/><V23/><F23/><W83/><G0/><T40/><D45/><U123/><E3/><V109/><F109/><W1/><G1/><T63/><D42/><U57/><E123/><V48/><REACH who="2" step="1"/><F62/><REACH who="2" ten="196,255,170,369" step="2"/><W125/><G125/><T8/><REACH who="0" step="1"/><D8/><REACH who="0" ten="186,255,170,369" step="2"/><U65/><E131/><V55/><F55/><W103/><G11/><T111/><D111/><U81/><E129/><V27/><F27/><W7/><G7/><T134/><D134/><U102/><E26/><V116/><F116/><W135/><G135/><T25/><D25/><U37/><E20/><V132/><F132/><W44/><G118/><RYUUKYOKU ba="0,2" sc="186,15,255,-15,170,15,369,-15" hai0="40,41,53,54,56,59,61,63,77,82,85,86,89" hai2="13,18,22,48,49,50,91,93,99,100" owari="201,-19.9,240,4.0,185,-31.5,374,47.4" /></mjloggm>