<mjloggm ver="2.3"><GO type="225" lobby="0"/><UN n0="%E4%BB%A5%E5%A5%B3%E7%A5%9E%E4%B9%8B%E5%90%8D%E8%A8%B1%E9%A1%98" n1="%E3%83%96%E3%83%83%E3%83%91%E3%82%AA%E3%83%96%E3%83%81%E3%82%AD%E3%83%B3" n2="%E3%81%BF%E3%81%BF%E3%81%9A" n3="%77%72%77%72%77%72%77%72" dan="16,16,17,17" rate="2030.41,2217.26,2174.76,2122.53" sx="M,M,M,M"/><TAIKYOKU oya="0"/><INIT seed="0,0,0,0,5,109" ten="250,250,250,250" oya="0" hai0="121,33,118,6,77,25,68,48,18,113,29,86,92" hai1="30,103,66,97,74,56,35,110,0,84,2,31,73" hai2="38,52,14,72,64,44,126,42,39,51,119,46,11" hai3="54,40,81,91,98,120,19,131,62,22,83,107,50"/><T27/><D68/><U116/><E110/><V114/><F114/><W111/><G111/><T63/><D118/><U28/><E116/><V3/><F119/><W78/><G131/><T135/><D121/><U82/><E35/><V94/><F126/><W70/><G120/><T89/><D135/><U79/><E66/><V124/><F124/><W32/><G32/><T15/><D113/><U57/><E57/><V49/><F3/><W61/><G40/><T80/><D6/><U132/><E56/><V59/><F59/><W134/><G134/><T102/><D102/><U21/><E21/><V67/><F72/><W129/><G129/><T55/><D63/><N who="3" m="24073" /><G107/><T112/><D112/><U47/><E132/><V127/><F127/><W23/><G23/><N who="0" m="11743" /><D29/><U101/><E101/><V45/><F94/><N who="3" m="56671" /><G78/><T41/><D41/><U36/><E36/><V85/><F85/><W37/><G37/><T108/><D33/><U104/><REACH who="1" step="1"/><E47/><REACH who="1" ten="250,240,250,250" step="2"/><N who="2" m="17995" /><F38/><W60/><G70/><T71/><D71/><U1/><AGARI ba="0,1" hai="0,1,2,28,30,31,73,74,79,82,84,97,103,104" machi="1" ten="40,5200,0" yaku="1,1,0,1,53,1" doraHai="109" doraHaiUra="76" who="1" fromWho="1" sc="250,-26,240,62,250,-13,250,-13" /><INIT seed="1,0,0,5,4,129" ten="224,302,237,237" oya="1" hai0="9,133,42,84,116,56,117,64,104,61,40,5,60" hai1="93,132,131,92,80,62,23,69,82,55,12,120,10" hai2="18,44,110,4,77,24,70,135,48,0,99,37,115" hai3="53,8,22,114,118,134,21,35,47,123,105,31,72"/><U57/><E120/><V39/><F70/><W25/><G123/><T94/><D104/><U54/><E131/><V14/><F110/><W101/><G114/><T78/><D133/><U102/><E69/><V121/><F121/><W125/><G72/><T27/><D27/><U108/><E108/><V16/><F115/><W113/><G113/><T36/><D36/><U33/><E33/><V67/><F67/><W81/><G134/><T66/><D116/><U3/><E132/><V119/><F135/><W126/><G118/><T29/><D29/><U46/><E3/><V49/><F119/><W95/><G81/><N who="1" m="31338" /><E23/><N who="2" m="13415" /><F0/><W127/><G105/><T111/><D111/><U89/><E102/><V112/><F112/><W30/><G8/><T20/><D117/><U13/><E13/><V109/><F109/><W26/><G35/><T51/><D20/><U43/><E43/><V98/><F37/><W45/><REACH who="3" step="1"/><G53/><REACH who="3" ten="224,302,237,227" step="2"/><T68/><D9/><U65/><E55/><N who="2" m="30087" /><F77/><W106/><G106/><T128/><D78/><U34/><E34/><V75/><F75/><W85/><G85/><T87/><D87/><U7/><E54/><V91/><F4/><W76/><G76/><T103/><D5/><U32/><E32/><V107/><F107/><W130/><G130/><T88/><D128/><U58/><E7/><V73/><F73/><W11/><G11/><T50/><D103/><U2/><E10/><N who="2" m="6487" /><F91/><W90/><G90/><T41/><AGARI ba="0,1" hai="40,41,42,50,51,56,60,61,64,66,68,84,88,94" machi="41" ten="30,2000,0" yaku="0,1,54,1" doraHai="129" who="0" fromWho="0" sc="224,30,302,-10,237,-5,227,-5" /><INIT seed="2,0,0,3,1,101" ten="254,292,232,222" oya="2" hai0="102,65,30,57,71,93,33,131,72,132,125,38,133" hai1="129,68,94,15,82,115,84,50,126,12,90,108,134" hai2="18,99,58,104,92,25,103,66,86,135,1,28,23" hai3="8,45,0,40,11,91,80,55,77,123,97,7,69"/><V116/><F116/><W124/><G124/><T120/><D120/><U10/><E115/><V3/><F135/><N who="0" m="51786" /><D38/><U36/><E36/><V109/><F109/><W35/><G35/><T121/><D121/><U83/><E108/><V88/><F66/><W51/><G123/><T44/><D72/><U14/><E126/><V89/><F58/><W63/><G11/><T17/><D125/><U59/><E134/><V52/><F52/><W105/><G91/><T29/><D71/><U76/><E68/><V31/><REACH who="2" step="1"/><F89/><REACH who="2" ten="254,292,222,222" step="2"/><W110/><G110/><T61/><D44/><U79/><E59/><V54/><F54/><W122/><G122/><T119/><D119/><U41/><E90/><V6/><F6/><W20/><G69/><T98/><D131/><U4/><E129/><V53/><F53/><W5/><G63/><T74/><D57/><U95/><E4/><V48/><F48/><W81/><G7/><T62/><D65/><U27/><E50/><V37/><F37/><W85/><G55/><T60/><D74/><U39/><E39/><V64/><F64/><W114/><G114/><T106/><D60/><U78/><E41/><V46/><F46/><W70/><G70/><T87/><D61/><U127/><E127/><V100/><F100/><N who="3" m="62607" /><G51/><T22/><D62/><U47/><E47/><V130/><F130/><W112/><G112/><T34/><D102/><U107/><E79/><V16/><F16/><W24/><G45/><T13/><D17/><U42/><E76/><V67/><F67/><W111/><G111/><T49/><D49/><U73/><E78/><V9/><F9/><RYUUKYOKU ba="0,1" sc="254,-10,292,-10,222,30,222,-10" hai2="1,3,18,23,25,28,31,86,88,92,99,103,104" /><INIT seed="2,1,1,5,0,55" ten="244,282,252,212" oya="2" hai0="90,66,35,52,13,4,59,117,71,6,2,67,114" hai1="88,123,96,19,53,8,79,100,31,47,74,69,14" hai2="22,54,109,58,115,93,26,49,126,99,29,33,68" hai3="78,130,129,105,82,15,70,91,61,28,37,73,131"/><V76/><F115/><W27/><G37/><T20/><D35/><U23/><E123/><V124/><F109/><W43/><G43/><T85/><D114/><U101/><E69/><V108/><F108/><W1/><G1/><T120/><D120/><U21/><E74/><V63/><F76/><W40/><G40/><T32/><D32/><U118/><E79/><V133/><F133/><W3/><G3/><T24/><D2/><U125/><E125/><N who="2" m="48235" /><F33/><N who="3" m="20639" /><G15/><T80/><D71/><U36/><E118/><V127/><N who="2" m="48243" /><V10/><DORA hai="42" /><F10/><W16/><G105/><T46/><D46/><U98/><E36/><V44/><F68/><W104/><G104/><T122/><D122/><U0/><E0/><V17/><F29/><W84/><G16/><N who="0" m="12295" /><D117/><U50/><E8/><V94/><F99/><N who="1" m="37929" /><E88/><V121/><F121/><W87/><G91/><T56/><D6/><U7/><E7/><V38/><F38/><W39/><G39/><T65/><D52/><AGARI ba="1,1" hai="17,22,26,44,49,52,54,58,63,93,94" m="48243" machi="52" ten="40,12000,1" yaku="18,1,52,2,54,1" doraHai="55,42" who="2" fromWho="0" sc="244,-123,282,0,252,133,212,0" /><INIT seed="2,2,0,0,5,85" ten="121,282,385,212" oya="2" hai0="27,0,82,56,18,64,104,109,118,101,55,107,89" hai1="95,2,16,9,12,50,111,53,25,5,99,91,79" hai2="62,28,37,102,71,96,68,114,77,121,123,1,61" hai3="22,73,45,110,75,33,42,10,54,84,44,41,14"/><V86/><F114/><W32/><G110/><T128/><D0/><U122/><E111/><V135/><F37/><W83/><G22/><T30/><D118/><U52/><E122/><V13/><F1/><W134/><G54/><T81/><D109/><U113/><E113/><V78/><F28/><W23/><G23/><T46/><D128/><U21/><E79/><V119/><F119/><W66/><G66/><T59/><D18/><U3/><REACH who="1" step="1"/><E53/><REACH who="1" ten="121,272,385,212" step="2"/><V130/><F77/><W11/><G134/><T94/><D64/><U93/><E93/><V133/><F78/><W34/><G83/><T120/><D120/><U31/><E31/><V65/><F121/><W24/><G75/><T51/><D107/><U97/><E97/><V43/><F123/><W106/><G73/><T87/><D104/><U69/><E69/><V57/><F96/><W116/><G106/><T47/><D101/><U127/><E127/><V7/><F102/><W129/><G116/><T126/><D126/><U35/><E35/><V29/><F29/><W98/><G98/><T20/><REACH who="0" step="1"/><D59/><AGARI ba="2,1" hai="2,3,5,9,12,16,21,25,50,52,59,91,95,99" machi="59" ten="30,8000,1" yaku="1,1,7,1,52,1,54,2,53,0" doraHai="85" doraHaiUra="103" who="1" fromWho="0" sc="121,-86,272,96,385,0,212,0" /><INIT seed="3,0,0,5,2,109" ten="35,368,385,212" oya="3" hai0="37,99,12,14,116,84,125,67,98,49,50,28,0" hai1="20,45,77,40,52,103,72,118,23,88,76,93,41" hai2="71,101,73,25,80,75,34,43,54,7,131,8,106" hai3="15,64,55,57,46,42,11,111,29,117,60,69,51"/><W82/><G117/><T19/><D19/><U130/><E118/><V92/><F92/><W120/><G120/><T48/><D28/><U128/><E103/><V63/><F43/><N who="1" m="16457" /><E72/><V16/><F16/><W105/><G105/><T17/><D17/><U68/><E68/><V74/><F54/><W9/><G111/><T124/><D67/><U81/><E81/><V33/><F80/><W30/><G82/><T61/><D116/><U10/><E10/><V22/><F22/><N who="1" m="8233" /><E130/><V3/><F25/><W44/><G44/><T21/><D21/><U5/><E5/><V87/><F87/><W26/><G26/><T32/><D84/><N who="1" m="52359" /><E128/><V122/><F122/><W53/><G53/><T91/><D91/><U119/><E119/><V65/><F131/><W94/><G94/><T100/><D100/><U102/><E102/><V115/><F115/><W24/><G24/><T39/><D61/><U4/><E4/><V83/><F83/><W85/><G85/><T132/><D32/><U129/><E129/><V78/><F78/><W134/><G134/><T113/><D0/><U66/><E66/><V127/><F127/><W96/><G96/><AGARI ba="0,0" hai="3,7,8,33,34,63,65,71,73,74,75,96,101,106" machi="96" ten="40,5200,0" yaku="33,3" doraHai="109" who="2" fromWho="3" sc="35,0,368,0,385,52,212,-52" owari="35,-46.5,368,16.8,437,53.7,160,-24.0" /></mjloggm>