<mjloggm ver="2.3"><GO type="225" lobby="0"/><UN n0="%E3%83%8F%E3%82%A4%E3%83%91%E3%83%BC%E3%83%84%E3%83%8A%E7%BC%B6" n1="%E3%83%A9%E3%82%A4%E3%83%B3%E3%81%AE%E8%99%8E" n2="%E3%81%A4%E3%81%A3%E3%81%B1%E3%82%8A%E3%83%9D%E3%83%BC%E3%83%AB" n3="%E9%A6%AC%E5%BC%95%E7%81%AB%33" dan="16,16,17,16" rate="2083.61,2142.40,2115.16,2140.57" sx="M,M,M,M"/><TAIKYOKU oya="0"/><INIT seed="0,0,0,5,5,29" ten="250,250,250,250" oya="0" hai0="116,60,52,49,70,115,19,105,118,15,89,76,62" hai1="38,126,18,113,91,37,65,4,3,45,129,12,47" hai2="103,112,5,92,124,61,102,75,135,128,58,101,127" hai3="133,132,1,104,80,10,67,17,117,123,36,122,42"/><T8/><D115/><U35/><E113/><V50/><F112/><W85/><G117/><T27/><D76/><U55/><E65/><V41/><F75/><W16/><G104/><T134/><D134/><N who="3" m="51817" /><G67/><T69/><D105/><U53/><E91/><V34/><F135/><W14/><G1/><T81/><D70/><U39/><E126/><N who="2" m="48171" /><F5/><N who="3" m="3407" /><G42/><T130/><D130/><U13/><E129/><V119/><F128/><W95/><G95/><T74/><D27/><U73/><E73/><V33/><F92/><W121/><G36/><T79/><D62/><U94/><E94/><V96/><F96/><W24/><G24/><T86/><D60/><U66/><E66/><N who="2" m="39223" /><F119/><W22/><G22/><T78/><D69/><U107/><E107/><V108/><F108/><W56/><G56/><T84/><D74/><U32/><E38/><V11/><F11/><W114/><G114/><T51/><D51/><U0/><E4/><V26/><F26/><W21/><G21/><T87/><D118/><U82/><REACH who="1" step="1"/><E18/><REACH who="1" ten="250,240,250,250" step="2"/><V64/><F64/><W43/><G43/><T40/><D40/><U93/><E93/><V77/><F41/><W30/><G30/><T110/><D116/><U98/><E98/><V48/><F102/><W109/><G109/><T44/><D110/><U46/><E46/><V9/><F103/><W72/><G72/><T88/><D86/><U125/><E125/><V131/><F101/><W99/><G99/><T100/><D100/><U54/><E54/><V68/><F131/><W20/><G20/><T90/><D90/><AGARI ba="0,1" hai="16,17,80,85,90,121,122,123" m="3407,51817" machi="90" ten="40,5200,0" yaku="13,1,20,1,54,1" doraHai="29" who="3" fromWho="0" sc="250,-52,240,0,250,0,250,62" /><INIT seed="1,0,0,1,3,110" ten="198,240,250,312" oya="1" hai0="56,84,24,61,30,41,78,48,72,103,134,130,123" hai1="111,91,1,57,35,70,67,4,85,15,80,120,92" hai2="5,132,79,128,69,18,75,31,38,100,98,122,58" hai3="62,16,25,51,40,131,27,73,32,76,21,0,42"/><U10/><E120/><V119/><F122/><W96/><G0/><T50/><D72/><U105/><E105/><V113/><F69/><W108/><G108/><T71/><D71/><U55/><E111/><V60/><F38/><W90/><G131/><T95/><D123/><U112/><E35/><V39/><F39/><W87/><G96/><N who="0" m="59807" /><D134/><U99/><E1/><V107/><F132/><W34/><G73/><T17/><D130/><U117/><E117/><V94/><F128/><W106/><G76/><T28/><D41/><U9/><E9/><V14/><F31/><W109/><G106/><T133/><D133/><U46/><E46/><V44/><F44/><W63/><G25/><T77/><D17/><U13/><E13/><V118/><F5/><W104/><G104/><T37/><D37/><U2/><E2/><V23/><F113/><W97/><G97/><T83/><D78/><U135/><E135/><V7/><F7/><W68/><G109/><T129/><D129/><U93/><E112/><V124/><F124/><W19/><G19/><T26/><D26/><U64/><E70/><V47/><F107/><W116/><G116/><T59/><D59/><U6/><E6/><V74/><F47/><N who="3" m="26087" /><G42/><T52/><D30/><U82/><E93/><V12/><F74/><W54/><G68/><T115/><D115/><U11/><E11/><N who="2" m="6431" /><F79/><W43/><G43/><T36/><D36/><U114/><E114/><V22/><F75/><W89/><G54/><T121/><D121/><U29/><E4/><V49/><F118/><W101/><G101/><T65/><D52/><U3/><E55/><RYUUKYOKU ba="0,0" sc="198,30,240,-10,250,-10,312,-10" hai0="24,28,48,50,56,61,65,77,83,84" /><INIT seed="2,1,0,2,2,33" ten="228,230,240,302" oya="2" hai0="37,106,29,68,120,16,6,70,19,114,22,108,126" hai1="124,73,21,35,45,25,133,71,57,60,51,41,23" hai2="119,75,58,55,132,54,94,8,46,49,95,59,79" hai3="64,26,100,5,117,87,4,90,38,83,9,81,125"/><V92/><F119/><W113/><G117/><T89/><D120/><U47/><E73/><V20/><F132/><W127/><G38/><T110/><D114/><U10/><E133/><V109/><F109/><N who="0" m="42090" /><D37/><U17/><E124/><N who="3" m="47690" /><G113/><T28/><D126/><U65/><E35/><V99/><F75/><W134/><G134/><T56/><D106/><U7/><E71/><N who="0" m="27177" /><D6/><N who="3" m="2665" /><G64/><T135/><D135/><U96/><E96/><V121/><F79/><W102/><G9/><T104/><D104/><U62/><E62/><N who="2" m="36183" /><F8/><W80/><G26/><N who="0" m="14663" /><D19/><U88/><E47/><V128/><F121/><W0/><G0/><T13/><D13/><N who="1" m="5343" /><E21/><V42/><F20/><W52/><G52/><T67/><D89/><AGARI ba="1,0" hai="17,23,25,41,45,51,57,60,65,88,89" m="5343" machi="89" ten="30,2000,0" yaku="8,1,54,1" doraHai="33" who="1" fromWho="0" sc="228,-23,230,23,240,0,302,0" /><INIT seed="3,0,0,0,2,37" ten="205,253,240,302" oya="3" hai0="109,16,65,4,134,87,70,128,54,68,30,53,40" hai1="2,92,79,131,98,32,35,129,9,72,112,62,93" hai2="122,135,52,29,101,47,56,45,91,24,81,28,115" hai3="21,113,60,90,31,51,43,95,75,67,110,126,18"/><W44/><G113/><T3/><D109/><U27/><E112/><V103/><F115/><W78/><G31/><N who="2" m="11849" /><F24/><W15/><G110/><T80/><D128/><U96/><E27/><V120/><F135/><W124/><G78/><T108/><D108/><U77/><E62/><N who="2" m="36103" /><F91/><W0/><G75/><T6/><D134/><U39/><E39/><V104/><F81/><W48/><G48/><T10/><D30/><U34/><E72/><V14/><F14/><W127/><G0/><T50/><D6/><U71/><E71/><V61/><F61/><W33/><G33/><T36/><D36/><U107/><E107/><V23/><F23/><W8/><G21/><T84/><D84/><U19/><E2/><V125/><F125/><W133/><G133/><T12/><D65/><U132/><E132/><V66/><F66/><W7/><G7/><T5/><D5/><U20/><E32/><V69/><F69/><N who="3" m="42215" /><G90/><T22/><D54/><U118/><E118/><V42/><F47/><W73/><G73/><T38/><D38/><U64/><E64/><V86/><F86/><W74/><G74/><T63/><D63/><U25/><E20/><V121/><F104/><W76/><G76/><T99/><D99/><U55/><E25/><V116/><F116/><W83/><G83/><T89/><REACH who="0" step="1"/><D40/><REACH who="0" ten="195,253,240,302" step="2"/><U106/><E129/><V94/><F94/><AGARI ba="0,1" hai="8,15,18,43,44,51,94,95,124,126,127" m="42215" machi="94" ten="30,2900,0" yaku="18,1,52,1" doraHai="37" who="3" fromWho="2" sc="195,0,253,0,240,-29,302,39" owari="195,-30.5,253,5.3,211,-18.9,341,44.1" /></mjloggm>