<mjloggm ver="2.3"><GO type="225" lobby="0"/><UN n0="%E3%81%A0%E3%81%8A" n1="%E5%91%A8%E6%9D%B1" n2="%77%72%77%72%77%72%77%72" n3="%E7%99%BD%E5%80%89%E5%AF%9B%E4%B9%8B" dan="17,17,17,16" rate="2078.77,2160.76,2200.48,2167.83" sx="M,M,M,M"/><TAIKYOKU oya="0"/><INIT seed="0,0,0,3,2,42" ten="250,250,250,250" oya="0" hai0="112,6,72,23,51,56,10,125,17,132,73,119,19" hai1="111,120,28,12,50,59,1,109,88,41,52,122,57" hai2="46,99,27,30,67,129,13,131,47,64,38,128,117" hai3="20,135,134,65,95,70,86,26,105,81,68,100,133"/><T77/><D112/><U37/><E1/><V43/><F117/><W80/><G105/><T84/><D119/><U82/><E28/><V116/><F116/><W35/><G35/><T7/><D125/><U36/><E12/><V76/><F76/><W18/><G65/><T94/><D132/><U85/><E59/><V40/><F13/><W15/><G15/><T22/><D77/><U60/><E50/><N who="2" m="26951" /><F99/><N who="3" m="59519" /><G81/><T44/><D56/><U32/><E32/><AGARI ba="0,0" hai="27,30,32,38,43,47,64,67,128,129,131" m="26951" machi="32" ten="30,3900,0" yaku="19,1,52,2" doraHai="42" who="2" fromWho="1" sc="250,0,250,-39,250,39,250,0" /><INIT seed="1,0,0,4,4,83" ten="250,211,289,250" oya="1" hai0="124,36,91,32,59,76,46,112,96,22,13,126,87" hai1="16,92,120,39,58,31,61,17,29,85,109,47,40" hai2="104,34,108,94,81,60,20,0,21,2,45,48,57" hai3="55,37,123,105,41,1,84,89,99,117,3,65,53"/><U90/><E109/><V27/><F104/><W114/><G123/><T101/><D32/><U62/><E120/><V50/><F108/><W30/><G114/><T113/><D76/><U49/><E39/><V86/><F94/><W128/><G128/><T130/><D130/><U129/><E129/><V98/><F98/><W66/><G30/><N who="1" m="11274" /><E62/><V19/><F34/><W11/><G117/><T52/><D46/><U102/><E102/><V131/><F131/><W77/><G77/><T95/><D36/><U42/><E42/><V18/><F2/><W6/><G1/><T110/><D110/><U25/><E25/><N who="2" m="14487" /><F45/><W35/><G35/><T111/><D111/><U78/><E78/><N who="2" m="46391" /><F0/><W7/><G7/><T56/><D124/><U28/><N who="1" m="11282" /><U132/><DORA hai="121" /><E132/><V106/><F106/><W14/><G3/><T82/><D126/><U97/><E97/><V43/><F43/><W118/><G41/><T63/><REACH who="0" step="1"/><D59/><REACH who="0" ten="240,211,289,250" step="2"/><U54/><AGARI ba="0,1" hai="16,17,40,47,49,54,58,61,85,90,92" m="11282" machi="54" ten="30,6000,0" yaku="8,1,52,1,54,1" doraHai="83,121" who="1" fromWho="1" sc="240,-20,211,70,289,-20,250,-20" /><INIT seed="1,1,0,0,3,47" ten="220,281,269,230" oya="1" hai0="65,53,101,98,38,79,112,1,116,127,73,105,126" hai1="74,31,77,34,93,132,61,32,17,28,4,55,128" hai2="111,134,113,52,49,5,124,43,16,33,91,89,72" hai3="51,8,0,125,9,59,109,95,81,37,130,36,44"/><U70/><E128/><V76/><F33/><W94/><G130/><T110/><D112/><U11/><E132/><V67/><F134/><W96/><G109/><T12/><D1/><U14/><E74/><V22/><F111/><W62/><G81/><T87/><D110/><U80/><E93/><V50/><F113/><W3/><G125/><T41/><D65/><U75/><E17/><V129/><F129/><W135/><G135/><T20/><D73/><U131/><E131/><V90/><F124/><W18/><G18/><T21/><D41/><U46/><E70/><V92/><F5/><W97/><G44/><T39/><D39/><U56/><REACH who="1" step="1"/><E46/><REACH who="1" ten="220,271,269,230" step="2"/><N who="2" m="25823" /><F72/><W86/><G95/><T64/><D126/><U63/><E63/><V82/><F67/><W40/><G94/><T6/><D64/><U118/><E118/><V107/><F107/><W27/><G62/><T122/><D105/><U117/><E117/><V25/><F82/><W58/><G86/><T10/><D87/><U30/><AGARI ba="1,1" hai="4,11,14,28,30,31,32,34,55,56,61,75,77,80" machi="30" ten="30,6000,0" yaku="1,1,0,1,53,1" doraHai="47" doraHaiUra="106" who="1" fromWho="1" sc="220,-21,271,73,269,-21,230,-21" /><INIT seed="1,2,0,4,1,91" ten="199,344,248,209" oya="1" hai0="6,80,60,127,23,10,123,92,121,52,17,35,33" hai1="18,28,70,13,58,116,113,57,128,16,29,24,40" hai2="46,25,50,117,94,108,88,104,120,106,51,39,61" hai3="84,5,30,15,2,22,67,93,71,111,101,44,107"/><U97/><E70/><V65/><F117/><W34/><G111/><T79/><D127/><U98/><E113/><V129/><F120/><N who="0" m="46154" /><D92/><U112/><E112/><V49/><F108/><W96/><G44/><T27/><D60/><U11/><E116/><V109/><F109/><W32/><G2/><N who="0" m="343" /><D52/><U64/><E40/><V100/><F100/><W102/><G67/><T130/><D130/><U122/><E128/><V87/><F25/><W41/><G41/><T119/><D119/><U9/><E122/><V85/><F129/><W0/><G71/><T36/><D36/><U78/><E24/><V53/><F39/><W89/><G102/><T47/><D47/><U103/><E103/><V31/><F31/><W118/><G118/><T38/><D38/><U126/><E126/><V99/><F106/><W8/><REACH who="3" step="1"/><G30/><REACH who="3" ten="199,344,248,199" step="2"/><T114/><D114/><U54/><E64/><V105/><F105/><W69/><G69/><T133/><D133/><U77/><E54/><V95/><F104/><W90/><G90/><T86/><AGARI ba="2,1" hai="17,23,27,33,35,79,80,86" m="343,46154" machi="86" ten="30,1100,0" yaku="13,1" doraHai="91" who="0" fromWho="0" sc="199,27,344,-7,248,-5,199,-5" /><INIT seed="2,0,0,4,0,128" ten="226,337,243,194" oya="2" hai0="84,78,110,65,16,72,43,48,79,6,22,50,63" hai1="40,7,57,15,132,83,131,55,75,38,101,85,97" hai2="112,76,32,41,109,122,96,90,82,49,26,94,67" hai3="73,125,61,104,58,66,19,36,2,34,134,31,54"/><V10/><F112/><W81/><G104/><T46/><D72/><U68/><E68/><V37/><F122/><W11/><G125/><T20/><D110/><U18/><E131/><V23/><F109/><W87/><G73/><T69/><D6/><U118/><E75/><V93/><F37/><W17/><G36/><T60/><D60/><U92/><E118/><V44/><F32/><W52/><G134/><T51/><D22/><U102/><E132/><V64/><F10/><W123/><G123/><T35/><D35/><U86/><E7/><V25/><F25/><W8/><G34/><T124/><D124/><U89/><E38/><V95/><F76/><W119/><G31/><T80/><REACH who="0" step="1"/><D78/><REACH who="0" ten="216,337,243,194" step="2"/><U126/><E126/><V27/><F23/><W28/><G119/><T24/><AGARI ba="0,1" hai="16,20,24,43,46,48,50,51,63,65,69,79,80,84" machi="24" ten="20,8000,1" yaku="1,1,2,1,0,1,7,1,54,1,53,0" doraHai="128" doraHaiUra="88" who="0" fromWho="0" sc="216,90,337,-20,243,-40,194,-20" /><INIT seed="3,0,0,1,0,74" ten="306,317,203,174" oya="3" hai0="99,116,40,112,23,72,127,59,77,126,68,73,64" hai1="82,48,123,20,43,67,102,57,81,37,32,117,21" hai2="15,128,95,114,8,33,93,61,14,109,60,87,62" hai3="51,101,134,103,12,130,0,46,10,119,108,42,78"/><W129/><G119/><T70/><D116/><U75/><E32/><V98/><F114/><W84/><G0/><T55/><D112/><U133/><E117/><V9/><F33/><W94/><G134/><T1/><D1/><U85/><E123/><V65/><F109/><W38/><G38/><T76/><D40/><U50/><E37/><V118/><F118/><W29/><G29/><T86/><D99/><U111/><E111/><V3/><F3/><W79/><G108/><T69/><D23/><N who="1" m="8779" /><E75/><N who="0" m="28745" /><D86/><U36/><E36/><V22/><F128/><N who="3" m="49259" /><G84/><T45/><D45/><U2/><E2/><V105/><F105/><W80/><G80/><T92/><D64/><U11/><E133/><V47/><F47/><W71/><G71/><T4/><D4/><U107/><E107/><V35/><F35/><W56/><G56/><T104/><D92/><U5/><E82/><V52/><F65/><W120/><G120/><T28/><D28/><U16/><E5/><V18/><F8/><W124/><G124/><N who="0" m="47659" /><D104/><U97/><E43/><V58/><F87/><W39/><G39/><T113/><D113/><U125/><E125/><V54/><F58/><W106/><G106/><T7/><D7/><U132/><E132/><V63/><N who="2" m="15360" /><DORA hai="83" /><V121/><F121/><W25/><G25/><T100/><D100/><N who="3" m="38473" /><G94/><N who="2" m="35849" /><F98/><W34/><G34/><T135/><D135/><U110/><E110/><V49/><F9/><W115/><G115/><T26/><D26/><U44/><E97/><V88/><F14/><W30/><G30/><T13/><D13/><N who="1" m="7231" /><E102/><V96/><F96/><W90/><G90/><T66/><D66/><RYUUKYOKU ba="0,0" sc="306,15,317,-15,203,-15,174,15" hai0="55,59,68,69,70,76,77" hai3="10,12,42,46,51,78,79" /><INIT seed="3,1,0,1,3,73" ten="321,302,188,189" oya="3" hai0="134,60,51,70,7,63,52,64,40,127,2,125,14" hai1="121,27,8,132,112,67,30,18,86,123,12,45,65" hai2="133,61,15,39,32,3,135,54,106,4,94,93,120" hai3="99,79,83,41,71,95,16,37,76,25,114,98,43"/><W84/><G71/><T129/><D2/><U102/><E112/><V49/><F39/><W31/><G114/><T74/><D74/><U28/><E132/><N who="2" m="50763" /><F120/><W116/><G116/><T109/><D109/><U55/><E102/><V128/><F128/><W6/><G6/><T47/><D129/><U122/><E86/><V89/><F106/><W90/><G37/><T23/><D134/><U80/><E80/><V87/><F32/><W38/><G38/><T62/><D23/><U107/><E107/><V75/><F75/><W72/><G79/><T29/><D29/><U57/><E45/><N who="2" m="27951" /><F3/><W119/><G119/><T69/><D69/><U88/><E88/><V13/><F61/><W68/><G68/><T17/><D17/><U26/><E30/><V91/><F4/><W78/><G78/><T20/><D63/><U126/><E126/><V100/><F100/><W10/><G99/><AGARI ba="1,0" hai="13,15,87,89,91,93,94,99" m="27951,50763" machi="99" ten="30,1000,0" yaku="20,1" doraHai="73" who="2" fromWho="3" sc="321,0,302,0,188,13,189,-13" owari="321,42.1,302,10.2,201,-19.9,176,-32.4" /></mjloggm>