<mjloggm ver="2.3"><GO type="225" lobby="0"/><UN n0="%E3%81%95%E3%81%8D%E3%81%9F%E3%81%BE%E6%9E%97%E6%AA%8E" n1="%E5%B8%86%E7%AB%8B%E5%A4%8F%E8%A1%A3" n2="%E3%82%8F%E3%81%8B%E3%81%B0%2A%E3%82%AC%E3%83%BC%E3%83%AB" n3="%4D%2E%61%72%74%65%74%61" dan="16,17,16,17" rate="2134.02,2261.91,2121.79,2207.59" sx="M,M,M,M"/><TAIKYOKU oya="0"/><INIT seed="0,0,0,5,2,70" ten="250,250,250,250" oya="0" hai0="43,20,84,66,68,39,37,130,103,42,9,32,52" hai1="31,104,111,41,12,34,100,57,5,46,91,48,22" hai2="55,29,108,28,44,25,88,106,49,97,82,27,122" hai3="10,45,71,54,96,85,99,6,118,64,127,92,38"/><T119/><D32/><U51/><E111/><V63/><F122/><W60/><G118/><T94/><D20/><U26/><E104/><V18/><F108/><W24/><G127/><T79/><D79/><U13/><E100/><V30/><F63/><W132/><G132/><T33/><D33/><U125/><E125/><V128/><F128/><W15/><G24/><T102/><D9/><U114/><E114/><V2/><F2/><W61/><G61/><N who="0" m="40015" /><D84/><U80/><E34/><V107/><F18/><W95/><G54/><T74/><D74/><U113/><E113/><V36/><F36/><N who="0" m="13898" /><D94/><U135/><E135/><V59/><F106/><W72/><G72/><T11/><D11/><U67/><E5/><V40/><F107/><W77/><G77/><T89/><D89/><U73/><E73/><V131/><F131/><W112/><G112/><T120/><D120/><U65/><E13/><V116/><F116/><W78/><G78/><T133/><D130/><U81/><E12/><V126/><F126/><W69/><G69/><T4/><D4/><U93/><E81/><V21/><F25/><W62/><G85/><T134/><D119/><U121/><E80/><V1/><F1/><W123/><G123/><T58/><D134/><U101/><E101/><N who="0" m="38409" /><D133/><U56/><E121/><V53/><F40/><N who="3" m="22679" /><G62/><N who="0" m="36167" /><D43/><U76/><E76/><V19/><F82/><W75/><G75/><T7/><D42/><U109/><E109/><V117/><F117/><W16/><G6/><T86/><D7/><U110/><E110/><V35/><F35/><W17/><G17/><T98/><D86/><N who="1" m="52471" /><E51/><N who="2" m="31167" /><F19/><W87/><G87/><RYUUKYOKU ba="0,0" sc="250,0,250,0,250,0,250,0" hai0="98" hai1="22,26,31,41,46,48,56,57,65,67" hai2="21,27,28,29,30,44,49,55,88,97" hai3="10,15,16,60,64,71,92,95,96,99" /><INIT seed="0,1,0,0,0,52" ten="250,250,250,250" oya="0" hai0="42,58,125,71,97,53,28,109,102,78,57,56,29" hai1="25,14,115,39,33,47,120,46,50,48,68,69,82" hai2="1,106,83,81,87,43,38,16,21,91,108,124,8" hai3="119,7,103,61,121,84,79,45,100,130,80,90,99"/><T9/><D71/><U13/><E120/><V95/><F106/><W60/><G119/><T32/><D32/><U27/><E39/><V23/><F108/><W0/><G130/><T77/><D53/><U70/><E33/><V2/><F124/><W117/><G117/><T18/><D125/><U101/><E101/><V40/><F38/><W20/><G121/><T118/><D118/><U93/><E93/><V122/><F122/><W34/><G34/><T36/><D36/><U30/><E30/><N who="0" m="11881" /><D42/><N who="2" m="15914" /><F1/><W74/><G20/><N who="2" m="7753" /><F2/><W66/><G61/><T96/><D109/><U6/><E69/><V89/><F89/><W113/><G113/><T75/><D75/><U133/><E133/><V49/><F49/><W73/><G45/><T111/><D111/><U126/><E126/><V98/><F87/><W132/><G132/><T54/><D54/><U86/><E86/><V24/><F24/><W131/><G131/><T63/><D63/><U22/><E22/><V12/><AGARI ba="1,0" hai="8,12,16,81,83,91,95,98" m="7753,15914" machi="12" ten="30,2000,0" yaku="8,1,54,1" doraHai="52" who="2" fromWho="2" sc="250,-11,250,-6,250,23,250,-6" /><INIT seed="1,0,0,1,3,4" ten="239,244,273,244" oya="1" hai0="55,26,54,75,1,36,113,92,87,47,51,10,34" hai1="61,134,40,8,68,19,99,39,46,24,15,67,17" hai2="111,27,63,59,65,25,53,9,64,69,56,76,21" hai3="18,103,118,42,126,70,80,79,7,77,0,38,89"/><U58/><E134/><V135/><F111/><W72/><G70/><T12/><D113/><U81/><E81/><V94/><F135/><W106/><G126/><T73/><D36/><U122/><E122/><V33/><F33/><W101/><G118/><T116/><D116/><U91/><E68/><V52/><F69/><W35/><G79/><T129/><D1/><U43/><E43/><V117/><F117/><W112/><G112/><T119/><D119/><U45/><E45/><V104/><F104/><W78/><G77/><T83/><D129/><U125/><E125/><V22/><F94/><W3/><G18/><N who="0" m="8471" /><D92/><U88/><REACH who="1" step="1"/><E99/><REACH who="1" ten="239,234,273,244" step="2"/><V31/><F76/><W132/><G132/><T66/><D75/><U114/><E114/><V41/><F41/><W37/><G42/><T107/><D73/><U2/><E2/><V49/><REACH who="2" step="1"/><F9/><REACH who="2" ten="239,234,263,244" step="2"/><W50/><G78/><N who="0" m="46583" /><D107/><U60/><E60/><V71/><F71/><W20/><G106/><T29/><D66/><U62/><E62/><V90/><F90/><W14/><G89/><T44/><D55/><U98/><E98/><V97/><F97/><W96/><G96/><T95/><D95/><U108/><E108/><V110/><F110/><W32/><G103/><T130/><D130/><U121/><E121/><V124/><F124/><W100/><G100/><T28/><D54/><U93/><E93/><V127/><F127/><W82/><G101/><T74/><D74/><U85/><E85/><V30/><AGARI ba="0,2" hai="21,22,25,27,30,31,49,52,53,56,59,63,64,65" machi="30" ten="20,12000,2" yaku="1,1,0,1,7,1,9,1,8,1,54,1,53,0" doraHai="4" doraHaiUra="105" who="2" fromWho="2" sc="239,-30,234,-60,263,140,244,-30" /><INIT seed="2,0,0,3,4,12" ten="209,174,403,214" oya="2" hai0="55,107,88,65,125,81,127,60,24,17,22,89,20" hai1="98,45,75,77,86,5,134,105,130,69,73,72,57" hai2="114,124,96,35,9,6,1,4,78,104,34,32,50" hai3="40,16,33,108,51,52,23,90,36,118,39,82,95"/><V43/><F114/><W54/><G118/><T18/><D107/><U112/><E69/><V7/><F78/><W83/><G33/><T85/><D89/><U135/><E5/><V15/><F43/><W71/><G71/><T58/><REACH who="0" step="1"/><D65/><REACH who="0" ten="199,174,403,214" step="2"/><U97/><E112/><V110/><F104/><W27/><G108/><T67/><D67/><U99/><E105/><V61/><F110/><W87/><G39/><T106/><D106/><U126/><E126/><V26/><F124/><W76/><G36/><T133/><D133/><N who="1" m="50699" /><E57/><V19/><F1/><W122/><G122/><T91/><D91/><U100/><E100/><V41/><F96/><N who="3" m="57463" /><G82/><T94/><D94/><U59/><E59/><V109/><F109/><W10/><G10/><T42/><D42/><U103/><E103/><V84/><F41/><W131/><G131/><T37/><D37/><U13/><E130/><V63/><F9/><W70/><G70/><T3/><D3/><U44/><E13/><AGARI ba="0,1" hai="13,17,18,20,22,24,55,58,60,81,85,88,125,127" machi="13" ten="40,8000,1" yaku="1,1,52,2,54,1,53,0" doraHai="12" doraHaiUra="102" who="0" fromWho="1" sc="199,90,174,-80,403,0,214,0" /><INIT seed="3,0,0,3,4,94" ten="289,94,403,214" oya="3" hai0="61,117,20,104,64,2,77,6,34,59,126,9,98" hai1="28,100,11,60,47,99,108,132,90,48,31,96,93" hai2="57,120,112,92,110,52,41,107,66,131,105,62,121" hai3="129,71,19,101,45,73,115,84,43,58,35,26,79"/><W44/><G71/><T13/><D117/><U125/><E108/><V33/><F110/><W65/><G115/><T111/><D111/><U103/><E125/><V70/><F112/><W14/><G73/><T135/><D135/><U25/><E132/><V91/><F131/><W38/><G129/><T118/><D118/><U68/><E68/><V122/><F33/><W22/><G101/><T27/><D126/><U39/><E39/><V8/><F41/><W56/><G45/><T134/><D134/><U63/><E11/><V18/><F18/><W124/><G124/><T76/><D34/><U75/><E75/><V130/><F8/><W24/><G65/><T16/><D2/><U67/><E90/><V55/><F130/><W88/><G79/><N who="0" m="30283" /><D104/><N who="2" m="40010" /><F70/><W95/><REACH who="3" step="1"/><G24/><REACH who="3" ten="289,94,403,204" step="2"/><T128/><D128/><U12/><E67/><V82/><F66/><W23/><G23/><T74/><D74/><U102/><E12/><V113/><F113/><W32/><G32/><T46/><D46/><U3/><E3/><V89/><F89/><W109/><G109/><T69/><D69/><U133/><E133/><V116/><F116/><W87/><G87/><T127/><D127/><U54/><E103/><V123/><F123/><W29/><AGARI ba="0,1" hai="14,19,22,26,29,35,38,43,44,56,58,84,88,95" machi="29" ten="30,6000,0" yaku="1,1,0,1,54,1,53,0" doraHai="94" doraHaiUra="78" who="3" fromWho="3" sc="289,-20,94,-20,403,-20,204,70" /><INIT seed="3,1,0,1,2,24" ten="269,74,383,274" oya="3" hai0="6,52,51,35,77,84,106,119,117,74,83,14,2" hai1="133,76,66,55,40,98,71,56,43,4,126,87,111" hai2="5,112,115,94,70,33,25,48,113,108,26,68,13" hai3="128,21,45,3,61,107,63,95,102,44,92,99,124"/><W100/><G3/><T54/><D106/><U60/><E87/><V46/><F108/><W104/><G21/><T59/><D2/><U30/><E98/><V130/><F130/><W36/><G99/><T96/><D35/><U86/><E86/><V131/><F131/><W88/><G36/><T103/><D74/><U0/><E76/><V129/><F129/><W127/><G128/><T19/><D6/><U93/><E93/><V38/><F38/><W28/><G88/><T85/><D85/><U109/><E4/><V39/><F39/><W80/><G80/><T27/><D27/><U49/><E0/><V101/><F33/><W121/><G121/><T132/><D132/><U110/><E30/><AGARI ba="1,0" hai="28,30,44,45,61,63,92,95,100,102,104,107,124,127" machi="30" ten="25,9600,0" yaku="22,2,52,2" doraHai="24" who="3" fromWho="1" sc="269,0,74,-99,383,0,274,99" owari="269,-13.1,-25,-52.5,383,48.3,373,17.3" /></mjloggm>