<mjloggm ver="2.3"><GO type="225" lobby="0"/><UN n0="%E6%A1%9C%E8%8A%B1%E9%96%83%E3%80%85" n1="%E6%97%A5%E6%9B%9C%E6%97%A5%E3%82%88%E3%82%8A%E3%81%AE%E4%BD%BF%E8%80%85" n2="%E3%81%AF%E3%82%88%E3%81%8A%E3%81%98%E3%81%95%E3%82%93" n3="%EF%BC%AE%EF%BC%A1%EF%BC%AF%33%33%39" dan="16,17,17,16" rate="2125.44,2189.72,2155.75,2117.94" sx="M,M,M,M"/><TAIKYOKU oya="0"/><INIT seed="0,0,0,4,4,34" ten="250,250,250,250" oya="0" hai0="0,79,49,83,112,121,70,58,116,68,56,100,67" hai1="46,53,82,75,97,64,54,8,134,3,2,108,115" hai2="16,29,4,105,5,69,15,78,55,123,37,61,131" hai3="110,13,125,42,26,90,6,85,87,43,63,122,28"/><T127/><D112/><U133/><E115/><V88/><F123/><W24/><G63/><T89/><D121/><U59/><E97/><V14/><F105/><W128/><G122/><T30/><D116/><U40/><E64/><V11/><F37/><W98/><G98/><T130/><D100/><U113/><E113/><V109/><F109/><W20/><G110/><T106/><D106/><U12/><E82/><V35/><F131/><W57/><G57/><T52/><D130/><U107/><E107/><V41/><F41/><W81/><G128/><T80/><D127/><U65/><E65/><V51/><F78/><W101/><G101/><T18/><D30/><U93/><E93/><V124/><F124/><W129/><G24/><T135/><D135/><N who="1" m="51723" /><E75/><V92/><F29/><W36/><G36/><T114/><D89/><U39/><E108/><V117/><F35/><W99/><G99/><T45/><D83/><U104/><E104/><V132/><F117/><W94/><G125/><T38/><D114/><U48/><E54/><V10/><F132/><W7/><G129/><T62/><D18/><AGARI ba="0,0" hai="2,3,8,12,18,39,40,46,48,53,59" m="51723" machi="18" ten="30,3900,0" yaku="20,1,52,2" doraHai="34" who="1" fromWho="0" sc="250,-39,250,39,250,0,250,0" /><INIT seed="1,0,0,3,1,121" ten="211,289,250,250" oya="1" hai0="134,91,10,108,52,93,77,106,68,116,87,32,22" hai1="102,71,98,101,79,118,67,3,34,73,74,107,90" hai2="33,103,9,104,47,21,132,45,85,115,39,133,70" hai3="13,89,4,29,113,24,54,135,5,111,83,92,125"/><U75/><E3/><V97/><F33/><W78/><G113/><T8/><D32/><U69/><E34/><V51/><F70/><W23/><G135/><N who="2" m="51785" /><F115/><W130/><G130/><T7/><D134/><U126/><E67/><V17/><F39/><W27/><G27/><T72/><D116/><U31/><E31/><V131/><F131/><W100/><G100/><T99/><D68/><U0/><E0/><V12/><F85/><W60/><G125/><T53/><D108/><U57/><E57/><V55/><F45/><W112/><G112/><T38/><D38/><U2/><E2/><V63/><F63/><W36/><G36/><T105/><D22/><AGARI ba="0,0" hai="9,12,17,21,22,47,51,55,97,103,104" m="51785" machi="22" ten="30,1000,0" yaku="20,1" doraHai="121" who="2" fromWho="0" sc="211,-10,289,0,250,10,250,0" /><INIT seed="2,0,0,3,4,61" ten="201,289,260,250" oya="2" hai0="3,98,86,27,24,16,116,105,91,133,79,102,40" hai1="8,23,60,10,54,30,90,49,44,47,7,63,111" hai2="35,135,108,53,131,58,75,128,2,56,112,77,9" hai3="62,13,14,6,81,84,43,59,65,88,0,113,20"/><V21/><F35/><W38/><G0/><T25/><D133/><U125/><E111/><V134/><F112/><W119/><G119/><T48/><D116/><U12/><E125/><V74/><F108/><W50/><G38/><T55/><D3/><U120/><E120/><V42/><F42/><W96/><G113/><T109/><D109/><U123/><E123/><V51/><F21/><W26/><G6/><T114/><D114/><U34/><E34/><V87/><F87/><W31/><G96/><T5/><D5/><U127/><E127/><V101/><F101/><W117/><G117/><T97/><D79/><U11/><E47/><AGARI ba="0,0" hai="13,14,20,26,31,43,47,50,59,62,65,81,84,88" machi="47" ten="40,5200,0" yaku="8,1,52,1,54,1" doraHai="61" who="3" fromWho="1" sc="201,0,289,-52,260,0,250,52" /><INIT seed="3,0,0,2,4,106" ten="201,237,260,302" oya="3" hai0="5,96,52,93,101,65,58,6,120,16,14,110,105" hai1="98,108,68,11,22,4,62,9,46,0,1,33,60" hai2="114,127,69,7,126,56,116,88,51,123,24,23,86" hai3="40,64,38,73,18,12,53,81,124,15,107,112,42"/><W84/><G107/><T67/><D120/><U57/><E33/><V135/><F114/><W130/><G112/><T54/><D110/><U35/><E35/><V78/><F116/><W94/><G64/><N who="0" m="24651" /><D105/><U77/><E68/><V17/><F69/><W50/><G38/><T55/><D58/><U113/><E113/><V49/><F123/><W133/><G73/><T129/><D129/><U125/><E108/><V131/><F131/><W134/><G94/><T74/><D74/><U117/><E117/><V70/><F70/><W102/><G102/><T95/><D95/><U63/><E125/><N who="2" m="47627" /><F135/><N who="3" m="51723" /><G130/><T92/><D92/><U128/><E128/><V76/><F7/><W75/><G75/><T89/><D101/><U29/><E77/><N who="2" m="29803" /><F56/><N who="3" m="32823" /><G124/><T91/><D91/><U79/><E79/><V47/><F47/><W37/><G37/><T19/><D19/><U3/><E46/><V2/><F2/><W43/><G18/><T13/><D13/><U100/><E57/><V27/><F24/><W20/><G20/><AGARI ba="0,0" hai="5,6,14,16,20,52,54,55,89,93,96" m="24651" machi="20" ten="30,3900,0" yaku="8,1,54,2" doraHai="106" who="0" fromWho="3" sc="201,39,237,0,260,0,302,-39" /><INIT seed="4,0,0,4,2,74" ten="240,237,260,263" oya="0" hai0="11,56,21,99,84,100,129,92,22,54,113,109,79" hai1="115,131,103,90,10,51,82,126,83,66,33,1,8" hai2="9,24,75,96,116,107,17,91,36,80,112,97,98" hai3="95,85,102,40,65,27,122,31,69,5,48,77,110"/><T101/><D113/><U127/><E33/><V60/><F36/><W81/><G110/><T50/><D109/><U41/><E103/><V3/><F107/><W86/><G5/><T104/><D129/><U47/><E131/><V94/><F112/><W12/><G12/><T67/><D101/><U52/><E115/><V68/><F116/><W37/><G37/><T118/><D118/><U25/><E66/><V18/><F68/><W34/><G122/><T39/><D39/><U63/><E25/><V88/><F60/><W72/><G65/><T111/><D111/><U133/><E133/><V61/><F61/><W23/><G69/><T58/><D11/><N who="1" m="4139" /><E90/><V135/><F135/><W13/><G13/><T14/><D104/><U2/><E2/><V0/><F0/><W59/><G34/><T105/><D105/><U70/><E1/><V45/><F45/><W35/><G35/><T53/><D67/><N who="1" m="41343" /><E41/><V119/><F119/><W121/><G121/><T93/><D14/><U49/><E49/><V4/><F24/><W7/><G7/><T42/><D42/><U57/><E47/><V16/><F91/><W132/><G132/><T19/><D19/><U106/><E106/><V124/><F75/><W43/><G72/><T130/><D130/><U117/><E117/><V71/><F80/><W55/><G102/><T73/><D73/><U46/><E46/><V29/><F29/><W26/><G26/><T114/><D114/><U32/><E32/><V89/><F71/><W123/><G123/><T15/><D100/><U30/><E30/><V87/><F89/><AGARI ba="0,0" hai="23,27,31,40,43,48,55,59,77,81,85,86,89,95" machi="89" ten="40,2600,0" yaku="8,1,52,1" doraHai="74" who="3" fromWho="2" sc="240,0,237,0,260,-26,263,26" /><INIT seed="5,0,0,4,5,7" ten="240,237,234,289" oya="1" hai0="19,31,93,16,124,117,30,86,38,45,109,65,35" hai1="118,84,69,58,97,89,51,112,14,111,15,79,103" hai2="54,66,49,71,73,6,11,100,24,0,56,25,104" hai3="12,61,113,114,62,67,10,50,101,21,9,13,59"/><U36/><E36/><V94/><F73/><W20/><G101/><T126/><D109/><U23/><E69/><V125/><F125/><N who="0" m="48234" /><D117/><U102/><E118/><V128/><F128/><W120/><G120/><T27/><D65/><U22/><E79/><V28/><F104/><W5/><G50/><T44/><D31/><U76/><E76/><V74/><F74/><W17/><G62/><T123/><D123/><U135/><E111/><V4/><F4/><W32/><G32/><T99/><D86/><U55/><E112/><AGARI ba="0,0" hai="5,9,10,12,13,17,20,21,59,61,67,112,113,114" machi="112" ten="40,5200,0" yaku="15,1,52,2" doraHai="7" who="3" fromWho="1" sc="240,0,237,-52,234,0,289,52" owari="240,4.0,185,-31.5,234,-16.6,341,44.1" /></mjloggm>