<mjloggm ver="2.3"><GO type="225" lobby="0"/><UN n0="%E5%91%A8%E6%9D%B1" n1="%E5%B0%8F%E9%B3%A5%E9%81%8A%E7%B7%B4%E7%84%A1%32%31%E6%AD%B3" n2="%41%6F%54" n3="%E6%98%93%E5%88%A9%E8%96%A9%E4%BC%AF" dan="17,16,16,17" rate="2226.69,2157.21,2069.38,2186.06" sx="M,F,M,F"/><TAIKYOKU oya="0"/><INIT seed="0,0,0,1,4,97" ten="250,250,250,250" oya="0" hai0="12,107,15,59,69,104,4,2,54,63,125,66,17" hai1="39,53,34,124,40,81,68,131,88,82,14,129,60" hai2="110,100,87,128,120,33,43,119,76,20,31,45,46" hai3="103,9,113,130,108,91,21,109,67,79,64,5,99"/><T55/><D125/><U11/><E34/><V121/><F33/><W48/><G113/><T133/><D133/><U8/><E124/><V102/><F110/><N who="3" m="42603" /><G79/><T117/><D117/><U126/><E126/><V30/><F119/><W135/><G130/><N who="1" m="49674" /><E40/><V93/><F128/><W19/><G48/><T38/><D38/><U58/><E68/><V24/><F120/><W0/><G91/><T72/><D72/><U10/><E39/><V37/><F121/><W84/><G84/><T74/><D74/><U80/><E88/><N who="2" m="53407" /><F37/><W105/><G135/><T44/><D2/><U28/><E28/><N who="2" m="17415" /><F76/><W95/><G105/><T101/><D107/><U1/><E1/><V65/><F65/><W57/><G57/><T112/><D59/><U106/><E106/><V26/><F26/><AGARI ba="0,0" hai="0,5,9,19,21,26,64,67,95,99,103" m="42603" machi="26" ten="30,2000,0" yaku="14,1,52,1" doraHai="97" who="3" fromWho="2" sc="250,0,250,0,250,-20,250,20" /><INIT seed="1,0,0,5,5,50" ten="250,250,230,270" oya="1" hai0="56,79,28,0,90,45,100,96,40,35,12,116,75" hai1="57,117,30,99,55,61,119,107,51,87,92,9,110" hai2="70,18,64,36,19,134,48,111,46,95,131,135,130" hai3="11,21,109,114,68,27,6,118,73,24,58,8,72"/><U38/><E38/><V85/><F85/><W66/><G68/><T31/><D0/><U124/><E124/><V84/><F84/><W41/><G114/><T69/><D69/><U52/><E107/><V120/><F95/><W93/><G109/><T2/><D2/><U65/><E110/><V33/><F33/><W106/><G106/><T128/><D116/><U7/><E30/><V15/><F111/><W49/><G27/><T44/><D128/><N who="2" m="49194" /><F36/><W54/><G66/><T5/><D90/><U88/><E65/><V133/><F15/><W23/><G23/><T101/><D75/><U125/><E87/><V42/><F120/><W105/><G105/><T78/><D35/><U20/><E20/><V3/><F3/><W113/><G113/><T43/><D12/><U76/><E76/><V126/><F126/><W1/><G11/><T94/><D56/><U97/><E97/><V13/><F13/><W47/><G93/><T16/><D94/><U91/><E125/><V89/><F89/><W14/><G1/><T104/><D104/><U123/><E123/><V37/><F37/><W4/><G4/><T129/><D129/><U67/><E91/><V122/><F122/><W83/><G83/><T10/><D5/><U17/><E7/><V74/><F74/><W60/><REACH who="3" step="1"/><G118/><REACH who="3" ten="250,250,230,260" step="2"/><T127/><D127/><U80/><E80/><V102/><F102/><W132/><G132/><N who="2" m="33793" /><V34/><DORA hai="121" /><F34/><W71/><G71/><T59/><D100/><U112/><E112/><V25/><F25/><W98/><G98/><T115/><D96/><U29/><E99/><V108/><F108/><RYUUKYOKU ba="0,1" sc="250,-15,250,-15,230,15,260,15" hai2="18,19,42,46,48,64,70" hai3="6,8,14,21,24,41,47,49,54,58,60,72,73" /><INIT seed="2,1,1,2,5,119" ten="235,235,245,275" oya="2" hai0="30,54,22,9,45,125,90,129,26,77,98,46,57" hai1="64,128,51,83,21,95,60,8,18,89,80,106,108" hai2="110,82,65,122,126,50,14,38,58,109,36,133,113" hai3="48,67,31,132,27,121,19,120,97,114,56,15,102"/><V24/><F113/><W53/><G114/><T33/><D129/><U43/><E106/><V107/><F107/><W11/><G132/><T28/><D125/><U44/><E108/><N who="2" m="41579" /><F126/><W117/><G117/><T135/><D135/><U99/><E8/><V5/><F133/><W2/><G2/><T12/><D77/><U76/><E76/><V74/><F24/><W130/><G67/><T3/><D3/><U73/><E73/><V29/><F29/><W37/><G37/><N who="2" m="14441" /><F82/><W131/><G131/><T115/><D115/><U0/><E0/><V17/><F74/><W40/><G40/><T63/><D30/><U71/><E128/><V52/><F5/><W103/><G103/><T70/><D70/><U42/><E43/><V20/><F65/><W94/><G130/><T41/><D41/><U100/><E100/><V25/><F25/><AGARI ba="1,1" hai="18,21,25,42,44,51,60,64,71,80,83,89,95,99" machi="25" ten="30,1000,0" yaku="7,1" doraHai="119" who="1" fromWho="2" sc="235,0,235,23,245,-13,275,0" /><INIT seed="3,0,0,4,1,129" ten="235,258,232,275" oya="3" hai0="1,72,89,15,108,50,117,2,106,87,109,24,123" hai1="104,79,37,127,88,11,57,25,92,74,90,115,30" hai2="12,32,34,93,53,14,36,54,121,68,94,49,114" hai3="116,86,35,98,101,99,63,82,100,8,75,19,71"/><W78/><G35/><T48/><D72/><U118/><E115/><V134/><F49/><W51/><G116/><T21/><D106/><U0/><E104/><V40/><F68/><W9/><G75/><T97/><D97/><N who="3" m="36873" /><G71/><T70/><D70/><U27/><E37/><V131/><F40/><W6/><G63/><T23/><D117/><U52/><E118/><V122/><F36/><W38/><G38/><T107/><D107/><U13/><E0/><V128/><F114/><W60/><G60/><T58/><D123/><U65/><E65/><V16/><F16/><W59/><G6/><T41/><D2/><U124/><E74/><V91/><REACH who="2" step="1"/><F91/><REACH who="2" ten="235,258,222,275" step="2"/><W28/><G28/><N who="0" m="17423" /><D41/><U102/><E30/><V119/><F119/><W56/><G19/><N who="0" m="10751" /><D50/><U66/><E90/><V55/><F55/><N who="3" m="31871" /><G59/><T10/><D58/><U77/><E57/><V69/><F69/><W43/><G43/><T83/><D48/><U20/><E88/><V110/><F110/><W61/><G61/><T132/><D109/><U103/><E103/><AGARI ba="0,1" hai="8,9,78,82,86,100,101,103" m="31871,36873" machi="103" ten="30,1500,0" yaku="8,1" doraHai="129" who="3" fromWho="1" sc="235,0,258,-15,222,0,275,25" owari="235,-16.5,243,4.3,222,-27.8,300,40.0" /></mjloggm>