<mjloggm ver="2.3"><GO type="225" lobby="0"/><UN n0="%E3%81%AF%E3%82%88%E3%81%8A%E3%81%98%E3%81%95%E3%82%93" n1="%E3%82%A2%E3%82%B8%E3%83%BC%E3%83%B3" n2="%E6%97%A5%E6%9B%9C%E6%97%A5%E3%82%88%E3%82%8A%E3%81%AE%E4%BD%BF%E8%80%85" n3="%E3%81%A4%E3%81%A3%E3%81%B1%E3%82%8A%E3%83%9D%E3%83%BC%E3%83%AB" dan="17,16,17,17" rate="2175.55,2126.90,2185.25,2239.75" sx="M,M,M,M"/><TAIKYOKU oya="0"/><INIT seed="0,0,0,0,3,75" ten="250,250,250,250" oya="0" hai0="42,93,56,17,74,116,35,104,106,88,61,24,83" hai1="21,59,96,3,8,22,105,125,53,18,57,114,39" hai2="117,9,84,37,44,27,36,16,72,102,11,108,55" hai3="89,15,121,134,63,41,62,82,32,1,64,0,135"/><T4/><D116/><U46/><E125/><V25/><F72/><W103/><G32/><T101/><D4/><U6/><E22/><V81/><F102/><W85/><G121/><T109/><D109/><U33/><E33/><V69/><F69/><W132/><G41/><T131/><D131/><U107/><E59/><V94/><F94/><W40/><G40/><T31/><D42/><U91/><E46/><V45/><F108/><W29/><G29/><T60/><D60/><U54/><E39/><V70/><F70/><W122/><G122/><T115/><D115/><U110/><E53/><V71/><F71/><N who="3" m="42391" /><G103/><T112/><D112/><U58/><E58/><V126/><F126/><W113/><G113/><T28/><D31/><U87/><E96/><V38/><F117/><W67/><G15/><T95/><D17/><U129/><E129/><V97/><F97/><W128/><G128/><T79/><D95/><U92/><E110/><V118/><F118/><W86/><G86/><T90/><D101/><U66/><E66/><V26/><F55/><W100/><G100/><T123/><D123/><U111/><E114/><V10/><F16/><W77/><G89/><AGARI ba="0,0" hai="9,10,11,25,26,27,36,37,38,44,45,81,84,89" machi="89" ten="50,3200,0" yaku="29,2" doraHai="75" who="2" fromWho="3" sc="250,0,250,0,250,32,250,-32" /><INIT seed="1,0,0,4,5,18" ten="250,250,282,218" oya="1" hai0="80,121,105,132,14,81,107,83,68,42,127,120,93" hai1="70,111,112,45,64,3,29,89,114,131,55,0,41" hai2="95,10,8,128,47,113,35,117,58,72,69,62,1" hai3="19,86,57,97,100,39,129,108,124,5,85,15,24"/><U76/><E76/><V25/><F72/><W75/><G75/><T4/><D68/><U101/><E101/><V34/><F69/><W9/><G108/><T20/><D127/><U122/><E122/><N who="0" m="47209" /><D132/><U2/><E55/><V26/><F117/><W59/><G124/><T134/><D134/><U53/><E53/><V63/><F47/><W115/><G39/><T78/><D42/><U118/><E118/><V91/><F128/><W36/><G36/><T88/><D78/><U37/><E131/><V98/><F113/><W116/><G115/><T104/><D4/><U7/><E7/><V126/><F126/><W90/><G116/><T125/><D125/><U46/><E46/><V13/><F1/><W79/><G129/><T67/><D67/><U21/><E111/><V43/><F43/><W73/><G73/><T119/><D119/><U74/><E74/><V40/><F40/><W102/><G79/><T130/><D130/><U11/><E11/><V52/><F63/><W92/><G86/><N who="0" m="52375" /><D14/><U33/><E33/><V56/><F35/><W61/><G61/><T16/><D83/><U84/><E64/><V23/><F34/><W30/><G5/><T32/><D32/><U54/><E70/><V99/><F99/><W87/><G87/><T77/><D77/><U22/><E54/><V51/><F62/><W66/><G66/><T96/><D96/><U109/><E109/><V17/><F58/><N who="3" m="22027" /><G97/><T48/><D48/><U28/><E112/><V135/><F135/><W6/><G6/><T65/><D65/><U133/><E114/><V94/><F94/><W110/><G110/><RYUUKYOKU ba="0,0" sc="250,10,250,-30,282,10,218,10" hai0="16,20,80,81,104,105,107" hai2="8,10,13,17,23,25,26,51,52,56,91,95,98" hai3="9,15,19,24,30,85,90,92,100,102" /><INIT seed="2,1,0,1,2,84" ten="260,220,292,228" oya="2" hai0="110,64,90,117,88,135,133,99,121,114,4,98,20" hai1="18,43,109,95,102,125,65,105,8,46,40,24,2" hai2="76,66,44,62,47,21,85,93,94,19,7,63,77" hai3="25,56,123,119,31,45,55,22,14,54,101,32,39"/><V118/><F7/><W17/><G123/><T13/><D121/><U61/><E105/><V132/><F132/><N who="0" m="50762" /><D110/><U97/><E109/><V52/><F118/><W106/><G119/><T111/><D117/><U53/><E125/><V73/><F73/><W1/><G1/><T49/><D111/><U72/><E72/><V36/><F36/><W104/><G101/><T11/><D114/><U71/><E2/><V67/><F67/><W83/><G83/><T10/><D64/><U115/><E115/><V127/><F127/><W134/><G134/><T51/><D20/><U103/><E103/><V27/><F63/><W100/><G100/><T29/><D29/><U80/><E80/><V91/><F94/><W23/><G32/><T81/><D11/><U5/><E5/><V129/><F129/><W9/><G9/><T33/><D33/><U89/><E102/><V124/><F124/><W16/><G31/><T59/><D59/><U120/><E120/><V107/><F107/><W122/><G122/><T34/><D34/><U12/><REACH who="1" step="1"/><E24/><REACH who="1" ten="260,210,292,228" step="2"/><V79/><F66/><W78/><G78/><T42/><D81/><U87/><E87/><V6/><F6/><W15/><G25/><T128/><D128/><U28/><E28/><V68/><F79/><W35/><G35/><T130/><D130/><U112/><E112/><V113/><F113/><W58/><G39/><T0/><D0/><U126/><E126/><V41/><F77/><W57/><G54/><T75/><D75/><U86/><E86/><V116/><F76/><W92/><G92/><N who="0" m="56599" /><D42/><U108/><E108/><V131/><F41/><RYUUKYOKU ba="1,1" sc="260,10,210,10,292,-30,228,10" hai0="4,10,13,49,51,88,99" hai1="8,12,18,40,43,46,53,61,65,71,89,95,97" hai3="14,15,16,17,22,23,45,55,56,57,58,104,106" /><INIT seed="3,2,1,3,3,92" ten="270,220,262,238" oya="3" hai0="110,21,122,75,99,15,88,6,55,134,24,84,95" hai1="121,113,108,10,40,50,123,53,51,28,44,124,91" hai2="81,39,57,7,12,132,94,128,33,66,96,129,97" hai3="19,119,35,68,115,126,59,74,3,0,107,48,47"/><W64/><G115/><T71/><D75/><U100/><E113/><V70/><F70/><W111/><G119/><T78/><D122/><U112/><E112/><V58/><F39/><W45/><G35/><T26/><D71/><U1/><E100/><V49/><F33/><W89/><G74/><T72/><D72/><U18/><E28/><V118/><F118/><W104/><G68/><T42/><D110/><U62/><E62/><N who="2" m="38223" /><F94/><W46/><G111/><T29/><D134/><U43/><E108/><V83/><F132/><W109/><G109/><T116/><D116/><U16/><E124/><V130/><F58/><W82/><G126/><T34/><D42/><U65/><E65/><V22/><F49/><W30/><G48/><T80/><D55/><U93/><E43/><V41/><F41/><W77/><G107/><T133/><D133/><U14/><E1/><V23/><F23/><W102/><G59/><T11/><D34/><U85/><REACH who="1" step="1"/><E18/><REACH who="1" ten="270,210,262,238" step="2"/><N who="2" m="10567" /><F7/><W56/><G3/><T86/><D29/><U79/><E79/><V125/><F125/><W17/><G30/><T63/><D78/><U98/><E98/><AGARI ba="2,2" hai="81,83,96,97,98,128,129,130" m="10567,38223" machi="98" ten="30,7700,0" yaku="19,1,52,3" doraHai="92" who="2" fromWho="1" sc="270,0,210,-83,262,103,238,0" owari="270,7.0,127,-37.3,365,46.5,238,-16.2" /></mjloggm>