<mjloggm ver="2.3"><GO type="225" lobby="0"/><UN n0="%E3%83%8F%E3%83%B3%E3%83%89%E3%83%A9%E3%83%BC%E3%83%BB%E3%83%AF%E3%83%B3" n1="%33%74%72%65%65" n2="%4C%4F%4C%49%54%41" n3="%72%69%6F%75%63%68%61%6E" dan="16,16,16,16" rate="2155.99,2181.13,2151.64,2131.05" sx="M,F,F,M"/><TAIKYOKU oya="0"/><INIT seed="0,0,0,3,2,133" ten="250,250,250,250" oya="0" hai0="3,19,17,72,48,23,129,73,109,4,83,98,26" hai1="13,114,102,89,80,120,122,104,43,31,62,125,38" hai2="123,68,97,8,52,22,88,14,93,6,64,7,87" hai3="49,70,46,0,58,2,76,96,39,40,94,35,128"/><T127/><D129/><U50/><E114/><V10/><F123/><W41/><G128/><T20/><D109/><U116/><E116/><V84/><F64/><W29/><G70/><T117/><D117/><U81/><E38/><V59/><F22/><W86/><G35/><T12/><D127/><U79/><E31/><V24/><F24/><W55/><G29/><T107/><D3/><U126/><E62/><V77/><F77/><W108/><G108/><T18/><D4/><U32/><E32/><V131/><F68/><W27/><G27/><T121/><D121/><N who="1" m="46699" /><E13/><N who="2" m="5271" /><F131/><W60/><G86/><T57/><D18/><U69/><E69/><V100/><F100/><W25/><G76/><T105/><D83/><U28/><E28/><V82/><F82/><W111/><G111/><T71/><D71/><U11/><E11/><V30/><F30/><W110/><G25/><T47/><D57/><U37/><E37/><V67/><F67/><W124/><G124/><N who="1" m="47722" /><E79/><V106/><F106/><W36/><G110/><T75/><D107/><U54/><E89/><V134/><F134/><W85/><G36/><T90/><D90/><U1/><E1/><V56/><F56/><W130/><G130/><T132/><D132/><U135/><E135/><V113/><F113/><W15/><G0/><T9/><D9/><U91/><E91/><V99/><F99/><W5/><G2/><T65/><D98/><N who="1" m="61527" /><E43/><V34/><F34/><W115/><G40/><N who="0" m="24679" /><D105/><U95/><E95/><V78/><F78/><W101/><G115/><T63/><D73/><U33/><E33/><V66/><F66/><W21/><G39/><RYUUKYOKU ba="0,0" sc="250,10,250,10,250,10,250,-30" hai0="12,17,19,20,23,26,63,65,72,75" hai1="50,54,80,81" hai2="7,10,14,52,59,84,87,88,93,97" /><INIT seed="0,1,0,0,0,7" ten="260,260,260,220" oya="0" hai0="63,17,71,104,103,73,97,72,61,40,75,80,93" hai1="13,22,30,55,125,20,47,127,123,90,0,31,45" hai2="118,115,58,114,66,52,91,109,100,77,21,78,105" hai3="107,98,67,3,32,119,12,16,126,113,46,129,24"/><T132/><D132/><U111/><E123/><V86/><F66/><W27/><G113/><T120/><D120/><U41/><E0/><V35/><F35/><W54/><G119/><T81/><D40/><U134/><E134/><V51/><F109/><W5/><G126/><N who="1" m="48138" /><E111/><V4/><F118/><W33/><G129/><T85/><D71/><U38/><E90/><V48/><F4/><W18/><G67/><T76/><D17/><N who="3" m="6761" /><G54/><T50/><D50/><N who="1" m="29135" /><E13/><V10/><F51/><W29/><G46/><T8/><D61/><U1/><E1/><V60/><F48/><W49/><G49/><T14/><D63/><U56/><E56/><V112/><F21/><AGARI ba="1,0" hai="20,21,22,30,31,38,41,47" m="29135,48138" machi="21" ten="30,1000,0" yaku="18,1" doraHai="7" who="1" fromWho="2" sc="260,0,260,13,260,-13,220,0" /><INIT seed="1,0,0,3,3,7" ten="260,273,247,220" oya="1" hai0="10,70,63,29,94,59,64,73,62,41,39,100,24" hai1="98,71,3,12,104,110,116,123,118,122,109,95,97" hai2="115,79,127,129,46,74,52,72,67,35,134,47,23" hai3="31,6,132,84,113,128,82,108,87,81,19,0,43"/><U125/><E71/><V58/><F35/><W9/><G128/><T20/><D73/><U14/><E3/><V131/><F134/><W66/><G132/><T90/><D100/><N who="1" m="62479" /><E12/><V18/><F127/><W5/><G108/><N who="1" m="41578" /><E14/><N who="2" m="9687" /><F67/><W93/><G113/><T56/><D10/><U99/><E125/><V25/><F25/><W103/><G66/><T124/><D124/><U28/><E28/><V102/><F102/><W4/><G31/><T22/><D70/><U45/><E45/><N who="2" m="16907" /><F79/><W61/><G19/><T68/><D68/><U135/><E135/><V34/><F34/><W55/><G43/><T92/><D41/><U130/><E130/><N who="2" m="49675" /><F115/><W40/><G40/><T2/><D24/><U106/><E106/><V44/><N who="2" m="16915" /><V33/><DORA hai="120" /><F33/><W117/><G0/><T50/><D2/><U133/><E133/><V107/><F107/><W126/><G126/><T89/><D29/><U65/><E65/><V42/><F42/><W75/><G55/><T17/><D64/><U77/><E77/><V121/><F121/><N who="1" m="46089" /><E99/><V60/><AGARI ba="0,0" hai="52,58,60,72,74" m="49675,16915,9687" machi="60" ten="40,2700,0" yaku="19,1,54,1" doraHai="7,120" who="2" fromWho="2" sc="260,-7,273,-13,247,27,220,-7" /><INIT seed="2,0,0,0,1,22" ten="253,260,274,213" oya="2" hai0="15,104,2,1,46,131,119,90,57,117,65,123,38" hai1="103,33,79,35,24,86,63,80,43,98,66,7,29" hai2="6,30,126,133,81,67,91,4,11,121,73,128,105" hai3="70,115,37,5,32,54,21,107,68,94,95,93,14"/><V59/><F121/><W83/><G32/><T82/><D123/><U88/><E43/><V78/><F105/><W112/><G107/><T40/><D104/><U26/><E7/><V116/><F116/><N who="0" m="44618" /><D15/><U13/><E13/><V0/><F6/><W101/><G37/><T58/><D131/><U23/><E26/><V20/><F128/><W62/><G101/><T69/><D69/><U97/><E79/><V55/><F126/><W17/><G5/><T51/><D65/><U108/><E108/><V100/><F100/><W87/><G54/><N who="0" m="31967" /><D58/><N who="1" m="37239" /><E98/><V118/><F118/><W96/><G96/><T61/><D61/><U49/><E49/><V111/><F67/><W42/><G42/><T12/><D12/><U31/><E31/><V48/><F30/><W16/><G17/><T39/><D39/><U10/><E10/><V71/><F11/><W109/><G109/><T99/><D99/><U19/><E19/><V34/><F111/><W125/><G125/><T52/><D52/><U44/><E44/><V135/><F55/><W60/><G62/><T50/><D38/><U76/><E76/><V3/><F78/><N who="3" m="46583" /><G60/><T25/><D25/><U120/><E120/><V72/><F48/><W28/><G28/><T102/><D1/><U122/><E122/><V74/><F0/><W41/><G41/><T134/><D2/><U106/><E106/><V77/><F3/><W27/><G14/><T124/><D124/><U113/><E113/><AGARI ba="0,0" hai="16,21,27,68,70,93,94,95,112,113,115" m="46583" machi="113" ten="30,3900,0" yaku="11,1,52,1,54,1" doraHai="22" who="3" fromWho="1" sc="253,0,260,-39,274,0,213,39" /><INIT seed="3,0,0,4,5,109" ten="253,221,274,252" oya="3" hai0="91,18,28,85,37,48,33,3,135,124,61,99,65" hai1="51,17,80,74,12,31,19,93,44,104,54,107,121" hai2="55,7,114,90,15,129,128,86,118,6,4,72,47" hai3="29,68,5,41,40,103,23,14,97,52,92,30,58"/><W83/><G68/><T110/><D37/><U0/><E0/><V127/><F72/><W81/><G29/><T20/><D3/><U56/><E121/><V10/><F118/><W101/><G103/><T67/><D110/><U71/><E71/><V130/><F127/><W63/><G30/><T50/><D124/><U13/><E107/><V77/><F77/><W62/><G63/><T1/><D1/><U45/><E104/><V49/><REACH who="2" step="1"/><F114/><REACH who="2" ten="253,221,264,252" step="2"/><W82/><G23/><T100/><D20/><N who="1" m="11303" /><E74/><V131/><F131/><W42/><G42/><T57/><D33/><U34/><E34/><V53/><F53/><W21/><G21/><T38/><D67/><U8/><E31/><V95/><AGARI ba="0,1" hai="4,6,7,10,15,47,49,55,86,90,95,128,129,130" machi="95" ten="30,4000,0" yaku="1,1,0,1,19,1,53,0" doraHai="109" doraHaiUra="78" who="2" fromWho="2" sc="253,-10,221,-10,264,50,252,-20" owari="243,4.3,211,-28.9,314,41.4,232,-16.8" /></mjloggm>