<mjloggm ver="2.3"><GO type="225" lobby="0"/><UN n0="%77%72%77%72%77%72%77%72" n1="%E6%81%A5%E6%99%92%E3%81%97" n2="%E3%83%B4%E3%82%A3%E3%83%AF%E3%82%B3%E3%82%B0%E3%83%8B" n3="%E8%B5%A4%E3%81%84%E8%9B%99%31%31" dan="16,17,17,16" rate="2143.30,2110.64,2209.79,2118.36" sx="M,M,M,M"/><TAIKYOKU oya="0"/><INIT seed="0,0,0,0,5,4" ten="250,250,250,250" oya="0" hai0="55,1,114,99,88,116,85,129,60,15,89,112,34" hai1="102,134,126,115,54,78,104,80,90,38,41,12,132" hai2="77,131,82,67,75,3,10,65,30,69,14,61,20" hai3="97,81,110,72,49,64,98,29,135,120,123,9,84"/><T107/><D116/><U26/><E126/><V35/><F131/><W127/><G127/><T83/><D1/><U37/><E115/><V51/><F65/><W44/><G135/><N who="1" m="51754" /><E90/><V45/><F35/><W8/><G64/><T11/><D129/><U53/><E26/><V130/><F130/><W91/><G29/><T119/><D119/><U50/><E41/><V118/><F118/><W87/><G72/><T106/><D34/><U105/><E54/><V108/><F108/><W103/><G110/><T96/><D60/><U32/><E32/><V122/><F122/><N who="3" m="46635" /><G87/><T5/><D55/><U93/><E93/><V0/><F20/><W70/><G70/><T117/><D117/><U59/><E12/><V95/><F95/><N who="3" m="58815" /><G98/><T13/><D13/><U121/><E121/><V46/><F30/><W48/><G48/><T39/><D39/><N who="1" m="14859" /><E102/><V111/><F111/><W21/><G21/><T42/><D114/><U73/><AGARI ba="0,0" hai="50,53,59,73,78,80,104,105" m="14859,51754" machi="73" ten="30,1100,0" yaku="20,1" doraHai="4" who="1" fromWho="1" sc="250,-5,250,11,250,-3,250,-3" /><INIT seed="1,0,0,0,4,64" ten="245,261,247,247" oya="1" hai0="67,36,121,18,37,92,42,22,111,130,124,83,116" hai1="129,105,76,68,21,123,88,61,65,79,50,44,55" hai2="52,32,11,60,71,13,1,66,70,113,56,86,46" hai3="96,91,48,53,102,84,126,80,115,118,74,3,75"/><U14/><E123/><V93/><F1/><W25/><G115/><T6/><D116/><U104/><E129/><V8/><F32/><W5/><G126/><T99/><D124/><U87/><E104/><V117/><F117/><W15/><G3/><T4/><D130/><U23/><E105/><V49/><F113/><W39/><G39/><T24/><D121/><U103/><E103/><V51/><F51/><W43/><G43/><T81/><D111/><U107/><E107/><V26/><F26/><W106/><G25/><T72/><D67/><U85/><E85/><V9/><REACH who="2" step="1"/><F13/><REACH who="2" ten="245,261,237,247" step="2"/><W62/><G118/><T17/><D36/><U30/><E14/><V109/><F109/><W112/><G112/><T31/><D37/><U10/><E10/><V132/><F132/><W0/><G0/><T100/><D42/><U110/><E110/><V58/><F58/><W35/><G35/><T90/><D72/><U78/><REACH who="1" step="1"/><E30/><REACH who="1" ten="245,251,237,247" step="2"/><V134/><F134/><W125/><G125/><T95/><D31/><U131/><E131/><V28/><F28/><W108/><G108/><T20/><D24/><U101/><E101/><V82/><F82/><AGARI ba="0,2" hai="21,23,44,50,55,61,65,68,76,78,79,82,87,88" machi="82" ten="40,7700,0" yaku="1,1,52,1,54,1,53,0" doraHai="64" doraHaiUra="69" who="1" fromWho="2" sc="245,0,251,97,237,-77,247,0" /><INIT seed="1,1,0,0,0,73" ten="245,348,160,247" oya="1" hai0="44,61,133,118,91,134,86,123,110,77,47,42,95" hai1="63,37,115,124,56,14,127,32,126,49,65,40,130" hai2="80,29,25,0,66,82,90,52,129,135,128,70,36" hai3="69,15,116,78,75,114,24,109,30,103,117,102,101"/><U104/><E32/><V1/><F36/><W45/><G114/><T22/><D118/><N who="3" m="45673" /><G69/><T100/><D110/><U96/><E115/><V72/><F66/><W83/><G109/><T48/><D123/><U85/><E14/><V51/><F70/><W81/><G45/><T39/><D100/><U64/><E130/><N who="2" m="50283" /><F90/><W76/><G15/><T67/><D22/><U17/><E17/><V6/><F6/><W20/><G103/><T108/><D108/><U55/><E37/><V68/><F68/><W2/><G2/><N who="2" m="1129" /><F135/><W4/><G4/><T92/><D134/><U35/><E65/><V11/><F11/><W113/><G113/><T46/><D133/><U57/><E64/><V31/><F72/><AGARI ba="1,0" hai="20,24,30,72,75,76,78,81,83,101,102" m="45673" machi="72" ten="30,3900,0" yaku="12,1,52,2" doraHai="73" who="3" fromWho="2" sc="245,0,348,0,160,-42,247,42" /><INIT seed="2,0,0,2,4,18" ten="245,348,118,289" oya="2" hai0="6,46,77,27,39,132,120,37,28,60,13,78,51" hai1="9,34,26,73,80,57,21,81,103,79,110,100,2" hai2="30,86,85,115,54,23,93,15,25,41,112,106,58" hai3="61,65,63,127,125,31,44,66,87,48,118,76,49"/><V102/><F106/><W16/><G118/><T89/><D120/><U123/><E123/><V92/><F115/><W33/><G33/><T67/><D132/><U104/><E34/><V0/><F0/><W50/><G31/><T56/><D37/><U12/><E110/><V134/><F112/><W98/><G98/><T42/><D39/><U95/><E104/><V71/><F71/><W68/><G16/><T74/><D74/><U109/><E95/><V4/><F41/><N who="3" m="24591" /><G87/><T84/><D13/><U96/><E2/><V1/><F1/><W8/><G8/><T35/><D6/><U101/><E12/><V108/><F108/><W128/><G76/><T116/><D116/><U117/><E9/><N who="2" m="4519" /><F134/><W75/><G75/><T107/><D107/><U105/><E109/><V124/><F124/><N who="3" m="47691" /><G128/><T29/><D29/><U53/><E117/><V99/><F93/><AGARI ba="0,0" hai="27,28,35,42,46,51,56,60,67,77,78,84,89,93" machi="93" ten="30,1000,0" yaku="7,1" doraHai="18" who="0" fromWho="2" sc="245,10,348,0,118,-10,289,0" /><INIT seed="3,0,0,4,0,117" ten="255,348,108,289" oya="3" hai0="114,37,62,134,94,58,128,19,135,119,4,125,31" hai1="49,87,91,132,105,75,79,50,72,42,115,98,60" hai2="107,52,110,66,46,93,65,11,48,101,131,118,40" hai3="21,26,90,102,27,69,2,96,100,29,127,84,59"/><W54/><G127/><T80/><D119/><U99/><E115/><V56/><F107/><W83/><G69/><T28/><D114/><U5/><E132/><N who="0" m="50729" /><D37/><U3/><E75/><V103/><F118/><W112/><G112/><T14/><D80/><U82/><E60/><V55/><F110/><W108/><G108/><T129/><D94/><N who="1" m="54655" /><E99/><V133/><F131/><N who="0" m="50250" /><D4/><U61/><E61/><V8/><F133/><W116/><G116/><T47/><D47/><U0/><E42/><V44/><F93/><W51/><G2/><N who="1" m="554" /><E5/><V92/><F92/><W39/><G39/><T88/><D125/><U36/><E36/><V126/><F126/><W76/><G76/><T121/><D121/><U7/><E7/><V113/><F113/><W22/><REACH who="3" step="1"/><G96/><REACH who="3" ten="255,348,108,279" step="2"/><T9/><D28/><AGARI ba="0,1" hai="21,22,26,27,28,29,51,54,59,83,84,90,100,102" machi="28" ten="30,12000,1" yaku="1,1,2,1,7,1,9,1,8,1,53,0" doraHai="117" doraHaiUra="57" who="3" fromWho="0" sc="255,-120,348,0,108,0,279,130" owari="135,-26.5,348,14.8,108,-39.2,409,50.9" /></mjloggm>