<mjloggm ver="2.3"><GO type="225" lobby="0"/><UN n0="%E3%81%90%E3%81%A1%E3%82%84%E3%81%BE" n1="%E3%81%95%E3%81%8D%E3%81%9F%E3%81%BE%E6%9E%97%E6%AA%8E" n2="%E3%80%90%E3%83%88%E3%83%AA%E3%83%A5%E3%83%95%E3%80%91" n3="%E6%81%A5%E6%99%92%E3%81%97" dan="16,16,16,16" rate="2126.65,2103.36,2124.43,2182.25" sx="M,M,M,M"/><TAIKYOKU oya="0"/><INIT seed="0,0,0,3,1,9" ten="250,250,250,250" oya="0" hai0="29,127,105,33,1,22,20,74,38,83,103,63,126" hai1="16,32,27,45,68,24,84,120,13,110,128,55,119" hai2="135,79,133,130,17,94,54,51,108,76,111,52,99" hai3="129,41,75,46,90,112,104,71,36,26,40,87,121"/><T56/><D38/><U101/><E119/><V57/><F130/><W77/><G112/><T25/><D1/><U123/><E110/><N who="2" m="42027" /><F17/><W132/><G129/><T85/><D74/><U109/><E109/><V88/><F54/><W98/><G132/><AGARI ba="0,0" hai="51,52,57,76,79,88,94,99,132,133,135" m="42027" machi="132" ten="30,7700,0" yaku="20,1,14,1,54,2" doraHai="9" who="2" fromWho="3" sc="250,0,250,0,250,77,250,-77" /><INIT seed="1,0,0,1,0,74" ten="250,250,327,173" oya="1" hai0="20,22,127,16,44,50,79,67,125,90,10,131,11" hai1="6,66,60,121,12,107,64,97,59,128,58,70,78" hai2="26,30,34,77,108,96,5,135,69,57,15,49,120" hai3="113,51,115,87,88,65,119,132,1,92,52,104,129"/><U14/><E121/><V19/><F69/><W61/><G1/><T109/><D109/><U38/><E38/><V122/><F108/><W21/><G129/><T130/><D90/><U134/><E128/><N who="0" m="49193" /><D67/><U126/><E126/><N who="0" m="48137" /><D79/><U24/><E134/><V71/><F135/><W3/><G132/><T17/><D50/><U89/><E78/><V35/><F71/><W31/><G3/><T75/><D44/><U99/><E107/><V46/><F35/><W0/><G0/><T55/><D55/><U54/><E70/><V81/><F96/><W29/><G119/><T93/><D93/><N who="1" m="56495" /><E99/><V40/><F57/><W41/><G104/><T102/><D102/><U53/><E24/><V7/><F120/><W62/><G41/><T36/><D75/><U68/><E68/><V28/><F122/><W85/><G85/><T80/><D80/><U76/><E76/><V45/><F45/><N who="3" m="27759" /><G113/><T83/><D83/><U111/><E111/><V72/><F30/><N who="3" m="11275" /><G115/><T23/><D36/><U103/><E103/><V124/><F124/><W43/><G43/><T105/><D105/><U118/><E118/><V98/><F98/><W112/><G112/><T33/><D33/><U106/><E106/><V47/><F47/><W4/><G65/><T9/><AGARI ba="0,0" hai="9,10,11,16,17,20,22,23" m="48137,49193" machi="9" ten="40,12000,2" yaku="28,2,19,1,18,1,34,2,54,1" doraHai="74" who="0" fromWho="0" sc="250,120,250,-60,327,-30,173,-30" /><INIT seed="2,0,0,2,0,22" ten="370,190,297,143" oya="2" hai0="127,36,89,76,60,119,49,57,50,4,17,16,134" hai1="100,1,28,30,112,91,38,109,47,9,111,98,123" hai2="87,103,104,23,0,46,71,6,132,94,66,130,96" hai3="24,19,3,122,39,95,21,121,72,97,90,82,75"/><V115/><F115/><W88/><G39/><T8/><D36/><U35/><E112/><V67/><F132/><W85/><REACH who="3" step="1"/><G3/><REACH who="3" ten="370,190,297,133" step="2"/><T32/><D134/><U59/><E1/><V31/><F0/><W14/><G14/><T102/><D119/><U51/><E123/><AGARI ba="0,1" hai="19,21,24,72,75,82,85,88,90,95,97,121,122,123" machi="123" ten="40,5200,0" yaku="1,1,52,1,54,1,53,0" doraHai="22" doraHaiUra="53" who="3" fromWho="1" sc="370,0,190,-52,297,0,133,62" /><INIT seed="3,0,0,2,1,11" ten="370,138,297,195" oya="3" hai0="45,16,35,31,93,132,8,88,87,113,46,18,62" hai1="95,117,61,78,92,121,103,99,68,9,70,21,72" hai2="14,110,71,44,128,120,57,30,2,89,63,75,41" hai3="47,107,73,65,134,104,60,25,39,20,36,12,52"/><W85/><G73/><T59/><D132/><U17/><E121/><V80/><F110/><W83/><G134/><T116/><D116/><U115/><E115/><V114/><F2/><W6/><G39/><T56/><D113/><U84/><E117/><V79/><F128/><W126/><G126/><T111/><D111/><U51/><E72/><V119/><F119/><W1/><G1/><T102/><D35/><U123/><E123/><V112/><F71/><W0/><G25/><T29/><D102/><U109/><E109/><V67/><F120/><W77/><G0/><T133/><D133/><U129/><E129/><V124/><F124/><W91/><G36/><T66/><D59/><U58/><E9/><V94/><F14/><W7/><G77/><T64/><D66/><U34/><E34/><V3/><F30/><N who="0" m="11274" /><D8/><U4/><E4/><V49/><F3/><W98/><G98/><AGARI ba="0,0" hai="41,44,49,57,63,67,75,79,80,89,94,98,112,114" machi="98" ten="30,1000,0" yaku="7,1" doraHai="11" who="2" fromWho="3" sc="370,0,138,0,297,10,195,-10" owari="370,47.0,138,-36.2,307,10.7,185,-21.5" /></mjloggm>