<mjloggm ver="2.3"><GO type="225" lobby="0"/><UN n0="%E3%81%A4%E3%81%A3%E3%81%B1%E3%82%8A%E3%83%9D%E3%83%BC%E3%83%AB" n1="%E6%A1%9C%E8%8A%B1%E9%96%83%E3%80%85" n2="%E6%9C%88%E5%B3%B6%E5%9F%BA" n3="%E3%81%8B%E3%82%8F%E3%81%A1%E3%82%83%E3%82%93%35%38" dan="17,17,18,16" rate="2267.72,2187.36,2233.75,2151.69" sx="M,M,M,M"/><TAIKYOKU oya="0"/><INIT seed="0,0,0,3,5,70" ten="250,250,250,250" oya="0" hai0="113,83,87,31,30,127,111,88,1,39,119,7,103" hai1="106,86,49,82,2,60,73,10,52,72,93,130,75" hai2="57,120,98,117,116,135,110,34,121,56,0,33,64" hai3="125,118,81,96,23,126,47,4,44,63,78,71,114"/><T97/><D113/><U100/><E130/><V133/><F98/><W79/><G114/><T124/><D119/><N who="2" m="45642" /><F64/><N who="3" m="41375" /><G118/><T43/><D111/><U50/><E106/><V22/><F22/><W131/><G131/><T41/><D41/><U24/><E24/><V105/><F105/><W48/><G4/><T91/><D91/><U16/><E2/><V69/><F69/><W20/><G96/><T26/><D7/><U17/><E100/><V54/><F54/><N who="3" m="29959" /><G47/><N who="0" m="24063" /><D26/><U77/><E93/><V9/><F9/><W8/><G8/><T76/><D76/><N who="3" m="29225" /><G81/><T104/><D1/><U19/><REACH who="1" step="1"/><E10/><REACH who="1" ten="250,240,250,250" step="2"/><V112/><F0/><W107/><G107/><T61/><D61/><U53/><E53/><V129/><F112/><W28/><G28/><T13/><D13/><U25/><E25/><V11/><F11/><W109/><G109/><T38/><D38/><U35/><E35/><V65/><F129/><W68/><G20/><T58/><D58/><AGARI ba="0,1" hai="16,17,19,49,50,52,58,60,72,73,75,77,82,86" machi="58" ten="50,8000,1" yaku="1,1,54,2,53,1" doraHai="70" doraHaiUra="51" who="1" fromWho="0" sc="250,-80,240,90,250,0,250,0" /><INIT seed="1,0,0,1,0,25" ten="170,330,250,250" oya="1" hai0="11,0,44,98,36,116,51,45,117,104,79,54,34" hai1="120,14,123,95,59,119,4,90,27,61,83,64,21" hai2="82,94,16,73,110,63,131,49,41,126,30,81,2" hai3="6,103,118,130,88,124,28,39,112,97,52,114,57"/><U113/><E113/><V9/><F110/><W128/><G39/><T78/><D34/><U47/><E119/><V71/><F126/><W29/><G6/><T107/><D11/><U69/><E69/><V53/><F131/><N who="3" m="50219" /><G124/><T133/><D0/><U74/><E47/><N who="2" m="25839" /><F73/><W55/><G55/><T31/><D98/><U75/><E4/><V125/><F71/><W1/><G1/><T20/><D36/><U129/><E14/><N who="2" m="7247" /><F2/><W24/><G118/><T37/><D37/><U93/><E93/><V67/><F67/><W135/><G135/><T115/><D115/><N who="3" m="44073" /><G88/><T7/><D51/><U19/><E129/><V91/><F125/><W60/><G24/><T18/><D117/><U101/><E101/><V42/><F42/><W84/><G84/><T92/><D116/><U8/><E75/><V76/><F76/><W122/><G122/><T68/><D79/><U56/><E74/><V132/><F132/><W48/><G48/><T12/><D78/><U127/><E127/><V65/><F65/><W80/><G80/><T5/><D133/><U3/><E83/><V33/><F82/><W35/><G35/><T70/><D54/><U13/><E3/><V58/><F33/><W96/><G96/><T43/><D43/><U106/><E120/><V134/><F81/><W72/><G72/><T23/><D12/><U15/><E15/><V87/><F134/><W22/><G22/><T102/><D20/><U105/><E123/><V17/><F87/><W121/><G121/><T46/><D23/><U100/><E64/><V62/><F91/><W32/><G32/><T66/><D66/><RYUUKYOKU ba="0,0" sc="170,-10,330,-10,250,-10,250,30" hai3="28,29,52,57,60,97,103" /><INIT seed="2,1,0,5,2,106" ten="160,320,240,280" oya="2" hai0="65,71,134,108,6,60,54,35,5,25,51,79,120" hai1="41,104,55,101,48,57,23,118,123,52,7,40,46" hai2="44,3,88,2,121,34,116,124,30,99,98,127,37" hai3="76,24,1,13,72,105,94,53,86,38,110,59,10"/><V69/><F116/><W109/><G105/><T70/><D120/><U0/><E118/><V15/><F121/><W129/><G1/><T131/><D134/><U11/><E123/><V122/><F69/><W66/><G38/><T14/><D131/><U111/><E111/><N who="3" m="42506" /><G129/><T62/><D108/><U130/><E130/><V28/><F122/><W90/><G24/><T9/><D79/><U87/><E87/><V47/><F15/><W128/><G128/><T33/><D6/><U77/><E77/><V82/><F37/><W92/><G66/><T95/><D95/><U93/><E104/><V17/><F17/><W31/><G31/><T63/><D25/><U45/><E23/><V113/><F34/><W49/><G76/><T135/><D135/><U64/><E64/><V83/><F113/><W112/><G112/><T133/><D133/><U43/><REACH who="1" step="1"/><E55/><REACH who="1" ten="160,310,240,280" step="2"/><V73/><F124/><W21/><G21/><T22/><D22/><U97/><AGARI ba="1,1" hai="0,7,11,40,41,43,45,46,48,52,57,93,97,101" machi="97" ten="30,8000,1" yaku="1,1,2,1,0,1,54,1,53,1" doraHai="106" doraHaiUra="50" who="1" fromWho="1" sc="160,-21,310,93,240,-41,280,-21" /><INIT seed="3,0,0,2,4,73" ten="139,403,199,259" oya="3" hai0="112,2,59,134,127,33,89,131,20,80,36,57,47" hai1="81,133,69,94,5,110,52,28,83,123,13,121,90" hai2="65,71,108,95,86,68,125,64,91,113,53,100,78" hai3="24,63,25,3,114,26,104,23,106,56,98,126,8"/><W77/><G114/><T0/><D33/><U35/><E69/><V43/><F113/><W17/><G126/><T16/><D112/><U92/><E92/><V58/><F125/><W102/><G104/><T97/><D127/><U46/><E35/><V101/><F71/><W67/><G3/><T70/><D70/><U10/><E28/><V1/><F1/><W45/><G45/><T119/><D119/><U107/><E107/><V55/><F68/><W32/><G32/><T61/><D131/><U109/><E133/><V115/><F108/><N who="1" m="41577" /><E52/><N who="2" m="20043" /><F115/><W85/><G8/><T37/><D134/><U60/><E60/><N who="2" m="37911" /><F65/><W87/><G87/><T129/><D129/><U50/><E50/><V128/><F128/><W84/><G85/><T27/><D59/><U62/><E62/><V96/><F43/><W38/><G38/><T51/><D37/><U44/><E83/><AGARI ba="0,0" hai="78,83,86,91,95,96,100,101" m="37911,20043" machi="83" ten="30,3900,0" yaku="8,1,52,1,54,1" doraHai="73" who="2" fromWho="1" sc="139,0,403,-39,199,39,259,0" owari="139,-36.1,364,46.4,238,-16.2,259,5.9" /></mjloggm>