<mjloggm ver="2.3"><GO type="225" lobby="0"/><UN n0="%E7%89%B9%E6%9D%B1%E5%96%B0%E8%B5%A4%E9%80%9F" n1="%E6%81%A5%E6%99%92%E3%81%97" n2="%E3%83%96%E3%83%83%E3%83%91%E3%82%AA%E3%83%96%E3%83%81%E3%82%AD%E3%83%B3" n3="%E6%A1%9C%E8%8A%B1%E9%96%83%E3%80%85" dan="16,16,16,16" rate="2006.02,2143.52,2197.02,2145.48" sx="M,M,M,M"/><TAIKYOKU oya="0"/><INIT seed="0,0,0,5,0,37" ten="250,250,250,250" oya="0" hai0="77,9,88,90,121,42,58,33,78,110,97,112,93" hai1="59,133,100,60,131,114,128,12,104,116,16,27,105" hai2="67,65,4,109,132,7,8,124,22,73,96,126,56" hai3="1,11,76,84,53,130,101,39,99,80,94,5,21"/><T103/><D33/><U10/><E116/><V48/><F73/><W40/><G130/><N who="1" m="49706" /><E133/><V24/><F132/><W83/><G53/><T41/><D112/><U129/><N who="1" m="49714" /><U70/><DORA hai="32" /><E114/><V6/><F109/><W115/><G115/><T85/><D121/><U74/><E74/><V62/><F96/><W102/><G21/><T118/><D118/><U30/><E70/><V122/><F122/><W135/><G135/><T35/><D35/><N who="1" m="20959" /><E100/><V19/><F67/><AGARI ba="0,0" hai="10,12,16,59,60,67,104,105" m="20959,49714" machi="67" ten="40,2600,0" yaku="19,1,54,1" doraHai="37,32" who="1" fromWho="2" sc="250,0,250,26,250,-26,250,0" /><INIT seed="1,0,0,2,1,31" ten="250,276,224,250" oya="1" hai0="22,26,86,69,78,40,61,3,83,6,113,15,4" hai1="108,14,27,98,110,25,41,123,127,119,49,73,88" hai2="18,39,58,129,0,85,125,79,13,42,9,74,65" hai3="28,44,43,8,81,21,71,115,50,17,16,102,122"/><U94/><E119/><V120/><F120/><W77/><G122/><T126/><D113/><U75/><E123/><V134/><F134/><W82/><G115/><T76/><D126/><U121/><E121/><V70/><F125/><W33/><G71/><T114/><D114/><U45/><E127/><V107/><F107/><W116/><G116/><T11/><D40/><U56/><E14/><V35/><F129/><W96/><G33/><T68/><D76/><U37/><E37/><V47/><F70/><W2/><G28/><T109/><D109/><N who="1" m="42091" /><E56/><V5/><F85/><W60/><G60/><T112/><D61/><U92/><E94/><V90/><F90/><W104/><G21/><T46/><D46/><U130/><E130/><V38/><F38/><W67/><G67/><T101/><D101/><U117/><E117/><V24/><F58/><W51/><G51/><T1/><D112/><U105/><E105/><V32/><F24/><AGARI ba="0,0" hai="24,25,27,41,45,49,73,75,88,92,98" m="42091" machi="24" ten="30,5800,0" yaku="14,1,10,1,54,1" doraHai="31" who="1" fromWho="2" sc="250,0,276,58,224,-58,250,0" /><INIT seed="1,1,0,2,4,131" ten="250,334,166,250" oya="1" hai0="63,35,38,96,133,7,23,81,57,118,97,102,46" hai1="70,109,34,84,79,130,101,51,12,1,64,31,5" hai2="0,125,15,3,73,44,13,62,41,105,59,124,132" hai3="47,127,61,108,53,123,75,77,110,134,4,104,117"/><U135/><E130/><V121/><F73/><W6/><G123/><T18/><D118/><U25/><E101/><V113/><F105/><W99/><G117/><T122/><D35/><U82/><E109/><N who="3" m="42090" /><G127/><N who="2" m="48713" /><F121/><W48/><G134/><T107/><D7/><U22/><E51/><N who="2" m="27023" /><F113/><W58/><G99/><T95/><D81/><U111/><E111/><V92/><F92/><W78/><G104/><T32/><D32/><U90/><E90/><V91/><F91/><W37/><G37/><T69/><D38/><U40/><E135/><V66/><F132/><W11/><G75/><T26/><D122/><U67/><E70/><V29/><F29/><W128/><G128/><T19/><D69/><U68/><E68/><V39/><F39/><W60/><G60/><T52/><D133/><U43/><E1/><AGARI ba="1,0" hai="0,1,3,13,15,59,62,66" m="27023,48713" machi="1" ten="30,1000,0" yaku="18,1" doraHai="131" who="2" fromWho="1" sc="250,0,334,-13,166,13,250,0" /><INIT seed="2,0,0,2,1,135" ten="250,321,179,250" oya="2" hai0="46,72,129,55,95,50,29,67,38,31,45,73,123" hai1="59,122,96,133,75,87,6,70,88,61,106,35,18" hai2="39,9,0,54,107,74,82,10,16,19,131,90,26" hai3="118,37,28,42,11,65,2,77,60,109,8,113,23"/><V21/><F107/><W5/><G118/><T48/><D123/><U117/><E117/><V41/><F131/><W64/><G109/><T78/><D38/><U79/><E122/><V62/><F54/><W91/><G113/><T44/><D129/><U103/><E133/><V7/><F62/><W36/><G77/><T12/><D78/><U3/><E35/><V99/><F74/><W51/><G91/><T52/><D67/><U57/><E18/><V24/><F10/><W47/><G11/><T104/><D46/><U68/><E6/><V76/><F90/><W63/><G28/><T80/><D12/><U84/><E3/><V108/><F99/><W27/><G63/><T121/><D95/><N who="1" m="54663" /><E87/><V97/><F97/><W20/><G20/><T14/><D14/><U120/><E120/><V92/><F92/><W128/><G128/><T71/><D121/><U13/><E13/><V124/><F108/><W58/><G65/><T134/><D134/><U32/><E61/><V100/><F100/><W53/><G64/><T101/><D71/><N who="1" m="27179" /><E32/><V33/><F33/><W69/><G69/><T43/><D43/><U89/><E89/><V98/><F98/><W114/><G114/><T85/><D101/><U116/><E116/><V22/><F41/><W15/><G2/><T40/><D40/><U110/><E110/><V56/><F39/><W4/><G4/><T34/><D104/><U81/><AGARI ba="0,0" hai="57,59,75,79,81,96,103,106" m="27179,54663" machi="81" ten="30,2000,0" yaku="24,1,54,1" doraHai="135" who="1" fromWho="1" sc="250,-5,321,20,179,-10,250,-5" /><INIT seed="3,0,0,2,0,101" ten="245,341,169,245" oya="3" hai0="74,123,37,63,55,92,69,76,29,51,50,118,11" hai1="131,98,121,135,0,91,96,13,49,132,84,54,47" hai2="102,82,26,9,39,31,48,3,77,105,114,100,104" hai3="130,41,2,112,68,59,33,43,95,12,125,10,62"/><W87/><G2/><T16/><D118/><U103/><E131/><V61/><F114/><W133/><G68/><T57/><D123/><U1/><E121/><V52/><F39/><W88/><G112/><T113/><D113/><U60/><E60/><V35/><F61/><W42/><G130/><T14/><D37/><U36/><E36/><V115/><F115/><W32/><G125/><T83/><D69/><U117/><E13/><V85/><F100/><W71/><G133/><N who="1" m="51274" /><E117/><V106/><F102/><W129/><G71/><T19/><D29/><U15/><E15/><V79/><F79/><W93/><G129/><T8/><D92/><N who="1" m="54375" /><E98/><V75/><F75/><W4/><REACH who="3" step="1"/><G93/><AGARI ba="0,0" hai="0,1,47,49,54,93,96,103" m="54375,51274" machi="93" ten="30,1000,0" yaku="20,1" doraHai="101" who="1" fromWho="3" sc="245,0,341,10,169,0,245,-10" owari="245,4.5,351,45.1,169,-33.1,235,-16.5" /></mjloggm>