<mjloggm ver="2.3"><GO type="225" lobby="0"/><UN n0="%E3%83%A9%E3%82%B9%E7%8E%87%EF%BC%93%E5%89%B2" n1="%E6%A1%9C%E8%8A%B1%E9%96%83%E3%80%85" n2="%77%72%77%72%77%72%77%72" n3="%E5%8F%AF%E5%85%90%E9%82%A3%E7%94%B1%E5%A4%9A" dan="17,16,16,16" rate="2203.04,2139.59,2180.61,2108.63" sx="F,M,M,F"/><TAIKYOKU oya="0"/><INIT seed="0,0,0,1,5,131" ten="250,250,250,250" oya="0" hai0="133,12,76,85,49,124,104,65,108,73,105,8,41" hai1="90,46,33,77,20,96,27,36,71,26,120,80,91" hai2="132,0,101,89,15,74,111,28,13,119,66,88,107" hai3="127,75,122,62,60,32,40,72,30,25,6,55,64"/><T95/><D124/><U110/><E120/><V57/><F0/><W94/><G127/><T22/><D73/><U114/><E71/><V86/><F74/><W43/><G122/><T3/><D3/><U39/><E110/><V70/><F70/><W34/><G6/><T68/><D108/><U58/><E114/><V97/><F111/><W118/><G118/><T29/><D65/><U128/><E128/><V31/><F132/><W92/><G55/><T81/><D68/><U125/><E58/><V93/><F119/><W83/><G25/><N who="0" m="16567" /><D95/><U56/><E56/><V53/><F66/><W59/><G59/><T100/><D100/><U61/><E61/><V78/><F78/><W123/><G64/><T117/><D117/><U129/><E39/><V102/><F102/><W1/><G1/><T2/><D2/><U37/><E37/><V79/><F79/><W69/><G69/><T121/><D121/><U48/><E77/><V103/><F103/><W42/><G123/><T135/><D49/><U112/><E48/><V38/><F38/><W54/><G72/><T23/><D23/><U47/><E20/><V18/><F89/><W16/><G75/><T24/><D24/><U21/><E21/><N who="2" m="11471" /><F15/><W50/><G60/><T113/><D41/><N who="3" m="15977" /><G62/><T35/><D35/><U67/><E33/><V19/><F19/><W126/><N who="3" m="15985" /><W99/><DORA hai="98" /><G32/><T7/><D113/><U63/><E112/><V134/><F134/><AGARI ba="0,0" hai="7,8,12,76,81,85,104,105,133,134,135" m="16567" machi="134" ten="30,11600,0" yaku="20,1,52,3" doraHai="131,98" who="0" fromWho="2" sc="250,116,250,0,250,-116,250,0" /><INIT seed="0,1,0,3,2,50" ten="366,250,134,250" oya="0" hai0="74,33,95,89,43,98,67,51,78,114,75,119,54" hai1="27,124,66,118,44,57,115,31,62,17,19,38,133" hai2="68,120,22,105,96,123,64,16,101,20,88,93,23" hai3="4,29,130,71,92,52,131,94,32,18,87,13,35"/><T8/><D114/><U97/><E118/><V83/><F83/><W77/><G71/><T21/><D33/><U129/><E115/><V122/><F64/><W45/><G4/><T59/><D119/><U47/><E129/><N who="3" m="49162" /><G77/><T111/><D111/><U7/><E133/><V34/><F34/><N who="3" m="12843" /><G29/><T65/><D43/><U28/><E124/><V91/><F68/><W36/><G36/><T26/><D8/><U81/><E7/><V12/><REACH who="2" step="1"/><F91/><REACH who="2" ten="366,250,124,250" step="2"/><W113/><G113/><T11/><D67/><U2/><E81/><V73/><F73/><W85/><G85/><AGARI ba="1,1" hai="12,16,20,22,23,85,88,93,96,101,105,120,122,123" machi="85" ten="40,5200,0" yaku="1,1,54,2,53,0" doraHai="50" doraHaiUra="69" who="2" fromWho="3" sc="366,0,250,0,124,65,250,-55" /><INIT seed="1,0,0,1,4,44" ten="366,250,189,195" oya="1" hai0="3,17,66,51,125,82,40,57,75,81,122,107,106" hai1="70,68,14,80,83,111,94,135,53,78,71,43,22" hai2="69,134,67,116,20,62,119,115,104,18,76,109,30" hai3="117,108,65,26,0,102,38,16,73,96,33,72,93"/><U98/><E135/><V127/><F134/><W2/><G38/><T45/><D3/><U41/><E111/><V118/><F109/><W39/><G39/><T34/><D34/><U8/><E22/><V37/><F37/><W123/><G108/><T7/><D7/><U5/><E53/><V60/><F104/><W54/><G123/><T55/><D125/><U114/><E114/><V101/><F115/><W84/><G117/><T103/><D122/><U13/><E13/><V74/><F101/><W63/><G54/><T27/><D75/><U90/><REACH who="1" step="1"/><E83/><REACH who="1" ten="366,240,189,195" step="2"/><V128/><F127/><W120/><G120/><T23/><D82/><U32/><E32/><V97/><F119/><W1/><G33/><T95/><D81/><U112/><E112/><V42/><F20/><W46/><G0/><T4/><D55/><U15/><E15/><V85/><F118/><W56/><G1/><T12/><D12/><U36/><E36/><V124/><F124/><W52/><G2/><T130/><D23/><U105/><E105/><V86/><F116/><W29/><G52/><T35/><D106/><U77/><E77/><V91/><F76/><W64/><G26/><T47/><D107/><U99/><E99/><V87/><F97/><W28/><G96/><T100/><D27/><U61/><E61/><V24/><F62/><W19/><G63/><T129/><D35/><U48/><E48/><V10/><F60/><W126/><G126/><T9/><D51/><U89/><E89/><V11/><F24/><W79/><G79/><T58/><D103/><U21/><E21/><V132/><F91/><RYUUKYOKU ba="0,1" sc="366,-10,240,30,189,-10,195,-10" hai1="5,8,14,41,43,68,70,71,78,80,90,94,98" /><INIT seed="1,1,1,1,0,29" ten="356,270,179,185" oya="1" hai0="49,10,109,68,33,135,94,84,96,52,107,99,83" hai1="102,6,60,41,5,67,38,65,2,66,126,127,97" hai2="4,108,44,81,19,130,119,15,80,132,16,87,3" hai3="125,18,93,37,72,43,21,88,104,50,63,0,31"/><U70/><E66/><V85/><F119/><W57/><G104/><T51/><D109/><U122/><E67/><V86/><F108/><W69/><G72/><T131/><D131/><U30/><E122/><V35/><F130/><W1/><G125/><N who="1" m="47626" /><E2/><V61/><F35/><W27/><G37/><T101/><D135/><U75/><E75/><V79/><F132/><W28/><G69/><T111/><D111/><U12/><E12/><V106/><F106/><W40/><G1/><T78/><D33/><U118/><E118/><V7/><F3/><W76/><G76/><T54/><D10/><U116/><E116/><V47/><F61/><W95/><G95/><T11/><D11/><U25/><E41/><N who="3" m="15946" /><G50/><T100/><D68/><U53/><E53/><V23/><F19/><W112/><G112/><T9/><D9/><U115/><E38/><V129/><F129/><W32/><G0/><T13/><D13/><U58/><E58/><V82/><REACH who="2" step="1"/><F79/><REACH who="2" ten="356,270,169,185" step="2"/><W92/><G32/><T121/><D121/><U59/><E115/><V124/><F124/><W114/><G114/><T42/><D51/><U34/><E70/><V71/><F71/><W46/><G18/><T39/><D39/><U103/><E103/><V113/><F113/><W62/><G62/><T77/><D78/><U45/><E45/><AGARI ba="1,2" hai="4,7,15,16,23,44,45,47,80,81,82,85,86,87" machi="45" ten="40,5200,0" yaku="1,1,8,1,54,1,53,0" doraHai="29" doraHaiUra="98" who="2" fromWho="1" sc="356,0,270,-55,169,75,185,0" /><INIT seed="2,0,0,1,2,54" ten="356,215,244,185" oya="2" hai0="84,6,16,35,9,107,87,66,17,125,48,118,133" hai1="15,52,78,12,76,64,103,99,72,79,83,31,49" hai2="116,131,10,19,97,21,45,82,7,37,14,0,94" hai3="93,132,110,22,74,33,96,43,40,44,36,27,70"/><V111/><F116/><W1/><G110/><T135/><D107/><U130/><E130/><V80/><F131/><W13/><G132/><N who="0" m="50763" /><D125/><U20/><E64/><V101/><REACH who="2" step="1"/><F111/><REACH who="2" ten="356,215,234,185" step="2"/><W42/><G36/><T50/><D118/><U100/><E72/><V11/><F11/><W4/><G74/><T91/><D35/><U108/><E108/><V86/><F86/><W5/><G33/><T77/><D87/><U3/><E78/><V122/><F122/><W104/><G96/><T92/><D77/><U53/><E79/><V88/><F88/><W47/><G104/><T85/><D84/><U73/><E99/><V81/><F81/><W106/><G106/><T112/><D112/><U89/><E89/><V68/><F68/><W127/><G70/><T26/><D85/><U128/><E128/><V57/><F57/><W59/><G59/><T18/><D91/><U121/><E121/><V114/><F114/><W60/><G127/><T46/><D92/><U124/><E124/><V129/><F129/><W123/><G123/><T113/><D113/><U30/><E83/><V8/><F8/><W90/><G93/><T24/><D9/><U2/><E76/><V119/><F119/><W115/><G90/><T51/><D46/><U63/><E73/><V75/><F75/><W32/><G32/><T69/><D69/><U134/><E134/><V61/><F61/><W58/><G115/><T56/><D6/><N who="3" m="2665" /><G58/><T117/><D117/><U105/><E105/><V65/><F65/><W62/><G44/><T23/><D23/><U102/><E20/><V120/><F120/><W95/><G95/><RYUUKYOKU ba="0,1" sc="356,15,215,-15,234,15,185,-15" hai0="16,17,18,24,26,48,50,51,56,66" hai2="0,7,10,14,19,21,37,45,80,82,94,97,101" /><INIT seed="2,1,1,2,5,111" ten="371,200,249,170" oya="2" hai0="133,55,16,24,27,76,6,53,43,66,93,123,129" hai1="41,32,11,80,9,109,89,67,5,130,68,34,119" hai2="92,113,35,97,110,20,52,117,38,26,108,101,31" hai3="19,56,62,65,122,12,87,120,100,70,106,128,15"/><V96/><F117/><W86/><G128/><T28/><D123/><U71/><E119/><V7/><F38/><W57/><G70/><T61/><D6/><U74/><E109/><N who="2" m="42091" /><F7/><W125/><G125/><T102/><D76/><U78/><E11/><V64/><F64/><W135/><G135/><T18/><D43/><U77/><E77/><V39/><F39/><W121/><G12/><T127/><D129/><U42/><E130/><V47/><F35/><W73/><G73/><T112/><D133/><U44/><E41/><V33/><F33/><W25/><G25/><T60/><D66/><U83/><E67/><V29/><F113/><W134/><G57/><T8/><D8/><U17/><E34/><V49/><F96/><W90/><G134/><T72/><D112/><U85/><E32/><V0/><F0/><W104/><G121/><T115/><D115/><U105/><E105/><V10/><F10/><W75/><G106/><T94/><D127/><U48/><REACH who="1" step="1"/><E17/><AGARI ba="1,1" hai="17,20,26,29,31,47,49,52,92,97,101" m="42091" machi="17" ten="30,5800,0" yaku="14,1,10,1,54,1" doraHai="111" who="2" fromWho="1" sc="371,0,200,-61,249,71,170,0" /><INIT seed="2,2,0,0,3,62" ten="371,139,320,170" oya="2" hai0="41,99,13,16,111,14,73,34,108,117,59,26,38" hai1="122,30,87,36,39,84,102,23,45,93,127,77,75" hai2="118,52,130,27,9,81,103,114,85,17,33,11,80" hai3="95,51,47,74,71,107,10,76,83,24,58,35,60"/><V2/><F114/><W50/><G107/><T61/><D73/><U132/><E30/><V19/><F118/><W129/><G71/><T57/><D117/><U115/><E23/><V28/><F130/><W128/><G10/><T5/><D5/><U89/><E115/><V12/><F103/><W133/><G133/><T131/><D131/><N who="3" m="50249" /><G47/><T42/><D59/><U69/><E69/><V53/><F81/><W7/><G7/><T40/><D38/><U96/><E132/><V65/><F65/><N who="3" m="39063" /><G95/><T110/><D99/><U101/><E45/><V29/><F29/><AGARI ba="2,0" hai="24,29,35,50,51,74,76,83" m="39063,50249" machi="29" ten="30,2000,0" yaku="19,1,52,1" doraHai="62" who="3" fromWho="2" sc="371,0,139,0,320,-26,170,26" /><INIT seed="3,0,0,3,0,111" ten="371,139,294,196" oya="3" hai0="5,131,134,54,44,117,56,52,96,108,29,71,17" hai1="83,20,10,115,21,73,101,49,48,62,0,24,125" hai2="55,116,126,77,85,84,72,63,91,100,105,19,119" hai3="18,46,130,114,104,123,75,120,60,93,12,70,22"/><W6/><G104/><T94/><D71/><U33/><E101/><V118/><F19/><W50/><G75/><T135/><D131/><U112/><E21/><V41/><F41/><W28/><G130/><T7/><D108/><U64/><E48/><V36/><F36/><W59/><G70/><T53/><D117/><U110/><E110/><V57/><F126/><W3/><G28/><T30/><D17/><U132/><E49/><V68/><F68/><W106/><G106/><T42/><D56/><U107/><E107/><V95/><F84/><W129/><G129/><T9/><D29/><N who="1" m="19623" /><E125/><V86/><F86/><W80/><G50/><N who="0" m="26903" /><D30/><U13/><E132/><N who="0" m="50729" /><D9/><U32/><E32/><V122/><F122/><W127/><G93/><T79/><D79/><N who="1" m="44527" /><E62/><V47/><F47/><W82/><G12/><T99/><D99/><U4/><E64/><V113/><F77/><W109/><G82/><T43/><D43/><U35/><E35/><V88/><F91/><AGARI ba="0,0" hai="5,7,52,53,54,91,94,96" m="50729,26903" machi="91" ten="30,2000,0" yaku="20,1,54,1" doraHai="111" who="0" fromWho="2" sc="371,20,139,0,294,-20,196,0" owari="391,49.1,139,-36.1,274,7.4,196,-20.4" /></mjloggm>