<mjloggm ver="2.3"><GO type="225" lobby="0"/><UN n0="%6D%61%74%69%67%75%73%61" n1="%E3%81%A4%E3%81%A3%E3%81%B1%E3%82%8A%E3%83%9D%E3%83%BC%E3%83%AB" n2="%72%69%6F%75%63%68%61%6E" n3="%E3%83%A9%E3%83%BC%E3%83%A1%E3%83%B3%E4%BA%94%E9%83%8E" dan="17,17,16,16" rate="2131.33,2236.87,2135.82,2168.64" sx="M,M,M,M"/><TAIKYOKU oya="0"/><INIT seed="0,0,0,1,1,46" ten="250,250,250,250" oya="0" hai0="55,0,84,123,104,57,13,125,134,90,14,33,112" hai1="61,63,21,38,81,24,2,103,6,40,47,115,66" hai2="78,94,118,56,128,88,65,98,69,120,64,16,41" hai3="106,73,27,48,42,72,28,111,133,20,95,50,22"/><T85/><D0/><U117/><E117/><V15/><F120/><W59/><G106/><T62/><D112/><U19/><E115/><V96/><F118/><W121/><G121/><T37/><D37/><U108/><E108/><V25/><F128/><W135/><G111/><T12/><D123/><U109/><E109/><V105/><F69/><W116/><G116/><T23/><D33/><U107/><E81/><V75/><F41/><W43/><G95/><T113/><D104/><U53/><E53/><V110/><F110/><W127/><G127/><T30/><D134/><N who="3" m="51209" /><G20/><T49/><D125/><U126/><E126/><V89/><F25/><W26/><G26/><N who="0" m="16735" /><D113/><U114/><E114/><V5/><F5/><W129/><G129/><T67/><D90/><U97/><REACH who="1" step="1"/><E66/><REACH who="1" ten="250,240,250,250" step="2"/><V101/><F64/><W124/><G124/><T77/><D77/><U130/><E130/><V1/><F78/><W10/><G42/><T8/><D8/><AGARI ba="0,1" hai="2,6,8,19,21,24,38,40,47,61,63,97,103,107" machi="8" ten="40,1300,0" yaku="1,1,53,0" doraHai="46" doraHaiUra="52" who="1" fromWho="0" sc="250,-13,240,23,250,0,250,0" /><INIT seed="1,0,0,1,3,92" ten="237,263,250,250" oya="1" hai0="96,37,65,5,48,27,102,76,21,44,86,107,94" hai1="123,34,106,110,26,49,18,41,4,133,132,84,97" hai2="30,104,64,29,117,87,13,63,43,103,39,3,54" hai3="38,70,1,79,71,68,112,10,78,124,58,125,35"/><U91/><E123/><V69/><F117/><W60/><G112/><T67/><D37/><U77/><E4/><V55/><F3/><W32/><G38/><T57/><D5/><U45/><E77/><N who="3" m="29194" /><G10/><T128/><D128/><U115/><E115/><V19/><F87/><W47/><G47/><T82/><D57/><U121/><E121/><V114/><F114/><W127/><G1/><T105/><D105/><U120/><E120/><V99/><F54/><AGARI ba="0,0" hai="32,35,54,58,60,68,70,71,124,125,127" m="29194" machi="54" ten="40,1300,0" yaku="18,1" doraHai="92" who="3" fromWho="2" sc="237,0,263,0,250,-13,250,13" /><INIT seed="2,0,0,5,0,28" ten="237,263,237,263" oya="2" hai0="81,79,59,82,8,31,97,40,102,36,119,65,44" hai1="105,124,15,112,99,7,63,127,58,108,67,126,56" hai2="25,12,92,95,75,116,23,101,129,71,61,53,57" hai3="78,89,98,42,34,48,110,11,13,35,70,9,117"/><V121/><F116/><W51/><G117/><T60/><D119/><U21/><E112/><V3/><F121/><W120/><G120/><T96/><D96/><U45/><E108/><V111/><F3/><W113/><G70/><T80/><D8/><N who="1" m="4511" /><E45/><V123/><F123/><W88/><G110/><T86/><REACH who="0" step="1"/><D31/><REACH who="0" ten="227,263,237,263" step="2"/><U68/><E21/><V93/><F111/><W30/><G98/><T20/><D20/><U64/><E64/><V94/><F101/><AGARI ba="0,1" hai="56,58,63,67,68,99,101,105,124,126,127" m="4511" machi="101" ten="30,1000,0" yaku="18,1" doraHai="28" who="1" fromWho="2" sc="227,0,263,20,237,-10,263,0" /><INIT seed="3,0,0,1,4,116" ten="227,283,227,263" oya="3" hai0="51,104,56,118,84,130,129,108,4,26,94,3,123" hai1="16,102,14,127,124,6,111,19,58,53,39,24,100" hai2="42,52,106,30,117,69,131,0,82,1,133,47,80" hai3="75,44,49,119,7,79,5,29,21,86,48,57,20"/><W85/><G119/><T8/><D118/><U73/><E111/><V64/><F117/><W71/><G71/><T28/><D104/><U83/><E39/><V40/><F106/><W25/><G75/><T77/><D108/><U59/><E6/><V96/><F30/><W38/><G38/><T17/><D17/><N who="1" m="6731" /><E14/><V31/><F31/><W36/><G36/><T68/><D68/><U114/><E24/><V37/><F40/><W66/><G21/><T95/><D77/><N who="1" m="44463" /><E114/><V46/><F131/><N who="0" m="50186" /><D84/><N who="3" m="32361" /><G79/><T101/><D101/><N who="1" m="39019" /><E53/><V35/><F35/><W113/><G113/><T92/><D56/><U27/><E27/><V135/><F96/><W120/><G120/><T87/><D51/><N who="3" m="19529" /><G44/><T60/><D87/><U103/><E103/><V105/><F105/><W126/><G126/><AGARI ba="0,0" hai="58,59,124,126,127" m="39019,44463,6731" machi="126" ten="30,2000,0" yaku="18,1,54,1" doraHai="116" who="1" fromWho="3" sc="227,0,283,20,227,0,263,-20" owari="227,-17.3,303,40.3,227,-27.3,243,4.3" /></mjloggm>