<mjloggm ver="2.3"><GO type="225" lobby="0"/><UN n0="%E3%81%BF%E3%81%BF%E3%81%9A" n1="%33%74%72%65%65" n2="%79%75%72%69%6D%6F%67" n3="%72%65%6E%6B%75%6E" dan="17,17,16,17" rate="2224.84,2216.10,2177.88,2218.19" sx="M,F,F,M"/><TAIKYOKU oya="0"/><INIT seed="0,0,0,5,1,48" ten="250,250,250,250" oya="0" hai0="33,45,8,41,28,134,29,2,91,4,26,34,35" hai1="81,110,5,111,18,58,14,98,115,92,36,71,56" hai2="109,43,47,70,25,3,20,124,82,105,86,80,67" hai3="27,95,75,63,24,102,90,69,123,1,46,7,83"/><T78/><D134/><U131/><E131/><V112/><F112/><W113/><G113/><T30/><D91/><U130/><E115/><V79/><F109/><N who="1" m="41481" /><E130/><V126/><F3/><W40/><G102/><T87/><D87/><U23/><E71/><V85/><F67/><W9/><G63/><T101/><D101/><N who="1" m="60615" /><E36/><V19/><F105/><W60/><G60/><T88/><D88/><U32/><E32/><N who="0" m="12393" /><D45/><U11/><E81/><V100/><F70/><W49/><G69/><T128/><D41/><U15/><AGARI ba="0,0" hai="5,11,14,15,18,23,56,58" m="60615,41481" machi="15" ten="30,1100,0" yaku="14,1" doraHai="48" who="1" fromWho="1" sc="250,-5,250,11,250,-3,250,-3" /><INIT seed="1,0,0,3,2,19" ten="245,261,247,247" oya="1" hai0="113,78,77,99,94,37,64,15,67,57,74,28,46" hai1="110,65,36,85,79,96,68,103,76,92,72,30,98" hai2="2,29,81,87,132,26,80,58,119,93,9,16,122" hai3="5,66,24,83,128,130,32,18,70,118,12,41,1"/><U75/><E36/><V62/><F122/><W61/><G118/><T100/><D113/><U20/><E110/><V40/><F119/><W111/><G111/><T71/><D71/><U4/><E4/><V82/><F132/><W42/><G1/><T0/><D0/><U135/><E135/><V10/><F40/><W53/><G53/><T48/><D37/><U86/><E65/><N who="0" m="25161" /><D74/><N who="1" m="28203" /><E20/><N who="2" m="13575" /><F29/><N who="3" m="19495" /><G83/><N who="2" m="31817" /><F2/><W56/><G5/><T23/><D57/><U69/><E30/><V129/><F93/><W124/><G70/><T8/><D8/><U25/><E25/><V105/><F105/><W3/><G3/><T45/><D45/><U47/><E47/><V22/><F129/><N who="3" m="49771" /><G124/><T44/><D44/><U7/><E68/><V14/><F58/><W52/><G66/><T120/><D120/><U91/><E69/><V121/><F62/><W6/><G6/><T21/><D28/><U97/><E7/><V39/><F39/><W125/><G125/><T60/><D60/><U108/><E108/><V89/><F121/><W31/><G31/><T88/><D15/><U54/><E54/><V84/><F84/><N who="1" m="32361" /><E98/><V43/><F43/><W11/><AGARI ba="0,0" hai="11,12,18,41,42,52,56,61" m="49771,19495" machi="11" ten="30,2000,0" yaku="19,1,54,1" doraHai="19" who="3" fromWho="3" sc="245,-5,261,-10,247,-5,247,20" /><INIT seed="2,0,0,5,5,15" ten="240,251,242,267" oya="2" hai0="60,93,94,66,20,10,125,43,72,42,64,11,121" hai1="128,27,87,90,22,47,45,57,74,68,119,28,53" hai2="133,7,110,13,38,76,71,32,55,58,101,80,130" hai3="111,135,25,34,103,18,108,63,6,31,23,84,54"/><V1/><F71/><W2/><G135/><T85/><D72/><U107/><E119/><V86/><F38/><W59/><G103/><T89/><D121/><U62/><E128/><V124/><F133/><W36/><G36/><T3/><D125/><U118/><E118/><V81/><F130/><W48/><G84/><T120/><D120/><U37/><E74/><V82/><F124/><W114/><G114/><T102/><D3/><U97/><E37/><V12/><F32/><W14/><G48/><T39/><D39/><U56/><E68/><V112/><F112/><W83/><G83/><T5/><D5/><U113/><E113/><V131/><F131/><W77/><G77/><T99/><D20/><U51/><E97/><V26/><F1/><W44/><G44/><T122/><D122/><U78/><E107/><V16/><F101/><W70/><G70/><T65/><REACH who="0" step="1"/><D60/><REACH who="0" ten="230,251,242,267" step="2"/><U129/><E129/><V134/><F134/><W30/><G30/><T126/><D126/><U106/><E62/><N who="2" m="36191" /><F110/><W132/><G132/><T73/><D73/><U109/><E109/><V29/><F7/><W79/><G79/><T49/><D49/><U88/><E51/><V75/><F75/><W50/><G50/><T61/><D61/><U98/><E78/><V46/><F46/><W21/><G21/><T96/><D96/><U4/><E45/><V33/><F33/><W40/><G40/><AGARI ba="0,1" hai="10,11,40,42,43,64,65,66,85,89,93,94,99,102" machi="40" ten="40,5200,0" yaku="1,1,8,1,53,1" doraHai="15" doraHaiUra="92" who="0" fromWho="3" sc="230,62,251,0,242,0,267,-52" /><INIT seed="3,0,0,4,5,46" ten="292,251,242,215" oya="3" hai0="17,107,40,38,18,0,117,73,110,65,3,77,20" hai1="64,7,112,24,95,62,97,30,90,93,63,2,14" hai2="66,48,102,33,122,8,55,75,103,130,60,39,32" hai3="44,50,43,53,109,9,80,4,113,126,108,26,31"/><W78/><G113/><T70/><D117/><U124/><E112/><V125/><F39/><W34/><G126/><T27/><D107/><U127/><E2/><V58/><F75/><W74/><REACH who="3" step="1"/><G43/><REACH who="3" ten="292,251,242,205" step="2"/><T72/><D40/><U52/><E127/><V71/><F125/><W69/><G69/><T13/><D70/><U67/><E124/><V106/><F122/><W54/><G54/><T10/><D65/><U100/><E52/><V86/><F130/><W119/><G119/><T83/><D38/><U15/><E67/><V76/><F33/><W104/><G104/><T49/><D110/><U115/><E115/><V85/><F32/><W89/><G89/><T94/><D49/><U19/><E64/><V35/><F35/><W131/><G131/><T134/><D134/><U1/><E90/><V79/><F106/><W81/><G81/><T120/><D120/><U99/><E63/><V37/><F37/><W45/><G45/><T57/><D57/><U91/><E62/><V51/><F51/><W96/><G96/><T59/><D59/><U118/><E118/><V29/><F103/><W22/><G22/><T84/><D94/><U132/><E132/><V123/><F102/><W36/><G36/><T105/><D105/><U135/><E135/><V47/><F123/><W5/><G5/><T129/><D129/><U6/><E6/><V16/><F71/><W87/><G87/><N who="2" m="33289" /><F29/><W111/><G111/><T41/><D41/><U25/><E30/><V88/><F88/><W23/><G23/><T28/><D28/><U121/><E91/><V82/><F82/><W101/><G101/><RYUUKYOKU ba="0,1" sc="292,10,251,-30,242,10,205,10" hai0="0,3,10,13,17,18,20,27,72,73,77,83,84" hai2="8,16,47,48,55,58,60,66,76,79" hai3="4,9,26,31,34,44,50,53,74,78,80,108,109" /><INIT seed="3,1,1,5,4,51" ten="302,221,252,215" oya="3" hai0="5,125,71,90,118,73,24,41,109,86,12,78,79" hai1="102,60,17,16,93,56,135,0,120,14,112,40,52" hai2="130,89,132,28,46,31,3,63,119,54,81,1,124" hai3="70,10,87,21,39,65,111,30,22,57,82,55,129"/><W8/><G39/><T42/><D71/><U84/><E120/><V33/><F119/><W2/><G129/><T80/><D118/><U77/><E112/><V25/><F130/><W7/><G111/><T94/><D109/><U61/><E0/><V126/><F132/><W37/><G37/><T85/><D125/><N who="2" m="48234" /><F31/><W114/><G114/><T98/><D24/><U11/><E135/><V69/><F69/><W18/><G30/><T13/><D13/><N who="1" m="7231" /><E40/><N who="0" m="15465" /><D73/><U45/><E45/><V32/><F32/><W74/><G74/><T64/><D64/><U9/><E102/><V26/><F26/><W66/><G70/><T128/><D128/><U62/><E93/><V19/><F19/><W99/><G99/><T110/><D110/><U123/><E123/><V53/><F46/><W83/><G8/><N who="0" m="4111" /><D85/><U107/><E107/><V105/><F63/><W127/><G127/><T47/><D47/><U134/><E134/><V95/><F81/><AGARI ba="1,1" hai="9,14,17,52,56,60,61,62,77,81,84" m="7231" machi="81" ten="30,7700,0" yaku="8,1,52,1,54,2" doraHai="51" who="1" fromWho="2" sc="302,0,221,90,252,-80,215,0" owari="302,10.2,311,41.1,172,-32.8,215,-18.5" /></mjloggm>