<mjloggm ver="2.3"><GO type="225" lobby="0"/><UN n0="%E3%81%BF%E3%81%BF%E3%81%9A" n1="%E5%84%AA%40%41%42%43" n2="%E6%A1%9C%E8%8A%B1%E9%96%83%E3%80%85" n3="%E3%82%A2%E3%83%9E%E3%83%9D%EF%BD%9E%EF%BD%9E%E3%83%A9" dan="18,16,16,17" rate="2251.90,2127.52,2161.17,2055.13" sx="M,M,M,M"/><TAIKYOKU oya="0"/><INIT seed="0,0,0,4,3,103" ten="250,250,250,250" oya="0" hai0="105,88,132,52,12,84,19,3,63,42,62,67,64" hai1="78,129,82,35,131,30,9,107,128,59,125,127,7" hai2="8,92,71,110,130,13,115,32,36,34,56,4,20" hai3="6,98,95,60,101,51,33,106,91,133,27,113,24"/><T121/><D121/><U90/><E90/><V25/><F71/><W31/><G113/><T29/><D3/><N who="1" m="255" /><E59/><V39/><F115/><W66/><G133/><T48/><D132/><U120/><E120/><V116/><F110/><W69/><G6/><T55/><D105/><U38/><E38/><V40/><F130/><W21/><G51/><T57/><D29/><U96/><E30/><V102/><F116/><W100/><G100/><T58/><D42/><U135/><E35/><V94/><F56/><W16/><G95/><N who="0" m="54663" /><D63/><U45/><E45/><V93/><F102/><W72/><G91/><T5/><D5/><U77/><E135/><V15/><F40/><W53/><G53/><T37/><D37/><U85/><E77/><V23/><F39/><W83/><G83/><T76/><D76/><U104/><E96/><V1/><F36/><W61/><G61/><T18/><D18/><U14/><E14/><N who="2" m="5131" /><F94/><W73/><AGARI ba="0,0" hai="16,21,24,27,31,33,60,66,69,72,73,98,101,106" machi="73" ten="30,8000,1" yaku="0,1,25,2,52,1,54,1" doraHai="103" who="3" fromWho="3" sc="250,-40,250,-20,250,-20,250,80" /><INIT seed="1,0,0,3,5,57" ten="210,230,230,330" oya="1" hai0="78,22,68,74,35,44,125,90,113,123,99,13,92" hai1="127,94,55,18,95,16,132,108,71,23,70,34,29" hai2="54,28,77,109,83,11,21,81,101,79,5,51,86" hai3="135,39,121,25,75,116,33,110,106,131,111,103,48"/><U62/><E132/><V3/><F109/><W76/><RYUUKYOKU type="yao9" ba="0,0" sc="210,0,230,0,230,0,330,0" hai3="25,33,39,48,75,76,103,106,110,111,116,121,131,135" /><INIT seed="1,1,0,5,1,65" ten="210,230,230,330" oya="1" hai0="88,129,117,66,60,89,85,64,63,39,5,34,4" hai1="67,106,27,93,103,69,20,73,8,42,78,134,131" hai2="12,48,46,110,23,30,0,81,1,38,21,113,77" hai3="123,70,49,122,125,135,94,107,19,87,102,50,120"/><U133/><E106/><V109/><F38/><W47/><G125/><T79/><D117/><U101/><E42/><V75/><F113/><W45/><G135/><N who="1" m="51722" /><E131/><V118/><F118/><W53/><G107/><T97/><D34/><U82/><E8/><V41/><F12/><W72/><G72/><T15/><D39/><U24/><E24/><N who="2" m="16655" /><F23/><W58/><G102/><T105/><D129/><U22/><E22/><V114/><F114/><W31/><G31/><T96/><D105/><U116/><E116/><V108/><AGARI ba="1,0" hai="0,1,41,46,48,75,77,81,108,109,110" m="16655" machi="108" ten="30,1100,0" yaku="14,1" doraHai="65" who="2" fromWho="2" sc="210,-4,230,-6,230,14,330,-4" /><INIT seed="2,0,0,5,0,66" ten="206,224,244,326" oya="2" hai0="16,39,44,127,79,104,8,126,51,23,72,40,119" hai1="112,120,6,10,36,26,28,56,31,124,58,63,92" hai2="94,98,76,113,46,18,2,73,114,105,134,97,130" hai3="95,14,99,35,77,65,129,15,29,81,84,42,57"/><V50/><F2/><W109/><G109/><T103/><D119/><U93/><E112/><V17/><F130/><W0/><G0/><T135/><D8/><U88/><E120/><V59/><F134/><W90/><G129/><T19/><D135/><U131/><E36/><V3/><F3/><W87/><G42/><T22/><D39/><U43/><E43/><V108/><F108/><W89/><G29/><N who="1" m="11338" /><E131/><V7/><F7/><W54/><G65/><T38/><D38/><U13/><E93/><V85/><F59/><N who="1" m="22569" /><E124/><N who="0" m="47657" /><D103/><U1/><E1/><V47/><F47/><W68/><G35/><T128/><D104/><U80/><E80/><N who="2" m="45071" /><F98/><W30/><G30/><T100/><D100/><U52/><E26/><V61/><F61/><W121/><G14/><T24/><D128/><U70/><E70/><V118/><F118/><W71/><G15/><N who="0" m="9599" /><D79/><U11/><E11/><V111/><F111/><W37/><G37/><T41/><D40/><U96/><E63/><V53/><F114/><W33/><G33/><T83/><D83/><U34/><E34/><V110/><F110/><W86/><G121/><T91/><D72/><U78/><E78/><V55/><F113/><W21/><G21/><T123/><D123/><U102/><E102/><N who="2" m="62671" /><F55/><AGARI ba="0,0" hai="6,10,13,52,55,88,92,96" m="22569,11338" machi="55" ten="30,3900,0" yaku="8,1,54,2" doraHai="66" who="1" fromWho="2" sc="206,0,224,39,244,-39,326,0" /><INIT seed="3,0,0,3,4,71" ten="206,263,205,326" oya="3" hai0="75,54,34,111,49,55,22,24,96,117,73,124,81" hai1="91,36,89,113,7,11,107,28,58,94,125,95,67" hai2="18,118,61,88,57,8,6,37,114,66,90,98,130" hai3="38,48,41,2,83,1,102,68,64,109,42,29,5"/><W84/><G38/><T50/><D117/><U128/><E107/><V13/><F118/><W51/><G102/><T65/><D34/><U20/><E36/><V80/><F114/><W0/><G5/><T74/><D65/><U131/><E113/><V78/><F130/><N who="1" m="49705" /><E125/><V85/><F37/><W129/><G29/><T63/><D124/><U110/><E110/><V79/><F6/><W56/><G68/><T59/><D111/><U40/><E40/><V47/><F47/><W112/><G42/><T70/><D70/><U69/><E69/><V44/><F44/><W86/><G41/><T60/><D96/><U116/><E116/><V106/><F106/><W27/><G0/><T17/><D81/><U93/><E20/><V99/><REACH who="2" step="1"/><F90/><REACH who="2" ten="206,263,195,326" step="2"/><N who="3" m="51487" /><G112/><T21/><REACH who="0" step="1"/><D22/><REACH who="0" ten="196,263,195,326" step="2"/><U45/><E91/><V43/><F43/><W134/><G129/><T16/><D16/><U32/><E89/><V108/><F108/><W31/><G109/><T72/><N who="0" m="18432" /><DORA hai="104" /><T10/><D10/><U135/><E11/><V87/><F87/><W100/><G86/><T105/><D105/><U25/><E32/><V46/><F46/><AGARI ba="0,2" hai="17,21,24,46,49,50,54,55,59,60,63" m="18432" machi="46" ten="70,8000,1" yaku="1,1,52,4,53,0" doraHai="71,104" doraHaiUra="33,119" who="0" fromWho="2" sc="196,100,263,0,195,-80,326,0" owari="296,9.6,263,-13.7,115,-38.5,326,42.6" /></mjloggm>