<mjloggm ver="2.3"><GO type="225" lobby="0"/><UN n0="%E3%81%AF%E3%82%88%E3%81%8A%E3%81%98%E3%81%95%E3%82%93" n1="%E6%97%A5%E6%9B%9C%E6%97%A5%E3%82%88%E3%82%8A%E3%81%AE%E4%BD%BF%E8%80%85" n2="%E5%8F%AF%E5%85%90%E9%82%A3%E7%94%B1%E5%A4%9A" n3="%E5%91%A8%E6%9D%B1" dan="17,17,16,16" rate="2159.60,2177.00,2080.00,2166.29" sx="M,M,F,M"/><TAIKYOKU oya="0"/><INIT seed="0,0,0,2,2,86" ten="250,250,250,250" oya="0" hai0="111,12,57,72,41,22,80,112,74,51,69,95,120" hai1="17,48,71,131,115,130,38,129,20,106,30,15,62" hai2="8,21,46,113,42,89,100,118,60,102,45,49,43" hai3="79,77,75,36,107,37,32,125,39,0,109,25,66"/><T67/><D112/><U47/><E106/><V31/><F113/><W128/><G79/><T126/><D120/><U52/><E115/><V85/><F118/><W121/><G66/><T82/><D126/><U14/><E30/><V65/><F8/><W28/><G125/><T13/><D111/><U34/><E34/><V9/><F9/><W135/><G109/><T53/><D41/><U90/><E38/><V64/><F31/><W124/><G124/><T117/><D117/><U54/><E90/><V58/><F21/><W56/><G56/><T50/><D69/><U132/><E132/><V33/><F65/><W27/><G27/><T105/><D105/><U93/><E93/><V91/><F33/><W4/><G121/><T10/><D67/><N who="1" m="41463" /><E14/><V63/><F63/><W73/><G135/><T104/><D104/><U6/><E6/><V96/><F96/><W127/><G127/><T5/><D72/><N who="3" m="27721" /><G77/><T84/><D74/><U44/><E44/><V1/><F1/><W94/><G94/><T81/><D51/><U68/><E68/><V11/><F11/><N who="3" m="2439" /><G107/><T29/><D95/><U2/><E2/><V18/><F85/><W134/><G134/><T59/><D57/><U119/><E119/><V78/><F58/><W97/><G97/><T40/><D84/><U99/><E99/><V7/><F49/><W98/><G98/><T24/><D12/><U87/><E87/><V108/><F108/><W110/><G110/><T101/><D101/><N who="2" m="39018" /><F64/><W114/><G114/><T26/><D24/><U19/><E54/><V55/><F42/><W92/><G92/><T35/><D35/><RYUUKYOKU ba="0,0" sc="250,10,250,10,250,-30,250,10" hai0="5,10,13,22,26,29,40,50,53,59,80,81,82" hai1="15,17,19,20,47,48,52,129,130,131" hai3="25,28,32,36,37,39,128" /><INIT seed="0,1,0,4,4,24" ten="260,260,220,260" oya="0" hai0="21,83,129,118,50,47,43,10,68,102,91,104,35" hai1="72,25,45,84,124,115,93,26,116,131,33,7,114" hai2="2,5,73,95,135,12,46,63,11,117,108,103,23" hai3="85,71,119,80,97,61,123,101,86,112,82,120,81"/><T44/><D35/><U92/><E72/><V128/><F73/><W60/><G71/><T38/><D118/><U126/><E116/><V96/><F117/><W67/><G119/><T53/><D68/><U87/><E7/><V54/><F108/><W57/><G60/><T32/><D32/><U130/><E33/><V15/><F128/><W107/><REACH who="3" step="1"/><G112/><REACH who="3" ten="260,260,220,250" step="2"/><T16/><D129/><U64/><E64/><V39/><F135/><W22/><G22/><T48/><D10/><U111/><REACH who="1" step="1"/><E45/><REACH who="1" ten="260,250,220,250" step="2"/><V14/><F46/><W77/><G77/><T66/><D66/><U113/><E113/><V133/><F133/><W18/><G18/><T20/><D16/><U70/><E70/><V37/><REACH who="2" step="1"/><F23/><REACH who="2" ten="260,250,210,250" step="2"/><W6/><G6/><T78/><D20/><U65/><E65/><V13/><N who="2" m="3072" /><DORA hai="41" /><V79/><F79/><W132/><G132/><T94/><D21/><U109/><AGARI ba="1,3" hai="25,26,84,87,92,93,109,111,114,115,124,126,130,131" machi="109" ten="25,6400,0" yaku="1,1,0,1,22,2,53,0" doraHai="24,41" doraHaiUra="36,29" who="1" fromWho="1" sc="260,-33,250,97,210,-17,250,-17" /><INIT seed="1,0,0,0,1,134" ten="227,347,193,233" oya="1" hai0="101,111,104,17,47,82,75,69,28,121,87,98,131" hai1="66,105,39,106,70,50,96,49,135,61,26,84,56" hai2="109,91,128,25,124,115,108,15,27,119,79,16,74" hai3="93,36,30,97,2,1,92,20,42,29,68,31,13"/><U73/><E73/><V83/><F119/><W102/><G68/><T123/><D69/><U59/><E39/><V57/><F128/><W38/><G93/><T77/><D28/><U0/><E0/><V5/><F5/><W12/><G42/><T62/><D62/><U18/><E84/><V107/><F107/><W34/><G34/><T65/><D65/><U114/><E114/><V10/><F115/><W88/><G102/><T46/><D17/><U4/><E4/><V80/><F57/><W33/><G33/><T99/><D131/><U19/><E96/><V22/><F124/><W122/><G122/><N who="0" m="46603" /><D111/><U81/><E70/><V112/><F112/><W55/><G55/><T71/><D71/><U120/><E61/><V37/><F37/><W54/><G54/><T8/><D8/><U90/><E66/><V113/><F113/><W63/><G63/><T21/><D21/><U78/><E59/><V7/><REACH who="2" step="1"/><F27/><REACH who="2" ten="227,347,183,233" step="2"/><W24/><G38/><T85/><D46/><U94/><E26/><V60/><F60/><W11/><G36/><T58/><D47/><U45/><E56/><V116/><F116/><W6/><G1/><T14/><D58/><U40/><E120/><V32/><F32/><W72/><REACH who="3" step="1"/><G72/><REACH who="3" ten="227,347,183,223" step="2"/><T3/><D3/><U51/><E40/><V103/><F103/><W86/><G86/><AGARI ba="0,2" hai="7,10,15,16,22,25,74,79,80,83,86,91,108,109" machi="86" ten="40,2600,0" yaku="1,1,54,1,53,0" doraHai="134" doraHaiUra="132" who="2" fromWho="3" sc="227,0,347,0,183,46,223,-26" /><INIT seed="2,0,0,2,4,35" ten="227,347,229,197" oya="2" hai0="68,29,107,86,123,10,84,75,87,48,91,7,20" hai1="96,56,92,115,3,42,71,43,11,30,16,85,112" hai2="77,18,65,102,40,61,124,116,50,105,114,72,117" hai3="97,93,120,125,135,47,122,32,41,130,26,76,104"/><V44/><F114/><W22/><G125/><T113/><D113/><U108/><E71/><V31/><F124/><W88/><G130/><T25/><D75/><U127/><E127/><V60/><F31/><W2/><G135/><T132/><D123/><U54/><E112/><V70/><F60/><W9/><G76/><T21/><D107/><U19/><E30/><V8/><F102/><W69/><G32/><T99/><D68/><U66/><E66/><V74/><F105/><W73/><G73/><T45/><D132/><U23/><E85/><V90/><F90/><W27/><G69/><T95/><D21/><U110/><E115/><V4/><F18/><W52/><G104/><T128/><D128/><U36/><E36/><V63/><F63/><W82/><G82/><T126/><D126/><U6/><E43/><V81/><REACH who="2" step="1"/><F74/><REACH who="2" ten="227,347,219,197" step="2"/><W58/><G120/><T134/><D134/><U100/><E19/><V111/><F111/><W80/><G122/><T133/><D133/><U53/><E110/><V34/><F34/><W131/><G131/><T98/><D91/><U46/><E108/><V79/><F79/><W94/><G94/><T109/><D95/><U101/><E101/><V83/><F83/><W24/><G80/><T67/><D109/><U78/><E78/><V49/><F49/><W33/><G33/><T0/><D67/><U103/><E100/><V38/><F38/><W5/><G22/><T13/><D29/><U51/><E23/><V55/><F55/><W59/><REACH who="3" step="1"/><G52/><REACH who="3" ten="227,347,219,187" step="2"/><N who="0" m="29711" /><D25/><U62/><E54/><V39/><F39/><AGARI ba="0,2" hai="2,5,9,24,26,27,39,41,47,58,59,88,93,97" machi="39" ten="40,5200,0" yaku="1,1,52,1,54,1,53,0" doraHai="35" doraHaiUra="106" who="3" fromWho="2" sc="227,0,347,0,219,-52,187,72" /><INIT seed="3,0,0,3,1,107" ten="227,347,167,259" oya="3" hai0="54,127,133,7,91,53,50,67,108,119,81,115,111" hai1="49,23,3,5,135,122,73,15,31,17,42,26,44" hai2="84,38,70,101,41,56,118,86,72,93,134,61,21" hai3="124,71,35,4,57,11,51,52,28,100,125,112,9"/><W82/><G112/><T8/><D119/><U105/><E122/><V40/><F118/><W69/><G100/><T2/><D115/><U75/><E105/><V96/><F134/><W55/><G35/><T116/><D116/><U32/><E135/><V109/><F109/><N who="0" m="42058" /><D133/><U34/><E34/><V78/><F70/><W37/><G37/><T58/><D127/><N who="3" m="48713" /><G28/><T126/><D126/><U113/><E113/><V123/><F123/><W131/><G131/><T14/><D67/><U77/><E77/><V30/><F72/><W64/><G64/><T0/><D54/><U117/><E117/><V128/><F128/><W80/><G11/><AGARI ba="0,0" hai="3,5,11,15,17,23,26,31,32,42,44,49,73,75" machi="11" ten="40,8000,1" yaku="24,2,52,2" doraHai="107" who="1" fromWho="3" sc="227,0,347,80,167,0,259,-80" owari="227,2.7,427,52.7,167,-33.3,179,-22.1" /></mjloggm>