<mjloggm ver="2.3"><GO type="225" lobby="0"/><UN n0="%E5%B8%86%E7%AB%8B%E5%A4%8F%E8%A1%A3" n1="%70%68%65%6E%6F%6D%65" n2="%E4%BF%BA%E3%81%A8%E5%A6%96%E5%A4%A2" n3="%E6%9C%88%E5%B3%B6%E5%9F%BA" dan="17,16,16,17" rate="2154.27,2147.23,2255.56,2211.76" sx="M,M,F,M"/><TAIKYOKU oya="0"/><INIT seed="0,0,0,0,0,112" ten="250,250,250,250" oya="0" hai0="115,79,5,122,56,126,66,14,110,111,92,6,2" hai1="26,88,46,28,41,38,29,135,105,104,127,75,91" hai2="87,40,131,12,130,53,90,45,132,59,120,33,34" hai3="78,62,69,13,61,10,89,18,7,54,55,67,58"/><T97/><D2/><U30/><E127/><V48/><F120/><W95/><G78/><T121/><D115/><U25/><E75/><V114/><F114/><W129/><G129/><N who="2" m="49161" /><F12/><W4/><REACH who="3" step="1"/><G55/><REACH who="3" ten="250,250,250,240" step="2"/><T103/><D79/><U49/><E135/><V116/><F132/><W68/><G68/><T102/><D122/><U85/><E38/><N who="2" m="21655" /><F116/><W11/><G11/><T106/><D121/><U65/><E65/><V80/><AGARI ba="0,1" hai="33,34,48,53,59,80,87,90" m="21655,49161" machi="80" ten="30,1100,0" yaku="19,1" doraHai="112" who="2" fromWho="2" sc="250,-5,250,-3,250,21,240,-3" /><INIT seed="1,0,0,4,0,6" ten="245,247,271,237" oya="1" hai0="85,86,126,12,90,54,129,26,127,107,117,45,69" hai1="24,10,101,72,44,49,121,29,35,93,4,97,59" hai2="53,52,0,83,2,19,135,120,71,118,99,62,75" hai3="64,105,46,31,112,36,39,60,111,63,41,108,28"/><U40/><E72/><V67/><F118/><W47/><G105/><T91/><D117/><U1/><REACH who="1" step="1"/><E59/><REACH who="1" ten="245,237,271,237" step="2"/><V116/><F116/><W134/><G112/><T25/><D126/><U34/><E34/><V57/><F57/><W17/><G108/><T38/><D127/><U131/><E131/><V106/><F71/><W84/><G111/><T79/><D69/><U96/><E96/><V73/><F75/><W23/><G84/><T43/><D129/><U113/><E113/><V42/><F73/><W104/><G134/><T65/><D85/><U33/><E33/><V3/><F135/><W102/><G39/><T125/><D125/><U124/><E124/><V61/><F99/><W8/><G36/><T132/><D132/><U122/><AGARI ba="0,1" hai="1,4,10,24,29,35,40,44,49,93,97,101,121,122" machi="122" ten="30,6000,0" yaku="1,1,0,1,52,1,53,0" doraHai="6" doraHaiUra="76" who="1" fromWho="1" sc="245,-20,237,70,271,-20,237,-20" /><INIT seed="1,1,0,0,3,41" ten="225,307,251,217" oya="1" hai0="72,94,31,3,91,104,29,100,60,82,132,38,86" hai1="134,39,4,65,75,92,108,26,15,13,89,2,35" hai2="71,48,34,22,61,127,50,81,76,73,24,117,37" hai3="19,80,21,131,116,102,122,98,93,130,101,129,124"/><U107/><E107/><V58/><F117/><W5/><G122/><T133/><D3/><U97/><E75/><V112/><F37/><W63/><G116/><T53/><D38/><U55/><E39/><V119/><F119/><W12/><G124/><T125/><D125/><U88/><E134/><N who="0" m="51817" /><D104/><U59/><E65/><V14/><F127/><W6/><G101/><T1/><D1/><U83/><E108/><V95/><F71/><W68/><REACH who="3" step="1"/><G80/><REACH who="3" ten="225,307,251,207" step="2"/><T46/><D100/><U49/><E83/><V10/><F112/><W7/><G7/><T43/><D82/><U111/><E111/><V45/><F81/><W17/><G17/><T118/><D118/><U33/><E89/><V25/><F76/><W99/><G99/><T126/><D126/><U56/><E4/><V62/><F73/><W54/><G54/><T70/><D72/><U106/><E97/><V40/><F95/><W66/><AGARI ba="1,1" hai="5,6,12,19,21,63,66,68,93,98,102,129,130,131" machi="66" ten="40,5200,0" yaku="1,1,0,1,19,1,53,0" doraHai="41" doraHaiUra="51" who="3" fromWho="3" sc="225,-14,307,-27,251,-14,207,65" /><INIT seed="2,0,0,0,2,27" ten="211,280,237,272" oya="2" hai0="32,48,6,18,41,86,71,57,92,115,20,15,62" hai1="63,46,23,61,7,65,8,26,99,100,109,117,129" hai2="89,49,58,113,29,124,56,111,73,134,128,95,112" hai3="59,34,107,37,101,77,87,52,91,69,130,30,110"/><V120/><F120/><W102/><G37/><T114/><D32/><U0/><E117/><V75/><F134/><W43/><G69/><T45/><D6/><U50/><E109/><V47/><F111/><W81/><G110/><T42/><D71/><U53/><E129/><V44/><F128/><W74/><G130/><T17/><D115/><U80/><E80/><V66/><F124/><W98/><G43/><T121/><D114/><U119/><E65/><V40/><F66/><W84/><G102/><T122/><D42/><U83/><E83/><V22/><F112/><W70/><G70/><T94/><D18/><U106/><REACH who="1" step="1"/><E119/><REACH who="1" ten="211,270,237,272" step="2"/><V133/><F113/><W103/><G81/><T3/><D122/><U21/><E21/><V116/><F116/><W104/><G34/><T132/><D121/><U127/><E127/><V38/><F133/><W96/><G74/><T9/><D132/><U12/><E12/><V60/><F75/><W72/><G72/><T33/><D33/><U35/><E35/><V93/><F73/><W5/><G77/><T131/><D131/><U108/><E108/><V82/><F82/><W51/><G104/><T76/><D76/><U28/><AGARI ba="0,1" hai="0,7,8,23,26,28,46,50,53,61,63,99,100,106" machi="28" ten="20,8000,1" yaku="1,1,0,1,7,1,52,1,53,1" doraHai="27" doraHaiUra="24" who="1" fromWho="1" sc="211,-20,270,90,237,-40,272,-20" /><INIT seed="3,0,0,2,5,64" ten="191,360,197,252" oya="3" hai0="0,50,78,83,41,59,109,61,116,12,29,97,46" hai1="21,104,84,45,28,120,20,9,39,19,27,88,75" hai2="74,54,134,110,62,98,101,1,35,117,53,32,118" hai3="25,14,23,103,33,135,24,125,96,65,66,79,34"/><W13/><G79/><T90/><D109/><U93/><E120/><V115/><F115/><W89/><G89/><T40/><D0/><U81/><E104/><V122/><F74/><W60/><G125/><T133/><D133/><U132/><E132/><V2/><F134/><W131/><G135/><T76/><D116/><N who="2" m="44650" /><F62/><W15/><G131/><T80/><D29/><U99/><E9/><V72/><F72/><W100/><G23/><T37/><D37/><U10/><E10/><V73/><F73/><W44/><G44/><T71/><D71/><U107/><E107/><V51/><F51/><W5/><G15/><T92/><D12/><U113/><E75/><V43/><F43/><W111/><G96/><T8/><D8/><U114/><E45/><V121/><F110/><W31/><G60/><T16/><D16/><U106/><E106/><V26/><F98/><W126/><G31/><T82/><D41/><U47/><E47/><V105/><F101/><W85/><G111/><T127/><D127/><U52/><E52/><AGARI ba="0,0" hai="40,46,50,52,59,61,76,78,80,82,83,90,92,97" machi="52" ten="40,2600,0" yaku="8,1,54,1" doraHai="64" who="0" fromWho="1" sc="191,26,360,-26,197,0,252,0" owari="217,-18.3,334,43.4,197,-30.3,252,5.2" /></mjloggm>