<mjloggm ver="2.3"><GO type="225" lobby="0"/><UN n0="%E3%81%BF%E3%81%BF%E3%81%9A" n1="%E6%81%A5%E6%99%92%E3%81%97" n2="%E6%9C%88%E5%B3%B6%E5%9F%BA" n3="%79%75%72%69%6D%6F%67" dan="17,16,16,16" rate="2201.96,2140.24,2117.53,2187.28" sx="M,M,M,F"/><TAIKYOKU oya="0"/><INIT seed="0,0,0,2,3,85" ten="250,250,250,250" oya="0" hai0="32,86,71,76,83,104,129,33,109,91,93,102,34" hai1="54,77,117,128,49,23,72,115,50,73,48,38,90" hai2="20,17,118,45,35,28,66,120,44,11,135,41,57" hai3="92,14,1,6,133,105,79,100,43,64,75,70,31"/><T4/><D129/><U114/><E117/><V108/><F120/><W78/><G105/><T19/><D109/><U98/><E38/><V62/><F118/><W61/><G75/><T8/><D71/><U88/><E128/><V58/><F108/><W60/><G1/><T15/><D104/><U2/><E2/><V59/><F135/><W121/><G133/><T18/><REACH who="0" step="1"/><D102/><REACH who="0" ten="240,250,250,250" step="2"/><U127/><E114/><V7/><F35/><W87/><G121/><T5/><D5/><U37/><E115/><V12/><F28/><W67/><G100/><T132/><D132/><U113/><E113/><V116/><F116/><W96/><G31/><T112/><D112/><U39/><E127/><V124/><F124/><W82/><G6/><T123/><D123/><U55/><E37/><V42/><F42/><W9/><G43/><T107/><D107/><U74/><E39/><V111/><F111/><W51/><G70/><T22/><D22/><U94/><E23/><V29/><F41/><W89/><G9/><T24/><D24/><U101/><REACH who="1" step="1"/><E77/><REACH who="1" ten="240,240,250,250" step="2"/><V84/><F20/><W52/><G79/><T53/><D53/><AGARI ba="0,2" hai="48,49,50,53,54,55,72,73,74,88,90,94,98,101" machi="53" ten="50,8000,1" yaku="1,1,2,1,52,2,54,1,53,0" doraHai="85" doraHaiUra="21" who="1" fromWho="0" sc="240,-80,240,100,250,0,250,0" /><INIT seed="1,0,0,4,3,36" ten="160,340,250,250" oya="1" hai0="65,19,14,9,41,73,44,89,125,49,51,7,35" hai1="91,118,131,90,115,26,88,15,53,80,56,126,86" hai2="67,46,61,99,78,108,23,5,47,57,127,83,81" hai3="102,106,68,95,101,8,54,87,22,109,3,114,39"/><U10/><E115/><V38/><F108/><W6/><G109/><T104/><D125/><U134/><E118/><V71/><F127/><W105/><G68/><T27/><D104/><U16/><E131/><V116/><F116/><W129/><G102/><T25/><D73/><U48/><E134/><V42/><F5/><W63/><G114/><T119/><D119/><U77/><E126/><V84/><F23/><W82/><G39/><T92/><D35/><U100/><E100/><V13/><F13/><W20/><G129/><T11/><D65/><U18/><E26/><V31/><F31/><W120/><G120/><T43/><D11/><U123/><E123/><V93/><F83/><W30/><G22/><T117/><D117/><U28/><E28/><V40/><F71/><W1/><G1/><T122/><D122/><U96/><E96/><V24/><F24/><W111/><G111/><T121/><D121/><U45/><E56/><V98/><F93/><W74/><G20/><T128/><D7/><AGARI ba="0,0" hai="7,10,15,16,18,45,48,53,77,80,86,88,90,91" machi="7" ten="40,7700,0" yaku="8,1,54,2" doraHai="36" who="1" fromWho="0" sc="160,-77,340,77,250,0,250,0" /><INIT seed="1,1,0,3,0,53" ten="83,417,250,250" oya="1" hai0="132,28,126,87,1,17,75,103,116,105,123,72,115" hai1="111,60,56,71,20,61,34,91,47,38,50,21,55" hai2="14,83,77,76,102,82,98,69,68,8,22,96,81" hai3="11,44,49,84,5,59,74,118,7,86,64,85,57"/><U66/><E34/><V25/><F69/><W58/><G74/><T63/><D17/><U93/><E111/><V37/><F37/><W40/><G118/><T128/><D28/><U114/><E114/><V97/><F68/><W78/><G64/><T121/><D63/><U131/><E131/><V130/><F130/><W80/><REACH who="3" step="1"/><G7/><REACH who="3" ten="83,417,250,240" step="2"/><T27/><D75/><U67/><E38/><V79/><F102/><W125/><G125/><T62/><D72/><U129/><E129/><V36/><F36/><W89/><G89/><T29/><D103/><U31/><E91/><V73/><F73/><W15/><AGARI ba="1,1" hai="5,11,15,40,44,49,57,58,59,78,80,84,85,86" machi="15" ten="30,16000,3" yaku="1,1,0,1,25,2,8,1,52,3,53,0" doraHai="53" doraHaiUra="122" who="3" fromWho="3" sc="83,-41,417,-81,250,-41,240,173" /><INIT seed="2,0,0,4,2,10" ten="42,336,209,413" oya="2" hai0="25,120,96,56,94,44,91,41,68,54,22,88,95" hai1="124,61,107,64,85,132,45,63,48,40,80,108,53" hai2="86,79,78,31,18,71,128,28,118,49,13,122,2" hai3="110,50,109,133,0,23,97,93,99,111,60,81,7"/><V55/><F118/><W19/><G133/><T39/><D120/><U14/><E107/><V76/><F2/><W126/><G126/><T43/><D68/><U129/><E124/><V4/><F71/><W20/><G81/><T123/><D123/><U3/><E3/><V51/><F128/><W67/><G50/><T46/><D46/><U112/><E112/><V32/><F32/><W92/><G7/><T125/><D125/><U35/><E35/><V27/><F4/><W11/><G11/><T74/><D74/><U130/><E132/><V17/><F51/><W106/><G0/><T83/><D83/><U5/><E108/><V116/><F116/><W70/><G106/><T6/><D6/><U15/><E53/><V87/><F18/><W57/><G70/><T104/><D104/><U58/><E63/><V134/><F122/><W65/><G65/><T16/><D44/><U101/><E101/><V103/><F103/><N who="3" m="60839" /><G19/><T77/><D77/><N who="1" m="46223" /><E5/><V62/><F62/><W113/><G113/><T30/><D39/><U90/><E129/><V42/><F42/><W66/><G66/><T102/><D30/><U34/><E34/><V115/><F31/><W135/><G135/><T33/><D33/><U89/><E130/><V8/><F115/><W82/><G82/><T47/><D47/><U75/><E75/><V73/><F73/><W117/><G117/><T36/><D36/><U26/><E26/><V105/><F105/><W29/><G29/><T84/><D102/><AGARI ba="0,0" hai="20,23,57,60,67,93,99,102,109,110,111" m="60839" machi="102" ten="30,1000,0" yaku="14,1" doraHai="10" who="3" fromWho="0" sc="42,-10,336,0,209,0,413,10" /><INIT seed="3,0,0,4,3,6" ten="32,336,209,423" oya="3" hai0="80,10,91,41,114,31,122,76,93,21,128,113,87" hai1="49,86,24,116,124,101,74,11,89,64,13,57,123" hai2="105,99,119,45,130,43,36,121,72,12,109,92,95" hai3="52,68,79,35,77,60,135,7,16,118,102,88,3"/><W125/><G118/><T53/><D41/><U47/><E74/><V50/><F12/><W39/><G35/><T38/><D38/><U63/><E124/><V61/><F95/><W27/><G39/><T5/><D122/><U94/><E123/><V78/><F92/><W15/><G102/><T104/><D128/><U69/><E116/><V120/><F78/><W108/><G3/><T56/><D104/><U73/><E73/><V90/><F90/><W48/><G135/><T25/><D113/><U98/><E24/><V20/><F20/><N who="3" m="13703" /><G108/><T28/><D114/><U127/><E127/><V2/><F99/><W115/><G60/><T42/><D42/><U46/><E69/><V17/><F17/><W129/><G68/><T26/><D26/><U85/><E49/><V84/><F84/><W14/><G129/><T37/><D37/><U110/><E110/><V0/><F45/><N who="3" m="27663" /><G125/><T62/><D10/><U19/><REACH who="1" step="1"/><E86/><REACH who="1" ten="32,326,209,423" step="2"/><V58/><F72/><W29/><G115/><T70/><D70/><U131/><E131/><V34/><F130/><W33/><G33/><T4/><D5/><U54/><E54/><V75/><F36/><W40/><G7/><T82/><D4/><U134/><E134/><V103/><F75/><W97/><G40/><T32/><D32/><U9/><E9/><V51/><F34/><W8/><G8/><T132/><D132/><U59/><E59/><V55/><F58/><W81/><G15/><T67/><D67/><U133/><E133/><V66/><F43/><W65/><G14/><T111/><D111/><U126/><E126/><V18/><F109/><RYUUKYOKU ba="0,1" sc="32,-10,326,30,209,-10,423,-10" hai1="11,13,19,46,47,57,63,64,85,89,94,98,101" owari="22,-47.8,356,15.6,199,-20.1,423,52.3" /></mjloggm>