<mjloggm ver="2.3"><GO type="225" lobby="0"/><UN n0="%E3%82%AF%E3%82%A3%E3%82%A6" n1="%E3%83%A9%E3%83%96%E3%83%AC%E3%83%BC" n2="%E4%BF%BA%E3%81%A8%E5%A6%96%E5%A4%A2" n3="%E5%8D%A0%E3%81%84%E5%B8%AB%E8%A3%8F%E3%81%AA%E3%81%84%E3%81%97" dan="16,16,16,17" rate="2062.20,2160.20,2119.80,2236.68" sx="M,M,F,M"/><TAIKYOKU oya="0"/><INIT seed="0,0,0,4,1,102" ten="250,250,250,250" oya="0" hai0="8,67,43,54,84,6,62,123,29,2,46,61,25" hai1="1,116,69,66,98,131,16,87,89,11,37,104,63" hai2="134,14,24,86,75,73,95,81,34,72,83,41,114" hai3="35,31,135,68,106,56,49,20,71,22,42,40,5"/><T88/><D123/><U96/><E116/><V111/><F114/><W19/><G135/><T115/><D54/><U74/><E37/><V110/><F134/><W107/><G5/><T125/><D125/><U109/><E74/><V48/><F14/><W79/><G79/><T103/><D115/><U78/><E78/><V128/><F128/><W129/><G129/><T55/><D55/><U99/><E1/><V112/><F112/><W0/><G0/><T3/><D103/><U26/><E109/><N who="2" m="41483" /><F48/><W118/><G56/><T113/><D113/><U28/><E11/><V52/><F41/><W85/><G85/><T21/><D67/><U65/><E66/><V33/><F52/><W132/><G132/><T108/><D108/><U94/><E16/><V127/><F127/><W32/><G118/><T27/><D27/><U45/><E45/><V10/><F10/><W51/><G19/><T120/><D120/><U9/><E9/><V15/><F15/><W36/><REACH who="3" step="1"/><G31/><REACH who="3" ten="250,250,250,240" step="2"/><T44/><D2/><U70/><E131/><V124/><F124/><W50/><G50/><T97/><D97/><U17/><E17/><V60/><F86/><W18/><G18/><T105/><D46/><U12/><E12/><V121/><F121/><W119/><G119/><T100/><D44/><U91/><E98/><V101/><F75/><W30/><G30/><T122/><D122/><U58/><E99/><N who="2" m="59647" /><F73/><W47/><G47/><T53/><D43/><U57/><E57/><V23/><F72/><W90/><G90/><T126/><D126/><U59/><E58/><V76/><F76/><W92/><G92/><RYUUKYOKU ba="0,1" sc="250,-10,250,-10,250,-10,240,30" hai3="20,22,32,35,36,40,42,49,51,68,71,106,107" /><INIT seed="1,1,1,2,4,16" ten="240,240,240,270" oya="1" hai0="77,85,1,125,86,54,111,10,49,32,89,23,5" hai1="112,6,119,69,18,22,20,130,135,21,31,70,129" hai2="43,101,123,29,132,25,42,105,11,63,8,51,84" hai3="37,114,52,79,55,126,80,38,4,124,74,92,117"/><U102/><E119/><V2/><F123/><W110/><G114/><T78/><D111/><U131/><E112/><V39/><F39/><N who="3" m="14859" /><G4/><T50/><D32/><U59/><E135/><V34/><F132/><W15/><G15/><T95/><D125/><N who="3" m="48233" /><G110/><T67/><D67/><U72/><E72/><V99/><F63/><W121/><G121/><T98/><D23/><N who="1" m="8779" /><E102/><V26/><F26/><W65/><G65/><T133/><D133/><U41/><E41/><V76/><F51/><W48/><G117/><T116/><D116/><U134/><E134/><V28/><F28/><W44/><G92/><T90/><D49/><U24/><E6/><V7/><REACH who="2" step="1"/><F11/><REACH who="2" ten="240,240,230,270" step="2"/><W60/><G60/><T96/><D50/><U91/><E31/><V33/><F33/><W73/><G73/><T115/><D115/><U58/><E70/><V103/><F103/><W127/><N who="3" m="48241" /><W93/><DORA hai="108" /><G93/><T118/><D118/><U87/><E69/><V122/><F122/><W36/><N who="3" m="14867" /><W57/><DORA hai="106" /><G55/><T19/><D54/><U45/><E45/><AGARI ba="1,2" hai="44,45,48,52,57,74,79,80" m="48241,14867" machi="45" ten="60,7700,0" yaku="18,1,52,1,54,1" doraHai="16,108,106" who="3" fromWho="1" sc="240,0,240,-80,230,0,270,100" /><INIT seed="2,0,0,2,1,113" ten="240,160,230,370" oya="2" hai0="114,59,88,100,63,97,25,53,40,30,38,2,0" hai1="49,90,26,74,44,3,93,4,41,8,9,42,123" hai2="124,102,103,101,72,1,27,46,106,67,6,51,78" hai3="39,73,87,107,99,71,95,129,10,15,19,105,86"/><V62/><F124/><W98/><G71/><T109/><D109/><U29/><E74/><V84/><F72/><W24/><G73/><T94/><D114/><U104/><E104/><V69/><F1/><W23/><G129/><T58/><D40/><U43/><E123/><V117/><F6/><W57/><G39/><T126/><D38/><U5/><E93/><V47/><F47/><W132/><G132/><T54/><D126/><U34/><REACH who="1" step="1"/><E90/><REACH who="1" ten="240,150,230,370" step="2"/><V64/><F106/><W128/><G95/><T134/><D134/><U77/><E77/><V75/><F75/><W14/><G107/><T127/><D127/><U61/><E61/><V131/><F103/><W76/><G76/><T108/><D108/><U32/><E32/><V120/><F102/><W31/><G105/><T66/><D100/><U33/><E33/><V118/><F101/><W21/><G87/><T122/><D122/><U115/><E115/><V65/><F120/><W18/><G86/><T12/><D88/><U68/><E68/><V7/><F84/><W119/><G99/><T70/><D94/><U89/><E89/><V20/><F78/><W125/><G98/><T121/><D97/><U91/><E91/><V116/><F131/><W11/><G128/><T135/><D121/><U111/><E111/><V83/><F69/><W133/><G133/><T110/><D135/><U112/><E112/><V85/><F62/><W80/><G125/><T37/><D110/><U50/><E50/><V60/><F60/><W81/><G81/><T17/><D70/><U35/><E35/><V45/><F51/><W48/><G48/><RYUUKYOKU ba="0,1" sc="240,-10,150,30,230,-10,370,-10" hai1="3,4,5,8,9,26,29,34,41,42,43,44,49" /><INIT seed="3,1,1,5,2,109" ten="230,180,220,360" oya="3" hai0="93,7,98,101,133,31,105,111,46,76,6,5,21" hai1="68,115,110,16,129,88,94,20,79,130,96,43,112" hai2="58,90,89,50,32,60,80,53,4,25,122,14,40" hai3="104,108,91,126,81,87,66,1,11,28,125,131,69"/><W82/><G104/><T57/><D111/><U75/><E68/><V17/><F122/><W59/><G108/><T120/><D120/><U51/><E110/><V48/><F32/><W85/><G69/><T9/><D133/><U61/><E61/><V77/><F25/><W47/><G28/><T55/><D76/><U117/><E117/><V74/><F4/><W3/><G131/><N who="1" m="50186" /><E75/><V132/><F132/><W15/><G47/><T116/><D116/><U18/><E79/><V123/><F123/><W41/><G41/><T54/><D105/><U37/><E37/><V118/><F118/><W38/><G38/><T72/><D72/><U78/><E78/><V64/><F40/><W113/><G66/><T114/><D114/><N who="1" m="43563" /><E20/><V27/><F50/><W22/><G22/><T99/><D21/><U71/><E71/><V52/><F53/><W26/><G113/><T73/><D73/><U13/><E13/><V70/><F27/><W92/><G15/><T65/><D54/><U62/><E62/><V83/><F83/><W121/><G81/><T67/><D55/><U134/><E134/><V107/><F107/><W35/><G26/><T95/><D65/><U36/><E36/><V19/><F14/><W30/><G82/><T102/><D67/><U56/><E56/><V86/><F74/><W97/><G59/><T29/><D57/><U106/><E106/><V103/><F103/><W8/><G121/><T39/><D9/><U42/><E42/><AGARI ba="1,1" hai="5,6,7,29,31,39,42,46,93,95,98,99,101,102" machi="42" ten="40,1300,0" yaku="9,1" doraHai="109" who="0" fromWho="1" sc="230,26,180,-16,220,0,360,0" owari="256,5.6,164,-33.6,220,-18.0,360,46.0" /></mjloggm>