<mjloggm ver="2.3"><GO type="225" lobby="0"/><UN n0="%E6%9C%88%E5%B3%B6%E5%9F%BA" n1="%E5%91%A8%E6%9D%B1" n2="%E7%89%B9%E6%9D%B1%E3%81%AF%E4%B8%96%E7%95%8C%E3%82%92%E6%95%91%E3%81%86" n3="%E3%81%BF%E3%81%BF%E3%81%9A" dan="16,17,16,17" rate="2105.30,2172.86,2171.93,2171.56" sx="M,M,M,M"/><TAIKYOKU oya="0"/><INIT seed="0,0,0,3,5,2" ten="250,250,250,250" oya="0" hai0="133,107,94,71,103,88,82,83,28,77,35,6,110" hai1="130,59,102,39,62,14,34,90,61,135,31,134,125" hai2="89,70,57,100,72,4,17,53,76,0,32,58,30" hai3="52,78,65,5,13,115,79,22,87,66,119,9,49"/><T122/><D122/><U97/><E39/><V36/><F70/><W51/><G115/><T98/><D71/><U8/><E125/><V113/><F113/><W131/><G119/><T132/><D110/><U67/><E130/><V118/><F100/><W116/><G116/><T99/><D35/><U80/><E62/><V60/><F36/><W85/><G51/><T91/><D28/><U41/><E41/><V47/><F47/><W111/><G111/><T43/><D43/><U12/><E31/><V50/><F118/><W29/><G131/><T121/><D6/><U18/><E34/><V112/><F112/><W48/><G48/><T128/><D121/><U101/><E14/><V7/><F0/><W96/><G96/><T105/><D128/><U37/><E37/><V27/><F89/><W63/><G87/><N who="0" m="50295" /><D107/><U23/><E8/><V46/><F17/><W108/><G108/><T20/><D20/><U84/><REACH who="1" step="1"/><E102/><REACH who="1" ten="250,240,250,250" step="2"/><V106/><F60/><W19/><G63/><T25/><D25/><U117/><E117/><V68/><F68/><W69/><G69/><T74/><AGARI ba="0,1" hai="74,77,83,91,94,98,99,103,105,132,133" m="50295" machi="74" ten="30,6000,0" yaku="34,2,54,1" doraHai="2" who="0" fromWho="0" sc="250,70,240,-20,250,-20,250,-20" /><INIT seed="0,1,0,1,0,90" ten="320,220,230,230" oya="0" hai0="27,48,77,96,81,40,116,49,53,75,14,115,73" hai1="79,110,103,94,31,5,126,12,105,124,46,119,70" hai2="89,42,106,35,65,44,104,108,19,51,127,9,67" hai3="18,10,134,122,74,15,17,52,84,56,131,8,98"/><T82/><D115/><U60/><E119/><V32/><F108/><W128/><G74/><T66/><D116/><U13/><E110/><V88/><F127/><N who="1" m="48681" /><E105/><V23/><F9/><W1/><G134/><T72/><D66/><N who="1" m="41287" /><E5/><V87/><F106/><W28/><G122/><T132/><D27/><U22/><E79/><V20/><F104/><W38/><G38/><T125/><D132/><U21/><E46/><V3/><F3/><W11/><G28/><T135/><D77/><U111/><E111/><V85/><F44/><W61/><G98/><T64/><D96/><N who="1" m="59799" /><E22/><V112/><F112/><W101/><G101/><T118/><D118/><U26/><AGARI ba="1,0" hai="12,13,21,26,31" m="59799,41287,48681" machi="26" ten="30,2000,0" yaku="18,1,52,1" doraHai="90" who="1" fromWho="1" sc="320,-11,220,23,230,-6,230,-6" /><INIT seed="1,0,0,4,4,19" ten="309,243,224,224" oya="1" hai0="18,109,5,12,73,59,95,116,101,127,47,82,67" hai1="90,117,79,69,2,74,108,24,84,53,105,23,133" hai2="57,86,115,3,38,104,92,6,11,99,4,64,75" hai3="40,98,63,45,129,51,42,66,35,119,48,37,56"/><U36/><E117/><V25/><F75/><W39/><G35/><T70/><D116/><U14/><E2/><V29/><F38/><N who="3" m="14347" /><G98/><N who="0" m="59615" /><D70/><U31/><E69/><V76/><F6/><W110/><G110/><T17/><D73/><U68/><E68/><V93/><F115/><W32/><G32/><T16/><D127/><U128/><E36/><V54/><F64/><W122/><G129/><T126/><D126/><U21/><E105/><V118/><F118/><W52/><G119/><T46/><D109/><U26/><E108/><V130/><F130/><W94/><G94/><T83/><D59/><U121/><E14/><V120/><F120/><W132/><G132/><T134/><D67/><U102/><E102/><V58/><F104/><W96/><G96/><T27/><D27/><U61/><E128/><V78/><F58/><N who="3" m="37239" /><G122/><T81/><D134/><U41/><E133/><V55/><F86/><W49/><G45/><N who="0" m="16907" /><D5/><U89/><E121/><V77/><F99/><W131/><G131/><T85/><D85/><U15/><E74/><V125/><F125/><W87/><G87/><T20/><AGARI ba="0,0" hai="12,16,17,18,20,81,82,83" m="16907,59615" machi="20" ten="30,4000,0" yaku="8,1,52,1,54,1" doraHai="19" who="0" fromWho="0" sc="309,40,243,-20,224,-10,224,-10" /><INIT seed="2,0,0,4,5,50" ten="349,223,214,214" oya="2" hai0="126,118,63,26,2,95,22,107,123,14,84,86,19" hai1="43,74,110,83,106,33,3,18,40,79,11,60,28" hai2="57,113,23,92,70,21,111,5,38,13,0,47,67" hai3="46,17,99,68,96,37,73,8,31,41,25,66,20"/><V42/><F113/><W131/><G131/><T115/><D107/><U97/><E110/><V105/><F105/><W24/><G73/><T134/><D123/><U81/><E81/><V55/><F0/><W85/><G8/><T29/><D2/><U133/><E133/><V49/><F111/><W64/><G85/><T94/><D115/><U51/><E60/><N who="2" m="40295" /><F92/><N who="0" m="35370" /><D134/><U128/><E128/><V135/><F135/><W88/><G68/><T65/><D118/><U45/><E33/><V27/><F27/><W34/><REACH who="3" step="1"/><G88/><REACH who="3" ten="349,223,214,204" step="2"/><T48/><D86/><U44/><E11/><AGARI ba="0,1" hai="5,11,13,21,23,38,42,47,49,55,57" m="40295" machi="11" ten="30,2900,0" yaku="24,1,52,1" doraHai="50" who="2" fromWho="1" sc="349,0,223,-29,214,39,204,0" /><INIT seed="2,1,0,2,2,96" ten="349,194,253,204" oya="2" hai0="65,33,109,35,17,52,2,124,64,83,94,59,57" hai1="67,47,126,15,103,97,76,125,32,77,3,75,18" hai2="58,5,84,53,114,87,93,31,73,44,100,90,41" hai3="115,98,43,120,89,106,130,127,4,111,37,1,79"/><V21/><F114/><W60/><G89/><T119/><D2/><U12/><E3/><V54/><F73/><W61/><G61/><T45/><D109/><U10/><E32/><V50/><F5/><W70/><G79/><T134/><D35/><U121/><E121/><V108/><F108/><W112/><G111/><T51/><D33/><U39/><E67/><N who="0" m="25673" /><D124/><N who="1" m="47723" /><E75/><V81/><F100/><N who="3" m="62743" /><G60/><T34/><D34/><U26/><E26/><V23/><F31/><W46/><G127/><T7/><D134/><U101/><E15/><V133/><F133/><W132/><G132/><T131/><D131/><U6/><E6/><V110/><F110/><W88/><G70/><T63/><D119/><U28/><E28/><V113/><F113/><N who="3" m="43595" /><G130/><T13/><D83/><U129/><E129/><V68/><F68/><W8/><G88/><T78/><D78/><N who="1" m="30315" /><E97/><V55/><F58/><W80/><G80/><T48/><D94/><U38/><E38/><V9/><F81/><W122/><AGARI ba="1,0" hai="1,4,8,37,43,46,120,122" m="43595,62743" machi="122" ten="30,4000,0" yaku="11,1,23,1,52,1" doraHai="96" who="3" fromWho="3" sc="349,-11,194,-11,253,-21,204,43" /><INIT seed="3,0,0,0,0,87" ten="338,183,232,247" oya="3" hai0="89,2,30,45,29,123,41,97,52,86,133,106,72" hai1="126,38,47,13,95,91,35,79,51,101,15,71,67" hai2="66,98,11,39,33,88,135,74,22,115,134,43,1" hai3="110,78,118,64,117,107,125,55,61,16,119,76,42"/><W112/><G112/><T122/><D72/><U120/><E120/><V130/><F115/><W65/><G107/><T57/><D2/><U0/><E0/><V124/><F33/><W129/><G42/><T99/><D123/><U121/><E121/><V40/><F74/><W3/><G3/><T9/><D122/><U31/><E38/><V34/><F34/><W63/><G55/><T44/><D133/><N who="2" m="50698" /><F130/><W109/><G125/><T14/><D106/><U8/><E126/><V90/><F124/><W27/><G129/><T21/><D99/><U81/><E101/><V46/><F43/><W23/><G63/><N who="0" m="36263" /><D97/><U26/><E8/><V25/><F66/><N who="3" m="25707" /><G61/><T93/><D21/><U58/><E71/><V28/><F98/><W20/><G23/><T49/><D45/><U5/><E67/><V96/><F96/><W114/><G114/><T84/><D84/><N who="1" m="52711" /><E47/><V131/><F131/><W103/><G103/><T102/><D102/><U70/><E70/><V127/><F127/><W24/><G24/><T7/><AGARI ba="0,0" hai="7,9,14,29,30,41,44,49,86,89,93" m="36263" machi="7" ten="30,4000,0" yaku="8,1,52,1,54,1" doraHai="87" who="0" fromWho="0" sc="338,40,183,-10,232,-10,247,-20" owari="378,47.8,173,-32.7,222,-17.8,227,2.7" /></mjloggm>