<mjloggm ver="2.3"><GO type="225" lobby="0"/><UN n0="%E7%9A%AE%E3%80%85" n1="%E7%99%BD%E5%80%89%E5%AF%9B%E4%B9%8B" n2="%E9%A6%AC%E5%BC%95%E7%81%AB%33" n3="%E3%81%BF%E3%81%BF%E3%81%9A" dan="16,16,16,17" rate="2163.81,2190.58,2110.33,2167.02" sx="M,M,M,M"/><TAIKYOKU oya="0"/><INIT seed="0,0,0,4,2,27" ten="250,250,250,250" oya="0" hai0="22,62,43,76,73,131,46,20,66,106,6,96,39" hai1="11,7,67,40,30,29,82,23,1,121,71,89,70" hai2="97,94,53,34,101,44,118,75,80,125,105,135,112" hai3="21,79,103,51,24,14,65,41,86,32,37,54,109"/><T116/><D116/><U72/><E121/><V122/><F112/><W85/><G32/><T123/><D123/><U107/><E107/><V45/><F122/><W63/><G109/><T36/><D36/><U117/><E117/><V133/><F118/><W84/><G103/><T56/><D131/><U108/><E108/><V95/><F125/><W50/><G14/><T100/><REACH who="0" step="1"/><D6/><REACH who="0" ten="240,250,250,250" step="2"/><U2/><E7/><V3/><F135/><W134/><G134/><T12/><D12/><U19/><E1/><V18/><F3/><W49/><G37/><T57/><D57/><U48/><E2/><V102/><F133/><W128/><G128/><T31/><D31/><U47/><E70/><V8/><F18/><W58/><G41/><T111/><D111/><U68/><E71/><V99/><F44/><W64/><REACH who="3" step="1"/><G79/><REACH who="3" ten="240,250,250,240" step="2"/><T28/><D28/><AGARI ba="0,2" hai="21,24,28,49,50,51,54,58,63,64,65,84,85,86" machi="28" ten="40,12000,2" yaku="1,1,2,1,8,1,52,1,53,2" doraHai="27" doraHaiUra="61" who="3" fromWho="0" sc="240,-120,250,0,250,0,240,140" /><INIT seed="1,0,0,2,1,50" ten="120,250,250,380" oya="1" hai0="80,78,59,121,38,51,92,68,118,35,120,58,133" hai1="126,89,112,34,11,7,90,111,71,37,103,9,124" hai2="47,123,4,28,63,73,30,52,26,23,76,8,106" hai3="39,99,96,93,25,94,40,81,1,46,117,101,54"/><U19/><E71/><V129/><F123/><N who="0" m="47178" /><D68/><U132/><E37/><V61/><F106/><W114/><G114/><T135/><D35/><U113/><E103/><V110/><F110/><W67/><G1/><T95/><D118/><U104/><E104/><V98/><F98/><W97/><G117/><T72/><D38/><U79/><E34/><V6/><F129/><W18/><G67/><T45/><D59/><U21/><E79/><V43/><F28/><W36/><G36/><T13/><D13/><U3/><E90/><V29/><F29/><W86/><G94/><N who="0" m="35883" /><D45/><U87/><E89/><V102/><F102/><W48/><G18/><T56/><D56/><U100/><E87/><V70/><F70/><W12/><G12/><T41/><D41/><U115/><E100/><V116/><F43/><W107/><G25/><T66/><D66/><U16/><E111/><V60/><F116/><W0/><G0/><T27/><D27/><N who="1" m="14759" /><E132/><N who="0" m="50761" /><D58/><U17/><E11/><V5/><F8/><W57/><G107/><T130/><D51/><U84/><E84/><V33/><F33/><W20/><G20/><T42/><D42/><U22/><E19/><V131/><F131/><AGARI ba="0,0" hai="72,78,80,130,131" m="50761,35883,47178" machi="131" ten="40,8000,1" yaku="13,1,20,1,34,2" doraHai="50" who="0" fromWho="2" sc="120,80,250,0,250,-80,380,0" /><INIT seed="2,0,0,0,3,53" ten="200,250,170,380" oya="2" hai0="22,87,57,92,67,113,17,112,11,9,26,14,18" hai1="2,134,81,54,36,108,45,91,103,128,68,7,32" hai2="51,71,72,117,110,105,80,19,38,121,86,114,96" hai3="55,24,107,133,66,100,4,29,60,31,48,25,93"/><V131/><RYUUKYOKU type="yao9" ba="0,0" sc="200,0,250,0,170,0,380,0" hai2="19,38,51,71,72,80,86,96,105,110,114,117,121,131" /><INIT seed="2,1,0,1,4,100" ten="200,250,170,380" oya="2" hai0="25,71,66,68,11,81,10,34,134,123,62,99,52" hai1="51,30,0,54,53,104,63,112,109,73,84,83,128" hai2="129,40,61,23,47,13,60,111,114,32,50,107,87" hai3="90,121,92,26,59,24,43,77,36,38,126,14,72"/><V130/><F114/><W16/><G121/><T122/><D123/><U106/><E0/><V7/><F32/><W103/><G103/><T19/><D122/><U3/><E3/><V57/><F111/><W6/><G6/><T93/><D71/><U94/><E73/><V75/><F75/><W125/><G59/><T49/><D134/><U91/><E112/><V58/><F107/><W48/><G48/><T118/><D81/><U101/><E109/><V45/><F45/><W12/><G77/><T120/><D120/><U2/><E2/><V46/><F46/><W42/><G72/><T85/><D85/><U27/><E128/><N who="2" m="49259" /><F87/><W67/><G67/><T21/><D34/><U1/><E1/><V115/><F115/><W35/><G35/><T44/><REACH who="0" step="1"/><D118/><REACH who="0" ten="190,250,170,380" step="2"/><U135/><E135/><V96/><F96/><W8/><G125/><T102/><AGARI ba="1,1" hai="10,11,19,21,25,44,49,52,62,66,68,93,99,102" machi="102" ten="20,12000,2" yaku="1,1,2,1,0,1,7,1,54,1,53,1" doraHai="100" doraHaiUra="64" who="0" fromWho="0" sc="190,133,250,-31,170,-61,380,-31" /><INIT seed="3,0,0,0,3,14" ten="323,219,109,349" oya="3" hai0="120,49,35,69,34,40,93,70,114,5,128,116,103" hai1="48,17,53,82,122,132,46,113,65,78,88,62,115" hai2="105,94,42,84,135,10,68,12,104,11,36,63,123" hai3="127,119,39,80,23,15,24,67,18,91,97,43,90"/><W56/><G119/><T37/><D116/><U117/><E122/><V29/><F123/><W9/><G127/><T111/><D120/><U58/><E117/><V55/><F135/><W92/><G39/><T47/><D37/><U133/><E133/><V106/><F29/><W110/><G110/><T87/><D111/><U22/><E132/><V74/><F74/><W64/><G43/><T108/><D108/><U121/><E121/><V16/><F10/><W3/><G3/><T25/><D128/><U2/><E2/><V50/><F36/><W129/><G129/><T41/><D114/><U81/><E81/><V134/><F134/><W45/><G45/><T28/><D35/><U124/><E124/><V96/><F42/><W86/><G56/><T85/><D5/><AGARI ba="0,0" hai="5,9,15,18,23,24,64,67,80,86,90,91,92,97" machi="5" ten="30,5800,0" yaku="7,1,8,1,52,1" doraHai="14" who="3" fromWho="0" sc="323,-58,219,0,109,0,349,58" owari="265,6.5,219,-18.1,109,-39.1,407,50.7" /></mjloggm>