<mjloggm ver="2.3"><GO type="225" lobby="0"/><UN n0="%74%61%6B%65%2D%79%6F%75" n1="%43%68%65" n2="%E6%B8%A9%E2%98%85%E6%83%85%E2%98%85%E6%8E%AA%E2%98%85%E7%BD%AE" n3="%E6%A1%9C%E8%8A%B1%E9%96%83%E3%80%85" dan="16,16,17,16" rate="2092.03,2200.53,2218.38,2107.38" sx="M,M,M,M"/><TAIKYOKU oya="0"/><INIT seed="0,0,0,4,3,115" ten="250,250,250,250" oya="0" hai0="27,13,94,40,87,43,12,9,133,81,118,20,36" hai1="54,79,109,5,117,83,76,104,89,51,63,29,0" hai2="90,16,96,66,91,28,113,50,35,33,69,4,1" hai3="14,37,82,53,21,72,71,47,73,19,131,61,44"/><T34/><D133/><U85/><E104/><V38/><F38/><W112/><G112/><T77/><D34/><U55/><E109/><V122/><F113/><W18/><G131/><T78/><D118/><U31/><E117/><V130/><F122/><W42/><G82/><T7/><D36/><U56/><E5/><V15/><F130/><W88/><G88/><N who="0" m="53535" /><D13/><U59/><REACH who="1" step="1"/><E0/><REACH who="1" ten="250,240,250,250" step="2"/><V135/><F4/><W10/><G71/><T52/><D40/><U128/><E128/><V57/><F1/><W45/><G42/><T92/><D43/><U65/><E65/><V108/><F66/><W70/><G37/><T84/><D92/><U105/><E105/><V8/><F69/><W2/><G2/><T62/><D52/><U116/><E116/><V11/><F108/><W129/><G129/><T68/><D68/><U67/><E67/><V86/><F135/><W107/><G107/><T22/><D7/><U6/><E6/><V23/><F35/><W120/><G120/><T39/><D39/><U123/><E123/><V127/><F33/><W103/><G70/><T60/><D81/><U100/><E100/><V106/><F106/><W24/><G103/><T46/><D77/><AGARI ba="0,1" hai="29,31,51,54,55,56,59,63,76,77,79,83,85,89" machi="77" ten="40,2600,0" yaku="1,1,8,1,53,0" doraHai="115" doraHaiUra="41" who="1" fromWho="0" sc="250,-26,240,36,250,0,250,0" /><INIT seed="1,0,0,4,3,129" ten="224,276,250,250" oya="1" hai0="15,71,34,109,84,25,57,96,61,3,29,31,27" hai1="54,68,116,56,87,132,58,81,78,83,119,13,49" hai2="35,106,123,133,36,111,115,40,114,85,14,70,19" hai3="11,104,7,98,135,52,92,59,46,126,108,125,24"/><U1/><E1/><V16/><F123/><W63/><G104/><T118/><D118/><U103/><E68/><V41/><F111/><W90/><G108/><T5/><D109/><U18/><E132/><V99/><F70/><W72/><G72/><T117/><D117/><U4/><E4/><V69/><F69/><W48/><G24/><T47/><D3/><U94/><E58/><V80/><F35/><W30/><G30/><T66/><D84/><U6/><E6/><V50/><F36/><W53/><REACH who="3" step="1"/><G135/><REACH who="3" ten="224,276,250,240" step="2"/><T105/><D27/><U26/><E26/><V28/><F28/><N who="0" m="10826" /><D25/><U97/><REACH who="1" step="1"/><E83/><REACH who="1" ten="224,266,250,240" step="2"/><V101/><F80/><W38/><G38/><T45/><D34/><U60/><E60/><V62/><F62/><W39/><G39/><T9/><D61/><U131/><E131/><V79/><F133/><W51/><G51/><T43/><D71/><U82/><E82/><V130/><F50/><W122/><G122/><T42/><D66/><U113/><E113/><V55/><F115/><W65/><G65/><T64/><D64/><U17/><E17/><V2/><F16/><W93/><G93/><T88/><D105/><U12/><E12/><AGARI ba="0,2" hai="7,11,12,46,48,52,53,59,63,90,92,98,125,126" machi="12" ten="40,2600,0" yaku="1,1,54,1,53,0" doraHai="129" doraHaiUra="33" who="3" fromWho="1" sc="224,0,266,-26,250,0,240,46" /><INIT seed="2,0,0,1,2,54" ten="224,240,250,286" oya="2" hai0="109,68,33,123,65,19,64,134,71,76,4,79,38" hai1="32,90,93,1,49,41,56,104,13,37,84,30,9" hai2="25,34,103,12,31,80,5,121,118,69,63,46,0" hai3="107,127,119,96,18,113,42,114,105,131,22,94,67"/><V66/><F118/><W77/><G119/><T2/><D123/><U23/><E104/><V89/><F121/><W130/><G42/><T52/><D109/><U72/><E72/><V106/><F46/><W125/><G67/><T126/><D134/><U100/><E100/><V8/><F89/><N who="3" m="55375" /><G77/><T117/><D117/><U58/><E37/><V6/><F80/><W116/><G116/><T122/><D122/><U48/><E32/><V44/><F44/><W87/><G87/><T59/><D38/><U47/><E1/><V85/><F85/><W26/><G107/><T92/><D33/><U73/><E49/><V27/><F27/><W43/><G105/><T81/><D65/><U21/><E73/><V60/><F60/><W14/><G43/><T111/><D64/><U112/><E112/><N who="3" m="43114" /><G14/><T15/><D15/><U61/><E61/><V86/><F86/><W124/><AGARI ba="0,0" hai="18,22,26,124,125,127,130,131" m="43114,55375" machi="124" ten="40,2700,0" yaku="18,1,11,1" doraHai="54" who="3" fromWho="3" sc="224,-7,240,-7,250,-13,286,27" /><INIT seed="3,0,0,0,2,96" ten="217,233,237,313" oya="3" hai0="134,76,82,90,61,12,30,133,92,63,40,29,38" hai1="97,46,10,44,74,0,11,99,5,127,9,48,53" hai2="73,129,84,58,105,79,86,57,35,1,98,95,3" hai3="6,72,114,107,78,124,31,77,120,13,68,91,85"/><W50/><G114/><T100/><D12/><U103/><E74/><V75/><F35/><W55/><G120/><T122/><D122/><U45/><E127/><V20/><F105/><W2/><G2/><T123/><D123/><U71/><E71/><V130/><F20/><W41/><G107/><T22/><D40/><U67/><E67/><V59/><F3/><W94/><G68/><T26/><D38/><U24/><E24/><V116/><F1/><W109/><G109/><T51/><D51/><U43/><E99/><V60/><F60/><W112/><G112/><T18/><D63/><U23/><E23/><V111/><F116/><W64/><G64/><T49/><D49/><U28/><E28/><V132/><F132/><N who="0" m="50794" /><D61/><U4/><E4/><V54/><F54/><W102/><G41/><T52/><D52/><U66/><E66/><V104/><F111/><W106/><G13/><T8/><D8/><U89/><E89/><V87/><F79/><W83/><G6/><T34/><D34/><U118/><E118/><V135/><F135/><W117/><G117/><T121/><D121/><U113/><E113/><V15/><F15/><W70/><G70/><T126/><D126/><U32/><E32/><V115/><F115/><W37/><G124/><T14/><D14/><U39/><E45/><V19/><F58/><W88/><G55/><T36/><D36/><U128/><E128/><N who="2" m="49259" /><F59/><W108/><G108/><T62/><D62/><U21/><E21/><V80/><F57/><W47/><G37/><T65/><D65/><U93/><AGARI ba="0,0" hai="0,5,9,10,11,39,43,44,46,48,53,93,97,103" machi="93" ten="20,2700,0" yaku="0,1,7,1,52,1" doraHai="96" who="1" fromWho="1" sc="217,-7,233,27,237,-7,313,-13" owari="210,-29.0,260,6.0,230,-17.0,300,40.0" /></mjloggm>