<mjloggm ver="2.3"><GO type="225" lobby="0"/><UN n0="%E5%A4%8F%E9%88%B4%E9%88%B4%E5%A4%8F" n1="%E3%81%A4%E3%81%A3%E3%81%B1%E3%82%8A%E3%83%9D%E3%83%BC%E3%83%AB" n2="%E7%AC%B9%E9%A4%85" n3="%E3%83%B4%E3%83%A0%EF%BC%99%E3%81%A6" dan="16,17,18,16" rate="2105.13,2169.69,2222.68,2142.42" sx="F,M,M,M"/><TAIKYOKU oya="0"/><INIT seed="0,0,0,2,3,68" ten="250,250,250,250" oya="0" hai0="46,114,15,98,67,50,84,41,130,115,30,1,81" hai1="59,17,93,113,88,39,72,37,66,12,94,105,133" hai2="33,78,125,42,43,36,73,126,10,2,80,86,123" hai3="16,47,97,96,56,32,35,109,110,11,64,61,62"/><T82/><D130/><U48/><E105/><V92/><F123/><W58/><G47/><T106/><D1/><U95/><E72/><V118/><F33/><W79/><G79/><T107/><D67/><U101/><E133/><V9/><F118/><W108/><G32/><T85/><D30/><U60/><E113/><V49/><F49/><W122/><G35/><T111/><D111/><U52/><E101/><V63/><F63/><W104/><G104/><T38/><D15/><U18/><E88/><N who="2" m="53271" /><F42/><W117/><G117/><T90/><D107/><U100/><E100/><V0/><F10/><W116/><G122/><T28/><D28/><U25/><E25/><V14/><F14/><N who="3" m="7263" /><G116/><T45/><D98/><U74/><E74/><V121/><F121/><W91/><G91/><T129/><D129/><U29/><E29/><V76/><F76/><W55/><AGARI ba="0,0" hai="55,56,58,61,62,64,96,97,108,109,110" m="7263" machi="55" ten="30,2000,0" yaku="14,1,54,1" doraHai="68" who="3" fromWho="3" sc="250,-10,250,-5,250,-5,250,20" /><INIT seed="1,0,0,2,5,86" ten="240,245,245,270" oya="1" hai0="89,83,64,118,0,97,114,133,100,87,55,98,34" hai1="25,79,18,63,16,54,125,48,68,13,121,6,92" hai2="135,107,33,80,76,5,29,105,46,14,57,130,27" hai3="132,96,74,134,128,39,20,11,82,19,115,1,51"/><U12/><E121/><V47/><F130/><W52/><G115/><T127/><D118/><U40/><E125/><V28/><F28/><W104/><G39/><T69/><D114/><U50/><E79/><V113/><F113/><W99/><G128/><T117/><D127/><U88/><E68/><V103/><F135/><N who="3" m="51755" /><G104/><T22/><D117/><U44/><E6/><V110/><F110/><W81/><G11/><T65/><D34/><U17/><E63/><V43/><F57/><N who="3" m="32927" /><G1/><T23/><D0/><U124/><E25/><V123/><F27/><N who="3" m="14751" /><G81/><T61/><D64/><U91/><E124/><V42/><F80/><W95/><G95/><T2/><D2/><U66/><E66/><V94/><F94/><W67/><G67/><T41/><D133/><U10/><E92/><V72/><F105/><W111/><G111/><T31/><D100/><U38/><E38/><V116/><F103/><W36/><G36/><T112/><D98/><U26/><E26/><V71/><F107/><W122/><G122/><T56/><D97/><U84/><E10/><V75/><F123/><W8/><G8/><T102/><D102/><U24/><E24/><V58/><F116/><W93/><G93/><T126/><D112/><U101/><E101/><V85/><F33/><W45/><G45/><T73/><D126/><U15/><E84/><V109/><F85/><W119/><G119/><T70/><D73/><U37/><E37/><V90/><F75/><W7/><G7/><T49/><D31/><U30/><E30/><V59/><F29/><W60/><G60/><N who="0" m="40103" /><D70/><U131/><E131/><V78/><F71/><RYUUKYOKU ba="0,0" sc="240,10,245,10,245,-30,270,10" hai0="22,23,41,49,55,56,61,83,87,89" hai1="12,13,15,16,17,18,40,44,48,50,54,88,91" hai3="74,82,96,99" /><INIT seed="1,1,0,5,5,82" ten="250,255,215,280" oya="1" hai0="96,129,124,64,55,112,86,107,78,83,13,90,126" hai1="18,109,11,26,99,35,103,51,73,42,30,39,132" hai2="6,75,31,97,69,28,87,45,116,3,74,117,102" hai3="59,134,68,54,49,95,41,34,15,120,27,56,46"/><U44/><E132/><V81/><F69/><W85/><G120/><T0/><D0/><U76/><E109/><V121/><F121/><W88/><G134/><T10/><D112/><U38/><E76/><V111/><F111/><W66/><G15/><T7/><D64/><U127/><E73/><V114/><F114/><W110/><G110/><T101/><D129/><U135/><E135/><V1/><F45/><W118/><G118/><T92/><REACH who="0" step="1"/><D55/><REACH who="0" ten="240,255,215,280" step="2"/><U12/><REACH who="1" step="1"/><E127/><REACH who="1" ten="240,245,215,280" step="2"/><V91/><F116/><W63/><REACH who="3" step="1"/><G54/><REACH who="3" ten="240,245,215,270" step="2"/><T70/><D70/><U123/><E123/><V36/><F117/><W29/><AGARI ba="1,3" hai="27,29,34,41,46,49,56,59,63,66,68,85,88,95" machi="29" ten="30,8000,1" yaku="1,1,2,1,0,1,52,1,54,1,53,0" doraHai="82" doraHaiUra="106" who="3" fromWho="3" sc="240,-21,245,-41,215,-21,270,113" /><INIT seed="2,0,0,0,1,72" ten="219,204,194,383" oya="2" hai0="73,133,16,116,86,113,83,134,10,23,64,77,117" hai1="106,96,135,33,63,42,115,84,69,75,105,79,49" hai2="78,0,111,53,13,103,122,28,5,85,107,54,34" hai3="36,14,58,4,65,98,127,11,44,132,40,125,104"/><V1/><F122/><W61/><REACH who="3" step="1"/><G132/><REACH who="3" ten="219,204,194,373" step="2"/><N who="0" m="50795" /><D113/><U100/><E135/><V21/><F111/><W46/><G46/><T112/><D112/><U74/><E115/><V50/><F107/><W121/><G121/><T82/><D64/><U43/><E106/><V18/><F103/><AGARI ba="0,1" hai="4,11,14,36,40,44,58,61,65,98,103,104,125,127" machi="103" ten="40,2600,0" yaku="21,2,53,0" doraHai="72" doraHaiUra="124" who="3" fromWho="2" sc="219,0,204,0,194,-26,373,36" /><INIT seed="3,0,0,1,3,37" ten="219,204,168,409" oya="3" hai0="70,90,115,53,31,129,17,73,0,65,6,16,117" hai1="79,116,87,95,3,29,86,11,96,38,46,134,68" hai2="34,76,74,5,30,51,43,82,63,98,122,112,123" hai3="39,69,97,50,119,22,78,110,128,89,23,84,109"/><W71/><G39/><T113/><D117/><U33/><E68/><V102/><F112/><W59/><G119/><T100/><D100/><U35/><E116/><V57/><F5/><W127/><G127/><T103/><D103/><U77/><E134/><V108/><F108/><N who="3" m="41579" /><G97/><T19/><D73/><U131/><E131/><V44/><F30/><W120/><G78/><T61/><D19/><U55/><E3/><V60/><F34/><W88/><G89/><T121/><D16/><U126/><E11/><V101/><F101/><W107/><G107/><T45/><D17/><U13/><E13/><V99/><F99/><W47/><G59/><T21/><D90/><U132/><E126/><V40/><F40/><N who="3" m="24935" /><G120/><T93/><D121/><U130/><E132/><V114/><F114/><W42/><G42/><T62/><D129/><U36/><E36/><V91/><F91/><W25/><G128/><T64/><D115/><U92/><E38/><V83/><F83/><N who="3" m="49183" /><G22/><T8/><D21/><U125/><E125/><V28/><F28/><AGARI ba="0,0" hai="23,25,28,69,71" m="49183,24935,41579" machi="28" ten="30,11600,0" yaku="14,1,10,1,52,1,54,1" doraHai="37" who="3" fromWho="2" sc="219,0,204,0,168,-116,409,116" owari="219,1.9,204,-19.6,52,-44.8,525,62.5" /></mjloggm>