<mjloggm ver="2.3"><GO type="225" lobby="0"/><UN n0="%E9%BA%BB%E9%9B%80%E5%B0%91%E5%B9%B4" n1="%41%6F%54" n2="%E3%80%93%E3%81%97%E3%83%BC%E3%82%89%E3%80%93" n3="%E6%98%93%E5%88%A9%E8%96%A9%E4%BC%AF" dan="17,16,16,17" rate="2169.32,2068.34,2215.31,2145.56" sx="M,M,M,F"/><TAIKYOKU oya="0"/><INIT seed="0,0,0,5,0,132" ten="250,250,250,250" oya="0" hai0="58,120,73,68,59,17,48,96,89,69,107,30,122" hai1="40,33,84,90,85,126,112,130,74,129,29,102,25" hai2="49,14,97,13,80,51,6,103,115,76,131,104,121" hai3="47,134,124,71,67,28,50,119,100,46,21,20,15"/><T60/><D73/><U116/><E116/><V78/><F115/><W117/><G134/><T94/><D107/><U55/><E74/><V81/><F121/><W125/><G100/><T22/><D30/><U8/><E112/><V99/><F131/><W16/><G71/><T11/><D11/><U7/><E102/><V77/><F6/><W24/><G67/><T128/><D128/><N who="1" m="49259" /><E40/><V62/><F62/><W56/><G56/><T3/><D3/><U35/><E55/><V2/><F2/><W113/><G47/><T106/><D106/><U37/><E37/><V26/><F26/><W123/><G123/><T36/><D36/><U82/><E85/><V70/><F70/><W45/><G45/><T54/><D122/><U79/><E79/><V108/><F108/><W53/><REACH who="3" step="1"/><G113/><REACH who="3" ten="250,250,250,240" step="2"/><T32/><D120/><U86/><E35/><V19/><F103/><W23/><G23/><T72/><D32/><U41/><E41/><V75/><F104/><W1/><G1/><T87/><D69/><U61/><E61/><V127/><F75/><W95/><G95/><T42/><D72/><U9/><E33/><V43/><F43/><W133/><G133/><T64/><D42/><U52/><E52/><V38/><F38/><W4/><G4/><T44/><REACH who="0" step="1"/><D96/><REACH who="0" ten="240,250,250,240" step="2"/><U63/><E86/><V105/><F105/><W57/><G57/><T135/><D135/><U88/><E84/><V110/><F99/><W39/><G39/><T10/><D10/><U27/><E8/><V0/><F97/><W91/><G91/><N who="1" m="34858" /><E9/><V114/><F0/><W98/><G98/><T92/><D92/><RYUUKYOKU ba="0,2" sc="240,15,250,-15,250,-15,240,15" hai0="17,22,44,48,54,58,59,60,64,68,87,89,94" hai3="15,16,20,21,24,28,46,50,53,117,119,124,125" /><INIT seed="0,1,2,1,0,86" ten="255,235,235,255" oya="0" hai0="34,111,0,25,119,115,60,66,30,132,129,135,65" hai1="110,48,107,6,120,131,81,82,124,58,37,7,8" hai2="1,97,11,91,46,127,35,90,84,33,117,133,125" hai3="19,4,106,64,112,17,69,59,63,79,134,55,76"/><T53/><D115/><U122/><E37/><V3/><F133/><N who="0" m="51274" /><D119/><U108/><E107/><V94/><F46/><W61/><G112/><T83/><D129/><U113/><E113/><V100/><F117/><W104/><G4/><N who="1" m="1578" /><E8/><V47/><F47/><W95/><G134/><T96/><D0/><N who="2" m="74" /><F11/><W93/><G106/><T51/><D111/><N who="1" m="42539" /><E131/><V2/><N who="2" m="82" /><V70/><DORA hai="121" /><F70/><W15/><G19/><T28/><D28/><U12/><E12/><V80/><F100/><W38/><G38/><T87/><D96/><U62/><E48/><V56/><F56/><W74/><G104/><T73/><D60/><U42/><E42/><V13/><F13/><W92/><REACH who="3" step="1"/><G74/><REACH who="3" ten="255,235,235,245" step="2"/><T75/><D73/><U21/><E124/><AGARI ba="1,3" hai="33,35,80,84,90,91,94,97,124,125,127" m="82" machi="124" ten="40,5200,0" yaku="18,1,52,2" doraHai="86,121" who="2" fromWho="1" sc="255,0,235,-55,235,85,245,0" /><INIT seed="1,0,0,0,2,43" ten="255,180,320,245" oya="1" hai0="121,113,128,71,17,76,61,66,124,4,135,73,81" hai1="125,97,77,3,38,94,23,0,133,131,26,27,51" hai2="80,46,47,83,53,127,58,93,75,64,95,29,40" hai3="106,74,20,134,65,126,31,44,117,109,41,8,84"/><U45/><E131/><V16/><F64/><W87/><G74/><T14/><D113/><U7/><E125/><V120/><F127/><W79/><G126/><T37/><D124/><U59/><E133/><V78/><F120/><W56/><G109/><T130/><D37/><U82/><E38/><V28/><F40/><W24/><G106/><T129/><D135/><U116/><E59/><V69/><F69/><W25/><G117/><T48/><D121/><U39/><E39/><V62/><F16/><W91/><G8/><N who="0" m="6343" /><D48/><U101/><E7/><AGARI ba="0,0" hai="4,7,61,66,71,73,76,81,128,129,130" m="6343" machi="7" ten="30,1000,0" yaku="19,1" doraHai="43" who="0" fromWho="1" sc="255,10,180,-10,320,0,245,0" /><INIT seed="2,0,0,3,1,88" ten="265,170,320,245" oya="2" hai0="75,12,64,42,54,37,3,116,130,69,55,103,97" hai1="58,93,70,131,73,17,43,11,26,29,111,89,96" hai2="39,108,7,92,68,28,63,87,95,110,65,6,44" hai3="33,1,57,124,132,0,59,56,66,41,16,2,133"/><V121/><F28/><W127/><G33/><T19/><D3/><U77/><E111/><N who="2" m="42539" /><F121/><W24/><G41/><T45/><D130/><U52/><E131/><V125/><F125/><N who="3" m="48203" /><G66/><T101/><D75/><U117/><E117/><V60/><F87/><W35/><G35/><T120/><D120/><U20/><E70/><V135/><F135/><N who="3" m="51787" /><G16/><T112/><D112/><U104/><E104/><V32/><F32/><W109/><G109/><T30/><D116/><U62/><E43/><N who="2" m="22655" /><F60/><W82/><G82/><T21/><D30/><U86/><E73/><V91/><F91/><W80/><G80/><T18/><D103/><U34/><E11/><V49/><F49/><W15/><G15/><T78/><D78/><U10/><E10/><V46/><F46/><W74/><G74/><T102/><D102/><U85/><REACH who="1" step="1"/><E77/><REACH who="1" ten="265,160,320,245" step="2"/><V25/><F25/><AGARI ba="0,1" hai="0,1,2,24,25,56,57,59" m="51787,48203" machi="25" ten="50,8000,1" yaku="28,2,18,1,20,1" doraHai="88" who="3" fromWho="2" sc="265,0,160,0,320,-80,245,90" /><AGARI ba="0,0" hai="17,20,25,26,29,34,52,58,62,85,86,89,93,96" machi="25" ten="30,12000,2" yaku="1,1,2,1,7,1,25,2,52,1,54,1,53,0" doraHai="88" doraHaiUra="114" who="1" fromWho="2" sc="265,0,160,120,240,-120,335,0" /><INIT seed="3,0,0,1,4,35" ten="265,280,120,335" oya="3" hai0="40,6,98,134,116,2,56,66,111,13,91,85,29" hai1="59,30,57,67,27,117,43,108,15,5,41,65,124" hai2="7,25,0,73,112,106,14,44,131,133,120,48,33" hai3="3,31,92,89,102,104,23,69,72,126,75,119,125"/><W28/><G3/><T80/><D111/><U95/><E108/><V62/><F73/><W78/><G119/><T94/><D116/><U118/><E124/><N who="3" m="47722" /><G69/><T128/><D128/><U16/><E5/><V22/><F106/><W53/><G104/><T32/><D134/><U114/><E114/><V87/><F133/><W49/><G102/><T74/><D74/><N who="3" m="28201" /><G23/><T1/><D40/><U8/><E117/><V50/><F131/><W36/><G78/><T99/><D99/><U132/><E132/><V121/><F62/><W68/><G68/><T64/><D29/><U20/><E118/><V37/><F37/><W46/><G36/><T129/><D32/><U81/><E81/><V77/><F77/><W123/><G123/><N who="2" m="47177" /><F87/><AGARI ba="0,0" hai="28,31,46,49,53,87,89,92" m="28201,47722" machi="87" ten="30,1500,0" yaku="18,1" doraHai="35" who="3" fromWho="2" sc="265,0,280,0,120,-15,335,15" owari="265,-13.5,280,8.0,105,-39.5,350,45.0" /></mjloggm>