<mjloggm ver="2.3"><GO type="225" lobby="0"/><UN n0="%E3%83%B4%E3%83%A0%EF%BC%99%E3%81%A6" n1="%E3%82%A2%E3%83%9E%E3%83%9D%EF%BD%9E%EF%BD%9E%E3%83%A9" n2="%E6%9D%B1%E9%A2%A8%E3%81%AE%E3%81%8D%E3%82%83%E3%81%B7%E3%81%95%E3%82%93" n3="%E5%B6%BA%E4%B8%8A%E5%92%B2" dan="17,17,16,16" rate="2148.39,2075.13,2160.07,2168.74" sx="M,M,M,F"/><TAIKYOKU oya="0"/><INIT seed="0,0,0,3,2,32" ten="250,250,250,250" oya="0" hai0="91,19,43,77,109,124,10,41,33,75,106,123,11" hai1="59,127,114,58,135,68,110,70,101,129,25,104,98" hai2="31,60,78,111,96,36,71,12,14,0,105,131,128" hai3="103,67,113,47,15,80,9,87,62,119,121,65,28"/><T102/><D123/><U115/><E110/><V57/><F71/><N who="1" m="27177" /><E127/><V122/><F36/><W7/><G113/><N who="1" m="43018" /><E129/><N who="2" m="49739" /><F111/><W48/><G119/><T61/><D33/><U55/><E135/><V72/><F31/><W1/><G121/><T23/><D109/><U108/><E108/><V132/><F122/><W69/><G67/><T118/><D91/><U92/><E25/><V64/><F132/><W99/><G28/><T134/><D134/><U42/><E42/><V97/><F78/><W38/><G38/><T34/><D34/><U45/><E104/><V82/><F82/><W3/><G99/><N who="2" m="37961" /><F72/><W83/><G103/><T133/><D75/><U95/><E92/><V24/><F105/><W16/><G83/><T44/><D106/><U85/><E85/><V17/><F24/><W88/><G7/><T73/><D124/><U117/><E117/><V56/><F56/><W52/><AGARI ba="0,0" hai="1,3,9,15,16,47,48,52,62,65,69,80,87,88" machi="52" ten="20,16000,3" yaku="0,1,7,1,25,2,52,2,54,3" doraHai="32" who="3" fromWho="3" sc="250,-80,250,-40,250,-40,250,160" /><INIT seed="1,0,0,5,1,38" ten="170,210,210,410" oya="1" hai0="16,72,68,79,105,108,103,86,11,119,122,48,109" hai1="95,51,7,5,42,135,97,44,43,10,20,60,133" hai2="102,2,56,26,130,91,31,39,115,116,84,69,96" hai3="73,128,118,14,110,75,104,28,37,4,49,134,57"/><U80/><E80/><V125/><F69/><W90/><G14/><N who="0" m="7263" /><D119/><U92/><E60/><V30/><F2/><W36/><G90/><T55/><D68/><U32/><E32/><V40/><F116/><W78/><G78/><T15/><D72/><U93/><E97/><V76/><F76/><W83/><G57/><N who="0" m="32999" /><D15/><U3/><E5/><V52/><F130/><W107/><G4/><T29/><D29/><U81/><E81/><V127/><F115/><W34/><G28/><T27/><D27/><U117/><E20/><V89/><F96/><W0/><G49/><T99/><D122/><U35/><E35/><N who="2" m="20951" /><F102/><W53/><G53/><T6/><D6/><U21/><E21/><V24/><F24/><W13/><G13/><T19/><D19/><U23/><E23/><V33/><F31/><W101/><G101/><T121/><D121/><U45/><REACH who="1" step="1"/><E117/><REACH who="1" ten="170,200,210,410" step="2"/><V62/><F33/><W47/><G83/><T25/><D25/><U124/><E124/><N who="2" m="47691" /><F84/><W94/><G118/><T88/><D79/><U22/><E22/><V54/><F54/><W9/><G34/><T87/><D87/><U66/><E66/><V126/><F126/><W77/><G75/><T100/><D99/><U113/><E113/><V82/><F82/><W12/><G73/><T50/><D86/><U58/><E58/><V112/><F112/><W71/><G77/><T59/><D59/><U123/><E123/><V18/><F18/><W131/><G71/><T132/><D105/><U114/><E114/><V1/><F1/><W46/><G0/><T67/><D67/><U63/><E63/><V64/><F64/><RYUUKYOKU ba="0,1" sc="170,-15,200,15,210,15,410,-15" hai1="3,7,10,42,43,44,45,51,92,93,95,133,135" hai2="39,40,52,56,62,89,91" /><INIT seed="1,1,1,3,5,1" ten="155,215,225,395" oya="1" hai0="126,104,36,27,118,82,12,108,41,72,39,58,35" hai1="8,14,56,90,42,75,29,87,98,59,57,44,130" hai2="74,62,65,88,63,76,40,111,77,103,66,61,45" hai3="89,128,114,91,134,122,79,23,3,97,109,38,84"/><U69/><E130/><V48/><F111/><W110/><G114/><T129/><D118/><U115/><E75/><V28/><F28/><W16/><G122/><T117/><D117/><U68/><E29/><V46/><F103/><W30/><G134/><T32/><D104/><U96/><E115/><V52/><F74/><W80/><G3/><T132/><D108/><N who="3" m="41577" /><G38/><T112/><D112/><U18/><E69/><V86/><F66/><W70/><G70/><T123/><D123/><U99/><E68/><V83/><REACH who="2" step="1"/><F65/><REACH who="2" ten="155,215,215,395" step="2"/><W51/><G30/><T33/><D72/><U60/><E60/><V19/><F19/><W53/><G128/><T101/><D101/><U24/><E24/><V125/><F125/><W43/><G43/><T81/><D126/><U106/><E106/><V120/><F120/><W95/><G16/><T31/><D129/><U54/><E42/><V135/><F135/><W5/><G5/><T73/><D132/><U20/><E54/><V93/><F93/><W55/><G55/><T2/><D73/><U107/><E107/><V26/><F26/><W21/><G79/><T92/><D41/><U64/><E64/><V11/><F11/><W71/><G71/><T47/><D31/><U4/><E4/><V6/><F6/><W133/><G133/><T50/><D27/><U15/><E8/><V10/><F10/><W100/><G100/><T127/><D127/><U131/><E131/><V25/><F25/><W105/><G105/><T116/><D33/><U85/><E18/><V124/><F124/><W22/><G53/><T113/><D35/><U121/><E121/><RYUUKYOKU ba="1,2" sc="155,-15,215,-15,215,15,395,15" hai2="40,45,46,48,52,61,62,63,76,77,83,86,88" hai3="21,22,23,51,80,84,89,91,95,97" /><INIT seed="2,2,2,4,4,12" ten="140,200,230,410" oya="2" hai0="57,73,131,86,48,0,21,22,33,69,115,79,134" hai1="101,89,44,108,1,42,56,88,111,105,26,106,84" hai2="47,9,31,32,120,119,35,85,49,16,3,17,18" hai3="133,113,63,28,14,129,128,99,76,77,97,24,39"/><V104/><F104/><W93/><G39/><T53/><D115/><U100/><E56/><V10/><F119/><W67/><G113/><T27/><D73/><U20/><E1/><V135/><F120/><W46/><G133/><T38/><D134/><U15/><E15/><V98/><F98/><W81/><G46/><T6/><D131/><N who="3" m="50249" /><G14/><T60/><D38/><N who="1" m="21591" /><E101/><V92/><F135/><W102/><G97/><T66/><D33/><U64/><E100/><V54/><F31/><W118/><G118/><T52/><D53/><U59/><E59/><V65/><F65/><W114/><G114/><T124/><D124/><U78/><E78/><V123/><F123/><W90/><G102/><T7/><D0/><U83/><E89/><V109/><F109/><N who="1" m="42057" /><E64/><V37/><F37/><W4/><G4/><T125/><D125/><U75/><E75/><V43/><F43/><W30/><G24/><T94/><D27/><U25/><E25/><V71/><F71/><N who="3" m="42495" /><G77/><T5/><REACH who="0" step="1"/><D79/><REACH who="0" ten="130,200,230,410" step="2"/><U82/><E106/><V117/><F117/><W110/><G110/><T130/><D130/><U122/><E105/><V116/><F116/><W8/><G76/><T80/><D80/><N who="1" m="49159" /><E122/><V40/><F3/><W50/><G81/><T2/><D2/><U112/><E112/><V51/><F35/><W36/><G36/><T74/><D74/><U61/><E61/><V11/><F32/><W55/><G30/><AGARI ba="2,3" hai="20,26,30,82,83" m="49159,42057,21591" machi="30" ten="30,2000,0" yaku="14,1,54,1" doraHai="12" who="1" fromWho="3" sc="130,0,200,56,230,0,410,-26" /><INIT seed="3,0,0,2,4,38" ten="130,256,230,384" oya="3" hai0="104,66,24,114,68,110,39,25,120,37,135,41,13" hai1="8,48,67,121,123,105,129,46,47,87,45,73,97" hai2="99,117,115,14,60,80,91,106,9,122,95,132,128" hai3="16,30,82,107,98,126,84,83,31,93,102,49,96"/><W57/><G126/><T64/><D120/><U19/><E73/><V108/><F122/><W131/><G131/><T134/><D104/><U4/><E129/><V74/><F132/><W28/><G107/><T124/><D124/><U72/><E72/><V77/><F117/><W21/><G98/><T119/><D119/><U71/><E48/><V3/><F128/><W113/><G113/><T111/><D13/><U35/><E35/><V12/><F115/><W32/><G32/><T1/><D1/><U5/><E87/><V36/><F36/><N who="0" m="13898" /><D114/><U6/><E97/><V118/><F118/><W40/><G84/><T76/><D76/><U7/><E105/><V79/><F79/><W70/><G70/><T130/><D130/><U29/><E29/><V88/><F106/><W26/><G57/><T54/><D68/><U18/><E71/><V86/><F3/><W92/><G92/><T11/><D11/><U69/><E8/><V52/><F9/><W42/><G49/><T112/><D112/><U103/><E69/><V58/><REACH who="2" step="1"/><F108/><REACH who="2" ten="130,256,220,384" step="2"/><N who="0" m="41514" /><D54/><U133/><E123/><V51/><F51/><W62/><G62/><T50/><D50/><U89/><E121/><V55/><F55/><W10/><G10/><T53/><D53/><U44/><E4/><V75/><F75/><W109/><G109/><T2/><D2/><U94/><E5/><V81/><AGARI ba="0,1" hai="12,14,52,58,60,74,77,80,81,86,88,91,95,99" machi="81" ten="20,8000,1" yaku="1,1,0,1,7,1,54,2,53,0" doraHai="38" doraHaiUra="23" who="2" fromWho="2" sc="130,-20,256,-20,220,90,384,-40" owari="110,-39.0,236,-16.4,310,11.0,344,44.4" /></mjloggm>