<mjloggm ver="2.3"><GO type="225" lobby="0"/><UN n0="%E3%83%96%E3%83%83%E3%83%91%E3%82%AA%E3%83%96%E3%83%81%E3%82%AD%E3%83%B3" n1="%EF%BC%AE%EF%BC%A1%EF%BC%AF%33%33%39" n2="%70%68%65%6E%6F%6D%65" n3="%E3%81%8B%E3%82%8F%E3%81%A1%E3%82%83%E3%82%93%35%38" dan="16,16,16,16" rate="2197.65,2120.85,2169.24,2109.58" sx="M,M,M,M"/><TAIKYOKU oya="0"/><INIT seed="0,0,0,4,1,20" ten="250,250,250,250" oya="0" hai0="73,112,29,39,26,103,65,33,115,96,4,10,21" hai1="76,106,105,100,61,80,129,93,22,111,113,90,6" hai2="67,128,122,94,43,28,53,104,117,16,50,17,13" hai3="101,102,55,68,23,47,130,97,25,56,52,63,9"/><T86/><D73/><U40/><E40/><V51/><F122/><W30/><G68/><T92/><D39/><U134/><E6/><V42/><F104/><N who="1" m="40041" /><E61/><V27/><F128/><W118/><G118/><T49/><D65/><U58/><E58/><V107/><F107/><W87/><G130/><T57/><D33/><U46/><E22/><N who="2" m="15479" /><F117/><W83/><G97/><T114/><D86/><N who="1" m="48391" /><E46/><N who="2" m="27863" /><F67/><N who="3" m="39399" /><G9/><T85/><D85/><N who="1" m="52431" /><E129/><V31/><F31/><W126/><G126/><T44/><D57/><U1/><E1/><V8/><F51/><N who="3" m="28799" /><G55/><T45/><REACH who="0" step="1"/><D49/><REACH who="0" ten="240,250,250,250" step="2"/><U124/><E124/><V62/><F62/><W34/><G34/><T3/><AGARI ba="0,1" hai="3,4,10,21,26,29,44,45,92,96,103,112,114,115" machi="3" ten="30,12000,1" yaku="1,1,2,1,0,1,52,1,53,1" doraHai="20" doraHaiUra="19" who="0" fromWho="0" sc="240,130,250,-40,250,-40,250,-40" /><INIT seed="0,1,0,3,3,135" ten="370,210,210,210" oya="0" hai0="0,95,79,34,28,91,8,102,115,129,104,52,86" hai1="85,22,126,9,61,132,63,89,39,122,4,116,57" hai2="32,125,107,106,74,60,111,114,33,76,51,94,42" hai3="11,123,108,53,54,101,45,30,93,110,109,105,55"/><T96/><D115/><U21/><E39/><V84/><F114/><W64/><G105/><T40/><D129/><U48/><E116/><V83/><F111/><W56/><G30/><T131/><D131/><U113/><E113/><V119/><F119/><W47/><G11/><T121/><D121/><U97/><E122/><V10/><F60/><N who="3" m="37895" /><G123/><T1/><D40/><U127/><E97/><AGARI ba="1,0" hai="45,47,53,54,55,93,97,101,108,109,110" m="37895" machi="97" ten="40,1300,0" yaku="14,1" doraHai="135" who="3" fromWho="1" sc="370,0,210,-16,210,0,210,16" /><INIT seed="1,0,0,4,4,45" ten="370,194,210,226" oya="1" hai0="63,13,48,77,90,114,22,23,85,27,46,96,107" hai1="135,128,76,106,88,33,56,108,18,7,75,124,82" hai2="83,29,84,37,15,70,52,0,65,87,41,68,59" hai3="21,91,95,66,71,61,24,94,78,14,43,28,9"/><U112/><E33/><V50/><F0/><W64/><G78/><T126/><D126/><U49/><E7/><V92/><F29/><W121/><G121/><T1/><D114/><U4/><E4/><V51/><F37/><W62/><G91/><T129/><D129/><U105/><E112/><V98/><F65/><W104/><G104/><T72/><D1/><U55/><E124/><V31/><F31/><W102/><G102/><T134/><D134/><U20/><E128/><V69/><F15/><W119/><G43/><T53/><D72/><U34/><E34/><V57/><F83/><W100/><G100/><T79/><D107/><U10/><E10/><V115/><F115/><W116/><G95/><N who="0" m="54735" /><D96/><U39/><E39/><V11/><F11/><W132/><G94/><T47/><D63/><U12/><E135/><V38/><F38/><W86/><G86/><T97/><D97/><U36/><E36/><V93/><F93/><W122/><G122/><T5/><D47/><U2/><E2/><V40/><F87/><W25/><G132/><T125/><D125/><U80/><REACH who="1" step="1"/><E108/><REACH who="1" ten="370,184,210,226" step="2"/><V19/><F19/><N who="3" m="10487" /><G9/><N who="0" m="4271" /><D22/><U101/><E101/><V16/><F16/><AGARI ba="0,1" hai="16,23,27,46,48,53,77,79" m="4271,54735" machi="16" ten="30,3900,0" yaku="8,1,52,1,54,1" doraHai="45" who="0" fromWho="2" sc="370,49,184,0,210,-39,226,0" /><INIT seed="2,0,0,3,4,75" ten="419,184,171,226" oya="2" hai0="98,74,5,97,57,119,116,56,106,26,43,29,124" hai1="17,66,34,84,72,83,89,85,20,44,31,126,38" hai2="123,28,63,87,10,76,100,16,103,115,25,109,52" hai3="132,13,48,104,24,46,32,93,58,30,70,91,0"/><V129/><F115/><W33/><G70/><T39/><D124/><U99/><E66/><V130/><F123/><W107/><G0/><T102/><D74/><U88/><E126/><V53/><F109/><W101/><G32/><N who="0" m="20535" /><D5/><U111/><E111/><V40/><F40/><W12/><G132/><T69/><D98/><U15/><E72/><V112/><F112/><W9/><G58/><T50/><D69/><U108/><E99/><V73/><F73/><W51/><G51/><T6/><D6/><U60/><E60/><V133/><F133/><W11/><G13/><T18/><D39/><U35/><E31/><V36/><F36/><W131/><G9/><T105/><D105/><U22/><E22/><N who="2" m="15415" /><F100/><W37/><G101/><T121/><D121/><U3/><E3/><V81/><F103/><W78/><G37/><T95/><D106/><U1/><E1/><V47/><F63/><W120/><G131/><N who="2" m="50185" /><F47/><W65/><G120/><T59/><D43/><U96/><E108/><V61/><F61/><W90/><G104/><T19/><D50/><U71/><E71/><V64/><F64/><W128/><G65/><T42/><D42/><U67/><E67/><V79/><F76/><W4/><G78/><T86/><D86/><U41/><BYE who="3" /><REACH who="1" step="1"/><E96/><REACH who="1" ten="419,174,171,226" step="2"/><V45/><F45/><W80/><G80/><AGARI ba="0,1" hai="15,17,20,34,35,38,41,44,80,83,84,85,88,89" machi="80" ten="30,8000,1" yaku="1,1,2,1,7,1,9,1,54,1,53,0" doraHai="75" doraHaiUra="114" who="1" fromWho="3" sc="419,0,174,90,171,0,226,-80" /><UN n3="%E3%81%8B%E3%82%8F%E3%81%A1%E3%82%83%E3%82%93%35%38" /><INIT seed="3,0,0,0,2,38" ten="419,264,171,146" oya="3" hai0="131,19,49,26,80,135,0,96,114,53,1,89,39" hai1="117,121,102,27,116,129,126,104,7,30,61,6,37" hai2="34,79,44,98,12,66,105,83,67,20,41,85,110" hai3="70,68,103,91,93,16,42,123,88,3,33,10,101"/><W22/><G33/><T65/><D39/><U73/><E121/><V71/><F34/><W115/><G115/><T76/><D114/><U54/><E37/><V50/><F110/><W47/><G123/><T69/><D131/><U48/><E73/><V133/><F71/><W84/><G70/><T100/><D89/><U40/><E129/><V122/><F122/><W52/><G68/><T86/><D135/><U75/><E75/><V58/><F133/><W36/><G52/><T57/><D65/><N who="2" m="24586" /><F105/><W62/><G62/><T5/><D69/><U127/><E61/><V124/><F124/><N who="1" m="47657" /><E40/><V92/><F58/><W130/><G130/><T9/><D19/><U35/><E102/><N who="2" m="60743" /><F12/><W111/><G111/><T13/><D26/><U60/><E104/><AGARI ba="0,0" hai="0,1,5,9,13,49,53,57,76,80,86,96,100,104" machi="104" ten="30,1000,0" yaku="7,1" doraHai="38" who="0" fromWho="1" sc="419,10,264,-10,171,0,146,0" owari="429,52.9,254,5.4,171,-22.9,146,-35.4" /></mjloggm>