<mjloggm ver="2.3"><GO type="225" lobby="0"/><UN n0="%E5%B6%BA%E4%B8%8A%E5%92%B2" n1="%E3%82%8F%E3%81%8B%E3%81%B0%2A%E3%82%AC%E3%83%BC%E3%83%AB" n2="%E8%A8%88%E7%AE%97%E6%A9%9F%E8%87%AA%E7%84%B6" n3="%E6%A1%9C%E8%8A%B1%E9%96%83%E3%80%85" dan="16,16,17,17" rate="2167.51,2099.86,2131.38,2174.41" sx="F,M,M,M"/><TAIKYOKU oya="0"/><INIT seed="0,0,0,1,4,105" ten="250,250,250,250" oya="0" hai0="62,134,86,89,40,68,25,126,38,114,18,11,107" hai1="17,115,113,16,116,98,58,66,3,2,57,70,48" hai2="26,32,117,53,65,81,102,82,24,33,103,14,112" hai3="19,0,118,6,133,123,85,5,76,55,78,47,73"/><T46/><D114/><N who="1" m="43531" /><E116/><V129/><F112/><W119/><G133/><T108/><D107/><U125/><E125/><V52/><F14/><W130/><G130/><T10/><D134/><U95/><E70/><V104/><F104/><W7/><G0/><N who="1" m="42" /><E48/><V43/><F65/><W41/><G123/><T69/><D126/><U132/><E132/><V21/><F21/><W45/><G85/><T12/><D108/><U51/><E51/><V31/><F31/><W1/><G1/><T87/><D87/><U97/><E97/><V15/><F15/><W50/><G19/><N who="1" m="7242" /><E66/><V37/><F129/><W124/><G124/><T101/><D68/><U4/><E4/><V30/><F30/><W67/><G67/><T106/><D69/><U91/><AGARI ba="0,0" hai="57,58,91,95,98" m="7242,42,43531" machi="91" ten="40,2700,0" yaku="11,1,54,1" doraHai="105" who="1" fromWho="1" sc="250,-13,250,27,250,-7,250,-7" /><INIT seed="1,0,0,0,1,135" ten="237,277,243,243" oya="1" hai0="40,87,93,130,22,111,98,41,29,51,74,115,50" hai1="19,133,55,53,104,34,127,61,67,73,116,126,120" hai2="17,101,3,44,75,0,85,123,125,18,62,100,109" hai3="64,10,131,78,71,43,35,88,76,30,26,89,42"/><U48/><E116/><V86/><F75/><W37/><G131/><T16/><D74/><U117/><E117/><V49/><F62/><W92/><G10/><T25/><D115/><U56/><E120/><V59/><F59/><W20/><G35/><T97/><D130/><U23/><E133/><V6/><F49/><N who="0" m="18442" /><D111/><U63/><E34/><V2/><F44/><W68/><G89/><N who="0" m="53439" /><D29/><U27/><E104/><V99/><F0/><W47/><G43/><AGARI ba="0,0" hai="16,22,25,40,41,43,97,98" m="53439,18442" machi="43" ten="30,2000,0" yaku="8,1,54,1" doraHai="135" who="0" fromWho="3" sc="237,20,277,0,243,0,243,-20" /><INIT seed="2,0,0,4,4,73" ten="257,277,243,223" oya="2" hai0="45,117,56,88,32,110,96,91,83,131,13,43,30" hai1="28,44,41,11,54,90,62,82,38,24,9,65,52" hai2="31,69,35,115,19,16,76,118,0,95,123,74,2" hai3="114,135,119,67,36,98,103,116,121,1,15,17,81"/><V84/><F115/><W133/><G121/><T70/><D110/><U105/><E105/><V61/><F123/><W49/><G36/><T20/><D70/><U53/><E90/><V102/><F74/><W33/><G1/><T22/><D131/><U104/><E82/><V40/><F40/><W79/><G33/><T101/><D117/><U7/><E104/><V23/><F35/><W80/><G67/><T39/><D32/><U94/><E94/><V6/><F118/><W68/><G68/><T108/><D108/><U47/><E47/><V51/><F51/><W89/><G49/><T71/><D71/><U134/><E134/><N who="3" m="51210" /><G114/><T34/><D34/><U86/><E86/><V72/><F0/><W128/><G128/><T113/><D113/><U125/><E125/><V85/><F61/><W26/><G26/><T124/><D124/><U107/><E107/><V27/><F69/><W5/><G5/><T106/><D30/><U132/><E132/><V127/><F6/><W12/><G89/><T60/><D13/><N who="3" m="5193" /><G17/><N who="2" m="6729" /><F2/><W46/><G46/><T25/><D25/><U120/><E120/><V129/><F129/><W14/><N who="3" m="5201" /><W18/><DORA hai="109" /><G18/><T87/><REACH who="0" step="1"/><D91/><REACH who="0" ten="247,277,243,223" step="2"/><U130/><E130/><V78/><F127/><W29/><G29/><T126/><D126/><U112/><E112/><V77/><F72/><N who="3" m="43111" /><G81/><T100/><D100/><U66/><E28/><V21/><F21/><W3/><G3/><T50/><D50/><U37/><E37/><V99/><AGARI ba="0,1" hai="23,27,31,76,77,78,84,85,95,99,102" m="6729" machi="99" ten="30,12000,1" yaku="8,1,52,3,54,1" doraHai="73,109" who="2" fromWho="2" sc="247,-40,277,-40,243,130,223,-40" /><INIT seed="2,1,0,2,2,63" ten="207,237,373,183" oya="2" hai0="68,72,9,83,50,127,55,87,46,91,112,3,5" hai1="36,110,34,51,74,78,30,37,23,11,121,28,16" hai2="70,29,41,53,131,57,66,132,80,93,64,35,81" hai3="59,116,40,89,129,126,125,94,104,134,109,99,17"/><V20/><F35/><W111/><G40/><T108/><D112/><U4/><E110/><N who="3" m="41994" /><G17/><T76/><D108/><U19/><E121/><V124/><F70/><W39/><G39/><T61/><D127/><N who="3" m="48649" /><G59/><T27/><D27/><N who="1" m="18719" /><E78/><V14/><F41/><W62/><G62/><T122/><D122/><U135/><E74/><V44/><F44/><W54/><G54/><T92/><D61/><U133/><E51/><V65/><F131/><W97/><G129/><T69/><AGARI ba="1,0" hai="3,5,9,46,50,55,68,69,72,76,83,87,91,92" machi="69" ten="30,1100,0" yaku="0,1" doraHai="63" who="0" fromWho="0" sc="207,14,237,-4,373,-6,183,-4" /><INIT seed="3,0,0,3,1,123" ten="221,233,367,179" oya="3" hai0="100,116,56,40,94,0,17,79,83,51,25,63,45" hai1="11,104,108,35,121,75,37,4,29,39,23,111,126" hai2="106,102,96,109,118,36,18,62,134,120,13,135,33" hai3="110,55,65,64,122,69,24,38,97,129,117,90,28"/><W57/><G122/><T26/><D0/><U12/><E121/><V49/><F109/><N who="1" m="42057" /><E126/><V74/><F49/><W113/><G110/><T88/><D116/><U98/><E75/><V78/><F18/><W68/><G117/><T53/><D100/><N who="1" m="62487" /><E35/><V77/><F33/><W66/><G113/><T82/><D17/><N who="1" m="10663" /><E29/><V112/><F74/><W99/><G38/><T7/><D7/><U72/><E72/><V84/><F36/><W43/><G43/><T115/><D115/><U20/><E20/><V50/><F112/><W27/><G129/><T67/><D40/><U30/><E30/><V125/><F125/><W101/><G24/><N who="0" m="9323" /><D79/><U131/><E131/><V87/><F77/><W2/><G2/><T132/><D132/><U60/><E60/><V52/><F62/><W130/><G130/><T3/><D3/><AGARI ba="0,0" hai="3,4,11,37,39" m="10663,62487,42057" machi="3" ten="30,7700,0" yaku="14,1,52,3" doraHai="123" who="1" fromWho="0" sc="221,-77,233,77,367,0,179,0" owari="144,-35.6,310,11.0,367,46.7,179,-22.1" /></mjloggm>