<mjloggm ver="2.3"><GO type="225" lobby="0"/><UN n0="%E3%80%90%E3%83%88%E3%83%AA%E3%83%A5%E3%83%95%E3%80%91" n1="%E3%82%B3%E3%83%90%E3%83%AC%E3%82%A4" n2="%E3%82%8A%E3%81%93%E3%82%8A%E3%82%93%E3%81%94" n3="%E6%9C%88%E5%B3%B6%E5%9F%BA" dan="16,16,17,16" rate="2092.30,2163.64,2221.02,2048.46" sx="M,M,M,M"/><TAIKYOKU oya="0"/><INIT seed="0,0,0,5,2,105" ten="250,250,250,250" oya="0" hai0="46,130,51,72,12,38,64,123,117,119,110,80,6" hai1="40,42,30,108,13,33,29,14,93,45,53,71,32" hai2="5,82,63,1,92,112,76,101,25,49,41,56,61" hai3="126,121,120,0,122,21,75,79,88,11,23,86,28"/><T81/><D123/><U87/><E71/><V132/><F112/><W134/><G134/><T109/><D38/><U116/><E45/><V58/><F132/><W47/><G126/><T69/><D64/><U133/><E93/><V111/><F111/><N who="0" m="42506" /><D69/><U114/><E108/><V16/><F5/><N who="3" m="1447" /><G47/><T26/><D26/><U43/><E87/><V91/><F101/><W37/><G37/><T94/><D94/><U62/><E62/><V131/><F1/><W20/><G28/><T90/><D6/><U84/><E84/><V34/><F25/><W52/><G52/><N who="0" m="29815" /><D12/><U129/><E133/><V60/><F92/><N who="3" m="54295" /><G79/><N who="0" m="44135" /><D90/><U113/><E43/><V66/><F41/><W19/><G75/><T98/><D98/><U50/><E53/><V73/><F91/><W10/><G121/><T2/><D2/><U118/><E50/><V7/><F49/><W35/><G122/><T107/><D107/><U48/><E48/><V74/><F66/><W77/><G120/><T89/><D89/><U104/><E104/><V68/><F68/><W100/><G77/><T78/><D130/><AGARI ba="0,0" hai="13,14,29,30,32,33,40,42,113,114,116,118,129,130" machi="130" ten="25,1600,0" yaku="22,2" doraHai="105" who="1" fromWho="0" sc="250,-16,250,16,250,0,250,0" /><INIT seed="1,0,0,2,5,87" ten="234,266,250,250" oya="1" hai0="128,135,26,48,15,61,59,82,131,132,112,6,123" hai1="125,42,103,85,118,77,39,29,3,127,23,32,68" hai2="66,56,109,124,63,37,62,1,102,25,65,36,93" hai3="79,8,4,47,94,83,50,51,44,33,105,17,104"/><U71/><E3/><V121/><F121/><W5/><G33/><T35/><D112/><U100/><E32/><V2/><F109/><W9/><G17/><T80/><D48/><U45/><E29/><V114/><F124/><N who="1" m="47689" /><E23/><V69/><F114/><W10/><G83/><N who="0" m="31787" /><D26/><U88/><E77/><V18/><F102/><N who="1" m="38953" /><E118/><V84/><F25/><W122/><G79/><T120/><D35/><U67/><E67/><V20/><F20/><W41/><G122/><N who="0" m="46635" /><D6/><U96/><E96/><V86/><F18/><W24/><G24/><T95/><D15/><U111/><E111/><V133/><F1/><W19/><G19/><T92/><D59/><U57/><E57/><V43/><F2/><W108/><G108/><T117/><D61/><U129/><E129/><N who="0" m="49737" /><D117/><U27/><E27/><V60/><F63/><W40/><G104/><T30/><D30/><U38/><E38/><V11/><F37/><W89/><G105/><T21/><D21/><U49/><E39/><V55/><F36/><W115/><G115/><T90/><D92/><AGARI ba="0,0" hai="42,45,49,68,71,85,88,92" m="38953,47689" machi="92" ten="30,5800,0" yaku="18,1,52,1,54,1" doraHai="87" who="1" fromWho="0" sc="234,-58,266,58,250,0,250,0" /><INIT seed="1,1,0,5,4,12" ten="176,324,250,250" oya="1" hai0="31,0,101,16,41,6,105,80,18,87,94,88,3" hai1="7,114,123,27,48,37,130,62,98,67,92,66,133" hai2="60,126,9,50,49,131,2,33,108,115,134,96,121" hai3="124,99,23,61,83,42,13,47,79,64,86,44,69"/><U75/><E37/><V97/><F121/><W106/><G124/><T71/><D71/><U22/><E75/><V93/><F33/><W11/><G23/><T30/><D105/><U43/><E123/><V59/><F126/><W120/><G120/><T57/><D0/><U19/><E114/><V65/><F108/><W39/><G47/><T76/><D101/><U1/><E130/><V85/><F131/><W34/><G34/><T117/><D117/><U78/><E78/><V58/><F134/><W100/><G13/><T84/><D41/><U73/><E73/><V129/><F129/><W122/><G11/><T102/><D102/><U74/><E74/><V51/><F115/><W113/><G113/><T82/><D94/><U90/><E133/><V8/><F59/><W110/><REACH who="3" step="1"/><G122/><REACH who="3" ten="176,324,250,240" step="2"/><T127/><D127/><U35/><E35/><V125/><F125/><W104/><G104/><T53/><D3/><U111/><E111/><AGARI ba="1,1" hai="39,42,44,61,64,69,79,83,86,99,100,106,110,111" machi="111" ten="40,1300,0" yaku="1,1,53,0" doraHai="12" doraHaiUra="29" who="3" fromWho="1" sc="176,0,324,-16,250,0,240,26" /><INIT seed="2,0,0,3,0,74" ten="176,308,250,266" oya="2" hai0="75,118,43,117,29,67,104,60,110,39,105,15,106" hai1="123,76,126,59,33,17,36,37,108,132,103,95,3" hai2="32,21,93,70,72,48,20,4,79,134,45,23,84" hai3="18,94,130,129,87,19,112,52,124,65,113,26,40"/><V82/><F32/><W100/><G124/><T127/><D29/><U97/><E3/><V56/><F70/><W92/><G65/><T41/><D15/><U99/><E33/><V85/><F134/><W119/><G119/><N who="0" m="45579" /><D127/><U71/><E71/><V24/><F4/><W125/><G125/><T25/><D25/><U63/><E132/><V81/><F93/><N who="3" m="35947" /><G100/><T78/><D39/><U114/><E97/><V109/><F109/><W77/><G40/><N who="0" m="15435" /><D110/><U49/><E108/><V122/><F122/><W10/><G10/><T54/><D54/><U42/><E37/><V12/><F12/><W115/><G52/><T13/><D13/><U2/><E36/><V90/><F56/><W128/><G26/><T27/><D27/><U7/><E42/><N who="2" m="24631" /><F72/><W91/><G91/><T69/><D75/><U80/><E126/><V1/><F1/><W11/><G11/><T0/><D0/><U133/><E2/><V30/><AGARI ba="0,0" hai="20,21,23,24,30,79,81,82,84,85,90" m="24631" machi="30" ten="30,3000,0" yaku="8,1,52,1" doraHai="74" who="2" fromWho="2" sc="176,-10,308,-10,250,30,266,-10" /><INIT seed="2,1,0,0,1,135" ten="166,298,280,256" oya="2" hai0="94,55,4,35,6,104,63,80,122,14,78,61,83" hai1="69,2,119,16,74,51,15,112,22,70,93,134,19" hai2="95,30,43,108,62,18,123,103,66,96,124,121,117" hai3="26,120,36,115,29,45,133,71,67,33,111,98,82"/><V23/><F117/><W11/><G120/><T88/><D122/><U128/><E2/><V75/><F75/><W1/><G133/><T125/><D104/><U86/><E134/><V31/><F124/><W0/><G111/><T56/><D35/><U57/><E74/><V113/><F113/><W91/><G115/><T97/><D125/><U3/><E3/><V8/><F108/><W99/><G91/><T44/><D44/><U72/><E72/><V81/><F43/><N who="3" m="22759" /><G82/><T10/><D78/><U24/><E112/><V5/><F81/><W41/><G41/><T28/><D28/><U92/><E119/><V9/><F123/><W34/><G98/><T127/><D127/><U60/><E69/><V89/><F89/><W13/><G13/><T46/><D4/><U49/><E70/><V105/><F105/><W79/><G79/><T21/><D21/><N who="1" m="11519" /><E128/><V42/><F42/><W47/><G47/><T126/><D46/><U130/><E130/><V73/><F121/><W12/><G12/><T38/><D38/><U48/><E86/><V106/><F106/><W17/><G99/><T87/><D126/><U58/><E58/><N who="2" m="37207" /><F73/><W20/><G34/><T25/><D25/><U131/><E131/><V53/><F96/><W118/><G118/><T37/><D37/><U129/><E129/><V107/><F107/><W101/><G101/><T27/><D27/><U76/><E76/><V132/><F103/><W68/><G33/><T40/><D40/><U102/><E102/><V77/><F77/><W7/><G1/><T52/><D97/><U114/><E114/><V116/><F132/><RYUUKYOKU ba="1,0" sc="166,15,298,15,280,-15,256,-15" hai0="6,10,14,52,55,56,61,63,80,83,87,88,94" hai1="16,22,24,48,49,51,57,60,92,93" /><INIT seed="3,2,0,4,3,52" ten="181,313,265,241" oya="3" hai0="0,80,53,127,104,131,33,27,90,37,30,120,75" hai1="34,117,42,39,32,133,86,77,59,123,64,45,22" hai2="25,95,3,51,48,101,17,68,70,109,12,19,41" hai3="23,71,125,21,72,116,81,5,103,91,107,20,50"/><W83/><G116/><T56/><D120/><U29/><E123/><V129/><F3/><W62/><G125/><T111/><D127/><U130/><E117/><V38/><F38/><W69/><G107/><T65/><D111/><U87/><E133/><V97/><F129/><W66/><G71/><T113/><D131/><U60/><E130/><V134/><F109/><W10/><G103/><T122/><D122/><U13/><E86/><V7/><F7/><W57/><G91/><T112/><D104/><U35/><E13/><V44/><F134/><W92/><G92/><T43/><D0/><U118/><E118/><V126/><F126/><W36/><G36/><T128/><D128/><U78/><E87/><V6/><F6/><W47/><G69/><T100/><D75/><U4/><E4/><V79/><F79/><W15/><REACH who="3" step="1"/><G72/><REACH who="3" ten="181,313,265,231" step="2"/><T135/><D135/><U121/><E121/><V73/><F73/><W49/><G49/><T96/><D113/><U46/><E39/><V82/><F51/><W76/><G76/><T14/><D112/><U108/><E108/><V58/><F70/><W1/><G1/><T85/><D37/><U74/><E74/><V54/><F68/><W99/><G99/><T31/><D100/><U11/><E77/><V55/><F97/><W28/><G28/><N who="0" m="19615" /><D96/><U26/><E78/><V40/><F95/><W2/><G2/><T9/><D30/><U110/><E110/><V61/><F101/><W132/><G132/><T8/><D31/><U93/><E29/><V114/><F114/><W89/><G89/><T16/><D90/><U102/><E102/><RYUUKYOKU ba="2,1" sc="181,-10,313,-10,265,-10,231,30" hai3="5,10,15,20,21,23,47,50,57,62,66,81,83" /><INIT seed="3,3,1,5,1,107" ten="171,303,255,261" oya="3" hai0="119,79,34,50,93,30,28,52,101,109,92,85,20" hai1="130,14,43,90,94,77,64,91,110,103,6,24,78" hai2="67,4,95,46,1,82,62,96,124,11,69,18,10" hai3="99,35,26,49,47,121,100,132,88,72,33,3,15"/><W108/><G121/><T31/><D119/><U9/><E130/><V122/><F122/><W5/><G3/><T41/><D34/><U37/><E37/><V98/><F124/><W29/><G72/><T102/><D109/><U44/><E110/><V129/><F129/><W70/><G70/><T59/><D41/><U22/><E64/><V39/><F82/><W86/><G108/><T58/><D20/><U40/><E103/><N who="0" m="39433" /><D59/><U2/><E2/><V12/><F95/><N who="0" m="36426" /><D85/><N who="1" m="52559" /><E91/><V81/><F81/><N who="3" m="49231" /><G35/><T118/><D118/><U63/><E63/><V89/><F89/><W60/><G33/><T23/><D23/><U66/><E66/><V13/><F1/><W56/><G100/><T104/><D104/><U75/><E75/><V65/><F65/><N who="3" m="39047" /><G99/><T8/><D79/><N who="1" m="30219" /><E44/><V116/><F116/><W51/><G47/><T38/><D38/><U19/><AGARI ba="3,1" hai="6,9,14,19,22,24,40,43" m="30219,52559" machi="19" ten="30,1100,0" yaku="8,1" doraHai="107" who="1" fromWho="1" sc="171,-6,303,30,255,-6,261,-8" owari="165,-33.5,333,43.3,249,-15.1,253,5.3" /></mjloggm>