<mjloggm ver="2.3"><GO type="225" lobby="0"/><UN n0="%E3%82%A2%E3%82%A4%E3%82%B9%E3%83%86%E3%82%A3%E3%83%BC%E3%81%82%E3%81%B9" n1="%77%72%77%72%77%72%77%72" n2="%E5%91%A8%E6%9D%B1" n3="%72%69%6F%75%63%68%61%6E" dan="16,17,17,16" rate="2076.00,2143.57,2216.56,2110.76" sx="M,M,M,M"/><TAIKYOKU oya="0"/><INIT seed="0,0,0,2,2,86" ten="250,250,250,250" oya="0" hai0="30,74,120,51,96,21,79,28,115,25,84,63,68" hai1="59,124,66,106,91,32,10,132,56,38,31,101,65" hai2="109,95,4,113,57,89,93,102,117,37,41,52,23" hai3="125,22,107,18,33,71,130,5,34,127,126,94,100"/><T11/><D120/><U6/><E38/><V111/><F113/><W20/><G130/><T50/><D115/><U90/><E132/><V62/><F117/><W81/><G107/><T43/><D74/><U88/><E124/><V61/><F4/><W75/><G71/><T47/><D11/><U105/><E32/><N who="3" m="12394" /><G5/><T135/><D135/><U35/><E35/><V58/><F23/><N who="3" m="8747" /><G18/><T82/><D96/><U80/><E80/><V133/><F133/><W104/><G104/><T49/><REACH who="0" step="1"/><D30/><REACH who="0" ten="240,250,250,250" step="2"/><U99/><E31/><V53/><F109/><W48/><G48/><T9/><D9/><U76/><E106/><V3/><F111/><W121/><G121/><T17/><D17/><U42/><E76/><V13/><F37/><W64/><G64/><AGARI ba="0,1" hai="21,25,28,43,47,49,50,51,63,64,68,79,82,84" machi="64" ten="40,3900,0" yaku="1,1,53,1" doraHai="86" doraHaiUra="72" who="0" fromWho="3" sc="240,49,250,0,250,0,250,-39" /><INIT seed="0,1,0,5,3,64" ten="289,250,250,211" oya="0" hai0="122,50,53,129,56,25,8,10,91,67,116,80,2" hai1="30,27,101,17,79,14,71,111,86,127,112,43,15" hai2="100,73,66,19,34,97,4,29,37,107,72,62,18" hai3="120,59,58,124,84,31,134,94,28,93,83,45,90"/><T133/><D116/><U44/><E111/><V33/><F33/><W16/><G124/><T36/><D36/><U104/><E127/><V128/><F37/><W55/><G134/><T87/><D122/><U5/><E112/><V95/><F128/><W47/><G120/><T11/><D133/><U52/><E71/><V39/><F39/><W40/><G59/><T63/><D129/><U113/><E113/><V135/><F135/><W102/><G16/><N who="2" m="6185" /><F95/><N who="3" m="36363" /><G102/><T76/><D25/><U123/><E123/><V99/><F99/><W125/><G125/><T32/><D32/><U106/><E101/><V85/><F85/><W21/><G40/><T108/><D108/><U77/><E43/><V38/><F4/><W1/><G1/><T82/><D2/><U121/><E121/><V23/><F23/><W98/><G98/><T9/><N who="0" m="2048" /><DORA hai="115" /><T117/><D117/><U54/><E5/><V6/><F38/><W103/><G103/><T68/><REACH who="0" step="1"/><D82/><REACH who="0" ten="279,250,250,211" step="2"/><U51/><E14/><V96/><F6/><W24/><G31/><T0/><D0/><U61/><E15/><V118/><F118/><W88/><G90/><AGARI ba="1,1" hai="50,53,56,63,67,68,76,80,87,90,91" m="2048" machi="90" ten="50,4800,0" yaku="1,1,52,1,53,0" doraHai="64,115" doraHaiUra="92,12" who="0" fromWho="3" sc="279,61,250,0,250,0,211,-51" /><INIT seed="0,2,0,5,0,35" ten="340,250,250,160" oya="0" hai0="83,81,14,123,59,47,1,28,87,82,107,0,70" hai1="134,109,10,131,33,8,133,66,104,22,118,101,40" hai2="17,55,46,103,124,85,89,24,30,19,112,15,98" hai3="106,129,132,65,54,96,32,41,119,9,128,37,73"/><T114/><D114/><U56/><E118/><V88/><F124/><W29/><G119/><T31/><D70/><U122/><E122/><V51/><F112/><W63/><G132/><N who="1" m="50794" /><E33/><V16/><F15/><W108/><G108/><T52/><D107/><U91/><E109/><V13/><F13/><W67/><G73/><T127/><D123/><U121/><E121/><V113/><F113/><W61/><G54/><T50/><D127/><U3/><E131/><V90/><F85/><W69/><G9/><T58/><D87/><U78/><E78/><V117/><F117/><W115/><G115/><T62/><D14/><U42/><E22/><V5/><F5/><W105/><G41/><N who="1" m="15978" /><E91/><V86/><F86/><W95/><G37/><T120/><D120/><U76/><E76/><V25/><REACH who="2" step="1"/><F30/><REACH who="2" ten="340,250,240,160" step="2"/><W27/><G129/><T125/><D125/><U18/><E18/><V53/><F53/><W48/><G128/><T116/><D116/><U12/><E12/><V36/><F36/><W74/><G74/><T77/><D77/><U34/><E10/><V38/><F38/><W79/><G79/><T92/><D31/><U20/><E8/><V44/><F44/><W7/><G7/><T45/><D28/><U84/><E84/><V71/><F71/><W94/><G96/><T64/><REACH who="0" step="1"/><D92/><AGARI ba="2,1" hai="16,17,19,24,25,46,51,55,88,89,90,92,98,103" machi="92" ten="40,8000,1" yaku="1,1,8,1,54,2,53,1" doraHai="35" doraHaiUra="49" who="2" fromWho="0" sc="340,-86,250,0,240,96,160,0" /><INIT seed="1,0,0,0,2,112" ten="254,250,336,160" oya="1" hai0="134,68,81,49,7,40,16,1,106,119,33,36,52" hai1="73,122,121,45,120,131,55,88,58,84,11,124,3" hai2="93,42,21,18,38,41,75,85,65,5,63,95,62" hai3="118,12,14,15,23,51,57,71,2,96,82,83,107"/><U99/><E73/><V113/><F75/><W133/><G133/><T66/><D106/><U27/><E131/><V44/><F113/><W117/><G71/><T61/><D33/><U10/><E124/><V111/><F111/><W47/><G2/><T28/><D28/><U13/><E3/><V59/><F5/><W109/><G109/><T90/><D134/><U80/><E45/><V87/><F42/><W35/><G35/><T126/><D126/><U32/><E99/><V128/><F128/><W4/><G4/><T31/><D31/><U56/><E56/><V50/><F38/><W97/><G57/><N who="0" m="32911" /><D81/><N who="3" m="30729" /><G107/><T53/><D90/><U98/><E98/><V34/><F34/><W25/><G25/><T115/><D53/><U72/><E72/><V108/><F63/><W104/><G23/><T130/><D115/><U86/><E32/><V30/><F30/><W0/><G0/><T69/><D69/><U24/><E10/><V123/><F123/><W105/><G104/><T60/><D60/><U39/><E39/><V64/><F64/><W103/><G96/><T17/><D130/><U46/><E46/><V9/><F9/><W101/><G103/><T89/><D89/><U102/><E102/><V132/><F132/><W129/><G129/><T8/><D119/><N who="3" m="45577" /><G12/><T92/><D92/><N who="2" m="35402" /><F108/><W48/><G48/><T127/><D127/><U125/><E125/><V70/><F70/><W76/><G76/><T6/><D6/><N who="1" m="3319" /><E84/><V91/><F91/><W116/><N who="3" m="45585" /><W100/><DORA hai="37" /><G101/><T54/><D1/><U110/><E110/><V77/><F77/><W22/><G22/><RYUUKYOKU ba="0,0" sc="254,-30,250,10,336,10,160,10" hai1="24,27,55,58,80,86,88,120,121,122" hai2="18,21,41,44,50,59,62,65,85,87" hai3="14,15,47,51,97,100,105" /><INIT seed="1,1,0,1,0,109" ten="224,260,346,170" oya="1" hai0="131,86,50,2,78,41,12,82,16,60,51,5,0" hai1="25,107,32,135,99,128,84,52,120,98,104,97,44" hai2="24,87,9,134,132,1,102,126,91,18,73,61,4" hai3="31,100,113,7,125,117,75,77,133,70,47,28,64"/><U59/><E120/><V11/><F73/><W80/><G125/><T101/><D131/><U53/><E128/><V22/><F126/><W40/><G133/><N who="2" m="51305" /><F11/><W35/><G117/><T129/><D129/><U95/><E135/><V115/><F61/><W62/><G113/><T36/><D101/><U46/><E53/><V29/><F102/><W48/><G35/><T55/><D36/><U68/><E68/><V21/><F115/><W6/><REACH who="3" step="1"/><G100/><REACH who="3" ten="224,260,346,160" step="2"/><T17/><D2/><U33/><E33/><N who="2" m="20647" /><F18/><W71/><G71/><T19/><D0/><U54/><E32/><V3/><F3/><W123/><G123/><T130/><D130/><U15/><E107/><V111/><F111/><W74/><G74/><T65/><D5/><AGARI ba="1,1" hai="5,6,7,28,31,40,47,48,62,64,70,75,77,80" machi="5" ten="40,1300,0" yaku="1,1,53,0" doraHai="109" doraHaiUra="30" who="3" fromWho="0" sc="224,-16,260,0,346,0,160,26" /><INIT seed="2,0,0,4,3,83" ten="208,260,346,186" oya="2" hai0="44,56,47,77,50,29,35,6,43,19,134,23,98" hai1="123,61,42,11,101,41,69,112,8,7,49,106,65" hai2="54,78,5,118,18,21,27,68,79,30,117,16,132" hai3="75,102,28,22,1,38,64,133,12,63,85,62,108"/><V88/><F68/><W114/><G75/><T67/><D134/><U109/><E112/><V9/><F132/><W57/><G133/><T59/><D6/><U89/><E109/><V135/><F135/><W3/><G114/><T92/><D77/><U93/><E123/><V104/><F104/><W76/><G108/><T55/><D29/><U2/><E11/><V45/><F118/><W17/><G38/><T14/><D35/><U120/><E120/><V34/><F117/><W66/><G102/><T115/><D115/><U0/><E0/><V33/><F33/><W86/><G28/><T100/><REACH who="0" step="1"/><D67/><REACH who="0" ten="198,260,346,186" step="2"/><U113/><E113/><V94/><F34/><W36/><G76/><T130/><D130/><U26/><E7/><V74/><F79/><W91/><G36/><AGARI ba="0,1" hai="14,19,23,36,43,44,47,50,55,56,59,92,98,100" machi="36" ten="30,2000,0" yaku="1,1,7,1,53,0" doraHai="83" doraHaiUra="126" who="0" fromWho="3" sc="198,30,260,0,346,0,186,-20" /><INIT seed="3,0,0,4,2,21" ten="228,260,346,166" oya="3" hai0="60,75,117,88,133,119,4,16,23,135,70,68,39" hai1="50,29,51,97,31,65,112,76,92,7,28,5,87" hai2="24,134,37,38,59,49,14,22,34,52,36,58,106" hai3="93,83,125,56,8,71,55,48,32,98,15,41,2"/><W6/><G125/><T18/><D39/><U72/><E72/><V126/><F106/><W20/><G71/><N who="0" m="27179" /><D75/><U109/><E112/><V53/><F126/><W43/><G32/><T54/><D4/><N who="1" m="1611" /><E109/><V0/><F0/><W10/><G83/><T85/><D60/><U103/><E65/><V101/><F101/><W121/><G121/><T47/><D47/><U90/><E76/><V35/><F14/><W27/><G10/><T108/><D54/><U114/><E114/><V44/><F134/><N who="0" m="51210" /><D108/><U107/><E107/><V124/><F124/><W122/><G2/><T102/><D102/><U64/><E64/><V73/><F73/><W111/><G122/><T96/><D96/><U33/><E33/><V46/><F35/><W63/><G48/><N who="1" m="18474" /><E103/><V82/><F34/><W57/><G57/><T120/><D120/><U129/><E129/><V86/><F58/><W81/><G111/><T9/><D9/><U104/><E104/><V116/><F59/><W66/><G81/><N who="0" m="49199" /><D18/><U89/><E89/><V130/><F38/><W12/><G55/><T19/><D19/><U26/><E97/><V118/><F53/><W11/><G98/><T77/><D77/><U94/><E94/><V3/><F37/><W84/><G84/><T123/><D123/><U42/><E42/><N who="3" m="15882" /><G93/><T61/><D61/><U1/><E1/><V113/><F36/><W132/><G132/><T40/><D40/><U74/><E74/><V91/><F86/><W95/><G95/><T80/><D80/><U13/><E92/><V69/><F82/><W17/><G6/><T128/><D128/><U105/><E105/><RYUUKYOKU ba="0,0" sc="228,15,260,-15,346,-15,166,15" hai0="16,23,117,119" hai3="8,11,12,15,17,20,27,56,63,66" /><INIT seed="3,1,0,1,1,30" ten="243,245,331,181" oya="3" hai0="96,135,26,21,54,126,69,111,80,82,3,89,76" hai1="32,35,49,102,131,56,95,18,17,117,110,57,83" hai2="64,68,84,78,16,39,20,45,97,71,134,132,40" hai3="15,5,113,100,91,11,53,7,108,116,61,62,25"/><W60/><G113/><T28/><D3/><U24/><E110/><V86/><F97/><W70/><G116/><T88/><D69/><N who="2" m="26698" /><F78/><W6/><G108/><T65/><D65/><U98/><E131/><V38/><F64/><W47/><G70/><T27/><D126/><U1/><E1/><V112/><F39/><W34/><G100/><T14/><D135/><N who="2" m="51754" /><F112/><W29/><REACH who="3" step="1"/><G91/><REACH who="3" ten="243,245,331,171" step="2"/><T123/><D88/><U22/><E102/><V51/><F38/><W55/><G55/><T36/><D36/><U87/><E117/><V44/><F44/><W63/><N who="3" m="15360" /><DORA hai="31" /><W125/><G125/><T9/><D111/><U37/><E57/><V79/><F79/><W10/><G10/><T48/><D123/><U4/><E56/><V2/><F2/><W114/><G114/><T19/><D9/><U41/><E41/><V52/><F52/><W122/><G122/><T109/><D89/><U42/><E42/><V103/><F103/><W105/><G105/><T85/><D54/><U120/><E120/><V66/><F66/><W104/><G104/><T119/><D109/><U115/><E115/><V94/><F94/><W75/><G75/><T13/><D119/><U93/><E95/><V23/><F40/><W127/><G127/><T129/><D76/><U73/><E73/><V46/><F46/><W99/><G99/><T130/><D96/><U33/><E93/><V59/><F45/><W72/><G72/><T92/><D92/><U74/><E98/><V107/><F107/><W43/><G43/><T106/><D106/><U90/><E37/><V50/><F59/><W77/><G77/><RYUUKYOKU ba="1,1" sc="243,-10,245,-10,331,-10,171,30" hai3="5,6,7,11,15,25,29,34,47,53" /><INIT seed="3,2,1,3,0,102" ten="233,235,321,201" oya="3" hai0="22,73,112,3,60,25,87,135,17,41,85,75,53" hai1="32,117,92,127,58,80,81,26,52,42,28,48,69" hai2="56,107,47,86,49,31,62,123,67,65,51,122,84" hai3="132,128,91,116,99,11,82,125,13,133,44,106,1"/><W94/><G116/><T104/><D3/><U71/><E117/><V95/><F107/><W6/><G125/><T130/><D135/><N who="3" m="51785" /><G128/><T7/><D130/><U96/><E127/><V105/><F105/><W101/><G44/><T45/><D104/><U34/><E34/><V120/><F31/><W79/><G1/><T119/><D7/><U63/><E71/><V129/><F129/><W8/><G8/><T4/><D4/><U35/><E35/><V103/><F67/><W54/><G54/><T126/><D126/><U100/><E69/><V21/><F21/><W109/><G109/><T15/><D119/><U12/><E12/><V38/><F38/><W19/><G6/><T114/><D15/><U78/><E78/><V46/><F46/><W39/><G39/><N who="0" m="21695" /><D60/><U70/><E70/><V43/><F51/><W88/><G94/><T30/><D53/><U27/><E27/><V10/><F10/><W68/><G68/><T40/><D40/><U0/><E0/><V98/><AGARI ba="2,1" hai="43,47,49,56,62,65,84,86,95,98,103,120,122,123" machi="98" ten="40,2700,0" yaku="0,1,13,1" doraHai="102" who="2" fromWho="2" sc="233,-9,235,-9,321,43,201,-15" owari="224,-17.6,226,2.6,364,46.4,186,-31.4" /></mjloggm>