<mjloggm ver="2.3"><GO type="225" lobby="0"/><UN n0="%E4%BF%BA%E3%81%A8%E5%A6%96%E5%A4%A2" n1="%E5%82%8D%E8%8B%A5%E7%84%A1%E4%BA%BA%35%31" n2="%E3%81%A4%E3%81%A3%E3%81%B1%E3%82%8A%E3%83%9D%E3%83%BC%E3%83%AB" n3="%E6%98%93%E5%88%A9%E8%96%A9%E4%BC%AF" dan="16,16,17,16" rate="2152.13,2154.52,2225.90,2120.55" sx="F,M,M,F"/><TAIKYOKU oya="0"/><INIT seed="0,0,0,4,1,129" ten="250,250,250,250" oya="0" hai0="4,39,10,8,49,44,104,103,105,79,66,135,97" hai1="102,126,29,73,132,11,13,101,86,52,63,125,16" hai2="76,0,119,58,95,59,31,55,40,133,124,78,111" hai3="87,118,41,108,27,26,100,43,30,68,94,38,112"/><T47/><D66/><U56/><E73/><V96/><F0/><W64/><G112/><T75/><D10/><U33/><E132/><V6/><F6/><W121/><G108/><T93/><D47/><U28/><E86/><V12/><F111/><W57/><G68/><T128/><D128/><U20/><E33/><V1/><F1/><W18/><G118/><T81/><D135/><U85/><E85/><V77/><F133/><W36/><G36/><T14/><REACH who="0" step="1"/><D39/><REACH who="0" ten="240,250,250,250" step="2"/><U46/><E46/><V50/><F119/><W19/><G64/><T116/><D116/><U114/><E114/><V134/><F134/><W98/><G121/><T15/><D15/><N who="1" m="9247" /><E126/><V74/><F124/><W23/><G38/><T82/><D82/><U48/><E125/><V90/><F12/><W21/><G57/><T72/><D72/><U120/><E120/><V123/><F59/><W62/><G41/><AGARI ba="0,1" hai="4,8,14,41,44,49,75,79,81,93,97,103,104,105" machi="41" ten="30,5800,0" yaku="1,1,7,1,53,1" doraHai="129" doraHaiUra="88" who="0" fromWho="3" sc="240,68,250,0,250,0,250,-58" /><INIT seed="0,1,0,2,3,61" ten="308,250,250,192" oya="0" hai0="118,14,88,135,82,125,0,104,85,9,74,8,4" hai1="45,16,47,32,43,68,55,107,113,35,20,49,26" hai2="129,83,40,67,59,89,54,66,106,69,96,119,91" hai3="50,10,11,133,5,6,116,65,76,79,111,105,25"/><T41/><D118/><U126/><E107/><V34/><F34/><W12/><G116/><T52/><D104/><U117/><E117/><V56/><F119/><W120/><G105/><T23/><D135/><U28/><E68/><V94/><F69/><W37/><G37/><T62/><D125/><U99/><E126/><V21/><F106/><W90/><G133/><T33/><D33/><U60/><E113/><V127/><F127/><W18/><G111/><T108/><D108/><U24/><E99/><V93/><F129/><W97/><G120/><T102/><D102/><U27/><E60/><N who="2" m="35863" /><F40/><W101/><G101/><T53/><D74/><U64/><E64/><N who="2" m="24619" /><F59/><W13/><G65/><T1/><D62/><U75/><E75/><V71/><F71/><W121/><G50/><T31/><D41/><U80/><E80/><V58/><F58/><W48/><G48/><T98/><D98/><U134/><E134/><V124/><F124/><W19/><G121/><T73/><D73/><U87/><E45/><V86/><F21/><W51/><G51/><T29/><D0/><U84/><E43/><V114/><F114/><W109/><G109/><T36/><D23/><U46/><E47/><V95/><AGARI ba="1,0" hai="83,86,89,91,93,94,95,96" m="24619,35863" machi="95" ten="30,7900,0" yaku="8,1,52,3" doraHai="61" who="2" fromWho="2" sc="308,-40,250,-21,250,82,192,-21" /><INIT seed="1,0,0,5,1,55" ten="268,229,332,171" oya="1" hai0="38,101,80,75,107,15,88,27,44,58,124,135,29" hai1="16,70,86,103,85,122,2,123,92,93,30,117,100" hai2="119,13,134,48,0,12,67,35,73,106,66,115,17" hai3="77,130,118,102,25,10,49,57,40,62,114,20,14"/><U96/><E70/><V125/><F119/><W72/><G114/><T34/><D135/><U68/><E68/><V33/><F106/><W21/><G130/><T26/><D124/><U109/><E2/><V69/><F73/><W4/><G118/><T63/><D27/><U78/><E30/><V104/><F104/><W9/><G102/><T59/><D15/><U83/><E117/><V98/><F69/><W82/><G25/><T74/><D101/><U3/><E3/><V129/><F48/><W43/><G10/><T128/><D107/><U42/><E42/><V24/><F98/><W28/><G28/><T112/><D112/><U111/><E16/><V105/><F17/><W94/><G94/><T87/><D128/><U121/><E86/><V11/><F24/><W36/><G36/><T89/><D89/><U97/><AGARI ba="0,0" hai="78,83,85,92,93,96,97,100,103,109,111,121,122,123" machi="97" ten="40,12000,1" yaku="0,1,9,1,34,3" doraHai="55" who="1" fromWho="1" sc="268,-40,229,120,332,-40,171,-40" /><INIT seed="1,1,0,1,1,7" ten="228,349,292,131" oya="1" hai0="55,53,87,58,14,8,48,65,90,27,3,131,108" hai1="119,71,78,9,36,54,96,5,59,43,135,47,80" hai2="127,42,105,40,97,77,103,69,129,52,44,45,125" hai3="107,100,123,124,4,64,34,86,75,29,10,94,50"/><U118/><E71/><V89/><F69/><W21/><G75/><T101/><D108/><U122/><E96/><V6/><F129/><W113/><G34/><T117/><D117/><U0/><E135/><V46/><F77/><W85/><G113/><T134/><D134/><U128/><E128/><V62/><F89/><W116/><G107/><T1/><D131/><U13/><E13/><V32/><F32/><W63/><G116/><T15/><D101/><U110/><E122/><V111/><F6/><W28/><G124/><N who="2" m="47689" /><F111/><W22/><G50/><T33/><D15/><U41/><E41/><N who="2" m="15979" /><F62/><W95/><G123/><T67/><D1/><U102/><E102/><V11/><F11/><W24/><G100/><T98/><D98/><U56/><E110/><V26/><F26/><W19/><G4/><N who="0" m="3335" /><D33/><U106/><E106/><V83/><F83/><W121/><G121/><T51/><D27/><U60/><E59/><V70/><F70/><W79/><G79/><T49/><D3/><U17/><E17/><V16/><F16/><W20/><G24/><T104/><D104/><U91/><E91/><V84/><F84/><AGARI ba="1,0" hai="0,5,9,36,43,47,54,56,60,78,80,84,118,119" machi="84" ten="30,2900,0" yaku="7,1,52,1" doraHai="7" who="1" fromWho="2" sc="228,0,349,32,292,-32,131,0" /><INIT seed="1,2,0,2,3,64" ten="228,381,260,131" oya="1" hai0="46,60,5,58,107,70,69,30,115,124,85,117,62" hai1="116,63,1,109,9,120,2,8,76,135,84,36,67" hai2="55,75,122,80,37,102,68,97,59,40,17,18,112" hai3="119,81,4,103,29,127,126,23,105,22,114,50,3"/><U16/><E120/><V66/><F122/><W24/><G105/><T134/><D107/><U65/><E116/><V52/><F112/><W132/><G103/><T25/><D117/><U77/><E36/><V125/><F55/><W13/><G119/><T34/><D115/><U108/><E63/><N who="2" m="40031" /><F125/><N who="3" m="47627" /><G81/><T49/><D124/><U6/><E84/><V91/><F91/><W53/><G114/><T78/><D5/><U104/><E104/><N who="2" m="63567" /><F80/><W0/><G132/><T89/><D78/><U83/><E135/><V128/><F128/><W38/><G38/><T121/><D62/><U42/><E42/><V72/><F72/><W21/><G13/><T88/><D89/><U57/><E57/><V113/><F75/><W74/><G74/><T99/><D99/><U15/><E83/><V26/><F26/><W95/><G95/><T27/><D27/><U96/><E96/><V90/><F90/><W93/><G93/><T48/><D134/><U111/><E2/><N who="3" m="554" /><G4/><T79/><D79/><AGARI ba="2,0" hai="1,6,8,9,15,16,65,67,76,77,79,108,109,111" machi="79" ten="40,7700,0" yaku="14,1,10,1,54,1" doraHai="64" who="1" fromWho="0" sc="228,-83,381,83,260,0,131,0" /><INIT seed="1,3,0,5,3,54" ten="145,464,260,131" oya="1" hai0="46,93,25,77,94,102,53,66,8,72,106,133,78" hai1="40,39,61,115,79,64,108,89,116,125,127,104,57" hai2="76,5,91,126,59,82,88,47,114,83,118,10,132" hai3="123,122,84,51,101,6,42,22,105,0,63,58,9"/><U14/><E116/><V119/><F132/><W86/><G105/><T11/><D133/><U28/><E115/><V48/><F126/><W12/><G101/><T99/><D66/><U13/><E79/><V24/><F114/><W135/><G135/><T124/><D124/><N who="1" m="47691" /><E104/><V129/><F129/><W128/><G128/><T56/><D46/><N who="1" m="23839" /><E108/><V41/><F24/><W16/><G51/><T60/><D25/><U29/><E89/><V33/><F33/><W62/><G62/><T37/><D37/><U109/><E109/><V90/><F83/><W50/><G50/><T100/><D72/><U17/><E13/><V87/><REACH who="2" step="1"/><F59/><REACH who="2" ten="145,464,250,131" step="2"/><W35/><G35/><T27/><D27/><U103/><E103/><V43/><F43/><W92/><G42/><T81/><D81/><U112/><E112/><V18/><F18/><W26/><G26/><T71/><D71/><U3/><E3/><AGARI ba="3,1" hai="3,5,10,41,47,48,76,82,87,88,90,91,118,119" machi="3" ten="40,5200,0" yaku="1,1,54,1,53,1" doraHai="54" doraHaiUra="34" who="2" fromWho="1" sc="145,0,464,-61,250,71,131,0" /><INIT seed="2,0,0,2,1,8" ten="145,403,321,131" oya="2" hai0="45,47,92,115,54,23,32,122,93,84,34,67,96" hai1="135,85,46,16,112,11,90,83,65,70,28,33,94" hai2="66,105,21,27,26,114,95,107,53,91,29,113,80" hai3="81,2,3,61,25,124,117,108,89,77,133,111,62"/><V86/><F66/><W64/><G117/><T44/><D122/><U6/><E135/><V50/><F27/><W19/><G133/><T126/><D115/><U76/><E112/><V42/><F42/><W55/><G89/><T100/><D126/><U101/><E101/><V24/><F24/><W119/><G119/><T51/><D67/><U59/><E70/><V57/><REACH who="2" step="1"/><F95/><REACH who="2" ten="145,403,311,131" step="2"/><W128/><G25/><T99/><D92/><U73/><E65/><V13/><F13/><W58/><G64/><T18/><D34/><U102/><E33/><V37/><F37/><W104/><G2/><T74/><D32/><U17/><E28/><V35/><F35/><W10/><G3/><T87/><D93/><U125/><E125/><V79/><F79/><W121/><G77/><T38/><D38/><U97/><E59/><V31/><F31/><W130/><G58/><T132/><D132/><U7/><E46/><V120/><F120/><W30/><G121/><T12/><D45/><U40/><E40/><V41/><F41/><W78/><G30/><T48/><D47/><U103/><E76/><V134/><F134/><W106/><G78/><T9/><D44/><U69/><E94/><V20/><F20/><W36/><G36/><T4/><D99/><U88/><E97/><V43/><F43/><W1/><G1/><N who="0" m="143" /><D74/><U72/><E73/><V5/><F5/><W22/><G124/><T71/><D96/><U75/><E7/><V131/><F131/><W15/><G130/><T63/><D23/><U39/><E75/><V52/><F52/><W82/><G128/><T127/><D54/><RYUUKYOKU ba="0,1" sc="145,-10,403,-10,311,30,131,-10" hai2="21,26,29,50,53,57,80,86,91,105,107,113,114" /><INIT seed="2,1,1,1,1,24" ten="135,393,341,121" oya="2" hai0="16,63,128,13,11,6,59,1,21,49,65,132,58" hai1="114,51,43,53,80,90,83,86,50,32,17,27,110" hai2="5,84,133,9,68,25,100,79,85,97,111,14,105" hai3="62,72,98,47,129,55,78,95,4,36,56,71,124"/><V52/><F68/><W23/><G129/><T76/><D128/><U93/><E110/><V28/><F111/><W87/><G124/><T7/><D7/><U104/><E104/><V127/><F127/><W40/><G72/><T123/><D123/><U31/><E114/><V113/><F113/><W131/><G131/><T61/><D76/><U38/><E38/><V108/><F108/><W0/><G71/><T18/><D49/><U2/><E2/><V115/><F115/><W15/><G0/><T66/><REACH who="0" step="1"/><D18/><REACH who="0" ten="125,393,341,121" step="2"/><U94/><E17/><V44/><F79/><W120/><G120/><T26/><D26/><U30/><E27/><V107/><F133/><AGARI ba="1,2" hai="1,6,11,13,16,21,58,59,61,63,65,66,132,133" machi="133" ten="40,5200,0" yaku="1,1,9,1,54,1,53,0" doraHai="24" doraHaiUra="116" who="0" fromWho="2" sc="125,75,393,0,341,-55,121,0" /><INIT seed="3,0,0,0,4,100" ten="200,393,286,121" oya="3" hai0="95,39,29,114,87,49,21,121,126,17,96,129,14" hai1="108,132,72,45,131,133,61,93,55,102,4,59,22" hai2="12,76,48,51,70,63,32,2,8,27,89,97,16" hai3="134,125,50,31,40,98,94,119,120,124,118,35,62"/><W69/><G35/><T130/><D121/><U110/><E72/><V109/><F109/><N who="1" m="42089" /><E131/><N who="0" m="50185" /><D39/><U91/><E102/><V23/><F76/><W9/><G31/><T103/><D126/><N who="3" m="48745" /><G120/><T57/><D114/><U53/><E4/><V25/><F32/><W60/><G134/><T73/><D73/><U0/><E0/><V83/><F2/><W99/><G9/><T135/><D135/><U80/><E80/><V92/><F27/><W7/><G7/><T10/><D87/><N who="1" m="52479" /><E22/><V26/><F26/><W86/><G86/><T111/><D111/><U74/><E74/><V20/><F20/><W13/><G13/><T84/><D84/><U30/><E30/><V67/><F83/><W28/><G28/><AGARI ba="0,0" hai="8,12,16,23,25,28,48,51,63,67,70,89,92,97" machi="28" ten="30,2000,0" yaku="7,1,54,1" doraHai="100" who="2" fromWho="3" sc="200,0,393,0,286,20,121,-20" owari="200,-20.0,393,49.3,306,10.6,101,-39.9" /></mjloggm>