<mjloggm ver="2.3"><GO type="225" lobby="0"/><UN n0="%41%6F%54" n1="%E3%81%8B%E3%82%8F%E3%81%A1%E3%82%83%E3%82%93%35%38" n2="%E7%99%BD%E5%80%89%E5%AF%9B%E4%B9%8B" n3="%E3%83%87%E3%83%A9%E3%82%B3%E3%83%83%E3%82%B3" dan="16,16,16,18" rate="2097.16,2155.62,2122.25,2273.56" sx="M,M,M,M"/><TAIKYOKU oya="0"/><INIT seed="0,0,0,1,4,106" ten="250,250,250,250" oya="0" hai0="75,46,70,132,56,125,7,16,91,43,5,30,122" hai1="110,85,2,27,104,120,117,107,66,32,6,129,29" hai2="97,64,55,76,9,35,20,53,19,95,134,105,47" hai3="8,133,1,38,102,98,50,37,69,83,100,17,87"/><T62/><D122/><U18/><E120/><V49/><F35/><W135/><G69/><T71/><D125/><U52/><E117/><V14/><F134/><N who="3" m="51211" /><G50/><T93/><D132/><U88/><E66/><V45/><F105/><N who="3" m="63639" /><G102/><T115/><D115/><U57/><E110/><V68/><F76/><N who="3" m="46567" /><G17/><T44/><D75/><U24/><E129/><V90/><F68/><W92/><G92/><T116/><D116/><U121/><E121/><V13/><F64/><W130/><G130/><T112/><D112/><U73/><E18/><N who="2" m="10319" /><F47/><W54/><G54/><AGARI ba="0,0" hai="9,14,19,45,49,53,54,55,90,95,97" m="10319" machi="54" ten="30,1000,0" yaku="8,1" doraHai="106" who="2" fromWho="3" sc="250,0,250,0,250,10,250,-10" /><INIT seed="1,0,0,2,3,48" ten="250,250,260,240" oya="1" hai0="121,21,58,62,107,2,93,100,22,129,69,46,61" hai1="90,33,99,66,49,30,50,95,133,127,83,43,118" hai2="114,47,25,7,39,128,41,6,91,112,72,80,23" hai3="53,73,116,97,124,10,57,37,64,70,109,94,86"/><U67/><E118/><V88/><F128/><W98/><G73/><T3/><D129/><U75/><E127/><V11/><F72/><W35/><G37/><T45/><D107/><U13/><E133/><V60/><F60/><W79/><G35/><T65/><D121/><U5/><E33/><V8/><F8/><W104/><G124/><T29/><D2/><U4/><E75/><V52/><F52/><W126/><G126/><T28/><D3/><U108/><E30/><N who="0" m="11881" /><D61/><U26/><E26/><V111/><F111/><W76/><G109/><T87/><D69/><U27/><E27/><V15/><F6/><N who="1" m="2665" /><E108/><V77/><F77/><W54/><G70/><T51/><D46/><N who="1" m="25823" /><E83/><V36/><F36/><W32/><G104/><T110/><D110/><U84/><E99/><N who="3" m="37898" /><G32/><T12/><D12/><U71/><E71/><V125/><F125/><W131/><G10/><T81/><D81/><U14/><E50/><V0/><F80/><W120/><G120/><T59/><D51/><U17/><E13/><V132/><F132/><W85/><G116/><T113/><D113/><N who="2" m="43626" /><F0/><W101/><G131/><T96/><D62/><U123/><E123/><V9/><F9/><AGARI ba="0,0" hai="9,14,17,66,67,84,90,95" m="25823,2665" machi="9" ten="30,1500,0" yaku="8,1" doraHai="48" who="1" fromWho="2" sc="250,0,250,15,260,-15,240,0" /><INIT seed="1,1,0,1,0,94" ten="250,265,245,240" oya="1" hai0="90,54,35,65,124,26,133,129,109,11,34,22,120" hai1="14,37,118,113,77,38,88,66,100,106,103,60,25" hai2="112,95,116,102,7,71,134,19,73,2,104,76,3" hai3="128,75,87,135,72,48,15,47,98,126,78,85,53"/><U110/><E113/><V122/><F71/><W105/><G126/><T68/><D124/><U39/><E118/><V28/><F28/><W24/><G128/><T93/><D129/><U67/><E77/><V57/><F104/><W40/><G135/><T31/><D133/><U69/><E110/><V18/><F122/><W114/><G114/><T44/><D109/><U130/><E130/><V61/><F116/><W81/><G24/><T51/><D120/><U55/><E67/><V0/><F7/><W70/><G70/><T83/><D83/><U33/><E14/><V63/><F63/><W92/><G85/><T42/><D11/><U4/><E4/><V127/><F127/><W1/><G1/><T84/><D65/><U74/><E55/><V111/><F111/><W64/><G64/><T29/><D68/><U13/><E13/><V101/><F101/><W97/><G53/><T16/><REACH who="0" step="1"/><D54/><REACH who="0" ten="240,265,245,240" step="2"/><U49/><E66/><V6/><F134/><W46/><G72/><T12/><D12/><U115/><E74/><V10/><F112/><W59/><G15/><T45/><D45/><U23/><E69/><V58/><F0/><W80/><G47/><T108/><D108/><U79/><E115/><V123/><F2/><W30/><G81/><T9/><D9/><U86/><E25/><V132/><F132/><W8/><G8/><T91/><D91/><U89/><E88/><V41/><F3/><W52/><G75/><T131/><D131/><U117/><E89/><V20/><F10/><W62/><G80/><T27/><D27/><U96/><E117/><V119/><F119/><RYUUKYOKU ba="1,1" sc="240,30,265,-10,245,-10,240,-10" hai0="16,22,26,29,31,34,35,42,44,51,84,90,93" /><INIT seed="2,2,1,5,5,121" ten="270,255,235,230" oya="2" hai0="104,129,2,68,134,66,22,21,79,80,76,114,42" hai1="78,93,118,95,92,30,61,67,1,72,39,13,45" hai2="32,20,24,44,128,64,46,55,12,127,50,10,99" hai3="58,84,120,90,132,82,133,51,98,116,9,97,126"/><V3/><F127/><W53/><G120/><T106/><D114/><U17/><E118/><V94/><F128/><W122/><G122/><T18/><D2/><U6/><E30/><V7/><F64/><W43/><G116/><T130/><D42/><N who="1" m="22751" /><E13/><V41/><F32/><W89/><G126/><T52/><D66/><U48/><E48/><V8/><F8/><W62/><G9/><T112/><D68/><U70/><E17/><V125/><F125/><W124/><G124/><T38/><D38/><U135/><E93/><V47/><F3/><W34/><G34/><T109/><D18/><U107/><E107/><V69/><F69/><W108/><G108/><T57/><D112/><U88/><E88/><N who="2" m="55751" /><F41/><W131/><G131/><N who="0" m="50187" /><D109/><U19/><E19/><AGARI ba="2,1" hai="7,10,12,19,20,24,44,46,47,50,55" m="55751" machi="19" ten="30,2900,0" yaku="8,1,54,1" doraHai="121" who="2" fromWho="1" sc="270,0,255,-35,235,45,230,0" /><INIT seed="2,3,0,0,3,27" ten="270,220,280,230" oya="2" hai0="50,1,127,128,28,71,57,123,82,115,64,40,15" hai1="7,48,132,35,125,45,94,14,67,52,135,17,6" hai2="99,42,118,63,100,51,102,105,120,75,119,69,77" hai3="19,86,4,87,95,5,10,122,124,111,13,12,18"/><V9/><F120/><W90/><G111/><T134/><D1/><U101/><E125/><V2/><F102/><W43/><G124/><T116/><D115/><U83/><E67/><N who="2" m="41215" /><F51/><W24/><G122/><T106/><D106/><U58/><E35/><V47/><F47/><W78/><G43/><T65/><D82/><U26/><E26/><V60/><F60/><W92/><G24/><T59/><D15/><U84/><E58/><V114/><F42/><W32/><G32/><T22/><D40/><U56/><E56/><V79/><F79/><W110/><G110/><T61/><D116/><U11/><E94/><V104/><F104/><W74/><G74/><T29/><D22/><U72/><E101/><V93/><F93/><W68/><G68/><T107/><D107/><U20/><E72/><V89/><F89/><N who="3" m="53303" /><G78/><T31/><D127/><U121/><E121/><V39/><F39/><W34/><G34/><T44/><D123/><U36/><E36/><V117/><F114/><W55/><G55/><T38/><D65/><U25/><REACH who="1" step="1"/><E6/><REACH who="1" ten="270,210,280,230" step="2"/><N who="2" m="1239" /><F117/><W73/><G73/><T16/><D38/><U131/><E131/><V103/><F100/><W37/><G37/><T130/><D128/><U33/><E33/><V8/><F119/><W30/><G30/><T3/><D31/><U49/><E49/><V80/><F118/><W54/><G54/><T0/><D29/><U70/><E70/><V112/><F112/><W88/><G90/><AGARI ba="3,1" hai="7,11,14,17,20,25,45,48,52,83,84,90,132,135" machi="90" ten="40,2600,0" yaku="1,1,54,1,53,0" doraHai="27" doraHaiUra="108" who="1" fromWho="3" sc="270,0,210,45,280,0,230,-35" /><INIT seed="3,0,0,2,0,20" ten="270,255,280,195" oya="3" hai0="87,101,100,26,28,14,98,9,97,43,52,45,35" hai1="66,29,84,24,133,111,39,2,44,75,108,5,69" hai2="99,102,1,16,63,50,10,8,41,129,62,60,88" hai3="128,15,96,73,61,3,82,37,25,132,40,19,23"/><W115/><G115/><T119/><D119/><U4/><E75/><V114/><F1/><W56/><G3/><T27/><D87/><U7/><E133/><V109/><F114/><W58/><G132/><T48/><D43/><N who="1" m="22655" /><E84/><V121/><F109/><N who="1" m="42057" /><E2/><V116/><F116/><W33/><G128/><T21/><D27/><U92/><E92/><N who="2" m="56711" /><F129/><W34/><G96/><N who="0" m="36971" /><D35/><N who="1" m="20903" /><E66/><V123/><F102/><W42/><G58/><T71/><D71/><AGARI ba="0,0" hai="4,5,7,69,71" m="20903,42057,22655" machi="71" ten="30,2000,0" yaku="14,1,52,1" doraHai="20" who="1" fromWho="0" sc="270,-20,255,20,280,0,195,0" /><INIT seed="4,0,0,2,0,30" ten="250,275,280,195" oya="0" hai0="56,23,91,110,88,130,72,75,19,116,133,98,79" hai1="73,119,6,1,51,0,90,106,64,108,7,120,77" hai2="83,101,78,134,49,113,68,94,63,84,11,45,69" hai3="71,126,14,132,124,105,42,8,12,20,24,107,32"/><T103/><D116/><U123/><E90/><V5/><F113/><W129/><G71/><T58/><D130/><U37/><E51/><V102/><F134/><W104/><G129/><T122/><D122/><U28/><E7/><V115/><F115/><W96/><G132/><T36/><D36/><U9/><E0/><V99/><F102/><W46/><G96/><T54/><D58/><U22/><E22/><V112/><F63/><W55/><G55/><T65/><D65/><U118/><E108/><V109/><F109/><W97/><G97/><T121/><D121/><N who="1" m="46667" /><E64/><V47/><F47/><W128/><G128/><T74/><D79/><U40/><E28/><V38/><F38/><W52/><G52/><T31/><D31/><U59/><E59/><V39/><F39/><W92/><G92/><T70/><D70/><U114/><E106/><V61/><F61/><W100/><G100/><T16/><D19/><U44/><E114/><V41/><REACH who="2" step="1"/><F112/><REACH who="2" ten="250,275,270,195" step="2"/><W34/><G46/><T117/><D110/><U4/><E4/><V87/><F87/><W57/><G42/><T29/><D133/><U89/><E89/><V27/><F27/><W93/><G57/><T43/><D117/><U85/><E85/><V26/><F26/><W62/><G62/><N who="0" m="36119" /><D91/><U53/><E53/><V135/><F135/><W131/><G131/><T13/><D88/><U82/><AGARI ba="0,1" hai="1,6,9,37,40,44,73,77,82,118,119" m="46667" machi="82" ten="30,2000,0" yaku="25,1,23,1" doraHai="30" who="1" fromWho="1" sc="250,-10,275,30,270,-5,195,-5" owari="240,-16.0,305,40.5,265,6.5,190,-31.0" /></mjloggm>