<mjloggm ver="2.3"><GO type="225" lobby="0"/><UN n0="%E6%81%A5%E6%99%92%E3%81%97" n1="%E9%B7%B9%E5%80%89%E6%9D%8F%E9%88%B4" n2="%79%75%72%69%6D%6F%67" n3="%E7%9A%AE%E3%80%85" dan="16,16,16,16" rate="2134.88,2135.05,2190.46,2149.65" sx="M,F,F,F"/><TAIKYOKU oya="0"/><INIT seed="0,0,0,1,0,86" ten="250,250,250,250" oya="0" hai0="78,60,82,115,73,70,25,52,79,19,111,20,12" hai1="46,100,13,130,121,89,118,5,49,94,33,38,133" hai2="2,39,90,23,28,61,80,58,104,17,40,9,124" hai3="113,97,54,48,8,69,44,43,72,92,55,42,126"/><T36/><D115/><U122/><E118/><V62/><F104/><W41/><G113/><T64/><D36/><U26/><E38/><V0/><F124/><W11/><G72/><T53/><D111/><U95/><E130/><V85/><F62/><W120/><G69/><T116/><D116/><U56/><E133/><V93/><F28/><W71/><G71/><T76/><D76/><U66/><E33/><V134/><F9/><N who="3" m="3659" /><G126/><T16/><REACH who="0" step="1"/><D79/><REACH who="0" ten="240,250,250,250" step="2"/><U7/><E122/><V27/><F134/><W96/><G120/><T117/><D117/><U59/><E121/><V88/><F39/><W83/><G83/><T6/><D6/><U65/><E7/><V30/><F40/><N who="3" m="24583" /><G97/><T18/><D18/><U125/><E5/><V81/><F81/><W110/><G110/><T3/><D3/><U47/><E125/><V34/><F2/><W63/><G63/><T67/><D67/><U128/><E66/><V29/><F0/><W10/><G10/><AGARI ba="0,1" hai="10,12,16,19,20,25,52,53,60,64,70,73,78,82" machi="10" ten="30,18000,2" yaku="1,1,7,1,54,2,53,2" doraHai="86" doraHaiUra="51" who="0" fromWho="3" sc="240,190,250,0,250,0,250,-180" /><INIT seed="0,1,0,4,0,16" ten="430,250,250,70" oya="0" hai0="63,76,5,42,113,94,79,62,102,114,46,68,90" hai1="101,51,120,109,73,118,98,9,25,56,10,44,81" hai2="50,132,107,28,115,59,60,66,58,21,80,112,49" hai3="93,128,67,41,83,75,122,54,103,108,57,134,17"/><T38/><D102/><U8/><E118/><V117/><F107/><W95/><G108/><T129/><D129/><U126/><E120/><V123/><F123/><W131/><G122/><T1/><D63/><U43/><E126/><V27/><F132/><W4/><G4/><T23/><D79/><U37/><E109/><V77/><F117/><W22/><G134/><T111/><D111/><U35/><E73/><V125/><F125/><W104/><G41/><T31/><D62/><U36/><E81/><V33/><F33/><W100/><G67/><T85/><D68/><U96/><E56/><V97/><F97/><W13/><G104/><T91/><D76/><U48/><E48/><V121/><F121/><W106/><G106/><T61/><D61/><U32/><E32/><V11/><F11/><W53/><G83/><T52/><D5/><U124/><E124/><V64/><F64/><W92/><G75/><T74/><D1/><U40/><E51/><V39/><F39/><W47/><G47/><T69/><D69/><U133/><E133/><V15/><F15/><W18/><G95/><T7/><D74/><U55/><E55/><V116/><F116/><W105/><G105/><T72/><D72/><U3/><E3/><V89/><F77/><W65/><G65/><T2/><D38/><U110/><E110/><V135/><F135/><W45/><G45/><T14/><D46/><N who="1" m="23815" /><E101/><V34/><F34/><W19/><G19/><N who="0" m="10743" /><D42/><U88/><E88/><V20/><F50/><W26/><G13/><T71/><D2/><U130/><E130/><V86/><F49/><W82/><G128/><RYUUKYOKU ba="1,0" sc="430,-10,250,30,250,-10,70,-10" hai1="8,9,10,25,35,37,43,44,96,98" /><INIT seed="1,2,0,5,5,10" ten="420,280,240,60" oya="1" hai0="127,25,120,102,109,125,36,32,57,68,129,115,103" hai1="104,33,64,59,46,122,118,77,16,84,93,117,65" hai2="11,74,111,126,17,40,21,75,82,23,34,4,79" hai3="5,6,22,62,128,3,42,73,113,134,8,45,12"/><U132/><E104/><V28/><F111/><W108/><G113/><T55/><D68/><U37/><E122/><V63/><F126/><N who="0" m="48138" /><D115/><U24/><E132/><V26/><F74/><W15/><G108/><T13/><D109/><U88/><E77/><V52/><F17/><W27/><G134/><T76/><D129/><U81/><E81/><V130/><F130/><W69/><G128/><T61/><D120/><U119/><E59/><V92/><F92/><W97/><G73/><T112/><D36/><U35/><E35/><V29/><F29/><W20/><G97/><T43/><D43/><U41/><REACH who="1" step="1"/><E33/><REACH who="1" ten="420,270,240,60" step="2"/><V1/><REACH who="2" step="1"/><F40/><REACH who="2" ten="420,270,230,60" step="2"/><W19/><G6/><T91/><D112/><U87/><E87/><V54/><F54/><W38/><REACH who="3" step="1"/><G22/><AGARI ba="2,2" hai="16,22,24,37,41,46,64,65,84,88,93,117,118,119" machi="22" ten="40,7700,0" yaku="1,1,54,2,53,0" doraHai="10" doraHaiUra="95" who="1" fromWho="3" sc="420,0,270,103,230,0,60,-83" owari="420,52.0,373,17.3,230,-17.0,-23,-52.3" /></mjloggm>