<mjloggm ver="2.3"><GO type="225" lobby="0"/><UN n0="%E3%83%A9%E3%82%B9%E7%8E%87%EF%BC%93%E5%89%B2" n1="%E3%81%90%E3%81%A1%E3%82%84%E3%81%BE" n2="%E7%89%B9%E6%9D%B1%E3%81%AF%E4%B8%96%E7%95%8C%E3%82%92%E6%95%91%E3%81%86" n3="%E3%83%94%E3%83%B3%E3%82%B5%E3%83%AD%E5%BA%97%E5%93%A1" dan="16,16,16,16" rate="2224.87,2127.91,2174.76,2177.97" sx="F,M,M,M"/><TAIKYOKU oya="0"/><INIT seed="0,0,0,0,2,95" ten="250,250,250,250" oya="0" hai0="51,40,109,122,107,98,38,115,129,7,52,3,85" hai1="28,64,62,32,89,117,123,20,81,105,79,39,99" hai2="132,67,50,55,82,71,102,53,75,76,56,23,110" hai3="77,93,133,70,59,8,16,86,114,29,121,90,54"/><T21/><D115/><U111/><E117/><V72/><F110/><W74/><G114/><T92/><D122/><U135/><E123/><V124/><F132/><W100/><G70/><T41/><D38/><U94/><E39/><V84/><F124/><W17/><G121/><T108/><D129/><U0/><E0/><V128/><F128/><W57/><G133/><T2/><D107/><U61/><E111/><N who="0" m="42569" /><D85/><U106/><E32/><V6/><F6/><W58/><G29/><T10/><D21/><U63/><E135/><V11/><F11/><W12/><G100/><N who="0" m="60487" /><D3/><U91/><E91/><V43/><F102/><W44/><G74/><T83/><D83/><U4/><E64/><V116/><F116/><W80/><G77/><T125/><D125/><U48/><E105/><V69/><F23/><W33/><G33/><T42/><D42/><U46/><E106/><V30/><F43/><W130/><G93/><T87/><D87/><U112/><E112/><V131/><F67/><W73/><G73/><T24/><D24/><N who="1" m="16391" /><E81/><V134/><F131/><W47/><G130/><T66/><D66/><U120/><E79/><V127/><F127/><W22/><REACH who="3" step="1"/><G54/><REACH who="3" ten="250,250,250,240" step="2"/><T101/><D101/><U35/><E120/><V96/><F134/><W88/><G88/><T126/><D126/><U13/><E35/><V60/><F72/><W36/><G36/><T104/><D104/><U31/><E31/><V45/><F30/><W18/><G18/><T14/><D2/><U15/><E4/><V9/><F75/><W113/><G113/><T27/><D27/><AGARI ba="0,1" hai="8,12,16,17,22,27,44,47,57,58,59,80,86,90" machi="27" ten="40,8000,1" yaku="1,1,8,1,54,1,53,1" doraHai="95" doraHaiUra="19" who="3" fromWho="0" sc="250,-80,250,0,250,0,240,90" /><INIT seed="1,0,0,1,2,98" ten="170,250,250,330" oya="1" hai0="67,107,48,82,111,131,121,18,20,126,50,36,84" hai1="8,14,100,17,31,24,128,6,85,103,46,38,60" hai2="92,94,3,113,40,99,25,44,90,22,11,135,112" hai3="49,61,45,66,13,55,132,34,120,4,87,65,68"/><U47/><E128/><V101/><F135/><W53/><G34/><T97/><D36/><U54/><E38/><V93/><F3/><W118/><G120/><T88/><D111/><U102/><E85/><V73/><F11/><N who="3" m="4327" /><G68/><T41/><D126/><U74/><E74/><V129/><F129/><W28/><G132/><T109/><D109/><U10/><E60/><V122/><F73/><W56/><G118/><T32/><D32/><U78/><E78/><V79/><F79/><W43/><G28/><T39/><D67/><N who="3" m="25609" /><G87/><T59/><D121/><U21/><REACH who="1" step="1"/><E54/><AGARI ba="0,0" hai="43,45,49,53,54,55,56,61" m="25609,4327" machi="54" ten="30,1000,0" yaku="8,1" doraHai="98" who="3" fromWho="1" sc="170,0,250,-10,250,0,330,10" /><INIT seed="2,0,0,5,0,36" ten="170,240,250,340" oya="2" hai0="66,98,113,108,126,76,19,43,121,57,20,132,9" hai1="45,86,68,25,114,24,61,78,95,109,41,73,27" hai2="37,47,83,30,92,10,102,104,34,80,88,62,5" hai3="32,70,105,2,33,103,42,13,130,123,59,122,127"/><V23/><F34/><N who="3" m="13419" /><G59/><T17/><D108/><U93/><E114/><V22/><F104/><W14/><G42/><T133/><D126/><U72/><E109/><V129/><F129/><W44/><G44/><T46/><D121/><U64/><E93/><V82/><F102/><W0/><G70/><T67/><D113/><U31/><E31/><V60/><F37/><W77/><G77/><T91/><D76/><U21/><E21/><V38/><F38/><W119/><G103/><T3/><D91/><U16/><E16/><V97/><F47/><W29/><G105/><T74/><D74/><U120/><E120/><N who="3" m="46122" /><G119/><T90/><D90/><U28/><E28/><V53/><F30/><W65/><G65/><T58/><D98/><U79/><E95/><V50/><F62/><W135/><G135/><T106/><D106/><U8/><E8/><V40/><F60/><W18/><G29/><T111/><D111/><U101/><E101/><V56/><REACH who="2" step="1"/><F40/><REACH who="2" ten="170,240,240,340" step="2"/><W107/><G107/><T81/><D43/><U85/><E73/><V125/><F125/><W35/><G35/><T4/><D133/><U128/><E72/><V134/><F134/><W87/><G127/><T75/><D132/><U115/><E115/><V1/><AGARI ba="0,1" hai="1,5,10,22,23,50,53,56,80,82,83,88,92,97" machi="1" ten="30,6000,0" yaku="1,1,0,1,54,1,53,0" doraHai="36" doraHaiUra="100" who="2" fromWho="2" sc="170,-20,240,-20,240,70,340,-20" /><INIT seed="2,1,0,4,5,18" ten="150,220,310,320" oya="2" hai0="13,117,54,122,114,42,131,40,123,95,3,70,20" hai1="23,130,134,100,79,22,14,84,58,109,112,63,35" hai2="64,4,116,1,132,16,106,126,51,53,105,60,37" hai3="34,29,5,74,80,46,32,52,71,107,90,113,2"/><V67/><F116/><W125/><G107/><T15/><D3/><U124/><E112/><V87/><F37/><W44/><G71/><T76/><D70/><U6/><E35/><V81/><F132/><W56/><G113/><T77/><D95/><U39/><E39/><V66/><F126/><W57/><G57/><T99/><D99/><U21/><E124/><V135/><F60/><W98/><G125/><T91/><D91/><U129/><E134/><V68/><F68/><W97/><G5/><T28/><D28/><U11/><E109/><V92/><F92/><W31/><G2/><T119/><D54/><U94/><E100/><V55/><F55/><W48/><G34/><T17/><D17/><U120/><E120/><V82/><F82/><W78/><G90/><T104/><D104/><U83/><REACH who="1" step="1"/><E94/><REACH who="1" ten="150,210,310,320" step="2"/><V101/><F101/><W43/><G32/><T88/><D114/><U59/><E59/><V50/><F135/><W19/><G56/><T62/><D62/><U27/><E27/><V38/><F38/><W33/><G33/><T36/><D36/><U49/><E49/><V127/><F50/><W128/><G48/><T41/><D123/><U45/><E45/><V10/><F127/><W121/><G46/><T30/><D122/><U108/><E108/><V73/><F106/><W111/><G44/><T26/><D119/><U118/><E118/><V115/><F105/><W9/><G121/><T89/><D117/><U25/><E25/><V8/><F115/><W12/><G111/><T96/><D26/><U0/><E0/><V61/><F1/><W103/><G103/><RYUUKYOKU ba="1,1" sc="150,-10,210,30,310,-10,320,-10" hai1="6,11,14,21,22,23,58,63,79,83,84,129,130" /><INIT seed="3,2,1,2,3,63" ten="140,240,300,310" oya="3" hai0="111,2,109,66,88,106,10,5,97,107,91,96,68" hai1="55,4,47,36,135,28,23,9,17,80,30,103,27" hai2="38,12,20,37,104,39,26,77,57,19,35,33,126" hai3="90,53,54,25,98,94,85,86,3,121,101,50,87"/><W79/><G121/><T133/><D133/><U83/><E135/><V110/><F104/><W92/><G3/><T117/><D117/><U13/><E103/><V8/><F77/><W130/><G130/><T74/><D74/><U131/><E131/><V124/><F110/><W122/><G122/><T45/><D45/><U7/><E36/><V112/><F57/><N who="3" m="32951" /><G79/><T134/><D134/><U84/><E30/><N who="2" m="17735" /><F112/><W93/><G90/><T102/><D109/><U119/><E119/><V1/><F1/><W41/><G41/><T48/><D48/><N who="1" m="29087" /><E83/><V71/><F71/><W65/><G65/><T44/><D44/><U129/><E129/><V89/><F89/><AGARI ba="2,1" hai="4,7,9,13,17,23,27,28,80,84,89" m="29087" machi="89" ten="30,2000,0" yaku="25,1,8,1" doraHai="63" who="1" fromWho="2" sc="140,0,240,36,300,-26,310,0" owari="140,-36.0,276,7.6,274,-12.6,310,41.0" /></mjloggm>