<mjloggm ver="2.3"><GO type="225" lobby="0"/><UN n0="%E7%B4%94%E6%BD%94%E3%83%94%E3%83%A9%E3%83%8B%E3%82%A2" n1="%33%74%72%65%65" n2="%E3%81%99%E3%83%BC%5F%E9%88%B4%E6%9C%A8%E6%B5%A9%E5%B9%B3" n3="%E5%8D%A0%E3%81%84%E5%B8%AB%E8%A3%8F%E3%81%AA%E3%81%84%E3%81%97" dan="17,17,16,17" rate="2207.79,2142.51,2072.07,2239.07" sx="M,F,M,M"/><TAIKYOKU oya="0"/><INIT seed="0,0,0,0,3,36" ten="250,250,250,250" oya="0" hai0="78,49,11,37,110,93,89,131,98,56,82,62,74" hai1="3,0,21,116,52,31,77,47,135,102,125,100,104" hai2="120,96,17,124,83,58,41,121,9,51,55,97,63" hai3="35,134,118,34,94,115,54,26,109,5,38,99,88"/><T19/><D131/><U73/><E116/><V122/><F124/><W105/><G115/><T68/><D37/><U28/><E125/><V111/><F111/><W40/><G118/><T45/><D110/><U25/><E135/><V128/><F128/><W18/><G109/><T12/><D68/><U66/><E31/><V53/><F41/><W67/><G67/><T46/><REACH who="0" step="1"/><D49/><REACH who="0" ten="240,250,250,250" step="2"/><U1/><E1/><V79/><F51/><W20/><G134/><T27/><D27/><U81/><E25/><V15/><REACH who="2" step="1"/><F53/><AGARI ba="0,1" hai="11,12,19,45,46,53,56,62,74,78,82,89,93,98" machi="53" ten="30,5800,0" yaku="1,1,7,1,53,1" doraHai="36" doraHaiUra="86" who="0" fromWho="2" sc="240,68,250,0,250,-58,250,0" /><INIT seed="0,1,0,4,1,4" ten="308,250,192,250" oya="0" hai0="63,48,130,101,70,94,41,99,3,104,115,45,52" hai1="79,26,81,77,116,7,46,122,36,61,126,60,8" hai2="24,98,51,57,75,56,62,107,25,120,21,39,102" hai3="91,23,64,44,124,112,119,118,86,68,18,55,73"/><T72/><D115/><U5/><E116/><V105/><F75/><W117/><G112/><T103/><D72/><U28/><E122/><V134/><F120/><W17/><G73/><T50/><D3/><U108/><E108/><V82/><F39/><W92/><G124/><T35/><D35/><U131/><E126/><V71/><F134/><W33/><G33/><T125/><D130/><U37/><E131/><V69/><F105/><W34/><G34/><T83/><D83/><U2/><E5/><V31/><F82/><W38/><G68/><T100/><D104/><U13/><E13/><V97/><F98/><W96/><G64/><T9/><D63/><U1/><E1/><V32/><F51/><W47/><G38/><T110/><D70/><U90/><E90/><V127/><F127/><W109/><G109/><T123/><D123/><U59/><E46/><V95/><F107/><W129/><G55/><T15/><D110/><U128/><E128/><V114/><F114/><W42/><G42/><T22/><D22/><N who="1" m="15447" /><E61/><V80/><F80/><W6/><G6/><N who="0" m="3511" /><D125/><U14/><E2/><V67/><REACH who="2" step="1"/><F57/><AGARI ba="1,0" hai="41,45,48,50,52,57,94,99,100,101,103" m="3511" machi="57" ten="30,5800,0" yaku="8,1,52,1,54,1" doraHai="4" who="0" fromWho="2" sc="308,61,250,0,192,-61,250,0" /><INIT seed="0,2,0,5,5,56" ten="369,250,131,250" oya="0" hai0="114,91,22,5,119,95,94,105,76,86,118,104,1" hai1="20,122,42,47,100,51,88,36,116,38,30,127,41" hai2="82,124,71,70,27,120,66,125,128,24,57,102,115" hai3="74,126,21,29,33,97,46,117,28,111,7,72,73"/><T89/><D1/><U80/><E116/><V132/><F120/><W93/><G117/><N who="0" m="44555" /><D22/><U77/><E127/><N who="2" m="48715" /><F115/><W39/><G33/><T60/><D5/><U63/><E122/><V16/><F132/><W64/><G111/><T69/><D60/><U109/><E109/><V23/><F128/><W45/><G126/><T8/><D8/><U81/><E100/><V14/><F102/><W37/><G7/><T11/><D11/><U32/><E32/><V85/><F57/><W15/><G64/><T108/><D69/><N who="2" m="26122" /><F66/><W31/><G15/><T58/><D58/><U40/><E30/><V68/><N who="2" m="26130" /><V53/><DORA hai="99" /><F53/><W121/><G121/><T134/><D114/><U129/><E129/><V12/><F27/><W59/><G59/><T135/><D76/><AGARI ba="2,0" hai="12,14,16,23,24,76,82,85" m="26130,48715" machi="76" ten="40,2600,0" yaku="18,1,54,1" doraHai="56,99" who="2" fromWho="0" sc="369,-32,250,0,131,32,250,0" /><INIT seed="1,0,0,5,1,100" ten="337,250,163,250" oya="1" hai0="0,62,32,18,103,65,98,73,86,113,49,72,104" hai1="30,6,134,96,107,108,66,5,63,48,10,69,14" hai2="34,87,45,68,57,41,33,50,38,40,36,8,118" hai3="83,42,22,112,127,12,39,78,16,121,106,129,67"/><U35/><E134/><V114/><F118/><W19/><G121/><T7/><D113/><U110/><E5/><V71/><F114/><W126/><G112/><T84/><D18/><U74/><E74/><V79/><F8/><W85/><G67/><T17/><D17/><U3/><E14/><V53/><F79/><W135/><G135/><T31/><D49/><U60/><E60/><N who="2" m="35887" /><F87/><W102/><G129/><T123/><D86/><U94/><E48/><V27/><F27/><W90/><G42/><N who="2" m="16489" /><F33/><W9/><G39/><N who="2" m="14889" /><F34/><W93/><G102/><T59/><D84/><U105/><E94/><V61/><F61/><W119/><G119/><T101/><D103/><N who="1" m="62695" /><E107/><V25/><F25/><AGARI ba="0,0" hai="3,6,10,25,30,35,63,66,69,108,110" m="62695" machi="25" ten="30,5800,0" yaku="25,1,23,1,52,1" doraHai="100" who="1" fromWho="2" sc="337,0,250,58,163,-58,250,0" /><INIT seed="1,1,0,4,4,106" ten="337,308,105,250" oya="1" hai0="50,30,127,24,84,13,104,54,113,70,33,124,42" hai1="21,128,79,4,68,53,108,59,90,49,20,131,17" hai2="116,48,60,39,6,81,19,120,27,55,135,7,115" hai3="96,3,15,58,9,110,123,38,16,107,126,32,0"/><U102/><E68/><V8/><F116/><W87/><G123/><T35/><D104/><U117/><E117/><V78/><F120/><W65/><G110/><T74/><D113/><U56/><E108/><V72/><F115/><W73/><G38/><T18/><D70/><U67/><E102/><V66/><F39/><W64/><G126/><N who="0" m="48171" /><D84/><U114/><E114/><V121/><F121/><W40/><G32/><N who="0" m="20551" /><D74/><U94/><E79/><V80/><F81/><W47/><G73/><T25/><D42/><U71/><E71/><V98/><F135/><W52/><G87/><T97/><D97/><U82/><E82/><V44/><F98/><W129/><G40/><T29/><D54/><U1/><E67/><V41/><F41/><W88/><G107/><T62/><D50/><U61/><E49/><V103/><F103/><W31/><G31/><T132/><D62/><U134/><E59/><V112/><F112/><W63/><G47/><T111/><D111/><U5/><E134/><V23/><REACH who="2" step="1"/><F8/><REACH who="2" ten="337,308,95,250" step="2"/><W10/><G9/><N who="0" m="6447" /><D132/><U85/><E131/><V57/><AGARI ba="1,1" hai="6,7,19,23,27,44,48,55,57,60,66,72,78,80" machi="57" ten="20,8000,1" yaku="1,1,0,1,7,1,52,1,53,1" doraHai="106" doraHaiUra="105" who="2" fromWho="2" sc="337,-21,308,-41,95,93,250,-21" /><INIT seed="2,0,0,5,1,60" ten="316,267,188,229" oya="2" hai0="19,21,119,82,107,52,113,48,61,69,102,39,67" hai1="4,68,124,100,121,77,110,17,6,130,26,29,108" hai2="45,0,58,87,84,96,5,62,13,74,14,64,38" hai3="132,50,41,128,115,49,117,36,101,15,9,104,95"/><V56/><F74/><W116/><G128/><T3/><D113/><U34/><E130/><V94/><F0/><W70/><G132/><T111/><D3/><U27/><E124/><V33/><F33/><W125/><G125/><T57/><D111/><N who="1" m="42539" /><E77/><V81/><F38/><W63/><G104/><T8/><D119/><U93/><E68/><V1/><F1/><W22/><G36/><T44/><D82/><U10/><E121/><V91/><F45/><W88/><G101/><T133/><D8/><U75/><E75/><V118/><F118/><W65/><G22/><T92/><D92/><U24/><E93/><V135/><F135/><W122/><G122/><T11/><D11/><U40/><E40/><V103/><F56/><W89/><G89/><T126/><D102/><U16/><E100/><V112/><F112/><W66/><G115/><T131/><D107/><U134/><E134/><V53/><F5/><N who="1" m="2153" /><E17/><V99/><F87/><W46/><G116/><T123/><D133/><U71/><E71/><V32/><F32/><W54/><G117/><T30/><D123/><U59/><E59/><N who="2" m="36959" /><F99/><N who="3" m="57831" /><G70/><T73/><D73/><U7/><E7/><V127/><F127/><W37/><G37/><T76/><D126/><U18/><E18/><V2/><F2/><W28/><G28/><T129/><D30/><U85/><E85/><V97/><F97/><W51/><G41/><N who="0" m="22591" /><D76/><U12/><AGARI ba="0,0" hai="10,12,16,24,26,27,29,34" m="2153,42539" machi="12" ten="30,7900,0" yaku="14,1,34,2,54,1" doraHai="60" who="1" fromWho="1" sc="316,-20,267,79,188,-39,229,-20" /><INIT seed="3,0,0,5,4,88" ten="296,346,149,209" oya="3" hai0="57,85,111,95,10,7,13,33,127,113,80,44,15" hai1="38,46,96,131,133,52,31,126,135,8,119,35,62" hai2="109,69,51,9,1,23,73,71,90,17,93,29,43" hai3="34,55,54,0,22,124,103,117,61,104,107,26,30"/><W123/><G123/><T41/><D111/><U132/><E131/><V50/><F109/><W118/><G0/><T82/><D127/><U3/><E126/><V78/><F29/><W39/><G39/><T116/><D116/><U59/><E119/><V65/><F73/><W70/><G124/><T53/><D33/><U77/><E77/><V56/><F78/><W94/><G104/><T58/><D113/><U60/><E35/><V86/><F50/><W2/><G2/><T120/><D15/><U83/><E31/><V45/><F1/><W24/><G54/><T12/><D13/><U92/><E83/><V40/><F9/><W4/><G4/><T84/><D53/><U102/><E46/><V99/><F40/><W81/><G81/><T21/><D21/><U101/><E38/><V64/><F99/><N who="3" m="61951" /><G55/><T100/><D80/><U121/><E121/><V91/><F90/><W11/><G11/><T42/><D42/><U66/><E102/><V128/><F128/><W110/><G110/><T122/><D122/><U72/><E72/><V108/><F108/><W125/><G125/><T134/><D120/><U79/><E79/><V68/><REACH who="2" step="1"/><F56/><REACH who="2" ten="296,346,139,209" step="2"/><W98/><G30/><T16/><D57/><N who="1" m="34855" /><E8/><V6/><F6/><W115/><G118/><T18/><D7/><U87/><E3/><V63/><F63/><W130/><G61/><T25/><D10/><U20/><E62/><V75/><F75/><W37/><G117/><T74/><D41/><U129/><E59/><V47/><F47/><W19/><G130/><T36/><D58/><U14/><E129/><V76/><F76/><RYUUKYOKU ba="0,1" sc="296,-10,346,-10,139,30,209,-10" hai2="17,23,43,45,51,64,65,68,69,71,86,91,93" owari="286,8.6,346,44.6,169,-33.1,199,-20.1" /></mjloggm>