<mjloggm ver="2.3"><GO type="225" lobby="0"/><UN n0="%E3%82%BC%E3%83%AB%E3%83%80%E3%81%AE%E4%BC%9D%E8%AA%AC" n1="%E7%99%BD%E5%80%89%E5%AF%9B%E4%B9%8B" n2="%E5%8D%A0%E3%81%84%E5%B8%AB%E8%A3%8F%E3%81%AA%E3%81%84%E3%81%97" n3="%E6%B7%91%E5%A5%B3%E3%81%AE%E5%97%9C%E3%81%BF" dan="17,16,17,16" rate="2142.23,2148.70,2254.72,2167.92" sx="M,M,M,M"/><TAIKYOKU oya="0"/><INIT seed="0,0,0,3,4,75" ten="250,250,250,250" oya="0" hai0="37,72,33,34,46,100,115,44,120,19,58,51,101" hai1="110,6,45,43,133,23,11,68,82,30,53,10,135" hai2="15,81,127,5,7,84,107,27,14,103,57,17,112" hai3="108,122,76,8,66,16,39,83,69,126,59,91,74"/><T89/><D115/><U12/><E68/><V48/><F112/><W109/><G126/><T65/><D120/><U123/><E53/><N who="2" m="31911" /><F107/><W31/><G39/><T116/><D116/><U85/><E123/><V28/><F28/><W21/><G122/><T113/><D113/><U4/><E110/><N who="3" m="42602" /><G69/><T50/><D58/><U95/><E95/><V106/><F106/><W119/><G119/><T18/><D89/><U125/><E125/><V47/><F103/><W73/><G91/><T25/><D25/><U70/><E70/><V2/><F2/><W22/><G31/><T71/><D71/><U99/><E23/><N who="2" m="13807" /><F47/><W88/><G73/><T102/><D102/><U92/><E30/><V111/><F127/><W117/><G117/><T13/><D72/><U60/><E133/><V93/><F93/><W41/><G41/><T129/><D37/><U40/><E92/><V9/><F111/><W20/><G88/><T52/><D65/><U79/><E135/><V128/><F128/><W36/><G36/><T98/><D129/><U67/><E45/><V3/><F3/><W90/><G90/><T1/><D1/><U64/><E99/><V121/><F121/><W32/><G32/><T114/><D114/><U130/><E130/><V134/><F134/><W42/><G42/><T124/><D124/><U77/><E43/><V63/><F63/><N who="3" m="38271" /><G8/><T29/><D29/><U54/><E40/><V131/><F131/><W38/><G38/><T78/><D98/><U26/><E11/><N who="2" m="4463" /><F84/><W87/><G74/><T105/><D105/><U35/><E85/><V97/><F97/><W104/><G104/><RYUUKYOKU ba="0,0" sc="250,-15,250,-15,250,15,250,15" hai2="7,9,15,81" hai3="16,20,21,22,76,83,87" /><INIT seed="1,1,0,3,1,133" ten="235,235,265,265" oya="1" hai0="44,43,82,85,49,2,18,110,30,71,127,118,45" hai1="55,132,93,31,103,124,9,63,113,102,54,131,24" hai2="27,8,129,36,87,66,11,135,126,47,79,22,41" hai3="33,50,14,56,90,86,130,67,68,76,52,99,104"/><U3/><E113/><V4/><F129/><W6/><G130/><T94/><D118/><U105/><E131/><V70/><F135/><W83/><G33/><T17/><D71/><U78/><E105/><V69/><F66/><W7/><G14/><T21/><D2/><U29/><E132/><V61/><F61/><W13/><G68/><T80/><D110/><U42/><E78/><V25/><F11/><W37/><G37/><T89/><D127/><U23/><E124/><V111/><F111/><W117/><G117/><T51/><D30/><U96/><E42/><V81/><F25/><W15/><G67/><T98/><D21/><U40/><E40/><V53/><F53/><W121/><G121/><T75/><D75/><U28/><E103/><V16/><REACH who="2" step="1"/><F126/><REACH who="2" ten="235,235,255,265" step="2"/><W101/><G6/><T20/><D20/><U19/><E63/><V112/><F112/><W64/><G64/><T100/><D82/><U5/><AGARI ba="1,1" hai="3,5,9,19,23,24,28,29,31,54,55,93,96,102" machi="5" ten="30,1500,0" yaku="0,1" doraHai="133" who="1" fromWho="1" sc="235,-6,235,28,255,-6,265,-6" /><INIT seed="1,2,0,1,1,21" ten="229,263,249,259" oya="1" hai0="88,133,68,17,13,119,53,102,92,47,75,74,19" hai1="81,80,101,112,31,127,57,45,117,44,116,118,38" hai2="12,71,27,104,52,41,100,6,37,26,134,115,79" hai3="69,70,106,24,73,132,35,135,122,7,91,34,50"/><U99/><E112/><V120/><F71/><N who="3" m="27147" /><G122/><T131/><D119/><U10/><E127/><V97/><F120/><W8/><G91/><T128/><D68/><U28/><E10/><V58/><F115/><W84/><G84/><T16/><D102/><U108/><E108/><V105/><F105/><W124/><G124/><T96/><D133/><N who="3" m="51273" /><G106/><T32/><D32/><U98/><E57/><V36/><F134/><W20/><G50/><N who="0" m="28895" /><D13/><U76/><E101/><V30/><F79/><W3/><G73/><T82/><D82/><U43/><E76/><V77/><F77/><W107/><G107/><T95/><D95/><U94/><E94/><N who="2" m="58423" /><F36/><W78/><G78/><T109/><D109/><U49/><E117/><V65/><F37/><W126/><G126/><T113/><D113/><U123/><E38/><V1/><F1/><W114/><G114/><T72/><D72/><U29/><E118/><V23/><F104/><W0/><G0/><T48/><D48/><U11/><E49/><N who="2" m="30991" /><F41/><W14/><G3/><T46/><D46/><U22/><E43/><V61/><F12/><W40/><G40/><T93/><D93/><U55/><E116/><V111/><F111/><W56/><G56/><T4/><D4/><U130/><E123/><V86/><F6/><W90/><G90/><T89/><D89/><U103/><E103/><V5/><F5/><W59/><G59/><T42/><D42/><U51/><E45/><V54/><F86/><W67/><G67/><T129/><AGARI ba="2,0" hai="16,17,19,74,75,88,92,96,128,129,131" m="28895" machi="129" ten="40,5200,0" yaku="19,1,54,2" doraHai="21" who="0" fromWho="0" sc="229,58,263,-28,249,-15,259,-15" /><INIT seed="2,0,0,2,1,122" ten="287,235,234,244" oya="2" hai0="17,120,53,130,0,96,31,13,101,46,116,131,16" hai1="65,50,21,91,87,5,84,52,32,111,106,54,57" hai2="128,75,33,15,110,67,70,11,76,49,27,119,34" hai3="9,3,98,10,129,78,114,77,134,28,118,79,117"/><V103/><F119/><W55/><G129/><N who="0" m="49163" /><D120/><U85/><E111/><V92/><F128/><W132/><G28/><T12/><D0/><U38/><E32/><V35/><F110/><W63/><G114/><T86/><D31/><U108/><E108/><V135/><F135/><N who="3" m="51755" /><G98/><T4/><D116/><N who="3" m="44649" /><G3/><T19/><D86/><U94/><E38/><V20/><F75/><W127/><G127/><T112/><D112/><U48/><E106/><V80/><F70/><W37/><G37/><T97/><D4/><U41/><E5/><V23/><F67/><W125/><G125/><T90/><D90/><U29/><E65/><V2/><F2/><W44/><G63/><T6/><D6/><U30/><E41/><V83/><F49/><AGARI ba="0,0" hai="9,10,44,49,55,77,78,79" m="44649,51755" machi="49" ten="40,1300,0" yaku="20,1" doraHai="122" who="3" fromWho="2" sc="287,0,235,0,234,-13,244,13" /><INIT seed="3,0,0,0,4,90" ten="287,235,221,257" oya="3" hai0="88,110,119,135,30,130,123,27,47,72,132,109,33" hai1="11,4,74,122,96,3,97,126,125,82,92,101,59" hai2="34,103,39,87,75,127,56,79,37,111,10,112,113" hai3="51,100,107,58,26,105,41,129,23,55,14,64,13"/><W53/><G41/><T29/><D119/><U69/><E69/><V94/><F34/><W91/><G64/><T95/><D123/><U115/><E122/><V84/><F75/><W70/><G70/><T36/><D72/><U121/><E121/><V20/><F111/><N who="0" m="42506" /><D130/><U114/><E59/><V45/><F127/><N who="1" m="48649" /><E97/><V89/><F103/><W86/><G129/><T38/><D30/><U25/><E25/><V120/><F120/><W124/><G55/><T62/><D62/><U85/><E74/><V73/><F73/><W15/><G100/><T71/><D71/><U68/><E68/><V81/><F20/><W28/><REACH who="3" step="1"/><G124/><REACH who="3" ten="287,235,221,247" step="2"/><T52/><D52/><U98/><E115/><V61/><F10/><W57/><G57/><T63/><D47/><U22/><E114/><V99/><F37/><N who="0" m="14442" /><D63/><U131/><E131/><V19/><F39/><W6/><G6/><T60/><D60/><U77/><E4/><V35/><F35/><W2/><G2/><T46/><D46/><U0/><E3/><V50/><F19/><W44/><G44/><T31/><D31/><U7/><E0/><V18/><F18/><W8/><G8/><T78/><D33/><U104/><E11/><V134/><F134/><W65/><G65/><T40/><D40/><U9/><E9/><V1/><F1/><W42/><G42/><T67/><D67/><U21/><E7/><V76/><F56/><W12/><N who="3" m="3072" /><DORA hai="80" /><W118/><G118/><T128/><D128/><U117/><E117/><V54/><F61/><W24/><G24/><T66/><D66/><U49/><E49/><V108/><F108/><RYUUKYOKU ba="0,1" sc="287,-30,235,10,221,10,247,10" hai1="21,22,77,82,85,92,96,98,101,104" hai2="45,50,54,76,79,81,84,87,89,94,99,112,113" hai3="23,26,28,51,53,58,86,91,105,107" /><INIT seed="3,1,1,4,1,80" ten="257,245,231,257" oya="3" hai0="106,0,101,20,86,36,84,6,10,42,58,16,130" hai1="62,112,128,119,14,24,54,70,125,19,135,124,8" hai2="82,30,94,49,17,35,7,78,99,91,13,48,28" hai3="52,69,39,27,33,133,60,56,57,85,51,3,121"/><W131/><G121/><T2/><D2/><U76/><E112/><V103/><F7/><W104/><G3/><T59/><D106/><U4/><E76/><V118/><F118/><W50/><G39/><T72/><D101/><U1/><E119/><V45/><F103/><W26/><G104/><T11/><D11/><N who="1" m="2447" /><E54/><V68/><F68/><W114/><G114/><T120/><D120/><U40/><E40/><V89/><F89/><W29/><G131/><T93/><D93/><U122/><E122/><V31/><F45/><W71/><G133/><T126/><D130/><U87/><E128/><V100/><F100/><W115/><G115/><T107/><D107/><U5/><E62/><V23/><REACH who="2" step="1"/><F35/><REACH who="2" ten="257,245,221,257" step="2"/><W83/><G27/><T44/><D6/><U102/><E24/><V116/><F116/><W47/><G57/><T134/><D58/><U63/><E70/><V61/><F61/><W95/><G60/><T90/><D59/><U98/><E63/><V74/><AGARI ba="1,2" hai="13,17,23,28,30,31,48,49,74,78,82,91,94,99" machi="74" ten="30,4000,0" yaku="1,1,0,1,53,1" doraHai="80" doraHaiUra="88" who="2" fromWho="2" sc="257,-11,245,-11,221,63,257,-21" /><INIT seed="4,0,0,5,2,27" ten="246,234,284,236" oya="0" hai0="121,22,117,55,39,43,20,122,116,93,69,37,130" hai1="113,95,57,50,133,91,135,64,9,73,29,56,2" hai2="15,103,105,82,115,52,80,78,75,49,96,38,126" hai3="51,35,62,120,12,11,110,7,41,89,70,23,44"/><T119/><D93/><U125/><E73/><V36/><F115/><W68/><G110/><T131/><D55/><U99/><E113/><V32/><F32/><W63/><G35/><T14/><D14/><U100/><E125/><V109/><F109/><W1/><G120/><N who="0" m="46187" /><D69/><U25/><E50/><V83/><F126/><W71/><G89/><T16/><D43/><U53/><E53/><V118/><F118/><W59/><G23/><N who="0" m="8747" /><D16/><U46/><E46/><V101/><F15/><W45/><G12/><T34/><D34/><N who="1" m="20783" /><E64/><V128/><F82/><W13/><G13/><T18/><D18/><U86/><E9/><V98/><F83/><W123/><G123/><T97/><D97/><U94/><E2/><V24/><F24/><W10/><G10/><T102/><D102/><U76/><E76/><V26/><F26/><W92/><G92/><T19/><D19/><U60/><E60/><V48/><F48/><W3/><G3/><T54/><D54/><U67/><E67/><V85/><F98/><W90/><G63/><T72/><D72/><U129/><E129/><AGARI ba="0,0" hai="37,39,116,117,119,129,130,131" m="8747,46187" machi="129" ten="40,7700,0" yaku="28,2,19,1" doraHai="27" who="0" fromWho="1" sc="246,77,234,-77,284,0,236,0" owari="323,42.3,157,-34.3,284,8.4,236,-16.4" /></mjloggm>