<mjloggm ver="2.3"><GO type="225" lobby="0"/><UN n0="%E9%BB%99%E8%81%B4%E3%81%AE%E3%81%99%E3%82%9D%E3%82%81" n1="%E3%80%90%E3%83%88%E3%83%AA%E3%83%A5%E3%83%95%E3%80%91" n2="%E3%81%90%E3%81%A1%E3%82%84%E3%81%BE" n3="%E9%B4%A8%4E%45%47%49" dan="16,16,16,16" rate="2141.70,2072.66,2131.73,2077.53" sx="M,M,M,M"/><TAIKYOKU oya="0"/><INIT seed="0,0,0,3,5,8" ten="250,250,250,250" oya="0" hai0="20,39,53,96,98,111,131,109,10,132,76,50,134" hai1="104,108,12,41,129,21,117,27,23,37,48,58,43" hai2="126,87,102,72,67,16,79,71,31,94,101,47,74" hai3="3,64,69,26,85,116,93,99,91,13,65,78,6"/><T54/><D39/><U40/><E117/><V57/><F71/><W0/><G116/><T62/><D76/><U70/><E108/><N who="0" m="41545" /><D131/><U123/><E123/><V86/><F74/><W51/><G3/><T38/><D38/><U84/><E104/><V75/><F75/><W4/><G0/><T118/><D118/><U90/><E70/><V92/><F72/><W22/><G51/><T1/><D20/><U18/><E37/><V46/><F31/><W114/><G114/><T55/><D62/><U32/><E32/><V44/><F126/><W30/><G69/><T42/><D42/><U80/><E129/><V105/><F105/><W121/><G6/><N who="0" m="1359" /><D50/><U11/><E27/><V113/><F79/><W103/><G78/><T110/><N who="0" m="41553" /><T2/><DORA hai="15" /><D2/><U60/><REACH who="1" step="1"/><E48/><REACH who="1" ten="250,240,250,250" step="2"/><V29/><F113/><W100/><G121/><T127/><D127/><U130/><E130/><V128/><F128/><W89/><G65/><AGARI ba="0,1" hai="11,12,18,21,23,40,41,43,58,60,65,80,84,90" machi="65" ten="40,8000,1" yaku="1,1,8,1,52,2,53,1" doraHai="8,15" doraHaiUra="73,81" who="1" fromWho="3" sc="250,0,240,90,250,0,250,-80" /><INIT seed="1,0,0,5,3,65" ten="250,330,250,170" oya="1" hai0="132,45,49,88,67,4,62,75,112,114,52,46,13" hai1="93,47,2,1,41,135,104,48,127,61,11,121,116" hai2="119,0,130,37,76,90,15,107,72,27,97,115,68" hai3="92,22,134,14,99,32,35,118,79,6,40,7,113"/><U128/><E104/><V129/><F15/><W78/><G134/><T28/><D75/><U55/><E116/><V87/><F27/><W5/><G113/><T44/><D28/><U89/><E121/><V71/><F0/><W3/><G118/><T69/><D88/><U25/><E128/><N who="2" m="49259" /><F37/><W110/><G110/><T38/><D4/><U117/><E25/><V26/><F26/><W126/><G126/><T8/><D8/><U21/><E21/><V9/><F9/><W102/><G3/><T131/><D13/><U24/><E24/><V64/><F64/><W77/><REACH who="3" step="1"/><G40/><REACH who="3" ten="250,330,250,160" step="2"/><N who="0" m="22551" /><D131/><U20/><E41/><V96/><F115/><N who="0" m="44074" /><D132/><U56/><E135/><V10/><F119/><W106/><G106/><T34/><D34/><U111/><E117/><V36/><F107/><W80/><G80/><T12/><D12/><U53/><E1/><V54/><F10/><W122/><G122/><T31/><D31/><U74/><E11/><V85/><F72/><W125/><G125/><T19/><D19/><AGARI ba="0,1" hai="5,6,7,14,19,22,32,35,77,78,79,92,99,102" machi="19" ten="40,1300,0" yaku="1,1,53,0" doraHai="65" doraHaiUra="124" who="3" fromWho="0" sc="250,-13,330,0,250,0,160,23" /><INIT seed="2,0,0,4,4,95" ten="237,330,250,183" oya="2" hai0="80,51,102,106,108,28,96,14,10,40,112,46,67" hai1="119,50,11,61,78,125,30,88,105,25,47,19,42" hai2="90,71,62,49,103,33,75,35,115,122,8,17,114" hai3="22,52,58,68,1,101,99,55,124,84,79,117,91"/><V76/><F122/><W113/><G117/><T15/><D108/><U81/><E119/><V98/><F90/><W94/><G68/><T5/><D112/><U6/><E105/><V110/><F49/><W39/><G113/><T23/><D67/><U69/><E19/><V128/><F17/><W31/><G1/><T135/><D135/><U89/><E61/><V82/><F8/><W83/><G124/><T130/><D130/><U100/><E100/><V13/><F13/><W57/><G39/><T29/><D23/><U70/><E125/><V20/><F20/><W36/><G36/><T21/><D21/><U53/><E53/><V56/><F128/><W77/><G55/><T131/><D131/><U27/><E30/><V18/><F18/><W121/><G57/><T104/><D14/><N who="1" m="5495" /><E69/><V64/><F56/><W2/><G2/><T32/><D32/><N who="2" m="12362" /><F110/><W66/><G66/><T126/><D126/><U111/><E70/><V127/><F127/><W37/><G37/><T43/><D43/><U92/><E111/><V9/><F9/><W7/><G7/><T118/><D118/><U3/><E3/><V54/><F54/><W45/><G121/><T34/><D34/><U60/><E60/><V109/><F109/><W26/><REACH who="3" step="1"/><G45/><REACH who="3" ten="237,330,250,173" step="2"/><T133/><D46/><U120/><E120/><V59/><F59/><W72/><G72/><T86/><D5/><U132/><E47/><V65/><F65/><W123/><G123/><T97/><D51/><AGARI ba="0,1" hai="22,26,31,51,52,58,77,79,83,84,91,94,99,101" machi="51" ten="30,8000,1" yaku="1,1,7,1,8,1,52,1,54,1,53,0" doraHai="95" doraHaiUra="0" who="3" fromWho="0" sc="237,-80,330,0,250,0,173,90" /><INIT seed="3,0,0,0,0,67" ten="157,330,250,263" oya="3" hai0="95,56,64,4,51,62,93,15,38,128,3,47,44" hai1="108,52,20,98,69,1,73,12,66,33,94,48,83" hai2="114,87,46,8,112,36,13,37,120,102,135,130,86" hai3="24,75,45,99,103,30,84,79,65,85,0,70,49"/><W107/><G0/><T96/><D3/><U27/><E69/><V54/><F130/><W92/><G65/><T110/><D110/><U72/><E108/><V111/><F111/><W14/><G14/><T32/><D32/><U77/><E72/><V9/><F102/><W132/><G132/><T118/><D118/><U71/><E71/><V76/><F76/><W18/><G18/><T34/><D34/><U17/><E66/><V104/><F13/><W55/><G70/><T117/><D117/><U97/><E94/><V124/><F46/><W126/><G126/><T106/><D128/><U122/><E122/><V53/><F120/><W57/><G45/><T6/><D106/><U41/><E41/><V31/><F31/><W121/><G107/><T63/><D38/><U101/><E101/><V39/><F39/><W131/><G131/><T21/><D95/><U109/><E1/><V26/><F104/><W7/><G121/><T133/><D133/><U80/><E80/><V81/><F81/><W19/><G19/><T125/><D125/><U58/><E109/><V134/><F26/><W90/><G103/><T119/><D119/><U100/><E100/><V35/><F35/><W88/><G90/><T40/><D47/><U61/><E61/><V11/><F11/><W113/><G113/><T2/><D2/><U5/><E33/><V43/><F43/><W129/><G7/><T28/><D63/><U16/><E5/><V59/><F124/><W29/><G129/><T91/><REACH who="0" step="1"/><D28/><REACH who="0" ten="147,330,250,263" step="2"/><U22/><AGARI ba="0,1" hai="12,16,17,20,22,27,48,52,58,73,77,83,97,98" machi="22" ten="20,5200,0" yaku="0,1,7,1,54,2" doraHai="67" who="1" fromWho="1" sc="147,-13,330,62,250,-13,263,-26" owari="134,-36.6,392,49.2,237,3.7,237,-16.3" /></mjloggm>