<mjloggm ver="2.3"><GO type="225" lobby="0"/><UN n0="%E4%BF%BA%E3%81%A8%E5%A6%96%E5%A4%A2" n1="%E7%89%B9%E6%9D%B1%E5%96%B0%E8%B5%A4%E9%80%9F" n2="%E6%98%93%E5%88%A9%E8%96%A9%E4%BC%AF" n3="%E3%83%81%E3%83%83%E3%82%BF%E3%82%BD%E3%83%BC" dan="16,16,16,16" rate="2135.72,2033.38,2142.47,2117.75" sx="F,M,F,F"/><TAIKYOKU oya="0"/><INIT seed="0,0,0,3,4,25" ten="250,250,250,250" oya="0" hai0="58,36,46,116,31,111,29,63,40,118,106,89,95" hai1="48,60,114,86,62,15,108,49,129,22,68,85,20" hai2="120,9,100,94,26,102,27,92,117,66,103,2,12" hai3="11,53,69,51,64,59,77,88,42,81,8,73,10"/><T0/><D106/><U109/><E129/><V124/><F2/><W78/><G42/><T91/><D0/><U119/><E114/><V105/><F120/><W74/><G64/><T135/><D135/><U99/><E99/><V101/><F124/><W128/><G69/><T123/><D123/><U21/><E15/><V65/><F117/><W67/><G67/><N who="2" m="25609" /><F105/><W43/><G43/><T75/><D75/><U112/><E119/><V127/><F127/><W96/><G128/><T56/><D111/><N who="1" m="42571" /><E68/><V82/><F82/><W104/><G104/><T28/><D89/><U134/><E134/><V1/><F1/><W47/><G47/><T30/><N who="0" m="7168" /><DORA hai="110" /><T16/><D63/><N who="1" m="24107" /><E112/><V126/><F126/><W133/><G133/><T24/><D116/><U54/><E54/><V115/><F115/><W44/><G44/><T79/><D118/><U72/><E72/><V3/><F3/><W132/><G132/><T98/><REACH who="0" step="1"/><D79/><REACH who="0" ten="240,250,250,250" step="2"/><U14/><E14/><V125/><F125/><W5/><G77/><T6/><D6/><U7/><E7/><N who="2" m="3135" /><F103/><W50/><G73/><T107/><D107/><U70/><E70/><V4/><F4/><W71/><G5/><T38/><D38/><U130/><E130/><V17/><F102/><W39/><G39/><T57/><D57/><U34/><E34/><V32/><F101/><W76/><G78/><T93/><D93/><U19/><E19/><V87/><F32/><W33/><G33/><T113/><D113/><U55/><E48/><V122/><F17/><W61/><G71/><T131/><D131/><U35/><E35/><V80/><F122/><RYUUKYOKU ba="0,1" sc="240,10,250,10,250,-30,250,10" hai0="16,24,36,40,46,56,58,91,95,98" hai1="20,21,22,49,55,85,86" hai3="8,10,11,50,51,53,59,61,74,76,81,88,96" /><INIT seed="0,1,1,4,0,92" ten="250,260,220,260" oya="0" hai0="22,48,21,135,112,57,115,83,104,97,36,17,98" hai1="40,67,65,19,4,24,69,89,88,2,16,52,8" hai2="81,99,127,87,44,74,1,71,82,55,31,43,84" hai3="61,130,11,12,107,38,106,119,10,63,72,42,124"/><T34/><D36/><U78/><E40/><V93/><F71/><W15/><G42/><T113/><D34/><U20/><E78/><V64/><F1/><W105/><G38/><T50/><D104/><U62/><E65/><V47/><F64/><W109/><G119/><T70/><D70/><U45/><REACH who="1" step="1"/><E19/><REACH who="1" ten="250,250,220,260" step="2"/><V95/><F43/><W13/><G109/><T68/><D115/><U41/><E41/><V39/><F39/><W23/><G130/><T5/><D113/><U25/><E25/><V96/><F74/><W85/><G72/><T6/><D112/><U73/><E73/><V46/><F127/><W120/><G124/><T108/><D108/><U56/><E56/><V51/><F31/><W3/><G3/><T117/><D68/><U30/><E30/><V103/><F47/><W123/><G23/><T125/><D125/><U80/><E80/><N who="2" m="30827" /><F46/><W121/><REACH who="3" step="1"/><G85/><REACH who="3" ten="250,250,220,250" step="2"/><T60/><D22/><U122/><E122/><V129/><F129/><W32/><G32/><T116/><D116/><U14/><E14/><V29/><F29/><W102/><G102/><AGARI ba="1,3" hai="44,51,55,84,87,93,95,96,99,102,103" m="30827" machi="102" ten="30,3900,0" yaku="8,1,52,2" doraHai="92" who="2" fromWho="3" sc="250,0,250,0,220,72,250,-42" /><INIT seed="1,0,0,5,3,67" ten="250,250,292,208" oya="1" hai0="121,17,88,12,78,112,108,135,118,91,4,116,43" hai1="27,103,57,95,22,26,2,21,81,128,9,84,90" hai2="115,11,37,131,10,72,83,76,73,25,107,74,7" hai3="42,96,123,0,71,32,75,63,86,79,120,24,36"/><U101/><E128/><V134/><F11/><W53/><G86/><T15/><D112/><U58/><E2/><N who="2" m="375" /><F25/><W94/><G53/><T65/><D108/><U14/><E9/><V8/><F8/><W23/><G23/><T99/><D4/><U13/><E81/><V117/><F117/><W106/><G94/><T114/><D114/><U18/><E84/><V6/><F6/><W124/><G0/><T61/><D135/><U129/><E129/><V125/><F125/><W1/><G1/><T5/><D5/><U20/><E20/><V54/><F54/><W35/><G124/><T3/><D3/><U122/><E122/><N who="3" m="46634" /><G24/><T111/><D121/><U59/><E95/><V33/><F115/><W55/><G55/><T40/><D78/><U97/><E90/><V109/><F109/><W85/><G85/><T56/><D111/><U19/><REACH who="1" step="1"/><E97/><REACH who="1" ten="250,240,292,208" step="2"/><V110/><F131/><W47/><G96/><T104/><D91/><U39/><E39/><V66/><F37/><W69/><G106/><T38/><D38/><U93/><E93/><V98/><F107/><W62/><G63/><T89/><D89/><U49/><E49/><V46/><F98/><W31/><G62/><T87/><D99/><U16/><E16/><V100/><F110/><W70/><G31/><T41/><D104/><U133/><E133/><V126/><F134/><W30/><G30/><T64/><D17/><U102/><AGARI ba="0,1" hai="13,14,18,19,21,22,26,27,57,58,59,101,102,103" machi="102" ten="30,11700,0" yaku="1,1,0,1,9,1,8,1,53,0" doraHai="67" doraHaiUra="105" who="1" fromWho="1" sc="250,-39,240,127,292,-39,208,-39" /><INIT seed="1,1,0,0,5,44" ten="211,367,253,169" oya="1" hai0="82,74,70,15,29,121,123,117,18,101,31,7,24" hai1="80,112,53,67,111,27,125,37,89,97,11,16,94" hai2="34,33,103,35,83,26,4,21,126,6,56,99,115" hai3="28,0,46,42,61,109,20,48,55,133,91,9,32"/><U102/><E112/><V88/><F126/><W81/><G109/><T105/><D70/><U96/><E37/><V72/><F115/><W60/><G133/><T39/><D39/><U25/><E125/><V38/><F38/><W10/><G32/><T131/><D117/><U77/><E67/><V71/><F71/><W128/><G128/><T86/><D74/><U19/><E111/><V98/><F56/><W23/><G0/><T87/><D87/><U76/><E77/><V14/><F14/><W40/><G60/><T1/><D131/><U104/><E53/><V118/><F99/><W127/><G127/><T12/><D12/><U49/><E49/><V93/><F118/><W69/><G69/><T57/><D7/><U95/><E104/><V106/><F83/><W113/><G113/><T62/><D1/><U58/><E58/><V13/><F13/><W41/><G61/><T90/><D101/><U2/><E2/><V107/><F72/><W47/><G47/><T110/><D105/><U130/><E130/><V92/><F106/><W134/><G134/><T114/><D110/><U45/><E45/><V17/><F107/><W73/><G73/><T135/><D135/><U85/><REACH who="1" step="1"/><E11/><REACH who="1" ten="211,357,253,169" step="2"/><N who="3" m="4106" /><G28/><T5/><D31/><U22/><E22/><V30/><F30/><W50/><G48/><T132/><D114/><U36/><E36/><V68/><F68/><W63/><G63/><T120/><D132/><U54/><E54/><V100/><F34/><W43/><G43/><T122/><D122/><U51/><E51/><V119/><F35/><W75/><G75/><T129/><D123/><RYUUKYOKU ba="1,1" sc="211,-15,357,15,253,-15,169,15" hai1="16,19,25,27,76,80,85,89,94,95,96,97,102" hai3="20,23,40,41,42,46,50,55,81,91" /><INIT seed="1,2,1,5,0,106" ten="196,372,238,184" oya="1" hai0="59,34,120,52,133,126,27,39,121,32,24,70,7" hai1="135,61,87,47,55,58,113,54,15,98,88,103,66" hai2="13,99,119,46,111,25,41,102,101,60,107,90,28" hai3="20,51,100,127,128,73,37,78,18,62,64,50,5"/><U8/><E113/><V91/><F111/><W14/><G37/><T131/><D70/><U77/><E77/><V75/><F102/><W134/><G127/><T115/><D115/><U116/><E135/><V97/><F97/><W63/><G134/><T81/><D133/><U1/><E1/><V43/><F75/><W105/><G128/><T40/><D131/><U110/><E116/><V71/><F13/><W31/><G5/><T48/><D126/><U67/><E110/><V117/><F91/><W26/><G100/><T84/><D7/><U12/><E15/><V23/><F90/><W85/><G105/><T108/><D40/><U79/><E79/><V95/><F43/><W16/><G85/><T93/><D39/><U10/><E10/><V109/><F107/><W69/><G62/><T123/><D93/><U124/><E98/><V104/><F104/><W9/><REACH who="3" step="1"/><G31/><REACH who="3" ten="196,372,238,174" step="2"/><T76/><REACH who="0" step="1"/><D108/><REACH who="0" ten="186,372,238,174" step="2"/><U49/><E124/><V94/><F109/><W129/><G129/><T122/><N who="0" m="30720" /><DORA hai="53" /><T11/><D11/><U35/><E8/><V92/><F101/><W19/><G19/><T33/><AGARI ba="2,3" hai="24,27,32,33,34,48,52,59,76,81,84" m="30720" machi="33" ten="70,12000,2" yaku="1,1,0,1,13,1,52,1,54,1,53,2" doraHai="106,53" doraHaiUra="74,83" who="0" fromWho="0" sc="186,156,372,-62,238,-32,174,-32" /><INIT seed="2,0,0,4,2,24" ten="342,310,206,142" oya="2" hai0="40,31,91,86,10,64,25,47,33,135,70,12,118" hai1="75,63,60,90,92,78,82,74,52,22,73,119,15" hai2="1,115,97,120,27,46,110,45,124,35,87,28,103" hai3="116,127,42,71,37,114,125,85,53,128,29,61,132"/><V0/><F115/><W134/><G85/><T55/><D135/><N who="3" m="51753" /><G116/><T3/><D118/><U84/><E119/><V43/><F120/><W100/><G100/><T69/><D3/><U7/><E60/><V38/><F124/><N who="3" m="47691" /><G114/><T36/><D55/><U102/><E102/><V18/><F110/><W76/><G76/><T68/><D64/><U41/><E41/><V133/><F133/><W80/><G80/><T77/><D77/><U59/><E7/><V109/><F109/><W30/><G53/><T88/><D91/><U129/><E73/><V105/><F87/><W48/><G48/><T39/><D39/><U72/><E74/><V112/><F112/><W99/><G99/><T5/><D68/><U34/><E72/><V106/><F106/><W94/><G94/><AGARI ba="0,0" hai="5,10,12,25,31,33,36,40,47,69,70,86,88,94" machi="94" ten="30,3900,0" yaku="7,1,52,1,54,1" doraHai="24" who="0" fromWho="3" sc="342,39,310,0,206,0,142,-39" /><INIT seed="3,0,0,2,3,72" ten="381,310,206,103" oya="3" hai0="25,40,8,44,87,15,92,62,132,3,61,12,41" hai1="125,105,111,129,37,17,28,9,47,103,21,85,19" hai2="1,122,31,56,34,114,130,38,120,110,16,135,51" hai3="29,94,113,79,97,64,33,91,123,4,118,5,95"/><W76/><G113/><T81/><D132/><U126/><E105/><V74/><F38/><W59/><G123/><T43/><D3/><U99/><E37/><V109/><F130/><W55/><G118/><T71/><D92/><U124/><E47/><V82/><F135/><W102/><G64/><T133/><D133/><U52/><E129/><V65/><F1/><W39/><G39/><T18/><D71/><U63/><E9/><V13/><F114/><W100/><G29/><T68/><D68/><U27/><E111/><N who="2" m="42507" /><F34/><W75/><G33/><T26/><D44/><U36/><E36/><V117/><F31/><W96/><G91/><N who="0" m="51695" /><D15/><U131/><E131/><V101/><F101/><W45/><G45/><T57/><D62/><U22/><E22/><N who="2" m="11535" /><F117/><W78/><G75/><T98/><D98/><U58/><REACH who="1" step="1"/><E85/><REACH who="1" ten="381,300,206,103" step="2"/><V10/><F10/><W69/><REACH who="3" step="1"/><G69/><REACH who="3" ten="381,300,206,93" step="2"/><T107/><D8/><U115/><E115/><V77/><F65/><W67/><G67/><T112/><D112/><U88/><E88/><V70/><F70/><W104/><G104/><T83/><D107/><U93/><AGARI ba="0,2" hai="17,19,21,27,28,52,58,63,93,99,103,124,125,126" machi="93" ten="30,7900,0" yaku="1,1,0,1,18,1,54,1,53,0" doraHai="72" doraHaiUra="86" who="1" fromWho="1" sc="381,-20,300,99,206,-20,93,-39" owari="361,16.1,399,49.9,186,-21.4,54,-44.6" /></mjloggm>