<mjloggm ver="2.3"><GO type="225" lobby="0"/><UN n0="%E9%A6%AC%E5%BC%95%E7%81%AB%33" n1="%E3%81%A4%E3%81%A3%E3%81%B1%E3%82%8A%E3%83%9D%E3%83%BC%E3%83%AB" n2="%E3%83%81%E3%83%83%E3%82%BF%E3%82%BD%E3%83%BC" n3="%E3%81%8B%E3%82%8F%E3%81%A1%E3%82%83%E3%82%93%35%38" dan="17,17,16,16" rate="2172.02,2181.93,2115.31,2132.97" sx="M,M,F,M"/><TAIKYOKU oya="0"/><INIT seed="0,0,0,0,0,97" ten="250,250,250,250" oya="0" hai0="35,76,125,6,103,47,34,74,109,10,33,57,84" hai1="69,88,12,1,89,131,61,79,106,51,72,15,9" hai2="26,43,82,48,52,3,13,70,18,81,38,124,119" hai3="2,96,104,14,118,112,123,105,110,116,117,111,83"/><T49/><D74/><U4/><E131/><V63/><F124/><W19/><G2/><T94/><D125/><U24/><E106/><N who="3" m="41066" /><G14/><T59/><D109/><N who="3" m="41481" /><G19/><T0/><D76/><U99/><E99/><V27/><F119/><W66/><G66/><T128/><D128/><U90/><E51/><V64/><F3/><W65/><G65/><T50/><D50/><U107/><E107/><V7/><F7/><W91/><G112/><T40/><REACH who="0" step="1"/><D103/><REACH who="0" ten="240,250,250,250" step="2"/><U17/><E79/><V37/><F38/><W127/><G127/><T114/><D114/><U129/><E72/><V120/><F120/><W58/><G123/><T71/><D71/><U133/><E69/><V73/><F73/><W130/><G130/><T92/><D92/><U53/><E129/><V5/><F82/><W102/><G58/><T108/><D108/><U68/><E68/><V126/><F81/><W122/><G122/><T113/><D113/><U44/><E90/><AGARI ba="0,1" hai="0,6,10,33,34,35,40,47,49,57,59,84,90,94" machi="90" ten="40,12000,1" yaku="1,1,53,3" doraHai="97" doraHaiUra="30" who="0" fromWho="1" sc="240,130,250,-120,250,0,250,0" /><INIT seed="0,1,0,5,5,132" ten="370,130,250,250" oya="0" hai0="45,82,2,50,54,105,127,87,14,109,85,60,57" hai1="116,21,66,28,58,26,38,8,30,90,81,32,118" hai2="15,78,68,55,24,19,64,5,110,22,126,13,74" hai3="62,52,99,9,48,125,20,29,96,102,128,18,3"/><T129/><D127/><U107/><E107/><V37/><F126/><W113/><G113/><T12/><D2/><U71/><E71/><V63/><F110/><W27/><G125/><T59/><D105/><U53/><E38/><V77/><F37/><W98/><G128/><T67/><D129/><U40/><E40/><V124/><F124/><W25/><G62/><T115/><D115/><U17/><E66/><V56/><F74/><W73/><G73/><T41/><D109/><U104/><E104/><V10/><REACH who="2" step="1"/><F24/><REACH who="2" ten="370,130,240,250" step="2"/><W112/><G112/><T35/><D35/><U133/><E133/><V95/><F95/><W31/><G25/><T101/><D101/><U46/><E26/><V42/><F42/><W83/><G102/><T79/><D87/><U123/><E32/><V86/><F86/><W47/><REACH who="3" step="1"/><G83/><REACH who="3" ten="370,130,240,240" step="2"/><T39/><AGARI ba="1,2" hai="12,14,39,41,45,50,54,57,59,60,67,79,82,85" machi="39" ten="20,2100,0" yaku="0,1,7,1" doraHai="132" who="0" fromWho="0" sc="370,44,130,-8,240,-8,240,-8" /><INIT seed="0,2,0,1,3,5" ten="414,122,232,232" oya="0" hai0="15,133,24,99,68,114,57,124,128,33,12,82,23" hai1="117,18,21,129,73,7,60,89,36,105,17,109,72" hai2="64,29,3,47,98,100,8,19,65,80,108,49,91" hai3="127,101,102,61,120,66,2,103,56,54,41,50,132"/><T94/><D114/><U32/><E32/><V34/><F108/><W62/><G2/><T81/><D68/><U93/><E105/><V16/><F29/><W4/><G4/><T67/><D33/><U55/><E117/><V88/><F34/><W37/><G127/><T70/><D70/><U22/><E36/><V0/><F0/><W126/><G126/><T111/><D124/><U112/><E112/><V44/><F3/><W46/><G132/><T116/><D116/><U58/><E109/><V122/><F122/><W14/><G120/><T25/><D133/><U27/><E7/><V86/><F91/><W45/><G62/><N who="0" m="38351" /><D128/><U48/><E129/><V40/><F44/><W43/><REACH who="3" step="1"/><G14/><REACH who="3" ten="414,122,232,222" step="2"/><T31/><D111/><U90/><E90/><V38/><F38/><W75/><G75/><T119/><D119/><U42/><E42/><AGARI ba="2,1" hai="37,41,42,43,45,46,50,54,56,61,66,101,102,103" machi="42" ten="40,1300,0" yaku="1,1,53,0" doraHai="5" doraHaiUra="84" who="3" fromWho="1" sc="414,0,122,-19,232,0,222,29" /><INIT seed="1,0,0,5,4,73" ten="414,103,232,251" oya="1" hai0="84,64,125,115,106,80,47,94,109,53,62,1,31" hai1="132,118,114,83,58,88,78,5,74,75,56,63,38" hai2="28,111,44,122,55,26,19,25,41,3,89,67,135" hai3="35,120,13,23,57,79,110,86,10,119,43,103,21"/><U99/><E114/><V11/><F111/><W52/><G120/><T92/><D106/><U36/><E118/><V77/><F135/><W102/><G35/><T46/><D1/><U49/><E132/><V54/><F67/><W87/><G43/><T127/><D109/><U29/><E75/><V42/><F89/><W93/><G110/><T16/><D31/><U68/><E5/><V129/><F129/><W51/><G119/><T107/><D107/><U12/><E29/><V27/><F28/><W82/><G87/><T37/><D115/><U76/><E76/><V71/><F71/><W48/><G48/><T104/><D104/><U18/><E68/><V7/><F122/><W9/><G9/><T128/><D128/><U32/><E32/><V60/><F19/><N who="3" m="8631" /><G93/><T123/><D123/><U133/><E133/><V98/><F98/><W113/><G113/><T130/><D130/><U108/><E108/><V2/><F2/><W6/><G6/><T40/><D16/><U8/><E49/><V112/><F112/><W66/><G66/><T96/><D96/><U131/><E131/><V59/><F77/><W70/><G70/><N who="0" m="42263" /><D94/><U105/><E105/><V24/><N who="2" m="6144" /><DORA hai="116" /><V121/><F121/><W34/><G34/><T20/><D92/><N who="1" m="56711" /><E63/><V90/><F90/><W117/><G117/><T91/><D20/><AGARI ba="0,0" hai="20,21,23,51,52,57,79,82,86,102,103" m="8631" machi="20" ten="30,3900,0" yaku="8,1,52,1,54,1" doraHai="73,116" who="3" fromWho="0" sc="414,-39,103,0,232,0,251,39" /><INIT seed="2,0,0,5,2,99" ten="375,103,232,290" oya="2" hai0="52,102,90,24,78,13,6,113,105,16,48,59,68" hai1="54,36,56,101,98,57,50,126,51,119,107,71,21" hai2="32,114,20,100,97,11,34,55,49,118,133,38,14" hai3="87,30,116,44,104,69,26,39,46,42,74,95,121"/><V75/><F133/><W72/><G116/><T0/><D113/><U1/><E119/><V63/><F114/><W27/><G104/><T65/><D78/><U80/><E126/><V70/><F118/><W41/><G69/><T112/><D112/><U31/><E71/><V123/><F123/><W7/><G7/><T93/><D105/><U106/><E36/><V122/><F122/><W47/><G47/><T22/><D102/><U108/><E108/><V4/><F38/><W19/><G121/><T91/><D0/><U86/><E1/><V37/><F37/><W89/><G19/><T40/><D40/><U84/><E107/><V25/><F75/><W134/><G26/><T58/><D68/><U131/><E131/><V62/><F70/><W9/><G9/><N who="0" m="4279" /><D93/><U77/><E86/><V92/><F32/><W12/><G12/><T79/><D79/><U5/><E5/><V35/><F34/><W67/><G67/><T2/><D2/><U129/><E129/><V60/><F35/><W82/><G95/><T83/><D83/><U130/><E130/><V53/><REACH who="2" step="1"/><F49/><REACH who="2" ten="375,103,222,290" step="2"/><N who="3" m="26767" /><G134/><T23/><D23/><U115/><E115/><V85/><F85/><W43/><G74/><T3/><D3/><U96/><E96/><V45/><F45/><W110/><G43/><T33/><D33/><U124/><E124/><V111/><F111/><W127/><G110/><T29/><D29/><AGARI ba="0,1" hai="4,11,14,20,25,29,53,55,60,62,63,92,97,100" machi="29" ten="40,12000,1" yaku="1,1,8,1,52,1,53,1" doraHai="99" doraHaiUra="94" who="2" fromWho="0" sc="375,-120,103,0,222,130,290,0" /><INIT seed="2,1,0,2,0,103" ten="255,103,352,290" oya="2" hai0="53,110,128,23,120,37,67,94,72,126,66,131,125" hai1="83,54,96,135,102,27,56,55,43,4,79,30,6" hai2="77,47,64,57,46,78,104,109,121,51,119,28,98" hai3="59,116,44,74,1,134,3,100,52,40,69,91,12"/><V80/><F121/><W73/><G116/><T75/><D120/><U58/><E135/><V26/><F119/><W111/><G69/><T84/><D23/><U15/><E43/><V87/><F109/><W31/><G111/><T7/><D110/><U22/><E15/><V76/><F64/><N who="0" m="24618" /><D7/><U25/><E25/><V13/><F13/><W34/><G134/><T118/><D118/><U32/><E32/><V70/><F70/><W42/><G42/><T16/><D53/><U129/><E129/><N who="0" m="49737" /><D84/><U21/><E21/><V35/><F57/><W5/><G5/><T71/><D94/><U82/><E82/><V61/><F61/><W63/><G12/><T50/><D50/><U115/><E115/><V93/><F46/><W105/><G34/><T41/><D71/><U0/><E0/><V81/><F81/><W90/><G31/><T48/><D48/><U88/><E79/><V112/><F112/><W38/><G1/><T85/><D85/><U113/><E113/><V2/><F2/><W86/><G3/><T106/><D106/><U89/><E83/><V49/><F104/><W24/><G24/><T20/><D41/><U117/><E117/><V36/><F36/><W60/><G60/><T68/><D68/><U122/><E122/><V92/><F51/><W17/><G17/><T99/><D99/><U130/><E130/><V123/><F123/><W33/><G33/><T133/><D37/><U8/><E6/><V127/><F35/><W101/><G86/><T65/><N who="0" m="24626" /><T9/><DORA hai="124" /><D9/><U11/><E11/><V45/><F87/><W62/><G38/><RYUUKYOKU ba="1,0" sc="255,0,103,0,352,0,290,0" /><INIT seed="3,2,0,4,5,23" ten="255,103,352,290" oya="3" hai0="63,108,51,131,68,31,97,36,32,92,122,75,104" hai1="5,70,35,112,94,17,53,25,105,91,49,43,6" hai2="13,101,58,28,69,78,62,116,107,59,56,126,87" hai3="73,3,26,4,102,40,19,99,121,96,95,15,77"/><W130/><G121/><T135/><RYUUKYOKU type="yao9" ba="2,0" sc="255,0,103,0,352,0,290,0" hai0="31,32,36,51,63,68,75,92,97,104,108,122,131,135" /><INIT seed="3,3,0,2,1,64" ten="255,103,352,290" oya="3" hai0="28,69,122,12,41,21,96,53,50,135,85,79,82" hai1="7,94,101,5,23,131,113,32,44,39,77,73,42" hai2="30,68,43,127,48,61,1,117,110,80,4,31,65" hai3="120,114,36,100,111,76,119,87,128,83,9,25,37"/><W55/><G119/><T112/><D122/><U15/><E113/><V74/><F110/><W104/><G114/><T6/><D112/><U89/><E131/><V19/><F127/><W118/><G120/><T40/><D135/><U0/><E32/><V56/><F117/><W91/><G118/><T99/><D69/><U29/><E101/><V46/><F19/><W78/><G128/><T102/><D6/><U103/><E103/><V22/><F22/><W33/><G111/><T8/><D8/><U27/><E15/><V67/><F4/><W47/><G9/><T17/><D28/><U98/><E0/><V86/><F1/><W88/><G100/><T121/><D121/><U92/><E92/><V116/><F74/><W13/><G13/><T129/><D129/><U97/><E97/><V132/><F132/><W35/><G104/><T134/><D99/><U62/><E77/><N who="3" m="29802" /><G91/><T10/><D21/><U3/><E73/><V16/><F116/><W109/><G109/><T49/><D134/><U14/><E14/><V107/><F107/><W84/><G84/><T34/><D34/><N who="3" m="12809" /><G25/><T38/><D38/><U105/><E105/><V11/><F31/><W51/><G36/><T130/><D130/><U75/><E75/><V57/><F30/><W24/><G37/><T54/><D96/><U108/><E108/><V45/><F45/><W93/><G24/><T133/><D133/><U2/><E2/><V70/><F86/><W125/><G125/><T126/><D126/><U72/><E72/><V95/><F80/><W124/><G87/><T123/><D123/><U71/><E3/><RYUUKYOKU ba="3,0" sc="255,-10,103,30,352,-10,290,-10" hai1="5,7,23,27,29,39,42,44,62,71,89,94,98" owari="245,-15.5,133,-36.7,342,44.2,280,8.0" /></mjloggm>