<mjloggm ver="2.3"><GO type="225" lobby="0"/><UN n0="%E3%83%A9%E3%83%BC%E3%83%A1%E3%83%B3%E4%BA%94%E9%83%8E" n1="%E7%B4%94%E6%BD%94%E3%83%94%E3%83%A9%E3%83%8B%E3%82%A2" n2="%E5%91%A8%E6%9D%B1" n3="%E3%83%96%E3%83%83%E3%83%91%E3%82%AA%E3%83%96%E3%83%81%E3%82%AD%E3%83%B3" dan="16,16,16,16" rate="2075.42,2134.46,2140.26,2163.47" sx="M,M,M,M"/><TAIKYOKU oya="0"/><INIT seed="0,0,0,2,1,47" ten="250,250,250,250" oya="0" hai0="104,39,129,6,0,53,96,56,57,62,106,20,3" hai1="124,27,63,32,65,12,109,100,126,73,105,125,134" hai2="44,135,76,130,91,107,61,113,87,23,111,10,79" hai3="55,8,18,93,50,5,83,29,30,81,88,102,48"/><T17/><D39/><U49/><E73/><V68/><F113/><W41/><G18/><T133/><D133/><U43/><E134/><V71/><F135/><W54/><G41/><T7/><D129/><U112/><E109/><V77/><F130/><W123/><G123/><T84/><D0/><U64/><E12/><V128/><F128/><W115/><G115/><T119/><D119/><U46/><E112/><V11/><F107/><W72/><G72/><T60/><D3/><U2/><E2/><V122/><F122/><W118/><G118/><T45/><D45/><U13/><E13/><V97/><F97/><W26/><G102/><T42/><D42/><U98/><REACH who="1" step="1"/><E63/><REACH who="1" ten="250,240,250,250" step="2"/><V38/><F61/><W82/><G5/><T127/><D6/><U89/><E89/><V58/><F91/><W92/><G8/><T103/><D7/><U4/><E4/><V120/><F11/><W14/><G14/><T95/><D127/><U85/><E85/><V31/><F87/><W116/><G116/><T37/><D84/><U101/><E101/><V67/><F10/><W74/><G74/><T80/><D62/><U40/><E40/><N who="2" m="22551" /><F111/><W78/><G88/><T66/><D103/><U34/><E34/><V33/><F33/><W21/><G78/><T110/><D110/><U16/><E16/><V35/><F35/><W131/><G131/><T114/><D17/><U9/><E9/><V99/><F120/><W70/><G30/><AGARI ba="0,1" hai="27,30,32,43,46,49,64,65,98,100,105,124,125,126" machi="30" ten="40,8000,1" yaku="1,1,18,1,52,1,53,1" doraHai="47" doraHaiUra="22" who="1" fromWho="3" sc="250,0,240,90,250,0,250,-80" /><INIT seed="1,0,0,4,5,120" ten="250,330,250,170" oya="1" hai0="133,72,113,129,77,114,98,115,24,105,121,25,30" hai1="62,59,37,8,86,130,75,6,17,108,28,45,2" hai2="80,102,119,57,96,12,9,94,10,5,15,67,51" hai3="46,65,128,50,73,44,7,74,14,40,110,41,132"/><U66/><E130/><V104/><F119/><W23/><G132/><T90/><D121/><U68/><E75/><V99/><F80/><W116/><G128/><T11/><D129/><U61/><E28/><V27/><F27/><W82/><G116/><T97/><D133/><U71/><E17/><V53/><F67/><W33/><G33/><T32/><D24/><U125/><E125/><V101/><REACH who="2" step="1"/><F10/><REACH who="2" ten="250,330,240,170" step="2"/><W123/><G123/><T89/><D11/><U19/><E8/><V34/><F34/><W16/><G65/><T35/><D35/><U84/><E66/><V109/><F109/><W26/><G110/><T3/><D32/><U36/><E108/><V79/><F79/><W127/><G127/><T88/><D25/><U60/><E68/><V42/><F42/><W100/><G82/><T64/><D64/><U4/><E71/><V43/><F43/><W56/><G40/><T22/><D77/><U131/><E131/><V69/><F69/><W63/><G41/><T48/><D114/><U20/><E37/><V81/><F81/><W78/><G26/><T117/><D117/><U1/><E36/><V124/><F124/><W106/><G78/><T92/><D115/><U38/><E38/><V55/><F55/><W83/><G83/><T52/><D52/><U122/><E122/><V47/><F47/><W111/><G46/><T134/><D113/><U87/><E45/><V21/><F21/><W54/><G111/><T76/><D22/><U70/><E70/><V49/><F49/><W18/><G44/><T118/><D76/><U103/><E20/><V107/><F107/><RYUUKYOKU ba="0,1" sc="250,-10,330,-10,240,30,170,-10" hai2="5,9,12,15,51,53,57,94,96,99,101,102,104" /><INIT seed="2,1,1,4,0,18" ten="240,320,270,160" oya="2" hai0="16,3,37,53,71,64,120,59,83,99,52,54,115" hai1="77,23,94,96,21,110,45,36,14,15,9,98,8" hai2="111,107,127,100,117,31,19,41,43,109,133,126,72" hai3="66,32,114,132,81,135,97,62,44,24,60,46,105"/><V121/><F117/><W51/><G114/><T55/><D120/><U86/><E110/><N who="2" m="41995" /><F121/><W70/><G81/><T104/><D115/><U106/><E106/><V68/><F68/><W125/><G125/><N who="2" m="47625" /><F72/><W48/><G105/><T124/><D124/><U76/><E36/><V78/><F78/><N who="1" m="30313" /><E45/><N who="3" m="17514" /><G97/><N who="1" m="37482" /><E86/><V42/><F107/><W39/><G39/><T85/><D37/><U103/><E94/><V116/><F116/><W33/><G62/><T61/><D104/><U73/><E73/><V93/><F93/><W30/><G33/><T130/><D71/><U90/><E90/><V57/><F100/><W56/><G70/><T40/><D130/><U80/><E80/><V11/><F133/><AGARI ba="1,1" hai="24,30,32,48,51,56,60,66,132,133,135" m="17514" machi="133" ten="30,1000,0" yaku="20,1" doraHai="18" who="3" fromWho="2" sc="240,0,320,0,270,-13,160,23" /><INIT seed="3,0,0,2,3,77" ten="240,320,257,183" oya="3" hai0="6,68,32,99,53,89,69,72,15,128,49,9,56" hai1="11,63,112,40,81,12,23,25,135,66,87,67,123" hai2="27,18,45,118,114,8,22,51,78,74,127,132,97" hai3="133,126,95,20,121,125,101,79,0,1,113,90,91"/><W41/><G113/><T115/><D32/><U80/><E123/><V92/><F114/><W30/><G121/><T37/><D115/><U62/><E40/><V13/><F127/><N who="3" m="48651" /><G41/><T60/><D37/><U110/><E110/><V107/><F132/><W14/><G133/><T52/><D72/><U117/><E117/><V44/><F118/><W98/><G79/><T21/><D128/><U29/><E135/><V33/><F107/><N who="3" m="63927" /><G90/><T103/><D89/><N who="1" m="51431" /><E81/><V106/><F106/><W130/><G130/><T100/><D21/><U34/><E34/><V26/><F33/><W108/><G108/><T129/><D129/><U104/><E104/><V54/><F45/><W73/><G73/><T124/><D124/><U93/><E93/><V111/><F111/><W65/><G65/><N who="1" m="24586" /><E112/><V109/><F109/><W48/><G48/><T75/><D75/><U3/><E3/><V94/><F94/><W96/><G30/><T116/><D116/><U38/><E38/><V16/><F74/><W35/><G35/><T46/><D103/><U120/><E120/><V2/><F78/><W39/><G39/><T61/><D61/><U59/><E59/><V4/><REACH who="2" step="1"/><F18/><AGARI ba="0,0" hai="0,1,14,18,20,91,95,96" m="63927,48651" machi="18" ten="30,1500,0" yaku="18,1" doraHai="77" who="3" fromWho="2" sc="240,0,320,0,257,-15,183,15" /><AGARI ba="0,0" hai="11,12,18,23,25,29,62,63" m="24586,51431" machi="18" ten="30,2000,0" yaku="8,1,52,1" doraHai="77" who="1" fromWho="2" sc="240,0,320,20,242,-20,198,0" /><INIT seed="3,1,0,3,3,81" ten="240,340,222,198" oya="3" hai0="94,89,125,124,38,23,75,52,20,99,78,5,133" hai1="46,28,87,16,39,128,24,22,117,56,72,86,26" hai2="93,18,49,0,114,7,44,95,71,92,63,120,10" hai3="116,43,130,119,109,88,103,59,108,110,69,11,37"/><W1/><G69/><T77/><D38/><U62/><E72/><V106/><F120/><W8/><G130/><T42/><D133/><U27/><E128/><V47/><F114/><W115/><G115/><T134/><D134/><U118/><E46/><V31/><F106/><W41/><G103/><T13/><D42/><N who="3" m="15881" /><G37/><T127/><D52/><N who="1" m="34055" /><E39/><V25/><F18/><W3/><G59/><T131/><D131/><U79/><E79/><N who="0" m="30217" /><D75/><U17/><E17/><V132/><F132/><W55/><G55/><T21/><D5/><U4/><E4/><V101/><F101/><W80/><G80/><T67/><D67/><U33/><E26/><V126/><F126/><W9/><G88/><T65/><D65/><U14/><E27/><V66/><REACH who="2" step="1"/><F49/><REACH who="2" ten="240,340,212,198" step="2"/><W100/><G100/><T113/><D113/><U129/><E129/><V82/><F82/><W97/><G97/><T6/><D6/><U105/><E105/><V70/><F70/><W50/><G50/><T91/><D125/><U104/><E104/><V53/><F53/><W121/><G121/><T96/><D127/><U57/><E57/><V102/><F102/><W73/><G73/><T30/><D124/><U76/><E76/><V58/><F58/><W68/><G68/><T61/><D99/><U74/><E74/><V12/><F12/><W32/><G32/><AGARI ba="1,1" hai="0,7,10,25,31,32,44,47,63,66,71,92,93,95" machi="32" ten="40,1300,0" yaku="1,1,53,0" doraHai="81" doraHaiUra="85" who="2" fromWho="3" sc="240,0,340,0,212,26,198,-16" owari="240,4.0,340,44.0,238,-16.2,182,-31.8" /></mjloggm>