<mjloggm ver="2.3"><GO type="225" lobby="0"/><UN n0="%E4%BF%BA%E3%81%A8%E5%A6%96%E5%A4%A2" n1="%E6%98%93%E5%88%A9%E8%96%A9%E4%BC%AF" n2="%E5%91%A8%E6%9D%B1" n3="%E3%81%AF%E3%82%88%E3%81%8A%E3%81%98%E3%81%95%E3%82%93" dan="16,16,16,17" rate="2180.29,2106.47,2184.50,2147.21" sx="F,F,M,M"/><TAIKYOKU oya="0"/><INIT seed="0,0,0,3,0,127" ten="250,250,250,250" oya="0" hai0="111,70,24,117,107,106,44,72,96,7,64,15,12" hai1="124,42,134,30,49,10,67,17,121,135,122,14,33" hai2="46,62,13,39,27,110,112,93,25,75,102,54,128" hai3="73,133,11,114,47,36,74,21,45,5,52,103,40"/><T95/><D117/><U32/><E67/><V59/><F112/><W132/><G114/><T0/><D72/><U56/><E56/><V85/><F75/><W79/><G103/><T91/><D111/><U115/><E49/><V84/><F110/><W83/><G74/><T126/><D126/><U118/><E42/><V125/><F125/><W131/><G21/><T58/><D70/><U105/><E124/><V37/><F37/><W8/><G8/><T51/><D0/><U4/><E115/><V9/><F128/><W29/><G29/><T71/><D24/><N who="2" m="9290" /><F39/><W34/><G34/><N who="1" m="13418" /><E105/><V55/><F102/><W99/><G99/><T129/><D129/><U1/><E30/><V119/><F93/><W28/><G28/><T76/><D76/><U18/><E118/><V60/><F119/><W87/><G87/><T31/><D71/><U57/><E57/><N who="2" m="34871" /><F46/><W41/><G131/><T20/><D31/><U130/><E130/><V88/><F88/><W50/><REACH who="3" step="1"/><G41/><REACH who="3" ten="250,250,250,240" step="2"/><N who="0" m="24975" /><D96/><U104/><E104/><V86/><F86/><W35/><G35/><T80/><D107/><U81/><E10/><V16/><AGARI ba="0,1" hai="9,13,16,55,59,62,84,85" m="34871,9290" machi="16" ten="30,2000,0" yaku="8,1,54,1" doraHai="127" who="2" fromWho="2" sc="250,-10,250,-5,250,30,240,-5" /><INIT seed="1,0,0,1,4,77" ten="240,245,280,235" oya="1" hai0="46,118,2,50,115,52,92,11,63,31,28,87,48" hai1="6,7,90,9,123,51,12,0,1,38,79,75,91" hai2="135,71,103,57,22,49,61,23,67,19,97,20,18" hai3="14,70,104,32,45,62,128,110,88,106,54,68,107"/><U80/><E123/><V4/><F135/><W93/><G32/><T124/><D115/><U127/><E127/><V33/><F33/><W81/><G110/><T55/><D118/><U86/><E38/><V134/><F134/><W41/><G128/><T27/><D124/><U78/><E6/><V39/><F39/><W126/><G126/><T121/><D121/><U131/><E131/><V83/><F4/><W113/><G113/><T133/><D133/><U72/><E51/><V119/><F119/><W29/><G29/><T69/><D11/><U112/><E112/><V36/><F36/><W3/><G3/><T44/><D2/><U114/><E114/><V58/><F71/><W24/><G24/><T47/><D47/><U102/><E102/><V132/><F132/><W101/><G101/><T5/><D5/><U76/><E91/><V129/><F129/><W34/><G34/><T43/><D27/><U117/><REACH who="1" step="1"/><E117/><REACH who="1" ten="240,235,280,235" step="2"/><V13/><F49/><W26/><G88/><N who="0" m="53279" /><D69/><U99/><E99/><V37/><F37/><W94/><G70/><T66/><D66/><U8/><E8/><V64/><F97/><W25/><G68/><T82/><D43/><U74/><AGARI ba="0,1" hai="0,1,7,9,12,72,74,75,76,78,79,80,86,90" machi="74" ten="40,12000,1" yaku="1,1,0,1,52,1,53,2" doraHai="77" doraHaiUra="35" who="1" fromWho="1" sc="240,-40,235,130,280,-40,235,-40" /><INIT seed="1,1,0,1,0,94" ten="200,365,240,195" oya="1" hai0="74,106,126,80,49,90,91,2,129,109,113,15,131" hai1="130,121,84,3,12,102,19,50,4,33,41,96,22" hai2="118,67,17,20,87,83,43,56,97,53,133,37,6" hai3="64,105,32,65,92,55,116,123,100,44,54,30,71"/><U85/><E121/><V112/><F118/><W98/><G123/><T120/><D2/><U81/><E33/><V29/><F133/><W101/><G116/><T107/><D120/><U14/><E130/><N who="0" m="49673" /><D15/><U10/><E3/><V25/><F112/><W40/><G100/><T124/><D49/><U110/><E110/><V93/><F67/><W76/><G76/><N who="0" m="44055" /><D109/><U47/><REACH who="1" step="1"/><E81/><REACH who="1" ten="200,355,240,195" step="2"/><V79/><F83/><W66/><G71/><T34/><D34/><U69/><E69/><V57/><F79/><W103/><G32/><T88/><D113/><U23/><E23/><V114/><F20/><W104/><G104/><AGARI ba="1,1" hai="88,90,91,104,106,107,124,126" m="44055,49673" machi="104" ten="40,8000,1" yaku="19,1,34,2,54,1" doraHai="94" who="0" fromWho="3" sc="200,93,355,0,240,0,195,-83" /><AGARI ba="1,0" hai="4,10,12,14,19,22,41,47,50,84,85,96,102,104" machi="104" ten="30,11600,0" yaku="1,1,7,1,52,1,53,1" doraHai="94" doraHaiUra="36" who="1" fromWho="3" sc="293,0,355,116,240,0,112,-116" owari="293,9.3,471,57.1,240,-16.0,-4,-50.4" /></mjloggm>