<mjloggm ver="2.3"><GO type="225" lobby="0"/><UN n0="%E3%83%A9%E3%83%BC%E3%83%A1%E3%83%B3%E4%BA%94%E9%83%8E" n1="%E4%B8%8B%E6%AE%B5%E3%83%81%E3%82%A7%E3%83%AA%E3%83%BC" n2="%70%68%65%6E%6F%6D%65" n3="%E3%81%95%E3%81%8D%E3%81%9F%E3%81%BE%E6%9E%97%E6%AA%8E" dan="16,16,16,16" rate="2173.54,2144.21,2171.92,2083.16" sx="M,M,M,M"/><TAIKYOKU oya="0"/><INIT seed="0,0,0,3,3,70" ten="250,250,250,250" oya="0" hai0="125,118,47,3,48,57,30,56,74,104,9,100,20" hai1="101,87,51,11,72,2,123,90,121,135,132,45,43" hai2="61,21,7,83,131,40,34,116,92,102,109,79,12" hai3="10,127,108,18,103,134,93,60,58,8,80,67,22"/><T126/><D118/><U114/><E72/><V1/><F116/><W78/><G108/><T77/><D104/><U105/><E114/><V29/><F109/><W62/><G134/><N who="1" m="51242" /><E101/><V31/><F131/><W68/><G127/><N who="0" m="48651" /><D100/><U99/><E99/><V95/><F40/><W6/><G103/><T73/><D30/><U55/><E55/><V115/><F1/><W50/><G50/><T0/><D20/><U129/><E105/><V33/><F115/><W128/><G93/><T81/><D73/><U97/><E97/><V71/><F31/><W94/><G94/><T17/><D17/><U41/><E41/><V112/><F29/><W4/><G128/><T23/><D23/><U107/><E107/><V63/><F21/><W106/><G106/><T32/><D32/><U35/><E35/><V52/><F112/><W86/><G10/><T88/><D88/><U49/><E49/><V111/><F111/><W42/><G42/><N who="0" m="24695" /><D9/><U84/><E129/><V85/><F34/><W44/><G8/><T59/><AGARI ba="0,0" hai="0,3,56,57,59,74,77,81" m="24695,48651" machi="59" ten="30,1500,0" yaku="18,1" doraHai="70" who="0" fromWho="0" sc="250,15,250,-5,250,-5,250,-5" /><INIT seed="0,1,0,4,5,21" ten="265,245,245,245" oya="0" hai0="30,120,127,4,56,110,113,50,19,52,12,73,85" hai1="6,37,42,2,97,114,67,51,34,76,9,115,134" hai2="33,135,133,27,83,132,17,60,23,36,11,96,15" hai3="117,131,112,81,39,90,95,80,0,47,61,5,123"/><T124/><D113/><N who="1" m="43019" /><E134/><V108/><F108/><W82/><G117/><T98/><D120/><U111/><E111/><V16/><F36/><W100/><G112/><T93/><D110/><U65/><E37/><V129/><F129/><W130/><G123/><T8/><D73/><U64/><E34/><V103/><F83/><W7/><G100/><T18/><D30/><U10/><E76/><V92/><F60/><W66/><G0/><T35/><D35/><AGARI ba="1,0" hai="11,15,16,17,23,27,33,35,92,96,103,132,133,135" machi="35" ten="40,5200,0" yaku="20,1,52,1,54,1" doraHai="21" who="2" fromWho="0" sc="265,-55,245,0,245,55,245,0" /><INIT seed="1,0,0,4,5,40" ten="210,245,300,245" oya="1" hai0="63,60,67,26,44,51,52,22,107,122,68,94,65" hai1="104,74,133,58,115,38,91,62,105,43,0,3,12" hai2="45,102,48,120,132,1,66,23,5,36,118,31,97" hai3="114,37,95,55,54,80,25,46,59,32,124,77,109"/><U50/><E115/><V83/><F118/><W34/><G109/><T99/><D122/><U2/><E74/><V47/><F120/><W82/><G114/><T39/><D39/><U70/><E133/><V121/><F121/><W6/><G124/><T15/><D15/><U20/><E91/><V71/><F71/><W18/><G6/><T30/><D107/><U129/><E129/><V101/><F132/><W11/><G34/><T24/><D24/><U10/><E20/><V28/><F66/><N who="0" m="25098" /><D68/><U56/><E70/><V33/><F33/><W116/><G32/><T98/><D98/><U16/><E38/><V119/><F119/><W103/><G116/><T49/><D51/><U8/><E8/><V86/><F36/><W127/><G127/><T61/><D61/><U41/><E41/><V117/><F48/><N who="3" m="28951" /><G37/><T126/><D126/><U4/><E4/><V14/><F1/><W125/><G125/><T17/><D30/><N who="2" m="11306" /><F97/><N who="3" m="59839" /><G77/><T73/><D73/><U29/><E29/><V111/><F111/><W53/><G53/><T79/><D79/><U35/><E35/><V134/><F134/><W81/><G11/><T110/><D110/><U42/><E42/><V88/><F117/><W84/><G25/><T92/><D92/><U69/><E69/><V93/><F93/><W108/><G108/><T89/><AGARI ba="0,0" hai="17,22,26,44,49,52,60,63,89,94,99" m="25098" machi="89" ten="30,4000,0" yaku="8,1,52,1,54,1" doraHai="40" who="0" fromWho="0" sc="210,40,245,-20,300,-10,245,-10" /><INIT seed="2,0,0,0,2,14" ten="250,225,290,235" oya="2" hai0="77,117,8,93,114,133,20,58,16,118,69,68,85" hai1="39,15,41,90,1,105,103,52,60,129,30,67,134" hai2="31,11,53,33,135,55,131,63,75,70,84,43,59" hai3="37,72,28,91,47,116,110,12,119,122,89,125,115"/><V112/><F112/><W36/><G72/><T64/><D114/><U132/><E1/><V124/><F75/><W126/><G28/><T94/><D133/><N who="1" m="51307" /><E129/><V111/><F131/><W6/><G115/><T24/><D8/><U7/><E30/><V106/><F106/><W65/><G65/><T108/><D108/><U99/><E90/><N who="3" m="34314" /><G122/><T3/><D3/><U51/><E41/><V107/><F107/><W29/><G29/><T2/><D2/><U23/><E39/><N who="3" m="14922" /><G47/><T54/><D64/><U27/><E15/><V113/><F70/><W123/><G123/><T120/><D120/><U86/><E86/><V76/><F111/><W87/><G87/><T48/><D69/><U82/><E82/><V80/><F113/><W127/><G110/><T9/><D68/><U46/><E7/><V13/><F135/><W26/><G26/><T81/><D9/><AGARI ba="0,0" hai="6,9,12,116,119,125,126,127" m="14922,34314" machi="9" ten="40,1300,0" yaku="18,1" doraHai="14" who="3" fromWho="0" sc="250,-13,225,0,290,0,235,13" /><INIT seed="3,0,0,2,2,4" ten="237,225,290,248" oya="3" hai0="93,58,11,43,7,17,115,112,122,89,116,35,91" hai1="66,99,62,67,117,82,100,114,52,73,16,56,102" hai2="71,1,128,97,125,9,63,72,98,25,87,44,127" hai3="96,22,104,21,78,129,133,12,45,70,124,46,24"/><W113/><G113/><N who="0" m="43595" /><D116/><U61/><E114/><V77/><F72/><W20/><G70/><T36/><D122/><U13/><E117/><V85/><F128/><W33/><G78/><T31/><D58/><N who="1" m="37207" /><E73/><V41/><F25/><W134/><G129/><T10/><D17/><U68/><E68/><V84/><F77/><W50/><G124/><N who="2" m="47689" /><F9/><N who="0" m="3082" /><D7/><U118/><E118/><V101/><F1/><W27/><G33/><T123/><D123/><U32/><E32/><V92/><F63/><W54/><G12/><T5/><D5/><U39/><E39/><V23/><F23/><W14/><G14/><T48/><D36/><U8/><E67/><V0/><F0/><W15/><G15/><T60/><D60/><U132/><E132/><N who="3" m="50794" /><G46/><N who="0" m="25695" /><D93/><N who="1" m="58479" /><E102/><AGARI ba="0,0" hai="20,21,22,24,27,45,50,54,96,102,104" m="50794" machi="102" ten="30,1500,0" yaku="20,1" doraHai="4" who="3" fromWho="1" sc="237,0,225,-15,290,0,248,15" /><INIT seed="3,1,0,2,4,56" ten="237,210,290,263" oya="3" hai0="45,46,9,12,132,84,124,28,111,74,115,104,72" hai1="130,35,135,116,15,108,80,48,3,65,1,26,97" hai2="52,31,128,126,36,55,94,131,2,21,58,101,88" hai3="105,114,106,17,98,50,54,107,44,5,49,69,19"/><W76/><G114/><T32/><D104/><U59/><E116/><V53/><F126/><W113/><G113/><T66/><D115/><U134/><E130/><N who="2" m="49707" /><F2/><W0/><G76/><T37/><D124/><U10/><E108/><V63/><F36/><W103/><G69/><T67/><D111/><U73/><E97/><N who="2" m="57543" /><F101/><W90/><G90/><T60/><D37/><U4/><E80/><V119/><F119/><W87/><G87/><T16/><D84/><U127/><E127/><V86/><F86/><W30/><G30/><T18/><D74/><U110/><E73/><V109/><F109/><W71/><G71/><T51/><D72/><U93/><E93/><V34/><F34/><W79/><G79/><T43/><D28/><N who="1" m="19863" /><E110/><V122/><F122/><W62/><G0/><T14/><D32/><U82/><E82/><V33/><F33/><W129/><G129/><T40/><D132/><N who="1" m="50731" /><E48/><V100/><F100/><W121/><G50/><T133/><D133/><U118/><E118/><V102/><F102/><W6/><G103/><T22/><D60/><AGARI ba="1,0" hai="1,3,4,10,15,59,60,65" m="50731,19863" machi="60" ten="30,2000,0" yaku="20,1,52,1" doraHai="56" who="1" fromWho="0" sc="237,-23,210,23,290,0,263,0" /><INIT seed="4,0,0,2,4,50" ten="214,233,290,263" oya="0" hai0="31,22,123,107,87,124,81,115,94,134,121,13,73" hai1="132,32,110,55,67,101,106,11,100,12,71,3,52" hai2="1,5,88,122,47,91,36,40,111,113,17,45,130" hai3="102,126,86,19,33,69,85,27,83,133,127,90,29"/><T70/><D70/><U77/><E110/><V68/><F111/><W51/><G69/><T7/><D107/><U72/><E3/><V16/><F122/><W44/><G133/><T56/><D134/><U25/><E132/><V49/><F68/><W10/><G102/><T99/><D115/><U95/><E95/><V61/><F61/><W48/><G86/><T76/><D124/><U128/><E128/><V93/><F130/><W74/><G74/><T8/><D73/><U92/><E92/><V105/><F105/><W82/><G82/><T57/><D123/><U21/><E72/><V66/><F66/><W112/><G112/><T62/><D121/><U38/><E38/><V96/><F91/><W26/><G51/><T65/><D57/><U59/><E77/><V34/><F34/><W80/><G80/><T39/><D39/><U64/><E32/><V119/><F119/><W97/><G97/><T78/><D78/><U104/><E104/><V117/><F117/><W24/><G29/><T35/><D35/><U131/><E131/><V46/><F46/><W109/><G33/><T43/><D43/><U2/><E2/><V89/><F89/><W75/><G75/><T98/><REACH who="0" step="1"/><D94/><REACH who="0" ten="204,233,290,263" step="2"/><U9/><E71/><V118/><F113/><W0/><G127/><T79/><D79/><U125/><E106/><V15/><F118/><W63/><G126/><T6/><D6/><N who="1" m="3127" /><E125/><V135/><F135/><W84/><G44/><T37/><D37/><U23/><E59/><V108/><F108/><W14/><G109/><T60/><D60/><U120/><E120/><V30/><F36/><RYUUKYOKU ba="0,1" sc="204,30,233,-10,290,-10,263,-10" hai0="7,8,13,22,31,56,62,65,76,81,87,98,99" /><INIT seed="4,1,1,4,5,134" ten="234,223,280,253" oya="0" hai0="105,52,103,56,20,14,49,27,126,96,72,29,74" hai1="88,130,114,24,117,61,8,53,131,22,121,65,124" hai2="68,23,66,11,54,6,4,78,120,82,46,10,90" hai3="122,25,57,30,94,33,62,17,73,132,128,127,31"/><T51/><D126/><U129/><E117/><V35/><F35/><W111/><G111/><T48/><REACH who="0" step="1"/><D14/><REACH who="0" ten="224,223,280,253" step="2"/><U5/><E121/><V47/><F120/><W39/><G127/><T0/><D0/><N who="1" m="39" /><E124/><V75/><F6/><W77/><G122/><T2/><D2/><U98/><E114/><V80/><F4/><W43/><G132/><T97/><D97/><U81/><E53/><V112/><F112/><W55/><G55/><T32/><D32/><U67/><E61/><AGARI ba="1,2" hai="20,27,29,48,49,51,52,56,61,72,74,96,103,105" machi="61" ten="40,3900,0" yaku="1,1,54,1,53,0" doraHai="134" doraHaiUra="115" who="0" fromWho="1" sc="224,62,223,-42,280,0,253,0" /><INIT seed="4,2,0,4,3,112" ten="286,181,280,253" oya="0" hai0="82,68,53,45,115,2,20,9,84,118,32,131,47" hai1="91,75,12,61,79,25,83,94,95,121,26,13,33" hai2="85,28,109,74,119,52,3,80,108,14,67,27,5" hai3="29,51,49,37,8,17,123,46,6,19,120,129,62"/><T38/><D118/><U30/><E121/><V106/><F119/><W132/><G37/><T43/><D32/><U71/><E26/><V36/><F106/><W64/><G132/><T96/><D68/><U42/><E42/><V107/><F107/><W86/><G129/><T16/><D131/><U23/><E33/><V126/><F36/><W99/><G29/><T69/><D69/><U81/><E81/><V54/><F3/><W87/><G99/><T39/><D115/><U21/><E21/><V90/><F126/><W22/><G22/><T122/><D122/><N who="3" m="46633" /><G6/><T15/><D96/><U76/><E76/><V125/><F125/><W117/><G117/><T133/><D133/><U44/><E44/><V70/><F74/><W113/><G113/><T58/><D2/><U130/><E130/><V97/><F97/><W105/><G105/><T128/><D128/><U60/><E94/><V101/><F101/><W35/><G35/><T116/><D116/><U134/><E134/><V102/><F102/><W104/><G104/><T89/><D39/><U24/><E24/><V31/><F28/><W111/><G111/><T57/><D20/><U41/><E41/><V10/><F109/><W127/><G127/><T66/><D66/><U7/><E7/><V40/><F40/><W98/><G98/><T92/><D92/><U93/><E93/><V63/><F108/><W65/><G65/><T0/><D0/><U72/><E72/><V11/><F11/><W88/><G64/><T55/><D55/><U103/><E95/><V59/><F70/><W73/><G73/><T100/><D100/><RYUUKYOKU ba="2,0" sc="286,15,181,-15,280,15,253,-15" hai0="9,15,16,38,43,45,47,53,57,58,82,84,89" hai2="5,10,14,27,31,52,54,59,63,67,80,85,90" owari="301,40.1,166,-33.4,295,9.5,238,-16.2" /></mjloggm>