<mjloggm ver="2.3"><GO type="225" lobby="0"/><UN n0="%E3%83%A9%E3%83%BC%E3%83%A1%E3%83%B3%E4%BA%94%E9%83%8E" n1="%E9%BB%99%E8%81%B4%E3%81%AE%E3%81%99%E3%82%9D%E3%82%81" n2="%33%74%72%65%65" n3="%E6%9C%88%E5%B3%B6%E5%9F%BA" dan="16,16,17,16" rate="2140.39,2112.37,2176.23,2129.64" sx="M,M,F,M"/><TAIKYOKU oya="0"/><INIT seed="0,0,0,0,1,25" ten="250,250,250,250" oya="0" hai0="129,52,6,126,48,114,118,42,19,64,76,61,36" hai1="57,89,123,83,41,109,26,45,24,101,12,131,60" hai2="33,132,102,87,92,59,81,65,22,104,125,32,31" hai3="68,127,133,107,21,120,121,5,28,23,112,117,29"/><T97/><D114/><U40/><E123/><V110/><F104/><W46/><G107/><T2/><D118/><U71/><E71/><V30/><F110/><W38/><G68/><T0/><D126/><U91/><E131/><V85/><F125/><W108/><G127/><T47/><D129/><U7/><E109/><V106/><F106/><W44/><G108/><T53/><D76/><U115/><E101/><V3/><F3/><W16/><G5/><T84/><D84/><N who="1" m="50335" /><E91/><V86/><F132/><W94/><G38/><T54/><D19/><U9/><E115/><V55/><F65/><W75/><G16/><T70/><D97/><U95/><E95/><V66/><F66/><W67/><G67/><T43/><REACH who="0" step="1"/><D6/><REACH who="0" ten="240,250,250,250" step="2"/><U98/><E98/><V72/><F86/><W79/><G112/><T18/><D18/><U62/><E62/><V103/><F87/><W73/><G79/><T124/><D124/><U134/><E60/><V4/><F4/><W13/><G117/><T10/><D10/><U99/><E99/><V119/><F85/><W1/><G133/><T15/><D15/><U69/><E12/><V34/><F119/><W93/><REACH who="3" step="1"/><G13/><REACH who="3" ten="240,250,250,240" step="2"/><T105/><D105/><U130/><E7/><V90/><F81/><W50/><G50/><T113/><D113/><U35/><E134/><V135/><F135/><W8/><G8/><T20/><D20/><U37/><E9/><V58/><F22/><W100/><G100/><T96/><D96/><U39/><E39/><V88/><F103/><W128/><G128/><T27/><D27/><U111/><E37/><V63/><F102/><RYUUKYOKU ba="0,2" sc="240,15,250,-15,250,-15,240,15" hai0="0,2,36,42,43,47,48,52,53,54,61,64,70" hai3="1,21,23,28,29,44,46,73,75,93,94,120,121" /><INIT seed="0,1,2,0,5,106" ten="255,235,235,255" oya="0" hai0="1,110,48,12,87,16,94,83,49,3,81,123,113" hai1="37,14,62,55,40,61,7,116,19,29,125,66,65" hai2="50,130,89,38,5,68,86,121,99,72,97,20,54" hai3="57,33,53,118,42,80,120,90,58,75,2,47,41"/><T6/><D113/><U93/><E116/><V131/><F121/><W31/><G118/><T63/><D123/><U13/><E125/><V127/><F127/><W56/><G120/><T104/><D104/><U60/><E29/><V30/><F38/><W128/><G2/><T134/><D134/><U108/><E108/><V28/><F68/><W119/><G119/><T10/><D110/><U64/><E37/><V132/><F5/><W51/><G128/><N who="2" m="49193" /><F72/><W111/><G111/><T92/><D63/><U67/><E40/><V124/><F124/><W115/><G115/><T109/><D109/><U102/><N who="1" m="16384" /><DORA hai="126" /><U8/><E102/><V46/><F132/><W101/><G101/><T73/><D73/><U59/><REACH who="1" step="1"/><E93/><REACH who="1" ten="255,225,235,255" step="2"/><N who="2" m="54455" /><F30/><W85/><REACH who="3" step="1"/><G75/><REACH who="3" ten="255,225,235,245" step="2"/><T88/><D1/><U45/><E45/><V24/><AGARI ba="1,4" hai="20,24,28,46,50,54,97,99" m="54455,49193" machi="24" ten="30,7900,0" yaku="19,1,52,3" doraHai="106,126" who="2" fromWho="2" sc="255,-40,225,-21,235,122,245,-21" /><INIT seed="1,0,0,3,2,58" ten="215,204,357,224" oya="1" hai0="50,33,27,45,9,109,84,79,92,34,69,86,106" hai1="100,61,105,132,48,32,2,43,73,29,101,51,89" hai2="121,131,114,0,20,22,97,62,117,70,103,133,125" hai3="81,110,39,38,63,80,53,91,60,12,30,66,59"/><U119/><E119/><V8/><F117/><W126/><G110/><T94/><D106/><U83/><E2/><V25/><F121/><W108/><G108/><T75/><D109/><U128/><E128/><V95/><F131/><W37/><G126/><T19/><D69/><U24/><E132/><V112/><F133/><W122/><G122/><T118/><D75/><U115/><E115/><N who="2" m="44075" /><F125/><W68/><G30/><T127/><D127/><U21/><E32/><V46/><F46/><W96/><REACH who="3" step="1"/><G12/><REACH who="3" ten="215,204,357,214" step="2"/><N who="0" m="7567" /><D118/><U28/><E29/><V120/><F120/><W93/><AGARI ba="0,1" hai="37,38,39,53,59,60,63,66,68,80,81,91,93,96" machi="93" ten="40,8000,1" yaku="1,1,0,1,52,2,53,0" doraHai="58" doraHaiUra="17" who="3" fromWho="3" sc="215,-20,204,-40,357,-20,214,90" /><INIT seed="2,0,0,1,2,3" ten="195,164,337,304" oya="2" hai0="107,0,55,17,132,97,117,13,98,74,134,32,95" hai1="34,54,122,12,58,80,83,93,79,86,104,108,10" hai2="116,18,128,126,49,68,37,113,41,9,103,90,125" hai3="112,75,66,52,60,33,105,42,16,77,56,44,67"/><V26/><F113/><W69/><G105/><T123/><D123/><U88/><E104/><V62/><F116/><W99/><G33/><T118/><D32/><U35/><E108/><V109/><F103/><W36/><G112/><T73/><D0/><U6/><E83/><V2/><F37/><W110/><G99/><T53/><D107/><U84/><REACH who="1" step="1"/><E122/><REACH who="1" ten="195,154,337,304" step="2"/><V57/><F109/><W28/><G110/><T106/><D106/><U47/><E47/><V89/><F125/><W92/><G92/><T46/><D95/><U59/><E59/><V91/><F57/><W30/><G56/><T72/><D46/><U71/><E71/><V135/><F68/><W82/><G69/><T124/><D124/><U133/><E133/><N who="0" m="51305" /><D118/><U121/><E121/><V39/><F135/><W7/><G44/><T24/><D117/><U51/><AGARI ba="0,1" hai="6,10,12,34,35,51,54,58,79,80,84,86,88,93" machi="51" ten="20,8000,1" yaku="1,1,0,1,7,1,52,1,54,1,53,0" doraHai="3" doraHaiUra="100" who="1" fromWho="1" sc="195,-20,154,90,337,-40,304,-20" /><INIT seed="3,0,0,0,2,109" ten="175,244,297,284" oya="3" hai0="108,105,119,134,122,48,103,102,10,66,20,2,39" hai1="21,87,90,12,132,86,97,29,55,44,118,131,56" hai2="19,52,33,51,17,127,101,96,42,41,7,95,79" hai3="133,76,24,69,60,15,123,22,31,65,61,54,38"/><W98/><G123/><T81/><D119/><U74/><E74/><V64/><F127/><W125/><G125/><T120/><D39/><U114/><E114/><V135/><F135/><W45/><G133/><T73/><D134/><U99/><E131/><V58/><F33/><W57/><G76/><T16/><D108/><U130/><E130/><V14/><F79/><W47/><G38/><T49/><D66/><U30/><E118/><V36/><F36/><W107/><REACH who="3" step="1"/><G15/><REACH who="3" ten="175,244,297,274" step="2"/><T121/><D2/><U62/><E132/><V85/><F64/><W25/><G25/><T59/><D10/><U67/><E12/><V32/><F32/><W106/><G106/><T46/><D105/><U111/><E111/><V83/><F7/><W80/><G80/><T70/><D70/><U3/><E3/><V53/><F14/><W1/><G1/><T84/><D73/><U93/><E67/><V88/><F53/><W9/><G9/><T72/><D72/><U77/><E55/><V71/><F71/><W23/><G23/><T129/><D129/><U110/><E21/><V112/><F112/><W104/><G104/><T37/><D37/><U43/><E77/><V13/><F13/><W8/><G8/><T11/><D11/><U91/><E110/><V35/><F35/><W128/><G128/><T34/><D34/><U124/><E124/><V18/><AGARI ba="0,1" hai="17,18,19,41,42,51,52,58,83,85,88,95,96,101" machi="18" ten="30,7900,0" yaku="0,1,8,1,54,2" doraHai="109" who="2" fromWho="2" sc="175,-20,244,-20,297,89,274,-39" owari="155,-34.5,224,-17.6,386,48.6,235,3.5" /></mjloggm>