<mjloggm ver="2.3"><GO type="225" lobby="0"/><UN n0="%E3%83%B4%E3%82%A3%E3%83%AF%E3%82%B3%E3%82%B0%E3%83%8B" n1="%E4%B8%8B%E6%AE%B5%E3%83%81%E3%82%A7%E3%83%AA%E3%83%BC" n2="%E3%83%96%E3%83%83%E3%83%91%E3%82%AA%E3%83%96%E3%83%81%E3%82%AD%E3%83%B3" n3="%E3%81%A8%E3%82%89%E3%81%84%E3%81%A1" dan="17,16,17,16" rate="2229.83,2121.44,2215.64,2112.23" sx="M,M,M,M"/><TAIKYOKU oya="0"/><INIT seed="0,0,0,1,1,117" ten="250,250,250,250" oya="0" hai0="7,9,23,12,24,134,120,95,109,115,89,127,32" hai1="116,88,84,123,58,61,59,3,2,0,31,103,51" hai2="91,97,132,56,68,30,22,6,81,4,34,35,42" hai3="77,133,130,13,40,29,52,70,79,67,60,27,85"/><T41/><D115/><U5/><E116/><V8/><F68/><W47/><G133/><T125/><D134/><U113/><E113/><V71/><F71/><W45/><G130/><T126/><D109/><U92/><E123/><V15/><F132/><W17/><G85/><T55/><D41/><U54/><E31/><V39/><F39/><W135/><G135/><T124/><N who="0" m="31744" /><DORA hai="90" /><T20/><D120/><U26/><E26/><N who="2" m="16727" /><F56/><W18/><G47/><T110/><D110/><U43/><E103/><V80/><F91/><W102/><G102/><T64/><D64/><U100/><E100/><V131/><F97/><W75/><G75/><T33/><D55/><U108/><E108/><V94/><F94/><W83/><G52/><T36/><D36/><U50/><E43/><V72/><F80/><W62/><G83/><T76/><D76/><U19/><E19/><V48/><F81/><W46/><G18/><N who="0" m="12407" /><D20/><U21/><E21/><V107/><F42/><W57/><G40/><T119/><D119/><U112/><E112/><V10/><F131/><W63/><G77/><T74/><D74/><U99/><E99/><AGARI ba="0,0" hai="7,9,12,32,33,89,95,99" m="12407,31744" machi="99" ten="60,5800,0" yaku="18,1,52,1" doraHai="117,90" who="0" fromWho="1" sc="250,58,250,-58,250,0,250,0" /><INIT seed="0,1,0,0,2,34" ten="308,192,250,250" oya="0" hai0="0,11,69,8,3,129,109,52,113,122,120,88,49" hai1="100,65,106,22,44,28,60,82,55,103,86,7,134" hai2="126,123,48,47,53,12,33,67,9,90,18,37,101" hai3="25,17,13,71,57,112,84,83,97,118,6,131,46"/><T104/><D113/><U40/><E134/><V96/><F123/><W56/><G112/><T10/><D69/><U116/><E116/><V107/><F126/><W91/><G71/><T98/><D129/><U110/><E110/><V68/><F33/><W77/><G118/><T20/><D109/><U76/><E106/><V119/><F119/><W72/><G131/><T66/><D66/><U61/><E55/><V59/><F90/><W127/><G127/><T64/><D64/><U35/><E35/><V73/><F73/><W16/><G46/><T23/><D120/><U21/><E7/><V39/><REACH who="2" step="1"/><F47/><REACH who="2" ten="308,192,240,250" step="2"/><W115/><G115/><T26/><D122/><U95/><E103/><V135/><F135/><W111/><G111/><T92/><D104/><U121/><E121/><V102/><F102/><W38/><G72/><T58/><REACH who="0" step="1"/><D20/><REACH who="0" ten="298,192,240,250" step="2"/><U87/><E22/><V43/><F43/><W54/><G54/><T78/><D78/><U99/><E21/><V42/><F42/><W75/><G77/><T50/><D50/><U32/><E76/><V36/><F36/><W94/><G38/><T74/><D74/><U81/><E32/><V124/><F124/><W24/><G75/><T63/><D63/><AGARI ba="1,2" hai="9,12,18,37,39,48,53,59,63,67,68,96,101,107" machi="63" ten="40,2600,0" yaku="1,1,53,1" doraHai="34" doraHaiUra="14" who="2" fromWho="0" sc="298,-29,192,0,240,49,250,0" /><INIT seed="1,0,0,3,4,111" ten="269,192,289,250" oya="1" hai0="130,68,1,11,32,105,4,86,51,52,15,88,116" hai1="38,59,89,87,8,94,110,36,103,66,16,24,22" hai2="90,113,102,134,46,115,33,97,120,0,107,101,85" hai3="70,133,129,108,31,118,45,78,124,6,17,34,106"/><U109/><E103/><V29/><F120/><W128/><G106/><T76/><D116/><U69/><E69/><V10/><F134/><W135/><G70/><T23/><D130/><N who="3" m="50281" /><G108/><N who="1" m="41578" /><E8/><V132/><F132/><N who="3" m="50763" /><G118/><T131/><D105/><U30/><E30/><V41/><F102/><W28/><G78/><T19/><D131/><U2/><E2/><V56/><F56/><W123/><G123/><T55/><D68/><U3/><E3/><V73/><F73/><W43/><G34/><T100/><D100/><U74/><E74/><V53/><F33/><W57/><G6/><T121/><D121/><U82/><E82/><V67/><F29/><W91/><G17/><T50/><D32/><U27/><E27/><V75/><F75/><W104/><G104/><T81/><D76/><U80/><E80/><V112/><F0/><W13/><G13/><N who="0" m="9711" /><D1/><U5/><E5/><V47/><F10/><W96/><G31/><T42/><D42/><U114/><E114/><V18/><F41/><W65/><G28/><T20/><D20/><U71/><E71/><V122/><F122/><W72/><G72/><T25/><D25/><U93/><E93/><N who="2" m="54479" /><F18/><W64/><G43/><T26/><D26/><U98/><E98/><V48/><F97/><W63/><G96/><T12/><D12/><U40/><E40/><V60/><F107/><W77/><G77/><T35/><D35/><U61/><AGARI ba="0,0" hai="16,22,24,36,38,59,61,66,87,89,94" m="41578" machi="61" ten="30,6000,0" yaku="14,1,10,1,54,1" doraHai="111" who="1" fromWho="1" sc="269,-20,192,60,289,-20,250,-20" /><INIT seed="1,1,0,0,2,4" ten="249,252,269,230" oya="1" hai0="65,30,22,10,26,119,18,67,105,1,37,106,114" hai1="66,57,44,6,85,135,8,34,42,122,116,92,33" hai2="98,40,101,120,58,13,28,81,51,48,80,102,68" hai3="36,21,83,117,124,90,125,109,123,133,23,15,16"/><U95/><E116/><V113/><F120/><W5/><G36/><T24/><D119/><U97/><E122/><V89/><F68/><W63/><G123/><T131/><D114/><U108/><E135/><V76/><F113/><W84/><G117/><T110/><D37/><U75/><E75/><V32/><F32/><W73/><G133/><T56/><D110/><U96/><E108/><V70/><F70/><W31/><G109/><T20/><D131/><U25/><E85/><N who="2" m="48263" /><F28/><W82/><G5/><T79/><D79/><U7/><E7/><V132/><F132/><W103/><G103/><N who="2" m="39433" /><F40/><W41/><G41/><T2/><D56/><U59/><E33/><V94/><F58/><N who="1" m="22025" /><E25/><V35/><F35/><W39/><G39/><T43/><D43/><U134/><E66/><V61/><F61/><W129/><G63/><T17/><D30/><U52/><E42/><V55/><F55/><W3/><G3/><T100/><D100/><U53/><E34/><V19/><F81/><N who="3" m="49423" /><G73/><T11/><AGARI ba="1,0" hai="1,2,10,11,17,18,20,22,24,26,65,67,105,106" machi="11" ten="25,8000,1" yaku="0,1,22,2,52,2" doraHai="4" who="0" fromWho="0" sc="249,83,252,-41,269,-21,230,-21" /><INIT seed="2,0,0,3,1,30" ten="332,211,248,209" oya="2" hai0="40,57,110,102,96,98,100,116,26,22,5,77,127" hai1="64,67,134,11,0,38,125,101,63,62,85,132,106" hai2="7,43,35,76,99,83,109,29,126,34,84,86,68" hai3="65,120,52,18,92,130,122,23,95,72,87,117,81"/><V113/><F113/><W51/><G117/><T50/><D110/><U46/><E125/><V33/><F68/><W36/><G36/><T69/><D69/><N who="1" m="42135" /><E85/><V105/><F126/><W31/><G130/><T115/><D115/><U2/><E101/><V12/><F109/><W27/><G72/><T15/><D77/><U94/><E94/><N who="3" m="35882" /><G122/><T128/><D128/><U59/><E106/><V133/><F133/><N who="1" m="51305" /><E11/><V124/><F124/><W97/><G120/><T42/><D116/><U54/><E2/><V89/><F43/><W129/><G129/><T93/><D26/><U28/><E28/><V73/><F29/><W21/><G65/><T121/><D42/><N who="1" m="22871" /><E0/><V13/><F7/><W32/><G32/><T19/><D121/><U58/><E58/><V48/><F73/><W6/><G97/><T80/><D57/><U25/><E25/><V112/><F112/><W104/><G104/><T14/><D127/><U16/><E16/><V9/><F99/><W41/><G6/><T44/><D5/><U53/><AGARI ba="0,0" hai="53,54,59,63,67" m="22871,51305,42135" machi="53" ten="30,4000,0" yaku="20,1,34,2" doraHai="30" who="1" fromWho="1" sc="332,-10,211,40,248,-20,209,-10" /><INIT seed="3,0,0,3,4,56" ten="322,251,228,199" oya="3" hai0="59,26,84,67,51,97,36,63,44,22,75,16,106" hai1="28,4,87,117,125,86,95,12,74,55,92,6,110" hai2="76,100,23,65,10,126,42,130,24,9,14,101,114" hai3="2,15,128,91,116,58,103,39,1,43,54,13,122"/><W129/><G116/><T73/><D36/><U112/><E74/><V33/><F114/><W132/><G122/><T133/><D133/><U57/><E112/><V70/><F33/><W107/><G132/><T123/><D123/><U21/><E117/><V98/><F126/><W93/><G103/><T17/><D84/><N who="1" m="32299" /><E110/><V47/><F130/><N who="3" m="50283" /><G107/><T99/><D17/><N who="1" m="10407" /><E28/><V25/><F101/><W89/><G43/><T81/><D51/><N who="1" m="30975" /><E125/><V29/><F100/><W68/><G68/><T120/><D97/><U77/><E77/><V60/><F70/><W52/><G39/><T119/><D119/><U108/><E108/><V20/><F42/><W127/><G89/><T121/><D121/><U62/><E62/><V82/><F76/><W85/><G127/><T8/><D120/><U7/><AGARI ba="0,0" hai="4,6,7,92,95" m="30975,10407,32299" machi="7" ten="30,1100,0" yaku="8,1" doraHai="56" who="1" fromWho="1" sc="322,-3,251,11,228,-3,199,-5" owari="319,41.9,262,6.2,225,-17.5,194,-30.6" /></mjloggm>