<mjloggm ver="2.3"><GO type="225" lobby="0"/><UN n0="%70%68%65%6E%6F%6D%65" n1="%E3%81%A4%E3%81%A3%E3%81%B1%E3%82%8A%E3%83%9D%E3%83%BC%E3%83%AB" n2="%E5%A4%8F%E9%88%B4%E9%88%B4%E5%A4%8F" n3="%E5%91%A8%E6%9D%B1" dan="16,17,16,17" rate="2138.47,2130.41,2064.23,2246.83" sx="M,M,F,M"/><TAIKYOKU oya="0"/><INIT seed="0,0,0,3,5,26" ten="250,250,250,250" oya="0" hai0="78,41,114,68,112,98,69,12,33,49,70,61,107" hai1="91,73,7,104,108,82,75,106,32,35,111,22,117" hai2="62,15,44,10,58,72,17,2,120,86,124,109,50" hai3="1,27,31,90,127,118,13,99,119,55,3,76,83"/><T128/><D128/><U5/><E22/><V93/><F120/><W43/><G127/><T63/><D78/><U45/><E45/><V46/><F109/><N who="1" m="42057" /><E91/><V67/><F72/><N who="1" m="27721" /><E82/><V52/><F124/><W25/><G43/><T40/><D33/><N who="1" m="12875" /><E117/><V103/><F2/><W122/><G3/><T56/><D12/><U65/><E65/><V48/><F48/><W132/><G13/><T19/><D49/><U47/><E47/><V102/><F44/><W74/><G1/><T94/><D61/><U6/><AGARI ba="0,0" hai="5,6,7,104,106" m="12875,27721,42057" machi="6" ten="40,5200,0" yaku="28,2,14,1" doraHai="26" who="1" fromWho="1" sc="250,-26,250,52,250,-13,250,-13" /><INIT seed="1,0,0,1,3,121" ten="224,302,237,237" oya="1" hai0="73,83,65,128,111,5,114,42,88,78,41,30,71" hai1="101,129,106,95,64,124,76,51,98,104,84,60,68" hai2="92,40,97,77,74,16,115,50,17,105,63,38,126" hai3="57,103,81,87,117,6,52,10,120,130,14,8,43"/><U66/><E129/><V31/><F126/><W49/><G130/><T134/><D128/><U100/><E124/><V135/><F135/><W102/><G120/><T99/><D114/><U116/><E116/><V23/><F115/><W70/><G70/><T107/><D5/><U54/><E66/><V69/><F105/><W133/><G133/><T67/><D134/><U82/><REACH who="1" step="1"/><E101/><REACH who="1" ten="224,292,237,237" step="2"/><V28/><F69/><W45/><G117/><T22/><D67/><U19/><E19/><V9/><F16/><W24/><G24/><T123/><D65/><U132/><E132/><V91/><F17/><W4/><G4/><T72/><D71/><U2/><E2/><V32/><F28/><W18/><G18/><T86/><D123/><U127/><E127/><V96/><F31/><W48/><REACH who="3" step="1"/><G10/><REACH who="3" ten="224,292,237,227" step="2"/><T11/><D11/><U58/><AGARI ba="0,2" hai="51,54,58,60,64,68,76,82,84,95,98,100,104,106" machi="58" ten="20,3900,0" yaku="1,1,0,1,7,1,53,0" doraHai="121" doraHaiUra="20" who="1" fromWho="1" sc="224,-13,292,59,237,-13,227,-13" /><INIT seed="1,1,0,4,1,21" ten="211,351,224,214" oya="1" hai0="90,96,101,91,25,126,108,82,39,124,38,76,111" hai1="80,29,60,117,61,1,72,41,106,131,5,73,14" hai2="133,50,95,122,88,3,71,132,52,19,34,51,68" hai3="75,9,70,135,63,46,65,13,119,54,2,32,44"/><U22/><E117/><V102/><F122/><W94/><G119/><T129/><D39/><U28/><E106/><V17/><F3/><W109/><G75/><N who="0" m="43295" /><D38/><U112/><E112/><V98/><F34/><W58/><G109/><N who="0" m="42059" /><D25/><U40/><E1/><V114/><F50/><W20/><G135/><N who="2" m="51785" /><F114/><W33/><G2/><T79/><D79/><U43/><E131/><V18/><F102/><W49/><G32/><T123/><D123/><U83/><E73/><V130/><F130/><W77/><G77/><T87/><D129/><U27/><E72/><V30/><F30/><W0/><G33/><T78/><D78/><U8/><E29/><V120/><F120/><W6/><G94/><N who="0" m="54623" /><D91/><U53/><E80/><V37/><F37/><W12/><G20/><T55/><D55/><U26/><E83/><V48/><F48/><W16/><G0/><T86/><D86/><U128/><E128/><V93/><F93/><AGARI ba="1,0" hai="93,96,101,124,126" m="54623,42059,43295" machi="93" ten="30,3900,0" yaku="14,1,34,2" doraHai="21" who="0" fromWho="2" sc="211,42,351,0,224,-42,214,0" /><INIT seed="2,0,0,1,0,130" ten="253,351,182,214" oya="2" hai0="35,20,36,40,52,48,101,58,125,44,32,84,39" hai1="92,0,13,19,113,135,14,80,65,33,72,77,28" hai2="119,57,122,132,102,6,70,8,123,15,124,96,68" hai3="128,22,116,95,85,56,112,90,79,34,45,23,89"/><V7/><F119/><W41/><G128/><T120/><D120/><U100/><E113/><V110/><F110/><W76/><G34/><T75/><D75/><U98/><E0/><V27/><F124/><W83/><G116/><T126/><D101/><U49/><E65/><V63/><F6/><W106/><G106/><T104/><D104/><U16/><E28/><V4/><F7/><W99/><G112/><T134/><D134/><U24/><E135/><V42/><F42/><W9/><G9/><T26/><D39/><U97/><E33/><V88/><F132/><W66/><G56/><T38/><D36/><U69/><E69/><V25/><F123/><W114/><G66/><T115/><D115/><U103/><E49/><V91/><F122/><W43/><G114/><T105/><D105/><U17/><E24/><V1/><F70/><W93/><G79/><T29/><REACH who="0" step="1"/><D84/><REACH who="0" ten="243,351,182,214" step="2"/><U50/><E103/><V5/><F102/><W54/><G43/><T37/><D37/><U133/><E133/><V55/><F96/><W59/><G41/><T73/><D73/><U12/><E98/><V21/><F1/><W94/><G99/><T51/><D51/><U129/><E50/><V111/><F111/><W2/><G2/><T61/><D61/><U67/><E129/><V82/><F68/><W46/><G45/><T107/><D107/><U62/><E62/><V118/><F118/><W74/><G46/><T109/><D109/><U81/><E100/><V18/><F82/><W30/><G74/><T117/><D117/><U11/><E81/><V71/><F71/><W10/><G83/><RYUUKYOKU ba="0,1" sc="243,30,351,-10,182,-10,214,-10" hai0="20,26,29,32,35,38,40,44,48,52,58,125,126" /><INIT seed="3,1,1,0,4,105" ten="273,341,172,204" oya="3" hai0="70,125,88,55,67,120,73,85,35,109,59,99,28" hai1="49,12,18,8,119,11,128,17,22,133,1,112,103" hai2="82,111,21,108,131,129,100,78,102,14,66,77,37" hai3="39,94,10,91,83,46,34,79,0,38,93,80,5"/><W24/><G34/><T32/><D120/><U20/><E112/><V43/><F66/><W115/><G24/><T26/><D109/><N who="2" m="42058" /><F43/><N who="3" m="22903" /><G39/><T27/><D125/><U51/><E133/><V122/><F37/><W42/><G42/><T68/><D67/><U132/><E132/><V48/><F48/><W25/><G25/><T98/><D73/><U134/><E134/><V13/><F21/><W50/><G50/><T23/><D68/><U36/><E103/><N who="2" m="39467" /><F122/><W116/><G115/><T76/><D70/><U124/><E36/><V3/><F3/><W58/><G58/><T107/><D32/><U97/><E1/><V121/><F121/><W84/><G116/><T19/><D55/><U53/><E53/><V16/><F13/><W89/><G89/><T47/><D47/><U15/><E12/><V135/><F135/><W52/><G52/><T4/><D59/><U7/><E15/><V95/><F95/><W110/><G110/><T123/><D123/><U45/><E45/><V104/><F104/><W63/><G63/><T126/><D107/><U2/><E51/><V74/><F78/><W41/><G41/><T75/><D76/><U64/><E49/><V30/><F30/><W31/><G31/><T9/><D27/><U65/><E65/><V101/><N who="2" m="39475" /><V114/><DORA hai="72" /><F114/><W33/><G33/><T44/><D44/><U106/><E64/><V130/><F130/><W87/><G94/><N who="0" m="54543" /><D35/><U57/><E128/><V62/><F62/><W71/><G93/><T86/><D28/><U113/><E113/><V29/><F29/><W60/><G60/><T56/><D26/><RYUUKYOKU ba="1,1" sc="273,-15,341,-15,172,15,204,15" hai2="14,16,74,77,82,129,131" hai3="0,5,10,71,79,80,83,84,87,91" /><INIT seed="3,2,1,1,0,37" ten="258,326,187,219" oya="3" hai0="46,76,116,4,24,119,124,120,19,14,111,26,50" hai1="10,96,41,107,127,45,55,43,92,30,67,64,13" hai2="32,48,72,34,56,81,128,16,134,93,79,112,23" hai3="109,68,8,42,75,86,52,60,44,25,63,69,113"/><W47/><G75/><T80/><D120/><U39/><E107/><V89/><F112/><W82/><G113/><T6/><D111/><U94/><E127/><V110/><F110/><W59/><G109/><T40/><D124/><U125/><E125/><V122/><F122/><W101/><G101/><T74/><D24/><U27/><E55/><V88/><F89/><W17/><G63/><T117/><REACH who="0" step="1"/><D26/><REACH who="0" ten="248,326,187,219" step="2"/><U91/><E27/><V58/><F128/><W11/><G25/><T49/><D49/><U20/><E39/><V114/><F134/><W66/><G69/><T54/><D54/><U83/><E30/><V3/><F114/><W104/><G68/><T129/><D129/><U29/><E29/><V62/><F48/><W130/><G130/><T36/><D36/><U103/><E64/><V135/><F135/><W118/><G66/><T102/><D102/><U31/><E67/><V100/><F100/><W133/><G133/><T90/><D90/><U97/><E31/><V105/><F105/><W70/><G104/><T77/><D77/><U78/><E78/><V28/><F28/><W121/><G70/><T53/><D53/><U106/><E91/><V85/><F3/><W57/><G52/><T73/><D73/><U12/><E103/><V0/><F0/><W99/><G121/><T9/><AGARI ba="2,2" hai="4,6,9,14,19,40,46,50,74,76,80,116,117,119" machi="9" ten="30,4000,0" yaku="1,1,0,1,52,1,53,0" doraHai="37" doraHaiUra="65" who="0" fromWho="0" sc="248,66,326,-12,187,-12,219,-22" owari="314,41.4,314,11.4,175,-32.5,197,-20.3" /></mjloggm>