<mjloggm ver="2.3"><GO type="225" lobby="0"/><UN n0="%E5%8D%A0%E3%81%84%E5%B8%AB%E8%A3%8F%E3%81%AA%E3%81%84%E3%81%97" n1="%E6%9D%B1%E9%A2%A8%E3%81%AE%E3%81%8D%E3%82%83%E3%81%B7%E3%81%95%E3%82%93" n2="%E5%B8%86%E7%AB%8B%E5%A4%8F%E8%A1%A3" n3="%77%72%77%72%77%72%77%72" dan="17,16,17,16" rate="2260.96,2150.82,2262.46,2100.62" sx="M,M,M,M"/><TAIKYOKU oya="0"/><INIT seed="0,0,0,1,2,78" ten="250,250,250,250" oya="0" hai0="115,59,35,1,82,6,72,60,26,118,33,64,56" hai1="123,27,67,96,130,51,40,14,42,73,63,48,21" hai2="18,94,79,97,75,134,88,65,55,4,25,106,124" hai3="3,57,39,44,86,50,99,0,80,46,109,101,119"/><T135/><D115/><U66/><E73/><V113/><F113/><W45/><G119/><T7/><D118/><U5/><E123/><V83/><F134/><W11/><G39/><T31/><D135/><U131/><E96/><V125/><F4/><W54/><G109/><T121/><D121/><U100/><E100/><V117/><F117/><W8/><G0/><T111/><D111/><U132/><E132/><V12/><F65/><N who="1" m="24585" /><E14/><V16/><F106/><W90/><REACH who="3" step="1"/><G3/><REACH who="3" ten="250,250,250,240" step="2"/><T85/><D1/><U10/><E10/><V105/><F105/><AGARI ba="0,1" hai="8,11,44,45,46,50,54,57,80,86,90,99,101,105" machi="105" ten="40,5200,0" yaku="1,1,2,1,52,1,53,0" doraHai="78" doraHaiUra="107" who="3" fromWho="2" sc="250,0,250,0,250,-52,240,62" /><INIT seed="1,0,0,0,5,16" ten="250,250,198,302" oya="1" hai0="123,66,38,119,86,88,2,69,62,106,44,43,46" hai1="0,120,24,31,39,73,54,95,53,127,121,65,14" hai2="41,81,13,29,3,70,11,134,9,28,79,132,10" hai3="15,75,105,101,58,68,37,57,51,55,25,129,27"/><U72/><E0/><V80/><F70/><W64/><G68/><T33/><D119/><U111/><E39/><V92/><F3/><W56/><G37/><T103/><D2/><U99/><E14/><V12/><F41/><W52/><G75/><T98/><D123/><U5/><E5/><V59/><F59/><W36/><G36/><T124/><D124/><U125/><E65/><V47/><F92/><W19/><G129/><T20/><D33/><U91/><E53/><V30/><F79/><W49/><G101/><T42/><D42/><U85/><E54/><V117/><F47/><W109/><G109/><T126/><D126/><N who="1" m="48139" /><E111/><V116/><F81/><W110/><G105/><T22/><D44/><U94/><E24/><N who="3" m="9290" /><G110/><T32/><D32/><U48/><E48/><N who="3" m="18506" /><G64/><T74/><D74/><N who="1" m="28779" /><E31/><V122/><F80/><AGARI ba="0,0" hai="20,22,38,43,46,62,66,69,80,86,88,98,103,106" machi="80" ten="30,7700,0" yaku="7,1,52,2,54,1" doraHai="16" who="0" fromWho="2" sc="250,77,250,0,198,-77,302,0" /><INIT seed="2,0,0,5,1,119" ten="327,250,121,302" oya="2" hai0="92,101,36,104,77,85,99,78,110,93,106,58,130" hai1="21,91,30,37,97,132,111,22,29,53,38,108,14" hai2="129,13,23,116,117,83,76,64,52,123,125,124,32" hai3="131,33,17,31,74,12,47,11,24,122,56,95,87"/><V126/><F32/><W43/><G74/><T26/><D26/><U75/><E75/><V25/><F13/><W103/><G131/><T0/><D58/><U128/><E128/><V71/><F129/><W133/><G133/><T109/><D36/><U90/><E14/><V45/><F64/><W5/><G122/><T7/><D7/><U94/><E53/><V59/><F45/><W48/><G56/><T84/><D0/><U49/><E49/><V72/><F71/><W44/><G44/><T112/><D130/><U115/><E94/><N who="0" m="36457" /><D104/><U79/><E97/><V39/><F39/><W40/><G40/><T67/><D67/><U63/><E63/><V82/><F82/><W88/><REACH who="3" step="1"/><G103/><REACH who="3" ten="327,250,121,292" step="2"/><T120/><D120/><U42/><E42/><V34/><F123/><W4/><AGARI ba="0,1" hai="4,5,11,12,17,24,31,33,43,47,48,87,88,95" machi="4" ten="30,7900,0" yaku="1,1,2,1,0,1,54,1,53,0" doraHai="119" doraHaiUra="61" who="3" fromWho="3" sc="327,-20,250,-20,121,-39,292,89" /><INIT seed="3,0,0,4,5,75" ten="307,230,82,381" oya="3" hai0="116,4,111,12,117,135,77,121,10,49,7,126,109" hai1="106,130,59,128,61,24,0,1,107,118,103,83,27" hai2="3,98,94,21,5,133,62,45,132,65,90,131,48" hai3="53,110,41,14,89,33,68,50,28,127,19,105,84"/><W125/><G68/><T93/><D49/><U102/><E83/><V66/><F131/><W32/><G105/><T56/><D56/><U38/><E38/><V81/><F133/><W9/><G41/><T15/><D93/><U88/><E59/><V97/><F132/><W129/><G129/><T69/><D69/><U35/><E61/><V30/><F3/><W51/><G51/><T57/><D57/><U87/><E87/><V78/><F5/><W13/><G13/><T31/><D77/><U39/><E39/><V115/><F115/><W76/><G76/><T80/><D80/><U42/><E42/><V96/><F62/><W23/><G110/><N who="0" m="41995" /><D135/><U113/><E35/><V122/><F122/><W17/><G50/><T70/><D70/><U134/><E134/><V58/><F58/><W100/><G53/><T91/><D91/><U6/><E6/><V74/><F66/><W40/><G40/><T47/><D47/><U85/><E113/><V29/><F65/><W101/><G89/><T22/><D121/><U72/><E72/><V119/><F119/><N who="0" m="45642" /><D126/><U18/><E118/><V34/><F34/><W82/><G125/><T73/><D73/><U60/><E60/><V25/><REACH who="2" step="1"/><F30/><REACH who="2" ten="307,230,72,381" step="2"/><W16/><G127/><T67/><D67/><U79/><E0/><V26/><F26/><W120/><G120/><T99/><D4/><U123/><E1/><V112/><F112/><W114/><G114/><T20/><D31/><U86/><E123/><V104/><F104/><W54/><G28/><T64/><D7/><U63/><E128/><V71/><F71/><W36/><G32/><RYUUKYOKU ba="0,1" sc="307,-10,230,-10,72,30,381,-10" hai2="21,25,29,45,48,74,78,81,90,94,96,97,98" owari="297,9.7,220,-18.0,102,-39.8,381,48.1" /></mjloggm>