<mjloggm ver="2.3"><GO type="225" lobby="0"/><UN n0="%E6%A1%9C%E8%8A%B1%E9%96%83%E3%80%85" n1="%E7%99%BD%E5%80%89%E5%AF%9B%E4%B9%8B" n2="%E3%83%96%E3%83%83%E3%83%91%E3%82%AA%E3%83%96%E3%83%81%E3%82%AD%E3%83%B3" n3="%E5%91%A8%E6%9D%B1" dan="16,16,16,17" rate="2091.68,2140.90,2148.87,2160.18" sx="M,M,M,M"/><TAIKYOKU oya="0"/><INIT seed="0,0,0,1,5,43" ten="250,250,250,250" oya="0" hai0="97,23,45,34,20,80,67,56,65,117,13,40,63" hai1="39,77,24,60,54,31,50,36,16,89,112,130,32" hai2="76,33,73,11,51,111,47,46,122,61,66,133,91" hai3="100,101,106,55,15,118,94,7,68,127,108,114,70"/><T120/><D117/><U123/><E123/><V88/><F122/><W12/><G118/><T81/><D120/><U99/><E130/><V92/><F33/><W53/><G114/><T82/><D34/><U86/><E112/><V9/><F111/><W19/><G108/><T6/><D67/><U4/><E77/><V95/><F133/><W83/><G106/><T41/><D41/><U104/><E4/><V58/><F76/><W2/><G2/><T75/><D75/><U14/><E60/><V85/><F73/><W116/><G116/><T25/><D97/><U30/><E30/><V71/><F71/><W28/><G127/><T113/><D113/><U121/><E121/><V1/><F1/><W129/><G129/><T126/><D126/><U18/><E99/><N who="2" m="57735" /><F51/><W0/><G0/><T49/><REACH who="0" step="1"/><D25/><REACH who="0" ten="240,250,250,250" step="2"/><U59/><E104/><V69/><F69/><W8/><G70/><T105/><D105/><U78/><E78/><V10/><AGARI ba="0,1" hai="9,10,11,46,47,58,61,66,85,91,95" m="57735" machi="10" ten="30,7900,0" yaku="8,1,52,2,54,1" doraHai="43" who="2" fromWho="2" sc="240,-39,250,-20,250,89,250,-20" /><INIT seed="1,0,0,1,2,12" ten="201,230,339,230" oya="1" hai0="38,37,31,16,74,65,26,57,75,115,28,76,25" hai1="99,73,89,58,105,118,36,102,32,44,110,14,7" hai2="121,127,131,80,122,23,119,130,107,100,3,24,35" hai3="124,8,85,88,61,104,106,126,66,68,56,96,108"/><U33/><E73/><V77/><F119/><W11/><G108/><T17/><D115/><U86/><E118/><V114/><F3/><W19/><G68/><T128/><D57/><U95/><E110/><V133/><F35/><W5/><G96/><T1/><D1/><U101/><E101/><V63/><F63/><W134/><G134/><T112/><D112/><U27/><E58/><V18/><F114/><W0/><G11/><T43/><D43/><U39/><E44/><V116/><F116/><W84/><G84/><T34/><D128/><N who="2" m="49194" /><F127/><N who="3" m="48683" /><G19/><T9/><D9/><U60/><E60/><V64/><F64/><W50/><G50/><T93/><D93/><AGARI ba="0,0" hai="0,5,8,56,61,66,85,88,93,104,106" m="48683" machi="93" ten="30,2000,0" yaku="18,1,54,1" doraHai="12" who="3" fromWho="0" sc="201,-20,230,0,339,0,230,20" /><INIT seed="2,0,0,0,5,124" ten="181,230,339,250" oya="2" hai0="34,97,31,88,23,25,21,107,73,103,24,90,14" hai1="67,128,134,101,99,22,70,10,98,49,59,96,26" hai2="7,123,100,129,65,81,108,111,19,39,1,127,20" hai3="45,126,95,104,42,119,85,40,50,91,78,113,106"/><V77/><F123/><W53/><G126/><T6/><D73/><U133/><E70/><V43/><F127/><W44/><G119/><T2/><D2/><U132/><E10/><N who="2" m="2415" /><F100/><W93/><G113/><T58/><D34/><U115/><E115/><V75/><F65/><W15/><G78/><T30/><REACH who="0" step="1"/><D58/><REACH who="0" ten="171,230,339,250" step="2"/><U122/><E122/><V48/><F75/><W86/><G45/><T27/><D27/><U4/><E134/><V72/><F72/><W11/><G106/><T41/><D41/><U74/><E74/><V64/><F43/><W47/><G104/><T9/><AGARI ba="0,1" hai="6,9,14,21,23,24,25,30,31,88,90,97,103,107" machi="9" ten="30,8000,1" yaku="1,1,0,1,9,1,54,1,53,1" doraHai="124" doraHaiUra="5" who="0" fromWho="0" sc="171,90,230,-20,339,-40,250,-20" /><INIT seed="3,0,0,1,3,70" ten="261,210,299,230" oya="3" hai0="1,91,67,126,89,123,78,48,61,33,0,52,79" hai1="82,119,121,25,98,128,8,57,103,13,39,63,19" hai2="23,40,113,15,87,51,100,124,92,50,18,96,4" hai3="53,42,37,2,69,6,31,34,20,7,64,62,88"/><W85/><G2/><T97/><D33/><U32/><E121/><V5/><F124/><W56/><G34/><T75/><D123/><U116/><E128/><V111/><F111/><W130/><G130/><T102/><D126/><U129/><E129/><V109/><F109/><W86/><G86/><T38/><D38/><U84/><E39/><V26/><F113/><W22/><G22/><T81/><D79/><U117/><E32/><V110/><F110/><W41/><G20/><T127/><D127/><U135/><E25/><V14/><F87/><W44/><G42/><T99/><D99/><U93/><E135/><V108/><F51/><N who="3" m="30783" /><G31/><T106/><D0/><U29/><E29/><N who="2" m="17631" /><F108/><W132/><G132/><T112/><D1/><U83/><REACH who="1" step="1"/><E84/><REACH who="1" ten="261,200,299,230" step="2"/><V72/><F72/><W60/><G60/><T28/><D112/><U10/><E10/><N who="2" m="6519" /><F14/><W65/><G65/><AGARI ba="0,1" hai="8,13,19,57,63,65,82,83,93,98,103,116,117,119" machi="65" ten="40,8000,1" yaku="1,1,12,1,53,2" doraHai="70" doraHaiUra="76" who="1" fromWho="3" sc="261,0,200,90,299,0,230,-80" /><INIT seed="4,0,0,2,0,40" ten="261,290,299,150" oya="0" hai0="82,129,70,25,77,10,93,43,11,69,114,134,7" hai1="30,104,14,74,76,55,39,44,89,90,121,52,65" hai2="31,62,41,109,85,68,110,131,132,5,94,33,32" hai3="29,75,97,86,71,27,37,72,61,34,48,9,100"/><T78/><D114/><U22/><E104/><V115/><F115/><W23/><G37/><T58/><D129/><U24/><E121/><V95/><F131/><W1/><G86/><N who="0" m="48463" /><D70/><U46/><E74/><V124/><F41/><W98/><G98/><T6/><D69/><U84/><E39/><V127/><F5/><N who="0" m="1546" /><D134/><U45/><E65/><N who="2" m="41015" /><F132/><W56/><G1/><T17/><D78/><U130/><E130/><V0/><F0/><W54/><G9/><T4/><N who="0" m="1554" /><T51/><DORA hai="113" /><D93/><N who="2" m="35338" /><F85/><W120/><G120/><T63/><D25/><U28/><E28/><V126/><F31/><W59/><G71/><T8/><D43/><U64/><E64/><V80/><F80/><W101/><G34/><AGARI ba="0,0" hai="32,33,34,109,110,124,126,127" m="35338,41015" machi="34" ten="40,1300,0" yaku="18,1" doraHai="40,113" who="2" fromWho="3" sc="261,0,290,0,299,13,150,-13" owari="261,-13.9,290,9.0,312,41.2,137,-36.3" /></mjloggm>