<mjloggm ver="2.3"><GO type="225" lobby="0"/><UN n0="%E3%81%8A%E3%81%AB%E3%82%83%E3%81%8A%E3%81%A1%E3%82%83" n1="%E3%81%A4%E3%81%A3%E3%81%B1%E3%82%8A%E3%83%9D%E3%83%BC%E3%83%AB" n2="%E6%81%AC%E6%B7%A1%E5%AF%82%E5%AF%9E" n3="%E3%81%95%E3%81%8D%E3%81%9F%E3%81%BE%E6%9E%97%E6%AA%8E" dan="16,17,16,16" rate="2091.02,2219.41,2126.80,2091.58" sx="M,M,F,M"/><TAIKYOKU oya="0"/><INIT seed="0,0,0,4,3,58" ten="250,250,250,250" oya="0" hai0="110,95,75,20,127,74,30,21,67,112,36,108,83" hai1="123,125,77,19,102,7,81,26,38,49,94,99,61" hai2="119,68,134,41,62,54,39,34,73,15,89,70,97" hai3="59,64,72,106,107,1,101,48,86,98,79,12,25"/><T8/><D112/><U111/><E123/><V24/><F73/><N who="0" m="27658" /><D83/><U35/><E38/><V117/><F134/><W100/><G72/><T124/><D95/><U56/><E111/><N who="0" m="42537" /><D36/><U18/><E125/><N who="0" m="48201" /><D30/><U28/><E7/><V120/><F39/><W85/><G79/><T113/><D113/><U128/><E128/><V22/><F120/><W135/><G135/><T126/><N who="0" m="48209" /><T116/><DORA hai="53" /><D116/><U52/><E49/><V131/><F131/><W69/><G48/><T46/><D46/><U55/><E55/><V29/><F54/><W10/><G107/><T92/><D67/><U66/><E66/><V17/><F119/><W118/><G64/><T105/><D105/><U6/><E6/><V122/><F122/><W115/><G106/><T32/><D32/><U42/><E42/><V33/><F41/><W104/><G104/><T11/><D92/><U90/><E102/><V57/><F34/><W71/><G101/><T91/><D91/><U132/><E132/><V43/><F43/><W63/><G100/><T80/><D80/><U9/><E77/><V87/><F117/><W60/><G118/><T109/><N who="0" m="42545" /><T31/><DORA hai="129" /><D31/><U133/><E81/><V130/><F130/><W45/><G45/><T13/><D11/><U47/><E133/><V84/><F33/><W40/><G10/><T96/><D96/><U78/><E78/><V51/><F97/><W121/><G98/><T103/><D103/><U5/><E47/><V44/><F44/><W4/><G115/><T114/><D114/><U82/><E82/><V23/><F89/><W50/><G40/><RYUUKYOKU ba="0,0" sc="250,15,250,15,250,-15,250,-15" hai0="8,13,20,21" hai1="5,9,18,19,26,28,35,52,56,61,90,94,99" /><INIT seed="0,1,0,0,2,71" ten="265,265,235,235" oya="0" hai0="58,127,72,87,39,32,8,69,7,115,114,28,5" hai1="116,66,52,105,6,67,108,41,64,26,65,18,53" hai2="78,92,76,25,103,111,23,35,43,51,47,118,133" hai3="3,96,101,44,90,77,119,81,17,15,27,42,2"/><T98/><D72/><U135/><E116/><V55/><F35/><W130/><G130/><T40/><D69/><U93/><E105/><V121/><F121/><W102/><G119/><T48/><D127/><U132/><E108/><V83/><F111/><W68/><G68/><T13/><D7/><U70/><E6/><V107/><F107/><W74/><G27/><T36/><D98/><U94/><E41/><V91/><F133/><N who="1" m="51273" /><E70/><V99/><F118/><W79/><G79/><T12/><D12/><U16/><N who="1" m="16384" /><DORA hai="19" /><U125/><E125/><V56/><F103/><W85/><G102/><T89/><D28/><U134/><N who="1" m="51281" /><U14/><DORA hai="63" /><E26/><V0/><F0/><W37/><G101/><T100/><D100/><U1/><E16/><N who="2" m="12519" /><F83/><W10/><REACH who="3" step="1"/><G96/><REACH who="3" ten="265,265,235,225" step="2"/><T61/><D32/><U88/><E1/><V9/><F78/><W122/><G122/><T49/><D115/><U120/><E120/><V4/><F76/><W109/><G109/><T62/><D114/><U95/><E88/><V82/><F91/><W54/><G54/><T124/><D124/><U30/><E30/><V24/><F55/><W126/><G126/><T21/><D89/><U86/><E86/><V97/><F97/><W46/><G46/><T75/><D87/><U73/><E73/><V113/><F47/><W33/><G33/><T112/><D75/><U20/><AGARI ba="1,1" hai="14,18,20,52,53,93,94,95" m="16384,51281" machi="20" ten="60,12000,2" yaku="20,1,52,5,54,1" doraHai="71,19,63" who="1" fromWho="1" sc="265,-61,265,133,235,-31,225,-31" /><INIT seed="1,0,0,4,5,135" ten="204,398,204,194" oya="1" hai0="13,73,47,128,69,134,33,116,59,31,87,95,102" hai1="92,75,42,82,16,30,91,84,7,65,8,14,108" hai2="63,54,79,15,101,36,120,105,81,126,51,20,129" hai3="34,61,88,11,35,52,1,56,23,78,74,100,6"/><U28/><E108/><V123/><F36/><W111/><G111/><T125/><D116/><U99/><E75/><V27/><F129/><W72/><G100/><T32/><D134/><U80/><E65/><V60/><F15/><W19/><G35/><T9/><D128/><U45/><E7/><V44/><F101/><W130/><G130/><T43/><D69/><U113/><E113/><V112/><F105/><W115/><G115/><T98/><D73/><U117/><E82/><V0/><F0/><W114/><G114/><T103/><D103/><U93/><E93/><V5/><F5/><W4/><G4/><T76/><D31/><U41/><E117/><V21/><F112/><W10/><G10/><T106/><D59/><U97/><E97/><V107/><F20/><W70/><G70/><T127/><D76/><U118/><E118/><V17/><F107/><W89/><G34/><T122/><D87/><U96/><E96/><V67/><F67/><W58/><G58/><T94/><D33/><U132/><E132/><V131/><F131/><W64/><G64/><T22/><D22/><U3/><E3/><V2/><F2/><W83/><REACH who="3" step="1"/><G74/><REACH who="3" ten="204,398,204,184" step="2"/><T25/><D122/><U77/><E45/><V57/><F123/><W37/><G37/><N who="0" m="21999" /><D32/><U133/><E133/><V124/><F120/><W85/><G85/><T62/><D102/><U24/><E84/><N who="2" m="48191" /><F44/><W40/><G40/><T50/><D9/><N who="1" m="6223" /><E42/><V110/><F110/><W68/><G68/><T66/><D106/><U71/><E41/><V90/><F90/><W121/><G121/><T119/><D119/><U86/><E91/><RYUUKYOKU ba="0,1" sc="204,-15,398,-15,204,15,184,15" hai2="17,21,27,51,54,57,60,63,124,126" hai3="1,6,11,19,23,52,56,61,72,78,83,88,89" /><INIT seed="2,1,1,0,5,126" ten="189,383,219,199" oya="2" hai0="124,30,55,106,7,112,87,88,72,111,18,61,37" hai1="67,123,122,99,63,56,135,71,16,20,22,109,57" hai2="73,104,2,14,38,28,95,25,44,32,115,39,96" hai3="101,19,90,97,65,13,91,92,84,127,133,49,129"/><V26/><F2/><W47/><G127/><T33/><D124/><U79/><E109/><V80/><F104/><W76/><G129/><T51/><D112/><U48/><E135/><V78/><F115/><W93/><G133/><T62/><D111/><U3/><E3/><V113/><F113/><W11/><G65/><T29/><D37/><U118/><E118/><V114/><F114/><W24/><G24/><T120/><D72/><U8/><E79/><V15/><F26/><W83/><REACH who="3" step="1"/><G93/><REACH who="3" ten="189,383,219,189" step="2"/><T35/><D120/><U54/><E122/><V74/><F74/><W46/><G46/><T110/><D106/><U117/><E123/><V107/><F107/><W86/><G86/><T68/><D110/><U58/><E117/><V108/><F108/><W31/><G31/><T82/><D33/><U116/><E116/><V81/><F81/><W6/><G6/><T1/><D35/><U105/><E67/><V121/><F121/><W134/><G134/><T42/><D30/><U5/><E5/><V23/><F44/><W98/><G98/><T66/><D29/><U132/><E99/><V53/><F32/><W69/><G69/><N who="0" m="42191" /><D18/><U17/><E105/><V41/><F95/><W119/><G119/><T103/><D7/><U27/><E132/><V9/><F96/><W89/><G89/><T12/><D1/><U34/><E34/><V45/><F15/><W50/><G50/><T94/><D12/><N who="1" m="7175" /><E71/><V52/><F39/><W102/><G102/><T128/><D128/><U125/><E125/><V40/><F38/><W4/><G4/><T100/><D103/><U85/><E48/><RYUUKYOKU ba="1,2" sc="189,-10,383,-10,219,-10,189,30" hai3="11,13,19,47,49,76,83,84,90,91,92,97,101" /><INIT seed="3,2,2,3,5,10" ten="179,373,209,219" oya="3" hai0="7,59,46,83,18,99,28,63,94,4,135,102,96" hai1="116,61,52,8,118,84,30,108,42,68,66,127,126" hai2="35,23,70,129,71,87,62,39,13,104,29,107,55" hai3="101,93,69,72,121,100,44,24,34,14,33,45,56"/><W1/><G121/><T125/><D135/><U49/><E108/><V57/><F39/><W130/><G69/><T9/><D125/><N who="1" m="47627" /><E30/><V48/><F35/><W11/><G72/><T74/><D28/><U41/><E8/><V82/><F71/><W114/><G114/><T113/><D113/><U86/><E86/><V43/><F129/><W54/><G1/><T37/><D37/><U21/><E21/><V128/><F128/><W131/><G131/><T76/><D46/><N who="1" m="27703" /><E84/><V123/><F123/><W25/><G34/><T111/><D111/><U6/><E6/><V92/><F29/><W95/><G33/><T17/><D99/><U36/><E36/><V88/><F43/><AGARI ba="2,2" hai="41,42,43,61,66,68,116,118" m="27703,47627" machi="43" ten="30,7700,0" yaku="18,1,34,2,54,1" doraHai="10" who="1" fromWho="2" sc="179,0,373,103,209,-83,219,0" owari="179,-22.1,476,57.6,126,-37.4,219,1.9" /></mjloggm>