<mjloggm ver="2.3"><GO type="225" lobby="0"/><UN n0="%E3%82%BC%E3%83%AB%E3%83%80%E3%81%AE%E4%BC%9D%E8%AA%AC" n1="%E3%83%96%E3%83%83%E3%83%91%E3%82%AA%E3%83%96%E3%83%81%E3%82%AD%E3%83%B3" n2="%E8%81%B7%E6%A5%AD%E3%80%81%E9%A2%A8%32" n3="%E6%B4%BE%E9%81%A3%E3%81%AE%E3%82%B8%E3%83%A3%E3%83%83%E3%82%AF" dan="17,16,16,17" rate="2153.82,2202.90,2156.17,2155.41" sx="M,M,M,M"/><TAIKYOKU oya="0"/><INIT seed="0,0,0,2,0,14" ten="250,250,250,250" oya="0" hai0="33,26,79,63,95,82,55,62,17,40,133,29,16" hai1="50,20,2,96,0,58,47,70,120,9,18,36,119" hai2="71,25,43,48,19,24,104,11,85,134,46,15,10" hai3="98,103,51,118,21,126,93,114,22,35,102,110,123"/><T3/><D3/><U45/><E119/><V31/><F134/><W81/><G118/><T91/><D133/><U129/><E120/><V89/><F104/><W78/><G114/><T94/><D40/><U66/><E129/><V124/><F124/><W75/><G35/><T67/><D55/><N who="1" m="32119" /><E9/><V39/><F71/><W27/><G126/><T115/><D115/><U65/><E96/><V113/><F113/><W80/><G110/><T4/><D4/><U73/><E47/><V97/><F97/><W13/><G123/><T77/><D94/><U68/><E73/><V127/><F127/><W109/><G109/><T88/><D91/><U131/><E70/><V12/><F39/><W101/><G51/><T30/><D30/><U108/><E66/><V64/><F31/><W111/><G80/><T105/><D105/><U106/><E106/><V100/><F100/><W8/><G111/><T54/><D54/><U107/><E107/><V28/><F28/><W37/><G37/><T122/><D122/><U60/><E131/><V130/><F64/><W84/><G75/><T132/><D132/><U112/><E112/><V86/><F130/><W56/><G56/><N who="0" m="37319" /><D63/><U42/><E108/><V128/><F128/><W44/><G44/><T69/><D69/><U49/><E49/><V59/><F59/><W74/><G74/><N who="0" m="43319" /><D79/><U99/><E99/><V121/><F121/><W135/><G135/><T41/><D41/><U125/><E125/><V57/><F57/><W87/><G103/><T117/><D117/><U34/><E34/><V52/><F43/><W76/><G101/><T38/><D38/><RYUUKYOKU ba="0,0" sc="250,15,250,15,250,-15,250,-15" hai0="16,17,26,29,33,88,95" hai1="0,2,18,20,36,42,45,60,65,68" /><INIT seed="0,1,0,4,3,117" ten="265,265,235,235" oya="0" hai0="114,113,32,135,134,128,22,74,83,87,125,99,63" hai1="58,68,116,109,57,40,93,101,1,73,36,76,29" hai2="3,16,100,92,18,123,43,42,80,122,61,126,27" hai3="84,110,82,104,62,6,54,11,95,4,13,67,51"/><T121/><D32/><U106/><E116/><V64/><F126/><W102/><G110/><T35/><D35/><U91/><E68/><V129/><F129/><W77/><G104/><T107/><D22/><U75/><E1/><V133/><F133/><N who="0" m="50698" /><D63/><U120/><E29/><V89/><F3/><W70/><G102/><N who="0" m="62943" /><D125/><U86/><E109/><V103/><F80/><W132/><G132/><T30/><D30/><U25/><E25/><V7/><F7/><W14/><G95/><T12/><D12/><U78/><E36/><V47/><F100/><W5/><REACH who="3" step="1"/><G14/><REACH who="3" ten="265,265,235,225" step="2"/><T65/><D128/><U33/><E101/><V9/><F103/><W10/><G10/><T20/><D20/><U45/><E106/><V41/><F9/><W85/><G85/><T19/><D87/><U53/><E86/><V52/><F27/><W69/><G69/><T48/><D113/><U115/><E115/><V44/><F122/><W28/><G28/><T90/><D121/><U50/><E120/><V119/><F123/><W31/><G31/><T59/><D114/><U131/><E93/><V24/><F24/><W56/><AGARI ba="1,1" hai="4,5,6,11,13,51,54,56,62,67,70,77,82,84" machi="56" ten="20,2700,0" yaku="1,1,0,1,7,1,53,0" doraHai="117" doraHaiUra="105" who="3" fromWho="3" sc="265,-14,265,-8,235,-8,225,40" /><INIT seed="1,0,0,2,0,54" ten="251,257,227,265" oya="1" hai0="53,76,91,19,132,18,131,41,57,64,4,102,3" hai1="79,109,30,50,51,7,1,116,107,2,90,47,28" hai2="128,124,46,32,110,108,68,58,29,17,118,22,97" hai3="72,100,39,45,12,80,119,6,115,129,88,16,127"/><U20/><E116/><V63/><F118/><W89/><G119/><T67/><D132/><U44/><E107/><V95/><F124/><W8/><G115/><T120/><D131/><U130/><E130/><V61/><F128/><W36/><G129/><T66/><D120/><U84/><E79/><V111/><F68/><W85/><G127/><T99/><D76/><U31/><E109/><V83/><F83/><W10/><G100/><T48/><D91/><U23/><E7/><V114/><F114/><W38/><G72/><T0/><D41/><U35/><E35/><V106/><F106/><W14/><REACH who="3" step="1"/><G89/><REACH who="3" ten="251,257,227,255" step="2"/><T11/><REACH who="0" step="1"/><D3/><REACH who="0" ten="241,257,227,255" step="2"/><U70/><E1/><V60/><F108/><W133/><G133/><T77/><D77/><U125/><E2/><V126/><F110/><W82/><G82/><T56/><D56/><U113/><E90/><V33/><F58/><W117/><G117/><T62/><D62/><U104/><E113/><V101/><F126/><W9/><G9/><T74/><D74/><U98/><E125/><V49/><F111/><W94/><G94/><AGARI ba="0,2" hai="0,4,11,18,19,48,53,57,64,66,67,94,99,102" machi="94" ten="40,2600,0" yaku="1,1,52,1,53,0" doraHai="54" doraHaiUra="135" who="0" fromWho="3" sc="241,46,257,0,227,0,255,-26" /><INIT seed="2,0,0,5,3,95" ten="287,257,227,229" oya="2" hai0="44,32,6,125,100,56,19,88,90,101,77,134,109" hai1="2,111,34,15,40,14,41,65,12,51,67,9,92" hai2="50,58,117,97,72,108,110,89,64,118,36,86,115" hai3="106,37,87,63,43,16,85,133,61,20,82,83,27"/><V38/><F72/><W46/><G106/><T129/><D32/><U23/><E34/><V49/><F115/><W135/><G85/><T22/><D109/><N who="2" m="42090" /><F97/><W62/><REACH who="3" step="1"/><G87/><REACH who="3" ten="287,257,227,219" step="2"/><T59/><D125/><U31/><E111/><V128/><F128/><W71/><G71/><T47/><D129/><U7/><E92/><V70/><F70/><W98/><G98/><T120/><D120/><U131/><E131/><V122/><F122/><W21/><G21/><T80/><D22/><U84/><E84/><V29/><F29/><W0/><G0/><T45/><D80/><AGARI ba="0,1" hai="16,20,27,37,43,46,61,62,63,80,82,83,133,135" machi="80" ten="40,5200,0" yaku="1,1,54,1,53,1" doraHai="95" doraHaiUra="18" who="3" fromWho="0" sc="287,-52,257,0,227,0,219,62" /><INIT seed="3,0,0,2,1,24" ten="235,257,227,281" oya="3" hai0="3,26,69,123,53,64,78,105,4,47,129,90,94" hai1="83,77,36,15,52,17,87,95,102,109,61,43,111" hai2="2,114,126,12,9,10,31,82,133,49,27,58,100" hai3="51,131,68,120,127,29,13,76,110,124,33,44,115"/><W7/><G120/><T99/><D123/><U132/><E132/><V40/><F133/><W125/><G115/><T135/><D135/><U0/><E0/><V70/><F70/><W84/><G131/><T85/><D129/><U128/><E128/><V30/><F114/><W108/><G68/><T23/><D3/><U41/><E36/><V50/><F126/><W28/><G33/><T92/><D105/><U65/><E52/><N who="2" m="32015" /><F2/><W56/><G56/><T19/><D4/><U45/><E102/><V79/><F27/><W34/><G34/><T37/><D69/><U117/><E117/><V62/><F100/><W5/><G84/><T106/><D106/><U80/><E15/><V57/><F50/><W60/><G76/><T14/><D64/><U97/><E77/><V42/><F82/><W39/><G60/><T122/><D122/><U104/><E83/><V71/><F79/><W38/><G7/><T89/><D78/><U113/><E80/><V18/><F10/><N who="3" m="4303" /><G39/><T93/><D93/><U74/><E95/><V21/><F71/><W103/><G38/><T67/><D67/><U96/><E113/><V35/><F35/><W88/><G103/><T25/><D37/><U91/><E104/><V98/><F98/><W16/><G88/><T130/><D130/><U48/><E91/><V119/><F119/><W86/><G86/><T118/><D118/><U121/><E87/><V81/><F81/><W55/><G16/><T72/><D72/><U6/><E121/><V63/><F63/><W22/><G22/><T32/><D32/><U59/><E74/><V112/><F112/><RYUUKYOKU ba="0,0" sc="235,15,257,-15,227,-15,281,15" hai0="14,19,23,25,26,47,53,85,89,90,92,94,99" hai3="28,29,44,51,55,108,110,124,125,127" /><INIT seed="3,1,0,5,5,56" ten="250,242,212,296" oya="3" hai0="99,125,73,74,0,98,12,76,62,36,127,49,5" hai1="24,42,31,55,54,41,134,44,135,102,26,119,61" hai2="13,67,109,22,85,53,71,50,122,75,115,81,97" hai3="116,87,106,63,47,3,95,23,64,86,8,68,91"/><W83/><G106/><T111/><D36/><U88/><E102/><V133/><F115/><W19/><G116/><T27/><D0/><U105/><E105/><V28/><F122/><W16/><G47/><T65/><D111/><U101/><E101/><V4/><F109/><W37/><G37/><T92/><D49/><N who="1" m="28967" /><E119/><V58/><F75/><W117/><G117/><T80/><D74/><U25/><E31/><V57/><F133/><N who="1" m="50697" /><E88/><N who="2" m="51247" /><F71/><W34/><G34/><T129/><D129/><U52/><E55/><N who="2" m="31991" /><F67/><W108/><G108/><T110/><D110/><U7/><E7/><V29/><F97/><W2/><G8/><T66/><D98/><U77/><E77/><V60/><F22/><W11/><G11/><AGARI ba="1,0" hai="4,11,13,28,29,53,58,60" m="31991,51247" machi="11" ten="30,3900,0" yaku="8,1,52,1,54,1" doraHai="56" who="2" fromWho="3" sc="250,0,242,0,212,42,296,-42" /><INIT seed="4,0,0,5,5,76" ten="250,242,254,254" oya="0" hai0="88,0,91,27,68,104,133,52,46,115,28,22,108" hai1="77,62,55,1,33,36,25,129,131,3,109,110,51" hai2="125,58,54,69,21,34,15,102,85,19,130,26,8" hai3="6,89,7,97,24,134,37,72,64,81,132,31,66"/><T5/><D104/><U14/><E36/><V122/><F122/><W94/><G37/><T39/><D68/><U30/><E62/><V48/><F125/><W18/><G18/><T73/><D115/><U57/><E77/><V135/><F69/><W32/><G66/><T60/><D73/><U2/><REACH who="1" step="1"/><E14/><REACH who="1" ten="250,232,254,254" step="2"/><V126/><F15/><W95/><G64/><T67/><D39/><U100/><E100/><V47/><F102/><W79/><REACH who="3" step="1"/><G95/><REACH who="3" ten="250,232,254,244" step="2"/><T106/><D67/><U107/><E107/><V17/><F126/><W45/><G45/><T20/><D46/><U75/><E75/><V43/><F47/><W10/><G10/><T93/><D93/><U42/><E42/><V120/><F8/><W12/><G12/><T114/><D106/><U121/><E121/><V111/><F43/><W35/><G35/><T71/><D114/><U70/><E70/><V117/><F34/><W16/><G16/><T127/><D71/><U29/><E29/><V23/><F17/><W98/><G98/><T9/><D127/><U56/><E56/><V61/><F19/><W128/><G128/><AGARI ba="0,2" hai="1,2,3,25,30,33,51,55,57,109,110,128,129,131" machi="128" ten="50,6400,0" yaku="1,1,19,1,53,1" doraHai="76" doraHaiUra="49" who="1" fromWho="3" sc="250,0,232,84,254,0,244,-64" owari="250,-15.0,316,41.6,254,5.4,180,-32.0" /></mjloggm>