<mjloggm ver="2.3"><GO type="225" lobby="0"/><UN n0="%E3%81%BF%E3%81%BF%E3%81%9A" n1="%E3%81%90%E3%81%A1%E3%82%84%E3%81%BE" n2="%E5%90%91%E4%BA%95%E7%A7%80%E5%BE%B3" n3="%E4%BB%8A%E6%97%A5%E4%B8%80" dan="18,16,16,17" rate="2252.75,2133.09,2032.42,2232.89" sx="M,M,M,F"/><TAIKYOKU oya="0"/><INIT seed="0,0,0,0,4,26" ten="250,250,250,250" oya="0" hai0="90,126,25,34,38,104,89,16,107,122,85,64,113" hai1="15,48,76,124,119,42,74,98,95,88,67,83,120" hai2="127,10,91,110,117,23,45,109,58,93,131,125,59" hai3="20,75,80,121,108,134,47,8,106,28,84,116,100"/><T2/><D113/><U29/><E119/><V35/><F35/><W118/><G134/><T30/><D122/><U24/><E120/><V1/><F117/><W21/><G121/><T33/><D38/><U39/><E124/><N who="2" m="47691" /><F45/><W13/><G75/><T43/><D126/><U50/><E67/><V65/><F131/><W66/><G108/><N who="2" m="41577" /><F65/><W102/><G66/><T72/><D72/><U40/><E15/><V22/><F22/><W92/><G21/><T115/><D43/><U69/><E69/><V12/><F23/><W61/><G47/><T135/><D115/><U79/><E79/><V53/><F53/><W105/><G8/><T46/><D2/><U73/><E73/><V31/><F31/><W41/><G28/><T71/><D46/><U114/><E114/><V27/><F27/><W37/><G41/><T97/><D34/><U68/><E68/><V129/><F1/><W96/><G20/><T123/><D123/><U54/><E39/><V6/><F129/><W62/><G37/><T103/><D135/><U63/><E63/><V87/><AGARI ba="0,0" hai="6,10,12,58,59,87,91,93" m="41577,47691" machi="87" ten="30,2000,0" yaku="18,1,14,1" doraHai="26" who="2" fromWho="2" sc="250,-10,250,-5,250,20,250,-5" /><INIT seed="1,0,0,0,5,85" ten="240,245,270,245" oya="1" hai0="132,16,81,83,118,133,112,134,36,113,103,96,40" hai1="6,23,49,64,93,7,125,126,24,90,39,4,15" hai2="44,87,119,37,88,80,32,84,115,102,97,105,12" hai3="34,53,11,56,130,48,108,99,26,13,57,60,50"/><U123/><E39/><V75/><F119/><W18/><G108/><T3/><D3/><U42/><E123/><V29/><F115/><N who="0" m="44106" /><D40/><U54/><E64/><V65/><F65/><W77/><G130/><T86/><D36/><U61/><E61/><V35/><F75/><W10/><G77/><T5/><D5/><U78/><E78/><V127/><F127/><N who="1" m="48649" /><E42/><V8/><F29/><W21/><G34/><T47/><D47/><N who="1" m="27967" /><E15/><V0/><F0/><W94/><G10/><T33/><D33/><U91/><E93/><V79/><F44/><W76/><G76/><N who="0" m="46375" /><D83/><U71/><E71/><V25/><F37/><W120/><G57/><T31/><D31/><AGARI ba="0,0" hai="4,6,7,23,24,31,90,91" m="27967,48649" machi="31" ten="30,5800,0" yaku="18,1,52,2" doraHai="85" who="1" fromWho="0" sc="240,-58,245,58,270,0,245,0" /><INIT seed="1,1,0,4,1,68" ten="182,303,270,245" oya="1" hai0="88,111,58,90,43,40,133,113,0,94,122,35,34" hai1="15,106,118,132,82,30,26,108,60,42,16,134,32" hai2="24,20,28,117,78,56,97,107,114,66,9,10,57" hai3="121,54,38,1,127,75,61,96,53,124,130,3,21"/><U80/><E118/><V70/><F117/><W71/><G121/><T99/><D113/><U14/><E106/><V4/><F114/><W51/><G75/><T103/><D0/><U135/><E108/><V19/><F78/><W98/><G38/><T2/><D2/><U7/><E60/><V11/><F70/><W83/><G83/><T59/><D111/><U36/><E7/><V49/><F4/><W77/><G77/><T89/><D122/><U44/><REACH who="1" step="1"/><E14/><REACH who="1" ten="182,293,270,245" step="2"/><V79/><F66/><W6/><G6/><T37/><D133/><U52/><E52/><V131/><F107/><W67/><G61/><T93/><D43/><U41/><E41/><V8/><F131/><W109/><G130/><T92/><D34/><U13/><E13/><V91/><F8/><AGARI ba="1,1" hai="8,15,16,26,30,32,36,42,44,80,82,132,134,135" machi="8" ten="40,18000,2" yaku="1,1,20,1,52,1,54,1,53,3" doraHai="68" doraHaiUra="128" who="1" fromWho="2" sc="182,0,293,193,270,-183,245,0" /><INIT seed="1,2,0,0,0,127" ten="182,486,87,245" oya="1" hai0="78,79,106,61,75,94,82,29,65,56,68,98,129" hai1="105,21,60,104,97,43,102,130,62,2,108,18,93" hai2="50,20,19,45,40,27,57,39,44,15,51,7,37" hai3="9,16,101,99,64,3,46,66,63,25,119,91,31"/><U86/><E2/><V38/><F57/><W112/><G112/><T111/><D111/><U17/><E108/><V30/><F7/><W81/><G119/><T134/><D134/><U95/><E43/><V72/><F72/><W124/><G124/><T49/><D79/><U132/><E132/><V70/><F70/><W36/><G81/><T54/><D29/><U116/><E130/><V110/><F110/><W52/><G91/><T133/><D133/><U131/><E131/><V118/><F118/><W90/><G90/><T87/><D106/><U126/><E95/><V100/><F100/><W24/><G36/><T12/><D129/><U4/><E86/><V59/><F59/><W28/><G28/><T113/><D113/><U109/><E4/><V10/><REACH who="2" step="1"/><F37/><REACH who="2" ten="182,486,77,245" step="2"/><W11/><G101/><T22/><D75/><U96/><E102/><V125/><F125/><W5/><G5/><T41/><D68/><U92/><E126/><V107/><F107/><W103/><G103/><N who="0" m="60887" /><D65/><U8/><E105/><V117/><F117/><W6/><G66/><T23/><D61/><U71/><E62/><V122/><F122/><W135/><G63/><T53/><D56/><U74/><E74/><V47/><F47/><W80/><G64/><T115/><D115/><U14/><E109/><V0/><F0/><W121/><G46/><T33/><D49/><U32/><E116/><V88/><F88/><W128/><G3/><T13/><D78/><U26/><E104/><V73/><F73/><W89/><G121/><T48/><D48/><U55/><E71/><V83/><F83/><W77/><G80/><RYUUKYOKU ba="2,1" sc="182,-10,486,-10,77,30,245,-10" hai2="10,15,19,20,27,30,38,39,40,44,45,50,51" /><INIT seed="2,3,1,0,4,56" ten="172,476,107,235" oya="2" hai0="94,117,103,74,122,18,113,82,49,43,47,7,37" hai1="99,38,88,46,29,48,97,84,80,70,76,128,10" hai2="65,114,27,20,14,101,118,96,4,78,79,131,39" hai3="17,34,33,8,44,16,112,19,125,69,126,40,111"/><V62/><F114/><W57/><G69/><T3/><D113/><U75/><E70/><V64/><F118/><W90/><G112/><T0/><D122/><U95/><E38/><V127/><F39/><W26/><G111/><T132/><D117/><U15/><E128/><V36/><F131/><W58/><G90/><T45/><D132/><U31/><E75/><V129/><F129/><W119/><G8/><T105/><D105/><U108/><E99/><V28/><F36/><W11/><G11/><T12/><D7/><N who="1" m="3551" /><E108/><V93/><F127/><N who="3" m="48651" /><G119/><T25/><D25/><U66/><E66/><V86/><F64/><W68/><G68/><T123/><D123/><U100/><E100/><V77/><F4/><W115/><G115/><T60/><D94/><U5/><E5/><V130/><F14/><W124/><G124/><T2/><D103/><U61/><E61/><V24/><F24/><W92/><G92/><T116/><D60/><U85/><E85/><V121/><F121/><W83/><G83/><T52/><D116/><U107/><E107/><V87/><F130/><W1/><G1/><T71/><D71/><U54/><AGARI ba="3,1" hai="29,31,46,48,54,76,80,84,88,95,97" m="3551" machi="54" ten="30,2000,0" yaku="8,1,54,1" doraHai="56" who="1" fromWho="1" sc="172,-8,476,39,107,-13,235,-8" /><INIT seed="3,0,0,0,1,57" ten="164,515,94,227" oya="3" hai0="128,23,130,112,6,34,106,53,32,41,12,21,97" hai1="26,107,31,104,80,90,48,64,0,78,134,103,113" hai2="19,126,92,29,11,45,65,24,9,39,5,62,79" hai3="115,68,124,122,66,72,10,87,119,38,74,22,28"/><W77/><G122/><T102/><D41/><U98/><E0/><V17/><F126/><W99/><G38/><T33/><D53/><U89/><E113/><V60/><F79/><W100/><G10/><N who="0" m="4183" /><D112/><U81/><E107/><V63/><F65/><W131/><G87/><T8/><D8/><N who="2" m="3146" /><F5/><W51/><G131/><AGARI ba="0,0" hai="21,23,32,33,34,97,102,106,128,130,131" m="4183" machi="131" ten="40,1300,0" yaku="19,1" doraHai="57" who="0" fromWho="3" sc="164,13,515,0,94,0,227,-13" owari="177,-22.3,515,61.5,94,-40.6,214,1.4" /></mjloggm>