<mjloggm ver="2.3"><GO type="225" lobby="0"/><UN n0="%72%65%6E%6B%75%6E" n1="%E6%A1%9C%E8%8A%B1%E9%96%83%E3%80%85" n2="%E8%81%B7%E6%A5%AD%E3%80%81%E9%A2%A8%32" n3="%E3%83%94%E3%82%AB%E3%83%81%E3%83%A5%E3%82%A6%E3%81%8F%E3%82%93" dan="17,17,16,16" rate="2216.21,2176.11,2142.86,2090.97" sx="M,M,M,F"/><TAIKYOKU oya="0"/><INIT seed="0,0,0,5,5,126" ten="250,250,250,250" oya="0" hai0="84,2,14,80,67,120,121,31,70,96,13,20,10" hai1="28,58,1,81,92,132,93,16,94,47,103,23,90" hai2="64,102,39,54,115,85,83,40,34,43,95,17,61" hai3="112,46,22,100,86,66,5,32,68,106,7,56,48"/><T104/><D2/><U105/><E132/><V130/><F115/><W116/><G32/><T97/><D70/><U111/><E111/><V37/><F34/><W41/><G112/><T123/><D67/><U131/><E1/><V135/><F135/><W49/><G116/><T9/><D104/><U36/><E28/><V98/><F130/><W60/><G100/><T129/><D129/><U50/><E36/><V117/><F117/><W55/><G106/><T69/><D69/><U88/><E58/><V51/><F17/><W12/><G86/><T0/><D0/><U89/><E131/><V110/><F39/><W119/><G119/><T133/><D133/><U125/><E125/><V38/><F37/><W59/><REACH who="3" step="1"/><G68/><REACH who="3" ten="250,250,250,240" step="2"/><T99/><D31/><U127/><E127/><V33/><F33/><W8/><G8/><T30/><D10/><U26/><E105/><V72/><F85/><W3/><G3/><T65/><D9/><U25/><E81/><V108/><F83/><W78/><G78/><T53/><D84/><U122/><E122/><V62/><F102/><W18/><AGARI ba="0,1" hai="5,7,12,18,22,41,46,48,49,55,56,59,60,66" machi="18" ten="30,7900,0" yaku="1,1,0,1,8,1,53,1" doraHai="126" doraHaiUra="11" who="3" fromWho="3" sc="250,-39,250,-20,250,-20,240,89" /><INIT seed="1,0,0,4,0,75" ten="211,230,230,329" oya="1" hai0="60,74,4,11,110,127,10,121,73,51,19,111,36" hai1="87,46,90,85,14,132,77,15,63,8,62,23,3" hai2="91,118,61,32,57,89,28,72,68,29,134,120,78" hai3="43,70,119,69,65,50,115,33,45,124,54,105,113"/><U0/><E132/><V106/><F120/><W31/><G105/><T126/><D36/><U12/><E46/><V38/><F118/><W99/><G99/><T95/><D121/><U9/><E23/><V117/><F117/><W24/><G119/><T67/><D51/><U88/><E14/><V101/><F38/><W71/><G124/><N who="0" m="47659" /><D95/><U76/><AGARI ba="0,0" hai="0,3,8,9,12,15,62,63,76,77,85,87,88,90" machi="76" ten="25,18000,2" yaku="0,1,22,2,52,2,54,1" doraHai="75" who="1" fromWho="1" sc="211,-60,230,180,230,-60,329,-60" /><INIT seed="1,1,0,2,2,75" ten="151,410,170,269" oya="1" hai0="110,52,47,64,88,63,36,6,124,58,38,8,4" hai1="28,61,14,42,29,129,85,23,44,112,21,132,115" hai2="77,111,81,125,57,34,82,24,91,135,131,69,126" hai3="12,3,32,123,11,18,37,102,66,59,100,48,70"/><U2/><E2/><V119/><F69/><W80/><G123/><T122/><D122/><U133/><E61/><V41/><F119/><W105/><G37/><T76/><D110/><U33/><E85/><N who="2" m="50607" /><F111/><W104/><G32/><T45/><D124/><N who="2" m="47722" /><F131/><W86/><G3/><T26/><D26/><N who="1" m="18615" /><E129/><V56/><F135/><N who="1" m="51785" /><E28/><N who="2" m="19719" /><F41/><W1/><G70/><T83/><D38/><N who="1" m="21591" /><E14/><V79/><F79/><N who="3" m="46367" /><G1/><T43/><D76/><U62/><E62/><V40/><F40/><W114/><G114/><AGARI ba="1,0" hai="21,23,112,114,115" m="21591,51785,18615" machi="114" ten="30,1500,0" yaku="20,1" doraHai="75" who="1" fromWho="3" sc="151,0,410,18,170,0,269,-18" /><INIT seed="1,2,0,0,5,98" ten="151,428,170,251" oya="1" hai0="29,38,101,124,52,2,13,63,113,54,132,89,69" hai1="35,66,104,32,100,70,123,44,87,53,91,11,110" hai2="34,131,17,39,120,127,107,14,20,71,62,116,73" hai3="3,93,86,48,133,19,106,23,128,76,9,47,7"/><U77/><E123/><V108/><RYUUKYOKU type="yao9" ba="2,0" sc="151,0,428,0,170,0,251,0" hai2="14,17,20,34,39,62,71,73,107,108,116,120,127,131" /><INIT seed="1,3,0,4,1,67" ten="151,428,170,251" oya="1" hai0="25,61,56,1,115,97,118,103,98,100,34,20,91" hai1="107,14,92,72,45,86,44,6,15,31,22,58,8" hai2="71,48,126,24,11,21,63,41,81,65,35,80,84" hai3="134,29,42,79,37,116,109,85,112,9,89,40,64"/><U27/><E72/><V78/><F126/><W110/><G112/><T133/><D1/><U73/><E73/><V66/><F65/><W117/><G134/><T74/><D74/><U83/><E107/><V88/><F35/><W128/><G128/><T82/><D118/><N who="3" m="45673" /><G29/><T62/><D115/><U68/><E68/><V4/><F41/><N who="3" m="15979" /><G37/><T52/><D34/><U51/><E92/><V123/><F123/><W113/><G113/><T135/><D62/><U130/><E130/><V55/><F78/><W53/><G9/><T87/><D98/><U0/><E58/><V33/><F33/><W105/><G105/><T12/><D12/><U26/><E26/><V75/><F75/><W122/><G122/><T121/><D121/><U101/><E101/><V13/><F80/><N who="3" m="49319" /><G79/><T76/><D76/><U108/><E108/><V7/><F11/><W28/><G28/><T124/><D124/><U39/><E39/><V93/><F81/><W102/><G102/><T18/><REACH who="0" step="1"/><D103/><REACH who="0" ten="141,428,170,251" step="2"/><U2/><E15/><V131/><F131/><W23/><G110/><T99/><D99/><U43/><E0/><V10/><F13/><W49/><G109/><T129/><D129/><U114/><E114/><V132/><F10/><W38/><G23/><T36/><D36/><U94/><E2/><V90/><F90/><W19/><G38/><T111/><D111/><U70/><E14/><V125/><F125/><W54/><G49/><T50/><D50/><U104/><E51/><V5/><F48/><W16/><G64/><T30/><D30/><U96/><E31/><N who="2" m="17807" /><F132/><W59/><G54/><T3/><D3/><RYUUKYOKU ba="3,1" sc="141,10,428,-30,170,10,251,10" hai0="18,20,25,52,56,61,82,87,91,97,100,133,135" hai2="4,5,7,55,63,66,71,84,88,93" hai3="16,19,53,59" /><INIT seed="2,4,1,1,0,70" ten="151,398,180,261" oya="2" hai0="125,106,2,78,92,46,13,22,75,23,45,112,6" hai1="105,62,26,79,134,73,16,85,4,61,59,7,0" hai2="10,18,17,40,53,77,87,110,91,37,127,36,121" hai3="72,89,38,116,43,102,119,63,123,28,130,126,24"/><V56/><F121/><W113/><G123/><T14/><D106/><U52/><E73/><V8/><F77/><W109/><G130/><T33/><D33/><U12/><E105/><V27/><F127/><W31/><G126/><T3/><D125/><U88/><E0/><V100/><F100/><W21/><G72/><T107/><D107/><U99/><E134/><V32/><F110/><W86/><G109/><T35/><D35/><U111/><E111/><V58/><F40/><W11/><G31/><T76/><D75/><U120/><E120/><V82/><F58/><W128/><G128/><T66/><D92/><N who="1" m="56711" /><E26/><V122/><F122/><W34/><G34/><T44/><D66/><U81/><E62/><V101/><F101/><W115/><G63/><T1/><D112/><N who="3" m="43081" /><G102/><T83/><D83/><U103/><E103/><V96/><F96/><W65/><G65/><T51/><D51/><U64/><E64/><V30/><F10/><AGARI ba="4,1" hai="4,7,10,12,16,52,59,61,79,81,85" m="56711" machi="10" ten="30,7700,0" yaku="8,1,54,3" doraHai="70" who="1" fromWho="2" sc="151,0,398,99,180,-89,261,0" /><INIT seed="3,0,0,0,1,40" ten="151,497,91,261" oya="3" hai0="26,11,49,59,108,107,86,76,70,14,106,98,95" hai1="96,94,65,6,33,8,74,39,102,31,20,4,85" hai2="67,80,124,71,22,7,125,111,116,128,45,28,132" hai3="109,15,64,63,77,37,130,81,82,44,2,53,17"/><W66/><G2/><T12/><D70/><U90/><E33/><V120/><F116/><W131/><G109/><T91/><D108/><U97/><E74/><V103/><F111/><W43/><G53/><T115/><D115/><U123/><E123/><V104/><F7/><N who="1" m="2601" /><E39/><V32/><F22/><W73/><G81/><T3/><D3/><U118/><E118/><V55/><F80/><W129/><REACH who="3" step="1"/><G63/><REACH who="3" ten="151,497,91,251" step="2"/><T78/><D78/><U42/><E65/><V79/><F67/><W87/><G87/><T41/><D76/><U51/><E85/><V88/><F79/><W46/><G46/><T101/><D86/><U29/><E97/><V16/><F45/><W5/><G5/><T61/><D61/><U56/><E96/><V68/><F55/><W19/><G19/><T13/><D41/><U83/><E42/><V75/><F16/><W18/><G18/><T38/><D38/><U122/><E83/><V93/><F75/><W47/><G47/><T119/><D119/><U50/><E122/><V105/><F120/><W100/><G100/><T113/><D101/><U112/><E102/><V58/><F103/><W89/><G89/><T133/><D113/><U127/><E112/><V25/><F88/><W1/><G1/><T114/><D114/><U84/><E90/><V9/><F104/><W48/><G48/><T52/><D133/><U30/><E51/><V35/><F132/><W21/><AGARI ba="0,1" hai="15,17,21,37,43,44,64,66,73,77,82,129,130,131" machi="21" ten="30,11700,0" yaku="1,1,0,1,19,1,52,1,53,0" doraHai="40" doraHaiUra="117" who="3" fromWho="3" sc="151,-39,497,-39,91,-39,251,127" /><INIT seed="3,1,0,4,4,88" ten="112,458,52,378" oya="3" hai0="52,59,58,61,18,112,81,62,131,10,34,120,49" hai1="117,67,28,102,29,128,68,127,12,42,24,90,20" hai2="15,80,56,22,5,107,36,19,31,21,35,25,4" hai3="77,51,133,38,134,123,26,1,9,96,55,113,79"/><W76/><G113/><T44/><D120/><U83/><E127/><V57/><F107/><W65/><G123/><T17/><D34/><U73/><E128/><V124/><F36/><W23/><G38/><T111/><D111/><U93/><E117/><V87/><F124/><W108/><G65/><N who="0" m="39095" /><D131/><U114/><E114/><V89/><F35/><W105/><G108/><T86/><D112/><U118/><E118/><V74/><F74/><W71/><G71/><T63/><D10/><U106/><E42/><V43/><F43/><W72/><G72/><T104/><D104/><U103/><E29/><V98/><F98/><W0/><G9/><T6/><D6/><U11/><E106/><V115/><F115/><W53/><G0/><T99/><D99/><U64/><E83/><V13/><F13/><W16/><G1/><T70/><D70/><U3/><E3/><V60/><REACH who="2" step="1"/><F56/><REACH who="2" ten="112,458,42,378" step="2"/><W84/><G84/><T116/><D116/><U69/><E73/><V50/><F50/><W39/><G39/><T47/><D63/><U130/><E130/><V91/><F91/><W122/><G122/><T66/><D44/><U125/><E125/><V40/><F40/><W94/><G105/><T85/><D85/><N who="1" m="52431" /><E69/><V135/><F135/><N who="3" m="51723" /><G51/><T78/><AGARI ba="1,1" hai="17,18,47,49,52,59,62,66,78,81,86" m="39095" machi="78" ten="30,2000,0" yaku="8,1,54,1" doraHai="88" who="0" fromWho="0" sc="112,33,458,-6,42,-6,378,-11" owari="145,-25.5,452,55.2,36,-46.4,367,16.7" /></mjloggm>