<mjloggm ver="2.3"><GO type="225" lobby="0"/><UN n0="%E6%B8%A9%E2%98%85%E6%83%85%E2%98%85%E6%8E%AA%E2%98%85%E7%BD%AE" n1="%41%6F%54" n2="%E3%80%90%E3%83%88%E3%83%AA%E3%83%A5%E3%83%95%E3%80%91" n3="%E3%81%BF%E3%81%BF%E3%81%9A" dan="17,16,16,18" rate="2185.44,2068.76,2117.27,2236.64" sx="M,M,M,M"/><TAIKYOKU oya="0"/><INIT seed="0,0,0,0,4,2" ten="250,250,250,250" oya="0" hai0="41,21,99,17,93,5,24,28,70,55,100,121,109" hai1="37,130,83,20,108,106,50,86,60,67,96,42,44" hai2="111,9,23,43,129,101,87,45,6,64,48,4,115" hai3="110,53,32,104,34,18,122,57,72,77,46,90,3"/><T135/><D121/><U95/><E108/><V126/><F115/><W8/><G122/><T13/><D109/><U27/><E130/><V105/><F111/><W10/><G110/><T119/><D119/><U131/><E106/><V65/><F129/><W35/><G104/><T54/><D135/><U29/><E131/><V127/><F23/><W134/><G134/><T63/><D41/><U47/><E47/><V102/><F87/><W91/><G46/><T124/><D124/><N who="2" m="47658" /><F9/><W132/><G132/><T31/><D5/><N who="2" m="2154" /><F105/><W103/><G3/><T51/><D51/><U117/><E37/><V81/><F81/><W19/><G72/><T97/><D97/><U40/><E117/><V22/><F22/><W78/><G8/><T16/><D70/><U0/><E0/><V123/><F123/><W7/><G10/><N who="0" m="6199" /><D63/><U113/><E113/><V52/><F43/><W112/><G7/><T15/><D24/><U33/><E40/><V62/><F65/><W58/><G112/><T114/><D114/><U98/><E67/><V25/><F25/><W116/><G116/><T74/><D74/><U66/><E66/><V107/><F107/><W26/><G34/><T69/><D69/><AGARI ba="0,0" hai="45,48,52,62,64,69,101,102" m="2154,47658" machi="69" ten="30,8000,1" yaku="18,1,52,3,54,1" doraHai="2" who="2" fromWho="0" sc="250,-80,250,0,250,80,250,0" /><INIT seed="1,0,0,5,0,32" ten="170,250,330,250" oya="1" hai0="104,135,100,30,92,105,74,117,24,63,133,25,45" hai1="134,9,1,64,6,123,54,68,121,8,53,72,61" hai2="88,69,56,107,26,82,23,36,46,75,129,109,16" hai3="48,43,39,13,41,34,98,3,50,103,60,7,10"/><U93/><E134/><N who="0" m="51209" /><D117/><U96/><E72/><V87/><F109/><W18/><G34/><N who="0" m="20807" /><D74/><U85/><E85/><V83/><F69/><W127/><G127/><T70/><D25/><U22/><E22/><V86/><F129/><W118/><G118/><T14/><D14/><U76/><E76/><V44/><F75/><W120/><G120/><T99/><D45/><N who="2" m="17514" /><F36/><W122/><G122/><T59/><D70/><U27/><E27/><V58/><F107/><W47/><G60/><T106/><D92/><U94/><E94/><V112/><F112/><W90/><G90/><AGARI ba="0,0" hai="16,23,26,56,58,82,83,86,87,88,90" m="17514" machi="90" ten="30,3900,0" yaku="8,1,54,2" doraHai="32" who="2" fromWho="3" sc="170,0,250,0,330,39,250,-39" /><INIT seed="2,0,0,5,4,123" ten="170,250,369,211" oya="2" hai0="5,8,91,7,25,45,22,133,108,109,11,51,47" hai1="78,125,6,49,2,54,94,75,30,15,55,117,59" hai2="103,33,70,34,4,120,114,107,68,12,63,128,67" hai3="39,84,20,82,93,71,102,9,131,18,98,76,73"/><V92/><F120/><W135/><G39/><T10/><D133/><U64/><E117/><V48/><F114/><W90/><G135/><T132/><D132/><U126/><E2/><V19/><F70/><W74/><G131/><T36/><D36/><U72/><E64/><V3/><F128/><W104/><G71/><T46/><D51/><U111/><E30/><V42/><F92/><W99/><REACH who="3" step="1"/><G9/><REACH who="3" ten="170,250,369,201" step="2"/><T61/><D61/><U119/><E119/><V35/><F63/><W29/><G29/><N who="0" m="17591" /><D91/><U113/><E113/><V77/><F68/><W86/><G86/><T53/><D53/><U124/><E54/><V118/><F118/><W16/><G16/><T83/><D83/><U23/><E55/><V24/><F19/><W79/><G79/><T14/><D7/><U122/><E78/><V127/><F4/><W105/><G105/><T106/><D106/><U37/><E37/><V85/><F107/><W134/><G134/><T28/><D28/><U115/><E6/><V89/><F77/><W44/><G44/><N who="0" m="11267" /><T38/><DORA hai="13" /><D38/><U1/><E115/><V27/><F85/><W41/><G41/><T65/><D65/><U31/><E31/><V121/><F67/><W57/><G57/><T66/><D66/><U0/><E59/><V112/><F42/><W56/><G56/><T96/><D96/><U50/><E122/><V101/><F121/><W69/><G69/><T110/><AGARI ba="0,1" hai="5,8,10,11,14,108,109,110" m="11267,17591" machi="110" ten="40,8000,1" yaku="14,1,52,3" doraHai="123,13" who="0" fromWho="0" sc="170,90,250,-20,369,-40,201,-20" /><INIT seed="3,0,0,2,0,80" ten="260,230,329,181" oya="3" hai0="56,115,8,104,113,4,96,21,15,129,94,95,62" hai1="135,32,99,23,103,132,84,82,125,117,63,101,105" hai2="65,121,52,40,24,71,6,79,34,123,75,88,100" hai3="11,128,133,59,33,98,17,90,50,53,114,58,14"/><W29/><G114/><N who="0" m="43531" /><D129/><U120/><E32/><V43/><F100/><W55/><G128/><T9/><D21/><U77/><E120/><N who="2" m="46155" /><F88/><W42/><G133/><N who="1" m="51274" /><E125/><V57/><F6/><W20/><G33/><T1/><D104/><U47/><E117/><V0/><F0/><W3/><G42/><T74/><D74/><U37/><E101/><V127/><F65/><W10/><G3/><T93/><D9/><U119/><E119/><V19/><F71/><W78/><G78/><T38/><D38/><U51/><E37/><V81/><F127/><W106/><G29/><T5/><D5/><U13/><E63/><N who="2" m="36263" /><F19/><W31/><G31/><AGARI ba="0,0" hai="24,31,34,40,43,75,79,81" m="36263,46155" machi="31" ten="30,2000,0" yaku="13,1,54,1" doraHai="80" who="2" fromWho="3" sc="260,0,230,0,329,20,181,-20" owari="260,6.0,230,-17.0,349,44.9,161,-33.9" /></mjloggm>