<mjloggm ver="2.3"><GO type="225" lobby="0"/><UN n0="%E3%82%BC%E3%83%AB%E3%83%80%E3%81%AE%E4%BC%9D%E8%AA%AC" n1="%33%74%72%65%65" n2="%E6%B7%91%E5%A5%B3%E3%81%AE%E5%97%9C%E3%81%BF" n3="%E4%BF%BA%E3%81%A8%E5%A6%96%E5%A4%A2" dan="17,17,16,16" rate="2135.03,2118.65,2164.12,2235.95" sx="M,F,M,F"/><TAIKYOKU oya="0"/><INIT seed="0,0,0,5,3,127" ten="250,250,250,250" oya="0" hai0="129,118,98,56,84,90,14,97,109,58,125,130,120" hai1="135,59,47,46,65,17,93,37,112,126,70,49,5" hai2="33,48,73,131,19,64,87,95,96,91,123,9,3" hai3="15,32,28,67,99,117,71,36,38,57,119,31,77"/><T66/><D118/><U1/><E126/><V24/><F123/><W40/><G15/><T89/><D125/><U134/><E112/><V12/><F73/><W121/><G57/><T23/><D120/><U110/><E110/><V115/><F115/><W124/><G124/><T116/><D116/><U106/><E106/><V83/><F3/><W105/><G77/><T85/><D14/><U60/><E17/><V72/><F72/><W128/><G121/><T27/><D23/><U94/><E5/><V25/><F64/><W52/><G52/><T62/><D109/><U107/><E107/><V2/><F2/><W61/><G31/><T88/><D27/><U21/><E21/><V103/><F33/><W43/><G43/><T82/><D56/><U101/><E1/><V44/><REACH who="2" step="1"/><F131/><REACH who="2" ten="250,250,240,250" step="2"/><N who="0" m="50186" /><D89/><U78/><E65/><V104/><F104/><W76/><G128/><T122/><D122/><U54/><E135/><V79/><F79/><W132/><G76/><T80/><AGARI ba="0,1" hai="58,62,66,80,82,84,85,88,90,97,98" m="50186" machi="80" ten="30,12000,1" yaku="19,1,52,3,54,1" doraHai="127" who="0" fromWho="0" sc="250,130,250,-40,240,-40,250,-40" /><INIT seed="0,1,0,5,2,21" ten="380,210,200,210" oya="0" hai0="106,128,79,100,93,111,3,16,23,0,116,77,129" hai1="113,37,36,68,63,9,101,43,44,122,81,40,14" hai2="78,48,130,27,125,96,73,120,50,33,124,114,89" hai3="117,31,58,97,88,76,66,118,104,123,57,20,86"/><T2/><D106/><U54/><E122/><V53/><F120/><W51/><G123/><T47/><D116/><U105/><E113/><V6/><F114/><W7/><G76/><T82/><D111/><U71/><E81/><N who="2" m="45263" /><F130/><N who="0" m="50282" /><D47/><U83/><E83/><V34/><F6/><W110/><G110/><T131/><N who="0" m="50290" /><T4/><DORA hai="18" /><D4/><U13/><E105/><V10/><F10/><W75/><G75/><N who="0" m="43327" /><D79/><U133/><E44/><V119/><F119/><W61/><G7/><T65/><D65/><U8/><E133/><V126/><F53/><N who="3" m="31935" /><G104/><T85/><D85/><U70/><E54/><V46/><F46/><W74/><G74/><T112/><D112/><U59/><E43/><V108/><F108/><W62/><G118/><T132/><D132/><U41/><E40/><V72/><F72/><W24/><G117/><T134/><D134/><U5/><E41/><V107/><F107/><W29/><G97/><N who="0" m="59439" /><D3/><U30/><E37/><V38/><F38/><W17/><G62/><T98/><D98/><U64/><E36/><V91/><F96/><W67/><G67/><T15/><AGARI ba="1,0" hai="0,2,15,16,23" m="59439,43327,50290" machi="15" ten="40,7800,0" yaku="19,1,52,1,54,1" doraHai="21,18" who="0" fromWho="0" sc="380,81,210,-27,200,-27,210,-27" /><INIT seed="0,2,0,1,5,11" ten="461,183,173,183" oya="0" hai0="71,30,119,34,57,95,68,127,43,2,16,38,6" hai1="99,70,93,85,97,59,112,18,96,12,20,47,75" hai2="115,65,39,9,17,35,66,36,41,52,83,118,82" hai3="110,88,77,0,31,125,94,23,33,28,63,32,53"/><T89/><D119/><U84/><E70/><V73/><F115/><W48/><G0/><T1/><D127/><U81/><E112/><V123/><F123/><W78/><G125/><T90/><D68/><U129/><E129/><V114/><F114/><W42/><G110/><T104/><D104/><U50/><E59/><V44/><F35/><W76/><G33/><T60/><D71/><U22/><E75/><V29/><F29/><W103/><G32/><T40/><D90/><N who="1" m="53447" /><E22/><V80/><F118/><W124/><G124/><T98/><D6/><U131/><E131/><V19/><F73/><W132/><G132/><T105/><D105/><U100/><E100/><V21/><F36/><W128/><G103/><T58/><D58/><U101/><E101/><V55/><F9/><W56/><G23/><T69/><D69/><U102/><E102/><V26/><REACH who="2" step="1"/><F17/><REACH who="2" ten="461,183,163,183" step="2"/><W135/><G128/><T72/><D16/><U62/><E18/><V7/><F7/><W54/><G135/><T25/><D72/><U111/><E111/><V92/><F92/><W51/><G28/><T133/><D133/><U116/><E116/><V61/><F61/><W120/><G120/><T46/><D38/><U86/><E62/><V108/><F108/><W113/><G113/><T87/><D60/><U126/><E126/><V27/><F27/><W121/><G121/><T117/><D25/><U3/><E81/><V37/><F37/><W64/><G31/><T79/><D30/><U107/><E107/><V15/><F15/><W10/><G10/><T67/><D117/><U134/><E134/><V130/><F130/><RYUUKYOKU ba="2,1" sc="461,-10,183,-10,163,30,183,-10" hai2="19,21,26,39,41,44,52,55,65,66,80,82,83" /><INIT seed="1,3,1,4,2,33" ten="451,173,193,173" oya="1" hai0="76,79,16,108,92,25,110,131,118,22,36,28,70" hai1="88,64,56,130,107,51,57,1,93,100,97,24,63" hai2="35,6,132,12,14,111,26,102,128,83,73,134,2" hai3="71,75,7,91,109,85,116,50,55,49,37,98,89"/><U81/><E130/><V122/><F122/><W19/><G37/><T125/><D118/><U23/><E1/><V20/><F102/><W61/><G75/><T96/><D131/><U45/><E81/><V13/><F128/><W78/><G116/><T80/><D125/><U124/><E124/><V68/><F68/><W5/><G109/><N who="0" m="42091" /><D36/><U42/><E57/><V60/><F111/><W30/><G30/><T3/><D3/><U32/><E32/><V84/><F73/><W40/><G71/><T38/><D38/><U58/><E58/><V106/><F106/><W43/><G61/><T53/><D70/><U18/><REACH who="1" step="1"/><E107/><REACH who="1" ten="451,163,193,173" step="2"/><V44/><F35/><W72/><G72/><T17/><D80/><U54/><E54/><V15/><F2/><W46/><G43/><T41/><D53/><U67/><E67/><V59/><F44/><W119/><G119/><T104/><D104/><U115/><E115/><V126/><F126/><W39/><G55/><T77/><D41/><U74/><E74/><V103/><F59/><W82/><G46/><T9/><D9/><U10/><E10/><V133/><F133/><W114/><G40/><T94/><D94/><U112/><E112/><V27/><F134/><W31/><G114/><T117/><D117/><U47/><E47/><V87/><F132/><W101/><G82/><T95/><D92/><U105/><E105/><V21/><F83/><W127/><G127/><T69/><D69/><U8/><E8/><V29/><F6/><W123/><G5/><T62/><D95/><U48/><E48/><V120/><N who="2" m="3072" /><DORA hai="129" /><V11/><F60/><RYUUKYOKU ba="3,2" sc="451,-10,163,30,193,-10,173,-10" hai1="18,23,24,42,45,51,56,63,64,88,93,97,100" /><INIT seed="1,4,2,0,1,40" ten="441,193,183,163" oya="1" hai0="105,28,0,49,57,70,19,64,79,82,120,54,34" hai1="99,48,110,21,62,98,127,134,31,83,27,84,95" hai2="112,128,33,5,3,20,47,109,59,56,87,4,74" hai3="131,6,41,23,37,50,129,133,24,26,103,122,16"/><U53/><E134/><V44/><F74/><W107/><G122/><T119/><D119/><U80/><E127/><V43/><F33/><W14/><G37/><T94/><D105/><U75/><E110/><V111/><F128/><N who="3" m="49227" /><G133/><T114/><D114/><U39/><E39/><V106/><F106/><W12/><G103/><T8/><D120/><U36/><E36/><V90/><F112/><W93/><G93/><T101/><D34/><U13/><E75/><V68/><F68/><W126/><G107/><T2/><D28/><U104/><E104/><V35/><F35/><W132/><G132/><T15/><D70/><U81/><E62/><V78/><F78/><W18/><G126/><T55/><D64/><U69/><E69/><V91/><F87/><W52/><G41/><T116/><D116/><U96/><E13/><V85/><F85/><W11/><G6/><T61/><D94/><U9/><E9/><V73/><F43/><W66/><G66/><T46/><D101/><N who="1" m="60575" /><E84/><AGARI ba="4,2" hai="0,2,8,15,19,46,49,54,55,57,61,79,82,84" machi="84" ten="30,2000,0" yaku="7,1,52,1" doraHai="40" who="0" fromWho="1" sc="441,52,193,-32,183,0,163,0" /><INIT seed="2,0,0,4,2,19" ten="493,161,183,163" oya="2" hai0="30,91,132,44,33,120,95,56,16,40,133,37,65" hai1="3,63,73,123,29,7,21,87,86,10,64,39,109" hai2="43,62,53,26,76,17,108,81,93,61,0,125,112" hai3="134,20,41,89,8,48,49,9,58,126,47,68,38"/><V106/><F112/><W23/><G68/><T80/><D120/><U74/><E123/><V34/><F106/><W111/><G111/><T24/><D80/><U42/><E109/><V51/><F108/><W130/><G130/><T66/><D16/><U118/><E118/><V122/><F122/><W77/><G134/><N who="0" m="51819" /><D56/><U32/><E32/><V71/><F0/><W54/><G126/><T104/><D104/><U15/><E74/><V115/><F115/><W135/><G135/><T119/><D119/><U11/><E73/><V92/><F125/><W36/><G77/><T2/><D2/><U45/><E11/><N who="3" m="4170" /><G38/><T88/><D88/><U121/><E121/><V107/><F107/><W28/><G36/><T116/><D116/><U27/><REACH who="1" step="1"/><E3/><REACH who="1" ten="493,151,183,163" step="2"/><V5/><F34/><W131/><G131/><T82/><D82/><U98/><E98/><AGARI ba="0,1" hai="24,30,33,37,40,44,65,66,91,95,98" m="51819" machi="98" ten="30,1000,0" yaku="20,1" doraHai="19" who="0" fromWho="1" sc="493,20,151,-10,183,0,163,0" /><INIT seed="3,0,0,4,3,43" ten="513,141,183,163" oya="3" hai0="55,132,82,85,114,117,84,129,103,29,99,121,95" hai1="38,58,19,46,118,96,76,35,12,1,124,87,75" hai2="15,128,63,104,54,30,73,72,79,77,10,115,116" hai3="3,9,97,51,59,36,50,133,25,91,70,78,27"/><W18/><G70/><T108/><D121/><U113/><E113/><V98/><F30/><W107/><G36/><T80/><D117/><U119/><E1/><V32/><F32/><W49/><G133/><T83/><D132/><U34/><E75/><V24/><F104/><W37/><G37/><T65/><D114/><U52/><E96/><V86/><F63/><W7/><G78/><T127/><D108/><U109/><E109/><V134/><F24/><W28/><G18/><T6/><D127/><U120/><E120/><V61/><F61/><W53/><G27/><T64/><D129/><U100/><E100/><V123/><F79/><W2/><G2/><T69/><D69/><U13/><E124/><V48/><F15/><N who="1" m="5705" /><E19/><V60/><F73/><W110/><G110/><T62/><D29/><U40/><E87/><N who="0" m="33353" /><D6/><U57/><E76/><V89/><F77/><W41/><G41/><T101/><D101/><U31/><E31/><V44/><F72/><W112/><G112/><T122/><D122/><U74/><E74/><V126/><F134/><W22/><REACH who="3" step="1"/><G107/><REACH who="3" ten="513,141,183,153" step="2"/><T17/><D17/><U68/><E68/><V135/><F135/><W81/><G81/><T23/><D83/><U105/><E105/><V8/><F115/><W71/><G71/><T94/><D82/><U125/><E125/><V90/><F126/><W47/><G47/><T42/><D42/><U21/><E118/><V66/><F116/><W56/><G56/><N who="1" m="21610" /><E119/><V5/><F123/><W4/><G4/><T102/><D80/><U106/><E106/><V130/><F5/><W14/><G14/><T92/><D23/><RYUUKYOKU ba="0,1" sc="513,-10,141,-10,183,-10,153,30" hai3="3,7,9,22,25,28,49,50,51,53,59,91,97" /><INIT seed="3,1,1,2,2,104" ten="503,131,173,183" oya="3" hai0="36,96,125,48,75,124,55,65,17,61,30,83,31" hai1="7,90,3,107,132,63,58,105,9,0,77,120,13" hai2="11,21,59,45,117,134,54,112,114,78,100,49,22" hai3="95,27,76,110,25,127,92,35,64,2,43,115,70"/><W32/><G115/><T123/><D123/><U12/><E120/><V62/><F117/><W38/><G2/><T101/><D36/><U121/><E121/><V133/><F100/><W108/><G127/><N who="0" m="48715" /><D17/><U16/><E132/><N who="2" m="50795" /><F78/><W18/><G76/><N who="0" m="44447" /><D48/><U53/><E77/><V81/><F81/><W37/><G64/><T73/><D55/><U79/><E79/><V39/><F39/><N who="3" m="14859" /><G70/><N who="0" m="42287" /><D73/><U122/><E122/><V82/><F82/><W80/><G80/><T72/><D72/><U51/><E51/><V28/><F28/><W111/><G43/><T71/><D71/><U34/><E34/><N who="3" m="12842" /><G18/><T109/><D31/><U52/><E53/><N who="2" m="34159" /><F11/><W8/><G8/><T131/><D30/><U42/><E42/><V60/><F60/><W93/><AGARI ba="1,1" hai="25,27,92,93,95,108,110,111" m="12842,14859" machi="93" ten="50,12000,1" yaku="28,2,14,1,10,1" doraHai="104" who="3" fromWho="3" sc="503,-41,131,-41,173,-41,183,133" /><INIT seed="3,2,0,0,1,1" ten="462,90,132,316" oya="3" hai0="116,67,28,31,60,95,37,70,14,17,0,133,10" hai1="120,16,40,58,41,81,84,26,130,8,74,89,11" hai2="51,6,94,48,93,92,76,22,18,123,64,21,71" hai3="47,129,54,90,85,86,69,49,132,35,29,34,3"/><W39/><G69/><T61/><D116/><U110/><E120/><V2/><F123/><W12/><G3/><T102/><D37/><U124/><E124/><V112/><F112/><W44/><G132/><T105/><D105/><U9/><E130/><V19/><F76/><W100/><G129/><T78/><D133/><U30/><E110/><V20/><F71/><W46/><G100/><T114/><D114/><U106/><E106/><V135/><F135/><W4/><G86/><T111/><D111/><U113/><E113/><V117/><F64/><W83/><G29/><N who="0" m="11339" /><D0/><U56/><E30/><V38/><F38/><W72/><G72/><T91/><D70/><U108/><E74/><V82/><F82/><W122/><G122/><T36/><D36/><U121/><E121/><V24/><F117/><W43/><REACH who="3" step="1"/><G46/><REACH who="3" ten="462,90,132,306" step="2"/><T68/><D68/><U25/><E108/><V50/><F24/><W57/><G57/><N who="1" m="22122" /><E26/><V63/><F63/><W109/><G109/><T15/><D102/><U115/><E115/><V53/><F2/><W103/><G103/><T107/><D107/><U87/><E87/><V13/><F93/><W134/><G134/><T32/><D95/><U77/><E77/><V23/><F92/><W80/><G80/><T66/><D60/><U97/><E97/><V7/><F94/><W73/><G73/><T33/><D78/><U5/><E5/><N who="2" m="1547" /><F18/><W98/><G98/><T79/><D79/><U118/><E118/><V45/><AGARI ba="2,1" hai="13,19,20,21,22,23,45,48,50,51,53" m="1547" machi="45" ten="30,7900,0" yaku="8,1,52,3" doraHai="1" who="2" fromWho="2" sc="462,-22,90,-22,132,95,306,-41" owari="440,54.0,68,-43.2,227,-17.3,265,6.5" /></mjloggm>