<mjloggm ver="2.3"><GO type="225" lobby="0"/><UN n0="%E3%83%96%E3%83%83%E3%83%91%E3%82%AA%E3%83%96%E3%83%81%E3%82%AD%E3%83%B3" n1="%E7%B4%94%E6%BD%94%E3%83%94%E3%83%A9%E3%83%8B%E3%82%A2" n2="%E5%91%A8%E6%9D%B1" n3="%E6%98%93%E5%88%A9%E8%96%A9%E4%BC%AF" dan="16,16,16,17" rate="2157.30,2140.43,2138.21,2174.29" sx="M,M,M,F"/><TAIKYOKU oya="0"/><INIT seed="0,0,0,3,2,64" ten="250,250,250,250" oya="0" hai0="27,90,25,80,72,16,62,107,121,124,70,5,2" hai1="93,22,36,128,135,133,101,61,11,120,56,118,29" hai2="95,122,9,75,54,100,3,51,7,113,73,60,127" hai3="0,57,43,50,117,37,96,109,4,83,63,85,89"/><T15/><D121/><U10/><E120/><V31/><F122/><W14/><G117/><T35/><D107/><U98/><E36/><V67/><F127/><W24/><G37/><T21/><D124/><U108/><E108/><V110/><F110/><W12/><G109/><T99/><D99/><U69/><E128/><V115/><F31/><W105/><G24/><T6/><D2/><U18/><E29/><V40/><F40/><W71/><G0/><T20/><D35/><U46/><E46/><V97/><F113/><W33/><G4/><N who="0" m="1643" /><D70/><U59/><E69/><V94/><F94/><W92/><G105/><T53/><D72/><U129/><E129/><V114/><F115/><W84/><G84/><N who="0" m="50439" /><D21/><U106/><E106/><V116/><F116/><W19/><G33/><T28/><D28/><U58/><E118/><V1/><F1/><W65/><G19/><T76/><D76/><U48/><E48/><V86/><F86/><W112/><G112/><T30/><D30/><U111/><E61/><V23/><F23/><W26/><G26/><T8/><D8/><U68/><E68/><N who="2" m="42087" /><F114/><W77/><REACH who="3" step="1"/><G71/><REACH who="3" ten="250,250,250,240" step="2"/><T41/><D41/><U79/><E111/><V32/><F32/><W126/><G126/><T125/><D125/><U119/><E119/><V66/><F75/><W130/><G130/><T45/><D45/><AGARI ba="0,1" hai="12,14,43,45,50,57,63,65,77,83,85,89,92,96" machi="45" ten="40,5200,0" yaku="1,1,8,1,53,1" doraHai="64" doraHaiUra="52" who="3" fromWho="0" sc="250,-52,250,0,250,0,240,62" /><INIT seed="1,0,0,3,3,1" ten="198,250,250,302" oya="1" hai0="126,49,12,107,51,131,95,96,127,74,27,55,25" hai1="130,57,33,116,83,5,105,29,45,90,66,123,93" hai2="40,64,31,20,117,113,88,52,61,65,77,72,129" hai3="68,84,58,100,79,132,97,17,35,110,53,18,0"/><U11/><E105/><V24/><F129/><W133/><G68/><T75/><D107/><U128/><E116/><V71/><F117/><W134/><G35/><T10/><D131/><N who="1" m="50219" /><E123/><V98/><F113/><W81/><G0/><T109/><D109/><U59/><E83/><V43/><F65/><W32/><G32/><T7/><D75/><U76/><E76/><V41/><F72/><W102/><G110/><T6/><D74/><U2/><E66/><V30/><F77/><W91/><G79/><T28/><D51/><U19/><E19/><N who="3" m="7178" /><G97/><T15/><D127/><U56/><E45/><V8/><F8/><W85/><G85/><T22/><D126/><U80/><E80/><V38/><F31/><W103/><G103/><T120/><D120/><U26/><E57/><N who="2" m="34983" /><F38/><W122/><G122/><T124/><D124/><U54/><E54/><V89/><F71/><W70/><G70/><T121/><D121/><U62/><E62/><AGARI ba="0,0" hai="53,58,62,81,84,91,100,102,132,133,134" m="7178" machi="62" ten="30,1000,0" yaku="20,1" doraHai="1" who="3" fromWho="1" sc="198,0,250,-10,250,0,302,10" /><INIT seed="2,0,0,0,2,98" ten="198,240,250,312" oya="2" hai0="36,79,114,95,39,6,13,40,129,119,68,7,10" hai1="49,123,81,124,88,118,80,91,92,97,115,105,84" hai2="1,23,100,18,75,102,85,116,37,25,3,101,2" hai3="26,50,8,60,120,0,43,99,113,34,54,65,126"/><V22/><F75/><W133/><G113/><T28/><D114/><U78/><E115/><V19/><F37/><W46/><G120/><T41/><D68/><U83/><E49/><V96/><F85/><W109/><G109/><T59/><D129/><U16/><E16/><V89/><F116/><W66/><G133/><T117/><D28/><U56/><E56/><V15/><REACH who="2" step="1"/><F89/><REACH who="2" ten="198,240,240,312" step="2"/><W73/><G73/><T42/><D39/><U45/><E118/><N who="0" m="45065" /><D36/><U67/><E91/><V111/><F111/><W86/><G86/><T27/><D79/><U127/><E78/><V29/><F29/><W57/><G99/><AGARI ba="0,1" hai="1,2,3,15,18,19,22,23,25,96,99,100,101,102" machi="99" ten="50,12000,1" yaku="1,1,52,3,53,0" doraHai="98" doraHaiUra="132" who="2" fromWho="3" sc="198,0,240,0,240,130,312,-120" /><INIT seed="2,1,0,1,3,8" ten="198,240,370,192" oya="2" hai0="27,126,105,76,92,117,62,17,9,37,56,69,32" hai1="134,59,21,85,26,41,45,79,70,0,119,87,28" hai2="91,67,18,10,114,93,106,110,57,29,50,89,6" hai3="120,5,42,88,115,94,100,40,104,38,101,122,82"/><V46/><F106/><W135/><G135/><T109/><D105/><U44/><E70/><V39/><F18/><W84/><G115/><T108/><D37/><U99/><E0/><V15/><F29/><W19/><G104/><T11/><D69/><U33/><E119/><V73/><F73/><W130/><G130/><T81/><D117/><U22/><E134/><V66/><F39/><W49/><G38/><T47/><D126/><U7/><E7/><V53/><F110/><N who="0" m="42602" /><D47/><U77/><E99/><N who="2" m="57775" /><F114/><W12/><G5/><T95/><D9/><U127/><E59/><V123/><F123/><W78/><G122/><T124/><D124/><U30/><E33/><V121/><F121/><W113/><G113/><T112/><D112/><U55/><E41/><N who="2" m="24911" /><F91/><W35/><G35/><T71/><D71/><U65/><E55/><V86/><F86/><W98/><G120/><T13/><D32/><U63/><E127/><V61/><AGARI ba="1,0" hai="6,10,15,53,57,61,66,67" m="24911,57775" machi="61" ten="30,3000,0" yaku="8,1,52,1" doraHai="8" who="2" fromWho="2" sc="198,-11,240,-11,370,33,192,-11" /><INIT seed="2,2,0,0,4,83" ten="187,229,403,181" oya="2" hai0="69,4,23,127,109,78,67,86,25,100,72,27,124" hai1="28,73,89,26,76,131,31,53,45,61,52,102,40" hai2="38,57,120,77,30,32,116,9,37,103,10,104,54" hai3="2,97,105,90,71,128,66,112,96,43,44,126,8"/><V64/><F120/><W134/><G134/><T132/><D72/><U117/><E117/><V15/><F116/><W133/><G128/><T0/><D132/><U115/><E115/><V106/><F77/><W17/><G133/><T11/><D109/><U101/><E73/><V79/><F79/><W93/><G112/><T118/><D118/><U12/><E76/><V88/><F64/><W5/><G126/><N who="0" m="48171" /><D100/><U41/><E12/><V65/><F65/><W123/><G123/><T24/><D67/><U130/><E89/><V51/><F10/><W16/><G105/><T59/><D69/><U34/><E45/><V110/><F30/><W122/><G97/><T35/><D59/><U29/><E29/><V33/><F32/><W21/><G21/><T85/><D35/><U63/><E34/><V39/><F33/><W70/><G122/><T84/><D78/><U75/><E75/><V108/><F103/><W22/><G66/><T113/><D113/><U1/><E26/><V74/><F74/><W95/><G95/><T48/><D48/><U62/><E62/><V125/><F125/><W114/><G114/><T36/><D36/><U87/><E1/><V3/><F3/><W14/><REACH who="3" step="1"/><G17/><AGARI ba="2,0" hai="0,4,11,17,23,24,25,27,84,85,86" m="48171" machi="17" ten="30,7700,0" yaku="18,1,52,3" doraHai="83" who="0" fromWho="3" sc="187,83,229,0,403,0,181,-83" /><INIT seed="3,0,0,0,4,29" ten="270,229,403,98" oya="3" hai0="32,87,57,107,101,34,132,7,73,26,94,110,16" hai1="58,90,51,98,28,106,116,130,103,104,133,67,91" hai2="48,12,93,30,113,40,21,61,59,25,68,5,41" hai3="131,120,76,88,60,8,75,35,83,13,81,72,47"/><W15/><G120/><T6/><D73/><U102/><E116/><V124/><F68/><W1/><G131/><T64/><D107/><U135/><E28/><V52/><F113/><W53/><G35/><T134/><D110/><U125/><E125/><V56/><F124/><W38/><G1/><T79/><D64/><U89/><E67/><N who="2" m="39335" /><F93/><W111/><G111/><T80/><D57/><U108/><E58/><V3/><F3/><W27/><G27/><T71/><D71/><U24/><E24/><V62/><F62/><W42/><G60/><T86/><D16/><U19/><E19/><V36/><F36/><W122/><G122/><T50/><D50/><U49/><E51/><V14/><F12/><W63/><G63/><T85/><D85/><U18/><E49/><V4/><F5/><N who="0" m="1546" /><D26/><U55/><E18/><V31/><F31/><W127/><G127/><T82/><D94/><U123/><E55/><V11/><AGARI ba="0,0" hai="4,11,14,21,25,30,40,41,48,52,59" m="39335" machi="11" ten="30,2000,0" yaku="8,1,54,1" doraHai="29" who="2" fromWho="2" sc="270,-5,229,-5,403,20,98,-10" owari="265,6.5,224,-17.6,423,52.3,88,-41.2" /></mjloggm>