<mjloggm ver="2.3"><GO type="225" lobby="0"/><UN n0="%E3%82%A2%E3%83%9E%E3%83%9D%EF%BD%9E%EF%BD%9E%E3%83%A9" n1="%E3%81%BE%E3%81%A8%E3%81%9F" n2="%E5%B6%BA%E4%B8%8A%E5%92%B2" n3="%E3%83%96%E3%83%83%E3%83%91%E3%82%AA%E3%83%96%E3%83%81%E3%82%AD%E3%83%B3" dan="17,16,16,16" rate="2098.97,2085.56,2137.17,2176.08" sx="M,M,F,M"/><TAIKYOKU oya="0"/><INIT seed="0,0,0,3,4,113" ten="250,250,250,250" oya="0" hai0="13,7,46,43,36,112,81,48,126,83,79,127,24" hai1="2,18,118,3,1,63,33,54,73,125,67,37,91" hai2="103,31,30,10,8,20,16,22,122,25,28,88,131" hai3="101,38,94,82,72,44,11,68,35,19,32,39,77"/><T78/><D112/><U49/><E37/><V45/><F122/><W115/><G115/><T4/><D36/><U95/><E73/><V5/><F103/><W98/><G68/><T52/><D43/><U74/><E74/><V17/><F45/><W119/><G39/><T124/><D24/><U99/><E125/><V106/><F106/><W47/><G44/><T21/><D21/><U71/><E33/><V92/><F131/><W90/><G119/><T27/><D27/><U109/><E109/><V121/><F121/><W89/><G89/><T70/><D70/><U133/><E133/><V96/><F5/><N who="0" m="2122" /><D13/><AGARI ba="0,0" hai="8,10,13,16,17,20,22,25,28,30,31,88,92,96" machi="13" ten="40,5200,0" yaku="8,1,54,2" doraHai="113" who="2" fromWho="0" sc="250,-52,250,0,250,52,250,0" /><INIT seed="1,0,0,2,0,3" ten="198,250,302,250" oya="1" hai0="53,38,60,7,84,92,33,65,104,66,10,52,27" hai1="23,21,29,61,130,83,87,88,78,59,8,96,14" hai2="26,132,134,18,80,97,111,93,90,109,63,79,127" hai3="119,77,9,1,74,25,19,101,113,36,68,0,105"/><U24/><E130/><V70/><F70/><W42/><G113/><T100/><D38/><U131/><E131/><V30/><F63/><W40/><G119/><T116/><D116/><U12/><E23/><V81/><F18/><W86/><G68/><N who="0" m="42023" /><D84/><U43/><E43/><V94/><F127/><W106/><G86/><T20/><D92/><N who="1" m="56327" /><E8/><V114/><F114/><W37/><G25/><T15/><D66/><AGARI ba="0,0" hai="12,14,21,24,29,59,61,66,78,83,87" m="56327" machi="66" ten="30,2900,0" yaku="8,1,54,1" doraHai="3" who="1" fromWho="0" sc="198,-29,250,29,302,0,250,0" /><INIT seed="1,1,0,1,1,12" ten="169,279,302,250" oya="1" hai0="10,48,25,99,115,135,9,105,23,109,74,56,107" hai1="19,73,7,60,118,46,98,96,40,32,28,101,128" hai2="117,57,3,14,79,66,116,80,53,37,6,110,63" hai3="64,33,51,95,17,4,126,111,44,65,18,108,90"/><U112/><E73/><V87/><F37/><W120/><G33/><T41/><D115/><U106/><E7/><V76/><F110/><N who="3" m="42027" /><G120/><T88/><D74/><U94/><E118/><V123/><F3/><W89/><G126/><T21/><D135/><U29/><E32/><V113/><F123/><W93/><G4/><T72/><D72/><U103/><E112/><V71/><F113/><W134/><G134/><T104/><D109/><U31/><E60/><V69/><F79/><W49/><G65/><T8/><D56/><U121/><E128/><V34/><F34/><W59/><G64/><T27/><D27/><U16/><REACH who="1" step="1"/><E121/><REACH who="1" ten="169,269,302,250" step="2"/><V84/><F116/><W55/><G51/><AGARI ba="1,1" hai="16,19,28,29,31,40,46,51,94,96,98,101,103,106" machi="51" ten="40,12000,1" yaku="1,1,2,1,52,2,54,1,53,0" doraHai="12" doraHaiUra="114" who="1" fromWho="3" sc="169,0,269,133,302,0,250,-123" /><INIT seed="1,2,0,0,0,121" ten="169,402,302,127" oya="1" hai0="114,90,57,23,79,11,9,78,98,105,37,25,132" hai1="31,135,34,130,56,99,42,61,118,26,3,89,110" hai2="27,123,45,19,107,6,67,94,66,92,1,13,95" hai3="15,2,129,97,55,88,47,101,18,10,83,62,111"/><U124/><E118/><V76/><F107/><W4/><G129/><T50/><D37/><U133/><E3/><V22/><F1/><W84/><G111/><T16/><D114/><U86/><E110/><V38/><F123/><W128/><G128/><T0/><D132/><U72/><E72/><V75/><F75/><W81/><G81/><T39/><D39/><U119/><E119/><V21/><F76/><N who="0" m="29226" /><D105/><U40/><E99/><V120/><F120/><W87/><G87/><T80/><D0/><U17/><E124/><V115/><F115/><W109/><G109/><T68/><D68/><U53/><E17/><V127/><F127/><W52/><G62/><T58/><D98/><U48/><E130/><V51/><F38/><W63/><G63/><T59/><D50/><U33/><E33/><V35/><F35/><W117/><G47/><T44/><D44/><U54/><E133/><V116/><F116/><W131/><G131/><T24/><D25/><U106/><E106/><V5/><F5/><W41/><G41/><T125/><D125/><U100/><E42/><N who="2" m="25015" /><F6/><W43/><G43/><T122/><D122/><U82/><E40/><V93/><N who="2" m="23552" /><DORA hai="112" /><V70/><F70/><W28/><G117/><T32/><D32/><U20/><E135/><V102/><F102/><W29/><G101/><T104/><D104/><U96/><E34/><V74/><F74/><W113/><G97/><T49/><D49/><U126/><E126/><V14/><F14/><N who="3" m="5447" /><G113/><T103/><D103/><U91/><E100/><V30/><AGARI ba="2,0" hai="13,19,21,22,27,30,66,67" m="23552,25015" machi="30" ten="40,1500,0" yaku="8,1" doraHai="121,112" who="2" fromWho="2" sc="169,-6,402,-9,302,21,127,-6" /><INIT seed="2,0,0,4,1,117" ten="163,393,323,121" oya="2" hai0="85,125,86,29,74,92,118,113,87,93,19,43,64" hai1="53,22,114,16,102,38,14,9,103,52,13,31,108" hai2="112,58,33,12,17,68,94,76,104,127,49,10,8" hai3="1,47,0,27,126,109,84,120,133,116,62,97,56"/><V28/><F68/><W106/><G116/><T5/><D113/><U111/><E38/><V15/><F104/><W88/><G109/><N who="1" m="42058" /><E114/><V124/><F76/><W123/><G47/><T91/><D74/><U96/><E31/><V44/><F112/><W20/><G126/><N who="2" m="48169" /><F94/><W25/><G133/><T115/><D115/><U129/><E129/><V18/><F58/><W42/><G42/><T34/><D43/><U134/><E134/><V41/><F28/><W70/><G70/><T75/><D93/><N who="1" m="58639" /><E103/><V63/><F63/><W67/><G106/><T39/><D29/><U83/><E83/><V37/><F33/><W3/><G97/><T46/><D34/><U81/><E81/><V11/><F37/><W72/><G72/><T55/><D75/><U122/><E122/><V132/><F132/><W35/><G35/><T57/><D118/><U23/><E23/><AGARI ba="0,0" hai="8,10,11,12,15,17,18,23,41,44,49" m="48169" machi="23" ten="30,1500,0" yaku="18,1" doraHai="117" who="2" fromWho="1" sc="163,0,393,-15,323,15,121,0" /><INIT seed="2,1,0,5,2,96" ten="163,378,338,121" oya="2" hai0="14,92,51,84,47,123,19,11,36,3,56,12,90" hai1="119,44,1,99,27,93,18,48,23,29,63,39,129" hai2="68,52,38,31,105,76,26,53,59,109,28,82,54" hai3="5,126,43,97,42,118,49,104,15,102,117,100,16"/><V135/><F68/><W6/><G126/><T110/><D110/><U10/><E119/><V87/><F105/><W80/><G80/><T72/><D123/><U131/><E39/><V0/><F38/><W134/><G134/><T132/><D132/><U81/><E81/><V9/><F109/><W130/><G130/><N who="1" m="49674" /><E63/><V107/><F107/><W124/><G124/><T55/><D72/><U125/><E125/><V46/><F135/><W83/><G83/><T88/><D3/><U24/><E1/><V122/><F122/><W13/><G104/><T85/><D14/><U8/><E93/><V103/><F103/><W91/><G97/><T60/><D36/><U61/><E61/><V50/><F26/><W4/><G91/><N who="0" m="34859" /><D92/><U79/><E79/><V67/><F67/><AGARI ba="1,0" hai="11,12,19,47,51,55,56,60,67,84,85" m="34859" machi="67" ten="30,2000,0" yaku="8,1,54,1" doraHai="96" who="0" fromWho="2" sc="163,23,378,0,338,-23,121,0" /><INIT seed="3,0,0,5,1,64" ten="186,378,315,121" oya="3" hai0="77,9,119,34,82,1,125,49,116,31,102,96,123" hai1="84,79,132,99,120,122,46,83,53,68,124,38,92" hai2="36,6,18,90,2,103,29,41,35,56,115,27,28" hai3="72,21,42,61,32,86,33,54,11,51,74,13,97"/><W111/><G21/><T85/><D125/><U22/><E68/><V0/><F103/><W55/><G86/><T17/><D123/><U19/><E124/><V50/><F36/><W3/><G3/><T39/><D39/><U101/><E132/><V63/><F90/><W109/><G97/><T75/><D85/><U69/><E69/><V25/><F115/><W108/><G61/><T59/><D59/><U23/><E23/><V37/><F37/><W106/><G106/><N who="0" m="63815" /><D49/><U127/><E127/><V110/><F110/><N who="3" m="28163" /><W81/><DORA hai="78" /><G42/><T10/><D17/><U30/><E30/><V48/><F28/><W58/><G55/><T126/><D10/><U65/><E53/><V20/><F41/><W5/><G74/><T43/><D43/><U14/><E120/><V114/><F114/><W24/><G24/><N who="0" m="18791" /><D126/><U118/><E122/><V57/><F0/><W130/><G130/><T95/><D95/><U91/><E92/><V133/><F133/><W26/><G26/><T4/><AGARI ba="0,0" hai="1,4,9,75,77,82,116,119" m="18791,63815" machi="4" ten="30,2000,0" yaku="23,1,52,1" doraHai="64,78" who="0" fromWho="0" sc="186,20,378,-5,315,-5,121,-10" owari="206,-19.4,373,47.3,310,11.0,111,-38.9" /></mjloggm>