<mjloggm ver="2.3"><GO type="225" lobby="0"/><UN n0="%E3%83%96%E3%83%83%E3%83%91%E3%82%AA%E3%83%96%E3%83%81%E3%82%AD%E3%83%B3" n1="%E9%97%98%E5%B0%86%E3%81%A0%E3%82%93%E3%81%A7%E3%81%83" n2="%E3%81%90%E3%81%A1%E3%82%84%E3%81%BE" n3="%74%75%72%74%6C%65%2E" dan="16,16,16,16" rate="2147.24,2086.52,2132.47,2101.04" sx="M,M,M,M"/><TAIKYOKU oya="0"/><INIT seed="0,0,0,1,3,135" ten="250,250,250,250" oya="0" hai0="132,59,57,48,3,100,124,30,5,79,52,83,119" hai1="0,37,86,116,10,133,130,87,31,8,103,113,111" hai2="56,90,134,99,40,68,50,6,58,120,55,25,126" hai3="96,45,98,110,74,101,128,78,36,125,93,20,1"/><T27/><D119/><U41/><E116/><V97/><F120/><W42/><G110/><T29/><D132/><U39/><E133/><V131/><F68/><W127/><G128/><T18/><D100/><U11/><E0/><V117/><F131/><W121/><G121/><T2/><D124/><N who="3" m="47689" /><G1/><T53/><D18/><U38/><E41/><V71/><F71/><W4/><G4/><T80/><D5/><U72/><E31/><V16/><F117/><W104/><G78/><T75/><D83/><U62/><E103/><V76/><F76/><W67/><G74/><T91/><D91/><U85/><E62/><V122/><F122/><W12/><G67/><T9/><D9/><U33/><E130/><V7/><F126/><W114/><G114/><T32/><REACH who="0" step="1"/><D30/><REACH who="0" ten="240,250,250,250" step="2"/><U84/><E11/><V49/><F134/><W102/><G20/><T82/><D82/><U21/><E21/><V77/><F6/><W44/><G12/><T60/><AGARI ba="0,1" hai="2,3,27,29,32,48,52,53,57,59,60,75,79,80" machi="60" ten="20,7800,0" yaku="1,1,0,1,7,1,54,1,53,0" doraHai="135" doraHaiUra="17" who="0" fromWho="0" sc="240,88,250,-26,250,-26,250,-26" /><INIT seed="0,1,0,5,2,128" ten="328,224,224,224" oya="0" hai0="20,30,46,129,106,84,38,47,124,3,105,115,130" hai1="59,93,51,24,10,81,65,35,4,121,55,64,118" hai2="54,5,109,96,126,48,36,40,74,119,102,95,27" hai3="44,108,125,45,28,91,15,50,0,99,12,63,41"/><T97/><D115/><U49/><E118/><V122/><F122/><W132/><G0/><T75/><D75/><U22/><E121/><V7/><F74/><W113/><G113/><T29/><D3/><U42/><E35/><V39/><F109/><W62/><G108/><T26/><D124/><U18/><E81/><V131/><F126/><W83/><G125/><T92/><D30/><U94/><E42/><V31/><F131/><N who="0" m="50186" /><D84/><U21/><E51/><V68/><F68/><W107/><G28/><T11/><D11/><U76/><E76/><V112/><F119/><W66/><G63/><T114/><D114/><U110/><E22/><V53/><F112/><W133/><G45/><N who="0" m="16907" /><D38/><U116/><E116/><V104/><F39/><W8/><G83/><T111/><D111/><U32/><E32/><V135/><F36/><W69/><G91/><AGARI ba="1,0" hai="20,26,29,91,92,97,105,106" m="16907,50186" machi="91" ten="30,1500,0" yaku="19,1" doraHai="128" who="0" fromWho="3" sc="328,18,224,0,224,0,224,-18" /><INIT seed="0,2,0,4,5,39" ten="346,224,224,206" oya="0" hai0="111,60,91,26,95,78,35,128,0,63,98,58,105" hai1="44,67,54,118,40,114,3,36,9,53,96,30,33" hai2="66,14,4,134,124,75,57,18,121,119,37,122,129" hai3="13,74,12,81,92,120,43,83,102,90,131,88,103"/><T123/><D123/><U135/><E118/><V55/><F75/><W86/><G131/><T104/><D128/><U56/><E135/><V31/><F129/><W69/><G69/><T50/><D0/><U29/><E114/><V80/><F134/><W1/><G1/><T115/><D115/><U7/><E67/><V99/><F124/><W17/><G120/><T8/><D78/><U64/><E64/><V89/><F37/><W126/><G126/><T73/><D73/><U109/><E109/><V42/><F119/><W49/><G74/><T65/><D111/><U59/><E33/><V48/><F4/><W100/><G81/><T93/><D8/><U85/><E96/><V94/><F66/><W87/><REACH who="3" step="1"/><G17/><REACH who="3" ten="346,224,224,196" step="2"/><T106/><D106/><U45/><E3/><V32/><F122/><W133/><G133/><T46/><D105/><U130/><E130/><V132/><F121/><W62/><G62/><T84/><D104/><U27/><E7/><V2/><F2/><W21/><G21/><T25/><D63/><U10/><E10/><V77/><F132/><W68/><G68/><T23/><D23/><U19/><E9/><V34/><F31/><W117/><G117/><T11/><D35/><U112/><E112/><V82/><F82/><W79/><G79/><T125/><D11/><U6/><E6/><V70/><F70/><W24/><G24/><T51/><D125/><U22/><E29/><V72/><F34/><W41/><G41/><T116/><D116/><U20/><E30/><V107/><F32/><W127/><G127/><T101/><D101/><U61/><E61/><RYUUKYOKU ba="2,1" sc="346,-10,224,-10,224,-10,196,30" hai3="12,13,43,49,83,86,87,88,90,92,100,102,103" /><INIT seed="1,3,1,5,1,56" ten="336,214,214,226" oya="1" hai0="119,49,120,9,63,37,68,105,22,25,88,52,86" hai1="67,99,14,47,87,78,89,16,124,121,102,84,17" hai2="38,65,85,8,13,18,135,95,108,101,60,4,73" hai3="66,71,74,117,2,7,79,42,57,128,134,34,28"/><U24/><E121/><V11/><F73/><W81/><G57/><T45/><D120/><U12/><E124/><V32/><F32/><W30/><G30/><T61/><D119/><U125/><E125/><V104/><F38/><W55/><G55/><T100/><D37/><U29/><E67/><V20/><F108/><W77/><G77/><T118/><D68/><U127/><E127/><V48/><F135/><W93/><G93/><T107/><D118/><U23/><E78/><V76/><F104/><W70/><G117/><T122/><D122/><U3/><E3/><V33/><F33/><W90/><G90/><T80/><D9/><U112/><E112/><V21/><F48/><W72/><G72/><T27/><D27/><U97/><E47/><V110/><F110/><W82/><G82/><T40/><D40/><U50/><E50/><V46/><F46/><W1/><G42/><T116/><D116/><U111/><E111/><V41/><F41/><W54/><G54/><T51/><D51/><U131/><E131/><V123/><F123/><W64/><G134/><T39/><D39/><U58/><E58/><N who="2" m="37015" /><F76/><W26/><G128/><T126/><D126/><U91/><E102/><V44/><F44/><W92/><G92/><T98/><D107/><U6/><E6/><V62/><F62/><N who="3" m="40215" /><G7/><T103/><D103/><U36/><E36/><V15/><F101/><W59/><G59/><T133/><D133/><U96/><E89/><AGARI ba="3,1" hai="4,8,11,13,15,18,20,21,85,89,95" m="37015" machi="89" ten="30,2000,0" yaku="8,1,52,1" doraHai="56" who="2" fromWho="1" sc="336,0,214,-29,214,39,226,0" /><INIT seed="2,0,0,1,4,18" ten="336,185,253,226" oya="2" hai0="132,58,63,42,119,68,38,2,49,52,78,15,59" hai1="75,71,22,54,87,81,76,93,97,121,45,133,51" hai2="12,107,89,26,134,34,19,84,35,126,96,115,129" hai3="80,10,24,79,100,98,64,4,125,99,91,95,116"/><V28/><F115/><W102/><G125/><T8/><D132/><U53/><E133/><V103/><F134/><W67/><G116/><T105/><D119/><U128/><E128/><V122/><F122/><W31/><G91/><T36/><D105/><U66/><E121/><V113/><F129/><W44/><G44/><N who="0" m="25751" /><D15/><U127/><E127/><V32/><F126/><W57/><G57/><N who="0" m="35239" /><D8/><U74/><E71/><V39/><F39/><N who="0" m="14890" /><D78/><U83/><E66/><V60/><F60/><W108/><G108/><T65/><D2/><U40/><E74/><V85/><F113/><W41/><G41/><T3/><D3/><U9/><E9/><V88/><F85/><W70/><G70/><T120/><D120/><U90/><REACH who="1" step="1"/><E22/><REACH who="1" ten="336,175,253,226" step="2"/><V110/><F110/><W6/><G10/><T55/><D55/><U30/><E30/><V1/><F28/><W94/><G67/><T13/><D13/><U47/><E47/><V29/><F1/><W20/><G64/><T37/><D37/><U112/><E112/><V14/><F14/><W23/><REACH who="3" step="1"/><G20/><REACH who="3" ten="336,175,253,216" step="2"/><T69/><D69/><U0/><E0/><V25/><F35/><W43/><G43/><T5/><D68/><U11/><E11/><V130/><F34/><W135/><G135/><T62/><D65/><U123/><E123/><V56/><F32/><W117/><G117/><T111/><D111/><U16/><E16/><V50/><F19/><W82/><G82/><T109/><D109/><U86/><E86/><AGARI ba="0,2" hai="4,6,23,24,31,79,80,86,94,95,98,99,100,102" machi="86" ten="30,8000,1" yaku="1,1,7,1,9,1,8,1,52,1,53,0" doraHai="18" doraHaiUra="118" who="3" fromWho="1" sc="336,0,175,-80,253,0,216,100" /><INIT seed="3,0,0,1,2,65" ten="336,95,253,316" oya="3" hai0="10,115,58,105,127,12,16,31,118,29,72,75,38" hai1="77,93,83,11,97,131,91,63,48,39,129,122,50" hai2="13,135,121,7,125,23,101,40,27,106,32,134,90" hai3="112,37,52,80,78,76,36,108,4,74,26,41,132"/><W17/><G112/><T0/><D118/><U94/><E39/><V46/><F106/><W102/><G132/><N who="2" m="50729" /><F101/><W28/><G17/><T53/><D105/><U51/><E63/><V120/><F90/><W34/><G102/><T99/><D38/><U73/><E11/><N who="2" m="4351" /><F46/><W33/><G33/><T8/><D127/><U49/><N who="1" m="12288" /><DORA hai="54" /><U110/><E110/><V61/><F61/><W95/><G108/><T45/><D45/><U79/><E122/><N who="2" m="47211" /><F40/><W1/><G95/><T19/><D99/><U15/><E15/><V86/><F86/><W62/><G76/><T57/><D12/><U2/><E2/><V104/><F104/><W42/><G42/><T119/><D0/><U126/><E126/><V55/><F55/><W128/><G41/><T3/><D3/><U107/><E94/><V82/><F82/><W70/><G128/><T109/><D53/><U130/><E107/><V66/><F66/><N who="3" m="41303" /><G52/><T18/><D109/><U25/><REACH who="1" step="1"/><E79/><REACH who="1" ten="336,85,253,316" step="2"/><V43/><F125/><W85/><G85/><T113/><D8/><AGARI ba="0,1" hai="1,4,8,26,28,34,36,37,74,78,80" m="41303" machi="8" ten="30,5800,0" yaku="33,2,52,1" doraHai="65,54" who="3" fromWho="0" sc="336,-58,85,0,253,0,316,68" owari="278,7.8,85,-41.5,253,-14.7,384,48.4" /></mjloggm>