<mjloggm ver="2.3"><GO type="225" lobby="0"/><UN n0="%E6%A5%93%E4%BB%8B" n1="%E3%83%96%E3%83%83%E3%83%91%E3%82%AA%E3%83%96%E3%83%81%E3%82%AD%E3%83%B3" n2="%E3%83%A9%E3%83%BC%E3%83%A1%E3%83%B3%E4%BA%94%E9%83%8E" n3="%E5%91%A8%E6%9D%B1" dan="16,16,16,17" rate="2075.52,2149.31,2166.08,2116.94" sx="M,M,M,M"/><TAIKYOKU oya="0"/><INIT seed="0,0,0,3,0,124" ten="250,250,250,250" oya="0" hai0="27,45,112,53,103,134,66,44,116,24,43,101,75" hai1="17,19,23,38,115,132,104,111,58,54,81,93,97" hai2="59,20,13,105,42,74,21,82,127,84,4,29,64" hai3="91,79,128,6,94,109,40,26,30,77,28,102,34"/><T99/><D116/><U18/><E111/><V114/><F114/><W41/><G109/><T90/><D112/><U15/><E132/><V125/><F105/><W33/><G102/><T61/><D75/><U65/><E115/><V49/><F74/><W9/><G128/><T76/><D76/><U12/><E104/><V51/><F64/><W117/><G117/><T63/><D134/><U122/><E38/><V92/><F92/><W11/><G6/><T3/><D3/><U57/><E122/><V32/><F32/><W5/><G5/><T80/><D53/><U130/><E130/><V37/><F37/><W60/><G60/><N who="0" m="23115" /><D66/><U14/><E65/><V129/><F129/><W98/><G79/><T48/><D45/><U50/><E81/><V71/><F71/><W62/><G62/><T55/><D55/><U108/><E108/><V31/><F125/><W96/><G77/><T73/><D73/><U2/><E2/><V118/><F118/><W56/><G56/><T120/><D120/><U107/><E107/><V68/><F68/><W72/><G72/><T133/><D133/><U52/><E54/><V47/><F127/><W95/><G91/><T7/><D7/><U86/><E58/><V46/><F59/><W8/><G8/><T106/><D106/><U87/><REACH who="1" step="1"/><E23/><REACH who="1" ten="250,240,250,250" step="2"/><V16/><F21/><W113/><G113/><T123/><D123/><U83/><E83/><V78/><REACH who="2" step="1"/><F4/><REACH who="2" ten="250,240,240,250" step="2"/><W126/><G126/><T131/><D131/><U25/><E25/><AGARI ba="0,2" hai="9,11,25,26,28,30,33,34,40,41,94,95,96,98" machi="25" ten="25,1600,0" yaku="22,2" doraHai="124" who="3" fromWho="1" sc="250,0,240,-16,240,0,250,36" /><INIT seed="1,0,0,0,2,112" ten="250,224,240,286" oya="1" hai0="83,54,16,39,127,81,36,14,74,22,7,121,90" hai1="91,119,57,62,85,41,67,38,5,2,65,88,105" hai2="0,111,69,17,109,103,134,106,129,66,8,117,78" hai3="59,20,1,34,82,115,118,37,24,75,31,9,35"/><U68/><E105/><V84/><F129/><W53/><G115/><T50/><D127/><U29/><E29/><V56/><F134/><W47/><G75/><T21/><D121/><U124/><E124/><V108/><F69/><W89/><G37/><T87/><D7/><U98/><E119/><V76/><F117/><W97/><G47/><T131/><D131/><U71/><E67/><V15/><F0/><W10/><G118/><T92/><D22/><U52/><E98/><N who="2" m="61815" /><F84/><W110/><G110/><T116/><D116/><U44/><E85/><V26/><F26/><W30/><G1/><T60/><D60/><AGARI ba="0,0" hai="8,15,17,56,60,66,76,78,108,109,111" m="61815" machi="60" ten="30,1000,0" yaku="14,1" doraHai="112" who="2" fromWho="0" sc="250,-10,224,0,240,10,286,0" /><INIT seed="2,0,0,4,1,51" ten="240,224,250,286" oya="2" hai0="118,133,41,114,39,111,37,50,56,121,67,112,12" hai1="46,119,16,123,87,31,15,1,92,9,43,44,58" hai2="48,61,68,54,128,104,107,108,18,84,52,106,17" hai3="126,93,70,134,13,76,98,4,20,127,72,73,66"/><V71/><F128/><W64/><G134/><T89/><D12/><U105/><E119/><V120/><F120/><W103/><G4/><T131/><D121/><U113/><E113/><V95/><F108/><W21/><G76/><T42/><D89/><N who="1" m="53311" /><E105/><V57/><F71/><W47/><G47/><N who="1" m="17962" /><E1/><V3/><F3/><W109/><G109/><T132/><D111/><U82/><E123/><V2/><F2/><W129/><G129/><T23/><D23/><N who="3" m="8777" /><G13/><T34/><D34/><U24/><E43/><N who="0" m="16393" /><D131/><U79/><E58/><V97/><F84/><W90/><G70/><T96/><D96/><U6/><E31/><V135/><F135/><N who="0" m="51786" /><D118/><U36/><E36/><N who="0" m="13897" /><D67/><U91/><E24/><V22/><F68/><W86/><G66/><T69/><D69/><U125/><E91/><V25/><F106/><W83/><G64/><T124/><D124/><AGARI ba="0,0" hai="72,73,83,86,90,93,98,103,124,126,127" m="8777" machi="124" ten="30,1000,0" yaku="18,1" doraHai="51" who="3" fromWho="0" sc="240,-10,224,0,250,0,286,10" /><INIT seed="3,0,0,3,0,45" ten="230,224,250,296" oya="3" hai0="94,104,20,93,135,64,108,103,5,32,81,46,3" hai1="101,112,133,67,122,26,90,16,99,119,121,40,42" hai2="12,37,4,28,100,75,89,84,109,11,115,13,70" hai3="73,14,86,68,83,50,25,82,23,71,18,92,51"/><W125/><G125/><T21/><D32/><U60/><E112/><V58/><F70/><W79/><G92/><T0/><D104/><U85/><E133/><V118/><F115/><W41/><G41/><N who="1" m="15978" /><E119/><V9/><F118/><W123/><G123/><T113/><D113/><U102/><E122/><V74/><F37/><W35/><G71/><T96/><D135/><U63/><E121/><V65/><F109/><W39/><G68/><T131/><D108/><U76/><E76/><V30/><F100/><N who="1" m="38505" /><E99/><V8/><F74/><W62/><G39/><T69/><D96/><U6/><E6/><N who="2" m="3095" /><F75/><W44/><G44/><T117/><D69/><U87/><E67/><V91/><F11/><W111/><G62/><N who="1" m="23594" /><E90/><N who="2" m="34315" /><F84/><N who="1" m="32329" /><E26/><V56/><F65/><W106/><G111/><T33/><D64/><U105/><E105/><V107/><F107/><W95/><G106/><T97/><D117/><U124/><E124/><V1/><F1/><W128/><G35/><T77/><D97/><U72/><E72/><V120/><F120/><W54/><G73/><T61/><D103/><U130/><E130/><V55/><F56/><W31/><G128/><T78/><D33/><U57/><E57/><V132/><F132/><W17/><G79/><T29/><D131/><U134/><E134/><V53/><F58/><W129/><G129/><T80/><D61/><U27/><E27/><V47/><F47/><W48/><G86/><T59/><D59/><U66/><E66/><V24/><F24/><W127/><G25/><T36/><D46/><U22/><E22/><V10/><F10/><W34/><G127/><T15/><D5/><RYUUKYOKU ba="0,0" sc="230,-15,224,15,250,15,296,-15" hai1="16" hai2="4,9,13,28,30,53,55" /><INIT seed="4,1,0,0,3,59" ten="215,239,265,281" oya="0" hai0="34,12,128,121,119,10,124,48,53,56,52,50,27" hai1="92,6,43,123,81,78,73,120,122,33,1,98,69" hai2="111,54,5,58,37,135,0,7,116,117,94,126,131" hai3="101,19,91,125,114,93,63,36,133,84,100,108,30"/><T113/><D121/><U77/><E33/><V86/><F111/><W26/><G108/><T55/><D119/><N who="2" m="45642" /><F126/><W60/><G36/><T29/><D124/><U13/><E69/><V2/><F135/><W130/><G125/><T31/><D128/><U99/><E1/><N who="2" m="619" /><F37/><W38/><G38/><T80/><D113/><U18/><E6/><V89/><F131/><W45/><G130/><T129/><D129/><U132/><E43/><V118/><N who="2" m="45650" /><V104/><DORA hai="127" /><F104/><W32/><G133/><T25/><D80/><U70/><E132/><V47/><F47/><W40/><G114/><T79/><D79/><U39/><E39/><V51/><AGARI ba="1,0" hai="5,7,51,54,58,86,89,94" m="619,45650" machi="51" ten="50,1600,0" yaku="12,1" doraHai="59,127" who="2" fromWho="2" sc="215,-9,239,-5,265,19,281,-5" /><INIT seed="5,0,0,0,3,22" ten="206,234,284,276" oya="1" hai0="63,97,100,84,118,61,36,16,95,51,60,28,99" hai1="55,114,101,79,25,1,5,31,80,111,127,83,117" hai2="24,124,81,30,128,98,88,46,68,106,120,21,78" hai3="48,92,11,67,59,6,19,119,126,105,131,93,41"/><U135/><E114/><V102/><F120/><W26/><G105/><T64/><D118/><U73/><E117/><V72/><F68/><W7/><G119/><T8/><D36/><U85/><E127/><V74/><F124/><W18/><G126/><T14/><D28/><U15/><E135/><V132/><F132/><W116/><G116/><T107/><D84/><U112/><E112/><V70/><F70/><W87/><G131/><T9/><D51/><U33/><E111/><V32/><F128/><W37/><G37/><T76/><D76/><U0/><E101/><V4/><F4/><W35/><G35/><T90/><REACH who="0" step="1"/><D9/><REACH who="0" ten="196,234,284,276" step="2"/><U54/><E73/><V62/><F74/><W38/><G48/><T122/><D122/><U44/><E85/><V47/><F62/><W43/><G11/><T42/><D42/><U10/><E79/><V71/><F72/><W134/><G38/><T13/><D13/><U39/><E39/><V3/><F78/><W75/><G75/><T123/><D123/><U66/><E44/><V94/><F46/><W130/><G43/><T34/><D34/><U12/><E12/><V86/><F47/><W113/><G41/><T49/><D49/><U104/><E15/><V23/><F32/><W109/><G130/><T91/><D91/><U2/><E33/><V121/><F121/><W110/><G87/><T129/><D129/><U17/><E2/><V40/><F3/><W103/><G134/><T29/><D29/><U133/><E0/><V20/><F30/><W65/><G113/><T96/><D96/><U27/><E1/><V115/><F86/><RYUUKYOKU ba="0,1" sc="196,30,234,-10,284,-10,276,-10" hai0="8,14,16,60,61,63,64,90,95,97,99,100,107" /><INIT seed="6,1,1,0,5,41" ten="226,224,274,266" oya="2" hai0="16,53,33,97,92,19,10,119,48,58,12,111,77" hai1="116,94,98,126,23,93,20,135,29,50,13,112,100" hai2="96,14,87,44,35,129,86,102,56,114,95,91,127" hai3="67,4,8,78,28,40,75,71,31,15,125,73,49"/><V30/><F114/><W59/><G125/><T65/><D111/><U55/><E116/><V32/><F127/><W42/><G71/><T25/><D119/><U101/><E126/><V124/><F124/><W6/><G78/><T85/><D33/><U118/><E118/><V2/><F2/><W36/><G36/><T80/><D65/><U7/><E135/><V43/><F129/><W5/><G75/><T9/><D25/><N who="1" m="16551" /><E112/><V74/><F74/><W122/><G73/><T3/><D3/><U38/><E38/><V81/><F30/><N who="3" m="11307" /><G122/><T108/><D108/><U46/><E23/><V90/><F14/><W131/><G131/><T61/><D61/><U133/><E133/><V110/><F56/><W27/><G27/><T103/><REACH who="0" step="1"/><D10/><REACH who="0" ten="216,224,274,266" step="2"/><N who="1" m="4319" /><E94/><V52/><F110/><W113/><G113/><T115/><D115/><U88/><AGARI ba="1,2" hai="46,50,55,88,93,98,100,101" m="4319,16551" machi="88" ten="30,4000,0" yaku="8,1,52,1,54,1" doraHai="41" who="1" fromWho="1" sc="216,-11,224,63,274,-21,266,-11" /><INIT seed="7,0,0,5,3,52" ten="205,287,253,255" oya="3" hai0="131,127,20,82,134,114,111,34,99,5,38,108,90" hai1="26,125,135,98,3,28,84,132,88,8,103,121,62" hai2="87,128,12,109,18,72,106,44,73,25,75,120,57" hai3="16,115,13,83,58,6,70,35,54,77,63,53,7"/><W59/><G35/><T19/><D38/><U97/><E121/><V40/><F106/><W91/><G91/><T95/><D34/><U33/><E125/><V104/><F109/><W68/><G115/><T55/><D127/><U113/><E113/><V24/><F104/><W86/><G68/><T50/><D114/><U74/><E74/><V17/><F120/><W14/><G70/><T67/><D131/><U32/><E32/><V2/><F2/><W112/><G112/><T15/><D134/><N who="1" m="51243" /><E103/><V27/><F128/><W66/><G66/><T49/><D49/><U89/><E62/><V116/><F116/><W45/><G45/><T10/><D67/><U107/><E107/><V126/><F126/><W21/><G13/><T64/><D64/><U93/><E89/><V30/><F87/><W101/><G101/><T80/><D111/><U118/><E118/><V122/><F122/><W46/><G46/><T48/><D48/><AGARI ba="0,0" hai="6,7,14,16,21,48,53,54,58,59,63,77,83,86" machi="48" ten="30,12000,1" yaku="7,1,8,1,52,2,54,1" doraHai="52" who="3" fromWho="0" sc="205,-120,287,0,253,0,255,120" owari="85,-41.5,287,8.7,253,-14.7,375,47.5" /></mjloggm>