<mjloggm ver="2.3"><GO type="225" lobby="0"/><UN n0="%E3%83%81%E3%83%83%E3%82%BF%E3%82%BD%E3%83%BC" n1="%E6%B4%BE%E9%81%A3%E3%81%AE%E3%82%B8%E3%83%A3%E3%83%83%E3%82%AF" n2="%6D%61%74%69%67%75%73%61" n3="%E7%99%BD%E5%80%89%E5%AF%9B%E4%B9%8B" dan="16,17,17,16" rate="2202.86,2176.51,2111.06,2139.63" sx="F,M,M,M"/><TAIKYOKU oya="0"/><INIT seed="0,0,0,2,1,112" ten="250,250,250,250" oya="0" hai0="49,90,132,82,119,45,55,94,13,8,15,9,32" hai1="106,64,6,46,111,135,25,62,20,24,34,63,99" hai2="59,78,26,109,104,21,22,31,89,50,28,35,57" hai3="0,125,77,108,113,101,37,61,1,105,107,103,5"/><T58/><D132/><U16/><E111/><V122/><F104/><W95/><G37/><T74/><D32/><U133/><E6/><V117/><F78/><W118/><G5/><T84/><D119/><U93/><E46/><V83/><F122/><W72/><G77/><T87/><D74/><U14/><E106/><V19/><F35/><W10/><G95/><T67/><D9/><U97/><E97/><V98/><F109/><W3/><G10/><T114/><D114/><U70/><E62/><V102/><F102/><W130/><G1/><T54/><D67/><U7/><E7/><V127/><F127/><W12/><G61/><T96/><D8/><U134/><REACH who="1" step="1"/><E34/><REACH who="1" ten="250,240,250,250" step="2"/><V11/><F98/><W75/><G108/><T56/><D45/><U71/><E71/><V17/><F57/><W23/><G113/><T126/><D126/><U36/><E36/><V60/><F60/><W92/><G125/><T79/><D96/><U29/><E29/><V120/><F28/><W100/><G107/><T121/><D121/><U124/><E124/><V47/><F31/><W51/><G105/><T69/><D69/><U27/><E27/><V43/><F26/><W4/><G4/><T76/><D79/><U68/><E68/><V91/><F47/><W86/><G0/><T81/><D94/><U128/><E128/><V88/><F120/><W40/><G92/><T52/><D49/><U44/><E44/><V73/><F50/><W30/><G51/><T48/><D48/><U18/><E18/><V41/><F19/><W66/><G3/><T65/><D56/><U123/><E123/><RYUUKYOKU ba="0,1" sc="250,15,240,15,250,-15,250,-15" hai0="13,15,52,54,55,58,65,76,81,82,84,87,90" hai1="14,16,20,24,25,63,64,70,93,99,133,134,135" /><INIT seed="0,1,1,2,4,52" ten="265,255,235,235" oya="0" hai0="53,85,131,130,57,90,117,8,12,134,92,86,119" hai1="82,129,5,94,127,68,14,65,93,26,54,28,19" hai2="7,114,81,46,67,118,122,50,1,105,123,36,62" hai3="103,45,63,6,74,102,110,96,42,95,39,124,27"/><T111/><D134/><U113/><E127/><V132/><F105/><W60/><G74/><T69/><D69/><U21/><E129/><N who="0" m="49161" /><D111/><U84/><E5/><V100/><F100/><W29/><G110/><T116/><D85/><U64/><E113/><V88/><F36/><W89/><G124/><T47/><D47/><U104/><E104/><V87/><F114/><W3/><G6/><N who="0" m="3095" /><D119/><U112/><E112/><V107/><F118/><W4/><G4/><T120/><D120/><U17/><E54/><V35/><F132/><W106/><G3/><T23/><D23/><N who="1" m="15455" /><E68/><V18/><F7/><W2/><G2/><T15/><D15/><U91/><E19/><V51/><F1/><W70/><G70/><T126/><D126/><U97/><E93/><V16/><F18/><W121/><G121/><T24/><D24/><U73/><E73/><V76/><F16/><W37/><G37/><T49/><AGARI ba="1,1" hai="49,53,57,86,90,92,116,117" m="3095,49161" machi="49" ten="30,3000,0" yaku="19,1,52,1" doraHai="52" who="0" fromWho="0" sc="265,43,255,-11,235,-11,235,-11" /><INIT seed="0,2,0,1,3,43" ten="308,244,224,224" oya="0" hai0="22,76,86,118,21,125,124,24,100,66,9,62,51" hai1="119,36,106,50,12,130,20,17,46,90,99,48,87" hai2="7,131,113,75,105,77,122,3,23,57,89,49,68" hai3="2,40,84,79,94,133,47,5,80,101,34,52,97"/><T93/><D118/><U121/><E119/><V53/><F122/><W81/><G34/><T33/><D33/><U123/><E130/><V116/><F113/><W69/><G69/><T74/><D74/><U28/><E28/><V112/><F112/><W45/><G133/><T96/><D9/><U129/><E129/><V134/><F68/><W38/><G5/><T11/><D11/><U109/><E109/><V128/><F105/><W110/><G2/><T88/><D76/><U44/><E36/><V120/><F120/><W54/><G110/><T59/><D51/><N who="1" m="19499" /><E106/><V63/><F116/><W35/><G35/><T6/><D6/><U82/><E121/><V102/><F102/><W32/><G32/><T10/><D10/><U18/><E123/><V95/><F134/><W4/><G4/><T15/><D15/><N who="1" m="9279" /><E99/><V104/><F104/><W127/><G127/><N who="0" m="48715" /><D24/><U26/><E26/><V1/><F7/><W56/><G47/><N who="1" m="17962" /><E12/><V64/><F1/><W31/><G31/><T85/><D85/><U73/><E73/><V58/><F3/><W91/><REACH who="3" step="1"/><G56/><REACH who="3" ten="308,244,224,214" step="2"/><T61/><D59/><U60/><E18/><V83/><REACH who="2" step="1"/><F23/><REACH who="2" ten="308,244,214,214" step="2"/><W117/><G117/><T107/><D21/><U14/><E14/><V126/><F126/><W115/><G115/><T25/><D22/><U30/><E30/><V16/><F16/><W27/><G27/><T29/><D25/><U19/><E19/><V65/><F65/><W0/><G0/><T55/><D29/><U41/><E41/><V78/><F78/><W71/><G71/><T92/><D66/><U111/><E111/><V108/><F108/><RYUUKYOKU ba="2,2" sc="308,-30,244,10,214,10,214,10" hai1="60,82,87,90" hai2="49,53,57,58,63,64,75,77,83,89,95,128,131" hai3="38,40,45,52,54,79,80,81,84,91,94,97,101" /><INIT seed="1,3,2,2,5,6" ten="278,254,224,224" oya="1" hai0="126,11,32,52,98,20,85,58,62,47,42,56,131" hai1="97,67,48,24,66,108,128,53,30,1,118,35,60" hai2="86,95,105,82,31,121,99,40,106,72,22,88,37" hai3="84,110,81,65,70,130,73,41,34,27,28,13,77"/><U115/><E115/><V3/><F3/><W12/><G110/><T96/><D32/><U2/><E118/><V61/><F121/><W80/><G130/><T0/><D131/><U103/><E128/><V50/><F37/><W59/><G70/><T107/><D126/><U63/><E108/><V114/><F114/><W117/><G117/><T91/><D107/><N who="1" m="63983" /><E63/><V8/><F72/><W75/><G41/><T111/><D111/><U71/><E66/><V119/><F61/><W113/><G113/><T5/><D20/><U124/><E124/><V43/><F119/><W90/><G65/><T10/><D58/><AGARI ba="3,2" hai="1,2,24,30,35,48,53,58,60,67,71" m="63983" machi="58" ten="30,1500,0" yaku="25,1" doraHai="6" who="1" fromWho="0" sc="278,-24,254,44,224,0,224,0" /><INIT seed="1,4,0,4,3,44" ten="254,298,224,224" oya="1" hai0="96,30,69,39,13,19,132,85,72,52,12,83,66" hai1="122,64,76,56,93,102,51,46,1,31,115,101,126" hai2="81,8,38,71,75,94,17,62,43,22,74,16,18" hai3="57,107,86,58,67,110,29,135,25,98,123,87,63"/><U128/><E122/><V32/><F32/><W113/><G123/><T78/><D132/><U3/><E115/><V49/><F38/><W103/><G113/><T60/><D39/><U99/><E31/><V55/><F43/><W84/><G135/><T133/><D133/><U120/><E120/><V70/><F8/><W4/><G4/><T26/><D96/><U53/><E128/><V34/><F34/><W104/><G110/><T79/><D19/><U106/><E126/><V100/><F22/><W47/><G47/><T24/><D24/><U77/><E1/><V89/><F100/><N who="1" m="38505" /><E3/><V15/><F15/><W125/><G125/><T114/><D114/><U111/><E106/><V45/><F62/><W68/><REACH who="3" step="1"/><G107/><REACH who="3" ten="254,298,224,214" step="2"/><T2/><D2/><U54/><E111/><V41/><F41/><W73/><G73/><T28/><D72/><U21/><E64/><V37/><F74/><W95/><G95/><T80/><D66/><U109/><E109/><V48/><F75/><W82/><G82/><T105/><D105/><U121/><E121/><V9/><F81/><W6/><G6/><T36/><D80/><U88/><E46/><V118/><F45/><W7/><G7/><T119/><D78/><U40/><E40/><V97/><F94/><W23/><AGARI ba="4,1" hai="23,25,29,57,58,63,67,68,84,86,87,98,103,104" machi="23" ten="30,2000,0" yaku="1,1,0,1,53,0" doraHai="44" doraHaiUra="14" who="3" fromWho="3" sc="254,-9,298,-14,224,-9,214,42" /><INIT seed="2,0,0,2,2,94" ten="245,284,215,256" oya="2" hai0="22,8,59,0,33,53,98,29,120,20,75,74,113" hai1="121,104,56,26,7,57,111,80,131,103,119,105,44" hai2="93,133,88,58,15,72,9,4,135,46,126,79,60" hai3="48,50,108,39,68,10,62,41,99,12,43,129,92"/><V125/><F46/><W36/><G108/><T114/><D120/><U87/><E111/><V118/><F118/><W100/><G129/><T106/><D33/><U47/><E7/><V77/><F58/><W16/><G39/><T101/><D74/><U76/><E119/><V107/><F60/><W78/><G78/><N who="2" m="29705" /><F107/><W73/><G73/><T18/><D75/><U123/><E131/><V1/><F1/><W32/><G32/><T42/><D42/><N who="3" m="15881" /><G68/><T81/><D81/><U35/><E44/><V5/><F5/><W66/><G36/><T19/><D29/><U90/><E47/><V115/><F115/><W116/><G116/><T23/><D0/><U14/><E104/><V70/><F70/><W132/><G132/><N who="2" m="50761" /><F72/><W96/><G62/><T84/><D113/><U38/><E38/><V86/><AGARI ba="0,0" hai="4,9,15,86,88,93,125,126" m="50761,29705" machi="86" ten="30,3000,0" yaku="20,1,54,1" doraHai="94" who="2" fromWho="2" sc="245,-10,284,-10,215,30,256,-10" /><INIT seed="2,1,0,4,4,84" ten="235,274,245,246" oya="2" hai0="106,39,69,41,37,60,70,32,88,100,22,103,4" hai1="91,118,95,48,127,129,114,108,62,14,67,6,81" hai2="10,66,78,125,107,109,57,102,72,27,92,46,55" hai3="71,128,94,101,50,42,19,117,131,7,3,38,20"/><V56/><F107/><W43/><G71/><T31/><D22/><U28/><E118/><V96/><F125/><W97/><G38/><T26/><D4/><U17/><E114/><V9/><F72/><W68/><G68/><T86/><D41/><U85/><E108/><V16/><F78/><W135/><G117/><T25/><D25/><U8/><E129/><N who="3" m="49738" /><G135/><T134/><D70/><U126/><E48/><N who="2" m="29079" /><F109/><W59/><G7/><T111/><D111/><U121/><E121/><V75/><F75/><W36/><G3/><T112/><D112/><U49/><E28/><V104/><F104/><W1/><G1/><T80/><D134/><U0/><E49/><V45/><F45/><W124/><G36/><T65/><D100/><U51/><E51/><V130/><F130/><W87/><G124/><N who="1" m="47658" /><E0/><V105/><F105/><N who="3" m="63663" /><G59/><N who="2" m="22601" /><F66/><W30/><G50/><T52/><D52/><U77/><E67/><V44/><F44/><W5/><G30/><T82/><D39/><U93/><E62/><V122/><F122/><W24/><G5/><T73/><D37/><U99/><E6/><V2/><F2/><W120/><G120/><T47/><D47/><U13/><E13/><V40/><F40/><W116/><G116/><T15/><D15/><U11/><E11/><V61/><F61/><W119/><G119/><T90/><D73/><U89/><E77/><V110/><F110/><W21/><G21/><AGARI ba="1,0" hai="9,10,16,21,27,92,96,102" m="22601,29079" machi="21" ten="30,2900,0" yaku="8,1,54,1" doraHai="84" who="2" fromWho="3" sc="235,0,274,0,245,32,246,-32" /><INIT seed="2,2,0,0,3,28" ten="235,274,277,214" oya="2" hai0="81,14,56,91,135,92,82,116,1,15,2,19,43" hai1="68,107,130,72,85,80,30,45,54,32,23,38,52" hai2="132,110,98,95,7,65,10,22,34,39,3,24,115" hai3="114,76,122,9,112,106,90,84,60,66,83,96,120"/><V6/><F115/><N who="3" m="44075" /><G9/><T35/><D35/><U40/><E68/><V79/><F39/><W128/><G60/><T102/><D135/><U94/><E107/><V47/><F110/><W124/><G66/><T93/><D116/><U53/><E23/><V62/><F132/><W50/><G50/><T18/><D102/><U37/><E130/><V26/><F79/><W123/><G128/><T74/><D56/><U113/><E113/><V86/><F86/><W36/><G36/><T125/><D91/><U134/><E134/><V87/><F87/><W127/><G106/><T4/><D4/><U11/><E11/><V118/><F47/><W21/><G21/><T42/><REACH who="0" step="1"/><D74/><REACH who="0" ten="225,274,277,214" step="2"/><U13/><E72/><V78/><F6/><W49/><G49/><T108/><D108/><U58/><E38/><V0/><F7/><W129/><G129/><T131/><D131/><U12/><E58/><V16/><F118/><W8/><G8/><T69/><D69/><U51/><E37/><V101/><F10/><W73/><G96/><T67/><D67/><U97/><E97/><V64/><F64/><W103/><G103/><T20/><D20/><U105/><E105/><V133/><F133/><W48/><G48/><T31/><D31/><U121/><E30/><V111/><F101/><W126/><G122/><T75/><D75/><U29/><E121/><V55/><F98/><W27/><G27/><T59/><D59/><U46/><E46/><V88/><F24/><W61/><G61/><T89/><D89/><N who="1" m="51367" /><E94/><AGARI ba="2,1" hai="73,76,83,84,90,94,120,123,124,126,127" m="44075" machi="94" ten="40,8000,1" yaku="18,1,11,1,34,2" doraHai="28" who="3" fromWho="1" sc="225,0,274,-86,277,0,214,96" /><INIT seed="3,0,0,5,2,19" ten="225,188,277,310" oya="3" hai0="49,133,44,28,79,52,11,121,99,23,0,10,95" hai1="53,119,38,29,1,134,6,67,93,117,47,68,46" hai2="36,60,112,39,89,54,106,122,66,96,86,120,62" hai3="135,83,72,128,71,41,70,50,55,87,77,111,5"/><W126/><G126/><T109/><D109/><U20/><E134/><V102/><F112/><W123/><G135/><T12/><D133/><U74/><E74/><V25/><F54/><W51/><G111/><T85/><D121/><N who="2" m="46698" /><F25/><W132/><G132/><T80/><D0/><U48/><E93/><N who="2" m="54455" /><F62/><W104/><G104/><T103/><D28/><U97/><E97/><V110/><F110/><W73/><G123/><T105/><D105/><U63/><E1/><V92/><F106/><W2/><G128/><T27/><D27/><U65/><E65/><V118/><F118/><N who="1" m="45065" /><E6/><V26/><F26/><W127/><G127/><T114/><D114/><U8/><E8/><V78/><F78/><W81/><G77/><T64/><D64/><U7/><E7/><V34/><F34/><W130/><G5/><T35/><D35/><U84/><E84/><V45/><F92/><W98/><G73/><T31/><D31/><U125/><E125/><V107/><F96/><W37/><G98/><T40/><D40/><N who="1" m="22807" /><E29/><V21/><F66/><W108/><G72/><T131/><D131/><U43/><E43/><V4/><F4/><W17/><G41/><T14/><D14/><U42/><E42/><V61/><F107/><W69/><G2/><T58/><D10/><U18/><E18/><V24/><F102/><W15/><G130/><T56/><D11/><U30/><E30/><V90/><F39/><W129/><G37/><T3/><D3/><U75/><E75/><V33/><F36/><W16/><G129/><T94/><D95/><U22/><AGARI ba="0,0" hai="20,22,47,48,53,63,67,68" m="22807,45065" machi="22" ten="30,4000,0" yaku="12,1,52,2" doraHai="19" who="1" fromWho="1" sc="225,-10,188,40,277,-10,310,-20" /><INIT seed="4,0,0,5,1,13" ten="215,228,267,290" oya="0" hai0="7,9,127,62,126,112,72,12,82,118,73,58,89" hai1="110,97,102,65,54,24,108,91,124,19,47,88,80" hai2="79,22,66,28,52,75,95,17,21,113,87,101,84" hai3="36,69,8,90,100,116,71,96,94,135,60,14,29"/><T125/><D118/><U68/><E124/><V114/><F66/><W109/><G36/><T10/><D112/><N who="2" m="43114" /><F75/><W122/><G116/><T123/><D123/><U27/><E27/><N who="2" m="16503" /><F79/><W20/><G109/><T45/><D45/><U130/><E130/><V41/><F41/><W5/><G135/><T30/><D30/><U117/><E117/><V103/><F52/><W0/><G122/><T25/><D25/><U129/><E129/><V34/><F34/><W44/><G44/><T1/><D89/><U3/><E3/><V43/><F43/><W18/><G29/><T11/><D82/><U98/><E80/><V81/><F81/><W57/><G90/><T77/><D77/><U37/><E54/><AGARI ba="0,0" hai="0,5,8,14,18,20,54,57,60,69,71,94,96,100" machi="54" ten="30,2000,0" yaku="7,1,52,1" doraHai="13" who="3" fromWho="1" sc="215,0,228,-20,267,0,290,20" owari="215,-18.5,208,-29.2,267,6.7,310,41.0" /></mjloggm>