<mjloggm ver="2.3"><GO type="225" lobby="0"/><UN n0="%E6%B4%BE%E9%81%A3%E3%81%AE%E3%82%B8%E3%83%A3%E3%83%83%E3%82%AF" n1="%E3%81%94%E3%83%BC%E3%81%A9%E3%82%93" n2="%72%65%6E%6B%75%6E" n3="%E3%81%95%E3%81%8D%E3%81%9F%E3%81%BE%E6%9E%97%E6%AA%8E" dan="17,16,17,16" rate="2178.24,2121.69,2172.57,2110.83" sx="M,M,M,M"/><TAIKYOKU oya="0"/><INIT seed="0,0,0,1,3,58" ten="250,250,250,250" oya="0" hai0="101,89,4,113,29,20,3,128,116,86,109,120,38" hai1="56,77,17,10,55,18,130,31,0,110,100,115,12" hai2="91,78,82,65,8,41,111,33,34,7,94,44,93" hai3="133,103,9,23,114,39,96,45,47,13,72,63,105"/><T112/><D38/><U53/><E110/><V135/><F111/><W5/><G114/><T71/><D120/><U48/><E115/><V61/><F135/><W1/><G133/><T126/><D109/><U37/><E37/><V107/><F107/><W85/><G72/><T123/><D123/><U104/><E130/><V68/><F41/><W19/><G39/><T26/><D116/><U70/><E77/><V35/><F44/><W6/><G6/><T75/><D75/><U134/><E134/><V102/><F102/><W60/><REACH who="3" step="1"/><G85/><REACH who="3" ten="250,250,250,240" step="2"/><T122/><D4/><U51/><E0/><V24/><F24/><W83/><G83/><T92/><D3/><U106/><E70/><V99/><F93/><W119/><G119/><T84/><D84/><U118/><E118/><V52/><F82/><W69/><G69/><T117/><D117/><U64/><E106/><V32/><F78/><W15/><G15/><T125/><D71/><U36/><E36/><V16/><F7/><W74/><G74/><T132/><D132/><U124/><E104/><V127/><F127/><W98/><G98/><T57/><D125/><U49/><E124/><V25/><F68/><W76/><G76/><T43/><D126/><U21/><E12/><V27/><F99/><W54/><G54/><T90/><D86/><U108/><E55/><V66/><F94/><W81/><G81/><T95/><D95/><U11/><E53/><V14/><F52/><W79/><G79/><T2/><D92/><U28/><E108/><V129/><F14/><W87/><G87/><T46/><D2/><U121/><E121/><RYUUKYOKU ba="0,1" sc="250,-10,250,-10,250,-10,240,30" hai3="1,5,9,13,19,23,45,47,60,63,96,103,105" /><INIT seed="1,1,1,4,3,24" ten="240,240,240,270" oya="1" hai0="87,25,100,110,65,116,61,93,105,3,130,51,39" hai1="42,54,9,57,97,7,122,59,83,86,66,108,125" hai2="114,77,5,78,74,19,56,128,49,46,69,17,71" hai3="102,48,88,70,107,89,68,92,0,63,106,8,1"/><U62/><E122/><V64/><F128/><W41/><G41/><T117/><D39/><U13/><E108/><V84/><F114/><W85/><G48/><T34/><D3/><U18/><E125/><V112/><F112/><W131/><G131/><T73/><D73/><U134/><E134/><V29/><F5/><W80/><G63/><T20/><D130/><U96/><E42/><V53/><F74/><W35/><G35/><T81/><D51/><U99/><E7/><V94/><F29/><W72/><G72/><T126/><D126/><U6/><E6/><V120/><F120/><W44/><G44/><T43/><D43/><U40/><E40/><V121/><F121/><W38/><G38/><T23/><D23/><U119/><E119/><V95/><F84/><W113/><G113/><T30/><D110/><U79/><REACH who="1" step="1"/><E97/><REACH who="1" ten="240,230,240,270" step="2"/><V4/><F4/><W115/><G115/><T75/><D116/><U109/><E109/><V129/><F129/><W37/><G37/><T135/><D135/><U55/><E55/><V15/><F53/><W103/><G103/><T27/><D117/><U16/><E16/><V45/><F64/><W101/><G0/><T22/><D100/><U26/><E26/><V33/><F19/><W47/><G1/><T52/><D25/><U31/><E31/><V36/><F17/><W82/><G102/><T10/><D52/><U127/><E127/><V76/><F36/><W123/><G101/><T118/><D65/><U60/><AGARI ba="1,2" hai="9,13,18,54,57,59,60,62,66,79,83,86,96,99" machi="60" ten="20,7800,0" yaku="1,1,0,1,7,1,8,1,53,0" doraHai="24" doraHaiUra="28" who="1" fromWho="1" sc="240,-27,230,101,240,-27,270,-27" /><INIT seed="1,2,0,3,3,27" ten="213,331,213,243" oya="1" hai0="65,125,128,42,120,70,0,75,74,33,59,122,112" hai1="111,90,104,63,100,68,84,91,107,66,6,48,8" hai2="49,133,15,45,47,54,52,106,110,127,79,93,10" hai3="22,113,41,69,53,2,96,129,1,58,50,32,92"/><U83/><E111/><V35/><F106/><W36/><G129/><T5/><D112/><U118/><E118/><V131/><F110/><W115/><G113/><T72/><D125/><U64/><E64/><V14/><F35/><W62/><G32/><T39/><D59/><U108/><E108/><V121/><F121/><N who="0" m="46698" /><D128/><U114/><E114/><V71/><F71/><W20/><G115/><T16/><D16/><U51/><E107/><V134/><F79/><W124/><G124/><T11/><D33/><U132/><E132/><V34/><F34/><W28/><G2/><T37/><D42/><U135/><E135/><V67/><F67/><N who="3" m="41207" /><G1/><T130/><D130/><U3/><REACH who="1" step="1"/><E90/><REACH who="1" ten="213,321,213,243" step="2"/><V19/><F127/><W29/><G22/><T88/><D88/><U12/><E12/><V99/><F131/><W13/><G13/><T61/><AGARI ba="2,1" hai="0,5,11,37,39,61,65,70,72,74,75" m="46698" machi="61" ten="40,2700,0" yaku="13,1,23,1" doraHai="27" who="0" fromWho="0" sc="213,43,321,-15,213,-9,243,-9" /><INIT seed="2,0,0,0,4,12" ten="256,306,204,234" oya="2" hai0="75,23,134,22,100,8,15,91,119,68,58,31,72" hai1="25,80,86,115,43,37,90,0,50,114,122,88,129" hai2="89,133,48,60,128,94,110,65,125,44,35,56,73" hai3="9,62,51,95,117,77,70,116,118,19,64,109,5"/><V6/><F73/><W71/><G77/><T101/><D68/><U85/><E37/><V29/><F125/><W67/><G51/><T38/><D38/><U54/><E0/><V124/><F124/><W130/><G130/><T135/><D119/><U107/><E129/><V13/><F128/><W47/><G47/><T17/><D91/><U32/><E107/><V111/><F133/><N who="0" m="50698" /><D58/><U127/><E43/><V123/><F123/><W103/><G109/><N who="2" m="41481" /><F29/><W69/><G5/><T10/><D23/><U39/><E39/><V1/><F1/><W104/><G104/><T46/><D46/><U18/><E122/><V16/><F6/><W79/><G79/><T34/><D34/><U97/><E97/><N who="2" m="57551" /><F35/><W45/><G118/><T49/><D31/><U120/><E127/><V3/><F3/><W74/><G74/><T99/><D72/><U41/><E120/><V20/><F48/><W57/><G117/><T76/><D49/><U27/><E32/><V108/><N who="2" m="41489" /><V4/><DORA hai="42" /><F4/><W82/><G116/><T53/><D75/><U96/><E50/><V55/><F44/><W66/><G45/><T81/><D100/><U132/><E132/><V93/><F93/><W105/><G105/><T52/><D101/><U24/><E114/><V36/><F36/><W106/><G106/><T78/><D99/><U28/><E96/><V30/><F30/><W92/><G92/><T61/><D81/><N who="1" m="49199" /><E28/><V83/><F65/><N who="3" m="39119" /><G82/><AGARI ba="0,0" hai="13,16,20,55,56,60,82,83" m="57551,41489" machi="82" ten="40,12000,1" yaku="14,1,10,1,52,1,54,1" doraHai="12,42" who="2" fromWho="3" sc="256,0,306,0,204,120,234,-120" /><INIT seed="2,1,0,3,0,100" ten="256,306,324,114" oya="2" hai0="25,26,52,97,31,50,44,131,9,86,30,17,59" hai1="51,128,15,63,35,14,116,40,71,68,8,6,94" hai2="42,64,109,130,92,113,118,5,79,107,73,11,119" hai3="74,36,18,43,111,66,47,29,37,34,76,54,110"/><V103/><F92/><W91/><G74/><T41/><D131/><U133/><E116/><V102/><F102/><W105/><G76/><T96/><D86/><U21/><E35/><V129/><F64/><W75/><G75/><T121/><D121/><U120/><E128/><N who="2" m="49259" /><F42/><W4/><G4/><T12/><D26/><U87/><E133/><V27/><F27/><W85/><G66/><T77/><D77/><U65/><E120/><V48/><F48/><W39/><G54/><T72/><D72/><U0/><E71/><V117/><F113/><W49/><G18/><T89/><D89/><U108/><E108/><N who="3" m="41514" /><G29/><N who="0" m="10763" /><D25/><U83/><E94/><V10/><F109/><W67/><G67/><T114/><D114/><U84/><E21/><V7/><F7/><W20/><G20/><T16/><D17/><U93/><E93/><V78/><F73/><W125/><G34/><T1/><D1/><U56/><E84/><V57/><F11/><W55/><G55/><T61/><AGARI ba="1,0" hai="9,12,16,41,44,50,52,59,61,96,97" m="10763" machi="61" ten="30,4000,0" yaku="8,1,54,2" doraHai="100" who="0" fromWho="0" sc="256,43,306,-11,324,-21,114,-11" /><INIT seed="3,0,0,1,0,112" ten="299,295,303,103" oya="3" hai0="23,120,101,100,21,49,93,70,106,62,114,116,3" hai1="66,42,102,2,125,69,126,88,6,127,84,74,46" hai2="81,35,32,72,36,82,77,75,95,130,29,98,134" hai3="54,27,45,53,10,86,99,124,22,58,14,38,13"/><W17/><G124/><T65/><D116/><U50/><E74/><V44/><F130/><W19/><G38/><T104/><D120/><U55/><E102/><V40/><F134/><W89/><G99/><T111/><D3/><U91/><E2/><V110/><F110/><W60/><G27/><T115/><D111/><U97/><E6/><V4/><F4/><W0/><G0/><T51/><D93/><N who="1" m="56511" /><E66/><V80/><F29/><W25/><G25/><T1/><D1/><U28/><E69/><V117/><F117/><W64/><REACH who="3" step="1"/><G45/><REACH who="3" ten="299,295,303,93" step="2"/><T94/><D114/><U85/><E28/><V63/><F32/><W108/><G108/><T76/><D115/><U113/><E113/><V128/><F35/><W83/><AGARI ba="0,1" hai="10,13,14,17,19,22,53,54,58,60,64,83,86,89" machi="83" ten="20,7800,0" yaku="1,1,0,1,7,1,8,1,53,0" doraHai="112" doraHaiUra="103" who="3" fromWho="3" sc="299,-26,295,-26,303,-26,93,88" /><INIT seed="3,1,0,3,3,5" ten="273,269,277,181" oya="3" hai0="63,132,21,47,37,74,83,31,72,92,85,82,105" hai1="34,95,27,101,77,8,73,60,38,121,50,134,57" hai2="93,133,76,61,41,52,28,79,35,112,13,69,22" hai3="23,66,120,0,17,97,125,122,1,130,113,19,29"/><W119/><G66/><T126/><D105/><U64/><E38/><V14/><F112/><W70/><G70/><T129/><D63/><U39/><E39/><V42/><F133/><W43/><G43/><N who="2" m="16393" /><F35/><W89/><G89/><T49/><D37/><U46/><E121/><N who="3" m="46698" /><G97/><T24/><D132/><U87/><E134/><V16/><F69/><W135/><G135/><T131/><D92/><U106/><E34/><V30/><F93/><W6/><G113/><T86/><D126/><U111/><E27/><V68/><F68/><W54/><G54/><T110/><D49/><U45/><E45/><V10/><F30/><W80/><G80/><T32/><D32/><U26/><E26/><N who="2" m="16471" /><F14/><N who="3" m="9655" /><G119/><T78/><D47/><U98/><E73/><V127/><F127/><W75/><G75/><T65/><D74/><U12/><E77/><V25/><F25/><W67/><G125/><T108/><D72/><U20/><E87/><V118/><F118/><W114/><G114/><T124/><D124/><U51/><E106/><V94/><F94/><W48/><G29/><T96/><D96/><U102/><E102/><V107/><F107/><W44/><G130/><N who="0" m="49675" /><D65/><U103/><E103/><V53/><F61/><W3/><G67/><T33/><D33/><U15/><E46/><V18/><F79/><AGARI ba="1,0" hai="21,24,31,78,79,82,83,85,86,108,110" m="49675" machi="79" ten="30,1000,0" yaku="19,1" doraHai="5" who="0" fromWho="2" sc="273,13,269,0,277,-13,181,0" /><INIT seed="4,0,0,1,4,60" ten="286,269,264,181" oya="0" hai0="28,64,73,99,95,27,18,10,89,85,114,86,50" hai1="17,4,37,80,82,59,22,62,13,46,81,45,94" hai2="19,105,48,104,56,88,47,124,108,34,101,121,12" hai3="52,0,113,92,33,112,129,133,98,2,135,68,40"/><T41/><D73/><U132/><E132/><N who="3" m="50762" /><G33/><T110/><D114/><N who="3" m="44137" /><G40/><T67/><D110/><U53/><E37/><V93/><F34/><W57/><G68/><T102/><D28/><U131/><E131/><V29/><F108/><W107/><G107/><T24/><D85/><U87/><E4/><V120/><F124/><W127/><G127/><T44/><D10/><U9/><E9/><V65/><F29/><W76/><G76/><T35/><D35/><U32/><E32/><V97/><F105/><W26/><G26/><N who="0" m="9771" /><D18/><U71/><REACH who="1" step="1"/><E71/><REACH who="1" ten="286,259,264,181" step="2"/><V116/><F116/><W72/><G129/><T75/><D75/><U15/><E15/><V8/><F121/><W115/><N who="3" m="44145" /><W123/><DORA hai="117" /><G72/><T109/><D109/><U111/><E111/><V90/><F120/><W74/><G74/><T106/><D106/><U134/><E134/><V1/><F1/><W7/><G7/><T20/><D20/><U66/><E66/><V23/><F23/><W100/><G123/><T78/><D102/><U39/><E39/><V125/><F125/><W77/><G77/><T128/><D128/><U103/><E103/><V30/><F104/><W96/><G96/><T54/><D78/><U58/><E58/><V43/><F30/><W3/><G3/><T70/><D70/><U118/><E118/><V5/><F5/><W11/><G11/><T42/><D99/><U51/><E51/><AGARI ba="0,1" hai="0,2,51,52,57,92,98,100" m="44145,50762" machi="51" ten="40,5200,0" yaku="20,1,15,1,54,1" doraHai="60,117" who="3" fromWho="1" sc="286,0,259,-52,264,0,181,62" /><INIT seed="5,0,0,4,4,82" ten="286,207,264,243" oya="1" hai0="60,132,122,118,102,77,90,25,133,40,37,65,63" hai1="85,48,8,114,67,29,76,57,41,30,95,35,125" hai2="92,110,74,93,116,115,97,39,31,3,135,49,113" hai3="15,78,129,88,18,20,12,109,14,68,19,127,54"/><U121/><E114/><N who="2" m="43531" /><F39/><W131/><G68/><T43/><D118/><U70/><E121/><V123/><F3/><W81/><G109/><T69/><D102/><U80/><E125/><V59/><F116/><W103/><G103/><T4/><D4/><U34/><E70/><V9/><F123/><W117/><G117/><T119/><D119/><U27/><E8/><V26/><F110/><W111/><G111/><T73/><D122/><U105/><E105/><V52/><F74/><W0/><G0/><T91/><D25/><U33/><E30/><V112/><N who="2" m="43539" /><V38/><DORA hai="53" /><F38/><W46/><G78/><T28/><D28/><U72/><E41/><V75/><F75/><W23/><G127/><T51/><D37/><U17/><E17/><V44/><F9/><W130/><G46/><T66/><D77/><U10/><E10/><V71/><F71/><W47/><G47/><T1/><D73/><U87/><E72/><V56/><F135/><W84/><G54/><T42/><D1/><U16/><E16/><AGARI ba="0,0" hai="12,14,15,16,18,19,20,23,81,84,88,129,130,131" machi="16" ten="50,8000,1" yaku="19,1,52,1,54,2" doraHai="82,53" who="3" fromWho="1" sc="286,0,207,-80,264,0,243,80" owari="286,8.6,127,-37.3,264,-13.6,323,42.3" /></mjloggm>