<mjloggm ver="2.3"><GO type="225" lobby="0"/><UN n0="%E3%81%8B%E3%82%8F%E3%81%A1%E3%82%83%E3%82%93%35%38" n1="%43%68%65" n2="%E3%83%A9%E3%82%B9%E7%8E%87%EF%BC%93%E5%89%B2" n3="%E9%B4%A8%4E%45%47%49" dan="16,16,16,16" rate="2145.56,2171.95,2220.70,2096.59" sx="M,M,F,M"/><TAIKYOKU oya="0"/><INIT seed="0,0,0,3,0,59" ten="250,250,250,250" oya="0" hai0="32,10,38,73,46,35,112,58,49,47,101,109,3" hai1="80,66,87,70,89,122,39,116,134,40,124,113,126" hai2="125,6,45,17,36,135,23,5,65,119,2,78,21" hai3="33,57,30,118,97,100,52,83,68,91,111,131,11"/><T43/><D112/><U130/><E122/><V132/><F78/><W94/><G118/><T61/><D73/><U55/><E116/><V90/><F90/><W82/><G111/><T50/><D38/><U62/><E113/><V42/><F119/><W102/><G131/><T88/><D109/><U41/><E130/><V27/><F125/><N who="1" m="48233" /><E134/><N who="2" m="51243" /><F2/><W37/><G68/><T31/><D31/><U44/><E40/><V16/><F65/><W1/><G37/><T77/><D77/><U123/><E123/><V8/><F8/><W129/><G129/><T107/><D107/><U54/><AGARI ba="0,0" hai="39,41,44,54,55,62,66,70,80,87,89" m="48233" machi="54" ten="30,2000,0" yaku="18,1,52,1" doraHai="59" who="1" fromWho="1" sc="250,-10,250,20,250,-5,250,-5" /><INIT seed="1,0,0,3,4,130" ten="240,270,245,245" oya="1" hai0="83,4,24,12,81,50,95,76,70,64,49,78,57" hai1="94,61,86,115,19,116,41,11,96,33,16,121,3" hai2="30,135,112,59,98,118,31,52,5,68,120,131,119" hai3="8,75,51,29,39,6,42,65,105,10,60,45,108"/><U37/><E115/><V56/><F112/><W89/><G108/><T22/><D70/><U73/><E73/><V1/><F68/><W134/><G134/><T2/><D2/><U90/><E116/><V14/><F1/><W117/><G117/><T79/><D95/><U124/><E121/><V63/><F120/><W133/><G133/><T132/><D132/><U38/><E33/><V80/><F131/><W71/><G105/><T40/><D12/><U99/><E124/><V106/><F135/><W125/><G125/><T91/><D4/><U77/><E61/><V114/><F114/><W35/><G75/><T92/><D64/><U17/><E41/><V46/><F46/><W32/><G10/><T104/><D104/><U28/><E28/><V48/><F80/><N who="0" m="30794" /><D57/><U103/><E77/><V69/><F69/><W110/><G89/><T113/><D40/><U128/><E128/><V101/><F119/><W34/><G110/><T129/><D129/><U20/><E20/><V44/><F59/><W88/><G88/><T109/><D109/><U15/><E3/><V82/><F82/><W27/><G51/><N who="0" m="19467" /><D113/><U74/><E74/><V123/><F123/><W97/><G97/><N who="0" m="57503" /><D79/><U55/><E55/><V100/><F100/><W7/><G7/><T18/><AGARI ba="0,0" hai="18,22,24,76,78" m="57503,19467,30794" machi="18" ten="30,1100,0" yaku="8,1" doraHai="130" who="0" fromWho="0" sc="240,11,270,-5,245,-3,245,-3" /><INIT seed="2,0,0,5,5,51" ten="251,265,242,242" oya="2" hai0="88,4,122,91,18,20,47,10,63,35,57,110,58" hai1="38,45,70,98,55,120,52,106,83,119,61,27,5" hai2="115,23,82,31,19,49,3,68,132,24,9,33,123" hai3="36,128,104,1,101,131,103,25,114,6,135,66,74"/><V12/><F68/><W48/><G36/><T80/><D35/><U121/><E119/><V29/><F115/><W2/><G114/><T32/><D32/><U111/><E111/><V127/><F123/><N who="1" m="47177" /><E5/><N who="2" m="1215" /><F82/><W14/><G74/><T73/><D122/><U117/><E117/><V113/><F113/><W26/><G66/><T65/><D110/><U39/><E27/><N who="3" m="10250" /><G48/><T109/><D109/><U37/><E45/><V43/><F31/><W22/><G22/><T94/><D47/><U72/><E70/><V53/><F132/><W62/><G135/><T84/><D58/><U59/><E83/><V46/><F127/><W60/><G14/><N who="0" m="5447" /><D73/><U97/><E72/><V77/><F77/><W85/><G6/><T90/><D80/><U134/><E134/><V71/><F71/><W96/><G2/><T92/><D92/><U50/><E106/><V34/><F34/><W125/><G1/><T100/><D100/><U95/><E95/><V99/><F99/><N who="1" m="37897" /><E50/><V54/><AGARI ba="0,0" hai="12,19,23,24,29,33,43,46,49,53,54" m="1215" machi="54" ten="30,6000,0" yaku="24,1,52,2" doraHai="51" who="2" fromWho="2" sc="251,-20,265,-20,242,60,242,-20" /><INIT seed="2,1,0,0,0,91" ten="231,245,302,222" oya="2" hai0="108,11,98,128,14,28,45,1,40,37,122,77,96" hai1="33,85,3,105,69,95,118,103,80,20,82,109,25" hai2="13,8,6,61,57,116,75,35,62,54,119,19,64" hai3="83,67,111,94,53,124,5,36,22,39,42,4,38"/><V76/><F35/><W84/><G111/><T72/><D122/><U48/><E118/><V9/><F76/><W7/><G124/><T27/><D108/><U31/><E3/><V44/><F75/><W60/><G53/><T88/><D128/><U129/><E109/><V58/><REACH who="2" step="1"/><F44/><REACH who="2" ten="231,245,292,222" step="2"/><W24/><G42/><T117/><D77/><U90/><E33/><V56/><F56/><W52/><G7/><T97/><D72/><U133/><E69/><V110/><F110/><W30/><G5/><T23/><D117/><U113/><E129/><V115/><F115/><W101/><G4/><T0/><REACH who="0" step="1"/><D88/><REACH who="0" ten="221,245,292,222" step="2"/><U21/><E90/><V63/><F63/><W125/><G60/><T12/><D12/><AGARI ba="1,2" hai="6,8,9,12,13,19,54,57,58,61,62,64,116,119" machi="12" ten="30,2900,0" yaku="1,1,7,1,53,0" doraHai="91" doraHaiUra="135" who="2" fromWho="0" sc="221,-32,245,0,292,52,222,0" /><INIT seed="2,2,0,4,0,97" ten="189,245,344,222" oya="2" hai0="75,76,108,127,12,86,17,5,121,34,11,118,129" hai1="45,25,104,63,112,70,89,3,105,10,110,56,16" hai2="66,60,21,114,28,46,62,59,35,19,124,116,58" hai3="82,99,81,48,65,67,120,90,36,101,123,83,0"/><V134/><F114/><W37/><G0/><T32/><D75/><U23/><E112/><V54/><F134/><W92/><G48/><T135/><D76/><U95/><E70/><V131/><F131/><W18/><G18/><T61/><D86/><U100/><E110/><V72/><F124/><W91/><G65/><T51/><D61/><U4/><E45/><V117/><F72/><W132/><G67/><T122/><D51/><U14/><E3/><V6/><F6/><W113/><G113/><T93/><D93/><U40/><E40/><V96/><F46/><W80/><G132/><T47/><D47/><U85/><REACH who="1" step="1"/><E100/><REACH who="1" ten="189,235,344,222" step="2"/><V94/><F117/><W87/><G37/><T74/><D135/><U71/><E71/><V49/><F116/><W57/><G36/><T133/><D118/><U26/><E26/><V50/><F59/><W30/><G57/><T1/><D133/><U43/><E43/><V38/><F58/><W31/><G123/><N who="0" m="47115" /><D74/><U119/><E119/><V27/><F38/><W115/><G120/><T69/><D69/><U52/><AGARI ba="2,1" hai="4,10,14,16,23,25,52,56,63,85,89,95,104,105" machi="52" ten="20,8000,1" yaku="1,1,0,1,7,1,54,2,53,0" doraHai="97" doraHaiUra="33" who="1" fromWho="1" sc="189,-22,235,96,344,-42,222,-22" /><INIT seed="3,0,0,1,4,114" ten="167,331,302,200" oya="3" hai0="101,56,43,117,113,100,110,116,89,46,72,130,93" hai1="21,79,134,47,123,77,53,36,19,119,111,104,45" hai2="65,54,44,99,108,62,26,59,17,27,52,3,85" hai3="132,88,18,112,127,40,8,67,11,58,20,118,6"/><W37/><G118/><N who="0" m="45675" /><D56/><U73/><E123/><V70/><F108/><W30/><G40/><T69/><D69/><U71/><E134/><V49/><F3/><W15/><G37/><T64/><D64/><U75/><E104/><V128/><F128/><W24/><G88/><T121/><D46/><U55/><E119/><V87/><F99/><W84/><G84/><N who="0" m="52391" /><D43/><U133/><E133/><V86/><REACH who="2" step="1"/><F17/><REACH who="2" ten="167,331,292,200" step="2"/><W13/><G132/><T63/><D110/><U96/><E96/><V98/><F98/><W12/><G112/><T29/><D113/><U115/><E115/><V74/><F74/><W107/><G127/><T105/><D105/><U22/><E111/><V57/><F57/><W9/><G107/><T41/><D29/><U126/><E19/><V94/><F94/><W95/><G95/><T97/><D63/><AGARI ba="0,1" hai="26,27,44,49,52,54,59,62,63,65,70,85,86,87" machi="63" ten="40,2600,0" yaku="1,1,54,1,53,0" doraHai="114" doraHaiUra="32" who="2" fromWho="0" sc="167,-26,331,0,292,36,200,0" owari="141,-35.9,331,43.1,328,12.8,200,-20.0" /></mjloggm>