<mjloggm ver="2.3"><GO type="225" lobby="0"/><UN n0="%E3%81%AF%E3%82%88%E3%81%8A%E3%81%98%E3%81%95%E3%82%93" n1="%E3%83%81%E3%83%83%E3%82%BF%E3%82%BD%E3%83%BC" n2="%E9%B7%B9%E5%80%89%E6%9D%8F%E9%88%B4" n3="%E3%81%99%E3%81%84%E3%81%BE%E3%81%9B%E3%83%BC%E3%82%93" dan="17,16,16,18" rate="2154.27,2126.03,2139.19,2234.09" sx="M,F,F,M"/><TAIKYOKU oya="0"/><INIT seed="0,0,0,5,1,27" ten="250,250,250,250" oya="0" hai0="74,133,4,66,63,92,89,85,8,28,45,13,103" hai1="95,37,83,67,123,73,6,78,0,7,131,88,119" hai2="30,82,81,64,48,127,59,60,40,15,102,87,32" hai3="91,58,84,54,1,42,65,41,118,68,69,70,51"/><T135/><D74/><U132/><E123/><V55/><F127/><W96/><G1/><T14/><D103/><U50/><E119/><V80/><F102/><W33/><G33/><T56/><D45/><U24/><E37/><V113/><F113/><W129/><G118/><T20/><REACH who="0" step="1"/><D14/><REACH who="0" ten="240,250,250,250" step="2"/><U94/><E0/><V106/><F15/><W44/><G44/><T117/><D117/><U105/><E105/><V21/><F106/><W75/><G75/><T47/><D47/><U134/><E132/><V86/><F40/><W52/><G41/><T77/><D77/><U122/><E134/><V34/><F34/><W2/><G42/><T130/><D130/><U46/><E131/><V25/><REACH who="2" step="1"/><F32/><REACH who="2" ten="240,250,240,250" step="2"/><W108/><G129/><T43/><D43/><U53/><E122/><V29/><F29/><W100/><G100/><T110/><D110/><U72/><E73/><V97/><F97/><W11/><G96/><T126/><D126/><U3/><E3/><V39/><F39/><W128/><G128/><T111/><D111/><U22/><E72/><V101/><F101/><W5/><G108/><T124/><D124/><U79/><E78/><V107/><F107/><W116/><G116/><T99/><D99/><U9/><E79/><V61/><F61/><N who="3" m="38071" /><G51/><T93/><D93/><U120/><E120/><V115/><F115/><W112/><G112/><T31/><D31/><U76/><E95/><V90/><F90/><W121/><G121/><T18/><D18/><U104/><E104/><V19/><F19/><W109/><G109/><T10/><D10/><U12/><E9/><V49/><F49/><RYUUKYOKU ba="0,2" sc="240,10,250,-30,240,10,250,10" hai0="4,8,13,20,28,56,63,66,85,89,92,133,135" hai2="21,25,30,48,55,59,60,64,80,81,82,86,87" hai3="2,5,11,52,54,68,69,70,84,91" /><INIT seed="0,1,2,2,3,46" ten="250,220,250,260" oya="0" hai0="63,4,16,40,83,130,126,89,8,45,103,135,106" hai1="87,69,128,52,91,49,53,5,121,124,29,88,30" hai2="10,114,92,38,67,73,90,42,74,116,125,11,94" hai3="7,129,81,118,32,62,120,43,80,115,24,22,56"/><T27/><D126/><U37/><E124/><V95/><F114/><W112/><G118/><T64/><D130/><U25/><E128/><V105/><F125/><W133/><G32/><T26/><D135/><U9/><E37/><V1/><F105/><W19/><G129/><T82/><D103/><U36/><E36/><V23/><F116/><W33/><G33/><T6/><D106/><U111/><E69/><V134/><F67/><W60/><G133/><T18/><D63/><U79/><E111/><V0/><F134/><W99/><G120/><T20/><D64/><U71/><E71/><V15/><F90/><W13/><G62/><T54/><D40/><U55/><E121/><V61/><F61/><W50/><G99/><T102/><D102/><U21/><E30/><V100/><F100/><W78/><G115/><T59/><D59/><U101/><E101/><V98/><F98/><W77/><G77/><T117/><D117/><U35/><E35/><V70/><F70/><W93/><G78/><T17/><D89/><U84/><E49/><V58/><F58/><W96/><G50/><N who="0" m="29007" /><D26/><U122/><E122/><V86/><F42/><W57/><G43/><T123/><D123/><U44/><E44/><V66/><F38/><W109/><G57/><T85/><D8/><N who="2" m="3114" /><F66/><N who="3" m="39175" /><G112/><T14/><D14/><N who="1" m="5423" /><E79/><V113/><F113/><W110/><G110/><T75/><D75/><N who="2" m="28682" /><F86/><AGARI ba="1,2" hai="21,25,29,52,53,55,84,86,87,88,91" m="5423" machi="86" ten="30,3900,0" yaku="8,1,54,2" doraHai="46" who="1" fromWho="2" sc="250,0,220,62,250,-42,260,0" /><INIT seed="1,0,0,2,3,97" ten="250,282,208,260" oya="1" hai0="59,6,75,89,81,85,88,114,109,96,25,39,38" hai1="105,55,133,103,27,111,117,95,13,56,22,73,79" hai2="132,1,118,26,21,68,41,61,131,101,5,8,102" hai3="123,35,94,121,116,71,46,92,104,30,112,60,65"/><U93/><E117/><V20/><F118/><W84/><G116/><T108/><D114/><U33/><E33/><V134/><F41/><W127/><G112/><T120/><D120/><U19/><E111/><N who="0" m="42569" /><D75/><U7/><E133/><N who="2" m="51307" /><F131/><W37/><G104/><T52/><D6/><U90/><E79/><V64/><F21/><W3/><G3/><T122/><D25/><U32/><E73/><V50/><F50/><W67/><G67/><T31/><D31/><AGARI ba="0,0" hai="1,5,8,20,26,31,61,64,68,101,102" m="51307" machi="31" ten="30,3900,0" yaku="20,1,52,2" doraHai="97" who="2" fromWho="0" sc="250,-39,282,0,208,39,260,0" /><INIT seed="2,0,0,1,2,8" ten="211,282,247,260" oya="2" hai0="9,7,109,103,37,29,55,74,111,49,131,18,57" hai1="99,22,126,84,23,94,91,113,43,120,78,59,56" hai2="98,31,67,125,48,110,88,63,16,51,62,47,106" hai3="95,6,35,15,114,12,130,89,80,108,46,19,127"/><V40/><F125/><W14/><G35/><T13/><D37/><U83/><E126/><V102/><F31/><W61/><G127/><T81/><D131/><U36/><E113/><V77/><F77/><W97/><G130/><T105/><D29/><U53/><E120/><V123/><F123/><W11/><G108/><N who="0" m="41547" /><D103/><U92/><E59/><V4/><F4/><W52/><G114/><T1/><D105/><U135/><E135/><V96/><F110/><W115/><G115/><T122/><D122/><U86/><E43/><V71/><F62/><W101/><G19/><T34/><D34/><U41/><E41/><V112/><F112/><W20/><G20/><N who="0" m="11343" /><D81/><U58/><E58/><V21/><F96/><W116/><G116/><T30/><D30/><U25/><E25/><V27/><REACH who="2" step="1"/><F88/><REACH who="2" ten="211,282,237,260" step="2"/><W76/><G89/><T44/><D74/><U69/><E78/><V85/><F85/><N who="3" m="48263" /><G61/><T3/><D1/><U39/><E84/><V24/><F24/><W119/><G119/><T124/><D124/><U28/><E28/><V117/><F117/><W79/><G79/><T100/><D100/><U87/><E86/><V107/><F107/><W104/><G104/><T2/><D3/><U90/><E92/><V17/><F17/><W129/><G129/><T134/><D134/><U82/><E83/><V32/><F32/><W75/><G75/><T10/><D2/><U121/><E121/><V73/><F73/><W93/><G93/><T60/><D7/><U0/><E0/><V133/><F133/><W38/><G6/><T42/><AGARI ba="0,1" hai="9,10,42,44,49,55,57,60" m="11343,41547" machi="42" ten="30,2000,0" yaku="14,1,52,1" doraHai="8" who="0" fromWho="0" sc="211,30,282,-5,237,-10,260,-5" /><INIT seed="3,0,0,4,5,31" ten="241,277,227,255" oya="3" hai0="93,9,23,8,30,46,29,75,76,90,96,77,5" hai1="118,65,13,135,68,12,52,106,54,78,108,113,19" hai2="0,87,21,24,40,49,129,103,11,44,98,95,50" hai3="83,104,125,121,132,133,89,111,14,47,110,42,122"/><W130/><G104/><T43/><D9/><U82/><E113/><V127/><F127/><W51/><G125/><T116/><D116/><U59/><E106/><V61/><F129/><W74/><G130/><T131/><D131/><U100/><E108/><N who="3" m="41514" /><G14/><T109/><D109/><U119/><E100/><V1/><F11/><W85/><G74/><T72/><D75/><U66/><E135/><AGARI ba="0,0" hai="42,47,51,83,85,89,121,122,132,133,135" m="41514" machi="135" ten="30,5800,0" yaku="20,1,14,1,10,1" doraHai="31" who="3" fromWho="1" sc="241,0,277,-58,227,0,255,58" owari="241,4.1,219,-28.1,227,-17.3,313,41.3" /></mjloggm>