<mjloggm ver="2.3"><GO type="225" lobby="0"/><UN n0="%66%67%67%68%68%64%66" n1="%E5%A4%8F%E9%88%B4%E9%88%B4%E5%A4%8F" n2="%E3%82%AF%E3%82%A3%E3%82%A6" n3="%E6%9D%BE%E6%9C%AC%E5%81%A5%E7%94%B7" dan="16,16,16,17" rate="2086.14,2086.12,2065.35,2209.79" sx="M,F,M,M"/><TAIKYOKU oya="0"/><INIT seed="0,0,0,0,1,21" ten="250,250,250,250" oya="0" hai0="17,83,40,134,96,75,46,92,49,54,70,42,51" hai1="74,104,2,15,22,101,27,52,125,59,111,85,36" hai2="26,57,39,61,84,69,58,53,33,32,5,127,76" hai3="102,109,20,121,12,35,80,43,126,72,19,94,103"/><T28/><D70/><U77/><E111/><V63/><F127/><W67/><G109/><T9/><D134/><U89/><E125/><V112/><F112/><W44/><G126/><T34/><D75/><U37/><E2/><V60/><F39/><W41/><G121/><T73/><D73/><U7/><E77/><V86/><F5/><W99/><G35/><T3/><D83/><U6/><E74/><V110/><F110/><W124/><G124/><T91/><D51/><U47/><E101/><V87/><F76/><W107/><G67/><T65/><D65/><U56/><E56/><V120/><F120/><W16/><G72/><T13/><REACH who="0" step="1"/><D3/><REACH who="0" ten="240,250,250,250" step="2"/><U71/><E71/><V97/><F69/><W95/><G80/><T29/><D29/><U129/><E37/><V106/><F63/><W100/><G107/><T115/><D115/><U30/><E104/><V24/><F106/><W133/><G133/><T8/><D8/><U62/><E129/><V98/><F33/><W1/><G1/><T108/><D108/><U64/><E15/><V25/><F32/><W0/><G0/><T10/><D10/><U132/><E132/><V118/><F118/><W45/><G95/><T4/><D4/><U82/><E36/><V68/><F68/><W119/><G119/><T38/><D38/><U131/><E131/><V31/><F31/><W135/><G135/><T117/><D117/><U50/><AGARI ba="0,1" hai="6,7,22,27,30,47,50,52,59,62,64,82,85,89" machi="50" ten="30,7900,0" yaku="0,1,8,1,52,1,54,1" doraHai="21" who="1" fromWho="1" sc="240,-39,250,89,250,-20,250,-20" /><INIT seed="1,0,0,4,1,29" ten="201,339,230,230" oya="1" hai0="85,103,39,51,97,22,31,112,21,78,52,46,130" hai1="94,41,26,90,5,87,0,75,40,92,16,134,7" hai2="89,74,79,54,57,122,63,36,113,80,98,8,4" hai3="72,114,77,69,47,14,84,100,18,127,2,10,105"/><U125/><E125/><V13/><F122/><W3/><G114/><T64/><D112/><U23/><E75/><V108/><F108/><W38/><G127/><T30/><D130/><U6/><E134/><V55/><F113/><W48/><G69/><T50/><D39/><U128/><E128/><V93/><REACH who="2" step="1"/><F36/><REACH who="2" ten="201,339,220,230" step="2"/><W27/><G38/><T102/><D64/><AGARI ba="0,1" hai="4,8,13,54,55,57,63,64,74,79,80,89,93,98" machi="64" ten="30,7700,0" yaku="1,1,2,1,7,1,53,1" doraHai="29" doraHaiUra="59" who="2" fromWho="0" sc="201,-77,339,0,220,87,230,0" /><INIT seed="2,0,0,0,4,134" ten="124,339,307,230" oya="2" hai0="2,34,127,39,58,59,15,53,61,1,72,40,36" hai1="29,32,54,24,125,28,99,78,56,68,90,60,55" hai2="98,5,122,3,95,104,47,51,64,4,113,110,131" hai3="135,22,71,21,82,85,26,129,69,27,116,67,94"/><V74/><F113/><W91/><G116/><T37/><D34/><U86/><E68/><V33/><F122/><W81/><G135/><T8/><D72/><U93/><E29/><V10/><F131/><W31/><G129/><T106/><D106/><U63/><E125/><V126/><F104/><W50/><G50/><T97/><D40/><U46/><E46/><V43/><F74/><W16/><REACH who="3" step="1"/><G71/><REACH who="3" ten="124,339,307,220" step="2"/><T96/><D59/><U102/><E56/><V41/><F51/><W87/><G87/><T105/><D127/><U30/><E86/><V25/><F126/><W120/><G120/><T117/><D117/><U14/><E60/><AGARI ba="0,1" hai="16,21,22,26,27,31,60,67,69,81,82,85,91,94" machi="60" ten="40,8000,1" yaku="1,1,54,1,53,2" doraHai="134" doraHaiUra="17" who="3" fromWho="1" sc="124,0,339,-80,307,0,220,90" /><INIT seed="3,0,0,2,0,16" ten="124,259,307,310" oya="3" hai0="17,117,40,18,48,63,4,111,76,98,20,82,53" hai1="23,96,1,59,13,45,104,14,58,118,113,69,52" hai2="66,28,44,127,55,129,72,26,36,103,114,135,32" hai3="132,116,12,99,47,34,70,100,89,95,71,57,9"/><W74/><G116/><T29/><D111/><U25/><E113/><V87/><F72/><W22/><G34/><T97/><D117/><U77/><E1/><V61/><F114/><W11/><G74/><T94/><D4/><U30/><E69/><V73/><F73/><W101/><G71/><T123/><D123/><U21/><E118/><V86/><F127/><W38/><G70/><T10/><D40/><U33/><E77/><V41/><F129/><W83/><G38/><T24/><D63/><U35/><E45/><V92/><F135/><W109/><G47/><T130/><D130/><U115/><E59/><V67/><F55/><W31/><G109/><T102/><D10/><U6/><E115/><V112/><F112/><W68/><G68/><T3/><D3/><U19/><E13/><V119/><F119/><W79/><G83/><T124/><D124/><U64/><E64/><V134/><F134/><W27/><G79/><T51/><D98/><U62/><E6/><V128/><F128/><W88/><G89/><T8/><D8/><N who="3" m="3145" /><G12/><T107/><D107/><U54/><E54/><V46/><F46/><W108/><G132/><T110/><D110/><U42/><E42/><V122/><F122/><W121/><G121/><T78/><D78/><U84/><E84/><N who="2" m="32299" /><F61/><W91/><G108/><T105/><D105/><U43/><REACH who="1" step="1"/><E43/><REACH who="1" ten="124,249,307,310" step="2"/><V60/><F44/><W133/><G133/><T90/><D102/><AGARI ba="0,1" hai="14,19,21,23,25,30,33,35,52,58,62,96,102,104" machi="102" ten="40,8000,1" yaku="1,1,2,1,52,2,54,1,53,0" doraHai="16" doraHaiUra="2" who="1" fromWho="0" sc="124,-80,249,90,307,0,310,0" owari="44,-45.6,339,43.9,307,-9.3,310,11.0" /></mjloggm>