<mjloggm ver="2.3"><GO type="225" lobby="0"/><UN n0="%E3%83%96%E3%83%83%E3%83%91%E3%82%AA%E3%83%96%E3%83%81%E3%82%AD%E3%83%B3" n1="%E6%A1%9C%E6%B2%A2%E5%A2%A8" n2="%72%61%6B%33" n3="%E5%B6%BA%E4%B8%8A%E5%92%B2" dan="16,17,16,16" rate="2190.80,2153.02,2074.49,2104.06" sx="M,F,M,F"/><TAIKYOKU oya="0"/><INIT seed="0,0,0,5,0,1" ten="250,250,250,250" oya="0" hai0="83,84,61,35,58,105,64,119,34,69,78,29,121" hai1="87,135,32,16,101,127,91,79,30,115,110,129,85" hai2="11,103,56,70,7,9,94,102,23,46,17,73,82" hai3="5,74,48,120,54,100,65,36,10,123,75,98,22"/><T99/><D119/><U15/><E110/><V31/><F70/><W59/><G36/><T131/><D121/><N who="3" m="46665" /><G22/><T118/><D118/><U3/><E3/><V26/><F56/><W62/><G100/><T104/><D131/><U88/><E129/><V13/><F46/><N who="3" m="27927" /><G98/><T86/><D99/><U77/><E101/><V60/><F60/><W43/><G43/><T93/><D69/><U95/><E135/><V40/><F40/><W41/><G41/><T71/><D71/><U42/><E127/><V92/><F103/><W97/><G97/><T66/><D66/><U49/><E115/><V55/><F55/><W81/><G81/><T44/><D44/><N who="1" m="25751" /><E30/><V133/><F133/><W47/><G47/><T38/><D38/><U45/><E32/><V12/><REACH who="2" step="1"/><F102/><REACH who="2" ten="250,250,240,250" step="2"/><W113/><G113/><T53/><D53/><U67/><E67/><V90/><F90/><W37/><G37/><T126/><D64/><U33/><E45/><V134/><F134/><W0/><AGARI ba="0,1" hai="0,5,10,59,62,65,74,75" m="27927,46665" machi="0" ten="30,2000,0" yaku="13,1,52,1" doraHai="1" who="3" fromWho="3" sc="250,-10,250,-5,240,-5,250,30" /><INIT seed="1,0,0,5,5,73" ten="240,245,235,280" oya="1" hai0="24,59,90,0,32,2,44,66,112,19,133,4,79" hai1="129,5,104,28,131,116,88,123,7,89,42,51,95" hai2="117,55,8,111,16,62,102,35,130,11,83,30,87" hai3="10,13,82,78,50,38,86,63,75,91,115,29,26"/><U47/><E116/><V128/><F117/><W68/><G38/><T40/><D112/><U81/><E123/><V61/><F111/><W45/><G115/><T27/><D133/><U127/><E104/><V53/><F102/><W49/><G68/><T110/><D110/><U101/><E127/><V94/><F94/><W25/><G63/><T6/><D90/><U20/><E101/><V72/><F72/><W65/><G65/><T39/><D59/><U120/><E120/><V109/><F109/><W57/><G57/><T135/><D66/><U46/><E46/><V92/><F92/><W119/><G119/><T105/><D105/><U64/><E64/><V17/><F30/><W37/><G37/><T18/><D135/><U71/><E71/><V48/><F35/><W100/><G100/><T9/><D79/><U132/><E132/><V74/><F74/><W76/><G75/><T125/><D125/><U58/><E58/><V107/><F107/><W41/><G50/><T113/><D113/><U84/><E131/><V23/><F23/><N who="3" m="15551" /><G26/><T126/><D126/><U43/><E129/><V14/><F48/><W52/><G41/><T60/><D60/><N who="2" m="23146" /><F130/><W124/><G124/><T80/><D32/><U67/><E67/><V56/><F56/><W106/><G106/><T33/><D33/><U114/><E43/><V122/><F122/><W31/><G31/><T103/><D103/><U36/><E36/><V97/><F128/><W21/><G21/><T121/><D121/><U70/><E70/><V1/><F53/><W34/><G34/><T134/><D134/><U85/><E114/><RYUUKYOKU ba="0,0" sc="240,-15,245,15,235,-15,280,15" hai1="5,7,20,28,42,47,51,81,84,85,88,89,95" hai3="10,13,45,49,52,76,78,82,86,91" /><INIT seed="1,1,0,1,1,109" ten="225,260,220,295" oya="1" hai0="9,4,78,84,107,43,8,72,21,83,25,40,15" hai1="113,121,114,135,17,6,126,23,73,103,45,20,66" hai2="80,22,101,75,94,96,31,44,129,37,90,12,60" hai3="70,118,77,132,24,5,64,97,2,69,117,122,67"/><U106/><E73/><V46/><F129/><W120/><G77/><T47/><D107/><U74/><E74/><V39/><F39/><W51/><G97/><T53/><D72/><U128/><E103/><V27/><F37/><W134/><G24/><T63/><D9/><U99/><E99/><V35/><F35/><W98/><G98/><T52/><D63/><U30/><E106/><V42/><F42/><W0/><G5/><T89/><D89/><U16/><E66/><V13/><F60/><W71/><G71/><T93/><D93/><U91/><E91/><V56/><F56/><W41/><G41/><T14/><D14/><N who="2" m="5738" /><F75/><W79/><G79/><T108/><D108/><U65/><E65/><V10/><F10/><W57/><G57/><T32/><D32/><U111/><E111/><V48/><F48/><AGARI ba="1,0" hai="0,2,48,51,64,67,69,70,117,118,120,122,132,134" machi="48" ten="25,1600,0" yaku="22,2" doraHai="109" who="3" fromWho="2" sc="225,0,260,0,220,-19,295,19" /><INIT seed="2,0,0,1,3,66" ten="225,260,201,314" oya="2" hai0="110,49,68,100,19,65,14,15,112,28,61,131,117" hai1="109,83,54,2,36,75,43,0,132,44,21,29,119" hai2="118,114,133,38,93,7,13,34,56,102,63,87,122" hai3="111,48,11,10,24,70,17,16,86,9,106,55,121"/><V120/><F114/><W90/><G106/><T67/><D112/><U116/><E109/><V89/><F118/><W98/><G121/><T125/><D110/><U41/><E132/><V8/><F133/><W126/><G70/><T113/><D113/><U57/><E43/><V127/><F127/><W62/><G126/><T84/><D125/><U105/><E105/><V52/><F34/><W96/><G62/><T123/><D123/><U128/><E128/><V94/><REACH who="2" step="1"/><F38/><REACH who="2" ten="225,260,191,314" step="2"/><W115/><G115/><T108/><D108/><U71/><E119/><V33/><F33/><W78/><G111/><T74/><D117/><U53/><E116/><V58/><F58/><N who="3" m="33127" /><G78/><T69/><D131/><U4/><E57/><V79/><F79/><W25/><G25/><T18/><D74/><U88/><E75/><V107/><F107/><W39/><G39/><T80/><D69/><U129/><E71/><V46/><F46/><W72/><G72/><T77/><D68/><U103/><E129/><V1/><F1/><W5/><G24/><T76/><D76/><U97/><E0/><V27/><F27/><W32/><G32/><T60/><D77/><U3/><E2/><V30/><F30/><W31/><G31/><T135/><D28/><U20/><E29/><V40/><F40/><W73/><G73/><T91/><D135/><U95/><E3/><V45/><F45/><W42/><G42/><T82/><D14/><U101/><E36/><V81/><F81/><N who="3" m="49487" /><G5/><T64/><D15/><U6/><E6/><V51/><F51/><W59/><G59/><T134/><D49/><U99/><E4/><RYUUKYOKU ba="0,1" sc="225,-15,260,-15,191,15,314,15" hai2="7,8,13,52,56,63,87,89,93,94,102,120,122" hai3="9,10,11,16,17,96,98" /><INIT seed="2,1,1,1,1,108" ten="210,245,206,329" oya="2" hai0="90,78,91,114,68,87,6,80,77,31,82,101,24" hai1="121,56,15,131,126,10,51,75,102,63,14,71,59" hai2="36,3,116,29,97,43,134,57,53,40,103,123,118" hai3="88,8,112,39,106,46,105,74,107,73,21,98,96"/><V0/><F123/><W18/><G8/><T19/><D68/><U54/><E71/><V119/><F134/><W25/><G112/><T109/><D109/><U92/><E121/><V12/><F29/><W110/><G110/><T45/><D6/><U22/><E75/><V66/><F66/><W124/><G124/><T5/><D5/><U95/><E131/><V11/><F36/><W99/><REACH who="3" step="1"/><G88/><REACH who="3" ten="210,245,206,319" step="2"/><T93/><D114/><U37/><E126/><V117/><F117/><W79/><G79/><T84/><D91/><U44/><E10/><V4/><F0/><W2/><G2/><T120/><D120/><U83/><E83/><V132/><F3/><W76/><G76/><T42/><D78/><U49/><E102/><V115/><F115/><W23/><G23/><T62/><D101/><U89/><E22/><V27/><F132/><W113/><G113/><T65/><D80/><U104/><E89/><V85/><F85/><W30/><G30/><T1/><D1/><U28/><E28/><V122/><F122/><W26/><G26/><T111/><D111/><U127/><E127/><V72/><F27/><W55/><G55/><T125/><D125/><U129/><E54/><V17/><F4/><W34/><G34/><T20/><D31/><U67/><E14/><V64/><F72/><W60/><G60/><T86/><D86/><U16/><E63/><N who="2" m="37999" /><F53/><W35/><G35/><T47/><D42/><AGARI ba="1,2" hai="18,21,25,39,42,46,73,74,96,98,99,105,106,107" machi="42" ten="50,1600,0" yaku="1,1,53,0" doraHai="108" doraHaiUra="135" who="3" fromWho="0" sc="210,-19,245,0,206,0,319,39" /><INIT seed="3,0,0,5,3,79" ten="191,245,206,358" oya="3" hai0="77,104,25,7,52,106,114,18,132,111,5,14,90" hai1="47,80,35,123,34,33,67,16,1,78,13,93,125" hai2="55,109,12,112,89,99,37,60,42,97,29,122,57" hai3="68,31,115,95,17,82,63,2,117,98,43,9,4"/><W50/><G115/><T24/><D111/><U62/><E1/><V107/><F112/><W10/><G117/><T22/><D132/><U59/><E123/><V54/><F122/><W110/><G31/><T46/><D114/><U23/><E125/><V119/><F119/><W83/><G110/><T15/><D77/><U87/><E47/><V76/><F109/><W88/><G43/><T69/><D69/><U133/><E133/><V70/><F70/><W108/><G108/><T36/><D36/><U53/><REACH who="1" step="1"/><E93/><REACH who="1" ten="191,235,206,358" step="2"/><V32/><F107/><W86/><G95/><T61/><D106/><U56/><E56/><V102/><F57/><W101/><G2/><T41/><D104/><U127/><E127/><V129/><F129/><W58/><G58/><N who="0" m="35015" /><D46/><U92/><E92/><V121/><F121/><W128/><G68/><T118/><D118/><U120/><E120/><V81/><F37/><W65/><G128/><T135/><D135/><U26/><E26/><N who="0" m="10345" /><D41/><U91/><E91/><V39/><F89/><W94/><G88/><T130/><D130/><U8/><E8/><V21/><F42/><W100/><G10/><N who="0" m="6519" /><D90/><U75/><E75/><V84/><F39/><W45/><G9/><T20/><D22/><U85/><E85/><V28/><F21/><W64/><G94/><T126/><D126/><U66/><AGARI ba="0,1" hai="13,16,23,33,34,35,53,59,62,66,67,78,80,87" machi="66" ten="40,8000,1" yaku="1,1,0,1,52,1,54,1,53,0" doraHai="79" doraHaiUra="103" who="1" fromWho="1" sc="191,-20,235,90,206,-20,358,-40" owari="171,-32.9,325,42.5,186,-21.4,318,11.8" /></mjloggm>