<mjloggm ver="2.3"><GO type="225" lobby="0"/><UN n0="%EF%BC%AE%EF%BC%A1%EF%BC%AF%33%33%39" n1="%6E%69%63%6F%6E%74%6F" n2="%E6%A1%9C%E8%8A%B1%E9%96%83%E3%80%85" n3="%E3%81%A0%E3%81%8A" dan="16,16,16,17" rate="2098.23,2132.46,2136.75,2076.46" sx="M,M,M,M"/><TAIKYOKU oya="0"/><INIT seed="0,0,0,5,3,51" ten="250,250,250,250" oya="0" hai0="79,57,43,48,52,121,24,68,132,81,13,1,62" hai1="93,71,98,134,18,120,124,96,32,76,7,133,94" hai2="129,31,56,70,109,108,21,10,9,107,45,113,100" hai3="119,91,44,0,111,8,58,77,42,122,23,69,41"/><T39/><BYE who="1" /><D1/><U95/><E95/><V75/><F70/><W117/><G119/><T126/><D121/><U101/><E101/><V85/><F75/><UN n1="%6E%69%63%6F%6E%74%6F" /><W36/><G69/><T102/><D102/><U64/><E64/><V49/><F113/><W50/><G117/><T26/><D132/><U61/><E61/><V97/><F129/><W53/><G42/><T123/><D123/><U84/><E71/><V66/><F85/><W88/><G111/><N who="2" m="42569" /><F56/><W125/><G125/><T74/><D13/><U14/><E32/><V110/><N who="2" m="42577" /><V86/><DORA hai="99" /><F66/><W73/><G23/><T29/><D29/><U15/><E18/><V82/><F21/><W104/><G104/><T16/><D126/><U63/><E124/><V54/><F31/><W114/><G114/><T127/><D127/><U20/><E120/><V80/><F80/><N who="3" m="45103" /><G122/><T89/><D16/><U38/><E20/><V5/><F5/><AGARI ba="0,0" hai="0,5,8,36,41,44,50,53,58,88,91" m="45103" machi="5" ten="30,3900,0" yaku="25,1,52,1,54,1" doraHai="51,99" who="3" fromWho="2" sc="250,0,250,0,250,-39,250,39" /><INIT seed="1,0,0,2,5,83" ten="250,250,211,289" oya="1" hai0="30,108,94,33,105,91,69,101,109,45,44,14,126" hai1="35,135,40,23,81,96,22,55,51,53,58,18,70" hai2="124,64,90,13,129,120,38,54,86,59,128,42,75" hai3="100,41,66,93,11,32,112,72,0,48,113,102,65"/><U71/><E135/><V99/><F120/><W87/><G87/><BYE who="3" /><T67/><D101/><U5/><E35/><V97/><F75/><W73/><G73/><T88/><D105/><U37/><E5/><V60/><F124/><W116/><G116/><T27/><D126/><UN n3="%E3%81%A0%E3%81%8A" /><U125/><E125/><V80/><F13/><W118/><G72/><T3/><D3/><U123/><E123/><V39/><F64/><W52/><G32/><T19/><D67/><U84/><E96/><V134/><F134/><W130/><G41/><T50/><D69/><U31/><E31/><V92/><F97/><W78/><G0/><T56/><D56/><U6/><E6/><V29/><F29/><W127/><G118/><T57/><D57/><U133/><E133/><V15/><F15/><W74/><G74/><T132/><D132/><U2/><E2/><V89/><REACH who="2" step="1"/><F42/><REACH who="2" ten="250,250,201,289" step="2"/><W46/><G127/><T103/><D14/><U106/><E40/><V61/><F61/><W8/><G66/><T117/><D117/><U77/><E55/><V34/><F34/><W17/><G65/><T114/><D30/><U25/><E71/><V95/><F95/><W85/><G93/><T82/><D94/><U107/><E70/><V21/><F21/><W47/><G113/><T9/><D33/><U111/><E23/><V28/><F28/><W4/><G112/><T24/><D114/><U63/><E63/><V1/><F1/><W7/><G8/><T16/><D9/><U36/><REACH who="1" step="1"/><E111/><REACH who="1" ten="250,240,201,289" step="2"/><V62/><F62/><W121/><G121/><T26/><D108/><U98/><E98/><V43/><F43/><RYUUKYOKU ba="0,2" sc="250,-15,240,15,201,15,289,-15" hai1="18,22,25,36,37,51,53,58,77,81,84,106,107" hai2="38,39,54,59,60,80,86,89,90,92,99,128,129" /><INIT seed="1,1,2,5,0,118" ten="235,255,216,274" oya="1" hai0="9,87,88,17,131,55,94,75,114,122,31,53,1" hai1="77,81,100,97,134,98,127,2,109,105,54,110,103" hai2="108,11,111,85,59,73,102,107,113,46,83,115,106" hai3="34,123,70,121,28,79,0,64,32,22,25,18,69"/><U19/><E2/><V35/><F35/><W133/><G0/><T40/><D75/><N who="1" m="43199" /><E54/><V65/><F46/><W10/><G133/><T5/><D114/><N who="2" m="43530" /><F11/><W39/><G39/><T26/><D131/><U21/><E134/><V116/><F116/><W43/><G43/><T86/><D40/><U38/><E38/><V126/><F126/><W104/><G10/><T45/><D45/><U8/><E8/><V7/><F7/><W80/><G104/><N who="2" m="39977" /><F102/><N who="1" m="38953" /><E105/><V60/><F73/><W48/><G32/><T33/><D122/><U20/><E127/><V29/><F29/><W71/><G48/><T82/><REACH who="0" step="1"/><D17/><REACH who="0" ten="225,255,216,274" step="2"/><U15/><E21/><V128/><F128/><W99/><G18/><T41/><D41/><U61/><E61/><V66/><F66/><W120/><G22/><T125/><D125/><U52/><E52/><V50/><F50/><W49/><G49/><T6/><D6/><U89/><E20/><V30/><F30/><W119/><G64/><T23/><D23/><U95/><E19/><V90/><AGARI ba="1,3" hai="59,60,65,83,85,90,108,111" m="39977,43530" machi="90" ten="40,1500,0" yaku="11,1" doraHai="118" who="2" fromWho="2" sc="225,-5,255,-8,216,48,274,-5" /><INIT seed="2,0,0,0,1,26" ten="220,247,264,269" oya="2" hai0="70,47,60,82,24,9,64,0,73,94,133,117,46" hai1="63,37,14,77,40,54,44,53,39,90,67,58,125" hai2="128,109,23,98,2,107,80,16,123,114,19,106,50" hai3="78,51,5,30,110,4,103,3,27,132,62,45,13"/><V88/><F114/><W20/><G3/><T91/><D133/><U42/><E125/><V131/><F123/><W104/><G132/><T66/><D117/><U52/><E77/><V101/><F2/><W18/><G110/><T135/><D135/><U15/><E90/><V76/><F109/><W36/><G36/><N who="1" m="13898" /><E15/><V87/><F106/><W129/><G78/><T38/><D38/><N who="1" m="21527" /><E14/><V79/><F50/><W116/><G62/><T84/><D73/><U118/><E118/><V69/><F69/><W8/><G129/><N who="2" m="49737" /><F19/><W21/><G116/><T100/><D0/><U6/><E6/><V74/><F74/><W130/><G130/><T34/><D9/><U49/><E42/><V72/><F72/><W81/><G8/><T65/><D100/><U86/><E86/><V22/><F22/><W102/><G81/><T126/><D82/><U97/><E97/><V105/><F107/><W134/><G134/><T119/><D119/><U83/><E83/><V127/><F127/><W33/><G20/><T75/><D75/><U108/><E108/><V56/><F56/><AGARI ba="0,0" hai="49,52,53,54,56,58,63,67" m="21527,13898" machi="56" ten="30,12000,2" yaku="35,5,54,1" doraHai="26" who="1" fromWho="2" sc="220,0,247,120,264,-120,269,0" /><INIT seed="3,0,0,1,4,33" ten="220,367,144,269" oya="3" hai0="60,55,38,109,90,37,91,82,74,98,94,49,58" hai1="62,80,84,6,45,64,13,70,102,103,114,12,67" hai2="26,75,124,112,92,130,127,47,20,54,118,42,57" hai3="16,113,123,30,76,35,44,77,21,72,106,19,108"/><W81/><G113/><T34/><D34/><U99/><E114/><V69/><F75/><W128/><G123/><T41/><D109/><U31/><E67/><V104/><F112/><W121/><G106/><T85/><D74/><U110/><E110/><V65/><F104/><W15/><G128/><T133/><D133/><U5/><E31/><V119/><F92/><W56/><G56/><T8/><D8/><U71/><E71/><V97/><F97/><W93/><G93/><T17/><D41/><U66/><E66/><V107/><F107/><W86/><G121/><T68/><D68/><U1/><E45/><V50/><F20/><W48/><G19/><T36/><D36/><U7/><E1/><V61/><F26/><W134/><G134/><T32/><D32/><U0/><E0/><V100/><F100/><W87/><G77/><T4/><D4/><U18/><E99/><V95/><F95/><W24/><REACH who="3" step="1"/><G108/><REACH who="3" ten="220,367,144,259" step="2"/><T117/><D17/><U120/><E120/><V89/><F130/><W129/><G129/><T25/><D94/><U27/><E102/><V51/><REACH who="2" step="1"/><F89/><REACH who="2" ten="220,367,134,259" step="2"/><W59/><G59/><T126/><D90/><U11/><E103/><V53/><F53/><AGARI ba="0,2" hai="15,16,21,24,30,35,44,48,53,72,76,81,86,87" machi="53" ten="30,5800,0" yaku="1,1,7,1,54,1,53,0" doraHai="33" doraHaiUra="39" who="3" fromWho="2" sc="220,0,367,0,134,-58,259,78" /><INIT seed="3,1,0,5,4,128" ten="220,367,76,337" oya="3" hai0="17,131,92,130,53,11,1,9,94,54,0,68,61" hai1="117,133,35,65,75,134,103,119,98,2,57,13,32" hai2="77,74,78,95,84,85,100,16,43,55,64,27,23" hai3="126,24,87,36,62,40,21,72,3,91,7,102,96"/><W5/><G72/><T4/><D17/><U59/><E2/><V30/><F74/><W25/><G126/><T79/><D79/><U113/><E113/><V101/><F43/><W58/><G36/><T88/><D61/><N who="1" m="38063" /><E75/><V104/><F104/><W105/><G40/><T120/><D68/><U82/><E82/><V109/><F109/><W46/><G46/><T81/><D81/><U125/><E13/><V66/><F55/><W44/><G44/><T99/><D120/><U111/><E125/><V33/><F33/><N who="1" m="12873" /><E59/><V127/><F127/><W110/><G110/><T71/><D71/><U67/><E67/><V41/><F41/><W56/><G56/><T6/><REACH who="0" step="1"/><D94/><REACH who="0" ten="210,367,76,337" step="2"/><N who="1" m="58839" /><E111/><V47/><F30/><W122/><G122/><T38/><D38/><U97/><E97/><V89/><F47/><W108/><G108/><T50/><D50/><U69/><E69/><V18/><F78/><W52/><G96/><T93/><D93/><U118/><AGARI ba="1,1" hai="117,118,119,133,134" m="58839,12873,38063" machi="118" ten="40,5200,0" yaku="12,1,52,2" doraHai="128" who="1" fromWho="1" sc="210,-14,367,65,76,-14,337,-27" owari="196,-20.4,432,53.2,62,-43.8,310,11.0" /></mjloggm>