<mjloggm ver="2.3"><GO type="225" lobby="0"/><UN n0="%E3%83%96%E3%83%83%E3%83%91%E3%82%AA%E3%83%96%E3%83%81%E3%82%AD%E3%83%B3" n1="%E3%81%95%E3%81%8D%E3%81%9F%E3%81%BE%E6%9E%97%E6%AA%8E" n2="%E3%82%8C%E3%81%99%E3%81%93" n3="%E3%83%81%E3%83%83%E3%82%BF%E3%82%BD%E3%83%BC" dan="16,16,17,16" rate="2183.72,2096.01,2171.29,2177.02" sx="M,M,F,F"/><TAIKYOKU oya="0"/><INIT seed="0,0,0,4,5,71" ten="250,250,250,250" oya="0" hai0="11,35,109,102,124,85,47,112,99,33,41,107,67" hai1="70,14,76,42,119,8,15,122,92,61,104,0,79" hai2="63,132,98,48,81,74,125,83,1,30,51,36,106" hai3="96,118,2,25,23,4,34,130,52,133,32,114,39"/><T60/><D112/><U20/><E122/><V116/><F1/><W126/><G114/><T128/><D124/><U10/><E119/><V75/><F125/><W69/><G118/><T115/><D115/><U68/><E104/><V5/><F5/><W97/><G126/><T127/><D127/><U44/><E0/><V88/><F116/><W73/><G69/><T6/><D128/><U117/><E117/><V87/><F132/><W94/><G130/><T90/><D109/><U80/><E92/><V100/><F36/><W62/><G133/><T12/><D60/><U86/><E20/><V120/><F120/><W26/><G73/><T29/><D67/><U78/><E70/><V9/><F9/><W82/><G82/><T22/><D22/><U40/><E61/><V59/><F30/><W113/><G113/><T129/><D29/><U110/><E68/><V38/><F38/><W57/><G39/><T16/><D6/><N who="1" m="3351" /><E110/><V123/><F123/><W21/><G4/><T89/><D129/><U121/><E121/><V91/><F75/><W54/><G2/><T66/><D66/><U28/><E28/><V19/><F19/><W134/><G134/><T65/><D65/><U103/><E103/><V24/><F24/><W53/><G32/><T31/><D31/><U3/><E3/><V105/><F105/><W17/><G34/><N who="0" m="12811" /><D85/><U18/><E44/><V7/><F7/><W108/><G108/><T58/><D58/><U43/><AGARI ba="0,0" hai="10,15,18,40,42,43,76,78,79,80,86" m="3351" machi="43" ten="30,1100,0" yaku="8,1" doraHai="71" who="1" fromWho="1" sc="250,-5,250,11,250,-3,250,-3" /><INIT seed="1,0,0,3,1,104" ten="245,261,247,247" oya="1" hai0="118,108,32,109,112,6,21,35,74,61,116,30,45" hai1="72,113,88,79,37,17,0,70,96,101,120,123,97" hai2="1,134,11,69,102,14,124,15,43,38,28,68,58" hai3="18,105,89,91,16,9,73,26,3,85,52,106,50"/><U75/><E70/><V22/><F134/><W133/><G133/><T8/><D112/><U114/><E37/><V36/><F124/><W115/><G115/><N who="1" m="44042" /><E0/><V77/><F1/><W87/><G73/><N who="1" m="28234" /><E79/><V67/><F77/><W19/><G26/><N who="0" m="16719" /><D74/><U54/><E54/><V130/><F102/><W41/><G41/><T80/><D80/><U63/><E63/><V56/><F43/><W59/><G9/><T20/><D45/><U64/><E64/><V119/><F67/><W13/><G3/><N who="0" m="95" /><D61/><U92/><E17/><V121/><F11/><W82/><REACH who="3" step="1"/><G13/><REACH who="3" ten="245,261,247,237" step="2"/><T33/><D20/><U46/><E46/><V93/><F22/><W81/><AGARI ba="0,1" hai="16,18,19,50,52,59,81,82,85,87,89,91,105,106" machi="81" ten="30,12000,2" yaku="1,1,2,1,0,1,9,1,54,2,53,0" doraHai="104" doraHaiUra="29" who="3" fromWho="3" sc="245,-30,261,-60,247,-30,237,130" /><INIT seed="2,0,0,0,0,1" ten="215,201,217,367" oya="2" hai0="94,14,68,50,121,75,25,48,49,0,28,16,51" hai1="3,101,108,71,18,29,13,22,69,76,133,9,92" hai2="4,131,44,87,32,80,74,45,88,117,40,6,130" hai3="53,109,8,119,52,95,83,129,23,54,97,98,124"/><V63/><F117/><W24/><G119/><T90/><D121/><U127/><E108/><V105/><F32/><W111/><G129/><N who="2" m="49161" /><F105/><W99/><G124/><T77/><D68/><U128/><E127/><V36/><F74/><W72/><G8/><T61/><D61/><U93/><E128/><V41/><F63/><W118/><G118/><T102/><D0/><U113/><E113/><V21/><F21/><W115/><G115/><T12/><D102/><U62/><E133/><V42/><F42/><W17/><REACH who="3" step="1"/><G95/><REACH who="3" ten="215,201,217,357" step="2"/><T7/><D94/><U114/><E93/><V96/><F96/><W132/><G132/><T56/><D75/><U31/><E114/><V2/><F2/><W35/><G35/><T120/><D120/><U100/><E92/><V65/><F65/><W66/><G66/><T79/><D79/><AGARI ba="0,1" hai="17,23,24,52,53,54,72,79,83,97,98,99,109,111" machi="79" ten="50,3200,0" yaku="1,1,54,1,53,0" doraHai="1" doraHaiUra="34" who="3" fromWho="0" sc="215,-32,201,0,217,0,357,42" /><INIT seed="3,0,0,4,3,72" ten="183,201,217,399" oya="3" hai0="80,99,55,122,17,124,28,97,114,20,66,111,73" hai1="89,128,117,25,71,126,2,78,102,100,60,14,29" hai2="133,131,46,135,119,81,110,49,26,83,77,91,61" hai3="53,19,10,109,87,43,4,64,93,13,6,30,15"/><W96/><G109/><T108/><D122/><U0/><E89/><V70/><F110/><N who="0" m="42026" /><D124/><U134/><E126/><V65/><F119/><W39/><G64/><T132/><D132/><N who="2" m="50762" /><F131/><W54/><G30/><T79/><D114/><U37/><E37/><V90/><F26/><W62/><G87/><T104/><D66/><U11/><E134/><V48/><F48/><W18/><G43/><T5/><D104/><U123/><E123/><V115/><F115/><W94/><G39/><T58/><D5/><U1/><E128/><V107/><F107/><W88/><G93/><T23/><D28/><U31/><E31/><V130/><F130/><W106/><G106/><T103/><D103/><U118/><E78/><V125/><F125/><W92/><G94/><T95/><D95/><U8/><E102/><V76/><F76/><W127/><G127/><T51/><D23/><N who="1" m="15551" /><E100/><V9/><F9/><N who="3" m="6447" /><G62/><T56/><D58/><U121/><E121/><V74/><F83/><W45/><G45/><T34/><D34/><U69/><E60/><V3/><F3/><W47/><G47/><T112/><D112/><U32/><E32/><V7/><F7/><AGARI ba="0,0" hai="4,6,7,10,15,19,53,54,88,92,96" m="6447" machi="7" ten="30,2900,0" yaku="8,1,54,1" doraHai="72" who="3" fromWho="2" sc="183,0,201,0,217,-29,399,29" owari="183,-31.7,201,0.1,188,-21.2,428,52.8" /></mjloggm>