<mjloggm ver="2.3"><GO type="225" lobby="0"/><UN n0="%E6%97%A5%E6%9B%9C%E6%97%A5%E3%82%88%E3%82%8A%E3%81%AE%E4%BD%BF%E8%80%85" n1="%E5%84%AA%40%41%42%43" n2="%E3%81%BF%E3%81%BF%E3%81%9A" n3="%41%6F%54" dan="16,17,17,16" rate="2172.03,2146.91,2189.32,2079.42" sx="M,M,M,M"/><TAIKYOKU oya="0"/><INIT seed="0,0,0,1,0,1" ten="250,250,250,250" oya="0" hai0="29,114,56,85,48,41,103,14,135,8,63,42,22" hai1="104,89,120,68,10,18,72,24,121,86,116,51,49" hai2="70,129,119,73,100,109,34,5,130,79,64,76,40" hai3="83,131,75,87,127,133,38,118,55,115,90,58,39"/><T97/><D114/><U77/><E116/><V93/><F119/><W13/><G118/><T123/><D123/><U71/><E104/><V94/><F34/><W60/><G115/><T15/><D135/><U37/><E37/><V67/><F109/><W92/><G133/><T107/><D85/><U91/><E72/><V117/><F117/><W125/><G131/><N who="2" m="50185" /><F73/><W99/><G75/><T46/><D41/><U23/><E77/><N who="2" m="29771" /><F100/><W4/><G38/><T28/><D22/><U74/><E74/><V101/><F101/><W26/><G39/><T7/><REACH who="0" step="1"/><D15/><REACH who="0" ten="240,250,250,250" step="2"/><U128/><E128/><V113/><F40/><W19/><G26/><T112/><D112/><U33/><E121/><V66/><F113/><W50/><G125/><T65/><AGARI ba="0,1" hai="7,8,14,28,29,42,46,48,56,63,65,97,103,107" machi="65" ten="20,7800,0" yaku="1,1,0,1,7,1,52,1,53,0" doraHai="1" doraHaiUra="31" who="0" fromWho="0" sc="240,88,250,-26,250,-26,250,-26" /><INIT seed="0,1,0,3,4,104" ten="328,224,224,224" oya="0" hai0="13,127,108,79,78,31,133,90,6,124,55,123,32" hai1="109,52,122,89,37,134,86,116,58,1,130,33,92" hai2="22,95,112,91,110,82,120,44,128,64,83,126,114" hai3="129,23,24,16,81,27,54,125,99,101,7,94,76"/><T10/><D123/><U48/><E116/><V47/><F120/><W111/><G111/><T87/><D108/><U93/><E122/><V59/><F110/><W135/><G135/><T28/><D55/><U106/><E109/><V61/><F126/><N who="0" m="48170" /><D133/><U96/><E106/><V8/><F128/><W17/><G125/><T35/><D31/><U75/><E130/><V3/><F3/><W12/><G129/><T49/><D49/><U5/><E134/><V105/><F105/><W19/><G54/><T115/><D115/><U103/><E33/><N who="0" m="12873" /><D28/><U66/><E37/><V50/><F114/><W98/><G98/><T18/><D18/><U29/><E29/><V56/><F112/><W118/><G118/><T97/><D97/><U85/><E66/><V43/><F22/><W26/><REACH who="3" step="1"/><G7/><REACH who="3" ten="328,224,224,214" step="2"/><T0/><D0/><U107/><E5/><V80/><F44/><W73/><AGARI ba="1,1" hai="12,16,17,19,23,24,26,27,73,76,81,94,99,101" machi="73" ten="30,8000,1" yaku="1,1,2,1,0,1,52,1,54,1,53,0" doraHai="104" doraHaiUra="63" who="3" fromWho="3" sc="328,-41,224,-21,224,-21,214,93" /><INIT seed="1,0,0,0,4,130" ten="287,203,203,307" oya="1" hai0="44,19,57,110,133,67,101,94,116,77,69,85,39" hai1="31,107,0,7,15,124,48,53,74,102,81,97,91" hai2="13,103,56,50,40,47,126,105,4,127,59,28,65" hai3="20,21,109,37,79,72,16,111,63,1,134,117,24"/><U12/><E124/><N who="2" m="47659" /><F28/><W30/><G117/><T87/><D116/><U54/><E0/><V2/><F2/><W122/><G122/><T98/><D69/><U14/><E31/><V71/><F71/><W23/><G37/><T68/><D68/><U123/><E123/><V120/><F65/><W41/><G41/><T104/><D110/><N who="3" m="41993" /><G134/><T82/><D133/><U55/><E7/><V66/><F66/><W90/><G90/><T99/><D19/><U45/><REACH who="1" step="1"/><E91/><REACH who="1" ten="287,193,203,307" step="2"/><V33/><F120/><W114/><G1/><T36/><D44/><U8/><E8/><N who="2" m="4231" /><F33/><W61/><G23/><T3/><D3/><U135/><E135/><V58/><F103/><W9/><G9/><T75/><D101/><U73/><E73/><V51/><F105/><W10/><G10/><T6/><D104/><U26/><E26/><V95/><F95/><W129/><G20/><T100/><D6/><U108/><E108/><V80/><F80/><W128/><G30/><T119/><D119/><U49/><E49/><AGARI ba="0,1" hai="40,47,49,50,51,56,58,59" m="4231,47659" machi="49" ten="30,1000,0" yaku="18,1" doraHai="130" who="2" fromWho="1" sc="287,0,193,-10,203,20,307,0" /><INIT seed="2,0,0,3,4,122" ten="287,183,223,307" oya="2" hai0="68,77,101,19,10,45,128,109,131,33,34,17,134" hai1="35,98,93,48,97,129,126,121,25,42,0,78,92" hai2="41,31,56,20,104,7,113,72,87,94,66,119,117" hai3="52,15,86,61,130,3,62,65,108,46,102,51,83"/><V96/><F113/><W55/><G3/><T84/><D68/><U120/><E0/><V64/><F72/><W127/><G108/><T27/><D109/><U67/><E67/><V71/><F71/><W53/><G130/><N who="0" m="49707" /><D134/><U132/><E129/><V103/><F7/><W80/><G127/><T106/><D45/><U114/><E42/><V99/><F41/><N who="3" m="25039" /><G102/><T116/><D116/><U133/><E48/><V105/><F87/><W100/><G100/><T12/><D101/><U4/><E25/><V76/><F76/><N who="3" m="46343" /><G83/><N who="0" m="47215" /><D106/><U44/><E44/><V85/><F85/><W43/><G43/><T24/><D19/><U60/><E4/><V79/><F79/><W111/><G111/><T9/><D10/><U57/><E35/><AGARI ba="0,0" hai="9,12,17,24,27,33,34,35" m="47215,49707" machi="35" ten="30,1000,0" yaku="19,1" doraHai="122" who="0" fromWho="1" sc="287,10,183,-10,223,0,307,0" /><INIT seed="3,0,0,2,0,67" ten="297,173,223,307" oya="3" hai0="111,71,18,2,116,32,41,49,54,110,76,69,87" hai1="44,37,16,75,64,121,113,135,48,28,134,68,58" hai2="17,107,27,82,123,73,51,24,122,15,81,85,39" hai3="23,59,66,50,3,96,131,0,88,83,19,70,56"/><W112/><G112/><T92/><D116/><U115/><E75/><V43/><F107/><W55/><G70/><N who="0" m="26635" /><D2/><U12/><E28/><V52/><F43/><W20/><G131/><T100/><D32/><U78/><E78/><V128/><F39/><W104/><G104/><T22/><D41/><N who="1" m="22575" /><E121/><V35/><F128/><W65/><G0/><T130/><D76/><U80/><E80/><V101/><F101/><W132/><G3/><T8/><D8/><U53/><E12/><V40/><F40/><W61/><G132/><N who="1" m="50730" /><E16/><V98/><F98/><W99/><G66/><T90/><D100/><U4/><E4/><V93/><F73/><W11/><G11/><T95/><D95/><U10/><E10/><N who="2" m="6391" /><F35/><W63/><G20/><T119/><D130/><U34/><E34/><V62/><F123/><W45/><G23/><T36/><D36/><U86/><E86/><V25/><F122/><W6/><G19/><T31/><D31/><U124/><E124/><V79/><F93/><W126/><G6/><T42/><D18/><U72/><E72/><V30/><F82/><W74/><G126/><T84/><D22/><U105/><E105/><V118/><F30/><W57/><G74/><T5/><D5/><U77/><E77/><V47/><F79/><W46/><G83/><T120/><D120/><U14/><E14/><V13/><F13/><W38/><G96/><T1/><D1/><U108/><E108/><N who="0" m="41513" /><D87/><U102/><E102/><V117/><F85/><W91/><G99/><T127/><D127/><U97/><E97/><V129/><F129/><W106/><G106/><T114/><D84/><RYUUKYOKU ba="0,0" sc="297,-10,173,30,223,-10,307,-10" hai1="48,53,58,64,68,113,115" /><INIT seed="4,1,0,2,4,131" ten="287,203,213,297" oya="0" hai0="44,66,77,81,99,25,75,98,28,85,132,70,122" hai1="117,95,23,106,74,21,6,57,58,86,114,19,76" hai2="100,123,91,82,45,108,133,126,18,30,71,17,102" hai3="89,33,22,67,40,64,31,43,90,104,115,125,113"/><T56/><D70/><U134/><E117/><V92/><F123/><W84/><G33/><T34/><D132/><U83/><E134/><V111/><F71/><W127/><G104/><T72/><D122/><U119/><E119/><V135/><F30/><W8/><G8/><T103/><D44/><U1/><E114/><N who="3" m="43530" /><G22/><T60/><D98/><U129/><E129/><V61/><F45/><W55/><G55/><T9/><D9/><U49/><E6/><V7/><F7/><W46/><G31/><T37/><D37/><U16/><E1/><V63/><F126/><N who="3" m="48139" /><G90/><T26/><D26/><N who="1" m="14631" /><E106/><AGARI ba="1,0" hai="25,28,34,56,60,66,72,75,77,81,85,99,103,106" machi="106" ten="30,1500,0" yaku="7,1" doraHai="131" who="0" fromWho="1" sc="287,18,203,-18,213,0,297,0" owari="305,40.5,185,-31.5,213,-18.7,297,9.7" /></mjloggm>