<mjloggm ver="2.3"><GO type="225" lobby="0"/><UN n0="%EF%BC%AE%EF%BC%A1%EF%BC%AF%33%33%39" n1="%70%68%65%6E%6F%6D%65" n2="%72%69%6F%75%63%68%61%6E" n3="%E3%83%B4%E3%82%A3%E3%83%AF%E3%82%B3%E3%82%B0%E3%83%8B" dan="16,16,16,17" rate="2204.10,2160.96,2101.85,2222.94" sx="M,M,M,M"/><TAIKYOKU oya="0"/><INIT seed="0,0,0,0,0,14" ten="250,250,250,250" oya="0" hai0="66,76,98,77,3,116,109,105,43,69,13,111,84" hai1="88,16,10,4,74,123,51,5,36,82,39,24,19" hai2="26,0,134,129,41,90,122,85,131,53,27,1,33" hai3="100,79,91,7,125,119,62,97,45,55,11,117,65"/><T34/><D3/><U108/><E123/><V135/><F41/><W6/><G125/><T52/><D34/><U2/><E5/><V101/><F122/><W103/><G79/><T80/><D43/><U8/><E108/><N who="0" m="41545" /><D116/><U32/><E51/><V113/><F101/><W37/><G37/><T21/><D66/><U127/><E127/><V59/><F113/><W72/><G72/><T94/><D69/><U56/><E56/><V17/><F27/><W73/><G73/><T102/><D77/><U35/><E74/><V86/><F85/><W115/><G115/><T81/><D81/><U124/><E124/><V93/><F33/><W132/><G65/><T23/><D105/><U18/><E10/><V54/><F54/><W95/><G55/><T40/><D40/><U58/><E58/><V28/><F28/><W67/><G45/><T78/><D78/><U47/><E47/><V75/><F75/><W121/><G121/><T114/><D114/><U104/><E104/><V99/><F0/><W106/><G106/><T71/><D71/><U38/><REACH who="1" step="1"/><E24/><REACH who="1" ten="250,240,250,250" step="2"/><V63/><F1/><W44/><G44/><T87/><D52/><U48/><E48/><V50/><F50/><W9/><G6/><T30/><D76/><U92/><E92/><V15/><F53/><W46/><G95/><T12/><D80/><U120/><E120/><V110/><F110/><W68/><G68/><T70/><D70/><U49/><E49/><V89/><F93/><W64/><G46/><T130/><D94/><U60/><E60/><V29/><F63/><W112/><G62/><T133/><D102/><RYUUKYOKU ba="0,1" sc="250,-10,240,30,250,-10,250,-10" hai1="2,4,8,16,18,19,32,35,36,38,39,82,88" /><INIT seed="1,1,1,1,4,101" ten="240,270,240,240" oya="1" hai0="52,108,105,76,72,73,10,48,71,33,41,36,129" hai1="128,86,29,102,61,6,42,38,55,21,77,122,111" hai2="23,113,40,109,54,25,87,66,18,59,1,57,107" hai3="79,97,50,13,34,132,51,117,19,85,124,9,74"/><U24/><E122/><V70/><F109/><W121/><G121/><T126/><D33/><U106/><E111/><V63/><F113/><W12/><G74/><T56/><D108/><U43/><E128/><V5/><F107/><W120/><G120/><T14/><D71/><U103/><E6/><V16/><F40/><N who="1" m="15401" /><E106/><V84/><F70/><W65/><G34/><T110/><D110/><U67/><E67/><V60/><REACH who="2" step="1"/><F18/><REACH who="2" ten="240,270,230,240" step="2"/><N who="3" m="8463" /><G117/><T30/><D105/><U0/><E38/><V20/><F20/><W45/><G19/><T69/><D69/><U123/><E123/><V91/><F91/><W94/><G132/><T131/><D36/><U17/><E17/><V82/><F82/><W96/><G124/><T90/><D41/><U68/><E68/><V88/><F88/><W115/><G115/><T100/><D126/><U44/><E103/><V118/><F118/><W7/><G94/><T26/><D100/><U15/><E102/><V22/><F22/><W11/><G79/><T116/><D90/><U114/><E114/><V81/><F81/><W32/><G32/><N who="0" m="20567" /><D76/><U8/><E77/><V98/><F98/><W53/><G97/><T58/><D116/><U75/><E21/><V83/><F83/><W2/><G96/><T89/><D89/><U127/><E127/><V104/><F104/><W119/><G119/><T99/><D99/><U46/><E29/><V134/><F134/><W4/><G85/><T31/><D31/><U93/><E86/><V112/><F112/><W28/><G28/><T125/><D125/><U95/><E95/><V62/><F62/><W78/><G78/><RYUUKYOKU ba="1,2" sc="240,-10,270,-10,230,30,240,-10" hai2="1,5,16,23,25,54,57,59,60,63,66,84,87" /><INIT seed="2,2,2,0,5,59" ten="230,260,260,230" oya="2" hai0="128,15,74,135,49,88,78,14,114,33,35,29,68" hai1="64,11,21,3,119,24,134,85,80,12,43,112,26" hai2="98,7,106,113,69,81,34,117,31,27,61,28,127" hai3="1,47,56,13,57,104,124,107,18,93,90,109,22"/><V133/><F113/><W62/><G109/><T97/><D114/><U42/><E112/><V132/><F117/><W115/><G115/><T25/><D35/><U41/><E119/><V123/><F123/><W126/><G1/><T0/><D0/><U122/><E122/><V116/><F116/><W95/><G56/><T10/><D68/><U48/><E134/><N who="2" m="51819" /><F127/><N who="3" m="48683" /><G47/><T54/><D135/><U6/><E64/><N who="2" m="41103" /><F28/><W118/><G118/><T87/><D74/><U125/><E125/><V77/><F7/><W9/><G9/><T94/><D10/><U5/><E6/><V45/><F45/><W102/><G102/><T66/><D66/><U53/><E3/><V19/><F19/><W44/><G44/><T71/><D71/><U130/><E130/><V91/><F91/><W23/><G23/><T32/><D32/><U82/><E21/><V108/><F108/><W46/><G46/><T131/><D131/><U4/><E4/><V84/><F98/><N who="3" m="57655" /><G95/><T67/><D128/><U17/><E5/><V52/><F106/><W72/><G72/><T60/><D33/><U92/><E92/><V55/><AGARI ba="2,2" hai="27,31,34,52,55,77,81,84" m="41103,51819" machi="55" ten="30,6000,0" yaku="20,1,52,1,54,1" doraHai="59" who="2" fromWho="2" sc="230,-22,260,-22,260,86,230,-22" /><INIT seed="2,3,0,3,0,112" ten="208,238,346,208" oya="2" hai0="26,20,38,101,54,94,37,133,34,52,29,61,90" hai1="75,80,23,130,58,19,89,65,108,85,49,11,79" hai2="76,33,81,45,6,120,82,77,18,16,44,106,5" hai3="10,48,36,114,135,115,110,109,119,57,122,43,126"/><V39/><F106/><W71/><G10/><T46/><D101/><U55/><E108/><N who="3" m="41578" /><G135/><T134/><D34/><U8/><E130/><V98/><F33/><W9/><G9/><T74/><D74/><U107/><E65/><V118/><F118/><W78/><G78/><N who="2" m="30313" /><F39/><W1/><G1/><T93/><D93/><U56/><E56/><V13/><F98/><W116/><G71/><T97/><D61/><U91/><E107/><V72/><F13/><W127/><G36/><T113/><D113/><N who="3" m="43017" /><G122/><T28/><D28/><U99/><E99/><V35/><F35/><W102/><G102/><T100/><D100/><U67/><E91/><V121/><F72/><W59/><G59/><T42/><REACH who="0" step="1"/><D38/><REACH who="0" ten="198,238,346,208" step="2"/><U123/><E123/><V3/><F121/><W40/><G119/><T22/><D22/><U68/><E23/><V96/><F120/><W69/><G116/><T64/><D64/><U30/><E30/><V24/><F81/><W70/><G70/><T104/><D104/><U62/><E19/><V95/><F18/><W27/><G69/><T63/><D63/><U17/><E17/><V132/><F16/><W84/><G84/><T103/><D103/><U25/><E25/><V12/><F24/><W32/><G32/><T21/><D21/><U60/><REACH who="1" step="1"/><E62/><REACH who="1" ten="198,228,346,208" step="2"/><V129/><F129/><W51/><G27/><T128/><D128/><U53/><E53/><AGARI ba="3,2" hai="20,26,29,37,42,46,52,53,54,90,94,97,133,134" machi="53" ten="40,2600,0" yaku="1,1,54,1,53,0" doraHai="112" doraHaiUra="47" who="0" fromWho="1" sc="198,55,228,-35,346,0,208,0" /><INIT seed="3,0,0,2,2,57" ten="253,193,346,208" oya="3" hai0="49,38,110,68,84,67,99,11,47,61,26,55,80" hai1="3,62,96,5,29,123,0,115,120,121,70,107,116" hai2="131,54,133,103,2,130,76,134,37,101,129,22,74" hai3="91,53,113,124,33,34,50,31,135,108,27,83,87"/><W32/><G113/><T6/><D110/><U23/><E115/><V132/><F2/><N who="1" m="553" /><E5/><V93/><F37/><W56/><G108/><T77/><D38/><U12/><E12/><V16/><F93/><W36/><G135/><T7/><D11/><U35/><E23/><V72/><F54/><W20/><REACH who="3" step="1"/><G36/><REACH who="3" ten="253,193,346,198" step="2"/><T111/><D111/><U94/><E116/><V78/><F72/><W95/><G95/><T52/><D99/><U17/><E94/><V13/><F74/><W66/><G66/><T105/><D105/><U71/><E17/><V8/><F8/><W126/><AGARI ba="0,1" hai="20,27,31,32,33,34,50,53,56,83,87,91,124,126" machi="126" ten="40,3900,0" yaku="1,1,0,1,53,0" doraHai="57" doraHaiUra="42" who="3" fromWho="3" sc="253,-13,193,-13,346,-13,198,49" /><INIT seed="3,1,0,1,0,88" ten="240,180,333,247" oya="3" hai0="79,15,62,133,46,28,103,24,47,35,124,45,89" hai1="93,131,54,105,55,65,87,2,18,38,5,102,76" hai2="56,21,80,67,40,14,97,60,36,121,132,50,41" hai3="69,33,75,122,37,13,1,48,120,112,119,52,72"/><W91/><G119/><T99/><D79/><U114/><E114/><V96/><F36/><W71/><G1/><T81/><D133/><U113/><E113/><V98/><F132/><W7/><G112/><T129/><D129/><U111/><E111/><V117/><F117/><W135/><G37/><T59/><D124/><U128/><E38/><V73/><F121/><W34/><G135/><T74/><D15/><U130/><E65/><V49/><F73/><W92/><G120/><T12/><D12/><U82/><E105/><V101/><F101/><W30/><G122/><T107/><D74/><U127/><E127/><V100/><F100/><W61/><G72/><T19/><D19/><U123/><E123/><V83/><F49/><W8/><G75/><T106/><D106/><U31/><E31/><V78/><F78/><W39/><G39/><T118/><D118/><U4/><E18/><N who="2" m="10455" /><F40/><W134/><G134/><T27/><D27/><U25/><E25/><V95/><F95/><W94/><G94/><T126/><D126/><U43/><E43/><V16/><F16/><W116/><G116/><T11/><D11/><U70/><E70/><V0/><F0/><W90/><G92/><T9/><D9/><U84/><E2/><V66/><F67/><W22/><G69/><T115/><D115/><U10/><E87/><V85/><F85/><W58/><G71/><T110/><D81/><U17/><E17/><V108/><F108/><W125/><G125/><T77/><D110/><U6/><REACH who="1" step="1"/><E10/><REACH who="1" ten="240,170,333,247" step="2"/><V109/><F109/><W57/><G8/><T44/><N who="0" m="11264" /><DORA hai="53" /><T3/><D3/><RYUUKYOKU ba="1,1" sc="240,-15,170,15,333,15,247,-15" hai1="4,5,6,54,55,76,82,84,93,102,128,130,131" hai2="41,50,56,60,66,80,83,96,97,98" owari="225,-17.5,185,-31.5,358,45.8,232,3.2" /></mjloggm>