<mjloggm ver="2.3"><GO type="225" lobby="0"/><UN n0="%72%61%6B%33" n1="%E3%81%8B%E3%82%8F%E3%81%A1%E3%82%83%E3%82%93%35%38" n2="%33%74%72%65%65" n3="%E3%81%A8%E3%82%89%E3%81%84%E3%81%A1" dan="16,16,16,16" rate="2148.81,2176.17,2064.82,2142.78" sx="M,M,F,M"/><TAIKYOKU oya="0"/><INIT seed="0,0,0,2,2,35" ten="250,250,250,250" oya="0" hai0="7,26,134,27,116,48,28,70,87,50,114,56,104" hai1="0,72,67,108,19,65,101,92,111,58,21,113,22" hai2="1,16,110,85,18,80,74,105,20,75,126,14,100" hai3="107,95,53,34,36,132,79,66,118,83,129,49,60"/><T98/><D114/><U47/><E72/><V38/><F110/><N who="1" m="42025" /><E113/><V41/><F126/><W52/><G107/><T10/><D70/><U57/><E47/><V128/><F128/><W102/><G34/><T106/><D116/><U84/><E0/><V68/><F68/><W69/><G36/><T6/><D134/><U54/><E22/><V123/><F123/><W31/><G31/><T30/><D87/><U133/><E133/><V44/><F1/><W94/><G132/><T2/><D98/><N who="1" m="59591" /><E84/><V15/><F105/><W96/><G118/><T125/><D125/><U29/><E29/><V3/><F3/><W4/><G129/><T122/><D122/><U8/><E8/><V76/><REACH who="2" step="1"/><F100/><REACH who="2" ten="250,250,240,250" step="2"/><W24/><G102/><T81/><D2/><U62/><E57/><V17/><F17/><W115/><G69/><T135/><D135/><U33/><E33/><V120/><F120/><W109/><G115/><T93/><D56/><U39/><E39/><V77/><F77/><W42/><G79/><T112/><D112/><U61/><E61/><V131/><F131/><W117/><G60/><T64/><D106/><U37/><E37/><V43/><F43/><W46/><G42/><T25/><D104/><U32/><E32/><V45/><F45/><W13/><G46/><T121/><D121/><U11/><E11/><AGARI ba="0,1" hai="11,14,15,16,18,20,38,41,44,74,75,76,80,85" machi="11" ten="30,3900,0" yaku="1,1,7,1,54,1,53,0" doraHai="35" doraHaiUra="119" who="2" fromWho="1" sc="250,0,250,-39,240,49,250,0" /><INIT seed="1,0,0,0,2,90" ten="250,211,289,250" oya="1" hai0="104,33,93,71,108,57,113,133,29,10,130,70,128" hai1="123,115,127,110,11,5,117,135,85,15,32,52,118" hai2="25,91,47,83,7,103,126,125,1,65,41,82,26" hai3="105,0,62,69,102,8,40,54,37,48,35,131,31"/><U100/><E123/><V119/><F119/><W74/><G74/><T99/><D113/><U22/><E115/><V114/><F114/><W106/><G131/><T51/><D108/><U75/><E75/><V58/><F103/><W98/><G105/><T92/><D133/><U86/><E32/><V66/><F7/><W34/><G0/><T28/><D10/><U56/><E135/><V67/><F58/><N who="3" m="33095" /><G8/><T13/><D13/><U39/><E39/><V61/><F61/><W87/><G87/><T55/><D70/><U94/><E127/><N who="2" m="48651" /><F1/><W120/><G31/><N who="0" m="11851" /><D71/><U36/><E36/><N who="2" m="21927" /><F82/><W17/><G120/><T88/><D33/><U81/><E110/><V72/><F72/><W84/><G17/><T21/><D21/><U9/><E9/><V68/><F68/><W46/><G84/><AGARI ba="0,0" hai="25,26,65,66,67,83,84,91" m="21927,48651" machi="84" ten="30,1000,0" yaku="18,1" doraHai="90" who="2" fromWho="3" sc="250,0,211,0,289,10,250,-10" /><INIT seed="2,0,0,0,0,119" ten="250,211,299,240" oya="2" hai0="51,83,114,128,78,16,82,60,130,40,30,98,85" hai1="43,23,113,116,117,132,71,133,96,39,84,22,65" hai2="29,80,88,66,101,129,105,38,115,69,79,27,124" hai3="8,77,111,6,13,54,123,35,120,21,0,14,99"/><V24/><F115/><W90/><G77/><T18/><D114/><U73/><E73/><V19/><F38/><W61/><G111/><T42/><D30/><U46/><E96/><V32/><F129/><N who="0" m="49770" /><D60/><N who="1" m="40359" /><E84/><V135/><F135/><N who="1" m="51785" /><E22/><V100/><F124/><W53/><G35/><T125/><D125/><U7/><E23/><V75/><F27/><W131/><G131/><T91/><D98/><U59/><E7/><V110/><F110/><W12/><G21/><T86/><D51/><U63/><E113/><V2/><F29/><W107/><G61/><T36/><D36/><U106/><E106/><V121/><F32/><W31/><G31/><T49/><D49/><U126/><E126/><V68/><F105/><W55/><REACH who="3" step="1"/><G90/><REACH who="3" ten="250,211,299,230" step="2"/><T127/><D127/><U76/><E76/><V17/><F88/><W108/><G108/><T67/><D67/><AGARI ba="0,1" hai="39,43,46,59,63,67,116,117" m="51785,40359" machi="67" ten="30,3900,0" yaku="20,1,34,2" doraHai="119" who="1" fromWho="0" sc="250,-39,211,49,299,0,230,0" /><INIT seed="3,0,0,3,0,99" ten="211,260,299,230" oya="3" hai0="102,67,17,101,4,79,57,94,100,65,91,34,50" hai1="37,111,19,56,69,58,134,107,12,51,121,48,14" hai2="117,88,43,29,126,28,120,89,1,21,52,84,95" hai3="24,105,16,22,78,66,114,108,15,26,103,72,7"/><W23/><G114/><T98/><D34/><U20/><E121/><V116/><F120/><W10/><G66/><N who="0" m="25099" /><D4/><U82/><E107/><V97/><F126/><W119/><G119/><T73/><D73/><U45/><E37/><V131/><F131/><W40/><G40/><T9/><D79/><U8/><E69/><V47/><F1/><W54/><G108/><T6/><D6/><U31/><E134/><V11/><F11/><W74/><G54/><N who="0" m="31959" /><D91/><U76/><E111/><V110/><F110/><W59/><G59/><T115/><D115/><U5/><E31/><V81/><F29/><W86/><G78/><T122/><D122/><U113/><E51/><V46/><F43/><W70/><G70/><T25/><D25/><U61/><E61/><V96/><F116/><W80/><G105/><T123/><D123/><U60/><E60/><V118/><F118/><W35/><G35/><T87/><D87/><N who="1" m="48583" /><E113/><V18/><F28/><N who="3" m="17431" /><G72/><T38/><D38/><U133/><E133/><V41/><F117/><W124/><G74/><T83/><D83/><U3/><E3/><V30/><F30/><W132/><G132/><T49/><D49/><U2/><E2/><V0/><F0/><W106/><G106/><T127/><D127/><U85/><E85/><N who="2" m="50223" /><F41/><AGARI ba="0,0" hai="5,8,12,14,19,20,41,45,48,56,58" m="48583" machi="41" ten="30,2000,0" yaku="25,1,8,1" doraHai="99" who="1" fromWho="2" sc="211,0,260,20,299,-20,230,0" /><INIT seed="4,0,0,4,1,102" ten="211,280,279,230" oya="0" hai0="109,19,33,49,12,7,0,112,18,41,60,94,38" hai1="74,50,2,80,114,63,119,126,131,31,59,30,43" hai2="68,104,5,56,108,98,36,66,45,20,86,95,28" hai3="22,130,47,34,121,42,32,76,89,39,88,133,93"/><T24/><D38/><U118/><E2/><V23/><F68/><W79/><G133/><T92/><D112/><U9/><E9/><V29/><F108/><W44/><G130/><T87/><D109/><U72/><E50/><V4/><F104/><W27/><G121/><T100/><D0/><U113/><E43/><V3/><F36/><W21/><G93/><N who="0" m="35947" /><D33/><U122/><E122/><V134/><F134/><W77/><G44/><N who="0" m="25743" /><D100/><U52/><E131/><V11/><F4/><W70/><G70/><T115/><D115/><N who="1" m="44043" /><E126/><V83/><F45/><W111/><G111/><T97/><D97/><U61/><E61/><V15/><F3/><W101/><G101/><T132/><D132/><U103/><E103/><V48/><F98/><W90/><REACH who="3" step="1"/><G21/><REACH who="3" ten="211,280,279,220" step="2"/><N who="0" m="13367" /><D60/><U57/><E57/><V73/><F95/><W62/><G62/><T84/><D7/><U25/><E63/><V35/><F5/><W54/><G54/><T16/><D19/><AGARI ba="0,1" hai="19,22,27,32,34,39,42,47,76,77,79,88,89,90" machi="19" ten="40,2600,0" yaku="1,1,54,1,53,0" doraHai="102" doraHaiUra="96" who="3" fromWho="0" sc="211,-26,280,0,279,0,220,36" /><INIT seed="5,0,0,4,0,124" ten="185,280,279,256" oya="1" hai0="105,48,107,80,22,14,69,129,39,63,79,93,23" hai1="117,81,56,44,20,118,26,123,67,126,3,121,51" hai2="86,101,49,27,65,130,114,42,109,8,84,99,24" hai3="111,59,66,68,33,104,135,89,92,116,21,9,134"/><U110/><E81/><V76/><F109/><W7/><G111/><T87/><D39/><U64/><E20/><V47/><F114/><W32/><G104/><T113/><D113/><U133/><E26/><V119/><F119/><N who="1" m="45577" /><E3/><V38/><F65/><N who="1" m="25161" /><E110/><V102/><F102/><W128/><G68/><T100/><D129/><U94/><E94/><V43/><F130/><W58/><G21/><T77/><D77/><U19/><E19/><V103/><F103/><W29/><G116/><T71/><D63/><U5/><E5/><V131/><F131/><W0/><G128/><T122/><D122/><U41/><E126/><V132/><F8/><W35/><G66/><T98/><D23/><U2/><E2/><V78/><F86/><W60/><G60/><T12/><D12/><U16/><E16/><V90/><F24/><W75/><G75/><T17/><REACH who="0" step="1"/><D48/><REACH who="0" ten="175,280,279,256" step="2"/><N who="1" m="26639" /><E133/><N who="3" m="50698" /><G29/><T97/><D97/><AGARI ba="0,1" hai="0,7,9,32,33,35,58,59,89,92,97" m="50698" machi="97" ten="40,1300,0" yaku="20,1" doraHai="124" who="3" fromWho="0" sc="175,-13,280,0,279,0,256,23" /><INIT seed="6,0,0,5,4,31" ten="162,280,279,279" oya="2" hai0="33,118,80,7,82,25,50,30,23,101,121,16,104" hai1="105,68,59,90,114,43,28,27,132,19,112,48,81" hai2="100,64,102,9,72,93,24,125,40,10,113,6,17" hai3="86,2,41,53,75,124,32,131,129,71,115,78,36"/><V91/><F113/><N who="1" m="43625" /><E68/><V56/><F125/><W88/><G115/><T84/><D121/><U52/><E132/><V15/><F72/><W73/><G2/><T126/><D126/><U4/><E105/><V119/><F119/><W18/><G78/><T117/><D50/><U116/><E116/><N who="0" m="44649" /><D7/><U128/><E128/><N who="3" m="49226" /><G71/><T20/><D20/><U134/><E134/><V51/><F24/><W37/><G53/><T106/><D101/><U3/><E19/><V130/><F130/><W110/><G18/><T21/><D21/><U94/><E4/><V47/><F6/><W61/><G37/><T99/><D99/><N who="1" m="57815" /><E3/><V76/><F9/><W35/><G124/><T1/><D1/><U11/><E11/><V95/><F76/><W103/><G103/><T22/><D22/><N who="1" m="15479" /><E81/><N who="0" m="31337" /><D84/><U38/><E43/><V65/><F102/><W29/><G41/><T60/><D60/><U44/><E38/><V39/><F100/><W83/><G36/><T92/><D92/><U85/><E85/><V57/><F93/><W63/><G75/><T54/><D54/><U8/><E8/><V133/><F133/><W26/><G73/><T14/><AGARI ba="0,0" hai="14,16,23,25,30,33,104,106" m="31337,44649" machi="14" ten="30,4000,0" yaku="12,1,52,1,54,1" doraHai="31" who="0" fromWho="0" sc="162,40,280,-10,279,-20,279,-10" /><INIT seed="7,0,0,0,0,61" ten="202,270,259,269" oya="3" hai0="132,47,121,113,94,74,124,66,69,56,134,112,99" hai1="89,54,71,34,108,107,97,0,127,51,116,98,44" hai2="101,73,95,22,40,38,111,125,32,77,10,2,45" hai3="16,131,91,37,83,64,42,49,43,84,67,85,88"/><W60/><G131/><T30/><D121/><U57/><E108/><V122/><F111/><W50/><G16/><T6/><D74/><U68/><E0/><V7/><F125/><W8/><G8/><T106/><D106/><U110/><E110/><V58/><F122/><W29/><G29/><T104/><D104/><U70/><E34/><V118/><F118/><W123/><G123/><T39/><D69/><U52/><E127/><V19/><F32/><W48/><G37/><T100/><D124/><U59/><E116/><V135/><F135/><N who="0" m="51754" /><D6/><U33/><E33/><V20/><F58/><N who="3" m="36887" /><G67/><T120/><D120/><U24/><E24/><V75/><F75/><W81/><AGARI ba="0,0" hai="42,43,48,49,50,81,83,84,85,88,91" m="36887" machi="81" ten="30,6000,0" yaku="8,1,52,1,54,1" doraHai="61" who="3" fromWho="3" sc="202,-20,270,-20,259,-20,269,60" owari="182,-31.8,250,5.0,239,-16.1,329,42.9" /></mjloggm>