<mjloggm ver="2.3"><GO type="225" lobby="0"/><UN n0="%E3%81%82%E3%82%93%E3%81%AA%E3%81%A4" n1="%40%77%61%6B%61" n2="%E3%81%95%E3%81%8D%E3%81%9F%E3%81%BE%E6%9E%97%E6%AA%8E" n3="%E6%A1%9C%E8%8A%B1%E9%96%83%E3%80%85" dan="17,16,16,17" rate="2197.41,2078.41,2107.33,2267.39" sx="M,M,M,M"/><TAIKYOKU oya="0"/><INIT seed="0,0,0,3,5,26" ten="250,250,250,250" oya="0" hai0="47,24,68,115,97,93,92,61,106,10,80,94,77" hai1="36,42,41,14,78,84,114,104,108,95,45,48,66" hai2="0,81,12,125,1,88,6,110,128,73,105,87,103" hai3="117,52,86,63,49,82,83,60,32,74,43,67,27"/><T126/><D115/><U116/><E116/><V44/><F110/><W38/><G117/><T31/><D126/><U39/><E104/><V64/><F64/><W55/><G74/><T96/><D47/><U127/><E114/><V19/><F125/><W111/><G111/><T113/><D113/><U91/><E108/><V57/><F128/><W69/><G63/><T2/><D106/><U46/><E127/><V129/><F129/><W56/><G55/><T131/><D131/><U76/><E48/><V51/><F73/><W18/><G86/><T15/><D2/><U5/><E66/><V25/><F57/><W109/><G109/><T89/><D61/><U28/><E5/><V62/><F62/><W71/><G71/><T21/><D97/><U33/><REACH who="1" step="1"/><E14/><REACH who="1" ten="250,240,250,250" step="2"/><V132/><F0/><W119/><G119/><T123/><D123/><U40/><E40/><V112/><F1/><W17/><G43/><T118/><D118/><U54/><E54/><V100/><F105/><W72/><G38/><T29/><D68/><U107/><E107/><V58/><F112/><W3/><G3/><T120/><D120/><U121/><E121/><V30/><F6/><W35/><G49/><T7/><REACH who="0" step="1"/><D31/><REACH who="0" ten="240,240,250,250" step="2"/><U75/><E75/><AGARI ba="0,2" hai="7,10,15,21,24,29,75,77,80,89,92,93,94,96" machi="75" ten="30,12000,1" yaku="1,1,2,1,7,1,52,1,53,1" doraHai="26" doraHaiUra="4" who="0" fromWho="1" sc="240,140,240,-120,250,0,250,0" /><INIT seed="0,1,0,3,2,95" ten="380,120,250,250" oya="0" hai0="28,64,49,89,83,81,109,2,77,40,116,104,114" hai1="71,96,1,17,23,16,99,15,98,87,42,38,69" hai2="122,68,113,135,91,119,117,59,94,20,3,33,47" hai3="66,75,9,106,32,58,53,45,14,22,134,12,131"/><T115/><D2/><U52/><E1/><V110/><F110/><W46/><G32/><T26/><D116/><U105/><E105/><V100/><F100/><W56/><G75/><T55/><D104/><U76/><E42/><V70/><F33/><W18/><G131/><T92/><D40/><U107/><E107/><V21/><F3/><W124/><G124/><T8/><D8/><U80/><E38/><V79/><F79/><W130/><G130/><T86/><D64/><U112/><E112/><V35/><F35/><W123/><G134/><T6/><D6/><U90/><E17/><V82/><F82/><W127/><G106/><T121/><D83/><U50/><REACH who="1" step="1"/><E76/><REACH who="1" ten="380,110,250,250" step="2"/><V41/><F113/><W67/><G127/><T7/><D109/><U27/><E27/><V72/><F41/><W36/><G36/><T63/><D121/><U57/><AGARI ba="1,1" hai="15,16,23,50,52,57,69,71,80,87,90,96,98,99" machi="57" ten="30,12000,2" yaku="1,1,0,1,52,3,54,2,53,0" doraHai="95" doraHaiUra="88" who="1" fromWho="1" sc="380,-61,110,133,250,-31,250,-31" /><INIT seed="1,0,0,3,5,111" ten="319,243,219,219" oya="1" hai0="116,28,120,2,38,66,19,76,44,87,18,61,89" hai1="32,21,27,30,135,58,109,84,107,78,101,69,39" hai2="105,22,115,123,112,72,128,8,126,5,100,88,45" hai3="96,97,23,36,35,79,75,55,16,95,6,83,56"/><U40/><E69/><V81/><F123/><W119/><G35/><T91/><D116/><U59/><E109/><V117/><F117/><W26/><G119/><T3/><D120/><U93/><E107/><V33/><F33/><W92/><G36/><T132/><D28/><U48/><E39/><V80/><F128/><W47/><G47/><T129/><D129/><U53/><E135/><V118/><F118/><W7/><G95/><T99/><D132/><U127/><E127/><V90/><F126/><W134/><G96/><T104/><D76/><U130/><E32/><V73/><F22/><W52/><G55/><T57/><D44/><N who="1" m="25607" /><E53/><V49/><F100/><W1/><G1/><T110/><D38/><U4/><E4/><V113/><F105/><W86/><G75/><N who="2" m="28745" /><F81/><W71/><G71/><T41/><D41/><U85/><E130/><V29/><F80/><W37/><G37/><T82/><D110/><U106/><E106/><V122/><F29/><W17/><G17/><T50/><D2/><U11/><E11/><V108/><F108/><W65/><G65/><T114/><D3/><U46/><E46/><V98/><F98/><W74/><G74/><T64/><D64/><U24/><E24/><V125/><F125/><W43/><G43/><T42/><D42/><U51/><E78/><V94/><F94/><W68/><G134/><T31/><D66/><U14/><E93/><V63/><F122/><W103/><G68/><T70/><D70/><U25/><E101/><V124/><F124/><W10/><G10/><T9/><D104/><U102/><E102/><V34/><F8/><RYUUKYOKU ba="0,0" sc="319,-10,243,-10,219,-10,219,30" hai3="6,7,16,23,26,52,56,79,83,86,92,97,103" /><INIT seed="2,1,0,3,3,20" ten="309,233,209,249" oya="2" hai0="7,78,101,123,81,91,15,46,82,108,90,3,59" hai1="24,75,86,133,60,127,39,0,38,95,23,54,52" hai2="93,84,35,45,12,72,70,117,13,87,44,107,30" hai3="76,10,98,61,121,110,77,32,113,26,49,92,126"/><V29/><F117/><W68/><G121/><T40/><D123/><U83/><E0/><V66/><F107/><W80/><G110/><T21/><D108/><U16/><E133/><V19/><F72/><W27/><G126/><T100/><D59/><U97/><E75/><V41/><F70/><W128/><G128/><T112/><D112/><U129/><E129/><V122/><F122/><W104/><G104/><T103/><D3/><U69/><E127/><V115/><F115/><W1/><G49/><N who="0" m="26823" /><D21/><U56/><E54/><V96/><F35/><W135/><G135/><T53/><D53/><U134/><E69/><V48/><F66/><W11/><G1/><T79/><D82/><U94/><E134/><V62/><F62/><W22/><G80/><T4/><D81/><U85/><E85/><N who="2" m="32843" /><F45/><W73/><G73/><T118/><D118/><U47/><E47/><V130/><F130/><W2/><G2/><T58/><D58/><U106/><E106/><V43/><F43/><W51/><G51/><T8/><D4/><U64/><E64/><V42/><F42/><W74/><G74/><T89/><AGARI ba="1,0" hai="7,8,15,78,79,89,90,91,100,101,103" m="26823" machi="89" ten="30,1100,0" yaku="8,1" doraHai="20" who="0" fromWho="0" sc="309,14,233,-4,209,-6,249,-4" /><INIT seed="3,0,0,1,2,117" ten="323,229,203,245" oya="3" hai0="33,123,47,56,89,65,66,15,120,102,124,128,131" hai1="80,21,17,71,63,93,61,111,104,127,29,19,109" hai2="62,36,74,55,82,121,9,27,97,72,23,3,91" hai3="50,39,116,22,1,59,11,78,5,31,24,77,79"/><W103/><G39/><T133/><D133/><U28/><E104/><V48/><F36/><W64/><G116/><T101/><D124/><U12/><E127/><V114/><F114/><W125/><G125/><T52/><D33/><U112/><E112/><V73/><F62/><N who="1" m="23561" /><E71/><V130/><F130/><N who="0" m="49706" /><D15/><N who="1" m="9407" /><E80/><V6/><F82/><W118/><G103/><N who="0" m="39435" /><D89/><U94/><E109/><V7/><F7/><W108/><G50/><N who="0" m="28767" /><D56/><U4/><E4/><V0/><F0/><W10/><G118/><T43/><D43/><U60/><N who="1" m="23569" /><U85/><DORA hai="20" /><E111/><V119/><F119/><W83/><G108/><T69/><D69/><U70/><E70/><V42/><F42/><W41/><G41/><T32/><D32/><U81/><E94/><N who="2" m="56543" /><F3/><W105/><G1/><T84/><D84/><U46/><E46/><N who="2" m="28055" /><F6/><W67/><G5/><T92/><D92/><U58/><E93/><V113/><F113/><W129/><G129/><T54/><D54/><U88/><E58/><V100/><F100/><W126/><G59/><T25/><D65/><U8/><AGARI ba="0,0" hai="8,12,19,28,29,81,85,88" m="9407,23569" machi="8" ten="30,2000,0" yaku="8,1,54,1" doraHai="117,20" who="1" fromWho="1" sc="323,-5,229,20,203,-5,245,-10" owari="318,41.8,249,4.9,198,-30.2,235,-16.5" /></mjloggm>