<mjloggm ver="2.3"><GO type="225" lobby="0"/><UN n0="%E6%A1%9C%E8%8A%B1%E9%96%83%E3%80%85" n1="%E3%83%B4%E3%83%A0%EF%BC%99%E3%81%A6" n2="%E7%9A%AE%E3%80%85" n3="%E6%98%93%E5%88%A9%E8%96%A9%E4%BC%AF" dan="16,16,16,17" rate="2100.54,2160.48,2090.56,2157.59" sx="M,M,M,F"/><TAIKYOKU oya="0"/><INIT seed="0,0,0,0,3,111" ten="250,250,250,250" oya="0" hai0="65,66,14,79,52,26,127,24,83,88,35,100,108" hai1="78,112,28,116,47,94,19,12,86,98,36,43,70" hai2="48,82,31,42,9,119,44,15,80,92,134,123,130" hai3="29,57,7,22,91,54,0,46,61,37,129,34,128"/><T39/><D127/><U72/><E116/><V25/><F123/><W76/><G34/><T101/><D39/><U95/><E70/><V1/><F119/><W5/><G76/><T87/><D108/><U11/><E72/><V104/><F104/><W17/><G29/><T33/><D14/><U21/><E78/><V8/><F1/><W106/><G106/><T2/><D2/><U84/><E94/><V68/><F68/><W85/><G37/><T125/><D125/><U10/><E112/><V74/><F74/><W117/><G46/><T30/><D79/><U99/><E99/><V118/><F118/><W60/><G60/><T133/><D133/><U23/><E23/><N who="2" m="15807" /><F134/><W32/><G32/><T64/><D33/><U102/><E28/><V96/><F8/><W124/><G124/><T3/><D3/><U63/><E63/><V135/><F135/><W103/><G103/><N who="0" m="39499" /><D35/><U97/><E97/><V27/><F27/><N who="0" m="10282" /><D30/><U45/><E10/><V90/><F130/><N who="3" m="50283" /><G0/><T51/><D66/><U55/><E11/><V114/><F114/><W18/><G117/><T113/><D113/><U109/><E109/><V93/><F93/><N who="3" m="54511" /><G22/><T40/><D40/><U73/><E73/><V56/><F56/><AGARI ba="0,0" hai="51,52,56,64,65,83,87,88" m="10282,39499" machi="56" ten="30,5800,0" yaku="8,1,54,2" doraHai="111" who="0" fromWho="2" sc="250,58,250,0,250,-58,250,0" /><INIT seed="0,1,0,0,1,15" ten="308,250,192,250" oya="0" hai0="112,124,49,114,131,98,32,89,69,97,100,61,3" hai1="1,72,87,16,132,8,91,55,80,30,82,96,94" hai2="133,12,59,64,26,74,18,6,45,101,103,108,119" hai3="109,42,66,121,128,107,40,127,102,13,85,78,77"/><T123/><D123/><U0/><E132/><V76/><F133/><W111/><G121/><T60/><D3/><U71/><E71/><V7/><F108/><N who="3" m="41547" /><G128/><T83/><D131/><U104/><E30/><V70/><F70/><W47/><G127/><T48/><D32/><U51/><E104/><V14/><F119/><W31/><G31/><T38/><D38/><U36/><E36/><V28/><F74/><W2/><G2/><T65/><D124/><U81/><E72/><V99/><F76/><W17/><G66/><T135/><D135/><U34/><E34/><V57/><F45/><W10/><G85/><T11/><D11/><U22/><E8/><V118/><F118/><W90/><G90/><T126/><D126/><U84/><E0/><V67/><F28/><W9/><G9/><T44/><D44/><N who="1" m="28135" /><E1/><V117/><F117/><W27/><G27/><AGARI ba="1,0" hai="16,22,27,80,81,82,84,87,91,94,96" m="28135" machi="27" ten="30,3900,0" yaku="8,1,52,1,54,1" doraHai="15" who="1" fromWho="3" sc="308,0,250,42,192,0,250,-42" /><INIT seed="1,0,0,0,5,27" ten="308,292,192,208" oya="1" hai0="94,6,32,23,17,79,47,120,11,55,82,54,67" hai1="65,44,3,49,29,110,96,4,13,59,98,15,121" hai2="57,130,105,43,135,71,78,104,116,86,107,53,19" hai3="39,99,97,117,69,35,25,74,33,60,75,63,42"/><U45/><E121/><V12/><F116/><W10/><G39/><T0/><D120/><U56/><E3/><V26/><F71/><W81/><G42/><T106/><D106/><U41/><E110/><V103/><F135/><W76/><G117/><T20/><D32/><U112/><E112/><V132/><F132/><W131/><G131/><T80/><D67/><U28/><E65/><V52/><F130/><W111/><G111/><T48/><D94/><U46/><E46/><V2/><F2/><W40/><G40/><T16/><D55/><U72/><E72/><V68/><F68/><W36/><G36/><T31/><D31/><N who="1" m="11851" /><E45/><V24/><F43/><W100/><G75/><T128/><D128/><U91/><E4/><V22/><F103/><W34/><G69/><T30/><D30/><U101/><E101/><V8/><F57/><N who="1" m="22089" /><E91/><V58/><F58/><W62/><G100/><T89/><D89/><U126/><E126/><V125/><F125/><W51/><G51/><T88/><D88/><U50/><E50/><V21/><F78/><W93/><G63/><T123/><D123/><U84/><E84/><V92/><F86/><W83/><G62/><T109/><D109/><U85/><E85/><V73/><F73/><W61/><G60/><T87/><D87/><U1/><E1/><V129/><F129/><W124/><G61/><T66/><D66/><U118/><E118/><V9/><F92/><W77/><G124/><T102/><D102/><U115/><E115/><V127/><F127/><W114/><G93/><T108/><D108/><U64/><E64/><V38/><F38/><RYUUKYOKU ba="0,0" sc="308,-10,292,30,192,-10,208,-10" hai1="13,15,41,44,49,96,98" /><INIT seed="1,1,0,3,2,29" ten="298,322,182,198" oya="1" hai0="64,63,82,77,66,94,93,76,97,88,55,86,84" hai1="98,91,20,54,42,112,87,59,35,24,126,8,85" hai2="45,21,10,133,23,81,22,75,95,114,129,101,109" hai3="89,18,115,48,12,73,79,119,41,128,27,30,2"/><U28/><E112/><V123/><F114/><W50/><G2/><T0/><D0/><U33/><E126/><V17/><F123/><W105/><G105/><T60/><D55/><U49/><E8/><V70/><F70/><W78/><G128/><T26/><D26/><U102/><E42/><V111/><F129/><W40/><G119/><T53/><D53/><U61/><E49/><N who="3" m="19050" /><G89/><T130/><D130/><U11/><E11/><V90/><F101/><W106/><G106/><T56/><D77/><N who="3" m="29193" /><G73/><T32/><D32/><U16/><E28/><V44/><F133/><W39/><G39/><T107/><D107/><U14/><E14/><N who="2" m="7383" /><F81/><W34/><G34/><N who="1" m="12810" /><E102/><V15/><F15/><W25/><G30/><T72/><REACH who="0" step="1"/><D94/><AGARI ba="1,0" hai="16,20,24,54,59,61,85,87,91,94,98" m="12810" machi="94" ten="30,12000,1" yaku="25,1,52,3,54,1" doraHai="29" who="1" fromWho="0" sc="298,-123,322,123,182,0,198,0" /><INIT seed="1,2,0,5,0,67" ten="175,445,182,198" oya="1" hai0="36,74,72,12,112,56,8,58,41,132,101,107,119" hai1="110,22,28,50,45,130,77,85,89,91,13,126,42" hai2="83,20,97,93,133,17,103,73,75,14,44,104,31" hai3="127,10,24,46,122,68,98,18,111,63,87,134,55"/><U70/><E126/><V34/><F133/><W21/><G122/><T84/><D112/><U60/><E130/><V2/><F2/><W80/><G111/><T5/><D119/><U30/><E110/><V37/><F104/><W106/><G134/><T96/><D132/><U124/><E124/><V121/><F121/><W39/><G10/><T35/><D35/><U27/><E28/><V6/><F6/><W49/><G39/><T86/><D86/><U117/><E117/><V115/><F115/><W38/><G38/><T40/><D84/><U54/><E13/><V43/><REACH who="2" step="1"/><F83/><REACH who="2" ten="175,445,172,198" step="2"/><W125/><G106/><T129/><D129/><U90/><E42/><V51/><F51/><W48/><G48/><T69/><D41/><U118/><E118/><V100/><F100/><W94/><G127/><T114/><D114/><U79/><E50/><V78/><F78/><W66/><G125/><T102/><D102/><U59/><E77/><V135/><F135/><W15/><G80/><T53/><D40/><U19/><E79/><V120/><F120/><W71/><G87/><T47/><D36/><U23/><E90/><V131/><F131/><W113/><G113/><T3/><D3/><U95/><E91/><V16/><F16/><W29/><G18/><T123/><D123/><U7/><E7/><V108/><F108/><W88/><REACH who="3" step="1"/><G15/><REACH who="3" ten="175,445,172,188" step="2"/><T82/><D82/><U52/><E19/><V0/><F0/><W11/><G11/><T26/><D12/><U62/><E85/><V65/><F65/><W76/><G76/><T105/><D105/><U116/><E116/><V99/><F99/><RYUUKYOKU ba="2,2" sc="175,-15,445,-15,172,15,188,15" hai2="14,17,20,31,34,37,43,44,73,75,93,97,103" hai3="21,24,29,46,49,55,63,66,68,71,88,94,98" /><INIT seed="2,3,2,2,2,21" ten="160,430,187,203" oya="2" hai0="59,4,78,15,3,108,117,82,10,113,114,95,74" hai1="96,51,19,53,110,69,76,80,71,89,90,129,8" hai2="86,12,18,28,93,5,99,42,128,131,116,50,111" hai3="60,58,94,41,11,73,9,98,132,7,123,37,0"/><V29/><F116/><W22/><G123/><T63/><D117/><U31/><E31/><V119/><F119/><W55/><G132/><T87/><D108/><U39/><E39/><V48/><F5/><W85/><G73/><T120/><D120/><U1/><E110/><V2/><F2/><W122/><G11/><T35/><D35/><U92/><E90/><V125/><F111/><W67/><G85/><T23/><D95/><U62/><E62/><V118/><F118/><W81/><G81/><T70/><D70/><U14/><E1/><V57/><F86/><W109/><G109/><T61/><D61/><U135/><E129/><N who="2" m="49739" /><F125/><W68/><G122/><T107/><D107/><U26/><E135/><V133/><F133/><W43/><G37/><T101/><D101/><U66/><E66/><V20/><F42/><W38/><G38/><T91/><D74/><U27/><E69/><V24/><F57/><W13/><G67/><T134/><D78/><U32/><E71/><V52/><F52/><W79/><G68/><T121/><D121/><U65/><E65/><V40/><F40/><W100/><G79/><T56/><D134/><U127/><E127/><V30/><F12/><W106/><G43/><T102/><D59/><N who="1" m="33215" /><E32/><V36/><F36/><W25/><G41/><T112/><D63/><U6/><E6/><V75/><F75/><W104/><REACH who="3" step="1"/><G0/><REACH who="3" ten="160,430,187,193" step="2"/><T88/><D3/><U84/><AGARI ba="3,3" hai="8,14,19,26,27,76,80,84,89,92,96" m="33215" machi="84" ten="30,4000,0" yaku="8,1,52,2" doraHai="21" who="1" fromWho="1" sc="160,-13,430,79,187,-23,193,-13" /><INIT seed="3,0,0,5,5,118" ten="147,509,164,180" oya="3" hai0="83,109,42,78,0,60,63,92,122,125,40,104,62" hai1="108,37,79,91,103,65,61,41,99,90,129,9,77" hai2="131,14,113,48,116,66,123,46,31,74,71,73,19" hai3="68,107,114,12,32,101,119,133,58,11,52,51,130"/><W87/><G119/><T132/><D104/><U45/><E108/><V112/><F113/><W67/><G114/><T50/><D109/><U4/><E129/><V86/><F112/><W39/><G32/><T106/><D106/><U21/><E21/><V49/><F116/><W81/><G39/><T59/><D0/><U89/><E103/><V55/><F131/><W96/><G133/><T95/><D132/><U47/><E47/><V70/><F31/><W26/><G26/><T128/><D128/><U82/><E99/><V110/><F110/><W76/><G130/><T25/><D125/><U80/><E80/><V20/><F123/><W105/><G105/><T84/><D122/><U100/><E100/><V124/><F124/><W33/><G33/><T18/><D59/><U8/><E82/><V10/><F86/><W69/><G67/><T54/><D54/><U6/><E6/><AGARI ba="0,0" hai="6,11,12,51,52,58,68,69,76,81,87,96,101,107" machi="6" ten="30,2900,0" yaku="7,1,54,1" doraHai="118" who="3" fromWho="1" sc="147,0,509,-29,164,0,180,29" /><INIT seed="3,1,0,3,4,45" ten="147,480,164,209" oya="3" hai0="81,7,72,34,13,75,63,24,48,58,74,18,43" hai1="69,85,98,52,91,106,121,59,56,3,104,122,55" hai2="37,96,68,22,119,57,114,126,4,5,50,77,116" hai3="1,2,70,76,87,133,26,101,6,82,97,12,28"/><W40/><G70/><T14/><D7/><U66/><E3/><V102/><F114/><W111/><G133/><T36/><D36/><U105/><E98/><V19/><F68/><W115/><G115/><T42/><D81/><U29/><E69/><V38/><F77/><W49/><G26/><T15/><D48/><U16/><E29/><V113/><F113/><W90/><G90/><T73/><N who="0" m="18432" /><DORA hai="8" /><T128/><D128/><U27/><E66/><V65/><F126/><W109/><G28/><T110/><D110/><N who="3" m="41993" /><G12/><T94/><D94/><U79/><E91/><V129/><F129/><W118/><G6/><T86/><D86/><U17/><E85/><V64/><F38/><W108/><G118/><T32/><D18/><U44/><E17/><V62/><F37/><W80/><G80/><T88/><D88/><U33/><E16/><V61/><F119/><W21/><G21/><T35/><D24/><U84/><E84/><V131/><F116/><W54/><G40/><T134/><D134/><U47/><E27/><V31/><F31/><W120/><G120/><T103/><D103/><U83/><E83/><V99/><F131/><W10/><G10/><T0/><D0/><U60/><E122/><V11/><F102/><W9/><G9/><T117/><D117/><U89/><E89/><V25/><F11/><W127/><G127/><T20/><D20/><U93/><E121/><V30/><F30/><W100/><G108/><T125/><D125/><U92/><E79/><V71/><F50/><W124/><G124/><T107/><D107/><U130/><E104/><V135/><F135/><RYUUKYOKU ba="1,0" sc="147,15,480,-15,164,15,209,-15" hai0="13,14,15,32,34,35,42,43,58,63" hai2="4,5,19,22,25,57,61,62,64,65,71,96,99" owari="162,-33.8,465,56.5,179,-22.1,194,-0.6" /></mjloggm>