<mjloggm ver="2.3"><GO type="225" lobby="0"/><UN n0="%E5%91%A8%E6%9D%B1" n1="%6C%61%6D%62" n2="%E3%83%9D%E3%83%B3%E3%83%9D%E3%82%B3%E5%95%86%E4%BA%8B" n3="%E3%83%96%E3%83%83%E3%83%91%E3%82%AA%E3%83%96%E3%83%81%E3%82%AD%E3%83%B3" dan="17,16,16,16" rate="2153.05,2243.18,2154.95,2170.26" sx="M,M,M,M"/><TAIKYOKU oya="0"/><INIT seed="0,0,0,2,5,64" ten="250,250,250,250" oya="0" hai0="103,46,22,34,70,38,130,57,26,51,60,53,9" hai1="86,120,25,121,87,131,54,58,109,94,65,31,35" hai2="14,129,23,66,111,17,0,78,93,85,119,92,116" hai3="84,135,118,16,59,4,49,32,127,18,79,75,122"/><T28/><D130/><U55/><E131/><V11/><F129/><W81/><G118/><N who="2" m="45097" /><F66/><W40/><G32/><T91/><D103/><U21/><E109/><V69/><F69/><W105/><G105/><T20/><D9/><U98/><E35/><V1/><F111/><W6/><G127/><T126/><D126/><U125/><E125/><V2/><F23/><W74/><G135/><T106/><D106/><U41/><E41/><V110/><F110/><W68/><G122/><T107/><D107/><U77/><E120/><V48/><F48/><W80/><G68/><T96/><D38/><U88/><E121/><V50/><F50/><W123/><G123/><T89/><D70/><U61/><E77/><V112/><F112/><W13/><G18/><T132/><D132/><U36/><E36/><V95/><F78/><W3/><G3/><N who="2" m="769" /><V97/><DORA hai="114" /><F85/><AGARI ba="0,0" hai="21,25,31,54,55,58,61,65,85,86,87,88,94,98" machi="85" ten="40,2600,0" yaku="8,1,54,1" doraHai="64,114" who="1" fromWho="2" sc="250,0,250,26,250,-26,250,0" /><INIT seed="1,0,0,4,0,112" ten="250,276,224,250" oya="1" hai0="39,75,1,29,32,52,5,119,9,37,45,97,26" hai1="21,6,125,44,11,17,69,74,91,103,25,8,123" hai2="34,13,49,84,58,134,16,121,81,61,15,89,130" hai3="53,88,117,120,104,76,64,46,31,129,63,126,132"/><U30/><E123/><V105/><F121/><W62/><G120/><T35/><D35/><U133/><E69/><V4/><F130/><W111/><G104/><T14/><D75/><U99/><E74/><V43/><F134/><W10/><G129/><T7/><D119/><U106/><E125/><V124/><F105/><W20/><G132/><T116/><D116/><U135/><E91/><V12/><F34/><W102/><G117/><T90/><D7/><U19/><E19/><V92/><F4/><W113/><G113/><T28/><D28/><U2/><REACH who="1" step="1"/><E44/><REACH who="1" ten="250,266,224,250" step="2"/><N who="2" m="25759" /><F124/><W57/><G88/><T94/><REACH who="0" step="1"/><D1/><REACH who="0" ten="240,266,224,250" step="2"/><U27/><E27/><V70/><F81/><W66/><G126/><T3/><D3/><U40/><E40/><V0/><F0/><W118/><G118/><T22/><D22/><U115/><E115/><V33/><F33/><W18/><G20/><T71/><D71/><U38/><E38/><V54/><F70/><W59/><G18/><AGARI ba="0,2" hai="12,13,15,16,18,54,58,61,84,89,92" m="25759" machi="18" ten="30,2000,0" yaku="8,1,54,1" doraHai="112" who="2" fromWho="3" sc="240,0,266,0,224,40,250,-20" /><INIT seed="2,0,0,3,4,103" ten="240,266,264,230" oya="2" hai0="93,134,29,102,97,114,25,108,121,132,4,64,111" hai1="28,126,63,89,68,43,129,80,98,101,77,40,82" hai2="120,62,49,54,84,56,81,21,13,109,104,87,86" hai3="95,127,115,2,39,33,46,51,92,128,36,91,65"/><V9/><F120/><W113/><G2/><T0/><D121/><U30/><E126/><V34/><F34/><W135/><G127/><T26/><D114/><N who="3" m="43529" /><G135/><N who="0" m="51755" /><D64/><U69/><E129/><V75/><F109/><N who="0" m="42058" /><D29/><U16/><E89/><V23/><F104/><W131/><G33/><T119/><D119/><U10/><E69/><V7/><F75/><W15/><G65/><T45/><D45/><U55/><E82/><V70/><F70/><W130/><G15/><T83/><D83/><U53/><E68/><V116/><F116/><W60/><G60/><T99/><D99/><U67/><E67/><V20/><REACH who="2" step="1"/><F62/><REACH who="2" ten="240,266,254,230" step="2"/><W73/><G73/><T88/><D102/><U90/><E63/><V78/><AGARI ba="0,1" hai="7,9,13,20,21,23,49,54,56,78,81,84,86,87" machi="78" ten="30,11700,0" yaku="1,1,2,1,0,1,8,1,53,0" doraHai="103" doraHaiUra="22" who="2" fromWho="2" sc="240,-39,266,-39,254,127,230,-39" /><INIT seed="2,1,0,3,0,64" ten="201,227,381,191" oya="2" hai0="125,93,129,103,22,109,91,30,17,52,118,5,32" hai1="71,60,123,128,48,86,96,82,25,74,66,9,90" hai2="133,21,131,79,70,105,89,26,88,59,39,10,97" hai3="19,68,15,117,108,54,122,49,44,77,62,130,100"/><V92/><F131/><W2/><G117/><T81/><D118/><U42/><E123/><V107/><F133/><W37/><G122/><T28/><D129/><U132/><E132/><V113/><F39/><W101/><G130/><T75/><D125/><U85/><E128/><V16/><F79/><W14/><G2/><T31/><D109/><U69/><E74/><V73/><F73/><W119/><G119/><T98/><D5/><U134/><E134/><V67/><F113/><W3/><G108/><T126/><D126/><U115/><E96/><V72/><F72/><W43/><G3/><T40/><D40/><U95/><E115/><V135/><F59/><N who="3" m="33231" /><G77/><T124/><D124/><U38/><E38/><V27/><F89/><W4/><G4/><T20/><D32/><U61/><E9/><V83/><F83/><W18/><G15/><T116/><D116/><U87/><E25/><V58/><F58/><W51/><G51/><T127/><D127/><U111/><E111/><V57/><F57/><W7/><G7/><T1/><D1/><U63/><E66/><V114/><F114/><W8/><G19/><T13/><D52/><U84/><REACH who="1" step="1"/><E82/><REACH who="1" ten="201,217,381,191" step="2"/><V65/><F10/><W41/><G41/><T55/><D75/><U110/><E110/><V80/><F80/><W106/><G106/><N who="2" m="40457" /><F67/><AGARI ba="1,1" hai="8,14,18,37,43,44,62,67,68,100,101" m="33231" machi="67" ten="30,2000,0" yaku="24,1,52,1" doraHai="64" who="3" fromWho="2" sc="201,0,217,0,381,-23,191,33" /><INIT seed="3,0,0,1,0,2" ten="201,217,358,224" oya="3" hai0="100,86,134,38,1,110,23,56,55,7,37,59,15" hai1="75,13,52,132,17,53,10,26,88,22,102,90,89" hai2="30,109,77,98,112,64,54,79,48,82,97,68,31" hai3="8,83,62,63,93,27,65,57,66,67,85,129,120"/><W45/><G120/><T116/><D116/><U103/><E132/><V76/><F112/><W60/><G129/><T43/><D134/><U46/><E75/><V119/><F119/><W71/><G27/><T41/><D1/><U29/><E46/><V128/><F64/><N who="3" m="24683" /><G93/><T36/><D100/><AGARI ba="0,0" hai="10,13,17,22,26,29,52,53,88,89,90,100,102,103" machi="100" ten="40,5200,0" yaku="8,1,54,2" doraHai="2" who="1" fromWho="0" sc="201,-52,217,52,358,0,224,0" owari="149,-35.1,269,6.9,358,45.8,224,-17.6" /></mjloggm>