<mjloggm ver="2.3"><GO type="225" lobby="0"/><UN n0="%E5%A4%8F%E9%88%B4%E9%88%B4%E5%A4%8F" n1="%73%73%6B%5F%66%72%65%65" n2="%E3%83%96%E3%83%83%E3%83%91%E3%82%AA%E3%83%96%E3%83%81%E3%82%AD%E3%83%B3" n3="%70%68%65%6E%6F%6D%65" dan="16,16,16,16" rate="2105.12,2126.62,2107.41,2123.51" sx="F,M,M,M"/><TAIKYOKU oya="0"/><INIT seed="0,0,0,5,3,97" ten="250,250,250,250" oya="0" hai0="39,55,111,133,82,65,34,42,0,12,96,90,103" hai1="52,54,60,112,8,86,108,36,69,57,77,122,101" hai2="58,13,14,45,70,40,107,126,128,64,73,1,49" hai3="48,47,91,35,74,37,10,20,85,27,104,43,62"/><T119/><D119/><U5/><E122/><V26/><F1/><W81/><G35/><T115/><D115/><U22/><E108/><V123/><F123/><W23/><G104/><T130/><D0/><U83/><E112/><V19/><F73/><W25/><G74/><T53/><D34/><U78/><E36/><V134/><F107/><W44/><G10/><T7/><D65/><U59/><E69/><V67/><F70/><W110/><G110/><T66/><D66/><U93/><E22/><N who="2" m="13663" /><F126/><W98/><G62/><T84/><D111/><U80/><E93/><V89/><F134/><W32/><G98/><T135/><D130/><U6/><E8/><V102/><F102/><W113/><G113/><T132/><D12/><N who="2" m="4714" /><F128/><W117/><G117/><T56/><D7/><U79/><E101/><V131/><F131/><W99/><G27/><T31/><D31/><U29/><E29/><V16/><F16/><W15/><G15/><T114/><D114/><U124/><E124/><V11/><F11/><W72/><G72/><T116/><D116/><U95/><E95/><V94/><F58/><W28/><REACH who="3" step="1"/><G99/><AGARI ba="0,0" hai="40,45,49,64,67,89,94,99" m="4714,13663" machi="99" ten="30,1000,0" yaku="8,1" doraHai="97" who="2" fromWho="3" sc="250,0,250,0,250,10,250,-10" /><INIT seed="1,0,0,5,0,129" ten="250,250,260,240" oya="1" hai0="2,60,133,39,79,47,99,59,90,78,15,108,126" hai1="48,72,5,19,77,88,111,100,27,87,21,75,31" hai2="20,58,127,45,73,16,105,119,96,13,34,135,9" hai3="103,3,14,37,122,128,56,44,89,63,62,52,18"/><U110/><E100/><V112/><F119/><W80/><G122/><T0/><D108/><N who="1" m="41515" /><E5/><V106/><F34/><W17/><G128/><T64/><D2/><U131/><E131/><V116/><F116/><W82/><G3/><T70/><D0/><U68/><E68/><V120/><F120/><W41/><G103/><T49/><D39/><U97/><E48/><V51/><F73/><N who="1" m="28233" /><E77/><V113/><F51/><W30/><G30/><T25/><D79/><U117/><E117/><V38/><F38/><W11/><G89/><T43/><D78/><U67/><E67/><V104/><F104/><W107/><G107/><T130/><D70/><U46/><E46/><V114/><F45/><W93/><G93/><T8/><D130/><U84/><E31/><V109/><F106/><W115/><G115/><T23/><D126/><U134/><E134/><V69/><F135/><W50/><REACH who="3" step="1"/><G18/><REACH who="3" ten="250,250,260,230" step="2"/><T132/><D133/><U94/><AGARI ba="0,1" hai="19,21,27,84,87,88,94,97" m="28233,41515" machi="94" ten="40,7800,0" yaku="14,1,10,1,54,1" doraHai="129" who="1" fromWho="1" sc="250,-26,250,88,260,-26,230,-26" /><INIT seed="1,1,0,4,5,62" ten="224,338,234,204" oya="1" hai0="40,128,73,105,75,17,77,12,99,86,131,87,122" hai1="8,98,56,135,6,25,61,43,29,72,34,101,2" hai2="37,39,133,82,110,33,1,3,51,92,67,125,0" hai3="22,26,65,74,78,23,59,30,93,11,38,118,31"/><U126/><E135/><V102/><F33/><W47/><G118/><T85/><D40/><U89/><E126/><V45/><F133/><W10/><G74/><N who="0" m="28171" /><D122/><U15/><E72/><V112/><F125/><W117/><G117/><T35/><D35/><U88/><E43/><V70/><F110/><W79/><G38/><T52/><D52/><U49/><E49/><V66/><F82/><W129/><G129/><N who="0" m="49739" /><D17/><U21/><E2/><V27/><F112/><W16/><G47/><T5/><D5/><U76/><E76/><N who="3" m="29226" /><G93/><T90/><D12/><U95/><E34/><V108/><F108/><W44/><G44/><T111/><D111/><U50/><E50/><V4/><F4/><W68/><G68/><T20/><D20/><U115/><E115/><V63/><F27/><N who="3" m="14791" /><G30/><T71/><D71/><U7/><E7/><V9/><F9/><W103/><G103/><N who="0" m="62719" /><D77/><U60/><E60/><AGARI ba="1,0" hai="10,11,23,26,31,59,60,65" m="14791,29226" machi="60" ten="30,3900,0" yaku="8,1,52,1,54,1" doraHai="62" who="3" fromWho="1" sc="224,0,338,-42,234,0,204,42" /><INIT seed="2,0,0,4,2,60" ten="224,296,234,246" oya="2" hai0="110,10,121,48,37,70,2,118,20,35,115,57,11" hai1="134,98,123,5,112,28,4,39,96,44,56,24,76" hai2="1,63,133,54,127,25,81,135,108,69,32,14,42" hai3="58,122,80,16,62,31,92,113,6,99,89,53,8"/><V51/><F1/><W45/><G113/><T0/><D121/><U13/><E112/><V12/><F42/><W59/><G122/><T105/><D115/><U26/><E134/><N who="2" m="51211" /><F81/><W9/><G31/><T3/><D110/><U107/><E76/><V86/><F86/><W119/><G119/><T104/><D37/><U23/><E123/><V100/><F100/><W77/><G45/><T73/><D73/><U95/><E44/><N who="2" m="28007" /><F127/><W34/><G80/><T75/><D0/><U90/><E39/><V72/><F72/><W131/><G77/><T109/><D2/><U50/><E98/><V130/><F130/><W38/><G131/><T103/><D3/><U68/><E96/><V101/><F101/><W46/><G38/><T61/><D103/><U117/><E90/><V64/><F108/><W17/><G46/><T33/><D75/><U102/><E102/><V97/><F97/><W19/><G34/><T116/><D109/><U124/><E124/><V55/><F55/><N who="3" m="34143" /><G6/><T125/><D33/><U21/><E4/><V71/><F71/><W120/><G120/><T91/><D35/><U78/><E5/><V87/><F87/><W49/><AGARI ba="0,0" hai="8,9,16,17,19,49,53,59,89,92,99" m="34143" machi="49" ten="30,2000,0" yaku="8,1,54,1" doraHai="60" who="3" fromWho="3" sc="224,-5,296,-5,234,-10,246,20" /><INIT seed="3,0,0,0,1,30" ten="219,291,224,266" oya="3" hai0="18,50,74,98,27,7,14,25,3,95,9,87,53" hai1="51,66,31,17,35,73,81,126,119,122,111,105,133" hai2="1,13,6,68,20,112,134,125,88,21,90,104,57" hai3="62,72,55,43,76,10,69,65,97,113,49,123,12"/><W102/><G123/><T103/><D74/><U101/><E122/><V37/><F68/><W22/><G113/><T93/><D87/><U116/><E126/><V80/><F112/><W15/><G43/><T109/><D93/><U26/><E111/><V23/><F104/><W5/><G72/><T59/><REACH who="0" step="1"/><D109/><REACH who="0" ten="209,291,224,266" step="2"/><U16/><E73/><V32/><F125/><W79/><G97/><T47/><D47/><U63/><E81/><V121/><F121/><W128/><G102/><T100/><D100/><U58/><E101/><V0/><F80/><W39/><G79/><T44/><D44/><U114/><E105/><V45/><F45/><W54/><G76/><T42/><D42/><U127/><E114/><V75/><F75/><W124/><G124/><T83/><D83/><U46/><E127/><V92/><F92/><W108/><G108/><T4/><D4/><U135/><E119/><V11/><F90/><W56/><G5/><T118/><D118/><U36/><E116/><V130/><F88/><W85/><G85/><T115/><D115/><U60/><E36/><V110/><F37/><W34/><G39/><T106/><D106/><U19/><REACH who="1" step="1"/><E63/><REACH who="1" ten="209,281,224,266" step="2"/><V131/><F110/><W48/><G62/><T41/><D41/><AGARI ba="0,2" hai="16,17,19,26,31,35,41,46,51,58,60,66,133,135" machi="41" ten="40,12000,2" yaku="1,1,2,1,52,1,54,1,53,2" doraHai="30" doraHaiUra="129" who="1" fromWho="0" sc="209,-120,281,140,224,0,266,0" owari="89,-41.1,421,52.1,224,-17.6,266,6.6" /></mjloggm>