<mjloggm ver="2.3"><GO type="225" lobby="0"/><UN n0="%E3%80%90%E3%83%88%E3%83%AA%E3%83%A5%E3%83%95%E3%80%91" n1="%E6%98%93%E5%88%A9%E8%96%A9%E4%BC%AF" n2="%33%74%72%65%65" n3="%6C%61%6D%62" dan="16,17,16,16" rate="2113.10,2185.10,2165.88,2244.00" sx="M,F,F,M"/><TAIKYOKU oya="0"/><INIT seed="0,0,0,1,5,51" ten="250,250,250,250" oya="0" hai0="95,58,9,96,117,45,98,55,99,73,48,133,12" hai1="134,123,46,26,6,33,85,66,70,62,53,50,16" hai2="109,127,120,121,30,22,4,57,78,47,101,65,116" hai3="88,79,17,27,54,49,61,39,11,111,3,56,43"/><T82/><D117/><U15/><E134/><V108/><F116/><W102/><G111/><N who="2" m="42569" /><F127/><W63/><G102/><T113/><D113/><U132/><E132/><V36/><F101/><W81/><G3/><T92/><D133/><U64/><E123/><V35/><F35/><W84/><G39/><T19/><D73/><U28/><E66/><V34/><F34/><W126/><G126/><T75/><D75/><U80/><E6/><V13/><F78/><W110/><G110/><T112/><D112/><U31/><E26/><N who="2" m="16727" /><F47/><W87/><G43/><N who="0" m="24639" /><D82/><U25/><E25/><V77/><F77/><W74/><G74/><T130/><D130/><U0/><E0/><V91/><F91/><W40/><G40/><T5/><D5/><U60/><E60/><AGARI ba="0,0" hai="9,12,19,55,58,60,92,95,96,98,99" m="24639" machi="60" ten="30,2900,0" yaku="8,1,52,1" doraHai="51" who="0" fromWho="1" sc="250,29,250,-29,250,0,250,0" /><INIT seed="0,1,0,4,4,115" ten="279,221,250,250" oya="0" hai0="63,134,60,77,17,84,112,24,65,69,135,100,52" hai1="124,76,67,34,107,109,97,132,51,116,25,118,82" hai2="98,56,121,49,43,32,42,123,127,71,83,16,86" hai3="128,14,113,61,74,95,66,94,53,33,54,126,133"/><T47/><D112/><U88/><E109/><V13/><F71/><W81/><G113/><T59/><D100/><U129/><E129/><V38/><F32/><W72/><G33/><T57/><D77/><U9/><E132/><N who="0" m="50729" /><D84/><U64/><E124/><V36/><F127/><W103/><G133/><T26/><D17/><U2/><E51/><V119/><F119/><W35/><G35/><T48/><D57/><U125/><E125/><V1/><F56/><W40/><G103/><T21/><D21/><U117/><E107/><V22/><F16/><W85/><G85/><T78/><D78/><U68/><E68/><V80/><F22/><W120/><G72/><T15/><D15/><U89/><E9/><V11/><F13/><W3/><G14/><T45/><D45/><U28/><E2/><V70/><F86/><W75/><G3/><T90/><D90/><U4/><E4/><V8/><F70/><W93/><G74/><T37/><D37/><U105/><E105/><V99/><F1/><W106/><G106/><T104/><D104/><U29/><E29/><V39/><F39/><W5/><G5/><T50/><D50/><AGARI ba="1,0" hai="8,11,36,38,42,43,49,50,80,83,98,99,121,123" machi="50" ten="25,1600,0" yaku="22,2" doraHai="115" who="2" fromWho="0" sc="279,-19,221,0,250,19,250,0" /><INIT seed="1,0,0,1,3,112" ten="260,221,269,250" oya="1" hai0="5,70,74,87,126,77,130,125,75,33,91,6,57" hai1="115,36,117,110,124,59,31,65,4,52,11,89,39" hai2="118,109,32,114,69,116,106,102,42,45,18,93,10" hai3="1,108,34,107,17,14,38,26,103,23,48,82,132"/><U66/><E115/><V7/><F93/><W78/><G38/><T53/><D33/><U76/><E124/><N who="0" m="47721" /><D70/><U128/><E128/><V60/><F18/><W37/><G37/><T44/><D44/><U0/><E39/><N who="2" m="21727" /><F114/><W100/><G108/><T111/><D111/><U49/><E36/><V2/><F32/><W92/><G132/><T67/><D67/><U35/><E110/><V56/><F56/><W54/><G1/><T62/><D130/><U46/><E76/><V94/><F94/><W19/><G107/><T90/><D77/><U13/><E0/><V129/><F109/><W135/><G92/><N who="0" m="54367" /><D91/><U131/><E131/><V68/><F129/><W63/><G34/><T55/><D53/><U105/><E105/><V24/><F24/><W21/><G135/><T40/><D40/><U27/><E46/><V79/><F79/><W22/><G22/><T16/><D16/><U134/><E134/><V20/><F20/><W101/><G78/><T15/><D15/><U73/><E73/><AGARI ba="0,0" hai="5,6,55,57,62,73,74,75" m="54367,47721" machi="73" ten="30,1000,0" yaku="18,1" doraHai="112" who="0" fromWho="1" sc="260,10,221,-10,269,0,250,0" /><INIT seed="2,0,0,5,1,121" ten="270,211,269,250" oya="2" hai0="35,87,111,10,135,65,7,51,106,56,77,79,49" hai1="108,123,30,25,97,120,1,15,117,107,128,6,41" hai2="73,66,86,5,133,99,78,63,23,118,70,17,90" hai3="74,32,43,38,85,101,69,44,105,3,4,129,55"/><V104/><F118/><W126/><G32/><T112/><D112/><U103/><E117/><V57/><F133/><W59/><G129/><T82/><D135/><U134/><E134/><V100/><F5/><W92/><G126/><T19/><D35/><N who="1" m="20943" /><E128/><V46/><F46/><W12/><G74/><T132/><D106/><U24/><E15/><V114/><F114/><W50/><G69/><T119/><D119/><U52/><E24/><V36/><F36/><W64/><G64/><T37/><D37/><U88/><E41/><V14/><F73/><W28/><G28/><T94/><D94/><U45/><E88/><V54/><F78/><W0/><G105/><T115/><D115/><U27/><E27/><V13/><F13/><W58/><G58/><T76/><D7/><U72/><E72/><V131/><F131/><W61/><G38/><T125/><D125/><U113/><E113/><V95/><F70/><W81/><G101/><T48/><D132/><U75/><E75/><V124/><F124/><W9/><REACH who="3" step="1"/><G92/><REACH who="3" ten="270,211,269,240" step="2"/><T8/><D65/><U40/><E107/><V98/><F66/><W53/><G53/><T96/><D56/><U18/><E52/><V102/><F102/><W33/><G33/><T26/><D51/><U91/><E103/><V122/><F122/><W29/><G29/><T116/><D49/><U67/><E67/><V80/><F104/><W16/><G16/><T2/><D48/><U42/><E123/><V127/><F127/><W60/><G60/><T93/><D93/><U11/><E120/><V83/><F100/><W20/><G20/><N who="0" m="13599" /><D116/><U68/><E68/><RYUUKYOKU ba="0,1" sc="270,-15,211,-15,269,15,240,15" hai2="14,17,23,54,57,63,80,83,86,90,95,98,99" hai3="0,3,4,9,12,43,44,50,55,59,61,81,85" /><INIT seed="2,1,1,2,2,64" ten="255,196,284,255" oya="2" hai0="83,96,98,103,109,29,72,35,32,17,46,51,89" hai1="102,110,28,1,123,84,27,134,12,116,36,68,14" hai2="33,23,124,135,43,38,66,81,129,42,101,125,74" hai3="55,11,91,104,63,107,90,93,56,34,69,97,5"/><V37/><F33/><W94/><G34/><T112/><D112/><U8/><E116/><V39/><F135/><W31/><G31/><T41/><D109/><U26/><E36/><V128/><F101/><W19/><G19/><T20/><D32/><U100/><E110/><V47/><F23/><W78/><G78/><T122/><D122/><U10/><E123/><V121/><F121/><W25/><G25/><N who="0" m="16551" /><D72/><U117/><E117/><V111/><F111/><W30/><G30/><T6/><D6/><U79/><E134/><V119/><F119/><W115/><G69/><T71/><D71/><U82/><E1/><V106/><F106/><W15/><REACH who="3" step="1"/><G115/><REACH who="3" ten="255,196,284,245" step="2"/><T114/><D114/><U52/><E68/><V60/><F125/><W61/><G61/><T88/><D35/><U131/><E27/><V7/><F60/><W48/><G48/><T44/><D17/><U0/><E26/><V62/><F124/><W53/><G53/><T105/><D51/><U85/><E28/><V99/><F62/><W24/><G24/><T92/><D41/><U77/><E52/><V54/><F54/><W45/><G45/><T86/><D46/><U108/><E108/><V127/><F47/><W50/><G50/><T80/><D44/><U95/><E79/><N who="2" m="44279" /><F43/><W70/><G70/><T118/><D118/><U132/><E132/><V40/><F40/><W65/><G65/><T22/><D22/><U113/><E113/><V13/><F42/><W73/><G73/><T133/><D133/><U3/><E77/><V21/><F127/><W57/><G57/><T126/><D126/><U76/><E76/><RYUUKYOKU ba="1,2" sc="255,15,196,-15,284,-15,245,15" hai0="80,83,86,88,89,92,96,98,103,105" hai3="5,11,15,55,56,63,90,91,93,94,97,104,107" /><INIT seed="3,2,2,5,1,108" ten="270,181,269,260" oya="3" hai0="123,91,49,115,45,99,52,26,59,120,51,53,95" hai1="10,47,128,78,71,14,112,55,81,82,107,36,79" hai2="121,22,129,114,116,42,65,111,86,2,134,88,15" hai3="54,104,126,93,84,89,17,68,72,110,18,4,64"/><W30/><G110/><T16/><D115/><U76/><E107/><V31/><F111/><W75/><G104/><T113/><D113/><U101/><E112/><V92/><F116/><W85/><G126/><T66/><D66/><U73/><E128/><V35/><F114/><W13/><G30/><T60/><D51/><U83/><E71/><V103/><F129/><W9/><G68/><T96/><D96/><U37/><E101/><V74/><F2/><W94/><G64/><T119/><D119/><U98/><E98/><V1/><F1/><W27/><G72/><T90/><D91/><U50/><REACH who="1" step="1"/><E73/><REACH who="1" ten="270,171,269,260" step="2"/><V56/><F74/><W5/><G75/><T63/><D63/><U23/><E23/><AGARI ba="2,3" hai="16,23,26,45,49,52,53,59,60,90,95,99,120,123" machi="23" ten="40,8000,1" yaku="25,2,54,2" doraHai="108" who="0" fromWho="1" sc="270,116,171,-86,269,0,260,0" owari="386,48.6,85,-41.5,269,6.9,260,-14.0" /></mjloggm>