<mjloggm ver="2.3"><GO type="225" lobby="0"/><UN n0="%E9%A6%AC%E5%BC%95%E7%81%AB%33" n1="%EF%BC%AE%EF%BC%A1%EF%BC%AF%33%33%39" n2="%E3%81%AF%E3%82%88%E3%81%8A%E3%81%98%E3%81%95%E3%82%93" n3="%E7%B4%94%E6%BD%94%E3%83%94%E3%83%A9%E3%83%8B%E3%82%A2" dan="16,16,16,17" rate="2143.31,2158.67,2198.05,2222.07" sx="M,M,M,M"/><TAIKYOKU oya="0"/><INIT seed="0,0,0,3,1,76" ten="250,250,250,250" oya="0" hai0="84,87,24,28,63,6,130,92,30,99,94,85,83" hai1="128,78,91,34,41,127,114,42,126,51,117,77,10" hai2="71,50,15,124,2,122,89,67,81,19,75,18,106" hai3="38,109,132,65,5,121,25,62,57,49,72,22,8"/><T48/><D130/><U54/><E34/><V35/><F2/><W12/><G72/><T110/><D6/><U119/><E128/><V68/><F122/><W40/><G109/><T120/><D120/><U4/><E91/><V133/><F106/><W39/><G132/><T13/><D13/><U45/><E114/><V90/><F35/><W55/><G40/><N who="1" m="15466" /><E78/><V26/><F133/><W135/><G135/><T21/><D110/><U23/><E77/><V11/><F124/><N who="1" m="47657" /><E23/><V53/><F75/><W43/><G43/><T44/><D63/><U96/><E96/><V129/><F129/><W88/><G121/><T3/><D3/><AGARI ba="0,0" hai="3,4,10,45,51,54,117,119" m="47657,15466" machi="3" ten="30,1000,0" yaku="18,1" doraHai="76" who="1" fromWho="0" sc="250,-10,250,10,250,0,250,0" /><INIT seed="1,0,0,4,3,45" ten="240,260,250,250" oya="1" hai0="135,18,91,100,103,63,94,89,117,129,120,67,77" hai1="47,87,125,19,29,56,59,131,15,46,60,58,99" hai2="1,85,73,37,32,71,61,25,80,95,75,0,49" hai3="133,130,74,21,110,69,5,43,40,72,97,126,22"/><U119/><E119/><V114/><F95/><W27/><G69/><T33/><D117/><U48/><E29/><N who="2" m="19503" /><F85/><W14/><G110/><T78/><D33/><U36/><E131/><V62/><F49/><W106/><G130/><T20/><D129/><U30/><E30/><V4/><F61/><W76/><G126/><T108/><D108/><U122/><E122/><V2/><F114/><W109/><G109/><T64/><D135/><U116/><E116/><V38/><F4/><W90/><G133/><T12/><D120/><U107/><E125/><V113/><F113/><W111/><G5/><T41/><D41/><U39/><E87/><V54/><F54/><W7/><G7/><T50/><D50/><U35/><E35/><V93/><F93/><W124/><G43/><T132/><D132/><U42/><E107/><V92/><F92/><W83/><G40/><T112/><D112/><U24/><E99/><V127/><F127/><W57/><G97/><N who="0" m="57551" /><D91/><U81/><E81/><V123/><F123/><W16/><G90/><T96/><D96/><U31/><E47/><V98/><F98/><W51/><G106/><T11/><D63/><U6/><E6/><V70/><F80/><W82/><G124/><T115/><D115/><U53/><E36/><N who="2" m="13931" /><F62/><W88/><G88/><T68/><D68/><AGARI ba="0,0" hai="0,1,2,68,70,71,73,75" m="13931,19503" machi="68" ten="40,2600,0" yaku="33,2" doraHai="45" who="2" fromWho="0" sc="240,-26,260,0,250,26,250,0" /><INIT seed="2,0,0,3,5,105" ten="214,260,276,250" oya="2" hai0="68,131,39,106,83,53,34,63,62,20,93,75,70" hai1="36,17,100,56,7,102,86,122,107,35,64,57,124" hai2="32,19,6,119,80,77,117,79,29,16,46,43,21" hai3="121,41,104,88,103,28,40,47,25,9,42,109,123"/><V76/><F6/><W37/><G109/><T14/><D106/><U69/><E36/><V67/><F67/><W134/><G134/><T60/><D34/><U85/><E35/><V78/><F32/><W87/><G104/><T66/><D93/><U24/><E7/><V135/><F135/><W11/><G103/><T92/><D92/><U2/><E2/><V33/><F33/><W129/><G129/><T94/><D94/><U48/><E69/><N who="0" m="26729" /><D83/><U52/><E107/><V130/><F130/><W18/><G28/><T30/><D75/><U133/><E133/><V22/><F29/><W132/><G132/><T50/><D14/><U73/><E73/><V31/><F31/><W98/><G98/><T3/><D20/><N who="1" m="13327" /><E122/><V95/><F95/><W112/><G112/><T90/><D90/><U58/><E64/><V111/><F111/><W108/><G108/><T114/><D30/><U99/><E99/><V125/><F125/><W38/><G25/><T72/><D72/><U113/><E124/><V59/><F59/><N who="1" m="22601" /><E113/><V8/><F8/><W118/><G9/><T55/><D3/><U110/><E110/><V120/><F120/><W71/><G121/><T1/><D1/><U49/><E49/><N who="2" m="26847" /><F21/><W84/><G123/><T65/><D114/><U115/><E115/><V5/><F5/><W15/><G37/><T23/><D131/><U26/><E26/><N who="2" m="14663" /><F19/><W128/><G128/><T126/><D126/><U27/><E27/><V10/><F10/><W89/><G38/><T116/><D116/><U54/><E54/><N who="0" m="20489" /><D39/><U61/><E48/><V81/><N who="2" m="19456" /><DORA hai="4" /><V74/><F74/><RYUUKYOKU ba="0,0" sc="214,-15,260,15,276,15,250,-15" hai1="52,58,61,85,86,100,102" hai2="80,81,117,119" /><INIT seed="2,1,0,0,4,25" ten="199,275,291,235" oya="2" hai0="67,120,13,15,14,86,80,72,3,88,61,44,6" hai1="134,92,113,39,71,56,103,52,97,96,129,94,58" hai2="135,68,128,89,107,114,34,1,118,10,54,91,69" hai3="79,57,29,74,26,108,65,9,70,130,112,98,105"/><V64/><F114/><W45/><G112/><T20/><D120/><U5/><E113/><V22/><F34/><W0/><G108/><T53/><D72/><U41/><E71/><V122/><F122/><W132/><G57/><T7/><D3/><U49/><E5/><V59/><F118/><W62/><G45/><T43/><D20/><U23/><E129/><V63/><F107/><W33/><G130/><T50/><REACH who="0" step="1"/><D43/><REACH who="0" ten="189,275,291,235" step="2"/><U27/><E41/><V37/><F22/><W36/><G132/><T131/><D131/><U76/><E134/><V106/><F135/><W119/><G119/><T101/><D101/><U110/><E110/><V28/><F1/><W8/><G0/><T12/><N who="0" m="3072" /><DORA hai="11" /><T78/><D78/><U77/><E77/><V115/><F128/><W19/><G79/><T30/><D30/><U16/><E76/><V127/><F28/><W81/><G19/><T117/><D117/><U87/><E103/><V84/><F115/><W125/><G8/><T24/><D24/><U100/><E100/><V95/><F10/><W133/><G9/><T111/><D111/><U93/><E16/><V18/><F18/><W46/><G133/><T47/><D47/><U73/><E73/><V82/><F91/><W4/><G74/><T104/><D104/><U126/><E23/><V121/><F89/><W17/><G17/><T99/><D99/><U42/><E96/><V31/><F31/><W40/><G4/><T35/><D35/><U116/><E97/><V60/><F121/><W83/><G125/><T2/><D2/><U123/><E123/><V21/><F21/><RYUUKYOKU ba="1,1" sc="189,15,275,-15,291,-15,235,15" hai0="6,7,44,50,53,61,67,80,86,88" hai3="26,29,33,36,40,46,62,65,70,81,83,98,105" /><INIT seed="3,2,1,4,2,52" ten="204,260,276,250" oya="3" hai0="48,124,39,107,95,77,33,90,115,23,45,32,109" hai1="116,82,118,1,59,61,20,17,4,67,96,104,88" hai2="117,21,120,111,89,75,22,133,112,135,98,85,127" hai3="69,103,40,78,129,50,71,42,2,93,114,16,27"/><W12/><G2/><T72/><D107/><U14/><E1/><V49/><F112/><W128/><G114/><T66/><D115/><U100/><E4/><V134/><F111/><W99/><G27/><T97/><D39/><U60/><E60/><V34/><F127/><W94/><G78/><T125/><D109/><U10/><E10/><V44/><F117/><N who="1" m="45161" /><E82/><N who="2" m="49335" /><F34/><W47/><G42/><N who="0" m="24631" /><D66/><U87/><E87/><V131/><F75/><W15/><G15/><T84/><D23/><U73/><E88/><V35/><F35/><W58/><G93/><T55/><D55/><U130/><E130/><N who="3" m="50282" /><G58/><T46/><D46/><U29/><E29/><V74/><F131/><W79/><G79/><T68/><D68/><U70/><E73/><V65/><F74/><W0/><G0/><T38/><D72/><U110/><E110/><V26/><F65/><W126/><G126/><N who="0" m="48747" /><D38/><U122/><E122/><V37/><F120/><W3/><G3/><T8/><D8/><AGARI ba="2,1" hai="8,12,16,40,47,50,69,71,94,99,103" m="50282" machi="8" ten="30,2900,0" yaku="19,1,54,1" doraHai="52" who="3" fromWho="0" sc="204,-35,260,0,276,0,250,45" /><INIT seed="3,3,0,0,4,42" ten="169,260,276,295" oya="3" hai0="57,1,23,101,123,60,62,121,44,119,65,102,96" hai1="55,38,89,75,105,111,67,133,118,29,9,59,109" hai2="51,25,113,31,92,66,134,76,58,3,99,49,27" hai3="100,122,108,53,127,112,26,106,77,46,115,45,88"/><W22/><G122/><T84/><D119/><U95/><E75/><V120/><F113/><W93/><G115/><T50/><D1/><U61/><E105/><V70/><F3/><W116/><G116/><T34/><D34/><U71/><E118/><V73/><F70/><W8/><G112/><T130/><D130/><U43/><E29/><V91/><F120/><W13/><G127/><T41/><D102/><U64/><E9/><V135/><F25/><W83/><G53/><T33/><D33/><U63/><E95/><V28/><F28/><N who="3" m="17495" /><G100/><T47/><D23/><U15/><E89/><V68/><F68/><W103/><G103/><T52/><D84/><U40/><E15/><V69/><F69/><W30/><G30/><T85/><D85/><U107/><E107/><V125/><F125/><W20/><G20/><T0/><D62/><N who="1" m="40343" /><E133/><N who="2" m="50699" /><F76/><W97/><G108/><N who="1" m="41546" /><E38/><V104/><F73/><W94/><G94/><T7/><D7/><U129/><E129/><V48/><F104/><W11/><G11/><T6/><D6/><U5/><E5/><V17/><F17/><N who="3" m="8359" /><G106/><T21/><D21/><U124/><E124/><V4/><F4/><W110/><G110/><T90/><D90/><U81/><E81/><V10/><F10/><W114/><G114/><T79/><D79/><U82/><E82/><V117/><F117/><W128/><G128/><T16/><D16/><U36/><E36/><V19/><F19/><W132/><G132/><T2/><D101/><U72/><E72/><V37/><F37/><W12/><G12/><T32/><D96/><U56/><AGARI ba="3,0" hai="40,43,55,56,59,61,63,67" m="41546,40343" machi="56" ten="30,4000,0" yaku="14,1,34,2" doraHai="42" who="1" fromWho="1" sc="169,-13,260,49,276,-13,295,-23" owari="156,-34.4,309,40.9,263,-13.7,272,7.2" /></mjloggm>