<mjloggm ver="2.3"><GO type="225" lobby="0"/><UN n0="%E5%8D%A0%E3%81%84%E5%B8%AB%E8%A3%8F%E3%81%AA%E3%81%84%E3%81%97" n1="%E3%83%9F%E3%83%83%E3%82%AD%E3%83%BC%E8%9B%87%E5%B1%B1" n2="%E3%82%8F%E3%81%8B%E3%81%B0%2A%E3%82%AC%E3%83%BC%E3%83%AB" n3="%E5%B8%86%E7%AB%8B%E5%A4%8F%E8%A1%A3" dan="17,16,16,17" rate="2280.47,2023.95,2202.31,2222.67" sx="M,M,M,M"/><TAIKYOKU oya="0"/><INIT seed="0,0,0,4,1,47" ten="250,250,250,250" oya="0" hai0="59,60,51,98,134,114,36,39,24,95,87,45,13" hai1="69,54,53,43,11,133,57,52,115,127,33,106,99" hai2="83,50,126,128,96,34,46,72,58,56,89,37,5" hai3="107,38,77,12,28,15,29,122,113,129,9,80,103"/><T91/><D114/><U78/><E115/><V90/><F37/><W21/><G113/><T8/><D134/><U7/><E33/><V30/><F126/><W71/><G129/><T40/><D24/><U81/><E127/><V88/><F128/><W108/><G108/><T76/><D76/><U26/><E69/><V41/><F5/><W124/><G124/><T17/><REACH who="0" step="1"/><D87/><REACH who="0" ten="240,250,250,250" step="2"/><U119/><E26/><V111/><F111/><W35/><G77/><T22/><D22/><U14/><E133/><V65/><F34/><W110/><G21/><T74/><D74/><U123/><E119/><V125/><F125/><W61/><G35/><T135/><D135/><U48/><E123/><V16/><F72/><W73/><G73/><T66/><AGARI ba="0,1" hai="8,13,17,36,39,40,45,51,59,60,66,91,95,98" machi="66" ten="20,12000,1" yaku="1,1,0,1,7,1,52,1,53,1" doraHai="47" doraHaiUra="94" who="0" fromWho="0" sc="240,130,250,-40,250,-40,250,-40" /><INIT seed="0,1,0,0,2,128" ten="370,210,210,210" oya="0" hai0="116,3,43,60,98,26,56,103,50,46,42,122,95" hai1="29,51,112,75,33,20,13,88,40,66,99,115,62" hai2="69,91,97,134,12,87,70,37,108,132,45,47,38" hai3="8,130,57,15,6,81,77,72,104,135,41,125,14"/><T79/><D116/><U22/><E75/><V10/><F108/><W92/><G104/><T71/><D122/><U30/><E40/><N who="2" m="22671" /><F97/><W117/><G130/><T16/><D3/><U32/><E51/><V27/><F27/><W2/><G125/><T119/><D71/><U7/><E33/><V53/><F53/><W0/><G117/><T18/><D119/><U25/><E30/><V68/><F47/><W131/><G131/><T52/><D79/><U49/><E49/><V90/><F87/><W28/><G41/><N who="0" m="15371" /><D26/><U111/><E111/><V120/><F38/><W133/><G28/><T48/><D48/><U89/><E32/><V44/><F44/><W82/><G57/><T109/><D109/><U55/><E55/><AGARI ba="1,0" hai="16,18,46,50,52,55,56,60,95,98,103" m="15371" machi="55" ten="30,5800,0" yaku="8,1,54,2" doraHai="128" who="0" fromWho="1" sc="370,61,210,-61,210,0,210,0" /><INIT seed="0,2,0,1,0,66" ten="431,149,210,210" oya="0" hai0="135,2,119,109,53,31,28,74,134,9,116,0,12" hai1="41,15,45,48,95,115,80,22,85,20,24,129,27" hai2="77,43,97,26,114,29,81,47,83,79,57,96,71" hai3="64,8,68,14,52,36,90,67,23,58,110,133,33"/><T3/><D53/><U54/><E129/><V104/><F114/><W128/><G33/><T11/><D74/><U35/><E115/><V118/><F118/><N who="0" m="45098" /><D109/><U34/><E15/><V127/><F57/><W73/><G133/><N who="0" m="50699" /><D9/><U86/><E95/><V120/><F120/><W112/><G112/><T63/><D63/><U75/><E75/><V105/><F127/><W32/><G32/><T123/><D123/><U44/><E35/><V126/><F126/><W1/><G110/><T46/><D46/><U61/><E85/><V92/><F92/><W98/><G73/><T107/><D107/><U40/><E61/><V70/><F47/><W56/><G56/><T102/><D102/><U106/><E106/><V65/><F65/><W122/><G58/><T131/><D131/><U51/><E54/><V50/><F50/><W82/><G52/><T124/><D124/><U113/><E113/><V10/><F10/><W72/><G72/><T117/><N who="0" m="45106" /><T84/><DORA hai="39" /><D84/><U18/><E34/><V111/><F111/><W78/><G8/><T17/><AGARI ba="2,0" hai="0,2,3,11,12,17,28,31" m="50699,45106" machi="17" ten="50,9600,0" yaku="20,1,34,2" doraHai="66,39" who="0" fromWho="0" sc="431,102,149,-34,210,-34,210,-34" /><INIT seed="0,3,0,4,0,97" ten="533,115,176,176" oya="0" hai0="111,21,5,49,26,48,59,55,7,28,84,75,2" hai1="10,4,33,72,134,103,121,82,40,46,113,44,94" hai2="47,110,116,27,126,31,135,88,112,74,29,132,129" hai3="89,125,107,50,80,93,90,73,62,45,131,120,76"/><T70/><D75/><U63/><E121/><V78/><F112/><W12/><G120/><T54/><D70/><U68/><E134/><N who="2" m="51243" /><F110/><W67/><G125/><T122/><D122/><U102/><E33/><V16/><F126/><W106/><G131/><T39/><D39/><U124/><E124/><V92/><F129/><W130/><G130/><T105/><D105/><U91/><E113/><V61/><F116/><W127/><G127/><T23/><D2/><U14/><E72/><V95/><F95/><W15/><G106/><T69/><D69/><U81/><E81/><N who="2" m="45271" /><F47/><W86/><G90/><T32/><D111/><U98/><E46/><V79/><F61/><W35/><G35/><T109/><D109/><U104/><E82/><V128/><F79/><W8/><G8/><T115/><D115/><U100/><E104/><V65/><F65/><W51/><G107/><T38/><D32/><U58/><E68/><V22/><F128/><W114/><G114/><T41/><D38/><U52/><E91/><V3/><F3/><W60/><G60/><T24/><D41/><U1/><E1/><V18/><F31/><W53/><G51/><AGARI ba="3,0" hai="4,10,14,40,44,51,52,58,63,94,98,100,102,103" machi="51" ten="30,12000,2" yaku="7,1,8,1,52,3,54,1" doraHai="97" who="1" fromWho="3" sc="533,0,115,129,176,0,176,-129" /><INIT seed="1,0,0,3,0,57" ten="533,244,176,47" oya="1" hai0="3,54,90,96,68,40,50,48,102,121,23,107,119" hai1="69,14,39,49,78,22,110,13,41,10,66,37,73" hai2="97,77,1,67,61,27,45,85,134,87,56,19,29" hai3="60,125,53,26,100,11,0,93,117,25,71,80,111"/><U46/><E73/><V36/><F1/><W84/><G111/><T128/><D128/><U2/><BYE who="0" /><E110/><V47/><F134/><W7/><G125/><T113/><D113/><U65/><E78/><V33/><F97/><UN n0="%E5%8D%A0%E3%81%84%E5%B8%AB%E8%A3%8F%E3%81%AA%E3%81%84%E3%81%97" /><W99/><G117/><T79/><D3/><U95/><E2/><V76/><F19/><W94/><G94/><T131/><D79/><U106/><E106/><V108/><F108/><W82/><G82/><T16/><D68/><U5/><E66/><V120/><F120/><W115/><G115/><T24/><D131/><U52/><E95/><V122/><F122/><W51/><G71/><T21/><D121/><U105/><E105/><V103/><F103/><W18/><G18/><T55/><D40/><U132/><E132/><V127/><F127/><W124/><G124/><T135/><D119/><U34/><E34/><V104/><F104/><W20/><G20/><T92/><D135/><U32/><E32/><V59/><F36/><W74/><G74/><T9/><D9/><U8/><E22/><N who="2" m="15607" /><F76/><W129/><G129/><T38/><D38/><U118/><E118/><V58/><F33/><W12/><G0/><T44/><D23/><U81/><E81/><N who="2" m="47279" /><F87/><W133/><G133/><T130/><D130/><U63/><E41/><V101/><F101/><W72/><G72/><T75/><D75/><U31/><E31/><V42/><F42/><W6/><G6/><AGARI ba="0,0" hai="5,6,8,10,13,14,37,39,46,49,52,63,65,69" machi="6" ten="30,11600,0" yaku="7,1,9,1,52,1,54,1" doraHai="57" who="1" fromWho="3" sc="533,0,244,116,176,0,47,-116" owari="533,63.3,360,16.0,176,-22.4,-69,-56.9" /></mjloggm>