<mjloggm ver="2.3"><GO type="225" lobby="0"/><UN n0="%E9%BB%99%E8%81%B4%E3%81%AE%E3%81%99%E3%82%9D%E3%82%81" n1="%E6%98%93%E5%88%A9%E8%96%A9%E4%BC%AF" n2="%70%68%65%6E%6F%6D%65" n3="%E4%BF%BA%E3%81%A8%E5%A6%96%E5%A4%A2" dan="16,17,16,16" rate="2111.07,2139.06,2158.35,2156.93" sx="M,F,M,F"/><TAIKYOKU oya="0"/><INIT seed="0,0,0,3,5,118" ten="250,250,250,250" oya="0" hai0="70,112,36,13,86,130,58,55,101,129,22,107,51" hai1="127,102,124,135,82,132,100,80,96,33,37,90,122" hai2="116,0,71,83,74,16,104,105,93,75,79,21,53" hai3="44,39,43,123,103,48,11,38,6,61,114,125,31"/><T65/><D112/><U41/><E37/><V99/><F116/><W7/><G114/><T56/><D36/><U68/><E41/><V52/><F0/><W115/><G115/><T40/><D40/><U4/><E68/><V23/><F71/><W60/><G125/><N who="1" m="48202" /><E4/><V106/><F75/><W88/><G103/><N who="1" m="39466" /><E33/><V47/><F47/><W63/><G31/><T9/><D107/><U113/><E113/><V3/><F3/><W59/><G7/><T97/><D70/><U18/><E18/><V8/><F8/><W20/><G20/><T12/><D22/><U1/><E1/><V17/><F23/><W128/><G39/><T19/><D65/><U42/><E42/><V131/><F131/><W29/><G128/><N who="0" m="49259" /><D13/><U111/><E111/><V25/><REACH who="2" step="1"/><F17/><REACH who="2" ten="250,250,240,250" step="2"/><W45/><G38/><T2/><D2/><U91/><E122/><V67/><F67/><W98/><G123/><T14/><D19/><U134/><E96/><V109/><F109/><W5/><G44/><T24/><D9/><U121/><E121/><V92/><F92/><N who="3" m="56583" /><G11/><T78/><D58/><U73/><E73/><V27/><F27/><W49/><G29/><T54/><D24/><U94/><E94/><V30/><F30/><W66/><G66/><T57/><D57/><U119/><E119/><V120/><F120/><W85/><G59/><T62/><D56/><U26/><E26/><V50/><F50/><W69/><G49/><T95/><D51/><U34/><E34/><V76/><F76/><W10/><G69/><T35/><D35/><U64/><E64/><V32/><F32/><W46/><G48/><RYUUKYOKU ba="0,1" sc="250,-15,250,15,240,15,250,-15" hai1="80,82,90,91,132,134,135" hai2="16,21,25,52,53,74,79,83,93,99,104,105,106" /><INIT seed="1,1,1,0,1,24" ten="235,265,255,235" oya="1" hai0="126,93,103,23,127,19,6,12,121,42,112,26,55" hai1="14,133,35,131,9,13,115,37,119,59,67,0,100" hai2="66,97,71,110,43,72,80,17,10,65,20,46,39" hai3="74,125,21,53,129,27,48,1,61,41,62,86,124"/><U135/><E115/><V128/><F110/><W32/><G74/><T111/><D111/><U109/><E119/><V28/><F128/><W82/><G129/><T36/><D112/><U106/><E131/><V84/><F72/><W64/><G41/><T96/><D121/><U47/><E35/><V81/><F66/><W2/><G32/><T89/><D36/><U92/><E106/><V107/><F71/><W75/><G75/><T118/><D42/><U60/><E37/><V7/><F65/><W58/><G2/><T15/><D118/><U117/><E117/><V4/><F28/><W5/><G5/><T22/><D6/><U40/><E0/><V30/><F30/><N who="3" m="17775" /><G64/><T94/><D55/><U16/><E14/><V34/><F34/><W79/><G1/><T105/><D105/><U76/><E76/><V44/><F10/><W51/><G62/><T134/><D134/><U31/><E31/><V123/><F123/><W85/><G85/><T56/><D56/><U114/><E114/><V91/><F46/><W132/><G132/><T29/><REACH who="0" step="1"/><D15/><REACH who="0" ten="225,265,255,235" step="2"/><U70/><E109/><V98/><F107/><W120/><G120/><T54/><D54/><U116/><E116/><V57/><F57/><W78/><G53/><T45/><D45/><U73/><E59/><V38/><F39/><W122/><G122/><T101/><D101/><U102/><E102/><V18/><F4/><W83/><G58/><T130/><D130/><U63/><E135/><V77/><F7/><W69/><G61/><T95/><D95/><U33/><E133/><V108/><F108/><W68/><G68/><RYUUKYOKU ba="1,2" sc="225,30,265,-10,255,-10,235,-10" hai0="12,19,22,23,26,29,89,93,94,96,103,126,127" /><INIT seed="2,2,2,5,0,12" ten="255,255,245,225" oya="2" hai0="5,38,42,100,56,92,3,8,25,123,126,69,58" hai1="101,26,102,131,14,40,2,94,18,106,89,135,73" hai2="71,112,34,37,105,63,82,45,110,62,124,48,64" hai3="20,130,116,95,74,121,107,120,21,76,109,4,32"/><V24/><F112/><W134/><G107/><T35/><D69/><U13/><E2/><V113/><F113/><W39/><G39/><T85/><D123/><N who="3" m="47177" /><G95/><T79/><D126/><U23/><E73/><V81/><F124/><W98/><G98/><T111/><D111/><U83/><E135/><V16/><F110/><W7/><G76/><T132/><D132/><U127/><E131/><V52/><F105/><W114/><G74/><T90/><D100/><U129/><E129/><V125/><F125/><W53/><G53/><T51/><D38/><U103/><E106/><V117/><F117/><W115/><G109/><T9/><D79/><U54/><E40/><V80/><F37/><W44/><G44/><T10/><D56/><U31/><E83/><V57/><F34/><W50/><G50/><T104/><D104/><U6/><E6/><N who="3" m="2090" /><G130/><T118/><D118/><U0/><E0/><V108/><F108/><W88/><G88/><T70/><D70/><U19/><E127/><V86/><F86/><W49/><G49/><T72/><D72/><U97/><E54/><V68/><REACH who="2" step="1"/><F63/><REACH who="2" ten="255,255,235,225" step="2"/><W91/><G116/><T119/><D119/><U65/><E65/><V133/><F133/><W29/><G134/><T22/><D35/><U30/><E26/><V66/><F66/><W1/><G115/><T59/><D3/><U84/><E84/><V61/><F61/><W96/><G114/><T93/><D85/><U41/><E41/><V46/><F46/><W77/><G1/><T15/><D42/><U43/><E43/><V87/><F87/><W33/><G33/><T36/><D36/><RYUUKYOKU ba="2,3" sc="255,-15,255,15,235,15,225,-15" hai1="13,14,18,19,23,30,31,89,94,97,101,102,103" hai2="16,24,45,48,52,57,62,64,68,71,80,81,82" /><INIT seed="2,3,3,5,4,5" ten="240,270,250,210" oya="2" hai0="128,107,13,119,132,27,65,127,69,29,63,109,78" hai1="15,44,85,52,74,131,92,37,82,35,58,3,67" hai2="23,1,102,135,122,51,39,93,118,32,116,36,53" hai3="106,10,105,126,77,73,113,117,26,4,20,24,66"/><V48/><F32/><W40/><G117/><T89/><D109/><U33/><E3/><V100/><F122/><W42/><G126/><T76/><D107/><U86/><E74/><V38/><F1/><W16/><G113/><T134/><D119/><U9/><E131/><V6/><F6/><W95/><G66/><T84/><D128/><U75/><E75/><V110/><F110/><W41/><G26/><T121/><D121/><U129/><E129/><V49/><F53/><W111/><G111/><T7/><D127/><U96/><E67/><V17/><F135/><N who="0" m="51754" /><D13/><U12/><E12/><V123/><F123/><W22/><G22/><N who="0" m="15607" /><D7/><U14/><E14/><V103/><F93/><AGARI ba="3,3" hai="63,65,69,76,78,84,89,93" m="15607,51754" machi="93" ten="30,1000,0" yaku="20,1" doraHai="5" who="0" fromWho="2" sc="240,49,270,0,250,-19,210,0" /><INIT seed="3,0,0,2,3,128" ten="289,270,231,210" oya="3" hai0="127,123,31,125,74,35,67,8,53,132,134,52,28" hai1="40,73,6,44,16,113,103,131,54,60,45,106,65" hai2="101,92,89,80,27,30,5,70,21,23,4,91,129" hai3="7,120,46,100,83,119,107,3,97,76,117,78,29"/><W90/><G120/><T130/><D74/><U36/><E113/><V26/><F70/><W102/><G29/><N who="0" m="11339" /><D35/><U79/><E6/><N who="2" m="2667" /><F129/><W68/><G68/><T39/><D39/><U135/><E131/><V61/><F61/><W71/><G71/><T24/><D130/><U82/><E135/><N who="0" m="51753" /><D123/><U19/><E103/><V104/><F104/><W87/><G100/><T22/><D8/><U51/><E106/><V126/><F80/><W77/><REACH who="3" step="1"/><G46/><REACH who="3" ten="289,270,231,200" step="2"/><T32/><D32/><U93/><E45/><V14/><F126/><N who="0" m="48138" /><D67/><U110/><E65/><V9/><F101/><W99/><G99/><T49/><D49/><U121/><E51/><V55/><F30/><AGARI ba="0,1" hai="22,24,30,52,53" m="48138,51753,11339" machi="30" ten="30,12000,2" yaku="20,1,18,1,52,3,54,1" doraHai="128" who="0" fromWho="2" sc="289,130,270,0,231,-120,200,0" owari="419,51.9,270,7.0,111,-38.9,200,-20.0" /></mjloggm>