<mjloggm ver="2.3"><GO type="225" lobby="0"/><UN n0="%E3%83%A9%E3%82%A4%E3%83%B3%E3%81%AE%E8%99%8E" n1="%E9%B7%B9%E5%80%89%E6%9D%8F%E9%88%B4" n2="%E3%82%A4%E3%83%BC%E3%82%B1%E3%83%97%E3%83%A9" n3="%79%75%72%69%6D%6F%67" dan="16,16,16,16" rate="2152.77,2157.52,2128.49,2171.48" sx="M,F,M,F"/><TAIKYOKU oya="0"/><INIT seed="0,0,0,1,0,5" ten="250,250,250,250" oya="0" hai0="52,16,71,7,48,29,105,111,82,39,13,37,2" hai1="64,110,135,120,46,49,27,58,103,8,55,125,118" hai2="68,36,43,94,87,121,70,100,99,91,122,101,132" hai3="78,20,117,76,81,116,66,25,9,112,56,40,92"/><T54/><D105/><U59/><E118/><V61/><F132/><W57/><G112/><T0/><D71/><U69/><E120/><V96/><F43/><W23/><G40/><T131/><D29/><U45/><E135/><V129/><F36/><W123/><G123/><T51/><D131/><U73/><E73/><V72/><F72/><W77/><G81/><T4/><D82/><U75/><E75/><V97/><F129/><W126/><G126/><T26/><D26/><U33/><E110/><V1/><F1/><W113/><G113/><T6/><D6/><U88/><E103/><V47/><F47/><W34/><G34/><T133/><D13/><U24/><E69/><V14/><F70/><W38/><G38/><T124/><D133/><U107/><E107/><V42/><F42/><W60/><G57/><T134/><D134/><U106/><E106/><V19/><F68/><W67/><G67/><T10/><D16/><U21/><E125/><V80/><F61/><W115/><G115/><T84/><D84/><U102/><E102/><N who="2" m="39531" /><F122/><W128/><G92/><T53/><D124/><U98/><E33/><V32/><F32/><W119/><G128/><T89/><D89/><U83/><E83/><V74/><F74/><W22/><REACH who="3" step="1"/><G9/><REACH who="3" ten="250,250,250,240" step="2"/><N who="0" m="2183" /><D111/><U50/><E8/><N who="2" m="6599" /><F121/><W31/><AGARI ba="0,1" hai="20,22,23,25,31,56,60,66,76,77,78,116,117,119" machi="31" ten="40,2700,0" yaku="1,1,0,1,53,0" doraHai="5" doraHaiUra="65" who="3" fromWho="3" sc="250,-13,250,-7,250,-7,240,37" /><INIT seed="1,0,0,0,3,82" ten="237,243,243,277" oya="1" hai0="130,119,104,19,3,120,31,47,7,50,118,92,129" hai1="10,103,121,51,117,68,11,132,8,112,69,48,79" hai2="89,100,28,39,23,21,27,18,106,78,93,55,123" hai3="53,9,76,75,107,29,35,73,16,135,2,71,58"/><U124/><E112/><V101/><F123/><W52/><G107/><T99/><D104/><U4/><E121/><V94/><F39/><W91/><G71/><T24/><D19/><U6/><E117/><V43/><F106/><W122/><G122/><T30/><D120/><U95/><E132/><V33/><F43/><W63/><G135/><T54/><D7/><U26/><E124/><V0/><F0/><W44/><G76/><T49/><D49/><N who="1" m="19019" /><E69/><V127/><F33/><W83/><G53/><T86/><D3/><U74/><E74/><V46/><F127/><W41/><G29/><T88/><D31/><U133/><E68/><V72/><F46/><W116/><G35/><T96/><D119/><U108/><E133/><V67/><F67/><W126/><G116/><T60/><D60/><U134/><E26/><V56/><F78/><W84/><G126/><T90/><D118/><U59/><E59/><V40/><F40/><W87/><G87/><T14/><D14/><U128/><E128/><N who="0" m="49257" /><D90/><U70/><E70/><V111/><F72/><W36/><REACH who="3" step="1"/><G16/><REACH who="3" ten="237,243,243,267" step="2"/><T98/><D98/><N who="1" m="59871" /><E134/><V109/><F109/><W85/><G85/><T20/><AGARI ba="0,1" hai="20,24,30,47,50,54,86,88,92,96,99" m="49257" machi="20" ten="30,4000,0" yaku="19,1,52,1,54,1" doraHai="82" who="0" fromWho="0" sc="237,50,243,-20,243,-10,267,-10" /><INIT seed="2,0,0,3,3,119" ten="287,223,233,257" oya="2" hai0="69,20,29,114,43,126,87,46,27,2,66,63,73" hai1="49,47,110,5,18,52,79,129,122,90,106,101,91" hai2="56,23,33,32,107,60,7,92,30,134,118,85,77" hai3="6,68,99,64,24,1,81,4,113,42,48,112,45"/><V9/><F118/><W109/><G1/><T36/><D73/><U12/><E129/><V13/><F107/><W130/><G109/><T16/><D114/><N who="3" m="44137" /><G130/><T123/><D126/><U59/><E110/><V88/><F134/><W39/><G39/><T50/><D2/><U89/><E5/><V135/><F135/><W34/><G81/><T111/><D111/><U104/><E79/><V65/><REACH who="2" step="1"/><F77/><REACH who="2" ten="287,223,223,257" step="2"/><W17/><G99/><T116/><D116/><U128/><E104/><V54/><F54/><W31/><G64/><T40/><D40/><U22/><E128/><V93/><F93/><W76/><G68/><T94/><D43/><U100/><E106/><V72/><F72/><W62/><G76/><T120/><D66/><U67/><E122/><V61/><F61/><AGARI ba="0,1" hai="12,18,22,47,49,52,59,61,67,89,90,91,100,101" machi="61" ten="40,2600,0" yaku="8,1,54,1" doraHai="119" who="1" fromWho="2" sc="287,0,223,36,223,-26,257,0" /><INIT seed="3,0,0,4,1,109" ten="287,259,197,257" oya="3" hai0="115,18,13,120,30,134,6,73,1,67,75,92,119" hai1="52,8,76,38,61,43,45,58,84,88,89,116,29" hai2="63,98,121,82,22,4,118,123,135,28,113,3,41" hai3="2,65,70,131,32,107,23,85,49,100,128,51,14"/><W24/><G2/><T124/><D119/><U15/><E116/><V10/><F118/><W9/><G32/><T46/><D120/><N who="2" m="46154" /><F41/><W114/><G114/><T53/><D67/><U81/><REACH who="1" step="1"/><E29/><REACH who="1" ten="287,249,197,257" step="2"/><V106/><F135/><W80/><G128/><T111/><D30/><U68/><E68/><V17/><F113/><W7/><G131/><T103/><D115/><U102/><E102/><N who="2" m="62807" /><F28/><W11/><G100/><T50/><D134/><U99/><E99/><V112/><F112/><W57/><G107/><T64/><D103/><U90/><E90/><V95/><F95/><W97/><G70/><T40/><D92/><U55/><E55/><V71/><F82/><W87/><G97/><T74/><D53/><U16/><AGARI ba="0,1" hai="8,15,16,38,43,45,52,58,61,76,81,84,88,89" machi="16" ten="20,12000,2" yaku="1,1,0,1,7,1,54,3,53,0" doraHai="109" doraHaiUra="27" who="1" fromWho="1" sc="287,-30,249,130,197,-30,257,-60" owari="257,5.7,379,47.9,167,-33.3,197,-20.3" /></mjloggm>