<mjloggm ver="2.3"><GO type="225" lobby="0"/><UN n0="%E6%9C%88%E5%B3%B6%E5%9F%BA" n1="%E3%82%BC%E3%83%AB%E3%83%80%E3%81%AE%E4%BC%9D%E8%AA%AC" n2="%33%74%72%65%65" n3="%E6%9D%B1%E9%A2%A8%E3%81%AE%E3%81%8D%E3%82%83%E3%81%B7%E3%81%95%E3%82%93" dan="17,17,17,16" rate="2190.53,2124.39,2121.38,2202.09" sx="M,M,F,M"/><TAIKYOKU oya="0"/><INIT seed="0,0,0,0,1,101" ten="250,250,250,250" oya="0" hai0="108,84,21,25,127,49,123,24,27,33,90,53,58" hai1="45,79,43,132,19,62,3,78,7,95,54,17,88" hai2="9,113,93,67,41,68,63,115,56,85,0,122,130" hai3="52,129,102,117,12,22,77,50,13,38,75,61,5"/><T94/><BYE who="3" /><D123/><U82/><E132/><UN n3="%E6%9D%B1%E9%A2%A8%E3%81%AE%E3%81%8D%E3%82%83%E3%81%B7%E3%81%95%E3%82%93" /><V10/><F122/><W60/><G38/><T119/><D119/><U110/><E110/><V16/><F130/><W65/><G117/><T66/><D127/><U135/><E135/><V131/><F131/><W97/><G129/><T98/><D108/><U100/><E100/><V120/><F120/><W64/><G77/><T112/><D112/><U71/><E3/><V26/><F41/><W128/><G75/><T4/><D33/><U69/><E7/><V20/><F68/><W44/><G128/><T133/><D133/><U15/><E54/><V14/><F0/><W134/><G134/><T31/><D4/><U116/><E116/><V114/><REACH who="2" step="1"/><F26/><REACH who="2" ten="250,250,240,250" step="2"/><W29/><G5/><T103/><REACH who="0" step="1"/><D66/><REACH who="0" ten="240,250,240,250" step="2"/><U86/><E71/><V72/><F72/><W83/><G64/><T30/><D30/><U87/><E69/><V35/><F35/><W96/><G65/><T11/><D11/><U34/><E34/><V39/><F39/><W37/><G37/><T89/><D89/><AGARI ba="0,2" hai="9,10,14,16,20,56,63,67,85,89,93,113,114,115" machi="89" ten="40,2600,0" yaku="1,1,54,1,53,0" doraHai="101" doraHaiUra="40" who="2" fromWho="0" sc="240,-26,250,0,240,46,250,0" /><INIT seed="1,0,0,4,4,110" ten="214,250,286,250" oya="1" hai0="108,124,85,39,67,130,133,27,120,2,16,50,10" hai1="74,49,26,64,6,45,107,53,30,37,122,7,76" hai2="86,111,81,87,20,93,5,103,104,96,106,112,102" hai3="57,13,88,42,54,41,113,72,123,38,78,83,127"/><U11/><E122/><V97/><F5/><W58/><G123/><T105/><D39/><U0/><E107/><N who="2" m="41003" /><F20/><W32/><G113/><T132/><D120/><U109/><E109/><V21/><F21/><W22/><G32/><T63/><D108/><U19/><E64/><V94/><F111/><W75/><G75/><T25/><D105/><U61/><E61/><V90/><F86/><W125/><G38/><T31/><D50/><U52/><E37/><V9/><F9/><W46/><G46/><T34/><D85/><U8/><E19/><V56/><F56/><W129/><G129/><T95/><D95/><N who="2" m="36362" /><F112/><W82/><G13/><N who="0" m="7223" /><D130/><U24/><E53/><V43/><F43/><W70/><G22/><N who="0" m="15799" /><D63/><U33/><E33/><V14/><F14/><W17/><G70/><T131/><D67/><U98/><E30/><V44/><F44/><W89/><G17/><T126/><D131/><U77/><E7/><V115/><F115/><W4/><G4/><T12/><D2/><U118/><E8/><V62/><F62/><W135/><G72/><T92/><D92/><U84/><E74/><V15/><F15/><W29/><G29/><N who="0" m="19775" /><D12/><U60/><E60/><V18/><F102/><W100/><G100/><T47/><D47/><U23/><E45/><V116/><F103/><W79/><G54/><T35/><D35/><U28/><E52/><V40/><F40/><W36/><G36/><T48/><D48/><U134/><E49/><V117/><F97/><W91/><G91/><T59/><D59/><U80/><E98/><V3/><F96/><W66/><G66/><T1/><D1/><RYUUKYOKU ba="0,0" sc="214,15,250,-15,286,-15,250,15" hai0="124,126,132,133" hai3="41,42,57,58,78,79,82,83,88,89,125,127,135" /><INIT seed="2,1,0,4,1,93" ten="229,235,271,265" oya="2" hai0="27,54,1,0,133,47,45,85,76,101,65,20,15" hai1="40,83,8,52,114,81,79,64,26,61,48,135,67" hai2="123,2,108,63,80,104,105,74,72,50,121,57,38" hai3="35,127,34,28,134,16,82,88,71,132,13,37,75"/><V115/><F115/><W94/><G71/><T73/><D73/><U25/><E114/><V6/><F38/><W30/><G37/><T100/><D1/><U23/><E135/><N who="3" m="51754" /><G82/><N who="1" m="31242" /><E79/><V58/><F6/><W19/><G75/><T87/><D0/><U12/><E40/><V124/><F2/><W129/><G129/><T22/><D76/><U97/><E61/><V44/><F80/><W56/><G56/><T62/><D133/><U106/><E106/><V36/><F36/><W21/><G19/><N who="0" m="10367" /><D65/><N who="1" m="25163" /><E23/><V99/><F63/><W17/><G17/><N who="0" m="12751" /><D62/><U24/><E97/><V29/><F99/><N who="3" m="57799" /><G127/><T5/><D5/><N who="1" m="3087" /><E24/><V117/><F124/><W60/><G60/><T128/><D128/><U103/><E103/><N who="0" m="39497" /><D54/><U86/><E86/><AGARI ba="1,0" hai="45,47,85,86,87" m="39497,12751,10367" machi="86" ten="30,1000,0" yaku="8,1" doraHai="93" who="0" fromWho="1" sc="229,13,235,-13,271,0,265,0" /><INIT seed="3,0,0,1,0,85" ten="242,222,271,265" oya="3" hai0="113,18,75,41,116,112,23,103,114,69,63,43,32" hai1="62,5,124,2,33,34,68,39,3,45,129,110,89" hai2="91,58,47,0,60,44,67,46,66,82,101,6,120" hai3="50,29,49,73,97,122,10,95,21,99,109,61,77"/><W132/><G122/><T126/><D116/><U111/><E124/><V38/><F120/><W40/><G73/><T14/><D126/><U57/><E68/><V51/><F38/><W92/><G77/><T128/><D75/><U87/><E129/><V76/><F101/><W96/><G109/><N who="1" m="41482" /><E45/><V105/><F105/><W119/><G119/><T117/><D117/><U90/><E39/><V17/><F0/><N who="1" m="41" /><E5/><V59/><F6/><W25/><G132/><T131/><D32/><N who="1" m="12395" /><E87/><V16/><F47/><N who="3" m="25831" /><G10/><T19/><D43/><U53/><AGARI ba="0,0" hai="53,57,62,89,90" m="12395,41,41482" machi="53" ten="40,5200,0" yaku="14,1,52,2" doraHai="85" who="1" fromWho="1" sc="242,-13,222,52,271,-13,265,-26" /><INIT seed="4,0,0,5,1,130" ten="229,274,258,239" oya="0" hai0="39,131,21,114,27,113,49,87,6,98,12,103,46" hai1="116,19,74,5,109,82,88,123,80,75,115,35,33" hai2="11,50,128,4,41,106,78,119,60,3,72,120,111" hai3="127,133,83,42,22,48,23,32,68,52,122,112,89"/><T34/><D34/><U55/><E109/><V24/><F111/><W97/><G68/><T57/><D131/><U15/><E123/><V61/><F120/><W101/><G42/><N who="0" m="24791" /><D39/><U117/><E5/><V86/><F128/><W7/><G7/><T70/><D70/><U13/><E55/><V44/><F119/><W104/><G32/><T121/><D121/><U110/><E110/><V65/><F106/><W93/><G122/><T94/><D57/><U10/><E19/><V18/><F72/><W135/><G83/><T16/><D87/><U95/><E95/><V85/><F78/><W90/><G127/><T20/><D6/><U45/><E45/><V30/><F18/><W25/><G112/><N who="0" m="43115" /><D27/><U105/><E115/><V125/><F125/><W54/><G54/><T28/><D28/><U14/><E35/><V56/><F61/><W29/><G22/><AGARI ba="0,0" hai="12,16,20,21,22,94,98,103" m="43115,24791" machi="22" ten="30,2900,0" yaku="15,1,54,1" doraHai="130" who="0" fromWho="3" sc="229,29,274,0,258,0,239,-29" /><AGARI ba="0,0" hai="3,4,11,22,24,30,41,44,50,56,60,65,85,86" machi="22" ten="30,1000,0" yaku="7,1" doraHai="130" who="2" fromWho="3" sc="258,0,274,0,258,10,210,-10" /><INIT seed="4,1,0,1,4,42" ten="258,274,268,200" oya="0" hai0="128,127,38,81,130,124,16,133,56,64,94,21,110" hai1="109,123,83,66,98,4,121,73,46,8,125,75,67" hai2="59,82,74,80,50,52,51,5,43,86,18,32,25" hai3="3,11,34,30,1,111,57,10,103,33,17,40,126"/><T102/><D38/><U31/><E109/><V53/><F43/><W2/><G103/><T112/><D110/><U39/><E125/><N who="0" m="48201" /><D112/><U97/><E31/><V60/><F74/><W29/><G57/><T55/><D133/><U122/><E97/><V76/><F5/><W15/><G40/><T58/><D81/><U120/><E98/><V95/><F95/><W49/><G49/><N who="0" m="30831" /><D102/><U93/><E120/><V115/><F80/><W91/><G91/><T48/><D94/><U71/><E93/><V61/><F115/><W69/><G69/><T78/><D78/><U119/><E71/><V105/><F105/><W96/><G96/><T41/><D64/><U84/><E119/><V92/><F92/><W100/><G100/><T47/><D58/><U44/><E39/><V89/><F76/><W54/><G126/><T106/><D106/><U12/><E66/><V13/><F82/><W117/><G54/><T90/><D90/><U14/><E67/><V135/><F89/><W99/><G99/><T101/><D101/><U70/><E70/><V77/><F77/><W113/><G117/><T24/><AGARI ba="1,0" hai="16,21,24,41,47,48,128,130" m="30831,48201" machi="24" ten="30,6000,0" yaku="18,1,52,1,54,1" doraHai="42" who="0" fromWho="0" sc="258,63,274,-21,268,-21,200,-21" owari="321,42.1,253,5.3,247,-15.3,179,-32.1" /></mjloggm>