<mjloggm ver="2.3"><GO type="225" lobby="0"/><UN n0="%E4%BF%BA%E3%81%A8%E5%A6%96%E5%A4%A2" n1="%E6%9D%B1%E9%A2%A8%E3%81%AE%E3%81%8D%E3%82%83%E3%81%B7%E3%81%95%E3%82%93" n2="%E7%B4%94%E6%BD%94%E3%83%94%E3%83%A9%E3%83%8B%E3%82%A2" n3="%E3%83%B4%E3%83%A0%EF%BC%99%E3%81%A6" dan="16,16,17,17" rate="2267.96,2199.77,2181.86,2138.87" sx="F,M,M,M"/><TAIKYOKU oya="0"/><INIT seed="0,0,0,3,3,94" ten="250,250,250,250" oya="0" hai0="27,114,132,62,89,11,123,66,87,128,96,65,72" hai1="25,113,90,69,12,93,18,51,120,45,103,56,99" hai2="111,54,75,119,49,4,13,108,20,101,7,117,39" hai3="133,2,19,85,1,82,104,3,84,33,78,77,112"/><T26/><D114/><U124/><E69/><V23/><F75/><W8/><G112/><T29/><D123/><U15/><E113/><V34/><F39/><W22/><G33/><T135/><D72/><U60/><E124/><V17/><F101/><W32/><G32/><T10/><D128/><U36/><E36/><V61/><F61/><W86/><G133/><N who="0" m="51275" /><D66/><U35/><E120/><V126/><F34/><W73/><G104/><T46/><D46/><U48/><E35/><V59/><F23/><W106/><G106/><T55/><D55/><U14/><E103/><V125/><F7/><W16/><G77/><T129/><D129/><U47/><E47/><V92/><F92/><W52/><G8/><N who="0" m="3115" /><D96/><U130/><E45/><V21/><F21/><W80/><G80/><N who="0" m="49383" /><D29/><U102/><E102/><V134/><F4/><W53/><REACH who="3" step="1"/><G19/><REACH who="3" ten="250,250,250,240" step="2"/><T42/><D42/><U50/><E130/><V58/><F134/><W122/><G122/><T6/><D6/><U28/><E28/><V107/><F107/><W76/><G76/><T44/><D44/><U110/><E18/><V30/><F30/><W38/><G38/><T37/><D37/><U118/><E25/><AGARI ba="0,1" hai="1,2,3,16,22,25,52,53,73,78,82,84,85,86" machi="25" ten="50,6400,0" yaku="1,1,54,2,53,0" doraHai="94" doraHaiUra="95" who="3" fromWho="1" sc="250,0,250,-64,250,0,240,74" /><INIT seed="1,0,0,2,2,46" ten="250,186,250,314" oya="1" hai0="25,53,59,62,10,105,84,64,121,99,17,37,133" hai1="43,122,47,18,6,125,92,57,34,11,89,119,41" hai2="131,70,73,98,94,71,21,63,134,96,60,101,67" hai3="68,118,13,9,38,127,66,31,116,8,51,123,115"/><U58/><E34/><V135/><F73/><W95/><G123/><T36/><D121/><U74/><E122/><V76/><F76/><W130/><G115/><T113/><D113/><U87/><E74/><V50/><F131/><W114/><G114/><T107/><D133/><U20/><E119/><N who="3" m="45610" /><G38/><T72/><D72/><U129/><E125/><V124/><F124/><W109/><G127/><T110/><D110/><U102/><E102/><V120/><F120/><W29/><G130/><T111/><D111/><U32/><E32/><V19/><F98/><W103/><G109/><T42/><D84/><U4/><E129/><V82/><F82/><W112/><G112/><T79/><D79/><U23/><E23/><V128/><F128/><W108/><G108/><T81/><D81/><U80/><E80/><V100/><F100/><W15/><G66/><T52/><D99/><U91/><E91/><V90/><F101/><W12/><G51/><N who="0" m="31135" /><D53/><U27/><E11/><N who="3" m="4170" /><G68/><N who="0" m="42007" /><D36/><U69/><E69/><V14/><F50/><W75/><G75/><T54/><D54/><U30/><E30/><V28/><F28/><W65/><G65/><AGARI ba="0,0" hai="14,19,21,60,63,65,67,70,71,90,94,96,134,135" machi="65" ten="40,1300,0" yaku="9,1" doraHai="46" who="2" fromWho="3" sc="250,0,186,0,250,13,314,-13" /><INIT seed="2,0,0,2,3,105" ten="250,186,263,301" oya="2" hai0="34,65,4,15,75,111,25,133,35,31,46,22,51" hai1="59,100,1,107,73,74,30,45,40,48,92,10,43" hai2="78,112,102,72,91,80,37,58,87,89,77,118,21" hai3="134,6,20,69,88,85,66,39,130,68,96,82,129"/><V53/><F112/><W57/><G39/><T9/><D65/><U131/><E107/><V24/><F118/><W114/><G114/><T33/><D111/><U55/><E30/><V97/><F37/><W50/><G134/><T113/><D113/><U23/><E23/><V122/><F122/><W44/><G6/><T29/><D133/><U125/><E40/><V11/><F11/><W123/><G123/><T95/><D95/><U115/><E115/><V26/><F77/><W61/><G20/><T2/><D51/><U60/><E125/><V106/><F21/><W41/><REACH who="3" step="1"/><G96/><REACH who="3" ten="250,186,263,291" step="2"/><T16/><D31/><U90/><E131/><AGARI ba="0,1" hai="41,44,50,57,61,66,68,69,82,85,88,129,130,131" machi="131" ten="40,8000,1" yaku="1,1,2,1,19,1,54,1,53,0" doraHai="105" doraHaiUra="93" who="3" fromWho="1" sc="250,0,186,-80,263,0,291,90" /><INIT seed="3,0,0,2,0,122" ten="250,106,263,381" oya="3" hai0="56,101,36,90,5,57,79,100,92,28,114,6,55" hai1="69,65,117,29,34,20,131,110,67,3,2,30,47" hai2="7,87,104,121,53,17,24,129,64,19,48,45,94" hai3="118,78,135,8,41,109,52,27,126,71,72,51,106"/><W124/><G106/><T60/><D36/><U37/><E117/><V99/><F121/><W13/><G118/><T0/><D114/><U119/><E119/><V91/><F129/><W16/><G135/><T105/><D105/><U83/><E131/><V113/><F113/><W108/><G71/><T102/><D79/><U62/><E83/><V96/><F104/><W49/><G41/><T85/><D0/><U80/><E80/><V21/><F7/><W84/><G72/><T133/><D133/><U43/><E20/><N who="2" m="13327" /><F64/><W123/><G27/><AGARI ba="0,0" hai="19,21,27,45,48,53,87,91,94,96,99" m="13327" machi="27" ten="30,1000,0" yaku="8,1" doraHai="122" who="2" fromWho="3" sc="250,0,106,0,263,10,381,-10" owari="250,-15.0,106,-39.4,273,7.3,371,47.1" /></mjloggm>