<mjloggm ver="2.3"><GO type="225" lobby="0"/><UN n0="%E5%B8%86%E7%AB%8B%E5%A4%8F%E8%A1%A3" n1="%46%65%6D%69%72%69%6E%73" n2="%72%65%6E%6B%75%6E" n3="%E3%82%B2%E3%82%B9%E8%8C%82%E5%8B%9D" dan="17,16,17,16" rate="2251.78,2148.24,2182.65,2114.37" sx="M,M,M,F"/><TAIKYOKU oya="0"/><INIT seed="0,0,0,4,2,89" ten="250,250,250,250" oya="0" hai0="42,22,135,36,95,73,117,43,47,97,79,33,9" hai1="115,25,122,41,132,102,2,54,119,50,74,66,77" hai2="21,53,14,18,52,94,109,78,88,10,23,16,107" hai3="28,65,91,40,129,0,44,110,100,7,12,93,116"/><T61/><D135/><U8/><E119/><V60/><F109/><W11/><G116/><T57/><D117/><U64/><E122/><V30/><F107/><W90/><G110/><T34/><D43/><U86/><E74/><V39/><F39/><W46/><G129/><T125/><D125/><U15/><E2/><V112/><F112/><W133/><G133/><T59/><D73/><U92/><E115/><V72/><F72/><W26/><G65/><T67/><D79/><U99/><E25/><N who="2" m="16703" /><F78/><W104/><G0/><T128/><D128/><U58/><E41/><V105/><F105/><W114/><G114/><T120/><D120/><U5/><E132/><V19/><F60/><W35/><G104/><T24/><D9/><U84/><E84/><N who="2" m="52487" /><F21/><W108/><G108/><T87/><D87/><U83/><AGARI ba="0,0" hai="5,8,15,50,54,58,64,66,77,83,86,92,99,102" machi="83" ten="30,4000,0" yaku="0,1,8,1,52,1" doraHai="89" who="1" fromWho="1" sc="250,-20,250,40,250,-10,250,-10" /><INIT seed="1,0,0,3,5,117" ten="230,290,240,240" oya="1" hai0="78,110,24,35,16,79,108,38,115,122,105,73,76" hai1="20,81,125,34,106,121,113,51,45,56,118,52,47" hai2="14,7,82,69,10,77,31,41,5,97,80,19,75" hai3="61,133,91,71,39,50,112,74,59,93,84,17,49"/><U83/><E34/><V60/><F41/><W72/><G133/><T23/><D115/><U129/><E106/><V94/><F31/><W127/><G127/><T68/><D68/><U4/><E118/><V66/><REACH who="2" step="1"/><F80/><REACH who="2" ten="230,290,230,240" step="2"/><W130/><G112/><T126/><D126/><U53/><E125/><V57/><F57/><W88/><G71/><T9/><D38/><U90/><E83/><V40/><F40/><W109/><G39/><T128/><D35/><U12/><E56/><V43/><F43/><W32/><G32/><T104/><D73/><U42/><E42/><V55/><F55/><W62/><G74/><T86/><D128/><U33/><E33/><V25/><F25/><W134/><G72/><T46/><D46/><U3/><E53/><V6/><F6/><W63/><G130/><T22/><D110/><U13/><E47/><V67/><F67/><W8/><G134/><T119/><D108/><U96/><E81/><V85/><F85/><N who="3" m="52367" /><G109/><T107/><D119/><U87/><E87/><V111/><F111/><W44/><G59/><T30/><D86/><U135/><E135/><V114/><F114/><W98/><G44/><T89/><D30/><U21/><E113/><V123/><F123/><W124/><G124/><T26/><D122/><U29/><E121/><V1/><F1/><W102/><G84/><T70/><D70/><U100/><E3/><V95/><F95/><N who="3" m="56703" /><G102/><AGARI ba="0,1" hai="5,7,10,14,19,60,66,69,75,77,82,94,97,102" machi="102" ten="30,3900,0" yaku="1,1,7,1,53,1" doraHai="117" doraHaiUra="64" who="2" fromWho="3" sc="230,0,290,0,230,49,240,-39" /><INIT seed="2,0,0,5,3,48" ten="230,290,279,201" oya="2" hai0="106,46,43,61,20,91,134,22,2,38,16,98,24" hai1="74,31,37,4,120,35,21,69,126,30,110,83,123" hai2="10,5,131,12,64,115,124,109,28,19,86,107,13" hai3="33,92,78,99,39,26,125,57,23,112,116,1,77"/><V117/><F107/><W128/><G125/><T113/><D134/><U56/><E69/><V96/><F117/><W71/><G71/><T132/><D132/><U119/><E119/><V65/><F115/><W55/><G128/><T9/><D113/><U130/><E37/><V105/><F124/><W90/><G116/><T0/><D9/><U62/><E126/><V85/><F131/><W114/><G33/><T102/><D91/><U60/><E60/><V40/><F40/><W58/><G39/><T44/><D44/><U32/><E4/><V45/><F28/><N who="1" m="10793" /><E21/><V73/><F73/><W68/><G1/><T111/><D111/><U95/><E95/><V52/><F96/><W67/><G68/><T17/><REACH who="0" step="1"/><D61/><REACH who="0" ten="220,290,279,201" step="2"/><U49/><E62/><V129/><F109/><W101/><G112/><T7/><D7/><U41/><E110/><V118/><F118/><W94/><G114/><T89/><D89/><U54/><E130/><V100/><F129/><W82/><G78/><T29/><D29/><U88/><E88/><V84/><F100/><W50/><G77/><T59/><D59/><U76/><E41/><V15/><F105/><W25/><G82/><T34/><D34/><U97/><E97/><V27/><F5/><W80/><G80/><T6/><D6/><U108/><E108/><V79/><F79/><W3/><G3/><T51/><D51/><U63/><E49/><N who="2" m="28719" /><F10/><W93/><G23/><AGARI ba="0,1" hai="12,13,15,19,23,27,64,65,84,85,86" m="28719" machi="23" ten="30,5800,0" yaku="8,1,52,1,54,1" doraHai="48" who="2" fromWho="3" sc="220,0,290,0,279,68,201,-58" /><INIT seed="2,1,0,1,3,113" ten="220,290,347,143" oya="2" hai0="44,12,90,79,83,46,108,121,9,63,131,41,80" hai1="66,53,86,93,99,104,38,119,109,52,128,67,39" hai2="32,120,31,26,70,103,75,125,13,51,18,85,98" hai3="11,42,74,6,62,49,0,30,1,28,61,72,89"/><V97/><F75/><W118/><G118/><T3/><D108/><U34/><E34/><V2/><F2/><W129/><G129/><T95/><D131/><U10/><E128/><V116/><F120/><W117/><G117/><T77/><D121/><U100/><E109/><V50/><F116/><W78/><G89/><T134/><D3/><U106/><E119/><V15/><F70/><W88/><G88/><T123/><D134/><U126/><E10/><V110/><F125/><W36/><G49/><T57/><D123/><U94/><E86/><V71/><F71/><W82/><G72/><T35/><D35/><U130/><E130/><V29/><F29/><W112/><G112/><T101/><D101/><U68/><E68/><V5/><F85/><W105/><G105/><T132/><D132/><U115/><E115/><V84/><F84/><W22/><G0/><T54/><D83/><U47/><E100/><V4/><F18/><W122/><G122/><T7/><D80/><U127/><REACH who="1" step="1"/><E47/><REACH who="1" ten="220,280,347,143" step="2"/><V92/><F110/><W102/><G102/><T33/><D33/><U59/><E59/><V69/><F69/><W14/><G30/><T37/><REACH who="0" step="1"/><D46/><REACH who="0" ten="210,280,347,143" step="2"/><U23/><E23/><V133/><F32/><W40/><G22/><T19/><D19/><U24/><E24/><V124/><F26/><W45/><G28/><T27/><D27/><U48/><E48/><V21/><F50/><N who="3" m="26919" /><G14/><T17/><D17/><U16/><E16/><V73/><F15/><W87/><G74/><T25/><D25/><U60/><E60/><N who="3" m="23146" /><G36/><T135/><D135/><U114/><E114/><V55/><F133/><RYUUKYOKU ba="1,2" sc="210,10,280,10,347,-30,143,10" hai0="7,9,12,37,41,44,54,57,63,77,79,90,95" hai1="38,39,52,53,66,67,93,94,99,104,106,126,127" hai3="1,6,11,42,78,82,87" /><INIT seed="3,2,2,4,2,48" ten="220,290,317,153" oya="3" hai0="82,89,6,62,29,125,105,115,129,94,65,16,104" hai1="113,44,41,60,80,31,61,97,52,5,40,85,111" hai2="15,30,130,100,3,1,86,93,99,79,43,78,103" hai3="88,70,20,77,117,68,64,102,0,39,110,49,107"/><W91/><G39/><T135/><D6/><U133/><E113/><V38/><F130/><W50/><G0/><T116/><D29/><U120/><E120/><V63/><F30/><W22/><G117/><T35/><D35/><U51/><E111/><V17/><F103/><W98/><G110/><T132/><D116/><U26/><E5/><V106/><F78/><W75/><G77/><T95/><D115/><U11/><E11/><V55/><F43/><N who="1" m="16457" /><E133/><N who="0" m="51273" /><D125/><U27/><E97/><V4/><F4/><W121/><G75/><T18/><D82/><U128/><E128/><V112/><F38/><W42/><G121/><T131/><D95/><U9/><E9/><V34/><F34/><W84/><G91/><T74/><D74/><U57/><E31/><V58/><F112/><W46/><G50/><T134/><N who="0" m="51281" /><T54/><DORA hai="114" /><D94/><U37/><E37/><V109/><F109/><W122/><G122/><T87/><D87/><U33/><E33/><V66/><F106/><N who="0" m="41066" /><D89/><N who="1" m="51367" /><E61/><V96/><F96/><W19/><G64/><AGARI ba="2,2" hai="26,27,44,51,52,57,60,64" m="51367,16457" machi="64" ten="30,3900,0" yaku="8,1,52,1,54,1" doraHai="48,114" who="1" fromWho="3" sc="220,0,290,65,317,0,153,-45" owari="220,-18.0,355,45.5,317,11.7,108,-39.2" /></mjloggm>