<mjloggm ver="2.3"><GO type="225" lobby="0"/><UN n0="%E3%80%90%E3%83%88%E3%83%AA%E3%83%A5%E3%83%95%E3%80%91" n1="%E3%81%90%E3%81%A1%E3%82%84%E3%81%BE" n2="%E5%8D%A0%E3%81%84%E5%B8%AB%E8%A3%8F%E3%81%AA%E3%81%84%E3%81%97" n3="%72%69%6F%75%63%68%61%6E" dan="16,16,17,16" rate="2100.02,2132.74,2177.10,2186.24" sx="M,M,M,M"/><TAIKYOKU oya="0"/><INIT seed="0,0,0,5,2,97" ten="250,250,250,250" oya="0" hai0="28,96,4,9,119,94,34,27,11,71,102,66,72" hai1="76,101,22,18,5,44,107,115,21,52,85,56,43" hai2="132,120,103,17,74,75,19,1,125,41,87,30,67" hai3="23,69,108,38,88,73,20,14,105,35,89,47,129"/><T45/><D119/><U114/><E5/><V2/><F120/><W82/><G35/><T48/><D72/><U91/><E76/><V53/><F41/><W42/><G108/><T112/><D112/><N who="1" m="43051" /><E18/><V135/><F87/><W16/><G129/><T15/><D11/><U80/><E44/><V98/><F67/><W10/><G69/><T128/><D128/><U3/><E43/><V116/><F98/><W7/><G105/><T122/><D122/><U86/><E86/><V127/><F53/><W50/><G50/><T100/><D71/><U78/><E78/><V65/><F65/><W84/><G73/><N who="2" m="27657" /><F30/><W123/><G123/><T109/><D109/><U117/><E3/><N who="2" m="1035" /><F103/><W90/><REACH who="3" step="1"/><G23/><REACH who="3" ten="250,250,250,240" step="2"/><N who="0" m="15487" /><D66/><U49/><E117/><V131/><F116/><W93/><G93/><T58/><D34/><U95/><E107/><V77/><F131/><W121/><G121/><T68/><D68/><U31/><E31/><V99/><F77/><W130/><G130/><T70/><D70/><U64/><E21/><V63/><F63/><W111/><G111/><T62/><D62/><U55/><E22/><V24/><F127/><W37/><G37/><T106/><D106/><U59/><E49/><V79/><F125/><W26/><AGARI ba="0,1" hai="7,10,14,16,20,26,38,42,47,82,84,88,89,90" machi="26" ten="20,12000,2" yaku="1,1,0,1,7,1,54,2,53,1" doraHai="97" doraHaiUra="12" who="3" fromWho="3" sc="250,-60,250,-30,250,-30,240,130" /><INIT seed="1,0,0,4,1,54" ten="190,220,220,370" oya="1" hai0="38,60,105,92,110,127,79,2,77,19,88,11,12" hai1="83,30,73,116,34,35,24,124,113,101,118,47,17" hai2="50,111,56,78,42,3,115,72,132,117,29,27,86" hai3="39,67,53,108,90,114,65,80,23,123,84,59,97"/><U135/><E101/><V5/><F117/><W119/><G108/><T128/><D110/><U91/><E73/><V20/><F111/><W64/><G123/><T129/><D105/><U52/><E113/><V4/><F72/><W22/><G114/><T81/><D38/><U82/><E124/><V57/><F115/><W61/><G119/><T104/><D104/><U130/><E35/><V25/><F132/><W95/><REACH who="3" step="1"/><G39/><REACH who="3" ten="190,220,220,360" step="2"/><T76/><D127/><U103/><E118/><V1/><F1/><W100/><AGARI ba="0,1" hai="22,23,53,59,61,64,65,67,80,84,90,95,97,100" machi="100" ten="30,8000,1" yaku="1,1,2,1,0,1,8,1,52,1,53,0" doraHai="54" doraHaiUra="102" who="3" fromWho="3" sc="190,-20,220,-40,220,-20,360,90" /><INIT seed="2,0,0,2,3,116" ten="170,180,200,450" oya="2" hai0="65,131,114,23,57,24,31,85,134,112,59,62,97" hai1="21,80,9,30,90,45,121,91,108,127,118,37,19" hai2="86,123,46,26,106,17,20,41,61,101,47,51,14" hai3="29,122,113,98,2,119,124,6,76,82,96,83,27"/><V74/><F74/><W120/><G119/><T13/><D131/><U133/><E118/><V7/><F106/><W132/><G124/><T68/><D134/><U89/><E133/><V104/><F104/><W109/><G132/><T110/><D110/><U44/><E108/><V115/><F115/><W39/><G109/><T48/><D97/><U38/><E127/><V70/><F123/><N who="3" m="47147" /><G82/><T129/><D129/><U100/><E121/><V111/><F111/><W125/><G125/><T71/><D85/><U5/><E30/><V15/><F101/><W16/><G16/><T42/><D13/><N who="1" m="5295" /><E38/><V87/><F14/><W54/><G54/><T99/><D99/><U92/><E37/><V36/><F70/><W88/><G88/><N who="1" m="33898" /><E80/><V130/><F61/><W135/><G135/><T34/><D34/><U102/><E102/><V56/><F56/><W72/><G96/><T78/><D78/><U79/><E79/><V69/><F69/><W25/><G25/><T128/><D128/><U52/><E52/><V0/><F130/><W40/><G98/><T95/><D95/><U3/><E100/><V93/><F93/><W64/><G64/><T43/><D114/><U18/><E3/><V8/><F0/><W84/><G84/><T32/><D32/><U67/><E67/><V28/><F28/><W81/><G81/><T94/><D94/><U12/><E18/><V73/><F73/><W50/><G113/><T126/><D126/><U63/><E63/><V4/><F4/><W60/><G6/><T66/><D112/><U22/><E22/><V49/><F36/><W75/><G39/><RYUUKYOKU ba="0,0" sc="170,-15,180,15,200,15,450,-15" hai1="12,19,21,44,45,91,92" hai2="7,8,15,17,20,26,41,46,47,49,51,86,87" /><INIT seed="2,1,0,4,0,63" ten="155,195,215,435" oya="2" hai0="82,72,69,124,17,56,26,100,28,18,2,97,111" hai1="41,11,13,83,68,121,101,65,19,31,96,32,75" hai2="51,95,67,105,24,43,45,48,7,6,40,71,84" hai3="89,4,3,92,54,1,116,133,90,125,64,113,114"/><V119/><F105/><W16/><G116/><T123/><D111/><U60/><E41/><V37/><F119/><W77/><G125/><T10/><D124/><U44/><E44/><N who="2" m="25607" /><F37/><W58/><G133/><T93/><D69/><U66/><E121/><V107/><F107/><W39/><G39/><T25/><D123/><U34/><E31/><V80/><F71/><W112/><G77/><T36/><D36/><U94/><REACH who="1" step="1"/><E66/><REACH who="1" ten="155,185,215,435" step="2"/><V50/><F67/><W135/><G64/><T131/><D131/><U99/><E99/><V49/><F45/><W117/><G117/><T12/><D56/><U9/><E9/><V5/><F43/><W21/><G135/><T59/><D59/><U55/><E55/><V87/><F80/><W81/><G81/><T88/><D72/><U46/><E46/><V73/><F73/><W128/><G128/><T14/><D28/><U76/><AGARI ba="1,1" hai="11,13,19,32,34,60,65,68,75,76,83,94,96,101" machi="76" ten="30,4000,0" yaku="1,1,0,1,52,1,53,0" doraHai="63" doraHaiUra="70" who="1" fromWho="1" sc="155,-11,185,53,215,-21,435,-11" /><INIT seed="3,0,0,2,1,16" ten="144,238,194,424" oya="3" hai0="87,43,17,99,53,19,33,54,56,68,94,93,82" hai1="65,63,52,34,3,61,9,57,135,10,129,49,123" hai2="96,30,132,90,77,101,120,44,5,105,38,116,117" hai3="119,86,131,60,70,28,62,100,69,97,40,75,24"/><W7/><G119/><T0/><D68/><U112/><E123/><V41/><F120/><W91/><G75/><T80/><D33/><U115/><E34/><V130/><F130/><W4/><G40/><T81/><D0/><U95/><E129/><V74/><F90/><W25/><G69/><T72/><D72/><U35/><E35/><V23/><F132/><W76/><G76/><T6/><D43/><U92/><E135/><V14/><F5/><N who="3" m="2123" /><G131/><T121/><D121/><U67/><E57/><V113/><F14/><W46/><G46/><T66/><D6/><U78/><E49/><V84/><F84/><W107/><G107/><T13/><D17/><U18/><E18/><V127/><F127/><W122/><G122/><T58/><D87/><U11/><E11/><V36/><F36/><W8/><G8/><T89/><D94/><U125/><E78/><V64/><F41/><W39/><G39/><T48/><D66/><U22/><E125/><V15/><F64/><W109/><G109/><T124/><D124/><U114/><E114/><V47/><F113/><W32/><G32/><T59/><REACH who="0" step="1"/><D48/><REACH who="0" ten="134,238,194,424" step="2"/><U133/><E67/><V79/><F74/><W106/><G70/><T71/><D71/><U1/><E65/><V103/><F117/><W128/><G128/><T26/><D26/><U102/><E133/><V85/><F116/><W118/><G24/><T31/><D31/><U42/><E42/><V27/><F30/><W50/><G28/><T98/><D98/><U51/><E1/><V20/><F96/><W12/><G97/><T134/><D134/><U29/><E29/><RYUUKYOKU ba="0,1" sc="134,30,238,-10,194,-10,424,-10" hai0="13,19,53,54,56,58,59,80,81,82,89,93,99" owari="164,-33.6,228,2.8,184,-21.6,424,52.4" /></mjloggm>