<mjloggm ver="2.3"><GO type="225" lobby="0"/><UN n0="%EF%BC%AE%EF%BC%A1%EF%BC%AF%33%33%39" n1="%E3%83%A9%E3%82%B9%E7%8E%87%EF%BC%93%E5%89%B2" n2="%E3%81%BF%E3%81%BF%E3%81%9A" n3="%E3%83%B4%E3%83%A0%EF%BC%99%E3%81%A6" dan="16,17,18,16" rate="2121.16,2214.73,2217.11,2156.54" sx="M,F,M,M"/><TAIKYOKU oya="0"/><INIT seed="0,0,0,0,4,71" ten="250,250,250,250" oya="0" hai0="60,76,63,22,19,78,28,39,53,35,119,55,3" hai1="135,123,94,100,30,117,67,73,13,111,25,81,32" hai2="110,7,38,107,104,95,57,50,113,89,41,17,62" hai3="0,33,85,93,42,26,10,40,103,5,121,88,49"/><T114/><D114/><U4/><E117/><V127/><F113/><W97/><G121/><T23/><D3/><U75/><E123/><V47/><F110/><W15/><G49/><T80/><D35/><U86/><E111/><V131/><F131/><W122/><G122/><T130/><D28/><U43/><E67/><V125/><F7/><W116/><G116/><T64/><D119/><U82/><E82/><V133/><F17/><W65/><G65/><T69/><D64/><U83/><E83/><V101/><F101/><W58/><G58/><T99/><D80/><U2/><E135/><V96/><F133/><W56/><G56/><T16/><D99/><U74/><E2/><V84/><F50/><W34/><G0/><T45/><D45/><U61/><E61/><V90/><F90/><W132/><G132/><T11/><D11/><U128/><E43/><V18/><F18/><W115/><G115/><T31/><D31/><U105/><E128/><V21/><F21/><W46/><G26/><T9/><D9/><N who="1" m="4263" /><E105/><V36/><F36/><W68/><G68/><T6/><D6/><U120/><E120/><V52/><REACH who="2" step="1"/><F84/><REACH who="2" ten="250,250,240,250" step="2"/><W112/><G112/><T102/><D130/><U51/><E51/><V1/><F1/><W129/><G129/><T134/><D134/><U79/><E100/><V29/><F29/><W12/><G33/><T37/><D69/><U124/><E74/><V44/><F44/><W20/><G46/><T87/><D102/><U118/><E75/><V27/><F27/><W91/><G34/><T77/><D77/><U106/><E118/><V66/><F66/><RYUUKYOKU ba="0,1" sc="250,15,250,-15,240,15,250,-15" hai0="16,19,22,23,37,39,53,55,60,63,76,78,87" hai2="38,41,47,52,57,62,89,95,96,104,107,125,127" /><INIT seed="0,1,1,1,2,36" ten="265,235,255,235" oya="0" hai0="62,14,51,27,88,19,61,130,0,4,133,90,25" hai1="58,119,89,82,124,100,98,128,52,134,74,39,47" hai2="6,104,94,75,129,55,135,7,48,15,24,113,53" hai3="54,95,114,46,79,18,22,60,71,31,50,28,23"/><T125/><D0/><U120/><E119/><V40/><F113/><W65/><G114/><T121/><D121/><U81/><E120/><V32/><F104/><W21/><G79/><T43/><D4/><N who="2" m="1578" /><F32/><W101/><REACH who="3" step="1"/><G18/><REACH who="3" ten="265,235,255,225" step="2"/><T33/><D133/><U93/><E134/><V5/><F135/><W66/><G66/><T127/><D130/><U91/><E128/><V116/><F129/><W69/><G69/><T1/><D1/><U41/><E124/><V73/><F116/><W68/><G68/><T70/><D70/><U49/><REACH who="1" step="1"/><E74/><REACH who="1" ten="265,225,255,225" step="2"/><V45/><F73/><W3/><G3/><T110/><D127/><U11/><E11/><N who="2" m="4591" /><F75/><W77/><G77/><T38/><D125/><U37/><E37/><V131/><F131/><W85/><G85/><T26/><D38/><U117/><E117/><V109/><F109/><W111/><G111/><T12/><D110/><U44/><E44/><V10/><F10/><W97/><AGARI ba="1,3" hai="21,22,23,28,31,46,50,54,60,65,71,95,97,101" machi="97" ten="30,2000,0" yaku="1,1,0,1,53,0" doraHai="36" doraHaiUra="83" who="3" fromWho="3" sc="265,-11,225,-6,255,-6,225,53" /><INIT seed="1,0,0,0,1,8" ten="254,219,249,278" oya="1" hai0="36,97,110,72,85,7,69,107,35,125,0,124,91" hai1="20,58,88,40,86,100,131,6,43,68,60,115,17" hai2="62,108,56,132,5,9,126,54,21,47,103,14,93" hai3="121,57,28,52,18,113,74,11,106,50,80,111,73"/><U92/><E115/><V67/><F108/><W116/><G121/><T44/><D35/><U81/><E131/><V59/><F126/><W49/><G113/><T45/><D69/><U24/><E68/><V135/><F47/><W22/><G106/><T23/><D72/><U61/><E6/><V27/><F103/><W26/><G111/><T75/><D75/><U95/><E60/><V112/><F93/><W84/><G116/><T38/><D110/><U32/><E32/><V19/><REACH who="2" step="1"/><F112/><REACH who="2" ten="254,219,239,278" step="2"/><W48/><G73/><T15/><D45/><U41/><REACH who="1" step="1"/><E100/><REACH who="1" ten="254,209,239,278" step="2"/><V1/><F1/><W64/><G74/><T34/><D0/><U89/><E89/><V3/><F3/><W87/><G64/><AGARI ba="0,2" hai="17,20,24,40,41,43,58,61,64,81,86,88,92,95" machi="64" ten="40,12000,1" yaku="1,1,8,1,54,1,53,1" doraHai="8" doraHaiUra="79" who="1" fromWho="3" sc="254,0,209,140,239,0,278,-120" /><INIT seed="1,1,0,0,5,78" ten="254,349,239,158" oya="1" hai0="130,13,41,27,32,105,79,115,131,16,15,81,30" hai1="23,5,114,63,4,64,120,124,19,111,62,1,98" hai2="10,129,24,28,59,8,22,70,125,128,85,12,9" hai3="42,134,106,95,112,97,104,11,51,76,73,56,6"/><U45/><E114/><V117/><F70/><W77/><G112/><T93/><D105/><U119/><E119/><V60/><F117/><W99/><G134/><T90/><D41/><U89/><E120/><V58/><F125/><W108/><G108/><T100/><D100/><U110/><E124/><V37/><F37/><W82/><G77/><T103/><D103/><U83/><E1/><V34/><F85/><W86/><G97/><T94/><D115/><U67/><E45/><V121/><F121/><W126/><G73/><T113/><D113/><U102/><E102/><V48/><F48/><W29/><G29/><T14/><D90/><U39/><E39/><V57/><F60/><W25/><G25/><T123/><D123/><U75/><E75/><V96/><F96/><W133/><G133/><T18/><D93/><U46/><E46/><V17/><AGARI ba="1,0" hai="8,9,10,12,17,22,24,28,34,57,58,59,128,129" machi="17" ten="40,1500,0" yaku="0,1" doraHai="78" who="2" fromWho="2" sc="254,-5,349,-8,239,18,158,-5" /><INIT seed="2,0,0,3,5,46" ten="249,341,257,153" oya="2" hai0="52,42,135,97,111,30,62,96,22,38,128,57,87" hai1="14,122,94,29,26,33,44,66,112,13,58,25,59" hai2="48,23,74,24,63,103,71,90,7,124,79,6,4" hai3="53,120,39,76,20,41,60,108,117,119,70,118,31"/><V77/><F124/><W132/><G76/><T12/><D38/><U47/><E112/><V43/><F103/><W101/><G101/><T114/><D114/><U15/><E122/><V107/><F107/><W69/><G20/><T98/><D42/><U88/><E26/><V82/><F71/><N who="3" m="27147" /><G31/><T92/><D111/><U36/><E36/><V134/><F134/><W129/><G120/><T9/><D135/><U1/><E1/><V34/><F34/><W86/><G86/><T106/><D106/><U5/><E5/><V64/><F64/><W3/><G3/><T80/><D128/><U19/><E19/><V110/><F110/><W131/><G132/><T21/><D92/><U18/><E18/><V40/><F79/><W49/><G60/><T28/><D28/><U72/><E72/><V65/><F90/><W10/><G10/><T125/><D125/><U91/><E94/><V78/><F77/><W67/><G67/><T68/><D68/><U115/><E15/><V100/><F100/><W37/><G108/><T133/><D30/><U81/><E66/><V99/><F99/><W11/><G11/><T84/><D133/><U55/><E29/><N who="2" m="17567" /><F63/><W105/><G105/><T89/><REACH who="0" step="1"/><D84/><REACH who="0" ten="239,341,257,153" step="2"/><U51/><E33/><V113/><F113/><W35/><G35/><T121/><D121/><U50/><E115/><V61/><F65/><W32/><G32/><T102/><D102/><U83/><E25/><V17/><F61/><W123/><G123/><T75/><D75/><U130/><E83/><V93/><F93/><W56/><G37/><T95/><D95/><U104/><E81/><RYUUKYOKU ba="0,1" sc="239,15,341,-15,257,-15,153,15" hai0="9,12,21,22,52,57,62,80,87,89,96,97,98" hai3="39,41,49,53,56,117,118,119,129,131" /><INIT seed="3,1,1,5,5,26" ten="254,326,242,168" oya="3" hai0="38,17,40,39,97,132,59,114,73,70,30,118,119" hai1="76,28,98,4,111,99,36,126,88,27,9,125,82" hai2="10,102,104,52,71,117,48,67,5,60,106,37,15" hai3="65,1,44,100,62,75,130,121,2,80,8,109,19"/><W120/><G130/><T61/><D73/><U43/><E88/><V84/><F117/><W24/><G100/><T47/><D39/><U68/><E68/><V74/><F74/><W6/><G1/><T45/><D45/><N who="1" m="23783" /><E111/><V16/><F102/><W110/><G44/><T46/><D46/><U128/><E128/><V79/><F37/><W131/><G131/><T87/><D17/><U113/><E113/><V21/><F79/><N who="3" m="44159" /><G19/><T11/><D11/><U92/><E92/><V57/><REACH who="2" step="1"/><F84/><REACH who="2" ten="254,326,232,168" step="2"/><W31/><G121/><T7/><D87/><U107/><E76/><V58/><F58/><W129/><G120/><T41/><D70/><U91/><E99/><V83/><F83/><W81/><G81/><T66/><D97/><U64/><E82/><V69/><F69/><N who="3" m="42167" /><G129/><T25/><D114/><U90/><E98/><V32/><F32/><AGARI ba="1,2" hai="2,6,8,24,31,32,109,110" m="42167,44159" machi="32" ten="30,2900,0" yaku="23,1,52,1" doraHai="26" who="3" fromWho="2" sc="254,0,326,0,232,-32,168,52" /><INIT seed="3,2,0,1,1,4" ten="254,326,200,220" oya="3" hai0="1,134,101,2,0,7,18,60,75,41,114,132,70" hai1="73,6,88,19,94,63,86,118,13,100,77,31,104" hai2="51,33,45,91,128,54,48,103,21,81,116,61,74" hai3="29,67,34,117,25,78,106,9,68,119,80,64,121"/><W124/><G121/><T122/><D75/><U5/><E31/><V110/><F33/><W72/><G124/><T10/><D41/><U92/><E118/><V125/><F116/><W23/><G106/><T27/><D101/><U135/><E135/><N who="0" m="51753" /><D60/><U62/><E77/><V22/><F125/><W126/><G126/><T3/><D70/><U49/><E49/><V24/><F110/><W79/><G64/><T37/><D37/><U20/><E73/><V28/><F128/><W83/><G23/><N who="0" m="13815" /><D114/><U58/><E63/><V98/><F21/><W11/><G119/><T66/><D66/><N who="1" m="39255" /><E104/><V12/><F61/><W112/><G117/><T36/><D36/><U71/><E71/><V97/><F51/><W108/><G112/><T40/><D40/><U120/><E120/><AGARI ba="2,0" hai="0,1,2,3,7,10,120,122" m="13815,51753" machi="120" ten="40,8000,1" yaku="20,1,34,2,52,1" doraHai="4" who="0" fromWho="1" sc="254,86,326,-86,200,0,220,0" owari="340,44.0,240,4.0,200,-30.0,220,-18.0" /></mjloggm>