<mjloggm ver="2.3"><GO type="225" lobby="0"/><UN n0="%77%72%77%72%77%72%77%72" n1="%33%74%72%65%65" n2="%E5%91%A8%E6%9D%B1" n3="%E3%80%93%E3%81%97%E3%83%BC%E3%82%89%E3%80%93" dan="17,17,17,16" rate="2143.97,2189.50,2180.31,2226.13" sx="M,F,M,M"/><TAIKYOKU oya="0"/><INIT seed="0,0,0,5,1,45" ten="250,250,250,250" oya="0" hai0="79,130,101,113,110,72,34,105,36,63,50,102,44" hai1="42,21,4,40,76,114,30,109,31,112,10,93,23" hai2="115,96,60,133,127,52,43,107,65,135,124,6,126" hai3="58,85,91,46,97,20,99,70,119,48,106,7,39"/><T8/><D113/><N who="1" m="43627" /><E76/><V38/><F115/><W80/><G70/><T64/><D36/><U83/><E83/><V41/><F6/><W54/><G119/><T32/><D130/><U94/><E109/><V11/><F11/><W89/><G106/><T51/><D110/><U81/><E81/><V98/><F107/><W117/><G117/><T134/><D134/><N who="2" m="51210" /><F38/><W27/><G7/><T0/><D72/><U53/><E53/><V13/><F13/><W14/><G14/><T116/><D116/><U2/><E23/><V121/><F121/><W66/><G89/><T104/><D79/><U108/><E108/><V95/><F98/><W61/><REACH who="3" step="1"/><G39/><REACH who="3" ten="250,250,250,240" step="2"/><T88/><D88/><U1/><E4/><V78/><F78/><W55/><G55/><T100/><D0/><U82/><E2/><V131/><F131/><W33/><G33/><T77/><D77/><U29/><E1/><V67/><F67/><W3/><G3/><T12/><D32/><U26/><E40/><V24/><F24/><W28/><AGARI ba="0,1" hai="20,27,28,46,48,54,58,61,66,80,85,91,97,99" machi="28" ten="20,8000,1" yaku="1,1,0,1,7,1,8,1,52,1,53,0" doraHai="45" doraHaiUra="122" who="3" fromWho="3" sc="250,-40,250,-20,250,-20,240,90" /><INIT seed="1,0,0,1,4,85" ten="210,230,230,330" oya="1" hai0="108,46,5,110,130,50,51,2,107,89,19,63,31" hai1="29,129,14,105,88,26,52,118,115,91,120,121,124" hai2="57,12,47,62,9,18,81,119,60,54,114,23,68" hai3="79,27,7,40,86,39,90,20,125,36,75,104,96"/><U77/><E115/><V21/><F119/><W13/><G125/><T35/><D107/><U93/><E118/><V117/><F117/><W34/><G40/><T66/><D130/><U126/><E105/><V4/><F114/><W15/><G34/><T28/><D19/><U43/><E129/><V106/><F106/><W97/><G75/><T0/><D5/><U131/><E131/><V10/><F47/><W17/><G79/><T48/><D46/><U76/><E43/><V87/><F62/><W64/><G64/><T112/><D112/><U73/><E14/><V38/><F68/><W100/><G96/><T116/><D116/><U70/><E70/><V8/><F38/><W33/><G15/><T37/><D37/><U11/><E11/><N who="2" m="4171" /><F4/><W98/><G98/><T74/><D74/><U113/><E113/><V65/><F65/><W101/><G101/><T59/><D89/><AGARI ba="0,0" hai="10,12,18,21,23,54,57,60,81,87,89" m="4171" machi="89" ten="30,2000,0" yaku="8,1,52,1" doraHai="85" who="2" fromWho="0" sc="210,-20,230,0,230,20,330,0" /><INIT seed="2,0,0,2,3,64" ten="190,230,250,330" oya="2" hai0="3,79,18,126,63,100,134,43,130,118,50,9,104" hai1="132,117,96,88,42,129,84,29,19,44,7,112,26" hai2="87,46,78,21,115,125,119,85,93,94,17,6,83" hai3="60,55,67,54,101,135,5,128,77,35,20,52,15"/><V59/><F119/><W13/><G35/><T113/><D113/><U103/><E117/><V11/><F115/><W27/><G128/><T108/><D118/><U30/><E112/><V95/><F125/><W82/><G101/><T110/><D126/><U10/><E129/><V4/><F46/><W48/><G48/><T57/><D130/><U16/><E132/><V23/><F87/><N who="3" m="48591" /><G5/><T111/><D134/><U2/><E96/><V58/><F6/><W25/><G135/><T56/><D79/><U106/><E106/><V32/><F32/><W86/><G86/><T41/><D3/><U81/><E103/><V98/><F98/><W61/><G27/><T8/><D100/><U62/><E62/><N who="3" m="24170" /><G67/><T12/><D104/><U37/><E30/><AGARI ba="0,0" hai="13,15,20,25,30,52,54,55" m="24170,48591" machi="30" ten="30,2000,0" yaku="8,1,54,1" doraHai="64" who="3" fromWho="1" sc="190,0,230,-20,250,0,330,20" /><INIT seed="3,0,0,2,0,7" ten="190,210,250,350" oya="3" hai0="96,60,54,0,35,80,100,3,125,98,119,50,103" hai1="28,73,93,79,1,24,97,36,113,99,105,16,40" hai2="127,77,92,64,43,41,129,133,135,8,14,45,90" hai3="83,130,10,55,75,19,49,68,57,121,128,70,72"/><W71/><G121/><T12/><D119/><U30/><E113/><V51/><F127/><W22/><G10/><T131/><D125/><U117/><E117/><V74/><F129/><N who="3" m="49771" /><G83/><T63/><D131/><U31/><E1/><V42/><F64/><W67/><G67/><T32/><D12/><AGARI ba="0,0" hai="12,19,22,49,55,57,68,70,71,72,75" m="49771" machi="12" ten="40,2000,0" yaku="19,1" doraHai="7" who="3" fromWho="0" sc="190,-20,210,0,250,0,350,20" owari="170,-33.0,210,-19.0,250,5.0,370,47.0" /></mjloggm>