<mjloggm ver="2.3"><GO type="225" lobby="0"/><UN n0="%72%61%6B%33" n1="%E6%A1%9C%E8%8A%B1%E9%96%83%E3%80%85" n2="%E6%97%A5%E6%9B%9C%E6%97%A5%E3%82%88%E3%82%8A%E3%81%AE%E4%BD%BF%E8%80%85" n3="%E7%AB%8B%E8%8A%B1%E9%9F%BF" dan="16,17,17,17" rate="2142.74,2152.09,2229.27,2208.66" sx="M,M,M,F"/><TAIKYOKU oya="0"/><INIT seed="0,0,0,2,1,113" ten="250,250,250,250" oya="0" hai0="89,96,103,97,84,79,95,102,47,80,119,99,125" hai1="78,21,72,128,19,83,114,101,77,18,133,111,104" hai2="3,48,43,13,118,132,49,41,7,10,120,25,17" hai3="92,94,134,23,0,61,110,88,123,127,46,39,121"/><T109/><D47/><U131/><E114/><V32/><F120/><N who="3" m="46155" /><G0/><T45/><D45/><U126/><E111/><V64/><F64/><W12/><G110/><T28/><D28/><U36/><E36/><V59/><F132/><W67/><G134/><T74/><D109/><U4/><E133/><V112/><F112/><W90/><G127/><T117/><D125/><U87/><E4/><V29/><F118/><AGARI ba="0,0" hai="74,79,80,84,89,95,96,97,99,102,103,117,118,119" machi="118" ten="40,18000,2" yaku="34,3,52,3" doraHai="113" who="0" fromWho="2" sc="250,180,250,0,250,-180,250,0" /><INIT seed="0,1,0,4,5,103" ten="430,250,70,250" oya="0" hai0="0,134,105,69,42,29,71,114,25,45,109,126,75" hai1="62,96,50,124,106,86,17,5,54,19,88,73,95" hai2="108,123,61,122,21,125,2,34,46,82,63,3,93" hai3="70,22,101,121,28,35,119,14,36,60,8,112,89"/><T51/><D114/><U107/><E124/><V110/><F34/><W38/><G112/><T118/><D118/><U13/><E73/><V104/><F93/><W130/><G35/><T55/><D126/><U15/><E5/><V40/><F125/><W102/><G119/><T116/><D116/><U77/><E62/><N who="2" m="23563" /><F82/><W10/><G60/><T56/><D0/><N who="2" m="42" /><F21/><W94/><G22/><T26/><D75/><U18/><E77/><V52/><F40/><W117/><G117/><T133/><D109/><N who="2" m="42090" /><F104/><W80/><G94/><T111/><D105/><U12/><REACH who="1" step="1"/><E96/><REACH who="1" ten="430,240,70,250" step="2"/><V9/><F9/><W67/><G8/><T30/><D111/><U1/><E1/><V68/><F68/><W20/><G70/><T97/><D97/><U39/><E39/><V24/><F24/><W85/><G38/><T43/><D71/><U72/><E72/><V120/><F46/><AGARI ba="1,1" hai="12,13,15,17,18,19,46,50,54,86,88,95,106,107" machi="46" ten="40,8000,1" yaku="1,1,52,2,54,1,53,0" doraHai="103" doraHaiUra="6" who="1" fromWho="2" sc="430,0,240,93,70,-83,250,0" owari="430,53.0,333,13.3,-13,-51.3,250,-15.0" /></mjloggm>