<mjloggm ver="2.3"><GO type="225" lobby="0"/><UN n0="%E3%81%8B%E3%82%8F%E3%81%A1%E3%82%83%E3%82%93%35%38" n1="%E5%B8%86%E7%AB%8B%E5%A4%8F%E8%A1%A3" n2="%E7%99%BD%E5%80%89%E5%AF%9B%E4%B9%8B" n3="%70%68%65%6E%6F%6D%65" dan="16,17,16,16" rate="2171.08,2173.13,2123.92,2144.27" sx="M,M,M,M"/><TAIKYOKU oya="0"/><INIT seed="0,0,0,4,5,91" ten="250,250,250,250" oya="0" hai0="88,64,52,112,73,70,36,76,5,46,75,37,111" hai1="74,124,116,32,90,55,110,49,115,43,11,38,102" hai2="113,120,82,57,108,17,30,107,1,99,65,84,10" hai3="127,14,56,133,40,69,126,9,35,19,34,123,68"/><T27/><D112/><U18/><E116/><V62/><F113/><W15/><G40/><T128/><D5/><U33/><E115/><V24/><F120/><W121/><G56/><T66/><D128/><U8/><E74/><V83/><F108/><W26/><G133/><T54/><D111/><U63/><E110/><V0/><F83/><W104/><G104/><T80/><D27/><U134/><E134/><V25/><F107/><W122/><G68/><T114/><D114/><U22/><E124/><N who="3" m="47658" /><G69/><T51/><D75/><U29/><E102/><V71/><F99/><W77/><G77/><T44/><D88/><U23/><E63/><V12/><F71/><W47/><G47/><T94/><D94/><U50/><E38/><V28/><F25/><W78/><G78/><T16/><D16/><U109/><E109/><V20/><REACH who="2" step="1"/><F30/><REACH who="2" ten="250,250,240,250" step="2"/><W132/><G132/><T96/><D96/><U67/><E29/><V93/><F93/><W118/><G118/><T45/><D70/><U61/><E32/><V42/><F42/><W105/><G105/><T6/><D36/><U119/><E33/><N who="3" m="12298" /><G26/><T58/><D37/><U39/><E39/><V86/><F86/><W7/><G122/><T130/><D130/><U125/><E119/><V85/><F85/><W53/><G53/><T98/><D98/><U2/><E55/><V131/><F131/><W92/><G92/><T97/><D97/><U79/><E125/><V13/><F13/><W101/><G101/><T60/><D54/><U103/><E103/><V87/><F87/><W129/><G129/><T89/><D52/><U106/><E43/><RYUUKYOKU ba="0,1" sc="250,-15,250,-15,240,15,250,15" hai2="0,1,10,12,17,20,24,28,57,62,65,82,84" hai3="7,9,14,15,19,121,123" /><INIT seed="1,1,1,4,2,56" ten="235,235,255,265" oya="1" hai0="44,36,52,32,135,20,85,89,24,40,17,103,12" hai1="16,41,100,21,79,122,62,76,64,69,98,106,75" hai2="61,37,51,111,70,26,123,125,117,33,121,19,4" hai3="120,77,6,91,58,46,38,48,63,110,107,95,115"/><U83/><E122/><N who="2" m="46603" /><F4/><W134/><G115/><T105/><D135/><U102/><E102/><V116/><F19/><W133/><G110/><T128/><D128/><U80/><E41/><V90/><F90/><W2/><G107/><T119/><D119/><N who="2" m="45642" /><F26/><W78/><G38/><T82/><D105/><U55/><E55/><V53/><F33/><W87/><G6/><T29/><D103/><U65/><E65/><N who="2" m="41263" /><F37/><W47/><G2/><T31/><D32/><U92/><E106/><V97/><F97/><W14/><G14/><T101/><D101/><U68/><E68/><V67/><F67/><N who="3" m="39415" /><G120/><T3/><D3/><U35/><E35/><V28/><F28/><W131/><G78/><T84/><D24/><U39/><E39/><V113/><F113/><W66/><G77/><T11/><D20/><U109/><E109/><V114/><F114/><W10/><G10/><T129/><D129/><U74/><E21/><V127/><F111/><W30/><G30/><T23/><D23/><U132/><E132/><N who="3" m="50794" /><G66/><T45/><D85/><U7/><E7/><V13/><F13/><W71/><G71/><T5/><D5/><U72/><E72/><V22/><F22/><W93/><G131/><T104/><D104/><U15/><E15/><V34/><F34/><W27/><G27/><T1/><D1/><U130/><E130/><V25/><F25/><W0/><G0/><T54/><D54/><U43/><E16/><V94/><F94/><W81/><G95/><T73/><D73/><U112/><E112/><V59/><AGARI ba="1,1" hai="51,53,59,125,127" m="41263,45642,46603" machi="59" ten="40,5200,0" yaku="34,2,52,1" doraHai="56" who="2" fromWho="2" sc="235,-14,235,-27,255,65,265,-14" /><INIT seed="2,0,0,1,5,30" ten="221,208,320,251" oya="2" hai0="94,126,1,100,91,104,90,11,52,129,128,46,112" hai1="27,36,74,109,69,45,43,71,105,3,60,22,14" hai2="26,15,78,81,57,61,84,58,83,120,18,56,19" hai3="98,110,123,44,23,133,132,49,2,16,67,116,102"/><V41/><F120/><W76/><G123/><T13/><D112/><U32/><E3/><V0/><F0/><W59/><G2/><T53/><D1/><U65/><E109/><V121/><F121/><W51/><G116/><T117/><D104/><U130/><E130/><N who="0" m="50281" /><D126/><U89/><E74/><V12/><F41/><W114/><G76/><T70/><D70/><U134/><E134/><N who="3" m="51818" /><G110/><T17/><D117/><U86/><E105/><V93/><F26/><N who="3" m="14695" /><G114/><T96/><D46/><U47/><E47/><V40/><F40/><W48/><G59/><N who="2" m="22601" /><F81/><W82/><G82/><T63/><D63/><U42/><E42/><V85/><F19/><W33/><G67/><T79/><D79/><U55/><E71/><V6/><F18/><W125/><G125/><T9/><D9/><U62/><E55/><AGARI ba="0,0" hai="11,13,17,52,53,55,90,91,94,96,100" m="50281" machi="55" ten="30,2000,0" yaku="19,1,54,1" doraHai="30" who="0" fromWho="1" sc="221,20,208,-20,320,0,251,0" /><INIT seed="3,0,0,5,5,74" ten="241,188,320,251" oya="3" hai0="40,52,4,55,60,131,24,20,127,101,120,100,76" hai1="23,62,88,81,98,38,103,27,0,6,97,129,91" hai2="77,111,2,124,46,16,126,53,117,65,51,58,14" hai3="7,84,10,13,47,130,108,85,118,107,42,12,121"/><W48/><G118/><T83/><D120/><U37/><E129/><V110/><F2/><W69/><G121/><T72/><D131/><U29/><E0/><V44/><F77/><W122/><G122/><T63/><D40/><U8/><E38/><V66/><F117/><W123/><G123/><T19/><D4/><U71/><E37/><V114/><F114/><W45/><G130/><T89/><D127/><N who="2" m="48682" /><F65/><W67/><G107/><T15/><D89/><U134/><E134/><V30/><F30/><W35/><G35/><T17/><D63/><U95/><E71/><V49/><F66/><W119/><G119/><T18/><D18/><U21/><E62/><V116/><F116/><W31/><G31/><T113/><D113/><U92/><E23/><N who="2" m="11671" /><F46/><W104/><G104/><T26/><D26/><U75/><E75/><V56/><F58/><W50/><G108/><T54/><REACH who="0" step="1"/><D60/><REACH who="0" ten="231,188,320,251" step="2"/><U80/><REACH who="1" step="1"/><E91/><REACH who="1" ten="231,178,320,251" step="2"/><V102/><F111/><W22/><G69/><T36/><D36/><U115/><E115/><V39/><F110/><W11/><G67/><T59/><D59/><U105/><E105/><V94/><F39/><W61/><G61/><T112/><D112/><U99/><E99/><V78/><F56/><W132/><G132/><T135/><D135/><U57/><E57/><V79/><F51/><W28/><G48/><T109/><D109/><U33/><E33/><V93/><F49/><W41/><G42/><T9/><AGARI ba="0,2" hai="9,15,17,19,20,24,52,54,55,72,76,83,100,101" machi="9" ten="30,7900,0" yaku="1,1,0,1,52,1,54,1,53,0" doraHai="74" doraHaiUra="32" who="0" fromWho="0" sc="231,99,178,-20,320,-20,251,-39" owari="330,43.0,158,-34.2,300,10.0,212,-18.8" /></mjloggm>