<mjloggm ver="2.3"><GO type="225" lobby="0"/><UN n0="%E6%97%A5%E6%9B%9C%E6%97%A5%E3%82%88%E3%82%8A%E3%81%AE%E4%BD%BF%E8%80%85" n1="%E3%83%A9%E3%83%BC%E3%83%A1%E3%83%B3%E4%BA%94%E9%83%8E" n2="%E5%84%AA%40%41%42%43" n3="%E6%98%93%E5%88%A9%E8%96%A9%E4%BC%AF" dan="17,16,16,17" rate="2192.84,2064.44,2124.11,2227.32" sx="M,M,M,F"/><TAIKYOKU oya="0"/><INIT seed="0,0,0,0,0,89" ten="250,250,250,250" oya="0" hai0="100,6,76,4,118,73,92,27,103,30,56,83,128" hai1="131,51,78,82,71,115,108,135,16,121,66,61,130" hai2="8,80,122,35,75,32,129,119,134,41,114,44,9" hai3="120,99,53,81,29,57,102,104,23,116,1,86,68"/><T91/><D118/><U39/><E121/><V97/><F114/><W34/><G68/><T38/><D38/><U88/><E115/><V95/><F122/><W65/><G116/><T5/><D56/><U46/><E39/><V26/><F119/><W36/><G1/><T90/><D128/><N who="1" m="49195" /><E108/><V117/><F117/><W20/><G36/><T70/><D70/><U123/><E123/><V50/><F129/><W42/><G42/><T14/><D14/><U127/><E127/><V43/><F134/><W94/><G104/><T133/><D133/><U18/><E135/><V107/><F107/><W96/><G96/><T49/><D49/><U77/><E88/><N who="2" m="55527" /><F35/><W37/><G65/><T101/><REACH who="0" step="1"/><D92/><REACH who="0" ten="240,250,250,250" step="2"/><U22/><E51/><V84/><F41/><W112/><G37/><T105/><D105/><U93/><E93/><V126/><F126/><W110/><G120/><T60/><D60/><U98/><E61/><V132/><F132/><W79/><G112/><T59/><D59/><U109/><E71/><V21/><F75/><W17/><G110/><T125/><D125/><U24/><E109/><V19/><F32/><AGARI ba="0,1" hai="4,5,6,27,30,32,73,76,83,90,91,100,101,103" machi="32" ten="40,2000,0" yaku="1,1,53,0" doraHai="89" doraHaiUra="113" who="0" fromWho="2" sc="240,30,250,0,250,-20,250,0" /><INIT seed="0,1,0,2,1,87" ten="270,250,230,250" oya="0" hai0="3,25,27,109,110,46,18,14,9,5,71,61,115" hai1="83,31,23,85,29,0,86,117,73,28,6,13,43" hai2="118,63,81,75,52,90,119,44,39,65,135,56,47" hai3="126,70,94,7,121,104,88,40,134,35,41,105,33"/><T4/><D46/><U114/><E117/><N who="2" m="44555" /><F75/><W129/><G70/><T11/><D115/><U95/><E114/><V57/><F135/><W108/><G108/><N who="0" m="41579" /><D71/><U98/><E73/><V19/><F19/><W92/><G134/><T17/><D61/><U84/><E0/><V2/><F2/><W82/><G7/><T122/><D122/><U74/><E43/><N who="2" m="22655" /><F81/><W24/><G129/><T54/><D54/><U132/><E132/><V113/><F90/><W89/><G82/><T66/><D66/><U133/><E133/><V123/><F113/><W12/><G12/><N who="0" m="5159" /><D18/><N who="1" m="10703" /><E6/><V15/><F15/><W91/><G121/><T55/><D55/><U111/><E111/><V103/><F103/><W50/><G50/><T67/><D67/><U131/><E131/><V127/><F123/><W30/><G35/><T130/><D130/><U36/><E74/><V68/><F127/><W32/><G126/><T106/><D106/><U125/><E125/><V51/><AGARI ba="1,0" hai="47,51,52,56,57,63,65,68" m="22655,44555" machi="51" ten="30,7900,0" yaku="12,1,34,2,54,1" doraHai="87" who="2" fromWho="2" sc="270,-40,250,-21,230,82,250,-21" /><INIT seed="1,0,0,2,4,92" ten="230,229,312,229" oya="1" hai0="94,108,104,4,34,76,43,54,31,29,17,8,102" hai1="39,52,28,19,49,100,55,38,118,21,77,35,115" hai2="67,112,106,36,68,5,56,120,45,99,51,69,40" hai3="14,61,18,22,84,114,73,122,48,57,9,80,2"/><U101/><E115/><V98/><F120/><W133/><G114/><T70/><D104/><U50/><E118/><V123/><F123/><W109/><G122/><T131/><D34/><U83/><E28/><V41/><F112/><W127/><G109/><T15/><D70/><U65/><E65/><V72/><F72/><W44/><G127/><T130/><D108/><U91/><E35/><V47/><F106/><W62/><G73/><T97/><D43/><U16/><E19/><V42/><F5/><W78/><G133/><T3/><D54/><N who="1" m="20523" /><E77/><V75/><F75/><W132/><G132/><T10/><REACH who="0" step="1"/><D76/><REACH who="0" ten="220,229,312,229" step="2"/><U30/><E39/><V124/><F42/><W90/><G78/><T121/><D121/><U27/><E38/><V129/><F36/><W85/><G57/><T87/><D87/><N who="1" m="50687" /><E30/><AGARI ba="0,1" hai="3,4,8,10,15,17,29,30,31,94,97,102,130,131" machi="30" ten="40,2600,0" yaku="1,1,52,1,53,0" doraHai="92" doraHaiUra="117" who="0" fromWho="1" sc="220,36,229,-26,312,0,229,0" /><INIT seed="2,0,0,2,5,6" ten="256,203,312,229" oya="2" hai0="45,110,96,100,54,52,113,109,115,76,83,80,77" hai1="24,51,69,101,124,63,59,55,23,133,108,131,73" hai2="39,29,46,67,121,94,62,38,128,125,41,91,57" hai3="122,106,48,56,50,15,102,74,53,47,12,95,60"/><V61/><F121/><W75/><G106/><T65/><D65/><U129/><E73/><V111/><F128/><N who="1" m="49225" /><E101/><V20/><F125/><W8/><G15/><T27/><D27/><U118/><E124/><V25/><F111/><N who="0" m="42506" /><D77/><U43/><E108/><V98/><F62/><W18/><G122/><T21/><D21/><U22/><E118/><V9/><F9/><W88/><G102/><T34/><D34/><U87/><E87/><V107/><F107/><W32/><G32/><T71/><D71/><U93/><E93/><V58/><F39/><W82/><G82/><N who="0" m="31275" /><D45/><N who="1" m="26047" /><E133/><V37/><F38/><W127/><G127/><T14/><D76/><U103/><E69/><AGARI ba="0,0" hai="20,25,29,37,41,46,57,58,61,67,69,91,94,98" machi="69" ten="30,1500,0" yaku="7,1" doraHai="6" who="2" fromWho="1" sc="256,0,203,-15,312,15,229,0" /><INIT seed="2,1,0,2,4,58" ten="256,188,327,229" oya="2" hai0="83,65,25,35,5,9,86,47,61,121,124,8,37" hai1="102,122,125,129,19,103,96,110,106,112,116,6,90" hai2="26,15,54,85,75,50,74,1,76,64,12,66,104" hai3="72,38,32,87,133,111,16,98,22,14,55,89,48"/><V81/><F1/><W67/><G38/><T107/><D107/><U24/><E112/><V13/><F104/><W97/><G72/><T79/><D121/><U39/><E39/><V68/><F26/><W53/><G111/><T51/><D37/><U99/><E110/><V113/><F113/><W62/><G32/><T126/><D25/><U17/><E122/><V45/><F66/><W52/><G48/><T73/><D35/><U108/><E108/><V95/><F95/><N who="3" m="54719" /><G133/><T3/><D9/><U130/><E116/><V88/><REACH who="2" step="1"/><F76/><REACH who="2" ten="256,188,317,229" step="2"/><W44/><G44/><T70/><REACH who="0" step="1"/><D73/><REACH who="0" ten="246,188,317,229" step="2"/><U27/><E106/><V63/><AGARI ba="1,2" hai="12,13,15,45,50,54,63,64,68,74,75,81,85,88" machi="63" ten="30,12000,1" yaku="1,1,2,1,0,1,52,1,54,1,53,0" doraHai="58" doraHaiUra="33" who="2" fromWho="2" sc="246,-41,188,-41,317,143,229,-41" /><INIT seed="2,2,0,4,5,66" ten="205,147,460,188" oya="2" hai0="18,33,98,93,128,17,92,51,62,84,20,126,30" hai1="68,104,83,134,100,131,97,36,102,95,67,61,59" hai2="101,57,124,133,60,117,127,75,77,43,89,8,9" hai3="5,13,120,37,27,38,81,79,99,80,14,7,118"/><V113/><F113/><W115/><G118/><T130/><D33/><U12/><E131/><N who="0" m="50217" /><D126/><U85/><E134/><V25/><F101/><W71/><G120/><T123/><D123/><U22/><E36/><V72/><F43/><W46/><G71/><T110/><D110/><U34/><E34/><V70/><F25/><W73/><G27/><N who="0" m="16743" /><D51/><U103/><E104/><V50/><F50/><W116/><G99/><T65/><D84/><U82/><E68/><V58/><F70/><W91/><G116/><T29/><D29/><U106/><E106/><V47/><F60/><W108/><G115/><T28/><D28/><U44/><E44/><V78/><F47/><W69/><G69/><N who="0" m="42167" /><D93/><U0/><E0/><V52/><F52/><W86/><G108/><T6/><D6/><U64/><E64/><V74/><F74/><W41/><G38/><T105/><D105/><U76/><REACH who="1" step="1"/><E83/><REACH who="1" ten="205,137,460,188" step="2"/><V35/><F133/><W19/><REACH who="3" step="1"/><G14/><REACH who="3" ten="205,137,460,178" step="2"/><T90/><AGARI ba="2,2" hai="17,18,90,92,98" m="42167,16743,50217" machi="90" ten="30,2000,0" yaku="19,1,52,1" doraHai="66" who="0" fromWho="0" sc="205,46,137,-7,460,-12,178,-7" /><INIT seed="3,0,0,2,3,80" ten="251,130,448,171" oya="3" hai0="18,40,32,5,85,115,61,11,0,50,33,46,54" hai1="22,83,23,113,70,131,81,100,123,75,64,88,29" hai2="19,132,14,3,48,67,53,120,15,60,63,106,42" hai3="102,13,44,127,45,99,93,9,49,35,27,68,62"/><W1/><G127/><T79/><D115/><U111/><E123/><V71/><F3/><W125/><G125/><T84/><D79/><U91/><E113/><V97/><F42/><W118/><G1/><T86/><D18/><U72/><E100/><V74/><F74/><W92/><G118/><T133/><D133/><U20/><E111/><V17/><F60/><W41/><G92/><T8/><D8/><U7/><E7/><V94/><F106/><W36/><G68/><T77/><D77/><U51/><E131/><V110/><F110/><W73/><G62/><T25/><D25/><U66/><E51/><V89/><F132/><W69/><G69/><T90/><D90/><N who="1" m="34347" /><E29/><V58/><REACH who="2" step="1"/><F120/><REACH who="2" ten="251,130,438,171" step="2"/><W124/><G73/><N who="1" m="28234" /><E70/><V59/><F59/><W114/><G124/><T108/><D108/><U65/><AGARI ba="0,1" hai="20,22,23,64,65,66,81,83" m="28234,34347" machi="65" ten="40,5200,0" yaku="28,2,54,1" doraHai="80" who="1" fromWho="1" sc="251,-13,130,62,438,-13,171,-26" owari="238,3.8,192,-20.8,425,52.5,145,-35.5" /></mjloggm>