<mjloggm ver="2.3"><GO type="225" lobby="0"/><UN n0="%E6%B8%A1%E5%A4%A9%E8%97%8D" n1="%E3%82%8A%E3%81%93%E3%82%8A%E3%82%93%E3%81%94" n2="%E5%B8%86%E7%AB%8B%E5%A4%8F%E8%A1%A3" n3="%E6%A1%9C%E8%8A%B1%E9%96%83%E3%80%85" dan="16,17,17,16" rate="2102.83,2199.73,2161.28,2119.26" sx="M,M,M,M"/><TAIKYOKU oya="0"/><INIT seed="0,0,0,1,0,62" ten="250,250,250,250" oya="0" hai0="12,123,80,66,38,31,21,58,17,112,45,87,129" hai1="29,34,3,116,126,30,27,24,82,90,11,37,133" hai2="113,8,40,68,16,6,19,97,125,7,121,81,52" hai3="134,47,15,63,98,26,64,60,43,28,67,55,42"/><T91/><D91/><U53/><BYE who="0" /><E116/><V74/><F121/><W108/><G108/><T73/><D73/><U72/><E37/><V130/><F113/><W94/><G134/><T89/><D89/><U56/><E133/><V44/><F125/><W109/><G109/><UN n0="%E6%B8%A1%E5%A4%A9%E8%97%8D" /><T14/><D112/><U1/><E126/><V105/><F68/><W117/><G117/><T57/><D123/><U95/><E72/><V61/><F130/><W4/><G63/><T10/><D129/><U114/><E82/><V49/><F105/><W48/><G15/><T25/><D25/><BYE who="0" /><U65/><E65/><N who="3" m="25162" /><G4/><T96/><D96/><U135/><E135/><UN n0="%E6%B8%A1%E5%A4%A9%E8%97%8D" /><V110/><F97/><W76/><G60/><T75/><D75/><U22/><E114/><V106/><F106/><W50/><G76/><T46/><D46/><U115/><E115/><V107/><F107/><W93/><G50/><T86/><D45/><U23/><E34/><V100/><F110/><W35/><G35/><T118/><D38/><U120/><E120/><V78/><F7/><W2/><G2/><T54/><D118/><U119/><E119/><V124/><F124/><W0/><G0/><T83/><D66/><U20/><E3/><V101/><F61/><W79/><G79/><T32/><D12/><U13/><E1/><V41/><F6/><W70/><G70/><T111/><D14/><U88/><E13/><V18/><REACH who="2" step="1"/><F8/><REACH who="2" ten="250,250,240,250" step="2"/><W92/><G98/><T104/><D10/><U131/><E11/><V132/><F132/><W103/><G103/><AGARI ba="0,1" hai="16,18,19,40,41,44,49,52,74,78,81,100,101,103" machi="103" ten="40,5200,0" yaku="1,1,54,2,53,0" doraHai="62" doraHaiUra="9" who="2" fromWho="3" sc="250,0,250,0,240,62,250,-52" /><INIT seed="1,0,0,0,0,39" ten="250,250,302,198" oya="1" hai0="37,9,5,25,96,88,6,52,16,84,95,89,51" hai1="35,70,22,103,17,29,18,47,68,40,20,12,115" hai2="30,134,44,105,0,73,32,57,101,19,128,125,23" hai3="50,45,59,34,78,64,46,133,109,107,131,124,77"/><U97/><E115/><V85/><F73/><W90/><G109/><T31/><D37/><U92/><E29/><V71/><F71/><W93/><G107/><T49/><D49/><U121/><E35/><V94/><F0/><W38/><G131/><T74/><D74/><U120/><E120/><V130/><F125/><W33/><G124/><T55/><D31/><U14/><REACH who="1" step="1"/><E121/><REACH who="1" ten="250,240,302,198" step="2"/><V21/><F30/><W27/><G33/><T114/><D114/><U60/><E60/><V7/><F32/><W10/><G34/><T108/><D108/><U61/><E61/><V48/><F130/><W56/><G133/><T69/><D69/><U112/><E112/><V98/><F128/><W58/><G64/><T13/><D25/><U54/><E54/><N who="0" m="20521" /><D51/><AGARI ba="0,1" hai="12,14,17,18,20,22,40,47,51,68,70,92,97,103" machi="51" ten="30,18000,2" yaku="1,1,7,1,9,1,52,1,53,2" doraHai="39" doraHaiUra="15" who="1" fromWho="0" sc="250,-180,240,190,302,0,198,0" /><INIT seed="1,1,0,2,2,90" ten="70,430,302,198" oya="1" hai0="98,17,30,119,61,33,18,29,37,45,97,14,81" hai1="135,131,49,22,85,9,28,114,63,134,70,76,111" hai2="11,125,82,1,102,94,67,71,88,16,47,132,40" hai3="77,42,127,118,128,124,66,95,23,68,103,35,84"/><U100/><E114/><V126/><F132/><W2/><G35/><T26/><D119/><U20/><E131/><V48/><F102/><W7/><G128/><T115/><D115/><U92/><E111/><V56/><F71/><W60/><G118/><T110/><D110/><U31/><BYE who="0" /><E49/><V52/><F67/><W36/><G23/><T87/><D87/><U5/><E76/><V129/><F82/><W6/><G77/><T83/><D83/><U107/><E107/><V34/><F34/><W75/><G75/><T4/><D4/><U0/><E70/><V105/><F105/><W58/><G68/><T55/><D55/><U65/><E63/><UN n0="%E6%B8%A1%E5%A4%A9%E8%97%8D" /><V3/><F129/><W93/><G84/><T13/><D30/><U133/><E65/><V15/><F126/><N who="3" m="48171" /><G103/><T44/><D81/><U96/><E85/><V8/><F125/><W121/><G121/><T62/><D29/><AGARI ba="1,0" hai="0,5,9,20,22,28,29,31,92,96,100,133,134,135" machi="29" ten="40,3900,0" yaku="20,1,52,1" doraHai="90" who="1" fromWho="0" sc="70,-42,430,42,302,0,198,0" /><INIT seed="1,2,0,5,2,66" ten="28,472,302,198" oya="1" hai0="135,19,58,61,93,115,7,33,79,37,95,42,121" hai1="35,52,5,12,131,98,4,120,63,88,109,57,119" hai2="49,127,8,26,29,43,68,134,128,125,81,54,71" hai3="100,101,72,21,55,123,16,40,9,82,28,106,130"/><U73/><E119/><V0/><F43/><W94/><G123/><T45/><D121/><U13/><E120/><V124/><F134/><W97/><G130/><T62/><D115/><U23/><E35/><V6/><F81/><W36/><G28/><T11/><D33/><U105/><E73/><V111/><F111/><W114/><G114/><T75/><D135/><U76/><E76/><V48/><F128/><W38/><G9/><T50/><D19/><U25/><E131/><V96/><F96/><W132/><G132/><T70/><D50/><N who="2" m="19562" /><F54/><W2/><G55/><T116/><D116/><U112/><E109/><V17/><F17/><W87/><G2/><T122/><D122/><U77/><E77/><V59/><F59/><W60/><G60/><T30/><D30/><U99/><E105/><V1/><F1/><W92/><G72/><T133/><D133/><U78/><E78/><V91/><F91/><W24/><G101/><T85/><D85/><U46/><E46/><V20/><AGARI ba="2,0" hai="0,6,8,20,26,29,68,71,124,125,127" m="19562" machi="20" ten="40,5200,0" yaku="18,1,52,2" doraHai="66" who="2" fromWho="2" sc="28,-15,472,-28,302,58,198,-15" /><INIT seed="2,0,0,2,3,31" ten="13,444,360,183" oya="2" hai0="86,56,73,37,89,51,38,70,1,104,121,67,101" hai1="19,32,3,68,91,18,48,36,5,69,28,94,120" hai2="82,80,110,0,8,98,102,2,59,22,99,25,116" hai3="88,109,130,65,13,30,134,52,108,96,122,17,111"/><V81/><F116/><W40/><G122/><T45/><D121/><U47/><E36/><V60/><F110/><W12/><G134/><T43/><D1/><U6/><E120/><V79/><F79/><W24/><G130/><T21/><D21/><U126/><E126/><V64/><F8/><W90/><G40/><T127/><D127/><U123/><E123/><V61/><F61/><W100/><G65/><T16/><D73/><U77/><E77/><V4/><F4/><W74/><G74/><T34/><D34/><U50/><E68/><V117/><F99/><W63/><G63/><T58/><D101/><U41/><E69/><V124/><F117/><W23/><G52/><T54/><D104/><U71/><E71/><V92/><REACH who="2" step="1"/><F124/><REACH who="2" ten="13,444,350,183" step="2"/><W83/><G96/><T62/><D16/><AGARI ba="0,1" hai="0,2,16,22,25,59,60,64,80,81,82,92,98,102" machi="16" ten="40,18000,2" yaku="1,1,2,1,54,1,53,3" doraHai="31" doraHaiUra="78" who="2" fromWho="0" sc="13,-180,444,0,350,190,183,0" owari="-167,-66.7,444,24.4,540,64.0,183,-21.7" /></mjloggm>