<mjloggm ver="2.3"><GO type="225" lobby="0"/><UN n0="%E7%89%B9%E6%9D%B1%E3%81%AF%E4%B8%96%E7%95%8C%E3%82%92%E6%95%91%E3%81%86" n1="%E6%98%93%E5%88%A9%E8%96%A9%E4%BC%AF" n2="%E6%B8%A1%E5%A4%A9%E8%97%8D" n3="%E5%8D%A0%E3%81%84%E5%B8%AB%E8%A3%8F%E3%81%AA%E3%81%84%E3%81%97" dan="16,17,16,17" rate="2203.55,2137.27,2073.33,2195.19" sx="M,F,M,M"/><TAIKYOKU oya="0"/><INIT seed="0,0,0,1,5,31" ten="250,250,250,250" oya="0" hai0="88,30,4,10,83,72,96,117,44,11,112,123,6" hai1="54,103,56,65,93,3,128,91,99,104,13,7,121" hai2="60,42,43,92,41,19,57,75,135,118,52,39,27" hai3="129,47,12,102,125,77,29,15,98,50,97,107,17"/><T95/><D112/><U66/><E128/><V84/><F75/><W132/><G129/><T23/><D117/><U79/><E3/><V127/><F127/><W111/><G125/><T80/><D123/><U58/><E79/><V2/><F2/><W120/><G132/><T20/><D44/><U51/><E121/><V108/><F135/><W86/><G111/><T9/><D72/><U122/><E122/><V134/><F134/><W114/><G114/><T87/><D80/><U101/><E58/><V82/><F92/><W113/><G29/><T14/><D30/><U40/><E40/><V81/><F81/><W90/><G98/><T8/><REACH who="0" step="1"/><D4/><REACH who="0" ten="240,250,250,250" step="2"/><U133/><E133/><V55/><F118/><W37/><G113/><T100/><AGARI ba="0,1" hai="6,8,9,10,11,14,20,23,83,87,88,95,96,100" machi="100" ten="30,12000,1" yaku="1,1,2,1,0,1,8,1,54,1,53,0" doraHai="31" doraHaiUra="67" who="0" fromWho="0" sc="240,130,250,-40,250,-40,250,-40" /><INIT seed="0,1,0,5,2,19" ten="370,210,210,210" oya="0" hai0="134,92,49,85,28,0,24,110,67,56,122,89,78" hai1="97,26,46,135,82,54,6,63,39,114,55,111,129" hai2="103,25,126,116,2,53,124,18,45,83,73,95,14" hai3="38,13,32,47,57,21,20,29,118,94,7,8,115"/><T75/><D122/><U131/><E111/><V35/><F2/><W4/><G115/><T66/><D0/><U43/><E135/><V70/><F70/><W27/><G118/><T69/><D134/><U68/><E6/><V42/><F53/><W23/><G57/><T3/><D3/><U102/><E82/><V44/><F116/><W100/><G4/><T93/><D69/><U84/><E84/><V50/><F45/><W37/><REACH who="3" step="1"/><G47/><REACH who="3" ten="370,210,210,200" step="2"/><T127/><D56/><U41/><E114/><V33/><F44/><W64/><G64/><T107/><D66/><U17/><E43/><V87/><F42/><W117/><G117/><T52/><D67/><U16/><E68/><V99/><F124/><W11/><G11/><T48/><D127/><U104/><E63/><V58/><F126/><W80/><G80/><T77/><D52/><U109/><E55/><V108/><F58/><W125/><G125/><T91/><D110/><U74/><E54/><V133/><F83/><W101/><G101/><T65/><D65/><U121/><E109/><V12/><F103/><W106/><G106/><T120/><D107/><U22/><E121/><V61/><F108/><W90/><G90/><T130/><D120/><U119/><E119/><V88/><F61/><W98/><AGARI ba="1,1" hai="7,8,13,20,21,23,27,29,32,37,38,94,98,100" machi="98" ten="30,8000,1" yaku="1,1,0,1,52,3,53,0" doraHai="19" doraHaiUra="36" who="3" fromWho="3" sc="370,-41,210,-21,210,-21,200,93" /><INIT seed="1,0,0,2,1,48" ten="329,189,189,293" oya="1" hai0="44,107,58,99,67,9,45,27,100,126,89,54,115" hai1="11,2,14,131,46,110,37,24,124,64,3,29,121" hai2="85,57,15,74,21,35,133,68,65,73,40,77,114" hai3="6,4,31,122,26,69,28,23,79,94,66,123,13"/><U106/><E121/><V108/><F35/><W78/><G69/><T76/><D115/><U53/><E106/><V118/><F68/><W30/><G66/><T117/><D117/><U56/><E131/><V127/><F118/><W109/><G109/><T7/><D67/><U61/><E124/><V70/><F70/><W16/><G122/><T102/><D126/><U20/><E110/><V92/><F73/><W63/><G123/><T39/><D102/><U80/><E80/><V34/><F74/><W59/><G94/><T0/><D76/><U90/><E90/><V130/><F34/><W111/><G111/><T41/><D45/><U93/><E93/><V112/><F130/><W83/><G79/><T81/><D27/><U119/><E119/><V96/><F127/><W98/><G98/><T22/><D22/><U132/><E132/><V97/><F133/><W12/><G12/><T87/><D58/><U18/><REACH who="1" step="1"/><E64/><REACH who="1" ten="329,179,189,293" step="2"/><V134/><F134/><W49/><G83/><T103/><D100/><U128/><E128/><V104/><F104/><W42/><G78/><T75/><D75/><U125/><E125/><V105/><F105/><W17/><G30/><T8/><D81/><U5/><E5/><V72/><F72/><W88/><G88/><T62/><D89/><U95/><E95/><V71/><F108/><W50/><G28/><T52/><D107/><U101/><E101/><V47/><F112/><W129/><G129/><T32/><D103/><U84/><E84/><V38/><F114/><W60/><G31/><T120/><D87/><U25/><E25/><V135/><F135/><RYUUKYOKU type="nm" ba="0,1" sc="329,-20,179,-40,189,80,293,-20" hai1="2,3,11,14,18,20,24,29,37,46,53,56,61" /><INIT seed="1,1,1,3,0,115" ten="309,139,269,273" oya="1" hai0="60,114,104,28,135,48,27,117,37,122,91,128,113" hai1="127,21,103,61,77,52,92,65,12,96,123,80,39" hai2="95,31,130,70,58,69,105,110,88,53,49,54,57" hai3="29,50,85,10,89,38,86,24,124,56,116,2,99"/><U15/><BYE who="3" /><E123/><UN n3="%E5%8D%A0%E3%81%84%E5%B8%AB%E8%A3%8F%E3%81%AA%E3%81%84%E3%81%97" /><V119/><F105/><W0/><G38/><T42/><D37/><U74/><E127/><V11/><F110/><W26/><G124/><T55/><D122/><U25/><E39/><V43/><F43/><W67/><G99/><T30/><D117/><U3/><E3/><V18/><F130/><W76/><G76/><T14/><D104/><U133/><E133/><V33/><F119/><W94/><G116/><T16/><D128/><U72/><E72/><V64/><F64/><W6/><G0/><T125/><D125/><U101/><E101/><V41/><F41/><W62/><G86/><T98/><D42/><U63/><E63/><V97/><F33/><W131/><G131/><T36/><D60/><U75/><E75/><V132/><F31/><W8/><G8/><T4/><D4/><U34/><E34/><V120/><F132/><W44/><REACH who="3" step="1"/><G29/><REACH who="3" ten="309,139,269,263" step="2"/><T71/><D36/><U90/><E103/><V81/><F120/><W87/><G87/><T126/><D126/><U40/><E40/><AGARI ba="1,2" hai="2,6,10,24,26,40,44,50,56,62,67,85,89,94" machi="40" ten="30,2000,0" yaku="1,1,7,1,53,0" doraHai="115" doraHaiUra="118" who="3" fromWho="1" sc="309,0,139,-23,269,0,263,43" /><INIT seed="2,0,0,4,0,51" ten="309,116,269,306" oya="2" hai0="29,110,103,45,41,1,118,6,79,61,26,5,128" hai1="63,81,52,54,100,92,27,74,78,93,129,94,3" hai2="96,2,87,16,67,9,46,43,77,135,120,125,72" hai3="111,102,107,83,70,98,64,133,24,80,0,122,127"/><V75/><F120/><W105/><G122/><T21/><D110/><U39/><E129/><V25/><F67/><W88/><G111/><T101/><D128/><U86/><E39/><V66/><F66/><W48/><G133/><T59/><D79/><U82/><E3/><V44/><F44/><W8/><G107/><T47/><D118/><U65/><E100/><N who="0" m="38473" /><D1/><U84/><E27/><V112/><F112/><W19/><G127/><T124/><D124/><U22/><E22/><V57/><F57/><W12/><G0/><T32/><D32/><U114/><E114/><V69/><F69/><W123/><G123/><T17/><D17/><U13/><E13/><V121/><F121/><W31/><G88/><T56/><D56/><N who="1" m="37095" /><E74/><V90/><F125/><W60/><REACH who="3" step="1"/><G48/><REACH who="3" ten="309,116,269,296" step="2"/><N who="0" m="26671" /><D47/><U20/><E20/><AGARI ba="0,1" hai="8,12,19,20,24,31,60,64,70,80,83,98,102,105" machi="20" ten="30,2000,0" yaku="1,1,7,1,53,0" doraHai="51" doraHaiUra="35" who="3" fromWho="1" sc="309,0,116,-20,269,0,296,30" /><INIT seed="3,0,0,5,0,22" ten="309,96,269,326" oya="3" hai0="54,112,46,105,28,60,34,111,131,29,127,0,41" hai1="99,129,132,71,33,120,48,55,21,61,32,100,38" hai2="9,103,96,119,101,12,133,117,24,79,116,73,19" hai3="31,16,106,89,2,53,10,83,47,13,78,91,80"/><W50/><G106/><T126/><D111/><U57/><E120/><V5/><F133/><W20/><G2/><T64/><D131/><U76/><E129/><V11/><F73/><W114/><G114/><T63/><D105/><U18/><E132/><V3/><F79/><W77/><G77/><T58/><D0/><U108/><E108/><V93/><REACH who="2" step="1"/><F101/><REACH who="2" ten="309,96,259,326" step="2"/><W97/><G78/><T109/><D109/><U68/><E76/><V51/><F51/><W59/><G47/><T128/><D128/><U121/><E121/><V104/><F104/><W43/><G43/><T49/><D112/><U74/><E74/><V40/><F40/><W107/><G107/><T94/><D94/><U23/><E38/><V72/><F72/><W36/><G36/><T87/><D87/><U8/><E8/><V35/><F35/><W92/><G91/><T26/><REACH who="0" step="1"/><D29/><REACH who="0" ten="299,96,259,326" step="2"/><U30/><E30/><V42/><F42/><W62/><G31/><T130/><D130/><U39/><E39/><V110/><F110/><W65/><G10/><T52/><D52/><U84/><E84/><V15/><F15/><W17/><G53/><T14/><D14/><U102/><E102/><V82/><F82/><W45/><G83/><T67/><D67/><U37/><E37/><V1/><F1/><W70/><G80/><T118/><D118/><U88/><E100/><V86/><F86/><W25/><G13/><T98/><D98/><U4/><E99/><V69/><F69/><AGARI ba="0,2" hai="26,28,34,41,46,49,54,58,60,63,64,69,126,127" machi="69" ten="40,2600,0" yaku="1,1,52,1,53,0" doraHai="22" doraHaiUra="6" who="0" fromWho="2" sc="299,46,96,0,259,-26,326,0" owari="345,44.5,96,-40.4,233,-16.7,326,12.6" /></mjloggm>