<mjloggm ver="2.3"><GO type="225" lobby="0"/><UN n0="%E3%81%AF%E3%82%88%E3%81%8A%E3%81%98%E3%81%95%E3%82%93" n1="%E3%81%A4%E3%81%A3%E3%81%B1%E3%82%8A%E3%83%9D%E3%83%BC%E3%83%AB" n2="%E6%9C%88%E5%B3%B6%E5%9F%BA" n3="%77%72%77%72%77%72%77%72" dan="17,17,17,16" rate="2219.11,2170.19,2200.43,2125.31" sx="M,M,M,M"/><TAIKYOKU oya="0"/><INIT seed="0,0,0,4,1,25" ten="250,250,250,250" oya="0" hai0="113,29,49,107,6,105,123,65,10,89,13,9,22" hai1="73,129,14,53,17,88,16,28,0,59,99,77,32" hai2="68,103,130,12,127,131,122,27,66,48,46,63,121" hai3="92,94,7,38,44,5,67,111,69,101,39,134,118"/><T75/><D113/><U70/><E70/><V85/><F103/><W36/><G118/><T45/><D123/><N who="2" m="47114" /><F12/><W15/><G111/><T54/><D75/><U47/><E0/><V30/><F85/><W71/><G134/><T55/><D65/><U81/><E129/><N who="2" m="49163" /><F127/><W125/><G125/><T2/><D55/><U52/><E47/><V76/><F76/><W82/><G44/><T60/><D60/><U42/><E42/><N who="2" m="24663" /><F27/><W97/><G82/><T20/><D89/><U72/><E72/><V115/><F30/><W23/><G92/><T57/><D29/><U11/><E17/><V41/><F41/><W124/><G124/><T133/><D105/><U95/><E32/><V90/><F90/><W35/><G35/><T83/><D107/><U106/><E28/><V37/><F37/><W100/><G100/><T80/><D83/><U96/><E106/><V8/><F8/><W119/><G15/><T4/><D80/><U24/><E24/><V109/><F109/><W62/><G23/><T108/><D108/><U78/><E78/><V135/><F135/><W56/><G5/><T21/><D133/><U104/><E104/><V19/><F19/><W86/><G7/><T40/><D22/><U50/><E99/><V110/><F110/><W1/><G1/><T18/><D6/><U91/><E53/><V98/><F98/><W128/><G128/><T3/><D2/><U34/><E34/><V26/><F26/><W120/><G120/><T51/><AGARI ba="0,0" hai="3,4,9,10,13,18,20,21,40,45,49,51,54,57" machi="51" ten="20,2100,0" yaku="0,1,7,1" doraHai="25" who="0" fromWho="0" sc="250,21,250,-7,250,-7,250,-7" /><INIT seed="0,1,0,5,3,39" ten="271,243,243,243" oya="0" hai0="16,49,38,67,100,3,17,61,21,47,135,123,131" hai1="63,73,79,108,62,55,28,13,91,23,52,118,78" hai2="33,66,80,35,86,83,48,72,65,9,71,82,24" hai3="69,99,45,41,56,87,92,40,22,7,110,75,43"/><T115/><D115/><U95/><E118/><V111/><F111/><W122/><G75/><T11/><D123/><U76/><E108/><V44/><F72/><W93/><G69/><T15/><D131/><U112/><E73/><V19/><F71/><W109/><G122/><T104/><D135/><U54/><E112/><V129/><F129/><W12/><G110/><T101/><D38/><U113/><E113/><V120/><F120/><W117/><G117/><T5/><D104/><U8/><E23/><N who="2" m="13439" /><F35/><W74/><G74/><T37/><D37/><U4/><REACH who="1" step="1"/><E28/><REACH who="1" ten="271,233,243,243" step="2"/><V98/><F33/><W126/><G109/><T106/><D106/><U64/><E64/><V1/><F66/><W59/><G126/><T6/><D17/><U85/><AGARI ba="1,1" hai="4,8,13,52,54,55,62,63,76,78,79,85,91,95" machi="85" ten="30,7900,0" yaku="1,1,0,1,8,1,54,1,53,0" doraHai="39" doraHaiUra="103" who="1" fromWho="1" sc="271,-40,233,92,243,-21,243,-21" /><INIT seed="1,0,0,0,5,3" ten="231,325,222,222" oya="1" hai0="131,122,116,25,119,114,34,33,126,118,6,103,7" hai1="115,29,43,24,1,46,0,73,39,18,68,2,11" hai2="71,92,38,60,40,121,44,30,16,62,78,82,22" hai3="87,5,20,99,104,51,4,130,57,117,15,98,53"/><U49/><E115/><V23/><F121/><W134/><G130/><T81/><D103/><U90/><E68/><V27/><F92/><W107/><G134/><T41/><D81/><U56/><E73/><V135/><F135/><W96/><G117/><T67/><D41/><U19/><E11/><V76/><F71/><W14/><G107/><T109/><D67/><U106/><E106/><V55/><F55/><W133/><G104/><T80/><D80/><U112/><E112/><V120/><F120/><W75/><G75/><T84/><D84/><U79/><E79/><V31/><F31/><W66/><G133/><T95/><D95/><U10/><E10/><V45/><F45/><W36/><G36/><T94/><D94/><U113/><E113/><V89/><F89/><W52/><G66/><T85/><D85/><U101/><E101/><V111/><F111/><W74/><G74/><T61/><D114/><U50/><E90/><V72/><REACH who="2" step="1"/><F78/><REACH who="2" ten="231,325,212,222" step="2"/><W70/><G70/><T93/><D93/><U127/><E46/><V65/><F65/><W124/><G124/><T69/><D126/><U17/><E29/><V54/><F54/><W63/><G53/><T132/><D122/><U35/><E127/><V8/><F8/><W64/><G64/><N who="0" m="41103" /><D132/><U48/><E43/><V13/><AGARI ba="0,1" hai="13,16,22,23,27,30,38,40,44,60,62,72,76,82" machi="13" ten="20,8000,1" yaku="1,1,0,1,7,1,54,1,53,1" doraHai="3" doraHaiUra="9" who="2" fromWho="2" sc="231,-20,325,-40,212,90,222,-20" /><INIT seed="2,0,0,4,2,69" ten="211,285,302,202" oya="2" hai0="85,43,78,21,126,47,123,65,108,90,50,99,59" hai1="3,68,114,58,1,14,110,20,11,23,76,2,67" hai2="48,41,102,115,124,37,125,73,131,62,34,29,46" hai3="19,82,51,26,45,98,0,74,4,52,8,134,6"/><V64/><F115/><W97/><G134/><T54/><D123/><U122/><E68/><N who="2" m="42007" /><F73/><W87/><G74/><T10/><D108/><U61/><E114/><V132/><F132/><W31/><G6/><T113/><D113/><U28/><E110/><V101/><F131/><W22/><REACH who="3" step="1"/><G31/><REACH who="3" ten="211,285,302,192" step="2"/><T39/><D126/><U25/><E28/><V38/><F29/><W91/><AGARI ba="0,1" hai="0,4,8,19,22,26,45,51,52,82,87,91,97,98" machi="91" ten="20,8000,1" yaku="1,1,2,1,0,1,7,1,54,1,53,0" doraHai="69" doraHaiUra="57" who="3" fromWho="3" sc="211,-20,285,-20,302,-40,192,90" /><INIT seed="3,0,0,0,3,0" ten="191,265,262,282" oya="3" hai0="83,12,89,58,2,60,62,68,49,101,1,19,64" hai1="72,38,3,14,87,74,130,29,110,44,80,133,111" hai2="25,15,26,33,73,56,109,17,85,13,119,126,131" hai3="135,18,59,69,65,115,31,113,57,96,28,52,10"/><W93/><G135/><T50/><D101/><U95/><E3/><V105/><F73/><W43/><G69/><T67/><D1/><U120/><E133/><V98/><F119/><W20/><G10/><T4/><D2/><U36/><E130/><V100/><F131/><W78/><G78/><T77/><D89/><U34/><E120/><V81/><F109/><N who="1" m="41481" /><E95/><N who="2" m="58463" /><F33/><W71/><G71/><T27/><D27/><N who="2" m="10250" /><F105/><W90/><G43/><T63/><D62/><U123/><E123/><V124/><F56/><W16/><G115/><T61/><D63/><U66/><E29/><N who="3" m="11338" /><G113/><T128/><D128/><U82/><E34/><V47/><F47/><W108/><G108/><T122/><D122/><U134/><E44/><V106/><F17/><W37/><G37/><T41/><D41/><U103/><E38/><V11/><F11/><W117/><G117/><T88/><D4/><U8/><E36/><V32/><F32/><W46/><G65/><T127/><D127/><N who="2" m="48682" /><F106/><W55/><G18/><T7/><D7/><U79/><E134/><V51/><F51/><N who="3" m="28791" /><G55/><T86/><REACH who="0" step="1"/><D77/><AGARI ba="0,0" hai="13,15,77,81,85" m="48682,10250,58463" machi="77" ten="30,1000,0" yaku="18,1" doraHai="0" who="2" fromWho="0" sc="191,-10,265,0,262,10,282,0" /><INIT seed="4,0,0,1,1,97" ten="181,265,272,282" oya="0" hai0="80,109,115,27,15,69,105,82,102,124,30,17,87" hai1="111,58,55,10,95,128,76,104,63,1,135,28,52" hai2="42,62,89,72,66,19,110,20,41,39,24,50,78" hai3="14,4,113,125,81,65,26,51,0,86,48,9,132"/><T35/><D115/><U21/><E104/><V18/><F110/><W13/><G113/><T37/><D124/><U3/><E111/><V96/><F39/><W91/><G125/><T107/><D109/><U77/><E128/><V84/><F72/><W130/><G130/><T103/><D37/><U40/><E135/><V119/><F78/><N who="1" m="30313" /><E1/><V134/><F96/><W99/><G132/><T83/><D69/><U31/><E3/><V54/><F119/><W38/><G38/><T101/><REACH who="0" step="1"/><D87/><REACH who="0" ten="171,265,272,282" step="2"/><U2/><E2/><V61/><F84/><W79/><G0/><T5/><D5/><U49/><E40/><V88/><F42/><W90/><G4/><T53/><D53/><U94/><E10/><AGARI ba="0,1" hai="10,15,17,27,30,35,80,82,83,101,102,103,105,107" machi="10" ten="40,12000,1" yaku="1,1,52,3,53,0" doraHai="97" doraHaiUra="117" who="0" fromWho="1" sc="171,130,265,-120,272,0,282,0" owari="301,40.1,145,-35.5,272,-12.8,282,8.2" /></mjloggm>