<mjloggm ver="2.3"><GO type="225" lobby="0"/><UN n0="%E4%BF%BA%E3%81%A8%E5%A6%96%E5%A4%A2" n1="%E3%81%AF%E3%82%88%E3%81%8A%E3%81%98%E3%81%95%E3%82%93" n2="%E3%81%8B%E3%82%8F%E3%81%A1%E3%82%83%E3%82%93%35%38" n3="%E8%81%B7%E6%A5%AD%E3%80%81%E9%A2%A8%32" dan="16,17,16,16" rate="2199.09,2152.42,2164.41,2144.75" sx="F,M,M,M"/><TAIKYOKU oya="0"/><INIT seed="0,0,0,0,4,31" ten="250,250,250,250" oya="0" hai0="93,11,51,24,30,128,34,77,123,78,134,111,82" hai1="66,56,110,38,86,17,90,115,92,107,48,99,42" hai2="87,73,118,63,113,126,75,7,74,132,80,104,43" hai3="0,19,108,70,105,33,23,2,124,27,68,76,94"/><T16/><D123/><U103/><E110/><V100/><F7/><W109/><G105/><T44/><D111/><N who="3" m="42569" /><G124/><T49/><D128/><U55/><E115/><V37/><F43/><W67/><G76/><T52/><D134/><U106/><E66/><V83/><F63/><N who="3" m="40063" /><G70/><T69/><D69/><U39/><E106/><V3/><F126/><W5/><G5/><T29/><D29/><U101/><E103/><V8/><F100/><W102/><G33/><T26/><D82/><U50/><E42/><V114/><F83/><W135/><G135/><T133/><D133/><U20/><REACH who="1" step="1"/><E50/><REACH who="1" ten="250,240,250,250" step="2"/><V97/><F132/><W89/><G102/><T1/><D51/><U40/><E40/><V9/><F104/><W112/><G112/><T28/><D93/><U116/><E116/><V58/><F118/><W13/><G27/><AGARI ba="0,1" hai="17,20,27,38,39,48,55,56,86,90,92,99,101,107" machi="27" ten="30,2000,0" yaku="1,1,7,1,53,0" doraHai="31" doraHaiUra="64" who="1" fromWho="3" sc="250,0,240,30,250,0,250,-20" /><INIT seed="1,0,0,5,0,110" ten="250,270,250,230" oya="1" hai0="126,76,105,72,73,39,6,64,82,37,50,17,117" hai1="1,42,86,58,51,75,88,43,16,131,65,11,130" hai2="33,62,100,79,44,46,128,52,98,99,7,0,80" hai3="103,108,102,13,89,122,15,55,63,30,133,115,25"/><U119/><E75/><V26/><F128/><N who="1" m="49193" /><E119/><V113/><F0/><W53/><G108/><T19/><D117/><U97/><E97/><V35/><F7/><W87/><G122/><T106/><D6/><U118/><E118/><V8/><F8/><W109/><G109/><T41/><D64/><U14/><E1/><V111/><F111/><W93/><G115/><T70/><D70/><U21/><E11/><V69/><F99/><W83/><G133/><T38/><D126/><U77/><E77/><V49/><F46/><W9/><G93/><T57/><D72/><U23/><E23/><V56/><F26/><W12/><G9/><T27/><D27/><U74/><E74/><V71/><F33/><W22/><REACH who="3" step="1"/><G63/><REACH who="3" ten="250,270,250,220" step="2"/><T28/><D106/><U67/><E67/><V96/><F113/><W34/><G34/><T36/><D105/><U68/><E68/><V18/><F35/><W104/><G104/><T48/><D39/><U121/><E121/><V47/><F69/><W78/><G78/><T134/><D134/><U4/><E4/><V32/><F32/><W84/><G84/><T10/><D10/><U40/><E65/><N who="2" m="41399" /><F98/><W125/><G125/><T116/><D116/><U120/><E120/><V85/><F96/><W24/><G24/><T3/><D3/><U54/><E86/><V107/><F107/><W112/><G112/><T2/><D2/><U90/><AGARI ba="0,1" hai="14,16,21,40,42,43,51,54,58,88,90" m="49193" machi="90" ten="40,7800,0" yaku="19,1,54,2" doraHai="110" who="1" fromWho="1" sc="250,-26,270,88,250,-26,220,-26" /><INIT seed="1,1,0,0,4,0" ten="224,358,224,194" oya="1" hai0="36,129,59,130,99,62,29,58,76,46,32,28,1" hai1="81,16,134,77,66,2,125,45,98,97,63,82,27" hai2="111,65,13,52,126,72,75,91,9,94,86,30,40" hai3="88,102,19,64,109,57,42,113,127,116,131,96,50"/><U100/><E2/><V22/><F111/><W33/><G109/><T103/><D1/><U39/><E125/><V24/><F126/><W41/><G127/><T107/><D76/><U135/><E45/><V48/><F65/><W47/><G113/><T93/><D107/><U12/><E27/><V21/><F21/><W26/><G116/><T54/><D59/><U85/><E82/><V90/><F90/><W8/><G131/><N who="0" m="50187" /><D32/><U17/><E39/><V37/><F37/><W74/><G74/><T73/><D73/><U110/><E110/><V3/><F40/><AGARI ba="1,0" hai="28,29,36,40,46,54,58,62,93,99,103" m="50187" machi="40" ten="30,1000,0" yaku="19,1" doraHai="0" who="0" fromWho="2" sc="224,13,358,0,224,-13,194,0" /><INIT seed="2,0,0,3,5,33" ten="237,358,211,194" oya="2" hai0="44,87,89,51,19,88,67,52,16,84,116,133,122" hai1="86,43,74,13,132,27,34,121,81,70,65,47,110" hai2="10,128,8,45,29,90,79,48,109,35,69,18,130" hai3="77,96,131,71,22,108,80,103,91,36,4,127,114"/><V31/><F69/><W76/><G71/><T75/><D122/><U32/><E74/><V111/><F79/><W56/><G36/><T57/><D75/><U83/><E83/><V59/><F59/><W30/><G114/><T20/><D133/><U93/><E93/><V113/><F90/><N who="0" m="34922" /><D116/><U98/><E98/><V106/><F106/><W26/><G108/><N who="2" m="41545" /><F113/><W95/><G127/><T105/><D105/><U101/><E70/><V37/><F37/><W94/><G131/><N who="2" m="50217" /><F18/><N who="0" m="6698" /><D20/><U100/><E34/><V11/><F35/><W9/><G80/><T7/><D7/><U15/><E81/><V25/><F25/><W97/><REACH who="3" step="1"/><G56/><REACH who="3" ten="237,358,211,184" step="2"/><T135/><D135/><U23/><E132/><V6/><F6/><W39/><G39/><T2/><D2/><AGARI ba="0,1" hai="2,4,9,22,26,30,76,77,91,94,95,96,97,103" machi="2" ten="30,3900,0" yaku="1,1,7,1,52,1,53,0" doraHai="33" doraHaiUra="50" who="3" fromWho="0" sc="237,-39,358,0,211,0,184,49" /><INIT seed="3,0,0,5,5,51" ten="198,358,211,233" oya="3" hai0="61,131,124,110,97,98,91,105,129,2,104,71,29" hai1="114,135,7,26,4,86,130,49,94,10,25,78,28" hai2="64,37,88,19,109,58,43,47,100,12,66,55,123" hai3="76,34,84,13,67,80,20,0,108,62,57,32,27"/><W5/><G108/><T92/><D2/><U41/><E114/><V69/><F69/><W6/><G0/><T132/><D110/><U17/><E130/><N who="0" m="49673" /><D29/><U115/><E115/><V33/><F33/><W1/><G1/><T39/><D39/><U126/><E126/><V113/><F113/><W116/><G116/><T83/><D124/><U68/><E68/><V40/><F109/><W93/><G93/><N who="0" m="56511" /><D71/><U107/><E107/><N who="0" m="41033" /><D61/><U73/><E17/><V74/><F74/><W85/><G32/><T31/><D31/><U81/><E73/><V44/><F123/><W54/><G34/><T42/><D42/><N who="2" m="15914" /><F100/><W50/><G13/><T70/><D70/><U96/><E41/><V59/><F37/><W23/><G23/><T121/><D121/><U30/><E26/><V133/><F133/><W48/><G20/><T14/><D14/><U127/><E135/><V53/><F88/><W22/><G27/><T72/><D132/><U52/><E127/><V90/><F90/><W128/><G128/><T65/><D65/><N who="2" m="25194" /><F59/><W3/><G3/><T63/><D63/><U79/><E25/><V117/><F117/><W60/><G57/><T16/><D16/><U134/><E30/><V11/><F58/><W45/><G62/><T46/><D72/><U103/><E28/><V9/><F9/><W99/><G60/><T95/><D46/><AGARI ba="0,0" hai="11,12,19,44,46,47,53,55" m="25194,15914" machi="46" ten="30,3900,0" yaku="8,1,52,2" doraHai="51" who="2" fromWho="0" sc="198,-39,358,0,211,39,233,0" owari="159,-34.1,358,45.8,250,5.0,233,-16.7" /></mjloggm>