<mjloggm ver="2.3"><GO type="225" lobby="0"/><UN n0="%E3%83%B4%E3%82%A3%E3%83%AF%E3%82%B3%E3%82%B0%E3%83%8B" n1="%E5%85%88%E7%89%A9%E3%81%AF%74%72%61%73%68" n2="%E3%83%A9%E3%83%BC%E3%83%A1%E3%83%B3%E4%BA%94%E9%83%8E" n3="%E3%83%96%E3%83%83%E3%83%91%E3%82%AA%E3%83%96%E3%83%81%E3%82%AD%E3%83%B3" dan="17,17,16,16" rate="2212.52,2159.07,2139.26,2140.47" sx="M,M,M,M"/><TAIKYOKU oya="0"/><INIT seed="0,0,0,1,0,31" ten="250,250,250,250" oya="0" hai0="117,49,81,43,78,50,34,85,46,91,75,114,92" hai1="83,29,98,115,120,54,99,106,33,10,113,129,118" hai2="11,109,90,71,108,70,100,47,95,56,25,39,17" hai3="38,79,126,69,60,22,122,63,13,97,20,132,125"/><T67/><D114/><N who="1" m="43531" /><E120/><V94/><F100/><W121/><G38/><T119/><D67/><U53/><E118/><V82/><F82/><W16/><G79/><T131/><D131/><U59/><E129/><V62/><F47/><W86/><G86/><T74/><D74/><U19/><E83/><V72/><F39/><W130/><G130/><T2/><D2/><U18/><E10/><V52/><F72/><W58/><G132/><T14/><D34/><U73/><E73/><V12/><F25/><W40/><G40/><T9/><REACH who="0" step="1"/><D50/><REACH who="0" ten="240,250,250,250" step="2"/><U89/><E33/><V48/><F71/><W88/><G69/><T105/><D105/><U68/><E106/><V87/><F70/><W36/><G36/><T101/><D101/><U41/><E68/><V57/><REACH who="2" step="1"/><F95/><REACH who="2" ten="240,250,240,250" step="2"/><N who="3" m="56551" /><G122/><T107/><D107/><U77/><E41/><V3/><F3/><W5/><G121/><T111/><D111/><U127/><E54/><AGARI ba="0,2" hai="11,12,17,48,52,54,56,57,62,87,90,94,108,109" machi="54" ten="40,2600,0" yaku="1,1,54,1,53,0" doraHai="31" doraHaiUra="61" who="2" fromWho="1" sc="240,0,250,-26,240,46,250,0" /><INIT seed="1,0,0,0,4,107" ten="240,224,286,250" oya="1" hai0="81,133,59,123,60,36,131,90,14,29,100,58,26" hai1="34,93,108,55,27,50,33,1,96,69,46,85,56" hai2="128,62,119,87,92,12,4,120,73,32,75,47,39" hai3="48,102,103,110,78,72,38,97,25,66,129,13,30"/><U101/><E69/><V111/><F120/><W117/><G38/><T17/><D36/><U11/><E108/><V115/><F32/><W35/><G110/><T91/><D123/><U83/><E27/><V76/><F111/><W45/><G129/><T113/><D113/><U16/><E56/><V126/><F128/><W54/><G117/><T52/><D133/><U122/><E122/><V106/><F106/><W79/><G66/><T124/><D124/><U24/><E24/><V21/><F119/><W121/><G121/><T132/><D132/><U82/><E82/><N who="2" m="47559" /><F92/><W130/><G130/><T67/><D100/><U71/><E71/><V9/><F62/><W65/><G65/><T44/><D44/><U53/><E53/><V43/><F21/><W40/><G40/><T94/><D81/><U42/><E42/><V15/><F15/><W112/><G112/><T80/><D80/><U116/><E116/><V37/><F37/><W5/><G72/><N who="2" m="27721" /><F115/><W18/><G13/><T118/><D118/><U0/><E0/><V2/><F2/><W10/><G35/><T19/><D131/><U105/><E105/><V8/><F8/><W98/><G10/><N who="0" m="6359" /><D19/><U135/><E135/><V49/><F39/><W127/><G18/><T74/><D74/><U22/><E11/><V28/><F28/><W89/><G30/><T41/><D94/><U7/><E1/><V77/><F77/><W134/><G79/><T99/><D29/><U64/><E64/><V109/><F109/><W61/><G78/><T70/><D67/><U31/><E31/><V125/><AGARI ba="0,0" hai="4,9,12,43,47,49,125,126" m="27721,47559" machi="125" ten="30,7900,0" yaku="25,1,52,3" doraHai="107" who="2" fromWho="2" sc="240,-20,224,-39,286,79,250,-20" /><INIT seed="2,0,0,1,5,82" ten="220,185,365,230" oya="2" hai0="44,55,3,89,130,50,4,72,49,126,47,118,23" hai1="48,61,65,2,18,64,87,32,103,108,129,53,17" hai2="31,24,76,42,57,94,20,15,97,134,10,107,33" hai3="59,62,79,67,28,73,21,7,132,90,116,120,99"/><V36/><F107/><W133/><G116/><T52/><D130/><U6/><E108/><V93/><F134/><N who="3" m="51819" /><G120/><T45/><D72/><U115/><E115/><V66/><F76/><W69/><G7/><T77/><D77/><U110/><E110/><V1/><F1/><W43/><G43/><T127/><D118/><U111/><E111/><V109/><F109/><W25/><G79/><T39/><D23/><U121/><E32/><V125/><F125/><N who="0" m="47626" /><D89/><U41/><E129/><V8/><F33/><W22/><G73/><T83/><D83/><U85/><E103/><V102/><F8/><W112/><G112/><T95/><D95/><U29/><E29/><V54/><F66/><N who="1" m="25705" /><E6/><V30/><F30/><W96/><G90/><T38/><D44/><N who="1" m="25615" /><E2/><V71/><F102/><W123/><G123/><T58/><D45/><U100/><E100/><V51/><F97/><N who="3" m="37451" /><G22/><T106/><D106/><U75/><E75/><V131/><F131/><W34/><G34/><T19/><D19/><N who="1" m="7179" /><E121/><V60/><F31/><W12/><G12/><T92/><D92/><U91/><E91/><V16/><F15/><W104/><G104/><T26/><D26/><U56/><AGARI ba="0,0" hai="53,56,61,85,87" m="7179,25615,25705" machi="56" ten="30,4000,0" yaku="8,1,52,2" doraHai="82" who="1" fromWho="1" sc="220,-10,185,40,365,-20,230,-10" /><INIT seed="3,0,0,1,1,69" ten="210,225,345,220" oya="3" hai0="83,89,7,48,65,56,2,77,88,130,64,27,31" hai1="23,38,101,28,76,94,24,95,0,84,75,127,79" hai2="70,43,109,8,53,129,3,78,134,98,81,97,103" hai3="133,44,33,10,71,87,17,104,62,16,45,59,12"/><W57/><G104/><T99/><D130/><U125/><E0/><V68/><F43/><W74/><G74/><T135/><D135/><U90/><E38/><V131/><F109/><W58/><G33/><T47/><D2/><U80/><E79/><V15/><F3/><W51/><G133/><T116/><D7/><U9/><E9/><V93/><F53/><N who="3" m="31935" /><G71/><T54/><D116/><U66/><E66/><V13/><F98/><W112/><G112/><T119/><D119/><U100/><E95/><V96/><F96/><W118/><G118/><T102/><D64/><U4/><E4/><N who="2" m="3207" /><F134/><W73/><G73/><T117/><D117/><U34/><E34/><V35/><F35/><W85/><G17/><T49/><D27/><U32/><E32/><V29/><F29/><W26/><G26/><T36/><D36/><U63/><E63/><V122/><F122/><W91/><G85/><N who="0" m="48367" /><D31/><U1/><E1/><V115/><F15/><W55/><G58/><T126/><D126/><AGARI ba="0,0" hai="23,24,28,75,76,80,84,90,94,100,101,125,126,127" machi="126" ten="40,1300,0" yaku="18,1" doraHai="69" who="1" fromWho="0" sc="210,-13,225,13,345,0,220,0" owari="197,-30.3,238,3.8,345,44.5,220,-18.0" /></mjloggm>