<mjloggm ver="2.3"><GO type="225" lobby="0"/><UN n0="%E7%89%B9%E6%9D%B1%E3%81%AF%E4%B8%96%E7%95%8C%E3%82%92%E6%95%91%E3%81%86" n1="%E7%9C%9F%E4%B8%80" n2="%E4%B8%89%E8%8F%B1%E7%A4%BE%E5%93%A1" n3="%43%68%65" dan="16,16,16,16" rate="2179.28,2092.08,2038.18,2139.66" sx="M,M,M,M"/><TAIKYOKU oya="0"/><BYE who="1" /><INIT seed="0,0,0,0,2,19" ten="250,250,250,250" oya="0" hai0="115,37,35,14,54,74,131,120,55,53,69,66,24" hai1="57,47,3,2,83,112,4,36,18,93,114,52,11" hai2="84,6,23,27,25,63,106,20,101,22,135,34,41" hai3="116,117,76,62,129,1,126,96,122,78,38,118,125"/><T26/><D115/><UN n1="%E7%9C%9F%E4%B8%80" /><U29/><E2/><V98/><F135/><W56/><G1/><T59/><D120/><U12/><E29/><V17/><F34/><W127/><G38/><T80/><D37/><U30/><E30/><V86/><F6/><W70/><G70/><T97/><D69/><U110/><E110/><V104/><F104/><W124/><N who="3" m="31744" /><DORA hai="32" /><W28/><G122/><T99/><D131/><U133/><E133/><V60/><F41/><W61/><G129/><T72/><D14/><U48/><E83/><V68/><F17/><W0/><G0/><T58/><D35/><U51/><E36/><V95/><F68/><W44/><G44/><T73/><D80/><U81/><E81/><V45/><F45/><W49/><G28/><T31/><D66/><U33/><E93/><V111/><F111/><W128/><G128/><T46/><D46/><U134/><E33/><V121/><F121/><W39/><G39/><T79/><D79/><N who="3" m="30249" /><G96/><N who="0" m="36939" /><D31/><U130/><E134/><V132/><F132/><W67/><G62/><N who="2" m="23593" /><F106/><W64/><G49/><T21/><D21/><U91/><E130/><V103/><F103/><W92/><G92/><T107/><D107/><U100/><E100/><V113/><F113/><W82/><G82/><T9/><D9/><U94/><E47/><V119/><F119/><W71/><G71/><T42/><D42/><U89/><E51/><V40/><F40/><W5/><G67/><T65/><D65/><U109/><E109/><V16/><F27/><AGARI ba="0,0" hai="24,26,27,53,54,55,58,59,72,73,74" m="36939" machi="27" ten="40,3900,0" yaku="28,2" doraHai="19,32" who="0" fromWho="2" sc="250,39,250,0,250,-39,250,0" /><INIT seed="0,1,0,4,2,33" ten="289,250,211,250" oya="0" hai0="117,35,67,66,34,13,24,58,135,40,77,20,57" hai1="91,99,87,2,127,130,25,113,53,82,74,73,132" hai2="65,29,7,9,108,18,31,6,52,78,60,23,26" hai3="131,3,123,81,89,90,95,115,38,32,116,109,114"/><T124/><D117/><U1/><E132/><V96/><F108/><W106/><RYUUKYOKU type="yao9" ba="1,0" sc="289,0,250,0,211,0,250,0" hai3="3,32,38,81,89,90,95,106,109,114,115,116,123,131" /><INIT seed="0,2,0,1,4,102" ten="289,250,211,250" oya="0" hai0="9,88,70,31,84,77,44,59,5,80,74,123,62" hai1="18,45,28,79,54,110,127,133,96,24,40,73,37" hai2="32,113,71,128,11,132,38,93,105,130,20,75,2" hai3="118,17,64,116,134,124,0,12,61,30,103,97,27"/><T7/><D123/><U104/><E110/><V1/><RYUUKYOKU type="yao9" ba="2,0" sc="289,0,250,0,211,0,250,0" hai2="1,2,11,20,32,38,71,75,93,105,113,128,130,132" /><INIT seed="0,3,0,4,1,112" ten="289,250,211,250" oya="0" hai0="134,5,102,110,38,113,24,10,68,31,32,101,130" hai1="42,50,89,111,4,126,108,116,7,14,131,96,46" hai2="87,33,79,121,55,98,83,105,123,45,15,25,9" hai3="43,124,71,36,133,1,77,49,53,6,34,74,84"/><T106/><D113/><U119/><E131/><V132/><F132/><W20/><G34/><T99/><D130/><U122/><E122/><V70/><F70/><W120/><G71/><T3/><D134/><U118/><E126/><V128/><F128/><W62/><G62/><T80/><D110/><N who="1" m="42027" /><E14/><V47/><F105/><W90/><G133/><T63/><D102/><U17/><E17/><V127/><F127/><W117/><G124/><T44/><D80/><U23/><E23/><V27/><F98/><W18/><G77/><T35/><D35/><U60/><E60/><V129/><F129/><W76/><G76/><T104/><D104/><U65/><E65/><V75/><F75/><W82/><G74/><T58/><D58/><U41/><E41/><V135/><F135/><W29/><G29/><T59/><D59/><U81/><E81/><V115/><F115/><W13/><G43/><T52/><D52/><U22/><E22/><V109/><F109/><W51/><G36/><T95/><D95/><AGARI ba="3,0" hai="4,7,42,46,50,89,95,96,116,118,119" m="42027" machi="95" ten="40,8000,1" yaku="14,1,52,3" doraHai="112" who="1" fromWho="0" sc="289,-89,250,89,211,0,250,0" /><INIT seed="1,0,0,0,4,53" ten="200,339,211,250" oya="1" hai0="81,2,41,42,126,72,55,39,112,44,107,132,52" hai1="118,130,108,83,94,103,98,23,35,36,22,31,37" hai2="18,85,57,27,29,114,122,134,16,12,66,93,11" hai3="123,99,91,120,71,21,47,97,79,58,88,20,13"/><U119/><E35/><V68/><F122/><W32/><G71/><T0/><D112/><U24/><E130/><V49/><F114/><W34/><G47/><T115/><D115/><U17/><E108/><V59/><F134/><W46/><G46/><T61/><D107/><U111/><E111/><V14/><F68/><W75/><G13/><T25/><D42/><U33/><E33/><V43/><F66/><W87/><G87/><T101/><D101/><U9/><E9/><N who="2" m="6415" /><F27/><W4/><G79/><T15/><D132/><U54/><E54/><V76/><F29/><W80/><G80/><T28/><D15/><U104/><E104/><V129/><F129/><W106/><G106/><T45/><D126/><U10/><E10/><V116/><F116/><W100/><G100/><T82/><D55/><U77/><E37/><V70/><F70/><W78/><G78/><T19/><D19/><U1/><E36/><V92/><F43/><W128/><G128/><T64/><D64/><U63/><E1/><V60/><F49/><W125/><G75/><T40/><D72/><U26/><REACH who="1" step="1"/><E63/><REACH who="1" ten="200,329,211,250" step="2"/><V102/><F60/><W30/><G34/><N who="0" m="20751" /><D61/><U56/><E56/><N who="2" m="21579" /><F102/><W110/><G32/><T38/><D52/><U7/><E7/><V109/><F109/><W6/><G110/><T105/><D105/><U8/><E8/><V65/><F65/><W3/><G3/><T131/><D131/><U50/><E50/><V73/><F73/><AGARI ba="0,1" hai="17,22,23,24,26,31,73,77,83,94,98,103,118,119" machi="73" ten="30,2900,0" yaku="1,1,7,1,53,0" doraHai="53" doraHaiUra="5" who="1" fromWho="2" sc="200,0,329,39,211,-29,250,0" /><INIT seed="1,1,0,3,3,25" ten="200,368,182,250" oya="1" hai0="4,8,7,77,104,49,26,60,131,41,75,31,90" hai1="3,93,44,107,73,106,13,38,121,18,79,34,125" hai2="1,94,82,116,132,37,85,113,19,123,126,57,10" hai3="67,23,76,43,129,54,83,11,109,100,74,28,111"/><U36/><E121/><V58/><F123/><W118/><G129/><T24/><D131/><U47/><E3/><V128/><F128/><W42/><G118/><T80/><D104/><U64/><E64/><V33/><F116/><W105/><G67/><T101/><D101/><U45/><E34/><V48/><F37/><W130/><G130/><T66/><D90/><U122/><E93/><V53/><F126/><W15/><G54/><T30/><D49/><U88/><E88/><N who="2" m="51255" /><F33/><W119/><G119/><T39/><D39/><U2/><E2/><V59/><F1/><W51/><G51/><T6/><D41/><U17/><E79/><V86/><F132/><W56/><G56/><T110/><D110/><N who="3" m="41993" /><G23/><T29/><REACH who="0" step="1"/><D8/><REACH who="0" ten="190,368,182,250" step="2"/><U55/><E38/><V87/><F113/><W84/><G43/><T96/><D96/><U68/><E36/><V78/><F78/><W52/><G42/><T115/><D115/><U124/><E107/><V120/><F120/><W134/><G105/><T22/><D22/><U40/><E106/><V70/><F10/><W63/><G100/><T62/><D62/><U95/><E122/><V12/><F48/><W103/><G103/><T108/><D108/><U65/><E125/><V9/><F9/><W21/><G11/><T32/><D32/><U0/><E124/><V91/><F91/><W135/><G135/><T114/><D114/><U20/><E20/><V72/><F70/><AGARI ba="1,1" hai="4,6,7,24,26,29,30,31,60,66,70,75,77,80" machi="70" ten="40,8000,1" yaku="1,1,52,3,53,0" doraHai="25" doraHaiUra="97" who="0" fromWho="2" sc="190,93,368,0,182,-83,250,0" /><INIT seed="2,0,0,0,3,90" ten="283,368,99,250" oya="2" hai0="113,56,10,87,12,110,14,133,117,21,112,54,0" hai1="119,77,64,82,29,73,11,132,105,16,122,35,100" hai2="39,45,4,7,89,103,131,49,92,74,43,9,17" hai3="116,36,88,79,76,8,134,47,66,23,2,5,6"/><V83/><F131/><W24/><G116/><T71/><D71/><U1/><E119/><V52/><F103/><W34/><G34/><T106/><D117/><U41/><E64/><V97/><F17/><W50/><G36/><T19/><D106/><U68/><E68/><V95/><F9/><W58/><G6/><T65/><D0/><U69/><E69/><V13/><F13/><W63/><G134/><T104/><D104/><U55/><E55/><V44/><REACH who="2" step="1"/><F95/><REACH who="2" ten="283,368,89,250" step="2"/><W28/><REACH who="3" step="1"/><G88/><REACH who="3" ten="283,368,89,240" step="2"/><T51/><D133/><U130/><E132/><V48/><F48/><W42/><AGARI ba="0,2" hai="2,5,8,23,24,28,42,47,50,58,63,66,76,79" machi="42" ten="20,5200,0" yaku="1,1,2,1,0,1,7,1,53,0" doraHai="90" doraHaiUra="91" who="3" fromWho="3" sc="283,-13,368,-13,89,-26,240,72" /><INIT seed="3,0,0,3,5,82" ten="270,355,63,312" oya="3" hai0="55,123,49,132,100,27,99,5,58,10,51,50,134" hai1="56,31,83,69,102,88,60,122,8,133,38,20,36" hai2="45,130,71,54,29,126,80,96,110,30,33,93,64" hai3="46,2,92,48,28,7,81,25,68,85,107,79,39"/><W87/><G107/><T6/><D123/><U116/><E69/><V26/><F110/><W120/><G68/><T114/><D114/><U119/><E102/><V101/><F126/><W94/><G120/><T41/><D41/><U72/><E133/><V63/><F130/><W43/><G48/><T9/><D27/><N who="1" m="16871" /><E8/><V78/><F30/><W135/><G135/><T35/><D35/><U21/><E21/><V14/><F14/><W112/><G112/><T19/><D19/><U17/><E17/><V95/><F54/><W53/><G53/><T73/><D73/><U117/><E122/><V121/><F121/><W47/><G47/><T89/><D134/><U118/><E118/><V70/><F45/><W61/><G61/><T76/><D76/><N who="1" m="44423" /><E88/><V62/><F62/><W129/><G129/><T37/><D132/><U23/><E23/><V108/><F71/><W15/><G15/><T90/><D90/><U128/><E128/><V18/><F18/><W98/><G98/><T3/><D89/><U91/><E91/><V59/><F108/><W109/><G109/><T4/><D4/><U34/><E34/><V40/><F40/><W103/><G103/><T42/><D42/><U111/><E111/><V106/><REACH who="2" step="1"/><F59/><REACH who="2" ten="270,355,53,312" step="2"/><W131/><G131/><T113/><D55/><AGARI ba="0,1" hai="36,38,55,56,60,116,117,119" m="44423,16871" machi="55" ten="30,1000,0" yaku="12,1" doraHai="82" who="1" fromWho="0" sc="270,-10,355,20,53,0,312,0" owari="260,-14.0,375,47.5,53,-44.7,312,11.2" /></mjloggm>