<mjloggm ver="2.3"><GO type="225" lobby="0"/><UN n0="%72%69%6F%75%63%68%61%6E" n1="%E3%83%A9%E3%83%BC%E3%83%A1%E3%83%B3%E4%BA%94%E9%83%8E" n2="%E3%83%96%E3%83%83%E3%83%91%E3%82%AA%E3%83%96%E3%83%81%E3%82%AD%E3%83%B3" n3="%E6%B4%BE%E9%81%A3%E3%81%AE%E3%82%B8%E3%83%A3%E3%83%83%E3%82%AF" dan="16,16,16,17" rate="2124.65,2097.61,2230.09,2167.87" sx="M,M,M,M"/><TAIKYOKU oya="0"/><INIT seed="0,0,0,2,1,34" ten="250,250,250,250" oya="0" hai0="71,96,109,31,129,22,55,67,113,20,28,114,50" hai1="66,0,108,51,135,72,19,53,78,25,86,60,3" hai2="126,80,107,76,101,16,123,48,14,63,13,40,111" hai3="17,85,98,118,36,94,33,23,97,99,112,4,81"/><T65/><D129/><U15/><E72/><V88/><F123/><W1/><G112/><T120/><D120/><U21/><E108/><V128/><F111/><W37/><G118/><T44/><D109/><U125/><E125/><V30/><F126/><W11/><G33/><T124/><D124/><U42/><E42/><V91/><F128/><W77/><REACH who="3" step="1"/><G94/><REACH who="3" ten="250,250,250,240" step="2"/><T132/><D114/><U100/><E135/><V12/><F107/><W10/><G10/><T32/><D32/><U74/><E21/><N who="0" m="8297" /><D113/><U24/><E24/><AGARI ba="0,1" hai="1,4,11,17,23,24,36,37,77,81,85,97,98,99" machi="24" ten="40,5200,0" yaku="1,1,52,1,53,1" doraHai="34" doraHaiUra="7" who="3" fromWho="1" sc="250,0,250,-52,250,0,240,62" /><INIT seed="1,0,0,0,5,92" ten="250,198,250,302" oya="1" hai0="82,114,109,14,129,38,128,61,6,104,13,36,125" hai1="29,72,28,18,16,11,121,103,24,79,55,52,117" hai2="4,80,132,126,21,108,127,130,1,99,112,94,133" hai3="41,9,19,60,44,40,42,30,5,22,64,68,17"/><U96/><E117/><V120/><F120/><W59/><G68/><T100/><D114/><U71/><E121/><V131/><F112/><W26/><REACH who="3" step="1"/><G44/><REACH who="3" ten="250,198,250,292" step="2"/><T54/><D129/><N who="2" m="49162" /><F108/><W51/><G51/><T25/><D128/><U45/><E71/><V69/><F69/><W43/><N who="3" m="10240" /><DORA hai="20" /><W105/><G105/><T93/><D104/><U98/><E45/><V10/><F80/><W53/><G53/><T31/><D54/><U85/><E55/><V50/><F50/><W39/><G39/><T47/><D82/><N who="1" m="47327" /><E52/><V37/><F37/><W57/><G57/><T62/><D47/><U65/><E65/><V102/><F21/><W27/><G27/><T106/><D25/><U66/><E66/><V48/><F48/><W90/><G90/><T63/><D38/><U87/><E24/><V78/><F78/><W115/><G115/><T2/><D109/><U91/><E103/><V33/><F33/><W83/><G83/><T67/><D100/><U89/><E89/><V46/><F46/><W23/><G23/><T74/><D67/><U88/><E91/><V35/><F35/><W116/><G116/><T95/><D106/><U7/><E11/><V70/><F70/><W76/><G76/><T107/><D107/><U73/><E88/><V119/><F119/><W75/><G75/><T49/><D74/><U101/><E73/><V113/><F113/><W86/><G86/><T97/><D49/><U124/><E72/><V123/><F123/><W111/><G111/><T58/><D58/><U34/><E87/><V110/><F110/><W3/><AGARI ba="0,1" hai="3,5,9,17,19,22,26,30,59,60,64" m="10240" machi="3" ten="40,8000,1" yaku="1,1,0,1,52,1,53,2" doraHai="92,20" doraHaiUra="12,135" who="3" fromWho="3" sc="250,-20,198,-40,250,-20,292,90" /><INIT seed="2,0,0,0,4,37" ten="230,158,230,382" oya="2" hai0="79,109,21,110,132,17,67,119,38,133,28,10,118" hai1="41,62,50,9,69,86,122,72,74,124,6,56,19" hai2="93,44,51,18,102,1,125,60,45,26,13,112,77" hai3="7,73,8,135,40,32,82,57,55,59,5,63,22"/><V126/><F112/><W130/><G32/><T29/><D38/><U113/><E124/><N who="2" m="47723" /><F1/><W91/><G135/><N who="0" m="51787" /><D67/><U61/><E113/><V90/><F77/><W106/><G106/><T127/><D79/><U27/><E122/><V36/><F36/><W52/><G22/><T128/><D127/><U83/><E69/><V81/><F26/><W46/><G8/><T39/><D39/><U89/><E27/><V116/><F116/><N who="0" m="44586" /><D128/><U35/><E35/><V85/><F60/><W49/><G130/><T94/><D10/><U3/><E19/><V114/><F114/><W107/><G107/><T43/><D43/><U104/><E104/><V47/><F102/><W115/><G115/><T65/><D94/><U98/><E62/><V71/><F71/><W131/><G131/><T100/><D65/><U64/><REACH who="1" step="1"/><E98/><REACH who="1" ten="230,148,230,382" step="2"/><V58/><F93/><W25/><G25/><N who="0" m="14511" /><D100/><U24/><E24/><V92/><F92/><W31/><G31/><AGARI ba="0,1" hai="28,29,31,109,110" m="14511,44586,51787" machi="31" ten="40,8000,1" yaku="20,1,12,1,34,2" doraHai="37" who="0" fromWho="3" sc="230,90,148,0,230,0,382,-80" /><INIT seed="3,0,0,3,3,89" ten="320,148,230,302" oya="3" hai0="74,111,86,134,1,75,69,33,50,60,51,92,58" hai1="70,14,121,47,48,99,87,94,106,53,76,132,117" hai2="45,41,62,110,72,7,36,85,49,116,115,130,13" hai3="15,114,123,19,24,37,100,23,20,128,91,59,119"/><W65/><G123/><T54/><D33/><U40/><E121/><V57/><F115/><W78/><G119/><T18/><D1/><U93/><E117/><V124/><F116/><W129/><G114/><T32/><D32/><U17/><E132/><V55/><F110/><W11/><G78/><T66/><D111/><U103/><E70/><V68/><F124/><W98/><G37/><T105/><D105/><U6/><E53/><V131/><F72/><W80/><G80/><T127/><D127/><U125/><E125/><V122/><F122/><W108/><G91/><T101/><D134/><U107/><E107/><V52/><F85/><W120/><G120/><T39/><D39/><U31/><E31/><V0/><F0/><W64/><G108/><T81/><D50/><U56/><E56/><V102/><F102/><W22/><G24/><T126/><D126/><U113/><E113/><V8/><F55/><W5/><G19/><T3/><D3/><U82/><REACH who="1" step="1"/><E6/><REACH who="1" ten="320,138,230,302" step="2"/><V73/><REACH who="2" step="1"/><F73/><REACH who="2" ten="320,138,220,302" step="2"/><W63/><G65/><AGARI ba="0,2" hai="7,8,13,36,41,45,49,52,57,62,65,68,130,131" machi="65" ten="40,8000,1" yaku="1,1,2,1,24,2,54,1,53,0" doraHai="89" doraHaiUra="95" who="2" fromWho="3" sc="320,0,138,0,220,100,302,-80" owari="320,42.0,138,-36.2,320,12.0,222,-17.8" /></mjloggm>