<mjloggm ver="2.3"><GO type="225" lobby="0"/><UN n0="%E3%83%B4%E3%83%A0%EF%BC%99%E3%81%A6" n1="%E6%B7%91%E5%A5%B3%E3%81%AE%E5%97%9C%E3%81%BF" n2="%E3%81%90%E3%81%A1%E3%82%84%E3%81%BE" n3="%E6%98%93%E5%88%A9%E8%96%A9%E4%BC%AF" dan="16,16,16,17" rate="2156.47,2085.26,2119.57,2189.78" sx="M,M,M,F"/><TAIKYOKU oya="0"/><INIT seed="0,0,0,1,1,53" ten="250,250,250,250" oya="0" hai0="21,124,16,45,14,89,4,115,1,62,94,22,6" hai1="134,80,82,29,57,101,95,119,3,105,70,116,74" hai2="42,40,130,117,33,114,64,2,61,52,49,8,97" hai3="132,17,92,104,77,81,85,11,27,75,125,98,120"/><T23/><D115/><U56/><E70/><V31/><F114/><W109/><G109/><T25/><D124/><U37/><E3/><V84/><F130/><W26/><G125/><T60/><D45/><U59/><E37/><V128/><F128/><W28/><G132/><T12/><D1/><U66/><E66/><V65/><F117/><W135/><G120/><T102/><D102/><U90/><E134/><V38/><F38/><W122/><G122/><T48/><D48/><U35/><E35/><V123/><F123/><W41/><G41/><T107/><D107/><U127/><E29/><V46/><F84/><W129/><G129/><T131/><D131/><U36/><E82/><V58/><F42/><W73/><G104/><T87/><D22/><U15/><E15/><V83/><F83/><W18/><G27/><T103/><D103/><U30/><E30/><V67/><F97/><W44/><G44/><T79/><D79/><N who="1" m="44151" /><E36/><V50/><F50/><W93/><G93/><T68/><D68/><U108/><E108/><V43/><F43/><W88/><G135/><T99/><D87/><N who="1" m="52703" /><E127/><V10/><REACH who="2" step="1"/><F2/><REACH who="2" ten="250,250,240,250" step="2"/><W72/><REACH who="3" step="1"/><G11/><REACH who="3" ten="250,250,240,240" step="2"/><T7/><REACH who="0" step="1"/><D12/><REACH who="0" ten="240,250,240,240" step="2"/><U111/><E111/><V69/><F69/><W20/><AGARI ba="0,3" hai="17,18,20,26,28,72,73,75,77,81,85,88,92,98" machi="20" ten="30,8000,1" yaku="1,1,2,1,0,1,54,1,53,1" doraHai="53" doraHaiUra="24" who="3" fromWho="3" sc="240,-40,250,-20,240,-20,240,110" /><INIT seed="1,0,0,5,5,89" ten="200,230,220,350" oya="1" hai0="48,90,111,109,71,114,78,23,91,75,118,37,126" hai1="17,53,52,130,117,82,110,11,30,40,133,76,121" hai2="103,96,14,69,15,12,108,32,77,124,7,79,85" hai3="39,93,46,5,72,116,92,24,20,135,113,18,128"/><U9/><E117/><V97/><F69/><W2/><G113/><T34/><D118/><U87/><E121/><V51/><F32/><W70/><G70/><T120/><D34/><U4/><E130/><V100/><F7/><W74/><G116/><T42/><D114/><U65/><E133/><V67/><F108/><N who="0" m="41546" /><D37/><U106/><E110/><V132/><F132/><W0/><G128/><T115/><D115/><U86/><E106/><V88/><F67/><W104/><G104/><T10/><D71/><U134/><E134/><V95/><F51/><W27/><G27/><T101/><D126/><U16/><E65/><V45/><F45/><W43/><G135/><T64/><D64/><U36/><E30/><V98/><F124/><W123/><G123/><T55/><D42/><U33/><E33/><V29/><F29/><W38/><G38/><T58/><D101/><AGARI ba="0,0" hai="12,14,15,77,79,85,88,95,96,97,98,100,101,103" machi="101" ten="40,5200,0" yaku="8,1,52,1,54,1" doraHai="89" who="2" fromWho="0" sc="200,-52,230,0,220,52,350,0" /><INIT seed="2,0,0,1,1,52" ten="148,230,272,350" oya="2" hai0="87,1,134,51,111,73,13,121,29,114,7,86,24" hai1="49,70,39,71,94,22,63,57,65,126,127,38,40" hai2="89,76,21,9,117,103,79,96,19,58,95,60,77" hai3="5,129,120,35,102,128,18,124,25,83,99,104,12"/><V85/><F9/><W33/><G120/><T130/><D121/><U81/><E94/><V112/><F112/><W113/><G124/><N who="1" m="47658" /><E81/><V106/><F117/><W11/><G113/><T105/><D114/><U118/><E22/><V93/><F106/><W100/><G100/><T17/><D73/><U90/><E90/><V66/><REACH who="2" step="1"/><F77/><REACH who="2" ten="148,230,262,350" step="2"/><W41/><G11/><T109/><D105/><U132/><E118/><V54/><F54/><W20/><G104/><T44/><D109/><U108/><E108/><V6/><F6/><W74/><G5/><T46/><D111/><U32/><E132/><V30/><F30/><W31/><G31/><T48/><D134/><U56/><E32/><V125/><F125/><W107/><G33/><T133/><D133/><U119/><E119/><V0/><F0/><W53/><G35/><T45/><D1/><U75/><E75/><V36/><F36/><N who="1" m="13865" /><E71/><V72/><F72/><W110/><G74/><T69/><D69/><U80/><E80/><V61/><F61/><W2/><G83/><T92/><D29/><U115/><E115/><V10/><F10/><W8/><G8/><T88/><D92/><U26/><E26/><AGARI ba="0,1" hai="19,21,26,58,60,66,76,79,85,89,93,95,96,103" machi="26" ten="30,11600,0" yaku="1,1,7,1,8,1,52,1,53,0" doraHai="52" doraHaiUra="122" who="2" fromWho="1" sc="148,0,230,-116,262,126,350,0" /><INIT seed="2,1,0,1,4,128" ten="148,114,388,350" oya="2" hai0="94,50,71,111,28,103,52,39,46,79,125,18,112" hai1="49,81,95,8,86,131,0,45,118,133,117,17,58" hai2="83,91,75,96,97,25,42,26,55,101,102,24,80" hai3="106,38,108,53,60,43,21,73,69,11,32,63,119"/><V59/><F42/><W22/><G32/><T132/><D112/><U20/><E131/><V121/><F121/><W84/><G73/><T9/><D71/><U88/><E58/><V70/><F70/><W93/><G106/><T12/><D111/><U114/><E114/><V36/><F36/><W99/><G119/><T61/><D125/><U67/><E67/><V57/><F75/><W76/><G108/><T27/><D39/><U78/><E133/><V56/><F55/><W120/><G120/><T66/><D79/><U90/><E0/><V16/><F16/><W6/><G43/><T124/><D132/><U82/><E82/><N who="2" m="31275" /><F91/><W130/><G38/><T129/><D129/><U65/><E65/><V115/><F115/><W19/><G19/><T100/><D124/><U14/><E20/><V41/><F41/><W33/><G22/><N who="0" m="15479" /><D66/><U107/><E107/><V74/><F74/><W51/><G21/><T15/><D15/><U126/><E126/><V7/><F7/><W5/><G5/><T48/><D48/><U123/><E123/><V34/><F34/><W35/><G6/><T116/><D61/><U31/><E31/><V77/><F77/><W29/><G69/><T44/><D44/><U104/><E104/><V89/><F89/><W3/><G29/><T110/><D110/><U135/><E135/><V40/><F40/><W64/><G35/><T98/><D116/><U54/><E78/><V37/><F37/><W1/><G33/><T13/><D13/><U4/><E4/><V109/><F109/><W134/><G76/><T68/><D68/><U113/><E113/><RYUUKYOKU ba="1,0" sc="148,10,114,10,388,10,350,-30" hai0="9,12,18,46,50,52,94,98,100,103" hai1="8,14,17,45,49,54,81,86,88,90,95,117,118" hai2="24,25,26,56,57,59,96,97,101,102" /><INIT seed="2,2,0,3,5,96" ten="158,124,398,320" oya="2" hai0="40,75,19,63,1,93,5,113,72,37,31,91,125" hai1="124,58,94,18,85,89,35,34,99,20,107,114,133" hai2="82,42,134,55,109,29,45,102,122,3,57,132,53" hai3="131,115,14,50,127,56,95,26,121,65,118,76,86"/><V77/><F122/><W90/><G118/><T84/><D113/><U64/><E114/><V39/><F3/><W130/><G115/><T123/><D123/><U112/><E112/><V70/><F70/><W59/><G121/><T23/><D125/><U33/><E124/><V32/><F29/><W128/><G127/><T83/><D31/><U46/><E133/><N who="2" m="51307" /><F32/><W67/><G76/><T92/><D63/><U22/><E46/><V21/><F21/><W116/><G116/><T68/><D68/><U43/><E43/><V54/><F109/><W27/><G14/><T13/><D72/><U52/><E64/><N who="3" m="24650" /><G50/><T60/><D60/><U104/><E99/><V108/><F108/><W10/><G10/><N who="0" m="4303" /><D75/><U129/><E129/><V8/><F8/><W12/><G12/><N who="0" m="9703" /><D37/><U44/><E22/><V0/><F0/><W9/><G9/><T4/><D4/><U88/><E89/><V25/><F25/><AGARI ba="2,0" hai="25,26,27,56,59,86,90,95,128,130,131" m="24650" machi="25" ten="40,1300,0" yaku="19,1" doraHai="96" who="3" fromWho="2" sc="158,0,124,0,398,-19,320,19" /><INIT seed="3,0,0,3,0,8" ten="158,124,379,339" oya="3" hai0="67,93,5,46,119,125,130,83,112,63,61,118,29" hai1="113,14,57,15,12,21,19,69,111,89,36,44,101" hai2="34,109,117,104,20,107,78,42,47,102,96,40,25" hai3="23,60,6,58,81,37,45,35,70,110,127,50,77"/><W116/><G35/><T24/><D125/><U68/><E113/><V99/><F117/><W52/><G116/><T41/><D112/><U108/><E101/><V13/><F109/><N who="1" m="42057" /><E57/><V28/><F13/><N who="1" m="5225" /><E89/><V87/><F104/><W0/><G110/><T38/><D5/><U86/><E86/><V126/><F96/><W11/><G127/><T135/><D135/><U48/><E36/><V56/><F87/><W43/><G23/><T9/><D9/><U27/><E27/><V62/><F56/><W17/><G17/><T120/><D120/><U55/><AGARI ba="0,0" hai="15,19,21,44,48,55,68,69" m="5225,42057" machi="55" ten="30,8000,1" yaku="14,1,52,4" doraHai="8" who="1" fromWho="1" sc="158,-20,124,80,379,-20,339,-40" owari="138,-36.2,204,-19.6,359,45.9,299,9.9" /></mjloggm>