<mjloggm ver="2.3"><GO type="225" lobby="0"/><UN n0="%EF%BC%AE%EF%BC%A1%EF%BC%AF%33%33%39" n1="%E9%A6%AC%E5%BC%95%E7%81%AB%33" n2="%E5%91%A8%E6%9D%B1" n3="%70%68%65%6E%6F%6D%65" dan="16,17,17,16" rate="2116.05,2192.96,2195.86,2149.23" sx="M,M,M,M"/><TAIKYOKU oya="0"/><INIT seed="0,0,0,0,4,5" ten="250,250,250,250" oya="0" hai0="68,74,32,118,79,56,81,48,135,17,45,98,2" hai1="82,41,129,47,108,40,124,31,63,88,109,106,49" hai2="6,13,99,12,26,9,103,114,30,59,133,23,102" hai3="130,134,39,123,83,57,94,72,43,4,44,19,53"/><T70/><BYE who="3" /><D118/><U90/><E106/><UN n3="%70%68%65%6E%6F%6D%65" /><V21/><F133/><W76/><G134/><T34/><D2/><U52/><E124/><V115/><F103/><W42/><G130/><T122/><D122/><U14/><E129/><V33/><F59/><W22/><G123/><T91/><D56/><U10/><E31/><V85/><F85/><W51/><G4/><T95/><D135/><U18/><E63/><V100/><F100/><W20/><G43/><N who="1" m="16458" /><E82/><V77/><F77/><W117/><G117/><T105/><D105/><U128/><E128/><V58/><F58/><W35/><G35/><T93/><D93/><U89/><E109/><V111/><F111/><W28/><G28/><T86/><D74/><U62/><E62/><V75/><F75/><W101/><REACH who="3" step="1"/><G19/><REACH who="3" ten="250,250,250,240" step="2"/><T0/><D34/><U65/><E108/><V132/><F132/><W27/><G27/><T78/><D32/><U50/><E50/><V126/><F126/><W37/><G37/><T87/><D17/><U24/><E24/><V104/><F33/><W96/><AGARI ba="0,1" hai="20,22,39,42,44,51,53,57,72,76,83,94,96,101" machi="96" ten="30,2000,0" yaku="1,1,0,1,53,0" doraHai="5" doraHaiUra="67" who="3" fromWho="3" sc="250,-10,250,-5,250,-5,240,30" /><INIT seed="1,0,0,4,3,23" ten="240,245,245,270" oya="1" hai0="7,70,108,36,78,41,69,40,73,0,92,106,100" hai1="119,65,125,94,9,20,59,43,111,116,46,83,82" hai2="18,103,68,79,124,127,52,56,132,123,80,12,1" hai3="115,5,96,84,126,53,122,39,47,72,51,128,77"/><U3/><E125/><V48/><F1/><W129/><G126/><T4/><D92/><U64/><E111/><V120/><F68/><W67/><G122/><T19/><D19/><U31/><E94/><V91/><F132/><W13/><G115/><T38/><D108/><U35/><E35/><V117/><F117/><W24/><G72/><T15/><D15/><U114/><E114/><V87/><F127/><W130/><G67/><T71/><D40/><U85/><E116/><V50/><F124/><W74/><G74/><T14/><D14/><U62/><E65/><V60/><F103/><W58/><G96/><N who="0" m="61703" /><D7/><U131/><E131/><V97/><F123/><W99/><G99/><T27/><D41/><U28/><E20/><V112/><F112/><W8/><G39/><T25/><D25/><U93/><E93/><N who="2" m="56511" /><F120/><W118/><G118/><T90/><D90/><U37/><E119/><V134/><F134/><W107/><G107/><T104/><D104/><U6/><REACH who="1" step="1"/><E82/><REACH who="1" ten="240,235,245,270" step="2"/><V110/><F110/><W54/><G129/><T113/><D113/><U86/><E86/><V49/><F60/><N who="3" m="35919" /><G130/><T44/><D73/><U121/><E121/><V57/><F57/><W30/><G128/><T101/><D70/><U34/><E34/><V26/><F26/><W105/><G105/><T98/><D27/><U133/><E133/><V22/><AGARI ba="0,1" hai="12,18,22,48,49,50,52,56,79,80,87" m="56511" machi="22" ten="30,2000,0" yaku="8,1,54,1" doraHai="23" who="2" fromWho="2" sc="240,-5,235,-10,245,30,270,-5" /><INIT seed="2,0,0,0,3,45" ten="235,225,275,265" oya="2" hai0="94,26,44,2,60,105,49,70,39,20,63,69,93" hai1="33,102,4,50,59,86,115,12,13,22,101,67,23" hai2="103,30,8,38,113,55,10,122,87,117,16,54,57" hai3="89,124,7,46,72,104,83,3,5,29,76,19,108"/><V97/><F113/><W61/><G104/><T25/><D105/><U68/><E115/><V123/><F117/><W9/><G29/><T128/><D2/><U111/><E33/><V99/><F38/><W131/><G108/><T125/><D39/><U80/><E111/><V112/><F112/><W27/><G124/><T48/><D44/><U91/><E68/><V90/><F30/><W35/><G131/><T133/><D20/><N who="1" m="7723" /><E67/><V119/><F119/><W34/><G7/><T116/><D116/><U84/><E84/><V43/><F43/><W51/><G19/><T77/><D77/><U135/><E135/><V58/><F87/><W82/><G61/><T65/><D65/><U1/><E1/><V21/><F90/><W14/><G3/><T28/><D28/><U52/><E4/><V129/><F21/><W126/><G27/><T114/><D114/><U98/><E98/><V64/><F64/><W134/><G126/><T31/><D31/><U96/><E96/><V47/><F47/><W92/><G134/><T106/><D106/><U37/><E37/><V11/><F129/><W85/><G82/><T88/><D125/><U132/><E132/><V78/><F16/><W0/><REACH who="3" step="1"/><G0/><REACH who="3" ten="235,225,275,255" step="2"/><T17/><D17/><U74/><E74/><V24/><F24/><W42/><AGARI ba="0,1" hai="5,9,14,34,35,42,46,51,72,76,83,85,89,92" machi="42" ten="20,12000,2" yaku="1,1,2,1,0,1,7,1,52,1,53,1" doraHai="45" doraHaiUra="81" who="3" fromWho="3" sc="235,-30,225,-30,275,-60,255,130" /><INIT seed="3,0,0,1,2,60" ten="205,195,215,385" oya="3" hai0="105,103,15,64,123,10,114,78,106,80,96,112,128" hai1="54,21,100,92,12,4,97,53,84,133,16,23,22" hai2="6,74,58,89,83,56,44,13,102,88,24,35,76" hai3="38,29,118,30,95,57,72,20,63,65,93,52,18"/><W0/><G72/><T31/><D123/><U69/><E133/><V131/><F102/><W25/><G118/><T94/><D31/><N who="3" m="11785" /><G38/><T19/><D64/><U104/><E69/><V50/><F24/><W17/><G0/><T71/><D71/><U73/><E73/><V11/><F35/><W26/><G52/><N who="1" m="20074" /><E104/><V77/><F131/><W85/><G85/><N who="0" m="48279" /><D128/><U33/><E33/><V132/><F132/><W5/><G5/><T120/><D120/><U14/><E84/><N who="2" m="48231" /><F77/><W36/><G36/><T111/><D111/><U115/><E115/><AGARI ba="0,0" hai="10,15,19,94,96,103,105,106,112,114,115" m="48279" machi="115" ten="30,1000,0" yaku="11,1" doraHai="60" who="0" fromWho="1" sc="205,10,195,-10,215,0,385,0" owari="215,1.5,185,-31.5,215,-18.5,385,48.5" /></mjloggm>