<mjloggm ver="2.3"><GO type="225" lobby="0"/><UN n0="%E5%8C%97%E6%AC%A7%E3%81%AE%E3%82%82%E3%81%93%E3%81%86" n1="%E3%83%B4%E3%83%A0%EF%BC%99%E3%81%A6" n2="%43%68%65" n3="%33%74%72%65%65" dan="17,16,16,16" rate="2205.44,2178.94,2117.55,2181.14" sx="M,M,M,F"/><TAIKYOKU oya="0"/><INIT seed="0,0,0,5,5,54" ten="250,250,250,250" oya="0" hai0="86,135,122,58,105,93,99,2,101,64,65,96,11" hai1="24,3,129,104,80,57,91,76,73,7,44,88,0" hai2="128,14,100,15,38,22,26,66,8,107,110,29,102" hai3="70,37,81,111,49,32,67,125,46,20,52,114,69"/><T16/><D122/><U43/><E104/><V42/><F110/><W4/><G32/><T5/><D135/><U103/><E103/><V61/><F128/><W112/><G4/><T98/><D86/><U56/><E129/><V75/><F75/><W9/><G9/><T79/><D79/><U48/><E24/><V35/><F15/><W21/><G111/><T77/><D77/><U30/><E30/><V106/><F102/><W119/><G81/><T89/><D98/><U51/><E51/><V134/><F134/><W40/><G20/><T41/><D41/><U13/><E13/><V113/><F113/><N who="3" m="43627" /><G21/><T10/><REACH who="0" step="1"/><D58/><REACH who="0" ten="240,250,250,250" step="2"/><U23/><E57/><V117/><F42/><W63/><G119/><T47/><D47/><U12/><E56/><V132/><F117/><W68/><G125/><T18/><D18/><U34/><E43/><V45/><F45/><AGARI ba="0,1" hai="37,40,45,46,49,52,63,67,68,69,70" m="43627" machi="45" ten="30,3900,0" yaku="34,2,54,1" doraHai="54" who="3" fromWho="2" sc="240,0,250,0,250,-39,250,49" /><INIT seed="1,0,0,0,0,1" ten="240,250,211,299" oya="1" hai0="133,110,7,103,47,60,5,38,41,62,59,112,0" hai1="76,82,131,89,114,49,64,104,90,83,32,105,43" hai2="108,72,109,69,36,63,85,117,91,56,14,70,21" hai3="127,98,124,6,35,106,99,16,39,8,61,80,52"/><U92/><E32/><V25/><F72/><W27/><G39/><T122/><D110/><N who="2" m="42602" /><F14/><N who="3" m="5399" /><G106/><N who="1" m="41066" /><E49/><V30/><F36/><W9/><G80/><N who="1" m="30762" /><E64/><N who="2" m="39015" /><F117/><W126/><G35/><T50/><D112/><U55/><E55/><V100/><F100/><W73/><G73/><T18/><D0/><U4/><E114/><V115/><F115/><W130/><G130/><T118/><D118/><U40/><E92/><AGARI ba="0,0" hai="21,25,30,69,70,85,91,92" m="39015,42602" machi="92" ten="30,1000,0" yaku="14,1" doraHai="1" who="2" fromWho="1" sc="240,0,250,-10,211,10,299,0" /><INIT seed="2,0,0,0,3,81" ten="240,240,221,299" oya="2" hai0="34,88,100,113,94,9,0,32,54,8,132,79,101" hai1="128,57,24,18,102,69,92,28,36,7,17,123,72" hai2="65,21,111,12,125,67,25,42,50,10,41,117,80" hai3="5,20,47,51,106,53,13,61,93,63,78,3,39"/><V89/><F117/><W31/><G106/><T60/><D113/><U76/><E69/><V16/><F125/><W96/><G39/><T126/><D132/><U87/><E36/><V27/><F111/><W109/><G109/><T131/><D131/><U40/><E128/><V77/><F89/><W37/><G37/><T29/><D79/><U110/><E110/><V38/><F38/><W56/><G78/><T130/><D130/><U99/><E72/><V52/><F27/><N who="3" m="16871" /><G3/><T107/><D107/><U43/><E7/><V73/><F67/><W35/><G35/><T91/><D0/><U134/><E134/><V120/><F65/><W48/><G13/><T85/><D29/><U33/><E57/><V45/><REACH who="2" step="1"/><F120/><REACH who="2" ten="240,240,211,299" step="2"/><W74/><G74/><T103/><D126/><U58/><E123/><V129/><F129/><W115/><G115/><T112/><D112/><U14/><E24/><V59/><F59/><W82/><G56/><N who="0" m="34839" /><D32/><U104/><E33/><V75/><F75/><W95/><G47/><T68/><D34/><U119/><E58/><V70/><F70/><W127/><G127/><T6/><D68/><U108/><E108/><V15/><F15/><W66/><G66/><T23/><D91/><N who="1" m="53375" /><E14/><V105/><F105/><W1/><G1/><T11/><D6/><AGARI ba="0,1" hai="6,10,12,16,21,25,41,42,45,50,52,73,77,80" machi="6" ten="30,11600,0" yaku="1,1,7,1,54,2,53,0" doraHai="81" doraHaiUra="64" who="2" fromWho="0" sc="240,-116,240,0,211,126,299,0" /><INIT seed="2,1,0,4,4,8" ten="124,240,337,299" oya="2" hai0="78,11,18,100,105,13,17,37,39,77,65,1,3" hai1="25,108,85,126,120,133,123,122,95,80,116,124,129" hai2="6,57,51,93,58,60,10,81,38,59,94,55,4" hai3="50,110,91,96,84,31,104,130,47,132,45,52,30"/><V103/><F38/><W22/><G110/><T98/><D65/><U32/><E108/><V92/><F103/><W7/><G130/><T113/><D113/><U26/><E116/><V27/><F81/><W20/><G132/><T87/><D87/><U2/><E2/><V19/><F59/><W43/><G7/><T128/><D128/><U21/><E129/><V117/><F117/><W67/><G67/><T63/><D63/><U70/><E70/><V23/><REACH who="2" step="1"/><F10/><REACH who="2" ten="124,240,327,299" step="2"/><W48/><G104/><T89/><D39/><U125/><E80/><V9/><F9/><W127/><G127/><T42/><D1/><U107/><E124/><V109/><F109/><W131/><G131/><T24/><D3/><U79/><E125/><V75/><F75/><W88/><G96/><T66/><D37/><U29/><E126/><V134/><F134/><W83/><G91/><T44/><D89/><U97/><E133/><V33/><F33/><W106/><G106/><T86/><D86/><U61/><E107/><V34/><F34/><W73/><G73/><T12/><D98/><U115/><E85/><V35/><F35/><W62/><G62/><T74/><D100/><N who="1" m="60479" /><E61/><V71/><F71/><W69/><G69/><T0/><D105/><U121/><E121/><V135/><F135/><W16/><REACH who="3" step="1"/><G20/><REACH who="3" ten="124,240,327,289" step="2"/><N who="0" m="13327" /><D74/><U99/><E99/><V5/><F5/><W49/><G49/><N who="0" m="26775" /><D0/><U90/><E90/><V64/><AGARI ba="1,2" hai="4,6,19,23,27,51,55,57,58,60,64,92,93,94" machi="64" ten="30,6000,0" yaku="1,1,0,1,8,1,53,0" doraHai="8" doraHaiUra="119" who="2" fromWho="2" sc="124,-21,240,-21,327,83,289,-21" /><INIT seed="2,2,0,1,4,113" ten="103,219,410,268" oya="2" hai0="93,48,96,72,22,8,100,9,62,118,79,83,133" hai1="103,55,126,112,135,92,6,117,76,54,26,89,58" hai2="132,115,15,14,109,35,27,101,39,98,85,87,66" hai3="31,80,45,18,75,42,78,57,20,128,108,86,0"/><V37/><F115/><W91/><G108/><T28/><D133/><U102/><E112/><V82/><F132/><W50/><G128/><T124/><D124/><U88/><E135/><V106/><F109/><W131/><G131/><T36/><D36/><U105/><E105/><V122/><F87/><W29/><G57/><T41/><D41/><U84/><E117/><V19/><F66/><W125/><G0/><T111/><D111/><U34/><E76/><V71/><F15/><W4/><G4/><T134/><D134/><U52/><E126/><V116/><F116/><W25/><G125/><T64/><D48/><U44/><E6/><V40/><F71/><W69/><G69/><T94/><D94/><AGARI ba="2,0" hai="18,20,25,29,31,42,45,50,75,78,80,86,91,94" machi="94" ten="30,1000,0" yaku="7,1" doraHai="113" who="3" fromWho="0" sc="103,-16,219,0,410,0,268,16" /><INIT seed="3,0,0,0,3,111" ten="87,219,410,284" oya="3" hai0="113,131,44,4,117,32,64,90,15,40,105,7,114" hai1="109,83,41,30,48,6,101,125,45,33,116,73,115" hai2="82,37,23,26,107,35,100,28,91,122,129,60,39" hai3="2,128,72,49,62,119,112,47,75,84,43,130,50"/><W3/><G119/><T63/><D105/><U76/><E116/><V13/><F129/><N who="3" m="49771" /><G62/><T25/><D131/><U18/><E109/><V85/><F122/><W93/><G84/><T79/><D117/><U99/><E125/><V120/><F120/><W1/><G93/><T22/><D79/><U53/><E6/><V36/><F60/><W65/><G65/><T98/><D32/><U66/><E66/><V27/><F13/><W89/><G89/><T80/><D15/><U57/><E18/><V11/><F107/><W12/><G12/><T58/><D4/><U124/><E124/><V20/><F100/><W19/><G19/><T94/><D7/><U14/><E14/><V46/><F91/><W132/><G132/><T29/><D80/><U87/><E87/><V10/><F85/><W9/><G9/><T96/><D96/><U86/><E86/><V42/><F82/><W56/><G72/><T52/><REACH who="0" step="1"/><D64/><REACH who="0" ten="77,219,410,284" step="2"/><U123/><E123/><V31/><F35/><W126/><G126/><T77/><D77/><U97/><E97/><V78/><F78/><W74/><G1/><T103/><D103/><U68/><E99/><V71/><F11/><W106/><G106/><T0/><D0/><U34/><E101/><V134/><F10/><W127/><G3/><T104/><D104/><U59/><E83/><V121/><F27/><W81/><G81/><T102/><D102/><U61/><E33/><V55/><F121/><W108/><G2/><T54/><D54/><U92/><E34/><V69/><F26/><W17/><G127/><T118/><D118/><U135/><E76/><RYUUKYOKU ba="0,1" sc="77,30,219,-10,410,-10,284,-10" hai0="22,25,29,40,44,52,58,63,90,94,98,113,114" owari="107,-39.3,209,-19.1,410,51.0,274,7.4" /></mjloggm>