<mjloggm ver="2.3"><GO type="225" lobby="0"/><UN n0="%E3%81%99%E3%83%BC%5F%E9%88%B4%E6%9C%A8%E6%B5%A9%E5%B9%B3" n1="%E5%8D%A0%E3%81%84%E5%B8%AB%E8%A3%8F%E3%81%AA%E3%81%84%E3%81%97" n2="%E6%A1%9C%E8%8A%B1%E9%96%83%E3%80%85" n3="%E9%B7%B9%E5%80%89%E6%9D%8F%E9%88%B4" dan="16,17,16,16" rate="2046.87,2247.26,2132.88,2100.57" sx="M,M,M,F"/><TAIKYOKU oya="0"/><INIT seed="0,0,0,2,3,78" ten="250,250,250,250" oya="0" hai0="40,101,52,34,31,50,81,130,35,2,123,125,71" hai1="79,76,87,84,58,1,67,26,92,80,49,117,11" hai2="10,93,45,88,131,62,113,134,23,116,25,13,100" hai3="42,91,135,66,86,97,60,4,128,74,127,115,122"/><T105/><D123/><U102/><E117/><V70/><F113/><W65/><G115/><T39/><D2/><U118/><E118/><V21/><F116/><W99/><G74/><T38/><D71/><U114/><E114/><V103/><F131/><W22/><G128/><T7/><D7/><U41/><E26/><V36/><F134/><W30/><G135/><T51/><D125/><U6/><E67/><V59/><F70/><W96/><G127/><T27/><D130/><U133/><E133/><V56/><F45/><W24/><G122/><T28/><D40/><U108/><E108/><V119/><F56/><W120/><G120/><T33/><D81/><U112/><E112/><V43/><F43/><W73/><G73/><T98/><D51/><U72/><E79/><V15/><F23/><W48/><G4/><T5/><D5/><U82/><E82/><V54/><F10/><W19/><G60/><T18/><D18/><U132/><E132/><V9/><F9/><W29/><G48/><T77/><D77/><U53/><REACH who="1" step="1"/><E41/><REACH who="1" ten="250,240,250,250" step="2"/><V109/><F119/><W90/><G42/><T12/><D27/><U47/><E47/><V129/><F109/><W121/><G121/><T104/><D28/><N who="3" m="10857" /><G66/><T64/><D64/><U95/><E95/><V111/><F111/><W8/><G65/><T3/><D31/><U57/><E57/><V85/><F129/><W94/><G8/><T14/><D105/><U17/><E17/><N who="2" m="12463" /><F36/><N who="0" m="13866" /><D3/><U20/><E20/><V126/><F126/><W110/><G110/><T69/><D69/><U32/><E32/><V107/><F107/><W89/><AGARI ba="0,1" hai="19,22,24,86,89,90,91,94,96,97,99" m="10857" machi="89" ten="30,2000,0" yaku="5,1,8,1" doraHai="78" who="3" fromWho="3" sc="250,-10,240,-5,250,-5,250,30" /><INIT seed="1,0,0,5,0,54" ten="240,235,245,280" oya="1" hai0="18,97,55,63,30,9,82,127,65,38,86,44,89" hai1="64,92,103,3,51,29,36,17,87,32,61,15,33" hai2="133,60,114,25,42,81,58,134,88,106,20,100,98" hai3="2,80,104,107,21,112,49,31,83,125,50,99,72"/><U95/><E3/><V37/><F114/><W90/><G112/><T93/><D127/><U121/><E36/><V19/><F42/><W74/><G2/><T108/><D108/><U71/><E121/><V130/><F37/><W122/><G122/><T10/><D30/><U59/><E29/><V8/><F130/><W113/><G31/><T34/><D34/><U129/><E129/><V78/><F8/><W43/><G21/><T120/><D120/><U4/><E4/><V126/><F126/><W52/><G43/><T96/><D96/><U70/><E95/><V128/><F128/><W119/><G125/><T41/><D18/><U0/><E0/><V57/><F88/><W14/><G14/><T28/><D55/><N who="1" m="32255" /><E71/><V13/><F13/><W24/><G52/><T12/><D28/><U48/><E48/><V1/><F1/><W101/><G24/><T105/><D12/><U46/><E46/><V6/><F6/><W75/><G113/><T91/><REACH who="0" step="1"/><D105/><REACH who="0" ten="230,235,245,280" step="2"/><U76/><E32/><V124/><F124/><W132/><G104/><T67/><D67/><U73/><E33/><V102/><F102/><W84/><G101/><T118/><D118/><U11/><E103/><V115/><F115/><W135/><G107/><T85/><D85/><U56/><E87/><N who="2" m="48567" /><F60/><W23/><G119/><T45/><D45/><U110/><E15/><V40/><F40/><W69/><G99/><T39/><D39/><U77/><E11/><V68/><F68/><AGARI ba="0,1" hai="9,10,38,41,44,63,65,68,82,86,89,91,93,97" machi="68" ten="30,2000,0" yaku="1,1,7,1,53,0" doraHai="54" doraHaiUra="22" who="0" fromWho="2" sc="230,30,235,0,245,-20,280,0" /><INIT seed="2,0,0,2,4,14" ten="260,235,225,280" oya="2" hai0="129,75,120,96,128,78,68,100,131,119,121,12,3" hai1="122,82,127,21,18,26,46,113,72,19,80,83,47" hai2="42,15,38,25,34,123,57,49,73,58,43,97,41" hai3="118,37,39,22,52,0,51,102,94,107,54,124,60"/><V9/><F123/><W86/><G118/><T106/><D119/><U24/><E113/><V7/><F38/><W110/><G0/><T109/><D3/><U61/><E122/><N who="0" m="47209" /><D68/><U36/><E127/><V87/><F73/><W48/><G60/><T64/><D64/><U112/><E112/><V6/><F6/><W135/><G107/><T111/><D12/><U71/><E72/><V108/><F108/><N who="0" m="41546" /><D75/><U44/><E36/><V114/><F114/><W10/><G110/><T69/><D69/><U70/><E61/><V32/><F97/><W92/><G10/><T63/><D63/><U134/><E134/><V104/><F104/><W88/><G135/><T77/><AGARI ba="0,0" hai="77,78,96,100,106,128,129,131" m="41546,47209" machi="77" ten="40,8000,1" yaku="19,1,14,1,34,2" doraHai="14" who="0" fromWho="0" sc="260,80,235,-20,225,-40,280,-20" /><INIT seed="3,0,0,5,5,88" ten="340,215,185,260" oya="3" hai0="122,33,89,14,95,65,9,49,34,45,20,28,64" hai1="24,75,37,55,111,5,115,87,129,83,51,71,11" hai2="77,92,85,117,79,80,57,126,131,101,46,100,134" hai3="54,25,78,6,96,127,23,74,106,39,43,123,16"/><W58/><G123/><T60/><D122/><U93/><E115/><V72/><F117/><W8/><G127/><T69/><D64/><U56/><E111/><V2/><F2/><W119/><G119/><T63/><D20/><U108/><E108/><V107/><F126/><W113/><G113/><T102/><D102/><U18/><E71/><V109/><F109/><W7/><G39/><T125/><D63/><U118/><E37/><V84/><F131/><W22/><G43/><T13/><D125/><U73/><E118/><V17/><F134/><W130/><G74/><T81/><D81/><U27/><E129/><V52/><F107/><W50/><G78/><N who="2" m="29705" /><F72/><W35/><G35/><T97/><D28/><U132/><E132/><V32/><F32/><W66/><G66/><T38/><D14/><N who="1" m="5487" /><E75/><V48/><F17/><W104/><G130/><T44/><D38/><U70/><E70/><V124/><F124/><W133/><G133/><T112/><D44/><U42/><E73/><V67/><F80/><W90/><G7/><T86/><D112/><U114/><E114/><V110/><F110/><W91/><G106/><T128/><D128/><U47/><E18/><V15/><F15/><W4/><G4/><T3/><D3/><U53/><E83/><V0/><F0/><W121/><G121/><T82/><D13/><U99/><E24/><V40/><F67/><W41/><G104/><T61/><D33/><U30/><E56/><V68/><F68/><W36/><G36/><T94/><D34/><N who="1" m="20831" /><E87/><N who="2" m="33355" /><F92/><W135/><G135/><T76/><D94/><U26/><E26/><V103/><F57/><RYUUKYOKU ba="0,0" sc="340,-15,215,15,185,15,260,-15" hai1="42,47,51,53,55,93,99" hai2="40,46,48,52,100,101,103" owari="325,42.5,230,-17.0,200,-30.0,245,4.5" /></mjloggm>