<mjloggm ver="2.3"><GO type="225" lobby="0"/><UN n0="%E6%B2%B3%E7%AB%A5%E3%81%AE%E3%83%AF%E3%82%AB%E3%83%9E%E3%83%84" n1="%E7%89%B9%E6%9D%B1%E3%81%AF%E4%B8%96%E7%95%8C%E3%82%92%E6%95%91%E3%81%86" n2="%E6%9C%88%E5%B3%B6%E5%9F%BA" n3="%E7%B4%94%E6%BD%94%E3%83%94%E3%83%A9%E3%83%8B%E3%82%A2" dan="18,16,16,16" rate="2193.31,2186.30,2108.60,2106.68" sx="M,M,M,M"/><TAIKYOKU oya="0"/><INIT seed="0,0,0,2,4,3" ten="250,250,250,250" oya="0" hai0="107,74,15,38,84,66,111,29,129,5,52,62,73" hai1="28,113,134,100,54,132,55,123,59,108,87,114,131" hai2="23,63,117,70,4,34,42,94,56,33,41,47,43" hai3="126,99,21,81,14,26,128,50,6,97,1,17,18"/><T86/><D107/><U25/><E100/><V91/><F117/><W27/><G126/><T105/><D105/><U24/><E87/><V122/><F122/><W133/><G128/><T89/><D38/><U22/><E59/><V90/><F70/><W96/><G133/><N who="1" m="51306" /><E55/><V78/><F78/><W67/><G67/><T72/><D129/><U116/><E54/><V11/><F23/><N who="3" m="13679" /><G1/><T19/><D52/><U45/><E45/><V61/><F47/><W80/><G50/><T60/><D60/><U69/><E69/><V40/><F40/><W9/><AGARI ba="0,0" hai="6,9,14,18,21,27,80,81,96,97,99" m="13679" machi="9" ten="30,2000,0" yaku="8,1,52,1" doraHai="3" who="3" fromWho="3" sc="250,-10,250,-5,250,-5,250,20" /><INIT seed="1,0,0,5,3,133" ten="240,245,245,270" oya="1" hai0="42,9,77,44,6,84,8,121,86,94,65,16,72" hai1="73,122,111,76,36,35,23,93,127,67,38,22,118" hai2="97,96,50,99,95,123,54,106,100,1,85,55,37" hai3="15,89,115,56,83,66,0,32,49,60,105,27,57"/><U21/><E118/><V92/><F37/><W64/><G0/><T13/><D121/><U78/><E122/><V48/><F123/><W125/><G115/><T70/><D70/><U116/><E116/><V62/><F1/><W103/><G15/><T31/><D65/><U18/><E35/><V101/><F85/><W53/><G89/><T20/><D31/><U117/><E117/><V126/><F126/><W10/><G83/><T40/><D8/><U4/><E4/><V134/><F134/><W135/><G125/><T88/><D72/><U119/><E67/><V71/><F71/><W129/><G135/><T52/><D77/><U74/><E119/><V17/><F17/><W39/><G39/><T46/><D86/><U80/><E127/><V79/><F79/><W128/><G10/><T51/><D44/><U75/><E18/><V114/><F114/><W7/><G7/><T58/><D46/><U69/><E69/><V98/><F62/><W41/><G41/><T24/><AGARI ba="0,0" hai="6,9,13,16,20,24,40,42,51,52,58,84,88,94" machi="24" ten="20,12000,2" yaku="0,1,7,1,8,1,54,3" doraHai="133" who="0" fromWho="0" sc="240,120,245,-60,245,-30,270,-30" /><INIT seed="2,0,0,2,0,2" ten="360,185,215,240" oya="2" hai0="11,91,112,44,15,102,23,32,88,114,113,93,40" hai1="29,20,8,123,55,127,96,98,26,115,101,70,56" hai2="124,9,21,86,97,100,111,134,19,51,16,6,5" hai3="64,3,117,90,18,132,116,41,53,25,135,27,77"/><V0/><F134/><N who="3" m="51243" /><G77/><T79/><D32/><U47/><E127/><V85/><F124/><W95/><G41/><T13/><D79/><U83/><E123/><V125/><F125/><W30/><G3/><T10/><D23/><U24/><E115/><V37/><F37/><W87/><G64/><T76/><D76/><U72/><E70/><V99/><F111/><W31/><G53/><T22/><D22/><U63/><E72/><V81/><F86/><W82/><G95/><T133/><D133/><U7/><E83/><V110/><F110/><W105/><G18/><T34/><D34/><U52/><E24/><N who="3" m="9290" /><G105/><T106/><D106/><U35/><E35/><V17/><F6/><W4/><G4/><T71/><D71/><U28/><E28/><AGARI ba="0,0" hai="28,30,31,82,87,90,116,117" m="9290,51243" machi="28" ten="30,1000,0" yaku="20,1" doraHai="2" who="3" fromWho="1" sc="360,0,185,-10,215,0,240,10" /><INIT seed="3,0,0,5,1,86" ten="360,175,215,250" oya="3" hai0="41,5,63,122,0,129,75,72,70,91,35,26,9" hai1="19,51,3,69,73,34,83,39,17,55,99,84,120" hai2="95,28,46,12,87,105,66,14,13,130,31,77,76" hai3="50,113,110,20,56,25,40,43,47,94,36,68,100"/><W1/><G113/><T89/><D91/><U127/><E127/><V71/><F105/><W109/><G1/><T8/><D122/><U115/><E115/><V112/><F112/><W30/><G68/><T118/><D118/><U7/><E120/><V54/><F130/><W23/><G23/><T108/><D108/><N who="3" m="41577" /><G56/><T101/><D101/><U2/><E39/><V58/><F66/><W133/><G133/><T111/><D129/><U82/><E69/><V114/><F46/><N who="3" m="23815" /><G94/><T6/><D41/><U67/><E67/><V32/><F32/><W85/><G85/><T117/><D117/><U119/><E34/><V64/><F64/><W53/><G100/><T96/><D63/><U74/><E119/><V37/><F37/><W132/><G132/><T126/><D70/><U98/><E98/><V44/><F44/><W60/><G60/><T123/><D123/><U49/><E99/><V103/><F114/><W124/><G124/><T15/><D126/><U92/><E84/><V79/><F71/><W18/><G43/><T21/><D35/><U97/><E97/><N who="2" m="59839" /><F87/><W4/><G4/><T59/><D59/><U16/><E92/><V135/><F135/><W125/><G125/><T128/><D128/><U121/><E121/><V24/><F24/><W131/><G131/><T10/><D111/><U106/><E106/><V104/><F104/><W102/><G102/><T134/><D134/><U29/><E29/><AGARI ba="0,0" hai="18,20,25,29,30,47,50,53" m="23815,41577" machi="29" ten="30,2900,0" yaku="14,1,10,1" doraHai="86" who="3" fromWho="1" sc="360,0,175,-29,215,0,250,29" /><INIT seed="3,1,0,0,5,69" ten="360,146,215,279" oya="3" hai0="41,102,51,63,8,97,111,18,90,53,106,85,4" hai1="125,22,77,52,126,86,15,1,50,95,34,6,24" hai2="135,16,0,7,68,70,32,100,5,45,20,3,17" hai3="103,112,66,26,74,11,62,43,60,96,55,81,120"/><W133/><G112/><T92/><D111/><U35/><E1/><N who="2" m="587" /><F45/><W89/><G120/><T131/><D131/><U42/><E42/><V38/><F100/><W80/><G133/><T71/><D18/><N who="2" m="7274" /><F38/><W39/><G11/><T88/><D41/><U12/><E77/><V127/><F70/><W73/><G26/><T21/><D21/><U65/><E65/><V117/><F68/><W29/><G29/><T72/><D72/><U101/><E101/><V87/><F87/><W115/><G115/><T33/><D33/><U108/><E108/><V36/><F36/><W134/><G134/><T30/><D30/><U114/><E114/><V40/><F40/><W25/><G25/><T132/><D132/><U124/><E95/><V61/><F61/><W13/><G55/><T57/><D90/><U109/><E86/><V94/><F94/><W28/><G28/><T48/><D71/><U59/><E109/><V56/><F56/><W123/><G123/><T113/><D113/><U107/><E107/><V130/><F117/><W14/><G43/><T75/><D75/><U104/><E104/><V46/><F46/><W105/><G103/><T37/><D37/><U99/><E99/><V58/><F58/><W67/><G105/><T93/><D106/><U118/><E118/><V82/><F32/><W84/><G39/><T49/><D63/><U83/><E83/><V19/><F135/><W76/><G84/><T119/><D119/><U79/><E79/><V27/><F130/><W10/><G76/><T31/><D102/><U44/><E35/><V91/><F127/><W129/><G73/><RYUUKYOKU ba="1,0" sc="360,-10,146,-10,215,30,279,-10" hai2="5,7,19,20,27,82,91" owari="350,45.0,136,-36.4,245,-15.5,269,6.9" /></mjloggm>