<mjloggm ver="2.3"><GO type="225" lobby="0"/><UN n0="%E3%83%96%E3%83%83%E3%83%91%E3%82%AA%E3%83%96%E3%83%81%E3%82%AD%E3%83%B3" n1="%E3%82%A4%E3%83%BC%E3%82%B1%E3%83%97%E3%83%A9" n2="%E3%81%8B%E3%82%8F%E3%81%A1%E3%82%83%E3%82%93%35%38" n3="%E6%97%A5%E6%9B%9C%E6%97%A5%E3%82%88%E3%82%8A%E3%81%AE%E4%BD%BF%E8%80%85" dan="16,16,16,17" rate="2159.28,2103.92,2161.97,2266.51" sx="M,M,M,M"/><TAIKYOKU oya="0"/><INIT seed="0,0,0,3,5,55" ten="250,250,250,250" oya="0" hai0="74,88,98,42,62,125,111,89,77,16,119,32,28" hai1="26,9,31,63,87,99,73,53,60,93,48,18,29" hai2="133,23,24,75,56,30,134,22,57,82,58,67,71" hai3="84,95,27,25,0,50,92,124,49,112,61,96,116"/><T59/><D119/><U8/><E73/><V108/><F108/><W69/><G0/><T97/><D111/><U47/><E87/><V17/><F71/><W110/><G116/><T14/><D125/><U81/><E81/><V4/><F4/><W128/><G110/><T104/><D42/><U114/><E114/><V120/><F67/><W45/><G124/><T103/><D98/><U10/><E18/><V21/><F120/><W121/><G112/><T66/><D74/><U107/><E107/><V44/><F44/><W51/><G128/><T127/><D77/><U68/><E68/><V1/><F1/><W7/><G7/><T79/><D79/><U83/><E83/><V78/><REACH who="2" step="1"/><F17/><REACH who="2" ten="250,250,240,250" step="2"/><W33/><G69/><T46/><D127/><U43/><E43/><V109/><F109/><W72/><G45/><T126/><D46/><U115/><E115/><V41/><F41/><W6/><G6/><T135/><D126/><U94/><E31/><V100/><F100/><W102/><G121/><T122/><D122/><U5/><E5/><V13/><F13/><W52/><G102/><T11/><REACH who="0" step="1"/><D135/><AGARI ba="0,1" hai="21,22,23,24,30,56,57,58,75,78,82,133,134,135" machi="135" ten="40,8000,1" yaku="1,1,20,1,52,3,53,0" doraHai="55" doraHaiUra="12" who="2" fromWho="0" sc="250,-80,250,0,240,90,250,0" /><INIT seed="1,0,0,3,0,97" ten="170,250,330,250" oya="1" hai0="25,26,104,55,134,67,72,60,120,59,19,0,101" hai1="129,62,124,58,89,108,44,84,102,135,40,41,35" hai2="42,43,37,45,118,91,92,73,74,54,8,122,17" hai3="63,51,75,115,71,15,78,116,14,128,99,52,79"/><U106/><E35/><V64/><F122/><W123/><G123/><T10/><D120/><U33/><E33/><V90/><F118/><W113/><G75/><T133/><D72/><U77/><E77/><V21/><F64/><W117/><G63/><T31/><D104/><U69/><E69/><V47/><F8/><W18/><G71/><T70/><D101/><U16/><E129/><V3/><F54/><W48/><G99/><T50/><D31/><U96/><E135/><V46/><F46/><W65/><G65/><T80/><D80/><U86/><E124/><V2/><F2/><W131/><G18/><T125/><D125/><U34/><E34/><V23/><F3/><W11/><G11/><T39/><D39/><U61/><E61/><V121/><F121/><W93/><G93/><T20/><REACH who="0" step="1"/><D26/><REACH who="0" ten="160,250,330,250" step="2"/><U12/><E102/><V29/><F29/><W83/><G83/><T114/><D114/><U22/><E106/><V6/><F37/><W98/><G115/><T38/><D38/><U1/><E89/><V112/><F112/><W36/><G113/><T24/><D24/><U32/><E32/><V111/><F91/><W132/><G36/><T88/><D88/><U119/><E119/><V95/><F90/><W9/><G117/><T49/><D49/><U5/><E108/><V7/><F111/><W100/><G116/><T126/><D126/><U107/><E107/><V94/><F94/><W130/><G128/><T82/><D82/><U109/><E109/><V105/><F105/><W4/><G130/><T13/><D13/><U87/><E12/><V53/><F92/><RYUUKYOKU ba="0,1" sc="160,30,250,-10,330,-10,250,-10" hai0="0,10,19,20,25,50,55,59,60,67,70,133,134" /><INIT seed="2,1,1,0,5,104" ten="190,240,320,240" oya="2" hai0="119,116,71,37,127,114,19,107,3,49,11,102,118" hai1="75,124,15,41,96,40,84,24,53,60,89,50,83" hai2="113,18,77,85,21,86,8,100,38,26,106,30,98" hai3="45,64,29,95,27,69,128,35,17,87,34,33,117"/><V51/><F38/><W56/><G117/><T135/><D114/><U91/><E124/><V93/><F113/><W131/><G69/><T65/><D37/><U57/><E75/><V54/><F106/><W28/><G45/><T16/><D127/><U72/><E72/><V66/><F66/><W12/><G64/><T43/><D135/><U58/><E15/><N who="2" m="7527" /><F77/><W7/><G56/><AGARI ba="1,1" hai="21,26,30,51,54,56,85,86,93,98,100" m="7527" machi="56" ten="30,1500,0" yaku="8,1" doraHai="104" who="2" fromWho="3" sc="190,0,240,0,320,28,240,-18" /><INIT seed="2,2,0,1,3,70" ten="190,240,348,222" oya="2" hai0="3,116,20,37,54,10,93,101,30,124,1,59,132" hai1="7,66,130,94,49,0,56,86,123,100,131,81,53" hai2="28,31,69,2,15,127,11,88,72,27,84,114,98" hai3="12,126,135,13,120,58,82,122,90,115,104,110,43"/><V40/><F72/><W6/><G104/><T112/><D112/><U117/><E117/><V21/><F69/><W23/><G43/><T62/><D116/><U109/><E109/><V133/><F2/><W102/><G102/><T51/><D124/><U25/><E123/><V50/><F114/><W18/><G58/><T118/><D118/><U85/><E66/><V4/><F98/><W38/><G82/><T83/><D132/><U14/><E0/><V74/><F74/><W8/><G90/><T9/><D37/><U32/><E7/><V113/><F133/><W63/><G63/><T35/><D35/><U33/><E14/><V68/><F68/><W24/><G38/><T42/><D83/><U75/><E75/><V16/><F127/><W96/><G96/><N who="0" m="59535" /><D1/><U103/><E103/><V46/><F113/><W108/><G135/><T119/><D3/><U44/><E56/><V48/><F48/><W97/><G97/><T105/><D105/><U128/><E25/><V61/><F61/><W134/><G134/><T92/><D92/><AGARI ba="2,0" hai="4,11,15,16,21,27,28,31,40,46,50,84,88,92" machi="92" ten="30,11600,0" yaku="7,1,8,1,54,2" doraHai="70" who="2" fromWho="0" sc="190,-122,240,0,348,122,222,0" /><INIT seed="2,3,0,5,5,47" ten="68,240,470,222" oya="2" hai0="54,39,77,35,87,65,36,7,101,128,70,132,1" hai1="106,82,44,13,23,92,124,79,100,11,8,134,96" hai2="95,66,14,119,29,60,110,34,135,46,0,112,81" hai3="91,94,42,85,114,83,75,31,74,15,133,55,53"/><V32/><F0/><W22/><G133/><T61/><D35/><U107/><E134/><V98/><F119/><W84/><G114/><T3/><D132/><U50/><E124/><V33/><F135/><W99/><G42/><T129/><D101/><U48/><E106/><V104/><F104/><W123/><G123/><T67/><D87/><N who="1" m="48607" /><E107/><V28/><F110/><W115/><G115/><T89/><D89/><U130/><E130/><N who="0" m="50281" /><D77/><U103/><E103/><V86/><F14/><W30/><G75/><T78/><D78/><U17/><E50/><V109/><F109/><W76/><G74/><T127/><D7/><U71/><E71/><V19/><F19/><N who="3" m="10623" /><G85/><T105/><D105/><U116/><E116/><V125/><F112/><W4/><G4/><T64/><D127/><U80/><E80/><V56/><F125/><W37/><G37/><N who="0" m="14411" /><D1/><U51/><E51/><V12/><F86/><W5/><G5/><T58/><D3/><U108/><E108/><V16/><F81/><W24/><G24/><T62/><AGARI ba="3,0" hai="54,58,61,62,64,65,67,70" m="14411,50281" machi="62" ten="40,5200,0" yaku="19,1,34,2" doraHai="47" who="0" fromWho="0" sc="68,61,240,-16,470,-29,222,-16" /><INIT seed="3,0,0,4,0,48" ten="129,224,441,206" oya="3" hai0="63,6,37,87,28,27,126,19,39,119,9,88,82" hai1="104,15,5,112,34,41,90,50,100,59,129,33,43" hai2="67,101,81,106,38,117,30,78,91,18,71,123,109" hai3="76,55,47,85,36,103,16,40,134,4,54,118,69"/><W89/><G118/><T132/><D119/><U84/><E112/><V2/><F38/><W92/><G69/><T14/><D132/><U1/><E1/><V98/><F2/><W58/><G134/><T57/><D126/><U65/><E129/><V66/><F71/><W72/><G4/><T128/><D128/><U125/><E125/><V75/><F117/><W52/><G103/><T122/><D122/><U26/><E100/><V110/><F123/><W22/><G76/><T93/><D82/><U108/><E104/><V102/><F30/><W116/><G72/><T111/><D111/><N who="2" m="42506" /><F102/><W94/><G116/><T131/><D6/><U23/><E108/><V80/><F18/><W97/><G97/><T31/><D131/><U120/><E33/><V49/><F49/><N who="3" m="30991" /><G94/><T44/><D44/><U73/><E34/><V45/><F45/><W95/><G92/><T86/><D31/><N who="1" m="17887" /><E73/><V53/><F81/><W17/><G17/><T12/><D12/><AGARI ba="0,0" hai="12,16,22,36,40,47,54,55,85,89,95" m="30991" machi="12" ten="30,18000,2" yaku="25,1,52,3,54,2" doraHai="48" who="3" fromWho="0" sc="129,-180,224,0,441,0,206,180" owari="-51,-55.1,224,-17.6,441,54.1,386,18.6" /></mjloggm>