<mjloggm ver="2.3"><GO type="225" lobby="0"/><UN n0="%E8%81%B7%E6%A5%AD%E3%80%81%E9%A2%A8%32" n1="%79%75%72%69%6D%6F%67" n2="%E5%91%A8%E6%9D%B1" n3="%E6%9C%88%E5%B3%B6%E5%9F%BA" dan="16,16,16,16" rate="2151.42,2133.55,2157.81,2157.87" sx="M,F,M,M"/><TAIKYOKU oya="0"/><INIT seed="0,0,0,4,4,11" ten="250,250,250,250" oya="0" hai0="105,135,21,131,94,97,40,24,113,91,86,115,37" hai1="33,96,104,36,18,67,111,7,83,76,87,129,127" hai2="28,1,118,16,4,79,3,80,12,19,117,125,100" hai3="75,50,61,34,14,49,15,32,73,78,51,29,68"/><T132/><D131/><U103/><E36/><V70/><F70/><W109/><G109/><T120/><D120/><U8/><E111/><V58/><F100/><W90/><G90/><T122/><D122/><U95/><E127/><V89/><F125/><W114/><G114/><T88/><D40/><U92/><E33/><V74/><F28/><W63/><G68/><T116/><D37/><U5/><E5/><V6/><F89/><W65/><G65/><T55/><D116/><N who="2" m="44650" /><F19/><W25/><G78/><T82/><D105/><U17/><E67/><V22/><F58/><W84/><G84/><T38/><D38/><U10/><E129/><V13/><F13/><N who="3" m="4619" /><G25/><T106/><D106/><U102/><E10/><V124/><F124/><W39/><G39/><T30/><REACH who="0" step="1"/><D55/><REACH who="0" ten="240,250,250,250" step="2"/><U93/><REACH who="1" step="1"/><E103/><REACH who="1" ten="240,240,250,250" step="2"/><V108/><F108/><W48/><N who="3" m="12288" /><DORA hai="98" /><W60/><G29/><T71/><D71/><U23/><E23/><V126/><F126/><W46/><G46/><T81/><D81/><U121/><E121/><V99/><F6/><W123/><G123/><T47/><D47/><U43/><E43/><V42/><F42/><W101/><G101/><T0/><D0/><AGARI ba="0,2" hai="0,7,8,17,18,76,83,87,92,93,95,96,102,104" machi="0" ten="40,5200,0" yaku="1,1,52,1,53,1" doraHai="11,98" doraHaiUra="41,72" who="1" fromWho="0" sc="240,-52,240,72,250,0,250,0" /><INIT seed="1,0,0,2,3,19" ten="188,312,250,250" oya="1" hai0="115,75,78,45,117,86,79,6,8,88,58,59,122" hai1="14,35,107,63,32,96,60,113,33,29,5,42,10" hai2="108,43,72,1,15,0,126,93,40,84,76,85,135" hai3="109,39,37,13,105,30,11,17,16,74,62,111,94"/><U87/><E113/><V57/><F108/><N who="3" m="41547" /><G105/><T119/><D115/><U134/><E134/><V21/><F135/><W56/><G74/><T82/><D122/><U65/><E42/><V121/><F121/><W92/><G30/><T112/><D112/><U114/><E114/><V7/><F126/><W51/><G51/><T69/><D69/><U2/><E60/><V24/><F72/><W20/><G39/><T48/><D117/><U12/><E87/><V81/><F0/><W118/><G37/><T36/><D36/><U129/><E129/><V25/><F1/><W120/><G118/><T41/><D119/><U4/><E4/><V90/><F57/><W47/><G47/><T3/><REACH who="0" step="1"/><D75/><REACH who="0" ten="178,312,250,250" step="2"/><U38/><E38/><V83/><F83/><W131/><G120/><T110/><D110/><U53/><E35/><V67/><F67/><N who="3" m="39367" /><G131/><T80/><D80/><U68/><E33/><V66/><F66/><W133/><G133/><T50/><D50/><U89/><E32/><V22/><F40/><W116/><G116/><T123/><D123/><U73/><E68/><V103/><F43/><W130/><G130/><T23/><D23/><N who="2" m="8714" /><F103/><W34/><G34/><T46/><D46/><U99/><E73/><V52/><F52/><W91/><G91/><T132/><D132/><U124/><E53/><V70/><F70/><W28/><G28/><T31/><D31/><U98/><E65/><V49/><F49/><W127/><G127/><T102/><D102/><U77/><E124/><V71/><F71/><W44/><G44/><T64/><D64/><U104/><E29/><V26/><F26/><AGARI ba="0,1" hai="11,13,16,17,20,26,92,94" m="39367,41547" machi="26" ten="30,7700,0" yaku="6,1,14,1,52,1,54,1" doraHai="19" who="3" fromWho="2" sc="178,0,312,0,250,-77,250,87" /><INIT seed="2,0,0,3,3,72" ten="178,312,173,337" oya="2" hai0="78,36,107,102,53,118,68,96,8,82,1,14,92" hai1="95,86,122,98,83,29,44,25,50,131,65,48,101" hai2="115,12,119,52,97,69,33,58,124,26,129,80,20" hai3="70,99,15,75,84,56,117,4,51,21,39,128,46"/><V71/><F119/><W112/><G75/><T91/><D118/><U110/><E110/><V38/><F115/><W5/><G70/><T43/><D68/><U60/><E131/><V41/><F129/><W17/><G128/><T134/><D134/><U109/><E109/><V7/><F124/><W63/><G39/><T88/><D1/><U42/><E50/><V135/><F135/><W105/><G112/><T120/><D120/><U106/><E106/><V27/><F33/><W30/><G117/><T11/><D53/><U87/><E122/><V66/><F97/><W34/><G34/><T121/><D121/><U55/><E42/><V108/><F108/><W67/><G30/><T31/><D31/><U6/><E6/><V77/><F66/><W79/><G105/><T133/><D133/><U40/><E40/><V103/><F103/><W113/><G99/><T62/><D62/><U85/><E83/><V18/><F38/><W74/><G74/><N who="0" m="43351" /><D91/><U28/><REACH who="1" step="1"/><E25/><REACH who="1" ten="178,302,173,337" step="2"/><V19/><F41/><N who="3" m="25039" /><G113/><T130/><D130/><U37/><E37/><V24/><F7/><W22/><G5/><N who="0" m="3343" /><D43/><U23/><E23/><V10/><F26/><W81/><G4/><T104/><D104/><U127/><E127/><V93/><F27/><W35/><G35/><T111/><D36/><U0/><E0/><V132/><F132/><W73/><G73/><T125/><D125/><U116/><E116/><V61/><F93/><W64/><G21/><T16/><D111/><U123/><E123/><V45/><F45/><W114/><G114/><T2/><D2/><U13/><E13/><V89/><F77/><RYUUKYOKU ba="0,1" sc="178,-30,302,10,173,10,337,10" hai1="28,29,44,48,55,60,65,85,86,87,95,98,101" hai2="10,12,18,19,20,24,52,58,61,69,71,80,89" hai3="15,17,22,56,63,64,67,79,81,84" /><INIT seed="2,1,1,1,3,85" ten="148,312,183,347" oya="2" hai0="75,55,74,132,133,14,103,63,60,36,87,80,58" hai1="37,83,79,46,34,68,126,100,23,26,129,57,123" hai2="61,93,71,15,76,67,19,7,121,44,54,49,69" hai3="65,48,42,39,12,86,27,131,101,120,62,115,92"/><V70/><F121/><W78/><G120/><T77/><D36/><U31/><E126/><V25/><F76/><W134/><G39/><T106/><D106/><U2/><E129/><V108/><F7/><W32/><G131/><T18/><D103/><U98/><E68/><V94/><F25/><W16/><G134/><N who="0" m="51819" /><D60/><U45/><E2/><V24/><F24/><W109/><G109/><T89/><D77/><U117/><E117/><V5/><F5/><W22/><G115/><T122/><D122/><U30/><E30/><V107/><F107/><W90/><G101/><T118/><D118/><U29/><E29/><V95/><REACH who="2" step="1"/><F108/><REACH who="2" ten="148,312,173,347" step="2"/><W111/><G111/><T84/><D84/><U17/><E123/><V96/><F96/><W116/><G116/><T102/><D102/><U130/><E130/><V104/><F104/><W125/><G78/><T88/><D89/><U11/><E34/><V10/><AGARI ba="1,2" hai="10,15,19,44,49,54,61,67,69,70,71,93,94,95" machi="10" ten="30,3000,0" yaku="1,1,0,1,53,0" doraHai="85" doraHaiUra="113" who="2" fromWho="2" sc="148,-11,312,-11,173,53,347,-11" /><INIT seed="2,2,0,4,2,67" ten="137,301,226,336" oya="2" hai0="2,73,126,82,14,59,80,9,43,110,113,92,45" hai1="131,130,37,90,25,30,35,32,23,120,97,18,8" hai2="76,26,94,107,0,66,123,10,60,65,56,118,17" hai3="13,89,132,106,115,55,77,101,54,68,29,125,75"/><V111/><F123/><W49/><G29/><T129/><D113/><U91/><E37/><V108/><F118/><W81/><G115/><T84/><D110/><N who="2" m="42026" /><F107/><W24/><G24/><T21/><D126/><U134/><E97/><V36/><F36/><W62/><G125/><T52/><D129/><N who="1" m="49163" /><E91/><V31/><F76/><W83/><G132/><T41/><D73/><U103/><E90/><V57/><F94/><W85/><G13/><T127/><D127/><U105/><E103/><V22/><F66/><W104/><G101/><T112/><D112/><U63/><E63/><V7/><F31/><W78/><G89/><N who="0" m="53287" /><D2/><U1/><E105/><V119/><F119/><W95/><G95/><T4/><D21/><N who="1" m="15663" /><E134/><V74/><F74/><W40/><G104/><T15/><D15/><N who="1" m="9695" /><E120/><V116/><F116/><W48/><G106/><T20/><D20/><U27/><E27/><V58/><AGARI ba="2,0" hai="0,7,10,17,22,26,56,57,58,60,65" m="42026" machi="58" ten="30,3000,0" yaku="14,1,10,1" doraHai="67" who="2" fromWho="2" sc="137,-12,301,-12,226,36,336,-12" /><INIT seed="2,3,0,2,0,30" ten="125,289,262,324" oya="2" hai0="105,79,66,57,107,118,22,47,130,133,45,81,46" hai1="58,97,55,29,134,18,56,67,19,28,64,113,24" hai2="71,40,7,100,48,34,102,112,122,20,17,15,108" hai3="25,36,4,44,74,121,93,83,127,73,61,60,62"/><V109/><F122/><W88/><G121/><T91/><D130/><U119/><E113/><V75/><F112/><W77/><G127/><T53/><D133/><U26/><E134/><V125/><F71/><W63/><G74/><T128/><D128/><U82/><E97/><V39/><F75/><W98/><G4/><T116/><D66/><U32/><E82/><V87/><F39/><W3/><G3/><T41/><D41/><U76/><E76/><V104/><F125/><W8/><G8/><T54/><D91/><U120/><E120/><V135/><F135/><W27/><N who="3" m="15360" /><DORA hai="84" /><W115/><REACH who="3" step="1"/><G115/><REACH who="3" ten="125,289,262,314" step="2"/><T124/><D124/><U43/><E119/><N who="0" m="45609" /><D57/><U9/><E9/><V132/><F7/><W123/><G123/><T5/><D5/><U94/><E67/><V126/><F126/><W92/><G92/><T70/><D70/><U51/><E64/><V13/><F132/><W0/><G0/><T49/><D49/><U95/><E58/><V50/><F48/><W131/><G131/><T1/><D1/><U23/><E43/><AGARI ba="3,1" hai="25,27,36,43,44,73,77,83,88,93,98" m="15360" machi="43" ten="50,6400,0" yaku="1,1,52,1,54,1,53,0" doraHai="30,84" doraHaiUra="96,52" who="3" fromWho="1" sc="125,0,289,-73,262,0,314,83" /><INIT seed="3,0,0,5,5,91" ten="125,216,262,397" oya="3" hai0="21,114,66,33,48,82,111,131,37,30,50,96,29" hai1="115,85,94,69,23,13,58,118,133,75,20,28,62" hai2="112,9,32,98,0,120,43,27,73,107,2,11,104" hai3="130,51,126,92,63,45,128,47,134,135,97,102,129"/><W124/><G63/><T42/><D111/><U109/><E115/><V56/><F73/><W40/><G47/><T44/><D114/><U95/><E109/><V65/><F43/><W90/><G102/><T113/><D113/><U86/><E75/><V1/><F112/><W122/><G122/><T31/><D33/><U46/><E69/><V81/><F81/><W35/><G35/><T8/><D66/><U3/><E3/><V83/><F83/><W123/><G123/><T7/><D21/><U72/><E72/><V59/><F65/><W93/><G93/><N who="1" m="35338" /><E133/><AGARI ba="0,0" hai="40,45,51,90,92,97,124,126,128,129,130,133,134,135" machi="133" ten="50,12000,1" yaku="30,2,19,1,20,1,52,1" doraHai="91" who="3" fromWho="1" sc="125,0,216,-120,262,0,397,120" owari="125,-27.5,96,-40.4,262,6.2,517,61.7" /></mjloggm>