<mjloggm ver="2.3"><GO type="225" lobby="0"/><UN n0="%E7%B4%94%E6%BD%94%E3%83%94%E3%83%A9%E3%83%8B%E3%82%A2" n1="%E3%81%AF%E3%82%88%E3%81%8A%E3%81%98%E3%81%95%E3%82%93" n2="%E3%81%BF%E3%81%BF%E3%81%9A" n3="%72%61%6B%33" dan="17,16,17,16" rate="2231.11,2193.50,2209.28,2092.10" sx="M,M,M,M"/><TAIKYOKU oya="0"/><INIT seed="0,0,0,0,2,94" ten="250,250,250,250" oya="0" hai0="20,3,17,109,49,60,119,68,95,28,84,51,131" hai1="40,132,130,63,33,21,129,14,34,81,43,22,26" hai2="62,125,97,98,2,117,10,19,54,124,123,50,91" hai3="64,37,75,99,111,89,74,31,11,29,30,55,120"/><T45/><D119/><U71/><E132/><V72/><F123/><W110/><G120/><T83/><D3/><U76/><E14/><N who="2" m="7639" /><F72/><W7/><G37/><T36/><D131/><N who="1" m="50187" /><E63/><V59/><F2/><W86/><G64/><T41/><D28/><N who="1" m="17487" /><E22/><V78/><F78/><W66/><G55/><T112/><D112/><U85/><E71/><V27/><F117/><W77/><G77/><T38/><D38/><U1/><E1/><V133/><F133/><W82/><G66/><T6/><D6/><U126/><E126/><N who="2" m="48747" /><F91/><W92/><G75/><T121/><D121/><U90/><E90/><V23/><F62/><W8/><G74/><T134/><D134/><U80/><E81/><V24/><F24/><W35/><G35/><AGARI ba="0,0" hai="33,34,35,40,43,76,80,85" m="17487,50187" machi="35" ten="30,1000,0" yaku="19,1" doraHai="94" who="1" fromWho="3" sc="250,0,250,10,250,0,250,-10" /><INIT seed="1,0,0,1,5,60" ten="250,260,250,240" oya="1" hai0="127,106,22,56,64,42,98,33,38,126,94,70,21" hai1="114,40,123,105,46,97,67,28,25,133,122,99,116" hai2="48,132,115,95,14,125,93,36,9,102,124,27,91" hai3="103,51,41,111,4,92,13,100,71,81,135,120,80"/><U30/><E114/><V26/><F36/><W69/><G120/><T90/><D70/><U18/><E116/><V37/><F37/><W117/><G117/><T113/><D33/><U53/><E133/><V35/><F115/><W44/><G135/><T2/><D2/><U49/><E18/><V16/><F132/><W119/><G111/><T52/><D106/><U58/><E28/><V85/><F35/><W8/><G119/><T96/><D96/><U61/><E53/><V10/><F10/><W45/><G71/><T57/><D42/><U130/><E130/><V68/><F68/><W88/><G69/><T108/><D38/><U107/><E97/><N who="2" m="59695" /><F48/><W3/><G3/><T109/><D56/><U118/><E118/><V59/><F59/><W11/><G11/><T19/><D64/><U72/><E72/><V34/><F34/><W87/><G45/><T5/><D5/><U104/><REACH who="1" step="1"/><E99/><REACH who="1" ten="250,250,250,240" step="2"/><V128/><F128/><W62/><G62/><N who="0" m="36135" /><D113/><U131/><E131/><V79/><F125/><N who="0" m="47626" /><D21/><AGARI ba="0,1" hai="21,25,30,40,46,49,58,61,67,104,105,107,122,123" machi="21" ten="40,7700,0" yaku="1,1,52,1,53,1" doraHai="60" doraHaiUra="39" who="1" fromWho="0" sc="250,-77,250,87,250,0,240,0" /><INIT seed="1,1,0,1,5,35" ten="173,337,250,240" oya="1" hai0="50,27,96,49,68,38,67,112,101,40,113,105,28" hai1="44,108,56,132,19,29,93,42,75,58,73,100,4" hai2="69,89,7,79,97,24,94,88,99,37,60,81,63" hai3="51,64,57,83,129,45,2,23,107,20,12,116,92"/><U124/><E29/><V59/><F37/><W111/><G107/><T102/><D50/><U130/><E4/><V15/><F69/><W114/><G114/><T14/><D49/><U8/><E124/><V125/><F125/><W135/><G111/><T115/><D14/><U53/><E108/><V25/><F7/><W34/><G34/><T31/><D101/><U98/><E130/><V134/><F15/><W77/><G129/><T0/><D28/><U121/><E121/><V123/><F134/><W16/><G135/><T109/><D109/><U71/><E71/><V110/><F110/><W22/><G2/><T18/><D18/><U6/><E19/><V1/><F1/><W48/><G92/><T43/><D0/><U84/><E84/><N who="2" m="48191" /><F123/><W17/><G116/><T11/><D11/><U55/><E132/><V87/><F63/><W120/><G120/><T32/><REACH who="0" step="1"/><D38/><REACH who="0" ten="163,337,250,240" step="2"/><N who="1" m="21591" /><E8/><V119/><F119/><W103/><G103/><T26/><D26/><N who="2" m="10346" /><F89/><W52/><G17/><T122/><D122/><U117/><E117/><V133/><F133/><W21/><G51/><T5/><D5/><U62/><E6/><V80/><F94/><W127/><G127/><T90/><D90/><U3/><E3/><V85/><F85/><N who="3" m="48367" /><G22/><T41/><D41/><U78/><E78/><V86/><F87/><W36/><G36/><T65/><D65/><AGARI ba="1,1" hai="59,60,65,80,86,88,97,99" m="10346,48191" machi="65" ten="30,2000,0" yaku="8,1,54,1" doraHai="35" who="2" fromWho="0" sc="163,-23,337,0,250,33,240,0" /><INIT seed="2,0,0,3,3,72" ten="140,337,283,240" oya="2" hai0="42,132,14,9,58,119,77,23,93,57,36,66,5" hai1="31,8,87,80,0,13,10,24,112,91,2,120,81" hai2="30,127,65,61,88,101,46,21,100,117,6,134,69" hai3="89,19,86,68,15,83,96,113,35,128,12,63,104"/><V50/><F117/><W16/><G35/><T4/><D119/><U70/><E112/><V121/><F121/><W34/><G34/><T60/><D132/><U18/><E70/><V114/><F114/><W85/><G113/><T26/><D36/><U37/><E37/><V135/><F6/><W123/><G128/><T27/><D4/><U40/><E40/><V94/><F30/><W49/><G123/><T102/><D42/><U29/><E120/><V74/><F74/><W124/><G124/><T126/><D126/><U52/><E10/><V79/><F21/><W1/><G1/><T106/><D106/><U47/><E81/><V28/><F28/><N who="1" m="10825" /><E24/><N who="0" m="9257" /><D23/><U22/><E22/><V53/><F79/><W95/><G104/><T44/><D44/><U59/><E59/><V64/><F65/><W7/><G7/><T107/><D107/><U108/><E108/><V131/><F127/><W62/><G68/><T115/><D57/><U33/><E33/><V92/><F131/><W43/><G19/><T20/><D20/><U90/><E91/><V73/><F73/><W103/><G16/><N who="0" m="8271" /><D115/><U11/><E8/><V51/><F134/><W105/><G12/><T41/><D41/><U67/><E67/><V125/><F135/><W56/><G15/><T97/><D5/><U25/><E25/><V76/><F125/><W32/><G32/><T118/><D118/><U122/><E122/><V48/><F46/><N who="3" m="25823" /><G56/><T109/><D109/><U45/><E47/><V130/><F130/><W55/><G55/><T38/><D38/><U116/><E116/><V111/><F53/><W133/><G133/><RYUUKYOKU ba="0,0" sc="140,10,337,10,283,-30,240,10" hai0="58,60,66,77,93,97,102" hai1="0,2,11,13,18,45,52,80,87,90" hai3="62,63,83,85,86,89,95,96,103,105" /><INIT seed="3,1,0,0,3,1" ten="150,347,253,250" oya="3" hai0="48,100,43,116,33,97,66,122,104,12,73,103,114" hai1="76,91,8,133,128,36,44,115,83,2,11,89,72" hai2="70,45,77,29,3,19,6,98,53,30,58,24,74" hai3="124,23,118,81,110,95,94,34,57,131,106,65,49"/><W18/><G118/><T55/><D116/><U125/><E115/><V54/><F70/><W17/><G34/><T75/><D114/><U109/><E109/><V92/><F45/><W25/><G106/><T120/><D33/><U96/><E125/><V21/><F53/><W10/><G124/><T127/><D127/><U113/><E113/><V42/><F42/><W78/><G131/><T82/><D43/><N who="1" m="22631" /><E128/><V86/><F74/><W93/><G110/><T87/><D66/><U7/><E133/><V40/><F40/><W9/><G18/><T31/><D31/><U99/><E11/><V20/><F6/><W14/><G25/><T123/><D12/><U61/><E61/><V37/><F3/><W28/><G28/><T41/><D41/><U5/><E5/><V112/><F21/><W51/><G51/><T126/><D55/><U88/><AGARI ba="1,0" hai="2,7,8,72,76,83,88,89,91,96,99" m="22631" machi="88" ten="30,4000,0" yaku="25,1,52,1,54,1" doraHai="1" who="1" fromWho="1" sc="150,-11,347,43,253,-11,250,-21" owari="139,-36.1,390,49.0,242,4.2,229,-17.1" /></mjloggm>