<mjloggm ver="2.3"><GO type="225" lobby="0"/><UN n0="%E3%82%A2%E3%83%9E%E3%83%9D%EF%BD%9E%EF%BD%9E%E3%83%A9" n1="%70%6F%69%73%6F%6E%30%32" n2="%E8%81%B7%E6%A5%AD%E3%80%81%E9%A2%A8%32" n3="%E5%B0%8F%E9%B3%A5%E9%81%8A%E7%B7%B4%E7%84%A1%32%31%E6%AD%B3" dan="17,16,16,16" rate="2034.60,2127.02,2149.51,2174.70" sx="M,M,M,F"/><TAIKYOKU oya="0"/><INIT seed="0,0,0,4,2,34" ten="250,250,250,250" oya="0" hai0="38,11,33,121,113,40,10,21,17,132,94,92,56" hai1="135,45,123,78,7,62,87,0,95,19,134,88,61" hai2="119,103,53,79,16,76,114,126,106,98,52,97,29" hai3="105,44,89,109,122,60,115,13,81,58,12,130,110"/><T66/><D113/><U15/><E123/><V70/><F114/><W49/><G105/><T117/><D33/><U77/><E45/><V6/><F29/><W99/><G122/><T35/><D35/><U30/><E30/><V74/><F70/><W5/><G130/><T125/><D117/><U28/><E28/><V86/><F119/><W23/><G115/><T3/><D121/><U54/><E7/><V129/><F129/><W14/><G5/><T112/><D112/><U82/><E0/><V39/><F39/><W90/><G23/><T57/><D125/><U25/><E25/><V71/><F71/><W46/><G99/><N who="2" m="37897" /><F74/><W37/><G37/><T8/><D3/><U102/><E102/><V127/><F6/><W48/><G81/><T120/><D132/><N who="1" m="50731" /><E54/><N who="2" m="21099" /><F103/><W83/><G83/><T55/><D120/><U84/><E78/><N who="2" m="29739" /><F86/><W96/><G96/><T2/><D2/><U51/><E51/><V9/><F106/><W43/><G43/><T91/><D40/><U116/><E116/><V128/><F128/><W104/><G104/><T32/><D32/><U131/><E131/><V41/><F41/><W85/><G85/><N who="0" m="52335" /><D38/><U26/><E26/><V93/><F93/><W80/><G80/><T18/><D94/><U1/><E1/><V36/><F36/><W111/><G60/><N who="0" m="38151" /><D21/><AGARI ba="0,0" hai="15,19,21,61,62,77,82,84,87,88,95" m="50731" machi="21" ten="30,2000,0" yaku="20,1,54,1" doraHai="34" who="1" fromWho="0" sc="250,-20,250,20,250,0,250,0" /><INIT seed="1,0,0,0,4,49" ten="230,270,250,250" oya="1" hai0="78,88,57,101,129,55,9,120,4,125,83,12,65" hai1="71,58,86,114,113,95,10,1,24,74,90,2,112" hai2="82,122,28,21,30,134,37,56,81,92,48,127,51" hai3="29,54,79,15,126,73,40,130,91,68,38,76,105"/><U36/><E71/><V14/><F37/><W66/><G105/><T87/><D125/><U42/><E74/><V64/><F122/><W52/><G126/><T84/><D120/><U46/><E10/><V50/><F134/><W17/><G29/><N who="2" m="11369" /><F127/><W43/><G130/><T45/><D129/><U96/><E24/><V32/><F32/><W75/><G66/><T85/><D101/><U39/><E39/><V61/><F92/><W41/><G68/><T103/><D103/><U121/><E121/><V93/><F93/><W69/><G69/><T115/><D115/><U26/><E26/><V70/><F70/><W98/><G38/><T107/><D107/><U11/><E11/><V97/><F97/><W44/><G44/><T31/><D31/><U67/><E96/><V59/><F59/><W22/><G75/><T20/><D20/><U132/><E132/><V102/><F102/><W72/><G73/><T117/><D117/><U128/><E128/><V35/><F35/><W19/><G72/><T119/><D119/><U133/><E133/><V47/><F47/><W3/><G3/><T33/><D33/><U16/><E58/><V80/><F21/><N who="3" m="11455" /><G91/><T18/><D4/><U13/><E67/><V135/><F135/><W62/><G98/><T25/><D25/><U123/><E123/><V116/><F116/><W106/><G106/><T7/><D7/><U53/><E1/><V111/><F111/><W99/><G99/><T124/><D124/><U108/><E2/><V63/><F63/><W0/><G62/><N who="0" m="38095" /><D88/><U89/><E108/><V100/><F100/><W131/><G131/><RYUUKYOKU ba="0,0" sc="230,15,270,-15,250,15,250,-15" hai0="9,12,18,45,55,78,83,84,85,87" hai2="14,48,50,51,56,61,64,80,81,82" /><INIT seed="2,1,0,5,3,25" ten="245,255,265,235" oya="2" hai0="37,22,56,3,4,38,31,54,30,45,9,76,78" hai1="60,134,120,105,103,18,74,81,123,28,124,35,1" hai2="44,121,43,86,33,109,125,50,130,104,55,119,112" hai3="34,6,10,65,101,48,129,40,8,72,127,84,26"/><V29/><F121/><N who="1" m="46665" /><E1/><V66/><F119/><W63/><G72/><T2/><D2/><U106/><E134/><V79/><F112/><W19/><G129/><T5/><D5/><U114/><E103/><V16/><F130/><W95/><G127/><T132/><D132/><U42/><E42/><V131/><F131/><W59/><G8/><T62/><D22/><U110/><E110/><V24/><F109/><W41/><G48/><T14/><D3/><U107/><E124/><V47/><F104/><W88/><G101/><T89/><D89/><U7/><E7/><V39/><F125/><W133/><G133/><T126/><D126/><U128/><E128/><V32/><F66/><W98/><G98/><T83/><D78/><N who="1" m="44247" /><E60/><V77/><F33/><W49/><G49/><N who="0" m="28975" /><D37/><U52/><E114/><V58/><F86/><W97/><G84/><N who="0" m="48231" /><D38/><U53/><E18/><V67/><F16/><W122/><G122/><T113/><D113/><U21/><E35/><V116/><F116/><W20/><REACH who="3" step="1"/><G34/><REACH who="3" ten="245,255,265,225" step="2"/><T23/><D23/><U96/><E96/><V64/><F39/><W92/><G92/><T100/><D100/><U115/><E115/><V93/><F93/><W80/><G80/><T13/><D13/><AGARI ba="1,1" hai="6,10,13,19,20,26,40,41,59,63,65,88,95,97" machi="13" ten="30,8000,1" yaku="1,1,7,1,8,1,54,1,53,1" doraHai="25" doraHaiUra="87" who="3" fromWho="0" sc="245,-83,255,0,265,0,225,93" /><INIT seed="3,0,0,5,5,98" ten="162,255,265,318" oya="3" hai0="19,49,0,26,89,34,63,58,60,108,72,31,118" hai1="96,5,18,128,4,74,85,115,65,111,64,45,95" hai2="117,11,20,30,61,87,97,91,46,21,135,55,15" hai3="73,80,129,6,37,24,71,22,48,77,92,106,110"/><W132/><G37/><T14/><D118/><U17/><E74/><V126/><F117/><W109/><G106/><T134/><D108/><N who="3" m="41577" /><G71/><T51/><D134/><U125/><E115/><V130/><F126/><W127/><G129/><T123/><D123/><U100/><E125/><V84/><F20/><W131/><G131/><T8/><D72/><U122/><E122/><V103/><F21/><W112/><G112/><T75/><D0/><U81/><E45/><V35/><F46/><W102/><G48/><T2/><D2/><U78/><E128/><V121/><F30/><W53/><G53/><T16/><D75/><U1/><E1/><V69/><F55/><W27/><G6/><N who="1" m="2666" /><E111/><V113/><F69/><W133/><G127/><T29/><D29/><U33/><E33/><V39/><F35/><W43/><G43/><T23/><D89/><U32/><E32/><V56/><F91/><W41/><G41/><T62/><REACH who="0" step="1"/><D58/><REACH who="0" ten="152,255,265,318" step="2"/><U40/><E78/><V116/><F56/><W13/><G133/><T76/><D76/><U79/><E79/><V42/><F135/><W25/><G132/><T94/><D94/><U124/><E95/><V83/><F121/><W66/><G92/><T28/><D28/><U9/><E124/><V44/><F116/><W12/><G77/><T105/><D105/><U50/><E81/><V52/><F83/><W38/><G80/><T90/><D90/><U59/><E59/><V82/><F82/><W99/><G73/><T101/><D101/><U7/><E100/><V68/><F103/><W47/><G102/><T67/><D67/><U114/><E65/><RYUUKYOKU ba="0,1" sc="152,30,255,-10,265,-10,318,-10" hai0="8,14,16,19,23,26,31,34,49,51,60,62,63" owari="182,-31.8,245,-15.5,255,5.5,318,41.8" /></mjloggm>