<mjloggm ver="2.3"><GO type="225" lobby="0"/><UN n0="%E8%A3%8F%E3%81%AE%E4%B8%BB%E5%B0%86" n1="%E5%91%A8%E6%9D%B1" n2="%E3%83%A9%E3%82%B9%E7%8E%87%EF%BC%93%E5%89%B2" n3="%E6%B8%A9%E2%98%85%E6%83%85%E2%98%85%E6%8E%AA%E2%98%85%E7%BD%AE" dan="16,17,16,17" rate="2080.41,2226.59,2210.87,2186.43" sx="F,M,F,M"/><TAIKYOKU oya="0"/><INIT seed="0,0,0,3,4,55" ten="250,250,250,250" oya="0" hai0="53,41,52,38,89,88,56,125,3,133,1,94,51" hai1="21,6,39,77,76,72,50,85,4,127,65,84,70" hai2="120,134,36,81,79,14,80,7,67,98,32,91,25" hai3="60,122,22,16,9,69,30,34,131,123,18,100,99"/><T44/><D133/><U26/><E39/><V10/><F36/><W109/><G109/><T48/><D125/><U59/><E70/><V13/><F120/><N who="3" m="46123" /><G131/><T104/><D104/><U35/><E35/><V116/><F116/><W121/><N who="3" m="46131" /><W42/><DORA hai="96" /><G42/><T33/><D33/><U37/><E37/><V128/><F128/><W15/><G34/><T95/><D95/><U93/><E72/><V75/><F134/><W64/><G30/><T118/><D118/><U24/><E127/><V107/><F14/><N who="3" m="9495" /><G99/><T97/><REACH who="0" step="1"/><D89/><REACH who="0" ten="240,250,250,250" step="2"/><U114/><E93/><V63/><F91/><W83/><G83/><T105/><D105/><U117/><E117/><V46/><F80/><W28/><G28/><T103/><D103/><AGARI ba="0,1" hai="9,15,18,60,64,69,100,103" m="9495,46131" machi="103" ten="40,8000,1" yaku="13,1,52,2,54,1" doraHai="55,96" who="3" fromWho="0" sc="240,-80,250,0,250,0,250,90" /><INIT seed="1,0,0,4,5,95" ten="160,250,250,340" oya="1" hai0="73,109,105,47,93,114,66,107,87,117,13,57,119" hai1="21,6,77,3,56,120,15,45,132,16,14,110,36" hai2="5,133,62,121,78,80,118,0,90,112,42,30,122" hai3="97,44,54,10,48,128,79,71,24,111,51,61,127"/><U81/><E120/><V34/><F118/><W12/><G111/><T49/><D73/><U65/><E110/><V41/><F90/><W32/><G128/><T46/><D109/><U69/><E69/><V53/><F53/><W82/><G127/><T123/><D114/><U50/><E132/><V63/><F30/><W38/><G38/><T28/><D123/><U76/><E3/><V103/><F103/><W58/><G71/><T94/><D28/><U40/><E81/><V91/><F91/><W70/><G70/><T126/><D126/><U75/><E75/><V25/><F25/><W104/><G24/><T129/><D129/><U29/><E29/><V88/><F88/><W100/><G32/><T8/><D105/><U108/><E108/><V74/><F34/><W35/><G35/><T43/><D107/><U27/><E36/><V17/><F112/><W85/><G44/><T31/><D31/><U23/><E15/><V26/><F133/><W86/><G86/><T130/><D130/><U37/><E6/><AGARI ba="0,0" hai="6,10,12,48,51,54,58,61,79,82,85,97,100,104" machi="6" ten="30,2000,0" yaku="7,1,52,1" doraHai="95" who="3" fromWho="1" sc="160,0,250,-20,250,0,340,20" /><INIT seed="2,0,0,0,0,32" ten="160,230,250,360" oya="2" hai0="115,103,117,114,51,73,46,61,3,38,96,78,110" hai1="43,29,70,4,71,9,80,76,77,5,99,57,53" hai2="87,85,11,101,48,56,89,39,125,54,17,1,94" hai3="118,68,83,123,69,21,79,0,113,120,55,111,102"/><V116/><F116/><W10/><G118/><T134/><D117/><U90/><E29/><V66/><F125/><W75/><G111/><T112/><D110/><U106/><E43/><V98/><F39/><W65/><G113/><T52/><D134/><U91/><E106/><V82/><F66/><W109/><G109/><T58/><D38/><U95/><E5/><V41/><F41/><W67/><G21/><T122/><D122/><U37/><E37/><V28/><F28/><W81/><G55/><T47/><D78/><U132/><E132/><V119/><F119/><W64/><G102/><T50/><D73/><U63/><E90/><V74/><F74/><W121/><REACH who="3" step="1"/><G83/><REACH who="3" ten="160,230,250,350" step="2"/><T133/><D133/><U92/><E80/><V20/><F82/><W24/><G24/><T45/><REACH who="0" step="1"/><D3/><REACH who="0" ten="150,230,250,350" step="2"/><U129/><E77/><V86/><F1/><W60/><G60/><T72/><D72/><U18/><E76/><V49/><F101/><W8/><G8/><T12/><D12/><U126/><E9/><V36/><F11/><W6/><AGARI ba="0,2" hai="0,6,10,64,65,67,68,69,75,79,81,120,121,123" machi="6" ten="40,8000,1" yaku="1,1,0,1,52,1,53,1" doraHai="32" doraHaiUra="104" who="3" fromWho="3" sc="150,-20,230,-20,250,-40,350,100" /><INIT seed="3,0,0,2,3,70" ten="130,210,210,450" oya="3" hai0="11,121,35,19,90,5,13,104,99,105,48,115,61" hai1="118,55,28,34,73,135,52,51,50,67,30,128,124" hai2="87,114,66,49,12,74,62,110,76,0,22,64,85" hai3="127,98,83,78,65,20,92,38,41,101,79,103,133"/><W113/><G113/><T47/><D121/><U23/><E73/><V131/><F0/><W68/><G68/><T119/><D119/><U43/><E118/><V21/><F74/><W129/><G65/><T111/><D115/><U82/><E34/><V81/><F110/><W10/><G10/><T132/><D111/><U6/><E6/><V32/><F32/><W69/><G69/><T31/><D132/><U39/><E67/><V16/><F131/><W45/><G133/><T42/><D61/><U112/><E128/><V56/><F114/><W116/><G116/><T134/><D134/><U63/><E63/><V3/><F3/><W53/><G53/><T77/><D35/><U106/><E106/><V60/><F85/><W18/><G101/><T27/><D31/><U97/><E55/><V26/><F49/><W72/><G79/><T57/><D104/><U29/><E51/><V25/><F22/><W117/><G117/><T24/><D105/><U8/><E50/><V94/><F94/><W15/><G129/><T91/><D57/><AGARI ba="0,0" hai="12,16,21,25,26,56,57,60,62,64,66,76,81,87" machi="57" ten="30,7700,0" yaku="7,1,9,1,8,1,54,1" doraHai="70" who="2" fromWho="0" sc="130,-77,210,0,210,77,450,0" owari="53,-44.7,210,-19.0,287,8.7,450,55.0" /></mjloggm>