<mjloggm ver="2.3"><GO type="225" lobby="0"/><UN n0="%E7%9A%AE%E3%80%85" n1="%E4%BF%BA%E3%81%A8%E5%A6%96%E5%A4%A2" n2="%6C%65%74%69%74%62%65" n3="%E9%BB%99%E8%81%B4%E3%81%AE%E3%81%99%E3%82%9D%E3%82%81" dan="16,16,16,16" rate="2130.47,2214.22,2120.75,2134.42" sx="F,F,M,M"/><TAIKYOKU oya="0"/><INIT seed="0,0,0,0,4,14" ten="250,250,250,250" oya="0" hai0="46,34,16,109,64,123,41,78,122,106,25,60,116" hai1="91,95,101,82,18,17,125,36,50,80,124,86,104" hai2="127,42,12,113,81,37,22,96,117,3,79,58,32" hai3="121,76,72,71,128,1,56,70,129,45,4,68,62"/><T119/><D106/><U115/><E36/><V13/><F113/><W98/><G1/><T5/><D78/><U131/><E115/><V23/><F32/><W30/><G4/><T26/><D109/><U49/><E131/><N who="3" m="50250" /><G30/><N who="0" m="19791" /><D60/><U111/><E111/><V59/><F96/><W93/><G76/><T112/><D64/><U11/><E11/><V126/><F3/><W54/><G72/><T47/><D41/><U132/><E104/><V8/><F117/><N who="0" m="45130" /><D47/><U133/><E101/><V6/><F42/><W135/><G93/><T130/><D46/><U63/><E63/><V118/><F37/><W92/><G92/><T48/><D48/><N who="1" m="18539" /><E95/><V33/><F33/><W99/><G121/><N who="0" m="46091" /><D130/><U120/><E82/><V57/><F118/><W83/><G83/><T102/><D102/><U0/><E120/><V9/><F79/><W55/><G99/><T103/><D103/><U10/><E0/><V61/><F81/><W29/><G98/><T89/><D89/><U15/><E91/><V90/><F90/><W66/><G29/><T88/><D88/><U2/><E86/><V19/><F61/><N who="3" m="40015" /><G135/><N who="1" m="51786" /><E80/><V110/><F110/><W38/><G55/><T74/><D74/><U31/><E2/><V97/><F97/><W134/><G134/><T40/><D40/><AGARI ba="0,0" hai="38,40,45,54,56,62,70,71" m="40015,50250" machi="40" ten="30,3900,0" yaku="19,1,34,2" doraHai="14" who="3" fromWho="0" sc="250,-39,250,0,250,0,250,39" /><INIT seed="1,0,0,0,1,90" ten="211,250,250,289" oya="1" hai0="113,126,40,53,0,7,25,78,99,51,96,85,80" hai1="48,128,129,71,41,28,30,69,5,92,107,84,124" hai2="16,100,58,91,55,56,74,32,132,15,111,27,93" hai3="52,133,135,11,130,88,75,110,86,49,19,73,70"/><U2/><E107/><V33/><F74/><W118/><G70/><T120/><D113/><U68/><E124/><V44/><F111/><W36/><G36/><T50/><D126/><U105/><E105/><V79/><F79/><W31/><G31/><T46/><D120/><U47/><E5/><V109/><F109/><W29/><G29/><T60/><D60/><U116/><E2/><V121/><F121/><W45/><G130/><N who="1" m="50282" /><E116/><V6/><F100/><W127/><G110/><T102/><D25/><U94/><E84/><V34/><F6/><W18/><G118/><T23/><D23/><U114/><E114/><V10/><F132/><N who="3" m="50763" /><G127/><T95/><D99/><U39/><E39/><V63/><F56/><W122/><G122/><T4/><REACH who="0" step="1"/><D0/><REACH who="0" ten="201,250,250,289" step="2"/><U83/><E83/><V62/><F27/><W64/><G64/><T13/><D13/><U87/><E87/><V101/><F33/><W21/><G11/><T17/><D17/><N who="3" m="6153" /><G21/><T103/><D103/><U54/><E28/><V14/><F101/><W117/><G117/><T97/><D97/><U77/><E30/><V125/><F125/><W12/><G12/><T59/><AGARI ba="0,1" hai="4,7,40,46,50,51,53,59,78,80,85,95,96,102" machi="59" ten="20,12000,2" yaku="1,1,0,1,7,1,8,1,52,1,53,1" doraHai="90" doraHaiUra="81" who="0" fromWho="0" sc="201,130,250,-60,250,-30,289,-30" /><INIT seed="2,0,0,3,4,135" ten="331,190,220,259" oya="2" hai0="134,0,29,8,92,99,50,42,129,100,26,82,76" hai1="114,86,130,59,107,132,36,1,106,41,97,44,104" hai2="65,31,37,102,62,126,119,113,109,128,15,116,12" hai3="4,89,3,39,87,133,95,67,83,51,52,49,18"/><V5/><F37/><W55/><G39/><T17/><D134/><U124/><E132/><V78/><F113/><W23/><G133/><T81/><D129/><U47/><E114/><V112/><F112/><W2/><G67/><T13/><D0/><U24/><E130/><V84/><F128/><W74/><G4/><T69/><D69/><U6/><E44/><V32/><F109/><W71/><G71/><T72/><D81/><U96/><E24/><V10/><F102/><W66/><G66/><T45/><D26/><U77/><E59/><V90/><F78/><W11/><G11/><T127/><REACH who="0" step="1"/><D29/><REACH who="0" ten="321,190,220,259" step="2"/><U57/><E1/><V25/><F116/><W64/><G83/><T20/><D20/><U60/><E107/><V46/><F119/><W117/><G117/><T28/><D28/><U7/><E106/><V125/><F12/><W73/><G2/><T40/><D40/><U9/><E104/><V63/><F25/><W75/><G3/><T108/><D108/><U91/><E9/><V123/><F31/><W88/><G23/><T120/><D120/><U105/><E105/><V80/><F123/><W54/><G95/><T121/><D121/><U27/><E27/><V68/><F32/><W34/><G34/><T16/><D16/><U21/><E21/><V33/><F33/><W94/><G18/><T98/><D98/><U103/><E96/><V122/><F122/><W118/><G118/><T131/><D131/><U85/><E6/><V110/><F110/><W101/><G94/><T93/><D93/><U43/><E7/><V58/><F5/><W48/><G101/><RYUUKYOKU ba="0,1" sc="321,30,190,-10,220,-10,259,-10" hai0="8,13,17,42,45,50,72,76,82,92,99,100,127" /><INIT seed="3,1,1,3,5,122" ten="351,180,210,249" oya="3" hai0="81,64,99,56,66,129,123,60,100,20,24,72,117" hai1="27,126,55,114,75,16,12,131,40,104,118,11,116" hai2="33,98,3,13,25,101,19,124,47,30,94,127,111" hai3="62,4,18,59,96,71,5,65,85,132,76,88,22"/><W91/><G132/><T38/><D123/><U135/><E114/><V68/><F68/><W2/><G2/><T46/><D117/><N who="1" m="45163" /><E135/><V67/><F67/><W80/><G71/><T6/><D6/><N who="3" m="2665" /><G96/><T41/><D129/><U105/><E131/><V52/><F3/><W14/><AGARI ba="1,1" hai="14,18,22,59,62,65,76,80,85,88,91" m="2665" machi="14" ten="30,3000,0" yaku="8,1,54,1" doraHai="122" who="3" fromWho="3" sc="351,-11,180,-11,210,-11,249,43" /><INIT seed="3,2,0,4,1,16" ten="340,169,199,292" oya="3" hai0="74,120,35,115,125,42,36,62,100,45,94,101,33" hai1="131,107,55,40,69,51,19,59,85,49,38,32,119" hai2="3,106,14,93,97,109,24,1,124,83,21,105,13" hai3="23,27,53,123,116,22,103,25,98,114,7,71,54"/><W34/><G114/><T90/><D120/><U84/><E32/><V104/><F109/><W72/><G116/><T81/><D115/><U118/><E107/><V86/><F124/><W68/><G34/><T28/><D125/><U73/><E73/><V43/><F43/><W41/><G72/><T37/><D37/><U96/><E96/><V12/><F83/><W9/><G41/><T77/><D62/><U48/><E85/><V46/><F46/><W128/><G123/><T112/><D112/><U91/><E69/><V76/><F76/><W26/><G128/><T88/><D90/><U64/><E131/><V70/><F86/><W92/><G71/><T80/><D80/><U2/><E2/><V82/><F82/><W78/><G78/><T4/><D4/><U89/><E64/><V66/><F66/><W18/><G68/><T5/><D5/><U135/><E89/><V56/><F56/><W15/><G26/><N who="0" m="18583" /><D35/><U17/><E38/><V127/><F70/><W58/><G58/><T87/><D100/><U95/><E40/><V133/><F133/><W11/><G11/><T20/><D101/><U61/><E135/><V67/><F67/><W108/><G108/><T75/><D75/><U121/><REACH who="1" step="1"/><E121/><REACH who="1" ten="340,159,199,292" step="2"/><V129/><F129/><W10/><G10/><T102/><D74/><U110/><E110/><V60/><F127/><W126/><G126/><T122/><D122/><U57/><E57/><V132/><F132/><W113/><G113/><T0/><D0/><U31/><E31/><AGARI ba="2,1" hai="7,9,15,18,22,23,25,27,31,53,54,92,98,103" machi="31" ten="30,11600,0" yaku="7,1,8,1,52,2" doraHai="16" who="3" fromWho="1" sc="340,0,159,-122,199,0,292,132" owari="340,14.0,37,-46.3,199,-20.1,424,52.4" /></mjloggm>