<mjloggm ver="2.3"><GO type="225" lobby="0"/><UN n0="%E3%83%B4%E3%83%A0%EF%BC%99%E3%81%A6" n1="%77%72%77%72%77%72%77%72" n2="%E3%81%82%E3%81%84%E3%81%82%E3%81%8A%E3%81%84" n3="%E5%B8%86%E7%AB%8B%E5%A4%8F%E8%A1%A3" dan="16,17,18,17" rate="2186.37,2146.80,2217.67,2130.96" sx="M,M,M,M"/><TAIKYOKU oya="0"/><INIT seed="0,0,0,5,5,79" ten="250,250,250,250" oya="0" hai0="37,54,80,13,131,42,50,44,39,102,47,18,7" hai1="111,83,97,56,49,119,65,120,71,78,123,116,4" hai2="46,89,10,117,62,109,28,128,114,38,19,127,98" hai3="86,24,26,61,12,67,29,107,27,33,94,48,125"/><T8/><D131/><U63/><E4/><V72/><F72/><W76/><G125/><T92/><D80/><U64/><E97/><V100/><F28/><W95/><G107/><T115/><D115/><U32/><E32/><V40/><F89/><W112/><G112/><T66/><D66/><U103/><E103/><V25/><F25/><W68/><G48/><T45/><D37/><U85/><E111/><V96/><F62/><W99/><G12/><T52/><D44/><U57/><E71/><V35/><F98/><W132/><G132/><T31/><D31/><U129/><E129/><V73/><F96/><W41/><G41/><T17/><D102/><U84/><E84/><V58/><F73/><W101/><REACH who="3" step="1"/><G95/><REACH who="3" ten="250,250,250,240" step="2"/><T6/><D92/><U15/><E15/><V106/><F40/><W55/><G55/><T30/><D6/><U133/><E133/><V20/><F106/><W36/><G36/><T2/><D54/><U16/><E49/><V134/><F38/><W5/><G5/><T43/><D43/><U14/><E64/><V90/><F127/><W91/><G91/><T122/><D13/><U113/><E113/><V105/><F90/><W1/><G1/><T69/><D2/><U3/><E3/><V0/><F0/><W104/><G104/><T75/><D7/><U93/><E93/><V53/><F105/><W60/><G60/><T34/><D39/><U87/><E63/><V11/><F134/><W81/><AGARI ba="0,1" hai="24,26,27,29,33,61,67,68,76,81,86,94,99,101" machi="81" ten="30,4000,0" yaku="1,1,0,1,52,1,53,0" doraHai="79" doraHaiUra="110" who="3" fromWho="3" sc="250,-20,250,-10,250,-10,240,50" /><INIT seed="1,0,0,0,2,100" ten="230,240,240,290" oya="1" hai0="111,70,38,46,77,55,4,79,59,51,40,7,114" hai1="125,35,82,124,26,27,89,87,61,99,15,88,118" hai2="90,120,121,91,45,10,78,75,98,2,9,24,41" hai3="0,107,106,129,81,80,128,85,116,133,23,101,12"/><U112/><E112/><V63/><F63/><W126/><G0/><T135/><D114/><U33/><E118/><V86/><F98/><W64/><G101/><T83/><D111/><U17/><E61/><V103/><F103/><W42/><G116/><T54/><D135/><U134/><E134/><V11/><F2/><W13/><G133/><T36/><D70/><U94/><E27/><V92/><F91/><W39/><G64/><T93/><D38/><U115/><E115/><V74/><F24/><W119/><G119/><T71/><D71/><U21/><REACH who="1" step="1"/><E15/><REACH who="1" ten="230,230,240,290" step="2"/><V73/><REACH who="2" step="1"/><F78/><REACH who="2" ten="230,230,230,290" step="2"/><W131/><G13/><T105/><D77/><U52/><E52/><V76/><F76/><W96/><G12/><T50/><D55/><U62/><E62/><V132/><F132/><W69/><G129/><T113/><D54/><U47/><E47/><V104/><F104/><W60/><G107/><T31/><D105/><U65/><E65/><V28/><F28/><W19/><G106/><T6/><D31/><U29/><E29/><V123/><F123/><W22/><G128/><T34/><D113/><U67/><E67/><V43/><F43/><W56/><G131/><T20/><D46/><U5/><E5/><V49/><AGARI ba="0,2" hai="9,10,11,41,45,49,73,74,75,86,90,92,120,121" machi="49" ten="40,2700,0" yaku="1,1,0,1,53,0" doraHai="100" doraHaiUra="53" who="2" fromWho="2" sc="230,-7,230,-13,230,47,290,-7" /><INIT seed="2,0,0,2,4,72" ten="223,217,277,283" oya="2" hai0="46,63,75,42,117,56,85,97,126,114,36,2,112" hai1="35,104,120,108,90,95,99,82,30,8,77,58,51" hai2="43,100,59,109,62,88,74,131,79,119,49,60,121" hai3="98,80,134,91,20,41,93,135,25,65,19,7,129"/><V6/><F119/><W27/><G129/><T92/><D75/><U66/><E104/><V53/><F121/><W37/><G7/><T23/><D2/><U39/><E39/><V73/><F131/><W61/><G37/><T81/><D117/><U122/><E108/><V76/><F100/><W9/><G41/><T28/><D126/><U10/><E30/><V4/><F74/><W67/><G67/><T78/><D23/><U52/><E35/><V87/><F73/><W132/><G9/><T44/><D44/><U102/><E66/><V18/><F18/><W107/><G80/><T94/><D28/><U5/><E90/><V55/><F43/><W111/><G107/><T38/><D38/><U32/><E32/><V125/><F125/><W118/><G111/><T22/><D22/><U15/><REACH who="1" step="1"/><E8/><REACH who="1" ten="223,207,277,283" step="2"/><V1/><F109/><W106/><G106/><T0/><D112/><U24/><E24/><V133/><F133/><W48/><G118/><T105/><D114/><U128/><E128/><V3/><F88/><W64/><G27/><T57/><D105/><U40/><E40/><V69/><F69/><N who="3" m="42127" /><G65/><T29/><D29/><U21/><E21/><V115/><F115/><W96/><G96/><T130/><D97/><U50/><E50/><AGARI ba="0,1" hai="19,20,25,48,50,91,93,98,132,134,135" m="42127" machi="50" ten="30,1000,0" yaku="20,1" doraHai="72" who="3" fromWho="1" sc="223,0,207,-10,277,0,283,20" /><INIT seed="3,0,0,3,2,111" ten="223,197,277,303" oya="3" hai0="117,11,106,125,81,4,35,9,95,78,82,127,48" hai1="76,7,50,20,99,23,120,51,112,19,129,100,45" hai2="93,31,40,70,83,33,37,22,6,2,13,41,1" hai3="79,121,89,0,12,132,60,77,10,47,113,64,94"/><W84/><G113/><T32/><D106/><U109/><E120/><V57/><F70/><W66/><G132/><T27/><D117/><U101/><E109/><V62/><F37/><W30/><G0/><T102/><D48/><U90/><E112/><V133/><F1/><W53/><G30/><N who="0" m="19551" /><D35/><U75/><E129/><V17/><F133/><W126/><G126/><N who="0" m="48139" /><D4/><U85/><E7/><V88/><F83/><N who="0" m="31754" /><D78/><N who="3" m="29705" /><G121/><T119/><D119/><U14/><E76/><V54/><F33/><W24/><G47/><T130/><D130/><U46/><E75/><V61/><F31/><W18/><G24/><T34/><D34/><U74/><E74/><V122/><F122/><W29/><G29/><T8/><D95/><N who="1" m="54735" /><E50/><V39/><F39/><W38/><G38/><T92/><D92/><N who="1" m="58471" /><E46/><V104/><F104/><W96/><G84/><T5/><D102/><U107/><E101/><V67/><F2/><W3/><G3/><T123/><D123/><U135/><E107/><V97/><F6/><W73/><G73/><T69/><D69/><U56/><E56/><AGARI ba="0,0" hai="10,12,18,53,56,60,64,66,89,94,96" m="29705" machi="56" ten="30,1500,0" yaku="8,1" doraHai="111" who="3" fromWho="1" sc="223,0,197,-15,277,0,303,15" owari="223,-17.7,182,-31.8,277,7.7,318,41.8" /></mjloggm>