<mjloggm ver="2.3"><GO type="225" lobby="0"/><UN n0="%E4%BF%BA%E3%81%A8%E5%A6%96%E5%A4%A2" n1="%E3%81%93%E3%81%9F%E3%82%8D%E3%81%86%E3%81%8F%E3%82%93" n2="%E3%81%8B%E3%82%8F%E3%81%A1%E3%82%83%E3%82%93%35%38" n3="%E7%99%BD%E5%80%89%E5%AF%9B%E4%B9%8B" dan="16,16,16,16" rate="2150.19,2071.98,2177.96,2161.37" sx="F,M,M,M"/><TAIKYOKU oya="0"/><INIT seed="0,0,0,4,1,9" ten="250,250,250,250" oya="0" hai0="97,104,132,74,68,40,95,38,26,50,48,88,19" hai1="44,14,42,99,0,69,112,39,13,3,45,51,94" hai2="90,93,133,72,22,1,75,117,20,32,120,28,17" hai3="110,135,16,12,64,98,113,21,24,67,11,10,36"/><T60/><BYE who="1" /><D74/><U73/><E73/><V41/><F120/><W15/><G36/><T52/><D104/><U131/><E131/><V18/><F1/><W129/><G113/><T70/><D132/><U87/><E87/><V84/><F133/><W103/><G135/><T63/><D68/><U4/><E4/><V31/><F32/><W47/><G129/><T109/><D109/><U43/><E43/><V49/><F117/><W116/><G116/><T56/><D38/><U46/><E46/><N who="2" m="25807" /><F72/><W66/><G47/><N who="0" m="25703" /><D70/><UN n1="%E3%81%93%E3%81%9F%E3%82%8D%E3%81%86%E3%81%8F%E3%82%93" /><U23/><E112/><V80/><F75/><W34/><G110/><T86/><D97/><U125/><E69/><V2/><F2/><W105/><REACH who="3" step="1"/><G34/><REACH who="3" ten="250,250,250,240" step="2"/><T126/><D126/><U96/><E125/><V92/><F31/><W82/><G82/><T5/><D5/><U130/><E130/><V127/><F28/><W89/><G89/><T106/><D106/><U122/><E122/><V61/><F127/><W107/><G107/><T77/><D77/><U78/><E78/><V134/><F134/><W62/><G62/><T108/><D108/><U119/><E119/><V30/><F30/><W76/><G76/><T102/><D102/><U29/><E29/><V55/><F80/><W114/><G114/><T33/><D33/><U54/><E94/><V91/><F91/><W79/><G79/><T81/><D81/><U83/><E83/><V35/><F35/><W65/><N who="3" m="16384" /><DORA hai="123" /><W85/><G85/><T101/><D101/><U6/><E39/><V53/><F93/><W37/><G37/><T111/><D111/><U25/><E96/><V57/><F55/><RYUUKYOKU ba="0,1" sc="250,10,250,-30,250,10,240,10" hai0="19,26,50,52,56,60,63,86,88,95" hai2="17,18,20,22,53,57,61,84,90,92" hai3="10,11,12,15,16,21,24,98,103,105" /><INIT seed="0,1,1,0,3,100" ten="260,220,260,250" oya="0" hai0="49,16,131,119,79,65,93,127,35,17,14,28,29" hai1="82,23,92,83,48,52,54,50,5,105,40,120,104" hai2="135,34,56,20,125,8,117,101,24,118,53,95,15" hai3="78,130,70,111,10,4,47,75,30,43,27,26,32"/><T121/><D119/><N who="2" m="45578" /><F135/><W80/><G111/><T123/><D121/><U7/><E23/><V37/><F37/><N who="3" m="21999" /><G26/><T39/><D39/><U115/><E92/><V69/><F69/><W126/><G126/><T132/><D123/><U96/><E120/><V108/><F108/><W51/><G51/><T3/><D3/><U81/><E40/><V42/><F42/><W71/><G130/><T60/><D132/><U59/><E115/><V106/><F95/><W55/><G55/><T72/><D127/><U57/><E96/><V98/><F34/><W41/><G41/><T21/><D131/><U0/><E0/><AGARI ba="1,1" hai="0,4,10,27,30,32,70,71,75,78,80" m="21999" machi="0" ten="30,3900,0" yaku="25,1,33,2" doraHai="100" who="3" fromWho="1" sc="260,0,220,-42,260,0,250,52" /><INIT seed="1,0,0,0,5,15" ten="260,178,260,302" oya="1" hai0="24,6,57,78,111,58,91,53,125,97,113,27,93" hai1="90,126,21,112,16,29,11,79,69,103,23,128,127" hai2="48,92,68,77,84,7,124,56,54,88,83,73,45" hai3="114,94,43,3,30,44,75,108,41,101,102,104,95"/><U70/><E112/><V115/><F124/><N who="1" m="47657" /><E79/><V116/><F115/><W32/><G3/><T81/><D125/><U5/><E103/><V119/><F68/><W31/><G75/><T38/><D113/><U87/><E29/><V96/><F7/><W49/><G104/><T65/><D111/><U26/><E21/><V60/><REACH who="2" step="1"/><F73/><REACH who="2" ten="260,178,250,302" step="2"/><W133/><G114/><T122/><D6/><U89/><E128/><V82/><F82/><W80/><G80/><T106/><D81/><N who="1" m="49391" /><E90/><V13/><F13/><AGARI ba="0,1" hai="5,11,13,16,23,26,69,70" m="49391,47657" machi="13" ten="30,5800,0" yaku="18,1,52,1,54,1" doraHai="15" who="1" fromWho="2" sc="260,0,178,68,250,-58,302,0" /><INIT seed="1,1,0,1,1,8" ten="260,246,192,302" oya="1" hai0="57,96,66,115,53,70,1,23,61,54,107,45,67" hai1="28,46,84,35,132,17,32,103,124,56,11,82,79" hai2="86,106,19,99,48,4,97,74,10,104,94,128,65" hai3="50,123,76,113,6,47,62,92,93,37,69,133,34"/><U81/><E124/><V14/><F128/><W102/><G34/><T41/><D115/><U125/><E132/><V18/><F74/><W75/><G37/><T108/><D1/><U122/><E125/><V105/><F65/><W101/><G69/><T55/><D23/><U85/><E122/><V116/><F116/><W83/><G62/><N who="0" m="40279" /><D96/><U58/><E103/><V33/><F33/><W112/><G133/><T25/><D25/><U52/><E32/><V2/><F48/><W60/><G60/><N who="0" m="35887" /><D107/><U130/><E28/><V36/><F36/><W98/><G123/><T63/><D108/><U95/><E95/><V131/><F131/><W126/><G126/><T31/><D31/><U77/><E35/><V12/><F86/><W38/><G6/><T21/><D21/><U51/><E130/><V27/><F27/><W26/><G26/><T29/><D29/><U90/><E90/><V22/><REACH who="2" step="1"/><F94/><REACH who="2" ten="260,246,182,302" step="2"/><W71/><G93/><T13/><D61/><U78/><E78/><V91/><F91/><W121/><G92/><T30/><D63/><U59/><E46/><V0/><F0/><W100/><G47/><T73/><D67/><U3/><E3/><V114/><F114/><W135/><G76/><T40/><D73/><U9/><E9/><AGARI ba="1,1" hai="2,4,9,10,12,14,18,19,22,97,99,104,105,106" machi="9" ten="40,5200,0" yaku="1,1,52,2,53,0" doraHai="8" doraHaiUra="127" who="2" fromWho="1" sc="260,0,246,-55,182,65,302,0" /><INIT seed="2,0,0,0,5,96" ten="260,191,247,302" oya="2" hai0="119,129,125,105,58,132,76,74,106,10,23,18,78" hai1="99,72,52,118,112,89,86,32,95,19,94,44,93" hai2="28,27,61,47,59,87,39,82,135,79,48,9,35" hai3="62,71,120,97,33,5,131,64,121,24,30,8,49"/><V68/><F135/><W54/><G131/><T101/><D132/><U85/><E112/><V108/><F108/><W45/><REACH who="3" step="1"/><G97/><REACH who="3" ten="260,191,247,292" step="2"/><T90/><D129/><U31/><E118/><V103/><F68/><W83/><G83/><T60/><D119/><U122/><E122/><V134/><F134/><W37/><G37/><T66/><D125/><U98/><E72/><V40/><F9/><W84/><G84/><T127/><D127/><U63/><E98/><V1/><F1/><AGARI ba="0,1" hai="1,5,8,24,30,33,45,49,54,62,64,71,120,121" machi="1" ten="30,2000,0" yaku="1,1,7,1,53,0" doraHai="96" doraHaiUra="123" who="3" fromWho="2" sc="260,0,191,0,247,-20,292,30" /><INIT seed="3,0,0,2,2,66" ten="260,191,227,322" oya="3" hai0="75,9,40,57,2,22,46,8,43,105,74,89,19" hai1="102,23,17,97,0,131,54,125,100,52,25,108,120" hai2="67,109,32,123,68,63,29,82,35,116,106,99,31" hai3="79,11,98,128,88,55,73,114,4,47,3,15,42"/><W20/><G128/><T80/><D105/><U16/><E131/><V126/><F29/><W119/><G119/><T84/><D40/><U76/><E120/><V129/><F129/><W7/><G114/><T132/><D132/><U122/><E122/><V18/><F18/><W5/><G55/><T27/><D57/><U71/><E71/><N who="2" m="42495" /><F123/><W30/><G88/><T34/><D34/><U107/><E0/><V50/><F50/><W45/><G98/><T112/><D112/><U86/><E100/><N who="2" m="62751" /><F116/><W104/><G47/><T24/><D24/><U94/><E125/><V1/><F126/><W64/><G64/><T56/><D56/><U101/><E108/><V26/><F82/><N who="3" m="45423" /><G104/><T10/><D2/><U91/><E101/><V62/><F109/><W133/><G133/><T33/><D33/><U58/><E76/><V118/><F35/><W115/><G115/><T60/><D60/><U134/><E134/><V127/><F127/><W130/><G130/><T49/><AGARI ba="0,0" hai="8,9,10,19,22,27,43,46,49,74,75,80,84,89" machi="49" ten="30,1100,0" yaku="0,1" doraHai="66" who="0" fromWho="0" sc="260,11,191,-3,227,-3,322,-5" owari="271,7.1,188,-31.2,224,-17.6,317,41.7" /></mjloggm>