<mjloggm ver="2.3"><GO type="225" lobby="0"/><UN n0="%E3%83%96%E3%83%83%E3%83%91%E3%82%AA%E3%83%96%E3%83%81%E3%82%AD%E3%83%B3" n1="%E5%A4%8F%E9%88%B4%E9%88%B4%E5%A4%8F" n2="%E6%97%A5%E6%9B%9C%E6%97%A5%E3%82%88%E3%82%8A%E3%81%AE%E4%BD%BF%E8%80%85" n3="%E3%81%A4%E3%81%A3%E3%81%B1%E3%82%8A%E3%83%9D%E3%83%BC%E3%83%AB" dan="16,16,16,17" rate="2061.43,2107.11,2145.98,2119.57" sx="M,F,M,M"/><TAIKYOKU oya="0"/><INIT seed="0,0,0,0,2,38" ten="250,250,250,250" oya="0" hai0="100,49,123,70,109,64,32,30,73,59,105,126,74" hai1="9,55,51,15,4,95,65,11,107,114,37,104,127" hai2="45,36,110,90,10,115,71,58,29,80,125,12,3" hai3="53,117,111,56,43,27,63,121,24,16,106,6,14"/><T78/><D123/><U50/><E37/><V119/><F115/><W31/><G117/><T2/><D2/><U128/><E114/><V61/><F119/><W131/><G121/><T66/><D66/><U20/><E65/><V81/><F71/><W72/><G72/><T28/><D28/><U33/><E33/><V134/><F3/><W124/><G106/><T21/><D21/><U89/><E127/><V22/><F125/><W84/><G124/><T7/><D7/><U130/><E50/><V79/><F110/><W108/><G131/><N who="1" m="50218" /><E20/><V34/><F34/><W5/><G84/><T86/><D49/><U88/><E89/><V60/><F90/><W41/><G6/><T0/><D126/><U8/><E11/><V120/><F22/><N who="3" m="11543" /><G5/><T46/><D32/><U44/><E9/><V77/><F10/><W39/><G39/><T69/><D69/><U13/><E15/><V135/><F12/><W17/><G17/><T94/><D70/><U48/><E51/><V19/><F19/><W98/><G98/><AGARI ba="0,0" hai="4,8,13,44,48,55,88,95,98,104,107" m="50218" machi="98" ten="30,2000,0" yaku="19,1,54,1" doraHai="38" who="1" fromWho="3" sc="250,0,250,20,250,0,250,-20" /><INIT seed="1,0,0,4,0,123" ten="250,270,250,230" oya="1" hai0="4,64,102,130,127,94,88,122,108,59,84,56,77" hai1="104,125,98,20,113,92,11,128,86,57,49,22,5" hai2="80,48,96,100,2,91,89,118,9,129,37,21,90" hai3="36,40,60,131,117,14,52,7,28,126,33,116,83"/><U110/><E113/><V82/><F37/><W51/><G131/><T30/><D122/><U61/><E125/><V87/><F118/><N who="3" m="45675" /><G126/><T0/><D127/><U23/><E104/><V107/><F129/><W97/><G60/><T95/><D130/><U47/><E86/><V34/><F34/><W73/><G97/><T124/><D124/><U70/><E70/><V63/><F63/><W17/><G7/><T43/><D43/><U31/><E110/><V121/><F121/><W66/><G66/><T39/><D39/><U44/><E49/><V132/><F132/><W13/><G40/><T54/><D30/><U109/><E31/><V6/><F82/><W29/><G36/><T133/><D77/><U99/><E109/><V18/><REACH who="2" step="1"/><F48/><REACH who="2" ten="250,270,240,230" step="2"/><W134/><G134/><T53/><D108/><U111/><E128/><V65/><F65/><W62/><G62/><T115/><D64/><U74/><E61/><V93/><F93/><W27/><G83/><T112/><D133/><U101/><E92/><V19/><F19/><W78/><G17/><T25/><D95/><U24/><E111/><V16/><F16/><W55/><G29/><T45/><D94/><U105/><E99/><V3/><F3/><W79/><G51/><T67/><D0/><N who="1" m="423" /><E98/><V103/><F103/><W41/><G33/><T26/><D102/><U10/><E101/><V35/><F35/><W106/><G28/><T71/><D67/><U38/><E38/><V42/><F42/><W8/><G41/><T76/><D115/><U85/><E105/><V46/><F46/><W68/><G106/><T75/><D112/><RYUUKYOKU ba="0,1" sc="250,-10,270,-10,240,30,230,-10" hai2="2,6,9,18,21,80,87,89,90,91,96,100,107" /><INIT seed="2,1,1,0,0,24" ten="240,260,270,220" oya="2" hai0="32,99,96,81,35,49,77,88,10,40,111,68,80" hai1="21,78,58,62,76,17,94,1,130,11,41,73,133" hai2="9,90,128,31,85,101,129,102,4,103,25,37,132" hai3="7,27,16,52,55,57,18,98,8,23,44,2,121"/><V110/><F37/><W82/><G121/><T36/><D68/><U66/><E130/><N who="2" m="50283" /><F132/><W42/><G82/><T93/><D36/><U127/><E73/><V26/><F110/><W131/><G131/><T53/><D111/><U43/><E127/><V30/><F26/><W109/><G109/><T50/><D40/><U120/><E133/><V3/><F25/><W92/><G18/><T72/><D49/><U84/><E21/><V28/><F103/><W113/><G113/><T112/><D112/><U39/><E39/><V122/><F122/><W91/><REACH who="3" step="1"/><G57/><REACH who="3" ten="240,260,270,210" step="2"/><T100/><D81/><AGARI ba="1,2" hai="3,4,9,28,30,31,81,85,90,101,102" m="50283" machi="81" ten="30,11600,0" yaku="19,1,52,3" doraHai="24" who="2" fromWho="0" sc="240,-119,260,0,270,139,210,0" /><INIT seed="2,2,0,2,0,15" ten="121,260,409,210" oya="2" hai0="51,127,111,99,5,53,36,119,23,122,101,26,22" hai1="77,43,125,20,130,78,6,102,50,64,126,13,92" hai2="4,123,58,74,73,70,16,40,8,128,132,114,56" hai3="91,54,86,48,100,47,32,82,30,89,63,108,9"/><V72/><F114/><W44/><G108/><T81/><D122/><U107/><E107/><V84/><F123/><W49/><G100/><T120/><D120/><U80/><E64/><V3/><F70/><W110/><G110/><T19/><D111/><U39/><E39/><V133/><F128/><W0/><G32/><T83/><D127/><U135/><E135/><N who="2" m="51787" /><F40/><W2/><G30/><T68/><D36/><U65/><E43/><V46/><F46/><W37/><G37/><T14/><D68/><U34/><E77/><V104/><F104/><W118/><G118/><T117/><D117/><U131/><E78/><V35/><F35/><W87/><G63/><T90/><D90/><U10/><E34/><V88/><F16/><W45/><G9/><T33/><D33/><U129/><E10/><V109/><F109/><W69/><G69/><T124/><D124/><U17/><E17/><V121/><F121/><W116/><G45/><T61/><D119/><U60/><E126/><V98/><F98/><W94/><REACH who="3" step="1"/><G116/><REACH who="3" ten="121,260,409,200" step="2"/><T134/><D134/><U95/><E125/><V115/><F115/><W96/><G96/><T57/><D61/><U75/><E60/><V106/><F106/><W105/><G105/><T18/><REACH who="0" step="1"/><D5/><REACH who="0" ten="111,260,409,200" step="2"/><U66/><E6/><V42/><F4/><W62/><G62/><T97/><D97/><U41/><E129/><V67/><F67/><W25/><G25/><T11/><D11/><U76/><E130/><V85/><F8/><W28/><G28/><T1/><D1/><U38/><E131/><V29/><F3/><W24/><G24/><T71/><D71/><RYUUKYOKU ba="2,2" sc="111,15,260,-15,409,-15,200,15" hai0="14,18,19,22,23,26,51,53,57,81,83,99,101" hai3="0,2,44,47,48,49,54,82,86,87,89,91,94" /><INIT seed="3,3,2,5,0,126" ten="126,245,394,215" oya="3" hai0="59,125,128,15,7,117,39,13,61,82,33,3,97" hai1="119,45,81,99,124,113,0,36,84,21,96,55,79" hai2="60,17,102,43,4,65,29,49,24,71,116,122,85" hai3="2,22,121,51,135,89,93,77,23,42,110,132,131"/><W57/><G121/><T118/><D39/><U83/><E113/><V94/><F116/><N who="0" m="44650" /><D82/><U32/><E32/><V27/><F122/><W44/><G2/><T6/><D97/><U8/><E0/><V114/><F114/><W100/><G77/><T19/><D59/><U69/><E83/><V63/><F4/><N who="0" m="1578" /><D61/><U14/><E81/><V62/><F65/><W28/><G100/><T52/><D52/><U73/><E55/><V50/><F71/><W78/><G78/><T41/><D41/><U35/><E96/><N who="2" m="59671" /><F43/><W74/><G57/><T34/><D3/><U40/><E99/><V127/><F85/><W72/><G72/><T86/><D86/><U104/><E84/><V1/><F127/><W20/><G74/><T18/><D125/><U134/><E124/><V54/><F1/><W98/><G98/><T107/><D107/><U56/><E40/><V30/><F17/><N who="0" m="6154" /><D128/><U64/><E56/><N who="2" m="32847" /><F50/><W31/><G131/><T87/><D87/><U105/><E104/><V9/><F9/><W129/><G89/><T130/><D130/><U37/><E105/><V92/><F92/><W133/><G129/><T101/><D101/><U12/><E36/><V38/><F38/><W88/><G93/><T123/><D123/><U103/><E37/><V58/><F58/><W10/><G88/><T111/><D111/><U26/><E103/><V11/><F11/><W48/><G10/><T16/><N who="0" m="6162" /><T5/><N who="0" m="1586" /><DORA hai="109" /><T47/><DORA hai="90" /><D47/><U46/><E45/><V66/><F66/><W75/><G110/><T120/><D120/><U76/><E46/><V70/><F70/><RYUUKYOKU ba="3,2" sc="126,15,245,-15,394,15,215,-15" hai0="13,15,33,34" hai2="24,27,29,30,60,62,63" owari="141,-35.9,230,3.0,429,52.9,200,-20.0" /></mjloggm>