<mjloggm ver="2.3"><GO type="225" lobby="0"/><UN n0="%33%74%72%65%65" n1="%E3%81%8B%E3%82%8F%E3%81%A1%E3%82%83%E3%82%93%35%38" n2="%E3%83%A9%E3%83%BC%E3%83%A1%E3%83%B3%E4%BA%94%E9%83%8E" n3="%70%68%65%6E%6F%6D%65" dan="17,16,16,16" rate="2162.87,2146.67,2076.13,2196.07" sx="F,M,M,M"/><TAIKYOKU oya="0"/><INIT seed="0,0,0,1,2,65" ten="250,250,250,250" oya="0" hai0="30,18,53,77,121,58,6,49,106,0,35,51,13" hai1="103,83,73,133,123,107,28,42,19,96,29,113,109" hai2="74,110,82,33,76,126,43,81,94,112,31,10,41" hai3="108,8,95,70,55,89,84,115,68,38,16,62,26"/><T85/><D121/><U98/><E123/><V24/><F112/><W5/><G115/><T101/><D106/><U54/><E113/><V78/><F110/><W90/><G38/><T104/><D104/><U131/><E98/><V127/><F94/><W61/><G108/><T63/><D101/><U135/><E109/><V7/><F126/><W52/><G89/><T14/><D14/><U66/><E131/><V99/><F99/><W132/><G132/><N who="1" m="50762" /><E42/><V45/><F45/><W23/><G61/><T72/><D72/><U111/><E111/><V129/><F127/><W47/><G47/><T80/><D0/><U39/><E39/><V9/><F129/><W125/><G125/><T134/><D134/><U119/><E119/><V34/><F34/><W105/><G105/><T46/><D6/><U25/><E66/><V50/><F50/><W20/><G20/><T32/><D30/><N who="1" m="11883" /><E54/><V3/><REACH who="2" step="1"/><F10/><REACH who="2" ten="250,250,240,250" step="2"/><W75/><G8/><T27/><D51/><U93/><E93/><V114/><F114/><W120/><G120/><T67/><REACH who="0" step="1"/><D27/><REACH who="0" ten="240,250,240,250" step="2"/><U100/><E100/><V117/><F117/><W11/><G26/><T60/><D60/><U97/><E103/><V130/><F130/><W128/><G62/><T1/><D1/><U48/><E48/><V118/><F118/><W91/><G128/><T69/><D69/><U122/><E122/><V124/><F124/><W40/><G68/><T86/><D86/><AGARI ba="0,2" hai="3,7,9,24,31,33,41,43,74,76,78,81,82,86" machi="86" ten="30,3900,0" yaku="1,1,7,1,53,1" doraHai="65" doraHaiUra="4" who="2" fromWho="0" sc="240,-39,250,0,240,59,250,0" /><INIT seed="1,0,0,1,5,28" ten="201,250,299,250" oya="1" hai0="94,3,59,34,128,42,90,47,98,19,93,101,82" hai1="53,14,29,22,4,26,33,80,66,123,117,39,102" hai2="74,73,44,79,127,5,116,118,10,6,126,27,131" hai3="45,11,63,62,121,100,99,0,51,65,85,113,43"/><U64/><E117/><V24/><F131/><W60/><G121/><T87/><D128/><U68/><E123/><V105/><F105/><W120/><G120/><T110/><D110/><U41/><E102/><V124/><F44/><W20/><G113/><T58/><D3/><U50/><E39/><V89/><F89/><W2/><G65/><T55/><D34/><U125/><E41/><V107/><F107/><W23/><G85/><T135/><D135/><U13/><E125/><V15/><F5/><W81/><G81/><T67/><D67/><U7/><E80/><N who="2" m="45167" /><F74/><W132/><G132/><T122/><D122/><U12/><E22/><V76/><F76/><W1/><REACH who="3" step="1"/><G11/><REACH who="3" ten="201,250,299,240" step="2"/><T36/><D82/><U46/><REACH who="1" step="1"/><E64/><REACH who="1" ten="201,240,299,240" step="2"/><V106/><F118/><W95/><AGARI ba="0,2" hai="0,1,2,20,23,43,45,51,60,62,63,95,99,100" machi="95" ten="40,5200,0" yaku="1,1,2,1,0,1,53,0" doraHai="28" doraHaiUra="114" who="3" fromWho="3" sc="201,-13,240,-26,299,-13,240,72" /><INIT seed="2,0,0,3,3,19" ten="188,214,286,312" oya="2" hai0="103,87,13,109,132,70,52,30,78,69,85,28,135" hai1="134,83,68,112,58,62,10,96,131,47,107,77,51" hai2="18,79,17,94,124,75,72,54,20,101,40,115,5" hai3="57,127,63,128,116,21,81,36,27,49,42,126,114"/><V31/><F115/><W60/><G116/><T38/><D38/><U8/><E112/><V121/><F121/><W88/><G114/><T73/><D73/><U33/><E33/><V91/><F124/><N who="3" m="47659" /><G36/><T123/><D123/><U66/><E131/><V25/><F101/><W7/><G7/><T64/><D103/><U89/><E68/><N who="0" m="26217" /><D64/><U1/><E1/><V74/><F40/><W86/><G128/><T39/><D39/><U129/><E134/><N who="0" m="51241" /><D109/><U110/><E110/><V113/><F113/><W67/><G60/><T23/><D78/><U108/><E108/><V82/><F74/><W9/><G9/><T100/><D100/><U14/><E129/><V32/><F75/><W61/><G63/><T16/><D52/><U53/><E107/><V120/><F120/><W93/><G93/><T104/><D104/><U29/><E8/><V12/><F54/><W106/><G106/><T41/><D41/><U55/><E55/><V111/><F111/><W119/><G49/><T37/><D37/><U98/><E51/><V117/><F72/><W6/><G119/><T84/><AGARI ba="0,0" hai="13,16,23,28,30,84,85,87" m="51241,26217" machi="84" ten="40,5200,0" yaku="20,1,52,1,54,1" doraHai="19" who="0" fromWho="0" sc="188,52,214,-13,286,-26,312,-13" /><INIT seed="3,0,0,5,5,45" ten="240,201,260,299" oya="3" hai0="9,48,33,23,44,26,63,16,5,90,73,59,15" hai1="91,58,107,28,11,125,120,129,87,2,6,117,30" hai2="133,14,38,94,113,1,130,47,67,32,89,80,118" hai3="34,0,75,69,17,22,35,76,128,108,114,49,88"/><W79/><G114/><T64/><D73/><U19/><E120/><V86/><F113/><W135/><G69/><T121/><D121/><U4/><E107/><V98/><F1/><W70/><G70/><T13/><D33/><U3/><E125/><V110/><F118/><W56/><G0/><T40/><D90/><U97/><E129/><V57/><F32/><W84/><G128/><T20/><D20/><U93/><E117/><V105/><F130/><W72/><G75/><T27/><AGARI ba="0,0" hai="5,9,13,15,16,23,26,27,40,44,48,59,63,64" machi="27" ten="30,7900,0" yaku="0,1,8,1,52,1,54,1" doraHai="45" who="0" fromWho="0" sc="240,79,201,-20,260,-20,299,-39" owari="319,41.9,181,-31.9,240,-16.0,260,6.0" /></mjloggm>