<mjloggm ver="2.3"><GO type="225" lobby="0"/><UN n0="%E6%B8%A9%E2%98%85%E6%83%85%E2%98%85%E6%8E%AA%E2%98%85%E7%BD%AE" n1="%E6%98%93%E5%88%A9%E8%96%A9%E4%BC%AF" n2="%E6%A0%B9%E5%85%83%E3%81%8B%E3%82%89%E5%90%B9%E3%81%A3%E9%A3%9B%E3%81%B6" n3="%E3%81%BE%E3%81%A8%E3%81%9F" dan="17,17,17,16" rate="2173.95,2187.42,2109.20,2119.25" sx="M,F,F,M"/><TAIKYOKU oya="0"/><INIT seed="0,0,0,2,5,53" ten="250,250,250,250" oya="0" hai0="62,124,51,70,113,29,107,94,18,17,64,83,127" hai1="35,34,93,11,97,67,88,2,33,75,58,49,86" hai2="72,55,121,40,12,27,65,68,30,103,36,106,54" hai3="48,60,115,111,16,109,25,20,91,96,9,19,130"/><T31/><D107/><U98/><E75/><V43/><F12/><N who="3" m="7183" /><G115/><T120/><D113/><U108/><E108/><N who="3" m="41546" /><G48/><T119/><D120/><U15/><E2/><V26/><F72/><W7/><G7/><T87/><D119/><U132/><E132/><V117/><F117/><W73/><G73/><T78/><D94/><U90/><E90/><V23/><F36/><W114/><G114/><T95/><D95/><U71/><E71/><V22/><F68/><W100/><G91/><T123/><D123/><U122/><E122/><V77/><F77/><W45/><G45/><T74/><D74/><U116/><E116/><V105/><F121/><W101/><G96/><T41/><D51/><U57/><E49/><V32/><F32/><W84/><G84/><T79/><D41/><U80/><E80/><V134/><F134/><W76/><G76/><T82/><D82/><U125/><E125/><N who="0" m="48201" /><D79/><U52/><E97/><V104/><F43/><W56/><G130/><T135/><D135/><U46/><E98/><V10/><F40/><W99/><G99/><T81/><D83/><U14/><E46/><V42/><F106/><W1/><G1/><T92/><D92/><U3/><E3/><V38/><F105/><W112/><G112/><T85/><D85/><U50/><REACH who="1" step="1"/><E11/><REACH who="1" ten="250,240,250,250" step="2"/><V0/><F10/><W66/><AGARI ba="0,1" hai="19,20,25,56,60,66,100,101" m="41546,7183" machi="66" ten="30,4000,0" yaku="14,1,52,1,54,1" doraHai="53" who="3" fromWho="3" sc="250,-20,240,-10,250,-10,250,50" /><INIT seed="1,0,0,5,2,82" ten="230,230,240,300" oya="1" hai0="119,97,80,91,4,61,8,62,122,87,5,18,126" hai1="123,48,49,128,55,111,110,29,92,39,73,95,114" hai2="72,46,106,59,103,36,98,3,51,56,43,81,100" hai3="0,124,68,133,40,102,96,83,44,30,25,127,101"/><U1/><E114/><V108/><F108/><N who="1" m="41513" /><E123/><V99/><F3/><W134/><G68/><T13/><D122/><U66/><E39/><V34/><F34/><N who="3" m="20815" /><G83/><T41/><D119/><U23/><E1/><V74/><F81/><W15/><G15/><T129/><D129/><U52/><E73/><V67/><F59/><W58/><G58/><T64/><D126/><N who="3" m="48169" /><G0/><T76/><D41/><U14/><E66/><V85/><F67/><W105/><G101/><T113/><D113/><U78/><E78/><V94/><F56/><W19/><G19/><T93/><REACH who="0" step="1"/><D62/><REACH who="0" ten="220,230,240,300" step="2"/><U69/><E128/><V53/><F43/><W27/><G27/><T121/><D121/><U90/><E48/><AGARI ba="0,1" hai="40,44,48,96,102,105,133,134" m="48169,20815" machi="48" ten="30,1000,0" yaku="18,1" doraHai="82" who="3" fromWho="1" sc="220,0,230,-10,240,0,300,20" /><INIT seed="2,0,0,2,1,94" ten="220,220,240,320" oya="2" hai0="79,20,126,128,49,23,122,124,1,127,53,81,82" hai1="129,84,50,45,66,106,57,35,41,74,68,97,25" hai2="109,60,37,108,90,24,105,112,29,76,114,69,30" hai3="11,28,58,95,130,88,64,44,18,123,71,9,62"/><V13/><F13/><W75/><G75/><T132/><D122/><U46/><E74/><V83/><F90/><W17/><G28/><T101/><D132/><U31/><E129/><V73/><F37/><W8/><G123/><T4/><D128/><U113/><E84/><V61/><F29/><W39/><G130/><T15/><D101/><N who="1" m="62767" /><E113/><V38/><F38/><W34/><G34/><T116/><D116/><U78/><E78/><V91/><F91/><W36/><G36/><T21/><D15/><U118/><E118/><V135/><F135/><W40/><REACH who="3" step="1"/><G71/><REACH who="3" ten="220,220,240,310" step="2"/><T96/><D126/><U0/><E68/><V12/><F69/><W93/><G93/><T7/><D127/><U77/><E35/><V117/><F117/><W131/><G131/><T103/><D124/><U65/><E31/><V70/><F70/><W47/><G47/><T72/><D72/><U107/><E46/><V16/><F112/><W121/><G121/><T42/><D81/><U119/><E45/><V52/><F114/><W56/><G56/><T48/><D82/><U111/><E57/><V120/><F120/><W100/><G100/><T98/><D103/><U102/><E102/><V87/><F83/><W133/><G133/><T80/><D80/><U54/><E119/><V63/><F73/><W99/><AGARI ba="0,1" hai="8,9,11,17,18,39,40,44,58,62,64,88,95,99" machi="99" ten="30,7900,0" yaku="1,1,0,1,52,1,54,1,53,0" doraHai="94" doraHaiUra="2" who="3" fromWho="3" sc="220,-20,220,-20,240,-39,310,89" /><INIT seed="3,0,0,2,5,67" ten="200,200,201,399" oya="3" hai0="80,56,18,34,68,100,109,119,106,65,131,115,121" hai1="74,54,125,14,103,24,26,91,89,70,101,38,5" hai2="30,87,21,36,97,84,95,27,45,41,16,122,2" hai3="37,102,61,124,77,79,71,58,52,78,3,81,83"/><W57/><G71/><T17/><D119/><U49/><E38/><V10/><F122/><W32/><G37/><T90/><D121/><U120/><E74/><V55/><F55/><W134/><G32/><T73/><D68/><U53/><E70/><V105/><F105/><W25/><G3/><T33/><D115/><U86/><E125/><V108/><F108/><W113/><G113/><T114/><D114/><U60/><E120/><V66/><F66/><W46/><G46/><T112/><D112/><U99/><E60/><V39/><F39/><W44/><G44/><T22/><D109/><U85/><E99/><V1/><F1/><W93/><G25/><N who="1" m="9834" /><E5/><V63/><F63/><W76/><G76/><T29/><D106/><U9/><E86/><V88/><F30/><W51/><G134/><T129/><D100/><N who="1" m="38475" /><E49/><V8/><F2/><W116/><G116/><T96/><D29/><U19/><E91/><V64/><F64/><N who="3" m="38959" /><G124/><T123/><D123/><U82/><AGARI ba="0,0" hai="9,14,19,53,54,82,85,89" m="38475,9834" machi="82" ten="30,1100,0" yaku="8,1" doraHai="67" who="1" fromWho="1" sc="200,-3,200,11,201,-3,399,-5" owari="197,-30.3,211,1.1,198,-20.2,394,49.4" /></mjloggm>