<mjloggm ver="2.3"><GO type="225" lobby="0"/><UN n0="%E5%91%A8%E6%9D%B1" n1="%E8%B5%A4%E3%81%84%E8%9B%99%31%31" n2="%E6%9C%88%E5%A4%9C%E3%81%AB%E9%A2%A8" n3="%E9%A6%AC%E5%BC%95%E7%81%AB%33" dan="16,16,16,16" rate="2186.46,2067.41,2093.92,2144.25" sx="M,M,M,M"/><TAIKYOKU oya="0"/><INIT seed="0,0,0,0,3,104" ten="250,250,250,250" oya="0" hai0="33,55,125,83,26,134,45,59,120,129,42,10,114" hai1="86,81,8,11,69,100,123,98,105,41,117,15,3" hai2="12,77,40,73,58,121,48,0,124,107,24,90,94" hai3="102,38,68,66,49,99,95,76,72,61,111,85,5"/><T47/><D120/><U27/><E117/><V6/><F121/><W80/><G111/><T36/><D114/><U51/><E69/><V122/><F107/><W74/><G38/><T79/><D134/><U4/><E123/><V96/><F124/><W108/><G108/><T67/><D125/><U91/><E27/><V128/><F128/><W46/><REACH who="3" step="1"/><G5/><REACH who="3" ten="250,250,250,240" step="2"/><T112/><D112/><U101/><E101/><V9/><F122/><W93/><G93/><T118/><D118/><U133/><E133/><V106/><F106/><W65/><G65/><T71/><D129/><U110/><E110/><V39/><F39/><W89/><G89/><T126/><D126/><U127/><E127/><V18/><F90/><W56/><G56/><T2/><D67/><U7/><E41/><AGARI ba="0,1" hai="41,46,49,61,66,68,72,74,76,80,85,95,99,102" machi="41" ten="30,7700,0" yaku="1,1,7,1,52,2,53,0" doraHai="104" doraHaiUra="135" who="3" fromWho="1" sc="250,0,250,-77,250,0,240,87" /><INIT seed="1,0,0,3,1,102" ten="250,173,250,327" oya="1" hai0="32,15,59,47,41,72,77,16,129,87,44,98,55" hai1="73,120,14,90,117,109,126,13,20,122,93,9,121" hai2="112,21,92,70,84,29,125,2,53,127,61,10,71" hai3="4,3,34,134,50,128,58,123,33,91,67,31,42"/><U60/><E117/><V27/><F112/><W107/><G123/><T135/><D32/><U54/><E73/><V76/><F2/><W6/><G107/><T81/><D135/><U62/><E126/><N who="2" m="48139" /><F10/><W80/><G134/><T86/><D129/><U130/><E130/><V18/><F92/><W35/><G31/><T82/><D98/><U108/><E20/><N who="2" m="15591" /><F84/><W37/><G3/><T85/><D41/><U1/><E1/><V83/><F53/><W57/><G4/><T100/><D100/><U11/><E11/><V19/><F61/><W104/><G6/><T78/><D86/><U25/><E25/><N who="2" m="14519" /><F19/><W0/><G0/><T96/><D96/><N who="1" m="57399" /><E54/><V97/><F97/><W69/><G67/><T116/><D72/><U99/><E99/><V48/><F48/><W39/><G50/><T49/><D116/><U30/><E30/><V17/><F17/><W111/><G37/><T106/><D106/><U64/><E64/><V12/><F12/><N who="1" m="4713" /><E9/><AGARI ba="0,0" hai="9,15,16,44,47,49,55,59,77,78,81,82,85,87" machi="9" ten="30,7700,0" yaku="7,1,9,1,8,1,54,1" doraHai="102" who="0" fromWho="1" sc="250,77,173,-77,250,0,327,0" /><INIT seed="2,0,0,1,5,45" ten="327,96,250,327" oya="2" hai0="99,91,104,21,36,14,54,118,88,6,100,80,82" hai1="86,89,49,84,121,67,20,57,75,85,38,72,87" hai2="48,7,106,55,5,4,125,0,12,66,11,122,58" hai3="97,130,83,59,61,68,50,69,17,32,93,81,120"/><V18/><F125/><W24/><G120/><T102/><D36/><U127/><E38/><V22/><F122/><W107/><G107/><T34/><D34/><U56/><E121/><V40/><F106/><W129/><G17/><T62/><D118/><U94/><E127/><V1/><F40/><W70/><G24/><T133/><D133/><U8/><E8/><V113/><F113/><W41/><G32/><T124/><D124/><U73/><E20/><V42/><F42/><W47/><G59/><N who="0" m="35191" /><D104/><U131/><E131/><N who="3" m="50186" /><G61/><T37/><D37/><U3/><E3/><V105/><F105/><W43/><G43/><T10/><D21/><U65/><REACH who="1" step="1"/><E49/><REACH who="1" ten="327,86,250,327" step="2"/><V78/><F0/><W135/><G135/><T112/><D112/><U95/><E95/><V114/><F114/><W101/><AGARI ba="0,1" hai="41,47,50,68,69,70,81,83,93,97,101" m="50186" machi="101" ten="40,2700,0" yaku="19,1,52,1" doraHai="45" who="3" fromWho="3" sc="327,-7,86,-7,250,-13,327,37" /><INIT seed="3,0,0,4,0,7" ten="320,79,237,364" oya="3" hai0="126,38,104,90,78,24,101,45,69,124,6,40,26" hai1="42,28,3,75,96,29,114,132,1,5,131,19,44" hai2="53,8,113,83,118,2,67,50,92,17,107,0,72" hai3="74,76,58,70,116,127,123,125,33,65,55,86,102"/><W47/><G116/><T111/><D69/><U34/><E96/><V82/><F107/><W115/><G115/><T119/><D119/><U35/><E75/><V48/><F113/><W39/><G33/><N who="1" m="12298" /><E114/><V91/><F67/><W80/><G123/><T133/><D111/><U20/><E42/><V56/><F118/><W46/><G102/><T22/><D133/><U14/><E44/><V117/><F117/><W130/><G130/><T36/><D90/><U79/><E79/><V12/><F0/><N who="1" m="73" /><E132/><V51/><F2/><W84/><G84/><T31/><D78/><U93/><E93/><V134/><F134/><W25/><G25/><T120/><D120/><U23/><E131/><V41/><F72/><W110/><G110/><T100/><D38/><U43/><E43/><V98/><F41/><N who="3" m="22847" /><G47/><T71/><D71/><U73/><E73/><V97/><F97/><W108/><G108/><T94/><D94/><U88/><E88/><V52/><F50/><N who="3" m="31095" /><G86/><T121/><D121/><U105/><E105/><V87/><F87/><W68/><G68/><T32/><D104/><U106/><E106/><V129/><F129/><W95/><G95/><T77/><D77/><U57/><E57/><V66/><F66/><W30/><G30/><N who="1" m="11882" /><E5/><V21/><F53/><W64/><G64/><T112/><D6/><U60/><E60/><AGARI ba="0,0" hai="60,65,70,74,76,80,125,127" m="31095,22847" machi="60" ten="30,1500,0" yaku="24,1" doraHai="7" who="3" fromWho="1" sc="320,0,79,-15,237,0,364,15" owari="320,12.0,64,-43.6,237,-16.3,379,47.9" /></mjloggm>