<mjloggm ver="2.3"><GO type="225" lobby="0"/><UN n0="%E3%81%A4%E3%81%A3%E3%81%B1%E3%82%8A%E3%83%9D%E3%83%BC%E3%83%AB" n1="%E6%81%A5%E6%99%92%E3%81%97" n2="%E3%81%99%E3%81%84%E3%81%BE%E3%81%9B%E3%83%BC%E3%82%93" n3="%E5%91%A8%E6%9D%B1" dan="17,16,18,17" rate="2113.19,2122.56,2261.11,2196.43" sx="M,M,M,M"/><TAIKYOKU oya="0"/><INIT seed="0,0,0,5,4,76" ten="250,250,250,250" oya="0" hai0="55,9,12,88,40,81,91,57,79,108,11,48,59" hai1="117,24,22,116,51,113,92,66,122,41,125,70,29" hai2="82,89,85,75,105,23,68,87,14,1,3,135,49" hai3="134,36,50,5,20,107,94,18,84,126,7,95,124"/><T128/><D128/><U97/><E122/><V93/><F68/><W16/><G36/><T32/><D32/><U100/><E125/><N who="3" m="48234" /><G107/><T60/><D108/><U123/><E123/><V112/><F112/><W37/><G37/><T33/><D33/><U17/><E113/><V47/><F105/><W74/><G74/><T69/><D69/><U6/><E6/><N who="3" m="2058" /><G134/><T34/><D34/><U130/><E130/><V25/><F75/><W132/><G132/><T98/><D98/><U99/><E41/><V106/><F106/><W28/><G28/><T120/><D120/><U8/><E51/><V30/><F135/><W111/><G111/><T121/><D121/><U104/><E29/><V61/><F61/><W44/><G84/><N who="0" m="48191" /><D40/><U67/><E8/><N who="0" m="3145" /><D12/><U115/><E115/><V64/><F14/><N who="3" m="9239" /><G18/><T63/><D63/><U27/><E70/><V46/><F3/><W77/><G77/><T2/><D2/><U42/><E17/><V65/><F1/><W53/><AGARI ba="0,0" hai="44,50,53,94,95" m="9239,2058,48234" machi="53" ten="30,2000,0" yaku="18,1,54,1" doraHai="76" who="3" fromWho="3" sc="250,-10,250,-5,250,-5,250,20" /><INIT seed="1,0,0,2,4,122" ten="240,245,245,270" oya="1" hai0="107,3,18,57,25,128,119,96,5,85,110,6,10" hai1="45,87,135,124,19,35,43,36,99,134,111,47,32" hai2="101,78,28,55,74,118,12,23,1,26,116,93,130" hai3="132,62,13,60,66,64,29,54,73,92,16,109,70"/><U49/><E124/><V94/><F1/><W103/><G132/><N who="1" m="50730" /><E99/><V31/><F130/><W102/><G73/><T21/><D119/><U68/><E68/><V14/><F31/><W7/><G109/><T40/><D128/><U52/><E19/><V39/><F39/><W37/><G37/><T51/><D110/><U27/><E111/><V44/><F78/><W90/><G54/><T82/><D6/><U80/><E27/><V2/><F74/><W48/><G48/><T89/><D107/><U17/><E17/><V67/><F2/><W98/><G29/><T86/><D96/><U112/><E112/><V95/><F67/><W77/><G77/><AGARI ba="0,0" hai="32,35,36,43,45,47,49,52,77,80,87" m="50730" machi="77" ten="30,2900,0" yaku="20,1,54,1" doraHai="122" who="1" fromWho="3" sc="240,0,245,29,245,0,270,-29" /><INIT seed="1,1,0,4,3,21" ten="240,274,245,241" oya="1" hai0="114,11,4,56,84,126,79,117,93,105,25,88,122" hai1="53,132,89,45,82,68,96,80,7,119,59,28,113" hai2="26,2,72,81,36,15,29,33,40,120,37,76,74" hai3="9,73,87,108,42,118,23,62,34,91,44,6,103"/><U0/><E113/><V5/><F120/><W75/><G34/><T12/><D114/><U116/><E68/><V48/><F15/><W131/><G118/><T104/><D117/><U63/><E132/><V47/><REACH who="2" step="1"/><F72/><REACH who="2" ten="240,274,235,241" step="2"/><W99/><G75/><T106/><D122/><U95/><E116/><V22/><F22/><W98/><G73/><T101/><D126/><U24/><E119/><V123/><F123/><W3/><G23/><T135/><D135/><U38/><E0/><V32/><F32/><W102/><G3/><T71/><D71/><U85/><E7/><V35/><F35/><W70/><G6/><T111/><D111/><U52/><E38/><V1/><F1/><W49/><G108/><T78/><D101/><U107/><E28/><V109/><F109/><W65/><G9/><AGARI ba="1,1" hai="2,5,9,26,29,33,36,37,40,47,48,74,76,81" machi="9" ten="40,2600,0" yaku="1,1,52,1,53,0" doraHai="21" doraHaiUra="127" who="2" fromWho="3" sc="240,0,274,0,235,39,241,-29" /><INIT seed="2,0,0,2,0,29" ten="240,274,274,212" oya="2" hai0="130,131,58,36,112,120,134,23,42,56,11,32,135" hai1="63,1,38,15,106,6,65,72,86,95,103,79,114" hai2="26,14,50,20,41,85,92,81,109,107,54,105,98" hai3="43,102,62,39,53,47,115,67,122,64,124,99,8"/><V24/><F41/><W34/><G34/><T25/><D112/><U18/><E114/><V116/><F116/><W84/><G115/><T108/><D120/><U66/><E38/><V93/><F109/><W127/><G84/><T16/><D108/><U44/><E44/><V22/><F105/><W31/><G31/><T69/><D69/><U55/><E6/><V37/><F37/><W121/><G8/><T60/><D32/><U4/><E4/><V94/><F107/><W49/><G99/><T91/><D91/><N who="1" m="53751" /><E1/><V13/><F98/><W68/><G67/><T40/><D11/><U78/><E55/><V87/><F20/><W7/><G102/><T33/><D33/><U51/><E51/><V118/><F118/><W126/><G7/><T128/><D60/><U119/><E63/><V45/><F87/><W3/><G3/><T76/><D76/><U100/><E119/><V52/><F54/><W48/><G48/><T111/><D111/><U71/><E79/><N who="2" m="46271" /><F24/><W19/><G19/><AGARI ba="0,0" hai="13,14,19,22,26,45,50,52,92,93,94" m="46271" machi="19" ten="30,2900,0" yaku="8,1,54,1" doraHai="29" who="2" fromWho="3" sc="240,0,274,0,274,29,212,-29" /><INIT seed="2,1,0,0,0,14" ten="240,274,303,183" oya="2" hai0="66,58,117,29,47,0,88,35,70,132,12,33,112" hai1="42,54,20,133,64,15,90,49,101,16,48,75,31" hai2="99,134,34,71,44,26,123,55,1,98,106,118,91" hai3="43,76,122,53,114,24,108,38,9,77,100,10,36"/><V82/><F118/><W127/><G122/><T17/><D112/><U13/><E75/><V30/><F123/><W65/><G114/><T3/><D70/><U62/><E101/><V87/><F134/><W27/><G108/><T22/><D132/><U93/><E133/><V78/><F71/><W4/><G127/><T116/><D47/><N who="1" m="25719" /><E31/><V124/><F1/><N who="0" m="586" /><D29/><U102/><E102/><V97/><F124/><W40/><G100/><T81/><D58/><N who="1" m="36951" /><E13/><V80/><F106/><W84/><G65/><T125/><D66/><U130/><E130/><V7/><F7/><W25/><G4/><T5/><D5/><U61/><E61/><V6/><F6/><W115/><G115/><T59/><D59/><N who="1" m="33231" /><E93/><V45/><REACH who="2" step="1"/><F55/><REACH who="2" ten="240,274,293,183" step="2"/><W94/><G53/><T120/><D120/><U56/><E56/><V95/><F95/><W113/><G113/><T63/><D125/><U37/><E37/><V23/><F23/><W103/><G38/><T67/><D117/><U109/><E109/><V2/><F2/><W19/><G36/><T50/><D116/><U11/><E20/><V74/><AGARI ba="1,1" hai="26,30,34,44,45,74,78,80,82,87,91,97,98,99" machi="74" ten="30,3000,0" yaku="1,1,0,1,53,0" doraHai="14" doraHaiUra="135" who="2" fromWho="2" sc="240,-11,274,-11,293,43,183,-11" /><INIT seed="2,2,0,2,0,80" ten="229,263,336,172" oya="2" hai0="99,67,111,19,85,96,66,28,7,12,133,25,103" hai1="36,131,26,32,58,46,69,53,30,124,39,9,0" hai2="27,50,6,105,116,106,90,109,78,76,47,35,91" hai3="70,89,122,21,11,45,88,132,59,18,31,87,129"/><V65/><F116/><W24/><G122/><T17/><D111/><U83/><E124/><V33/><F27/><W97/><G70/><T34/><D133/><U48/><E131/><V71/><F50/><W74/><G74/><T29/><D7/><U23/><E69/><V10/><F10/><W98/><G132/><T123/><D123/><U114/><E114/><V115/><F71/><W60/><G45/><T5/><D5/><U108/><E108/><V3/><F6/><W15/><G129/><T94/><D29/><U14/><E0/><V20/><F3/><W38/><G38/><T41/><D41/><U22/><E83/><V4/><F4/><W92/><REACH who="3" step="1"/><G89/><REACH who="3" ten="229,263,336,162" step="2"/><T1/><D1/><U118/><E39/><V2/><F91/><W44/><G44/><T120/><D120/><U110/><E36/><V55/><F47/><W117/><G117/><T42/><D42/><U68/><E118/><V13/><F2/><W73/><G73/><T113/><D113/><U63/><E68/><V72/><F72/><W121/><G121/><T93/><D67/><AGARI ba="2,1" hai="11,15,18,21,24,31,59,60,67,87,88,92,97,98" machi="67" ten="30,8000,1" yaku="1,1,7,1,8,1,52,1,54,1,53,0" doraHai="80" doraHaiUra="75" who="3" fromWho="0" sc="229,-86,263,0,336,0,162,96" /><INIT seed="3,0,0,4,1,132" ten="143,263,336,258" oya="3" hai0="102,84,106,134,15,113,121,49,127,135,11,45,52" hai1="74,18,4,34,50,5,104,1,100,119,76,21,85" hai2="98,103,55,39,44,43,46,35,69,0,80,67,109" hai3="60,54,48,88,78,130,59,61,90,124,120,28,82"/><W79/><G120/><T19/><D121/><U108/><E34/><V22/><F35/><W13/><G130/><T126/><D113/><U47/><E74/><V65/><F0/><W16/><G124/><N who="0" m="47659" /><D84/><U115/><E115/><V32/><F32/><W37/><G37/><T116/><D116/><U70/><E70/><V10/><F69/><W36/><G36/><T20/><D11/><U51/><E51/><V42/><F10/><W95/><G28/><T118/><D118/><U7/><E108/><V89/><F109/><W12/><G79/><T17/><D19/><U93/><E119/><V29/><F29/><W30/><G30/><T117/><D117/><U81/><E7/><V57/><F39/><W27/><G78/><T114/><D114/><U68/><E5/><V96/><F96/><W3/><G16/><T6/><D6/><U8/><E18/><V123/><F98/><AGARI ba="0,0" hai="15,17,20,45,49,52,98,102,106,134,135" m="47659" machi="98" ten="30,8000,1" yaku="18,1,52,3,54,1" doraHai="132" who="0" fromWho="2" sc="143,80,263,0,336,-80,258,0" /><INIT seed="4,0,0,0,0,39" ten="223,263,256,258" oya="0" hai0="47,2,38,31,88,66,70,42,12,73,85,6,27" hai1="105,115,17,117,32,0,110,74,9,15,130,101,58" hai2="60,57,93,120,97,132,48,106,29,3,95,102,107" hai3="129,35,122,123,22,68,133,40,87,78,8,113,89"/><T10/><D73/><U65/><E117/><V116/><F120/><N who="3" m="46123" /><G35/><T108/><D108/><U50/><E110/><V127/><F3/><W109/><G109/><T37/><D37/><U36/><E36/><V134/><F116/><W128/><G68/><T53/><D53/><U46/><E74/><V25/><F48/><W79/><G8/><T98/><D98/><U83/><E130/><N who="3" m="50282" /><G22/><T121/><D121/><U69/><E32/><V4/><F4/><W24/><G24/><T21/><D66/><U19/><E0/><V112/><F127/><W119/><G40/><T135/><D135/><U94/><E69/><V82/><F25/><W63/><G63/><T81/><REACH who="0" step="1"/><D70/><REACH who="0" ten="213,263,256,258" step="2"/><U90/><E65/><N who="2" m="39055" /><F134/><W96/><G133/><T51/><D51/><U118/><E50/><V30/><F132/><W59/><G119/><T23/><D23/><U67/><E118/><V114/><F97/><W126/><G96/><T103/><D103/><U64/><E101/><V52/><F102/><W125/><G113/><T16/><D16/><U55/><E19/><V11/><F52/><W49/><G49/><T104/><D104/><U18/><E105/><V100/><F107/><W86/><G59/><T76/><D76/><N who="3" m="29225" /><G87/><T20/><D20/><U80/><E67/><V5/><F114/><W14/><G126/><T71/><D71/><U75/><E115/><V28/><F112/><W92/><G125/><T43/><D43/><U62/><E18/><V45/><F100/><W54/><G54/><T41/><D41/><U77/><E55/><V7/><F106/><W111/><G111/><T72/><D72/><RYUUKYOKU ba="0,1" sc="213,15,263,-15,256,-15,258,15" hai0="2,6,10,12,21,27,31,38,42,47,81,85,88" hai3="14,86,89,92" /><INIT seed="4,1,1,1,5,122" ten="228,248,241,273" oya="0" hai0="63,71,49,100,36,116,44,101,135,1,83,111,89" hai1="118,15,75,59,102,37,108,57,14,131,69,23,124" hai2="26,123,98,54,90,76,4,3,115,11,52,27,114" hai3="46,92,2,32,22,79,104,13,67,77,70,8,64"/><T60/><D116/><U134/><E118/><V17/><F123/><W95/><G104/><T7/><D36/><U35/><E35/><V85/><F76/><W45/><G32/><T72/><D135/><U58/><E134/><V68/><F98/><W121/><G2/><T119/><D119/><U34/><E34/><V91/><F68/><W18/><G121/><T132/><D132/><U50/><E69/><V128/><F128/><W82/><G70/><T43/><D71/><U39/><E75/><V81/><F91/><W93/><G8/><T25/><D7/><U94/><E131/><V28/><F17/><W112/><G112/><N who="2" m="43049" /><F27/><W80/><G79/><T9/><D9/><U61/><E102/><N who="0" m="39529" /><D1/><U96/><E61/><N who="0" m="23625" /><D72/><U12/><E23/><AGARI ba="1,1" hai="3,4,11,23,26,28,52,54,81,85,90" m="43049" machi="23" ten="30,2000,0" yaku="15,1,54,1" doraHai="122" who="2" fromWho="1" sc="228,0,248,-23,241,33,273,0" /><INIT seed="5,0,0,0,2,81" ten="228,225,274,273" oya="1" hai0="42,20,101,68,103,12,129,60,79,111,130,69,16" hai1="82,107,86,40,14,116,23,90,43,131,110,119,108" hai2="93,67,80,112,126,74,36,109,0,21,104,75,76" hai3="113,9,29,46,35,11,27,135,13,10,132,6,106"/><U44/><E107/><V17/><F36/><W123/><G106/><T15/><D111/><N who="1" m="42539" /><E131/><N who="0" m="50185" /><D79/><U65/><E65/><V34/><F34/><W88/><G123/><T4/><D42/><N who="1" m="15915" /><E44/><V3/><F104/><W77/><G77/><T96/><D96/><U124/><E124/><V102/><F126/><W38/><G113/><T49/><D49/><U48/><E48/><V19/><F112/><W61/><G46/><T120/><D120/><U115/><E115/><V8/><F109/><W64/><G38/><T73/><D73/><U30/><E30/><V62/><F75/><W41/><G41/><T125/><D125/><U87/><E87/><V45/><F45/><W133/><REACH who="3" step="1"/><G88/><REACH who="3" ten="228,225,274,263" step="2"/><T22/><D101/><U99/><E99/><V59/><F102/><W97/><G97/><T92/><D103/><U1/><E1/><V66/><F0/><W128/><G128/><T28/><D92/><U31/><E31/><V18/><F93/><W85/><G85/><T50/><D28/><U51/><E51/><V52/><F3/><W7/><G7/><T91/><D50/><U78/><E78/><V58/><F74/><W114/><G114/><T2/><D91/><U63/><E63/><V117/><F76/><W122/><G122/><T71/><D60/><U25/><E116/><V127/><F117/><W95/><G95/><T98/><D98/><U70/><E119/><V83/><F127/><W55/><G55/><T26/><D2/><U5/><E86/><V53/><F62/><W24/><G24/><N who="0" m="14343" /><D4/><U84/><E5/><V134/><F53/><W37/><G37/><T56/><D56/><AGARI ba="0,1" hai="6,9,10,11,13,27,29,35,56,61,64,132,133,135" machi="56" ten="40,5200,0" yaku="1,1,6,1,20,1,53,0" doraHai="81" doraHaiUra="32" who="3" fromWho="0" sc="228,-52,225,0,274,0,263,62" owari="176,-32.4,225,-17.5,274,7.4,325,42.5" /></mjloggm>