<mjloggm ver="2.3"><GO type="225" lobby="0"/><UN n0="%E9%A6%AC%E5%BC%95%E7%81%AB%33" n1="%72%69%6F%75%63%68%61%6E" n2="%E3%81%A4%E3%81%A3%E3%81%B1%E3%82%8A%E3%83%9D%E3%83%BC%E3%83%AB" n3="%E5%B0%8F%E9%B3%A5%E9%81%8A%E7%B7%B4%E7%84%A1%32%31%E6%AD%B3" dan="16,16,17,17" rate="2062.10,2113.87,2192.58,2158.59" sx="M,M,M,F"/><TAIKYOKU oya="0"/><INIT seed="0,0,0,1,4,8" ten="250,250,250,250" oya="0" hai0="50,27,82,90,126,110,97,100,32,107,71,122,51" hai1="116,121,99,67,69,130,3,49,57,63,79,85,23" hai2="129,70,132,109,22,87,74,38,103,1,17,14,7" hai3="28,135,52,108,43,4,134,96,95,68,112,30,11"/><T42/><D122/><U41/><E116/><V104/><F74/><W36/><G112/><T10/><D126/><U12/><E130/><V65/><F38/><W102/><G68/><T55/><D71/><U47/><E121/><V124/><F124/><W19/><G19/><T2/><D110/><U13/><E3/><V94/><F109/><W58/><G108/><T46/><D32/><U6/><E6/><V21/><F129/><W72/><G72/><T106/><D27/><U92/><E23/><V40/><F40/><W118/><G118/><T120/><D120/><U15/><E69/><V39/><F39/><W119/><G119/><T18/><D106/><U66/><E85/><V101/><F104/><W78/><G78/><T44/><D2/><U54/><E79/><V73/><F73/><W25/><G43/><T80/><REACH who="0" step="1"/><D90/><AGARI ba="0,0" hai="12,13,15,41,47,49,54,57,63,66,67,90,92,99" machi="90" ten="40,8000,1" yaku="8,1,52,3" doraHai="8" who="1" fromWho="0" sc="250,-80,250,80,250,0,250,0" /><INIT seed="1,0,0,0,0,106" ten="170,330,250,250" oya="1" hai0="37,9,51,45,125,33,60,116,69,78,42,53,132" hai1="65,89,72,49,44,131,95,26,101,4,5,120,86" hai2="124,61,39,2,133,110,104,0,11,94,28,7,27" hai3="58,13,105,19,127,130,64,82,90,55,10,123,46"/><U134/><E120/><V119/><F104/><W12/><G105/><T36/><D33/><U3/><E131/><V97/><F39/><N who="0" m="14922" /><D9/><U108/><E134/><V47/><F119/><W17/><G127/><T100/><D78/><U135/><E108/><V84/><F133/><W81/><G130/><T91/><D91/><U22/><E135/><V111/><F47/><W25/><G123/><T92/><D92/><U71/><E3/><V128/><F128/><W35/><G25/><T40/><D100/><U15/><E72/><V102/><F124/><W117/><G35/><T98/><D98/><N who="1" m="59615" /><E65/><V30/><F2/><W59/><G117/><T74/><D74/><U31/><E15/><V54/><F84/><N who="3" m="50447" /><G64/><N who="0" m="41095" /><D132/><U122/><E71/><V112/><F112/><W29/><G29/><T23/><D23/><U87/><E122/><V113/><F113/><W14/><G82/><T50/><D125/><U16/><E31/><V107/><F107/><W75/><G75/><T103/><D103/><U67/><E67/><V57/><REACH who="2" step="1"/><F28/><REACH who="2" ten="170,330,240,250" step="2"/><W70/><G10/><T41/><D116/><U77/><E87/><V34/><AGARI ba="0,1" hai="0,7,11,27,30,34,54,57,61,94,97,102,110,111" machi="34" ten="30,4000,0" yaku="1,1,2,1,0,1,53,0" doraHai="106" doraHaiUra="83" who="2" fromWho="2" sc="170,-10,330,-20,240,50,250,-10" /><INIT seed="2,0,0,2,3,121" ten="160,310,290,240" oya="2" hai0="128,72,135,108,18,13,94,27,41,131,102,103,113" hai1="29,44,23,80,43,133,104,81,74,4,111,45,132" hai2="6,46,118,49,109,21,98,101,66,75,93,95,42" hai3="35,32,122,30,69,83,31,87,37,77,11,2,116"/><V48/><F118/><W58/><G69/><T24/><D113/><U125/><E111/><V40/><F75/><W73/><G116/><T65/><D72/><U47/><E104/><V25/><F109/><W96/><G37/><T19/><D135/><N who="1" m="51787" /><E125/><V60/><F6/><W82/><G122/><T62/><D94/><U17/><E29/><V61/><F95/><W7/><G96/><T91/><D41/><U124/><E124/><V26/><F26/><W92/><G92/><T20/><D13/><U97/><E4/><V79/><F79/><W55/><G32/><T51/><D51/><U22/><E97/><V71/><F60/><W130/><G35/><T0/><D62/><U53/><E53/><V134/><F134/><W3/><G3/><T56/><D56/><U84/><E74/><V123/><F123/><W33/><G33/><T9/><D0/><U78/><E80/><V120/><F120/><W119/><G119/><T38/><D38/><N who="1" m="21623" /><E22/><V127/><F127/><W86/><G73/><T76/><D76/><U112/><E112/><V63/><F63/><W107/><G107/><T99/><D20/><U100/><E100/><V54/><REACH who="2" step="1"/><F49/><REACH who="2" ten="160,310,280,240" step="2"/><W64/><G7/><T8/><D108/><U36/><E36/><V50/><F50/><W34/><G77/><T57/><D27/><AGARI ba="0,1" hai="17,23,27,45,47,78,81,84" m="21623,51787" machi="27" ten="30,1000,0" yaku="20,1" doraHai="121" who="1" fromWho="0" sc="160,-10,310,20,280,0,240,0" /><INIT seed="3,0,0,4,3,52" ten="150,330,280,240" oya="3" hai0="93,120,24,39,4,63,11,45,112,106,124,90,2" hai1="18,14,53,101,123,126,41,9,56,104,33,12,114" hai2="125,113,44,55,40,82,49,60,48,111,15,92,99" hai3="5,122,31,59,72,67,121,8,77,91,22,129,20"/><W97/><G129/><T32/><D120/><U107/><E123/><V38/><F113/><W71/><G71/><T89/><D106/><U30/><E114/><V87/><F111/><W117/><G117/><T50/><D112/><U58/><E126/><V54/><F125/><W74/><G122/><T94/><D124/><U116/><E116/><V79/><F15/><W25/><G121/><T7/><D39/><U16/><E41/><V36/><F60/><N who="3" m="38303" /><G74/><T105/><D105/><U96/><E107/><V37/><F37/><W70/><G72/><T29/><D7/><U133/><E133/><V78/><F78/><W73/><G73/><T10/><D10/><U108/><E108/><V118/><F40/><W86/><G70/><T27/><D27/><U68/><E68/><V35/><F35/><W132/><G132/><T98/><D63/><U102/><E102/><V13/><F13/><N who="3" m="5263" /><G97/><T23/><D32/><U46/><E33/><V80/><F80/><N who="3" m="49607" /><G20/><T131/><D131/><U26/><E104/><V42/><F42/><W134/><G134/><T17/><D17/><U19/><E19/><V85/><F85/><W130/><G130/><T75/><D75/><U103/><E96/><V76/><F76/><AGARI ba="0,0" hai="22,25,31,76,77" m="49607,5263,38303" machi="76" ten="30,2900,0" yaku="8,1,52,1" doraHai="52" who="3" fromWho="2" sc="150,0,330,0,280,-29,240,29" /><INIT seed="3,1,0,3,4,74" ten="150,330,251,269" oya="3" hai0="118,127,94,66,93,106,63,19,72,39,32,81,87" hai1="80,4,101,35,53,88,22,104,61,50,121,131,12" hai2="68,64,100,29,71,46,130,91,33,11,43,38,69" hai3="59,27,78,10,5,16,37,97,134,129,31,67,126"/><W6/><G37/><T123/><D118/><U25/><E121/><V9/><F130/><W119/><G119/><T105/><D123/><U122/><E122/><V58/><F100/><W23/><G134/><T82/><D32/><U62/><E131/><V115/><F115/><W1/><G129/><T21/><D39/><U51/><E35/><V132/><F132/><W111/><G126/><T77/><D127/><U117/><E117/><V70/><F91/><W84/><G111/><T107/><D19/><N who="1" m="12511" /><E104/><V13/><F13/><N who="3" m="7223" /><G97/><T99/><D21/><U26/><E101/><V79/><F79/><W112/><G1/><T92/><D63/><N who="1" m="24075" /><E26/><V18/><F58/><W85/><G85/><T57/><D57/><U17/><E4/><N who="3" m="1642" /><G112/><T15/><D15/><U55/><E53/><V3/><F3/><W48/><G67/><T41/><D41/><U65/><E55/><V34/><F34/><W47/><G59/><T86/><D66/><U108/><E108/><V116/><F116/><W113/><G113/><T102/><D72/><U56/><E56/><V24/><F64/><W52/><G84/><T54/><D54/><U103/><E65/><V135/><F135/><W73/><G73/><T96/><D99/><U110/><E110/><V120/><F120/><W8/><G8/><N who="2" m="3145" /><F71/><W7/><G7/><T40/><D40/><U124/><E124/><V95/><F18/><W28/><G31/><T30/><D30/><U90/><E17/><V114/><F114/><W44/><G44/><T89/><AGARI ba="1,0" hai="77,81,82,86,87,89,92,93,94,96,102,105,106,107" machi="89" ten="30,16000,3" yaku="0,1,35,6,52,1" doraHai="74" who="0" fromWho="0" sc="150,163,330,-41,251,-41,269,-81" owari="313,41.3,289,8.9,210,-19.0,188,-31.2" /></mjloggm>