<mjloggm ver="2.3"><GO type="225" lobby="0"/><UN n0="%E4%B8%AD%E5%B9%B4%E3%81%AE%E5%8D%B1%E6%A9%9F" n1="%E6%A1%9C%E8%8A%B1%E9%96%83%E3%80%85" n2="%6C%65%74%69%74%62%65" n3="%E6%9C%88%E5%B3%B6%E5%9F%BA" dan="16,16,16,16" rate="2139.19,2106.58,2100.17,2051.77" sx="M,M,M,M"/><TAIKYOKU oya="0"/><INIT seed="0,0,0,0,0,97" ten="250,250,250,250" oya="0" hai0="14,45,36,94,57,43,135,76,24,46,40,126,21" hai1="48,92,0,54,133,39,110,59,53,81,44,33,104" hai2="2,95,71,67,55,65,124,130,89,16,125,58,27" hai3="68,18,82,101,119,72,56,7,25,60,83,20,79"/><T115/><D115/><U75/><E104/><V26/><F2/><W31/><G119/><T34/><D126/><N who="2" m="48746" /><F130/><W17/><G68/><T63/><D135/><U51/><E133/><V73/><F73/><W74/><G7/><T102/><D76/><U49/><E0/><V80/><F80/><W13/><G101/><T41/><D14/><U66/><E33/><V29/><F71/><W112/><G112/><T109/><D34/><U132/><E132/><V11/><F26/><W122/><G122/><T32/><D32/><U121/><E92/><V84/><F29/><W90/><G13/><T88/><D102/><U47/><E81/><V38/><F38/><W3/><G3/><T131/><D131/><U15/><E75/><V12/><F27/><W91/><G91/><T105/><D105/><U108/><E15/><V42/><F42/><W77/><REACH who="3" step="1"/><G90/><REACH who="3" ten="250,250,250,240" step="2"/><T103/><D103/><U6/><E121/><V120/><F120/><W69/><G69/><T93/><D36/><U99/><E39/><V129/><F129/><W114/><G114/><T111/><D109/><U85/><E108/><V5/><F5/><W52/><AGARI ba="0,1" hai="17,18,20,25,31,52,56,60,72,74,77,79,82,83" machi="52" ten="20,8000,1" yaku="1,1,0,1,7,1,9,1,54,1,53,0" doraHai="97" doraHaiUra="134" who="3" fromWho="3" sc="250,-40,250,-20,250,-20,240,90" /><INIT seed="1,0,0,4,5,18" ten="210,230,230,330" oya="1" hai0="19,90,67,133,112,36,23,118,80,98,14,58,70" hai1="29,1,113,96,47,27,73,45,25,74,106,115,20" hai2="87,13,4,49,17,52,66,50,34,15,110,61,119" hai3="3,105,16,91,117,31,51,102,60,81,42,75,99"/><U86/><E1/><V41/><F119/><W121/><G3/><T124/><D118/><U8/><E8/><N who="2" m="4231" /><F34/><W126/><G121/><T22/><D112/><U35/><E86/><V68/><F68/><W38/><G38/><T40/><D70/><U10/><E10/><V125/><F125/><W57/><G31/><T6/><D124/><U9/><E9/><V89/><F41/><W24/><G117/><T54/><D133/><U111/><E111/><V12/><F110/><W88/><G126/><T0/><D0/><U53/><E113/><V127/><F66/><W122/><G122/><T92/><D6/><U30/><E115/><V55/><F61/><W79/><G51/><N who="2" m="19465" /><F12/><W134/><G42/><T56/><D67/><U109/><E53/><V101/><F101/><W100/><G100/><T114/><D114/><U130/><E109/><V94/><F127/><W71/><G71/><T120/><D120/><U123/><E123/><V77/><F77/><W85/><G75/><T43/><D36/><U69/><E69/><V103/><F103/><W129/><G134/><T84/><D23/><AGARI ba="0,0" hai="15,17,23,52,55,87,89,94" m="19465,4231" machi="23" ten="30,3900,0" yaku="8,1,52,1,54,1" doraHai="18" who="2" fromWho="0" sc="210,-39,230,0,230,39,330,0" /><INIT seed="2,0,0,2,2,21" ten="171,230,269,330" oya="2" hai0="26,12,5,126,62,19,96,117,124,92,18,118,55" hai1="134,93,105,121,14,129,39,123,132,2,16,36,76" hai2="63,4,112,77,110,15,125,72,94,24,131,10,85" hai3="81,75,17,67,47,45,6,122,97,71,51,60,42"/><V43/><F112/><W98/><G122/><N who="1" m="46602" /><E105/><V48/><F72/><W66/><G66/><T32/><D62/><U86/><E2/><V37/><F37/><N who="1" m="14409" /><E129/><V22/><F125/><N who="0" m="48234" /><D55/><U59/><E59/><V104/><F63/><W56/><G6/><T78/><D78/><U120/><N who="1" m="46610" /><U103/><DORA hai="1" /><E103/><V87/><F104/><W7/><G7/><T9/><D96/><U58/><E58/><V90/><F110/><W33/><G33/><T69/><D92/><U20/><E76/><V44/><F131/><W101/><G47/><T40/><D40/><U119/><E119/><N who="0" m="45577" /><D69/><U46/><E46/><V127/><F127/><W82/><G71/><T89/><D89/><AGARI ba="0,0" hai="14,16,20,86,89,93,132,134" m="14409,46610" machi="89" ten="50,3200,0" yaku="13,1,54,1" doraHai="21,1" who="1" fromWho="0" sc="171,-32,230,32,269,0,330,0" /><INIT seed="3,0,0,1,2,63" ten="139,262,269,330" oya="3" hai0="134,43,16,7,55,112,90,26,32,18,51,39,131" hai1="118,124,71,70,77,10,49,87,66,5,56,12,52" hai2="22,72,15,126,114,37,40,108,36,117,24,19,103" hai3="96,47,93,120,14,33,11,106,73,130,81,67,132"/><W42/><G120/><T128/><D16/><U127/><E118/><V9/><F117/><W102/><G33/><T135/><D18/><U20/><E20/><V79/><F114/><W41/><G130/><N who="0" m="49707" /><D55/><U97/><E97/><V60/><F108/><W2/><G2/><T78/><D51/><U89/><E77/><V121/><F126/><N who="1" m="48169" /><E66/><V48/><F103/><W88/><G67/><T23/><D90/><U113/><E113/><V100/><F100/><W105/><G102/><T54/><D23/><U83/><AGARI ba="0,0" hai="5,10,12,49,52,56,70,71,83,87,89" m="48169" machi="83" ten="30,2000,0" yaku="18,1,54,1" doraHai="63" who="1" fromWho="1" sc="139,-5,262,20,269,-5,330,-10" owari="134,-36.6,282,8.2,264,-13.6,320,42.0" /></mjloggm>