<mjloggm ver="2.3"><GO type="225" lobby="0"/><UN n0="%33%74%72%65%65" n1="%E7%9A%AE%E3%80%85" n2="%E7%B4%94%E6%BD%94%E3%83%94%E3%83%A9%E3%83%8B%E3%82%A2" n3="%E7%99%BD%E5%80%89%E5%AF%9B%E4%B9%8B" dan="17,16,17,16" rate="2134.14,2169.47,2204.38,2150.05" sx="F,F,M,M"/><TAIKYOKU oya="0"/><INIT seed="0,0,0,4,3,8" ten="250,250,250,250" oya="0" hai0="31,101,32,127,61,125,82,22,35,40,25,39,16" hai1="121,60,54,80,102,12,73,53,84,28,26,69,94" hai2="18,2,99,1,64,57,124,0,134,3,126,67,90" hai3="79,92,85,63,115,93,15,55,116,106,65,21,76"/><T98/><D61/><U52/><E121/><V38/><F38/><W24/><G106/><T30/><D82/><U48/><E73/><V36/><F36/><W133/><G115/><T20/><D40/><U68/><E48/><V113/><F113/><W47/><G116/><T45/><D45/><U34/><E60/><V89/><F134/><W58/><G133/><T7/><D39/><U9/><E94/><N who="3" m="36458" /><G85/><T130/><D130/><U103/><E68/><V13/><F99/><W110/><G110/><T131/><D131/><U50/><E50/><V70/><F70/><W19/><G47/><T27/><D7/><U49/><E49/><V10/><N who="2" m="0" /><DORA hai="43" /><V107/><F107/><W59/><G59/><T129/><D129/><U72/><E72/><V78/><F78/><N who="3" m="29739" /><G55/><T46/><D46/><U95/><E95/><V71/><F57/><W100/><G100/><T37/><D37/><U114/><E69/><V119/><F71/><W88/><G88/><N who="2" m="33897" /><F119/><W66/><G66/><T81/><D98/><U51/><E51/><V33/><F33/><N who="0" m="12874" /><D101/><U17/><REACH who="1" step="1"/><E114/><REACH who="1" ten="250,240,250,250" step="2"/><V108/><F108/><W29/><G63/><T97/><D97/><U105/><E105/><V23/><F64/><W41/><G65/><T123/><D123/><U75/><E75/><V14/><F67/><W118/><G118/><T11/><D81/><U62/><E62/><V96/><F96/><W83/><G41/><T77/><D77/><AGARI ba="0,1" hai="9,12,17,26,28,34,52,53,54,77,80,84,102,103" machi="77" ten="40,5200,0" yaku="1,1,52,1,54,1,53,0" doraHai="8,43" doraHaiUra="87,132" who="1" fromWho="0" sc="250,-52,240,62,250,0,250,0" /><INIT seed="1,0,0,5,2,66" ten="198,302,250,250" oya="1" hai0="133,11,8,33,14,30,112,110,91,130,41,13,88" hai1="99,64,67,42,46,60,69,100,15,126,34,81,53" hai2="4,22,87,58,23,37,54,39,93,120,31,59,134" hai3="114,109,48,121,108,79,62,56,135,107,55,19,113"/><U57/><E34/><V90/><F120/><W125/><G107/><T71/><D112/><N who="3" m="43113" /><G79/><T75/><D75/><U12/><E126/><V116/><F116/><W123/><G19/><T72/><D72/><U43/><E81/><V25/><F134/><W106/><G106/><T50/><D133/><U86/><E86/><V49/><F4/><W7/><G7/><T76/><D76/><U32/><E32/><V17/><REACH who="2" step="1"/><F58/><REACH who="2" ten="198,302,240,250" step="2"/><N who="3" m="33127" /><G135/><T102/><D130/><U45/><E57/><V35/><F35/><W115/><N who="3" m="43121" /><W98/><DORA hai="1" /><G125/><T85/><D33/><U16/><E46/><V117/><F117/><W78/><G123/><T119/><D119/><U29/><E45/><V94/><F94/><W51/><G121/><T128/><D128/><U127/><E127/><V70/><F70/><W80/><G109/><T84/><D110/><U73/><E69/><V40/><F40/><W83/><G108/><T97/><D71/><U9/><E43/><V92/><F92/><W18/><G56/><T10/><D41/><U6/><E42/><V65/><F65/><W28/><G83/><T38/><D38/><U74/><E67/><V103/><F103/><W82/><G80/><T24/><D102/><U122/><E64/><V132/><F132/><W96/><G82/><T124/><D124/><U44/><E122/><V5/><F5/><W21/><G78/><T77/><D77/><U95/><E44/><V47/><F47/><W61/><G61/><T129/><D129/><U26/><E60/><V131/><F131/><W111/><G62/><T2/><D50/><U3/><E74/><RYUUKYOKU ba="0,1" sc="198,-10,302,-10,240,30,250,-10" hai2="17,22,23,25,31,37,39,49,54,59,87,90,93" /><INIT seed="2,1,1,5,0,18" ten="188,292,270,240" oya="2" hai0="30,41,43,87,113,101,80,90,8,108,62,42,121" hai1="73,67,76,91,38,74,88,21,33,34,130,105,60" hai2="25,98,116,56,44,65,10,86,128,109,45,89,12" hai3="29,85,51,63,47,32,95,104,22,23,40,68,1"/><V6/><F116/><W79/><G104/><T39/><D121/><U134/><E38/><V2/><F128/><W50/><G1/><T92/><D113/><U97/><E130/><V122/><F122/><W5/><G5/><T81/><D108/><U64/><E134/><V19/><F109/><W24/><G51/><T110/><D110/><U14/><E105/><V100/><F65/><W135/><G135/><T36/><D36/><U77/><E97/><V115/><F56/><W17/><G17/><T83/><D39/><U31/><E60/><V66/><F66/><W61/><G68/><T112/><D112/><U84/><E84/><V3/><F25/><W118/><G118/><T75/><D75/><U55/><E55/><V58/><F58/><W99/><G63/><T102/><D62/><U13/><E31/><V107/><F3/><W11/><G11/><T117/><D117/><U82/><E82/><V20/><F115/><W106/><G61/><T4/><REACH who="0" step="1"/><D30/><REACH who="0" ten="178,292,270,240" step="2"/><U71/><E71/><V26/><F2/><AGARI ba="1,2" hai="2,4,8,41,42,43,80,81,83,87,90,92,101,102" machi="2" ten="40,2600,0" yaku="1,1,2,1,53,0" doraHai="18" doraHaiUra="59" who="0" fromWho="2" sc="178,49,292,0,270,-29,240,0" /><INIT seed="3,0,0,1,2,1" ten="227,292,241,240" oya="3" hai0="130,132,36,68,86,14,106,46,125,102,78,22,6" hai1="99,40,16,113,17,55,69,70,34,80,135,103,32" hai2="107,7,41,97,82,35,45,92,104,56,88,72,128" hai3="121,64,19,62,29,118,31,50,57,84,43,98,44"/><W127/><G121/><T126/><D68/><U4/><E113/><V119/><F35/><W30/><G118/><T18/><D130/><U81/><E40/><V79/><F119/><W112/><G112/><T11/><D132/><U52/><E4/><V117/><F117/><W61/><G127/><N who="0" m="48651" /><D36/><U134/><E99/><V95/><F128/><W115/><G115/><T114/><D114/><U122/><E103/><V87/><F56/><W58/><G98/><N who="0" m="61783" /><D46/><U20/><E20/><V49/><REACH who="2" step="1"/><F7/><REACH who="2" ten="227,292,231,240" step="2"/><W129/><G129/><T21/><D6/><U108/><E108/><V8/><F8/><W33/><G33/><T66/><D66/><U5/><E5/><V12/><F12/><W96/><G96/><T54/><D11/><U13/><E13/><V48/><F48/><W76/><G58/><T91/><D21/><U53/><E53/><V10/><F10/><W94/><G62/><T63/><D54/><U28/><E28/><V89/><AGARI ba="0,1" hai="41,45,49,72,79,82,87,88,89,92,95,97,104,107" machi="89" ten="20,8000,1" yaku="1,1,0,1,7,1,54,1,53,1" doraHai="1" doraHaiUra="38" who="2" fromWho="2" sc="227,-20,292,-20,231,90,240,-40" owari="207,-19.3,272,7.2,321,42.1,200,-30.0" /></mjloggm>