<mjloggm ver="2.3"><GO type="225" lobby="0"/><UN n0="%E3%82%BC%E3%83%AB%E3%83%80%E3%81%AE%E4%BC%9D%E8%AA%AC" n1="%E3%81%BD%E3%81%A1%E3%81%9F%E3%81%93%E3%82%84" n2="%E3%82%A4%E3%82%AD%E3%83%AA" n3="%77%72%77%72%77%72%77%72" dan="17,17,16,16" rate="2127.42,2183.49,2062.79,2114.43" sx="M,M,M,M"/><TAIKYOKU oya="0"/><INIT seed="0,0,0,3,3,57" ten="250,250,250,250" oya="0" hai0="61,59,1,30,96,67,114,91,75,128,27,124,116" hai1="107,71,88,123,118,127,87,80,69,121,23,41,68" hai2="6,58,18,35,55,45,119,73,135,38,33,70,113" hai3="115,12,81,100,79,77,99,83,85,21,5,106,4"/><T32/><D114/><U89/><E118/><V15/><F73/><W7/><G115/><T13/><D116/><U49/><E127/><V50/><F113/><W122/><G122/><T11/><D75/><U44/><E107/><V31/><F119/><W97/><G97/><T111/><D124/><U86/><REACH who="1" step="1"/><E23/><REACH who="1" ten="250,240,250,250" step="2"/><V8/><F35/><W47/><G47/><T78/><D128/><U72/><E72/><V64/><F33/><W133/><G133/><T109/><D1/><U93/><AGARI ba="0,1" hai="41,44,49,68,69,71,80,86,87,88,89,93,121,123" machi="93" ten="30,7900,0" yaku="1,1,0,1,54,1,53,1" doraHai="57" doraHaiUra="76" who="1" fromWho="1" sc="250,-39,240,89,250,-20,250,-20" /><INIT seed="1,0,0,2,5,45" ten="211,329,230,230" oya="1" hai0="91,53,33,55,47,41,84,25,60,127,74,23,63" hai1="59,24,119,90,86,7,115,83,44,37,40,6,116" hai2="76,29,52,129,88,82,134,58,92,26,101,99,1" hai3="22,50,126,89,32,34,38,117,131,0,77,125,10"/><U28/><E115/><V2/><F129/><W118/><G38/><T49/><D127/><N who="3" m="48649" /><G77/><T19/><D74/><U135/><E135/><V130/><F101/><W79/><G79/><T51/><D33/><N who="3" m="12905" /><G131/><T20/><D20/><U109/><E109/><V112/><F134/><W108/><G108/><T102/><D102/><U122/><E122/><V128/><F112/><W120/><G120/><T62/><REACH who="0" step="1"/><D51/><REACH who="0" ten="201,329,230,230" step="2"/><U64/><E116/><V85/><F130/><W75/><G22/><T42/><D42/><U72/><E72/><V98/><F128/><W87/><G75/><T57/><D57/><U3/><E119/><V94/><F29/><W80/><G50/><T17/><D17/><U124/><E124/><V69/><F69/><W107/><G107/><T104/><D104/><U31/><E28/><V13/><F26/><W96/><G96/><T133/><D133/><U113/><E113/><V114/><F114/><W110/><G110/><T121/><D121/><U93/><E24/><V16/><F99/><W54/><G117/><T123/><D123/><U9/><E31/><V35/><F35/><W27/><G118/><T65/><D65/><U43/><E40/><V71/><F71/><W12/><G27/><T56/><D56/><U103/><E103/><V5/><F98/><W66/><G66/><T36/><D36/><U4/><E59/><V11/><F58/><W68/><G68/><T111/><D111/><U39/><E64/><V46/><F16/><N who="3" m="8215" /><G54/><T70/><D70/><U67/><E67/><V48/><F52/><W18/><G18/><T61/><N who="0" m="15360" /><DORA hai="21" /><T15/><D15/><RYUUKYOKU ba="0,1" sc="201,15,329,-15,230,-15,230,15" hai0="19,23,25,41,47,49,53,55,84,91" hai3="0,80,87,89" /><INIT seed="2,1,1,3,2,48" ten="216,314,215,245" oya="2" hai0="1,21,109,36,64,113,88,71,114,131,129,74,33" hai1="5,123,107,40,60,22,45,96,25,32,24,27,115" hai2="120,10,16,57,18,83,55,128,14,106,41,11,105" hai3="117,7,15,59,91,75,79,67,47,80,86,119,53"/><V63/><F120/><W8/><G67/><T42/><D33/><U93/><E115/><V29/><F128/><N who="0" m="49226" /><D74/><U108/><E107/><V92/><F41/><W95/><REACH who="3" step="1"/><G47/><REACH who="3" ten="216,314,215,235" step="2"/><T127/><D64/><U56/><E45/><V118/><F118/><W135/><G135/><T35/><D113/><U97/><E123/><V130/><F130/><W81/><G81/><T77/><D114/><U51/><E56/><V98/><F83/><W23/><G23/><T73/><D21/><U76/><E22/><V19/><F29/><W4/><G4/><T31/><D31/><U84/><E5/><V69/><F69/><W28/><G28/><T70/><D70/><U72/><E32/><V103/><REACH who="2" step="1"/><F11/><REACH who="2" ten="216,314,205,235" step="2"/><W104/><G104/><AGARI ba="1,3" hai="10,14,16,18,19,55,57,63,92,98,103,104,105,106" machi="104" ten="40,12000,1" yaku="1,1,2,1,52,1,54,1,53,0" doraHai="48" doraHaiUra="65" who="2" fromWho="3" sc="216,0,314,0,205,153,235,-123" /><INIT seed="2,2,0,3,3,38" ten="216,314,358,112" oya="2" hai0="59,68,81,33,115,40,50,101,129,63,132,61,103" hai1="1,8,47,7,96,18,99,120,121,32,34,79,102" hai2="75,11,4,2,31,98,24,64,16,71,119,26,114" hai3="19,36,123,45,76,82,105,106,84,112,15,28,70"/><V100/><F114/><W55/><G112/><T117/><D115/><U89/><E79/><V118/><F75/><W128/><G123/><N who="1" m="47178" /><E18/><V91/><F91/><W109/><G109/><T44/><D33/><N who="1" m="12907" /><E102/><V13/><F31/><W58/><G128/><T20/><D129/><U39/><E89/><V66/><F26/><W94/><G70/><T90/><D132/><U87/><E87/><V88/><F24/><W78/><G28/><T83/><D117/><U48/><E39/><V107/><F88/><W95/><G76/><T127/><D83/><U30/><E30/><V93/><F93/><W29/><G29/><T10/><D20/><U35/><N who="1" m="12915" /><U77/><DORA hai="6" /><E77/><V85/><F85/><W122/><G122/><T23/><D23/><U134/><E134/><V125/><F125/><W116/><G116/><T113/><D81/><U72/><E72/><V131/><F131/><W53/><G106/><T110/><D90/><U57/><E57/><V0/><F119/><W111/><G105/><T14/><D127/><U56/><E56/><V25/><F25/><W130/><G130/><T21/><D21/><U62/><E62/><V97/><F118/><W60/><G111/><T49/><D110/><U92/><E92/><V46/><F71/><W9/><REACH who="3" step="1"/><G36/><REACH who="3" ten="216,314,358,102" step="2"/><T27/><D68/><U41/><AGARI ba="2,1" hai="1,7,8,41,47,48,96,99" m="12915,47178" machi="41" ten="50,6400,0" yaku="13,1,52,2" doraHai="38,6" who="1" fromWho="1" sc="216,-18,314,80,358,-34,102,-18" /><INIT seed="3,0,0,2,3,65" ten="198,394,324,84" oya="3" hai0="132,103,90,42,6,74,47,77,20,98,44,25,60" hai1="131,124,121,116,45,96,22,57,49,58,24,100,31" hai2="37,15,50,123,29,32,109,93,55,89,2,88,119" hai3="129,28,91,102,35,59,122,94,117,46,13,110,75"/><W43/><G117/><T125/><D90/><U56/><E121/><V41/><F2/><W115/><G115/><T84/><D74/><U111/><E111/><V68/><F119/><W18/><G122/><T64/><D6/><U10/><E131/><V30/><F123/><W79/><G129/><T73/><D73/><U7/><E124/><V69/><F41/><W54/><G110/><T113/><D132/><U80/><E80/><V53/><F37/><W126/><G102/><T66/><D66/><U127/><E127/><V107/><F107/><W120/><G120/><T4/><D4/><U133/><E133/><V61/><F109/><W67/><G67/><T101/><D125/><U1/><E116/><V114/><F114/><W72/><G79/><T51/><D44/><U97/><REACH who="1" step="1"/><E100/><REACH who="1" ten="198,384,324,84" step="2"/><V36/><F36/><W71/><G126/><T105/><D103/><U48/><E48/><V108/><F108/><W128/><G128/><T19/><D84/><U34/><E34/><V33/><F50/><N who="3" m="26975" /><G35/><T99/><D19/><U70/><E70/><V21/><F61/><N who="3" m="36087" /><G71/><T8/><D113/><U12/><E12/><V38/><F38/><W83/><G83/><T5/><D64/><U104/><E104/><V81/><F81/><W26/><G13/><N who="0" m="5263" /><D77/><U112/><E112/><V95/><F15/><W134/><G134/><T27/><D105/><U40/><AGARI ba="0,1" hai="1,7,10,22,24,31,40,45,49,56,57,58,96,97" machi="40" ten="30,2000,0" yaku="1,1,0,1,53,0" doraHai="65" doraHaiUra="135" who="1" fromWho="1" sc="198,-5,384,30,324,-5,84,-10" owari="193,-20.7,414,51.4,319,11.9,74,-42.6" /></mjloggm>