<mjloggm ver="2.3"><GO type="225" lobby="0"/><UN n0="%E5%91%A8%E6%9D%B1" n1="%E3%82%A2%E3%83%9E%E3%83%9D%EF%BD%9E%EF%BD%9E%E3%83%A9" n2="%E9%A6%AC%E5%BC%95%E7%81%AB%33" n3="%E5%B8%86%E7%AB%8B%E5%A4%8F%E8%A1%A3" dan="16,17,16,17" rate="2176.86,2072.67,2057.22,2230.36" sx="M,M,M,M"/><TAIKYOKU oya="0"/><INIT seed="0,0,0,5,2,112" ten="250,250,250,250" oya="0" hai0="31,83,96,133,97,2,105,36,63,66,26,54,1" hai1="86,70,65,51,20,25,19,61,29,14,71,60,110" hai2="127,10,67,118,4,0,39,87,58,99,124,8,53" hai3="41,132,11,117,80,129,100,121,92,122,15,46,113"/><T48/><D36/><U32/><E110/><V5/><F39/><W50/><G113/><T9/><D133/><U119/><E119/><V108/><F108/><W23/><G129/><T126/><D126/><N who="2" m="48170" /><F99/><N who="3" m="59495" /><G23/><T40/><D40/><U77/><E51/><N who="2" m="31039" /><F87/><W135/><G80/><T13/><D83/><U37/><E37/><V102/><F102/><W101/><G101/><T98/><D105/><U125/><E125/><V94/><F94/><W134/><G117/><T42/><D42/><U49/><E49/><V103/><F103/><W17/><AGARI ba="0,0" hai="11,15,17,41,46,50,121,122,132,134,135" m="59495" machi="17" ten="40,1500,0" yaku="20,1" doraHai="112" who="3" fromWho="3" sc="250,-7,250,-4,250,-4,250,15" /><INIT seed="1,0,0,1,0,30" ten="243,246,246,265" oya="1" hai0="26,104,12,53,23,112,59,134,50,111,99,133,18" hai1="47,33,63,118,115,73,123,43,84,0,3,36,25" hai2="56,113,95,15,41,14,69,6,76,28,80,90,60" hai3="20,22,121,51,89,40,10,64,68,9,110,7,81"/><U57/><E115/><V1/><F113/><W102/><G110/><T21/><D112/><U98/><E73/><V13/><F69/><W87/><G121/><T97/><D111/><U48/><E118/><V93/><F41/><W127/><G127/><T2/><D2/><U128/><E128/><V24/><F1/><W92/><G68/><T49/><D49/><U34/><E123/><V83/><F6/><W27/><G64/><T108/><D108/><U130/><E130/><V109/><F109/><W103/><G7/><T29/><REACH who="0" step="1"/><D104/><REACH who="0" ten="233,246,246,265" step="2"/><U100/><E48/><V19/><F19/><W45/><G22/><T65/><D65/><U61/><E0/><V107/><F107/><W16/><REACH who="3" step="1"/><G92/><REACH who="3" ten="233,246,246,255" step="2"/><T70/><D70/><U94/><E94/><V52/><F95/><W62/><G62/><T122/><D122/><U72/><E63/><V39/><F93/><W11/><AGARI ba="0,2" hai="9,10,11,16,20,27,40,45,51,81,87,89,102,103" machi="11" ten="30,7900,0" yaku="1,1,0,1,8,1,54,1,53,0" doraHai="30" doraHaiUra="124" who="3" fromWho="3" sc="233,-20,246,-39,246,-20,255,99" /><INIT seed="2,0,0,2,4,112" ten="213,207,226,354" oya="2" hai0="56,115,106,28,134,89,34,74,60,105,0,114,47" hai1="50,10,64,46,82,35,132,36,21,59,32,130,103" hai2="41,84,14,22,90,102,104,110,37,101,12,11,67" hai3="92,125,77,116,51,98,83,123,26,3,7,16,70"/><V40/><F67/><W54/><G116/><T71/><D0/><U75/><E130/><V120/><F120/><W2/><G70/><T99/><D74/><U31/><E132/><V57/><F57/><W108/><G108/><T52/><D134/><U49/><E103/><N who="2" m="39435" /><F37/><W97/><G125/><T76/><D76/><U87/><E75/><V62/><F62/><W128/><G128/><T69/><D69/><U8/><E36/><V127/><F104/><W53/><G123/><T27/><D71/><U109/><E109/><V95/><F127/><W113/><G113/><T6/><D6/><U39/><E39/><V48/><F48/><N who="1" m="18537" /><E32/><V63/><F63/><W58/><G2/><T79/><D79/><N who="1" m="46559" /><E35/><V94/><F94/><W111/><G92/><N who="0" m="56719" /><D106/><U81/><E81/><V17/><F110/><W117/><G3/><T93/><D105/><U72/><E46/><V29/><F29/><W88/><G111/><T126/><D126/><U23/><E72/><V4/><AGARI ba="0,0" hai="4,11,12,14,17,22,40,41,84,90,95" m="39435" machi="4" ten="30,1500,0" yaku="8,1" doraHai="112" who="2" fromWho="2" sc="213,-5,207,-5,226,15,354,-5" /><INIT seed="2,1,0,1,5,22" ten="208,202,241,349" oya="2" hai0="112,14,61,114,58,59,6,90,117,98,103,131,65" hai1="11,52,8,69,32,78,75,12,37,2,10,43,50" hai2="104,16,34,124,115,39,132,55,83,119,46,87,88" hai3="113,95,60,70,9,62,82,48,44,71,1,4,96"/><V27/><F115/><W13/><G113/><T35/><D131/><U85/><E69/><V94/><F119/><W97/><G1/><T25/><D117/><U91/><E2/><V24/><F104/><W31/><G71/><T108/><D108/><U106/><E106/><V133/><F124/><W122/><G70/><T80/><D59/><N who="1" m="33175" /><E75/><V89/><F16/><W51/><G122/><T20/><D35/><U42/><E37/><V41/><F55/><N who="3" m="30087" /><G31/><T3/><D3/><U99/><E32/><V36/><F36/><W128/><G128/><T81/><D114/><U130/><E130/><V68/><F68/><W26/><G26/><T45/><D112/><U123/><E123/><V101/><F101/><N who="3" m="60575" /><G97/><T92/><D103/><U49/><E49/><V93/><F34/><W54/><G82/><T72/><D72/><U84/><E12/><V134/><F83/><W100/><G100/><T7/><D45/><AGARI ba="1,0" hai="4,9,13,45,51,54,60,62" m="60575,30087" machi="45" ten="30,1000,0" yaku="8,1" doraHai="22" who="3" fromWho="0" sc="208,-13,202,0,241,0,349,13" /><INIT seed="3,0,0,5,2,81" ten="195,202,241,362" oya="3" hai0="77,64,94,128,70,121,62,111,67,124,38,113,117" hai1="95,52,134,133,125,59,34,129,102,55,119,69,71" hai2="66,74,57,91,96,131,109,65,100,44,88,4,104" hai3="92,72,127,1,98,23,36,24,33,75,60,27,18"/><W31/><G127/><T87/><D117/><U8/><E125/><V58/><F74/><W107/><G36/><T122/><D124/><U7/><E34/><V37/><F109/><W80/><G107/><T68/><D111/><U97/><E129/><V45/><F131/><W20/><G1/><T13/><D128/><U56/><E119/><V12/><F37/><W63/><G63/><T10/><D38/><U41/><E41/><V50/><F4/><W130/><G130/><T15/><D113/><U106/><E106/><V112/><F12/><W16/><G60/><T42/><D42/><U11/><E59/><V90/><F112/><W54/><G54/><N who="1" m="20522" /><E56/><V103/><F57/><W28/><G80/><N who="0" m="47503" /><D68/><N who="1" m="26187" /><E7/><V83/><F83/><W35/><G92/><T82/><D82/><U26/><E26/><V49/><F58/><W118/><G118/><T22/><D67/><U46/><E46/><V114/><F114/><W19/><G19/><N who="0" m="10607" /><D94/><U47/><E47/><V2/><F44/><W61/><G61/><T85/><D85/><U76/><E76/><V101/><F45/><W25/><G25/><T53/><D53/><U73/><E73/><V9/><F65/><W32/><G32/><T17/><D121/><U123/><E123/><V6/><F66/><W43/><G43/><T48/><D122/><U14/><E14/><V86/><F86/><W126/><G126/><T89/><D48/><U135/><AGARI ba="0,0" hai="8,11,95,97,102,133,134,135" m="26187,20522" machi="135" ten="40,2700,0" yaku="20,1,54,1" doraHai="81" who="1" fromWho="1" sc="195,-7,202,27,241,-7,362,-13" owari="188,-31.2,229,-17.1,234,3.4,349,44.9" /></mjloggm>