<mjloggm ver="2.3"><GO type="225" lobby="0"/><UN n0="%E6%97%A5%E6%9B%9C%E6%97%A5%E3%82%88%E3%82%8A%E3%81%AE%E4%BD%BF%E8%80%85" n1="%E3%81%AD%E3%82%80%E3%81%84%40%E9%9B%80%E9%B3%B4%E4%BC%9A" n2="%E6%98%93%E5%88%A9%E8%96%A9%E4%BC%AF" n3="%E7%99%BD%E5%80%89%E5%AF%9B%E4%B9%8B" dan="17,16,16,16" rate="2227.48,2184.46,2132.18,2155.26" sx="M,F,F,M"/><TAIKYOKU oya="0"/><INIT seed="0,0,0,0,5,116" ten="250,250,250,250" oya="0" hai0="86,112,121,43,31,125,39,110,97,30,21,54,55" hai1="24,82,48,129,7,71,66,114,72,34,99,37,76" hai2="28,128,53,113,64,118,50,3,98,131,103,47,91" hai3="11,92,124,18,36,41,59,45,74,58,135,117,122"/><T57/><D112/><U111/><E114/><V42/><F3/><W32/><G32/><T52/><D121/><U68/><E129/><V13/><F113/><W23/><G117/><T10/><D125/><U12/><E111/><V109/><F28/><W67/><G74/><T8/><D110/><U102/><E48/><V77/><F77/><W16/><G124/><T95/><D86/><U75/><E75/><V61/><F109/><W88/><G122/><T93/><D39/><U26/><E24/><V101/><F118/><W63/><G135/><T126/><D43/><U120/><E12/><V4/><F42/><W73/><G73/><T2/><D126/><U38/><E7/><V104/><F103/><W44/><G44/><T79/><D79/><U33/><E120/><V127/><F91/><W19/><G11/><N who="0" m="4139" /><D2/><U78/><E78/><V94/><F104/><W49/><G36/><N who="1" m="13930" /><E26/><V85/><F127/><W100/><G100/><N who="0" m="60463" /><D95/><U25/><E25/><V29/><F94/><W56/><G23/><T65/><D21/><U80/><E82/><V81/><F81/><W9/><G9/><T132/><D132/><U106/><E66/><V108/><F64/><W22/><G22/><T1/><D1/><U20/><E20/><V89/><F108/><W0/><G0/><T27/><D27/><U133/><E133/><V62/><F131/><W119/><G119/><T87/><D87/><AGARI ba="0,0" hai="16,18,19,41,45,49,56,58,59,63,67,87,88,92" machi="87" ten="40,5200,0" yaku="8,1,54,2" doraHai="116" who="3" fromWho="0" sc="250,-52,250,0,250,0,250,52" /><INIT seed="1,0,0,3,5,43" ten="198,250,250,302" oya="1" hai0="48,124,58,61,40,52,46,22,75,72,63,101,100" hai1="31,33,95,16,56,117,106,135,82,4,15,77,81" hai2="91,6,37,90,78,112,23,65,108,51,120,1,125" hai3="84,93,134,69,87,114,20,50,44,88,19,57,60"/><U67/><E117/><V109/><F120/><W97/><G69/><T73/><D124/><U28/><E106/><V99/><F37/><W126/><G134/><T36/><D22/><U122/><E122/><V113/><F78/><W42/><G114/><N who="2" m="44137" /><F65/><N who="3" m="39055" /><G126/><T2/><D2/><U39/><E39/><V104/><F125/><W131/><G131/><T9/><D9/><U92/><E4/><V47/><F23/><W30/><G30/><N who="1" m="11306" /><E33/><V121/><F6/><W0/><G0/><T10/><REACH who="0" step="1"/><D10/><REACH who="0" ten="188,250,250,302" step="2"/><N who="1" m="6263" /><E135/><V76/><F1/><W53/><G42/><T123/><D123/><U29/><E29/><V132/><F121/><W83/><G83/><N who="1" m="31754" /><E77/><V34/><F76/><W118/><G118/><T74/><N who="0" m="18432" /><DORA hai="38" /><T128/><D128/><U41/><E41/><N who="2" m="25071" /><F132/><W62/><G62/><AGARI ba="0,1" hai="36,40,46,48,52,58,61,62,63,100,101" m="18432" machi="62" ten="70,8000,1" yaku="1,1,52,2,54,1,53,0" doraHai="43,38" doraHaiUra="26,27" who="0" fromWho="3" sc="188,90,250,0,250,0,302,-80" /><AGARI ba="0,0" hai="56,62,67,92,95" m="31754,6263,11306" machi="62" ten="30,2900,0" yaku="8,1,54,1" doraHai="43,38" who="1" fromWho="3" sc="278,0,250,29,250,0,222,-29" /><INIT seed="1,1,0,3,2,96" ten="278,279,250,193" oya="1" hai0="20,128,35,54,79,18,2,132,21,62,119,27,106" hai1="59,93,104,87,37,22,120,69,94,113,25,107,133" hai2="7,131,134,5,41,97,45,124,95,91,60,84,115" hai3="16,19,29,24,0,109,118,28,57,52,23,116,81"/><U44/><E69/><V83/><F134/><W64/><G64/><T122/><D106/><U77/><E120/><V34/><F131/><W58/><G0/><T85/><D119/><N who="3" m="45609" /><G58/><N who="0" m="35159" /><D2/><U67/><E113/><V10/><F124/><W99/><G109/><T123/><D35/><U70/><E70/><V117/><F34/><W66/><G66/><T76/><D132/><U30/><E37/><V111/><F115/><W43/><G43/><T46/><D46/><U6/><E6/><V74/><F74/><W38/><G38/><T31/><D85/><U103/><E44/><V75/><F75/><W53/><G81/><T26/><D128/><U50/><E133/><V72/><F72/><W82/><G82/><T86/><D86/><U65/><E87/><V3/><F7/><W68/><G68/><T63/><D63/><U112/><E112/><V78/><F117/><W11/><G53/><T130/><D130/><U13/><E65/><V73/><F73/><W121/><G121/><AGARI ba="1,0" hai="18,20,21,26,27,31,76,79,121,122,123" m="35159" machi="121" ten="30,1000,0" yaku="13,1" doraHai="96" who="0" fromWho="3" sc="278,13,279,0,250,0,193,-13" /><INIT seed="2,0,0,1,0,99" ten="291,279,250,180" oya="2" hai0="12,114,17,62,45,102,65,51,84,29,88,89,113" hai1="103,67,5,96,34,98,59,121,21,61,49,38,133" hai2="56,39,57,31,20,125,108,55,47,25,52,122,36" hai3="14,42,30,43,19,44,26,100,109,69,60,94,111"/><V90/><F122/><W32/><G69/><T16/><D29/><U4/><E103/><V70/><F70/><W83/><G60/><T2/><D2/><U77/><E121/><V107/><F125/><W46/><G83/><T116/><D116/><U53/><E34/><V54/><F108/><N who="3" m="41547" /><G43/><T0/><D0/><U129/><E38/><V58/><F107/><W119/><G119/><T74/><D74/><U9/><E129/><V22/><F47/><W124/><G124/><T37/><D37/><U101/><E133/><V41/><F41/><W115/><G115/><T28/><D28/><U1/><E96/><V76/><F76/><W63/><G63/><T73/><D73/><U33/><E33/><V80/><REACH who="2" step="1"/><F22/><REACH who="2" ten="291,279,240,180" step="2"/><N who="3" m="11639" /><G42/><T120/><D120/><U13/><E77/><V64/><F64/><W110/><N who="3" m="41555" /><W85/><DORA hai="23" /><G85/><AGARI ba="0,1" hai="20,25,31,36,39,52,54,55,56,57,58,80,85,90" machi="85" ten="40,7700,0" yaku="1,1,52,1,54,1,53,0" doraHai="99,23" doraHaiUra="7,95" who="2" fromWho="3" sc="291,0,279,0,240,87,180,-77" /><INIT seed="2,1,0,1,0,88" ten="291,279,327,103" oya="2" hai0="92,40,31,125,52,102,69,91,111,79,97,131,24" hai1="130,17,83,123,62,15,18,35,134,115,47,73,124" hai2="21,64,11,70,66,67,89,0,53,2,12,57,39" hai3="99,36,90,78,87,28,65,41,45,20,104,119,22"/><V75/><F39/><W113/><G119/><T13/><D69/><U129/><E115/><V23/><F70/><W19/><G113/><T48/><D111/><U116/><E47/><V76/><F76/><W32/><G78/><T103/><D125/><U51/><E51/><V43/><F75/><W106/><G65/><T81/><D40/><U93/><E62/><V9/><F43/><W126/><G126/><T26/><D13/><U55/><E55/><V127/><F127/><W7/><G7/><T128/><D128/><U133/><E35/><V60/><F2/><W54/><G32/><T1/><D1/><U50/><E50/><V95/><F0/><W10/><G10/><N who="2" m="3593" /><F12/><W118/><G118/><T114/><D114/><U38/><E38/><V100/><F100/><N who="0" m="38442" /><D31/><U5/><E116/><V98/><AGARI ba="1,0" hai="21,23,53,57,60,64,66,67,89,95,98" m="3593" machi="98" ten="30,3000,0" yaku="8,1,52,1" doraHai="88" who="2" fromWho="2" sc="291,-11,279,-11,327,33,103,-11" /><INIT seed="2,2,0,2,1,13" ten="280,268,360,92" oya="2" hai0="133,5,78,26,60,71,29,135,114,28,116,81,1" hai1="50,88,96,31,18,92,119,82,55,129,100,36,2" hai2="131,84,6,33,73,115,68,127,41,87,14,105,95" hai3="46,80,16,126,37,83,108,3,98,20,57,48,106"/><V111/><F105/><W9/><G126/><T51/><D51/><U79/><E119/><V90/><F73/><W35/><G35/><N who="0" m="20887" /><D29/><U56/><E129/><V11/><F68/><W89/><G108/><T38/><D38/><U103/><E36/><V21/><F33/><W123/><G123/><T132/><D114/><U43/><E2/><V130/><F115/><W67/><G37/><T117/><D60/><U22/><E43/><V125/><F41/><W58/><G3/><T99/><D71/><U113/><E31/><V54/><F54/><N who="3" m="29975" /><G106/><T63/><D63/><U45/><E45/><V76/><F21/><W61/><G58/><T109/><D99/><U72/><REACH who="1" step="1"/><E113/><REACH who="1" ten="280,258,360,92" step="2"/><V128/><F111/><W122/><G122/><T85/><D109/><U52/><E52/><V64/><F64/><W91/><G9/><AGARI ba="2,1" hai="1,5,9,78,81,85,116,117,132,133,135" m="20887" machi="9" ten="40,1300,0" yaku="20,1" doraHai="13" who="0" fromWho="3" sc="280,29,258,0,360,0,92,-19" /><INIT seed="3,0,0,3,1,80" ten="309,258,360,73" oya="3" hai0="77,34,67,129,81,71,133,17,31,87,90,98,118" hai1="35,105,117,33,82,8,94,132,92,111,49,38,103" hai2="15,79,18,83,6,134,22,25,102,55,122,50,40" hai3="130,95,29,131,84,58,125,88,59,52,127,27,115"/><W108/><G115/><T109/><D118/><U68/><E38/><V14/><F134/><W37/><G37/><T113/><D34/><U10/><E68/><V74/><F40/><W116/><G116/><T101/><D31/><U1/><E117/><V5/><F102/><W23/><G108/><T36/><D36/><U39/><E39/><V63/><F63/><N who="3" m="36295" /><G59/><T86/><D67/><U30/><E82/><V93/><F93/><W44/><G44/><T42/><D42/><U57/><E94/><V53/><F53/><W75/><G75/><T121/><D71/><U26/><E92/><V126/><F126/><AGARI ba="0,0" hai="23,27,29,84,88,95,125,126,127,130,131" m="36295" machi="126" ten="30,11600,0" yaku="18,1,52,1,54,2" doraHai="80" who="3" fromWho="2" sc="309,0,258,0,360,-116,73,116" /><INIT seed="3,1,0,2,5,106" ten="309,258,244,189" oya="3" hai0="135,88,44,27,92,1,75,78,35,59,8,46,125" hai1="10,109,14,61,21,15,67,0,64,69,70,93,127" hai2="33,58,60,39,115,91,68,103,112,32,19,74,116" hai3="4,120,42,52,11,12,124,96,85,54,132,126,20"/><W129/><G120/><T36/><D36/><U100/><E109/><V66/><F39/><W111/><G111/><T81/><D125/><N who="3" m="48233" /><G42/><T104/><D104/><U38/><E127/><V76/><F116/><W40/><G40/><T72/><D72/><U24/><E38/><V97/><F91/><W77/><G132/><T37/><D135/><U63/><E0/><V34/><F58/><W73/><G129/><T128/><D128/><U30/><REACH who="1" step="1"/><E10/><REACH who="1" ten="309,248,244,189" step="2"/><V22/><F115/><W57/><G85/><T107/><D37/><U51/><E51/><V53/><F112/><W123/><G123/><T86/><D8/><U6/><E6/><V89/><F34/><W3/><G96/><AGARI ba="1,1" hai="14,15,21,24,30,61,63,64,67,69,70,93,96,100" machi="96" ten="40,2600,0" yaku="1,1,9,1,53,0" doraHai="106" doraHaiUra="117" who="1" fromWho="3" sc="309,0,248,39,244,0,189,-29" owari="309,40.9,287,8.7,244,-15.6,160,-34.0" /></mjloggm>