<mjloggm ver="2.3"><GO type="225" lobby="0"/><UN n0="%E6%A1%9C%E6%B2%A2%E5%A2%A8" n1="%E6%A0%B9%E5%85%83%E3%81%8B%E3%82%89%E5%90%B9%E3%81%A3%E9%A3%9B%E3%81%B6" n2="%E9%A6%AC%E5%BC%95%E7%81%AB%33" n3="%E3%81%AF%E3%82%88%E3%81%8A%E3%81%98%E3%81%95%E3%82%93" dan="17,16,16,17" rate="2131.54,2137.71,2100.96,2143.53" sx="F,F,M,M"/><TAIKYOKU oya="0"/><INIT seed="0,0,0,5,1,28" ten="250,250,250,250" oya="0" hai0="35,121,129,111,88,122,86,73,50,127,90,31,0" hai1="34,123,119,53,105,27,83,130,79,109,69,54,131" hai2="125,62,70,106,14,94,23,55,25,98,46,39,10" hai3="38,3,45,101,124,61,78,102,19,18,114,29,36"/><T44/><D73/><U95/><E119/><V59/><F125/><W76/><G29/><T103/><D0/><U80/><E105/><V110/><F110/><W74/><G3/><T42/><D127/><U47/><E69/><V49/><F106/><W51/><G124/><T21/><D111/><U115/><E115/><V93/><F39/><W17/><G114/><T13/><D129/><U112/><E123/><V9/><F70/><W4/><G4/><T87/><D103/><U56/><E95/><V11/><F14/><W75/><G61/><T135/><D135/><U81/><E79/><V26/><F23/><W2/><G2/><T126/><D126/><U96/><E96/><V33/><F94/><W20/><G20/><T65/><D65/><U8/><E8/><V30/><F25/><W32/><G51/><T97/><D97/><U77/><E77/><N who="3" m="29802" /><G45/><T116/><D116/><U52/><E47/><V71/><F71/><W22/><G22/><T57/><D57/><U117/><E117/><V63/><REACH who="2" step="1"/><F59/><REACH who="2" ten="250,250,240,250" step="2"/><W91/><G36/><T118/><D118/><U66/><E109/><V24/><F24/><W15/><G38/><T43/><D13/><U6/><E112/><V60/><F60/><W104/><G15/><T72/><D21/><U64/><E56/><V89/><AGARI ba="0,1" hai="9,10,11,26,30,33,46,49,55,62,63,89,93,98" machi="89" ten="30,4000,0" yaku="1,1,0,1,52,1,53,0" doraHai="28" doraHaiUra="68" who="2" fromWho="2" sc="250,-20,250,-10,240,50,250,-10" /><INIT seed="1,0,0,0,4,87" ten="230,240,290,240" oya="1" hai0="42,6,130,91,97,56,116,61,88,58,85,39,14" hai1="90,83,55,80,35,48,66,37,71,34,26,9,115" hai2="98,22,78,121,59,126,10,29,11,89,57,7,63" hai3="19,20,15,99,28,8,123,104,51,107,106,84,21"/><U33/><E37/><V2/><F121/><W125/><G123/><T73/><D73/><U12/><E115/><V40/><F126/><W31/><G125/><T3/><D116/><U41/><E41/><V96/><F78/><W24/><G99/><T82/><D3/><U95/><E26/><V113/><F113/><W75/><G75/><T105/><D130/><U76/><E66/><V38/><F10/><W30/><G51/><T45/><D105/><U119/><E71/><V129/><F129/><W81/><REACH who="3" step="1"/><G24/><REACH who="3" ten="230,240,290,230" step="2"/><T128/><D128/><U1/><E48/><V132/><F98/><W13/><G13/><T117/><D117/><U52/><E119/><V124/><F96/><W27/><G27/><T67/><D56/><U120/><E120/><V46/><F59/><W93/><G93/><T94/><D14/><U43/><E12/><V0/><F0/><W114/><G114/><T102/><REACH who="0" step="1"/><D6/><REACH who="0" ten="220,240,290,230" step="2"/><U18/><E1/><V4/><F4/><W100/><G100/><AGARI ba="0,2" hai="39,42,45,58,61,67,82,85,88,91,94,97,100,102" machi="100" ten="40,8000,1" yaku="1,1,2,1,52,2,54,1,53,0" doraHai="87" doraHaiUra="49" who="0" fromWho="3" sc="220,100,240,0,290,0,230,-80" /><INIT seed="2,0,0,4,3,10" ten="320,240,290,150" oya="2" hai0="97,84,2,60,55,14,71,36,76,106,63,19,20" hai1="66,0,6,18,61,28,94,109,119,47,16,110,78" hai2="101,72,88,34,68,81,113,41,80,51,44,48,30" hai3="33,87,27,58,53,50,93,103,17,126,99,64,49"/><V131/><F113/><W79/><G126/><T40/><D2/><U65/><E119/><V130/><F68/><W22/><G33/><T100/><D71/><U112/><E112/><V127/><F127/><W111/><G111/><N who="1" m="42506" /><E28/><V86/><F101/><W8/><G64/><T95/><D55/><U35/><E78/><V37/><F81/><W75/><G75/><T15/><D76/><U57/><E47/><V1/><F1/><W31/><G50/><T92/><D106/><U52/><E35/><V25/><F72/><W4/><G79/><T69/><D69/><U82/><E82/><V43/><F43/><W108/><G87/><T56/><D36/><U114/><E94/><V104/><F104/><W74/><G108/><T13/><D40/><U132/><E132/><V90/><F90/><W23/><G74/><T115/><D115/><U135/><E135/><V129/><AGARI ba="0,0" hai="25,30,34,37,41,44,48,51,80,86,88,129,130,131" machi="129" ten="30,6000,0" yaku="0,1,19,1,54,1" doraHai="10" who="2" fromWho="2" sc="320,-20,240,-20,290,60,150,-20" /><INIT seed="2,1,0,4,2,43" ten="300,220,350,130" oya="2" hai0="41,124,113,86,59,4,96,104,112,7,108,120,103" hai1="49,8,15,5,109,21,72,24,127,94,17,78,95" hai2="73,53,99,107,126,122,22,33,31,80,60,115,44" hai3="52,123,116,28,32,18,76,85,81,29,118,68,30"/><V9/><F115/><W13/><G123/><T12/><D120/><U98/><E109/><V110/><F122/><W131/><G131/><T46/><D108/><U58/><E127/><V62/><F110/><W135/><G135/><T87/><D124/><U101/><E72/><V51/><F126/><W106/><G106/><T91/><D59/><U36/><E36/><V117/><F117/><W97/><G68/><T55/><D55/><U119/><E119/><V65/><F22/><W89/><G32/><T129/><D86/><U74/><E74/><V69/><F62/><W56/><G97/><T35/><D35/><U25/><E78/><V77/><F9/><W57/><G57/><T20/><D129/><U54/><REACH who="1" step="1"/><E95/><REACH who="1" ten="300,210,350,130" step="2"/><V11/><F77/><W90/><G118/><T75/><D75/><U93/><E93/><V16/><F73/><W83/><G81/><T66/><D113/><U42/><E42/><V71/><F80/><W37/><G37/><T125/><D112/><U3/><AGARI ba="1,1" hai="3,5,8,15,17,21,24,25,49,54,58,94,98,101" machi="3" ten="20,2700,0" yaku="1,1,0,1,7,1,53,0" doraHai="43" doraHaiUra="39" who="1" fromWho="1" sc="300,-8,210,40,350,-14,130,-8" /><INIT seed="3,0,0,2,5,62" ten="292,250,336,122" oya="3" hai0="130,48,45,69,81,70,105,38,72,54,42,80,101" hai1="14,29,122,107,30,12,32,9,114,106,18,123,2" hai2="67,61,64,5,132,135,104,96,115,98,19,78,76" hai3="13,50,88,121,85,128,117,79,7,65,68,60,90"/><W95/><G128/><T126/><D126/><U97/><E97/><N who="2" m="37483" /><F104/><W112/><G121/><T93/><D130/><U51/><E51/><V11/><F115/><W133/><G133/><N who="2" m="51273" /><F19/><W77/><G117/><T56/><D105/><U125/><E107/><V3/><F64/><W94/><G112/><T0/><D101/><U39/><E39/><V44/><F44/><W41/><G7/><T100/><D100/><U73/><E73/><V25/><F25/><W63/><G13/><T102/><D102/><U16/><E106/><V34/><F34/><W8/><G8/><T52/><D93/><U1/><E114/><V113/><F113/><W131/><G131/><T21/><D0/><U118/><E125/><V26/><F26/><W84/><REACH who="3" step="1"/><G60/><REACH who="3" ten="292,250,336,112" step="2"/><T82/><D72/><U10/><E118/><V53/><F11/><W92/><G92/><T99/><D80/><U110/><E110/><V127/><F61/><W55/><G55/><T74/><D82/><U24/><E24/><V66/><F53/><W40/><G40/><T43/><D43/><U17/><E17/><V86/><F5/><W134/><G134/><T36/><D81/><U47/><E1/><V28/><F127/><W109/><G109/><T37/><D74/><U27/><E2/><V129/><F129/><W91/><G91/><T57/><D54/><U120/><E30/><V22/><F28/><W75/><G75/><T116/><D116/><U58/><E122/><V111/><F111/><W119/><G119/><T103/><D42/><U83/><E120/><V49/><F3/><W89/><G89/><T33/><D52/><RYUUKYOKU ba="0,1" sc="292,-10,250,-10,336,-10,112,30" hai3="41,50,63,65,68,77,79,84,85,88,90,94,95" /><INIT seed="3,1,1,0,5,135" ten="282,240,326,142" oya="3" hai0="26,19,65,49,68,111,21,117,2,104,36,29,61" hai1="0,12,92,98,34,33,18,50,62,134,87,60,78" hai2="5,123,9,14,8,120,121,53,15,63,48,126,96" hai3="47,25,45,84,16,83,122,17,128,43,13,54,105"/><W94/><G128/><T35/><D117/><U90/><E0/><N who="2" m="39" /><F126/><W103/><G122/><T75/><D111/><U97/><E134/><V114/><F114/><W89/><G105/><T77/><D36/><U93/><E78/><V41/><F41/><W4/><G54/><T27/><D2/><U59/><E34/><V42/><F42/><W118/><G118/><T10/><D104/><U22/><E33/><V110/><F110/><W1/><G1/><T113/><D113/><U86/><E50/><V95/><F63/><W112/><G112/><T129/><D10/><U101/><REACH who="1" step="1"/><E62/><REACH who="1" ten="282,230,326,142" step="2"/><V79/><F79/><W133/><G133/><T30/><D129/><U124/><E124/><V116/><F48/><N who="3" m="26687" /><G47/><T11/><D49/><U69/><E69/><V99/><F121/><W37/><G37/><T127/><D127/><U74/><E74/><V76/><F76/><W100/><G4/><T20/><D77/><U132/><E132/><V46/><F46/><W3/><G3/><T55/><D75/><U58/><E58/><V107/><F123/><W91/><G25/><T85/><D35/><U109/><E109/><V131/><F120/><W102/><G13/><T51/><D51/><U44/><E44/><V31/><F15/><W108/><G108/><T125/><D125/><U64/><AGARI ba="1,2" hai="12,18,22,59,60,64,86,87,90,92,93,97,98,101" machi="64" ten="20,5200,0" yaku="1,1,0,1,7,1,8,1,53,0" doraHai="135" doraHaiUra="70" who="1" fromWho="1" sc="282,-14,230,75,326,-14,142,-27" owari="268,-13.2,305,10.5,312,41.2,115,-38.5" /></mjloggm>