<mjloggm ver="2.3"><GO type="225" lobby="0"/><UN n0="%E9%BB%99%E8%81%B4%E3%81%AE%E3%81%99%E3%82%9D%E3%82%81" n1="%E3%81%8B%E3%82%8F%E3%81%A1%E3%82%83%E3%82%93%35%38" n2="%E7%89%B9%E6%9D%B1%E3%81%AF%E4%B8%96%E7%95%8C%E3%82%92%E6%95%91%E3%81%86" n3="%E3%83%B4%E3%83%A0%EF%BC%99%E3%81%A6" dan="16,16,16,16" rate="2144.26,2141.39,2163.11,2146.60" sx="M,M,M,M"/><TAIKYOKU oya="0"/><INIT seed="0,0,0,0,1,119" ten="250,250,250,250" oya="0" hai0="65,70,53,102,71,109,130,36,118,21,134,14,48" hai1="60,96,116,44,26,90,17,67,99,108,64,86,107" hai2="62,40,132,50,45,29,120,11,30,123,126,37,55" hai3="74,76,84,3,110,121,1,87,115,9,98,75,92"/><T69/><D118/><U91/><E116/><V28/><F132/><W114/><G9/><T13/><D36/><U6/><E6/><V56/><F126/><W78/><G110/><T100/><D134/><U133/><E133/><V22/><F22/><W39/><G39/><T12/><D130/><U15/><E107/><V129/><F129/><W80/><G1/><T32/><D32/><U25/><E44/><V66/><REACH who="2" step="1"/><F11/><REACH who="2" ten="250,250,240,250" step="2"/><W49/><G114/><T122/><D109/><U127/><E108/><V0/><F0/><W97/><G3/><T93/><D21/><U27/><E127/><V103/><F103/><W31/><G115/><T2/><D2/><U81/><E15/><V73/><F73/><W54/><G74/><T124/><D124/><U16/><E26/><V128/><F128/><W105/><G75/><T117/><D117/><U41/><E27/><V23/><F23/><W35/><G35/><T77/><D102/><U38/><E25/><V83/><F83/><W63/><G80/><T18/><D13/><U57/><E81/><V106/><F106/><W131/><G105/><T47/><D12/><U20/><E20/><V68/><AGARI ba="0,1" hai="28,29,30,37,40,45,50,55,56,62,66,68,120,123" machi="68" ten="30,12000,2" yaku="1,1,0,1,24,2,52,2,53,1" doraHai="119" doraHaiUra="58" who="2" fromWho="2" sc="250,-60,250,-30,240,130,250,-30" /><INIT seed="1,0,0,5,1,29" ten="190,220,370,220" oya="1" hai0="82,85,110,78,66,122,104,131,90,71,105,31,13" hai1="95,120,60,116,107,38,114,129,17,50,30,10,113" hai2="121,12,134,64,56,98,33,7,42,51,46,52,20" hai3="132,75,25,24,84,47,1,100,14,124,86,37,117"/><U67/><E107/><V15/><F33/><W36/><G75/><T27/><D110/><U109/><E30/><V58/><F121/><W94/><G1/><T80/><D131/><U3/><E95/><V88/><F134/><W57/><G132/><T102/><D122/><U77/><E77/><V6/><F64/><W125/><G117/><T5/><D5/><N who="2" m="1546" /><F20/><W11/><G57/><N who="2" m="22121" /><F42/><N who="3" m="22983" /><G37/><T111/><D13/><N who="1" m="7351" /><E129/><V44/><F44/><W55/><G55/><T81/><D111/><U45/><E3/><V28/><F28/><W135/><G135/><T2/><D2/><U103/><E38/><V72/><F72/><W89/><G100/><T26/><D26/><U133/><E109/><V119/><F119/><W115/><G115/><T4/><D4/><U65/><E133/><V61/><F61/><W93/><G14/><T9/><D9/><U0/><E0/><V76/><F76/><W43/><G11/><T118/><D118/><U97/><E116/><V123/><F123/><W74/><G74/><T32/><D78/><U40/><E120/><V101/><F101/><W108/><G43/><T96/><D105/><N who="1" m="63727" /><E65/><V22/><F22/><W54/><G108/><T106/><D106/><U41/><E41/><V62/><F62/><AGARI ba="0,0" hai="27,31,32,62,66,71,80,81,82,85,90,96,102,104" machi="62" ten="40,5200,0" yaku="25,2,52,1" doraHai="29" who="0" fromWho="2" sc="190,52,220,0,370,-52,220,0" /><INIT seed="2,0,0,0,2,123" ten="242,220,318,220" oya="2" hai0="53,92,49,74,83,51,135,18,35,52,88,73,93" hai1="111,59,11,60,68,106,99,108,94,82,98,103,56" hai2="86,2,19,58,79,14,127,81,31,132,1,121,70" hai3="24,89,34,7,21,33,130,128,96,37,43,54,133"/><V87/><F121/><W36/><G7/><T90/><D83/><U12/><E82/><V22/><F70/><W3/><G3/><T17/><REACH who="0" step="1"/><D35/><REACH who="0" ten="232,220,318,220" step="2"/><U65/><E68/><V47/><F81/><W50/><G33/><T44/><D44/><U41/><E56/><V126/><F47/><W75/><G34/><T134/><AGARI ba="0,1" hai="17,18,49,51,52,53,73,74,88,90,92,93,134,135" machi="134" ten="25,12000,2" yaku="1,1,0,1,22,2,54,2,53,0" doraHai="123" doraHaiUra="109" who="0" fromWho="0" sc="232,130,220,-30,318,-60,220,-30" /><INIT seed="3,0,0,5,2,116" ten="362,190,258,190" oya="3" hai0="67,75,59,63,41,71,93,57,92,115,123,74,14" hai1="40,85,55,133,73,6,24,108,17,129,134,47,76" hai2="121,26,130,19,58,99,101,2,49,61,11,104,124" hai3="77,72,18,131,66,13,128,27,103,31,125,68,114"/><W109/><G114/><T22/><D123/><U81/><E108/><V91/><F121/><W122/><G122/><T69/><D41/><U45/><E129/><N who="3" m="49738" /><G109/><T42/><D42/><U54/><E6/><V127/><F130/><W36/><G36/><T43/><D43/><U95/><E95/><V46/><F91/><W111/><G111/><T35/><D35/><U94/><E94/><V126/><F49/><W78/><G125/><T5/><D115/><U7/><E7/><N who="2" m="1527" /><F46/><N who="1" m="17417" /><E73/><V38/><F38/><W86/><G103/><T64/><D5/><U65/><E65/><N who="2" m="39095" /><F19/><W52/><G72/><T117/><D117/><U3/><E3/><V135/><F135/><N who="1" m="51721" /><E40/><V90/><F90/><W102/><G102/><T89/><D89/><U84/><E84/><V113/><F113/><W120/><G120/><T33/><D33/><U118/><E118/><V4/><F4/><W96/><G96/><T132/><D132/><U105/><E105/><V79/><F79/><N who="3" m="30219" /><G86/><T70/><D70/><U16/><E17/><V10/><F99/><W25/><G52/><T39/><D39/><U80/><E80/><V29/><F101/><W98/><G98/><T34/><D34/><U9/><E9/><V110/><F110/><W12/><G66/><T15/><D22/><AGARI ba="0,0" hai="16,22,24,54,55,76,81,85" m="51721,17417" machi="22" ten="30,2000,0" yaku="20,1,54,1" doraHai="116" who="1" fromWho="0" sc="362,-20,190,20,258,0,190,0" owari="342,44.2,210,-19.0,258,5.8,190,-31.0" /></mjloggm>