<mjloggm ver="2.3"><GO type="225" lobby="0"/><UN n0="%E3%83%96%E3%83%83%E3%83%91%E3%82%AA%E3%83%96%E3%83%81%E3%82%AD%E3%83%B3" n1="%E4%B8%89%E8%8F%B1%E7%A4%BE%E5%93%A1" n2="%E9%A6%AC%E5%BC%95%E7%81%AB%33" n3="%E6%9C%88%E5%B3%B6%E5%9F%BA" dan="16,16,16,16" rate="2137.30,2037.66,2095.01,2135.22" sx="M,M,M,M"/><TAIKYOKU oya="0"/><INIT seed="0,0,0,0,4,63" ten="250,250,250,250" oya="0" hai0="75,45,6,22,71,37,128,44,73,52,47,4,24" hai1="129,65,16,86,84,25,118,80,56,29,13,122,17" hai2="54,113,50,85,94,40,89,53,127,70,30,18,131" hai3="21,57,79,99,116,103,26,64,38,87,121,68,102"/><T35/><D35/><U20/><E118/><V3/><F113/><W111/><G116/><T134/><D134/><U125/><E122/><V23/><F3/><W2/><G68/><T126/><D71/><U15/><E125/><V115/><F115/><W78/><G38/><T110/><D126/><U9/><E129/><V120/><F120/><W12/><G2/><T82/><D128/><U49/><E80/><V97/><F127/><W5/><G111/><T104/><D104/><U109/><E109/><V11/><F70/><W19/><G121/><T7/><D110/><U1/><E1/><V0/><F30/><W76/><G87/><T72/><D37/><U91/><E91/><V33/><F33/><W101/><G99/><T46/><D46/><U74/><E74/><V133/><F133/><W8/><G57/><T105/><D105/><U28/><E28/><V124/><F124/><W130/><G130/><T95/><D95/><U27/><E27/><V117/><F117/><W132/><G132/><T123/><D123/><U112/><E112/><V42/><F97/><W34/><G34/><T59/><D82/><U58/><E58/><V96/><F96/><W81/><G81/><T83/><D83/><U135/><E135/><V69/><F69/><W36/><G36/><T55/><D59/><U88/><E88/><V114/><F114/><W39/><G39/><T106/><D106/><U31/><E31/><AGARI ba="0,0" hai="4,6,7,22,24,31,44,45,47,52,55,72,73,75" machi="31" ten="50,9600,0" yaku="29,2,54,1" doraHai="63" who="0" fromWho="1" sc="250,96,250,-96,250,0,250,0" /><INIT seed="0,1,0,5,1,106" ten="346,154,250,250" oya="0" hai0="28,13,126,76,130,107,10,69,7,123,30,18,9" hai1="119,93,43,86,84,95,50,58,102,72,8,44,27" hai2="51,89,4,17,97,127,1,45,47,29,37,129,108" hai3="90,63,39,70,48,120,54,79,40,46,12,21,121"/><T23/><D123/><N who="3" m="47177" /><G79/><T75/><D107/><U19/><E119/><V26/><F108/><W59/><G90/><T113/><D113/><U3/><E3/><V38/><F127/><W87/><G87/><T16/><D69/><U103/><E72/><V132/><F132/><W34/><G34/><T98/><D98/><U114/><E114/><V122/><F122/><W111/><G111/><T115/><D115/><U64/><E86/><V2/><F129/><W42/><G21/><T110/><D110/><U128/><E128/><V67/><F17/><W68/><G12/><N who="0" m="9607" /><D75/><U62/><E27/><V33/><F67/><N who="3" m="41087" /><G70/><T6/><D76/><U117/><E117/><V14/><F14/><W94/><G94/><N who="1" m="35850" /><E84/><V57/><F1/><W55/><G39/><T53/><D130/><U66/><E66/><V35/><F35/><W133/><G133/><T74/><D74/><U118/><E118/><V11/><F37/><W85/><G85/><T61/><D13/><AGARI ba="1,0" hai="8,13,19,43,44,50,58,62,64,102,103" m="35850" machi="13" ten="30,1000,0" yaku="8,1" doraHai="106" who="1" fromWho="0" sc="346,-13,154,13,250,0,250,0" /><INIT seed="1,0,0,4,1,63" ten="333,167,250,250" oya="1" hai0="65,121,72,90,10,66,105,113,64,59,131,26,115" hai1="24,89,56,103,49,22,109,35,73,46,20,68,50" hai2="29,67,79,80,23,21,120,108,57,128,41,82,91" hai3="96,31,40,95,60,112,116,77,75,12,5,8,104"/><U32/><E68/><V99/><F120/><W42/><G112/><T88/><D72/><U130/><E73/><V14/><F108/><W119/><G104/><T114/><D105/><U52/><E130/><V62/><F128/><W132/><G132/><T13/><D131/><U110/><E103/><V39/><F39/><W38/><G31/><T102/><D102/><U85/><E32/><V101/><F41/><W37/><G77/><T135/><D135/><U129/><E35/><V98/><F79/><W19/><G75/><T87/><D121/><U94/><E129/><V54/><F54/><W36/><G5/><T122/><D122/><U117/><E117/><N who="3" m="45130" /><G60/><T30/><D59/><U71/><E71/><V86/><F82/><W100/><AGARI ba="0,0" hai="8,12,19,36,37,38,40,42,95,96,100" m="45130" machi="100" ten="40,1500,0" yaku="12,1" doraHai="63" who="3" fromWho="3" sc="333,-4,167,-7,250,-4,250,15" /><INIT seed="2,0,0,3,3,55" ten="329,160,246,265" oya="2" hai0="72,50,54,33,93,68,63,60,121,5,101,83,47" hai1="15,125,115,107,45,69,133,57,100,24,88,110,96" hai2="92,131,25,23,128,64,0,91,46,126,94,12,132" hai3="34,135,43,84,71,40,103,116,97,9,76,82,81"/><V85/><F0/><W123/><G116/><T10/><D33/><U3/><E115/><V112/><F112/><W98/><G123/><T99/><D121/><U59/><E3/><V39/><F126/><W8/><G71/><T6/><D68/><U80/><E69/><V102/><F132/><W77/><G34/><T58/><D72/><U30/><E125/><V22/><F64/><W21/><G135/><T87/><D10/><U130/><E133/><V35/><F35/><W2/><G21/><T38/><D38/><U66/><E110/><V118/><F118/><W106/><G97/><T61/><REACH who="0" step="1"/><D47/><REACH who="0" ten="319,160,246,265" step="2"/><U78/><E130/><V129/><F46/><W67/><G9/><T113/><D113/><U11/><E45/><V26/><F39/><W90/><G8/><T120/><D120/><U13/><E66/><V73/><F73/><W95/><G67/><T7/><D7/><U75/><E88/><AGARI ba="0,1" hai="5,6,50,54,58,60,61,63,83,87,88,93,99,101" machi="88" ten="40,8000,1" yaku="1,1,8,1,52,1,54,1,53,0" doraHai="55" doraHaiUra="42" who="0" fromWho="1" sc="319,90,160,-80,246,0,265,0" /><INIT seed="3,0,0,2,1,56" ten="409,80,246,265" oya="3" hai0="44,1,84,27,134,83,12,127,39,40,91,10,122" hai1="53,32,69,114,36,64,128,107,17,103,67,65,76" hai2="116,41,119,61,25,129,79,72,106,35,48,85,4" hai3="93,99,7,71,3,20,18,78,132,2,89,14,63"/><W42/><G132/><T133/><D122/><U60/><E114/><V73/><F4/><W102/><G78/><T113/><D127/><U80/><E128/><V57/><F106/><W118/><G118/><T130/><D130/><U26/><E36/><V123/><F129/><W9/><G42/><T33/><D1/><U13/><E53/><V110/><F123/><W74/><G74/><T66/><D113/><U81/><E13/><V94/><F110/><W62/><G71/><T135/><D66/><U100/><E17/><V21/><F35/><W117/><G117/><T95/><D33/><U105/><E80/><V23/><F73/><W19/><G3/><T50/><D27/><U68/><E103/><V16/><F21/><W28/><G28/><T131/><D131/><U70/><E105/><V11/><F11/><W6/><G6/><N who="0" m="3159" /><D83/><U46/><E46/><V24/><F24/><W120/><G120/><T47/><D47/><U52/><E52/><V38/><F38/><AGARI ba="0,0" hai="38,39,40,44,50,84,91,95,133,134,135" m="3159" machi="38" ten="30,1000,0" yaku="20,1" doraHai="56" who="0" fromWho="2" sc="409,10,80,0,246,-10,265,0" owari="419,51.9,80,-42.0,236,-16.4,265,6.5" /></mjloggm>