<mjloggm ver="2.3"><GO type="225" lobby="0"/><UN n0="%E3%83%96%E3%83%83%E3%83%91%E3%82%AA%E3%83%96%E3%83%81%E3%82%AD%E3%83%B3" n1="%33%74%72%65%65" n2="%74%75%72%74%6C%65%2E" n3="%E3%82%A4%E3%83%BC%E3%82%B1%E3%83%97%E3%83%A9" dan="16,17,16,16" rate="2166.27,2225.07,2080.48,2135.65" sx="M,F,M,M"/><TAIKYOKU oya="0"/><INIT seed="0,0,0,3,2,126" ten="250,250,250,250" oya="0" hai0="129,124,50,5,52,110,64,102,77,127,31,119,120" hai1="17,103,81,130,34,72,74,112,48,108,28,23,99" hai2="49,69,9,82,106,89,96,118,133,47,14,125,85" hai3="95,29,51,59,75,111,11,91,36,25,19,40,88"/><T71/><D119/><U38/><E38/><V45/><F118/><W32/><G111/><T1/><D120/><U0/><E108/><V107/><F125/><N who="0" m="48202" /><D110/><U105/><E0/><V39/><F69/><W8/><G75/><T92/><D77/><U116/><E116/><V65/><F65/><W84/><G36/><T61/><D31/><U60/><E112/><V128/><F133/><W113/><G113/><T15/><D1/><U53/><E60/><V37/><F37/><W20/><G91/><T100/><D92/><U98/><E81/><V22/><F22/><W42/><G42/><T109/><D109/><U57/><E28/><V30/><F30/><W41/><G40/><T16/><D5/><U46/><E34/><V115/><F45/><W26/><REACH who="3" step="1"/><G59/><REACH who="3" ten="250,250,250,240" step="2"/><N who="0" m="33175" /><D129/><U121/><E74/><V76/><F39/><W97/><G97/><T73/><D73/><U94/><E98/><V10/><F115/><W4/><G4/><T55/><D55/><U83/><E72/><V62/><F128/><W63/><G63/><T135/><D135/><U24/><E130/><V87/><F62/><W27/><G27/><T131/><D131/><U13/><E24/><V78/><F96/><W123/><G123/><T35/><D35/><U70/><E121/><V134/><F134/><W67/><G67/><T33/><D33/><U114/><E114/><V54/><F76/><W79/><G79/><T18/><D18/><U122/><E122/><V12/><F78/><W21/><G21/><AGARI ba="0,1" hai="15,16,21,61,64,71,100,102" m="33175,48202" machi="21" ten="30,5800,0" yaku="18,1,54,2" doraHai="126" who="0" fromWho="3" sc="250,68,250,0,250,0,240,-58" /><INIT seed="0,1,0,1,2,71" ten="318,250,250,182" oya="0" hai0="124,33,111,63,38,45,84,94,121,90,41,74,39" hai1="79,88,18,34,78,103,133,52,29,95,83,126,75" hai2="60,77,87,122,134,0,125,119,35,14,98,1,54" hai3="13,57,19,107,85,11,23,12,109,49,61,128,48"/><T89/><D121/><U64/><E133/><V100/><F122/><W53/><G107/><T62/><D33/><U9/><E126/><V91/><F35/><W106/><G106/><T36/><D124/><U2/><E64/><V92/><F134/><W4/><G109/><T73/><D111/><U72/><E103/><V130/><F125/><W28/><G128/><T117/><D117/><U120/><E120/><V37/><F77/><W96/><G28/><T127/><D127/><U5/><E18/><V42/><F130/><W22/><G96/><T31/><D31/><U27/><E78/><V82/><F119/><W76/><REACH who="3" step="1"/><G22/><REACH who="3" ten="318,250,250,172" step="2"/><T65/><D89/><U132/><E132/><V15/><F100/><W114/><G114/><T99/><D99/><U81/><E88/><V86/><F98/><W67/><G67/><T21/><D21/><U80/><E79/><V55/><F91/><W108/><G108/><T102/><D102/><U118/><E118/><V116/><F116/><W8/><G8/><T20/><D20/><U17/><E29/><V43/><F92/><W46/><G46/><T135/><D135/><U97/><E95/><V30/><F30/><W129/><G129/><T24/><D45/><U26/><E97/><V50/><F82/><AGARI ba="1,1" hai="4,11,12,13,19,23,48,49,53,57,61,76,82,85" machi="82" ten="40,8000,1" yaku="1,1,8,1,53,2" doraHai="71" doraHaiUra="10" who="3" fromWho="2" sc="318,0,250,0,250,-83,172,93" /><INIT seed="1,0,0,3,2,102" ten="318,250,167,265" oya="1" hai0="3,118,45,59,42,73,134,129,97,103,124,55,53" hai1="43,86,14,115,2,72,75,11,36,109,61,81,44" hai2="119,63,93,51,52,123,47,46,33,91,30,70,19" hai3="64,83,112,69,24,25,92,38,127,7,32,79,4"/><U114/><E109/><V18/><F123/><W41/><G112/><T29/><D118/><U107/><E107/><V26/><F119/><W110/><G110/><T68/><D68/><U74/><E2/><V12/><F47/><W62/><G127/><T76/><D124/><U95/><E95/><V96/><F70/><W94/><G41/><T16/><D3/><U1/><E61/><V130/><F130/><W133/><G38/><T101/><D129/><U8/><E1/><V31/><F63/><W122/><G122/><T71/><D71/><U67/><E67/><V116/><F116/><W17/><G133/><T9/><D134/><U21/><E21/><V111/><F111/><W135/><G135/><T131/><D29/><U15/><E14/><V39/><F39/><W105/><G105/><T80/><D59/><U128/><E128/><V10/><REACH who="2" step="1"/><F31/><REACH who="2" ten="318,250,157,265" step="2"/><W6/><G62/><T108/><D45/><U104/><E44/><V58/><F58/><W48/><G69/><T99/><D108/><U65/><E36/><V120/><F120/><W90/><G48/><T78/><D131/><U100/><E115/><V132/><F132/><W85/><G64/><T82/><D42/><U23/><E43/><V57/><F57/><W35/><G35/><T88/><D55/><U50/><E65/><V89/><F89/><W27/><G32/><T22/><D88/><U125/><E114/><V20/><F20/><N who="3" m="13327" /><G90/><T121/><D53/><U0/><E23/><V113/><F113/><W40/><G40/><T84/><D22/><U77/><E125/><V5/><AGARI ba="0,1" hai="5,10,12,18,19,26,30,33,46,51,52,91,93,96" machi="5" ten="20,5200,0" yaku="1,1,0,1,7,1,54,1,53,0" doraHai="102" doraHaiUra="98" who="2" fromWho="2" sc="318,-13,250,-26,157,62,265,-13" /><INIT seed="2,0,0,0,4,123" ten="305,224,219,252" oya="2" hai0="23,27,93,20,122,94,109,64,43,86,70,41,77" hai1="73,44,50,85,88,79,125,31,99,113,56,84,90" hai2="24,15,49,14,38,106,39,9,29,132,8,69,71" hai3="97,68,57,131,21,124,118,67,19,92,103,129,53"/><V74/><F106/><W55/><G118/><T1/><D122/><U101/><E113/><V107/><F107/><W119/><G119/><T42/><D1/><U80/><E125/><V61/><F74/><W6/><G124/><T35/><D109/><U121/><E121/><V120/><F120/><W62/><G6/><T111/><D111/><U81/><E31/><V3/><F3/><W76/><G76/><T22/><D70/><U11/><E56/><V30/><F49/><W78/><G78/><T0/><D64/><U133/><E133/><V65/><F132/><W105/><G105/><T32/><D0/><U59/><E59/><V110/><F110/><W82/><G82/><N who="0" m="47439" /><D35/><U98/><E11/><V10/><F30/><W114/><G114/><T66/><D32/><U75/><E50/><V17/><F71/><W127/><G127/><T51/><D66/><U37/><E44/><V115/><F115/><W126/><G126/><T112/><D112/><U52/><E52/><V108/><F108/><W16/><G19/><N who="0" m="12703" /><D51/><U47/><E37/><V116/><F116/><W54/><REACH who="3" step="1"/><G68/><REACH who="3" ten="305,224,219,242" step="2"/><T13/><D94/><N who="1" m="58583" /><E47/><V45/><F45/><W100/><G100/><T40/><D93/><AGARI ba="0,1" hai="73,75,79,80,81,84,85,88,90,93,99" m="58583" machi="93" ten="30,12000,2" yaku="35,5,54,1" doraHai="123" who="1" fromWho="0" sc="305,-120,224,130,219,0,242,0" /><INIT seed="3,0,0,0,3,62" ten="185,354,219,242" oya="3" hai0="104,55,123,108,106,71,63,54,51,70,132,88,5" hai1="11,102,91,53,32,107,109,43,21,30,134,81,9" hai2="58,31,26,7,65,57,73,59,78,82,121,120,46" hai3="17,75,112,93,13,22,122,119,4,97,131,0,103"/><W38/><G112/><T39/><D123/><N who="2" m="47178" /><F7/><W110/><G122/><T27/><D39/><U19/><E21/><N who="2" m="15823" /><F46/><W60/><G119/><T40/><D108/><U35/><E91/><V105/><F105/><W96/><G75/><T36/><D132/><U101/><E53/><V100/><F100/><W86/><G38/><T37/><D37/><U44/><E19/><V76/><F76/><W15/><G0/><T95/><D5/><U74/><E11/><V66/><AGARI ba="0,0" hai="57,58,59,65,66,73,78,82" m="15823,47178" machi="66" ten="40,5200,0" yaku="13,1,52,2" doraHai="62" who="2" fromWho="2" sc="185,-13,354,-13,219,52,242,-26" owari="172,-32.8,341,44.1,271,7.1,216,-18.4" /></mjloggm>