<mjloggm ver="2.3"><GO type="225" lobby="0"/><UN n0="%E3%81%BD%E3%81%A1%E3%81%9F%E3%81%93%E3%82%84" n1="%E6%A1%9C%E8%8A%B1%E9%96%83%E3%80%85" n2="%E6%B8%A9%E2%98%85%E6%83%85%E2%98%85%E6%8E%AA%E2%98%85%E7%BD%AE" n3="%E3%81%BF%E3%81%BF%E3%81%9A" dan="17,16,17,18" rate="2232.51,2093.30,2195.54,2242.49" sx="M,M,M,M"/><TAIKYOKU oya="0"/><INIT seed="0,0,0,4,0,110" ten="250,250,250,250" oya="0" hai0="94,35,112,127,113,75,83,92,101,50,46,125,122" hai1="18,9,36,107,124,103,74,17,29,82,6,132,120" hai2="69,53,78,84,67,91,34,51,88,65,15,25,23" hai3="66,63,30,43,104,57,1,28,27,135,70,47,45"/><T97/><D35/><U68/><E120/><V99/><F34/><W5/><G135/><T131/><D122/><U60/><E132/><V90/><F69/><W62/><G104/><N who="0" m="63535" /><D50/><U121/><E121/><V100/><F15/><W38/><G47/><T8/><D8/><U24/><E124/><N who="0" m="47689" /><D46/><U42/><E42/><V117/><F117/><W44/><G44/><T7/><D7/><U31/><E36/><V111/><F111/><W118/><G118/><T32/><D32/><N who="1" m="20519" /><E31/><N who="2" m="17855" /><F51/><W37/><G37/><T129/><D83/><U55/><E55/><V89/><F53/><W4/><G1/><T20/><D20/><U52/><E52/><V85/><F67/><W54/><G30/><T58/><D75/><U61/><E61/><V40/><F65/><W11/><G11/><T39/><D58/><U128/><E82/><N who="2" m="47191" /><F40/><W41/><G43/><T13/><D13/><U64/><E74/><V10/><F10/><W73/><G73/><T76/><D76/><U3/><E18/><V96/><F100/><W21/><AGARI ba="0,0" hai="4,5,21,27,28,38,41,45,54,57,62,63,66,70" machi="21" ten="20,1500,0" yaku="0,1,7,1" doraHai="110" who="3" fromWho="3" sc="250,-7,250,-4,250,-4,250,15" /><INIT seed="1,0,0,5,3,72" ten="243,246,246,265" oya="1" hai0="5,85,125,110,133,41,94,88,33,34,24,54,129" hai1="58,95,27,0,61,46,122,42,38,124,20,106,22" hai2="40,23,29,21,73,32,123,71,105,36,116,113,82" hai3="47,118,52,130,97,4,90,128,35,18,112,86,80"/><U134/><E122/><V117/><F123/><W37/><G112/><T132/><D110/><U48/><E106/><V79/><F113/><W99/><G118/><T8/><D129/><N who="3" m="49769" /><G35/><T57/><D41/><U74/><E134/><N who="0" m="51817" /><D24/><U44/><E124/><V104/><F23/><W16/><G4/><T98/><D98/><N who="3" m="37385" /><G37/><T68/><D68/><U10/><E74/><V119/><F21/><W7/><G7/><T43/><D43/><U25/><E95/><V120/><F71/><W30/><G30/><T77/><D77/><U87/><E22/><V64/><F64/><W135/><G135/><T126/><D34/><U59/><E25/><N who="2" m="18479" /><F120/><W9/><G9/><T1/><D33/><U84/><E10/><V91/><F91/><W108/><G108/><T12/><D1/><U114/><E0/><V70/><F70/><W60/><G60/><AGARI ba="0,0" hai="5,8,12,54,57,60,85,88,94,125,126" m="51817" machi="60" ten="30,2000,0" yaku="20,1,54,1" doraHai="72" who="0" fromWho="3" sc="243,20,246,0,246,0,265,-20" /><INIT seed="2,0,0,2,0,31" ten="263,246,246,245" oya="2" hai0="93,37,83,92,120,67,32,107,38,128,96,33,51" hai1="14,48,135,56,1,131,97,53,95,19,40,46,98" hai2="103,101,74,29,16,41,18,124,63,44,99,80,82" hai3="23,58,13,49,64,36,69,109,90,21,77,0,47"/><V27/><F124/><W70/><G0/><T87/><D120/><U88/><E131/><V111/><F111/><W15/><G77/><T123/><D123/><U59/><E135/><V24/><F63/><N who="3" m="38007" /><G36/><T25/><D128/><U72/><E1/><V50/><F74/><W52/><G69/><T130/><D67/><U66/><E72/><V133/><F133/><W45/><G70/><T114/><D107/><U84/><E66/><V71/><F71/><W9/><G109/><T12/><D130/><U20/><REACH who="1" step="1"/><E59/><REACH who="1" ten="263,236,246,245" step="2"/><V94/><F103/><W105/><G105/><T110/><D110/><U42/><E42/><V17/><REACH who="2" step="1"/><F27/><REACH who="2" ten="263,236,236,245" step="2"/><W7/><G45/><T118/><D25/><U91/><E91/><V106/><F106/><W65/><G65/><T122/><D122/><U60/><AGARI ba="0,2" hai="14,19,20,40,46,48,53,56,60,84,88,95,97,98" machi="60" ten="20,12000,2" yaku="1,1,0,1,7,1,8,1,54,1,53,1" doraHai="31" doraHaiUra="57" who="1" fromWho="1" sc="263,-30,236,140,236,-60,245,-30" /><INIT seed="3,0,0,5,0,6" ten="233,376,176,215" oya="3" hai0="106,15,31,20,116,89,52,51,53,124,103,135,37" hai1="71,100,32,109,91,40,128,35,13,63,90,127,7" hai2="120,77,97,36,99,117,62,75,5,112,134,55,121" hai3="115,14,129,50,49,118,3,113,26,1,17,85,8"/><W111/><G118/><T29/><D37/><U78/><E100/><V107/><F36/><W27/><G85/><T60/><D116/><U66/><E78/><V79/><F117/><W64/><G64/><T123/><D123/><N who="2" m="47178" /><F5/><N who="3" m="3343" /><G49/><T68/><D135/><U33/><E63/><V98/><F55/><W104/><G50/><T58/><D124/><U93/><E91/><V122/><N who="2" m="47186" /><V83/><DORA hai="28" /><F62/><W69/><G104/><T125/><D125/><U54/><E93/><V76/><F134/><W4/><G69/><T34/><D68/><U82/><E35/><V23/><F23/><N who="3" m="13679" /><G129/><T110/><D34/><U42/><E33/><V87/><F112/><N who="3" m="43083" /><G111/><T2/><D51/><U119/><E54/><V9/><F9/><N who="3" m="2191" /><G27/><T30/><D53/><U61/><E61/><V84/><F107/><W72/><G72/><T11/><D110/><U38/><E109/><V114/><F114/><W96/><G96/><N who="2" m="24577" /><V22/><DORA hai="43" /><F22/><W81/><G81/><T102/><D20/><U10/><E82/><N who="2" m="45343" /><F77/><W45/><G45/><T46/><D46/><U41/><E38/><V39/><F39/><W16/><G16/><T19/><D106/><U74/><E41/><V0/><F0/><AGARI ba="0,0" hai="0,3" m="2191,43083,13679,3343" machi="0" ten="30,11600,0" yaku="34,2,52,2" doraHai="6,28,43" who="3" fromWho="2" sc="233,0,376,0,176,-116,215,116" /><INIT seed="3,1,0,4,2,35" ten="233,376,60,331" oya="3" hai0="52,135,65,40,121,60,39,6,31,126,19,92,1" hai1="80,123,53,22,122,119,77,82,17,133,106,4,111" hai2="41,125,81,71,15,32,112,2,25,73,21,16,8" hai3="78,70,86,76,134,115,20,116,27,44,101,93,131"/><W124/><G115/><T105/><D105/><U0/><E111/><V90/><F112/><W43/><G116/><T66/><D121/><U120/><E119/><V7/><F125/><W13/><G70/><T30/><D126/><U56/><E106/><V114/><F114/><W129/><G124/><T38/><D135/><U74/><E133/><V3/><F71/><W36/><G13/><T18/><D6/><U61/><E82/><V49/><F49/><W51/><G36/><T26/><D92/><U102/><E102/><V83/><F90/><N who="3" m="53463" /><G101/><T75/><D75/><U128/><E128/><N who="3" m="49226" /><G134/><T9/><D9/><U113/><E113/><V96/><F96/><W127/><G127/><T57/><D40/><U89/><E89/><V37/><F73/><W34/><G34/><T63/><D57/><U67/><E122/><V94/><F94/><W45/><G45/><T48/><D48/><U118/><E118/><V50/><F50/><W24/><G24/><T79/><D26/><U107/><E107/><V130/><F130/><W5/><G5/><T11/><D11/><N who="1" m="2439" /><E123/><V97/><F97/><W28/><AGARI ba="1,0" hai="20,27,28,43,44,51,76,78" m="49226,53463" machi="28" ten="30,1500,0" yaku="19,1" doraHai="35" who="3" fromWho="3" sc="233,-6,376,-6,60,-6,331,18" /><INIT seed="3,2,0,1,1,129" ten="227,370,54,349" oya="3" hai0="61,64,33,78,24,1,5,0,44,75,110,111,38" hai1="32,28,42,133,115,86,50,135,94,108,11,74,53" hai2="124,41,113,123,67,112,81,116,114,68,66,99,9" hai3="103,102,105,30,15,46,82,98,62,45,54,132,8"/><W47/><G132/><N who="1" m="50762" /><E108/><V128/><F99/><W13/><G30/><T14/><D14/><U3/><E115/><V90/><F90/><W76/><G103/><T83/><D110/><U126/><E126/><V72/><F81/><W93/><G105/><T58/><D58/><N who="1" m="33079" /><E74/><V119/><F9/><W39/><G39/><T4/><D4/><N who="1" m="1439" /><E42/><V91/><F91/><W134/><G134/><T77/><D77/><U63/><E63/><V130/><F72/><W16/><G13/><T2/><D111/><U7/><E7/><V19/><F19/><W117/><G117/><T97/><D97/><U31/><E32/><V29/><F29/><W65/><G54/><T92/><D92/><U57/><E57/><V95/><F95/><W27/><G27/><T69/><D24/><U43/><E43/><V84/><F84/><W104/><G104/><T87/><D87/><U80/><E94/><V40/><F114/><W79/><REACH who="3" step="1"/><G82/><REACH who="3" ten="227,370,54,339" step="2"/><T17/><D33/><U131/><E131/><V18/><F18/><W121/><G121/><T125/><D125/><U56/><E56/><AGARI ba="2,1" hai="8,15,16,45,46,47,56,62,65,76,79,93,98,102" machi="56" ten="40,7700,0" yaku="1,1,8,1,54,1,53,0" doraHai="129" doraHaiUra="118" who="3" fromWho="1" sc="227,0,370,-83,54,0,339,93" owari="227,-17.3,287,8.7,54,-44.6,432,53.2" /></mjloggm>