<mjloggm ver="2.3"><GO type="225" lobby="0"/><UN n0="%E3%81%8B%E3%82%8F%E3%81%A1%E3%82%83%E3%82%93%35%38" n1="%E3%83%B4%E3%82%A3%E3%83%AF%E3%82%B3%E3%82%B0%E3%83%8B" n2="%E9%B7%B9%E5%80%89%E6%9D%8F%E9%88%B4" n3="%E5%91%A8%E6%9D%B1" dan="16,17,16,17" rate="2181.52,2248.21,2098.47,2218.94" sx="M,M,F,M"/><TAIKYOKU oya="0"/><INIT seed="0,0,0,0,2,53" ten="250,250,250,250" oya="0" hai0="76,135,1,13,63,19,107,47,2,14,61,78,133" hai1="115,84,35,54,66,100,15,40,114,109,44,131,38" hai2="68,134,11,116,10,74,75,119,129,103,73,113,98" hai3="94,87,97,60,23,123,51,85,33,92,132,39,24"/><T3/><D47/><U65/><E35/><V12/><F68/><W124/><G39/><T8/><D107/><U9/><E100/><V46/><F113/><N who="1" m="43017" /><E84/><V121/><F121/><W125/><G33/><T96/><D96/><U48/><E109/><V71/><F71/><W108/><G108/><T18/><D1/><U101/><E101/><V25/><F134/><W79/><G132/><T91/><D8/><U127/><E131/><V130/><F46/><W89/><G123/><T42/><REACH who="0" step="1"/><D91/><REACH who="0" ten="240,250,250,250" step="2"/><U82/><E127/><V6/><F10/><W72/><G125/><T90/><D90/><U22/><E22/><V4/><F129/><W28/><G124/><T0/><D0/><U112/><E112/><V80/><F130/><W122/><G122/><T7/><D7/><N who="1" m="3519" /><E82/><V104/><F80/><W102/><G23/><T41/><AGARI ba="0,1" hai="2,3,13,14,18,19,41,42,61,63,76,78,133,135" machi="41" ten="25,18000,2" yaku="1,1,0,1,22,2,53,2" doraHai="53" doraHaiUra="57" who="0" fromWho="0" sc="240,190,250,-60,250,-60,250,-60" /><INIT seed="0,1,0,0,0,46" ten="430,190,190,190" oya="0" hai0="21,130,95,134,53,26,116,72,25,40,66,54,39" hai1="123,24,96,62,20,18,60,85,22,4,50,71,122" hai2="133,111,29,104,113,87,52,9,99,81,121,19,41" hai3="23,51,58,93,35,5,67,88,84,129,73,114,2"/><T128/><D116/><U57/><E71/><V56/><F121/><W13/><G114/><T32/><D72/><U86/><E123/><V17/><F113/><W0/><G73/><T27/><D66/><U80/><E122/><V120/><F120/><W34/><G129/><T75/><D75/><U91/><E4/><V12/><F111/><W68/><G68/><T132/><D21/><U105/><E105/><V10/><F133/><N who="0" m="51306" /><D95/><U124/><E124/><V55/><F41/><W115/><G115/><T14/><D14/><U117/><E117/><V108/><F29/><W127/><G67/><T42/><D39/><U6/><E6/><V64/><F108/><W15/><G15/><T61/><D61/><U109/><E109/><V131/><F131/><N who="0" m="50218" /><D32/><U89/><E20/><V33/><F33/><W11/><G127/><T90/><D90/><U97/><E60/><V1/><F64/><W36/><G36/><T77/><D77/><U16/><E62/><V100/><F12/><W3/><G23/><T70/><D70/><U107/><E107/><V65/><F65/><W101/><G101/><T92/><D92/><N who="1" m="54327" /><E18/><V74/><F74/><W49/><G35/><T59/><D59/><U94/><E94/><V45/><F56/><W110/><G34/><T31/><D31/><U63/><E63/><V135/><F135/><W47/><G110/><T103/><D103/><U76/><E76/><N who="2" m="46503" /><F19/><W37/><REACH who="3" step="1"/><G58/><REACH who="3" ten="430,190,190,180" step="2"/><T126/><D126/><U98/><E57/><V43/><F100/><W44/><G44/><T78/><D27/><U69/><E69/><V8/><F45/><W125/><G125/><RYUUKYOKU ba="1,1" sc="430,-15,190,15,190,-15,180,15" hai1="16,22,24,50,80,85,91,96,97,98" hai3="0,2,3,5,11,13,37,47,49,51,84,88,93" /><INIT seed="1,2,1,5,0,68" ten="415,205,175,195" oya="1" hai0="127,38,75,67,30,56,88,37,85,130,109,133,10" hai1="27,113,39,81,91,22,24,55,42,26,69,66,19" hai2="128,52,59,2,48,129,13,119,121,101,131,126,98" hai3="79,135,82,104,73,71,100,78,14,80,115,74,28"/><U105/><E113/><V45/><F119/><W51/><G115/><T87/><D75/><U11/><E105/><V97/><F121/><W18/><G135/><T61/><D30/><U31/><E69/><V117/><F117/><W54/><G71/><T102/><D102/><U60/><E66/><V5/><F126/><W134/><G28/><T114/><D114/><U111/><E111/><V94/><F2/><W124/><G134/><T6/><D133/><U35/><E11/><N who="2" m="4335" /><F98/><W32/><G32/><T62/><D87/><U15/><E81/><V41/><F59/><W44/><G124/><T103/><D103/><U99/><E15/><V46/><F46/><W3/><G3/><T65/><D127/><U57/><E26/><V108/><F108/><W64/><G64/><T84/><D84/><U123/><E123/><V95/><F95/><W107/><REACH who="3" step="1"/><G100/><REACH who="3" ten="415,205,175,185" step="2"/><T12/><D109/><U16/><E35/><V4/><F4/><W7/><G7/><T53/><D65/><U9/><E31/><V120/><F120/><W20/><AGARI ba="2,2" hai="14,18,20,44,51,54,73,74,78,79,80,82,104,107" machi="20" ten="20,5200,0" yaku="1,1,0,1,7,1,9,1,53,0" doraHai="68" doraHaiUra="70" who="3" fromWho="3" sc="415,-15,205,-28,175,-15,185,78" /><INIT seed="2,0,0,1,0,100" ten="400,177,160,263" oya="2" hai0="29,56,33,101,11,121,22,102,58,114,81,4,15" hai1="67,98,72,14,120,38,53,57,82,31,9,52,64" hai2="83,55,65,27,60,75,108,62,76,122,23,133,134" hai3="132,111,103,17,92,48,41,80,1,8,5,10,6"/><V79/><F122/><W77/><G111/><T19/><D114/><U127/><E38/><V59/><F79/><W97/><G132/><T123/><D123/><U113/><E113/><V130/><F130/><W99/><G17/><T30/><D121/><U39/><E120/><V16/><REACH who="2" step="1"/><F108/><REACH who="2" ten="400,177,150,263" step="2"/><W12/><G77/><T20/><D33/><U112/><E112/><V7/><F7/><W95/><G6/><T42/><D4/><U44/><E72/><V94/><F94/><W73/><G95/><T84/><D81/><U18/><E82/><V88/><F88/><W25/><G80/><T87/><D101/><U109/><E109/><V34/><F34/><W129/><G73/><T78/><D102/><U90/><E90/><V74/><F74/><W110/><G129/><T96/><D78/><U115/><E115/><V51/><F51/><W37/><G48/><T71/><D84/><U89/><E89/><V66/><F66/><W69/><G92/><T61/><D87/><U0/><E67/><V117/><F117/><W26/><G5/><T104/><D96/><U124/><E98/><V119/><F119/><W50/><G103/><T135/><D135/><U116/><E116/><V45/><F45/><W70/><G110/><T40/><D61/><N who="1" m="37935" /><E0/><V24/><F24/><W85/><G26/><T3/><D3/><U128/><E128/><V46/><F46/><W49/><G25/><T21/><D15/><U47/><E47/><V93/><F93/><W86/><G97/><T35/><D35/><U131/><E131/><V105/><F105/><W13/><G99/><T63/><D104/><RYUUKYOKU ba="0,1" sc="400,-10,177,-10,150,30,263,-10" hai2="16,23,27,55,59,60,62,65,75,76,83,133,134" /><INIT seed="2,1,1,5,5,115" ten="390,167,180,253" oya="2" hai0="9,80,122,22,99,31,83,66,89,123,100,53,17" hai1="7,127,64,117,16,133,48,70,98,28,6,107,69" hai2="68,91,96,35,8,3,37,43,14,110,94,67,24" hai3="75,131,50,78,90,103,71,128,65,5,73,72,52"/><V1/><F110/><W120/><G120/><T4/><D66/><U135/><E127/><V13/><F37/><W18/><G5/><N who="1" m="1546" /><E28/><V134/><F43/><W46/><G103/><T79/><D53/><U119/><E48/><V116/><F116/><N who="1" m="44617" /><E64/><V104/><F134/><N who="1" m="51209" /><E16/><V124/><F124/><W93/><G18/><T76/><D31/><U10/><E10/><V87/><F13/><W130/><G65/><T84/><D9/><U77/><E77/><V114/><F114/><W129/><G129/><T111/><D4/><U33/><E33/><V126/><F126/><W62/><G78/><T41/><D76/><U30/><E30/><N who="2" m="19911" /><F14/><W15/><G15/><T101/><D17/><U55/><E55/><V56/><F56/><W106/><G131/><T60/><D41/><U92/><E107/><V38/><F38/><W95/><G106/><T88/><D79/><U39/><E39/><V108/><F8/><W23/><G130/><T81/><D60/><U29/><E29/><V57/><F57/><W36/><G62/><T113/><D123/><U59/><E59/><V85/><F108/><W74/><G36/><T58/><D58/><U118/><N who="1" m="44625" /><U26/><DORA hai="47" /><E26/><V61/><F104/><W51/><G74/><T54/><D111/><U27/><E27/><V20/><F20/><W44/><G23/><T32/><D22/><U109/><E109/><V11/><F11/><W105/><G75/><T82/><D122/><U125/><E125/><V40/><F40/><W0/><G73/><T21/><D21/><U12/><E12/><V49/><F49/><N who="3" m="18443" /><G72/><T25/><D32/><RYUUKYOKU ba="1,1" sc="390,-15,167,15,180,15,253,-15" hai1="69,70,92,98" hai2="1,3,61,67,68,85,87,91,94,96" /><INIT seed="2,2,1,1,5,37" ten="375,182,195,238" oya="2" hai0="79,127,103,50,133,6,85,99,119,116,87,134,102" hai1="73,21,80,76,132,118,125,64,66,110,36,16,34" hai2="25,72,8,43,100,38,3,12,67,9,5,24,60" hai3="111,63,135,27,113,40,91,1,68,57,10,7,69"/><V45/><F100/><W104/><G104/><T108/><D108/><U22/><E118/><N who="0" m="45097" /><D127/><U47/><E34/><V121/><F121/><W92/><G111/><T14/><D102/><U30/><E110/><V23/><F23/><W86/><G135/><T115/><D115/><U128/><E132/><V35/><F72/><W11/><G113/><T62/><D85/><U96/><E125/><V81/><F81/><W29/><G11/><N who="0" m="4471" /><D50/><U114/><E114/><V123/><F35/><W124/><G124/><T2/><D2/><U59/><E128/><V82/><F82/><W61/><G61/><T18/><D18/><U106/><E30/><V46/><F123/><W105/><G105/><N who="0" m="63743" /><D62/><U58/><E106/><V84/><F84/><W15/><G1/><T70/><D70/><U77/><E96/><V51/><F9/><W88/><G91/><T83/><AGARI ba="2,1" hai="79,83,87,133,134" m="63743,4471,45097" machi="83" ten="30,1100,0" yaku="12,1" doraHai="37" who="0" fromWho="0" sc="375,27,182,-5,195,-7,238,-5" /><INIT seed="3,0,0,2,4,107" ten="402,177,188,233" oya="3" hai0="45,111,54,130,79,119,19,64,9,5,85,67,106" hai1="68,37,127,131,108,0,114,123,97,77,7,129,41" hai2="59,88,103,89,83,52,13,8,69,93,4,135,23" hai3="15,28,36,76,44,3,27,21,133,71,20,90,12"/><W82/><G133/><T60/><D106/><U115/><E123/><V10/><F69/><W57/><G3/><T55/><D119/><U38/><E108/><V22/><F135/><W113/><G71/><T66/><D111/><U118/><E127/><V95/><F10/><W78/><G113/><N who="1" m="43018" /><E118/><V109/><F109/><W81/><G90/><N who="2" m="34921" /><F83/><W132/><G132/><T50/><D130/><N who="1" m="49675" /><E68/><V65/><F65/><W105/><G105/><T42/><D19/><U122/><E122/><V34/><F34/><W134/><G134/><T61/><D9/><N who="1" m="2279" /><E41/><V43/><F43/><W51/><G36/><N who="1" m="13930" /><E97/><N who="2" m="59823" /><F95/><W100/><G81/><N who="0" m="47295" /><D5/><U110/><E110/><V53/><F53/><AGARI ba="0,0" hai="42,45,50,53,54,55,60,61,64,66,67" m="47295" machi="53" ten="30,1000,0" yaku="8,1" doraHai="107" who="0" fromWho="2" sc="402,10,177,0,188,-10,233,0" owari="412,51.2,177,-32.3,178,-22.2,233,3.3" /></mjloggm>