<mjloggm ver="2.3"><GO type="225" lobby="0"/><UN n0="%E7%AB%8B%E8%8A%B1%E9%9F%BF" n1="%E6%9C%88%E5%B3%B6%E5%9F%BA" n2="%72%69%6F%75%63%68%61%6E" n3="%E6%97%A5%E6%9B%9C%E6%97%A5%E3%82%88%E3%82%8A%E3%81%AE%E4%BD%BF%E8%80%85" dan="17,18,16,17" rate="2204.80,2238.01,2133.39,2225.59" sx="F,M,M,M"/><TAIKYOKU oya="0"/><INIT seed="0,0,0,3,4,53" ten="250,250,250,250" oya="0" hai0="0,9,75,123,52,84,125,69,19,18,20,60,37" hai1="135,28,110,13,1,59,47,118,120,95,49,115,12" hai2="91,10,33,40,11,43,62,16,108,94,87,61,82" hai3="90,104,103,89,31,51,55,134,77,34,83,128,76"/><T85/><D123/><U74/><E74/><V5/><F108/><W21/><G34/><T42/><D75/><U78/><E120/><V46/><F33/><W29/><G128/><T66/><D125/><U35/><E1/><V129/><F129/><W24/><G134/><T68/><D68/><U81/><E110/><V32/><F32/><W26/><G103/><T114/><D114/><U105/><E105/><V112/><F112/><W65/><G104/><T71/><D71/><U117/><E13/><N who="2" m="5327" /><F82/><W79/><G65/><T17/><D20/><U38/><E95/><V80/><F80/><W44/><REACH who="3" step="1"/><G83/><REACH who="3" ten="250,250,250,240" step="2"/><T4/><D37/><U64/><E81/><V92/><F92/><W124/><G124/><T36/><D36/><U93/><E93/><V3/><F3/><W119/><G119/><T101/><D101/><U48/><E38/><V102/><F102/><W98/><G98/><T50/><REACH who="0" step="1"/><D42/><REACH who="0" ten="240,250,250,240" step="2"/><U88/><E35/><V96/><F40/><W30/><G30/><T23/><D23/><U126/><E28/><V14/><F96/><W122/><G122/><T131/><D131/><U70/><E126/><V8/><F8/><W97/><G97/><T54/><D54/><U6/><E115/><V2/><F2/><W86/><G86/><T27/><D27/><U130/><E130/><V25/><F25/><W127/><G127/><T116/><D116/><U99/><E117/><V22/><F11/><W133/><G133/><T58/><AGARI ba="0,2" hai="0,4,9,17,18,19,50,52,58,60,66,69,84,85" machi="58" ten="30,11700,0" yaku="1,1,0,1,52,1,54,1,53,0" doraHai="53" doraHaiUra="109" who="0" fromWho="0" sc="240,137,250,-39,250,-39,240,-39" /><INIT seed="0,1,0,3,2,88" ten="377,211,211,201" oya="0" hai0="103,51,92,61,4,47,6,132,38,119,18,90,14" hai1="33,81,114,10,34,101,102,73,46,65,32,62,112" hai2="109,23,72,45,100,84,31,7,36,74,43,131,40" hai3="116,67,94,50,52,93,39,59,130,91,71,37,126"/><T55/><D119/><U87/><E73/><V44/><F109/><W129/><G116/><T89/><D38/><N who="3" m="14345" /><G91/><N who="0" m="34827" /><D132/><U128/><E46/><V3/><F131/><N who="3" m="50187" /><G126/><T120/><D120/><U29/><E10/><V82/><F100/><W122/><G122/><T20/><D61/><AGARI ba="1,0" hai="50,52,59,61,67,71,93,94" m="50187,14345" machi="61" ten="30,7700,0" yaku="19,1,52,2,54,1" doraHai="88" who="3" fromWho="0" sc="377,-80,211,0,211,0,201,80" /><INIT seed="1,0,0,3,5,124" ten="297,211,211,281" oya="1" hai0="24,47,95,82,54,25,135,126,36,66,26,129,16" hai1="134,38,65,117,20,58,90,97,127,46,8,42,132" hai2="86,43,55,89,51,98,7,72,73,13,64,10,56" hai3="29,44,18,32,111,107,3,67,14,80,103,88,85"/><U93/><E117/><V48/><F64/><W2/><G111/><T91/><D126/><U119/><E119/><V39/><F39/><W130/><G130/><T31/><D66/><U99/><E127/><V19/><F98/><W109/><G109/><T28/><D135/><N who="1" m="51755" /><E20/><V22/><F43/><W115/><G115/><T74/><D129/><U113/><E113/><V41/><F41/><W49/><G67/><T133/><D133/><U15/><E97/><V9/><F48/><W53/><G103/><T57/><D36/><U121/><E121/><V94/><REACH who="2" step="1"/><F9/><REACH who="2" ten="297,211,201,281" step="2"/><W92/><G107/><T77/><D47/><U59/><E65/><V34/><F34/><W83/><G32/><T68/><D68/><U125/><E125/><V33/><F33/><W21/><G49/><T23/><D28/><U131/><E131/><V120/><F120/><W110/><G29/><T5/><D31/><U60/><E60/><V84/><F84/><W78/><G110/><T71/><D71/><U40/><E40/><V100/><F100/><W123/><G123/><T128/><D128/><U101/><E101/><V0/><AGARI ba="0,1" hai="0,7,10,13,19,22,51,55,56,72,73,86,89,94" machi="0" ten="20,12000,2" yaku="1,1,0,1,7,1,25,2,53,1" doraHai="124" doraHaiUra="6" who="2" fromWho="2" sc="297,-30,211,-60,201,130,281,-30" /><INIT seed="2,0,0,5,1,124" ten="267,151,331,251" oya="2" hai0="108,97,119,19,56,118,66,5,20,40,79,128,88" hai1="29,28,94,49,104,7,34,122,112,65,24,26,9" hai2="62,8,37,21,48,11,103,1,127,121,135,99,44" hai3="47,130,123,92,55,83,132,133,57,51,30,75,35"/><V114/><F114/><W4/><G123/><T76/><D40/><U39/><E112/><V70/><F121/><W68/><G68/><T111/><D5/><U84/><E122/><V3/><F37/><W14/><G130/><T86/><D97/><U85/><E39/><V116/><F116/><N who="0" m="44586" /><D56/><U125/><E104/><V71/><F127/><W120/><G120/><T23/><D66/><U10/><E125/><V98/><F62/><W90/><G30/><T82/><D128/><U73/><E73/><V45/><F21/><N who="0" m="8266" /><D19/><U41/><E65/><V2/><F48/><W25/><G57/><T110/><AGARI ba="0,0" hai="76,79,82,86,88,108,110,111" m="8266,44586" machi="110" ten="40,5200,0" yaku="14,1,12,1,54,1" doraHai="124" who="0" fromWho="0" sc="267,52,151,-13,331,-26,251,-13" /><INIT seed="3,0,0,0,5,66" ten="319,138,305,238" oya="3" hai0="54,14,127,6,41,25,52,24,106,122,59,53,70" hai1="81,102,38,76,135,114,64,28,75,15,63,79,101" hai2="118,8,17,105,80,16,111,50,85,93,60,61,39" hai3="65,10,89,108,96,132,98,119,5,22,29,82,7"/><W26/><G119/><T37/><D70/><U95/><E114/><V90/><F118/><W27/><G132/><T19/><D106/><U134/><E38/><V48/><F105/><W18/><G108/><T116/><D122/><U104/><E15/><N who="2" m="7271" /><F39/><W130/><G130/><T51/><D116/><U45/><E45/><V113/><F113/><W68/><G65/><T109/><D109/><U56/><E79/><N who="2" m="46239" /><F111/><W94/><G68/><T126/><D6/><U99/><E104/><V57/><F17/><W62/><G62/><N who="2" m="24169" /><F57/><W11/><G82/><T12/><D12/><U0/><E0/><V100/><F100/><W133/><G133/><T33/><D37/><U4/><E4/><N who="3" m="1610" /><G98/><AGARI ba="0,0" hai="48,50,90,93,98" m="24169,46239,7271" machi="98" ten="30,2000,0" yaku="8,1,54,1" doraHai="66" who="2" fromWho="3" sc="319,0,138,0,305,20,238,-20" owari="319,11.9,138,-36.2,325,42.5,218,-18.2" /></mjloggm>