<mjloggm ver="2.3"><GO type="225" lobby="0"/><UN n0="%E3%81%BE%E3%81%A8%E3%81%9F" n1="%E3%81%BF%E3%81%BF%E3%81%9A" n2="%E9%80%86%E9%80%A3%E5%B8%AF%E3%81%AE%E9%AC%BC" n3="%E6%98%93%E5%88%A9%E8%96%A9%E4%BC%AF" dan="16,18,17,17" rate="2120.10,2271.38,2121.05,2177.44" sx="M,M,M,F"/><TAIKYOKU oya="0"/><INIT seed="0,0,0,1,2,93" ten="250,250,250,250" oya="0" hai0="12,113,107,125,94,122,57,55,99,86,87,21,120" hai1="130,102,35,53,77,38,75,65,115,112,22,30,67" hai2="58,117,92,132,104,85,128,41,50,5,36,10,23" hai3="2,134,31,100,26,98,101,17,110,106,15,9,3"/><T105/><D113/><N who="1" m="43595" /><E130/><V32/><F104/><W52/><G110/><T116/><D116/><U54/><E38/><V60/><F32/><W20/><G134/><T33/><D33/><U73/><E35/><V18/><F128/><W96/><REACH who="3" step="1"/><G52/><REACH who="3" ten="250,250,250,240" step="2"/><N who="1" m="20074" /><E102/><V40/><F132/><W44/><G44/><T63/><D55/><U123/><E123/><V48/><F117/><W74/><G74/><N who="1" m="28170" /><E77/><V28/><F41/><W126/><G126/><T71/><D125/><U39/><E39/><V6/><F36/><W90/><G90/><T111/><D120/><U46/><E46/><V11/><F40/><W82/><G82/><T135/><D122/><U121/><E121/><V70/><F50/><W97/><G97/><T68/><D135/><U1/><E1/><V84/><F48/><W37/><G37/><T79/><D99/><U7/><E7/><V29/><F5/><W66/><G66/><T108/><D108/><U118/><E118/><V4/><F6/><W69/><G69/><T88/><D71/><U119/><E119/><V8/><F4/><W19/><G19/><N who="0" m="10471" /><D68/><U25/><AGARI ba="0,1" hai="22,25,30,65,67" m="28170,20074,43595" machi="25" ten="40,2700,0" yaku="11,1,54,1" doraHai="93" who="1" fromWho="1" sc="250,-13,250,37,250,-7,240,-7" /><INIT seed="1,0,0,5,3,86" ten="237,287,243,233" oya="1" hai0="21,102,101,74,23,44,28,88,113,95,9,24,66" hai1="37,68,114,26,70,5,64,126,13,123,79,119,11" hai2="16,25,20,3,89,43,111,108,125,87,46,62,69" hai3="118,0,39,121,135,15,17,76,82,85,58,8,52"/><U67/><E114/><V97/><F3/><W40/><G121/><T109/><D74/><U12/><E119/><V47/><F125/><W110/><G118/><T29/><D109/><N who="2" m="42058" /><F97/><W129/><G110/><T49/><D66/><U81/><E123/><V130/><F130/><W18/><G129/><T32/><D9/><U91/><E37/><V107/><F107/><W103/><G0/><T78/><D78/><U133/><E126/><V71/><F62/><W33/><G33/><T57/><D57/><U45/><E133/><V36/><F47/><W92/><G135/><T104/><D104/><U22/><E45/><V115/><F115/><W100/><G18/><T105/><D105/><U106/><E106/><V55/><F55/><W6/><G39/><T80/><D80/><AGARI ba="0,0" hai="16,20,25,36,43,46,69,71,80,87,89" m="42058" machi="80" ten="30,3900,0" yaku="14,1,52,1,54,1" doraHai="86" who="2" fromWho="0" sc="237,-39,287,0,243,39,233,0" /><INIT seed="2,0,0,1,2,129" ten="198,287,282,233" oya="2" hai0="45,98,64,128,84,38,127,40,8,110,36,14,117" hai1="31,87,4,134,92,34,12,29,133,115,23,108,16" hai2="85,116,78,35,70,67,122,89,83,11,58,101,9" hai3="52,88,5,114,80,113,7,77,107,2,17,102,69"/><V27/><F116/><W99/><G69/><T91/><D110/><U49/><E115/><N who="3" m="44042" /><G17/><T47/><D117/><U54/><E108/><V15/><F122/><W103/><G103/><T22/><D128/><U56/><E4/><V41/><F70/><W72/><G2/><T32/><D32/><U76/><E76/><V43/><F101/><W75/><G75/><T61/><D22/><U51/><E51/><V124/><F124/><W21/><G21/><T112/><D112/><U13/><E13/><V132/><F9/><W50/><G88/><T63/><D98/><U39/><E39/><V20/><F35/><W42/><G42/><T57/><D127/><U68/><E68/><V94/><F20/><W93/><G93/><T65/><D38/><U59/><E59/><AGARI ba="0,0" hai="5,7,50,52,59,72,77,80,99,102,107" m="44042" machi="59" ten="30,2000,0" yaku="11,1,54,1" doraHai="129" who="3" fromWho="1" sc="198,0,287,-20,282,0,233,20" /><INIT seed="3,0,0,2,5,15" ten="198,267,282,253" oya="3" hai0="130,69,108,124,107,16,31,46,53,79,127,78,104" hai1="25,100,109,18,8,21,63,129,98,45,51,70,26" hai2="87,95,132,39,133,120,54,134,50,42,80,55,44" hai3="35,101,126,75,52,30,43,67,125,85,90,41,56"/><W9/><G75/><T77/><D108/><U5/><E109/><V4/><F120/><W7/><G101/><T102/><D69/><U83/><E129/><V6/><F95/><W61/><G35/><T106/><D31/><U97/><E83/><V28/><F28/><W96/><G96/><T123/><D123/><U17/><E63/><V99/><F99/><W105/><G105/><T81/><D130/><U94/><E70/><V11/><F39/><W40/><G67/><T68/><D68/><U37/><E37/><V33/><F33/><W121/><G30/><T84/><D53/><U22/><E94/><V19/><F19/><W82/><REACH who="3" step="1"/><G121/><REACH who="3" ten="198,267,282,243" step="2"/><T20/><D46/><U58/><E100/><V34/><F34/><W115/><G115/><T119/><D119/><U62/><E45/><V32/><F32/><W48/><G48/><T135/><D102/><U64/><E51/><V12/><F133/><W14/><AGARI ba="0,1" hai="7,9,14,40,41,43,52,56,61,82,85,90,125,126" machi="14" ten="30,6000,0" yaku="1,1,0,1,54,1,53,0" doraHai="15" doraHaiUra="110" who="3" fromWho="3" sc="198,-20,267,-20,282,-20,243,70" owari="178,-32.2,247,-15.3,262,6.2,313,41.3" /></mjloggm>