<mjloggm ver="2.3"><GO type="225" lobby="0"/><UN n0="%E3%80%90%E3%83%88%E3%83%AA%E3%83%A5%E3%83%95%E3%80%91" n1="%E3%80%93%E3%81%97%E3%83%BC%E3%82%89%E3%80%93" n2="%E3%82%BC%E3%83%AB%E3%83%80%E3%81%AE%E4%BC%9D%E8%AA%AC" n3="%E5%8D%A0%E3%81%84%E5%B8%AB%E8%A3%8F%E3%81%AA%E3%81%84%E3%81%97" dan="16,16,17,17" rate="2131.54,2196.67,2162.91,2150.08" sx="M,M,M,M"/><TAIKYOKU oya="0"/><INIT seed="0,0,0,2,4,10" ten="250,250,250,250" oya="0" hai0="16,113,109,96,93,85,135,66,63,36,98,75,12" hai1="62,127,6,60,56,44,51,110,77,17,50,78,83" hai2="65,106,59,1,97,43,29,32,118,121,15,74,4" hai3="80,82,123,94,53,48,132,41,24,114,91,95,70"/><T69/><D113/><U46/><E110/><V130/><F121/><W126/><G114/><T58/><D109/><U37/><E37/><V54/><F74/><W103/><G70/><T72/><D36/><U124/><E17/><V125/><F43/><W40/><G132/><T57/><D135/><U13/><E56/><V2/><F65/><W55/><G126/><T52/><D85/><U120/><E83/><V129/><F125/><W131/><G131/><N who="2" m="50185" /><F118/><W128/><G128/><T87/><D87/><U81/><E81/><V0/><F29/><W111/><G111/><T23/><D69/><U107/><E107/><V88/><F32/><W19/><G123/><T5/><D5/><U101/><E120/><V26/><F26/><W28/><G19/><T102/><D98/><U112/><E112/><V67/><F67/><W47/><G103/><T116/><D116/><U133/><E101/><N who="2" m="62767" /><F88/><W119/><G119/><T49/><AGARI ba="0,0" hai="12,16,23,49,52,57,58,63,66,72,75,93,96,102" machi="49" ten="20,12000,1" yaku="0,1,7,1,52,1,54,2" doraHai="10" who="0" fromWho="0" sc="250,120,250,-40,250,-40,250,-40" /><INIT seed="0,1,0,5,5,78" ten="370,210,210,210" oya="0" hai0="98,30,34,13,133,79,104,67,80,60,115,117,65" hai1="100,88,25,42,48,110,41,23,37,92,118,125,103" hai2="76,70,8,127,38,11,69,16,131,86,124,61,19" hai3="56,14,75,7,109,112,93,73,32,28,6,4,101"/><T68/><D115/><U84/><E37/><V119/><F38/><W128/><G112/><T120/><D117/><U44/><E118/><V55/><F119/><W72/><G109/><T49/><D120/><U39/><E110/><V36/><F36/><W15/><G128/><T20/><D49/><U1/><E1/><V123/><F123/><W105/><G105/><T99/><D67/><U51/><E125/><N who="2" m="48203" /><F131/><W62/><G32/><T87/><D133/><U40/><E39/><V43/><F43/><N who="1" m="16457" /><E48/><V91/><F76/><W81/><G28/><AGARI ba="1,0" hai="23,25,28,42,44,51,84,88,92,100,103" m="16457" machi="28" ten="30,2000,0" yaku="8,1,54,1" doraHai="78" who="1" fromWho="3" sc="370,0,210,23,210,0,210,-23" /><INIT seed="1,0,0,1,1,106" ten="370,233,210,187" oya="1" hai0="1,91,124,0,41,47,2,60,46,130,49,63,70" hai1="32,116,14,111,117,85,42,30,12,43,131,109,133" hai2="93,53,29,120,50,25,51,94,56,107,129,36,95" hai3="39,64,16,59,73,5,58,81,113,19,44,103,121"/><U69/><E69/><V4/><F120/><W134/><G121/><T75/><D75/><U97/><E133/><V125/><F36/><W77/><G113/><T54/><D130/><U15/><E131/><V9/><F129/><W26/><G134/><T122/><D122/><U7/><E7/><V83/><F107/><W65/><G103/><T90/><D124/><U84/><E97/><V20/><F125/><W23/><G5/><T135/><D135/><U110/><E30/><V31/><F83/><W82/><G82/><T21/><D21/><U35/><E84/><V3/><REACH who="2" step="1"/><F31/><REACH who="2" ten="370,233,200,187" step="2"/><W45/><G39/><T101/><D0/><U98/><E98/><V6/><F6/><W78/><G78/><T112/><D1/><U79/><E79/><V52/><F52/><W86/><G19/><T61/><D54/><U105/><E105/><V80/><F80/><W71/><G71/><T66/><D2/><U88/><E43/><V87/><F87/><W104/><G104/><T119/><D41/><U114/><E42/><V132/><F132/><W67/><REACH who="3" step="1"/><G86/><REACH who="3" ten="370,233,200,177" step="2"/><T28/><D70/><U118/><E114/><V57/><F57/><AGARI ba="0,2" hai="16,23,26,44,45,57,58,59,64,65,67,73,77,81" machi="57" ten="40,8000,1" yaku="1,1,2,1,52,1,54,1,53,0" doraHai="106" doraHaiUra="123" who="3" fromWho="2" sc="370,0,233,0,200,-80,177,100" /><INIT seed="2,0,0,1,2,116" ten="370,233,120,277" oya="2" hai0="31,0,50,112,21,96,40,48,132,45,71,107,79" hai1="52,131,102,91,122,55,80,3,12,62,92,106,100" hai2="61,103,6,23,49,120,70,89,129,86,7,114,13" hai3="36,83,110,67,37,73,28,76,109,44,39,22,25"/><V66/><F114/><W65/><REACH who="3" step="1"/><G44/><REACH who="3" ten="370,233,120,267" step="2"/><T115/><D45/><U117/><E117/><V11/><F129/><W33/><G33/><T128/><D112/><U121/><E131/><V127/><F127/><W27/><G27/><T56/><D115/><U125/><E125/><V43/><F120/><N who="1" m="46185" /><E3/><V1/><F103/><N who="1" m="39465" /><E106/><V90/><F86/><W88/><G88/><T97/><D107/><U9/><E62/><V32/><F32/><W126/><G126/><T34/><D0/><U63/><E63/><V57/><F43/><W111/><AGARI ba="0,1" hai="22,25,28,36,37,39,65,67,73,76,83,109,110,111" machi="111" ten="40,8000,1" yaku="21,2,0,1,14,1,53,0" doraHai="116" doraHaiUra="35" who="3" fromWho="3" sc="370,-20,233,-20,120,-40,267,90" /><INIT seed="3,0,0,2,4,8" ten="350,213,80,357" oya="3" hai0="96,73,99,29,54,53,81,0,37,20,85,116,108" hai1="50,28,100,94,103,39,135,67,25,64,98,55,47" hai2="7,68,86,27,118,13,63,79,6,120,107,34,4" hai3="11,102,112,129,10,134,125,71,72,31,123,76,104"/><W77/><G112/><T58/><D116/><U95/><E39/><V90/><F107/><W49/><G123/><T109/><D0/><U110/><E110/><N who="0" m="42601" /><D73/><U19/><E135/><V82/><F118/><W60/><G134/><T45/><D20/><N who="1" m="13471" /><E28/><V3/><F3/><W59/><G125/><T130/><D29/><U5/><E5/><V126/><F126/><W56/><G31/><T124/><D130/><U111/><E111/><V88/><F120/><W93/><G104/><T122/><D122/><U46/><E46/><V97/><F34/><W21/><G129/><T12/><D12/><U70/><E70/><V32/><F32/><W65/><G21/><T132/><D132/><U17/><E17/><V131/><F131/><W35/><G35/><T105/><D124/><U57/><E57/><V30/><F97/><AGARI ba="0,0" hai="47,50,55,64,67,94,95,97,98,100,103" m="13471" machi="97" ten="30,1000,0" yaku="8,1" doraHai="8" who="1" fromWho="2" sc="350,0,213,10,80,-10,357,0" owari="350,15.0,223,-17.7,70,-43.0,357,45.7" /></mjloggm>