<mjloggm ver="2.3"><GO type="225" lobby="0"/><UN n0="%E6%81%AC%E6%B7%A1%E5%AF%82%E5%AF%9E" n1="%6E%69%63%6F%6E%74%6F" n2="%E3%82%A2%E3%83%9E%E3%83%9D%EF%BD%9E%EF%BD%9E%E3%83%A9" n3="%E7%99%BD%E5%80%89%E5%AF%9B%E4%B9%8B" dan="16,16,17,16" rate="2133.54,2105.33,2083.94,2133.16" sx="F,M,M,M"/><TAIKYOKU oya="0"/><INIT seed="0,0,0,1,4,112" ten="250,250,250,250" oya="0" hai0="93,36,116,68,70,113,60,114,100,4,37,49,28" hai1="69,19,135,8,82,46,85,24,120,57,88,1,2" hai2="104,78,126,99,122,35,10,98,7,25,111,106,48" hai3="38,132,107,103,5,102,97,91,56,66,80,6,96"/><T117/><D4/><U42/><E120/><V119/><F48/><W71/><G38/><N who="0" m="14955" /><D28/><U127/><E127/><V118/><F126/><W125/><G71/><N who="0" m="27179" /><D93/><U21/><E135/><V58/><F58/><W89/><G125/><T53/><D100/><U43/><E69/><V84/><F111/><W39/><G39/><T87/><D87/><U32/><E46/><V54/><F54/><W83/><G132/><T73/><D73/><U26/><E57/><V17/><F122/><W130/><G56/><N who="0" m="32815" /><D60/><U110/><E2/><N who="2" m="375" /><F84/><W59/><G107/><N who="2" m="41001" /><F17/><W40/><G103/><T15/><D15/><U79/><E79/><V81/><F99/><W51/><G102/><T13/><D13/><U18/><E18/><V94/><F94/><W74/><G97/><T90/><D90/><U86/><E86/><V131/><F98/><W45/><G96/><T63/><D63/><U52/><E1/><V27/><F27/><W12/><G74/><T77/><D77/><U16/><E26/><V92/><F92/><W76/><G76/><T123/><D123/><U22/><E24/><V72/><F131/><W9/><G130/><T101/><D101/><U0/><E0/><V128/><F128/><W67/><G6/><T133/><D133/><U115/><E19/><V75/><F75/><W62/><G67/><T65/><D65/><U124/><E16/><V41/><F35/><W44/><G91/><T33/><D33/><U47/><E32/><V134/><F134/><W34/><G89/><T109/><D109/><U14/><E88/><V50/><F25/><W108/><G34/><T95/><D95/><RYUUKYOKU ba="0,0" sc="250,15,250,-15,250,15,250,-15" hai0="113,114,116,117" hai2="41,50,72,78,81,118,119" /><INIT seed="0,1,0,3,4,97" ten="265,235,265,235" oya="0" hai0="75,29,95,92,66,27,51,36,26,61,101,125,108" hai1="34,89,72,109,102,37,7,52,103,120,115,121,11" hai2="83,58,88,64,38,2,87,13,98,96,105,111,91" hai3="80,53,32,47,86,59,60,77,93,62,42,104,40"/><T56/><D36/><U54/><E34/><V44/><F2/><W135/><G104/><T68/><D75/><U25/><E37/><V50/><F38/><W73/><G32/><T63/><D51/><U133/><E72/><V43/><F111/><W16/><G135/><T31/><D125/><U49/><E109/><V70/><F70/><W74/><G62/><T6/><D6/><U57/><E133/><V131/><F105/><W8/><G47/><T79/><D79/><U0/><E115/><V22/><F131/><W132/><G132/><T28/><D108/><U20/><E89/><V46/><F46/><W69/><G69/><T126/><D126/><U39/><E39/><V41/><F41/><W45/><G45/><T113/><D113/><U24/><E24/><V119/><F91/><W124/><G124/><T107/><D27/><U33/><E33/><V110/><F119/><W55/><G55/><T76/><D76/><U71/><E71/><V84/><F84/><W118/><G118/><T48/><D48/><U128/><E128/><V10/><F22/><W134/><G134/><T5/><D26/><U19/><REACH who="1" step="1"/><E54/><REACH who="1" ten="265,225,265,235" step="2"/><V123/><F110/><W78/><G74/><T90/><D90/><U100/><AGARI ba="1,1" hai="0,7,11,19,20,25,49,52,57,100,102,103,120,121" machi="100" ten="30,16000,3" yaku="1,1,2,1,0,1,52,3,54,1,53,1" doraHai="97" doraHaiUra="14" who="1" fromWho="1" sc="265,-81,225,173,265,-41,235,-41" /><INIT seed="1,0,0,4,3,40" ten="184,398,224,194" oya="1" hai0="56,98,21,28,9,27,15,82,7,65,24,134,46" hai1="64,16,0,6,99,39,113,14,44,89,70,59,83" hai2="53,124,35,77,57,22,104,114,49,43,5,1,23" hai3="92,67,121,130,58,102,66,17,60,87,97,2,54"/><U123/><E113/><V118/><F118/><W116/><G2/><T85/><D134/><U112/><E123/><V61/><F35/><W55/><G121/><T18/><D98/><U109/><E112/><V42/><F104/><W107/><G116/><T34/><D65/><U111/><E0/><V93/><F124/><W126/><G126/><T19/><D56/><U13/><E6/><V115/><F5/><W117/><G117/><T63/><D63/><N who="1" m="38015" /><E70/><V128/><F1/><W71/><G130/><T125/><D125/><U131/><E131/><V100/><F77/><W96/><G87/><T3/><D19/><U94/><E83/><V31/><F128/><W119/><G119/><T37/><D27/><U47/><E39/><V103/><F31/><W122/><G122/><T80/><D85/><U73/><E73/><V91/><F115/><W81/><G81/><T10/><D10/><N who="1" m="6199" /><E14/><V41/><F61/><W33/><G33/><T110/><D110/><AGARI ba="0,0" hai="44,47,89,94,99,109,110,111" m="6199,38015" machi="110" ten="30,12000,1" yaku="14,1,10,1,52,2,54,1" doraHai="40" who="1" fromWho="0" sc="184,-120,398,120,224,0,194,0" /><INIT seed="1,1,0,5,0,42" ten="64,518,224,194" oya="1" hai0="88,134,64,15,23,75,131,101,33,56,99,129,72" hai1="73,25,58,8,46,45,30,82,9,10,59,1,61" hai2="128,112,102,14,16,130,2,97,109,105,111,12,86" hai3="20,81,44,19,93,103,51,60,133,68,28,47,40"/><U22/><E1/><V110/><F112/><W95/><G133/><T11/><D33/><U94/><E94/><V80/><F2/><W32/><G32/><T123/><D23/><U50/><E73/><N who="0" m="28233" /><D64/><N who="1" m="38967" /><E82/><V70/><F70/><W57/><G68/><T48/><D56/><U104/><E104/><V17/><F12/><W126/><G126/><T63/><D63/><U119/><E119/><V62/><F62/><W83/><G28/><T85/><D48/><U121/><E121/><V120/><F120/><W4/><G4/><T6/><D11/><U107/><E107/><V0/><F0/><W35/><G35/><T74/><N who="0" m="28241" /><T26/><DORA hai="18" /><D26/><U118/><E118/><V135/><F135/><W124/><G124/><T71/><D15/><U66/><E66/><V49/><F49/><N who="3" m="26759" /><G103/><T67/><D6/><U84/><E84/><V5/><F5/><W115/><G115/><T24/><D67/><U39/><E39/><V36/><F36/><W125/><G125/><T114/><D71/><U53/><AGARI ba="1,0" hai="8,9,10,22,25,30,45,46,50,53,59" m="38967" machi="53" ten="30,11700,0" yaku="8,1,52,3" doraHai="42,18" who="1" fromWho="1" sc="64,-40,518,120,224,-40,194,-40" /><INIT seed="1,2,0,5,2,57" ten="24,638,184,154" oya="1" hai0="4,15,34,131,114,25,103,115,99,22,109,107,10" hai1="41,97,90,133,119,106,40,83,36,1,43,54,110" hai2="16,98,87,28,52,105,11,91,33,53,31,30,23" hai3="14,113,64,58,81,127,82,123,67,5,88,51,63"/><U93/><E119/><V65/><F33/><W35/><G35/><T126/><D109/><U13/><E1/><V44/><F65/><W38/><G38/><T47/><D131/><U89/><E133/><V18/><F98/><W101/><G123/><T60/><D126/><U50/><E110/><V32/><F105/><W3/><G3/><T61/><D34/><U116/><E116/><V7/><F32/><W20/><G113/><T71/><D71/><U72/><E72/><V55/><F44/><W78/><G127/><T24/><D24/><U129/><E106/><V26/><F18/><N who="3" m="10327" /><G101/><T29/><REACH who="0" step="1"/><D47/><REACH who="0" ten="14,638,184,154" step="2"/><U96/><E129/><V69/><F69/><N who="3" m="42143" /><G78/><T56/><D56/><U80/><E36/><V111/><F111/><W45/><G58/><T122/><D122/><U59/><E13/><N who="2" m="5375" /><F30/><W120/><G45/><T132/><D132/><U125/><E125/><V128/><F128/><W85/><G120/><T68/><D68/><U66/><E66/><V6/><F6/><W77/><G67/><T112/><AGARI ba="2,1" hai="4,10,15,22,25,29,60,61,99,103,107,112,114,115" machi="112" ten="30,12000,2" yaku="1,1,0,1,52,2,53,3" doraHai="57" doraHaiUra="108" who="0" fromWho="0" sc="14,136,638,-62,184,-32,154,-32" /><INIT seed="2,0,0,1,5,3" ten="150,576,152,122" oya="2" hai0="24,42,15,133,48,93,85,88,80,54,96,119,113" hai1="49,130,66,115,33,61,25,117,95,12,120,89,8" hai2="108,20,47,0,97,76,110,124,123,38,13,71,23" hai3="26,94,1,39,81,28,109,121,64,35,2,32,16"/><V34/><F123/><W53/><G39/><T91/><D113/><U30/><E117/><V104/><F34/><W101/><G121/><T18/><D119/><U56/><E115/><V116/><F0/><W103/><G109/><N who="2" m="42089" /><F116/><W132/><G132/><T106/><D133/><U44/><E130/><V27/><F71/><W62/><G35/><T43/><D24/><U118/><E118/><V105/><F76/><W75/><G53/><T72/><D106/><U63/><E120/><V77/><F77/><W17/><G75/><T129/><D72/><U74/><E74/><V112/><F124/><W122/><G81/><T5/><D129/><U102/><E102/><V45/><F97/><W70/><G122/><T135/><D135/><U7/><E63/><V82/><F82/><W107/><G103/><T73/><D73/><U92/><E89/><V50/><F38/><W68/><G94/><T9/><D5/><U78/><E78/><V127/><F127/><W19/><G70/><T52/><D54/><AGARI ba="0,0" hai="7,8,12,25,30,33,44,49,54,56,61,66,92,95" machi="54" ten="30,2000,0" yaku="7,1,52,1" doraHai="3" who="1" fromWho="0" sc="150,-20,576,20,152,0,122,0" /><INIT seed="3,0,0,1,5,116" ten="130,596,152,122" oya="3" hai0="4,37,104,66,90,78,17,22,105,57,64,8,112" hai1="20,118,26,3,43,124,35,60,28,19,39,52,87" hai2="7,12,111,98,102,92,11,73,16,96,109,89,99" hai3="82,115,55,119,50,123,114,83,6,76,15,53,120"/><W106/><G6/><T125/><D37/><U85/><E118/><V56/><F73/><N who="3" m="43279" /><G15/><N who="0" m="5511" /><D104/><U107/><E107/><V129/><F129/><W80/><G50/><T91/><D105/><U127/><E3/><V81/><F81/><N who="3" m="31307" /><G53/><T36/><D78/><U108/><E108/><N who="2" m="41547" /><F102/><W45/><G55/><T9/><D36/><U51/><E39/><V97/><F56/><W41/><G45/><T100/><D100/><U121/><E43/><V10/><F10/><W88/><G41/><T42/><D42/><U79/><E60/><V69/><F69/><W32/><G32/><T48/><D9/><U101/><E35/><V72/><F72/><W24/><G24/><T65/><D57/><U113/><E28/><V95/><F95/><W103/><G119/><T54/><D65/><U18/><E26/><V131/><F131/><W59/><G59/><T126/><D64/><U38/><E20/><V122/><F122/><N who="3" m="46635" /><G88/><T132/><D90/><U21/><E19/><AGARI ba="0,0" hai="7,11,12,16,19,89,92,96,97,98,99" m="41547" machi="19" ten="30,2000,0" yaku="14,1,54,1" doraHai="116" who="2" fromWho="1" sc="130,0,596,-20,152,20,122,0" owari="130,-27.0,576,67.6,172,-2.8,122,-37.8" /></mjloggm>