<mjloggm ver="2.3"><GO type="225" lobby="0"/><UN n0="%E7%B4%94%E6%BD%94%E3%83%94%E3%83%A9%E3%83%8B%E3%82%A2" n1="%E6%B8%A9%E2%98%85%E6%83%85%E2%98%85%E6%8E%AA%E2%98%85%E7%BD%AE" n2="%E3%81%8B%E3%82%8F%E3%81%A1%E3%82%83%E3%82%93%35%38" n3="%E6%98%93%E5%88%A9%E8%96%A9%E4%BC%AF" dan="17,17,16,17" rate="2185.45,2180.17,2145.67,2179.85" sx="M,M,M,F"/><TAIKYOKU oya="0"/><INIT seed="0,0,0,2,4,14" ten="250,250,250,250" oya="0" hai0="122,59,80,113,103,22,101,86,32,124,120,31,89" hai1="116,118,34,106,121,41,13,114,6,83,40,3,94" hai2="123,68,82,62,90,48,28,125,92,134,72,117,126" hai3="20,70,127,52,7,135,51,102,42,66,73,57,56"/><T131/><D32/><U77/><E121/><V76/><F123/><W35/><G35/><T88/><D113/><U75/><E114/><V36/><F36/><W105/><G73/><T130/><D59/><U10/><E106/><V12/><F134/><W111/><G135/><T87/><D22/><U43/><E34/><V115/><F115/><W110/><G7/><T133/><D31/><U60/><E94/><V46/><F117/><W97/><G127/><N who="2" m="48649" /><F28/><W37/><G57/><T95/><D124/><U45/><E45/><V15/><F62/><N who="3" m="40279" /><G20/><T49/><D49/><U128/><E128/><N who="0" m="49193" /><D133/><U9/><REACH who="1" step="1"/><E60/><REACH who="1" ten="250,240,250,250" step="2"/><V74/><F68/><W26/><G26/><T71/><D71/><U61/><E61/><V100/><F100/><AGARI ba="0,1" hai="80,86,87,88,89,95,100,101,103,120,122" m="49193" machi="100" ten="30,11600,0" yaku="19,1,34,2,54,1" doraHai="14" who="0" fromWho="2" sc="250,126,240,0,250,-116,250,0" /><INIT seed="0,1,0,2,1,132" ten="376,240,134,250" oya="0" hai0="75,53,95,26,119,62,129,43,20,24,84,17,25" hai1="69,18,28,39,127,50,97,33,58,68,99,117,12" hai2="44,49,135,113,32,38,9,133,100,78,109,91,16" hai3="48,54,108,35,63,101,65,27,71,57,131,83,80"/><T102/><D75/><U128/><E39/><V93/><F113/><W36/><G108/><T118/><D43/><U72/><E117/><V98/><F109/><W86/><G131/><T1/><D1/><U64/><E72/><V126/><F32/><W88/><G36/><T29/><D129/><U76/><E76/><V105/><F38/><W114/><G114/><T3/><D3/><U122/><E122/><V30/><F30/><W124/><G101/><T22/><D25/><U115/><E128/><V103/><F78/><W106/><G106/><T73/><D73/><U13/><E115/><V89/><F89/><W52/><G124/><T70/><D53/><U112/><E28/><V120/><F120/><W61/><G27/><T87/><D87/><U67/><E33/><V60/><F60/><W6/><G6/><T19/><D29/><U23/><E69/><V11/><F103/><W81/><REACH who="3" step="1"/><G35/><REACH who="3" ten="376,240,134,240" step="2"/><T4/><D4/><U77/><E112/><V37/><F37/><W74/><G74/><T5/><D5/><U90/><E13/><V110/><F110/><W45/><AGARI ba="1,1" hai="45,48,52,54,57,61,63,65,71,80,81,83,86,88" machi="45" ten="20,8000,1" yaku="1,1,0,1,7,1,54,2,53,0" doraHai="132" doraHaiUra="116" who="3" fromWho="3" sc="376,-41,240,-21,134,-21,240,93" /><INIT seed="1,0,0,2,1,19" ten="335,219,113,333" oya="1" hai0="104,115,72,15,121,21,59,4,2,105,79,38,63" hai1="119,36,90,17,95,58,117,12,1,57,97,43,56" hai2="84,37,9,69,50,74,54,33,64,81,44,45,102" hai3="31,124,65,78,60,94,68,86,133,101,83,22,27"/><U26/><E1/><V113/><F33/><W28/><G133/><T96/><D38/><U127/><E127/><V47/><F74/><W7/><G124/><T88/><D115/><U51/><E36/><V91/><F113/><W29/><REACH who="3" step="1"/><G7/><REACH who="3" ten="335,219,113,323" step="2"/><T35/><D4/><U30/><E119/><V134/><F134/><W23/><G23/><T103/><D35/><U87/><E117/><V111/><F111/><W70/><G70/><T24/><D21/><N who="1" m="15695" /><E43/><V89/><F37/><W55/><G55/><T48/><D121/><U118/><E118/><V80/><F69/><W41/><G41/><T129/><D129/><U132/><E132/><V114/><F114/><W49/><G49/><T14/><D48/><U20/><E51/><V99/><F64/><W107/><G107/><T32/><D32/><U0/><E0/><V6/><F102/><W135/><G135/><T34/><D34/><U13/><E13/><V11/><F6/><W122/><G122/><T112/><D14/><U116/><E116/><V76/><F50/><W131/><G131/><T39/><D15/><U126/><E126/><V128/><F128/><W18/><G18/><T66/><D39/><U123/><E123/><V125/><F125/><W16/><G16/><T42/><D2/><U62/><E62/><V85/><REACH who="2" step="1"/><F54/><REACH who="2" ten="335,219,103,323" step="2"/><W8/><G8/><T82/><D112/><U106/><E106/><V77/><F77/><W130/><G130/><T75/><D104/><U100/><E100/><V46/><N who="2" m="11264" /><DORA hai="108" /><V53/><F53/><W61/><G61/><T52/><D63/><U109/><E109/><V92/><AGARI ba="0,2" hai="9,11,76,80,81,84,85,89,91,92,99" m="11264" machi="92" ten="40,8000,1" yaku="1,1,5,1,0,1,8,1,53,0" doraHai="19,108" doraHaiUra="10,120" who="2" fromWho="2" sc="335,-20,219,-40,103,100,323,-20" /><INIT seed="2,0,0,1,3,21" ten="315,179,203,303" oya="2" hai0="117,16,45,116,25,118,40,93,104,62,49,15,98" hai1="126,96,91,34,121,107,129,5,113,106,60,78,27" hai2="74,103,24,89,109,13,112,134,20,56,111,131,9" hai3="90,75,83,119,135,46,22,88,38,100,28,12,37"/><V10/><F112/><W94/><G119/><T133/><D133/><U85/><E113/><V108/><F74/><W47/><G135/><T81/><D81/><U31/><E129/><V55/><F134/><W68/><G68/><T72/><D72/><U41/><E126/><V132/><F132/><W52/><G100/><T64/><D104/><U130/><E130/><V61/><F131/><W29/><G75/><T8/><D25/><U86/><E121/><V82/><F103/><W80/><G12/><T76/><D76/><U32/><E32/><V73/><F13/><W110/><G22/><T39/><D39/><U43/><E5/><V105/><F105/><W122/><G94/><T84/><D84/><U70/><E78/><N who="2" m="44367" /><F89/><W71/><G71/><T33/><D33/><U57/><E107/><V50/><F61/><W66/><G52/><T17/><D17/><AGARI ba="0,0" hai="9,10,17,20,24,50,55,56,108,109,111" m="44367" machi="17" ten="30,5800,0" yaku="14,1,10,1,52,1" doraHai="21" who="2" fromWho="0" sc="315,-58,179,0,203,58,303,0" /><INIT seed="2,1,0,2,5,60" ten="257,179,261,303" oya="2" hai0="95,75,10,31,6,39,130,26,51,102,16,58,11" hai1="126,131,101,105,76,80,119,127,114,88,20,72,40" hai2="59,98,2,32,79,25,8,41,37,13,34,93,29" hai3="43,4,18,73,1,27,21,52,49,132,135,3,81"/><V115/><F115/><W62/><G43/><T45/><D75/><U64/><E40/><V133/><F133/><N who="3" m="51275" /><G4/><T46/><D130/><U74/><E20/><V33/><F79/><N who="3" m="44271" /><G62/><T68/><D68/><U44/><E44/><AGARI ba="1,0" hai="1,3,18,21,27,44,49,52" m="44271,51275" machi="44" ten="30,2000,0" yaku="20,1,54,1" doraHai="60" who="3" fromWho="1" sc="257,0,179,-23,261,0,303,23" /><INIT seed="3,0,0,1,2,135" ten="257,156,261,326" oya="3" hai0="114,7,116,101,94,92,91,104,112,76,84,90,16" hai1="73,118,5,32,61,50,38,80,134,19,100,52,115" hai2="40,22,119,66,45,79,39,131,42,6,15,29,81" hai3="24,126,111,110,3,37,64,82,130,26,36,74,83"/><W133/><G126/><T9/><D116/><U49/><E115/><N who="0" m="44073" /><D76/><U121/><E32/><V28/><F119/><W105/><G3/><T102/><D16/><U75/><E38/><V35/><F35/><W68/><G105/><T12/><D104/><U127/><E118/><V4/><F131/><W34/><G74/><T106/><D106/><U0/><E121/><V27/><F66/><W71/><G130/><T54/><D54/><U78/><E134/><V96/><F96/><AGARI ba="0,0" hai="7,9,12,84,90,91,92,94,96,101,102" m="44073" machi="96" ten="30,1000,0" yaku="11,1" doraHai="135" who="0" fromWho="2" sc="257,10,156,0,261,-10,326,0" owari="267,6.7,156,-34.4,251,-14.9,326,42.6" /></mjloggm>