<mjloggm ver="2.3"><GO type="225" lobby="0"/><UN n0="%E8%81%B7%E6%A5%AD%E3%80%81%E9%A2%A8%32" n1="%E3%83%A9%E3%82%B9%E7%8E%87%EF%BC%93%E5%89%B2" n2="%E5%91%A8%E6%9D%B1" n3="%4C%4F%4C%49%54%41" dan="16,17,17,16" rate="2146.27,2224.58,2145.22,2091.49" sx="M,F,M,F"/><TAIKYOKU oya="0"/><INIT seed="0,0,0,3,0,126" ten="250,250,250,250" oya="0" hai0="46,79,67,109,60,37,99,95,41,110,122,98,0" hai1="70,55,53,29,112,34,23,87,54,75,17,131,90" hai2="64,50,8,18,24,125,30,114,3,65,107,100,92" hai3="59,52,81,39,101,135,123,84,69,66,63,38,15"/><T49/><D122/><U7/><E75/><V91/><F125/><W116/><G116/><T22/><D0/><U28/><E70/><V13/><F114/><W111/><G111/><N who="0" m="42507" /><D79/><U20/><E34/><V94/><F3/><W44/><G135/><T72/><D72/><U58/><E7/><V36/><F36/><W89/><G123/><T76/><D76/><U47/><E47/><V85/><F107/><W134/><G134/><T97/><D22/><N who="1" m="8235" /><E131/><V129/><F129/><W108/><G108/><T120/><D120/><U21/><E58/><V51/><F24/><W117/><G117/><T80/><D80/><N who="1" m="49511" /><E112/><V42/><F30/><W83/><G44/><T10/><D10/><U45/><E45/><N who="2" m="25911" /><F51/><W124/><G124/><T77/><D77/><U12/><AGARI ba="0,0" hai="12,17,21,28,29,53,54,55" m="49511,8235" machi="12" ten="30,1100,0" yaku="8,1" doraHai="126" who="1" fromWho="1" sc="250,-5,250,11,250,-3,250,-3" /><INIT seed="1,0,0,3,4,99" ten="245,261,247,247" oya="1" hai0="19,62,102,107,114,81,125,71,56,12,18,68,57" hai1="89,106,15,13,118,24,46,50,119,30,104,63,29" hai2="95,127,20,33,110,48,108,64,109,94,44,86,39" hai3="100,3,25,55,16,17,82,101,121,74,130,84,87"/><U41/><E89/><V61/><F33/><W34/><G121/><T85/><D114/><U59/><E104/><V73/><F73/><W2/><G74/><T67/><D125/><U126/><E106/><V78/><F39/><W26/><G55/><T0/><D0/><U83/><E126/><V133/><F127/><W97/><G97/><T5/><D5/><U105/><E105/><V31/><F133/><W35/><REACH who="3" step="1"/><G82/><REACH who="3" ten="245,261,247,237" step="2"/><T88/><D107/><U76/><E119/><V32/><F86/><W36/><G36/><T60/><D102/><U129/><E118/><V37/><F37/><W113/><G113/><T40/><D40/><U42/><E41/><V21/><F95/><W72/><G72/><T96/><D96/><U80/><E83/><V53/><F94/><W112/><G112/><T58/><D58/><U120/><E120/><V38/><F38/><W54/><G54/><T79/><D79/><U132/><E80/><V6/><F78/><W27/><G27/><T65/><REACH who="0" step="1"/><D19/><REACH who="0" ten="235,261,247,237" step="2"/><U92/><E76/><V134/><F134/><W28/><G28/><T131/><D131/><AGARI ba="0,2" hai="2,3,16,17,25,26,34,35,84,87,100,101,130,131" machi="131" ten="25,12000,2" yaku="1,1,22,2,52,2,54,1,53,0" doraHai="99" doraHaiUra="9" who="3" fromWho="0" sc="235,-120,261,0,247,0,237,140" /><INIT seed="2,0,0,0,2,120" ten="115,261,247,377" oya="2" hai0="111,128,66,7,109,33,68,93,2,96,57,73,60" hai1="132,107,25,62,17,83,22,10,28,80,31,77,64" hai2="97,72,5,133,43,104,125,38,48,39,32,67,119" hai3="56,23,114,86,129,29,3,108,59,36,121,46,11"/><V117/><F72/><W100/><G121/><T35/><D128/><U112/><E112/><V12/><F32/><W92/><G108/><N who="0" m="41547" /><D73/><U71/><E132/><V27/><F27/><W98/><G86/><T9/><D68/><U51/><E107/><V54/><F67/><W1/><G23/><T123/><D123/><U58/><E10/><V85/><F85/><W15/><G92/><T42/><D42/><U87/><E80/><V89/><F43/><W106/><G46/><T88/><AGARI ba="0,0" hai="2,7,9,33,35,57,60,66,88,93,96" m="41547" machi="88" ten="30,8000,1" yaku="14,1,52,3,54,1" doraHai="120" who="0" fromWho="0" sc="115,80,261,-20,247,-40,377,-20" /><INIT seed="3,0,0,0,0,113" ten="195,241,207,357" oya="3" hai0="33,5,37,106,73,59,119,78,98,53,15,20,79" hai1="108,66,46,34,21,128,117,96,92,30,49,40,132" hai2="71,93,120,80,16,91,14,54,114,64,28,19,122" hai3="57,23,26,102,125,63,2,42,35,18,82,76,41"/><W81/><G2/><T126/><D33/><U13/><E108/><V87/><F114/><W121/><G125/><T8/><D126/><U95/><E128/><V25/><F54/><W77/><G102/><T43/><D119/><U68/><E132/><V65/><F80/><W3/><G3/><T107/><D73/><U24/><E117/><V104/><F104/><W58/><G58/><T48/><D20/><U32/><E95/><V62/><F65/><W9/><G35/><T0/><D0/><U74/><E74/><V130/><F130/><W12/><G77/><T17/><D5/><U29/><E13/><V10/><REACH who="2" step="1"/><F19/><REACH who="2" ten="195,241,197,357" step="2"/><W11/><G81/><T97/><D107/><U112/><E112/><V100/><F100/><W70/><G18/><T56/><D106/><U50/><E66/><V116/><F116/><W89/><G82/><T115/><D115/><U31/><E31/><V86/><F86/><W61/><G41/><T69/><D69/><U99/><E29/><V129/><F129/><W67/><G42/><T44/><REACH who="0" step="1"/><D59/><REACH who="0" ten="185,241,197,357" step="2"/><U39/><E68/><V52/><F52/><W109/><G57/><T101/><D101/><U124/><E124/><V135/><F135/><W60/><G70/><T94/><D94/><U51/><E92/><V27/><F27/><W123/><G26/><T45/><D45/><U133/><E133/><V90/><F90/><W7/><G89/><T4/><D4/><U103/><E103/><V105/><F105/><W83/><G7/><T22/><D22/><AGARI ba="0,2" hai="10,14,16,22,25,28,62,64,71,87,91,93,120,122" machi="22" ten="40,2600,0" yaku="1,1,54,1,53,0" doraHai="113" doraHaiUra="1" who="2" fromWho="0" sc="185,-26,241,0,197,46,357,0" owari="159,-34.1,241,-15.9,243,4.3,357,45.7" /></mjloggm>