<mjloggm ver="2.3"><GO type="225" lobby="0"/><UN n0="%EF%BC%AE%EF%BC%A1%EF%BC%AF%33%33%39" n1="%E6%81%A5%E6%99%92%E3%81%97" n2="%79%75%72%69%6D%6F%67" n3="%E5%B6%BA%E4%B8%8A%E5%92%B2" dan="16,16,16,16" rate="2107.84,2071.17,2180.76,2101.94" sx="M,M,F,F"/><TAIKYOKU oya="0"/><INIT seed="0,0,0,1,2,11" ten="250,250,250,250" oya="0" hai0="22,12,62,103,121,83,5,109,6,57,78,86,94" hai1="131,125,37,30,92,116,46,20,29,110,93,15,126" hai2="13,69,112,82,43,81,23,31,74,58,52,21,117" hai3="35,50,97,128,38,85,39,54,127,55,7,106,66"/><T71/><D121/><U14/><E116/><V130/><F69/><W108/><G35/><T47/><D71/><U89/><E110/><V59/><F112/><W113/><G113/><T84/><D47/><U123/><E123/><V36/><F74/><W118/><G118/><T51/><D51/><U88/><E131/><V73/><F73/><W63/><G127/><N who="1" m="48650" /><E46/><V115/><F115/><W70/><G128/><T18/><D109/><U120/><E37/><V26/><F130/><W114/><G114/><T77/><D103/><U133/><E133/><V1/><F1/><W124/><G124/><T87/><D94/><N who="1" m="36459" /><E120/><V2/><F2/><W44/><G108/><T101/><D101/><U80/><E80/><N who="2" m="30827" /><F36/><W0/><G85/><N who="0" m="32875" /><D78/><U119/><E119/><V90/><F90/><N who="1" m="34921" /><E20/><N who="2" m="15815" /><F59/><W27/><G39/><T64/><AGARI ba="0,0" hai="5,6,12,18,22,57,62,64,77,83,87" m="32875" machi="64" ten="30,3000,0" yaku="8,1,52,1" doraHai="11" who="0" fromWho="0" sc="250,30,250,-10,250,-10,250,-10" /><INIT seed="0,1,0,5,4,20" ten="280,240,240,240" oya="0" hai0="98,84,45,95,64,124,37,6,17,16,39,48,69" hai1="7,14,75,26,62,2,86,56,52,44,111,112,108" hai2="99,134,94,54,127,43,81,100,117,92,103,67,18" hai3="23,132,53,49,38,106,131,114,107,125,97,71,130"/><T78/><D6/><U123/><E123/><V35/><F134/><W9/><G114/><T65/><D39/><U90/><E75/><V27/><F127/><W76/><G38/><T110/><D37/><U42/><E2/><V31/><F67/><N who="0" m="25674" /><D69/><U129/><E129/><N who="3" m="49162" /><G71/><T55/><D124/><U61/><E112/><V40/><F117/><W119/><G125/><T126/><D126/><U87/><E62/><V116/><F116/><W25/><G132/><T77/><D110/><N who="1" m="42027" /><E90/><V34/><F34/><W63/><G76/><N who="0" m="29291" /><D84/><U21/><E14/><V133/><F81/><W58/><G119/><T30/><D30/><N who="1" m="17743" /><E7/><V32/><F133/><W68/><G9/><T73/><D73/><U11/><E11/><V109/><F35/><W4/><G4/><T72/><D72/><U46/><E42/><V89/><F109/><W13/><G68/><T0/><D0/><U115/><E115/><V80/><F18/><N who="3" m="12535" /><G13/><T28/><D28/><U85/><AGARI ba="1,0" hai="44,46,52,56,61,85,86,87" m="17743,42027" machi="85" ten="30,4000,0" yaku="14,1,52,1,54,1" doraHai="20" who="1" fromWho="1" sc="280,-21,240,43,240,-11,240,-11" /><INIT seed="1,0,0,2,0,129" ten="259,283,229,229" oya="1" hai0="41,111,13,52,98,69,97,126,5,40,51,134,34" hai1="70,90,7,47,110,132,74,102,115,44,60,128,59" hai2="73,127,53,100,66,91,16,14,48,130,21,123,26" hai3="38,36,25,103,101,85,57,67,55,27,9,50,88"/><U108/><E115/><V39/><F39/><W11/><G36/><T46/><D34/><U64/><E128/><V6/><F73/><W0/><G38/><T19/><D69/><U93/><E74/><V3/><F127/><W81/><G0/><T58/><D126/><U116/><E102/><N who="3" m="38922" /><G67/><T77/><D77/><U87/><E116/><V125/><F123/><W45/><G57/><T105/><D105/><U112/><E112/><V28/><F130/><W4/><G4/><T89/><D5/><U63/><E7/><V2/><F66/><W29/><G29/><T37/><D41/><U72/><E72/><V104/><F6/><W122/><G122/><T95/><D111/><N who="1" m="42539" /><E132/><V15/><F15/><W30/><G30/><T24/><D134/><U35/><E35/><V107/><F125/><W92/><G92/><T78/><D78/><U76/><E76/><V84/><F100/><W106/><G106/><T131/><D131/><U133/><E133/><V94/><F107/><W75/><G75/><T117/><D117/><U68/><E68/><V22/><REACH who="2" step="1"/><F104/><REACH who="2" ten="259,283,219,229" step="2"/><W109/><G109/><T18/><D24/><AGARI ba="0,1" hai="9,11,24,25,27,45,50,55,81,85,88" m="38922" machi="24" ten="30,2000,0" yaku="8,1,54,1" doraHai="129" who="3" fromWho="0" sc="259,-20,283,0,219,0,229,30" /><INIT seed="2,0,0,0,2,83" ten="239,283,219,259" oya="2" hai0="8,55,35,47,22,59,34,73,31,5,81,104,113" hai1="9,91,10,134,115,102,124,39,78,45,65,125,93" hai2="58,40,19,95,97,112,108,109,21,111,12,2,86" hai3="49,74,130,3,129,15,46,122,128,103,23,41,84"/><V133/><F2/><W42/><G74/><T110/><D104/><U92/><E115/><V27/><F112/><W56/><G3/><T132/><D113/><U71/><E78/><V96/><F40/><W57/><G122/><T68/><D68/><U53/><E134/><V101/><F133/><W48/><G103/><T33/><D132/><U51/><E102/><V87/><F97/><W4/><G84/><T69/><D69/><U17/><E39/><V11/><F58/><W118/><G118/><T66/><D66/><U127/><E17/><AGARI ba="0,0" hai="11,12,17,19,21,27,86,87,95,96,101,108,109,111" machi="17" ten="40,12000,1" yaku="14,1,10,1,52,2" doraHai="83" who="2" fromWho="1" sc="239,0,283,-120,219,120,259,0" /><INIT seed="2,1,0,2,1,82" ten="239,163,339,259" oya="2" hai0="91,117,118,127,25,101,67,72,40,97,128,108,14" hai1="39,131,13,75,66,38,125,111,12,17,9,109,28" hai2="1,99,84,21,135,7,88,119,107,48,59,77,33" hai3="110,42,61,36,45,113,35,23,19,6,98,78,68"/><V32/><F119/><W87/><G110/><T104/><D67/><U57/><E75/><V55/><F135/><W81/><G35/><T63/><D63/><U94/><E125/><V79/><F33/><W133/><G133/><T3/><D3/><U62/><E131/><V80/><F32/><W86/><G113/><T53/><D53/><U92/><E28/><V70/><F70/><W15/><G98/><T2/><D2/><U74/><E74/><V4/><F1/><W120/><G120/><T132/><D14/><U54/><E66/><V50/><F79/><W65/><G6/><T114/><D25/><U5/><E94/><N who="2" m="56775" /><F107/><W27/><G27/><T73/><D132/><U123/><E123/><V129/><F129/><W102/><G102/><T11/><D128/><U121/><E121/><V44/><F21/><W83/><G83/><T106/><D106/><U47/><E47/><V16/><F16/><W10/><G23/><T130/><D130/><U29/><E29/><V122/><F122/><W124/><G124/><T0/><D127/><U115/><E115/><V22/><F22/><W134/><G134/><T64/><D114/><U112/><E112/><V43/><AGARI ba="1,0" hai="4,7,43,44,48,50,55,59,77,80,84" m="56775" machi="43" ten="30,6000,0" yaku="8,1,52,1,54,1" doraHai="82" who="2" fromWho="2" sc="239,-21,163,-21,339,63,259,-21" /><INIT seed="2,2,0,2,3,112" ten="218,142,402,238" oya="2" hai0="83,64,14,103,62,108,71,42,96,111,132,31,39" hai1="123,97,134,20,89,69,21,102,8,19,60,55,116" hai2="10,54,114,99,34,75,93,41,67,81,80,51,6" hai3="38,37,16,27,24,78,0,65,77,117,11,88,105"/><V131/><F114/><W91/><G105/><T87/><D31/><U86/><E134/><V124/><F34/><W3/><G65/><T5/><D132/><U101/><E123/><V125/><F67/><W82/><G11/><T23/><D42/><U92/><E69/><V115/><F115/><W22/><G82/><T128/><D39/><U107/><E107/><V13/><F131/><W33/><G22/><T30/><D128/><U40/><E40/><V119/><F119/><W1/><G33/><T58/><D71/><U9/><E21/><V28/><F28/><W85/><G85/><T109/><D5/><U36/><E36/><N who="3" m="13930" /><G16/><N who="0" m="10647" /><D30/><U15/><E116/><V12/><F12/><W63/><G117/><T129/><D129/><U76/><E76/><N who="3" m="29290" /><G63/><T17/><D17/><U53/><E53/><V127/><F41/><W90/><AGARI ba="2,0" hai="0,1,3,24,27,88,90,91" m="29290,13930" machi="90" ten="40,5200,0" yaku="28,2,54,1" doraHai="112" who="3" fromWho="3" sc="218,-15,142,-15,402,-28,238,58" /><INIT seed="3,0,0,1,0,38" ten="203,127,374,296" oya="3" hai0="55,32,117,56,71,16,115,9,29,66,34,77,90" hai1="53,61,73,68,83,111,95,26,63,60,58,86,10" hai2="0,74,103,130,104,36,59,8,7,46,52,92,119" hai3="102,57,118,78,91,69,87,15,6,80,135,40,133"/><W21/><G69/><T45/><D117/><U48/><E111/><V42/><F119/><W72/><G118/><T132/><D77/><U67/><E73/><V4/><F4/><W75/><G57/><T100/><D100/><U127/><E127/><V89/><F74/><W2/><G2/><T12/><D132/><U126/><E126/><V121/><F121/><W5/><G102/><T128/><D128/><U81/><E68/><V94/><F130/><W17/><G72/><T107/><D107/><U65/><E26/><V85/><F103/><W116/><G116/><T14/><D29/><U84/><E10/><V108/><F108/><W51/><G133/><T25/><D25/><U134/><E95/><V3/><F3/><W41/><G135/><T43/><D115/><U50/><E134/><V70/><F70/><W11/><G51/><T19/><D90/><U35/><E35/><V30/><F30/><W97/><G97/><T22/><D66/><U28/><E28/><V105/><F94/><W24/><REACH who="3" step="1"/><G5/><REACH who="3" ten="203,127,374,286" step="2"/><T37/><REACH who="0" step="1"/><D71/><REACH who="0" ten="193,127,374,286" step="2"/><U18/><E18/><V54/><F105/><W101/><G101/><T123/><D123/><U88/><REACH who="1" step="1"/><E50/><AGARI ba="0,2" hai="9,12,14,16,19,22,32,34,37,43,45,50,55,56" machi="50" ten="30,12000,2" yaku="1,1,7,1,52,1,54,1,53,2" doraHai="38" doraHaiUra="31" who="0" fromWho="1" sc="193,140,127,-120,374,0,286,0" owari="333,13.3,7,-49.3,374,47.4,286,-11.4" /></mjloggm>