<mjloggm ver="2.3"><GO type="225" lobby="0"/><UN n0="%E3%83%94%E3%83%B3%E3%82%B5%E3%83%AD%E5%BA%97%E5%93%A1" n1="%E7%99%BD%E5%80%89%E5%AF%9B%E4%B9%8B" n2="%E3%82%A4%E3%83%BC%E3%82%B1%E3%83%97%E3%83%A9" n3="%E4%BF%BA%E3%81%A8%E5%A6%96%E5%A4%A2" dan="16,16,16,16" rate="2160.20,2133.64,2142.95,2135.06" sx="M,M,M,F"/><TAIKYOKU oya="0"/><INIT seed="0,0,0,0,4,89" ten="250,250,250,250" oya="0" hai0="59,51,47,16,135,99,71,125,10,130,110,14,122" hai1="4,50,66,79,91,11,46,52,64,12,96,39,35" hai2="63,45,90,126,121,65,2,87,32,67,94,25,97" hai3="28,117,88,119,23,70,53,8,109,116,58,75,24"/><T31/><D122/><U48/><E39/><V127/><F121/><W101/><G70/><T86/><D71/><U102/><E35/><V18/><F2/><W128/><G75/><T106/><D135/><U114/><E114/><V26/><F45/><W134/><G109/><T84/><D130/><U38/><E38/><V108/><F108/><W34/><G134/><T129/><D129/><U44/><E91/><V1/><F1/><W62/><G101/><T21/><D125/><N who="2" m="47626" /><F32/><W57/><G128/><T60/><D106/><U118/><E79/><V77/><F18/><W132/><G132/><T98/><D110/><U36/><E36/><V22/><F22/><W7/><G57/><T3/><D3/><U83/><E83/><N who="2" m="47599" /><F67/><W5/><G34/><T17/><D31/><U6/><E6/><V80/><F80/><W93/><REACH who="3" step="1"/><G8/><REACH who="3" ten="250,250,250,240" step="2"/><T72/><D72/><U56/><E118/><V40/><F40/><W27/><G27/><N who="0" m="14759" /><D59/><AGARI ba="0,1" hai="25,26,59,63,65,90,94,97" m="47599,47626" machi="59" ten="30,2000,0" yaku="18,1,52,1" doraHai="89" who="2" fromWho="0" sc="250,-20,250,0,250,30,240,0" /><INIT seed="1,0,0,3,4,50" ten="230,250,280,240" oya="1" hai0="73,36,91,83,41,94,43,47,71,6,78,116,75" hai1="19,11,131,13,93,8,84,56,113,134,49,86,127" hai2="29,112,72,95,62,74,31,68,35,87,88,82,125" hai3="37,117,89,12,85,114,9,118,111,129,63,54,24"/><U98/><E113/><V77/><F125/><W40/><G114/><T99/><D116/><N who="3" m="44649" /><G111/><T59/><D71/><U10/><E127/><V53/><F112/><W23/><G129/><T97/><D43/><U18/><E131/><V120/><F120/><W80/><G40/><T1/><D75/><U39/><E39/><V3/><F3/><W109/><G37/><T76/><D76/><U7/><E134/><V133/><F133/><W123/><G123/><T103/><D59/><U81/><E19/><V20/><F35/><W102/><G102/><T132/><D132/><U101/><E7/><V45/><F74/><W124/><G109/><T105/><D6/><U66/><E86/><V110/><F110/><W100/><G100/><T57/><D57/><U115/><E115/><V32/><F32/><W126/><G63/><T96/><REACH who="0" step="1"/><D1/><REACH who="0" ten="220,250,280,240" step="2"/><U69/><E69/><V17/><F68/><W55/><G126/><T33/><D33/><U121/><E121/><V67/><F72/><W65/><G124/><T92/><D92/><U48/><E66/><V21/><F95/><W128/><G65/><T15/><D15/><U25/><E25/><V0/><F77/><W61/><G128/><T58/><D58/><U2/><E2/><V52/><F0/><W22/><G24/><T51/><D51/><N who="1" m="19531" /><E56/><V27/><F67/><W26/><G61/><T64/><D64/><U70/><E70/><V104/><F62/><W46/><G46/><T79/><D79/><AGARI ba="0,1" hai="8,10,11,13,18,79,81,84,93,98,101" m="19531" machi="79" ten="30,1500,0" yaku="8,1" doraHai="50" who="1" fromWho="0" sc="220,-15,250,25,280,0,240,0" /><INIT seed="1,1,0,2,4,27" ten="205,275,280,240" oya="1" hai0="23,44,51,72,120,114,135,64,41,93,117,77,33" hai1="92,24,58,63,14,129,11,86,101,108,106,125,36" hai2="32,2,60,68,89,66,96,98,128,123,80,116,30" hai3="103,133,50,132,118,19,70,94,20,71,1,126,38"/><U87/><E36/><V73/><F116/><W61/><G38/><T115/><D117/><U56/><E106/><V105/><F123/><W43/><G1/><T104/><D33/><U100/><E125/><V62/><F2/><W67/><G118/><T4/><D104/><U102/><E129/><V10/><F128/><W84/><G126/><T52/><D120/><U12/><E108/><V21/><F21/><W17/><G70/><T37/><D135/><N who="3" m="51785" /><G20/><T95/><D64/><U48/><E24/><N who="2" m="18503" /><F62/><W18/><G84/><N who="1" m="32298" /><E92/><N who="2" m="56335" /><F10/><W76/><G76/><T7/><D23/><U75/><E75/><V28/><F73/><W79/><G79/><T8/><D95/><U121/><E121/><V42/><F80/><W6/><G94/><T111/><D93/><U0/><E0/><V46/><F42/><W124/><G124/><T113/><D111/><U90/><E90/><V65/><F65/><W99/><G99/><T16/><D77/><U59/><E63/><V3/><F3/><W74/><G74/><T119/><D72/><U53/><E11/><V57/><F46/><AGARI ba="1,0" hai="12,14,46,48,53,56,58,59,100,101,102" m="32298" machi="46" ten="30,1500,0" yaku="8,1" doraHai="27" who="1" fromWho="2" sc="205,0,275,18,280,-18,240,0" /><INIT seed="1,2,0,2,3,34" ten="205,293,262,240" oya="1" hai0="125,113,109,32,27,52,132,45,53,121,77,25,61" hai1="65,94,100,80,89,38,43,114,26,9,117,76,98" hai2="123,92,126,62,112,16,5,11,21,124,60,96,15" hai3="70,83,17,97,7,73,33,41,91,118,120,44,75"/><U119/><E114/><V128/><F123/><W42/><G120/><T104/><D113/><U116/><E65/><V31/><F31/><W50/><G70/><T72/><D121/><U51/><E26/><V58/><F112/><W23/><G33/><T40/><D104/><U30/><E30/><V57/><F128/><W111/><G111/><T6/><D109/><U101/><E38/><V108/><F108/><W71/><G71/><T46/><D132/><U67/><E67/><V130/><F130/><W106/><G118/><T55/><D125/><N who="2" m="48234" /><F62/><W13/><G42/><T85/><D72/><U129/><E129/><V133/><F60/><W131/><G131/><T102/><D102/><U115/><E115/><V107/><F107/><W37/><G37/><T95/><D61/><U48/><E9/><V28/><F28/><W0/><G106/><T59/><D59/><U103/><REACH who="1" step="1"/><E43/><REACH who="1" ten="205,283,262,240" step="2"/><V12/><F133/><W68/><G41/><T24/><D32/><U69/><E69/><V99/><F99/><W8/><G68/><T78/><D40/><U10/><E10/><V47/><F47/><N who="0" m="17930" /><D6/><U84/><AGARI ba="2,1" hai="48,51,76,80,84,89,94,98,100,101,103,116,117,119" machi="84" ten="40,3900,0" yaku="1,1,0,1,53,0" doraHai="34" doraHaiUra="105" who="1" fromWho="1" sc="205,-15,283,55,262,-15,240,-15" /><INIT seed="1,3,0,2,0,21" ten="190,338,247,225" oya="1" hai0="93,48,100,2,78,50,89,44,129,122,43,36,17" hai1="113,64,90,28,134,91,110,76,77,107,65,15,61" hai2="13,45,72,6,3,94,39,98,9,84,42,68,33" hai3="83,92,81,108,62,34,103,74,118,69,97,26,114"/><U99/><E113/><V120/><F120/><W80/><G114/><T32/><D2/><U31/><E134/><V49/><F72/><W58/><G108/><T125/><D122/><U126/><E110/><V88/><F68/><W59/><G118/><T19/><D32/><U104/><E61/><V128/><F33/><W56/><G69/><T51/><D129/><U119/><E15/><V35/><F35/><W41/><G41/><T71/><D71/><U123/><E123/><V14/><F128/><W29/><REACH who="3" step="1"/><G74/><REACH who="3" ten="190,338,247,215" step="2"/><T10/><D125/><U1/><E119/><V63/><F39/><W66/><AGARI ba="3,1" hai="26,29,34,56,58,59,62,66,80,81,83,92,97,103" machi="66" ten="30,12000,2" yaku="1,1,2,1,0,1,52,1,53,3" doraHai="21" doraHaiUra="53" who="3" fromWho="3" sc="190,-33,338,-63,247,-33,215,139" /><INIT seed="2,0,0,5,2,57" ten="157,275,214,354" oya="2" hai0="38,106,118,95,89,107,8,40,76,25,18,96,41" hai1="26,72,13,21,5,19,63,105,123,135,85,133,91" hai2="70,109,10,92,30,75,117,27,121,42,15,59,3" hai3="2,51,73,86,116,54,103,112,20,33,12,48,74"/><V50/><F117/><W134/><G116/><T87/><D118/><U125/><E72/><V131/><F121/><W46/><G33/><T65/><D38/><U31/><E105/><V80/><F70/><W44/><G2/><T93/><D107/><U77/><E77/><V37/><F3/><W0/><G0/><T84/><D106/><U4/><E123/><V64/><F131/><W108/><G108/><T98/><D65/><U122/><E122/><V43/><F37/><W94/><G134/><N who="1" m="51210" /><E63/><V124/><F124/><W7/><G112/><T78/><D25/><U61/><E61/><V114/><F114/><W88/><G103/><T16/><D89/><U82/><E125/><V115/><F115/><W128/><G128/><T11/><AGARI ba="0,0" hai="8,11,16,18,40,41,76,78,84,87,93,95,96,98" machi="11" ten="25,8000,1" yaku="0,1,22,2,8,1,54,1" doraHai="57" who="0" fromWho="0" sc="157,80,275,-20,214,-40,354,-20" /><INIT seed="3,0,0,1,4,103" ten="237,255,174,334" oya="3" hai0="115,49,44,8,23,21,70,83,2,19,124,34,135" hai1="33,72,63,56,116,32,39,114,120,22,71,99,90" hai2="106,127,66,67,16,68,61,107,5,48,123,130,129" hai3="125,82,112,133,121,58,15,74,126,30,97,108,0"/><W18/><G112/><T100/><D34/><U36/><E90/><V96/><F5/><W117/><G117/><T88/><D70/><U7/><E22/><V6/><F6/><W38/><G121/><T113/><D100/><U11/><E56/><V54/><F123/><W85/><G0/><T89/><D135/><U122/><E114/><N who="0" m="43529" /><D124/><U60/><E116/><V101/><F67/><W91/><G38/><T80/><D2/><U109/><E72/><V50/><F127/><N who="3" m="48651" /><G133/><T76/><D8/><U1/><E63/><V131/><F50/><W110/><G30/><T43/><D23/><U73/><E73/><V46/><REACH who="2" step="1"/><F16/><REACH who="2" ten="237,255,164,334" step="2"/><W134/><G18/><T10/><D10/><U26/><E11/><V77/><F77/><W104/><G15/><N who="0" m="9471" /><D83/><U79/><E120/><V47/><F47/><W28/><G82/><T25/><D25/><U12/><E26/><V62/><F62/><W81/><G134/><T111/><D111/><U9/><E109/><V95/><AGARI ba="0,1" hai="46,48,54,61,66,68,95,96,101,106,107,129,130,131" machi="95" ten="30,8000,1" yaku="1,1,0,1,19,1,52,2,53,0" doraHai="103" doraHaiUra="24" who="2" fromWho="2" sc="237,-20,255,-20,164,90,334,-40" /><INIT seed="4,0,0,0,2,25" ten="217,235,254,294" oya="0" hai0="130,9,66,82,53,46,64,62,134,129,21,103,40" hai1="61,57,115,51,135,20,125,90,71,128,49,87,47" hai2="42,120,79,60,17,31,80,84,99,6,34,11,68" hai3="10,3,59,88,91,13,8,18,30,76,126,89,23"/><T98/><D9/><U48/><E71/><V102/><F120/><W75/><G126/><T124/><D82/><U104/><E104/><V24/><F24/><N who="3" m="16671" /><G75/><T16/><D124/><U70/><E70/><V83/><F42/><W109/><G109/><T14/><D53/><U7/><E128/><N who="0" m="49257" /><D62/><U54/><E135/><V69/><F17/><W101/><G101/><T22/><D22/><U15/><E115/><V32/><F83/><W132/><G3/><T26/><D26/><U65/><E125/><V73/><F84/><W5/><G132/><T108/><D108/><U41/><E41/><V94/><F31/><W44/><G76/><T4/><D4/><U45/><E45/><V127/><F127/><W118/><G118/><T81/><D81/><N who="1" m="49519" /><E20/><V119/><F119/><W72/><G72/><T105/><D134/><U110/><E110/><V37/><F69/><W35/><G44/><T43/><D43/><U12/><E12/><V117/><F117/><W107/><G107/><T27/><D14/><U116/><E116/><V100/><F68/><W113/><G8/><AGARI ba="0,0" hai="7,8,15,47,48,49,51,54,57,61,65" m="49519" machi="8" ten="30,1000,0" yaku="8,1" doraHai="25" who="1" fromWho="3" sc="217,0,235,10,254,0,294,-10" /><INIT seed="5,0,0,5,5,16" ten="217,245,254,284" oya="1" hai0="54,3,80,38,92,46,99,10,76,62,35,134,37" hai1="48,75,66,58,122,44,9,96,57,126,70,29,63" hai2="74,13,81,84,89,127,64,1,98,133,4,106,73" hai3="101,118,5,79,18,6,40,77,21,93,83,68,71"/><U30/><E75/><V107/><F1/><W128/><G128/><T94/><D35/><U47/><E122/><V49/><F64/><W110/><G110/><T17/><D134/><U23/><E126/><V0/><F0/><W91/><G118/><T14/><D3/><U22/><E70/><V36/><F36/><W103/><G40/><T104/><D104/><N who="2" m="39978" /><F49/><W124/><G124/><T125/><D125/><U90/><E9/><V97/><F13/><N who="3" m="9423" /><G71/><T39/><D99/><N who="2" m="37898" /><F4/><W109/><G109/><T45/><D45/><N who="1" m="17483" /><E58/><V31/><F31/><N who="1" m="11785" /><E48/><V61/><F61/><W67/><G67/><T41/><D62/><U116/><E116/><V85/><F127/><W121/><G121/><T56/><D56/><U117/><E117/><V82/><F133/><W8/><G8/><T114/><D54/><U130/><E130/><V65/><F65/><W51/><G51/><T42/><D114/><U7/><E7/><V50/><F50/><W34/><G34/><T25/><D46/><U19/><E19/><V20/><F20/><W105/><G105/><T88/><D42/><U132/><E132/><V27/><F27/><W100/><G68/><T33/><D41/><U129/><E129/><V112/><F112/><W72/><G5/><T86/><REACH who="0" step="1"/><D76/><AGARI ba="0,0" hai="73,74,76,81,82,84,85,89" m="37898,39978" machi="76" ten="30,8000,1" yaku="35,5" doraHai="16" who="2" fromWho="0" sc="217,-80,245,0,254,80,284,0" owari="137,-36.3,245,-15.5,334,43.4,284,8.4" /></mjloggm>