<mjloggm ver="2.3"><GO type="225" lobby="0"/><UN n0="%E9%A6%AC%E5%BC%95%E7%81%AB%33" n1="%4C%4F%4C%49%54%41" n2="%72%65%6E%6B%75%6E" n3="%E3%81%99%E3%83%BC%5F%E9%88%B4%E6%9C%A8%E6%B5%A9%E5%B9%B3" dan="16,16,17,16" rate="2142.64,2098.49,2191.62,2088.08" sx="M,F,M,M"/><TAIKYOKU oya="0"/><INIT seed="0,0,0,0,3,82" ten="250,250,250,250" oya="0" hai0="126,109,65,19,30,127,54,32,74,8,97,84,132" hai1="17,115,107,40,88,71,49,72,36,61,4,35,22" hai2="122,87,131,27,10,7,13,95,76,81,31,66,23" hai3="46,9,16,85,83,47,75,5,104,39,62,113,125"/><T38/><D74/><U24/><E107/><V11/><F131/><W89/><G113/><T106/><D38/><U21/><E72/><V59/><F122/><W120/><G104/><T111/><D132/><U58/><E115/><V77/><F95/><W57/><G120/><T134/><D134/><U45/><E4/><V130/><F130/><W52/><G125/><N who="0" m="47627" /><D65/><U79/><E79/><V69/><F69/><W0/><G39/><T91/><D54/><U124/><E124/><V116/><F116/><W92/><REACH who="3" step="1"/><G16/><REACH who="3" ten="250,250,250,240" step="2"/><T105/><D19/><U101/><E36/><V68/><F10/><W41/><G41/><T80/><D8/><U20/><E17/><V118/><F118/><W53/><G53/><T55/><D55/><U14/><E40/><V34/><F11/><W29/><G29/><T128/><D128/><U63/><E24/><V26/><F26/><W123/><G123/><T86/><D106/><U56/><E61/><V100/><F27/><W102/><G102/><N who="0" m="62671" /><D30/><U1/><E63/><V78/><F31/><W28/><G28/><T3/><D32/><U112/><E35/><V37/><F34/><W43/><G43/><T93/><D3/><U42/><E1/><V96/><F100/><W90/><G90/><AGARI ba="0,1" hai="80,84,86,90,91,93,109,111" m="62671,47627" machi="90" ten="30,12000,1" yaku="18,1,34,2,52,2" doraHai="82" who="0" fromWho="3" sc="250,130,250,0,250,0,240,-120" /><INIT seed="0,1,0,5,1,64" ten="380,250,250,120" oya="0" hai0="72,41,56,106,52,110,18,96,121,65,12,76,135" hai1="75,13,123,104,103,91,20,95,117,5,55,11,82" hai2="49,71,54,113,128,66,114,111,77,16,131,130,120" hai3="126,87,70,69,100,45,47,3,83,7,26,9,63"/><T32/><D121/><U97/><E123/><V14/><F77/><W43/><G126/><T67/><D32/><U6/><E117/><V15/><F15/><W39/><G100/><T30/><D30/><U89/><E20/><N who="2" m="11287" /><F120/><W1/><G1/><T57/><D41/><U40/><E40/><V99/><F99/><W109/><G109/><T112/><D112/><U129/><E129/><V19/><F19/><W86/><G47/><T22/><D57/><U92/><E104/><V81/><F81/><W29/><G63/><T134/><D110/><U37/><E37/><V84/><F84/><W125/><G125/><T74/><D74/><U44/><E75/><V68/><F111/><W133/><G133/><N who="0" m="50699" /><D76/><U132/><E132/><V90/><F90/><N who="1" m="34313" /><E92/><V42/><F42/><W116/><G116/><T24/><D12/><U93/><E93/><V51/><F51/><W21/><REACH who="3" step="1"/><G86/><REACH who="3" ten="380,250,250,110" step="2"/><T108/><D108/><U102/><E44/><N who="2" m="27943" /><F66/><W8/><G8/><T10/><D10/><U28/><E11/><V115/><AGARI ba="1,1" hai="68,71,113,114,115,128,130,131" m="27943,11287" machi="115" ten="40,8000,1" yaku="19,1,52,2,54,1" doraHai="64" who="2" fromWho="2" sc="380,-41,250,-21,250,93,110,-21" /><INIT seed="1,0,0,4,4,55" ten="339,229,343,89" oya="1" hai0="51,121,33,59,66,72,98,115,71,38,80,127,2" hai1="68,128,124,83,87,118,84,73,74,35,37,15,60" hai2="6,116,16,82,96,93,132,134,28,3,103,101,81" hai3="112,40,64,45,135,79,11,107,106,14,19,99,86"/><U43/><E35/><V69/><F116/><W62/><G112/><T57/><D2/><U129/><E118/><V24/><F69/><W65/><G135/><N who="2" m="51753" /><F103/><W91/><G79/><T44/><D33/><U25/><E25/><V88/><F101/><W123/><G123/><T90/><D115/><U34/><E34/><N who="2" m="20743" /><F16/><W49/><G99/><T58/><D38/><U20/><E68/><V130/><F130/><W7/><G7/><T9/><D9/><AGARI ba="0,0" hai="3,6,9,81,82,88,93,96" m="20743,51753" machi="9" ten="30,2000,0" yaku="20,1,54,1" doraHai="55" who="2" fromWho="0" sc="339,-20,229,0,343,20,89,0" /><INIT seed="2,0,0,5,1,68" ten="319,229,363,89" oya="2" hai0="0,130,104,23,97,128,8,10,58,27,119,56,21" hai1="110,85,1,89,126,70,20,53,43,48,121,38,102" hai2="101,111,124,2,64,99,12,105,79,98,88,16,116" hai3="78,34,74,96,19,90,55,28,80,131,49,72,81"/><V117/><F2/><W103/><G131/><T87/><D87/><U17/><E1/><V133/><F64/><W66/><G66/><T47/><D0/><U61/><E110/><V44/><F111/><W93/><G34/><T69/><D47/><U7/><E7/><V45/><F79/><W14/><G28/><T71/><D97/><U125/><E121/><V127/><F133/><W100/><G81/><T112/><D27/><U62/><E102/><V50/><F117/><W60/><G72/><T30/><D30/><U94/><E70/><V54/><F45/><W33/><G60/><T46/><D46/><N who="1" m="23927" /><E53/><V92/><REACH who="2" step="1"/><F116/><REACH who="2" ten="319,229,353,89" step="2"/><W24/><G78/><T123/><D119/><U32/><E126/><V118/><F118/><W132/><G132/><T22/><D123/><U84/><E125/><V51/><F51/><W52/><G49/><T65/><D65/><U35/><E48/><V134/><F134/><W122/><G122/><T41/><D112/><U82/><E61/><V115/><F115/><W6/><G74/><T108/><D108/><U91/><E62/><V135/><F135/><W26/><G55/><T29/><D128/><U37/><E37/><V113/><F113/><W77/><G52/><T36/><D36/><U107/><E107/><V25/><F25/><W4/><G26/><T59/><D104/><U120/><E120/><V129/><F129/><W106/><G106/><T73/><D130/><U5/><E5/><N who="3" m="2154" /><G24/><T13/><D71/><U86/><E35/><V42/><F42/><W39/><G39/><T75/><D41/><U57/><E32/><V67/><F67/><RYUUKYOKU ba="0,1" sc="319,-10,229,-10,353,30,89,-10" hai2="12,16,44,50,54,88,92,98,99,101,105,124,127" /><INIT seed="2,1,1,5,0,65" ten="309,219,383,79" oya="2" hai0="80,66,129,53,13,43,90,51,1,30,34,49,14" hai1="131,108,103,42,62,6,116,105,84,78,31,73,63" hai2="48,106,89,101,117,95,41,7,8,81,124,39,12" hai3="88,35,52,4,122,75,55,82,111,59,56,36,60"/><V17/><F117/><W19/><G122/><T50/><D1/><U69/><E116/><V9/><F124/><W76/><G36/><T114/><D114/><U68/><E73/><V23/><F39/><W26/><G111/><T61/><D129/><U99/><E131/><V54/><F41/><W2/><G2/><T24/><D43/><U96/><E108/><V33/><F33/><W28/><G4/><T121/><D121/><U5/><E42/><V11/><F106/><W98/><G19/><T67/><D53/><U127/><E127/><V93/><F101/><W123/><G123/><T45/><D67/><U94/><E31/><V104/><F104/><W21/><G98/><T58/><D45/><U112/><E105/><V85/><REACH who="2" step="1"/><F7/><REACH who="2" ten="309,219,373,79" step="2"/><W40/><G40/><T79/><REACH who="0" step="1"/><D90/><REACH who="0" ten="299,219,373,79" step="2"/><U15/><E112/><V134/><F134/><W32/><REACH who="3" step="1"/><G88/><REACH who="3" ten="299,219,373,69" step="2"/><T133/><D133/><U92/><E103/><V118/><F118/><W0/><G0/><T102/><D102/><U107/><E78/><V37/><F37/><W22/><G22/><T77/><D77/><U130/><E130/><V70/><F70/><W128/><G128/><T71/><D71/><U97/><E68/><V20/><F20/><W115/><G115/><T10/><D10/><U47/><E69/><V132/><F132/><W83/><G83/><T74/><AGARI ba="1,4" hai="13,14,24,30,34,49,50,51,58,61,66,74,79,80" machi="74" ten="30,2000,0" yaku="1,1,0,1,53,0" doraHai="65" doraHaiUra="16" who="0" fromWho="0" sc="299,63,219,-6,373,-11,69,-6" /><INIT seed="3,0,0,0,2,37" ten="362,213,362,63" oya="3" hai0="22,98,87,33,116,60,75,105,38,46,10,108,53" hai1="106,71,90,59,81,107,8,101,41,2,45,123,102" hai2="63,19,82,115,79,4,43,9,12,28,96,6,17" hai3="99,86,103,78,18,127,20,135,70,62,77,49,109"/><W104/><G135/><T113/><D116/><U11/><E71/><V129/><F115/><W134/><G134/><T100/><D75/><U32/><E123/><V24/><F129/><W89/><G127/><T34/><D113/><U95/><E32/><V112/><F112/><W111/><G49/><T55/><D108/><N who="3" m="41545" /><G62/><T44/><D22/><U15/><E81/><V110/><F110/><W84/><G70/><T94/><D10/><U40/><E2/><V5/><F43/><N who="1" m="16457" /><E107/><V88/><F63/><W3/><G3/><T91/><D60/><U30/><E106/><V130/><F130/><W74/><G74/><T13/><D33/><U14/><E45/><V117/><F117/><W67/><G67/><T132/><D34/><U21/><E59/><V64/><F64/><W27/><G84/><T1/><D87/><N who="1" m="52703" /><E30/><V47/><F47/><W126/><G126/><T114/><D44/><U26/><E26/><V118/><F118/><W76/><G89/><T42/><D91/><U48/><E48/><V131/><F131/><W35/><G35/><T23/><D1/><U56/><E56/><V61/><F61/><W52/><G86/><T57/><D57/><U7/><E21/><N who="2" m="13375" /><F28/><W93/><G104/><T54/><D105/><U50/><E50/><V36/><F36/><W120/><G120/><T92/><D114/><U125/><E125/><V128/><F128/><W83/><G83/><T121/><D132/><U80/><E80/><V31/><F31/><W73/><G73/><T0/><D121/><U25/><E25/><V29/><F29/><W16/><G18/><AGARI ba="0,0" hai="7,8,11,14,15,18,101,102" m="52703,16457" machi="18" ten="30,7700,0" yaku="8,1,52,3" doraHai="37" who="1" fromWho="3" sc="362,0,213,77,362,0,63,-77" owari="362,46.2,290,-11.0,362,16.2,-14,-51.4" /></mjloggm>