<mjloggm ver="2.3"><GO type="225" lobby="0"/><UN n0="%E5%A4%8F%E9%88%B4%E9%88%B4%E5%A4%8F" n1="%E3%83%96%E3%83%83%E3%83%91%E3%82%AA%E3%83%96%E3%83%81%E3%82%AD%E3%83%B3" n2="%70%68%65%6E%6F%6D%65" n3="%E3%83%A9%E3%82%B9%E7%8E%87%EF%BC%93%E5%89%B2" dan="16,16,16,16" rate="2108.91,2073.28,2161.51,2175.80" sx="F,M,M,F"/><TAIKYOKU oya="0"/><INIT seed="0,0,0,5,2,132" ten="250,250,250,250" oya="0" hai0="15,100,56,123,90,43,77,105,118,82,64,130,16" hai1="99,70,67,87,39,52,71,135,41,13,47,93,37" hai2="108,104,97,33,84,81,44,89,94,19,36,2,86" hai3="28,57,106,69,35,79,5,131,55,76,38,1,122"/><T92/><D123/><U7/><E135/><V121/><F121/><W48/><G122/><T96/><D118/><U49/><E87/><V133/><F133/><W128/><G106/><T29/><D130/><N who="3" m="49705" /><G69/><N who="1" m="26122" /><E13/><V102/><F108/><W25/><G38/><N who="1" m="14346" /><E93/><V63/><F33/><W98/><G98/><T30/><D43/><U42/><E99/><V40/><F63/><W51/><G51/><T53/><D64/><U18/><E18/><V61/><F61/><W83/><G83/><T17/><D90/><U114/><E7/><V78/><F2/><W115/><G115/><T31/><D15/><U50/><E114/><V101/><F19/><W116/><G116/><T11/><D11/><AGARI ba="0,0" hai="1,5,11,25,28,35,48,55,57,76,79" m="49705" machi="11" ten="30,1000,0" yaku="19,1" doraHai="132" who="3" fromWho="0" sc="250,-10,250,0,250,0,250,10" /><INIT seed="1,0,0,4,1,49" ten="240,250,250,260" oya="1" hai0="91,93,103,128,15,87,124,85,10,56,37,62,33" hai1="54,61,104,46,106,6,7,68,36,94,14,102,114" hai2="112,77,17,60,39,72,95,24,8,28,52,71,130" hai3="135,31,98,3,12,117,101,23,32,79,126,80,66"/><U16/><E114/><V58/><F112/><W134/><G3/><T109/><D109/><U100/><E106/><V88/><F130/><W2/><G2/><T45/><D128/><U113/><E113/><V132/><F132/><N who="3" m="50731" /><G126/><T82/><D33/><U115/><E104/><V20/><F39/><W34/><G66/><T22/><D124/><U118/><E118/><V84/><F71/><W11/><G117/><T4/><D103/><N who="1" m="39467" /><E68/><V81/><REACH who="2" step="1"/><F8/><REACH who="2" ten="240,250,240,260" step="2"/><W29/><G11/><T0/><D37/><U48/><E36/><V42/><F42/><W51/><G32/><T64/><D22/><N who="1" m="11543" /><E115/><V35/><F35/><W78/><G34/><T116/><D116/><U70/><E70/><V123/><F123/><W69/><G69/><T133/><D133/><U73/><E73/><V75/><F75/><W83/><G23/><T120/><D120/><U59/><E94/><V30/><AGARI ba="0,1" hai="17,20,24,28,30,52,58,60,72,77,81,84,88,95" machi="30" ten="30,12000,2" yaku="1,1,0,1,52,1,54,2,53,2" doraHai="49" doraHaiUra="25" who="2" fromWho="2" sc="240,-30,250,-60,240,130,260,-30" /><INIT seed="2,0,0,4,4,36" ten="210,190,370,230" oya="2" hai0="127,67,16,90,43,78,100,107,19,74,33,66,65" hai1="57,51,117,70,103,114,86,80,56,120,95,84,54" hai2="77,96,132,7,94,122,53,12,28,111,21,45,82" hai3="22,58,106,59,30,87,37,46,18,62,121,42,119"/><V92/><F122/><W9/><G121/><T23/><D33/><U20/><E120/><V39/><F132/><W0/><G119/><T52/><D127/><U13/><E117/><V85/><F111/><W116/><G116/><T1/><D1/><U8/><E114/><V79/><F79/><W31/><G106/><T60/><D107/><U15/><E70/><V129/><F129/><W50/><G37/><T130/><D100/><U125/><E125/><V35/><F35/><W2/><G59/><N who="0" m="34919" /><D74/><U32/><E32/><V131/><F131/><W40/><G87/><T118/><D118/><U101/><E20/><V27/><F96/><W6/><G2/><T115/><D115/><U123/><E15/><V10/><REACH who="2" step="1"/><F39/><REACH who="2" ten="210,190,360,230" step="2"/><W105/><G105/><T63/><D78/><N who="1" m="46103" /><E123/><V135/><F135/><W44/><G44/><T104/><D130/><U81/><E101/><V71/><F71/><W91/><G91/><T112/><D104/><U134/><E103/><V34/><F34/><W14/><REACH who="3" step="1"/><G42/><REACH who="3" ten="210,190,360,220" step="2"/><T4/><D43/><U11/><E134/><V47/><F47/><W3/><G3/><T88/><D112/><U124/><E124/><V75/><F75/><W24/><G24/><T89/><D90/><U128/><E128/><V68/><F68/><W76/><G76/><T25/><D89/><N who="1" m="53687" /><E57/><V72/><F72/><W109/><G109/><T97/><D88/><U49/><E56/><V108/><F108/><W69/><G69/><T98/><D97/><U93/><E81/><V110/><F110/><W38/><G38/><T48/><D98/><U5/><E93/><V26/><F26/><RYUUKYOKU ba="0,2" sc="210,-15,190,-15,360,15,220,15" hai2="7,10,12,21,27,28,45,53,77,82,85,92,94" hai3="0,6,9,14,18,22,30,31,40,46,50,58,62" /><INIT seed="2,1,2,0,4,55" ten="195,175,375,235" oya="2" hai0="25,45,89,115,41,119,43,120,51,15,69,107,53" hai1="63,54,130,10,59,4,56,101,39,62,110,36,47" hai2="37,95,60,12,46,99,72,48,79,82,133,134,118" hai3="50,87,123,5,21,117,52,35,73,96,64,34,44"/><V3/><F37/><W24/><G73/><T76/><D120/><U116/><E116/><V131/><F3/><W80/><G117/><T16/><D115/><U27/><E110/><V93/><F118/><W40/><G123/><T106/><D69/><U61/><E130/><V102/><F131/><W135/><G135/><N who="2" m="51721" /><F60/><W132/><G132/><T105/><D119/><U32/><E101/><V122/><F12/><W20/><G64/><T128/><D128/><U74/><E74/><V129/><F129/><W100/><G5/><T0/><D0/><U9/><E47/><V67/><F67/><W30/><G40/><T13/><D76/><U88/><E63/><V70/><F70/><W114/><G35/><T19/><D89/><U66/><E88/><V91/><F122/><W31/><G31/><T68/><D25/><U94/><E94/><N who="2" m="58743" /><F91/><W23/><G114/><T75/><D75/><U113/><E113/><V98/><F98/><W126/><G126/><T81/><D81/><U112/><E112/><V97/><F97/><W57/><G96/><T17/><REACH who="0" step="1"/><D68/><REACH who="0" ten="185,175,375,235" step="2"/><U1/><REACH who="1" step="1"/><E9/><REACH who="1" ten="185,165,375,235" step="2"/><V127/><F127/><W6/><G100/><T111/><D111/><U92/><E92/><V78/><F78/><W104/><G80/><T103/><D103/><U77/><E77/><V14/><F93/><W29/><G104/><T28/><D28/><AGARI ba="1,4" hai="1,4,10,27,28,32,36,39,54,56,59,61,62,66" machi="28" ten="40,8000,1" yaku="1,1,52,2,53,1" doraHai="55" doraHaiUra="26" who="1" fromWho="0" sc="185,-83,165,123,375,0,235,0" /><INIT seed="3,0,0,1,3,36" ten="102,288,375,235" oya="3" hai0="2,52,69,94,3,110,49,43,82,58,123,102,56" hai1="77,131,18,37,96,67,84,75,60,19,50,130,29" hai2="122,66,95,71,0,5,28,10,27,97,72,11,98" hai3="101,47,38,128,112,103,9,14,118,16,79,23,81"/><W87/><G112/><T107/><D123/><U64/><E37/><V44/><F72/><W105/><G118/><T13/><D110/><U73/><E29/><V61/><F122/><W17/><G128/><N who="1" m="49194" /><E50/><V85/><F44/><W31/><G105/><T63/><D69/><N who="1" m="42119" /><E67/><V90/><F11/><W135/><G135/><T108/><D108/><U91/><E96/><V106/><F106/><W8/><G31/><T134/><D134/><U57/><E57/><V40/><F40/><W99/><G99/><T109/><D109/><U104/><E104/><V88/><F90/><W46/><G9/><T6/><D107/><U39/><E39/><V121/><F121/><W129/><G129/><T65/><D13/><U41/><E41/><V93/><F93/><W30/><G30/><T74/><D6/><U133/><E133/><V35/><AGARI ba="0,0" hai="0,5,10,27,28,35,61,66,71,85,88,95,97,98" machi="35" ten="20,2700,0" yaku="0,1,7,1,54,1" doraHai="36" who="2" fromWho="2" sc="102,-7,288,-7,375,27,235,-13" owari="95,-40.5,281,8.1,402,50.2,222,-17.8" /></mjloggm>