<mjloggm ver="2.3"><GO type="225" lobby="0"/><UN n0="%E3%82%B2%E3%82%B9%E8%8C%82%E5%8B%9D" n1="%E3%83%96%E3%83%83%E3%83%91%E3%82%AA%E3%83%96%E3%83%81%E3%82%AD%E3%83%B3" n2="%E6%9D%B1%E9%A2%A8%E3%81%AE%E3%81%8D%E3%82%83%E3%81%B7%E3%81%95%E3%82%93" n3="%E5%B8%86%E7%AB%8B%E5%A4%8F%E8%A1%A3" dan="16,16,16,17" rate="2110.96,2125.25,2147.26,2257.21" sx="F,M,M,M"/><TAIKYOKU oya="0"/><INIT seed="0,0,0,5,1,94" ten="250,250,250,250" oya="0" hai0="64,132,43,123,86,62,9,49,117,69,125,48,112" hai1="133,85,131,38,57,114,39,34,134,12,126,81,61" hai2="108,100,116,18,46,63,97,135,78,113,17,59,73" hai3="83,110,82,29,21,92,4,14,32,109,27,5,88"/><T84/><D117/><U91/><E34/><V130/><F116/><W115/><G115/><T41/><D112/><U1/><E1/><V79/><F113/><W95/><G95/><T10/><D125/><U65/><E114/><V56/><F135/><N who="1" m="51721" /><E126/><V16/><F130/><W75/><G32/><T103/><D132/><U0/><E0/><V104/><F108/><N who="3" m="41579" /><G14/><T129/><D129/><U122/><E131/><V68/><F46/><W121/><G121/><T37/><D123/><U101/><E122/><V22/><F22/><W127/><G127/><T19/><D37/><N who="1" m="13835" /><E12/><V24/><F24/><W30/><G30/><T98/><D19/><U70/><E101/><V90/><F90/><W60/><G60/><T52/><D10/><U77/><E70/><V119/><F119/><W40/><G40/><T36/><D9/><U15/><E15/><V7/><F7/><N who="3" m="2635" /><G75/><T26/><D26/><U42/><E42/><V124/><F124/><W28/><G28/><T11/><D11/><U96/><E91/><V51/><F73/><W76/><G76/><T66/><D41/><U53/><E65/><V20/><F20/><W2/><G2/><T89/><D64/><U106/><E106/><V118/><F118/><W71/><G71/><T35/><D35/><U45/><E45/><V67/><REACH who="2" step="1"/><F68/><REACH who="2" ten="250,250,240,250" step="2"/><W13/><G13/><T72/><D69/><U120/><E120/><V3/><F3/><W50/><G50/><T8/><D48/><U25/><E25/><V44/><F44/><W105/><G105/><T99/><D49/><U47/><E47/><V6/><F6/><W128/><G128/><RYUUKYOKU ba="0,1" sc="250,-30,250,10,240,10,250,10" hai1="53,57,61,77,81,85,96" hai2="16,17,18,51,56,59,63,67,78,79,97,100,104" hai3="21,27,29,82,83,88,92" /><INIT seed="1,1,1,0,1,63" ten="220,260,250,260" oya="1" hai0="111,81,114,18,82,21,15,19,29,4,90,28,105" hai1="54,93,87,8,64,60,112,49,55,44,53,101,59" hai2="57,42,129,74,95,25,121,61,38,125,16,52,68" hai3="43,30,51,0,65,124,113,47,130,77,78,119,27"/><U83/><E112/><V92/><F121/><W110/><G113/><T31/><D114/><U6/><E101/><V66/><F74/><W67/><G0/><T97/><D111/><U72/><E93/><V26/><F129/><W70/><G110/><T69/><D69/><U120/><E72/><V73/><F73/><W127/><G130/><T62/><D4/><U118/><E118/><V131/><F131/><W84/><G70/><T50/><D62/><U40/><E120/><V99/><F125/><N who="3" m="48203" /><G119/><T108/><D108/><U98/><E98/><V96/><F96/><W45/><G45/><T75/><D75/><U126/><E126/><V3/><F3/><W76/><G84/><T107/><D105/><U89/><REACH who="1" step="1"/><E40/><REACH who="1" ten="220,250,250,260" step="2"/><V58/><F99/><W102/><G102/><T12/><D107/><U115/><E115/><V104/><F104/><W41/><G41/><T116/><D116/><U1/><AGARI ba="1,2" hai="1,6,8,44,49,53,54,55,59,60,64,83,87,89" machi="1" ten="20,7800,0" yaku="1,1,0,1,7,1,52,1,53,0" doraHai="63" doraHaiUra="14" who="1" fromWho="1" sc="220,-27,250,101,250,-27,260,-27" /><INIT seed="1,2,0,1,2,24" ten="193,351,223,233" oya="1" hai0="115,22,14,119,64,4,113,7,110,88,47,97,84" hai1="98,29,20,42,59,17,66,125,1,39,133,43,75" hai2="52,61,103,107,114,51,131,38,12,44,135,50,18" hai3="68,129,55,91,92,127,80,16,56,73,106,134,36"/><U101/><E75/><V60/><F135/><W23/><G127/><T117/><D97/><U15/><E133/><V85/><F131/><W132/><G106/><T90/><D64/><U130/><E130/><V46/><F114/><N who="0" m="43530" /><D47/><U86/><E125/><V74/><F74/><W63/><G36/><T94/><D22/><U3/><E39/><V78/><F38/><W118/><G68/><T116/><D14/><U128/><E128/><V57/><F107/><W9/><G129/><T27/><D27/><N who="1" m="16615" /><E1/><V58/><F103/><W126/><G126/><T111/><D7/><U121/><E3/><V108/><F108/><N who="0" m="41514" /><D4/><U19/><E98/><V33/><F33/><W93/><G118/><T2/><D2/><U70/><E15/><V0/><F0/><W79/><G9/><T5/><D5/><U53/><E66/><V25/><F25/><N who="3" m="14567" /><G93/><T122/><D90/><U120/><E17/><V95/><F95/><W11/><G11/><T123/><AGARI ba="2,0" hai="84,88,94,116,117,119,122,123" m="41514,43530" machi="123" ten="50,32000,5" yakuman="50" doraHai="24" who="0" fromWho="0" sc="193,326,351,-162,223,-82,233,-82" /><INIT seed="2,0,0,3,3,71" ten="519,189,141,151" oya="2" hai0="22,96,76,120,74,98,121,7,49,72,106,81,80" hai1="70,52,100,26,27,24,119,125,32,109,67,75,5" hai2="93,37,73,34,21,110,90,31,41,13,84,2,134" hai3="130,99,47,56,87,102,113,69,59,77,135,117,8"/><V33/><F73/><W45/><G69/><T20/><D7/><U118/><E75/><V40/><F2/><W19/><G117/><T15/><D49/><U62/><E109/><V85/><F110/><W4/><G130/><T89/><D15/><U91/><E32/><V133/><F85/><W127/><G127/><T6/><D6/><U16/><E125/><V60/><F60/><W28/><G28/><T57/><D57/><U14/><E5/><V116/><F116/><W111/><G111/><T128/><D128/><U122/><E122/><V86/><F86/><W105/><G135/><N who="2" m="51721" /><F40/><W78/><G19/><T3/><D89/><U38/><E119/><V43/><F43/><W18/><G18/><T0/><REACH who="0" step="1"/><D106/><REACH who="0" ten="509,189,141,151" step="2"/><U58/><E118/><V39/><F13/><W65/><G105/><T36/><D36/><N who="2" m="13898" /><F41/><W126/><G126/><T51/><D51/><U61/><E14/><V53/><F53/><W114/><G65/><T12/><D12/><U35/><E52/><V54/><F54/><W107/><G107/><T101/><D101/><U112/><E38/><V83/><F93/><W30/><G4/><T17/><D17/><U29/><E67/><V104/><F104/><W44/><G44/><T23/><D23/><U1/><E16/><V46/><F46/><W132/><G132/><T48/><D48/><U88/><E1/><V108/><F108/><W42/><G42/><T25/><D25/><AGARI ba="0,1" hai="21,25,31,33,34,83,84,90" m="13898,51721" machi="25" ten="30,11600,0" yaku="20,1,52,3" doraHai="71" who="2" fromWho="0" sc="509,-116,189,0,141,126,151,0" /><INIT seed="2,1,0,4,3,102" ten="393,189,267,151" oya="2" hai0="72,108,92,18,52,25,111,78,28,77,21,51,124" hai1="115,128,60,133,74,125,38,113,114,65,34,24,43" hai2="85,46,93,76,55,27,4,129,23,8,91,50,95" hai3="94,70,110,59,69,68,7,84,90,130,73,122,96"/><V126/><F126/><W1/><G122/><T32/><D124/><U134/><E125/><V132/><F132/><N who="1" m="50793" /><E74/><V37/><F129/><W71/><N who="3" m="17408" /><DORA hai="17" /><W123/><G123/><T56/><D92/><U112/><E128/><V11/><F37/><W118/><G130/><T119/><D119/><U80/><E115/><V30/><F76/><W121/><G121/><T9/><D9/><U57/><E80/><V0/><F11/><W3/><G73/><T131/><D131/><U14/><E14/><V10/><F10/><W127/><G127/><T116/><D116/><U117/><E117/><V99/><REACH who="2" step="1"/><F95/><REACH who="2" ten="393,189,257,151" step="2"/><W26/><G118/><T86/><D72/><U101/><E38/><V82/><F82/><W106/><G7/><T29/><D77/><U15/><E113/><V41/><F41/><W88/><G110/><N who="0" m="42027" /><D32/><U66/><E43/><V97/><AGARI ba="1,1" hai="0,4,8,23,27,30,46,50,55,85,91,93,97,99" machi="97" ten="30,11700,0" yaku="1,1,0,1,52,1,53,1" doraHai="102,17" doraHaiUra="135,89" who="2" fromWho="2" sc="393,-40,189,-40,257,130,151,-40" /><INIT seed="2,2,0,4,5,62" ten="353,149,387,111" oya="2" hai0="66,30,23,65,21,81,6,47,128,50,31,116,82" hai1="19,59,52,3,2,33,125,108,98,53,77,61,40" hai2="46,79,29,124,119,121,37,95,120,135,118,34,102" hai3="67,10,134,11,41,44,26,1,13,90,38,100,126"/><V117/><F79/><W39/><G134/><T96/><D128/><U22/><E33/><V8/><F8/><W122/><G122/><T93/><D116/><U88/><E108/><V115/><F95/><W113/><G113/><T45/><D6/><U58/><E125/><V75/><F102/><W83/><G126/><T51/><D93/><N who="1" m="56615" /><E40/><V71/><F124/><W16/><G100/><T105/><REACH who="0" step="1"/><D96/><REACH who="0" ten="343,149,387,111" step="2"/><U57/><E2/><V0/><F0/><W80/><G1/><T72/><D72/><U97/><E3/><V9/><F75/><W99/><G99/><T48/><D48/><U92/><E92/><V114/><F135/><W63/><G39/><T69/><D69/><U70/><E97/><V28/><F71/><W20/><G90/><T133/><D133/><U42/><E70/><V107/><F107/><AGARI ba="2,1" hai="21,23,30,31,45,47,50,51,65,66,81,82,105,107" machi="107" ten="25,8000,1" yaku="1,1,22,2,52,2,53,0" doraHai="62" doraHaiUra="132" who="0" fromWho="2" sc="343,96,149,0,387,-86,111,0" /><INIT seed="3,0,0,0,1,55" ten="439,149,301,111" oya="3" hai0="128,101,40,61,22,82,109,88,80,115,18,3,66" hai1="50,30,35,75,29,73,110,129,57,81,98,56,71" hai2="42,113,72,117,38,31,48,21,36,79,132,111,105" hai3="1,34,4,120,122,54,16,58,106,87,53,39,44"/><W97/><G34/><T78/><D109/><U63/><E110/><V2/><F2/><W13/><G1/><T32/><D128/><U19/><E129/><V93/><F105/><W100/><G4/><T134/><D134/><U125/><E125/><V70/><F113/><W60/><G87/><T20/><D32/><U112/><E112/><V24/><F70/><W83/><G83/><T27/><D3/><U74/><E35/><V103/><F111/><W33/><G33/><T28/><D115/><U95/><E81/><V64/><F132/><W124/><G124/><T85/><D101/><U17/><E71/><V91/><F103/><W96/><G96/><T46/><D61/><U131/><E131/><V43/><F64/><W14/><G14/><T51/><D66/><N who="1" m="39271" /><E74/><V69/><F69/><W15/><G15/><N who="0" m="9311" /><D78/><U102/><E75/><V45/><F42/><W25/><G25/><T119/><D119/><U99/><E73/><V59/><F117/><W114/><G114/><T133/><D133/><U130/><E99/><V89/><F89/><W12/><G12/><T65/><D65/><U9/><E130/><V76/><F72/><W104/><G104/><T8/><D80/><U37/><E37/><V10/><F10/><AGARI ba="0,0" hai="8,10,22,27,28,40,46,51,82,85,88" m="9311" machi="10" ten="30,2000,0" yaku="8,1,54,1" doraHai="55" who="0" fromWho="2" sc="439,20,149,0,301,-20,111,0" owari="459,55.9,149,-25.1,281,8.1,111,-38.9" /></mjloggm>