<mjloggm ver="2.3"><GO type="225" lobby="0"/><UN n0="%E5%91%A8%E6%9D%B1" n1="%E3%83%96%E3%83%83%E3%83%91%E3%82%AA%E3%83%96%E3%83%81%E3%82%AD%E3%83%B3" n2="%E3%81%BD%E3%81%A1%E3%81%9F%E3%81%93%E3%82%84" n3="%4C%4F%4C%49%54%41" dan="17,16,17,16" rate="2143.56,2159.16,2152.54,2094.71" sx="M,M,M,F"/><TAIKYOKU oya="0"/><INIT seed="0,0,0,4,5,26" ten="250,250,250,250" oya="0" hai0="133,72,2,102,104,108,99,4,121,43,62,40,42" hai1="129,68,130,123,14,50,65,118,93,76,34,105,44" hai2="83,59,114,88,47,94,111,70,39,8,56,109,75" hai3="103,0,127,24,29,41,17,101,25,58,46,54,66"/><T132/><D121/><U23/><E118/><V45/><F70/><W95/><G0/><T100/><D72/><U107/><E123/><V3/><F114/><W78/><G127/><T98/><D108/><N who="2" m="41546" /><F83/><W60/><G78/><T131/><D131/><N who="1" m="50187" /><E34/><V97/><F75/><W85/><G25/><T52/><D4/><U82/><E93/><V53/><F39/><W120/><G120/><T19/><D2/><U67/><E68/><V61/><F59/><W86/><G17/><T90/><D19/><N who="1" m="10743" /><E107/><V116/><F116/><W125/><G54/><T89/><D52/><N who="1" m="29767" /><E105/><V5/><AGARI ba="0,0" hai="3,5,8,45,47,53,56,61,88,94,97" m="41546" machi="5" ten="30,2000,0" yaku="14,1,54,1" doraHai="26" who="2" fromWho="2" sc="250,-10,250,-5,250,20,250,-5" /><INIT seed="1,0,0,4,5,77" ten="240,245,270,245" oya="1" hai0="24,37,125,49,32,16,127,111,129,30,107,53,36" hai1="73,27,80,4,5,105,70,109,85,14,135,31,28" hai2="114,128,134,66,115,18,113,3,43,82,110,88,95" hai3="15,11,21,99,23,89,20,57,67,121,97,46,38"/><U91/><E70/><V93/><F110/><W68/><G68/><T63/><D107/><U39/><E39/><V84/><F128/><W81/><G121/><T52/><D111/><U8/><E135/><V123/><F123/><W45/><G38/><T2/><D2/><U86/><E109/><V74/><F134/><W71/><G71/><T92/><D129/><U47/><E105/><V76/><F3/><W26/><G26/><T118/><D92/><U112/><E112/><V33/><F33/><W132/><G132/><T83/><D118/><U133/><E133/><V117/><F117/><W12/><G12/><T17/><D37/><U61/><E73/><V130/><F130/><W19/><G97/><T116/><D36/><U102/><E102/><V40/><F66/><W55/><G67/><T35/><D35/><U119/><E119/><V22/><REACH who="2" step="1"/><F95/><REACH who="2" ten="240,245,260,245" step="2"/><N who="3" m="56815" /><G81/><T1/><D83/><N who="1" m="49599" /><E61/><AGARI ba="0,1" hai="11,15,19,20,21,23,45,46,55,57,61" m="56815" machi="61" ten="30,1000,0" yaku="8,1" doraHai="77" who="3" fromWho="1" sc="240,0,245,-10,260,0,245,20" /><INIT seed="2,0,0,3,2,121" ten="240,235,260,265" oya="2" hai0="13,112,104,18,58,67,133,22,94,46,111,76,48" hai1="49,5,23,21,134,68,17,30,71,127,79,116,88" hai2="83,129,96,95,98,36,37,20,24,12,82,3,70" hai3="33,69,50,86,118,16,87,77,108,11,105,7,44"/><V0/><F70/><W27/><G118/><T103/><D112/><U78/><E116/><V65/><F65/><W122/><G122/><T123/><D123/><U15/><E134/><V120/><F120/><W100/><G69/><T101/><D104/><U72/><E127/><V41/><F129/><W4/><G77/><T80/><D133/><U90/><E5/><V85/><F12/><N who="3" m="7199" /><G33/><T113/><D113/><U31/><E72/><V61/><F61/><W60/><G105/><T35/><D94/><U28/><E71/><V119/><F98/><W74/><G100/><T29/><D29/><N who="1" m="11371" /><E68/><V117/><F0/><W124/><G74/><T99/><D99/><U47/><N who="1" m="11379" /><U57/><DORA hai="43" /><E57/><V115/><F3/><W114/><G124/><T8/><D35/><U107/><E107/><V132/><F132/><W45/><G4/><T63/><D8/><N who="1" m="6375" /><E78/><V51/><F36/><W89/><G7/><T84/><REACH who="0" step="1"/><D111/><REACH who="0" ten="230,235,260,265" step="2"/><U92/><E79/><N who="2" m="46303" /><F115/><W56/><G108/><T38/><D38/><U54/><E90/><N who="2" m="55415" /><F37/><W53/><G114/><T75/><D75/><U19/><E19/><N who="2" m="12319" /><F83/><W102/><G89/><T39/><D39/><U110/><E110/><V64/><F119/><W9/><G102/><T32/><D32/><U52/><E54/><AGARI ba="0,1" hai="13,18,22,46,48,54,58,63,67,76,80,84,101,103" machi="54" ten="30,8000,1" yaku="1,1,7,1,8,1,52,1,53,1" doraHai="121,43" doraHaiUra="128,14" who="0" fromWho="1" sc="230,90,235,-80,260,0,265,0" /><INIT seed="3,0,0,0,0,58" ten="320,155,260,265" oya="3" hai0="108,48,2,62,41,68,98,122,87,103,131,24,45" hai1="126,76,40,34,77,50,88,4,107,128,94,116,110" hai2="26,80,19,60,67,7,134,89,73,0,106,93,47" hai3="10,20,42,105,17,83,79,59,31,132,54,66,117"/><W1/><G117/><T113/><D122/><U27/><E107/><V71/><F106/><W123/><G123/><T74/><D74/><U72/><E116/><V90/><F134/><W86/><G105/><T127/><D2/><U114/><E114/><V9/><F47/><W61/><G132/><T109/><D113/><U63/><E110/><V37/><F37/><W129/><G129/><T75/><D75/><U52/><E128/><V115/><F115/><W100/><G100/><T92/><D131/><U112/><E112/><V35/><F93/><W119/><G42/><T57/><D68/><U5/><E126/><V69/><F69/><W3/><G119/><T53/><D127/><U29/><E4/><V91/><F19/><W78/><G31/><T124/><D124/><U55/><E5/><V44/><F44/><W32/><G32/><T28/><REACH who="0" step="1"/><D87/><REACH who="0" ten="310,155,260,265" step="2"/><U130/><E130/><V82/><REACH who="2" step="1"/><F73/><REACH who="2" ten="310,155,250,265" step="2"/><W14/><G86/><T12/><D12/><U81/><E76/><V18/><F18/><W36/><G79/><T23/><AGARI ba="0,2" hai="23,24,28,41,45,48,53,57,62,92,98,103,108,109" machi="23" ten="30,4000,0" yaku="1,1,0,1,52,1,53,0" doraHai="58" doraHaiUra="6" who="0" fromWho="0" sc="310,60,155,-10,250,-10,265,-20" owari="370,47.0,145,-35.5,240,-16.0,245,4.5" /></mjloggm>