<mjloggm ver="2.3"><GO type="225" lobby="0"/><UN n0="%E3%81%94%E3%81%BE%E6%B2%B9%E9%A3%B2%E3%81%BF%E5%A4%AA%E9%83%8E" n1="%E3%82%B3%E3%83%90%E3%83%AC%E3%82%A4" n2="%E3%81%BF%E3%81%BF%E3%81%9A" n3="%E4%BF%BA%E3%81%A8%E5%A6%96%E5%A4%A2" dan="16,16,17,16" rate="2087.86,2209.95,2162.31,2093.58" sx="M,M,M,F"/><TAIKYOKU oya="0"/><INIT seed="0,0,0,0,5,75" ten="250,250,250,250" oya="0" hai0="23,50,80,21,117,70,36,45,93,88,123,31,78" hai1="83,56,33,18,65,106,67,125,96,13,46,30,86" hai2="114,127,133,9,44,131,60,126,38,37,120,103,7" hai3="35,3,58,130,69,68,40,47,89,55,134,17,119"/><T71/><D117/><U5/><E125/><N who="2" m="47627" /><F120/><W79/><G119/><T57/><D123/><U11/><E33/><V14/><F114/><W77/><G35/><T42/><D70/><U85/><E30/><V27/><F133/><W2/><G134/><T32/><D71/><U20/><E106/><V6/><F131/><W94/><G130/><T92/><D92/><U26/><E96/><V129/><F129/><W16/><G68/><T66/><D32/><U90/><E56/><V102/><F27/><W124/><G69/><T113/><D113/><U84/><E46/><V135/><F135/><W59/><G3/><T95/><D95/><U91/><REACH who="1" step="1"/><E86/><REACH who="1" ten="250,240,250,250" step="2"/><V25/><F44/><W53/><G124/><T10/><D31/><U49/><E49/><V64/><F60/><N who="3" m="35919" /><G2/><T0/><D50/><U98/><E98/><V48/><F48/><N who="3" m="31207" /><G47/><T82/><D57/><U4/><E4/><V87/><F6/><W41/><G41/><T29/><D42/><U22/><E22/><V74/><F37/><W81/><G40/><T101/><D23/><U128/><E128/><V73/><F38/><W105/><G105/><T43/><D21/><U132/><E132/><V34/><F87/><N who="3" m="50415" /><G94/><AGARI ba="0,1" hai="5,11,13,18,20,26,65,67,83,84,85,90,91,94" machi="94" ten="30,3900,0" yaku="1,1,7,1,8,1,53,0" doraHai="75" doraHaiUra="104" who="1" fromWho="3" sc="250,0,240,49,250,0,250,-39" /><INIT seed="1,0,0,0,3,106" ten="250,289,250,211" oya="1" hai0="93,26,118,44,121,25,123,21,17,63,76,73,85" hai1="122,74,15,23,119,126,97,86,90,3,13,131,100" hai2="82,124,29,54,128,19,133,107,83,84,39,108,51" hai3="102,50,92,132,77,113,95,69,80,30,53,41,46"/><U16/><E3/><V47/><F107/><W48/><G113/><T31/><D118/><U33/><E33/><V37/><F108/><W57/><G69/><T94/><D85/><U43/><E119/><V116/><F116/><W68/><G68/><T28/><D17/><U27/><E122/><N who="0" m="46601" /><D44/><U35/><E131/><V18/><F128/><W11/><G132/><T2/><D63/><U38/><E126/><V32/><F124/><W56/><G30/><T64/><D64/><U1/><E1/><V89/><F133/><W125/><G125/><T49/><D49/><U115/><E115/><V12/><F18/><W0/><G102/><T130/><D2/><U103/><E103/><V24/><REACH who="2" step="1"/><F83/><REACH who="2" ten="250,289,240,211" step="2"/><W98/><G80/><N who="0" m="45071" /><D130/><U75/><E35/><AGARI ba="0,1" hai="21,25,26,28,31,35,93,94" m="45071,46601" machi="35" ten="30,2000,0" yaku="13,1,52,1" doraHai="106" who="0" fromWho="1" sc="250,30,289,-20,240,0,211,0" /><INIT seed="2,0,0,1,1,97" ten="280,269,240,211" oya="2" hai0="27,32,116,48,114,78,26,47,52,20,100,1,73" hai1="84,60,117,28,57,9,53,41,23,98,104,16,115" hai2="13,106,86,83,21,2,3,109,108,85,51,0,128" hai3="101,112,69,64,15,93,135,118,107,82,127,71,29"/><V81/><F106/><W63/><G118/><T121/><D121/><U79/><E117/><V68/><F68/><W87/><G135/><T122/><D114/><U61/><E115/><V102/><F102/><W123/><G123/><T37/><D1/><U8/><E41/><V88/><F51/><W74/><G112/><T89/><D89/><U30/><E98/><V14/><F128/><W133/><G133/><T42/><D122/><U72/><E61/><V77/><F21/><W80/><G127/><T90/><D90/><U49/><E49/><V6/><F6/><W129/><G71/><T91/><D91/><U50/><E60/><V120/><F120/><W7/><G29/><N who="1" m="11370" /><E72/><V59/><F59/><W94/><G74/><T92/><D78/><U103/><E103/><V45/><F45/><W125/><G125/><T110/><D73/><U46/><E46/><V36/><F36/><W22/><G129/><T11/><D100/><U62/><E104/><V18/><F18/><N who="3" m="10591" /><G82/><T12/><D37/><U113/><E62/><V65/><F65/><W126/><G126/><T99/><D47/><U35/><E35/><V95/><F83/><W24/><G107/><T17/><D32/><U70/><E70/><V105/><F105/><W40/><G40/><T5/><D42/><U38/><E38/><V119/><F119/><W4/><G101/><T56/><D116/><U43/><E43/><V124/><F124/><W58/><G69/><T44/><D44/><U33/><E33/><V67/><F67/><W111/><G64/><T96/><D56/><U55/><E113/><V131/><F131/><RYUUKYOKU ba="0,0" sc="280,-10,269,-10,240,30,211,-10" hai2="0,2,3,13,14,77,81,85,86,88,95,108,109" /><INIT seed="2,1,0,2,2,85" ten="270,259,270,201" oya="2" hai0="42,124,122,75,48,90,30,27,121,135,50,134,82" hai1="38,71,117,41,60,92,107,57,5,53,73,3,35" hai2="101,89,130,58,86,95,114,55,40,45,129,43,56" hai3="77,97,103,37,31,0,16,109,106,127,110,65,46"/><V21/><F114/><W80/><G0/><T133/><D75/><U111/><E35/><V112/><F112/><W28/><G65/><T1/><D1/><U76/><E107/><V19/><F101/><W96/><G127/><T61/><D61/><U102/><E117/><V119/><F119/><W6/><G6/><T68/><D68/><U29/><E29/><V81/><F81/><W88/><G46/><N who="0" m="25687" /><D50/><U34/><E34/><V84/><F84/><N who="3" m="50183" /><G37/><T120/><D82/><N who="1" m="45327" /><E71/><V18/><F18/><W23/><G77/><T79/><D79/><U74/><E74/><V49/><F58/><W12/><G97/><T99/><D99/><U59/><E59/><V98/><F98/><W113/><G113/><T131/><D90/><U8/><E102/><V11/><F11/><W132/><G132/><T93/><D93/><U125/><E92/><V64/><F64/><W33/><G33/><N who="0" m="20703" /><D124/><U104/><E104/><V47/><F45/><W126/><G126/><T66/><D66/><U69/><E69/><V100/><F100/><W51/><G51/><T2/><D2/><U94/><E94/><V39/><REACH who="2" step="1"/><F43/><REACH who="2" ten="270,259,260,201" step="2"/><W72/><G72/><T116/><D116/><U67/><E125/><V15/><AGARI ba="1,1" hai="15,19,21,39,40,47,49,55,56,86,89,95,129,130" machi="15" ten="30,18000,2" yaku="1,1,2,1,0,1,25,2,52,1,53,1" doraHai="85" doraHaiUra="44" who="2" fromWho="2" sc="270,-61,259,-61,260,193,201,-61" /><INIT seed="2,2,0,0,0,42" ten="209,198,453,140" oya="2" hai0="86,13,1,43,73,126,12,44,15,79,50,131,87" hai1="85,70,33,94,108,98,6,18,114,4,128,56,92" hai2="120,63,71,22,91,133,7,72,19,54,130,88,40" hai3="32,41,9,53,66,135,24,123,3,2,80,122,37"/><V83/><F120/><W67/><G135/><T107/><D1/><U69/><E114/><V104/><F104/><W90/><G53/><T112/><D112/><U55/><E33/><V39/><F7/><W81/><G9/><T96/><D131/><U116/><E116/><V62/><F130/><W23/><G32/><T121/><D121/><U76/><E70/><V8/><F8/><W36/><G24/><T48/><D126/><U129/><E69/><V113/><F113/><W75/><G23/><T95/><D107/><U111/><E128/><V78/><F133/><W57/><G57/><T11/><D11/><U59/><E59/><V105/><F105/><W119/><G41/><T99/><D99/><U65/><E65/><V97/><F54/><W47/><G75/><T84/><D73/><U61/><E129/><V21/><F21/><W10/><G10/><T89/><D50/><U132/><E132/><V82/><F82/><AGARI ba="2,0" hai="12,13,15,43,44,48,79,82,84,86,87,89,95,96" machi="82" ten="40,2600,0" yaku="8,1,52,1" doraHai="42" who="0" fromWho="2" sc="209,32,198,0,453,-32,140,0" /><INIT seed="3,0,0,2,5,57" ten="241,198,421,140" oya="3" hai0="107,41,94,115,23,135,79,103,27,54,101,59,51" hai1="43,46,85,60,10,132,116,72,36,77,67,111,63" hai2="58,37,9,120,113,117,109,35,53,74,122,104,6" hai3="1,84,128,127,22,126,114,4,28,17,20,75,65"/><W73/><G114/><T25/><D107/><U33/><E116/><V15/><F113/><W106/><G106/><T40/><D135/><U89/><E132/><V21/><F117/><W49/><G128/><T110/><D110/><U0/><E111/><V87/><F109/><W95/><G28/><N who="0" m="17471" /><D79/><U81/><E33/><V61/><F74/><W133/><G133/><T29/><D115/><U44/><E44/><V64/><F37/><W56/><G4/><T39/><D39/><U16/><E67/><V62/><F35/><W26/><G1/><T90/><D27/><U30/><E30/><V48/><F104/><W50/><G75/><T5/><D5/><N who="1" m="1319" /><E16/><N who="2" m="10399" /><F64/><W98/><G73/><T123/><D123/><N who="2" m="47146" /><F87/><W14/><G84/><N who="0" m="52551" /><D29/><U52/><E52/><V3/><AGARI ba="0,0" hai="3,6,9,48,53,58,61,62" m="47146,10399" machi="3" ten="30,7900,0" yaku="13,1,52,2,54,1" doraHai="57" who="2" fromWho="2" sc="241,-20,198,-20,421,79,140,-39" owari="221,2.1,178,-22.2,500,60.0,101,-39.9" /></mjloggm>