<mjloggm ver="2.3"><GO type="225" lobby="0"/><UN n0="%43%68%65" n1="%E6%B4%BE%E9%81%A3%E3%81%AE%E3%82%B8%E3%83%A3%E3%83%83%E3%82%AF" n2="%E3%83%A9%E3%82%A4%E3%83%B3%E3%81%AE%E8%99%8E" n3="%73%61%6B%6F%EF%BC%A0%E6%9C%80" dan="16,17,16,17" rate="2213.95,2195.58,2147.29,2167.52" sx="M,M,M,M"/><TAIKYOKU oya="0"/><INIT seed="0,0,0,1,4,127" ten="250,250,250,250" oya="0" hai0="97,40,106,32,125,90,53,33,70,109,73,38,86" hai1="23,55,52,35,134,66,128,25,118,101,132,126,78" hai2="91,113,99,36,30,72,93,46,67,7,69,94,16" hai3="64,11,42,56,2,62,68,47,50,5,63,61,15"/><T131/><D70/><U49/><E118/><V89/><F113/><W3/><REACH who="3" step="1"/><G63/><REACH who="3" ten="250,250,250,240" step="2"/><T21/><D125/><U130/><E126/><V116/><F116/><W121/><G121/><T110/><D110/><U80/><E66/><AGARI ba="0,1" hai="2,3,5,11,15,42,47,50,56,61,62,64,66,68" machi="66" ten="30,7700,0" yaku="21,2,7,1,53,1" doraHai="127" doraHaiUra="0" who="3" fromWho="1" sc="250,0,250,-77,250,0,240,87" /><INIT seed="1,0,0,5,1,107" ten="250,173,250,327" oya="1" hai0="126,117,5,57,112,53,81,64,73,123,18,34,109" hai1="131,29,124,134,78,74,87,13,110,12,16,8,49" hai2="25,119,4,88,20,103,62,26,15,92,21,83,6" hai3="55,41,113,17,82,76,67,79,129,70,58,91,23"/><U68/><E68/><V132/><F119/><W56/><G113/><T71/><D112/><U93/><E124/><V39/><F39/><W97/><G129/><T72/><D117/><U52/><E131/><V1/><F1/><W27/><G41/><T89/><D34/><U46/><E29/><V130/><F132/><W114/><G114/><T63/><D126/><U10/><E134/><V80/><F103/><W30/><G70/><T48/><D109/><U28/><E28/><N who="2" m="17447" /><F62/><N who="3" m="38343" /><G30/><T19/><D5/><N who="2" m="2154" /><F15/><W102/><G102/><T3/><D3/><U42/><E110/><V40/><F40/><W50/><G82/><T116/><D116/><U135/><E135/><V61/><F61/><W37/><G37/><T77/><D89/><N who="1" m="53439" /><E74/><V59/><F59/><W95/><AGARI ba="0,0" hai="17,23,27,50,55,58,76,79,91,95,97" m="38343" machi="95" ten="30,1100,0" yaku="8,1" doraHai="107" who="3" fromWho="3" sc="250,-3,173,-5,250,-3,327,11" /><INIT seed="2,0,0,2,1,25" ten="247,168,247,338" oya="2" hai0="31,42,128,18,62,129,80,93,131,69,70,102,50" hai1="124,8,126,52,53,123,92,20,134,96,57,55,56" hai2="85,121,35,109,10,117,97,95,65,22,78,119,49" hai3="101,116,6,67,113,48,58,75,33,19,76,1,72"/><V11/><F35/><W59/><G116/><T26/><D18/><U2/><E134/><V61/><F121/><W87/><G33/><N who="0" m="20727" /><D80/><U89/><E123/><V111/><F49/><W16/><G113/><T68/><D62/><U122/><E122/><V63/><F22/><W135/><G1/><T74/><D74/><U5/><REACH who="1" step="1"/><E20/><REACH who="1" ten="247,158,247,338" step="2"/><V43/><F119/><W118/><G118/><T110/><D110/><U90/><E90/><V64/><F117/><W115/><G135/><T120/><D120/><U82/><E82/><V127/><F111/><W27/><G115/><T4/><D131/><U0/><E0/><V98/><F109/><W132/><G132/><T99/><D129/><U9/><E9/><V79/><F10/><W86/><G75/><T83/><D83/><U60/><E60/><V23/><F11/><W13/><G72/><T125/><D128/><U130/><E130/><V12/><F61/><W40/><G101/><T41/><D102/><U32/><E32/><V46/><F63/><W104/><G6/><T47/><D4/><U30/><E30/><V112/><F23/><W15/><G19/><T39/><D70/><U14/><E14/><V28/><F12/><W88/><G13/><T45/><D69/><U51/><E51/><V17/><F28/><W91/><G15/><T54/><D68/><U108/><E108/><V7/><F17/><W114/><G48/><T71/><D71/><U100/><E100/><V84/><F7/><W29/><G29/><T66/><D50/><U133/><E133/><V21/><F112/><W44/><G114/><T38/><D38/><RYUUKYOKU ba="0,1" sc="247,-10,158,30,247,-10,338,-10" hai1="2,5,8,52,53,55,56,57,89,92,96,124,126" /><INIT seed="3,1,1,1,0,127" ten="237,188,237,328" oya="3" hai0="51,7,65,9,62,113,92,79,25,130,10,42,78" hai1="109,125,52,44,36,66,26,64,38,126,94,68,118" hai2="76,39,110,85,19,108,86,43,2,98,49,90,106" hai3="28,4,12,102,0,67,83,135,69,50,54,103,31"/><W116/><G116/><T20/><D130/><U53/><E94/><N who="2" m="56663" /><F106/><W73/><G0/><T119/><D119/><U121/><E26/><V100/><F100/><W32/><G54/><N who="1" m="21098" /><E118/><V18/><F39/><N who="1" m="14889" /><E121/><V17/><F2/><W97/><G135/><T27/><D27/><U55/><E109/><N who="2" m="42091" /><F76/><W111/><G12/><T24/><D24/><U48/><E68/><V128/><F128/><W124/><G50/><T72/><D79/><U80/><E80/><V35/><F35/><W1/><G1/><T57/><D78/><U8/><E8/><V63/><F63/><W99/><G32/><T34/><D34/><U89/><E89/><V117/><F117/><W91/><G91/><T3/><D9/><U75/><E75/><V61/><F61/><W45/><G73/><T46/><D72/><U115/><E115/><V93/><F93/><W56/><G69/><T107/><D113/><U41/><N who="1" m="21106" /><U114/><DORA hai="101" /><E114/><V74/><F74/><W132/><G111/><T60/><D92/><U30/><E30/><V105/><F105/><W81/><G31/><T5/><D107/><U37/><E37/><V40/><F49/><W84/><G28/><T33/><D33/><U88/><E88/><V70/><F70/><W22/><G83/><T13/><D62/><U16/><E16/><V95/><F95/><W58/><G81/><T21/><D25/><U15/><E15/><V87/><AGARI ba="1,1" hai="17,18,19,40,43,85,86,87" m="42091,56663" machi="87" ten="40,1500,0" yaku="14,1" doraHai="127,101" who="2" fromWho="2" sc="237,-5,188,-5,237,28,328,-8" owari="232,-16.8,183,-31.7,265,6.5,320,42.0" /></mjloggm>