<mjloggm ver="2.3"><GO type="225" lobby="0"/><UN n0="%E3%81%8B%E3%82%8F%E3%81%A1%E3%82%83%E3%82%93%35%38" n1="%E3%81%BF%E3%81%BF%E3%81%9A" n2="%6B%69%72%61%64%6F%6B%69" n3="%EF%BC%AE%EF%BC%A1%EF%BC%AF%33%33%39" dan="16,17,16,16" rate="2149.14,2210.72,2165.85,2192.23" sx="M,M,M,M"/><TAIKYOKU oya="0"/><INIT seed="0,0,0,5,3,34" ten="250,250,250,250" oya="0" hai0="81,135,130,96,76,8,1,5,80,7,79,21,37" hai1="95,22,48,41,11,46,100,15,57,101,89,75,30" hai2="33,31,125,114,6,90,40,132,129,53,12,66,123" hai3="39,107,36,64,59,92,104,102,87,27,103,70,44"/><T32/><D32/><U55/><E75/><V61/><F114/><W54/><G70/><T86/><D130/><U131/><E131/><V3/><F129/><W122/><G64/><T94/><D135/><U2/><E2/><V78/><F123/><W51/><G27/><T69/><D37/><U29/><E22/><V84/><F132/><W113/><G113/><T105/><D69/><U128/><E128/><V24/><F125/><W98/><G122/><T99/><D105/><U62/><E29/><V110/><F110/><W43/><G39/><T93/><D21/><U47/><E47/><V117/><F117/><W63/><G102/><T133/><D133/><U19/><REACH who="1" step="1"/><E30/><REACH who="1" ten="250,240,250,250" step="2"/><V111/><F3/><W56/><G44/><T16/><D1/><U74/><E74/><V85/><F111/><W0/><G0/><T38/><D38/><U13/><E13/><V4/><F33/><W23/><G36/><T120/><D120/><U17/><E17/><V18/><F18/><W91/><G23/><T124/><D124/><U127/><E127/><V58/><F12/><W20/><G20/><T67/><D16/><U116/><E116/><V10/><F31/><W106/><G43/><T50/><D8/><U108/><E108/><V65/><F40/><W68/><G68/><T119/><D119/><U83/><E83/><N who="2" m="47223" /><F24/><W73/><G73/><T49/><D86/><AGARI ba="0,1" hai="11,15,19,41,46,48,55,57,62,86,89,95,100,101" machi="86" ten="30,3900,0" yaku="1,1,7,1,8,1,53,0" doraHai="34" doraHaiUra="28" who="1" fromWho="0" sc="250,-39,240,49,250,0,250,0" /><INIT seed="1,0,0,3,3,123" ten="211,289,250,250" oya="1" hai0="120,1,51,75,22,18,15,76,45,2,97,13,87" hai1="121,78,86,28,125,25,69,66,100,101,62,29,70" hai2="5,77,95,107,20,84,43,0,122,81,130,92,85" hai3="58,8,117,48,65,90,109,135,73,126,106,98,40"/><U131/><E121/><V11/><F122/><W35/><G35/><T12/><D120/><U79/><E125/><V17/><F107/><W3/><G73/><T82/><D75/><U31/><E131/><V27/><F130/><W110/><G126/><T112/><D112/><U108/><E108/><N who="3" m="41578" /><G135/><T93/><D1/><U41/><E41/><V83/><REACH who="2" step="1"/><F43/><REACH who="2" ten="211,289,240,250" step="2"/><W42/><G106/><T71/><D71/><U54/><E70/><V30/><F30/><W113/><G113/><T128/><D128/><U91/><E31/><V111/><F111/><W32/><G117/><T129/><D129/><U104/><E29/><V118/><F118/><W6/><G32/><T47/><D2/><U115/><E115/><V60/><F60/><N who="3" m="38039" /><G48/><T119/><D119/><U89/><E104/><V36/><F36/><W37/><G37/><T133/><D133/><U38/><E28/><V124/><F124/><W74/><G74/><T67/><D67/><U44/><E38/><V34/><F34/><W14/><G3/><T134/><D134/><U21/><E66/><V26/><F26/><W10/><G10/><T80/><D80/><U52/><E25/><V127/><F127/><W105/><G105/><T103/><REACH who="0" step="1"/><D45/><REACH who="0" ten="201,289,240,250" step="2"/><U94/><E44/><V46/><F46/><W19/><G42/><AGARI ba="0,2" hai="12,13,15,18,22,42,47,51,76,82,87,93,97,103" machi="42" ten="30,8000,1" yaku="1,1,2,1,7,1,8,1,53,1" doraHai="123" doraHaiUra="96" who="0" fromWho="3" sc="201,100,289,0,240,0,250,-80" /><INIT seed="2,0,0,4,2,41" ten="301,289,240,170" oya="2" hai0="110,47,46,111,122,15,38,61,81,130,123,53,133" hai1="21,20,31,23,43,18,119,113,55,106,58,127,131" hai2="117,104,42,17,89,91,97,1,134,36,69,35,37" hai3="51,74,132,116,76,103,11,90,52,66,48,49,32"/><V87/><F117/><W65/><G32/><T12/><D81/><U114/><E106/><V135/><F69/><W82/><G116/><T7/><D133/><N who="2" m="50698" /><F35/><W39/><G132/><T86/><D86/><U26/><E119/><V0/><F17/><W2/><G39/><N who="2" m="14921" /><F42/><W79/><G103/><T78/><D38/><U29/><E43/><V84/><F97/><W107/><G107/><T77/><D7/><U5/><E5/><V73/><F73/><W98/><G79/><T96/><D96/><U30/><E127/><V16/><F104/><W125/><G125/><T67/><D122/><U45/><E131/><V9/><F84/><W63/><G11/><T59/><D123/><U40/><E114/><V70/><F70/><W72/><G72/><T108/><D130/><U129/><E113/><V118/><F118/><W88/><G2/><N who="2" m="1129" /><F87/><W99/><G99/><T33/><D33/><U124/><E129/><V71/><F71/><W13/><G98/><T24/><D12/><AGARI ba="0,0" hai="9,12,16,89,91" m="1129,14921,50698" machi="12" ten="40,3900,0" yaku="20,1,54,1" doraHai="41" who="2" fromWho="0" sc="301,-39,289,0,240,39,170,0" /><INIT seed="2,1,0,0,3,127" ten="262,289,279,170" oya="2" hai0="43,27,49,55,119,107,66,68,97,14,0,64,104" hai1="112,3,17,82,37,11,31,131,122,33,60,42,126" hai2="50,89,135,74,91,35,12,52,9,108,26,103,38" hai3="73,28,124,77,32,59,98,19,70,13,46,34,110"/><V25/><F38/><W44/><G70/><T84/><D0/><U81/><E60/><V117/><F117/><W83/><G124/><T99/><D119/><U118/><E126/><V15/><F74/><W18/><G18/><T123/><D123/><U134/><E118/><V114/><F114/><W93/><G110/><T102/><D68/><U72/><E82/><V101/><F135/><W111/><G111/><T65/><D43/><U80/><E81/><V96/><F108/><W113/><G113/><T132/><D132/><U85/><E85/><V67/><F67/><W94/><G59/><T24/><D14/><N who="2" m="5162" /><F9/><W51/><G94/><T121/><D84/><U29/><E17/><V116/><F35/><W106/><G106/><T130/><D121/><U71/><E71/><V30/><F116/><W6/><G6/><T16/><D130/><U10/><E134/><V57/><F96/><W90/><G28/><T100/><REACH who="0" step="1"/><D16/><REACH who="0" ten="252,289,279,170" step="2"/><U105/><E122/><V128/><F128/><W40/><REACH who="3" step="1"/><G46/><AGARI ba="1,1" hai="24,27,46,49,55,64,65,66,97,99,100,102,104,107" machi="46" ten="40,5200,0" yaku="1,1,2,1,9,1,53,0" doraHai="127" doraHaiUra="8" who="0" fromWho="3" sc="252,65,289,0,279,0,170,-55" /><INIT seed="3,0,0,4,4,64" ten="317,289,279,115" oya="3" hai0="40,27,77,59,110,94,45,65,51,75,61,17,97" hai1="108,7,119,95,52,127,1,132,131,115,93,120,18" hai2="53,105,58,57,13,99,67,19,56,89,63,124,26" hai3="10,78,2,83,70,47,39,41,129,68,112,125,4"/><W133/><G112/><T30/><D110/><U113/><E7/><V85/><F124/><W135/><G125/><T109/><D109/><U81/><E18/><V106/><F26/><W104/><G104/><T123/><D123/><U84/><E52/><V33/><F33/><W121/><G121/><T107/><D107/><U100/><E1/><V20/><F99/><W102/><G102/><T79/><D75/><U80/><E120/><V103/><F103/><W122/><G122/><T114/><D17/><U48/><E48/><V36/><F36/><W73/><REACH who="3" step="1"/><G129/><REACH who="3" ten="317,289,279,105" step="2"/><T87/><D114/><U55/><E127/><V38/><F105/><W71/><AGARI ba="0,1" hai="2,4,10,39,41,47,68,70,71,73,78,83,133,135" machi="71" ten="40,36000,4" yaku="1,1,2,1,0,1,25,2,23,2,52,3,53,1" doraHai="64" doraHaiUra="32" who="3" fromWho="3" sc="317,-120,289,-120,279,-120,105,370" owari="197,-0.3,169,-23.1,159,-34.1,475,57.5" /></mjloggm>