<mjloggm ver="2.3"><GO type="225" lobby="0"/><UN n0="%E3%81%8B%E3%82%8F%E3%81%A1%E3%82%83%E3%82%93%35%38" n1="%E9%B7%B9%E5%80%89%E6%9D%8F%E9%88%B4" n2="%65%76%69%61%6E%36%31%39" n3="%4C%4F%4C%49%54%41" dan="16,16,16,16" rate="2165.20,2120.55,2028.29,2093.67" sx="M,F,M,F"/><TAIKYOKU oya="0"/><INIT seed="0,0,0,2,0,105" ten="250,250,250,250" oya="0" hai0="7,52,3,11,24,85,62,63,106,111,122,83,35" hai1="97,104,45,55,93,84,9,59,31,29,64,43,90" hai2="33,101,37,22,110,26,132,112,10,127,99,120,46" hai3="96,82,51,28,129,87,25,68,109,95,86,6,21"/><T39/><D39/><U69/><E69/><V75/><F112/><W91/><G68/><T60/><D122/><U102/><E64/><V0/><F120/><W41/><G109/><T23/><D106/><U49/><REACH who="1" step="1"/><E9/><REACH who="1" ten="250,240,250,250" step="2"/><V73/><F10/><W113/><G113/><T124/><D124/><U98/><E98/><V58/><F99/><W103/><G129/><T1/><D111/><U15/><E15/><V67/><F127/><W121/><G121/><T57/><D1/><U16/><E16/><V125/><F0/><W14/><G14/><T48/><D35/><U56/><E56/><V128/><F58/><W53/><G6/><T4/><D4/><U118/><E118/><V115/><F33/><W135/><G135/><T50/><D50/><AGARI ba="0,1" hai="29,31,43,45,49,50,55,59,84,90,93,97,102,104" machi="50" ten="30,2000,0" yaku="1,1,7,1,53,0" doraHai="105" doraHaiUra="8" who="1" fromWho="0" sc="250,-20,240,30,250,0,250,0" /><INIT seed="1,0,0,0,0,52" ten="230,270,250,250" oya="1" hai0="125,100,54,126,118,69,57,15,12,3,31,107,65" hai1="111,53,56,24,73,60,30,58,95,37,123,16,46" hai2="41,22,120,122,96,124,48,77,98,70,34,23,11" hai3="84,71,1,49,114,62,115,6,66,21,42,20,59"/><U40/><E123/><V13/><F34/><W112/><G1/><T47/><D3/><U63/><E73/><V104/><F70/><W91/><G6/><T131/><D118/><U36/><E111/><V105/><F124/><N who="0" m="47722" /><D131/><U129/><E129/><V90/><F77/><W110/><G110/><T19/><D31/><U97/><E36/><V133/><F90/><W76/><G76/><T108/><D108/><U2/><E2/><V64/><F64/><W38/><G84/><T113/><D113/><U0/><E0/><V51/><F13/><W18/><G91/><T75/><D75/><U14/><E24/><V99/><F41/><W55/><G18/><T44/><D65/><U128/><E128/><V132/><REACH who="2" step="1"/><F98/><REACH who="2" ten="230,270,240,250" step="2"/><W86/><G86/><T109/><D69/><U29/><E97/><V80/><F80/><W83/><G83/><T67/><D67/><U89/><E89/><V81/><F81/><W102/><G102/><T5/><D109/><U27/><E27/><V26/><F26/><W117/><G117/><T32/><D32/><U134/><E134/><V87/><F87/><W103/><G103/><T78/><D78/><U68/><E68/><V45/><F45/><AGARI ba="0,1" hai="20,21,38,42,45,49,55,59,62,66,71,112,114,115" machi="45" ten="40,5200,0" yaku="24,2,52,1" doraHai="52" who="3" fromWho="2" sc="230,0,270,0,240,-52,250,62" /><INIT seed="2,0,0,3,3,55" ten="230,270,188,312" oya="2" hai0="40,133,97,29,87,90,128,45,9,119,3,83,6" hai1="99,86,5,20,89,1,22,8,108,47,38,25,32" hai2="50,21,39,13,26,34,101,46,57,114,54,42,115" hai3="110,53,36,31,69,105,117,48,16,19,66,72,15"/><V14/><F101/><W93/><G105/><T27/><D133/><U122/><E108/><V78/><F78/><W28/><G117/><T61/><D128/><U18/><E122/><V111/><F34/><W81/><G36/><T82/><D119/><U88/><E99/><V92/><F92/><W41/><G41/><T24/><D83/><U58/><E32/><V134/><F134/><W60/><G110/><T118/><D118/><U12/><E38/><V121/><F121/><W91/><G81/><T106/><D29/><U0/><E47/><V123/><F123/><W71/><G69/><T23/><D23/><U63/><E20/><V64/><F111/><W127/><G72/><T17/><D17/><U33/><E33/><V74/><F74/><W75/><G127/><T84/><D84/><U124/><E124/><V96/><F96/><W112/><G19/><T7/><D7/><U77/><E77/><V132/><F132/><W35/><G75/><T51/><REACH who="0" step="1"/><D61/><REACH who="0" ten="220,270,188,312" step="2"/><U10/><E86/><V68/><F115/><W56/><G112/><T95/><D95/><U4/><E0/><V30/><F114/><W116/><G116/><T98/><D98/><U125/><E125/><V94/><F94/><W129/><G129/><T120/><D120/><U107/><E107/><V11/><F11/><N who="3" m="6271" /><G35/><T130/><D130/><U67/><AGARI ba="0,1" hai="1,4,5,8,10,12,18,22,25,58,63,67,88,89" machi="67" ten="20,5200,0" yaku="0,1,7,1,52,1,54,1" doraHai="55" who="1" fromWho="1" sc="220,-13,270,62,188,-26,312,-13" /><INIT seed="3,0,0,3,4,53" ten="207,332,162,299" oya="3" hai0="87,69,55,32,29,1,81,127,68,34,78,105,65" hai1="104,86,106,22,45,43,60,44,31,21,49,112,115" hai2="46,52,71,19,135,73,131,117,120,74,97,33,89" hai3="129,30,63,123,24,82,64,133,101,92,122,83,58"/><W134/><G129/><T12/><D1/><U2/><E2/><V91/><F117/><W118/><G118/><T37/><D37/><U98/><E86/><V14/><F71/><W26/><G101/><T20/><D105/><U90/><E60/><V61/><F33/><W70/><G92/><T51/><D127/><U113/><E90/><V94/><F135/><N who="3" m="51723" /><G70/><T25/><D65/><U41/><E98/><V62/><F120/><N who="3" m="46123" /><G24/><T100/><D100/><U77/><E77/><V107/><F107/><W5/><G5/><T84/><D84/><U128/><E115/><V6/><F6/><W10/><G10/><T17/><D32/><U15/><E128/><V0/><F0/><W67/><G64/><T28/><D28/><U79/><E79/><V27/><F27/><W40/><G40/><T66/><D66/><U57/><E31/><V4/><F4/><W8/><G8/><T11/><D51/><U50/><E15/><V124/><F124/><W47/><G47/><T59/><D11/><U93/><E93/><N who="2" m="56495" /><F74/><W23/><AGARI ba="0,0" hai="23,26,30,58,63,67,82,83" m="46123,51723" machi="23" ten="30,3000,0" yaku="20,1,52,1" doraHai="53" who="3" fromWho="3" sc="207,-10,332,-10,162,-10,299,30" owari="197,-20.3,322,12.2,152,-34.8,329,42.9" /></mjloggm>