<mjloggm ver="2.3"><GO type="225" lobby="0"/><UN n0="%E5%91%A8%E6%9D%B1" n1="%E5%A4%8F%E9%88%B4%E9%88%B4%E5%A4%8F" n2="%E9%A6%AC%E5%BC%95%E7%81%AB%33" n3="%E4%B8%89%E5%88%86%E5%B0%8F%E5%83%A7" dan="17,16,16,16" rate="2190.94,2130.77,2082.17,2046.72" sx="M,F,M,M"/><TAIKYOKU oya="0"/><INIT seed="0,0,0,2,1,65" ten="250,250,250,250" oya="0" hai0="21,115,16,63,120,101,118,86,73,121,56,9,62" hai1="8,36,97,3,39,42,104,1,57,27,91,60,28" hai2="37,23,29,59,98,43,75,12,11,0,14,83,54" hai3="50,70,84,48,108,61,112,94,13,47,85,78,25"/><T49/><D73/><U44/><E39/><V100/><F0/><W67/><G112/><T95/><D115/><U111/><E8/><V53/><F37/><W114/><G108/><T132/><D118/><U6/><E6/><V10/><F29/><W126/><G126/><T22/><D132/><U35/><E111/><V130/><F130/><W131/><G131/><T19/><D9/><U117/><E117/><V127/><F43/><W122/><G122/><T69/><D49/><U135/><E135/><V68/><F23/><W80/><G114/><T109/><D109/><U79/><E79/><V24/><F24/><W33/><G13/><T46/><D46/><U41/><E41/><V89/><F68/><W93/><G50/><T134/><D134/><U55/><REACH who="1" step="1"/><E91/><REACH who="1" ten="250,240,250,250" step="2"/><V123/><F127/><W106/><G106/><T105/><D105/><U88/><E88/><V15/><F89/><W77/><G78/><T129/><D129/><U72/><E72/><V116/><F116/><W66/><G77/><T17/><D121/><U128/><E128/><V99/><F123/><W58/><G84/><T51/><D120/><U90/><E90/><V82/><F10/><W2/><G85/><T20/><D86/><U7/><E7/><V5/><F5/><W133/><G133/><T76/><D76/><U110/><E110/><V38/><F38/><W71/><G80/><T96/><REACH who="0" step="1"/><D69/><REACH who="0" ten="240,240,250,250" step="2"/><U26/><E26/><V124/><F11/><W45/><G25/><T4/><D4/><U107/><E107/><V102/><F75/><W113/><G71/><T74/><D74/><U34/><E34/><RYUUKYOKU ba="0,2" sc="240,15,240,15,250,-15,250,-15" hai0="16,17,19,20,21,22,51,56,62,63,95,96,101" hai1="1,3,27,28,35,36,42,44,55,57,60,97,104" /><INIT seed="0,1,2,3,2,61" ten="255,255,235,235" oya="0" hai0="67,58,8,108,89,22,50,11,3,48,70,29,76" hai1="59,51,86,28,91,135,104,125,85,9,23,17,20" hai2="115,5,77,49,111,62,68,126,106,45,84,25,66" hai3="75,43,119,56,18,120,87,46,7,94,15,92,10"/><T27/><D3/><U80/><E104/><V128/><F115/><W16/><G75/><T21/><D70/><U57/><E135/><V40/><F111/><W74/><G74/><T19/><D108/><U64/><E125/><V73/><F126/><W124/><G124/><T118/><D76/><N who="1" m="46215" /><E9/><N who="0" m="3657" /><D118/><U0/><E0/><V105/><F73/><W103/><G119/><T133/><D89/><U44/><E64/><V113/><F113/><W100/><G120/><T4/><D4/><U60/><E60/><V132/><F132/><W130/><G130/><T116/><D133/><U24/><E23/><V90/><F128/><W32/><G32/><T117/><D116/><U6/><E28/><V83/><F5/><W38/><G56/><T53/><D117/><U39/><E39/><V78/><REACH who="2" step="1"/><F25/><REACH who="2" ten="255,255,225,235" step="2"/><W2/><G2/><T41/><D41/><N who="1" m="24975" /><E6/><V31/><F31/><W12/><G7/><T34/><D34/><U96/><E96/><V131/><F131/><W63/><G15/><N who="0" m="9471" /><D67/><U37/><E37/><V98/><F98/><W95/><G12/><T112/><D112/><U114/><E114/><V72/><F72/><W110/><G38/><T33/><D33/><U65/><E65/><V88/><F88/><W97/><G110/><T123/><D123/><U35/><E35/><V30/><F30/><W93/><G97/><T52/><D53/><U13/><E24/><V101/><F101/><W54/><G103/><T121/><D121/><U109/><E109/><V1/><F1/><W71/><G100/><T102/><D102/><U79/><E79/><AGARI ba="1,3" hai="40,45,49,62,66,68,77,78,79,83,84,90,105,106" machi="79" ten="40,2600,0" yaku="1,1,52,1,53,0" doraHai="61" doraHaiUra="26" who="2" fromWho="1" sc="255,0,255,-29,225,59,235,0" /><INIT seed="1,0,0,0,4,78" ten="255,226,284,235" oya="1" hai0="87,116,64,61,112,133,7,80,94,3,12,117,134" hai1="9,77,109,47,101,66,73,37,33,114,43,120,130" hai2="20,21,76,128,126,81,95,26,28,8,108,1,17" hai3="10,72,104,102,74,103,23,60,63,79,44,38,105"/><U50/><E120/><V89/><F128/><W29/><G10/><N who="0" m="4191" /><D3/><U93/><E114/><V16/><F108/><W14/><G38/><T122/><D94/><U51/><E130/><V35/><F126/><W91/><G91/><N who="0" m="51687" /><D112/><U58/><E109/><V111/><F111/><W100/><G44/><T62/><D122/><U86/><E33/><V132/><F132/><N who="0" m="50794" /><D61/><N who="1" m="38199" /><E73/><V45/><F45/><W52/><G74/><T106/><D106/><U96/><E37/><V69/><F1/><W83/><G105/><T55/><D55/><U67/><E67/><V57/><F8/><W88/><G104/><T113/><D113/><U70/><E70/><AGARI ba="0,0" hai="62,64,70,116,117" m="50794,51687,4191" machi="70" ten="30,2000,0" yaku="20,1,52,1" doraHai="78" who="0" fromWho="1" sc="255,20,226,-20,284,0,235,0" /><INIT seed="2,0,0,1,3,123" ten="275,206,284,235" oya="2" hai0="108,31,113,49,105,128,121,48,94,19,29,61,126" hai1="89,6,69,79,27,125,93,35,111,25,32,76,119" hai2="77,8,109,4,60,134,28,100,39,5,9,57,51" hai3="72,52,78,81,73,22,56,0,41,54,59,38,62"/><V46/><F134/><W114/><G0/><T110/><D105/><U86/><E119/><V131/><F39/><W82/><G114/><T43/><D113/><U99/><E125/><V13/><F131/><W17/><G38/><T11/><D121/><U26/><E69/><V65/><F28/><N who="0" m="10826" /><D128/><U133/><E133/><V129/><F129/><W127/><G41/><T74/><D74/><U96/><E6/><V116/><F116/><W47/><G47/><T97/><D61/><U30/><E30/><V55/><F77/><W132/><G127/><T101/><D43/><U18/><E18/><V118/><F118/><W104/><G104/><T92/><D92/><U16/><E16/><V71/><F100/><W90/><G132/><T23/><D11/><U107/><E111/><N who="0" m="42537" /><D126/><U15/><E15/><AGARI ba="0,0" hai="15,19,23,48,49,94,97,101" m="42537,10826" machi="15" ten="30,7700,0" yaku="14,1,52,3" doraHai="123" who="0" fromWho="1" sc="275,77,206,-77,284,0,235,0" /><INIT seed="3,0,0,5,1,105" ten="352,129,284,235" oya="3" hai0="106,55,74,123,109,70,45,39,56,72,81,24,130" hai1="100,47,13,90,10,20,95,135,23,60,5,93,88" hai2="120,127,27,12,99,78,86,25,6,131,7,133,75" hai3="30,67,49,36,132,125,73,9,122,43,32,76,15"/><W3/><G122/><T2/><D106/><U89/><E135/><V91/><F133/><W121/><G121/><T29/><D70/><U79/><E79/><V126/><F131/><W108/><G132/><T129/><D2/><U31/><E47/><V64/><F120/><W112/><G112/><T110/><D123/><U26/><E100/><V14/><F64/><W35/><G125/><N who="2" m="47625" /><F99/><W77/><G108/><N who="0" m="41579" /><D45/><U115/><E115/><V44/><F44/><W22/><G36/><T118/><D39/><U124/><E124/><V84/><F75/><N who="0" m="28714" /><D81/><U117/><E117/><V40/><F40/><W8/><G67/><T52/><D118/><U128/><E128/><N who="0" m="49257" /><D56/><U96/><E95/><V33/><F78/><W62/><G3/><T53/><D53/><U114/><E114/><V97/><F33/><AGARI ba="0,0" hai="24,29,33,52,55" m="49257,28714,41579" machi="33" ten="40,12000,2" yaku="14,1,19,1,52,3,54,1" doraHai="105" who="0" fromWho="2" sc="352,120,129,0,284,-120,235,0" owari="472,57.2,129,-37.1,164,-23.6,235,3.5" /></mjloggm>