<mjloggm ver="2.3"><GO type="225" lobby="0"/><UN n0="%E5%A4%8F%E9%88%B4%E9%88%B4%E5%A4%8F" n1="%E5%91%A8%E6%9D%B1" n2="%33%74%72%65%65" n3="%72%65%6E%6B%75%6E" dan="16,17,17,17" rate="2153.48,2205.09,2157.15,2212.24" sx="F,M,F,M"/><TAIKYOKU oya="0"/><INIT seed="0,0,0,1,0,107" ten="250,250,250,250" oya="0" hai0="87,83,21,48,23,36,54,15,76,3,19,51,97" hai1="33,58,57,62,82,49,106,117,56,77,44,90,115" hai2="66,45,59,32,27,95,55,108,128,41,28,9,16" hai3="69,98,100,26,129,103,111,43,91,78,120,85,17"/><T116/><D116/><U134/><E117/><V92/><F108/><W70/><G111/><T74/><D3/><U122/><E122/><V64/><F128/><W123/><G129/><T61/><D36/><U89/><E106/><V42/><F66/><W79/><G43/><T93/><D61/><U67/><E33/><V126/><F126/><W71/><G26/><T35/><D35/><U101/><E101/><N who="3" m="38986" /><G17/><T29/><D51/><U22/><E115/><V46/><F64/><W31/><G98/><T73/><D23/><U63/><E22/><V121/><F121/><N who="3" m="46667" /><G31/><T52/><D29/><U34/><E34/><V1/><F42/><W113/><G113/><T8/><D21/><U99/><E99/><V96/><F41/><W94/><AGARI ba="0,0" hai="69,70,71,78,79,85,91,94" m="46667,38986" machi="94" ten="40,1500,0" yaku="13,1" doraHai="107" who="3" fromWho="3" sc="250,-7,250,-4,250,-4,250,15" /><INIT seed="1,0,0,5,1,7" ten="243,246,246,265" oya="1" hai0="25,13,55,58,129,21,12,43,5,87,117,20,66" hai1="112,113,10,48,33,79,49,24,118,64,114,15,65" hai2="78,131,94,19,32,76,0,110,57,80,2,128,121" hai3="82,16,62,107,83,72,8,27,108,69,56,100,61"/><U40/><E118/><V124/><F121/><W111/><G69/><T30/><D117/><U91/><E79/><V38/><F110/><N who="3" m="42027" /><G72/><T28/><D129/><N who="2" m="49738" /><F124/><W104/><G61/><T85/><D43/><U102/><E102/><V93/><F38/><W6/><G100/><T54/><D66/><U63/><E91/><V26/><F57/><W125/><G125/><T105/><D105/><N who="3" m="40521" /><G6/><T45/><D45/><U11/><E64/><V18/><F94/><W36/><G36/><T109/><D109/><U42/><E33/><V88/><F93/><W29/><G29/><T68/><D68/><U41/><E24/><V53/><F26/><W132/><G132/><T77/><D25/><U86/><E86/><N who="2" m="50247" /><F32/><W67/><G27/><T90/><D58/><U4/><REACH who="1" step="1"/><E11/><REACH who="1" ten="243,236,246,265" step="2"/><V135/><F135/><W50/><G50/><T52/><D77/><U73/><E73/><V123/><F78/><W22/><G22/><T74/><D74/><U71/><AGARI ba="0,1" hai="4,10,15,40,41,42,48,49,63,65,71,112,113,114" machi="71" ten="40,7800,0" yaku="1,1,0,1,52,1,53,0" doraHai="7" doraHaiUra="122" who="1" fromWho="1" sc="243,-26,236,88,246,-26,265,-26" /><INIT seed="1,1,0,3,4,131" ten="217,324,220,239" oya="1" hai0="99,82,106,46,43,134,69,35,8,116,37,114,107" hai1="33,97,39,66,28,133,55,87,23,22,68,24,94" hai2="7,76,60,95,118,53,3,2,38,103,79,126,108" hai3="59,128,63,81,72,49,42,80,20,16,83,93,17"/><U54/><E39/><V113/><F118/><W47/><G128/><T89/><D114/><U77/><E68/><V85/><F113/><W100/><G72/><T91/><D116/><U78/><E66/><V51/><F108/><W111/><G111/><T132/><D69/><U127/><E127/><V10/><F126/><W90/><G100/><N who="0" m="62751" /><D35/><U30/><E33/><V50/><F38/><W13/><G17/><T74/><D107/><U112/><E112/><V104/><F2/><W130/><G130/><T27/><D27/><U12/><E12/><V31/><F31/><W73/><G73/><T70/><D70/><U44/><E44/><V123/><F123/><W26/><G13/><T129/><D129/><U122/><E122/><V98/><F60/><W102/><G102/><T25/><D25/><N who="1" m="16439" /><E87/><V117/><F117/><W36/><G36/><T11/><D91/><U6/><E6/><V18/><F85/><W40/><G40/><T120/><D120/><U71/><E71/><V61/><F104/><W14/><G14/><T9/><D89/><N who="1" m="55503" /><E78/><N who="2" m="29739" /><F7/><W110/><G110/><T75/><D82/><U67/><E67/><V5/><F5/><W62/><REACH who="3" step="1"/><G59/><REACH who="3" ten="217,324,220,229" step="2"/><T96/><D75/><U88/><E30/><V101/><F101/><W84/><AGARI ba="1,1" hai="16,20,26,42,47,49,62,63,80,81,83,84,90,93" machi="84" ten="30,8000,1" yaku="1,1,2,1,0,1,8,1,54,1,53,0" doraHai="131" doraHaiUra="1" who="3" fromWho="3" sc="217,-21,324,-41,220,-21,229,93" /><INIT seed="2,0,0,5,1,135" ten="196,283,199,322" oya="2" hai0="32,35,59,53,80,18,115,110,133,46,118,104,57" hai1="73,3,20,31,39,56,66,127,64,36,69,121,99" hai2="17,37,105,62,16,33,44,49,2,7,50,43,14" hai3="42,25,108,52,98,130,103,83,88,122,45,30,132"/><V51/><F33/><W6/><G122/><T87/><D110/><U23/><E73/><V55/><F105/><W21/><G108/><T131/><D115/><U19/><E3/><V38/><F2/><W8/><G132/><T109/><D133/><U100/><E121/><V63/><F38/><W89/><G130/><T82/><D109/><U111/><E69/><V77/><F77/><W94/><G83/><T117/><D104/><U79/><E79/><V9/><REACH who="2" step="1"/><F55/><REACH who="2" ten="196,283,189,322" step="2"/><W75/><G75/><T5/><D53/><U76/><E76/><V120/><F120/><W92/><G52/><T112/><D118/><U58/><E39/><V24/><F24/><W84/><G89/><T78/><D35/><U96/><E36/><V34/><F34/><W29/><G42/><T81/><D32/><U22/><E111/><V65/><F65/><W27/><G27/><T93/><D78/><U125/><E100/><V13/><F13/><N who="3" m="5271" /><G45/><T72/><D117/><U4/><E64/><V95/><F95/><W124/><G124/><T114/><D93/><U12/><E66/><V28/><F28/><AGARI ba="0,1" hai="21,25,28,29,30,84,88,92,94,98,103" m="5271" machi="28" ten="30,2000,0" yaku="8,1,54,1" doraHai="135" who="3" fromWho="2" sc="196,0,283,0,189,-20,322,30" /><INIT seed="3,0,0,0,4,125" ten="196,283,169,352" oya="3" hai0="67,42,85,24,127,18,79,31,21,96,36,30,7" hai1="26,128,80,114,132,52,100,77,84,40,83,69,74" hai2="97,119,64,120,6,116,108,113,72,23,61,110,107" hai3="43,126,60,3,129,109,29,92,0,46,63,55,50"/><W121/><G121/><T48/><D127/><U70/><E114/><V105/><F6/><W94/><G126/><T22/><D36/><U134/><E40/><V62/><F23/><W78/><G78/><T53/><D42/><U135/><E100/><N who="2" m="62607" /><F61/><W133/><G29/><T81/><D96/><U15/><E26/><V12/><F12/><W118/><G118/><N who="2" m="45097" /><F62/><W111/><G133/><T45/><D67/><U2/><E2/><V106/><F64/><W56/><G60/><T99/><D7/><U14/><E128/><V130/><F113/><W115/><G129/><T41/><D99/><U88/><E15/><V37/><F37/><W54/><G54/><T57/><REACH who="0" step="1"/><D22/><REACH who="0" ten="186,283,169,352" step="2"/><U20/><E20/><V71/><F130/><W112/><G112/><T75/><D75/><U124/><E124/><V122/><F72/><W8/><G115/><T39/><AGARI ba="0,1" hai="18,21,24,30,31,39,41,45,48,53,57,79,81,85" machi="39" ten="20,2700,0" yaku="1,1,0,1,7,1,53,0" doraHai="125" doraHaiUra="9" who="0" fromWho="0" sc="186,37,283,-7,169,-7,352,-13" owari="223,-17.7,276,7.6,162,-33.8,339,43.9" /></mjloggm>