<mjloggm ver="2.3"><GO type="225" lobby="0"/><UN n0="%E3%83%A9%E3%82%B9%E7%8E%87%EF%BC%93%E5%89%B2" n1="%E3%83%96%E3%83%83%E3%83%91%E3%82%AA%E3%83%96%E3%83%81%E3%82%AD%E3%83%B3" n2="%E3%81%95%E3%81%8D%E3%81%9F%E3%81%BE%E6%9E%97%E6%AA%8E" n3="%E3%81%BF%E3%81%BF%E3%81%9A" dan="17,16,16,17" rate="2196.78,2121.05,2093.83,2248.38" sx="F,M,M,M"/><TAIKYOKU oya="0"/><INIT seed="0,0,0,0,4,57" ten="250,250,250,250" oya="0" hai0="41,113,16,56,50,43,124,42,75,58,24,22,92" hai1="30,38,73,7,106,65,6,26,64,84,53,95,47" hai2="60,20,130,80,99,18,67,116,21,94,86,107,117" hai3="87,114,10,8,85,51,93,96,63,122,131,52,62"/><T17/><D113/><U125/><E73/><V127/><F127/><W29/><G131/><T121/><D121/><U101/><E125/><V71/><F130/><W90/><G29/><T15/><D124/><U23/><E106/><V40/><F40/><W83/><G114/><T72/><D72/><U28/><E38/><V89/><F107/><W1/><G122/><T74/><D74/><U126/><E126/><V0/><F0/><W111/><G111/><T134/><D134/><U97/><E30/><V36/><F36/><W119/><G119/><N who="2" m="45641" /><F18/><W25/><G25/><T27/><D75/><U88/><E47/><V32/><F32/><W39/><G87/><T37/><D37/><U31/><E31/><V14/><F14/><W59/><G39/><T77/><D77/><AGARI ba="0,0" hai="20,21,60,67,71,77,80,86,89,94,99" m="45641" machi="77" ten="30,2000,0" yaku="12,1,52,1" doraHai="57" who="2" fromWho="0" sc="250,-20,250,0,250,20,250,0" /><INIT seed="1,0,0,1,1,70" ten="230,250,270,250" oya="1" hai0="32,57,10,7,117,37,14,49,119,126,51,74,45" hai1="27,118,41,105,38,96,72,102,8,63,59,1,44" hai2="55,52,130,16,75,31,43,129,5,78,71,132,50" hai3="124,35,34,93,134,81,86,64,66,85,103,58,121"/><U83/><E118/><V84/><F75/><W115/><G121/><T6/><D74/><U106/><E27/><V20/><F132/><W23/><G115/><T68/><D68/><U122/><E122/><V65/><F31/><W109/><G134/><T46/><D32/><U36/><E106/><V112/><F5/><W24/><G109/><T95/><D126/><U40/><E40/><V125/><F125/><W28/><G124/><T62/><D7/><U123/><E123/><V9/><F9/><W82/><G35/><T61/><D61/><U76/><E38/><V135/><F135/><W98/><G34/><T100/><D117/><U114/><E114/><V60/><F112/><W87/><G64/><T15/><D15/><U116/><E116/><V30/><F30/><W18/><G18/><T92/><D37/><U113/><E113/><V25/><F43/><W13/><G13/><T80/><D80/><U88/><E88/><V12/><F12/><W69/><G69/><T104/><D104/><U33/><E33/><V54/><REACH who="2" step="1"/><F50/><REACH who="2" ten="230,250,260,250" step="2"/><W56/><G56/><T21/><D119/><U53/><REACH who="1" step="1"/><E8/><REACH who="1" ten="230,240,260,250" step="2"/><V0/><F0/><AGARI ba="0,2" hai="0,1,36,41,44,53,59,63,72,76,83,96,102,105" machi="0" ten="40,12000,1" yaku="1,1,2,1,52,1,53,1" doraHai="70" doraHaiUra="42" who="1" fromWho="2" sc="230,0,240,140,260,-120,250,0" /><INIT seed="1,1,0,2,2,55" ten="230,380,140,250" oya="1" hai0="50,103,60,30,58,19,38,75,35,125,7,135,94" hai1="0,52,76,34,21,72,36,115,65,81,67,130,105" hai2="100,108,41,54,78,84,18,37,74,69,53,129,47" hai3="92,122,116,24,101,32,31,110,117,68,91,33,4"/><U109/><E115/><V49/><F74/><W89/><G122/><T8/><D38/><U1/><E34/><V71/><F100/><W39/><G117/><T28/><D135/><U114/><E114/><V17/><F78/><W93/><G39/><T29/><D125/><U85/><E36/><V133/><F84/><W13/><G68/><N who="2" m="26185" /><F18/><W111/><G116/><T95/><D50/><U82/><E130/><V77/><F77/><W27/><G101/><T40/><D40/><U12/><E105/><V2/><F2/><W9/><G27/><T127/><D127/><U23/><E109/><N who="3" m="41482" /><G32/><T10/><D75/><U48/><E0/><V132/><F17/><W59/><G59/><T14/><D35/><U26/><E1/><V20/><F20/><W25/><G25/><T128/><D128/><U61/><E72/><V83/><F108/><W124/><G124/><T5/><D103/><U126/><E126/><V62/><F129/><W42/><G42/><T90/><D10/><U107/><E107/><V63/><F83/><W15/><G15/><T46/><D46/><N who="1" m="27671" /><E82/><V102/><F102/><W120/><G120/><T57/><D95/><AGARI ba="1,0" hai="4,9,13,24,31,33,89,91,92,93,95" m="41482" machi="95" ten="30,1000,0" yaku="14,1" doraHai="55" who="3" fromWho="0" sc="230,-13,380,0,140,0,250,13" /><INIT seed="2,0,0,4,4,37" ten="217,380,140,263" oya="2" hai0="54,1,15,20,44,115,134,42,126,22,30,128,18" hai1="2,127,45,119,129,99,85,114,87,100,104,84,118" hai2="11,111,82,132,116,38,13,86,57,8,47,4,14" hai3="7,113,41,64,81,95,62,34,122,98,50,90,103"/><V133/><F116/><W70/><G122/><T46/><D115/><U36/><E114/><V19/><F111/><W110/><G113/><T25/><D128/><U125/><E2/><V59/><F38/><W52/><G110/><T75/><D134/><N who="2" m="51818" /><F47/><W71/><G34/><T33/><D126/><N who="1" m="48139" /><E129/><V9/><F9/><W92/><G71/><T12/><D75/><U58/><E58/><V55/><F55/><W0/><G81/><T6/><D54/><U73/><E73/><V68/><F68/><W72/><G72/><T66/><D66/><U120/><E120/><V29/><F29/><W69/><G69/><T43/><D15/><U109/><E109/><V28/><F28/><W135/><G135/><T93/><D93/><U89/><E36/><V96/><F96/><W107/><G0/><T53/><D22/><U80/><E45/><N who="0" m="17513" /><D53/><U74/><E119/><V65/><F65/><W101/><G98/><T83/><D83/><N who="1" m="49407" /><E118/><V123/><F123/><W91/><G64/><T102/><D102/><U5/><E5/><V106/><F106/><W130/><G7/><T117/><D117/><U131/><E131/><V97/><F97/><W39/><G130/><T76/><D76/><AGARI ba="0,0" hai="74,76,80,84,85,99,100,104" m="49407,48139" machi="76" ten="30,3900,0" yaku="18,1,34,2" doraHai="37" who="1" fromWho="0" sc="217,-39,380,39,140,0,263,0" /><AGARI ba="0,0" hai="4,8,11,13,14,19,57,59,76,82,86" m="51818" machi="76" ten="30,1500,0" yaku="20,1" doraHai="37" who="2" fromWho="0" sc="178,-15,419,0,140,15,263,0" /><INIT seed="2,1,0,5,2,56" ten="163,419,155,263" oya="2" hai0="29,11,35,50,102,27,117,73,85,99,32,60,1" hai1="108,132,107,19,13,74,89,118,55,104,124,57,84" hai2="53,4,52,92,75,9,16,121,49,65,43,114,2" hai3="126,115,83,76,109,91,100,5,40,80,41,112,93"/><V34/><F114/><N who="3" m="43563" /><G109/><T15/><D73/><U95/><E118/><V62/><F121/><W78/><G126/><T21/><D117/><U134/><E108/><V106/><F106/><W72/><G5/><T131/><D131/><U70/><E124/><V59/><F34/><W30/><G30/><T42/><D85/><U51/><E74/><V79/><F75/><N who="3" m="43039" /><G100/><T81/><D81/><U18/><E70/><V58/><F79/><W96/><AGARI ba="1,0" hai="40,41,72,78,83,91,93,96" m="43039,43563" machi="96" ten="30,1100,0" yaku="11,1" doraHai="56" who="3" fromWho="3" sc="163,-4,419,-4,155,-6,263,14" /><INIT seed="3,0,0,0,0,50" ten="159,415,149,277" oya="3" hai0="17,121,7,33,66,73,132,133,32,71,14,111,22" hai1="29,43,95,83,42,96,51,80,38,47,135,40,87" hai2="60,90,16,94,53,92,70,117,26,134,55,10,112" hai3="91,46,6,129,59,25,0,128,93,5,19,108,45"/><W27/><G59/><T116/><D111/><U12/><E135/><N who="0" m="51785" /><D116/><U41/><E38/><V4/><F134/><W39/><G108/><T103/><D121/><U13/><E29/><V81/><F117/><W74/><G74/><T37/><D37/><U122/><E122/><V85/><F112/><W24/><G19/><T104/><D73/><U34/><E34/><V105/><F105/><W124/><G124/><T123/><D123/><U78/><E83/><V102/><F70/><W8/><G5/><T56/><D71/><U125/><E125/><V49/><F60/><W75/><G39/><T18/><D7/><U76/><E76/><V58/><F55/><W35/><G75/><T72/><D72/><U28/><E28/><V131/><F131/><N who="3" m="50251" /><G35/><T63/><D18/><U99/><E99/><AGARI ba="0,0" hai="0,6,8,24,25,27,45,46,91,93,99" m="50251" machi="99" ten="30,1500,0" yaku="19,1" doraHai="50" who="3" fromWho="1" sc="159,0,415,-15,149,0,277,15" /><AGARI ba="0,0" hai="14,17,22,32,33,56,63,66,99,103,104" m="51785" machi="99" ten="30,1000,0" yaku="20,1" doraHai="50" who="0" fromWho="1" sc="159,10,400,-10,149,0,292,0" /><INIT seed="3,1,0,3,4,0" ten="169,390,149,292" oya="3" hai0="121,118,26,123,42,106,85,115,78,51,36,89,40" hai1="59,64,134,87,54,66,3,47,61,126,58,56,34" hai2="33,38,44,35,83,57,119,133,96,120,39,129,46" hai3="122,91,98,11,48,135,128,68,108,4,97,28,93"/><W75/><G122/><T69/><D69/><U65/><E34/><V6/><F119/><W20/><G68/><T19/><D118/><U127/><E3/><V43/><F120/><W72/><G128/><T132/><D36/><U23/><E134/><V5/><F129/><W76/><G135/><T32/><D132/><U21/><E61/><V101/><F133/><W77/><G108/><T18/><D106/><U17/><E87/><V37/><F57/><W7/><G72/><T16/><D115/><U88/><E88/><V74/><F74/><W13/><G75/><T24/><D78/><N who="3" m="30313" /><G48/><T52/><D121/><U114/><E114/><V111/><F111/><W86/><G4/><N who="2" m="1641" /><F83/><W50/><G50/><T130/><D130/><U104/><E104/><V27/><F27/><AGARI ba="1,0" hai="7,11,13,20,27,28,86,91,93,97,98" m="30313" machi="27" ten="30,2900,0" yaku="8,1,52,1" doraHai="0" who="3" fromWho="2" sc="169,0,390,0,149,-32,292,32" /><INIT seed="3,2,0,0,1,116" ten="169,390,117,324" oya="3" hai0="50,34,21,97,49,30,114,89,113,12,71,15,43" hai1="92,120,33,4,16,81,14,27,72,117,28,107,55" hai2="56,1,5,78,79,133,42,64,87,44,19,24,31" hai3="74,121,48,84,36,100,119,123,39,130,32,10,35"/><W2/><G119/><T88/><D71/><U11/><E117/><V131/><F131/><W45/><G84/><T57/><D34/><N who="3" m="12841" /><G48/><N who="0" m="18539" /><D43/><U91/><E120/><N who="3" m="46154" /><G45/><T132/><D132/><U53/><E107/><V54/><F133/><W70/><G130/><T112/><D57/><U118/><E118/><V80/><F64/><W29/><G29/><T128/><D128/><U51/><E51/><N who="2" m="27031" /><F19/><W38/><G100/><T95/><D89/><U75/><E16/><V13/><F54/><W61/><G74/><T115/><D115/><U60/><E60/><V86/><F56/><W90/><G90/><T98/><D98/><U77/><E72/><V59/><F59/><W111/><G111/><T134/><D134/><U26/><E26/><AGARI ba="2,0" hai="12,15,21,26,30,88,95,97,112,113,114" m="18539" machi="26" ten="40,2600,0" yaku="11,1,54,1" doraHai="116" who="0" fromWho="1" sc="169,32,390,-32,117,0,324,0" owari="201,-19.9,358,45.8,117,-38.3,324,12.4" /></mjloggm>