<mjloggm ver="2.3"><GO type="225" lobby="0"/><UN n0="%E3%83%A9%E3%83%BC%E3%83%A1%E3%83%B3%E4%BA%94%E9%83%8E" n1="%E6%9C%88%E5%B3%B6%E5%9F%BA" n2="%72%69%6F%75%63%68%61%6E" n3="%E3%83%96%E3%83%83%E3%83%91%E3%82%AA%E3%83%96%E3%83%81%E3%82%AD%E3%83%B3" dan="16,17,16,16" rate="2091.90,2199.64,2130.81,2231.72" sx="M,M,M,M"/><TAIKYOKU oya="0"/><INIT seed="0,0,0,2,0,120" ten="250,250,250,250" oya="0" hai0="119,15,102,77,116,39,2,69,133,124,112,68,20" hai1="126,17,8,115,14,64,41,81,106,129,0,110,73" hai2="107,60,31,9,28,32,79,22,13,95,63,78,51" hai3="108,94,11,121,12,91,98,19,3,26,16,84,59"/><T109/><D112/><U96/><E64/><V65/><F107/><W88/><G121/><T57/><D2/><U71/><E71/><V117/><F117/><W123/><G123/><T61/><D39/><U130/><E41/><V58/><F32/><W42/><G3/><T134/><D124/><U118/><E118/><N who="0" m="45097" /><D102/><N who="1" m="62791" /><E115/><V131/><F131/><N who="1" m="50185" /><E126/><V101/><F51/><W86/><G42/><T92/><D77/><N who="1" m="44207" /><E0/><V99/><F60/><W125/><G125/><T24/><D15/><U4/><E4/><V27/><F28/><W53/><G108/><AGARI ba="0,0" hai="8,14,17,108,110" m="44207,50185,62791" machi="108" ten="30,3900,0" yaku="19,1,52,2" doraHai="120" who="1" fromWho="3" sc="250,0,250,39,250,0,250,-39" /><INIT seed="1,0,0,4,3,70" ten="250,289,250,211" oya="1" hai0="30,88,71,126,98,1,79,52,20,4,77,11,0" hai1="24,63,17,90,131,112,82,34,65,21,99,3,111" hai2="107,60,28,67,94,38,106,13,114,103,102,96,61" hai3="47,66,119,122,118,15,117,50,51,78,7,124,97"/><U121/><E112/><V33/><F114/><W72/><G122/><T69/><D0/><U133/><E121/><V36/><F60/><W54/><G124/><T127/><D71/><U23/><E3/><V105/><F13/><W14/><G66/><T49/><D69/><U81/><E131/><V25/><REACH who="2" step="1"/><F102/><REACH who="2" ten="250,289,240,211" step="2"/><W91/><G7/><T128/><D127/><U108/><E63/><V84/><F84/><W132/><G132/><T59/><D126/><U6/><E6/><V22/><F22/><W85/><G97/><T57/><D128/><U53/><E23/><V39/><F39/><W130/><G130/><T55/><D20/><U8/><E21/><V110/><F110/><W100/><G100/><T18/><D30/><U129/><E133/><V27/><F27/><W83/><REACH who="3" step="1"/><G51/><REACH who="3" ten="250,289,240,201" step="2"/><T68/><D49/><U31/><E129/><V32/><F32/><W12/><G12/><T16/><D1/><U87/><E99/><V5/><F5/><W104/><G104/><T89/><D4/><U26/><E34/><V113/><F113/><W62/><G62/><T48/><D98/><U75/><E108/><V92/><F92/><AGARI ba="0,2" hai="14,15,47,50,54,72,78,83,85,91,92,117,118,119" machi="92" ten="40,5200,0" yaku="1,1,12,1,53,1" doraHai="70" doraHaiUra="73" who="3" fromWho="2" sc="250,0,289,0,240,-52,201,72" /><INIT seed="2,0,0,2,4,70" ten="250,289,188,273" oya="2" hai0="84,92,19,123,85,67,77,131,33,26,61,75,113" hai1="7,2,51,41,60,53,91,71,38,0,27,36,111" hai2="126,17,80,30,107,56,97,16,57,40,22,103,99" hai3="120,105,50,132,52,73,96,29,58,28,35,44,72"/><V89/><F126/><W116/><G116/><T98/><D123/><U109/><E27/><V4/><F4/><W90/><G120/><T121/><D121/><U125/><E125/><V6/><F6/><W129/><G129/><T95/><D113/><U93/><E41/><V15/><F30/><W100/><G132/><T119/><D131/><U88/><E60/><V78/><F40/><W135/><G135/><T18/><D119/><U55/><E71/><V63/><F63/><W46/><G90/><N who="1" m="34346" /><E93/><V65/><F65/><W130/><G130/><T128/><D128/><U9/><E2/><V34/><F34/><W101/><G101/><T21/><D33/><U23/><E23/><V5/><F5/><W82/><G29/><T76/><D75/><U87/><E87/><N who="0" m="33353" /><D95/><U127/><E127/><V1/><F1/><W43/><G82/><T37/><D37/><N who="1" m="14443" /><E51/><V48/><F48/><W94/><G94/><T110/><D92/><U8/><E8/><V47/><F89/><W102/><G102/><T124/><D124/><U114/><E114/><V104/><F17/><W31/><G31/><T3/><D3/><U66/><E66/><V39/><F99/><W108/><G43/><T106/><D18/><U112/><E112/><V68/><F68/><W14/><G28/><T20/><D20/><U42/><E42/><N who="2" m="23007" /><F107/><W118/><G105/><T74/><D106/><U134/><E134/><V49/><F49/><W25/><G50/><T12/><D98/><U79/><E79/><V11/><F22/><W81/><G96/><T32/><D21/><U83/><E83/><V45/><F45/><RYUUKYOKU ba="0,0" sc="250,-15,289,15,188,15,273,-15" hai1="0,7,9,53,55,109,111" hai2="11,15,16,56,57,78,80,97,103,104" /><INIT seed="2,1,0,2,0,85" ten="235,304,203,258" oya="2" hai0="86,76,57,126,127,132,15,101,100,8,98,111,27" hai1="81,118,106,51,50,53,109,59,47,68,104,29,34" hai2="35,102,17,38,42,83,71,13,14,31,108,84,110" hai3="60,77,7,125,52,121,78,114,44,2,88,103,45"/><V75/><F71/><W43/><G121/><T107/><D111/><N who="2" m="42538" /><F75/><W128/><G128/><T113/><D113/><U135/><E118/><V129/><F129/><W25/><G125/><N who="0" m="47627" /><D132/><U123/><E68/><V37/><F102/><W54/><G114/><T115/><D115/><U1/><E1/><V112/><F112/><W95/><G103/><N who="0" m="62967" /><D27/><U80/><E135/><V105/><F105/><W48/><G2/><T61/><D86/><U9/><E106/><V18/><F42/><W56/><G7/><N who="0" m="3487" /><D76/><U120/><E104/><V87/><F87/><N who="3" m="52639" /><G25/><T28/><D28/><U70/><E29/><V79/><F31/><W63/><G63/><T99/><D99/><U3/><E109/><V65/><F35/><W62/><G60/><T24/><D24/><U4/><E34/><V131/><F131/><W39/><G39/><N who="2" m="14857" /><F65/><AGARI ba="1,0" hai="57,61,65,100,101" m="3487,62967,47627" machi="65" ten="30,1000,0" yaku="18,1" doraHai="85" who="0" fromWho="2" sc="235,13,304,0,203,-13,258,0" /><INIT seed="3,0,0,1,2,39" ten="248,304,190,258" oya="3" hai0="48,7,130,58,60,76,104,20,42,53,71,117,10" hai1="14,16,114,50,83,88,0,68,12,82,102,54,124" hai2="62,100,98,23,33,51,131,1,63,132,57,113,59" hai3="108,64,27,96,21,25,85,46,92,120,78,77,106"/><W2/><G120/><T126/><D104/><U133/><E0/><V38/><F113/><W70/><G2/><T13/><D117/><U9/><E68/><V69/><F33/><W6/><G106/><T110/><D110/><U5/><E124/><V61/><F38/><W79/><G108/><T128/><D126/><U55/><E133/><V30/><F132/><W125/><G125/><T15/><D76/><U26/><E26/><V67/><F1/><W28/><G6/><T111/><D111/><U24/><E24/><N who="2" m="16671" /><F69/><W116/><G116/><T66/><D20/><N who="1" m="11271" /><E102/><V97/><F131/><N who="0" m="50218" /><D15/><U105/><E105/><V86/><F86/><W93/><G70/><T8/><D8/><U90/><E55/><N who="2" m="31999" /><F97/><W36/><G36/><T31/><D31/><U49/><E49/><V109/><F109/><W91/><G64/><T134/><D134/><U119/><E114/><V40/><F40/><AGARI ba="0,0" hai="7,10,13,40,42,48,53,58,60,66,71" m="50218" machi="40" ten="30,3900,0" yaku="19,1,52,2" doraHai="39" who="0" fromWho="2" sc="248,39,304,0,190,-39,258,0" owari="287,8.7,304,40.4,151,-34.9,258,-14.2" /></mjloggm>