<mjloggm ver="2.3"><GO type="225" lobby="0"/><UN n0="%E3%81%AF%E3%82%88%E3%81%8A%E3%81%98%E3%81%95%E3%82%93" n1="%70%6F%69%73%6F%6E%30%32" n2="%E5%91%A8%E6%9D%B1" n3="%E8%81%B7%E6%A5%AD%E3%80%81%E9%A2%A8%32" dan="16,16,16,16" rate="2191.11,2095.62,2192.05,2170.73" sx="M,M,M,M"/><TAIKYOKU oya="0"/><INIT seed="0,0,0,1,2,74" ten="250,250,250,250" oya="0" hai0="62,8,54,120,125,43,95,16,52,100,12,30,98" hai1="99,114,88,22,111,11,41,58,101,80,71,83,115" hai2="51,1,13,127,121,25,78,97,81,7,87,73,61" hai3="84,76,106,130,64,112,91,75,47,40,14,49,38"/><T82/><D120/><U23/><E111/><V4/><F121/><W135/><G112/><N who="1" m="43050" /><E71/><V118/><F127/><W90/><G106/><T79/><D125/><U3/><E41/><V45/><F118/><W116/><G116/><T17/><D30/><U68/><E58/><V128/><F128/><W46/><G130/><T113/><D113/><U15/><E3/><V86/><F97/><W26/><G135/><T34/><D34/><U37/><E37/><V109/><F109/><W10/><G64/><T42/><D17/><U119/><E68/><V129/><F129/><W134/><G134/><T107/><D107/><U57/><E57/><V63/><F25/><W70/><G70/><T72/><REACH who="0" step="1"/><D62/><REACH who="0" ten="240,250,250,250" step="2"/><U132/><E132/><V117/><F63/><W31/><G31/><T66/><D66/><U124/><E124/><V77/><F61/><W96/><G26/><T2/><D2/><U6/><E119/><V131/><F117/><W123/><G123/><T27/><D27/><U19/><E19/><V5/><F131/><W39/><G14/><T59/><D59/><U29/><E29/><V102/><F1/><W94/><G10/><T92/><D92/><N who="1" m="56711" /><E101/><V35/><F102/><W20/><G20/><AGARI ba="0,1" hai="6,11,15,20,22,23,80,83" m="56711,43050" machi="20" ten="30,2000,0" yaku="11,1,54,1" doraHai="74" who="1" fromWho="3" sc="240,0,250,30,250,0,250,-20" /><INIT seed="1,0,0,5,1,31" ten="240,280,250,230" oya="1" hai0="12,32,78,73,7,4,135,36,130,102,28,13,16" hai1="113,64,125,93,134,87,34,110,65,27,30,124,17" hai2="38,26,95,0,100,66,90,117,21,94,92,97,33" hai3="39,58,49,126,83,43,61,5,40,98,52,106,57"/><U115/><E17/><V55/><F117/><W74/><G126/><N who="1" m="48746" /><E134/><V11/><F38/><W76/><G39/><T127/><D127/><U15/><E15/><V91/><F66/><N who="1" m="25705" /><E110/><V132/><F132/><W77/><G77/><T20/><D135/><U62/><E62/><V60/><F33/><W131/><G131/><T69/><D69/><U70/><E70/><V63/><F0/><W103/><REACH who="3" step="1"/><G5/><REACH who="3" ten="240,280,250,220" step="2"/><T85/><D4/><U88/><AGARI ba="0,1" hai="27,30,34,87,88,93,113,115" m="25705,48746" machi="88" ten="30,6000,0" yaku="18,1,52,1,54,1" doraHai="31" who="1" fromWho="1" sc="240,-20,280,70,250,-20,220,-20" /><INIT seed="1,1,0,2,2,92" ten="220,350,230,200" oya="1" hai0="7,126,81,40,47,79,30,134,18,118,129,128,103" hai1="33,14,88,20,35,113,34,109,125,107,87,100,115" hai2="37,78,66,8,12,39,46,80,28,23,0,9,105" hai3="90,22,121,119,11,44,114,98,117,93,13,135,51"/><U3/><E3/><V127/><F127/><W73/><G121/><T56/><D118/><N who="3" m="45065" /><G73/><T45/><D126/><U106/><E125/><V108/><F108/><W60/><G114/><T110/><D110/><U77/><E77/><V94/><F105/><W74/><G74/><T96/><D134/><U59/><E109/><V21/><F66/><W76/><G76/><T97/><D103/><U85/><E85/><V38/><F46/><W101/><G60/><T49/><D30/><U82/><E59/><V10/><F0/><W1/><G1/><T84/><D7/><U5/><E107/><V104/><F104/><W31/><G31/><T70/><D70/><U69/><E69/><V116/><F116/><W122/><G22/><T133/><D133/><U48/><E48/><V41/><F28/><W68/><G68/><T25/><D56/><U6/><E6/><V132/><F132/><W55/><G135/><T17/><D45/><U36/><E36/><V26/><F39/><W111/><G111/><T95/><D95/><U29/><E5/><V50/><F94/><W89/><G122/><T16/><REACH who="0" step="1"/><D25/><REACH who="0" ten="210,350,230,200" step="2"/><U67/><E29/><V102/><F26/><W27/><G27/><T83/><D83/><U91/><E115/><V4/><F80/><W112/><G112/><T52/><D52/><U57/><E57/><V65/><F4/><AGARI ba="1,1" hai="4,11,13,44,51,55,89,90,93,98,101" m="45065" machi="4" ten="30,2000,0" yaku="12,1,52,1" doraHai="92" who="3" fromWho="2" sc="210,0,350,0,230,-23,200,33" /><INIT seed="2,0,0,5,4,75" ten="210,350,207,233" oya="2" hai0="66,55,8,24,56,26,86,23,124,129,44,74,22" hai1="125,36,100,95,119,67,4,34,29,82,79,120,28" hai2="0,93,122,49,45,57,90,33,25,58,131,32,97" hai3="61,72,134,46,85,6,18,81,20,99,101,84,53"/><V13/><F0/><W105/><G134/><T80/><D74/><U31/><E36/><V70/><F122/><W112/><G112/><T121/><D121/><U115/><E119/><V40/><F70/><W88/><G6/><T71/><D71/><U132/><E125/><V135/><F135/><W11/><G11/><T133/><D133/><U47/><E115/><V12/><F131/><W102/><G102/><T91/><D124/><U116/><E132/><V73/><F73/><W113/><G113/><T42/><D129/><U16/><E4/><V117/><F117/><W52/><G72/><T51/><D66/><U9/><E116/><V64/><F33/><W106/><G106/><T78/><D8/><U96/><E67/><V19/><F32/><W77/><G46/><T69/><D69/><U3/><E3/><V39/><F39/><W83/><G61/><T126/><D126/><U111/><E47/><V103/><F103/><W30/><G30/><T109/><D109/><U41/><E111/><V27/><F12/><AGARI ba="0,0" hai="12,18,20,52,53,77,81,83,84,85,88,99,101,105" machi="12" ten="30,7700,0" yaku="7,1,52,1,54,2" doraHai="75" who="3" fromWho="2" sc="210,0,350,0,207,-77,233,77" /><INIT seed="3,0,0,3,5,7" ten="210,350,130,310" oya="3" hai0="9,14,87,62,125,49,18,64,67,77,28,94,116" hai1="39,38,37,21,112,8,69,105,58,13,19,45,36" hai2="83,82,5,88,35,30,89,101,15,103,24,22,76" hai3="63,6,32,131,99,42,52,97,73,61,3,92,91"/><W48/><G32/><T40/><D116/><U129/><E69/><V57/><F57/><W127/><G73/><T110/><D110/><U51/><E112/><V46/><F46/><W120/><G120/><T132/><D125/><U55/><E105/><V31/><F35/><W2/><G127/><T109/><D109/><U85/><E129/><V102/><F31/><W80/><G131/><T47/><D132/><U86/><E21/><V43/><F43/><W23/><G42/><T106/><D106/><U70/><E70/><V100/><N who="2" m="25600" /><DORA hai="113" /><V10/><REACH who="2" step="1"/><F83/><REACH who="2" ten="210,350,120,310" step="2"/><W11/><G80/><N who="0" m="47503" /><D28/><U93/><E39/><V75/><AGARI ba="0,1" hai="5,10,15,22,24,30,75,76,82,88,89" m="25600" machi="75" ten="40,8000,1" yaku="1,1,0,1,52,1,54,1,53,0" doraHai="7,113" doraHaiUra="95,115" who="2" fromWho="2" sc="210,-20,350,-20,120,90,310,-40" owari="190,-31.0,330,43.0,210,-19.0,270,7.0" /></mjloggm>