<mjloggm ver="2.3"><GO type="225" lobby="0"/><UN n0="%E3%81%A4%E3%81%A3%E3%81%B1%E3%82%8A%E3%83%9D%E3%83%BC%E3%83%AB" n1="%E3%83%81%E3%83%83%E3%82%BF%E3%82%BD%E3%83%BC" n2="%72%65%6E%6B%75%6E" n3="%70%68%65%6E%6F%6D%65" dan="17,16,17,16" rate="2116.37,2102.28,2219.25,2165.95" sx="M,F,M,M"/><TAIKYOKU oya="0"/><INIT seed="0,0,0,0,4,18" ten="250,250,250,250" oya="0" hai0="101,1,87,36,73,103,10,35,47,41,120,89,98" hai1="82,93,86,56,77,90,110,116,66,95,61,43,81" hai2="26,111,75,122,59,72,14,7,71,74,135,118,78" hai3="76,119,115,17,32,53,113,50,84,38,80,126,131"/><T49/><D120/><U108/><E116/><V23/><F71/><W57/><G119/><T62/><D35/><U11/><E43/><V5/><F122/><W92/><G126/><T127/><D73/><U37/><E37/><V22/><F118/><W40/><G131/><T68/><D127/><U114/><E114/><V9/><F111/><N who="1" m="42537" /><E11/><V39/><F39/><W31/><G32/><T3/><D36/><U112/><E112/><V64/><F135/><W12/><G31/><T123/><D123/><U134/><E134/><V133/><F133/><W79/><G76/><T107/><D10/><U109/><N who="1" m="42545" /><U130/><DORA hai="94" /><E130/><V27/><F78/><W99/><G40/><T4/><D4/><U52/><E66/><V33/><F7/><W6/><G6/><T97/><D62/><U67/><E67/><V124/><F124/><W105/><G105/><T30/><D30/><U19/><E19/><V25/><REACH who="2" step="1"/><F33/><REACH who="2" ten="250,250,240,250" step="2"/><W42/><G38/><T88/><D68/><U48/><E61/><AGARI ba="0,1" hai="5,9,14,22,23,25,26,27,59,61,64,72,74,75" machi="61" ten="50,12000,2" yaku="1,1,2,1,52,2,53,3" doraHai="18,94" doraHaiUra="83,104" who="2" fromWho="1" sc="250,0,250,-120,240,130,250,0" /><INIT seed="1,0,0,2,0,66" ten="250,130,370,250" oya="1" hai0="103,35,15,108,31,2,11,57,63,119,132,92,100" hai1="77,116,78,76,98,70,46,55,97,0,58,86,121" hai2="26,13,109,24,129,17,12,16,27,1,68,5,21" hai3="54,99,59,91,19,115,82,81,87,33,39,51,71"/><U48/><E116/><V75/><F75/><W111/><G115/><T69/><D119/><U56/><E121/><V126/><F68/><W106/><G111/><T113/><D113/><U38/><E0/><V45/><F45/><W52/><G33/><T62/><D2/><U9/><E9/><N who="2" m="2223" /><F109/><W130/><G130/><T50/><D132/><U105/><E38/><V114/><F114/><W44/><G71/><T122/><D108/><U74/><E74/><V49/><F49/><W125/><G125/><T61/><D69/><U36/><E36/><V14/><F129/><W93/><G19/><N who="2" m="7241" /><F126/><W96/><G39/><T67/><D122/><U104/><E86/><V80/><F80/><N who="3" m="30827" /><G106/><T34/><D50/><AGARI ba="0,0" hai="44,50,51,52,54,59,87,91,93,96,99" m="30827" machi="50" ten="30,2000,0" yaku="8,1,54,1" doraHai="66" who="3" fromWho="0" sc="250,-20,130,0,370,0,250,20" /><INIT seed="2,0,0,2,5,36" ten="230,130,370,270" oya="2" hai0="85,78,58,18,64,52,41,12,108,103,40,67,95" hai1="44,100,55,20,83,98,74,2,5,82,130,104,56" hai2="34,89,109,77,35,127,19,128,94,31,3,123,29" hai3="126,48,62,134,50,37,16,115,38,14,17,4,8"/><V79/><F123/><W75/><G75/><T119/><D108/><U73/><E130/><V93/><F3/><W125/><G134/><T24/><D24/><U72/><E44/><V63/><F128/><W76/><G115/><T57/><D119/><U68/><E68/><V113/><F113/><W27/><G76/><T1/><D1/><U90/><E5/><V9/><F109/><W116/><G116/><T23/><D103/><U117/><E2/><V45/><F127/><N who="3" m="48651" /><G62/><N who="0" m="37975" /><D67/><U60/><E117/><V91/><F63/><W42/><G38/><T99/><D99/><U133/><E133/><V61/><F61/><W121/><G121/><T13/><D13/><U10/><E10/><V65/><F65/><W97/><G97/><T122/><D122/><U32/><E32/><V111/><F111/><W88/><G27/><T49/><D95/><U71/><E71/><V102/><F102/><W22/><G37/><T30/><D30/><U54/><E90/><V51/><F34/><W53/><G88/><N who="2" m="33865" /><F35/><W6/><G4/><T101/><D101/><U131/><E131/><V118/><F118/><W26/><G6/><T33/><D33/><U70/><E70/><V106/><F106/><W132/><G132/><T66/><D66/><U15/><E82/><AGARI ba="0,0" hai="12,18,23,40,41,49,52,57,78,82,85" m="37975" machi="82" ten="30,7700,0" yaku="8,1,52,2,54,1" doraHai="36" who="0" fromWho="1" sc="230,77,130,-77,370,0,270,0" /><INIT seed="3,0,0,1,4,85" ten="307,53,370,270" oya="3" hai0="99,105,54,132,19,126,7,50,124,15,3,135,52" hai1="111,129,93,43,68,20,78,87,37,42,33,73,51" hai2="90,65,109,21,57,114,6,133,56,35,134,59,113" hai3="79,71,5,88,75,130,67,76,101,95,24,17,128"/><W55/><G5/><T44/><D7/><U58/><E33/><V47/><F35/><W13/><G101/><N who="0" m="62655" /><D3/><U11/><E68/><V97/><F6/><W123/><G123/><T30/><D30/><U108/><E37/><V63/><F21/><N who="3" m="13359" /><G75/><T1/><D1/><U77/><E73/><V0/><F0/><W120/><G120/><T53/><D53/><U107/><E11/><V117/><F117/><W31/><G31/><T4/><D54/><U104/><E107/><V91/><F47/><W28/><G28/><T25/><D25/><U80/><E104/><V16/><F16/><W45/><G71/><T98/><D98/><U116/><E116/><V46/><F46/><W121/><G67/><T92/><D92/><U18/><E93/><V29/><F29/><W82/><G82/><T2/><D4/><U122/><E122/><V127/><F97/><N who="3" m="57575" /><G121/><T86/><D2/><U131/><E77/><V81/><F81/><W60/><G13/><T39/><D39/><U84/><E87/><V12/><F12/><W94/><G94/><T66/><D86/><U27/><E129/><N who="3" m="49770" /><G45/><T72/><D66/><U118/><E131/><V23/><F113/><W112/><G112/><T100/><D72/><U62/><E118/><V69/><F114/><W125/><G125/><N who="0" m="48235" /><D100/><U10/><E10/><AGARI ba="0,0" hai="10,15,19,44,50,52,132,135" m="48235,62655" machi="10" ten="30,2000,0" yaku="18,1,54,1" doraHai="85" who="0" fromWho="1" sc="307,20,53,-20,370,0,270,0" owari="327,12.7,33,-46.7,370,47.0,270,-13.0" /></mjloggm>