<mjloggm ver="2.3"><GO type="225" lobby="0"/><UN n0="%E6%9D%B1%E9%A2%A8%E3%81%AE%E3%81%8D%E3%82%83%E3%81%B7%E3%81%95%E3%82%93" n1="%4B%2E%32%2E%4B%2E" n2="%E3%81%BF%E3%81%BF%E3%81%9A" n3="%E6%A5%93%E4%BB%8B" dan="16,17,18,16" rate="2124.95,2178.60,2250.42,2062.02" sx="M,M,M,M"/><TAIKYOKU oya="0"/><INIT seed="0,0,0,2,3,63" ten="250,250,250,250" oya="0" hai0="34,72,52,41,51,85,30,10,9,102,111,37,95" hai1="108,104,75,109,69,11,6,129,5,121,115,90,44" hai2="117,13,17,7,127,2,88,131,28,126,70,133,1" hai3="81,55,31,68,54,130,24,86,132,23,79,40,123"/><T58/><D72/><U8/><E121/><V114/><F70/><W87/><G132/><T96/><D111/><N who="1" m="42571" /><E104/><V33/><F114/><W80/><G130/><T65/><D65/><U106/><E106/><V107/><F107/><W74/><G123/><T53/><D85/><U50/><E75/><V119/><F88/><W98/><G68/><T14/><D53/><U49/><E115/><V78/><F78/><W0/><G0/><N who="2" m="105" /><F7/><W112/><G112/><T25/><REACH who="0" step="1"/><D14/><REACH who="0" ten="240,250,250,250" step="2"/><U18/><E69/><V99/><F131/><W124/><G74/><T57/><D57/><U39/><E129/><V113/><F113/><W22/><G98/><T84/><D84/><U16/><E44/><AGARI ba="0,1" hai="9,10,25,30,34,37,41,44,51,52,58,95,96,102" machi="44" ten="40,7700,0" yaku="1,1,54,1,53,1" doraHai="63" doraHaiUra="92" who="0" fromWho="1" sc="240,87,250,-77,250,0,250,0" /><INIT seed="0,1,0,4,1,92" ten="327,173,250,250" oya="0" hai0="102,74,22,5,63,37,109,107,100,51,114,45,113" hai1="14,61,77,125,97,93,128,81,84,55,129,112,34" hai2="21,8,28,73,108,89,91,50,59,90,101,98,86" hai3="71,42,69,56,36,124,12,119,132,116,52,13,105"/><T41/><D74/><U40/><E34/><V111/><F73/><W32/><G32/><T0/><D109/><N who="2" m="42058" /><F8/><W123/><G105/><T66/><D37/><U2/><E2/><V38/><F38/><W95/><G95/><T6/><D22/><U27/><E125/><V131/><F131/><W9/><G124/><T99/><D102/><U67/><E112/><V26/><F50/><W47/><G13/><T133/><D133/><U126/><E126/><V80/><F59/><W134/><G12/><T33/><D33/><U127/><E127/><V29/><F29/><W1/><G9/><T57/><REACH who="0" step="1"/><D0/><REACH who="0" ten="317,173,250,250" step="2"/><U58/><E128/><V82/><F86/><W65/><G1/><T76/><D76/><U121/><E129/><V39/><F39/><W24/><G24/><T53/><D53/><U78/><E78/><V7/><F7/><AGARI ba="1,1" hai="5,6,7,41,45,51,57,63,66,99,100,107,113,114" machi="7" ten="40,7700,0" yaku="1,1,52,1,53,1" doraHai="92" doraHaiUra="94" who="0" fromWho="2" sc="317,90,173,0,250,-80,250,0" /><INIT seed="0,2,0,1,1,26" ten="407,173,170,250" oya="0" hai0="72,63,51,129,115,49,16,131,30,107,120,48,7" hai1="95,65,3,55,82,88,18,81,53,112,11,97,121" hai2="33,38,2,40,106,44,92,80,101,42,52,29,20" hai3="9,78,90,104,60,132,71,125,27,100,70,24,133"/><T41/><D72/><U64/><E121/><V130/><F2/><W25/><G9/><T39/><D107/><U68/><E112/><V103/><F33/><W98/><G125/><T91/><D7/><U34/><E34/><V66/><F106/><W79/><G90/><T116/><D91/><U5/><E68/><V126/><F66/><W89/><G89/><T56/><D120/><U37/><E37/><V113/><F113/><W83/><G78/><T6/><D6/><U1/><E1/><V67/><F67/><W128/><G128/><T105/><D105/><U35/><E35/><V28/><F130/><W94/><G60/><T76/><D76/><U58/><E53/><V99/><F126/><W123/><G123/><T8/><D116/><U110/><E110/><V0/><F0/><W108/><G108/><T75/><D75/><U127/><E127/><V12/><F80/><W10/><G10/><T4/><D115/><U111/><E111/><V122/><F103/><W19/><G19/><T59/><D16/><U36/><E36/><V31/><F122/><W14/><G14/><T73/><D73/><U69/><E18/><N who="2" m="10311" /><F38/><W134/><REACH who="3" step="1"/><G104/><REACH who="3" ten="407,173,170,240" step="2"/><T84/><D131/><U46/><E82/><V96/><F96/><W74/><AGARI ba="2,1" hai="24,25,27,70,71,74,79,83,94,98,100,132,133,134" machi="74" ten="40,8000,1" yaku="1,1,2,1,0,1,20,1,53,1" doraHai="26" doraHaiUra="77" who="3" fromWho="3" sc="407,-42,173,-22,170,-22,240,96" /><INIT seed="1,0,0,5,0,54" ten="365,151,148,336" oya="1" hai0="116,5,110,38,65,91,22,83,121,46,90,113,24" hai1="135,132,36,63,49,17,20,32,112,114,12,8,93" hai2="51,61,10,105,0,117,29,123,23,28,77,44,62" hai3="40,55,109,18,67,96,13,64,101,126,79,48,11"/><U125/><E36/><V4/><F117/><W94/><G109/><T82/><D116/><U58/><E32/><V56/><F123/><W98/><G126/><T100/><D110/><U131/><E125/><V124/><F124/><W33/><G33/><T53/><D100/><U3/><E131/><V130/><F130/><W119/><G119/><T2/><D65/><U70/><E70/><V25/><F77/><W35/><G35/><T87/><D113/><U27/><E3/><V86/><F86/><W76/><G40/><T34/><D34/><U45/><E93/><V75/><F75/><W68/><G98/><T39/><D121/><U43/><E63/><V19/><F62/><W74/><G74/><T84/><D5/><U80/><E58/><V9/><F9/><W92/><G94/><T7/><D7/><U14/><E14/><V134/><F134/><N who="1" m="51241" /><E80/><V71/><F105/><W88/><G101/><T69/><D69/><U127/><E127/><V128/><F71/><W111/><G111/><T118/><D2/><U99/><E99/><V52/><REACH who="2" step="1"/><F128/><REACH who="2" ten="365,151,138,336" step="2"/><W26/><G68/><T106/><D106/><U37/><E37/><V85/><F85/><W120/><G120/><T6/><D118/><U30/><AGARI ba="0,1" hai="8,12,17,20,27,30,43,45,49,112,114" m="51241" machi="30" ten="30,1500,0" yaku="20,1" doraHai="54" who="1" fromWho="1" sc="365,-5,151,25,138,-5,336,-5" /><INIT seed="1,1,0,0,1,18" ten="360,176,133,331" oya="1" hai0="0,85,71,118,100,19,50,40,2,70,33,119,53" hai1="98,57,116,39,132,65,101,32,6,68,20,29,89" hai2="77,133,78,45,111,107,5,74,41,27,14,11,48" hai3="35,47,120,34,115,37,73,82,54,123,104,131,112"/><U125/><E116/><V43/><F111/><W75/><G54/><T51/><D33/><N who="3" m="12297" /><G82/><T31/><D100/><U86/><E39/><V122/><F122/><N who="3" m="46635" /><G104/><T108/><D19/><U28/><E125/><V79/><F133/><W63/><G63/><T80/><D31/><U134/><E32/><V106/><F74/><N who="3" m="28171" /><G131/><T105/><D53/><U22/><E68/><V3/><F41/><AGARI ba="1,0" hai="37,41,47,112,115" m="28171,46635,12297" machi="41" ten="40,1300,0" yaku="23,1" doraHai="18" who="3" fromWho="2" sc="360,0,176,0,133,-16,331,16" /><INIT seed="2,0,0,3,2,16" ten="360,176,117,347" oya="2" hai0="87,93,55,92,69,74,64,18,9,121,95,100,59" hai1="110,66,117,29,113,114,17,101,60,107,21,35,71" hai2="94,106,63,1,97,83,115,54,31,42,43,8,3" hai3="39,127,80,27,62,10,14,56,51,108,44,19,82"/><V123/><F115/><W75/><G75/><T13/><D74/><U79/><E117/><V133/><F123/><W111/><G39/><T41/><D121/><U105/><E79/><V26/><F106/><W119/><G119/><T89/><D41/><U30/><E110/><N who="3" m="42026" /><G127/><T47/><D47/><U32/><E30/><V135/><F83/><W76/><G76/><T38/><D38/><U49/><E49/><V65/><F54/><N who="3" m="34071" /><G27/><T124/><D124/><U25/><E35/><V34/><F43/><W2/><G2/><T15/><D64/><U130/><E130/><V72/><F42/><W22/><G10/><T37/><D69/><U134/><E134/><N who="2" m="51211" /><F72/><W99/><G99/><T81/><D37/><U88/><E107/><V70/><F8/><W116/><G116/><T112/><D112/><U98/><E88/><AGARI ba="0,0" hai="1,3,26,31,34,63,65,70,88,94,97" m="51211" machi="88" ten="30,2900,0" yaku="20,1,54,1" doraHai="16" who="2" fromWho="1" sc="360,0,176,-29,117,29,347,0" /><INIT seed="2,1,0,4,4,19" ten="360,147,146,347" oya="2" hai0="58,0,80,110,122,105,68,26,86,94,120,27,85" hai1="92,53,11,29,104,133,78,49,63,32,90,54,20" hai2="46,64,108,76,41,2,45,107,127,131,10,62,95" hai3="74,83,70,6,103,18,82,84,91,79,1,34,88"/><V8/><F107/><W100/><G70/><T66/><D105/><U73/><E104/><V36/><F127/><W13/><G34/><T81/><D68/><U7/><E32/><V28/><F131/><W14/><G1/><T65/><D0/><U134/><E78/><V125/><F125/><W52/><G6/><T35/><D35/><U113/><E73/><V109/><F76/><W44/><G91/><T12/><D12/><N who="1" m="5247" /><E113/><V69/><F28/><W124/><G14/><T50/><D50/><U33/><E33/><V93/><F46/><W121/><G121/><T101/><D110/><N who="2" m="42602" /><F2/><W21/><REACH who="3" step="1"/><G124/><REACH who="3" ten="360,147,146,337" step="2"/><T3/><D3/><U72/><E134/><V51/><F36/><W117/><G117/><T132/><D132/><U98/><E133/><V57/><F69/><W60/><G60/><T116/><D116/><U111/><E111/><V128/><F128/><W87/><G87/><T135/><D135/><U112/><E112/><V115/><F115/><W97/><G97/><T119/><D119/><U37/><E37/><V30/><F30/><W129/><G129/><T71/><D71/><U4/><E29/><V48/><F48/><AGARI ba="1,1" hai="13,18,21,44,48,52,74,79,82,83,84,88,100,103" machi="48" ten="40,8000,1" yaku="1,1,52,1,54,2,53,0" doraHai="19" doraHaiUra="102" who="3" fromWho="2" sc="360,0,147,0,146,-83,337,93" /><INIT seed="3,0,0,5,2,126" ten="360,147,63,430" oya="3" hai0="8,81,132,37,104,31,112,96,68,32,38,64,19" hai1="93,58,30,34,17,0,49,9,121,60,29,84,15" hai2="70,116,43,4,5,28,46,66,118,109,98,22,130" hai3="65,14,89,44,102,35,88,16,108,76,91,95,12"/><W129/><G35/><T115/><D19/><U27/><E121/><V78/><F98/><W131/><G76/><T128/><D81/><U41/><E0/><V71/><F78/><W123/><G123/><T11/><D11/><U18/><E18/><V36/><F28/><W63/><G14/><T3/><D132/><U133/><E133/><V53/><F22/><W69/><G102/><T33/><D128/><N who="3" m="49225" /><G44/><T111/><D111/><U110/><E110/><V103/><F130/><W24/><G24/><T127/><D127/><U73/><E15/><V26/><F109/><W86/><G108/><T39/><D8/><AGARI ba="0,0" hai="8,12,16,63,65,69,86,88,89,91,95" m="49225" machi="8" ten="30,18000,2" yaku="19,1,52,3,54,2" doraHai="126" who="3" fromWho="0" sc="360,-180,147,0,63,0,430,180" owari="180,-2.0,147,-25.3,63,-43.7,610,71.0" /></mjloggm>