<mjloggm ver="2.3"><GO type="225" lobby="0"/><UN n0="%E3%83%A9%E3%82%B9%E7%8E%87%EF%BC%93%E5%89%B2" n1="%E3%82%A2%E3%82%A4%E3%82%B9%E3%83%86%E3%82%A3%E3%83%BC%E3%81%82%E3%81%B9" n2="%E6%A0%B9%E5%85%83%E3%81%8B%E3%82%89%E5%90%B9%E3%81%A3%E9%A3%9B%E3%81%B6" n3="%72%69%6F%75%63%68%61%6E" dan="16,16,16,16" rate="2153.92,2081.10,2103.16,2137.78" sx="F,M,F,M"/><TAIKYOKU oya="0"/><INIT seed="0,0,0,2,4,83" ten="250,250,250,250" oya="0" hai0="111,14,26,120,41,28,13,16,80,121,123,102,60" hai1="27,10,122,91,77,42,45,4,48,106,100,79,23" hai2="57,114,112,78,7,88,34,51,73,31,87,86,85" hai3="93,37,2,25,113,101,76,8,18,131,22,36,81"/><T15/><D102/><U96/><E122/><V90/><F7/><W72/><G131/><T135/><D41/><U118/><E118/><V38/><F38/><W66/><G113/><T97/><D97/><U39/><E39/><V29/><F114/><W134/><G134/><T105/><D105/><U49/><E48/><V53/><F112/><W62/><G101/><T35/><D135/><U69/><E69/><V1/><F1/><W20/><G93/><T71/><D80/><U133/><E91/><N who="2" m="34859" /><F73/><W9/><G9/><T55/><D55/><U110/><E110/><V64/><F34/><W40/><G40/><T33/><D33/><U95/><E106/><V11/><F11/><W116/><G116/><T12/><D60/><U6/><E133/><V43/><F64/><W32/><G32/><T67/><D67/><U119/><E119/><V54/><F43/><W21/><G25/><T47/><D47/><U19/><REACH who="1" step="1"/><E6/><REACH who="1" ten="250,240,250,250" step="2"/><V61/><F78/><W58/><REACH who="3" step="1"/><G18/><REACH who="3" ten="250,240,250,240" step="2"/><T94/><D111/><U89/><E89/><V59/><AGARI ba="0,2" hai="29,31,51,53,54,57,59,61,85,86,87" m="34859" machi="59" ten="30,8000,1" yaku="8,1,52,3,54,1" doraHai="83" who="2" fromWho="2" sc="250,-40,240,-20,250,100,240,-20" /><INIT seed="1,0,0,0,3,117" ten="210,220,350,220" oya="1" hai0="46,109,90,39,122,6,40,111,58,65,35,99,52" hai1="91,30,79,50,70,18,53,88,33,92,73,87,116" hai2="59,19,107,98,11,101,127,1,66,110,5,124,9" hai3="133,78,29,105,80,15,115,83,13,96,54,44,89"/><U20/><E116/><V68/><F59/><W71/><G115/><T130/><D35/><U120/><E70/><V23/><F110/><N who="0" m="41994" /><D6/><U113/><E113/><V38/><F38/><W126/><G126/><N who="2" m="48169" /><F11/><W8/><G133/><T128/><D90/><U72/><E79/><V21/><F19/><W57/><G71/><T28/><D99/><U61/><E61/><AGARI ba="0,0" hai="1,5,9,21,23,61,66,68,98,101,107" m="48169" machi="61" ten="30,1000,0" yaku="18,1" doraHai="117" who="2" fromWho="1" sc="210,0,220,-10,350,10,220,0" /><INIT seed="2,0,0,4,1,94" ten="210,210,360,220" oya="2" hai0="25,74,33,49,99,59,123,124,36,64,102,7,14" hai1="34,84,47,3,81,50,26,38,37,61,20,40,87" hai2="134,11,32,6,98,66,86,2,100,118,114,120,0" hai3="19,117,8,13,113,127,46,17,133,39,44,129,101"/><V105/><F114/><W43/><G117/><T52/><D123/><U97/><E3/><V121/><F118/><W93/><G129/><T70/><D124/><U42/><E34/><V90/><F134/><W135/><G127/><T78/><D36/><U27/><E61/><V9/><F32/><W12/><G113/><T57/><D78/><U45/><E50/><V119/><F66/><W91/><G101/><T15/><D59/><U104/><E81/><V56/><F56/><W67/><G67/><T115/><D74/><U55/><E55/><V51/><F51/><W85/><REACH who="3" step="1"/><G44/><REACH who="3" ten="210,210,360,210" step="2"/><T77/><D115/><U30/><E27/><V110/><F119/><W60/><G60/><T24/><D25/><U79/><E79/><V54/><F120/><W21/><AGARI ba="0,1" hai="8,12,13,17,19,21,39,43,46,85,91,93,133,135" machi="21" ten="30,2000,0" yaku="1,1,0,1,53,0" doraHai="94" doraHaiUra="35" who="3" fromWho="3" sc="210,-5,210,-5,360,-10,210,30" /><INIT seed="3,0,0,3,5,101" ten="205,205,350,240" oya="3" hai0="17,62,130,35,22,104,76,117,47,113,128,81,97" hai1="105,5,77,68,132,65,48,120,75,93,12,41,34" hai2="129,80,61,32,1,40,31,57,27,50,58,102,88" hai3="110,8,107,106,24,115,109,121,36,84,78,54,23"/><W3/><G115/><T100/><D113/><U55/><E120/><V56/><F1/><W11/><G121/><T45/><D62/><U124/><E105/><N who="3" m="39946" /><G3/><T125/><D125/><U133/><E124/><V46/><F102/><W72/><G72/><T49/><D35/><U108/><E34/><V52/><F129/><N who="0" m="49770" /><D49/><U122/><E41/><V63/><F63/><W6/><G36/><T96/><D96/><U29/><E29/><V116/><F116/><W112/><G112/><T33/><D33/><U86/><E122/><V91/><F80/><N who="3" m="47127" /><G54/><T87/><D117/><U9/><E75/><V2/><F2/><W38/><G6/><T92/><D92/><U64/><E68/><V37/><F58/><W67/><G67/><AGARI ba="0,0" hai="27,31,32,37,40,46,50,52,56,57,61,67,88,91" machi="67" ten="30,3900,0" yaku="7,1,54,2" doraHai="101" who="2" fromWho="3" sc="205,0,205,0,350,39,240,-39" owari="205,0.5,205,-19.5,389,48.9,201,-29.9" /></mjloggm>