<mjloggm ver="2.3"><GO type="225" lobby="0"/><UN n0="%E6%A1%9C%E8%8A%B1%E9%96%83%E3%80%85" n1="%E9%B7%B9%E5%80%89%E6%9D%8F%E9%88%B4" n2="%E4%B8%89%E5%88%86%E5%B0%8F%E5%83%A7" n3="%E7%99%BD%E5%80%89%E5%AF%9B%E4%B9%8B" dan="16,16,16,16" rate="2126.37,2100.44,2060.63,2135.55" sx="M,F,M,M"/><TAIKYOKU oya="0"/><INIT seed="0,0,0,3,5,104" ten="250,250,250,250" oya="0" hai0="120,102,8,20,80,60,70,118,9,119,25,122,37" hai1="4,78,19,109,64,24,36,12,72,125,115,26,130" hai2="46,81,96,83,108,35,85,71,103,29,10,61,89" hai3="129,49,135,41,32,105,2,87,111,42,44,56,57"/><T116/><D102/><U30/><E36/><V82/><F108/><W100/><G32/><T107/><D107/><U92/><E64/><V43/><F10/><W73/><G2/><T66/><D37/><U101/><E4/><V67/><F29/><W52/><G111/><T121/><REACH who="0" step="1"/><D80/><REACH who="0" ten="240,250,250,250" step="2"/><U62/><E101/><V126/><F126/><W55/><G100/><T39/><D39/><U131/><E125/><V23/><F83/><W69/><G105/><T113/><D113/><U40/><E115/><V45/><F82/><W88/><G129/><T6/><D6/><U134/><E109/><V95/><F81/><N who="3" m="49263" /><G135/><T99/><D99/><U91/><E134/><V84/><F96/><W50/><G73/><T13/><D13/><U94/><E12/><V28/><F103/><W47/><G69/><T97/><D97/><U58/><E72/><V33/><F71/><W22/><G22/><T17/><AGARI ba="0,1" hai="8,9,17,20,25,60,66,70,116,118,119,120,121,122" machi="17" ten="40,3900,0" yaku="1,1,0,1,53,0" doraHai="104" doraHaiUra="27" who="0" fromWho="0" sc="240,49,250,-13,250,-13,250,-13" /><INIT seed="0,1,0,1,1,71" ten="289,237,237,237" oya="0" hai0="127,130,4,79,86,28,21,113,75,27,26,117,132" hai1="92,0,94,33,125,43,7,42,3,56,123,73,64" hai2="98,17,103,115,11,44,18,19,87,121,83,74,9" hai3="13,114,23,51,20,99,76,58,61,90,45,134,65"/><T48/><D113/><U8/><E123/><V78/><F121/><W50/><G114/><T122/><D122/><U72/><E33/><V84/><F115/><W5/><G134/><T129/><D117/><U37/><E125/><V24/><F24/><W69/><G69/><T35/><D75/><U57/><E8/><V63/><F63/><W2/><G2/><T85/><D127/><U118/><E64/><V108/><F108/><W53/><G76/><T36/><D36/><U32/><E32/><V77/><F44/><W29/><G51/><T39/><D39/><U102/><E102/><V10/><REACH who="2" step="1"/><F78/><REACH who="2" ten="289,237,227,237" step="2"/><W89/><G61/><T40/><D79/><U126/><E126/><V59/><F59/><W38/><G58/><T81/><D27/><U96/><E118/><V97/><F97/><W105/><G99/><T6/><D26/><U12/><E96/><V62/><F62/><W116/><G45/><T135/><D135/><U100/><E56/><V106/><AGARI ba="1,1" hai="9,10,11,17,18,19,74,77,83,84,87,98,103,106" machi="106" ten="30,8000,1" yaku="1,1,0,1,53,3" doraHai="71" doraHaiUra="15" who="2" fromWho="2" sc="289,-41,237,-21,227,93,237,-21" /><INIT seed="1,0,0,4,2,112" ten="248,216,320,216" oya="1" hai0="25,0,64,130,6,8,12,111,132,7,100,80,16" hai1="2,125,60,35,41,28,10,124,54,93,52,59,85" hai2="14,134,58,53,88,46,63,119,116,101,20,71,18" hai3="89,43,95,13,113,123,75,115,38,86,42,19,21"/><U70/><E41/><V5/><F101/><W33/><G123/><T48/><D111/><U3/><E70/><V120/><F120/><W67/><G75/><T45/><D132/><U98/><E85/><V26/><F134/><W51/><G38/><T4/><D130/><U32/><E54/><V34/><F71/><W31/><G67/><T90/><D100/><U22/><E22/><V76/><F76/><W73/><G73/><T40/><D64/><U17/><E17/><V29/><F46/><W62/><G62/><T94/><D80/><U118/><E118/><V104/><F104/><W97/><G33/><N who="1" m="12874" /><E10/><V78/><F78/><W69/><G69/><T108/><D108/><U128/><E28/><V23/><F23/><W126/><G31/><T117/><D117/><U133/><E133/><V11/><F88/><W9/><G9/><T24/><REACH who="0" step="1"/><D0/><AGARI ba="0,0" hai="0,5,11,14,18,20,26,29,34,53,58,63,116,119" machi="0" ten="30,8000,1" yaku="7,1,24,2,52,2" doraHai="112" who="2" fromWho="0" sc="248,-80,216,0,320,80,216,0" /><INIT seed="2,0,0,5,2,115" ten="168,216,400,216" oya="2" hai0="50,132,94,68,108,98,82,104,66,125,95,93,55" hai1="135,22,47,7,76,49,126,0,134,42,83,44,61" hai2="97,65,84,107,90,119,81,35,17,92,128,16,51" hai3="13,6,15,77,64,53,59,74,123,56,110,21,133"/><V34/><F107/><W78/><G123/><T32/><D32/><U69/><E126/><V127/><F119/><W5/><G74/><T79/><D125/><U120/><E120/><V80/><F65/><W20/><G64/><T129/><D108/><U40/><E69/><V87/><F128/><W112/><G110/><T19/><D129/><U111/><E61/><V38/><F38/><W30/><G133/><N who="1" m="50698" /><E22/><V10/><F35/><W8/><G112/><T130/><D130/><U75/><E111/><V102/><F34/><W14/><G30/><T31/><D31/><U58/><E58/><N who="3" m="22058" /><G53/><T85/><D132/><U99/><E99/><V41/><F127/><W36/><G36/><T117/><D104/><U37/><E7/><N who="3" m="2570" /><G8/><T23/><D68/><U62/><E62/><V28/><F10/><W86/><G86/><T54/><D66/><U131/><E131/><V70/><F28/><W106/><G106/><T33/><D33/><U121/><E121/><V27/><F70/><W63/><G63/><T89/><D117/><U24/><E24/><V52/><F27/><W25/><G25/><T4/><D4/><U88/><E0/><V60/><F60/><W3/><G3/><T114/><D114/><U96/><E96/><V122/><F122/><W109/><G109/><T26/><REACH who="0" step="1"/><D55/><REACH who="0" ten="158,216,400,216" step="2"/><U57/><E57/><AGARI ba="0,1" hai="19,23,26,50,54,57,79,82,85,89,93,94,95,98" machi="57" ten="30,8000,1" yaku="1,1,2,1,7,1,8,1,53,1" doraHai="115" doraHaiUra="12" who="0" fromWho="1" sc="158,90,216,-80,400,0,216,0" /><INIT seed="3,0,0,4,0,77" ten="248,136,400,216" oya="3" hai0="90,100,30,21,103,123,16,35,66,56,2,39,24" hai1="63,82,129,62,65,42,5,59,72,50,91,68,86" hai2="20,85,124,27,61,113,40,94,0,107,111,58,47" hai3="81,17,52,70,108,115,74,22,6,31,34,7,84"/><W38/><G115/><T3/><D39/><U32/><E129/><V87/><F107/><W89/><G70/><T23/><D123/><U96/><E32/><V104/><F104/><W8/><G38/><T99/><D35/><U64/><E72/><V131/><F0/><W10/><G74/><T43/><D43/><U102/><E5/><N who="3" m="1546" /><G34/><T105/><D100/><U37/><E37/><V13/><F113/><W73/><G73/><T125/><D125/><U67/><E42/><V79/><F124/><W130/><G31/><T126/><D126/><U55/><REACH who="1" step="1"/><E68/><REACH who="1" ten="248,126,400,216" step="2"/><V78/><F131/><W19/><G130/><T110/><D2/><U33/><E33/><V132/><F40/><W25/><G108/><T1/><D110/><U128/><E128/><V116/><F111/><W46/><G19/><T26/><D1/><U135/><E135/><V12/><F132/><W122/><G122/><T95/><D3/><U93/><AGARI ba="0,1" hai="50,55,59,62,63,64,65,67,82,86,91,93,96,102" machi="93" ten="30,8000,1" yaku="1,1,0,1,8,1,52,1,53,1" doraHai="77" doraHaiUra="51" who="1" fromWho="1" sc="248,-20,126,90,400,-20,216,-40" owari="228,2.8,216,-18.4,380,48.0,176,-32.4" /></mjloggm>