<mjloggm ver="2.3"><GO type="225" lobby="0"/><UN n0="%E3%81%8B%E3%82%8F%E3%81%A1%E3%82%83%E3%82%93%35%38" n1="%E5%91%89%E5%AF%8C%E6%98%A5" n2="%E3%81%A0%E3%81%8A" n3="%72%65%6E%6B%75%6E" dan="16,16,17,17" rate="2115.35,2112.59,2067.35,2212.05" sx="M,M,M,M"/><TAIKYOKU oya="0"/><INIT seed="0,0,0,0,1,22" ten="250,250,250,250" oya="0" hai0="24,5,82,38,101,84,128,16,13,90,96,110,123" hai1="99,51,15,109,118,19,45,23,7,21,121,52,55" hai2="49,119,98,117,74,46,93,87,85,26,97,111,10" hai3="120,94,131,34,132,65,33,70,35,6,104,3,12"/><T31/><D123/><U92/><E109/><V47/><F74/><W28/><G120/><T48/><D128/><U39/><E121/><V11/><F111/><W106/><G131/><T129/><D129/><U71/><E118/><N who="2" m="45067" /><F26/><N who="3" m="18583" /><G12/><T57/><D38/><U100/><E39/><V116/><N who="2" m="45075" /><V53/><DORA hai="127" /><F47/><W81/><G94/><T76/><D5/><U79/><E71/><V77/><F98/><W91/><G91/><T29/><D110/><U62/><E7/><V43/><F43/><W126/><G81/><T50/><D90/><U2/><E2/><V36/><F36/><W4/><G4/><T78/><D78/><U20/><REACH who="1" step="1"/><E79/><REACH who="1" ten="250,240,250,250" step="2"/><V63/><F77/><W56/><G126/><T72/><D72/><U9/><E9/><N who="2" m="3083" /><F63/><W64/><G6/><T75/><D75/><U134/><E134/><V135/><F135/><W73/><G73/><T102/><D76/><U54/><E54/><V1/><F1/><W83/><G3/><T40/><D40/><U37/><E37/><V88/><AGARI ba="0,1" hai="46,49,53,85,87,88,93,97" m="3083,45075" machi="88" ten="40,2700,0" yaku="12,1,54,1" doraHai="22,127" who="2" fromWho="2" sc="250,-13,240,-7,250,37,250,-7" /><INIT seed="1,0,0,4,4,74" ten="237,233,287,243" oya="1" hai0="107,128,66,134,40,30,124,2,39,19,115,78,112" hai1="49,87,106,100,45,111,76,8,96,135,13,14,86" hai2="105,41,64,0,101,10,93,38,22,59,62,43,25" hai3="127,129,114,102,83,18,37,79,118,84,133,47,28"/><U34/><E34/><V88/><F0/><W15/><G114/><T63/><D19/><U65/><E135/><V48/><F38/><W61/><G127/><T132/><D30/><U42/><E111/><V24/><F10/><W97/><G133/><N who="0" m="51307" /><D2/><U12/><E65/><V44/><F43/><W54/><G129/><T5/><D5/><U55/><E8/><V60/><F60/><W81/><G118/><T103/><D78/><U126/><E126/><V92/><F105/><W116/><G116/><T85/><D85/><U9/><E9/><V120/><F120/><W117/><G117/><T130/><D103/><U70/><E70/><V131/><F131/><N who="0" m="50218" /><D107/><U90/><E76/><V80/><F101/><W98/><G28/><T52/><D52/><U3/><E3/><V21/><F24/><W109/><G54/><T67/><D124/><U110/><E110/><V71/><F25/><W31/><G18/><T91/><D91/><U46/><REACH who="1" step="1"/><E90/><REACH who="1" ten="237,223,287,243" step="2"/><V104/><F88/><W53/><G79/><T50/><D67/><U73/><E73/><V7/><F64/><W113/><G109/><T32/><D32/><U23/><E23/><V108/><F21/><W57/><G113/><T26/><D115/><U20/><E20/><V125/><F22/><W16/><G31/><T11/><D112/><U33/><E33/><V99/><F125/><W56/><G15/><T68/><D11/><U75/><E75/><V36/><F108/><W94/><G16/><T17/><D17/><U29/><E29/><V1/><F1/><W77/><G77/><T58/><D26/><U27/><E27/><RYUUKYOKU ba="0,1" sc="237,-10,223,30,287,-10,243,-10" hai1="12,13,14,42,45,46,49,55,86,87,96,100,106" /><INIT seed="1,1,1,3,5,31" ten="227,253,277,233" oya="1" hai0="91,53,65,36,15,89,98,8,38,6,78,115,82" hai1="79,86,83,12,39,126,84,106,48,135,22,93,116" hai2="3,111,88,24,74,16,56,59,120,29,118,129,92" hai3="26,85,28,51,80,122,72,61,18,52,67,128,1"/><U33/><E116/><V113/><F120/><W9/><G128/><T112/><D65/><U81/><E39/><V47/><F118/><W25/><G122/><T62/><D38/><U105/><E135/><V66/><F74/><W19/><G72/><T57/><D36/><U124/><E33/><V54/><F3/><W114/><G114/><T50/><D62/><U123/><E123/><V32/><F111/><W99/><G99/><T58/><D58/><U104/><E48/><V69/><F69/><W45/><G1/><T133/><D133/><U75/><E22/><V42/><F129/><W131/><G131/><T49/><D49/><U94/><E12/><V20/><F54/><W96/><G96/><T4/><D4/><U103/><E103/><V43/><F66/><W14/><G18/><T87/><REACH who="0" step="1"/><D98/><REACH who="0" ten="217,253,277,233" step="2"/><U77/><REACH who="1" step="1"/><E75/><REACH who="1" ten="217,243,277,233" step="2"/><V121/><F121/><W17/><G17/><T134/><D134/><U55/><E55/><V68/><F16/><W41/><G41/><T40/><D40/><U71/><E71/><V110/><F68/><N who="3" m="42095" /><G28/><T27/><D27/><U73/><E73/><V0/><F42/><W63/><G63/><T46/><D46/><U130/><E130/><V76/><F24/><W30/><G30/><T108/><D108/><U109/><E109/><V11/><F47/><W7/><G7/><T23/><D23/><U102/><E102/><V132/><F43/><W101/><G101/><T60/><D60/><U70/><E70/><V21/><F20/><W119/><G119/><T107/><D107/><U127/><AGARI ba="1,3" hai="77,79,81,83,84,86,93,94,104,105,106,124,126,127" machi="127" ten="40,18000,2" yaku="1,1,0,1,9,1,18,1,34,3,53,0" doraHai="31" doraHaiUra="5" who="1" fromWho="1" sc="217,-61,243,213,277,-61,233,-61" /><INIT seed="1,2,0,0,2,81" ten="156,456,216,172" oya="1" hai0="42,27,93,29,24,18,22,121,127,1,86,31,43" hai1="63,67,103,94,88,47,115,90,130,113,57,4,100" hai2="55,14,96,12,7,112,82,104,99,124,131,68,78" hai3="109,105,70,21,53,39,107,72,59,87,83,134,62"/><U106/><E130/><V5/><F68/><W66/><G109/><T46/><D1/><U71/><E4/><V101/><F124/><W73/><G134/><T30/><D127/><U25/><E90/><V56/><F131/><W35/><G35/><T0/><D0/><U60/><E25/><N who="0" m="9801" /><D121/><U40/><E106/><V54/><F99/><W128/><G128/><T10/><D10/><U126/><E126/><V123/><F112/><W97/><G39/><T80/><D93/><U133/><E133/><V116/><F54/><W98/><G107/><T135/><D135/><U85/><E113/><V74/><F116/><W84/><G21/><T108/><D46/><U36/><REACH who="1" step="1"/><E115/><REACH who="1" ten="156,446,216,172" step="2"/><V48/><F5/><W17/><G105/><T69/><D108/><U20/><E20/><V51/><F7/><W19/><G19/><T23/><D23/><U110/><E110/><V119/><F104/><W76/><G17/><T34/><D34/><U92/><E92/><V77/><F119/><W38/><G97/><T120/><D120/><U44/><E44/><V49/><F96/><W118/><G98/><T37/><D22/><U75/><E75/><V132/><F74/><W65/><G73/><T15/><D18/><U6/><E6/><V16/><F132/><W2/><G2/><T26/><D26/><U52/><AGARI ba="2,1" hai="36,40,47,52,57,60,63,67,71,85,88,94,100,103" machi="52" ten="20,18000,2" yaku="1,1,0,1,7,1,52,1,54,2,53,0" doraHai="81" doraHaiUra="13" who="1" fromWho="1" sc="156,-62,446,196,216,-62,172,-62" /><INIT seed="1,3,0,3,1,84" ten="94,642,154,110" oya="1" hai0="123,125,55,54,119,101,134,6,2,86,24,117,124" hai1="48,10,98,80,127,120,29,108,79,106,33,85,12" hai2="41,17,36,14,23,103,56,95,38,57,65,133,18" hai3="118,99,107,130,97,96,112,32,110,128,100,52,113"/><U88/><E120/><V90/><F133/><W50/><G32/><T22/><D134/><U43/><E127/><N who="0" m="48713" /><D123/><U27/><E108/><V116/><F116/><N who="0" m="44618" /><D101/><U121/><E121/><V105/><F41/><W8/><G8/><N who="0" m="2135" /><D86/><U51/><E43/><V42/><F42/><W87/><G118/><T91/><D91/><U135/><E135/><V19/><F103/><W64/><G64/><T9/><D9/><U109/><E109/><V26/><F105/><W71/><G71/><T31/><AGARI ba="3,0" hai="22,24,31,54,55" m="2135,44618,48713" machi="31" ten="30,1100,0" yaku="18,1" doraHai="84" who="0" fromWho="0" sc="94,20,642,-8,154,-6,110,-6" /><INIT seed="2,0,0,1,2,114" ten="114,634,148,104" oya="2" hai0="44,89,59,97,90,48,122,36,55,57,110,76,113" hai1="26,66,16,62,77,17,103,12,21,70,121,18,63" hai2="19,24,64,56,100,129,34,51,78,92,99,104,15" hai3="73,96,106,120,81,123,0,40,132,119,37,35,14"/><V28/><F129/><W108/><RYUUKYOKU type="yao9" ba="0,0" sc="114,0,634,0,148,0,104,0" hai3="0,14,35,37,40,73,81,96,106,108,119,120,123,132" /><INIT seed="2,1,0,2,4,110" ten="114,634,148,104" oya="2" hai0="125,32,128,83,114,54,87,92,31,133,86,36,104" hai1="73,112,118,76,94,74,124,52,61,82,111,70,69" hai2="8,75,116,26,35,38,115,91,105,28,11,100,71" hai3="88,135,16,20,63,24,33,45,89,98,25,123,96"/><V64/><F38/><W102/><G123/><T129/><D36/><U29/><E118/><V47/><F47/><W119/><G119/><T106/><D31/><U56/><E112/><V53/><F53/><W18/><G135/><T37/><D32/><U113/><E113/><V127/><F75/><W108/><G108/><T34/><D34/><U6/><E111/><V43/><F43/><W79/><G79/><T0/><D0/><U22/><E74/><V57/><F57/><W48/><G63/><T40/><D114/><U95/><E124/><V134/><F134/><W17/><G33/><T3/><D3/><U39/><E39/><V122/><F122/><W27/><G20/><T77/><D133/><U60/><E6/><V126/><F126/><W101/><G98/><T120/><D125/><U14/><E70/><V84/><F71/><W65/><G65/><T51/><D120/><U121/><E121/><V5/><F64/><W109/><G109/><T9/><D9/><U2/><E69/><V21/><F116/><W19/><N who="3" m="4096" /><DORA hai="59" /><W93/><REACH who="3" step="1"/><G102/><REACH who="3" ten="114,634,148,94" step="2"/><T13/><D129/><U85/><E61/><V30/><F127/><W99/><G99/><T7/><D128/><U50/><E60/><V80/><F100/><W81/><G81/><T72/><D72/><U66/><E76/><V67/><F80/><W12/><G12/><T130/><D130/><U44/><E82/><V46/><F115/><W55/><AGARI ba="1,1" hai="24,25,27,45,48,55,88,89,93,96,101" m="4096" machi="55" ten="50,8000,1" yaku="1,1,0,1,8,1,54,2,53,0" doraHai="110,59" doraHaiUra="103,131" who="3" fromWho="3" sc="114,-21,634,-21,148,-41,94,93" /><INIT seed="3,0,0,1,2,103" ten="93,613,107,187" oya="3" hai0="36,66,117,45,122,118,20,65,92,28,63,60,111" hai1="15,34,130,17,106,98,82,26,8,22,9,101,46" hai2="86,19,37,131,104,110,124,14,70,61,115,80,13" hai3="25,11,41,55,84,96,87,53,31,23,59,76,44"/><W127/><G127/><T114/><D92/><U12/><E130/><V29/><F115/><W62/><G55/><T78/><D78/><U120/><E120/><V95/><F104/><W128/><G128/><T2/><D2/><U113/><E113/><V79/><F37/><W30/><G30/><T52/><D20/><U3/><E3/><V125/><F131/><W102/><G76/><T58/><D28/><U89/><E46/><V93/><F110/><W0/><G0/><T69/><D114/><U119/><E119/><N who="0" m="45577" /><D122/><U133/><E133/><V42/><F42/><W90/><G90/><T99/><D99/><U73/><E34/><V116/><F116/><W129/><G11/><T54/><D111/><U39/><E39/><V121/><F13/><W21/><G21/><T49/><D36/><U107/><E73/><V135/><F135/><W67/><G129/><T24/><D24/><U105/><E82/><V64/><F29/><W40/><G87/><T35/><D35/><U72/><E89/><V47/><F47/><W57/><G84/><T81/><D81/><U112/><E72/><V38/><F38/><W6/><G44/><T91/><D91/><U51/><E112/><V123/><F123/><W18/><G18/><T10/><D10/><U100/><E8/><N who="2" m="6599" /><F121/><W108/><G6/><T88/><D88/><U43/><E9/><V134/><F134/><W71/><G25/><T132/><D132/><U56/><E26/><V1/><F1/><W48/><G31/><T109/><D109/><U83/><E17/><V74/><F74/><W32/><G108/><T50/><D45/><RYUUKYOKU ba="0,0" sc="93,15,613,-15,107,15,187,-15" hai0="49,50,52,54,58,60,63,65,66,69" hai2="61,64,70,79,80,86,93,95,124,125" owari="108,-39.2,598,69.8,122,-27.8,172,-2.8" /></mjloggm>