<mjloggm ver="2.3"><GO type="225" lobby="0"/><UN n0="%E5%B8%86%E7%AB%8B%E5%A4%8F%E8%A1%A3" n1="%E7%99%BD%E5%80%89%E5%AF%9B%E4%B9%8B" n2="%E3%81%95%E3%81%8D%E3%81%9F%E3%81%BE%E6%9E%97%E6%AA%8E" n3="%E7%82%8E%E3%83%8E%E6%9C%B1%E9%9B%80" dan="17,16,16,16" rate="2257.95,2142.49,2159.42,2177.55" sx="M,M,M,M"/><TAIKYOKU oya="0"/><INIT seed="0,0,0,3,0,61" ten="250,250,250,250" oya="0" hai0="126,30,74,73,104,66,25,120,67,84,3,2,95" hai1="68,108,18,119,85,8,19,6,28,44,34,5,26" hai2="53,4,72,100,110,96,36,90,117,35,79,23,132" hai3="75,78,17,22,131,7,105,80,133,65,60,106,98"/><T15/><D120/><U57/><E68/><V59/><F35/><W83/><G131/><T21/><D104/><U11/><E44/><V97/><F36/><W9/><G133/><T32/><D74/><U0/><E85/><V62/><F132/><W101/><G83/><T24/><D73/><U13/><E57/><V10/><F110/><W123/><G123/><T48/><D126/><U40/><E40/><V1/><F1/><W122/><G122/><T12/><D3/><N who="1" m="63" /><E119/><V86/><F117/><W64/><G106/><T45/><D2/><U127/><E127/><V129/><F129/><W54/><G54/><N who="0" m="29967" /><D25/><U42/><E42/><V38/><F38/><W77/><G77/><T63/><D32/><U50/><E50/><V76/><F72/><W81/><G81/><T41/><D41/><U89/><E89/><V71/><F71/><W55/><G55/><T82/><D95/><U52/><E52/><V121/><F90/><W49/><G49/><T130/><D130/><U134/><E134/><V109/><F53/><W91/><G60/><T16/><D63/><U103/><E103/><V43/><F62/><W107/><G107/><T112/><D112/><U31/><E108/><V125/><F109/><W115/><G115/><T27/><D27/><N who="1" m="18719" /><E0/><V116/><F43/><W29/><G91/><N who="0" m="51607" /><D30/><U113/><E113/><V92/><F125/><W20/><G29/><T33/><D33/><AGARI ba="0,0" hai="6,11,13,18,19,26,31,33" m="18719,63" machi="33" ten="30,8000,1" yaku="35,5" doraHai="61" who="1" fromWho="0" sc="250,-80,250,80,250,0,250,0" /><INIT seed="1,0,0,4,3,17" ten="170,330,250,250" oya="1" hai0="1,61,129,84,32,12,105,31,107,79,58,73,15" hai1="39,23,60,3,40,20,38,8,51,111,85,55,80" hai2="43,16,44,121,117,57,74,123,81,27,114,34,64" hai3="115,19,110,127,131,113,89,26,82,94,92,125,9"/><U35/><E35/><V93/><F117/><W48/><G48/><T41/><D73/><U87/><E111/><V72/><F114/><N who="3" m="43531" /><G9/><T59/><D1/><U18/><E60/><V28/><F93/><N who="3" m="35947" /><G19/><T98/><D129/><U70/><E70/><V116/><F116/><W77/><G26/><T68/><D68/><U5/><E85/><V56/><F56/><W135/><G110/><T75/><D75/><U14/><E40/><V47/><F47/><W132/><G89/><T100/><D41/><U91/><REACH who="1" step="1"/><E23/><REACH who="1" ten="170,320,250,250" step="2"/><V10/><F43/><W7/><G131/><T97/><D32/><U133/><E133/><N who="3" m="51274" /><G7/><T65/><D61/><U22/><E22/><V6/><F34/><W45/><G45/><AGARI ba="0,1" hai="3,5,8,14,18,20,38,39,45,51,55,80,87,91" machi="45" ten="30,5800,0" yaku="1,1,7,1,52,1,53,0" doraHai="17" doraHaiUra="104" who="1" fromWho="3" sc="170,0,320,68,250,0,250,-58" /><INIT seed="1,1,0,3,5,133" ten="170,388,250,192" oya="1" hai0="30,88,5,13,108,124,102,71,62,63,18,130,129" hai1="40,132,97,109,80,23,107,94,3,79,64,110,17" hai2="112,59,119,36,120,47,78,0,21,91,25,135,6" hai3="66,32,58,89,44,103,125,131,9,57,48,76,74"/><U50/><E3/><V73/><F119/><W114/><G114/><T60/><D108/><N who="1" m="41579" /><E107/><V122/><F112/><W19/><G131/><N who="0" m="50187" /><D102/><N who="1" m="60727" /><E64/><V111/><F135/><W16/><G32/><T72/><D72/><N who="1" m="43111" /><E132/><V69/><F111/><W77/><G66/><T75/><D75/><U96/><E96/><V29/><F73/><W52/><G74/><T34/><D5/><U104/><E104/><V98/><F6/><W82/><G103/><T14/><D71/><U65/><E65/><V37/><F69/><W55/><G19/><T51/><D18/><U24/><E50/><V10/><F98/><W101/><G101/><T113/><D113/><U12/><E40/><V90/><F0/><W8/><G8/><T100/><D100/><U86/><E86/><V117/><F10/><W92/><G92/><T43/><D43/><U87/><E87/><V61/><F78/><W2/><G2/><T39/><D51/><U126/><E12/><N who="0" m="4713" /><D88/><U70/><E70/><V1/><F91/><W42/><G89/><T27/><D39/><U45/><E45/><V115/><F90/><W93/><G44/><T127/><AGARI ba="1,0" hai="27,30,34,60,62,63,124,127" m="4713,50187" machi="127" ten="40,5200,0" yaku="19,1,52,2" doraHai="133" who="0" fromWho="0" sc="170,55,388,-27,250,-14,192,-14" /><INIT seed="2,0,0,5,1,107" ten="225,361,236,178" oya="2" hai0="8,17,91,69,74,81,34,55,22,78,119,125,68" hai1="71,44,53,9,48,129,42,4,36,32,75,63,40" hai2="110,65,104,28,90,45,21,5,13,35,20,109,111" hai3="72,11,79,96,133,130,135,1,98,14,58,102,38"/><V67/><F104/><N who="3" m="63559" /><G58/><T123/><D123/><U62/><E32/><V105/><F105/><W92/><G14/><T100/><D100/><U51/><E129/><V87/><F35/><W88/><G38/><T3/><D125/><U124/><E75/><V27/><F45/><W43/><G43/><T54/><D119/><U89/><E124/><V31/><F5/><W83/><G130/><T77/><D34/><U2/><E71/><V12/><F13/><W24/><G24/><T16/><D91/><U76/><E76/><V128/><F128/><W41/><G41/><T7/><D78/><U99/><E36/><V112/><F112/><W118/><G11/><T121/><D121/><U114/><E114/><V131/><F131/><W39/><G1/><T30/><D30/><U120/><E120/><V73/><F73/><W47/><G47/><T103/><D103/><U61/><E51/><V116/><F116/><W60/><G60/><T23/><D68/><U6/><E6/><V82/><F12/><W50/><G50/><T49/><D69/><U29/><E29/><V106/><F106/><W85/><G39/><T108/><D108/><U59/><E40/><V18/><F18/><W115/><G115/><T46/><D54/><U122/><E122/><V10/><F10/><W86/><G118/><T19/><AGARI ba="0,0" hai="3,7,8,16,17,19,22,23,46,49,55,74,77,81" machi="19" ten="30,4000,0" yaku="0,1,52,1,54,1" doraHai="107" who="0" fromWho="0" sc="225,40,361,-10,236,-20,178,-10" /><INIT seed="3,0,0,3,2,98" ten="265,351,216,168" oya="3" hai0="63,43,30,132,96,60,39,91,106,58,72,84,26" hai1="3,121,36,61,28,15,66,123,56,117,86,11,124" hai2="109,110,1,74,94,31,82,65,77,14,92,12,71" hai3="83,101,79,45,19,118,113,18,125,50,88,53,7"/><W87/><G113/><T22/><D72/><U116/><E36/><V59/><F71/><W0/><G118/><N who="1" m="45674" /><E124/><V20/><F1/><W111/><G125/><T35/><D132/><U112/><E112/><V85/><F74/><W89/><G111/><N who="2" m="42505" /><F14/><W130/><G130/><T17/><D43/><U93/><E3/><V120/><F120/><W34/><G34/><T49/><D39/><U114/><E28/><V47/><F47/><W129/><G129/><T131/><D96/><U62/><E114/><V42/><F42/><W115/><G115/><T99/><D99/><U5/><E62/><N who="2" m="38111" /><F12/><W76/><G76/><T29/><D106/><U38/><E38/><V107/><F107/><W16/><REACH who="3" step="1"/><G101/><REACH who="3" ten="265,351,216,158" step="2"/><T40/><D35/><U134/><E134/><V70/><F70/><W6/><G6/><T51/><D131/><U119/><E119/><V57/><F57/><W67/><G67/><T54/><D58/><U44/><E44/><V24/><AGARI ba="0,1" hai="20,24,31,77,82,85,92,94" m="38111,42505" machi="24" ten="30,1100,0" yaku="14,1" doraHai="98" who="2" fromWho="2" sc="265,-3,351,-3,216,21,158,-5" owari="262,6.2,348,44.8,237,-16.3,153,-34.7" /></mjloggm>