<mjloggm ver="2.3"><GO type="225" lobby="0"/><UN n0="%E3%82%B9%E3%83%BC%E3%83%91%E3%83%BC%E3%81%BE%E3%81%BB%E3%81%A3%E3%81%A1" n1="%E3%81%97%E3%82%89%E3%81%84%E3%81%97%E3%81%BE%E3%81%84" n2="%E3%83%96%E3%83%83%E3%83%91%E3%82%AA%E3%83%96%E3%83%81%E3%82%AD%E3%83%B3" n3="%E7%99%BD%E5%80%89%E5%AF%9B%E4%B9%8B" dan="16,17,16,16" rate="2109.52,2127.99,2048.46,2123.11" sx="F,M,M,M"/><TAIKYOKU oya="0"/><INIT seed="0,0,0,5,0,108" ten="250,250,250,250" oya="0" hai0="134,88,71,69,87,13,6,116,92,114,33,86,67" hai1="123,53,23,52,56,15,109,40,117,7,105,60,54" hai2="135,48,75,51,57,72,106,59,131,130,25,112,65" hai3="120,21,10,84,125,1,115,39,11,80,36,122,66"/><T77/><D116/><U62/><E105/><V38/><F106/><W85/><G66/><T126/><D33/><U111/><E117/><V8/><F38/><W44/><G21/><T89/><D126/><U41/><E123/><V47/><F135/><W3/><G44/><T32/><D32/><U128/><E128/><N who="2" m="49195" /><F112/><W132/><G80/><T107/><D107/><U18/><E7/><V103/><F103/><W43/><G43/><T127/><D127/><U46/><E41/><N who="2" m="24687" /><F25/><W9/><G125/><T98/><D134/><U4/><E4/><V19/><F65/><W61/><G132/><T12/><D67/><U0/><E0/><V68/><F68/><W90/><G11/><T29/><D29/><U104/><E104/><V64/><F64/><W2/><G2/><T35/><D35/><U78/><E78/><V17/><F57/><W96/><G90/><T37/><D77/><U70/><E70/><V55/><F8/><W99/><G61/><T94/><D98/><U100/><E100/><V93/><F93/><W81/><G81/><T28/><D28/><U42/><E42/><V22/><F22/><W30/><G30/><T82/><D82/><U95/><E95/><V97/><F97/><W31/><G31/><T74/><D6/><U45/><E45/><V121/><F121/><W102/><G102/><T79/><D79/><U76/><E76/><V63/><F63/><N who="1" m="24105" /><E56/><V110/><F110/><N who="1" m="41993" /><E54/><V49/><F49/><AGARI ba="0,0" hai="15,18,23,40,46,49,52,53" m="41993,24105" machi="49" ten="30,2000,0" yaku="14,1,54,1" doraHai="108" who="1" fromWho="2" sc="250,0,250,20,250,-20,250,0" /><INIT seed="1,0,0,5,3,76" ten="250,270,230,250" oya="1" hai0="60,29,71,126,61,8,28,27,48,78,64,107,51" hai1="17,14,3,15,111,32,41,11,21,132,72,101,36" hai2="52,104,112,129,37,39,100,63,108,105,79,7,96" hai3="113,117,91,33,57,0,40,131,120,75,133,130,122"/><U55/><E132/><V70/><F108/><W24/><G0/><T43/><D107/><U84/><E32/><V121/><F121/><W116/><G75/><T46/><D126/><U103/><E72/><V50/><F129/><N who="3" m="49163" /><G40/><T9/><D78/><U31/><E3/><V134/><F105/><W10/><G57/><T6/><D6/><U102/><E41/><V49/><F134/><W114/><G91/><T56/><D51/><U16/><E36/><V59/><F112/><N who="3" m="43115" /><G10/><T45/><D46/><U127/><E127/><V22/><F7/><W25/><G133/><T26/><D61/><U92/><E111/><V125/><F125/><W98/><G98/><T119/><D119/><N who="3" m="45641" /><G33/><T69/><D9/><U66/><E66/><V88/><F79/><W38/><G38/><T42/><D8/><U53/><E31/><V47/><F70/><W73/><G73/><T89/><D89/><AGARI ba="0,0" hai="11,14,15,16,17,21,53,55,84,89,92,101,102,103" machi="89" ten="40,3900,0" yaku="8,1,54,1" doraHai="76" who="1" fromWho="0" sc="250,-39,270,39,230,0,250,0" /><INIT seed="1,1,0,3,0,24" ten="211,309,230,250" oya="1" hai0="15,16,14,53,33,129,50,29,119,113,84,66,55" hai1="87,116,83,5,82,30,114,1,109,11,128,79,12" hai2="7,6,23,44,74,121,78,100,80,70,25,34,61" hai3="52,86,63,73,21,132,41,2,64,96,103,124,92"/><U76/><E116/><V10/><F121/><W19/><G73/><T122/><D119/><U99/><E114/><V91/><F34/><W126/><G2/><T17/><D113/><U48/><E128/><V39/><F100/><W27/><G132/><T130/><D122/><U60/><E109/><V8/><F91/><W56/><G41/><T94/><D66/><U40/><E60/><V46/><F39/><W77/><G77/><T28/><D33/><U104/><E104/><V58/><F70/><W89/><REACH who="3" step="1"/><G64/><REACH who="3" ten="211,309,230,240" step="2"/><T125/><D125/><U42/><E40/><V4/><F46/><W32/><G32/><T98/><D84/><U101/><E42/><V102/><F44/><W90/><G90/><N who="0" m="55639" /><D130/><U135/><E79/><V54/><REACH who="2" step="1"/><F102/><REACH who="2" ten="211,309,220,240" step="2"/><W115/><G115/><T108/><D129/><U118/><E101/><V47/><F47/><W110/><G110/><T62/><D108/><U35/><E35/><V123/><F123/><W117/><G117/><T18/><D62/><U112/><E118/><V22/><F22/><W134/><G134/><T3/><D3/><U85/><E112/><V88/><F88/><W68/><G68/><T111/><D111/><U57/><E135/><V51/><F51/><W97/><G97/><T59/><D53/><U71/><E71/><V72/><F72/><W133/><G133/><T9/><D15/><U0/><E99/><V107/><F107/><AGARI ba="1,2" hai="19,21,27,52,56,63,86,89,92,96,103,107,124,126" machi="107" ten="40,2600,0" yaku="1,1,54,1,53,0" doraHai="24" doraHaiUra="75" who="3" fromWho="2" sc="211,0,309,0,220,-29,240,49" /><INIT seed="2,0,0,5,3,56" ten="211,309,191,289" oya="2" hai0="53,65,78,31,30,101,33,23,75,123,72,21,82" hai1="20,77,117,96,39,13,49,128,25,36,66,19,64" hai2="103,29,120,127,22,121,135,106,43,131,69,125,59" hai3="26,79,102,119,1,60,32,46,87,10,52,126,73"/><V95/><F69/><W35/><G119/><T44/><D123/><N who="2" m="47178" /><F43/><W130/><G73/><T5/><D75/><U8/><E117/><V68/><F68/><W67/><G102/><T81/><D101/><U51/><E77/><V7/><F106/><W12/><G1/><T38/><D81/><U50/><E128/><V37/><F37/><W100/><G130/><T129/><D129/><U88/><E39/><V62/><F131/><W14/><G100/><T3/><D53/><U105/><E36/><V45/><F45/><W54/><G14/><T15/><D65/><U17/><E105/><V76/><F76/><W118/><G118/><T110/><D110/><U86/><REACH who="1" step="1"/><E96/><REACH who="1" ten="211,299,191,289" step="2"/><N who="2" m="59807" /><F135/><W24/><G79/><T28/><D38/><U89/><E89/><V112/><F112/><W34/><G87/><T63/><D78/><U84/><E84/><V93/><F127/><W0/><G126/><T61/><D72/><U74/><E74/><V42/><F125/><W91/><G91/><T99/><D99/><U55/><E55/><V27/><F93/><AGARI ba="0,1" hai="8,13,17,19,20,25,49,50,51,64,66,86,88,93" machi="93" ten="40,8000,1" yaku="1,1,8,1,54,1,53,1" doraHai="56" doraHaiUra="85" who="1" fromWho="2" sc="211,0,299,90,191,-80,289,0" /><INIT seed="3,0,0,3,0,50" ten="211,389,111,289" oya="3" hai0="54,23,73,130,11,129,104,107,31,55,83,132,43" hai1="49,86,119,36,63,44,101,131,135,120,2,26,82" hai2="42,79,80,51,64,98,93,123,87,8,66,92,74" hai3="48,116,13,35,100,90,76,17,118,20,70,69,108"/><W34/><G100/><T47/><D132/><U84/><E120/><V81/><F123/><W65/><G76/><N who="0" m="44431" /><D11/><U3/><E135/><V58/><F74/><W110/><G90/><T99/><D99/><U29/><E36/><V9/><F81/><W19/><G48/><N who="0" m="26751" /><D23/><U28/><E28/><V67/><F93/><W122/><G65/><T53/><D31/><U121/><E63/><V21/><F21/><N who="3" m="11439" /><G70/><T56/><D56/><U7/><E7/><V14/><F14/><N who="3" m="9335" /><G69/><T41/><D41/><U30/><E131/><AGARI ba="0,0" hai="53,54,55,104,107,129,130,131" m="26751,44431" machi="131" ten="30,7700,0" yaku="19,1,52,3" doraHai="50" who="0" fromWho="1" sc="211,77,389,-77,111,0,289,0" owari="288,-11.2,312,41.2,111,-38.9,289,8.9" /></mjloggm>