<mjloggm ver="2.3"><GO type="225" lobby="0"/><UN n0="%E4%BF%BA%E3%81%A8%E5%A6%96%E5%A4%A2" n1="%E5%B0%8F%E9%B3%A5%E9%81%8A%E7%B7%B4%E7%84%A1%32%31%E6%AD%B3" n2="%E7%B4%94%E6%BD%94%E3%83%94%E3%83%A9%E3%83%8B%E3%82%A2" n3="%E8%81%B7%E6%A5%AD%E3%80%81%E9%A2%A8%32" dan="16,17,17,16" rate="2183.48,2208.64,2233.20,2196.40" sx="F,F,M,M"/><TAIKYOKU oya="0"/><INIT seed="0,0,0,5,4,27" ten="250,250,250,250" oya="0" hai0="52,24,73,12,71,6,128,31,40,90,28,47,111" hai1="2,66,51,4,107,97,22,43,19,55,93,38,53" hai2="25,123,20,26,50,89,65,34,72,118,0,23,58" hai3="76,69,54,80,114,15,127,116,57,70,33,133,32"/><T11/><D71/><U105/><E38/><V82/><F0/><W10/><G114/><T59/><D73/><U122/><E122/><V63/><F123/><W112/><G112/><T92/><D128/><U74/><E74/><V98/><F118/><W86/><G116/><T134/><D134/><U78/><E78/><V49/><F34/><W17/><G133/><T83/><D83/><U35/><E66/><V1/><F1/><W100/><G127/><T60/><D24/><U99/><E43/><V87/><F98/><W18/><G32/><T102/><D102/><U30/><E55/><V120/><F72/><W88/><G33/><T37/><D111/><U21/><E99/><AGARI ba="0,0" hai="6,11,12,28,31,37,40,47,52,59,60,90,92,99" machi="99" ten="30,11600,0" yaku="7,1,52,2,54,1" doraHai="27" who="0" fromWho="1" sc="250,116,250,-116,250,0,250,0" /><INIT seed="0,1,0,2,0,71" ten="366,134,250,250" oya="0" hai0="122,45,116,44,128,63,100,9,132,11,111,67,12" hai1="3,74,25,85,110,109,15,24,16,97,101,89,58" hai2="61,55,121,88,94,118,20,30,90,46,83,35,66" hai3="104,53,79,57,52,65,108,133,0,87,103,4,114"/><T54/><D116/><U81/><E3/><V33/><F121/><W102/><G108/><T86/><D122/><U123/><E74/><V124/><F124/><W98/><G114/><T105/><D128/><U32/><E58/><V126/><F126/><W77/><G133/><T5/><D132/><U23/><E123/><V6/><F6/><W29/><G29/><T99/><D111/><N who="1" m="42507" /><E32/><V47/><F55/><W84/><G0/><T80/><D54/><U38/><E38/><V125/><F35/><W39/><G39/><T19/><D11/><U17/><E17/><V68/><F33/><W92/><G4/><T31/><D31/><U43/><E43/><V82/><F118/><W41/><G41/><T115/><D115/><U107/><AGARI ba="1,0" hai="15,16,23,24,25,81,85,89,97,101,107" m="42507" machi="107" ten="30,2000,0" yaku="14,1,54,1" doraHai="71" who="1" fromWho="1" sc="366,-11,134,23,250,-6,250,-6" /><INIT seed="1,0,0,3,5,50" ten="355,157,244,244" oya="1" hai0="66,57,105,89,30,118,34,51,22,12,71,63,75" hai1="78,4,18,120,46,104,93,17,41,133,56,119,79" hai2="61,106,10,100,3,117,19,102,26,95,60,101,62" hai3="128,38,33,83,7,29,20,65,134,82,27,28,32"/><U9/><E120/><V6/><F117/><W76/><G128/><T70/><D118/><U73/><E104/><V135/><F135/><W99/><G134/><T2/><D2/><U112/><E119/><V43/><F43/><W130/><G130/><T72/><D34/><U39/><E112/><V52/><F106/><W59/><G38/><T125/><D125/><U13/><E133/><V25/><F19/><W96/><G7/><T132/><D132/><U109/><E109/><V74/><F74/><W80/><G76/><T86/><D105/><U11/><E93/><V64/><F95/><W123/><G123/><T107/><D107/><U5/><E56/><V97/><F97/><N who="3" m="37451" /><G32/><T14/><D14/><U45/><E45/><V69/><F64/><W67/><G33/><T49/><D71/><U92/><E92/><V94/><F94/><W68/><G68/><T98/><D70/><U44/><E44/><V37/><F37/><W129/><G129/><T36/><D36/><U127/><E79/><V81/><F81/><W31/><G67/><T40/><D66/><U87/><E87/><V42/><F42/><W115/><G115/><T116/><D86/><U58/><E58/><V85/><F85/><W113/><G113/><T54/><D75/><U0/><REACH who="1" step="1"/><E127/><REACH who="1" ten="355,147,244,244" step="2"/><V114/><F69/><W91/><G91/><T124/><D72/><U84/><E84/><V126/><F126/><W48/><G65/><T35/><D89/><U121/><E121/><V23/><F114/><W8/><G59/><T77/><D124/><U53/><E53/><V15/><F52/><W1/><G48/><RYUUKYOKU ba="0,1" sc="355,-30,147,10,244,10,244,10" hai1="0,4,5,9,11,13,17,18,39,41,46,73,78" hai2="3,6,10,15,23,25,26,60,61,62,100,101,102" hai3="1,8,20,27,28,29,31,80,82,83" /><INIT seed="1,1,1,5,2,65" ten="325,157,254,254" oya="1" hai0="51,117,76,83,61,7,2,9,15,30,29,26,67" hai1="43,92,89,111,59,96,1,132,98,47,4,102,12" hai2="84,45,71,81,72,35,32,14,69,46,104,60,55" hai3="18,23,105,121,106,53,100,108,70,135,134,58,123"/><U36/><E132/><N who="3" m="50730" /><G108/><T78/><D117/><U40/><E40/><V28/><F72/><W128/><G128/><T90/><D90/><U16/><E111/><V80/><F104/><N who="3" m="40043" /><G100/><T34/><D30/><U63/><E4/><V107/><F107/><W85/><G85/><T97/><D97/><U6/><E6/><V75/><F75/><W17/><G70/><T31/><D31/><U110/><E1/><V44/><F14/><N who="3" m="9655" /><G18/><T73/><D76/><U27/><E110/><V82/><F84/><W120/><G123/><T48/><REACH who="0" step="1"/><D2/><REACH who="0" ten="315,157,254,254" step="2"/><U122/><E122/><V131/><F28/><W130/><G130/><T50/><D50/><AGARI ba="1,2" hai="50,53,58,120,121" m="9655,40043,50730" machi="50" ten="30,1000,0" yaku="20,1" doraHai="65" who="3" fromWho="0" sc="315,-13,157,0,254,0,254,33" /><INIT seed="2,0,0,5,3,133" ten="302,157,254,287" oya="2" hai0="107,65,3,97,14,44,24,58,59,36,109,116,74" hai1="132,88,2,20,72,135,114,78,66,16,48,124,112" hai2="70,123,81,67,15,35,121,80,119,131,55,12,134" hai3="115,28,84,5,110,75,49,47,60,26,31,10,50"/><V37/><F119/><W27/><G110/><T79/><D3/><U106/><E106/><V77/><F134/><N who="1" m="51241" /><E66/><V6/><F35/><W22/><G75/><T120/><D120/><U11/><E48/><V111/><F37/><W33/><G115/><N who="1" m="44074" /><E78/><V122/><F111/><W57/><G84/><T87/><D74/><U69/><E69/><V17/><F131/><W8/><G5/><T62/><D59/><U41/><E41/><V95/><F55/><W96/><G96/><T89/><D116/><U86/><E72/><V98/><F6/><W56/><G50/><T42/><D79/><U93/><E11/><V30/><F67/><W101/><G101/><T71/><D109/><U76/><E76/><V94/><F70/><W73/><G73/><T45/><D45/><U32/><E32/><V39/><F39/><W63/><G56/><T105/><D97/><U102/><E102/><V21/><F98/><W90/><G90/><T38/><D38/><U83/><E2/><V29/><F77/><W43/><G63/><T129/><D71/><U40/><E40/><V104/><F104/><W23/><REACH who="3" step="1"/><G33/><REACH who="3" ten="302,157,254,277" step="2"/><T61/><D62/><U52/><E83/><V19/><F121/><W9/><G9/><T64/><D61/><U118/><E118/><V53/><F53/><AGARI ba="0,1" hai="8,10,22,23,26,27,28,31,43,47,49,53,57,60" machi="53" ten="30,12000,2" yaku="1,1,7,1,9,1,8,1,53,2" doraHai="133" doraHaiUra="4" who="3" fromWho="2" sc="302,0,157,0,254,-120,277,130" /><INIT seed="3,0,0,2,5,87" ten="302,157,134,407" oya="3" hai0="47,54,33,15,52,31,58,89,101,85,4,35,28" hai1="51,109,102,88,7,75,2,41,69,127,131,59,39" hai2="40,93,95,66,78,11,111,129,121,18,22,61,79" hai3="94,17,72,60,134,14,8,110,26,23,119,117,21"/><W10/><G72/><T77/><D101/><U105/><E109/><V0/><F111/><W9/><G134/><T16/><D4/><U122/><E69/><V123/><F40/><W128/><G94/><N who="0" m="54575" /><D35/><U48/><E122/><V38/><F38/><W32/><G60/><N who="0" m="35911" /><D33/><U27/><E39/><V130/><F11/><N who="3" m="4171" /><G128/><N who="2" m="49257" /><F0/><W43/><G43/><T50/><D77/><N who="2" m="29194" /><F22/><N who="3" m="8203" /><G110/><T34/><D34/><U80/><E2/><V70/><F18/><W91/><G91/><T37/><D37/><U64/><E88/><V73/><F73/><W13/><G13/><T55/><D55/><U135/><E41/><V114/><F114/><W6/><G6/><T84/><D84/><U116/><E131/><V113/><F113/><W62/><G14/><T68/><D68/><U97/><E7/><V90/><F93/><W24/><G32/><T108/><D108/><U57/><E75/><V65/><F66/><W133/><G119/><T86/><D86/><U125/><E116/><V20/><F20/><W63/><G117/><T53/><D53/><U83/><E64/><V5/><F5/><W81/><G63/><T112/><D112/><U107/><E107/><V74/><F74/><W45/><G62/><T19/><D15/><U100/><E135/><V67/><F65/><W46/><G133/><T49/><D50/><U115/><E115/><V29/><F29/><W104/><G104/><T132/><D132/><U30/><E51/><V98/><AGARI ba="0,0" hai="61,67,70,90,95,98,121,123" m="29194,49257" machi="98" ten="30,2000,0" yaku="19,1,52,1" doraHai="87" who="2" fromWho="2" sc="302,-5,157,-5,134,20,407,-10" owari="297,9.7,152,-34.8,154,-24.6,397,49.7" /></mjloggm>