<mjloggm ver="2.3"><GO type="225" lobby="0"/><UN n0="%4B%2E%32%2E%4B%2E" n1="%E7%B4%94%E6%BD%94%E3%83%94%E3%83%A9%E3%83%8B%E3%82%A2" n2="%E7%99%BD%E5%80%89%E5%AF%9B%E4%B9%8B" n3="%33%74%72%65%65" dan="16,17,16,17" rate="2148.88,2210.19,2144.13,2132.30" sx="M,M,M,F"/><TAIKYOKU oya="0"/><INIT seed="0,0,0,0,1,116" ten="250,250,250,250" oya="0" hai0="22,120,111,74,44,118,6,102,32,47,70,7,31" hai1="14,46,9,8,76,88,79,115,91,119,117,64,63" hai2="133,39,81,34,66,129,43,61,83,17,84,107,16" hai3="54,33,106,56,113,75,124,42,94,0,59,60,123"/><T100/><D118/><U52/><E115/><V90/><F107/><W93/><G106/><T41/><D32/><U62/><E46/><N who="0" m="17449" /><D70/><U86/><E86/><V67/><F39/><W127/><G113/><T114/><D74/><U98/><E64/><V131/><F34/><W77/><G75/><T110/><D41/><U15/><REACH who="1" step="1"/><E98/><REACH who="1" ten="250,240,250,250" step="2"/><V35/><F84/><W89/><G127/><T78/><D114/><U122/><E122/><V126/><F126/><W103/><G123/><T58/><D120/><U26/><E26/><V80/><F67/><W51/><G124/><T108/><D58/><U92/><E92/><V3/><F66/><W96/><G94/><T95/><D78/><U112/><E112/><V40/><F81/><W27/><G77/><T48/><D95/><U109/><E109/><V101/><F80/><W38/><G59/><T128/><D128/><U36/><E36/><V97/><F83/><W72/><G38/><T85/><D85/><U71/><E71/><V68/><F129/><W5/><G72/><T29/><D48/><U25/><E25/><V50/><F68/><W82/><G51/><T104/><D104/><U55/><AGARI ba="0,1" hai="8,9,14,15,52,55,62,63,76,79,88,91,117,119" machi="55" ten="25,12000,2" yaku="1,1,0,1,22,2,54,2,53,0" doraHai="116" doraHaiUra="132" who="1" fromWho="1" sc="250,-60,240,130,250,-30,250,-30" /><INIT seed="1,0,0,1,0,4" ten="190,370,220,220" oya="1" hai0="24,78,100,47,63,134,27,76,36,118,6,20,51" hai1="66,117,98,61,57,70,101,87,119,111,31,83,23" hai2="130,110,16,71,133,11,91,17,0,115,49,46,52" hai3="13,44,29,113,107,5,65,40,103,3,114,73,59"/><U126/><E126/><V88/><F71/><W69/><G59/><T86/><D118/><U105/><E111/><V19/><F110/><W62/><G13/><T95/><D36/><U125/><E125/><V108/><F108/><W127/><G127/><T21/><D134/><U56/><E70/><V10/><F133/><W39/><G73/><T129/><D129/><U106/><E105/><V53/><F130/><W81/><G81/><T82/><D76/><U124/><E57/><V12/><F115/><W14/><G14/><T50/><D6/><U42/><E42/><N who="2" m="24791" /><F0/><W104/><G29/><N who="0" m="17543" /><D63/><U67/><E67/><V90/><F12/><W135/><G135/><T2/><D47/><U128/><E128/><V34/><F34/><W123/><G123/><T77/><D77/><U116/><E124/><V1/><F1/><W22/><G113/><T109/><D2/><U35/><E35/><V64/><F64/><W102/><G114/><T94/><D109/><U131/><E131/><V99/><F99/><W38/><G38/><T74/><D74/><U80/><E87/><V26/><F26/><W89/><G107/><T96/><D94/><U32/><E32/><V60/><F60/><W8/><G104/><T30/><AGARI ba="0,0" hai="21,27,30,50,51,78,82,86,95,96,100" m="17543" machi="30" ten="30,1100,0" yaku="8,1" doraHai="4" who="0" fromWho="0" sc="190,11,370,-5,220,-3,220,-3" /><INIT seed="2,0,0,1,2,62" ten="201,365,217,217" oya="2" hai0="9,2,5,7,128,129,26,115,21,94,58,44,30" hai1="78,88,102,76,66,73,75,41,107,99,74,17,117" hai2="135,69,45,40,59,123,29,114,134,121,93,24,39" hai3="118,97,82,43,68,108,70,16,8,36,11,23,15"/><V4/><F93/><W31/><G118/><T106/><D106/><U35/><E35/><N who="2" m="20903" /><F4/><W131/><G108/><T13/><D115/><U96/><E41/><V65/><F59/><W64/><G131/><N who="0" m="50251" /><D44/><U127/><E17/><V120/><F114/><W33/><G97/><T49/><D94/><N who="1" m="56391" /><E117/><V130/><F130/><W89/><G43/><T25/><D49/><U6/><E6/><V54/><F54/><W34/><G36/><T91/><D91/><U32/><E32/><V56/><F56/><W90/><G34/><N who="0" m="20815" /><D58/><U22/><E22/><V52/><F52/><W122/><G122/><T18/><D7/><U51/><E51/><V113/><F113/><W57/><G57/><T28/><D28/><U10/><E10/><V37/><F37/><W42/><G42/><T104/><D104/><U20/><E20/><V126/><F126/><W101/><G8/><T61/><D61/><AGARI ba="0,0" hai="39,40,45,61,65,69,120,121,123,134,135" m="20903" machi="61" ten="40,3900,0" yaku="23,1,52,1" doraHai="62" who="2" fromWho="0" sc="201,-39,365,0,217,39,217,0" /><INIT seed="2,1,0,1,4,6" ten="162,365,256,217" oya="2" hai0="125,118,89,69,132,27,57,114,68,34,70,35,5" hai1="13,134,75,107,108,56,15,85,52,41,28,97,67" hai2="38,117,46,79,61,90,84,59,65,131,99,87,21" hai3="9,111,40,71,64,24,12,86,29,123,37,135,8"/><V92/><F117/><W45/><G123/><T119/><D114/><U105/><E75/><V22/><F131/><W33/><G111/><T4/><D57/><U81/><E108/><V101/><F38/><W109/><G109/><T44/><D44/><U120/><E120/><V19/><F46/><W25/><G135/><T95/><D132/><U130/><E130/><V103/><F22/><W96/><G12/><T110/><D110/><U122/><E67/><V42/><F42/><W121/><G121/><T7/><D125/><U128/><E28/><V18/><F18/><W39/><G39/><T115/><D115/><U11/><E15/><V43/><F43/><W88/><G96/><T129/><D129/><U116/><E41/><V20/><F20/><W83/><REACH who="3" step="1"/><G24/><REACH who="3" ten="162,365,256,207" step="2"/><T1/><D1/><U62/><E134/><V16/><F99/><W54/><G54/><T77/><D27/><U31/><E122/><V36/><F36/><W14/><G14/><T58/><D118/><U66/><E97/><V26/><F19/><W80/><G80/><AGARI ba="1,1" hai="16,21,26,59,61,65,79,80,84,87,90,92,101,103" machi="80" ten="40,3900,0" yaku="8,1,54,1" doraHai="6" who="2" fromWho="3" sc="162,0,365,0,256,52,207,-42" /><INIT seed="2,2,0,3,5,75" ten="162,365,308,165" oya="2" hai0="88,107,126,12,32,9,7,63,0,96,21,64,92" hai1="47,105,86,48,13,94,23,27,122,90,78,124,116" hai2="42,101,45,131,81,132,29,31,55,37,68,62,25" hai3="77,14,10,35,36,22,98,57,121,97,133,112,110"/><V87/><F132/><W3/><G121/><T65/><D32/><U16/><E105/><V61/><F131/><W104/><G133/><T118/><D118/><U49/><E116/><V59/><F101/><W52/><G36/><T134/><D134/><U128/><E122/><V115/><F115/><W103/><G112/><T91/><D126/><U58/><E124/><V127/><F127/><W72/><G35/><T70/><D107/><U66/><E128/><V129/><F129/><W33/><G33/><T119/><D119/><U76/><E48/><V39/><F39/><W28/><G110/><T117/><D117/><U30/><E66/><V69/><F62/><W130/><G130/><T114/><D114/><U5/><E5/><V67/><F67/><W74/><G98/><T125/><D125/><U50/><E50/><V102/><F102/><W73/><G3/><T111/><D111/><U51/><E49/><V84/><F84/><W80/><G22/><T44/><D44/><U100/><E100/><V123/><F123/><W38/><G28/><T106/><D106/><U53/><E47/><V20/><REACH who="2" step="1"/><F31/><REACH who="2" ten="162,365,298,165" step="2"/><W135/><G38/><T56/><D65/><U120/><E120/><V60/><F60/><W79/><G135/><T99/><D70/><U93/><E93/><V83/><F83/><W109/><G80/><T1/><D99/><U85/><E86/><V43/><F43/><W95/><G109/><T17/><D91/><AGARI ba="2,1" hai="20,25,29,37,42,45,55,59,61,68,69,81,87,91" machi="91" ten="30,2900,0" yaku="1,1,7,1,53,0" doraHai="75" doraHaiUra="15" who="2" fromWho="0" sc="162,-35,365,0,298,45,165,0" /><INIT seed="2,3,0,4,5,96" ten="127,365,343,165" oya="2" hai0="95,43,134,73,87,8,23,60,71,55,68,113,84" hai1="14,83,36,17,44,89,124,97,59,129,88,56,35" hai2="26,48,67,105,10,98,47,74,29,13,1,114,28" hai3="20,61,127,119,135,109,99,49,9,78,16,76,5"/><V93/><F74/><W0/><G119/><T12/><D113/><U120/><E35/><V118/><F118/><W133/><G109/><T66/><D73/><U102/><E129/><V111/><F114/><W86/><G127/><T37/><D134/><N who="3" m="51209" /><G86/><T125/><D71/><U32/><E32/><V85/><F111/><W126/><G126/><T128/><D125/><U27/><E27/><V116/><F1/><W110/><G110/><T18/><D128/><U54/><E120/><V63/><F116/><W81/><G81/><T123/><D123/><U65/><E65/><V62/><F85/><W45/><G61/><N who="2" m="23049" /><F105/><W19/><G99/><T46/><D95/><N who="1" m="58687" /><E36/><V117/><F26/><N who="3" m="14599" /><G19/><T33/><D33/><U69/><E69/><V75/><F67/><W122/><G122/><T2/><REACH who="0" step="1"/><D55/><AGARI ba="3,0" hai="0,5,9,45,49,55,76,78" m="14599,51209" machi="55" ten="30,2000,0" yaku="20,1,54,1" doraHai="96" who="3" fromWho="0" sc="127,-29,365,0,343,0,165,29" /><INIT seed="3,0,0,5,5,82" ten="98,365,343,194" oya="3" hai0="16,71,74,88,61,56,7,62,8,20,124,92,105" hai1="44,115,120,40,93,51,4,47,84,131,30,69,49" hai2="111,91,35,11,32,114,9,2,33,119,42,57,126" hai3="106,76,95,48,34,50,107,103,41,90,19,85,24"/><W0/><G0/><T63/><D105/><U26/><E115/><V60/><F114/><W66/><G66/><T28/><D74/><U116/><E120/><V29/><F119/><W55/><G76/><T1/><D71/><U133/><E69/><V97/><F111/><W89/><G103/><T81/><D124/><U101/><E116/><V18/><F126/><W118/><G118/><T54/><D81/><U67/><E67/><V86/><F42/><W6/><G6/><T36/><D28/><U72/><E72/><V70/><F70/><W129/><G129/><T135/><D135/><U77/><E133/><V22/><F29/><W64/><G64/><T59/><D59/><U52/><E4/><V110/><F97/><W127/><G127/><T14/><REACH who="0" step="1"/><D36/><REACH who="0" ten="88,365,343,194" step="2"/><U100/><E131/><V13/><F110/><W75/><G75/><T80/><D80/><N who="1" m="47119" /><E93/><V10/><F2/><W23/><G106/><T130/><D130/><U113/><E113/><V108/><F108/><W31/><G31/><T27/><D27/><U43/><E43/><V122/><F122/><W53/><G107/><T58/><D58/><U15/><E15/><V79/><F79/><W134/><G134/><T3/><D3/><U73/><E73/><V132/><F132/><W68/><G68/><T65/><D65/><U38/><E38/><V99/><F99/><W83/><G41/><T104/><D104/><U98/><E98/><V46/><F46/><W102/><G83/><T25/><D25/><U125/><E125/><V117/><F117/><W94/><G24/><T128/><D128/><U21/><AGARI ba="0,1" hai="21,26,30,40,44,47,49,51,52,100,101" m="47119" machi="21" ten="30,7900,0" yaku="5,1,8,1,52,1,54,1" doraHai="82" who="1" fromWho="1" sc="88,-20,365,89,343,-20,194,-39" owari="68,-43.2,454,55.4,323,12.3,155,-24.5" /></mjloggm>