<mjloggm ver="2.3"><GO type="225" lobby="0"/><UN n0="%70%68%65%6E%6F%6D%65" n1="%E3%80%93%E3%81%97%E3%83%BC%E3%82%89%E3%80%93" n2="%E5%A4%8F%E9%88%B4%E9%88%B4%E5%A4%8F" n3="%E3%81%90%E3%81%A1%E3%82%84%E3%81%BE" dan="16,16,16,16" rate="2136.71,2199.53,2145.83,2121.90" sx="M,M,F,M"/><TAIKYOKU oya="0"/><INIT seed="0,0,0,3,5,70" ten="250,250,250,250" oya="0" hai0="109,59,107,60,15,74,76,44,4,20,23,0,118" hai1="21,19,61,91,66,99,93,27,116,68,30,47,106" hai2="43,51,84,121,85,81,115,24,75,77,3,12,46" hai3="82,127,124,2,95,29,5,50,64,28,92,122,123"/><T80/><D118/><U135/><E135/><V10/><F115/><W67/><G82/><T133/><D133/><U58/><E116/><V49/><F121/><N who="3" m="46091" /><G50/><T55/><D107/><U104/><E47/><V16/><F3/><W41/><G5/><T120/><D120/><U65/><E65/><N who="3" m="25162" /><G41/><T132/><D132/><U38/><E38/><V126/><F126/><N who="3" m="48171" /><G2/><T31/><D109/><U45/><E45/><V11/><F51/><W96/><G96/><T86/><D0/><U37/><E37/><V71/><F71/><W40/><G40/><T100/><D74/><U63/><E63/><V72/><F75/><W113/><G113/><T97/><D44/><U111/><E111/><V117/><F117/><W9/><G9/><T73/><D73/><U25/><E68/><V48/><F48/><W105/><G105/><T130/><D130/><U78/><E78/><V87/><F10/><W69/><G69/><T94/><D31/><AGARI ba="0,0" hai="28,29,31,92,95" m="48171,25162,46091" machi="31" ten="40,8000,1" yaku="28,2,13,1,18,1" doraHai="70" who="3" fromWho="0" sc="250,-80,250,0,250,0,250,80" /><INIT seed="1,0,0,1,3,36" ten="170,250,250,330" oya="1" hai0="11,95,38,123,103,106,101,111,60,109,85,84,33" hai1="70,98,68,31,100,42,105,92,79,81,35,29,116" hai2="32,72,132,75,25,102,117,121,130,7,10,46,40" hai3="129,55,2,126,52,21,112,64,59,131,128,124,15"/><U69/><E116/><V28/><F117/><W0/><G112/><T120/><D33/><U114/><E114/><V37/><F121/><N who="0" m="46666" /><D11/><U93/><E42/><V133/><F102/><N who="0" m="38922" /><D60/><U47/><E47/><V26/><F26/><W58/><G64/><T16/><D38/><U83/><E35/><V62/><F62/><W8/><G21/><T17/><D106/><U23/><E23/><V99/><F99/><W88/><G58/><T63/><D63/><U5/><E5/><V49/><F49/><W30/><G30/><T77/><D77/><U82/><REACH who="1" step="1"/><E79/><REACH who="1" ten="170,240,250,330" step="2"/><V122/><F122/><W43/><G131/><T20/><D17/><U134/><E134/><N who="2" m="51819" /><F130/><W12/><G129/><T3/><D3/><AGARI ba="0,1" hai="3,7,10,25,28,32,37,40,46,72,75" m="51819" machi="3" ten="30,3900,0" yaku="20,1,23,1,52,1" doraHai="36" who="2" fromWho="0" sc="170,-39,240,0,250,49,330,0" /><INIT seed="2,0,0,3,5,9" ten="131,240,299,330" oya="2" hai0="87,88,68,6,111,125,32,7,70,20,80,112,77" hai1="58,65,109,43,38,82,130,99,100,76,59,28,66" hai2="123,75,22,17,31,92,129,56,120,90,96,1,14" hai3="5,64,35,117,67,128,30,47,0,45,54,91,74"/><V122/><F129/><W83/><G117/><T46/><D112/><U78/><E130/><V98/><F75/><W49/><G128/><T41/><D32/><U61/><E109/><V36/><F36/><W16/><G0/><T13/><D111/><U60/><E28/><V118/><F118/><W124/><G35/><T79/><D125/><U18/><E82/><V131/><F131/><W27/><G124/><T104/><D104/><U4/><E4/><N who="0" m="1577" /><D68/><U81/><E81/><V94/><F1/><W97/><G5/><T121/><D70/><U134/><E134/><V110/><F110/><W107/><G30/><T40/><D121/><U51/><E38/><V103/><F31/><W48/><G107/><T26/><D26/><U113/><E113/><V29/><F29/><W63/><G63/><T85/><D46/><U23/><E51/><V101/><REACH who="2" step="1"/><F56/><REACH who="2" ten="131,240,289,330" step="2"/><W71/><G71/><T93/><D77/><U95/><REACH who="1" step="1"/><E43/><REACH who="1" ten="131,230,289,330" step="2"/><V21/><F21/><W86/><G74/><T39/><D39/><U53/><E53/><V105/><F105/><W73/><G73/><T50/><D50/><U11/><E11/><V52/><F52/><W119/><G49/><T57/><D57/><U33/><E33/><V133/><F133/><W3/><G48/><T114/><D114/><U72/><E72/><V135/><F135/><W55/><G54/><T24/><D41/><U44/><E44/><V34/><F34/><W37/><G47/><T62/><D40/><U25/><AGARI ba="0,2" hai="18,23,25,58,59,60,61,65,66,76,78,95,99,100" machi="25" ten="20,8000,1" yaku="1,1,0,1,7,1,9,1,8,1,53,0" doraHai="9" doraHaiUra="10" who="1" fromWho="1" sc="131,-20,230,100,289,-40,330,-20" /><INIT seed="3,0,0,1,1,94" ten="111,330,249,310" oya="3" hai0="65,18,21,87,124,106,134,36,13,79,44,132,109" hai1="15,75,85,53,102,4,93,82,118,126,37,121,0" hai2="31,43,16,69,120,84,90,98,38,8,113,133,41" hai3="32,25,62,5,100,19,119,33,80,83,127,64,89"/><W52/><G119/><T22/><D65/><U47/><E121/><V105/><F113/><W7/><G127/><T61/><D61/><U50/><E126/><V91/><F120/><W54/><G33/><T111/><D44/><U88/><E37/><V72/><F133/><N who="0" m="51306" /><D36/><U107/><E0/><V95/><F72/><W24/><G32/><T101/><D124/><U58/><E118/><V122/><F69/><W97/><G89/><T117/><D21/><U51/><E107/><V39/><F105/><W12/><G64/><T92/><D117/><U3/><E75/><V49/><F122/><W131/><G131/><T35/><D35/><U86/><E3/><V76/><F76/><W108/><G108/><N who="0" m="41547" /><D13/><U130/><E130/><V68/><F68/><W66/><G66/><T40/><D40/><U55/><E15/><V2/><F38/><W70/><G70/><T14/><D106/><U115/><E47/><V34/><F39/><W128/><G128/><T17/><D17/><U77/><E55/><N who="3" m="21034" /><G62/><T74/><D74/><U63/><E63/><V1/><F49/><W59/><G59/><T11/><D22/><U135/><E51/><V71/><F71/><W10/><G5/><T57/><D57/><U30/><E4/><N who="2" m="1039" /><F2/><W26/><G7/><T20/><D20/><U27/><E135/><V60/><F16/><W46/><G46/><T23/><D23/><U56/><E58/><V42/><F60/><W45/><G45/><T73/><D73/><U99/><E56/><V96/><F34/><W28/><G28/><T9/><D18/><U123/><E50/><V112/><F41/><RYUUKYOKU ba="0,0" sc="111,-10,330,-10,249,-10,310,30" hai3="10,12,19,24,25,26,80,83,97,100" owari="101,-39.9,320,12.0,239,-16.1,340,44.0" /></mjloggm>