<mjloggm ver="2.3"><GO type="225" lobby="0"/><UN n0="%E6%A1%9C%E8%8A%B1%E9%96%83%E3%80%85" n1="%E3%81%8A%E3%81%AB%E3%82%83%E3%81%8A%E3%81%A1%E3%82%83" n2="%E3%81%AF%E3%82%88%E3%81%8A%E3%81%98%E3%81%95%E3%82%93" n3="%E6%97%A5%E6%9B%9C%E6%97%A5%E3%82%88%E3%82%8A%E3%81%AE%E4%BD%BF%E8%80%85" dan="17,16,17,17" rate="2280.27,2092.31,2217.76,2248.74" sx="M,M,M,M"/><TAIKYOKU oya="0"/><INIT seed="0,0,0,5,5,40" ten="250,250,250,250" oya="0" hai0="133,29,91,16,116,46,121,67,82,84,50,81,135" hai1="34,79,115,63,77,35,14,36,45,27,129,96,118" hai2="80,78,32,112,101,1,0,41,18,66,23,43,37" hai3="123,87,24,131,11,73,57,31,68,119,58,106,76"/><T30/><D116/><U59/><E118/><V17/><F32/><W93/><G68/><T9/><D121/><U21/><E129/><V52/><F112/><W100/><G119/><T109/><D67/><U26/><E115/><V20/><F66/><W25/><G106/><T72/><D109/><U55/><E14/><V127/><F101/><W6/><G73/><T94/><D72/><U75/><E26/><V47/><F127/><W33/><G131/><T122/><D122/><U38/><E38/><V2/><F43/><W130/><G130/><T5/><D5/><U53/><E96/><V51/><F20/><W95/><G24/><T90/><D135/><U54/><E54/><V103/><F103/><W85/><G123/><T62/><D62/><U56/><E36/><V71/><F71/><W110/><G110/><T3/><D3/><U15/><E15/><V108/><F23/><W88/><G76/><T44/><D82/><U4/><E4/><V99/><F99/><W89/><REACH who="3" step="1"/><G100/><REACH who="3" ten="250,250,250,240" step="2"/><T102/><D102/><U39/><E79/><V65/><F108/><W42/><G42/><N who="0" m="24855" /><D133/><U114/><E77/><V28/><F28/><W134/><G134/><T61/><D30/><U97/><E75/><V105/><F105/><W124/><G124/><T7/><D29/><U113/><E114/><V64/><F41/><W74/><G74/><T8/><D91/><U98/><E113/><V83/><F37/><W128/><G128/><T117/><D90/><U104/><E104/><V49/><F78/><W60/><G60/><T86/><D117/><U13/><E39/><V132/><F132/><RYUUKYOKU ba="0,1" sc="250,-10,250,-10,250,-10,240,30" hai3="6,11,25,31,33,57,58,85,87,88,89,93,95" /><INIT seed="1,1,1,1,5,45" ten="240,240,240,270" oya="1" hai0="88,128,15,86,61,49,133,66,74,59,33,135,111" hai1="28,31,7,98,17,41,8,67,92,126,75,114,35" hai2="103,80,55,18,127,3,40,81,104,56,30,50,134" hai3="27,117,34,54,78,118,47,99,125,120,77,116,4"/><U21/><E114/><V20/><F3/><W62/><G120/><T60/><D74/><U79/><E126/><V38/><F38/><W101/><G4/><T63/><D111/><U105/><E105/><V9/><F127/><W13/><G13/><T94/><D128/><U29/><E35/><V91/><F134/><N who="0" m="51210" /><D33/><U0/><E67/><V84/><F104/><W129/><G125/><T57/><D15/><U51/><E79/><V65/><F103/><W123/><G123/><T112/><D112/><U37/><E37/><V58/><F40/><W44/><G129/><T26/><D26/><U119/><E75/><V46/><F30/><N who="3" m="19807" /><G62/><N who="0" m="24171" /><D49/><U121/><E119/><V132/><F65/><W6/><G6/><T70/><AGARI ba="1,1" hai="57,59,63,66,70,86,88,94" m="24171,51210" machi="70" ten="30,2000,0" yaku="20,1,54,1" doraHai="45" who="0" fromWho="0" sc="240,33,240,-11,240,-6,270,-6" /><INIT seed="2,0,0,1,3,89" ten="273,229,234,264" oya="2" hai0="19,41,72,39,92,1,7,102,9,34,107,18,62" hai1="33,35,94,2,115,122,84,69,51,65,68,119,42" hai2="104,55,95,86,88,110,6,91,56,36,109,44,125" hai3="60,8,52,105,63,46,31,96,61,54,14,64,134"/><V58/><F104/><W0/><G0/><T108/><D107/><U126/><E115/><V82/><F125/><W114/><G114/><T135/><D34/><U130/><E119/><V38/><F6/><W40/><G31/><T37/><D108/><N who="2" m="41578" /><F44/><W4/><G134/><T75/><D62/><U133/><E2/><V90/><F90/><W67/><G105/><T132/><D18/><U43/><E94/><V50/><F58/><W48/><REACH who="3" step="1"/><G96/><AGARI ba="0,0" hai="36,38,50,55,56,82,86,88,91,95,96" m="41578" machi="96" ten="30,11600,0" yaku="14,1,10,1,52,1,54,1" doraHai="89" who="2" fromWho="3" sc="273,0,229,0,234,116,264,-116" /><INIT seed="2,1,0,5,5,54" ten="273,229,350,148" oya="2" hai0="114,6,66,116,129,56,128,96,74,42,13,47,82" hai1="104,90,75,112,18,111,51,102,109,125,122,48,17" hai2="55,73,93,38,80,30,32,24,20,115,14,67,11" hai3="103,12,44,2,39,49,118,86,25,121,133,62,65"/><V68/><F115/><W16/><G2/><T107/><D114/><U95/><E112/><V124/><F38/><W9/><G118/><T4/><D116/><U130/><E122/><V8/><F124/><W88/><G121/><T134/><D134/><U120/><E120/><V0/><F67/><W19/><G133/><T31/><D31/><U131/><E125/><V3/><F68/><W87/><G39/><N who="0" m="21983" /><D13/><U41/><E75/><V126/><F126/><W84/><G103/><N who="0" m="62951" /><D56/><U123/><E123/><V7/><F93/><W43/><G25/><T117/><D66/><U60/><E60/><V76/><F55/><W40/><G19/><N who="1" m="7178" /><E102/><V89/><F89/><W26/><G26/><T78/><D117/><U92/><E104/><V57/><F57/><N who="3" m="37071" /><G43/><T127/><D127/><U5/><E5/><V135/><F135/><W108/><G108/><N who="1" m="41546" /><E41/><V61/><F61/><W83/><AGARI ba="1,0" hai="9,12,16,40,44,49,83,84,86,87,88" m="37071" machi="83" ten="30,7900,0" yaku="8,1,52,1,54,2" doraHai="54" who="3" fromWho="3" sc="273,-21,229,-21,350,-40,148,82" /><INIT seed="3,0,0,2,3,17" ten="252,208,310,230" oya="3" hai0="1,88,129,114,29,127,31,37,126,75,49,115,132" hai1="68,99,76,30,51,41,90,74,123,3,50,38,69" hai2="53,70,13,98,12,108,124,27,102,56,130,7,57" hai3="20,83,89,134,19,118,84,64,71,8,11,86,40"/><W62/><G118/><T100/><D37/><U131/><E123/><V55/><F70/><W80/><G40/><T52/><D129/><U107/><E131/><V32/><F130/><W47/><G47/><N who="0" m="27711" /><D132/><U72/><E3/><V105/><F108/><W125/><G125/><N who="0" m="47627" /><D75/><U42/><E30/><N who="0" m="11273" /><D1/><U39/><E90/><V87/><F124/><W48/><G48/><T9/><D9/><U109/><E99/><V23/><F32/><W5/><G134/><T44/><D44/><U65/><E65/><V54/><F87/><W15/><G5/><T2/><D2/><U85/><E85/><V4/><F7/><W18/><G18/><T92/><D100/><U10/><E10/><V120/><F120/><W58/><G71/><T28/><N who="0" m="11281" /><T82/><DORA hai="46" /><D82/><U103/><E103/><V116/><F116/><W34/><G34/><T14/><D14/><U121/><E121/><V97/><F12/><W79/><AGARI ba="0,0" hai="8,11,15,19,20,58,62,64,79,80,83,84,86,89" machi="79" ten="20,7800,0" yaku="0,1,7,1,8,1,52,1" doraHai="17,46" who="3" fromWho="3" sc="252,-26,208,-26,310,-26,230,78" owari="226,-17.4,182,-31.8,284,8.4,308,40.8" /></mjloggm>