<mjloggm ver="2.3"><GO type="225" lobby="0"/><UN n0="%E9%A6%AC%E5%BC%95%E7%81%AB%33" n1="%E5%B0%8F%E9%B3%A5%E9%81%8A%E7%B7%B4%E7%84%A1%32%31%E6%AD%B3" n2="%EF%BC%AE%EF%BC%A1%EF%BC%AF%33%33%39" n3="%E6%A1%9C%E8%8A%B1%E9%96%83%E3%80%85" dan="17,16,16,16" rate="2180.74,2169.34,2116.47,2189.53" sx="M,F,M,M"/><TAIKYOKU oya="0"/><INIT seed="0,0,0,2,5,133" ten="250,250,250,250" oya="0" hai0="120,47,88,25,98,118,82,112,4,43,103,101,51" hai1="93,3,69,121,68,65,19,132,97,49,79,76,99" hai2="84,52,130,10,75,126,36,104,5,15,89,31,131" hai3="56,55,13,6,58,125,9,27,107,28,116,37,54"/><T128/><D112/><U96/><E3/><V2/><F75/><W57/><G116/><T64/><D118/><U42/><E132/><V48/><F104/><W50/><G107/><T95/><D120/><U80/><E121/><V66/><F66/><W73/><G73/><T34/><D128/><N who="2" m="49194" /><F36/><W110/><G37/><T35/><D4/><U21/><E93/><N who="2" m="54439" /><F31/><W105/><G105/><T62/><D25/><U63/><E69/><V44/><F126/><W78/><G78/><T83/><D34/><U91/><E91/><V61/><F61/><W90/><G110/><T122/><D35/><U134/><E134/><V18/><F18/><W23/><G125/><T45/><D45/><U92/><E92/><V30/><F30/><W102/><G102/><T71/><REACH who="0" step="1"/><D122/><REACH who="0" ten="240,250,250,250" step="2"/><U115/><E115/><V29/><F29/><W17/><G28/><T41/><D41/><U86/><E42/><V40/><F40/><W8/><G6/><T108/><D108/><U113/><E113/><V0/><AGARI ba="0,1" hai="0,2,5,10,15,44,48,52" m="54439,49194" machi="0" ten="30,2000,0" yaku="19,1,54,1" doraHai="133" who="2" fromWho="2" sc="240,-10,250,-5,250,30,250,-5" /><INIT seed="1,0,0,0,3,97" ten="230,245,280,245" oya="1" hai0="131,54,102,103,61,92,122,108,59,89,72,132,115" hai1="107,82,64,101,133,6,32,8,55,129,28,67,36" hai2="104,123,66,45,19,60,81,118,121,125,75,5,34" hai3="13,16,86,117,4,116,100,42,130,71,1,49,14"/><U63/><E129/><V57/><F118/><W3/><G71/><T20/><D115/><U33/><E36/><V80/><F34/><W119/><G130/><T77/><D131/><U96/><E133/><V111/><F5/><W135/><G135/><T10/><D132/><U126/><E126/><V68/><F104/><W78/><G100/><N who="0" m="38443" /><D72/><U30/><E55/><V113/><F125/><W134/><G134/><T74/><D74/><U29/><E82/><V2/><F2/><N who="3" m="523" /><G4/><T87/><D108/><U40/><E40/><V39/><F111/><W93/><G16/><T0/><D0/><U7/><E67/><V17/><F113/><W58/><G78/><T128/><D128/><U22/><E6/><V124/><F124/><W114/><G114/><T35/><D35/><U48/><E32/><V105/><F105/><W90/><G42/><T24/><D122/><U50/><E33/><V44/><F75/><W18/><G18/><N who="0" m="12311" /><D77/><U94/><E107/><V70/><F39/><W91/><G91/><T23/><D23/><U62/><E22/><V52/><F70/><W12/><G12/><T98/><D98/><U46/><E8/><AGARI ba="0,0" hai="8,10,54,59,61,87,89,92" m="12311,38443" machi="8" ten="30,7700,0" yaku="8,1,52,3" doraHai="97" who="0" fromWho="1" sc="230,77,245,-77,280,0,245,0" /><INIT seed="2,0,0,2,3,14" ten="307,168,280,245" oya="2" hai0="119,20,0,47,112,17,50,1,63,46,76,103,31" hai1="128,125,81,98,126,22,79,58,114,52,82,51,55" hai2="38,71,93,115,97,117,88,32,124,132,72,10,6" hai3="40,57,83,104,85,49,59,45,33,62,87,21,42"/><V70/><F38/><W60/><G33/><T121/><D121/><U77/><E114/><V41/><F115/><W65/><G104/><T122/><D122/><U12/><E98/><V109/><F117/><W78/><G42/><T23/><D112/><U11/><E22/><V113/><F113/><W131/><G131/><T120/><D120/><U7/><E128/><V89/><F32/><W27/><G85/><T48/><D76/><U35/><E35/><V130/><F72/><W129/><G129/><T24/><D119/><U56/><E79/><V107/><F107/><W84/><G84/><T86/><D86/><U75/><REACH who="1" step="1"/><E81/><REACH who="1" ten="307,158,280,245" step="2"/><V94/><F130/><W2/><G2/><T30/><D20/><U73/><E73/><V134/><F132/><W53/><G21/><T43/><D0/><U108/><E108/><V92/><F134/><W3/><G3/><T18/><D1/><U54/><E54/><V135/><F109/><W66/><G53/><T80/><D80/><U4/><E4/><V123/><F123/><W34/><G34/><T68/><D30/><U39/><E39/><V90/><F135/><W5/><G27/><T95/><D23/><U127/><E127/><V105/><F124/><W36/><G5/><T29/><D24/><U118/><E118/><V99/><F105/><W69/><G36/><T116/><D29/><U28/><E28/><V44/><F71/><AGARI ba="0,1" hai="40,45,49,57,59,60,62,65,66,69,71,78,83,87" machi="71" ten="30,2000,0" yaku="7,1,9,1" doraHai="14" who="3" fromWho="2" sc="307,0,158,0,280,-20,245,30" /><INIT seed="3,0,0,5,4,0" ten="307,158,260,275" oya="3" hai0="126,84,40,118,48,80,50,53,27,130,61,46,110" hai1="125,98,104,88,79,62,59,67,37,60,134,69,45" hai2="106,107,91,72,122,41,10,76,44,9,127,57,82" hai3="114,12,63,132,73,101,6,4,30,35,93,17,38"/><W100/><G114/><T25/><D118/><U133/><E79/><V74/><F74/><W56/><G38/><T22/><D110/><U129/><E104/><V21/><F127/><W58/><G73/><T117/><D117/><U121/><E121/><V109/><F109/><W3/><G3/><T85/><D126/><U8/><E8/><V36/><F122/><W51/><G132/><T123/><D123/><U113/><E113/><V43/><F43/><W19/><G35/><T7/><D130/><U39/><E125/><V68/><F68/><W16/><G30/><T97/><D7/><N who="3" m="2601" /><G12/><T18/><D61/><U92/><E129/><V75/><F75/><W77/><G77/><N who="0" m="46095" /><D97/><U116/><E116/><V23/><F107/><W119/><G119/><T105/><D85/><U5/><E5/><V49/><F106/><W65/><G93/><T1/><D105/><U33/><E33/><V78/><F78/><W111/><G111/><T64/><D64/><U81/><E81/><V135/><F135/><N who="1" m="51721" /><E45/><V128/><F128/><W29/><G29/><T86/><D86/><U96/><E98/><V71/><F72/><W13/><G13/><N who="0" m="9551" /><D1/><U124/><E124/><V131/><F131/><W94/><G94/><T83/><D83/><U89/><E89/><V120/><F91/><W15/><G15/><T102/><D102/><U99/><E96/><V42/><F120/><W103/><G103/><T52/><D40/><U28/><E28/><V55/><F42/><W32/><G32/><T20/><D20/><N who="2" m="7754" /><F82/><W90/><G100/><T14/><D14/><U11/><E11/><N who="2" m="4107" /><F76/><W31/><G101/><RYUUKYOKU ba="0,0" sc="307,10,158,10,260,10,275,-30" hai0="25,27,46,48,50,52,53" hai1="37,39,59,60,62,67,69,88,92,99" hai2="36,41,44,49,55,57,71" owari="317,41.7,168,-33.2,270,7.0,245,-15.5" /></mjloggm>