<mjloggm ver="2.3"><GO type="225" lobby="0"/><UN n0="%E3%83%A9%E3%83%BC%E3%83%A1%E3%83%B3%E4%BA%94%E9%83%8E" n1="%E3%83%96%E3%83%83%E3%83%91%E3%82%AA%E3%83%96%E3%83%81%E3%82%AD%E3%83%B3" n2="%E3%81%BF%E3%81%BF%E3%81%9A" n3="%E5%BD%A1%E4%B9%9D%E4%B9%9D" dan="16,16,17,16" rate="2147.69,2156.41,2232.92,2080.03" sx="M,M,M,F"/><TAIKYOKU oya="0"/><INIT seed="0,0,0,2,3,120" ten="250,250,250,250" oya="0" hai0="42,107,12,35,43,41,92,9,33,116,13,68,3" hai1="131,20,99,93,64,124,17,67,127,47,72,135,100" hai2="39,32,0,106,86,89,118,77,134,123,95,85,88" hai3="117,44,125,65,126,37,14,78,101,104,50,82,71"/><T60/><D107/><U113/><E131/><V97/><F32/><W102/><G117/><T75/><D116/><U7/><E135/><V119/><F0/><W83/><G37/><T56/><D75/><U52/><E72/><V5/><F39/><W109/><G82/><T74/><D74/><U26/><E7/><V115/><F5/><W66/><G71/><T112/><D112/><U110/><E113/><V103/><F115/><W1/><G1/><T70/><D3/><U8/><E110/><V105/><F123/><W62/><G14/><T80/><D80/><U21/><E8/><V45/><F45/><W121/><G121/><T111/><D13/><U81/><E81/><N who="2" m="47279" /><F134/><W79/><G79/><T73/><D73/><U108/><E108/><V53/><F53/><N who="3" m="29895" /><G109/><T114/><D111/><U58/><E47/><V25/><F25/><W29/><G29/><T22/><D114/><U51/><REACH who="1" step="1"/><E21/><REACH who="1" ten="250,240,250,250" step="2"/><V15/><F119/><W36/><G83/><T49/><D22/><U94/><E94/><N who="2" m="54551" /><F118/><W61/><G104/><N who="2" m="40041" /><F15/><W11/><G11/><T4/><D33/><U40/><E40/><V57/><F57/><W98/><G36/><T34/><D35/><U129/><E129/><V48/><F48/><W10/><G10/><T30/><D49/><U38/><E38/><V46/><F46/><W2/><G78/><T96/><D34/><U128/><E128/><V69/><F69/><W55/><G2/><T133/><D133/><U24/><E24/><V31/><F31/><W63/><G62/><T122/><D30/><U23/><E23/><V90/><AGARI ba="0,1" hai="89,90,95,97,103" m="40041,54551,47279" machi="90" ten="30,12000,2" yaku="35,5,54,1" doraHai="120" who="2" fromWho="2" sc="250,-60,240,-30,250,130,250,-30" /><INIT seed="1,0,0,0,5,76" ten="190,210,380,220" oya="1" hai0="78,31,69,6,115,94,46,35,63,109,27,133,80" hai1="16,38,95,9,62,79,75,12,61,77,132,53,60" hai2="128,7,39,22,81,70,126,8,85,108,110,18,54" hai3="34,98,58,91,134,84,129,114,71,44,124,47,65"/><U57/><E132/><V17/><F126/><W86/><G114/><T93/><D115/><U113/><E113/><V112/><F112/><W19/><G71/><T50/><D133/><U2/><E38/><V82/><F39/><W118/><G134/><T43/><D109/><N who="2" m="42090" /><F128/><W87/><G124/><T56/><D6/><U100/><E2/><N who="2" m="119" /><F70/><W89/><G129/><T73/><REACH who="0" step="1"/><D69/><REACH who="0" ten="180,210,380,220" step="2"/><U68/><E68/><V45/><F85/><W29/><G87/><T55/><AGARI ba="0,1" hai="27,31,35,43,46,50,55,56,63,73,78,80,93,94" machi="55" ten="20,12000,2" yaku="1,1,2,1,0,1,7,1,52,1,53,1" doraHai="76" doraHaiUra="49" who="0" fromWho="0" sc="180,130,210,-60,380,-30,220,-30" /><INIT seed="2,0,0,5,3,20" ten="310,150,350,190" oya="2" hai0="33,23,28,29,32,59,10,50,94,112,25,56,2" hai1="107,62,110,4,7,72,121,69,115,123,124,87,105" hai2="116,6,76,40,22,111,85,100,131,46,127,77,114" hai3="78,58,53,63,81,54,99,24,37,75,57,130,80"/><V134/><F114/><W79/><G37/><T65/><D112/><U106/><E115/><V103/><F116/><W73/><G99/><T97/><D2/><U43/><E72/><V64/><F127/><W118/><G130/><T51/><D10/><U8/><E124/><V1/><F131/><W86/><G118/><T5/><D5/><U0/><E110/><V55/><F111/><W92/><G92/><T68/><D68/><U12/><E43/><V19/><F64/><W129/><G129/><T119/><D119/><U133/><E133/><V109/><F55/><W122/><G122/><T34/><D29/><U15/><E69/><V30/><F30/><W11/><G11/><T17/><D17/><U74/><E74/><V26/><F109/><W102/><G102/><N who="0" m="60727" /><D56/><U41/><E62/><AGARI ba="0,0" hai="23,25,28,32,33,34,50,51,59,62,65" m="60727" machi="62" ten="30,2000,0" yaku="25,1,52,1" doraHai="20" who="0" fromWho="1" sc="310,20,150,-20,350,0,190,0" /><INIT seed="3,0,0,4,4,87" ten="330,130,350,190" oya="3" hai0="44,107,82,61,30,35,4,90,100,117,32,49,25" hai1="95,21,88,92,105,125,57,133,116,120,15,108,13" hai2="106,122,36,71,64,77,73,42,128,58,8,135,110" hai3="9,70,83,10,113,131,5,24,47,23,19,2,41"/><W52/><G113/><T111/><D117/><U54/><E120/><V18/><F106/><W39/><G131/><T112/><D112/><U0/><E116/><V119/><F58/><W102/><G70/><T104/><D35/><U60/><E108/><V1/><F18/><W114/><G114/><T27/><D111/><U26/><E125/><V34/><F119/><W124/><G124/><T38/><D38/><U22/><E133/><V75/><F135/><W16/><G102/><T78/><D4/><U11/><E105/><V63/><F110/><W6/><G83/><T46/><D25/><U93/><E0/><V7/><F128/><W37/><G52/><T51/><D78/><U84/><E11/><V98/><F98/><W86/><G86/><N who="0" m="50519" /><D107/><U62/><E62/><V121/><F34/><W48/><REACH who="3" step="1"/><G19/><REACH who="3" ten="330,130,350,180" step="2"/><T94/><D44/><U65/><E54/><V45/><F75/><W20/><G20/><N who="1" m="7786" /><E26/><V118/><F118/><W91/><G91/><T85/><D46/><U31/><E31/><V129/><F129/><W67/><G67/><T101/><D27/><U53/><E53/><V55/><F55/><W103/><G103/><T29/><D29/><U99/><E99/><V56/><F56/><W132/><G132/><T33/><D30/><U115/><E115/><V12/><F73/><W50/><G50/><N who="0" m="18955" /><D104/><U126/><E126/><V40/><F77/><W69/><G69/><T14/><D101/><U89/><E89/><V79/><F79/><W59/><G59/><T96/><D100/><U43/><E43/><V74/><F40/><W134/><G134/><T127/><D127/><RYUUKYOKU ba="0,1" sc="330,-15,130,15,350,-15,180,15" hai1="13,15,57,60,65,84,88,92,93,95" hai3="2,5,6,9,10,16,23,24,37,39,41,47,48" /><INIT seed="3,1,1,5,2,122" ten="315,145,335,195" oya="3" hai0="78,101,92,33,126,62,3,46,21,73,89,34,71" hai1="43,41,98,53,28,32,23,38,57,124,35,80,110" hai2="1,131,123,77,127,27,90,93,129,61,105,37,118" hai3="14,50,63,4,26,16,130,65,29,45,87,40,25"/><W94/><G130/><N who="2" m="49673" /><F118/><W112/><G112/><T42/><D3/><U85/><E124/><V95/><F127/><W102/><G4/><T11/><D126/><U114/><E114/><V19/><F105/><W66/><G29/><T97/><D73/><U56/><E38/><V58/><F123/><W8/><G65/><T81/><D11/><U76/><E35/><V49/><F37/><W20/><G8/><T55/><D21/><U74/><E32/><V106/><F106/><W91/><REACH who="3" step="1"/><G102/><REACH who="3" ten="315,145,335,185" step="2"/><T113/><D101/><U115/><E115/><V100/><F100/><W39/><G39/><T84/><D113/><U54/><E74/><V96/><F19/><W51/><G51/><T69/><D33/><U48/><E110/><V52/><F49/><W104/><G104/><T17/><D34/><U119/><E119/><V2/><F1/><W13/><G13/><T7/><D7/><U86/><E98/><V82/><F27/><W18/><G18/><T120/><D17/><U83/><E28/><V132/><F2/><W128/><G128/><T75/><D120/><U133/><E133/><V109/><F132/><W135/><G135/><T30/><D30/><U31/><E31/><V15/><F15/><W9/><G9/><T111/><D62/><U36/><E36/><V121/><F109/><W6/><G6/><T117/><D111/><U60/><REACH who="1" step="1"/><E23/><REACH who="1" ten="315,135,335,185" step="2"/><V72/><F121/><W99/><G99/><T125/><D117/><U68/><E68/><AGARI ba="1,3" hai="14,16,20,25,26,40,45,50,63,66,68,87,91,94" machi="68" ten="30,5800,0" yaku="1,1,7,1,54,1,53,0" doraHai="122" doraHaiUra="24" who="3" fromWho="1" sc="315,0,135,-61,335,0,185,91" /><INIT seed="3,2,0,1,3,121" ten="315,74,335,276" oya="3" hai0="62,114,0,43,81,12,84,10,38,4,131,79,89" hai1="133,101,54,86,117,93,60,74,132,47,116,26,15" hai2="110,91,73,37,16,111,87,31,128,78,42,66,35" hai3="32,112,95,28,1,92,63,103,5,27,98,33,115"/><W67/><G33/><T129/><D114/><U127/><E15/><V2/><F2/><W9/><REACH who="3" step="1"/><G95/><REACH who="3" ten="315,74,335,266" step="2"/><T14/><D62/><U58/><E74/><V41/><F35/><W124/><G124/><T134/><D134/><U61/><E127/><V126/><F73/><W23/><G23/><T122/><D122/><U19/><E133/><V44/><F126/><W123/><G123/><T75/><D131/><U83/><E132/><V97/><F128/><W49/><G49/><T36/><D129/><U85/><E117/><V125/><F125/><W51/><G51/><T13/><REACH who="0" step="1"/><D43/><REACH who="0" ten="305,74,335,266" step="2"/><U52/><E116/><V21/><F41/><W135/><G135/><T17/><D17/><U104/><E104/><V50/><F16/><W64/><G64/><T69/><D69/><AGARI ba="2,2" hai="1,5,9,27,28,32,63,67,69,92,98,103,112,115" machi="69" ten="30,2900,0" yaku="1,1,7,1,53,0" doraHai="121" doraHaiUra="82" who="3" fromWho="0" sc="305,-35,74,0,335,0,266,55" /><INIT seed="3,3,0,3,2,14" ten="270,74,335,321" oya="3" hai0="115,61,16,15,20,95,57,51,118,11,133,116,101" hai1="125,97,87,77,55,119,71,19,10,41,131,44,79" hai2="67,28,120,65,81,50,56,70,107,52,13,9,85" hai3="106,129,89,111,37,83,26,86,108,24,90,98,92"/><W62/><G129/><T113/><D133/><U35/><E131/><V72/><F72/><W74/><G37/><T132/><D132/><U47/><E35/><V123/><F107/><W21/><G74/><T100/><D51/><U114/><E114/><N who="0" m="43529" /><D11/><U39/><E71/><V30/><F70/><W126/><G126/><T8/><D8/><U109/><E125/><V88/><F123/><W58/><G106/><T112/><N who="0" m="43537" /><T40/><DORA hai="1" /><D40/><U2/><E109/><N who="3" m="42058" /><G21/><T91/><D118/><U7/><E119/><V134/><F120/><W12/><G12/><T78/><D78/><U82/><E97/><V68/><F134/><W38/><G38/><T93/><D116/><U22/><E79/><V80/><F80/><W31/><G31/><N who="2" m="11817" /><F68/><W94/><G83/><T104/><D104/><U105/><E105/><V75/><F75/><W59/><G59/><T102/><D91/><U54/><REACH who="1" step="1"/><E47/><REACH who="1" ten="270,64,335,321" step="2"/><V0/><F0/><W122/><G122/><T110/><D110/><U99/><E99/><V60/><F50/><W135/><G135/><T34/><D34/><U117/><E117/><V25/><F25/><W3/><G3/><T96/><D96/><U121/><E121/><V53/><F13/><W18/><G18/><T130/><D130/><U128/><E128/><V5/><F5/><W69/><G69/><T29/><D29/><U64/><E64/><AGARI ba="3,1" hai="24,26,58,62,64,86,89,90,92,94,98" m="42058" machi="64" ten="30,2900,0" yaku="14,1,10,1" doraHai="14,1" who="3" fromWho="1" sc="270,0,64,-38,335,0,321,48" /><AGARI ba="3,0" hai="15,16,20,57,61,64,93,95,100,101,102" m="43537" machi="64" ten="40,5200,0" yaku="11,1,52,1,54,1" doraHai="14,1" who="0" fromWho="1" sc="270,52,26,-52,335,0,369,0" owari="322,-7.8,-26,-52.6,335,13.5,369,46.9" /></mjloggm>