<mjloggm ver="2.3"><GO type="225" lobby="0"/><UN n0="%E6%97%A5%E6%9B%9C%E6%97%A5%E3%82%88%E3%82%8A%E3%81%AE%E4%BD%BF%E8%80%85" n1="%72%61%6B%33" n2="%E3%83%81%E3%83%83%E3%82%BF%E3%82%BD%E3%83%BC" n3="%E3%82%B3%E3%83%90%E3%83%AC%E3%82%A4" dan="17,16,17,16" rate="2223.04,2148.95,2203.36,2148.26" sx="M,M,F,M"/><TAIKYOKU oya="0"/><INIT seed="0,0,0,3,5,121" ten="250,250,250,250" oya="0" hai0="92,34,35,33,93,110,66,122,64,41,98,107,126" hai1="123,115,21,9,17,75,83,82,61,109,73,15,65" hai2="76,125,14,50,20,72,67,68,23,132,22,103,62" hai3="58,1,10,3,130,45,133,77,117,81,46,131,87"/><T88/><D122/><U6/><E123/><V11/><F125/><W97/><G117/><T100/><D126/><U32/><E32/><V114/><F132/><W59/><G133/><T89/><D41/><U8/><E115/><V96/><F114/><W31/><G31/><T108/><D107/><U94/><E109/><N who="0" m="42089" /><D100/><U26/><E75/><V85/><F72/><W135/><G135/><T25/><D25/><U116/><E73/><V119/><F119/><W101/><G101/><T48/><D48/><U28/><E116/><V52/><F85/><AGARI ba="0,0" hai="33,34,35,64,66,85,88,89,92,93,98" m="42089" machi="85" ten="40,18000,2" yaku="14,1,10,1,52,3,54,1" doraHai="121" who="0" fromWho="2" sc="250,180,250,0,250,-180,250,0" /><INIT seed="0,1,0,2,5,6" ten="430,250,70,250" oya="0" hai0="88,27,111,128,13,38,51,119,114,44,101,24,52" hai1="17,2,90,58,117,49,37,16,70,3,31,50,33" hai2="106,92,60,18,95,73,7,105,57,19,80,59,124" hai3="69,100,30,45,54,110,129,40,118,122,79,72,112"/><T8/><D114/><U130/><E70/><V56/><F60/><W113/><G30/><T28/><D119/><U86/><E37/><V97/><F124/><W26/><G26/><T132/><D128/><U62/><E117/><V21/><F7/><W61/><G118/><T29/><D132/><U108/><E108/><V64/><F64/><W121/><G100/><T120/><D120/><N who="3" m="46185" /><G79/><T84/><D101/><U74/><E74/><V22/><F80/><W77/><G72/><T98/><D98/><U134/><E130/><V107/><F73/><W91/><G77/><T116/><D38/><U25/><E134/><V41/><F41/><W103/><G91/><T71/><D71/><U32/><E32/><V47/><F47/><W43/><G103/><T68/><D68/><U131/><E131/><V4/><F4/><W36/><G129/><T9/><D116/><U115/><E115/><V66/><F66/><N who="3" m="41167" /><G110/><T46/><D46/><U133/><E133/><V10/><F10/><N who="0" m="4202" /><D13/><U83/><E2/><V85/><F85/><W12/><G12/><T78/><D78/><U76/><E76/><V94/><REACH who="2" step="1"/><F97/><REACH who="2" ten="430,250,60,250" step="2"/><W34/><G112/><T125/><D125/><U99/><E99/><V11/><F11/><W93/><G113/><T102/><D111/><U53/><E3/><V89/><F89/><W39/><G45/><T55/><D55/><U75/><E75/><V126/><F126/><W35/><G54/><T0/><D0/><U123/><E123/><V48/><F48/><W14/><G36/><T5/><D5/><U20/><E50/><V1/><F1/><W42/><G39/><RYUUKYOKU ba="1,1" sc="430,-10,250,-10,60,30,250,-10" hai2="18,19,21,22,56,57,59,92,94,95,105,106,107" /><INIT seed="1,2,1,5,1,118" ten="420,240,90,240" oya="1" hai0="54,11,87,42,71,111,21,79,8,114,125,76,55" hai1="59,70,29,120,16,94,1,85,2,40,110,50,30" hai2="58,77,4,126,35,123,96,45,121,91,39,23,92" hai3="97,26,86,128,133,93,103,73,37,112,78,31,57"/><U49/><E70/><V14/><F35/><W51/><G37/><T67/><D114/><U7/><E7/><V52/><F126/><W95/><G112/><T41/><D71/><U10/><E120/><V46/><F77/><N who="0" m="29770" /><D111/><U32/><E110/><V24/><F14/><W28/><G73/><T109/><D109/><U134/><E134/><V135/><F4/><W80/><G133/><T131/><D125/><U48/><E40/><N who="0" m="15465" /><D131/><U19/><E59/><V62/><F135/><W98/><G128/><T65/><D87/><U75/><E75/><V6/><F6/><W107/><G107/><T56/><D21/><U115/><E115/><V88/><F91/><W74/><G74/><T34/><D34/><U5/><E1/><V0/><F0/><W60/><G51/><N who="0" m="30815" /><D55/><U44/><E44/><V104/><F104/><W83/><G83/><T90/><D90/><U33/><E33/><V17/><REACH who="2" step="1"/><F39/><REACH who="2" ten="420,240,80,240" step="2"/><W3/><G3/><T130/><D130/><U100/><E32/><V101/><F101/><W25/><G103/><T89/><D89/><N who="1" m="53551" /><E100/><V122/><AGARI ba="2,2" hai="17,23,24,45,46,52,58,62,88,92,96,121,122,123" machi="122" ten="30,16000,3" yaku="1,1,0,1,25,2,52,3,54,2,53,0" doraHai="118" doraHaiUra="38" who="2" fromWho="2" sc="420,-42,240,-82,80,186,240,-42" /><INIT seed="2,0,0,1,1,99" ten="378,158,266,198" oya="2" hai0="77,28,7,55,35,83,101,126,67,36,105,134,57" hai1="102,6,23,128,3,5,71,0,25,26,10,108,81" hai2="50,69,133,116,97,74,30,89,87,19,109,44,21" hai3="84,120,92,62,24,114,125,63,22,106,80,68,72"/><V51/><F116/><W12/><G120/><T115/><D36/><U60/><E108/><V95/><F69/><W107/><G114/><T110/><D115/><U38/><E38/><V121/><F121/><W64/><G125/><T14/><D67/><U31/><E128/><V56/><F74/><W34/><G72/><T94/><D105/><U111/><E111/><V76/><F133/><W9/><G34/><T53/><D35/><U124/><E81/><V1/><F1/><N who="1" m="585" /><E60/><V43/><F30/><W16/><G63/><T73/><D28/><N who="1" m="17471" /><E102/><V59/><F109/><W118/><G92/><T100/><D14/><N who="1" m="5455" /><E71/><V113/><F113/><W90/><REACH who="3" step="1"/><G118/><REACH who="3" ten="378,158,266,188" step="2"/><T17/><D73/><U82/><E124/><V131/><F131/><W70/><G70/><T40/><D94/><U103/><E82/><N who="2" m="47559" /><F51/><W54/><G54/><T122/><D55/><U123/><E123/><V104/><F104/><W98/><G98/><T20/><D53/><U41/><E41/><V15/><AGARI ba="0,1" hai="15,19,21,43,44,50,56,59,89,95,97" m="47559" machi="15" ten="30,1500,0" yaku="8,1" doraHai="99" who="2" fromWho="2" sc="378,-5,158,-5,266,25,188,-5" /><INIT seed="2,1,0,2,4,61" ten="373,153,291,183" oya="2" hai0="85,23,103,126,132,98,52,54,67,34,16,111,74" hai1="90,39,25,64,125,38,7,131,121,109,100,105,91" hai2="59,115,27,48,32,86,118,33,43,49,62,20,123" hai3="65,79,133,93,83,51,29,55,42,134,112,81,5"/><V44/><F115/><W73/><G112/><T11/><D34/><U3/><E109/><V84/><F118/><W45/><G29/><T1/><D74/><U10/><E125/><V71/><F123/><W127/><G127/><T53/><D126/><U17/><E131/><V82/><F71/><W124/><G124/><T78/><D111/><U18/><E121/><V117/><F49/><W13/><G93/><N who="0" m="58831" /><D1/><U9/><E100/><V94/><F117/><W14/><G83/><N who="0" m="47351" /><D132/><U68/><E105/><V30/><F94/><W72/><G73/><T128/><D128/><U58/><E68/><V99/><F99/><W69/><G42/><T70/><D70/><U0/><E25/><V104/><F104/><W102/><G102/><T40/><D67/><U24/><E24/><V108/><F108/><W97/><G97/><T6/><D40/><U37/><E0/><V87/><REACH who="2" step="1"/><F82/><REACH who="2" ten="373,153,281,183" step="2"/><W41/><G134/><T101/><D101/><U2/><E39/><V113/><F113/><W36/><G133/><T119/><D119/><U110/><E110/><V88/><F88/><W46/><G69/><T4/><D11/><U63/><E38/><V47/><F47/><W129/><G129/><T122/><D122/><U130/><E37/><V22/><F22/><W26/><G46/><T75/><D75/><U35/><E130/><V60/><F60/><W15/><G36/><T57/><D57/><U95/><E35/><V50/><F50/><W76/><G72/><T114/><D114/><U66/><E58/><V135/><F135/><W8/><G45/><T89/><D89/><U106/><E91/><RYUUKYOKU ba="1,1" sc="373,15,153,-15,281,15,183,-15" hai0="4,6,16,23,52,53,54" hai2="20,27,30,32,33,43,44,48,59,62,84,86,87" /><INIT seed="2,2,1,3,0,7" ten="388,138,296,168" oya="2" hai0="64,14,121,20,27,25,107,78,34,10,42,106,16" hai1="75,11,68,97,135,13,41,129,90,4,92,118,130" hai2="67,99,29,103,32,38,33,102,87,109,73,115,123" hai3="63,82,54,1,12,117,133,28,83,126,0,40,35"/><V55/><F115/><W122/><G117/><T79/><D121/><U74/><E118/><V131/><F123/><W22/><G122/><T132/><D107/><U23/><E135/><V66/><F73/><W36/><G133/><T61/><D106/><U128/><E68/><V49/><F38/><W71/><G126/><T81/><D132/><U93/><E41/><V60/><F131/><W39/><G36/><T134/><D134/><U112/><E112/><V88/><F109/><W96/><G40/><T50/><D34/><U26/><REACH who="1" step="1"/><E93/><REACH who="1" ten="388,128,296,168" step="2"/><V124/><F124/><W51/><G39/><T86/><D42/><U94/><E94/><V58/><F103/><W104/><G71/><T110/><D110/><U47/><E47/><V108/><F108/><W85/><G104/><T6/><D50/><U57/><E57/><V70/><F66/><W125/><G51/><T77/><D27/><U72/><E72/><V95/><F29/><AGARI ba="2,2" hai="4,11,13,23,26,29,74,75,90,92,97,128,129,130" machi="29" ten="40,5200,0" yaku="1,1,19,1,52,1,53,0" doraHai="7" doraHaiUra="56" who="1" fromWho="2" sc="388,0,128,78,296,-58,168,0" /><INIT seed="3,0,0,1,0,35" ten="388,206,238,168" oya="3" hai0="83,67,96,129,74,16,104,72,125,2,23,11,88" hai1="21,31,9,64,42,48,66,50,38,89,93,69,103" hai2="3,20,78,111,12,47,97,56,30,109,91,24,52" hai3="132,60,0,44,135,1,75,80,40,113,112,63,34"/><W92/><G34/><T134/><D67/><U123/><E123/><V33/><F3/><N who="3" m="1099" /><G92/><T87/><D104/><U130/><E38/><V27/><F12/><W58/><G80/><T59/><D96/><U5/><E103/><V115/><F115/><N who="3" m="44107" /><G75/><T84/><D59/><U55/><E69/><V73/><F47/><W46/><G58/><T70/><D70/><U76/><E76/><V43/><F43/><W127/><G127/><T7/><D125/><U57/><E42/><V28/><F78/><W108/><G108/><N who="2" m="41545" /><F73/><W32/><G32/><T86/><D74/><U81/><E81/><V120/><F120/><W8/><G8/><T14/><D72/><U119/><E9/><V19/><F97/><W54/><G54/><T53/><D53/><U25/><E55/><V29/><F91/><W61/><G40/><T4/><D86/><U6/><E89/><V107/><F107/><W106/><G106/><T133/><D87/><U82/><E82/><V71/><F71/><W68/><G68/><T95/><D95/><U121/><E93/><V105/><F105/><W131/><G131/><T10/><D129/><U37/><E130/><V122/><F122/><W36/><G36/><T77/><REACH who="0" step="1"/><D77/><REACH who="0" ten="378,206,238,168" step="2"/><U116/><E121/><V110/><F110/><W51/><G51/><AGARI ba="0,1" hai="19,20,24,27,28,29,30,33,51,52,56" m="41545" machi="51" ten="30,2000,0" yaku="14,1,54,1" doraHai="35" who="2" fromWho="3" sc="378,0,206,0,238,30,168,-20" owari="378,47.8,206,-19.4,268,6.8,148,-35.2" /></mjloggm>