<mjloggm ver="2.3"><GO type="225" lobby="0"/><UN n0="%E5%84%AA%40%41%42%43" n1="%E5%B6%BA%E4%B8%8A%E5%92%B2" n2="%E6%A5%93%E4%BB%8B" n3="%E5%8F%AF%E5%85%90%E9%82%A3%E7%94%B1%E5%A4%9A" dan="17,16,16,16" rate="2141.03,2085.78,2120.97,2077.81" sx="M,F,M,F"/><TAIKYOKU oya="0"/><INIT seed="0,0,0,3,4,64" ten="250,250,250,250" oya="0" hai0="89,27,114,38,125,19,71,51,58,132,111,99,22" hai1="63,70,67,77,37,82,90,116,57,102,0,43,9" hai2="66,127,119,16,44,40,39,95,109,56,3,80,97" hai3="54,42,112,69,17,105,30,50,134,41,110,14,25"/><T6/><D114/><U21/><E116/><V53/><F109/><W47/><G112/><T20/><D38/><U124/><E124/><V55/><F127/><W52/><G105/><T96/><D125/><U5/><E21/><V4/><F119/><W18/><G110/><T32/><D32/><U45/><E90/><V78/><F16/><W84/><G134/><T86/><D71/><U118/><E102/><V128/><F128/><W24/><G69/><T98/><D6/><U62/><E118/><V79/><F66/><W7/><G7/><T49/><D132/><U11/><E11/><V10/><F56/><W131/><G131/><T36/><D36/><U122/><E122/><V113/><F79/><W121/><G121/><T83/><D111/><U93/><E93/><V13/><F13/><W129/><G129/><T12/><REACH who="0" step="1"/><D58/><REACH who="0" ten="240,250,250,250" step="2"/><U106/><E57/><V135/><F113/><W117/><G117/><T48/><D48/><U28/><E62/><V1/><F135/><W26/><G30/><AGARI ba="0,1" hai="12,19,20,22,27,30,49,51,83,86,89,96,98,99" machi="30" ten="40,12000,1" yaku="1,1,8,1,53,2" doraHai="64" doraHaiUra="46" who="0" fromWho="3" sc="240,130,250,0,250,0,250,-120" /><INIT seed="0,1,0,4,1,48" ten="370,250,250,130" oya="0" hai0="115,39,81,77,133,57,6,110,68,117,40,128,93" hai1="16,27,123,126,7,60,134,52,50,21,79,120,18" hai2="56,35,31,118,89,12,86,78,84,114,103,102,111" hai3="132,119,70,26,97,33,55,19,130,34,58,72,125"/><T61/><D115/><U54/><E134/><V66/><F111/><W108/><G119/><T65/><D117/><U100/><E126/><V24/><F114/><W90/><G70/><T46/><D128/><U109/><E109/><V85/><F118/><W14/><G108/><T22/><D133/><U101/><E79/><V20/><F78/><W104/><G132/><T23/><D6/><U51/><E7/><V41/><F41/><W94/><G72/><T49/><D93/><U67/><E67/><V76/><F76/><W127/><G130/><T13/><D13/><U105/><E60/><V0/><F0/><W91/><G104/><T59/><D59/><U75/><E105/><V87/><F35/><W63/><G91/><T37/><D37/><U62/><E62/><N who="2" m="38215" /><F12/><W121/><G121/><T92/><D92/><AGARI ba="1,0" hai="20,24,31,84,85,86,87,89,92,102,103" m="38215" machi="92" ten="30,1000,0" yaku="8,1" doraHai="48" who="2" fromWho="0" sc="370,-13,250,0,250,13,130,0" /><INIT seed="1,0,0,2,5,60" ten="357,250,263,130" oya="1" hai0="73,104,3,111,74,103,84,109,5,43,16,48,62" hai1="80,122,15,13,24,61,101,83,113,87,27,59,35" hai2="106,125,22,9,34,39,121,10,64,47,51,45,72" hai3="30,124,93,18,120,33,40,69,29,117,67,96,132"/><U57/><E113/><V50/><F34/><W112/><G120/><T134/><D134/><U89/><E122/><V115/><F121/><W21/><G112/><T78/><D62/><U28/><E101/><V44/><F39/><W66/><G132/><T53/><D43/><U14/><E57/><V23/><F72/><W0/><G0/><T58/><D5/><U17/><E27/><V102/><F125/><W2/><G2/><T98/><D3/><U128/><E128/><V70/><F106/><W20/><G33/><T95/><D16/><U91/><E17/><V133/><F102/><W49/><G69/><T32/><D32/><U4/><E4/><V56/><F70/><W12/><G124/><T85/><D85/><U88/><REACH who="1" step="1"/><E87/><REACH who="1" ten="357,240,263,130" step="2"/><V127/><F115/><W75/><G75/><T123/><D123/><U25/><E25/><V100/><F100/><N who="3" m="60431" /><G117/><T11/><D74/><U126/><E126/><V86/><F86/><W79/><G79/><T65/><D73/><U114/><E114/><V110/><F127/><W71/><G71/><T108/><D78/><U41/><E41/><V55/><F133/><W130/><G130/><T82/><D104/><U129/><E129/><V52/><F56/><W97/><G30/><T46/><D84/><U37/><E37/><V54/><F47/><N who="3" m="25831" /><G97/><T107/><D107/><U118/><E118/><V94/><F45/><W42/><G42/><T81/><D82/><U131/><E131/><V7/><F44/><W119/><G119/><T38/><D81/><U8/><E8/><V19/><F10/><N who="3" m="6423" /><G29/><T68/><D38/><U63/><E63/><RYUUKYOKU ba="0,1" sc="357,-15,240,15,263,-15,130,15" hai1="13,14,15,24,28,35,59,61,80,83,88,89,91" hai3="20,21,66,67" /><INIT seed="1,1,1,0,3,27" ten="342,255,248,145" oya="1" hai0="97,14,76,58,107,2,26,40,50,3,34,104,29" hai1="109,53,5,38,95,43,24,0,59,87,71,80,101" hai2="30,37,17,7,33,110,84,99,90,119,73,35,48" hai3="120,57,102,122,70,18,62,11,114,44,81,22,108"/><U16/><E71/><V66/><F37/><W100/><G114/><T15/><D76/><U94/><E109/><V23/><F73/><W20/><G70/><T56/><D107/><U51/><E0/><V65/><F119/><W83/><G108/><T42/><D15/><U113/><E113/><V131/><F7/><W8/><G44/><T117/><D117/><U60/><E5/><V52/><F99/><W46/><G46/><T111/><D111/><U54/><E38/><V69/><F131/><W68/><G68/><T85/><D85/><U125/><E125/><V79/><F79/><W28/><G62/><T55/><D58/><N who="1" m="33087" /><E43/><V126/><F35/><W64/><G57/><T21/><D104/><U118/><E118/><V133/><F126/><W127/><G127/><T116/><D116/><U75/><E75/><V123/><F123/><W31/><REACH who="3" step="1"/><G18/><REACH who="3" ten="342,255,248,135" step="2"/><T92/><D42/><U1/><E60/><V45/><F69/><W86/><G86/><T32/><D40/><U63/><E1/><V98/><F84/><W6/><G6/><T135/><D2/><U4/><E4/><V47/><F110/><W67/><AGARI ba="1,2" hai="8,11,20,22,28,31,64,67,81,83,100,102,120,122" machi="67" ten="25,12000,2" yaku="1,1,0,1,22,2,52,2,53,0" doraHai="27" doraHaiUra="112" who="3" fromWho="3" sc="342,-31,255,-61,248,-31,135,143" /><INIT seed="2,0,0,3,4,100" ten="311,194,217,278" oya="2" hai0="61,9,20,51,42,8,6,105,58,93,56,67,113" hai1="126,4,109,76,23,63,57,21,83,33,55,107,15" hai2="84,40,80,66,71,74,135,46,44,3,36,10,121" hai3="130,5,133,78,127,73,24,104,122,103,60,131,68"/><V102/><F135/><W134/><G122/><T98/><D105/><U117/><E33/><V30/><F121/><W128/><G5/><T49/><D113/><U110/><E117/><V38/><F102/><W17/><G17/><T72/><D72/><U7/><E126/><V13/><F30/><W111/><G24/><T22/><D49/><U18/><E23/><N who="0" m="8745" /><D6/><U77/><E77/><N who="2" m="44087" /><F13/><W69/><G111/><T50/><D50/><U48/><E63/><N who="2" m="40415" /><F84/><W91/><G127/><T101/><D56/><U87/><REACH who="1" step="1"/><E107/><REACH who="1" ten="311,184,217,278" step="2"/><V75/><F75/><W114/><G78/><T39/><D61/><U41/><E41/><N who="2" m="22567" /><F10/><W115/><G73/><T14/><D9/><U97/><E97/><V124/><F124/><W85/><G60/><T94/><D98/><U99/><E99/><V31/><F31/><W106/><G134/><T120/><D8/><U132/><E132/><V65/><F65/><W82/><G133/><T37/><D42/><U11/><E11/><V70/><F3/><W81/><G106/><T116/><D67/><U2/><E2/><V59/><F59/><W12/><G104/><T26/><D58/><U27/><E27/><V125/><F125/><W1/><G1/><T92/><D26/><U96/><E96/><V88/><F70/><N who="3" m="27243" /><G103/><T123/><D101/><U95/><E95/><V118/><F118/><W64/><G82/><T19/><D116/><U32/><E32/><V52/><F52/><W89/><G81/><T34/><D34/><U54/><E54/><V62/><F62/><W16/><G64/><T129/><D92/><U112/><E112/><N who="3" m="43050" /><G85/><T119/><D119/><RYUUKYOKU ba="0,1" sc="311,-30,184,10,217,10,278,10" hai1="4,7,15,18,21,48,55,57,76,83,87,109,110" hai2="38,40,46,88" hai3="12,16,89,91,128,130,131" /><INIT seed="2,1,1,4,4,85" ten="281,194,227,288" oya="2" hai0="112,19,109,55,50,111,75,68,99,124,134,12,2" hai1="95,28,47,120,26,45,1,127,74,117,27,91,66" hai2="8,40,18,9,104,7,86,89,14,115,135,71,22" hai3="23,3,57,15,20,69,24,131,44,110,35,93,13"/><V125/><F115/><W130/><G69/><T81/><D112/><U108/><E74/><V79/><F71/><W60/><G3/><T48/><D68/><U5/><E117/><V101/><F125/><W73/><G73/><T107/><D2/><U128/><E108/><N who="0" m="41545" /><D124/><U123/><E127/><V43/><F135/><W51/><G110/><T98/><D134/><U56/><E128/><N who="3" m="49194" /><G35/><T53/><D107/><U10/><E66/><V92/><F104/><W76/><G76/><N who="0" m="44191" /><D50/><U126/><E56/><V46/><F101/><W84/><G84/><T62/><D62/><U129/><E129/><V103/><F103/><W116/><G93/><T118/><D118/><U42/><E126/><V25/><F79/><W82/><G82/><T106/><D53/><U52/><E52/><V77/><F77/><W30/><G23/><N who="0" m="11751" /><D106/><U133/><E133/><V121/><F121/><N who="1" m="46665" /><E42/><V132/><F132/><W59/><G116/><T38/><D38/><U41/><E41/><V114/><F114/><W90/><G59/><AGARI ba="1,1" hai="48,55,59,98,99" m="11751,44191,41545" machi="59" ten="30,1000,0" yaku="14,1" doraHai="85" who="0" fromWho="3" sc="281,23,194,0,227,0,288,-13" /><INIT seed="3,0,0,4,2,49" ten="304,194,227,275" oya="3" hai0="9,3,58,22,105,94,16,5,38,41,71,8,68" hai1="133,20,36,51,121,50,52,81,18,103,70,96,102" hai2="85,134,11,101,76,69,91,97,75,15,17,110,23" hai3="93,86,34,128,113,67,19,26,118,117,14,82,12"/><W108/><G113/><T37/><D105/><U90/><E36/><V109/><F69/><W112/><G112/><T116/><D116/><U88/><E70/><V115/><F115/><W7/><G128/><T135/><D135/><U31/><E121/><V65/><F65/><W83/><G108/><T111/><D111/><U92/><E133/><V39/><F39/><W45/><G67/><T78/><D16/><U84/><E31/><V104/><F134/><W13/><G7/><T47/><D38/><U106/><E50/><V98/><F98/><W4/><G4/><T53/><D22/><U64/><E64/><V107/><F107/><W54/><G34/><T73/><D94/><U114/><E106/><V21/><F21/><N who="3" m="13631" /><G118/><T46/><D46/><N who="1" m="27767" /><E114/><V44/><F23/><W130/><G130/><T129/><D9/><U27/><AGARI ba="0,0" hai="18,20,27,81,84,88,90,92,96,102,103" m="27767" machi="27" ten="30,7900,0" yaku="8,1,52,1,54,2" doraHai="49" who="1" fromWho="1" sc="304,-20,194,79,227,-20,275,-39" /><INIT seed="4,0,0,4,5,15" ten="284,273,207,236" oya="0" hai0="63,49,128,87,10,120,129,71,24,124,36,4,130" hai1="31,29,100,91,134,85,133,16,40,97,92,20,46" hai2="37,111,64,68,27,22,38,33,1,43,94,21,58" hai3="39,78,122,116,41,45,53,118,108,77,56,103,105"/><T115/><D36/><N who="1" m="21767" /><E100/><V60/><F111/><W90/><G108/><T132/><D120/><U59/><E59/><V80/><F1/><W67/><G122/><T28/><D124/><U89/><E89/><V93/><F22/><W6/><G67/><N who="0" m="41471" /><D49/><U62/><E62/><V81/><F33/><W61/><G6/><T95/><D132/><N who="1" m="50795" /><E97/><V75/><F68/><W19/><G90/><N who="0" m="53727" /><D115/><U18/><E18/><V127/><F127/><W123/><G123/><T106/><D106/><U13/><AGARI ba="0,0" hai="13,16,20,29,31,85,91,92" m="50795,21767" machi="13" ten="30,4000,0" yaku="20,1,52,1,54,1" doraHai="15" who="1" fromWho="1" sc="284,-20,273,40,207,-10,236,-10" owari="264,6.4,313,41.3,197,-30.3,226,-17.4" /></mjloggm>