<mjloggm ver="2.3"><GO type="225" lobby="0"/><UN n0="%74%75%72%74%6C%65%2E" n1="%E7%99%BD%E5%80%89%E5%AF%9B%E4%B9%8B" n2="%E6%A9%98%E3%83%AF%E3%83%AB%E3%83%84" n3="%E3%83%A9%E3%82%B9%E7%8E%87%EF%BC%93%E5%89%B2" dan="16,16,16,17" rate="2058.74,2136.00,2096.59,2191.80" sx="M,M,M,F"/><TAIKYOKU oya="0"/><INIT seed="0,0,0,1,3,101" ten="250,250,250,250" oya="0" hai0="108,14,19,22,25,67,55,103,30,124,73,41,84" hai1="88,85,57,59,100,70,2,62,132,105,38,61,89" hai2="50,6,27,15,13,23,87,9,111,16,72,39,95" hai3="35,49,69,119,83,54,29,110,44,98,118,0,5"/><T131/><D73/><U133/><E2/><V97/><F39/><W58/><G69/><T64/><D124/><U33/><E38/><V45/><F72/><W94/><G110/><T82/><D131/><U102/><E33/><V79/><F111/><W115/><G115/><T34/><D108/><U18/><E70/><V10/><F79/><W32/><G83/><T43/><D55/><U90/><E85/><V46/><F87/><W4/><G0/><T48/><D103/><N who="1" m="39467" /><E18/><V53/><F46/><W77/><G77/><T112/><D112/><U51/><E51/><V92/><REACH who="2" step="1"/><F97/><REACH who="2" ten="250,250,240,250" step="2"/><W24/><G44/><T80/><D80/><U26/><E105/><V3/><F3/><W106/><G106/><T52/><D41/><U12/><E12/><V120/><F120/><W75/><G75/><T128/><D43/><U8/><E26/><V71/><F71/><W135/><G24/><T93/><D128/><U40/><E40/><V17/><AGARI ba="0,1" hai="6,9,10,13,15,16,17,23,27,45,50,53,92,95" machi="17" ten="20,8000,1" yaku="1,1,0,1,7,1,8,1,54,1,53,0" doraHai="101" doraHaiUra="134" who="2" fromWho="2" sc="250,-40,250,-20,240,90,250,-20" /><INIT seed="1,0,0,0,2,29" ten="210,230,330,230" oya="1" hai0="55,96,83,54,15,1,122,37,73,90,98,40,58" hai1="26,48,89,28,91,70,0,24,99,88,50,30,119" hai2="34,84,45,13,78,77,46,134,120,105,100,36,53" hai3="95,110,57,60,74,135,63,133,35,121,44,75,22"/><U10/><E70/><V32/><F120/><W17/><G121/><T27/><D1/><U126/><E119/><V49/><F134/><N who="3" m="51211" /><G110/><T103/><D122/><U81/><E126/><V101/><F105/><W8/><G8/><T115/><D115/><U127/><E127/><V31/><F31/><N who="1" m="11817" /><E0/><V69/><F69/><W112/><G112/><T7/><D27/><N who="1" m="10283" /><E10/><V52/><F13/><N who="3" m="9519" /><G35/><T43/><D37/><U80/><E99/><V130/><F36/><W118/><G118/><T92/><D73/><N who="3" m="27657" /><G57/><T123/><D123/><U59/><E59/><V25/><F25/><W108/><G108/><T104/><D58/><U12/><E12/><V61/><F61/><W6/><G6/><T109/><D109/><U114/><E114/><V51/><F84/><W56/><G56/><T68/><D68/><U62/><E62/><V131/><AGARI ba="0,0" hai="32,34,45,46,49,51,52,53,77,78,100,101,130,131" machi="131" ten="25,12000,2" yaku="0,1,22,2,52,2,54,1" doraHai="29" who="2" fromWho="2" sc="210,-30,230,-60,330,120,230,-30" /><INIT seed="2,0,0,1,5,56" ten="180,170,450,200" oya="2" hai0="47,123,11,108,48,120,128,88,27,85,102,16,24" hai1="78,135,126,54,133,23,25,82,14,3,67,52,7" hai2="93,12,96,6,9,69,66,94,51,122,13,111,34" hai3="61,20,63,83,127,73,65,125,60,101,121,22,89"/><V43/><F122/><W76/><G121/><T132/><D108/><U36/><E36/><V68/><F34/><W134/><G134/><N who="1" m="51210" /><E3/><V55/><F111/><W92/><G101/><T44/><D132/><U64/><E126/><N who="3" m="48138" /><G65/><N who="1" m="25162" /><E14/><V70/><F43/><W35/><G35/><T100/><D128/><U0/><E7/><V31/><F31/><W49/><G49/><T87/><D123/><U17/><E0/><V81/><F66/><W114/><G114/><T104/><D120/><U74/><AGARI ba="0,0" hai="17,23,25,52,54,74,78,82" m="25162,51210" machi="74" ten="30,2000,0" yaku="20,1,54,1" doraHai="56" who="1" fromWho="1" sc="180,-5,170,20,450,-10,200,-5" /><INIT seed="3,0,0,3,3,79" ten="175,190,440,195" oya="3" hai0="7,65,85,50,77,125,120,118,46,104,69,9,68" hai1="95,83,96,84,58,33,97,91,51,56,29,99,23" hai2="70,2,71,43,107,101,36,21,132,47,112,100,102" hai3="12,41,87,98,115,88,6,60,22,92,11,17,54"/><W81/><G115/><T31/><D120/><U72/><E33/><V10/><F112/><W124/><G124/><T37/><D118/><U66/><E72/><V28/><F107/><W67/><G41/><T39/><D104/><U30/><E95/><V103/><F103/><W80/><G87/><T52/><D125/><U59/><E66/><V93/><F93/><W18/><G54/><T19/><D31/><N who="1" m="11787" /><E23/><V32/><F132/><W27/><G6/><T126/><D126/><U131/><E131/><V48/><F21/><W127/><G127/><T4/><D19/><U117/><E117/><V62/><F48/><AGARI ba="0,0" hai="48,51,56,58,59,83,84,91,96,97,99" m="11787" machi="48" ten="40,2600,0" yaku="8,1,52,1" doraHai="79" who="1" fromWho="2" sc="175,0,190,26,440,-26,195,0" owari="175,-32.5,216,1.6,414,51.4,195,-20.5" /></mjloggm>