<mjloggm ver="2.3"><GO type="225" lobby="0"/><UN n0="%E3%81%B2%E3%81%AA%E3%81%AE%E3%82%8A%E3%81%8F" n1="%E5%A4%8F%E9%88%B4%E9%88%B4%E5%A4%8F" n2="%E3%81%8B%E3%82%8F%E3%81%A1%E3%82%83%E3%82%93%35%38" n3="%E3%82%A2%E3%82%A4%E3%82%B9%E3%83%86%E3%82%A3%E3%83%BC%E3%81%82%E3%81%B9" dan="16,16,16,16" rate="2108.44,2142.93,2163.69,2081.05" sx="M,F,M,M"/><TAIKYOKU oya="0"/><INIT seed="0,0,0,0,4,86" ten="250,250,250,250" oya="0" hai0="43,55,40,111,54,15,94,74,51,88,97,79,34" hai1="58,73,78,75,5,121,13,133,95,89,70,104,20" hai2="102,91,69,93,127,105,57,64,9,39,48,82,100" hai3="27,61,110,128,65,122,114,103,71,59,38,72,131"/><T115/><D115/><U80/><E121/><V35/><F35/><W32/><G72/><T67/><D34/><U66/><E104/><V25/><F39/><W124/><G114/><T1/><D1/><U12/><E70/><V101/><F127/><W30/><G124/><T41/><D67/><U106/><E106/><V108/><F108/><W126/><G126/><T87/><D74/><U46/><E133/><V134/><F134/><W31/><G31/><T23/><D111/><U130/><E130/><N who="3" m="49706" /><G110/><T90/><D79/><U11/><E46/><V47/><F69/><W81/><G81/><N who="0" m="49519" /><D51/><U49/><E20/><V116/><F116/><W16/><G38/><T22/><D22/><U109/><E75/><V14/><F25/><N who="3" m="18511" /><G103/><T118/><D118/><U7/><E109/><V33/><F33/><W107/><G107/><T45/><D45/><U84/><E13/><V26/><F82/><W62/><G122/><T28/><D28/><U63/><REACH who="1" step="1"/><E49/><REACH who="1" ten="250,240,250,250" step="2"/><V120/><F120/><W99/><G71/><T117/><D117/><U8/><E8/><V56/><F105/><W112/><G112/><T113/><D113/><U52/><E52/><N who="2" m="29727" /><F64/><W10/><G10/><T44/><D44/><U129/><E129/><V85/><F26/><W42/><G27/><T36/><D36/><U92/><E92/><V135/><F135/><W125/><G125/><T53/><D54/><U98/><E98/><V17/><AGARI ba="0,1" hai="9,14,17,56,57,85,91,93,100,101,102" m="29727" machi="17" ten="30,4000,0" yaku="8,1,52,1,54,1" doraHai="86" who="2" fromWho="2" sc="250,-20,240,-10,250,50,250,-10" /><INIT seed="1,0,0,4,2,13" ten="230,230,300,240" oya="1" hai0="133,55,38,75,74,11,56,104,53,22,66,54,103" hai1="96,83,40,86,71,41,12,128,20,132,78,27,15" hai2="126,1,26,82,2,44,99,122,107,123,19,131,90" hai3="42,84,29,24,7,4,0,124,106,6,69,94,114"/><U89/><E128/><V117/><F44/><W87/><G106/><T115/><D115/><U5/><E132/><V135/><F82/><W101/><G114/><T34/><D34/><U112/><E71/><V79/><F79/><W95/><G69/><T108/><D38/><U73/><E112/><V50/><F50/><W92/><G0/><N who="2" m="105" /><F90/><W32/><G124/><T43/><D43/><U100/><E5/><V28/><F99/><W39/><REACH who="3" step="1"/><G101/><REACH who="3" ten="230,230,300,230" step="2"/><T121/><D103/><U70/><E70/><V76/><F107/><W111/><G111/><T77/><D108/><U30/><E41/><V127/><F127/><W10/><G10/><T59/><D11/><U97/><E40/><V3/><F126/><W62/><G62/><T113/><D104/><N who="1" m="63495" /><E97/><V110/><F3/><W17/><G17/><T21/><D113/><U25/><E25/><V33/><F110/><W91/><G91/><T102/><D102/><U81/><E89/><V45/><F26/><W60/><G60/><T63/><D63/><U105/><E105/><V129/><F129/><W51/><G51/><T35/><D133/><U93/><E12/><V48/><F131/><W72/><G72/><T23/><D75/><U67/><E15/><V61/><F135/><W98/><G98/><T109/><D109/><U52/><E27/><V120/><F61/><W116/><G116/><T125/><D125/><U130/><E130/><V37/><F117/><W119/><G119/><T88/><D88/><N who="1" m="53399" /><E67/><V68/><F68/><W8/><G8/><T85/><D66/><U9/><E9/><V58/><F48/><W36/><G36/><RYUUKYOKU ba="0,1" sc="230,-10,230,-10,300,-10,230,30" hai3="4,6,7,24,29,32,39,42,84,87,92,94,95" /><INIT seed="2,1,1,0,0,82" ten="220,220,290,260" oya="2" hai0="10,117,41,36,61,84,66,54,77,48,24,3,104" hai1="98,120,80,13,55,39,63,86,6,21,33,127,37" hai2="17,134,128,74,49,125,87,103,73,42,32,90,69" hai3="130,65,121,123,95,132,28,30,114,64,75,16,2"/><V60/><F32/><W15/><G2/><T110/><D104/><U85/><E33/><V9/><F103/><W23/><G75/><T97/><D110/><U44/><E127/><V131/><F125/><W88/><G132/><T57/><D97/><U105/><E120/><V8/><F134/><W12/><G130/><N who="2" m="49705" /><F42/><W94/><G114/><T115/><D115/><U43/><E37/><V50/><F60/><W19/><G23/><T93/><D117/><U126/><E126/><V67/><F67/><W27/><G27/><T107/><D107/><U40/><E40/><V0/><F69/><W47/><G47/><T108/><D108/><U96/><E105/><V135/><F135/><W122/><G123/><T52/><D24/><U51/><E63/><V76/><F76/><W45/><G45/><T72/><D72/><N who="2" m="27754" /><F17/><W1/><G1/><T102/><D36/><U4/><E6/><N who="2" m="1095" /><F9/><W116/><REACH who="3" step="1"/><G88/><REACH who="3" ten="220,220,290,250" step="2"/><T34/><D34/><U81/><E21/><V68/><F68/><W124/><G124/><T92/><D10/><N who="1" m="4295" /><E43/><V11/><F11/><W91/><G91/><T58/><D41/><U38/><E38/><V106/><F106/><W70/><G70/><T78/><D3/><U26/><E39/><V71/><F71/><W83/><G83/><AGARI ba="1,2" hai="49,50,83,87,90" m="1095,27754,49705" machi="83" ten="30,2900,0" yaku="19,1,52,1" doraHai="82" who="2" fromWho="3" sc="220,0,220,0,290,52,250,-32" /><INIT seed="2,2,0,0,5,133" ten="220,220,342,218" oya="2" hai0="123,81,108,1,34,84,129,3,41,2,91,14,51" hai1="115,78,125,120,50,119,74,48,70,44,43,36,132" hai2="58,124,85,68,104,35,87,16,103,55,82,94,66" hai3="113,60,29,52,77,111,23,64,30,8,28,67,89"/><V57/><F35/><W86/><G111/><T112/><D123/><U99/><E119/><V27/><F104/><W37/><G37/><T100/><D112/><U56/><E115/><V109/><F68/><W83/><G113/><T96/><D108/><U72/><E120/><V134/><F134/><W40/><G40/><T47/><D129/><U61/><E132/><V11/><F109/><W13/><G23/><T6/><D34/><U46/><E125/><V45/><F124/><W15/><G77/><T39/><D14/><U98/><E70/><V62/><F45/><W97/><G97/><T131/><D131/><U59/><E36/><V110/><F110/><W127/><G127/><T90/><D39/><U106/><E78/><V88/><F103/><W135/><G135/><T128/><D128/><U10/><E10/><V20/><F11/><W105/><G105/><T121/><D121/><U126/><E126/><V26/><F26/><W92/><G83/><T76/><REACH who="0" step="1"/><D6/><REACH who="0" ten="210,220,342,218" step="2"/><U107/><E43/><V19/><F19/><N who="3" m="8615" /><G15/><T79/><D79/><U4/><E61/><N who="2" m="36031" /><F82/><W73/><G73/><T69/><D69/><U12/><E12/><V122/><F122/><W7/><G7/><AGARI ba="2,1" hai="4,7,44,46,48,50,56,59,72,74,98,99,106,107" machi="7" ten="25,1600,0" yaku="22,2" doraHai="133" who="1" fromWho="3" sc="210,0,220,32,342,0,218,-22" /><INIT seed="3,0,0,4,2,108" ten="210,252,342,196" oya="3" hai0="105,109,69,89,106,8,72,101,64,74,36,42,104" hai1="26,40,58,110,43,97,48,90,78,126,119,117,85" hai2="129,73,112,115,55,47,15,88,63,52,103,128,133" hai3="95,0,27,14,70,116,50,111,118,87,124,61,68"/><W4/><G0/><T114/><D109/><U18/><E110/><V2/><F2/><W35/><G111/><T9/><D101/><U17/><E126/><V84/><F73/><W93/><G124/><T80/><D69/><U130/><E78/><V46/><F133/><W28/><G50/><T102/><D102/><U76/><E76/><V31/><F31/><W16/><G4/><T82/><D64/><U3/><E97/><V1/><F1/><W79/><G95/><T22/><D22/><N who="1" m="13647" /><E18/><V91/><F103/><W77/><G79/><T34/><D34/><U29/><E29/><V86/><F15/><W6/><G6/><T98/><D98/><U71/><E130/><V30/><F30/><W5/><G5/><T37/><D89/><U123/><E71/><V25/><F63/><W21/><G93/><T135/><D135/><U75/><E75/><N who="0" m="28713" /><D42/><U20/><E20/><V7/><F7/><W94/><G94/><T51/><D51/><U121/><E43/><V100/><F100/><W107/><G107/><T19/><D19/><U24/><E24/><AGARI ba="0,0" hai="24,25,46,47,52,55,84,86,88,91,112,115,128,129" machi="24" ten="25,12000,2" yaku="22,2,52,2,54,2" doraHai="108" who="2" fromWho="1" sc="210,0,252,-120,342,120,196,0" owari="210,1.0,132,-36.8,462,56.2,196,-20.4" /></mjloggm>