<mjloggm ver="2.3"><GO type="225" lobby="0"/><UN n0="%6B%75%72%69%73%75" n1="%E3%83%81%E3%83%83%E3%82%BF%E3%82%BD%E3%83%BC" n2="%E5%8D%A0%E3%81%84%E5%B8%AB%E8%A3%8F%E3%81%AA%E3%81%84%E3%81%97" n3="%77%72%77%72%77%72%77%72" dan="16,16,17,17" rate="2035.48,2153.18,2206.58,2187.46" sx="F,F,M,M"/><TAIKYOKU oya="0"/><INIT seed="0,0,0,3,2,46" ten="250,250,250,250" oya="0" hai0="44,75,98,113,126,81,5,125,111,116,80,60,104" hai1="117,39,38,114,16,101,74,102,51,122,55,67,129" hai2="115,90,121,49,35,37,132,32,68,79,10,23,41" hai3="127,8,24,56,88,2,110,61,105,34,12,53,108"/><T26/><D113/><U43/><E117/><V83/><F121/><W120/><G120/><T99/><D116/><U13/><E122/><V36/><F68/><W100/><G2/><T4/><D104/><U11/><E129/><V84/><F115/><W77/><G77/><T133/><D75/><U25/><E74/><V20/><F132/><W27/><G127/><N who="0" m="48651" /><D133/><U69/><E114/><V85/><F10/><W47/><G34/><T106/><D106/><U134/><E134/><V22/><F32/><W82/><G100/><T76/><D76/><U92/><E43/><V62/><F35/><W96/><G105/><T107/><D107/><U65/><E25/><V29/><F62/><W124/><G124/><T50/><D60/><U40/><E40/><V30/><F36/><W42/><G108/><T57/><D57/><U59/><E69/><V15/><F15/><W7/><G110/><T89/><D26/><U18/><E18/><V128/><F37/><W93/><REACH who="3" step="1"/><G82/><REACH who="3" ten="250,250,250,240" step="2"/><N who="0" m="31851" /><D111/><U52/><E102/><V33/><F33/><W63/><G63/><T54/><D89/><U135/><E135/><V123/><F123/><W119/><G119/><T28/><D28/><U6/><E101/><V21/><N who="2" m="5120" /><DORA hai="17" /><V9/><F29/><W91/><G91/><T131/><D131/><U1/><E1/><V94/><F128/><W103/><G103/><T86/><D86/><U48/><E92/><V73/><F30/><W70/><G70/><T130/><D130/><U31/><E31/><V14/><F84/><W64/><G64/><T19/><D98/><U66/><E67/><V109/><F109/><RYUUKYOKU ba="0,1" sc="250,-10,250,-10,250,-10,240,30" hai3="7,8,12,24,27,42,47,53,56,61,88,93,96" /><INIT seed="1,1,1,0,1,57" ten="240,240,240,270" oya="1" hai0="117,4,54,37,109,22,132,81,116,51,7,134,47" hai1="99,41,16,90,25,89,113,107,73,129,130,103,74" hai2="91,122,95,101,44,114,35,94,56,6,27,93,34" hai3="53,72,133,50,135,80,64,24,83,67,115,5,120"/><U13/><E113/><V33/><F122/><W104/><G120/><T60/><D37/><U39/><E25/><V14/><F114/><W17/><G115/><T100/><D109/><U119/><E119/><V96/><F44/><W108/><G104/><T110/><D110/><U92/><E41/><V98/><F94/><W29/><G108/><T75/><D100/><U125/><E39/><V45/><F45/><W102/><G5/><T9/><D22/><U78/><E125/><V59/><REACH who="2" step="1"/><F27/><REACH who="2" ten="240,240,230,270" step="2"/><W28/><G24/><T121/><D121/><U18/><E107/><V3/><F3/><W85/><G135/><N who="0" m="51755" /><D117/><U15/><E92/><V86/><F86/><W79/><G85/><T105/><D105/><U84/><E84/><V128/><F128/><W106/><G106/><T65/><D116/><U66/><E99/><V31/><F31/><W87/><G28/><T32/><D75/><U30/><E30/><V46/><F46/><W124/><G29/><T77/><D47/><U49/><E129/><V112/><F112/><W36/><G133/><T126/><D126/><U131/><E130/><V12/><F12/><W11/><G36/><T82/><D82/><U26/><E131/><V127/><F127/><W62/><G124/><T61/><D81/><U69/><E13/><V71/><F71/><W58/><G83/><T1/><D1/><U68/><E15/><V23/><F23/><W8/><G72/><T38/><D38/><U20/><E73/><V111/><F111/><W118/><G118/><T55/><D9/><AGARI ba="1,2" hai="6,9,14,33,34,35,56,59,91,93,95,96,98,101" machi="9" ten="40,1300,0" yaku="1,1,53,0" doraHai="57" doraHaiUra="63" who="2" fromWho="0" sc="240,-16,240,0,230,36,270,0" /><INIT seed="2,0,0,5,3,1" ten="224,240,266,270" oya="2" hai0="27,135,54,70,45,129,60,2,116,28,87,14,83" hai1="48,98,73,41,5,58,89,88,33,21,71,113,25" hai2="102,62,53,51,119,16,92,38,30,91,36,52,75" hai3="63,9,8,4,23,103,112,125,18,126,7,115,29"/><V61/><F119/><W72/><G72/><T123/><D2/><U93/><E113/><N who="3" m="43594" /><G103/><T40/><D123/><U84/><E73/><V12/><F75/><W19/><G29/><T85/><D116/><U65/><E33/><V56/><F30/><W122/><G63/><T59/><D70/><U68/><E5/><N who="3" m="2122" /><G122/><T110/><D110/><U64/><E68/><V37/><F102/><W0/><G0/><T49/><D129/><U101/><E71/><V24/><F24/><N who="3" m="14455" /><G19/><T50/><D14/><U100/><E101/><V97/><REACH who="2" step="1"/><F53/><REACH who="2" ten="224,240,256,270" step="2"/><W120/><G120/><T81/><D28/><N who="1" m="17455" /><E100/><V133/><F133/><W55/><G55/><N who="0" m="33919" /><D135/><U86/><E65/><V124/><F124/><AGARI ba="0,1" hai="8,9,124,125,126" m="14455,2122,43594" machi="124" ten="30,12000,2" yaku="18,1,11,1,34,2,52,3" doraHai="1" who="3" fromWho="2" sc="224,0,240,0,256,-120,270,130" /><INIT seed="3,0,0,0,3,0" ten="224,240,136,400" oya="3" hai0="128,108,105,106,94,37,51,44,71,17,13,93,100" hai1="124,54,90,5,4,57,18,3,9,53,132,20,7" hai2="70,49,98,87,79,25,127,67,115,61,22,114,74" hai3="78,72,107,83,120,112,97,101,35,110,121,81,41"/><W60/><G35/><T75/><D71/><U88/><E124/><V36/><F127/><W104/><G60/><T10/><D75/><U32/><E32/><V11/><F36/><W103/><G41/><T68/><D37/><U73/><E73/><V66/><F74/><N who="3" m="43223" /><G112/><T39/><D108/><U116/><E116/><V33/><F66/><W63/><G63/><T27/><D128/><U96/><E132/><V123/><F123/><N who="3" m="47179" /><G110/><T24/><D105/><N who="3" m="40521" /><G97/><T118/><D68/><U12/><E53/><V130/><F130/><W62/><G62/><T65/><D39/><U113/><E113/><V38/><F38/><W43/><G43/><T47/><D65/><U85/><E96/><V102/><F49/><W31/><G31/><T77/><D77/><AGARI ba="0,0" hai="72,77,83,101,103" m="40521,47179,43223" machi="77" ten="30,2900,0" yaku="34,2" doraHai="0" who="3" fromWho="0" sc="224,-29,240,0,136,0,400,29" owari="195,-20.5,240,4.0,136,-36.4,429,52.9" /></mjloggm>