<mjloggm ver="2.3"><GO type="225" lobby="0"/><UN n0="%E3%81%AF%E3%82%88%E3%81%8A%E3%81%98%E3%81%95%E3%82%93" n1="%E3%80%90%E8%92%BC%E7%90%89%E3%80%91" n2="%E9%B3%B3%E6%9D%B1%E3%81%AE%E3%81%86%E3%81%95%E3%81%8E%E3%81%95%E3%82%93" n3="%E6%97%A5%E6%9B%9C%E6%97%A5%E3%82%88%E3%82%8A%E3%81%AE%E4%BD%BF%E8%80%85" dan="17,16,17,17" rate="2158.54,2188.34,2190.08,2179.00" sx="M,F,M,M"/><TAIKYOKU oya="0"/><INIT seed="0,0,0,3,3,97" ten="250,250,250,250" oya="0" hai0="64,109,81,103,50,6,5,110,32,55,60,61,100" hai1="42,43,10,49,47,114,129,116,63,2,35,89,102" hai2="117,134,120,24,104,23,56,79,73,95,93,34,39" hai3="127,77,94,3,48,76,52,1,88,36,12,16,67"/><T54/><D32/><U75/><E116/><V69/><F69/><W82/><G36/><T58/><D81/><U125/><E75/><V70/><F70/><W57/><G127/><T135/><D135/><U130/><E35/><V119/><F34/><W106/><G106/><T4/><D55/><U90/><E125/><V0/><F120/><W87/><G67/><T40/><D40/><U113/><E63/><V118/><F134/><W37/><G37/><T123/><D61/><U80/><E10/><V38/><F56/><W22/><REACH who="3" step="1"/><G77/><REACH who="3" ten="250,250,250,240" step="2"/><T91/><D123/><U30/><E113/><V7/><F104/><W92/><G92/><N who="2" m="35401" /><F79/><W51/><G51/><T115/><D115/><U72/><E49/><V15/><F39/><W126/><G126/><T25/><D91/><U121/><E89/><V14/><F38/><W17/><G17/><T8/><D109/><U18/><E90/><V53/><F119/><W131/><G131/><T66/><D66/><U29/><E114/><V122/><F118/><W105/><G105/><T26/><D110/><U11/><E129/><V112/><F117/><W111/><G111/><T86/><D86/><AGARI ba="0,1" hai="1,3,12,16,22,48,52,57,76,82,86,87,88,94" machi="86" ten="30,12000,2" yaku="1,1,7,1,25,2,54,3,53,0" doraHai="97" doraHaiUra="20" who="3" fromWho="0" sc="250,-120,250,0,250,0,240,130" /><INIT seed="1,0,0,4,3,16" ten="130,250,250,370" oya="1" hai0="57,59,38,116,3,42,70,79,44,81,58,18,1" hai1="88,91,61,28,45,132,96,50,13,85,72,46,47" hai2="36,17,126,33,10,86,130,67,93,9,106,83,52" hai3="104,68,54,124,76,75,101,5,105,21,64,77,84"/><U40/><E72/><V19/><F106/><W102/><G5/><T74/><D116/><U27/><E132/><V87/><F33/><W6/><G6/><T37/><D70/><U31/><E61/><V115/><F36/><W65/><G68/><T98/><D38/><U25/><E13/><V35/><F35/><W11/><G11/><N who="2" m="4105" /><F130/><W82/><G124/><T114/><D114/><U66/><E66/><V131/><F67/><W49/><G75/><T39/><D37/><U71/><E71/><V112/><F131/><W117/><G117/><T80/><D81/><U69/><E69/><V133/><F126/><W110/><G110/><T53/><D53/><U111/><E111/><V92/><F133/><W8/><G8/><T29/><D29/><N who="1" m="11339" /><E96/><V78/><F52/><W15/><G77/><T41/><D42/><U99/><E99/><V62/><F62/><W24/><G15/><T108/><D108/><U4/><E4/><V20/><F17/><N who="3" m="12335" /><G105/><T12/><REACH who="0" step="1"/><D98/><REACH who="0" ten="120,250,250,370" step="2"/><U30/><E30/><V0/><F115/><W125/><G125/><T127/><D127/><U55/><E40/><V89/><F112/><W113/><G113/><T103/><D103/><U23/><E91/><V90/><F89/><W120/><G102/><T2/><D2/><U107/><E88/><V129/><F0/><W128/><G128/><T22/><AGARI ba="0,1" hai="1,3,12,18,22,39,41,44,57,58,59,74,79,80" machi="22" ten="30,4000,0" yaku="1,1,0,1,52,1,53,0" doraHai="16" doraHaiUra="51" who="0" fromWho="0" sc="120,50,250,-20,250,-10,370,-10" /><INIT seed="2,0,0,1,3,77" ten="170,230,240,360" oya="2" hai0="25,108,85,112,97,79,124,24,73,83,128,28,26" hai1="8,50,110,49,12,61,101,127,52,80,113,69,119" hai2="42,96,23,70,2,3,116,48,90,65,87,105,133" hai3="130,37,62,66,54,58,95,40,89,81,64,21,86"/><V34/><F116/><W104/><G104/><T55/><D112/><U11/><E113/><V76/><F34/><W19/><G130/><T10/><D128/><U115/><E115/><V98/><F76/><N who="3" m="46375" /><G40/><T5/><D108/><U59/><E119/><V100/><F98/><N who="3" m="57711" /><G37/><T75/><D124/><U30/><E110/><V32/><F32/><W35/><G35/><T107/><D28/><U22/><E127/><V20/><F133/><W6/><G6/><T117/><D117/><U78/><E101/><V114/><F114/><W94/><G94/><T0/><REACH who="0" step="1"/><D55/><REACH who="0" ten="160,230,240,360" step="2"/><U43/><E30/><V103/><F103/><AGARI ba="0,1" hai="0,5,10,24,25,26,73,75,79,83,85,97,103,107" machi="103" ten="40,5200,0" yaku="1,1,2,1,52,1,53,0" doraHai="77" doraHaiUra="36" who="0" fromWho="2" sc="160,62,230,0,240,-52,360,0" /><INIT seed="3,0,0,0,1,37" ten="222,230,188,360" oya="3" hai0="20,105,86,85,25,132,29,45,22,31,60,28,93" hai1="27,70,94,34,33,64,106,130,55,30,61,35,9" hai2="120,41,62,0,50,47,66,57,2,68,97,126,21" hai3="46,135,44,117,7,107,123,125,42,102,54,87,108"/><W122/><G7/><T8/><D105/><U116/><E116/><V83/><F126/><W88/><G102/><T81/><D132/><U131/><E106/><V71/><F120/><W90/><G107/><T79/><D45/><U52/><E94/><V38/><F97/><W115/><G117/><T133/><D133/><U1/><E55/><V73/><F21/><N who="0" m="8298" /><D60/><U36/><E36/><V104/><F104/><W78/><G78/><T51/><D51/><U80/><E52/><N who="2" m="31895" /><F68/><W40/><G54/><T14/><D25/><U103/><E103/><V26/><F26/><W112/><G135/><T84/><D93/><U10/><E80/><V101/><F101/><W49/><G125/><T110/><D110/><U6/><E9/><V100/><F100/><W98/><G108/><T76/><D81/><U82/><E82/><V43/><F43/><W3/><G42/><T67/><D67/><U18/><E18/><AGARI ba="0,0" hai="8,14,18,28,29,31,76,79,84,85,86" m="8298" machi="18" ten="30,1000,0" yaku="8,1" doraHai="37" who="0" fromWho="1" sc="222,10,230,-10,188,0,360,0" owari="232,3.2,220,-18.0,188,-31.2,360,46.0" /></mjloggm>