<mjloggm ver="2.3"><GO type="225" lobby="0"/><UN n0="%E3%81%90%E3%81%A1%E3%82%84%E3%81%BE" n1="%E9%A6%AC%E5%BC%95%E7%81%AB%33" n2="%E3%81%AE%E3%81%AA%E3%82%81%E3%83%BC%E3%82%93" n3="%E3%83%A9%E3%82%A4%E3%83%B3%E3%81%AE%E8%99%8E" dan="16,16,16,16" rate="2135.87,2144.51,2118.65,2146.92" sx="M,M,M,M"/><TAIKYOKU oya="0"/><INIT seed="0,0,0,4,1,38" ten="250,250,250,250" oya="0" hai0="42,43,65,50,21,69,56,8,134,105,96,32,14" hai1="37,53,7,75,114,1,108,106,135,48,86,79,26" hai2="66,47,128,110,81,12,89,30,117,31,109,63,104" hai3="15,88,52,68,3,90,55,19,72,49,64,0,101"/><T34/><D69/><U2/><E37/><V121/><F121/><W4/><G72/><T58/><D134/><U76/><E106/><V82/><F128/><W122/><G122/><T118/><D118/><U62/><E75/><V6/><F104/><W71/><G101/><T113/><D113/><U77/><E135/><V120/><F120/><W29/><G29/><T112/><D112/><U98/><E98/><V94/><F117/><W131/><G131/><T24/><D34/><U40/><E108/><N who="2" m="41579" /><F47/><W9/><G55/><N who="0" m="31863" /><D32/><U33/><E114/><V35/><F35/><W125/><G125/><T22/><D105/><U70/><E86/><N who="2" m="52535" /><F30/><W102/><G102/><T115/><D115/><U95/><E95/><V11/><F31/><W116/><G116/><T74/><D74/><U67/><E33/><V44/><F44/><W5/><G0/><T130/><D96/><U23/><E1/><V129/><F129/><W80/><G3/><T124/><D124/><U61/><E2/><V27/><F27/><W20/><G68/><AGARI ba="0,0" hai="6,11,12,63,66,68,81,82" m="52535,41579" machi="68" ten="30,1000,0" yaku="14,1" doraHai="38" who="2" fromWho="3" sc="250,0,250,0,250,10,250,-10" /><INIT seed="1,0,0,3,4,112" ten="250,250,260,240" oya="1" hai0="82,81,59,94,130,39,124,125,29,98,107,33,3" hai1="68,88,15,119,32,86,71,52,45,111,61,57,62" hai2="14,18,8,92,5,30,87,101,44,43,16,133,108" hai3="27,6,21,128,1,38,135,127,23,54,70,78,85"/><U31/><E119/><V7/><F108/><W67/><G38/><T58/><D39/><U46/><E111/><V117/><F117/><W55/><G127/><N who="0" m="48715" /><D3/><U47/><E62/><V65/><F65/><W80/><G128/><T48/><D107/><U40/><E40/><V129/><F129/><W77/><G135/><T60/><D130/><U72/><E72/><V102/><F30/><W26/><G70/><T22/><D33/><U36/><E36/><V13/><F133/><W91/><G67/><N who="0" m="39319" /><D22/><N who="3" m="8201" /><G6/><N who="2" m="2057" /><F14/><W74/><G74/><T20/><D59/><U109/><E15/><V34/><F18/><W42/><G42/><T105/><D48/><U49/><E49/><N who="2" m="26783" /><F34/><W63/><G1/><T120/><D120/><U79/><E109/><V11/><F8/><W84/><G63/><T25/><D105/><U106/><E106/><V95/><F95/><N who="3" m="54759" /><G77/><T104/><D104/><U37/><E79/><V134/><F134/><W24/><AGARI ba="0,0" hai="24,26,27,54,55,78,80,85" m="54759,8201" machi="24" ten="30,1100,0" yaku="8,1" doraHai="112" who="3" fromWho="3" sc="250,-3,250,-5,260,-3,240,11" /><INIT seed="2,0,0,0,4,122" ten="247,245,257,251" oya="2" hai0="46,127,27,37,2,64,56,38,95,39,11,29,43" hai1="40,48,20,74,83,76,104,9,123,100,32,71,36" hai2="130,132,62,21,54,89,86,126,17,69,80,60,16" hai3="12,66,7,108,102,77,109,22,92,96,117,134,0"/><V78/><F126/><W5/><G117/><T34/><D127/><U107/><E20/><V97/><F130/><W90/><G0/><T4/><D95/><U61/><E48/><V35/><F35/><W94/><G134/><T114/><D114/><U133/><E133/><V75/><F132/><W125/><G77/><T101/><D101/><U106/><E100/><V19/><F97/><N who="3" m="59703" /><G66/><T59/><D59/><U33/><E123/><V30/><F69/><W73/><G73/><T88/><D56/><U124/><E9/><V103/><F103/><W116/><G116/><T31/><D88/><U128/><E128/><V67/><F67/><W8/><G22/><T55/><D55/><U87/><E87/><V85/><F54/><W57/><G57/><T10/><D31/><U120/><E120/><V28/><F75/><W18/><G125/><T99/><D99/><U24/><E24/><N who="2" m="16399" /><F30/><W15/><G12/><T91/><D91/><U41/><E124/><V135/><F135/><W45/><G45/><T53/><D53/><U93/><E40/><V63/><F63/><W111/><AGARI ba="0,0" hai="5,7,8,15,18,90,92,96,108,109,111" m="59703" machi="111" ten="30,7900,0" yaku="14,1,52,3" doraHai="122" who="3" fromWho="3" sc="247,-20,245,-20,257,-39,251,79" /><INIT seed="3,0,0,5,1,132" ten="227,225,218,330" oya="3" hai0="16,114,91,96,80,104,107,23,36,34,39,47,10" hai1="31,15,68,18,69,78,72,102,59,11,73,57,25" hai2="81,119,52,133,5,93,98,63,40,50,113,106,112" hai3="56,35,76,65,4,117,129,55,90,0,33,118,79"/><W13/><G0/><T94/><D34/><U105/><E59/><V122/><F119/><W85/><G65/><T111/><D111/><U124/><E57/><V101/><F133/><W127/><G127/><T60/><D114/><U75/><E78/><V27/><F106/><W70/><G129/><T66/><D10/><U22/><REACH who="1" step="1"/><E124/><REACH who="1" ten="227,215,218,330" step="2"/><V58/><F113/><W14/><G79/><T82/><D104/><U87/><E87/><V7/><F112/><W125/><G56/><T89/><D107/><U62/><E62/><V86/><F122/><W74/><G85/><T128/><D128/><U126/><E126/><V41/><F27/><W46/><G76/><T45/><D39/><U103/><E103/><V100/><F101/><W71/><G125/><T26/><D36/><U77/><E77/><N who="2" m="46383" /><F63/><W121/><G121/><T37/><D37/><U3/><E3/><V28/><F28/><W19/><G117/><T48/><D91/><U61/><E61/><V20/><F20/><W43/><G90/><T108/><D108/><U32/><E32/><V29/><F29/><W6/><G33/><T92/><D89/><U83/><E83/><N who="0" m="31785" /><D96/><AGARI ba="0,1" hai="11,15,18,22,25,31,68,69,72,73,75,96,102,105" machi="96" ten="40,1300,0" yaku="1,1,53,0" doraHai="132" doraHaiUra="2" who="1" fromWho="0" sc="227,-13,215,23,218,0,330,0" owari="214,-28.6,238,3.8,218,-18.2,330,43.0" /></mjloggm>