<mjloggm ver="2.3"><GO type="225" lobby="0"/><UN n0="%E5%85%83%E3%82%AB%E3%83%8E%E7%B3%BB%E3%83%92%E3%83%AD%E3%82%A4%E3%83%B3" n1="%E5%91%A8%E6%9D%B1" n2="%E9%A6%AC%E5%BC%95%E7%81%AB%33" n3="%E5%B0%8F%E9%B3%A5%E9%81%8A%E7%B7%B4%E7%84%A1%32%31%E6%AD%B3" dan="16,16,17,16" rate="2180.66,2152.50,2122.34,2209.98" sx="M,M,M,F"/><TAIKYOKU oya="0"/><INIT seed="0,0,0,3,1,111" ten="250,250,250,250" oya="0" hai0="93,101,5,121,108,120,25,15,12,4,55,68,104" hai1="134,13,90,8,86,63,96,76,21,45,135,129,27" hai2="65,113,125,19,126,83,56,48,26,18,24,54,57" hai3="47,31,87,92,22,59,98,99,46,69,67,16,49"/><T89/><D68/><U71/><E129/><V82/><F48/><W10/><G69/><T66/><D66/><U1/><E1/><V32/><F54/><N who="3" m="32207" /><G67/><T115/><D104/><U40/><E76/><V107/><F65/><W2/><G2/><T50/><D101/><U106/><E63/><V53/><F53/><W84/><G31/><T94/><D55/><U60/><E60/><V23/><F107/><W51/><G10/><T95/><D50/><U38/><E71/><V80/><F80/><W127/><G127/><T75/><D25/><U123/><E123/><V130/><F32/><W118/><G118/><T36/><D89/><U110/><E110/><V0/><F0/><W14/><G47/><T17/><D108/><U30/><E96/><N who="3" m="36906" /><G92/><T117/><D117/><U103/><E103/><V116/><F23/><W58/><G58/><T105/><D105/><U102/><E102/><V62/><F62/><W112/><G112/><T114/><D36/><U61/><E61/><V132/><F116/><W39/><G39/><T85/><D75/><U74/><E74/><V122/><F130/><W73/><G73/><T7/><D85/><U34/><E34/><V88/><F122/><N who="0" m="47210" /><D17/><U72/><E72/><V79/><F79/><W29/><G29/><T52/><D52/><AGARI ba="0,0" hai="14,16,22,46,51,52,84,87" m="36906,32207" machi="52" ten="30,3900,0" yaku="8,1,54,2" doraHai="111" who="3" fromWho="0" sc="250,-39,250,0,250,0,250,39" /><INIT seed="1,0,0,0,3,47" ten="211,250,250,289" oya="1" hai0="29,67,41,12,63,39,37,50,21,102,113,85,23" hai1="62,43,9,14,15,45,119,89,19,2,77,18,132" hai2="72,16,114,57,84,40,1,46,128,120,90,104,59" hai3="116,93,80,32,135,91,74,107,112,121,98,61,27"/><U38/><E132/><V81/><F120/><W71/><G121/><T13/><D113/><U124/><E124/><V31/><F114/><W115/><G135/><T96/><D85/><U101/><E119/><V60/><F128/><W10/><G10/><T100/><D63/><U123/><E123/><V82/><F1/><W17/><G116/><T99/><D41/><U78/><E2/><V106/><F31/><W25/><G25/><T5/><D29/><U11/><E101/><V65/><F57/><W69/><G32/><T109/><D67/><U26/><E26/><V55/><F65/><W105/><G105/><T24/><D24/><U51/><E62/><V117/><F117/><W122/><G122/><T76/><D76/><U30/><E30/><V75/><F75/><W97/><G74/><T0/><D0/><U95/><E38/><V34/><F34/><W4/><G61/><T66/><D66/><U129/><E129/><V42/><F42/><W92/><G107/><T126/><D109/><U94/><E94/><V6/><F6/><W70/><G80/><T56/><D56/><U35/><E35/><V3/><F3/><W111/><G4/><T83/><D5/><U49/><E51/><V131/><F131/><W64/><G115/><T125/><D83/><U68/><E68/><V58/><F58/><W8/><G112/><T20/><D20/><U87/><AGARI ba="0,0" hai="9,11,14,15,18,19,43,45,49,77,78,87,89,95" machi="87" ten="20,12000,1" yaku="0,1,7,1,9,1,8,1,52,1" doraHai="47" who="1" fromWho="1" sc="211,-40,250,120,250,-40,289,-40" /><INIT seed="1,1,0,1,4,109" ten="171,370,210,249" oya="1" hai0="73,115,35,36,83,75,44,61,95,7,114,32,108" hai1="92,22,60,49,8,5,134,47,99,23,10,29,97" hai2="125,135,94,87,20,27,33,96,51,84,101,53,38" hai3="42,76,91,127,64,85,66,77,113,31,117,71,82"/><U25/><E134/><V86/><F135/><W74/><G127/><T34/><D108/><U57/><E23/><V67/><F125/><W62/><G66/><T130/><D95/><U103/><E99/><V129/><F129/><W39/><G117/><T16/><D130/><U89/><E89/><V107/><F38/><W52/><G31/><T112/><D7/><U110/><E5/><V123/><F67/><W124/><G124/><T119/><D119/><U79/><E79/><V68/><F68/><W41/><G77/><T63/><D16/><U13/><E13/><V17/><F123/><W104/><G104/><T131/><D131/><U15/><E15/><V65/><F65/><W88/><G91/><T58/><D83/><U30/><E30/><V133/><F133/><W93/><G39/><T12/><D12/><U54/><REACH who="1" step="1"/><E110/><REACH who="1" ten="171,360,210,249" step="2"/><V0/><F33/><W80/><G76/><T69/><D69/><U72/><E72/><V105/><F0/><W18/><G74/><T121/><D121/><U26/><E26/><V21/><F21/><W59/><G71/><T111/><D111/><U28/><E28/><V116/><F116/><W46/><G18/><T14/><D14/><U11/><E11/><V2/><F2/><W100/><G100/><T9/><D9/><U56/><E56/><V45/><AGARI ba="1,1" hai="17,20,27,45,51,53,84,86,87,94,96,101,105,107" machi="45" ten="30,1100,0" yaku="0,1" doraHai="109" who="2" fromWho="2" sc="171,-4,360,-6,210,24,249,-4" /><INIT seed="2,0,0,0,5,107" ten="167,354,234,245" oya="2" hai0="37,43,38,111,103,98,108,130,99,66,36,134,76" hai1="46,79,65,89,83,126,132,41,54,133,29,22,94" hai2="124,81,71,67,27,105,135,102,40,127,64,90,42" hai3="35,72,2,114,34,97,4,32,118,12,95,128,115"/><V26/><F135/><N who="1" m="51785" /><E126/><N who="2" m="48171" /><F105/><W82/><G118/><T39/><D134/><U53/><E65/><N who="2" m="25163" /><F102/><W57/><G2/><T63/><D130/><U19/><E29/><V6/><F6/><W68/><G57/><T58/><N who="0" m="9216" /><DORA hai="85" /><T9/><D43/><N who="2" m="16426" /><F71/><W74/><G68/><T61/><D61/><U56/><E41/><V92/><F81/><W80/><G82/><T119/><D119/><U59/><E83/><V3/><F3/><W16/><G4/><T55/><D76/><U47/><E79/><V51/><F51/><W60/><G80/><T112/><D112/><N who="3" m="43049" /><G128/><T8/><D66/><U104/><E104/><V28/><F28/><W122/><G60/><T0/><D0/><U84/><E19/><V75/><F75/><W109/><G72/><T129/><D129/><U48/><E22/><V78/><F78/><W88/><G74/><T86/><D86/><AGARI ba="0,0" hai="26,27,86,90,92" m="16426,25163,48171" machi="86" ten="30,2900,0" yaku="18,1,52,1" doraHai="107,85" who="2" fromWho="0" sc="167,-29,354,0,234,29,245,0" /><INIT seed="2,1,0,4,2,60" ten="138,354,263,245" oya="2" hai0="82,7,69,67,103,79,5,44,56,126,48,29,20" hai1="33,97,76,105,27,66,93,64,34,26,101,13,99" hai2="9,89,74,28,119,40,94,35,53,36,45,57,17" hai3="0,102,12,43,78,112,32,107,11,70,83,88,130"/><V65/><F119/><W118/><G118/><T123/><D123/><U75/><E34/><V115/><F115/><W114/><G0/><T58/><D126/><U91/><E13/><V121/><F121/><W22/><G32/><T111/><D111/><U71/><E71/><V30/><F74/><W51/><G130/><T46/><D69/><U125/><E125/><V120/><F120/><W31/><G70/><T8/><D103/><U109/><E109/><V77/><F77/><W100/><G107/><T10/><D79/><U68/><E68/><V73/><F73/><W129/><G129/><T133/><D133/><U41/><E41/><V87/><F35/><W39/><G39/><T24/><D82/><U104/><E104/><V38/><F38/><W47/><G78/><T52/><D44/><U23/><E75/><V96/><F87/><N who="3" m="50303" /><G114/><T122/><D122/><U72/><E72/><V116/><F116/><W2/><G2/><T19/><D29/><U62/><E76/><V80/><F80/><W124/><G124/><T18/><D18/><U50/><E62/><V42/><F42/><W81/><G81/><T84/><D84/><U110/><E50/><V135/><F135/><W92/><G92/><T61/><REACH who="0" step="1"/><D46/><REACH who="0" ten="128,354,263,245" step="2"/><U15/><E110/><V37/><F37/><W106/><G112/><T127/><D127/><U108/><E108/><V1/><F17/><N who="3" m="8351" /><G106/><T85/><D85/><U25/><E33/><V131/><F131/><W49/><G102/><T95/><D95/><N who="1" m="56575" /><E105/><V90/><F94/><W55/><G100/><T128/><D128/><U59/><E93/><V134/><F134/><RYUUKYOKU ba="1,1" sc="128,30,354,-10,263,-10,245,-10" hai0="5,7,8,10,19,20,24,48,52,56,58,61,67" /><INIT seed="3,2,1,1,1,70" ten="158,344,253,235" oya="3" hai0="123,57,53,19,23,81,122,113,10,65,8,94,84" hai1="64,2,98,33,11,91,56,120,77,5,52,85,87" hai2="109,7,12,51,3,132,30,121,83,25,100,22,127" hai3="38,115,86,16,69,21,47,35,32,20,104,61,26"/><W106/><G115/><T72/><D113/><U89/><E33/><V131/><F3/><W135/><G135/><T75/><D122/><U17/><E120/><V15/><F132/><W41/><G86/><T28/><D123/><U0/><E77/><V76/><F121/><W24/><G35/><T4/><D65/><U112/><E112/><V110/><F127/><W18/><G32/><T108/><D108/><N who="2" m="41578" /><F131/><W97/><G97/><T50/><D28/><U68/><E17/><V114/><F114/><W107/><G69/><T116/><D116/><U124/><E98/><V118/><F118/><W130/><REACH who="3" step="1"/><G61/><REACH who="3" ten="158,344,253,225" step="2"/><T55/><D72/><U96/><E87/><N who="2" m="48615" /><F100/><W125/><G125/><T40/><D75/><U37/><E124/><V119/><F119/><W74/><G74/><T13/><D94/><U105/><E85/><V6/><F51/><W58/><G58/><T99/><D99/><U90/><E56/><V128/><F128/><AGARI ba="2,2" hai="16,18,20,21,24,26,38,41,47,104,106,107,128,130" machi="128" ten="50,12000,1" yaku="1,1,9,1,52,1,54,1,53,0" doraHai="70" doraHaiUra="44" who="3" fromWho="2" sc="158,0,344,0,253,-126,225,146" owari="158,-24.2,344,14.4,127,-37.3,371,47.1" /></mjloggm>