<mjloggm ver="2.3"><GO type="225" lobby="0"/><UN n0="%E3%81%BE%E3%81%A8%E3%81%9F" n1="%E5%8D%A0%E3%81%84%E5%B8%AB%E8%A3%8F%E3%81%AA%E3%81%84%E3%81%97" n2="%43%68%65" n3="%77%72%77%72%77%72%77%72" dan="16,17,16,17" rate="2118.95,2178.70,2112.15,2152.49" sx="M,M,M,M"/><TAIKYOKU oya="0"/><INIT seed="0,0,0,2,5,70" ten="250,250,250,250" oya="0" hai0="39,16,130,22,86,94,117,62,71,121,115,43,110" hai1="77,97,109,105,81,87,73,53,76,68,85,55,116" hai2="15,61,98,20,29,104,27,57,42,112,49,25,44" hai3="92,24,127,79,128,124,118,108,35,123,119,45,132"/><T96/><D115/><U58/><E68/><V56/><F112/><W102/><G108/><T26/><D117/><N who="3" m="44553" /><G79/><T131/><D121/><U82/><E116/><V111/><F111/><W120/><G45/><N who="0" m="23807" /><D110/><U72/><E109/><V5/><F27/><W107/><G128/><N who="0" m="49195" /><D71/><U83/><E58/><V66/><F104/><W103/><G107/><T75/><D62/><U69/><E53/><V54/><F98/><N who="3" m="59719" /><G103/><N who="0" m="60823" /><D86/><N who="1" m="32779" /><E55/><V1/><F1/><W4/><G132/><T122/><D122/><N who="3" m="46633" /><G4/><T11/><D11/><U9/><E9/><N who="2" m="4527" /><F57/><W89/><G89/><T46/><D46/><U8/><E8/><V32/><F66/><W90/><G90/><T100/><D100/><N who="1" m="62607" /><E69/><V28/><F32/><W101/><G101/><T78/><D78/><AGARI ba="0,0" hai="72,73,76,77,78,81,82,83" m="62607,32779" machi="78" ten="30,8000,1" yaku="35,5" doraHai="70" who="1" fromWho="0" sc="250,-80,250,80,250,0,250,0" /><INIT seed="1,0,0,0,0,108" ten="170,330,250,250" oya="1" hai0="39,46,111,128,29,28,35,16,12,93,116,94,41" hai1="82,58,122,97,65,38,118,107,57,110,91,83,5" hai2="9,8,96,131,3,74,21,30,25,121,49,18,124" hai3="102,80,130,26,114,67,98,64,89,13,104,52,7"/><U50/><E118/><V106/><F121/><W2/><G114/><T40/><D116/><U132/><E38/><V17/><F74/><W71/><G2/><T48/><D111/><U60/><E122/><V78/><F78/><W129/><G71/><T34/><D128/><N who="3" m="49257" /><G26/><T62/><D62/><U127/><E110/><V85/><F131/><W51/><G7/><T133/><D133/><U112/><E132/><V23/><F124/><W117/><G117/><T135/><D135/><U77/><E127/><V43/><F3/><W6/><G6/><T0/><D0/><U88/><E112/><V75/><F75/><W134/><G134/><T53/><D40/><U95/><E107/><V1/><F1/><W45/><G13/><T42/><D41/><U120/><E120/><V90/><F96/><W27/><G27/><T37/><D39/><U24/><E5/><V22/><F106/><W100/><G100/><T68/><D68/><U123/><E123/><V15/><F9/><W54/><G54/><T76/><D34/><U79/><E24/><V69/><F30/><W56/><G56/><T20/><D35/><U31/><E31/><V86/><F69/><W101/><G101/><T59/><D29/><U19/><E19/><V126/><F126/><W47/><G47/><T84/><REACH who="0" step="1"/><D28/><REACH who="0" ten="160,330,250,250" step="2"/><U10/><E60/><V14/><F43/><W44/><G64/><T81/><AGARI ba="0,1" hai="12,16,20,37,42,46,48,53,59,76,81,84,93,94" machi="81" ten="30,7900,0" yaku="1,1,2,1,0,1,54,1,53,0" doraHai="108" doraHaiUra="92" who="0" fromWho="0" sc="160,89,330,-39,250,-20,250,-20" /><INIT seed="2,0,0,1,1,42" ten="249,291,230,230" oya="2" hai0="49,53,56,24,55,46,103,44,21,98,85,58,77" hai1="117,104,120,54,126,122,67,81,91,50,130,101,60" hai2="125,30,112,92,63,127,32,31,2,73,36,94,11" hai3="79,108,95,70,93,110,29,52,8,18,13,119,80"/><V10/><F112/><W128/><G119/><T74/><D74/><U68/><E117/><V1/><F63/><W114/><G114/><T107/><D85/><N who="1" m="50607" /><E126/><V61/><F61/><W41/><G70/><T76/><D77/><U43/><E43/><V132/><F132/><W65/><G65/><T134/><D76/><U12/><E12/><V90/><F90/><W86/><G128/><T45/><D134/><U40/><E40/><V115/><F115/><W59/><G29/><T39/><D39/><U17/><E17/><V9/><F73/><W106/><G106/><T129/><D129/><U78/><E78/><V113/><F113/><W96/><G41/><T123/><D123/><N who="1" m="47147" /><E104/><V51/><F51/><W26/><G26/><T37/><D37/><U28/><E28/><N who="2" m="10795" /><F36/><W62/><REACH who="3" step="1"/><G93/><REACH who="3" ten="249,291,230,220" step="2"/><N who="2" m="35945" /><F32/><W118/><G118/><T27/><D21/><U89/><E130/><V4/><F4/><W75/><G75/><T15/><D15/><U124/><E68/><V23/><F23/><W0/><G0/><AGARI ba="0,1" hai="0,1,2,9,10,11,125,127" m="35945,10795" machi="0" ten="40,3900,0" yaku="28,2" doraHai="42" who="2" fromWho="3" sc="249,0,291,0,230,49,220,-39" /><INIT seed="2,1,0,2,5,2" ten="249,291,279,181" oya="2" hai0="66,15,36,41,12,77,91,39,90,19,118,92,131" hai1="35,70,86,8,126,1,85,68,105,104,55,98,79" hai2="89,43,99,112,95,124,113,18,72,134,0,100,71" hai3="122,97,121,32,88,24,63,87,6,129,56,14,75"/><V25/><F71/><W106/><G129/><T82/><D131/><U120/><E126/><V78/><F124/><W127/><G127/><T30/><D30/><U84/><E79/><V59/><F134/><W48/><G75/><T110/><D110/><U37/><E120/><V45/><F0/><W133/><G133/><T65/><D41/><U28/><E55/><V125/><F125/><W26/><G48/><T46/><D46/><U83/><E83/><V10/><F78/><W20/><G32/><T9/><D118/><U5/><E37/><V52/><F72/><W76/><G76/><T17/><D39/><U3/><E3/><V50/><F100/><W23/><G97/><T108/><D36/><U69/><E98/><V102/><F102/><W11/><G106/><T119/><D119/><U132/><E132/><V61/><F10/><W4/><G122/><T22/><D108/><U40/><E40/><V128/><F128/><W57/><G121/><T107/><D107/><U73/><E73/><V103/><F103/><W49/><G49/><T21/><D9/><U93/><E93/><V94/><F94/><N who="3" m="54559" /><G4/><T123/><D77/><U74/><E74/><V96/><F99/><W27/><G56/><T13/><D123/><U58/><E58/><V67/><F67/><AGARI ba="1,0" hai="6,11,14,20,23,24,26,27,57,63,67" m="54559" machi="67" ten="30,3900,0" yaku="8,1,52,1,54,1" doraHai="2" who="3" fromWho="2" sc="249,0,291,0,279,-42,181,42" /><INIT seed="3,0,0,4,4,53" ten="249,291,237,223" oya="3" hai0="76,58,124,127,1,16,84,43,4,111,65,81,120" hai1="131,100,64,51,55,132,0,115,80,17,119,5,99" hai2="102,46,63,69,98,66,104,130,57,45,38,122,72" hai3="73,82,23,78,83,41,93,70,9,44,24,90,27"/><W75/><G70/><T48/><D120/><U2/><E115/><V96/><F122/><W116/><G116/><T29/><D29/><U117/><E132/><V47/><F130/><W125/><G125/><T14/><D4/><U49/><E131/><V86/><F72/><W10/><G82/><T118/><D1/><U91/><E64/><V89/><F98/><W60/><G75/><T109/><D118/><N who="1" m="45067" /><E17/><V106/><F104/><W22/><G60/><N who="0" m="38039" /><D48/><U121/><E5/><V50/><F38/><W94/><G94/><T42/><D43/><U95/><E49/><V74/><F74/><W12/><G23/><N who="0" m="11671" /><D42/><U56/><E121/><V126/><F126/><AGARI ba="0,0" hai="76,81,84,109,111,124,126,127" m="11671,38039" machi="126" ten="30,3900,0" yaku="18,1,52,1,54,1" doraHai="53" who="0" fromWho="2" sc="249,39,291,0,237,-39,223,0" /><INIT seed="4,0,0,5,0,70" ten="288,291,198,223" oya="0" hai0="8,11,57,43,27,86,61,54,117,56,18,26,2" hai1="63,114,65,21,41,67,135,81,44,79,122,50,24" hai2="46,51,47,131,7,125,90,12,115,45,101,134,25" hai3="105,113,74,20,28,97,9,37,64,32,71,106,38"/><T72/><D72/><U48/><E122/><V89/><F115/><W88/><G113/><T126/><D126/><U16/><E114/><V118/><F125/><W75/><G20/><N who="0" m="13591" /><D2/><U80/><E135/><V119/><F134/><W95/><G9/><N who="0" m="3659" /><D43/><U3/><E3/><V93/><F131/><W66/><G66/><N who="1" m="25098" /><E63/><V102/><F25/><W76/><G64/><N who="0" m="38951" /><D117/><N who="2" m="44554" /><F51/><W4/><G71/><T5/><D27/><U19/><E79/><V133/><F133/><W83/><G4/><T132/><D132/><U53/><E19/><V35/><F35/><W15/><G74/><T87/><D5/><U6/><E6/><V112/><F112/><W127/><G127/><T1/><D1/><U49/><E49/><AGARI ba="0,0" hai="49,54,57,86,87" m="38951,3659,13591" machi="49" ten="30,1500,0" yaku="8,1" doraHai="70" who="0" fromWho="1" sc="288,15,291,-15,198,0,223,0" owari="303,40.3,276,7.6,198,-30.2,223,-17.7" /></mjloggm>