<mjloggm ver="2.3"><GO type="225" lobby="0"/><UN n0="%E6%B7%91%E5%A5%B3%E3%81%AE%E5%97%9C%E3%81%BF" n1="%E3%82%8A%E3%81%93%E3%82%8A%E3%82%93%E3%81%94" n2="%E5%8D%A0%E3%81%84%E5%B8%AB%E8%A3%8F%E3%81%AA%E3%81%84%E3%81%97" n3="%E3%83%A9%E3%82%A4%E3%83%B3%E3%81%AE%E8%99%8E" dan="16,17,17,16" rate="2093.51,2186.18,2183.97,2150.26" sx="M,M,M,M"/><TAIKYOKU oya="0"/><INIT seed="0,0,0,5,4,116" ten="250,250,250,250" oya="0" hai0="47,71,72,74,90,131,133,32,69,35,124,1,105" hai1="84,68,81,33,38,73,41,92,19,0,59,29,48" hai2="61,3,30,15,16,134,31,51,18,36,42,82,100" hai3="9,44,83,28,53,62,89,129,130,6,122,63,86"/><T7/><D90/><U13/><E68/><N who="0" m="26185" /><D47/><U75/><E0/><V104/><F3/><W121/><G28/><T17/><D17/><U23/><E38/><V87/><F36/><W78/><G89/><T2/><D131/><N who="3" m="50185" /><G44/><T66/><D66/><U45/><E92/><V10/><F100/><W70/><G53/><T102/><D133/><U65/><E33/><N who="0" m="12873" /><D124/><U49/><E29/><V80/><F134/><W5/><G5/><T60/><D60/><N who="3" m="23081" /><G70/><T128/><D128/><U22/><E65/><V118/><F61/><W52/><G52/><T91/><D91/><U108/><E45/><V26/><F18/><W8/><G8/><N who="0" m="2159" /><D2/><AGARI ba="0,0" hai="2,6,9,78,83,86,121,122" m="23081,50185" machi="2" ten="30,3900,0" yaku="19,1,52,2" doraHai="116" who="3" fromWho="0" sc="250,-39,250,0,250,0,250,39" /><INIT seed="1,0,0,2,0,73" ten="211,250,250,289" oya="1" hai0="116,94,22,122,25,123,3,60,78,66,42,36,59" hai1="130,23,98,95,67,81,45,28,14,86,108,56,5" hai2="11,82,46,55,93,113,58,80,12,132,99,40,83" hai3="119,103,97,84,51,27,44,124,111,16,77,29,1"/><U75/><E75/><V65/><F132/><W8/><G111/><T101/><D116/><U118/><E118/><V0/><F0/><W126/><G119/><T134/><D134/><U129/><E108/><V68/><F113/><W26/><G29/><T135/><D135/><U91/><E45/><V120/><F120/><W92/><G1/><T43/><D3/><U47/><E47/><V110/><F65/><W37/><G37/><T61/><D36/><U96/><E5/><V112/><F68/><W90/><G77/><T13/><D13/><U38/><E38/><V89/><F112/><W69/><G69/><T76/><D61/><U24/><E14/><V15/><F110/><W121/><G121/><N who="0" m="46091" /><D43/><U54/><E67/><V20/><F20/><W107/><G8/><T109/><D42/><U74/><E74/><V34/><F34/><W30/><G16/><N who="0" m="12487" /><D109/><U131/><REACH who="1" step="1"/><E81/><REACH who="1" ten="211,240,250,289" step="2"/><V71/><F11/><W49/><G44/><T100/><D100/><U88/><E88/><V125/><F12/><W4/><G4/><T18/><D18/><U63/><AGARI ba="0,1" hai="23,24,28,54,56,63,86,91,95,96,98,129,130,131" machi="63" ten="30,11700,0" yaku="1,1,0,1,19,1,53,1" doraHai="73" doraHaiUra="52" who="1" fromWho="1" sc="211,-39,240,127,250,-39,289,-39" /><INIT seed="1,1,0,4,5,129" ten="172,367,211,250" oya="1" hai0="127,94,118,54,95,59,29,135,33,56,58,81,122" hai1="85,114,16,44,55,50,20,73,132,9,124,97,57" hai2="26,117,100,24,39,131,108,68,37,42,11,71,128" hai3="87,46,98,105,49,41,17,89,125,53,13,86,84"/><U133/><E73/><V28/><F117/><W5/><G125/><T93/><D118/><U111/><E114/><V45/><F108/><W121/><G121/><T82/><D127/><U8/><E124/><V75/><F11/><W92/><G5/><T32/><D122/><U6/><E111/><V116/><F116/><W66/><G66/><T134/><D54/><U104/><E85/><V112/><F112/><W15/><G105/><T3/><D3/><U62/><E104/><V106/><F75/><W101/><G41/><T19/><D19/><U88/><E88/><V113/><F113/><W123/><G123/><T47/><D47/><U60/><E97/><N who="2" m="61711" /><F24/><W36/><G36/><T43/><D43/><U48/><E48/><V91/><F91/><W99/><G99/><T7/><D7/><U52/><E62/><V21/><F37/><W90/><REACH who="3" step="1"/><G13/><REACH who="3" ten="172,367,211,240" step="2"/><T1/><D1/><U80/><E6/><V22/><F42/><W65/><G65/><T10/><D10/><AGARI ba="1,1" hai="10,15,17,46,49,53,84,86,87,89,90,92,98,101" machi="10" ten="40,2600,0" yaku="1,1,8,1,53,0" doraHai="129" doraHaiUra="2" who="3" fromWho="0" sc="172,-29,367,0,211,0,240,39" /><INIT seed="2,0,0,0,3,100" ten="143,367,211,279" oya="2" hai0="107,35,110,63,36,30,106,26,78,7,92,13,102" hai1="87,80,96,84,33,82,114,54,3,4,133,31,115" hai2="111,74,64,56,105,17,38,79,47,49,66,104,29" hai3="60,125,20,83,34,55,51,86,24,8,88,89,130"/><V10/><F38/><W14/><G125/><T61/><D36/><U41/><E133/><V40/><F29/><W46/><G34/><T12/><D110/><U97/><E41/><V103/><F111/><W91/><G130/><T134/><D134/><U113/><E3/><V131/><F131/><W48/><G60/><T121/><D121/><U116/><E4/><V67/><F103/><W25/><G51/><T117/><D117/><U81/><E116/><V16/><F56/><W32/><G32/><T2/><D78/><U132/><E132/><V62/><F62/><W43/><G55/><T122/><D122/><U45/><E31/><V76/><F76/><N who="3" m="46439" /><G20/><T22/><D63/><U23/><E33/><V71/><F71/><W9/><G9/><N who="0" m="2295" /><D13/><U109/><E23/><V124/><F124/><W120/><G120/><T70/><D61/><U135/><E109/><V101/><F101/><W94/><G94/><T11/><D11/><U19/><E135/><V0/><F0/><W59/><G59/><T128/><D70/><U37/><E37/><V50/><F50/><W27/><G27/><T39/><D39/><U73/><E115/><V108/><F108/><W28/><G28/><T129/><D129/><U118/><E118/><V127/><F127/><W53/><G53/><T72/><D128/><U95/><E54/><V57/><F57/><W5/><AGARI ba="0,0" hai="5,8,14,24,25,43,46,48,88,89,91" m="46439" machi="5" ten="30,4000,0" yaku="25,1,8,1,54,1" doraHai="100" who="3" fromWho="3" sc="143,-10,367,-10,211,-20,279,40" /><INIT seed="3,0,0,5,0,94" ten="133,357,191,319" oya="3" hai0="86,129,21,95,104,25,90,44,36,19,24,96,72" hai1="130,79,9,87,29,121,18,108,64,23,65,98,114" hai2="134,112,48,84,28,119,126,97,131,0,127,41,89" hai3="40,30,2,60,101,51,115,59,27,32,93,15,116"/><W3/><G115/><T75/><D129/><U103/><E114/><V52/><F112/><W67/><G116/><T22/><D36/><U106/><E121/><V113/><F113/><W1/><G15/><T100/><REACH who="0" step="1"/><D44/><REACH who="0" ten="123,357,191,319" step="2"/><U56/><E130/><V110/><F131/><W102/><REACH who="3" step="1"/><G93/><REACH who="3" ten="123,357,191,309" step="2"/><T88/><D88/><U26/><E108/><V33/><F110/><W10/><G10/><T61/><D61/><U109/><E109/><V55/><F89/><W37/><G37/><T92/><D92/><U11/><E11/><V133/><F119/><W16/><G16/><AGARI ba="0,2" hai="16,19,21,22,24,25,72,75,86,90,95,96,100,104" machi="16" ten="30,8000,1" yaku="1,1,7,1,9,1,52,1,54,1,53,0" doraHai="94" doraHaiUra="68" who="0" fromWho="3" sc="123,100,357,0,191,0,309,-80" owari="223,-17.7,357,45.7,191,-30.9,229,2.9" /></mjloggm>