<mjloggm ver="2.3"><GO type="225" lobby="0"/><UN n0="%E9%A6%AC%E5%BC%95%E7%81%AB%33" n1="%E3%83%96%E3%83%83%E3%83%91%E3%82%AA%E3%83%96%E3%83%81%E3%82%AD%E3%83%B3" n2="%4B%2E%32%2E%4B%2E" n3="%E3%82%8F%E3%81%8B%E3%81%B0%2A%E3%82%AC%E3%83%BC%E3%83%AB" dan="16,16,16,16" rate="2081.61,2217.96,2196.45,2089.48" sx="M,M,M,M"/><TAIKYOKU oya="0"/><INIT seed="0,0,0,0,1,119" ten="250,250,250,250" oya="0" hai0="82,52,17,13,22,29,90,69,73,117,53,33,54" hai1="93,97,103,94,65,77,128,127,126,16,66,24,37" hai2="71,109,6,9,121,12,104,107,59,114,30,89,87" hai3="67,3,84,135,2,72,47,23,134,50,49,78,99"/><T102/><D117/><U11/><E37/><V4/><F114/><W43/><G72/><T26/><D69/><U85/><E128/><V113/><F113/><W76/><G67/><N who="1" m="25610" /><E77/><V79/><F71/><W110/><G110/><T115/><D115/><U116/><E116/><V100/><F109/><W35/><G35/><T88/><REACH who="0" step="1"/><D102/><REACH who="0" ten="240,250,250,250" step="2"/><U96/><E103/><V91/><F100/><W111/><G111/><T83/><D83/><U38/><E127/><V58/><F104/><W10/><G134/><T20/><D20/><N who="1" m="13319" /><E126/><V1/><F107/><W60/><G23/><T56/><D56/><U68/><E68/><V118/><F59/><W62/><G135/><T28/><D28/><U36/><E36/><V122/><F58/><W98/><G47/><T106/><D106/><U131/><E38/><V124/><F124/><W39/><G39/><T120/><D120/><U8/><E131/><V133/><F133/><W80/><G80/><T19/><D19/><U92/><E85/><V44/><F118/><W125/><G125/><T55/><N who="0" m="13312" /><DORA hai="7" /><T31/><D31/><U45/><E45/><V46/><F30/><W130/><G130/><T41/><D41/><U63/><E63/><V14/><F87/><W70/><G84/><T105/><D105/><U32/><E32/><V48/><F46/><W61/><G70/><T132/><D132/><U57/><E57/><V86/><F86/><W51/><G43/><T64/><D64/><U0/><E0/><V5/><F1/><W34/><G34/><T123/><D123/><U21/><E21/><V74/><F121/><W18/><G2/><RYUUKYOKU ba="0,1" sc="240,15,250,15,250,-15,250,-15" hai0="13,17,22,26,29,33,73,82,88,90" hai1="8,11,92,93,94,96,97" /><INIT seed="0,1,1,0,3,53" ten="255,265,235,235" oya="0" hai0="36,12,21,128,134,64,97,99,132,5,108,112,101" hai1="40,124,130,47,82,133,87,6,78,106,17,4,29" hai2="32,88,22,100,25,24,57,43,18,84,44,0,73" hai3="96,33,7,38,110,91,72,20,89,56,3,118,86"/><T121/><D112/><U83/><E106/><V77/><F100/><W27/><G118/><T61/><D121/><U48/><E124/><V114/><F114/><W125/><G72/><T129/><D36/><U39/><E133/><N who="0" m="51305" /><D108/><U54/><E130/><N who="0" m="50281" /><D101/><U98/><E29/><V104/><F0/><W68/><G38/><T80/><D80/><U102/><E17/><V30/><F104/><W71/><G3/><T119/><D119/><U85/><E98/><V28/><F28/><W70/><G96/><T35/><D35/><U31/><E31/><V19/><F19/><W14/><G33/><T10/><D21/><U13/><E102/><V37/><F73/><W63/><G86/><T41/><D41/><U81/><E81/><V67/><F77/><W1/><G20/><T2/><D2/><U94/><E94/><V115/><F115/><W15/><G1/><T95/><D95/><U42/><E42/><V60/><F84/><W131/><G131/><T9/><D10/><U58/><REACH who="1" step="1"/><E13/><REACH who="1" ten="255,255,235,235" step="2"/><V26/><F25/><W122/><G27/><T23/><D23/><U135/><E135/><V107/><F107/><W50/><G14/><T92/><D92/><U52/><E52/><V55/><F55/><W123/><G15/><T74/><D74/><U113/><E113/><V116/><F116/><W69/><G122/><T111/><D111/><U120/><E120/><V46/><F43/><W49/><G123/><T51/><D51/><U16/><E16/><V79/><F37/><W103/><G110/><T105/><D105/><U90/><AGARI ba="1,2" hai="4,6,39,40,47,48,54,58,78,82,83,85,87,90" machi="90" ten="20,5200,0" yaku="1,1,0,1,7,1,52,1,53,0" doraHai="53" doraHaiUra="127" who="1" fromWho="1" sc="255,-27,255,75,235,-14,235,-14" /><INIT seed="1,0,0,0,1,36" ten="228,330,221,221" oya="1" hai0="40,39,22,0,56,132,127,69,74,15,118,32,87" hai1="77,86,38,109,117,31,4,37,84,23,14,81,110" hai2="122,97,103,90,128,100,53,131,63,93,94,85,10" hai3="78,133,18,50,2,19,135,8,42,20,43,119,7"/><U11/><E117/><V17/><F10/><W115/><G115/><T1/><D118/><U126/><E126/><V28/><F28/><W68/><G68/><T26/><D74/><U113/><E113/><V114/><F17/><W24/><G119/><T61/><D69/><U102/><E102/><N who="2" m="38955" /><F114/><W82/><G19/><T123/><D127/><U3/><E86/><V92/><F53/><W80/><G80/><T99/><D132/><N who="3" m="50761" /><G50/><T6/><D99/><U47/><E3/><V76/><F63/><W73/><AGARI ba="0,0" hai="2,7,8,18,20,24,42,43,73,78,82" m="50761" machi="73" ten="30,4000,0" yaku="20,1,52,2" doraHai="36" who="3" fromWho="3" sc="228,-10,330,-20,221,-10,221,40" /><INIT seed="2,0,0,5,2,135" ten="218,310,211,261" oya="2" hai0="63,67,58,71,6,2,5,85,126,69,8,113,117" hai1="132,44,79,77,114,91,95,129,15,32,103,17,87" hai2="48,10,133,99,108,39,59,28,106,4,13,56,76" hai3="98,30,80,42,88,128,23,37,105,33,74,34,75"/><V122/><F122/><W11/><G128/><T73/><D113/><U55/><E114/><V116/><F116/><W118/><G118/><T104/><D73/><U112/><E112/><V38/><F133/><W52/><G37/><T19/><D117/><U130/><E32/><V41/><F108/><W81/><G42/><T109/><D109/><U72/><E132/><V29/><F76/><W86/><G11/><T20/><D104/><U65/><E65/><V119/><F119/><W21/><G105/><T66/><D5/><U107/><E44/><N who="2" m="25615" /><F39/><W93/><G80/><T68/><D85/><U35/><E55/><V43/><F43/><W7/><G7/><T131/><D131/><N who="1" m="50187" /><E35/><V60/><F38/><W120/><G120/><T25/><REACH who="0" step="1"/><D67/><REACH who="0" ten="208,310,211,261" step="2"/><U47/><E72/><V121/><F121/><W57/><G74/><T54/><D54/><U94/><E107/><V127/><F106/><W61/><G75/><T40/><D40/><U89/><E87/><V78/><F99/><W26/><REACH who="3" step="1"/><G34/><REACH who="3" ten="208,310,211,251" step="2"/><T123/><D123/><U83/><E83/><V24/><F4/><W27/><G27/><T12/><D12/><U115/><E15/><V97/><F24/><W70/><G70/><T111/><D111/><U45/><E115/><V101/><F13/><W124/><G124/><AGARI ba="0,2" hai="2,6,8,19,20,25,58,63,66,68,69,71,124,126" machi="124" ten="50,6400,0" yaku="1,1,52,2,53,0" doraHai="135" doraHaiUra="9" who="0" fromWho="3" sc="208,84,310,0,211,0,251,-64" /><INIT seed="3,0,0,5,1,38" ten="292,310,211,187" oya="3" hai0="122,47,12,107,99,64,134,80,110,82,85,25,10" hai1="121,72,105,84,30,19,123,17,75,39,51,23,102" hai2="7,67,118,89,26,43,114,101,41,87,45,115,88" hai3="129,16,111,13,116,1,77,76,56,97,9,98,127"/><W52/><G116/><T103/><D122/><U126/><E39/><V36/><F118/><W71/><G71/><T92/><D110/><U73/><E126/><V14/><F101/><W78/><G127/><T29/><D134/><U86/><E30/><V60/><F26/><W113/><G113/><T117/><D117/><U112/><E51/><V131/><F131/><W40/><G129/><T120/><D120/><N who="1" m="46155" /><E19/><V55/><F55/><W37/><G111/><T93/><D64/><U79/><E17/><V34/><F34/><W31/><G31/><T54/><D54/><U5/><E23/><V44/><F14/><W49/><REACH who="3" step="1"/><G1/><REACH who="3" ten="292,310,211,177" step="2"/><T128/><D128/><U24/><E112/><V4/><F114/><W3/><G3/><T21/><D107/><U57/><E105/><V94/><F115/><W133/><G133/><T15/><D29/><U68/><E68/><V22/><F22/><W132/><G132/><T50/><D21/><U125/><E125/><V46/><F89/><W83/><G83/><T8/><D80/><U95/><E102/><V18/><F18/><W100/><G100/><T61/><D103/><U27/><E79/><V33/><F33/><W42/><G42/><N who="2" m="15881" /><F36/><W62/><G62/><T91/><D61/><U74/><E74/><V0/><F0/><W53/><G53/><T28/><D91/><U90/><E73/><V35/><F35/><W11/><G11/><T104/><D8/><U130/><E75/><V48/><F48/><W65/><G65/><T66/><D10/><U108/><E72/><V6/><F60/><W70/><G70/><T20/><D50/><RYUUKYOKU ba="0,1" sc="292,-15,310,-15,211,15,177,15" hai2="4,6,7,44,45,46,67,87,88,94" hai3="9,13,16,37,40,49,52,56,76,77,78,97,98" /><INIT seed="3,1,1,3,2,98" ten="277,295,226,192" oya="3" hai0="90,12,105,94,10,84,133,7,53,58,25,45,48" hai1="54,26,16,70,77,20,8,36,21,6,99,57,80" hai2="4,73,24,65,91,124,67,88,42,59,69,117,116" hai3="112,33,109,78,85,114,55,110,72,86,9,22,120"/><W104/><G33/><T51/><D133/><U64/><E36/><V81/><F69/><W111/><G120/><T60/><D105/><U40/><E40/><V35/><F4/><W28/><G104/><T66/><D48/><U113/><E113/><N who="3" m="43626" /><G9/><T32/><D32/><U62/><E99/><V82/><F124/><W127/><G127/><T11/><D11/><U43/><E43/><V102/><F42/><W34/><G34/><T23/><D23/><U44/><E21/><V106/><F24/><AGARI ba="1,1" hai="7,10,12,24,25,45,51,53,58,60,66,84,90,94" machi="24" ten="40,1300,0" yaku="8,1" doraHai="98" who="0" fromWho="2" sc="277,26,295,0,226,-16,192,0" owari="303,40.3,295,9.5,210,-19.0,192,-30.8" /></mjloggm>