<mjloggm ver="2.3"><GO type="225" lobby="0"/><UN n0="%E6%81%A5%E6%99%92%E3%81%97" n1="%E6%9C%88%E5%B3%B6%E5%9F%BA" n2="%E5%8D%A0%E3%81%84%E5%B8%AB%E8%A3%8F%E3%81%AA%E3%81%84%E3%81%97" n3="%E5%A4%8F%E9%88%B4%E9%88%B4%E5%A4%8F" dan="16,16,17,16" rate="2107.44,2112.66,2199.50,2102.67" sx="M,M,M,F"/><TAIKYOKU oya="0"/><INIT seed="0,0,0,0,1,51" ten="250,250,250,250" oya="0" hai0="108,114,27,0,86,111,61,72,104,6,110,109,85" hai1="46,19,37,107,26,84,116,134,91,43,124,100,80" hai2="64,121,58,40,12,47,42,5,127,31,122,44,74" hai3="10,82,34,131,118,67,7,70,25,29,57,49,66"/><T76/><N who="0" m="27648" /><DORA hai="81" /><T2/><D114/><U65/><E116/><V98/><F74/><W55/><G118/><T52/><D104/><U39/><E124/><V53/><F31/><W75/><G131/><T18/><D72/><U90/><E134/><V87/><F127/><W56/><G70/><T30/><D18/><U95/><E65/><V24/><F98/><W48/><G75/><T106/><D106/><U101/><E39/><V8/><F64/><W126/><G126/><T129/><D129/><U88/><E107/><V45/><F24/><W14/><G82/><N who="0" m="47303" /><D86/><U23/><REACH who="1" step="1"/><E95/><REACH who="1" ten="250,240,250,250" step="2"/><V99/><F122/><W112/><G112/><T92/><D92/><U32/><E32/><V9/><F121/><W1/><G1/><T97/><D97/><U20/><E20/><V119/><F99/><W93/><G93/><T22/><D6/><U113/><E113/><V89/><F119/><W77/><G77/><AGARI ba="0,1" hai="19,23,26,37,43,46,77,80,84,88,90,91,100,101" machi="77" ten="40,8000,1" yaku="1,1,52,1,54,1,53,1" doraHai="51,81" doraHaiUra="36,33" who="1" fromWho="3" sc="250,0,240,90,250,0,250,-80" /><INIT seed="1,0,0,5,1,90" ten="250,330,250,170" oya="1" hai0="78,101,133,23,67,53,4,93,65,64,14,55,56" hai1="49,26,110,34,85,36,94,123,48,0,135,132,7" hai2="79,61,6,98,84,70,8,106,77,54,46,113,125" hai3="103,72,126,33,88,51,96,117,29,109,16,47,105"/><U73/><E123/><V100/><F125/><W92/><G109/><T80/><D133/><N who="1" m="51275" /><E73/><V37/><F113/><W75/><G126/><T40/><D40/><U18/><E36/><V97/><F84/><W129/><G129/><T11/><D23/><N who="1" m="13687" /><E34/><V131/><F131/><W25/><G117/><T32/><D32/><U122/><E122/><V12/><F98/><W1/><G16/><N who="0" m="8287" /><D56/><U128/><E0/><V66/><REACH who="2" step="1"/><F54/><REACH who="2" ten="250,330,240,170" step="2"/><W20/><G1/><T114/><D114/><U104/><E85/><V10/><F10/><W81/><G81/><T130/><D130/><U82/><E128/><V63/><F63/><W38/><G38/><T118/><D118/><U116/><E82/><V87/><F87/><W24/><G103/><T124/><D80/><U107/><E116/><V9/><F9/><W57/><G105/><T17/><D124/><U91/><E107/><V99/><F99/><W127/><G127/><T95/><D53/><U28/><E104/><V19/><F19/><W121/><G121/><T39/><D55/><U2/><E110/><V83/><F83/><W13/><G75/><T31/><D17/><U119/><E119/><V21/><F21/><N who="3" m="15503" /><G72/><T108/><D108/><U89/><E89/><V27/><F27/><W102/><G13/><T43/><D78/><U59/><E91/><V62/><F62/><W74/><G33/><T112/><D112/><U86/><E86/><V22/><F22/><W76/><G74/><T30/><D4/><U52/><E7/><V115/><F115/><W44/><G76/><T120/><D120/><U45/><E2/><V41/><AGARI ba="0,1" hai="6,8,12,37,41,46,61,66,70,77,79,97,100,106" machi="41" ten="30,7900,0" yaku="1,1,5,1,0,1,53,1" doraHai="90" doraHaiUra="69" who="2" fromWho="2" sc="250,-20,330,-39,240,89,170,-20" /><INIT seed="2,0,0,4,5,129" ten="230,291,329,150" oya="2" hai0="48,26,123,23,50,63,3,32,109,91,77,0,15" hai1="93,16,82,100,119,56,88,135,120,118,125,111,62" hai2="4,22,95,57,132,20,17,105,72,61,81,115,40" hai3="71,112,99,67,31,41,126,76,33,13,42,104,107"/><V51/><F115/><W21/><G126/><T18/><D123/><U44/><E125/><V30/><F105/><W113/><G76/><T59/><D109/><U58/><E111/><V79/><F4/><W27/><G13/><T28/><D77/><U46/><E120/><V34/><F34/><W55/><G55/><T37/><D37/><U108/><E108/><V122/><F122/><W102/><G107/><T11/><D91/><U49/><E100/><V69/><F69/><W68/><G21/><T52/><REACH who="0" step="1"/><D0/><REACH who="0" ten="220,291,329,150" step="2"/><U73/><E88/><V14/><F79/><W114/><REACH who="3" step="1"/><G71/><REACH who="3" ten="220,291,329,140" step="2"/><T38/><D38/><U116/><E116/><V121/><F121/><W133/><G133/><T110/><D110/><U45/><E135/><V106/><F132/><W117/><G117/><T9/><D9/><U19/><E118/><V54/><F72/><W98/><G98/><T7/><AGARI ba="0,2" hai="3,7,11,15,18,23,26,28,32,48,50,52,59,63" machi="7" ten="30,8000,1" yaku="1,1,0,1,24,2,54,1,53,0" doraHai="129" doraHaiUra="101" who="0" fromWho="0" sc="220,100,291,-20,329,-40,140,-20" /><INIT seed="3,0,0,4,0,40" ten="320,271,289,120" oya="3" hai0="115,101,113,25,88,130,56,24,127,99,112,64,107" hai1="32,82,55,53,97,1,37,18,14,65,26,125,109" hai2="43,20,123,2,41,57,27,118,92,9,17,98,23" hai3="19,8,134,29,73,10,79,103,100,95,5,119,76"/><W0/><G119/><T44/><D127/><U104/><E125/><V21/><F118/><W89/><G134/><T75/><D130/><U70/><E37/><V129/><F129/><W111/><G111/><T81/><D44/><U45/><E1/><V120/><F2/><W116/><G116/><T106/><D106/><U67/><E109/><V90/><F9/><W39/><G39/><T38/><D38/><U13/><E82/><V132/><F132/><W15/><G29/><T77/><D88/><U49/><E55/><V36/><F36/><W114/><G114/><T51/><D51/><U68/><E68/><V84/><F84/><W66/><G66/><T87/><D87/><U48/><E48/><V16/><F21/><W33/><G33/><T59/><D59/><U86/><E86/><V4/><F4/><W126/><G126/><T7/><D7/><U47/><E47/><V30/><F30/><W117/><G117/><T80/><D81/><U50/><E50/><V85/><F85/><W133/><G133/><T63/><AGARI ba="0,0" hai="24,25,56,63,64,75,77,80,99,101,107,112,113,115" machi="63" ten="40,2700,0" yaku="0,1,11,1" doraHai="40" who="0" fromWho="0" sc="320,27,271,-7,289,-7,120,-13" owari="347,44.7,264,-13.6,282,8.2,107,-39.3" /></mjloggm>