<mjloggm ver="2.3"><GO type="225" lobby="0"/><UN n0="%E5%B8%86%E7%AB%8B%E5%A4%8F%E8%A1%A3" n1="%E6%98%93%E5%88%A9%E8%96%A9%E4%BC%AF" n2="%E3%83%A9%E3%82%A4%E3%83%B3%E3%81%AE%E8%99%8E" n3="%E3%81%BE%E3%81%A8%E3%81%9F" dan="17,16,16,16" rate="2157.89,2142.02,2152.48,2123.10" sx="M,F,M,M"/><TAIKYOKU oya="0"/><INIT seed="0,0,0,4,1,75" ten="250,250,250,250" oya="0" hai0="98,54,130,123,24,63,55,21,17,96,87,122,4" hai1="66,61,48,41,64,79,40,131,18,45,51,128,105" hai2="59,12,110,30,58,82,19,38,133,26,127,35,28" hai3="27,62,104,125,132,56,33,124,72,65,52,83,85"/><T57/><D130/><N who="1" m="49707" /><E105/><V77/><F110/><W134/><G104/><T44/><D123/><U73/><E18/><V46/><F127/><N who="3" m="48715" /><G72/><T6/><D122/><U84/><E73/><V13/><F133/><N who="3" m="51307" /><G33/><T8/><D6/><U23/><E23/><V76/><F30/><W5/><G5/><T39/><D87/><U121/><E121/><V25/><F25/><W117/><G27/><T101/><D101/><U43/><E51/><V118/><F118/><W81/><G117/><T74/><D74/><U29/><E29/><V97/><F97/><W47/><G85/><T116/><D116/><U69/><E64/><V109/><F28/><W37/><G65/><T120/><D120/><U67/><E67/><V53/><F35/><W68/><G68/><T91/><D91/><U113/><E113/><V78/><F19/><W36/><G36/><T14/><REACH who="0" step="1"/><D39/><REACH who="0" ten="240,250,250,250" step="2"/><U112/><E112/><V1/><F38/><W32/><G32/><T0/><D0/><U89/><E89/><V2/><F2/><W114/><G114/><T80/><D80/><AGARI ba="0,1" hai="40,41,43,45,48,61,66,69,79,80,84" m="49707" machi="80" ten="30,2000,0" yaku="19,1,52,1" doraHai="75" who="1" fromWho="0" sc="240,-20,250,30,250,0,250,0" /><INIT seed="1,0,0,2,0,76" ten="220,280,250,250" oya="1" hai0="101,57,55,43,67,52,20,107,51,54,104,14,36" hai1="131,59,3,95,123,100,80,105,92,82,21,35,50" hai2="9,48,18,34,60,94,115,46,93,81,40,63,26" hai3="65,31,41,133,129,16,132,87,58,83,111,45,37"/><U56/><E123/><V23/><F115/><W86/><G111/><T121/><D121/><U69/><E35/><V106/><F106/><W7/><G7/><T0/><D0/><U109/><E69/><V108/><F108/><W128/><G31/><T29/><D104/><U64/><E3/><V17/><F34/><W38/><G38/><T102/><D107/><U117/><E117/><V85/><F9/><W119/><G87/><T103/><D36/><U70/><E70/><V122/><F17/><W84/><G86/><T113/><D113/><U8/><E105/><V66/><F122/><W74/><G74/><T79/><D79/><U6/><E131/><N who="3" m="50250" /><G119/><T12/><D43/><U47/><E21/><V62/><REACH who="2" step="1"/><F66/><REACH who="2" ten="220,280,240,250" step="2"/><W15/><G65/><T22/><D67/><U116/><E64/><V28/><F28/><W114/><G114/><T61/><D29/><U89/><E116/><V91/><AGARI ba="0,1" hai="18,23,26,40,46,48,60,62,63,81,85,91,93,94" machi="91" ten="30,7900,0" yaku="1,1,0,1,8,1,52,1,53,0" doraHai="76" doraHaiUra="125" who="2" fromWho="2" sc="220,-20,280,-39,240,89,250,-20" /><INIT seed="2,0,0,3,4,86" ten="200,241,329,230" oya="2" hai0="75,24,63,52,127,107,134,119,62,68,12,46,26" hai1="103,132,65,78,1,57,60,30,83,42,109,76,31" hai2="61,3,118,0,116,90,21,25,130,14,87,101,36" hai3="120,97,91,16,110,47,79,51,70,128,59,40,94"/><V112/><F112/><W18/><G120/><T123/><D75/><U81/><E1/><V74/><F74/><W44/><G70/><T114/><D123/><U133/><E109/><V11/><F36/><W77/><G110/><T104/><D114/><U7/><E7/><V45/><F45/><W99/><G128/><T84/><D134/><N who="1" m="51819" /><E103/><V8/><F61/><N who="0" m="23050" /><D68/><U72/><E42/><V135/><F101/><W105/><G59/><T49/><D107/><U67/><E67/><V122/><F130/><W102/><REACH who="3" step="1"/><G47/><REACH who="3" ten="200,241,329,220" step="2"/><T48/><D119/><U80/><E72/><V125/><F135/><W55/><G55/><N who="0" m="30103" /><D127/><U29/><AGARI ba="0,1" hai="29,30,31,57,60,65,76,78,80,81,83" m="51819" machi="29" ten="40,1500,0" yaku="20,1" doraHai="86" who="1" fromWho="1" sc="200,-4,241,25,329,-7,220,-4" /><INIT seed="3,0,0,4,3,58" ten="196,266,322,216" oya="3" hai0="98,32,43,49,47,108,73,70,26,71,72,126,100" hai1="59,54,69,94,4,103,12,122,106,90,31,85,105" hai2="102,2,50,11,14,93,104,39,28,23,133,135,131" hai3="119,132,20,74,114,77,40,37,24,35,36,115,33"/><W13/><G119/><T42/><D108/><U76/><E69/><V109/><F39/><W27/><G132/><N who="2" m="50761" /><F104/><W92/><G92/><T0/><D126/><U120/><E31/><V18/><F109/><W5/><G37/><N who="0" m="21967" /><D43/><U129/><E129/><V117/><F131/><W91/><G40/><T124/><D49/><U111/><E111/><V46/><F117/><W60/><G36/><T41/><D41/><U52/><E54/><N who="2" m="30039" /><F28/><W83/><G35/><T10/><D124/><U110/><E76/><V9/><F2/><W79/><G33/><T45/><D45/><U53/><E53/><V15/><F15/><W55/><G55/><T112/><D112/><U121/><E103/><V130/><F130/><W57/><G115/><T107/><D26/><U66/><E66/><V19/><F19/><W44/><G44/><T88/><D88/><U113/><E113/><V87/><F87/><W75/><G114/><T116/><D32/><U68/><E68/><N who="0" m="26153" /><D116/><U7/><E110/><V89/><F89/><W17/><G91/><T25/><D25/><U78/><E121/><V127/><F127/><W99/><G99/><AGARI ba="0,0" hai="9,11,14,18,23,93,99,102" m="30039,50761" machi="99" ten="30,1000,0" yaku="20,1" doraHai="58" who="2" fromWho="3" sc="196,0,266,0,322,10,216,-10" owari="196,-30.4,266,6.6,332,43.2,206,-19.4" /></mjloggm>