<mjloggm ver="2.3"><GO type="225" lobby="0"/><UN n0="%E7%9A%AE%E3%80%85" n1="%70%68%65%6E%6F%6D%65" n2="%E5%B8%86%E7%AB%8B%E5%A4%8F%E8%A1%A3" n3="%E3%83%96%E3%83%83%E3%83%91%E3%82%AA%E3%83%96%E3%83%81%E3%82%AD%E3%83%B3" dan="16,16,17,16" rate="2148.02,2168.13,2118.07,2247.07" sx="F,M,M,M"/><TAIKYOKU oya="0"/><INIT seed="0,0,0,5,3,117" ten="250,250,250,250" oya="0" hai0="33,72,23,46,13,91,132,126,30,15,80,18,130" hai1="109,95,79,69,110,35,38,98,1,85,40,57,83" hai2="28,9,102,115,27,39,105,78,51,45,21,49,5" hai3="14,113,42,114,112,70,101,97,44,0,20,54,6"/><T19/><D130/><U22/><E69/><V71/><F115/><W99/><G70/><T104/><D104/><U59/><E35/><V89/><F71/><W92/><G0/><T26/><D126/><U86/><E1/><V75/><F89/><W64/><G64/><T108/><D132/><U73/><E22/><V93/><F105/><W55/><G97/><T34/><D108/><N who="1" m="41579" /><E40/><V129/><F129/><W8/><REACH who="3" step="1"/><G20/><REACH who="3" ten="250,250,250,240" step="2"/><T134/><D23/><U61/><E38/><AGARI ba="0,1" hai="6,8,14,38,42,44,54,55,92,99,101,112,113,114" machi="38" ten="40,5200,0" yaku="1,1,2,1,53,1" doraHai="117" doraHaiUra="11" who="3" fromWho="1" sc="250,0,250,-52,250,0,240,62" /><INIT seed="1,0,0,5,2,95" ten="250,198,250,302" oya="1" hai0="88,55,99,56,135,102,16,96,108,112,93,118,53" hai1="8,33,128,121,61,35,66,52,63,45,86,41,73" hai2="115,57,28,11,43,68,126,84,29,116,103,20,89" hai3="25,92,5,69,17,62,107,46,120,87,82,26,104"/><U38/><E121/><V47/><F68/><W75/><G120/><T39/><D118/><U114/><E114/><V18/><F116/><W74/><G5/><T81/><D112/><U130/><E73/><V94/><F126/><W97/><G46/><T13/><D39/><U37/><E86/><V117/><F117/><W90/><G69/><T40/><D108/><U9/><E9/><V15/><F115/><W98/><G62/><N who="0" m="36111" /><D135/><U70/><E8/><V44/><F44/><W133/><G133/><T49/><D40/><U71/><E38/><V1/><F57/><W7/><G7/><T67/><D67/><N who="1" m="41327" /><E52/><V24/><F1/><W51/><G51/><T110/><D110/><U12/><E12/><V85/><F103/><N who="3" m="62583" /><G17/><T3/><D3/><U0/><E0/><V124/><F124/><W23/><G23/><N who="0" m="11663" /><D81/><U2/><E2/><V78/><F78/><N who="3" m="46551" /><G26/><T100/><D96/><U30/><E30/><V122/><F122/><W21/><G21/><T127/><D127/><U80/><E80/><V10/><F85/><N who="3" m="52303" /><G25/><T60/><D60/><U91/><E35/><V134/><F11/><W101/><AGARI ba="0,0" hai="74,75,97,101,107" m="52303,46551,62583" machi="101" ten="30,12000,2" yaku="35,5,52,2" doraHai="95" who="3" fromWho="3" sc="250,-30,198,-60,250,-30,302,120" /><INIT seed="2,0,0,4,4,15" ten="220,138,220,422" oya="2" hai0="41,22,86,53,93,28,117,32,88,81,113,43,124" hai1="57,39,4,79,60,3,127,110,38,56,24,59,26" hai2="135,71,0,67,66,84,50,108,74,1,95,64,37" hai3="85,89,91,112,19,98,128,80,5,106,12,105,83"/><V10/><F71/><W111/><G111/><T51/><D113/><U82/><E110/><V109/><F37/><W21/><G112/><T52/><D124/><U2/><E127/><V31/><F74/><W54/><G128/><T122/><D32/><U107/><E107/><V90/><F135/><W73/><G73/><T116/><D122/><U69/><E69/><V20/><F50/><W14/><G54/><T100/><D53/><U27/><E60/><V115/><F115/><W6/><G98/><N who="0" m="59471" /><D117/><U87/><REACH who="1" step="1"/><E4/><REACH who="1" ten="220,128,220,422" step="2"/><V65/><F109/><W45/><G5/><T9/><D116/><U35/><E35/><V114/><F108/><W34/><G34/><T96/><D9/><U8/><E8/><V126/><F114/><W132/><G106/><T16/><D96/><U70/><E70/><V77/><F126/><W47/><G105/><T44/><D28/><U23/><E23/><V72/><F10/><N who="3" m="4183" /><G132/><T130/><D130/><U125/><E125/><V121/><F20/><W29/><G29/><T123/><D123/><U55/><E55/><V134/><F31/><W101/><G21/><T49/><D49/><U76/><E76/><V104/><F104/><W63/><G63/><T92/><D92/><U97/><E97/><V17/><F134/><W40/><G40/><T7/><D7/><U36/><AGARI ba="0,1" hai="2,3,24,26,27,36,38,39,56,57,59,79,82,87" machi="36" ten="40,8000,1" yaku="1,1,0,1,29,2,53,0" doraHai="15" doraHaiUra="61" who="1" fromWho="1" sc="220,-20,128,90,220,-40,422,-20" /><INIT seed="3,0,0,4,5,4" ten="200,218,180,402" oya="3" hai0="111,70,132,64,131,107,80,121,130,101,71,134,67" hai1="36,40,126,74,9,66,76,75,51,42,135,10,24" hai2="15,17,21,81,30,53,19,99,94,47,105,61,114" hai3="68,120,58,49,103,56,46,38,133,63,97,90,29"/><W8/><G120/><T110/><D121/><U122/><E36/><V128/><F105/><W112/><G112/><T18/><D18/><U83/><E122/><V100/><F128/><N who="0" m="49194" /><D80/><U50/><E66/><N who="0" m="25129" /><D107/><U26/><E83/><V123/><F123/><W60/><G60/><T57/><D57/><U41/><E76/><V7/><F114/><W125/><G49/><T33/><D101/><U85/><E85/><V86/><F30/><W127/><G97/><T37/><D33/><U2/><E51/><V65/><F53/><W113/><G8/><T73/><D73/><U35/><E50/><V28/><F47/><W82/><G90/><T88/><D88/><U34/><E74/><V48/><F48/><W55/><G55/><T69/><D37/><U6/><E75/><V102/><F102/><W108/><G38/><T115/><D115/><U96/><E96/><V5/><F19/><W116/><G29/><T119/><D119/><U84/><E84/><V45/><F45/><W11/><G103/><T52/><D52/><U98/><E98/><V27/><F65/><W14/><G113/><T77/><D77/><U93/><E34/><V59/><F59/><W95/><G56/><T31/><D31/><U124/><E35/><V1/><F61/><W129/><G58/><T12/><D12/><U118/><E118/><V106/><F106/><W54/><G14/><T78/><D78/><U3/><E26/><V20/><F1/><W89/><G63/><T104/><D104/><U16/><E24/><V32/><F32/><W117/><G129/><T91/><D91/><AGARI ba="0,0" hai="5,7,15,17,20,21,27,28,81,86,91,94,99,100" machi="91" ten="30,2000,0" yaku="7,1,8,1" doraHai="4" who="2" fromWho="0" sc="200,-20,218,0,180,20,402,0" owari="180,-32.0,218,1.8,200,-20.0,402,50.2" /></mjloggm>