<mjloggm ver="2.3"><GO type="225" lobby="0"/><UN n0="%4C%4F%4C%49%54%41" n1="%E3%81%8B%E3%82%8F%E3%81%A1%E3%82%83%E3%82%93%35%38" n2="%70%6F%69%73%6F%6E%30%32" n3="%2D%E8%B1%8A%E5%8F%A3%E3%82%81%E3%81%90%E3%81%BF%2D" dan="16,16,16,17" rate="2096.06,2112.54,2124.99,2186.01" sx="F,M,M,F"/><TAIKYOKU oya="0"/><INIT seed="0,0,0,2,1,69" ten="250,250,250,250" oya="0" hai0="4,115,70,92,72,49,129,47,76,6,2,55,90" hai1="119,127,65,67,36,44,81,99,32,100,10,8,52" hai2="37,24,109,121,15,104,0,117,98,57,74,123,14" hai3="56,107,40,85,7,31,29,19,77,126,111,53,23"/><T86/><D115/><U58/><E32/><V83/><F0/><W64/><G107/><T33/><D70/><U9/><E119/><V73/><F109/><W26/><G111/><T122/><D122/><U89/><E127/><V46/><F117/><W25/><G126/><T108/><D108/><U133/><E133/><V68/><F24/><W66/><G7/><T128/><D33/><U51/><E89/><V95/><F104/><W93/><G40/><T101/><D101/><U113/><E81/><V87/><F68/><W34/><G19/><T120/><D120/><U79/><E79/><V71/><F71/><W13/><G13/><T27/><D27/><U12/><E113/><V5/><F74/><W84/><G84/><T11/><REACH who="0" step="1"/><D6/><REACH who="0" ten="240,250,250,250" step="2"/><U50/><E12/><V118/><F5/><W42/><G34/><T124/><D124/><U75/><E75/><V35/><F73/><W48/><G29/><T110/><D110/><U125/><E125/><V18/><F35/><W62/><G31/><T45/><D45/><U63/><E44/><V94/><F15/><W105/><G25/><T1/><D1/><U43/><E100/><V59/><F118/><W112/><G26/><T91/><D91/><U17/><E17/><V3/><F3/><W22/><G112/><T21/><D21/><U116/><E116/><V30/><F30/><W82/><G22/><T131/><D131/><U132/><E8/><V41/><F123/><W16/><G23/><T39/><D39/><U28/><E9/><V54/><F121/><W80/><G16/><T96/><D96/><U60/><E99/><RYUUKYOKU ba="0,1" sc="240,30,250,-10,250,-10,250,-10" hai0="2,4,11,47,49,55,72,76,86,90,92,128,129" /><INIT seed="0,1,1,5,1,88" ten="270,240,240,240" oya="0" hai0="61,62,27,123,110,134,81,92,65,90,37,111,9" hai1="50,106,93,95,30,121,45,109,41,76,25,115,13" hai2="8,40,77,46,94,98,49,38,85,67,125,44,70" hai3="130,48,96,32,79,14,71,114,6,113,108,35,84"/><T16/><D37/><U21/><E121/><V33/><F125/><W36/><G36/><T105/><D105/><U87/><E106/><V112/><F33/><W129/><G71/><T54/><D123/><U2/><E2/><V89/><F112/><W60/><G60/><T10/><D134/><U5/><E109/><N who="0" m="41481" /><D81/><N who="1" m="47527" /><E115/><V23/><F67/><W1/><G108/><T17/><D54/><U15/><E15/><V28/><F70/><W119/><G14/><N who="0" m="7375" /><D65/><U82/><E82/><V131/><F131/><W75/><G130/><T26/><D26/><U11/><AGARI ba="1,1" hai="5,11,13,21,25,30,41,45,50,93,95" m="47527" machi="11" ten="30,7900,0" yaku="25,1,8,1,52,2" doraHai="88" who="1" fromWho="1" sc="270,-40,240,92,240,-21,240,-21" /><INIT seed="1,0,0,3,2,108" ten="230,332,219,219" oya="1" hai0="100,20,93,79,114,119,92,118,112,48,28,47,42" hai1="23,53,46,1,75,25,15,63,45,3,111,89,2" hai2="9,120,76,33,50,12,65,83,117,13,130,103,91" hai3="68,55,90,135,110,30,128,60,127,95,129,132,126"/><U19/><E75/><V134/><F33/><W133/><G110/><T29/><D79/><U4/><E111/><V34/><F34/><W18/><G30/><T72/><D72/><U26/><E89/><V84/><F117/><W35/><G35/><T43/><D20/><N who="1" m="11391" /><E63/><V58/><F120/><W122/><G18/><T74/><D74/><U113/><E53/><V97/><F134/><W105/><G105/><T86/><D86/><U85/><E85/><V121/><F130/><N who="3" m="50283" /><G122/><T32/><D32/><U109/><E46/><V36/><F36/><W31/><G31/><T71/><D47/><U61/><E61/><V69/><F69/><W10/><G10/><T81/><D48/><U78/><E45/><V96/><F121/><W80/><G80/><T62/><D62/><U116/><E78/><V107/><F65/><N who="3" m="40999" /><G55/><T94/><D94/><U24/><E116/><V70/><F70/><W123/><G123/><T115/><D115/><U66/><E66/><V131/><F131/><W51/><G51/><T77/><D71/><U8/><E109/><V38/><F38/><W125/><G90/><T98/><D81/><U64/><E64/><V56/><F50/><W102/><G102/><T41/><D77/><U99/><E99/><V44/><F44/><W14/><G14/><T40/><D40/><U104/><E104/><V52/><F13/><W67/><G67/><T7/><D43/><U37/><E37/><V49/><F97/><W106/><G106/><T57/><D98/><U6/><E8/><V27/><F76/><W82/><G82/><T11/><D11/><U22/><E113/><RYUUKYOKU ba="0,0" sc="230,-15,332,15,219,-15,219,15" hai1="1,2,3,4,6,22,23,24,25,26" hai3="95,125,126,127,132,133,135" /><INIT seed="1,1,0,4,4,38" ten="215,347,204,234" oya="1" hai0="7,10,122,56,134,96,70,62,64,72,57,40,65" hai1="67,123,101,0,4,23,32,81,12,75,25,121,27" hai2="42,108,45,55,18,14,41,97,89,82,78,84,91" hai3="66,77,37,87,68,26,13,74,71,46,17,54,114"/><U111/><E67/><V129/><F108/><W49/><G114/><T73/><D134/><U52/><E101/><V103/><F129/><W110/><G110/><T24/><D122/><U83/><E111/><V29/><F29/><W5/><G74/><T107/><D24/><U126/><E75/><V116/><F116/><W120/><G120/><T43/><D73/><U98/><E98/><V3/><F3/><W1/><G1/><T104/><D72/><U15/><E0/><V19/><F55/><W2/><G2/><T31/><D31/><U85/><E85/><V34/><F34/><W93/><G37/><T80/><D80/><U131/><E23/><V115/><F19/><W11/><G66/><T9/><D62/><U33/><E4/><V92/><F115/><W16/><G17/><T94/><D94/><U20/><E20/><V112/><F112/><W8/><G8/><T119/><D96/><U76/><E76/><V28/><F28/><W47/><G47/><T95/><D95/><U58/><E58/><V51/><REACH who="2" step="1"/><F42/><REACH who="2" ten="215,347,194,234" step="2"/><W48/><G54/><T36/><D119/><U102/><E52/><V59/><F59/><W90/><G16/><T69/><D36/><U63/><E131/><V35/><F35/><W86/><G5/><AGARI ba="1,1" hai="5,7,9,10,40,43,56,57,64,65,69,70,104,107" machi="5" ten="25,6400,0" yaku="22,2,52,2" doraHai="38" who="0" fromWho="3" sc="215,77,347,0,194,0,234,-67" /><INIT seed="2,0,0,2,2,112" ten="292,347,194,167" oya="2" hai0="20,22,53,44,71,10,135,25,117,50,62,84,126" hai1="18,100,131,119,66,33,129,97,113,82,32,102,78" hai2="0,28,111,4,85,86,96,57,7,26,75,105,93" hai3="67,116,1,6,36,17,16,128,40,54,77,91,72"/><V14/><F0/><W24/><G67/><T27/><D135/><U56/><E113/><V52/><F75/><W41/><G128/><N who="1" m="49226" /><E119/><V95/><F105/><W49/><G116/><T99/><D117/><U19/><E56/><V88/><F111/><W9/><G91/><T132/><D126/><U23/><E66/><V118/><F118/><W58/><G24/><T2/><D132/><U130/><E130/><V103/><F85/><W21/><G21/><T30/><D99/><U108/><E108/><V94/><F94/><W42/><REACH who="3" step="1"/><G36/><REACH who="3" ten="292,347,194,157" step="2"/><T37/><D37/><U70/><E23/><N who="2" m="15455" /><F14/><W90/><G90/><T124/><D27/><U92/><E70/><V121/><F121/><W107/><G107/><T80/><D71/><U31/><E31/><V35/><F35/><N who="1" m="13385" /><E102/><V134/><F134/><W89/><G89/><T11/><D25/><U69/><E69/><V109/><F109/><W38/><G38/><T68/><D68/><U5/><E100/><V43/><F43/><W51/><G51/><AGARI ba="0,1" hai="4,7,51,52,57,86,88,93,95,96,103" m="15455" machi="51" ten="30,5800,0" yaku="8,1,54,2" doraHai="112" who="2" fromWho="3" sc="292,0,347,0,194,68,157,-58" /><INIT seed="2,1,0,5,3,50" ten="292,347,262,99" oya="2" hai0="71,32,95,42,4,129,64,127,0,109,86,112,83" hai1="15,12,3,20,19,115,106,22,70,34,57,101,116" hai2="30,80,87,60,21,46,25,35,120,72,56,1,5" hai3="135,36,39,45,31,11,33,128,17,59,98,134,27"/><V9/><F120/><W117/><G117/><T61/><D112/><U97/><E70/><V10/><F72/><W16/><G128/><T7/><D32/><U58/><E116/><V62/><F46/><W75/><G75/><T111/><D129/><U90/><E3/><V13/><F35/><W53/><G98/><T124/><D42/><U49/><E34/><V113/><F113/><W41/><G39/><T92/><D95/><U119/><E119/><V6/><REACH who="2" step="1"/><F56/><REACH who="2" ten="292,347,252,99" step="2"/><W48/><REACH who="3" step="1"/><G11/><REACH who="3" ten="292,347,252,89" step="2"/><N who="0" m="2439" /><D127/><U55/><E115/><V43/><F43/><W108/><G108/><T69/><D124/><U54/><E20/><V24/><F24/><W121/><G121/><T118/><D109/><U114/><E114/><V52/><F52/><W40/><G40/><T2/><D111/><U100/><E55/><V91/><AGARI ba="1,2" hai="1,5,6,9,10,13,21,25,30,60,62,80,87,91" machi="91" ten="20,3900,0" yaku="1,1,0,1,7,1,53,0" doraHai="50" doraHaiUra="126" who="2" fromWho="2" sc="292,-14,347,-14,252,62,89,-14" /><INIT seed="2,2,0,4,5,125" ten="278,333,314,75" oya="2" hai0="80,10,66,79,63,119,132,129,39,27,22,15,23" hai1="73,51,46,64,120,127,131,30,34,104,0,25,12" hai2="31,121,3,38,59,42,67,114,32,92,28,55,61" hai3="133,45,20,50,117,96,103,24,60,95,135,17,134"/><V78/><F114/><W105/><G117/><T83/><D39/><U70/><E73/><V110/><F3/><W33/><G33/><T93/><D119/><U130/><E0/><V115/><F115/><W19/><G60/><T9/><D132/><U41/><E127/><V108/><F121/><W116/><G116/><T58/><D129/><N who="1" m="49163" /><E104/><V29/><F78/><W68/><G68/><T8/><D93/><U101/><E101/><V2/><F2/><W13/><G105/><T1/><D1/><U54/><E120/><V97/><F67/><W88/><G103/><T43/><D43/><U18/><E64/><V52/><F55/><W100/><G100/><T111/><D111/><N who="2" m="42538" /><F42/><W123/><G123/><T69/><D69/><U82/><E70/><V90/><F38/><W65/><G65/><T84/><D83/><U107/><E107/><V72/><F72/><W124/><G124/><T44/><D44/><U85/><E41/><V109/><F109/><W37/><G37/><T102/><D102/><U75/><E75/><V113/><F113/><W48/><REACH who="3" step="1"/><G45/><REACH who="3" ten="278,333,314,65" step="2"/><T62/><D62/><U87/><E82/><V126/><F126/><W5/><G5/><T118/><D118/><U56/><E46/><V11/><F32/><W77/><G77/><T40/><D79/><U35/><E35/><V106/><F106/><W76/><G76/><T26/><D80/><U86/><E34/><V71/><F71/><W7/><G7/><T81/><D81/><U91/><E91/><V21/><F90/><W49/><G49/><T112/><D66/><U57/><E51/><V128/><F128/><RYUUKYOKU ba="2,1" sc="278,-10,333,-10,314,-10,65,30" hai3="13,17,19,20,24,48,50,88,95,96,133,134,135" /><INIT seed="3,3,1,3,1,16" ten="268,323,304,95" oya="3" hai0="130,133,23,6,117,107,103,35,111,71,43,36,25" hai1="61,94,128,63,118,31,53,52,40,88,64,114,72" hai2="42,82,32,93,116,9,126,73,29,37,96,106,62" hai3="17,10,22,69,122,132,48,97,19,74,30,115,18"/><W76/><G115/><T7/><D117/><U5/><E114/><V84/><F116/><W120/><G69/><T131/><D35/><U65/><E72/><V119/><F119/><W26/><G132/><T55/><D111/><U104/><E104/><V92/><F126/><W124/><G124/><T70/><D133/><U0/><E118/><V135/><F42/><W49/><G10/><T27/><D55/><N who="1" m="21067" /><E0/><V3/><F37/><W47/><G97/><N who="0" m="61935" /><D27/><U121/><E121/><V2/><F96/><W1/><G1/><T78/><D78/><U57/><E128/><N who="0" m="49193" /><D43/><U90/><E5/><N who="0" m="1545" /><D36/><U89/><E31/><AGARI ba="3,1" hai="23,25,31,70,71" m="1545,49193,61935" machi="31" ten="30,2000,0" yaku="19,1,52,1" doraHai="16" who="0" fromWho="1" sc="268,39,323,-29,304,0,95,0" owari="307,40.7,294,-10.6,304,10.4,95,-40.5" /></mjloggm>