<mjloggm ver="2.3"><GO type="225" lobby="0"/><UN n0="%E6%98%A5%E3%81%AE%E3%81%8B%E3%81%91%E3%82%89" n1="%E8%A8%88%E7%AE%97%E6%A9%9F%E8%87%AA%E7%84%B6" n2="%E3%82%AF%E3%82%A3%E3%82%A6" n3="%E4%B8%89%E5%88%86%E5%B0%8F%E5%83%A7" dan="16,17,16,16" rate="2037.25,2133.81,2052.28,2074.70" sx="M,M,M,M"/><TAIKYOKU oya="0"/><INIT seed="0,0,0,3,0,62" ten="250,250,250,250" oya="0" hai0="103,78,121,101,85,132,109,88,118,127,69,64,77" hai1="65,59,8,83,39,130,60,104,66,52,49,81,131" hai2="68,135,75,134,112,11,89,50,115,48,2,27,74" hai3="23,7,16,1,82,58,113,71,24,125,61,92,4"/><T28/><D118/><U73/><E39/><V19/><F68/><W124/><G71/><T21/><D121/><U55/><E104/><V29/><F89/><W105/><G105/><T95/><D132/><N who="2" m="50730" /><F19/><W25/><G113/><N who="2" m="43593" /><F11/><W100/><G82/><N who="1" m="31242" /><E73/><N who="2" m="27659" /><F2/><W35/><G35/><AGARI ba="0,0" hai="27,29,35,48,50" m="27659,43593,50730" machi="35" ten="40,1300,0" yaku="20,1" doraHai="62" who="2" fromWho="3" sc="250,0,250,0,250,13,250,-13" /><INIT seed="1,0,0,3,4,21" ten="250,250,263,237" oya="1" hai0="37,19,134,65,40,45,129,128,43,126,122,3,18" hai1="28,35,114,79,63,78,100,132,34,99,52,58,30" hai2="5,112,51,32,75,41,87,36,20,97,59,118,55" hai3="84,56,82,67,53,61,14,72,27,8,2,6,115"/><U69/><E114/><V70/><F75/><W22/><G115/><T46/><D3/><U73/><E132/><V83/><F112/><W17/><G72/><T105/><D105/><U104/><E73/><V110/><F110/><W11/><G2/><T120/><D134/><U57/><E69/><V60/><F32/><W12/><G67/><T95/><D95/><U10/><E10/><V26/><F118/><W109/><G109/><T33/><D33/><U44/><E44/><N who="2" m="23591" /><F5/><W77/><REACH who="3" step="1"/><G11/><REACH who="3" ten="250,250,263,227" step="2"/><T135/><D135/><U123/><E123/><V38/><F38/><W130/><G130/><N who="0" m="50283" /><D65/><U1/><E1/><V50/><F97/><W76/><G76/><T24/><D122/><U102/><E99/><V108/><F108/><W111/><G111/><T0/><D120/><U9/><E9/><V16/><F87/><W71/><G71/><T80/><D0/><U103/><E104/><V113/><F113/><W89/><G89/><T64/><D64/><N who="1" m="39023" /><E34/><V81/><F51/><W4/><G4/><T91/><D37/><U125/><E35/><V133/><F133/><W88/><G88/><T86/><D91/><U93/><E78/><V90/><F90/><W54/><G54/><T15/><D86/><U47/><E79/><V39/><F39/><W7/><G7/><T62/><D80/><N who="2" m="30794" /><F70/><W101/><G101/><T85/><D85/><U92/><E93/><V29/><F50/><W106/><G106/><T25/><D43/><U66/><E92/><V42/><F42/><W117/><G117/><T124/><D40/><U119/><E119/><V48/><F48/><W68/><G68/><RYUUKYOKU ba="0,1" sc="250,-15,250,-15,263,15,227,15" hai2="16,20,26,29,55,59,60" hai3="6,8,12,14,17,22,27,53,56,61,77,82,84" /><INIT seed="2,1,1,1,5,46" ten="235,235,278,242" oya="2" hai0="7,59,54,48,50,133,39,109,123,87,132,35,65" hai1="28,115,77,117,24,74,68,67,108,73,104,100,95" hai2="80,79,5,45,76,40,49,89,110,116,22,41,52" hai3="82,64,120,51,29,75,118,66,97,70,135,58,84"/><V86/><F116/><W98/><G75/><N who="1" m="28682" /><E95/><V124/><F124/><W57/><G120/><T126/><D39/><U12/><E12/><V0/><F110/><W17/><G118/><T53/><D123/><U44/><E44/><V25/><F0/><W15/><G29/><T31/><D109/><U1/><E77/><N who="2" m="29771" /><F5/><W106/><G135/><N who="0" m="51787" /><D126/><U93/><E93/><V119/><F119/><W43/><G70/><T20/><D35/><N who="1" m="20871" /><E117/><V103/><F103/><W16/><G106/><T69/><D7/><U113/><E1/><V10/><F10/><W91/><G43/><T23/><D87/><U13/><E13/><V134/><F134/><W9/><G17/><AGARI ba="1,1" hai="17,22,25,40,41,45,49,52,80,86,89" m="29771" machi="17" ten="30,5800,0" yaku="8,1,52,1,54,1" doraHai="46" who="2" fromWho="3" sc="235,0,235,0,278,71,242,-61" /><INIT seed="2,2,0,5,5,15" ten="235,235,349,181" oya="2" hai0="22,85,2,61,38,32,80,47,87,79,26,1,82" hai1="123,76,100,50,36,21,9,13,46,132,103,25,42" hai2="65,28,98,29,109,12,88,53,16,44,4,111,20" hai3="135,66,108,101,105,54,43,14,77,7,118,57,39"/><V93/><F65/><W120/><G118/><T95/><D32/><U124/><E124/><V83/><F4/><W73/><G120/><T104/><D104/><U92/><E123/><V59/><F44/><W74/><G108/><N who="2" m="41545" /><F83/><W126/><G66/><T60/><D47/><U40/><E132/><V19/><F19/><W119/><G119/><T35/><D82/><U33/><E40/><V125/><F125/><W10/><G135/><T96/><D80/><U97/><E76/><V91/><F91/><W41/><G126/><T90/><D79/><U62/><E36/><V67/><F67/><W23/><G77/><T129/><D38/><U117/><E117/><V56/><F56/><W112/><G112/><T5/><D5/><U45/><E45/><V116/><F116/><W94/><G39/><T133/><D90/><N who="1" m="55447" /><E33/><V51/><AGARI ba="2,0" hai="12,16,20,28,29,51,53,59,88,93,98" m="41545" machi="51" ten="30,12000,1" yaku="14,1,10,1,52,1,54,2" doraHai="15" who="2" fromWho="2" sc="235,-42,235,-42,349,126,181,-42" /><INIT seed="2,3,0,0,5,34" ten="193,193,475,139" oya="2" hai0="31,16,92,12,93,127,14,101,27,72,20,79,129" hai1="124,63,71,99,42,133,8,135,13,81,96,37,130" hai2="87,94,10,83,82,107,98,58,103,85,54,36,11" hai3="4,104,29,108,97,67,80,106,24,132,128,76,68"/><V77/><F36/><W28/><G28/><T86/><D72/><U41/><E130/><V21/><F21/><W33/><G128/><T9/><D129/><U5/><E124/><V78/><REACH who="2" step="1"/><F107/><REACH who="2" ten="193,193,465,139" step="2"/><W90/><G106/><T18/><D127/><U114/><E37/><V49/><AGARI ba="3,1" hai="10,11,49,54,58,77,78,82,83,85,87,94,98,103" machi="49" ten="20,18000,2" yaku="1,1,2,1,0,1,7,1,9,1,8,1,53,1" doraHai="34" doraHaiUra="52" who="2" fromWho="2" sc="193,-63,193,-63,465,199,139,-63" /><INIT seed="2,4,0,0,3,0" ten="130,130,664,76" oya="2" hai0="117,86,97,43,41,135,57,42,55,91,61,74,27" hai1="63,105,109,128,13,112,104,102,60,21,22,122,124" hai2="54,130,108,37,72,99,115,10,82,123,53,94,132" hai3="67,58,47,107,131,26,52,85,20,133,90,28,34"/><V23/><F115/><W35/><G107/><N who="1" m="41034" /><E102/><V1/><F123/><W51/><G131/><T12/><D74/><U69/><E112/><V84/><F130/><W89/><G133/><T33/><D135/><U113/><E113/><V17/><F132/><W103/><G103/><T4/><D117/><U110/><E128/><V40/><F108/><N who="1" m="41577" /><E122/><V100/><F17/><W78/><G78/><T75/><D75/><U101/><E101/><V56/><F56/><W76/><G76/><T114/><D114/><U8/><E124/><V11/><F23/><N who="1" m="8713" /><E69/><V29/><F84/><W19/><G28/><T9/><D97/><U46/><E46/><N who="2" m="23823" /><F29/><W49/><G90/><T83/><D33/><U31/><E31/><V24/><F24/><AGARI ba="4,0" hai="4,9,12,24,27,41,42,43,55,57,61,83,86,91" machi="24" ten="40,2600,0" yaku="8,1,52,1" doraHai="0" who="0" fromWho="2" sc="130,38,130,0,664,-38,76,0" /><INIT seed="3,0,0,3,0,101" ten="168,130,626,76" oya="3" hai0="133,127,135,89,93,30,91,0,112,54,98,72,26" hai1="113,132,70,2,120,15,123,100,58,24,69,57,71" hai2="116,53,14,110,10,122,111,37,79,119,3,97,19" hai3="50,134,59,99,130,88,48,78,52,56,13,62,76"/><W64/><G130/><T128/><D128/><U67/><E2/><V12/><F37/><W60/><G134/><N who="0" m="51211" /><D127/><U96/><E132/><V43/><F43/><W81/><G13/><T129/><D129/><U77/><E113/><V82/><F122/><W29/><G29/><T95/><D112/><U28/><E77/><N who="3" m="29802" /><G99/><T55/><D0/><U117/><E117/><V124/><F124/><W11/><G11/><T38/><D38/><U51/><E15/><V45/><F97/><W65/><G65/><T107/><D107/><U74/><E74/><N who="2" m="43383" /><F14/><W4/><G4/><T66/><D66/><U86/><E86/><AGARI ba="0,0" hai="48,50,52,56,59,60,62,64,81,86,88" m="29802" machi="86" ten="30,5800,0" yaku="8,1,54,2" doraHai="101" who="3" fromWho="1" sc="168,0,130,-58,626,0,76,58" /><INIT seed="3,1,0,2,4,40" ten="168,72,626,134" oya="3" hai0="103,80,48,60,105,67,22,38,123,110,51,99,50" hai1="129,55,59,120,66,27,47,93,100,6,74,132,37" hai2="115,63,101,108,43,117,88,68,95,106,62,72,112" hai3="90,39,34,33,45,91,9,28,10,31,8,76,58"/><W64/><G76/><T14/><D123/><U30/><E129/><V44/><F117/><W107/><G107/><T126/><D38/><U92/><E132/><V83/><F108/><W84/><G34/><T77/><D110/><U65/><E74/><V4/><F68/><W24/><G31/><T104/><D126/><U133/><E133/><V42/><F4/><W124/><G124/><T53/><D105/><U70/><E120/><V73/><F106/><W1/><G1/><T71/><D22/><U41/><E6/><V49/><F101/><W0/><G0/><T130/><D14/><U26/><E26/><V25/><F25/><W96/><G96/><T52/><REACH who="0" step="1"/><D130/><REACH who="0" ten="158,72,626,134" step="2"/><U15/><E15/><V134/><F134/><W89/><G39/><T125/><D125/><U102/><E100/><V36/><F95/><W75/><G8/><T82/><D82/><U46/><E70/><V16/><F16/><W19/><G19/><T114/><D114/><U86/><E102/><V17/><F88/><W57/><G9/><T122/><D122/><U116/><E116/><V11/><F11/><W111/><G90/><T78/><D78/><U29/><E29/><V18/><F83/><W79/><G91/><T98/><D98/><U118/><E118/><V94/><F94/><N who="1" m="36457" /><E37/><V87/><F36/><W135/><G111/><T127/><D127/><U119/><E119/><V113/><F113/><W128/><G135/><T56/><D56/><U23/><E86/><AGARI ba="1,1" hai="48,50,51,52,53,60,67,71,77,80,86,99,103,104" machi="86" ten="40,2600,0" yaku="1,1,54,1,53,0" doraHai="40" doraHaiUra="35" who="0" fromWho="1" sc="158,39,72,-29,626,0,134,0" owari="197,-0.3,43,-45.7,626,72.6,134,-26.6" /></mjloggm>