<mjloggm ver="2.3"><GO type="225" lobby="0"/><UN n0="%E3%81%99%E3%81%84%E3%81%BE%E3%81%9B%E3%83%BC%E3%82%93" n1="%E3%81%8B%E3%82%8F%E3%81%A1%E3%82%83%E3%82%93%35%38" n2="%E3%83%96%E3%83%83%E3%83%91%E3%82%AA%E3%83%96%E3%83%81%E3%82%AD%E3%83%B3" n3="%E6%81%A5%E6%99%92%E3%81%97" dan="18,16,16,16" rate="2224.97,2127.80,2134.41,2124.85" sx="M,M,M,M"/><TAIKYOKU oya="0"/><INIT seed="0,0,0,3,5,93" ten="250,250,250,250" oya="0" hai0="94,102,36,77,21,86,29,88,117,99,108,64,11" hai1="68,10,58,87,115,6,22,48,96,39,91,24,12" hai2="37,17,3,104,46,43,1,126,70,121,78,118,7" hai3="16,73,128,75,28,65,106,50,4,89,52,103,49"/><T34/><D117/><U47/><E115/><V9/><F121/><W25/><G128/><T5/><D36/><U124/><E124/><V120/><F120/><W42/><G4/><T57/><D34/><U33/><E68/><V131/><F131/><W90/><G65/><T60/><D108/><U111/><E111/><V0/><F126/><W122/><G122/><T30/><D77/><U18/><E39/><V84/><F118/><W35/><G50/><T133/><D21/><U44/><E33/><V69/><F104/><W134/><G134/><T127/><D133/><U132/><E132/><V107/><F107/><W45/><G42/><T13/><REACH who="0" step="1"/><D127/><REACH who="0" ten="240,250,250,250" step="2"/><U14/><E24/><V8/><F37/><W119/><G119/><T62/><D62/><U40/><E22/><V98/><F78/><W85/><G35/><T66/><D66/><U123/><E123/><V116/><F116/><W82/><G25/><T97/><D97/><U101/><E96/><V32/><F98/><W51/><G28/><T55/><D55/><U114/><E114/><V100/><F32/><W56/><G90/><T110/><D110/><U27/><E91/><V74/><F100/><W80/><G89/><T53/><D53/><N who="1" m="32039" /><E101/><V41/><F41/><W54/><G103/><T15/><D15/><U71/><E27/><V83/><F1/><W59/><G54/><T76/><D76/><U112/><E40/><V2/><F43/><W26/><G26/><T61/><D61/><U130/><E112/><V20/><F0/><W129/><G129/><T63/><D63/><U31/><E130/><V67/><F2/><RYUUKYOKU ba="0,1" sc="240,30,250,-10,250,-10,250,-10" hai0="5,11,13,29,30,57,60,64,86,88,94,99,102" /><INIT seed="0,1,1,0,4,68" ten="270,240,240,240" oya="0" hai0="104,129,111,6,73,46,28,5,99,38,103,112,125" hai1="7,66,53,76,36,81,45,41,87,12,31,43,15" hai2="11,74,17,117,61,135,82,122,1,26,93,90,44" hai3="88,9,75,34,23,47,118,116,60,119,16,114,0"/><T64/><D112/><U39/><E66/><V79/><F122/><W32/><G114/><T128/><D125/><U51/><E31/><V4/><F135/><W24/><G75/><T106/><D111/><U48/><E43/><V121/><F121/><W20/><G60/><T19/><D73/><U2/><E2/><V78/><F117/><W40/><G23/><T102/><D28/><U65/><E65/><V70/><F78/><W13/><G0/><T101/><D64/><U50/><E50/><V131/><F131/><N who="0" m="50250" /><D19/><U72/><E72/><V126/><F126/><W29/><REACH who="3" step="1"/><G88/><REACH who="3" ten="270,240,240,230" step="2"/><T123/><D123/><U109/><E109/><V85/><F61/><W113/><G113/><T127/><D127/><U86/><E86/><V89/><F70/><W42/><G42/><N who="0" m="22871" /><D99/><U59/><E12/><V37/><F90/><W67/><G67/><T22/><D22/><U52/><E53/><V84/><F84/><W105/><G105/><AGARI ba="1,2" hai="5,6,101,102,103,104,105,106" m="22871,50250" machi="105" ten="40,3900,0" yaku="19,1,52,1" doraHai="68" who="0" fromWho="3" sc="270,62,240,0,240,0,230,-42" /><INIT seed="0,2,0,5,2,67" ten="332,240,240,188" oya="0" hai0="54,60,27,11,62,125,124,55,31,119,14,45,135" hai1="10,121,59,65,104,15,87,38,66,13,53,95,105" hai2="51,113,72,25,49,123,1,86,68,43,8,52,77" hai3="57,130,84,120,22,100,107,111,24,5,106,81,91"/><T94/><D119/><U73/><E73/><V97/><F123/><W71/><G120/><T6/><D135/><U2/><E2/><V133/><F113/><W85/><G111/><T75/><D75/><U127/><E38/><V12/><F72/><W70/><G130/><T28/><D94/><U26/><E121/><V126/><F133/><W29/><G5/><T112/><D112/><U0/><E0/><V63/><F126/><N who="0" m="48746" /><D31/><U9/><E127/><V80/><F1/><W109/><G109/><T128/><D128/><U132/><E132/><V76/><F97/><W7/><G7/><T46/><D55/><U47/><E95/><V30/><F77/><W134/><G134/><T96/><D96/><U16/><E87/><V19/><F43/><W39/><G39/><T82/><D82/><U41/><E104/><V131/><F131/><W89/><G57/><N who="0" m="34871" /><D62/><U92/><E92/><V3/><F3/><W21/><G21/><AGARI ba="2,0" hai="6,11,14,21,27,28,45,46" m="34871,48746" machi="21" ten="30,1500,0" yaku="18,1" doraHai="67" who="0" fromWho="3" sc="332,21,240,0,240,0,188,-21" /><INIT seed="0,3,0,1,4,110" ten="353,240,240,167" oya="0" hai0="15,5,55,12,8,96,124,69,20,13,112,62,54" hai1="72,73,22,31,7,41,80,113,122,46,75,127,27" hai2="64,36,58,83,114,51,131,28,4,108,98,17,59" hai3="117,111,76,45,97,85,2,106,90,6,35,29,105"/><T115/><D124/><U118/><E122/><V101/><F36/><W63/><G117/><T23/><D96/><U134/><E118/><V91/><F108/><W66/><G111/><T86/><D86/><U123/><E123/><V60/><F131/><W1/><G76/><T128/><D128/><U16/><E127/><V68/><F4/><W87/><G45/><T121/><D121/><U129/><E129/><V49/><F28/><W19/><G19/><T125/><D125/><U47/><E134/><V26/><F114/><N who="0" m="43562" /><D62/><U116/><E113/><V88/><F68/><W135/><G135/><T48/><D48/><N who="2" m="18506" /><F58/><W9/><G97/><T65/><D65/><U126/><E116/><V30/><F30/><W0/><G87/><T14/><D69/><U120/><E120/><V78/><F78/><W43/><G105/><T37/><D37/><U67/><E126/><V92/><F83/><W18/><G106/><T39/><D39/><U11/><E80/><V84/><F84/><W25/><G43/><T107/><D107/><U32/><E67/><V21/><AGARI ba="3,0" hai="17,21,26,59,60,64,88,91,92,98,101" m="18506" machi="21" ten="30,2000,0" yaku="8,1,54,1" doraHai="110" who="2" fromWho="2" sc="353,-13,240,-8,240,29,167,-8" /><INIT seed="1,0,0,0,5,47" ten="340,232,269,159" oya="1" hai0="43,37,83,66,115,107,22,79,70,84,121,68,110" hai1="19,60,71,134,104,41,14,13,102,98,2,97,126" hai2="52,127,65,111,101,31,48,81,131,124,3,122,10" hai3="7,118,42,39,45,129,78,53,44,59,90,75,4"/><U105/><E2/><V85/><F122/><W38/><G129/><T8/><D115/><U30/><E126/><N who="2" m="48171" /><F111/><W63/><G118/><T106/><D110/><U73/><E73/><V120/><F131/><W28/><G28/><T92/><D121/><U6/><E134/><V108/><F108/><W119/><G119/><T32/><D32/><U123/><E123/><V132/><F120/><W29/><G29/><T50/><D37/><U61/><E71/><V133/><F31/><W80/><REACH who="3" step="1"/><G90/><REACH who="3" ten="340,232,269,149" step="2"/><T35/><D35/><U46/><E30/><V112/><F112/><W23/><G23/><T62/><D22/><U82/><E82/><V113/><F113/><W114/><G114/><T103/><D83/><U135/><E135/><V100/><F133/><W11/><G11/><T49/><D8/><U72/><E72/><V51/><F132/><W57/><G57/><T18/><D70/><U54/><E54/><V99/><F52/><W91/><G91/><T76/><D68/><U12/><E6/><N who="2" m="1375" /><F65/><W24/><G24/><T86/><D66/><U16/><E16/><V5/><F5/><W0/><G0/><T67/><D18/><U40/><E19/><V94/><F101/><W25/><G25/><T89/><D103/><N who="1" m="62575" /><E41/><AGARI ba="0,1" hai="4,7,38,39,41,42,44,45,53,59,63,75,78,80" machi="41" ten="40,2600,0" yaku="1,1,9,1,53,0" doraHai="47" doraHaiUra="88" who="3" fromWho="1" sc="340,0,232,-26,269,0,149,36" /><INIT seed="2,0,0,3,0,0" ten="340,206,269,185" oya="2" hai0="7,18,77,94,87,19,100,9,116,44,82,90,15" hai1="22,126,106,24,101,68,88,13,135,74,64,3,104" hai2="102,40,114,112,11,131,107,52,53,133,93,1,6" hai3="128,75,50,81,20,67,29,69,51,57,17,89,125"/><V99/><F131/><W27/><G125/><T110/><D110/><U127/><E3/><V25/><F133/><W122/><G122/><T34/><D34/><U55/><E74/><V54/><F40/><W71/><G128/><T119/><D100/><U109/><E135/><V41/><F41/><W36/><G36/><T92/><D92/><U96/><E109/><V8/><F107/><W62/><G71/><T58/><D58/><U12/><E104/><V132/><F132/><W5/><G75/><T73/><REACH who="0" step="1"/><D44/><REACH who="0" ten="330,206,269,185" step="2"/><U134/><E101/><V46/><F46/><W130/><G130/><T80/><D80/><U26/><E134/><V124/><F124/><W10/><G69/><T86/><D86/><U103/><E68/><V28/><REACH who="2" step="1"/><F11/><REACH who="2" ten="330,206,259,185" step="2"/><W97/><G10/><T91/><D91/><U113/><E88/><V21/><AGARI ba="0,2" hai="1,6,8,21,25,28,52,53,54,93,99,102,112,114" machi="21" ten="30,18000,2" yaku="1,1,2,1,0,1,52,1,54,1,53,1" doraHai="0" doraHaiUra="35" who="2" fromWho="2" sc="330,-60,206,-60,259,200,185,-60" /><INIT seed="2,1,0,1,0,62" ten="270,146,459,125" oya="2" hai0="57,115,97,95,94,16,78,63,25,74,80,42,73" hai1="43,26,19,79,76,72,70,67,100,54,93,9,28" hai2="47,77,22,56,15,108,29,118,45,85,61,116,58" hai3="89,90,92,5,129,105,13,113,109,132,106,126,50"/><V20/><F77/><W36/><G36/><T35/><D115/><U55/><E43/><V23/><F85/><W82/><G113/><T98/><D74/><U53/><E72/><V44/><F29/><W103/><G50/><T135/><D42/><U37/><E37/><V12/><F108/><W112/><G112/><T122/><D122/><U127/><E127/><V84/><F84/><N who="3" m="50327" /><G13/><T119/><D135/><U39/><E39/><V107/><F107/><N who="3" m="40971" /><G5/><T66/><D119/><U83/><E19/><V30/><F30/><W125/><G132/><T121/><D121/><U27/><E9/><V114/><F114/><W131/><G103/><T68/><D68/><U10/><E10/><V51/><F51/><W96/><G109/><T124/><D124/><AGARI ba="1,0" hai="90,92,96,124,125,126,129,131" m="40971,50327" machi="124" ten="30,3900,0" yaku="18,1,34,2" doraHai="62" who="3" fromWho="0" sc="270,-42,146,0,459,0,125,42" /><INIT seed="3,0,0,5,3,52" ten="228,146,459,167" oya="3" hai0="21,91,44,39,17,76,117,80,15,120,49,38,133" hai1="29,126,4,84,72,8,57,22,124,30,121,131,122" hai2="73,79,115,33,12,118,9,60,3,94,130,53,112" hai3="7,92,5,109,88,41,43,23,86,101,40,78,36"/><W134/><G134/><T103/><D120/><N who="1" m="46187" /><E72/><V59/><F118/><W119/><G119/><T82/><D117/><U16/><E84/><V6/><F130/><W69/><G69/><T67/><D133/><U64/><E57/><V107/><F107/><W102/><G36/><T93/><D103/><N who="3" m="39433" /><G109/><T85/><D67/><U68/><E64/><V81/><F33/><W111/><G111/><T0/><D0/><N who="1" m="7" /><E68/><V50/><F3/><W19/><G78/><T90/><D90/><U13/><E131/><V24/><F115/><W54/><G54/><T10/><D82/><U135/><E135/><V97/><F112/><W87/><G86/><T129/><D129/><U104/><E104/><V20/><F73/><W47/><G47/><T106/><D106/><U35/><E35/><V58/><F79/><W11/><G11/><T63/><D10/><U32/><E32/><V48/><F59/><W105/><G105/><T96/><D63/><U114/><E114/><V27/><F58/><W31/><G31/><AGARI ba="0,0" hai="13,16,22,29,30,31,124,126" m="7,46187" machi="31" ten="30,3900,0" yaku="34,2,54,1" doraHai="52" who="1" fromWho="3" sc="228,0,146,39,459,0,167,-39" owari="228,2.8,185,-21.5,459,55.9,128,-37.2" /></mjloggm>