<mjloggm ver="2.3"><GO type="225" lobby="0"/><UN n0="%65%76%69%61%6E%36%31%39" n1="%73%73%6B%5F%66%72%65%65" n2="%E7%9A%AE%E3%80%85" n3="%E6%9C%88%E5%B3%B6%E5%9F%BA" dan="16,16,16,16" rate="2089.61,2124.61,2153.37,2118.76" sx="M,M,F,M"/><TAIKYOKU oya="0"/><INIT seed="0,0,0,2,5,106" ten="250,250,250,250" oya="0" hai0="135,29,51,2,21,83,17,119,117,98,67,102,65" hai1="58,4,37,15,34,63,20,105,116,72,18,99,85" hai2="64,55,31,128,33,114,12,134,30,59,11,49,74" hai3="90,115,133,27,44,108,126,10,75,91,50,7,130"/><T79/><D2/><U40/><E116/><V120/><F120/><W61/><G115/><T52/><D29/><U48/><E34/><V109/><F114/><W24/><G108/><T92/><D135/><U111/><E72/><V80/><F109/><W35/><G133/><T25/><D119/><U96/><E37/><V45/><F134/><W97/><G126/><T101/><D101/><U8/><E105/><V69/><F69/><W131/><G61/><T0/><D0/><U124/><E124/><V77/><F33/><W122/><G75/><T70/><D70/><U1/><E85/><V14/><F14/><N who="3" m="5471" /><G122/><T9/><D9/><U125/><E125/><V127/><F127/><W47/><G47/><T66/><D117/><U43/><E111/><V71/><F71/><W95/><G91/><T22/><D21/><U5/><E5/><V103/><F103/><W60/><G60/><T41/><D41/><U28/><E28/><V53/><F64/><W73/><G73/><T132/><D132/><U86/><E86/><N who="2" m="48399" /><F128/><N who="3" m="49195" /><G35/><T121/><D121/><U26/><E1/><V38/><F38/><W54/><AGARI ba="0,0" hai="24,27,44,50,54,90,95,97" m="49195,5471" machi="54" ten="30,1100,0" yaku="19,1" doraHai="106" who="3" fromWho="3" sc="250,-5,250,-3,250,-3,250,11" /><INIT seed="1,0,0,4,0,45" ten="245,247,247,261" oya="1" hai0="3,49,38,133,21,101,92,68,135,119,65,73,97" hai1="122,40,15,70,13,82,6,18,56,96,32,24,2" hai2="75,128,105,41,0,10,121,86,74,22,19,23,39" hai3="114,125,35,77,8,117,37,17,106,85,72,64,79"/><U29/><E122/><V26/><F121/><W118/><G114/><T34/><D38/><U115/><E115/><V88/><F105/><W93/><G35/><T33/><D3/><U103/><E70/><V95/><F128/><W30/><G30/><T81/><D119/><N who="3" m="45577" /><G37/><T47/><D21/><U110/><E110/><V31/><F39/><W51/><G64/><T98/><D98/><U62/><E40/><V116/><F41/><W87/><G106/><T91/><D65/><U43/><E43/><V59/><F59/><W99/><G125/><T120/><D68/><U42/><E42/><V54/><F54/><W61/><G61/><T7/><D7/><U58/><E82/><V4/><REACH who="2" step="1"/><F116/><REACH who="2" ten="245,247,237,261" step="2"/><W28/><G72/><T126/><D120/><U83/><E58/><V84/><F84/><W76/><G87/><N who="0" m="50671" /><D73/><U48/><E56/><V71/><F71/><W5/><G85/><T52/><D126/><U20/><E96/><V63/><F63/><W100/><G99/><T113/><D113/><U12/><E62/><V66/><F66/><W36/><G36/><T123/><D123/><U94/><E48/><V89/><F89/><W104/><G51/><T107/><D107/><U134/><E103/><V16/><F16/><W57/><G104/><T50/><D50/><U108/><E108/><V109/><F109/><W27/><G17/><T53/><D53/><U80/><E18/><V131/><F131/><W55/><G100/><T44/><D44/><U69/><E69/><V127/><F127/><W102/><G55/><T130/><D130/><U111/><E111/><V112/><F112/><RYUUKYOKU ba="0,1" sc="245,15,247,-15,237,15,261,-15" hai0="33,34,47,49,52,92,97,101,133,135" hai2="0,4,10,19,22,23,26,31,74,75,86,88,95" /><INIT seed="2,1,1,4,2,21" ten="260,232,252,246" oya="2" hai0="47,105,27,109,120,117,39,5,52,70,76,13,19" hai1="114,63,59,8,108,118,78,84,51,121,97,4,44" hai2="99,45,43,54,65,3,9,125,41,90,60,86,18" hai3="26,42,115,32,82,81,58,87,48,40,133,67,106"/><V85/><F125/><W49/><G106/><T15/><D105/><U110/><E114/><V64/><F3/><W28/><G115/><T56/><D70/><U17/><E118/><V33/><F33/><W22/><G133/><T107/><D107/><U23/><E121/><V122/><F122/><W29/><G32/><T74/><D15/><N who="1" m="5511" /><E97/><V96/><F86/><W38/><G38/><T75/><D76/><U66/><E17/><V6/><F6/><W130/><G81/><T88/><D47/><U126/><E23/><V94/><F54/><W98/><G98/><N who="2" m="37417" /><F45/><W129/><G29/><T35/><D5/><U24/><E24/><V53/><F53/><W132/><G132/><T100/><D39/><U69/><E69/><V46/><F46/><W14/><G129/><T113/><D117/><U89/><E126/><V112/><F112/><W2/><G14/><T80/><D113/><U134/><E134/><V10/><F60/><N who="3" m="38295" /><G2/><T16/><D35/><U135/><E135/><V111/><F111/><W93/><G130/><T55/><D109/><U92/><E110/><V0/><F0/><W77/><G93/><T79/><D75/><U101/><E108/><V103/><F103/><W73/><G73/><T95/><D120/><U72/><E101/><V119/><F119/><W20/><G48/><T31/><D100/><U62/><E72/><V68/><F68/><W123/><G49/><T57/><D74/><U131/><E63/><V91/><F9/><W7/><G123/><T50/><D50/><U1/><E131/><V34/><F34/><N who="3" m="20759" /><G7/><T36/><D36/><U128/><E128/><RYUUKYOKU ba="1,1" sc="260,-10,232,-10,252,-10,246,30" hai3="20,22,40,42,77,82,87" /><INIT seed="3,2,1,2,0,2" ten="250,222,242,276" oya="3" hai0="61,77,109,127,120,68,131,44,47,69,55,73,67" hai1="70,46,121,74,95,81,9,101,33,135,88,90,8" hai2="59,11,104,82,41,133,122,94,100,31,98,50,3" hai3="80,42,19,112,13,83,89,36,49,20,23,14,29"/><W34/><G112/><T79/><D120/><U56/><E121/><V105/><F133/><W103/><G36/><T92/><D69/><U52/><E70/><V37/><F122/><W96/><G34/><T93/><D109/><U97/><E135/><V32/><F37/><W123/><G123/><T114/><D131/><U48/><E33/><V71/><F71/><W65/><G65/><T91/><D93/><N who="1" m="58543" /><E74/><V54/><F41/><W84/><G83/><T58/><D127/><U72/><E72/><V39/><F39/><W18/><G29/><T24/><D24/><U132/><E132/><V116/><F116/><W85/><G85/><T27/><D27/><U66/><E81/><V62/><F62/><W16/><G19/><T25/><D25/><U78/><E78/><V60/><F60/><W128/><G128/><T113/><D77/><U45/><E90/><V12/><F3/><W57/><G57/><T130/><D79/><U106/><E106/><V126/><F126/><W110/><G110/><T117/><D73/><U125/><E125/><V76/><F31/><W51/><G42/><T111/><D111/><U115/><E115/><N who="0" m="44041" /><D117/><U63/><E46/><V129/><F32/><W22/><G22/><T86/><D130/><U6/><E6/><N who="2" m="3191" /><F129/><W28/><G28/><T64/><D68/><U26/><E26/><V4/><F4/><W35/><G35/><T87/><D44/><U38/><E38/><V53/><F53/><W10/><G23/><T1/><D1/><U124/><E124/><V108/><F108/><W99/><G103/><T30/><D30/><U7/><E7/><RYUUKYOKU ba="2,1" sc="250,-30,222,10,242,10,276,10" hai1="8,9,45,48,52,56,63,66,88,95" hai2="50,54,59,76,82,94,98,100,104,105" hai3="10,13,14,16,18,20,49,51,80,84,89,96,99" /><INIT seed="3,3,1,3,0,67" ten="220,232,252,286" oya="3" hai0="104,117,20,37,78,84,54,89,122,71,101,121,93" hai1="125,48,56,1,63,100,116,50,97,3,26,113,8" hai2="126,32,15,110,95,111,90,11,27,118,22,115,102" hai3="10,38,112,120,25,66,130,85,53,51,19,39,35"/><W44/><G112/><T114/><D37/><U23/><E113/><V76/><F115/><W17/><G120/><N who="0" m="46187" /><D71/><U96/><E125/><V31/><F118/><W68/><G130/><T36/><D54/><U69/><E69/><V88/><F76/><W30/><G85/><N who="0" m="52399" /><D36/><U75/><E75/><V87/><F126/><W70/><G70/><T128/><D20/><U105/><E116/><V7/><F102/><W28/><G28/><T124/><D114/><U107/><E50/><V135/><F135/><W127/><G127/><T119/><D124/><U77/><E48/><V73/><F73/><W59/><G10/><T132/><D132/><U133/><E8/><V46/><F46/><W5/><G5/><T83/><D128/><U103/><E77/><V64/><F64/><W58/><G58/><T42/><D42/><U60/><E133/><V29/><F90/><W45/><G45/><T106/><D101/><U21/><E26/><V34/><REACH who="2" step="1"/><F31/><REACH who="2" ten="220,232,242,286" step="2"/><W123/><G123/><T91/><D78/><U9/><E103/><V74/><F74/><W62/><G39/><T72/><D72/><U14/><E100/><V65/><F65/><W80/><G38/><T33/><D33/><AGARI ba="3,2" hai="7,11,15,22,27,29,32,33,34,87,88,95,110,111" machi="33" ten="40,5200,0" yaku="1,1,54,1,53,1" doraHai="67" doraHaiUra="81" who="2" fromWho="0" sc="220,-61,232,0,242,81,286,0" owari="159,-34.1,232,-16.8,323,42.3,286,8.6" /></mjloggm>