<mjloggm ver="2.3"><GO type="225" lobby="0"/><UN n0="%E3%82%A4%E3%83%BC%E3%82%B1%E3%83%97%E3%83%A9" n1="%E7%99%BD%E5%80%89%E5%AF%9B%E4%B9%8B" n2="%E6%A1%9C%E8%8A%B1%E9%96%83%E3%80%85" n3="%E3%81%BE%E3%81%A8%E3%81%9F" dan="17,16,16,16" rate="2225.84,2144.47,2164.23,2100.48" sx="M,M,M,M"/><TAIKYOKU oya="0"/><INIT seed="0,0,0,5,5,40" ten="250,250,250,250" oya="0" hai0="119,84,27,73,90,20,53,45,93,22,89,124,50" hai1="102,114,26,69,99,129,62,0,30,68,115,54,23" hai2="49,71,97,104,91,72,46,131,118,39,16,65,32" hai3="123,88,76,86,17,81,96,34,60,78,61,64,48"/><T35/><D119/><U51/><E0/><V37/><F118/><W29/><G123/><T87/><D124/><U75/><E75/><V15/><F32/><W9/><G34/><T101/><D73/><U44/><E129/><V59/><F72/><W105/><G29/><T58/><D101/><U132/><E132/><V94/><F71/><W28/><G28/><T55/><D35/><U95/><REACH who="1" step="1"/><E62/><REACH who="1" ten="250,240,250,250" step="2"/><N who="2" m="38111" /><F131/><W126/><G61/><T56/><D27/><U85/><E85/><V11/><F39/><W100/><G60/><N who="0" m="35855" /><D58/><U12/><E12/><V21/><F37/><W128/><G128/><T36/><D36/><U110/><E110/><V7/><F104/><W70/><G70/><AGARI ba="0,1" hai="23,26,30,44,51,54,68,69,70,95,99,102,114,115" machi="70" ten="40,2600,0" yaku="1,1,52,1,53,0" doraHai="40" doraHaiUra="13" who="1" fromWho="3" sc="250,0,240,36,250,0,250,-26" /><INIT seed="1,0,0,1,3,1" ten="250,276,250,224" oya="1" hai0="117,11,74,121,21,102,77,69,100,93,32,114,83" hai1="125,128,132,85,37,29,122,38,15,130,97,13,2" hai2="24,89,119,127,23,54,17,120,98,4,30,56,108" hai3="92,78,19,71,67,86,31,9,60,110,5,115,7"/><U28/><E2/><V72/><F119/><W3/><G115/><T35/><D114/><U27/><E122/><V66/><F120/><W45/><G110/><T20/><D121/><U53/><E85/><V26/><F108/><W64/><G64/><T41/><D117/><U124/><E53/><V0/><F72/><W116/><G116/><T105/><D105/><U18/><E97/><V70/><F127/><N who="1" m="48713" /><E18/><V68/><F66/><W109/><G109/><T126/><D126/><U49/><E49/><V63/><F0/><W59/><G31/><N who="1" m="11850" /><E27/><V51/><F51/><W6/><G45/><T111/><D111/><U75/><E75/><V107/><F107/><W87/><G19/><T79/><D74/><U48/><E48/><V82/><F82/><W96/><G86/><T103/><D83/><U55/><E55/><V16/><F17/><W129/><G87/><T80/><D80/><U36/><E132/><V42/><F42/><W44/><G44/><T65/><D41/><U14/><AGARI ba="0,0" hai="13,14,15,36,37,38,128,130" m="11850,48713" machi="14" ten="50,9600,0" yaku="28,2,18,1" doraHai="1" who="1" fromWho="1" sc="250,-32,276,96,250,-32,224,-32" /><INIT seed="1,1,0,0,4,83" ten="218,372,218,192" oya="1" hai0="20,3,46,24,36,76,102,87,75,64,109,133,117" hai1="57,126,50,105,45,56,48,62,101,131,82,13,121" hai2="114,1,42,53,14,130,108,47,18,25,21,125,17" hai3="91,85,89,60,134,99,72,77,115,132,22,37,122"/><U81/><E121/><V120/><F120/><W8/><G37/><T97/><D117/><U118/><E118/><V63/><F108/><W96/><G22/><T55/><D3/><U129/><E126/><V59/><F125/><W73/><G122/><T111/><D75/><N who="3" m="28745" /><G60/><T31/><D64/><U15/><E101/><V95/><F130/><N who="1" m="49673" /><E105/><V34/><F114/><W107/><G8/><T11/><D133/><N who="3" m="51305" /><G115/><T94/><D11/><U65/><E56/><V113/><F1/><W38/><G38/><T52/><D76/><U68/><E57/><V28/><F113/><W12/><G12/><N who="1" m="4682" /><E50/><N who="2" m="26999" /><F34/><W30/><G30/><T40/><D111/><U67/><E67/><V119/><F14/><W80/><G107/><T135/><D109/><U19/><E19/><V93/><F119/><W79/><G91/><T27/><D135/><U7/><E7/><V112/><F112/><W0/><G0/><T4/><D4/><U44/><E44/><V16/><AGARI ba="1,0" hai="16,17,18,21,25,28,53,59,63,93,95" m="26999" machi="16" ten="30,2000,0" yaku="8,1,54,1" doraHai="83" who="2" fromWho="2" sc="218,-6,372,-11,218,23,192,-6" /><INIT seed="2,0,0,4,3,10" ten="212,361,241,186" oya="2" hai0="116,19,94,6,92,11,40,78,103,0,47,126,15" hai1="91,33,112,125,117,115,124,13,67,17,108,97,104" hai2="109,1,134,2,50,83,119,82,90,113,28,106,129" hai3="72,20,135,39,77,63,37,41,8,7,105,76,69"/><V62/><F113/><W45/><G135/><T86/><D126/><N who="1" m="48747" /><E33/><V99/><F119/><W123/><G123/><T74/><D116/><U27/><E117/><V43/><F134/><W133/><G133/><T32/><D32/><U114/><E27/><V61/><F28/><W85/><G105/><T34/><D34/><U30/><E30/><V56/><F129/><W26/><G69/><T66/><D66/><U84/><E67/><V128/><F62/><W57/><G72/><T96/><D74/><U36/><E36/><V80/><F109/><W53/><G85/><T58/><D58/><U95/><E108/><V44/><F128/><W60/><G60/><T23/><D78/><U93/><E104/><V18/><F18/><W64/><G39/><T101/><D86/><U118/><E118/><V5/><F5/><W121/><G64/><T70/><D70/><U89/><E114/><V3/><F106/><W22/><G121/><T88/><REACH who="0" step="1"/><D94/><REACH who="0" ten="202,361,241,186" step="2"/><U111/><E111/><V120/><F120/><W102/><G76/><T48/><AGARI ba="0,1" hai="0,6,11,15,19,23,40,47,48,88,92,96,101,103" machi="48" ten="20,12000,2" yaku="1,1,2,1,0,1,7,1,52,1,54,1,53,0" doraHai="10" doraHaiUra="100" who="0" fromWho="0" sc="202,130,361,-30,241,-60,186,-30" /><INIT seed="3,0,0,2,3,62" ten="332,331,181,156" oya="3" hai0="60,41,83,68,96,125,19,22,79,97,74,77,73" hai1="57,3,108,129,92,76,107,32,100,16,121,106,105" hai2="88,99,71,43,65,54,44,78,13,24,38,95,49" hai3="61,116,23,0,120,94,109,20,39,8,75,55,135"/><W46/><G116/><T31/><D125/><U26/><E3/><V115/><F115/><W87/><G120/><T21/><D41/><U45/><E121/><V86/><F71/><W72/><G135/><T11/><D77/><U53/><E108/><V127/><F127/><W128/><G128/><T7/><D74/><U5/><E5/><V69/><F69/><W110/><G75/><T111/><D111/><N who="3" m="42505" /><G72/><T35/><D60/><U48/><E76/><V2/><F2/><W104/><G104/><T42/><D42/><U81/><E81/><N who="2" m="47415" /><F38/><W123/><G123/><T131/><D22/><N who="3" m="8233" /><G39/><T33/><D131/><U51/><E129/><V17/><F24/><W9/><G0/><N who="0" m="487" /><D35/><U84/><E32/><V118/><F118/><W27/><G27/><N who="0" m="18687" /><D68/><U58/><E26/><V133/><F133/><W130/><G130/><T10/><D10/><N who="3" m="4201" /><G46/><T82/><D82/><U98/><E45/><V18/><F13/><AGARI ba="0,0" hai="13,19,21,73,79,83,96,97" m="18687,487" machi="13" ten="30,1000,0" yaku="24,1" doraHai="62" who="0" fromWho="2" sc="332,10,331,0,181,-10,156,0" owari="342,44.2,331,13.1,171,-22.9,156,-34.4" /></mjloggm>