<mjloggm ver="2.3"><GO type="225" lobby="0"/><UN n0="%E5%91%A8%E6%9D%B1" n1="%E6%81%A5%E6%99%92%E3%81%97" n2="%E5%A4%8F%E9%88%B4%E9%88%B4%E5%A4%8F" n3="%E3%80%93%E3%81%97%E3%83%BC%E3%82%89%E3%80%93" dan="17,17,16,16" rate="2195.44,2190.74,2129.80,2225.76" sx="M,M,F,M"/><TAIKYOKU oya="0"/><INIT seed="0,0,0,3,5,38" ten="250,250,250,250" oya="0" hai0="28,45,125,26,58,105,116,111,55,25,59,119,113" hai1="78,43,53,20,110,96,22,4,73,47,65,114,21" hai2="56,134,83,100,133,68,2,107,48,41,8,24,62" hai3="104,118,106,129,66,31,97,81,127,7,99,86,77"/><T9/><D113/><U131/><E110/><V117/><F117/><W124/><G66/><T32/><D111/><U57/><E114/><V126/><F126/><N who="3" m="48171" /><G31/><T120/><D120/><U69/><E131/><V19/><F68/><W16/><G7/><T91/><D125/><U92/><E4/><V102/><F83/><W18/><G118/><T14/><D105/><N who="3" m="40553" /><G129/><T76/><D76/><U89/><E78/><V64/><F2/><W128/><G128/><T121/><D121/><U13/><E73/><V63/><F63/><W79/><G79/><T0/><D0/><U61/><E13/><N who="2" m="7591" /><F24/><W42/><G42/><T130/><D26/><U103/><E103/><V67/><F67/><W135/><G135/><N who="2" m="51721" /><F107/><W40/><G40/><T87/><D130/><U90/><E90/><V108/><F108/><W29/><G29/><T27/><D27/><U46/><E46/><AGARI ba="0,0" hai="41,46,48,56,62,64,100,102" m="51721,7591" machi="46" ten="30,2000,0" yaku="20,1,52,1" doraHai="38" who="2" fromWho="1" sc="250,0,250,-20,250,20,250,0" /><INIT seed="1,0,0,2,3,107" ten="250,230,270,250" oya="1" hai0="132,30,85,15,104,16,130,86,112,27,21,50,101" hai1="91,9,34,105,26,120,22,72,114,3,89,87,83" hai2="31,111,73,100,11,68,128,121,2,99,129,36,125" hai3="84,38,18,79,53,134,52,6,4,57,135,48,123"/><U117/><E114/><V122/><F111/><W63/><G38/><T102/><D112/><U23/><E117/><V17/><F125/><W90/><G79/><T103/><D104/><U42/><E120/><V44/><F68/><W29/><G29/><T41/><D132/><N who="3" m="50729" /><G18/><T82/><D130/><N who="2" m="50282" /><F31/><W77/><G77/><T109/><D109/><U19/><E105/><N who="2" m="63647" /><F73/><W24/><G24/><T94/><D94/><U76/><E34/><V64/><F64/><W43/><G43/><T80/><D41/><U88/><E42/><N who="2" m="22599" /><F17/><W78/><G78/><T13/><D50/><U106/><E106/><V35/><F35/><W115/><G123/><T98/><D98/><U133/><E133/><V126/><F126/><W47/><G115/><T32/><REACH who="0" step="1"/><D13/><REACH who="0" ten="240,230,270,250" step="2"/><U40/><E40/><V95/><F95/><AGARI ba="0,1" hai="4,6,47,48,52,53,57,63,84,90,95" m="50729" machi="95" ten="30,2000,0" yaku="20,1,54,1" doraHai="107" who="3" fromWho="2" sc="240,0,230,0,270,-20,250,30" /><INIT seed="2,0,0,0,0,98" ten="240,230,250,280" oya="2" hai0="52,114,19,80,71,57,130,30,48,112,117,121,8" hai1="63,22,108,39,95,58,49,83,103,89,35,55,124" hai2="54,23,12,90,66,106,5,126,77,116,2,61,3" hai3="113,36,56,131,1,34,69,110,97,132,127,78,44"/><V51/><F116/><W42/><RYUUKYOKU type="yao9" ba="0,0" sc="240,0,230,0,250,0,280,0" hai3="1,34,36,42,44,56,69,78,97,110,113,127,131,132" /><INIT seed="2,1,0,3,5,97" ten="240,230,250,280" oya="2" hai0="114,19,100,21,89,63,94,16,76,121,116,66,65" hai1="92,44,50,22,42,82,7,108,120,126,35,40,115" hai2="62,84,98,10,27,48,9,88,111,129,67,26,130" hai3="131,90,117,112,118,87,54,72,14,38,31,4,96"/><V56/><F111/><W78/><G38/><T101/><D121/><U25/><E115/><V5/><F98/><W59/><G31/><T127/><D114/><U51/><E35/><V122/><F122/><W123/><G123/><T28/><D127/><U80/><E120/><V18/><F48/><W105/><G112/><T52/><D76/><U113/><E113/><V71/><F71/><W125/><G14/><N who="0" m="9367" /><D28/><N who="1" m="17463" /><E126/><V85/><F85/><W109/><G4/><T110/><D19/><U73/><E73/><V23/><F27/><W83/><G125/><T79/><D79/><U74/><E74/><V32/><F32/><W107/><G109/><T45/><D116/><U106/><E106/><V30/><F30/><W6/><G6/><T17/><D17/><U41/><E7/><V53/><F67/><N who="0" m="25610" /><D110/><U124/><E124/><V0/><REACH who="2" step="1"/><F10/><REACH who="2" ten="240,230,240,280" step="2"/><W70/><G70/><T11/><D11/><U75/><E108/><V134/><F134/><W81/><G107/><T34/><D34/><U46/><E75/><V95/><AGARI ba="1,1" hai="0,5,9,18,23,26,53,56,62,84,88,95,129,130" machi="95" ten="30,11700,0" yaku="1,1,0,1,54,1,53,1" doraHai="97" doraHaiUra="1" who="2" fromWho="2" sc="240,-40,230,-40,240,130,280,-40" /><INIT seed="2,2,0,3,5,56" ten="200,190,370,240" oya="2" hai0="63,100,7,31,58,19,50,54,8,80,36,66,76" hai1="125,70,78,110,67,99,61,47,33,49,69,112,73" hai2="86,74,94,81,117,34,5,39,116,105,95,93,35" hai3="37,44,28,91,52,122,103,11,59,17,62,22,9"/><V113/><F39/><W124/><G122/><T118/><D118/><U20/><E33/><V13/><F113/><W45/><G124/><T79/><D36/><U108/><E112/><V77/><F105/><W65/><G37/><T42/><D42/><N who="1" m="24823" /><E125/><V75/><F34/><W4/><G28/><T23/><D31/><U64/><E20/><V16/><F5/><W48/><G103/><T14/><D100/><U134/><E99/><V53/><F53/><W46/><G91/><T43/><D43/><U120/><E120/><V130/><F130/><W121/><G121/><T88/><D80/><N who="1" m="45135" /><E67/><V107/><F107/><W114/><G114/><T40/><D88/><U12/><E12/><V98/><F98/><W132/><G132/><T51/><D40/><U29/><E29/><V71/><F71/><W115/><G115/><T55/><D51/><U83/><E83/><V104/><F104/><W96/><G96/><T111/><D55/><U24/><E24/><V126/><F126/><W128/><G128/><T84/><D84/><U2/><E2/><V109/><F35/><W127/><G127/><T90/><D90/><U26/><E26/><V15/><F117/><W32/><G32/><T129/><D129/><U106/><E134/><V3/><F116/><W82/><G82/><T25/><REACH who="0" step="1"/><D111/><REACH who="0" ten="190,190,370,240" step="2"/><N who="1" m="42539" /><E106/><V68/><F109/><W38/><G38/><T72/><D72/><U10/><E10/><N who="2" m="6199" /><F75/><W123/><G123/><T92/><D92/><U21/><E21/><V57/><F74/><W102/><G11/><T41/><D41/><U133/><E133/><V87/><F95/><W60/><G9/><RYUUKYOKU ba="2,1" sc="190,15,190,15,370,-15,240,-15" hai0="7,8,14,19,23,25,50,54,58,63,66,76,79" hai1="61,64,69,70" /><INIT seed="3,3,1,5,5,62" ten="205,205,355,225" oya="3" hai0="48,39,7,131,49,43,31,5,3,24,110,40,124" hai1="80,104,45,134,19,37,86,74,125,23,10,123,78" hai2="82,79,70,95,72,105,35,6,67,42,85,1,132" hai3="90,33,47,55,29,51,22,75,117,58,115,126,119"/><W52/><G33/><T113/><D110/><U66/><E123/><V116/><F105/><W64/><G75/><T14/><D3/><U15/><E104/><V63/><F116/><W73/><G73/><T53/><D39/><U30/><E125/><V69/><F35/><W118/><G126/><T109/><D109/><U50/><E134/><V60/><F42/><N who="0" m="15914" /><D124/><U98/><E37/><V91/><F132/><W128/><G128/><T34/><D131/><U99/><E74/><V26/><F26/><W56/><G115/><T101/><D101/><U111/><E111/><V12/><F12/><W106/><G106/><T84/><D113/><U21/><E66/><V108/><F108/><W61/><G90/><T100/><D100/><U112/><E112/><V57/><F60/><N who="3" m="35847" /><G22/><N who="1" m="8202" /><E30/><V68/><F6/><W8/><G29/><T20/><D34/><U59/><E59/><V13/><F13/><W44/><G8/><N who="0" m="4367" /><D7/><U32/><E32/><V17/><F1/><W18/><G18/><T96/><D96/><U127/><E127/><V107/><F17/><W2/><G2/><T88/><D53/><AGARI ba="3,1" hai="10,15,19,45,50,53,78,80,86,98,99" m="8202" machi="53" ten="30,1000,0" yaku="8,1" doraHai="62" who="1" fromWho="0" sc="205,-19,205,29,355,0,225,0" owari="186,-31.4,234,3.4,355,45.5,225,-17.5" /></mjloggm>