<mjloggm ver="2.3"><GO type="225" lobby="0"/><UN n0="%E5%B6%BA%E4%B8%8A%E5%92%B2" n1="%72%65%6E%6B%75%6E" n2="%72%69%6F%75%63%68%61%6E" n3="%E3%81%AF%E3%82%88%E3%81%8A%E3%81%98%E3%81%95%E3%82%93" dan="16,17,16,17" rate="2155.42,2207.39,2108.34,2193.15" sx="F,M,M,M"/><TAIKYOKU oya="0"/><INIT seed="0,0,0,3,0,119" ten="250,250,250,250" oya="0" hai0="18,64,36,12,133,61,78,40,48,60,110,112,57" hai1="129,69,34,14,8,74,77,3,83,75,13,20,51" hai2="28,91,29,107,123,31,134,84,121,54,72,53,120" hai3="124,2,89,37,7,42,132,117,97,108,16,116,122"/><T67/><D112/><U93/><E34/><V96/><F72/><W38/><G89/><T101/><D133/><U10/><E69/><V32/><F32/><W50/><G97/><T30/><D110/><U82/><E129/><V65/><F134/><W59/><G132/><T15/><D78/><U128/><E128/><V41/><F65/><W111/><G16/><T47/><D101/><U46/><E3/><V35/><F35/><W19/><G19/><T99/><D99/><U26/><E93/><V125/><F41/><W21/><G21/><T27/><D36/><N who="3" m="13929" /><G7/><T55/><D40/><U9/><E51/><V131/><F125/><W22/><G22/><T130/><D130/><U39/><E46/><V11/><F131/><W109/><G2/><T127/><D127/><U92/><E39/><V79/><F79/><W90/><G90/><T81/><D81/><U45/><E45/><V73/><F73/><W5/><G5/><T135/><D135/><U68/><E68/><V126/><F11/><W17/><G17/><T0/><D0/><U43/><E43/><V95/><REACH who="2" step="1"/><F126/><REACH who="2" ten="250,250,240,250" step="2"/><W100/><G124/><T88/><D64/><U33/><E33/><V80/><F80/><W62/><G117/><T4/><D67/><U25/><E9/><V105/><F105/><W85/><G116/><T103/><D4/><U63/><E77/><V6/><F6/><W44/><G109/><T66/><D66/><U76/><E76/><V86/><F86/><W71/><G108/><T24/><D55/><U87/><E20/><V94/><F94/><W115/><G111/><T113/><D113/><RYUUKYOKU ba="0,1" sc="250,-10,250,-10,240,30,250,-10" hai2="28,29,31,53,54,84,91,95,96,107,120,121,123" /><INIT seed="1,1,1,0,0,130" ten="240,240,270,240" oya="1" hai0="64,66,107,6,2,35,105,37,80,97,86,96,50" hai1="33,72,101,60,84,7,106,88,114,81,99,26,116" hai2="103,131,59,48,29,123,10,91,38,16,31,15,20" hai3="95,8,74,92,13,128,9,121,28,70,102,32,58"/><U87/><E116/><V44/><F131/><W55/><G70/><T17/><D35/><U14/><E114/><V93/><F123/><W65/><G128/><T57/><D37/><U90/><E72/><V120/><F120/><W61/><G121/><T4/><D2/><U78/><E60/><V41/><F103/><W23/><G74/><T98/><D17/><U45/><E45/><V115/><F115/><W46/><G32/><T126/><D126/><U30/><REACH who="1" step="1"/><E84/><REACH who="1" ten="240,230,270,240" step="2"/><N who="2" m="52455" /><F10/><AGARI ba="1,2" hai="7,10,14,26,30,33,78,81,87,88,90,99,101,106" machi="10" ten="40,3900,0" yaku="1,1,54,1,53,0" doraHai="130" doraHaiUra="67" who="1" fromWho="2" sc="240,0,230,62,270,-42,240,0" /><INIT seed="1,2,0,5,3,34" ten="240,292,228,240" oya="1" hai0="56,87,10,135,28,32,55,106,47,98,76,86,19" hai1="44,113,97,53,70,60,128,17,134,110,36,31,4" hai2="101,112,133,130,107,88,82,69,48,71,121,22,111" hai3="91,122,43,72,7,57,29,15,103,104,30,75,125"/><U11/><E113/><V51/><F121/><W23/><G122/><T116/><D116/><U67/><E128/><V92/><F130/><W78/><G125/><T1/><D135/><U63/><E134/><V52/><F133/><W132/><G132/><T94/><D106/><U46/><E31/><V93/><F112/><W74/><G78/><T21/><D32/><U83/><E17/><V61/><F111/><W38/><G91/><T77/><D28/><U12/><E110/><V25/><F107/><W3/><G57/><T95/><D47/><U108/><E36/><V50/><F101/><W41/><G3/><T80/><D10/><U105/><E83/><V64/><F71/><W120/><G120/><T81/><D1/><U102/><REACH who="1" step="1"/><E108/><REACH who="1" ten="240,282,228,240" step="2"/><V5/><F82/><W0/><G38/><T2/><D81/><U20/><E20/><V114/><F114/><W123/><G123/><T33/><D80/><U26/><E26/><V16/><F5/><W39/><G39/><T35/><D19/><U79/><E79/><V59/><REACH who="2" step="1"/><F93/><REACH who="2" ten="240,282,218,240" step="2"/><W14/><G7/><T117/><D94/><U68/><E68/><V13/><F13/><W119/><G14/><T65/><D95/><U115/><E115/><V73/><F73/><W66/><G15/><T89/><D2/><U45/><E45/><V27/><F27/><W58/><G0/><T126/><D77/><U127/><E127/><V54/><F54/><W24/><G74/><T6/><D76/><U40/><E40/><N who="3" m="15434" /><G72/><T90/><D126/><U99/><E99/><AGARI ba="2,2" hai="16,22,25,48,50,51,52,59,61,64,69,88,92,99" machi="99" ten="30,8000,1" yaku="1,1,7,1,54,3,53,0" doraHai="34" doraHaiUra="96" who="2" fromWho="1" sc="240,0,282,-86,218,106,240,0" /><INIT seed="2,0,0,5,4,90" ten="240,196,324,240" oya="2" hai0="23,69,81,115,45,14,42,48,7,121,72,8,55" hai1="57,131,100,87,122,24,30,128,35,61,18,88,28" hai2="125,46,22,26,118,85,56,27,4,113,10,1,101" hai3="107,37,84,68,76,97,39,112,124,32,94,19,25"/><V2/><F113/><W33/><G68/><T108/><D69/><U12/><E122/><V111/><F118/><W40/><G112/><T34/><D115/><U93/><E30/><V129/><F125/><W82/><G107/><T83/><D34/><U31/><E31/><V92/><F129/><W5/><G124/><T96/><D108/><U91/><E100/><V62/><F111/><W103/><G5/><T29/><D121/><U110/><E110/><V134/><F134/><W95/><G33/><T17/><D72/><U15/><E91/><V79/><F46/><W86/><G40/><T127/><D127/><U106/><E106/><V71/><F71/><W114/><G114/><T3/><D96/><U73/><E73/><V58/><F1/><W80/><G32/><T9/><D42/><U41/><E41/><V105/><F105/><W49/><G49/><T11/><D29/><U0/><E0/><V123/><F123/><W53/><G53/><T20/><REACH who="0" step="1"/><D9/><REACH who="0" ten="230,196,324,240" step="2"/><U60/><E60/><V104/><F10/><W120/><G97/><T64/><D64/><N who="1" m="38959" /><E18/><V109/><F62/><W59/><G19/><T67/><D67/><U36/><E36/><V117/><F109/><W52/><G120/><T119/><D119/><U51/><E51/><V133/><F117/><W78/><G39/><T66/><D66/><U116/><E116/><V102/><F133/><W75/><G37/><T21/><AGARI ba="0,1" hai="3,7,8,11,14,17,20,21,23,45,48,55,81,83" machi="21" ten="30,2000,0" yaku="1,1,0,1,53,0" doraHai="90" doraHaiUra="126" who="0" fromWho="0" sc="230,30,196,-5,324,-10,240,-5" /><INIT seed="3,0,0,4,4,96" ten="260,191,314,235" oya="3" hai0="72,37,69,76,70,124,113,50,100,1,116,8,114" hai1="9,91,47,92,78,127,90,89,103,52,106,6,48" hai2="61,36,42,51,126,67,16,21,128,11,43,81,55" hai3="132,73,25,122,57,41,87,32,83,111,38,29,105"/><W2/><G122/><T58/><D37/><U66/><E127/><V133/><F126/><W95/><G105/><T4/><D116/><U5/><E78/><V39/><F128/><W24/><G2/><T35/><D35/><U14/><E66/><V22/><F133/><W0/><G0/><T86/><D72/><U130/><E130/><V107/><F107/><W46/><G132/><T30/><D30/><U79/><E79/><V129/><F129/><W49/><G111/><T10/><D10/><U27/><E27/><V17/><F11/><W135/><G135/><T12/><D1/><U118/><E118/><V7/><F7/><W34/><G95/><T115/><D100/><U59/><E106/><V102/><F102/><W54/><G73/><T33/><D33/><U40/><E6/><V108/><F81/><W74/><G74/><T28/><D28/><U75/><E75/><V93/><F93/><W64/><G64/><T20/><D20/><N who="2" m="7786" /><F36/><W62/><G24/><T13/><D13/><U56/><E40/><N who="2" m="15403" /><F39/><W82/><G82/><N who="0" m="47431" /><D124/><U71/><E71/><V44/><F108/><W85/><G85/><T88/><D88/><U19/><E5/><V97/><F97/><AGARI ba="0,0" hai="9,14,19,47,48,52,56,59,89,90,91,92,97,103" machi="97" ten="40,5200,0" yaku="8,1,52,1,54,1" doraHai="96" who="1" fromWho="2" sc="260,0,191,52,314,-52,235,0" /><INIT seed="4,0,0,4,2,36" ten="260,243,262,235" oya="0" hai0="23,16,73,27,20,34,11,115,84,100,113,43,50" hai1="132,58,9,49,2,75,130,89,86,28,14,80,57" hai2="19,98,112,26,63,70,38,7,18,5,106,53,99" hai3="35,29,93,33,68,77,30,123,72,74,111,81,102"/><T109/><D73/><U110/><E110/><V61/><F38/><W42/><G111/><T79/><D100/><U129/><E2/><V0/><F112/><N who="0" m="43082" /><D109/><U114/><E114/><V133/><F133/><W10/><G68/><T78/><D34/><U47/><E132/><V90/><F70/><W45/><G74/><T120/><D120/><U116/><E28/><V17/><F0/><W71/><G71/><T92/><D23/><U13/><E13/><V103/><F26/><W83/><G123/><T44/><D11/><U107/><E107/><V76/><F76/><W135/><G135/><T69/><D69/><U108/><E75/><V91/><F53/><W104/><G104/><T60/><D60/><N who="2" m="23114" /><F103/><W121/><G121/><T31/><D31/><U8/><E8/><V56/><F56/><W64/><G64/><T128/><D128/><N who="1" m="49259" /><E108/><V101/><F101/><W105/><G105/><T48/><D48/><U127/><E58/><V39/><F39/><N who="3" m="21727" /><G30/><T62/><D62/><U41/><E57/><V94/><F106/><W117/><G29/><T46/><D46/><U126/><E116/><V88/><F94/><W25/><G117/><T82/><D92/><U51/><E51/><V87/><F87/><N who="3" m="48559" /><G10/><T32/><D32/><U119/><E119/><V125/><F125/><W22/><G93/><T52/><D79/><U118/><E118/><V134/><F134/><W85/><G102/><T59/><D59/><U12/><E9/><V96/><AGARI ba="0,0" hai="5,7,17,18,19,88,90,91,96,98,99" m="23114" machi="96" ten="40,12000,2" yaku="29,2,28,2,8,1,54,1" doraHai="36" who="2" fromWho="2" sc="260,-60,243,-30,262,120,235,-30" owari="200,-30.0,213,1.3,382,48.2,205,-19.5" /></mjloggm>