<mjloggm ver="2.3"><GO type="225" lobby="0"/><UN n0="%E3%83%A9%E3%82%B9%E7%8E%87%EF%BC%93%E5%89%B2" n1="%E9%B7%B9%E5%80%89%E6%9D%8F%E9%88%B4" n2="%E6%A1%9C%E8%8A%B1%E9%96%83%E3%80%85" n3="%72%65%6E%6B%75%6E" dan="17,16,16,17" rate="2216.40,2145.14,2125.29,2208.37" sx="F,F,M,M"/><TAIKYOKU oya="0"/><INIT seed="0,0,0,1,3,23" ten="250,250,250,250" oya="0" hai0="135,1,9,78,96,61,52,5,16,6,83,103,55" hai1="129,127,80,133,71,82,4,7,67,46,108,2,62" hai2="124,66,91,51,126,30,60,81,11,107,114,119,111" hai3="68,21,13,134,64,90,40,65,37,116,123,131,45"/><T28/><D135/><U115/><E133/><V22/><F114/><W31/><G116/><T88/><D28/><U109/><E115/><V128/><F119/><W29/><G134/><T92/><D61/><U26/><E129/><V48/><F107/><W79/><G131/><T20/><D6/><U36/><E127/><N who="2" m="48683" /><F128/><W3/><G3/><T14/><D103/><U101/><E101/><V118/><F111/><N who="1" m="42569" /><E2/><V50/><F11/><W85/><G79/><T27/><D1/><U93/><E93/><V112/><F112/><W99/><G99/><T43/><D43/><N who="1" m="22887" /><E26/><N who="2" m="16727" /><F118/><W130/><G130/><T73/><AGARI ba="0,0" hai="5,9,14,16,20,27,52,55,73,78,83,88,92,96" machi="73" ten="20,18000,2" yaku="0,1,7,1,52,1,54,3" doraHai="23" who="0" fromWho="0" sc="250,180,250,-60,250,-60,250,-60" /><INIT seed="0,1,0,2,2,59" ten="430,190,190,190" oya="0" hai0="13,32,8,17,65,113,6,78,27,125,55,34,42" hai1="107,118,14,97,72,44,135,70,119,95,80,33,63" hai2="7,123,114,103,86,67,127,24,19,4,131,73,79" hai3="49,5,10,82,57,21,60,92,9,54,30,91,69"/><T71/><D42/><U11/><E135/><V100/><F123/><W61/><G69/><T99/><D113/><U2/><E44/><V102/><F73/><W81/><G30/><T41/><D125/><U31/><E2/><V0/><F114/><W39/><G39/><T133/><D133/><U1/><E1/><V105/><F127/><W20/><G20/><T104/><D41/><U50/><E50/><V12/><F0/><W47/><G21/><T89/><D78/><U122/><E122/><V51/><F105/><W115/><G115/><T134/><D55/><U23/><E23/><N who="2" m="13439" /><F131/><W87/><G60/><N who="0" m="40359" /><D89/><U53/><E107/><V43/><F67/><W36/><G36/><T29/><D34/><U3/><E3/><V16/><F51/><W38/><G38/><T68/><D68/><U83/><E70/><V90/><F79/><W101/><G101/><N who="0" m="62527" /><D134/><U109/><E33/><V56/><F56/><W129/><G129/><T117/><D117/><U75/><E119/><V48/><F48/><W35/><G35/><T18/><AGARI ba="1,0" hai="6,8,13,17,18,27,29,32" m="62527,40359" machi="18" ten="30,3000,0" yaku="25,1,52,1" doraHai="59" who="0" fromWho="0" sc="430,33,190,-11,190,-11,190,-11" /><INIT seed="0,2,0,0,1,24" ten="463,179,179,179" oya="0" hai0="73,75,66,77,130,48,14,40,30,25,96,52,81" hai1="19,20,116,8,87,90,125,111,119,23,2,110,10" hai2="39,27,16,76,108,95,124,28,33,59,37,29,93" hai3="133,100,106,105,94,64,129,35,13,17,21,92,31"/><T114/><D114/><U49/><E49/><V107/><F107/><W69/><G133/><T127/><D130/><U103/><E103/><V91/><F108/><N who="1" m="41513" /><E87/><V18/><F124/><W89/><G129/><T121/><D121/><U57/><E57/><V112/><F112/><W101/><G101/><T85/><D127/><U65/><E90/><V62/><F76/><W51/><G51/><T3/><D3/><U55/><E55/><V128/><F128/><W74/><G74/><T9/><D66/><U32/><E65/><V70/><F70/><W44/><G44/><T115/><D96/><U4/><E32/><V80/><F80/><W104/><G100/><T118/><D40/><U88/><E88/><V42/><F93/><W99/><G92/><T83/><D81/><U58/><E58/><V117/><F42/><W68/><G64/><T1/><D115/><U113/><E113/><V86/><F117/><N who="1" m="45129" /><E125/><V46/><F46/><W53/><G53/><T34/><D118/><U98/><E98/><V79/><F79/><W71/><G35/><T134/><D75/><U60/><E60/><V56/><F56/><W97/><G97/><T12/><D73/><U84/><E84/><V123/><F59/><W109/><G109/><T7/><D77/><U43/><E43/><V45/><F45/><W82/><G82/><T22/><D83/><U15/><AGARI ba="2,0" hai="2,4,8,10,15,19,20,23" m="45129,41513" machi="15" ten="40,5200,0" yaku="14,1,34,2" doraHai="24" who="1" fromWho="1" sc="463,-28,179,58,179,-15,179,-15" /><INIT seed="1,0,0,3,1,68" ten="435,237,164,164" oya="1" hai0="28,53,60,7,108,15,38,20,61,39,37,14,54" hai1="26,62,97,29,134,90,114,5,11,81,124,96,0" hai2="112,87,69,21,89,88,63,33,55,98,35,52,119" hai3="82,34,129,51,64,111,94,36,131,107,42,85,25"/><U43/><E114/><V70/><F119/><W12/><G107/><T117/><D117/><U102/><E134/><V127/><F112/><W66/><G111/><T65/><D108/><U92/><E124/><V100/><F127/><W56/><G94/><T91/><D7/><U71/><E43/><V24/><F35/><W23/><G34/><T93/><D28/><U105/><E81/><V18/><F33/><W50/><G12/><T106/><D106/><U41/><E41/><V48/><F55/><N who="3" m="31863" /><G51/><T74/><D61/><U121/><E121/><V128/><F128/><N who="3" m="49227" /><G36/><T30/><D74/><U6/><E11/><V17/><F17/><N who="3" m="12527" /><G42/><T27/><D15/><U19/><E19/><V72/><F63/><W132/><G132/><T77/><D14/><U57/><E0/><V110/><F110/><W99/><G99/><T73/><D73/><U95/><E105/><V31/><F72/><W45/><G45/><T86/><REACH who="0" step="1"/><D77/><AGARI ba="0,0" hai="64,66,77,82,85" m="12527,49227,31863" machi="77" ten="30,1000,0" yaku="19,1" doraHai="68" who="3" fromWho="0" sc="435,-10,237,0,164,0,164,10" /><INIT seed="2,0,0,2,5,62" ten="425,237,164,174" oya="2" hai0="32,95,127,134,58,103,86,12,42,63,47,17,115" hai1="118,67,85,72,77,46,98,2,61,40,69,9,43" hai2="66,3,14,83,92,5,113,100,123,4,6,22,21" hai3="23,25,36,135,89,102,49,10,30,70,33,130,94"/><V52/><F113/><W57/><G36/><T106/><D134/><U15/><E118/><V90/><F123/><W68/><G130/><T73/><D127/><U51/><E72/><V27/><F3/><W71/><G135/><T132/><D132/><U26/><E2/><V107/><F107/><W75/><G75/><T131/><D131/><U45/><E26/><V38/><F38/><W129/><G129/><T81/><D32/><U126/><E126/><V120/><F120/><W31/><G102/><T110/><D110/><U124/><E124/><V59/><F100/><W104/><G104/><T119/><D106/><U121/><E98/><N who="2" m="57623" /><F83/><W53/><G10/><T114/><D119/><U88/><E77/><V93/><F93/><W1/><G1/><T116/><D73/><U48/><E121/><V74/><F74/><W18/><REACH who="3" step="1"/><G33/><REACH who="3" ten="425,237,164,164" step="2"/><T29/><D116/><U87/><E88/><V11/><F22/><W20/><G20/><T91/><D115/><U76/><E76/><V125/><F125/><W109/><G109/><T122/><D114/><U111/><E111/><V16/><F66/><W105/><G105/><T60/><D122/><U41/><E41/><V79/><F79/><W35/><G35/><T78/><D103/><U99/><E99/><AGARI ba="0,1" hai="18,23,25,30,31,49,53,57,68,70,71,89,94,99" machi="99" ten="40,2600,0" yaku="1,1,53,1" doraHai="62" doraHaiUra="54" who="3" fromWho="1" sc="425,0,237,-26,164,0,164,36" /><INIT seed="3,0,0,1,3,55" ten="425,211,164,200" oya="3" hai0="66,25,90,15,77,82,134,122,81,93,109,1,0" hai1="57,88,94,34,101,87,79,27,49,73,41,19,97" hai2="44,47,52,86,83,51,59,3,95,54,56,42,118" hai3="80,84,65,68,123,115,108,20,30,12,60,29,45"/><W92/><G115/><T120/><D66/><U69/><E69/><V117/><F3/><W119/><G119/><T64/><D25/><U76/><E73/><V28/><F28/><W114/><G114/><T24/><D24/><U113/><E113/><V33/><F33/><W70/><G123/><T99/><D64/><U74/><E74/><V37/><F95/><W9/><G108/><T127/><D134/><U13/><E27/><V112/><F112/><W104/><G104/><T121/><D127/><U85/><E34/><V32/><F32/><W103/><G70/><T126/><D15/><U75/><E75/><V17/><F17/><W125/><G125/><T58/><D126/><U62/><E49/><N who="2" m="30799" /><F86/><N who="1" m="32777" /><E41/><N who="2" m="22575" /><F83/><W133/><G45/><T5/><D93/><U36/><E36/><AGARI ba="0,0" hai="36,42,47,51,52,59,117,118" m="22575,30799" machi="36" ten="30,8000,1" yaku="34,2,52,2,54,1" doraHai="55" who="2" fromWho="1" sc="425,0,211,-80,164,80,200,0" owari="425,52.5,131,-36.9,244,4.4,200,-20.0" /></mjloggm>