<mjloggm ver="2.3"><GO type="225" lobby="0"/><UN n0="%E4%BF%BA%E3%81%A8%E5%A6%96%E5%A4%A2" n1="%E6%A1%9C%E8%8A%B1%E9%96%83%E3%80%85" n2="%72%65%6E%6B%75%6E" n3="%E3%81%A4%E3%81%A3%E3%81%B1%E3%82%8A%E3%83%9D%E3%83%BC%E3%83%AB" dan="16,16,17,17" rate="2110.15,2115.91,2219.04,2154.88" sx="F,M,M,M"/><TAIKYOKU oya="0"/><INIT seed="0,0,0,0,0,124" ten="250,250,250,250" oya="0" hai0="35,78,6,97,110,100,62,99,93,28,88,14,59" hai1="18,135,87,60,30,82,20,123,21,86,23,66,126" hai2="22,84,102,116,45,48,81,24,17,73,127,8,113" hai3="80,128,103,56,69,107,47,117,50,83,71,115,98"/><T72/><D110/><U130/><E123/><V19/><F116/><W46/><G117/><T131/><D28/><U32/><E126/><V26/><F113/><W39/><G115/><T0/><D35/><U94/><E135/><V121/><F121/><W42/><G128/><T61/><D0/><U5/><E5/><V13/><F127/><W52/><REACH who="3" step="1"/><G56/><REACH who="3" ten="250,250,250,240" step="2"/><T101/><D131/><U53/><E130/><V54/><F73/><W4/><G4/><T85/><D59/><N who="1" m="34927" /><E30/><V33/><F33/><W109/><G109/><T129/><D129/><U68/><E32/><V89/><REACH who="2" step="1"/><F102/><REACH who="2" ten="250,250,240,240" step="2"/><W133/><G133/><T91/><D101/><U111/><E111/><V96/><F96/><W1/><G1/><T15/><D97/><U31/><E31/><V40/><F40/><W118/><G118/><T95/><D100/><U38/><E87/><V12/><AGARI ba="0,2" hai="8,12,13,17,19,22,24,26,45,48,54,81,84,89" machi="12" ten="20,12000,2" yaku="1,1,0,1,7,1,25,2,8,1,53,1" doraHai="124" doraHaiUra="44" who="2" fromWho="2" sc="250,-60,250,-30,240,140,240,-30" /><INIT seed="1,0,0,2,3,49" ten="190,220,380,210" oya="1" hai0="30,32,58,62,34,89,117,78,93,124,82,9,60" hai1="61,132,29,2,105,80,68,107,37,45,1,35,104" hai2="108,111,13,83,94,6,127,56,85,129,69,116,54" hai3="74,125,130,131,26,122,112,65,10,53,134,75,43"/><U102/><E132/><V50/><F116/><W4/><G122/><T8/><D117/><U22/><E22/><V90/><F129/><N who="3" m="49163" /><G112/><T73/><D124/><U40/><E80/><V5/><F127/><W135/><G125/><T98/><D62/><U20/><E20/><V28/><F69/><W7/><G65/><T87/><D73/><N who="3" m="27657" /><G43/><T121/><D121/><U72/><E102/><V113/><F113/><W38/><G38/><T109/><D109/><N who="2" m="42058" /><F28/><W55/><G26/><T12/><D30/><U81/><E29/><V77/><F13/><N who="3" m="5319" /><G7/><T44/><D8/><U91/><E35/><V39/><F39/><W103/><G103/><T27/><D27/><U110/><E110/><V15/><F15/><W19/><G19/><T23/><D23/><U17/><E17/><V118/><F118/><W126/><G126/><T101/><D101/><U99/><E99/><AGARI ba="0,0" hai="5,6,50,54,56,77,83,85,90,94,99" m="42058" machi="99" ten="30,2000,0" yaku="14,1,52,1" doraHai="49" who="2" fromWho="1" sc="190,0,220,-20,380,20,210,0" /><INIT seed="2,0,0,1,3,95" ten="190,200,400,210" oya="2" hai0="117,61,120,102,3,47,133,78,104,122,108,67,62" hai1="8,35,98,100,27,126,2,26,42,82,135,105,45" hai2="60,115,22,74,90,123,84,54,17,18,69,77,52" hai3="34,24,5,89,80,20,118,124,63,99,15,56,112"/><V75/><F123/><W121/><G118/><T129/><D3/><U106/><E135/><V107/><F107/><W110/><G121/><N who="0" m="46699" /><D78/><U39/><E126/><V79/><F115/><W128/><G34/><T6/><D6/><U28/><E27/><V9/><F9/><N who="3" m="4527" /><G124/><T83/><D83/><U93/><REACH who="1" step="1"/><E82/><REACH who="1" ten="190,190,400,210" step="2"/><V64/><F75/><W71/><G80/><T131/><D133/><U58/><E58/><N who="2" m="36887" /><F74/><W7/><G56/><T29/><D117/><U33/><E33/><V51/><F69/><W65/><G71/><T30/><D108/><U21/><E21/><V50/><F77/><W44/><G110/><T36/><D129/><U59/><E59/><N who="2" m="33175" /><F79/><W81/><G128/><T91/><D131/><U73/><E73/><V0/><F22/><W12/><G20/><T48/><D29/><U86/><E86/><V125/><F125/><W87/><G87/><T96/><D30/><U11/><E11/><V101/><F84/><W32/><G32/><T88/><D67/><U127/><E127/><V132/><F132/><W31/><G65/><T41/><D36/><U13/><E13/><V68/><F68/><W37/><G37/><T94/><D61/><U53/><E53/><V57/><F54/><W10/><G63/><T66/><D66/><U40/><E40/><V113/><F57/><W55/><G55/><T46/><D62/><U114/><E114/><V72/><F113/><W103/><G112/><T43/><D43/><U49/><E49/><V76/><F51/><W14/><G31/><T19/><D41/><U4/><AGARI ba="0,1" hai="2,4,8,26,28,35,39,42,45,93,98,100,105,106" machi="4" ten="30,4000,0" yaku="1,1,0,1,52,1,53,0" doraHai="95" doraHaiUra="16" who="1" fromWho="1" sc="190,-10,190,50,400,-20,210,-10" /><INIT seed="3,0,0,2,4,110" ten="180,240,380,200" oya="3" hai0="113,57,94,69,107,23,45,68,15,0,60,22,126" hai1="102,2,50,11,104,87,35,20,121,116,53,108,83" hai2="81,82,65,128,24,112,46,111,3,91,1,70,61" hai3="97,52,95,32,12,133,120,33,5,117,56,17,73"/><W49/><G117/><T44/><D107/><U42/><E35/><V13/><F112/><W55/><G120/><T99/><D0/><U125/><E121/><V27/><F111/><W28/><G73/><T71/><D113/><U105/><E108/><V101/><F101/><W10/><G133/><T84/><D126/><U114/><E114/><V64/><F46/><W26/><G55/><T86/><D57/><U58/><E125/><V78/><F128/><W14/><G33/><T41/><D60/><U36/><E116/><V9/><F91/><W96/><REACH who="3" step="1"/><G95/><REACH who="3" ten="180,240,380,190" step="2"/><T134/><D134/><U25/><E105/><V16/><F64/><W122/><G122/><T63/><D41/><U109/><E109/><V34/><F81/><W75/><G75/><T18/><D63/><U118/><E118/><V103/><F82/><W80/><G80/><T90/><REACH who="0" step="1"/><D23/><AGARI ba="0,1" hai="5,10,12,14,17,23,26,28,32,49,52,56,96,97" machi="23" ten="30,5800,0" yaku="1,1,7,1,54,1,53,0" doraHai="110" doraHaiUra="74" who="3" fromWho="0" sc="180,-58,240,0,380,0,190,68" /><INIT seed="3,1,0,4,2,104" ten="122,240,380,258" oya="3" hai0="44,105,70,0,3,109,129,18,77,54,118,16,43" hai1="126,79,13,93,48,72,119,108,58,30,19,132,102" hai2="12,26,125,53,65,75,36,11,27,9,134,121,24" hai3="23,8,130,69,42,35,115,76,25,114,86,116,133"/><W98/><G116/><T40/><D118/><U22/><E119/><V135/><F125/><W124/><G69/><T84/><D105/><U45/><E126/><V29/><F121/><W120/><G124/><T17/><D70/><U83/><E108/><V6/><F36/><W66/><G120/><T50/><D109/><U123/><E123/><V38/><F38/><W87/><G35/><T33/><D33/><U90/><E132/><N who="2" m="50731" /><F75/><W99/><G66/><T63/><D129/><U73/><E102/><V112/><F65/><W21/><G133/><T100/><D100/><U74/><E30/><V60/><F112/><W51/><G130/><T106/><D106/><U47/><E58/><N who="2" m="34895" /><F11/><W10/><G76/><T34/><D34/><AGARI ba="1,0" hai="6,9,12,24,26,27,29,34" m="34895,50731" machi="34" ten="30,1000,0" yaku="20,1" doraHai="104" who="2" fromWho="0" sc="122,-13,240,0,380,13,258,0" owari="109,-39.1,240,-16.0,393,49.3,258,5.8" /></mjloggm>