<mjloggm ver="2.3"><GO type="225" lobby="0"/><UN n0="%E9%A6%AC%E5%BC%95%E7%81%AB%33" n1="%E6%A1%9C%E8%8A%B1%E9%96%83%E3%80%85" n2="%E3%83%96%E3%83%83%E3%83%91%E3%82%AA%E3%83%96%E3%83%81%E3%82%AD%E3%83%B3" n3="%E6%98%93%E5%88%A9%E8%96%A9%E4%BC%AF" dan="16,17,16,17" rate="2123.03,2265.26,2203.37,2151.12" sx="M,M,M,F"/><TAIKYOKU oya="0"/><INIT seed="0,0,0,3,2,25" ten="250,250,250,250" oya="0" hai0="10,71,105,83,39,90,102,57,86,76,23,43,26" hai1="101,52,130,100,104,3,20,126,134,28,133,21,82" hai2="6,112,24,16,63,38,110,116,27,19,59,107,95" hai3="114,109,80,18,12,103,99,78,125,17,56,98,135"/><T124/><D71/><U67/><E3/><V54/><F112/><W111/><G114/><T15/><D124/><U75/><E67/><V79/><F107/><W115/><G115/><T40/><D39/><U0/><E0/><V51/><F38/><W120/><G120/><T7/><D105/><U94/><E94/><V77/><F110/><W32/><G32/><T96/><D57/><U93/><E93/><V4/><F116/><W58/><G135/><N who="1" m="51722" /><E126/><V62/><F95/><N who="3" m="58847" /><G99/><T81/><D102/><U64/><E64/><V85/><F85/><N who="3" m="48279" /><G125/><T36/><D36/><U46/><E130/><V5/><F27/><W88/><G18/><N who="2" m="6697" /><F24/><W89/><G111/><T128/><D128/><U9/><E9/><V117/><F117/><W70/><G109/><T74/><D96/><U2/><E2/><V55/><F63/><W14/><G14/><T119/><D119/><U72/><E72/><V8/><F8/><N who="3" m="6279" /><G70/><T34/><D34/><U31/><E20/><V22/><F22/><W132/><G132/><T106/><D106/><U92/><E21/><V108/><F108/><W29/><G29/><AGARI ba="0,0" hai="7,10,15,23,26,29,40,43,74,76,81,83,86,90" machi="29" ten="30,2900,0" yaku="7,1,52,1" doraHai="25" who="0" fromWho="3" sc="250,29,250,0,250,0,250,-29" /><INIT seed="0,1,0,1,5,110" ten="279,250,250,221" oya="0" hai0="76,130,2,116,11,102,7,135,84,101,10,111,121" hai1="52,13,72,48,33,16,5,128,133,57,120,114,126" hai2="95,29,107,80,78,86,49,4,40,56,122,109,1" hai3="25,6,124,104,46,92,132,43,41,37,15,65,119"/><T42/><D116/><U131/><E120/><V34/><F122/><W53/><G104/><T100/><D121/><U9/><E126/><V55/><F109/><W30/><G119/><T108/><D135/><U134/><E72/><V81/><F107/><W39/><G132/><N who="1" m="50794" /><E33/><V91/><F40/><W44/><G124/><T59/><D130/><N who="1" m="49707" /><E114/><V32/><F29/><W99/><G65/><T38/><D11/><U14/><E14/><V68/><F68/><W8/><G53/><T115/><D115/><U12/><E13/><V50/><F50/><W83/><G83/><T63/><D84/><U87/><E87/><V112/><F81/><W113/><G113/><T58/><D76/><U70/><E70/><V51/><F112/><W85/><G85/><T127/><D127/><U125/><E125/><V36/><F36/><W71/><G71/><T35/><D35/><U79/><E79/><V105/><F105/><W73/><G73/><T31/><D31/><U60/><E48/><V27/><F51/><W88/><G30/><T21/><D21/><U103/><E103/><V45/><F34/><W23/><G23/><T69/><D69/><U24/><E24/><AGARI ba="1,0" hai="6,8,15,24,25,37,39,41,43,44,46,88,92,99" machi="24" ten="40,2600,0" yaku="9,1,54,1" doraHai="110" who="3" fromWho="1" sc="279,0,250,-29,250,0,221,29" /><INIT seed="1,0,0,0,1,88" ten="279,221,250,250" oya="1" hai0="117,121,15,132,1,127,72,79,45,19,81,69,20" hai1="41,116,76,55,71,114,93,39,91,59,29,33,3" hai2="35,7,32,112,108,52,65,30,67,70,126,129,75" hai3="89,54,40,133,82,2,44,123,99,36,105,49,17"/><U8/><E114/><V103/><F75/><W118/><G123/><T120/><D117/><U135/><E71/><V38/><F38/><W96/><G2/><T4/><D127/><U122/><E116/><V77/><F77/><W124/><G118/><T113/><D113/><U18/><E122/><N who="0" m="47209" /><D132/><U10/><E135/><V25/><F112/><W119/><G119/><T46/><D69/><U86/><E76/><V115/><F115/><W14/><G105/><T101/><D101/><U24/><E3/><V125/><F129/><W16/><G17/><T11/><AGARI ba="0,0" hai="1,4,11,15,19,20,45,46,72,79,81" m="47209" machi="11" ten="30,1100,0" yaku="13,1" doraHai="88" who="0" fromWho="0" sc="279,11,221,-5,250,-3,250,-3" /><INIT seed="2,0,0,0,4,121" ten="290,216,247,247" oya="2" hai0="51,87,49,85,104,93,124,116,21,35,119,28,50" hai1="12,5,8,30,123,34,7,62,25,70,100,47,130" hai2="79,80,133,18,27,94,15,69,66,126,2,97,106" hai3="108,82,95,41,109,37,45,54,38,57,64,99,90"/><V75/><F126/><W33/><G33/><T4/><D104/><U105/><E123/><V31/><F133/><W53/><G38/><T96/><D35/><U81/><E130/><V111/><F2/><W132/><G132/><T48/><N who="0" m="12288" /><DORA hai="10" /><T20/><D4/><N who="1" m="3079" /><E81/><V68/><F106/><W67/><G82/><T112/><D112/><U55/><E55/><N who="3" m="21002" /><G57/><T63/><D63/><U89/><E89/><V72/><F72/><W40/><G40/><T127/><D127/><U9/><E9/><V129/><F129/><W113/><G113/><T71/><D71/><U56/><E56/><V117/><F117/><N who="0" m="45130" /><D124/><U11/><E11/><V107/><F69/><W73/><G73/><T122/><D122/><U77/><E77/><V76/><F76/><W101/><G101/><N who="0" m="60559" /><D28/><U36/><E36/><V23/><F107/><W120/><G120/><T46/><D46/><U115/><E47/><V102/><F68/><W91/><G91/><T92/><D92/><U88/><E88/><V44/><F44/><W134/><G134/><T17/><D21/><U39/><E39/><V118/><F118/><W114/><G114/><T78/><D78/><U1/><E115/><V83/><F83/><W24/><G24/><AGARI ba="0,0" hai="17,20,24,85,87" m="60559,45130,12288" machi="24" ten="40,1300,0" yaku="12,1" doraHai="121,10" who="0" fromWho="3" sc="290,13,216,0,247,0,247,-13" /><INIT seed="3,0,0,0,4,66" ten="303,216,247,234" oya="3" hai0="38,53,28,121,105,68,125,76,70,115,104,73,46" hai1="113,67,123,108,51,74,72,99,54,15,111,41,71" hai2="14,1,4,5,17,107,114,87,88,16,89,135,52" hai3="132,131,47,34,30,130,128,134,69,62,50,97,32"/><W85/><G85/><T3/><D53/><U43/><E113/><V79/><F114/><W65/><G97/><T86/><D86/><U7/><E123/><V49/><F1/><W55/><G30/><T133/><D115/><U13/><E99/><V83/><F135/><AGARI ba="0,0" hai="32,34,47,50,55,62,65,69,128,130,131,132,134,135" machi="135" ten="50,9600,0" yaku="19,1,20,1,52,1" doraHai="66" who="3" fromWho="2" sc="303,0,216,0,247,-96,234,96" owari="303,10.3,216,-18.4,151,-34.9,330,43.0" /></mjloggm>