<mjloggm ver="2.3"><GO type="225" lobby="0"/><UN n0="%72%65%6E%6B%75%6E" n1="%E3%81%AD%E3%82%80%E3%81%84%40%E9%9B%80%E9%B3%B4%E4%BC%9A" n2="%E3%82%8F%E3%81%8B%E3%81%B0%2A%E3%82%AC%E3%83%BC%E3%83%AB" n3="%E3%83%96%E3%83%83%E3%83%91%E3%82%AA%E3%83%96%E3%83%81%E3%82%AD%E3%83%B3" dan="17,16,16,16" rate="2193.30,2206.74,2194.11,2108.39" sx="M,F,M,M"/><TAIKYOKU oya="0"/><INIT seed="0,0,0,1,1,106" ten="250,250,250,250" oya="0" hai0="41,33,126,37,27,83,79,103,62,12,49,86,9" hai1="76,96,112,67,20,57,3,90,19,50,29,121,59" hai2="56,69,42,32,7,99,58,82,123,131,44,73,97" hai3="14,127,119,107,15,87,1,100,109,48,129,102,6"/><T92/><D126/><U98/><E121/><V108/><F123/><W134/><G119/><T18/><D37/><U61/><E3/><V55/><F32/><W115/><G127/><T70/><D70/><U125/><E125/><V60/><F108/><W77/><G115/><T120/><D120/><U0/><E0/><V46/><F69/><W113/><G113/><T5/><D62/><U93/><E29/><V110/><F110/><W105/><G109/><T78/><D78/><U40/><E76/><V80/><F131/><W21/><G129/><T13/><D33/><U81/><E81/><N who="2" m="31339" /><F73/><W117/><G134/><T75/><D75/><U135/><E135/><V64/><F7/><W22/><G48/><T132/><D27/><U118/><E118/><V66/><F66/><W35/><G35/><T124/><D124/><U122/><E122/><V128/><F128/><W91/><G1/><T68/><D68/><U38/><E38/><V11/><F11/><W89/><G77/><T16/><D132/><U54/><E40/><V51/><F44/><W24/><G117/><T116/><D116/><U2/><E2/><V65/><F64/><W111/><G111/><T10/><D5/><U114/><REACH who="1" step="1"/><E98/><REACH who="1" ten="250,240,250,250" step="2"/><V43/><F42/><W104/><G87/><T45/><D92/><U133/><E133/><V28/><F28/><W130/><G107/><T52/><D41/><U74/><E74/><V8/><F99/><W85/><G130/><T53/><D53/><U4/><E4/><V72/><F72/><W31/><G6/><T30/><D30/><U26/><AGARI ba="0,1" hai="19,20,26,50,54,57,59,61,67,90,93,96,112,114" machi="26" ten="30,4000,0" yaku="1,1,0,1,53,1" doraHai="106" doraHaiUra="63" who="1" fromWho="1" sc="250,-20,240,50,250,-10,250,-10" /><INIT seed="1,0,0,4,0,63" ten="230,290,240,240" oya="1" hai0="52,117,114,62,20,70,18,133,49,130,116,51,125" hai1="22,35,69,113,58,107,77,1,80,27,8,86,5" hai2="128,45,57,29,79,97,75,60,47,33,24,94,26" hai3="39,16,31,98,72,78,104,127,110,90,87,120,40"/><U11/><BYE who="2" /><E69/><UN n2="%E3%82%8F%E3%81%8B%E3%81%B0%2A%E3%82%AC%E3%83%BC%E3%83%AB" /><V48/><F128/><W105/><G120/><T81/><D114/><U92/><E113/><V50/><F75/><W96/><G31/><T44/><D130/><U67/><E107/><N who="3" m="41034" /><G16/><T36/><D125/><U134/><E134/><V28/><F79/><W13/><G13/><T15/><D133/><U102/><E35/><V123/><F123/><W66/><G66/><T54/><D36/><U82/><E82/><V38/><F38/><W119/><G40/><T121/><D121/><U4/><E92/><V55/><F45/><W19/><G19/><T6/><D81/><U65/><E102/><V124/><F124/><W12/><G12/><T53/><D6/><U109/><E109/><V111/><F111/><W2/><G2/><T14/><D14/><U93/><E93/><V101/><REACH who="2" step="1"/><F47/><REACH who="2" ten="230,290,230,240" step="2"/><W126/><G39/><T106/><D106/><U9/><E1/><V115/><F115/><W32/><G110/><T112/><D112/><U17/><E58/><V30/><F30/><W43/><G72/><T56/><D70/><U7/><AGARI ba="0,1" hai="4,5,7,8,9,11,17,22,27,65,67,77,80,86" machi="7" ten="30,11700,0" yaku="0,1,8,1,52,2" doraHai="63" who="1" fromWho="1" sc="230,-39,290,127,230,-39,240,-39" /><INIT seed="1,1,0,4,2,103" ten="191,417,191,201" oya="1" hai0="53,9,40,104,135,110,126,67,129,5,51,90,49" hai1="79,20,55,10,1,114,57,23,127,117,65,48,17" hai2="21,7,11,36,42,28,45,44,69,120,46,26,62" hai3="35,16,73,14,3,132,130,58,124,37,52,133,19"/><U96/><E117/><V50/><F120/><W112/><G112/><T56/><D110/><U75/><E114/><V128/><F128/><W121/><G121/><T118/><D118/><U63/><E127/><V32/><F32/><W100/><G3/><T80/><D129/><U54/><E75/><V82/><F36/><W27/><G130/><T85/><D126/><U6/><E79/><V119/><F119/><W105/><G73/><T76/><D135/><N who="3" m="51785" /><G37/><T115/><D115/><U30/><E30/><V99/><F82/><W84/><G124/><T95/><D104/><U61/><E96/><V111/><F111/><W31/><G84/><T74/><D67/><U87/><E87/><V122/><F122/><W39/><G39/><T24/><D24/><U125/><E125/><V113/><F113/><W2/><G2/><T81/><D40/><U18/><E63/><V86/><F86/><W101/><G105/><T123/><D123/><U68/><E55/><V107/><F107/><W71/><G71/><T15/><D80/><U13/><REACH who="1" step="1"/><E18/><REACH who="1" ten="191,407,191,201" step="2"/><V93/><F62/><AGARI ba="1,1" hai="5,9,15,49,51,53,56,62,74,76,81,85,90,95" machi="62" ten="30,1000,0" yaku="7,1" doraHai="103" who="0" fromWho="2" sc="191,23,407,0,191,-13,201,0" /><INIT seed="2,0,0,5,2,131" ten="214,407,178,201" oya="2" hai0="93,1,47,81,7,21,25,90,13,61,122,27,96" hai1="2,111,57,101,110,103,126,91,86,99,87,92,28" hai2="85,106,129,94,60,42,58,125,9,15,112,108,134" hai3="40,98,48,71,0,20,65,32,11,78,105,72,54"/><V36/><F112/><W22/><G32/><T66/><D122/><U102/><E126/><V88/><F125/><W114/><G114/><T18/><D47/><U68/><E68/><V121/><F121/><W73/><G40/><T130/><D130/><U52/><E28/><V59/><F129/><W44/><G71/><T116/><D116/><U51/><REACH who="1" step="1"/><E2/><REACH who="1" ten="214,397,178,201" step="2"/><V14/><F108/><AGARI ba="0,1" hai="51,52,57,86,87,91,92,99,101,102,103,108,110,111" machi="108" ten="40,8000,1" yaku="1,1,2,1,14,1,54,1,53,0" doraHai="131" doraHaiUra="30" who="1" fromWho="2" sc="214,0,397,90,178,-80,201,0" /><INIT seed="3,0,0,2,2,43" ten="214,487,98,201" oya="3" hai0="118,19,32,121,97,102,96,48,42,123,45,79,81" hai1="14,67,53,107,87,125,62,99,92,130,33,34,56" hai2="22,49,106,93,17,30,2,26,57,0,13,65,44" hai3="129,126,85,103,110,16,27,5,10,117,108,59,116"/><W113/><G103/><T8/><D118/><N who="3" m="45673" /><G85/><T105/><D32/><U101/><E125/><V112/><F112/><W21/><G59/><T124/><D124/><U77/><E130/><V3/><F106/><W120/><G126/><T39/><D97/><U7/><E7/><V75/><F75/><W35/><G113/><T28/><D28/><U128/><E14/><V132/><F132/><W104/><G104/><T73/><D19/><U24/><E24/><V15/><F93/><W88/><G88/><T100/><D100/><U134/><E134/><V89/><F89/><W122/><G129/><T109/><D8/><U52/><E128/><V119/><F119/><W111/><G35/><T84/><D84/><U41/><E33/><V98/><F98/><W90/><G90/><T58/><D58/><U23/><E34/><V82/><F82/><W1/><AGARI ba="0,0" hai="1,5,10,16,21,27,108,110,111,120,122" m="45673" machi="1" ten="40,12000,1" yaku="14,1,10,1,34,2,54,1" doraHai="43" who="3" fromWho="3" sc="214,-40,487,-40,98,-40,201,120" /><INIT seed="3,1,0,1,0,8" ten="174,447,58,321" oya="3" hai0="51,72,134,41,19,40,62,64,35,7,56,2,86" hai1="9,110,61,111,123,104,81,67,6,59,126,82,95" hai2="122,15,131,76,115,24,99,12,68,30,52,17,18" hai3="106,36,75,93,42,54,20,45,74,21,130,100,34"/><W129/><G34/><T112/><D72/><N who="3" m="27689" /><G106/><T39/><D35/><U89/><E126/><V50/><F115/><W69/><G69/><T85/><D39/><U71/><E123/><V128/><F122/><W44/><G100/><T103/><D103/><U49/><E104/><V29/><F68/><W101/><G101/><T63/><D7/><U125/><E125/><V57/><F76/><W27/><G93/><T105/><D2/><N who="1" m="215" /><E49/><V98/><F24/><W118/><G118/><T31/><D31/><U119/><E71/><V80/><F80/><W133/><G133/><T117/><D117/><U23/><E23/><N who="3" m="8778" /><G54/><N who="0" m="31839" /><D112/><U53/><E53/><V38/><F38/><W92/><G27/><T114/><D134/><U107/><E107/><V108/><F108/><N who="1" m="41513" /><E119/><V77/><F77/><W32/><G32/><T96/><D96/><AGARI ba="1,0" hai="59,61,67,81,82,89,95,96" m="41513,215" machi="96" ten="30,1000,0" yaku="14,1" doraHai="8" who="1" fromWho="0" sc="174,-13,447,13,58,0,321,0" owari="161,-23.9,460,56.0,58,-44.2,321,12.1" /></mjloggm>