<mjloggm ver="2.3"><GO type="225" lobby="0"/><UN n0="%72%69%6F%75%63%68%61%6E" n1="%E4%BF%BA%E3%81%A8%E5%A6%96%E5%A4%A2" n2="%77%72%77%72%77%72%77%72" n3="%E3%82%A4%E3%82%AD%E3%83%AA" dan="16,16,16,16" rate="2117.10,2222.18,2108.33,2064.47" sx="M,F,M,M"/><TAIKYOKU oya="0"/><INIT seed="0,0,0,2,5,4" ten="250,250,250,250" oya="0" hai0="9,52,82,76,134,107,70,86,1,11,109,128,94" hai1="125,105,112,67,27,47,114,39,21,37,72,96,10" hai2="7,2,122,83,74,15,8,120,81,14,71,90,64" hai3="98,13,0,73,77,100,58,78,124,130,6,108,26"/><T28/><D107/><U118/><E118/><V79/><F71/><W38/><G38/><T55/><D70/><U54/><E72/><V89/><F64/><W111/><G0/><T40/><D128/><U36/><E125/><V65/><F65/><W53/><G124/><T121/><D121/><U29/><E67/><V33/><F33/><W24/><G130/><T104/><D104/><U12/><E54/><N who="0" m="20521" /><D1/><U88/><E47/><V57/><F57/><W49/><G26/><T131/><D131/><U119/><E119/><V66/><F66/><W3/><G24/><T69/><D69/><U34/><E34/><V116/><F116/><W35/><G35/><T68/><D68/><U85/><E96/><V48/><F48/><W30/><G30/><T99/><D134/><U106/><E106/><V44/><F44/><W126/><G3/><T43/><D28/><U45/><E45/><V63/><F63/><W62/><G62/><T93/><D109/><N who="3" m="42057" /><G73/><T80/><D80/><U75/><E105/><V129/><F129/><W87/><G126/><T41/><D94/><U5/><REACH who="1" step="1"/><E75/><REACH who="1" ten="250,240,250,250" step="2"/><V61/><F122/><W46/><G46/><T18/><D18/><U50/><E50/><V22/><F120/><W132/><G49/><T19/><D19/><U84/><E84/><N who="2" m="50319" /><F61/><N who="3" m="36047" /><G87/><T92/><D92/><AGARI ba="0,1" hai="5,10,12,21,27,29,36,37,39,85,88,92,112,114" machi="92" ten="40,5200,0" yaku="1,1,52,1,54,1,53,0" doraHai="4" doraHaiUra="51" who="1" fromWho="0" sc="250,-52,240,62,250,0,250,0" /><INIT seed="1,0,0,1,4,112" ten="198,302,250,250" oya="1" hai0="37,13,34,23,84,115,48,123,82,42,4,72,41" hai1="21,126,7,22,12,116,16,133,64,8,89,101,86" hai2="119,105,90,60,43,67,131,63,130,75,118,57,110" hai3="109,20,33,49,73,29,93,76,36,79,53,127,124"/><U122/><E122/><V56/><F105/><W65/><G36/><T46/><D115/><U3/><E133/><V58/><F75/><W95/><G33/><T19/><D123/><U96/><E126/><N who="3" m="48170" /><G109/><T32/><D72/><U87/><E64/><N who="2" m="38919" /><F90/><W66/><G29/><T61/><D4/><U5/><E5/><V50/><F110/><W128/><G128/><N who="2" m="49193" /><F43/><W70/><G20/><T30/><D30/><U27/><E89/><V104/><F104/><W106/><G106/><T111/><D111/><U39/><E39/><V59/><F50/><W78/><G73/><T18/><D61/><U85/><E96/><V114/><F114/><W132/><G132/><T74/><D74/><U129/><E101/><V47/><F47/><N who="3" m="27839" /><G70/><AGARI ba="0,0" hai="57,58,59,63,67,70,118,119" m="49193,38919" machi="70" ten="30,8000,1" yaku="19,1,34,2,52,2" doraHai="112" who="2" fromWho="3" sc="198,0,302,0,250,80,250,-80" /><INIT seed="2,0,0,4,2,53" ten="198,302,330,170" oya="2" hai0="92,131,98,118,132,128,105,42,117,112,76,33,6" hai1="20,75,12,127,4,13,19,113,120,107,111,77,52" hai2="61,100,21,22,91,102,106,133,25,40,56,5,90" hai3="114,122,87,39,72,135,70,2,94,81,123,79,86"/><V121/><F121/><N who="3" m="46091" /><G39/><T95/><D33/><U16/><E120/><V83/><F133/><W9/><G9/><T28/><D28/><U65/><E113/><V93/><F106/><W101/><G70/><T51/><D6/><U59/><E107/><V130/><F130/><N who="0" m="49706" /><D112/><U38/><E38/><V47/><F5/><W17/><G17/><T57/><D132/><U50/><E111/><V97/><F21/><W32/><G2/><T103/><D76/><U109/><E109/><V116/><F116/><N who="0" m="44650" /><D42/><U41/><E127/><V74/><F74/><W43/><G43/><T26/><D26/><U104/><E104/><V124/><F124/><W68/><G68/><T80/><D80/><U69/><E41/><V134/><F134/><W64/><G32/><T7/><D7/><U119/><E119/><V45/><F90/><N who="3" m="53591" /><G135/><T23/><D23/><U115/><E115/><V30/><F83/><W36/><G114/><T96/><D98/><U62/><E4/><V49/><REACH who="2" step="1"/><F45/><REACH who="2" ten="198,302,320,170" step="2"/><W85/><G36/><T15/><D15/><U129/><E129/><V88/><F88/><W29/><G81/><T44/><D44/><U1/><E1/><V55/><AGARI ba="0,1" hai="22,25,30,40,47,49,55,56,61,91,93,97,100,102" machi="55" ten="20,18000,2" yaku="1,1,0,1,7,1,8,1,52,1,53,1" doraHai="53" doraHaiUra="18" who="2" fromWho="2" sc="198,-60,302,-60,320,190,170,-60" /><INIT seed="2,1,0,5,0,130" ten="138,242,510,110" oya="2" hai0="53,18,57,58,84,109,43,128,8,12,127,135,55" hai1="120,39,0,99,82,49,34,86,35,65,10,63,45" hai2="125,112,38,81,108,54,77,44,48,83,13,134,69" hai3="20,76,28,27,79,121,66,106,11,89,1,103,51"/><V14/><F112/><W101/><G121/><T105/><D135/><U5/><E39/><V33/><F134/><W75/><G66/><T6/><D109/><U122/><E99/><V32/><F69/><W61/><G61/><T15/><D128/><U9/><E9/><V68/><F68/><W94/><G106/><T70/><D127/><U111/><E111/><V52/><F38/><W50/><G1/><T102/><D70/><U113/><E113/><V60/><F108/><W98/><G11/><T78/><D43/><U73/><E73/><V129/><F129/><W37/><G37/><T47/><D102/><U80/><E63/><V107/><F107/><W91/><G91/><T116/><D105/><U90/><E80/><V31/><F125/><W29/><G29/><T115/><D116/><U64/><E64/><V74/><F83/><W59/><G75/><T24/><D24/><U30/><E65/><V22/><F33/><W118/><G118/><T40/><D115/><U67/><E67/><V71/><F32/><W100/><REACH who="3" step="1"/><G59/><REACH who="3" ten="138,242,510,100" step="2"/><N who="0" m="22539" /><D78/><AGARI ba="1,1" hai="20,27,28,50,51,76,78,79,89,94,98,100,101,103" machi="78" ten="40,2600,0" yaku="1,1,8,1,53,0" doraHai="130" doraHaiUra="3" who="3" fromWho="0" sc="138,-29,242,0,510,0,100,39" /><INIT seed="3,0,0,5,3,105" ten="109,242,510,139" oya="3" hai0="38,98,68,84,16,32,104,132,2,81,10,51,90" hai1="83,17,62,80,13,77,46,55,18,37,102,110,88" hai2="89,95,92,79,43,61,14,124,114,34,40,135,24" hai3="69,5,121,94,60,6,85,72,101,44,128,33,126"/><W31/><G121/><T87/><D38/><U82/><E110/><V113/><F79/><W96/><G72/><T56/><D68/><U106/><E37/><V125/><F135/><W67/><G128/><T75/><D32/><U29/><E29/><N who="2" m="19751" /><F61/><W130/><G130/><T109/><D109/><U25/><E25/><V122/><F14/><W134/><G126/><N who="2" m="48745" /><F95/><W76/><G134/><T23/><D132/><U107/><E77/><V15/><F15/><W133/><G133/><T53/><D2/><U116/><E116/><V42/><F122/><W117/><G117/><T78/><D10/><U11/><E46/><V45/><F45/><W70/><G70/><T35/><D35/><U26/><E102/><V127/><F127/><W86/><G44/><T50/><D50/><U129/><E55/><V0/><F0/><W49/><G49/><T57/><D56/><U22/><E17/><V73/><F73/><W100/><G100/><T93/><REACH who="0" step="1"/><D104/><REACH who="0" ten="99,242,510,139" step="2"/><U64/><E107/><V65/><F65/><W30/><G33/><T54/><D54/><U19/><E106/><V28/><F28/><N who="3" m="10795" /><G86/><AGARI ba="0,1" hai="40,42,43,86,89,92,113,114" m="48745,19751" machi="86" ten="30,1000,0" yaku="18,1" doraHai="105" who="2" fromWho="3" sc="99,0,242,0,510,20,139,-10" owari="99,-40.1,242,4.2,530,63.0,129,-27.1" /></mjloggm>