<mjloggm ver="2.3"><GO type="225" lobby="0"/><UN n0="%E3%81%AF%E3%82%88%E3%81%8A%E3%81%98%E3%81%95%E3%82%93" n1="%E7%99%BD%E9%9B%AA%E4%B9%83%E6%84%9B" n2="%E6%81%A5%E6%99%92%E3%81%97" n3="%4C%4F%4C%49%54%41" dan="17,16,16,16" rate="2156.91,2049.41,2117.48,2106.29" sx="M,F,M,F"/><TAIKYOKU oya="0"/><INIT seed="0,0,0,5,4,12" ten="250,250,250,250" oya="0" hai0="82,28,14,130,49,71,77,54,80,42,89,47,61" hai1="0,2,75,7,100,34,114,67,63,133,90,41,104" hai2="64,69,85,55,125,127,16,5,37,121,120,43,11" hai3="13,39,87,128,44,62,116,56,20,33,132,6,15"/><T66/><D130/><U31/><E75/><V18/><F55/><W93/><G33/><T32/><D89/><U72/><E72/><V118/><F118/><W102/><G116/><T74/><D82/><U92/><E133/><V98/><F85/><W22/><G132/><T119/><D119/><U135/><E135/><V88/><F37/><W57/><G128/><T76/><D76/><U115/><E41/><V1/><F43/><W19/><G39/><T4/><D32/><U27/><E92/><N who="2" m="56583" /><F69/><W9/><G44/><T26/><D54/><U70/><E90/><V123/><F64/><N who="3" m="38983" /><G57/><T8/><D26/><U122/><E122/><V29/><F29/><W103/><G22/><T36/><D28/><U83/><E83/><V48/><F48/><W40/><G40/><T86/><D74/><U113/><REACH who="1" step="1"/><E7/><REACH who="1" ten="250,240,250,250" step="2"/><V53/><F53/><W129/><G129/><T97/><D36/><U35/><E35/><V126/><AGARI ba="0,1" hai="1,5,11,16,18,120,121,123,125,126,127" m="56583" machi="126" ten="40,8000,1" yaku="18,1,52,2,54,2" doraHai="12" who="2" fromWho="2" sc="250,-40,240,-20,250,90,250,-20" /><INIT seed="1,0,0,3,2,66" ten="210,220,340,230" oya="1" hai0="44,115,83,121,45,112,0,11,129,47,50,77,127" hai1="5,85,2,106,7,32,3,42,14,89,53,98,101" hai2="21,133,61,40,71,128,90,57,22,46,10,86,94" hai3="126,135,1,113,72,54,123,9,96,16,110,69,62"/><U33/><E42/><V65/><F128/><W76/><G123/><T26/><D129/><U107/><E107/><V23/><F133/><W75/><G113/><T103/><D121/><U30/><E53/><V91/><F10/><W63/><G135/><T73/><D127/><U29/><E14/><V4/><F4/><W19/><G126/><T100/><D50/><U13/><E13/><V38/><REACH who="2" step="1"/><F91/><REACH who="2" ten="210,220,330,230" step="2"/><W56/><G9/><T27/><D112/><U15/><E5/><V125/><F125/><W105/><G1/><T104/><D115/><U58/><E3/><V52/><F52/><W122/><G54/><T130/><D130/><U118/><E2/><V119/><F119/><W31/><G122/><T35/><D11/><U60/><E118/><V64/><F64/><W131/><G131/><T88/><D0/><U70/><E7/><V116/><F116/><W39/><G110/><T92/><D104/><U81/><E106/><V74/><F74/><W82/><G72/><T18/><D35/><U120/><E32/><V108/><F108/><W95/><G105/><T12/><D100/><U37/><E101/><V117/><F117/><W79/><G75/><T93/><D103/><U102/><E102/><V97/><F97/><W67/><G96/><T51/><D88/><U55/><E89/><V28/><F28/><W41/><G31/><T68/><D73/><U49/><E33/><V99/><F99/><W84/><G67/><T132/><D132/><U59/><E98/><V124/><F124/><W36/><G79/><T78/><D77/><N who="1" m="46255" /><E30/><V25/><F25/><N who="0" m="9226" /><D78/><U6/><E29/><RYUUKYOKU ba="0,1" sc="210,-10,220,-10,330,30,230,-10" hai2="21,22,23,38,40,46,57,61,65,71,86,90,94" /><INIT seed="2,1,1,0,5,3" ten="200,210,360,220" oya="2" hai0="129,117,118,36,108,29,95,20,14,84,96,61,124" hai1="72,133,60,86,98,45,134,77,81,131,21,116,11" hai2="9,121,90,110,88,58,26,85,34,47,120,87,128" hai3="18,68,5,15,7,76,105,19,24,100,89,94,56"/><V135/><F135/><N who="1" m="51721" /><E116/><N who="0" m="44649" /><D36/><U91/><E131/><V102/><F102/><W73/><G68/><T17/><D129/><U114/><E114/><V54/><F47/><W52/><G105/><T123/><D123/><U64/><E21/><V42/><F42/><W59/><G100/><N who="0" m="60447" /><D108/><U16/><E45/><V8/><F34/><W67/><G76/><T0/><D0/><U111/><E98/><V46/><F46/><W57/><G73/><T49/><D124/><U66/><E60/><V38/><F38/><W93/><G93/><T107/><D107/><U125/><E125/><V28/><F110/><W31/><G67/><T40/><D49/><U99/><E99/><V65/><F128/><W104/><G104/><T80/><D61/><U97/><E97/><V53/><F120/><W22/><G52/><N who="2" m="20073" /><F58/><W23/><G31/><T27/><D40/><U35/><E35/><V37/><F37/><W1/><G1/><T119/><N who="0" m="44657" /><T75/><DORA hai="130" /><D75/><U62/><E62/><V48/><F48/><W79/><G57/><T32/><D32/><U43/><E43/><V127/><F121/><W109/><G59/><T30/><D27/><U71/><E71/><V106/><F26/><W50/><G109/><T92/><D92/><N who="1" m="54391" /><E111/><V69/><F69/><W33/><G33/><T132/><D132/><U39/><E39/><V74/><F127/><W6/><G56/><T51/><D51/><U13/><AGARI ba="1,1" hai="11,13,16,64,66,72,77,81" m="54391,51721" machi="13" ten="30,8000,1" yaku="20,1,52,3,54,1" doraHai="3,130" who="1" fromWho="1" sc="200,-21,210,93,360,-41,220,-21" /><INIT seed="3,0,0,2,4,52" ten="179,303,319,199" oya="3" hai0="86,67,69,17,83,9,120,130,63,134,108,2,87" hai1="16,78,60,36,125,5,21,40,45,71,44,101,126" hai2="39,72,26,73,56,57,89,127,75,54,47,91,49" hai3="31,18,117,3,102,114,131,79,28,25,29,128,88"/><W43/><G114/><T0/><D120/><U13/><E78/><V122/><F122/><W62/><G117/><T94/><D108/><U41/><E101/><V42/><F127/><N who="1" m="48649" /><E5/><V38/><F38/><W58/><G3/><T123/><D123/><U118/><E118/><V76/><F76/><W111/><G79/><T46/><D130/><N who="3" m="49705" /><G102/><T22/><D134/><U85/><E85/><V112/><F112/><W23/><G43/><N who="1" m="16458" /><E36/><V82/><F82/><W19/><G111/><T124/><D46/><U33/><E33/><V104/><F104/><W133/><G133/><T34/><D34/><U53/><E53/><V10/><F57/><W93/><G19/><T6/><D124/><U96/><E96/><V55/><F55/><N who="3" m="34143" /><G29/><T121/><D121/><U50/><E50/><V48/><F39/><W97/><AGARI ba="0,0" hai="18,23,25,28,31,88,93,97" m="34143,49705" machi="97" ten="30,11700,0" yaku="25,1,19,1,52,1,54,1" doraHai="52" who="3" fromWho="3" sc="179,-39,303,-39,319,-39,199,117" owari="140,-36.0,264,-13.6,280,8.0,316,41.6" /></mjloggm>