<mjloggm ver="2.3"><GO type="225" lobby="0"/><UN n0="%E3%81%AF%E3%82%88%E3%81%8A%E3%81%98%E3%81%95%E3%82%93" n1="%4D%2E%61%72%74%65%74%61" n2="%77%72%77%72%77%72%77%72" n3="%E3%81%8A%E3%81%AB%E3%82%83%E3%81%8A%E3%81%A1%E3%82%83" dan="17,16,16,16" rate="2220.96,2193.64,2107.31,2087.48" sx="M,M,M,M"/><TAIKYOKU oya="0"/><INIT seed="0,0,0,5,1,87" ten="250,250,250,250" oya="0" hai0="122,113,31,35,90,37,107,108,14,60,109,61,103" hai1="63,62,48,25,72,21,92,56,96,119,42,97,106" hai2="100,105,130,128,5,129,38,53,88,102,104,17,132" hai3="123,83,50,23,134,111,30,43,126,135,65,116,59"/><T69/><D37/><U66/><E72/><V28/><F38/><W74/><G116/><T46/><D113/><U79/><E119/><V95/><F5/><W78/><G111/><N who="0" m="42571" /><D122/><U70/><E79/><V20/><F28/><W9/><G123/><T36/><D14/><U94/><E106/><N who="2" m="41067" /><F53/><W4/><G126/><T114/><D114/><U26/><E42/><V117/><F117/><W58/><G65/><N who="0" m="41127" /><D61/><U84/><E48/><V124/><F124/><W24/><G43/><N who="0" m="22887" /><D90/><U57/><E63/><V101/><F132/><N who="3" m="50731" /><G50/><T54/><D54/><U45/><E62/><V0/><F0/><AGARI ba="0,0" hai="0,4,9,23,24,30,58,59,74,78,83" m="50731" machi="0" ten="30,1000,0" yaku="20,1" doraHai="87" who="3" fromWho="2" sc="250,0,250,0,250,-10,250,10" /><INIT seed="1,0,0,2,0,18" ten="250,250,240,260" oya="1" hai0="122,57,85,54,31,107,20,10,74,132,3,23,91" hai1="77,116,21,125,34,112,75,86,115,69,43,123,114" hai2="89,109,71,76,93,104,102,64,80,60,119,30,127" hai3="105,100,27,16,110,37,53,81,48,13,134,124,26"/><U111/><E34/><V29/><F119/><W113/><G37/><T11/><D74/><U35/><E35/><V24/><F109/><W97/><G110/><T41/><D107/><U106/><E111/><V72/><F127/><W55/><G124/><T58/><D3/><U40/><E125/><V50/><F50/><W4/><G113/><T121/><D41/><U15/><E116/><V98/><REACH who="2" step="1"/><F24/><REACH who="2" ten="250,250,230,260" step="2"/><W94/><G27/><T129/><D121/><U7/><E123/><V62/><F62/><W84/><G26/><T79/><D122/><U73/><E114/><V22/><F22/><N who="3" m="11535" /><G134/><T78/><D132/><U133/><E133/><V47/><F47/><W95/><G105/><T101/><D23/><U117/><E117/><V52/><F52/><N who="3" m="20043" /><G48/><T56/><D54/><U5/><E106/><V90/><F90/><N who="3" m="51471" /><G95/><T128/><D20/><U99/><E115/><V70/><F70/><W65/><G65/><T49/><D49/><U19/><E69/><V33/><F33/><W51/><G51/><T39/><D39/><U61/><E112/><V131/><F131/><W8/><G8/><T68/><D68/><U67/><E67/><V120/><F120/><W9/><G9/><T6/><D10/><U0/><E61/><V63/><F63/><W42/><G42/><T25/><D128/><U1/><E43/><V59/><F59/><W92/><G92/><N who="0" m="54383" /><D129/><U2/><E40/><V135/><F135/><W17/><G94/><T28/><D25/><U87/><E21/><V14/><F14/><W32/><G32/><T103/><D11/><U38/><E15/><V88/><F88/><RYUUKYOKU ba="0,1" sc="250,-10,250,-10,230,30,260,-10" hai2="29,30,60,64,71,72,76,80,89,93,98,102,104" /><INIT seed="2,1,1,4,1,112" ten="240,240,260,250" oya="2" hai0="135,54,71,41,101,36,17,85,56,47,92,79,134" hai1="12,62,72,128,16,53,68,60,78,108,7,30,18" hai2="94,28,127,117,105,119,24,57,38,84,63,111,88" hai3="2,51,69,61,81,39,33,131,133,48,89,76,1"/><V126/><F38/><W58/><G39/><T44/><D71/><U20/><E108/><V13/><F105/><W64/><G33/><T27/><D47/><U118/><E118/><V15/><F15/><W110/><G110/><T125/><D125/><N who="2" m="47626" /><F13/><W49/><G133/><T65/><D65/><U77/><E128/><V109/><F109/><W46/><G131/><T73/><D73/><U99/><E7/><V31/><F111/><W25/><G25/><T26/><D79/><N who="1" m="30219" /><E68/><V74/><F74/><W19/><G19/><T124/><D124/><U29/><E72/><V107/><F107/><W50/><G89/><N who="0" m="53295" /><D17/><U35/><E35/><N who="2" m="20871" /><F31/><N who="1" m="11785" /><E18/><V10/><F10/><W116/><G116/><T115/><D101/><U37/><E37/><V80/><F80/><W98/><G98/><T6/><D6/><U103/><E53/><AGARI ba="1,1" hai="53,57,63,84,88,94,117,119" m="20871,47626" machi="53" ten="30,11600,0" yaku="18,1,52,2,54,1" doraHai="112" who="2" fromWho="1" sc="240,0,240,-119,260,129,250,0" /><INIT seed="2,2,0,1,5,37" ten="240,121,389,250" oya="2" hai0="119,84,29,10,54,40,75,87,95,114,121,90,53" hai1="123,83,24,72,128,74,100,71,89,76,130,105,36" hai2="112,59,21,106,58,28,117,113,107,6,63,26,56" hai3="27,102,65,104,118,132,25,67,86,14,131,18,135"/><V127/><F117/><W35/><G118/><T41/><D121/><U19/><E71/><V122/><F122/><W15/><G131/><N who="1" m="50218" /><E36/><V0/><F127/><W34/><G104/><T92/><D114/><U62/><E62/><V33/><F33/><W77/><G102/><T88/><D75/><N who="1" m="43423" /><E24/><V80/><F107/><W39/><G39/><T111/><D119/><U110/><E19/><V5/><F106/><W103/><G103/><T12/><D111/><U22/><E22/><V70/><F70/><W115/><G86/><T30/><D12/><U46/><E46/><V8/><F5/><W78/><REACH who="3" step="1"/><G18/><REACH who="3" ten="240,121,389,240" step="2"/><T96/><D96/><N who="1" m="61575" /><E123/><V50/><F113/><AGARI ba="2,1" hai="14,15,25,27,34,35,65,67,77,78,113,115,132,135" machi="113" ten="25,3200,0" yaku="1,1,22,2,53,0" doraHai="37" doraHaiUra="45" who="3" fromWho="2" sc="240,0,121,0,389,-38,240,48" /><INIT seed="3,0,0,1,5,135" ten="240,121,351,288" oya="3" hai0="113,12,15,93,86,49,58,10,46,63,79,13,133" hai1="52,82,39,35,31,67,61,97,71,47,29,17,87" hai2="127,66,68,117,75,121,99,109,122,64,131,34,51" hai3="2,98,32,95,33,7,105,22,20,62,14,30,107"/><W89/><G2/><T120/><D120/><N who="2" m="46186" /><F109/><W134/><G134/><T53/><D113/><U112/><E112/><V96/><F127/><W110/><G110/><T6/><D133/><U43/><E35/><V123/><F131/><W4/><G32/><T84/><D93/><U45/><E97/><V50/><F123/><W94/><G33/><T115/><D115/><U44/><E17/><V21/><F34/><W76/><G76/><T11/><D79/><U24/><E31/><V104/><F75/><W25/><G107/><T38/><D38/><U56/><E24/><V114/><F117/><W18/><G105/><T9/><REACH who="0" step="1"/><D6/><REACH who="0" ten="230,121,351,288" step="2"/><U60/><REACH who="1" step="1"/><E29/><REACH who="1" ten="230,111,351,288" step="2"/><V0/><F114/><W119/><G119/><T130/><D130/><U16/><E16/><V1/><F104/><W85/><G4/><T92/><D92/><U88/><AGARI ba="0,2" hai="39,43,44,45,47,52,56,60,61,67,71,82,87,88" machi="88" ten="20,8000,1" yaku="1,1,0,1,7,1,54,2,53,0" doraHai="135" doraHaiUra="128" who="1" fromWho="1" sc="230,-20,111,100,351,-20,288,-40" owari="210,-29.0,211,-18.9,331,43.1,248,4.8" /></mjloggm>