<mjloggm ver="2.3"><GO type="225" lobby="0"/><UN n0="%E3%83%96%E3%83%83%E3%83%91%E3%82%AA%E3%83%96%E3%83%81%E3%82%AD%E3%83%B3" n1="%E7%99%BD%E9%9B%AA%E4%B9%83%E6%84%9B" n2="%E3%83%81%E3%83%83%E3%82%BF%E3%82%BD%E3%83%BC" n3="%E3%83%A9%E3%82%B9%E7%8E%87%EF%BC%93%E5%89%B2" dan="16,16,16,17" rate="2176.14,2022.97,2111.25,2206.02" sx="M,F,F,F"/><TAIKYOKU oya="0"/><INIT seed="0,0,0,0,4,127" ten="250,250,250,250" oya="0" hai0="9,15,39,73,51,26,35,69,64,134,83,50,128" hai1="126,100,38,49,6,17,33,132,16,112,91,42,89" hai2="78,44,117,68,111,2,1,75,98,0,90,3,123" hai3="113,87,8,82,65,47,62,99,96,40,45,29,43"/><T116/><D116/><U94/><E38/><V4/><F111/><W67/><G113/><T10/><D39/><U34/><E126/><V129/><F117/><W56/><G29/><T66/><D134/><U135/><E6/><V46/><F129/><W24/><G24/><T95/><D69/><U22/><E112/><V36/><F68/><W107/><G65/><N who="0" m="25195" /><D73/><U37/><E37/><V74/><F123/><W122/><G8/><N who="0" m="3179" /><D35/><U57/><E100/><V60/><F4/><W28/><G28/><T124/><D26/><U109/><E109/><V84/><F60/><W108/><G107/><T41/><D124/><U53/><E42/><N who="3" m="15914" /><G122/><T86/><D128/><U11/><E34/><V52/><F36/><W92/><G108/><T30/><D30/><U121/><E33/><V21/><F0/><W93/><G93/><T55/><D41/><U61/><E121/><V119/><F119/><W79/><G99/><T5/><D95/><U54/><E94/><V58/><F98/><W77/><G77/><N who="0" m="46447" /><D55/><U115/><E115/><V103/><F78/><W130/><G130/><T110/><D110/><U97/><E97/><V48/><F103/><AGARI ba="0,0" hai="45,47,56,62,67,79,82,87,92,96,103" m="15914" machi="103" ten="30,1000,0" yaku="8,1" doraHai="127" who="3" fromWho="2" sc="250,0,250,0,250,-10,250,10" /><INIT seed="1,0,0,5,2,104" ten="250,250,240,260" oya="1" hai0="117,89,36,103,32,65,48,64,91,135,99,85,124" hai1="95,58,70,62,111,28,63,69,116,71,35,2,78" hai2="46,130,132,90,21,84,34,40,129,57,14,10,107" hai3="97,98,38,80,51,31,108,122,74,128,114,123,125"/><U26/><E116/><V0/><F107/><W109/><G38/><T29/><D36/><U22/><E2/><V12/><F132/><W6/><G31/><T105/><D117/><U121/><E121/><N who="3" m="46090" /><G51/><T77/><D135/><U126/><E126/><V72/><F34/><W44/><G44/><T59/><D124/><U3/><E3/><V81/><F57/><W45/><G45/><T8/><D32/><U37/><E37/><V11/><F0/><W133/><G6/><T30/><D8/><U25/><E111/><N who="3" m="42570" /><G125/><T134/><D134/><U60/><E78/><V115/><F115/><W15/><G15/><T88/><D30/><U110/><E110/><V27/><F12/><W100/><G133/><T56/><D29/><U42/><E95/><V75/><F21/><W52/><G52/><T120/><D120/><U23/><E42/><V50/><F27/><W86/><G128/><N who="2" m="49257" /><F10/><W66/><G66/><T20/><D20/><U9/><E9/><V19/><AGARI ba="0,0" hai="11,14,19,40,46,50,72,75,81,84,90" m="49257" machi="19" ten="30,4000,0" yaku="19,1,52,2" doraHai="104" who="2" fromWho="2" sc="250,-10,250,-20,240,40,260,-10" /><INIT seed="2,0,0,5,1,62" ten="240,230,280,250" oya="2" hai0="50,35,134,52,66,131,78,64,96,104,32,54,18" hai1="10,3,115,6,34,44,117,124,108,97,125,83,123" hai2="68,128,92,25,99,29,74,112,59,19,100,70,48" hai3="81,120,47,103,72,77,53,119,31,28,16,60,126"/><V84/><F128/><W9/><G120/><T95/><D104/><U38/><E115/><V22/><F112/><W130/><G119/><T118/><D131/><U87/><E117/><V33/><F74/><W71/><G126/><N who="1" m="48746" /><E34/><V133/><F133/><W61/><G61/><T11/><D118/><U23/><E108/><V101/><F101/><W69/><G130/><T26/><D134/><U135/><E135/><V82/><F59/><W56/><G103/><N who="0" m="60831" /><D35/><U42/><E97/><V4/><F48/><W102/><G102/><T40/><D32/><U89/><E23/><V129/><F4/><W57/><G47/><N who="0" m="25959" /><D78/><U21/><E21/><V105/><F105/><W94/><G77/><T75/><D75/><U41/><E41/><V36/><F36/><W14/><G72/><T46/><D46/><U127/><N who="1" m="48754" /><U58/><DORA hai="15" /><E58/><V106/><F106/><W93/><G57/><T0/><D0/><U91/><E91/><V114/><F129/><W49/><G69/><T27/><D27/><U80/><E123/><V43/><F43/><W30/><G71/><T90/><D90/><U109/><E109/><V55/><F114/><W88/><G49/><T116/><D116/><U5/><E5/><V17/><F70/><W122/><G122/><T24/><D24/><U2/><E2/><V121/><F68/><W37/><G37/><T39/><D39/><U45/><E45/><V67/><F121/><W107/><G107/><T7/><D7/><U113/><E113/><V1/><F100/><W86/><AGARI ba="0,0" hai="9,14,16,28,30,31,53,56,60,81,86,88,93,94" machi="86" ten="30,8000,1" yaku="0,1,8,1,52,1,54,2" doraHai="62,15" who="3" fromWho="3" sc="240,-20,230,-20,280,-40,250,80" /><INIT seed="3,0,0,3,5,88" ten="220,210,240,330" oya="3" hai0="74,26,129,63,108,123,19,52,1,86,28,105,124" hai1="93,126,33,47,27,130,133,59,103,99,42,56,18" hai2="20,7,76,67,101,17,37,78,12,75,102,104,41" hai3="46,57,45,115,91,119,50,112,84,69,73,0,11"/><W80/><G119/><T110/><D123/><U14/><E133/><V49/><F37/><W44/><G69/><T70/><D74/><U34/><E130/><V77/><F75/><W87/><G73/><T107/><D129/><U114/><E114/><V35/><F35/><W32/><G32/><N who="0" m="20503" /><D1/><U4/><E126/><V134/><F134/><W62/><G0/><T24/><D124/><U55/><E4/><V95/><F104/><W16/><G87/><T13/><D24/><U117/><E117/><V100/><F67/><N who="3" m="39375" /><G115/><T23/><D86/><U81/><E81/><V30/><F30/><W38/><G38/><T15/><D15/><U36/><E27/><V106/><F106/><W40/><G112/><T9/><D9/><U43/><E43/><V58/><F7/><W92/><G80/><T122/><D122/><U53/><E59/><V2/><F2/><W51/><G40/><T83/><D83/><U64/><E55/><N who="2" m="32111" /><F41/><W8/><G8/><T65/><D52/><U29/><E29/><V127/><F127/><W89/><G89/><T111/><AGARI ba="0,0" hai="13,19,23,63,65,70,105,107,108,110,111" m="20503" machi="111" ten="30,1100,0" yaku="14,1" doraHai="88" who="0" fromWho="0" sc="220,11,210,-3,240,-3,330,-5" owari="231,-16.9,207,-29.3,237,3.7,325,42.5" /></mjloggm>