<mjloggm ver="2.3"><GO type="225" lobby="0"/><UN n0="%E3%81%BF%E3%81%BF%E3%81%9A" n1="%E3%81%95%E3%81%8D%E3%81%9F%E3%81%BE%E6%9E%97%E6%AA%8E" n2="%E3%83%81%E3%83%83%E3%82%BF%E3%82%BD%E3%83%BC" n3="%E3%83%96%E3%83%83%E3%83%91%E3%82%AA%E3%83%96%E3%83%81%E3%82%AD%E3%83%B3" dan="17,16,16,17" rate="2230.14,2139.75,2185.94,2160.65" sx="M,M,F,M"/><TAIKYOKU oya="0"/><INIT seed="0,0,0,5,2,81" ten="250,250,250,250" oya="0" hai0="46,31,24,111,93,105,53,132,129,56,64,79,12" hai1="52,63,102,77,117,108,76,2,6,65,30,74,78" hai2="21,14,32,40,26,90,28,0,16,134,8,1,100" hai3="73,80,98,20,107,39,38,115,120,97,66,61,109"/><T116/><D105/><U44/><E117/><V118/><F100/><W9/><G115/><T69/><D116/><U119/><E119/><V85/><F118/><W83/><G109/><T87/><D111/><U34/><E108/><V18/><F134/><W84/><G120/><T43/><D132/><U68/><E102/><V62/><F40/><W11/><G107/><T135/><D135/><U22/><E34/><V29/><F62/><W101/><G73/><T42/><D129/><U124/><E124/><V96/><F96/><W92/><G20/><T126/><D126/><U37/><E30/><V45/><F45/><W57/><G98/><T122/><D122/><U67/><E67/><V72/><F72/><W25/><G80/><T13/><D64/><U50/><E22/><V103/><F103/><W70/><G25/><T121/><D69/><U47/><E74/><V133/><F133/><W104/><G104/><T19/><D121/><U106/><E106/><V127/><F127/><W5/><G70/><T82/><D93/><U88/><E88/><V99/><F99/><W35/><G35/><T17/><D31/><U15/><E2/><V89/><F89/><N who="3" m="51359" /><G11/><N who="0" m="6303" /><D24/><U94/><E94/><V128/><F128/><W59/><G59/><T75/><D75/><U125/><E125/><V110/><F110/><W7/><G9/><N who="0" m="6575" /><D46/><N who="1" m="27735" /><E37/><V36/><F36/><W86/><G86/><T55/><D56/><U54/><E54/><AGARI ba="0,0" hai="42,43,53,54,55,79,82,87" m="6575,6303" machi="54" ten="30,2900,0" yaku="8,1,52,1" doraHai="81" who="0" fromWho="1" sc="250,29,250,-29,250,0,250,0" /><INIT seed="0,1,0,4,1,33" ten="279,221,250,250" oya="0" hai0="111,85,39,41,45,16,5,7,19,25,32,67,65" hai1="86,6,91,71,27,118,47,63,38,72,99,100,80" hai2="46,126,134,58,107,50,2,115,57,68,21,55,48" hai3="42,40,22,128,114,98,53,52,11,4,84,78,74"/><T97/><D97/><U15/><E118/><V12/><F107/><W29/><G114/><T110/><D85/><U69/><E72/><V82/><F115/><W102/><G74/><T127/><D127/><U23/><E38/><V101/><F68/><W8/><G128/><T89/><D89/><U109/><E109/><N who="0" m="41481" /><D32/><U90/><E90/><V104/><F126/><W92/><G78/><T10/><D5/><U83/><E83/><V31/><F134/><W51/><G84/><T70/><D25/><U13/><E47/><V66/><F2/><W77/><G77/><T133/><D133/><U18/><E63/><N who="2" m="38255" /><F104/><W103/><G103/><T132/><D132/><U64/><E64/><N who="0" m="24649" /><D70/><U76/><E71/><V87/><F101/><W36/><G102/><T1/><AGARI ba="1,0" hai="1,7,10,16,19,39,41,45" m="24649,41481" machi="1" ten="30,11700,0" yaku="14,1,10,1,52,1,54,1" doraHai="33" who="0" fromWho="0" sc="279,120,221,-40,250,-40,250,-40" /><INIT seed="0,2,0,3,1,105" ten="399,181,210,210" oya="0" hai0="124,86,3,104,81,9,128,80,29,119,66,18,35" hai1="115,112,108,33,121,127,100,43,65,59,23,74,0" hai2="21,116,103,120,56,110,73,129,68,67,71,101,16" hai3="47,88,55,45,77,135,109,28,126,30,39,87,24"/><T78/><D119/><U95/><E33/><V93/><F120/><W37/><G109/><T90/><D104/><U98/><E108/><V44/><F110/><W2/><G2/><T130/><D124/><U11/><E121/><V132/><F129/><N who="0" m="49770" /><D66/><U51/><E127/><V53/><F73/><W26/><G126/><T133/><D133/><U94/><E65/><V54/><F68/><W113/><G113/><N who="1" m="43594" /><E23/><V62/><F132/><W82/><G135/><T75/><D18/><U20/><E20/><V13/><F116/><W63/><G39/><T7/><D29/><N who="3" m="11369" /><G37/><T32/><AGARI ba="2,0" hai="3,7,9,32,35,75,78,80,81,86,90" m="49770" machi="32" ten="30,3000,0" yaku="19,1,52,1" doraHai="105" who="0" fromWho="0" sc="399,36,181,-12,210,-12,210,-12" /><INIT seed="0,3,0,3,5,6" ten="435,169,198,198" oya="0" hai0="98,34,114,4,95,121,77,13,129,3,39,36,83" hai1="100,122,123,68,135,91,30,11,7,57,82,48,69" hai2="117,110,50,10,58,97,74,65,93,43,125,92,76" hai3="102,108,64,18,54,17,16,126,49,31,38,75,8"/><T113/><D121/><U94/><E30/><V59/><F110/><W87/><G75/><T24/><D3/><U131/><E131/><V9/><F125/><W72/><G72/><T28/><D129/><U33/><E33/><V90/><F117/><W32/><G108/><T116/><D116/><U103/><E135/><V106/><F106/><W133/><G126/><T120/><D120/><U35/><E35/><V86/><F74/><W22/><G133/><T15/><D15/><U60/><E69/><V25/><F25/><N who="3" m="16823" /><G38/><T51/><D51/><U40/><E68/><V107/><F107/><W42/><G32/><T78/><D39/><U80/><E123/><V20/><F20/><W53/><G64/><T67/><D67/><U119/><E119/><V79/><F79/><W52/><G102/><N who="1" m="38954" /><E122/><V61/><F76/><W70/><G70/><T2/><D78/><U96/><E48/><V132/><F132/><W134/><G134/><T99/><D2/><U127/><E40/><V37/><F37/><W0/><G0/><T124/><D36/><U130/><E130/><V12/><F12/><N who="3" m="7175" /><G87/><T19/><D124/><U71/><E71/><V47/><F58/><W66/><G66/><T21/><D99/><U27/><E127/><V81/><F81/><W128/><G128/><T85/><D4/><U111/><E111/><V105/><F105/><W118/><G118/><T109/><D109/><U73/><E73/><V1/><F1/><W56/><G56/><T88/><AGARI ba="3,0" hai="13,19,21,24,28,34,77,83,85,88,95,98,113,114" machi="88" ten="20,3900,0" yaku="0,1,7,1,54,1" doraHai="6" who="0" fromWho="0" sc="435,48,169,-16,198,-16,198,-16" /><INIT seed="0,4,0,0,4,27" ten="483,153,182,182" oya="0" hai0="96,22,80,103,24,62,130,127,33,52,19,105,110" hai1="109,39,26,4,9,82,68,97,8,77,112,42,29" hai2="56,106,12,98,78,129,132,87,101,119,16,76,85" hai3="84,90,14,115,15,32,7,113,5,108,128,81,121"/><T48/><D127/><U107/><E109/><V25/><F129/><W34/><G108/><T118/><D110/><U47/><E112/><V44/><F132/><W0/><G128/><T45/><D118/><U73/><E68/><V50/><F119/><W69/><G69/><T58/><D130/><U74/><E74/><V51/><F25/><W57/><G121/><T38/><D38/><U79/><E79/><V104/><F104/><W92/><G57/><T41/><D80/><U63/><E63/><V124/><F124/><W31/><G34/><T122/><REACH who="0" step="1"/><D33/><REACH who="0" ten="473,153,182,182" step="2"/><U54/><E54/><V53/><F78/><W21/><G81/><T88/><D88/><U37/><E37/><V95/><F76/><W18/><G90/><T61/><D61/><U28/><E82/><V20/><F106/><W89/><G89/><T126/><D126/><U99/><E39/><V59/><F59/><W75/><G32/><T2/><D2/><U64/><E107/><V117/><F117/><W133/><G0/><T91/><D91/><U13/><E77/><V102/><F101/><W30/><G115/><T35/><D35/><U120/><E120/><AGARI ba="4,1" hai="19,22,24,41,45,48,52,58,62,96,103,105,120,122" machi="120" ten="40,3900,0" yaku="1,1,54,1,53,0" doraHai="27" doraHaiUra="60" who="0" fromWho="1" sc="473,61,153,-51,182,0,182,0" /><INIT seed="0,5,0,4,3,66" ten="534,102,182,182" oya="0" hai0="68,39,31,52,81,113,77,105,127,5,24,61,22" hai1="107,55,30,12,106,100,4,14,71,114,110,2,43" hai2="131,95,44,83,88,53,64,35,129,125,57,37,82" hai3="17,25,36,115,84,104,62,98,101,108,47,10,8"/><T11/><D113/><U34/><E110/><V49/><F125/><W32/><G115/><T94/><D105/><U118/><E114/><V45/><F35/><W46/><G108/><T75/><D39/><U41/><E118/><V85/><F64/><W86/><G62/><T59/><D127/><U80/><E80/><V92/><F82/><W87/><G36/><T65/><D94/><U134/><E134/><V112/><F112/><W76/><G76/><T13/><REACH who="0" step="1"/><D52/><REACH who="0" ten="524,102,182,182" step="2"/><U103/><E55/><V109/><F109/><W21/><G104/><T7/><D7/><U74/><E4/><V50/><F37/><W132/><G132/><T28/><D28/><U97/><E30/><V56/><F92/><W9/><G47/><T133/><D133/><U99/><E107/><V1/><F95/><W126/><G46/><T116/><D116/><U20/><E106/><V124/><F124/><W78/><G126/><T70/><AGARI ba="5,1" hai="5,11,13,22,24,31,59,61,65,68,70,75,77,81" machi="70" ten="30,11700,0" yaku="1,1,0,1,52,2,53,0" doraHai="66" doraHaiUra="120" who="0" fromWho="0" sc="524,142,102,-44,182,-44,182,-44" /><INIT seed="0,6,0,0,0,66" ten="666,58,138,138" oya="0" hai0="115,19,18,72,28,93,82,20,16,70,26,29,114" hai1="64,125,35,39,88,12,112,132,102,41,50,71,89" hai2="1,94,131,49,63,10,7,121,120,73,119,46,111" hai3="21,30,47,87,32,38,91,0,107,8,99,4,48"/><T100/><D70/><U36/><E35/><V6/><F73/><W52/><G32/><T5/><D29/><U59/><E132/><V117/><F111/><W69/><G38/><T51/><D5/><U55/><E102/><V65/><F131/><W40/><G40/><T15/><D15/><U98/><E125/><V101/><F7/><W122/><G122/><T97/><REACH who="0" step="1"/><D51/><REACH who="0" ten="656,58,138,138" step="2"/><U113/><E39/><V67/><F120/><W103/><G69/><T17/><N who="0" m="4096" /><DORA hai="133" /><T106/><D106/><U78/><E12/><V3/><F6/><W42/><G30/><T68/><D68/><U126/><E126/><V128/><F49/><W57/><G21/><T96/><D96/><U23/><E98/><V45/><F117/><W74/><G107/><T58/><D58/><U43/><E23/><V116/><F119/><W83/><G99/><T130/><D130/><U129/><E129/><V90/><F128/><W76/><G57/><T135/><D135/><U92/><E50/><V13/><F116/><W33/><G33/><T109/><D109/><U31/><E31/><V105/><F105/><W22/><G22/><T86/><D86/><U34/><E59/><V37/><F121/><W62/><G87/><T81/><D81/><U85/><E85/><V104/><F104/><W127/><G127/><T27/><D27/><U56/><E34/><V25/><F13/><W77/><G48/><T123/><D123/><U80/><E56/><V2/><F1/><W84/><G0/><T110/><D110/><U108/><E108/><V134/><F2/><W75/><G84/><T11/><D11/><RYUUKYOKU ba="6,1" sc="656,30,58,-10,138,-10,138,-10" hai0="20,26,28,72,82,93,97,100,114,115" /><INIT seed="0,7,1,1,3,8" ten="686,48,128,128" oya="0" hai0="106,121,0,134,52,112,56,62,33,102,11,92,96" hai1="126,47,69,100,71,26,79,6,39,10,60,34,21" hai2="68,37,132,72,108,91,82,5,78,105,7,48,22" hai3="1,18,44,81,28,32,4,14,2,53,45,88,65"/><T84/><D112/><U55/><E34/><V50/><F37/><W98/><G65/><T16/><D121/><U111/><E111/><V17/><F68/><W59/><G32/><T135/><D33/><U36/><E126/><V113/><F113/><W116/><G28/><T40/><D40/><U64/><E71/><V43/><F108/><W127/><G116/><T93/><D84/><U27/><E27/><V118/><F132/><N who="0" m="50730" /><D0/><U67/><E67/><V23/><F105/><W46/><G127/><T25/><D11/><U107/><E79/><V130/><F23/><AGARI ba="7,1" hai="16,23,25,52,56,62,92,93,96,102,106" m="50730" machi="23" ten="30,5800,0" yaku="20,1,54,2" doraHai="8" who="0" fromWho="2" sc="686,89,48,0,128,-79,128,0" /><INIT seed="0,8,0,0,2,53" ten="775,48,49,128" oya="0" hai0="72,0,35,59,116,107,81,38,56,5,73,105,128" hai1="113,34,1,129,25,118,92,133,3,42,4,87,94" hai2="54,85,26,65,63,29,123,122,103,24,8,43,21" hai3="84,12,64,109,50,91,69,135,40,6,108,106,126"/><T15/><D116/><U51/><E118/><V76/><F122/><W127/><G106/><T30/><D15/><U18/><E133/><V31/><F123/><W9/><G135/><T132/><D132/><U74/><E74/><V37/><F43/><W101/><G101/><T14/><D14/><U96/><E129/><V121/><F37/><W7/><G7/><T68/><D128/><U44/><E113/><V11/><F121/><W70/><G40/><T104/><D68/><N who="3" m="26217" /><G50/><T2/><D38/><U95/><E87/><V20/><F103/><W100/><G64/><T23/><D23/><U67/><E67/><V27/><F27/><W71/><G100/><T125/><D125/><N who="3" m="47625" /><G71/><T117/><D117/><U46/><E46/><V134/><F134/><W39/><G39/><T112/><D112/><U62/><E62/><V52/><F65/><W78/><G78/><T66/><D66/><U13/><E4/><V97/><F97/><W16/><G6/><T89/><D5/><U83/><E96/><V124/><F124/><W114/><G114/><T119/><D119/><U55/><E42/><V98/><F98/><W93/><AGARI ba="8,0" hai="9,12,16,84,91,93,108,109" m="47625,26217" machi="93" ten="40,2700,0" yaku="18,1,54,1" doraHai="53" who="3" fromWho="3" sc="775,-21,48,-15,49,-15,128,51" /><INIT seed="1,0,0,4,3,36" ten="754,33,34,179" oya="1" hai0="77,60,44,116,96,62,27,86,64,19,32,22,128" hai1="23,13,67,129,92,51,38,118,85,91,31,10,55" hai2="45,113,8,81,125,28,79,46,39,18,54,57,114" hai3="70,5,25,50,99,53,107,117,123,73,115,40,68"/><U124/><E118/><V119/><F119/><W78/><G123/><T0/><D0/><U9/><E38/><V105/><F105/><W1/><G117/><T66/><D128/><U24/><E129/><V47/><F125/><W84/><G115/><N who="2" m="44041" /><F28/><W48/><G73/><T90/><D32/><U42/><E124/><V15/><F39/><W37/><G37/><T26/><D77/><U102/><E102/><V94/><F94/><W108/><G108/><T131/><D96/><U120/><E120/><V33/><F33/><W65/><G25/><T58/><D131/><U72/><E72/><N who="2" m="43239" /><F45/><W52/><G107/><T111/><D111/><U88/><E91/><V75/><F75/><W56/><G99/><T16/><D44/><N who="1" m="26007" /><E67/><V110/><F110/><W83/><G65/><T71/><D116/><U49/><E13/><V106/><F106/><W4/><G1/><T132/><D132/><U12/><E12/><V7/><F7/><W21/><G4/><T20/><D86/><U95/><E95/><V104/><F104/><W109/><G5/><T74/><D74/><U103/><E103/><V127/><F127/><W41/><G109/><T93/><D93/><U59/><AGARI ba="0,0" hai="9,10,23,24,31,49,55,59,85,88,92" m="26007" machi="59" ten="30,6000,0" yaku="8,1,52,1,54,1" doraHai="36" who="1" fromWho="1" sc="754,-20,33,60,34,-20,179,-20" /><INIT seed="1,1,0,2,5,126" ten="734,93,14,159" oya="1" hai0="112,106,82,79,93,47,49,18,55,99,96,130,29" hai1="116,111,2,87,114,131,68,83,21,101,46,50,80" hai2="127,13,57,84,32,14,121,94,123,58,125,1,36" hai3="88,17,16,53,23,72,6,74,77,128,81,26,22"/><U3/><E114/><V7/><F36/><W103/><G128/><T45/><D130/><U73/><E131/><V28/><F84/><W5/><G103/><T134/><D29/><U98/><E116/><V62/><F94/><W54/><G74/><T69/><D69/><U31/><E68/><V102/><F102/><W129/><G129/><T122/><D134/><U37/><E37/><V15/><F57/><W64/><G64/><T104/><D99/><U71/><E71/><V43/><F43/><W33/><G33/><T92/><D92/><U109/><E73/><V85/><F85/><N who="3" m="50223" /><G77/><T110/><D110/><N who="1" m="41995" /><E21/><V78/><F78/><W39/><G72/><T60/><D122/><N who="2" m="46602" /><F58/><W89/><G89/><T65/><D112/><U135/><E135/><V97/><F97/><W107/><G107/><T86/><D47/><U132/><E132/><V76/><F62/><W124/><G124/><N who="2" m="47689" /><F76/><W34/><G34/><T44/><D44/><U90/><E83/><V20/><F32/><W115/><G39/><T118/><D118/><U113/><E113/><V24/><F1/><N who="1" m="9" /><E50/><V4/><AGARI ba="1,0" hai="4,7,13,14,15,20,24,28" m="47689,46602" machi="4" ten="40,5200,0" yaku="18,1,34,2" doraHai="126" who="2" fromWho="2" sc="734,-14,93,-27,14,55,159,-14" /><INIT seed="2,0,0,5,1,133" ten="720,66,69,145" oya="2" hai0="51,11,77,43,62,71,72,121,127,17,88,113,66" hai1="84,59,82,31,3,30,97,0,124,92,87,122,47" hai2="135,73,107,4,1,90,44,99,111,67,91,114,22" hai3="74,40,48,10,5,70,46,24,36,86,45,78,95"/><V129/><F135/><W54/><G70/><T120/><D113/><U104/><E104/><V6/><F114/><W19/><G74/><T57/><D77/><U55/><E47/><V96/><F129/><W100/><G100/><T52/><D72/><U27/><E122/><V116/><F73/><W14/><G95/><T21/><D11/><U117/><E117/><V32/><F32/><W126/><G126/><T103/><D127/><U65/><E65/><V41/><F116/><W130/><G130/><T42/><D103/><N who="1" m="60839" /><E124/><V35/><F35/><W75/><G75/><T68/><D68/><U76/><E0/><V93/><F107/><W108/><G108/><T109/><D109/><U16/><E3/><V34/><F111/><W37/><G37/><T85/><D120/><U58/><E87/><V110/><F34/><W56/><G56/><N who="1" m="21546" /><E55/><V13/><F110/><W53/><G53/><T128/><D121/><U60/><E60/><V83/><F1/><W64/><G64/><T20/><D20/><AGARI ba="0,0" hai="16,20,27,30,31,76,82,84" m="21546,60839" machi="20" ten="30,2000,0" yaku="8,1,54,1" doraHai="133" who="1" fromWho="0" sc="720,-20,66,20,69,0,145,0" /><INIT seed="3,0,0,2,2,87" ten="700,86,69,145" oya="3" hai0="47,19,3,111,38,96,115,50,131,135,68,52,75" hai1="23,37,5,116,91,27,54,117,89,123,125,4,63" hai2="118,85,59,13,8,128,46,76,32,66,22,112,81" hai3="62,71,72,110,26,20,106,77,69,15,43,17,132"/><W41/><G106/><T55/><D75/><U44/><E125/><V16/><F112/><W36/><G132/><T0/><D68/><U64/><E123/><V14/><F128/><W108/><G77/><T34/><D34/><U100/><E100/><V113/><F113/><W49/><G72/><T103/><D38/><U12/><E54/><V11/><F118/><N who="1" m="45673" /><E44/><V127/><F127/><W130/><G36/><T18/><D18/><N who="1" m="12791" /><E37/><V92/><F32/><W74/><G74/><T73/><D19/><U104/><E104/><V58/><F46/><W88/><G130/><T28/><D96/><U101/><E101/><V93/><F8/><W99/><G49/><T24/><D0/><U134/><E134/><V65/><F66/><W29/><G43/><T61/><D61/><U10/><E5/><N who="2" m="3311" /><F65/><W129/><G62/><T70/><D3/><U2/><E2/><V126/><F126/><W35/><G41/><T107/><D73/><U82/><E82/><V102/><F102/><W1/><G1/><T40/><D111/><N who="3" m="42537" /><G129/><T83/><D131/><U31/><E31/><V9/><F9/><W56/><G56/><AGARI ba="0,0" hai="4,10,12,56,63,64,89,91" m="12791,45673" machi="56" ten="30,3900,0" yaku="12,1,52,2" doraHai="87" who="1" fromWho="3" sc="700,0,86,39,69,0,145,-39" /><AGARI ba="0,0" hai="14,16,22,56,58,59,76,81,85,92,93" m="3311" machi="56" ten="30,2000,0" yaku="8,1,54,1" doraHai="87" who="2" fromWho="3" sc="700,0,125,0,69,20,106,-20" owari="700,80.0,125,-7.5,89,-31.1,86,-41.4" /></mjloggm>