<mjloggm ver="2.3"><GO type="225" lobby="0"/><UN n0="%E6%9D%B1%E9%A2%A8%E3%81%AE%E3%81%8D%E3%82%83%E3%81%B7%E3%81%95%E3%82%93" n1="%E6%B5%81%E3%82%8C%EF%BC%9F%53%4F%41" n2="%70%68%65%6E%6F%6D%65" n3="%E6%A1%9C%E8%8A%B1%E9%96%83%E3%80%85" dan="16,17,16,17" rate="2136.98,2220.72,2158.63,2199.58" sx="M,M,M,M"/><TAIKYOKU oya="0"/><INIT seed="0,0,0,2,4,39" ten="250,250,250,250" oya="0" hai0="61,83,62,130,17,13,122,56,111,98,79,107,126" hai1="12,63,110,30,125,32,20,33,14,43,81,102,22" hai2="73,50,27,64,28,67,41,57,51,53,42,23,26" hai3="132,34,92,123,105,75,87,38,25,1,49,70,135"/><T82/><D122/><U55/><E110/><V104/><F73/><W100/><G49/><T37/><D111/><U69/><E102/><V129/><F104/><W29/><G1/><T97/><D130/><U89/><E32/><V124/><F129/><W78/><G123/><T91/><D126/><U45/><E33/><V66/><F124/><W46/><G70/><T65/><D37/><U8/><E30/><V93/><F93/><W72/><G87/><T85/><D107/><U103/><E103/><V127/><F127/><W76/><G92/><T84/><REACH who="0" step="1"/><D61/><REACH who="0" ten="240,250,250,250" step="2"/><U113/><E125/><V16/><REACH who="2" step="1"/><F51/><REACH who="2" ten="240,250,240,250" step="2"/><W19/><G38/><T31/><D31/><U90/><E113/><V52/><F52/><W86/><G29/><T101/><D101/><U35/><E55/><V48/><F48/><W118/><G105/><T109/><D109/><U80/><E63/><V133/><F133/><W114/><G100/><T119/><D119/><U24/><E35/><AGARI ba="0,2" hai="16,23,26,27,28,35,41,42,50,53,57,64,66,67" machi="35" ten="40,8000,1" yaku="1,1,52,2,54,1,53,0" doraHai="39" doraHaiUra="11" who="2" fromWho="1" sc="240,0,250,-80,240,100,250,0" /><INIT seed="1,0,0,3,2,31" ten="240,170,340,250" oya="1" hai0="112,71,37,32,45,111,106,122,96,44,0,93,29" hai1="85,4,38,116,5,22,62,69,51,46,54,117,49" hai2="104,79,47,133,125,56,64,100,89,82,15,70,114" hai3="11,90,57,27,18,30,95,113,98,53,101,77,103"/><U99/><E38/><V9/><F125/><W48/><G113/><T33/><D112/><U105/><E105/><V66/><F114/><W28/><G77/><T13/><D71/><U131/><E99/><V59/><F104/><W34/><REACH who="3" step="1"/><G28/><REACH who="3" ten="240,170,340,240" step="2"/><T8/><D122/><U78/><E131/><V72/><F79/><W55/><G55/><T120/><D29/><U39/><E116/><V41/><F64/><W19/><G19/><T7/><D120/><U86/><E117/><V94/><F66/><W109/><G109/><T83/><D111/><U52/><E4/><V26/><F72/><W107/><G107/><T17/><D106/><U12/><E78/><V21/><F133/><W50/><G50/><T118/><D118/><U121/><E121/><V127/><F127/><W14/><AGARI ba="0,1" hai="11,14,18,27,30,34,48,53,57,90,95,98,101,103" machi="14" ten="30,4000,0" yaku="1,1,0,1,52,1,53,0" doraHai="31" doraHaiUra="63" who="3" fromWho="3" sc="240,-10,170,-20,340,-10,240,50" /><INIT seed="2,0,0,1,2,54" ten="230,150,330,290" oya="2" hai0="101,6,48,71,24,111,128,114,84,92,81,116,70" hai1="134,76,22,75,10,4,87,17,91,95,62,19,43" hai2="102,113,73,41,112,131,32,107,21,78,38,120,115" hai3="7,29,13,130,45,36,42,105,3,98,118,93,65"/><V63/><F32/><W57/><G118/><T20/><D6/><U49/><E134/><V1/><F120/><W28/><G3/><T69/><D114/><U9/><E75/><V64/><F21/><W89/><G130/><T127/><D128/><U99/><E62/><V60/><F131/><W103/><G7/><T97/><D116/><U100/><E76/><V51/><F51/><W90/><G13/><T82/><D127/><U34/><E34/><V108/><F60/><W35/><G35/><T46/><D111/><U5/><E5/><V25/><F25/><W85/><G65/><T18/><REACH who="0" step="1"/><D84/><REACH who="0" ten="220,150,330,290" step="2"/><U30/><E4/><V61/><F108/><W88/><G85/><T39/><D39/><U121/><E121/><V12/><F1/><W74/><G74/><T56/><D56/><U47/><E30/><V86/><F86/><W16/><G57/><T126/><D126/><U124/><E124/><V0/><F0/><W31/><G16/><T55/><AGARI ba="0,1" hai="18,20,24,46,48,55,69,70,71,81,82,92,97,101" machi="55" ten="30,2000,0" yaku="1,1,0,1,53,0" doraHai="54" doraHaiUra="132" who="0" fromWho="0" sc="220,30,150,-5,330,-10,290,-5" /><INIT seed="3,0,0,0,5,132" ten="250,145,320,285" oya="3" hai0="93,52,124,12,89,79,103,57,49,97,122,23,62" hai1="91,80,125,127,114,73,90,26,98,130,56,19,102" hai2="106,100,111,101,129,69,116,44,53,14,67,104,48" hai3="85,10,24,65,78,43,18,30,74,115,20,39,21"/><W6/><G115/><T63/><D122/><U88/><E114/><V117/><F106/><W51/><G65/><T121/><D121/><U81/><E56/><V96/><F101/><W70/><G70/><T15/><D79/><N who="1" m="44143" /><E19/><V2/><F2/><W41/><G74/><T128/><D128/><U95/><E26/><V59/><F111/><W99/><G99/><T118/><D118/><U22/><E22/><V45/><F129/><W71/><G71/><T47/><D63/><U0/><E0/><V92/><F104/><W38/><G51/><T123/><D123/><U3/><E3/><V28/><F45/><W25/><G39/><T126/><D103/><U34/><E34/><V9/><F69/><W32/><G38/><T94/><D94/><U31/><E31/><V29/><F116/><W108/><G108/><T61/><D61/><U64/><E64/><V33/><F33/><W76/><G32/><T35/><D35/><U7/><E7/><N who="2" m="3391" /><F117/><W68/><G68/><T75/><D75/><U55/><E55/><N who="2" m="30087" /><F67/><W105/><G105/><T72/><D72/><U37/><E37/><V110/><F110/><W8/><G8/><T83/><D23/><U54/><E54/><V60/><AGARI ba="0,0" hai="28,29,53,59,60,92,96,100" m="30087,3391" machi="60" ten="30,1100,0" yaku="8,1" doraHai="132" who="2" fromWho="2" sc="250,-3,145,-3,320,11,285,-5" owari="247,-15.3,142,-35.8,331,43.1,280,8.0" /></mjloggm>