<mjloggm ver="2.3"><GO type="225" lobby="0"/><UN n0="%4B%52%E9%BA%BB%E9%9B%80" n1="%E3%81%95%E3%81%8D%E3%81%9F%E3%81%BE%E6%9E%97%E6%AA%8E" n2="%E3%83%81%E3%83%83%E3%82%BF%E3%82%BD%E3%83%BC" n3="%E3%83%96%E3%83%83%E3%83%91%E3%82%AA%E3%83%96%E3%83%81%E3%82%AD%E3%83%B3" dan="17,16,16,17" rate="2218.34,2094.69,2211.74,2208.78" sx="M,M,F,M"/><TAIKYOKU oya="0"/><INIT seed="0,0,0,5,4,43" ten="250,250,250,250" oya="0" hai0="121,34,90,111,116,26,118,25,96,114,61,98,84" hai1="39,86,65,107,42,31,21,125,129,47,102,112,1" hai2="29,113,99,57,28,122,75,0,79,67,44,120,14" hai3="74,108,101,133,119,110,4,85,66,48,36,58,115"/><T73/><D73/><U41/><E1/><V17/><F0/><W6/><G115/><T126/><D114/><U12/><E112/><V100/><F113/><W123/><G119/><T78/><D121/><U38/><E125/><V109/><F109/><N who="3" m="42091" /><G123/><T24/><D111/><U19/><E129/><V89/><F89/><W56/><G133/><T7/><D34/><U97/><E65/><V11/><F120/><W93/><G36/><T134/><D126/><U46/><E86/><V91/><F91/><N who="3" m="53487" /><G74/><T33/><D33/><U2/><E2/><V59/><F122/><W95/><G66/><T71/><D134/><U37/><E37/><V53/><F67/><W49/><G49/><T94/><D78/><U106/><E31/><V23/><F29/><W55/><G58/><T16/><D71/><U130/><E130/><V88/><F75/><W20/><G20/><N who="0" m="13319" /><D118/><U68/><E68/><V27/><F79/><W83/><G83/><T3/><D116/><U15/><E15/><V22/><F23/><W51/><G51/><T9/><D61/><U131/><E131/><V82/><F22/><W128/><G128/><T64/><D64/><U8/><E21/><V104/><F28/><W13/><G13/><T69/><D69/><U10/><E10/><V62/><F27/><W30/><G30/><T54/><D54/><U50/><E50/><N who="2" m="28871" /><F62/><W5/><G5/><T72/><D72/><U18/><E18/><V60/><F60/><W40/><G40/><T70/><D70/><U35/><E35/><V132/><F132/><W32/><G32/><T127/><D127/><U45/><E45/><RYUUKYOKU ba="0,0" sc="250,0,250,0,250,0,250,0" hai0="3,7,9,25,26,84,90,94,96,98" hai1="8,12,19,38,39,41,42,46,47,97,102,106,107" hai2="11,14,17,57,59,82,88,99,100,104" hai3="4,6,48,55,56,95,101" /><INIT seed="0,1,0,2,5,19" ten="250,250,250,250" oya="0" hai0="115,51,79,127,123,88,38,124,52,112,103,106,101" hai1="42,126,36,45,57,109,94,89,113,80,3,132,83" hai2="50,107,78,4,96,81,110,70,117,5,69,1,20" hai3="56,32,92,95,76,128,58,12,84,62,15,18,7"/><T43/><D123/><U116/><E116/><V26/><F110/><W8/><G32/><T114/><D79/><U35/><E109/><V0/><F117/><W61/><G128/><T100/><D106/><U28/><E3/><V121/><F121/><W67/><G76/><T14/><D14/><U82/><E132/><V93/><F107/><W130/><G130/><T2/><D2/><U131/><E131/><V54/><F1/><W37/><G37/><T99/><D43/><U6/><E6/><V59/><F4/><W87/><G92/><N who="0" m="56711" /><D38/><U21/><E35/><V108/><F108/><W13/><G95/><T77/><D77/><U11/><E11/><V111/><F111/><W74/><G74/><T23/><D23/><U48/><E113/><V85/><F5/><W30/><G30/><T55/><D51/><U129/><E129/><V68/><F0/><W91/><G91/><T31/><D31/><U34/><E34/><V25/><REACH who="2" step="1"/><F20/><REACH who="2" ten="250,250,240,250" step="2"/><N who="3" m="11335" /><G7/><T98/><D98/><U104/><E104/><V41/><F41/><W29/><G8/><T60/><D60/><U90/><E42/><V39/><F39/><W16/><G62/><T134/><D134/><U49/><E36/><V118/><F118/><W75/><G61/><T133/><D133/><U10/><E49/><V122/><F122/><W63/><G63/><T65/><D65/><U119/><E48/><V40/><F40/><W120/><G67/><T33/><D33/><U66/><E90/><AGARI ba="1,1" hai="25,26,50,54,59,68,69,70,78,81,85,90,93,96" machi="90" ten="40,1300,0" yaku="1,1,53,0" doraHai="19" doraHaiUra="9" who="2" fromWho="1" sc="250,0,250,-16,240,26,250,0" /><INIT seed="1,0,0,4,5,134" ten="250,234,266,250" oya="1" hai0="71,79,123,73,115,1,109,43,119,66,83,44,99" hai1="121,133,117,16,40,14,122,107,128,8,108,112,129" hai2="95,70,69,49,92,85,90,10,57,101,24,42,103" hai3="60,91,33,84,17,47,4,87,76,120,125,126,61"/><U51/><E107/><V54/><F42/><W63/><G120/><T81/><D115/><U20/><E40/><V55/><F10/><W111/><G33/><T68/><D119/><U35/><E51/><V58/><F24/><W46/><G111/><T0/><D109/><U135/><E108/><V45/><F45/><W6/><G76/><N who="0" m="44175" /><D99/><U48/><E48/><V72/><F72/><W127/><G17/><T100/><D100/><U50/><E50/><V118/><F118/><W39/><G87/><T21/><D21/><U2/><E117/><V19/><F19/><W36/><G47/><T82/><D82/><U77/><E77/><V28/><F49/><W105/><G105/><T25/><D25/><U88/><E88/><V106/><F106/><W110/><G110/><T56/><D56/><U131/><E35/><V116/><F116/><W97/><G97/><T30/><D30/><U15/><E2/><N who="0" m="1129" /><D66/><U11/><E112/><V65/><F90/><W27/><G27/><T22/><D22/><U3/><E3/><V124/><F65/><W23/><G23/><T26/><D26/><U113/><E113/><V38/><F28/><W86/><G86/><N who="0" m="48511" /><D123/><N who="1" m="47115" /><E20/><V80/><F85/><W67/><G67/><T96/><D96/><U94/><E94/><V31/><F31/><W93/><G46/><T130/><D130/><U78/><E78/><V12/><F80/><W62/><N who="3" m="15360" /><DORA hai="59" /><W104/><G104/><T7/><D7/><AGARI ba="0,0" hai="7,8,11,14,15,16,128,129,131,133,135" m="47115" machi="7" ten="40,12000,1" yaku="19,1,34,2,54,1" doraHai="134,59" who="1" fromWho="0" sc="250,-120,234,120,266,0,250,0" /><AGARI ba="0,0" hai="4,6,7,36,39,84,91,93,125,126,127" m="15360" machi="7" ten="60,16000,3" yaku="18,1,52,7" doraHai="134,59" who="3" fromWho="0" sc="130,-160,354,0,266,0,250,160" owari="-30,-53.0,354,15.4,266,-13.4,410,51.0" /></mjloggm>