<mjloggm ver="2.3"><GO type="225" lobby="0"/><UN n0="%E3%83%A9%E3%83%BC%E3%83%A1%E3%83%B3%E4%BA%94%E9%83%8E" n1="%70%68%65%6E%6F%6D%65" n2="%E6%B4%BE%E9%81%A3%E3%81%AE%E3%82%B8%E3%83%A3%E3%83%83%E3%82%AF" n3="%6C%61%6D%62" dan="16,16,17,16" rate="2086.73,2173.25,2204.27,2257.67" sx="M,M,M,M"/><TAIKYOKU oya="0"/><INIT seed="0,0,0,5,0,129" ten="250,250,250,250" oya="0" hai0="87,81,25,135,33,41,45,69,65,134,64,119,104" hai1="109,113,111,80,86,40,82,128,14,132,1,18,53" hai2="17,13,10,34,79,63,78,73,51,122,57,5,32" hai3="75,93,8,55,72,84,117,123,118,48,52,101,36"/><T3/><D119/><BYE who="1" /><UN n1="%70%68%65%6E%6F%6D%65" /><U59/><E128/><V130/><F130/><W114/><G114/><T28/><D3/><U15/><E1/><V39/><F39/><W16/><G36/><T6/><D6/><U121/><E121/><V49/><F122/><W97/><G123/><T67/><D104/><U100/><E113/><V127/><F127/><W30/><G30/><T124/><D69/><U90/><E100/><V61/><F5/><W47/><G55/><T103/><D103/><U105/><E105/><V46/><F61/><W85/><G118/><T98/><D98/><U107/><E107/><V94/><F94/><W126/><G117/><T95/><D95/><U92/><E40/><V27/><F73/><W115/><G115/><T88/><REACH who="0" step="1"/><D124/><REACH who="0" ten="240,250,250,250" step="2"/><U71/><E71/><V38/><F38/><AGARI ba="0,1" hai="25,28,33,38,41,45,64,65,67,81,87,88,134,135" machi="38" ten="40,18000,2" yaku="1,1,2,1,52,2,54,1,53,1" doraHai="129" doraHaiUra="21" who="0" fromWho="2" sc="240,190,250,0,250,-180,250,0" /><INIT seed="0,1,0,1,2,69" ten="430,250,70,250" oya="0" hai0="46,37,126,8,95,85,50,129,72,135,65,108,112" hai1="55,99,102,22,13,111,83,106,84,9,33,53,103" hai2="27,19,116,16,96,60,6,5,43,68,38,115,79" hai3="29,88,26,32,28,57,101,66,100,25,4,74,107"/><T59/><D112/><U47/><E33/><V51/><F115/><W117/><G74/><T41/><D72/><U56/><E111/><V2/><F116/><W104/><G117/><T81/><D108/><U54/><E103/><V75/><F96/><W1/><G1/><T70/><D126/><U91/><E22/><V92/><F92/><W86/><G4/><T109/><D109/><U58/><REACH who="1" step="1"/><E47/><REACH who="1" ten="430,240,70,250" step="2"/><N who="2" m="24055" /><F51/><W39/><G101/><T21/><D50/><U62/><E62/><V122/><F122/><W49/><G100/><T78/><D46/><U98/><E98/><V113/><F113/><W0/><G49/><T11/><D21/><U23/><E23/><V44/><F44/><W76/><G32/><T118/><D118/><U82/><E82/><N who="2" m="45439" /><F27/><W17/><G26/><T30/><D81/><U89/><E89/><V34/><F34/><W134/><G25/><T3/><D8/><U128/><E128/><V105/><F105/><W52/><G88/><T130/><D11/><U77/><E77/><V20/><F20/><W12/><G104/><T42/><D129/><U61/><E61/><V93/><F60/><W133/><G107/><T87/><D130/><U40/><E40/><V35/><F35/><W73/><G76/><T119/><D42/><U31/><E31/><V121/><F121/><W10/><G28/><T97/><D78/><U114/><E114/><V45/><F45/><W127/><G29/><T7/><D119/><U124/><E124/><V67/><F93/><W24/><G24/><T94/><D95/><U131/><E131/><V18/><F2/><W123/><G0/><RYUUKYOKU ba="1,1" sc="430,-15,240,15,70,15,250,-15" hai1="9,13,53,54,55,56,58,83,84,91,99,102,106" hai2="5,6,16,18,19,67,68" /><INIT seed="1,2,1,3,3,86" ten="415,255,85,235" oya="1" hai0="101,123,110,129,48,104,116,83,60,31,29,36,64" hai1="84,59,103,119,20,120,94,69,47,108,72,95,130" hai2="41,78,107,81,58,65,92,6,114,106,0,28,76" hai3="4,117,45,105,19,56,30,11,73,124,122,23,12"/><U109/><E69/><V132/><F132/><W14/><G122/><T68/><D116/><U33/><E33/><V7/><F28/><W75/><G117/><T26/><D123/><U5/><E5/><V35/><F35/><W113/><G113/><T131/><D36/><U50/><E72/><V96/><F41/><W44/><G105/><T111/><D48/><U135/><E119/><V80/><F114/><W25/><G124/><T24/><D83/><N who="2" m="31818" /><F107/><W2/><G12/><T62/><D104/><U98/><E59/><V8/><F0/><W82/><G56/><T55/><D101/><U133/><E20/><V39/><F39/><W112/><G112/><T34/><D55/><N who="1" m="30175" /><E120/><V87/><F87/><W91/><G91/><T67/><D34/><U70/><E70/><AGARI ba="2,1" hai="24,26,29,31,60,62,64,67,68,70,110,111,129,131" machi="70" ten="25,1600,0" yaku="22,2" doraHai="86" who="0" fromWho="1" sc="415,32,255,-22,85,0,235,0" /><INIT seed="2,0,0,0,5,20" ten="447,233,85,235" oya="2" hai0="82,23,114,116,108,51,46,32,17,87,118,18,45" hai1="117,13,15,115,40,129,126,79,81,54,29,66,80" hai2="124,27,107,61,75,60,10,28,41,68,85,105,135" hai3="26,67,31,14,52,8,122,22,88,5,42,35,30"/><V102/><F75/><W47/><G122/><T119/><D114/><U65/><E115/><V58/><F124/><W57/><G67/><N who="1" m="25610" /><E117/><V50/><F68/><W123/><G123/><T7/><D108/><U101/><E126/><V73/><F73/><W55/><G35/><T1/><D32/><U91/><E129/><V39/><F39/><W63/><G88/><N who="0" m="51319" /><D51/><U93/><E101/><V48/><F135/><W21/><G21/><T95/><D95/><U62/><E29/><V36/><F36/><W133/><G133/><T84/><D84/><N who="1" m="48159" /><E40/><V100/><F10/><W19/><G55/><T109/><D109/><U90/><E81/><V97/><F85/><W59/><G59/><T76/><D76/><U11/><E15/><V69/><F69/><W49/><AGARI ba="0,0" hai="5,8,14,19,22,26,30,31,42,47,49,52,57,63" machi="49" ten="20,8000,1" yaku="0,1,7,1,8,1,52,1,54,1" doraHai="20" who="3" fromWho="3" sc="447,-20,233,-20,85,-40,235,80" /><INIT seed="3,0,0,0,2,6" ten="427,213,45,315" oya="3" hai0="31,4,107,84,111,99,30,103,33,124,128,51,80" hai1="56,55,49,91,21,40,48,110,105,100,28,71,26" hai2="115,78,101,20,53,87,36,117,8,50,125,35,43" hai3="52,86,73,134,89,75,18,27,77,93,121,37,14"/><W45/><G121/><T66/><D33/><U54/><E110/><V79/><F115/><W127/><G127/><T57/><D111/><U11/><E71/><V135/><F117/><W62/><G134/><T32/><D32/><U10/><E40/><V95/><F35/><W123/><G123/><T69/><D69/><U82/><E105/><V42/><F125/><W122/><G122/><T131/><D124/><U81/><E100/><V64/><F135/><W7/><G7/><T119/><D4/><U12/><E12/><V83/><F64/><W13/><G27/><T129/><D119/><U24/><E24/><V19/><F8/><N who="1" m="3113" /><E91/><V70/><F70/><W97/><G13/><T76/><D51/><U16/><E28/><V132/><F132/><W34/><G34/><T1/><D1/><U130/><E130/><V3/><F3/><W61/><G37/><T5/><D5/><U65/><E65/><V23/><F36/><W9/><G73/><T25/><D25/><U102/><E102/><V126/><F126/><W133/><G75/><T118/><D118/><U85/><E85/><V22/><F78/><W92/><G133/><T58/><D58/><U29/><E29/><V0/><F0/><W68/><G68/><T88/><D76/><U63/><E63/><AGARI ba="0,0" hai="30,31,57,63,66,80,84,88,99,103,107,128,129,131" machi="63" ten="40,2600,0" yaku="19,1,54,1" doraHai="6" who="0" fromWho="1" sc="427,26,213,-26,45,0,315,0" owari="453,55.3,187,-21.3,45,-45.5,315,11.5" /></mjloggm>