<mjloggm ver="2.3"><GO type="225" lobby="0"/><UN n0="%E9%B7%B9%E5%80%89%E6%9D%8F%E9%88%B4" n1="%E5%A4%8F%E9%88%B4%E9%88%B4%E5%A4%8F" n2="%E4%BF%BA%E3%81%A8%E5%A6%96%E5%A4%A2" n3="%E7%9A%AE%E3%80%85" dan="16,16,16,16" rate="2107.62,2110.43,2105.19,2158.88" sx="F,F,F,F"/><TAIKYOKU oya="0"/><INIT seed="0,0,0,3,2,62" ten="250,250,250,250" oya="0" hai0="68,79,54,58,26,53,117,134,25,88,86,31,21" hai1="93,74,8,67,49,105,109,51,42,23,7,115,129" hai2="95,63,72,121,118,116,12,104,13,76,36,90,77" hai3="108,6,0,66,1,119,40,127,135,44,87,39,110"/><T102/><BYE who="3" /><D117/><N who="2" m="45162" /><F121/><W70/><G70/><T60/><D134/><U113/><E109/><UN n3="%E7%9A%AE%E3%80%85" /><V56/><F104/><W71/><G119/><T132/><D132/><U103/><E105/><V81/><F76/><W10/><G135/><T111/><D111/><N who="3" m="42537" /><G127/><T52/><D68/><U15/><E74/><V43/><F43/><W2/><G87/><T122/><D122/><U33/><E33/><V61/><F36/><W69/><G69/><T18/><D102/><U16/><E129/><V133/><F63/><AGARI ba="0,0" hai="0,1,2,6,10,39,40,44,63,66,71" m="42537" machi="63" ten="30,3900,0" yaku="14,1,23,1,52,1" doraHai="62" who="3" fromWho="2" sc="250,0,250,0,250,-39,250,39" /><INIT seed="1,0,0,3,3,48" ten="250,250,211,289" oya="1" hai0="0,64,101,70,3,105,61,135,29,44,34,126,124" hai1="68,56,109,81,111,74,5,16,121,7,59,130,11" hai2="65,32,76,72,91,12,4,88,98,33,96,107,100" hai3="30,71,119,31,131,95,132,112,127,125,13,89,118"/><U104/><E121/><V86/><F65/><W82/><G112/><T97/><D44/><U15/><E68/><V122/><F122/><W46/><G71/><T120/><D120/><U94/><E104/><V114/><F114/><W58/><G82/><T73/><D73/><U10/><E130/><V26/><F98/><N who="3" m="57711" /><G131/><T51/><D51/><U108/><E94/><V129/><F129/><W63/><G46/><T8/><D135/><U25/><E25/><V128/><F128/><W87/><G87/><T22/><D22/><U37/><E37/><V47/><F47/><W79/><G79/><T85/><D85/><U6/><E10/><V2/><F2/><N who="0" m="554" /><D8/><U99/><E99/><V27/><F33/><W134/><G13/><T69/><D69/><U17/><REACH who="1" step="1"/><E17/><REACH who="1" ten="250,240,211,289" step="2"/><V83/><F32/><W49/><G132/><T57/><D70/><U133/><E133/><V113/><F113/><W24/><G134/><T42/><D97/><U123/><E123/><V116/><F116/><N who="3" m="44587" /><G24/><T19/><D19/><U38/><E38/><V66/><F27/><W52/><G63/><T78/><D61/><U115/><E115/><V21/><F26/><W1/><G1/><T55/><D105/><U67/><E67/><V50/><F66/><W117/><G117/><T75/><D64/><U36/><E36/><V20/><F107/><W18/><G18/><T103/><D29/><AGARI ba="0,1" hai="29,30,31,49,52,58,125,127" m="44587,57711" machi="29" ten="30,3900,0" yaku="12,1,52,1,54,1" doraHai="48" who="3" fromWho="0" sc="250,-39,240,0,211,0,289,49" /><INIT seed="2,0,0,1,1,13" ten="211,240,211,338" oya="2" hai0="119,84,114,80,33,34,27,48,30,65,96,91,9" hai1="45,92,42,75,63,44,90,123,61,124,110,49,2" hai2="10,109,132,82,89,120,113,55,24,46,127,28,99" hai3="106,54,122,97,130,43,69,6,60,29,7,12,108"/><V112/><F120/><W26/><G122/><T11/><D114/><U86/><E123/><V20/><F132/><W67/><G108/><T59/><D34/><U131/><E110/><V77/><F109/><W22/><G43/><T18/><D119/><U25/><E2/><V62/><F127/><W39/><G39/><T14/><D96/><U74/><E124/><V71/><F71/><W66/><G66/><T101/><D101/><U116/><E131/><V111/><F111/><W8/><G130/><T93/><D80/><U125/><E116/><V135/><F135/><W88/><G54/><T107/><D107/><U68/><E68/><V31/><F31/><W79/><G79/><T133/><D133/><U78/><E78/><V40/><F55/><W35/><G22/><T5/><D48/><N who="1" m="26647" /><E75/><V47/><F62/><W4/><REACH who="3" step="1"/><G88/><REACH who="3" ten="211,240,211,328" step="2"/><T98/><D65/><U94/><E90/><V17/><F40/><W118/><G118/><T95/><D91/><U115/><E125/><V76/><F113/><W102/><AGARI ba="0,1" hai="4,6,7,8,12,26,29,35,60,67,69,97,102,106" machi="102" ten="30,7900,0" yaku="1,1,0,1,25,2,53,0" doraHai="13" doraHaiUra="134" who="3" fromWho="3" sc="211,-20,240,-20,211,-39,328,89" /><INIT seed="3,0,0,3,2,109" ten="191,220,172,417" oya="3" hai0="89,122,100,123,20,104,0,58,76,95,53,101,64" hai1="35,125,116,16,5,119,38,107,22,14,112,118,23" hai2="66,65,6,83,54,57,55,67,2,12,28,127,105" hai3="70,59,134,47,80,69,129,43,121,71,63,3,49"/><W128/><G3/><T82/><D0/><U97/><E112/><V130/><F2/><W4/><G4/><T87/><D64/><N who="2" m="16386" /><V79/><DORA hai="11" /><F105/><W126/><G80/><T19/><D104/><U88/><E125/><V132/><F127/><W117/><G126/><T74/><D123/><U73/><E35/><V110/><F110/><W72/><G72/><T13/><REACH who="0" step="1"/><D122/><REACH who="0" ten="181,220,172,417" step="2"/><U21/><E119/><V91/><F132/><W26/><G121/><T84/><D84/><U94/><E118/><V93/><F130/><W41/><G117/><T114/><D114/><U51/><E116/><V52/><F28/><W115/><G134/><T85/><D85/><U98/><E73/><V48/><F83/><W30/><G115/><T34/><D34/><U39/><E98/><N who="2" m="57663" /><F79/><W99/><G99/><T96/><D96/><U40/><E97/><V135/><F135/><W106/><G106/><T62/><AGARI ba="0,1" hai="13,19,20,53,58,62,74,76,82,87,89,95,100,101" machi="62" ten="20,5200,0" yaku="1,1,0,1,7,1,52,1,53,0" doraHai="109,11" doraHaiUra="108,111" who="0" fromWho="0" sc="181,62,220,-13,172,-13,417,-26" owari="243,4.3,207,-19.3,159,-34.1,391,49.1" /></mjloggm>