<mjloggm ver="2.3"><GO type="225" lobby="0"/><UN n0="%E6%A0%B9%E5%85%83%E3%81%8B%E3%82%89%E5%90%B9%E3%81%A3%E9%A3%9B%E3%81%B6" n1="%E3%81%AF%E3%82%88%E3%81%8A%E3%81%98%E3%81%95%E3%82%93" n2="%E5%A4%8F%E9%88%B4%E9%88%B4%E5%A4%8F" n3="%E3%81%A1%E3%82%83%E3%81%93%E3%81%93" dan="16,17,16,16" rate="2127.09,2135.82,2137.41,2133.69" sx="F,M,F,F"/><TAIKYOKU oya="0"/><INIT seed="0,0,0,1,1,15" ten="250,250,250,250" oya="0" hai0="121,8,28,17,23,21,22,72,12,99,53,92,48" hai1="24,9,49,16,7,63,19,133,112,51,104,41,80" hai2="33,75,31,42,82,132,110,122,123,35,118,98,78" hai3="126,103,74,115,88,2,96,44,93,32,76,109,10"/><T86/><D72/><U38/><E104/><V43/><F110/><W11/><G32/><T91/><D121/><U124/><E38/><V71/><F71/><W65/><G115/><T135/><D135/><U87/><E133/><V5/><F132/><W128/><G109/><T105/><D105/><U56/><E124/><V26/><F118/><W125/><G65/><T39/><D39/><U30/><E112/><V95/><F35/><W102/><G128/><T57/><REACH who="0" step="1"/><D99/><REACH who="0" ten="240,250,250,250" step="2"/><U67/><E41/><V113/><F123/><W61/><G126/><T68/><D68/><U34/><E51/><V84/><F43/><W83/><G125/><T59/><D59/><U64/><E49/><V97/><F42/><W120/><G120/><T100/><D100/><U1/><REACH who="1" step="1"/><E67/><REACH who="1" ten="240,240,250,250" step="2"/><V50/><F50/><W4/><G44/><T46/><D46/><U79/><AGARI ba="0,2" hai="1,7,9,16,19,24,30,34,56,63,64,79,80,87" machi="79" ten="20,12000,2" yaku="1,1,2,1,0,1,7,1,52,2,54,1,53,0" doraHai="15" doraHaiUra="47" who="1" fromWho="1" sc="240,-60,240,140,250,-30,250,-30" /><INIT seed="1,0,0,4,0,87" ten="180,380,220,220" oya="1" hai0="109,45,99,79,37,117,36,30,90,34,71,41,135" hai1="98,112,85,96,100,2,5,54,97,15,55,40,42" hai2="107,20,56,50,113,67,126,57,17,86,38,52,25" hai3="122,39,129,68,14,119,6,105,89,33,132,53,95"/><U106/><E2/><V70/><F126/><W29/><G122/><T74/><D117/><U26/><E112/><V102/><F113/><W58/><G105/><T116/><D116/><U23/><E106/><V101/><F38/><W76/><G119/><T123/><D123/><U110/><E110/><V103/><F70/><W51/><G129/><T12/><D109/><U28/><E100/><V78/><F107/><W115/><G115/><T130/><D130/><U73/><E73/><V24/><F24/><W3/><G39/><T91/><D37/><U63/><E85/><V66/><F57/><W92/><G68/><T72/><D135/><U80/><E80/><AGARI ba="0,0" hai="17,20,25,50,52,56,66,67,78,80,86,101,102,103" machi="80" ten="40,2600,0" yaku="8,1,54,1" doraHai="87" who="2" fromWho="1" sc="180,0,380,-26,220,26,220,0" /><INIT seed="2,0,0,5,5,135" ten="180,354,246,220" oya="2" hai0="40,130,83,1,47,96,50,49,92,90,22,34,26" hai1="66,64,123,74,58,80,5,121,118,84,98,2,114" hai2="116,71,41,93,33,126,102,15,23,18,122,53,56" hai3="35,85,0,29,37,82,19,68,112,17,78,48,24"/><V87/><F71/><W79/><G37/><T94/><D130/><U103/><E74/><V8/><F33/><W61/><G112/><T32/><D1/><U131/><E118/><V89/><F122/><N who="1" m="46601" /><E114/><V14/><F126/><W3/><G3/><T129/><D129/><U124/><E124/><V86/><F116/><W67/><G0/><T60/><D60/><U31/><E31/><V20/><F41/><W133/><G133/><T13/><D13/><U6/><E131/><V100/><F87/><W28/><G78/><T70/><D70/><U88/><E58/><V105/><F20/><W12/><G28/><T9/><D9/><N who="1" m="2231" /><E6/><V62/><REACH who="2" step="1"/><F105/><AGARI ba="0,0" hai="64,66,80,84,88,98,103,105" m="2231,46601" machi="105" ten="30,2000,0" yaku="13,1,54,1" doraHai="135" who="1" fromWho="2" sc="180,0,354,20,246,-20,220,0" /><INIT seed="3,0,0,3,2,29" ten="180,374,226,220" oya="3" hai0="115,111,38,107,37,102,66,100,79,43,106,69,39" hai1="22,113,52,14,78,7,131,9,20,3,95,48,51" hai2="63,130,110,76,0,46,82,44,108,33,121,80,123" hai3="91,128,124,68,26,92,114,118,56,88,72,129,135"/><W10/><G114/><T54/><D79/><U75/><E113/><V77/><F33/><W104/><G118/><T41/><D115/><U2/><E131/><N who="3" m="50250" /><G68/><T60/><D54/><U126/><E126/><V87/><F63/><W81/><G104/><N who="0" m="39979" /><D60/><U34/><E34/><V94/><F94/><W112/><G112/><T18/><D69/><U133/><E133/><V89/><F89/><N who="3" m="34379" /><G10/><T116/><D116/><U24/><E95/><V15/><F0/><W85/><G56/><T103/><D18/><U134/><E134/><V109/><F130/><W12/><G12/><T93/><D93/><U42/><E2/><V117/><F15/><W55/><G55/><T28/><D28/><U99/><E3/><V62/><F62/><W21/><G135/><T119/><D111/><U122/><E52/><V58/><F58/><W23/><G92/><T13/><D13/><U19/><E14/><V6/><F117/><W127/><G23/><T4/><D119/><U35/><E20/><V96/><F6/><W53/><G53/><T61/><D4/><U64/><E22/><V84/><F96/><W49/><G49/><T25/><D61/><U31/><E48/><V17/><F17/><N who="3" m="12591" /><G85/><T83/><D25/><U47/><E99/><V86/><F87/><W132/><G132/><T101/><N who="0" m="25600" /><DORA hai="120" /><T97/><D97/><U105/><E105/><V90/><F90/><W59/><G59/><T16/><D16/><U5/><E19/><V8/><F8/><W45/><G45/><AGARI ba="0,0" hai="44,45,46,76,77,80,82,84,86,108,109,110,121,123" machi="45" ten="50,8000,1" yaku="9,1,14,1,52,3" doraHai="29,120" who="2" fromWho="3" sc="180,0,374,0,226,80,220,-80" owari="180,-22.0,374,47.4,306,10.6,140,-36.0" /></mjloggm>