<mjloggm ver="2.3"><GO type="225" lobby="0"/><UN n0="%E3%81%95%E3%81%8D%E3%81%9F%E3%81%BE%E6%9E%97%E6%AA%8E" n1="%E6%81%AC%E6%B7%A1%E5%AF%82%E5%AF%9E" n2="%E9%A6%AC%E5%BC%95%E7%81%AB%33" n3="%E3%82%8F%E3%81%8B%E3%81%B0%2A%E3%82%AC%E3%83%BC%E3%83%AB" dan="16,16,16,16" rate="2139.55,2109.86,2071.61,2104.69" sx="M,F,M,M"/><TAIKYOKU oya="0"/><INIT seed="0,0,0,0,2,29" ten="250,250,250,250" oya="0" hai0="15,114,23,21,65,123,85,117,82,131,84,87,60" hai1="14,134,59,89,38,27,112,10,72,119,90,46,30" hai2="47,96,18,49,125,113,88,24,51,41,115,116,54" hai3="97,58,9,79,76,135,110,11,106,132,45,105,7"/><T1/><D114/><U102/><E119/><V44/><F116/><W98/><G58/><T74/><D117/><U95/><E72/><V78/><F125/><W104/><G45/><T4/><D123/><U52/><E134/><N who="3" m="51242" /><G7/><T109/><D1/><U124/><E124/><V103/><F78/><N who="3" m="29739" /><G110/><T101/><D109/><U63/><E112/><V32/><F103/><W19/><G19/><T122/><D74/><U12/><E38/><V73/><F73/><W81/><G81/><T13/><D101/><U17/><E14/><N who="0" m="5129" /><D131/><U35/><REACH who="1" step="1"/><E46/><REACH who="1" ten="250,240,250,250" step="2"/><V75/><F75/><W53/><G53/><T55/><D55/><U34/><E34/><V37/><F37/><W111/><G111/><T71/><D122/><U121/><E121/><V25/><F32/><W28/><G28/><T5/><D82/><U94/><E94/><V62/><F113/><W20/><G20/><T22/><D22/><U127/><E127/><V80/><F80/><W31/><G31/><T6/><D23/><U40/><E40/><V61/><F115/><W68/><G68/><T129/><D21/><U108/><E108/><V33/><F33/><W133/><G133/><T69/><D71/><U66/><E66/><V2/><F41/><W57/><G57/><N who="0" m="37007" /><D129/><U64/><E64/><V118/><F118/><W50/><G106/><T130/><D130/><U48/><E48/><V128/><F128/><W26/><G50/><T92/><D69/><U36/><E36/><V39/><F39/><W43/><G43/><T99/><D92/><U3/><E3/><V16/><F2/><W107/><G26/><T83/><D83/><RYUUKYOKU ba="0,1" sc="250,10,240,10,250,-30,250,10" hai0="4,5,6,84,85,87,99" hai1="10,12,17,27,30,35,52,59,63,89,90,95,102" hai3="9,11,97,98,104,105,107" /><INIT seed="0,1,1,4,3,4" ten="260,250,220,260" oya="0" hai0="46,75,85,42,71,134,83,67,116,43,13,27,68" hai1="28,40,131,118,98,110,129,101,95,57,15,117,115" hai2="60,9,69,32,120,125,58,24,123,8,44,34,41" hai3="33,130,82,26,119,5,51,66,10,89,100,96,105"/><T90/><D116/><U79/><E28/><V37/><F69/><W107/><G119/><N who="1" m="45578" /><E15/><V93/><F125/><W17/><G130/><N who="1" m="49674" /><E40/><V87/><F87/><W23/><G107/><T104/><D104/><N who="1" m="63543" /><E57/><V21/><F93/><W16/><G33/><T0/><D0/><U124/><E110/><V47/><F47/><W49/><G66/><T70/><D67/><U19/><E19/><V35/><F120/><W77/><G89/><T11/><D27/><U106/><E106/><V6/><F123/><W2/><REACH who="3" step="1"/><G17/><REACH who="3" ten="260,250,220,250" step="2"/><T121/><D121/><U86/><E124/><V113/><F113/><W38/><G38/><T18/><D18/><U73/><E115/><V22/><F35/><W103/><G103/><T48/><D71/><U127/><E127/><V36/><F36/><W126/><G126/><T50/><D70/><U25/><E25/><V80/><F24/><W63/><G63/><T53/><D68/><U45/><E45/><V109/><F37/><W7/><G7/><T91/><D46/><U132/><E132/><V74/><F34/><W14/><G14/><T135/><D13/><U1/><E1/><V84/><F32/><W128/><G128/><T108/><D135/><U88/><E79/><V30/><F6/><W81/><G81/><T92/><D83/><U62/><E62/><V111/><F80/><W133/><G133/><T97/><D134/><U54/><E54/><V3/><F60/><W65/><G65/><T72/><D53/><U76/><E76/><V55/><F3/><W12/><G12/><T29/><D43/><U20/><E20/><V64/><F22/><RYUUKYOKU ba="1,2" sc="260,-15,250,15,220,-15,250,15" hai1="73,86,88,95" hai3="2,5,10,16,23,26,49,51,77,82,96,100,105" /><INIT seed="1,2,2,2,2,116" ten="245,265,205,265" oya="1" hai0="75,82,107,97,65,2,4,29,43,34,80,79,106" hai1="92,45,83,85,39,130,26,115,101,13,120,0,35" hai2="23,70,112,18,90,126,113,15,38,132,47,135,50" hai3="72,69,37,71,84,52,114,60,31,67,103,58,63"/><U77/><E0/><V96/><F70/><W28/><G72/><T22/><D22/><U88/><E115/><N who="2" m="44107" /><F126/><W89/><G114/><T78/><D65/><U108/><E101/><V121/><F38/><W131/><G131/><T24/><D43/><U128/><E120/><V133/><F121/><W95/><G37/><T94/><D4/><U123/><E123/><V56/><F56/><W110/><G110/><T20/><D2/><U127/><E127/><V81/><F81/><W134/><G134/><N who="2" m="34305" /><V21/><DORA hai="6" /><F21/><W66/><G103/><T87/><REACH who="0" step="1"/><D34/><REACH who="0" ten="235,265,205,265" step="2"/><U53/><E108/><V30/><F30/><W93/><REACH who="3" step="1"/><G93/><REACH who="3" ten="235,265,205,255" step="2"/><T27/><D27/><U9/><E26/><V111/><F111/><W42/><G42/><T118/><D118/><U46/><E35/><V40/><F90/><AGARI ba="2,4" hai="20,24,29,75,78,79,80,82,87,90,94,97,106,107" machi="90" ten="30,3900,0" yaku="1,1,7,1,53,1" doraHai="116,6" doraHaiUra="104,48" who="0" fromWho="2" sc="235,85,265,0,205,-45,255,0" /><INIT seed="2,0,0,5,4,38" ten="320,265,160,255" oya="2" hai0="82,37,88,41,119,104,81,116,121,40,80,30,71" hai1="48,1,20,39,54,115,130,131,22,78,122,90,25" hai2="53,2,24,117,83,44,129,63,18,77,107,35,57" hai3="92,0,11,50,96,97,49,14,56,62,6,46,65"/><V17/><F117/><N who="0" m="45130" /><D121/><U29/><E39/><V58/><F129/><N who="1" m="49161" /><E1/><V89/><F2/><W51/><G0/><T60/><D37/><U23/><E78/><V124/><F124/><W108/><G108/><T112/><D112/><U93/><E115/><V125/><F125/><W73/><G73/><T128/><D128/><U103/><E103/><V13/><F107/><W55/><REACH who="3" step="1"/><G97/><REACH who="3" ten="320,265,160,245" step="2"/><T68/><D104/><U32/><E122/><V101/><F101/><AGARI ba="0,1" hai="6,11,14,46,49,50,51,55,56,62,65,92,96,101" machi="101" ten="30,8000,1" yaku="1,1,2,1,7,1,8,1,53,1" doraHai="38" doraHaiUra="59" who="3" fromWho="2" sc="320,0,265,0,160,-80,245,90" /><INIT seed="3,0,0,3,4,25" ten="320,265,80,335" oya="3" hai0="24,23,41,123,95,27,61,86,37,112,1,130,49" hai1="3,20,75,66,45,38,73,113,114,7,0,129,76" hai2="52,54,87,84,117,85,32,56,110,19,11,10,48" hai3="109,127,12,90,16,121,125,65,105,46,122,26,124"/><W59/><G109/><T60/><D123/><U92/><E92/><V47/><F110/><W63/><G105/><T100/><D1/><N who="1" m="587" /><E7/><V80/><F32/><W13/><G46/><N who="0" m="25807" /><D37/><U88/><E20/><V99/><F117/><W107/><G107/><T81/><D112/><N who="1" m="43115" /><E76/><V93/><F80/><W2/><G2/><T94/><D130/><U98/><E66/><V53/><F47/><W91/><G26/><N who="0" m="9771" /><D23/><U128/><E45/><V72/><F48/><W22/><G12/><T118/><D118/><U58/><E58/><V51/><F51/><W21/><G22/><T17/><D17/><U44/><E44/><V79/><F56/><W8/><G21/><T5/><D5/><U40/><E40/><V77/><F19/><W103/><G103/><T30/><D30/><U82/><E98/><V42/><F42/><W57/><G57/><T55/><D55/><U36/><E88/><AGARI ba="0,0" hai="8,13,16,59,63,65,88,90,91,121,122,124,125,127" machi="88" ten="40,7700,0" yaku="18,1,54,2" doraHai="25" who="3" fromWho="1" sc="320,0,265,-77,80,0,335,77" owari="320,12.0,188,-21.2,80,-42.0,412,51.2" /></mjloggm>