<mjloggm ver="2.3"><GO type="225" lobby="0"/><UN n0="%E6%81%A5%E6%99%92%E3%81%97" n1="%E3%82%A4%E3%83%BC%E3%82%B1%E3%83%97%E3%83%A9" n2="%E3%83%B4%E3%82%A3%E3%83%AF%E3%82%B3%E3%82%B0%E3%83%8B" n3="%E7%99%BD%E5%80%89%E5%AF%9B%E4%B9%8B" dan="16,16,17,16" rate="2123.65,2164.05,2206.73,2147.73" sx="M,M,M,M"/><TAIKYOKU oya="0"/><INIT seed="0,0,0,1,5,10" ten="250,250,250,250" oya="0" hai0="119,46,23,87,78,124,134,74,93,72,25,101,1" hai1="109,130,37,59,89,19,20,70,97,127,103,28,44" hai2="34,128,36,14,55,84,83,121,68,106,120,26,33" hai3="62,22,123,60,76,32,125,118,116,131,102,64,132"/><T48/><D119/><U66/><E70/><V133/><F128/><W80/><G32/><T105/><D1/><U53/><E109/><V104/><F36/><W54/><G131/><T94/><D124/><U73/><E73/><V42/><F42/><W41/><G125/><T17/><D134/><U122/><E122/><V98/><F133/><W13/><G132/><T3/><D3/><U111/><E111/><V114/><F114/><W63/><G41/><T31/><D105/><U91/><E28/><V8/><F68/><W4/><G64/><T85/><D74/><U65/><E37/><V115/><F115/><W24/><G102/><T99/><D72/><U0/><E0/><V56/><F33/><W117/><G123/><T27/><D93/><N who="1" m="58799" /><E130/><V7/><F104/><W40/><G40/><T49/><D78/><U11/><E11/><V2/><F2/><W82/><G54/><N who="0" m="29975" /><D49/><N who="1" m="28839" /><E127/><V81/><F81/><W110/><G76/><T15/><D31/><U86/><E59/><V29/><F106/><W30/><REACH who="3" step="1"/><G110/><REACH who="3" ten="250,250,250,240" step="2"/><T69/><D69/><U47/><E91/><V43/><F43/><W18/><G18/><T126/><D126/><U100/><E100/><V108/><F108/><W16/><G16/><N who="0" m="12519" /><D27/><N who="1" m="14751" /><E66/><V6/><F121/><W51/><G51/><T21/><AGARI ba="0,1" hai="15,17,21,85,87,94,99,101" m="12519,29975" machi="21" ten="30,6000,0" yaku="8,1,52,1,54,1" doraHai="10" who="0" fromWho="0" sc="250,70,250,-20,250,-20,240,-20" /><INIT seed="0,1,0,3,5,50" ten="320,230,230,220" oya="0" hai0="65,117,89,92,9,15,132,25,98,72,128,133,84" hai1="67,63,53,81,0,6,29,127,14,4,37,82,111" hai2="105,131,90,124,21,41,126,54,125,17,58,134,85" hai3="34,11,73,99,93,7,36,123,97,1,66,112,23"/><T106/><D117/><U130/><E37/><V68/><F68/><W33/><G36/><T115/><D115/><U26/><E0/><V103/><F134/><W121/><G73/><T122/><D122/><N who="3" m="46601" /><G112/><T19/><D128/><U83/><E111/><V52/><F131/><W49/><G66/><T102/><D65/><U12/><E130/><V47/><F103/><N who="3" m="60847" /><G99/><T80/><REACH who="0" step="1"/><D25/><REACH who="0" ten="310,230,230,220" step="2"/><U5/><E67/><V88/><F105/><W113/><G113/><T51/><D51/><U76/><E26/><N who="2" m="14639" /><F58/><W46/><G23/><T94/><D94/><U42/><E127/><V60/><F60/><W38/><G38/><T40/><D40/><AGARI ba="1,1" hai="1,7,11,33,34,40,46,49" m="60847,46601" machi="40" ten="30,1000,0" yaku="13,1" doraHai="50" who="3" fromWho="0" sc="310,-13,230,0,230,0,220,23" /><INIT seed="1,0,0,4,2,19" ten="297,230,230,243" oya="1" hai0="8,24,30,49,47,99,0,120,34,44,16,60,102" hai1="51,39,37,40,128,43,68,62,65,12,96,81,91" hai2="77,117,130,3,90,59,56,100,25,31,92,18,103" hai3="55,113,53,36,115,2,23,108,97,70,134,76,72"/><U80/><E128/><V42/><F117/><W4/><G70/><T75/><D75/><U17/><E39/><V52/><F130/><W74/><G36/><T29/><D120/><U109/><E37/><V41/><F3/><W78/><G97/><T122/><D122/><U87/><E109/><V98/><F77/><W64/><G64/><T124/><D124/><U129/><E129/><V27/><F56/><W118/><G2/><T111/><D111/><U57/><E96/><V21/><F103/><W86/><G4/><T48/><D0/><U114/><E114/><V119/><F100/><W79/><G86/><T125/><D125/><U46/><E68/><V132/><F132/><W28/><G108/><T85/><D85/><U10/><REACH who="1" step="1"/><E81/><REACH who="1" ten="297,220,230,243" step="2"/><V106/><F119/><W107/><G118/><T133/><D99/><U123/><E123/><V32/><REACH who="2" step="1"/><F106/><REACH who="2" ten="297,220,220,243" step="2"/><W7/><G107/><T110/><D110/><U93/><E93/><V13/><F13/><W104/><G104/><T9/><D133/><U1/><E1/><V73/><F73/><W5/><G134/><T54/><D102/><U71/><E71/><V69/><F69/><W127/><G74/><T61/><D24/><U26/><E26/><V88/><F88/><W126/><G72/><T22/><D34/><U11/><E11/><V33/><F33/><W63/><G126/><T35/><D35/><U94/><E94/><V89/><F89/><W121/><G127/><T50/><D8/><U131/><E131/><V67/><F67/><W14/><G121/><T135/><D9/><U66/><E66/><V82/><F82/><RYUUKYOKU ba="0,2" sc="297,-15,220,15,220,15,243,-15" hai1="10,12,17,40,43,46,51,57,62,65,80,87,91" hai2="18,21,25,27,31,32,41,42,52,59,90,92,98" /><INIT seed="1,1,2,2,4,7" ten="282,235,235,228" oya="1" hai0="109,107,42,79,55,69,0,54,106,88,114,90,72" hai1="9,84,52,1,14,89,29,124,17,99,85,123,103" hai2="133,102,4,58,63,70,119,2,94,15,39,129,34" hai3="71,116,62,86,95,51,108,59,101,115,97,82,43"/><U135/><E123/><V125/><F119/><W36/><G116/><T118/><D114/><U45/><E135/><V21/><F133/><W8/><G115/><T49/><D118/><U20/><E124/><V47/><F70/><W13/><G108/><T78/><D69/><U87/><E1/><V83/><F34/><W19/><G71/><T25/><D0/><U110/><E110/><V18/><F129/><W76/><G36/><T128/><D25/><N who="1" m="16551" /><E103/><V75/><F125/><W134/><G134/><T46/><D109/><U32/><E32/><V53/><F75/><W74/><G74/><T92/><D128/><U38/><E38/><V117/><F83/><W120/><G120/><T12/><D72/><U96/><E89/><N who="0" m="34409" /><D92/><U56/><E45/><V98/><F117/><W127/><G127/><T24/><D24/><U10/><E10/><V77/><F77/><N who="0" m="29194" /><D106/><U132/><E132/><V44/><REACH who="2" step="1"/><F39/><REACH who="2" ten="282,235,225,228" step="2"/><W11/><G43/><T5/><D107/><U100/><E100/><V22/><F22/><N who="3" m="11631" /><G51/><AGARI ba="1,3" hai="9,14,17,51,52,56,84,85,87,96,99" m="16551" machi="51" ten="30,5800,0" yaku="8,1,52,1,54,1" doraHai="7" who="1" fromWho="3" sc="282,0,235,91,225,0,228,-61" /><INIT seed="1,2,0,5,0,49" ten="282,326,225,167" oya="1" hai0="79,43,4,94,31,3,100,23,89,11,81,2,0" hai1="46,121,13,20,47,57,82,10,18,50,135,70,119" hai2="67,19,120,39,28,58,129,53,32,126,123,71,25" hai3="33,40,42,115,87,85,48,55,88,86,80,96,118"/><U74/><E119/><V112/><F129/><W110/><G33/><T93/><D100/><U83/><E121/><V16/><F126/><W30/><G118/><T63/><D43/><N who="3" m="16425" /><G115/><T128/><D128/><U107/><E70/><V51/><F39/><W124/><G124/><T22/><D94/><U6/><E107/><V122/><REACH who="2" step="1"/><F112/><REACH who="2" ten="282,326,215,167" step="2"/><W134/><G134/><T66/><D0/><U97/><E135/><V27/><F27/><W72/><G110/><T29/><D2/><U103/><E74/><V69/><F69/><W133/><G133/><T127/><D127/><U60/><E13/><V26/><F26/><W92/><G72/><T41/><D3/><U84/><E6/><V114/><F114/><W61/><G30/><T17/><D29/><U37/><E37/><V34/><F34/><W111/><G111/><T95/><D31/><U68/><E68/><V75/><F75/><W73/><G73/><T36/><D4/><U1/><E1/><V109/><F109/><W9/><G9/><T45/><D11/><U54/><E20/><V14/><F14/><W21/><G21/><T5/><D5/><U132/><E10/><V99/><F99/><W12/><G12/><T76/><D23/><U59/><E132/><V101/><F101/><N who="3" m="60551" /><G61/><AGARI ba="2,1" hai="16,19,25,28,32,51,53,58,61,67,71,120,122,123" machi="61" ten="40,8000,1" yaku="1,1,52,1,54,1,53,1" doraHai="49" doraHaiUra="64" who="2" fromWho="3" sc="282,0,326,0,215,96,167,-86" /><INIT seed="2,0,0,5,0,72" ten="282,326,311,81" oya="2" hai0="127,125,133,114,130,3,65,12,69,33,26,14,30" hai1="6,79,60,23,120,116,95,90,29,50,2,16,93" hai2="19,36,0,28,63,102,53,115,109,64,91,18,61" hai3="119,27,41,135,96,40,113,101,97,17,48,45,89"/><V81/><F115/><W15/><G119/><T107/><D107/><U128/><E116/><V44/><F0/><W46/><G113/><T88/><D114/><U42/><E128/><V62/><F64/><W9/><G135/><T78/><D3/><U67/><E120/><V80/><F28/><W21/><G89/><T100/><D100/><U124/><E124/><N who="0" m="47689" /><D130/><U38/><E38/><V8/><F109/><W75/><G75/><T37/><D37/><U55/><E42/><V20/><F102/><W123/><G123/><T94/><D133/><U87/><E29/><V86/><F36/><W49/><REACH who="3" step="1"/><G101/><REACH who="3" ten="282,326,311,71" step="2"/><T122/><D122/><U54/><E90/><V56/><F80/><W71/><G71/><T82/><D69/><U103/><E103/><V77/><F91/><W106/><G106/><T58/><D88/><U111/><E95/><V25/><REACH who="2" step="1"/><F44/><REACH who="2" ten="282,326,301,71" step="2"/><W74/><G74/><T10/><D82/><U92/><E93/><V1/><F1/><W84/><G84/><T52/><D94/><U31/><E92/><V51/><F51/><W104/><G104/><T126/><D126/><U5/><E87/><V24/><F24/><W35/><G35/><T34/><D26/><U32/><E50/><V76/><F76/><W57/><G57/><T132/><D78/><U131/><E79/><V98/><F98/><W85/><G85/><T117/><D34/><U70/><E32/><V68/><F68/><W4/><AGARI ba="0,2" hai="4,9,15,17,21,27,40,41,45,46,48,49,96,97" machi="4" ten="20,8000,1" yaku="1,1,0,1,7,1,9,1,8,1,53,0" doraHai="72" doraHaiUra="118" who="3" fromWho="3" sc="282,-20,326,-20,301,-40,71,100" /><INIT seed="3,0,0,1,1,37" ten="262,306,261,171" oya="3" hai0="50,88,126,67,2,34,58,60,20,65,108,38,78" hai1="25,16,3,17,104,59,61,131,123,28,40,117,7" hai2="70,133,19,22,68,111,102,36,107,54,53,84,95" hai3="74,87,24,66,12,100,89,128,82,86,30,129,71"/><W112/><G112/><T94/><D34/><U118/><E123/><V21/><F111/><W49/><G100/><T127/><D38/><U13/><E104/><V106/><F36/><W101/><G101/><T85/><D2/><U57/><E40/><V76/><F133/><W109/><G109/><T1/><D1/><U124/><E124/><N who="0" m="47657" /><D108/><U43/><E43/><V130/><F130/><N who="3" m="50283" /><G49/><T29/><D78/><U91/><E91/><V122/><F122/><W6/><G74/><T121/><D121/><U114/><E59/><V4/><F106/><W103/><G103/><T120/><D120/><U11/><E114/><V77/><F107/><W105/><G105/><T99/><D85/><U9/><E17/><V10/><F102/><W63/><G87/><T116/><D116/><U46/><E46/><V80/><F76/><W35/><G12/><T0/><D0/><U45/><E45/><V5/><F95/><W48/><G48/><T81/><D50/><U39/><E39/><V73/><F73/><W96/><G6/><T51/><D51/><U83/><E83/><V79/><F79/><W119/><G119/><T135/><D81/><U31/><E131/><V52/><F4/><W56/><G96/><T42/><D42/><U27/><E118/><V69/><REACH who="2" step="1"/><F5/><REACH who="2" ten="262,306,251,171" step="2"/><W14/><G14/><AGARI ba="0,1" hai="10,14,19,21,22,52,53,54,68,69,70,77,80,84" machi="14" ten="50,12000,2" yaku="1,1,2,1,54,1,53,3" doraHai="37" doraHaiUra="64" who="2" fromWho="3" sc="262,0,306,0,251,130,171,-120" owari="262,-13.8,306,10.6,381,48.1,51,-44.9" /></mjloggm>