<mjloggm ver="2.3"><GO type="225" lobby="0"/><UN n0="%72%65%6E%6B%75%6E" n1="%EF%BC%AE%EF%BC%A1%EF%BC%AF%33%33%39" n2="%E6%9D%B1%E9%A2%A8%E3%81%AE%E3%81%8D%E3%82%83%E3%81%B7%E3%81%95%E3%82%93" n3="%E3%81%BF%E3%81%BF%E3%81%9A" dan="17,16,16,17" rate="2196.93,2176.55,2202.58,2190.64" sx="M,M,M,M"/><TAIKYOKU oya="0"/><INIT seed="0,0,0,1,4,85" ten="250,250,250,250" oya="0" hai0="31,40,32,65,25,129,72,78,75,16,119,77,24" hai1="20,29,122,10,70,38,34,133,51,56,126,134,127" hai2="99,68,43,100,45,21,84,117,52,73,103,4,88" hai3="95,48,97,90,102,79,130,5,66,105,8,92,98"/><T80/><D129/><U0/><E38/><V36/><F73/><W55/><G130/><T101/><D119/><U9/><E70/><V1/><F68/><W74/><G66/><T94/><D40/><U59/><E51/><V33/><F33/><W17/><G17/><T112/><D112/><U7/><E56/><V107/><F103/><W116/><G116/><T91/><D101/><U15/><E59/><V58/><F117/><W46/><G74/><T108/><D108/><U37/><E37/><V12/><F1/><W39/><G39/><T14/><D65/><U57/><E57/><V54/><F58/><W30/><G30/><T124/><D124/><N who="1" m="47659" /><E34/><V6/><F6/><W35/><G35/><T27/><D77/><U41/><E41/><V123/><F123/><W67/><G67/><T86/><REACH who="0" step="1"/><D75/><REACH who="0" ten="240,250,250,250" step="2"/><U96/><E122/><V50/><F36/><W114/><G114/><T82/><D82/><U53/><E53/><V44/><F44/><W22/><G79/><T131/><D131/><U111/><E111/><V11/><F21/><AGARI ba="0,1" hai="14,16,21,24,25,27,31,32,72,78,80,86,91,94" machi="21" ten="30,11600,0" yaku="1,1,7,1,52,1,54,1,53,0" doraHai="85" doraHaiUra="113" who="0" fromWho="2" sc="240,126,250,0,250,-116,250,0" /><INIT seed="0,1,0,0,2,26" ten="366,250,134,250" oya="0" hai0="4,132,20,127,34,78,96,6,76,77,59,38,129" hai1="19,44,47,55,105,125,108,57,122,49,67,15,68" hai2="32,33,29,42,97,9,79,114,98,35,24,51,54" hai3="40,11,39,18,5,131,104,111,7,106,83,121,88"/><T102/><D34/><U65/><E105/><V110/><F114/><W31/><G111/><T101/><D38/><U13/><E122/><V3/><F110/><W107/><G121/><T52/><D129/><U117/><E108/><V66/><F66/><W94/><G131/><T63/><D127/><U28/><E117/><V81/><F42/><W120/><G120/><T84/><D132/><U21/><E125/><V115/><F115/><W1/><G83/><T103/><D96/><U119/><E119/><V58/><F9/><W134/><G134/><T92/><REACH who="0" step="1"/><D20/><REACH who="0" ten="356,250,134,250" step="2"/><U93/><E21/><V82/><F3/><W95/><G106/><T112/><D112/><U71/><E71/><V89/><F98/><W133/><G107/><T86/><D86/><U2/><E68/><V45/><F97/><W56/><G104/><T109/><D109/><U17/><E2/><V87/><REACH who="2" step="1"/><F45/><REACH who="2" ten="356,250,124,250" step="2"/><N who="3" m="23711" /><G133/><T91/><AGARI ba="1,2" hai="4,6,52,59,63,76,77,78,84,91,92,101,102,103" machi="91" ten="40,12000,1" yaku="1,1,0,1,8,1,54,1,53,1" doraHai="26" doraHaiUra="85" who="0" fromWho="0" sc="356,143,250,-41,124,-41,250,-41" /><INIT seed="0,2,0,1,5,38" ten="499,209,83,209" oya="0" hai0="35,91,14,123,42,110,11,6,55,132,19,33,52" hai1="12,87,65,131,105,0,24,68,60,125,13,73,114" hai2="23,93,29,43,128,103,62,84,95,82,111,96,134" hai3="1,9,51,37,20,78,22,86,66,58,116,34,129"/><T64/><D123/><U56/><E73/><V118/><F111/><W98/><G34/><T121/><D121/><U89/><E0/><V69/><F134/><W77/><G37/><T97/><D132/><U53/><E105/><V7/><F7/><W104/><G116/><T81/><D110/><U133/><E133/><V94/><F128/><W79/><G129/><T48/><D64/><U27/><E131/><V54/><F118/><W46/><G104/><T25/><D35/><U36/><E36/><V32/><F32/><W39/><G39/><T30/><BYE who="3" /><D6/><U18/><E13/><V130/><F130/><W61/><G61/><T75/><D97/><U26/><E125/><V28/><F43/><W126/><G126/><T99/><D99/><U107/><E107/><V76/><F69/><W72/><G72/><T88/><D75/><U44/><E114/><UN n3="%E3%81%BF%E3%81%BF%E3%81%9A" /><V124/><F124/><W15/><G1/><T47/><REACH who="0" step="1"/><D91/><REACH who="0" ten="489,209,83,209" step="2"/><U16/><E65/><V49/><F96/><W113/><G98/><T8/><D8/><U45/><E89/><V80/><F103/><W3/><G113/><T50/><D50/><U122/><E122/><V90/><F62/><N who="3" m="38231" /><G3/><T117/><D117/><U21/><E60/><V74/><REACH who="2" step="1"/><F23/><REACH who="2" ten="489,209,73,209" step="2"/><W31/><G22/><T109/><D109/><U108/><E21/><V5/><F5/><N who="3" m="3503" /><G20/><T101/><D101/><U41/><E108/><V112/><F112/><W4/><G4/><T67/><D67/><U2/><E2/><V57/><AGARI ba="2,2" hai="28,29,49,54,57,74,76,80,82,84,90,93,94,95" machi="57" ten="30,2000,0" yaku="1,1,0,1,53,0" doraHai="38" doraHaiUra="71" who="2" fromWho="2" sc="489,-12,209,-7,73,46,209,-7" /><INIT seed="1,0,0,3,1,55" ten="477,202,119,202" oya="1" hai0="25,63,127,85,38,17,66,133,113,74,34,50,118" hai1="102,81,11,43,108,67,93,109,92,106,21,15,44" hai2="135,46,107,4,29,64,5,59,90,125,119,56,27" hai3="26,13,54,37,111,10,88,3,30,96,31,53,68"/><U124/><E67/><V116/><F107/><W35/><G68/><T89/><D38/><U97/><E21/><N who="2" m="15599" /><F135/><W57/><G37/><T103/><D74/><U134/><E81/><V28/><F125/><W130/><G111/><N who="1" m="42570" /><E134/><V105/><F105/><W62/><G130/><T24/><D24/><U1/><E1/><V101/><F119/><W52/><G3/><T75/><D25/><U22/><E22/><V83/><F116/><W69/><G69/><T117/><D34/><U94/><E124/><V98/><F64/><W132/><G132/><T16/><D66/><U104/><E104/><V78/><F46/><W77/><G77/><T87/><D117/><U60/><E60/><V48/><F48/><W82/><G30/><T131/><D63/><U73/><E73/><V14/><F28/><W42/><G42/><T70/><D75/><U80/><E80/><V95/><F78/><W126/><G126/><T47/><D127/><U12/><E11/><N who="2" m="4455" /><F5/><W72/><G72/><T112/><D118/><U65/><E65/><V99/><F99/><W91/><G82/><T121/><D70/><U32/><E32/><V2/><F2/><W20/><G35/><T122/><D133/><U8/><E8/><V120/><F120/><W7/><G96/><T39/><D121/><U33/><E33/><V114/><F114/><W71/><G71/><T49/><D122/><U84/><E84/><AGARI ba="0,0" hai="56,59,83,84,90,95,98,101" m="4455,15599" machi="84" ten="30,3900,0" yaku="8,1,52,2" doraHai="55" who="2" fromWho="1" sc="477,0,202,-39,119,39,202,0" /><INIT seed="2,0,0,3,0,71" ten="477,163,158,202" oya="2" hai0="112,27,10,59,126,57,75,100,93,113,49,116,1" hai1="107,95,131,103,44,110,42,105,41,78,88,70,81" hai2="82,34,125,39,50,86,40,20,72,87,8,17,61" hai3="76,127,135,24,91,124,62,22,4,106,85,102,48"/><V2/><F125/><N who="3" m="48203" /><G135/><T21/><D75/><U56/><E70/><V3/><F34/><W97/><G4/><T92/><D126/><U77/><E56/><V23/><F61/><W5/><G5/><T35/><D35/><U79/><E42/><V26/><F50/><W66/><G48/><T29/><D116/><U14/><E14/><V104/><F104/><N who="1" m="40009" /><E44/><N who="2" m="23583" /><F20/><W25/><G76/><N who="1" m="29290" /><E41/><V51/><F51/><W118/><G118/><T28/><D93/><U33/><E33/><V96/><F96/><W123/><G123/><T115/><D100/><U13/><E13/><V65/><F65/><W16/><G24/><T6/><D92/><U19/><E19/><V12/><F2/><W47/><G47/><T99/><D99/><N who="1" m="59903" /><E131/><V38/><F38/><W46/><G46/><T121/><D121/><U18/><E18/><N who="2" m="12663" /><F3/><W58/><G85/><T9/><D29/><U133/><E133/><V60/><F60/><W32/><G32/><T109/><D49/><U0/><E0/><V108/><F108/><W122/><G122/><T117/><D109/><U120/><E120/><V80/><F80/><W43/><G43/><T132/><D132/><U30/><E30/><V94/><F94/><N who="3" m="56543" /><G106/><T11/><D117/><U74/><E110/><V31/><F31/><W45/><G45/><T98/><D98/><U111/><E111/><V36/><F36/><W64/><G66/><T15/><D1/><U67/><E67/><V90/><F90/><AGARI ba="0,0" hai="74,79,81,88,90" m="59903,29290,40009" machi="90" ten="30,12000,2" yaku="35,5,54,1" doraHai="71" who="1" fromWho="2" sc="477,0,163,120,158,-120,202,0" /><INIT seed="3,0,0,1,1,126" ten="477,283,38,202" oya="3" hai0="18,97,73,58,81,31,34,88,116,125,30,57,107" hai1="66,74,112,52,22,54,133,25,12,20,77,119,80" hai2="78,129,109,49,68,15,10,135,40,7,108,26,120" hai3="84,115,100,35,23,70,67,27,85,55,21,110,65"/><W33/><G115/><T130/><D130/><U82/><E112/><V28/><F120/><W64/><G70/><T37/><D116/><U95/><E66/><V71/><F78/><W122/><G122/><T103/><D37/><U8/><E119/><V134/><F49/><W104/><G55/><T93/><D125/><U89/><E82/><V11/><F40/><W69/><G69/><T29/><D34/><U3/><E3/><V32/><F68/><W47/><G47/><T131/><D131/><U111/><E111/><N who="2" m="42571" /><F71/><W96/><G110/><T45/><D18/><U117/><E117/><V79/><F79/><W118/><G118/><T43/><D43/><U14/><E14/><V0/><F15/><W76/><G76/><N who="0" m="44175" /><D45/><U106/><E106/><V87/><F87/><AGARI ba="0,0" hai="29,30,31,57,58,87,88,93,97,103,107" m="44175" machi="87" ten="30,2000,0" yaku="24,1,54,1" doraHai="126" who="0" fromWho="2" sc="477,20,283,0,38,-20,202,0" owari="497,59.7,283,8.3,18,-48.2,202,-19.8" /></mjloggm>