<mjloggm ver="2.3"><GO type="225" lobby="0"/><UN n0="%E3%82%B3%E3%83%90%E3%83%AC%E3%82%A4" n1="%E3%81%8B%E3%82%8F%E3%81%A1%E3%82%83%E3%82%93%35%38" n2="%72%69%6F%75%63%68%61%6E" n3="%E3%81%90%E3%81%A1%E3%82%84%E3%81%BE" dan="16,16,16,16" rate="2159.17,2148.29,2125.85,2156.84" sx="M,M,M,M"/><TAIKYOKU oya="0"/><INIT seed="0,0,0,0,1,90" ten="250,250,250,250" oya="0" hai0="100,12,76,71,74,135,5,63,56,2,122,68,11" hai1="4,117,18,102,77,128,48,14,19,118,27,66,42" hai2="67,79,88,105,28,39,45,44,126,53,69,6,30" hai3="57,65,130,94,3,0,13,43,132,17,58,97,60"/><T107/><D122/><U24/><E66/><V25/><F105/><W112/><G132/><T120/><D135/><U64/><E64/><V21/><F126/><W87/><G130/><T92/><D107/><U83/><E128/><V51/><F79/><W119/><G112/><T124/><D120/><U127/><E127/><V75/><F75/><W115/><G115/><T91/><D100/><U10/><E118/><V54/><F6/><W104/><G119/><T15/><D2/><U38/><E38/><V52/><F28/><W7/><G7/><T46/><D15/><U89/><E89/><V36/><F44/><W95/><G104/><T81/><D46/><N who="1" m="25687" /><E102/><V82/><F67/><W110/><G110/><T123/><D123/><U47/><E47/><V61/><F69/><W85/><G43/><T62/><D124/><U108/><E108/><V23/><F23/><W49/><G0/><T32/><D32/><U116/><E116/><V133/><F133/><W8/><G3/><T1/><D1/><U96/><E96/><V37/><REACH who="2" step="1"/><F61/><REACH who="2" ten="250,250,240,250" step="2"/><W80/><G60/><T98/><D63/><U93/><E117/><V50/><F50/><W16/><G65/><AGARI ba="0,1" hai="5,11,12,56,62,65,68,71,74,76,81,91,92,98" machi="65" ten="30,2900,0" yaku="7,1,52,1" doraHai="90" who="0" fromWho="3" sc="250,39,250,0,240,0,250,-29" /><INIT seed="0,1,0,2,3,66" ten="289,250,240,221" oya="0" hai0="61,74,86,113,79,6,24,58,96,52,104,78,2" hai1="35,67,130,23,17,82,13,0,14,118,33,50,81" hai2="128,120,5,51,132,114,102,119,39,28,109,97,45" hai3="69,60,117,83,125,72,32,55,108,71,11,43,88"/><T87/><D113/><U25/><E118/><V22/><F120/><W10/><G117/><T75/><D74/><U44/><E0/><V121/><F121/><W135/><G32/><T36/><D36/><U91/><E130/><V3/><F119/><W41/><G108/><T101/><D2/><U112/><E112/><V7/><F114/><W16/><G125/><T54/><D6/><U131/><E131/><V80/><F128/><W95/><G135/><T90/><D75/><U107/><E107/><V64/><F109/><W37/><G72/><T68/><D87/><U53/><E67/><V127/><F127/><W48/><G83/><N who="1" m="31754" /><E33/><V98/><F132/><W4/><G60/><T110/><D110/><U92/><E35/><V29/><F39/><W99/><G11/><T27/><D68/><U21/><E23/><V34/><F34/><W65/><G65/><T115/><D115/><U100/><E100/><V31/><F64/><W123/><G123/><T73/><D73/><U19/><E19/><V94/><F3/><W42/><G37/><T111/><D111/><U59/><E44/><V49/><F80/><W76/><G76/><T124/><D124/><U56/><E56/><V47/><F22/><W70/><G16/><T126/><D126/><U8/><E8/><V133/><F133/><W129/><G129/><T57/><D79/><U15/><E25/><V89/><F45/><W38/><G38/><T84/><D78/><U122/><E122/><V105/><F47/><N who="3" m="28063" /><G10/><T116/><D116/><U103/><E103/><V63/><F63/><W12/><G4/><T40/><D61/><RYUUKYOKU ba="1,0" sc="289,-30,250,10,240,10,221,10" hai1="13,14,15,17,21,50,53,59,91,92" hai2="5,7,28,29,31,49,51,89,94,97,98,102,105" hai3="12,41,42,43,69,70,71,88,95,99" /><INIT seed="1,2,0,1,2,28" ten="259,260,250,231" oya="1" hai0="17,43,54,135,109,127,50,11,44,112,27,38,128" hai1="15,111,125,61,41,69,56,80,2,104,49,113,63" hai2="123,22,59,35,1,45,130,42,19,64,101,10,3" hai3="58,117,37,99,95,134,96,31,116,81,46,57,23"/><U29/><E113/><V70/><F123/><W124/><G124/><T8/><D112/><U77/><E2/><V16/><F130/><W62/><G134/><T55/><D135/><U120/><E120/><V100/><F70/><W114/><G114/><T5/><D128/><U21/><E104/><V98/><F35/><W118/><G81/><T126/><D109/><U53/><E125/><N who="0" m="47625" /><D38/><U60/><E111/><V68/><F68/><W73/><G73/><T7/><D17/><U12/><E69/><V79/><F79/><W106/><G106/><T14/><D27/><N who="1" m="16623" /><E41/><V89/><F89/><W119/><N who="3" m="29696" /><DORA hai="72" /><W65/><G58/><T75/><D75/><U71/><E71/><V107/><F101/><W97/><G31/><T32/><D32/><U33/><E33/><V94/><F107/><W39/><G23/><T129/><D129/><U34/><E34/><V88/><F100/><W83/><G83/><T47/><D47/><U103/><E103/><V93/><F94/><W74/><G74/><T108/><D108/><U92/><E92/><V48/><F10/><W13/><G13/><AGARI ba="2,0" hai="5,7,8,11,13,14,43,44,50,54,55" m="47625" machi="13" ten="30,1000,0" yaku="18,1" doraHai="28,72" who="0" fromWho="3" sc="259,16,260,0,250,0,231,-16" /><INIT seed="2,0,0,4,5,87" ten="275,260,250,215" oya="2" hai0="61,32,49,45,97,118,94,100,103,64,37,109,15" hai1="108,104,36,111,1,73,41,79,50,123,38,40,48" hai2="20,77,115,5,99,107,72,128,127,70,31,53,23" hai3="16,80,4,68,47,125,44,84,14,54,83,59,27"/><V113/><F70/><W96/><G125/><T43/><D118/><U81/><E104/><V13/><F127/><W82/><G68/><T0/><D0/><U112/><E112/><V117/><F117/><W122/><G122/><T124/><D124/><U132/><E1/><V134/><F128/><W75/><G75/><T33/><D103/><U130/><E130/><V91/><F134/><W10/><G96/><T133/><D133/><U78/><E132/><V120/><F120/><W24/><G84/><T26/><D109/><N who="1" m="42059" /><E123/><V19/><F5/><W116/><G116/><T11/><D26/><N who="3" m="9769" /><G4/><T65/><D37/><N who="1" m="14443" /><E79/><V121/><F121/><W29/><G29/><T7/><D65/><U46/><E50/><AGARI ba="0,0" hai="10,14,16,44,47,50,54,59,80,82,83" m="9769" machi="50" ten="30,2000,0" yaku="8,1,54,1" doraHai="87" who="3" fromWho="1" sc="275,0,260,-20,250,0,215,20" /><INIT seed="3,0,0,0,2,14" ten="275,240,250,235" oya="3" hai0="106,94,92,132,48,104,115,113,1,30,54,36,84" hai1="70,81,50,24,124,111,99,53,108,125,116,122,96" hai2="29,77,10,51,126,22,57,109,67,2,33,27,60" hai3="61,88,73,78,117,79,43,55,127,130,44,72,46"/><W9/><G117/><T121/><D1/><U86/><E70/><V26/><F109/><N who="1" m="42057" /><E24/><V100/><F126/><N who="1" m="48745" /><E116/><V75/><F100/><W93/><G127/><T11/><D36/><U90/><E122/><V97/><F97/><N who="1" m="37449" /><E50/><V119/><F119/><W23/><G130/><T89/><D30/><U35/><E53/><V31/><F51/><W123/><G123/><T59/><D121/><U38/><E38/><V102/><F102/><W120/><G120/><T76/><D11/><U5/><E5/><V82/><F10/><W37/><G9/><T8/><D8/><U58/><E58/><V118/><REACH who="2" step="1"/><F118/><REACH who="2" ten="275,240,240,235" step="2"/><W107/><G107/><T114/><D106/><U68/><E68/><V133/><F133/><W56/><G46/><T13/><D132/><U112/><E35/><V105/><F105/><W19/><G73/><T101/><D104/><U52/><E52/><V95/><F95/><W42/><G72/><T0/><D48/><U80/><E112/><V3/><AGARI ba="0,1" hai="2,3,22,26,27,29,31,33,57,60,67,75,77,82" machi="3" ten="30,4000,0" yaku="1,1,0,1,53,1" doraHai="14" doraHaiUra="17" who="2" fromWho="2" sc="275,-10,240,-10,240,50,235,-20" /><INIT seed="4,0,0,2,4,13" ten="265,230,290,215" oya="0" hai0="64,34,31,33,97,20,58,32,94,16,8,6,10" hai1="55,26,67,62,46,125,69,59,98,126,127,36,72" hai2="106,70,68,53,79,75,118,130,65,83,108,112,0" hai3="135,21,96,109,18,5,122,121,51,3,43,71,47"/><T9/><D6/><U78/><E72/><V107/><F108/><W134/><G109/><T15/><D58/><U111/><E78/><V44/><F0/><W49/><G71/><T113/><D64/><U84/><E84/><V39/><F112/><W12/><G96/><T81/><D81/><U38/><E111/><V30/><F130/><W40/><G5/><T88/><REACH who="0" step="1"/><D113/><REACH who="0" ten="255,230,290,215" step="2"/><U35/><E67/><V27/><F65/><W50/><G3/><T61/><D61/><U110/><E110/><V19/><F68/><W102/><G102/><T24/><AGARI ba="0,1" hai="8,9,10,15,16,20,24,31,32,33,34,88,94,97" machi="24" ten="40,12000,1" yaku="1,1,0,1,52,1,54,2,53,0" doraHai="13" doraHaiUra="37" who="0" fromWho="0" sc="255,130,230,-40,290,-40,215,-40" owari="385,48.5,190,-21.0,250,5.0,175,-32.5" /></mjloggm>