<mjloggm ver="2.3"><GO type="225" lobby="0"/><UN n0="%4C%4F%4C%49%54%41" n1="%72%69%6F%75%63%68%61%6E" n2="%E3%82%B3%E3%83%90%E3%83%AC%E3%82%A4" n3="%6C%65%74%69%74%62%65" dan="16,16,16,16" rate="2185.76,2121.47,2175.38,2062.75" sx="F,M,M,M"/><TAIKYOKU oya="0"/><INIT seed="0,0,0,4,2,126" ten="250,250,250,250" oya="0" hai0="24,43,19,54,123,32,85,114,35,14,73,107,100" hai1="39,98,65,90,127,82,3,102,21,89,18,66,109" hai2="68,36,96,52,23,130,135,77,34,13,64,94,6" hai3="93,58,63,62,9,131,47,25,99,67,134,5,128"/><T84/><D114/><U11/><E109/><V74/><F36/><W129/><G134/><T44/><D123/><U31/><E127/><V71/><F34/><W29/><G47/><T106/><D73/><U125/><E125/><V101/><F135/><W116/><G116/><T83/><D54/><U124/><E124/><V42/><F42/><W119/><G119/><T118/><D118/><U86/><E39/><V108/><F108/><W91/><G62/><T26/><D85/><U117/><E117/><V88/><F64/><W70/><G70/><T69/><D69/><U53/><E90/><V33/><F33/><N who="3" m="20655" /><G9/><T51/><D32/><U28/><E53/><V60/><F74/><W37/><G37/><T57/><D57/><U97/><E3/><V92/><F77/><W75/><G75/><T113/><D113/><U49/><E49/><V104/><F104/><W81/><G81/><T76/><D35/><U0/><E0/><V38/><F38/><W56/><G56/><T115/><D115/><U15/><E97/><V121/><F121/><W95/><G95/><T8/><D107/><U103/><E103/><V2/><F2/><W7/><AGARI ba="0,0" hai="5,7,58,63,67,91,93,99,128,129,131" m="20655" machi="7" ten="40,8000,1" yaku="19,1,52,3" doraHai="126" who="3" fromWho="3" sc="250,-40,250,-20,250,-20,250,80" /><INIT seed="1,0,0,1,0,135" ten="210,230,230,330" oya="1" hai0="12,131,58,6,95,85,62,13,29,67,23,130,15" hai1="21,94,100,106,102,55,89,97,128,71,74,60,112" hai2="36,118,3,56,51,14,0,48,39,88,45,87,4" hai3="105,129,123,7,120,111,33,115,101,26,86,59,70"/><U93/><E112/><V44/><F118/><W134/><G115/><T83/><D95/><U121/><E121/><V119/><F119/><W124/><G7/><T69/><D69/><U37/><E37/><V18/><F56/><W25/><G134/><T11/><D29/><U41/><E74/><V1/><F4/><W76/><G70/><T133/><D133/><U34/><E34/><V96/><F96/><W24/><G33/><T90/><REACH who="0" step="1"/><D23/><REACH who="0" ten="200,230,230,330" step="2"/><U50/><E71/><V66/><F66/><W122/><G122/><T117/><D117/><U82/><E21/><V132/><F132/><W64/><G120/><T68/><D68/><U80/><E94/><V99/><F99/><W57/><G123/><T52/><D52/><U116/><E116/><V8/><F48/><W40/><G64/><T32/><D32/><U54/><E54/><V107/><F107/><W113/><G105/><T61/><D61/><U31/><E31/><V27/><F39/><W91/><G113/><T43/><D43/><U110/><E41/><V20/><F36/><W103/><G40/><T81/><D81/><U92/><E60/><V127/><F51/><W75/><G111/><T73/><D73/><U77/><E110/><V10/><F20/><W46/><G75/><T28/><D28/><U126/><E106/><V98/><F98/><W109/><G109/><T63/><D63/><U5/><E97/><V17/><F87/><W125/><G86/><T35/><D35/><U2/><E82/><V104/><F104/><W9/><G129/><AGARI ba="0,1" hai="6,11,12,13,15,58,62,67,83,85,90,129,130,131" machi="129" ten="40,5200,0" yaku="1,1,19,1,53,1" doraHai="135" doraHaiUra="78" who="0" fromWho="3" sc="200,62,230,0,230,0,330,-52" /><INIT seed="2,0,0,2,3,51" ten="262,230,230,278" oya="2" hai0="94,120,100,55,32,93,127,84,31,131,3,72,108" hai1="56,129,5,16,116,20,112,83,85,21,33,58,4" hai2="27,99,64,103,19,66,50,102,97,30,101,92,34" hai3="79,9,8,0,98,40,22,41,130,59,121,54,25"/><V70/><F19/><W117/><G121/><T118/><D72/><U105/><E112/><V10/><F10/><W90/><G117/><T62/><D120/><U71/><E116/><V122/><F122/><W77/><G130/><T2/><D118/><U13/><E33/><V123/><F123/><W15/><G0/><T36/><D36/><U110/><E71/><V114/><F114/><W91/><G77/><T61/><D32/><U87/><E129/><V104/><F103/><W49/><G79/><T18/><D131/><U113/><E113/><V134/><F134/><W7/><G8/><T69/><D100/><U37/><E37/><V6/><F6/><N who="1" m="2665" /><E105/><V109/><F109/><W73/><G73/><T52/><D18/><N who="1" m="10319" /><E110/><V81/><F81/><W57/><G57/><N who="1" m="22122" /><E83/><V60/><F50/><W95/><G90/><T38/><D38/><U132/><E132/><V17/><F17/><AGARI ba="0,0" hai="7,9,15,17,22,25,40,41,49,54,59,91,95,98" machi="17" ten="30,3900,0" yaku="7,1,8,1,52,1" doraHai="51" who="3" fromWho="2" sc="262,0,230,0,230,-39,278,39" /><INIT seed="3,0,0,3,5,37" ten="262,230,191,317" oya="3" hai0="117,83,128,108,66,121,51,112,17,74,96,46,135" hai1="87,31,130,122,127,4,56,21,85,54,24,1,44" hai2="42,97,16,35,2,0,65,13,78,91,106,129,23" hai3="84,39,64,15,134,107,98,36,12,132,80,63,120"/><W11/><G120/><T100/><D121/><U18/><E122/><V57/><F35/><W124/><G124/><T103/><D117/><U116/><E127/><V62/><F129/><W86/><G98/><T6/><D128/><U90/><E130/><V110/><F110/><W3/><G107/><T77/><D108/><U113/><E113/><V43/><F78/><W102/><G102/><T123/><D123/><U76/><E116/><V27/><F13/><W60/><G3/><T126/><D135/><U20/><E44/><V99/><F99/><W118/><G118/><T14/><D103/><U29/><E4/><V5/><F106/><W69/><G80/><T111/><D111/><U25/><E1/><V82/><F2/><W88/><G88/><T30/><D66/><U95/><E76/><V68/><F68/><W47/><G47/><T92/><D126/><U104/><E104/><V8/><REACH who="2" step="1"/><F82/><REACH who="2" ten="262,230,181,317" step="2"/><W109/><G12/><T115/><D83/><U55/><E87/><V59/><F59/><W79/><G84/><T9/><D77/><U93/><E56/><V125/><F125/><W72/><G86/><T75/><D96/><U114/><E114/><V41/><F41/><W28/><G109/><T49/><D14/><U32/><E95/><AGARI ba="0,1" hai="0,5,8,16,23,27,42,43,57,62,65,91,95,97" machi="95" ten="40,8000,1" yaku="1,1,52,2,54,1,53,0" doraHai="37" doraHaiUra="70" who="2" fromWho="1" sc="262,0,230,-80,181,90,317,0" owari="262,-13.8,150,-35.0,271,7.1,317,41.7" /></mjloggm>