<mjloggm ver="2.3"><GO type="225" lobby="0"/><UN n0="%E5%91%A8%E6%9D%B1" n1="%33%74%72%65%65" n2="%E6%A1%9C%E8%8A%B1%E9%96%83%E3%80%85" n3="%E8%9B%87%E3%81%AE%E8%A1%80" dan="16,16,17,16" rate="2195.48,2041.74,2238.93,2077.95" sx="M,F,M,M"/><TAIKYOKU oya="0"/><INIT seed="0,0,0,2,0,53" ten="250,250,250,250" oya="0" hai0="35,64,67,101,80,31,42,91,74,20,133,97,39" hai1="30,109,129,2,102,27,121,96,95,66,114,103,76" hai2="47,9,25,11,50,23,86,41,126,59,18,83,10" hai3="34,40,127,24,12,6,36,45,26,5,130,123,58"/><T105/><D133/><U19/><E121/><V87/><F126/><W79/><G123/><T55/><D35/><U70/><E109/><V28/><F59/><W98/><G127/><T92/><D42/><U131/><E114/><V17/><REACH who="2" step="1"/><F87/><REACH who="2" ten="250,250,240,250" step="2"/><W75/><G58/><T120/><D120/><U111/><E111/><V117/><F117/><W94/><G75/><T63/><D74/><U32/><E129/><V13/><F13/><W49/><G12/><T52/><D64/><U112/><E131/><V134/><F134/><W65/><G65/><T15/><D15/><U73/><E112/><V122/><F122/><W116/><G116/><T119/><D119/><U107/><E2/><V78/><AGARI ba="0,1" hai="9,10,11,17,18,23,25,28,41,47,50,78,83,86" machi="78" ten="30,4000,0" yaku="1,1,0,1,8,1,53,0" doraHai="53" doraHaiUra="135" who="2" fromWho="2" sc="250,-20,250,-10,240,50,250,-10" /><INIT seed="1,0,0,0,0,50" ten="230,240,290,240" oya="1" hai0="11,3,23,99,132,104,86,21,103,59,5,105,38" hai1="60,96,94,41,92,63,116,113,90,52,78,85,87" hai2="6,62,70,123,20,111,110,9,121,125,47,55,75" hai3="73,0,29,74,93,81,49,22,15,4,102,89,91"/><U34/><E113/><V131/><F75/><W97/><G0/><T44/><D132/><U46/><E116/><V130/><F20/><W19/><G4/><T101/><D86/><U66/><E34/><V35/><F35/><W40/><G29/><T54/><D44/><U69/><E78/><V95/><F95/><W72/><G40/><T76/><D38/><U77/><E77/><V68/><F125/><W18/><G81/><T43/><D43/><U2/><E2/><V119/><F119/><W61/><G61/><T98/><REACH who="0" step="1"/><D76/><REACH who="0" ten="220,240,290,240" step="2"/><U112/><E112/><V124/><F47/><W64/><G64/><T114/><D114/><U118/><E118/><V56/><F124/><W88/><G49/><AGARI ba="0,1" hai="3,5,11,21,23,49,54,59,98,99,101,103,104,105" machi="49" ten="30,7700,0" yaku="1,1,7,1,9,1,52,1,53,0" doraHai="50" doraHaiUra="127" who="0" fromWho="3" sc="220,87,240,0,290,0,240,-77" /><INIT seed="2,0,0,3,5,67" ten="307,240,290,163" oya="2" hai0="79,39,132,5,56,113,135,40,52,117,81,96,75" hai1="74,27,116,88,115,48,6,99,57,129,8,83,84" hai2="103,44,97,47,111,58,119,118,73,90,82,72,122" hai3="66,9,51,29,43,53,4,16,98,30,101,46,17"/><V125/><F58/><W3/><G30/><T107/><D113/><U21/><E115/><V36/><F47/><W110/><G110/><T37/><D117/><N who="2" m="44554" /><F44/><W71/><G29/><T25/><D5/><U45/><E129/><V10/><F10/><W42/><G42/><T61/><D25/><U63/><E74/><V24/><F24/><W126/><G126/><T11/><D11/><U112/><E112/><V19/><F19/><W121/><G121/><T55/><D55/><U65/><E116/><V31/><F36/><W38/><G66/><T22/><D22/><U28/><E99/><V130/><F31/><W91/><G91/><T100/><REACH who="0" step="1"/><D40/><REACH who="0" ten="297,240,290,163" step="2"/><N who="1" m="24615" /><E8/><V33/><F122/><W102/><G71/><T106/><D106/><U95/><E6/><V59/><F125/><W41/><G41/><T70/><D70/><U105/><E105/><V12/><F12/><W54/><G53/><T18/><D18/><U49/><E21/><V20/><F20/><W128/><G128/><T0/><D0/><U32/><E27/><V94/><F130/><W124/><G124/><T131/><D131/><U7/><E7/><V69/><F69/><W34/><G34/><T1/><D1/><U15/><E15/><V93/><F33/><W23/><G23/><T134/><AGARI ba="0,1" hai="37,39,52,56,61,75,79,81,96,100,107,132,134,135" machi="134" ten="30,12000,2" yaku="1,1,0,1,20,1,54,1,53,2" doraHai="67" doraHaiUra="68" who="0" fromWho="0" sc="297,130,240,-30,290,-60,163,-30" /><INIT seed="3,0,0,3,0,23" ten="427,210,230,133" oya="3" hai0="80,78,81,58,36,96,1,16,71,61,69,14,51" hai1="9,0,73,92,35,115,30,123,3,11,52,19,122" hai2="77,129,113,17,59,128,38,89,103,13,132,75,118" hai3="117,18,93,26,56,10,110,68,72,70,94,34,46"/><W67/><G117/><T15/><D36/><U85/><E73/><V45/><F118/><W55/><G72/><T50/><D1/><N who="1" m="587" /><E52/><V133/><F113/><W43/><G110/><T111/><D111/><U131/><E85/><V25/><F25/><W87/><G10/><N who="1" m="3594" /><E92/><V65/><F103/><W107/><G107/><T54/><D96/><U29/><E115/><V106/><F89/><W47/><G47/><T84/><D71/><U42/><E42/><N who="2" m="22743" /><F106/><W32/><G32/><T7/><D69/><U37/><E37/><V27/><F27/><W40/><G40/><T63/><D63/><U20/><E131/><N who="2" m="50251" /><F59/><W127/><G127/><T126/><D126/><U74/><E74/><V5/><F65/><W28/><G18/><T8/><D81/><U125/><E125/><V101/><F101/><W98/><G87/><T90/><D90/><U60/><E60/><V108/><F5/><W95/><G98/><T109/><D109/><U76/><E76/><V39/><F39/><W116/><G116/><T48/><D61/><U130/><E130/><V105/><F105/><W100/><G100/><T79/><D79/><U86/><E86/><V112/><F112/><W31/><G31/><N who="1" m="11786" /><E35/><V22/><F108/><W119/><G119/><T2/><D84/><U97/><E97/><V88/><F88/><W49/><REACH who="3" step="1"/><G67/><REACH who="3" ten="427,210,230,123" step="2"/><T41/><D41/><U66/><E66/><V135/><F75/><W102/><G102/><T121/><D121/><U6/><E6/><V83/><F77/><W104/><G104/><T120/><D7/><U91/><E91/><V21/><F83/><W44/><G44/><RYUUKYOKU ba="0,1" sc="427,-30,210,10,230,10,123,10" hai1="19,20,122,123" hai2="13,17,21,22,132,133,135" hai3="26,28,34,43,46,49,55,56,68,70,93,94,95" /><INIT seed="3,1,1,0,4,118" ten="397,220,240,133" oya="3" hai0="81,93,19,13,95,11,14,82,65,129,77,49,94" hai1="79,83,16,87,71,96,37,112,117,32,12,69,76" hai2="40,86,134,130,44,133,25,90,30,57,67,6,54" hai3="61,100,42,107,125,103,101,111,104,3,59,84,18"/><W10/><G125/><T99/><D129/><U66/><E112/><V24/><F67/><W114/><G114/><T72/><D65/><U53/><E117/><V48/><F6/><W102/><N who="3" m="25600" /><DORA hai="78" /><W2/><G111/><T85/><D49/><U113/><E113/><V51/><F130/><W34/><G34/><T109/><D109/><U31/><E37/><V28/><F24/><W80/><G42/><T124/><D124/><U64/><E96/><V56/><F56/><W128/><G128/><T108/><D108/><U106/><E106/><V126/><F126/><W97/><G97/><T88/><D14/><U119/><E76/><AGARI ba="1,1" hai="11,13,19,72,76,77,81,82,85,88,93,94,95,99" machi="76" ten="30,7700,0" yaku="7,1,52,2,54,1" doraHai="118,78" who="0" fromWho="1" sc="397,90,220,-80,240,0,133,0" owari="487,58.7,140,-26.0,240,4.0,133,-36.7" /></mjloggm>