<mjloggm ver="2.3"><GO type="225" lobby="0"/><UN n0="%41%6F%54" n1="%E3%82%B9%E3%83%BC%E3%83%91%E3%83%BC%E3%81%BE%E3%81%BB%E3%81%A3%E3%81%A1" n2="%E2%98%86%E5%B0%8F%E5%AD%A6%E7%94%B7%E7%94%9F%E2%98%86" n3="%E5%A4%8F%E9%88%B4%E9%88%B4%E5%A4%8F" dan="16,16,17,16" rate="2091.08,2095.48,2119.19,2099.65" sx="M,F,M,F"/><TAIKYOKU oya="0"/><INIT seed="0,0,0,2,1,72" ten="250,250,250,250" oya="0" hai0="48,20,46,123,78,87,74,105,62,80,111,60,134" hai1="66,54,114,120,16,104,13,59,56,118,64,79,6" hai2="108,86,90,84,63,53,26,128,22,95,10,99,122" hai3="73,40,3,107,51,5,93,129,117,81,2,57,130"/><T8/><D123/><U42/><E118/><V106/><F122/><W96/><G117/><T41/><D105/><U28/><E104/><V30/><F108/><W12/><G107/><T24/><D111/><U98/><E120/><V14/><F128/><N who="3" m="49259" /><G12/><T103/><D134/><U50/><E98/><V35/><F35/><W23/><G23/><T83/><D103/><U61/><E28/><V45/><F106/><W15/><G15/><T102/><D102/><U116/><E116/><V135/><F135/><W37/><G5/><T4/><D83/><U34/><E34/><V125/><F125/><W25/><G25/><T85/><D85/><U132/><E114/><V49/><REACH who="2" step="1"/><F63/><REACH who="2" ten="250,250,240,250" step="2"/><W88/><G37/><T76/><D60/><N who="1" m="35863" /><E132/><V38/><F38/><W1/><G51/><T0/><D62/><U44/><E6/><AGARI ba="0,1" hai="6,10,14,22,26,30,45,49,53,84,86,90,95,99" machi="6" ten="30,3900,0" yaku="1,1,7,1,8,1,53,0" doraHai="72" doraHaiUra="33" who="2" fromWho="1" sc="250,0,250,-39,240,49,250,0" /><INIT seed="1,0,0,3,2,80" ten="250,211,289,250" oya="1" hai0="30,53,123,90,41,31,97,27,112,16,118,35,128" hai1="96,72,7,58,134,40,125,49,93,4,67,39,19" hai2="84,59,98,42,117,61,89,65,114,71,75,99,86" hai3="13,121,8,3,12,101,14,133,57,68,23,32,105"/><U124/><E72/><V126/><F117/><W5/><G68/><T50/><D118/><U82/><E39/><V9/><F75/><W63/><G121/><T36/><D112/><U24/><E82/><V10/><F114/><W106/><G133/><T115/><D115/><U76/><E76/><V18/><F126/><N who="1" m="48745" /><E134/><V33/><F33/><W47/><G32/><T6/><D128/><U17/><E40/><V46/><F71/><W79/><G101/><T70/><D70/><U92/><E24/><V54/><F65/><W131/><G131/><T94/><D123/><U111/><E111/><V129/><F129/><W87/><G47/><T127/><D127/><U43/><E43/><V102/><F89/><W109/><G23/><T73/><D73/><U34/><E34/><V25/><F9/><W37/><G37/><T64/><D64/><U120/><E120/><V74/><F74/><W51/><G51/><T2/><D41/><U69/><E69/><V66/><F66/><W78/><G109/><T135/><D36/><U60/><E49/><N who="2" m="26839" /><F102/><W29/><G79/><T95/><D135/><U116/><E116/><V52/><F54/><W132/><G132/><T83/><D53/><U110/><E110/><V22/><F10/><W100/><G100/><T119/><D35/><U85/><E85/><AGARI ba="0,0" hai="18,22,25,52,59,61,84,85,86,98,99" m="26839" machi="85" ten="30,8000,1" yaku="8,1,52,3,54,1" doraHai="80" who="2" fromWho="1" sc="250,0,211,-80,289,80,250,0" /><INIT seed="2,0,0,2,4,119" ten="250,131,369,250" oya="2" hai0="35,14,49,67,68,107,117,135,16,42,85,61,78" hai1="121,19,33,100,126,70,81,4,108,99,125,66,109" hai2="112,36,128,130,91,23,58,15,97,106,86,69,47" hai3="102,26,37,131,63,18,41,90,127,133,89,43,57"/><V32/><F32/><W132/><G102/><T30/><D117/><U45/><E19/><V46/><F69/><W80/><G131/><T88/><D135/><U110/><E45/><V10/><F23/><N who="3" m="13687" /><G127/><N who="1" m="48650" /><E4/><V87/><F112/><W129/><G129/><N who="2" m="49769" /><F58/><W64/><G37/><T51/><D107/><N who="1" m="63903" /><E81/><V116/><F116/><W48/><G80/><T34/><D30/><U9/><E9/><V3/><F3/><W83/><G83/><T123/><D35/><U76/><E76/><V1/><F1/><W56/><G133/><T111/><D78/><U52/><E52/><V6/><F36/><W20/><G20/><T53/><D34/><U50/><E50/><V60/><F60/><N who="3" m="37895" /><G132/><T118/><D118/><U0/><E0/><V124/><F124/><W77/><G77/><T104/><D68/><U71/><E33/><V54/><F106/><W21/><G21/><T12/><D104/><U5/><E5/><V7/><F7/><W92/><G48/><T2/><D2/><U11/><E11/><V75/><F75/><W96/><G89/><T84/><D88/><U115/><E115/><V113/><F113/><W82/><G82/><T40/><D51/><U17/><E17/><V74/><F74/><W103/><G90/><T114/><D49/><U55/><E55/><AGARI ba="0,0" hai="41,43,55,57,63,92,96,103" m="37895,13687" machi="55" ten="30,1000,0" yaku="8,1" doraHai="119" who="3" fromWho="1" sc="250,0,131,-10,369,0,250,10" /><INIT seed="3,0,0,0,1,107" ten="250,121,369,260" oya="3" hai0="84,75,19,99,37,63,33,86,2,43,13,57,40" hai1="129,16,122,85,36,113,91,28,135,1,116,96,132" hai2="134,3,80,87,49,74,68,81,130,89,106,53,30" hai3="61,93,39,119,100,58,6,35,23,8,59,10,72"/><W121/><G119/><T55/><D33/><U71/><E36/><V41/><F3/><W17/><G35/><T69/><D2/><U67/><E1/><V77/><F68/><W133/><G39/><T112/><D75/><U45/><E67/><V105/><F130/><W110/><G133/><T7/><D112/><U114/><E71/><V109/><F41/><N who="0" m="15946" /><D37/><U117/><E45/><V101/><F101/><W46/><G121/><T70/><D70/><U21/><E28/><V73/><F73/><W9/><G72/><T20/><D69/><U118/><E96/><V128/><F128/><W76/><G76/><T94/><D7/><U111/><E129/><V52/><F134/><N who="1" m="51241" /><E91/><AGARI ba="0,0" hai="13,19,20,55,57,63,84,86,91,94,99" m="15946" machi="91" ten="30,1000,0" yaku="8,1" doraHai="107" who="0" fromWho="1" sc="250,10,121,-10,369,0,260,0" owari="260,6.0,111,-38.9,369,46.9,260,-14.0" /></mjloggm>