<mjloggm ver="2.3"><GO type="225" lobby="0"/><UN n0="%E6%98%93%E5%88%A9%E8%96%A9%E4%BC%AF" n1="%E7%9A%AE%E3%80%85" n2="%77%72%77%72%77%72%77%72" n3="%E3%81%BF%E3%81%BF%E3%81%9A" dan="17,16,17,18" rate="2165.94,2122.83,2156.53,2219.24" sx="F,M,M,M"/><TAIKYOKU oya="0"/><INIT seed="0,0,0,2,2,41" ten="250,250,250,250" oya="0" hai0="17,70,125,48,44,33,130,119,91,55,102,64,95" hai1="85,4,98,31,42,83,133,94,20,18,15,32,11" hai2="107,80,118,3,26,46,10,53,97,82,7,99,81" hai3="111,39,37,110,51,49,121,108,34,86,78,79,63"/><T109/><D119/><U57/><E133/><V0/><F118/><W93/><G34/><T12/><D125/><U106/><E106/><V71/><F0/><W103/><G63/><T58/><D130/><U8/><E57/><V28/><F71/><W47/><G121/><T14/><D33/><U113/><E113/><V92/><F107/><W75/><G75/><T22/><D70/><U6/><E42/><V100/><F97/><N who="3" m="59823" /><G51/><T120/><D120/><U21/><E32/><V122/><F122/><W25/><G25/><T84/><D109/><N who="3" m="27905" /><W105/><DORA hai="77" /><G105/><T72/><D72/><U73/><E73/><V67/><F67/><W35/><G35/><T60/><REACH who="0" step="1"/><D102/><REACH who="0" ten="240,250,250,250" step="2"/><N who="1" m="60759" /><E31/><V38/><F28/><W96/><G96/><T56/><D56/><U126/><E126/><V19/><F100/><W50/><G50/><T128/><D128/><U123/><E123/><V132/><F99/><W45/><G86/><T23/><D23/><N who="1" m="8779" /><E8/><V88/><F132/><W54/><G45/><T5/><D5/><U52/><E52/><V116/><F53/><W27/><G27/><AGARI ba="0,1" hai="12,14,17,22,27,44,48,55,58,60,64,84,91,95" machi="27" ten="30,11600,0" yaku="1,1,7,1,8,1,52,1,53,0" doraHai="41,77" doraHaiUra="112,131" who="0" fromWho="3" sc="240,126,250,0,250,0,250,-116" /><INIT seed="0,1,0,5,2,120" ten="366,250,250,134" oya="0" hai0="88,74,12,93,104,28,134,79,77,128,63,83,60" hai1="133,110,37,54,41,25,31,19,17,123,16,46,109" hai2="21,49,53,130,40,131,45,56,23,5,81,30,73" hai3="71,127,80,32,67,132,85,64,129,9,84,0,100"/><T122/><D122/><U78/><E123/><V4/><F73/><W107/><G32/><T59/><D104/><U99/><E133/><V91/><F81/><W118/><G118/><T103/><D103/><U2/><E2/><V75/><F75/><W42/><G132/><T76/><D128/><U121/><E121/><V29/><F91/><W57/><G129/><N who="2" m="49161" /><F21/><W68/><G42/><T69/><D28/><N who="2" m="10858" /><F23/><W66/><G57/><T3/><D3/><U97/><E78/><V61/><AGARI ba="1,0" hai="4,5,40,45,49,53,56,61" m="10858,49161" machi="61" ten="30,1100,0" yaku="19,1" doraHai="120" who="2" fromWho="2" sc="366,-6,250,-4,250,14,134,-4" /><INIT seed="1,0,0,1,4,96" ten="360,246,264,130" oya="1" hai0="3,61,43,87,39,36,105,2,19,52,126,93,71" hai1="44,63,14,46,68,129,72,114,134,60,120,113,24" hai2="66,59,4,121,45,67,65,6,94,47,130,7,128" hai3="30,40,34,110,97,101,50,10,25,26,70,98,31"/><U35/><E72/><V55/><F121/><W104/><G110/><T123/><D105/><U28/><E120/><V20/><F20/><W8/><G97/><T48/><D126/><U75/><E75/><V49/><REACH who="2" step="1"/><F94/><REACH who="2" ten="360,246,254,130" step="2"/><W15/><G15/><T124/><D123/><U13/><E114/><V81/><F81/><W85/><G85/><T115/><D93/><U99/><E113/><V91/><F91/><W82/><G82/><T77/><D87/><U84/><E134/><V62/><F62/><W116/><G116/><T106/><D61/><U83/><E63/><V12/><F12/><W18/><G70/><T89/><D71/><U16/><E129/><AGARI ba="0,1" hai="4,6,7,45,47,49,55,59,65,66,67,128,129,130" machi="129" ten="50,3200,0" yaku="1,1,19,1,53,0" doraHai="96" doraHaiUra="9" who="2" fromWho="1" sc="360,0,246,-32,254,42,130,0" /><INIT seed="2,0,0,4,1,28" ten="360,214,296,130" oya="2" hai0="101,35,3,61,37,97,57,31,124,127,78,40,27" hai1="48,47,68,22,38,39,131,24,49,104,94,26,29" hai2="42,41,75,60,44,109,82,120,8,51,14,126,66" hai3="81,54,50,135,99,90,105,7,118,79,112,98,0"/><V33/><F120/><W69/><G118/><T63/><D3/><U59/><E104/><V12/><F126/><N who="0" m="48170" /><D78/><U23/><E68/><V84/><F75/><W62/><G135/><T55/><D40/><U100/><E131/><V10/><F109/><W96/><G112/><T2/><D2/><U113/><E113/><V32/><F41/><W125/><G125/><T128/><D37/><U25/><E59/><V86/><F12/><W9/><G105/><N who="0" m="63663" /><D128/><U46/><E26/><V122/><F122/><W36/><G36/><T67/><D67/><U52/><E100/><V117/><F84/><W4/><G4/><T16/><D16/><U6/><E94/><V93/><F93/><W83/><G90/><T102/><D102/><U5/><REACH who="1" step="1"/><E29/><REACH who="1" ten="360,204,296,130" step="2"/><V13/><F117/><W89/><G89/><T119/><D119/><U108/><E108/><V110/><F110/><W15/><G0/><T88/><D88/><U115/><E115/><V58/><F8/><W130/><G130/><T87/><D57/><U91/><E91/><V20/><F13/><W53/><G79/><T74/><D27/><U1/><E1/><V114/><F114/><W56/><REACH who="3" step="1"/><G69/><REACH who="3" ten="360,204,296,120" step="2"/><T103/><D103/><U116/><E116/><V132/><F132/><W95/><G95/><T34/><D31/><U72/><E72/><V65/><F86/><W80/><G80/><T77/><D87/><U92/><E92/><V21/><F82/><W70/><G70/><T30/><D74/><U76/><E76/><V64/><F64/><W106/><G106/><T85/><D85/><U45/><E45/><AGARI ba="0,2" hai="7,9,15,45,50,53,54,56,62,81,83,96,98,99" machi="45" ten="40,2600,0" yaku="1,1,8,1,53,0" doraHai="28" doraHaiUra="134" who="3" fromWho="1" sc="360,0,204,-26,296,0,120,46" /><INIT seed="3,0,0,2,4,38" ten="360,178,296,166" oya="3" hai0="49,12,33,75,19,131,16,0,25,126,103,36,99" hai1="23,46,110,94,68,57,108,122,117,97,5,18,53" hai2="89,42,85,125,107,83,37,62,10,58,98,47,55" hai3="82,17,52,71,28,2,109,48,74,40,123,26,78"/><W101/><G123/><T95/><D36/><U24/><E68/><V60/><F125/><W93/><G2/><T132/><D0/><U92/><E122/><V45/><F10/><W22/><G71/><T133/><D75/><U61/><E117/><V30/><F30/><W11/><G109/><N who="1" m="42090" /><E5/><V29/><F29/><W14/><G40/><T66/><D66/><N who="1" m="39215" /><E97/><V120/><F120/><W112/><G112/><T35/><D49/><AGARI ba="0,0" hai="18,23,24,46,49,53,92,94" m="39215,42090" machi="49" ten="30,1000,0" yaku="14,1" doraHai="38" who="1" fromWho="0" sc="360,-10,178,10,296,0,166,0" owari="350,45.0,188,-21.2,296,9.6,166,-33.4" /></mjloggm>