<mjloggm ver="2.3"><GO type="225" lobby="0"/><UN n0="%E3%81%95%E3%81%8D%E3%81%9F%E3%81%BE%E6%9E%97%E6%AA%8E" n1="%6D%61%74%69%67%75%73%61" n2="%E3%82%A2%E3%83%9E%E3%83%9D%EF%BD%9E%EF%BD%9E%E3%83%A9" n3="%E3%81%AF%E3%82%88%E3%81%8A%E3%81%98%E3%81%95%E3%82%93" dan="16,17,17,17" rate="2074.79,2138.40,2080.16,2136.24" sx="M,M,M,M"/><TAIKYOKU oya="0"/><INIT seed="0,0,0,3,4,88" ten="250,250,250,250" oya="0" hai0="89,127,109,17,77,98,83,81,39,44,32,16,80" hai1="86,102,130,108,55,116,7,28,103,6,42,106,54" hai2="22,9,131,74,134,4,67,37,26,120,13,115,57" hai3="40,113,73,118,51,70,43,105,25,1,36,92,5"/><T29/><D127/><U79/><E116/><V125/><F120/><W107/><G51/><T38/><D109/><U11/><E130/><V85/><F74/><W30/><G43/><T19/><D77/><U27/><E42/><V41/><F115/><W121/><G92/><T99/><D44/><U21/><E108/><V71/><F71/><W35/><G118/><T31/><D32/><U18/><E106/><V65/><F134/><W95/><G95/><T72/><D72/><U94/><E28/><N who="0" m="10825" /><D89/><N who="1" m="53559" /><E79/><V20/><F131/><W24/><G24/><T91/><D91/><U114/><E11/><V111/><F41/><W69/><G113/><T110/><D110/><U122/><E122/><V126/><F37/><AGARI ba="0,0" hai="16,17,19,37,38,39,80,81,83,98,99" m="10825" machi="37" ten="40,7700,0" yaku="28,2,54,1" doraHai="88" who="0" fromWho="2" sc="250,77,250,0,250,-77,250,0" /><INIT seed="0,1,0,4,2,131" ten="327,250,173,250" oya="0" hai0="19,122,1,89,133,33,21,121,105,58,30,74,126" hai1="90,128,110,120,9,75,35,69,96,106,114,86,81" hai2="97,123,32,134,25,34,49,59,26,115,46,29,98" hai3="48,52,0,22,44,55,129,124,107,50,18,116,23"/><T118/><D74/><U65/><E35/><V31/><F115/><W51/><G116/><T14/><D118/><U13/><E120/><V20/><F123/><W64/><G0/><T100/><D89/><U119/><E119/><V132/><F59/><W66/><G107/><T53/><D100/><U24/><E128/><V6/><F20/><W57/><G129/><T82/><D105/><U109/><E24/><V38/><F6/><W39/><G39/><T8/><D82/><U85/><E114/><V17/><F17/><W83/><G124/><T62/><D126/><U36/><E36/><V60/><F60/><W87/><G50/><T104/><D104/><U103/><E85/><V45/><F49/><W2/><G2/><T108/><D108/><U76/><E65/><V11/><REACH who="2" step="1"/><F38/><REACH who="2" ten="327,250,163,250" step="2"/><W130/><G130/><T111/><D58/><U61/><E61/><V113/><F113/><W4/><G4/><T77/><D62/><U3/><E3/><V72/><F72/><W112/><G112/><T63/><D19/><U93/><E69/><V47/><F47/><W56/><G44/><T15/><D21/><U16/><AGARI ba="1,1" hai="9,13,16,75,76,81,86,90,93,96,103,106,109,110" machi="16" ten="30,7900,0" yaku="0,1,24,2,54,1" doraHai="131" who="1" fromWho="1" sc="327,-40,250,92,163,-21,250,-21" /><INIT seed="1,0,0,2,3,44" ten="287,342,142,229" oya="1" hai0="39,124,50,49,3,96,101,25,82,45,71,46,16" hai1="23,67,74,93,40,131,33,56,118,109,18,116,53" hai2="70,104,52,17,86,135,34,75,10,38,54,51,57" hai3="11,27,92,108,62,88,55,78,128,14,80,30,122"/><U90/><E33/><V121/><F121/><W115/><G115/><T94/><D71/><U24/><E74/><V65/><F75/><W106/><G106/><T26/><D39/><U123/><E123/><V107/><F38/><W60/><G108/><T20/><D124/><U6/><E131/><V134/><F34/><W22/><G128/><T103/><D3/><U37/><E67/><V98/><F86/><N who="3" m="48407" /><G55/><N who="0" m="30127" /><D82/><U95/><E6/><V87/><F87/><N who="3" m="52255" /><G122/><T130/><D130/><U35/><E95/><V12/><F54/><W0/><G0/><T120/><D120/><U132/><E118/><V69/><F65/><W97/><G97/><T59/><D59/><U111/><E116/><V15/><F15/><W84/><G84/><T68/><D68/><N who="2" m="26218" /><F98/><W63/><G62/><T29/><D29/><U89/><E35/><V4/><F4/><AGARI ba="0,0" hai="4,11,14,22,27,30,60,63" m="52255,48407" machi="4" ten="30,2000,0" yaku="8,1,54,1" doraHai="44" who="3" fromWho="2" sc="287,0,342,0,142,-20,229,20" /><INIT seed="2,0,0,0,5,58" ten="287,342,122,249" oya="2" hai0="57,132,47,102,54,94,103,24,115,3,23,121,15" hai1="95,2,34,135,12,62,22,110,55,81,67,84,120" hai2="112,28,35,128,126,41,125,27,61,123,44,118,4" hai3="91,69,36,56,31,109,70,100,83,30,16,98,119"/><V0/><F112/><W19/><G36/><T49/><D121/><U21/><E34/><V45/><F123/><W89/><G119/><T53/><D115/><U64/><E2/><V32/><F118/><W117/><G117/><T43/><D132/><U26/><E110/><V6/><F128/><W40/><G109/><T13/><D3/><U114/><E135/><V74/><F74/><W92/><G40/><T46/><D46/><N who="2" m="18026" /><F41/><W72/><G70/><T130/><D130/><U5/><E95/><V122/><F122/><W60/><G69/><T85/><D54/><U68/><E114/><V71/><F0/><W52/><G72/><T48/><D103/><U18/><E120/><V80/><F80/><W75/><G75/><T134/><D134/><U131/><E131/><V76/><F76/><W39/><G39/><T105/><D105/><U90/><E5/><N who="2" m="2155" /><F71/><W29/><G83/><T93/><D93/><U66/><E55/><V107/><F107/><W106/><REACH who="3" step="1"/><G89/><REACH who="3" ten="287,342,122,239" step="2"/><N who="0" m="53551" /><D102/><U99/><E99/><AGARI ba="0,1" hai="16,19,29,30,31,52,56,60,91,92,98,99,100,106" machi="99" ten="40,8000,1" yaku="1,1,52,1,54,2,53,0" doraHai="58" doraHaiUra="1" who="3" fromWho="1" sc="287,0,342,-80,122,0,239,90" /><INIT seed="3,0,0,3,2,129" ten="287,262,122,329" oya="3" hai0="74,51,2,38,18,4,53,21,8,34,59,45,131" hai1="44,55,24,92,32,86,14,116,133,76,9,118,113" hai2="48,5,128,87,6,103,66,94,22,85,102,30,101" hai3="106,115,79,100,19,83,7,112,23,71,33,121,78"/><W117/><G117/><N who="1" m="45162" /><E113/><V1/><F128/><W99/><G121/><T98/><D131/><U36/><E24/><V52/><F1/><W47/><G33/><T119/><D119/><U70/><E70/><V64/><F30/><W72/><G71/><T108/><D108/><U73/><E32/><V29/><F29/><W35/><G35/><T104/><D74/><U58/><E73/><V91/><F22/><W89/><G79/><T63/><D34/><U81/><E92/><V57/><REACH who="2" step="1"/><F85/><REACH who="2" ten="287,262,112,329" step="2"/><N who="3" m="50367" /><G72/><T97/><D104/><U61/><E86/><V111/><F111/><W43/><G106/><T80/><D80/><U132/><E81/><V26/><F26/><W40/><G115/><T125/><D125/><U50/><E76/><V31/><F31/><W107/><G78/><T39/><D97/><U88/><E88/><V67/><AGARI ba="0,1" hai="5,6,48,52,57,64,66,67,87,91,94,101,102,103" machi="67" ten="30,7900,0" yaku="1,1,0,1,8,1,54,1,53,0" doraHai="129" doraHaiUra="20" who="2" fromWho="2" sc="287,-20,262,-20,112,89,329,-39" /><INIT seed="4,0,0,0,2,60" ten="267,242,201,290" oya="0" hai0="122,11,51,52,15,80,118,124,30,50,133,82,77" hai1="135,102,7,36,26,2,93,31,12,69,134,92,121" hai2="70,64,1,78,53,116,61,23,76,113,110,19,107" hai3="99,44,101,87,25,83,46,97,103,35,59,65,75"/><T129/><D118/><U127/><E36/><V63/><F116/><W117/><G75/><T130/><D122/><U89/><E2/><V86/><F110/><W0/><G0/><T45/><D30/><U119/><E69/><V114/><F107/><W84/><G35/><T74/><D133/><U90/><E102/><N who="3" m="38922" /><G25/><T14/><D124/><U88/><E121/><V79/><F1/><W105/><G87/><T81/><D51/><U104/><E104/><V20/><F86/><W67/><G59/><T132/><D132/><N who="1" m="50731" /><E127/><V33/><F33/><W108/><G105/><T24/><D24/><U112/><E112/><N who="2" m="43115" /><F19/><W28/><G28/><T71/><D71/><U54/><E119/><V3/><F3/><W57/><G57/><AGARI ba="0,0" hai="20,23,53,57,61,63,64,70,76,78,79" m="43115" machi="57" ten="30,2000,0" yaku="15,1,52,1" doraHai="60" who="2" fromWho="3" sc="267,0,242,0,201,20,290,-20" /><INIT seed="5,0,0,2,1,37" ten="267,242,221,270" oya="1" hai0="114,122,119,49,73,129,53,10,23,47,34,5,27" hai1="20,40,135,63,4,45,74,123,81,48,24,133,32" hai2="64,36,78,93,90,51,15,118,86,72,43,1,103" hai3="18,29,79,59,109,130,120,39,28,60,2,7,16"/><U69/><E123/><V75/><F118/><W80/><G109/><T13/><D114/><U77/><E32/><V112/><F1/><W11/><G39/><T97/><D129/><U121/><E121/><V12/><F36/><W70/><G70/><T8/><D119/><U115/><E4/><V26/><F112/><W41/><G41/><T89/><D122/><U96/><E96/><N who="2" m="59791" /><F72/><W124/><G120/><T33/><D73/><U105/><E105/><V67/><F78/><W52/><G124/><T54/><D10/><U95/><E95/><N who="2" m="54743" /><F26/><W83/><G130/><T132/><D132/><U76/><E76/><V101/><F101/><W94/><G94/><N who="0" m="56527" /><D34/><U58/><E69/><V31/><F31/><W84/><G83/><T0/><D0/><U57/><E115/><V25/><F25/><W107/><G107/><T6/><D6/><U116/><E116/><V9/><F75/><W19/><AGARI ba="0,0" hai="2,7,11,16,18,19,28,29,52,59,60,79,80,84" machi="19" ten="30,4000,0" yaku="0,1,54,2" doraHai="37" who="3" fromWho="3" sc="267,-10,242,-20,221,-10,270,40" owari="257,5.7,222,-17.8,211,-28.9,310,41.0" /></mjloggm>