<mjloggm ver="2.3"><GO type="225" lobby="0"/><UN n0="%E3%81%BF%E3%81%BF%E3%81%9A" n1="%73%69%67%65%6E%6F%72%69" n2="%E9%A6%AC%E5%BC%95%E7%81%AB%33" n3="%E3%83%96%E3%83%83%E3%83%91%E3%82%AA%E3%83%96%E3%83%81%E3%82%AD%E3%83%B3" dan="17,18,16,16" rate="2174.79,2266.30,2118.47,2140.91" sx="M,M,M,M"/><TAIKYOKU oya="0"/><INIT seed="0,0,0,1,3,10" ten="250,250,250,250" oya="0" hai0="124,135,15,122,85,65,64,5,46,34,105,123,53" hai1="28,102,112,131,132,43,49,60,69,8,83,79,17" hai2="109,31,0,52,18,71,68,54,26,16,56,117,66" hai3="128,113,93,45,13,78,94,30,4,80,121,20,86"/><T59/><D34/><U133/><E131/><V84/><F0/><W41/><G113/><T75/><D75/><U108/><E108/><V134/><F109/><W6/><G128/><T118/><D105/><U96/><E112/><V73/><F73/><W29/><G121/><T88/><D118/><U48/><E28/><N who="3" m="10858" /><G41/><T58/><D124/><U57/><E69/><V61/><F117/><W114/><G114/><T92/><D135/><N who="1" m="51787" /><E43/><V129/><F129/><W40/><G40/><T22/><D123/><U106/><E17/><N who="2" m="6763" /><F71/><W1/><G1/><T125/><D122/><U12/><E8/><V82/><F68/><W21/><G45/><T99/><D125/><U89/><E89/><N who="2" m="51351" /><F134/><W7/><G13/><T42/><D42/><U36/><E12/><V38/><F38/><W81/><G81/><T100/><D46/><U120/><E36/><V115/><F115/><W37/><G37/><T62/><D59/><U9/><E9/><V101/><F101/><W95/><AGARI ba="0,0" hai="4,6,7,20,21,78,80,86,93,94,95" m="10858" machi="95" ten="40,1500,0" yaku="8,1" doraHai="10" who="3" fromWho="3" sc="250,-7,250,-4,250,-4,250,15" /><INIT seed="1,0,0,1,3,45" ten="243,246,246,265" oya="1" hai0="48,50,112,56,20,79,131,24,86,107,3,122,35" hai1="130,15,11,84,68,74,128,120,16,105,58,51,46" hai2="132,69,96,62,27,121,36,43,77,101,83,55,129" hai3="134,71,47,60,25,17,102,115,10,78,6,123,12"/><U87/><E68/><V9/><F121/><W0/><G123/><T90/><D90/><U72/><BYE who="0" /><E105/><UN n0="%E3%81%BF%E3%81%BF%E3%81%9A" /><V106/><F129/><N who="1" m="49769" /><E58/><V113/><F132/><W98/><G115/><T76/><D3/><U118/><E118/><V37/><F113/><W133/><G78/><T99/><D35/><U117/><E117/><V30/><F9/><W110/><G110/><T111/><D112/><U82/><E120/><V5/><F5/><W109/><G109/><T73/><D73/><N who="1" m="28267" /><E82/><V41/><F41/><AGARI ba="0,0" hai="11,15,16,41,46,51,84,87" m="28267,49769" machi="41" ten="30,5800,0" yaku="19,1,52,1,54,1" doraHai="45" who="1" fromWho="2" sc="243,0,246,58,246,-58,265,0" /><INIT seed="1,1,0,5,2,98" ten="243,304,188,265" oya="1" hai0="63,117,4,115,57,83,89,102,70,52,131,28,12" hai1="1,127,36,27,107,38,44,133,53,101,80,24,75" hai2="132,103,55,120,126,45,119,60,118,78,41,113,8" hai3="88,40,135,64,20,48,56,15,16,77,110,23,13"/><U32/><E1/><V111/><F78/><W90/><G110/><T79/><D115/><U129/><E133/><V42/><F8/><N who="3" m="6183" /><G135/><T5/><D117/><U85/><E75/><V109/><F103/><W39/><G39/><T58/><D131/><U105/><E129/><V72/><F72/><W99/><G77/><T134/><D134/><U67/><E67/><V34/><F34/><W69/><G69/><T91/><D102/><U31/><E24/><V26/><F26/><W29/><G99/><T59/><D70/><U93/><E93/><V50/><F132/><W49/><G29/><T11/><D28/><U76/><E127/><V7/><F7/><W66/><G66/><T112/><D4/><U100/><E36/><V62/><F126/><W2/><G2/><T108/><D112/><U0/><E0/><V121/><F113/><W130/><G130/><T96/><D108/><N who="2" m="41546" /><F119/><W81/><G81/><T71/><D71/><U106/><E38/><V114/><F114/><W19/><G23/><T95/><REACH who="0" step="1"/><D91/><REACH who="0" ten="233,304,188,265" step="2"/><U37/><E101/><V128/><F128/><W124/><G124/><T61/><D61/><N who="2" m="23658" /><F118/><W30/><G30/><T97/><D97/><U116/><E100/><V46/><F41/><W9/><G40/><T51/><D51/><AGARI ba="1,1" hai="42,45,46,50,51,55,120,121" m="23658,41546" machi="51" ten="30,3900,0" yaku="14,1,34,2" doraHai="98" who="2" fromWho="0" sc="233,-42,304,0,188,52,265,0" /><INIT seed="2,0,0,4,5,54" ten="191,304,240,265" oya="2" hai0="102,51,58,115,130,12,56,53,36,25,46,43,44" hai1="118,133,76,132,79,77,121,98,8,110,63,106,29" hai2="22,81,30,124,119,120,52,45,14,114,5,40,90" hai3="64,103,73,67,62,42,2,28,15,84,97,100,99"/><V109/><F119/><W131/><G73/><T92/><D115/><U88/><E118/><V85/><F114/><W72/><G72/><T122/><D122/><U61/><E110/><V13/><F120/><W1/><G28/><T0/><D0/><U37/><E37/><V112/><F112/><W65/><G131/><T35/><D130/><U24/><E121/><V66/><F124/><W18/><G42/><T129/><D129/><U6/><E106/><V47/><F66/><W78/><G1/><T10/><D35/><N who="1" m="20903" /><E88/><V7/><F109/><W60/><G2/><T31/><D102/><N who="3" m="38953" /><G84/><T117/><D92/><U9/><E98/><N who="3" m="37386" /><G78/><T55/><D117/><U123/><E123/><V71/><F71/><W135/><G135/><N who="1" m="51786" /><E9/><AGARI ba="0,0" hai="9,15,18,60,62,64,65,67" m="37386,38953" machi="9" ten="30,1000,0" yaku="8,1" doraHai="54" who="3" fromWho="1" sc="191,0,304,-10,240,0,265,10" /><INIT seed="3,0,0,1,4,111" ten="191,294,240,275" oya="3" hai0="75,20,35,22,60,23,14,64,85,97,79,68,33" hai1="0,49,51,56,34,119,12,24,133,5,48,4,7" hai2="46,53,61,13,130,77,99,69,9,70,88,127,121" hai3="120,44,132,27,42,50,78,67,16,38,108,102,131"/><W107/><G120/><T95/><D75/><U40/><E0/><V80/><F121/><W114/><G108/><T76/><D14/><U86/><E133/><V58/><F127/><W25/><G132/><T47/><D47/><U123/><E123/><V87/><F130/><W21/><G131/><T106/><D106/><U128/><E128/><V90/><F46/><W115/><G78/><T71/><D71/><U82/><E119/><V125/><F125/><W19/><G67/><T65/><D65/><U18/><E34/><V2/><F2/><W98/><G38/><T116/><D116/><U55/><E24/><V96/><F70/><W89/><G89/><N who="2" m="34409" /><F69/><W74/><G74/><T57/><D68/><U43/><E86/><V92/><F92/><W83/><G83/><T31/><D85/><U81/><E81/><V63/><F63/><W8/><G8/><T37/><D37/><U72/><E82/><V124/><F124/><W135/><G135/><T101/><REACH who="0" step="1"/><D35/><REACH who="0" ten="181,294,240,275" step="2"/><U109/><E72/><V134/><F134/><W112/><G112/><T59/><D59/><U100/><E109/><V28/><F28/><W103/><G103/><T45/><D45/><U104/><E100/><V3/><F3/><W10/><G10/><T6/><D6/><AGARI ba="0,1" hai="6,9,13,53,58,61,77,80,87,96,99" m="34409" machi="6" ten="30,2000,0" yaku="8,1,54,1" doraHai="111" who="2" fromWho="0" sc="181,-20,294,0,240,30,275,0" /><INIT seed="4,0,0,5,4,77" ten="161,294,270,275" oya="0" hai0="70,83,133,131,64,21,130,106,53,118,111,72,12" hai1="51,108,102,11,13,91,75,49,36,59,94,17,132" hai2="88,39,47,44,92,65,124,74,26,98,84,125,16" hai3="101,41,18,62,3,0,54,103,46,4,52,28,5"/><T121/><D118/><U126/><E108/><V33/><F74/><W123/><G123/><T43/><D121/><U67/><E36/><V79/><F65/><W120/><G120/><T25/><D106/><U48/><E75/><V82/><F39/><W50/><G28/><T114/><D114/><U128/><E132/><V42/><F42/><W122/><G122/><T29/><D43/><U113/><E113/><V15/><F26/><W56/><G0/><T2/><D2/><U76/><E126/><N who="2" m="48747" /><F33/><W9/><G4/><T90/><D133/><U73/><E128/><N who="0" m="49193" /><D111/><U60/><E73/><V30/><F30/><W24/><REACH who="3" step="1"/><G41/><REACH who="3" ten="161,294,270,265" step="2"/><T110/><D110/><U66/><E76/><V78/><F78/><W99/><G99/><T55/><D72/><U127/><E127/><V95/><F95/><W129/><G129/><T86/><D12/><U105/><E105/><V10/><AGARI ba="0,1" hai="10,15,16,44,47,79,82,84,88,92,98" m="48747" machi="10" ten="30,7900,0" yaku="18,1,52,1,54,2" doraHai="77" who="2" fromWho="2" sc="161,-39,294,-20,270,89,265,-20" owari="122,-37.8,274,7.4,359,45.9,245,-15.5" /></mjloggm>