<mjloggm ver="2.3"><GO type="225" lobby="0"/><UN n0="%72%69%6F%75%63%68%61%6E" n1="%E6%97%A5%E6%9B%9C%E6%97%A5%E3%82%88%E3%82%8A%E3%81%AE%E4%BD%BF%E8%80%85" n2="%E3%82%A2%E3%83%9E%E3%83%9D%EF%BD%9E%EF%BD%9E%E3%83%A9" n3="%E3%82%8F%E3%81%8B%E3%81%B0%2A%E3%82%AC%E3%83%BC%E3%83%AB" dan="16,17,17,16" rate="2131.96,2234.38,2069.45,2119.33" sx="M,M,M,M"/><TAIKYOKU oya="0"/><INIT seed="0,0,0,0,5,36" ten="250,250,250,250" oya="0" hai0="124,34,90,97,84,12,109,5,88,19,41,50,15" hai1="64,61,10,33,48,67,130,20,74,22,101,2,108" hai2="133,94,121,21,4,43,26,131,47,115,54,129,107" hai3="78,3,114,91,45,112,13,31,37,127,68,80,75"/><T98/><D34/><U29/><E74/><V81/><F121/><W89/><G127/><T25/><D124/><U134/><E101/><V116/><F107/><W59/><G3/><T18/><D109/><U66/><E33/><V27/><F115/><W132/><G68/><T72/><D72/><U70/><E70/><V32/><F4/><W35/><G132/><T11/><D25/><U93/><E2/><V103/><F81/><W49/><G37/><T14/><D19/><U106/><E106/><V125/><F125/><W42/><G13/><N who="0" m="5227" /><D5/><U69/><E69/><V7/><F7/><W92/><G89/><N who="0" m="34411" /><D84/><U82/><E29/><V71/><F133/><W102/><G102/><T95/><D95/><U52/><E93/><V83/><F94/><W6/><G6/><T9/><D9/><U100/><E10/><V30/><F103/><W44/><G31/><T65/><D65/><U73/><E100/><V110/><F110/><W99/><G35/><T16/><D18/><U53/><E108/><V122/><F122/><W63/><REACH who="3" step="1"/><G45/><AGARI ba="0,0" hai="11,15,16,41,45,50,97,98" m="34411,5227" machi="45" ten="30,11600,0" yaku="8,1,52,1,54,2" doraHai="36" who="0" fromWho="3" sc="250,116,250,0,250,0,250,-116" /><INIT seed="0,1,0,2,3,57" ten="366,250,250,134" oya="0" hai0="49,0,135,24,97,40,25,58,60,2,19,110,41" hai1="125,52,55,93,83,120,22,54,42,45,34,32,4" hai2="65,59,77,88,81,31,30,48,95,99,108,82,115" hai3="79,130,8,116,6,21,20,61,35,113,104,100,36"/><T111/><D135/><U106/><E106/><V87/><F115/><W68/><G116/><T127/><D127/><U105/><E105/><V51/><F108/><N who="0" m="41514" /><D97/><U102/><E120/><V66/><F82/><W11/><G35/><T98/><D98/><U124/><E4/><V27/><F30/><W91/><G104/><T37/><D37/><U70/><E70/><V29/><F31/><W43/><G100/><T132/><D132/><U128/><E83/><V14/><F14/><W39/><G79/><T23/><D24/><U69/><E69/><V50/><REACH who="2" step="1"/><F59/><REACH who="2" ten="366,250,240,134" step="2"/><W47/><G68/><T121/><D121/><U103/><E125/><V76/><F76/><W33/><G113/><T9/><D0/><U133/><E124/><V46/><F46/><W62/><G47/><T131/><D2/><U96/><E133/><V7/><F7/><W26/><G6/><T92/><D58/><U73/><E45/><V134/><F134/><W119/><G119/><T71/><D25/><U94/><E34/><AGARI ba="1,1" hai="27,29,34,48,50,51,65,66,77,81,87,88,95,99" machi="34" ten="40,2600,0" yaku="1,1,54,1,53,0" doraHai="57" doraHaiUra="129" who="2" fromWho="1" sc="366,0,250,-29,240,39,134,0" /><INIT seed="1,0,0,1,1,7" ten="366,221,279,134" oya="1" hai0="30,20,37,80,81,108,41,54,11,62,52,32,69" hai1="104,53,17,92,3,88,35,117,122,72,106,101,63" hai2="46,114,42,116,50,74,129,14,19,29,10,133,124" hai3="33,132,99,23,120,130,28,76,90,94,134,22,57"/><U126/><E117/><V78/><F116/><W55/><G120/><T60/><D32/><U79/><E122/><V100/><F124/><W128/><G76/><T21/><D108/><U5/><E35/><V123/><F129/><N who="3" m="49771" /><G33/><T75/><D69/><U8/><E126/><V9/><F29/><W105/><G105/><T96/><D96/><U4/><E101/><V83/><F133/><N who="3" m="51307" /><G28/><T49/><D37/><U68/><E5/><V59/><F114/><W127/><G127/><T67/><D75/><U119/><E119/><V70/><F70/><W36/><G36/><T73/><D73/><U61/><E79/><V113/><F113/><W2/><G2/><T65/><D30/><U15/><E72/><V112/><F123/><W44/><G44/><T87/><D87/><U118/><E118/><V38/><F112/><W6/><G6/><T40/><D49/><U135/><E135/><V48/><F50/><W31/><G31/><T115/><D115/><U93/><E68/><V25/><F48/><AGARI ba="0,0" hai="22,23,48,55,57,90,94,99" m="51307,49771" machi="48" ten="30,2000,0" yaku="19,1,20,1" doraHai="7" who="3" fromWho="2" sc="366,0,221,0,279,-20,134,20" /><INIT seed="2,0,0,3,3,89" ten="366,221,259,154" oya="2" hai0="56,92,103,117,124,82,2,30,96,115,14,83,8" hai1="86,65,27,104,119,45,74,58,132,67,97,122,7" hai2="101,53,12,111,66,47,33,3,94,108,129,26,77" hai3="125,24,110,106,87,4,44,109,95,63,72,42,17"/><V105/><F3/><W28/><G106/><T23/><D115/><U37/><E74/><V135/><F105/><W57/><G72/><T18/><D124/><U46/><E119/><V20/><F135/><W118/><G118/><T80/><D117/><U62/><E132/><V102/><F66/><W61/><G125/><T75/><D75/><U29/><E122/><V113/><F77/><W51/><G4/><T76/><D56/><U134/><E134/><V36/><F129/><W64/><G17/><T131/><D131/><U68/><E37/><V90/><F12/><W107/><G107/><T121/><D121/><U48/><E7/><V79/><F79/><W112/><G112/><T71/><D71/><U9/><E9/><V49/><F33/><W35/><REACH who="3" step="1"/><G63/><REACH who="3" ten="366,221,259,144" step="2"/><T13/><D18/><U19/><E19/><N who="2" m="12575" /><F113/><W6/><G6/><T11/><D30/><U93/><E104/><V39/><F39/><W128/><G128/><T130/><D130/><U31/><E31/><V52/><F36/><W70/><G70/><T54/><D2/><U81/><E68/><V25/><F111/><W100/><G100/><T34/><D103/><N who="1" m="60847" /><E48/><N who="2" m="28703" /><F108/><W127/><G127/><T21/><D76/><N who="1" m="46375" /><E67/><V69/><F69/><W38/><G38/><T120/><D120/><U84/><E29/><V32/><F102/><W40/><G40/><T59/><D54/><U55/><E65/><V10/><F101/><W73/><G73/><T116/><D116/><U50/><E62/><V126/><F126/><W15/><G15/><T43/><D13/><U5/><E5/><V85/><F53/><W16/><G16/><RYUUKYOKU ba="0,1" sc="366,-10,221,-10,259,-10,144,30" hai3="24,28,35,42,44,51,57,61,64,87,95,109,110" /><INIT seed="3,1,1,0,1,45" ten="356,211,249,174" oya="3" hai0="71,132,135,2,47,97,8,104,84,88,134,39,29" hai1="86,30,75,38,87,112,77,95,123,66,78,41,16" hai2="109,0,90,12,48,83,11,7,27,31,98,76,18" hai3="36,3,50,79,103,96,4,70,74,49,125,105,17"/><W46/><G125/><T118/><D118/><U63/><E75/><V115/><F109/><W40/><G17/><T28/><D71/><U59/><E112/><V35/><F115/><W73/><G70/><T5/><D47/><U122/><E30/><N who="0" m="11881" /><D39/><U126/><E38/><V1/><F48/><W101/><G101/><N who="0" m="62511" /><D88/><N who="1" m="53655" /><E123/><V37/><F37/><W44/><G79/><T119/><D119/><U82/><E122/><V102/><F90/><W61/><G61/><T108/><D84/><U10/><E41/><V56/><F56/><W69/><G69/><T133/><D133/><U110/><E110/><AGARI ba="1,1" hai="2,5,8,108,110,132,134,135" m="62511,11881" machi="110" ten="40,1300,0" yaku="20,1" doraHai="45" who="0" fromWho="1" sc="356,26,211,-16,249,0,174,0" owari="382,48.2,195,-20.5,249,4.9,174,-32.6" /></mjloggm>