<mjloggm ver="2.3"><GO type="225" lobby="0"/><UN n0="%E3%83%96%E3%83%83%E3%83%91%E3%82%AA%E3%83%96%E3%83%81%E3%82%AD%E3%83%B3" n1="%E3%81%B2%E3%81%AA%E3%81%AE%E3%82%8A%E3%81%8F" n2="%E6%9C%88%E5%B3%B6%E5%9F%BA" n3="%E3%83%9D%E3%83%B3%E3%83%9D%E3%82%B3%E5%95%86%E4%BA%8B" dan="16,16,17,16" rate="2195.87,2116.31,2175.91,2174.59" sx="M,M,M,M"/><TAIKYOKU oya="0"/><INIT seed="0,0,0,4,1,39" ten="250,250,250,250" oya="0" hai0="102,113,82,116,6,55,94,26,21,108,91,96,59" hai1="95,69,60,120,37,33,31,18,89,85,67,54,8" hai2="66,110,86,122,4,93,56,38,98,13,78,117,45" hai3="16,3,128,132,43,28,84,126,125,30,131,124,74"/><T63/><D113/><U72/><E72/><V135/><F122/><W133/><G74/><T81/><D116/><U87/><E120/><V62/><F117/><W36/><G3/><T76/><D108/><U99/><E37/><V20/><F110/><W29/><G84/><T1/><D1/><U25/><E8/><V64/><F135/><N who="3" m="51787" /><G16/><T35/><D35/><U0/><E0/><V90/><F38/><W57/><G57/><T53/><D6/><U106/><E106/><V75/><F75/><W92/><G92/><T119/><D119/><U73/><E73/><V103/><F78/><W79/><G79/><T17/><D76/><U70/><E70/><V77/><F77/><W42/><G36/><T71/><D71/><U15/><E15/><V41/><F4/><W80/><G80/><T101/><REACH who="0" step="1"/><D53/><REACH who="0" ten="240,250,250,250" step="2"/><U107/><E54/><V61/><F66/><W11/><G11/><T27/><D27/><U111/><E111/><V115/><F64/><W34/><G34/><T118/><D118/><U114/><E69/><V51/><F13/><W48/><G48/><T130/><D130/><AGARI ba="0,1" hai="28,29,30,42,43,124,125,126,128,130,131" m="51787" machi="130" ten="40,32000,5" yakuman="39" doraHai="39" who="3" fromWho="0" sc="240,-320,250,0,250,0,250,330" owari="-80,-58.0,250,5.0,250,-15.0,580,68.0" /></mjloggm>