<mjloggm ver="2.3"><GO type="225" lobby="0"/><UN n0="%E3%80%93%E3%81%97%E3%83%BC%E3%82%89%E3%80%93" n1="%E3%83%9D%E3%82%B1%E3%83%83%E3%83%88" n2="%72%69%6F%75%63%68%61%6E" n3="%E3%81%BE%E3%81%8B%E3%81%B7%E3%82%93" dan="16,16,16,16" rate="2218.66,2066.45,2141.78,2085.72" sx="M,M,M,M"/><TAIKYOKU oya="0"/><INIT seed="0,0,0,5,5,35" ten="250,250,250,250" oya="0" hai0="52,132,96,134,129,82,97,69,126,103,115,116,42" hai1="68,55,102,109,9,92,124,108,119,76,32,81,127" hai2="17,86,0,99,83,88,36,28,72,16,4,24,114" hai3="84,22,31,107,50,3,89,78,39,93,101,106,59"/><T61/><D115/><U121/><E32/><V40/><F114/><W45/><G39/><T34/><D34/><U135/><E68/><V131/><F131/><W112/><G112/><T125/><D116/><U15/><E119/><V7/><F72/><W122/><G122/><T8/><D42/><U29/><E29/><V85/><F99/><N who="0" m="37962" /><D103/><U12/><E121/><V18/><F0/><W117/><G117/><T63/><D69/><U75/><E135/><N who="0" m="51753" /><D82/><U25/><E92/><N who="2" m="54287" /><F36/><W53/><G101/><T33/><D33/><U19/><E102/><V21/><F40/><W58/><G107/><T100/><D100/><U77/><E77/><AGARI ba="0,0" hai="4,7,16,17,18,21,24,28,77,83,86" m="54287" machi="77" ten="30,3900,0" yaku="8,1,54,2" doraHai="35" who="2" fromWho="1" sc="250,0,250,-39,250,39,250,0" /><INIT seed="1,0,0,5,2,91" ten="250,211,289,250" oya="1" hai0="74,63,49,53,44,16,54,99,61,39,107,110,78" hai1="95,29,51,42,120,62,5,66,85,79,108,113,118" hai2="60,134,98,105,87,20,43,115,65,24,88,132,56" hai3="76,94,126,14,11,0,13,81,127,7,93,111,35"/><U37/><E113/><V50/><F115/><W47/><G111/><T130/><D110/><U40/><E108/><V71/><F105/><W6/><G35/><T131/><D39/><U112/><E112/><V25/><F98/><W72/><G47/><T36/><D36/><U116/><E120/><V3/><F3/><W18/><G0/><T22/><D78/><U57/><E37/><V15/><F15/><W125/><REACH who="3" step="1"/><G6/><REACH who="3" ten="250,211,289,240" step="2"/><T9/><D44/><N who="1" m="25991" /><E118/><V106/><F43/><W121/><G121/><T75/><D130/><U128/><E116/><V84/><F106/><W86/><G86/><T80/><D107/><U1/><E1/><V17/><F87/><W96/><G96/><T89/><D99/><U119/><E128/><V8/><F134/><W103/><G103/><T73/><D131/><U123/><E119/><V109/><F132/><W23/><AGARI ba="0,1" hai="7,11,13,14,18,23,72,76,81,93,94,125,126,127" machi="23" ten="30,8000,1" yaku="1,1,0,1,18,1,52,2,53,0" doraHai="91" doraHaiUra="48" who="3" fromWho="3" sc="250,-20,211,-40,289,-20,240,90" /><INIT seed="2,0,0,1,3,33" ten="230,171,269,330" oya="2" hai0="58,128,67,30,3,8,55,80,121,46,74,31,7" hai1="53,17,118,43,51,134,135,104,117,5,26,64,92" hai2="14,24,56,16,78,36,101,44,0,106,18,120,76" hai3="122,99,42,125,129,38,23,35,105,86,1,114,119"/><V68/><F120/><W77/><RYUUKYOKU type="yao9" ba="0,0" sc="230,0,171,0,269,0,330,0" hai3="1,23,35,38,42,77,86,99,105,114,119,122,125,129" /><INIT seed="2,1,0,0,3,106" ten="230,171,269,330" oya="2" hai0="16,58,134,118,132,114,29,31,14,123,19,53,122" hai1="34,17,82,48,64,90,80,93,30,39,15,55,47" hai2="112,77,24,1,95,52,124,78,120,68,36,135,8" hai3="129,20,76,110,102,84,51,9,61,117,108,127,94"/><V4/><F112/><W104/><G117/><T35/><D114/><U41/><E34/><V92/><F120/><N who="0" m="46122" /><D118/><U5/><E30/><N who="0" m="11273" /><D35/><U109/><E109/><N who="3" m="42090" /><G9/><N who="0" m="6223" /><D58/><U121/><E5/><V70/><F124/><W85/><G127/><T119/><D53/><U79/><E121/><V38/><F135/><N who="0" m="51754" /><D119/><U62/><E79/><V101/><F95/><W97/><G76/><T87/><D87/><N who="3" m="33353" /><G61/><T13/><D13/><U6/><E6/><V75/><F78/><W99/><G51/><T91/><D91/><U105/><E105/><V7/><F7/><W115/><G115/><T33/><D33/><U59/><E93/><V116/><F116/><W113/><G113/><T11/><D11/><U25/><E90/><V44/><F36/><W71/><G71/><T42/><D42/><U50/><E25/><V63/><F24/><W2/><G20/><T37/><D37/><U100/><E100/><V45/><F45/><W65/><G65/><T88/><D88/><U89/><E89/><V18/><F63/><W12/><G12/><T49/><D49/><U83/><REACH who="1" step="1"/><E64/><REACH who="1" ten="230,161,269,330" step="2"/><V21/><F101/><N who="3" m="60599" /><G2/><T130/><D19/><U27/><E27/><N who="2" m="14775" /><F92/><W28/><G28/><T81/><D81/><U96/><E96/><V3/><F1/><W22/><G22/><AGARI ba="1,1" hai="15,17,22,39,41,47,48,50,55,59,62,80,82,83" machi="22" ten="40,2600,0" yaku="1,1,53,1" doraHai="106" doraHaiUra="69" who="1" fromWho="3" sc="230,0,161,39,269,0,330,-29" /><INIT seed="3,0,0,0,4,115" ten="230,200,269,301" oya="3" hai0="67,111,4,131,14,50,124,39,0,27,23,125,132" hai1="61,68,60,34,121,20,96,85,48,113,106,108,128" hai2="133,135,66,38,112,92,134,122,37,88,89,119,120" hai3="72,80,59,3,49,1,5,87,65,73,130,10,93"/><W75/><G130/><T81/><D39/><N who="2" m="14858" /><F112/><W126/><G126/><N who="0" m="48747" /><D67/><U64/><E113/><V94/><F119/><W74/><N who="3" m="18432" /><DORA hai="63" /><W53/><G93/><N who="2" m="35945" /><F66/><W18/><G18/><N who="0" m="12791" /><D50/><U127/><E127/><V118/><F118/><W82/><G1/><T13/><D81/><U104/><E48/><V25/><F25/><W107/><G107/><T15/><D131/><U95/><E128/><V117/><F117/><W31/><G31/><T8/><D111/><U30/><E108/><V129/><F129/><W78/><G82/><T12/><N who="0" m="3072" /><DORA hai="114" /><T44/><D44/><U99/><E85/><V79/><F79/><W90/><REACH who="3" step="1"/><G65/><REACH who="3" ten="230,200,269,291" step="2"/><T24/><D132/><U70/><E106/><V28/><F28/><W36/><G36/><T26/><AGARI ba="0,1" hai="0,4,8,24,26" m="3072,12791,48747" machi="26" ten="50,6400,0" yaku="18,1,34,2" doraHai="115,63,114" who="0" fromWho="0" sc="230,74,200,-16,269,-16,291,-32" owari="304,40.4,184,-31.6,253,-14.7,259,5.9" /></mjloggm>