<mjloggm ver="2.3"><GO type="225" lobby="0"/><UN n0="%4C%4F%4C%49%54%41" n1="%E3%81%A4%E3%81%A3%E3%81%B1%E3%82%8A%E3%83%9D%E3%83%BC%E3%83%AB" n2="%E3%81%99%E3%81%84%E3%81%BE%E3%81%9B%E3%83%BC%E3%82%93" n3="%E6%A1%9C%E8%8A%B1%E9%96%83%E3%80%85" dan="16,17,18,16" rate="2092.71,2113.43,2252.67,2107.84" sx="F,M,M,M"/><TAIKYOKU oya="0"/><INIT seed="0,0,0,0,1,0" ten="250,250,250,250" oya="0" hai0="89,88,18,23,57,98,54,80,129,4,14,2,100" hai1="24,42,82,31,112,44,64,19,127,53,124,123,9" hai2="117,16,75,76,106,71,46,51,90,130,45,103,105" hai3="115,108,77,48,92,11,95,133,37,39,131,93,114"/><T99/><D129/><U38/><E123/><V104/><F71/><W43/><G131/><T70/><D70/><U119/><E112/><V12/><F130/><W62/><G108/><T63/><D80/><U10/><E119/><V5/><F117/><W26/><G77/><T74/><D74/><U41/><E64/><V86/><F103/><W109/><G109/><T61/><D61/><U110/><E110/><V40/><F5/><W66/><G133/><T60/><D60/><U56/><E42/><V58/><F58/><W126/><G126/><N who="1" m="48170" /><E82/><V134/><F46/><W28/><G48/><T96/><REACH who="0" step="1"/><D100/><REACH who="0" ten="240,250,250,250" step="2"/><U22/><E31/><V122/><F122/><W111/><G111/><T91/><D91/><U121/><E121/><V113/><F90/><W87/><G28/><T17/><D17/><U49/><AGARI ba="0,1" hai="9,10,19,22,24,38,41,44,49,53,56" m="48170" machi="49" ten="30,1100,0" yaku="18,1" doraHai="0" who="1" fromWho="1" sc="240,-5,250,21,250,-3,250,-3" /><INIT seed="1,0,0,1,3,122" ten="235,271,247,247" oya="1" hai0="70,54,52,44,22,89,80,27,97,40,56,118,32" hai1="116,82,58,96,5,129,124,66,19,109,111,53,67" hai2="20,83,17,13,65,47,126,104,26,133,50,48,69" hai3="8,94,59,38,51,74,55,75,93,12,125,49,76"/><U28/><E116/><V77/><F104/><W41/><G125/><T33/><D70/><U9/><E124/><V121/><F121/><W29/><G38/><T62/><D118/><U39/><E39/><V35/><F126/><W30/><G76/><T23/><D54/><U134/><E134/><V21/><F133/><W99/><G75/><T24/><D80/><U128/><E28/><N who="3" m="10858" /><G74/><T64/><D64/><N who="1" m="24619" /><E19/><V108/><F35/><W79/><G79/><T68/><D68/><U102/><E82/><V7/><F65/><W36/><G36/><N who="0" m="21511" /><D23/><U119/><E119/><V57/><F69/><W25/><G25/><T101/><D101/><U135/><E135/><V37/><F21/><W16/><G99/><T84/><D84/><U42/><E42/><V10/><F37/><W11/><G11/><T85/><D85/><U71/><E71/><V72/><F47/><AGARI ba="0,0" hai="8,12,16,41,47,49,51,55,59,93,94" m="10858" machi="47" ten="30,2000,0" yaku="8,1,54,1" doraHai="122" who="3" fromWho="2" sc="235,0,271,0,247,-20,247,20" /><INIT seed="2,0,0,1,3,92" ten="235,271,227,267" oya="2" hai0="122,94,88,56,71,12,53,14,21,110,13,8,16" hai1="46,99,96,117,35,111,91,50,83,90,131,38,33" hai2="42,62,114,133,118,25,20,60,93,102,70,41,1" hai3="100,15,79,128,39,11,107,127,132,54,44,125,69"/><V4/><F114/><W65/><G79/><T57/><D110/><U27/><E117/><V51/><F118/><W64/><G128/><T95/><D71/><U0/><E0/><V34/><F34/><W121/><G121/><T135/><D135/><U31/><E38/><V103/><F133/><W55/><G132/><T129/><D129/><U7/><E131/><V109/><F109/><W123/><G123/><T77/><D122/><U63/><E7/><V112/><F112/><W61/><G65/><T19/><D77/><U52/><E111/><V58/><F70/><W43/><G100/><N who="2" m="38441" /><F4/><W32/><G32/><T6/><D53/><U73/><E35/><V86/><F1/><W84/><G84/><N who="0" m="52487" /><D95/><U120/><E120/><V98/><F86/><W17/><REACH who="3" step="1"/><G107/><REACH who="3" ten="235,271,227,257" step="2"/><T22/><AGARI ba="0,1" hai="6,8,12,13,14,16,19,21,22,56,57" m="52487" machi="22" ten="30,4000,0" yaku="8,1,54,2" doraHai="92" who="0" fromWho="0" sc="235,50,271,-10,227,-20,257,-10" /><INIT seed="3,0,0,3,5,21" ten="285,261,207,247" oya="3" hai0="1,53,116,16,37,115,35,36,91,70,19,25,87" hai1="46,96,122,126,123,81,0,110,94,125,56,47,111" hai2="89,132,63,105,60,135,49,65,109,121,27,120,28" hai3="77,113,90,93,102,80,13,134,112,40,9,48,44"/><W17/><G134/><N who="2" m="51241" /><F105/><W2/><G2/><T12/><D116/><U55/><E0/><V33/><F109/><N who="1" m="41481" /><E81/><V83/><F49/><W24/><G102/><T101/><D70/><U131/><E131/><V106/><F106/><W20/><G90/><T104/><D1/><U74/><E74/><V64/><F89/><W97/><G93/><T85/><D115/><U82/><E82/><V18/><F18/><W4/><REACH who="3" step="1"/><G97/><REACH who="3" ten="285,261,207,237" step="2"/><T7/><D101/><U22/><E94/><V108/><F108/><W99/><G99/><T6/><D91/><U8/><E96/><V61/><F83/><W103/><G103/><T42/><D104/><U31/><E122/><AGARI ba="0,1" hai="27,28,33,60,61,63,64,65,120,121,122" m="51241" machi="122" ten="40,5200,0" yaku="13,1,20,1,52,1" doraHai="21" who="2" fromWho="1" sc="285,0,261,-52,207,62,237,0" /><INIT seed="4,0,0,4,0,30" ten="285,209,269,237" oya="0" hai0="10,57,31,78,89,26,104,92,126,124,97,98,121" hai1="58,47,24,44,74,67,54,1,69,11,115,38,15" hai2="0,75,120,135,96,22,83,133,56,63,71,19,107" hai3="101,88,119,23,43,65,68,60,127,7,109,13,118"/><T8/><D121/><U12/><E74/><V17/><F120/><W86/><G109/><T9/><D78/><U108/><E108/><V25/><F0/><W114/><G114/><T4/><D57/><U99/><E115/><V48/><F71/><W50/><G101/><T62/><D62/><N who="1" m="40183" /><E47/><V105/><F48/><W91/><G127/><N who="0" m="48683" /><D104/><U123/><E99/><V87/><F75/><W53/><G43/><T81/><D81/><U49/><E24/><V55/><F17/><W37/><G37/><T106/><D106/><U42/><E123/><V45/><F45/><W6/><G91/><T27/><D27/><U77/><E77/><V46/><F46/><W85/><G118/><T122/><D98/><U132/><E132/><N who="2" m="50763" /><F96/><W39/><G119/><T16/><D16/><N who="1" m="8223" /><E15/><V29/><F19/><N who="3" m="10735" /><G86/><T32/><D122/><U116/><E1/><AGARI ba="0,0" hai="1,4,8,9,10,26,31,32,89,92,97" m="48683" machi="1" ten="30,2900,0" yaku="18,1,52,1" doraHai="30" who="0" fromWho="1" sc="285,29,209,-29,269,0,237,0" owari="314,41.4,180,-32.0,269,6.9,237,-16.3" /></mjloggm>