<mjloggm ver="2.3"><GO type="225" lobby="0"/><UN n0="%E6%A1%9C%E8%8A%B1%E9%96%83%E3%80%85" n1="%E9%A6%AC%E5%BC%95%E7%81%AB%33" n2="%E3%83%B4%E3%83%A0%EF%BC%99%E3%81%A6" n3="%E3%81%AF%E3%82%88%E3%81%8A%E3%81%98%E3%81%95%E3%82%93" dan="16,17,16,16" rate="2172.14,2181.22,2151.64,2124.34" sx="M,M,M,M"/><TAIKYOKU oya="0"/><INIT seed="0,0,0,0,3,55" ten="250,250,250,250" oya="0" hai0="65,16,89,103,96,5,64,108,15,118,53,88,125" hai1="2,66,95,117,91,34,131,48,109,128,111,126,87" hai2="54,10,116,112,32,135,24,31,101,71,36,6,75" hai3="127,70,9,4,39,98,45,47,0,100,79,134,30"/><T26/><D118/><U93/><E2/><V97/><F116/><W114/><G114/><T57/><D125/><U130/><E117/><V56/><F112/><W49/><G70/><T8/><D108/><N who="1" m="41547" /><E34/><V42/><F135/><W46/><G134/><T7/><D103/><U133/><E133/><V61/><F75/><W80/><G127/><T104/><D104/><U68/><E126/><V29/><F29/><W33/><G30/><T94/><D89/><U35/><E35/><V62/><F42/><W52/><G33/><T82/><D82/><N who="1" m="49655" /><E48/><V115/><F115/><W1/><G1/><T17/><D17/><U83/><E83/><V37/><F62/><AGARI ba="0,0" hai="62,66,68,93,95,128,130,131" m="49655,41547" machi="62" ten="40,2600,0" yaku="19,1,14,1" doraHai="55" who="1" fromWho="2" sc="250,0,250,26,250,-26,250,0" /><INIT seed="1,0,0,5,0,42" ten="250,276,224,250" oya="1" hai0="120,58,5,118,105,125,77,36,56,45,114,35,86" hai1="54,85,61,57,119,31,75,84,20,39,8,76,96" hai2="111,41,131,24,27,60,98,104,94,7,9,89,63" hai3="22,10,67,121,132,37,128,18,48,101,81,19,92"/><U90/><E119/><V70/><F111/><W116/><G121/><T11/><D118/><U91/><E39/><V80/><F131/><W38/><G128/><T2/><D114/><U102/><E75/><V107/><F80/><W112/><G112/><T126/><D105/><U108/><E8/><V95/><F104/><W82/><G116/><T73/><D86/><U40/><E40/><V133/><F107/><W130/><G130/><T106/><D35/><U113/><E113/><V53/><F133/><W21/><G132/><T122/><D106/><U44/><E44/><V97/><F41/><W88/><G67/><T115/><D115/><U78/><E31/><V26/><F53/><W71/><G71/><T79/><D45/><U68/><E68/><V100/><REACH who="2" step="1"/><F70/><REACH who="2" ten="250,276,214,250" step="2"/><W32/><G82/><N who="0" m="45359" /><D79/><U1/><E76/><V65/><F65/><W74/><G81/><T47/><D122/><U43/><E78/><V123/><F123/><W23/><G74/><T15/><D120/><U29/><E108/><V33/><F33/><W17/><G32/><T110/><D110/><U6/><E54/><V124/><F124/><W34/><G34/><T135/><D135/><U64/><E64/><V83/><F83/><W134/><G134/><T55/><D55/><U69/><E43/><V14/><AGARI ba="0,1" hai="7,9,14,24,26,27,60,63,89,94,95,97,98,100" machi="14" ten="30,8000,1" yaku="1,1,0,1,8,1,53,2" doraHai="42" doraHaiUra="59" who="2" fromWho="2" sc="250,-20,276,-40,214,90,250,-20" /><INIT seed="2,0,0,5,2,126" ten="230,236,304,230" oya="2" hai0="5,38,55,91,17,51,20,106,39,132,87,127,115" hai1="131,78,97,29,32,41,94,13,6,98,58,128,31" hai2="16,119,117,108,84,67,4,124,61,79,86,59,3" hai3="7,23,107,76,100,70,123,64,111,114,63,36,26"/><V30/><F124/><W42/><G123/><T34/><D127/><U99/><E78/><V92/><F30/><W72/><G111/><T89/><D115/><U48/><E94/><V57/><F108/><W83/><G114/><T129/><D34/><U54/><E41/><V116/><F3/><W0/><G23/><T9/><D106/><U37/><E37/><V14/><F4/><W68/><G26/><T45/><D132/><U46/><E46/><V18/><F18/><W69/><G100/><T40/><D129/><N who="1" m="49739" /><E32/><V1/><F1/><W95/><G95/><T85/><D40/><U101/><E101/><V103/><F79/><W19/><G19/><T105/><D105/><U44/><E44/><V134/><F134/><W121/><G121/><T74/><D39/><U93/><E93/><V27/><F103/><W77/><G77/><T10/><D38/><U2/><E2/><V15/><F92/><W135/><G107/><T8/><D74/><U80/><E80/><V130/><F130/><W53/><G135/><T62/><D89/><U125/><E125/><V133/><F133/><W52/><G42/><N who="0" m="25015" /><D5/><U60/><E48/><V47/><F116/><W82/><G83/><T110/><D110/><U75/><E75/><V22/><F47/><W28/><G36/><T50/><D50/><U35/><E35/><V25/><F117/><W71/><REACH who="3" step="1"/><G28/><REACH who="3" ten="230,236,304,220" step="2"/><T96/><D91/><U102/><E102/><V118/><F119/><W65/><G65/><T11/><N who="0" m="2048" /><DORA hai="49" /><T88/><D88/><U109/><E109/><V43/><F118/><W122/><G122/><T104/><D104/><RYUUKYOKU ba="0,1" sc="230,-15,236,15,304,-15,220,15" hai1="6,13,29,31,54,58,60,97,98,99" hai3="0,7,52,53,63,64,68,69,70,71,72,76,82" /><INIT seed="3,1,1,0,5,113" ten="215,251,289,235" oya="3" hai0="109,26,107,105,40,123,126,5,29,86,75,106,49" hai1="33,66,85,55,51,39,118,54,64,9,59,88,115" hai2="108,100,35,128,91,99,50,73,78,93,80,95,45" hai3="61,98,15,122,133,117,104,25,82,125,134,110,1"/><W2/><G117/><T7/><D123/><U65/><E115/><V69/><F69/><W131/><G122/><T114/><D114/><U27/><E39/><V121/><F121/><W129/><G15/><T47/><D75/><U14/><E118/><V19/><F35/><W38/><G38/><T77/><D109/><U13/><E33/><V79/><F108/><W41/><G110/><T21/><REACH who="0" step="1"/><D126/><REACH who="0" ten="205,251,289,235" step="2"/><U101/><E9/><V103/><F73/><W23/><G125/><T72/><D72/><U8/><E8/><V87/><F128/><W135/><G131/><T67/><D67/><U58/><E66/><V63/><F79/><W31/><G129/><T30/><D30/><U84/><E65/><V53/><F78/><W46/><G61/><T70/><D70/><U36/><E64/><V132/><F63/><W20/><G20/><T0/><D0/><U60/><E60/><V10/><F132/><W18/><G31/><T43/><D43/><U111/><E111/><V90/><F80/><AGARI ba="1,2" hai="5,7,21,26,29,40,47,49,77,80,86,105,106,107" machi="80" ten="40,1300,0" yaku="1,1,53,0" doraHai="113" doraHaiUra="89" who="0" fromWho="2" sc="205,36,251,0,289,-16,235,0" /><INIT seed="4,0,0,3,3,110" ten="241,251,273,235" oya="0" hai0="34,100,18,53,90,38,59,121,68,98,19,81,47" hai1="71,66,91,111,33,9,73,50,70,88,69,27,57" hai2="4,5,14,93,67,106,102,58,101,60,126,44,116" hai3="15,113,28,92,21,82,1,26,29,61,6,120,118"/><T89/><D121/><U49/><E111/><V104/><F126/><W62/><G118/><T123/><D123/><U135/><E73/><V105/><F116/><W117/><G117/><T129/><D68/><U46/><E135/><V134/><F134/><W96/><G120/><T7/><D34/><U72/><E72/><V76/><F76/><W17/><G113/><T124/><D124/><U103/><E103/><V22/><F44/><W119/><G119/><T40/><D7/><U108/><E108/><V107/><F101/><W36/><G36/><T3/><D3/><U114/><E9/><V51/><F51/><W42/><G42/><T80/><D129/><U132/><E132/><V24/><F14/><W63/><G1/><T128/><D89/><U0/><E114/><V16/><REACH who="2" step="1"/><F93/><REACH who="2" ten="241,251,263,235" step="2"/><W131/><G92/><T35/><D128/><U133/><E50/><V77/><F77/><W97/><G131/><T74/><D90/><U48/><E48/><V109/><F109/><W56/><G82/><T10/><D81/><U54/><E0/><V127/><F127/><W45/><G45/><T2/><D80/><U23/><E133/><V115/><F115/><W13/><G13/><T75/><D47/><U11/><E91/><V79/><F79/><W64/><G15/><T25/><D2/><U37/><E88/><V55/><F55/><W78/><G78/><T31/><D100/><U130/><E130/><V83/><F83/><W32/><G6/><T43/><D43/><N who="1" m="22895" /><E49/><V65/><F65/><W8/><G64/><T12/><D40/><U84/><E66/><V125/><F125/><RYUUKYOKU ba="0,1" sc="241,-10,251,-10,263,30,235,-10" hai2="4,5,16,22,24,58,60,67,102,104,105,106,107" /><INIT seed="5,1,1,5,3,60" ten="231,241,293,225" oya="1" hai0="74,57,13,46,102,88,58,94,87,99,135,70,122" hai1="54,48,71,109,28,36,83,115,72,16,65,69,92" hai2="47,30,17,41,77,61,1,51,5,85,104,2,89" hai3="15,19,114,64,112,63,55,78,76,10,20,18,113"/><U3/><E3/><V116/><F116/><W129/><G129/><T118/><D118/><U52/><E36/><V7/><F104/><W23/><G55/><T96/><D70/><U42/><E42/><V40/><F40/><W131/><G131/><T6/><D74/><U120/><E120/><V43/><F43/><W4/><G23/><T93/><D122/><U84/><E72/><V29/><F77/><W133/><G133/><T34/><D34/><U31/><E115/><V32/><F32/><W59/><REACH who="3" step="1"/><G19/><REACH who="3" ten="231,241,293,215" step="2"/><T56/><D135/><U119/><E119/><V117/><F17/><W11/><G11/><N who="0" m="4343" /><D46/><U86/><E16/><V127/><F47/><W111/><G111/><T100/><D100/><U22/><E109/><V110/><F110/><W134/><G134/><T49/><D49/><U106/><E31/><V105/><F51/><W132/><G132/><T50/><D50/><U9/><E28/><V130/><F117/><W90/><G90/><T91/><D102/><U45/><E45/><V39/><F89/><W124/><G124/><T8/><D8/><U66/><E48/><V81/><F30/><W25/><AGARI ba="1,2" hai="4,10,15,18,20,25,59,63,64,76,78,112,113,114" machi="25" ten="30,7900,0" yaku="1,1,0,1,15,1,52,1,53,0" doraHai="60" doraHaiUra="126" who="3" fromWho="3" sc="231,-21,241,-40,293,-21,215,102" owari="210,-19.0,201,-29.9,272,7.2,317,41.7" /></mjloggm>