<mjloggm ver="2.3"><GO type="225" lobby="0"/><UN n0="%E6%A1%9C%E8%8A%B1%E9%96%83%E3%80%85" n1="%E7%9A%AE%E3%80%85" n2="%4B%2E%32%2E%4B%2E" n3="%33%74%72%65%65" dan="16,16,17,16" rate="2123.48,2084.59,2172.59,2147.15" sx="M,F,M,F"/><TAIKYOKU oya="0"/><INIT seed="0,0,0,3,5,79" ten="250,250,250,250" oya="0" hai0="70,126,43,117,89,111,72,116,74,75,41,61,45" hai1="50,90,129,59,96,60,8,69,103,34,106,24,95" hai2="91,108,85,10,4,84,88,102,5,2,36,125,19" hai3="37,77,55,115,47,93,97,3,68,127,99,53,76"/><T110/><D126/><U80/><E129/><V25/><F36/><W105/><G115/><T119/><D89/><U29/><E8/><V14/><F125/><W83/><G76/><T58/><D70/><U20/><E50/><V57/><F108/><N who="0" m="41514" /><D45/><U133/><E133/><V9/><F102/><W109/><G47/><T49/><D49/><U86/><E69/><V64/><F25/><W31/><G68/><T35/><D35/><U78/><E34/><V98/><F5/><W122/><G127/><T113/><D113/><U0/><E0/><V33/><F33/><W26/><G3/><T63/><D58/><U38/><E38/><V114/><F114/><W131/><G37/><T107/><D107/><U39/><E39/><V1/><F1/><W124/><G124/><T21/><D21/><U6/><E6/><V52/><F64/><W11/><G105/><T121/><D121/><U130/><E130/><V17/><F91/><W67/><G122/><T94/><D94/><U135/><E135/><V100/><F88/><W65/><G93/><T71/><D71/><U101/><REACH who="1" step="1"/><E106/><REACH who="1" ten="250,240,250,250" step="2"/><V12/><F2/><W51/><G131/><T15/><D15/><U18/><E18/><V62/><F4/><W134/><G134/><T66/><D66/><AGARI ba="0,1" hai="20,24,29,59,60,66,78,80,86,90,95,96,101,103" machi="66" ten="30,8000,1" yaku="1,1,7,1,8,1,52,1,53,1" doraHai="79" doraHaiUra="16" who="1" fromWho="0" sc="250,-80,240,90,250,0,250,0" /><INIT seed="1,0,0,5,0,61" ten="170,330,250,250" oya="1" hai0="113,120,107,20,38,1,14,63,112,31,102,116,114" hai1="10,40,23,26,32,133,64,54,11,79,21,87,81" hai2="77,27,131,122,110,39,44,17,121,62,76,75,53" hai3="22,98,94,28,25,100,56,125,30,115,12,127,88"/><U70/><E133/><V18/><F110/><W37/><G115/><T50/><D116/><U5/><E40/><V134/><F134/><W55/><G37/><T3/><D38/><U91/><E32/><V47/><F131/><W29/><G12/><T135/><D135/><U74/><E54/><V132/><F132/><W45/><G45/><T6/><D50/><U118/><E118/><V80/><F76/><W48/><REACH who="3" step="1"/><G100/><REACH who="3" ten="170,330,250,240" step="2"/><T67/><D14/><U68/><E26/><V46/><F39/><W41/><G41/><T33/><D113/><U124/><E124/><AGARI ba="0,1" hai="22,25,28,29,30,48,55,56,88,94,98,124,125,127" machi="124" ten="40,5200,0" yaku="1,1,18,1,54,1,53,0" doraHai="61" doraHaiUra="7" who="3" fromWho="1" sc="170,0,330,-52,250,0,240,62" /><INIT seed="2,0,0,4,4,92" ten="170,278,250,302" oya="2" hai0="97,130,122,117,59,114,10,66,86,36,103,80,21" hai1="120,99,113,90,50,43,55,105,85,133,121,91,62" hai2="71,88,132,63,48,23,93,119,112,9,42,115,81" hai3="8,67,47,1,14,135,33,65,94,79,18,98,95"/><V49/><F119/><W68/><G135/><T77/><D122/><N who="1" m="47211" /><E113/><V0/><F132/><W123/><G123/><T2/><D114/><U110/><E133/><V45/><F81/><W72/><G33/><T29/><D117/><U39/><E110/><V34/><F34/><W35/><G35/><T44/><D130/><U128/><E128/><V82/><F82/><W125/><G72/><T61/><D2/><U60/><E43/><V102/><F102/><W19/><G1/><T7/><D36/><U32/><E39/><V96/><F23/><W106/><G79/><T74/><D44/><N who="1" m="28103" /><E32/><V20/><F49/><W101/><G125/><T6/><D10/><U17/><E17/><V54/><F20/><W15/><G47/><T129/><D74/><U40/><E40/><V83/><F83/><W127/><G127/><T111/><D111/><U70/><E70/><V87/><F87/><W13/><G68/><T22/><D129/><U46/><E46/><V116/><F116/><W100/><G18/><T108/><D108/><U131/><E131/><V64/><REACH who="2" step="1"/><F42/><REACH who="2" ten="170,278,240,302" step="2"/><W76/><G101/><T27/><REACH who="0" step="1"/><D21/><REACH who="0" ten="160,278,240,302" step="2"/><U37/><E37/><V24/><F24/><W16/><G8/><T41/><D41/><U134/><E134/><V69/><F69/><W25/><G25/><T28/><D28/><U3/><E3/><V38/><F38/><W31/><G31/><T57/><D57/><U4/><E4/><AGARI ba="0,2" hai="0,4,9,45,48,54,63,64,71,88,93,96,112,115" machi="4" ten="40,7700,0" yaku="1,1,52,1,54,1,53,0" doraHai="92" doraHaiUra="11" who="2" fromWho="1" sc="160,0,278,-77,240,97,302,0" /><INIT seed="2,1,0,4,5,8" ten="160,201,337,302" oya="2" hai0="68,117,43,6,25,23,104,21,53,111,92,59,128" hai1="1,135,54,114,15,113,94,56,28,48,78,83,93" hai2="18,24,71,47,38,95,115,119,112,129,134,132,39" hai3="51,122,7,79,89,19,26,75,42,46,101,12,110"/><V116/><F95/><W5/><G122/><T123/><D104/><U22/><E1/><V130/><F71/><W40/><G110/><T66/><D123/><U17/><E135/><N who="2" m="51755" /><F24/><W65/><G26/><T120/><D128/><N who="2" m="49258" /><F18/><W0/><G19/><T2/><D68/><U45/><E28/><V97/><F97/><W124/><G7/><T37/><D92/><U102/><E45/><V61/><F61/><W50/><G5/><T90/><D25/><U11/><E11/><V41/><F38/><W96/><G46/><T70/><D37/><U88/><E102/><V58/><F58/><W107/><G96/><T10/><D70/><U100/><E100/><V76/><F76/><W64/><G79/><T13/><D120/><U81/><E94/><V52/><F52/><W127/><G101/><T133/><D53/><U27/><E27/><V55/><F55/><W3/><G107/><T80/><D133/><U31/><E31/><V62/><F62/><W44/><G44/><T109/><D59/><U72/><E83/><V4/><F4/><W74/><G89/><T63/><D63/><U77/><E77/><V91/><F91/><W30/><G30/><T14/><D90/><U49/><E49/><V36/><F36/><W69/><G69/><T60/><D80/><U108/><E108/><V34/><F34/><W103/><G103/><T29/><D111/><U67/><E67/><V125/><F125/><W87/><G87/><AGARI ba="1,0" hai="15,17,22,48,54,56,72,78,81,87,88,93,113,114" machi="87" ten="30,8000,1" yaku="7,1,25,2,52,1,54,1" doraHai="8" who="1" fromWho="3" sc="160,0,201,83,337,0,302,-83" /><INIT seed="3,0,0,5,2,47" ten="160,284,337,219" oya="3" hai0="36,113,111,13,34,39,91,126,63,93,68,108,81" hai1="132,76,122,101,52,28,4,11,46,22,72,107,59" hai2="87,131,56,50,100,62,38,121,106,103,23,82,130" hai3="53,24,80,17,58,16,125,51,127,88,66,54,78"/><W97/><G66/><T64/><D34/><U33/><E122/><V75/><F38/><W129/><G129/><N who="2" m="49161" /><F75/><N who="3" m="43103" /><G24/><T40/><D126/><N who="3" m="48137" /><G54/><T99/><D113/><U110/><E132/><V124/><F124/><W12/><G12/><T60/><D40/><U6/><E110/><V89/><F121/><W55/><G55/><T18/><D81/><U105/><E33/><V71/><F106/><W37/><G37/><T57/><D111/><U79/><E72/><V44/><F23/><W83/><G83/><T86/><D108/><U8/><E46/><V43/><F71/><W35/><G35/><T1/><D1/><U32/><E32/><V92/><F82/><W133/><G133/><T41/><D41/><U19/><E28/><V118/><F118/><W119/><G119/><T134/><D134/><U123/><E123/><V74/><F56/><W84/><G84/><T20/><REACH who="0" step="1"/><D86/><REACH who="0" ten="150,284,337,219" step="2"/><U67/><E105/><V95/><F87/><W9/><G9/><T90/><D90/><U77/><E11/><V27/><F43/><W69/><G69/><T94/><D94/><AGARI ba="0,1" hai="16,17,51,53,58,88,94,97" m="48137,43103" machi="94" ten="30,11600,0" yaku="18,1,52,1,54,2" doraHai="47" who="3" fromWho="0" sc="150,-116,284,0,337,0,219,126" owari="34,-46.6,284,-11.6,337,13.7,345,44.5" /></mjloggm>