<mjloggm ver="2.3"><GO type="225" lobby="0"/><UN n0="%E4%BF%BA%E3%81%A8%E5%A6%96%E5%A4%A2" n1="%41%6F%54" n2="%33%74%72%65%65" n3="%4C%4F%4C%49%54%41" dan="16,16,16,16" rate="2200.23,2085.14,2158.36,2199.01" sx="F,M,F,F"/><TAIKYOKU oya="0"/><INIT seed="0,0,0,1,5,128" ten="250,250,250,250" oya="0" hai0="73,51,71,83,121,41,22,87,14,56,98,123,67" hai1="126,96,120,116,82,61,12,40,63,17,43,133,57" hai2="85,79,101,102,30,44,52,75,125,131,97,74,69" hai3="36,49,50,10,110,100,70,91,24,81,26,8,46"/><T16/><D73/><U124/><E116/><V106/><F69/><W89/><G70/><T65/><D98/><U48/><E120/><V11/><F131/><W105/><G110/><T107/><D107/><U86/><E96/><V53/><F125/><N who="1" m="48233" /><E48/><V68/><F102/><W118/><G36/><T77/><D71/><U129/><E129/><V127/><F127/><W66/><G66/><T55/><REACH who="0" step="1"/><D41/><REACH who="0" ten="240,250,250,250" step="2"/><U2/><E43/><V33/><F68/><W99/><G105/><T113/><D113/><U60/><E40/><V80/><F106/><W23/><G99/><T1/><D1/><U90/><E2/><V4/><F97/><W58/><G100/><T15/><D15/><U38/><E38/><V62/><F101/><W109/><G118/><T132/><D132/><U84/><E84/><V119/><F119/><W9/><G109/><T0/><D0/><U134/><E57/><V28/><F85/><W72/><G58/><T13/><D13/><U47/><E47/><V103/><F103/><W111/><G111/><T5/><D5/><U93/><E93/><V42/><F74/><W34/><G72/><T35/><D35/><U114/><E114/><V45/><F33/><W130/><G130/><T122/><AGARI ba="0,1" hai="14,16,22,51,55,56,65,67,77,83,87,121,122,123" machi="122" ten="30,6000,0" yaku="1,1,0,1,54,1,53,0" doraHai="128" doraHaiUra="31" who="0" fromWho="0" sc="240,70,250,-20,250,-20,250,-20" /><INIT seed="0,1,0,3,4,65" ten="310,230,230,230" oya="0" hai0="9,38,35,81,40,44,102,107,53,28,99,91,30" hai1="96,108,132,130,70,46,0,61,119,118,105,20,50" hai2="29,67,59,87,90,101,74,110,73,62,1,109,111" hai3="2,14,85,100,49,112,23,78,82,126,64,69,43"/><T135/><D135/><U21/><E0/><V18/><F1/><W123/><G112/><T19/><D35/><U58/><E132/><V56/><F29/><W55/><G2/><T6/><D19/><U22/><E108/><V131/><F131/><W48/><G126/><T33/><D33/><U113/><E130/><V76/><F101/><W80/><G123/><T60/><D91/><U125/><E125/><V122/><F122/><W88/><G100/><T106/><D81/><U134/><E134/><V3/><F3/><W66/><G69/><T133/><D107/><U32/><E32/><V95/><F76/><W86/><G43/><T71/><D133/><U72/><E72/><V93/><F93/><W75/><G75/><N who="2" m="28681" /><F18/><N who="3" m="10711" /><G48/><T129/><D129/><U54/><E113/><V13/><F13/><W36/><G36/><T79/><D79/><U97/><E70/><AGARI ba="1,0" hai="56,59,62,67,70,87,90,95,109,110,111" m="28681" machi="70" ten="40,2600,0" yaku="14,1,52,1" doraHai="65" who="2" fromWho="1" sc="310,0,230,-29,230,29,230,0" /><INIT seed="1,0,0,4,5,41" ten="310,201,259,230" oya="1" hai0="15,18,110,33,76,39,56,89,61,94,7,96,2" hai1="108,116,4,30,51,31,114,124,80,16,67,129,130" hai2="46,63,125,90,60,22,109,83,5,72,128,105,81" hai3="50,91,87,78,54,55,68,84,38,42,86,17,85"/><U34/><E116/><V103/><F109/><W53/><G68/><T32/><D39/><U92/><E114/><V77/><F128/><N who="1" m="49257" /><E4/><V52/><F125/><W97/><G38/><T131/><D131/><U37/><E37/><V95/><F81/><N who="3" m="47159" /><G17/><T29/><D110/><U62/><E108/><V19/><F5/><W58/><G42/><T99/><D76/><U13/><E34/><V104/><F104/><W65/><G65/><T24/><D33/><U47/><E92/><AGARI ba="0,0" hai="50,53,54,55,58,85,86,87,91,92,97" m="47159" machi="92" ten="30,1000,0" yaku="8,1" doraHai="41" who="3" fromWho="1" sc="310,0,201,-10,259,0,230,10" /><INIT seed="2,0,0,0,0,77" ten="310,191,259,240" oya="2" hai0="98,96,135,15,103,16,73,30,91,109,75,126,39" hai1="47,74,85,86,5,116,127,115,32,31,24,100,28" hai2="12,88,62,78,7,1,50,107,114,123,36,132,118" hai3="26,131,40,53,120,111,61,44,23,76,56,64,124"/><V45/><F123/><W19/><G111/><T21/><D39/><U14/><E116/><V4/><F118/><W92/><G124/><T90/><D109/><U48/><E115/><V42/><F114/><W65/><G120/><T22/><D126/><U54/><E127/><V113/><F113/><W63/><G131/><T83/><D135/><U121/><E121/><V57/><F132/><W49/><G76/><T69/><D69/><U108/><E108/><V29/><F107/><W33/><G33/><T41/><D41/><U52/><E74/><V51/><F1/><W102/><REACH who="3" step="1"/><G61/><REACH who="3" ten="310,191,259,230" step="2"/><T59/><D73/><U93/><E32/><V71/><F78/><W117/><G117/><T18/><D75/><U89/><E100/><V125/><F125/><W37/><G37/><T20/><D103/><U70/><E70/><V43/><F71/><W55/><G55/><T35/><D35/><U0/><E54/><V8/><F36/><W106/><G106/><T99/><D91/><N who="1" m="53487" /><E0/><V94/><F62/><W122/><G122/><T72/><D72/><U81/><E24/><V130/><F130/><W133/><G133/><T104/><D104/><U79/><E79/><V95/><F88/><W129/><G129/><T3/><D3/><U58/><E58/><V84/><F57/><W68/><G68/><T27/><D59/><U10/><AGARI ba="0,1" hai="5,10,14,28,31,47,48,52,81,86,89" m="53487" machi="10" ten="30,4000,0" yaku="8,1,52,1,54,1" doraHai="77" who="1" fromWho="1" sc="310,-10,191,50,259,-20,230,-10" /><INIT seed="3,0,0,5,0,118" ten="300,241,239,220" oya="3" hai0="50,80,56,19,106,32,67,77,43,105,1,24,103" hai1="93,74,116,135,10,122,31,123,37,111,12,8,13" hai2="82,129,26,59,21,132,99,117,127,69,61,131,75" hai3="35,85,55,6,97,81,90,47,73,33,58,22,114"/><W92/><G114/><T40/><D1/><U52/><E74/><V95/><F117/><W109/><G6/><T70/><D70/><U72/><E72/><V98/><F69/><W121/><G47/><T133/><D133/><U101/><E116/><V7/><F7/><W119/><G119/><T91/><D91/><U130/><E37/><V5/><F5/><W25/><G73/><T29/><D103/><U18/><E135/><V128/><F132/><W2/><G2/><T94/><D94/><U15/><E111/><V16/><F127/><W96/><G109/><T112/><D112/><U44/><E31/><V83/><F75/><W46/><G46/><T86/><D19/><U45/><E130/><V110/><F110/><W23/><G97/><N who="2" m="36873" /><F95/><W38/><G38/><T28/><D28/><U134/><E134/><V87/><F87/><W57/><G121/><T68/><D68/><U27/><E122/><V48/><F48/><W100/><G57/><T14/><D14/><U65/><E13/><V76/><F76/><W51/><REACH who="3" step="1"/><G22/><REACH who="3" ten="300,241,239,210" step="2"/><T62/><D56/><U78/><E123/><V104/><F104/><W102/><G102/><T79/><D106/><U30/><E101/><V4/><F4/><W107/><G107/><T34/><D105/><U125/><E44/><V39/><F39/><W17/><AGARI ba="0,1" hai="17,23,25,33,35,51,55,58,81,85,90,92,96,100" machi="17" ten="20,3900,0" yaku="1,1,0,1,7,1,53,0" doraHai="118" doraHaiUra="64" who="3" fromWho="3" sc="300,-13,241,-13,239,-13,210,49" /><INIT seed="3,1,0,3,4,91" ten="287,228,226,259" oya="3" hai0="82,102,128,61,125,101,65,14,135,50,51,17,7" hai1="93,16,72,43,121,66,99,31,133,29,126,55,5" hai2="45,95,77,83,134,40,85,117,89,28,71,124,20" hai3="24,130,35,42,52,92,0,38,69,132,8,123,86"/><W105/><G123/><T81/><D135/><U100/><E121/><V96/><F134/><W87/><G105/><T57/><D128/><U76/><E133/><V39/><F124/><W36/><G69/><T74/><D7/><U70/><E126/><V84/><F71/><W122/><G122/><T107/><D125/><U90/><E5/><V48/><F117/><W79/><G132/><T98/><D102/><U106/><E43/><V4/><F4/><W47/><G0/><T88/><D88/><U119/><E119/><V64/><F64/><W58/><G36/><T103/><D103/><U109/><E55/><V19/><F39/><W46/><G8/><T62/><D62/><U114/><E114/><V30/><REACH who="2" step="1"/><F96/><REACH who="2" ten="287,228,216,259" step="2"/><W60/><G38/><T73/><D65/><U112/><E112/><V21/><F21/><W26/><G35/><T18/><D98/><U15/><E66/><V75/><F75/><W108/><G130/><T78/><D73/><U12/><E70/><V54/><F54/><W11/><G52/><T63/><D74/><U41/><E41/><V131/><F131/><W113/><G42/><T22/><D22/><U110/><E110/><V23/><F23/><W6/><G108/><T25/><D107/><U27/><E109/><V94/><F94/><W1/><G92/><T118/><D118/><U3/><E93/><V127/><F127/><W111/><G111/><T33/><D33/><U97/><E97/><V13/><AGARI ba="1,1" hai="13,19,20,28,30,40,45,48,77,83,84,85,89,95" machi="13" ten="20,8000,1" yaku="1,1,0,1,7,1,8,1,52,1,53,0" doraHai="91" doraHaiUra="120" who="2" fromWho="2" sc="287,-21,228,-21,216,93,259,-41" owari="266,6.6,207,-29.3,309,40.9,218,-18.2" /></mjloggm>