<mjloggm ver="2.3"><GO type="225" lobby="0"/><UN n0="%43%68%65" n1="%E3%83%B4%E3%83%A0%EF%BC%99%E3%81%A6" n2="%47%68%6F%73%74%55%30" n3="%33%74%72%65%65" dan="16,16,16,16" rate="2126.00,2170.82,2139.24,2180.98" sx="M,M,F,F"/><TAIKYOKU oya="0"/><INIT seed="0,0,0,2,4,88" ten="250,250,250,250" oya="0" hai0="124,67,44,89,114,49,131,87,81,86,42,20,23" hai1="22,35,57,85,50,64,8,34,37,127,92,18,126" hai2="0,69,14,97,118,77,116,96,121,17,73,128,10" hai3="123,28,48,56,107,9,54,91,120,115,36,72,117"/><T125/><D114/><U46/><E37/><V98/><F121/><N who="3" m="46667" /><G115/><T74/><D74/><U60/><E8/><V134/><F69/><W82/><G117/><N who="2" m="45161" /><F134/><W111/><G111/><T59/><D131/><U68/><E68/><V3/><F128/><W2/><G36/><T135/><D135/><U70/><E70/><V31/><F31/><W32/><G107/><T102/><D102/><U105/><E105/><V113/><F113/><W16/><G2/><N who="2" m="553" /><F77/><N who="3" m="44327" /><G91/><T80/><D125/><U27/><E126/><V104/><F73/><W110/><G110/><T103/><D103/><AGARI ba="0,0" hai="10,14,17,96,97,98,103,104" m="553,45161" machi="103" ten="30,1000,0" yaku="12,1" doraHai="88" who="2" fromWho="0" sc="250,-10,250,0,250,10,250,0" /><INIT seed="1,0,0,1,4,48" ten="240,250,260,250" oya="1" hai0="108,63,97,95,35,117,131,122,45,44,47,14,79" hai1="134,92,28,90,32,55,99,129,103,88,76,29,101" hai2="49,13,15,123,100,18,65,11,16,24,43,8,121" hai3="2,60,19,111,98,128,72,86,38,124,106,113,62"/><U130/><E134/><V4/><F65/><W41/><G19/><T75/><D117/><U77/><E32/><V93/><F100/><W112/><G86/><T107/><D107/><U71/><E71/><V0/><F93/><W68/><G72/><T5/><D35/><U64/><E64/><V125/><F125/><W133/><G98/><T110/><D131/><N who="1" m="50187" /><E101/><V22/><F43/><W23/><G41/><T74/><D122/><N who="2" m="46602" /><F49/><W69/><G69/><T57/><D79/><N who="1" m="30283" /><E55/><V17/><F0/><W30/><G2/><T70/><D70/><U53/><E53/><V54/><F54/><W118/><G133/><T42/><D42/><U7/><E7/><AGARI ba="0,0" hai="4,7,8,11,13,15,16,17,18,22,24" m="46602" machi="7" ten="30,3900,0" yaku="34,2,54,1" doraHai="48" who="2" fromWho="1" sc="240,0,250,-39,260,39,250,0" /><INIT seed="2,0,0,4,4,32" ten="240,211,299,250" oya="2" hai0="18,42,14,71,115,33,38,99,96,104,102,17,80" hai1="30,2,93,59,26,3,57,56,20,106,64,101,15" hai2="86,31,134,65,69,40,75,82,130,117,6,97,90" hai3="48,51,29,10,107,44,87,41,63,108,129,16,53"/><V11/><F117/><W124/><G108/><T68/><D115/><U121/><E106/><V67/><F130/><W35/><G129/><T88/><D33/><U23/><E121/><V49/><F134/><W54/><G124/><T60/><D60/><U120/><E120/><V4/><F69/><W8/><G107/><T98/><D98/><U132/><E132/><V58/><F31/><W105/><G105/><T47/><D18/><U133/><E133/><V127/><F127/><W19/><G29/><T52/><D52/><N who="3" m="20073" /><G51/><T126/><D126/><U135/><E135/><V24/><F49/><W21/><G35/><T5/><D5/><U7/><E64/><V91/><F4/><W109/><G109/><T43/><D43/><U34/><E7/><V36/><F40/><W73/><G73/><T131/><D131/><U81/><E81/><V46/><F75/><W123/><G123/><T119/><D119/><U103/><E103/><V77/><F6/><W92/><G63/><T113/><D113/><U39/><E39/><V70/><F36/><W116/><G116/><T22/><REACH who="0" step="1"/><D80/><REACH who="0" ten="230,211,299,250" step="2"/><U13/><E34/><V84/><F82/><W27/><G19/><T95/><AGARI ba="0,1" hai="14,17,22,38,42,47,68,71,88,95,96,99,102,104" machi="95" ten="30,7900,0" yaku="1,1,2,1,0,1,54,1,53,0" doraHai="32" doraHaiUra="78" who="0" fromWho="0" sc="230,89,211,-20,299,-39,250,-20" /><INIT seed="3,0,0,5,1,72" ten="319,191,260,230" oya="3" hai0="73,67,17,41,46,96,91,30,26,6,16,79,33" hai1="70,60,95,93,126,103,11,27,86,56,24,18,81" hai2="29,34,112,39,76,132,49,114,37,83,22,113,68" hai3="4,48,97,35,118,106,123,131,78,7,104,45,105"/><W84/><G118/><T57/><D6/><U43/><E126/><V20/><F68/><W99/><G123/><T120/><D120/><U109/><E109/><V117/><F117/><W129/><G35/><T44/><D44/><U77/><E70/><V87/><F132/><W13/><G97/><T110/><D110/><U107/><E107/><V85/><F49/><W9/><G99/><T122/><D122/><U94/><E43/><V98/><F98/><W8/><G84/><T62/><D79/><U111/><E111/><V32/><F29/><W134/><G78/><T130/><D73/><U53/><REACH who="1" step="1"/><E103/><REACH who="1" ten="319,181,260,230" step="2"/><V55/><F113/><W52/><REACH who="3" step="1"/><G134/><REACH who="3" ten="319,181,260,220" step="2"/><T3/><D130/><U31/><E31/><V115/><F115/><W25/><G25/><T40/><D26/><U38/><E38/><V5/><F37/><W121/><G121/><T58/><D30/><U15/><AGARI ba="0,2" hai="11,15,18,24,27,53,56,60,77,81,86,93,94,95" machi="15" ten="30,8000,1" yaku="1,1,0,1,8,1,52,1,53,1" doraHai="72" doraHaiUra="12" who="1" fromWho="1" sc="319,-20,181,100,260,-20,220,-40" /><INIT seed="4,0,0,1,0,118" ten="299,281,240,180" oya="0" hai0="83,57,125,82,27,127,96,126,108,131,52,116,48" hai1="50,43,80,33,9,53,23,24,76,87,35,77,5" hai2="37,45,123,129,130,6,114,117,104,124,64,134,132" hai3="84,60,135,75,133,41,14,111,12,71,32,47,26"/><T99/><D116/><U28/><E76/><V121/><F6/><W90/><G111/><T105/><D108/><U38/><E38/><V66/><F104/><W42/><G75/><T91/><D131/><N who="2" m="50186" /><F124/><W110/><G110/><T51/><D27/><U109/><E109/><V95/><F114/><W58/><G71/><T72/><D51/><U19/><E43/><N who="2" m="22767" /><F95/><W79/><G79/><N who="0" m="44391" /><D105/><U16/><E33/><V1/><F1/><W78/><G78/><T89/><D83/><U103/><E103/><V46/><F46/><W85/><G26/><T39/><D39/><U4/><E35/><V15/><F15/><W101/><G32/><T49/><D49/><U73/><E73/><V8/><F8/><W65/><G101/><T115/><D115/><U7/><E9/><V70/><F117/><W61/><G47/><AGARI ba="0,0" hai="4,5,7,16,19,23,24,28,47,50,53,77,80,87" machi="47" ten="40,2600,0" yaku="8,1,54,1" doraHai="118" who="1" fromWho="3" sc="299,0,281,26,240,0,180,-26" owari="299,9.9,307,40.7,240,-16.0,154,-34.6" /></mjloggm>