<mjloggm ver="2.3"><GO type="225" lobby="0"/><UN n0="%72%69%6F%75%63%68%61%6E" n1="%E6%98%93%E5%88%A9%E8%96%A9%E4%BC%AF" n2="%E3%83%96%E3%83%83%E3%83%91%E3%82%AA%E3%83%96%E3%83%81%E3%82%AD%E3%83%B3" n3="%E3%81%A4%E3%81%A3%E3%81%B1%E3%82%8A%E3%83%9D%E3%83%BC%E3%83%AB" dan="16,16,16,17" rate="2153.21,2115.36,2160.93,2213.60" sx="M,F,M,M"/><TAIKYOKU oya="0"/><INIT seed="0,0,0,5,0,105" ten="250,250,250,250" oya="0" hai0="133,64,119,40,47,19,41,71,3,29,13,52,106" hai1="57,14,24,8,4,130,69,113,44,22,73,83,112" hai2="103,75,42,100,95,104,60,35,38,54,27,124,123" hai3="51,68,132,102,58,98,33,116,135,55,7,127,59"/><T91/><D119/><U61/><E69/><V134/><F123/><W66/><G33/><T89/><D3/><U62/><E44/><V1/><F1/><W92/><G116/><T82/><D106/><U114/><E130/><V79/><F104/><W120/><G120/><T121/><D121/><U23/><E23/><V96/><F134/><N who="3" m="51243" /><G127/><T36/><D133/><U65/><E61/><V20/><F124/><W15/><G68/><T76/><D40/><U25/><REACH who="1" step="1"/><E22/><REACH who="1" ten="250,240,250,250" step="2"/><V70/><F20/><W87/><G66/><T126/><D126/><U110/><E110/><V86/><F60/><W31/><G59/><T16/><D29/><U45/><E45/><V97/><F70/><W77/><G31/><T84/><D64/><U131/><E131/><V78/><F35/><W93/><G58/><T111/><D71/><U0/><E0/><V72/><F38/><W18/><G51/><N who="0" m="28799" /><D111/><U125/><E125/><V109/><F109/><W50/><G50/><T67/><D67/><U48/><E48/><V115/><F42/><W26/><G55/><T6/><D41/><U99/><E99/><V90/><F54/><W2/><G2/><T5/><D36/><U28/><E28/><V53/><F53/><W74/><G98/><N who="2" m="37993" /><F115/><W32/><G32/><T11/><D19/><U21/><E21/><V37/><F37/><W43/><G18/><T63/><D63/><U122/><E122/><V10/><F103/><W85/><G102/><T94/><D16/><U34/><E34/><V118/><F100/><W49/><G43/><T129/><D129/><U80/><E80/><N who="2" m="47391" /><F118/><W88/><G49/><RYUUKYOKU ba="0,1" sc="250,-10,240,30,250,-10,250,-10" hai1="4,8,14,24,25,57,62,65,73,83,112,113,114" /><INIT seed="1,1,1,2,3,106" ten="240,270,240,240" oya="1" hai0="21,3,6,72,121,92,103,80,48,89,10,54,45" hai1="109,19,8,73,87,62,36,99,29,55,93,39,53" hai2="96,113,67,9,46,75,0,77,11,81,57,13,65" hai3="124,43,63,64,16,115,104,49,24,38,34,95,82"/><U35/><E109/><V28/><F113/><W79/><G104/><T70/><D70/><U61/><E87/><V105/><F28/><W129/><G115/><T107/><D121/><U27/><E73/><V110/><F110/><W123/><G123/><T83/><D72/><U33/><E8/><V2/><F46/><W112/><G38/><T50/><D21/><U101/><E19/><V86/><F11/><W85/><G112/><T94/><D107/><U131/><E131/><V100/><F86/><W5/><G5/><T116/><D116/><U84/><E84/><V41/><F41/><W134/><G34/><T1/><D1/><U74/><E74/><V69/><F69/><W133/><G95/><T4/><D4/><U66/><E35/><V98/><F96/><W20/><G129/><T120/><D120/><U51/><E61/><V68/><F68/><W18/><G18/><T25/><D25/><U30/><E30/><V88/><F88/><W22/><G22/><T132/><D132/><U44/><REACH who="1" step="1"/><E53/><REACH who="1" ten="240,260,240,240" step="2"/><V102/><F9/><W130/><G130/><T40/><D54/><U59/><AGARI ba="1,2" hai="27,29,33,36,39,44,51,55,59,62,66,93,99,101" machi="59" ten="20,12000,1" yaku="1,1,2,1,0,1,7,1,53,1" doraHai="106" doraHaiUra="26" who="1" fromWho="1" sc="240,-41,260,143,240,-41,240,-41" /><INIT seed="1,2,0,4,0,96" ten="199,403,199,199" oya="1" hai0="27,59,22,2,76,94,77,117,113,93,134,56,68" hai1="47,49,6,90,32,92,130,52,123,35,42,120,86" hai2="29,51,31,11,15,126,101,65,99,89,108,1,70" hai3="122,72,14,54,12,85,36,5,97,64,135,71,124"/><U23/><E130/><V17/><F108/><W24/><G72/><T111/><D113/><U37/><E6/><V19/><F126/><W98/><G36/><T114/><D114/><U58/><REACH who="1" step="1"/><E23/><REACH who="1" ten="199,393,199,199" step="2"/><V103/><F1/><W30/><G5/><T3/><D2/><U53/><E53/><V105/><F65/><W9/><G54/><T43/><D3/><U10/><E10/><V38/><F11/><W112/><G9/><T119/><D117/><U79/><E79/><V132/><F132/><W80/><G64/><T8/><D76/><U84/><E84/><V62/><F19/><W106/><G85/><T81/><D8/><U0/><E0/><V82/><F17/><W127/><G135/><T95/><D134/><U44/><E44/><V73/><F73/><W63/><G112/><T41/><D119/><U26/><E26/><V25/><F25/><W39/><G24/><T128/><D128/><U91/><E91/><V121/><F89/><W13/><G127/><T83/><D77/><U57/><E57/><N who="0" m="22089" /><D68/><U102/><E102/><V21/><F70/><W116/><G71/><T45/><D111/><U125/><E125/><V69/><F103/><W88/><G124/><T55/><D55/><U110/><E110/><V61/><F101/><W33/><G116/><T75/><D75/><U67/><E67/><V7/><F69/><W50/><G88/><T78/><D78/><U118/><E118/><V16/><F7/><W60/><G33/><AGARI ba="2,1" hai="32,33,35,37,42,47,49,52,58,86,90,92,120,123" machi="33" ten="40,3900,0" yaku="1,1,54,1,53,0" doraHai="96" doraHaiUra="4" who="1" fromWho="3" sc="199,0,393,55,199,0,199,-45" /><INIT seed="1,3,0,1,1,129" ten="199,448,199,154" oya="1" hai0="7,15,35,33,122,85,72,88,17,132,2,102,42" hai1="47,25,106,50,51,69,66,74,48,75,20,40,14" hai2="67,101,110,29,100,58,111,121,64,103,6,124,131" hai3="54,71,65,98,46,109,21,96,38,57,114,30,81"/><U91/><E106/><V116/><F116/><W39/><G114/><T117/><D132/><U31/><E69/><V61/><F121/><W79/><G109/><N who="2" m="41481" /><F131/><W56/><G30/><T36/><D117/><U11/><E66/><N who="2" m="39223" /><F124/><W45/><G21/><T70/><D72/><U82/><E75/><V97/><F29/><W49/><G81/><T34/><D70/><U86/><REACH who="1" step="1"/><E74/><REACH who="1" ten="199,438,199,154" step="2"/><V127/><F127/><W62/><G79/><T78/><D78/><U24/><E24/><V112/><F112/><W23/><G71/><T8/><D122/><U120/><E120/><V60/><F67/><W95/><G38/><T43/><D36/><U105/><E105/><N who="2" m="63631" /><F6/><AGARI ba="3,1" hai="6,11,14,20,25,31,40,47,48,50,51,82,86,91" machi="6" ten="30,11600,0" yaku="1,1,7,1,8,1,53,1" doraHai="129" doraHaiUra="4" who="1" fromWho="2" sc="199,0,438,135,199,-125,154,0" /><INIT seed="1,4,0,5,0,72" ten="199,573,74,154" oya="1" hai0="102,95,78,23,104,64,110,67,70,18,59,61,16" hai1="89,116,125,2,48,103,17,8,106,19,134,131,88" hai2="81,71,51,41,113,43,11,22,97,40,122,55,14" hai3="129,87,135,111,68,128,118,4,82,101,6,98,108"/><U130/><E116/><V127/><F122/><W94/><G68/><T105/><D110/><N who="3" m="42025" /><G118/><T1/><D1/><U25/><E106/><V126/><F71/><W77/><G135/><T12/><D78/><U69/><E103/><V13/><F113/><W114/><G114/><T32/><D32/><U42/><E69/><V62/><F62/><W57/><G57/><T99/><REACH who="0" step="1"/><D18/><REACH who="0" ten="189,573,74,154" step="2"/><U107/><E19/><V27/><F97/><W30/><G30/><T34/><D34/><U93/><E17/><V73/><F73/><W63/><G63/><AGARI ba="4,1" hai="12,16,23,59,61,63,64,67,70,95,99,102,104,105" machi="63" ten="40,2600,0" yaku="1,1,54,1,53,0" doraHai="72" doraHaiUra="0" who="0" fromWho="3" sc="189,48,573,0,74,0,154,-38" /><INIT seed="2,0,0,5,2,59" ten="237,573,74,116" oya="2" hai0="29,131,54,49,74,117,132,91,105,120,48,7,52" hai1="123,100,104,6,94,44,60,33,55,125,135,127,102" hai2="42,134,19,107,34,50,62,11,30,85,40,0,70" hai3="65,47,129,112,67,51,58,18,90,73,68,133,89"/><V26/><F134/><W20/><G73/><T43/><D120/><U79/><E33/><V128/><F128/><W118/><G118/><T1/><D105/><U86/><E104/><V14/><F50/><W57/><G133/><T81/><D132/><U27/><E123/><V82/><F107/><W75/><G75/><T99/><D117/><U37/><E6/><V8/><F8/><W124/><G129/><T16/><D131/><U25/><E37/><V13/><F13/><W9/><G9/><T31/><D43/><U36/><E36/><V113/><F113/><W39/><G39/><T101/><D7/><U35/><E35/><V130/><F0/><W97/><G124/><T69/><D69/><U121/><E121/><V108/><F108/><W84/><G112/><T72/><D1/><U15/><E15/><V17/><F17/><W53/><G68/><T93/><D16/><U32/><E32/><V103/><F103/><W114/><G114/><T111/><D111/><U88/><E79/><V22/><F34/><W24/><G97/><T96/><D96/><U3/><E3/><V28/><F28/><N who="0" m="10826" /><D74/><U116/><E116/><V2/><F2/><W4/><G4/><T71/><D71/><U98/><E135/><V83/><F130/><W46/><G90/><T122/><D72/><U64/><E102/><V95/><F95/><N who="3" m="54695" /><G67/><T12/><D12/><U21/><E27/><V41/><REACH who="2" step="1"/><F85/><REACH who="2" ten="237,573,64,116" step="2"/><W115/><G115/><T61/><D122/><U126/><E100/><V106/><F106/><W78/><G78/><T92/><D93/><N who="1" m="56615" /><E127/><V87/><F87/><W77/><G77/><RYUUKYOKU ba="0,1" sc="237,-15,573,-15,64,15,116,15" hai2="11,14,19,22,26,30,40,41,42,62,70,82,83" hai3="18,20,24,46,47,51,53,57,58,65" /><INIT seed="2,1,1,3,0,30" ten="222,558,79,131" oya="2" hai0="62,12,129,43,65,13,20,101,10,72,124,127,24" hai1="56,98,81,119,134,126,8,70,47,131,92,110,19" hai2="45,76,103,128,118,104,44,37,60,112,94,73,78" hai3="64,54,109,6,3,40,25,23,9,96,16,87,18"/><V63/><F112/><W120/><G120/><T42/><D72/><U66/><E70/><V51/><F118/><W68/><G109/><T75/><D75/><U135/><E119/><V55/><F104/><W93/><G40/><N who="0" m="15403" /><D101/><U90/><E110/><V121/><F121/><W86/><G54/><T52/><D52/><U14/><E131/><V7/><F37/><W38/><G38/><T77/><D77/><N who="2" m="29802" /><F73/><W48/><G48/><T82/><D82/><U36/><E126/><N who="0" m="48169" /><D129/><U133/><E81/><V34/><F34/><W122/><G122/><T57/><D10/><U85/><E36/><V22/><F128/><W91/><REACH who="3" step="1"/><G18/><AGARI ba="1,1" hai="12,13,18,20,24,57,62,65" m="48169,15403" machi="18" ten="30,1000,0" yaku="18,1" doraHai="30" who="0" fromWho="3" sc="222,23,558,0,79,0,131,-13" /><INIT seed="3,0,0,2,1,27" ten="245,558,79,118" oya="3" hai0="65,111,133,25,53,57,63,21,114,3,14,59,7" hai1="16,88,41,132,24,85,11,54,117,90,46,26,130" hai2="23,55,30,61,129,107,72,82,70,36,40,121,123" hai3="33,35,60,89,77,94,92,0,81,119,9,44,87"/><W45/><G119/><T74/><D111/><U108/><E108/><V1/><F107/><W131/><G131/><T135/><D74/><U115/><E115/><V128/><F1/><W76/><G60/><T39/><D39/><U29/><E132/><N who="0" m="50761" /><D114/><U50/><E117/><V106/><F106/><W37/><G94/><T8/><D3/><U62/><E130/><N who="2" m="50283" /><F72/><N who="3" m="43143" /><G77/><T71/><D53/><U100/><E100/><V69/><F82/><W97/><G45/><T109/><D109/><U19/><E90/><V102/><F102/><W83/><G97/><T105/><D105/><U110/><E110/><V118/><F118/><W47/><G47/><T84/><D84/><U79/><E79/><V56/><F36/><W64/><G83/><T28/><AGARI ba="0,0" hai="7,8,14,21,25,28,57,59,63,65,71" m="50761" machi="28" ten="30,2000,0" yaku="20,1,52,1" doraHai="27" who="0" fromWho="0" sc="245,20,558,-5,79,-5,118,-10" owari="265,6.5,553,65.3,74,-42.6,108,-29.2" /></mjloggm>