<mjloggm ver="2.3"><GO type="225" lobby="0"/><UN n0="%E3%82%8F%E3%81%8B%E3%81%B0%2A%E3%82%AC%E3%83%BC%E3%83%AB" n1="%E3%83%96%E3%83%83%E3%83%91%E3%82%AA%E3%83%96%E3%83%81%E3%82%AD%E3%83%B3" n2="%EF%BC%AE%EF%BC%A1%EF%BC%AF%33%33%39" n3="%E9%A6%AC%E5%BC%95%E7%81%AB%33" dan="16,16,16,16" rate="2083.77,2219.61,2200.14,2087.94" sx="M,M,M,M"/><TAIKYOKU oya="0"/><INIT seed="0,0,0,2,3,88" ten="250,250,250,250" oya="0" hai0="115,92,74,21,57,30,93,77,49,84,24,91,25" hai1="16,96,109,19,110,42,5,95,33,52,17,34,8" hai2="56,114,20,50,94,98,10,81,122,45,51,3,26" hai3="101,38,108,72,1,4,41,48,14,83,107,62,103"/><T58/><D115/><U73/><E73/><V87/><F122/><W130/><G108/><N who="1" m="41578" /><E42/><V102/><F114/><W60/><G1/><T116/><D116/><U131/><E131/><V129/><F129/><W124/><G38/><T7/><D7/><U123/><E123/><V32/><F32/><N who="1" m="12393" /><E52/><N who="2" m="31767" /><F3/><W15/><G107/><T125/><D125/><U121/><E121/><V128/><F10/><W132/><G130/><T59/><D25/><U66/><E66/><V11/><F11/><W53/><G4/><T44/><D74/><U79/><E79/><N who="2" m="46527" /><F128/><W69/><G41/><N who="0" m="24719" /><D77/><U6/><E8/><V105/><F105/><W89/><G124/><T100/><D100/><AGARI ba="0,0" hai="5,6,16,17,19,95,96,100" m="12393,41578" machi="100" ten="40,5200,0" yaku="14,1,52,1,54,1" doraHai="88" who="1" fromWho="0" sc="250,-52,250,52,250,0,250,0" /><INIT seed="1,0,0,1,2,84" ten="198,302,250,250" oya="1" hai0="112,2,111,19,87,28,134,113,99,65,25,12,123" hai1="127,60,71,16,42,74,72,110,132,62,73,51,88" hai2="27,20,23,3,120,59,33,69,93,128,46,63,133" hai3="11,79,47,126,58,115,124,49,80,77,68,75,109"/><U130/><E130/><V26/><F69/><W105/><G109/><T116/><D111/><U5/><E110/><V29/><F120/><W102/><G115/><T95/><D123/><U100/><E100/><V45/><F3/><W17/><G68/><T57/><D2/><U1/><E71/><V135/><F33/><W104/><G79/><T107/><D107/><U54/><E42/><V50/><F128/><W15/><G58/><T96/><D116/><U9/><E127/><N who="3" m="48682" /><G102/><T36/><D36/><U53/><E132/><V83/><F83/><W118/><G118/><T10/><D134/><N who="2" m="51210" /><F50/><W21/><G21/><T6/><D6/><U64/><E64/><N who="2" m="39039" /><F93/><W24/><G24/><T14/><D14/><U98/><E54/><AGARI ba="0,0" hai="11,15,17,47,49,54,75,77,80,104,105" m="48682" machi="54" ten="30,1000,0" yaku="18,1" doraHai="84" who="3" fromWho="1" sc="198,0,302,-10,250,0,250,10" /><INIT seed="2,0,0,4,2,101" ten="198,292,250,260" oya="2" hai0="114,117,110,76,127,109,3,57,107,45,80,60,63" hai1="123,128,90,102,16,79,87,35,33,67,13,11,98" hai2="99,133,19,10,70,31,68,46,6,116,92,44,20" hai3="69,125,122,85,75,22,54,73,5,94,62,55,8"/><V89/><F116/><W120/><G125/><T39/><D114/><U25/><E128/><V131/><F31/><W124/><G124/><T104/><D127/><U121/><E79/><V27/><F131/><W126/><G126/><T78/><D3/><U51/><E67/><V36/><F133/><W88/><G22/><T83/><D117/><U26/><E51/><V47/><REACH who="2" step="1"/><F36/><REACH who="2" ten="198,292,240,260" step="2"/><W48/><G120/><N who="1" m="46154" /><E35/><V15/><AGARI ba="0,1" hai="6,10,15,19,20,27,44,46,47,68,70,89,92,99" machi="15" ten="30,3000,0" yaku="1,1,0,1,53,0" doraHai="101" doraHaiUra="108" who="2" fromWho="2" sc="198,-10,292,-10,240,40,260,-10" /><INIT seed="2,1,0,0,2,116" ten="188,282,280,250" oya="2" hai0="74,29,54,28,108,99,110,86,16,112,63,38,101" hai1="3,40,135,123,71,80,25,11,106,131,78,75,124" hai2="17,0,49,109,31,120,81,36,33,48,95,23,47" hai3="34,5,127,60,2,8,133,114,119,58,37,97,70"/><V32/><F0/><W111/><G119/><T21/><D74/><U24/><E131/><V46/><F36/><W84/><G37/><T62/><D38/><U6/><E135/><V102/><F31/><W41/><G41/><T115/><D86/><U56/><E71/><V72/><F72/><W129/><G34/><T14/><D28/><U132/><E132/><V59/><F59/><W43/><G43/><T68/><D29/><U42/><E106/><V66/><F66/><W128/><G70/><T130/><D130/><U45/><E124/><V88/><F102/><W126/><G133/><T134/><D134/><U89/><E42/><V90/><F81/><W67/><G114/><T73/><D73/><U22/><E22/><V76/><F76/><W18/><G97/><T1/><D1/><U82/><E56/><V92/><F23/><W9/><G84/><T30/><D30/><U50/><E123/><V61/><F17/><W104/><G104/><T121/><D121/><U69/><E69/><V39/><F39/><W122/><G122/><T85/><D85/><U53/><E82/><V118/><F120/><W103/><G103/><T19/><D19/><U52/><E89/><V79/><F79/><W83/><G83/><T15/><D15/><U12/><REACH who="1" step="1"/><E12/><REACH who="1" ten="188,272,280,250" step="2"/><V105/><F105/><W91/><G91/><T35/><D35/><U107/><E107/><V55/><F118/><W87/><G129/><T10/><D21/><U7/><E7/><V4/><F4/><W64/><G128/><T117/><D117/><U65/><E65/><V96/><F32/><W51/><G5/><RYUUKYOKU ba="1,1" sc="188,-10,272,30,280,-10,250,-10" hai1="3,6,11,24,25,40,45,50,52,53,75,78,80" /><INIT seed="3,2,1,1,4,28" ten="178,302,270,240" oya="3" hai0="111,7,55,70,68,20,65,85,24,1,58,46,47" hai1="86,105,59,13,102,11,60,135,19,131,107,18,50" hai2="25,45,42,6,87,39,73,67,31,74,100,0,43" hai3="88,95,98,35,23,69,30,132,106,34,91,64,97"/><W113/><G113/><T77/><D111/><U36/><E36/><V51/><F67/><W126/><G132/><T96/><D70/><U129/><E135/><V49/><F100/><W83/><G126/><T38/><D1/><U78/><E50/><V48/><F43/><W123/><G123/><T66/><D68/><U22/><E102/><V128/><F128/><N who="1" m="49225" /><E86/><V99/><F99/><W75/><G106/><N who="1" m="40458" /><E78/><V32/><REACH who="2" step="1"/><F87/><REACH who="2" ten="178,302,260,240" step="2"/><W109/><G97/><T103/><D38/><U4/><E22/><V44/><F44/><W61/><G109/><T62/><D46/><U110/><E110/><V114/><F114/><W10/><G91/><T5/><D47/><U40/><E40/><V9/><AGARI ba="2,2" hai="0,6,9,25,31,32,39,42,45,48,49,51,73,74" machi="9" ten="30,4000,0" yaku="1,1,0,1,52,1,53,0" doraHai="28" doraHaiUra="122" who="2" fromWho="2" sc="178,-12,302,-12,260,66,240,-22" owari="166,-33.4,290,9.0,326,42.6,218,-18.2" /></mjloggm>