<mjloggm ver="2.3"><GO type="225" lobby="0"/><UN n0="%E3%83%81%E3%83%83%E3%82%BF%E3%82%BD%E3%83%BC" n1="%E3%82%8C%E3%81%99%E3%81%93" n2="%E6%9C%88%E5%B3%B6%E5%9F%BA" n3="%E3%83%96%E3%83%83%E3%83%91%E3%82%AA%E3%83%96%E3%83%81%E3%82%AD%E3%83%B3" dan="16,17,17,16" rate="2170.99,2177.29,2171.98,2185.76" sx="F,F,M,M"/><TAIKYOKU oya="0"/><INIT seed="0,0,0,5,4,87" ten="250,250,250,250" oya="0" hai0="97,76,26,120,88,17,36,135,84,95,110,30,108" hai1="38,16,55,60,28,99,121,5,82,46,66,22,71" hai2="101,65,40,6,61,74,117,2,93,53,32,43,80" hai3="42,91,11,124,29,8,15,126,77,107,41,49,116"/><T57/><D120/><U62/><E121/><V131/><F32/><W12/><G116/><T23/><D135/><U100/><E5/><V70/><F117/><W58/><G107/><T123/><D36/><U118/><E118/><V73/><F131/><W134/><G77/><T4/><D4/><U115/><E115/><V69/><F69/><W113/><G113/><T128/><D128/><U102/><E28/><V119/><F119/><W3/><G3/><T48/><D123/><U86/><E99/><V133/><F133/><W34/><G134/><T0/><D0/><U104/><E104/><V9/><F53/><N who="3" m="32047" /><G29/><T81/><D30/><U112/><E112/><V67/><F67/><W19/><G34/><T54/><AGARI ba="0,0" hai="17,23,26,48,54,57,76,81,84,88,95,97,108,110" machi="54" ten="30,6000,0" yaku="0,1,52,1,54,1" doraHai="87" who="0" fromWho="0" sc="250,60,250,-20,250,-20,250,-20" /><INIT seed="0,1,0,4,2,50" ten="310,230,230,230" oya="0" hai0="51,86,28,23,77,8,42,4,109,67,102,103,96" hai1="24,31,41,134,1,122,105,53,82,101,19,113,13" hai2="57,89,95,52,56,132,128,55,20,21,45,116,70" hai3="9,92,112,47,123,37,79,71,11,22,66,16,100"/><T133/><D133/><U108/><E122/><V65/><F132/><W129/><G112/><T0/><D109/><U64/><E134/><V110/><F110/><W126/><G123/><T83/><D67/><U107/><E108/><V118/><F128/><W58/><G71/><T120/><D120/><U84/><E1/><V36/><F70/><W43/><G129/><T99/><D99/><U75/><E75/><V69/><F69/><W34/><G126/><T114/><D114/><U59/><E41/><N who="2" m="22695" /><F20/><W6/><G34/><T40/><D51/><U15/><E64/><V7/><F21/><W104/><G104/><T78/><D77/><U38/><E38/><V35/><F7/><W81/><G6/><T93/><REACH who="0" step="1"/><D103/><REACH who="0" ten="300,230,230,230" step="2"/><U32/><E113/><V30/><F65/><W87/><G66/><T98/><D98/><U62/><E101/><V33/><F116/><W124/><G100/><T48/><D48/><U63/><E63/><V76/><F76/><W61/><G79/><T80/><D80/><U88/><REACH who="1" step="1"/><E15/><REACH who="1" ten="300,220,230,230" step="2"/><V14/><F14/><W68/><G37/><T135/><D135/><U18/><E18/><V44/><F118/><W54/><G16/><T27/><AGARI ba="1,2" hai="0,4,8,23,27,28,40,42,78,83,86,93,96,102" machi="27" ten="30,3000,0" yaku="1,1,0,1,53,0" doraHai="50" doraHaiUra="12" who="0" fromWho="0" sc="300,53,220,-11,230,-11,230,-11" /><INIT seed="0,2,0,1,3,123" ten="353,209,219,219" oya="0" hai0="68,61,104,78,98,129,82,130,114,134,0,124,95" hai1="2,113,119,110,56,4,18,100,69,74,93,120,86" hai2="25,127,57,126,43,34,84,80,63,96,103,135,81" hai3="31,66,50,94,109,75,115,112,48,35,12,101,33"/><T85/><D0/><U6/><E119/><V13/><F135/><W111/><G75/><T45/><D114/><N who="3" m="43561" /><G66/><T8/><D8/><U3/><E120/><V22/><F43/><W70/><G70/><T53/><D134/><U116/><E69/><V132/><F34/><N who="3" m="12811" /><G31/><T106/><D124/><N who="2" m="47658" /><F13/><W5/><G101/><T52/><D68/><U47/><E74/><V128/><F128/><N who="0" m="49258" /><D53/><U71/><E71/><V23/><F84/><W65/><G94/><T28/><D28/><U97/><E113/><V38/><F38/><W77/><G77/><T54/><D54/><U7/><E116/><V131/><F132/><W72/><G65/><T49/><D61/><U24/><E2/><V44/><F63/><W37/><G37/><T21/><D21/><U79/><E3/><V16/><F23/><W83/><G83/><T1/><D1/><U90/><E79/><V87/><F81/><W99/><G72/><T29/><D29/><U108/><E47/><V51/><F57/><W92/><G5/><T76/><D76/><U39/><E39/><V102/><F131/><W60/><G60/><T91/><AGARI ba="2,0" hai="45,49,52,78,82,85,91,95,98,104,106" m="49258" machi="91" ten="30,3000,0" yaku="19,1,54,1" doraHai="123" who="0" fromWho="0" sc="353,36,209,-12,219,-12,219,-12" /><INIT seed="0,3,0,2,3,110" ten="389,197,207,207" oya="0" hai0="2,109,19,122,15,104,112,47,126,97,96,34,43" hai1="63,121,75,105,89,24,129,98,108,79,16,25,128" hai2="14,111,49,93,4,72,33,40,83,0,59,71,92" hai3="73,80,133,74,119,95,55,39,62,37,21,20,46"/><T103/><D122/><U132/><E121/><V52/><F111/><W31/><G119/><T11/><D126/><U127/><E108/><V99/><F0/><W48/><G133/><T101/><D109/><U106/><E127/><V9/><F71/><W38/><G80/><T86/><D2/><U36/><E36/><V135/><F135/><W8/><G8/><T70/><D70/><U58/><E132/><V87/><F33/><W90/><G62/><T77/><D34/><U85/><E75/><V28/><F72/><W51/><G21/><T65/><D65/><U134/><E79/><V23/><F40/><W124/><G124/><T10/><D112/><U82/><E134/><V54/><F99/><W1/><G1/><T67/><D67/><N who="1" m="39415" /><E98/><V6/><F6/><W18/><G51/><T68/><D68/><U26/><E16/><V7/><F7/><W41/><G31/><T120/><D120/><U45/><E45/><V5/><F5/><W29/><G29/><T130/><D10/><U61/><E61/><V116/><F116/><W44/><G73/><T107/><D86/><U115/><E115/><V131/><F4/><W76/><G76/><T118/><D77/><U30/><E30/><V125/><F28/><W100/><G74/><T13/><D13/><U84/><E84/><V123/><F14/><N who="3" m="9303" /><G100/><T27/><D118/><U57/><E57/><V64/><F125/><W91/><G91/><T114/><D114/><U22/><E22/><V12/><F23/><W102/><G102/><T3/><D3/><U42/><E42/><V88/><F123/><W117/><G117/><RYUUKYOKU ba="3,0" sc="389,-15,197,15,207,-15,207,15" hai1="24,25,26,82,85,89,105,106,128,129" hai3="37,38,39,41,44,46,48,55,90,95" /><INIT seed="1,4,0,0,5,21" ten="374,212,192,222" oya="1" hai0="3,0,135,116,23,93,28,81,111,129,127,108,96" hai1="72,66,82,92,61,53,67,62,25,10,132,71,85" hai2="86,42,31,107,32,2,51,91,56,115,22,36,73" hai3="54,46,38,27,118,79,100,123,12,102,104,8,50"/><U87/><E132/><V84/><F73/><W133/><G123/><T117/><D135/><U64/><E72/><V60/><F36/><W130/><G133/><T88/><D129/><U76/><E10/><V110/><F2/><W106/><G130/><T44/><D127/><U57/><E85/><V112/><F107/><W99/><G118/><T58/><D44/><U77/><E77/><V97/><F32/><W134/><G134/><T11/><D81/><U120/><E120/><V55/><F110/><N who="0" m="42026" /><D58/><U78/><E78/><V16/><F31/><W49/><G79/><T18/><D28/><U33/><REACH who="1" step="1"/><E92/><REACH who="1" ten="374,202,192,222" step="2"/><N who="2" m="56479" /><F115/><W1/><G106/><T114/><D114/><U47/><E47/><N who="2" m="26103" /><F112/><W45/><G104/><T30/><D11/><U9/><E9/><V34/><F34/><W39/><G8/><T6/><D6/><U14/><E14/><AGARI ba="4,1" hai="14,16,22,55,56,60,84,86" m="26103,56479" machi="14" ten="30,2000,0" yaku="8,1,54,1" doraHai="21" who="2" fromWho="1" sc="374,0,202,-32,192,42,222,0" /><INIT seed="2,0,0,5,2,67" ten="374,170,234,222" oya="2" hai0="119,54,65,32,126,46,124,25,6,128,125,55,29" hai1="4,58,129,94,40,106,3,13,72,96,115,68,98" hai2="97,51,121,60,107,89,0,63,70,71,33,28,120" hai3="38,45,101,2,79,62,123,130,109,19,11,42,36"/><V113/><F113/><W5/><G123/><N who="2" m="47177" /><F51/><W135/><G109/><T85/><D128/><U41/><E115/><V31/><F89/><W122/><G130/><T30/><D119/><U24/><E129/><V69/><F0/><W21/><G135/><T83/><D6/><U104/><E72/><V22/><F22/><W95/><G122/><T15/><D15/><U134/><E3/><V77/><F77/><W131/><G131/><T47/><D65/><U92/><E24/><V20/><F20/><W82/><G38/><T10/><D10/><U1/><E1/><V9/><F9/><W14/><G62/><N who="2" m="23593" /><F97/><W99/><G79/><N who="0" m="46335" /><D30/><N who="2" m="11306" /><F107/><W84/><G84/><T91/><D91/><U56/><E13/><V18/><F18/><W133/><G133/><T52/><AGARI ba="0,0" hai="25,29,32,46,47,52,54,55,124,125,126" m="46335" machi="52" ten="40,2700,0" yaku="18,1,54,1" doraHai="67" who="0" fromWho="0" sc="374,27,170,-7,234,-13,222,-7" /><INIT seed="3,0,0,0,2,104" ten="401,163,221,215" oya="3" hai0="69,42,77,2,131,65,125,51,57,100,14,107,46" hai1="1,18,63,60,108,39,70,13,106,82,19,33,130" hai2="120,109,83,11,50,93,29,134,73,87,128,8,123" hai3="90,48,54,117,22,105,32,59,88,52,41,102,126"/><W21/><G117/><T68/><D2/><U84/><E1/><V47/><F109/><W99/><G32/><T56/><D77/><U72/><E108/><V132/><F128/><W129/><G129/><T113/><D14/><U80/><E130/><V115/><F115/><W27/><G126/><T89/><D89/><U78/><E70/><N who="0" m="27241" /><D100/><U49/><E39/><V97/><F29/><W0/><G0/><T95/><D95/><U44/><E33/><V103/><F73/><W118/><G118/><T85/><D85/><U135/><E106/><V62/><F62/><W101/><G41/><T12/><D12/><U37/><E37/><V92/><F92/><N who="3" m="56711" /><G105/><T86/><D86/><U24/><E24/><V94/><F94/><W16/><G90/><T76/><D76/><U5/><E5/><V17/><F17/><N who="3" m="12719" /><G54/><N who="0" m="31839" /><D107/><U127/><E127/><V71/><F120/><W4/><G4/><T34/><D34/><U45/><E19/><V79/><F123/><W31/><G31/><T91/><D91/><U110/><E72/><V111/><F111/><W74/><G74/><T53/><D125/><U7/><E110/><V38/><F103/><W35/><G35/><T26/><D131/><U6/><E84/><V28/><F87/><W10/><G10/><T20/><D113/><U67/><E78/><V40/><F79/><W124/><G124/><T3/><D3/><U9/><E9/><V15/><F11/><W119/><G119/><T116/><D116/><U122/><E7/><V30/><F8/><W114/><G114/><T66/><D42/><N who="1" m="24727" /><E6/><V55/><F40/><W98/><G16/><RYUUKYOKU ba="0,0" sc="401,0,163,0,221,0,215,0" owari="401,50.1,163,-33.7,221,2.1,215,-18.5" /></mjloggm>