<mjloggm ver="2.3"><GO type="225" lobby="0"/><UN n0="%E6%98%93%E5%88%A9%E8%96%A9%E4%BC%AF" n1="%E5%8D%A0%E3%81%84%E5%B8%AB%E8%A3%8F%E3%81%AA%E3%81%84%E3%81%97" n2="%E3%81%A1%E3%82%83%E3%81%93%E3%81%93" n3="%70%6F%69%73%6F%6E%30%32" dan="17,17,16,16" rate="2244.64,2230.22,2149.71,2098.32" sx="F,M,F,M"/><TAIKYOKU oya="0"/><INIT seed="0,0,0,3,5,54" ten="250,250,250,250" oya="0" hai0="75,134,15,42,67,82,133,4,34,49,91,71,113" hai1="41,62,31,98,59,87,74,24,30,0,11,127,105" hai2="76,80,64,60,118,32,33,129,18,93,83,46,107" hai3="3,135,5,86,104,17,9,47,103,116,95,28,125"/><T112/><D34/><U72/><E127/><V90/><F107/><W79/><G116/><T2/><D2/><U117/><E117/><V23/><F129/><W108/><G125/><T26/><D26/><U73/><E41/><V22/><F22/><W50/><G108/><T130/><D130/><U21/><E87/><V7/><F7/><W84/><G135/><N who="0" m="51723" /><D4/><U48/><E48/><V124/><F124/><W121/><G121/><T14/><D91/><U89/><E11/><V94/><F46/><W128/><G128/><T19/><D15/><U119/><E0/><V35/><F76/><W45/><G28/><T106/><D106/><U56/><E119/><V78/><F78/><W37/><G104/><T70/><D82/><U39/><E39/><V16/><F118/><W25/><G79/><T57/><D75/><U126/><E126/><V102/><F102/><W36/><G25/><T68/><D14/><U51/><E30/><V55/><F93/><W10/><G86/><T13/><D13/><U58/><E51/><V52/><F83/><W99/><G17/><T61/><D19/><U53/><REACH who="1" step="1"/><E89/><REACH who="1" ten="250,240,250,250" step="2"/><V115/><F90/><W111/><G84/><T109/><D109/><U101/><AGARI ba="0,1" hai="21,24,31,53,56,58,59,62,72,73,74,98,101,105" machi="101" ten="40,12000,2" yaku="1,1,2,1,0,1,52,3,53,1" doraHai="54" doraHaiUra="20" who="1" fromWho="1" sc="250,-60,240,130,250,-30,250,-30" /><INIT seed="1,0,0,1,0,79" ten="190,370,220,220" oya="1" hai0="63,87,90,108,52,5,133,113,19,98,112,89,41" hai1="132,75,6,34,1,92,130,53,95,71,99,121,18" hai2="105,120,54,17,129,84,44,55,46,16,127,38,116" hai3="78,40,107,27,102,3,60,4,88,61,111,11,93"/><U66/><E121/><V47/><F120/><W42/><G111/><T128/><D108/><U67/><E75/><V125/><F116/><W86/><G27/><T109/><D109/><U65/><E34/><V80/><F105/><W49/><G42/><T110/><D110/><U122/><E122/><V119/><F119/><W64/><G78/><T114/><D133/><U31/><E132/><V14/><F38/><W69/><G61/><T35/><D35/><U12/><E31/><V72/><F72/><W23/><G23/><T29/><D29/><U91/><E130/><V39/><F39/><W8/><G8/><T22/><D41/><U24/><E24/><V115/><F115/><W15/><G3/><T103/><D5/><U36/><E36/><V58/><F129/><W106/><G102/><T81/><D128/><U77/><E77/><N who="2" m="46095" /><F14/><W68/><REACH who="3" step="1"/><G69/><REACH who="3" ten="190,370,220,210" step="2"/><T135/><D135/><U76/><E76/><V74/><F74/><W57/><G57/><T104/><D90/><U83/><E1/><V73/><F73/><W50/><G50/><T28/><D28/><U101/><E101/><V131/><F131/><W0/><G0/><T94/><D104/><U117/><E91/><V134/><F134/><W59/><G59/><T25/><REACH who="0" step="1"/><D63/><REACH who="0" ten="180,370,220,210" step="2"/><U82/><E117/><V9/><F17/><W48/><G48/><T118/><D118/><U45/><E18/><V13/><F58/><W126/><G126/><AGARI ba="0,2" hai="9,13,16,44,46,47,54,55,125,126,127" m="46095" machi="126" ten="30,3900,0" yaku="18,1,52,1,54,1" doraHai="79" who="2" fromWho="3" sc="180,0,370,0,220,59,210,-39" /><INIT seed="2,0,0,0,2,6" ten="180,370,279,171" oya="2" hai0="37,36,71,132,88,31,35,54,43,44,127,115,42" hai1="12,128,1,120,58,130,40,49,89,21,80,101,38" hai2="106,32,108,7,14,98,4,62,68,61,45,87,28" hai3="30,25,2,33,122,23,16,95,0,18,51,34,92"/><V70/><F4/><W69/><G122/><T84/><D115/><U47/><E1/><V76/><F108/><W90/><G69/><T64/><D132/><U10/><E120/><V41/><F68/><W100/><G51/><T91/><D127/><U116/><E116/><V111/><F111/><W73/><G73/><T110/><D110/><U131/><E101/><V86/><F76/><W102/><G2/><T125/><D125/><U82/><E21/><V109/><F109/><W24/><G0/><T65/><D54/><N who="1" m="32079" /><E89/><V117/><F117/><W55/><G55/><T119/><D119/><U3/><E3/><V81/><F70/><W63/><G63/><T59/><D71/><U93/><E93/><V60/><F32/><W105/><G105/><T74/><D74/><U135/><E135/><V52/><F28/><W29/><G90/><T5/><D5/><AGARI ba="0,0" hai="5,10,12,38,40,47,80,82,128,130,131" m="32079" machi="5" ten="30,2000,0" yaku="19,1,52,1" doraHai="6" who="1" fromWho="0" sc="180,-20,370,20,279,0,171,0" /><INIT seed="3,0,0,4,1,85" ten="160,390,279,171" oya="3" hai0="37,51,72,45,58,89,100,8,7,113,98,35,107" hai1="133,2,97,38,57,134,39,92,69,93,55,29,115" hai2="114,96,67,54,32,101,73,76,122,78,117,34,121" hai3="71,110,26,79,119,10,3,128,77,120,126,81,56"/><W22/><G119/><T12/><D113/><U131/><E69/><V31/><F114/><W13/><G120/><N who="2" m="46185" /><F117/><W84/><G71/><T118/><D118/><U87/><E2/><V50/><F67/><W60/><G128/><T70/><D70/><U68/><E68/><V104/><F73/><W42/><G3/><T82/><D35/><N who="2" m="13354" /><F31/><N who="3" m="17879" /><G126/><T91/><D37/><U40/><E131/><V90/><F90/><N who="3" m="51471" /><G42/><T116/><D58/><AGARI ba="0,0" hai="50,54,58,76,78,96,101,104" m="13354,46185" machi="58" ten="30,1000,0" yaku="13,1" doraHai="85" who="2" fromWho="0" sc="160,-10,390,0,279,10,171,0" owari="150,-35.0,390,49.0,289,8.9,171,-22.9" /></mjloggm>