<mjloggm ver="2.3"><GO type="225" lobby="0"/><UN n0="%E3%81%BF%E3%81%BF%E3%81%9A" n1="%E6%B5%81%E3%82%8C%EF%BC%9F%53%4F%41" n2="%E7%99%BD%E5%80%89%E5%AF%9B%E4%B9%8B" n3="%E3%83%96%E3%83%83%E3%83%91%E3%82%AA%E3%83%96%E3%83%81%E3%82%AD%E3%83%B3" dan="17,17,16,16" rate="2166.07,2240.17,2122.68,2142.08" sx="M,M,M,M"/><TAIKYOKU oya="0"/><INIT seed="0,0,0,0,0,114" ten="250,250,250,250" oya="0" hai0="61,8,119,66,117,14,12,5,131,113,122,68,56" hai1="91,102,21,39,123,92,105,55,79,23,13,75,19" hai2="106,96,38,77,51,46,4,125,15,127,94,76,104" hai3="45,50,99,84,22,48,44,83,18,82,129,126,124"/><T58/><D113/><U120/><E39/><V112/><F38/><W132/><G132/><T62/><D122/><U108/><E108/><V24/><F112/><W81/><G129/><T54/><D131/><U17/><E105/><N who="2" m="40555" /><F24/><W2/><G84/><T63/><REACH who="0" step="1"/><D12/><REACH who="0" ten="240,250,250,250" step="2"/><U31/><E120/><V78/><F15/><W87/><G126/><T95/><D95/><U29/><E123/><V70/><F127/><W85/><G124/><T69/><D69/><U30/><E13/><V16/><F70/><W72/><G2/><T103/><D103/><U41/><E102/><V32/><F125/><W118/><G82/><T53/><AGARI ba="0,1" hai="5,8,14,53,54,56,58,61,62,63,66,68,117,119" machi="53" ten="20,18000,2" yaku="1,1,0,1,7,1,9,1,52,2,53,0" doraHai="114" doraHaiUra="107" who="0" fromWho="0" sc="240,190,250,-60,250,-60,250,-60" /><INIT seed="0,1,0,0,4,77" ten="430,190,190,190" oya="0" hai0="65,52,11,84,63,110,129,117,23,14,36,127,25" hai1="35,4,101,118,30,74,24,78,38,112,1,6,9" hai2="125,18,53,91,20,89,34,57,50,32,76,33,21" hai3="29,126,100,86,67,103,99,61,134,106,111,60,124"/><T108/><D117/><U114/><E101/><V49/><F125/><N who="3" m="48235" /><G111/><N who="0" m="42539" /><D127/><U5/><E38/><V58/><F76/><W128/><G134/><T45/><D129/><U17/><E118/><V43/><F43/><W104/><G128/><T8/><D84/><U47/><E47/><V62/><F21/><W70/><G29/><N who="0" m="17599" /><D14/><U92/><E92/><V81/><F81/><W95/><G103/><T59/><D36/><U115/><REACH who="1" step="1"/><E17/><REACH who="1" ten="430,180,190,190" step="2"/><V80/><F80/><AGARI ba="1,1" hai="1,4,5,6,9,24,30,35,74,78,80,112,114,115" machi="80" ten="40,8000,1" yaku="1,1,2,1,11,1,52,1,53,0" doraHai="77" doraHaiUra="15" who="1" fromWho="2" sc="430,0,180,93,190,-83,190,0" /><INIT seed="1,0,0,5,0,131" ten="430,273,107,190" oya="1" hai0="71,3,127,128,118,106,16,22,43,134,26,132,100" hai1="91,19,14,53,74,60,23,37,102,52,32,6,116" hai2="111,27,78,121,120,133,66,112,40,123,89,98,4" hai3="47,10,88,0,2,108,55,28,38,20,117,130,124"/><U41/><E116/><V70/><F4/><W62/><G130/><T1/><D128/><U42/><E74/><V126/><F27/><W68/><G108/><T8/><D118/><U109/><E32/><V13/><F13/><W33/><G117/><T77/><D71/><U99/><E37/><V57/><F111/><W35/><G124/><T50/><D77/><U12/><E109/><V90/><F126/><W44/><G20/><T54/><D43/><N who="1" m="16395" /><E102/><V97/><F40/><W7/><G2/><T39/><D39/><U93/><E60/><V101/><F70/><W113/><G113/><T21/><D127/><U84/><E99/><N who="2" m="37899" /><F57/><W25/><G38/><T34/><D100/><U45/><E45/><V72/><F66/><W59/><G35/><T36/><D106/><U104/><E104/><V73/><F101/><W5/><G5/><T11/><D36/><U122/><E122/><V9/><F9/><AGARI ba="0,0" hai="6,9,12,14,19,23,52,53,84,91,93" m="16395" machi="9" ten="30,2900,0" yaku="8,1,54,1" doraHai="131" who="1" fromWho="2" sc="430,0,273,29,107,-29,190,0" /><INIT seed="1,1,0,1,5,77" ten="430,302,78,190" oya="1" hai0="54,71,74,32,48,83,128,131,5,90,80,110,111" hai1="78,129,134,122,109,37,126,116,98,57,22,15,59" hai2="17,123,91,115,18,39,107,19,3,97,85,118,14" hai3="46,50,1,11,8,67,93,28,121,33,103,96,56"/><U105/><E22/><V94/><F3/><W61/><G121/><T44/><D71/><U133/><E15/><V120/><F39/><W84/><G1/><T29/><D5/><U60/><E57/><V53/><F118/><W36/><G36/><T25/><D74/><U70/><E59/><V112/><F53/><W72/><G72/><T16/><D16/><N who="2" m="6250" /><F107/><W119/><G119/><T76/><D90/><U12/><E12/><V108/><F97/><W10/><G33/><T2/><D2/><U87/><E60/><V4/><F108/><N who="0" m="41514" /><D76/><U124/><E78/><V73/><F73/><W34/><G34/><T69/><D69/><U20/><E87/><V65/><F65/><W114/><G114/><N who="2" m="43561" /><F4/><W132/><G67/><T47/><D44/><U63/><E98/><V41/><F41/><W104/><G46/><T52/><D54/><U79/><E79/><V6/><N who="2" m="6258" /><V99/><DORA hai="89" /><F99/><W42/><G96/><T125/><D125/><U13/><E13/><V66/><F66/><W100/><G84/><T27/><D27/><U62/><E124/><V51/><F51/><W43/><G50/><T117/><D117/><U82/><E62/><V102/><F102/><W26/><G103/><T49/><D48/><U92/><E63/><V127/><F127/><W68/><G61/><T88/><D88/><U130/><E37/><V101/><F101/><W45/><G100/><T35/><D47/><U75/><E75/><V30/><F30/><W23/><G28/><N who="0" m="19471" /><D49/><U9/><E116/><V81/><F94/><W7/><G93/><T95/><D29/><U113/><E126/><RYUUKYOKU ba="1,0" sc="430,-10,302,-10,78,30,190,-10" hai2="6,14,81,85,91,120,123" /><INIT seed="2,2,0,3,2,66" ten="420,292,108,180" oya="2" hai0="5,56,126,91,52,75,32,108,58,35,79,21,122" hai1="97,87,36,124,62,130,123,20,74,118,89,43,117" hai2="134,39,25,119,22,116,90,84,49,71,125,40,57" hai3="4,78,111,129,94,9,69,17,15,121,95,53,12"/><V23/><F125/><W109/><G121/><T19/><D122/><U42/><E123/><V68/><F39/><W46/><G129/><T16/><D126/><U50/><E74/><V30/><F134/><W11/><G78/><T73/><D5/><U92/><E36/><V86/><F22/><W55/><G69/><T33/><D108/><N who="3" m="41545" /><G46/><T45/><D45/><U47/><E42/><V103/><F103/><W115/><G115/><T105/><D105/><U127/><E127/><V54/><F40/><W44/><G44/><T72/><D79/><U128/><E124/><V131/><F131/><N who="1" m="50217" /><E62/><V18/><F86/><W114/><G114/><T8/><D8/><U98/><E20/><V70/><REACH who="2" step="1"/><F30/><REACH who="2" ten="420,292,98,180" step="2"/><W10/><G10/><T34/><D34/><U38/><E38/><V28/><F28/><W113/><G113/><T112/><D112/><U77/><E97/><V26/><F26/><W61/><G55/><T96/><D52/><U24/><E24/><V67/><F67/><W7/><G7/><T133/><D133/><U64/><E64/><V76/><F76/><W48/><G4/><T2/><D21/><U81/><AGARI ba="2,1" hai="43,47,50,77,81,87,89,92,98,117,118" m="50217" machi="81" ten="30,1100,0" yaku="19,1" doraHai="66" who="1" fromWho="1" sc="420,-5,292,27,98,-7,180,-5" /><INIT seed="3,0,0,0,4,60" ten="415,319,91,175" oya="3" hai0="38,76,12,1,132,35,39,113,75,79,3,126,45" hai1="49,23,17,0,36,7,103,91,68,101,59,43,94" hai2="29,88,97,24,20,50,48,58,5,27,2,21,71" hai3="84,90,4,108,55,125,66,130,106,89,92,134,87"/><W85/><G106/><T65/><D35/><U117/><E68/><V78/><F71/><W51/><G125/><T124/><D65/><U46/><E117/><V123/><F123/><W112/><G112/><T107/><D107/><U64/><E0/><N who="0" m="73" /><D113/><U37/><E7/><V57/><F78/><N who="0" m="29738" /><D45/><U104/><E104/><V32/><F32/><W98/><G134/><T105/><D132/><U122/><E36/><N who="0" m="13865" /><D105/><U44/><E44/><V73/><F73/><W74/><G74/><T10/><D75/><U30/><E30/><V52/><F2/><W53/><G130/><T114/><D114/><U128/><E128/><V67/><F5/><W72/><G72/><T11/><D12/><U133/><E122/><V9/><F9/><AGARI ba="0,0" hai="9,10,11,124,126" m="13865,29738,73" machi="9" ten="40,2600,0" yaku="28,2" doraHai="60" who="0" fromWho="2" sc="415,26,319,0,91,-26,175,0" owari="441,54.1,319,11.9,65,-43.5,175,-22.5" /></mjloggm>