<mjloggm ver="2.3"><GO type="225" lobby="0"/><UN n0="%E3%81%99%E3%81%84%E3%81%BE%E3%81%9B%E3%83%BC%E3%82%93" n1="%E3%81%95%E3%81%8D%E3%81%9F%E3%81%BE%E6%9E%97%E6%AA%8E" n2="%E9%A6%AC%E5%BC%95%E7%81%AB%33" n3="%53%61%63%68%69%30%34" dan="18,16,16,16" rate="2234.92,2102.83,2086.62,2069.88" sx="M,M,M,M"/><TAIKYOKU oya="0"/><INIT seed="0,0,0,0,3,51" ten="250,250,250,250" oya="0" hai0="5,40,28,81,49,130,59,21,24,78,37,88,11" hai1="75,111,25,89,83,124,72,92,108,79,115,10,133" hai2="17,112,19,114,128,0,62,53,15,95,74,123,135" hai3="52,134,22,90,8,132,71,131,84,48,9,39,106"/><T54/><D130/><U23/><E133/><N who="3" m="51306" /><G131/><T27/><D27/><U116/><E116/><V98/><F0/><W44/><G71/><T46/><D88/><U122/><E122/><V109/><F74/><W85/><G106/><T125/><D125/><U14/><E124/><V119/><F123/><W80/><G39/><T110/><D110/><U82/><E115/><V102/><F19/><W35/><G35/><T103/><D103/><U56/><E56/><V86/><F109/><W101/><G101/><T57/><D40/><U55/><E83/><V93/><F119/><W61/><G61/><T76/><D37/><U31/><E75/><V96/><F86/><N who="3" m="50503" /><G22/><T70/><D70/><U69/><E69/><V129/><F135/><W2/><G8/><T68/><D68/><U12/><E111/><V47/><F129/><W18/><G2/><T43/><D43/><U121/><E10/><V104/><F104/><W20/><G9/><T13/><REACH who="0" step="1"/><D78/><REACH who="0" ten="240,250,250,250" step="2"/><U77/><E77/><V73/><F128/><W105/><G105/><T117/><D117/><U6/><E108/><V67/><F114/><W26/><AGARI ba="0,1" hai="18,20,26,44,48,52,84,85" m="50503,51306" machi="26" ten="30,4000,0" yaku="20,1,52,1,54,1" doraHai="51" who="3" fromWho="3" sc="240,-20,250,-10,250,-10,250,50" /><INIT seed="1,0,0,3,2,54" ten="220,240,240,300" oya="1" hai0="94,78,56,28,7,128,69,39,67,53,130,52,38" hai1="1,48,33,66,92,24,124,27,84,125,18,103,15" hai2="23,59,61,0,100,8,76,31,10,70,120,16,116" hai3="108,110,57,74,30,21,64,2,122,63,73,25,114"/><U68/><E1/><V95/><F120/><W134/><G122/><T135/><D135/><U129/><E129/><N who="0" m="49769" /><D7/><U101/><E68/><V91/><F116/><W82/><G114/><T62/><D78/><U72/><E72/><V106/><F70/><W104/><G134/><T81/><D81/><U50/><E66/><V113/><F113/><W102/><G2/><T85/><D28/><U111/><E111/><N who="3" m="42538" /><G82/><T118/><D118/><U86/><E33/><V14/><F76/><W13/><G13/><T26/><D26/><U6/><E6/><V51/><F31/><W77/><G77/><T65/><D65/><U97/><E15/><V93/><F106/><W22/><G21/><T4/><D4/><U46/><E18/><V87/><F0/><W105/><G105/><T43/><D43/><U121/><E121/><V58/><F51/><W79/><G79/><T40/><D40/><U112/><E112/><V131/><F131/><W55/><G64/><T35/><D35/><U83/><E50/><V11/><F61/><W107/><G107/><T99/><D85/><U123/><E86/><V133/><F133/><W132/><G132/><T42/><D42/><N who="1" m="24663" /><E123/><V37/><F37/><N who="0" m="13834" /><D69/><U80/><E84/><V71/><F71/><W117/><G117/><T32/><D32/><U88/><E83/><V60/><F60/><W34/><G34/><T5/><D5/><U47/><E80/><V45/><F45/><W127/><G74/><T36/><N who="0" m="13842" /><T9/><DORA hai="90" /><D9/><U17/><E47/><V20/><F20/><W119/><G73/><T19/><D19/><U49/><E49/><RYUUKYOKU ba="0,0" sc="220,15,240,-15,240,15,300,-15" hai0="52,53,56,62,67,94,99" hai2="8,10,11,14,16,23,58,59,87,91,93,95,100" /><INIT seed="2,1,0,2,3,105" ten="235,225,255,285" oya="2" hai0="47,88,77,56,60,42,46,53,18,96,61,20,82" hai1="17,94,36,43,106,58,7,115,22,34,84,9,66" hai2="92,26,28,121,30,79,24,116,29,32,78,91,108" hai3="51,14,83,135,63,114,130,3,127,39,69,45,11"/><V134/><F116/><W87/><G127/><T126/><D126/><U40/><E106/><V100/><F121/><W128/><G3/><T132/><D132/><U131/><E34/><V81/><F134/><W85/><G39/><T31/><D31/><U23/><E131/><N who="3" m="50218" /><G114/><T68/><D68/><U118/><E118/><V35/><F108/><W123/><G123/><T0/><D0/><U98/><E115/><V59/><F29/><W74/><G74/><T112/><D61/><N who="1" m="38199" /><E36/><V104/><F104/><W27/><G27/><N who="0" m="14743" /><D112/><U16/><E84/><N who="3" m="32330" /><G83/><T120/><D120/><U72/><E72/><V12/><F100/><W1/><G1/><T64/><D64/><U62/><E62/><V75/><F79/><W113/><G113/><T124/><D124/><U50/><E7/><V55/><F12/><W19/><G135/><T117/><D117/><U44/><E43/><V111/><F111/><W15/><G15/><T38/><D42/><U109/><E109/><V10/><F10/><W6/><G6/><T13/><D13/><N who="1" m="7215" /><E17/><V76/><F76/><W107/><G107/><T71/><D38/><U37/><E37/><V54/><F59/><W129/><G129/><T8/><D71/><U103/><AGARI ba="1,0" hai="22,23,40,44,50,94,98,103" m="7215,38199" machi="103" ten="30,2000,0" yaku="8,1,54,1" doraHai="105" who="1" fromWho="1" sc="235,-6,225,23,255,-11,285,-6" /><INIT seed="3,0,0,0,0,7" ten="229,248,244,279" oya="3" hai0="51,134,78,56,13,96,30,31,11,10,111,120,127" hai1="71,77,105,33,22,41,68,85,97,84,34,92,69" hai2="118,64,28,81,32,29,82,89,1,70,43,14,6" hai3="48,87,114,26,42,27,47,50,24,113,95,18,37"/><W135/><G135/><T86/><D120/><U19/><E41/><V129/><F118/><W15/><G113/><T116/><D116/><U9/><E77/><V35/><F1/><W8/><G114/><T98/><D134/><U49/><E49/><V76/><F43/><N who="3" m="24703" /><G37/><T0/><D0/><U2/><E105/><V79/><F89/><N who="3" m="53695" /><G42/><T90/><D127/><U67/><E67/><V108/><F64/><W46/><G50/><T36/><D36/><U110/><E110/><V102/><F35/><W107/><G107/><T58/><D111/><U126/><E126/><V109/><F32/><W55/><G46/><T106/><D106/><U17/><E2/><V121/><F121/><W60/><G55/><N who="0" m="31871" /><D58/><U133/><E133/><V130/><F70/><W119/><G119/><T99/><D78/><U94/><E34/><V61/><F79/><W123/><G123/><T75/><D75/><U12/><E33/><V93/><F76/><W20/><G60/><T122/><D122/><U132/><E132/><V62/><F62/><W45/><G45/><T128/><D128/><U25/><REACH who="1" step="1"/><E92/><REACH who="1" ten="229,238,244,279" step="2"/><V104/><F93/><W5/><AGARI ba="0,1" hai="5,8,15,18,20,24,26,27" m="53695,24703" machi="5" ten="30,3000,0" yaku="8,1,52,1" doraHai="7" who="3" fromWho="3" sc="229,-10,238,-10,244,-10,279,40" owari="219,-28.1,228,-17.2,234,3.4,319,41.9" /></mjloggm>