<mjloggm ver="2.3"><GO type="225" lobby="0"/><UN n0="%E3%83%81%E3%83%83%E3%82%BF%E3%82%BD%E3%83%BC" n1="%E5%8D%A0%E3%81%84%E5%B8%AB%E8%A3%8F%E3%81%AA%E3%81%84%E3%81%97" n2="%E6%98%93%E5%88%A9%E8%96%A9%E4%BC%AF" n3="%E5%AF%82%E5%AF%9E%E3%82%AE%E3%83%8D%E3%82%B9%E3%83%93%E3%83%BC%E3%83%AB" dan="16,17,17,16" rate="2179.44,2156.98,2193.60,2175.73" sx="F,M,F,M"/><TAIKYOKU oya="0"/><INIT seed="0,0,0,1,5,75" ten="250,250,250,250" oya="0" hai0="119,45,48,64,104,118,98,23,113,35,126,88,46" hai1="17,65,97,8,31,19,93,1,87,69,52,14,107" hai2="20,36,111,94,120,82,79,105,25,74,100,56,128" hai3="6,101,30,127,114,122,22,112,132,83,92,50,53"/><T13/><D113/><U66/><E1/><V78/><F36/><W73/><G132/><T7/><D126/><U68/><E107/><V59/><F120/><W95/><G127/><T27/><D35/><U58/><E31/><V81/><F105/><W99/><G122/><T80/><D64/><U26/><E87/><V134/><F111/><W124/><G124/><T102/><D13/><U63/><E68/><V110/><F110/><W70/><G70/><T90/><D7/><U85/><E85/><V0/><F0/><W76/><G6/><T125/><D45/><U40/><E40/><V39/><F39/><W28/><G92/><T131/><D131/><U42/><E42/><V61/><F128/><W71/><G71/><T135/><D135/><U116/><E116/><V91/><F100/><W86/><G73/><T10/><D10/><U84/><E84/><N who="2" m="52583" /><F74/><W103/><G103/><T109/><D109/><U106/><E106/><V47/><F47/><W72/><G72/><T11/><D11/><U33/><E69/><V62/><F134/><W55/><G55/><T32/><D32/><U34/><E34/><V38/><F38/><W117/><G117/><N who="0" m="44555" /><D80/><N who="2" m="30826" /><F59/><W41/><G114/><T123/><D123/><U3/><E3/><V44/><F44/><N who="3" m="25871" /><G112/><T77/><D125/><U121/><E121/><V51/><F51/><W16/><G53/><N who="0" m="29847" /><D77/><N who="2" m="29194" /><F56/><W96/><G96/><T2/><D2/><U37/><E37/><V21/><F21/><W9/><G9/><T54/><D54/><U12/><E33/><V133/><F133/><W108/><G108/><T4/><D4/><U5/><E5/><RYUUKYOKU ba="0,0" sc="250,10,250,-30,250,10,250,10" hai0="23,27,88,90,98,102,104" hai2="20,25,61,62" hai3="16,22,28,30,76,83,86,95,99,101" /><INIT seed="0,1,0,2,1,122" ten="260,220,260,260" oya="0" hai0="47,50,33,56,118,132,66,73,130,77,20,19,65" hai1="5,13,86,91,108,71,88,26,0,117,107,81,119" hai2="99,60,80,76,8,104,111,36,44,126,69,94,39" hai3="42,46,27,10,134,101,98,123,4,128,15,129,100"/><T51/><D118/><U105/><E0/><V110/><F104/><W95/><G123/><T70/><D33/><U78/><E71/><V23/><F23/><W1/><G134/><T62/><D132/><U114/><E26/><V53/><F8/><W38/><G27/><T103/><D130/><U37/><E37/><V21/><F21/><W115/><G115/><T125/><D125/><U93/><E13/><V2/><F2/><W63/><G63/><T75/><D103/><U48/><E48/><N who="2" m="28807" /><F60/><W82/><G101/><T64/><D70/><U45/><E45/><V90/><F126/><W24/><G24/><T3/><D3/><U72/><E5/><V55/><F55/><W25/><G25/><T14/><D51/><U124/><E108/><N who="2" m="41515" /><F69/><W83/><G15/><T22/><D20/><U121/><E121/><V120/><F120/><W135/><G135/><T79/><D65/><U133/><E133/><V31/><F31/><W84/><G129/><T127/><D66/><U11/><E11/><V87/><AGARI ba="1,0" hai="36,39,76,80,87,90,94,99" m="41515,28807" machi="87" ten="30,7900,0" yaku="14,1,52,3" doraHai="122" who="2" fromWho="2" sc="260,-40,220,-21,260,82,260,-21" /><INIT seed="1,0,0,4,5,61" ten="220,199,342,239" oya="1" hai0="45,98,114,48,25,132,12,97,101,85,124,76,90" hai1="78,128,102,110,38,120,27,118,84,36,13,66,65" hai2="117,64,26,99,75,104,63,121,74,82,105,44,39" hai3="20,88,72,108,17,89,43,111,122,34,95,130,54"/><U87/><E118/><V56/><F121/><W59/><G122/><T93/><D114/><U35/><E120/><V62/><F117/><W42/><G34/><T107/><D132/><U14/><E102/><V10/><F26/><N who="3" m="14607" /><G72/><T86/><D124/><U109/><E27/><V81/><F10/><W6/><G6/><T23/><D12/><N who="1" m="4715" /><E78/><V60/><F60/><N who="3" m="35959" /><G130/><T58/><D58/><U57/><E57/><V0/><F104/><W30/><G30/><T32/><D76/><U55/><E55/><V24/><F75/><W79/><G89/><T123/><D32/><U94/><E94/><V37/><F74/><W134/><G134/><T127/><D127/><U92/><E92/><V7/><F105/><W96/><G79/><T1/><D1/><U83/><E83/><V113/><F82/><W126/><G126/><T41/><REACH who="0" step="1"/><D123/><REACH who="0" ten="210,199,342,239" step="2"/><U106/><E35/><V49/><F0/><W135/><G135/><T115/><D115/><U8/><E8/><V73/><F113/><W53/><G53/><T68/><D68/><U71/><E71/><V21/><F73/><W112/><G112/><T18/><AGARI ba="0,1" hai="18,23,25,41,45,48,85,86,90,93,97,98,101,107" machi="18" ten="20,2700,0" yaku="1,1,0,1,7,1,53,0" doraHai="61" doraHaiUra="29" who="0" fromWho="0" sc="210,37,199,-13,342,-7,239,-7" /><INIT seed="2,0,0,2,5,58" ten="247,186,335,232" oya="2" hai0="77,46,108,135,83,62,82,29,106,129,17,65,79" hai1="60,124,42,75,19,23,47,48,70,52,57,87,44" hai2="71,133,33,35,22,53,121,8,32,96,14,26,50" hai3="81,107,132,118,104,13,78,43,55,76,89,45,61"/><V111/><F121/><W134/><G118/><T69/><D108/><U97/><E75/><V25/><F71/><W21/><G89/><T30/><D129/><U127/><E70/><V1/><F133/><N who="3" m="51307" /><G13/><T37/><D135/><U31/><E31/><V27/><F96/><W7/><G21/><T91/><D106/><N who="3" m="40489" /><G7/><T0/><D0/><U18/><E97/><V100/><F100/><W74/><G78/><T122/><D122/><U56/><E87/><V101/><F101/><W20/><G20/><T131/><D131/><U119/><E119/><V99/><F99/><W125/><G125/><N who="1" m="48202" /><E23/><V110/><F1/><W12/><G12/><T24/><D91/><U85/><E85/><V93/><F93/><W120/><G120/><T112/><D77/><U115/><E115/><V15/><F22/><W73/><G73/><T126/><D112/><U16/><E42/><V80/><F80/><W4/><G4/><T66/><D126/><U41/><E41/><V102/><F102/><W103/><G103/><T130/><D130/><U90/><E90/><V116/><F116/><W3/><G3/><T49/><D83/><U88/><E88/><V64/><F33/><W34/><G34/><T59/><D82/><U117/><E117/><V114/><F32/><W72/><G72/><T40/><D79/><U9/><E9/><V123/><F8/><W2/><G2/><T39/><D30/><U98/><E98/><V28/><F28/><W38/><G74/><T105/><D105/><U94/><E94/><V68/><F114/><W92/><G92/><T128/><D128/><U6/><E6/><RYUUKYOKU ba="0,0" sc="247,-10,186,30,335,-10,232,-10" hai1="16,18,19,44,47,48,52,56,57,60" /><INIT seed="3,1,0,1,0,60" ten="237,216,325,222" oya="3" hai0="35,28,65,109,80,27,10,19,86,3,53,68,111" hai1="81,124,7,118,78,82,84,77,113,73,1,13,40" hai2="12,67,48,71,94,106,89,70,24,107,110,134,114" hai3="75,112,120,33,116,63,130,51,18,76,45,74,43"/><W8/><G116/><T97/><D53/><U123/><E123/><V99/><F110/><N who="0" m="41994" /><D97/><U126/><E113/><V128/><F128/><W0/><G120/><T5/><D19/><U92/><E118/><V29/><F134/><W42/><G130/><T108/><N who="0" m="42002" /><T54/><DORA hai="58" /><D54/><U50/><E92/><V23/><F99/><W6/><G112/><T66/><D68/><U22/><E1/><V91/><F71/><W55/><G33/><T2/><D2/><U41/><E22/><V131/><F23/><W16/><G42/><T79/><AGARI ba="1,0" hai="3,5,10,27,28,35,65,66,79,80,86" m="42002" machi="79" ten="40,5200,0" yaku="14,1,52,2" doraHai="60,58" who="0" fromWho="0" sc="237,55,216,-14,325,-14,222,-27" owari="292,9.2,202,-19.8,311,41.1,195,-30.5" /></mjloggm>