<mjloggm ver="2.3"><GO type="225" lobby="0"/><UN n0="%E7%9A%AE%E3%80%85" n1="%E3%83%B4%E3%83%A0%EF%BC%99%E3%81%A6" n2="%E3%82%BC%E3%83%AB%E3%83%80%E3%81%AE%E4%BC%9D%E8%AA%AC" n3="%E3%81%95%E3%81%8D%E3%81%9F%E3%81%BE%E6%9E%97%E6%AA%8E" dan="16,17,17,16" rate="2148.06,2141.60,2110.87,2105.37" sx="F,M,M,M"/><TAIKYOKU oya="0"/><INIT seed="0,0,0,0,3,128" ten="250,250,250,250" oya="0" hai0="43,92,70,106,132,11,100,42,91,47,5,64,75" hai1="103,127,76,73,13,36,62,96,7,98,60,12,10" hai2="104,61,68,74,57,79,67,1,29,56,15,22,53" hai3="41,38,63,32,122,16,107,72,105,84,28,120,109"/><T23/><D75/><U45/><E127/><V78/><F1/><W46/><G72/><T20/><D106/><U18/><E73/><V34/><F104/><W81/><G109/><T82/><D100/><U14/><E76/><V54/><F74/><W51/><G38/><T129/><D129/><U21/><E103/><V87/><F34/><W89/><G63/><N who="1" m="24106" /><E36/><V39/><F39/><W116/><G116/><T108/><D108/><U110/><E110/><V37/><F37/><W55/><G41/><T123/><D123/><N who="3" m="47145" /><G16/><T86/><D64/><U101/><E45/><V35/><F68/><W124/><G124/><T17/><D70/><U134/><E134/><V90/><F35/><W48/><G48/><N who="0" m="26743" /><D132/><U115/><E115/><V83/><F67/><W102/><G102/><T24/><D43/><U27/><E101/><V19/><F29/><W126/><G126/><T9/><D5/><U88/><E96/><V85/><F85/><W69/><G69/><T118/><D118/><U77/><E77/><V121/><F121/><W93/><G28/><N who="0" m="17415" /><D82/><U0/><E0/><V135/><F135/><W2/><G2/><T50/><D50/><AGARI ba="0,0" hai="15,19,22,50,53,54,56,57,61,78,79,83,87,90" machi="50" ten="30,2000,0" yaku="7,1,8,1" doraHai="128" who="2" fromWho="0" sc="250,-20,250,0,250,20,250,0" /><INIT seed="1,0,0,1,4,97" ten="230,250,270,250" oya="1" hai0="68,82,20,43,47,119,111,100,83,44,57,19,98" hai1="34,107,91,14,88,51,15,63,132,64,46,71,23" hai2="72,134,22,77,11,10,70,38,86,125,99,106,53" hai3="110,127,108,37,74,45,96,90,109,4,133,54,130"/><U94/><E107/><V59/><F70/><W128/><G74/><T84/><D119/><U113/><E113/><V6/><F38/><W61/><G4/><T25/><D68/><U67/><E34/><V28/><F72/><W101/><G90/><T75/><D75/><U114/><E114/><V69/><F69/><W135/><G61/><T80/><D111/><U78/><E64/><V81/><F125/><W117/><G117/><T60/><D84/><U8/><E132/><N who="3" m="50762" /><G54/><T129/><D129/><N who="3" m="49769" /><G45/><T56/><D43/><U17/><E78/><V42/><F42/><W102/><G37/><T26/><D26/><U30/><E30/><V89/><F28/><W39/><G39/><T120/><D56/><U24/><E8/><V2/><F10/><W12/><G12/><T0/><D0/><U65/><E65/><V73/><F73/><W52/><G52/><N who="0" m="33831" /><D120/><U33/><E91/><V112/><F89/><W31/><G31/><T79/><D79/><U29/><E46/><V124/><F134/><W32/><G32/><T76/><D76/><U21/><E51/><V35/><F35/><W49/><G49/><T62/><D62/><U85/><E33/><V103/><F112/><W3/><G3/><T58/><D58/><U27/><AGARI ba="0,0" hai="14,15,17,21,23,24,27,29,63,67,71,85,88,94" machi="27" ten="20,3900,0" yaku="0,1,7,1,54,1" doraHai="97" who="1" fromWho="1" sc="230,-13,250,39,270,-13,250,-13" /><INIT seed="1,1,0,2,1,12" ten="217,289,257,237" oya="1" hai0="115,86,69,68,128,89,111,112,76,73,6,126,104" hai1="2,107,74,72,49,131,66,113,5,10,22,57,97" hai2="16,36,33,81,102,43,51,129,62,19,70,71,85" hai3="11,37,59,30,108,101,110,63,0,35,44,9,116"/><U47/><E113/><V109/><F33/><W67/><G116/><T95/><D6/><U34/><E34/><V7/><F36/><W17/><G101/><T29/><D29/><U55/><E131/><V134/><F129/><W92/><G0/><T123/><D128/><U3/><E3/><V8/><F109/><N who="3" m="42091" /><G35/><T91/><D111/><U38/><E107/><V82/><F134/><W65/><G65/><T75/><D68/><U118/><E118/><V4/><F102/><W46/><G30/><T58/><D58/><U93/><E22/><V100/><F100/><W27/><G37/><T94/><D69/><U21/><E21/><V13/><F4/><W125/><G125/><T83/><D126/><U87/><E87/><V60/><F71/><W121/><G121/><T25/><D25/><U26/><E26/><V53/><F43/><W52/><G92/><T20/><D20/><U99/><E38/><V96/><F96/><W56/><G27/><T24/><D24/><U77/><E97/><V133/><F133/><W14/><G9/><T48/><D123/><U88/><E77/><N who="2" m="46255" /><F82/><W105/><G105/><T120/><D120/><U41/><E66/><N who="2" m="41287" /><F62/><AGARI ba="1,0" hai="11,14,17,44,46,52,56,59,62,63,67" m="42091" machi="62" ten="30,3900,0" yaku="14,1,52,1,54,1" doraHai="12" who="3" fromWho="2" sc="217,0,289,0,257,-42,237,42" /><INIT seed="2,0,0,2,1,64" ten="217,289,215,279" oya="2" hai0="99,107,129,63,122,83,84,7,87,44,62,24,70" hai1="128,72,92,13,120,15,78,32,55,79,119,90,8" hai2="12,2,0,50,86,3,37,133,85,93,30,35,82" hai3="21,20,74,26,114,9,41,52,46,135,10,56,91"/><V14/><F37/><W40/><G135/><T108/><D122/><U22/><E119/><V76/><F133/><W112/><G74/><T116/><D116/><U49/><E32/><V106/><F106/><W105/><G105/><T68/><D7/><U94/><E128/><V4/><F4/><W98/><G20/><T42/><D24/><U17/><E72/><V67/><F50/><W88/><G98/><T124/><D129/><U115/><E115/><N who="3" m="44074" /><G10/><T11/><D11/><U134/><E120/><V33/><F67/><W80/><G9/><T111/><D124/><U65/><E65/><V73/><F30/><N who="3" m="17743" /><G46/><T31/><D31/><U47/><E134/><V109/><F109/><N who="0" m="42058" /><D87/><U25/><E15/><V1/><N who="2" m="0" /><DORA hai="125" /><V19/><F12/><W28/><G28/><T69/><D99/><U110/><E110/><V58/><F85/><N who="3" m="50215" /><G91/><N who="0" m="51615" /><D107/><U100/><E100/><V127/><F127/><W123/><G123/><T104/><D104/><U53/><E92/><V126/><F126/><W101/><G101/><T6/><D6/><U18/><E94/><V131/><F131/><W54/><G54/><T57/><D57/><U43/><E90/><N who="2" m="53463" /><F58/><W97/><G97/><T27/><D27/><U130/><E130/><V16/><F14/><W118/><G118/><T103/><D103/><U77/><AGARI ba="0,0" hai="8,13,17,18,22,25,43,47,49,53,55,77,78,79" machi="77" ten="30,2000,0" yaku="0,1,8,1" doraHai="64,125" who="1" fromWho="1" sc="217,-5,289,20,215,-10,279,-5" /><INIT seed="3,0,0,5,1,70" ten="212,309,205,274" oya="3" hai0="53,65,62,125,64,112,39,9,114,96,103,91,20" hai1="17,13,63,129,35,56,89,34,42,49,108,33,122" hai2="127,51,84,16,41,130,54,23,69,105,75,93,128" hai3="18,99,110,77,3,58,7,32,22,80,90,107,135"/><W113/><G113/><N who="0" m="43627" /><D125/><U1/><E1/><V31/><F105/><W47/><G135/><T131/><D131/><N who="2" m="50218" /><F127/><W92/><G32/><T2/><D91/><U95/><E122/><V132/><F132/><W36/><G107/><N who="0" m="63975" /><D39/><U15/><E108/><V29/><F69/><W0/><G110/><T59/><D20/><U87/><E129/><V74/><F41/><N who="3" m="22951" /><G58/><T81/><D81/><U38/><E56/><N who="2" m="32863" /><F84/><W66/><G66/><T10/><D10/><U5/><E87/><V40/><F40/><W88/><G90/><T100/><D100/><U111/><E42/><V61/><F61/><W83/><G83/><T121/><D121/><U11/><E89/><V8/><F8/><N who="3" m="2151" /><G3/><T24/><D24/><U119/><E111/><V97/><F97/><W25/><G25/><T19/><D2/><U120/><E120/><V72/><F93/><W27/><G27/><AGARI ba="0,0" hai="16,23,27,29,31,72,74,75" m="32863,50218" machi="27" ten="40,2600,0" yaku="19,1,54,1" doraHai="70" who="2" fromWho="3" sc="212,0,309,0,205,26,274,-26" owari="212,-28.8,309,40.9,231,-16.9,248,4.8" /></mjloggm>