<mjloggm ver="2.3"><GO type="225" lobby="0"/><UN n0="%E3%82%A4%E3%83%BC%E3%82%B1%E3%83%97%E3%83%A9" n1="%E3%81%9B%E3%81%A9%E3%81%AA%E3%82%8A%E3%81%82%E3%82%93" n2="%E3%81%A4%E3%81%A3%E3%81%B1%E3%82%8A%E3%83%9D%E3%83%BC%E3%83%AB" n3="%E3%82%BC%E3%83%AB%E3%83%80%E3%81%AE%E4%BC%9D%E8%AA%AC" dan="16,16,17,17" rate="2099.48,2109.05,2157.13,2157.40" sx="M,F,M,M"/><TAIKYOKU oya="0"/><INIT seed="0,0,0,0,1,32" ten="250,250,250,250" oya="0" hai0="38,103,98,50,104,91,69,48,102,73,105,134,82" hai1="64,70,80,118,15,8,78,95,93,117,59,27,18" hai2="58,106,92,109,2,66,25,108,44,77,62,28,5" hai3="110,94,126,45,87,7,107,121,53,74,100,115,57"/><T46/><D134/><U79/><E70/><V96/><F106/><W34/><G115/><T47/><D69/><U49/><E117/><V39/><F77/><W88/><G34/><T71/><D71/><U76/><E118/><V33/><F39/><W54/><G110/><N who="2" m="42601" /><F44/><W4/><G126/><T135/><D135/><U65/><E80/><V24/><F24/><W99/><G121/><T68/><D68/><U116/><E116/><V72/><F72/><W90/><G74/><T13/><D38/><U86/><E27/><V42/><F42/><W55/><G45/><T85/><D73/><U35/><E35/><V11/><F92/><N who="1" m="35401" /><E86/><V111/><N who="2" m="42609" /><V0/><DORA hai="61" /><F96/><W3/><G90/><T124/><D124/><U63/><E49/><V36/><F36/><W83/><G107/><T122/><D122/><U40/><E40/><V43/><F43/><W113/><G113/><T56/><D50/><U6/><E6/><N who="3" m="2090" /><G3/><AGARI ba="0,0" hai="0,2,3,5,11,25,28,33,58,62,66" m="42609" machi="3" ten="40,8000,1" yaku="14,1,52,4" doraHai="32,61" who="2" fromWho="3" sc="250,0,250,0,250,80,250,-80" /><INIT seed="1,0,0,0,0,54" ten="250,250,330,170" oya="1" hai0="13,52,111,115,128,39,49,122,4,43,50,60,77" hai1="98,106,16,114,59,79,10,88,36,89,29,102,23" hai2="22,135,95,90,8,118,9,117,126,11,5,76,127" hai3="124,96,15,104,97,0,14,26,112,19,46,73,74"/><U24/><E114/><V20/><F76/><W132/><G112/><T34/><D115/><U81/><E36/><V33/><F33/><W65/><G0/><T44/><D34/><U17/><E59/><V7/><F135/><W133/><G124/><N who="2" m="47657" /><F95/><W66/><G46/><T93/><D111/><U99/><E99/><V103/><F103/><W71/><G19/><T100/><D128/><U6/><E17/><V123/><F90/><W120/><G26/><T58/><D77/><U62/><E62/><V70/><F70/><W109/><G71/><T121/><D100/><U1/><REACH who="1" step="1"/><E29/><REACH who="1" ten="250,240,330,170" step="2"/><V85/><F123/><N who="0" m="47114" /><D93/><U119/><E119/><V129/><F118/><W125/><G125/><T57/><D58/><U92/><E92/><V42/><F117/><W83/><G120/><T55/><D55/><U131/><E131/><V63/><F129/><W40/><G109/><T107/><D107/><U47/><E47/><V69/><F63/><W68/><G104/><T64/><D64/><U25/><E25/><V28/><F69/><W134/><G68/><T48/><D39/><U30/><E30/><V110/><F28/><W51/><G133/><T45/><D44/><U130/><E130/><V80/><F110/><W2/><G132/><T27/><D27/><U67/><E67/><V18/><F18/><W61/><G134/><T116/><D116/><U84/><AGARI ba="0,1" hai="1,6,10,16,23,24,79,81,84,88,89,98,102,106" machi="84" ten="20,12000,1" yaku="1,1,0,1,7,1,54,2,53,0" doraHai="54" doraHaiUra="91" who="1" fromWho="1" sc="250,-40,240,130,330,-40,170,-40" /><INIT seed="1,1,0,4,3,118" ten="210,370,290,130" oya="1" hai0="34,2,101,19,127,15,74,95,71,117,76,46,70" hai1="88,57,27,91,61,30,75,10,16,60,55,24,110" hai2="131,0,22,103,35,73,63,113,78,69,80,42,59" hai3="89,36,134,106,119,98,41,52,120,133,124,87,12"/><U47/><E75/><V125/><F125/><W54/><G119/><T107/><D2/><U116/><E116/><V123/><F131/><W50/><G124/><T17/><D117/><U104/><E104/><V58/><F35/><W94/><G36/><T90/><D127/><U11/><E110/><V77/><F0/><W114/><G114/><T97/><D34/><U9/><E47/><V72/><F113/><W99/><G41/><T65/><D65/><U135/><E135/><N who="3" m="51722" /><G12/><T23/><D46/><U20/><REACH who="1" step="1"/><E61/><REACH who="1" ten="210,360,290,130" step="2"/><V66/><F63/><W122/><G106/><T68/><D107/><U38/><E38/><V126/><F73/><W45/><G54/><T51/><D51/><U13/><E13/><V7/><F72/><W85/><G85/><T29/><D74/><U108/><E108/><V132/><F132/><W115/><G115/><T26/><D15/><U81/><E81/><V67/><F80/><N who="3" m="49383" /><G99/><T129/><D97/><U33/><AGARI ba="1,1" hai="9,10,11,16,20,24,27,30,33,55,57,60,88,91" machi="33" ten="30,18000,2" yaku="1,1,0,1,54,2,53,2" doraHai="118" doraHaiUra="86" who="1" fromWho="1" sc="210,-61,360,193,290,-61,130,-61" /><INIT seed="1,2,0,4,3,70" ten="149,553,229,69" oya="1" hai0="28,85,19,126,116,113,4,57,98,75,92,23,38" hai1="106,105,87,89,0,35,100,134,20,53,24,109,111" hai2="13,11,42,90,112,86,14,5,103,49,60,39,72" hai3="18,74,110,114,44,37,80,65,78,96,10,131,54"/><U29/><E0/><V79/><F112/><W67/><G114/><T48/><D113/><U56/><E35/><V97/><F39/><W51/><G131/><T63/><D116/><U45/><E45/><N who="2" m="25783" /><F72/><W129/><G129/><T64/><D75/><U25/><E25/><V30/><F30/><W12/><G110/><N who="1" m="41994" /><E100/><V2/><F2/><W94/><REACH who="3" step="1"/><G37/><REACH who="3" ten="149,553,229,59" step="2"/><T127/><D38/><U121/><E121/><V1/><F1/><W17/><G17/><T117/><D19/><U77/><E134/><V73/><F5/><W91/><AGARI ba="2,1" hai="10,12,18,44,51,54,65,67,74,78,80,91,94,96" machi="91" ten="20,2700,0" yaku="1,1,0,1,7,1,53,0" doraHai="70" doraHaiUra="55" who="3" fromWho="3" sc="149,-9,553,-15,229,-9,59,43" /><INIT seed="2,0,0,3,0,95" ten="140,538,220,102" oya="2" hai0="115,132,114,100,94,90,22,60,106,92,10,26,118" hai1="117,80,11,4,14,27,6,134,41,66,103,126,64" hai2="58,59,13,36,130,133,0,107,50,104,69,15,123" hai3="72,39,28,79,65,128,25,47,49,98,56,74,31"/><V30/><F0/><W63/><G128/><T35/><D35/><U73/><E117/><V76/><F36/><W46/><G79/><T112/><D132/><U23/><E103/><V43/><F76/><W87/><G87/><T85/><D118/><U16/><E73/><V57/><F69/><W12/><G39/><T75/><D75/><U108/><E108/><V110/><F123/><W9/><G31/><T29/><D10/><U67/><E126/><V37/><F37/><W24/><G47/><T3/><D3/><U83/><E41/><V68/><F68/><W54/><G98/><T101/><D106/><U122/><E134/><V120/><F120/><W33/><REACH who="3" step="1"/><G25/><REACH who="3" ten="140,538,220,92" step="2"/><T78/><D78/><U51/><E122/><V7/><F30/><W21/><G21/><T109/><D109/><U111/><E111/><V48/><F130/><W18/><AGARI ba="0,1" hai="9,12,18,24,28,33,46,49,54,56,63,65,72,74" machi="18" ten="20,5200,0" yaku="1,1,0,1,7,1,53,1" doraHai="95" doraHaiUra="44" who="3" fromWho="3" sc="140,-13,538,-13,220,-26,92,62" /><INIT seed="3,0,0,0,1,44" ten="127,525,194,154" oya="3" hai0="77,35,23,81,51,62,24,49,48,16,53,55,36" hai1="59,25,9,94,88,116,108,89,103,21,106,29,102" hai2="95,84,79,92,114,127,43,72,71,67,26,122,7" hai3="32,1,13,3,57,52,45,80,42,120,76,58,46"/><W56/><G120/><T40/><D35/><U117/><E106/><V111/><F72/><W66/><G32/><T37/><D40/><U17/><E108/><V38/><F7/><W96/><G66/><T129/><D129/><U5/><E59/><V39/><F114/><W75/><G13/><T12/><D24/><U115/><E29/><V0/><F0/><W101/><G46/><T33/><D33/><U83/><E83/><V100/><F43/><W87/><G75/><T2/><D2/><N who="1" m="183" /><E115/><V19/><F127/><W20/><G20/><T15/><D15/><U119/><E89/><V31/><F67/><W27/><G27/><T50/><D62/><U118/><E118/><V18/><F26/><W109/><G109/><T28/><D28/><U104/><E104/><V93/><F71/><W91/><G91/><T98/><D98/><AGARI ba="0,0" hai="17,21,25,88,94,98,102,103,116,117,119" m="183" machi="98" ten="30,2000,0" yaku="12,1,54,1" doraHai="44" who="1" fromWho="0" sc="127,-20,525,20,194,0,154,0" owari="107,-39.3,545,64.5,194,-0.6,154,-24.6" /></mjloggm>