<mjloggm ver="2.3"><GO type="225" lobby="0"/><UN n0="%E5%91%A8%E6%9D%B1" n1="%E3%80%93%E3%81%97%E3%83%BC%E3%82%89%E3%80%93" n2="%4C%4F%4C%49%54%41" n3="%E3%83%A9%E3%83%BC%E3%83%A1%E3%83%B3%E4%BA%94%E9%83%8E" dan="17,16,16,16" rate="2198.70,2213.30,2120.46,2109.05" sx="M,M,F,M"/><TAIKYOKU oya="0"/><INIT seed="0,0,0,1,3,121" ten="250,250,250,250" oya="0" hai0="27,134,78,47,100,14,19,1,31,103,84,124,45" hai1="28,86,4,36,5,74,64,93,61,11,82,57,13" hai2="126,38,118,115,99,73,35,33,22,95,21,20,96" hai3="87,10,0,39,37,30,63,114,107,9,42,6,23"/><T83/><D1/><U50/><E36/><V90/><F115/><W91/><G114/><T85/><D134/><U65/><E74/><V46/><F73/><W59/><G107/><T127/><D85/><U77/><E28/><V62/><F126/><N who="0" m="48170" /><D103/><U34/><E34/><V98/><F118/><W58/><G10/><N who="0" m="6615" /><D100/><U105/><E105/><V75/><F75/><W94/><G42/><T76/><D76/><U32/><E32/><AGARI ba="0,0" hai="27,31,32,45,47,78,83,84" m="6615,48170" machi="32" ten="30,1500,0" yaku="18,1" doraHai="121" who="0" fromWho="1" sc="250,15,250,-15,250,0,250,0" /><INIT seed="0,1,0,0,0,10" ten="265,235,250,250" oya="0" hai0="5,90,0,64,39,99,62,24,51,31,89,41,111" hai1="2,80,112,103,7,102,12,53,121,50,35,131,77" hai2="1,13,129,120,118,125,33,134,101,8,25,15,82" hai3="52,98,83,14,128,34,42,40,44,32,6,18,11"/><T60/><D39/><U20/><E35/><V117/><F120/><W9/><G128/><T93/><D111/><U69/><E69/><V81/><F129/><W74/><G34/><T95/><D0/><U49/><E131/><V133/><F101/><W47/><G32/><T84/><D5/><U54/><E121/><V46/><F125/><W43/><G98/><T63/><D41/><U130/><E2/><V126/><F126/><W105/><G105/><T21/><REACH who="0" step="1"/><D51/><REACH who="0" ten="255,235,250,250" step="2"/><U37/><E37/><V91/><F1/><W29/><G6/><T45/><D45/><U106/><E130/><V17/><F46/><W115/><G44/><T73/><D73/><U61/><E50/><V38/><F38/><W16/><G74/><T85/><D85/><U113/><E7/><V71/><F118/><W68/><G47/><T4/><D4/><U59/><E49/><V79/><F117/><W72/><G72/><T108/><D108/><U88/><E112/><V70/><F133/><W114/><G114/><T107/><D107/><U109/><E106/><V66/><F134/><W75/><G115/><T127/><D127/><U57/><E113/><V56/><F71/><AGARI ba="1,1" hai="21,24,31,60,62,63,64,71,84,89,90,93,95,99" machi="71" ten="30,2900,0" yaku="1,1,7,1,53,0" doraHai="10" doraHaiUra="28" who="0" fromWho="2" sc="255,42,235,0,250,-32,250,0" /><INIT seed="0,2,0,1,0,58" ten="297,235,218,250" oya="0" hai0="93,24,132,78,68,90,123,51,0,19,121,61,98" hai1="12,95,16,69,57,3,5,134,43,109,14,108,7" hai2="82,29,56,34,41,31,113,13,75,105,22,104,50" hai3="37,4,55,63,73,25,112,81,32,119,45,88,91"/><T47/><D0/><U36/><E69/><V52/><F113/><W10/><G112/><T8/><D132/><U133/><E36/><V86/><F75/><W83/><G119/><T59/><D68/><U89/><E43/><V130/><F130/><W118/><G118/><T53/><D78/><U42/><E42/><V39/><F34/><W84/><G73/><T92/><D92/><U127/><E57/><V116/><F116/><W85/><G37/><T129/><D129/><U115/><E127/><V128/><F128/><W28/><G45/><T125/><D125/><U76/><E76/><V100/><F41/><W101/><G101/><T71/><D71/><U114/><E95/><V21/><F39/><W64/><G55/><T18/><D19/><U117/><E89/><V23/><F13/><W62/><G64/><T80/><D80/><U96/><E117/><V103/><F105/><W38/><G38/><T48/><D48/><U2/><E96/><V49/><F49/><W65/><G65/><T67/><REACH who="0" step="1"/><D24/><REACH who="0" ten="287,235,218,250" step="2"/><U120/><E16/><V40/><F104/><W1/><AGARI ba="2,1" hai="1,4,10,25,28,32,62,63,81,83,84,85,88,91" machi="1" ten="20,12000,2" yaku="0,1,7,1,9,1,52,2,54,1" doraHai="58" who="3" fromWho="3" sc="287,-62,235,-32,218,-32,250,136" /><INIT seed="1,0,0,5,3,9" ten="225,203,186,386" oya="1" hai0="97,65,12,89,72,39,14,45,90,133,68,31,117" hai1="96,29,52,20,60,57,108,22,132,59,10,91,24" hai2="4,21,85,69,55,54,40,32,126,81,77,127,122" hai3="112,92,109,47,19,2,106,62,34,41,119,15,134"/><U111/><E132/><V110/><F32/><W71/><G106/><T36/><D117/><U121/><E121/><V44/><F122/><W94/><G112/><T103/><D72/><U135/><E135/><V107/><F69/><W16/><G134/><T6/><D133/><U3/><E59/><V18/><F107/><W63/><G34/><T78/><D78/><U50/><E50/><V98/><F110/><N who="1" m="42025" /><E22/><V25/><F98/><W67/><G2/><T76/><D76/><U83/><E96/><V88/><F4/><W61/><G119/><T53/><D6/><N who="1" m="1375" /><E91/><V30/><F77/><W33/><G33/><T27/><D90/><U123/><E123/><V5/><F5/><W64/><G109/><T46/><D89/><U43/><E43/><V115/><F115/><W75/><G41/><N who="0" m="22695" /><D53/><U66/><E83/><V87/><F30/><W93/><G71/><T79/><D79/><U35/><E35/><V118/><F118/><W58/><G58/><T105/><D39/><U13/><E13/><N who="0" m="5225" /><D46/><U125/><E66/><V101/><F101/><W82/><G47/><T99/><D99/><U102/><E102/><V56/><F87/><W84/><G67/><T74/><D74/><U124/><AGARI ba="0,0" hai="20,24,29,52,57,60,124,125" m="1375,42025" machi="124" ten="30,6000,0" yaku="14,1,10,1,54,1" doraHai="9" who="1" fromWho="1" sc="225,-20,203,60,186,-20,386,-20" /><INIT seed="1,1,0,5,2,115" ten="205,263,166,366" oya="1" hai0="134,36,23,103,126,87,75,28,99,97,2,88,93" hai1="82,96,110,123,45,31,59,73,102,67,129,112,108" hai2="68,55,33,131,7,10,118,100,69,22,46,40,83" hai3="51,91,47,127,26,74,11,132,5,133,44,90,34"/><U43/><E112/><V57/><F33/><W20/><G74/><T78/><D2/><U117/><E123/><V130/><F100/><W98/><G34/><T0/><D0/><U104/><E31/><V113/><F113/><W13/><G127/><T16/><D126/><U106/><E129/><N who="2" m="49163" /><F22/><W18/><G98/><T119/><D36/><N who="1" m="21735" /><E59/><V107/><F107/><W49/><G49/><T81/><D28/><U3/><E67/><V9/><F83/><W72/><G72/><T114/><D114/><U62/><E62/><N who="2" m="36159" /><F118/><W52/><REACH who="3" step="1"/><G44/><REACH who="3" ten="205,263,166,356" step="2"/><T79/><D99/><U76/><E96/><V84/><F84/><W32/><G32/><T15/><D119/><U38/><E73/><V56/><F56/><W94/><G94/><T66/><D134/><AGARI ba="1,1" hai="5,11,13,18,20,26,47,51,52,90,91,132,133,134" machi="134" ten="40,8000,1" yaku="1,1,20,1,54,1,53,1" doraHai="115" doraHaiUra="8" who="3" fromWho="0" sc="205,-83,263,0,166,0,356,93" /><INIT seed="2,0,0,3,0,29" ten="122,263,166,449" oya="2" hai0="61,103,99,42,20,56,41,115,87,110,109,114,129" hai1="14,64,16,45,124,68,104,18,126,83,86,117,65" hai2="97,85,111,82,39,12,74,4,6,2,102,93,113" hai3="94,120,71,92,54,90,44,17,57,27,49,70,134"/><V10/><F113/><N who="0" m="43018" /><D87/><U127/><E104/><V73/><F39/><W112/><G134/><T131/><D20/><N who="1" m="11287" /><E68/><V89/><REACH who="2" step="1"/><F111/><REACH who="2" ten="122,263,156,449" step="2"/><N who="0" m="42506" /><D103/><U30/><E126/><V84/><F84/><W3/><G112/><T47/><D99/><U101/><E86/><V52/><F52/><W9/><G54/><N who="0" m="33943" /><D42/><U98/><E124/><V19/><F19/><W125/><G17/><T22/><D22/><U60/><E18/><V15/><F15/><W79/><G3/><T28/><D28/><U116/><E30/><V32/><F32/><W75/><G125/><T8/><D8/><AGARI ba="0,1" hai="2,4,6,8,10,12,73,74,82,85,89,93,97,102" machi="8" ten="40,2000,0" yaku="1,1,53,0" doraHai="29" doraHaiUra="132" who="2" fromWho="0" sc="122,-20,263,0,156,30,449,0" /><INIT seed="2,1,0,5,3,67" ten="102,263,186,449" oya="2" hai0="42,14,22,31,8,118,7,117,125,16,51,100,32" hai1="40,114,25,110,0,55,132,65,34,102,1,9,56" hai2="39,131,121,19,108,106,78,88,12,90,10,29,92" hai3="68,17,47,46,64,18,62,135,48,75,52,30,26"/><V73/><F121/><W83/><G135/><T37/><D37/><U116/><E65/><V36/><F106/><W130/><G130/><T122/><D100/><U63/><E102/><V11/><F131/><W69/><G69/><T60/><D60/><U115/><E40/><V111/><F29/><W112/><G112/><T45/><D122/><U6/><E132/><V3/><F78/><W96/><G96/><T95/><D95/><U2/><E116/><V86/><F73/><W82/><G46/><T43/><D43/><U28/><REACH who="1" step="1"/><E110/><REACH who="1" ten="102,253,186,449" step="2"/><N who="2" m="42027" /><F90/><W70/><G64/><T79/><D125/><U33/><E33/><V50/><F50/><W24/><G48/><T72/><D79/><U129/><E129/><V133/><F133/><W53/><G62/><T27/><REACH who="0" step="1"/><D72/><REACH who="0" ten="92,253,186,449" step="2"/><U81/><E81/><V127/><F127/><W104/><G83/><T41/><D41/><U89/><E89/><V21/><F39/><W99/><G82/><T4/><D4/><U113/><AGARI ba="1,2" hai="0,1,2,6,9,25,28,34,55,56,63,113,114,115" machi="113" ten="30,2000,0" yaku="1,1,0,1,53,0" doraHai="67" doraHaiUra="91" who="1" fromWho="1" sc="92,-6,253,43,186,-11,449,-6" /><INIT seed="3,0,0,1,5,30" ten="86,296,175,443" oya="3" hai0="74,114,28,55,66,70,105,118,64,108,32,110,132" hai1="94,11,14,17,23,29,40,16,51,75,126,2,76" hai2="8,1,93,34,19,7,65,10,90,98,84,100,58" hai3="99,109,107,50,37,41,5,115,89,22,125,106,39"/><W62/><G115/><T78/><D55/><U73/><E76/><V56/><F34/><W128/><G5/><T25/><D66/><U113/><E40/><V97/><F65/><W71/><G22/><T69/><D114/><U18/><E51/><V134/><F134/><W102/><G89/><T103/><D118/><U77/><E77/><V95/><F10/><W127/><G109/><T91/><D91/><U111/><E94/><V124/><F124/><W85/><G128/><T57/><D57/><U42/><E42/><V83/><F19/><W48/><G62/><T119/><D132/><U116/><E75/><V45/><F45/><W0/><G99/><T4/><D4/><N who="1" m="1431" /><E73/><V120/><F120/><W96/><G85/><T44/><D44/><U133/><E133/><V68/><F68/><W130/><G96/><T79/><D79/><AGARI ba="0,0" hai="1,7,8,56,58,79,83,84,90,93,95,97,98,100" machi="79" ten="30,1000,0" yaku="7,1" doraHai="30" who="2" fromWho="0" sc="86,-10,296,0,175,10,443,0" owari="76,-42.4,296,9.6,185,-21.5,443,54.3" /></mjloggm>