<mjloggm ver="2.3"><GO type="225" lobby="0"/><UN n0="%E9%B3%B3%E6%9D%B1%E3%81%AE%E3%81%86%E3%81%95%E3%81%8E%E3%81%95%E3%82%93" n1="%E3%83%B4%E3%82%A3%E3%83%AF%E3%82%B3%E3%82%B0%E3%83%8B" n2="%E5%A4%8F%E9%88%B4%E9%88%B4%E5%A4%8F" n3="%70%68%65%6E%6F%6D%65" dan="17,17,16,16" rate="2190.22,2199.27,2119.04,2139.70" sx="M,M,F,M"/><TAIKYOKU oya="0"/><INIT seed="0,0,0,1,2,35" ten="250,250,250,250" oya="0" hai0="105,99,23,120,43,3,18,30,28,33,73,26,87" hai1="38,31,2,107,115,15,84,76,42,46,14,49,61" hai2="34,88,77,0,74,131,21,48,108,41,95,106,97" hai3="16,51,75,86,124,85,129,111,98,133,9,126,66"/><T127/><D120/><U78/><E107/><V47/><F34/><W91/><G91/><T134/><BYE who="3" /><D73/><UN n3="%70%68%65%6E%6F%6D%65" /><U22/><E115/><V29/><F108/><W62/><G75/><T93/><D134/><U60/><E2/><V117/><F117/><W72/><G72/><T94/><D127/><N who="3" m="48681" /><G111/><T123/><D123/><U118/><E118/><V50/><F131/><W69/><G133/><T125/><D125/><U8/><E38/><V19/><F29/><W65/><G129/><T132/><D132/><U68/><E68/><V135/><F135/><W56/><G98/><T11/><D43/><U17/><E31/><V81/><F106/><W103/><G103/><N who="0" m="62719" /><D28/><U112/><E112/><V79/><F79/><N who="1" m="30249" /><E84/><N who="3" m="32362" /><G51/><T114/><D87/><U45/><E46/><V59/><F59/><W130/><G130/><T1/><D114/><U90/><E90/><V52/><F50/><W57/><G66/><T7/><D1/><U32/><E32/><V5/><F0/><W58/><G58/><T96/><D96/><U101/><E101/><V70/><F70/><W80/><G80/><T119/><D119/><U128/><E128/><V12/><REACH who="2" step="1"/><F5/><AGARI ba="0,0" hai="5,8,14,15,17,22,42,45,49,60,61" m="30249" machi="5" ten="30,1000,0" yaku="8,1" doraHai="35" who="1" fromWho="2" sc="250,0,250,10,250,-10,250,0" /><INIT seed="1,0,0,5,3,37" ten="250,260,240,250" oya="1" hai0="97,126,127,87,9,50,134,70,130,5,63,59,111" hai1="125,101,116,45,14,113,108,0,48,42,30,68,10" hai2="104,119,35,131,40,109,88,13,92,93,85,135,89" hai3="69,105,120,47,118,49,19,21,121,77,24,52,33"/><U4/><E113/><V96/><F35/><W114/><G114/><T34/><D111/><U100/><E116/><V53/><F119/><W117/><G118/><T79/><D130/><U23/><E125/><N who="0" m="47625" /><D134/><U64/><E108/><V75/><F135/><W71/><G117/><T11/><D34/><U32/><E68/><V123/><F123/><W15/><G105/><T62/><D97/><U6/><E64/><V7/><F75/><W60/><G77/><T72/><D72/><U80/><E80/><V133/><F109/><W98/><G98/><T82/><D70/><U57/><E57/><V16/><F7/><W54/><G71/><T102/><D102/><U51/><E51/><V110/><F104/><W31/><REACH who="3" step="1"/><G54/><REACH who="3" ten="250,260,240,240" step="2"/><N who="0" m="32215" /><D11/><U56/><E10/><N who="2" m="6199" /><F110/><W86/><G86/><T3/><AGARI ba="0,1" hai="3,5,9,62,63,79,82,87" m="32215,47625" machi="3" ten="30,1100,0" yaku="18,1" doraHai="37" who="0" fromWho="0" sc="250,21,260,-5,240,-3,240,-3" /><INIT seed="2,0,0,5,2,96" ten="271,255,237,237" oya="2" hai0="45,42,85,35,54,41,78,17,1,55,100,117,97" hai1="66,76,40,70,25,50,46,6,39,7,74,89,51" hai2="132,68,110,30,31,73,135,33,38,65,115,131,63" hai3="11,15,91,103,10,71,82,69,36,114,90,95,106"/><V8/><F115/><W83/><G36/><T44/><D35/><U99/><E74/><V47/><F73/><W84/><G114/><T113/><D113/><U27/><E76/><V5/><F131/><W80/><G91/><T75/><D75/><U62/><E6/><V58/><F110/><W23/><G23/><T128/><D1/><U86/><E7/><V125/><F125/><W28/><G28/><T52/><D117/><U60/><E60/><V4/><F58/><W24/><G24/><T126/><D128/><U19/><E99/><V34/><F4/><W56/><G11/><T64/><D64/><U101/><E101/><V133/><F31/><W77/><G77/><T67/><D67/><U48/><REACH who="1" step="1"/><E19/><REACH who="1" ten="271,245,237,237" step="2"/><V87/><F87/><W129/><G103/><T107/><D17/><U118/><E118/><V12/><F30/><W9/><G129/><T53/><D78/><U3/><E3/><V93/><F93/><AGARI ba="0,1" hai="25,27,39,40,46,48,50,51,62,66,70,86,89,93" machi="93" ten="40,2600,0" yaku="1,1,53,1" doraHai="96" doraHaiUra="81" who="1" fromWho="2" sc="271,0,245,36,237,-26,237,0" /><INIT seed="3,0,0,3,0,57" ten="271,281,211,237" oya="3" hai0="32,20,37,29,63,119,120,96,54,67,58,43,3" hai1="82,100,75,83,34,101,21,123,64,22,60,77,110" hai2="42,7,39,84,70,94,11,90,38,12,95,88,17" hai3="108,9,129,48,36,85,106,87,59,93,121,130,128"/><W104/><G121/><T131/><D120/><U124/><E34/><V122/><F122/><W81/><G36/><T27/><D119/><U26/><E123/><V127/><F127/><W115/><G115/><T2/><D131/><U23/><E110/><V117/><F117/><W0/><G108/><T78/><D78/><U6/><E124/><V102/><F102/><W30/><G30/><T107/><D20/><U74/><E26/><V13/><F70/><W113/><G113/><T103/><REACH who="0" step="1"/><D54/><REACH who="0" ten="261,281,211,237" step="2"/><U33/><E33/><V24/><F42/><W118/><G118/><T125/><D125/><U79/><E6/><V35/><F35/><W50/><G129/><T41/><D41/><U4/><E4/><V8/><REACH who="2" step="1"/><F24/><REACH who="2" ten="261,281,201,237" step="2"/><W1/><G128/><T56/><D56/><AGARI ba="0,2" hai="21,22,23,56,60,64,74,75,77,79,82,83,100,101" machi="56" ten="40,2600,0" yaku="9,1,52,1" doraHai="57" who="1" fromWho="0" sc="261,-26,281,46,201,0,237,0" owari="235,-16.5,327,42.7,201,-29.9,237,3.7" /></mjloggm>