<mjloggm ver="2.3"><GO type="225" lobby="0"/><UN n0="%E7%9A%AE%E3%80%85" n1="%E3%83%96%E3%83%83%E3%83%91%E3%82%AA%E3%83%96%E3%83%81%E3%82%AD%E3%83%B3" n2="%E9%A6%AC%E5%BC%95%E7%81%AB%33" n3="%77%72%77%72%77%72%77%72" dan="16,16,16,16" rate="2116.50,2201.21,2120.77,2101.76" sx="F,M,M,M"/><TAIKYOKU oya="0"/><INIT seed="0,0,0,5,1,4" ten="250,250,250,250" oya="0" hai0="113,72,34,101,93,134,25,109,99,71,133,33,75" hai1="67,111,115,106,53,61,130,103,108,1,0,76,107" hai2="49,37,122,127,94,85,3,5,118,35,52,27,32" hai3="26,129,39,2,16,57,131,132,100,8,119,74,73"/><T66/><D113/><U117/><E117/><V54/><F122/><W58/><G119/><T23/><D109/><N who="1" m="42059" /><E115/><V48/><F37/><W89/><G39/><T124/><D124/><U19/><E130/><N who="3" m="49674" /><G100/><T30/><D23/><U10/><E76/><V47/><F118/><W56/><G132/><T59/><D59/><N who="1" m="35055" /><E67/><V114/><F114/><W36/><G36/><T41/><D41/><U42/><E42/><V128/><F128/><W40/><G40/><T69/><D34/><U82/><E82/><V126/><F32/><W90/><G2/><N who="1" m="1130" /><E103/><V24/><F35/><W125/><G125/><T97/><D97/><U9/><E19/><V60/><F60/><W28/><G28/><T46/><D46/><U31/><E31/><V62/><F62/><W88/><G26/><T13/><D13/><AGARI ba="0,0" hai="8,13,16,56,57,58,73,74,88,89,90" m="49674" machi="13" ten="40,8000,1" yaku="19,1,52,1,54,2" doraHai="4" who="3" fromWho="0" sc="250,-80,250,0,250,0,250,80" /><INIT seed="1,0,0,3,4,119" ten="170,250,250,330" oya="1" hai0="88,15,32,27,12,108,85,65,72,67,91,25,21" hai1="78,2,0,5,110,14,4,50,31,129,111,60,38" hai2="107,84,59,120,121,56,42,103,134,34,57,19,69" hai3="118,3,87,70,90,117,93,66,55,75,11,127,92"/><U1/><E38/><V13/><F69/><W71/><G75/><T132/><D72/><U102/><E78/><V18/><F34/><W133/><G133/><T125/><D132/><U94/><E60/><V101/><F134/><W99/><G127/><T49/><D125/><U22/><E50/><V126/><F126/><W46/><G66/><T98/><D108/><N who="1" m="41515" /><E102/><V106/><F42/><W7/><G55/><T48/><D32/><U36/><E36/><V81/><F103/><W26/><G26/><T105/><D105/><U10/><E94/><V128/><F128/><W122/><G122/><T97/><D21/><U135/><E135/><V54/><F54/><W45/><G45/><T73/><D73/><U44/><E44/><V58/><F58/><W24/><G24/><T77/><D77/><U17/><E129/><V29/><F107/><W51/><G51/><T68/><D68/><U6/><E31/><V61/><F61/><W23/><G46/><T116/><REACH who="0" step="1"/><D85/><REACH who="0" ten="160,250,250,330" step="2"/><U114/><E114/><V86/><F86/><W95/><G70/><T33/><D33/><U96/><E96/><V40/><F84/><W130/><G71/><T47/><D47/><U76/><E76/><V100/><F106/><W52/><G130/><T83/><D83/><U41/><E41/><V62/><F81/><N who="3" m="49519" /><G99/><T115/><D115/><U124/><E124/><V37/><F40/><W109/><G109/><T43/><D43/><U30/><E30/><V74/><F29/><W64/><G118/><AGARI ba="0,1" hai="12,15,25,27,48,49,65,67,88,91,97,98,116,118" machi="118" ten="25,6400,0" yaku="1,1,22,2,54,1,53,0" doraHai="119" doraHaiUra="80" who="0" fromWho="3" sc="160,74,250,0,250,0,330,-64" /><INIT seed="2,0,0,5,4,10" ten="234,250,250,266" oya="2" hai0="45,57,77,46,107,99,110,22,56,40,115,35,75" hai1="135,59,20,18,81,90,117,112,70,93,62,55,95" hai2="129,101,42,29,39,63,120,82,1,106,105,5,118" hai3="19,64,67,119,121,84,89,25,71,131,6,79,122"/><V130/><F118/><W49/><G119/><T28/><D115/><U123/><E117/><V111/><F120/><W100/><G131/><N who="2" m="50185" /><F29/><W113/><G113/><T14/><D35/><U116/><E116/><V52/><F101/><W50/><G100/><T61/><D110/><U69/><E112/><V31/><F31/><W13/><G79/><T53/><D57/><U97/><E123/><V127/><F127/><W124/><G124/><T126/><D126/><U37/><E135/><V91/><F111/><W54/><G71/><T12/><D75/><U128/><E128/><V21/><F21/><N who="3" m="13503" /><G50/><N who="0" m="26919" /><D107/><U8/><E37/><V80/><F5/><W134/><G134/><T2/><D2/><U0/><E81/><N who="2" m="31339" /><F91/><W16/><G6/><T108/><D108/><U73/><E73/><V30/><F30/><W102/><G102/><T96/><D77/><U43/><E95/><V78/><F78/><W88/><G122/><T132/><D46/><U44/><E0/><V114/><F1/><W76/><G121/><T48/><D48/><N who="1" m="26655" /><E8/><V9/><F9/><N who="3" m="6191" /><G76/><T104/><D104/><U85/><E85/><V15/><F114/><W11/><G11/><T87/><D132/><U60/><E60/><V133/><F133/><W51/><G51/><T34/><D87/><U32/><E32/><V83/><F106/><W125/><G125/><T38/><D34/><U103/><E103/><V92/><F39/><W24/><G89/><T65/><D38/><U72/><E72/><V86/><F105/><W3/><G3/><T94/><D94/><U17/><E20/><V4/><F92/><N who="3" m="54279" /><G24/><N who="0" m="16407" /><D65/><N who="1" m="41143" /><E70/><V68/><F68/><RYUUKYOKU ba="0,0" sc="234,10,250,10,250,-30,266,10" hai0="12,14,53,56,61,96,99" hai1="17,18,55,59,90,93,97" hai3="49,54,64,67" /><INIT seed="3,1,0,2,0,24" ten="244,260,220,276" oya="3" hai0="3,10,54,75,23,88,34,61,76,116,31,128,95" hai1="13,72,47,77,27,45,55,38,99,67,22,81,56" hai2="20,52,11,44,126,25,117,92,73,131,53,4,114" hai3="121,18,94,62,74,106,89,90,30,91,66,37,69"/><W85/><G121/><T41/><D116/><U86/><E38/><V102/><F114/><W103/><G74/><T39/><D128/><U120/><E120/><V107/><F117/><W35/><G37/><T100/><D100/><U68/><E72/><V5/><F73/><W127/><G18/><T96/><D34/><U104/><E68/><V36/><F107/><W110/><G110/><T2/><D10/><U115/><E115/><V83/><F83/><W87/><G87/><T111/><D111/><U29/><E67/><V64/><F64/><W15/><G15/><T122/><D122/><U129/><E129/><V6/><F11/><W133/><G133/><T109/><D109/><U21/><E104/><V93/><F131/><W118/><G127/><T135/><D135/><U101/><E99/><V79/><F79/><W84/><G84/><T65/><D54/><U123/><E101/><V82/><F82/><W71/><G71/><T12/><D76/><U113/><E113/><V19/><F126/><W130/><G118/><T46/><D75/><U97/><E97/><V59/><F102/><W58/><G58/><T80/><D80/><U49/><E123/><V98/><F98/><N who="3" m="61815" /><G130/><T48/><D39/><U119/><E119/><V63/><F36/><W7/><G7/><T70/><D12/><U9/><E22/><V112/><F112/><W124/><G124/><T28/><REACH who="0" step="1"/><D23/><REACH who="0" ten="234,260,220,276" step="2"/><U42/><E42/><V17/><F53/><W108/><G108/><T50/><D50/><U16/><AGARI ba="1,1" hai="9,13,16,21,27,29,45,47,49,55,56,77,81,86" machi="16" ten="20,8000,1" yaku="0,1,7,1,8,1,52,1,54,1" doraHai="24" who="1" fromWho="1" sc="234,-21,260,93,220,-21,276,-41" owari="213,-18.7,353,45.3,199,-30.1,235,3.5" /></mjloggm>