<mjloggm ver="2.3"><GO type="225" lobby="0"/><UN n0="%33%74%72%65%65" n1="%E3%83%B4%E3%83%A0%EF%BC%99%E3%81%A6" n2="%E3%81%8B%E3%82%8F%E3%81%A1%E3%82%83%E3%82%93%35%38" n3="%E3%83%A9%E3%82%B9%E7%8E%87%EF%BC%93%E5%89%B2" dan="17,16,16,17" rate="2210.94,2192.89,2124.34,2213.07" sx="F,M,M,F"/><TAIKYOKU oya="0"/><INIT seed="0,0,0,0,3,82" ten="250,250,250,250" oya="0" hai0="123,113,21,48,132,58,57,16,133,3,26,10,127" hai1="111,52,120,106,28,0,55,30,18,5,7,110,74" hai2="89,116,103,87,38,17,92,6,11,44,95,90,32" hai3="53,101,107,22,41,94,51,108,73,118,23,47,68"/><T75/><D113/><U100/><E74/><V102/><F116/><W128/><G118/><T71/><D123/><U80/><E120/><V13/><F32/><W33/><G33/><T49/><D71/><U86/><E18/><V129/><F129/><W35/><G35/><T83/><D127/><U112/><E112/><V67/><F67/><W36/><G107/><T42/><D75/><U125/><E106/><V64/><F64/><W20/><G108/><N who="1" m="41514" /><E100/><V85/><F38/><W14/><G68/><T12/><D3/><U50/><E125/><V63/><F63/><W66/><G66/><T69/><D69/><U124/><E55/><V8/><REACH who="2" step="1"/><F44/><REACH who="2" ten="250,250,240,250" step="2"/><W84/><G128/><T88/><D133/><U62/><E62/><V1/><AGARI ba="0,1" hai="1,6,8,11,13,17,85,87,89,90,92,95,102,103" machi="1" ten="20,12000,2" yaku="1,1,2,1,0,1,7,1,9,1,52,2,53,0" doraHai="82" doraHaiUra="43" who="2" fromWho="2" sc="250,-60,250,-30,240,130,250,-30" /><INIT seed="1,0,0,2,2,124" ten="190,220,370,220" oya="1" hai0="88,60,57,26,7,3,20,100,93,16,49,14,81" hai1="51,70,11,5,59,91,84,15,71,77,31,85,30" hai2="122,1,48,116,103,108,92,6,126,110,87,113,46" hai3="121,72,35,9,134,106,118,115,112,19,97,47,55"/><U129/><E70/><V17/><F116/><W41/><G35/><T117/><D117/><U74/><E71/><V130/><F122/><W67/><G72/><T64/><D3/><U86/><E74/><V44/><F126/><W73/><G73/><T123/><D123/><U50/><E77/><V98/><F113/><W109/><G67/><T83/><D100/><U45/><E129/><V89/><F130/><W132/><G19/><T68/><D68/><U90/><E59/><V69/><F69/><W128/><G9/><N who="0" m="4415" /><D49/><U37/><E37/><V29/><F29/><N who="1" m="10761" /><E51/><V52/><F17/><W62/><G121/><T54/><D64/><U133/><E133/><V63/><F63/><W120/><G120/><T107/><D107/><U39/><E39/><V79/><F79/><W75/><G106/><T99/><AGARI ba="0,0" hai="16,20,26,54,57,60,81,83,88,93,99" m="4415" machi="99" ten="30,7900,0" yaku="25,1,8,1,54,2" doraHai="124" who="0" fromWho="0" sc="190,79,220,-39,370,-20,220,-20" /><INIT seed="2,0,0,0,3,2" ten="269,181,350,200" oya="2" hai0="111,12,15,129,54,135,63,16,125,28,9,18,110" hai1="65,127,21,105,17,24,69,10,82,96,45,90,94" hai2="122,14,39,74,114,56,134,61,30,104,57,20,52" hai3="131,66,118,77,4,0,27,92,68,70,60,101,116"/><V128/><F114/><W8/><G131/><T7/><D129/><U50/><E127/><V19/><F128/><W36/><G36/><T115/><D115/><U112/><E112/><V126/><F122/><W55/><G77/><T53/><D125/><U84/><E105/><V109/><F126/><W89/><G101/><T32/><D135/><U93/><E69/><V6/><F74/><W106/><G106/><T33/><D63/><U130/><E130/><V49/><F39/><W25/><G68/><T95/><D95/><U31/><E65/><V1/><F104/><W97/><REACH who="3" step="1"/><G55/><REACH who="3" ten="269,181,350,190" step="2"/><T121/><D54/><N who="1" m="30031" /><E96/><V119/><F52/><W29/><G29/><T43/><D53/><U64/><E64/><V40/><F30/><W46/><G46/><T44/><D44/><U58/><E58/><V87/><F57/><W35/><G35/><T71/><D71/><U124/><E124/><V72/><F56/><W34/><G34/><T67/><D67/><U91/><E91/><V62/><F134/><W38/><G38/><T132/><D132/><U42/><E42/><V133/><F133/><W3/><G3/><N who="0" m="255" /><D43/><U81/><E81/><V37/><F40/><W23/><G23/><N who="0" m="11655" /><D32/><U73/><E73/><V22/><F37/><W51/><G51/><T85/><D33/><U88/><E90/><V11/><F72/><W120/><G120/><T108/><D28/><U83/><E83/><V117/><F1/><W26/><AGARI ba="0,1" hai="0,4,8,25,26,27,60,66,70,89,92,97,116,118" machi="26" ten="30,4000,0" yaku="1,1,0,1,52,1,53,0" doraHai="2" doraHaiUra="103" who="3" fromWho="3" sc="269,-10,181,-10,350,-20,190,50" /><INIT seed="3,0,0,1,4,91" ten="259,171,330,240" oya="3" hai0="66,124,130,6,2,48,27,129,93,70,4,90,34" hai1="82,80,132,16,101,64,89,68,9,78,118,41,14" hai2="127,97,63,0,123,45,87,114,59,42,22,26,115" hai3="99,128,17,57,58,88,29,134,105,77,60,10,85"/><W38/><G38/><T116/><D116/><U7/><E118/><V30/><F0/><W61/><G128/><N who="0" m="49259" /><D124/><U18/><E132/><V76/><F127/><W106/><G134/><T40/><D2/><U95/><E101/><V39/><F123/><W15/><G29/><N who="0" m="19775" /><D66/><U69/><E41/><V135/><F135/><W56/><G77/><T98/><D70/><U49/><E49/><V92/><F87/><W67/><G99/><T44/><AGARI ba="0,0" hai="4,6,40,44,48,90,93,98" m="19775,49259" machi="44" ten="30,2000,0" yaku="19,1,52,1" doraHai="91" who="0" fromWho="0" sc="259,20,171,-5,330,-5,240,-10" owari="279,7.9,166,-33.4,325,42.5,230,-17.0" /></mjloggm>