<mjloggm ver="2.3"><GO type="225" lobby="0"/><UN n0="%E6%81%A5%E6%99%92%E3%81%97" n1="%E3%83%81%E3%83%83%E3%82%BF%E3%82%BD%E3%83%BC" n2="%E7%BD%AA%E5%88%91%E6%B3%95%E5%AE%9A%E4%B8%BB%E7%BE%A9" n3="%E6%A1%9C%E8%8A%B1%E9%96%83%E3%80%85" dan="16,16,17,16" rate="2071.57,2115.56,2204.65,2166.01" sx="M,F,M,M"/><TAIKYOKU oya="0"/><INIT seed="0,0,0,4,5,36" ten="250,250,250,250" oya="0" hai0="76,102,97,107,43,22,93,21,58,132,124,68,40" hai1="71,127,123,4,99,33,46,75,95,62,59,100,53" hai2="10,8,39,84,12,133,44,74,67,56,94,96,135" hai3="48,85,61,1,15,109,66,131,63,25,129,38,91"/><T6/><D68/><U28/><E127/><V29/><F74/><W16/><G1/><T11/><D124/><U42/><E123/><V13/><F29/><W89/><G38/><T86/><D132/><N who="2" m="50762" /><F84/><W108/><G25/><T27/><D58/><U125/><E125/><V92/><F67/><W50/><G50/><T98/><D98/><U104/><E75/><V77/><F77/><W47/><G63/><T111/><D111/><N who="3" m="42569" /><G61/><T2/><D22/><U73/><E73/><V128/><F56/><W101/><G101/><T35/><D35/><U110/><E110/><V23/><F23/><N who="3" m="11679" /><G66/><T79/><D107/><U0/><E71/><V83/><F128/><N who="3" m="49227" /><G85/><T112/><D86/><U7/><E0/><V57/><F57/><W55/><AGARI ba="0,0" hai="47,48,55,89,91" m="49227,11679,42569" machi="55" ten="30,4000,0" yaku="14,1,19,1,54,1" doraHai="36" who="3" fromWho="3" sc="250,-20,250,-10,250,-10,250,40" /><INIT seed="1,0,0,1,0,13" ten="230,240,240,290" oya="1" hai0="18,93,57,82,83,53,73,77,39,68,89,117,29" hai1="24,7,97,121,3,21,131,98,105,23,38,104,22" hai2="9,31,118,65,66,15,64,91,87,10,123,85,106" hai3="78,114,88,115,51,41,125,44,14,134,72,67,52"/><U69/><E121/><V33/><F118/><W80/><G125/><T111/><D117/><U126/><E38/><V46/><F123/><W49/><G134/><T20/><D111/><U28/><E126/><V62/><F106/><W76/><G67/><T100/><D68/><U47/><E131/><V132/><F132/><W4/><G78/><T1/><D1/><U26/><E69/><V40/><F62/><W59/><REACH who="3" step="1"/><G88/><REACH who="3" ten="230,240,240,280" step="2"/><T60/><D100/><U25/><E28/><V107/><F91/><W58/><G58/><T70/><D70/><U27/><E47/><V45/><F31/><W94/><G94/><T56/><D29/><U133/><E133/><V17/><F107/><W122/><G122/><T120/><D120/><U103/><N who="1" m="6144" /><DORA hai="135" /><U11/><E105/><V61/><F46/><W116/><G116/><T113/><D57/><U71/><E71/><V12/><F66/><W37/><G37/><T55/><D39/><U128/><E128/><V34/><F65/><W95/><G95/><T86/><D93/><U96/><AGARI ba="0,1" hai="3,7,11,21,22,23,96,97,98,103,104" m="6144" machi="96" ten="50,2400,0" yaku="0,1" doraHai="13,135" who="1" fromWho="1" sc="230,-8,240,34,240,-8,280,-8" /><INIT seed="1,1,0,1,3,65" ten="222,274,232,272" oya="1" hai0="38,2,1,82,114,93,108,124,36,26,128,127,47" hai1="109,37,41,76,113,99,48,20,10,100,105,68,104" hai2="96,118,53,81,74,9,110,52,116,30,79,50,29" hai3="55,103,60,123,101,12,15,35,39,5,43,77,13"/><U31/><E113/><V25/><F110/><W120/><G35/><T17/><D114/><U69/><E105/><V27/><F9/><W3/><G77/><T112/><D112/><U88/><E76/><V130/><F130/><W125/><G3/><T66/><D128/><U56/><E109/><V119/><F96/><W84/><G5/><T131/><D131/><U24/><E10/><V91/><F91/><W4/><G4/><T6/><D108/><U11/><E11/><V117/><N who="2" m="29696" /><DORA hai="32" /><V71/><F71/><W115/><G84/><T23/><D66/><U111/><E111/><V40/><F40/><W34/><G34/><T85/><D93/><U83/><E37/><N who="0" m="14441" /><D47/><U46/><REACH who="1" step="1"/><E56/><REACH who="1" ten="222,264,232,272" step="2"/><V78/><F78/><W19/><G115/><T18/><D6/><U14/><E14/><V97/><F79/><W92/><G12/><T133/><D133/><U33/><E33/><V89/><F74/><W21/><G13/><T61/><D2/><U22/><E22/><V132/><F132/><W90/><G15/><T86/><D1/><U57/><E57/><V122/><F122/><W45/><G123/><T102/><D23/><U64/><E64/><V94/><F25/><W54/><G21/><T73/><D26/><U134/><E134/><V72/><F27/><W16/><G120/><T126/><D124/><U95/><E95/><V42/><F72/><W44/><G125/><T135/><D126/><U49/><E49/><V63/><F50/><W7/><G39/><T58/><D135/><U75/><E75/><V98/><F94/><W51/><G92/><T28/><D127/><RYUUKYOKU ba="1,1" sc="222,-10,264,30,232,-10,272,-10" hai1="20,24,31,41,46,48,68,69,83,88,99,100,104" /><INIT seed="1,2,1,0,0,99" ten="212,294,222,262" oya="1" hai0="5,89,120,110,62,59,47,115,32,61,117,130,103" hai1="22,66,95,76,68,134,106,18,123,13,127,25,64" hai2="9,30,16,70,107,4,44,93,7,65,20,15,125" hai3="67,90,92,135,46,29,74,0,129,111,88,43,17"/><U14/><E106/><V39/><F107/><W26/><G111/><T97/><D115/><U72/><E123/><V54/><F125/><W53/><G135/><T38/><D117/><U19/><E127/><V118/><F118/><W83/><G129/><T101/><D110/><U35/><E134/><V82/><F93/><W63/><G0/><T91/><D32/><U60/><E64/><V58/><F70/><W55/><G17/><T40/><D130/><U87/><E35/><V42/><F65/><W48/><G74/><T56/><D120/><U3/><E3/><V112/><F112/><W2/><G2/><T116/><D5/><U34/><E34/><V133/><F133/><W105/><G83/><T108/><D116/><U10/><E72/><V11/><F82/><W50/><G105/><T124/><D108/><U37/><E37/><V1/><F30/><W12/><G12/><T52/><D124/><U114/><E114/><V45/><F45/><N who="3" m="27855" /><G43/><T23/><D23/><U73/><E73/><V57/><REACH who="2" step="1"/><F54/><REACH who="2" ten="212,294,212,262" step="2"/><W41/><G92/><T78/><D78/><U80/><E95/><V79/><F79/><W102/><G55/><T109/><D109/><U84/><E76/><V119/><F119/><W49/><G46/><T75/><D75/><U69/><E68/><V121/><F121/><W98/><G67/><T85/><D52/><U21/><E80/><V94/><F94/><W113/><G113/><T28/><D28/><AGARI ba="2,2" hai="10,13,14,18,19,21,22,25,28,60,66,69,84,87" machi="28" ten="30,1500,0" yaku="7,1" doraHai="99" who="1" fromWho="0" sc="212,-21,294,41,212,0,262,0" /><INIT seed="1,3,0,1,4,111" ten="191,335,212,262" oya="1" hai0="95,56,5,24,133,108,113,81,115,18,65,19,20" hai1="129,47,94,2,101,88,40,21,46,54,66,32,80" hai2="1,135,60,8,62,51,128,90,63,33,22,9,127" hai3="30,43,23,117,130,84,105,42,57,98,134,55,87"/><U100/><E129/><V7/><F33/><W71/><G71/><T36/><D36/><U114/><E32/><V118/><F118/><W0/><G0/><T49/><D108/><U132/><E132/><V106/><F128/><W14/><G130/><T31/><D133/><U126/><E126/><V34/><F135/><W102/><G134/><T78/><D5/><U26/><E114/><V92/><F34/><W104/><G104/><T6/><D6/><U59/><E66/><V109/><F109/><W27/><G117/><T16/><D95/><U41/><E80/><V112/><F106/><W17/><G43/><N who="1" m="16458" /><E2/><V38/><F38/><W77/><G42/><T103/><D103/><N who="1" m="39499" /><E59/><V13/><F127/><W73/><G77/><T52/><REACH who="0" step="1"/><D65/><REACH who="0" ten="181,335,212,262" step="2"/><U89/><E54/><V83/><F92/><W93/><G105/><T79/><D79/><U120/><E120/><V61/><F7/><W91/><G102/><T116/><D116/><U35/><E89/><V82/><F90/><W64/><G64/><T124/><D124/><U4/><E4/><V86/><F1/><W96/><G91/><T75/><AGARI ba="3,1" hai="16,18,19,20,24,31,49,52,56,75,78,81,113,115" machi="75" ten="30,12000,2" yaku="1,1,0,1,52,2,54,2,53,0" doraHai="111" doraHaiUra="85" who="0" fromWho="0" sc="181,139,335,-63,212,-33,262,-33" /><INIT seed="2,0,0,5,5,58" ten="320,272,179,229" oya="2" hai0="76,85,119,62,110,16,1,94,14,113,116,122,120" hai1="17,49,5,11,38,91,117,12,104,87,75,92,99" hai2="115,109,39,28,6,83,35,64,111,40,36,13,100" hai3="30,42,29,80,37,27,69,103,21,25,34,15,50"/><V24/><F115/><W20/><G37/><T130/><D113/><U102/><E117/><N who="0" m="45129" /><D110/><N who="2" m="41994" /><F100/><W63/><G103/><T26/><D130/><U2/><E38/><N who="2" m="14379" /><F40/><W112/><G112/><T121/><D1/><U72/><E49/><V51/><F51/><W97/><G97/><T81/><D94/><U124/><E124/><V127/><F127/><W105/><G105/><T0/><D0/><U44/><E44/><V89/><F64/><W88/><G34/><T59/><D26/><U23/><AGARI ba="0,0" hai="2,5,11,12,17,23,72,75,87,91,92,99,102,104" machi="23" ten="20,1500,0" yaku="0,1,7,1" doraHai="58" who="1" fromWho="1" sc="320,-4,272,15,179,-7,229,-4" /><INIT seed="3,0,0,1,4,85" ten="316,287,172,225" oya="3" hai0="63,83,29,16,61,101,1,20,22,93,75,86,97" hai1="82,111,90,66,131,11,103,5,26,53,25,92,116" hai2="42,133,89,37,77,19,69,91,10,60,59,123,79" hai3="50,21,13,52,104,94,6,76,14,98,9,0,120"/><W44/><G120/><T132/><D132/><U68/><E111/><V135/><F69/><W78/><G104/><T129/><D129/><U24/><E131/><V34/><F34/><W72/><G72/><T84/><D1/><U23/><E116/><V33/><F33/><W35/><G35/><T100/><D100/><U4/><E103/><V81/><F42/><W113/><G113/><T15/><D75/><U38/><E38/><V39/><F10/><W102/><REACH who="3" step="1"/><G0/><REACH who="3" ten="316,287,172,215" step="2"/><T112/><D112/><U128/><E128/><V108/><F123/><W8/><G8/><T3/><D3/><U127/><E11/><V7/><F108/><W30/><G30/><T54/><D29/><U99/><E23/><V80/><F7/><W64/><G64/><T118/><D22/><U18/><E5/><V51/><F19/><AGARI ba="0,1" hai="6,9,13,14,19,21,44,50,52,76,78,94,98,102" machi="19" ten="40,12000,1" yaku="1,1,8,1,54,1,53,1" doraHai="85" doraHaiUra="17" who="3" fromWho="2" sc="316,0,287,0,172,-120,215,130" owari="316,11.6,287,-11.3,52,-44.8,345,44.5" /></mjloggm>