<mjloggm ver="2.3"><GO type="225" lobby="0"/><UN n0="%E7%99%BD%E5%80%89%E5%AF%9B%E4%B9%8B" n1="%E3%81%94%E3%83%BC%E3%81%A9%E3%82%93" n2="%E3%83%B4%E3%82%A3%E3%83%AF%E3%82%B3%E3%82%B0%E3%83%8B" n3="%E3%81%99%E3%81%84%E3%81%BE%E3%81%9B%E3%83%BC%E3%82%93" dan="16,16,17,18" rate="2136.61,2096.19,2216.15,2256.52" sx="M,M,M,M"/><TAIKYOKU oya="0"/><INIT seed="0,0,0,1,5,79" ten="250,250,250,250" oya="0" hai0="15,65,84,22,43,119,32,57,121,93,41,103,48" hai1="8,116,2,113,24,52,36,25,45,126,53,133,19" hai2="6,31,127,68,10,88,101,80,62,87,112,54,74" hai3="46,130,123,73,33,26,64,109,11,40,81,30,56"/><T20/><D32/><U131/><E116/><V38/><F127/><W75/><G109/><T128/><D119/><U44/><E126/><V94/><F112/><W14/><G130/><T7/><D128/><U97/><E131/><V63/><F38/><W108/><G108/><T37/><D37/><U9/><E113/><V3/><F31/><W117/><G117/><T51/><D121/><U76/><E133/><V29/><F29/><W34/><G34/><T82/><D93/><U100/><E76/><V115/><F115/><W114/><G123/><T49/><D103/><U5/><E24/><V39/><F39/><W89/><G114/><T78/><D65/><U55/><E36/><V134/><F134/><W111/><G111/><T59/><D7/><U95/><REACH who="1" step="1"/><E9/><REACH who="1" ten="250,240,250,250" step="2"/><V71/><F10/><W105/><G26/><T12/><D22/><AGARI ba="0,1" hai="2,5,8,19,22,25,44,45,52,53,55,95,97,100" machi="22" ten="40,5200,0" yaku="1,1,2,1,54,1,53,0" doraHai="79" doraHaiUra="120" who="1" fromWho="0" sc="250,-52,240,62,250,0,250,0" /><INIT seed="1,0,0,4,0,112" ten="198,302,250,250" oya="1" hai0="62,115,109,24,0,52,129,67,107,39,66,85,124" hai1="101,31,97,35,21,38,130,106,46,84,122,80,114" hai2="127,57,120,104,86,51,134,100,32,26,49,81,55" hai3="102,78,12,89,75,93,135,111,96,92,90,15,72"/><U4/><E114/><V19/><F120/><W99/><G135/><T91/><D115/><U132/><E122/><V113/><F134/><W47/><G111/><T17/><D107/><U105/><E132/><V53/><F127/><W119/><G47/><T118/><D0/><U7/><E35/><V11/><F113/><W79/><REACH who="3" step="1"/><G102/><REACH who="3" ten="198,302,250,240" step="2"/><T37/><D109/><U56/><E46/><V6/><F100/><W83/><G83/><T88/><D124/><U68/><E80/><V8/><F81/><W3/><G3/><T22/><D129/><U20/><E101/><V40/><F104/><W65/><G65/><N who="0" m="24587" /><D39/><U54/><E130/><V117/><F55/><W74/><G74/><T16/><D37/><U9/><E38/><V82/><F82/><W60/><G60/><T116/><D116/><AGARI ba="0,1" hai="12,15,72,75,78,79,89,90,92,93,96,99,116,119" machi="116" ten="25,8000,1" yaku="1,1,22,2,52,2,53,0" doraHai="112" doraHaiUra="76" who="3" fromWho="0" sc="198,-80,302,0,250,0,240,90" /><INIT seed="2,0,0,3,3,49" ten="118,302,250,330" oya="2" hai0="112,69,107,25,42,30,14,57,27,72,120,5,1" hai1="52,131,16,116,61,17,20,28,132,54,125,90,4" hai2="109,37,41,108,48,128,40,82,126,45,124,91,18" hai3="100,92,58,6,122,38,3,36,84,106,35,121,13"/><V133/><F133/><W119/><G119/><T33/><D69/><U104/><E116/><V113/><F113/><W77/><G35/><T76/><D107/><U19/><E132/><V81/><F128/><W60/><G3/><T53/><D120/><U85/><E104/><V46/><F18/><W70/><G70/><T0/><D112/><U103/><E131/><V44/><F44/><W86/><G106/><T59/><D42/><U102/><E125/><N who="2" m="48235" /><F91/><W101/><G38/><T62/><D27/><N who="1" m="16487" /><E4/><V110/><AGARI ba="0,0" hai="37,40,41,45,46,48,81,82,108,109,110" m="48235" machi="110" ten="40,7800,0" yaku="14,1,10,1,18,1" doraHai="49" who="2" fromWho="2" sc="118,-26,302,-26,250,78,330,-26" /><INIT seed="2,1,0,0,4,35" ten="92,276,328,304" oya="2" hai0="34,133,16,18,23,82,38,7,93,121,83,14,22" hai1="37,27,120,33,112,110,76,131,61,103,6,53,4" hai2="12,8,66,60,71,134,54,44,72,75,127,0,125" hai3="30,43,15,20,117,104,59,17,29,25,107,77,32"/><V111/><F134/><W57/><G117/><T119/><D38/><U81/><E112/><V129/><F129/><W1/><G30/><T100/><D34/><U48/><E131/><V126/><F111/><W3/><G77/><T113/><D113/><U96/><E110/><V19/><REACH who="2" step="1"/><F0/><REACH who="2" ten="92,276,318,304" step="2"/><W10/><G3/><T94/><D119/><U46/><E120/><V68/><F68/><W88/><G43/><T109/><D109/><U67/><E4/><V64/><F64/><W89/><G107/><T98/><D121/><U62/><E6/><V84/><F84/><W102/><G104/><T5/><D133/><U52/><E67/><V105/><F105/><W114/><G114/><T97/><REACH who="0" step="1"/><D14/><REACH who="0" ten="82,276,318,304" step="2"/><U24/><E27/><V73/><F73/><W74/><G74/><T58/><D58/><U78/><E24/><V86/><F86/><W13/><G13/><T130/><D130/><U51/><E33/><V116/><F116/><W56/><G1/><T135/><D135/><U49/><E46/><V63/><F63/><W40/><G32/><T55/><D55/><U106/><E37/><V39/><F39/><W101/><G40/><T45/><D45/><U122/><E122/><V132/><F132/><W79/><G59/><T28/><D28/><U85/><E62/><V90/><F90/><N who="3" m="34923" /><G57/><T69/><D69/><U42/><E61/><V11/><F11/><W36/><G36/><T99/><D99/><U65/><E53/><V26/><F26/><W87/><G56/><T95/><D95/><U128/><E52/><V21/><F21/><N who="3" m="15535" /><G10/><T9/><D9/><U118/><E118/><RYUUKYOKU ba="1,2" sc="82,10,276,-30,318,10,304,10" hai0="5,7,16,18,22,23,82,83,93,94,97,98,100" hai2="8,12,19,44,54,60,66,71,72,75,125,126,127" hai3="15,17,20,79,87,101,102" /><INIT seed="2,2,2,0,2,8" ten="92,246,328,314" oya="2" hai0="4,27,89,126,115,116,56,81,88,30,0,75,40" hai1="42,119,76,71,14,2,26,83,39,22,44,5,31" hai2="47,77,45,60,61,92,122,109,121,99,79,97,23" hai3="80,57,13,124,51,33,32,72,118,113,120,49,132"/><V70/><F70/><W86/><G118/><T82/><D116/><U127/><E119/><V55/><F109/><W11/><G120/><T34/><D115/><U54/><E127/><V62/><F121/><W133/><G72/><T35/><D126/><U12/><E71/><V94/><F122/><W48/><G124/><T131/><D131/><U65/><E65/><V19/><F99/><W10/><G57/><T85/><D0/><U98/><E54/><V24/><F92/><W58/><G58/><T112/><D112/><U46/><E46/><N who="2" m="17419" /><F55/><W129/><G129/><T18/><D4/><U7/><E98/><V50/><F50/><W111/><G111/><T17/><D40/><U102/><E102/><AGARI ba="2,2" hai="19,23,24,60,61,62,77,79,94,97,102" m="17419" machi="102" ten="30,1500,0" yaku="8,1" doraHai="8" who="2" fromWho="1" sc="92,0,246,-21,328,41,314,0" /><INIT seed="2,3,0,1,2,79" ten="92,225,369,314" oya="2" hai0="52,60,14,61,27,36,9,22,40,38,69,132,109" hai1="39,75,71,64,91,33,2,114,111,66,117,55,29" hai2="97,87,83,110,1,103,116,51,34,28,30,8,18" hai3="41,105,59,73,123,127,37,54,80,82,58,115,31"/><V4/><F116/><W42/><G123/><T133/><D109/><U108/><E114/><V21/><F34/><W48/><G105/><T53/><D69/><U126/><E117/><V68/><F68/><W47/><G115/><T10/><D14/><U44/><E2/><V100/><F51/><W32/><G73/><T72/><D22/><U88/><E75/><V0/><F110/><N who="1" m="42025" /><E126/><V102/><F97/><W124/><G42/><T17/><D40/><N who="1" m="22559" /><E55/><N who="0" m="21065" /><D17/><U23/><E33/><V131/><F131/><W122/><G122/><T125/><D27/><N who="1" m="16639" /><E71/><V107/><F107/><W6/><G6/><T104/><D72/><U85/><E91/><V121/><F0/><W86/><G59/><T106/><D106/><U93/><AGARI ba="3,0" hai="64,66,85,88,93" m="16639,22559,42025" machi="93" ten="30,2000,0" yaku="14,1,54,1" doraHai="79" who="1" fromWho="1" sc="92,-8,225,29,369,-13,314,-8" /><INIT seed="3,0,0,4,4,11" ten="84,254,356,306" oya="3" hai0="90,65,129,103,118,96,132,55,104,135,76,112,24" hai1="50,40,46,81,131,84,38,61,126,111,23,120,58" hai2="12,8,20,47,7,45,116,0,56,26,97,57,10" hai3="127,101,1,3,31,41,17,98,67,28,77,48,33"/><W53/><G127/><T113/><D55/><U54/><E111/><V128/><F116/><W119/><G119/><T123/><D24/><U91/><E126/><V115/><F115/><W34/><G41/><T25/><D25/><U92/><E131/><V2/><F128/><W78/><G67/><T95/><D65/><U85/><E23/><V18/><F0/><W19/><G98/><T108/><D129/><U36/><REACH who="1" step="1"/><E120/><REACH who="1" ten="84,244,356,306" step="2"/><V52/><F20/><W66/><G34/><T29/><D29/><U39/><E39/><V80/><F8/><W110/><G33/><T134/><D118/><U13/><E13/><V107/><F12/><W87/><G110/><T44/><D44/><U88/><AGARI ba="0,1" hai="36,38,40,46,50,54,58,61,81,84,85,88,91,92" machi="88" ten="20,5200,0" yaku="1,1,0,1,7,1,54,1,53,0" doraHai="11" doraHaiUra="125" who="1" fromWho="1" sc="84,-13,244,62,356,-13,306,-26" owari="71,-42.9,306,10.6,343,44.3,280,-12.0" /></mjloggm>