<mjloggm ver="2.3"><GO type="225" lobby="0"/><UN n0="%E4%BB%A3%E3%80%85%E6%9C%A8%E5%AF%BF%E4%BA%BA" n1="%E3%83%A9%E3%83%BC%E3%83%A1%E3%83%B3%E4%BA%94%E9%83%8E" n2="%33%74%72%65%65" n3="%E3%83%96%E3%83%83%E3%83%91%E3%82%AA%E3%83%96%E3%83%81%E3%82%AD%E3%83%B3" dan="16,16,17,16" rate="2136.53,2105.82,2227.33,2130.24" sx="M,M,F,M"/><TAIKYOKU oya="0"/><INIT seed="0,0,0,1,5,130" ten="250,250,250,250" oya="0" hai0="1,50,64,53,19,48,88,113,26,20,118,2,61" hai1="121,75,117,90,98,58,15,46,6,59,111,8,34" hai2="85,44,86,104,45,95,125,97,120,63,78,36,41" hai3="0,106,109,107,21,127,131,72,84,29,60,62,37"/><T3/><D113/><U9/><E117/><V52/><F120/><W38/><G72/><T123/><D118/><U12/><E121/><V122/><F122/><W128/><G0/><T33/><D123/><U132/><E75/><V108/><F108/><W7/><G7/><T57/><D33/><U114/><E111/><V135/><F135/><W96/><G109/><T43/><D43/><U81/><E34/><V65/><F104/><N who="3" m="39979" /><G96/><T100/><D100/><U54/><E114/><V94/><F125/><W11/><G84/><T69/><D1/><U124/><E124/><V66/><F94/><W42/><G11/><T134/><D134/><U30/><E30/><V18/><F18/><W25/><G42/><T49/><D49/><N who="1" m="28983" /><E132/><V39/><F66/><W14/><G14/><T16/><D50/><U5/><E98/><V27/><F27/><W112/><G112/><T13/><REACH who="0" step="1"/><D88/><REACH who="0" ten="240,250,250,250" step="2"/><U74/><E90/><V68/><F39/><N who="3" m="14859" /><G127/><T99/><D99/><U10/><E5/><V32/><F32/><W110/><G110/><T87/><D87/><U101/><E101/><V83/><F85/><W56/><G131/><T31/><D31/><U89/><E74/><V103/><F36/><W133/><G133/><T70/><D70/><U126/><E126/><V91/><F91/><W116/><G128/><T17/><D17/><N who="1" m="8327" /><E89/><V79/><F41/><W77/><G116/><T102/><D102/><U76/><E76/><V92/><F78/><W47/><G77/><T105/><D105/><U82/><E10/><AGARI ba="0,1" hai="2,3,10,13,16,19,20,26,48,53,57,61,64,69" machi="10" ten="30,5800,0" yaku="1,1,7,1,54,1,53,0" doraHai="130" doraHaiUra="24" who="0" fromWho="1" sc="240,68,250,-58,250,0,250,0" /><INIT seed="0,1,0,0,1,90" ten="308,192,250,250" oya="0" hai0="18,8,36,76,44,123,23,17,40,100,109,27,9" hai1="128,48,13,51,41,46,3,54,7,56,78,58,68" hai2="49,130,43,112,33,37,105,126,122,99,119,28,63" hai3="135,83,74,116,114,1,102,0,53,42,38,60,97"/><T92/><D123/><U21/><E3/><V12/><F122/><W5/><G114/><T62/><D109/><U93/><E128/><V82/><F112/><W110/><G116/><T94/><D76/><U127/><E127/><V66/><F12/><W16/><G110/><T106/><D62/><U88/><E68/><N who="2" m="42079" /><F82/><W61/><G135/><T26/><D106/><U87/><E78/><V10/><F10/><N who="3" m="2343" /><G1/><T24/><D100/><U80/><E80/><V69/><F69/><W59/><G16/><T84/><D84/><U134/><E134/><V73/><F119/><W104/><G53/><T118/><D118/><U29/><E7/><V101/><F130/><W89/><G59/><T30/><D17/><N who="1" m="10415" /><E29/><V19/><F19/><W107/><G89/><T113/><D113/><U34/><E34/><V22/><F126/><W14/><G14/><T98/><D98/><U20/><E20/><V39/><F22/><W81/><G81/><T6/><D27/><U57/><AGARI ba="1,0" hai="41,46,48,51,54,56,57,58,87,88,93" m="10415" machi="57" ten="30,7900,0" yaku="25,1,8,1,52,1,54,1" doraHai="90" who="1" fromWho="1" sc="308,-40,192,82,250,-21,250,-21" /><INIT seed="1,0,0,5,3,64" ten="268,274,229,229" oya="1" hai0="5,46,50,71,67,133,28,56,127,52,47,37,90" hai1="101,66,20,34,108,9,62,24,61,86,79,91,4" hai2="65,121,33,78,26,31,76,23,114,21,29,99,124" hai3="43,83,32,2,126,19,1,81,16,96,38,14,74"/><U77/><E34/><V11/><F121/><W72/><G32/><T129/><D28/><U111/><E101/><V134/><F134/><W132/><G132/><T85/><D133/><U69/><E62/><V109/><F109/><W100/><G126/><T12/><D127/><U41/><E41/><V48/><F124/><W84/><G43/><T68/><D129/><U112/><E112/><V59/><F114/><W119/><G38/><T87/><D87/><U49/><E49/><V104/><F11/><W135/><G135/><T103/><D103/><U106/><E106/><V97/><F104/><W45/><G45/><T10/><D46/><U7/><E7/><V89/><F33/><W30/><G30/><T13/><D13/><U117/><E117/><V98/><F89/><W3/><G119/><T42/><D67/><U53/><E53/><N who="2" m="32167" /><F65/><W40/><G40/><T25/><D25/><AGARI ba="0,0" hai="21,23,25,26,29,31,76,78,97,98,99" m="32167" machi="25" ten="30,1000,0" yaku="8,1" doraHai="64" who="2" fromWho="0" sc="268,-10,274,0,229,10,229,0" /><INIT seed="2,0,0,3,1,17" ten="258,274,239,229" oya="2" hai0="116,133,8,122,112,127,41,72,63,89,35,124,84" hai1="40,128,106,107,59,132,16,110,113,102,61,81,108" hai2="22,117,93,30,64,98,18,134,100,115,29,80,52" hai3="34,9,71,25,73,90,67,69,96,39,10,50,0"/><V126/><F115/><W125/><G39/><T85/><D112/><U54/><E113/><V12/><F117/><W5/><G73/><T27/><D122/><U53/><E128/><V91/><F134/><W13/><G125/><N who="0" m="48203" /><D72/><U104/><E132/><V97/><F126/><W105/><G50/><T24/><D133/><U36/><E81/><V131/><F131/><W76/><G76/><T58/><D41/><U21/><E102/><V74/><F64/><W45/><G45/><T82/><D35/><U56/><E40/><V79/><REACH who="2" step="1"/><F52/><REACH who="2" ten="258,274,229,229" step="2"/><W129/><G129/><T14/><D116/><U32/><E54/><V118/><F118/><W20/><G67/><N who="0" m="39415" /><D84/><U78/><E53/><V46/><F46/><W38/><G71/><T57/><D57/><U33/><E59/><V62/><F62/><W114/><G69/><T111/><D111/><U19/><E110/><V44/><F44/><W75/><G114/><T43/><D43/><U6/><E108/><V66/><F66/><W83/><G75/><T2/><D2/><U92/><E56/><V68/><F68/><W60/><G0/><T103/><D103/><U49/><E61/><V42/><F42/><W7/><G60/><T99/><D99/><U55/><E55/><V26/><F26/><W23/><G96/><T15/><D15/><U70/><E70/><V31/><F31/><W77/><G13/><T65/><D65/><U101/><E101/><V1/><F1/><W120/><G25/><T130/><D130/><U94/><E36/><V28/><F28/><W51/><G38/><T109/><D109/><U121/><E121/><RYUUKYOKU ba="0,1" sc="258,15,274,-15,229,15,229,-15" hai0="8,14,24,27,82,85,89" hai2="12,18,22,29,30,74,79,80,91,93,97,98,100" /><INIT seed="2,1,1,2,1,3" ten="273,259,244,214" oya="2" hai0="125,130,102,17,94,131,83,128,135,42,6,18,86" hai1="39,41,28,32,66,84,12,112,122,29,31,76,11" hai2="104,109,48,96,52,35,72,22,9,126,56,116,15" hai3="77,101,33,87,70,121,50,44,106,49,64,61,118"/><V100/><F116/><W71/><G118/><T74/><D135/><U62/><E112/><V99/><F35/><W134/><G33/><T26/><D125/><U123/><E41/><V53/><F126/><W73/><G73/><T69/><D69/><N who="3" m="26121" /><G87/><T119/><D119/><U43/><E43/><V113/><F113/><W2/><G101/><T115/><D115/><U38/><E32/><V13/><F72/><W92/><G92/><T88/><D42/><U105/><E105/><V1/><F109/><W79/><G106/><T10/><D26/><U36/><E76/><N who="3" m="29258" /><G2/><N who="0" m="343" /><D74/><U114/><E84/><V63/><F99/><AGARI ba="1,1" hai="17,18,83,86,88,94,99,102,128,130,131" m="343" machi="99" ten="30,3900,0" yaku="19,1,52,1,54,1" doraHai="3" who="0" fromWho="2" sc="273,52,259,0,244,-42,214,0" /><INIT seed="3,0,0,3,3,57" ten="325,259,202,214" oya="3" hai0="15,1,124,56,19,23,95,63,98,109,135,42,41" hai1="38,88,0,85,54,55,82,93,103,34,58,128,86" hai2="89,22,2,16,5,70,127,24,6,122,33,40,99" hai3="72,13,129,90,7,21,39,73,81,64,92,28,97"/><W51/><G39/><T96/><D1/><U49/><E38/><V80/><F127/><W36/><G129/><T75/><D75/><U104/><E0/><V74/><F122/><W125/><G36/><T105/><D124/><U11/><E34/><V110/><F110/><W59/><G125/><T31/><D109/><U112/><E104/><V50/><F70/><W119/><G119/><T60/><D105/><U83/><E112/><V52/><F2/><W44/><G81/><T130/><D63/><U48/><E128/><V62/><F33/><W121/><G121/><T134/><D31/><U84/><E103/><V37/><F37/><W78/><G78/><T20/><D20/><U79/><E11/><V46/><F74/><W10/><G21/><T131/><D98/><N who="1" m="57639" /><E79/><V69/><F69/><W68/><G28/><T17/><D131/><U43/><E43/><V35/><F35/><W113/><G68/><T133/><D17/><U114/><E114/><V8/><F8/><W101/><G101/><N who="0" m="60575" /><D130/><U132/><E132/><V67/><F40/><N who="3" m="24967" /><G113/><T76/><D76/><U102/><E102/><V116/><F116/><W12/><G73/><T123/><D123/><U77/><E77/><V14/><F99/><W18/><G72/><T25/><D41/><U94/><E94/><V45/><F80/><W3/><G18/><N who="0" m="12535" /><D42/><U26/><E26/><V91/><F24/><W100/><G100/><T126/><D126/><U118/><E118/><V65/><F91/><W29/><G29/><T71/><D71/><U117/><E117/><V66/><F89/><W87/><G97/><T32/><D135/><RYUUKYOKU ba="0,0" sc="325,-15,259,15,202,-15,214,15" hai1="48,49,54,55,58,82,83,84,85,86" hai3="3,7,10,12,13,59,64,87,90,92" /><INIT seed="3,1,0,5,1,54" ten="310,274,187,229" oya="3" hai0="4,92,77,61,36,103,89,32,73,91,100,131,115" hai1="57,19,64,116,110,29,93,105,67,126,79,70,86" hai2="96,16,26,121,124,8,85,52,99,46,24,88,0" hai3="2,75,25,101,33,135,10,55,134,65,122,62,21"/><W114/><G114/><T17/><D32/><U38/><E105/><V106/><F124/><W129/><G122/><T48/><D36/><U30/><E38/><V15/><F0/><W28/><G75/><T1/><D131/><U20/><E70/><V119/><F119/><W98/><G55/><T27/><D4/><U102/><E110/><V63/><F121/><W78/><G78/><T133/><D1/><U111/><E111/><V18/><F106/><N who="3" m="63799" /><G21/><T84/><D77/><U45/><E126/><V58/><F46/><W13/><G13/><T40/><D73/><U120/><E45/><V117/><F117/><W41/><G41/><T82/><D115/><U108/><E108/><V97/><F18/><W107/><G107/><T132/><D40/><U53/><E120/><V3/><F3/><W95/><G95/><AGARI ba="1,0" hai="8,15,16,24,26,52,58,63,85,88,95,96,97,99" machi="95" ten="40,8000,1" yaku="8,1,52,1,54,3" doraHai="54" who="2" fromWho="3" sc="310,0,274,0,187,83,229,-83" owari="310,41.0,274,7.4,270,-13.0,146,-35.4" /></mjloggm>