<mjloggm ver="2.3"><GO type="225" lobby="0"/><UN n0="%E5%B6%BA%E4%B8%8A%E5%92%B2" n1="%E3%82%8F%E3%81%8B%E3%81%B0%2A%E3%82%AC%E3%83%BC%E3%83%AB" n2="%4B%4F%4E%4F%53%49%52%4F" n3="%E3%83%A9%E3%82%B9%E7%8E%87%EF%BC%93%E5%89%B2" dan="16,16,16,17" rate="2189.01,2164.28,2160.07,2194.02" sx="F,M,M,F"/><TAIKYOKU oya="0"/><INIT seed="0,0,0,1,1,23" ten="250,250,250,250" oya="0" hai0="84,44,27,7,85,12,49,54,87,113,134,81,30" hai1="112,8,53,102,77,78,124,21,116,111,105,117,97" hai2="62,93,132,48,90,58,26,71,89,122,5,39,110" hai3="14,16,42,11,45,88,64,65,95,29,83,82,106"/><T41/><D113/><U115/><E111/><V37/><F122/><W75/><G106/><T0/><D134/><U86/><E8/><V107/><F107/><W2/><G2/><T133/><D133/><U70/><E70/><V67/><F132/><W24/><G65/><T109/><D0/><U119/><E53/><V34/><F5/><W104/><G104/><T10/><D109/><U131/><E21/><V33/><F90/><W74/><G74/><T79/><REACH who="0" step="1"/><D54/><REACH who="0" ten="240,250,250,250" step="2"/><U17/><E112/><V22/><F110/><W76/><G64/><T66/><D66/><U56/><E115/><V118/><F118/><W52/><G52/><T91/><D91/><U108/><E108/><V55/><F39/><W25/><G82/><T32/><AGARI ba="0,1" hai="7,10,12,27,30,32,41,44,49,79,81,84,85,87" machi="32" ten="20,18000,2" yaku="1,1,0,1,7,1,25,2,52,1,53,0" doraHai="23" doraHaiUra="114" who="0" fromWho="0" sc="240,190,250,-60,250,-60,250,-60" /><INIT seed="0,1,0,4,1,3" ten="430,190,190,190" oya="0" hai0="51,45,19,92,28,101,134,135,120,127,79,27,83" hai1="87,98,61,1,93,25,89,90,58,36,15,124,99" hai2="10,29,68,84,54,11,125,110,52,30,9,72,126" hai3="80,123,13,67,70,96,115,112,105,95,118,129,32"/><T47/><D120/><U117/><E117/><V100/><F84/><W23/><G118/><T128/><D128/><U33/><E1/><V16/><F72/><W26/><G129/><T18/><D127/><N who="2" m="48650" /><F68/><W40/><G123/><T107/><D107/><U85/><E124/><V133/><F100/><W88/><G105/><T76/><D101/><U6/><E36/><V53/><F110/><W41/><G32/><T78/><D92/><U109/><E109/><V106/><F106/><W50/><G70/><T65/><D65/><U34/><E34/><V114/><F114/><W62/><G80/><T104/><D104/><U55/><E33/><V21/><F133/><N who="0" m="50698" /><D83/><N who="1" m="49343" /><E25/><AGARI ba="1,0" hai="9,10,11,16,21,25,29,30,52,53,54" m="48650" machi="25" ten="40,5200,0" yaku="18,1,54,2" doraHai="3" who="2" fromWho="1" sc="430,0,190,-55,190,55,190,0" /><INIT seed="1,0,0,0,1,14" ten="430,135,245,190" oya="1" hai0="51,15,44,21,10,99,25,92,82,131,7,56,107" hai1="0,61,97,126,23,128,38,62,20,129,12,45,57" hai2="55,53,34,19,74,89,98,29,109,52,103,77,49" hai3="22,46,3,101,72,65,111,93,33,125,108,26,112"/><U124/><E0/><V9/><F34/><W134/><G72/><T71/><D107/><U18/><E97/><V63/><F29/><W8/><G112/><T78/><D71/><U115/><E115/><V135/><F74/><W69/><G134/><T32/><D32/><U35/><E35/><V83/><F135/><W86/><G125/><N who="1" m="48234" /><E23/><V64/><F89/><W11/><G3/><T59/><D131/><N who="1" m="50251" /><E57/><N who="2" m="36975" /><F109/><W94/><G108/><T95/><D59/><U41/><AGARI ba="0,0" hai="12,18,20,38,41,45,61,62" m="50251,48234" machi="41" ten="40,7800,0" yaku="18,1,19,1,52,1" doraHai="14" who="1" fromWho="1" sc="430,-26,135,78,245,-26,190,-26" /><INIT seed="1,1,0,1,2,58" ten="404,213,219,164" oya="1" hai0="60,45,119,66,12,89,62,1,129,70,36,116,49" hai1="6,3,13,69,73,57,11,83,28,91,32,97,18" hai2="68,126,23,133,127,117,106,19,84,17,100,40,102" hai3="56,114,88,101,110,113,124,128,78,0,77,96,15"/><U43/><E69/><V122/><F117/><W98/><G0/><T33/><D1/><U5/><E43/><V103/><F122/><W115/><G128/><T44/><D33/><U16/><E32/><V90/><F68/><W64/><G110/><T37/><D12/><U10/><E28/><V125/><F40/><W35/><G35/><T121/><D89/><U72/><E97/><N who="2" m="61711" /><F133/><W61/><G124/><N who="2" m="31745" /><V51/><DORA hai="134" /><F51/><W99/><G101/><N who="2" m="38409" /><F23/><W48/><G48/><T94/><D121/><U22/><E22/><V50/><F50/><W80/><REACH who="3" step="1"/><G15/><REACH who="3" ten="404,213,219,154" step="2"/><T75/><D49/><U132/><E132/><V112/><F112/><W130/><G130/><T42/><D129/><U108/><E108/><V95/><AGARI ba="1,1" hai="17,19,84,90,95" m="38409,31745,61711" machi="95" ten="40,8000,1" yaku="18,1,52,4" doraHai="58,134" who="2" fromWho="2" sc="404,-21,213,-41,219,93,154,-21" /><INIT seed="2,0,0,1,3,14" ten="383,172,312,133" oya="2" hai0="10,63,47,79,64,20,81,95,69,36,28,67,109" hai1="26,90,31,62,43,24,103,83,17,7,53,85,106" hai2="58,118,116,78,23,77,49,38,66,86,9,76,46" hai3="124,5,15,127,6,55,128,110,99,93,22,91,104"/><V50/><F38/><W132/><G110/><T19/><D109/><U13/><E7/><V131/><F131/><W119/><G119/><T65/><D28/><U105/><E43/><V1/><F1/><W29/><G128/><T122/><D122/><U98/><E106/><V60/><F50/><W75/><G75/><T88/><D36/><U115/><E115/><V2/><F2/><W123/><G123/><T32/><D32/><U120/><E120/><V101/><F101/><W57/><G104/><T108/><D47/><U51/><E62/><V80/><F116/><W134/><G6/><T59/><D10/><N who="1" m="6327" /><E31/><V30/><F9/><W35/><G35/><T107/><D59/><U133/><E133/><V34/><F34/><W68/><G68/><T111/><D95/><U39/><E39/><V56/><F56/><W8/><G29/><T84/><D107/><U44/><AGARI ba="0,0" hai="24,26,44,51,53,83,85,90,98,103,105" m="6327" machi="44" ten="30,2000,0" yaku="25,1,52,1" doraHai="14" who="1" fromWho="1" sc="383,-5,172,20,312,-10,133,-5" /><INIT seed="3,0,0,2,5,104" ten="378,192,302,128" oya="3" hai0="33,123,50,17,126,61,26,28,76,0,35,48,100" hai1="58,59,13,51,47,32,131,130,39,43,113,4,92" hai2="38,53,54,74,133,14,20,110,95,93,37,62,7" hai3="68,12,6,75,107,52,25,70,31,41,69,118,18"/><W9/><G118/><T120/><D126/><U3/><E113/><V66/><F74/><W60/><G107/><T65/><D0/><U124/><E124/><V49/><F54/><W67/><G41/><T121/><D76/><U63/><E32/><V8/><F95/><W21/><G75/><T81/><D81/><U97/><E3/><V103/><F20/><W125/><G125/><T129/><D33/><U64/><E39/><V132/><F93/><W112/><G112/><T134/><D134/><N who="2" m="51818" /><F103/><W99/><G99/><T1/><D1/><U73/><E73/><V83/><F83/><W19/><REACH who="3" step="1"/><G52/><REACH who="3" ten="378,192,302,118" step="2"/><T111/><D121/><U119/><E119/><V87/><F87/><W23/><G23/><T30/><D123/><U11/><REACH who="1" step="1"/><E58/><AGARI ba="0,1" hai="6,9,12,18,19,21,25,31,58,60,67,68,69,70" machi="58" ten="40,2000,0" yaku="1,1,53,0" doraHai="104" doraHaiUra="86" who="3" fromWho="1" sc="378,0,192,-20,302,0,118,30" /><INIT seed="3,1,0,0,4,121" ten="378,172,302,148" oya="3" hai0="8,40,100,108,74,102,61,128,71,63,25,37,105" hai1="93,118,9,114,126,77,101,79,27,107,38,10,91" hai2="24,109,51,75,95,29,127,131,110,44,30,52,72" hai3="46,54,18,67,66,86,22,14,103,97,31,69,1"/><W65/><G1/><T90/><D128/><U84/><E114/><V111/><F131/><W81/><G69/><T123/><D108/><U94/><E126/><V15/><F127/><W64/><N who="3" m="16384" /><DORA hai="62" /><W113/><G113/><T116/><D74/><N who="2" m="28202" /><F24/><W117/><G117/><T6/><D123/><U96/><E38/><V89/><F15/><W132/><G132/><T76/><D76/><N who="1" m="29259" /><E107/><V12/><F12/><W3/><G3/><T47/><D8/><N who="1" m="3179" /><E118/><V124/><F124/><W120/><G120/><T32/><D61/><U85/><E27/><V70/><F70/><W43/><G54/><T45/><D6/><U53/><E53/><V87/><AGARI ba="1,0" hai="29,30,44,51,52,87,89,95,109,110,111" m="28202" machi="87" ten="40,8000,1" yaku="14,1,52,3,54,1" doraHai="121,62" who="2" fromWho="2" sc="378,-21,172,-21,302,83,148,-41" owari="357,15.7,151,-24.9,385,48.5,107,-39.3" /></mjloggm>