<mjloggm ver="2.3"><GO type="225" lobby="0"/><UN n0="%E3%83%8F%E3%83%B3%E3%83%89%E3%83%A9%E3%83%BC%E3%83%BB%E3%83%AF%E3%83%B3" n1="%E5%8D%A0%E3%81%84%E5%B8%AB%E8%A3%8F%E3%81%AA%E3%81%84%E3%81%97" n2="%E9%9B%80%E6%A5%B5%E3%81%AE%E3%81%B8" n3="%E6%81%A5%E6%99%92%E3%81%97" dan="17,17,16,16" rate="2191.91,2189.71,2130.63,2188.76" sx="M,M,M,M"/><TAIKYOKU oya="0"/><INIT seed="0,0,0,4,1,29" ten="250,250,250,250" oya="0" hai0="128,12,5,28,124,16,109,14,9,62,94,20,49" hai1="87,32,42,38,85,45,104,13,80,74,81,72,0" hai2="11,86,26,119,126,69,18,120,125,123,90,95,17" hai3="60,64,68,115,53,75,35,8,131,82,129,113,37"/><T1/><D128/><N who="3" m="49225" /><G37/><T78/><D124/><N who="2" m="47722" /><F69/><W111/><G111/><T91/><D109/><U40/><E0/><V6/><F119/><W55/><G8/><T134/><D134/><U79/><E104/><V52/><F52/><N who="3" m="20043" /><G35/><T46/><D78/><AGARI ba="0,0" hai="60,64,68,75,78,82,113,115" m="20043,49225" machi="78" ten="30,2000,0" yaku="19,1,54,1" doraHai="29" who="3" fromWho="0" sc="250,-20,250,0,250,0,250,20" /><INIT seed="1,0,0,3,0,5" ten="230,250,250,270" oya="1" hai0="76,77,82,79,134,53,124,40,111,7,49,96,113" hai1="83,105,99,55,92,118,98,58,3,28,68,21,95" hai2="38,71,115,120,110,26,46,80,91,135,35,11,116" hai3="93,70,47,85,61,59,51,100,64,1,60,20,50"/><U119/><E68/><V106/><RYUUKYOKU type="yao9" ba="0,0" sc="230,0,250,0,250,0,270,0" hai2="11,26,35,38,46,71,80,91,106,110,115,116,120,135" /><INIT seed="1,1,0,5,0,80" ten="230,250,250,270" oya="1" hai0="28,22,69,49,125,73,21,95,20,123,30,8,87" hai1="128,134,35,43,11,115,52,53,25,72,109,27,85" hai2="46,61,32,79,67,133,112,56,135,4,10,68,33" hai3="55,121,51,88,34,47,75,54,84,82,106,76,92"/><U114/><E72/><V117/><F117/><W126/><G126/><T2/><D73/><U127/><E43/><V118/><F118/><W97/><G121/><T70/><D123/><U24/><E35/><V42/><F112/><W45/><G34/><T0/><D125/><U19/><E127/><V99/><F56/><W1/><G1/><T14/><D49/><U104/><E104/><V100/><F79/><W91/><G106/><T48/><D48/><U81/><E134/><N who="2" m="51211" /><F99/><W17/><G17/><T131/><D131/><U50/><E128/><V110/><F100/><W29/><G29/><T130/><D130/><U111/><E11/><V101/><F101/><W9/><G9/><T58/><D58/><N who="1" m="33047" /><E53/><V7/><F110/><N who="1" m="41993" /><E19/><V96/><F10/><W37/><G37/><T6/><D30/><U59/><E59/><V57/><F57/><W113/><G113/><T120/><D28/><U39/><E39/><N who="2" m="21855" /><F32/><W98/><G47/><T77/><D120/><U90/><AGARI ba="1,0" hai="24,25,27,81,85,90,114,115" m="41993,33047" machi="90" ten="30,11700,0" yaku="14,1,10,1,52,1,54,1" doraHai="80" who="1" fromWho="1" sc="230,-40,250,120,250,-40,270,-40" /><INIT seed="1,2,0,1,0,91" ten="190,370,210,230" oya="1" hai0="27,49,90,133,46,20,60,110,116,14,48,21,18" hai1="111,107,11,75,43,63,58,69,61,109,83,1,8" hai2="87,13,99,3,24,59,81,104,103,114,76,131,64" hai3="17,65,53,38,123,23,115,86,122,29,78,89,126"/><U33/><E33/><V118/><F3/><W2/><G115/><T119/><D110/><N who="1" m="41995" /><E107/><V82/><F13/><W62/><G2/><T16/><D133/><U30/><E1/><V120/><F24/><W112/><G112/><T6/><D6/><U9/><E30/><V44/><F59/><W31/><G38/><T97/><D60/><U5/><E43/><V41/><F44/><W134/><G126/><T106/><D48/><U72/><E5/><V68/><F41/><W26/><G78/><T71/><D71/><U128/><E128/><V32/><F68/><W121/><G53/><T85/><D97/><U96/><E96/><N who="2" m="61543" /><F32/><W70/><REACH who="3" step="1"/><G134/><REACH who="3" ten="190,370,210,220" step="2"/><T105/><D119/><U50/><E75/><N who="2" m="43167" /><F114/><W77/><G77/><T73/><D73/><U51/><E72/><V94/><F118/><W45/><G45/><T129/><D116/><U12/><E63/><V100/><F64/><W10/><G10/><T98/><D129/><U54/><E8/><V57/><F131/><W124/><G124/><T80/><REACH who="0" step="1"/><D98/><REACH who="0" ten="180,370,210,220" step="2"/><U0/><E61/><V135/><F135/><W37/><G37/><T7/><D7/><U35/><E0/><V4/><F4/><W67/><G67/><T66/><D66/><U36/><E36/><V102/><F99/><W47/><G47/><T56/><D56/><U15/><E58/><V125/><F57/><W39/><G39/><T22/><D22/><U34/><E34/><V88/><F125/><W132/><G132/><T55/><AGARI ba="2,2" hai="14,16,18,20,21,27,46,49,55,80,85,90,105,106" machi="55" ten="20,12000,2" yaku="1,1,0,1,7,1,54,1,53,2" doraHai="91" doraHaiUra="101" who="0" fromWho="0" sc="180,146,370,-62,210,-32,220,-32" /><INIT seed="2,0,0,5,5,31" ten="326,308,178,188" oya="2" hai0="100,37,2,122,121,38,116,97,15,96,50,119,47" hai1="43,64,59,60,63,5,29,73,23,130,98,107,89" hai2="70,28,74,78,44,11,101,22,1,85,30,88,77" hai3="90,21,12,61,8,80,57,62,79,102,112,118,39"/><V81/><F70/><W83/><G118/><N who="0" m="45099" /><D15/><U124/><E73/><V42/><F101/><W40/><G112/><T84/><D84/><U0/><E130/><V91/><F91/><W65/><G39/><N who="0" m="14859" /><D2/><U134/><E134/><V9/><F1/><W133/><G40/><N who="0" m="24935" /><D97/><U14/><E43/><V35/><F35/><W16/><G133/><T106/><AGARI ba="0,0" hai="96,100,106,121,122" m="24935,14859,45099" machi="106" ten="30,1100,0" yaku="12,1" doraHai="31" who="0" fromWho="0" sc="326,11,308,-3,178,-5,188,-3" /><INIT seed="3,0,0,1,5,109" ten="337,305,173,185" oya="3" hai0="113,36,9,117,118,106,39,17,4,42,69,114,63" hai1="60,90,37,19,129,61,111,127,40,16,35,67,133" hai2="46,27,75,100,74,58,64,26,73,55,28,14,88" hai3="18,112,130,122,56,99,125,53,38,22,85,95,31"/><W23/><G122/><T15/><D106/><U68/><E111/><V86/><F100/><W8/><G38/><N who="0" m="14379" /><D42/><U11/><E129/><V91/><F64/><W41/><G125/><T51/><D51/><U96/><E127/><V29/><F46/><W134/><G134/><T102/><D102/><U12/><E35/><V82/><F14/><W110/><G130/><T78/><D78/><U13/><E133/><V33/><F91/><W44/><G8/><T94/><D94/><U10/><E61/><V107/><F107/><W104/><G85/><T0/><D17/><U20/><E37/><V71/><F71/><W6/><G6/><T123/><D15/><U21/><E40/><V120/><F120/><W103/><G104/><T3/><D3/><U131/><E131/><V108/><F108/><W52/><G110/><T135/><D135/><U84/><E96/><V87/><F87/><W132/><G132/><T115/><D123/><U79/><E79/><V98/><F98/><W101/><G101/><T25/><D25/><U80/><AGARI ba="0,0" hai="10,11,12,13,16,19,20,21,60,67,68,80,84,90" machi="80" ten="20,5200,0" yaku="0,1,7,1,9,1,54,1" doraHai="109" who="1" fromWho="1" sc="337,-13,305,52,173,-13,185,-26" owari="324,12.4,357,45.7,160,-24.0,159,-34.1" /></mjloggm>