<mjloggm ver="2.3"><GO type="225" lobby="0"/><UN n0="%E9%A6%AC%E5%BC%95%E7%81%AB%33" n1="%E5%91%A8%E6%9D%B1" n2="%E3%83%96%E3%83%83%E3%83%91%E3%82%AA%E3%83%96%E3%83%81%E3%82%AD%E3%83%B3" n3="%E5%85%83%E3%82%AB%E3%83%8E%E7%B3%BB%E3%83%92%E3%83%AD%E3%82%A4%E3%83%B3" dan="17,16,16,16" rate="2117.10,2150.61,2209.27,2172.46" sx="M,M,M,M"/><TAIKYOKU oya="0"/><INIT seed="0,0,0,3,4,110" ten="250,250,250,250" oya="0" hai0="16,96,124,7,31,121,113,39,82,41,71,119,43" hai1="103,72,107,17,56,112,127,98,84,25,52,81,60" hai2="134,93,130,123,30,91,87,22,68,74,46,64,24" hai3="104,70,69,21,133,105,18,90,97,63,65,8,77"/><T10/><D121/><U129/><E127/><V106/><F123/><W122/><G122/><T116/><D113/><U118/><E129/><V19/><F130/><W27/><G133/><T11/><D71/><U75/><E118/><V32/><F134/><W5/><G69/><T29/><D124/><U4/><E4/><V15/><F74/><W100/><G77/><T3/><D96/><U86/><E112/><V1/><F106/><W35/><G90/><T102/><D102/><U50/><E86/><V34/><F1/><W117/><G117/><T132/><D132/><U67/><E17/><V126/><F126/><W48/><G48/><T115/><D115/><U89/><REACH who="1" step="1"/><E25/><REACH who="1" ten="250,240,250,250" step="2"/><V73/><F73/><W23/><G5/><T37/><D7/><U9/><E9/><V45/><F87/><W114/><G8/><T57/><D16/><U128/><E128/><V131/><F24/><W76/><G114/><T66/><D3/><U135/><E135/><V109/><F131/><W38/><G18/><T94/><D11/><U83/><E83/><V101/><F19/><W49/><G27/><T20/><D10/><U6/><E6/><V0/><F0/><W44/><G104/><T58/><D82/><U92/><E92/><V80/><F93/><W61/><G105/><T95/><D20/><U59/><AGARI ba="0,1" hai="50,52,56,59,60,67,72,75,81,84,89,98,103,107" machi="59" ten="20,12000,2" yaku="1,1,0,1,7,1,54,1,53,2" doraHai="110" doraHaiUra="55" who="1" fromWho="1" sc="250,-60,240,130,250,-30,250,-30" /><INIT seed="1,0,0,5,2,93" ten="190,370,220,220" oya="1" hai0="57,23,6,33,103,26,113,62,118,36,44,34,19" hai1="115,104,97,9,110,53,21,116,80,131,94,15,41" hai2="47,111,61,68,123,127,132,101,3,60,88,27,37" hai3="59,105,125,66,133,32,95,70,1,54,7,129,75"/><U96/><E116/><V64/><F123/><W55/><G105/><T58/><D118/><U31/><E115/><V83/><F3/><W43/><G32/><T29/><D113/><U49/><E131/><V13/><F111/><W4/><G75/><T51/><D36/><U99/><E104/><V114/><F114/><W10/><G129/><T22/><D6/><U0/><E110/><V121/><F121/><W20/><G133/><T90/><D90/><U86/><E41/><V45/><F132/><W76/><G76/><T28/><D103/><N who="1" m="60823" /><E0/><V84/><F127/><W98/><G125/><T16/><D62/><N who="2" m="24170" /><F68/><W73/><G73/><T109/><D109/><U40/><E40/><V81/><F37/><W128/><G128/><T67/><D44/><N who="2" m="16970" /><F64/><W82/><G43/><T24/><D51/><U8/><E31/><V107/><F107/><W50/><G66/><AGARI ba="0,0" hai="16,19,22,23,24,26,28,29,33,34,57,58,66,67" machi="66" ten="25,3200,0" yaku="22,2,54,1" doraHai="93" who="0" fromWho="3" sc="190,32,370,0,220,0,220,-32" /><INIT seed="2,0,0,0,4,132" ten="222,370,220,188" oya="2" hai0="14,109,86,97,127,113,9,119,19,48,32,134,111" hai1="133,64,12,75,78,33,98,103,70,117,101,31,89" hai2="38,125,72,13,100,102,20,68,92,87,85,65,108" hai3="25,130,81,54,112,106,122,58,16,82,26,1,35"/><V99/><F72/><W11/><G122/><T2/><D113/><U66/><E117/><V57/><F38/><W79/><G112/><T62/><D134/><U0/><E0/><V107/><F68/><W17/><G106/><T67/><D119/><U18/><E78/><V53/><F65/><W69/><G69/><T128/><D128/><U129/><E75/><V8/><F108/><N who="0" m="41546" /><D32/><U104/><E103/><N who="2" m="39467" /><F107/><W105/><G105/><T121/><D97/><U126/><E33/><V116/><F20/><W73/><G130/><T96/><D96/><U56/><E70/><V76/><F76/><W118/><G118/><T93/><D2/><U90/><E104/><V83/><F83/><W21/><G82/><T44/><D121/><U124/><E66/><V39/><F39/><W115/><G115/><T47/><D93/><U30/><E64/><V63/><F125/><W52/><G58/><N who="0" m="37335" /><D127/><U60/><E133/><V27/><F27/><W29/><REACH who="3" step="1"/><G17/><REACH who="3" ten="222,370,220,178" step="2"/><T84/><D44/><U7/><E129/><V94/><F116/><W91/><G91/><T15/><D19/><U61/><E126/><V59/><F94/><W28/><G28/><T45/><D45/><U3/><E124/><V88/><F59/><W50/><G50/><T22/><D48/><U43/><E56/><V49/><F49/><W36/><G36/><T74/><D47/><U77/><E77/><V110/><F110/><W80/><G80/><T37/><D37/><U34/><E90/><V24/><F24/><W114/><G114/><T23/><D74/><U42/><E89/><V4/><AGARI ba="0,1" hai="4,8,13,53,57,63,85,87,88,92,99" m="39467" machi="4" ten="30,3000,0" yaku="8,1,54,1" doraHai="132" who="2" fromWho="2" sc="222,-10,370,-10,220,40,178,-10" /><INIT seed="2,1,0,0,4,2" ten="212,360,260,168" oya="2" hai0="104,117,31,130,126,70,129,38,48,101,125,85,132" hai1="8,134,91,74,76,108,24,89,30,116,63,52,106" hai2="77,36,21,71,68,12,58,43,41,34,22,55,15" hai3="47,62,64,44,19,128,88,100,27,0,93,53,123"/><V94/><F34/><W33/><G123/><T66/><D38/><U7/><E106/><V111/><F77/><W109/><G109/><T35/><D48/><U112/><E112/><V57/><F111/><W6/><G128/><N who="0" m="49259" /><D85/><U4/><E116/><V127/><F127/><N who="0" m="48650" /><D117/><U99/><E74/><V92/><REACH who="2" step="1"/><F36/><REACH who="2" ten="212,360,250,168" step="2"/><W135/><G135/><T113/><D113/><U56/><E134/><V98/><F98/><W121/><G121/><T42/><D132/><U131/><E99/><V37/><F37/><W115/><G115/><T23/><D35/><U67/><E108/><V118/><F118/><W75/><G33/><T82/><D104/><U103/><E76/><V14/><F14/><W45/><G75/><T59/><D101/><U28/><E103/><V11/><F11/><W32/><G100/><T97/><D97/><U10/><E8/><V110/><F110/><W96/><G32/><T81/><D23/><U105/><E105/><V102/><F102/><W90/><G90/><T119/><D119/><U83/><E91/><V79/><F79/><W1/><G1/><T73/><D73/><U5/><E131/><V26/><F26/><W61/><G27/><T87/><D87/><N who="1" m="50431" /><E24/><V86/><F86/><W49/><G0/><T40/><D82/><U29/><E10/><V133/><F133/><W72/><G72/><T51/><D81/><U54/><AGARI ba="1,1" hai="4,5,7,28,29,30,52,54,56,63,67" m="50431" machi="54" ten="40,8000,1" yaku="8,1,52,3,54,1" doraHai="2" who="1" fromWho="1" sc="212,-21,360,93,250,-41,168,-21" /><INIT seed="3,0,0,3,2,28" ten="191,453,209,147" oya="3" hai0="102,108,47,126,96,112,30,59,77,45,32,83,64" hai1="88,1,60,22,124,117,118,98,104,40,51,52,116" hai2="35,110,43,100,13,135,66,85,130,58,24,107,86" hai3="123,17,119,67,8,129,2,69,99,84,31,103,113"/><W101/><G113/><T7/><D112/><U74/><BYE who="2" /><E74/><V34/><F34/><W14/><G119/><T79/><D108/><U41/><E1/><V76/><F76/><UN n2="%E3%83%96%E3%83%83%E3%83%91%E3%82%AA%E3%83%96%E3%83%81%E3%82%AD%E3%83%B3" /><W57/><G123/><T9/><D126/><U5/><E124/><V132/><F110/><W16/><G69/><T115/><D115/><U26/><E5/><V121/><F121/><W42/><G129/><T48/><D64/><U20/><E60/><N who="2" m="38167" /><F43/><N who="1" m="16457" /><E26/><V71/><F71/><W87/><G2/><T53/><D79/><U120/><E120/><V3/><F3/><W46/><G31/><T61/><D61/><U82/><E104/><V15/><F130/><W68/><G68/><T125/><D125/><U36/><E36/><V18/><F35/><W94/><G103/><T89/><D89/><U4/><E4/><V127/><F127/><W75/><G75/><T6/><D6/><U12/><E12/><N who="2" m="4683" /><F107/><W93/><G17/><T81/><D7/><U56/><E82/><V95/><F95/><AGARI ba="0,0" hai="20,22,51,52,56,88,95,98,116,117,118" m="16457" machi="95" ten="40,5200,0" yaku="12,1,54,2" doraHai="28" who="1" fromWho="2" sc="191,0,453,52,209,-52,147,0" owari="191,-0.9,505,60.5,157,-24.3,147,-35.3" /></mjloggm>