<mjloggm ver="2.3"><GO type="225" lobby="0"/><UN n0="%E6%9D%B1%E9%A2%A8%E3%81%AE%E3%81%8D%E3%82%83%E3%81%B7%E3%81%95%E3%82%93" n1="%43%68%65" n2="%E3%81%AF%E3%82%88%E3%81%8A%E3%81%98%E3%81%95%E3%82%93" n3="%E6%98%93%E5%88%A9%E8%96%A9%E4%BC%AF" dan="16,16,17,16" rate="2133.40,2103.05,2153.40,2157.26" sx="M,M,M,F"/><TAIKYOKU oya="0"/><INIT seed="0,0,0,1,2,110" ten="250,250,250,250" oya="0" hai0="36,23,3,0,53,51,85,40,6,20,96,64,44" hai1="67,57,105,13,63,9,35,45,111,62,115,68,134" hai2="43,77,76,128,47,49,103,80,29,106,89,71,5" hai3="66,121,60,109,133,4,37,32,123,54,48,100,83"/><T98/><D85/><U16/><E111/><V17/><F71/><N who="3" m="42439" /><G32/><T39/><D64/><U95/><E105/><V90/><F128/><W131/><G100/><T86/><D86/><U30/><E134/><V124/><F124/><W26/><G4/><T122/><D122/><N who="3" m="46601" /><G83/><T73/><D73/><U25/><E115/><V97/><F77/><W87/><G87/><T15/><D15/><U116/><E116/><V2/><F29/><W120/><G26/><T69/><D69/><U101/><E45/><V94/><F17/><W92/><G92/><T74/><D74/><U7/><E7/><V8/><REACH who="2" step="1"/><F94/><REACH who="2" ten="250,250,240,250" step="2"/><W102/><G120/><T19/><D19/><U93/><E101/><V117/><F117/><W70/><G102/><T84/><D6/><U52/><AGARI ba="0,1" hai="9,13,16,25,30,35,52,57,62,63,67,68,93,95" machi="52" ten="20,5200,0" yaku="0,1,7,1,54,2" doraHai="110" who="1" fromWho="1" sc="250,-26,250,62,240,-13,250,-13" /><INIT seed="1,0,0,0,2,72" ten="224,312,227,237" oya="1" hai0="33,27,23,75,14,21,13,41,8,118,42,53,31" hai1="22,2,115,56,39,78,109,88,126,35,6,92,12" hai2="38,55,104,30,77,29,120,15,123,112,57,54,50" hai3="51,84,122,103,96,86,114,47,34,135,82,116,107"/><U94/><E115/><V5/><F104/><W18/><G114/><T134/><D118/><U46/><E35/><V110/><F112/><W80/><G122/><T4/><D134/><U20/><E2/><V100/><F38/><W125/><G34/><T26/><D75/><U129/><E129/><V63/><F100/><W45/><G125/><T83/><D83/><U17/><E126/><V98/><F98/><W99/><G116/><T40/><D53/><U108/><E6/><V36/><F36/><W32/><G32/><T97/><D97/><U81/><E56/><V1/><F1/><W106/><G18/><T65/><D65/><U24/><E46/><V52/><F110/><N who="1" m="42601" /><E39/><V37/><F37/><W67/><G67/><T9/><REACH who="0" step="1"/><D27/><REACH who="0" ten="214,312,227,237" step="2"/><U48/><E24/><V93/><F54/><W91/><G99/><T49/><D49/><U16/><E48/><V73/><F123/><W43/><G106/><T44/><D44/><U105/><E105/><V66/><F55/><W0/><G47/><T121/><D121/><U70/><E70/><V119/><F120/><W101/><G101/><T28/><D28/><U131/><E131/><V111/><F119/><W19/><G107/><T87/><D87/><N who="1" m="50287" /><E78/><V132/><F111/><W61/><G51/><T117/><D117/><U71/><E71/><N who="2" m="42463" /><F132/><W76/><G135/><T25/><D25/><N who="1" m="14479" /><E94/><V64/><F93/><W124/><G124/><T133/><D133/><U10/><E92/><V68/><F68/><W3/><G45/><T69/><D69/><U85/><E85/><V59/><F77/><W74/><G76/><T90/><D90/><RYUUKYOKU ba="0,1" sc="214,15,312,15,227,-15,237,-15" hai0="4,8,9,13,14,21,23,26,31,33,40,41,42" hai1="10,12,16,22" /><INIT seed="1,1,1,1,1,69" ten="229,327,212,222" oya="1" hai0="107,64,4,108,124,130,25,98,115,75,49,17,77" hai1="125,122,73,82,116,10,27,105,51,33,113,54,85" hai2="29,101,126,128,67,83,114,81,30,36,119,13,55" hai3="14,20,88,65,112,63,74,9,97,132,39,0,99"/><U46/><E113/><V129/><F119/><W100/><G74/><T102/><D115/><U89/><E116/><V56/><F114/><W76/><G76/><T37/><D108/><U86/><E122/><V58/><F126/><W3/><G39/><T135/><D130/><N who="2" m="50282" /><F36/><W62/><G132/><T5/><D135/><U45/><E105/><V6/><F101/><W117/><G117/><T2/><D124/><U84/><E73/><V79/><F67/><W80/><G20/><T60/><D49/><U111/><E125/><V131/><N who="2" m="50290" /><V66/><DORA hai="8" /><F66/><W26/><G26/><T48/><D48/><U7/><E46/><V50/><F56/><W11/><G112/><T120/><D120/><U110/><E27/><V44/><F58/><W52/><G11/><T23/><D37/><U121/><E33/><V134/><F134/><W40/><G40/><T21/><D2/><N who="1" m="375" /><E121/><V57/><F57/><N who="3" m="35111" /><G3/><T106/><D106/><U53/><E53/><V42/><F55/><W43/><G0/><T32/><D32/><U103/><E103/><V24/><F79/><W133/><G133/><T93/><D107/><U47/><E47/><V68/><F68/><W38/><G38/><T92/><D77/><U35/><E35/><N who="2" m="20903" /><F30/><W123/><G123/><T78/><D78/><U118/><E118/><V70/><F70/><W72/><G72/><T22/><D75/><U109/><AGARI ba="1,1" hai="45,51,54,82,84,85,86,89,109,110,111" m="375" machi="109" ten="30,3000,0" yaku="14,1,10,1" doraHai="69,8" who="1" fromWho="1" sc="229,-11,327,43,212,-11,222,-11" /><INIT seed="1,2,0,5,4,135" ten="218,370,201,211" oya="1" hai0="99,123,10,36,58,65,66,106,109,74,16,105,89" hai1="43,129,57,113,121,86,30,78,11,12,31,46,20" hai2="0,82,71,126,92,9,32,118,91,26,111,24,13" hai3="101,17,90,81,53,95,103,132,84,52,55,47,29"/><U41/><E113/><V102/><F118/><W18/><G132/><T40/><D74/><U22/><E121/><V51/><F71/><W120/><G120/><T107/><D123/><U131/><E57/><V115/><F0/><W94/><G29/><T130/><D109/><U70/><E70/><V25/><F111/><W133/><G133/><T122/><D130/><U93/><E31/><V23/><F115/><W3/><G3/><T34/><D34/><U44/><E44/><V45/><F32/><W117/><G47/><T85/><D122/><U75/><E75/><V134/><F134/><W88/><G117/><T72/><D72/><U108/><E108/><V37/><F37/><W27/><G81/><T64/><D36/><U77/><E46/><V48/><F23/><N who="3" m="13807" /><G18/><T1/><D40/><U87/><E30/><V54/><F48/><W59/><G59/><T127/><D1/><U97/><E12/><V73/><F73/><W110/><G110/><T61/><D99/><AGARI ba="2,0" hai="52,53,55,84,88,90,94,95,99,101,103" m="13807" machi="99" ten="30,3900,0" yaku="8,1,54,2" doraHai="135" who="3" fromWho="0" sc="218,-45,370,0,201,0,211,45" /><INIT seed="2,0,0,5,5,130" ten="173,370,201,256" oya="2" hai0="29,36,9,20,16,28,72,120,21,33,76,51,50" hai1="98,133,116,109,97,85,94,95,113,88,17,2,125" hai2="92,107,93,12,127,0,129,19,66,121,15,32,117" hai3="71,81,5,38,37,69,65,68,87,62,126,64,135"/><V45/><F117/><W1/><G5/><T82/><D120/><U118/><E2/><V123/><F107/><W26/><G1/><T59/><D36/><N who="3" m="13929" /><G26/><T18/><D9/><U102/><E113/><V134/><F0/><W80/><G87/><T96/><D96/><U124/><E133/><V4/><F32/><W31/><G31/><T27/><D33/><U58/><E109/><V6/><F129/><W43/><G126/><N who="1" m="48746" /><E58/><V23/><F127/><W61/><G43/><T57/><D57/><U46/><E46/><V90/><F45/><W119/><G119/><N who="1" m="45610" /><E17/><V25/><F134/><W78/><G78/><T10/><D10/><U106/><E98/><N who="2" m="57623" /><F66/><N who="3" m="25707" /><G135/><T14/><REACH who="0" step="1"/><D51/><REACH who="0" ten="163,370,201,256" step="2"/><U63/><E63/><AGARI ba="0,1" hai="61,62,63,68,69,71,80,81" m="25707,13929" machi="63" ten="40,2600,0" yaku="28,2" doraHai="130" who="3" fromWho="1" sc="163,0,370,-26,201,0,256,36" /><INIT seed="3,0,0,1,4,59" ten="163,344,201,292" oya="3" hai0="77,63,16,66,124,88,53,3,38,8,112,10,109" hai1="52,74,42,85,17,110,115,83,123,72,2,60,93" hai2="105,73,103,121,102,89,128,76,19,94,1,22,64" hai3="14,81,100,122,126,9,98,80,117,28,65,51,79"/><W43/><G117/><T48/><D109/><U108/><E115/><V68/><F1/><W95/><G122/><T111/><D112/><U104/><E104/><V25/><F121/><W36/><G36/><T84/><D111/><N who="1" m="42539" /><E123/><V45/><F128/><W114/><G114/><T11/><D38/><U129/><E129/><V116/><F116/><W130/><G126/><T106/><D77/><U4/><E93/><V58/><F68/><W34/><G65/><T0/><D106/><U35/><E42/><V27/><F105/><W78/><G34/><T24/><D124/><U12/><E35/><V33/><F73/><W26/><G79/><T31/><D31/><U75/><E2/><V29/><F76/><W57/><G78/><T21/><D48/><U50/><E60/><N who="2" m="37911" /><F33/><W32/><G43/><T49/><D49/><U44/><E4/><V120/><F45/><W87/><G87/><T20/><D20/><N who="1" m="11303" /><E85/><N who="2" m="52527" /><F120/><W99/><G99/><T96/><D53/><U37/><E37/><V132/><F132/><W39/><G39/><T15/><D96/><U30/><E30/><V86/><F86/><W5/><G130/><T134/><D134/><U67/><E67/><V71/><F71/><W6/><G51/><T41/><D41/><U101/><E101/><V82/><F82/><AGARI ba="0,0" hai="44,50,52,72,74,75,82,83" m="11303,42539" machi="82" ten="40,2600,0" yaku="14,1,54,1" doraHai="59" who="1" fromWho="2" sc="163,0,344,26,201,-26,292,0" owari="163,-33.7,370,47.0,175,-22.5,292,9.2" /></mjloggm>