<mjloggm ver="2.3"><GO type="225" lobby="0"/><UN n0="%E7%99%BD%E5%80%89%E5%AF%9B%E4%B9%8B" n1="%E5%B8%86%E7%AB%8B%E5%A4%8F%E8%A1%A3" n2="%70%68%65%6E%6F%6D%65" n3="%E3%81%99%E3%81%84%E3%81%BE%E3%81%9B%E3%83%BC%E3%82%93" dan="16,17,16,18" rate="2121.18,2201.66,2112.85,2213.21" sx="M,M,M,M"/><TAIKYOKU oya="0"/><INIT seed="0,0,0,1,4,15" ten="250,250,250,250" oya="0" hai0="53,59,33,0,123,104,54,27,116,52,93,25,122" hai1="87,26,4,48,10,98,85,1,43,19,24,84,69" hai2="41,96,22,21,32,56,129,125,117,95,89,82,118" hai3="39,38,13,8,76,29,110,62,5,66,34,119,37"/><T73/><D104/><U109/><E69/><V103/><F32/><W57/><G119/><N who="2" m="45577" /><F125/><W6/><G110/><T114/><D116/><U68/><E68/><V94/><F129/><W61/><G76/><T113/><D73/><U14/><E109/><V31/><F31/><W88/><G62/><T75/><D75/><U120/><E120/><V86/><F41/><W105/><G105/><T18/><D0/><U36/><E36/><V51/><F51/><W11/><G29/><T108/><D108/><U100/><E48/><V127/><F127/><W91/><REACH who="3" step="1"/><G34/><REACH who="3" ten="250,250,250,240" step="2"/><T2/><D33/><U30/><E30/><V124/><F124/><W77/><G77/><T81/><D123/><U135/><E135/><V20/><F56/><W111/><G111/><T132/><D122/><U133/><E133/><V45/><F45/><W92/><G92/><AGARI ba="0,1" hai="20,21,22,82,86,89,92,94,95,96,103" m="45577" machi="92" ten="30,1000,0" yaku="12,1" doraHai="15" who="2" fromWho="3" sc="250,0,250,0,250,20,240,-10" /><INIT seed="1,0,0,5,2,0" ten="250,250,270,230" oya="1" hai0="90,34,120,12,28,58,101,2,104,73,95,117,68" hai1="122,19,109,50,131,42,89,66,61,53,41,77,60" hai2="71,98,88,36,124,7,29,46,134,97,35,56,37" hai3="126,16,84,133,32,43,1,4,100,111,91,99,25"/><U83/><E122/><V79/><F71/><W75/><G75/><T92/><D2/><U123/><E123/><V112/><F124/><W59/><G126/><T80/><D68/><U82/><E131/><V18/><F134/><W5/><G133/><T38/><D38/><U9/><E109/><V54/><F79/><W107/><G1/><T51/><D120/><U96/><E96/><V125/><F125/><W118/><G111/><T6/><D117/><U47/><E77/><V31/><F112/><W67/><G43/><T85/><D73/><U135/><E135/><V105/><F18/><W3/><G3/><T69/><D69/><U20/><E9/><V8/><F35/><W78/><G78/><T22/><D34/><U110/><E110/><V49/><F97/><W70/><G70/><T108/><D104/><U24/><E66/><V103/><F88/><W44/><G44/><T76/><D101/><U52/><E42/><V62/><F37/><W57/><G118/><T23/><D108/><U33/><E33/><V40/><REACH who="2" step="1"/><F36/><REACH who="2" ten="250,250,260,230" step="2"/><W72/><G72/><T128/><D76/><U65/><E89/><V21/><F21/><N who="3" m="13479" /><G32/><T11/><D128/><U93/><E93/><N who="0" m="35913" /><D28/><U121/><E121/><V102/><F102/><W81/><G107/><T74/><D74/><U113/><E113/><V39/><F39/><W26/><G100/><T130/><D130/><U30/><E30/><V14/><AGARI ba="0,1" hai="7,8,14,29,31,40,46,49,54,56,62,98,103,105" machi="14" ten="20,5200,0" yaku="1,1,0,1,7,1,52,1,53,0" doraHai="0" doraHaiUra="106" who="2" fromWho="2" sc="250,-13,250,-26,260,62,230,-13" /><INIT seed="2,0,0,5,5,10" ten="237,224,322,217" oya="2" hai0="63,59,131,119,113,96,61,77,135,51,100,102,82" hai1="108,95,46,20,80,23,126,4,101,124,14,69,64" hai2="122,94,9,7,65,55,0,88,52,34,41,109,5" hai3="30,73,128,50,27,48,18,16,17,125,123,25,35"/><V28/><F122/><W53/><G123/><T44/><D113/><U49/><E108/><V54/><F109/><W60/><G73/><T103/><D131/><U6/><E69/><V15/><F65/><W31/><G128/><T99/><D135/><U45/><E64/><V1/><F41/><W43/><G125/><N who="1" m="48234" /><E80/><V117/><F117/><W37/><G37/><T11/><D119/><U36/><E36/><V8/><F1/><W120/><G43/><T22/><D22/><N who="1" m="8235" /><E14/><V32/><REACH who="2" step="1"/><F28/><REACH who="2" ten="237,224,312,217" step="2"/><W134/><G120/><T105/><D105/><U127/><E127/><V84/><AGARI ba="0,1" hai="0,5,7,8,9,15,32,34,52,54,55,84,88,94" machi="84" ten="30,18000,2" yaku="1,1,2,1,0,1,52,1,54,2,53,1" doraHai="10" doraHaiUra="89" who="2" fromWho="2" sc="237,-60,224,-60,312,190,217,-60" /><INIT seed="2,1,0,3,2,118" ten="177,164,502,157" oya="2" hai0="85,95,49,50,41,59,34,4,48,0,18,63,104" hai1="47,58,11,74,60,55,98,36,100,91,75,84,96" hai2="125,127,103,21,35,67,122,119,2,110,97,89,86" hai3="33,128,53,87,115,94,133,56,69,6,10,13,5"/><V114/><F35/><W76/><G133/><T43/><D104/><U44/><E75/><V112/><F119/><W57/><G69/><T19/><D34/><U123/><E74/><V61/><F2/><W27/><G128/><T26/><D4/><U83/><E123/><V37/><F37/><W121/><G121/><T88/><D0/><U16/><E36/><V54/><F54/><W101/><G115/><T42/><REACH who="0" step="1"/><D26/><REACH who="0" ten="167,164,502,157" step="2"/><U132/><E132/><V8/><F114/><W22/><G33/><T92/><D92/><N who="1" m="58375" /><E98/><V90/><F97/><N who="3" m="59575" /><G5/><T120/><D120/><U109/><E109/><V70/><F112/><W15/><G15/><AGARI ba="1,1" hai="11,15,16,44,47,55,58,60,83,84,91" m="58375" machi="15" ten="30,2000,0" yaku="8,1,54,1" doraHai="118" who="1" fromWho="3" sc="167,0,164,33,502,0,157,-23" /><INIT seed="3,0,0,1,5,115" ten="167,197,502,134" oya="3" hai0="54,8,43,92,87,36,94,48,111,57,15,39,52" hai1="6,37,100,10,35,24,107,62,12,118,23,127,72" hai2="47,120,78,0,18,3,25,93,76,109,103,30,41" hai3="5,96,113,34,122,50,59,64,132,128,42,55,130"/><W61/><G113/><T117/><D117/><U60/><E118/><V9/><F109/><W86/><G34/><T91/><D111/><U123/><E123/><V131/><F131/><N who="3" m="50219" /><G5/><T19/><D43/><U33/><E37/><V125/><F3/><W49/><G122/><T81/><D39/><U114/><E72/><V17/><F125/><W38/><G96/><T45/><D36/><U65/><E127/><V28/><F120/><W16/><G132/><T51/><AGARI ba="0,0" hai="8,15,19,45,48,51,52,54,57,81,87,91,92,94" machi="51" ten="20,12000,2" yaku="0,1,7,1,25,2,8,1,54,1" doraHai="115" who="0" fromWho="0" sc="167,120,197,-30,502,-30,134,-60" owari="287,8.7,167,-23.3,472,57.2,74,-42.6" /></mjloggm>