<mjloggm ver="2.3"><GO type="225" lobby="0"/><UN n0="%E3%81%AF%E3%82%88%E3%81%8A%E3%81%98%E3%81%95%E3%82%93" n1="%E3%83%96%E3%83%83%E3%83%91%E3%82%AA%E3%83%96%E3%83%81%E3%82%AD%E3%83%B3" n2="%E3%83%A9%E3%82%B9%E7%8E%87%EF%BC%93%E5%89%B2" n3="%E6%98%93%E5%88%A9%E8%96%A9%E4%BC%AF" dan="16,16,17,17" rate="2202.69,2218.78,2200.80,2164.25" sx="M,M,F,F"/><TAIKYOKU oya="0"/><INIT seed="0,0,0,3,3,6" ten="250,250,250,250" oya="0" hai0="82,127,61,87,92,10,119,58,55,38,25,121,56" hai1="80,75,66,11,78,97,37,65,46,133,13,39,34" hai2="111,23,42,35,67,130,98,21,8,86,45,51,117" hai3="36,52,128,77,28,124,95,16,50,135,90,43,123"/><T84/><D119/><U93/><E133/><V44/><F35/><W101/><G135/><T14/><D121/><U57/><E34/><V120/><F120/><W31/><G123/><T29/><D127/><U53/><E66/><V20/><F111/><W54/><G128/><T63/><D38/><U40/><E65/><V106/><F67/><W99/><G77/><T76/><D92/><U132/><E132/><V70/><F70/><W103/><G36/><T81/><D25/><U27/><E27/><V94/><F106/><W26/><G124/><T1/><D1/><U134/><E134/><V19/><F130/><W115/><G115/><T83/><D29/><N who="3" m="11337" /><G43/><T7/><D84/><U3/><E3/><V5/><F86/><W69/><G69/><T88/><D76/><U48/><E46/><N who="2" m="26071" /><F5/><W72/><G72/><T30/><D30/><U118/><E40/><V105/><F117/><W129/><G129/><T74/><D74/><U112/><E112/><V91/><F105/><W125/><G125/><T0/><D0/><U85/><E75/><V32/><F32/><W108/><G108/><T18/><D7/><U116/><E116/><V47/><F19/><W17/><G54/><AGARI ba="0,0" hai="10,14,18,54,55,56,58,61,63,81,82,83,87,88" machi="54" ten="30,12000,1" yaku="7,1,9,1,8,1,52,1,54,1" doraHai="6" who="0" fromWho="3" sc="250,120,250,0,250,0,250,-120" /><INIT seed="0,1,0,1,3,38" ten="370,250,250,130" oya="0" hai0="78,124,59,7,35,90,51,37,96,29,97,12,53" hai1="5,109,128,85,106,104,63,45,58,62,8,118,48" hai2="19,110,107,134,21,73,94,32,15,133,9,68,69" hai3="56,121,52,25,120,40,11,67,99,116,93,1,24"/><T31/><D37/><U81/><E118/><V101/><F107/><W89/><G116/><T43/><D124/><U14/><E109/><V95/><F32/><W23/><G67/><T50/><D78/><U76/><E128/><V27/><F73/><W113/><G113/><T61/><D35/><U33/><E33/><V123/><F123/><N who="3" m="47179" /><G11/><N who="0" m="4223" /><D51/><U127/><E127/><V28/><F110/><W102/><G1/><T57/><D90/><U4/><E4/><V66/><F66/><W115/><G115/><T60/><D96/><U47/><E47/><V20/><F9/><W135/><G135/><N who="2" m="51721" /><F101/><W39/><G102/><T111/><D97/><U108/><E108/><V36/><F36/><W91/><G91/><T46/><D111/><U2/><E2/><V26/><F26/><W74/><G74/><T92/><D92/><AGARI ba="1,0" hai="15,19,20,21,27,28,68,69,92,94,95" m="51721" machi="92" ten="30,1000,0" yaku="20,1" doraHai="38" who="2" fromWho="0" sc="370,-13,250,0,250,13,130,0" /><INIT seed="1,0,0,3,1,3" ten="357,250,263,130" oya="1" hai0="9,28,19,35,128,80,81,108,119,135,82,64,74" hai1="4,66,67,99,127,110,132,14,61,2,121,11,49" hai2="38,53,59,72,69,105,63,6,91,32,88,98,95" hai3="76,24,57,42,134,40,31,10,90,87,115,65,123"/><U56/><E121/><V33/><F72/><W93/><G115/><T60/><D119/><U86/><E127/><V50/><F38/><W18/><G123/><T133/><D108/><U29/><E132/><N who="0" m="50761" /><D128/><U25/><E110/><V7/><F105/><W97/><G134/><T100/><D100/><U0/><E67/><V5/><F69/><W101/><G76/><N who="0" m="44055" /><D28/><U30/><E30/><V44/><REACH who="2" step="1"/><F91/><REACH who="2" ten="357,250,253,130" step="2"/><W114/><G114/><T54/><D35/><U43/><E86/><V92/><F92/><W34/><G90/><T48/><D82/><U13/><E99/><V125/><F125/><W70/><G87/><T75/><D81/><U41/><E0/><V68/><F68/><W27/><G70/><T117/><D75/><U112/><E112/><V89/><F89/><W109/><G109/><T107/><D107/><U113/><E113/><V94/><F94/><W15/><G27/><T111/><D111/><U8/><E2/><V102/><F102/><W36/><G36/><T55/><D117/><U130/><E130/><V118/><F118/><W129/><G129/><T51/><D64/><AGARI ba="0,1" hai="5,6,7,32,33,44,50,53,59,63,64,88,95,98" machi="64" ten="40,8000,1" yaku="1,1,52,3,54,1,53,0" doraHai="3" doraHaiUra="122" who="2" fromWho="0" sc="357,-80,250,0,253,90,130,0" /><INIT seed="2,0,0,3,0,33" ten="277,250,343,130" oya="2" hai0="128,119,56,80,48,102,117,24,101,110,0,66,91" hai1="78,84,37,108,46,121,51,40,12,85,21,55,86" hai2="75,82,125,116,114,8,87,127,120,97,64,34,58" hai3="53,57,27,13,29,36,38,7,96,20,89,83,69"/><V123/><F34/><W112/><G69/><T19/><D110/><U115/><E108/><V15/><F75/><W88/><G112/><T71/><D71/><U35/><E115/><V2/><F116/><N who="0" m="44618" /><D128/><U74/><E35/><V81/><F97/><W44/><G44/><T4/><D19/><U106/><E106/><V1/><F114/><W132/><G132/><T45/><D24/><U47/><E121/><N who="2" m="46667" /><F58/><W135/><G135/><T68/><D56/><U62/><E62/><V70/><F64/><W49/><G83/><N who="2" m="31753" /><F87/><W31/><G31/><T126/><D66/><U23/><E74/><V14/><F8/><W73/><G73/><T92/><D80/><U107/><E107/><V103/><F103/><W104/><G104/><T124/><D68/><U94/><E78/><V93/><F93/><W60/><G60/><T32/><D32/><U28/><E94/><V76/><F76/><W10/><REACH who="3" step="1"/><G96/><REACH who="3" ten="277,250,343,120" step="2"/><T9/><D124/><N who="2" m="47690" /><F70/><W26/><G26/><T54/><D126/><U133/><E133/><V67/><F67/><W5/><G5/><T17/><D17/><U100/><E47/><V3/><AGARI ba="0,1" hai="1,2,3,14,15" m="47690,31753,46667" machi="3" ten="40,18000,2" yaku="28,2,18,1,52,3" doraHai="33" who="2" fromWho="2" sc="277,-60,250,-60,343,190,120,-60" /><INIT seed="2,1,0,3,5,127" ten="217,190,533,60" oya="2" hai0="93,71,19,95,39,118,129,74,1,45,123,29,4" hai1="87,103,5,82,52,16,90,110,113,8,115,86,80" hai2="59,72,30,43,37,122,132,27,94,83,50,120,100" hai3="32,73,36,40,104,121,79,96,111,128,84,99,81"/><V54/><F132/><W66/><G121/><T49/><D123/><U125/><E125/><V117/><F117/><W46/><G111/><T114/><D114/><U131/><E103/><V17/><F17/><W25/><G84/><T97/><D71/><U2/><E110/><V51/><F37/><W108/><G108/><T89/><D74/><U133/><E133/><V75/><F75/><W31/><G66/><T130/><D118/><U124/><E124/><V34/><F43/><W78/><G78/><T42/><D29/><U41/><E41/><V98/><F51/><W63/><G63/><T67/><D67/><U15/><E131/><N who="0" m="50185" /><D19/><U60/><E52/><V112/><F112/><W134/><G128/><T77/><D77/><U0/><E60/><V38/><F72/><W26/><G134/><T119/><D119/><U107/><E107/><V91/><F30/><W53/><G104/><T28/><D28/><U20/><E0/><V55/><F122/><W11/><G31/><T23/><D23/><U62/><REACH who="1" step="1"/><E62/><REACH who="1" ten="217,180,533,60" step="2"/><V61/><F61/><W44/><G32/><T57/><D57/><U24/><E24/><V33/><F27/><W7/><G26/><T135/><D135/><U105/><E105/><V18/><F33/><W6/><G25/><T65/><D65/><U13/><E13/><V116/><F34/><W9/><G36/><T126/><D126/><U70/><E70/><V21/><F116/><W22/><G22/><T69/><D69/><U88/><AGARI ba="1,1" hai="2,5,8,15,16,20,80,82,86,87,88,90,113,115" machi="88" ten="20,16000,3" yaku="1,1,0,1,7,1,9,1,54,2,53,2" doraHai="127" doraHaiUra="109" who="1" fromWho="1" sc="217,-41,180,173,533,-81,60,-41" /><INIT seed="3,0,0,5,0,26" ten="176,353,452,19" oya="3" hai0="1,19,109,57,38,60,11,36,66,118,34,27,62" hai1="128,73,87,130,53,28,102,115,31,68,96,13,86" hai2="77,15,121,80,30,25,43,93,127,12,101,61,89" hai3="132,2,22,54,131,111,55,113,88,5,123,18,41"/><W29/><G113/><T119/><D109/><U76/><E68/><V63/><F127/><W50/><G123/><T10/><D27/><U46/><E115/><V0/><F0/><W44/><G131/><N who="1" m="50218" /><E13/><N who="2" m="5195" /><F43/><W70/><G70/><T58/><D19/><U51/><E73/><V112/><F101/><W95/><G132/><T98/><D98/><U82/><E76/><V99/><F112/><W39/><G111/><T133/><D34/><U48/><E48/><V100/><F77/><W71/><G71/><T40/><D40/><U72/><E72/><V6/><F6/><W104/><G104/><T106/><D106/><N who="1" m="63815" /><E82/><V116/><F116/><W65/><G65/><T94/><D94/><U90/><E90/><V125/><F121/><W108/><G108/><T45/><D45/><U49/><E49/><V129/><F129/><W20/><G39/><T83/><D83/><U64/><E64/><V75/><F75/><W47/><G47/><T24/><D24/><U81/><E81/><V23/><F125/><W84/><G29/><AGARI ba="0,0" hai="28,29,31,46,51,53,86,87" m="63815,50218" machi="29" ten="30,7700,0" yaku="19,1,52,3" doraHai="26" who="1" fromWho="3" sc="176,0,353,77,452,0,19,-77" owari="176,-22.4,430,23.0,452,55.2,-58,-55.8" /></mjloggm>