<mjloggm ver="2.3"><GO type="225" lobby="0"/><UN n0="%E3%81%AF%E3%82%88%E3%81%8A%E3%81%98%E3%81%95%E3%82%93" n1="%E6%98%93%E5%88%A9%E8%96%A9%E4%BC%AF" n2="%6C%61%6D%62" n3="%E6%9D%BE%E6%9C%AC%E5%81%A5%E7%94%B7" dan="17,17,16,17" rate="2151.76,2155.82,2249.77,2232.09" sx="M,F,M,M"/><TAIKYOKU oya="0"/><INIT seed="0,0,0,0,2,124" ten="250,250,250,250" oya="0" hai0="25,59,47,63,69,12,125,21,66,11,83,32,78" hai1="74,114,102,84,68,71,50,5,8,103,79,39,48" hai2="44,97,101,31,116,117,77,70,106,92,107,115,134" hai3="65,2,90,6,49,30,58,98,38,15,126,3,88"/><T95/><D125/><U127/><E39/><V113/><F70/><W100/><G38/><T85/><D32/><U81/><E127/><V135/><F77/><W121/><G126/><T36/><D36/><U54/><E114/><N who="2" m="43531" /><F44/><W73/><G121/><T62/><D47/><U4/><E4/><V52/><F52/><W18/><G30/><T132/><D132/><N who="2" m="50730" /><F31/><W89/><G6/><T45/><D45/><U80/><E71/><V131/><F131/><W57/><G73/><T13/><D95/><U34/><E68/><V109/><F109/><W9/><G58/><T46/><D46/><U0/><E34/><V86/><F86/><W28/><G28/><T53/><D69/><U17/><E54/><V120/><F120/><W99/><G49/><T87/><D85/><U24/><E50/><V37/><F37/><W108/><G108/><T20/><D63/><U51/><E48/><V110/><F110/><W27/><G99/><T35/><D53/><U111/><E51/><V61/><F61/><W82/><G82/><T60/><D62/><U129/><E111/><V119/><AGARI ba="0,0" hai="92,97,101,106,107,116,117,119" m="50730,43531" machi="119" ten="40,8000,1" yaku="12,1,20,1,34,2" doraHai="124" who="2" fromWho="2" sc="250,-40,250,-20,250,80,250,-20" /><INIT seed="1,0,0,0,3,72" ten="210,230,330,230" oya="1" hai0="53,71,123,125,101,11,81,19,116,49,47,9,133" hai1="41,60,127,130,50,46,25,61,22,44,92,83,129" hai2="36,14,97,64,37,112,57,67,8,128,77,90,78" hai3="100,32,65,118,74,107,109,96,34,39,94,0,31"/><U88/><E127/><V99/><F128/><N who="1" m="49257" /><E46/><V30/><F112/><W21/><G109/><T24/><D116/><U4/><E4/><V122/><F122/><W12/><G118/><T120/><D71/><U15/><E15/><V27/><F37/><W42/><G0/><T17/><D125/><U119/><E83/><V43/><F36/><W54/><G74/><T115/><D115/><U48/><E48/><V40/><F30/><W55/><G42/><N who="2" m="15913" /><F27/><W108/><G39/><T135/><D101/><U6/><E6/><N who="2" m="3351" /><F57/><W63/><G108/><T95/><D95/><U10/><E10/><N who="0" m="3593" /><D81/><U89/><E119/><V103/><F103/><W98/><G12/><T68/><D68/><U113/><E113/><V93/><F97/><W105/><G98/><T124/><D124/><U3/><E3/><V131/><F131/><W126/><G126/><T111/><D111/><U121/><E121/><N who="0" m="46665" /><D24/><U102/><E102/><V26/><F26/><N who="3" m="16847" /><G107/><T82/><D82/><U79/><E92/><V58/><F58/><N who="3" m="37111" /><G105/><T52/><D53/><AGARI ba="0,0" hai="32,34,53,54,55,94,96,100" m="37111,16847" machi="53" ten="30,1000,0" yaku="25,1" doraHai="72" who="3" fromWho="0" sc="210,-10,230,0,330,0,230,10" /><INIT seed="2,0,0,5,1,104" ten="200,230,330,240" oya="2" hai0="37,52,79,5,71,41,1,113,11,91,56,114,128" hai1="81,57,110,93,87,43,22,109,74,62,112,19,42" hai2="40,44,31,135,68,24,96,77,35,83,125,111,88" hai3="64,46,13,32,121,10,45,29,117,12,126,6,17"/><V30/><F135/><W92/><G117/><T4/><D128/><U89/><E112/><V123/><F123/><W82/><G121/><T18/><D71/><U36/><E93/><V130/><F130/><W33/><G126/><T15/><D4/><U67/><E74/><V129/><F129/><W134/><G134/><T23/><D79/><U122/><E122/><V39/><F125/><W102/><G64/><T94/><D41/><U116/><E116/><V34/><F68/><W47/><G29/><T63/><REACH who="0" step="1"/><D37/><REACH who="0" ten="190,230,330,240" step="2"/><U78/><E78/><V95/><F111/><N who="1" m="42505" /><E36/><V7/><F7/><W20/><G32/><T49/><D49/><U65/><E65/><V115/><F115/><W8/><G33/><T50/><D50/><U72/><E72/><V127/><F127/><W66/><G66/><T90/><D90/><U133/><E133/><V86/><F35/><W53/><G53/><T124/><D124/><U0/><E0/><V131/><F131/><W21/><G82/><T25/><D25/><AGARI ba="0,1" hai="19,22,25,42,43,57,62,67,81,87,89" m="42505" machi="25" ten="30,1000,0" yaku="14,1" doraHai="104" who="1" fromWho="0" sc="190,-10,230,20,330,0,240,0" /><INIT seed="3,0,0,3,4,82" ten="180,250,330,240" oya="3" hai0="55,77,53,9,131,71,59,67,85,15,97,14,123" hai1="35,40,27,50,37,8,96,75,52,56,89,110,124" hai2="4,49,65,0,23,100,88,135,31,134,24,47,70" hai3="39,78,106,16,102,21,32,72,80,1,30,10,33"/><W19/><G39/><T112/><D123/><U111/><E75/><V7/><F100/><W13/><G30/><T74/><D74/><U95/><E124/><V126/><F126/><W79/><G79/><T129/><D71/><U73/><E73/><V26/><F0/><W130/><G130/><T22/><D112/><U20/><E35/><V43/><F70/><W68/><G68/><T36/><D36/><U128/><E8/><V41/><F65/><W103/><G1/><T2/><D2/><U94/><E128/><V48/><F88/><W66/><G66/><T51/><D67/><U6/><E6/><V76/><F76/><W11/><G11/><T117/><D117/><U46/><REACH who="1" step="1"/><E94/><REACH who="1" ten="180,240,330,240" step="2"/><V108/><F7/><W61/><G33/><T122/><D122/><U83/><E83/><V69/><F4/><W105/><G32/><T84/><D129/><U116/><E116/><V57/><F23/><W132/><G106/><T92/><D131/><U38/><E38/><V62/><F134/><W101/><G105/><T45/><D77/><U127/><E127/><V29/><F135/><W109/><G132/><T119/><D119/><U91/><E91/><V125/><F125/><W3/><G103/><N who="0" m="60839" /><D22/><U25/><E25/><V17/><F24/><W63/><G101/><T118/><D118/><U90/><E90/><V121/><F26/><N who="3" m="14631" /><G102/><T133/><D133/><U93/><E93/><V34/><F34/><W58/><G72/><T42/><D15/><U99/><E99/><V114/><F121/><W98/><G3/><T104/><D104/><U107/><E107/><V5/><F5/><RYUUKYOKU ba="0,1" sc="180,-10,240,30,330,-10,240,-10" hai1="20,27,37,40,46,50,52,56,89,95,96,110,111" owari="170,-33.0,270,7.0,330,43.0,230,-17.0" /></mjloggm>