<mjloggm ver="2.3"><GO type="225" lobby="0"/><UN n0="%E6%B7%91%E5%A5%B3%E3%81%AE%E5%97%9C%E3%81%BF" n1="%E9%80%86%E9%80%A3%E5%B8%AF%E3%81%AE%E9%AC%BC" n2="%E9%A6%AC%E5%BC%95%E7%81%AB%33" n3="%E3%83%96%E3%83%83%E3%83%91%E3%82%AA%E3%83%96%E3%83%81%E3%82%AD%E3%83%B3" dan="16,16,16,16" rate="2149.90,2016.36,2151.06,2212.52" sx="M,M,M,M"/><TAIKYOKU oya="0"/><INIT seed="0,0,0,5,5,19" ten="250,250,250,250" oya="0" hai0="120,131,52,80,1,18,0,124,69,21,63,104,39" hai1="50,8,68,97,37,129,34,75,47,77,53,23,33" hai2="78,65,44,9,42,64,127,45,122,91,28,95,135" hai3="125,13,66,36,14,43,89,7,3,10,11,62,94"/><T16/><D120/><U99/><E68/><V101/><F122/><W22/><G125/><T29/><D124/><U30/><E129/><V133/><F127/><W86/><G3/><T74/><D104/><U98/><E37/><V106/><F78/><W41/><G36/><T110/><D39/><U85/><E75/><V87/><F28/><W119/><G119/><T118/><D118/><U130/><E130/><V111/><F111/><W90/><G90/><T81/><D131/><U96/><N who="1" m="24576" /><DORA hai="60" /><U67/><E67/><N who="2" m="25675" /><F106/><W57/><REACH who="3" step="1"/><G22/><REACH who="3" ten="250,250,250,240" step="2"/><T49/><D110/><U92/><E23/><V79/><F79/><W109/><G109/><T48/><D0/><U93/><E77/><V54/><F91/><W40/><G40/><T5/><D1/><U55/><E34/><V76/><F42/><W83/><G83/><T71/><D80/><U82/><E82/><V31/><F76/><W6/><AGARI ba="0,1" hai="6,7,10,11,13,14,41,43,57,62,66,86,89,94" machi="6" ten="20,16000,3" yaku="1,1,0,1,7,1,9,1,8,1,52,1,53,2" doraHai="19,60" doraHaiUra="128,38" who="3" fromWho="3" sc="250,-80,250,-40,250,-40,240,170" /><INIT seed="1,0,0,4,3,11" ten="170,210,210,410" oya="1" hai0="80,94,42,114,127,57,76,84,69,49,126,47,111" hai1="61,30,102,2,55,119,25,63,8,130,92,16,38" hai2="86,106,46,21,19,17,135,123,125,50,79,101,134" hai3="91,51,131,20,110,98,64,58,128,32,34,28,31"/><U60/><E119/><V82/><F123/><W105/><G110/><T74/><D114/><U109/><E38/><V53/><F125/><N who="0" m="47626" /><D69/><U93/><E130/><N who="3" m="49706" /><G20/><T108/><D57/><U18/><E109/><N who="0" m="42057" /><D94/><U37/><E37/><V33/><F33/><N who="3" m="12907" /><G91/><T75/><AGARI ba="0,0" hai="42,47,49,74,75,76,80,84" m="42057,47626" machi="75" ten="40,2700,0" yaku="18,1,14,1" doraHai="11" who="0" fromWho="0" sc="170,27,210,-13,210,-7,410,-7" /><INIT seed="2,0,0,2,0,7" ten="197,197,203,403" oya="2" hai0="10,39,67,110,3,121,68,103,66,62,38,4,59" hai1="123,89,93,46,74,8,75,14,54,18,78,70,99" hai2="60,32,56,43,133,118,65,63,108,85,1,107,111" hai3="52,112,40,97,51,35,11,26,117,22,19,128,30"/><V49/><F118/><W61/><G112/><T9/><D121/><U21/><E123/><V82/><F133/><W16/><G117/><T34/><D110/><N who="2" m="42026" /><F1/><W50/><G128/><T119/><D119/><U57/><E70/><V13/><F32/><W73/><G73/><T116/><D116/><U106/><E106/><V44/><F63/><W17/><G35/><T77/><D34/><U6/><E46/><V83/><F107/><W41/><G11/><T122/><D122/><U58/><E58/><V55/><F13/><W29/><G29/><T131/><D131/><U105/><E105/><V135/><F135/><W71/><G71/><T98/><D77/><U94/><E94/><V27/><F27/><W134/><G134/><T100/><D68/><U124/><E124/><V53/><F83/><W45/><G61/><T102/><D67/><U130/><E130/><V33/><F33/><W48/><REACH who="3" step="1"/><G97/><REACH who="3" ten="197,197,203,393" step="2"/><T95/><REACH who="0" step="1"/><D10/><REACH who="0" ten="187,197,203,393" step="2"/><U84/><E8/><V86/><F86/><W47/><G47/><T12/><D12/><U31/><E84/><V42/><F65/><W90/><G90/><AGARI ba="0,2" hai="3,4,9,38,39,59,62,66,90,95,98,100,102,103" machi="90" ten="40,2600,0" yaku="1,1,52,1,53,0" doraHai="7" doraHaiUra="81" who="0" fromWho="3" sc="187,46,197,0,203,0,393,-26" /><AGARI ba="0,0" hai="42,43,44,49,53,55,56,60,82,85,90" m="42026" machi="90" ten="30,2900,0" yaku="14,1,10,1" doraHai="7" who="2" fromWho="3" sc="233,0,197,0,203,29,367,-29" /><INIT seed="2,1,0,5,1,104" ten="233,197,232,338" oya="2" hai0="3,12,50,40,103,37,58,70,5,30,53,46,18" hai1="10,91,56,130,16,4,108,63,100,65,132,134,97" hai2="36,66,0,32,99,28,72,29,22,85,26,1,19" hai3="79,25,33,41,88,67,111,131,62,17,34,7,135"/><V127/><F72/><W121/><G121/><T44/><D70/><U126/><E130/><V51/><F36/><W89/><G131/><T69/><D69/><U95/><E126/><V107/><F66/><W54/><G111/><T48/><D30/><U110/><E100/><V113/><F113/><W93/><G41/><T75/><D75/><U123/><E123/><V98/><F29/><W73/><G135/><N who="1" m="51754" /><E4/><V129/><F129/><W124/><G124/><T109/><D103/><U47/><E47/><V64/><F64/><W128/><G7/><T86/><D5/><U52/><E65/><V21/><F127/><W60/><G54/><T35/><D3/><U43/><E43/><V94/><F107/><W24/><G128/><T133/><D109/><U114/><E114/><V14/><F32/><W80/><G89/><T92/><D35/><U59/><E59/><V71/><F71/><W112/><G62/><T82/><D44/><U101/><E101/><V122/><F122/><W84/><G112/><T76/><D133/><U2/><E2/><V11/><F1/><W83/><G83/><T23/><REACH who="0" step="1"/><D92/><REACH who="0" ten="223,197,232,338" step="2"/><U87/><E110/><V78/><F0/><W57/><G33/><T106/><D106/><U9/><E108/><V49/><F94/><W42/><G34/><T6/><D6/><U115/><E115/><V61/><F28/><W74/><G74/><T81/><D81/><N who="1" m="49647" /><E16/><V118/><F19/><W77/><G17/><T39/><AGARI ba="1,1" hai="12,18,23,37,39,40,46,48,50,53,58,76,82,86" machi="39" ten="30,7900,0" yaku="1,1,0,1,53,2" doraHai="104" doraHaiUra="68" who="0" fromWho="0" sc="223,92,197,-21,232,-40,338,-21" /><INIT seed="3,0,0,3,2,91" ten="315,176,192,317" oya="3" hai0="121,49,50,71,95,128,60,112,124,19,120,127,84" hai1="94,54,63,103,80,100,30,39,24,57,31,90,99" hai2="6,70,108,53,18,96,72,114,82,34,44,77,40" hai3="45,42,15,13,62,5,125,56,22,126,28,93,78"/><W113/><G113/><T65/><D128/><U51/><E39/><V12/><F114/><W52/><G78/><T41/><D112/><U27/><E51/><N who="0" m="19465" /><D41/><U85/><E103/><V61/><F34/><W73/><G73/><T3/><D3/><U1/><E1/><V130/><F6/><W25/><G5/><T79/><D19/><U89/><E100/><V35/><F35/><W69/><G69/><T7/><D7/><U66/><E66/><V102/><F130/><W86/><G42/><T83/><D95/><U55/><E55/><V46/><F53/><W9/><G45/><T88/><D79/><U129/><E129/><V32/><F44/><W33/><G33/><T87/><D87/><U2/><E2/><V17/><F32/><W101/><G86/><T21/><D21/><U133/><E133/><V26/><F46/><W68/><G68/><T81/><D81/><U116/><E116/><V67/><F40/><W10/><G10/><T123/><D123/><U122/><E122/><V20/><F70/><W37/><G37/><T48/><D48/><U43/><E43/><V11/><F72/><W58/><G58/><T14/><D14/><N who="3" m="5129" /><G9/><T47/><D47/><U135/><E135/><V38/><F11/><W109/><G109/><T29/><D29/><AGARI ba="0,0" hai="24,27,29,30,31,54,57,63,80,85,89,90,94,99" machi="29" ten="40,2600,0" yaku="8,1,52,1" doraHai="91" who="1" fromWho="0" sc="315,-26,176,26,192,0,317,0" owari="289,8.9,202,-19.8,192,-30.8,317,41.7" /></mjloggm>