<mjloggm ver="2.3"><GO type="225" lobby="0"/><UN n0="%E7%99%BD%E5%80%89%E5%AF%9B%E4%B9%8B" n1="%E3%83%96%E3%83%83%E3%83%91%E3%82%AA%E3%83%96%E3%83%81%E3%82%AD%E3%83%B3" n2="%E5%B6%BA%E4%B8%8A%E5%92%B2" n3="%E5%8F%AF%E5%85%90%E9%82%A3%E7%94%B1%E5%A4%9A" dan="16,16,16,16" rate="2152.55,2107.63,2187.27,2087.90" sx="M,M,F,F"/><TAIKYOKU oya="0"/><INIT seed="0,0,0,2,4,3" ten="250,250,250,250" oya="0" hai0="69,79,22,45,25,58,125,61,119,106,130,21,112" hai1="83,109,107,129,132,70,27,77,76,39,46,23,37" hai2="26,41,121,113,111,104,100,34,126,18,33,13,62" hai3="78,96,88,42,31,75,38,82,117,85,124,24,133"/><T60/><D106/><U56/><E70/><V93/><F113/><W101/><G117/><T127/><D112/><U71/><E71/><V105/><F121/><W135/><G42/><T47/><D119/><U20/><E109/><V94/><F126/><N who="0" m="48138" /><D130/><U65/><E129/><V86/><F111/><W84/><G38/><T114/><D114/><U99/><E132/><N who="3" m="50762" /><G24/><T87/><D69/><U115/><E115/><V131/><F131/><W10/><G31/><N who="0" m="17839" /><D22/><U73/><E20/><V68/><F41/><W122/><G10/><T12/><D12/><U49/><E23/><V54/><F104/><N who="3" m="63527" /><G124/><T48/><D48/><U43/><E49/><V89/><F105/><W134/><N who="3" m="50770" /><W53/><DORA hai="19" /><G53/><N who="0" m="33871" /><D61/><U90/><E39/><V8/><F34/><W29/><G29/><T72/><D72/><U36/><E73/><V14/><F33/><W15/><G15/><T64/><D64/><U7/><E65/><V50/><F13/><W66/><G66/><T51/><D51/><U102/><E37/><V98/><F26/><W103/><G122/><T32/><D32/><U110/><E27/><V2/><F68/><W40/><G75/><T91/><D79/><U44/><E76/><V35/><F35/><W30/><G30/><T92/><AGARI ba="0,0" hai="45,47,87,91,92" m="33871,17839,48138" machi="92" ten="30,3000,0" yaku="18,1,52,1" doraHai="3,19" who="0" fromWho="0" sc="250,30,250,-10,250,-10,250,-10" /><INIT seed="0,1,0,3,5,111" ten="280,240,240,240" oya="0" hai0="35,102,59,37,82,48,14,92,96,88,54,75,106" hai1="36,8,5,132,0,80,46,41,108,26,116,38,7" hai2="86,119,42,6,69,93,66,47,109,16,23,11,17" hai3="44,61,64,76,112,126,87,103,134,94,40,118,127"/><T20/><D35/><U21/><E108/><V122/><F122/><W30/><G118/><T105/><D37/><U53/><E132/><V107/><F107/><W78/><G134/><T81/><D75/><U29/><E116/><V121/><F119/><W50/><G30/><T95/><D106/><U71/><E71/><V52/><F121/><W120/><G120/><T4/><D105/><U28/><E7/><V98/><F109/><W24/><G24/><T13/><D13/><U2/><E2/><V130/><F130/><W124/><G112/><T56/><D59/><U1/><E1/><V60/><F86/><W135/><G135/><T55/><D55/><U31/><E38/><V85/><F85/><W89/><REACH who="3" step="1"/><G103/><REACH who="3" ten="280,240,240,230" step="2"/><T32/><D32/><U99/><E99/><V12/><F23/><W110/><G110/><T128/><D128/><U49/><REACH who="1" step="1"/><E80/><REACH who="1" ten="280,230,240,230" step="2"/><V9/><F98/><W39/><G39/><T74/><D82/><U129/><E129/><V72/><F9/><W22/><G22/><T65/><D20/><U115/><E115/><V77/><F11/><W131/><G131/><T73/><D81/><U45/><AGARI ba="1,2" hai="0,5,8,21,26,28,29,31,36,41,45,46,49,53" machi="45" ten="20,2700,0" yaku="1,1,0,1,7,1,53,0" doraHai="111" doraHaiUra="67" who="1" fromWho="1" sc="280,-14,230,50,240,-8,230,-8" /><INIT seed="1,0,0,1,4,19" ten="266,280,232,222" oya="1" hai0="133,49,41,92,12,34,32,48,127,79,125,87,118" hai1="22,105,74,106,68,63,83,61,18,31,47,117,100" hai2="10,54,102,107,130,128,5,28,50,85,101,25,2" hai3="62,55,76,52,123,71,97,26,35,86,42,132,6"/><U59/><E117/><V116/><F116/><W94/><G123/><T21/><D118/><U37/><E100/><V43/><F43/><W111/><G111/><T120/><D120/><U56/><E68/><V8/><F85/><W108/><G108/><T129/><D133/><U82/><E31/><V96/><F8/><W57/><G132/><T13/><D129/><N who="2" m="49770" /><F102/><W75/><G75/><T126/><D12/><U73/><E18/><V53/><F50/><N who="0" m="19562" /><D41/><U78/><E78/><V114/><F114/><W17/><G42/><T14/><D14/><U23/><E47/><V51/><F51/><W65/><G6/><T115/><D115/><U16/><E16/><V91/><F91/><N who="3" m="55519" /><G71/><T104/><D104/><U84/><REACH who="1" step="1"/><E84/><REACH who="1" ten="266,270,232,222" step="2"/><V45/><F45/><W70/><G70/><T36/><D79/><U7/><E7/><V1/><F1/><W112/><G112/><T39/><D36/><AGARI ba="0,1" hai="22,23,36,37,56,59,61,63,73,74,82,83,105,106" machi="36" ten="25,12000,1" yaku="1,1,22,2,52,2,53,0" doraHai="19" doraHaiUra="135" who="1" fromWho="0" sc="266,-120,270,130,232,0,222,0" /><INIT seed="1,1,0,2,1,39" ten="146,400,232,222" oya="1" hai0="8,121,16,46,85,122,78,68,132,32,10,13,34" hai1="30,7,55,62,48,71,23,75,107,119,100,84,129" hai2="63,29,17,114,76,86,123,64,58,99,33,102,118" hai3="60,110,65,5,127,54,115,96,66,101,106,38,47"/><U36/><E119/><V116/><F123/><N who="0" m="47114" /><D68/><U90/><E75/><V21/><F114/><W108/><G115/><T126/><D78/><U0/><E129/><V25/><F76/><W14/><G127/><T98/><D85/><U111/><E36/><V135/><F86/><W4/><G54/><T104/><D98/><U45/><E0/><V97/><F135/><W131/><G131/><T72/><D104/><U133/><E133/><V42/><F42/><N who="3" m="22999" /><G14/><N who="0" m="7239" /><D72/><U77/><E77/><V15/><F99/><W6/><G60/><T128/><D46/><U22/><E107/><AGARI ba="1,0" hai="15,17,21,25,29,33,58,63,64,97,102,107,116,118" machi="107" ten="30,1000,0" yaku="7,1" doraHai="39" who="2" fromWho="1" sc="146,0,400,-13,232,13,222,0" /><INIT seed="2,0,0,2,3,92" ten="146,387,245,222" oya="2" hai0="38,26,127,36,25,111,59,71,27,51,80,10,109" hai1="5,76,1,133,108,66,110,119,11,52,75,23,60" hai2="56,41,54,19,91,55,130,28,70,35,29,61,57" hai3="16,69,63,31,105,3,93,21,135,39,104,14,9"/><V65/><F130/><W62/><G39/><N who="0" m="14891" /><D80/><U42/><E119/><V116/><F116/><W12/><G3/><T73/><D10/><U89/><E42/><V58/><F35/><W68/><G135/><T43/><D71/><U17/><E133/><V117/><F117/><W20/><G93/><T98/><D73/><U32/><E32/><V22/><F41/><W4/><G31/><N who="2" m="11849" /><F70/><W78/><G78/><T103/><D43/><U84/><E75/><V72/><F72/><W134/><G134/><T30/><D51/><U94/><E76/><V115/><F115/><W126/><G126/><T125/><D59/><N who="2" m="22602" /><F91/><W100/><G100/><T53/><D53/><U87/><E52/><V85/><F85/><W64/><G21/><T77/><D77/><U88/><E66/><AGARI ba="0,0" hai="4,9,12,14,16,20,62,63,64,66,68,69,104,105" machi="66" ten="40,2600,0" yaku="9,1,54,1" doraHai="92" who="3" fromWho="1" sc="146,0,387,-26,245,0,222,26" /><INIT seed="3,0,0,0,1,18" ten="146,361,245,248" oya="3" hai0="95,101,113,124,105,91,96,34,111,63,55,135,58" hai1="33,26,89,48,126,87,78,53,2,103,84,42,56" hai2="76,25,79,116,30,102,128,10,8,31,114,5,85" hai3="125,32,69,1,23,120,68,99,35,43,44,70,60"/><W67/><G120/><T71/><D111/><U83/><E126/><V75/><F75/><W65/><G125/><T97/><D124/><U86/><E2/><V22/><F114/><W122/><G122/><T93/><D113/><U115/><E115/><V37/><F116/><W62/><G69/><T59/><D135/><U0/><E0/><V16/><F37/><W133/><G133/><T107/><D71/><U24/><E103/><V74/><F74/><W73/><G1/><T109/><D109/><U104/><E104/><V50/><F128/><W130/><G130/><T88/><D34/><U132/><E132/><V108/><F108/><W118/><G118/><T17/><D101/><U27/><E33/><V52/><F102/><W39/><G73/><T121/><D121/><U20/><E42/><V36/><F36/><W9/><G9/><T61/><REACH who="0" step="1"/><D17/><REACH who="0" ten="136,361,245,248" step="2"/><N who="1" m="12303" /><E87/><V123/><F123/><W90/><G32/><T119/><D119/><U82/><AGARI ba="0,1" hai="26,27,48,53,56,78,82,83,84,86,89" m="12303" machi="82" ten="30,2000,0" yaku="8,1,52,1" doraHai="18" who="1" fromWho="1" sc="136,-5,361,30,245,-5,248,-10" owari="131,-36.9,391,49.1,240,4.0,238,-16.2" /></mjloggm>