<mjloggm ver="2.3"><GO type="225" lobby="0"/><UN n0="%E5%B0%8F%E5%AE%AE%E3%81%9F%E3%81%9A%E3%81%8D" n1="%E6%98%93%E5%88%A9%E8%96%A9%E4%BC%AF" n2="%72%69%6F%75%63%68%61%6E" n3="%E5%8D%A0%E3%81%84%E5%B8%AB%E8%A3%8F%E3%81%AA%E3%81%84%E3%81%97" dan="16,17,16,17" rate="2135.54,2189.01,2193.73,2170.89" sx="F,F,M,M"/><TAIKYOKU oya="0"/><INIT seed="0,0,0,1,4,59" ten="250,250,250,250" oya="0" hai0="14,18,103,1,36,66,94,125,75,0,82,86,124" hai1="91,88,15,85,127,114,61,70,34,76,8,80,99" hai2="97,23,126,44,60,93,106,128,81,120,113,22,67" hai3="107,96,3,48,98,92,47,87,54,118,83,109,74"/><T133/><D36/><U20/><E34/><V62/><F120/><W32/><G118/><T28/><D28/><U84/><E127/><N who="0" m="48713" /><D133/><U35/><E35/><V27/><F126/><W50/><G32/><T6/><D6/><U89/><E20/><V100/><F113/><W77/><G109/><T41/><D41/><U37/><E37/><V108/><F108/><W123/><G123/><T132/><D132/><U46/><E99/><V69/><F128/><W131/><G3/><T122/><D122/><U51/><E114/><V25/><F81/><W115/><G115/><T31/><D31/><U33/><E33/><V42/><F106/><W116/><G116/><T78/><D66/><U64/><E15/><V11/><F11/><W130/><G107/><T21/><D103/><U71/><E8/><V7/><F7/><W29/><G29/><T57/><D57/><U26/><E26/><N who="2" m="9739" /><F69/><W39/><G39/><T4/><D4/><U13/><E13/><V5/><F5/><W9/><G9/><T53/><D53/><U56/><REACH who="1" step="1"/><E84/><REACH who="1" ten="250,240,250,250" step="2"/><V2/><F2/><W38/><G38/><T121/><D121/><U119/><E119/><V24/><F22/><W58/><G87/><T52/><D1/><U17/><E17/><N who="2" m="12399" /><F67/><W12/><G12/><T10/><D0/><U111/><E111/><V40/><F40/><AGARI ba="0,1" hai="40,46,51,56,61,64,70,71,76,80,85,88,89,91" machi="40" ten="40,8000,1" yaku="1,1,52,1,54,1,53,1" doraHai="59" doraHaiUra="45" who="1" fromWho="2" sc="250,0,240,90,250,-80,250,0" /><INIT seed="1,0,0,3,0,116" ten="250,330,170,250" oya="1" hai0="48,121,69,120,91,40,133,118,74,84,63,89,80" hai1="15,35,88,87,20,32,5,49,129,105,47,100,45" hai2="62,51,6,94,106,8,57,132,76,12,59,122,72" hai3="108,85,3,127,44,2,18,27,19,42,124,125,95"/><U130/><E105/><V11/><F106/><W66/><G108/><T53/><D118/><U82/><E100/><V70/><F132/><W114/><G114/><T83/><D40/><U24/><E5/><V13/><F122/><N who="0" m="47210" /><D133/><U81/><E15/><V16/><F94/><W7/><G66/><N who="0" m="41183" /><D74/><U117/><E81/><N who="0" m="31305" /><D84/><U17/><E117/><V103/><F72/><W135/><G135/><T14/><D14/><U56/><E87/><V77/><F103/><W90/><G2/><T36/><D36/><U98/><E82/><V1/><F1/><W29/><G3/><T131/><D131/><U46/><E129/><V79/><REACH who="2" step="1"/><F51/><REACH who="2" ten="250,330,160,250" step="2"/><W65/><G125/><T104/><D104/><U109/><E49/><V115/><F115/><W39/><G127/><T97/><D97/><U33/><E98/><V102/><F102/><W86/><G124/><T55/><D55/><U34/><E109/><V71/><F71/><W123/><G123/><T107/><D107/><U92/><E130/><V41/><F41/><W26/><G85/><T134/><D134/><U101/><E101/><V93/><F93/><W96/><G86/><T61/><D61/><U30/><E92/><V128/><F128/><W112/><G95/><T99/><D99/><U68/><E68/><V9/><F9/><W52/><G96/><T25/><D25/><U38/><E24/><V75/><F75/><W0/><G26/><T60/><D60/><U50/><E50/><V23/><F23/><W119/><G27/><T78/><D78/><U43/><E20/><V73/><F73/><W54/><G119/><T22/><D22/><RYUUKYOKU ba="0,1" sc="250,15,330,-15,160,15,250,-15" hai0="48,53,89,91" hai2="6,8,11,12,13,16,57,59,62,70,76,77,79" /><INIT seed="2,1,1,5,4,119" ten="265,315,175,235" oya="2" hai0="5,116,81,87,59,6,127,106,37,71,17,92,26" hai1="70,41,60,133,66,12,100,65,89,97,53,105,93" hai2="132,131,123,68,104,99,80,128,120,33,38,20,67" hai3="101,117,51,28,75,111,13,25,114,44,31,8,84"/><V134/><F33/><W57/><G75/><T85/><D106/><U77/><E41/><V98/><F38/><W2/><G117/><T121/><D71/><U27/><E133/><N who="2" m="51307" /><F20/><W82/><G2/><T23/><D37/><U24/><E66/><V42/><F42/><N who="3" m="24983" /><G111/><T130/><D121/><N who="2" m="46666" /><F80/><W118/><G101/><T46/><D116/><U32/><E27/><V45/><F45/><W62/><G25/><T115/><D46/><U113/><E24/><V52/><F52/><N who="3" m="34087" /><G114/><T48/><D115/><U61/><E53/><V86/><F86/><W73/><G73/><T107/><D85/><U74/><E32/><V58/><F58/><W135/><G118/><T63/><D87/><U102/><E74/><V1/><F1/><W7/><G135/><T30/><D81/><U109/><E113/><V72/><F72/><W108/><G108/><T47/><D47/><U39/><E39/><V15/><F15/><W110/><G110/><T54/><D59/><U11/><E12/><V91/><F91/><AGARI ba="1,1" hai="7,8,13,28,31,82,84,91" m="34087,24983" machi="91" ten="30,2000,0" yaku="8,1,54,1" doraHai="119" who="3" fromWho="2" sc="265,0,315,0,175,-23,235,33" /><INIT seed="3,0,0,5,5,116" ten="265,315,152,268" oya="3" hai0="125,75,12,94,127,63,11,50,66,20,35,69,82" hai1="61,22,131,33,65,85,92,112,27,64,45,110,123" hai2="15,104,29,135,89,67,124,97,76,98,119,56,49" hai3="28,41,1,9,91,10,118,111,105,87,17,6,60"/><W107/><G118/><T25/><D35/><U95/><E123/><V43/><F119/><W36/><G28/><T134/><D134/><U115/><E33/><V70/><F135/><W5/><G17/><T34/><D34/><U88/><E110/><V3/><F3/><W117/><G117/><T14/><D94/><U24/><E131/><V73/><F124/><N who="0" m="47690" /><D50/><U96/><E45/><V62/><F29/><W4/><G111/><T93/><D93/><U106/><E64/><V80/><F104/><W83/><G4/><T133/><D133/><U109/><E27/><V68/><F15/><W31/><G31/><N who="0" m="17831" /><D11/><U99/><E106/><V40/><F89/><W114/><G114/><T59/><D69/><U122/><E122/><V18/><F18/><W84/><G60/><T19/><D19/><U16/><E99/><V130/><F130/><W46/><REACH who="3" step="1"/><G84/><REACH who="3" ten="265,315,152,258" step="2"/><T55/><D63/><U103/><E109/><V101/><F98/><W7/><G7/><T13/><D75/><U100/><E103/><V58/><F68/><AGARI ba="0,1" hai="16,22,24,61,65,68,85,88,92,95,96,100,112,115" machi="68" ten="30,3900,0" yaku="7,1,54,2" doraHai="116" who="1" fromWho="2" sc="265,0,315,49,152,-39,258,0" owari="265,6.5,364,46.4,113,-38.7,258,-14.2" /></mjloggm>