<mjloggm ver="2.3"><GO type="225" lobby="0"/><UN n0="%E4%BF%BA%E3%81%A8%E5%A6%96%E5%A4%A2" n1="%E3%81%BF%E3%81%BF%E3%81%9A" n2="%E3%83%A9%E3%82%A4%E3%83%B3%E3%81%AE%E8%99%8E" n3="%4B%2E%32%2E%4B%2E" dan="16,18,16,17" rate="2136.95,2281.04,2127.75,2191.35" sx="F,M,M,M"/><TAIKYOKU oya="0"/><INIT seed="0,0,0,4,5,87" ten="250,250,250,250" oya="0" hai0="127,52,48,95,71,108,24,59,115,78,20,105,43" hai1="67,86,92,53,74,6,2,45,38,44,7,14,33" hai2="0,111,72,122,125,130,4,31,58,91,126,70,3" hai3="32,84,57,76,90,16,82,101,77,18,63,118,28"/><T13/><D115/><U34/><E74/><V107/><F70/><W119/><G101/><T12/><D105/><U100/><E67/><V29/><F72/><W112/><G112/><T1/><D1/><U36/><E36/><V109/><BYE who="1" /><F107/><W75/><G28/><N who="2" m="10825" /><F122/><W93/><G32/><T121/><D121/><U49/><E49/><V99/><F58/><UN n1="%E3%81%BF%E3%81%BF%E3%81%9A" /><W135/><G135/><T85/><D71/><U62/><E2/><N who="2" m="555" /><F4/><W37/><G37/><T5/><D127/><N who="2" m="48650" /><F130/><W104/><G104/><T106/><D106/><U128/><E6/><V64/><F64/><W110/><G77/><T50/><D5/><U129/><E7/><V19/><F19/><W60/><G60/><T25/><D78/><U65/><E65/><V30/><N who="2" m="10833" /><V123/><DORA hai="54" /><F123/><W79/><G76/><T81/><D81/><U39/><E62/><V117/><F117/><W8/><G18/><T80/><D80/><U40/><E128/><V68/><F68/><W55/><REACH who="3" step="1"/><G110/><REACH who="3" ten="250,250,250,240" step="2"/><T23/><D108/><N who="2" m="41546" /><F99/><W42/><G42/><T10/><D43/><U116/><E40/><V9/><F9/><W103/><G103/><T124/><D124/><U133/><E100/><V97/><F97/><W11/><G11/><T132/><D10/><U41/><E129/><V22/><F22/><W47/><G47/><T120/><D23/><U96/><E45/><V89/><AGARI ba="0,1" hai="89,91" m="41546,48650,555,10833" machi="89" ten="50,12000,2" yaku="28,2,18,1,14,1,52,2" doraHai="87,54" who="2" fromWho="2" sc="250,-60,250,-30,250,130,240,-30" /><INIT seed="1,0,0,3,1,100" ten="190,220,380,210" oya="1" hai0="15,16,106,17,40,124,18,36,43,8,78,122,7" hai1="20,126,74,58,65,113,34,3,90,42,66,52,68" hai2="1,26,54,38,87,33,12,94,79,115,129,112,21" hai3="22,92,107,96,131,80,105,39,32,53,57,109,76"/><U130/><E113/><N who="2" m="43595" /><F1/><W88/><G32/><T101/><D124/><U19/><E34/><V47/><F129/><W5/><G39/><T99/><D122/><U102/><E3/><V64/><F64/><W24/><G5/><T23/><D78/><U49/><E74/><V14/><F33/><W44/><G44/><T4/><D4/><U30/><E30/><V81/><F94/><W83/><G109/><T67/><D67/><U133/><E130/><V35/><F35/><W71/><G71/><T86/><D86/><U69/><E126/><V120/><F120/><W27/><G83/><T70/><D70/><U111/><E111/><V55/><F55/><W13/><G13/><T28/><REACH who="0" step="1"/><D36/><REACH who="0" ten="180,220,380,210" step="2"/><U46/><E69/><V128/><F128/><W93/><G131/><T25/><AGARI ba="0,1" hai="7,8,15,16,17,18,23,25,28,40,43,99,101,106" machi="25" ten="30,12000,2" yaku="1,1,2,1,0,1,52,1,54,1,53,1" doraHai="100" doraHaiUra="0" who="0" fromWho="0" sc="180,130,220,-60,380,-30,210,-30" /><INIT seed="2,0,0,5,5,57" ten="310,160,350,180" oya="2" hai0="9,24,123,40,31,33,76,30,50,85,4,42,91" hai1="0,7,86,102,131,121,81,93,17,13,68,6,106" hai2="133,89,115,2,105,21,127,12,77,104,135,107,28" hai3="96,74,11,82,112,62,35,126,130,54,101,53,125"/><V45/><F2/><W59/><G35/><T72/><D123/><U22/><E121/><V61/><F115/><W97/><G112/><T51/><D72/><U41/><E131/><V109/><F127/><N who="3" m="48651" /><G130/><T5/><D76/><U52/><E68/><V75/><F89/><W70/><G70/><T116/><D116/><U119/><E41/><V23/><F45/><W90/><G11/><T10/><D85/><U34/><E106/><V113/><F113/><W49/><G101/><T69/><D69/><U67/><E67/><V129/><F129/><W110/><G110/><T44/><D91/><N who="1" m="51663" /><E0/><V71/><F109/><W118/><G118/><T39/><D39/><U108/><E34/><V94/><F94/><N who="3" m="56407" /><G97/><T48/><D30/><U27/><E108/><V46/><F28/><W95/><G95/><T15/><REACH who="0" step="1"/><D40/><REACH who="0" ten="300,160,350,180" step="2"/><U128/><E119/><V32/><F71/><W37/><G37/><T26/><D26/><U92/><E128/><V124/><F124/><W83/><G74/><T99/><D99/><N who="1" m="59751" /><E27/><V14/><F75/><W132/><G132/><T1/><AGARI ba="0,1" hai="1,4,5,9,10,15,24,31,33,42,44,48,50,51" machi="1" ten="20,2700,0" yaku="1,1,0,1,7,1,53,0" doraHai="57" doraHaiUra="16" who="0" fromWho="0" sc="300,37,160,-7,350,-13,180,-7" /><INIT seed="3,0,0,1,1,6" ten="337,153,337,173" oya="3" hai0="10,75,14,65,104,83,100,94,74,110,93,11,52" hai1="53,43,128,58,95,47,5,63,69,18,4,84,132" hai2="25,49,108,88,12,116,120,121,78,71,0,19,127" hai3="9,34,36,118,44,73,15,96,64,124,68,33,134"/><W17/><G73/><T106/><D65/><U122/><E122/><N who="2" m="47211" /><F108/><W109/><G118/><T32/><D32/><U87/><E128/><V111/><F111/><W57/><G68/><T107/><D110/><U38/><E132/><V113/><F116/><W31/><G109/><T3/><D3/><U42/><E42/><V133/><F133/><W35/><G134/><T89/><D100/><U27/><E69/><V66/><F0/><W29/><G124/><T45/><D83/><U60/><E60/><N who="2" m="40391" /><F113/><W1/><G1/><T2/><D2/><U39/><E39/><V23/><F127/><W103/><G44/><T28/><D28/><U22/><REACH who="1" step="1"/><E84/><REACH who="1" ten="337,143,337,173" step="2"/><V115/><F115/><W86/><G86/><T40/><D74/><U101/><E101/><V8/><F78/><W112/><G36/><T55/><D75/><U126/><E126/><V24/><F23/><W91/><G112/><T81/><D10/><U119/><E119/><V129/><F129/><W130/><G130/><T48/><D40/><U123/><E123/><V62/><F62/><W90/><G90/><AGARI ba="0,1" hai="4,5,18,22,27,38,43,47,53,58,63,87,90,95" machi="90" ten="40,1300,0" yaku="1,1,53,0" doraHai="6" doraHaiUra="76" who="1" fromWho="3" sc="337,0,143,23,337,0,173,-13" owari="337,43.7,166,-23.4,337,13.7,160,-34.0" /></mjloggm>