<mjloggm ver="2.3"><GO type="225" lobby="0"/><UN n0="%E6%A1%9C%E8%8A%B1%E9%96%83%E3%80%85" n1="%E6%98%93%E5%88%A9%E8%96%A9%E4%BC%AF" n2="%E9%A6%AC%E5%BC%95%E7%81%AB%33" n3="%E3%83%96%E3%83%83%E3%83%91%E3%82%AA%E3%83%96%E3%83%81%E3%82%AD%E3%83%B3" dan="16,17,16,16" rate="2121.55,2123.20,2049.02,2143.43" sx="M,F,M,M"/><TAIKYOKU oya="0"/><INIT seed="0,0,0,2,1,86" ten="250,250,250,250" oya="0" hai0="100,55,42,131,54,67,40,102,25,72,79,111,6" hai1="48,116,89,135,26,76,14,132,2,33,19,104,98" hai2="62,78,18,63,69,95,97,32,101,120,8,107,12" hai3="130,126,75,113,59,133,58,87,105,51,11,96,52"/><T41/><D131/><U71/><E2/><V109/><F109/><W90/><G113/><T16/><D111/><U106/><E71/><V29/><F120/><W66/><G130/><T17/><D67/><U27/><E76/><V30/><F78/><W47/><G126/><T83/><D6/><U21/><E48/><V1/><F1/><W119/><G119/><T49/><D55/><U53/><E53/><V108/><F108/><W5/><G75/><T34/><D34/><U115/><E115/><V84/><F69/><W85/><G133/><N who="1" m="51274" /><E116/><V134/><F134/><W91/><G105/><N who="1" m="40554" /><E33/><V82/><F107/><W57/><G66/><T60/><D60/><N who="2" m="23082" /><F32/><W7/><G96/><T13/><D25/><U112/><E112/><V23/><F8/><W38/><G38/><T81/><D81/><U61/><E61/><V118/><F118/><W37/><G37/><T56/><REACH who="0" step="1"/><D17/><REACH who="0" ten="240,250,250,250" step="2"/><U99/><E26/><V10/><F82/><N who="3" m="49463" /><G11/><AGARI ba="0,1" hai="11,13,16,40,41,42,49,54,56,72,79,83,100,102" machi="11" ten="40,3900,0" yaku="1,1,54,1,53,0" doraHai="86" doraHaiUra="117" who="0" fromWho="3" sc="240,49,250,0,250,0,250,-39" /><INIT seed="0,1,0,1,4,32" ten="289,250,250,211" oya="0" hai0="18,51,0,50,75,128,25,27,68,88,84,43,87" hai1="13,53,74,104,21,60,129,106,120,103,107,82,14" hai2="134,86,15,71,90,52,78,116,42,73,54,72,101" hai3="46,59,113,110,131,69,6,65,22,62,70,10,96"/><T91/><D75/><U63/><E120/><V126/><F71/><W76/><G113/><T108/><D68/><U29/><E129/><V61/><F126/><W85/><G131/><T28/><D128/><U97/><E74/><V11/><F134/><W8/><G110/><T122/><D122/><U1/><E82/><V66/><F116/><W57/><G22/><T67/><D108/><U64/><E53/><V33/><F33/><W99/><G46/><T5/><D67/><U58/><E63/><V121/><F121/><W56/><G70/><T81/><D18/><U95/><REACH who="1" step="1"/><E1/><REACH who="1" ten="289,240,250,211" step="2"/><V112/><F54/><W102/><G62/><T100/><D43/><U20/><E20/><V34/><F42/><W38/><G65/><T35/><D27/><AGARI ba="1,1" hai="13,14,21,27,29,58,60,64,95,97,103,104,106,107" machi="27" ten="40,5200,0" yaku="1,1,25,2,53,0" doraHai="32" doraHaiUra="41" who="1" fromWho="0" sc="289,-55,240,65,250,0,211,0" /><INIT seed="1,0,0,2,2,107" ten="234,305,250,211" oya="1" hai0="88,10,125,11,3,78,116,90,112,48,25,58,129" hai1="7,62,41,8,85,15,101,29,133,123,120,43,33" hai2="45,92,0,124,117,50,82,55,83,31,70,113,59" hai3="39,94,40,5,108,76,71,91,121,65,19,89,49"/><U26/><E133/><V61/><F117/><W109/><G121/><T132/><D116/><U51/><E101/><V32/><F0/><W68/><G5/><T37/><D112/><U30/><E30/><V42/><F113/><W36/><G76/><T118/><D37/><N who="3" m="14409" /><G19/><T17/><D118/><U60/><E120/><V128/><F124/><W115/><G115/><T67/><D129/><U122/><E122/><V105/><F128/><W13/><G13/><T74/><D132/><U16/><E123/><V131/><F131/><W73/><G73/><T44/><D125/><U18/><E85/><V75/><F105/><W23/><G23/><N who="0" m="13551" /><D78/><U38/><E38/><V102/><F75/><W20/><G20/><T35/><D35/><U34/><E34/><V98/><REACH who="2" step="1"/><F70/><REACH who="2" ten="234,305,240,211" step="2"/><W4/><G71/><T9/><D74/><U66/><E7/><V110/><F110/><W84/><G68/><T46/><D3/><U87/><E33/><V28/><F28/><W99/><G4/><T103/><D103/><U14/><E29/><V119/><F119/><W114/><G114/><T127/><D127/><U79/><E18/><V95/><F95/><N who="3" m="54695" /><G109/><T111/><D111/><U106/><E16/><V80/><F80/><W72/><G108/><T21/><D21/><U6/><E6/><V130/><F130/><W2/><G72/><T22/><D22/><U63/><E106/><V93/><F93/><W77/><G2/><T96/><D9/><U135/><E8/><V1/><F1/><W86/><G94/><T57/><D10/><U54/><E135/><V24/><AGARI ba="0,1" hai="24,31,32,42,45,50,55,59,61,82,83,92,98,102" machi="24" ten="30,2000,0" yaku="1,1,0,1,53,0" doraHai="107" doraHaiUra="104" who="2" fromWho="2" sc="234,-5,305,-10,240,30,211,-5" /><INIT seed="2,0,0,5,5,14" ten="229,295,270,206" oya="2" hai0="20,91,83,113,104,78,35,90,66,11,70,26,119" hai1="112,4,118,32,57,86,133,131,67,38,40,87,44" hai2="62,128,53,27,69,107,125,127,29,97,25,100,1" hai3="41,95,84,55,75,56,124,85,109,121,103,61,117"/><V130/><F1/><W43/><G117/><T0/><D113/><U60/><E112/><V120/><F120/><W99/><G75/><T6/><D104/><U12/><E118/><V77/><F77/><W98/><G121/><T101/><D101/><U3/><E133/><V48/><F25/><W65/><G109/><T63/><D35/><U89/><E3/><V64/><F48/><W31/><G124/><N who="2" m="47689" /><F53/><W114/><G114/><T45/><D119/><U102/><E32/><AGARI ba="0,0" hai="27,29,32,62,64,69,97,100,107,128,130" m="47689" machi="32" ten="30,5800,0" yaku="25,1,18,1,23,1" doraHai="14" who="2" fromWho="1" sc="229,0,295,-58,270,58,206,0" /><INIT seed="2,1,0,1,2,57" ten="229,237,328,206" oya="2" hai0="29,31,78,126,102,127,88,74,114,73,89,98,63" hai1="80,26,108,5,65,3,46,76,121,43,70,93,25" hai2="131,107,17,10,64,32,129,58,104,123,84,116,19" hai3="44,38,95,132,135,66,82,117,60,34,133,4,53"/><V130/><F116/><W87/><G117/><T0/><D0/><U45/><E108/><V11/><F123/><W128/><G34/><T112/><D78/><U6/><E121/><V22/><F32/><W119/><G119/><T118/><D118/><U124/><E124/><N who="0" m="47657" /><D63/><U51/><E93/><V120/><F120/><W96/><G128/><T7/><D7/><U77/><E77/><V16/><F22/><W8/><G38/><T21/><D21/><U85/><E46/><V48/><F84/><W90/><G44/><T101/><D29/><U56/><E70/><V62/><F48/><W69/><G53/><T33/><D31/><U9/><REACH who="1" step="1"/><E6/><REACH who="1" ten="229,227,328,206" step="2"/><V23/><F107/><W61/><G61/><AGARI ba="1,1" hai="3,5,9,25,26,43,45,51,56,61,65,76,80,85" machi="61" ten="40,8000,1" yaku="1,1,2,1,52,1,53,1" doraHai="57" doraHaiUra="39" who="1" fromWho="3" sc="229,0,227,93,328,0,206,-83" /><INIT seed="3,0,0,4,2,66" ten="229,320,328,123" oya="3" hai0="128,70,134,122,109,85,43,121,28,108,98,111,35" hai1="83,117,71,33,124,5,89,2,10,82,55,110,50" hai2="125,68,48,58,77,74,31,57,52,91,93,130,25" hai3="3,84,46,101,129,76,59,56,54,26,102,95,21"/><W42/><G3/><T16/><D128/><U107/><E71/><V132/><F68/><W41/><G129/><T53/><D134/><U116/><E107/><V113/><F130/><W7/><G7/><T133/><D133/><U126/><E33/><V29/><F132/><W135/><G135/><T81/><D70/><U131/><E110/><V4/><F113/><W62/><G59/><T17/><D43/><U23/><E23/><V64/><F4/><W34/><G34/><T1/><D98/><U6/><E6/><V8/><F8/><W67/><G54/><T18/><D1/><U40/><E40/><V20/><F125/><N who="1" m="48233" /><E131/><V0/><F0/><W47/><G42/><T36/><D36/><U86/><E83/><V11/><F11/><W120/><G120/><T65/><D65/><U78/><E78/><V22/><F77/><W115/><G115/><T96/><D96/><U105/><E105/><V49/><F74/><W61/><G61/><T45/><D45/><AGARI ba="0,0" hai="2,5,10,45,50,55,82,86,89,116,117" m="48233" machi="45" ten="30,1000,0" yaku="18,1" doraHai="66" who="1" fromWho="0" sc="229,-10,320,10,328,0,123,0" owari="219,-18.1,330,43.0,328,12.8,123,-37.7" /></mjloggm>