<mjloggm ver="2.3"><GO type="225" lobby="0"/><UN n0="%72%69%6F%75%63%68%61%6E" n1="%E6%81%A5%E6%99%92%E3%81%97" n2="%E5%B0%8F%E5%AE%AE%E3%81%9F%E3%81%9A%E3%81%8D" n3="%33%74%72%65%65" dan="16,16,16,16" rate="2154.20,2176.32,2155.34,2137.90" sx="M,M,F,F"/><TAIKYOKU oya="0"/><INIT seed="0,0,0,2,5,38" ten="250,250,250,250" oya="0" hai0="17,78,88,59,126,48,29,3,28,13,52,84,67" hai1="120,2,11,95,6,9,102,36,111,96,74,1,58" hai2="130,116,69,35,61,131,53,40,76,89,41,112,64" hai3="132,107,5,55,37,23,124,31,110,108,72,83,62"/><T45/><D3/><U46/><E111/><N who="3" m="42538" /><G132/><T0/><D0/><U21/><E120/><V82/><F35/><W63/><G124/><T128/><D126/><U4/><E74/><V24/><F112/><W98/><G5/><T42/><D128/><N who="2" m="49194" /><F24/><N who="3" m="16799" /><G37/><T51/><D78/><U104/><E58/><V106/><F106/><W123/><G123/><T129/><D67/><U54/><E21/><V114/><F114/><W15/><G55/><T85/><D129/><U127/><E127/><V91/><F53/><W75/><G15/><T90/><D85/><U77/><E77/><V30/><F30/><N who="0" m="11882" /><D84/><U122/><E122/><V100/><F100/><N who="3" m="62871" /><G83/><T99/><D99/><U80/><E80/><V7/><F7/><W57/><G72/><T119/><D119/><U115/><E115/><V125/><F125/><W10/><G75/><T47/><D47/><U103/><E104/><V87/><F116/><W135/><G135/><T22/><AGARI ba="0,0" hai="13,17,22,42,45,48,51,52,59,88,90" m="11882" machi="22" ten="30,11700,0" yaku="8,1,52,1,54,2" doraHai="38" who="0" fromWho="0" sc="250,117,250,-39,250,-39,250,-39" /><INIT seed="0,1,0,1,4,54" ten="367,211,211,211" oya="0" hai0="55,19,130,18,57,112,14,104,67,50,122,16,116" hai1="106,113,127,83,7,12,26,21,135,28,11,82,9" hai2="52,43,101,88,124,64,29,134,10,90,77,17,30" hai3="86,27,87,66,98,94,20,33,38,63,73,53,62"/><T74/><D112/><U45/><E106/><V92/><F124/><W34/><G73/><T105/><D116/><U120/><E120/><V8/><F134/><W76/><G38/><T121/><D74/><U49/><E135/><V70/><F70/><W123/><G123/><T13/><D130/><U72/><E127/><V91/><F64/><W117/><G117/><T3/><D122/><U15/><E72/><V99/><F43/><W111/><G111/><T125/><D121/><U79/><E79/><V95/><F77/><W119/><G119/><T41/><D3/><U25/><E25/><V102/><F17/><W47/><G33/><T42/><D125/><U61/><E61/><V109/><F109/><W114/><G34/><T129/><D129/><U97/><E97/><V1/><F1/><W2/><G2/><T115/><D115/><U65/><E65/><V69/><F69/><W32/><G32/><T22/><D67/><U40/><REACH who="1" step="1"/><E113/><REACH who="1" ten="367,201,211,211" step="2"/><V85/><F99/><W68/><G114/><T5/><D105/><U81/><E81/><V80/><F80/><W93/><G76/><T96/><D96/><U31/><E31/><V78/><F29/><W71/><G63/><T128/><D104/><U107/><E107/><V4/><F30/><W35/><G68/><T100/><D128/><U24/><E24/><V39/><F78/><W108/><G108/><T131/><D131/><U23/><E23/><V89/><F95/><N who="3" m="36363" /><G98/><T58/><D22/><U133/><E133/><V0/><F92/><W56/><G35/><T37/><D100/><U103/><E103/><V44/><F102/><RYUUKYOKU ba="1,1" sc="367,-10,201,30,211,-10,211,-10" hai1="7,9,11,12,15,21,26,28,40,45,49,82,83" /><INIT seed="1,2,1,3,0,98" ten="357,231,201,201" oya="1" hai0="120,45,101,17,74,65,54,100,78,25,106,107,1" hai1="0,117,114,68,83,52,90,44,57,80,33,24,26" hai2="72,49,10,27,20,8,105,121,48,32,30,22,91" hai3="62,19,127,6,66,16,112,55,110,59,81,92,46"/><U104/><E114/><V130/><F121/><W119/><G112/><T56/><D1/><U82/><E117/><V85/><F72/><W51/><G119/><T96/><D120/><U128/><E68/><V132/><F132/><W4/><G110/><T70/><D45/><U35/><E0/><V64/><F130/><W58/><G127/><T31/><D17/><N who="3" m="6729" /><G81/><T75/><D78/><U118/><E118/><V60/><F105/><W113/><G113/><T11/><D11/><U43/><E128/><V131/><F131/><W86/><G46/><T95/><D70/><U23/><E104/><V109/><F109/><W76/><G76/><T71/><D71/><U108/><E108/><V93/><F32/><W102/><G86/><T99/><D65/><U34/><E90/><V7/><F20/><W37/><G37/><T133/><D95/><U134/><E134/><V97/><F10/><W115/><G115/><T129/><D133/><U42/><E23/><V3/><F85/><W103/><G92/><T61/><D129/><U94/><E94/><V122/><REACH who="2" step="1"/><F122/><REACH who="2" ten="357,231,191,201" step="2"/><W18/><G18/><T38/><D38/><U21/><E21/><AGARI ba="2,2" hai="21,25,31,54,56,61,74,75,96,99,100,101,106,107" machi="21" ten="30,7700,0" yaku="7,1,9,1,52,2" doraHai="98" who="0" fromWho="1" sc="357,103,231,-83,191,0,201,0" /><INIT seed="2,0,0,5,1,62" ten="460,148,191,201" oya="2" hai0="106,88,4,46,22,132,82,7,69,99,68,59,129" hai1="107,79,29,40,67,96,77,66,81,9,50,113,18" hai2="100,73,92,111,64,87,120,58,65,115,125,126,94" hai3="134,93,85,91,42,21,97,86,0,71,61,33,41"/><V38/><F73/><W24/><G134/><T124/><D132/><U31/><E113/><V76/><F115/><W109/><G109/><T56/><D124/><N who="2" m="47722" /><F120/><W90/><G0/><T54/><D129/><U101/><E40/><V80/><F111/><W27/><G33/><T114/><D114/><U74/><E79/><V6/><F38/><W30/><G24/><T11/><D22/><U84/><E50/><V51/><F6/><W116/><G116/><T3/><D4/><U83/><E31/><V133/><F133/><W103/><G86/><T25/><D25/><U34/><E34/><V16/><F16/><W78/><G78/><T89/><D46/><U63/><E63/><V35/><F35/><W128/><G128/><T47/><D47/><U112/><E29/><V15/><F15/><W19/><G19/><T37/><D37/><U20/><E9/><V23/><F23/><W2/><G2/><T121/><D121/><U122/><E112/><V5/><F5/><W119/><G119/><T104/><D7/><U53/><E53/><N who="2" m="32063" /><F100/><W32/><G32/><T13/><D13/><U108/><E122/><V39/><F39/><W70/><G103/><T52/><D3/><U117/><E117/><V14/><F14/><W10/><G10/><T127/><D127/><U44/><E108/><V28/><F28/><W110/><G110/><T102/><D102/><U57/><E44/><V60/><F60/><W36/><G61/><T17/><D17/><U105/><E105/><V55/><F55/><W45/><G41/><T12/><D11/><U49/><E107/><N who="0" m="41001" /><D12/><U48/><E20/><RYUUKYOKU ba="0,0" sc="460,-15,148,-15,191,15,201,15" hai2="64,65,76,80,87,92,94" hai3="21,27,30,36,42,45,70,71,85,90,91,93,97" /><INIT seed="2,1,0,5,4,38" ten="445,133,206,216" oya="2" hai0="99,13,79,43,82,6,63,60,124,131,64,68,15" hai1="55,16,106,88,62,25,40,1,46,17,81,125,0" hai2="12,129,54,112,116,45,39,80,122,71,22,115,52" hai3="3,130,126,114,94,26,10,18,50,96,30,84,56"/><V100/><F116/><W61/><G130/><T34/><D34/><U97/><E106/><V36/><F100/><W104/><G126/><T120/><D120/><U121/><E125/><V91/><F122/><W107/><G114/><T86/><D124/><U127/><E127/><V90/><F71/><W117/><G117/><T28/><D131/><U37/><E121/><V132/><F129/><W76/><G50/><T32/><D6/><U118/><E118/><V31/><F12/><W83/><G18/><T102/><D60/><U24/><E17/><V57/><F22/><W73/><G73/><T101/><D43/><U113/><E113/><V69/><F69/><W92/><G10/><T119/><D119/><U78/><E78/><V58/><F80/><W95/><G3/><T29/><D102/><U135/><E135/><V11/><F45/><W44/><G44/><T65/><D64/><U20/><E25/><V53/><F53/><W21/><REACH who="3" step="1"/><G96/><REACH who="3" ten="445,133,206,206" step="2"/><T110/><D110/><U27/><E27/><V87/><F11/><W75/><G75/><T48/><D48/><U41/><E41/><V14/><F115/><W47/><G47/><T51/><D51/><U93/><E81/><V108/><F112/><W49/><G49/><T74/><D74/><U8/><E8/><V2/><F108/><W105/><G105/><N who="0" m="63679" /><D28/><U128/><E128/><V42/><F31/><W66/><AGARI ba="1,1" hai="21,26,30,56,61,66,76,83,84,92,94,95,104,107" machi="66" ten="30,2000,0" yaku="1,1,0,1,53,0" doraHai="38" doraHaiUra="85" who="3" fromWho="3" sc="445,-6,133,-6,206,-11,206,33" /><INIT seed="3,0,0,3,2,10" ten="439,127,195,239" oya="3" hai0="70,8,24,126,78,109,135,58,72,2,94,103,61" hai1="19,20,116,86,5,95,124,65,127,47,104,88,75" hai2="85,9,110,40,12,101,42,112,0,45,51,130,17" hai3="15,71,18,55,119,117,107,6,3,125,54,46,37"/><W34/><G71/><T22/><D109/><U100/><E75/><V14/><F110/><W91/><G107/><T134/><D70/><U56/><E116/><V99/><F112/><W36/><G3/><T84/><D126/><U97/><E5/><V31/><F0/><W66/><G6/><N who="0" m="1111" /><D72/><U32/><E32/><V52/><F130/><W115/><G115/><T74/><D74/><U98/><E98/><V59/><F31/><W29/><G66/><N who="0" m="39223" /><D78/><U132/><E132/><N who="0" m="50729" /><D84/><U27/><REACH who="1" step="1"/><E47/><REACH who="1" ten="439,117,195,239" step="2"/><V131/><F45/><W7/><G7/><T128/><D128/><U93/><E93/><N who="2" m="58607" /><F131/><W96/><G46/><T21/><D24/><U82/><E82/><V68/><F68/><W26/><G34/><T11/><D11/><U83/><E83/><V64/><F64/><W23/><G26/><T25/><D25/><U121/><E121/><V129/><F129/><W63/><G119/><T67/><D67/><U38/><E38/><V33/><F33/><W92/><G37/><T62/><D62/><U108/><E108/><V69/><F69/><W80/><G63/><T76/><D76/><U16/><E16/><N who="2" m="8207" /><F85/><W39/><G39/><T13/><D13/><U106/><E106/><V49/><F49/><W111/><G36/><T4/><D4/><U28/><E28/><V102/><F102/><W73/><G29/><T105/><D105/><U44/><E44/><V113/><F113/><W81/><G111/><T90/><D103/><U50/><E50/><V123/><F123/><W114/><G114/><T41/><D41/><U30/><E30/><V43/><F43/><W118/><G118/><RYUUKYOKU ba="0,1" sc="439,10,117,10,195,10,239,-30" hai0="21,22,90,94" hai1="19,20,27,56,65,86,88,95,97,100,104,124,127" hai2="14,17,40,42,51,52,59" owari="459,55.9,127,-37.3,205,-19.5,209,0.9" /></mjloggm>