<mjloggm ver="2.3"><GO type="225" lobby="0"/><UN n0="%E9%B3%B3%E6%9D%B1%E3%81%AE%E3%81%BF%E3%81%91%E3%81%AB%E3%82%83%E3%82%93" n1="%E3%83%A9%E3%82%A4%E3%83%B3%E3%81%AE%E8%99%8E" n2="%E3%81%BF%E3%81%BF%E3%81%9A" n3="%E3%83%B4%E3%83%A0%EF%BC%99%E3%81%A6" dan="17,16,18,16" rate="2169.59,2126.13,2246.76,2146.54" sx="F,M,M,M"/><TAIKYOKU oya="0"/><INIT seed="0,0,0,5,5,127" ten="250,250,250,250" oya="0" hai0="117,28,68,56,73,94,48,59,87,92,41,128,126" hai1="18,53,65,121,83,71,30,70,42,40,37,44,106" hai2="51,129,74,130,10,105,81,4,15,79,99,88,31" hai3="66,95,58,98,67,5,69,6,109,103,118,84,120"/><T110/><D117/><U24/><E121/><V50/><F31/><W122/><G118/><T43/><D73/><U3/><E106/><V12/><F12/><W33/><G33/><T0/><D0/><U89/><E65/><V11/><F11/><W17/><G69/><T49/><D68/><U29/><E3/><V2/><F2/><W60/><G66/><T8/><D8/><U64/><E64/><V123/><F123/><N who="3" m="47147" /><G109/><T134/><D28/><U93/><E83/><V111/><F111/><W131/><G131/><N who="2" m="50185" /><F88/><N who="3" m="53639" /><G17/><T27/><D128/><U91/><E18/><V80/><F81/><W86/><G86/><T36/><D110/><U100/><E30/><V19/><F4/><W90/><G90/><T55/><D27/><U13/><E91/><V7/><F7/><W26/><G26/><T114/><D87/><U113/><E89/><V125/><F125/><W20/><G20/><T61/><D126/><U116/><E24/><V57/><F57/><W45/><G45/><T25/><D25/><U1/><E29/><V32/><F32/><W63/><G5/><T107/><D59/><U21/><E21/><V132/><F132/><W22/><G22/><T47/><D134/><U96/><E71/><V38/><F38/><W23/><G23/><T62/><D36/><U35/><E37/><V135/><F135/><W16/><G16/><T76/><D56/><U85/><E70/><V108/><F108/><W78/><G6/><T14/><D14/><U77/><E13/><V34/><F34/><W82/><G58/><N who="0" m="35039" /><D47/><U97/><E35/><V101/><AGARI ba="0,0" hai="10,15,19,50,51,74,79,80,99,101,105" m="50185" machi="101" ten="30,7900,0" yaku="19,1,52,3" doraHai="127" who="2" fromWho="2" sc="250,-39,250,-20,250,79,250,-20" /><INIT seed="1,0,0,0,1,34" ten="211,230,329,230" oya="1" hai0="63,53,111,70,124,56,47,119,35,4,103,117,135" hai1="69,126,115,46,104,130,93,25,86,105,91,5,108" hai2="10,13,60,97,52,88,51,2,55,128,9,40,68" hai3="32,85,80,20,43,23,38,18,83,114,78,0,125"/><U28/><E115/><V16/><F128/><W8/><G114/><T57/><D35/><U64/><E130/><V94/><F68/><W6/><G32/><T44/><D103/><U49/><E126/><V132/><F132/><W133/><G133/><T106/><D106/><U84/><E64/><V113/><F113/><W37/><G125/><T65/><D4/><U77/><E69/><V54/><F60/><W7/><G7/><T98/><D98/><U90/><E77/><V99/><F2/><W11/><G11/><T1/><D1/><U3/><E108/><V109/><F109/><W95/><G95/><T123/><D135/><U26/><E26/><V61/><F99/><W29/><G43/><T74/><D74/><U19/><E19/><V121/><F121/><W116/><G116/><N who="0" m="44619" /><D124/><U118/><E118/><V45/><F61/><W22/><G29/><T73/><D73/><U33/><E5/><V72/><F72/><W21/><REACH who="3" step="1"/><G83/><REACH who="3" ten="211,230,329,220" step="2"/><T82/><D82/><U89/><E3/><V127/><F127/><W14/><AGARI ba="0,1" hai="0,6,8,14,18,20,21,22,23,37,38,78,80,85" machi="14" ten="30,7900,0" yaku="1,1,2,1,0,1,52,1,53,0" doraHai="34" doraHaiUra="31" who="3" fromWho="3" sc="211,-20,230,-39,329,-20,220,89" /><INIT seed="2,0,0,3,5,79" ten="191,191,309,309" oya="2" hai0="44,129,114,33,121,64,12,75,134,119,69,35,37" hai1="86,17,108,94,42,102,117,110,99,40,115,19,80" hai2="27,63,70,77,52,5,95,101,59,34,30,120,98" hai3="53,73,128,107,91,118,123,106,76,51,4,16,97"/><V36/><F120/><W78/><G123/><T6/><RYUUKYOKU type="yao9" ba="0,0" sc="191,0,191,0,309,0,309,0" hai0="6,12,33,35,37,44,64,69,75,114,119,121,129,134" /><INIT seed="2,1,0,1,3,127" ten="191,191,309,309" oya="2" hai0="34,120,38,105,125,21,36,16,122,14,89,79,2" hai1="61,50,114,78,39,25,126,81,67,106,77,66,8" hai2="118,71,37,100,40,113,91,31,22,45,49,102,88" hai3="133,97,121,124,72,27,5,86,96,7,20,101,52"/><V62/><F113/><W54/><G121/><T58/><D105/><U29/><E114/><V134/><F118/><W47/><G72/><T129/><D79/><U109/><E39/><V128/><F134/><W59/><G124/><T132/><D125/><U80/><E126/><V115/><F115/><W32/><G32/><T82/><D2/><U131/><E109/><V99/><F128/><W104/><G133/><T46/><D34/><U95/><E106/><V57/><F71/><W10/><G86/><T33/><D33/><U76/><E8/><V75/><F75/><W110/><G110/><T108/><D108/><U44/><E95/><N who="2" m="58495" /><F37/><W69/><G69/><T84/><D132/><U107/><E107/><V87/><F102/><W60/><G96/><T112/><D112/><U116/><E116/><V74/><F74/><W92/><G104/><T43/><D38/><U130/><E25/><N who="2" m="16823" /><F87/><W9/><G9/><T48/><REACH who="0" step="1"/><D129/><REACH who="0" ten="181,191,309,309" step="2"/><N who="1" m="49163" /><E29/><V41/><F41/><W24/><G10/><T23/><D23/><U42/><E67/><AGARI ba="1,1" hai="40,45,49,57,62,67,88,91" m="16823,58495" machi="67" ten="30,5800,0" yaku="25,1,8,1,54,1" doraHai="127" who="2" fromWho="1" sc="181,0,191,-61,309,71,309,0" /><INIT seed="2,2,0,3,5,11" ten="181,130,380,309" oya="2" hai0="108,110,19,42,77,105,54,27,46,122,103,84,85" hai1="99,116,65,13,35,15,82,18,95,121,1,90,118" hai2="8,36,53,29,69,104,14,119,73,129,74,12,40" hai3="68,44,49,62,38,66,6,100,5,43,37,41,79"/><V125/><F119/><W102/><G79/><T117/><D122/><U88/><E1/><V112/><F112/><W0/><G49/><T28/><D117/><U123/><E35/><V133/><F104/><W64/><G64/><T130/><D130/><U113/><E113/><V124/><F69/><W17/><G17/><T101/><D54/><U52/><E65/><V32/><F129/><W93/><G93/><T132/><D132/><U16/><E52/><V7/><F133/><W48/><G48/><N who="0" m="26711" /><D19/><N who="1" m="7211" /><E116/><V60/><F40/><W23/><G23/><N who="0" m="15487" /><D105/><U51/><E51/><V128/><F36/><W98/><G0/><T20/><D20/><U33/><E33/><V58/><F128/><W47/><REACH who="3" step="1"/><G98/><REACH who="3" ten="181,130,380,299" step="2"/><T114/><D77/><U34/><E118/><V67/><F67/><W2/><G2/><T4/><D114/><U126/><E34/><V97/><F97/><W21/><G21/><T61/><D61/><U134/><E134/><V94/><F94/><W71/><G71/><T22/><D22/><U76/><E76/><V92/><F92/><W45/><G45/><T78/><D78/><U80/><E126/><N who="2" m="48747" /><F74/><W25/><G25/><T10/><D84/><N who="1" m="50199" /><E80/><V63/><F73/><W127/><G127/><T87/><D87/><U89/><E89/><V3/><F63/><W107/><G107/><T75/><D85/><U83/><E83/><V111/><F111/><N who="0" m="42538" /><D75/><U81/><E81/><V39/><F39/><W115/><G115/><T96/><D96/><U106/><E106/><V31/><F32/><W91/><G91/><T57/><D57/><U72/><E72/><V86/><F86/><RYUUKYOKU ba="2,1" sc="181,0,130,0,380,0,299,0" hai0="4,10,101,103" hai1="13,15,90,95,99,121,123" hai2="3,7,8,12,14,29,31,53,58,60" hai3="5,6,37,38,41,43,44,47,62,66,68,100,102" /><INIT seed="2,3,1,4,2,7" ten="181,130,380,299" oya="2" hai0="121,59,63,88,92,79,29,102,6,124,61,28,40" hai1="123,31,52,87,22,97,67,37,93,128,104,17,15" hai2="49,96,55,32,100,13,45,50,129,38,60,9,33" hai3="116,115,14,16,30,73,117,99,83,82,106,76,54"/><V64/><F129/><W107/><G115/><T34/><D121/><U47/><E128/><V114/><F114/><W108/><G108/><T56/><D124/><U68/><E123/><V2/><F2/><W3/><G3/><T109/><D109/><U135/><E135/><V103/><F38/><W95/><G30/><N who="0" m="11883" /><D34/><U84/><E104/><V42/><F32/><W21/><G82/><T70/><D70/><U11/><E68/><V8/><F33/><W110/><G110/><T65/><D40/><U90/><E67/><V26/><F26/><W133/><G133/><T51/><D51/><N who="1" m="28799" /><E37/><V111/><F111/><W69/><G69/><T78/><D102/><N who="2" m="38954" /><F96/><W35/><G35/><T126/><D6/><N who="1" m="3575" /><E31/><V23/><F60/><W39/><G39/><T1/><D1/><U44/><E44/><N who="2" m="25751" /><F64/><W80/><G106/><T18/><D126/><U72/><E72/><V62/><F62/><W75/><G107/><T85/><D18/><AGARI ba="3,1" hai="8,9,13,18,23,45,50,55" m="25751,38954" machi="18" ten="30,5800,0" yaku="8,1,52,2" doraHai="7" who="2" fromWho="0" sc="181,-67,130,0,380,77,299,0" /><INIT seed="2,4,0,1,1,96" ten="114,130,457,299" oya="2" hai0="24,0,128,12,65,40,109,7,99,97,31,117,125" hai1="38,37,83,30,51,98,89,59,66,63,64,74,67" hai2="91,114,77,71,123,41,106,23,78,118,121,13,131" hai3="82,21,44,16,14,72,47,104,124,62,10,116,5"/><V22/><F114/><W122/><G116/><T79/><D117/><U11/><E51/><V50/><F118/><W112/><G122/><T75/><D0/><U92/><E30/><V95/><F71/><W27/><G112/><T17/><D65/><U127/><E127/><V52/><F106/><W103/><G124/><T111/><D7/><U119/><E119/><V69/><F69/><W87/><G72/><T81/><D40/><U32/><E32/><V25/><F131/><W28/><G62/><T1/><D1/><U53/><REACH who="1" step="1"/><E11/><REACH who="1" ten="114,120,457,299" step="2"/><V8/><F123/><W132/><G28/><T58/><D125/><U68/><E68/><V15/><F121/><W42/><G42/><T57/><D128/><U133/><E133/><V3/><F41/><W88/><REACH who="3" step="1"/><G132/><REACH who="3" ten="114,120,457,289" step="2"/><T29/><D29/><U130/><E130/><V48/><F48/><W45/><G45/><T134/><D134/><U94/><E94/><V85/><F50/><W6/><G6/><T20/><D58/><U113/><E113/><V73/><F95/><W84/><G84/><T60/><D57/><U61/><E61/><V80/><F85/><W46/><G46/><T107/><D60/><U115/><E115/><V33/><F73/><W86/><G86/><T101/><REACH who="0" step="1"/><D97/><AGARI ba="4,2" hai="5,10,14,16,21,27,44,47,82,87,88,97,103,104" machi="97" ten="40,8000,1" yaku="1,1,52,1,54,2,53,0" doraHai="96" doraHaiUra="49" who="3" fromWho="0" sc="114,-92,120,0,457,0,289,112" /><INIT seed="3,0,0,2,5,37" ten="22,120,457,401" oya="3" hai0="56,48,127,16,135,43,7,67,41,133,45,44,57" hai1="65,18,33,108,101,49,86,130,19,68,116,6,1" hai2="9,102,52,22,114,71,60,50,115,17,96,121,31" hai3="113,107,93,106,134,125,84,40,46,79,85,129,2"/><W13/><G2/><T24/><D7/><U105/><E49/><V32/><F121/><W62/><G113/><T38/><D127/><U55/><E55/><V128/><F128/><W20/><G125/><T21/><REACH who="0" step="1"/><D67/><REACH who="0" ten="12,120,457,401" step="2"/><U64/><E6/><V61/><F115/><W47/><G129/><T78/><D78/><U70/><E65/><V8/><F114/><W98/><G134/><AGARI ba="0,1" hai="16,21,24,38,41,43,44,45,48,56,57,133,134,135" machi="134" ten="40,8000,1" yaku="1,1,20,1,52,2,54,1,53,0" doraHai="37" doraHaiUra="11" who="0" fromWho="3" sc="12,90,120,0,457,0,401,-80" owari="102,-39.8,120,-28.0,457,55.7,321,12.1" /></mjloggm>