<mjloggm ver="2.3"><GO type="225" lobby="0"/><UN n0="%E7%99%BD%E5%80%89%E5%AF%9B%E4%B9%8B" n1="%E5%B8%86%E7%AB%8B%E5%A4%8F%E8%A1%A3" n2="%E3%81%8C%E3%81%9F" n3="%E3%82%A4%E3%83%BC%E3%82%B1%E3%83%97%E3%83%A9" dan="16,17,17,17" rate="2147.87,2169.88,2178.04,2214.73" sx="M,M,F,M"/><TAIKYOKU oya="0"/><INIT seed="0,0,0,5,3,133" ten="250,250,250,250" oya="0" hai0="130,11,101,42,114,40,10,23,82,78,76,53,4" hai1="36,131,96,123,8,64,61,73,80,29,115,86,74" hai2="83,112,125,70,52,90,30,19,69,1,77,68,129" hai3="65,37,63,46,109,14,118,104,95,32,113,17,120"/><T72/><D114/><U9/><E123/><V71/><F112/><W13/><G113/><T102/><D130/><U59/><E115/><V132/><F1/><W117/><G104/><T62/><D78/><U26/><E131/><V60/><F129/><W135/><G32/><T99/><D102/><U124/><E36/><V50/><F132/><W98/><G135/><T106/><D11/><U108/><E108/><V93/><F30/><W48/><G37/><T41/><D23/><U110/><E110/><V79/><F19/><W57/><G120/><T49/><D62/><U91/><E124/><V21/><F21/><W103/><G109/><T88/><D88/><U27/><E27/><V15/><F15/><W122/><G13/><T92/><D106/><U94/><E74/><V5/><F5/><W34/><G34/><T35/><D35/><U54/><E54/><V107/><F107/><W51/><G51/><T75/><D75/><U116/><E73/><V66/><F83/><W25/><G25/><T105/><D105/><U18/><E18/><V12/><F12/><W111/><G122/><T97/><D97/><U33/><REACH who="1" step="1"/><E116/><REACH who="1" ten="250,240,250,250" step="2"/><V7/><F125/><W31/><G111/><T127/><D127/><U20/><E20/><V100/><F7/><W56/><G31/><T2/><REACH who="0" step="1"/><D41/><REACH who="0" ten="240,240,250,250" step="2"/><U28/><E28/><V22/><F22/><N who="3" m="11575" /><G118/><T119/><D119/><U67/><E67/><V89/><F66/><W85/><G117/><T84/><D84/><U47/><E47/><AGARI ba="0,2" hai="2,4,10,40,42,47,49,53,72,76,82,92,99,101" machi="47" ten="30,2900,0" yaku="1,1,7,1,53,0" doraHai="133" doraHaiUra="87" who="0" fromWho="1" sc="240,49,240,-29,250,0,250,0" /><INIT seed="0,1,0,0,2,104" ten="289,211,250,250" oya="0" hai0="50,53,72,56,87,44,19,49,117,100,82,14,78" hai1="29,75,28,115,45,9,94,113,31,5,127,88,116" hai2="133,134,27,99,122,2,17,40,13,33,59,93,57" hai3="105,47,135,74,70,48,30,18,26,61,60,63,111"/><T73/><D100/><U20/><E116/><V23/><F122/><W84/><G105/><T1/><D1/><U24/><E127/><V36/><F2/><W15/><G70/><T119/><D119/><U114/><E45/><V68/><F68/><W10/><G111/><T103/><D103/><U107/><E107/><V89/><F40/><W92/><G135/><N who="2" m="51721" /><F36/><W41/><G74/><T97/><D97/><N who="1" m="57543" /><E75/><V25/><F25/><W132/><G132/><T106/><D106/><U131/><E131/><V86/><F99/><W95/><REACH who="3" step="1"/><G84/><REACH who="3" ten="289,211,250,240" step="2"/><T34/><D117/><U21/><E24/><V71/><F71/><W6/><G6/><T62/><D34/><AGARI ba="1,1" hai="10,15,18,26,30,34,41,47,48,60,61,63,92,95" machi="34" ten="40,1300,0" yaku="1,1,53,0" doraHai="104" doraHaiUra="81" who="3" fromWho="0" sc="289,-16,211,0,250,0,240,26" /><INIT seed="1,0,0,3,5,122" ten="273,211,250,266" oya="1" hai0="10,75,120,90,108,51,82,134,63,54,0,84,73" hai1="61,16,102,85,22,105,116,127,89,50,21,35,88" hai2="58,95,49,98,14,109,74,57,3,80,125,34,77" hai3="19,20,36,131,123,42,111,6,5,56,47,115,11"/><U99/><E116/><V128/><F3/><W67/><G123/><T83/><D120/><U94/><E35/><V117/><F117/><W66/><G115/><T62/><D134/><U91/><E127/><V7/><F34/><W78/><G131/><T45/><D108/><U126/><E126/><V43/><F125/><W29/><G29/><T130/><D130/><U17/><E50/><V4/><F128/><W28/><G28/><T8/><D0/><U79/><E61/><N who="0" m="23049" /><D75/><U124/><E124/><V121/><F121/><W96/><G111/><T32/><D32/><U112/><E112/><V70/><F70/><W37/><G37/><T40/><D73/><U97/><E79/><V33/><F33/><W48/><G78/><N who="0" m="46167" /><D54/><U24/><E85/><AGARI ba="0,0" hai="8,10,40,45,51,83,85,90" m="46167,23049" machi="85" ten="30,1000,0" yaku="8,1" doraHai="122" who="0" fromWho="1" sc="273,10,211,-10,250,0,266,0" /><INIT seed="2,0,0,2,0,100" ten="283,201,250,266" oya="2" hai0="41,94,77,101,58,4,17,33,20,16,105,45,11" hai1="25,46,42,6,5,133,103,113,116,10,19,27,2" hai2="118,0,111,104,50,36,54,85,74,69,80,88,49" hai3="47,60,48,86,21,76,120,87,130,75,31,66,61"/><V52/><F118/><W68/><G120/><T30/><D33/><U122/><E116/><V123/><F123/><W92/><G130/><T99/><D77/><U39/><E122/><V81/><F36/><W70/><G92/><T26/><D58/><U29/><E113/><V44/><F69/><W125/><G125/><T134/><D94/><U53/><E133/><V40/><F0/><W121/><G121/><T59/><D59/><U65/><E65/><V56/><F111/><W132/><G132/><T107/><D107/><U112/><E112/><V18/><F104/><W15/><G68/><T96/><D96/><U12/><E103/><V78/><REACH who="2" step="1"/><F18/><REACH who="2" ten="283,201,240,266" step="2"/><W83/><G61/><T95/><D134/><U55/><E6/><V28/><F28/><W57/><G70/><T119/><D119/><U24/><REACH who="1" step="1"/><E29/><REACH who="1" ten="283,191,240,266" step="2"/><V3/><F3/><W131/><G131/><T1/><REACH who="0" step="1"/><D105/><REACH who="0" ten="273,191,240,266" step="2"/><U7/><E7/><V51/><F51/><AGARI ba="0,3" hai="1,4,11,16,17,20,26,30,41,45,51,95,99,101" machi="51" ten="30,7700,0" yaku="1,1,2,1,7,1,54,1,53,0" doraHai="100" doraHaiUra="129" who="0" fromWho="2" sc="273,107,191,0,240,-77,266,0" /><INIT seed="3,0,0,1,5,80" ten="380,191,163,266" oya="3" hai0="112,24,8,44,104,29,41,34,15,32,95,37,115" hai1="118,62,56,14,133,126,83,28,76,111,21,78,45" hai2="43,81,91,17,77,35,87,9,72,23,90,13,98" hai3="122,79,42,71,120,52,40,7,116,92,55,31,106"/><W109/><G116/><T89/><D104/><U135/><E118/><V59/><F35/><W107/><G71/><T2/><D2/><U50/><E126/><V119/><F119/><W65/><G65/><T134/><D134/><N who="1" m="51211" /><E111/><V61/><F43/><N who="3" m="16427" /><G92/><T4/><REACH who="0" step="1"/><D34/><REACH who="0" ten="370,191,163,266" step="2"/><U105/><E105/><N who="3" m="39946" /><G7/><T103/><D103/><U108/><E108/><V102/><F72/><W132/><G109/><T131/><D131/><U3/><E3/><V38/><F38/><W11/><G132/><T12/><D12/><U123/><E14/><N who="2" m="9655" /><F102/><W57/><G31/><T113/><D113/><U129/><E28/><V86/><F98/><AGARI ba="0,1" hai="4,8,15,24,29,32,37,41,44,89,95,98,112,115" machi="98" ten="40,2600,0" yaku="1,1,53,1" doraHai="80" doraHaiUra="5" who="0" fromWho="2" sc="370,36,191,0,163,-26,266,0" owari="406,50.6,191,-20.9,137,-36.3,266,6.6" /></mjloggm>