<mjloggm ver="2.3"><GO type="225" lobby="0"/><UN n0="%E7%99%BD%E5%80%89%E5%AF%9B%E4%B9%8B" n1="%E5%B8%86%E7%AB%8B%E5%A4%8F%E8%A1%A3" n2="%E3%82%A4%E3%83%BC%E3%82%B1%E3%83%97%E3%83%A9" n3="%E3%83%81%E3%83%83%E3%82%BF%E3%82%BD%E3%83%BC" dan="16,17,17,16" rate="2141.74,2182.82,2218.28,2124.01" sx="M,M,M,F"/><TAIKYOKU oya="0"/><INIT seed="0,0,0,3,4,101" ten="250,250,250,250" oya="0" hai0="114,56,43,17,110,98,124,122,109,30,102,127,77" hai1="57,44,22,128,34,68,19,70,60,116,84,126,35" hai2="14,16,27,8,94,115,49,2,104,80,75,53,100" hai3="41,105,5,64,123,135,37,93,36,33,54,118,121"/><T10/><D122/><N who="3" m="46601" /><G118/><T20/><D114/><U106/><E116/><V55/><F115/><W113/><G33/><T31/><D43/><U38/><E126/><N who="0" m="48169" /><D77/><U48/><E128/><V90/><F2/><W96/><G113/><T87/><D87/><U65/><E84/><N who="2" m="52551" /><F27/><W63/><G54/><T61/><D10/><U97/><E70/><V50/><F50/><W89/><G135/><T28/><D56/><U134/><E134/><V119/><F49/><W18/><G5/><T21/><D61/><U85/><E85/><V129/><F129/><W92/><G41/><T83/><D83/><U3/><E68/><V6/><F6/><W12/><G92/><N who="0" m="58695" /><D17/><U40/><E38/><V32/><F32/><W15/><G18/><T11/><D11/><U79/><E79/><N who="2" m="44159" /><F119/><W71/><G36/><T59/><D59/><U95/><E35/><V0/><F0/><W4/><G37/><T29/><N who="0" m="7168" /><DORA hai="51" /><T112/><D112/><U131/><E34/><V25/><F25/><W107/><G4/><T26/><D26/><U88/><E3/><V76/><F76/><W45/><G45/><T125/><N who="0" m="48177" /><T91/><DORA hai="72" /><D91/><U7/><E7/><V67/><F67/><W132/><G132/><T108/><AGARI ba="0,0" hai="20,21,108,109,110" m="7168,58695,48177" machi="108" ten="70,12000,1" yaku="14,1,10,1,18,1" doraHai="101,51,72" who="0" fromWho="0" sc="250,120,250,-40,250,-40,250,-40" /><INIT seed="0,1,0,1,3,44" ten="370,210,210,210" oya="0" hai0="88,99,6,8,127,95,7,71,83,75,93,92,0" hai1="13,27,125,32,122,31,98,79,2,34,35,67,45" hai2="66,4,1,55,135,77,58,37,121,131,130,90,25" hai3="38,63,24,54,39,3,117,11,23,76,91,72,53"/><T48/><D71/><U19/><E122/><V86/><F121/><W22/><G117/><T56/><D127/><U114/><E114/><V12/><F1/><W107/><G107/><T82/><D7/><U47/><E125/><V101/><F37/><W65/><G91/><T113/><D113/><U60/><E2/><V16/><F77/><W126/><G126/><T112/><D112/><U41/><E79/><V62/><F101/><W129/><G129/><N who="2" m="49161" /><F135/><W87/><G72/><T69/><D69/><U50/><E47/><V36/><F36/><W64/><G76/><T116/><D116/><U78/><E98/><V100/><F100/><W51/><G87/><T28/><D28/><U85/><E85/><V46/><F25/><W81/><G81/><T120/><D120/><U109/><E109/><V80/><F4/><W115/><G115/><T10/><D10/><U5/><E78/><V21/><F46/><W70/><G11/><T18/><D18/><U61/><E5/><V9/><F9/><W49/><G70/><T14/><D0/><U20/><REACH who="1" step="1"/><E67/><AGARI ba="1,0" hai="12,16,21,55,58,62,66,67,80,86,90" m="49161" machi="67" ten="30,2000,0" yaku="19,1,54,1" doraHai="44" who="2" fromWho="1" sc="370,0,210,-23,210,23,210,0" /><INIT seed="1,0,0,5,1,119" ten="370,187,233,210" oya="1" hai0="128,5,123,82,24,60,97,125,70,6,51,67,46" hai1="28,99,41,44,81,130,68,26,114,15,16,78,35" hai2="9,75,108,1,62,131,4,87,86,36,58,32,94" hai3="77,74,133,101,110,39,106,17,50,38,12,30,115"/><U89/><E114/><V65/><F32/><W27/><G110/><T127/><D128/><U2/><E130/><V21/><F131/><W49/><G115/><T8/><D123/><U34/><E68/><V100/><F75/><W85/><G133/><T45/><D82/><U112/><E112/><V13/><F36/><W113/><G74/><T111/><D111/><U80/><E2/><V104/><F104/><W7/><G7/><T95/><D24/><U47/><E34/><V56/><F108/><W66/><G113/><T102/><D6/><U132/><E132/><V57/><F1/><W88/><G77/><T118/><D118/><U22/><E41/><V43/><F43/><W124/><G124/><N who="0" m="47691" /><D51/><U63/><E63/><V79/><F21/><W20/><G66/><T0/><AGARI ba="0,0" hai="0,5,8,45,46,60,67,70,95,97,102" m="47691" machi="0" ten="30,1100,0" yaku="18,1" doraHai="119" who="0" fromWho="0" sc="370,11,187,-5,233,-3,210,-3" /><INIT seed="2,0,0,3,1,135" ten="381,182,230,207" oya="2" hai0="32,71,6,104,78,29,130,69,127,57,39,61,82" hai1="9,73,63,126,44,125,12,43,98,41,26,50,76" hai2="129,112,52,75,46,64,27,88,59,66,11,103,25" hai3="124,81,10,100,24,37,85,133,30,20,48,14,109"/><V1/><F112/><W77/><G37/><T79/><D104/><U23/><E73/><V72/><F103/><W28/><G109/><T123/><D39/><U22/><E76/><V118/><F118/><W108/><G108/><T65/><D79/><U2/><E2/><V120/><F120/><W132/><G100/><T54/><D130/><U45/><E98/><V111/><F111/><W5/><G30/><T3/><D123/><U49/><E63/><V107/><F107/><W95/><G95/><T83/><D83/><U101/><E101/><V62/><F129/><W40/><G124/><N who="1" m="47722" /><E26/><V13/><F1/><W15/><REACH who="3" step="1"/><G14/><REACH who="3" ten="381,182,230,197" step="2"/><T134/><D127/><U8/><E8/><V31/><F13/><W55/><G55/><T18/><D54/><U67/><E67/><V16/><F11/><W80/><G80/><T91/><D82/><U113/><E113/><V0/><F66/><W128/><G128/><T36/><D65/><U84/><E84/><V106/><F64/><W4/><G4/><AGARI ba="0,1" hai="4,9,12,22,23,41,43,44,45,49,50" m="47722" machi="4" ten="30,7700,0" yaku="18,1,52,3" doraHai="135" who="1" fromWho="3" sc="381,0,182,87,230,0,197,-77" /><INIT seed="3,0,0,0,0,12" ten="381,269,230,120" oya="3" hai0="10,5,33,7,52,127,126,40,125,123,56,90,113" hai1="41,80,108,122,132,79,103,60,105,59,121,89,31" hai2="23,13,37,61,83,131,75,97,35,21,64,30,114" hai3="38,14,0,134,24,87,107,49,76,3,53,22,99"/><W95/><G107/><T29/><D123/><U20/><E108/><V119/><F37/><W71/><G71/><T39/><D113/><U115/><E115/><V110/><F114/><W81/><G134/><T111/><D111/><U68/><E132/><V18/><F110/><W91/><G14/><T101/><D101/><U11/><E68/><V62/><F119/><W4/><G4/><T9/><D90/><U104/><E41/><V50/><F131/><W84/><G99/><T129/><D129/><U85/><E11/><N who="0" m="4105" /><D40/><U58/><E58/><V66/><F35/><W96/><G96/><T135/><D39/><U19/><E31/><V36/><F36/><W57/><REACH who="3" step="1"/><G38/><REACH who="3" ten="381,269,230,110" step="2"/><T6/><D135/><U15/><E105/><V44/><F97/><W63/><G63/><N who="0" m="36231" /><D6/><U94/><E104/><V65/><F13/><W86/><G86/><T69/><D69/><U93/><E121/><V118/><F62/><W128/><G128/><T55/><D5/><U124/><E122/><V2/><F61/><W73/><G73/><T72/><D7/><U16/><E60/><V116/><F75/><W109/><G109/><T102/><D72/><U27/><E15/><V45/><F65/><W98/><G98/><T74/><D74/><U117/><E85/><V67/><F64/><W32/><G32/><T82/><D33/><U120/><E120/><V48/><F66/><W28/><AGARI ba="0,1" hai="0,3,22,24,28,49,53,57,76,81,84,87,91,95" machi="28" ten="20,3900,0" yaku="1,1,0,1,7,1,53,0" doraHai="12" doraHaiUra="70" who="3" fromWho="3" sc="381,-13,269,-13,230,-13,110,49" /><INIT seed="3,1,0,1,1,20" ten="368,256,217,159" oya="3" hai0="45,61,116,75,44,81,7,80,41,34,97,89,132" hai1="38,90,60,57,79,98,0,35,122,131,69,128,4" hai2="3,10,50,13,76,87,18,1,99,43,135,133,130" hai3="65,82,107,55,33,59,58,42,63,28,126,11,6"/><W66/><G126/><T92/><D34/><U95/><E122/><V91/><F130/><N who="1" m="49705" /><E38/><V109/><F109/><W46/><G107/><T121/><D132/><N who="2" m="50762" /><F76/><W119/><G119/><T73/><D7/><U112/><E112/><V70/><F99/><W118/><G118/><T106/><D106/><U72/><E35/><V125/><F70/><W102/><G102/><T14/><D14/><U37/><E37/><V78/><F78/><W39/><G82/><T103/><D81/><N who="1" m="45287" /><E69/><V85/><F85/><W129/><G129/><T68/><D45/><U16/><E16/><N who="2" m="8247" /><F125/><W27/><REACH who="3" step="1"/><G58/><REACH who="3" ten="368,256,217,149" step="2"/><T21/><D103/><U19/><E57/><V52/><F1/><AGARI ba="1,1" hai="1,6,11,27,28,33,39,42,46,55,59,63,65,66" machi="1" ten="30,11600,0" yaku="1,1,2,1,7,1,52,1,53,0" doraHai="20" doraHaiUra="124" who="3" fromWho="2" sc="368,0,256,0,217,-119,149,129" /><INIT seed="3,2,0,1,0,126" ten="368,256,98,278" oya="3" hai0="123,35,79,34,102,135,40,120,100,57,92,59,112" hai1="117,48,99,75,16,128,73,118,63,97,87,50,134" hai2="133,110,58,131,14,60,119,71,53,74,77,125,62" hai3="51,43,91,4,88,80,67,33,64,27,78,104,45"/><W0/><G104/><T26/><D135/><U24/><E134/><V42/><F14/><W113/><G113/><T111/><D112/><U28/><E63/><V17/><F17/><W95/><G4/><T12/><D12/><U108/><E87/><V107/><F77/><W32/><G0/><T61/><D79/><U30/><E108/><V5/><F5/><W121/><G121/><T72/><D72/><U101/><E128/><V85/><F85/><W31/><G33/><T116/><D40/><U20/><E50/><V124/><F74/><N who="1" m="28169" /><E48/><V81/><F81/><W47/><G47/><T114/><D114/><U70/><E70/><V130/><F107/><W89/><REACH who="3" step="1"/><G95/><REACH who="3" ten="368,256,98,268" step="2"/><T10/><D92/><N who="1" m="58535" /><E99/><V41/><F133/><W127/><G127/><N who="2" m="48713" /><F119/><AGARI ba="2,1" hai="16,20,24,28,30,117,118,119" m="58535,28169" machi="119" ten="30,2000,0" yaku="12,1,54,1" doraHai="126" who="1" fromWho="2" sc="368,0,256,36,98,-26,268,0" owari="368,46.8,292,9.2,72,-42.8,268,-13.2" /></mjloggm>