<mjloggm ver="2.3"><GO type="225" lobby="0"/><UN n0="%E3%81%BF%E3%81%BF%E3%81%9A" n1="%E5%A4%8F%E9%88%B4%E9%88%B4%E5%A4%8F" n2="%70%68%65%6E%6F%6D%65" n3="%E6%9C%88%E5%B3%B6%E5%9F%BA" dan="17,16,16,17" rate="2214.44,2099.34,2168.67,2190.10" sx="M,M,M,M"/><TAIKYOKU oya="0"/><INIT seed="0,0,0,2,4,96" ten="250,250,250,250" oya="0" hai0="91,49,0,115,98,134,64,23,133,90,109,80,122" hai1="53,113,57,13,48,71,110,60,112,135,99,32,89" hai2="97,119,132,25,81,12,125,77,131,29,36,5,69" hai3="74,59,106,66,27,22,104,68,50,8,47,2,33"/><T94/><D115/><N who="1" m="44107" /><E110/><V95/><F131/><W84/><G74/><T116/><D116/><U18/><E135/><N who="0" m="51721" /><D122/><U28/><E28/><V111/><F132/><W10/><G68/><T93/><D109/><U21/><E32/><V92/><F125/><W19/><G33/><T56/><D0/><U54/><E71/><V40/><F69/><W3/><G106/><T14/><D80/><U130/><E130/><V107/><F119/><W103/><G3/><T67/><D49/><U15/><E89/><V117/><F117/><W58/><G2/><T108/><D56/><N who="1" m="32807" /><E99/><V127/><F127/><W85/><G50/><T4/><D108/><U114/><N who="1" m="44115" /><U52/><DORA hai="38" /><E54/><V55/><F55/><W26/><G58/><T101/><D23/><U16/><E18/><V30/><F30/><W88/><G19/><T78/><D78/><U100/><E100/><V118/><F118/><W37/><G103/><T105/><D105/><U73/><E73/><V20/><F111/><W82/><G104/><T17/><D17/><U65/><E65/><N who="0" m="25161" /><D93/><U43/><E43/><V51/><F107/><W11/><G66/><T86/><D86/><U6/><E6/><V24/><F97/><W9/><G84/><T128/><D128/><U34/><E34/><V124/><F124/><W83/><G85/><T44/><D44/><U46/><E46/><N who="2" m="26055" /><F95/><W41/><G47/><T63/><D63/><U123/><E123/><V102/><F92/><W70/><G70/><T45/><D45/><U39/><E39/><V62/><F36/><W120/><G37/><T129/><D129/><U7/><E7/><RYUUKYOKU ba="0,0" sc="250,15,250,15,250,-15,250,-15" hai0="4,14,90,91,94,98,101" hai1="13,15,16,21,52,57,60" /><INIT seed="0,1,0,1,2,78" ten="265,265,235,235" oya="0" hai0="110,122,1,11,128,124,45,19,106,88,52,67,74" hai1="38,24,81,46,5,96,21,34,68,7,127,33,75" hai2="113,23,2,94,27,18,130,125,58,69,10,49,90" hai3="111,53,121,118,76,30,123,91,40,100,131,8,0"/><T14/><D122/><N who="3" m="46601" /><G118/><T37/><D124/><U87/><E68/><V36/><F125/><W22/><G111/><T112/><D112/><U13/><E75/><V56/><F113/><W98/><G131/><T44/><D110/><U109/><E109/><V70/><F36/><W51/><G40/><T108/><D108/><U25/><E127/><V134/><F130/><W102/><G76/><T59/><D128/><U39/><E96/><V84/><F134/><W66/><G66/><T114/><D114/><U95/><E95/><V6/><REACH who="2" step="1"/><F58/><REACH who="2" ten="265,265,225,235" step="2"/><N who="3" m="33087" /><G102/><T80/><D37/><U9/><E38/><V77/><F77/><W97/><G100/><T65/><D106/><U119/><E39/><V32/><F32/><W117/><G117/><T62/><D1/><U41/><E34/><V135/><F135/><W72/><G0/><T47/><D74/><U79/><E33/><V60/><F60/><W43/><G91/><T28/><D28/><N who="1" m="17423" /><E119/><V115/><F115/><W82/><G30/><T12/><D12/><U86/><E25/><V85/><F85/><AGARI ba="1,1" hai="11,14,19,44,45,47,52,59,62,65,67,80,85,88" machi="85" ten="40,12000,1" yaku="8,1,52,1,54,2" doraHai="78" who="0" fromWho="2" sc="265,133,265,0,225,-123,235,0" /><INIT seed="0,2,0,3,5,63" ten="398,265,102,235" oya="0" hai0="83,60,43,47,30,46,45,99,36,57,53,42,111" hai1="69,18,119,84,113,31,64,133,75,96,91,115,134" hai2="98,110,15,35,22,112,108,59,123,79,10,125,56" hai3="81,100,94,95,40,131,132,102,73,7,68,4,55"/><T26/><D111/><U122/><E31/><V39/><F35/><W77/><G68/><T88/><D36/><U76/><E122/><V101/><F39/><W106/><G40/><T51/><D42/><U124/><E119/><V58/><F112/><N who="1" m="43081" /><E18/><V48/><F123/><W74/><G55/><T97/><D97/><U20/><E20/><V104/><F125/><W78/><G131/><T128/><D128/><U67/><E69/><V85/><F22/><W27/><G27/><T33/><REACH who="0" step="1"/><D83/><REACH who="0" ten="388,265,102,235" step="2"/><N who="1" m="45471" /><E96/><V105/><F108/><W62/><G81/><T117/><D117/><U41/><E41/><V109/><F110/><W129/><G129/><T24/><D24/><U93/><E124/><V6/><F109/><W61/><G132/><AGARI ba="2,1" hai="64,67,84,91,93,132,133,134" m="45471,43081" machi="132" ten="30,7700,0" yaku="20,1,11,1,52,2" doraHai="63" who="1" fromWho="3" sc="388,0,265,93,102,0,235,-83" /><INIT seed="1,0,0,4,4,129" ten="388,358,102,152" oya="1" hai0="14,118,54,69,28,123,10,60,85,99,40,93,122" hai1="26,131,5,34,55,37,127,61,75,6,23,8,38" hai2="46,81,30,133,108,88,89,71,91,22,92,134,35" hai3="113,100,82,9,130,125,59,44,114,17,57,98,119"/><U97/><E75/><V27/><F108/><W107/><G125/><T124/><D124/><U84/><E127/><V39/><F71/><W0/><G130/><T16/><D118/><U12/><E131/><V106/><F106/><W135/><G119/><T110/><D110/><U62/><E34/><V63/><F63/><W77/><G113/><T67/><D40/><U83/><E97/><V58/><F58/><W3/><G114/><T48/><D85/><U20/><E5/><V120/><F120/><W79/><G79/><T104/><D28/><U72/><E72/><V15/><F81/><W73/><G135/><N who="2" m="51721" /><F39/><W42/><G59/><T90/><REACH who="0" step="1"/><D104/><REACH who="0" ten="378,358,102,152" step="2"/><U87/><E37/><V68/><F68/><W112/><G107/><T4/><D4/><U33/><E38/><V95/><F46/><AGARI ba="0,1" hai="10,14,16,46,48,54,60,67,69,90,93,99,122,123" machi="46" ten="40,2600,0" yaku="1,1,54,1,53,0" doraHai="129" doraHaiUra="29" who="0" fromWho="2" sc="378,36,358,0,102,-26,152,0" /><INIT seed="2,0,0,2,1,112" ten="414,358,76,152" oya="2" hai0="104,100,11,58,123,87,73,79,118,74,38,99,101" hai1="53,77,4,54,47,120,80,82,18,115,113,5,42" hai2="55,127,46,67,108,60,22,21,49,121,132,52,40" hai3="83,2,13,130,128,69,41,43,15,106,78,84,134"/><V24/><F121/><W39/><G2/><T119/><D38/><U109/><E120/><V6/><F127/><W72/><G106/><T57/><D123/><U68/><E68/><V95/><F132/><W12/><G134/><T105/><D11/><U65/><E65/><V61/><F108/><W133/><G133/><T28/><D28/><U8/><E109/><V16/><F6/><W111/><G111/><T66/><D87/><U88/><E115/><V25/><F95/><W23/><G69/><T92/><D66/><U131/><E113/><V85/><F85/><W10/><G10/><T96/><D92/><U33/><E33/><V81/><F81/><N who="3" m="45255" /><G23/><T56/><D79/><U110/><E110/><V26/><F60/><W116/><G39/><T30/><D30/><U125/><E131/><N who="3" m="50218" /><G116/><AGARI ba="0,0" hai="56,57,58,73,74,96,99,100,101,104,105,116,118,119" machi="116" ten="40,8000,1" yaku="9,1,12,1,52,3" doraHai="112" who="0" fromWho="3" sc="414,80,358,0,76,0,152,-80" /><INIT seed="3,0,0,0,3,95" ten="494,358,76,72" oya="3" hai0="107,17,42,62,14,68,49,94,40,37,82,128,115" hai1="83,41,69,51,106,48,97,18,123,118,9,6,134" hai2="92,16,25,121,21,111,60,29,117,35,1,78,4" hai3="5,34,75,71,130,112,126,116,135,67,110,96,109"/><W79/><G112/><T11/><D115/><U0/><E123/><V12/><F117/><W19/><G116/><T90/><D107/><U59/><E118/><V8/><F111/><N who="3" m="42507" /><G34/><T33/><D33/><U124/><E134/><V93/><F121/><W114/><G114/><T47/><D82/><U15/><E124/><V133/><F133/><W32/><G32/><T73/><D73/><U101/><E69/><V57/><F78/><W53/><G135/><T85/><D128/><U31/><E41/><V86/><F86/><W122/><G122/><T105/><D105/><U108/><E108/><V104/><F104/><W50/><G130/><T30/><D30/><U84/><E59/><V120/><F120/><W22/><G5/><T129/><D129/><U43/><E43/><V81/><F81/><N who="3" m="45311" /><G126/><T119/><D119/><U103/><E31/><V54/><AGARI ba="0,0" hai="1,4,8,12,16,21,25,29,35,54,57,60,92,93" machi="54" ten="20,8000,1" yaku="0,1,7,1,24,2,54,1" doraHai="95" who="2" fromWho="2" sc="494,-20,358,-20,76,80,72,-40" owari="474,57.4,338,13.8,156,-24.4,32,-46.8" /></mjloggm>