<mjloggm ver="2.3"><GO type="225" lobby="0"/><UN n0="%72%65%6E%6B%75%6E" n1="%73%74%61%72%E6%98%9F%E8%BE%B0" n2="%E6%A1%9C%E6%B2%A2%E5%A2%A8" n3="%E3%83%96%E3%83%83%E3%83%91%E3%82%AA%E3%83%96%E3%83%81%E3%82%AD%E3%83%B3" dan="17,16,17,16" rate="2220.00,2109.27,2145.19,2235.24" sx="M,M,F,M"/><TAIKYOKU oya="0"/><INIT seed="0,0,0,1,3,53" ten="250,250,250,250" oya="0" hai0="97,59,100,132,38,36,126,3,6,46,75,22,65" hai1="109,95,11,129,110,102,93,48,86,14,55,52,127" hai2="26,42,122,105,96,51,134,34,85,89,114,111,15" hai3="83,125,66,57,44,24,47,54,27,108,133,76,9"/><T10/><D126/><U104/><E127/><V92/><F122/><W73/><G125/><T113/><D113/><U101/><E129/><V123/><F123/><W87/><G108/><N who="1" m="41578" /><E55/><V71/><F114/><W128/><G128/><T28/><D132/><U31/><E31/><V29/><F71/><W84/><G133/><T5/><D5/><N who="1" m="3439" /><E86/><V35/><F111/><W0/><G73/><T135/><D75/><U20/><E20/><V103/><F134/><W107/><G107/><T13/><D135/><U63/><E63/><V49/><F35/><W58/><G87/><T40/><D38/><U68/><E68/><V60/><F42/><W91/><G76/><T21/><D28/><U117/><E117/><V7/><F60/><N who="3" m="38167" /><G0/><T99/><D99/><N who="1" m="61503" /><E102/><V118/><F118/><W64/><G9/><T94/><REACH who="0" step="1"/><D3/><REACH who="0" ten="240,250,250,250" step="2"/><U30/><E30/><V88/><F29/><W72/><G72/><T62/><AGARI ba="0,1" hai="6,10,13,21,22,36,40,46,59,62,65,94,97,100" machi="62" ten="30,11700,0" yaku="1,1,2,1,0,1,52,1,53,0" doraHai="53" doraHaiUra="12" who="0" fromWho="0" sc="240,127,250,-39,250,-39,250,-39" /><INIT seed="0,1,0,3,1,16" ten="367,211,211,211" oya="0" hai0="41,44,63,64,8,127,39,60,96,133,95,10,67" hai1="13,124,45,103,18,113,70,36,19,66,49,31,52" hai2="91,121,108,61,135,79,101,105,34,0,29,123,73" hai3="27,126,120,89,84,87,90,110,111,100,134,4,46"/><T35/><D133/><U92/><E124/><V130/><F91/><W59/><G4/><T40/><D127/><U115/><E31/><V129/><F0/><W112/><G126/><T48/><D35/><U76/><E76/><V2/><F2/><W30/><G112/><N who="1" m="43082" /><E36/><V80/><F61/><N who="0" m="23626" /><D39/><U12/><E66/><N who="0" m="25129" /><D41/><U94/><E70/><V122/><F108/><N who="3" m="41515" /><G134/><T15/><D15/><N who="1" m="5707" /><E92/><V24/><REACH who="2" step="1"/><F135/><REACH who="2" ten="367,211,201,211" step="2"/><W50/><G90/><AGARI ba="1,1" hai="8,10,40,44,48,90,95,96" m="25129,23626" machi="90" ten="30,1500,0" yaku="8,1" doraHai="16" who="0" fromWho="3" sc="367,28,211,0,201,0,211,-18" /><INIT seed="0,2,0,4,4,0" ten="395,211,201,193" oya="0" hai0="1,32,74,16,110,92,9,7,98,27,10,26,122" hai1="121,40,67,71,63,123,80,75,124,17,64,61,29" hai2="72,96,73,19,93,76,127,132,97,52,20,57,105" hai3="77,102,33,88,130,83,36,114,101,54,129,128,66"/><T8/><D122/><U84/><E75/><V117/><F132/><W65/><G33/><T133/><D74/><U103/><E124/><V90/><F127/><W2/><G114/><T85/><D85/><U47/><E29/><V125/><F125/><W78/><G36/><T131/><D133/><U38/><E17/><V6/><F117/><W87/><G2/><T113/><D113/><U108/><E103/><N who="3" m="39434" /><G54/><T86/><D86/><U62/><E108/><V118/><F118/><W89/><G89/><T15/><D92/><U59/><REACH who="1" step="1"/><E63/><REACH who="1" ten="395,201,201,193" step="2"/><V35/><F73/><W116/><G116/><T48/><D110/><U34/><E34/><V91/><F35/><W120/><G120/><T23/><D131/><N who="3" m="33537" /><W4/><DORA hai="51" /><G4/><T69/><D7/><U126/><E126/><V22/><F6/><W41/><G41/><T49/><D32/><U28/><E28/><V135/><F135/><W37/><G37/><T3/><D3/><U39/><E39/><V18/><F72/><N who="3" m="43431" /><G78/><AGARI ba="2,1" hai="38,40,47,59,61,62,64,67,71,78,80,84,121,123" machi="78" ten="30,2000,0" yaku="1,1,7,1,53,0" doraHai="0,51" doraHaiUra="45,31" who="1" fromWho="3" sc="395,0,201,36,201,0,193,-26" /><INIT seed="1,0,0,3,4,87" ten="395,237,201,167" oya="1" hai0="27,85,60,48,113,23,135,24,126,116,72,69,129" hai1="39,100,9,119,106,102,41,123,8,73,84,130,78" hai2="58,122,43,6,112,12,59,86,118,19,94,81,98" hai3="17,26,97,117,11,31,4,115,64,89,44,66,32"/><U91/><E119/><V52/><F118/><W79/><G117/><T67/><D72/><U42/><E123/><V57/><F122/><W88/><G115/><T114/><D114/><U80/><E130/><V14/><F43/><W127/><G127/><T7/><D7/><U54/><E54/><V28/><F28/><W36/><G79/><T45/><D116/><U37/><E42/><V29/><F29/><W62/><G17/><T22/><D129/><U77/><E77/><V90/><F112/><W51/><G97/><T50/><D113/><U20/><E20/><N who="2" m="11367" /><F14/><W5/><G36/><T56/><D126/><U133/><E133/><V46/><F6/><W3/><G4/><T111/><D69/><U108/><E108/><V121/><F46/><W2/><G2/><T82/><D111/><U74/><E74/><V92/><F92/><W16/><G16/><N who="0" m="12359" /><D45/><N who="1" m="23727" /><E102/><N who="2" m="60759" /><F121/><W0/><G0/><T47/><D47/><U125/><E39/><V124/><F124/><W70/><REACH who="3" step="1"/><G66/><REACH who="3" ten="395,237,201,157" step="2"/><T61/><D135/><U33/><E125/><V103/><F103/><W101/><G101/><T132/><D132/><U13/><E100/><V83/><F83/><W95/><G95/><T128/><D128/><U75/><E106/><V71/><F71/><W1/><G1/><T34/><D67/><U93/><E93/><V53/><AGARI ba="0,1" hai="52,53,57,58,59,81,86,90" m="60759,11367" machi="53" ten="30,4000,0" yaku="8,1,52,1,54,1" doraHai="87" who="2" fromWho="2" sc="395,-10,237,-20,201,50,157,-10" /><INIT seed="2,0,0,4,3,73" ten="385,217,251,147" oya="2" hai0="59,58,54,133,42,68,50,30,82,34,17,125,135" hai1="77,85,96,86,51,119,36,45,72,57,99,47,111" hai2="43,21,104,122,131,35,134,38,1,2,67,75,124" hai3="19,66,62,26,6,28,49,105,0,48,97,112,37"/><V65/><RYUUKYOKU type="yao9" ba="0,0" sc="385,0,217,0,251,0,147,0" hai2="1,2,21,35,38,43,65,67,75,104,122,124,131,134" /><INIT seed="2,1,0,0,2,42" ten="385,217,251,147" oya="2" hai0="72,38,119,117,89,8,104,85,5,47,51,102,30" hai1="1,99,12,106,81,84,110,41,31,2,108,3,13" hai2="24,90,95,111,39,115,124,94,52,70,133,71,135" hai3="82,93,16,122,68,20,43,67,128,60,53,17,127"/><V26/><F115/><W48/><G122/><T91/><D72/><U73/><E73/><V96/><F39/><W105/><G105/><T36/><D30/><U37/><E31/><V112/><F112/><W74/><G128/><T11/><D102/><N who="1" m="62815" /><E41/><V86/><F124/><W44/><G127/><T59/><D104/><U114/><E37/><N who="0" m="14441" /><D59/><U101/><E101/><V78/><F111/><N who="1" m="42537" /><E114/><V23/><F24/><W4/><G4/><T21/><D21/><U92/><E92/><V33/><F33/><W88/><G43/><N who="0" m="25087" /><D85/><U65/><E65/><V125/><F125/><W7/><G7/><T6/><D6/><U75/><E75/><V45/><F94/><W56/><G68/><T132/><D11/><U63/><E63/><V46/><F70/><W64/><G64/><T28/><D28/><U66/><E66/><V10/><F71/><W62/><G62/><T130/><D130/><U134/><E134/><N who="2" m="51211" /><F10/><W29/><G74/><T0/><D132/><U54/><E54/><V79/><F52/><W118/><G82/><T18/><D18/><U9/><E9/><V100/><F100/><W40/><G67/><T69/><D69/><U116/><E116/><AGARI ba="1,0" hai="0,5,8,89,91,116,117,119" m="25087,14441" machi="116" ten="30,2000,0" yaku="12,1,52,1" doraHai="42" who="0" fromWho="1" sc="385,23,217,-23,251,0,147,0" /><INIT seed="3,0,0,2,3,68" ten="408,194,251,147" oya="3" hai0="106,12,2,59,110,116,20,84,40,64,5,96,65" hai1="25,48,31,111,13,131,73,126,14,104,78,85,75" hai2="54,22,3,49,82,133,100,19,109,95,50,88,33" hai3="41,108,9,121,102,115,128,122,26,94,53,57,61"/><W4/><G115/><T10/><D116/><U36/><E36/><V66/><F33/><W67/><G128/><T23/><D110/><U134/><E104/><V98/><F3/><W135/><G135/><T58/><D40/><U51/><E111/><V93/><F109/><W46/><G108/><T70/><D70/><U6/><E134/><V77/><F66/><N who="0" m="25706" /><D106/><U47/><E131/><V114/><F114/><W120/><G26/><T103/><D2/><U32/><E126/><V92/><F133/><W80/><G80/><T123/><D123/><U81/><E48/><V63/><F63/><W21/><G21/><N who="0" m="8267" /><D96/><U18/><E13/><V7/><F7/><W113/><G113/><T60/><D84/><U97/><E97/><N who="2" m="57479" /><F93/><W129/><G129/><T17/><D103/><U62/><E62/><V91/><F77/><W29/><G29/><T55/><D59/><U28/><E28/><V79/><F79/><W105/><G105/><T74/><D74/><U132/><E132/><V72/><F72/><W39/><G67/><T44/><D44/><U86/><E86/><N who="2" m="50647" /><F54/><W42/><G42/><T8/><D8/><N who="1" m="4375" /><E18/><AGARI ba="0,0" hai="5,10,12,17,18,55,58,60" m="8267,25706" machi="18" ten="30,1000,0" yaku="8,1" doraHai="68" who="0" fromWho="1" sc="408,10,194,-10,251,0,147,0" owari="418,51.8,184,-21.6,251,5.1,147,-35.3" /></mjloggm>