<mjloggm ver="2.3"><GO type="225" lobby="0"/><UN n0="%E5%91%A8%E6%9D%B1" n1="%E3%83%A9%E3%83%BC%E3%83%A1%E3%83%B3%E4%BA%94%E9%83%8E" n2="%E6%9D%B1%E9%A2%A8%E3%81%AE%E3%81%8D%E3%82%83%E3%81%B7%E3%81%95%E3%82%93" n3="%E6%9C%88%E5%B3%B6%E5%9F%BA" dan="16,16,16,17" rate="2168.46,2119.51,2169.57,2202.58" sx="M,M,M,M"/><TAIKYOKU oya="0"/><INIT seed="0,0,0,4,5,33" ten="250,250,250,250" oya="0" hai0="89,51,7,42,54,35,59,65,44,127,15,80,104" hai1="63,64,79,17,93,31,18,60,28,39,121,5,111" hai2="110,32,4,82,24,109,69,27,20,118,86,23,119" hai3="72,114,58,12,67,34,70,90,22,61,85,62,96"/><T116/><D127/><U16/><E121/><V112/><F69/><W87/><G114/><T11/><D104/><U49/><E39/><V37/><F37/><W99/><G34/><T57/><D116/><N who="2" m="44586" /><F86/><W40/><G72/><T124/><D124/><U71/><E111/><N who="2" m="42507" /><F82/><W10/><G22/><N who="2" m="8233" /><F32/><W91/><G87/><N who="0" m="50407" /><D35/><U30/><E71/><V94/><F94/><W38/><G85/><T128/><D128/><U41/><E30/><V1/><F112/><W126/><G126/><T55/><D65/><U47/><E64/><V125/><F125/><W84/><G84/><T107/><D107/><U52/><E31/><V26/><F4/><W106/><G106/><T25/><D25/><U102/><E5/><V29/><F29/><W113/><G113/><T117/><D117/><U108/><E28/><V98/><F98/><W83/><G83/><T100/><D100/><U88/><E108/><V78/><F78/><W105/><G96/><T134/><D134/><U130/><E102/><V129/><F129/><W101/><G70/><T123/><D123/><U21/><E130/><V36/><F36/><W103/><G103/><T53/><AGARI ba="0,0" hai="7,11,15,42,44,51,53,54,55,57,59" m="50407" machi="53" ten="30,1500,0" yaku="8,1" doraHai="33" who="0" fromWho="0" sc="250,15,250,-5,250,-5,250,-5" /><INIT seed="0,1,0,5,4,41" ten="265,245,245,245" oya="0" hai0="29,62,85,34,88,84,86,107,125,128,0,59,3" hai1="12,114,89,132,53,111,64,51,20,90,5,122,103" hai2="79,28,92,108,118,17,124,48,19,119,44,81,38" hai3="66,116,110,11,10,80,35,93,36,2,7,135,105"/><T43/><D107/><U6/><E122/><V77/><F38/><W96/><G116/><N who="2" m="44585" /><F28/><W40/><G110/><T120/><D120/><U32/><E32/><V18/><F108/><W71/><G135/><T72/><D72/><U49/><E111/><V95/><F124/><W104/><G11/><T67/><D125/><U133/><E114/><V101/><F101/><W68/><G93/><N who="2" m="35913" /><F81/><W31/><G80/><T115/><D115/><U26/><E103/><V56/><F56/><W97/><G97/><T30/><D128/><U63/><E90/><V102/><F102/><W73/><G96/><T113/><D113/><U47/><E89/><V54/><AGARI ba="1,0" hai="17,18,19,44,48,54,77,79" m="35913,44585" machi="54" ten="40,2700,0" yaku="12,1,52,1" doraHai="41" who="2" fromWho="2" sc="265,-14,245,-8,245,30,245,-8" /><INIT seed="1,0,0,0,2,38" ten="251,237,275,237" oya="1" hai0="124,132,127,122,36,129,2,26,73,0,56,55,115" hai1="94,100,19,106,102,88,14,40,123,135,77,104,133" hai2="97,60,27,126,4,32,68,5,59,53,50,108,82" hai3="98,85,86,61,64,63,121,57,120,131,91,51,49"/><U87/><E123/><V7/><F108/><W99/><G131/><T80/><D115/><U78/><E40/><V3/><F126/><N who="0" m="48170" /><D122/><U90/><E19/><V134/><F134/><N who="1" m="51209" /><E14/><V28/><F82/><W70/><G120/><T62/><D132/><U47/><E47/><V48/><F68/><W75/><G121/><T41/><D129/><U29/><E29/><V45/><F3/><W114/><G70/><T34/><D34/><U96/><E90/><V58/><F97/><AGARI ba="0,0" hai="77,78,87,88,94,96,97,100,102,104,106" m="51209" machi="97" ten="30,11600,0" yaku="20,1,34,2,54,1" doraHai="38" who="1" fromWho="2" sc="251,0,237,116,275,-116,237,0" /><INIT seed="1,1,0,2,4,133" ten="251,353,159,237" oya="1" hai0="108,123,127,3,129,25,117,89,79,99,53,54,9" hai1="63,51,130,64,4,91,74,41,28,102,60,128,7" hai2="57,12,6,131,132,111,17,84,24,107,115,38,78" hai3="82,122,13,62,21,135,73,80,47,8,106,35,109"/><U50/><E74/><V113/><F38/><W44/><G35/><T45/><D117/><U5/><E102/><V95/><F107/><W14/><G106/><T90/><D108/><U1/><E1/><V42/><F42/><W33/><G33/><T100/><D129/><N who="1" m="49771" /><E28/><V124/><F131/><W119/><G122/><T101/><D123/><U94/><E41/><V81/><F111/><W69/><G135/><T55/><D45/><U32/><E32/><V104/><F104/><W97/><G47/><T114/><D114/><N who="2" m="43530" /><F132/><W10/><G44/><T27/><D3/><U66/><E63/><V68/><F68/><W103/><G69/><T71/><D71/><N who="1" m="42375" /><E66/><V31/><F6/><W40/><G62/><T88/><D100/><U58/><E58/><V26/><F57/><W65/><G40/><T39/><D39/><U20/><E20/><N who="2" m="15751" /><F26/><W43/><G43/><T18/><D25/><U83/><E83/><V87/><F95/><W36/><G36/><T46/><D27/><U59/><E59/><V2/><F2/><W48/><G109/><T125/><D46/><U61/><E61/><V92/><F92/><W86/><G119/><T11/><D11/><U70/><E70/><V120/><F120/><W72/><G10/><T29/><D29/><U15/><E15/><V16/><F12/><W19/><G14/><T98/><D9/><U0/><E0/><V118/><F118/><W126/><G8/><T23/><D23/><U37/><E37/><V22/><F22/><W96/><G21/><T49/><D18/><N who="2" m="7274" /><F84/><AGARI ba="1,0" hai="4,5,7,50,51,84,91,94" m="42375,49771" machi="84" ten="30,1500,0" yaku="19,1" doraHai="133" who="1" fromWho="2" sc="251,0,353,18,159,-18,237,0" /><INIT seed="1,2,0,2,2,52" ten="251,371,141,237" oya="1" hai0="46,32,128,65,110,27,118,66,74,10,82,132,115" hai1="18,104,40,28,133,63,98,4,21,109,67,39,73" hai2="7,84,58,106,54,47,3,56,96,44,23,81,87" hai3="16,36,31,50,89,57,45,131,24,126,80,125,48"/><U35/><E73/><V8/><F23/><N who="3" m="13415" /><G131/><T5/><D128/><U78/><E78/><V105/><F87/><N who="3" m="50407" /><G31/><T119/><D115/><U86/><E133/><V2/><F2/><W6/><G6/><T71/><D132/><U94/><E104/><V26/><F26/><W76/><G76/><T79/><D71/><U116/><E4/><V93/><F105/><W103/><G103/><T19/><D32/><U134/><E28/><V33/><F33/><W22/><G22/><T95/><D27/><U92/><E35/><V107/><F107/><W42/><G57/><T30/><D30/><U108/><E134/><V15/><F106/><W99/><G99/><T29/><D29/><U49/><E39/><V60/><F3/><W122/><G122/><T112/><D112/><U1/><E1/><V17/><F7/><W102/><G102/><T41/><D19/><U130/><E130/><V88/><F56/><W85/><G85/><T127/><D5/><U69/><E86/><V13/><F13/><W59/><G59/><T124/><D79/><AGARI ba="2,0" hai="8,15,17,44,47,54,58,60,79,81,84,88,93,96" machi="79" ten="30,7700,0" yaku="7,1,8,1,52,1,54,1" doraHai="52" who="2" fromWho="0" sc="251,-83,371,0,141,83,237,0" /><INIT seed="2,0,0,1,3,121" ten="168,371,224,237" oya="2" hai0="63,82,14,83,123,8,124,6,77,78,55,120,53" hai1="75,62,102,96,118,4,106,17,7,70,127,30,94" hai2="126,15,128,22,28,39,50,134,47,100,20,91,108" hai3="114,112,105,51,72,58,113,109,26,59,24,60,5"/><V135/><F39/><W93/><G105/><T32/><D32/><U101/><E118/><V73/><F73/><W107/><G107/><T125/><D63/><U45/><E75/><V103/><F91/><W65/><G72/><T31/><D31/><U88/><E127/><V42/><F126/><W85/><G5/><T2/><D6/><U46/><E30/><V80/><F80/><W99/><G85/><T122/><D14/><U110/><E70/><V119/><F119/><W79/><G79/><T33/><D123/><U133/><E62/><V34/><F128/><W29/><G109/><T18/><D33/><U81/><E110/><V1/><F108/><W9/><G9/><T76/><D76/><U49/><E106/><V23/><F1/><W67/><G67/><T64/><D64/><U41/><E81/><V25/><REACH who="2" step="1"/><F15/><REACH who="2" ten="168,371,214,237" step="2"/><W68/><G113/><T52/><D2/><U13/><E88/><V71/><F71/><W84/><G68/><T40/><D124/><U10/><E102/><AGARI ba="0,1" hai="20,22,23,25,28,34,42,47,50,100,102,103,134,135" machi="102" ten="40,2000,0" yaku="1,1,53,0" doraHai="121" doraHaiUra="74" who="2" fromWho="1" sc="168,0,371,-20,214,30,237,0" /><INIT seed="2,1,0,2,3,4" ten="168,351,244,237" oya="2" hai0="47,120,63,27,127,22,87,128,33,102,83,108,97" hai1="5,115,6,51,13,96,81,59,20,88,34,37,82" hai2="30,15,42,18,11,10,92,100,44,17,80,135,110" hai3="107,89,121,62,134,132,79,124,77,52,123,1,131"/><V118/><F118/><W114/><G1/><T8/><D108/><U57/><E34/><V56/><F110/><W7/><G7/><N who="1" m="2570" /><E37/><V90/><F135/><N who="3" m="51755" /><G107/><T46/><D33/><U32/><E32/><V55/><F30/><W78/><G124/><T74/><D127/><U61/><E115/><V65/><F65/><W25/><G114/><T76/><D120/><N who="3" m="46153" /><G131/><T64/><D74/><U54/><E20/><V84/><F100/><W105/><G105/><T45/><D128/><U98/><E13/><N who="2" m="7351" /><F42/><W0/><G0/><T68/><D8/><U119/><E119/><V93/><F44/><W23/><G89/><T73/><D73/><U29/><E29/><V117/><F117/><W60/><G52/><T130/><D130/><U111/><E111/><V99/><F99/><N who="1" m="37929" /><E88/><V94/><F80/><W129/><G129/><T122/><D122/><U31/><E31/><AGARI ba="1,0" hai="23,25,31,60,62,77,78,79" m="46153,51755" machi="31" ten="40,1300,0" yaku="20,1" doraHai="4" who="3" fromWho="1" sc="168,0,351,-16,244,0,237,16" /><INIT seed="3,0,0,5,2,120" ten="168,335,244,253" oya="3" hai0="57,50,116,15,47,21,12,126,30,84,99,46,115" hai1="110,134,101,76,11,4,69,117,68,28,5,0,60" hai2="7,77,121,55,38,73,78,86,43,54,1,25,98" hai3="112,122,97,24,36,87,61,109,81,17,16,83,119"/><W23/><G112/><T32/><D32/><U53/><E76/><V105/><F25/><W103/><G119/><T29/><D115/><U66/><E28/><V74/><F121/><W45/><G122/><T63/><D116/><U95/><E117/><V59/><F43/><W79/><G36/><T118/><D118/><U82/><E82/><V34/><F38/><W49/><G109/><T31/><D126/><U67/><E53/><V89/><F34/><W40/><G61/><T58/><D99/><U80/><E80/><V6/><F55/><W8/><G83/><T39/><D39/><U125/><E110/><V111/><F111/><W71/><G71/><T56/><D63/><U129/><E60/><V130/><F130/><W64/><G64/><T10/><D84/><U123/><E95/><V18/><F18/><W9/><REACH who="3" step="1"/><G17/><REACH who="3" ten="168,335,244,243" step="2"/><T27/><D47/><U26/><E123/><V35/><F59/><W135/><G135/><T102/><D102/><U20/><E134/><V100/><F100/><W128/><G128/><T124/><D124/><U108/><E129/><V13/><F6/><W88/><G88/><T42/><REACH who="0" step="1"/><D15/><REACH who="0" ten="158,335,244,243" step="2"/><U131/><E125/><V127/><F13/><W72/><G72/><T107/><D107/><AGARI ba="0,2" hai="8,9,16,23,24,40,45,49,79,81,87,97,103,107" machi="107" ten="30,5800,0" yaku="1,1,7,1,54,1,53,0" doraHai="120" doraHaiUra="90" who="3" fromWho="0" sc="158,-58,335,0,244,0,243,78" /><INIT seed="3,1,0,1,1,32" ten="100,335,244,321" oya="3" hai0="102,35,79,45,83,29,50,46,31,16,68,106,103" hai1="112,18,69,52,12,22,77,93,91,4,57,33,80" hai2="61,5,6,19,105,64,36,2,62,101,74,40,121" hai3="75,73,10,89,124,30,125,34,117,131,70,23,25"/><W63/><G117/><T0/><D68/><U78/><E112/><V98/><F74/><N who="3" m="28171" /><G131/><T123/><D123/><U47/><E69/><V17/><F121/><W88/><G23/><T28/><D35/><U92/><E33/><V58/><F61/><W116/><G116/><T43/><D106/><U133/><E133/><V130/><F130/><W114/><G114/><T66/><D66/><U65/><E4/><V97/><F97/><W129/><G129/><T60/><D60/><N who="1" m="38031" /><E80/><V99/><F6/><W20/><G20/><T48/><D83/><U53/><E93/><V76/><F99/><W49/><G49/><T135/><D135/><U15/><E15/><V108/><F76/><N who="1" m="29289" /><E47/><V9/><REACH who="2" step="1"/><F108/><REACH who="2" ten="100,335,234,321" step="2"/><W59/><G70/><T110/><D79/><U107/><E107/><V11/><F11/><W118/><G10/><T85/><D110/><U119/><E119/><V24/><F24/><W96/><G96/><AGARI ba="1,1" hai="12,18,22,52,53,91,92,96" m="29289,38031" machi="96" ten="30,2000,0" yaku="8,1,54,1" doraHai="32" who="1" fromWho="3" sc="100,0,335,33,234,0,321,-23" owari="100,-40.0,368,46.8,234,-16.6,298,9.8" /></mjloggm>