<mjloggm ver="2.3"><GO type="225" lobby="0"/><UN n0="%E3%83%A9%E3%82%B9%E7%8E%87%EF%BC%93%E5%89%B2" n1="%E6%9C%88%E5%B3%B6%E5%9F%BA" n2="%40%77%61%6B%61" n3="%E5%91%A8%E6%9D%B1" dan="17,16,16,17" rate="2222.22,2120.88,2101.71,2147.26" sx="F,M,M,M"/><TAIKYOKU oya="0"/><INIT seed="0,0,0,2,0,13" ten="250,250,250,250" oya="0" hai0="68,54,114,67,78,48,95,77,99,131,120,86,125" hai1="80,103,0,39,71,9,1,113,8,134,128,132,88" hai2="89,96,63,16,61,127,5,26,27,40,41,29,4" hai3="116,133,62,37,47,52,20,82,87,84,76,33,123"/><T100/><D114/><U11/><E71/><V6/><F127/><W73/><G33/><T21/><D120/><U129/><E39/><V105/><F105/><W28/><G116/><T46/><D125/><U38/><E38/><V74/><F74/><W124/><G124/><T49/><D131/><N who="1" m="50251" /><E103/><V112/><F112/><W34/><G123/><T17/><D67/><U45/><E45/><V19/><F29/><W58/><G34/><T94/><D49/><U50/><E50/><V64/><F4/><W79/><G79/><T69/><D69/><U85/><E113/><V10/><F96/><W121/><G121/><T25/><REACH who="0" step="1"/><D68/><REACH who="0" ten="240,250,250,250" step="2"/><U2/><AGARI ba="0,1" hai="0,1,2,8,9,11,80,85,88,132,134" m="50251" machi="2" ten="40,2700,0" yaku="19,1,54,1" doraHai="13" who="1" fromWho="1" sc="240,-13,250,37,250,-7,250,-7" /><INIT seed="1,0,0,1,1,43" ten="227,287,243,243" oya="1" hai0="105,124,31,88,111,135,121,86,19,67,112,104,126" hai1="35,72,29,87,15,115,53,60,84,38,4,21,47" hai2="62,109,57,49,7,120,25,89,58,102,33,90,79" hai3="85,23,2,113,39,3,48,95,99,13,129,75,1"/><U41/><E115/><V64/><F120/><W107/><G39/><T34/><D67/><U80/><E35/><V10/><F102/><W26/><G113/><T30/><D112/><U127/><E127/><N who="0" m="48681" /><D111/><U116/><E116/><V11/><F79/><W101/><G129/><T96/><D135/><U65/><E72/><V132/><F109/><W83/><G13/><T5/><D5/><U130/><E53/><V81/><F132/><W40/><G75/><T36/><D36/><U45/><E45/><V69/><F69/><W44/><G107/><N who="0" m="41035" /><D96/><U131/><E4/><V92/><F81/><W114/><G114/><T108/><D34/><U91/><E84/><V9/><F7/><W54/><G54/><T37/><D37/><U119/><E119/><V50/><F58/><W103/><G103/><T59/><D59/><U133/><E133/><V20/><F33/><W74/><G74/><T56/><D56/><U106/><E106/><V134/><F134/><W82/><REACH who="3" step="1"/><G85/><REACH who="3" ten="227,287,243,233" step="2"/><T24/><D108/><U32/><E15/><V8/><N who="2" m="2048" /><DORA hai="12" /><V122/><F122/><W76/><G76/><T117/><D121/><U17/><E130/><V100/><F100/><W42/><G42/><T77/><D77/><U66/><E41/><V68/><F90/><W63/><G63/><T71/><D117/><U61/><E61/><V73/><F73/><W0/><N who="3" m="0" /><DORA hai="14" /><W70/><G70/><T6/><D71/><U46/><E60/><V98/><F68/><W18/><AGARI ba="0,1" hai="18,23,26,40,44,48,82,83,95,99,101" m="0" machi="18" ten="60,8000,1" yaku="1,1,0,1,52,3,53,0" doraHai="43,12,14" doraHaiUra="52,55,125" who="3" fromWho="3" sc="227,-20,287,-40,243,-20,233,90" /><INIT seed="2,0,0,0,0,26" ten="207,247,223,323" oya="2" hai0="29,97,66,133,71,76,58,121,110,127,72,44,35" hai1="130,70,73,12,11,96,28,101,25,100,90,49,14" hai2="55,13,2,86,51,79,134,91,27,21,38,48,104" hai3="15,122,109,47,102,31,5,1,132,40,107,129,131"/><V61/><F104/><W53/><G122/><T62/><D121/><U19/><E73/><V125/><F38/><W64/><G132/><T115/><D115/><U41/><E70/><V23/><F2/><W8/><G109/><T106/><D58/><U34/><E130/><N who="3" m="49674" /><G53/><T87/><D87/><U124/><E124/><V33/><F125/><W99/><G64/><T105/><D44/><U36/><E36/><V52/><F79/><W80/><G80/><N who="0" m="45063" /><D106/><U60/><E60/><V17/><F33/><W116/><G116/><T67/><D67/><U4/><E49/><N who="2" m="19019" /><F61/><W20/><G47/><T112/><D112/><U63/><E41/><V54/><F134/><W98/><G40/><T69/><D69/><U74/><E63/><V111/><F111/><W126/><G126/><T94/><D94/><U56/><E56/><V57/><F57/><W81/><G81/><T0/><D127/><U68/><E74/><V128/><F128/><W75/><G75/><T10/><D133/><U32/><E32/><V30/><F55/><W103/><G107/><T95/><D95/><AGARI ba="0,0" hai="13,17,21,23,27,30,52,54,86,91,95" m="19019" machi="95" ten="30,5800,0" yaku="8,1,52,1,54,1" doraHai="26" who="2" fromWho="0" sc="207,-58,247,0,223,58,323,0" /><INIT seed="2,1,0,0,2,100" ten="149,247,281,323" oya="2" hai0="27,11,123,97,50,102,126,15,132,63,106,94,129" hai1="77,3,118,40,34,24,38,47,88,2,12,112,36" hai2="7,19,87,26,55,72,119,13,8,90,111,41,57" hai3="127,66,135,49,115,31,82,45,93,122,53,52,83"/><V48/><F72/><W95/><G122/><T0/><D123/><U75/><E112/><V43/><F119/><W104/><G104/><T25/><D129/><U108/><E118/><V85/><F111/><W125/><G115/><T110/><D132/><U39/><E108/><V86/><F90/><W33/><G66/><T113/><D113/><U42/><E12/><V74/><F74/><W29/><G135/><T96/><D0/><N who="1" m="43" /><E42/><V20/><AGARI ba="1,0" hai="7,8,13,19,20,26,41,43,48,55,57,85,86,87" machi="20" ten="30,3000,0" yaku="0,1,8,1" doraHai="100" who="2" fromWho="2" sc="149,-11,247,-11,281,33,323,-11" /><INIT seed="2,2,0,4,3,120" ten="138,236,314,312" oya="2" hai0="85,37,69,48,36,22,129,19,83,38,80,81,117" hai1="13,12,68,101,10,5,114,66,26,23,71,61,34" hai2="97,116,60,11,3,86,107,128,105,122,7,91,65" hai3="89,132,87,78,135,102,30,40,32,106,103,131,29"/><V6/><F122/><W127/><G131/><T110/><D69/><U63/><E114/><V53/><F116/><W109/><G127/><T115/><D115/><U21/><E101/><N who="3" m="38410" /><G32/><T76/><D129/><U25/><E34/><V0/><F128/><W75/><G40/><T90/><D117/><U51/><E51/><V45/><F97/><W20/><G20/><T99/><D99/><U46/><E46/><V123/><F123/><W58/><G58/><T82/><D48/><U111/><E111/><V98/><F98/><W96/><G109/><T121/><D121/><U124/><E124/><V93/><F53/><W59/><G59/><T112/><D112/><U33/><E33/><V44/><F105/><W94/><G106/><T134/><D134/><N who="3" m="51241" /><G75/><T108/><REACH who="0" step="1"/><D76/><REACH who="0" ten="128,236,314,312" step="2"/><U92/><E68/><V52/><F107/><W57/><G78/><T73/><D73/><U1/><E71/><V119/><F119/><W41/><G96/><T50/><D50/><U39/><E39/><V62/><F62/><W55/><G41/><T104/><D104/><U74/><E74/><V17/><F60/><AGARI ba="2,1" hai="29,30,55,57,60,87,89,94" m="51241,38410" machi="60" ten="30,1000,0" yaku="20,1" doraHai="120" who="3" fromWho="2" sc="128,0,236,0,314,-16,312,26" /><INIT seed="3,0,0,0,5,128" ten="128,236,298,338" oya="3" hai0="20,134,17,125,13,33,24,90,35,115,96,36,89" hai1="70,82,21,99,78,72,110,28,118,119,94,77,39" hai2="87,71,29,10,79,54,107,34,109,46,76,93,38" hai3="64,112,55,48,23,113,63,122,56,97,51,2,65"/><W103/><G2/><T88/><D36/><U11/><E110/><V105/><F71/><W129/><G129/><T104/><D125/><U80/><E70/><V3/><F29/><W15/><G122/><T66/><D66/><U50/><E39/><V14/><F34/><W131/><G65/><T30/><D115/><U1/><E50/><V12/><F3/><W27/><G15/><T114/><D114/><U53/><E53/><V8/><F38/><W68/><G51/><T75/><D75/><U116/><E28/><V7/><F54/><W19/><G131/><T83/><D83/><U121/><E21/><V86/><F46/><W67/><G67/><T91/><N who="0" m="22528" /><DORA hai="26" /><T106/><D96/><U102/><E121/><V37/><F37/><W57/><G68/><T43/><D43/><U74/><E11/><V81/><F93/><AGARI ba="0,0" hai="19,23,27,48,55,56,57,63,64,93,97,103,112,113" machi="93" ten="30,1500,0" yaku="7,1" doraHai="128,26" who="3" fromWho="2" sc="128,0,236,0,298,-15,338,15" owari="128,-37.2,236,-16.4,283,8.3,353,45.3" /></mjloggm>