<mjloggm ver="2.3"><GO type="225" lobby="0"/><UN n0="%E9%A6%AC%E5%BC%95%E7%81%AB%33" n1="%E5%91%A8%E6%9D%B1" n2="%E5%B0%8F%E9%B3%A5%E9%81%8A%E7%B7%B4%E7%84%A1%32%31%E6%AD%B3" n3="%E5%85%83%E3%82%AB%E3%83%8E%E7%B3%BB%E3%83%92%E3%83%AD%E3%82%A4%E3%83%B3" dan="17,16,16,16" rate="2128.14,2154.44,2208.18,2174.70" sx="M,M,F,M"/><TAIKYOKU oya="0"/><INIT seed="0,0,0,2,3,126" ten="250,250,250,250" oya="0" hai0="132,2,123,59,94,124,3,68,35,64,49,17,85" hai1="16,130,38,51,24,15,89,40,127,54,129,62,102" hai2="45,100,91,95,76,80,5,109,125,41,50,60,98" hai3="78,27,119,105,121,115,43,19,20,103,7,34,23"/><T21/><D123/><U128/><E127/><V61/><F109/><W71/><G115/><T25/><D124/><U133/><E133/><V36/><F125/><W113/><G113/><T8/><D132/><U70/><E102/><V108/><F108/><W22/><G119/><T106/><D106/><U12/><E89/><V1/><F50/><W84/><G71/><T67/><D68/><U110/><E110/><V53/><F53/><W117/><G117/><T118/><D118/><U46/><E24/><V4/><F91/><W92/><G121/><T55/><D35/><U86/><E86/><V9/><REACH who="2" step="1"/><F4/><REACH who="2" ten="250,250,240,250" step="2"/><W57/><G7/><T90/><REACH who="0" step="1"/><D8/><REACH who="0" ten="240,250,240,250" step="2"/><U37/><E40/><V69/><F69/><W122/><G43/><T42/><D42/><U32/><E32/><V72/><AGARI ba="0,2" hai="1,5,9,36,41,45,60,61,72,76,80,95,98,100" machi="72" ten="20,12000,2" yaku="1,1,0,1,7,1,25,2,53,1" doraHai="126" doraHaiUra="96" who="2" fromWho="2" sc="240,-60,250,-30,240,140,250,-30" /><INIT seed="1,0,0,2,2,10" ten="180,220,380,220" oya="1" hai0="121,80,62,66,58,9,28,21,37,14,32,70,40" hai1="115,92,60,45,49,85,6,17,124,103,4,133,82" hai2="93,98,79,134,122,131,97,110,67,126,63,104,100" hai3="74,11,22,127,34,16,114,94,73,31,59,128,27"/><U107/><E107/><V30/><F122/><W61/><G114/><T95/><D121/><U111/><E115/><V53/><F110/><W29/><G128/><T88/><D32/><U123/><E123/><V55/><F134/><W13/><G127/><T26/><D80/><U102/><E133/><V46/><F131/><W113/><G113/><T87/><D37/><U43/><E111/><V105/><F79/><W132/><G132/><T25/><D25/><U130/><E130/><V64/><F126/><W12/><G29/><T84/><D40/><U109/><E109/><V38/><F67/><W116/><G94/><T5/><D70/><U101/><E124/><V135/><F135/><W75/><G116/><T2/><D2/><U77/><E92/><V99/><F99/><AGARI ba="0,0" hai="5,9,14,21,26,28,58,62,66,84,87,88,95,99" machi="99" ten="30,7700,0" yaku="7,1,8,1,52,1,54,1" doraHai="10" who="0" fromWho="2" sc="180,77,220,0,380,-77,220,0" /><INIT seed="2,0,0,2,3,103" ten="257,220,303,220" oya="2" hai0="99,32,10,87,130,97,132,73,31,91,74,96,76" hai1="85,93,11,108,28,98,114,17,51,7,53,42,125" hai2="131,13,126,36,39,104,127,14,122,80,79,58,94" hai3="101,72,89,124,43,116,48,95,33,102,12,110,88"/><V133/><F122/><W0/><G0/><T18/><D32/><U64/><E108/><V68/><F68/><W81/><G33/><T112/><D31/><U29/><E125/><N who="2" m="47627" /><F94/><W63/><G124/><T8/><D18/><U115/><E64/><V100/><F58/><W22/><G116/><T66/><D66/><U27/><E42/><V2/><F2/><W54/><G110/><T75/><D112/><U77/><E114/><V30/><F30/><W59/><G72/><T84/><D130/><U106/><E115/><V23/><F133/><W37/><G37/><N who="2" m="14409" /><F23/><W60/><G81/><N who="0" m="47143" /><D8/><U4/><E11/><V109/><F131/><W71/><G71/><T56/><D10/><U113/><E28/><V118/><F118/><W70/><G70/><T86/><D56/><U21/><E29/><V5/><F5/><W129/><G129/><T19/><D19/><U46/><E113/><V52/><F109/><W82/><G82/><N who="0" m="49623" /><D87/><U120/><E85/><N who="2" m="48287" /><F52/><W135/><G135/><AGARI ba="0,0" hai="73,74,75,96,97,99,132,135" m="49623,47143" machi="135" ten="40,2600,0" yaku="34,2" doraHai="103" who="0" fromWho="3" sc="257,26,220,0,303,0,220,-26" /><INIT seed="3,0,0,2,4,63" ten="283,220,303,194" oya="3" hai0="49,45,35,96,92,34,84,8,79,11,72,29,74" hai1="107,122,129,77,135,89,40,64,4,65,10,69,42" hai2="50,60,70,91,12,41,9,59,86,119,62,78,124" hai3="110,95,125,37,113,53,57,27,71,115,58,106,108"/><W75/><G106/><T56/><D84/><U61/><E122/><V18/><F119/><W0/><G0/><T97/><D56/><U130/><E107/><V36/><F36/><W112/><G75/><T123/><D49/><U121/><E121/><V134/><F134/><W109/><G125/><T31/><D123/><U90/><E135/><V39/><F39/><W126/><G126/><T87/><D87/><U32/><E32/><V76/><F70/><W48/><G71/><T25/><D92/><U47/><E77/><N who="2" m="29803" /><F124/><W51/><G37/><T1/><D79/><U94/><E65/><V66/><F62/><W21/><G95/><T38/><D38/><U44/><E40/><V26/><F26/><W16/><G48/><T117/><D25/><U55/><E42/><V7/><F50/><W132/><G132/><T24/><D24/><U33/><E33/><V23/><F41/><W68/><G68/><T85/><D85/><N who="1" m="52527" /><E90/><V19/><F23/><W30/><G30/><T2/><REACH who="0" step="1"/><D45/><AGARI ba="0,0" hai="16,21,27,45,51,53,57,58,108,109,110,112,113,115" machi="45" ten="50,9600,0" yaku="14,1,10,1,54,1" doraHai="63" who="3" fromWho="0" sc="283,-96,220,0,303,0,194,96" /><INIT seed="3,1,0,4,5,134" ten="187,220,303,290" oya="3" hai0="30,10,73,116,96,130,131,90,52,48,98,94,57" hai1="129,51,92,118,111,122,104,33,84,16,89,21,68" hai2="82,31,3,47,121,4,28,88,97,55,74,18,34" hai3="25,126,102,24,128,22,95,101,125,114,7,132,5"/><W23/><G114/><T91/><D116/><U41/><E122/><V105/><F34/><W32/><G32/><T46/><D73/><U35/><E111/><V123/><F18/><W62/><G132/><T87/><D30/><U71/><E118/><V83/><F4/><W29/><G62/><T106/><D10/><U45/><E104/><V9/><F9/><W100/><G95/><T44/><D98/><U127/><E129/><V26/><F3/><W6/><G128/><T53/><D44/><U75/><E75/><V119/><F119/><W8/><G8/><T14/><D14/><U2/><E2/><V67/><F26/><N who="3" m="10347" /><G29/><T54/><D54/><U65/><E71/><V13/><F55/><W42/><G42/><T107/><D107/><U58/><E68/><V108/><F105/><W0/><G0/><T50/><REACH who="0" step="1"/><D106/><REACH who="0" ten="177,220,303,290" step="2"/><U37/><E35/><V27/><F31/><W1/><G1/><T124/><D124/><AGARI ba="1,1" hai="5,6,7,22,23,100,101,102,124,125,126" m="10347" machi="124" ten="40,18000,2" yaku="28,2,18,1,52,3" doraHai="134" who="3" fromWho="0" sc="177,-183,220,0,303,0,290,193" owari="-6,-50.6,220,-18.0,303,10.3,483,58.3" /></mjloggm>