<mjloggm ver="2.3"><GO type="225" lobby="0"/><UN n0="%E3%83%94%E3%82%AB%E3%83%81%E3%83%A5%E3%82%A6%E3%81%8F%E3%82%93" n1="%E3%81%BF%E3%81%BF%E3%81%9A" n2="%E3%81%A0%E3%81%8A" n3="%E6%97%A5%E6%9B%9C%E6%97%A5%E3%82%88%E3%82%8A%E3%81%AE%E4%BD%BF%E8%80%85" dan="16,17,17,17" rate="2092.76,2173.61,2071.86,2199.08" sx="F,M,M,M"/><TAIKYOKU oya="0"/><INIT seed="0,0,0,5,1,39" ten="250,250,250,250" oya="0" hai0="73,79,126,89,47,66,106,109,83,14,128,98,16" hai1="135,75,57,62,36,65,23,51,32,110,92,61,68" hai2="48,100,13,113,125,17,90,81,29,20,58,108,33" hai3="27,12,86,10,1,59,120,72,67,93,7,24,105"/><T40/><D128/><U41/><E32/><V78/><F113/><W88/><G72/><T84/><D126/><U97/><E75/><V82/><F125/><W87/><G105/><T42/><D66/><U45/><E110/><V71/><F71/><W96/><G120/><T70/><D70/><U43/><E135/><V121/><F121/><W101/><G1/><T44/><D109/><U102/><E23/><V26/><F108/><W130/><G130/><T37/><D106/><U18/><E18/><V60/><F100/><W34/><G34/><T123/><D123/><U30/><E30/><V117/><F117/><W49/><G87/><T91/><D98/><U114/><E114/><V0/><F0/><W85/><G86/><T104/><D104/><U122/><E122/><V99/><F48/><W38/><G38/><T76/><D89/><U9/><E9/><V132/><F132/><W95/><REACH who="3" step="1"/><G49/><REACH who="3" ten="250,250,250,240" step="2"/><T124/><D124/><U119/><E119/><V127/><F127/><W31/><G31/><T64/><D73/><U4/><E4/><V107/><F107/><W55/><G55/><T2/><D2/><U52/><E36/><V80/><F99/><W116/><G116/><T53/><D53/><AGARI ba="0,1" hai="41,43,45,51,52,53,57,61,62,65,68,92,97,102" machi="53" ten="30,7700,0" yaku="7,1,52,2,54,1" doraHai="39" who="1" fromWho="0" sc="250,-77,250,87,250,0,240,0" /><INIT seed="1,0,0,1,0,74" ten="173,337,250,240" oya="1" hai0="11,134,62,63,61,20,114,77,76,6,72,27,75" hai1="43,42,80,13,33,95,19,26,120,24,130,84,15" hai2="55,85,133,12,86,25,10,9,135,57,56,59,118" hai3="98,48,18,101,73,28,109,82,14,92,96,94,52"/><U119/><E119/><V108/><F108/><W128/><G109/><T122/><D114/><U107/><E120/><V66/><F118/><W34/><G128/><T127/><D134/><N who="2" m="51210" /><F66/><W113/><G113/><T99/><D127/><U49/><E107/><V29/><F55/><W131/><G131/><T126/><D126/><U87/><E130/><V58/><N who="2" m="14336" /><DORA hai="17" /><V79/><F79/><W106/><G28/><T39/><D39/><U4/><E33/><N who="2" m="20655" /><F10/><W47/><G34/><T68/><D122/><U23/><E26/><V46/><F46/><W132/><G132/><T88/><D68/><U54/><E54/><V38/><F38/><W121/><G121/><T53/><D53/><U22/><E49/><V111/><F111/><W31/><G31/><N who="0" m="17895" /><D75/><U123/><E123/><V102/><F102/><W125/><G125/><T83/><D72/><U21/><E43/><V41/><F41/><W16/><G73/><T37/><D37/><U97/><E42/><V35/><F35/><W5/><G47/><T3/><D3/><U117/><E117/><V60/><F60/><W1/><G48/><T81/><D83/><U51/><E51/><V91/><F91/><N who="3" m="55327" /><G82/><T67/><D67/><U78/><E24/><V36/><F36/><W110/><G52/><T32/><D32/><U64/><E64/><V124/><F124/><W103/><G110/><T30/><D30/><U71/><E71/><V2/><F2/><W65/><G1/><T50/><D50/><U104/><E80/><V8/><F8/><N who="3" m="4367" /><G65/><T44/><D44/><U129/><E129/><V40/><F40/><W105/><G103/><RYUUKYOKU ba="0,0" sc="173,-15,337,-15,250,15,240,15" hai2="9,12,85,86" hai3="16,18,94,98,101,105,106" /><INIT seed="2,1,0,5,5,111" ten="158,322,265,255" oya="2" hai0="11,135,58,129,49,14,41,72,43,104,4,112,48" hai1="132,21,120,63,67,53,74,22,10,89,69,7,131" hai2="125,42,73,105,90,79,133,92,115,84,102,81,20" hai3="62,88,34,76,97,94,110,51,116,96,28,91,16"/><V15/><F125/><W78/><G116/><T37/><D72/><U45/><E74/><V98/><F133/><W80/><G110/><T114/><D104/><U5/><E132/><V33/><F33/><W6/><G6/><T0/><D135/><U35/><E35/><V77/><F77/><W85/><G28/><T52/><D129/><U44/><E131/><V126/><F126/><W95/><G34/><T86/><D37/><U71/><E120/><V103/><F103/><W18/><G76/><T17/><D86/><U50/><E71/><V30/><F42/><W12/><G62/><T93/><D93/><U36/><E89/><V123/><F123/><W60/><G60/><T26/><D26/><U130/><E5/><V61/><F61/><W27/><G27/><T32/><D32/><U119/><E130/><V47/><F47/><W29/><G29/><T2/><D2/><U23/><E119/><V117/><F117/><W122/><G122/><T127/><D127/><U68/><E68/><V55/><F55/><W134/><G134/><T107/><D107/><U101/><E101/><V83/><F30/><W39/><G39/><T56/><D43/><U9/><E7/><V75/><F75/><W25/><G25/><T19/><D19/><N who="3" m="7209" /><G12/><T57/><D41/><U8/><E36/><V59/><F105/><W121/><G121/><T108/><D108/><U13/><E44/><V99/><F15/><W113/><G51/><N who="0" m="19531" /><D52/><U100/><E100/><V66/><F73/><W64/><G64/><T1/><D1/><U54/><E13/><V128/><F128/><W46/><G46/><RYUUKYOKU ba="1,0" sc="158,10,322,10,265,-30,255,10" hai0="0,4,11,14,17,56,57,58,112,114" hai1="8,9,10,21,22,23,45,50,53,54,63,67,69" hai3="78,80,85,88,91,94,95,96,97,113" /><INIT seed="3,2,0,1,3,125" ten="168,332,235,265" oya="3" hai0="132,11,90,31,78,46,85,69,119,135,99,60,25" hai1="128,133,115,67,123,22,48,55,62,24,129,2,63" hai2="14,10,58,118,28,9,113,120,23,109,110,89,35" hai3="26,127,72,17,39,92,121,86,45,80,82,18,117"/><W88/><G117/><T32/><D119/><U51/><E115/><V53/><F118/><W33/><G121/><T100/><D78/><U131/><E133/><V5/><F113/><W134/><G127/><T75/><D75/><U68/><E2/><V77/><F120/><W36/><G134/><T59/><D11/><U103/><E123/><V52/><F77/><W65/><G65/><T44/><D132/><U87/><E103/><V83/><F35/><W101/><G72/><T47/><D135/><U16/><E87/><N who="2" m="50431" /><F58/><AGARI ba="2,0" hai="16,22,24,48,51,55,58,62,63,67,68,128,129,131" machi="58" ten="40,8000,1" yaku="19,1,52,3,54,1" doraHai="125" who="1" fromWho="2" sc="168,0,332,86,235,-86,265,0" owari="168,-23.2,418,51.8,149,-35.1,265,6.5" /></mjloggm>