<mjloggm ver="2.3"><GO type="225" lobby="0"/><UN n0="%E3%82%A2%E3%83%9E%E3%83%9D%EF%BD%9E%EF%BD%9E%E3%83%A9" n1="%E3%82%A4%E3%83%BC%E3%82%B1%E3%83%97%E3%83%A9" n2="%E3%81%BF%E3%81%BF%E3%81%9A" n3="%E7%89%B9%E6%9D%B1%E3%81%AF%E4%B8%96%E7%95%8C%E3%82%92%E6%95%91%E3%81%86" dan="17,17,18,16" rate="2053.35,2225.44,2261.28,2150.17" sx="M,M,M,M"/><TAIKYOKU oya="0"/><INIT seed="0,0,0,4,5,102" ten="250,250,250,250" oya="0" hai0="87,116,2,27,125,74,78,110,77,81,120,97,98" hai1="91,33,39,26,85,54,99,93,127,11,12,3,83" hai2="84,8,22,126,133,92,69,0,111,121,112,16,52" hai3="67,71,72,1,134,17,88,23,29,76,82,94,100"/><T58/><D2/><U103/><E127/><V108/><F121/><W38/><G38/><T80/><D120/><U131/><E131/><V119/><F112/><W109/><G109/><N who="2" m="42057" /><F126/><W63/><G134/><T57/><D125/><U104/><E39/><V73/><F73/><W9/><G100/><T13/><D116/><U113/><E113/><V62/><F133/><W20/><G29/><T46/><D46/><U43/><E43/><V60/><F119/><W15/><REACH who="3" step="1"/><G1/><REACH who="3" ten="250,250,250,240" step="2"/><T129/><D110/><U95/><E3/><V55/><F0/><W115/><G115/><T21/><D129/><U130/><E130/><V53/><F8/><W36/><G36/><T75/><D13/><U49/><E12/><N who="2" m="9479" /><F69/><W4/><G4/><T18/><D87/><AGARI ba="0,1" hai="9,15,17,20,23,63,67,71,72,76,82,87,88,94" machi="87" ten="30,3900,0" yaku="1,1,7,1,54,1,53,0" doraHai="102" doraHaiUra="34" who="3" fromWho="0" sc="250,-39,250,0,250,0,240,49" /><INIT seed="1,0,0,1,0,85" ten="211,250,250,289" oya="1" hai0="106,26,18,112,109,46,68,110,98,43,113,31,40" hai1="1,67,23,96,8,64,15,50,0,65,78,49,83" hai2="69,66,81,116,124,107,14,63,21,62,48,11,71" hai3="9,94,92,105,121,123,100,20,33,79,125,25,115"/><U131/><E131/><V95/><F116/><W127/><G33/><N who="0" m="20727" /><D43/><U93/><E23/><V104/><F124/><N who="3" m="47691" /><G115/><T80/><D80/><U111/><E111/><N who="0" m="42505" /><D18/><U44/><E0/><V6/><F48/><W87/><G79/><T73/><D68/><U12/><E1/><V61/><F81/><W134/><G123/><T16/><D73/><U55/><E50/><V47/><F47/><W108/><G121/><T135/><D135/><U10/><E10/><V52/><F21/><W91/><G20/><T120/><D16/><U30/><E30/><V88/><F62/><W38/><G9/><T72/><D72/><U97/><E8/><V99/><REACH who="2" step="1"/><F71/><REACH who="2" ten="211,250,240,289" step="2"/><W103/><G108/><T13/><D120/><U27/><E27/><V22/><F22/><W7/><G25/><T70/><D70/><U34/><E34/><V89/><F89/><W75/><G91/><T77/><D77/><U128/><E128/><V32/><F32/><W133/><G134/><T28/><D28/><U24/><E24/><V58/><AGARI ba="0,1" hai="6,11,14,52,58,61,63,66,69,88,95,99,104,107" machi="58" ten="30,12000,2" yaku="1,1,0,1,52,1,54,2,53,1" doraHai="85" doraHaiUra="4" who="2" fromWho="2" sc="211,-30,250,-60,240,130,289,-30" /><INIT seed="2,0,0,0,2,118" ten="181,190,370,259" oya="2" hai0="20,112,70,98,111,80,104,86,16,115,10,14,133" hai1="135,67,123,39,47,77,79,9,119,84,46,18,97" hai2="82,132,24,65,128,85,109,113,19,53,6,59,27" hai3="105,8,90,106,13,61,125,88,122,94,64,55,78"/><V120/><F120/><W102/><G125/><T107/><D70/><U117/><E135/><V45/><F113/><W89/><G78/><T66/><D66/><U15/><E97/><V43/><F132/><W33/><G33/><T56/><D133/><U92/><E67/><V25/><F6/><W72/><G72/><T87/><D56/><U101/><E101/><V116/><F116/><W91/><G55/><T31/><D111/><U49/><E39/><V126/><F126/><W114/><G122/><T68/><D68/><U51/><E123/><V36/><F109/><W32/><G32/><T121/><D121/><U103/><E103/><V127/><F127/><W110/><G110/><T69/><D69/><U23/><E119/><V41/><F41/><W50/><G50/><T71/><D71/><U35/><E35/><V60/><F128/><W40/><G40/><T29/><D87/><U38/><E38/><V11/><F65/><W129/><G102/><N who="0" m="62551" /><D107/><U100/><E100/><V74/><F74/><W76/><G76/><N who="0" m="46343" /><D31/><U75/><E75/><V130/><F130/><W37/><G37/><T44/><D44/><U17/><E117/><V63/><F63/><W5/><G114/><T57/><D57/><U124/><E124/><V52/><F53/><W131/><G131/><T54/><D54/><N who="1" m="30007" /><E92/><V12/><REACH who="2" step="1"/><F25/><REACH who="2" ten="181,190,360,259" step="2"/><W99/><G129/><T2/><D2/><U30/><E51/><V42/><F42/><W0/><G0/><T21/><D115/><U108/><E108/><V3/><F3/><W95/><G95/><T58/><D112/><U73/><E73/><V62/><F62/><RYUUKYOKU ba="0,1" sc="181,-15,190,-15,360,15,259,15" hai2="11,12,19,24,27,36,43,45,52,59,60,82,85" hai3="5,8,13,61,64,88,89,90,91,94,99,105,106" /><INIT seed="2,1,1,1,0,64" ten="166,175,375,274" oya="2" hai0="59,77,132,101,56,9,92,49,15,32,118,104,112" hai1="42,123,105,0,124,2,54,60,40,1,65,69,96" hai2="91,34,4,50,119,48,30,11,5,62,120,46,117" hai3="94,26,31,79,68,12,125,110,93,25,20,83,127"/><V14/><F120/><W73/><G110/><T122/><D112/><U90/><E123/><V97/><F50/><W116/><G116/><T29/><D118/><U71/><E124/><N who="3" m="47690" /><G68/><T21/><D104/><U87/><E71/><V86/><F97/><W53/><G12/><T10/><D32/><U18/><E54/><V27/><F62/><W108/><G108/><T13/><D77/><U84/><E18/><V113/><F113/><W67/><G67/><T16/><D132/><U6/><E6/><V88/><F91/><W41/><G41/><T95/><D122/><U23/><E23/><V33/><F34/><N who="3" m="20847" /><G53/><N who="0" m="31791" /><D59/><U126/><E126/><V89/><F89/><W111/><G111/><T38/><D38/><U3/><N who="1" m="0" /><DORA hai="7" /><U115/><E115/><V129/><F4/><W107/><G107/><T76/><D76/><U44/><E90/><V22/><F33/><W114/><G114/><T75/><D75/><U99/><E40/><V78/><F78/><W24/><G24/><N who="0" m="16527" /><D101/><U36/><REACH who="1" step="1"/><E105/><REACH who="1" ten="166,165,375,274" step="2"/><V45/><F119/><W82/><G20/><T103/><D103/><U58/><E58/><V47/><F117/><W19/><G79/><T8/><D8/><U70/><E70/><V63/><F11/><W57/><G57/><T55/><D55/><U61/><E61/><V106/><F5/><AGARI ba="1,2" hai="5,9,10,13,15,16,92,95" m="16527,31791" machi="5" ten="30,7700,0" yaku="8,1,52,2,54,1" doraHai="64,7" who="0" fromWho="2" sc="166,100,165,0,375,-80,274,0" /><INIT seed="3,0,0,0,3,73" ten="266,165,295,274" oya="3" hai0="42,61,99,84,64,104,119,57,62,51,85,69,103" hai1="124,72,87,97,58,128,81,125,108,94,5,14,116" hai2="135,132,121,79,106,74,0,9,52,48,111,86,112" hai3="8,122,76,96,117,101,44,46,1,32,10,109,23"/><W56/><G117/><T131/><D119/><U22/><E116/><V90/><F112/><W45/><G122/><T123/><D123/><U15/><E108/><V110/><F121/><W80/><G32/><T120/><D120/><U91/><E128/><V127/><F79/><W26/><G56/><T40/><D131/><U130/><E130/><V65/><F74/><W129/><G129/><T71/><D71/><U107/><E107/><V36/><F65/><W19/><G1/><T20/><D20/><U59/><E72/><V102/><F36/><W77/><G109/><N who="2" m="41481" /><F127/><N who="1" m="48713" /><E22/><V29/><F29/><W60/><G60/><T114/><D114/><U2/><E2/><V30/><F30/><W38/><G38/><T27/><D27/><U25/><E25/><V28/><F28/><W49/><G49/><T115/><D115/><U134/><E134/><V6/><F102/><W118/><G118/><T89/><D51/><U54/><E5/><V41/><F41/><W66/><G66/><T47/><D47/><U75/><E75/><V33/><F106/><W98/><G98/><T17/><D17/><U88/><E59/><N who="2" m="33159" /><F33/><W3/><G3/><T95/><D40/><U63/><AGARI ba="0,0" hai="14,15,54,58,63,81,87,88,91,94,97" m="48713" machi="63" ten="30,2000,0" yaku="18,1,54,1" doraHai="73" who="1" fromWho="1" sc="266,-5,165,20,295,-5,274,-10" /><INIT seed="4,0,0,5,4,38" ten="261,185,290,264" oya="0" hai0="42,20,29,32,83,74,9,18,127,35,41,96,119" hai1="84,44,91,88,109,121,19,92,53,16,67,75,23" hai2="93,71,64,47,118,13,17,28,26,87,6,125,86" hai3="31,126,5,110,33,100,135,63,123,116,72,97,1"/><T52/><D119/><U130/><E109/><V24/><F118/><W10/><G116/><T122/><D122/><U104/><E121/><V39/><F6/><W108/><G123/><T85/><D74/><U76/><E104/><V132/><F132/><W113/><G135/><T105/><D127/><U133/><E133/><V61/><F125/><W54/><G126/><T59/><D32/><U80/><E130/><V27/><F28/><W115/><G72/><T78/><D35/><U22/><E67/><V114/><F114/><N who="3" m="43531" /><G54/><T62/><D105/><U60/><E91/><V48/><F39/><W25/><G63/><T73/><D73/><U124/><E124/><V128/><F128/><W112/><N who="3" m="43539" /><W131/><DORA hai="106" /><G131/><T102/><D9/><U99/><E75/><V30/><F93/><AGARI ba="0,0" hai="1,5,10,25,31,33,93,97,100,108,110" m="43539" machi="93" ten="40,1300,0" yaku="15,1" doraHai="38,106" who="3" fromWho="2" sc="261,0,185,0,290,-13,264,13" /><INIT seed="5,0,0,2,1,55" ten="261,185,277,277" oya="1" hai0="31,134,123,9,88,129,113,13,76,87,79,35,102" hai1="5,22,120,105,103,10,59,83,110,14,47,46,131" hai2="132,33,50,49,116,109,119,124,37,91,99,107,80" hai3="112,114,20,78,36,44,108,6,104,106,92,19,118"/><U98/><E120/><V17/><F37/><W128/><G108/><T27/><D123/><U23/><E131/><V94/><F109/><W4/><G78/><T121/><D121/><U115/><E115/><N who="3" m="44074" /><G128/><T93/><D134/><U0/><E110/><V133/><F33/><W18/><G118/><N who="2" m="45097" /><F17/><N who="3" m="6155" /><G20/><T72/><D129/><U64/><E83/><V60/><F60/><W26/><G26/><T2/><D2/><U84/><E84/><N who="2" m="50567" /><F49/><W43/><G92/><T97/><D72/><U25/><E0/><V117/><F50/><W81/><G81/><T16/><D113/><U62/><REACH who="1" step="1"/><E23/><REACH who="1" ten="261,175,277,277" step="2"/><V8/><F117/><W48/><G36/><T68/><D68/><U52/><E52/><V90/><F124/><W56/><G43/><T95/><AGARI ba="0,1" hai="9,13,16,27,31,35,76,79,87,88,93,95,97,102" machi="95" ten="20,5200,0" yaku="0,1,7,1,54,2" doraHai="55" who="0" fromWho="0" sc="261,62,175,-26,277,-13,277,-13" owari="323,42.3,149,-35.1,264,6.4,264,-13.6" /></mjloggm>