<mjloggm ver="2.3"><GO type="225" lobby="0"/><UN n0="%E3%81%8B%E3%82%8F%E3%81%A1%E3%82%83%E3%82%93%35%38" n1="%E6%81%A5%E6%99%92%E3%81%97" n2="%73%69%67%65%6E%6F%72%69" n3="%70%6F%69%73%6F%6E%30%32" dan="16,16,18,16" rate="2157.49,2120.97,2269.76,2145.40" sx="M,M,M,M"/><TAIKYOKU oya="0"/><INIT seed="0,0,0,0,0,71" ten="250,250,250,250" oya="0" hai0="13,91,113,130,55,22,79,65,32,76,42,0,93" hai1="7,128,132,94,44,116,2,121,106,80,82,59,133" hai2="62,111,70,64,47,35,11,57,26,56,74,50,66" hai3="20,10,24,89,78,49,34,75,40,96,51,46,67"/><T23/><D113/><U125/><E116/><V4/><F74/><W15/><G34/><T37/><D32/><U43/><E121/><V48/><F111/><W129/><G67/><T119/><D0/><U8/><E106/><V126/><F126/><W118/><G129/><T92/><D119/><U33/><E33/><V90/><F35/><W36/><G78/><N who="0" m="29739" /><D37/><N who="1" m="21615" /><E125/><V31/><F90/><W30/><G75/><T102/><D42/><U68/><E68/><V122/><F122/><W103/><G89/><T21/><D65/><U52/><E94/><V3/><F70/><W131/><G131/><T112/><D112/><U54/><E128/><V19/><F31/><W12/><G12/><T81/><D130/><U120/><E120/><V88/><F26/><W110/><G110/><T14/><D55/><N who="1" m="21035" /><E59/><V123/><F123/><W27/><G27/><T38/><D38/><U61/><E61/><V16/><F50/><W97/><G118/><T104/><D104/><U6/><E6/><V109/><F109/><W1/><G1/><T45/><D45/><U107/><E107/><V101/><F48/><W105/><REACH who="3" step="1"/><G97/><REACH who="3" ten="250,250,250,240" step="2"/><N who="0" m="59687" /><D81/><U9/><E82/><V124/><F124/><W114/><G114/><T135/><D135/><N who="1" m="51787" /><E80/><V63/><F3/><W98/><G98/><AGARI ba="0,1" hai="13,14,21,22,23,91,93,98" m="59687,29739" machi="98" ten="30,1500,0" yaku="8,1" doraHai="71" who="0" fromWho="3" sc="250,25,250,0,250,0,240,-15" /><INIT seed="0,1,0,3,0,13" ten="275,250,250,225" oya="0" hai0="83,15,42,71,45,98,88,27,106,70,92,115,32" hai1="43,55,101,41,49,34,131,105,123,133,128,9,21" hai2="135,102,1,129,113,80,37,78,46,3,61,81,100" hai3="44,134,60,17,124,112,114,50,125,111,116,104,97"/><T72/><D115/><U47/><E123/><V19/><F113/><W132/><G104/><T7/><D106/><U11/><E34/><V53/><F129/><N who="1" m="49737" /><E133/><N who="3" m="51306" /><G97/><T66/><D66/><U68/><E68/><V110/><F135/><W74/><G74/><T40/><D40/><N who="1" m="15435" /><E21/><V96/><F110/><W6/><G6/><T31/><D7/><U103/><E105/><V87/><F37/><W63/><G111/><T86/><D15/><U119/><E119/><V24/><F81/><W26/><G116/><T23/><D72/><U18/><E18/><V95/><F100/><AGARI ba="1,0" hai="9,11,47,49,55,100,101,103" m="15435,49737" machi="100" ten="30,1000,0" yaku="19,1" doraHai="13" who="1" fromWho="2" sc="275,0,250,13,250,-13,225,0" /><INIT seed="1,0,0,0,3,116" ten="275,263,237,225" oya="1" hai0="108,23,97,55,132,114,73,40,101,16,25,104,96" hai1="90,51,31,49,47,44,37,120,19,3,87,67,111" hai2="42,53,36,106,61,86,75,18,123,128,105,124,126" hai3="12,10,65,8,1,134,72,110,133,24,70,71,32"/><U21/><E120/><V48/><F75/><W6/><G72/><T52/><D114/><U58/><E3/><V80/><F128/><W43/><G43/><T9/><D73/><U100/><E37/><V109/><F109/><W113/><G110/><T39/><D108/><U94/><E111/><V121/><F61/><W95/><G65/><T7/><D132/><N who="3" m="50793" /><G113/><T103/><D40/><U76/><E31/><V17/><F42/><W27/><G95/><T74/><D74/><U91/><E76/><V68/><F68/><N who="3" m="26155" /><G32/><T98/><D39/><U59/><E100/><V122/><F36/><W112/><G112/><T117/><D97/><U89/><E94/><V11/><F106/><W38/><G38/><T63/><D63/><N who="1" m="38391" /><E87/><V64/><F105/><W81/><G81/><T62/><D62/><U78/><E78/><N who="2" m="46359" /><F64/><W127/><G127/><N who="2" m="48681" /><F11/><W83/><G83/><T129/><D129/><U50/><E59/><AGARI ba="0,0" hai="17,18,48,53,59,121,122,123" m="48681,46359" machi="59" ten="40,8000,1" yaku="18,1,52,3" doraHai="116" who="2" fromWho="1" sc="275,0,263,-80,237,80,225,0" /><INIT seed="2,0,0,1,4,105" ten="275,183,317,225" oya="2" hai0="40,111,87,21,48,96,78,122,60,89,63,108,74" hai1="73,18,7,46,35,20,126,134,19,112,55,113,14" hai2="83,95,123,92,69,72,76,106,93,44,11,62,16" hai3="4,38,104,102,81,77,29,68,99,26,100,49,64"/><V110/><F123/><W71/><G38/><T109/><D122/><U9/><E35/><V51/><F106/><W86/><G102/><T121/><D121/><U135/><E46/><V45/><F110/><W8/><G49/><T50/><D96/><U79/><E55/><V2/><F2/><W43/><G43/><T58/><D21/><N who="1" m="11479" /><E79/><V107/><F107/><W91/><G91/><T53/><D50/><U82/><E82/><V94/><F94/><W114/><G64/><T124/><D124/><U131/><E126/><V88/><F45/><W31/><G31/><T70/><D70/><U27/><E73/><V75/><F72/><W34/><REACH who="3" step="1"/><G114/><REACH who="3" ten="275,183,317,215" step="2"/><N who="1" m="44138" /><E131/><V39/><F39/><W119/><G119/><T0/><D40/><U30/><E30/><V97/><F51/><W115/><G115/><T118/><D118/><U56/><E56/><V41/><F41/><W132/><G132/><T28/><D28/><U23/><E23/><V80/><F44/><W84/><G84/><T125/><D48/><U65/><E65/><V36/><F36/><W33/><G33/><T47/><D47/><U1/><AGARI ba="0,1" hai="1,7,9,19,20,27,134,135" m="44138,11479" machi="1" ten="30,2000,0" yaku="34,2" doraHai="105" who="1" fromWho="1" sc="275,-5,183,30,317,-10,215,-5" /><INIT seed="3,0,0,4,3,88" ten="270,213,307,210" oya="3" hai0="67,17,48,52,69,0,26,84,41,92,103,30,93" hai1="127,60,119,100,29,77,5,44,102,64,71,79,18" hai2="42,132,54,13,112,23,25,122,31,123,78,21,128" hai3="6,10,49,117,66,55,8,24,1,2,107,114,16"/><W75/><G114/><T37/><D0/><U3/><E127/><V76/><F112/><W58/><G117/><T131/><D131/><U83/><E29/><V113/><F113/><W115/><G115/><T35/><D17/><U85/><E119/><V101/><F128/><W4/><G107/><T135/><D135/><U108/><E108/><V124/><F132/><W94/><G75/><T47/><D84/><U65/><E65/><V51/><F42/><W99/><G66/><T134/><D134/><U91/><E18/><N who="2" m="10447" /><F101/><W125/><G125/><T133/><D103/><U15/><E3/><V121/><F124/><W57/><G16/><T95/><D133/><U12/><E79/><V106/><F106/><W68/><G68/><T105/><D105/><U28/><E28/><V46/><AGARI ba="0,0" hai="23,25,31,46,51,54,76,78,121,122,123" m="10447" machi="46" ten="30,1100,0" yaku="13,1" doraHai="88" who="2" fromWho="2" sc="270,-3,213,-3,307,11,210,-5" owari="267,6.7,210,-19.0,318,41.8,205,-29.5" /></mjloggm>