<mjloggm ver="2.3"><GO type="225" lobby="0"/><UN n0="%E3%81%A0%E3%81%8A" n1="%E6%A5%93%E4%BB%8B" n2="%E7%9A%AE%E3%80%85" n3="%E3%83%A9%E3%82%A4%E3%83%B3%E3%81%AE%E8%99%8E" dan="17,16,16,16" rate="2060.84,2095.16,2177.48,2178.25" sx="M,M,F,M"/><TAIKYOKU oya="0"/><INIT seed="0,0,0,4,0,51" ten="250,250,250,250" oya="0" hai0="125,58,2,132,1,73,68,113,124,32,0,69,67" hai1="50,41,85,104,3,134,17,120,77,78,101,21,8" hai2="60,92,22,115,108,133,121,24,30,52,26,98,39" hai3="15,116,31,5,38,79,97,91,70,111,48,37,105"/><T66/><D113/><U10/><E120/><V13/><F121/><W14/><G116/><T7/><D73/><U28/><E134/><V130/><F115/><W89/><G70/><N who="0" m="27243" /><D32/><U129/><E28/><V76/><F133/><W74/><G31/><T64/><D132/><U19/><E101/><V103/><F39/><W12/><G5/><T53/><D7/><U57/><E104/><V119/><F119/><W40/><G74/><T62/><D58/><U93/><E3/><V106/><F130/><W34/><G34/><T122/><D62/><U54/><E129/><V100/><F108/><W131/><G111/><T47/><D47/><N who="1" m="25967" /><E19/><N who="2" m="10607" /><F106/><W9/><G105/><T61/><D61/><N who="1" m="36023" /><E93/><V117/><F117/><W96/><G131/><T29/><D29/><U118/><E118/><V90/><F76/><N who="1" m="29289" /><E85/><V84/><F30/><W6/><G6/><T44/><D44/><U102/><E102/><N who="2" m="38955" /><F84/><W18/><G38/><T95/><D95/><U75/><E75/><V71/><F71/><W65/><G37/><T128/><D128/><U114/><E114/><V82/><F82/><W55/><G79/><T59/><D122/><U123/><E123/><V127/><F127/><N who="0" m="48714" /><D59/><AGARI ba="0,0" hai="24,26,52,59,60,90,92,98" m="38955,10607" machi="59" ten="30,3900,0" yaku="8,1,52,1,54,1" doraHai="51" who="2" fromWho="0" sc="250,-39,250,0,250,39,250,0" /><INIT seed="1,0,0,1,5,70" ten="211,250,289,250" oya="1" hai0="101,73,110,113,6,51,39,75,8,92,82,7,77" hai1="4,43,53,127,31,47,44,50,119,26,126,48,115" hai2="54,133,61,88,3,35,14,95,96,55,49,20,19" hai3="12,34,91,2,74,11,85,56,103,5,60,125,100"/><U104/><E104/><V16/><F35/><W33/><G74/><T111/><D39/><N who="1" m="21631" /><E4/><V79/><F3/><W21/><G125/><N who="1" m="47626" /><E115/><V117/><F117/><W78/><G78/><T27/><D75/><U128/><E119/><V90/><F133/><W45/><G45/><T108/><D113/><U15/><E15/><N who="2" m="9247" /><F79/><W109/><G2/><T130/><D130/><U99/><E128/><V122/><F122/><W59/><G59/><T10/><D27/><U38/><E99/><V135/><F135/><W97/><G97/><N who="0" m="59559" /><D51/><N who="1" m="28927" /><E38/><V41/><F90/><W72/><G91/><T131/><D131/><U28/><E28/><V129/><F129/><W66/><G12/><T112/><D112/><U71/><E71/><V84/><F96/><W57/><G100/><T106/><D106/><U107/><E107/><V0/><F0/><W46/><G103/><T87/><D73/><U123/><E123/><V114/><F114/><W93/><G72/><T124/><D124/><U63/><E63/><V118/><F61/><W86/><G60/><T83/><D82/><U94/><E94/><V120/><F120/><W67/><G93/><T58/><D7/><U1/><E1/><V76/><F118/><W132/><G5/><T13/><D8/><U102/><E102/><V22/><F76/><W23/><G11/><T68/><D68/><U32/><AGARI ba="0,0" hai="26,31,32,48,50" m="28927,47626,21631" machi="32" ten="30,3000,0" yaku="18,1,52,1" doraHai="70" who="1" fromWho="1" sc="211,-10,250,30,289,-10,250,-10" /><INIT seed="1,1,0,4,4,17" ten="201,280,279,240" oya="1" hai0="64,21,90,66,12,48,2,41,45,26,67,51,11" hai1="129,5,86,57,24,18,121,60,88,100,101,29,75" hai2="4,125,13,69,31,109,124,23,71,3,120,20,27" hai3="72,28,106,61,25,133,73,44,34,76,65,52,1"/><U6/><E75/><V56/><F120/><W40/><G133/><T33/><D2/><U92/><E129/><V107/><F107/><W115/><G115/><T89/><D33/><U80/><E121/><V130/><F130/><W38/><G76/><T131/><D48/><U42/><E42/><V49/><F3/><W127/><G127/><N who="2" m="48713" /><F109/><W91/><G91/><T95/><D95/><U119/><E119/><V126/><N who="2" m="48721" /><V9/><DORA hai="14" /><F20/><W10/><G52/><AGARI ba="1,0" hai="4,9,13,23,27,31,49,52,56,69,71" m="48721" machi="52" ten="40,5200,0" yaku="18,1,52,1,54,1" doraHai="17,14" who="2" fromWho="3" sc="201,0,280,0,279,55,240,-55" /><INIT seed="2,0,0,5,1,103" ten="201,280,334,185" oya="2" hai0="17,11,16,51,92,41,105,101,84,130,90,69,19" hai1="24,88,72,86,127,87,98,50,117,12,108,66,83" hai2="35,25,15,104,27,70,31,125,62,18,102,133,132" hai3="64,121,5,49,122,131,13,97,111,118,29,55,119"/><V81/><F125/><W82/><G82/><T59/><D69/><U78/><E117/><V94/><F94/><W74/><G74/><T26/><D130/><U61/><E108/><V126/><F81/><W112/><G97/><T52/><D41/><U6/><E127/><V9/><F27/><W42/><G29/><T43/><D43/><U57/><E24/><V33/><F33/><W129/><G13/><T14/><REACH who="0" step="1"/><D26/><REACH who="0" ten="191,280,334,185" step="2"/><U134/><E134/><V100/><F126/><W46/><G42/><T38/><D38/><U110/><E110/><V53/><F133/><W135/><G135/><T95/><D95/><U39/><E39/><V8/><F132/><W47/><G111/><T116/><D116/><U65/><E72/><V120/><F70/><W45/><G118/><T7/><D7/><U124/><E124/><V2/><F25/><W106/><G119/><T109/><D109/><U21/><E6/><V75/><F75/><W20/><G5/><T54/><D54/><U128/><E128/><N who="3" m="49226" /><G112/><T85/><D85/><U123/><E87/><V28/><F53/><W3/><G64/><T113/><D113/><U80/><E66/><V4/><F4/><W56/><G3/><T30/><D30/><U23/><E86/><V58/><F2/><W114/><G114/><T0/><D0/><U115/><E115/><V76/><F31/><W79/><G55/><T40/><D40/><U93/><E65/><V67/><F28/><W60/><G121/><T37/><D37/><U63/><E123/><V32/><F120/><W36/><G122/><T71/><D71/><U89/><E93/><RYUUKYOKU ba="0,1" sc="191,30,280,-10,334,-10,185,-10" hai0="11,14,16,17,19,51,52,59,84,90,92,101,105" /><INIT seed="3,1,1,3,4,8" ten="221,270,324,175" oya="3" hai0="11,87,23,55,75,109,63,69,58,102,67,42,52" hai1="76,41,51,44,71,45,110,134,64,133,135,46,13" hai2="1,120,105,117,15,56,21,0,91,57,43,131,36" hai3="72,96,18,78,128,40,118,132,80,106,61,5,107"/><W31/><G118/><T4/><D75/><U20/><E76/><V104/><F117/><W28/><G128/><T29/><D42/><U111/><E20/><V86/><F0/><W88/><G132/><T22/><D109/><N who="1" m="41483" /><E13/><V48/><F1/><W97/><G40/><T82/><D102/><U114/><E114/><V16/><F36/><W115/><G115/><T81/><D81/><U66/><E71/><V98/><F131/><W99/><G5/><T127/><D127/><U62/><E62/><V47/><F120/><W24/><G61/><T101/><D101/><U25/><E25/><V92/><F105/><W68/><G68/><T7/><D7/><U26/><E26/><V116/><F116/><W37/><G37/><T122/><D122/><U85/><E85/><V123/><F123/><W90/><G18/><T130/><D130/><U108/><E108/><V112/><F112/><W125/><G125/><T19/><D29/><U70/><E70/><V38/><F38/><W65/><G65/><AGARI ba="1,1" hai="41,44,45,46,51,64,65,66,133,134,135" m="41483" machi="65" ten="40,8000,1" yaku="20,1,14,1,34,2" doraHai="8" who="1" fromWho="3" sc="221,0,270,93,324,0,175,-83" owari="221,-17.9,363,46.3,324,12.4,92,-40.8" /></mjloggm>