<mjloggm ver="2.3"><GO type="225" lobby="0"/><UN n0="%E5%91%89%E5%AF%8C%E6%98%A5" n1="%E6%B8%A9%E2%98%85%E6%83%85%E2%98%85%E6%8E%AA%E2%98%85%E7%BD%AE" n2="%E6%98%93%E5%88%A9%E8%96%A9%E4%BC%AF" n3="%E6%B7%91%E5%A5%B3%E3%81%AE%E5%97%9C%E3%81%BF" dan="16,17,17,16" rate="2103.90,2196.36,2170.07,2104.89" sx="M,M,F,M"/><TAIKYOKU oya="0"/><INIT seed="0,0,0,3,2,72" ten="250,250,250,250" oya="0" hai0="110,98,71,20,109,7,23,102,123,5,21,75,124" hai1="65,108,89,15,60,37,80,112,35,45,132,13,9" hai2="50,121,101,30,2,12,52,11,94,128,49,47,41" hai3="59,100,16,3,88,95,113,82,58,1,135,107,104"/><T92/><D123/><U86/><E108/><N who="0" m="41577" /><D75/><U42/><E132/><V97/><F128/><W54/><G113/><T36/><D36/><U90/><E112/><V96/><F121/><W114/><G114/><T116/><D116/><U81/><E35/><V22/><F2/><W125/><G125/><T83/><D71/><U76/><E81/><V26/><F97/><W57/><G135/><T105/><D124/><U62/><E15/><V10/><REACH who="2" step="1"/><F12/><REACH who="2" ten="250,250,240,250" step="2"/><W17/><G3/><T93/><D83/><U14/><E14/><V122/><F122/><W126/><G1/><T64/><D64/><U63/><REACH who="1" step="1"/><E65/><REACH who="1" ten="250,240,240,250" step="2"/><V68/><F68/><W31/><G126/><T103/><D103/><U33/><E33/><V0/><F0/><W115/><G115/><T99/><D99/><U74/><E74/><V46/><AGARI ba="0,2" hai="10,11,22,26,30,41,46,47,49,50,52,94,96,101" machi="46" ten="20,12000,2" yaku="1,1,0,1,7,1,8,1,54,1,53,1" doraHai="72" doraHaiUra="25" who="2" fromWho="2" sc="250,-60,240,-30,240,140,250,-30" /><INIT seed="1,0,0,5,2,122" ten="190,210,380,220" oya="1" hai0="48,109,126,111,80,116,127,33,51,85,96,10,53" hai1="60,7,27,22,15,121,54,69,42,97,115,4,73" hai2="123,40,103,120,110,84,30,66,49,104,32,95,8" hai3="83,57,52,3,72,98,108,113,107,87,38,63,70"/><U68/><E121/><V18/><F110/><N who="0" m="41994" /><D116/><U81/><E115/><V124/><F124/><N who="0" m="47658" /><D33/><U71/><E42/><V46/><F66/><W9/><G108/><T101/><D10/><U134/><E134/><V88/><F103/><W12/><G72/><T125/><N who="0" m="47666" /><T23/><DORA hai="50" /><D23/><U0/><E0/><V24/><F104/><W47/><G113/><T119/><D119/><U20/><E97/><V59/><F59/><W55/><G3/><T67/><D67/><U28/><E15/><V76/><F76/><W14/><G70/><T26/><D26/><U131/><E22/><V102/><F102/><W16/><G14/><T1/><D53/><U105/><E131/><V93/><F8/><W17/><G55/><T132/><D132/><U25/><E25/><V2/><F2/><W19/><G9/><T106/><D1/><U62/><E54/><V61/><F123/><W58/><G12/><T35/><D35/><U37/><E7/><V11/><F120/><W135/><G135/><T86/><D86/><U129/><E4/><V65/><F11/><W90/><G52/><T34/><D34/><U79/><E129/><V94/><F18/><W44/><G19/><T21/><D21/><U5/><E5/><V13/><F13/><W128/><G16/><T31/><D31/><U99/><E37/><V112/><F112/><W114/><G38/><T130/><D130/><U36/><E36/><V75/><F75/><W39/><G114/><T89/><AGARI ba="0,0" hai="48,51,80,85,89,96,101,106" m="47666,41994" machi="89" ten="50,8000,1" yaku="14,1,18,1,52,3" doraHai="122,50" who="0" fromWho="0" sc="190,80,210,-40,380,-20,220,-20" /><INIT seed="2,0,0,0,2,46" ten="270,170,360,200" oya="2" hai0="91,61,103,37,74,21,23,84,102,19,121,111,105" hai1="85,49,53,62,27,77,43,10,87,50,65,116,60" hai2="57,48,131,17,4,120,132,92,1,34,35,115,109" hai3="104,80,108,124,86,113,12,3,125,98,71,63,55"/><V39/><F115/><W114/><G3/><T75/><D121/><U106/><E106/><V8/><F120/><W119/><G119/><T129/><D37/><U44/><E116/><V72/><F72/><W16/><G108/><T123/><D123/><U118/><E118/><V11/><F39/><W20/><G104/><T52/><D111/><U33/><E77/><V42/><F132/><W100/><G71/><T64/><D129/><U95/><E33/><V126/><F126/><N who="3" m="48747" /><G63/><N who="1" m="24106" /><E65/><V30/><F92/><N who="3" m="58439" /><G55/><T2/><D2/><U112/><E112/><V135/><F135/><W69/><G69/><T83/><D105/><U96/><E27/><V101/><F1/><W76/><AGARI ba="0,0" hai="12,16,20,76,80,86,113,114" m="58439,48747" machi="76" ten="30,2000,0" yaku="18,1,54,1" doraHai="46" who="3" fromWho="3" sc="270,-5,170,-5,360,-10,200,20" /><INIT seed="3,0,0,4,5,35" ten="265,165,350,220" oya="3" hai0="74,93,44,122,119,58,100,5,47,73,39,68,41" hai1="85,62,26,102,105,13,23,83,63,106,55,112,130" hai2="133,79,8,37,108,36,72,22,123,97,67,6,87" hai3="11,16,88,59,30,42,7,46,21,134,45,4,56"/><W1/><G134/><T27/><D119/><U2/><E112/><V89/><F72/><W115/><G115/><T43/><D122/><U28/><E130/><V20/><F108/><W103/><G103/><T18/><D68/><U10/><E102/><V111/><F111/><W38/><G30/><T71/><D71/><U95/><E95/><V34/><F34/><W135/><G135/><T15/><D58/><U86/><E86/><V127/><F127/><W94/><G7/><T117/><D117/><U109/><E109/><V114/><F67/><W40/><G45/><T77/><D77/><U104/><E55/><V69/><F69/><W32/><G40/><T81/><D81/><U124/><E124/><V3/><F123/><W64/><G32/><T125/><D125/><U17/><REACH who="1" step="1"/><E2/><REACH who="1" ten="265,155,350,220" step="2"/><V24/><F3/><W54/><G54/><T25/><D93/><U82/><E82/><V121/><F114/><W128/><G128/><T113/><D100/><U61/><E61/><V66/><F133/><W57/><G64/><T76/><D113/><U131/><E131/><V52/><F52/><W126/><G126/><T120/><D120/><U9/><E9/><V48/><F8/><W33/><G94/><T78/><D41/><U0/><E0/><V110/><F66/><W118/><G118/><T75/><D43/><U19/><E19/><V84/><F121/><W49/><G1/><T91/><D18/><U98/><E98/><V99/><F99/><W51/><G42/><T132/><D132/><U65/><E65/><V96/><F110/><W50/><G16/><T116/><D116/><RYUUKYOKU ba="0,1" sc="265,-10,155,30,350,-10,220,-10" hai1="10,13,17,23,26,28,62,63,83,85,104,105,106" owari="255,5.5,185,-31.5,350,45.0,210,-19.0" /></mjloggm>