<mjloggm ver="2.3"><GO type="225" lobby="0"/><UN n0="%73%68%75%6D%70" n1="%E3%81%8B%E3%82%8F%E3%81%A1%E3%82%83%E3%82%93%35%38" n2="%77%72%77%72%77%72%77%72" n3="%E5%91%A8%E6%9D%B1" dan="16,16,16,17" rate="2089.14,2131.17,2165.19,2135.58" sx="M,M,M,M"/><TAIKYOKU oya="0"/><INIT seed="0,0,0,4,1,128" ten="250,250,250,250" oya="0" hai0="2,89,20,3,59,10,87,55,65,41,76,13,78" hai1="37,46,114,98,94,34,122,74,84,123,25,47,11" hai2="72,88,58,112,82,68,126,30,101,134,91,14,1" hai3="92,109,48,26,86,95,66,121,39,18,113,33,50"/><T105/><D105/><U120/><E74/><V35/><F112/><W102/><G113/><T56/><D41/><U21/><E114/><V80/><F1/><W85/><G39/><T15/><D2/><U110/><E37/><V60/><F68/><W99/><G33/><T108/><D3/><U130/><E130/><V4/><F72/><W83/><G109/><T12/><D10/><U70/><E70/><V22/><F35/><W75/><G75/><T38/><D38/><U100/><E34/><V7/><F101/><W40/><G66/><T52/><D65/><U103/><E110/><V81/><F126/><W44/><G121/><T17/><D59/><U129/><E129/><V132/><F30/><W54/><G95/><N who="0" m="54719" /><D55/><U117/><E117/><V42/><F42/><W118/><G118/><T9/><D108/><U29/><E11/><N who="2" m="4455" /><F22/><N who="3" m="13655" /><G83/><T23/><D23/><U124/><E124/><V16/><F7/><W119/><G119/><T43/><D43/><U131/><E131/><V111/><F16/><W8/><G8/><T135/><D135/><N who="2" m="51754" /><F111/><W45/><AGARI ba="0,0" hai="40,44,45,48,50,54,85,86,92,99,102" m="13655" machi="45" ten="30,1100,0" yaku="8,1" doraHai="128" who="3" fromWho="3" sc="250,-5,250,-3,250,-3,250,11" /><INIT seed="1,0,0,5,2,52" ten="245,247,247,261" oya="1" hai0="83,90,59,94,40,43,58,8,106,123,86,7,30" hai1="76,111,24,50,105,18,12,16,66,117,68,17,44" hai2="119,14,35,71,84,55,62,100,31,87,82,125,27" hai3="99,104,38,13,98,33,95,130,127,49,103,128,29"/><U3/><E3/><V0/><F119/><W5/><G38/><T25/><D106/><U78/><E117/><V70/><F0/><W73/><G73/><T57/><D123/><U61/><E105/><V56/><F125/><W120/><G120/><T112/><D112/><U135/><E135/><V118/><F118/><W110/><G127/><T23/><REACH who="0" step="1"/><D94/><REACH who="0" ten="235,247,247,261" step="2"/><U131/><E131/><V115/><F115/><W48/><G130/><T9/><D9/><U107/><E107/><V46/><F70/><W53/><G128/><T6/><D6/><U129/><E129/><V89/><F71/><W36/><G104/><T80/><D80/><U65/><E111/><V122/><F122/><W39/><G110/><T88/><D88/><U60/><E24/><V133/><F133/><W34/><G95/><T75/><D75/><U37/><E12/><AGARI ba="0,1" hai="7,8,12,23,25,30,40,43,57,58,59,83,86,90" machi="12" ten="40,12000,2" yaku="1,1,8,1,52,3,53,1" doraHai="52" doraHaiUra="1" who="0" fromWho="1" sc="235,130,247,-120,247,0,261,0" /><INIT seed="2,0,0,3,1,44" ten="365,127,247,261" oya="2" hai0="35,19,63,98,42,17,28,1,112,34,29,79,100" hai1="72,68,71,26,59,66,93,132,67,54,14,133,86" hai2="102,23,18,2,115,101,52,107,92,106,125,116,109" hai3="90,82,74,73,118,64,97,127,50,105,55,12,24"/><V126/><F115/><W65/><G118/><T135/><D79/><U48/><E72/><V36/><F116/><W53/><G127/><N who="2" m="48649" /><F2/><W15/><G105/><N who="2" m="39945" /><F36/><W51/><G24/><T0/><D63/><U89/><E26/><N who="2" m="14711" /><F109/><W37/><G37/><T31/><D112/><U122/><E122/><V124/><N who="2" m="48657" /><V111/><DORA hai="3" /><F111/><W49/><G97/><T21/><D0/><U41/><E41/><V38/><F38/><W47/><G47/><T70/><D42/><U76/><E76/><V87/><F52/><N who="3" m="20043" /><G74/><T85/><D1/><U91/><E91/><AGARI ba="0,0" hai="87,91,92,101,102" m="14711,39945,48657" machi="91" ten="50,2400,0" yaku="18,1" doraHai="44,3" who="2" fromWho="1" sc="365,0,127,-24,247,24,261,0" /><INIT seed="2,1,0,1,1,68" ten="365,103,271,261" oya="2" hai0="22,105,5,39,89,131,135,72,113,112,13,92,87" hai1="115,96,57,85,130,45,95,124,77,1,53,12,49" hai2="27,15,118,9,79,97,8,123,108,121,59,91,43" hai3="2,19,110,125,31,40,54,116,128,98,14,106,52"/><V28/><F118/><W50/><G116/><T65/><D65/><U11/><E124/><V32/><F79/><W75/><G2/><T48/><D39/><U100/><E130/><V84/><F97/><W35/><G75/><T20/><D131/><U133/><E133/><V30/><F30/><W82/><G125/><T46/><D135/><U6/><E1/><V81/><F108/><W51/><G110/><T129/><D105/><U120/><E120/><V107/><F107/><W119/><G128/><T99/><D72/><U90/><E115/><V67/><F43/><W61/><G40/><N who="0" m="24647" /><D129/><U21/><E21/><V83/><F83/><W47/><G61/><T7/><D113/><U70/><E70/><V74/><F74/><W127/><G127/><T93/><D112/><U33/><E33/><V103/><F103/><W80/><G31/><T55/><D55/><U34/><E34/><V126/><F126/><W94/><G35/><T64/><D64/><U104/><E104/><V117/><F117/><W3/><G3/><T71/><D71/><U78/><REACH who="1" step="1"/><E45/><REACH who="1" ten="365,93,271,261" step="2"/><V109/><F109/><W18/><G106/><T62/><D22/><U37/><E37/><V102/><F123/><W38/><G38/><T69/><D20/><U66/><E66/><V60/><F121/><W56/><G119/><T58/><D69/><U86/><E86/><V134/><F134/><W29/><G29/><T16/><D87/><U101/><E101/><V17/><F102/><N who="3" m="60759" /><G14/><T23/><D13/><U10/><E10/><AGARI ba="1,1" hai="8,9,10,15,17,27,28,32,59,60,67,81,84,91" machi="10" ten="30,1500,0" yaku="7,1" doraHai="68" who="2" fromWho="1" sc="365,0,93,-18,271,28,261,0" /><INIT seed="2,2,0,5,5,79" ten="365,75,299,261" oya="2" hai0="51,72,78,68,111,106,92,133,94,76,15,46,87" hai1="1,8,42,61,4,103,97,22,118,44,73,18,59" hai2="50,11,34,100,54,122,0,14,130,5,129,112,35" hai3="21,30,3,64,117,49,65,77,56,98,57,52,119"/><V89/><F112/><W126/><G3/><T33/><D33/><U69/><E118/><V28/><F122/><W58/><G77/><T131/><D68/><U95/><E73/><V93/><F100/><W127/><G98/><T75/><D106/><U29/><E69/><V124/><F124/><N who="3" m="47659" /><G21/><T39/><D39/><U88/><E29/><V43/><F0/><W83/><G83/><N who="0" m="47591" /><D75/><U45/><E42/><V116/><F43/><W38/><G30/><T36/><D36/><U9/><E9/><V16/><F5/><W135/><G38/><T24/><D24/><U2/><E2/><V53/><F116/><N who="3" m="44619" /><G135/><T120/><D78/><U96/><E96/><N who="2" m="57391" /><F28/><W26/><G26/><T66/><D72/><U10/><E10/><V105/><F105/><W104/><G104/><T23/><D92/><U62/><E103/><V82/><F34/><W20/><G20/><T47/><D94/><U114/><E114/><V6/><F82/><W107/><G107/><T121/><D133/><U125/><E125/><V84/><F84/><W102/><G102/><T86/><D86/><U19/><E19/><V17/><F35/><W12/><G12/><T25/><D15/><U27/><REACH who="1" step="1"/><E62/><REACH who="1" ten="365,65,299,261" step="2"/><V113/><F113/><W115/><G115/><T90/><D121/><U48/><E48/><V108/><F50/><W109/><G109/><T41/><D51/><U37/><E37/><V99/><F108/><W63/><G63/><T67/><D111/><U81/><E81/><V32/><F99/><W134/><G134/><T85/><D120/><U132/><E132/><V91/><F11/><W123/><G123/><RYUUKYOKU ba="2,1" sc="365,-15,65,15,299,-15,261,15" hai1="1,4,8,18,22,27,44,45,59,61,88,95,97" hai3="49,52,56,57,58,64,65" /><INIT seed="3,3,1,0,0,128" ten="350,80,284,276" oya="3" hai0="72,108,53,100,121,58,90,23,120,7,113,116,86" hai1="17,62,56,130,135,9,14,68,123,1,89,55,118" hai2="21,50,46,38,117,27,97,127,105,37,129,3,47" hai3="78,8,18,42,77,65,15,73,131,81,60,122,102"/><W101/><G122/><T26/><D72/><U74/><E74/><V132/><F117/><W109/><G131/><T106/><D116/><U13/><E130/><V25/><F3/><W35/><G35/><T41/><D41/><U103/><E68/><V95/><F129/><W94/><G109/><T82/><D108/><U34/><E34/><V134/><F127/><W85/><G42/><T49/><D113/><U11/><E1/><V33/><F105/><W24/><G24/><T80/><D7/><U31/><E123/><V63/><F63/><W112/><G112/><T126/><D126/><U84/><E118/><V119/><F33/><W19/><G19/><T28/><D80/><U6/><E103/><N who="2" m="60863" /><F119/><W40/><G40/><T114/><REACH who="0" step="1"/><D114/><REACH who="0" ten="340,80,284,276" step="2"/><U39/><E39/><V64/><F37/><W66/><G66/><T30/><D30/><U20/><E31/><V125/><F64/><W71/><REACH who="3" step="1"/><G94/><REACH who="3" ten="340,80,284,266" step="2"/><T98/><AGARI ba="3,3" hai="23,26,28,49,53,58,82,86,90,98,100,106,120,121" machi="98" ten="30,2000,0" yaku="1,1,0,1,53,0" doraHai="128" doraHaiUra="110" who="0" fromWho="0" sc="340,59,80,-8,284,-8,266,-13" owari="399,49.9,72,-42.8,276,7.6,253,-14.7" /></mjloggm>