<mjloggm ver="2.3"><GO type="225" lobby="0"/><UN n0="%E3%81%8B%E3%82%8F%E3%81%A1%E3%82%83%E3%82%93%35%38" n1="%E3%81%BF%E3%81%BF%E3%81%9A" n2="%E8%9B%87%E3%81%AE%E8%A1%80" n3="%E3%83%A9%E3%83%BC%E3%83%A1%E3%83%B3%E4%BA%94%E9%83%8E" dan="16,17,16,16" rate="2150.93,2199.23,2070.46,2147.00" sx="M,M,M,M"/><TAIKYOKU oya="0"/><INIT seed="0,0,0,1,2,74" ten="250,250,250,250" oya="0" hai0="73,46,51,125,4,70,66,47,56,69,102,28,135" hai1="122,124,100,14,78,18,104,119,120,64,128,84,52" hai2="68,117,130,19,76,110,112,134,49,20,85,16,24" hai3="87,12,61,26,111,25,21,75,10,30,7,34,38"/><T45/><D102/><U88/><E119/><V50/><F112/><W121/><G75/><T126/><D28/><U42/><E64/><V95/><F117/><W41/><G111/><T107/><D4/><U80/><E42/><V97/><F110/><W31/><G121/><T33/><D33/><U13/><E124/><N who="0" m="47721" /><D135/><U65/><E65/><V106/><F134/><W83/><G61/><N who="0" m="38183" /><D107/><U29/><E29/><N who="2" m="17543" /><F68/><N who="0" m="26218" /><D73/><U39/><E104/><V72/><F72/><W35/><G35/><T86/><D86/><U11/><E100/><N who="2" m="60479" /><F106/><W109/><G109/><T5/><D5/><U57/><E128/><V32/><F32/><W6/><G6/><T94/><D94/><U15/><E122/><V36/><F36/><W114/><G38/><T53/><AGARI ba="0,0" hai="45,46,47,51,53" m="26218,38183,47721" machi="53" ten="30,6000,0" yaku="18,1,34,2" doraHai="74" who="0" fromWho="0" sc="250,60,250,-20,250,-20,250,-20" /><INIT seed="0,1,0,0,1,120" ten="310,230,230,230" oya="0" hai0="47,85,9,23,46,54,43,42,32,110,10,11,17" hai1="104,79,75,14,101,24,99,58,29,123,74,78,35" hai2="12,52,116,18,48,16,98,91,66,133,0,37,102" hai3="96,33,97,56,128,89,77,30,129,109,49,80,70"/><T36/><D32/><U3/><E123/><V8/><F37/><W114/><G114/><T118/><D118/><U105/><E3/><V15/><F116/><W106/><G70/><T45/><D110/><U90/><E105/><V125/><F0/><W132/><G132/><T7/><D54/><U68/><E58/><V117/><F117/><W112/><G112/><T69/><D69/><U27/><E27/><V63/><F91/><W20/><G33/><T65/><D65/><U93/><E14/><V2/><F2/><W83/><G20/><T126/><D126/><U86/><REACH who="1" step="1"/><E68/><REACH who="1" ten="310,220,230,230" step="2"/><V6/><F125/><W108/><G106/><T67/><D7/><U87/><E87/><V55/><F15/><W113/><G113/><T92/><D36/><U25/><E25/><V94/><F133/><W21/><G56/><T135/><D135/><U71/><E71/><V34/><F34/><W72/><G129/><T111/><D85/><U81/><E81/><V103/><F12/><W31/><G128/><T57/><D57/><U119/><E119/><V28/><F98/><W88/><G96/><T82/><D82/><U40/><E40/><V107/><F107/><W127/><G97/><T39/><D39/><U130/><E130/><V131/><F131/><W13/><G83/><T5/><D43/><U38/><E38/><V41/><F41/><W121/><G121/><T19/><D42/><U61/><E61/><V60/><F60/><W62/><G62/><T64/><D5/><U44/><E44/><V73/><F63/><W122/><G122/><T84/><D46/><U76/><AGARI ba="1,1" hai="24,29,35,74,75,76,78,79,86,90,93,99,101,104" machi="76" ten="30,7900,0" yaku="1,1,5,1,0,1,53,1" doraHai="120" doraHaiUra="95" who="1" fromWho="1" sc="310,-40,220,92,230,-21,230,-21" /><INIT seed="1,0,0,1,1,58" ten="270,312,209,209" oya="1" hai0="60,5,45,51,76,36,0,106,82,63,3,69,71" hai1="93,74,9,131,70,21,78,42,59,134,28,4,38" hai2="80,66,30,18,62,72,32,133,111,130,40,101,99" hai3="103,83,54,120,118,14,1,27,86,50,115,77,126"/><U108/><E70/><V23/><F111/><W119/><G120/><T123/><D106/><U135/><E108/><V52/><F40/><W68/><G115/><T94/><D94/><U117/><E117/><N who="3" m="44554" /><G1/><T85/><D36/><U48/><E131/><V43/><F43/><W56/><G126/><T102/><D102/><U121/><E121/><V29/><F32/><W95/><G68/><T2/><D123/><U124/><E124/><V107/><F130/><W105/><G105/><T87/><D71/><U65/><E38/><V127/><F127/><W114/><G114/><T26/><D69/><U84/><E74/><V122/><F122/><W90/><G103/><T91/><D5/><U129/><E129/><V34/><F34/><W132/><G132/><T88/><D26/><N who="1" m="16463" /><E93/><V25/><F133/><W44/><G27/><T37/><D37/><U81/><E65/><V97/><F66/><W22/><G22/><T64/><D64/><U125/><E125/><V17/><F30/><W39/><G14/><T112/><D112/><U113/><E113/><V55/><F97/><N who="3" m="57591" /><G39/><T16/><D0/><U31/><E31/><V24/><F24/><W10/><G10/><T15/><D2/><U75/><E75/><V53/><REACH who="2" step="1"/><F62/><REACH who="2" ten="270,312,199,209" step="2"/><W89/><G44/><T20/><D60/><U73/><E135/><V110/><F110/><W104/><G104/><T100/><D63/><U116/><E134/><V33/><F33/><W109/><G109/><T61/><D61/><U35/><E116/><V41/><F41/><W79/><AGARI ba="0,1" hai="50,54,56,77,79,83,86,89" m="57591,44554" machi="79" ten="30,1100,0" yaku="12,1" doraHai="58" who="3" fromWho="3" sc="270,-3,312,-5,199,-3,209,21" /><INIT seed="2,0,0,4,0,27" ten="267,307,196,230" oya="2" hai0="70,115,121,108,76,100,63,118,117,113,84,85,38" hai1="89,18,86,57,128,71,83,110,62,95,125,79,88" hai2="41,6,33,94,2,127,102,104,1,120,87,42,39" hai3="24,65,21,90,4,15,135,111,16,40,68,17,131"/><V12/><F120/><W8/><G111/><T19/><D38/><U48/><E110/><V130/><F33/><W99/><G131/><T97/><D108/><U44/><E128/><V133/><F130/><W92/><G135/><T61/><D19/><U51/><E125/><V80/><F104/><W52/><G40/><N who="2" m="15465" /><F2/><W0/><G0/><T132/><D132/><U9/><E71/><V103/><F1/><W109/><G109/><T101/><D76/><U112/><E112/><V107/><F107/><W67/><G68/><T122/><D97/><U91/><E95/><V105/><F105/><W126/><G126/><T30/><REACH who="0" step="1"/><D70/><REACH who="0" ten="257,307,196,230" step="2"/><U82/><E18/><V77/><F39/><W34/><G17/><T116/><D116/><U25/><E9/><N who="2" m="4151" /><F133/><W37/><G37/><T78/><D78/><U81/><E25/><V23/><F127/><W75/><G75/><T3/><D3/><U26/><E26/><V50/><F23/><W64/><G34/><T14/><D14/><U46/><E79/><V49/><F103/><W54/><AGARI ba="0,1" hai="4,8,15,16,21,24,52,54,64,65,67,90,92,99" machi="54" ten="30,7900,0" yaku="0,1,8,1,54,2" doraHai="27" who="3" fromWho="3" sc="257,-20,307,-20,196,-39,230,89" /><INIT seed="3,0,0,0,2,60" ten="237,287,157,319" oya="3" hai0="36,119,37,121,95,92,135,107,27,55,122,84,58" hai1="63,45,28,96,32,123,11,97,17,113,25,90,132" hai2="3,23,40,109,78,86,89,85,13,1,54,7,62" hai3="43,9,80,116,125,21,33,8,103,124,29,108,57"/><W34/><G108/><T6/><D107/><U30/><E113/><V51/><F109/><W69/><G69/><T47/><D119/><U98/><E123/><V129/><F129/><W126/><G116/><T77/><D135/><U110/><E132/><V87/><F78/><W99/><G43/><T53/><D6/><U70/><E110/><V93/><F40/><W120/><G120/><T88/><D77/><U2/><E45/><V64/><F3/><W38/><G38/><T128/><D128/><U16/><E28/><V133/><F1/><W105/><G57/><T118/><D118/><U67/><REACH who="1" step="1"/><E90/><REACH who="1" ten="237,277,157,319" step="2"/><V104/><F104/><W94/><G105/><T114/><D114/><U79/><E79/><V91/><F133/><W61/><G61/><T72/><D72/><U48/><E48/><V81/><F89/><W127/><G127/><T18/><D95/><U52/><E52/><N who="0" m="20041" /><D58/><U12/><E12/><V74/><F74/><W50/><G50/><T39/><D47/><U42/><E42/><V130/><F130/><W20/><G29/><T59/><D59/><U26/><E26/><V0/><F0/><W75/><G33/><T10/><D27/><U117/><E117/><V35/><F35/><W49/><G34/><T106/><D106/><U56/><E56/><N who="2" m="36935" /><F81/><W41/><G41/><T112/><D112/><U101/><E101/><V131/><F131/><W24/><G49/><T100/><D100/><U111/><E111/><V68/><F68/><W65/><G24/><T5/><D18/><U115/><E115/><V76/><F76/><N who="3" m="44063" /><G65/><T31/><D31/><U71/><E71/><RYUUKYOKU ba="0,1" sc="237,10,277,10,157,-30,319,10" hai0="5,10,36,37,39,84,88,92,121,122" hai1="2,11,16,17,25,30,32,63,67,70,96,97,98" hai3="8,9,20,21,94,99,103,124,125,126" owari="247,-15.3,287,8.7,127,-37.3,339,43.9" /></mjloggm>