<mjloggm ver="2.3"><GO type="225" lobby="0"/><UN n0="%E3%81%A8%E3%82%89%E3%81%84%E3%81%A1" n1="%E6%9D%B1%E9%A2%A8%E3%81%AE%E3%81%8D%E3%82%83%E3%81%B7%E3%81%95%E3%82%93" n2="%E5%B8%86%E7%AB%8B%E5%A4%8F%E8%A1%A3" n3="%E3%82%8F%E3%81%8B%E3%81%B0%2A%E3%82%AC%E3%83%BC%E3%83%AB" dan="16,16,17,16" rate="2136.05,2153.91,2227.09,2200.41" sx="M,M,M,M"/><TAIKYOKU oya="0"/><INIT seed="0,0,0,2,1,42" ten="250,250,250,250" oya="0" hai0="113,59,121,89,13,60,33,93,95,27,72,101,110" hai1="30,54,94,130,132,49,78,53,20,52,39,56,112" hai2="73,5,124,103,61,102,0,109,115,31,114,44,12" hai3="43,36,129,17,18,9,127,84,111,134,90,104,122"/><T3/><D121/><U46/><E112/><BYE who="0" /><V108/><F73/><W47/><G122/><UN n0="%E3%81%A8%E3%82%89%E3%81%84%E3%81%A1" /><T15/><D113/><U10/><E130/><V7/><F0/><W19/><G129/><T135/><D3/><U77/><E132/><V48/><F31/><W80/><G134/><T32/><D72/><U35/><E35/><V26/><F26/><W116/><G116/><T69/><D69/><U4/><E39/><V24/><F24/><W100/><G111/><N who="2" m="42569" /><F124/><W6/><G127/><T118/><D118/><U88/><E20/><V16/><F61/><W133/><G133/><T99/><D110/><U81/><E30/><V82/><F82/><W75/><G75/><T55/><D135/><U11/><E81/><V63/><F63/><W45/><G45/><T8/><D27/><U86/><E56/><V38/><F38/><W34/><G34/><T106/><D15/><N who="1" m="5575" /><E11/><N who="2" m="6175" /><F115/><W85/><G85/><T29/><D29/><U91/><E91/><V58/><F58/><W71/><G71/><T76/><D32/><U41/><AGARI ba="0,0" hai="41,46,49,52,53,54,77,78,86,88,94" m="5575" machi="41" ten="30,7900,0" yaku="8,1,52,1,54,2" doraHai="42" who="1" fromWho="1" sc="250,-39,250,79,250,-20,250,-20" /><INIT seed="1,0,0,1,4,22" ten="211,329,230,230" oya="1" hai0="29,95,8,82,127,2,63,129,52,47,21,59,62" hai1="37,105,11,91,28,107,17,120,4,40,46,110,116" hai2="125,117,131,119,73,112,76,39,45,41,26,100,3" hai3="108,23,115,106,20,75,24,134,104,133,85,64,33"/><U58/><E116/><V50/><F125/><W19/><G115/><T48/><D127/><U78/><E120/><V113/><F131/><W80/><G108/><T135/><D129/><U77/><E17/><V69/><F69/><W6/><G75/><T54/><D135/><N who="3" m="51721" /><G33/><T121/><D121/><U87/><E58/><V53/><F100/><W68/><G6/><T114/><D114/><N who="2" m="44138" /><F3/><W90/><G20/><T130/><D130/><U111/><E28/><V101/><F101/><W83/><G80/><T81/><D95/><U30/><E30/><V96/><F96/><W99/><G99/><T103/><D103/><U71/><E71/><V118/><F76/><N who="1" m="29289" /><E91/><V70/><F70/><W10/><G10/><T14/><D2/><N who="1" m="407" /><E87/><V12/><F12/><W36/><G36/><T92/><D14/><U38/><E38/><V44/><F73/><W32/><G32/><T43/><D29/><U79/><E79/><V102/><F102/><W18/><G18/><T109/><D92/><U128/><E128/><V51/><F39/><W98/><G98/><T126/><D126/><U97/><E97/><V5/><F5/><W0/><G0/><T56/><D81/><U132/><E132/><V93/><F93/><W65/><G65/><T66/><D66/><U27/><E110/><V86/><F86/><W88/><G90/><T42/><D109/><U7/><E111/><V55/><F26/><W67/><G67/><N who="0" m="39367" /><D82/><U84/><E105/><V35/><F35/><W60/><AGARI ba="0,0" hai="19,23,24,60,64,68,83,85,88,104,106" m="51721" machi="60" ten="30,4000,0" yaku="20,1,52,1,54,1" doraHai="22" who="3" fromWho="3" sc="211,-10,329,-20,230,-10,230,40" /><INIT seed="2,0,0,0,1,127" ten="201,309,220,270" oya="2" hai0="33,115,62,14,15,117,46,135,79,39,121,92,4" hai1="56,63,36,11,32,45,90,64,29,69,108,48,31" hai2="60,21,61,57,73,87,129,77,132,83,40,71,82" hai3="9,28,72,7,101,22,23,85,106,131,120,3,107"/><V118/><F118/><W26/><G131/><T95/><D121/><U2/><E108/><V133/><F40/><W111/><G120/><T49/><D39/><U42/><E32/><V24/><F71/><W80/><G72/><T54/><D115/><U134/><E134/><N who="2" m="51819" /><F57/><W130/><G130/><T84/><D33/><U8/><E90/><N who="2" m="51575" /><F129/><W109/><G22/><T78/><D135/><U58/><E58/><V50/><F50/><W12/><G3/><T102/><D117/><U6/><E11/><V123/><F123/><W17/><G7/><T53/><D4/><U47/><E69/><V126/><F126/><W44/><G44/><T100/><D62/><U13/><E2/><V30/><AGARI ba="0,0" hai="21,24,30,60,61,73,77,83" m="51575,51819" machi="30" ten="30,1500,0" yaku="20,1" doraHai="127" who="2" fromWho="2" sc="201,-5,309,-5,220,15,270,-5" /><INIT seed="2,1,0,3,2,119" ten="196,304,235,265" oya="2" hai0="47,123,34,35,108,135,55,125,65,6,38,53,94" hai1="58,8,114,48,54,64,82,32,126,72,115,25,29" hai2="21,88,43,78,26,85,52,134,105,44,102,22,99" hai3="71,27,87,57,73,41,81,104,63,128,109,37,103"/><V2/><F2/><W107/><G109/><T110/><D6/><U12/><E126/><V17/><F134/><W13/><G73/><T79/><D79/><U66/><E72/><V40/><F78/><W77/><G71/><T92/><D65/><U10/><E10/><V84/><F84/><W106/><G128/><T91/><D125/><U3/><E3/><V60/><F22/><W89/><G13/><T101/><D101/><U86/><E114/><V0/><F0/><W93/><G27/><T117/><D135/><U23/><E32/><N who="0" m="12329" /><D117/><U83/><E115/><V59/><REACH who="2" step="1"/><F44/><REACH who="2" ten="196,304,225,265" step="2"/><W97/><G77/><T74/><D74/><U132/><E132/><V39/><F39/><W90/><G37/><T7/><D38/><U100/><E86/><V122/><F122/><W70/><G81/><AGARI ba="1,1" hai="17,21,26,40,43,52,59,60,81,85,88,99,102,105" machi="81" ten="30,12000,1" yaku="1,1,7,1,54,2,53,1" doraHai="119" doraHaiUra="51" who="2" fromWho="3" sc="196,0,304,0,225,133,265,-123" /><INIT seed="2,2,0,2,1,31" ten="196,304,358,142" oya="2" hai0="30,99,123,29,55,114,117,76,34,128,95,111,4" hai1="109,126,98,25,32,87,113,21,63,26,52,39,50" hai2="129,22,116,75,23,115,90,42,60,100,134,112,74" hai3="81,44,36,83,61,3,132,48,15,28,12,84,108"/><V64/><F116/><W27/><G132/><T8/><D114/><U69/><E39/><V122/><F122/><W67/><G3/><T118/><D123/><U121/><E121/><V93/><F134/><W130/><G108/><T125/><D111/><U92/><E109/><V0/><F0/><W119/><G119/><N who="0" m="45579" /><D128/><U101/><E113/><V33/><F42/><W131/><G36/><T49/><D76/><U37/><E37/><V135/><F135/><W97/><G97/><T58/><D34/><U80/><E126/><V38/><F38/><W20/><G130/><T24/><D24/><U71/><E32/><V5/><F100/><W51/><G131/><T127/><D29/><U72/><E72/><V46/><F129/><W88/><G81/><T65/><D30/><U18/><E25/><V47/><F5/><W104/><G104/><T79/><D65/><U124/><E124/><V82/><F82/><W10/><G10/><T45/><D45/><U57/><REACH who="1" step="1"/><E50/><REACH who="1" ten="196,294,358,142" step="2"/><V78/><F33/><W11/><G48/><T66/><D125/><U43/><E43/><V2/><F75/><W54/><REACH who="3" step="1"/><G11/><REACH who="3" ten="196,294,358,132" step="2"/><T106/><D127/><U102/><E102/><V96/><F115/><W86/><G86/><T110/><D110/><U1/><E1/><V59/><F2/><W103/><G103/><T19/><D8/><U77/><AGARI ba="2,2" hai="18,21,26,52,57,63,69,71,77,80,87,92,98,101" machi="77" ten="20,8000,1" yaku="1,1,0,1,7,1,54,1,53,1" doraHai="31" doraHaiUra="14" who="1" fromWho="1" sc="196,-22,294,106,358,-42,132,-22" /><INIT seed="3,0,0,2,3,109" ten="174,400,316,110" oya="3" hai0="130,91,28,8,44,65,33,37,46,87,36,119,83" hai1="71,63,3,69,48,126,104,134,35,12,23,13,74" hai2="55,29,24,124,89,57,7,50,68,120,56,43,95" hai3="118,103,34,25,77,31,38,16,26,128,133,81,32"/><W80/><G118/><T18/><D119/><U40/><E23/><V116/><F124/><W5/><G128/><T22/><D130/><U10/><E74/><V14/><F116/><W2/><G38/><T17/><D33/><U66/><E35/><V20/><F68/><W84/><G133/><T114/><D114/><U51/><E104/><V11/><F120/><W106/><G81/><T93/><D65/><U127/><E71/><V121/><F121/><W73/><G84/><T105/><D105/><U131/><E131/><V72/><F72/><W60/><G60/><T102/><D37/><U92/><E92/><V19/><F43/><W99/><G16/><N who="0" m="6251" /><D36/><U39/><E3/><V61/><F29/><N who="3" m="19503" /><G5/><T30/><D8/><U82/><E82/><V98/><F57/><W9/><G9/><T53/><D53/><U100/><E100/><V45/><F50/><N who="1" m="18985" /><E134/><V101/><F101/><W62/><G62/><T135/><D135/><U97/><E97/><V1/><F1/><AGARI ba="0,0" hai="1,2,26,31,34,73,77,80,99,103,106" m="19503" machi="1" ten="30,2900,0" yaku="33,2" doraHai="109" who="3" fromWho="2" sc="174,0,400,0,316,-29,110,29" /><INIT seed="3,1,0,2,1,12" ten="174,400,287,139" oya="3" hai0="45,123,128,79,91,100,76,114,3,60,56,84,39" hai1="120,82,59,18,37,122,58,19,92,16,80,25,117" hai2="99,29,55,77,90,28,30,125,126,52,116,50,63" hai3="5,69,6,48,107,31,41,14,2,73,119,89,124"/><W68/><G119/><T111/><D3/><U34/><E37/><V135/><F116/><W53/><G73/><T1/><D1/><U54/><E117/><V127/><F77/><W101/><G2/><T121/><D111/><U110/><E110/><V109/><F109/><W51/><G124/><T81/><D128/><U108/><E108/><V98/><F135/><W10/><G107/><T43/><D114/><U57/><E54/><V102/><F63/><W72/><G72/><T22/><D100/><U21/><E34/><V87/><F50/><W96/><G31/><T20/><D121/><U88/><E120/><V4/><F4/><W129/><G129/><T42/><D42/><U46/><E46/><V78/><F78/><W132/><G132/><T118/><D118/><U70/><E70/><V134/><F134/><W130/><G130/><T97/><D123/><U49/><E49/><V115/><F115/><W113/><G113/><T85/><D97/><N who="2" m="36874" /><F102/><W9/><G89/><T32/><D32/><U103/><E103/><V106/><F106/><W7/><G41/><T38/><D38/><U62/><E62/><V33/><F33/><W17/><G9/><T64/><D76/><U133/><E133/><V15/><F15/><W94/><REACH who="3" step="1"/><G48/><REACH who="3" ten="174,400,287,129" step="2"/><T67/><D67/><U8/><E8/><V11/><F11/><W75/><G75/><T24/><D91/><U40/><E40/><V86/><F90/><W0/><G0/><T61/><D64/><U131/><E131/><V35/><F35/><W66/><G66/><T36/><D39/><U13/><E122/><V95/><F87/><RYUUKYOKU ba="1,1" sc="174,-15,400,-15,287,15,129,15" hai2="28,29,30,52,55,86,95,125,126,127" hai3="5,6,7,10,14,17,51,53,68,69,94,96,101" /><INIT seed="3,2,1,2,5,8" ten="159,385,302,144" oya="3" hai0="22,28,86,120,53,73,92,47,50,44,74,10,11" hai1="60,129,108,91,46,21,93,5,127,54,75,116,104" hai2="61,85,125,113,122,117,101,48,19,132,29,58,27" hai3="87,15,123,109,71,94,0,99,63,13,128,57,38"/><W41/><G123/><T32/><D120/><U30/><E5/><V49/><F122/><W42/><G0/><T59/><D32/><U51/><E104/><V114/><F117/><W14/><G71/><T72/><D28/><U4/><E75/><V118/><F118/><W64/><G128/><T24/><D92/><U31/><E4/><V124/><F85/><W79/><G38/><T106/><D106/><U45/><E108/><V105/><F19/><W34/><G34/><T55/><D86/><U110/><E127/><N who="2" m="48715" /><F101/><N who="3" m="60663" /><G109/><T131/><D131/><U16/><E60/><V115/><F105/><W126/><G126/><T70/><D70/><U135/><E135/><V134/><F27/><W35/><G35/><T56/><D24/><N who="1" m="14375" /><E116/><V78/><F78/><W98/><G98/><T6/><D73/><U119/><E119/><V33/><F33/><W88/><G79/><T65/><D74/><U18/><E110/><V17/><F17/><W43/><G43/><T100/><D100/><U77/><E77/><V95/><F95/><AGARI ba="2,1" hai="13,14,15,41,42,57,63,64,87,88,95" m="60663" machi="95" ten="30,12000,1" yaku="8,1,52,3,54,1" doraHai="8" who="3" fromWho="2" sc="159,0,385,0,302,-126,144,136" /><INIT seed="3,3,0,2,0,12" ten="159,385,176,280" oya="3" hai0="95,24,11,110,133,32,91,43,92,8,46,33,118" hai1="14,54,117,77,31,121,128,107,19,25,20,99,65" hai2="21,57,104,81,73,36,56,86,96,45,7,83,101" hai3="55,23,29,2,108,116,61,5,123,30,112,1,105"/><W75/><G112/><T39/><D118/><U72/><E121/><V3/><F21/><W58/><G123/><T0/><D110/><U28/><E128/><V84/><F83/><W40/><G116/><T127/><D127/><U41/><E41/><N who="2" m="22695" /><F84/><W88/><G105/><T48/><D133/><U4/><E4/><V42/><F86/><W97/><G75/><T71/><D71/><U17/><E65/><V52/><F52/><N who="3" m="33991" /><G1/><T125/><D125/><U85/><E72/><V49/><F49/><W102/><G2/><T114/><D114/><U10/><E117/><V134/><F42/><W82/><G108/><T34/><D0/><U53/><E99/><V70/><F70/><W16/><G5/><T135/><D135/><U9/><E107/><V98/><F98/><W119/><G40/><T131/><D131/><U15/><E31/><N who="3" m="11786" /><G119/><T94/><D48/><U79/><E79/><N who="2" m="44271" /><F134/><W132/><G132/><T93/><REACH who="0" step="1"/><D24/><REACH who="0" ten="149,385,176,280" step="2"/><U51/><E51/><V63/><F63/><W87/><G55/><T68/><D68/><U89/><E77/><V67/><F67/><W126/><G126/><T103/><D103/><U115/><E115/><V76/><F76/><W47/><G47/><T38/><D38/><U80/><AGARI ba="3,1" hai="9,10,14,15,17,19,20,25,28,53,54,80,85,89" machi="80" ten="20,12000,2" yaku="0,1,7,1,9,1,8,1,52,2" doraHai="12" who="1" fromWho="1" sc="149,-33,385,139,176,-33,280,-63" owari="116,-38.4,524,62.4,143,-25.7,217,1.7" /></mjloggm>