<mjloggm ver="2.3"><GO type="225" lobby="0"/><UN n0="%E3%81%90%E3%81%A1%E3%82%84%E3%81%BE" n1="%6E%69%63%6F%6E%74%6F" n2="%E3%81%8B%E3%82%8F%E3%81%A1%E3%82%83%E3%82%93%35%38" n3="%E3%83%A9%E3%82%B9%E7%8E%87%EF%BC%93%E5%89%B2" dan="16,16,16,16" rate="2131.47,2140.93,2144.07,2226.22" sx="M,M,M,F"/><TAIKYOKU oya="0"/><INIT seed="0,0,0,5,3,133" ten="250,250,250,250" oya="0" hai0="122,101,85,109,74,96,126,123,91,114,6,63,69" hai1="16,108,60,105,47,35,56,46,71,15,36,124,75" hai2="84,48,93,32,66,13,128,34,1,98,78,58,94" hai3="87,80,54,86,26,0,19,29,125,113,62,20,104"/><T116/><D6/><U17/><E75/><V107/><F1/><W7/><G104/><T14/><D14/><U92/><E105/><V40/><F107/><W129/><G113/><T51/><D51/><U12/><E35/><V90/><F128/><W88/><G129/><T70/><D63/><U132/><E132/><V130/><F130/><W22/><G125/><T106/><D69/><U8/><E108/><V81/><F13/><W112/><G112/><T27/><D27/><U110/><E110/><V57/><F32/><W25/><G0/><T55/><D55/><U31/><E31/><V37/><F37/><W11/><G7/><T5/><D70/><U45/><E124/><V28/><F28/><W117/><G117/><T68/><D68/><U100/><E71/><V21/><F21/><W72/><G72/><T44/><D44/><U102/><E92/><V82/><F34/><W2/><G2/><T3/><D109/><U67/><REACH who="1" step="1"/><E36/><REACH who="1" ten="250,240,250,250" step="2"/><V89/><F94/><W59/><G87/><T131/><D114/><U99/><E99/><V76/><F98/><W61/><G11/><AGARI ba="0,1" hai="8,11,12,15,16,17,45,46,47,56,60,67,100,102" machi="11" ten="40,8000,1" yaku="1,1,9,1,8,1,54,1,53,0" doraHai="133" doraHaiUra="65" who="1" fromWho="3" sc="250,0,240,90,250,0,250,-80" /><INIT seed="1,0,0,3,2,66" ten="250,330,250,170" oya="1" hai0="70,1,61,89,54,110,107,127,23,81,133,28,53" hai1="73,84,63,10,92,103,132,76,59,18,44,32,19" hai2="74,115,83,5,55,116,34,129,56,85,71,45,16" hai3="50,8,6,2,40,0,124,48,58,102,47,112,114"/><U95/><E132/><V119/><F74/><W98/><G124/><T125/><D1/><U68/><E68/><V67/><F34/><W3/><G58/><T51/><D107/><U79/><E32/><V122/><F122/><W35/><G35/><T43/><D133/><U99/><E73/><V94/><F5/><W121/><G121/><T21/><D110/><U88/><E44/><V65/><F45/><W106/><REACH who="3" step="1"/><G50/><REACH who="3" ten="250,330,250,160" step="2"/><T80/><D125/><U86/><E86/><V97/><F56/><W93/><G93/><T22/><D51/><U26/><E95/><V12/><F94/><W128/><G128/><T39/><D127/><U118/><E92/><V41/><F129/><W62/><G62/><T4/><D61/><U77/><E84/><V64/><F85/><W14/><AGARI ba="0,1" hai="0,2,3,6,8,14,40,47,48,98,102,106,112,114" machi="14" ten="30,7900,0" yaku="1,1,0,1,53,2" doraHai="66" doraHaiUra="108" who="3" fromWho="3" sc="250,-20,330,-39,250,-20,160,89" /><INIT seed="2,0,0,1,0,40" ten="230,291,230,249" oya="2" hai0="32,101,76,99,120,90,127,124,68,73,116,102,70" hai1="103,75,4,111,60,133,69,84,23,83,13,112,44" hai2="22,56,31,128,64,130,65,134,110,5,55,62,80" hai3="42,107,100,121,7,106,88,49,53,131,33,61,85"/><V15/><F134/><W3/><G33/><T58/><D32/><U45/><E112/><V37/><F37/><W51/><G121/><T8/><D120/><U77/><E111/><V81/><F110/><W25/><G3/><T91/><D116/><U36/><E36/><V26/><F5/><W24/><G7/><T92/><D58/><U29/><E133/><V14/><F81/><W105/><G131/><N who="2" m="50217" /><F80/><W10/><G10/><T108/><D108/><U95/><E75/><V122/><F122/><W109/><G100/><N who="0" m="38507" /><D76/><U115/><E115/><V97/><F97/><W135/><G135/><T50/><D73/><U132/><E132/><V11/><F11/><W113/><G113/><T41/><D8/><N who="1" m="4231" /><E69/><N who="2" m="42135" /><F65/><W71/><G109/><T79/><D79/><U19/><E60/><AGARI ba="0,0" hai="14,15,22,26,31,55,56,60" m="42135,50217" machi="60" ten="30,1500,0" yaku="19,1" doraHai="40" who="2" fromWho="1" sc="230,0,291,-15,230,15,249,0" /><INIT seed="2,1,0,3,5,80" ten="230,276,245,249" oya="2" hai0="23,116,41,15,105,114,6,5,14,130,71,90,16" hai1="134,117,62,9,109,27,1,86,52,25,36,31,88" hai2="33,38,72,45,81,67,77,32,119,122,40,94,2" hai3="98,132,4,63,83,99,26,118,125,34,131,93,18"/><V59/><F119/><W102/><G118/><T79/><D114/><U28/><E117/><V85/><F122/><W106/><G131/><T127/><D116/><U126/><E36/><V115/><F115/><W54/><G132/><T11/><D71/><U74/><E74/><V73/><F73/><W87/><G125/><T55/><D105/><U110/><E126/><V24/><F24/><N who="1" m="9289" /><E9/><V76/><F76/><W135/><G4/><T84/><D127/><U13/><E13/><V66/><F2/><W103/><G135/><T44/><D130/><U30/><E1/><V35/><REACH who="2" step="1"/><F59/><REACH who="2" ten="230,276,235,249" step="2"/><W112/><G112/><T107/><D107/><U123/><E123/><V91/><AGARI ba="1,1" hai="32,33,35,38,40,45,66,67,72,77,81,85,91,94" machi="91" ten="40,12000,1" yaku="1,1,2,1,0,1,52,1,53,1" doraHai="80" doraHaiUra="89" who="2" fromWho="2" sc="230,-41,276,-41,235,133,249,-41" /><INIT seed="2,2,0,4,4,80" ten="189,235,368,208" oya="2" hai0="52,55,106,77,90,6,33,108,71,32,12,50,47" hai1="35,41,61,98,109,66,0,8,130,43,122,49,101" hai2="118,17,78,99,86,69,53,37,18,105,107,116,62" hai3="15,29,88,121,114,64,129,30,58,11,68,65,19"/><V36/><F53/><W51/><G121/><T131/><D106/><U57/><E35/><V110/><F62/><W16/><G129/><T76/><D71/><U46/><E130/><V14/><F99/><W103/><G114/><T100/><D131/><U94/><E109/><V13/><F78/><N who="0" m="30314" /><D32/><U96/><E122/><V42/><F42/><W34/><G34/><T10/><D33/><U72/><E72/><V81/><F81/><W9/><G103/><T113/><D113/><U21/><E0/><V23/><F23/><W22/><G68/><T91/><D108/><U1/><E1/><V85/><F69/><W123/><G123/><T84/><D100/><U27/><E8/><V60/><F60/><W3/><G3/><T124/><D124/><U120/><E120/><V70/><BYE who="1" /><F70/><W4/><G4/><T95/><D91/><U26/><E26/><V102/><F102/><W126/><G126/><T125/><D125/><U92/><E92/><V115/><F115/><W128/><G128/><T74/><D74/><U133/><E133/><V119/><F119/><W112/><G112/><UN n1="%6E%69%63%6F%6E%74%6F" /><T28/><D28/><N who="3" m="10857" /><G88/><T38/><D38/><U5/><E5/><V132/><F110/><W134/><G134/><AGARI ba="2,0" hai="13,14,17,18,36,37,85,86,105,107,116,118,132,134" machi="134" ten="25,9600,0" yaku="22,2,52,2" doraHai="80" who="2" fromWho="3" sc="189,0,235,0,368,102,208,-102" /><INIT seed="2,3,0,4,3,10" ten="189,235,470,106" oya="2" hai0="104,84,114,105,90,118,94,85,125,22,123,117,120" hai1="83,121,47,70,93,78,5,65,50,79,71,24,31" hai2="80,53,103,21,45,8,61,99,119,29,37,116,107" hai3="39,92,60,108,13,23,100,0,77,75,132,48,133"/><V130/><F130/><W74/><G0/><T128/><D22/><U59/><E121/><N who="0" m="46665" /><D114/><U32/><E5/><V54/><F80/><W2/><G2/><T82/><D128/><U14/><E14/><V28/><F8/><W81/><G39/><T15/><D125/><U30/><E30/><V112/><F112/><W56/><G48/><T43/><D15/><U89/><E59/><V40/><F29/><W109/><G75/><T87/><D43/><U4/><E4/><V102/><F102/><W9/><G23/><T1/><D1/><U7/><E7/><V86/><F86/><N who="0" m="33386" /><D82/><U35/><E35/><V62/><F62/><W26/><G26/><T12/><D12/><U122/><E122/><V76/><F76/><W66/><G92/><T111/><D111/><U131/><E131/><V96/><F96/><W11/><G100/><T115/><D115/><U69/><E65/><V6/><F6/><W97/><G97/><T88/><D90/><U124/><E124/><V106/><F106/><AGARI ba="3,0" hai="87,88,94,104,105,106,117,118" m="33386,46665" machi="106" ten="40,5200,0" yaku="34,2,54,1" doraHai="10" who="0" fromWho="2" sc="189,61,235,0,470,-61,106,0" /><INIT seed="3,0,0,2,1,19" ten="250,235,409,106" oya="3" hai0="14,78,125,20,34,8,44,22,27,63,31,93,90" hai1="106,109,89,72,120,88,12,46,28,80,64,6,5" hai2="127,62,38,100,52,79,4,49,65,25,70,68,18" hai3="40,3,87,43,17,94,84,24,124,56,21,76,73"/><W48/><G124/><T108/><D108/><U67/><E109/><V116/><F38/><W83/><G3/><T35/><D125/><U54/><E120/><V134/><F127/><W37/><G37/><T105/><D105/><U47/><E106/><V85/><F116/><W7/><G7/><N who="1" m="2570" /><E72/><V16/><F70/><W128/><G128/><T99/><D34/><U29/><E12/><V132/><F100/><W23/><G73/><T122/><D122/><U74/><E74/><V57/><F4/><W36/><G36/><T95/><D78/><U107/><E107/><V55/><F55/><W39/><G39/><T98/><D44/><N who="1" m="16939" /><E54/><V102/><F102/><W82/><G94/><T111/><D111/><U33/><E33/><V135/><F25/><W123/><G123/><T11/><D63/><U86/><E89/><V71/><F71/><W101/><G101/><N who="0" m="60623" /><D35/><U51/><E51/><V30/><F30/><AGARI ba="0,0" hai="28,29,30,64,67,80,86,88" m="16939,2570" machi="30" ten="30,2000,0" yaku="8,1,54,1" doraHai="19" who="1" fromWho="2" sc="250,0,235,20,409,-20,106,0" owari="250,-15.0,255,5.5,389,48.9,106,-39.4" /></mjloggm>