<mjloggm ver="2.3"><GO type="225" lobby="0"/><UN n0="%E3%81%95%E3%81%8D%E3%81%9F%E3%81%BE%E6%9E%97%E6%AA%8E" n1="%E9%A6%AC%E5%BC%95%E7%81%AB%33" n2="%E3%83%A9%E3%82%B9%E7%8E%87%EF%BC%93%E5%89%B2" n3="%E3%83%96%E3%83%83%E3%83%91%E3%82%AA%E3%83%96%E3%83%81%E3%82%AD%E3%83%B3" dan="16,16,17,17" rate="2107.80,2073.66,2192.77,2185.54" sx="M,M,F,M"/><TAIKYOKU oya="0"/><INIT seed="0,0,0,4,2,68" ten="250,250,250,250" oya="0" hai0="69,104,94,78,89,18,106,47,73,28,123,75,132" hai1="95,70,60,25,58,3,57,127,61,12,51,130,52" hai2="117,121,110,31,30,108,87,93,11,119,32,77,5" hai3="86,46,16,111,4,133,0,56,37,13,14,98,10"/><T82/><D123/><U67/><E127/><V124/><F121/><W33/><G111/><N who="2" m="42537" /><F32/><W6/><G133/><T71/><D75/><U50/><E3/><N who="2" m="447" /><F93/><W114/><G114/><T90/><D132/><U109/><E109/><V49/><F49/><W63/><G33/><T17/><D28/><N who="2" m="10794" /><F87/><W23/><G6/><T72/><D72/><U92/><E130/><V38/><F77/><W80/><G0/><T91/><D94/><U99/><E25/><V40/><F124/><W105/><G105/><T35/><D35/><U134/><E134/><V81/><F81/><W116/><G98/><T107/><REACH who="0" step="1"/><D47/><AGARI ba="0,0" hai="38,40,47,117,119" m="10794,447,42537" machi="47" ten="30,2000,0" yaku="14,1,52,1" doraHai="68" who="2" fromWho="0" sc="250,-20,250,0,250,20,250,0" /><INIT seed="1,0,0,2,0,101" ten="230,250,270,250" oya="1" hai0="115,114,116,44,7,3,69,33,25,89,76,36,59" hai1="63,39,11,108,73,0,18,72,48,41,56,79,99" hai2="65,125,24,107,121,50,67,102,95,98,12,122,27" hai3="10,16,103,129,61,120,71,4,134,6,53,57,13"/><U2/><E39/><V133/><F133/><W64/><G120/><T1/><D116/><U124/><E124/><V70/><F125/><W52/><G134/><T87/><D76/><U45/><E108/><V83/><F83/><W62/><G129/><T42/><D69/><U28/><E28/><V78/><F78/><W23/><G103/><T90/><D59/><U97/><E97/><V40/><F67/><W30/><REACH who="3" step="1"/><G53/><REACH who="3" ten="230,250,270,240" step="2"/><T34/><D115/><U49/><E73/><V132/><F132/><W85/><G85/><T68/><D114/><U92/><E72/><V106/><F122/><W130/><G130/><T29/><D87/><U55/><E99/><V104/><F121/><W8/><G8/><T86/><D86/><U119/><E11/><V37/><F98/><W94/><G94/><T15/><D90/><U93/><E55/><V51/><F95/><W135/><G135/><T118/><D89/><U74/><E93/><V43/><F102/><W80/><G80/><T58/><D118/><U123/><E92/><V66/><F106/><W54/><G54/><T126/><D126/><U128/><E119/><V14/><F70/><W31/><G31/><T112/><D29/><U17/><E74/><V109/><REACH who="2" step="1"/><F37/><REACH who="2" ten="230,250,260,240" step="2"/><W21/><G21/><T32/><D36/><U35/><E123/><V84/><F84/><W88/><G88/><T22/><D68/><U9/><E128/><V75/><F75/><W38/><G38/><T105/><D22/><U91/><E91/><V110/><AGARI ba="0,2" hai="12,14,24,27,40,43,50,51,65,66,104,107,109,110" machi="110" ten="25,16000,3" yaku="1,1,0,1,22,2,52,2,53,2" doraHai="101" doraHaiUra="20" who="2" fromWho="2" sc="230,-40,250,-80,260,180,240,-40" /><INIT seed="2,0,0,1,2,42" ten="190,170,440,200" oya="2" hai0="113,15,89,111,32,24,35,20,40,109,112,44,120" hai1="81,108,31,69,66,105,92,1,74,121,124,73,14" hai2="30,34,93,95,22,131,116,71,96,55,6,97,25" hai3="118,87,62,86,76,135,119,26,90,50,47,45,60"/><V4/><F116/><W98/><G135/><T114/><D89/><U63/><E108/><N who="0" m="41545" /><D120/><U91/><E124/><V18/><F131/><W103/><G103/><T58/><D58/><U77/><E121/><V49/><F71/><W125/><G125/><T123/><D123/><U122/><E122/><V61/><F61/><N who="3" m="23659" /><G119/><T88/><D88/><U64/><E1/><V78/><F78/><W70/><G70/><T110/><D15/><U8/><E64/><V128/><F128/><W132/><G132/><T16/><N who="0" m="41553" /><T72/><DORA hai="46" /><D72/><U56/><E105/><V67/><F67/><W53/><G118/><T38/><AGARI ba="0,0" hai="16,20,24,32,35,38,40,44,112,113,114" m="41553" machi="38" ten="50,6400,0" yaku="14,1,52,1,54,1" doraHai="42,46" who="0" fromWho="0" sc="190,64,170,-16,440,-32,200,-16" /><INIT seed="3,0,0,3,1,10" ten="254,154,408,184" oya="3" hai0="64,107,30,56,94,60,65,90,122,130,11,108,0" hai1="73,27,15,46,93,57,112,129,44,128,126,110,127" hai2="67,32,104,1,21,45,31,74,48,84,49,111,13" hai3="75,39,70,131,50,6,58,115,97,132,42,2,59"/><W9/><G115/><T17/><D122/><U47/><E73/><V78/><F1/><W26/><G131/><N who="1" m="50250" /><E112/><V135/><F104/><W22/><G132/><T95/><D107/><U121/><E121/><V19/><F74/><W61/><G75/><T52/><D130/><U68/><E68/><V116/><F116/><W35/><G39/><T86/><D30/><U38/><E27/><V81/><F111/><W92/><G35/><T82/><D108/><U79/><E79/><V76/><F67/><N who="0" m="25674" /><D0/><U29/><E29/><V33/><F135/><W14/><G70/><T71/><D71/><U89/><E57/><V7/><F7/><W120/><G120/><T62/><D62/><U85/><E110/><V3/><F3/><W69/><G69/><T63/><D63/><U105/><E105/><V28/><F33/><W119/><G119/><T80/><D80/><U87/><E87/><V134/><F134/><W72/><G72/><T124/><D124/><N who="1" m="47659" /><E38/><V118/><F118/><W77/><G77/><T100/><D100/><U101/><E101/><V5/><F32/><W91/><G61/><T123/><D123/><U88/><E89/><V106/><F106/><W20/><G26/><T96/><D96/><U18/><E47/><V102/><F102/><W41/><G58/><T113/><D113/><U98/><E98/><V23/><F78/><W36/><G36/><T83/><D83/><U12/><E12/><AGARI ba="0,0" hai="11,12,17,52,56,60,82,86,90,94,95" m="25674" machi="12" ten="30,3900,0" yaku="8,1,52,1,54,1" doraHai="10" who="0" fromWho="1" sc="254,39,154,-39,408,0,184,0" owari="293,9.3,115,-38.5,408,50.8,184,-21.6" /></mjloggm>