<mjloggm ver="2.3"><GO type="225" lobby="0"/><UN n0="%E3%83%B4%E3%83%A0%EF%BC%99%E3%81%A6" n1="%70%68%65%6E%6F%6D%65" n2="%E3%82%AF%E3%82%A3%E3%82%A6" n3="%E5%91%A8%E6%9D%B1" dan="16,16,16,17" rate="2142.54,2137.58,2059.10,2202.47" sx="M,M,M,M"/><TAIKYOKU oya="0"/><INIT seed="0,0,0,0,0,99" ten="250,250,250,250" oya="0" hai0="12,114,49,120,54,63,109,20,89,74,98,27,123" hai1="92,51,1,62,39,26,122,33,79,18,103,67,42" hai2="133,88,121,43,135,110,82,117,64,71,41,101,105" hai3="61,37,95,29,36,24,68,107,30,78,47,93,2"/><T58/><D114/><U16/><E122/><V108/><F121/><W129/><G2/><T72/><D109/><N who="2" m="42090" /><F117/><W65/><G107/><T15/><D123/><U97/><E39/><V128/><F71/><W75/><G129/><T57/><D120/><U91/><E1/><V126/><F64/><W59/><G30/><T8/><D72/><U132/><E132/><N who="2" m="50763" /><F126/><W80/><G68/><T84/><D74/><U134/><E79/><V7/><F7/><W81/><G37/><T6/><D98/><U48/><E134/><V10/><F10/><W31/><G36/><T73/><D73/><U90/><E33/><V124/><F124/><W85/><G47/><T55/><D8/><U94/><E91/><V102/><F128/><W56/><G59/><T17/><REACH who="0" step="1"/><D6/><REACH who="0" ten="240,250,250,250" step="2"/><U50/><E42/><N who="2" m="15883" /><F105/><W53/><G75/><T70/><D70/><U21/><E18/><V118/><F118/><W25/><G31/><T76/><D76/><U83/><E83/><AGARI ba="0,1" hai="12,15,17,20,27,49,54,55,57,58,63,83,84,89" machi="83" ten="30,5800,0" yaku="1,1,7,1,8,1,53,0" doraHai="99" doraHaiUra="32" who="0" fromWho="1" sc="240,68,250,-58,250,0,250,0" /><INIT seed="0,1,0,5,1,44" ten="308,192,250,250" oya="0" hai0="116,111,60,76,59,115,85,122,97,133,84,38,63" hai1="98,1,9,64,124,65,106,93,0,16,56,110,89" hai2="71,79,128,33,45,100,58,11,39,36,129,7,34" hai3="105,113,72,83,69,134,120,31,41,8,96,43,27"/><T40/><D115/><U17/><E110/><V112/><F58/><W123/><G69/><T62/><D116/><U130/><E124/><V66/><F112/><W118/><G113/><T14/><D122/><N who="3" m="46633" /><G118/><T99/><D133/><U114/><E130/><N who="2" m="50283" /><F100/><N who="3" m="62599" /><G134/><T73/><D111/><U2/><E114/><V82/><F66/><W103/><G103/><T50/><D38/><N who="2" m="14378" /><F45/><W12/><G83/><N who="0" m="47207" /><D73/><U15/><E106/><V5/><F71/><W4/><G72/><T46/><D59/><U22/><REACH who="1" step="1"/><E56/><REACH who="1" ten="308,182,250,250" step="2"/><V108/><F108/><W61/><G61/><T127/><D127/><U117/><E117/><V37/><F37/><W3/><G3/><T125/><D125/><U86/><E86/><N who="2" m="48479" /><F5/><W95/><G95/><T80/><D85/><U78/><E78/><V74/><F74/><W29/><G29/><T28/><D28/><U90/><E90/><V21/><F21/><AGARI ba="1,1" hai="4,8,12,21,27,31,41,43" m="62599,46633" machi="21" ten="30,1000,0" yaku="13,1" doraHai="44" who="3" fromWho="2" sc="308,0,182,0,250,-13,250,23" /><INIT seed="1,0,0,1,1,21" ten="308,182,237,273" oya="1" hai0="131,106,23,76,121,127,87,74,17,39,68,79,49" hai1="105,80,54,33,26,7,104,25,10,18,92,63,95" hai2="46,53,38,130,83,99,47,44,60,114,34,77,108" hai3="6,109,102,8,41,0,35,86,82,59,119,9,56"/><U129/><E129/><V115/><F34/><W13/><G119/><T3/><D39/><U69/><E80/><V30/><F30/><W71/><G71/><T31/><D74/><U97/><E95/><V64/><F108/><W45/><G35/><T24/><D106/><U50/><E69/><V98/><F130/><W110/><G102/><T103/><D131/><U81/><E81/><V89/><F53/><W65/><G65/><T40/><D68/><U75/><E75/><V128/><F128/><W12/><G0/><T57/><D3/><U96/><E96/><V4/><F4/><W36/><G110/><T22/><D103/><U43/><E43/><V51/><F51/><W101/><G101/><T19/><D121/><U93/><E93/><V28/><F28/><W118/><G118/><T15/><D127/><U123/><E63/><V66/><F38/><W52/><G52/><N who="0" m="31887" /><D40/><U112/><E112/><N who="2" m="43051" /><F89/><W100/><G100/><T113/><D113/><U70/><E70/><N who="2" m="42247" /><F66/><W1/><G1/><T94/><D31/><N who="1" m="19695" /><E123/><V111/><F111/><W62/><G109/><T14/><D14/><N who="1" m="5471" /><E54/><V124/><F124/><W132/><G62/><T117/><D117/><U72/><E50/><V2/><F2/><W116/><G116/><T107/><D107/><U20/><E72/><AGARI ba="0,0" hai="44,46,47,72,77,83,98,99" m="42247,43051" machi="72" ten="30,1000,0" yaku="11,1" doraHai="21" who="2" fromWho="1" sc="308,0,182,-10,237,10,273,0" /><INIT seed="2,0,0,2,5,3" ten="308,172,247,273" oya="2" hai0="17,96,11,39,122,69,83,111,70,102,76,87,51" hai1="29,49,5,30,132,1,68,104,22,115,52,23,75" hai2="126,92,15,80,4,99,71,105,128,135,57,58,32" hai3="36,50,100,93,64,8,103,117,28,13,0,86,33"/><V43/><F71/><W82/><G36/><T125/><D39/><U42/><E115/><V123/><F123/><W79/><G117/><T77/><D122/><U38/><E75/><V19/><F32/><W134/><G0/><T91/><D111/><U12/><E104/><V127/><F105/><W66/><G134/><T27/><D125/><N who="2" m="47626" /><F128/><W35/><G28/><N who="1" m="10858" /><E1/><V108/><F135/><W53/><G35/><T2/><D2/><U113/><E38/><V40/><F108/><W81/><G81/><T118/><D118/><U54/><E68/><V133/><F133/><W129/><G33/><T20/><D11/><N who="1" m="4207" /><E113/><V34/><F34/><W25/><G25/><T9/><D69/><U45/><E132/><V7/><F80/><W48/><G48/><T95/><D70/><U41/><E54/><V63/><F43/><AGARI ba="0,0" hai="22,23,41,42,43,45,49,52" m="4207,10858" machi="43" ten="30,3900,0" yaku="8,1,52,1,54,1" doraHai="3" who="1" fromWho="2" sc="308,0,172,39,247,-39,273,0" /><INIT seed="3,0,0,1,0,96" ten="308,211,208,273" oya="3" hai0="32,122,48,135,97,73,43,109,59,65,121,127,13" hai1="54,119,63,66,7,123,24,111,118,110,42,39,90" hai2="113,45,64,12,16,114,125,80,82,29,0,98,4" hai3="8,23,94,78,26,95,117,52,133,3,116,115,46"/><W92/><G115/><T108/><D32/><U79/><E123/><V56/><F125/><W70/><G70/><T91/><D127/><U36/><E79/><V124/><F124/><W100/><G133/><T34/><D135/><U28/><E7/><V2/><F29/><W62/><G78/><T102/><D34/><N who="1" m="20743" /><E90/><V67/><F45/><W25/><G25/><T30/><D73/><U134/><E54/><V77/><F98/><W49/><G62/><N who="0" m="38111" /><D91/><U10/><E10/><V15/><F4/><W83/><G83/><T5/><D30/><U132/><E134/><V120/><F77/><W27/><G27/><T68/><D68/><N who="1" m="42079" /><E132/><V58/><REACH who="2" step="1"/><F16/><REACH who="2" ten="308,211,198,273" step="2"/><N who="3" m="12647" /><G117/><N who="1" m="44554" /><E36/><V57/><F57/><W31/><G31/><T17/><D5/><U86/><E86/><V81/><F81/><W104/><G116/><T130/><D17/><U72/><E72/><V74/><F74/><W44/><G44/><AGARI ba="0,1" hai="39,42,44,110,111" m="44554,42079,20743" machi="44" ten="30,2000,0" yaku="12,1,23,1" doraHai="96" who="1" fromWho="3" sc="308,0,211,30,198,0,273,-20" owari="308,40.8,241,-15.9,198,-30.2,253,5.3" /></mjloggm>