<mjloggm ver="2.3"><GO type="225" lobby="0"/><UN n0="%E3%80%90%E3%83%88%E3%83%AA%E3%83%A5%E3%83%95%E3%80%91" n1="%E6%98%93%E5%88%A9%E8%96%A9%E4%BC%AF" n2="%E3%81%BF%E3%81%BF%E3%81%9A" n3="%E3%83%8F%E3%83%B3%E3%83%89%E3%83%A9%E3%83%BC%E3%83%BB%E3%83%AF%E3%83%B3" dan="16,16,18,17" rate="2094.93,2141.16,2262.78,2174.11" sx="M,F,M,M"/><TAIKYOKU oya="0"/><INIT seed="0,0,0,4,5,4" ten="250,250,250,250" oya="0" hai0="36,113,114,1,52,115,22,109,54,130,124,75,133" hai1="74,94,108,87,121,48,96,42,39,49,51,66,99" hai2="61,89,67,16,29,90,70,47,103,126,27,19,6" hai3="69,72,78,40,100,17,23,30,132,12,5,116,85"/><T135/><D75/><U24/><E74/><V110/><F110/><W3/><G116/><T105/><D105/><U129/><E108/><V127/><F47/><W64/><G132/><N who="0" m="50763" /><D109/><U131/><E121/><V59/><F70/><W107/><G72/><T37/><D22/><U102/><E66/><V111/><F103/><W28/><G40/><T117/><D1/><U98/><E24/><V35/><F111/><W53/><G64/><T9/><D117/><U13/><E87/><V123/><F123/><W50/><G69/><T81/><D81/><U122/><E122/><V10/><F90/><W120/><G120/><T62/><D9/><U38/><E13/><N who="2" m="5335" /><F89/><W97/><G78/><T79/><D79/><U18/><E18/><V83/><F83/><W56/><G3/><T71/><D130/><N who="1" m="49675" /><E42/><V63/><F63/><W104/><G104/><T86/><D86/><U8/><E8/><V33/><F33/><W80/><G5/><T118/><D118/><U43/><E43/><V46/><F46/><W31/><G85/><T125/><D71/><U101/><E94/><V112/><F112/><W65/><G80/><T93/><D93/><U26/><E26/><V76/><F76/><W14/><G14/><T92/><D92/><U95/><E95/><V106/><F106/><W34/><G34/><T91/><D91/><U88/><E88/><V73/><F73/><W82/><G82/><T11/><D11/><U58/><E58/><V21/><F35/><W20/><G20/><T41/><D41/><U119/><E119/><V15/><F15/><W77/><G77/><T128/><D128/><RYUUKYOKU ba="0,0" sc="250,-30,250,10,250,10,250,10" hai1="38,39,48,49,51,96,98,99,101,102" hai2="16,19,21,27,29,59,61,67,126,127" hai3="12,17,23,28,30,31,50,53,56,65,97,100,107" /><INIT seed="1,1,0,2,3,81" ten="220,260,260,260" oya="1" hai0="22,33,57,0,95,107,72,64,36,11,115,80,125" hai1="59,24,132,18,25,42,85,116,92,65,27,30,91" hai2="88,5,113,75,23,101,134,37,76,104,100,77,117" hai3="87,50,66,79,51,123,45,21,55,47,6,130,28"/><U29/><E132/><V110/><F37/><W2/><G123/><T48/><D36/><U19/><E116/><V94/><F5/><W93/><G130/><T44/><D33/><U121/><E121/><V56/><F117/><W97/><G66/><T135/><D107/><U119/><E119/><V39/><F39/><W16/><G28/><T1/><D115/><U26/><E42/><V8/><F8/><W52/><G2/><T54/><D95/><U86/><E86/><N who="2" m="52503" /><F134/><W43/><G6/><T20/><D125/><U61/><REACH who="1" step="1"/><E30/><REACH who="1" ten="220,250,260,260" step="2"/><V38/><F113/><W74/><G43/><T60/><D135/><U127/><E127/><V109/><F75/><W73/><G87/><T70/><D72/><U40/><E40/><V84/><F84/><W114/><G114/><T62/><D80/><U12/><E12/><V106/><F76/><W128/><G79/><T99/><D0/><U58/><E58/><V124/><F77/><W9/><G128/><T82/><D82/><U78/><E78/><V71/><F124/><W14/><G9/><T89/><D11/><U63/><E63/><V34/><F56/><W118/><G118/><T98/><D1/><U120/><E120/><V10/><F10/><W133/><G133/><T32/><D62/><U122/><E122/><V67/><F71/><W102/><AGARI ba="1,1" hai="14,16,21,45,47,50,51,52,55,73,74,93,97,102" machi="102" ten="20,8000,1" yaku="0,1,7,1,9,1,54,2" doraHai="81" who="3" fromWho="3" sc="220,-21,250,-41,260,-21,260,93" /><INIT seed="2,0,0,3,3,61" ten="199,209,239,353" oya="2" hai0="43,122,128,38,94,119,52,124,6,77,41,1,110" hai1="21,131,72,44,134,75,3,85,9,111,49,116,37" hai2="36,88,51,90,22,69,80,12,133,63,10,53,101" hai3="27,39,15,121,125,132,127,20,26,23,29,82,93"/><V48/><F36/><W8/><G121/><T74/><D110/><U113/><E116/><V5/><F133/><W2/><G39/><T11/><D43/><U135/><E113/><V87/><F101/><W104/><G104/><T16/><D122/><U115/><E37/><V81/><F22/><W71/><G71/><T30/><D30/><U35/><E35/><V46/><F69/><W17/><G132/><N who="1" m="50730" /><E115/><V47/><F63/><W33/><G93/><T91/><D119/><U19/><E131/><V65/><F65/><W120/><G120/><T64/><D128/><U102/><E102/><V57/><F51/><W103/><G103/><T0/><D0/><U32/><E32/><V100/><F100/><W62/><G62/><T79/><D64/><U130/><E111/><V56/><F47/><W14/><G82/><N who="0" m="45367" /><D79/><U67/><E67/><V7/><F7/><N who="3" m="3359" /><G2/><T4/><D4/><N who="1" m="1183" /><E85/><AGARI ba="0,0" hai="5,10,12,46,48,53,56,57,80,81,85,87,88,90" machi="85" ten="40,7700,0" yaku="9,1,8,1,54,1" doraHai="61" who="2" fromWho="1" sc="199,0,209,-77,239,77,353,0" /><INIT seed="2,1,0,2,5,21" ten="199,132,316,353" oya="2" hai0="69,2,5,119,34,18,0,112,104,105,32,38,25" hai1="54,37,113,64,88,120,7,33,72,53,78,39,99" hai2="130,129,66,14,57,101,116,31,29,6,97,17,77" hai3="102,60,87,36,63,26,11,59,55,52,117,68,90"/><V42/><F116/><W82/><G117/><T95/><D95/><U50/><E113/><V41/><F6/><W122/><G122/><T121/><D5/><U106/><E120/><V45/><F77/><W62/><G36/><T51/><D51/><U133/><E133/><V43/><F45/><W92/><G68/><T135/><D18/><U71/><E7/><V76/><F76/><W47/><G11/><T46/><D46/><U111/><E111/><V74/><F74/><W61/><G26/><T44/><D25/><U85/><E33/><V30/><F66/><N who="3" m="39199" /><G47/><T10/><D10/><U16/><E71/><V100/><F57/><W123/><G123/><T13/><D13/><U108/><E64/><V115/><F115/><W134/><G134/><T22/><D44/><U81/><E108/><V84/><F84/><W12/><G12/><T128/><D22/><U94/><E16/><V107/><REACH who="2" step="1"/><F101/><REACH who="2" ten="199,132,306,353" step="2"/><W56/><G56/><T15/><D112/><U65/><E65/><V103/><F103/><W48/><G48/><T1/><D69/><U75/><E75/><V93/><F93/><W91/><G102/><T67/><D67/><U27/><E50/><V73/><F73/><W109/><G109/><T9/><D119/><U24/><E39/><V114/><F114/><W79/><G79/><T89/><D135/><U70/><E37/><V80/><F80/><W96/><AGARI ba="1,1" hai="52,55,61,62,63,82,87,90,91,92,96" m="39199" machi="96" ten="30,2000,0" yaku="8,1,54,1" doraHai="21" who="3" fromWho="3" sc="199,-6,132,-6,306,-11,353,33" /><INIT seed="3,0,0,4,0,25" ten="193,126,295,386" oya="3" hai0="56,131,31,128,3,104,37,119,127,125,92,114,73" hai1="0,5,121,33,39,15,46,49,60,58,91,10,62" hai2="2,118,41,123,84,109,20,126,68,67,88,19,35" hai3="28,53,63,99,1,34,32,47,94,102,97,75,48"/><W6/><G75/><T44/><D104/><U54/><E121/><V11/><F118/><W13/><G1/><T4/><D119/><U98/><E0/><V116/><F116/><W81/><G81/><T90/><D73/><U83/><E33/><V51/><F35/><W17/><G6/><T64/><D31/><U61/><E39/><V110/><F123/><W111/><G28/><T66/><D114/><U93/><REACH who="1" step="1"/><E83/><REACH who="1" ten="193,116,295,386" step="2"/><V36/><F36/><W50/><G34/><T45/><D37/><U80/><E80/><V76/><F76/><W132/><G32/><T16/><D3/><U100/><E100/><V71/><F126/><N who="0" m="48138" /><D131/><U115/><E115/><V29/><F2/><W120/><G102/><T70/><D128/><U69/><E69/><V79/><F79/><W96/><G120/><T135/><D70/><U14/><E14/><N who="2" m="7647" /><F67/><W107/><G13/><T117/><D66/><U24/><E24/><N who="2" m="16519" /><F71/><W8/><G107/><T134/><D117/><U78/><E78/><V27/><F68/><W55/><G94/><T43/><D135/><U72/><E72/><V105/><F27/><W23/><G132/><T7/><D134/><U86/><E86/><V38/><F105/><W113/><G113/><T112/><D112/><U57/><AGARI ba="0,1" hai="5,10,15,46,49,54,57,58,60,61,62,91,93,98" machi="57" ten="30,4000,0" yaku="1,1,0,1,8,1,53,0" doraHai="25" doraHaiUra="124" who="1" fromWho="1" sc="193,-10,116,50,295,-10,386,-20" owari="183,-21.7,166,-33.4,285,8.5,366,46.6" /></mjloggm>