<mjloggm ver="2.3"><GO type="225" lobby="0"/><UN n0="%E5%B0%8F%E9%B3%A5%E9%81%8A%E7%B7%B4%E7%84%A1%32%31%E6%AD%B3" n1="%E8%81%B7%E6%A5%AD%E3%80%81%E9%A2%A8%32" n2="%70%68%65%6E%6F%6D%65" n3="%E7%B4%94%E6%BD%94%E3%83%94%E3%83%A9%E3%83%8B%E3%82%A2" dan="17,16,16,17" rate="2210.66,2190.32,2191.41,2231.32" sx="F,M,M,M"/><TAIKYOKU oya="0"/><INIT seed="0,0,0,1,0,74" ten="250,250,250,250" oya="0" hai0="112,8,5,21,131,25,51,31,0,91,17,111,130" hai1="28,100,34,109,134,122,18,133,69,19,115,102,76" hai2="24,20,56,123,127,129,7,49,103,64,2,101,38" hai3="113,32,89,125,84,65,13,82,85,40,132,45,71"/><T87/><D112/><U92/><E122/><V77/><F123/><W68/><G113/><T81/><D51/><U59/><E69/><V119/><F38/><W120/><G32/><T118/><D118/><U3/><E3/><V9/><F119/><W62/><G125/><T99/><D111/><U30/><E109/><V70/><F127/><W6/><G132/><N who="1" m="50794" /><E115/><V135/><F129/><W61/><G84/><T43/><D43/><U41/><E41/><V42/><F70/><W54/><G54/><T124/><D124/><U96/><E76/><V39/><F135/><W46/><G120/><T4/><D4/><U95/><E59/><V29/><F39/><W72/><G72/><T110/><D110/><U80/><E80/><V97/><F77/><W105/><G105/><T16/><REACH who="0" step="1"/><D99/><REACH who="0" ten="240,250,250,250" step="2"/><N who="1" m="59495" /><E34/><V63/><F97/><W55/><G40/><T108/><D108/><U48/><E48/><V67/><F42/><W75/><G6/><T73/><D73/><U35/><E35/><V14/><F49/><W93/><G75/><T121/><D121/><U107/><E107/><V83/><F2/><W86/><G62/><T44/><D44/><U37/><E37/><V79/><F67/><W50/><G45/><T116/><D116/><U52/><E52/><V23/><F64/><W60/><G60/><T15/><D15/><U12/><E12/><V36/><F36/><W33/><G33/><T66/><D66/><U57/><E57/><V26/><F63/><W117/><G117/><T27/><D27/><U98/><E96/><V53/><F56/><N who="3" m="37031" /><G13/><T47/><D47/><U22/><E22/><RYUUKYOKU ba="0,1" sc="240,10,250,10,250,-30,250,10" hai0="0,5,8,16,17,21,25,31,81,87,91,130,131" hai1="18,19,28,30,95,98,102" hai3="46,50,55,68,71,82,85,86,89,93" /><INIT seed="0,1,1,2,4,129" ten="250,260,220,260" oya="0" hai0="2,19,58,8,119,61,57,99,30,112,74,91,121" hai1="72,75,118,22,69,63,47,97,40,42,60,125,25" hai2="55,117,126,23,89,18,83,113,54,73,105,48,90" hai3="17,134,123,26,56,13,104,21,128,102,24,65,9"/><T46/><D119/><U110/><E118/><V0/><F117/><W111/><G128/><T133/><D112/><U20/><E110/><V79/><F113/><W85/><G111/><T98/><D74/><U101/><E125/><V32/><F32/><W81/><G123/><T10/><D30/><U62/><E69/><V115/><F115/><W12/><G134/><T86/><D121/><U33/><E33/><V114/><F114/><W132/><G132/><T131/><D133/><U107/><E42/><V96/><F0/><W87/><G87/><T127/><D127/><U44/><E44/><V68/><F68/><W49/><G102/><T120/><D120/><U108/><E108/><V3/><F3/><W7/><G104/><T38/><D131/><U4/><E4/><V84/><F126/><W6/><G6/><T34/><D34/><U31/><REACH who="1" step="1"/><E22/><REACH who="1" ten="250,250,220,260" step="2"/><V59/><F73/><W41/><G41/><T11/><D46/><U135/><E135/><V29/><F29/><W106/><G106/><T92/><D19/><U77/><E77/><V36/><F36/><AGARI ba="1,2" hai="20,25,31,36,40,47,60,62,63,72,75,97,101,107" machi="36" ten="40,1300,0" yaku="1,1,53,0" doraHai="129" doraHaiUra="52" who="1" fromWho="2" sc="250,0,250,36,220,-16,260,0" /><INIT seed="1,0,0,5,4,84" ten="250,286,204,260" oya="1" hai0="76,75,106,112,116,113,44,88,54,115,20,118,57" hai1="72,32,23,109,61,114,49,131,67,66,90,108,81" hai2="13,77,64,56,15,63,60,4,121,93,133,122,95" hai3="73,103,7,10,39,27,100,52,80,134,17,85,14"/><U123/><E123/><V117/><F77/><W42/><G73/><T91/><D106/><U132/><E114/><V69/><F133/><W47/><G134/><T62/><D44/><U78/><E32/><V2/><F2/><W129/><G129/><T128/><D20/><U124/><E131/><V5/><F56/><W45/><G27/><T3/><D3/><U21/><E124/><V87/><F87/><W130/><G7/><T0/><D0/><U65/><E132/><V22/><F22/><W6/><G6/><T97/><D128/><U38/><E38/><V1/><F1/><W29/><G29/><T96/><D76/><U40/><E61/><V94/><F117/><W9/><G9/><T99/><REACH who="0" step="1"/><D75/><REACH who="0" ten="240,286,204,260" step="2"/><U125/><E125/><V107/><F107/><W135/><G130/><T105/><D105/><U104/><E104/><V83/><F122/><W11/><G11/><T28/><D28/><U19/><E23/><V37/><F121/><W110/><G135/><T82/><D82/><U48/><E72/><V35/><F83/><W102/><G110/><N who="1" m="42602" /><E78/><V24/><F35/><W126/><G126/><T43/><D43/><U18/><E40/><V46/><F46/><W111/><G45/><T8/><D8/><U30/><E30/><V98/><F24/><W34/><G111/><T71/><D71/><U89/><E81/><V16/><F69/><W68/><G68/><T120/><D120/><U119/><E119/><AGARI ba="0,1" hai="54,57,62,88,91,96,97,99,112,113,115,116,118,119" machi="119" ten="50,8000,1" yaku="1,1,52,2,54,1,53,1" doraHai="84" doraHaiUra="55" who="0" fromWho="1" sc="240,90,286,-80,204,0,260,0" /><INIT seed="2,0,0,3,3,1" ten="330,206,204,260" oya="2" hai0="94,40,110,47,30,119,3,126,19,45,83,48,132" hai1="15,6,20,87,67,18,124,0,112,61,122,37,131" hai2="108,25,57,102,84,93,35,29,56,88,51,100,75" hai3="90,34,76,7,27,98,32,121,36,127,135,50,117"/><V23/><F108/><W60/><G117/><T5/><D110/><U82/><E112/><V39/><F39/><W80/><G121/><T92/><D126/><U21/><E124/><V16/><F75/><W58/><G36/><T54/><D30/><U95/><E37/><V97/><F51/><W69/><G135/><T103/><D132/><U118/><E118/><V33/><F102/><W114/><G114/><T2/><D19/><U77/><E122/><V72/><F72/><W13/><G27/><T11/><D2/><U71/><E131/><V116/><F116/><W105/><G69/><T68/><D68/><U53/><E53/><V41/><F41/><W66/><G50/><T104/><D119/><U38/><E38/><V111/><F111/><W55/><G55/><T9/><D9/><U125/><E125/><V62/><F29/><W86/><G127/><T28/><D28/><U79/><E95/><V26/><F26/><W24/><G24/><T91/><D104/><U42/><E42/><V113/><F113/><W4/><G13/><N who="0" m="5359" /><D103/><U109/><E109/><V99/><F99/><W106/><G105/><T96/><D94/><U81/><E21/><V10/><F10/><W70/><G70/><T63/><D3/><U22/><E22/><V43/><F43/><W59/><G59/><N who="2" m="22601" /><F62/><W73/><G98/><T31/><D63/><U123/><E123/><V12/><F25/><W133/><G106/><T74/><D74/><N who="1" m="43191" /><E0/><V64/><F64/><W134/><G133/><T46/><D31/><U52/><E52/><V85/><F100/><W8/><G134/><T101/><D54/><RYUUKYOKU ba="0,0" sc="330,10,206,10,204,10,260,-30" hai0="40,45,46,47,48,83,91,92,96,101" hai1="6,15,18,20,61,67,71,79,82,87" hai2="12,16,23,33,35,84,85,88,93,97" /><INIT seed="2,1,0,1,1,12" ten="340,216,214,230" oya="2" hai0="23,59,97,17,53,56,2,16,112,119,101,110,76" hai1="122,64,99,106,5,105,35,36,123,80,67,95,3" hai2="26,132,127,62,51,31,96,66,98,78,90,25,131" hai3="20,34,11,22,37,93,134,48,38,49,57,133,63"/><V15/><F127/><W61/><G11/><T81/><D112/><U58/><E35/><V39/><F39/><N who="3" m="14859" /><G93/><N who="0" m="58543" /><D2/><U18/><E36/><V135/><F131/><W125/><G34/><T42/><D110/><U111/><E111/><V30/><F78/><W83/><G83/><T77/><D119/><U88/><E80/><V73/><F73/><W126/><G20/><T28/><D42/><U84/><E5/><V13/><F51/><N who="3" m="19531" /><G22/><T116/><D116/><U89/><E3/><V8/><F90/><W100/><G100/><T50/><D59/><U1/><E1/><V71/><F96/><W6/><G6/><T130/><D130/><U55/><E18/><N who="0" m="7273" /><D81/><N who="1" m="49167" /><E105/><V129/><F129/><W75/><G75/><T92/><D92/><U27/><E106/><V45/><F98/><W117/><G57/><T108/><D108/><U91/><E99/><V107/><F107/><W69/><G69/><T102/><D102/><U70/><E95/><V74/><F74/><W87/><G87/><T103/><D103/><U21/><E70/><V19/><F15/><W128/><G128/><T33/><D33/><U124/><E124/><N who="3" m="47722" /><G117/><T114/><D114/><U115/><E115/><V72/><F72/><W109/><G109/><T113/><D113/><U44/><E58/><V41/><F41/><W120/><G120/><T68/><D68/><U65/><E123/><V29/><F45/><W52/><G52/><T54/><D53/><U10/><E122/><V82/><F82/><W7/><G7/><T32/><D32/><U85/><E55/><V4/><F4/><W43/><G43/><T40/><D40/><RYUUKYOKU ba="1,0" sc="340,10,216,-30,214,10,230,10" hai0="23,28,50,54,56,76,77" hai2="8,13,19,25,26,29,30,31,62,66,71,132,135" hai3="61,63,133,134" /><INIT seed="2,2,0,2,0,48" ten="350,186,224,240" oya="2" hai0="102,121,89,123,97,59,135,130,109,50,128,115,25" hai1="66,52,80,30,29,47,101,111,114,133,0,14,37" hai2="67,9,69,32,28,43,117,15,31,120,107,35,62" hai3="55,36,110,118,16,26,81,127,46,129,42,45,94"/><V13/><F117/><W54/><G118/><T71/><D71/><U12/><E114/><V87/><F120/><W131/><G110/><T92/><D115/><U88/><E111/><V51/><F107/><W93/><G127/><T132/><D109/><U49/><E0/><V95/><F32/><W3/><G3/><T1/><D1/><U104/><E37/><V34/><F34/><W103/><G81/><T17/><D17/><U116/><E116/><V58/><F35/><W6/><G6/><T73/><D25/><U77/><E133/><N who="0" m="51273" /><D73/><U23/><E66/><V20/><F20/><N who="3" m="13575" /><G45/><T65/><D65/><U39/><E39/><V33/><F33/><W134/><G134/><T122/><D102/><U78/><E104/><V106/><F106/><W82/><G82/><T84/><D84/><N who="1" m="50183" /><E101/><V90/><F15/><N who="1" m="5673" /><E30/><V126/><F126/><W53/><G103/><T4/><D4/><U21/><E29/><V24/><F24/><W10/><G10/><T112/><D112/><U86/><E86/><V5/><F69/><W63/><G63/><T100/><D100/><U124/><E124/><V75/><F75/><W125/><G125/><T85/><D85/><U19/><E23/><V61/><F62/><W119/><G119/><T27/><D27/><AGARI ba="2,0" hai="19,21,27,47,49,52,77,78" m="5673,50183" machi="27" ten="30,7700,0" yaku="8,1,52,1,54,2" doraHai="48" who="1" fromWho="0" sc="350,-83,186,83,224,0,240,0" /><INIT seed="3,0,0,0,5,61" ten="267,269,224,240" oya="3" hai0="24,75,68,35,16,126,122,12,119,78,77,98,7" hai1="18,6,71,72,11,97,44,27,115,54,93,50,30" hai2="117,32,20,8,62,127,15,99,80,3,104,116,120" hai3="107,85,135,86,67,130,5,2,96,41,19,73,79"/><W89/><G130/><T59/><D68/><U108/><E108/><V88/><F32/><W51/><G135/><T28/><D119/><U129/><E115/><V4/><F127/><W121/><G121/><T101/><D122/><U102/><E72/><V114/><F114/><W31/><G31/><T113/><D126/><U70/><E129/><V46/><F120/><W110/><G2/><T106/><D113/><U55/><E18/><V48/><F62/><W22/><G5/><T132/><D132/><U34/><REACH who="1" step="1"/><E54/><REACH who="1" ten="267,259,224,240" step="2"/><V56/><F116/><W39/><G110/><T66/><D75/><U65/><E65/><V57/><F117/><W95/><G67/><T60/><D7/><U131/><E131/><V76/><F104/><W38/><G107/><T1/><D1/><AGARI ba="0,1" hai="1,6,11,27,30,34,44,50,55,70,71,93,97,102" machi="1" ten="30,3900,0" yaku="1,1,7,1,53,1" doraHai="61" doraHaiUra="92" who="1" fromWho="0" sc="267,-39,259,49,224,0,240,0" owari="228,-17.2,308,40.8,224,-27.6,240,4.0" /></mjloggm>