<mjloggm ver="2.3"><GO type="225" lobby="0"/><UN n0="%E3%83%B4%E3%83%A0%EF%BC%99%E3%81%A6" n1="%E9%A6%AC%E5%BC%95%E7%81%AB%33" n2="%E6%A0%B9%E5%85%83%E3%81%8B%E3%82%89%E5%90%B9%E3%81%A3%E9%A3%9B%E3%81%B6" n3="%72%65%6E%6B%75%6E" dan="17,16,16,17" rate="2159.13,2086.93,2175.92,2198.32" sx="M,M,F,M"/><TAIKYOKU oya="0"/><INIT seed="0,0,0,2,1,87" ten="250,250,250,250" oya="0" hai0="22,6,48,44,111,89,54,78,113,23,60,123,81" hai1="117,42,88,126,129,79,19,96,20,86,95,29,51" hai2="130,132,115,35,36,18,24,40,25,32,62,49,12" hai3="26,73,64,30,90,55,84,120,57,109,11,131,52"/><T28/><D113/><U31/><E117/><V92/><F36/><W105/><G105/><T103/><D123/><U13/><E126/><V2/><F2/><W77/><G120/><T43/><D103/><U128/><E79/><V121/><F130/><N who="1" m="50281" /><E96/><V17/><F132/><W83/><G131/><T85/><D111/><U71/><E71/><V75/><F75/><W7/><G109/><T3/><D28/><U70/><E70/><V9/><F115/><W101/><G101/><T58/><REACH who="0" step="1"/><D78/><REACH who="0" ten="240,250,250,250" step="2"/><U1/><E1/><V134/><F121/><W69/><G69/><T100/><D100/><U59/><E59/><V76/><F76/><W80/><G57/><T106/><D106/><U82/><E82/><V135/><F135/><W125/><G125/><T119/><D119/><U99/><E99/><V46/><F134/><W16/><G80/><T8/><AGARI ba="0,1" hai="3,6,8,22,23,43,44,48,54,58,60,81,85,89" machi="8" ten="30,11700,0" yaku="1,1,0,1,52,1,53,1" doraHai="87" doraHaiUra="39" who="0" fromWho="0" sc="240,127,250,-39,250,-39,250,-39" /><INIT seed="0,1,0,0,1,93" ten="367,211,211,211" oya="0" hai0="70,66,2,106,33,78,92,77,11,50,16,97,103" hai1="64,69,29,28,67,5,44,80,88,107,32,124,87" hai2="85,51,46,122,131,79,65,13,48,125,98,108,73" hai3="135,74,130,52,9,118,10,109,23,105,27,113,45"/><T18/><D33/><U62/><E124/><V38/><F122/><W21/><G74/><T71/><D71/><U20/><E107/><V6/><F125/><W102/><G113/><T17/><D106/><U104/><E104/><V100/><F73/><W57/><G118/><T61/><REACH who="0" step="1"/><D50/><REACH who="0" ten="357,211,211,211" step="2"/><U26/><E32/><V25/><F51/><W3/><G105/><T68/><D68/><U133/><E133/><V123/><F48/><W94/><G130/><T110/><D110/><U127/><E127/><V0/><F108/><W42/><G109/><T39/><D39/><U82/><E69/><V126/><F131/><W96/><G135/><T75/><D75/><U19/><E62/><V120/><F38/><W99/><G42/><T4/><AGARI ba="1,1" hai="2,4,11,16,17,18,61,66,70,77,78,92,97,103" machi="4" ten="30,11700,0" yaku="1,1,0,1,52,1,54,1,53,0" doraHai="93" doraHaiUra="114" who="0" fromWho="0" sc="357,130,211,-40,211,-40,211,-40" /><INIT seed="0,2,0,4,2,11" ten="487,171,171,171" oya="0" hai0="111,3,56,100,1,92,31,14,41,46,29,61,128" hai1="106,39,27,18,47,93,43,89,32,34,94,121,123" hai2="58,65,135,63,125,124,86,70,79,102,7,81,0" hai3="42,21,113,69,103,20,10,127,6,74,12,5,76"/><T45/><D128/><U15/><E106/><V90/><F135/><W118/><G69/><T36/><D45/><U54/><E54/><V101/><F7/><W66/><G66/><T104/><D104/><U64/><E64/><V71/><F0/><W67/><G67/><T85/><D1/><U50/><E39/><V97/><F102/><W96/><G113/><T130/><D3/><U82/><E82/><V13/><F79/><W75/><G118/><T55/><D130/><U26/><E94/><V116/><F116/><W72/><G76/><T105/><D105/><U52/><E43/><V99/><F99/><W80/><G80/><T57/><D57/><U23/><E32/><V112/><F112/><W131/><G131/><T73/><D73/><U87/><REACH who="1" step="1"/><E34/><REACH who="1" ten="487,161,171,171" step="2"/><V33/><F33/><W108/><G42/><T132/><D41/><U62/><E62/><V24/><F71/><W8/><G108/><T30/><D61/><U16/><E16/><V49/><F70/><W88/><G103/><T4/><D100/><U2/><E2/><V68/><F68/><W83/><G127/><T114/><D92/><U48/><E48/><V84/><F49/><W44/><G96/><T122/><D36/><U53/><E53/><V28/><F125/><W51/><G51/><T126/><D55/><U107/><E107/><N who="2" m="63919" /><F124/><W9/><G44/><T78/><D46/><U60/><E60/><V119/><F119/><W17/><REACH who="3" step="1"/><G20/><REACH who="3" ten="487,161,171,161" step="2"/><T59/><D126/><U115/><E115/><V40/><F40/><W110/><G110/><T120/><D114/><U134/><E134/><V117/><F117/><RYUUKYOKU ba="2,2" sc="487,-15,161,15,171,-15,161,15" hai1="15,18,23,26,27,47,50,52,87,89,93,121,123" hai3="5,6,8,9,10,12,17,21,72,74,75,83,88" /><INIT seed="1,3,2,0,5,67" ten="472,176,156,176" oya="1" hai0="14,51,52,32,22,118,66,110,124,94,119,78,24" hai1="55,64,53,39,60,62,16,48,11,113,36,131,7" hai2="74,99,80,120,30,44,63,68,59,130,108,81,21" hai3="71,89,85,47,91,2,115,19,134,129,31,4,13"/><U40/><E113/><V45/><F120/><W93/><G115/><T35/><D66/><U76/><E131/><V133/><F68/><W114/><G129/><T3/><D3/><U107/><E107/><V49/><F130/><W122/><G122/><T87/><D110/><U90/><E76/><V83/><F74/><W109/><G114/><T12/><D32/><U77/><E77/><V132/><F108/><W58/><G109/><T121/><D121/><U43/><E90/><V75/><F75/><W6/><G134/><N who="2" m="51817" /><F99/><W126/><G71/><T135/><D135/><U1/><E40/><N who="2" m="24711" /><F45/><W84/><G2/><T61/><D61/><U26/><E43/><V18/><F30/><W34/><G126/><T100/><D35/><U111/><E62/><V98/><F98/><W37/><G37/><T82/><D124/><U50/><E50/><V5/><F5/><W29/><G47/><N who="0" m="27775" /><D119/><U38/><E48/><V65/><F81/><N who="3" m="49295" /><G58/><T79/><D79/><U86/><E86/><V15/><AGARI ba="3,2" hai="15,18,21,59,63,65,80,83" m="24711,51817" machi="15" ten="30,1100,0" yaku="20,1" doraHai="67" who="2" fromWho="2" sc="472,-6,176,-8,156,40,176,-6" /><INIT seed="2,0,0,1,0,70" ten="466,168,196,170" oya="2" hai0="100,16,90,97,56,52,41,102,119,116,65,88,33" hai1="1,15,74,6,128,121,60,133,59,26,86,48,46" hai2="122,71,34,72,21,29,81,78,87,38,115,125,66" hai3="23,132,131,95,127,10,129,79,93,51,120,124,0"/><V58/><F115/><W53/><G79/><T99/><D33/><U47/><E74/><V109/><F122/><W9/><G120/><T82/><D41/><U43/><E121/><V135/><F34/><W89/><G23/><T5/><D65/><U73/><E73/><V94/><F38/><W69/><G69/><T49/><D5/><U130/><E133/><V110/><F71/><W107/><G107/><N who="0" m="63887" /><D16/><U84/><E1/><V42/><F125/><N who="3" m="48203" /><G132/><T28/><D82/><U12/><E46/><V20/><F42/><W111/><G111/><T44/><D44/><U114/><E114/><V55/><F29/><W18/><G18/><T91/><D91/><U13/><E6/><V104/><F66/><W76/><G76/><T24/><D24/><U7/><E7/><V14/><F135/><W19/><G19/><T8/><D8/><N who="3" m="3177" /><G0/><T25/><D25/><U32/><E26/><V108/><F14/><W134/><G134/><T126/><D126/><U62/><E32/><V75/><F20/><W35/><G35/><T11/><D11/><U105/><E13/><V31/><F21/><W77/><G77/><T30/><D30/><U63/><E12/><V80/><F31/><W4/><G4/><T40/><D40/><U96/><E15/><V113/><F72/><W98/><G93/><N who="0" m="58735" /><D28/><U83/><E83/><N who="2" m="45535" /><F104/><W17/><G17/><T112/><D112/><U36/><E105/><V68/><F68/><W45/><AGARI ba="0,0" hai="45,51,53,89,95,98,129,131" m="3177,48203" machi="45" ten="30,1100,0" yaku="18,1" doraHai="70" who="3" fromWho="3" sc="466,-3,168,-3,196,-5,170,11" /><INIT seed="3,0,0,0,2,17" ten="463,165,191,181" oya="3" hai0="127,109,83,93,121,32,45,2,68,6,34,60,1" hai1="10,3,129,90,41,79,7,9,62,20,112,23,12" hai2="97,89,5,48,125,132,27,96,28,134,58,131,36" hai3="31,123,108,91,111,135,133,54,44,56,88,16,99"/><W84/><G123/><T66/><D121/><U116/><E112/><V55/><F36/><W70/><G70/><T50/><D109/><N who="3" m="42057" /><G31/><T126/><D93/><U59/><E129/><V26/><F125/><N who="0" m="47626" /><D83/><U100/><E116/><V101/><F131/><W110/><N who="3" m="42065" /><W65/><DORA hai="122" /><G99/><T104/><D104/><U72/><E41/><V130/><F5/><W118/><G118/><T67/><D67/><U24/><E24/><V49/><F28/><W98/><G98/><T117/><D117/><U57/><E100/><V0/><F130/><W51/><G65/><T77/><D77/><U80/><E90/><N who="3" m="34346" /><G84/><T106/><D106/><U119/><E119/><V74/><F97/><W63/><G16/><T38/><D66/><U25/><E25/><V53/><F96/><W71/><G71/><T33/><D68/><U18/><E59/><V21/><F58/><W82/><G82/><T43/><D33/><U37/><E37/><V11/><F101/><W92/><G92/><T95/><D95/><U64/><AGARI ba="0,0" hai="3,7,9,10,12,18,20,23,57,62,64,72,79,80" machi="64" ten="20,5200,0" yaku="0,1,7,1,52,2" doraHai="17,122" who="1" fromWho="1" sc="463,-13,165,52,191,-13,181,-26" owari="450,55.0,217,1.7,178,-22.2,155,-34.5" /></mjloggm>