<mjloggm ver="2.3"><GO type="225" lobby="0"/><UN n0="%E3%83%A9%E3%83%BC%E3%83%A1%E3%83%B3%E4%BA%94%E9%83%8E" n1="%E3%83%96%E3%83%83%E3%83%91%E3%82%AA%E3%83%96%E3%83%81%E3%82%AD%E3%83%B3" n2="%E3%81%BE%E3%81%A8%E3%81%9F" n3="%33%74%72%65%65" dan="16,16,16,17" rate="2133.65,2225.56,2080.94,2211.57" sx="M,M,M,F"/><TAIKYOKU oya="0"/><INIT seed="0,0,0,5,3,97" ten="250,250,250,250" oya="0" hai0="125,133,59,52,1,122,110,41,135,73,74,51,115" hai1="37,88,114,124,101,26,113,89,96,12,118,5,21" hai2="55,90,71,4,25,84,58,29,94,67,60,18,93" hai3="42,19,17,13,62,57,108,48,98,131,77,119,95"/><T27/><D115/><N who="1" m="44043" /><E118/><V80/><F4/><W128/><G119/><T126/><D122/><U56/><E37/><V111/><F18/><W134/><G77/><T106/><D1/><U36/><E36/><V120/><F111/><W92/><G108/><T104/><D110/><U116/><E116/><V11/><F11/><W16/><G13/><T2/><D2/><U85/><E124/><N who="0" m="47721" /><D41/><U45/><E45/><V75/><F75/><N who="0" m="28682" /><D27/><U130/><E130/><V82/><F82/><W49/><G42/><T24/><D24/><U78/><E56/><V69/><F69/><W38/><G38/><T107/><AGARI ba="0,0" hai="51,52,59,104,106,107,133,135" m="28682,47721" machi="107" ten="40,3900,0" yaku="18,1,54,1" doraHai="97" who="0" fromWho="0" sc="250,39,250,-13,250,-13,250,-13" /><INIT seed="0,1,0,1,4,92" ten="289,237,237,237" oya="0" hai0="6,51,67,57,5,41,113,22,131,62,9,85,82" hai1="16,130,11,129,87,15,118,135,73,98,76,115,64" hai2="55,89,77,123,75,88,4,20,56,125,69,107,25" hai3="90,26,61,103,50,128,60,79,65,59,1,2,35"/><T119/><D113/><U122/><E118/><V31/><F123/><W68/><G128/><N who="1" m="49258" /><E122/><V120/><F125/><W101/><G79/><T29/><D119/><U66/><E135/><V105/><F69/><W124/><G124/><T86/><D131/><U84/><E115/><V117/><F120/><W102/><G50/><T132/><D132/><U36/><E36/><V45/><F45/><W43/><G43/><T108/><D108/><U32/><E32/><V42/><F42/><W112/><G112/><T49/><D41/><U104/><E73/><V17/><F4/><N who="0" m="1642" /><D9/><U134/><E134/><V106/><F117/><W18/><G90/><N who="0" m="51511" /><D86/><N who="1" m="32811" /><E76/><V46/><F46/><W48/><G35/><T23/><D23/><U70/><E70/><V100/><F100/><AGARI ba="1,0" hai="11,15,16,64,66,98,100,104" m="32811,49258" machi="100" ten="30,3900,0" yaku="19,1,52,1,54,1" doraHai="92" who="1" fromWho="2" sc="289,0,237,42,237,-42,237,0" /><INIT seed="1,0,0,4,0,34" ten="289,279,195,237" oya="1" hai0="113,134,73,57,0,115,97,102,89,29,98,70,120" hai1="37,101,42,14,76,2,53,116,36,50,110,105,77" hai2="83,3,35,75,87,69,15,135,81,93,52,133,43" hai3="85,131,129,28,65,11,79,31,24,1,56,49,111"/><U9/><E116/><V94/><F69/><W74/><G74/><T22/><D70/><U45/><E110/><V17/><F35/><W23/><G111/><T107/><D73/><U13/><E105/><V26/><F43/><W130/><G28/><T127/><D0/><U88/><E101/><V4/><F26/><W72/><G72/><T124/><D134/><U54/><E37/><V90/><F94/><W58/><G65/><T30/><D120/><U51/><E36/><V10/><F52/><N who="1" m="20073" /><E2/><V122/><F122/><W38/><G49/><T80/><D57/><U47/><E88/><V20/><REACH who="2" step="1"/><F75/><REACH who="2" ten="289,279,185,237" step="2"/><W118/><G118/><T104/><D107/><U121/><E121/><V44/><F44/><W108/><G108/><T100/><D104/><U63/><E47/><V16/><F16/><W64/><G64/><T61/><D30/><U119/><E119/><V125/><F125/><W19/><G19/><T99/><D127/><U123/><E123/><V92/><F92/><W41/><G41/><T39/><D124/><U71/><E71/><V109/><F109/><W68/><G68/><T21/><D29/><U40/><E40/><V66/><F66/><W114/><G31/><T25/><D25/><U117/><E117/><V7/><F7/><N who="3" m="1519" /><G24/><T128/><D115/><U96/><E51/><V91/><F91/><W12/><G114/><T126/><D113/><U5/><E63/><V18/><F18/><N who="3" m="10695" /><G38/><T32/><D39/><U27/><E27/><V82/><AGARI ba="0,1" hai="3,4,10,15,17,20,81,82,83,87,90,93,133,135" machi="82" ten="30,7900,0" yaku="1,1,0,1,52,1,53,1" doraHai="34" doraHaiUra="8" who="2" fromWho="2" sc="289,-20,279,-39,185,89,237,-20" /><INIT seed="2,0,0,1,5,128" ten="269,240,274,217" oya="2" hai0="134,87,110,69,82,46,28,26,67,86,63,89,83" hai1="121,72,106,45,130,1,96,3,119,30,14,49,126" hai2="129,123,8,98,115,113,104,36,133,22,80,91,2" hai3="47,31,43,127,66,102,76,97,132,5,16,81,100"/><V105/><F123/><W41/><G127/><T27/><D110/><U70/><E119/><V73/><F36/><W19/><G5/><T124/><D124/><U59/><E126/><V101/><F22/><W112/><G112/><N who="2" m="43081" /><F8/><W23/><G132/><T68/><D134/><U37/><E130/><V33/><F33/><W135/><G135/><T78/><D69/><U84/><E37/><V9/><F9/><W17/><G66/><T32/><D26/><U35/><E72/><V120/><F2/><W18/><G31/><T114/><D114/><U122/><E84/><N who="2" m="50567" /><F133/><W75/><G97/><T109/><D109/><U94/><E96/><N who="2" m="61479" /><F73/><W6/><G6/><T79/><REACH who="0" step="1"/><D46/><REACH who="0" ten="259,240,274,217" step="2"/><U24/><E45/><V88/><F129/><W40/><REACH who="3" step="1"/><G47/><REACH who="3" ten="259,240,274,207" step="2"/><T125/><D125/><U11/><E122/><V117/><F120/><W53/><G53/><T65/><D65/><U42/><E121/><V92/><F117/><W12/><AGARI ba="0,2" hai="12,16,17,18,19,23,40,41,43,75,76,81,100,102" machi="12" ten="30,4000,0" yaku="1,1,0,1,54,1,53,0" doraHai="128" doraHaiUra="85" who="3" fromWho="3" sc="259,-10,240,-10,274,-20,207,60" /><INIT seed="3,0,0,1,0,60" ten="249,230,254,267" oya="3" hai0="100,13,108,83,2,79,23,94,33,40,29,67,86" hai1="95,68,42,113,122,69,19,125,27,114,41,93,75" hai2="28,44,35,8,103,61,45,36,87,47,98,134,34" hai3="115,92,31,99,110,3,11,128,9,74,84,90,72"/><W81/><G115/><N who="1" m="44042" /><E27/><V48/><F134/><W77/><G128/><T30/><D2/><U65/><E19/><V5/><F36/><W54/><G110/><T14/><D108/><U132/><E75/><V80/><F61/><W0/><G31/><N who="0" m="11787" /><D33/><U118/><E132/><V102/><F28/><W55/><G3/><T71/><D71/><N who="1" m="27211" /><E122/><V119/><F119/><W63/><G0/><T104/><D104/><U70/><E118/><V56/><F34/><W38/><G38/><T25/><D100/><U120/><E120/><V58/><F103/><W20/><G74/><T91/><D79/><U133/><E133/><V109/><F35/><W59/><G72/><T106/><D83/><U57/><E95/><V105/><F109/><W121/><G121/><T127/><D106/><U112/><E93/><V89/><REACH who="2" step="1"/><F48/><REACH who="2" ten="249,230,244,267" step="2"/><W123/><G123/><T53/><D127/><U24/><N who="1" m="44050" /><U96/><DORA hai="88" /><E96/><V4/><F4/><W37/><G99/><T124/><D124/><U6/><E6/><V78/><F78/><W12/><G77/><T129/><D91/><U117/><E125/><V52/><F52/><W66/><G54/><T32/><D53/><U76/><E117/><V10/><F10/><W1/><G11/><T26/><D32/><U21/><E76/><V126/><F126/><W73/><G9/><T131/><D129/><U46/><N who="1" m="27219" /><U18/><DORA hai="39" /><E46/><V107/><F107/><W17/><G90/><T16/><D131/><U97/><E97/><V62/><F62/><W116/><G63/><T130/><D130/><U64/><E64/><V82/><F82/><RYUUKYOKU ba="0,1" sc="249,-15,230,15,244,15,267,-15" hai1="18,21,24,41,42,57,65" hai2="5,8,44,45,47,56,58,80,87,89,98,102,105" /><INIT seed="4,1,1,2,2,24" ten="234,245,259,252" oya="0" hai0="25,117,80,36,113,102,13,133,46,115,76,135,112" hai1="118,61,6,131,81,57,37,29,54,69,91,132,39" hai2="26,10,44,86,22,27,35,2,74,49,128,95,105" hai3="51,108,56,92,94,134,3,12,97,11,70,16,122"/><T34/><D117/><U107/><E118/><V63/><F74/><W15/><G108/><T84/><D102/><U14/><E107/><V90/><F105/><W9/><G70/><T71/><D71/><U66/><E131/><V48/><F128/><W43/><G3/><T79/><D13/><U130/><E130/><V33/><F49/><W21/><G134/><N who="0" m="51211" /><D36/><U104/><E104/><V55/><F27/><W119/><G119/><T18/><D46/><U67/><E132/><V78/><F78/><W30/><G15/><T120/><D120/><U126/><E126/><V60/><F33/><W62/><G122/><T47/><D47/><U123/><E123/><V103/><F103/><W100/><G30/><N who="0" m="19791" /><D18/><U42/><E29/><V82/><F35/><W0/><G0/><T38/><D38/><U109/><E109/><V83/><F2/><W127/><G127/><T53/><D53/><U50/><E42/><V59/><F10/><W68/><G68/><T98/><D98/><U7/><E67/><V101/><F101/><W85/><G9/><T96/><D96/><U88/><E14/><V5/><F5/><W64/><G11/><T114/><N who="0" m="28672" /><DORA hai="40" /><T72/><D76/><U110/><E110/><V125/><F125/><W20/><G20/><T23/><D23/><U28/><E28/><V32/><F32/><W41/><G51/><T99/><D99/><U58/><E69/><V121/><F121/><W4/><G4/><N who="1" m="1578" /><E91/><AGARI ba="1,1" hai="12,16,21,41,43,56,62,64,85,91,92,94,97,100" machi="91" ten="40,2600,0" yaku="8,1,54,1" doraHai="24,40" who="3" fromWho="1" sc="234,0,245,-29,259,0,252,39" /><INIT seed="5,0,0,5,2,20" ten="234,216,259,291" oya="1" hai0="134,13,72,130,124,43,96,114,133,37,52,38,83" hai1="95,98,55,135,1,14,50,49,68,87,116,48,6" hai2="11,75,86,108,62,27,35,106,121,97,119,56,113" hai3="21,16,46,39,120,36,29,51,12,28,10,5,2"/><U33/><E116/><V23/><F75/><W26/><G120/><T9/><D114/><U70/><E1/><V60/><F119/><W105/><G105/><T73/><D124/><U76/><E33/><V32/><F108/><W104/><G104/><T131/><D96/><U4/><E135/><N who="0" m="51721" /><D52/><U24/><E70/><V82/><F62/><W19/><G28/><T65/><D65/><U129/><E129/><N who="0" m="49161" /><D43/><U3/><E3/><V66/><F113/><W102/><G102/><T71/><D71/><U93/><E68/><V128/><F128/><W47/><G47/><T53/><D53/><U63/><E24/><V25/><F97/><W100/><G100/><T42/><D42/><U110/><E110/><V125/><F25/><W90/><G46/><T31/><D31/><U77/><E14/><V84/><F125/><W69/><G12/><T7/><D83/><N who="1" m="47591" /><E77/><V54/><F54/><W132/><G132/><T109/><D109/><U41/><E41/><V17/><F66/><W111/><G69/><T61/><D61/><U91/><E95/><V80/><F60/><W64/><G111/><T78/><D78/><U30/><E30/><V123/><F123/><W99/><G64/><T85/><D85/><U15/><E15/><V59/><F86/><W103/><G2/><T58/><D58/><AGARI ba="0,0" hai="4,6,48,49,50,55,58,63,91,93,98" m="47591" machi="58" ten="30,1500,0" yaku="8,1" doraHai="20" who="1" fromWho="0" sc="234,-15,216,15,259,0,291,0" /><INIT seed="5,1,0,5,1,13" ten="219,231,259,291" oya="1" hai0="12,20,101,98,117,90,67,127,104,82,68,41,62" hai1="128,84,118,77,135,50,79,21,122,105,43,119,132" hai2="46,34,94,63,48,15,109,52,88,23,22,59,8" hai3="18,72,0,7,66,76,73,102,45,106,111,9,100"/><U38/><E38/><V61/><F34/><W6/><G111/><T116/><D127/><U74/><E43/><V85/><F109/><W103/><G106/><T124/><D124/><U126/><E50/><V28/><F28/><W71/><G76/><N who="1" m="29258" /><E126/><V75/><F75/><W114/><G114/><T65/><D41/><U55/><E55/><N who="2" m="34047" /><F63/><W17/><G6/><AGARI ba="1,0" hai="6,8,15,22,23,46,48,52,85,88,94" m="34047" machi="6" ten="30,3900,0" yaku="8,1,54,2" doraHai="13" who="2" fromWho="3" sc="219,0,231,0,259,42,291,-42" owari="219,-28.1,231,-16.9,301,40.1,249,4.9" /></mjloggm>