<mjloggm ver="2.3"><GO type="225" lobby="0"/><UN n0="%E5%91%A8%E6%9D%B1" n1="%E5%A4%8F%E9%88%B4%E9%88%B4%E5%A4%8F" n2="%E6%81%A5%E6%99%92%E3%81%97" n3="%E4%BF%BA%E3%81%A8%E5%A6%96%E5%A4%A2" dan="17,16,17,16" rate="2221.79,2140.07,2199.57,2225.08" sx="M,F,M,F"/><TAIKYOKU oya="0"/><INIT seed="0,0,0,1,4,4" ten="250,250,250,250" oya="0" hai0="80,97,107,61,70,2,18,67,132,117,51,83,72" hai1="73,71,91,122,96,69,85,7,41,36,0,58,134" hai2="44,30,100,50,112,84,118,62,125,90,104,28,60" hai3="110,121,127,14,65,3,53,45,5,81,113,88,13"/><T1/><D117/><U6/><E122/><V22/><F112/><W20/><G113/><T87/><D132/><U79/><E96/><V82/><F118/><W133/><G65/><T95/><D107/><U12/><E12/><V130/><F125/><W108/><G133/><T77/><D51/><U49/><E49/><V76/><F130/><W126/><G121/><T46/><D46/><N who="1" m="23847" /><E58/><V37/><F37/><W64/><G64/><T33/><D33/><U31/><E7/><V92/><F104/><W43/><G53/><T103/><REACH who="0" step="1"/><D18/><REACH who="0" ten="240,250,250,250" step="2"/><U105/><E105/><V35/><F35/><W89/><G126/><T101/><D101/><U86/><E134/><V34/><F100/><W102/><G127/><T32/><D32/><U59/><E31/><V56/><F34/><W128/><G102/><T106/><D106/><U78/><E71/><V47/><F30/><W16/><G128/><T99/><D99/><U63/><E69/><V10/><F28/><W54/><G45/><T24/><D24/><U15/><E59/><V8/><F44/><W74/><G16/><T17/><D17/><U68/><E68/><V131/><F56/><W52/><G5/><T66/><D66/><U94/><E63/><N who="2" m="24107" /><F131/><W135/><G135/><T55/><D55/><U48/><E48/><V119/><F119/><W9/><G52/><T39/><D39/><U93/><E6/><V116/><F116/><W75/><G54/><T23/><D23/><U29/><E29/><V98/><F22/><W42/><G20/><T129/><D129/><U109/><E109/><V124/><F124/><W27/><G108/><RYUUKYOKU ba="0,1" sc="240,15,250,-15,250,15,250,-15" hai0="1,2,61,67,70,72,77,80,83,87,95,97,103" hai2="8,10,47,50,76,82,84,90,92,98" /><INIT seed="0,1,1,3,1,18" ten="255,235,265,235" oya="0" hai0="121,40,49,123,75,108,126,50,37,117,78,41,6" hai1="118,55,54,23,15,90,67,112,83,59,104,60,1" hai2="46,29,103,28,64,101,21,129,58,73,12,76,27" hai3="124,38,63,119,96,11,116,92,88,79,71,85,42"/><T31/><D117/><U109/><E118/><V39/><F129/><W131/><G131/><T61/><D31/><U51/><E109/><V114/><F114/><W95/><G124/><T69/><D6/><U9/><E112/><V2/><F2/><W0/><G42/><N who="0" m="16491" /><D78/><U47/><E104/><V30/><F39/><W128/><G38/><T98/><D98/><U94/><E83/><V56/><F46/><W72/><G128/><T22/><D22/><U34/><E1/><V35/><F12/><W97/><G72/><T5/><D5/><U19/><E9/><V68/><F68/><W130/><G0/><T52/><D75/><U14/><E34/><V8/><F8/><W17/><G11/><T133/><D37/><U74/><E74/><V132/><F76/><W115/><G17/><T102/><D102/><U45/><E14/><V89/><F73/><W100/><G115/><T105/><D105/><U33/><E33/><V82/><F101/><W81/><G130/><T66/><D126/><U120/><E120/><N who="0" m="46153" /><D108/><U3/><E3/><V44/><F103/><W24/><G24/><T122/><N who="0" m="46161" /><T91/><DORA hai="113" /><D91/><U70/><REACH who="1" step="1"/><E55/><REACH who="1" ten="255,225,265,235" step="2"/><V77/><F35/><W80/><REACH who="3" step="1"/><G81/><REACH who="3" ten="255,225,265,225" step="2"/><T36/><D36/><U111/><E111/><V62/><F82/><W4/><G4/><T107/><D107/><U48/><E48/><V93/><F27/><W106/><G106/><T110/><D110/><U84/><AGARI ba="1,3" hai="15,19,23,45,47,51,54,59,60,67,70,84,90,94" machi="84" ten="20,16000,3" yaku="1,1,0,1,7,1,25,2,52,1,53,2" doraHai="18,113" doraHaiUra="57,53" who="1" fromWho="1" sc="255,-81,225,193,265,-41,225,-41" /><INIT seed="1,0,0,3,3,92" ten="174,418,224,184" oya="1" hai0="102,31,89,56,95,9,134,41,63,90,6,110,109" hai1="47,97,8,53,26,24,121,40,118,88,36,21,114" hai2="86,105,37,125,66,104,65,96,124,15,91,75,82" hai3="62,55,64,59,52,122,128,43,42,116,127,25,131"/><U77/><E121/><V119/><F37/><W84/><G122/><T107/><D134/><U60/><E118/><V19/><F119/><W112/><G116/><T135/><D135/><U54/><E77/><V18/><F75/><W70/><G84/><T61/><D31/><U69/><E8/><V27/><F27/><W113/><G25/><T129/><D41/><N who="3" m="15369" /><G127/><N who="2" m="48713" /><F19/><W49/><G55/><T57/><D107/><N who="2" m="41034" /><F96/><W3/><G3/><T111/><D129/><AGARI ba="0,0" hai="49,52,59,62,64,70,112,113,128,129,131" m="15369" machi="129" ten="30,7700,0" yaku="19,1,34,2,54,1" doraHai="92" who="3" fromWho="0" sc="174,-77,418,0,224,0,184,77" /><INIT seed="2,0,0,4,2,42" ten="97,418,224,261" oya="2" hai0="40,24,130,52,22,13,11,74,115,39,50,134,76" hai1="2,57,128,125,116,113,60,37,27,65,46,14,108" hai2="33,44,20,66,58,112,135,68,85,106,92,17,64" hai3="18,96,32,117,132,45,71,6,38,1,98,31,54"/><V114/><F33/><W0/><G117/><T105/><D130/><U75/><E116/><V122/><F122/><W35/><G71/><T62/><D134/><U111/><E113/><V19/><F106/><W89/><G132/><T47/><D115/><U55/><E128/><V23/><F135/><W94/><G31/><T16/><D105/><U118/><E118/><V73/><F73/><W4/><G0/><T80/><D62/><U70/><E125/><V48/><F68/><W126/><G126/><T90/><D90/><U124/><E124/><V133/><F133/><W110/><G110/><T127/><D127/><U99/><E2/><V91/><F112/><W34/><G18/><N who="2" m="6665" /><F114/><W123/><G123/><T72/><D72/><U26/><E75/><V36/><F36/><W43/><G1/><T87/><D74/><U109/><E14/><V25/><F58/><W77/><G77/><T21/><D24/><N who="1" m="9259" /><E99/><V69/><F69/><W79/><G79/><T63/><REACH who="0" step="1"/><D63/><REACH who="0" ten="87,418,224,261" step="2"/><U9/><E108/><V78/><F78/><W56/><REACH who="3" step="1"/><G98/><REACH who="3" ten="87,418,224,251" step="2"/><T3/><D3/><U86/><E111/><V61/><F25/><W28/><G28/><T49/><D49/><AGARI ba="0,2" hai="4,6,32,34,35,38,43,45,49,54,56,89,94,96" machi="49" ten="40,2600,0" yaku="1,1,52,1,53,0" doraHai="42" doraHaiUra="15" who="3" fromWho="0" sc="87,-26,418,0,224,0,251,46" /><INIT seed="3,0,0,1,4,132" ten="61,418,224,297" oya="3" hai0="88,19,71,131,53,11,35,31,49,56,129,97,61" hai1="12,104,128,2,46,0,45,89,54,63,23,76,78" hai2="10,29,27,114,86,41,70,65,48,21,8,62,91" hai3="17,57,101,115,107,124,103,50,34,122,80,93,68"/><W73/><G115/><T127/><D35/><U118/><E104/><V81/><F114/><W90/><G122/><T106/><D31/><U74/><E128/><V134/><F134/><W26/><G68/><T133/><D133/><U87/><E118/><V96/><F41/><W120/><G120/><T30/><D30/><U117/><E117/><V38/><F38/><W47/><G57/><T20/><D11/><U52/><E0/><V43/><F43/><W28/><G107/><T7/><D7/><U24/><E2/><V130/><F130/><W121/><G121/><T14/><D106/><U83/><E12/><V15/><F15/><W55/><G17/><T116/><D116/><U1/><E1/><V22/><F48/><W67/><G67/><T94/><D127/><U72/><E72/><V60/><F60/><W42/><G55/><N who="1" m="21034" /><E63/><V85/><F22/><W125/><G80/><T95/><D71/><U5/><E5/><V3/><F3/><W66/><G73/><T6/><D6/><U123/><E74/><V75/><F75/><W82/><G82/><T110/><D110/><U9/><E9/><V100/><F86/><W77/><G77/><N who="1" m="29802" /><E123/><V102/><F102/><W13/><G13/><T126/><D126/><N who="3" m="48745" /><G66/><T69/><D69/><U113/><E113/><V33/><F21/><W92/><G92/><T79/><D79/><U37/><E37/><V119/><F119/><W40/><G40/><T99/><D61/><U84/><E84/><AGARI ba="0,0" hai="26,28,34,42,47,50,84,90,93,101,103" m="48745" machi="84" ten="30,11600,0" yaku="18,1,52,3" doraHai="132" who="3" fromWho="1" sc="61,0,418,-116,224,0,297,116" owari="61,-43.9,302,10.2,224,-17.6,413,51.3" /></mjloggm>