<mjloggm ver="2.3"><GO type="225" lobby="0"/><UN n0="%E3%81%BF%E3%81%BF%E3%81%9A" n1="%E3%83%B4%E3%83%A0%EF%BC%99%E3%81%A6" n2="%E3%81%8B%E3%82%8F%E3%81%A1%E3%82%83%E3%82%93%35%38" n3="%E3%81%A0%E3%81%8A" dan="17,16,16,17" rate="2166.40,2148.10,2125.04,2076.59" sx="M,M,M,M"/><TAIKYOKU oya="0"/><INIT seed="0,0,0,5,1,71" ten="250,250,250,250" oya="0" hai0="70,43,29,89,84,106,5,9,82,50,55,86,20" hai1="68,107,11,133,116,129,54,42,135,10,110,118,48" hai2="102,13,124,1,44,16,126,17,35,78,58,56,22" hai3="79,63,24,53,15,41,98,33,123,34,74,115,61"/><T59/><D106/><U131/><E107/><V93/><F35/><W127/><G115/><T38/><D70/><U97/><E97/><N who="2" m="59695" /><F1/><W77/><G127/><N who="2" m="48681" /><F78/><W87/><G41/><T103/><D103/><U104/><E104/><V37/><F17/><W94/><G74/><T81/><D29/><U46/><E110/><V21/><F21/><W109/><G123/><T8/><D20/><U2/><E2/><V64/><F64/><W125/><G33/><T47/><REACH who="0" step="1"/><D5/><REACH who="0" ten="240,250,250,250" step="2"/><U36/><E68/><V111/><F111/><W95/><G109/><T27/><D27/><U69/><E69/><V101/><F101/><W90/><G24/><T23/><D23/><U40/><E10/><V120/><F120/><W130/><G125/><T25/><D25/><U91/><E11/><V80/><F80/><W85/><G34/><T112/><D112/><U96/><E116/><V39/><F44/><W117/><G117/><T12/><D12/><U30/><E118/><V99/><F99/><W128/><G15/><T4/><D4/><U31/><E31/><V121/><F121/><W7/><G98/><T108/><D108/><U119/><E30/><V0/><F0/><W32/><G7/><T14/><D14/><U92/><E119/><V83/><F83/><W76/><G32/><T113/><D113/><U49/><E96/><V28/><F28/><W19/><G19/><T26/><D26/><U51/><E46/><V105/><F105/><W88/><G130/><T62/><D62/><N who="3" m="23561" /><G128/><T134/><D134/><N who="1" m="51211" /><E129/><V60/><F60/><W66/><G66/><T114/><D114/><U132/><E131/><RYUUKYOKU ba="0,1" sc="240,10,250,-30,250,10,250,10" hai0="8,9,38,43,47,50,55,59,81,82,84,86,89" hai2="13,16,22,37,39,56,58" hai3="53,76,77,79,85,87,88,90,94,95" /><INIT seed="0,1,1,1,5,34" ten="250,220,260,260" oya="0" hai0="120,106,31,13,121,109,53,134,101,56,5,58,135" hai1="73,100,45,77,12,32,29,92,33,130,14,108,72" hai2="76,128,2,88,25,8,98,96,46,3,40,78,63" hai3="133,110,61,17,65,52,104,74,57,21,94,118,131"/><T66/><D31/><U84/><E108/><V124/><F25/><W107/><G118/><T117/><D106/><U132/><E132/><N who="0" m="50729" /><D101/><U125/><E125/><V6/><F124/><W71/><G74/><T105/><D105/><U0/><E130/><V126/><F126/><W82/><G110/><T113/><D109/><U112/><E112/><V55/><F128/><W41/><G41/><T42/><D113/><U103/><E45/><V87/><F2/><W75/><G94/><T69/><D117/><U28/><E92/><V64/><F55/><W83/><G131/><T30/><D30/><U4/><E4/><V62/><F98/><W90/><G82/><T1/><D13/><U24/><E84/><V123/><F96/><W59/><G71/><T26/><D26/><U93/><E93/><V122/><F122/><N who="0" m="47210" /><D42/><U9/><E24/><V43/><F43/><W115/><G115/><T18/><D18/><U22/><E22/><V20/><F20/><W19/><G19/><T35/><D35/><U7/><E29/><V99/><F123/><W95/><G133/><T85/><D53/><U70/><E28/><V54/><F54/><W91/><G104/><T39/><D85/><U48/><E32/><V111/><F111/><W44/><G107/><T86/><D86/><U38/><E72/><V81/><F99/><W60/><G75/><T10/><D39/><U36/><E36/><N who="2" m="21767" /><F64/><W16/><G65/><T89/><D89/><U37/><E37/><V102/><F102/><W68/><G91/><T97/><D97/><U67/><E33/><V50/><F88/><W47/><G90/><RYUUKYOKU ba="1,1" sc="250,30,220,-10,260,-10,260,-10" hai0="1,5,10,56,58,66,69" /><INIT seed="0,2,1,5,3,9" ten="280,210,250,250" oya="0" hai0="119,7,100,43,61,25,6,111,37,85,10,1,46" hai1="55,15,98,29,68,130,131,23,5,92,33,28,49" hai2="40,113,47,122,59,4,114,19,104,120,117,56,69" hai3="73,127,80,48,21,101,57,3,107,105,12,45,78"/><T20/><D119/><U129/><E68/><V116/><F104/><W34/><G34/><T51/><D111/><U26/><E29/><V24/><F69/><W133/><G3/><T109/><D109/><U110/><E110/><V72/><F4/><W126/><G133/><T84/><D7/><U54/><E49/><N who="2" m="26855" /><F19/><N who="3" m="10471" /><G57/><N who="2" m="22089" /><F24/><W13/><G13/><T74/><D61/><U44/><E44/><V95/><F95/><W17/><G17/><T32/><D51/><U75/><E75/><V2/><F72/><W65/><G101/><T81/><D100/><N who="1" m="60487" /><E33/><V70/><F70/><W79/><G79/><N who="0" m="44279" /><D32/><U39/><E39/><V128/><F2/><W62/><G62/><T103/><D103/><U125/><E125/><N who="3" m="47626" /><G65/><T135/><D135/><U22/><E22/><V88/><F88/><W108/><G108/><T123/><D123/><N who="2" m="47146" /><F128/><N who="1" m="32769" /><U11/><AGARI ba="2,1" hai="5,11,15,23,26,28,54,55" m="32769,60487" machi="11" ten="40,5200,0" yaku="4,1,19,1,52,1" doraHai="9" who="1" fromWho="1" sc="280,-28,210,68,250,-15,250,-15" /><INIT seed="1,0,0,5,2,132" ten="252,278,235,235" oya="1" hai0="70,97,96,2,129,14,108,38,57,110,6,10,92" hai1="39,67,133,17,5,88,13,68,49,15,93,115,7" hai2="122,54,21,58,99,78,124,62,11,61,123,94,121" hai3="46,101,113,100,55,111,33,84,131,0,8,24,106"/><U22/><E115/><V134/><F134/><W125/><G113/><T119/><D70/><U105/><E39/><V51/><F78/><W107/><G111/><N who="0" m="42539" /><D119/><U103/><E133/><V19/><F11/><W18/><G131/><T86/><D129/><U117/><E117/><V83/><F83/><W116/><G33/><T64/><D38/><U90/><E105/><V112/><F112/><W28/><G28/><T56/><D2/><U23/><E103/><V91/><REACH who="2" step="1"/><F124/><REACH who="2" ten="252,278,225,235" step="2"/><W118/><G125/><T32/><D10/><U109/><E5/><V114/><F114/><W37/><G8/><T27/><D6/><U69/><E109/><V29/><F29/><W53/><G116/><T43/><D14/><AGARI ba="0,1" hai="14,19,21,51,54,58,61,62,91,94,99,121,122,123" machi="14" ten="40,1300,0" yaku="1,1,53,0" doraHai="132" doraHaiUra="74" who="2" fromWho="0" sc="252,-13,278,0,225,23,235,0" /><INIT seed="2,0,0,0,3,29" ten="239,278,248,235" oya="2" hai0="93,62,95,68,112,83,30,37,13,113,92,134,108" hai1="58,82,86,75,53,32,54,64,50,8,100,33,122" hai2="49,99,117,31,34,109,81,47,23,51,9,102,70" hai3="14,71,46,114,118,132,2,67,61,40,130,73,79"/><V39/><F117/><W12/><G2/><T80/><D37/><U120/><E75/><V106/><F109/><W116/><G130/><T76/><D108/><U43/><E100/><V15/><F70/><W77/><G132/><T90/><D134/><U5/><E54/><V97/><F23/><W56/><G114/><T20/><D90/><N who="1" m="51543" /><E64/><V110/><F110/><W111/><G111/><T129/><D129/><U25/><E25/><V41/><F97/><W38/><G71/><T78/><D62/><U28/><E28/><V44/><F81/><W72/><G72/><T126/><D68/><U21/><E21/><V57/><F57/><W88/><G88/><T124/><D30/><U60/><E60/><V69/><F69/><W85/><G73/><N who="0" m="43023" /><D13/><N who="1" m="5263" /><E43/><V10/><F39/><W74/><G116/><T45/><D20/><U98/><E98/><V87/><F87/><W103/><G85/><N who="0" m="48375" /><D45/><U11/><E11/><V26/><REACH who="2" step="1"/><F15/><REACH who="2" ten="239,278,238,235" step="2"/><W4/><G12/><T105/><D105/><U115/><E115/><AGARI ba="0,1" hai="92,93,95,112,113,115,124,126" m="48375,43023" machi="115" ten="30,2000,0" yaku="34,2" doraHai="29" who="0" fromWho="1" sc="239,30,278,-20,238,0,235,0" /><INIT seed="3,0,0,5,0,61" ten="269,258,238,235" oya="3" hai0="82,79,121,18,56,0,28,135,130,65,3,40,7" hai1="73,97,20,24,104,22,37,34,46,120,118,35,43" hai2="55,29,1,117,31,19,72,101,13,23,26,94,70" hai3="49,95,2,58,128,44,123,78,67,48,77,75,80"/><W45/><G123/><T131/><D121/><U71/><E120/><V59/><F117/><W105/><G105/><T96/><D28/><N who="1" m="19719" /><E73/><V99/><F72/><W32/><G32/><T30/><D30/><U5/><E35/><V51/><F70/><W113/><G2/><T108/><D40/><U116/><E5/><V47/><F1/><W107/><G107/><T90/><D108/><U38/><E38/><V8/><REACH who="2" step="1"/><F47/><REACH who="2" ten="269,258,228,235" step="2"/><W54/><G113/><T14/><D0/><U87/><E71/><V111/><F111/><W25/><G128/><T92/><D3/><U129/><E129/><V125/><F125/><W83/><G25/><T86/><D131/><U60/><E46/><V42/><F42/><W115/><G115/><T15/><D130/><U84/><E43/><V39/><F39/><W33/><G33/><T114/><D114/><U81/><E37/><V6/><AGARI ba="0,1" hai="6,8,13,19,23,26,29,31,51,55,59,94,99,101" machi="6" ten="20,8000,1" yaku="1,1,0,1,7,1,8,1,53,1" doraHai="61" doraHaiUra="10" who="2" fromWho="2" sc="269,-20,258,-20,228,90,235,-40" owari="249,4.9,238,-16.2,318,41.8,195,-30.5" /></mjloggm>