<mjloggm ver="2.3"><GO type="225" lobby="0"/><UN n0="%E8%81%B7%E6%A5%AD%E3%80%81%E9%A2%A8%32" n1="%E3%81%8F%E3%82%8A%E3%83%94%E3%83%BC" n2="%E3%83%96%E3%83%83%E3%83%91%E3%82%AA%E3%83%96%E3%83%81%E3%82%AD%E3%83%B3" n3="%E7%B4%94%E6%BD%94%E3%83%94%E3%83%A9%E3%83%8B%E3%82%A2" dan="16,16,17,16" rate="2164.53,2096.49,2188.06,2149.59" sx="M,M,M,M"/><TAIKYOKU oya="0"/><INIT seed="0,0,0,1,2,24" ten="250,250,250,250" oya="0" hai0="94,56,79,15,16,0,84,49,86,113,54,110,46" hai1="108,107,92,66,83,76,53,59,32,95,72,135,69" hai2="1,31,36,11,112,12,50,123,27,4,98,128,9" hai3="100,102,63,64,82,28,125,78,68,101,3,38,67"/><T134/><D113/><U133/><E107/><V8/><F36/><W129/><G3/><T103/><D0/><U62/><E108/><V10/><F112/><W37/><G125/><T43/><D110/><U6/><E6/><V44/><F123/><W22/><G129/><T29/><D134/><N who="1" m="51211" /><E32/><V13/><F128/><W5/><G5/><T20/><D79/><U81/><E83/><V87/><F87/><W85/><REACH who="3" step="1"/><G64/><REACH who="3" ten="250,250,250,240" step="2"/><T55/><D55/><U96/><E96/><V71/><F71/><W34/><G34/><T130/><D130/><U52/><E53/><V25/><F98/><W70/><G70/><T97/><REACH who="0" step="1"/><D29/><REACH who="0" ten="240,250,250,240" step="2"/><U115/><E115/><V93/><F31/><W118/><G118/><T90/><D90/><U48/><AGARI ba="0,2" hai="48,52,59,62,66,69,72,76,81,92,95" m="51211" machi="48" ten="30,2000,0" yaku="20,1,54,1" doraHai="24" who="1" fromWho="1" sc="240,-10,250,40,250,-5,240,-5" /><INIT seed="1,0,0,2,2,62" ten="230,290,245,235" oya="1" hai0="84,59,127,92,17,46,128,15,96,106,83,65,109" hai1="97,117,8,94,51,47,43,56,48,60,57,64,13" hai2="99,107,78,123,19,1,11,38,104,39,100,131,55" hai3="95,31,45,0,58,73,134,124,36,7,121,90,68"/><U87/><E117/><V102/><F123/><W98/><G68/><T40/><D109/><U116/><E116/><V79/><F131/><W88/><G73/><T91/><D128/><U120/><E120/><V86/><F55/><W81/><G124/><T2/><D2/><U42/><E87/><V112/><F112/><W80/><G134/><T21/><D127/><U105/><E105/><V114/><F114/><W115/><G115/><T9/><D106/><U70/><E51/><V25/><F25/><W61/><G31/><T34/><D34/><U82/><E82/><V67/><F19/><W110/><G110/><T10/><D59/><U22/><E22/><V108/><F108/><W93/><G121/><T113/><D65/><U49/><E49/><V130/><F130/><W14/><G0/><T23/><D10/><U85/><E85/><V44/><F11/><N who="3" m="4479" /><G45/><T5/><D17/><U33/><E33/><V74/><F1/><W101/><G36/><T16/><D5/><U37/><E37/><V3/><F44/><W111/><G111/><T41/><D113/><U26/><E26/><V29/><F3/><W52/><G90/><T71/><D71/><U122/><E122/><V6/><F74/><W35/><G35/><T18/><D46/><U20/><E8/><V28/><F6/><W126/><G126/><T75/><D75/><U132/><E47/><V54/><F39/><W27/><G27/><N who="0" m="14759" /><D9/><U53/><E53/><V135/><F54/><W4/><G4/><T133/><D133/><U125/><E132/><V12/><F38/><W77/><G77/><AGARI ba="0,0" hai="15,18,23,40,41,77,83,84,91,92,96" m="14759" machi="77" ten="30,2000,0" yaku="8,1,54,1" doraHai="62" who="0" fromWho="3" sc="230,20,290,0,245,0,235,-20" /><INIT seed="2,0,0,4,4,69" ten="250,290,245,215" oya="2" hai0="50,110,75,81,112,35,125,97,128,19,22,129,132" hai1="43,48,122,121,108,106,103,86,31,89,90,28,36" hai2="116,134,61,100,74,87,33,15,70,82,117,66,0" hai3="94,11,93,59,127,133,23,124,12,111,21,120,45"/><V102/><F0/><W95/><G120/><N who="1" m="46186" /><E108/><V52/><F134/><W14/><G111/><T67/><D35/><U42/><E36/><V57/><F74/><W104/><G104/><T24/><D112/><U114/><E114/><V72/><F72/><W2/><G59/><T6/><D110/><U30/><E48/><V107/><F33/><W60/><G60/><T16/><D125/><N who="3" m="48201" /><G133/><T8/><D132/><U29/><N who="1" m="7168" /><DORA hai="113" /><U105/><E90/><V62/><F15/><N who="3" m="5675" /><G45/><T79/><D19/><U77/><E77/><V37/><F37/><W3/><G11/><T68/><D50/><U73/><E73/><V41/><F41/><N who="1" m="15369" /><E103/><V98/><REACH who="2" step="1"/><F102/><REACH who="2" ten="250,290,235,215" step="2"/><W5/><G5/><T51/><D75/><U27/><E27/><V83/><F83/><AGARI ba="0,1" hai="83,86,89,105,106" m="15369,7168,46186" machi="83" ten="50,1600,0" yaku="13,1" doraHai="69,113" who="1" fromWho="2" sc="250,0,290,26,235,-16,215,0" /><INIT seed="3,0,0,2,4,74" ten="250,316,219,215" oya="3" hai0="125,83,42,57,28,24,127,77,124,61,3,69,118" hai1="1,99,25,112,96,64,80,47,94,38,82,30,45" hai2="56,66,115,21,76,114,88,53,58,133,109,32,130" hai3="36,59,105,67,37,15,104,19,9,34,49,131,8"/><W33/><G131/><T123/><D3/><U6/><E112/><V51/><F32/><N who="3" m="12395" /><G67/><T70/><D123/><U27/><E94/><V65/><F130/><W55/><G59/><T89/><D89/><U126/><E1/><V87/><F109/><W35/><N who="3" m="12403" /><W41/><DORA hai="107" /><G41/><T98/><D98/><U43/><E6/><V100/><F133/><W31/><G49/><T106/><D106/><N who="3" m="41065" /><G55/><N who="0" m="33983" /><D118/><U63/><E64/><N who="2" m="24683" /><F115/><W26/><G26/><T73/><D42/><U50/><E96/><V60/><F114/><W4/><G31/><T18/><D28/><U91/><E91/><V110/><F110/><W101/><G101/><T40/><D40/><U90/><E43/><V0/><F0/><W75/><G75/><T102/><D102/><U92/><E47/><N who="2" m="27903" /><F100/><W132/><G132/><T122/><D122/><U108/><E45/><V97/><F60/><W134/><G134/><T113/><D113/><U78/><E63/><V117/><F117/><W17/><G4/><T16/><D24/><U52/><E27/><V81/><F21/><W85/><G85/><T93/><D93/><AGARI ba="0,0" hai="56,58,76,81,87,88,93,97" m="27903,24683" machi="93" ten="30,3900,0" yaku="8,1,52,1,54,1" doraHai="74,107" who="2" fromWho="0" sc="250,-39,316,0,219,39,215,0" owari="211,-28.9,316,41.6,258,5.8,215,-18.5" /></mjloggm>