<mjloggm ver="2.3"><GO type="225" lobby="0"/><UN n0="%E6%A1%9C%E8%8A%B1%E9%96%83%E3%80%85" n1="%E7%9A%AE%E3%80%85" n2="%4B%2E%32%2E%4B%2E" n3="%33%74%72%65%65" dan="16,16,17,16" rate="2117.40,2082.34,2178.82,2149.23" sx="M,F,M,F"/><TAIKYOKU oya="0"/><INIT seed="0,0,0,1,0,92" ten="250,250,250,250" oya="0" hai0="106,68,40,31,27,20,52,61,45,59,10,48,87" hai1="41,1,3,63,7,132,56,5,84,134,130,14,98" hai2="90,101,100,67,51,86,15,115,76,102,95,73,108" hai3="127,119,12,121,85,135,30,80,19,77,33,70,122"/><T71/><D106/><U55/><E41/><V49/><F115/><W117/><G70/><T37/><D87/><U24/><E24/><V25/><F108/><W74/><G135/><N who="1" m="51754" /><E84/><V60/><F15/><W29/><G127/><T116/><D116/><U36/><E36/><V123/><F123/><N who="3" m="47115" /><G85/><T11/><REACH who="0" step="1"/><D68/><REACH who="0" ten="240,250,250,250" step="2"/><U114/><E114/><V93/><F93/><W43/><G119/><T65/><AGARI ba="0,1" hai="10,11,20,27,31,37,40,45,48,52,59,61,65,71" machi="65" ten="30,18000,2" yaku="1,1,2,1,0,1,24,2,54,1,53,1" doraHai="92" doraHaiUra="54" who="0" fromWho="0" sc="240,190,250,-60,250,-60,250,-60" /><INIT seed="0,1,0,2,0,94" ten="430,190,190,190" oya="0" hai0="74,121,120,103,72,106,116,87,75,43,23,12,124" hai1="33,104,129,21,52,7,49,89,118,78,19,119,105" hai2="34,132,5,82,32,109,117,64,69,130,112,31,11" hai3="9,128,14,68,115,60,36,81,107,48,62,111,77"/><T73/><D43/><U27/><E129/><V113/><F130/><W108/><G115/><T0/><D0/><U17/><E7/><V91/><F109/><N who="3" m="42059" /><G128/><T4/><D116/><U3/><E3/><V133/><F69/><W57/><G36/><T6/><D6/><U13/><E78/><V16/><F64/><W122/><G107/><T102/><D74/><U98/><E104/><V25/><F34/><W38/><G38/><T84/><D23/><U126/><E126/><V100/><F100/><N who="0" m="38442" /><D12/><U90/><E105/><V110/><F110/><W22/><G22/><T99/><D4/><U37/><E37/><V101/><F101/><W114/><G114/><T134/><D124/><U46/><E33/><V26/><F117/><W93/><G68/><T18/><D18/><U125/><E125/><V10/><F113/><W70/><G70/><T35/><D35/><U44/><E44/><V20/><F112/><W1/><G1/><T39/><D39/><U58/><E46/><V71/><F71/><W95/><G14/><T131/><D131/><U88/><REACH who="1" step="1"/><E98/><REACH who="1" ten="430,180,190,190" step="2"/><V127/><F127/><W55/><G122/><T40/><D99/><U47/><E47/><V15/><REACH who="2" step="1"/><F11/><AGARI ba="1,1" hai="11,13,17,19,21,27,49,52,58,88,89,90,118,119" machi="11" ten="40,5200,0" yaku="1,1,54,2,53,0" doraHai="94" doraHaiUra="92" who="1" fromWho="2" sc="430,0,180,65,190,-55,190,0" /><INIT seed="1,0,0,1,1,114" ten="430,245,135,190" oya="1" hai0="104,121,68,88,67,15,27,34,70,11,42,91,33" hai1="86,96,134,103,38,90,106,95,133,122,51,49,47" hai2="78,55,127,85,17,65,120,3,6,48,44,5,102" hai3="76,89,61,56,119,115,25,77,64,1,30,36,110"/><U46/><E122/><V37/><F120/><W107/><G115/><T72/><D121/><U31/><E31/><V71/><F127/><W80/><G110/><T26/><D72/><U35/><E35/><V74/><F74/><W128/><G128/><T43/><D15/><U118/><E118/><V129/><F129/><W12/><G1/><T16/><D67/><U130/><E130/><V53/><F3/><W112/><G112/><T94/><D94/><U32/><E32/><V7/><F37/><W111/><G111/><T117/><D11/><U24/><E24/><V52/><F17/><W0/><G0/><T18/><D117/><U57/><E57/><V60/><REACH who="2" step="1"/><F102/><REACH who="2" ten="430,245,125,190" step="2"/><W87/><G36/><T50/><D50/><U98/><E38/><V9/><F9/><W81/><G119/><T132/><D132/><U116/><E51/><V10/><F10/><W58/><G61/><T124/><D124/><U22/><E116/><V63/><F63/><W45/><G64/><T28/><D28/><U82/><E49/><V20/><F20/><W75/><G75/><T93/><D18/><U100/><E22/><V125/><F125/><W69/><G30/><T21/><D16/><U92/><E106/><V41/><F41/><W99/><G107/><T23/><D104/><U79/><E90/><V8/><F8/><W101/><G89/><T2/><D2/><U126/><E126/><V59/><F59/><W108/><G56/><T83/><D93/><U131/><E131/><V135/><F135/><AGARI ba="0,1" hai="46,47,79,82,86,92,95,96,98,100,103,133,134,135" machi="135" ten="40,3900,0" yaku="9,1,20,1" doraHai="114" who="1" fromWho="2" sc="430,0,245,49,125,-39,190,0" /><INIT seed="1,1,0,4,0,59" ten="430,294,86,190" oya="1" hai0="133,71,131,106,22,37,3,116,122,68,80,112,114" hai1="70,111,102,2,58,94,66,86,8,57,134,89,13" hai2="87,85,123,125,28,108,126,95,20,121,51,98,41" hai3="32,73,60,128,93,47,64,30,127,44,90,7,104"/><U19/><E2/><V84/><F41/><W36/><G128/><T53/><RYUUKYOKU type="yao9" ba="1,0" sc="430,0,294,0,86,0,190,0" hai0="3,22,37,53,68,71,80,106,112,114,116,122,131,133" /><INIT seed="1,2,0,3,3,59" ten="430,294,86,190" oya="1" hai0="94,51,5,26,45,129,73,100,106,121,25,21,32" hai1="96,108,75,77,46,43,83,134,114,3,53,131,42" hai2="50,130,126,86,2,15,57,118,110,11,67,103,62" hai3="20,49,30,133,38,19,22,61,4,12,74,76,128"/><U122/><E122/><V36/><F126/><W7/><G38/><T44/><D106/><U9/><E114/><V63/><F130/><W66/><G128/><T8/><D129/><U79/><E131/><V64/><F110/><W18/><G30/><T56/><D73/><U116/><E116/><V48/><F118/><W93/><G133/><T31/><D121/><U13/><E134/><V104/><F36/><W17/><G93/><T41/><D45/><U14/><E108/><V115/><F2/><W40/><G76/><T99/><D56/><U68/><E68/><V85/><F115/><W27/><G19/><T107/><D107/><U101/><E79/><V10/><F103/><W120/><G74/><T111/><D111/><U105/><E53/><V52/><F104/><W125/><G125/><T33/><D26/><U112/><E112/><V6/><F11/><W82/><G82/><T72/><D72/><U16/><E43/><V88/><F85/><W92/><G92/><T109/><D109/><U98/><E98/><V23/><F23/><W102/><G102/><T69/><D69/><U1/><REACH who="1" step="1"/><E14/><AGARI ba="2,0" hai="5,8,14,21,25,31,32,33,41,44,51,94,99,100" machi="14" ten="30,1000,0" yaku="7,1" doraHai="59" who="0" fromWho="1" sc="430,16,294,-16,86,0,190,0" /><INIT seed="2,0,0,0,5,5" ten="446,278,86,190" oya="2" hai0="107,61,6,32,75,71,43,64,11,105,133,122,95" hai1="15,81,109,12,38,60,86,52,124,9,54,62,67" hai2="93,128,89,35,56,72,16,129,111,3,125,20,51" hai3="120,17,102,98,49,30,110,99,42,90,115,84,103"/><V36/><F36/><W45/><G120/><T41/><D122/><U80/><E38/><V27/><F72/><W59/><G110/><T66/><D75/><U112/><E112/><V53/><F125/><W113/><G30/><T116/><D32/><U114/><E114/><N who="3" m="43530" /><G17/><T65/><D133/><U55/><E109/><V127/><F111/><W33/><G33/><T119/><D95/><U21/><E124/><V79/><F127/><W126/><G59/><T39/><D65/><U18/><E67/><V25/><F79/><W70/><G70/><T8/><D39/><U57/><E57/><V73/><F73/><W94/><G126/><T13/><D11/><U37/><E37/><V34/><F3/><W104/><G102/><T88/><D66/><U26/><E15/><V29/><REACH who="2" step="1"/><F35/><REACH who="2" ten="446,278,76,190" step="2"/><W31/><G31/><T130/><D71/><U40/><E40/><V50/><F50/><W10/><G49/><T44/><D43/><U96/><E96/><AGARI ba="0,1" hai="16,20,25,27,29,34,51,53,56,89,93,96,128,129" machi="96" ten="40,3900,0" yaku="1,1,54,1,53,0" doraHai="5" doraHaiUra="134" who="2" fromWho="1" sc="446,0,278,-39,76,49,190,0" /><INIT seed="2,1,0,3,5,11" ten="446,239,125,190" oya="2" hai0="26,88,119,98,128,13,118,114,47,15,27,42,52" hai1="18,106,29,37,90,113,58,44,50,36,134,17,97" hai2="104,63,124,38,14,2,121,34,7,22,39,84,72" hai3="117,1,48,83,103,131,135,24,30,116,87,45,64"/><V8/><F121/><W109/><G109/><T31/><D114/><U115/><E29/><V3/><F72/><W53/><G131/><T55/><D128/><U122/><E134/><V108/><F124/><W76/><G135/><T49/><D13/><U85/><E58/><V92/><F104/><W65/><G1/><T112/><D15/><U127/><E127/><V96/><F108/><W5/><G5/><T120/><D112/><U35/><E35/><V21/><F34/><W129/><G129/><T9/><D9/><U70/><E70/><V111/><F111/><W67/><REACH who="3" step="1"/><G103/><REACH who="3" ten="446,239,125,180" step="2"/><T54/><D120/><U66/><E122/><V89/><F3/><W4/><G4/><T102/><D102/><U68/><E115/><V20/><F2/><W12/><G12/><T100/><D100/><U16/><E113/><V69/><REACH who="2" step="1"/><F96/><REACH who="2" ten="446,239,115,180" step="2"/><W6/><G6/><T59/><D98/><U123/><E97/><V94/><F94/><W61/><G61/><T82/><D119/><U130/><E123/><V93/><F93/><W101/><G101/><T41/><D118/><U95/><E130/><V28/><F28/><W62/><G62/><T133/><D31/><U73/><E106/><V43/><F43/><W56/><G56/><T132/><D42/><U105/><E105/><V40/><F40/><W57/><G57/><T78/><D59/><U0/><E0/><V125/><F125/><W23/><AGARI ba="1,2" hai="23,24,30,45,48,53,64,65,67,76,83,87,116,117" machi="23" ten="30,2000,0" yaku="1,1,0,1,53,0" doraHai="11" doraHaiUra="33" who="3" fromWho="3" sc="446,-6,239,-6,115,-11,180,43" /><INIT seed="3,0,0,5,3,73" ten="440,233,104,223" oya="3" hai0="30,0,29,105,116,129,91,113,39,80,78,70,87" hai1="28,20,82,117,16,23,90,122,74,130,101,48,60" hai2="31,19,32,53,33,94,66,93,99,119,55,97,3" hai3="72,126,71,12,98,43,79,4,10,132,106,51,35"/><W21/><G35/><T92/><D116/><U41/><E122/><V114/><F3/><W36/><G126/><T65/><D129/><U118/><E130/><V26/><F66/><W62/><G132/><T52/><D0/><U54/><E101/><V24/><F19/><W1/><G36/><T44/><D105/><U131/><E131/><V81/><F81/><W59/><G71/><T86/><D113/><U112/><E112/><V96/><F114/><W104/><G98/><T68/><D52/><U124/><E124/><V120/><F99/><W46/><G21/><T14/><D14/><U77/><E90/><V18/><F18/><W37/><G37/><T11/><D11/><U110/><E110/><V42/><F42/><W102/><G102/><T40/><D65/><U13/><E60/><V22/><F22/><W111/><G111/><T123/><D123/><U17/><E28/><V38/><F38/><W135/><G135/><T9/><D9/><U5/><E5/><V27/><F27/><W7/><G7/><T83/><D29/><U127/><E41/><V15/><F15/><W128/><G128/><T103/><D30/><U75/><E75/><V108/><F108/><W84/><G72/><T58/><D103/><U69/><E69/><V109/><F109/><W115/><G1/><T63/><D70/><U76/><E76/><V133/><F133/><W49/><G115/><T25/><D68/><U50/><E127/><V95/><F119/><N who="1" m="45577" /><E54/><N who="2" m="20491" /><F120/><W88/><G12/><AGARI ba="0,0" hai="12,13,16,17,20,23,48,50,74,77,82" m="45577" machi="12" ten="30,3900,0" yaku="12,1,52,1,54,1" doraHai="73" who="1" fromWho="3" sc="440,0,233,39,104,0,223,-39" owari="440,54.0,272,7.2,104,-39.6,184,-21.6" /></mjloggm>