<mjloggm ver="2.3"><GO type="225" lobby="0"/><UN n0="%E3%81%8B%E3%82%8F%E3%81%A1%E3%82%83%E3%82%93%35%38" n1="%E5%91%A8%E6%9D%B1" n2="%E7%99%BD%E5%80%89%E5%AF%9B%E4%B9%8B" n3="%E3%83%96%E3%83%83%E3%83%91%E3%82%AA%E3%83%96%E3%83%81%E3%82%AD%E3%83%B3" dan="16,17,16,16" rate="2133.19,2131.38,2129.44,2115.49" sx="M,M,M,M"/><TAIKYOKU oya="0"/><INIT seed="0,0,0,5,2,86" ten="250,250,250,250" oya="0" hai0="30,36,103,89,64,25,4,19,12,27,11,18,28" hai1="41,61,87,105,66,101,99,1,134,42,84,100,62" hai2="38,113,58,70,60,129,117,14,2,109,44,92,17" hai3="97,94,21,111,120,65,98,119,15,106,102,26,131"/><T8/><D36/><U77/><E1/><V37/><F2/><W5/><G111/><T72/><D72/><U79/><E134/><V6/><F6/><W135/><G135/><T115/><D103/><U35/><E35/><V49/><F109/><W31/><G131/><T75/><D64/><U95/><E105/><V88/><F70/><W24/><G120/><T126/><D75/><U9/><E9/><V23/><F113/><W56/><G119/><T57/><D57/><U130/><E130/><V13/><F117/><W32/><G5/><N who="0" m="3087" /><D89/><U90/><E66/><V83/><F83/><W127/><G127/><T112/><D112/><U48/><E48/><V63/><F129/><W133/><G133/><T54/><D54/><U47/><E47/><V76/><F76/><W108/><G108/><T39/><D39/><U34/><E34/><V114/><F63/><W33/><G65/><T128/><D128/><U16/><E101/><V104/><F104/><W124/><G56/><T107/><D107/><U10/><E100/><V91/><F114/><W123/><G123/><T121/><D121/><U132/><E132/><V122/><F122/><W53/><G102/><T81/><D115/><U71/><E71/><V116/><F116/><W50/><G106/><T69/><D69/><U110/><E110/><V46/><F38/><W85/><G53/><T52/><D52/><U43/><E77/><V93/><F37/><W7/><G50/><T55/><D55/><U67/><E79/><V80/><F49/><W68/><G68/><T51/><D51/><U59/><E62/><V82/><F60/><RYUUKYOKU ba="0,0" sc="250,-10,250,30,250,-10,250,-10" hai1="10,16,41,42,43,59,61,67,84,87,90,95,99" /><INIT seed="1,1,0,4,4,100" ten="240,280,240,240" oya="1" hai0="89,39,37,77,30,90,33,131,46,43,95,55,65" hai1="9,41,0,19,127,5,60,120,110,34,42,15,35" hai2="3,59,10,93,11,117,88,4,71,69,114,40,86" hai3="105,49,64,94,66,128,109,81,97,130,25,101,118"/><U80/><E120/><V14/><F117/><W16/><G109/><T18/><D131/><N who="3" m="50217" /><G118/><T44/><D77/><U56/><E110/><V102/><F114/><W63/><G81/><T58/><D65/><N who="3" m="25193" /><G63/><T29/><D18/><U12/><E127/><V47/><F59/><W125/><G125/><T112/><D112/><U7/><E80/><V17/><REACH who="2" step="1"/><F102/><REACH who="2" ten="240,280,230,240" step="2"/><W129/><G129/><T1/><D58/><U135/><E56/><V38/><AGARI ba="1,1" hai="3,4,10,11,14,17,38,40,47,69,71,86,88,93" machi="38" ten="20,8000,1" yaku="1,1,2,1,0,1,7,1,54,1,53,0" doraHai="100" doraHaiUra="61" who="2" fromWho="2" sc="240,-21,280,-41,230,93,240,-21" /><INIT seed="2,0,0,4,1,26" ten="219,239,323,219" oya="2" hai0="127,40,5,58,87,44,3,66,13,53,82,10,35" hai1="93,119,42,32,37,8,18,107,133,6,46,49,75" hai2="24,125,135,67,88,17,47,130,51,84,11,21,104" hai3="108,118,4,50,45,54,12,57,112,128,124,29,122"/><V34/><F104/><W9/><G118/><T79/><D127/><U59/><E107/><V7/><F125/><W73/><G122/><T33/><D3/><U25/><E119/><V110/><F135/><W89/><G124/><T69/><D69/><U0/><E75/><V90/><F130/><W70/><G128/><T132/><D132/><U76/><E133/><V16/><F110/><W86/><G108/><T63/><REACH who="0" step="1"/><D66/><REACH who="0" ten="209,239,323,219" step="2"/><U120/><E120/><V38/><F67/><W103/><G70/><T68/><D68/><U126/><E126/><V60/><F38/><AGARI ba="0,1" hai="5,10,13,33,35,38,40,44,53,58,63,79,82,87" machi="38" ten="30,2000,0" yaku="1,1,7,1,53,0" doraHai="26" doraHaiUra="116" who="0" fromWho="2" sc="209,30,239,0,323,-20,219,0" /><INIT seed="3,0,0,1,5,111" ten="239,239,303,219" oya="3" hai0="17,4,88,98,51,10,55,110,132,93,105,97,90" hai1="13,68,96,86,63,57,28,56,0,115,107,12,21" hai2="109,113,91,48,78,19,77,101,20,102,9,75,114" hai3="39,36,41,124,79,119,106,64,50,49,5,11,92"/><W58/><G106/><T73/><D73/><U66/><E0/><V47/><F109/><W131/><G79/><N who="2" m="30217" /><F75/><W128/><G92/><N who="0" m="56455" /><D105/><U94/><E115/><V129/><F114/><W27/><G27/><T120/><D120/><U7/><E107/><V31/><F113/><W100/><G100/><T33/><D33/><U99/><E57/><V134/><F134/><W123/><G11/><T95/><D110/><U30/><E68/><V32/><F32/><W53/><G5/><T108/><D108/><U85/><E7/><V43/><F129/><N who="3" m="49739" /><G123/><T6/><D132/><U38/><E38/><N who="3" m="14378" /><G119/><T104/><D104/><U59/><E94/><V65/><F91/><W45/><G124/><T44/><D95/><U3/><E3/><V15/><F65/><AGARI ba="0,0" hai="41,45,49,50,53,58,64,65" m="14378,49739" machi="65" ten="30,5800,0" yaku="19,1,34,2" doraHai="111" who="3" fromWho="2" sc="239,0,239,0,303,-58,219,58" /><INIT seed="3,1,0,2,0,41" ten="239,239,245,277" oya="3" hai0="122,113,130,23,116,98,2,74,18,81,20,58,135" hai1="76,82,72,134,3,86,89,30,13,15,47,101,112" hai2="65,8,16,52,26,7,44,0,25,92,61,10,1" hai3="96,105,71,29,93,78,33,73,64,38,36,79,35"/><W114/><G114/><T95/><D116/><U102/><E3/><V24/><F92/><W85/><G85/><T77/><D122/><U128/><E112/><V9/><F0/><W119/><G93/><T91/><D113/><U127/><E128/><V80/><F80/><N who="3" m="45135" /><G35/><T34/><D34/><U66/><E134/><V107/><F107/><W124/><G79/><T5/><D135/><U51/><E127/><V17/><F1/><W40/><G124/><T87/><D130/><U4/><E66/><V21/><F7/><W117/><G29/><T110/><D110/><U60/><E60/><V56/><F17/><W104/><G33/><T123/><D123/><U22/><E30/><V62/><REACH who="2" step="1"/><F44/><REACH who="2" ten="239,239,235,277" step="2"/><N who="3" m="23559" /><G105/><T133/><D133/><U46/><E4/><V84/><F84/><W28/><G28/><T57/><D5/><U63/><E47/><V67/><F67/><W88/><G104/><T108/><D2/><U75/><E75/><V120/><F120/><W106/><G106/><T59/><D108/><U83/><E63/><V90/><F90/><W11/><G119/><T121/><D121/><U103/><REACH who="1" step="1"/><E22/><REACH who="1" ten="239,229,235,277" step="2"/><N who="0" m="8233" /><D18/><U97/><E97/><V14/><F14/><W32/><G96/><N who="0" m="57471" /><D74/><U68/><E68/><AGARI ba="1,2" hai="8,9,10,16,21,24,25,26,52,56,61,62,65,68" machi="68" ten="40,5200,0" yaku="1,1,54,2,53,0" doraHai="41" doraHaiUra="31" who="2" fromWho="1" sc="239,0,229,-55,235,75,277,0" owari="239,-16.1,174,-32.6,310,41.0,277,7.7" /></mjloggm>