<mjloggm ver="2.3"><GO type="225" lobby="0"/><UN n0="%E8%83%83%E3%81%A8%E8%85%B8" n1="%E6%81%A5%E6%99%92%E3%81%97" n2="%E3%83%81%E3%83%83%E3%82%BF%E3%82%BD%E3%83%BC" n3="%E6%B7%91%E5%A5%B3%E3%81%AE%E5%97%9C%E3%81%BF" dan="16,16,16,16" rate="2149.68,2149.41,2192.38,2082.98" sx="M,M,F,M"/><TAIKYOKU oya="0"/><INIT seed="0,0,0,2,5,65" ten="250,250,250,250" oya="0" hai0="62,89,68,50,116,22,4,45,3,19,51,94,114" hai1="24,38,82,134,34,76,121,111,127,132,47,46,43" hai2="32,11,78,60,86,39,91,88,95,87,28,117,36" hai3="93,52,2,102,109,98,122,44,17,14,37,55,31"/><T84/><D114/><U110/><E121/><V135/><F135/><N who="1" m="51753" /><E127/><V53/><F117/><W118/><G118/><T49/><D116/><U7/><E47/><V77/><F11/><W128/><G122/><T103/><D103/><U67/><E7/><V63/><F28/><W73/><G73/><T79/><D79/><U10/><E10/><V12/><F12/><W8/><G109/><N who="1" m="41482" /><E67/><V71/><F53/><W92/><G128/><T16/><D45/><U126/><E126/><V57/><F57/><W64/><G2/><T100/><D100/><U69/><E69/><V26/><F71/><W0/><G0/><T54/><D22/><U35/><E24/><V20/><F26/><W33/><G64/><T75/><D75/><AGARI ba="0,0" hai="34,35,38,43,46,75,76,82" m="41482,51753" machi="75" ten="30,3900,0" yaku="20,1,14,1,23,1" doraHai="65" who="1" fromWho="0" sc="250,-39,250,39,250,0,250,0" /><INIT seed="1,0,0,3,5,26" ten="211,289,250,250" oya="1" hai0="52,71,119,66,87,110,134,86,3,37,6,81,89" hai1="132,55,44,102,109,128,77,39,18,69,122,67,19" hai2="58,1,65,33,75,57,115,121,103,120,82,64,25" hai3="123,24,125,98,74,27,118,50,133,114,20,54,53"/><U2/><E122/><V111/><F111/><W84/><G114/><T96/><D119/><U79/><E2/><V104/><F1/><W13/><G74/><T47/><D110/><U23/><E109/><V17/><F115/><W93/><G123/><T105/><D134/><U46/><E39/><V29/><F17/><W126/><G133/><T117/><D117/><U42/><E132/><V68/><F64/><W31/><G118/><T73/><D37/><U72/><E128/><V100/><F57/><W51/><G84/><T88/><D73/><U76/><E42/><V30/><F58/><W5/><G5/><T34/><D34/><U49/><E72/><V9/><F9/><W108/><G13/><T16/><D6/><U112/><E67/><V10/><F10/><W124/><G27/><T45/><D3/><U95/><E69/><V63/><F29/><W32/><G32/><T80/><D66/><U0/><E0/><V15/><F15/><W36/><G36/><T48/><D71/><U106/><E106/><V94/><F94/><W28/><G28/><T70/><D70/><U41/><E112/><V14/><F100/><N who="3" m="60495" /><G108/><T21/><D105/><U7/><E7/><V85/><F14/><W8/><G8/><T107/><D107/><U11/><E11/><V38/><F85/><W59/><G54/><T131/><D131/><U12/><E19/><V35/><F38/><W78/><G78/><T40/><D16/><U56/><E41/><V99/><F35/><W83/><G51/><N who="0" m="28783" /><D21/><U129/><E129/><V101/><F101/><W22/><G22/><T113/><D113/><RYUUKYOKU ba="0,0" sc="211,0,289,0,250,0,250,0" hai0="40,47,48,80,81,86,87,88,89,96" hai1="12,18,23,44,46,49,55,56,76,77,79,95,102" hai2="25,30,33,63,65,68,75,82,99,103,104,120,121" hai3="20,24,31,50,53,59,83,124,125,126" /><INIT seed="1,1,0,1,5,87" ten="211,289,250,250" oya="1" hai0="29,44,48,132,39,99,68,58,114,2,125,108,98" hai1="66,25,101,106,119,54,122,52,24,3,32,20,109" hai2="110,91,16,75,13,51,65,134,89,31,80,100,56" hai3="18,49,8,30,34,90,6,47,135,120,71,9,36"/><U10/><E119/><V15/><F110/><W121/><G71/><T12/><D2/><U45/><E122/><V97/><F134/><W63/><G135/><T23/><D132/><U92/><E106/><V72/><F31/><W17/><G36/><T95/><D68/><U50/><E109/><V38/><F38/><W62/><G34/><T21/><D108/><U41/><E32/><V103/><F13/><W37/><G37/><T118/><D39/><U128/><E128/><V81/><F72/><W55/><G30/><T26/><D118/><U130/><E130/><V70/><F70/><W107/><G107/><T116/><D116/><U40/><E66/><V53/><F65/><W115/><G115/><T4/><D114/><U102/><E25/><V133/><F133/><W1/><G9/><T28/><D125/><U84/><E10/><N who="2" m="6263" /><F75/><W19/><REACH who="3" step="1"/><G90/><REACH who="3" ten="211,289,250,240" step="2"/><N who="2" m="34313" /><F103/><W76/><G76/><T85/><D28/><U82/><E102/><V74/><F74/><W79/><G79/><T14/><D29/><U104/><E101/><V22/><F22/><W83/><G83/><T7/><D21/><U96/><E20/><V59/><F59/><W117/><G117/><T69/><D58/><U78/><E82/><V61/><F61/><AGARI ba="1,1" hai="1,6,8,17,18,19,47,49,55,61,62,63,120,121" machi="61" ten="40,1300,0" yaku="1,1,53,0" doraHai="87" doraHaiUra="64" who="3" fromWho="2" sc="211,0,289,0,250,-16,240,26" /><INIT seed="2,0,0,4,1,93" ten="211,289,234,266" oya="2" hai0="62,66,42,36,90,16,17,11,4,74,121,43,122" hai1="27,82,79,5,113,124,120,58,123,70,114,107,0" hai2="20,41,75,104,40,64,23,18,34,102,65,51,15" hai3="46,29,87,45,35,125,47,72,7,48,49,61,92"/><V55/><F75/><W91/><G72/><T85/><D74/><N who="1" m="43383" /><E70/><V119/><F119/><W25/><G125/><T128/><D128/><U98/><E124/><V83/><F34/><W24/><G7/><T3/><D36/><U115/><E27/><V95/><F104/><W132/><G132/><T19/><D42/><N who="2" m="16490" /><F83/><W84/><G61/><T54/><D54/><U100/><E58/><N who="2" m="33151" /><F23/><W56/><G25/><T101/><D43/><U133/><E133/><V6/><F6/><W81/><REACH who="3" step="1"/><G56/><REACH who="3" ten="211,289,234,256" step="2"/><T110/><D122/><N who="1" m="46635" /><E5/><V116/><F116/><W68/><G68/><T26/><D121/><U63/><E63/><V73/><F73/><W129/><G129/><T105/><D26/><U135/><E135/><V71/><F71/><W86/><G86/><T112/><D62/><U59/><E59/><V44/><F44/><W76/><AGARI ba="0,1" hai="24,29,35,45,46,47,48,49,76,81,84,87,91,92" machi="76" ten="30,7900,0" yaku="1,1,0,1,53,2" doraHai="93" doraHaiUra="80" who="3" fromWho="3" sc="211,-20,289,-20,234,-39,256,89" /><INIT seed="3,0,0,0,0,41" ten="191,269,195,345" oya="3" hai0="109,126,82,35,81,40,84,99,64,79,88,47,134" hai1="17,42,4,130,102,87,32,9,123,28,116,97,54" hai2="60,76,7,44,91,77,45,38,85,107,20,21,18" hai3="58,27,24,131,57,49,8,67,86,120,105,46,100"/><W51/><G120/><T43/><D109/><U115/><E115/><V133/><F38/><W63/><G131/><T2/><D134/><U29/><E123/><V39/><F39/><W112/><G112/><T125/><D35/><U127/><E127/><N who="0" m="48649" /><D2/><U118/><E17/><V23/><F107/><W14/><G105/><T124/><N who="0" m="48657" /><T12/><DORA hai="98" /><D64/><U92/><E130/><V68/><F7/><N who="3" m="3359" /><G100/><T52/><D12/><U113/><E113/><V13/><F133/><W19/><G19/><T94/><D81/><U129/><E129/><V59/><F68/><W108/><G108/><T117/><D117/><U95/><E32/><V71/><F71/><W53/><G86/><T69/><D69/><U36/><E116/><V111/><F111/><W114/><G114/><T119/><D119/><U50/><E118/><V1/><F1/><W65/><G65/><T83/><D83/><U6/><E36/><V93/><F13/><W66/><G67/><T106/><D106/><U72/><E72/><V33/><F33/><W73/><G73/><T121/><D121/><U11/><E6/><V37/><F18/><W103/><G103/><T104/><D104/><U96/><E87/><V3/><F3/><W48/><G48/><AGARI ba="0,0" hai="40,43,47,48,52,79,82,84,88,94,99" m="48657" machi="48" ten="40,8000,1" yaku="18,1,52,1,54,2" doraHai="41,98" who="0" fromWho="3" sc="191,80,269,0,195,0,345,-80" /><INIT seed="4,0,0,3,0,113" ten="271,269,195,265" oya="0" hai0="106,69,102,50,132,65,71,114,0,61,135,33,48" hai1="130,24,83,123,91,37,42,56,115,14,27,127,108" hai2="38,126,43,23,112,19,120,85,121,18,79,80,73" hai3="92,63,109,29,22,32,28,89,68,70,17,40,128"/><T60/><D114/><U125/><E115/><V99/><F112/><W116/><G109/><T58/><D0/><U64/><E123/><V13/><F126/><W86/><G128/><T11/><D11/><U51/><E130/><V118/><F118/><W54/><G40/><T5/><D5/><U57/><E108/><V97/><F43/><W78/><G78/><T7/><D7/><U117/><E117/><V20/><F38/><W9/><G9/><T100/><D33/><U67/><E37/><V133/><F133/><N who="0" m="51274" /><D71/><U75/><E75/><V77/><F73/><W31/><G32/><T2/><D2/><U25/><E14/><V87/><REACH who="2" step="1"/><F80/><REACH who="2" ten="271,269,185,265" step="2"/><W49/><G116/><T8/><D8/><U44/><E125/><V134/><F134/><W131/><G131/><T111/><D111/><U105/><E127/><V53/><F53/><W72/><G72/><T1/><D1/><U66/><E105/><V98/><F98/><W52/><G54/><N who="0" m="33879" /><D106/><U119/><E119/><V35/><F35/><W129/><G129/><T93/><D93/><U103/><E83/><V47/><F47/><W4/><G92/><T81/><D81/><U90/><E64/><V10/><F10/><W110/><G110/><T41/><D41/><U82/><E66/><V21/><F21/><W15/><G22/><T84/><D84/><N who="1" m="50455" /><E67/><V39/><F39/><W107/><G107/><T3/><D3/><U16/><E42/><V62/><F62/><W74/><G52/><T55/><D55/><U76/><E44/><V122/><F122/><W95/><G63/><T45/><D45/><U59/><E51/><AGARI ba="0,1" hai="48,50,51,61,65,69,100,102" m="33879,51274" machi="51" ten="30,2900,0" yaku="6,1,20,1" doraHai="113" who="0" fromWho="1" sc="271,39,269,-29,185,0,265,0" owari="310,41.0,240,-16.0,185,-31.5,265,6.5" /></mjloggm>