<mjloggm ver="2.3"><GO type="225" lobby="0"/><UN n0="%E6%9C%88%E5%B3%B6%E5%9F%BA" n1="%E6%A1%9C%E8%8A%B1%E9%96%83%E3%80%85" n2="%E5%85%83%E3%82%AB%E3%83%8E%E7%B3%BB%E3%83%92%E3%83%AD%E3%82%A4%E3%83%B3" n3="%E3%82%A2%E3%83%B3%E3%83%93%E3%83%90%E3%83%AC%E3%83%B3%E3%83%88" dan="16,16,16,16" rate="2107.20,2102.71,2104.14,2081.12" sx="M,M,M,F"/><TAIKYOKU oya="0"/><INIT seed="0,0,0,3,5,42" ten="250,250,250,250" oya="0" hai0="56,18,38,44,2,113,52,19,70,11,105,129,16" hai1="86,20,132,37,3,6,90,9,100,103,88,93,97" hai2="117,54,109,101,4,24,76,96,126,32,73,83,17" hai3="68,119,123,127,30,135,118,15,80,75,10,104,95"/><T89/><D113/><U66/><E132/><V22/><F109/><W120/><G68/><T131/><D70/><U41/><E66/><V122/><F122/><N who="3" m="46635" /><G30/><T27/><D105/><U7/><E7/><V98/><F126/><W67/><G67/><T134/><D134/><U130/><E130/><N who="0" m="49673" /><D89/><U23/><E90/><V49/><F117/><W14/><G104/><T46/><D38/><U13/><E3/><V29/><F4/><N who="3" m="3399" /><G135/><T33/><D11/><U84/><E84/><V111/><F111/><W28/><G127/><T99/><D99/><U74/><E74/><V69/><F69/><W50/><G28/><N who="0" m="19615" /><D2/><U116/><E116/><V48/><F54/><W121/><G121/><T72/><D72/><U53/><E53/><V21/><F96/><W62/><G95/><T47/><D19/><U26/><E26/><V106/><F32/><W82/><G15/><AGARI ba="0,0" hai="15,17,21,22,24,29,48,49,73,76,83,98,101,106" machi="15" ten="30,1000,0" yaku="7,1" doraHai="42" who="2" fromWho="3" sc="250,0,250,0,250,10,250,-10" /><INIT seed="1,0,0,5,5,67" ten="250,250,260,240" oya="1" hai0="74,78,54,85,32,99,61,79,135,71,44,88,2" hai1="40,117,104,133,21,123,94,130,89,60,36,124,29" hai2="77,93,83,12,97,48,18,24,1,125,16,100,86" hai3="62,34,114,59,14,106,45,9,116,10,37,127,47"/><U27/><E117/><V4/><F125/><W91/><G114/><T46/><D2/><U69/><E123/><V132/><F132/><W53/><G34/><T25/><D135/><U17/><E133/><V35/><F1/><W134/><G134/><T102/><D74/><U87/><E124/><V28/><REACH who="2" step="1"/><F48/><REACH who="2" ten="250,250,250,240" step="2"/><W50/><G127/><T55/><D79/><U22/><E130/><V51/><F51/><W110/><G116/><T80/><D78/><U15/><E104/><V70/><F70/><W20/><G37/><T11/><D71/><U23/><E36/><V13/><F13/><W129/><G106/><T122/><D122/><U120/><E120/><V8/><AGARI ba="0,1" hai="4,8,12,16,18,24,28,35,77,83,86,93,97,100" machi="8" ten="30,4000,0" yaku="1,1,0,1,54,1,53,0" doraHai="67" doraHaiUra="105" who="2" fromWho="2" sc="250,-10,250,-20,250,50,240,-10" /><INIT seed="2,0,0,1,3,47" ten="240,230,300,230" oya="2" hai0="126,95,76,125,37,70,74,31,106,11,0,36,115" hai1="13,25,44,80,100,92,102,35,132,58,118,83,69" hai2="20,43,64,109,9,116,4,40,18,41,22,96,27" hai3="79,59,93,34,134,48,61,23,52,131,21,86,39"/><V84/><F116/><W77/><G34/><T94/><D115/><U62/><E118/><V24/><F109/><W82/><G39/><N who="0" m="14923" /><D106/><U45/><E69/><V28/><F64/><W29/><G131/><T122/><D70/><U5/><E132/><V46/><F96/><W111/><G111/><T89/><D122/><U90/><E35/><V51/><REACH who="2" step="1"/><F84/><REACH who="2" ten="240,230,290,230" step="2"/><N who="3" m="48207" /><G134/><T33/><D74/><U60/><E102/><V129/><F129/><W30/><G30/><T114/><D31/><U53/><E100/><V117/><F117/><W67/><G29/><T32/><D114/><U49/><E83/><V55/><F55/><W12/><G12/><AGARI ba="0,1" hai="4,9,12,18,20,22,24,27,28,40,41,43,46,51" machi="12" ten="30,12000,1" yaku="1,1,7,1,8,1,52,1,53,1" doraHai="47" doraHaiUra="15" who="2" fromWho="3" sc="240,0,230,0,290,130,230,-120" /><INIT seed="2,1,0,0,0,97" ten="240,230,420,110" oya="2" hai0="124,36,74,92,73,116,34,56,63,62,11,71,100" hai1="91,5,109,125,113,26,60,32,12,93,120,99,114" hai2="55,22,46,117,8,16,14,21,101,77,108,98,105" hai3="41,84,96,4,53,134,70,79,83,80,106,111,39"/><V58/><F117/><W17/><G17/><T115/><BYE who="3" /><D36/><U2/><E2/><V86/><F46/><W13/><G13/><T61/><D115/><U44/><E109/><V133/><F133/><W102/><G102/><T31/><D116/><U38/><E125/><V69/><F69/><W28/><G28/><T25/><D100/><U119/><E119/><V19/><F108/><W67/><G67/><T94/><D124/><U50/><E38/><V112/><F112/><W10/><G10/><T118/><D118/><U57/><E120/><V76/><F86/><W33/><G33/><T48/><D71/><U89/><E32/><V68/><F68/><W15/><G15/><T1/><D92/><U23/><E12/><V135/><F135/><W127/><G127/><T132/><D94/><U30/><E5/><V35/><F35/><W0/><G0/><T20/><D132/><U122/><E122/><V66/><F66/><W78/><G78/><T128/><D128/><U82/><E82/><V45/><F45/><W81/><G81/><T121/><D121/><U107/><E107/><V43/><F43/><W104/><G104/><T65/><D34/><U47/><E47/><V95/><F105/><W24/><G24/><T88/><D65/><N who="1" m="39055" /><E114/><V18/><F21/><W3/><G3/><T49/><D74/><U29/><E113/><V9/><F9/><W85/><G85/><T6/><D73/><U42/><E89/><V40/><F22/><W75/><G75/><T129/><D129/><U37/><E37/><V51/><F40/><W103/><G103/><T59/><D88/><RYUUKYOKU ba="1,0" sc="240,10,230,10,420,10,110,-30" hai0="1,6,11,20,25,31,48,49,56,59,61,62,63" hai1="23,26,29,30,42,44,50,91,93,99" hai2="8,14,16,18,19,51,55,58,76,77,95,98,101" /><INIT seed="2,2,0,1,3,24" ten="250,240,430,80" oya="2" hai0="38,56,129,52,22,40,3,12,10,8,30,34,42" hai1="134,120,27,104,109,89,54,122,43,121,75,57,25" hai2="111,101,105,39,65,114,37,35,81,99,98,77,97" hai3="100,7,69,68,94,33,73,132,131,20,29,87,70"/><V102/><F114/><W46/><G46/><T23/><D129/><U31/><E109/><V103/><F35/><W124/><G124/><T62/><D34/><N who="1" m="20847" /><E134/><V19/><F65/><W93/><G93/><T116/><D116/><U110/><E110/><V41/><F41/><N who="0" m="15978" /><D3/><U49/><E104/><N who="2" m="63535" /><F19/><W92/><G92/><T126/><D126/><U64/><E75/><N who="2" m="43199" /><F37/><W83/><G83/><T133/><D133/><U9/><E43/><V26/><F26/><W107/><G107/><T15/><D38/><U118/><E118/><V63/><F63/><W11/><G11/><N who="0" m="4139" /><D30/><U130/><E130/><V47/><F47/><W91/><G91/><T36/><D36/><U85/><E9/><V61/><F61/><W127/><G127/><T18/><D18/><U78/><E78/><V90/><F39/><W17/><G17/><T14/><AGARI ba="2,0" hai="12,14,15,22,23,52,56,62" m="4139,15978" machi="14" ten="30,2000,0" yaku="8,1,54,1" doraHai="24" who="0" fromWho="0" sc="250,26,240,-7,430,-12,80,-7" /><INIT seed="3,0,0,2,5,121" ten="276,233,418,73" oya="3" hai0="41,31,131,57,24,132,4,3,89,93,68,23,14" hai1="28,84,127,67,49,40,86,45,71,128,96,22,30" hai2="6,8,32,133,103,48,5,56,113,102,36,70,115" hai3="135,47,112,39,98,61,125,11,42,88,54,75,87"/><W17/><G17/><T15/><D68/><U120/><E120/><V44/><F70/><W134/><G134/><T33/><D132/><U1/><E1/><V118/><F32/><UN n3="%E3%82%A2%E3%83%B3%E3%83%93%E3%83%90%E3%83%AC%E3%83%B3%E3%83%88" /><W66/><G61/><T53/><D131/><U18/><E128/><V52/><F118/><W117/><G117/><T108/><D108/><U107/><E127/><V116/><F116/><W10/><G10/><BYE who="3" /><T37/><D3/><U13/><E71/><V85/><F133/><W94/><G94/><T81/><D81/><U2/><E2/><V65/><F6/><W27/><G27/><T62/><D33/><U74/><E74/><UN n3="%E3%82%A2%E3%83%B3%E3%83%93%E3%83%90%E3%83%AC%E3%83%B3%E3%83%88" /><V12/><F36/><W51/><G51/><BYE who="3" /><T122/><D122/><U124/><E124/><V63/><REACH who="2" step="1"/><F85/><REACH who="2" ten="276,233,408,73" step="2"/><W100/><G100/><AGARI ba="0,1" hai="5,8,12,44,48,52,56,63,65,100,102,103,113,115" machi="100" ten="40,5200,0" yaku="1,1,2,1,54,1,53,0" doraHai="121" doraHaiUra="82" who="2" fromWho="3" sc="276,0,233,0,408,62,73,-52" owari="276,7.6,233,-16.7,470,57.0,21,-47.9" /></mjloggm>