<mjloggm ver="2.3"><GO type="225" lobby="0"/><UN n0="%E3%81%82%E3%81%99%E3%81%AB%E3%82%83%E3%82%80" n1="%E6%A1%9C%E8%8A%B1%E9%96%83%E3%80%85" n2="%E3%81%BD%E3%81%A1%E3%81%9F%E3%81%93%E3%82%84" n3="%E5%B8%86%E7%AB%8B%E5%A4%8F%E8%A1%A3" dan="18,17,17,17" rate="2276.87,2184.81,2186.79,2181.89" sx="F,M,M,M"/><TAIKYOKU oya="0"/><INIT seed="0,0,0,2,5,111" ten="250,250,250,250" oya="0" hai0="90,124,75,6,8,79,10,49,82,17,81,93,101" hai1="86,115,70,130,89,19,25,88,72,36,38,108,39" hai2="128,67,43,104,98,123,37,42,113,119,84,23,126" hai3="91,55,129,73,66,106,9,22,87,20,24,65,107"/><T85/><D124/><U28/><E72/><V4/><F4/><W68/><G73/><T83/><D101/><U30/><E108/><V122/><F23/><W31/><G129/><T127/><D127/><U114/><E70/><V52/><F84/><W18/><G9/><T3/><D49/><U100/><E100/><V41/><F98/><W0/><G0/><T7/><REACH who="0" step="1"/><D17/><REACH who="0" ten="240,250,250,250" step="2"/><U63/><E130/><V44/><F126/><W95/><G107/><T21/><D21/><N who="1" m="13503" /><E63/><V34/><F104/><W62/><G106/><T109/><D109/><U57/><E38/><V54/><F128/><W112/><G112/><T120/><D120/><U32/><E39/><V33/><F113/><W46/><G68/><T69/><D69/><U135/><E36/><V125/><F37/><W102/><G102/><T96/><D96/><U53/><E115/><V2/><F125/><W117/><G117/><T71/><D71/><U26/><E114/><V134/><F119/><W45/><G62/><T131/><D131/><U59/><E28/><V94/><F123/><W74/><G74/><T105/><D105/><U11/><E11/><V58/><F122/><W121/><G121/><T92/><D92/><U118/><E118/><V16/><F94/><W76/><G18/><T56/><D56/><U103/><E103/><V47/><F58/><W78/><G20/><T14/><AGARI ba="0,1" hai="3,6,7,8,10,14,75,79,81,82,83,85,90,93" machi="14" ten="20,3900,0" yaku="1,1,0,1,7,1,53,0" doraHai="111" doraHaiUra="110" who="0" fromWho="0" sc="240,49,250,-13,250,-13,250,-13" /><INIT seed="0,1,0,5,2,8" ten="289,237,237,237" oya="0" hai0="60,99,20,86,25,46,67,115,122,98,113,51,117" hai1="1,9,29,44,129,103,61,38,84,119,34,50,94" hai2="18,15,131,85,47,19,111,95,92,101,2,10,108" hai3="130,68,88,30,40,90,7,123,83,0,66,6,14"/><T102/><D117/><U58/><E119/><V112/><F112/><W78/><G130/><T80/><D122/><U114/><E38/><V49/><F131/><W21/><G123/><T64/><D86/><U57/><E129/><V77/><F2/><W54/><G0/><T23/><D80/><U56/><E114/><V36/><F36/><W87/><G40/><T53/><D98/><U13/><E1/><V91/><F77/><W82/><G66/><T71/><D67/><U32/><E29/><V81/><F19/><N who="3" m="10487" /><G68/><T79/><D20/><U33/><E61/><V63/><F63/><W121/><G30/><T116/><D79/><U41/><E103/><V42/><REACH who="2" step="1"/><F101/><REACH who="2" ten="289,237,227,237" step="2"/><W110/><G121/><T27/><D116/><U35/><N who="1" m="8192" /><DORA hai="52" /><U120/><E120/><V106/><F106/><W133/><G78/><T31/><REACH who="0" step="1"/><D27/><REACH who="0" ten="279,237,227,237" step="2"/><U26/><E26/><V12/><F12/><W17/><G90/><T45/><D45/><U3/><E3/><V48/><F48/><W128/><G88/><T97/><D97/><U39/><E39/><V134/><F134/><W11/><G133/><T93/><AGARI ba="1,2" hai="23,25,31,46,51,53,60,64,71,93,99,102,113,115" machi="93" ten="20,3900,0" yaku="1,1,0,1,7,1,53,0" doraHai="8,52" doraHaiUra="73,107" who="0" fromWho="0" sc="279,62,237,-14,227,-14,237,-14" /><INIT seed="0,2,0,4,3,6" ten="341,223,213,223" oya="0" hai0="9,19,88,80,25,40,124,44,42,103,79,51,16" hai1="64,81,108,112,37,36,41,97,104,86,29,133,12" hai2="5,66,32,73,114,98,128,107,109,55,69,76,45" hai3="113,68,53,120,122,70,132,56,90,118,83,46,71"/><T48/><D124/><U23/><E108/><V121/><F55/><W94/><G83/><T127/><D127/><U27/><E133/><V54/><F54/><W15/><G132/><T18/><D103/><U131/><E131/><V20/><F20/><W87/><G113/><T47/><D25/><U93/><E112/><V126/><F45/><W22/><G46/><T135/><D135/><U31/><E104/><V11/><F126/><W62/><G118/><T0/><D0/><U111/><E111/><V7/><F7/><W63/><G63/><T78/><D9/><U65/><E31/><V84/><F84/><AGARI ba="2,0" hai="16,18,19,40,42,44,47,48,51,78,79,80,84,88" machi="84" ten="40,12000,1" yaku="9,1,8,1,54,2" doraHai="6" who="0" fromWho="2" sc="341,126,223,0,213,-126,223,0" /><INIT seed="0,3,0,1,3,113" ten="467,223,87,223" oya="0" hai0="110,31,108,134,116,107,120,88,17,100,105,73,33" hai1="10,42,85,40,130,102,3,129,66,21,38,93,70" hai2="99,124,16,90,68,19,125,58,103,50,48,45,132" hai3="30,89,117,8,44,94,5,62,46,53,7,61,78"/><T77/><D116/><U121/><E121/><V123/><F123/><W96/><G117/><T72/><D120/><U126/><E126/><N who="2" m="48747" /><F68/><W79/><G30/><T12/><D134/><U28/><E66/><V34/><F34/><W127/><G127/><T4/><D4/><N who="3" m="1609" /><G8/><T55/><D55/><U13/><E70/><V57/><F90/><W24/><G24/><T76/><D31/><U98/><E3/><V75/><F75/><N who="0" m="28746" /><D33/><U118/><E118/><V60/><F132/><W111/><G111/><N who="0" m="42539" /><D88/><U47/><E28/><V26/><F26/><W67/><G67/><T92/><D92/><U36/><E93/><N who="2" m="58863" /><F50/><N who="3" m="28871" /><G46/><T131/><D131/><U22/><E47/><V0/><F0/><W97/><G97/><N who="0" m="61583" /><D107/><U106/><E129/><V81/><F81/><W104/><G104/><T86/><D86/><U9/><E85/><V91/><F91/><W27/><G27/><T1/><D1/><U43/><E130/><V114/><F114/><W56/><G56/><N who="2" m="21609" /><F60/><AGARI ba="3,0" hai="60,61,62,78,79,89,94,96" m="28871,1609" machi="60" ten="30,1000,0" yaku="8,1" doraHai="113" who="3" fromWho="2" sc="467,0,223,0,87,-19,223,19" /><INIT seed="1,0,0,3,4,34" ten="467,223,68,242" oya="1" hai0="61,74,104,71,32,95,60,56,84,90,10,62,4" hai1="49,29,135,70,134,93,68,69,19,78,28,45,57" hai2="126,13,121,118,47,98,85,38,33,87,119,111,17" hai3="6,20,88,25,43,54,72,129,125,2,36,120,80"/><U106/><E106/><V110/><F38/><W79/><G120/><T117/><D32/><U0/><E78/><V8/><F47/><N who="3" m="24039" /><G54/><T59/><D117/><N who="2" m="44554" /><F87/><W76/><G76/><T133/><D74/><U82/><E82/><V108/><F85/><W116/><G116/><T51/><D133/><N who="1" m="50699" /><E57/><V109/><N who="2" m="27648" /><DORA hai="22" /><V115/><F98/><W46/><G46/><T1/><D71/><U64/><E64/><V39/><F39/><W67/><G67/><T65/><D104/><U113/><E93/><V130/><F130/><W114/><G129/><T73/><D73/><U131/><E131/><V63/><F63/><W92/><G92/><T52/><AGARI ba="0,0" hai="1,4,10,51,52,56,59,60,61,62,65,84,90,95" machi="52" ten="30,4000,0" yaku="0,1,52,1,54,1" doraHai="34,22" who="0" fromWho="0" sc="467,40,223,-20,68,-10,242,-10" /><INIT seed="2,0,0,3,5,108" ten="507,203,58,232" oya="2" hai0="48,39,89,37,62,12,50,10,97,86,68,109,2" hai1="13,25,87,43,69,88,11,16,8,121,65,99,6" hai2="31,3,103,122,117,53,49,26,128,24,76,126,7" hai3="118,41,95,132,32,74,104,124,57,133,130,35,119"/><V36/><F117/><N who="3" m="44555" /><G41/><T96/><D2/><U83/><E121/><V19/><F122/><W131/><G57/><T134/><D134/><N who="3" m="51817" /><G95/><T75/><D12/><N who="1" m="5239" /><E69/><V106/><F128/><N who="3" m="49195" /><G74/><T102/><D48/><U23/><E43/><V64/><F126/><W90/><G90/><T45/><D50/><U105/><E105/><V9/><F36/><W91/><G91/><T81/><D89/><U28/><E99/><V85/><F64/><AGARI ba="0,0" hai="8,13,16,23,25,28,64,65,83,87,88" m="5239" machi="64" ten="30,3900,0" yaku="8,1,54,2" doraHai="108" who="1" fromWho="2" sc="507,0,203,39,58,-39,232,0" /><INIT seed="3,0,0,4,3,110" ten="507,242,19,232" oya="3" hai0="128,81,133,32,101,12,45,56,14,86,5,58,2" hai1="118,40,134,10,3,99,127,18,82,72,15,96,80" hai2="29,30,41,107,65,74,105,27,35,132,28,91,121" hai3="39,64,69,47,89,92,24,53,98,103,108,49,100"/><W31/><G108/><T51/><D32/><U109/><E109/><V4/><F91/><W25/><G39/><T67/><D133/><U62/><E134/><V42/><F132/><W135/><G135/><T11/><D101/><U114/><E114/><V70/><F121/><W37/><G37/><T131/><D14/><U95/><E127/><V52/><F42/><W22/><G69/><T71/><D2/><U126/><E126/><V120/><F120/><W33/><REACH who="3" step="1"/><G64/><REACH who="3" ten="507,242,19,222" step="2"/><T68/><D67/><U111/><E111/><V76/><F65/><W21/><G21/><T88/><D71/><U50/><E118/><V1/><F70/><W90/><G90/><T116/><D68/><U55/><E3/><V97/><F1/><W59/><G59/><T113/><D116/><U87/><E72/><V94/><F74/><W78/><G78/><T77/><D77/><N who="1" m="46479" /><E82/><V119/><F76/><W66/><G66/><T17/><D88/><U104/><E104/><V54/><F107/><W122/><G122/><T85/><D56/><N who="1" m="35103" /><E95/><V124/><F105/><W130/><G130/><T8/><D58/><U26/><E26/><V125/><F119/><W93/><G93/><T102/><D128/><U73/><E73/><V48/><F27/><W0/><G0/><T61/><D131/><U13/><E13/><V38/><F38/><W16/><AGARI ba="0,1" hai="16,22,24,25,31,33,47,49,53,89,92,98,100,103" machi="16" ten="20,7800,0" yaku="1,1,0,1,7,1,54,1,53,0" doraHai="110" doraHaiUra="36" who="3" fromWho="3" sc="507,-26,242,-26,19,-26,222,88" owari="481,58.1,216,-18.4,-7,-50.7,310,11.0" /></mjloggm>