<mjloggm ver="2.3"><GO type="225" lobby="0"/><UN n0="%E3%82%8F%E3%81%8B%E3%81%B0%2A%E3%82%AC%E3%83%BC%E3%83%AB" n1="%E3%83%A9%E3%83%BC%E3%83%A1%E3%83%B3%E4%BA%94%E9%83%8E" n2="%E3%83%8F%E3%83%B3%E3%83%89%E3%83%A9%E3%83%BC%E3%83%BB%E3%83%AF%E3%83%B3" n3="%E5%B8%86%E7%AB%8B%E5%A4%8F%E8%A1%A3" dan="16,16,17,17" rate="2194.17,2151.76,2182.36,2246.51" sx="M,M,M,M"/><TAIKYOKU oya="0"/><INIT seed="0,0,0,0,0,94" ten="250,250,250,250" oya="0" hai0="126,61,92,113,5,44,14,75,91,122,88,117,31" hai1="130,56,43,95,85,32,73,37,66,40,20,86,25" hai2="12,129,42,17,109,70,39,11,23,24,9,105,51" hai3="35,48,6,33,111,115,103,19,4,27,77,62,68"/><T112/><D117/><U69/><E73/><V38/><F70/><W55/><G115/><T125/><D122/><U135/><E32/><V74/><F74/><W71/><G111/><T118/><D118/><U104/><E104/><V78/><F78/><W22/><G77/><T83/><D31/><U90/><E69/><V127/><F105/><W54/><G103/><T124/><D44/><U26/><E130/><V67/><F67/><W28/><G35/><T21/><D61/><N who="1" m="38183" /><E37/><V98/><F109/><W2/><G71/><T16/><D5/><U93/><E135/><V80/><F80/><W10/><G6/><T1/><D1/><U82/><E95/><V99/><F127/><W57/><G68/><T108/><D108/><U110/><E110/><V64/><F64/><W7/><G7/><T72/><D83/><U79/><E26/><V3/><F3/><W60/><REACH who="3" step="1"/><G54/><REACH who="3" ten="250,250,250,240" step="2"/><T18/><D112/><U96/><E86/><V49/><F129/><W87/><G87/><N who="0" m="52255" /><D113/><U53/><E53/><V45/><F38/><W50/><G50/><T134/><D134/><U84/><E84/><V8/><F8/><W58/><G58/><T65/><D65/><U41/><E41/><V106/><F9/><W36/><G36/><T63/><D63/><U89/><E79/><V0/><F39/><W13/><AGARI ba="0,1" hai="2,4,10,13,19,22,27,28,33,48,55,57,60,62" machi="13" ten="20,8000,1" yaku="1,1,0,1,7,1,24,2,53,0" doraHai="94" doraHaiUra="128" who="3" fromWho="3" sc="250,-40,250,-20,250,-20,240,90" /><INIT seed="1,0,0,0,0,43" ten="210,230,230,330" oya="1" hai0="132,88,40,68,109,83,133,28,76,17,89,72,27" hai1="20,50,97,74,135,22,63,4,44,126,90,84,11" hai2="66,65,9,122,46,6,30,41,18,75,85,131,82" hai3="57,112,51,92,47,12,10,61,37,98,33,13,93"/><U91/><E74/><V115/><F122/><W56/><G112/><T70/><D109/><U23/><E126/><V127/><F131/><W87/><G33/><T8/><D40/><U103/><E135/><N who="0" m="51785" /><D8/><U31/><E31/><V119/><F119/><W52/><G37/><T69/><D17/><U64/><E103/><V104/><F104/><W114/><G114/><T79/><D76/><U19/><E97/><V78/><F127/><W24/><G24/><T5/><D5/><U117/><E117/><V121/><F121/><W86/><G57/><T120/><D120/><U7/><E19/><V107/><F107/><W110/><G110/><T54/><D54/><U42/><E11/><V21/><F30/><W15/><G10/><T14/><D14/><U96/><E96/><V49/><F75/><W59/><G59/><T94/><D94/><N who="3" m="36457" /><G98/><T134/><N who="0" m="51793" /><T35/><AGARI ba="0,0" hai="27,28,35,68,69,70,72,79,83,88,89" m="51793" machi="35" ten="50,6400,0" yaku="4,1,20,1,54,1" doraHai="43" who="0" fromWho="0" sc="210,64,230,-32,230,-16,330,-16" /><INIT seed="2,0,0,5,5,16" ten="274,198,214,314" oya="2" hai0="68,88,36,11,70,125,53,65,41,119,33,48,78" hai1="123,15,69,29,60,39,132,127,73,126,95,58,35" hai2="61,107,34,77,51,26,14,79,94,86,5,0,72" hai3="87,7,121,71,55,21,1,52,115,111,32,50,8"/><V42/><F107/><W44/><G32/><T118/><D33/><U10/><E39/><V110/><F0/><W80/><G71/><T9/><D78/><U40/><E73/><V128/><F72/><W85/><G121/><T91/><D125/><N who="1" m="47627" /><E123/><V59/><F128/><W2/><G111/><T75/><D75/><U17/><E40/><V124/><F124/><W31/><G115/><T56/><D41/><U18/><E132/><V90/><F110/><W30/><G2/><T113/><D36/><U83/><E69/><N who="0" m="26729" /><D65/><N who="1" m="39063" /><E83/><V28/><F42/><W20/><G55/><T24/><D113/><U74/><E95/><V105/><F105/><W4/><G87/><T3/><D3/><U49/><E49/><V99/><F51/><W54/><G54/><T100/><D100/><U82/><E82/><V27/><F86/><W13/><G1/><T19/><D9/><U64/><E64/><V130/><F130/><W6/><G85/><T96/><D96/><U101/><E101/><V117/><F99/><W97/><G80/><T122/><D122/><U12/><E74/><V76/><F94/><W37/><G37/><T114/><D114/><U66/><E66/><V38/><F38/><W23/><G97/><T120/><D120/><U92/><E92/><V116/><F61/><W84/><G84/><T22/><D11/><N who="1" m="6303" /><E35/><V57/><F34/><W106/><G106/><T46/><D56/><U67/><E67/><V81/><F59/><W25/><G25/><T103/><D103/><U135/><E29/><AGARI ba="0,0" hai="4,6,7,8,13,20,21,23,29,30,31,44,50,52" machi="29" ten="40,8000,1" yaku="8,1,52,3,54,1" doraHai="16" who="3" fromWho="1" sc="274,0,198,-80,214,0,314,80" /><INIT seed="3,0,0,5,3,52" ten="274,118,214,394" oya="3" hai0="48,67,125,81,59,74,15,22,77,18,73,76,51" hai1="20,110,70,135,44,124,43,7,93,83,128,104,19" hai2="106,34,6,134,132,120,94,9,28,5,69,41,42" hai3="55,100,3,14,103,101,131,33,95,25,2,11,39"/><W32/><G39/><T1/><D125/><U30/><E104/><V46/><F106/><W91/><G131/><T133/><D133/><N who="2" m="51306" /><F69/><W92/><G55/><T62/><REACH who="0" step="1"/><D1/><REACH who="0" ten="264,118,214,394" step="2"/><U10/><E124/><V113/><F120/><W98/><G3/><T105/><D105/><U31/><E135/><V108/><F113/><W50/><G2/><T85/><D85/><U16/><E128/><V112/><F108/><W35/><G35/><T49/><D49/><U75/><E110/><V82/><F112/><W127/><G50/><T27/><D27/><N who="1" m="14727" /><E75/><V122/><F122/><W37/><G32/><T17/><D17/><U111/><E111/><V86/><F94/><W99/><G33/><T107/><D107/><U66/><E93/><V130/><F130/><W12/><G25/><T78/><D78/><U64/><E83/><AGARI ba="0,1" hai="15,18,22,48,51,59,62,67,73,74,76,77,81,83" machi="83" ten="40,5200,0" yaku="1,1,9,1,52,1,53,0" doraHai="52" doraHaiUra="80" who="0" fromWho="1" sc="264,62,118,-52,214,0,394,0" owari="326,12.6,66,-43.4,214,-18.6,394,49.4" /></mjloggm>