<mjloggm ver="2.3"><GO type="225" lobby="0"/><UN n0="%E5%8D%A0%E3%81%84%E5%B8%AB%E8%A3%8F%E3%81%AA%E3%81%84%E3%81%97" n1="%E6%98%93%E5%88%A9%E8%96%A9%E4%BC%AF" n2="%E6%81%A5%E6%99%92%E3%81%97" n3="%E6%97%A5%E6%9B%9C%E6%97%A5%E3%82%88%E3%82%8A%E3%81%AE%E4%BD%BF%E8%80%85" dan="17,17,17,16" rate="2248.04,2146.89,2151.99,2155.67" sx="M,F,M,M"/><TAIKYOKU oya="0"/><INIT seed="0,0,0,1,0,21" ten="250,250,250,250" oya="0" hai0="82,42,115,25,20,126,93,102,23,131,98,107,47" hai1="34,8,132,18,33,135,106,104,16,116,120,58,46" hai2="7,74,24,3,103,32,108,51,52,57,111,71,27" hai3="78,0,90,53,95,62,5,92,70,85,80,30,60"/><T81/><D115/><U54/><E46/><V121/><F121/><W122/><G122/><T67/><D131/><U65/><E65/><V133/><F133/><N who="1" m="51273" /><E120/><V113/><F113/><W31/><G0/><T19/><D126/><U88/><E116/><V127/><F127/><W118/><G118/><T35/><D35/><N who="1" m="13323" /><E8/><N who="2" m="2175" /><F32/><W56/><G5/><T87/><D67/><U77/><E77/><V129/><F129/><W124/><G124/><T114/><D114/><U49/><E88/><V99/><F71/><W10/><G10/><T66/><D66/><U68/><E68/><V119/><F74/><W73/><G70/><T50/><D107/><AGARI ba="0,0" hai="16,18,49,54,58,104,106,107" m="13323,51273" machi="107" ten="40,2600,0" yaku="20,1,54,1" doraHai="21" who="1" fromWho="0" sc="250,-26,250,26,250,0,250,0" /><INIT seed="1,0,0,1,2,122" ten="224,276,250,250" oya="1" hai0="79,28,3,69,37,93,40,106,11,55,46,110,2" hai1="29,78,0,94,123,127,53,12,135,99,48,133,20" hai2="39,47,104,76,35,26,124,95,118,66,70,84,117" hai3="120,22,65,13,77,34,1,68,43,134,98,121,80"/><U114/><E123/><V5/><F124/><W9/><G34/><T31/><D106/><U30/><E0/><V24/><F24/><W27/><G134/><N who="1" m="51210" /><E114/><V59/><F59/><W6/><G43/><T112/><D112/><U58/><E78/><V72/><F95/><W54/><G54/><T74/><D69/><U128/><E128/><V85/><F104/><W51/><G51/><T132/><D132/><U7/><E127/><V61/><F84/><W42/><G42/><T67/><D67/><U101/><E20/><V10/><F85/><W38/><G38/><T88/><D55/><U50/><E48/><V103/><F103/><W100/><G13/><T19/><D19/><U75/><E75/><V60/><F60/><W71/><G65/><T63/><D63/><U14/><E14/><V64/><F64/><W96/><G121/><T115/><D115/><U86/><E86/><V16/><F76/><W113/><G120/><T36/><D2/><U23/><E23/><N who="2" m="13671" /><F72/><W129/><G113/><T89/><D36/><U130/><E130/><V102/><F35/><W41/><G129/><T82/><D89/><U49/><E49/><V107/><F102/><W18/><G100/><T92/><D92/><U91/><E101/><V62/><F107/><W83/><G77/><T32/><D32/><U56/><E56/><V111/><F62/><W8/><G71/><T44/><D44/><U97/><E97/><N who="3" m="37482" /><G68/><T131/><D131/><U21/><E21/><V4/><F39/><W33/><G33/><T119/><D37/><U73/><E73/><V45/><F70/><W17/><G1/><RYUUKYOKU ba="0,0" sc="224,-10,276,30,250,-10,250,-10" hai1="7,12,29,30,50,53,58,91,94,99" /><INIT seed="1,1,0,2,1,69" ten="214,306,240,240" oya="1" hai0="86,96,122,129,15,70,95,94,41,82,66,30,52" hai1="131,39,132,92,54,14,109,17,87,73,106,130,85" hai2="10,80,59,48,78,61,29,71,25,81,75,43,6" hai3="47,104,60,108,53,100,105,88,34,124,63,89,13"/><U51/><E106/><V93/><F93/><W107/><G34/><T99/><D129/><N who="1" m="49163" /><E73/><V36/><F81/><W7/><G108/><T46/><D122/><U76/><E132/><V68/><F48/><W114/><G114/><T64/><D30/><U90/><E76/><V44/><F59/><W74/><G74/><T55/><D70/><U32/><E32/><N who="2" m="20527" /><F61/><W8/><G100/><T120/><D120/><U98/><E39/><V117/><F117/><W38/><G124/><T83/><D15/><U1/><E1/><N who="2" m="335" /><F68/><W79/><G79/><T101/><D86/><U27/><E27/><V11/><F71/><W50/><REACH who="3" step="1"/><G38/><REACH who="3" ten="214,306,240,230" step="2"/><T118/><D118/><U67/><E109/><V127/><F11/><W4/><G4/><T135/><D135/><U134/><E134/><V24/><F24/><W113/><G113/><T18/><D101/><U112/><E112/><V115/><F115/><W57/><G57/><T9/><D9/><N who="1" m="6351" /><E67/><V121/><F127/><W21/><G21/><T28/><D64/><U26/><E26/><V103/><F121/><W97/><G97/><T31/><D66/><U111/><E111/><V42/><F103/><W125/><G125/><T65/><D65/><U119/><E119/><V128/><F128/><W116/><G116/><T91/><D91/><AGARI ba="1,1" hai="7,8,13,47,50,53,60,63,88,89,91,104,105,107" machi="91" ten="40,2600,0" yaku="1,1,54,1,53,0" doraHai="69" doraHaiUra="16" who="3" fromWho="0" sc="214,-29,306,0,240,0,230,39" /><INIT seed="2,0,0,3,4,51" ten="185,306,240,269" oya="2" hai0="122,126,54,4,127,111,114,132,81,96,116,59,9" hai1="80,44,49,90,108,31,39,105,26,87,112,43,3" hai2="103,40,25,38,24,21,113,74,62,27,134,11,86" hai3="53,45,104,124,13,35,41,106,10,102,29,7,117"/><V14/><F113/><W46/><G117/><T109/><D122/><U12/><E3/><V48/><F74/><W75/><G75/><T71/><D114/><U119/><E119/><V98/><F134/><W72/><G72/><T64/><D116/><U65/><E108/><N who="0" m="41545" /><D132/><U68/><E105/><V36/><F62/><W63/><G124/><N who="0" m="47659" /><D81/><U16/><E68/><V28/><F38/><W22/><G35/><T70/><D64/><U60/><E39/><V129/><F129/><W101/><G106/><T66/><D96/><U89/><E60/><V118/><F36/><W15/><G104/><T110/><N who="0" m="41553" /><T6/><DORA hai="79" /><D66/><U5/><E65/><V34/><F118/><W23/><G63/><N who="0" m="36343" /><D4/><U50/><E5/><V128/><F128/><W55/><G7/><T69/><D71/><U93/><E112/><V97/><F98/><W20/><G102/><T92/><D92/><U52/><E93/><V58/><F103/><W33/><G101/><T56/><D56/><U1/><E90/><V67/><F97/><W76/><G76/><T125/><N who="0" m="47667" /><T77/><DORA hai="94" /><D77/><U130/><E89/><V18/><F67/><W123/><G123/><T0/><AGARI ba="0,0" hai="0,6,9,69,70" m="36343,47667,41553" machi="0" ten="60,7900,0" yaku="14,1,18,1,52,1" doraHai="51,79,94" who="0" fromWho="0" sc="185,79,306,-20,240,-39,269,-20" /><INIT seed="3,0,0,1,1,6" ten="264,286,201,249" oya="3" hai0="126,17,16,118,3,55,24,108,19,91,106,25,45" hai1="92,2,111,107,109,66,77,61,52,38,80,133,119" hai2="18,44,100,131,94,127,75,50,8,95,90,103,10" hai3="27,124,32,9,22,15,134,129,73,84,21,58,112"/><W13/><G73/><T46/><D118/><U78/><E107/><V64/><F75/><W82/><G112/><T69/><D3/><U122/><E38/><V101/><F127/><W116/><G116/><T31/><D126/><U33/><E33/><V23/><F64/><W99/><G124/><T128/><D108/><N who="1" m="41547" /><E2/><V51/><F131/><W72/><G72/><T125/><D125/><U1/><E1/><V49/><F44/><W43/><G32/><T76/><D106/><U47/><E133/><V41/><F41/><W40/><G129/><T5/><D5/><U102/><E80/><V86/><REACH who="2" step="1"/><F95/><REACH who="2" ten="264,286,191,249" step="2"/><W74/><G74/><T68/><D45/><U79/><E92/><V59/><F59/><W28/><G134/><T135/><D46/><U105/><E47/><V115/><F115/><W14/><G58/><T30/><D128/><U96/><E66/><V4/><F4/><W123/><G43/><T89/><D135/><U0/><E119/><V37/><F37/><W12/><G40/><T67/><D67/><U117/><E117/><V11/><F11/><W98/><G123/><T70/><D70/><U132/><E122/><V34/><F34/><W93/><G93/><T29/><D68/><U113/><E113/><V7/><F7/><N who="3" m="3135" /><G22/><T65/><D69/><U60/><E132/><V26/><AGARI ba="0,1" hai="8,10,18,23,26,49,50,51,86,90,94,100,101,103" machi="26" ten="30,8000,1" yaku="1,1,0,1,8,1,52,2,53,0" doraHai="6" doraHaiUra="39" who="2" fromWho="2" sc="264,-20,286,-20,191,90,249,-40" /><INIT seed="4,0,0,2,4,72" ten="244,266,281,209" oya="0" hai0="58,60,110,117,99,64,40,68,135,28,15,13,120" hai1="8,67,111,70,123,134,128,36,92,78,100,51,95" hai2="50,53,82,11,126,125,20,69,133,89,59,98,121" hai3="5,25,35,79,1,66,80,106,49,97,22,52,116"/><T38/><D117/><U85/><E36/><V71/><F121/><W91/><G116/><T124/><D120/><U114/><E111/><V74/><F133/><W16/><G35/><T30/><D135/><U132/><E123/><V107/><F20/><W113/><G113/><T42/><D110/><U43/><E114/><V18/><F107/><W27/><G66/><T7/><D124/><N who="2" m="47722" /><F98/><W55/><G1/><T37/><D68/><U34/><E70/><V83/><F83/><W75/><G5/><T73/><D73/><U32/><E67/><V2/><F89/><W39/><G39/><T101/><D37/><U103/><E51/><V76/><F18/><W122/><G122/><T57/><D38/><U45/><E45/><V96/><F96/><W54/><G27/><T48/><D58/><U29/><E34/><V9/><F9/><W90/><REACH who="3" step="1"/><G49/><REACH who="3" ten="244,266,281,199" step="2"/><T6/><D48/><U105/><E32/><V33/><F33/><W77/><G77/><T129/><D6/><AGARI ba="0,1" hai="2,6,11,50,53,59,69,71,74,76,82" m="47722" machi="6" ten="30,2000,0" yaku="18,1,52,1" doraHai="72" who="2" fromWho="0" sc="244,-20,266,0,281,30,199,0" owari="224,-17.6,266,6.6,311,41.1,199,-30.1" /></mjloggm>