<mjloggm ver="2.3"><GO type="225" lobby="0"/><UN n0="%E3%83%96%E3%83%83%E3%83%91%E3%82%AA%E3%83%96%E3%83%81%E3%82%AD%E3%83%B3" n1="%E3%81%BD%E3%81%A1%E3%81%9F%E3%81%93%E3%82%84" n2="%77%72%77%72%77%72%77%72" n3="%E7%99%BD%E5%80%89%E5%AF%9B%E4%B9%8B" dan="16,17,17,16" rate="2122.02,2145.28,2190.94,2178.65" sx="M,M,M,M"/><TAIKYOKU oya="0"/><INIT seed="0,0,0,0,1,102" ten="250,250,250,250" oya="0" hai0="40,58,118,5,75,134,14,90,53,51,98,13,71" hai1="101,49,99,73,6,125,120,74,113,22,100,52,84" hai2="41,83,56,106,126,34,122,21,29,67,105,112,37" hai3="0,86,63,104,93,61,135,24,3,16,88,92,23"/><T107/><D118/><U17/><E120/><V117/><F112/><W20/><G135/><T123/><D123/><U50/><E113/><V32/><F122/><W45/><G104/><T111/><D75/><U133/><E133/><V9/><F117/><W2/><G45/><T35/><D134/><U19/><E125/><V39/><F126/><W69/><G69/><T131/><D35/><U89/><E6/><V87/><F21/><W43/><G43/><T81/><D71/><U44/><E17/><V121/><F121/><W30/><REACH who="3" step="1"/><G93/><REACH who="3" ten="250,250,250,240" step="2"/><N who="0" m="56631" /><D107/><U15/><E50/><V108/><F41/><W55/><G55/><T129/><D53/><U25/><E25/><AGARI ba="0,1" hai="0,2,3,16,20,23,24,25,30,61,63,86,88,92" machi="25" ten="40,5200,0" yaku="1,1,54,2,53,0" doraHai="102" doraHaiUra="64" who="3" fromWho="1" sc="250,0,250,-52,250,0,240,62" /><INIT seed="1,0,0,5,4,66" ten="250,198,250,302" oya="1" hai0="24,49,123,133,109,91,63,32,53,72,80,20,1" hai1="34,76,2,28,130,50,90,64,42,134,13,17,27" hai2="68,33,131,105,56,14,3,111,61,52,54,126,118" hai3="6,100,89,93,21,7,35,84,22,117,127,65,74"/><U38/><E130/><V5/><F118/><W114/><G35/><T106/><D1/><U15/><E134/><V73/><F131/><W55/><G74/><T86/><D133/><U122/><E122/><V45/><F3/><W10/><G114/><T62/><D109/><U125/><E125/><V85/><F73/><W97/><G127/><T69/><D123/><U92/><E2/><V41/><F126/><W29/><G117/><T39/><D106/><U30/><E38/><V37/><F111/><W51/><G65/><T103/><D32/><U113/><E113/><V31/><F105/><W44/><G29/><T77/><D103/><U82/><E64/><V129/><F129/><W102/><G102/><T67/><D63/><U96/><E30/><V78/><F68/><W43/><G43/><T110/><D39/><U135/><E135/><V112/><F112/><W87/><G87/><T99/><D99/><U26/><E26/><V108/><F108/><W36/><G36/><T47/><D110/><U9/><E13/><V115/><F115/><W88/><G89/><T16/><REACH who="0" step="1"/><D72/><REACH who="0" ten="240,198,250,302" step="2"/><U0/><E0/><V128/><F128/><W70/><G100/><T83/><D83/><U48/><REACH who="1" step="1"/><E42/><REACH who="1" ten="240,188,250,302" step="2"/><V11/><F33/><W101/><G55/><T116/><D116/><U12/><E12/><V57/><F37/><W46/><G101/><T8/><D8/><U19/><E19/><V104/><F104/><W59/><G10/><T95/><D95/><U58/><E58/><V98/><F41/><W124/><G124/><T107/><D107/><U121/><E121/><V119/><F119/><RYUUKYOKU ba="0,2" sc="240,15,188,15,250,-15,302,-15" hai0="16,20,24,47,49,53,62,67,69,77,80,86,91" hai1="9,15,17,27,28,34,48,50,76,82,90,92,96" /><INIT seed="1,1,2,4,2,18" ten="255,203,235,287" oya="1" hai0="68,55,21,93,20,70,28,5,38,1,101,50,134" hai1="103,53,88,59,0,82,32,63,113,2,69,86,135" hai2="40,133,14,102,49,66,35,77,31,16,111,23,13" hai3="104,127,80,26,110,6,119,64,100,34,94,37,42"/><U12/><E113/><V48/><F111/><W108/><G104/><T81/><D38/><U54/><E135/><V79/><F133/><W84/><G64/><T128/><D134/><U121/><E121/><V30/><F35/><W83/><G6/><T124/><D124/><U114/><E114/><V51/><F40/><W52/><G127/><T98/><D128/><U105/><E69/><V60/><F102/><W90/><G119/><T130/><D130/><U112/><E112/><V115/><F115/><W43/><G52/><T27/><D81/><N who="3" m="31305" /><G100/><T33/><D5/><U106/><E32/><V96/><F96/><W65/><G65/><T122/><D1/><U9/><E103/><V46/><F46/><W131/><G37/><T45/><REACH who="0" step="1"/><D122/><REACH who="0" ten="245,203,235,287" step="2"/><U36/><E36/><V73/><F73/><W74/><G131/><T132/><D132/><U78/><E0/><V71/><REACH who="2" step="1"/><F13/><REACH who="2" ten="245,203,225,287" step="2"/><W76/><G110/><T57/><D57/><N who="1" m="35247" /><E2/><V8/><F8/><W61/><G108/><T129/><D129/><U44/><E78/><AGARI ba="1,4" hai="14,16,23,30,31,48,49,51,60,66,71,77,78,79" machi="78" ten="40,12000,2" yaku="1,1,52,1,54,1,53,3" doraHai="18" doraHaiUra="72" who="2" fromWho="1" sc="245,0,203,-123,225,163,287,0" /><INIT seed="2,0,0,0,0,107" ten="245,80,388,287" oya="2" hai0="130,103,87,112,100,125,96,42,78,86,48,120,123" hai1="61,52,8,127,66,64,9,32,65,16,117,23,22" hai2="18,92,58,44,110,40,133,101,119,7,115,53,6" hai3="99,20,104,5,91,28,24,98,77,38,68,88,26"/><V89/><F115/><W33/><G38/><T71/><D71/><U43/><E117/><V51/><F119/><W121/><G121/><N who="0" m="46667" /><D48/><U106/><E32/><V21/><F133/><W60/><G5/><T69/><D42/><U102/><E127/><V95/><F101/><N who="0" m="38986" /><D69/><U35/><E35/><V81/><F81/><W49/><G49/><T111/><D112/><U114/><E114/><V79/><F79/><W83/><G104/><T0/><D0/><U45/><BYE who="0" /><E102/><V12/><F110/><W46/><G46/><T27/><D27/><U109/><E106/><V74/><F95/><W37/><G37/><T105/><D105/><U25/><E109/><V84/><REACH who="2" step="1"/><F74/><REACH who="2" ten="245,80,378,287" step="2"/><W41/><G83/><T1/><D1/><U4/><E4/><UN n0="%E3%83%96%E3%83%83%E3%83%91%E3%82%AA%E3%83%96%E3%83%81%E3%82%AD%E3%83%B3" /><V59/><F59/><W17/><G77/><T67/><D78/><U94/><E94/><V19/><F19/><W108/><G17/><T36/><D111/><U122/><E122/><V128/><F128/><W75/><G108/><T31/><D130/><U56/><REACH who="1" step="1"/><E22/><REACH who="1" ten="245,70,378,287" step="2"/><V63/><AGARI ba="0,2" hai="6,7,12,18,21,40,44,51,53,58,63,84,89,92" machi="63" ten="20,12000,1" yaku="1,1,0,1,7,1,8,1,53,1" doraHai="107" doraHaiUra="14" who="2" fromWho="2" sc="245,-40,70,-40,378,140,287,-40" /><INIT seed="2,1,0,2,2,22" ten="205,30,518,247" oya="2" hai0="109,49,69,105,56,66,117,19,90,96,74,17,75" hai1="104,14,121,123,73,44,82,64,93,46,24,51,98" hai2="92,8,30,58,6,11,80,76,59,63,27,114,106" hai3="103,52,2,107,45,48,31,1,118,102,130,83,97"/><V5/><F106/><W16/><G118/><T89/><D69/><U77/><E64/><V3/><F114/><W125/><G125/><T33/><D33/><U85/><E14/><V13/><F92/><W7/><G130/><T26/><D109/><U95/><E46/><V53/><F59/><W15/><G7/><T101/><D117/><U131/><E131/><V100/><F100/><W70/><G70/><T23/><D17/><U79/><E51/><V135/><F135/><W68/><G68/><T40/><D66/><U126/><E44/><V133/><F133/><W122/><G122/><T120/><D120/><N who="1" m="46155" /><E24/><V67/><F53/><W18/><G103/><T9/><D40/><U119/><E119/><V65/><F65/><W34/><G18/><T116/><D116/><U28/><E28/><V87/><F30/><W112/><G112/><T54/><D9/><U99/><E126/><V128/><F128/><W94/><G107/><T57/><D57/><U84/><E104/><V110/><F110/><W124/><G124/><T127/><D127/><U36/><E36/><V39/><F39/><W61/><G61/><T134/><D134/><U0/><E0/><V115/><F115/><W12/><G12/><T108/><D108/><U32/><E32/><V41/><F41/><W21/><G31/><T91/><AGARI ba="1,0" hai="19,23,26,49,54,56,74,75,89,90,91,96,101,105" machi="91" ten="30,2000,0" yaku="0,1,52,1" doraHai="22" who="0" fromWho="0" sc="205,23,30,-6,518,-11,247,-6" /><INIT seed="3,0,0,0,3,102" ten="228,24,507,241" oya="3" hai0="26,49,120,123,19,135,12,1,8,107,97,74,35" hai1="5,30,4,110,62,83,124,99,134,69,118,42,65" hai2="31,81,112,50,61,7,3,11,53,28,68,116,36" hai3="131,104,73,43,23,105,100,72,122,52,115,98,15"/><W41/><G115/><T39/><D39/><U60/><E83/><V29/><F36/><W111/><G122/><T9/><D74/><U113/><E99/><V121/><F116/><W86/><G131/><T82/><D82/><U71/><E30/><V44/><F112/><W27/><G111/><T84/><D84/><U59/><E4/><V87/><F121/><N who="0" m="46666" /><D49/><U37/><E5/><V17/><F17/><W103/><G86/><T89/><D89/><U101/><E101/><V88/><F68/><W128/><G128/><T66/><D107/><U25/><E25/><V56/><F28/><W16/><G73/><T92/><D92/><U54/><E113/><V130/><F130/><W67/><G72/><T133/><D97/><U57/><E110/><V109/><F109/><W90/><G67/><AGARI ba="0,0" hai="3,7,11,29,31,44,50,53,56,61,67,81,87,88" machi="67" ten="30,2000,0" yaku="7,1,54,1" doraHai="102" who="2" fromWho="3" sc="228,0,24,0,507,20,241,-20" owari="228,2.8,24,-47.6,527,62.7,221,-17.9" /></mjloggm>