<mjloggm ver="2.3"><GO type="225" lobby="0"/><UN n0="%E5%91%A8%E6%9D%B1" n1="%E3%81%95%E3%82%88%E3%81%AA%E3%82%89%E3%83%9A%E3%81%BA%E3%83%9A" n2="%E6%A1%9C%E6%B2%A2%E5%A2%A8" n3="%E3%83%96%E3%83%83%E3%83%91%E3%82%AA%E3%83%96%E3%83%81%E3%82%AD%E3%83%B3" dan="17,16,17,16" rate="2130.23,2126.09,2182.41,2151.38" sx="M,F,F,M"/><TAIKYOKU oya="0"/><INIT seed="0,0,0,3,3,38" ten="250,250,250,250" oya="0" hai0="122,2,91,22,23,94,69,124,55,56,4,10,20" hai1="78,64,17,43,7,106,36,27,14,77,49,123,134" hai2="70,109,44,126,86,42,40,96,61,99,60,87,21" hai3="104,5,50,135,73,63,111,110,67,97,33,19,119"/><T28/><D69/><U8/><E123/><V120/><F120/><W57/><G119/><T100/><D122/><U15/><E134/><V102/><F109/><N who="3" m="41483" /><G135/><T114/><D114/><U89/><E106/><V92/><F126/><W52/><G73/><T45/><D124/><U53/><E64/><V81/><F70/><W46/><G5/><T131/><D100/><U113/><E113/><V3/><F3/><W35/><G19/><T16/><D45/><N who="1" m="25791" /><E36/><V68/><F68/><W127/><G127/><T84/><D28/><U128/><E128/><V83/><F44/><W129/><G129/><T32/><D32/><U51/><E27/><V6/><F6/><W103/><AGARI ba="0,0" hai="33,35,46,50,52,57,63,67,97,103,104" m="41483" machi="103" ten="30,2000,0" yaku="14,1,54,1" doraHai="38" who="3" fromWho="3" sc="250,-10,250,-5,250,-5,250,20" /><INIT seed="1,0,0,1,0,71" ten="240,245,245,270" oya="1" hai0="92,27,127,1,119,40,82,111,79,57,11,53,100" hai1="83,87,52,98,50,10,38,81,129,37,107,130,117" hai2="26,62,7,96,115,44,17,113,23,67,73,29,86" hai3="109,24,125,49,106,116,102,55,68,16,56,94,88"/><U70/><E70/><V123/><F123/><W65/><G109/><T31/><D111/><U90/><E117/><V20/><F73/><W42/><G125/><T46/><D127/><U0/><E83/><V108/><F108/><W61/><G116/><T95/><D119/><U89/><E0/><V118/><F118/><W122/><G122/><T43/><D43/><U91/><E10/><V3/><F86/><W110/><G110/><T126/><D100/><U128/><E107/><V25/><F96/><W2/><G2/><T78/><D78/><N who="1" m="46519" /><E98/><V41/><F3/><W33/><G106/><T93/><D126/><U45/><AGARI ba="0,0" hai="37,38,45,50,52,89,90,91,128,129,130" m="46519" machi="45" ten="40,12000,1" yaku="19,1,52,2,54,1" doraHai="71" who="1" fromWho="1" sc="240,-40,245,120,245,-40,270,-40" /><INIT seed="1,1,0,2,1,74" ten="200,365,205,230" oya="1" hai0="134,39,82,52,119,64,117,61,62,55,109,72,23" hai1="79,12,67,73,94,46,42,107,110,113,108,4,105" hai2="102,81,89,131,34,45,24,47,125,6,54,129,57" hai3="122,44,78,58,116,17,135,30,8,115,59,84,48"/><U106/><E113/><V118/><F118/><W29/><G122/><T35/><D35/><U32/><E32/><V91/><F125/><W101/><G135/><T76/><D39/><U18/><E4/><V21/><F34/><W1/><G101/><T128/><D134/><U65/><E94/><V51/><F102/><W132/><G115/><T33/><D33/><U49/><E73/><V37/><F6/><W10/><G1/><T86/><D128/><N who="2" m="49226" /><F37/><W16/><G132/><T85/><D109/><N who="1" m="42091" /><E79/><V80/><F80/><N who="3" m="47127" /><G8/><AGARI ba="1,0" hai="8,12,18,42,46,49,65,67,105,106,107" m="42091" machi="8" ten="40,3900,0" yaku="14,1,10,1" doraHai="74" who="1" fromWho="3" sc="200,0,365,42,205,0,230,-42" /><INIT seed="1,2,0,3,2,102" ten="200,407,205,188" oya="1" hai0="88,111,49,58,112,61,47,65,57,35,116,24,50" hai1="107,91,33,25,48,39,128,131,133,2,92,108,27" hai2="94,12,29,97,98,71,126,122,109,63,78,44,96" hai3="46,117,105,64,124,16,80,38,56,85,36,73,22"/><U101/><E133/><V11/><F122/><W21/><G124/><T51/><D112/><U9/><E39/><V129/><F126/><W135/><G135/><T55/><D116/><U95/><E48/><V45/><F109/><W79/><G117/><T83/><D111/><U28/><E108/><V15/><F129/><N who="1" m="49737" /><E27/><V90/><F78/><W41/><G22/><T106/><D106/><U40/><E40/><V67/><F29/><W110/><G110/><T104/><D104/><U72/><E72/><V1/><F1/><W77/><G105/><T4/><D4/><N who="1" m="1175" /><E91/><V134/><F134/><W115/><G115/><T34/><D24/><U7/><E7/><V125/><F125/><W17/><G38/><T74/><D74/><U113/><E113/><V30/><F30/><W132/><G132/><T5/><D5/><U82/><E82/><V10/><F10/><W18/><G73/><T69/><D35/><U123/><E123/><V66/><F11/><W14/><REACH who="3" step="1"/><G79/><REACH who="3" ten="200,407,205,178" step="2"/><T42/><D34/><U118/><E118/><V0/><F0/><W3/><G3/><T20/><D20/><U121/><E121/><V114/><F114/><W26/><G26/><T62/><D83/><U84/><E84/><N who="2" m="52551" /><F12/><W76/><G76/><T99/><REACH who="0" step="1"/><D69/><REACH who="0" ten="190,407,205,178" step="2"/><U59/><E59/><N who="2" m="37247" /><F15/><W81/><G81/><T100/><D100/><U54/><E101/><V13/><F13/><W8/><G8/><T19/><D19/><U53/><E107/><V68/><F68/><W60/><AGARI ba="2,2" hai="14,16,17,18,21,36,41,46,56,60,64,77,80,85" machi="60" ten="30,4000,0" yaku="1,1,0,1,54,1,53,0" doraHai="102" doraHaiUra="93" who="3" fromWho="3" sc="190,-12,407,-22,205,-12,178,66" /><INIT seed="2,0,0,5,2,119" ten="178,385,193,244" oya="2" hai0="59,1,133,91,72,61,32,73,128,29,25,2,12" hai1="74,71,69,101,123,129,16,46,83,131,93,15,85" hai2="116,38,125,87,42,122,37,50,17,35,28,36,55" hai3="78,24,7,31,23,70,94,18,20,113,41,47,56"/><V112/><F116/><W96/><G113/><T115/><D115/><U49/><E74/><V10/><F112/><W99/><G70/><T107/><D107/><U84/><E123/><V117/><F117/><W5/><G78/><T126/><D133/><U66/><E101/><V45/><F125/><W58/><G7/><T98/><D126/><U124/><E93/><V127/><F127/><W54/><G5/><T44/><D128/><N who="1" m="49227" /><E66/><V104/><F104/><W57/><G54/><T14/><D73/><U102/><E102/><V3/><F122/><W114/><G114/><T90/><D72/><U43/><E124/><V132/><F132/><W65/><G65/><T134/><D134/><U89/><E84/><V75/><F75/><W34/><G34/><T121/><D121/><U97/><E97/><V48/><F3/><W27/><REACH who="3" step="1"/><G94/><REACH who="3" ten="178,385,193,234" step="2"/><T8/><D32/><U68/><E68/><V95/><F35/><W118/><G118/><T30/><D2/><U4/><E4/><V63/><F95/><W39/><AGARI ba="0,1" hai="18,20,23,24,27,31,39,41,47,56,57,58,96,99" machi="39" ten="30,7900,0" yaku="1,1,0,1,53,2" doraHai="119" doraHaiUra="19" who="3" fromWho="3" sc="178,-20,385,-20,193,-39,234,89" /><INIT seed="3,0,0,5,2,97" ten="158,365,154,323" oya="3" hai0="105,45,60,24,30,9,121,50,77,70,118,95,113" hai1="4,39,102,32,49,131,15,23,22,63,48,65,53" hai2="117,7,28,96,123,125,89,94,129,25,134,3,57" hai3="46,52,51,0,16,99,54,108,75,34,114,93,107"/><W19/><G114/><T20/><D113/><U71/><E32/><V78/><F117/><W130/><G75/><T41/><D105/><U5/><E39/><V36/><F36/><W100/><G0/><T104/><D104/><U38/><E38/><V72/><F125/><W66/><G34/><T88/><D118/><U86/><E131/><V43/><F129/><W14/><G130/><T83/><D121/><U127/><E127/><V58/><F43/><W37/><G108/><T73/><D9/><U82/><E102/><V59/><F134/><W69/><G37/><T126/><D126/><U111/><E111/><V81/><F123/><W67/><G69/><T11/><D11/><U2/><E2/><V124/><F124/><W90/><G54/><T31/><D31/><U115/><E115/><V21/><F3/><W68/><G68/><T18/><D30/><U76/><E49/><V33/><REACH who="2" step="1"/><F7/><REACH who="2" ten="158,365,144,323" step="2"/><W92/><G107/><T1/><D1/><U110/><E110/><V44/><F44/><W128/><G128/><T62/><D70/><U101/><E5/><V12/><F12/><W27/><G27/><T47/><D47/><N who="1" m="27807" /><E15/><V29/><F29/><W10/><G19/><T17/><D18/><U133/><E4/><V135/><F135/><W132/><G132/><T55/><D41/><U40/><E40/><V8/><F8/><W56/><G46/><T35/><D35/><AGARI ba="0,1" hai="21,25,28,33,35,57,58,59,72,78,81,89,94,96" machi="35" ten="40,1300,0" yaku="1,1,53,0" doraHai="97" doraHaiUra="61" who="2" fromWho="0" sc="158,-13,365,0,144,23,323,0" owari="145,-35.5,365,46.5,167,-23.3,323,12.3" /></mjloggm>