<mjloggm ver="2.3"><GO type="225" lobby="0"/><UN n0="%E6%98%93%E5%88%A9%E8%96%A9%E4%BC%AF" n1="%E4%BF%BA%E3%81%A8%E5%A6%96%E5%A4%A2" n2="%33%74%72%65%65" n3="%72%69%6F%75%63%68%61%6E" dan="16,16,16,16" rate="2154.03,2132.72,2121.48,2174.74" sx="F,F,F,M"/><TAIKYOKU oya="0"/><INIT seed="0,0,0,2,3,132" ten="250,250,250,250" oya="0" hai0="78,112,17,95,106,26,68,123,18,5,85,49,96" hai1="31,42,35,47,53,90,11,62,82,100,98,80,86" hai2="38,50,28,8,9,58,118,55,32,45,15,23,22" hai3="108,65,128,6,130,24,36,116,125,79,74,133,73"/><T56/><D68/><U117/><E117/><V91/><F118/><W131/><G116/><T71/><D71/><U122/><E122/><V25/><F8/><W105/><G105/><T59/><D106/><U4/><E31/><V126/><F126/><W103/><G36/><T19/><D112/><U40/><E35/><V30/><F30/><W46/><G108/><T61/><D123/><U101/><E80/><V21/><F38/><W52/><G103/><T120/><D120/><U0/><E100/><V83/><F58/><W127/><G65/><T94/><D5/><U41/><E62/><V87/><REACH who="2" step="1"/><F32/><REACH who="2" ten="250,250,240,250" step="2"/><W66/><G133/><T48/><D59/><U63/><E11/><V76/><F76/><W110/><G79/><T39/><D39/><U67/><E0/><V12/><F12/><W2/><G110/><T27/><D78/><U60/><E4/><AGARI ba="0,1" hai="4,9,15,21,22,23,25,28,45,50,55,83,87,91" machi="4" ten="30,3900,0" yaku="1,1,7,1,8,1,53,0" doraHai="132" doraHaiUra="135" who="2" fromWho="1" sc="250,0,250,-39,240,49,250,0" /><INIT seed="1,0,0,1,5,68" ten="250,211,289,250" oya="1" hai0="29,21,114,32,109,8,121,42,6,103,119,3,90" hai1="120,85,7,108,59,24,27,1,30,0,53,72,102" hai2="113,66,77,22,83,9,28,51,37,94,128,2,79" hai3="133,61,48,55,127,34,20,132,82,13,17,106,57"/><U71/><E72/><V135/><F135/><N who="3" m="51787" /><G34/><T131/><D103/><U78/><E120/><V14/><F128/><W88/><G106/><T111/><D90/><U96/><E71/><V130/><F130/><W33/><G33/><T93/><D93/><U19/><E108/><N who="0" m="41545" /><D131/><U91/><E78/><V76/><F83/><W36/><G127/><T115/><D42/><U26/><E30/><V75/><F75/><W123/><G123/><T125/><D121/><U63/><E19/><V65/><F28/><W81/><G36/><T116/><D21/><U50/><E63/><V4/><F37/><W47/><G88/><T134/><D134/><U107/><REACH who="1" step="1"/><E7/><REACH who="1" ten="250,201,289,250" step="2"/><V74/><F74/><W67/><AGARI ba="0,1" hai="13,17,20,47,48,55,57,61,67,81,82" m="51787" machi="67" ten="30,1100,0" yaku="20,1" doraHai="68" who="3" fromWho="3" sc="250,-3,201,-5,289,-3,250,21" /><INIT seed="2,0,0,4,5,115" ten="247,196,286,271" oya="2" hai0="66,53,45,93,11,114,3,131,17,83,25,104,88" hai1="15,109,54,80,120,42,99,57,29,92,23,35,70" hai2="61,134,132,16,74,13,7,77,24,32,8,43,1" hai3="21,36,52,62,65,96,41,111,116,68,130,31,78"/><V46/><F61/><W55/><G116/><T39/><D104/><U49/><E35/><V73/><F32/><W63/><G78/><T14/><D66/><U128/><E109/><V108/><F24/><W95/><G111/><T81/><D114/><U69/><E128/><V85/><F85/><W58/><G130/><T40/><D131/><U51/><E120/><V112/><F112/><W84/><G84/><T87/><D3/><U9/><E80/><N who="2" m="45103" /><F74/><W4/><G4/><T125/><D125/><U76/><E76/><V82/><F82/><W94/><G55/><T6/><REACH who="0" step="1"/><D53/><REACH who="0" ten="237,196,286,271" step="2"/><U119/><E69/><V20/><F108/><W98/><G68/><T79/><D79/><U110/><E70/><V22/><F134/><W135/><G65/><T123/><D123/><U97/><E110/><V2/><F2/><W117/><G135/><T71/><D71/><U75/><E75/><V33/><F132/><W37/><G52/><T106/><D106/><U50/><E42/><V60/><F1/><W72/><G41/><T118/><D118/><U27/><E119/><V133/><F43/><W10/><G117/><T28/><D28/><U18/><REACH who="1" step="1"/><E97/><REACH who="1" ten="237,186,286,271" step="2"/><V127/><F133/><W101/><G72/><T100/><D100/><AGARI ba="0,2" hai="9,15,18,23,27,29,49,50,51,54,57,92,99,100" machi="100" ten="30,7700,0" yaku="1,1,2,1,7,1,8,1,53,0" doraHai="115" doraHaiUra="121" who="1" fromWho="0" sc="237,-77,186,97,286,0,271,0" /><INIT seed="3,0,0,1,2,132" ten="160,283,286,271" oya="3" hai0="22,23,87,91,35,76,84,133,116,26,77,5,33" hai1="37,69,45,86,118,81,92,57,112,15,56,90,93" hai2="3,34,8,24,6,99,101,66,85,55,104,47,64" hai3="126,32,38,39,103,124,7,10,88,20,119,65,80"/><W25/><G119/><T131/><D116/><U135/><E118/><V109/><F109/><W53/><G32/><T134/><D131/><U105/><E112/><V19/><F85/><N who="3" m="50215" /><G65/><T1/><D26/><U96/><E69/><V94/><F104/><W73/><G73/><T108/><D5/><U12/><E135/><V97/><F97/><W102/><G53/><T127/><D91/><U21/><E105/><V31/><F19/><N who="3" m="12447" /><G38/><T17/><D17/><U117/><E117/><V29/><F29/><W61/><G39/><T123/><D1/><U79/><E93/><V71/><F71/><W46/><G46/><T100/><D100/><U78/><E21/><V13/><F3/><W27/><G61/><T83/><D83/><U130/><E130/><V36/><F36/><W60/><G60/><T125/><D108/><U106/><E106/><V59/><F47/><W54/><G54/><T89/><D89/><N who="1" m="55311" /><E45/><V28/><F28/><W63/><G63/><T18/><D18/><U113/><E37/><V128/><F128/><W43/><G27/><T0/><REACH who="0" step="1"/><D0/><REACH who="0" ten="150,283,286,271" step="2"/><U98/><E90/><V72/><F24/><W4/><G4/><T82/><D82/><U111/><E111/><V16/><F6/><W50/><G102/><T41/><D41/><U40/><E40/><V95/><F101/><W14/><G103/><T30/><D30/><U51/><E81/><V2/><F2/><W68/><G68/><T70/><D70/><U52/><E78/><V120/><F31/><W107/><G107/><T42/><D42/><U67/><E79/><V48/><F16/><W115/><G115/><RYUUKYOKU ba="0,1" sc="150,15,283,-15,286,-15,271,15" hai0="22,23,33,35,76,77,84,87,123,125,127,133,134" hai3="7,10,14,43,50,124,126" /><INIT seed="3,1,1,4,0,20" ten="165,268,271,286" oya="3" hai0="10,82,118,115,107,122,92,71,126,125,56,40,130" hai1="104,135,95,102,47,116,97,35,43,14,69,25,66" hai2="4,106,53,6,77,37,64,17,68,78,38,74,50" hai3="88,124,27,123,36,85,121,112,61,103,52,96,81"/><W117/><G112/><T128/><D107/><U131/><E131/><N who="0" m="50217" /><D71/><U22/><E135/><V134/><F134/><W12/><G117/><T57/><D118/><U21/><E14/><V3/><F106/><W108/><G36/><T70/><D70/><U99/><E116/><V90/><F68/><W111/><G124/><N who="0" m="47723" /><D122/><U89/><E66/><V29/><F64/><W28/><G12/><T45/><D82/><U24/><E69/><V18/><F3/><W119/><G119/><T129/><N who="0" m="50225" /><T54/><DORA hai="48" /><D92/><U46/><E35/><V110/><F38/><W9/><G9/><T34/><D34/><U0/><E0/><V91/><F37/><W105/><G61/><N who="0" m="35991" /><D10/><U113/><E113/><V58/><F74/><W80/><G80/><T132/><D115/><U120/><E120/><V73/><F73/><W86/><G86/><T65/><D132/><U75/><E75/><V5/><F29/><W2/><G2/><T87/><D87/><U7/><E7/><V84/><F84/><W30/><G30/><T42/><D45/><U72/><E72/><V49/><F5/><W79/><G79/><T55/><D65/><U33/><E46/><V62/><F78/><W8/><G8/><T31/><D31/><U59/><E33/><V41/><F77/><W13/><G123/><T63/><AGARI ba="1,1" hai="40,42,55,57,63" m="35991,47723,50225" machi="63" ten="50,12000,2" yaku="19,1,18,1,34,2,52,2" doraHai="20,48" who="0" fromWho="0" sc="165,133,268,-31,271,-31,286,-61" /><INIT seed="4,0,0,1,4,114" ten="298,237,240,225" oya="0" hai0="103,59,84,6,111,14,69,19,85,108,10,49,100" hai1="2,62,51,64,34,130,120,101,24,122,40,104,48" hai2="65,123,107,1,47,73,20,88,7,106,79,44,60" hai3="30,38,74,16,11,31,94,21,26,71,131,119,93"/><T105/><D69/><U54/><E2/><V133/><F123/><W86/><G119/><T125/><D125/><U81/><E130/><V89/><F73/><W70/><G74/><T82/><D85/><U126/><E126/><V121/><F121/><W91/><G131/><T9/><D105/><U129/><E129/><V97/><F79/><W0/><G38/><T45/><D59/><U53/><E81/><V4/><F20/><W90/><G0/><T75/><D75/><U41/><E24/><V13/><F1/><W43/><G43/><N who="1" m="16458" /><E34/><V118/><F13/><N who="3" m="7231" /><G70/><T50/><D100/><U37/><E101/><V134/><F97/><N who="3" m="57527" /><G71/><T132/><D132/><U135/><E104/><V72/><F72/><W66/><G66/><T80/><D103/><U57/><E135/><V115/><F65/><W102/><G102/><T25/><D82/><U63/><E37/><V96/><F96/><W56/><G56/><T58/><D58/><N who="1" m="36951" /><E48/><V23/><F118/><W87/><G86/><T22/><D50/><U68/><E68/><V76/><F60/><W117/><G117/><T55/><REACH who="0" step="1"/><D10/><REACH who="0" ten="288,237,240,225" step="2"/><U15/><E122/><V116/><F133/><W127/><G127/><T29/><D29/><AGARI ba="0,1" hai="21,26,29,30,31,87,91,94" m="57527,7231" machi="29" ten="30,2000,0" yaku="8,1,54,1" doraHai="114" who="3" fromWho="0" sc="288,-20,237,0,240,0,225,30" /><INIT seed="5,0,0,5,5,113" ten="268,237,240,255" oya="1" hai0="117,124,24,104,33,119,2,43,125,111,48,53,98" hai1="85,42,67,68,35,122,40,94,107,20,15,61,95" hai2="102,59,128,78,0,83,118,45,17,112,90,127,120" hai3="58,1,37,132,86,116,126,4,88,77,25,108,5"/><U56/><E122/><V34/><F120/><W30/><G108/><T66/><D111/><U19/><E107/><V12/><F0/><W50/><G37/><T36/><D66/><U23/><E35/><V87/><F34/><W100/><G1/><T39/><D2/><U38/><E38/><V47/><F128/><W41/><G126/><N who="0" m="48747" /><D43/><U105/><E105/><V8/><F127/><W71/><G116/><N who="0" m="44619" /><D98/><U13/><E68/><V22/><F118/><W130/><G71/><T26/><D104/><U115/><E115/><V133/><F112/><W62/><G132/><T9/><D9/><U76/><E95/><V91/><F133/><W31/><G130/><T69/><D69/><U51/><E51/><V49/><F8/><W81/><G41/><T97/><D97/><U32/><E32/><V73/><F49/><W75/><G50/><T60/><D60/><U3/><E3/><V16/><F22/><W29/><G100/><T18/><D18/><N who="1" m="10319" /><E94/><V93/><F93/><W103/><G103/><T64/><D64/><U27/><E15/><V10/><F12/><W7/><G25/><N who="0" m="9835" /><D33/><U72/><E72/><V57/><F73/><W54/><REACH who="3" step="1"/><G75/><REACH who="3" ten="268,237,240,245" step="2"/><T65/><D65/><U46/><E46/><AGARI ba="0,1" hai="36,39,46,48,53" m="9835,44619,48747" machi="46" ten="30,7700,0" yaku="18,1,52,3" doraHai="113" who="0" fromWho="1" sc="268,87,237,-77,240,0,245,0" owari="355,45.5,160,-34.0,240,-16.0,245,4.5" /></mjloggm>