<mjloggm ver="2.3"><GO type="225" lobby="0"/><UN n0="%E5%B0%8F%E5%AE%AE%E3%81%9F%E3%81%9A%E3%81%8D" n1="%6C%65%74%69%74%62%65" n2="%E6%A1%9C%E8%8A%B1%E9%96%83%E3%80%85" n3="%E7%B4%94%E6%BD%94%E3%83%94%E3%83%A9%E3%83%8B%E3%82%A2" dan="16,16,16,16" rate="2125.96,2116.31,2132.39,2084.29" sx="F,M,M,M"/><TAIKYOKU oya="0"/><INIT seed="0,0,0,1,1,66" ten="250,250,250,250" oya="0" hai0="3,81,60,34,0,95,123,128,40,92,42,5,65" hai1="93,28,119,102,87,11,106,110,59,35,79,126,133" hai2="15,80,76,125,111,86,33,56,38,91,130,58,10" hai3="49,32,64,1,77,6,45,26,90,114,100,43,88"/><T108/><D123/><U9/><E119/><V107/><F38/><W17/><G114/><T122/><D122/><U99/><E110/><V69/><F111/><W84/><G100/><T131/><D108/><U103/><E133/><V127/><F130/><N who="0" m="49706" /><D34/><U13/><E126/><N who="2" m="48139" /><F33/><W85/><G1/><N who="0" m="587" /><D5/><U25/><E13/><V54/><F107/><W52/><G6/><T73/><D81/><U51/><E102/><V104/><F104/><W121/><G121/><T134/><D73/><U115/><E115/><V109/><F109/><W24/><G32/><T30/><D30/><U20/><E35/><V27/><F27/><W67/><G77/><T19/><D19/><U82/><REACH who="1" step="1"/><E106/><REACH who="1" ten="250,240,250,250" step="2"/><V113/><F113/><W74/><G24/><T48/><D134/><U21/><E21/><V83/><F15/><W7/><G26/><T98/><D48/><U105/><E105/><V31/><F10/><W118/><G49/><T68/><D95/><U46/><E46/><V12/><F12/><W78/><G45/><T4/><D4/><U132/><E132/><V71/><F83/><W72/><G7/><T39/><D39/><U2/><E2/><V75/><F80/><W124/><G124/><T29/><D29/><U8/><E8/><V53/><F31/><W135/><G135/><T36/><D36/><U14/><E14/><V120/><F120/><W70/><G118/><T41/><D92/><U23/><E23/><V97/><F75/><W44/><G74/><T116/><D116/><U62/><E62/><V101/><F101/><W18/><G72/><T112/><D112/><U61/><E61/><RYUUKYOKU ba="0,1" sc="250,15,240,15,250,-15,250,-15" hai0="40,41,42,60,65,68,98" hai1="9,11,20,25,28,51,59,79,82,87,93,99,103" /><INIT seed="0,1,1,4,0,113" ten="265,255,235,235" oya="0" hai0="27,5,39,28,83,97,87,110,63,72,32,79,37" hai1="80,4,95,24,127,131,118,101,30,64,85,114,18" hai2="14,13,107,46,21,17,104,111,82,53,88,52,119" hai3="61,70,50,69,112,130,105,92,67,94,10,128,89"/><T75/><D110/><U106/><E106/><V33/><F111/><W56/><G105/><T26/><D5/><U121/><E121/><V109/><F109/><W31/><G112/><T20/><D97/><U78/><E114/><V23/><F33/><W38/><G38/><T51/><D51/><U19/><E118/><V129/><F129/><N who="3" m="49771" /><G31/><T84/><D63/><U42/><E42/><V44/><F82/><W16/><G50/><T91/><D84/><U98/><E131/><V25/><F17/><W77/><G77/><T45/><D45/><U81/><E127/><V126/><F25/><W15/><G94/><T60/><D60/><U36/><E36/><V115/><F115/><W49/><G49/><T43/><D43/><U102/><E64/><V117/><REACH who="2" step="1"/><F88/><REACH who="2" ten="265,255,225,235" step="2"/><W6/><G6/><T76/><D76/><U2/><E80/><V134/><F134/><W11/><G11/><T120/><D120/><U132/><E132/><V29/><F29/><W122/><G122/><T47/><D79/><U71/><E30/><V1/><F1/><W59/><G70/><T62/><D26/><U65/><E2/><V133/><F133/><W0/><G0/><T86/><D32/><U135/><E24/><V58/><F58/><W124/><G124/><AGARI ba="1,2" hai="13,14,21,23,44,46,52,53,104,107,117,119,124,126" machi="124" ten="25,12000,2" yaku="1,1,22,2,52,2,54,1,53,0" doraHai="113" doraHaiUra="66" who="2" fromWho="3" sc="265,0,255,0,225,143,235,-123" /><INIT seed="1,0,0,3,2,118" ten="265,255,368,112" oya="1" hai0="94,33,72,40,55,17,29,45,135,97,124,68,28" hai1="125,0,93,130,54,62,98,74,27,100,64,51,66" hai2="96,37,90,52,123,133,85,126,53,103,119,65,113" hai3="61,8,91,99,18,129,24,22,26,78,86,11,41"/><U105/><E130/><V120/><F119/><W9/><G129/><T48/><D124/><U101/><E0/><V122/><F126/><W88/><G41/><T104/><D135/><U6/><E6/><V14/><F133/><W16/><G61/><T127/><D127/><U115/><E74/><V30/><F37/><W46/><G46/><T107/><D72/><U81/><E115/><V110/><F113/><W95/><G78/><T67/><D104/><U49/><E81/><V13/><F65/><W106/><G106/><T102/><D33/><U108/><E125/><V112/><F30/><W70/><G70/><T38/><D17/><U134/><E134/><V89/><F110/><W116/><G116/><T84/><D84/><U92/><E51/><V31/><F31/><W4/><G24/><T60/><REACH who="0" step="1"/><D107/><REACH who="0" ten="255,255,368,112" step="2"/><U73/><E73/><V19/><F85/><W25/><G26/><T10/><D10/><U82/><E27/><V57/><F112/><W79/><G79/><T44/><AGARI ba="0,1" hai="28,29,38,40,44,45,48,55,60,67,68,94,97,102" machi="44" ten="20,8000,1" yaku="1,1,0,1,7,1,53,2" doraHai="118" doraHaiUra="43" who="0" fromWho="0" sc="255,90,255,-40,368,-20,112,-20" /><INIT seed="2,0,0,1,1,34" ten="345,215,348,92" oya="2" hai0="30,128,87,104,63,5,60,103,44,29,92,39,117" hai1="10,32,3,54,48,94,53,36,37,70,75,19,11" hai2="72,81,6,110,17,133,123,28,84,126,51,67,12" hai3="134,112,116,89,38,69,22,100,43,24,7,64,88"/><V55/><F123/><W68/><G116/><T79/><D92/><U42/><E75/><V14/><F126/><W58/><G134/><T71/><D87/><U102/><E32/><V119/><F119/><W21/><G112/><T35/><D79/><U13/><E70/><V26/><F133/><W129/><G129/><T76/><D76/><U62/><E42/><V2/><F67/><W101/><G38/><T80/><D80/><U109/><E109/><V61/><F61/><W85/><G43/><T115/><D35/><U107/><E107/><V131/><F72/><W47/><G47/><T66/><D5/><U127/><E127/><V74/><F74/><W16/><G7/><T77/><D44/><U31/><E31/><V25/><F2/><W114/><G114/><T130/><D77/><U120/><E120/><V27/><F28/><N who="0" m="10858" /><D39/><U45/><E94/><V57/><F110/><W113/><G113/><T83/><D117/><U105/><E105/><V132/><F132/><W97/><G97/><N who="0" m="61551" /><D83/><U73/><E102/><N who="3" m="39530" /><G69/><T78/><D115/><U65/><E73/><V8/><F131/><N who="0" m="50218" /><D78/><U90/><E90/><N who="3" m="34922" /><G68/><T23/><D60/><U59/><E53/><V20/><F81/><W50/><G85/><AGARI ba="0,0" hai="6,8,12,14,17,20,25,26,27,51,55,57,84,85" machi="85" ten="40,2000,0" yaku="8,1" doraHai="34" who="2" fromWho="3" sc="345,0,215,0,348,20,92,-20" /><INIT seed="2,1,0,1,1,126" ten="345,215,368,72" oya="2" hai0="125,121,6,73,68,71,32,76,131,27,58,100,9" hai1="28,20,109,135,8,96,87,54,24,48,62,45,124" hai2="25,64,16,111,86,42,83,66,84,60,4,75,29" hai3="61,63,59,80,15,107,132,133,118,120,67,14,130"/><V110/><F4/><W10/><G107/><T1/><D58/><U2/><E124/><V56/><F42/><W127/><G127/><T17/><D17/><U33/><E109/><N who="2" m="41483" /><F66/><W79/><G118/><T36/><D125/><U78/><E135/><N who="3" m="51786" /><G120/><T82/><D121/><U21/><E62/><V92/><F92/><W114/><G114/><T104/><D131/><U103/><E2/><V34/><F16/><N who="3" m="8279" /><G61/><T50/><D50/><U23/><E8/><V0/><F0/><W108/><G108/><T112/><D112/><U12/><E12/><V134/><F134/><W52/><G15/><T89/><D89/><U5/><E5/><V11/><F11/><W91/><G91/><T70/><D36/><U93/><E93/><V115/><F115/><W128/><G67/><T37/><D37/><U106/><E106/><V49/><F49/><W35/><G35/><T102/><D102/><U51/><E51/><V94/><F94/><W97/><G97/><T101/><D101/><U47/><E96/><V43/><F43/><W53/><G53/><T105/><D100/><U26/><E103/><V74/><F83/><W7/><G7/><T44/><D44/><U30/><E45/><V90/><F90/><W85/><AGARI ba="1,0" hai="52,59,63,79,80,85,128,130" m="8279,51786" machi="85" ten="30,8000,1" yaku="20,1,52,2,54,2" doraHai="126" who="3" fromWho="3" sc="345,-21,215,-21,368,-41,72,83" /><INIT seed="3,0,0,1,5,132" ten="324,194,327,155" oya="3" hai0="101,92,102,110,52,29,82,10,8,7,78,97,27" hai1="135,30,46,93,73,84,106,90,91,74,43,94,56" hai2="107,14,1,131,95,6,86,9,20,55,49,69,113" hai3="67,117,23,108,79,122,80,89,130,2,72,128,129"/><W77/><G2/><T126/><D126/><U40/><E106/><V112/><F107/><W60/><G117/><T96/><D110/><U62/><E30/><V124/><F69/><W123/><G108/><T114/><D114/><U125/><E135/><V51/><F124/><W68/><G89/><T98/><D52/><U41/><E46/><V44/><F131/><W38/><G23/><T15/><D8/><U88/><E125/><V26/><F1/><W76/><REACH who="3" step="1"/><G38/><REACH who="3" ten="324,194,327,145" step="2"/><T75/><D102/><U58/><E90/><N who="2" m="53719" /><F113/><W134/><G134/><T16/><D7/><U105/><E91/><V100/><F112/><W59/><G59/><T33/><AGARI ba="0,1" hai="10,15,16,27,29,33,75,78,82,92,96,97,98,101" machi="33" ten="20,2700,0" yaku="0,1,7,1,54,1" doraHai="132" who="0" fromWho="0" sc="324,37,194,-7,327,-7,145,-13" owari="361,46.1,187,-21.3,320,12.0,132,-36.8" /></mjloggm>