<mjloggm ver="2.3"><GO type="225" lobby="0"/><UN n0="%E7%B4%94%E6%BD%94%E3%83%94%E3%83%A9%E3%83%8B%E3%82%A2" n1="%E6%81%A5%E6%99%92%E3%81%97" n2="%E3%81%BD%E3%81%A1%E3%81%9F%E3%81%93%E3%82%84" n3="%E4%B8%89%E5%88%86%E5%B0%8F%E5%83%A7" dan="16,17,17,16" rate="2084.97,2203.83,2230.74,2064.12" sx="M,M,M,M"/><TAIKYOKU oya="0"/><INIT seed="0,0,0,2,2,65" ten="250,250,250,250" oya="0" hai0="70,0,18,58,8,60,54,73,108,43,2,109,30" hai1="31,90,44,122,80,42,133,126,111,112,63,51,84" hai2="46,57,24,113,69,102,34,74,130,3,85,36,26" hai3="59,92,101,105,66,35,94,120,134,61,88,16,12"/><T52/><D73/><U106/><E122/><V55/><F74/><W1/><G1/><T15/><D43/><U27/><E111/><N who="0" m="42569" /><D54/><U68/><E126/><V115/><F3/><N who="0" m="1066" /><D30/><U119/><E119/><V123/><F123/><W19/><G35/><T89/><D89/><U83/><E133/><V11/><F55/><W100/><G134/><T103/><D70/><U75/><E75/><V95/><F69/><W23/><G105/><T45/><D45/><U10/><E106/><V6/><F46/><W79/><G79/><T62/><D103/><U72/><E72/><V56/><BYE who="1" /><F102/><W125/><G94/><T127/><D127/><U29/><E29/><V135/><F95/><W48/><G125/><T7/><D62/><U118/><E118/><V76/><F135/><W81/><G81/><T86/><D86/><U49/><E49/><V9/><F76/><W13/><G48/><T37/><D37/><UN n1="%E6%81%A5%E6%99%92%E3%81%97" /><U25/><E31/><V104/><F36/><W116/><G116/><T21/><D21/><U93/><E84/><V20/><F85/><N who="3" m="52239" /><G120/><T5/><AGARI ba="0,0" hai="5,7,8,15,18,52,58,60" m="1066,42569" machi="5" ten="40,7800,0" yaku="14,1,10,1,54,1" doraHai="65" who="0" fromWho="0" sc="250,78,250,-26,250,-26,250,-26" /><INIT seed="0,1,0,0,4,112" ten="328,224,224,224" oya="0" hai0="43,101,53,93,90,118,29,107,121,134,67,116,27" hai1="76,126,3,2,119,52,55,87,49,102,10,81,40" hai2="124,99,57,32,68,41,120,111,23,92,58,79,17" hai3="48,128,14,5,70,63,75,86,46,88,82,65,19"/><T12/><D121/><U129/><E129/><V9/><F32/><W54/><G128/><T35/><D53/><U34/><E34/><V104/><F68/><W85/><G5/><T83/><D43/><U47/><E126/><V84/><F104/><W18/><G75/><T1/><D1/><U135/><E135/><V8/><F41/><W51/><G14/><T0/><D0/><U115/><E115/><V42/><F42/><W106/><G106/><T96/><D134/><U97/><E119/><V114/><F111/><W66/><G66/><T100/><D100/><U11/><E3/><V61/><F124/><W7/><G7/><T50/><D50/><U38/><E2/><V105/><F105/><W117/><G117/><T89/><D12/><U130/><E130/><V80/><F120/><W74/><G74/><T78/><D67/><U60/><E60/><V45/><F45/><W28/><G51/><T56/><D56/><N who="2" m="21610" /><F61/><W73/><G73/><N who="0" m="43471" /><D89/><U64/><E64/><V94/><F114/><W108/><G108/><T110/><D110/><U37/><E37/><V77/><F77/><W44/><G44/><T132/><D132/><U133/><E133/><V30/><F30/><W103/><G103/><T131/><D131/><U33/><E33/><V62/><F62/><W22/><REACH who="3" step="1"/><G85/><AGARI ba="1,0" hai="27,29,35,85,90,93,96,101,107,116,118" m="43471" machi="85" ten="30,5800,0" yaku="24,1,52,2" doraHai="112" who="0" fromWho="3" sc="328,61,224,0,224,0,224,-61" /><INIT seed="0,2,0,3,3,86" ten="389,224,224,163" oya="0" hai0="131,37,78,60,129,34,73,15,10,9,39,88,53" hai1="4,83,120,1,84,111,130,7,41,128,3,106,48" hai2="22,122,87,90,67,63,36,12,27,8,61,115,105" hai3="98,59,99,46,5,133,92,25,42,126,47,91,0"/><T50/><D34/><U18/><E120/><V70/><F122/><W11/><G126/><T82/><D60/><U121/><E121/><V135/><F115/><W21/><G133/><T69/><D69/><U112/><E106/><V23/><F105/><W58/><G98/><T45/><D10/><U31/><E112/><V33/><F36/><W85/><G99/><T114/><D114/><U75/><E75/><V103/><F103/><W71/><G71/><T66/><D66/><U30/><E48/><V35/><F61/><W76/><G76/><T118/><D118/><U38/><E41/><V68/><F70/><W124/><G124/><T52/><D53/><U51/><E51/><V49/><F49/><W81/><G81/><T94/><D129/><N who="1" m="49771" /><E38/><V116/><F135/><W119/><G119/><T72/><D73/><U110/><E18/><V56/><F68/><W80/><G80/><T100/><D100/><U125/><E125/><V28/><F35/><W104/><G104/><T44/><D44/><U74/><E74/><V107/><F107/><W134/><G134/><T89/><D89/><N who="1" m="51359" /><E3/><V132/><F132/><W20/><G47/><T6/><D131/><U97/><E97/><AGARI ba="2,0" hai="6,9,15,37,39,45,50,52,72,78,82,88,94,97" machi="97" ten="30,11600,0" yaku="7,1,52,1,54,2" doraHai="86" who="0" fromWho="1" sc="389,122,224,-122,224,0,163,0" /><INIT seed="0,3,0,3,0,123" ten="511,102,224,163" oya="0" hai0="87,52,97,58,30,9,56,129,33,94,43,128,0" hai1="92,47,35,21,41,37,85,18,10,118,34,111,24" hai2="5,66,50,115,65,25,109,51,59,72,38,45,49" hai3="83,95,64,68,106,96,71,76,99,44,23,57,39"/><T108/><D43/><U104/><E118/><V75/><F115/><W79/><G106/><T86/><D56/><U101/><E104/><V114/><F114/><W20/><G79/><T67/><D67/><U1/><E85/><V113/><F113/><W4/><G4/><N who="0" m="1159" /><D108/><U73/><E92/><V63/><F109/><W133/><G133/><T90/><D30/><U12/><E101/><V110/><F110/><W125/><G125/><T103/><D90/><U2/><E111/><V117/><F117/><W78/><G78/><T3/><D33/><U121/><E121/><V134/><F134/><W13/><G39/><T69/><D69/><U93/><E93/><V36/><F5/><W126/><G44/><T127/><D3/><U54/><E54/><V7/><F7/><W135/><G135/><T100/><D103/><U19/><E1/><V119/><F119/><W131/><G126/><T61/><D127/><U120/><E120/><V112/><F112/><W8/><G71/><T102/><D102/><U46/><E2/><V55/><F25/><W98/><G68/><T107/><D107/><U91/><E73/><V31/><F31/><W32/><G32/><T60/><D60/><U11/><E41/><N who="2" m="24751" /><F75/><W53/><G64/><N who="2" m="24681" /><F72/><W6/><G57/><T15/><D15/><N who="1" m="7543" /><E91/><V122/><F122/><W62/><G62/><T48/><D61/><U14/><E37/><AGARI ba="3,0" hai="36,37,38,50,51,55,59,63" m="24681,24751" machi="37" ten="30,8000,1" yaku="35,5" doraHai="123" who="2" fromWho="1" sc="511,0,102,-89,224,89,163,0" /><INIT seed="1,0,0,4,5,88" ten="511,13,313,163" oya="1" hai0="117,97,4,27,90,132,15,61,5,101,35,22,120" hai1="63,17,65,60,106,24,85,91,100,20,114,131,116" hai2="55,128,19,7,71,70,51,23,66,121,12,30,2" hai3="52,103,13,81,18,47,78,33,59,0,98,82,112"/><U74/><E114/><V118/><F118/><W86/><G0/><T123/><D90/><U119/><E74/><V29/><F121/><N who="0" m="46666" /><D132/><U6/><E131/><V10/><F128/><W77/><G47/><T99/><D99/><U26/><E6/><V69/><REACH who="2" step="1"/><F66/><REACH who="2" ten="511,13,303,163" step="2"/><W3/><G112/><T40/><D117/><U41/><E63/><V135/><F135/><W87/><G3/><T34/><D61/><U108/><E108/><V76/><F76/><W9/><G33/><T124/><D34/><U37/><E116/><V107/><F107/><W1/><G1/><T46/><D35/><U8/><E119/><V39/><F39/><W134/><G134/><T50/><D15/><U102/><E106/><V129/><F129/><W64/><G64/><T105/><D124/><U25/><E8/><V95/><F95/><W36/><G36/><T111/><D111/><U125/><E125/><V68/><N who="2" m="17408" /><DORA hai="79" /><V80/><F80/><W53/><REACH who="3" step="1"/><G59/><AGARI ba="0,1" hai="2,7,10,12,19,23,29,30,51,55,59" m="17408" machi="59" ten="70,2300,0" yaku="1,1,53,0" doraHai="88,79" doraHaiUra="62,84" who="2" fromWho="3" sc="511,0,13,0,303,33,163,-23" /><INIT seed="2,0,0,0,3,101" ten="511,13,336,140" oya="2" hai0="27,63,36,70,126,76,33,121,71,4,48,111,133" hai1="92,57,112,124,32,109,45,87,81,123,40,58,115" hai2="20,66,99,46,2,69,114,62,128,73,10,64,47" hai3="117,30,103,41,110,34,130,89,68,29,16,52,134"/><V105/><F114/><W23/><G117/><T60/><D36/><U19/><E32/><V80/><F128/><W106/><G68/><T67/><D4/><U120/><E92/><V24/><F66/><W1/><G1/><T88/><D76/><U51/><E19/><V31/><F73/><W7/><G7/><T127/><D48/><U26/><E26/><V94/><F80/><W49/><G41/><T86/><D121/><N who="1" m="46667" /><E87/><V96/><F2/><W108/><G34/><T35/><D111/><N who="3" m="42537" /><G130/><T25/><D133/><U122/><N who="1" m="46675" /><U82/><DORA hai="28" /><E109/><V42/><F10/><W55/><G55/><T129/><D63/><U38/><E82/><V104/><F99/><N who="3" m="61823" /><G89/><T61/><D60/><U17/><E81/><V135/><F135/><W3/><G3/><T84/><D61/><U14/><E14/><V11/><F11/><W8/><G8/><T13/><D88/><U97/><E17/><V74/><F74/><W107/><G107/><T132/><D132/><U53/><E97/><V37/><F47/><N who="3" m="27711" /><G134/><T91/><D91/><AGARI ba="0,0" hai="20,24,31,37,42,46,62,64,69,91,94,96,104,105" machi="91" ten="30,5800,0" yaku="7,1,52,2" doraHai="101,28" who="2" fromWho="0" sc="511,-58,13,0,336,58,140,0" /><INIT seed="2,1,0,0,2,90" ten="453,13,394,140" oya="2" hai0="58,23,77,118,27,26,64,30,76,38,82,22,11" hai1="94,61,85,134,123,101,117,14,47,84,25,75,10" hai2="80,116,102,113,93,7,128,20,54,104,4,39,43" hai3="72,132,98,13,53,51,33,18,1,41,88,34,126"/><V83/><F113/><W16/><G72/><T24/><D38/><U48/><E117/><V131/><F116/><W56/><G1/><T8/><D118/><U69/><E75/><V55/><F104/><W40/><G126/><T95/><D95/><U89/><E134/><V125/><F125/><W45/><G132/><T42/><D42/><U65/><E123/><V31/><F39/><W122/><G41/><T70/><D70/><U29/><E101/><V91/><F43/><W62/><G18/><T73/><D77/><U12/><E10/><V50/><F102/><W3/><G3/><T127/><D127/><U112/><E112/><V0/><F31/><W49/><G62/><T97/><D97/><U130/><E130/><N who="2" m="49707" /><F20/><W67/><G67/><T87/><D73/><U52/><REACH who="1" step="1"/><E85/><REACH who="1" ten="453,3,394,140" step="2"/><N who="2" m="52463" /><F55/><W28/><G53/><T133/><D133/><U110/><E110/><V2/><F0/><W32/><G122/><T99/><D8/><U68/><E68/><V37/><F37/><W74/><G74/><T107/><D11/><U106/><E106/><V17/><F2/><W103/><G103/><T5/><D107/><U15/><E15/><V36/><F36/><W119/><G13/><T81/><D87/><U105/><E105/><V96/><F96/><W9/><G98/><T129/><D99/><U111/><E111/><V57/><F17/><W44/><G119/><T114/><D114/><U66/><E66/><V121/><F121/><W63/><G16/><T86/><D129/><U59/><E59/><V35/><F35/><AGARI ba="1,1" hai="12,14,25,29,35,47,48,52,61,65,69,84,89,94" machi="35" ten="30,7700,0" yaku="1,1,7,1,52,1,54,1,53,0" doraHai="90" doraHaiUra="92" who="1" fromWho="2" sc="453,0,3,90,394,-80,140,0" /><INIT seed="3,0,0,5,0,41" ten="453,93,314,140" oya="3" hai0="81,49,57,104,22,62,52,78,17,68,129,133,50" hai1="47,73,102,88,32,135,126,119,60,34,130,123,79" hai2="106,35,108,128,69,20,77,11,6,15,40,61,121" hai3="82,103,110,125,72,7,14,56,86,65,24,13,115"/><W64/><G115/><T122/><D122/><U37/><E123/><V21/><F121/><W31/><G125/><T134/><D104/><U30/><E126/><V131/><F108/><W45/><G72/><T120/><D129/><N who="2" m="49738" /><F35/><W3/><G110/><T118/><D68/><U85/><E130/><V8/><F106/><W113/><G113/><T10/><D10/><U29/><E102/><V84/><F40/><W92/><G3/><T18/><D17/><U89/><E73/><V42/><F42/><W1/><G1/><T39/><D39/><U48/><E37/><V109/><F109/><W98/><G45/><T67/><D67/><U51/><E135/><N who="0" m="51721" /><D118/><U127/><E127/><V90/><F77/><W124/><G124/><T33/><D33/><U9/><E119/><V107/><F107/><W19/><G7/><T91/><D91/><N who="1" m="34891" /><E32/><V93/><F11/><W70/><G70/><T100/><D100/><U112/><E112/><V87/><F87/><W116/><G116/><T4/><D4/><U53/><E34/><V16/><F6/><W63/><G65/><AGARI ba="0,0" hai="8,15,16,20,21,61,65,69,84,90,93" m="49738" machi="65" ten="30,2000,0" yaku="19,1,54,1" doraHai="41" who="2" fromWho="3" sc="453,0,93,0,314,20,140,-20" owari="453,55.3,93,-40.7,334,13.4,120,-28.0" /></mjloggm>