<mjloggm ver="2.3"><GO type="225" lobby="0"/><UN n0="%E3%82%BC%E3%83%AB%E3%83%80%E3%81%AE%E4%BC%9D%E8%AA%AC" n1="%E9%A6%AC%E5%BC%95%E7%81%AB%33" n2="%E3%81%BF%E3%81%BF%E3%81%9A" n3="%E8%81%B7%E6%A5%AD%E3%80%81%E9%A2%A8%32" dan="17,16,17,16" rate="2141.76,2150.15,2201.51,2163.94" sx="M,M,M,M"/><TAIKYOKU oya="0"/><INIT seed="0,0,0,0,4,85" ten="250,250,250,250" oya="0" hai0="82,11,97,67,93,115,110,34,0,56,42,40,109" hai1="54,123,29,27,48,1,117,134,43,26,86,108,4" hai2="119,79,89,112,95,2,37,80,130,31,63,44,5" hai3="53,10,13,124,83,75,70,50,106,52,57,116,114"/><T47/><D34/><U24/><E117/><V8/><F112/><W25/><G116/><T49/><D115/><U19/><E123/><V3/><F130/><W69/><G114/><T135/><D135/><U62/><E134/><V125/><F125/><W107/><G124/><T12/><D0/><U72/><E72/><V77/><F119/><W120/><G120/><T20/><D20/><U129/><E129/><V38/><F2/><W127/><G127/><T100/><D82/><U76/><E108/><N who="0" m="41577" /><D56/><U55/><E43/><V35/><F63/><W91/><G69/><T111/><N who="0" m="41585" /><T7/><DORA hai="133" /><D67/><U98/><E62/><V41/><F38/><W39/><G70/><T90/><D40/><U131/><E55/><V46/><F46/><W92/><G53/><T21/><D21/><U104/><E29/><V15/><F15/><W66/><G66/><T61/><D61/><U28/><E28/><V16/><F16/><W30/><G83/><T9/><D9/><U121/><E19/><V65/><F65/><W45/><G10/><T22/><D22/><U122/><E131/><V71/><F71/><W102/><G57/><T18/><D18/><U87/><E4/><V51/><F51/><W33/><G52/><T132/><D132/><U118/><E1/><V74/><F79/><W36/><G33/><T32/><D32/><U59/><E76/><V99/><F35/><W84/><G45/><T94/><D94/><U6/><E6/><V126/><F126/><W73/><G92/><T68/><D68/><U17/><E118/><V88/><F31/><W101/><G30/><RYUUKYOKU ba="0,0" sc="250,15,250,-15,250,15,250,-15" hai0="7,11,12,42,47,49,90,93,97,100" hai2="3,5,8,37,41,44,74,77,80,88,89,95,99" /><INIT seed="0,1,0,0,5,87" ten="265,235,265,235" oya="0" hai0="118,57,0,102,28,133,47,123,134,30,32,71,1" hai1="45,62,7,122,68,52,64,79,67,55,16,3,103" hai2="82,74,56,78,76,73,128,119,111,107,130,127,108" hai3="96,18,72,135,65,75,98,86,61,8,81,49,120"/><T95/><D71/><U109/><E122/><V33/><F33/><W44/><G135/><N who="0" m="51723" /><D118/><U58/><E109/><N who="2" m="42059" /><F56/><N who="3" m="37031" /><G75/><N who="2" m="28681" /><F119/><W6/><G72/><T100/><D123/><U63/><E79/><N who="2" m="30251" /><F82/><W121/><G18/><T89/><D57/><U83/><E83/><V112/><F112/><W43/><G120/><T31/><D47/><U40/><E103/><N who="0" m="39465" /><D32/><U115/><E115/><V23/><F23/><W38/><G121/><T114/><D114/><U53/><E16/><V77/><N who="2" m="30259" /><V124/><DORA hai="29" /><F107/><W5/><G38/><T13/><D13/><U11/><REACH who="1" step="1"/><E67/><REACH who="1" ten="265,225,265,235" step="2"/><V17/><F17/><W59/><G81/><T117/><D117/><U50/><AGARI ba="1,1" hai="3,7,11,40,45,50,52,53,55,58,62,63,64,68" machi="50" ten="20,12000,2" yaku="1,1,2,1,0,1,7,1,54,1,53,2" doraHai="87,29" doraHaiUra="60,46" who="1" fromWho="1" sc="265,-61,225,133,265,-31,235,-31" /><INIT seed="1,0,0,0,2,96" ten="204,358,234,204" oya="1" hai0="54,6,113,73,81,127,63,29,12,112,128,110,93" hai1="80,11,130,40,87,88,103,19,59,134,46,18,100" hai2="33,108,30,71,97,50,20,31,32,70,0,39,94" hai3="135,3,132,126,82,60,122,92,28,69,58,125,5"/><U121/><E121/><V38/><F0/><W85/><G122/><T24/><D110/><U45/><E130/><V13/><F108/><W37/><G28/><T7/><D128/><U36/><E134/><N who="3" m="51242" /><G37/><T27/><D127/><N who="3" m="48649" /><G5/><T91/><D81/><U68/><E68/><V47/><F71/><W25/><G69/><T131/><D131/><U48/><E59/><V119/><F70/><W41/><G41/><T101/><D73/><U35/><E35/><V102/><F119/><W106/><G106/><T79/><D79/><U34/><E34/><V104/><F33/><W26/><G92/><T1/><D1/><U72/><E72/><V89/><F32/><W14/><G14/><T65/><D7/><U53/><E19/><V123/><F123/><W76/><G3/><T74/><D12/><AGARI ba="0,0" hai="11,12,18,36,40,45,46,48,53,80,87,88,100,103" machi="12" ten="40,12000,1" yaku="25,2,52,2,54,1" doraHai="96" who="1" fromWho="0" sc="204,-120,358,120,234,0,204,0" /><INIT seed="1,1,0,4,4,97" ten="84,478,234,204" oya="1" hai0="80,35,94,78,55,45,54,71,111,67,63,79,72" hai1="26,103,8,4,66,101,38,110,90,131,50,20,53" hai2="42,130,44,134,31,91,108,119,33,6,109,82,100" hai3="106,123,16,102,127,36,107,89,124,29,128,22,98"/><U112/><E38/><V118/><F6/><W70/><G70/><T9/><D111/><N who="2" m="42570" /><F100/><N who="3" m="62743" /><G36/><T0/><D35/><U117/><E117/><V48/><F134/><W84/><G29/><T57/><D79/><U32/><E112/><V115/><F115/><W23/><G123/><T75/><D75/><U120/><E120/><V1/><F1/><W43/><G43/><T60/><D94/><U39/><E39/><V68/><F68/><W92/><G128/><T40/><D40/><U59/><E32/><V114/><F130/><W30/><G30/><T47/><REACH who="0" step="1"/><D54/><REACH who="0" ten="74,478,234,204" step="2"/><U132/><E131/><V61/><F114/><W12/><G107/><T17/><D17/><U56/><E110/><V27/><F61/><W5/><G16/><T65/><D65/><U25/><E132/><V46/><F82/><W121/><G92/><T76/><D76/><U99/><E66/><V58/><F118/><W13/><G121/><T96/><D96/><U2/><E99/><V28/><F119/><W95/><G95/><T87/><D87/><U14/><E53/><N who="2" m="32039" /><F28/><W113/><G113/><T19/><D19/><U86/><E86/><V77/><F77/><W129/><G84/><T11/><D11/><U3/><E8/><V122/><F122/><W126/><G129/><T49/><D49/><U125/><E50/><N who="2" m="26903" /><F91/><W21/><G89/><T18/><D18/><U104/><E90/><V62/><F62/><W34/><G34/><T24/><D24/><U37/><E25/><V52/><F52/><W135/><G135/><T133/><D133/><U64/><E26/><V83/><F83/><W7/><G102/><RYUUKYOKU ba="1,1" sc="74,10,478,-30,234,10,204,10" hai0="0,9,45,47,55,57,60,63,67,71,72,78,80" hai2="27,31,33,46" hai3="5,7,12,13,21,22,23,124,126,127" /><INIT seed="2,2,1,1,3,60" ten="84,448,244,214" oya="2" hai0="13,22,110,26,122,18,5,132,15,44,97,120,20" hai1="108,27,73,46,126,57,130,102,58,89,39,87,70" hai2="66,10,107,113,41,84,105,82,90,4,50,56,131" hai3="6,54,29,71,19,38,25,7,40,34,0,79,94"/><V86/><F113/><W88/><G71/><T30/><D44/><U121/><E70/><V92/><F131/><W112/><G79/><T74/><D74/><U24/><E73/><V75/><F75/><W114/><G0/><T129/><D97/><U76/><E76/><V32/><F32/><W42/><G19/><T9/><D129/><U35/><E102/><V78/><F66/><W12/><G54/><T49/><D49/><U119/><E119/><V36/><F36/><W45/><G42/><T125/><D110/><U11/><E11/><V80/><F92/><W61/><G61/><T124/><REACH who="0" step="1"/><D132/><REACH who="0" ten="74,448,244,214" step="2"/><U100/><E46/><N who="2" m="25935" /><F56/><W127/><G45/><T59/><D59/><U65/><E57/><V115/><F115/><W67/><G114/><T64/><D64/><U118/><E58/><V99/><F99/><W43/><G67/><T135/><D135/><U101/><E65/><V33/><F33/><W47/><G34/><T93/><D93/><U69/><E35/><V77/><F107/><W37/><G94/><T104/><D104/><U106/><E106/><V91/><F105/><W134/><G112/><T103/><D103/><U8/><E100/><V3/><F86/><W53/><G37/><T68/><D68/><U109/><E87/><V95/><F95/><W14/><G38/><T17/><D17/><U48/><E101/><V23/><F84/><W51/><G47/><T63/><D63/><U62/><E130/><V133/><F133/><W2/><G134/><T72/><D72/><U85/><E85/><V98/><F98/><W116/><G51/><T55/><D55/><RYUUKYOKU ba="2,2" sc="74,30,448,-10,244,-10,214,-10" hai0="5,9,13,15,18,20,22,26,30,120,122,124,125" /><INIT seed="3,3,2,2,2,128" ten="104,438,234,204" oya="3" hai0="43,79,10,11,107,54,82,18,59,135,114,63,132" hai1="33,25,58,1,67,3,62,78,19,12,61,53,40" hai2="102,22,44,66,117,0,84,32,49,9,45,127,23" hai3="90,5,21,39,57,38,27,122,92,16,110,74,6"/><W103/><G122/><T4/><D107/><U123/><E123/><V73/><F117/><W55/><G74/><T72/><D114/><U99/><E40/><V115/><F127/><W71/><G71/><T89/><D43/><U80/><E99/><V17/><F32/><W70/><G70/><T85/><D18/><U96/><E96/><V64/><F73/><W81/><G81/><N who="0" m="49327" /><D4/><U111/><E111/><V120/><F120/><W88/><G110/><T42/><D42/><U121/><E25/><V52/><F102/><W28/><G28/><T24/><D24/><U112/><E112/><V56/><F115/><W101/><G38/><T34/><D34/><U46/><E33/><V108/><F108/><W50/><G39/><T15/><D15/><U129/><E129/><V36/><F36/><W76/><G76/><T133/><AGARI ba="3,2" hai="10,11,54,59,63,72,79,82,132,133,135" m="49327" machi="133" ten="30,7900,0" yaku="20,1,52,3" doraHai="128" who="0" fromWho="0" sc="104,108,438,-23,234,-23,204,-42" owari="212,1.2,415,51.5,211,-18.9,162,-33.8" /></mjloggm>