<mjloggm ver="2.3"><GO type="225" lobby="0"/><UN n0="%E9%BB%99%E8%81%B4%E3%81%AE%E3%81%99%E3%82%9D%E3%82%81" n1="%E4%B8%96%E7%95%8C%E3%81%AE%E4%BA%80%E4%BA%95" n2="%E3%81%86%E3%82%8D%E3%81%9F%E3%82%93%E3%81%91%E3%81%8A%E3%82%89%E3%81%B2" n3="%70%68%65%6E%6F%6D%65" dan="16,17,16,16" rate="2110.72,2150.28,2131.08,2150.42" sx="M,M,M,M"/><TAIKYOKU oya="0"/><INIT seed="0,0,0,3,2,39" ten="250,250,250,250" oya="0" hai0="48,75,123,19,47,95,57,24,14,12,111,32,38" hai1="55,21,126,125,35,31,133,96,29,128,127,76,134" hai2="92,74,68,0,106,79,28,103,6,3,64,2,116" hai3="84,120,99,131,135,27,113,52,49,40,60,37,30"/><T130/><D123/><U88/><E35/><V5/><F92/><W33/><G113/><T43/><D75/><U118/><E118/><V34/><F116/><W7/><G120/><T26/><D130/><U109/><E76/><V72/><F6/><W54/><G131/><T66/><D111/><U108/><E128/><V13/><F13/><W100/><G135/><N who="1" m="51722" /><E55/><V59/><F59/><W1/><G84/><T9/><D32/><U70/><E70/><V110/><F5/><W11/><G60/><N who="0" m="38159" /><D38/><U58/><E58/><V16/><F16/><W77/><G77/><T114/><D114/><U104/><E21/><V17/><F17/><W117/><G37/><T91/><D14/><U8/><E8/><V36/><F110/><N who="1" m="42601" /><E88/><V83/><F72/><W73/><G73/><T62/><D62/><U23/><E23/><V41/><F64/><W69/><G69/><T90/><D90/><U102/><AGARI ba="0,0" hai="29,31,96,102,104,125,126,127" m="42601,51722" machi="102" ten="40,5200,0" yaku="18,1,20,1,14,1" doraHai="39" who="1" fromWho="1" sc="250,-26,250,52,250,-13,250,-13" /><INIT seed="1,0,0,4,0,35" ten="224,302,237,237" oya="1" hai0="20,34,15,5,132,90,2,56,44,46,120,85,0" hai1="4,98,83,114,7,94,129,70,67,32,68,47,14" hai2="50,8,26,52,87,31,125,62,75,82,54,108,116" hai3="61,21,117,6,42,89,96,97,88,33,115,81,23"/><U27/><E114/><V80/><F116/><W71/><G115/><T113/><D113/><U9/><E129/><V127/><F108/><W51/><G33/><T59/><D34/><U63/><E83/><V43/><F43/><W101/><G117/><T17/><D132/><U28/><E47/><V64/><F75/><W38/><G38/><T16/><D120/><U19/><REACH who="1" step="1"/><E70/><REACH who="1" ten="224,292,237,237" step="2"/><V22/><F82/><W112/><G81/><T124/><D46/><U106/><E106/><V92/><F92/><W65/><G112/><T25/><D44/><U69/><E69/><V18/><F125/><W105/><G71/><T135/><D124/><U104/><E104/><V58/><F127/><W118/><G118/><T79/><D135/><U30/><E30/><V126/><F126/><W55/><G105/><T49/><D59/><U86/><E86/><V134/><F134/><W100/><G42/><T78/><D56/><U93/><E93/><V12/><REACH who="2" step="1"/><F50/><REACH who="2" ten="224,292,227,237" step="2"/><W13/><G51/><T66/><D49/><U102/><AGARI ba="0,2" hai="4,7,9,14,19,27,28,32,63,67,68,94,98,102" machi="102" ten="20,12000,1" yaku="1,1,0,1,7,1,53,2" doraHai="35" doraHaiUra="1" who="1" fromWho="1" sc="224,-40,292,140,227,-40,237,-40" /><INIT seed="1,1,0,3,3,114" ten="184,432,187,197" oya="1" hai0="37,121,118,60,100,3,131,91,128,92,63,48,50" hai1="23,41,108,49,64,32,93,116,84,15,54,123,58" hai2="74,20,45,31,6,113,36,112,5,57,30,25,124" hai3="135,39,24,43,53,8,133,47,122,119,134,55,98"/><U16/><E116/><V26/><F74/><W110/><G122/><T28/><D3/><U69/><E123/><V73/><F73/><W12/><G110/><T83/><D37/><U38/><E108/><V76/><F76/><W35/><G98/><N who="0" m="59463" /><D28/><U115/><E32/><V61/><F45/><W99/><G119/><T82/><D121/><U90/><E115/><N who="2" m="44107" /><F36/><W87/><G87/><N who="0" m="50679" /><D118/><U75/><E75/><V120/><F120/><W88/><G24/><T11/><D11/><U105/><E105/><V67/><F124/><W79/><G35/><AGARI ba="1,0" hai="5,6,20,25,26,30,31,35,57,61,67" m="44107" machi="35" ten="30,1000,0" yaku="11,1" doraHai="114" who="2" fromWho="3" sc="184,0,432,0,187,13,197,-13" /><INIT seed="2,0,0,1,2,89" ten="184,432,200,184" oya="2" hai0="33,70,36,123,51,26,114,131,64,58,6,57,27" hai1="85,24,19,112,67,130,87,3,135,22,84,41,32" hai2="97,69,13,17,109,126,28,113,8,75,16,124,25" hai3="54,40,14,2,42,117,71,102,61,82,83,134,116"/><V111/><F75/><W79/><G2/><T18/><D123/><U48/><E112/><V81/><F69/><W76/><G102/><T10/><D36/><U96/><E3/><V118/><F81/><W12/><G71/><T21/><D114/><U68/><E135/><V88/><F113/><W20/><G61/><T53/><D131/><U4/><E4/><V50/><F50/><W47/><G54/><T128/><D128/><U129/><E32/><V105/><F118/><W100/><G100/><T52/><D64/><U66/><E68/><V77/><F77/><W7/><G134/><T0/><D70/><U30/><E30/><V99/><F99/><W125/><G7/><T90/><D90/><U56/><E130/><V60/><F60/><W44/><REACH who="3" step="1"/><G20/><REACH who="3" ten="184,432,200,174" step="2"/><T74/><D74/><U62/><E129/><V63/><F63/><W55/><G55/><T121/><D121/><U73/><E67/><V23/><F105/><W5/><G5/><T92/><D33/><U43/><E62/><V133/><F133/><W127/><AGARI ba="0,1" hai="12,14,40,42,44,47,76,79,82,83,116,117,125,127" machi="127" ten="25,6400,0" yaku="1,1,0,1,22,2,53,0" doraHai="89" doraHaiUra="120" who="3" fromWho="3" sc="184,-16,432,-16,200,-32,174,74" /><INIT seed="3,0,0,5,0,120" ten="168,416,168,248" oya="3" hai0="119,125,126,25,100,11,70,57,62,54,66,95,49" hai1="73,50,88,121,74,133,30,113,94,127,28,108,84" hai2="85,3,107,17,15,89,31,87,72,106,8,53,93" hai3="45,79,109,128,29,129,44,0,38,24,22,132,69"/><W114/><G114/><T42/><D119/><U1/><E108/><V43/><F72/><W64/><G109/><T122/><D122/><U115/><E121/><V65/><F43/><W40/><G132/><T4/><D25/><U71/><E1/><V90/><F3/><W5/><G45/><T33/><D33/><U41/><E71/><V102/><F102/><W83/><G64/><T2/><D42/><U55/><E41/><V61/><F53/><W48/><G69/><T77/><D77/><U118/><E127/><N who="0" m="48649" /><D95/><U82/><E118/><V9/><F31/><W92/><G92/><T23/><D23/><U7/><E7/><V46/><F46/><W60/><G60/><N who="0" m="40263" /><D100/><U111/><E133/><V91/><F9/><W81/><G48/><AGARI ba="0,0" hai="2,4,11,48,49,54,57,62" m="40263,48649" machi="48" ten="30,1000,0" yaku="18,1" doraHai="120" who="0" fromWho="3" sc="168,10,416,0,168,0,248,-10" owari="178,-22.2,416,51.6,168,-33.2,238,3.8" /></mjloggm>