<mjloggm ver="2.3"><GO type="225" lobby="0"/><UN n0="%6E%69%63%6F%6E%74%6F" n1="%E3%80%90%E8%92%BC%E7%90%89%E3%80%91" n2="%E3%83%A9%E3%83%BC%E3%83%A1%E3%83%B3%E4%BA%94%E9%83%8E" n3="%E9%BB%99%E8%81%B4%E3%81%AE%E3%81%99%E3%82%9D%E3%82%81" dan="16,16,16,16" rate="2128.53,2168.84,2135.67,2046.61" sx="M,F,M,M"/><TAIKYOKU oya="0"/><INIT seed="0,0,0,0,3,78" ten="250,250,250,250" oya="0" hai0="116,72,0,50,107,30,118,93,83,36,106,74,59" hai1="44,123,15,38,99,69,76,77,26,48,32,89,4" hai2="73,117,55,115,58,60,85,14,113,128,16,37,63" hai3="31,42,97,66,100,109,127,45,29,62,22,28,121"/><T6/><D36/><U82/><E38/><V105/><F73/><N who="0" m="28266" /><D30/><U64/><E123/><V19/><F117/><N who="0" m="45162" /><D59/><U98/><E64/><V88/><F105/><N who="0" m="39946" /><D50/><U2/><E69/><V47/><F19/><W133/><G109/><T52/><D52/><N who="1" m="29703" /><E2/><V129/><F63/><W12/><G133/><T104/><D6/><U20/><E32/><V71/><F71/><W101/><G127/><T70/><D0/><U39/><E39/><V119/><F119/><W92/><G121/><T13/><D13/><U53/><E53/><V111/><F37/><W132/><G132/><T51/><D51/><U103/><E15/><V24/><F14/><W65/><G45/><T25/><D25/><U54/><E54/><V94/><F47/><W134/><G134/><T41/><D41/><U68/><E68/><V81/><F24/><W9/><G42/><T40/><D40/><U57/><E4/><V1/><F1/><W120/><G120/><T21/><D70/><U87/><E57/><V96/><F58/><N who="3" m="37079" /><G66/><T49/><D49/><U130/><E26/><V86/><F55/><W110/><G22/><T7/><D21/><U112/><E20/><V84/><F60/><W43/><G43/><T114/><D7/><U125/><E125/><V33/><F33/><W18/><G110/><T122/><D122/><U27/><E27/><V131/><F111/><W23/><G23/><T34/><D34/><U5/><E5/><V8/><F16/><W135/><G135/><T3/><D3/><U67/><E67/><V75/><F8/><W91/><AGARI ba="0,0" hai="9,12,18,28,29,31,91,92,97,100,101" m="37079" machi="91" ten="30,1100,0" yaku="8,1" doraHai="78" who="3" fromWho="3" sc="250,-5,250,-3,250,-3,250,11" /><INIT seed="1,0,0,0,2,93" ten="245,247,247,261" oya="1" hai0="95,64,55,69,3,101,1,40,82,53,105,102,14" hai1="58,72,120,20,107,123,66,38,100,87,9,24,27" hai2="15,67,13,32,129,128,33,28,91,104,70,125,4" hai3="41,22,79,112,106,74,42,117,54,86,68,65,132"/><U81/><E72/><V45/><F104/><W5/><G112/><T34/><D34/><N who="2" m="13418" /><F28/><W126/><G74/><T35/><D35/><U124/><E38/><V51/><F125/><W76/><G126/><T12/><D105/><U0/><E124/><V85/><F4/><W19/><G132/><T61/><D95/><U78/><E0/><V30/><F30/><W47/><G106/><T97/><D82/><U44/><E9/><V7/><F7/><W127/><G5/><T92/><D92/><U29/><E44/><V43/><F67/><W113/><G113/><T119/><D40/><N who="3" m="15465" /><G68/><T46/><D46/><U60/><REACH who="1" step="1"/><E24/><REACH who="1" ten="245,237,247,261" step="2"/><V8/><F8/><W103/><G127/><T131/><D3/><U56/><E56/><V89/><F70/><W62/><G47/><T31/><D1/><U18/><E18/><V49/><F45/><W36/><G36/><T96/><D69/><U122/><E122/><V94/><F43/><W50/><G19/><T116/><D31/><U115/><E115/><V108/><F129/><W25/><G25/><T111/><D14/><U37/><E37/><V6/><F128/><W17/><G17/><T114/><D12/><U23/><E23/><V80/><F13/><W11/><G22/><T130/><D114/><U71/><E71/><V26/><F26/><W90/><G11/><T134/><D131/><U63/><E63/><V39/><F39/><W118/><G62/><T52/><D130/><U84/><E84/><N who="2" m="52519" /><F108/><W75/><G75/><T110/><D111/><U98/><AGARI ba="0,1" hai="20,27,29,58,60,66,78,81,87,98,100,107,120,123" machi="98" ten="30,11700,0" yaku="1,1,0,1,52,1,53,1" doraHai="93" doraHaiUra="77" who="1" fromWho="1" sc="245,-39,237,127,247,-39,261,-39" /><INIT seed="1,1,0,1,1,81" ten="206,364,208,222" oya="1" hai0="96,85,2,88,70,77,102,114,78,110,33,36,61" hai1="129,42,3,49,44,38,108,8,55,120,9,31,15" hai2="67,106,5,39,79,23,105,65,64,20,123,59,68" hai3="127,66,107,93,121,135,131,74,10,128,18,41,11"/><U25/><E120/><V133/><F123/><W109/><G107/><T126/><D114/><U125/><E129/><N who="3" m="49738" /><G121/><T29/><D2/><U28/><E125/><V99/><F68/><W71/><G74/><T90/><D36/><U0/><E108/><V6/><F39/><W84/><G109/><T1/><D1/><U134/><E134/><V95/><F133/><W52/><G135/><T115/><D90/><U63/><E63/><V60/><F79/><W19/><G41/><T4/><D4/><N who="2" m="1642" /><F106/><W92/><G71/><T119/><D115/><U45/><E31/><V117/><F105/><W58/><G66/><N who="2" m="25705" /><F117/><W32/><G32/><T112/><D119/><U103/><E103/><AGARI ba="1,0" hai="20,23,59,60,67,95,99,103" m="25705,1642" machi="103" ten="30,1000,0" yaku="8,1" doraHai="81" who="2" fromWho="1" sc="206,0,364,-13,208,13,222,0" /><INIT seed="2,0,0,2,2,120" ten="206,351,221,222" oya="2" hai0="98,9,25,44,94,60,47,118,82,135,64,122,6" hai1="134,24,96,29,126,106,116,49,99,40,65,26,1" hai2="69,14,48,104,22,103,110,111,8,55,115,66,33" hai3="27,105,41,50,12,101,74,68,129,130,95,92,79"/><V70/><F33/><W67/><G68/><T75/><D122/><U3/><E116/><V58/><F115/><W7/><G67/><T131/><D131/><N who="3" m="50185" /><G41/><T83/><D135/><U77/><E134/><V61/><F22/><W17/><G50/><T38/><D118/><U108/><E77/><V5/><REACH who="2" step="1"/><F70/><REACH who="2" ten="206,351,211,222" step="2"/><W59/><G59/><T23/><D23/><U20/><E20/><V87/><F87/><W63/><G74/><T21/><D75/><U45/><E96/><AGARI ba="0,1" hai="5,8,14,48,55,58,61,66,69,96,103,104,110,111" machi="96" ten="40,7700,0" yaku="1,1,52,2,53,0" doraHai="120" doraHaiUra="71" who="2" fromWho="1" sc="206,0,351,-77,211,87,222,0" /><INIT seed="2,1,0,1,4,85" ten="206,274,298,222" oya="2" hai0="104,2,38,130,88,48,18,134,53,110,29,58,20" hai1="89,49,30,122,74,61,65,127,1,10,55,39,5" hai2="51,21,126,27,66,19,34,40,67,97,14,56,119" hai3="3,23,69,131,7,32,125,75,78,106,80,77,118"/><V13/><BYE who="0" /><F119/><W54/><G131/><T87/><D87/><U114/><E74/><V120/><F120/><W109/><G125/><T101/><D101/><U73/><E73/><V25/><F126/><W45/><G109/><T90/><D90/><U103/><E114/><V121/><F121/><W112/><G112/><T79/><D79/><U99/><E39/><V42/><F34/><W123/><G123/><T128/><D128/><U26/><E89/><V82/><F82/><W60/><G106/><T96/><D96/><U16/><E127/><V102/><F27/><W15/><G32/><T33/><D33/><UN n0="%6E%69%63%6F%6E%74%6F" /><U72/><E72/><V35/><F35/><W37/><G78/><T132/><D88/><U59/><E30/><V93/><F56/><W63/><G69/><T36/><D104/><U43/><E43/><N who="2" m="16427" /><F51/><W86/><G118/><T133/><D110/><U6/><E122/><V76/><F76/><W113/><G113/><T24/><D130/><U117/><E117/><V71/><F71/><W105/><G105/><T70/><D70/><U124/><E124/><V91/><F102/><W31/><G37/><T83/><D83/><U92/><E26/><V94/><F94/><W22/><G75/><T46/><D2/><U135/><E1/><V108/><F108/><W8/><G3/><T81/><D81/><U62/><E135/><V11/><F13/><W52/><G31/><AGARI ba="1,0" hai="11,14,19,21,25,31,66,67,91,93,97" m="16427" machi="31" ten="30,2900,0" yaku="8,1,52,1" doraHai="85" who="2" fromWho="3" sc="206,0,274,0,298,32,222,-32" /><INIT seed="2,2,0,0,1,22" ten="206,274,330,190" oya="2" hai0="126,0,40,120,8,100,61,90,97,44,4,110,91" hai1="19,101,9,29,113,14,43,67,31,37,96,135,45" hai2="36,116,46,33,73,30,51,66,59,127,13,20,134" hai3="55,60,2,35,15,42,83,34,93,70,74,77,79"/><V81/><F116/><W111/><G2/><T105/><D110/><U54/><E135/><V102/><F134/><W69/><G111/><T123/><D126/><U17/><E113/><V118/><F118/><W78/><G42/><T63/><D63/><U47/><E67/><V95/><F127/><W75/><G70/><T11/><D11/><U94/><E54/><V115/><F33/><W128/><G128/><T27/><D61/><U133/><E133/><V49/><F36/><W131/><G131/><T50/><REACH who="0" step="1"/><D27/><REACH who="0" ten="196,274,330,190" step="2"/><U76/><E9/><V18/><F115/><W6/><G60/><T108/><D108/><U7/><E7/><V112/><F112/><W28/><G6/><T132/><D132/><U68/><E68/><V114/><F114/><W122/><G69/><T25/><D25/><U23/><E14/><V41/><F13/><W124/><G15/><T125/><D125/><U5/><E5/><V109/><F109/><W85/><G124/><T64/><D64/><U98/><E31/><V87/><F30/><W72/><G28/><T62/><D62/><U89/><E29/><V16/><F66/><W56/><G34/><T58/><D58/><U32/><E32/><V103/><F59/><W52/><G35/><T53/><D53/><U121/><E23/><V119/><F119/><W57/><G55/><T21/><D21/><U92/><E17/><V48/><F18/><W38/><G56/><T80/><D80/><U104/><E19/><V86/><F16/><W24/><G83/><T117/><D117/><U71/><E71/><V12/><F81/><W107/><G57/><RYUUKYOKU ba="2,1" sc="196,30,274,-10,330,-10,190,-10" hai0="0,4,8,40,44,50,90,91,97,100,105,120,123" /><INIT seed="3,3,1,0,1,27" ten="226,264,320,180" oya="3" hai0="102,1,20,130,46,100,33,97,64,55,119,49,30" hai1="42,74,19,52,8,92,129,4,88,73,62,132,26" hai2="57,15,28,77,120,16,125,96,121,35,135,36,48" hai3="82,87,91,116,99,32,47,84,67,75,7,90,83"/><W29/><G116/><T109/><D119/><U45/><E132/><V108/><F36/><W107/><G7/><T51/><D109/><U78/><E78/><V65/><F125/><W43/><G67/><T104/><D130/><U63/><E129/><V117/><F117/><W69/><G69/><T40/><D1/><U112/><E112/><V56/><F108/><W5/><G5/><T68/><D102/><U38/><E63/><V66/><F135/><W39/><G75/><T89/><D89/><U58/><E19/><V70/><F77/><W110/><G110/><T86/><D86/><U131/><E26/><N who="2" m="18839" /><F96/><W103/><G32/><T127/><D127/><U9/><E131/><V71/><F48/><W21/><G21/><T31/><D20/><U72/><REACH who="1" step="1"/><E4/><REACH who="1" ten="226,254,320,180" step="2"/><V17/><F17/><W60/><G60/><T111/><D111/><U34/><E34/><V2/><F71/><W23/><G23/><T95/><D33/><U105/><E105/><V53/><F70/><W76/><REACH who="3" step="1"/><G29/><REACH who="3" ten="226,254,320,170" step="2"/><T10/><D68/><U6/><E6/><V11/><F121/><W80/><G80/><T94/><D31/><U134/><E134/><V122/><F122/><W98/><G98/><AGARI ba="3,3" hai="8,9,38,42,45,52,58,62,72,73,74,88,92,98" machi="98" ten="40,8000,1" yaku="1,1,54,2,53,1" doraHai="27" doraHaiUra="37" who="1" fromWho="3" sc="226,0,254,119,320,0,170,-89" owari="226,-17.4,373,47.3,320,12.0,81,-41.9" /></mjloggm>