<mjloggm ver="2.3"><GO type="225" lobby="0"/><UN n0="%30%2E%31%32%30" n1="%4B%2E%32%2E%4B%2E" n2="%E3%83%81%E3%83%AF%E3%83%AF%E9%9A%8A%E9%95%B7" n3="%E5%8F%AF%E5%85%90%E9%82%A3%E7%94%B1%E5%A4%9A" dan="16,17,16,16" rate="2120.04,2183.70,2123.22,2126.07" sx="M,M,M,F"/><TAIKYOKU oya="0"/><INIT seed="0,0,0,0,0,105" ten="250,250,250,250" oya="0" hai0="48,53,97,84,30,120,29,15,18,135,115,72,117" hai1="85,32,74,49,23,90,25,100,66,36,6,92,102" hai2="65,81,87,2,134,22,12,76,77,114,82,124,107" hai3="69,94,46,89,3,126,121,35,133,80,123,63,91"/><T103/><D117/><U7/><E36/><V62/><F2/><W39/><G3/><T86/><D120/><N who="3" m="46153" /><G35/><T95/><D115/><U14/><E66/><V88/><F114/><W78/><G133/><T31/><D72/><U59/><E32/><V75/><F107/><W104/><G104/><T38/><D38/><U101/><E74/><V70/><F134/><W60/><G126/><T110/><D110/><U24/><E24/><V54/><F124/><W108/><G108/><T17/><D17/><U83/><E83/><V109/><F109/><W19/><G19/><T33/><D33/><U10/><E6/><V119/><F119/><W4/><G4/><T67/><D67/><U99/><E59/><V73/><F54/><W122/><N who="3" m="46161" /><W61/><DORA hai="52" /><G69/><T34/><D34/><U128/><E49/><V50/><F50/><W68/><G68/><T130/><D130/><U64/><E64/><V9/><F22/><W131/><G131/><T58/><REACH who="0" step="1"/><D135/><REACH who="0" ten="240,250,250,250" step="2"/><U98/><REACH who="1" step="1"/><E128/><REACH who="1" ten="240,240,250,250" step="2"/><V26/><F65/><W11/><G39/><T132/><D132/><U129/><E129/><V27/><F70/><W93/><G60/><T106/><D106/><U43/><E43/><V112/><F62/><W28/><G61/><T0/><D0/><U42/><E42/><V57/><F112/><W40/><G63/><T41/><D41/><U111/><E111/><V8/><F75/><W13/><G40/><T79/><D79/><U1/><E1/><V45/><F76/><W96/><G78/><T127/><D127/><U20/><E20/><AGARI ba="0,2" hai="15,18,20,29,30,31,48,53,58,84,86,95,97,103" machi="20" ten="40,7700,0" yaku="1,1,8,1,52,1,53,0" doraHai="105,52" doraHaiUra="21,37" who="0" fromWho="1" sc="240,97,240,-77,250,0,250,0" /><INIT seed="0,1,0,2,4,23" ten="337,163,250,250" oya="0" hai0="129,41,135,65,2,22,66,19,92,105,88,27,76" hai1="78,118,86,34,97,30,3,16,56,8,115,91,133" hai2="98,7,40,68,5,104,64,33,59,101,95,94,53" hai3="128,75,79,82,43,109,13,116,36,63,57,130,100"/><T29/><D105/><U102/><E118/><V126/><F126/><W55/><G116/><T85/><D2/><U120/><E120/><V52/><F68/><W12/><G109/><T114/><D114/><U45/><E115/><V134/><F134/><W80/><G100/><T107/><D107/><U9/><E133/><V119/><F119/><W14/><REACH who="3" step="1"/><G80/><REACH who="3" ten="337,163,250,240" step="2"/><N who="0" m="47239" /><D135/><U96/><E102/><V117/><F117/><W122/><G122/><T48/><D129/><U113/><E113/><V125/><F101/><W73/><G73/><T32/><D32/><U72/><E34/><V50/><F33/><W106/><G106/><T38/><D38/><U6/><E72/><V54/><F104/><W83/><G83/><T124/><D124/><U71/><E71/><V62/><F125/><W81/><G81/><T123/><D123/><U39/><E39/><V93/><REACH who="2" step="1"/><F98/><REACH who="2" ten="337,163,240,240" step="2"/><W4/><G4/><T10/><D92/><U24/><E96/><V90/><F90/><W89/><G89/><T67/><D88/><U110/><E97/><V31/><F31/><W47/><AGARI ba="1,2" hai="12,13,14,36,43,47,55,57,63,75,79,82,128,130" machi="47" ten="30,2000,0" yaku="1,1,0,1,53,0" doraHai="23" doraHaiUra="87" who="3" fromWho="3" sc="337,-11,163,-6,240,-6,240,43" /><INIT seed="1,0,0,5,5,135" ten="326,157,234,283" oya="1" hai0="114,101,115,44,78,5,77,26,121,33,103,102,112" hai1="133,51,2,70,99,127,66,95,118,123,4,110,65" hai2="18,20,56,39,88,63,30,6,17,15,98,82,67" hai3="48,45,97,55,72,28,53,73,86,100,36,1,12"/><U116/><E123/><V38/><F6/><W132/><G1/><T85/><D121/><U25/><E133/><V62/><F30/><W40/><G132/><T104/><D104/><U50/><E110/><V46/><F46/><W58/><G28/><T47/><D5/><U84/><E127/><V29/><F29/><W106/><G86/><T75/><D75/><U105/><E25/><V8/><F63/><W43/><G43/><T134/><D134/><U89/><E116/><V87/><REACH who="2" step="1"/><F98/><REACH who="2" ten="326,157,224,283" step="2"/><W117/><G117/><T109/><D114/><U32/><E118/><V113/><F113/><W94/><G106/><T49/><D115/><U128/><E105/><V3/><F3/><W68/><G68/><T16/><D112/><U34/><E99/><V31/><F31/><W74/><G97/><T90/><D47/><U69/><E69/><V0/><F0/><W10/><G45/><T108/><D44/><U23/><E70/><V107/><F107/><W13/><G40/><T22/><D109/><U61/><E61/><V120/><F120/><W124/><G48/><T126/><D108/><U91/><E4/><V9/><F9/><W119/><G10/><T83/><D33/><U125/><E2/><V93/><F93/><W57/><G94/><T129/><D49/><U24/><E95/><V131/><F131/><W111/><G111/><T122/><D122/><U96/><E128/><V7/><F7/><W27/><G119/><T71/><D71/><U80/><E51/><V79/><F79/><N who="0" m="30218" /><D129/><U21/><E50/><V81/><F81/><W35/><G35/><T42/><D42/><RYUUKYOKU ba="0,1" sc="326,15,157,-15,224,15,283,-15" hai0="16,22,26,83,85,90,101,102,103,126" hai2="8,15,17,18,20,38,39,56,62,67,82,87,88" /><INIT seed="2,1,1,5,5,39" ten="341,142,239,268" oya="2" hai0="32,73,121,114,123,48,67,116,6,130,135,59,8" hai1="78,29,3,47,76,119,117,97,1,44,65,7,38" hai2="27,41,124,115,68,91,13,57,92,70,85,58,28" hai3="63,64,30,95,18,45,122,107,53,62,120,113,9"/><V133/><F115/><W12/><G107/><T90/><D73/><U93/><E65/><V4/><F124/><W56/><G113/><T16/><D32/><U31/><E97/><V21/><F133/><W36/><G30/><T35/><D35/><U55/><E55/><V23/><F41/><W84/><G95/><T54/><D114/><U80/><E93/><V42/><F42/><W118/><G118/><T71/><D135/><U105/><E105/><V125/><F125/><W20/><G84/><T61/><D116/><U89/><E89/><V69/><REACH who="2" step="1"/><F21/><REACH who="2" ten="341,142,229,268" step="2"/><W14/><G122/><T103/><D123/><U19/><E38/><V94/><F94/><W110/><G120/><T134/><D121/><U79/><E117/><V81/><F81/><W108/><G36/><T131/><D134/><U98/><E119/><V75/><F75/><W66/><G20/><T5/><D131/><U83/><E83/><V60/><F60/><W15/><G110/><T112/><D130/><U106/><E80/><V104/><F104/><W46/><G108/><T88/><D61/><U74/><E74/><V109/><F109/><W86/><G62/><T51/><D112/><U49/><E106/><V0/><F0/><W22/><G22/><T43/><D43/><U129/><E129/><V24/><F24/><W102/><G64/><T11/><D67/><U87/><E1/><V77/><F77/><W99/><G66/><T26/><D26/><U25/><E25/><V82/><F82/><W52/><G63/><T101/><D54/><U2/><E79/><V50/><F50/><N who="3" m="30743" /><G53/><T96/><D51/><RYUUKYOKU ba="1,2" sc="341,-10,142,-10,229,30,268,-10" hai2="4,13,23,27,28,57,58,68,69,70,85,91,92" /><INIT seed="2,2,2,1,2,122" ten="331,132,259,258" oya="2" hai0="123,73,78,23,52,106,20,0,27,10,100,89,92" hai1="61,26,98,40,135,28,120,22,134,91,17,108,6" hai2="54,67,56,37,117,132,14,103,114,113,99,35,105" hai3="57,111,9,94,88,107,12,31,83,36,68,39,121"/><V3/><F3/><W5/><G121/><T124/><D123/><U90/><E120/><V60/><F117/><W25/><G107/><T7/><D124/><U58/><E40/><V2/><F2/><W55/><G68/><T41/><D41/><U62/><E6/><V125/><F37/><W104/><G83/><N who="0" m="45519" /><D52/><N who="1" m="33991" /><E62/><V95/><F35/><W46/><G104/><T45/><D45/><U66/><E66/><V96/><F125/><W63/><G46/><T33/><D33/><U64/><E64/><V115/><F132/><N who="1" m="50729" /><E28/><V77/><F113/><W71/><G71/><T97/><D27/><U127/><E127/><V101/><F67/><W65/><G65/><T110/><D110/><U30/><E30/><V133/><F133/><W11/><G111/><T109/><D109/><U50/><E50/><V19/><F77/><W116/><G116/><T42/><D42/><U15/><E108/><V18/><F18/><W76/><G76/><T34/><D34/><U74/><E74/><V129/><F129/><W81/><G39/><T51/><D51/><U16/><E98/><V82/><F82/><W131/><G81/><T130/><D130/><U43/><E43/><V102/><F102/><W118/><G36/><T4/><D4/><U86/><E86/><AGARI ba="2,2" hai="0,7,10,20,23,86,89,92,97,100,106" m="45519" machi="86" ten="30,1000,0" yaku="24,1" doraHai="122" who="0" fromWho="1" sc="331,36,132,-16,259,0,258,0" /><INIT seed="3,0,0,4,5,60" ten="367,116,259,258" oya="3" hai0="64,45,23,88,73,116,26,52,5,67,111,22,93" hai1="135,3,58,98,76,6,132,126,30,86,123,13,8" hai2="38,97,43,41,105,66,92,53,112,12,81,109,102" hai3="33,74,17,19,10,110,11,131,96,0,87,29,51"/><W120/><G74/><T72/><D116/><U99/><E76/><V89/><F112/><W7/><G120/><T90/><D111/><U14/><E86/><V25/><F109/><W1/><G110/><T28/><D72/><U79/><E79/><V55/><F38/><W4/><G87/><N who="0" m="52383" /><D73/><U59/><E30/><V117/><F117/><W83/><G83/><T82/><D5/><U49/><E6/><V20/><F12/><W84/><G84/><N who="0" m="50455" /><D22/><U62/><E62/><V21/><F81/><W115/><G115/><T57/><D45/><U113/><E49/><AGARI ba="0,0" hai="23,26,28,49,52,57,64,67" m="50455,52383" machi="49" ten="30,8000,1" yaku="8,1,52,2,54,2" doraHai="60" who="0" fromWho="1" sc="367,80,116,-80,259,0,258,0" owari="447,54.7,36,-46.4,259,5.9,258,-14.2" /></mjloggm>