<mjloggm ver="2.3"><GO type="225" lobby="0"/><UN n0="%E3%81%90%E3%81%A1%E3%82%84%E3%81%BE" n1="%E3%82%B3%E3%83%90%E3%83%AC%E3%82%A4" n2="%E4%BF%BA%E3%81%A8%E5%A6%96%E5%A4%A2" n3="%E3%81%8B%E3%82%8F%E3%81%A1%E3%82%83%E3%82%93%35%38" dan="16,16,16,16" rate="2148.79,2167.37,2202.09,2140.51" sx="M,M,F,M"/><TAIKYOKU oya="0"/><INIT seed="0,0,0,3,5,18" ten="250,250,250,250" oya="0" hai0="94,39,5,53,45,61,124,46,106,125,27,42,11" hai1="105,62,66,23,54,114,12,58,31,88,32,77,83" hai2="97,13,79,1,82,43,117,113,111,55,73,112,71" hai3="28,3,110,49,14,70,15,25,76,41,0,60,133"/><T26/><D106/><U122/><E105/><V109/><F1/><W33/><G76/><T65/><D94/><U56/><E122/><V47/><F71/><W135/><G49/><T20/><D53/><U68/><E114/><N who="2" m="44139" /><F55/><W84/><G84/><T115/><D46/><U126/><E32/><V74/><F13/><N who="3" m="4619" /><G41/><T134/><D134/><N who="3" m="51209" /><G110/><N who="2" m="41993" /><F117/><W98/><G98/><T48/><D39/><U120/><E120/><V22/><F22/><W30/><G30/><T129/><D115/><U92/><E68/><V81/><F97/><W72/><G72/><N who="2" m="27753" /><F79/><W93/><G70/><T75/><D20/><U132/><E132/><V127/><F127/><W10/><G60/><T7/><D125/><U85/><E126/><V67/><F67/><W51/><G51/><AGARI ba="0,0" hai="43,47,51,81,82" m="27753,41993,44139" machi="51" ten="40,1300,0" yaku="14,1" doraHai="18" who="2" fromWho="3" sc="250,0,250,0,250,13,250,-13" /><INIT seed="1,0,0,3,1,69" ten="250,250,263,237" oya="1" hai0="11,129,42,117,6,76,8,66,71,16,83,106,18" hai1="122,34,67,28,92,52,10,128,24,125,14,75,45" hai2="47,114,53,43,115,131,112,116,121,104,108,133,19" hai3="86,91,59,65,29,48,88,57,33,94,68,21,135"/><U107/><E75/><V123/><F104/><W93/><G33/><T38/><D106/><U111/><E107/><V118/><F19/><W109/><G109/><T119/><D129/><U103/><E122/><N who="2" m="46603" /><F131/><W80/><G135/><T1/><D11/><U98/><E128/><V78/><F78/><W40/><G68/><T46/><D117/><N who="2" m="45162" /><F53/><N who="3" m="31911" /><G40/><T134/><D134/><U110/><E67/><V102/><F102/><W31/><G21/><T13/><D119/><U105/><E105/><V44/><F133/><W120/><G120/><T81/><D13/><U54/><E125/><V41/><F41/><W64/><G93/><T30/><D30/><N who="3" m="11273" /><G59/><T99/><D99/><AGARI ba="0,0" hai="64,65,80,86,88,91,94,99" m="11273,31911" machi="99" ten="30,2000,0" yaku="8,1,54,1" doraHai="69" who="3" fromWho="0" sc="250,-20,250,0,263,0,237,20" /><INIT seed="2,0,0,4,1,44" ten="230,250,263,257" oya="2" hai0="134,82,49,61,109,78,131,107,17,126,106,53,6" hai1="95,101,75,87,99,84,129,97,20,125,28,43,58" hai2="13,104,68,3,31,88,10,29,85,94,11,64,86" hai3="51,12,35,91,96,50,72,27,117,47,33,32,74"/><V55/><F104/><W81/><G117/><T73/><D109/><U19/><E125/><V83/><F3/><W102/><G27/><T110/><D110/><U76/><E129/><V135/><F135/><W1/><G1/><T45/><D134/><U65/><E43/><V52/><F64/><W67/><G67/><T41/><D131/><U116/><E116/><V22/><F68/><W89/><G12/><T15/><D126/><U69/><E69/><V38/><F38/><W112/><G112/><T105/><D6/><U59/><E75/><V103/><F10/><W56/><G56/><T21/><REACH who="0" step="1"/><D61/><REACH who="0" ten="220,250,263,257" step="2"/><U37/><E37/><V70/><F70/><W34/><G34/><T71/><D71/><U54/><E76/><N who="2" m="46311" /><F103/><W14/><G33/><T90/><D90/><U92/><E101/><V60/><F60/><W123/><G32/><T18/><D18/><U63/><E28/><N who="2" m="10827" /><F22/><W80/><G35/><T16/><D16/><AGARI ba="0,1" hai="11,13,16,52,55,86,88,94" m="10827,46311" machi="16" ten="30,11600,0" yaku="8,1,54,3" doraHai="44" who="2" fromWho="0" sc="220,-116,250,0,263,126,257,0" /><INIT seed="2,1,0,5,2,25" ten="104,250,389,257" oya="2" hai0="21,85,8,59,52,24,61,132,41,28,56,105,12" hai1="40,99,108,2,118,53,3,15,131,16,81,94,45" hai2="38,62,80,66,17,75,47,91,87,50,9,23,128" hai3="11,54,5,65,48,103,14,100,26,33,46,102,96"/><V18/><F38/><W32/><G65/><T119/><D132/><U82/><E118/><V63/><F128/><W44/><G32/><T6/><D119/><U88/><E131/><V115/><F115/><W74/><G74/><T57/><D105/><U27/><E108/><V134/><F134/><W130/><G130/><T35/><D41/><U106/><E106/><V43/><F75/><W31/><REACH who="3" step="1"/><G44/><REACH who="3" ten="104,250,389,247" step="2"/><T29/><REACH who="0" step="1"/><D85/><REACH who="0" ten="94,250,389,247" step="2"/><U89/><E40/><V51/><F43/><W7/><G7/><T36/><D36/><U55/><E45/><V72/><F47/><W129/><G129/><T69/><D69/><U112/><E112/><V77/><F87/><W114/><G114/><T10/><D10/><U98/><E94/><AGARI ba="1,2" hai="5,11,14,26,31,33,46,48,54,94,96,100,102,103" machi="94" ten="30,3900,0" yaku="1,1,7,1,52,1,53,0" doraHai="25" doraHaiUra="58" who="3" fromWho="1" sc="94,0,250,-42,389,0,247,62" /><INIT seed="3,0,0,3,1,88" ten="94,208,389,309" oya="3" hai0="5,67,86,52,54,111,38,32,9,69,50,130,55" hai1="73,89,12,81,92,22,124,77,118,45,90,33,34" hai2="62,93,37,28,14,125,76,107,6,58,51,40,1" hai3="74,91,2,49,71,70,60,17,13,44,46,65,119"/><W122/><G119/><T35/><D111/><U129/><E118/><V30/><F107/><W61/><G122/><T98/><D130/><U85/><E129/><V134/><F37/><W0/><G74/><T123/><D123/><U83/><E45/><V24/><F1/><W43/><G91/><T117/><D117/><U36/><E36/><V114/><F114/><W82/><G82/><T18/><D86/><U120/><E120/><V56/><F134/><W15/><G15/><T39/><D98/><U131/><E131/><V84/><F125/><W100/><G100/><T128/><D128/><U112/><E112/><V16/><F76/><W97/><G97/><T95/><D18/><U72/><E72/><V53/><F6/><W101/><G101/><T99/><D50/><U108/><E108/><V10/><F24/><W42/><G61/><T31/><D67/><U106/><E106/><V105/><F105/><W133/><G70/><T20/><D69/><U19/><E124/><V109/><F109/><W23/><REACH who="3" step="1"/><G133/><REACH who="3" ten="94,208,389,299" step="2"/><T8/><D20/><U102/><E102/><V25/><F62/><W121/><G121/><T103/><D9/><U48/><REACH who="1" step="1"/><E48/><AGARI ba="0,1" hai="0,2,13,17,23,42,43,44,46,48,49,60,65,71" machi="48" ten="30,5800,0" yaku="1,1,7,1,9,1,53,0" doraHai="88" doraHaiUra="80" who="3" fromWho="1" sc="94,0,208,-58,389,0,299,68" /><INIT seed="3,1,0,2,1,39" ten="94,150,389,367" oya="3" hai0="127,79,132,75,95,76,18,67,133,54,74,52,78" hai1="117,15,123,90,82,58,3,24,16,57,115,10,60" hai2="6,19,7,83,21,37,114,73,35,112,23,116,12" hai3="77,88,93,45,38,33,125,91,120,105,55,119,61"/><W62/><G120/><T11/><D127/><U48/><E123/><V98/><F37/><W27/><G119/><T22/><D67/><U28/><E117/><V26/><F116/><W29/><G105/><T9/><D95/><U51/><E3/><V89/><F73/><N who="0" m="27658" /><D22/><N who="1" m="15383" /><E115/><N who="2" m="44075" /><F83/><W126/><G77/><N who="0" m="19715" /><T131/><DORA hai="41" /><D18/><U135/><E135/><N who="0" m="51785" /><D131/><U84/><E58/><V20/><F20/><W2/><G2/><T25/><D25/><U14/><E14/><V56/><F21/><W128/><G128/><T87/><D87/><U111/><E111/><V80/><F80/><W13/><G13/><T94/><D94/><U5/><E5/><V32/><F26/><W100/><G100/><T96/><D96/><U134/><E134/><V8/><F6/><W129/><G129/><T69/><D69/><U65/><AGARI ba="1,0" hai="10,15,16,48,51,57,60,65,82,84,90" m="15383" machi="65" ten="30,2000,0" yaku="8,1,54,1" doraHai="39,41" who="1" fromWho="1" sc="94,-6,150,23,389,-6,367,-11" owari="88,-41.2,173,-22.7,383,48.3,356,15.6" /></mjloggm>