<mjloggm ver="2.3"><GO type="225" lobby="0"/><UN n0="%E3%83%B4%E3%83%A0%EF%BC%99%E3%81%A6" n1="%E7%B4%94%E6%BD%94%E3%83%94%E3%83%A9%E3%83%8B%E3%82%A2" n2="%E3%81%AF%E3%82%88%E3%81%8A%E3%81%98%E3%81%95%E3%82%93" n3="%E3%83%96%E3%83%83%E3%83%91%E3%82%AA%E3%83%96%E3%83%81%E3%82%AD%E3%83%B3" dan="17,16,16,16" rate="2155.66,2140.21,2163.95,2155.23" sx="M,M,M,M"/><TAIKYOKU oya="0"/><INIT seed="0,0,0,3,5,56" ten="250,250,250,250" oya="0" hai0="1,75,54,108,126,111,15,30,68,39,33,82,52" hai1="100,49,27,55,83,45,42,125,84,21,19,0,135" hai2="70,113,91,99,77,43,131,59,61,28,50,63,87" hai3="92,130,133,24,6,40,69,105,116,114,76,44,129"/><T16/><D1/><U51/><E125/><V117/><F113/><W48/><G114/><T46/><D126/><U22/><E135/><V102/><F70/><W53/><G116/><T58/><D68/><U36/><E0/><V120/><F120/><W80/><G105/><T78/><D30/><U37/><E100/><V10/><F117/><W12/><G133/><T127/><D33/><U94/><E94/><N who="2" m="58743" /><F131/><W101/><G69/><T124/><D124/><U103/><E103/><V34/><F34/><W88/><G101/><T31/><D31/><U64/><E64/><V29/><F77/><W72/><G24/><T86/><D75/><U121/><E21/><V14/><F50/><W23/><G40/><N who="0" m="22815" /><D58/><U134/><E121/><V109/><F109/><N who="0" m="42058" /><D127/><U85/><E134/><V123/><F43/><W60/><G72/><T3/><D3/><U26/><E26/><V4/><F123/><W93/><G130/><T13/><D13/><U132/><E132/><V66/><F63/><W89/><G12/><T96/><D96/><U20/><E84/><V5/><F4/><W32/><G6/><T95/><D95/><AGARI ba="0,0" hai="5,10,14,28,29,59,61,66,87,91,95" m="58743" machi="95" ten="30,2000,0" yaku="8,1,52,1" doraHai="56" who="2" fromWho="0" sc="250,-20,250,0,250,20,250,0" /><INIT seed="1,0,0,5,4,4" ten="230,250,270,250" oya="1" hai0="15,11,115,54,73,57,22,123,72,10,81,82,25" hai1="75,34,94,32,59,61,0,124,62,47,108,112,38" hai2="51,107,119,48,46,45,35,76,77,52,102,133,60" hai3="125,80,86,74,8,65,84,103,128,132,3,100,13"/><U129/><E112/><V64/><F119/><W79/><G132/><T83/><D115/><U63/><E75/><V69/><F35/><W121/><G121/><T66/><D66/><U116/><E116/><V21/><F133/><W70/><G3/><T41/><D41/><U122/><E122/><V120/><F120/><W101/><G128/><T134/><D134/><U30/><E129/><V127/><F127/><W95/><G125/><T55/><D123/><U49/><E124/><V117/><F117/><W18/><REACH who="3" step="1"/><G95/><REACH who="3" ten="230,250,270,240" step="2"/><T28/><D54/><U40/><E0/><V68/><F107/><W12/><G12/><T126/><D126/><U92/><E108/><V130/><F130/><W91/><G91/><T37/><D37/><U135/><E135/><V2/><F2/><W39/><G39/><T67/><D67/><U105/><E105/><V118/><F118/><W71/><G71/><T7/><REACH who="0" step="1"/><D10/><REACH who="0" ten="220,250,270,240" step="2"/><U19/><E38/><V113/><F64/><W16/><G16/><T29/><D29/><U44/><E19/><V93/><F113/><W9/><G9/><T26/><D26/><U24/><E24/><V1/><F69/><W109/><G109/><T36/><D36/><U96/><E30/><V88/><F68/><W106/><G106/><T90/><D90/><U43/><E40/><V110/><F88/><W6/><G6/><T97/><D97/><U111/><E43/><V20/><F110/><W99/><G99/><T23/><D23/><U87/><E96/><N who="2" m="59663" /><F21/><W78/><G78/><T98/><D98/><U5/><E111/><V85/><F77/><W27/><G27/><RYUUKYOKU ba="0,2" sc="220,15,250,-15,270,-15,240,15" hai0="7,11,15,22,25,28,55,57,72,73,81,82,83" hai3="8,13,18,65,70,74,79,80,84,86,100,101,103" /><INIT seed="2,1,2,3,5,50" ten="235,235,255,255" oya="2" hai0="63,115,120,62,16,18,49,98,103,56,114,94,78" hai1="110,10,46,69,35,126,67,25,7,86,19,112,20" hai2="21,81,90,57,106,99,80,128,64,5,47,92,70" hai3="59,38,0,22,117,43,118,4,45,123,14,8,30"/><V34/><F34/><W134/><G123/><T1/><D120/><U97/><E112/><V96/><F70/><W37/><G134/><T26/><D1/><U41/><E110/><V66/><F128/><W24/><G37/><T105/><D78/><U95/><E126/><V15/><F106/><W100/><G100/><T52/><D105/><U71/><E86/><V11/><F99/><W116/><REACH who="3" step="1"/><G59/><REACH who="3" ten="235,235,255,245" step="2"/><N who="0" m="33167" /><D115/><U32/><E69/><V65/><F57/><W88/><G88/><T111/><D114/><U61/><E46/><V121/><F121/><W79/><G79/><T39/><D39/><U58/><E71/><V122/><F122/><W101/><G101/><T76/><D111/><U36/><E36/><V51/><REACH who="2" step="1"/><F21/><REACH who="2" ten="235,235,245,245" step="2"/><W27/><G27/><T82/><D26/><U55/><E32/><V84/><F84/><W129/><G129/><T9/><D56/><U33/><E35/><V132/><F132/><W130/><G130/><T119/><D119/><U31/><E33/><V102/><F102/><W109/><G109/><T48/><D103/><U72/><E58/><V54/><AGARI ba="1,4" hai="5,11,15,47,51,54,64,65,66,80,81,90,92,96" machi="54" ten="30,11700,0" yaku="1,1,0,1,8,1,52,1,53,0" doraHai="50" doraHaiUra="28" who="2" fromWho="2" sc="235,-40,235,-40,245,160,245,-40" /><INIT seed="2,2,0,0,4,63" ten="195,195,405,205" oya="2" hai0="79,32,14,2,30,26,48,73,9,46,21,135,7" hai1="106,125,35,107,75,131,77,31,23,55,130,115,40" hai2="52,4,62,71,95,45,0,27,33,59,108,39,20" hai3="22,114,116,66,61,49,111,102,78,16,118,91,64"/><V53/><F33/><W129/><G111/><T58/><D135/><U83/><E115/><V133/><F71/><W100/><G129/><N who="1" m="49162" /><E125/><V103/><F133/><W60/><G114/><T128/><D128/><U117/><E117/><V47/><F108/><W113/><G113/><T68/><D68/><U132/><E132/><V104/><F104/><N who="1" m="39977" /><E40/><V87/><F39/><W10/><G78/><T8/><D58/><U101/><E101/><N who="3" m="39018" /><G118/><T88/><D88/><U105/><N who="1" m="39985" /><U57/><DORA hai="122" /><E23/><V82/><F20/><W19/><G116/><T67/><D67/><N who="3" m="25641" /><G49/><T84/><D84/><U6/><E6/><V126/><F4/><W13/><G91/><T37/><D37/><U41/><E41/><V42/><F42/><W36/><G36/><T65/><D65/><U85/><E35/><V12/><F103/><W99/><G99/><T124/><D124/><U123/><E123/><V90/><F90/><W18/><G18/><N who="0" m="8519" /><D32/><U76/><E76/><V56/><F126/><W5/><G5/><T70/><D70/><U51/><E31/><V119/><F119/><W29/><G29/><T93/><D79/><U96/><E96/><V24/><F87/><AGARI ba="2,0" hai="51,55,57,75,77,83,85,87" m="39985,49162" machi="87" ten="50,1600,0" yaku="19,1" doraHai="63,122" who="1" fromWho="2" sc="195,0,195,22,405,-22,205,0" /><INIT seed="3,0,0,2,1,114" ten="195,217,383,205" oya="3" hai0="68,117,73,5,60,72,76,28,50,127,80,129,44" hai1="112,1,3,95,110,61,107,51,132,33,48,14,10" hai2="94,62,43,116,98,17,91,102,38,34,77,97,121" hai3="39,53,99,130,79,90,41,120,115,2,45,35,126"/><W103/><G115/><T119/><D72/><U85/><E112/><V37/><F116/><W40/><G120/><T57/><D68/><U29/><E107/><V71/><F34/><W122/><G122/><T24/><D5/><U96/><E85/><V32/><F32/><W100/><G2/><T59/><D127/><U66/><E51/><V124/><F121/><W16/><G35/><T36/><D36/><U21/><E48/><V8/><F77/><W42/><G126/><T93/><D93/><U18/><E33/><V19/><F124/><W63/><G130/><T75/><D75/><U89/><E110/><V12/><F43/><W9/><G79/><T69/><D69/><U11/><E11/><V52/><F19/><W0/><G39/><T86/><D73/><U88/><E89/><V128/><F128/><W113/><G113/><T22/><D129/><U46/><E46/><V49/><F62/><W74/><G74/><T56/><REACH who="0" step="1"/><D60/><REACH who="0" ten="185,217,383,205" step="2"/><U70/><E132/><V47/><F71/><W7/><G16/><T15/><D15/><U26/><AGARI ba="0,1" hai="1,3,10,14,18,21,26,29,61,66,70,88,95,96" machi="26" ten="30,2000,0" yaku="0,1,54,1" doraHai="114" who="1" fromWho="1" sc="185,-5,217,30,383,-5,205,-10" owari="180,-32.0,247,4.7,378,47.8,195,-20.5" /></mjloggm>