<mjloggm ver="2.3"><GO type="225" lobby="0"/><UN n0="%E3%81%95%E3%81%8D%E3%81%9F%E3%81%BE%E6%9E%97%E6%AA%8E" n1="%53%61%63%68%69%30%34" n2="%E3%81%A4%E3%81%A3%E3%81%B1%E3%82%8A%E3%83%9D%E3%83%BC%E3%83%AB" n3="%E3%83%96%E3%83%83%E3%83%91%E3%82%AA%E3%83%96%E3%83%81%E3%82%AD%E3%83%B3" dan="16,16,17,16" rate="2083.02,2092.21,2271.88,2125.46" sx="M,M,M,M"/><TAIKYOKU oya="0"/><INIT seed="0,0,0,3,4,70" ten="250,250,250,250" oya="0" hai0="52,64,28,38,124,92,31,100,133,53,88,51,20" hai1="134,54,108,10,114,25,69,113,47,12,135,17,105" hai2="37,26,89,109,33,61,13,94,0,111,30,29,3" hai3="46,78,86,41,117,104,99,55,93,44,80,116,81"/><T77/><D77/><U73/><E105/><V72/><F72/><W120/><G120/><T63/><D133/><N who="1" m="50699" /><E69/><V11/><F30/><W126/><G126/><T122/><D124/><U75/><E54/><V90/><F37/><W18/><G104/><T34/><D38/><U103/><E103/><V67/><F3/><W132/><G132/><T21/><D122/><U24/><E47/><V118/><F0/><W102/><G55/><N who="0" m="21067" /><D100/><U8/><E75/><V106/><F106/><W9/><G46/><T62/><D34/><U91/><E91/><V98/><F90/><W68/><G68/><T123/><D123/><U101/><E101/><V58/><REACH who="2" step="1"/><F118/><REACH who="2" ten="250,250,240,250" step="2"/><W7/><G117/><T23/><D31/><U112/><E73/><V96/><F96/><W95/><G116/><T82/><D28/><U32/><E108/><V4/><AGARI ba="0,1" hai="4,11,13,26,29,33,58,61,67,89,94,98,109,111" machi="4" ten="30,4000,0" yaku="1,1,0,1,53,1" doraHai="70" doraHaiUra="59" who="2" fromWho="2" sc="250,-20,250,-10,240,50,250,-10" /><INIT seed="1,0,0,1,1,110" ten="230,240,290,240" oya="1" hai0="132,106,3,56,59,54,95,58,26,42,114,8,98" hai1="16,104,53,82,71,118,107,2,55,40,125,66,22" hai2="36,80,5,93,108,12,44,9,7,25,96,84,72" hai3="87,74,101,35,97,122,91,57,120,86,75,47,130"/><U50/><E118/><V121/><F108/><W81/><G35/><T30/><D106/><U51/><E2/><V17/><F72/><N who="3" m="27691" /><G57/><T23/><D114/><U68/><E125/><V100/><F121/><W46/><G46/><T85/><D132/><U10/><E10/><V131/><F131/><W18/><G18/><T62/><D42/><U37/><E40/><V76/><REACH who="2" step="1"/><F25/><REACH who="2" ten="230,240,280,240" step="2"/><W49/><G130/><T33/><D33/><U112/><E112/><V45/><F45/><W128/><G47/><T89/><REACH who="0" step="1"/><D85/><REACH who="0" ten="220,240,280,240" step="2"/><U65/><E37/><V32/><F32/><W14/><G87/><T6/><AGARI ba="0,2" hai="3,6,8,23,26,30,54,56,58,59,62,89,95,98" machi="6" ten="30,4000,0" yaku="1,1,2,1,0,1,53,0" doraHai="110" doraHaiUra="64" who="0" fromWho="0" sc="220,60,240,-20,280,-10,240,-10" /><INIT seed="2,0,0,1,3,41" ten="280,220,270,230" oya="2" hai0="91,81,116,117,59,22,80,7,2,48,102,10,62" hai1="40,87,134,56,92,66,18,133,16,129,93,125,101" hai2="71,73,38,34,0,68,47,17,63,37,106,36,42" hai3="35,12,135,94,46,23,11,110,8,90,104,14,70"/><V57/><F106/><W85/><G35/><T25/><D102/><U20/><E125/><V107/><F107/><W86/><G104/><T78/><D91/><U50/><E129/><V103/><F103/><W27/><G70/><N who="2" m="26665" /><F17/><N who="1" m="6761" /><E20/><V13/><F13/><N who="3" m="5227" /><G110/><T130/><D130/><U19/><N who="1" m="6769" /><U114/><DORA hai="76" /><E114/><V100/><F100/><W113/><G135/><N who="1" m="51722" /><E101/><V128/><F0/><W29/><G113/><T30/><D48/><U24/><E24/><V109/><F73/><W118/><G118/><N who="0" m="45675" /><D78/><U69/><E69/><V54/><F34/><W72/><G72/><T112/><D112/><U45/><E87/><N who="3" m="33290" /><G46/><T15/><D2/><U64/><E56/><N who="2" m="35223" /><F128/><W6/><G6/><T55/><AGARI ba="0,0" hai="7,10,15,22,25,30,55,59,62,80,81" m="45675" machi="55" ten="30,4000,0" yaku="12,1,52,2" doraHai="41,76" who="0" fromWho="0" sc="280,40,220,-10,270,-20,230,-10" /><INIT seed="3,0,0,0,0,117" ten="320,210,250,220" oya="3" hai0="122,90,20,19,108,102,97,41,9,78,32,28,4" hai1="77,135,8,30,51,126,5,60,84,58,31,59,112" hai2="118,37,10,57,72,96,14,63,7,49,134,56,114" hai3="101,73,64,15,23,69,132,121,71,35,17,22,52"/><W13/><G35/><T54/><D122/><U87/><E112/><V48/><F118/><W33/><G33/><T55/><D108/><U3/><E126/><V79/><F37/><W95/><G73/><T116/><D116/><U40/><E135/><V36/><F36/><W106/><G132/><T115/><D78/><U103/><E103/><V12/><F114/><W11/><G106/><T130/><D130/><U99/><E99/><V92/><F134/><W80/><G80/><T67/><D90/><U89/><E77/><V128/><F72/><W70/><G121/><T42/><D67/><U111/><E87/><V124/><F79/><W68/><G64/><T0/><D55/><U53/><E111/><V65/><F128/><W91/><G101/><T61/><D54/><U76/><E76/><V94/><F94/><W113/><G113/><T120/><D61/><U100/><E100/><N who="2" m="60423" /><F124/><W81/><G81/><T43/><D115/><U25/><E25/><V24/><F24/><W133/><G70/><T44/><D120/><U29/><E40/><V123/><F123/><W47/><G15/><N who="0" m="9343" /><D44/><U82/><REACH who="1" step="1"/><E58/><REACH who="1" ten="320,200,250,220" step="2"/><V26/><F57/><W86/><REACH who="3" step="1"/><G133/><REACH who="3" ten="320,200,250,210" step="2"/><T27/><D43/><U1/><E1/><V50/><F26/><W38/><G38/><T74/><D74/><U104/><E104/><AGARI ba="0,2" hai="0,4,9,27,28,32,41,42,97,102,104" m="9343" machi="104" ten="30,1000,0" yaku="24,1" doraHai="117" who="0" fromWho="1" sc="320,30,200,-10,250,0,210,0" owari="350,45.0,190,-31.0,250,5.0,210,-19.0" /></mjloggm>