<mjloggm ver="2.3"><GO type="225" lobby="0"/><UN n0="%E5%8F%AF%E5%85%90%E9%82%A3%E7%94%B1%E5%A4%9A" n1="%72%65%6E%6B%75%6E" n2="%E5%91%A8%E6%9D%B1" n3="%E3%81%AF%E3%82%88%E3%81%8A%E3%81%98%E3%81%95%E3%82%93" dan="16,17,17,17" rate="2119.94,2256.82,2223.02,2141.15" sx="F,M,M,M"/><TAIKYOKU oya="0"/><INIT seed="0,0,0,0,2,56" ten="250,250,250,250" oya="0" hai0="37,34,76,33,83,92,134,14,98,28,57,45,120" hai1="50,19,82,22,48,10,81,35,128,44,118,69,101" hai2="80,109,95,3,68,63,105,18,24,97,61,66,11" hai3="121,64,86,26,60,102,78,31,36,132,17,89,84"/><T70/><D120/><U29/><E69/><V91/><F109/><W23/><G121/><T6/><D70/><U65/><E118/><V107/><F80/><N who="3" m="47127" /><G36/><T133/><D57/><U53/><E128/><V54/><F24/><W108/><G108/><T93/><D28/><U85/><E65/><V115/><F115/><W13/><G132/><N who="0" m="50795" /><D6/><U88/><E101/><V39/><F39/><W79/><G102/><N who="0" m="60743" /><D14/><N who="1" m="7639" /><E48/><V111/><F111/><W7/><G7/><T103/><D103/><U117/><E35/><V16/><F3/><W55/><G64/><T124/><D93/><N who="1" m="54415" /><E117/><V72/><F11/><W58/><G13/><T71/><D71/><U20/><E20/><V41/><F107/><W100/><G100/><T67/><D67/><U127/><E127/><V15/><F105/><W77/><G31/><T51/><D37/><U73/><E73/><V43/><F72/><W4/><G4/><T8/><D8/><U129/><E129/><V2/><F2/><W126/><G126/><T122/><D124/><U75/><E75/><V42/><REACH who="2" step="1"/><F15/><REACH who="2" ten="250,250,240,250" step="2"/><W74/><G74/><N who="0" m="43415" /><D122/><U21/><E21/><V38/><F38/><W106/><G106/><T9/><D9/><U104/><E104/><V25/><F25/><AGARI ba="0,1" hai="22,25,29,44,50,53,81,82" m="54415,7639" machi="25" ten="30,2000,0" yaku="8,1,54,1" doraHai="56" who="1" fromWho="2" sc="250,0,250,30,240,-20,250,0" /><INIT seed="1,0,0,2,3,132" ten="250,280,220,250" oya="1" hai0="4,50,116,102,19,1,54,35,72,36,10,13,29" hai1="99,89,103,75,64,57,51,61,15,65,111,63,18" hai2="2,9,5,107,60,79,88,47,71,7,95,128,112" hai3="117,104,78,98,69,12,114,125,23,49,46,121,41"/><U68/><E75/><V92/><F112/><W3/><G3/><T59/><D116/><U16/><E111/><V30/><F107/><W74/><G121/><T135/><D135/><U34/><E34/><V38/><F128/><W82/><G69/><T97/><D72/><U120/><E120/><V8/><F30/><W17/><G114/><T55/><D36/><U131/><E131/><V33/><F33/><W11/><G117/><T76/><D76/><U62/><E89/><V81/><F60/><W20/><G125/><T26/><D59/><U31/><E31/><V32/><F71/><W133/><G133/><T24/><D24/><U0/><E0/><V44/><F32/><W27/><G104/><T91/><D91/><U25/><E25/><V14/><F95/><W42/><G98/><T85/><D85/><U43/><E15/><V45/><F38/><W127/><G127/><T123/><D50/><U56/><E68/><V77/><REACH who="2" step="1"/><F81/><REACH who="2" ten="250,280,210,250" step="2"/><W113/><G113/><T48/><D123/><U67/><E63/><V39/><F39/><W93/><G93/><N who="0" m="58671" /><D48/><U21/><E65/><V73/><F73/><W130/><G130/><T101/><D101/><U129/><E129/><V58/><F58/><W134/><G134/><T87/><D87/><AGARI ba="0,1" hai="2,5,7,8,9,14,44,45,47,77,79,87,88,92" machi="87" ten="40,2600,0" yaku="1,1,54,1,53,0" doraHai="132" doraHaiUra="66" who="2" fromWho="0" sc="250,-26,280,0,210,36,250,0" /><INIT seed="2,0,0,3,1,18" ten="224,280,246,250" oya="2" hai0="122,100,48,109,113,57,45,85,56,107,70,133,96" hai1="104,17,89,31,30,86,5,101,105,13,55,98,7" hai2="51,24,9,106,21,116,20,50,125,75,83,76,65" hai3="22,53,132,26,6,120,19,108,103,63,71,25,23"/><V10/><F116/><W28/><G120/><T54/><D122/><U123/><E123/><V88/><F106/><W118/><G118/><T33/><D113/><U112/><E112/><V92/><F65/><W29/><G108/><T32/><D70/><U68/><E68/><V3/><F125/><W39/><G39/><T44/><D109/><U128/><E105/><V42/><F3/><W131/><G131/><T97/><D133/><U124/><E128/><V110/><F110/><W49/><G132/><T111/><D111/><U38/><E38/><V115/><F115/><W69/><G6/><T52/><D85/><U95/><E124/><V121/><F121/><W84/><G103/><T34/><REACH who="0" step="1"/><D97/><REACH who="0" ten="214,280,246,250" step="2"/><U77/><E86/><N who="2" m="48487" /><F42/><W27/><G84/><T127/><D127/><U82/><E98/><N who="2" m="57607" /><F75/><W60/><G69/><T36/><D36/><U119/><E119/><V37/><F37/><W81/><G71/><T99/><D99/><U93/><E104/><V114/><F114/><W58/><G81/><T41/><D41/><U46/><E82/><V91/><F91/><W126/><G126/><T15/><D15/><U11/><E89/><V90/><F90/><W0/><G0/><T35/><N who="0" m="8192" /><DORA hai="79" /><T134/><D134/><U64/><E101/><V2/><F2/><W62/><G26/><T94/><D94/><U129/><E129/><V47/><F24/><W14/><G14/><T102/><D102/><U130/><E130/><V117/><F117/><W40/><G28/><T73/><D73/><U72/><E72/><V59/><F59/><N who="3" m="33199" /><G40/><T67/><D67/><AGARI ba="0,1" hai="19,22,23,25,27,29,58,60,62,63,67" m="33199" machi="67" ten="30,3900,0" yaku="8,1,52,2" doraHai="18,79" who="3" fromWho="0" sc="214,-39,280,0,246,0,250,49" /><INIT seed="3,0,0,4,2,40" ten="175,280,246,299" oya="3" hai0="84,42,17,32,59,51,109,33,4,92,134,47,29" hai1="16,9,53,76,98,34,57,18,135,85,112,110,78" hai2="81,49,1,50,117,74,131,116,124,35,104,12,120" hai3="27,101,128,31,73,5,64,26,38,103,45,125,80"/><W82/><G125/><T122/><D122/><U111/><E34/><V115/><RYUUKYOKU type="yao9" ba="0,0" sc="175,0,280,0,246,0,299,0" hai2="1,12,35,49,50,74,81,104,115,116,117,120,124,131" /><INIT seed="3,1,0,0,1,69" ten="175,280,246,299" oya="3" hai0="128,74,45,92,135,68,118,86,12,21,48,64,60" hai1="102,54,88,80,18,131,73,122,5,126,99,124,84" hai2="4,27,103,9,119,96,120,23,76,123,32,106,61" hai3="109,98,44,90,2,7,43,70,22,129,78,82,127"/><W114/><G114/><T101/><D118/><U113/><E113/><V26/><F119/><W117/><G117/><T133/><D74/><U134/><E122/><N who="2" m="46635" /><F32/><W1/><G70/><T35/><D35/><U36/><E36/><V20/><F76/><W34/><G34/><T50/><D128/><U112/><E112/><V17/><F61/><W87/><G129/><T51/><D21/><N who="2" m="8266" /><F17/><W25/><G25/><T91/><D12/><AGARI ba="1,0" hai="4,9,12,26,27,96,103,106" m="8266,46635" machi="12" ten="30,1000,0" yaku="13,1" doraHai="69" who="2" fromWho="0" sc="175,-13,280,0,246,13,299,0" /><INIT seed="4,0,0,1,3,102" ten="162,280,259,299" oya="0" hai0="27,103,24,127,48,131,90,14,115,21,77,133,38" hai1="50,29,99,19,81,56,91,88,98,59,107,84,9" hai2="95,94,64,58,53,72,106,62,76,34,135,41,130" hai3="97,85,79,108,7,112,105,63,54,122,30,78,32"/><T52/><D38/><U110/><E110/><V80/><F34/><W15/><G108/><T3/><D3/><U43/><E107/><V126/><F135/><W101/><G112/><T26/><D115/><U125/><E125/><V45/><F126/><W92/><G122/><T74/><D127/><U42/><E29/><V28/><F28/><W124/><G124/><T87/><D133/><U132/><E132/><V33/><F33/><W4/><G32/><T116/><D116/><U134/><E134/><V8/><F130/><W117/><G30/><T13/><D131/><U18/><E9/><V0/><F106/><W123/><G123/><T16/><D103/><U11/><E11/><V89/><F89/><W69/><G15/><N who="0" m="9375" /><D77/><U25/><E50/><V128/><F64/><W109/><G109/><T119/><D74/><U10/><E10/><V86/><F128/><W118/><G79/><T6/><D6/><U93/><E98/><V113/><F86/><W67/><G4/><T100/><D100/><U120/><E120/><V36/><F113/><W23/><G7/><AGARI ba="0,0" hai="0,7,8,36,41,45,53,58,62,72,76,80,94,95" machi="7" ten="40,2600,0" yaku="25,2" doraHai="102" who="2" fromWho="3" sc="162,0,280,0,259,26,299,-26" /><INIT seed="5,0,0,5,2,31" ten="162,280,285,273" oya="1" hai0="4,91,104,82,131,48,50,41,66,8,88,53,126" hai1="78,23,80,79,43,109,116,54,103,90,123,42,86" hai2="71,60,76,21,9,45,124,98,32,47,58,26,117" hai3="93,49,107,62,111,20,36,15,24,39,108,83,114"/><U38/><E116/><V77/><F117/><W115/><G107/><T135/><D104/><U119/><E119/><V65/><F124/><W10/><G83/><T75/><D126/><U121/><E103/><V101/><F9/><W35/><G93/><T73/><D131/><U132/><E23/><V3/><F3/><W7/><G49/><T17/><D135/><U70/><E70/><V74/><F74/><W59/><G36/><T69/><D17/><U56/><E132/><V40/><F47/><W92/><G39/><T68/><D41/><U14/><E109/><V34/><F77/><N who="1" m="29193" /><E38/><V19/><F76/><W2/><G92/><T61/><D69/><U46/><E123/><V1/><F1/><W125/><G125/><T13/><D50/><N who="1" m="29015" /><E121/><V44/><F71/><W0/><G2/><T130/><D130/><U27/><E27/><V85/><F85/><W112/><G0/><T25/><D25/><U105/><E105/><V87/><F87/><W97/><G97/><T6/><D6/><U84/><E14/><V16/><F19/><W110/><G20/><T33/><D33/><U28/><E28/><V102/><F102/><W127/><G127/><T67/><D67/><U96/><E96/><V72/><F72/><W22/><G22/><T51/><D51/><U11/><E11/><V12/><F12/><W89/><G89/><N who="0" m="34379" /><D82/><U128/><E128/><V64/><F64/><N who="3" m="39007" /><G24/><T118/><D118/><U113/><E86/><V29/><F29/><W5/><G7/><T52/><D48/><U106/><E106/><N who="2" m="63799" /><F40/><N who="1" m="15401" /><E56/><V99/><F99/><W18/><G5/><T55/><AGARI ba="0,0" hai="4,8,13,52,53,55,61,66,68,73,75" m="34379" machi="55" ten="30,4000,0" yaku="5,1,54,2" doraHai="31" who="0" fromWho="0" sc="162,40,280,-20,285,-10,273,-10" /><INIT seed="6,0,0,3,5,98" ten="202,260,275,263" oya="2" hai0="123,99,82,84,41,126,48,43,10,83,129,17,76" hai1="16,22,27,38,92,97,55,45,113,23,124,71,131" hai2="51,121,119,49,24,34,104,109,79,1,74,96,68" hai3="94,107,2,30,7,112,21,36,58,111,122,3,6"/><V14/><F121/><W78/><G107/><T28/><D123/><U20/><E113/><V54/><F119/><W26/><G122/><T13/><D126/><U102/><E124/><V11/><F1/><W88/><G36/><T12/><D129/><U128/><E71/><V40/><F68/><W93/><G111/><T65/><D28/><U114/><E114/><V90/><F109/><W130/><G112/><T37/><D37/><U42/><E55/><V116/><F116/><W5/><G130/><AGARI ba="0,0" hai="16,20,22,23,27,38,42,45,92,97,102,128,130,131" machi="130" ten="40,5200,0" yaku="19,1,52,1,54,1" doraHai="98" who="1" fromWho="3" sc="202,0,260,52,275,0,263,-52" owari="202,-29.8,312,41.2,275,7.5,211,-18.9" /></mjloggm>