<mjloggm ver="2.3"><GO type="225" lobby="0"/><UN n0="%E3%81%8B%E3%82%8F%E3%81%A1%E3%82%83%E3%82%93%35%38" n1="%E6%98%93%E5%88%A9%E8%96%A9%E4%BC%AF" n2="%E8%A8%88%E7%AE%97%E6%A9%9F%E8%87%AA%E7%84%B6" n3="%E3%83%A9%E3%83%BC%E3%83%A1%E3%83%B3%E4%BA%94%E9%83%8E" dan="16,16,17,16" rate="2153.30,2119.31,2170.51,2174.27" sx="M,F,M,M"/><TAIKYOKU oya="0"/><INIT seed="0,0,0,5,2,126" ten="250,250,250,250" oya="0" hai0="53,42,46,31,96,2,122,4,123,37,121,112,131" hai1="38,106,110,65,89,109,98,57,47,59,44,33,103" hai2="3,133,56,63,6,130,23,50,100,30,102,34,117" hai3="86,39,82,28,40,10,49,79,87,55,0,116,111"/><T12/><D12/><U60/><E33/><V99/><F34/><W70/><G116/><T35/><D53/><U36/><E89/><V81/><F117/><W127/><G70/><T15/><D15/><U61/><E44/><V118/><F118/><W104/><G127/><T75/><D112/><U91/><E91/><V84/><F133/><W11/><G104/><T120/><D120/><U64/><REACH who="1" step="1"/><E47/><REACH who="1" ten="250,240,250,250" step="2"/><V107/><F100/><W17/><G79/><T9/><D96/><U71/><E71/><V95/><F99/><W83/><G40/><T113/><D113/><U132/><E132/><V124/><F102/><W48/><G39/><AGARI ba="0,1" hai="36,38,39,57,59,60,61,64,65,98,103,106,109,110" machi="39" ten="40,2600,0" yaku="1,1,9,1,53,0" doraHai="126" doraHaiUra="105" who="1" fromWho="3" sc="250,0,240,36,250,0,250,-26" /><INIT seed="1,0,0,1,5,42" ten="250,276,250,224" oya="1" hai0="20,21,9,105,67,99,87,88,16,71,80,25,52" hai1="106,73,63,135,114,32,110,122,65,90,98,48,68" hai2="134,130,117,18,76,111,116,59,27,31,11,61,133" hai3="72,53,1,2,35,10,37,81,0,125,50,83,86"/><U131/><RYUUKYOKU type="yao9" ba="0,0" sc="250,0,276,0,250,0,224,0" hai1="32,48,63,65,68,73,90,98,106,110,114,122,131,135" /><INIT seed="1,1,0,0,2,25" ten="250,276,250,224" oya="1" hai0="104,16,110,35,62,69,93,32,108,72,99,79,135" hai1="101,92,130,91,47,18,84,86,52,73,59,30,15" hai2="113,17,0,123,75,38,131,1,70,34,115,127,36" hai3="51,83,5,89,76,120,60,121,118,80,128,43,132"/><U94/><E73/><V56/><F56/><W24/><G132/><T97/><D135/><U114/><E114/><N who="2" m="43531" /><F17/><W12/><G128/><T105/><D79/><U95/><E130/><V31/><F75/><W53/><G118/><T109/><D72/><U11/><E47/><V67/><F131/><W27/><G120/><T102/><D16/><N who="1" m="8319" /><E101/><V64/><F123/><W96/><G121/><T42/><D42/><U126/><E126/><V74/><F74/><W55/><G43/><T65/><REACH who="0" step="1"/><D105/><REACH who="0" ten="240,276,250,224" step="2"/><U21/><E30/><V20/><F31/><W111/><G76/><T48/><D48/><N who="1" m="31111" /><E86/><V7/><F36/><W8/><G51/><T107/><D107/><U125/><E125/><V6/><F38/><W40/><G40/><T68/><D68/><U44/><E44/><V23/><F70/><W13/><G5/><T122/><D122/><U57/><E57/><V124/><F6/><W98/><G60/><T54/><D54/><U116/><E116/><V58/><F7/><W37/><G37/><T50/><D50/><U82/><E82/><V77/><F124/><W41/><G83/><T119/><D119/><U71/><E71/><V133/><F127/><W4/><G80/><T46/><D46/><U33/><E33/><V2/><F34/><W29/><G29/><T3/><D3/><U103/><E103/><AGARI ba="1,1" hai="32,35,62,65,69,93,97,99,102,103,104,108,109,110" machi="103" ten="40,5200,0" yaku="1,1,14,1,53,1" doraHai="25" doraHaiUra="63" who="0" fromWho="1" sc="240,65,276,-55,250,0,224,0" /><INIT seed="2,0,0,4,0,114" ten="305,221,250,224" oya="2" hai0="48,64,67,28,3,97,66,65,73,54,122,8,33" hai1="68,45,47,20,39,18,118,126,104,113,125,58,101" hai2="6,19,26,78,24,92,41,62,16,99,60,124,61" hai3="132,87,53,82,59,72,23,115,119,95,30,128,70"/><V34/><F124/><N who="1" m="47721" /><E68/><V112/><F112/><W135/><G115/><T9/><D122/><U11/><E113/><V52/><F41/><W108/><G70/><T5/><D73/><U88/><E11/><V29/><F78/><W37/><G37/><T94/><D66/><U83/><E39/><V133/><F6/><W22/><G108/><T79/><D79/><U2/><E2/><V100/><F133/><N who="3" m="51275" /><G128/><T93/><D9/><U21/><E58/><V86/><F86/><W129/><G129/><T15/><D3/><U69/><E69/><V51/><REACH who="2" step="1"/><F24/><REACH who="2" ten="305,221,240,224" step="2"/><W85/><G85/><T91/><D5/><U127/><E127/><V4/><F4/><W81/><G87/><T27/><D27/><U77/><E77/><V71/><F71/><W75/><G75/><T36/><D36/><U80/><E80/><V130/><F130/><W10/><G72/><T14/><D14/><U90/><E83/><V116/><F116/><W31/><G119/><T84/><D15/><U44/><E118/><V63/><N who="2" m="15360" /><DORA hai="1" /><V13/><F13/><W38/><G82/><T120/><D65/><U134/><E134/><V32/><F32/><W55/><G81/><T109/><D64/><U42/><E42/><V0/><F0/><W110/><G110/><T117/><D67/><U123/><E123/><V131/><F131/><W35/><G35/><T40/><D120/><U121/><E121/><V43/><F43/><W25/><G25/><T103/><D117/><U102/><E18/><V105/><F105/><W89/><G55/><T56/><D109/><U98/><E104/><V57/><AGARI ba="0,1" hai="16,19,26,29,34,51,52,57,92,99,100" m="15360" machi="57" ten="40,12000,1" yaku="1,1,5,1,0,1,54,2,53,0" doraHai="114,1" doraHaiUra="106,111" who="2" fromWho="2" sc="305,-40,221,-40,240,130,224,-40" /><INIT seed="2,1,0,4,1,56" ten="265,181,370,184" oya="2" hai0="74,115,34,17,116,93,126,94,48,71,38,110,30" hai1="21,118,25,0,91,85,92,59,41,90,101,50,135" hai2="12,61,62,77,117,31,121,33,64,14,9,23,88" hai3="70,128,46,108,51,49,82,28,102,36,43,35,129"/><V134/><F117/><W96/><G70/><T106/><RYUUKYOKU type="yao9" ba="1,0" sc="265,0,181,0,370,0,184,0" hai0="17,30,34,38,48,71,74,93,94,106,110,115,116,126" /><INIT seed="2,2,0,2,0,33" ten="265,181,370,184" oya="2" hai0="87,54,52,21,59,101,121,120,55,86,41,10,26" hai1="29,132,63,135,45,127,123,99,89,47,117,7,24" hai2="76,28,30,73,27,14,104,96,83,57,38,40,0" hai3="94,118,58,75,34,93,20,81,13,113,126,44,124"/><V90/><F14/><W116/><G34/><T39/><D120/><U32/><E117/><V122/><F57/><W112/><G58/><T49/><D121/><U18/><E123/><V9/><F122/><W134/><G44/><T109/><D109/><U66/><E127/><N who="3" m="48682" /><G20/><T79/><D101/><U105/><E7/><N who="2" m="1255" /><F27/><W22/><G22/><T92/><D39/><U53/><E18/><V80/><F80/><W8/><G134/><N who="1" m="51242" /><E53/><V50/><F50/><W129/><G129/><T100/><D10/><U6/><E6/><V62/><F62/><W3/><G75/><T51/><D51/><U37/><E37/><V48/><F48/><W72/><G72/><T98/><D79/><U119/><E119/><N who="3" m="45610" /><G81/><T12/><D12/><U64/><E64/><V78/><F78/><W97/><G3/><T85/><REACH who="0" step="1"/><D41/><REACH who="0" ten="255,181,370,184" step="2"/><U131/><E131/><V35/><F40/><W43/><G43/><T23/><D23/><U5/><E32/><V69/><F35/><W67/><G13/><T95/><D95/><N who="3" m="36361" /><G8/><T107/><D107/><U36/><E105/><V128/><F104/><W130/><G130/><T4/><D4/><U17/><E5/><V46/><F128/><W114/><G97/><T42/><D42/><U2/><E99/><V74/><F96/><W56/><G67/><T31/><AGARI ba="2,1" hai="21,26,31,49,52,54,55,59,85,86,87,92,98,100" machi="31" ten="30,7900,0" yaku="1,1,0,1,8,1,54,1,53,0" doraHai="33" doraHaiUra="77" who="0" fromWho="0" sc="255,95,181,-22,370,-41,184,-22" /><INIT seed="3,0,0,1,0,51" ten="350,159,329,162" oya="3" hai0="62,50,17,87,18,113,123,99,106,74,4,108,29" hai1="23,102,134,63,19,94,95,65,48,49,75,126,46" hai2="107,13,64,55,61,21,15,52,111,104,3,125,8" hai3="47,101,44,103,59,32,53,70,105,119,16,114,135"/><W85/><G114/><T78/><D74/><U5/><E75/><V132/><F3/><W11/><G119/><T88/><D78/><U115/><E115/><V118/><F118/><W34/><G70/><T35/><D4/><U79/><E134/><V84/><F132/><W77/><G135/><T67/><D123/><U82/><E5/><N who="2" m="3215" /><F107/><W129/><G129/><T89/><D113/><U81/><E126/><V56/><F104/><W45/><G32/><T27/><D50/><U121/><E121/><V25/><F125/><W24/><G105/><T112/><D108/><U9/><E9/><V36/><F36/><W68/><G68/><N who="0" m="42103" /><D112/><U22/><E63/><V71/><F71/><W122/><G122/><T2/><D2/><U96/><E65/><V54/><F111/><W110/><G110/><T93/><D89/><N who="1" m="55375" /><E49/><V97/><F97/><W1/><G1/><T86/><D86/><N who="1" m="48447" /><E19/><N who="2" m="12479" /><F84/><W66/><G66/><T30/><D30/><U38/><E38/><V10/><F64/><W109/><G109/><T31/><D31/><U69/><E69/><V116/><F116/><W33/><G33/><T90/><D90/><U14/><E14/><V26/><F26/><W100/><G34/><T39/><D39/><U37/><E37/><V43/><F43/><W12/><G24/><T40/><D40/><N who="1" m="24647" /><E82/><V130/><F130/><W57/><G53/><T83/><D83/><AGARI ba="0,0" hai="11,12,16,44,45,47,57,59,77,83,85,100,101,103" machi="83" ten="40,3900,0" yaku="8,1,54,1" doraHai="51" who="3" fromWho="0" sc="350,-39,159,0,329,0,162,39" /><INIT seed="3,1,0,3,5,12" ten="311,159,329,201" oya="3" hai0="9,36,70,98,69,10,112,16,104,123,31,26,50" hai1="6,100,41,25,49,125,118,80,114,38,120,4,37" hai2="76,52,121,133,45,87,39,81,129,51,40,5,132" hai3="35,59,117,78,7,83,71,108,48,43,84,92,72"/><W1/><G117/><T28/><D36/><U77/><E114/><V61/><F129/><W131/><G71/><T101/><D123/><U122/><E118/><V42/><F121/><W27/><G131/><T54/><D112/><U88/><E100/><V60/><F5/><W75/><G108/><T63/><D28/><U66/><E125/><V11/><F11/><W55/><G43/><N who="2" m="16425" /><F39/><W119/><G119/><T14/><D63/><U8/><E66/><V20/><F20/><W21/><G35/><T19/><D19/><U65/><E65/><V57/><F45/><W62/><G92/><T68/><D9/><U13/><E6/><V107/><F107/><W102/><G102/><T23/><D69/><U44/><E122/><V0/><F0/><W2/><G62/><T18/><D31/><U3/><E120/><V53/><F53/><W32/><G32/><T56/><AGARI ba="1,0" hai="10,14,16,18,23,26,50,54,56,68,70,98,101,104" machi="56" ten="20,8000,1" yaku="0,1,7,1,52,2,54,1" doraHai="12" who="0" fromWho="0" sc="311,83,159,-21,329,-21,201,-41" owari="394,49.4,138,-36.2,308,10.8,160,-24.0" /></mjloggm>