<mjloggm ver="2.3"><GO type="225" lobby="0"/><UN n0="%72%61%6B%33" n1="%E6%A1%9C%E8%8A%B1%E9%96%83%E3%80%85" n2="%E7%99%BD%E5%80%89%E5%AF%9B%E4%B9%8B" n3="%E3%82%8F%E3%81%8B%E3%81%B0%2A%E3%82%AC%E3%83%BC%E3%83%AB" dan="16,17,16,16" rate="2144.90,2189.67,2120.22,2188.55" sx="M,M,M,M"/><TAIKYOKU oya="0"/><INIT seed="0,0,0,3,2,84" ten="250,250,250,250" oya="0" hai0="108,71,59,11,131,25,4,98,34,124,49,122,60" hai1="58,65,55,103,36,112,29,123,26,21,28,132,104" hai2="41,8,39,99,111,81,119,7,13,32,87,73,121" hai3="15,113,95,91,17,1,50,96,126,78,51,61,135"/><T68/><D122/><U42/><E123/><V44/><F32/><W79/><G113/><T3/><D124/><U130/><E112/><V63/><F121/><W80/><G1/><T31/><D131/><U75/><E75/><V92/><F111/><W40/><G135/><T134/><D134/><U45/><E132/><V33/><F33/><W86/><G126/><T67/><D108/><U109/><E109/><V10/><F73/><W106/><G106/><T100/><REACH who="0" step="1"/><D49/><REACH who="0" ten="240,250,250,250" step="2"/><U72/><E130/><V53/><F119/><W47/><G51/><T115/><D115/><U74/><E36/><V128/><F128/><W20/><REACH who="3" step="1"/><G61/><REACH who="3" ten="240,250,250,240" step="2"/><T83/><D83/><U27/><E42/><V0/><F63/><W57/><G57/><T37/><D37/><U56/><E58/><V54/><F81/><W12/><G12/><T64/><D64/><U43/><E65/><V30/><F13/><W127/><G127/><T107/><AGARI ba="0,2" hai="3,4,11,25,31,34,59,60,67,68,71,98,100,107" machi="107" ten="20,3900,0" yaku="1,1,0,1,7,1,53,0" doraHai="84" doraHaiUra="90" who="0" fromWho="0" sc="240,59,250,-13,250,-13,240,-13" /><INIT seed="0,1,0,4,3,101" ten="299,237,237,227" oya="0" hai0="65,67,77,71,122,14,69,40,66,27,37,113,110" hai1="43,22,75,111,7,19,62,12,11,135,29,95,108" hai2="8,132,78,118,87,134,16,26,38,72,112,30,97" hai3="88,39,99,61,0,133,123,2,130,74,83,10,21"/><T115/><D14/><U41/><E75/><V91/><F38/><W24/><G130/><T53/><D27/><N who="1" m="16631" /><E95/><V103/><F112/><N who="0" m="43082" /><D77/><U36/><E36/><V80/><F118/><W96/><G133/><T76/><D76/><U98/><E98/><V125/><F125/><W73/><G39/><T46/><D122/><U9/><E62/><V120/><F120/><W114/><G114/><T23/><D23/><U129/><E135/><V44/><F44/><W47/><G47/><N who="0" m="23951" /><D110/><N who="1" m="42027" /><E129/><V105/><F8/><W58/><G123/><T82/><D82/><U56/><E56/><V57/><F16/><N who="3" m="12327" /><G10/><T45/><D45/><U15/><AGARI ba="1,0" hai="7,9,11,12,15,19,41,43" m="42027,16631" machi="15" ten="30,1100,0" yaku="14,1" doraHai="101" who="1" fromWho="1" sc="299,-6,237,14,237,-4,227,-4" /><INIT seed="1,0,0,1,0,0" ten="293,251,233,223" oya="1" hai0="26,102,61,81,79,19,71,6,17,45,31,97,100" hai1="95,51,111,107,59,62,77,2,52,68,15,103,109" hai2="3,20,76,134,135,116,10,110,67,88,24,108,39" hai3="29,75,123,46,1,115,92,33,44,127,90,87,69"/><U94/><E2/><V121/><F39/><W101/><G123/><T89/><D45/><U38/><E38/><V56/><F76/><W98/><G115/><T70/><D89/><U57/><E68/><V99/><F121/><W48/><G127/><T18/><D6/><U13/><E107/><V84/><F99/><W35/><G1/><T130/><D130/><U8/><E77/><V106/><F106/><W122/><G122/><T32/><D61/><U72/><E72/><V117/><F56/><W82/><G69/><T55/><D55/><U53/><E103/><V65/><F65/><W41/><G29/><T83/><D83/><U125/><E125/><V23/><F67/><W49/><REACH who="3" step="1"/><G75/><REACH who="3" ten="293,251,233,213" step="2"/><T93/><REACH who="0" step="1"/><D102/><REACH who="0" ten="283,251,233,213" step="2"/><U128/><E128/><V43/><F116/><W112/><G112/><T64/><D64/><U126/><E126/><V91/><F117/><W36/><G36/><T34/><D34/><U58/><E62/><V9/><F134/><W80/><G80/><T129/><D129/><U118/><E118/><V50/><F135/><W60/><G60/><T42/><D42/><AGARI ba="0,2" hai="33,35,41,42,44,46,48,49,82,87,90,92,98,101" machi="42" ten="30,3900,0" yaku="1,1,7,1,9,1,53,0" doraHai="0" doraHaiUra="25" who="3" fromWho="0" sc="283,-39,251,0,233,0,213,59" /><INIT seed="2,0,0,2,1,65" ten="244,251,233,272" oya="2" hai0="14,11,126,28,63,33,50,106,42,72,60,112,68" hai1="25,64,76,43,111,40,99,48,59,51,7,22,5" hai2="108,84,105,4,21,16,69,18,96,91,6,56,113" hai3="77,80,57,66,122,107,73,118,128,61,36,81,37"/><V17/><F113/><W8/><G118/><T93/><D106/><U114/><E114/><V58/><F69/><W31/><G122/><T41/><D72/><U125/><E111/><V74/><F74/><W87/><G107/><T98/><D112/><U26/><E125/><V129/><F108/><W23/><G128/><T82/><D82/><U10/><E76/><V46/><F129/><W119/><G119/><T75/><D75/><U95/><E64/><V27/><F46/><W67/><G67/><T12/><D28/><U30/><E26/><V83/><F96/><W45/><G8/><T131/><D33/><U133/><E133/><V54/><F105/><W2/><G2/><T134/><D126/><U15/><E5/><N who="2" m="2155" /><F58/><W78/><G45/><T85/><D85/><U47/><E59/><V0/><F0/><W103/><G103/><T35/><D35/><U34/><E34/><V94/><F83/><W90/><G78/><T92/><D98/><U102/><REACH who="1" step="1"/><E51/><AGARI ba="0,0" hai="16,17,18,21,27,51,54,56,84,91,94" m="2155" machi="51" ten="30,2900,0" yaku="8,1,54,1" doraHai="65" who="2" fromWho="1" sc="244,0,251,-29,233,29,272,0" /><INIT seed="2,1,0,0,2,106" ten="244,222,262,272" oya="2" hai0="85,96,80,91,117,1,89,21,5,76,103,86,48" hai1="115,74,120,81,40,4,68,58,8,51,49,63,133" hai2="93,41,110,102,126,25,62,99,42,69,98,132,37" hai3="92,61,83,55,12,31,60,30,109,118,65,88,38"/><V77/><F126/><W111/><G118/><T90/><D1/><U104/><E115/><V2/><F2/><W39/><G83/><T75/><D5/><U112/><E112/><V43/><F132/><W15/><G55/><T22/><D48/><U23/><E68/><V29/><F110/><N who="3" m="41995" /><G12/><T32/><D32/><U13/><E133/><V20/><F77/><W70/><G15/><T9/><D9/><U45/><E104/><V114/><F114/><W107/><G60/><T47/><D47/><U119/><E119/><V129/><F129/><W127/><G107/><N who="0" m="63975" /><D21/><U14/><E120/><V44/><REACH who="2" step="1"/><F99/><REACH who="2" ten="244,222,252,272" step="2"/><N who="3" m="57735" /><G127/><T53/><D117/><U52/><E13/><V94/><F94/><W33/><G33/><T46/><D76/><U125/><E125/><V71/><F71/><W11/><G11/><T17/><D80/><U73/><E81/><V131/><F131/><W108/><G108/><T27/><D85/><U57/><E23/><V35/><F35/><W130/><G130/><T26/><D86/><U95/><E95/><V116/><F116/><W97/><G97/><T6/><D22/><U28/><E28/><AGARI ba="1,1" hai="28,30,31,38,39,61,65,70" m="57735,41995" machi="28" ten="30,2000,0" yaku="14,1,54,1" doraHai="106" who="3" fromWho="1" sc="244,0,222,-23,252,0,272,33" /><INIT seed="3,0,0,4,3,75" ten="244,199,252,305" oya="3" hai0="126,29,4,62,114,93,115,38,45,97,58,106,121" hai1="107,122,14,52,128,73,24,43,120,35,86,105,84" hai2="28,32,23,71,98,130,19,21,95,15,100,116,34" hai3="80,135,0,41,113,55,129,134,5,103,25,124,94"/><W54/><G113/><N who="0" m="43019" /><D121/><U40/><E73/><V18/><F116/><W22/><G129/><T85/><D126/><U33/><E14/><V49/><F130/><W61/><G41/><N who="0" m="22711" /><D29/><U20/><E128/><V77/><F71/><W27/><G80/><T2/><D85/><U16/><E20/><V47/><F28/><W131/><G22/><T92/><D4/><U9/><E9/><V68/><F68/><W37/><G5/><T102/><D2/><U70/><E70/><V1/><F1/><W87/><G0/><T56/><D56/><U57/><E57/><V132/><F132/><W79/><G87/><T10/><D10/><U60/><E60/><V104/><F104/><W99/><G61/><T125/><D125/><U12/><E12/><N who="2" m="9415" /><F34/><W96/><G124/><T31/><D31/><U64/><E24/><V117/><F32/><W42/><G131/><T11/><D11/><U110/><E64/><AGARI ba="0,0" hai="58,62,64,92,93,97,102,106" m="22711,43019" machi="64" ten="30,1000,0" yaku="11,1" doraHai="75" who="0" fromWho="1" sc="244,10,199,-10,252,0,305,0" owari="254,5.4,189,-31.1,252,-14.8,305,40.5" /></mjloggm>