<mjloggm ver="2.3"><GO type="225" lobby="0"/><UN n0="%E5%91%A8%E6%9D%B1" n1="%E3%83%8F%E3%83%B3%E3%83%89%E3%83%A9%E3%83%BC%E3%83%BB%E3%83%AF%E3%83%B3" n2="%E3%83%81%E3%83%AF%E3%83%AF%E9%9A%8A%E9%95%B7" n3="%43%68%65" dan="17,17,16,16" rate="2238.14,2223.44,2111.80,2112.85" sx="M,M,M,M"/><TAIKYOKU oya="0"/><INIT seed="0,0,0,5,3,38" ten="250,250,250,250" oya="0" hai0="42,35,45,90,44,102,94,121,51,97,10,86,80" hai1="67,110,60,113,14,4,17,63,99,18,75,117,79" hai2="84,36,22,106,2,8,70,46,71,59,120,12,122" hai3="64,78,83,134,30,130,32,105,131,0,100,19,66"/><T85/><D35/><U88/><E117/><V29/><F106/><W47/><G0/><T55/><D121/><U3/><E110/><V72/><F72/><W48/><G134/><T6/><D86/><U93/><E113/><V50/><F2/><W123/><G123/><T13/><REACH who="0" step="1"/><D45/><REACH who="0" ten="240,250,250,250" step="2"/><U34/><E34/><V21/><F122/><W15/><G32/><T37/><D37/><U118/><E118/><V112/><F120/><W25/><G47/><T39/><D39/><U96/><E75/><V54/><F36/><W74/><G74/><T119/><D119/><U20/><E79/><V23/><F112/><W101/><G78/><T53/><AGARI ba="0,1" hai="6,10,13,42,44,51,53,55,80,85,90,94,97,102" machi="53" ten="30,12000,1" yaku="1,1,0,1,8,1,52,1,53,1" doraHai="38" doraHaiUra="40" who="0" fromWho="0" sc="240,130,250,-40,250,-40,250,-40" /><INIT seed="0,1,0,4,1,101" ten="370,210,210,210" oya="0" hai0="32,68,134,17,8,67,116,70,85,63,60,50,122" hai1="125,22,69,88,53,113,126,14,73,25,72,109,105" hai2="119,16,89,54,24,36,15,131,84,74,10,114,6" hai3="82,79,112,130,103,23,80,55,26,18,108,27,21"/><T99/><D122/><U13/><E69/><V34/><F114/><W75/><G112/><T1/><D32/><U106/><E113/><V43/><F74/><N who="1" m="28777" /><E53/><V107/><F119/><W61/><G108/><T41/><D116/><U135/><E109/><V118/><F118/><W133/><G133/><T64/><D134/><U37/><E37/><V117/><F117/><W87/><G130/><T56/><D85/><U132/><E132/><V129/><F54/><W42/><G42/><T51/><D41/><U57/><E57/><V115/><F115/><W65/><G103/><T47/><D56/><U9/><E88/><V45/><F107/><N who="1" m="40969" /><E9/><V121/><F121/><W33/><G55/><T127/><D8/><U93/><E93/><V12/><F131/><W2/><G33/><T96/><D68/><U120/><E120/><V35/><F129/><W40/><G40/><T7/><D70/><U128/><E128/><V102/><F102/><W48/><G48/><T29/><D51/><U19/><E135/><V104/><F104/><W4/><G82/><T0/><D50/><U95/><E95/><V58/><F58/><N who="3" m="37047" /><G75/><T31/><D63/><U124/><AGARI ba="1,0" hai="13,14,19,22,25,124,125,126" m="40969,28777" machi="124" ten="40,8000,1" yaku="18,1,52,3" doraHai="101" who="1" fromWho="1" sc="370,-41,210,83,210,-21,210,-21" /><INIT seed="1,0,0,0,0,121" ten="329,293,189,189" oya="1" hai0="126,46,102,96,0,55,35,36,38,32,104,77,105" hai1="3,132,39,131,44,56,12,88,22,124,57,41,65" hai2="21,101,59,97,48,37,78,130,30,133,62,45,9" hai3="122,15,70,28,110,51,6,76,13,72,63,24,119"/><U89/><E3/><V40/><F130/><W83/><G122/><T66/><D0/><U100/><E131/><V33/><F33/><W61/><G110/><T75/><D55/><U4/><E124/><V112/><F112/><W8/><G119/><T117/><D117/><U80/><E132/><V29/><F133/><W90/><G70/><T64/><D126/><U82/><E100/><V128/><F128/><W91/><G51/><T95/><D95/><U42/><E42/><V134/><F134/><W7/><G63/><T25/><D46/><U50/><E39/><V68/><F78/><W16/><G61/><T115/><D77/><U86/><E65/><N who="2" m="41015" /><F9/><W17/><G7/><T23/><D115/><U135/><E135/><V94/><F21/><W5/><G5/><T81/><D35/><U19/><E4/><V99/><F99/><W43/><G43/><T108/><D32/><U106/><E106/><V93/><F93/><W52/><G52/><AGARI ba="0,0" hai="29,30,37,40,45,48,52,59,94,97,101" m="41015" machi="52" ten="30,2000,0" yaku="24,1,54,1" doraHai="121" who="2" fromWho="3" sc="329,0,293,0,189,20,189,-20" /><INIT seed="2,0,0,0,1,85" ten="329,293,209,169" oya="2" hai0="86,127,49,65,71,75,15,110,20,7,116,80,129" hai1="70,81,105,35,117,93,77,14,114,61,47,60,32" hai2="56,78,98,121,21,107,89,23,4,96,27,53,0" hai3="2,41,42,37,130,88,16,134,87,83,51,36,95"/><V8/><F121/><W112/><G2/><T5/><D75/><U54/><E105/><V69/><F69/><W26/><G130/><T115/><D115/><U84/><E114/><V133/><F133/><W57/><G112/><T18/><D129/><U67/><E117/><V50/><F78/><N who="3" m="46583" /><G37/><T10/><D116/><U63/><E14/><V46/><F107/><W66/><G36/><T62/><D127/><U38/><E93/><V33/><F33/><W82/><G82/><T92/><D110/><U72/><E72/><V131/><F131/><W31/><G31/><T25/><D49/><U1/><E1/><V6/><F6/><W106/><G106/><T17/><REACH who="0" step="1"/><D92/><REACH who="0" ten="319,293,209,169" step="2"/><U9/><E38/><V90/><F50/><W11/><G134/><T43/><D43/><U123/><E123/><V126/><F126/><W55/><G66/><T119/><D119/><U22/><E67/><V125/><F125/><W45/><G45/><T44/><D44/><U73/><E47/><V29/><F46/><W103/><G103/><T28/><D28/><U12/><E73/><V100/><F100/><W52/><G55/><T76/><AGARI ba="0,1" hai="5,7,10,15,17,18,20,25,62,65,71,76,80,86" machi="76" ten="20,8000,1" yaku="1,1,0,1,7,1,53,2" doraHai="85" doraHaiUra="13" who="0" fromWho="0" sc="319,90,293,-20,209,-40,169,-20" /><INIT seed="3,0,0,5,2,57" ten="409,273,169,149" oya="3" hai0="61,129,7,116,39,115,83,12,105,35,120,63,127" hai1="14,9,109,28,117,33,128,60,17,111,104,95,53" hai2="123,58,100,97,19,131,114,71,79,92,102,41,36" hai3="40,3,88,51,103,24,119,54,107,0,73,96,44"/><W56/><G119/><T6/><D12/><U37/><E104/><V10/><F71/><W62/><G73/><T66/><D66/><U74/><E37/><V13/><F114/><W93/><REACH who="3" step="1"/><G24/><REACH who="3" ten="409,273,169,139" step="2"/><T122/><D116/><U65/><E74/><V45/><F123/><W72/><G72/><T21/><D122/><U126/><E117/><V20/><F131/><W29/><G29/><T68/><D129/><U76/><E28/><V52/><F79/><W91/><G91/><T94/><D120/><U42/><E76/><V4/><F102/><W113/><G113/><T46/><D115/><U89/><E89/><V5/><REACH who="2" step="1"/><F10/><REACH who="2" ten="409,273,159,139" step="2"/><W86/><AGARI ba="0,2" hai="0,3,40,44,51,54,56,62,86,88,93,96,103,107" machi="86" ten="20,18000,2" yaku="1,1,0,1,7,1,52,1,54,1,53,1" doraHai="57" doraHaiUra="87" who="3" fromWho="3" sc="409,-60,273,-60,159,-60,139,200" /><INIT seed="3,1,0,2,2,5" ten="349,213,99,339" oya="3" hai0="42,132,105,66,56,55,104,122,11,100,114,65,135" hai1="73,60,110,88,21,12,94,97,10,45,77,87,57" hai2="35,34,130,15,25,80,53,79,131,75,40,28,111" hai3="107,20,119,62,83,67,123,9,1,108,92,29,33"/><W101/><G119/><T43/><D122/><U38/><E110/><V59/><F111/><W0/><G108/><T134/><D114/><U98/><E73/><V115/><F115/><W13/><G123/><T6/><D65/><U23/><E38/><V68/><F68/><N who="3" m="42103" /><G20/><T61/><D66/><U37/><E37/><V46/><F35/><W82/><G92/><T16/><D16/><N who="1" m="8215" /><E45/><V116/><F116/><W48/><G48/><T58/><D58/><U74/><E74/><V112/><F112/><W72/><G72/><T127/><D127/><U69/><E69/><V50/><F15/><W31/><G31/><T125/><D125/><U85/><E85/><V90/><F90/><W95/><G95/><T64/><D64/><N who="1" m="38927" /><E77/><V47/><F131/><W18/><G83/><T128/><D128/><U129/><E129/><V117/><F130/><W32/><G82/><T24/><D105/><U78/><E78/><V86/><F117/><W2/><G33/><T113/><D113/><U36/><E36/><V109/><F109/><W126/><G126/><T7/><D104/><U121/><E121/><V19/><F75/><W41/><G41/><T17/><D43/><U49/><E49/><V81/><F40/><W102/><G107/><T93/><D42/><U91/><E91/><V51/><F51/><W4/><G4/><T133/><D133/><U76/><E76/><V120/><F120/><W89/><G89/><T22/><D11/><U63/><E63/><V106/><F106/><W30/><G32/><T26/><D26/><U118/><E118/><V14/><F80/><W99/><G102/><RYUUKYOKU ba="1,0" sc="349,0,213,0,99,0,339,0" hai0="6,7,17,22,24,55,56,61,93,100,132,134,135" hai1="21,23,87,88,94,97,98" hai2="14,19,25,28,34,46,47,50,53,59,79,81,86" hai3="0,1,2,9,13,18,29,30,99,101" /><INIT seed="3,2,0,1,2,99" ten="349,213,99,339" oya="3" hai0="93,56,47,97,11,52,21,8,135,30,76,67,104" hai1="110,119,48,33,83,114,91,34,88,134,78,82,115" hai2="66,96,71,59,61,45,14,74,122,5,12,72,36" hai3="20,10,77,65,130,112,107,87,54,46,111,81,129"/><W28/><G112/><N who="1" m="43050" /><E48/><V58/><F122/><W106/><G111/><T49/><D104/><U51/><E51/><V4/><F96/><W17/><G65/><T24/><D135/><U26/><E26/><V94/><F94/><W131/><G28/><T98/><D76/><U128/><E78/><V9/><F71/><W121/><G121/><T22/><D22/><U19/><E19/><V55/><F36/><W113/><G113/><T42/><D67/><U63/><E63/><V37/><F37/><W40/><G54/><T126/><D126/><U64/><E64/><V108/><F108/><W86/><G86/><T85/><D85/><U53/><E53/><V123/><F123/><W127/><G10/><N who="0" m="3627" /><D93/><U29/><E29/><V44/><F9/><W80/><G80/><N who="1" m="30762" /><E110/><V102/><F66/><W68/><G68/><T27/><D27/><U70/><E70/><V125/><F55/><W120/><G120/><T101/><D101/><U105/><E105/><V32/><F32/><N who="1" m="12393" /><E134/><V60/><REACH who="2" step="1"/><F125/><REACH who="2" ten="349,213,89,339" step="2"/><W103/><G127/><T3/><D98/><U62/><E119/><V1/><F1/><W117/><G117/><T118/><D97/><U79/><E79/><V43/><F43/><W2/><G2/><T116/><D3/><U13/><E91/><V39/><F39/><N who="3" m="21791" /><G107/><T25/><D118/><U50/><E88/><V75/><F75/><W69/><G69/><T15/><D116/><U89/><E89/><V41/><F41/><W90/><G90/><T35/><D42/><U133/><E133/><V7/><F7/><W57/><G106/><T23/><D56/><U132/><E132/><RYUUKYOKU ba="2,1" sc="349,-10,213,-10,89,30,339,-10" hai2="4,5,12,14,44,45,58,59,60,61,72,74,102" owari="349,44.9,203,-19.7,119,-38.1,329,12.9" /></mjloggm>