<mjloggm ver="2.3"><GO type="225" lobby="0"/><UN n0="%E3%81%BF%E3%81%BF%E3%81%9A" n1="%E3%82%82%E3%82%8A%E3%82%8A%E3%82%93%E3%82%82%E3%82%8A%E3%82%82%E3%82%8A" n2="%E3%81%95%E3%81%8D%E3%81%9F%E3%81%BE%E6%9E%97%E6%AA%8E" n3="%E6%9C%88%E5%B3%B6%E5%9F%BA" dan="17,16,16,18" rate="2267.60,2100.05,2122.75,2208.00" sx="M,M,M,M"/><TAIKYOKU oya="0"/><INIT seed="0,0,0,2,1,4" ten="250,250,250,250" oya="0" hai0="35,135,39,134,68,67,12,16,76,132,102,25,93" hai1="104,19,14,91,82,0,13,20,99,130,58,26,63" hai2="69,56,83,28,111,98,96,133,1,128,21,6,114" hai3="37,18,27,78,105,29,50,57,124,33,97,54,129"/><T103/><D39/><U120/><E120/><V127/><F114/><W43/><G124/><T90/><D76/><U2/><E130/><V47/><F69/><W51/><G129/><T74/><D74/><U49/><E49/><V7/><F128/><W118/><G118/><T42/><D42/><U11/><E104/><V17/><F127/><W101/><G78/><T79/><D79/><U15/><E2/><V66/><F28/><W65/><G65/><T23/><D67/><U72/><E0/><V10/><F7/><W48/><REACH who="3" step="1"/><G18/><REACH who="3" ten="250,250,250,240" step="2"/><N who="0" m="12535" /><D68/><U75/><E75/><V113/><F113/><W100/><G100/><T30/><D30/><N who="1" m="17735" /><E72/><V125/><F66/><W85/><G85/><N who="0" m="52431" /><D35/><U108/><E99/><V38/><F98/><W89/><G89/><T64/><D64/><N who="1" m="39031" /><E108/><V109/><F96/><W107/><G107/><T88/><D88/><U22/><E91/><V80/><F111/><W116/><G116/><T46/><D46/><AGARI ba="0,1" hai="27,29,33,37,43,46,48,50,51,54,57,97,101,105" machi="46" ten="40,2600,0" yaku="1,1,53,1" doraHai="4" doraHaiUra="70" who="3" fromWho="0" sc="250,-26,250,0,250,0,240,36" /><INIT seed="1,0,0,0,5,101" ten="224,250,250,276" oya="1" hai0="66,54,19,106,128,120,13,47,79,5,60,34,49" hai1="81,22,110,99,57,2,69,92,1,48,121,93,33" hai2="28,133,6,46,21,98,105,9,27,125,126,26,97" hai3="89,16,42,135,23,20,123,94,86,39,82,61,96"/><U36/><E121/><V59/><F133/><W80/><G123/><T116/><D120/><U44/><E33/><V88/><F27/><W76/><G135/><T95/><D116/><U119/><E69/><V104/><F59/><W12/><G39/><T73/><D34/><U117/><E117/><V129/><F129/><W134/><G134/><T25/><D128/><U68/><E68/><V70/><F70/><W91/><G42/><T63/><D106/><N who="2" m="41066" /><F88/><N who="3" m="55367" /><G82/><T90/><D79/><U3/><E36/><V102/><F102/><W15/><G61/><T8/><D73/><U51/><E119/><V30/><F30/><W64/><G64/><T29/><D66/><U18/><E57/><V7/><F46/><W17/><AGARI ba="0,0" hai="12,15,16,17,20,23,76,80,86,89,91" m="55367" machi="17" ten="30,4000,0" yaku="8,1,54,2" doraHai="101" who="3" fromWho="3" sc="224,-10,250,-20,250,-10,276,40" /><INIT seed="2,0,0,5,5,46" ten="214,230,240,316" oya="2" hai0="30,38,43,67,65,22,14,110,25,28,112,52,115" hai1="71,41,64,62,35,117,45,66,124,104,0,127,130" hai2="88,29,106,10,48,42,55,85,9,103,18,32,69" hai3="122,21,128,75,44,97,40,92,89,16,108,105,13"/><V26/><F69/><W135/><G122/><T24/><D110/><U74/><E117/><V6/><F42/><W82/><G108/><T39/><D14/><U11/><E35/><V77/><F77/><W17/><G128/><T68/><D68/><U63/><E74/><V81/><F18/><W4/><G135/><T121/><D121/><U72/><E72/><V70/><F70/><W19/><G105/><T47/><D39/><U111/><E104/><V95/><F106/><W34/><G34/><T3/><D3/><U31/><E31/><V23/><F32/><W94/><G4/><T53/><D67/><U99/><E99/><N who="2" m="59903" /><F6/><W116/><G116/><T79/><D65/><N who="1" m="25195" /><E71/><V78/><F78/><W59/><G75/><T102/><D102/><U100/><E111/><V73/><F73/><W134/><G134/><T5/><D79/><U7/><E100/><V60/><F60/><W107/><G107/><T51/><D5/><U133/><E133/><V20/><F20/><W12/><G21/><T114/><REACH who="0" step="1"/><D38/><REACH who="0" ten="204,230,240,316" step="2"/><N who="1" m="21687" /><E130/><V61/><F61/><W33/><G13/><T36/><D36/><U84/><E63/><V119/><F119/><W86/><G12/><T90/><D90/><U132/><E62/><V101/><F101/><W37/><G37/><T109/><D109/><U91/><E132/><V57/><AGARI ba="0,1" hai="9,10,23,26,29,48,55,57,81,85,88" m="59903" machi="57" ten="30,6000,0" yaku="8,1,52,1,54,1" doraHai="46" who="2" fromWho="2" sc="204,-20,230,-20,240,70,316,-20" /><INIT seed="2,1,0,1,3,25" ten="184,210,310,296" oya="2" hai0="111,12,6,122,17,15,41,106,49,73,2,132,97" hai1="114,115,72,40,133,69,117,116,125,38,105,26,11" hai2="134,36,112,109,5,107,23,65,46,76,19,50,103" hai3="131,75,129,28,54,118,102,126,3,89,87,91,93"/><V61/><F112/><N who="1" m="43049" /><E11/><V47/><F36/><W84/><G3/><T81/><D122/><U121/><E121/><V85/><F107/><W66/><G66/><T63/><D111/><U130/><E26/><V13/><F103/><W88/><G118/><N who="1" m="45674" /><E105/><V51/><F109/><W80/><G28/><T42/><D132/><U128/><E133/><V79/><F134/><W78/><G54/><T90/><D2/><U98/><E98/><V124/><F124/><W119/><G119/><T52/><D63/><U60/><E72/><V127/><F127/><W21/><G21/><T10/><D106/><U44/><E125/><V62/><F5/><W113/><G113/><T33/><D33/><U101/><E101/><V70/><F85/><N who="3" m="32843" /><G126/><T86/><D97/><AGARI ba="1,0" hai="75,78,80,88,89,91,93,97,102,129,131" m="32843" machi="97" ten="30,3900,0" yaku="34,2,54,1" doraHai="25" who="3" fromWho="0" sc="184,-42,210,0,310,0,296,42" /><INIT seed="3,0,0,0,3,127" ten="142,210,310,338" oya="3" hai0="72,28,99,39,54,22,25,32,110,78,90,69,10" hai1="14,41,3,8,103,98,26,102,126,48,111,118,125" hai2="76,45,88,15,73,0,86,23,122,128,42,96,64" hai3="20,43,33,107,77,12,59,82,49,16,106,114,18"/><W56/><G33/><T63/><D39/><U40/><E3/><V117/><F117/><W47/><G114/><T50/><D110/><U123/><E111/><V79/><F0/><W67/><G18/><T24/><D10/><U135/><E135/><V34/><F34/><W105/><REACH who="3" step="1"/><G67/><REACH who="3" ten="142,210,310,328" step="2"/><T27/><D69/><U53/><E118/><V66/><F64/><W121/><G121/><T92/><D63/><U112/><E123/><V81/><F66/><W94/><G94/><T131/><D32/><U44/><E112/><V61/><F122/><W19/><G19/><T55/><D55/><U57/><E125/><V89/><F73/><AGARI ba="0,1" hai="12,16,20,43,47,49,56,59,73,77,82,105,106,107" machi="73" ten="40,3900,0" yaku="1,1,54,1,53,0" doraHai="127" doraHaiUra="4" who="3" fromWho="2" sc="142,0,210,0,310,-39,328,49" owari="142,-35.8,210,-19.0,271,7.1,377,47.7" /></mjloggm>