<mjloggm ver="2.3"><GO type="225" lobby="0"/><UN n0="%E7%9A%AE%E3%80%85" n1="%E5%A4%8F%E9%88%B4%E9%88%B4%E5%A4%8F" n2="%E6%A0%B9%E5%85%83%E3%81%8B%E3%82%89%E5%90%B9%E3%81%A3%E9%A3%9B%E3%81%B6" n3="%41%6F%54" dan="16,16,16,16" rate="2130.79,2154.00,2130.39,2071.99" sx="F,F,F,M"/><TAIKYOKU oya="0"/><INIT seed="0,0,0,1,2,4" ten="250,250,250,250" oya="0" hai0="125,38,121,12,35,16,87,85,36,114,117,49,43" hai1="45,113,2,103,34,52,19,59,22,53,106,80,102" hai2="58,84,89,88,40,21,81,86,75,1,64,48,68" hai3="79,6,55,99,70,24,119,66,37,101,57,9,91"/><T83/><D114/><U3/><E113/><V31/><F1/><W110/><G119/><T30/><D117/><U135/><E34/><V111/><F111/><W127/><G110/><T18/><D121/><U25/><E135/><V112/><F112/><W27/><G37/><T97/><D125/><U47/><E2/><V26/><F75/><W96/><G79/><T128/><D128/><U65/><E3/><V17/><F68/><W98/><G127/><T71/><D71/><U50/><E106/><V8/><F40/><W56/><G70/><T29/><D97/><U44/><E80/><N who="2" m="49159" /><F48/><W33/><G33/><T42/><D49/><N who="1" m="31151" /><E65/><V92/><F81/><W104/><G101/><AGARI ba="0,0" hai="19,22,25,44,45,47,50,52,101,102,103" m="31151" machi="101" ten="30,2000,0" yaku="8,1,54,1" doraHai="4" who="1" fromWho="3" sc="250,0,250,20,250,0,250,-20" /><INIT seed="1,0,0,4,5,119" ten="250,270,250,230" oya="1" hai0="112,14,15,133,106,67,76,24,35,100,107,8,127" hai1="123,21,120,57,33,62,41,95,99,29,63,28,51" hai2="7,85,53,43,78,50,118,81,87,39,83,80,135" hai3="101,56,47,13,16,102,27,46,36,103,10,48,45"/><U12/><E33/><V134/><F7/><W98/><G36/><T42/><D112/><U121/><E12/><V91/><F43/><W58/><G48/><T124/><D76/><U84/><E84/><N who="2" m="48151" /><F39/><W6/><REACH who="3" step="1"/><G98/><REACH who="3" ten="250,270,250,220" step="2"/><T93/><D133/><N who="2" m="50698" /><F118/><W94/><G94/><T26/><D93/><U1/><E95/><N who="2" m="54767" /><F87/><W105/><G105/><T19/><D107/><U130/><E123/><V104/><F104/><W129/><G129/><T17/><D106/><U3/><E121/><V54/><F50/><W125/><G125/><T72/><D124/><U109/><E120/><V11/><F11/><W2/><G2/><T65/><D127/><U44/><E1/><V71/><F71/><W77/><G77/><T132/><D132/><U122/><E3/><V88/><F88/><W97/><G97/><T22/><D72/><U20/><E99/><V126/><F126/><W111/><G111/><T68/><D68/><U9/><E109/><V110/><F110/><W4/><G4/><T66/><D100/><U79/><E9/><V37/><F37/><W92/><G92/><T90/><D90/><U0/><E79/><V114/><F114/><W70/><G70/><T86/><D86/><U32/><E0/><V131/><F131/><W89/><G89/><T40/><D35/><U113/><E130/><V75/><F83/><W31/><G31/><N who="1" m="11850" /><E122/><V74/><F81/><W116/><G116/><T128/><D128/><U5/><E113/><V96/><F96/><W64/><G64/><T61/><D61/><N who="1" m="23051" /><E32/><V82/><F75/><W49/><G49/><T117/><D117/><U115/><E115/><RYUUKYOKU ba="0,1" sc="250,10,270,-30,250,10,220,10" hai0="8,14,15,17,19,22,24,26,40,42,65,66,67" hai2="53,54,74,82" hai3="6,10,13,16,27,45,46,47,56,58,101,102,103" /><INIT seed="2,1,1,5,4,53" ten="260,240,260,230" oya="2" hai0="50,131,133,47,6,126,17,26,27,19,110,86,123" hai1="99,14,15,92,60,88,105,112,21,59,85,121,10" hai2="38,132,120,46,111,61,81,20,80,18,125,40,24" hai3="33,118,0,16,52,101,64,57,87,8,122,54,74"/><V7/><F120/><W82/><G118/><T93/><D123/><U71/><E112/><V58/><F125/><W106/><G122/><T29/><D126/><U113/><E121/><V117/><F132/><W12/><G33/><T107/><D107/><U96/><E113/><V127/><F117/><W42/><G74/><T66/><D133/><U119/><E71/><V72/><F111/><W89/><G0/><T97/><D110/><U56/><E105/><V4/><F127/><W98/><REACH who="3" step="1"/><G42/><REACH who="3" ten="260,240,260,220" step="2"/><T30/><D131/><U91/><E119/><V2/><F72/><W44/><G44/><T75/><D47/><U62/><E21/><V3/><F2/><W129/><G129/><T5/><D75/><U39/><E10/><V49/><F3/><W9/><G9/><T28/><D28/><U67/><E39/><V77/><F38/><W134/><G134/><T73/><D30/><U34/><E34/><V76/><F77/><W31/><G31/><T130/><D29/><U41/><E41/><V84/><F80/><W114/><G114/><T94/><D73/><U65/><E99/><V45/><F45/><W43/><G43/><T11/><D11/><U104/><E104/><V70/><F70/><W102/><G102/><T109/><D109/><U83/><AGARI ba="1,2" hai="14,15,56,59,60,62,65,67,83,85,88,91,92,96" machi="83" ten="20,12000,2" yaku="0,1,7,1,9,1,8,1,52,2,54,1" doraHai="53" who="1" fromWho="1" sc="260,-31,240,143,260,-61,220,-31" /><INIT seed="3,0,0,2,2,105" ten="229,383,199,189" oya="3" hai0="48,88,116,120,46,82,11,15,5,38,19,124,20" hai1="71,54,78,21,23,33,109,60,69,130,17,92,6" hai2="62,117,26,52,37,24,55,72,3,107,104,97,61" hai3="87,25,29,112,103,94,36,75,118,100,74,1,110"/><W27/><G112/><T129/><D116/><U4/><E33/><V64/><F37/><W43/><G118/><T79/><D120/><U10/><E92/><V77/><F3/><W34/><G1/><T56/><D38/><U12/><E78/><V123/><F123/><W41/><G110/><T93/><D129/><U122/><E71/><V66/><F77/><W128/><G128/><T18/><D56/><N who="1" m="34839" /><E69/><V121/><F97/><W85/><G36/><T86/><D20/><U63/><E130/><V57/><F57/><W44/><G94/><T113/><D124/><U32/><E32/><V127/><F121/><W47/><G34/><T2/><D2/><U68/><E63/><V98/><F98/><W84/><G84/><N who="0" m="52359" /><D113/><U65/><E23/><V125/><F72/><W31/><AGARI ba="0,0" hai="25,27,29,31,41,43,44,47,74,75,85,87,100,103" machi="31" ten="25,12000,1" yaku="0,1,22,2,52,2" doraHai="105" who="3" fromWho="3" sc="229,-40,383,-40,199,-40,189,120" /><INIT seed="3,1,0,3,1,118" ten="189,343,159,309" oya="3" hai0="91,44,124,85,42,33,40,111,36,35,103,72,37" hai1="8,9,28,102,100,27,13,15,98,18,19,123,64" hai2="126,69,96,63,17,60,6,75,73,88,77,112,56" hai3="41,133,93,66,120,87,129,50,21,70,25,10,114"/><W119/><G119/><T34/><D72/><U61/><E123/><V109/><F112/><W0/><G114/><T43/><D103/><U53/><E53/><V74/><F77/><W101/><G70/><T29/><D111/><U125/><E98/><V76/><F76/><W7/><G66/><T51/><D124/><U110/><E110/><V38/><F109/><W32/><G129/><T46/><D29/><U52/><E52/><V97/><F38/><W115/><G115/><T130/><D130/><U47/><E47/><V5/><F126/><W20/><G133/><T127/><D127/><U83/><E83/><V117/><F117/><W94/><G94/><T11/><D11/><U71/><E125/><V49/><F49/><W24/><G120/><T89/><D85/><U58/><E71/><V81/><F17/><W23/><G32/><AGARI ba="1,0" hai="8,9,13,15,18,19,27,28,32,58,61,64,100,102" machi="32" ten="30,2000,0" yaku="7,1,9,1" doraHai="118" who="1" fromWho="3" sc="189,0,343,23,159,0,309,-23" owari="189,-21.1,366,46.6,159,-34.1,286,8.6" /></mjloggm>