<mjloggm ver="2.3"><GO type="225" lobby="0"/><UN n0="%E3%81%A4%E3%81%A3%E3%81%B1%E3%82%8A%E3%83%9D%E3%83%BC%E3%83%AB" n1="%E5%B0%8F%E9%B3%A5%E9%81%8A%E7%B7%B4%E7%84%A1%32%31%E6%AD%B3" n2="%72%61%6B%33" n3="%E3%81%92%E3%81%A3%E3%81%A1" dan="17,17,16,17" rate="2164.99,2219.99,2110.93,2206.53" sx="M,F,M,M"/><TAIKYOKU oya="0"/><INIT seed="0,0,0,5,5,14" ten="250,250,250,250" oya="0" hai0="119,109,82,37,13,124,11,91,116,118,69,73,113" hai1="38,55,58,24,90,3,80,75,49,36,50,6,67" hai2="60,63,88,100,122,8,103,78,33,83,7,133,115" hai3="16,108,132,126,2,99,27,70,94,35,1,5,19"/><T81/><D69/><U74/><E67/><V25/><F122/><W52/><G70/><T47/><D113/><U71/><E71/><V96/><F115/><W129/><G108/><T110/><D124/><U45/><E24/><V98/><F133/><W121/><G132/><T9/><D91/><U34/><E34/><V53/><F33/><W0/><G126/><T72/><D47/><U20/><E3/><V66/><F25/><W77/><G121/><T117/><N who="0" m="29696" /><DORA hai="56" /><T17/><D37/><U15/><E6/><V68/><F98/><W102/><G5/><T95/><D95/><U22/><E90/><V29/><F29/><W46/><G77/><T125/><D125/><U89/><E75/><N who="0" m="28745" /><D11/><U43/><E74/><V61/><F53/><W26/><G129/><T105/><D105/><U48/><E36/><V31/><F31/><W84/><G84/><T106/><D106/><U10/><E89/><V101/><F78/><W79/><G79/><T112/><D112/><U93/><E93/><V12/><REACH who="2" step="1"/><F96/><REACH who="2" ten="250,250,240,250" step="2"/><W54/><G54/><T64/><D64/><U30/><E30/><V39/><F39/><W127/><G127/><T4/><D4/><U104/><E38/><V97/><F97/><W111/><G27/><T128/><D128/><U42/><E55/><V32/><F32/><W65/><G26/><T59/><D110/><U120/><E120/><V44/><F44/><W40/><G111/><T134/><D109/><U57/><E45/><V21/><F21/><W123/><G123/><T107/><D134/><U18/><E20/><V87/><AGARI ba="0,1" hai="7,8,12,60,61,63,66,68,83,87,88,100,101,103" machi="87" ten="30,12000,2" yaku="1,1,0,1,52,3,54,1,53,1" doraHai="14,56" doraHaiUra="76,51" who="2" fromWho="2" sc="250,-60,250,-30,240,130,250,-30" /><INIT seed="1,0,0,0,4,80" ten="190,220,370,220" oya="1" hai0="78,86,28,4,92,32,38,16,85,63,59,109,127" hai1="53,5,33,14,0,84,83,106,72,121,134,48,1" hai2="123,34,93,37,113,46,96,20,25,19,69,102,128" hai3="39,10,70,100,87,115,3,49,101,29,22,66,67"/><U41/><E121/><V81/><F123/><W13/><G39/><T110/><D38/><U97/><E33/><V129/><F69/><W58/><G115/><T79/><D127/><U103/><E134/><V77/><F113/><W124/><G124/><T118/><D118/><U82/><E41/><V108/><F108/><N who="0" m="41578" /><D4/><U64/><E64/><V31/><F46/><W12/><G70/><T54/><D92/><U21/><E82/><V44/><F44/><W76/><G3/><T9/><D28/><U36/><E72/><V91/><F102/><W75/><G75/><T112/><D32/><U74/><E74/><V88/><F91/><W7/><G100/><T117/><D117/><U43/><E43/><V51/><F51/><W130/><G101/><T23/><D9/><U119/><E119/><V116/><F37/><W111/><G111/><T71/><D71/><U114/><E114/><V56/><F56/><W24/><G10/><T47/><D47/><U61/><E36/><V55/><F55/><W6/><G7/><T98/><D98/><U57/><E5/><V15/><REACH who="2" step="1"/><F116/><REACH who="2" ten="190,220,360,220" step="2"/><W135/><G49/><T30/><D112/><U95/><E48/><V105/><F105/><W126/><G58/><T50/><D50/><U125/><E106/><V2/><F2/><W52/><G126/><T89/><D89/><U133/><E125/><V27/><F27/><W132/><G24/><N who="0" m="16671" /><D78/><N who="1" m="46199" /><E133/><V94/><F94/><W35/><G135/><T90/><D79/><U99/><E0/><V60/><F60/><W62/><G132/><T104/><D104/><U120/><E1/><V17/><F17/><RYUUKYOKU ba="0,1" sc="190,-10,220,-10,360,30,220,-10" hai2="15,19,20,25,31,34,77,81,88,93,96,128,129" /><INIT seed="2,1,1,0,5,67" ten="180,210,390,210" oya="2" hai0="17,45,64,81,42,106,112,20,123,90,53,127,75" hai1="124,62,15,29,0,16,35,3,4,117,12,115,126" hai2="119,26,54,48,128,111,113,13,61,96,84,52,25" hai3="99,5,121,118,31,68,70,107,57,108,94,40,86"/><V98/><F113/><W102/><G118/><T39/><D112/><U63/><E115/><V76/><F119/><W72/><G121/><T10/><D123/><U125/><E117/><V9/><F128/><W101/><G72/><T32/><D32/><U91/><E12/><V22/><F111/><W131/><G108/><T19/><D127/><U34/><E91/><V132/><F132/><W23/><G131/><T78/><D106/><U103/><E103/><V8/><F61/><N who="1" m="23049" /><E4/><V130/><F26/><W14/><G40/><T97/><D64/><U87/><E87/><V30/><F9/><W51/><G51/><T21/><D53/><N who="2" m="20586" /><F48/><W27/><G57/><T80/><D10/><N who="1" m="6263" /><E29/><V46/><F46/><W37/><G37/><T89/><D97/><U92/><E92/><V116/><F130/><W85/><G102/><T24/><REACH who="0" step="1"/><D81/><REACH who="0" ten="170,210,390,210" step="2"/><U83/><E83/><N who="2" m="47207" /><F116/><W33/><G107/><T120/><D120/><U110/><E110/><V41/><F41/><W135/><G33/><AGARI ba="1,2" hai="0,3,33,34,35,124,125,126" m="6263,23049" machi="33" ten="40,2600,0" yaku="18,1,54,1" doraHai="67" who="1" fromWho="3" sc="170,0,210,49,390,0,210,-29" /><INIT seed="3,0,0,2,0,24" ten="170,259,390,181" oya="3" hai0="13,112,122,116,53,125,78,60,29,43,104,66,63" hai1="132,98,80,7,110,2,87,18,77,88,115,26,94" hai2="70,23,76,90,11,121,5,130,42,95,118,37,108" hai3="25,27,124,75,39,62,131,96,99,82,0,38,65"/><W14/><G0/><T36/><D116/><U16/><E110/><V3/><F118/><W59/><G124/><T44/><D122/><U9/><E115/><V129/><F108/><W79/><G131/><T21/><D125/><U48/><E132/><V111/><F111/><W1/><G1/><T127/><D127/><U45/><REACH who="1" step="1"/><E26/><REACH who="1" ten="170,249,390,181" step="2"/><V84/><F130/><W51/><G27/><T69/><D112/><U64/><E64/><V100/><F129/><W126/><G126/><T56/><D104/><U68/><E68/><V32/><F70/><W85/><G25/><T61/><D29/><U41/><AGARI ba="0,1" hai="2,7,9,16,18,41,45,48,77,80,87,88,94,98" machi="41" ten="20,8000,1" yaku="1,1,0,1,7,1,54,2,53,0" doraHai="24" doraHaiUra="57" who="1" fromWho="1" sc="170,-20,249,90,390,-20,181,-40" owari="150,-25.0,339,13.9,370,47.0,141,-35.9" /></mjloggm>