<mjloggm ver="2.3"><GO type="225" lobby="0"/><UN n0="%E9%A6%AC%E5%BC%95%E7%81%AB%33" n1="%E3%81%99%E3%81%84%E3%81%BE%E3%81%9B%E3%83%BC%E3%82%93" n2="%E3%81%A4%E3%81%A3%E3%81%B1%E3%82%8A%E3%83%9D%E3%83%BC%E3%83%AB" n3="%E6%A1%9C%E8%8A%B1%E9%96%83%E3%80%85" dan="16,18,17,16" rate="2104.51,2194.00,2177.94,2128.56" sx="M,M,M,M"/><TAIKYOKU oya="0"/><INIT seed="0,0,0,1,4,0" ten="250,250,250,250" oya="0" hai0="111,126,79,1,21,24,63,30,61,92,31,88,60" hai1="49,71,27,68,59,39,107,26,76,80,45,135,82" hai2="58,93,108,64,29,77,81,28,41,117,124,13,83" hai3="85,22,50,89,127,121,120,100,101,20,123,52,65"/><T74/><D126/><U8/><E107/><V10/><F124/><W72/><G72/><T70/><D70/><U67/><E135/><V95/><F108/><W40/><G40/><T132/><D132/><U66/><E39/><V122/><F41/><W55/><G65/><N who="1" m="24586" /><E71/><V109/><F109/><W34/><G34/><T47/><D111/><U102/><E59/><V23/><F122/><W35/><G35/><T69/><D1/><U119/><E102/><N who="3" m="39530" /><G127/><T48/><D69/><U6/><E68/><V3/><F3/><W103/><N who="3" m="39538" /><W90/><DORA hai="98" /><G90/><T38/><D38/><U46/><E46/><V9/><F117/><W44/><G55/><N who="0" m="30111" /><D79/><U99/><E76/><V86/><F64/><W110/><G110/><T12/><D74/><U129/><E119/><V17/><F58/><W104/><G104/><T56/><D56/><U131/><E45/><V116/><F116/><W51/><G50/><T134/><D134/><U97/><E49/><V57/><F57/><W2/><G2/><T5/><D63/><U113/><E113/><V94/><REACH who="2" step="1"/><F83/><AGARI ba="0,0" hai="20,22,44,51,52,83,85,89,120,121,123" m="39538" machi="83" ten="40,12000,2" yaku="13,1,52,4,54,1" doraHai="0,98" who="3" fromWho="2" sc="250,0,250,0,250,-120,250,120" /><INIT seed="1,0,0,2,3,70" ten="250,250,130,370" oya="1" hai0="120,122,89,108,3,104,128,125,124,22,67,84,92" hai1="27,105,23,17,29,35,103,56,118,48,10,32,21" hai2="95,50,2,100,98,65,58,59,33,46,42,133,52" hai3="62,82,78,64,77,132,43,117,20,11,41,34,4"/><U113/><E113/><V31/><F133/><W109/><G34/><T1/><D108/><U93/><E118/><V121/><F121/><N who="0" m="46698" /><D128/><U71/><E71/><V130/><F130/><W91/><G109/><T102/><D67/><U5/><E105/><V94/><F2/><N who="0" m="522" /><D22/><U51/><E5/><V37/><F31/><W115/><G91/><T66/><D66/><U96/><E10/><V134/><F33/><W131/><G82/><T87/><D87/><U119/><E119/><V97/><F134/><W106/><G131/><T14/><D14/><U44/><E56/><V90/><F65/><W76/><G20/><T39/><D39/><U63/><E63/><V6/><REACH who="2" step="1"/><F6/><REACH who="2" ten="250,250,120,370" step="2"/><W127/><G4/><T54/><D125/><U69/><E35/><V30/><F30/><W19/><G64/><T45/><D124/><U49/><E32/><V101/><F101/><W112/><G127/><T129/><D129/><U81/><E69/><V7/><F7/><W18/><G132/><T8/><D102/><U55/><REACH who="1" step="1"/><E81/><REACH who="1" ten="250,240,120,370" step="2"/><V40/><F40/><W86/><G41/><T114/><D114/><U88/><E88/><V24/><F24/><AGARI ba="0,2" hai="17,21,23,24,27,29,44,48,49,51,55,93,96,103" machi="24" ten="30,5800,0" yaku="1,1,7,1,8,1,53,0" doraHai="70" doraHaiUra="28" who="1" fromWho="2" sc="250,0,240,78,120,-58,370,0" /><INIT seed="1,1,0,4,0,120" ten="250,318,62,370" oya="1" hai0="119,11,107,28,47,115,124,133,40,23,116,65,127" hai1="128,43,41,16,34,129,9,89,110,71,135,4,94" hai2="7,15,108,44,100,46,68,8,25,38,97,91,1" hai3="75,134,98,64,10,58,93,63,118,21,87,18,51"/><U35/><E71/><V59/><F68/><W95/><G75/><T105/><D115/><U32/><E135/><V90/><F1/><W132/><G118/><T72/><D72/><U31/><E31/><V66/><F38/><W62/><G10/><T130/><D65/><U24/><E110/><V53/><F66/><W6/><G6/><T56/><D56/><U76/><E76/><V73/><F73/><W78/><G51/><T12/><D133/><N who="3" m="51305" /><G63/><T88/><D130/><N who="1" m="50283" /><E24/><V113/><F113/><W52/><G64/><T27/><D107/><U60/><E60/><V103/><F108/><W30/><G30/><T67/><D105/><U80/><E80/><V55/><F25/><N who="3" m="14519" /><G98/><T104/><D67/><U33/><E34/><V83/><F97/><W37/><G37/><T125/><D104/><U20/><E20/><V99/><F99/><W0/><G0/><T117/><D117/><U45/><E45/><V13/><F8/><W111/><G111/><T22/><D22/><U48/><E48/><V19/><F59/><W61/><G61/><T39/><D119/><U114/><E114/><V50/><F50/><W84/><G78/><T121/><D116/><U112/><E112/><V69/><F69/><W109/><G109/><T77/><D77/><U106/><E106/><V101/><F101/><W126/><G87/><T79/><D79/><U14/><E4/><V26/><F7/><W49/><G49/><T102/><D102/><U74/><E74/><V17/><REACH who="2" step="1"/><F26/><REACH who="2" ten="250,318,52,370" step="2"/><W96/><G96/><AGARI ba="1,1" hai="9,14,16,32,33,35,41,43,89,94,96" m="50283" machi="96" ten="40,3900,0" yaku="19,1,54,1" doraHai="120" who="1" fromWho="3" sc="250,0,318,52,52,0,370,-42" /><INIT seed="1,2,0,3,2,13" ten="250,370,52,328" oya="1" hai0="74,76,24,62,99,97,75,18,30,91,112,71,29" hai1="128,34,108,79,50,22,95,17,132,80,60,94,130" hai2="82,49,21,48,4,122,58,35,40,9,26,73,15" hai3="27,53,70,46,42,77,104,131,115,100,116,2,84"/><U67/><E132/><V72/><F122/><W86/><G115/><T123/><D112/><U87/><E34/><V47/><F35/><W126/><G2/><T81/><D123/><U16/><E50/><V105/><F105/><W1/><G1/><T0/><D0/><U85/><E108/><V11/><F82/><W45/><G70/><T120/><D120/><U52/><E52/><V61/><F49/><W5/><G5/><T117/><D117/><U92/><E87/><V124/><F11/><W107/><G126/><T32/><D29/><U6/><E6/><V78/><F78/><W55/><G131/><N who="1" m="50218" /><E22/><V64/><REACH who="2" step="1"/><F124/><REACH who="2" ten="250,370,42,328" step="2"/><W121/><G121/><T31/><D32/><U83/><E83/><V90/><F90/><W8/><G8/><T63/><D91/><U33/><E33/><V98/><F98/><W133/><G77/><T59/><D99/><U23/><E23/><V54/><F54/><W66/><G55/><T19/><D97/><U119/><E119/><V134/><F134/><W118/><G53/><T125/><D125/><U36/><E36/><V110/><F110/><W114/><G133/><T111/><D111/><U7/><E7/><V56/><F56/><AGARI ba="2,1" hai="16,17,56,60,67,79,80,85,92,94,95" m="50218" machi="56" ten="30,11600,0" yaku="19,1,52,2,54,1" doraHai="13" who="1" fromWho="2" sc="250,0,370,132,42,-122,328,0" owari="250,-15.0,502,60.2,-80,-58.0,328,12.8" /></mjloggm>