<mjloggm ver="2.3"><GO type="225" lobby="0"/><UN n0="%E3%81%BF%E3%81%BF%E3%81%9A" n1="%E5%85%83%E3%82%AB%E3%83%8E%E7%B3%BB%E3%83%92%E3%83%AD%E3%82%A4%E3%83%B3" n2="%E6%81%A5%E6%99%92%E3%81%97" n3="%E7%89%B9%E6%9D%B1%E3%81%AF%E4%B8%96%E7%95%8C%E3%82%92%E6%95%91%E3%81%86" dan="17,16,16,16" rate="2258.87,2138.59,2099.76,2167.87" sx="M,M,M,M"/><TAIKYOKU oya="0"/><INIT seed="0,0,0,5,0,88" ten="250,250,250,250" oya="0" hai0="119,37,15,58,133,12,98,74,10,23,96,69,63" hai1="49,83,50,32,24,68,86,77,34,91,100,21,3" hai2="5,46,73,102,66,78,28,41,29,92,132,27,126" hai3="120,101,112,71,95,33,20,60,57,36,54,53,82"/><T115/><D115/><U99/><E68/><V107/><F126/><W116/><G112/><T94/><D119/><U2/><E2/><V51/><F132/><W80/><G116/><T19/><D74/><U110/><E3/><V85/><F5/><W89/><G33/><T0/><D133/><U64/><E110/><V67/><F73/><W122/><G36/><T72/><D72/><U134/><E134/><V14/><F107/><W104/><G71/><T48/><D37/><U59/><E32/><V118/><F118/><W90/><G20/><T105/><D0/><U43/><E34/><V31/><F27/><W79/><G54/><T42/><D69/><U84/><E43/><V11/><F102/><W108/><G108/><T52/><D105/><U45/><E45/><V65/><F78/><W124/><G124/><T135/><D135/><U1/><E1/><V125/><F125/><W70/><G70/><T130/><D130/><U18/><E99/><V123/><F123/><N who="3" m="47147" /><G104/><T114/><D114/><U56/><E100/><V61/><F61/><W38/><G38/><T47/><REACH who="0" step="1"/><D94/><REACH who="0" ten="240,250,250,250" step="2"/><N who="1" m="54631" /><E64/><V6/><F67/><W22/><G80/><T44/><D44/><U40/><E40/><V103/><F85/><W8/><G82/><T109/><D109/><U17/><E56/><V55/><F41/><W127/><G127/><T35/><D35/><U81/><E59/><V75/><F75/><W4/><G57/><T25/><D25/><N who="1" m="14511" /><E81/><V106/><F106/><W9/><G95/><T39/><D39/><U87/><E87/><V128/><F128/><W111/><G111/><T97/><D97/><AGARI ba="0,1" hai="6,11,14,28,29,31,46,51,55,65,66,92,97,103" machi="97" ten="40,5200,0" yaku="6,1,8,1,52,1" doraHai="88" who="2" fromWho="0" sc="240,-52,250,0,250,62,250,0" /><INIT seed="1,0,0,5,1,48" ten="188,250,312,250" oya="1" hai0="66,47,35,122,97,103,49,134,5,28,107,129,131" hai1="46,54,17,88,64,84,65,29,15,106,105,69,30" hai2="24,94,56,61,121,85,26,117,130,41,53,98,27" hai3="104,33,135,11,93,36,4,95,96,10,55,87,91"/><U113/><E113/><V72/><F117/><W82/><G33/><T114/><D114/><U86/><E106/><V21/><F121/><W57/><G36/><T127/><D122/><U90/><E105/><V81/><F72/><W119/><G135/><T43/><D134/><U9/><E69/><V7/><F130/><W133/><G133/><T50/><D127/><U126/><E126/><V37/><F7/><W12/><G119/><T6/><D66/><N who="1" m="25707" /><E84/><V101/><F41/><W20/><G20/><T0/><D0/><U40/><E40/><V80/><F37/><W73/><G73/><T60/><D60/><U34/><E34/><V45/><F45/><W79/><G11/><T13/><D13/><U16/><E17/><N who="2" m="12335" /><F81/><W63/><REACH who="3" step="1"/><G79/><AGARI ba="0,0" hai="26,27,53,56,61,79,80,85,94,98,101" m="12335" machi="79" ten="30,2000,0" yaku="8,1,52,1" doraHai="48" who="2" fromWho="3" sc="188,0,250,0,312,20,250,-20" /><INIT seed="2,0,0,3,2,96" ten="188,250,332,230" oya="2" hai0="43,93,118,117,16,56,70,17,135,77,55,129,100" hai1="108,97,125,121,11,67,44,78,102,105,35,40,128" hai2="87,124,91,58,57,39,3,83,114,61,81,42,5" hai3="30,12,130,103,132,23,101,36,68,120,79,110,19"/><V48/><F114/><W80/><G120/><T92/><D70/><U62/><E108/><V111/><F111/><W94/><G110/><T71/><D71/><U46/><E121/><V31/><F124/><W73/><G68/><T34/><D34/><U90/><E125/><V76/><F31/><W131/><G132/><T109/><D109/><U95/><E128/><N who="3" m="49194" /><G36/><T126/><D129/><U54/><E35/><V7/><F39/><W13/><G30/><T98/><D126/><U119/><E119/><N who="0" m="45577" /><D43/><U28/><E28/><V60/><F3/><W15/><G94/><T29/><D29/><U25/><E25/><AGARI ba="0,0" hai="12,13,15,19,23,25,73,79,80,101,103" m="49194" machi="25" ten="30,3900,0" yaku="19,1,52,2" doraHai="96" who="3" fromWho="1" sc="188,0,250,-39,332,0,230,39" /><INIT seed="3,0,0,2,4,99" ten="188,211,332,269" oya="3" hai0="115,8,52,26,13,20,35,50,131,44,116,82,133" hai1="17,31,48,14,110,63,93,10,30,123,79,29,109" hai2="59,104,76,18,81,55,83,73,72,5,25,92,130" hai3="58,15,96,16,39,33,103,84,67,129,75,42,19"/><W1/><G75/><T128/><D116/><U9/><E123/><V36/><F104/><W54/><G1/><T91/><D35/><U34/><E79/><V126/><F36/><W38/><G33/><T97/><D133/><U32/><E63/><V22/><F126/><W57/><G129/><N who="0" m="49739" /><D115/><U51/><E93/><V12/><F130/><W28/><G28/><N who="0" m="17479" /><D82/><U102/><E102/><V86/><F92/><W0/><G0/><T113/><D113/><U71/><E71/><V68/><F68/><W77/><G42/><T62/><D62/><U114/><E114/><V124/><F124/><W95/><G67/><T66/><D66/><U64/><E64/><V85/><F25/><W61/><G57/><T100/><D91/><U4/><E48/><V45/><F83/><W132/><G132/><T41/><D41/><U27/><E51/><V87/><F73/><W65/><G65/><T121/><D121/><U120/><E120/><V23/><F72/><W60/><G60/><T107/><D13/><N who="1" m="5287" /><E32/><V47/><F23/><W127/><G127/><T3/><D3/><U105/><E105/><V24/><F81/><N who="3" m="47151" /><G38/><T78/><D8/><U118/><E118/><V117/><F76/><AGARI ba="0,0" hai="44,50,52,76,78,97,100,107" m="17479,49739" machi="76" ten="30,3900,0" yaku="19,1,52,1,54,1" doraHai="99" who="0" fromWho="2" sc="188,39,211,0,332,-39,269,0" /><INIT seed="4,0,0,4,0,128" ten="227,211,293,269" oya="0" hai0="78,31,9,122,4,71,120,118,43,13,36,20,22" hai1="123,7,61,70,98,27,89,23,37,32,24,106,21" hai2="76,83,40,57,113,17,34,91,104,2,63,52,30" hai3="14,127,53,84,50,1,67,0,132,3,26,16,80"/><T109/><D71/><U74/><E123/><N who="0" m="47145" /><D78/><U126/><E37/><V101/><F2/><W119/><G119/><T54/><D54/><U92/><E126/><V81/><F113/><W33/><G127/><T102/><D102/><U75/><E7/><V65/><F40/><W107/><G107/><T59/><D59/><U108/><E108/><V46/><F17/><W15/><G132/><T62/><D62/><U5/><E5/><V66/><F91/><W29/><G67/><T44/><D118/><U38/><E38/><V88/><F88/><W6/><G6/><T112/><D31/><U51/><E106/><V12/><F76/><W110/><G110/><T90/><D90/><U25/><E32/><V60/><F46/><W72/><G72/><T111/><D112/><U28/><E51/><V68/><F66/><W41/><G41/><T103/><D103/><U19/><REACH who="1" step="1"/><E25/><REACH who="1" ten="227,201,293,269" step="2"/><V124/><F124/><W116/><G116/><T131/><D131/><U99/><E99/><V55/><F104/><W77/><REACH who="3" step="1"/><G16/><REACH who="3" ten="227,201,293,259" step="2"/><T87/><D111/><U117/><E117/><V85/><F68/><W135/><G135/><T48/><D109/><U94/><E94/><V100/><F65/><AGARI ba="0,2" hai="19,21,23,24,27,28,61,65,70,74,75,89,92,98" machi="65" ten="40,5200,0" yaku="1,1,53,2" doraHai="128" doraHaiUra="105" who="1" fromWho="2" sc="227,0,201,72,293,-52,259,0" /><INIT seed="5,0,0,5,3,134" ten="227,273,241,259" oya="1" hai0="72,68,13,97,96,25,66,46,58,104,33,67,60" hai1="94,31,52,37,100,21,81,120,19,47,106,15,3" hai2="28,32,129,122,125,108,23,59,18,35,11,74,17" hai3="50,105,73,24,102,93,30,114,128,103,126,87,85"/><U26/><E120/><V14/><F74/><W53/><G114/><T70/><D72/><U123/><E123/><V130/><F122/><W7/><G73/><T89/><D46/><U135/><E3/><V112/><F59/><W49/><G105/><T82/><D13/><U61/><E106/><V124/><F108/><W39/><G39/><T115/><D115/><U48/><E37/><V78/><F112/><W111/><G111/><T6/><D6/><U133/><E81/><V51/><F51/><W75/><G75/><T91/><D58/><U109/><E109/><V121/><F78/><W77/><G7/><T62/><D82/><U71/><E100/><V117/><F117/><W69/><G69/><T16/><D97/><U84/><E94/><V9/><F121/><W54/><G93/><T10/><D10/><N who="2" m="3594" /><F18/><W56/><G77/><T40/><D40/><U127/><E84/><V4/><F4/><W2/><G2/><T65/><D67/><U55/><E55/><V44/><F44/><W80/><G80/><T79/><D79/><U92/><E61/><V116/><F116/><W63/><G63/><T20/><REACH who="0" step="1"/><D33/><REACH who="0" ten="217,273,241,259" step="2"/><N who="2" m="12874" /><F28/><W110/><G110/><T83/><D83/><U131/><E47/><V41/><F41/><W57/><G30/><T98/><D98/><U132/><E132/><V34/><F34/><W86/><G86/><T118/><D118/><U45/><E135/><V99/><F99/><W113/><G113/><T27/><D27/><U43/><E133/><V0/><F0/><W1/><G1/><T38/><D38/><U12/><E26/><V101/><F101/><AGARI ba="0,1" hai="16,20,25,60,62,65,66,68,70,89,91,96,101,104" machi="101" ten="40,8000,1" yaku="1,1,6,1,9,1,54,1,53,0" doraHai="134" doraHaiUra="90" who="0" fromWho="2" sc="217,90,273,0,241,-80,259,0" owari="307,40.7,273,7.3,161,-33.9,259,-14.1" /></mjloggm>