<mjloggm ver="2.3"><GO type="225" lobby="0"/><UN n0="%E9%A6%AC%E5%BC%95%E7%81%AB%33" n1="%E3%83%A9%E3%82%B9%E7%8E%87%EF%BC%93%E5%89%B2" n2="%33%74%72%65%65" n3="%E6%81%A5%E6%99%92%E3%81%97" dan="16,17,17,16" rate="2124.90,2216.91,2229.46,2121.06" sx="M,F,F,M"/><TAIKYOKU oya="0"/><INIT seed="0,0,0,3,1,79" ten="250,250,250,250" oya="0" hai0="54,29,88,102,52,83,26,122,76,55,112,104,51" hai1="131,71,110,85,50,38,120,8,5,15,123,87,25" hai2="70,20,92,30,100,18,4,11,23,101,14,127,74" hai3="27,64,105,80,94,22,60,45,96,109,17,82,134"/><T124/><D112/><U68/><E38/><V121/><F121/><W106/><G109/><T130/><D122/><U2/><E110/><V63/><F127/><W19/><G134/><T61/><D124/><U44/><E131/><V16/><F30/><N who="3" m="17783" /><G105/><T39/><D39/><U36/><E36/><V57/><F70/><W72/><G72/><T35/><D130/><U7/><E123/><V10/><F74/><W41/><G106/><T129/><D129/><U65/><E120/><V91/><F101/><N who="3" m="60567" /><G64/><T24/><D61/><U93/><E65/><N who="2" m="39151" /><F100/><W1/><G1/><T99/><D26/><U133/><E25/><N who="2" m="14471" /><F4/><W40/><G60/><T108/><D108/><U67/><E67/><V116/><F116/><W42/><G45/><T66/><D66/><U73/><E73/><V78/><F78/><W53/><G53/><T12/><D12/><U56/><E133/><V81/><F92/><W49/><G49/><T75/><REACH who="0" step="1"/><D88/><REACH who="0" ten="240,250,250,250" step="2"/><U128/><E128/><V31/><F91/><W59/><G59/><AGARI ba="0,1" hai="24,29,35,51,52,54,55,59,75,76,83,99,102,104" machi="59" ten="30,18000,2" yaku="1,1,2,1,7,1,52,1,54,1,53,1" doraHai="79" doraHaiUra="107" who="0" fromWho="3" sc="240,190,250,0,250,0,250,-180" /><INIT seed="0,1,0,4,2,102" ten="430,250,250,70" oya="0" hai0="5,29,98,51,45,10,117,17,7,40,26,57,95" hai1="73,55,6,23,31,129,112,62,76,82,72,111,60" hai2="20,15,52,134,109,59,86,132,22,30,100,53,104" hai3="113,68,79,74,107,27,87,28,126,65,131,93,32"/><T92/><D117/><U124/><E111/><V135/><F109/><W75/><G113/><T69/><D69/><U90/><E129/><V67/><F67/><W14/><G131/><T41/><D41/><U66/><E124/><V48/><F86/><W133/><G126/><T70/><D70/><U21/><E112/><V61/><F30/><W24/><G133/><T44/><D44/><U58/><E6/><V64/><F15/><W13/><G93/><T18/><D57/><U110/><E31/><V1/><F1/><W25/><G87/><T71/><D95/><U103/><E90/><V47/><F64/><W123/><G123/><T19/><D71/><U96/><E73/><V36/><F36/><W106/><G25/><T84/><D84/><U37/><E37/><V38/><F38/><W34/><G28/><T81/><D81/><U91/><E91/><V78/><F78/><W97/><G68/><T77/><D77/><U85/><E72/><V114/><F114/><W16/><G79/><T2/><D7/><U116/><E116/><V9/><F9/><W101/><G65/><T0/><D0/><U42/><E42/><V43/><F43/><W121/><G121/><T125/><D125/><U4/><E4/><V8/><F8/><W80/><G101/><N who="0" m="60615" /><D26/><U118/><E118/><V122/><F122/><W11/><G11/><T128/><D128/><U49/><E110/><V115/><F115/><W3/><G3/><T39/><D39/><U120/><E120/><V56/><F47/><W94/><G94/><T127/><D29/><U12/><E66/><V50/><F48/><RYUUKYOKU ba="1,0" sc="430,15,250,-15,250,15,70,-15" hai0="2,5,10,17,18,19,40,45,51,127" hai2="20,22,50,52,53,56,59,61,100,104,132,134,135" /><INIT seed="0,2,0,0,2,9" ten="445,235,265,55" oya="0" hai0="35,130,77,97,92,2,108,38,3,74,52,45,101" hai1="5,129,19,14,18,118,42,47,65,25,21,87,127" hai2="112,11,76,109,20,63,128,113,84,60,59,78,121" hai3="23,99,120,105,107,116,96,51,94,61,71,68,114"/><T53/><D35/><U57/><E118/><V4/><F121/><W111/><G116/><T125/><D125/><U1/><E127/><V86/><F109/><W39/><G39/><T27/><D27/><U103/><E129/><V16/><F128/><W44/><G111/><T55/><D130/><U88/><E103/><V83/><F113/><W98/><G114/><T62/><D108/><U36/><E5/><V66/><F112/><W43/><G120/><T73/><D62/><U0/><E57/><V123/><F63/><W81/><G94/><T49/><D38/><U102/><E102/><V100/><F100/><W133/><G133/><T132/><D132/><U64/><E0/><V89/><F84/><W12/><G81/><T10/><D10/><U117/><E1/><V24/><F123/><W6/><G6/><T33/><D33/><U119/><E119/><V17/><F17/><W110/><G110/><T30/><D30/><U48/><E36/><V34/><F34/><W56/><G68/><T31/><D31/><U91/><E117/><V58/><F59/><W106/><G71/><T104/><D104/><U7/><E7/><V40/><F40/><W122/><G122/><T70/><D70/><U32/><E32/><V26/><F26/><W131/><G131/><T69/><D69/><U82/><E91/><V15/><AGARI ba="2,0" hai="4,11,15,16,20,24,58,60,66,76,78,83,86,89" machi="15" ten="20,8000,1" yaku="0,1,7,1,8,1,52,1,54,1" doraHai="9" who="2" fromWho="2" sc="445,-42,235,-22,265,86,55,-22" /><INIT seed="1,0,0,0,1,91" ten="403,213,351,33" oya="1" hai0="10,50,16,37,120,80,94,48,1,69,51,0,60" hai1="42,117,21,11,78,63,8,75,118,25,71,85,43" hai2="124,12,114,99,13,81,74,83,23,5,2,116,102" hai3="84,66,135,129,106,34,82,36,57,29,131,45,33"/><U3/><E75/><V123/><F123/><W122/><G122/><T97/><D37/><U133/><E133/><V49/><F116/><W39/><G106/><T67/><D120/><U87/><E71/><V88/><F124/><W109/><G57/><T72/><D72/><U47/><E63/><V44/><F114/><W38/><G45/><T110/><D80/><U125/><E125/><V115/><F115/><W68/><G135/><T9/><D110/><U32/><E32/><V77/><F23/><W35/><G109/><T22/><D0/><U17/><E43/><V65/><F65/><W55/><G55/><T104/><D1/><U53/><E53/><V58/><F58/><W28/><G66/><T79/><D104/><U40/><E40/><V105/><F5/><W111/><G111/><T96/><D79/><U6/><E11/><V89/><F2/><W90/><REACH who="3" step="1"/><G68/><REACH who="3" ten="403,213,351,23" step="2"/><T95/><D69/><U112/><E112/><V61/><F44/><W24/><G24/><T107/><D107/><U73/><E118/><V20/><F105/><W86/><G86/><T126/><D67/><U54/><E54/><V64/><F64/><W128/><AGARI ba="0,1" hai="28,29,33,34,35,36,38,39,82,84,90,128,129,131" machi="128" ten="50,8000,1" yaku="1,1,0,1,29,2,19,1,53,0" doraHai="91" doraHaiUra="14" who="3" fromWho="3" sc="403,-20,213,-40,351,-20,23,90" /><INIT seed="2,0,0,0,4,35" ten="383,173,331,113" oya="2" hai0="11,40,41,66,110,71,49,119,70,47,99,29,62" hai1="27,8,53,50,12,13,24,31,15,95,39,123,73" hai2="74,100,69,93,32,61,4,7,124,30,51,116,52" hai3="127,85,126,77,21,56,60,75,22,33,96,118,26"/><V59/><F116/><W87/><G118/><T25/><D110/><U91/><E39/><V128/><F128/><W135/><G75/><T48/><D119/><U23/><E73/><V82/><F124/><W105/><G135/><T130/><D130/><U107/><E107/><V6/><F32/><W98/><G77/><T90/><D11/><U0/><E0/><V114/><F114/><W42/><G42/><T1/><D1/><U14/><E123/><V109/><F109/><W97/><G105/><T10/><D10/><U80/><E80/><V72/><F30/><W108/><G108/><T83/><D71/><U54/><E27/><V89/><F100/><W44/><G44/><T38/><D40/><U58/><E53/><V20/><F20/><N who="3" m="7787" /><G26/><T81/><D99/><N who="3" m="25345" /><W117/><DORA hai="101" /><G33/><T106/><D106/><U78/><E78/><V112/><F112/><W125/><G117/><T28/><D83/><U57/><E57/><V111/><F111/><W16/><G56/><T37/><D37/><U18/><REACH who="1" step="1"/><E14/><REACH who="1" ten="383,163,331,113" step="2"/><V103/><F82/><W46/><G46/><T132/><D25/><U86/><AGARI ba="0,1" hai="8,12,13,15,18,23,24,31,50,54,58,86,91,95" machi="86" ten="20,12000,2" yaku="1,1,2,1,0,1,7,1,8,1,53,1" doraHai="35,101" doraHaiUra="92,55" who="1" fromWho="1" sc="383,-30,163,130,331,-60,113,-30" /><INIT seed="3,0,0,1,1,52" ten="353,293,271,83" oya="3" hai0="99,3,48,10,63,16,77,53,8,90,30,128,56" hai1="33,95,126,43,98,97,124,31,72,39,58,88,0" hai2="14,41,118,85,80,9,123,106,37,1,96,125,7" hai3="102,92,47,15,74,134,21,122,132,73,114,121,57"/><W4/><G47/><N who="0" m="27807" /><D3/><U94/><E72/><N who="3" m="27754" /><G21/><T17/><D128/><U45/><E0/><V68/><F118/><W116/><G116/><T100/><D77/><U40/><E40/><V54/><F123/><N who="3" m="47115" /><G15/><T108/><D108/><U25/><REACH who="1" step="1"/><E58/><REACH who="1" ten="353,283,271,83" step="2"/><V24/><F68/><W120/><N who="3" m="47123" /><W61/><DORA hai="20" /><G4/><T107/><D56/><U117/><E117/><V129/><F7/><W42/><G42/><T49/><D49/><U91/><AGARI ba="0,1" hai="25,31,33,39,43,45,88,91,94,95,97,98,124,126" machi="91" ten="30,8000,1" yaku="1,1,0,1,9,1,52,1,54,1,53,0" doraHai="52,20" doraHaiUra="50,62" who="1" fromWho="1" sc="353,-20,283,90,271,-20,83,-40" owari="333,13.3,373,47.3,251,-14.9,43,-45.7" /></mjloggm>