<mjloggm ver="2.3"><GO type="225" lobby="0"/><UN n0="%73%73%6B%5F%66%72%65%65" n1="%E3%81%8A%E3%81%AB%E3%82%83%E3%81%8A%E3%81%A1%E3%82%83" n2="%E3%81%A4%E3%81%A3%E3%81%B1%E3%82%8A%E3%83%9D%E3%83%BC%E3%83%AB" n3="%E9%81%85%E5%88%BB%E3%81%AE%E3%83%97%E3%83%AA%E3%83%B3%E3%82%B9%E2%99%AA" dan="16,16,17,17" rate="2078.54,2045.77,2161.95,2179.46" sx="M,M,M,F"/><TAIKYOKU oya="0"/><INIT seed="0,0,0,4,3,73" ten="250,250,250,250" oya="0" hai0="54,90,129,28,93,60,134,71,131,4,81,87,20" hai1="74,121,56,43,110,75,69,84,78,34,76,27,13" hai2="45,106,108,122,15,82,23,14,119,101,63,62,40" hai3="98,124,51,64,55,41,5,123,96,12,107,127,17"/><T120/><D120/><U88/><E69/><V125/><F122/><W32/><G123/><T105/><D134/><U8/><E121/><V19/><F108/><W6/><G32/><T50/><D105/><U72/><E110/><V86/><F125/><N who="3" m="48203" /><G64/><T116/><D116/><U59/><E43/><V48/><F119/><W52/><G41/><T85/><D4/><N who="3" m="1641" /><G107/><T109/><D109/><U10/><E34/><V114/><F114/><W1/><G1/><T35/><D35/><U30/><E30/><V100/><F15/><W29/><G29/><T47/><D60/><N who="2" m="23082" /><F106/><W83/><G83/><T132/><D71/><U128/><E27/><V22/><F22/><N who="3" m="11559" /><G55/><T89/><D132/><U36/><E36/><V39/><F39/><W133/><G133/><T70/><D70/><U2/><E2/><V31/><F31/><W3/><G3/><T65/><D65/><U103/><E103/><V130/><F130/><N who="0" m="49674" /><D28/><U18/><E128/><V117/><F117/><W68/><G68/><T115/><D20/><U77/><REACH who="1" step="1"/><E8/><REACH who="1" ten="250,240,250,250" step="2"/><V16/><F19/><W94/><G94/><AGARI ba="0,1" hai="10,13,18,56,59,72,74,75,76,77,78,84,88,94" machi="94" ten="50,12000,2" yaku="1,1,2,1,52,3,54,1,53,0" doraHai="73" doraHaiUra="46" who="1" fromWho="3" sc="250,0,240,130,250,0,250,-120" /><INIT seed="1,0,0,4,0,33" ten="250,370,250,130" oya="1" hai0="73,15,81,97,49,102,0,84,116,109,13,127,35" hai1="94,46,120,36,110,27,131,119,68,58,133,17,9" hai2="50,77,88,5,23,123,108,103,43,22,69,16,67" hai3="14,29,10,59,71,82,31,78,129,124,7,20,83"/><U45/><E119/><V75/><F123/><W93/><G71/><T32/><D116/><U80/><E120/><V4/><F108/><W51/><G124/><T92/><D109/><U53/><E68/><V3/><F103/><W72/><G129/><T41/><D73/><U95/><E110/><V25/><F3/><W99/><G83/><T76/><D127/><U74/><E131/><V121/><F121/><W70/><G70/><T89/><D0/><U34/><E133/><V113/><F113/><W8/><G20/><T37/><D37/><U134/><E134/><V111/><F111/><W62/><G51/><T85/><D35/><U126/><E94/><V65/><F77/><W87/><G8/><T42/><D32/><U128/><E95/><V96/><F75/><W125/><G72/><T66/><D66/><N who="2" m="25098" /><F69/><W40/><G40/><N who="0" m="15467" /><D49/><U112/><E36/><V135/><F23/><W63/><G125/><T130/><D130/><U61/><E45/><N who="2" m="25919" /><F135/><W91/><REACH who="3" step="1"/><G63/><REACH who="3" ten="250,370,250,120" step="2"/><T2/><D81/><U56/><E61/><V44/><F44/><W52/><AGARI ba="0,1" hai="7,10,14,29,31,52,59,62,78,82,87,91,93,99" machi="52" ten="20,12000,2" yaku="1,1,2,1,0,1,7,1,8,1,54,1,53,0" doraHai="33" doraHaiUra="100" who="3" fromWho="3" sc="250,-30,370,-60,250,-30,120,130" /><INIT seed="2,0,0,2,5,128" ten="220,310,220,250" oya="2" hai0="45,62,134,18,105,75,125,114,31,96,124,85,49" hai1="32,120,26,63,5,4,66,40,72,103,129,38,109" hai2="95,36,58,93,121,57,46,84,91,112,0,80,53" hai3="29,24,89,41,70,12,78,104,131,16,60,33,54"/><V67/><F112/><W8/><G131/><T82/><D114/><U73/><E129/><V99/><F121/><W21/><G104/><T64/><D31/><N who="1" m="19575" /><E4/><V108/><F0/><W88/><G41/><T118/><D118/><U39/><E120/><V122/><F122/><W55/><G78/><T3/><D3/><U74/><E109/><V126/><F108/><W69/><G33/><T111/><D111/><U113/><E113/><V65/><F126/><N who="0" m="48746" /><D18/><U48/><E48/><N who="2" m="28823" /><F36/><W110/><G110/><T68/><D75/><U98/><E5/><V14/><F14/><W7/><G7/><T135/><D96/><U42/><E42/><V107/><F107/><W30/><G30/><T87/><D105/><N who="1" m="63735" /><E40/><V11/><F11/><W15/><G15/><T100/><D100/><U37/><E74/><V44/><F44/><W115/><G115/><T97/><D97/><U20/><E20/><V25/><F25/><W43/><G43/><N who="0" m="24767" /><D87/><U119/><E119/><V27/><F27/><W13/><G13/><T71/><D68/><AGARI ba="0,0" hai="37,38,39,63,66,68,72,73" m="63735,19575" machi="68" ten="30,3900,0" yaku="25,1,33,2" doraHai="128" who="1" fromWho="0" sc="220,-39,310,39,220,0,250,0" /><INIT seed="3,0,0,0,1,94" ten="181,349,220,250" oya="3" hai0="84,66,59,41,40,30,32,19,28,15,22,113,116" hai1="92,132,71,89,130,51,9,81,72,11,36,23,122" hai2="1,52,3,37,76,21,50,8,73,35,112,126,27" hai3="46,111,101,128,134,96,119,2,7,64,82,29,88"/><W85/><G119/><T124/><D116/><U4/><E122/><V67/><F112/><W103/><G128/><T86/><D113/><U60/><E36/><V63/><F35/><W44/><G134/><T39/><D124/><U62/><E130/><V48/><F37/><W121/><G121/><T83/><D39/><U78/><E132/><V98/><F126/><W106/><G111/><T127/><D127/><U49/><E9/><V26/><F26/><W110/><G110/><T118/><D118/><U93/><E93/><V20/><F20/><W91/><G103/><T79/><D86/><U135/><E23/><V16/><F8/><W0/><G29/><T120/><D120/><U31/><E31/><V33/><F33/><W80/><G64/><T12/><D32/><U34/><E34/><V56/><F98/><W114/><G114/><T18/><D30/><U17/><E17/><V115/><F50/><W38/><G7/><T87/><D87/><U68/><E60/><V95/><F95/><W117/><G117/><T131/><D28/><U45/><E51/><V55/><F55/><W61/><G61/><T77/><D77/><U58/><E49/><V10/><F10/><W107/><G107/><T74/><D74/><U14/><E45/><N who="3" m="17514" /><G38/><T129/><D129/><U104/><E104/><V102/><F102/><W108/><G108/><T24/><D131/><U133/><E135/><V65/><F115/><W70/><G70/><T25/><D41/><U125/><E133/><V75/><F75/><W47/><G47/><T109/><D109/><U57/><E125/><V54/><F73/><RYUUKYOKU ba="0,0" sc="181,-10,349,-10,220,-10,250,30" hai3="0,2,80,82,85,88,91,96,101,106" /><INIT seed="3,1,0,2,4,123" ten="171,339,210,280" oya="3" hai0="61,78,19,83,21,87,128,91,27,13,82,89,69" hai1="119,6,47,48,8,81,121,63,134,75,118,98,50" hai2="80,60,41,51,18,20,107,46,59,52,44,16,9" hai3="72,64,14,117,45,34,67,122,96,22,95,110,101"/><W68/><G117/><N who="1" m="44554" /><E134/><V133/><F107/><W115/><G115/><T102/><D128/><U73/><E121/><V32/><F133/><W15/><G122/><T130/><D130/><U24/><E63/><V124/><F124/><W1/><G1/><T57/><D102/><U129/><E129/><V77/><F32/><W23/><G34/><T76/><D69/><U113/><E113/><V0/><F44/><W88/><G72/><T42/><D42/><N who="1" m="24695" /><E81/><V65/><F65/><W25/><G23/><T126/><D126/><U10/><E10/><V39/><F60/><W94/><G45/><T11/><D83/><U116/><E116/><V37/><F20/><W70/><G70/><T112/><D112/><U38/><E38/><V104/><F104/><W127/><G127/><T4/><REACH who="0" step="1"/><D89/><REACH who="0" ten="161,339,210,280" step="2"/><U53/><E73/><N who="2" m="43055" /><F39/><W36/><G36/><T114/><D114/><U40/><E75/><V49/><F49/><W29/><G68/><T79/><D79/><U62/><E50/><V58/><F58/><W17/><G101/><T54/><AGARI ba="1,1" hai="4,11,13,19,21,27,54,57,61,76,78,82,87,91" machi="54" ten="20,5200,0" yaku="1,1,0,1,7,1,8,1,53,0" doraHai="123" doraHaiUra="109" who="0" fromWho="0" sc="161,65,339,-14,210,-14,280,-27" owari="226,-17.4,325,42.5,196,-30.4,253,5.3" /></mjloggm>