<mjloggm ver="2.3"><GO type="225" lobby="0"/><UN n0="%E6%B8%A1%E5%A4%A9%E8%97%8D" n1="%E5%8F%AF%E5%85%90%E9%82%A3%E7%94%B1%E5%A4%9A" n2="%E3%81%BF%E3%81%BF%E3%81%9A" n3="%E5%8D%A0%E3%81%84%E5%B8%AB%E8%A3%8F%E3%81%AA%E3%81%84%E3%81%97" dan="16,16,18,17" rate="2155.38,2127.68,2239.94,2191.48" sx="M,F,M,M"/><TAIKYOKU oya="0"/><INIT seed="0,0,0,0,3,66" ten="250,250,250,250" oya="0" hai0="52,24,23,78,11,84,67,101,74,86,13,71,19" hai1="60,58,110,131,96,47,75,44,38,85,12,2,55" hai2="59,83,10,3,123,30,76,107,116,117,95,119,81" hai3="100,70,132,6,22,109,51,129,45,7,61,80,104"/><T49/><D101/><U120/><E120/><V14/><F123/><W41/><G109/><T27/><D74/><U56/><E2/><V15/><F107/><W16/><G132/><T43/><D43/><U37/><E75/><V32/><F95/><W29/><G29/><T42/><D42/><U114/><E85/><V1/><F59/><W130/><G80/><N who="2" m="30793" /><F76/><W8/><G100/><T18/><D78/><U79/><E79/><V40/><F40/><W118/><G104/><T46/><REACH who="0" step="1"/><D27/><REACH who="0" ten="240,250,250,250" step="2"/><U20/><E110/><V108/><F108/><W128/><G118/><T73/><D73/><U36/><E114/><V99/><F99/><W105/><G105/><T50/><D50/><U91/><E96/><V17/><F14/><N who="3" m="9495" /><G8/><T4/><D4/><U135/><E12/><V126/><F126/><W133/><G133/><T98/><D98/><U31/><E135/><V28/><F1/><W62/><G62/><AGARI ba="0,1" hai="11,13,18,19,23,24,46,49,52,62,67,71,84,86" machi="62" ten="40,12000,1" yaku="1,1,52,1,54,1,53,2" doraHai="66" doraHaiUra="82" who="0" fromWho="3" sc="240,130,250,0,250,0,250,-120" /><INIT seed="0,1,0,3,4,73" ten="370,250,250,130" oya="0" hai0="67,44,106,71,102,39,124,12,54,19,134,38,35" hai1="81,25,80,132,74,118,66,41,33,99,117,34,120" hai2="112,119,121,27,68,131,107,104,30,13,59,55,10" hai3="89,61,64,16,14,92,105,22,1,11,63,130,50"/><T127/><D35/><U17/><E120/><V18/><F121/><W21/><G105/><T90/><D134/><U4/><E4/><V86/><F68/><W51/><G130/><T116/><D116/><U3/><E3/><V56/><F112/><W94/><G1/><T72/><D72/><U122/><E122/><V8/><F119/><W7/><G94/><T87/><D102/><U128/><E66/><V6/><F131/><W40/><G40/><T97/><D97/><U133/><E128/><V75/><F75/><W100/><G100/><T108/><D106/><U36/><E99/><V42/><F59/><W93/><G92/><T37/><D108/><U113/><E113/><V31/><F31/><W78/><G78/><T98/><D98/><U101/><E101/><V110/><F42/><W103/><G103/><T91/><D67/><U109/><E109/><V48/><F110/><W95/><G95/><T52/><D71/><U15/><E117/><V24/><F24/><W49/><G64/><T82/><D91/><U46/><E25/><V62/><F62/><N who="3" m="23563" /><G7/><T88/><D90/><U77/><E118/><V26/><F86/><AGARI ba="1,0" hai="11,14,16,21,22,49,50,51,86,89,93" m="23563" machi="86" ten="30,2000,0" yaku="8,1,54,1" doraHai="73" who="3" fromWho="2" sc="370,0,250,0,250,-23,130,23" /><INIT seed="1,0,0,5,1,117" ten="370,250,227,153" oya="1" hai0="78,29,76,120,22,3,56,16,86,70,108,127,54" hai1="74,77,94,73,109,83,25,119,88,106,4,89,9" hai2="12,110,35,31,128,90,19,132,33,39,87,112,97" hai3="1,51,122,37,49,131,21,71,0,134,42,44,103"/><U58/><E119/><V40/><F110/><W18/><G134/><T10/><D70/><U30/><E106/><V2/><F132/><W38/><G71/><T27/><D108/><U15/><E109/><V85/><F2/><W92/><G131/><T32/><D127/><U50/><E74/><V126/><F126/><W113/><G113/><T13/><D86/><U104/><E104/><V115/><F128/><W11/><G0/><T26/><D120/><U105/><E105/><V81/><F97/><W57/><G122/><T64/><D64/><U135/><E135/><V91/><F40/><W66/><G11/><T111/><D111/><U63/><E50/><V53/><F39/><W62/><G1/><T82/><D82/><U67/><REACH who="1" step="1"/><E94/><REACH who="1" ten="370,240,227,153" step="2"/><V95/><F115/><W46/><G92/><T93/><D93/><U41/><E41/><V7/><F112/><W100/><G37/><T121/><D121/><U114/><E114/><V84/><F84/><W75/><G38/><T43/><D43/><U36/><E36/><V65/><F95/><W34/><G75/><T14/><D3/><U45/><E45/><V80/><F85/><W6/><G34/><AGARI ba="0,1" hai="4,9,15,25,30,34,58,63,67,73,77,83,88,89" machi="34" ten="30,5800,0" yaku="1,1,7,1,54,1,53,0" doraHai="117" doraHaiUra="102" who="1" fromWho="3" sc="370,0,240,68,227,0,153,-58" /><INIT seed="1,1,0,4,0,79" ten="370,308,227,95" oya="1" hai0="61,67,107,72,105,50,34,22,133,2,44,120,39" hai1="7,74,112,18,32,123,134,68,100,113,14,28,40" hai2="131,3,54,104,57,85,33,42,111,70,24,102,127" hai3="5,75,117,129,27,65,37,69,20,125,9,21,81"/><U110/><E68/><V135/><F70/><W115/><G115/><N who="1" m="44106" /><E40/><V121/><F121/><W11/><G37/><T122/><D34/><U89/><E89/><V130/><F3/><W119/><G129/><N who="2" m="49161" /><F111/><W128/><G128/><T106/><D39/><U109/><E100/><V82/><F135/><W71/><G65/><T16/><D2/><U86/><E86/><V60/><F127/><W38/><G125/><T48/><D72/><U73/><E73/><V103/><F42/><W97/><G38/><T25/><D133/><U132/><E74/><V0/><F0/><W30/><G97/><T52/><REACH who="0" step="1"/><D48/><REACH who="0" ten="360,308,227,95" step="2"/><U90/><E123/><V76/><F104/><W17/><G75/><T94/><D94/><U91/><E134/><V29/><AGARI ba="1,1" hai="24,29,33,54,57,60,76,82,85,102,103" m="49161" machi="29" ten="30,2000,0" yaku="19,1,52,1" doraHai="79" who="2" fromWho="2" sc="360,-6,308,-11,227,33,95,-6" /><INIT seed="2,0,0,3,1,118" ten="354,297,260,89" oya="2" hai0="71,6,133,37,92,89,94,8,99,44,14,63,83" hai1="68,69,30,101,58,95,52,105,93,34,9,40,17" hai2="79,18,90,108,65,59,135,107,85,26,124,115,27" hai3="98,129,21,42,97,106,24,116,39,62,60,48,25"/><V74/><F115/><W45/><G116/><T29/><D133/><U114/><E114/><V43/><F107/><W96/><G106/><T22/><D71/><U7/><E40/><V91/><F135/><W103/><G103/><N who="0" m="60903" /><D37/><U41/><E41/><V15/><F74/><W121/><G129/><T47/><D63/><N who="3" m="24105" /><G39/><T55/><D55/><U51/><E17/><V134/><F134/><W73/><G21/><T67/><D83/><U23/><E34/><V53/><F124/><W33/><G33/><T20/><D67/><U88/><E105/><V31/><F43/><W123/><G73/><T3/><D3/><U122/><E122/><V12/><F65/><W126/><G126/><T5/><D5/><U81/><E68/><V82/><F108/><W4/><G4/><T35/><D35/><U113/><E69/><V10/><F15/><W80/><G80/><T127/><D127/><U75/><E113/><V86/><F31/><W1/><G1/><T38/><D38/><U16/><E30/><V13/><F13/><W2/><G2/><T78/><D78/><U66/><E66/><V64/><F64/><W56/><G56/><T61/><D61/><U130/><E75/><V100/><F100/><W49/><G49/><T28/><D28/><U119/><E101/><V128/><F128/><W46/><G46/><N who="0" m="17451" /><D29/><U32/><E119/><V87/><F59/><W102/><G102/><T110/><D110/><U76/><E32/><V125/><F125/><W131/><G131/><T11/><D11/><U50/><E130/><V120/><F10/><W84/><G84/><AGARI ba="0,0" hai="6,8,14,20,22,84,89,94" m="17451,60903" machi="84" ten="30,1000,0" yaku="8,1" doraHai="118" who="0" fromWho="3" sc="354,10,297,0,260,0,89,-10" /><INIT seed="3,0,0,1,5,7" ten="364,297,260,79" oya="3" hai0="38,114,8,96,122,42,51,89,103,61,132,113,104" hai1="27,39,33,74,125,50,107,121,76,56,60,109,108" hai2="62,84,43,112,18,94,63,106,69,25,9,134,23" hai3="88,24,98,70,57,123,65,97,115,16,67,92,29"/><W45/><G115/><N who="0" m="44043" /><D122/><U48/><E121/><V17/><F106/><W71/><G123/><T54/><D132/><U12/><E39/><V44/><F112/><W131/><G131/><T124/><D124/><U21/><E107/><V59/><F69/><W85/><G70/><T36/><D89/><U30/><E125/><V11/><F134/><W86/><G71/><T105/><D105/><U90/><E90/><N who="2" m="53575" /><F18/><W77/><G45/><N who="0" m="26039" /><D8/><N who="2" m="3146" /><F59/><AGARI ba="0,0" hai="36,38,54,59,61,96,103,104" m="26039,44043" machi="59" ten="30,1000,0" yaku="11,1" doraHai="7" who="0" fromWho="2" sc="364,10,297,0,260,-10,79,0" owari="374,47.4,297,9.7,250,-15.0,79,-42.1" /></mjloggm>