<mjloggm ver="2.3"><GO type="225" lobby="0"/><UN n0="%E7%AB%8B%E8%8A%B1%E9%9F%BF" n1="%E7%99%BD%E5%80%89%E5%AF%9B%E4%B9%8B" n2="%E6%81%A5%E6%99%92%E3%81%97" n3="%4C%4F%4C%49%54%41" dan="17,16,16,16" rate="2190.86,2119.15,2134.38,2102.80" sx="F,M,M,F"/><TAIKYOKU oya="0"/><INIT seed="0,0,0,3,1,8" ten="250,250,250,250" oya="0" hai0="76,6,110,68,95,36,53,44,97,23,29,21,104" hai1="28,22,1,4,10,74,50,107,100,30,27,62,35" hai2="82,128,135,11,38,125,85,77,116,58,61,3,96" hai3="2,64,49,41,51,79,115,0,127,111,63,124,91"/><T54/><D104/><U5/><E74/><V102/><F116/><W7/><G115/><T17/><D68/><U25/><E107/><V34/><F34/><W59/><G111/><T18/><D6/><N who="1" m="1359" /><E50/><N who="3" m="18954" /><G41/><T87/><D29/><N who="1" m="19887" /><E62/><V88/><F38/><W130/><G7/><N who="1" m="2634" /><E100/><V132/><F102/><W20/><G79/><T114/><D114/><U78/><E78/><V56/><F77/><W12/><G130/><T93/><D110/><U48/><E48/><V92/><F61/><W131/><G131/><T98/><D36/><U108/><E108/><V120/><F128/><W19/><G91/><T65/><D65/><U45/><E45/><V52/><F96/><W103/><G103/><T105/><D105/><U94/><E94/><V129/><F92/><W42/><G42/><T106/><D106/><U80/><E80/><V113/><F129/><W40/><G40/><T119/><D76/><U67/><E67/><V43/><F43/><W60/><G63/><T9/><D87/><U118/><E118/><V57/><F85/><W133/><G133/><T16/><D119/><U37/><E37/><V117/><F135/><W122/><G122/><T69/><D69/><U14/><E14/><V101/><F132/><W39/><G39/><T86/><D86/><U66/><E66/><V123/><F117/><W90/><G90/><N who="0" m="55479" /><D44/><U126/><E126/><AGARI ba="0,0" hai="0,2,12,19,20,59,60,64,124,126,127" m="18954" machi="126" ten="30,2000,0" yaku="18,1,52,1" doraHai="8" who="3" fromWho="1" sc="250,0,250,-20,250,0,250,20" /><INIT seed="1,0,0,2,1,47" ten="250,230,250,270" oya="1" hai0="3,88,42,55,93,116,107,12,62,102,0,103,109" hai1="80,126,84,68,117,5,78,23,25,1,120,65,32" hai2="34,83,75,50,64,49,43,51,128,132,77,20,39" hai3="33,38,82,60,59,87,70,36,123,101,86,14,67"/><U130/><E117/><V115/><F34/><W61/><G123/><T131/><D116/><U63/><E120/><V95/><F128/><W10/><G101/><T121/><D121/><U99/><E130/><V28/><F132/><W85/><G33/><T79/><D131/><U135/><E135/><V40/><F115/><W89/><G38/><T48/><D109/><U17/><E126/><V72/><F64/><W124/><G36/><T4/><D79/><U53/><E32/><V7/><F7/><W58/><G124/><T96/><D42/><U15/><E99/><V81/><F95/><W31/><G31/><T66/><D12/><U125/><E125/><V27/><F39/><W18/><REACH who="3" step="1"/><G70/><REACH who="3" ten="250,230,250,260" step="2"/><T111/><D111/><U29/><E29/><V113/><F113/><W37/><G37/><T30/><D30/><U100/><E100/><V44/><F40/><W114/><G114/><T9/><D107/><U13/><REACH who="1" step="1"/><E53/><AGARI ba="0,1" hai="10,14,18,53,58,59,60,61,67,82,85,86,87,89" machi="53" ten="30,3900,0" yaku="1,1,7,1,8,1,53,0" doraHai="47" doraHaiUra="19" who="3" fromWho="1" sc="250,0,230,-39,250,0,260,49" /><INIT seed="2,0,0,5,0,53" ten="250,191,250,309" oya="2" hai0="20,89,49,116,66,108,73,134,44,0,65,41,27" hai1="35,131,22,81,88,118,16,2,54,104,86,40,83" hai2="125,127,75,56,15,3,6,98,132,76,69,71,37" hai3="12,130,77,94,96,19,101,70,11,28,115,78,67"/><V42/><F132/><W26/><G130/><T48/><D0/><U23/><E35/><V74/><F98/><W99/><G115/><T128/><D128/><U58/><E104/><V92/><F92/><W39/><G39/><T90/><D73/><N who="2" m="27658" /><F76/><W51/><G70/><N who="2" m="26633" /><F15/><W102/><G67/><T68/><D68/><U87/><E131/><V114/><F114/><W46/><G101/><T117/><D134/><U33/><E33/><V64/><F64/><W121/><G121/><T61/><D66/><U57/><E2/><V29/><F29/><W120/><G96/><T124/><D65/><U14/><E118/><V72/><F56/><N who="1" m="21609" /><E54/><V24/><F24/><W126/><G26/><T95/><D117/><U32/><E32/><V111/><F72/><W109/><G28/><T31/><D31/><U97/><E40/><V17/><F42/><W13/><G120/><T5/><D41/><U122/><E122/><V85/><F37/><W34/><G34/><T9/><D116/><U10/><E97/><V21/><F3/><W105/><G99/><T113/><D113/><U62/><E62/><V36/><F36/><W100/><G105/><T59/><D61/><U4/><E4/><V84/><F6/><W129/><G129/><T135/><D5/><U8/><E23/><V123/><F123/><W60/><G60/><T107/><D20/><U79/><AGARI ba="0,0" hai="8,10,14,16,22,79,81,83,86,87,88" m="21609" machi="79" ten="30,12000,2" yaku="8,1,52,3,54,2" doraHai="53" who="1" fromWho="1" sc="250,-30,191,120,250,-60,309,-30" /><INIT seed="3,0,0,2,3,105" ten="220,311,190,279" oya="3" hai0="61,121,14,16,88,74,120,91,37,36,107,113,52" hai1="38,70,24,15,60,32,95,1,50,110,114,85,28" hai2="123,72,23,21,26,8,6,7,10,126,17,102,49" hai3="132,106,86,59,78,82,46,115,3,29,119,103,65"/><W100/><G119/><T13/><D107/><U96/><E1/><V93/><F126/><W44/><G115/><T116/><D116/><U55/><E38/><V41/><F123/><W68/><G3/><T92/><D74/><U31/><E114/><V39/><F39/><W124/><G68/><T47/><D113/><U111/><E31/><V80/><F80/><W27/><G124/><T118/><D118/><U9/><E85/><V0/><F72/><W83/><G132/><T40/><D36/><U51/><E70/><V89/><F102/><W67/><G106/><T84/><D13/><U109/><E60/><V131/><F131/><W73/><G100/><T63/><D91/><N who="1" m="55423" /><E55/><V58/><F23/><W134/><G103/><T108/><D108/><U5/><AGARI ba="0,0" hai="5,9,15,24,28,32,50,51,109,110,111" m="55423" machi="5" ten="30,1100,0" yaku="14,1" doraHai="105" who="1" fromWho="1" sc="220,-3,311,11,190,-3,279,-5" owari="217,-18.3,322,42.2,187,-31.3,274,7.4" /></mjloggm>