<mjloggm ver="2.3"><GO type="225" lobby="0"/><UN n0="%E4%BF%BA%E3%81%A8%E5%A6%96%E5%A4%A2" n1="%E7%AC%B9%E9%A4%85" n2="%E3%82%A2%E3%82%A4%E3%82%B9%E3%83%86%E3%82%A3%E3%83%BC%E3%81%82%E3%81%B9" n3="%43%68%65" dan="16,18,16,16" rate="2218.32,2250.61,2077.92,2172.67" sx="F,M,M,M"/><TAIKYOKU oya="0"/><INIT seed="0,0,0,0,2,44" ten="250,250,250,250" oya="0" hai0="18,7,0,92,46,48,26,14,34,40,133,73,119" hai1="135,109,124,61,114,131,75,21,80,9,94,51,86" hai2="77,118,123,5,100,25,79,4,3,2,132,52,76" hai3="56,106,102,49,68,20,65,91,32,1,66,16,41"/><T55/><D119/><U50/><E75/><V115/><F123/><W127/><G32/><T64/><D73/><U62/><E109/><V59/><F115/><W125/><G1/><T99/><D133/><U116/><E116/><V129/><F118/><W6/><G6/><T104/><D104/><U39/><E39/><V120/><F120/><W126/><G68/><T98/><D64/><U82/><E135/><V36/><F36/><W87/><G102/><T78/><D78/><U83/><E124/><V70/><F70/><W30/><G30/><T111/><D111/><U105/><E105/><V121/><F132/><W57/><G106/><T117/><D117/><U134/><E134/><V85/><F121/><W112/><G112/><T19/><D0/><U103/><E114/><V37/><F37/><W60/><G57/><T130/><D99/><N who="1" m="59895" /><E131/><V71/><F71/><W63/><G63/><N who="1" m="24074" /><E9/><V58/><F100/><W89/><G66/><T122/><D130/><U81/><E21/><V72/><F129/><W23/><G23/><T84/><D122/><U28/><E28/><V22/><F72/><W15/><G87/><T27/><D84/><U101/><E101/><V17/><F3/><W110/><G110/><T47/><D34/><U93/><E93/><V107/><F107/><W88/><G89/><AGARI ba="0,0" hai="50,51,80,81,82,83,86,89" m="24074,59895" machi="89" ten="30,3900,0" yaku="8,1,52,2" doraHai="44" who="1" fromWho="3" sc="250,0,250,39,250,0,250,-39" /><INIT seed="1,0,0,1,4,93" ten="250,289,250,211" oya="1" hai0="70,78,86,81,102,114,0,53,36,56,122,101,31" hai1="1,18,5,97,68,30,42,7,135,57,98,82,85" hai2="38,47,107,26,27,130,134,109,46,66,9,83,89" hai3="64,17,87,119,61,44,84,108,79,2,16,25,131"/><U3/><E68/><V12/><F109/><W124/><G108/><T75/><D114/><U69/><E69/><V59/><F107/><W132/><G2/><T33/><D70/><U51/><E30/><V21/><F134/><W11/><G132/><T123/><D0/><U96/><E135/><V39/><F39/><W121/><G121/><N who="0" m="46091" /><D36/><U48/><E1/><V105/><F105/><W88/><G124/><T35/><D75/><U34/><E34/><N who="0" m="12809" /><D31/><U67/><E3/><V73/><F27/><W20/><G131/><T62/><AGARI ba="0,0" hai="53,56,62,78,81,86,101,102" m="12809,46091" machi="62" ten="30,1100,0" yaku="13,1" doraHai="93" who="0" fromWho="0" sc="250,11,289,-5,250,-3,211,-3" /><INIT seed="2,0,0,5,1,46" ten="261,284,247,208" oya="2" hai0="85,27,20,15,69,1,108,42,66,112,36,6,122" hai1="123,61,7,54,48,99,65,116,82,25,86,105,57" hai2="60,31,113,3,56,84,126,72,91,90,92,26,114" hai3="12,71,115,16,18,106,131,10,135,43,53,44,79"/><V134/><F3/><W38/><G106/><T0/><D66/><U47/><E116/><V9/><F72/><W100/><G131/><T28/><D69/><U81/><E123/><V21/><F126/><W118/><G118/><T37/><D122/><U14/><E105/><V94/><F9/><W80/><G135/><T101/><D112/><U4/><E99/><V32/><F32/><W125/><G125/><T24/><D101/><U132/><E132/><V73/><F73/><W121/><G115/><T29/><D85/><U124/><E124/><V111/><F111/><W52/><G121/><T39/><D42/><U23/><E14/><V87/><REACH who="2" step="1"/><F134/><REACH who="2" ten="261,284,237,208" step="2"/><W109/><G109/><T104/><D108/><U119/><E119/><V35/><F35/><W75/><G100/><T55/><D0/><U88/><E82/><V17/><F17/><AGARI ba="0,1" hai="4,7,17,23,25,47,48,54,57,61,65,81,86,88" machi="17" ten="30,7700,0" yaku="7,1,8,1,52,1,54,1" doraHai="46" who="1" fromWho="2" sc="261,0,284,87,237,-77,208,0" /><INIT seed="3,0,0,5,1,20" ten="261,371,160,208" oya="3" hai0="36,54,77,59,86,126,128,110,61,37,70,16,79" hai1="11,55,92,63,74,14,15,5,24,28,101,85,18" hai2="121,130,47,90,84,42,96,53,116,26,0,10,2" hai3="115,34,7,80,23,46,49,81,133,78,51,41,66"/><W95/><G115/><T56/><D110/><U111/><E111/><V117/><F130/><W3/><G34/><T93/><D70/><U38/><E74/><V112/><F112/><W45/><G133/><T25/><D128/><U87/><E38/><V127/><F127/><W118/><G118/><T120/><D120/><U58/><E24/><V4/><F121/><W113/><G113/><T102/><D126/><U131/><E28/><V132/><F2/><W22/><G66/><T32/><D32/><U33/><E33/><V40/><F132/><W106/><G106/><T64/><D37/><U17/><E131/><V6/><F6/><W134/><G134/><T109/><D36/><U124/><E124/><V75/><F96/><W125/><G125/><T50/><D102/><U19/><E15/><V97/><F97/><AGARI ba="0,0" hai="5,11,14,17,18,19,55,58,63,85,87,92,97,101" machi="97" ten="40,1300,0" yaku="8,1" doraHai="20" who="1" fromWho="2" sc="261,0,371,13,160,-13,208,0" owari="261,6.1,384,48.4,147,-35.3,208,-19.2" /></mjloggm>