<mjloggm ver="2.3"><GO type="225" lobby="0"/><UN n0="%E7%99%BD%E5%80%89%E5%AF%9B%E4%B9%8B" n1="%E9%87%8E%E3%80%85%E5%AE%AE%E8%97%8D" n2="%E3%81%8B%E3%82%8F%E3%81%A1%E3%82%83%E3%82%93%35%38" n3="%79%75%72%69%6D%6F%67" dan="16,16,16,16" rate="2071.55,2133.22,2118.96,2165.57" sx="M,F,M,F"/><TAIKYOKU oya="0"/><INIT seed="0,0,0,1,0,40" ten="250,250,250,250" oya="0" hai0="17,41,81,115,23,96,61,42,103,119,131,34,135" hai1="130,37,32,67,117,80,63,116,126,72,69,91,21" hai2="107,15,105,4,111,51,84,56,10,57,8,97,73" hai3="60,75,18,68,20,76,118,1,87,7,106,46,90"/><T86/><D34/><U78/><E21/><V14/><F73/><W30/><G118/><N who="1" m="45674" /><E91/><V108/><F84/><W31/><G106/><T122/><D119/><U104/><E126/><V94/><F51/><W85/><G75/><T98/><D122/><U2/><E130/><V92/><REACH who="2" step="1"/><F4/><REACH who="2" ten="250,250,240,250" step="2"/><W120/><G85/><T134/><D131/><U11/><E37/><V24/><F24/><W53/><G76/><T43/><D115/><U6/><E104/><V95/><F95/><W125/><G120/><T113/><D113/><U45/><E45/><V58/><F58/><W66/><G125/><T129/><D129/><U29/><E29/><V9/><F9/><W101/><G31/><T127/><D127/><U0/><E0/><V93/><F93/><W70/><G30/><T38/><D38/><U114/><E114/><V110/><F110/><W52/><G7/><T121/><D121/><U47/><E47/><V39/><F39/><W133/><G1/><T36/><D36/><U124/><E124/><V3/><F3/><W102/><G46/><T44/><D44/><U33/><AGARI ba="0,1" hai="2,6,11,32,33,63,67,69,72,78,80" m="45674" machi="33" ten="30,1100,0" yaku="23,1" doraHai="40" who="1" fromWho="1" sc="250,-5,250,21,240,-3,250,-3" /><INIT seed="1,0,0,3,2,25" ten="245,271,237,247" oya="1" hai0="31,71,81,131,3,53,8,36,66,57,28,68,100" hai1="40,63,4,118,107,134,14,119,43,97,29,108,13" hai2="30,20,110,89,16,33,24,50,11,116,109,51,104" hai3="74,65,77,62,41,32,125,91,90,76,7,22,84"/><U73/><E73/><V82/><F104/><W132/><G32/><T78/><D131/><U27/><E134/><V56/><F116/><W87/><G74/><T117/><D117/><U42/><E108/><N who="2" m="41579" /><F11/><W60/><G41/><T5/><D36/><U130/><E130/><V103/><F103/><W122/><G7/><T23/><D100/><U127/><E127/><V38/><F38/><W126/><G122/><T45/><D45/><U79/><E79/><V2/><F2/><W26/><G132/><T10/><D10/><U46/><E46/><V80/><F89/><W58/><G62/><T70/><D23/><U0/><E0/><V19/><F19/><W92/><G126/><T98/><D98/><U12/><E4/><V39/><F39/><W101/><G101/><T99/><D99/><U120/><E120/><V1/><F1/><W121/><G121/><T15/><D66/><U133/><E133/><V83/><F56/><W96/><G96/><T35/><D35/><N who="1" m="20927" /><E97/><V54/><F54/><W105/><G105/><T61/><REACH who="0" step="1"/><D3/><REACH who="0" ten="235,271,237,247" step="2"/><U9/><E9/><V59/><F59/><W69/><G125/><T72/><AGARI ba="0,1" hai="5,8,15,28,31,53,57,61,68,70,71,72,78,81" machi="72" ten="30,8000,1" yaku="1,1,2,1,0,1,52,2,53,0" doraHai="25" doraHaiUra="114" who="0" fromWho="0" sc="235,90,271,-40,237,-20,247,-20" /><INIT seed="2,0,0,3,1,101" ten="325,231,217,227" oya="2" hai0="35,96,27,37,2,1,114,16,119,74,80,77,102" hai1="9,104,31,98,14,59,58,53,97,45,135,71,75" hai2="92,99,66,120,103,18,7,49,84,107,12,21,89" hai3="52,64,34,32,108,38,43,83,93,0,47,117,100"/><V50/><F120/><W129/><G117/><T62/><D119/><U110/><E71/><V67/><REACH who="2" step="1"/><F7/><REACH who="2" ten="325,231,207,227" step="2"/><W116/><G116/><T8/><D114/><U24/><E135/><V15/><F15/><W132/><G0/><T115/><D115/><U36/><E14/><V54/><F54/><W125/><G132/><T60/><D1/><U42/><E53/><V76/><F76/><W20/><G52/><T22/><D2/><U4/><E4/><V26/><F26/><W130/><G130/><T124/><D124/><U79/><E24/><V10/><F10/><W87/><G129/><T3/><D3/><U113/><E9/><V123/><F123/><W78/><G125/><T29/><D8/><U13/><E13/><V118/><F118/><W122/><G78/><T91/><D35/><U95/><E113/><V81/><F81/><W121/><G34/><T23/><D37/><U46/><E79/><V17/><F17/><W70/><G32/><T51/><D29/><U11/><E31/><V126/><F126/><W105/><G122/><T44/><D23/><U40/><E11/><V106/><F106/><W57/><G20/><T134/><D134/><U33/><E33/><V131/><F131/><W30/><G105/><T111/><D27/><U61/><E104/><V88/><F88/><N who="3" m="51327" /><G30/><T73/><D91/><U5/><E5/><V109/><F109/><W69/><G108/><T39/><D111/><U56/><E110/><V94/><F94/><W112/><G121/><T72/><D77/><U28/><E28/><V65/><AGARI ba="0,1" hai="12,18,21,49,50,65,66,67,84,89,92,99,103,107" machi="65" ten="30,6000,0" yaku="1,1,0,1,52,1,53,0" doraHai="101" doraHaiUra="41" who="2" fromWho="2" sc="325,-20,231,-20,207,70,227,-20" /><INIT seed="2,1,0,2,4,8" ten="305,211,277,207" oya="2" hai0="101,90,133,51,67,64,98,73,3,26,40,65,34" hai1="58,115,27,12,109,135,54,21,70,118,33,113,22" hai2="5,66,23,29,95,68,36,84,100,13,87,31,111" hai3="4,74,76,45,83,46,96,32,81,42,91,97,18"/><V89/><F36/><W62/><G32/><T125/><D3/><U60/><E118/><V41/><F41/><W131/><G131/><T126/><D73/><U122/><E109/><V49/><F111/><W112/><G112/><T38/><D38/><U132/><E122/><V59/><F68/><W117/><G117/><T71/><D133/><N who="1" m="51275" /><E70/><V134/><F100/><W106/><G62/><N who="0" m="40343" /><D90/><U35/><E21/><V88/><F134/><W30/><G30/><N who="0" m="19799" /><D51/><U61/><E61/><N who="2" m="38207" /><F49/><W24/><G4/><T121/><D40/><U93/><E35/><V108/><F108/><W19/><G46/><T43/><D43/><U20/><E33/><V11/><F23/><W92/><G24/><T25/><D25/><U103/><E20/><V16/><F5/><W104/><G83/><AGARI ba="1,0" hai="11,13,16,29,31,83,84,87,88,89,95" m="38207" machi="83" ten="30,11600,0" yaku="8,1,52,1,54,2" doraHai="8" who="2" fromWho="3" sc="305,0,211,0,277,119,207,-119" /><INIT seed="2,2,0,4,2,28" ten="305,211,396,88" oya="2" hai0="46,121,87,35,52,68,14,21,75,97,123,81,11" hai1="115,102,66,51,127,125,65,132,32,135,56,106,79" hai2="63,40,78,117,43,134,7,24,72,5,131,126,96" hai3="38,62,47,73,44,83,111,64,6,60,31,91,129"/><V29/><F117/><W41/><G111/><T104/><D68/><U19/><E115/><V107/><F131/><W39/><G129/><T128/><D75/><U70/><E79/><V4/><F134/><N who="1" m="51241" /><E102/><V17/><F126/><N who="1" m="48137" /><E106/><V95/><F107/><W2/><G31/><T88/><D128/><U42/><E19/><V3/><F17/><W58/><G91/><T130/><D130/><U23/><E23/><V37/><F78/><W112/><G112/><T90/><D21/><U110/><E32/><V82/><F82/><W119/><G119/><T61/><D35/><U20/><E20/><V9/><F72/><W26/><G26/><T1/><D1/><U27/><E27/><V94/><F94/><W18/><G18/><N who="0" m="8543" /><D61/><N who="1" m="40239" /><E110/><V71/><F5/><W77/><G62/><T85/><D104/><U109/><E109/><V59/><F4/><W74/><G74/><T80/><D97/><U101/><E101/><V89/><F71/><W98/><G98/><T12/><D12/><U76/><E76/><V57/><F24/><W8/><REACH who="3" step="1"/><G47/><REACH who="3" ten="305,211,396,78" step="2"/><T116/><D116/><U92/><E92/><V49/><F95/><W50/><AGARI ba="2,1" hai="2,6,8,38,39,41,44,50,58,60,64,73,77,83" machi="50" ten="20,8000,1" yaku="1,1,2,1,0,1,7,1,53,1" doraHai="28" doraHaiUra="0" who="3" fromWho="3" sc="305,-22,211,-22,396,-42,78,96" /><INIT seed="3,0,0,5,0,24" ten="283,189,354,174" oya="3" hai0="93,0,110,34,5,65,79,49,73,31,99,15,125" hai1="80,130,69,8,39,32,133,113,43,12,83,104,30" hai2="64,81,89,47,45,90,6,28,13,52,7,23,102" hai3="85,116,123,67,21,127,84,106,75,29,74,95,22"/><W37/><G116/><T18/><D110/><U57/><E113/><V3/><F3/><W101/><G123/><T92/><D125/><U19/><E69/><V46/><F64/><W124/><G37/><T40/><D65/><U126/><E104/><V86/><F102/><W100/><G67/><T50/><D79/><U27/><E126/><N who="3" m="48170" /><G29/><T16/><D73/><N who="3" m="27657" /><G95/><T112/><D112/><U78/><E130/><V76/><F52/><W20/><G106/><T72/><D72/><U42/><E133/><V115/><F115/><W131/><G131/><T63/><D63/><U94/><E39/><V9/><F6/><W132/><G132/><T107/><D107/><U108/><E108/><V117/><F117/><W26/><G26/><AGARI ba="0,0" hai="7,9,13,23,26,28,45,46,47,76,81,86,89,90" machi="26" ten="40,2600,0" yaku="8,1,52,1" doraHai="24" who="2" fromWho="3" sc="283,0,189,0,354,26,174,-26" owari="283,8.3,189,-21.1,380,48.0,148,-35.2" /></mjloggm>