<mjloggm ver="2.3"><GO type="225" lobby="0"/><UN n0="%E5%91%A8%E6%9D%B1" n1="%E3%83%96%E3%83%83%E3%83%91%E3%82%AA%E3%83%96%E3%83%81%E3%82%AD%E3%83%B3" n2="%E2%98%86%E5%B0%8F%E5%AD%A6%E7%94%B7%E7%94%9F%E2%98%86" n3="%E3%81%AF%E3%82%88%E3%81%8A%E3%81%98%E3%81%95%E3%82%93" dan="17,16,16,17" rate="2159.88,2150.27,2091.71,2156.06" sx="M,M,M,M"/><TAIKYOKU oya="0"/><INIT seed="0,0,0,0,3,4" ten="250,250,250,250" oya="0" hai0="128,135,85,116,36,55,134,78,81,87,69,45,40" hai1="102,125,46,89,54,11,7,76,60,47,105,111,70" hai2="6,74,2,43,38,42,113,75,19,14,13,67,71" hai3="9,68,35,114,90,80,18,58,84,103,126,62,49"/><T119/><D69/><U32/><E32/><V72/><F113/><W83/><G114/><T57/><D87/><U10/><E111/><V86/><F2/><W82/><G35/><T93/><D93/><U8/><E125/><V22/><F38/><W132/><G126/><T79/><D79/><U12/><E76/><V122/><F122/><W56/><G132/><N who="0" m="50731" /><D128/><U73/><E73/><V129/><F129/><W52/><G68/><T92/><D92/><U31/><E31/><V133/><F133/><W53/><G103/><T77/><D77/><U120/><E120/><V3/><F3/><W112/><G112/><T17/><D17/><U95/><E105/><V21/><F86/><W88/><G90/><T63/><AGARI ba="0,0" hai="36,40,45,55,57,63,78,81,85,116,119" m="50731" machi="63" ten="30,1500,0" yaku="20,1" doraHai="4" who="0" fromWho="0" sc="250,15,250,-5,250,-5,250,-5" /><INIT seed="0,1,0,5,0,81" ten="265,245,245,245" oya="0" hai0="109,40,120,50,33,113,129,85,110,9,30,41,19" hai1="133,0,121,78,77,1,117,72,74,135,31,28,39" hai2="132,70,53,128,111,44,22,125,124,11,54,4,3" hai3="84,2,55,127,49,56,24,88,96,98,108,76,90"/><T17/><D120/><U64/><E39/><V32/><F32/><W38/><G38/><T51/><D113/><U34/><E34/><V68/><F111/><N who="0" m="42506" /><D129/><U59/><E64/><V7/><F128/><W112/><G112/><T119/><D119/><U95/><E95/><V29/><F132/><W42/><G108/><T37/><D37/><U13/><E117/><V86/><F7/><W82/><G2/><T97/><D97/><N who="3" m="37481" /><G127/><N who="2" m="48713" /><F44/><N who="3" m="25751" /><G24/><N who="0" m="18631" /><D9/><U89/><E121/><V62/><F86/><W23/><G23/><T79/><D41/><U99/><E99/><V52/><F62/><AGARI ba="1,0" hai="55,56,62,76,82,84,88,90" m="25751,37481" machi="62" ten="30,3900,0" yaku="8,1,52,1,54,1" doraHai="81" who="3" fromWho="2" sc="265,0,245,0,245,-42,245,42" /><INIT seed="1,0,0,5,0,84" ten="265,245,203,287" oya="1" hai0="115,106,108,59,26,13,7,56,88,44,16,49,94" hai1="127,75,70,130,105,36,60,90,76,63,100,131,86" hai2="25,1,67,83,116,27,29,95,73,2,99,132,38" hai3="17,110,53,69,42,135,6,39,114,134,28,68,31"/><U0/><E0/><V24/><F116/><W43/><G114/><T113/><D106/><U112/><E36/><V23/><F38/><W82/><G110/><T111/><D7/><U51/><E70/><V8/><F132/><N who="3" m="50731" /><G6/><T129/><D26/><U4/><E4/><V66/><F1/><W122/><G122/><T50/><D129/><N who="1" m="49163" /><E112/><V34/><F2/><W40/><G39/><T52/><D115/><U54/><E127/><V107/><F8/><W104/><G104/><T37/><D37/><U81/><E100/><V71/><F107/><W85/><G17/><T19/><D113/><U123/><E105/><V20/><F71/><N who="3" m="27211" /><G53/><N who="0" m="31791" /><D44/><N who="1" m="28007" /><E123/><V91/><F34/><W78/><AGARI ba="0,0" hai="28,31,40,42,43,78,82,85" m="27211,50731" machi="78" ten="40,1500,0" yaku="20,1" doraHai="84" who="3" fromWho="3" sc="265,-4,245,-7,203,-4,287,15" /><INIT seed="2,0,0,2,2,99" ten="261,238,199,302" oya="2" hai0="123,51,36,12,7,48,115,105,16,89,93,116,95" hai1="10,73,63,46,14,114,83,9,24,11,1,2,42" hai2="128,110,86,117,125,120,60,101,124,84,8,74,45" hai3="130,121,102,78,80,109,15,122,26,19,113,59,90"/><V112/><F120/><W17/><G109/><T58/><D36/><U23/><E114/><V57/><F117/><W5/><G113/><T62/><D105/><U67/><E73/><V35/><F112/><W69/><G69/><T13/><D116/><U43/><E83/><V29/><F74/><W96/><G130/><T77/><D77/><U107/><E107/><V53/><F128/><W118/><G118/><T87/><D115/><U129/><E129/><V92/><F110/><W88/><G121/><T81/><D123/><U65/><E2/><V49/><F8/><N who="1" m="3177" /><E1/><V37/><F37/><W31/><G5/><T131/><D7/><N who="1" m="3455" /><E63/><V94/><F29/><W85/><G122/><T30/><D13/><U76/><E76/><V21/><F35/><W55/><G15/><T133/><D131/><U47/><E47/><V0/><F0/><W72/><G31/><T27/><D133/><U6/><E6/><V66/><F21/><N who="3" m="13615" /><G19/><T75/><D75/><U64/><E46/><V70/><F70/><W18/><G18/><AGARI ba="0,0" hai="18,23,24,42,43,64,65,67" m="3455,3177" machi="18" ten="30,1000,0" yaku="8,1" doraHai="99" who="1" fromWho="3" sc="261,0,238,10,199,0,302,-10" /><INIT seed="3,0,0,4,5,60" ten="261,248,199,292" oya="3" hai0="111,12,22,59,25,100,34,55,91,52,35,39,45" hai1="127,84,88,27,89,107,122,134,96,103,65,29,128" hai2="44,13,95,58,104,0,6,82,85,130,124,131,37" hai3="123,70,74,93,9,126,51,57,7,14,1,46,69"/><W66/><G123/><T47/><D111/><U68/><E122/><V3/><F104/><W102/><G74/><T64/><D100/><U56/><E127/><V78/><F124/><W42/><G126/><T105/><D105/><U90/><E128/><N who="2" m="49195" /><F58/><W17/><G57/><T21/><D39/><U114/><E134/><V43/><F95/><W116/><G116/><T20/><D25/><U94/><E56/><V28/><F28/><W129/><G129/><T99/><D12/><U33/><E114/><V101/><F101/><W109/><G109/><T97/><D91/><U18/><E18/><V106/><F106/><W125/><G125/><T132/><D132/><U83/><E94/><V72/><F72/><W135/><G135/><T62/><D35/><U115/><E115/><V53/><F53/><N who="0" m="20554" /><D34/><U11/><E11/><AGARI ba="0,0" hai="0,3,6,11,13,37,43,44,78,82,85" m="49195" machi="11" ten="30,1000,0" yaku="19,1" doraHai="60" who="2" fromWho="1" sc="261,0,248,-10,199,10,292,0" /><INIT seed="4,0,0,1,0,63" ten="261,238,209,292" oya="0" hai0="27,33,49,97,109,46,52,135,2,20,128,25,70" hai1="61,30,57,74,60,82,121,79,38,68,64,14,96" hai2="122,11,103,72,78,119,10,71,132,12,95,3,13" hai3="115,112,94,67,110,102,36,75,124,42,55,125,65"/><T117/><D117/><U76/><E121/><V66/><F122/><W73/><G110/><T5/><D109/><U59/><E38/><V26/><F119/><W41/><G55/><T8/><D128/><U126/><E126/><N who="3" m="48746" /><G94/><T101/><D135/><U134/><E134/><V24/><F132/><W93/><G93/><T51/><D70/><U87/><E30/><V91/><F3/><W29/><G29/><T39/><D39/><U123/><E123/><V7/><F103/><W0/><G0/><T44/><D33/><U43/><E43/><N who="3" m="16394" /><G102/><T99/><D101/><U53/><E96/><V54/><F54/><W106/><G106/><T127/><D127/><U21/><E74/><N who="3" m="28170" /><G36/><T81/><D97/><U113/><E113/><AGARI ba="0,0" hai="65,67,112,113,115" m="28170,16394,48746" machi="113" ten="40,12000,2" yaku="28,2,15,1,18,1,52,2" doraHai="63" who="3" fromWho="1" sc="261,0,238,-120,209,0,292,120" owari="261,6.1,118,-38.2,209,-19.1,412,51.2" /></mjloggm>