<mjloggm ver="2.3"><GO type="225" lobby="0"/><UN n0="%E3%83%96%E3%83%83%E3%83%91%E3%82%AA%E3%83%96%E3%83%81%E3%82%AD%E3%83%B3" n1="%E3%82%B2%E3%82%B9%E8%8C%82%E5%8B%9D" n2="%E3%81%95%E3%81%8D%E3%81%9F%E3%81%BE%E6%9E%97%E6%AA%8E" n3="%E9%A6%AC%E5%BC%95%E7%81%AB%33" dan="16,16,16,16" rate="2128.35,2115.65,2117.27,2120.91" sx="M,F,M,M"/><TAIKYOKU oya="0"/><INIT seed="0,0,0,3,3,38" ten="250,250,250,250" oya="0" hai0="111,79,135,53,48,35,32,44,28,43,106,4,82" hai1="30,40,77,76,34,11,58,9,104,69,1,64,52" hai2="96,91,128,45,112,57,123,133,55,118,99,114,31" hai3="119,3,110,61,78,15,36,26,62,113,68,0,19"/><T18/><D135/><U93/><E104/><V122/><F31/><W126/><G119/><T5/><D106/><U71/><E30/><V88/><F45/><W21/><G113/><N who="2" m="43625" /><F57/><W8/><G110/><T50/><D111/><U105/><E105/><V54/><F133/><W29/><G126/><T6/><D18/><U103/><E34/><V90/><F128/><W85/><G36/><T33/><D28/><U22/><E22/><V13/><F13/><W127/><G127/><T16/><D16/><U14/><E1/><V20/><F20/><W51/><G51/><T120/><D120/><N who="2" m="46122" /><F118/><W100/><G3/><T109/><D109/><U97/><E9/><V130/><F130/><W115/><G68/><T134/><D134/><U107/><E107/><V67/><F67/><W66/><G66/><T121/><D121/><U56/><E56/><V132/><F132/><W47/><G115/><T92/><D92/><U102/><E71/><V49/><F49/><W65/><G65/><T89/><D89/><N who="1" m="55471" /><E64/><V63/><F63/><W108/><G62/><T2/><D2/><U84/><E69/><V101/><F101/><W27/><G100/><T59/><REACH who="0" step="1"/><D35/><REACH who="0" ten="240,250,250,250" step="2"/><U12/><E102/><V73/><F73/><AGARI ba="0,1" hai="4,5,6,32,33,43,44,48,50,53,59,73,79,82" machi="73" ten="40,7700,0" yaku="1,1,2,1,52,1,53,0" doraHai="38" doraHaiUra="87" who="0" fromWho="2" sc="240,87,250,0,250,-77,250,0" /><INIT seed="0,1,0,4,1,82" ten="327,250,173,250" oya="0" hai0="8,19,27,45,39,83,16,52,49,80,92,5,93" hai1="69,75,119,20,9,95,51,105,127,0,54,66,97" hai2="31,65,14,50,6,126,29,110,43,106,44,15,133" hai3="109,86,53,79,36,57,17,134,21,62,107,24,13"/><T72/><D39/><U128/><E119/><V104/><F110/><W18/><G109/><T48/><D80/><U85/><E75/><V22/><F133/><W135/><G107/><T28/><D72/><U47/><E127/><V32/><F126/><W125/><G125/><T81/><D81/><U103/><E128/><V120/><F120/><W77/><G86/><T35/><D83/><U116/><E116/><V88/><F65/><W42/><G42/><T68/><D68/><U23/><E66/><V121/><F121/><W124/><G36/><T89/><D49/><U108/><E69/><V114/><F114/><W70/><G70/><T46/><D46/><U61/><E61/><V30/><F32/><W3/><G3/><T12/><REACH who="0" step="1"/><D93/><REACH who="0" ten="317,250,173,250" step="2"/><U58/><E108/><V122/><F122/><W130/><G124/><T115/><D115/><U91/><E47/><V100/><F106/><W129/><G79/><T123/><D123/><U112/><E112/><V60/><F104/><W74/><G77/><T113/><D113/><U132/><E132/><N who="3" m="50730" /><G74/><T78/><D78/><U2/><E105/><V1/><F50/><W76/><G76/><T25/><D25/><U40/><E51/><V117/><F44/><W67/><G24/><T11/><D11/><U4/><E9/><V33/><F117/><W41/><G130/><T118/><D118/><U59/><E95/><V64/><F43/><W96/><G41/><T37/><D37/><U102/><E40/><V10/><F10/><W87/><G129/><T7/><D7/><U71/><E4/><V63/><F6/><W90/><G62/><RYUUKYOKU ba="1,1" sc="317,30,250,-10,173,-10,250,-10" hai0="5,8,12,16,19,27,28,35,45,48,52,89,92" /><INIT seed="0,2,1,5,3,123" ten="347,240,163,240" oya="0" hai0="84,120,56,125,74,117,51,88,53,54,128,11,9" hai1="16,63,32,82,131,114,135,95,45,107,79,77,90" hai2="7,122,127,102,108,64,52,15,21,75,111,99,80" hai3="31,4,22,13,44,67,109,47,71,34,33,40,12"/><T6/><D120/><U30/><E135/><V78/><F127/><W116/><G116/><T81/><D125/><U134/><E131/><V130/><F130/><W49/><G71/><T59/><D128/><U39/><E134/><V106/><F122/><W101/><G67/><T38/><D117/><U87/><E114/><V50/><F64/><W19/><G101/><T85/><D38/><U23/><E107/><V27/><F15/><W60/><G60/><T25/><D74/><U61/><E77/><V98/><F7/><W5/><G31/><T66/><D66/><U68/><E68/><V0/><F0/><W37/><G5/><T36/><D36/><U69/><E69/><V42/><F42/><W72/><G72/><T20/><D85/><U58/><E58/><V73/><F73/><W112/><G112/><T17/><REACH who="0" step="1"/><D6/><REACH who="0" ten="337,240,163,240" step="2"/><U24/><E39/><V76/><F99/><W103/><G4/><T86/><D86/><U28/><E79/><V46/><REACH who="2" step="1"/><F78/><REACH who="2" ten="337,240,153,240" step="2"/><W70/><G37/><T10/><D10/><U62/><E87/><V89/><F89/><W35/><G70/><T118/><D118/><U26/><E90/><V18/><AGARI ba="2,3" hai="18,21,27,46,50,52,75,76,80,98,102,106,108,111" machi="18" ten="30,12000,2" yaku="1,1,0,1,52,2,54,1,53,2" doraHai="123" doraHaiUra="121" who="2" fromWho="2" sc="337,-62,240,-32,153,156,240,-32" /><INIT seed="1,0,0,0,1,9" ten="275,208,309,208" oya="1" hai0="16,72,67,27,116,35,26,66,31,12,57,96,130" hai1="4,7,114,33,123,29,22,63,104,105,132,120,34" hai2="129,111,69,70,38,135,52,68,119,127,97,0,55" hai3="98,44,71,91,62,109,37,59,87,36,30,6,54"/><U124/><E114/><V42/><F0/><W45/><G109/><T79/><D116/><U84/><E124/><V86/><F86/><W24/><G71/><T60/><D130/><U90/><E63/><V88/><F119/><W65/><G6/><T101/><D27/><U19/><E132/><V3/><F3/><W18/><G18/><T76/><D67/><U56/><E56/><V107/><F107/><W95/><G45/><T75/><D75/><U93/><E120/><V121/><F121/><W13/><G13/><T51/><D51/><U102/><E123/><V48/><F127/><W58/><G44/><T20/><REACH who="0" step="1"/><D72/><REACH who="0" ten="265,208,309,208" step="2"/><U106/><E29/><V23/><F48/><W103/><G24/><T41/><D41/><U92/><E33/><V115/><F42/><W113/><G30/><T46/><D46/><U100/><E34/><V131/><F38/><W134/><G113/><T85/><D85/><U21/><E104/><AGARI ba="0,1" hai="12,16,20,26,31,35,57,60,66,76,79,96,101,104" machi="104" ten="30,7700,0" yaku="1,1,7,1,52,1,54,1,53,0" doraHai="9" doraHaiUra="64" who="0" fromWho="1" sc="265,87,208,-77,309,0,208,0" /><INIT seed="2,0,0,5,1,77" ten="352,131,309,208" oya="2" hai0="117,90,39,79,61,9,108,15,134,114,27,38,33" hai1="58,135,102,68,26,50,126,3,24,101,97,131,98" hai2="57,22,47,113,7,16,69,63,29,132,49,45,105" hai3="92,122,121,112,110,66,99,94,53,13,93,89,106"/><V25/><F105/><W100/><G66/><T2/><D114/><U51/><E68/><V78/><F132/><W119/><G53/><T104/><D104/><U85/><E3/><V133/><F133/><W32/><G13/><T44/><D134/><U52/><E135/><V116/><F116/><W35/><G35/><T88/><D2/><U120/><E131/><V82/><F69/><W130/><G32/><T107/><D117/><U21/><E126/><V10/><F113/><W6/><G6/><T1/><D1/><U43/><E120/><V42/><F45/><W31/><G31/><T19/><D107/><U70/><E70/><V73/><F29/><W118/><G130/><T60/><D108/><U64/><E64/><V36/><F49/><W84/><G112/><T14/><D79/><U72/><E72/><V5/><REACH who="2" step="1"/><F10/><REACH who="2" ten="352,131,299,208" step="2"/><W34/><G106/><T62/><D44/><U11/><E11/><V96/><F96/><W75/><G99/><T65/><D9/><U40/><E21/><V115/><F115/><W125/><G119/><T37/><D33/><U86/><REACH who="1" step="1"/><E58/><REACH who="1" ten="352,121,299,208" step="2"/><V4/><F4/><W109/><G118/><T80/><D65/><AGARI ba="0,2" hai="5,7,16,22,25,36,42,47,57,63,65,73,78,82" machi="65" ten="30,11600,0" yaku="1,1,7,1,52,1,54,1,53,0" doraHai="77" doraHaiUra="30" who="2" fromWho="0" sc="352,-116,121,0,299,136,208,0" /><INIT seed="2,1,0,1,4,105" ten="236,121,435,208" oya="2" hai0="1,78,68,29,24,10,42,6,53,62,92,55,40" hai1="134,130,117,71,45,36,56,0,35,107,111,82,70" hai2="19,122,103,17,37,22,115,129,77,58,51,116,123" hai3="7,106,60,102,46,25,33,21,5,67,44,11,118"/><V16/><F115/><W15/><G118/><T75/><D92/><U128/><RYUUKYOKU type="yao9" ba="1,0" sc="236,0,121,0,435,0,208,0" hai1="0,35,36,45,56,70,71,82,107,111,117,128,130,134" /><INIT seed="2,2,0,5,3,91" ten="236,121,435,208" oya="2" hai0="63,122,75,35,52,40,102,121,87,110,70,67,17" hai1="103,77,131,49,118,46,55,88,105,129,95,37,21" hai2="64,133,20,119,73,83,14,27,94,134,117,3,23" hai3="82,74,113,38,15,128,69,79,7,28,22,115,76"/><V8/><F64/><W96/><G128/><N who="1" m="49226" /><E118/><N who="2" m="45067" /><F83/><W72/><G38/><T2/><D75/><U50/><E77/><V47/><F47/><W97/><G69/><T62/><D110/><U45/><E37/><V56/><F56/><W0/><G0/><T51/><D2/><U125/><E125/><V104/><F104/><W120/><G120/><N who="0" m="46187" /><D35/><U123/><E123/><V44/><F44/><W101/><G28/><T9/><D40/><N who="1" m="24743" /><E21/><V39/><F39/><W109/><G109/><T107/><D63/><U99/><E105/><V59/><F59/><W127/><G127/><T89/><D107/><U25/><E25/><V114/><F23/><W54/><G22/><T65/><D62/><U116/><E116/><V58/><F58/><W24/><G24/><T36/><D36/><U10/><E10/><V93/><F73/><W112/><G79/><T31/><D9/><U78/><E78/><V11/><F11/><N who="3" m="4607" /><G74/><T124/><D124/><U18/><E18/><N who="2" m="12695" /><F3/><W42/><G42/><T61/><D61/><U12/><E12/><V6/><F114/><W32/><G32/><T48/><D67/><U111/><E111/><V90/><F90/><AGARI ba="2,0" hai="46,50,55,88,90,95,99,103" m="24743,49226" machi="90" ten="30,3900,0" yaku="19,1,52,1,54,1" doraHai="91" who="1" fromWho="2" sc="236,0,121,45,435,-45,208,0" /><INIT seed="3,0,0,1,3,102" ten="236,166,390,208" oya="3" hai0="124,42,115,96,45,90,35,79,85,92,71,113,9" hai1="103,40,133,14,111,18,29,25,70,7,125,94,77" hai2="101,31,93,97,116,50,36,99,22,53,76,46,60" hai3="68,37,104,114,56,91,8,6,84,23,11,47,112"/><W73/><G73/><T135/><D71/><U130/><E70/><V64/><F116/><W12/><G68/><T134/><D35/><U122/><E122/><V48/><F64/><W5/><G104/><T41/><D124/><U16/><E125/><V62/><F36/><W32/><G32/><T78/><D9/><U109/><E40/><N who="0" m="15465" /><D45/><U132/><E77/><N who="0" m="29193" /><D96/><U38/><E38/><V123/><F76/><W39/><G23/><T15/><D15/><U1/><E94/><V34/><F34/><W27/><G27/><T107/><D107/><U54/><E103/><V121/><F97/><W127/><G127/><T43/><D43/><U61/><E54/><V98/><F50/><W17/><G56/><T74/><D74/><U88/><E61/><V21/><F99/><W118/><G118/><T59/><D59/><U3/><E88/><V51/><F51/><W10/><G39/><T106/><D106/><U2/><E130/><V13/><F13/><W105/><G105/><T75/><D75/><U65/><E65/><V26/><F22/><W4/><G47/><T95/><D95/><U66/><E66/><V72/><F72/><W19/><G37/><T67/><D67/><U81/><E81/><V28/><F28/><W58/><G58/><T55/><D55/><U24/><E7/><V80/><F80/><W69/><G69/><T0/><D92/><U83/><E83/><V63/><AGARI ba="0,0" hai="21,26,31,46,48,53,60,62,63,93,98,101,121,123" machi="63" ten="30,1100,0" yaku="0,1" doraHai="102" who="2" fromWho="2" sc="236,-3,166,-3,390,11,208,-5" owari="233,3.3,163,-33.7,401,50.1,203,-19.7" /></mjloggm>