<mjloggm ver="2.3"><GO type="225" lobby="0"/><UN n0="%E5%B8%86%E7%AB%8B%E5%A4%8F%E8%A1%A3" n1="%E7%B4%94%E6%BD%94%E3%83%94%E3%83%A9%E3%83%8B%E3%82%A2" n2="%E6%A1%9C%E8%8A%B1%E9%96%83%E3%80%85" n3="%E7%99%BD%E5%80%89%E5%AF%9B%E4%B9%8B" dan="17,16,16,16" rate="2182.72,2138.80,2146.18,2122.26" sx="M,M,M,M"/><TAIKYOKU oya="0"/><INIT seed="0,0,0,3,3,15" ten="250,250,250,250" oya="0" hai0="132,0,37,76,38,6,119,2,97,48,123,79,43" hai1="120,70,13,135,53,9,68,106,73,124,67,98,8" hai2="125,110,94,5,78,11,83,44,121,105,10,12,55" hai3="71,18,109,26,107,3,56,52,54,100,47,1,72"/><T28/><D119/><U111/><E120/><V35/><F121/><W77/><G71/><T30/><D123/><U64/><E73/><V59/><F105/><W91/><G109/><T23/><D48/><U21/><E111/><V128/><F110/><W61/><G91/><T36/><D43/><U85/><E85/><V17/><F128/><W92/><G107/><T131/><D6/><U101/><E53/><V87/><F125/><W93/><G47/><T130/><D23/><U116/><E116/><V88/><F35/><W31/><G54/><T57/><D57/><U69/><E124/><V45/><F11/><W66/><G66/><T51/><D51/><U81/><E81/><V102/><F102/><W113/><G113/><T114/><D97/><U29/><E135/><V134/><F5/><W60/><G60/><T63/><D63/><U40/><E40/><V33/><F33/><W89/><G31/><N who="0" m="11819" /><D114/><U112/><E112/><V42/><F134/><W129/><G129/><N who="0" m="49163" /><D132/><U96/><E98/><N who="2" m="57671" /><F42/><W75/><G100/><T20/><D20/><U14/><E21/><V46/><F59/><W115/><G115/><T118/><D118/><U127/><E127/><V50/><AGARI ba="0,0" hai="10,12,17,44,45,46,50,55,78,83,87" m="57671" machi="50" ten="30,4000,0" yaku="8,1,52,1,54,1" doraHai="15" who="2" fromWho="2" sc="250,-20,250,-10,250,40,250,-10" /><INIT seed="1,0,0,1,3,63" ten="230,240,290,240" oya="1" hai0="130,96,36,37,92,55,127,81,132,115,87,113,62" hai1="57,116,1,51,122,98,15,60,59,76,28,68,16" hai2="43,9,61,118,48,99,72,107,80,84,117,33,79" hai3="58,77,100,29,64,83,3,106,32,93,108,27,119"/><U47/><E1/><V46/><F33/><W133/><G3/><T44/><D127/><U109/><E116/><V5/><F72/><W78/><G119/><T88/><D132/><U24/><E122/><V95/><F107/><W20/><G133/><T103/><D130/><U14/><E76/><V30/><F30/><W56/><G108/><T111/><D111/><U121/><E121/><V125/><F125/><W105/><G56/><T39/><D62/><U19/><E109/><V126/><F126/><W7/><G7/><T85/><D55/><U11/><E98/><V25/><F25/><W70/><G70/><T104/><REACH who="0" step="1"/><D44/><REACH who="0" ten="220,240,290,240" step="2"/><U54/><E60/><V38/><F61/><N who="3" m="37943" /><G32/><T82/><D82/><U10/><E68/><V52/><F52/><W22/><G83/><T101/><D101/><U89/><E89/><AGARI ba="0,1" hai="36,37,39,81,85,87,88,89,92,96,103,104,113,115" machi="89" ten="40,2600,0" yaku="1,1,54,1,53,0" doraHai="63" doraHaiUra="114" who="0" fromWho="1" sc="220,36,240,-26,290,0,240,0" /><INIT seed="2,0,0,0,2,106" ten="256,214,290,240" oya="2" hai0="135,102,63,95,39,56,80,12,125,1,52,49,96" hai1="16,97,57,30,31,42,71,64,51,38,53,32,35" hai2="134,132,14,127,21,3,18,11,99,114,108,85,91" hai3="46,24,45,109,41,65,107,87,86,115,69,94,120"/><V5/><F114/><W13/><G107/><T117/><D39/><U36/><E32/><V82/><F127/><W128/><G120/><T133/><D1/><U37/><E35/><V17/><F108/><W83/><G115/><T59/><D125/><U27/><E97/><V60/><F60/><W130/><G109/><T62/><D117/><U29/><E71/><V111/><F111/><W26/><G13/><T104/><D104/><U113/><E64/><V126/><F126/><W75/><G65/><T19/><D80/><U124/><E124/><V9/><REACH who="2" step="1"/><F99/><REACH who="2" ten="256,214,280,240" step="2"/><W55/><G128/><T103/><D63/><U122/><E113/><V43/><F43/><W93/><G130/><T0/><D135/><U79/><E122/><V129/><F129/><W34/><G41/><T25/><D133/><U121/><E121/><V20/><F20/><W47/><G34/><T118/><D118/><U67/><E67/><V48/><F48/><W89/><G55/><T22/><D62/><U2/><E42/><V33/><F33/><W110/><G110/><T73/><D52/><U112/><E112/><V58/><F58/><W72/><G69/><T28/><D49/><U100/><E100/><V23/><F23/><W105/><G105/><T92/><D59/><U90/><E36/><V68/><F68/><W88/><G83/><T78/><D56/><U8/><E37/><V70/><F70/><W7/><G47/><T50/><D50/><U54/><E38/><V98/><F98/><W44/><G44/><T123/><D123/><U4/><E54/><V61/><F61/><W101/><G101/><RYUUKYOKU ba="0,1" sc="256,-15,214,-15,280,15,240,15" hai2="3,5,9,11,14,17,18,21,82,85,91,132,134" hai3="7,24,26,45,46,72,75,86,87,88,89,93,94" /><INIT seed="2,1,1,1,1,44" ten="241,199,295,255" oya="2" hai0="41,135,117,55,29,33,70,3,118,109,22,40,93" hai1="62,71,119,69,132,8,83,110,64,89,82,127,5" hai2="133,131,57,94,115,14,6,103,48,66,77,104,13" hai3="128,130,88,67,124,32,122,129,75,58,96,38,54"/><V92/><F115/><W42/><G32/><T0/><D33/><U65/><E119/><N who="0" m="45577" /><D109/><U86/><E110/><V125/><F125/><W37/><G124/><T31/><D135/><U49/><E127/><V47/><F133/><W84/><G122/><T12/><D70/><U10/><E132/><V99/><F131/><W95/><G75/><T105/><D105/><U85/><E5/><V45/><F77/><W79/><G67/><T114/><D114/><U36/><E36/><V52/><F47/><W15/><G42/><N who="0" m="16491" /><D55/><U2/><E2/><N who="0" m="553" /><D93/><U80/><E80/><V53/><F66/><W112/><G112/><T123/><D123/><U35/><E35/><V16/><F6/><W26/><G26/><T11/><D22/><U74/><E74/><V24/><F24/><W87/><G15/><T68/><D68/><U98/><E98/><V27/><F27/><W7/><G7/><AGARI ba="1,1" hai="7,11,12,29,31" m="553,16491,45577" machi="7" ten="30,1000,0" yaku="12,1" doraHai="44" who="0" fromWho="3" sc="241,23,199,0,295,0,255,-13" /><INIT seed="3,0,0,4,1,54" ten="264,199,295,242" oya="3" hai0="67,36,89,101,31,56,109,120,113,45,39,110,35" hai1="50,7,10,65,117,114,29,58,28,87,106,11,15" hai2="130,27,63,108,80,83,75,128,19,57,91,37,107" hai3="125,14,3,16,104,51,84,129,8,85,112,32,2"/><W74/><G74/><T55/><D101/><U62/><E114/><V23/><F108/><N who="0" m="41578" /><D89/><U40/><E117/><V102/><F37/><N who="0" m="14410" /><D31/><U124/><E106/><V71/><F71/><W97/><G32/><T94/><D94/><U22/><E124/><V90/><F107/><W25/><G112/><T119/><D35/><U46/><E22/><V47/><F47/><W34/><G125/><T95/><D95/><U42/><E42/><V93/><F102/><W66/><G129/><N who="2" m="49769" /><F75/><W103/><G34/><T18/><D18/><U70/><E70/><V52/><F91/><W126/><G126/><T121/><D119/><U0/><REACH who="1" step="1"/><E87/><AGARI ba="0,0" hai="19,23,27,52,57,63,80,83,87,90,93" m="49769" machi="87" ten="30,3900,0" yaku="19,1,52,1,54,1" doraHai="54" who="2" fromWho="1" sc="264,0,199,-39,295,39,242,0" owari="264,6.4,160,-34.0,334,43.4,242,-15.8" /></mjloggm>