<mjloggm ver="2.3"><GO type="225" lobby="0"/><UN n0="%E3%83%96%E3%83%83%E3%83%91%E3%82%AA%E3%83%96%E3%83%81%E3%82%AD%E3%83%B3" n1="%E3%81%BF%E3%81%BF%E3%81%9A" n2="%E6%81%A5%E6%99%92%E3%81%97" n3="%E5%91%A8%E6%9D%B1" dan="16,17,16,16" rate="2158.98,2252.01,2039.89,2156.78" sx="M,M,M,M"/><TAIKYOKU oya="0"/><INIT seed="0,0,0,1,4,130" ten="250,250,250,250" oya="0" hai0="122,50,107,13,78,16,31,4,73,57,77,46,80" hai1="39,38,61,26,112,119,121,47,51,60,82,12,71" hai2="114,48,99,109,7,91,3,40,24,75,22,129,34" hai3="19,87,58,120,127,76,14,9,41,74,15,132,135"/><T116/><D116/><U32/><E12/><V97/><F114/><W30/><G120/><T90/><D122/><U101/><E82/><V118/><F75/><W53/><G127/><T20/><D107/><U105/><E119/><V88/><F118/><W6/><G30/><T18/><D4/><U56/><E121/><V25/><F129/><W45/><G74/><T104/><D104/><U81/><E81/><V102/><F109/><W8/><G87/><T28/><D57/><U43/><E112/><V35/><F7/><W123/><G76/><T52/><D78/><U69/><E26/><V108/><F108/><W117/><G123/><T0/><D0/><U125/><E101/><V55/><F40/><W79/><G79/><T10/><REACH who="0" step="1"/><D90/><REACH who="0" ten="240,250,250,250" step="2"/><U33/><E105/><V63/><F91/><W72/><G117/><T68/><D68/><N who="1" m="26187" /><E125/><V59/><F88/><W11/><G72/><T27/><AGARI ba="0,1" hai="10,13,16,18,20,27,28,31,46,50,52,73,77,80" machi="27" ten="20,18000,2" yaku="1,1,0,1,7,1,54,2,53,1" doraHai="130" doraHaiUra="106" who="0" fromWho="0" sc="240,190,250,-60,250,-60,250,-60" /><INIT seed="0,1,0,4,4,63" ten="430,190,190,190" oya="0" hai0="54,65,59,131,82,51,4,8,55,128,40,115,121" hai1="91,2,125,74,135,45,60,124,0,15,41,83,22" hai2="57,25,69,47,26,101,7,24,9,30,44,19,99" hai3="129,70,103,16,80,110,86,61,21,93,31,29,34"/><T42/><D115/><U109/><E109/><V79/><F69/><W89/><G110/><T78/><D121/><U81/><E135/><V116/><F116/><W56/><G129/><N who="0" m="49739" /><D82/><U96/><E60/><V94/><F19/><W95/><G70/><T84/><D84/><U20/><E96/><V123/><F123/><W39/><G39/><T3/><D78/><U32/><E32/><V18/><F18/><W104/><G104/><T111/><D111/><U113/><E113/><V97/><F30/><N who="3" m="11275" /><G103/><T33/><D33/><U87/><E15/><V64/><F79/><W58/><G34/><T117/><D117/><U108/><E108/><V120/><F120/><W102/><G102/><T133/><D133/><U5/><E81/><V127/><F127/><N who="1" m="48713" /><E74/><V11/><F99/><W85/><G85/><T98/><D98/><U27/><E5/><V23/><F23/><N who="1" m="8745" /><E27/><V66/><F7/><W72/><G72/><T53/><D51/><AGARI ba="1,0" hai="0,2,41,45,51,83,87,91" m="8745,48713" machi="51" ten="30,1000,0" yaku="18,1" doraHai="63" who="1" fromWho="0" sc="430,-13,190,13,190,0,190,0" /><INIT seed="1,0,0,2,3,124" ten="417,203,190,190" oya="1" hai0="56,9,55,115,26,18,93,134,58,34,59,32,90" hai1="94,16,96,57,80,104,52,60,38,76,37,50,15" hai2="7,74,102,87,125,2,17,0,86,42,111,97,78" hai3="53,82,119,23,116,31,126,95,128,25,11,19,24"/><U13/><E104/><V79/><F125/><W8/><G126/><T118/><D115/><U44/><E13/><V69/><F69/><W98/><G82/><T81/><D118/><N who="3" m="45097" /><G53/><T123/><D134/><U109/><E109/><V121/><F111/><W22/><G128/><T36/><D36/><U28/><E28/><V105/><F121/><W64/><G64/><T51/><D123/><U133/><E133/><V35/><F42/><W92/><G92/><T129/><D129/><U71/><E71/><V47/><F47/><W62/><G62/><T99/><D34/><U77/><E38/><V106/><F74/><W91/><AGARI ba="0,0" hai="8,11,19,22,23,24,25,31,91,95,98" m="45097" machi="91" ten="30,1100,0" yaku="12,1" doraHai="124" who="3" fromWho="3" sc="417,-3,203,-5,190,-3,190,11" /><INIT seed="2,0,0,2,2,28" ten="414,198,187,201" oya="2" hai0="126,37,115,17,134,43,47,70,69,40,52,18,53" hai1="33,99,20,101,95,48,133,36,68,39,51,10,91" hai2="93,61,2,122,29,57,79,80,118,44,84,88,21" hai3="87,12,113,64,7,121,103,78,62,19,131,112,82"/><V54/><F122/><W123/><G131/><T30/><D115/><N who="3" m="44105" /><G103/><T97/><D30/><U42/><E33/><V63/><F118/><W16/><G7/><T4/><D4/><U90/><E68/><V120/><F2/><W135/><G135/><T106/><D134/><U45/><E133/><V117/><F117/><W0/><G0/><T104/><D126/><U50/><E36/><V34/><F120/><N who="3" m="46155" /><G12/><T67/><D97/><U59/><E10/><V92/><F44/><W14/><G14/><T72/><D72/><U76/><E76/><V129/><F129/><W25/><G25/><T71/><D67/><U85/><E20/><V8/><F8/><W86/><G87/><T105/><D47/><U23/><E23/><V74/><F21/><W5/><G5/><T15/><D37/><U116/><E116/><V65/><F93/><W128/><G128/><T130/><D130/><U96/><E96/><V73/><F73/><W81/><G81/><T1/><D1/><U114/><E114/><V83/><F83/><W41/><G41/><N who="0" m="15947" /><D15/><U32/><E32/><V26/><REACH who="2" step="1"/><F63/><REACH who="2" ten="414,198,177,201" step="2"/><W11/><G11/><T9/><D9/><U24/><E24/><V124/><F124/><W49/><G49/><T110/><D105/><U22/><E22/><V100/><F100/><W58/><AGARI ba="0,1" hai="16,19,58,62,64,78,82,86" m="46155,44105" machi="58" ten="30,2000,0" yaku="11,1,54,1" doraHai="28" who="3" fromWho="3" sc="414,-5,198,-5,177,-10,201,30" /><INIT seed="3,0,0,0,2,75" ten="409,193,167,231" oya="3" hai0="70,85,20,40,22,58,27,119,125,99,72,134,94" hai1="21,16,121,31,86,113,117,92,127,15,32,122,4" hai2="135,34,82,107,33,132,44,1,46,104,49,7,124" hai3="61,84,90,0,23,11,76,81,69,114,74,118,128"/><W43/><G118/><T112/><D119/><U8/><E117/><V29/><F1/><W18/><G114/><T10/><D72/><U41/><E41/><V103/><F7/><W66/><G128/><T130/><D70/><U30/><E92/><V93/><F93/><W54/><G43/><T45/><D130/><U71/><E86/><V65/><F65/><W88/><G54/><T2/><D125/><U59/><E59/><V26/><F34/><W5/><REACH who="3" step="1"/><G74/><REACH who="3" ten="409,193,167,221" step="2"/><T39/><D40/><U62/><E113/><V25/><F132/><W51/><G51/><T102/><D134/><U35/><E127/><V115/><F135/><W19/><G19/><T38/><D112/><U64/><E122/><V83/><F115/><W17/><G17/><T14/><D38/><U56/><E121/><V24/><F124/><W97/><G97/><T28/><D99/><U63/><E30/><V3/><F49/><W126/><G126/><T110/><D28/><U78/><E31/><V36/><F29/><W109/><G109/><T68/><D39/><U101/><E32/><V48/><F33/><W120/><G120/><T9/><D110/><U53/><E35/><V133/><F133/><W37/><G37/><T106/><D22/><U96/><E21/><V13/><F48/><W98/><G98/><T91/><D20/><U52/><E16/><V111/><F36/><W80/><G80/><T131/><D131/><U89/><E53/><V116/><F111/><W95/><G95/><T55/><D94/><N who="1" m="56399" /><E101/><V77/><F103/><W47/><G47/><T50/><D45/><U100/><E100/><RYUUKYOKU ba="0,1" sc="409,-15,193,15,167,-15,221,15" hai1="4,8,15,52,56,62,63,64,71,78" hai3="0,5,11,18,23,61,66,69,76,81,84,88,90" /><INIT seed="3,1,1,5,2,8" ten="394,208,152,236" oya="3" hai0="128,109,6,66,97,118,121,85,52,64,49,39,70" hai1="3,122,119,1,129,133,18,82,10,73,9,75,110" hai2="43,13,126,28,57,99,72,42,14,65,115,32,130" hai3="48,45,26,94,112,0,58,23,88,108,34,59,84"/><W41/><G112/><T87/><D118/><U79/><E122/><V95/><F115/><W50/><G0/><T102/><D121/><U25/><E119/><V63/><F72/><W96/><G108/><T17/><D39/><U117/><E117/><V91/><F126/><W36/><G34/><T107/><D109/><U74/><E110/><V106/><F130/><W15/><G36/><T11/><D128/><U135/><E129/><V80/><F106/><W21/><G50/><T125/><D17/><U37/><E37/><V81/><F32/><W29/><G96/><T54/><D125/><U77/><E25/><V61/><F28/><W20/><G20/><T33/><D54/><U53/><E53/><V134/><F134/><N who="1" m="51209" /><E82/><N who="2" m="31851" /><F63/><W46/><G46/><T69/><D69/><U105/><E105/><V113/><F113/><W68/><G68/><T116/><D87/><U35/><E35/><V127/><F127/><W100/><G100/><T89/><D6/><N who="1" m="1231" /><E18/><AGARI ba="1,1" hai="15,18,21,23,26,29,41,45,48,58,59,84,88,94" machi="18" ten="40,7700,0" yaku="8,1,52,1,54,1" doraHai="8" who="3" fromWho="1" sc="394,0,208,-80,152,0,236,90" /><INIT seed="3,2,0,0,0,56" ten="394,128,152,326" oya="3" hai0="118,134,14,84,63,36,42,111,5,38,72,39,133" hai1="35,37,34,59,104,102,107,6,112,58,7,99,66" hai2="26,122,10,106,50,1,100,40,68,41,88,46,108" hai3="92,54,11,77,78,51,19,64,30,81,17,21,31"/><W22/><G11/><N who="0" m="4463" /><D118/><U29/><E112/><V71/><F108/><W57/><G64/><T25/><D72/><U125/><E37/><V18/><F122/><W90/><G81/><T103/><D111/><U91/><E125/><V126/><F126/><W110/><G110/><T96/><D84/><U24/><E104/><V16/><F41/><W32/><G32/><T119/><D119/><U52/><E34/><V129/><F129/><W114/><G114/><T93/><D63/><U8/><E91/><V45/><F45/><W67/><G67/><T3/><D25/><U97/><E97/><V70/><F88/><W73/><G73/><T80/><D80/><U85/><E85/><V65/><F65/><W124/><G124/><T98/><D98/><U94/><E107/><V105/><F100/><W79/><G90/><T86/><D86/><U27/><E27/><V12/><REACH who="2" step="1"/><F1/><REACH who="2" ten="394,128,142,326" step="2"/><W69/><G69/><T128/><D3/><U48/><REACH who="1" step="1"/><E8/><REACH who="1" ten="394,118,142,326" step="2"/><V15/><F15/><N who="3" m="9407" /><G92/><T76/><D93/><U2/><E2/><V89/><F89/><W33/><G33/><T113/><D103/><U49/><E49/><V121/><F121/><W62/><G51/><T60/><D38/><U83/><E83/><V55/><F55/><W28/><G79/><T117/><D36/><U47/><E47/><V74/><F74/><W95/><G95/><T123/><D76/><U0/><E0/><V53/><F53/><W131/><G131/><T82/><D39/><U116/><E116/><V132/><F132/><W43/><G43/><T75/><D42/><U9/><E9/><V23/><AGARI ba="2,2" hai="10,12,16,18,23,26,40,46,50,68,70,71,105,106" machi="23" ten="40,8000,1" yaku="1,1,5,1,0,1,54,1,53,0" doraHai="56" doraHaiUra="87" who="2" fromWho="2" sc="394,-22,118,-22,142,106,326,-42" owari="372,47.2,96,-40.4,248,-15.2,284,8.4" /></mjloggm>