<mjloggm ver="2.3"><GO type="225" lobby="0"/><UN n0="%E7%89%B9%E6%9D%B1%E3%81%AF%E4%B8%96%E7%95%8C%E3%82%92%E6%95%91%E3%81%86" n1="%E5%A4%8F%E9%88%B4%E9%88%B4%E5%A4%8F" n2="%E7%99%BD%E5%80%89%E5%AF%9B%E4%B9%8B" n3="%E3%83%96%E3%83%83%E3%83%91%E3%82%AA%E3%83%96%E3%83%81%E3%82%AD%E3%83%B3" dan="16,16,16,16" rate="2212.77,2140.59,2131.88,2142.11" sx="M,F,M,M"/><TAIKYOKU oya="0"/><INIT seed="0,0,0,0,1,123" ten="250,250,250,250" oya="0" hai0="34,135,3,96,39,76,112,99,42,92,132,126,107" hai1="30,35,116,114,50,90,134,103,93,65,40,106,100" hai2="38,109,88,70,105,52,41,120,60,133,47,86,85" hai3="75,62,59,56,32,5,24,117,31,21,28,53,48"/><T77/><D3/><U79/><E116/><V46/><F105/><W101/><G117/><T73/><D34/><U71/><E114/><V11/><F120/><W51/><G75/><T55/><D42/><U94/><E79/><N who="0" m="30281" /><D39/><U83/><E134/><N who="0" m="51241" /><D55/><U64/><E30/><V63/><F133/><W82/><G5/><T6/><D6/><U67/><E35/><V118/><F86/><W129/><G129/><T115/><D73/><U15/><E15/><V122/><F118/><W37/><G53/><T54/><D54/><U17/><E17/><V61/><F122/><W2/><G37/><T10/><D10/><U8/><E8/><V43/><F11/><W95/><G2/><T89/><D126/><U81/><E71/><V13/><F70/><W87/><G32/><T74/><D74/><U1/><E1/><V110/><F13/><W57/><G62/><T84/><D84/><N who="1" m="52423" /><E106/><V49/><REACH who="2" step="1"/><F43/><REACH who="2" ten="250,250,240,250" step="2"/><W58/><G87/><T9/><D9/><U19/><E40/><V25/><F25/><W66/><G24/><T22/><D22/><U33/><E33/><V130/><F130/><W97/><G66/><T29/><D29/><U78/><E64/><V98/><F98/><W36/><G97/><T121/><D121/><U108/><E65/><V91/><F91/><W104/><G31/><T4/><D4/><U119/><E67/><V7/><F7/><W26/><G28/><T14/><D14/><U124/><E119/><V23/><F23/><W72/><G21/><T16/><D16/><U111/><E19/><V113/><F113/><N who="0" m="43594" /><D99/><N who="1" m="59511" /><E124/><V102/><F102/><W68/><G101/><RYUUKYOKU ba="0,1" sc="250,15,250,-15,240,15,250,-15" hai0="89,92,96,107" hai2="38,41,46,47,49,52,60,61,63,85,88,109,110" /><INIT seed="0,1,1,3,3,8" ten="265,235,255,235" oya="0" hai0="9,104,65,107,98,111,64,4,58,119,134,105,2" hai1="130,128,69,124,45,0,89,3,70,66,133,121,38" hai2="49,51,102,87,63,101,74,26,29,39,44,14,17" hai3="50,76,86,40,43,12,24,1,129,18,81,95,61"/><T11/><D119/><U132/><E121/><V82/><F74/><W72/><G129/><N who="1" m="49770" /><E89/><N who="2" m="51447" /><F39/><W20/><G1/><N who="1" m="586" /><E66/><V83/><F83/><W106/><G106/><T37/><D37/><U42/><E124/><V94/><F63/><W125/><G125/><T90/><D134/><AGARI ba="1,1" hai="38,42,45,69,70,132,133,134" m="586,49770" machi="134" ten="40,5200,0" yaku="20,1,19,1,23,1" doraHai="8" who="1" fromWho="0" sc="265,-55,235,65,255,0,235,0" /><INIT seed="1,0,0,1,1,30" ten="210,300,255,235" oya="1" hai0="0,80,115,125,11,94,61,92,123,76,28,24,128" hai1="33,15,54,12,118,57,96,41,66,130,49,109,103" hai2="55,68,5,99,93,38,102,6,79,36,60,104,21" hai3="75,39,53,73,16,19,110,82,8,65,101,44,3"/><U78/><E118/><V112/><F112/><W35/><G110/><T87/><D115/><U120/><E120/><V81/><F104/><W67/><G101/><T70/><D123/><U108/><E130/><V131/><F131/><W18/><G35/><T47/><D128/><U50/><E78/><V45/><F21/><W72/><G82/><T106/><D106/><U1/><E1/><V121/><F121/><W14/><G3/><T42/><D125/><U34/><E66/><V77/><F77/><W119/><G119/><T111/><D111/><N who="1" m="42571" /><E49/><V91/><F38/><W29/><G29/><T122/><D122/><U9/><E41/><V17/><F36/><W63/><G39/><T43/><D61/><U2/><E2/><V32/><F60/><W7/><REACH who="3" step="1"/><G63/><REACH who="3" ten="210,300,255,225" step="2"/><T22/><D0/><U27/><E33/><V48/><F32/><W89/><G89/><T86/><D80/><U37/><E37/><V74/><F91/><W124/><G124/><T13/><D28/><N who="1" m="19743" /><E9/><V52/><F102/><W105/><G105/><AGARI ba="0,1" hai="12,15,50,54,57,96,103,105" m="19743,42571" machi="105" ten="30,5800,0" yaku="14,1,10,1,52,1" doraHai="30" who="1" fromWho="3" sc="210,0,300,68,255,0,225,-58" /><INIT seed="1,1,0,2,0,85" ten="210,368,255,167" oya="1" hai0="18,91,83,56,101,117,61,77,74,72,124,118,121" hai1="33,60,113,105,89,46,78,126,71,10,31,100,106" hai2="123,9,30,110,111,43,131,132,102,13,122,39,40" hai3="127,50,95,35,86,57,20,2,128,14,45,88,64"/><U73/><E113/><V130/><F102/><W87/><G2/><T34/><D34/><U59/><E126/><V76/><F76/><W125/><G35/><T0/><D0/><U70/><E10/><V36/><F30/><W47/><G128/><N who="2" m="49193" /><F13/><W17/><G87/><T5/><D5/><U48/><E78/><V26/><F9/><W32/><G32/><T15/><D124/><N who="3" m="47689" /><G64/><T27/><D27/><U11/><E73/><V114/><F26/><W93/><G93/><T67/><D74/><U51/><E11/><V41/><F132/><W1/><G1/><T68/><D121/><N who="2" m="46090" /><F114/><W84/><G84/><T65/><D101/><U104/><E31/><V16/><F16/><W80/><G80/><T108/><D108/><AGARI ba="1,0" hai="36,39,40,41,43,108,110,111" m="46090,49193" machi="108" ten="40,12000,2" yaku="28,2,14,1,19,1,34,2" doraHai="85" who="2" fromWho="0" sc="210,-123,368,0,255,123,167,0" /><INIT seed="2,0,0,4,1,64" ten="87,368,378,167" oya="2" hai0="85,6,44,103,30,78,2,104,48,116,9,120,133" hai1="67,7,58,82,97,71,12,49,84,61,22,70,99" hai2="25,124,66,4,11,129,94,37,27,36,39,92,8" hai3="35,14,62,87,1,76,108,107,56,52,59,46,130"/><V16/><F129/><W17/><G108/><T73/><D120/><U77/><E49/><V41/><F124/><W13/><G130/><T55/><D73/><U123/><E123/><V79/><F41/><W96/><G1/><T74/><D74/><U40/><E40/><V33/><F66/><W125/><G35/><T88/><D133/><U117/><E117/><V32/><F79/><W68/><G125/><T89/><D116/><U135/><E135/><V21/><F11/><W112/><G112/><T50/><D30/><U83/><E83/><V10/><F10/><W43/><G107/><T63/><D63/><U47/><E47/><V100/><F27/><W24/><G96/><T102/><D48/><U34/><E34/><V65/><F65/><W53/><G68/><T81/><REACH who="0" step="1"/><D104/><REACH who="0" ten="77,368,378,167" step="2"/><U106/><E106/><V54/><F37/><W20/><G62/><T86/><D86/><U18/><E99/><V132/><F36/><W19/><G87/><T111/><D111/><U119/><E97/><V98/><F39/><W101/><G101/><AGARI ba="0,1" hai="2,6,9,44,50,55,78,81,85,88,89,101,102,103" machi="101" ten="40,2600,0" yaku="1,1,54,1,53,0" doraHai="64" doraHaiUra="115" who="0" fromWho="3" sc="77,36,368,0,378,0,167,-26" /><INIT seed="3,0,0,3,5,104" ten="113,368,378,141" oya="3" hai0="73,112,80,50,102,63,115,83,2,53,116,125,108" hai1="66,14,97,61,35,10,67,101,62,99,96,24,106" hai2="68,65,90,130,13,81,109,98,72,124,5,52,88" hai3="64,103,43,42,49,37,107,12,131,76,57,27,1"/><W41/><G1/><T74/><D116/><U0/><E0/><V26/><F109/><W114/><G114/><N who="0" m="43563" /><D108/><U39/><E39/><V86/><F72/><N who="0" m="27754" /><D125/><U84/><E84/><V120/><F124/><W127/><G127/><T40/><D2/><U128/><E128/><V45/><F130/><W20/><G131/><T9/><D9/><U94/><E24/><V93/><F26/><W60/><G37/><T48/><D102/><U121/><E35/><V89/><F120/><W132/><G132/><T31/><D31/><U133/><E133/><V34/><F34/><W22/><G103/><T119/><D119/><U28/><E28/><V118/><F118/><W126/><G126/><T6/><D6/><N who="1" m="3415" /><E99/><V8/><F68/><W11/><G11/><T3/><D3/><U4/><E106/><V71/><F71/><W110/><G107/><T19/><D19/><U38/><E38/><V18/><F5/><W95/><G110/><T70/><D70/><U134/><E134/><V47/><F65/><N who="1" m="24585" /><E121/><V30/><F30/><N who="3" m="17767" /><G95/><T16/><D16/><U44/><E4/><V58/><F90/><W79/><G49/><AGARI ba="0,0" hai="8,13,18,45,47,49,52,58,81,86,88,89,93,98" machi="49" ten="30,7700,0" yaku="7,1,8,1,54,2" doraHai="104" who="2" fromWho="3" sc="113,0,368,0,378,77,141,-77" owari="113,-28.7,368,16.8,455,55.5,64,-43.6" /></mjloggm>