<mjloggm ver="2.3"><GO type="225" lobby="0"/><UN n0="%E3%83%96%E3%83%83%E3%83%91%E3%82%AA%E3%83%96%E3%83%81%E3%82%AD%E3%83%B3" n1="%E3%82%A4%E3%83%BC%E3%82%B1%E3%83%97%E3%83%A9" n2="%E3%81%8B%E3%82%8F%E3%81%A1%E3%82%83%E3%82%93%35%38" n3="%E7%99%BD%E5%80%89%E5%AF%9B%E4%B9%8B" dan="16,16,16,16" rate="2129.19,2134.62,2156.49,2141.25" sx="M,M,M,M"/><TAIKYOKU oya="0"/><INIT seed="0,0,0,0,4,91" ten="250,250,250,250" oya="0" hai0="110,10,53,97,68,70,16,59,48,65,119,11,85" hai1="57,41,69,54,86,100,17,77,90,95,78,34,129" hai2="117,20,112,39,94,71,113,67,105,44,30,55,81" hai3="104,73,22,88,28,0,76,18,123,108,62,98,43"/><T120/><D119/><U80/><E69/><V40/><F105/><W19/><G0/><T84/><D120/><U128/><E34/><V47/><F117/><W46/><G123/><T61/><D110/><U14/><E41/><V23/><F81/><W6/><G6/><T79/><D70/><U101/><E128/><V58/><F47/><W87/><G108/><T56/><D79/><U35/><E35/><V83/><F83/><W92/><G62/><T45/><D68/><U130/><E130/><V125/><F125/><W32/><G32/><T114/><D114/><U38/><E38/><V135/><F135/><W111/><G111/><T51/><D97/><U131/><E131/><V109/><F109/><W103/><G28/><T26/><D10/><U5/><E5/><V93/><F113/><W64/><G64/><T15/><REACH who="0" step="1"/><D26/><REACH who="0" ten="240,250,250,250" step="2"/><U99/><E78/><V12/><F112/><W9/><G9/><T124/><D124/><U3/><E129/><V66/><F71/><W8/><G8/><T49/><D49/><N who="1" m="30927" /><E3/><V52/><F39/><W33/><G76/><T116/><D116/><U13/><E13/><V121/><F121/><W132/><G98/><T60/><D60/><U29/><E29/><V1/><F30/><W25/><G25/><T102/><D102/><U107/><E107/><V4/><F1/><W127/><G103/><T50/><D50/><U75/><E75/><V24/><F24/><W82/><G73/><T122/><D122/><U74/><E74/><V118/><F118/><W134/><G104/><T2/><D2/><U63/><E63/><N who="2" m="36295" /><F12/><W133/><G127/><RYUUKYOKU ba="0,1" sc="240,15,250,15,250,-15,250,-15" hai0="11,15,16,45,48,51,53,56,59,61,65,84,85" hai1="14,17,77,80,86,90,95,99,100,101" /><INIT seed="0,1,1,1,2,121" ten="255,265,235,235" oya="0" hai0="81,92,120,40,84,79,133,104,112,14,11,7,131" hai1="73,130,38,42,44,114,95,106,129,80,127,57,60" hai2="8,113,93,17,34,100,122,22,47,58,25,70,37" hai3="54,135,99,10,20,21,101,118,28,31,36,125,117"/><T91/><D120/><U23/><E106/><V134/><F122/><W83/><G36/><T55/><D131/><N who="1" m="50187" /><E127/><V89/><F70/><W82/><G125/><T9/><D133/><U98/><E114/><V66/><F113/><W74/><G135/><T97/><D112/><U132/><E132/><V41/><F134/><W115/><G115/><T59/><D104/><U32/><E32/><V87/><F34/><W30/><G54/><T109/><D109/><U72/><E23/><V4/><F100/><W61/><G61/><T48/><REACH who="0" step="1"/><D11/><REACH who="0" ten="245,265,235,235" step="2"/><U27/><E73/><V12/><F66/><W124/><G10/><T78/><D78/><U103/><E72/><V15/><REACH who="2" step="1"/><F58/><REACH who="2" ten="245,265,225,235" step="2"/><W33/><G124/><T16/><D16/><U52/><E57/><V62/><F62/><W39/><G31/><T102/><D102/><U46/><E60/><V94/><F94/><W88/><G101/><T6/><D6/><U75/><E103/><V123/><F123/><W1/><G30/><T43/><AGARI ba="1,3" hai="7,9,14,40,43,48,55,59,79,81,84,91,92,97" machi="43" ten="30,6000,0" yaku="1,1,0,1,8,1,53,0" doraHai="121" doraHaiUra="24" who="0" fromWho="0" sc="245,93,265,-21,225,-21,235,-21" /><INIT seed="0,2,0,4,0,129" ten="338,244,204,214" oya="0" hai0="104,130,108,55,72,109,12,15,25,68,39,63,51" hai1="18,123,78,66,22,1,117,125,102,101,126,44,81" hai2="61,106,8,110,3,34,9,14,45,26,36,19,41" hai3="20,135,38,87,73,27,93,48,77,35,84,29,113"/><T6/><D72/><U71/><E1/><V116/><F106/><W128/><G38/><T96/><D39/><U133/><E117/><V59/><F110/><N who="0" m="42602" /><D130/><U28/><E28/><V127/><F127/><N who="1" m="48649" /><E123/><V131/><F131/><W16/><G113/><T124/><D124/><U53/><E133/><V24/><F116/><W121/><G128/><T95/><D104/><U111/><E111/><V43/><F34/><W82/><G121/><T75/><D75/><N who="1" m="43231" /><E66/><V103/><F103/><W76/><G135/><T57/><D6/><U5/><E71/><V31/><F31/><W132/><G132/><T120/><D25/><N who="1" m="14551" /><E5/><V32/><F32/><W105/><G105/><T70/><D120/><U119/><E119/><V23/><F43/><W100/><G77/><T67/><D70/><U2/><E2/><V21/><F3/><W4/><G4/><T79/><D79/><U94/><E94/><V112/><F112/><W107/><G107/><T74/><D74/><U98/><E98/><V114/><F114/><W99/><REACH who="3" step="1"/><G48/><AGARI ba="2,0" hai="44,48,53,101,102" m="14551,43231,48649" machi="48" ten="30,1000,0" yaku="18,1" doraHai="129" who="1" fromWho="3" sc="338,0,244,16,204,0,214,-16" /><INIT seed="1,0,0,0,0,90" ten="338,260,204,198" oya="1" hai0="82,30,62,75,0,77,98,92,39,79,76,109,86" hai1="66,119,131,95,38,126,4,73,18,45,12,83,58" hai2="23,87,74,49,78,48,8,36,25,63,70,32,127" hai3="118,20,105,59,104,31,24,43,81,132,121,35,56"/><U46/><E119/><V13/><F36/><W114/><G114/><T120/><D0/><U41/><E131/><V89/><F32/><W112/><G112/><T129/><D39/><U22/><E126/><V116/><F116/><W68/><G68/><T122/><D30/><U80/><E73/><V14/><F127/><W111/><G118/><T102/><D129/><U3/><E3/><V97/><F74/><W110/><G121/><N who="0" m="46699" /><D62/><U54/><E4/><V101/><F78/><N who="0" m="30314" /><D109/><N who="3" m="41481" /><G81/><T123/><N who="0" m="46707" /><T19/><DORA hai="57" /><D19/><U72/><E72/><AGARI ba="0,0" hai="72,75,79,82,86,92,98,102" m="30314,46707" machi="72" ten="40,8000,1" yaku="13,1,34,2,52,1" doraHai="90,57" who="0" fromWho="1" sc="338,80,260,-80,204,0,198,0" /><INIT seed="2,0,0,4,0,77" ten="418,180,204,198" oya="2" hai0="124,101,118,51,3,40,68,52,18,109,130,132,135" hai1="74,126,98,128,100,61,104,133,73,122,42,92,70" hai2="96,76,79,30,9,120,103,110,17,12,60,117,127" hai3="78,49,125,113,5,32,82,53,35,39,115,25,90"/><V4/><F117/><W62/><G39/><T23/><D118/><U44/><E128/><V54/><F120/><W38/><G38/><T7/><D68/><U81/><E122/><V46/><F127/><W93/><G62/><T28/><D130/><U0/><E126/><V59/><F110/><W6/><G125/><T95/><D124/><U114/><E114/><N who="3" m="43530" /><G25/><T50/><D109/><U16/><E0/><V15/><F30/><W33/><G93/><T71/><D28/><U84/><E104/><V87/><F87/><N who="3" m="50551" /><G78/><T72/><D71/><U27/><E133/><V34/><F34/><N who="3" m="8707" /><W97/><DORA hai="22" /><G97/><T112/><D51/><U129/><E129/><V55/><F96/><W134/><G134/><T107/><D50/><U85/><E85/><V65/><F103/><W121/><G121/><T99/><D95/><U56/><E70/><V64/><F79/><W19/><G19/><T75/><D18/><U119/><E119/><V8/><F76/><W58/><AGARI ba="0,0" hai="5,6,49,53,58" m="8707,50551,43530" machi="58" ten="50,3200,0" yaku="11,1,52,1" doraHai="77,22" who="3" fromWho="3" sc="418,-8,180,-8,204,-16,198,32" /><INIT seed="3,0,0,1,5,115" ten="410,172,188,230" oya="3" hai0="8,40,31,100,135,130,87,3,64,1,13,76,97" hai1="92,128,5,32,55,69,98,88,27,9,52,95,96" hai2="30,60,46,105,54,112,121,74,63,85,91,119,70" hai3="131,117,101,109,68,124,29,118,59,94,99,38,10"/><W22/><G68/><T67/><D130/><U127/><E69/><V7/><F112/><W48/><G38/><T25/><D40/><U113/><E113/><V42/><F74/><W37/><G37/><T103/><D135/><U15/><E128/><V106/><F121/><W114/><G114/><T28/><D1/><U21/><E32/><V71/><F30/><N who="0" m="11306" /><D25/><U24/><E127/><V43/><F7/><W20/><G131/><T47/><D47/><U49/><E21/><V45/><F85/><W53/><G124/><T66/><D3/><U83/><E83/><V14/><F91/><W125/><G125/><T65/><N who="0" m="16384" /><DORA hai="51" /><T33/><D97/><U80/><E80/><V41/><F41/><W6/><G109/><T129/><D33/><U132/><E132/><V4/><F54/><N who="1" m="20521" /><E49/><V104/><F104/><W61/><G48/><T75/><D75/><U84/><E98/><V102/><F14/><W23/><REACH who="3" step="1"/><G29/><REACH who="3" ten="410,172,188,220" step="2"/><T110/><D129/><U39/><E39/><V77/><F71/><W26/><G26/><T81/><D110/><U120/><E120/><V19/><F70/><W123/><G123/><T56/><D56/><U36/><E36/><V89/><F45/><W58/><G58/><T16/><AGARI ba="0,1" hai="8,13,16,76,81,87,100,103" m="16384,11306" machi="16" ten="40,2700,0" yaku="8,1,54,1" doraHai="115,51" who="0" fromWho="0" sc="410,37,172,-7,188,-7,220,-13" owari="447,54.7,165,-33.5,181,-21.9,207,0.7" /></mjloggm>