<mjloggm ver="2.3"><GO type="225" lobby="0"/><UN n0="%E3%81%99%E3%83%BC%5F%E9%88%B4%E6%9C%A8%E6%B5%A9%E5%B9%B3" n1="%E8%BE%9B%E5%8F%A3%E3%82%AB%E3%83%AC%E3%83%BC%E3%83%A9%E3%82%A4%E3%82%B9" n2="%E3%82%B3%E3%83%90%E3%83%AC%E3%82%A4" n3="%E6%A1%9C%E8%8A%B1%E9%96%83%E3%80%85" dan="16,16,16,17" rate="2058.29,2178.93,2149.94,2256.50" sx="M,M,M,M"/><TAIKYOKU oya="0"/><INIT seed="0,0,0,1,3,38" ten="250,250,250,250" oya="0" hai0="9,46,113,8,32,129,10,121,79,97,126,118,93" hai1="105,114,62,100,11,128,75,55,123,57,64,27,23" hai2="47,13,96,108,5,52,111,37,59,12,48,43,71" hai3="130,29,39,44,66,135,103,110,116,82,78,3,90"/><T2/><D118/><U119/><E119/><V30/><F30/><W88/><G116/><T83/><D121/><U85/><E123/><V6/><F96/><W21/><G110/><N who="2" m="42025" /><F71/><W33/><G33/><T70/><D32/><U104/><E75/><V54/><F54/><W35/><G35/><T120/><D120/><U56/><E128/><V92/><F92/><W115/><G103/><T61/><D113/><U16/><E114/><V91/><F91/><W22/><G66/><T101/><D126/><U112/><E112/><V73/><F73/><W45/><G29/><T42/><D129/><U4/><E100/><V124/><F124/><W24/><G90/><T60/><D70/><U87/><E104/><V131/><F131/><W51/><G88/><T69/><D2/><U58/><E105/><V98/><F98/><W134/><G3/><T122/><D69/><U72/><E72/><V95/><F95/><W81/><G81/><T25/><D25/><U19/><E58/><V107/><F107/><W15/><G130/><T117/><D117/><U1/><REACH who="1" step="1"/><E19/><REACH who="1" ten="250,240,250,250" step="2"/><V20/><F59/><W18/><G115/><T132/><D122/><U109/><E109/><V41/><F6/><W68/><G68/><T14/><D101/><U65/><E65/><V40/><F37/><W77/><G39/><T127/><D127/><U125/><E125/><V99/><F5/><W31/><G31/><T17/><D17/><U34/><E34/><V67/><F67/><W26/><G18/><T36/><D36/><U7/><E7/><V106/><F106/><W49/><G82/><T84/><D61/><AGARI ba="0,1" hai="1,4,11,16,23,27,55,56,57,61,62,64,85,87" machi="61" ten="30,8000,1" yaku="1,1,6,1,7,1,54,1,53,1" doraHai="38" doraHaiUra="0" who="1" fromWho="0" sc="250,-80,240,90,250,0,250,0" /><INIT seed="1,0,0,2,3,109" ten="170,330,250,250" oya="1" hai0="103,45,93,76,60,118,105,54,23,46,2,113,66" hai1="115,77,135,6,123,33,79,47,16,64,34,21,22" hai2="129,67,8,91,133,120,96,108,13,72,111,9,112" hai3="128,90,88,70,63,87,80,104,40,100,85,74,24"/><U102/><E123/><V110/><F120/><W78/><G40/><T17/><D118/><U98/><E135/><V127/><F72/><W68/><G24/><T62/><D2/><U61/><E6/><V39/><F39/><W41/><G41/><T15/><D105/><U51/><E115/><V130/><F67/><W131/><G63/><T19/><D113/><U36/><E36/><V95/><F112/><W11/><G11/><N who="2" m="4169" /><F133/><W25/><G25/><T53/><D76/><U32/><E22/><V84/><F13/><W97/><G70/><T82/><D82/><U43/><E98/><V125/><F96/><W10/><G68/><T1/><D1/><U89/><E89/><N who="3" m="34410" /><G10/><T38/><D38/><U3/><E102/><V55/><F55/><W122/><G122/><T52/><D19/><U65/><E3/><V5/><F5/><W81/><G81/><T116/><D116/><U20/><E20/><V59/><F59/><W37/><G37/><T94/><D62/><U106/><E65/><V114/><F114/><W69/><G69/><T126/><D126/><AGARI ba="0,0" hai="84,91,95,108,110,111,125,126,127,129,130" m="4169" machi="126" ten="40,2600,0" yaku="14,1,18,1" doraHai="109" who="2" fromWho="0" sc="170,-26,330,0,250,26,250,0" /><INIT seed="2,0,0,1,4,73" ten="144,330,276,250" oya="2" hai0="27,39,125,99,21,13,9,26,64,97,15,121,50" hai1="34,84,42,69,28,85,65,14,82,109,0,107,44" hai2="120,106,40,95,129,33,49,116,76,10,114,31,127" hai3="60,92,133,36,8,128,54,32,122,110,93,126,51"/><V71/><F106/><W78/><G36/><T74/><D39/><U20/><E0/><V132/><F71/><W81/><G122/><T35/><D121/><U22/><E107/><V57/><F120/><W52/><G32/><T18/><D125/><U105/><E105/><V100/><F127/><W86/><G126/><T11/><D74/><U118/><E118/><V56/><F116/><W91/><G110/><T123/><D123/><U112/><E112/><V7/><F114/><W25/><G133/><T89/><D64/><U38/><E85/><V80/><F132/><W77/><G128/><T66/><D66/><U72/><E72/><V96/><F31/><W4/><G25/><T61/><D61/><U130/><E109/><V41/><F33/><W19/><G19/><T113/><D113/><U94/><E94/><N who="3" m="36458" /><G60/><T115/><D115/><U79/><E130/><V16/><F129/><W131/><G54/><T47/><D89/><U90/><E65/><V70/><F70/><W6/><G131/><T62/><D62/><U29/><E69/><V58/><F49/><W43/><G43/><T45/><D35/><U17/><E34/><V12/><REACH who="2" step="1"/><F7/><REACH who="2" ten="144,330,266,250" step="2"/><N who="3" m="2603" /><G8/><T75/><D50/><U98/><E29/><V63/><F63/><W104/><G104/><T103/><D75/><AGARI ba="0,1" hai="10,12,16,40,41,56,57,58,75,76,80,95,96,100" machi="75" ten="40,18000,2" yaku="1,1,52,1,54,1,53,3" doraHai="73" doraHaiUra="53" who="2" fromWho="0" sc="144,-180,330,0,266,190,250,0" owari="-36,-53.6,330,13.0,456,55.6,250,-15.0" /></mjloggm>