<mjloggm ver="2.3"><GO type="225" lobby="0"/><UN n0="%72%65%6E%6B%75%6E" n1="%E7%99%BD%E5%80%89%E5%AF%9B%E4%B9%8B" n2="%4C%4F%4C%49%54%41" n3="%E6%81%A5%E6%99%92%E3%81%97" dan="17,16,16,16" rate="2202.52,2126.18,2106.30,2136.65" sx="M,M,F,M"/><TAIKYOKU oya="0"/><INIT seed="0,0,0,0,3,48" ten="250,250,250,250" oya="0" hai0="129,5,6,69,36,32,16,52,53,64,120,78,70" hai1="115,119,45,135,75,79,37,88,55,21,41,110,33" hai2="116,2,131,100,26,106,51,83,124,123,13,71,31" hai3="74,82,1,133,27,3,84,42,96,10,44,89,68"/><T118/><D32/><U25/><E119/><V105/><F2/><W15/><G133/><T126/><D36/><U97/><E135/><V87/><F123/><W93/><G74/><T9/><D118/><U18/><E110/><V95/><F71/><W73/><G27/><T4/><D120/><U112/><E33/><V22/><F131/><W38/><G68/><T46/><D129/><U49/><E79/><V113/><F113/><N who="1" m="43593" /><E75/><V128/><F124/><W23/><G23/><T77/><D126/><U54/><E37/><V56/><F128/><W114/><G73/><T50/><D70/><U108/><E108/><V59/><F13/><W134/><G134/><T98/><D98/><U72/><E72/><V47/><F106/><W103/><REACH who="3" step="1"/><G114/><REACH who="3" ten="250,250,250,240" step="2"/><T81/><D69/><U63/><E63/><V20/><F20/><W30/><G30/><T35/><D35/><U65/><E65/><V130/><F130/><W121/><G121/><T57/><D64/><U17/><E17/><AGARI ba="0,1" hai="1,3,10,15,17,38,42,44,82,84,89,93,96,103" machi="17" ten="30,3900,0" yaku="1,1,7,1,53,1" doraHai="48" doraHaiUra="14" who="3" fromWho="1" sc="250,0,250,-39,250,0,240,49" /><INIT seed="1,0,0,2,0,92" ten="250,211,250,289" oya="1" hai0="29,16,21,23,87,8,22,67,124,103,58,0,9" hai1="83,107,131,36,88,57,48,71,106,101,115,109,62" hai2="15,105,28,121,4,44,85,130,24,91,94,63,66" hai3="113,20,122,19,12,111,98,53,3,125,129,56,128"/><U112/><E36/><V90/><F130/><W34/><G122/><T60/><D124/><U51/><E131/><V65/><F105/><W86/><G113/><T72/><D72/><U45/><E71/><V18/><F121/><W97/><G125/><T123/><D123/><U33/><E33/><V127/><F127/><W61/><G111/><T50/><D29/><U99/><E107/><V37/><F4/><W73/><G73/><T77/><D103/><U38/><E38/><V46/><F37/><W74/><G74/><T2/><D2/><U79/><E109/><V32/><F90/><W70/><G3/><T27/><D50/><U13/><E13/><V119/><F119/><W41/><G41/><T135/><D135/><U30/><E30/><V49/><F63/><W54/><G70/><T68/><D68/><U82/><E79/><V10/><REACH who="2" step="1"/><F44/><REACH who="2" ten="250,211,240,289" step="2"/><W55/><G128/><T25/><D0/><U59/><E51/><V35/><F35/><W64/><G129/><T43/><D60/><U120/><E120/><V110/><F110/><W132/><G34/><T133/><D133/><U39/><E39/><V31/><F31/><W81/><G132/><T116/><D116/><U75/><E88/><AGARI ba="0,1" hai="12,19,20,53,54,55,56,61,64,81,86,88,97,98" machi="88" ten="40,8000,1" yaku="8,1,52,2,54,1" doraHai="92" who="3" fromWho="1" sc="250,0,211,-80,240,0,289,90" /><INIT seed="2,0,0,0,2,84" ten="250,131,240,379" oya="2" hai0="79,120,128,127,48,33,58,49,5,110,134,35,124" hai1="22,29,94,104,123,85,15,36,18,16,90,65,11" hai2="107,10,54,12,7,75,113,0,86,101,46,67,105" hai3="83,14,131,32,114,30,27,50,130,9,51,23,8"/><V115/><F75/><W47/><G114/><T13/><D120/><U24/><E36/><V42/><F67/><W4/><G83/><T109/><D79/><U98/><E123/><V25/><F54/><W60/><G60/><T135/><D58/><U19/><E104/><V106/><F101/><W82/><G82/><T129/><D13/><U76/><E65/><V45/><F45/><W77/><G77/><T126/><D5/><U70/><E70/><V57/><F57/><W2/><G23/><T100/><D100/><U73/><E73/><V41/><F41/><W34/><G34/><N who="0" m="12811" /><D49/><U95/><REACH who="1" step="1"/><E76/><REACH who="1" ten="250,121,240,379" step="2"/><V103/><F106/><W59/><G59/><T81/><D81/><U31/><E31/><V133/><F107/><W3/><G30/><T63/><D63/><U68/><E68/><V39/><F105/><W38/><G38/><T6/><D48/><U96/><E96/><V26/><F39/><W111/><G51/><T44/><D44/><U53/><E53/><V55/><F55/><W108/><G50/><T21/><D6/><U119/><E119/><V78/><F46/><W43/><G47/><T116/><D116/><U125/><E125/><V87/><F7/><W117/><G4/><T28/><D110/><U20/><E20/><V52/><F78/><W69/><G117/><T118/><D118/><U91/><AGARI ba="0,1" hai="11,15,16,18,19,22,24,29,85,90,91,94,95,98" machi="91" ten="20,12000,2" yaku="1,1,0,1,7,1,8,1,52,2,54,1,53,0" doraHai="84" doraHaiUra="64" who="1" fromWho="1" sc="250,-30,121,130,240,-60,379,-30" /><INIT seed="3,0,0,4,5,7" ten="220,251,180,349" oya="3" hai0="110,15,119,129,37,57,85,38,91,127,94,67,22" hai1="16,89,81,20,120,53,49,14,50,61,118,132,41" hai2="28,19,95,103,90,58,100,68,108,134,87,42,74" hai3="86,39,64,77,125,122,5,66,25,60,0,13,27"/><W63/><G125/><T79/><D119/><U11/><E118/><V56/><F68/><W135/><G135/><T65/><D127/><U84/><E132/><V47/><F134/><W98/><G39/><T3/><D3/><U43/><E120/><V123/><F74/><W32/><G0/><T12/><D110/><U52/><E61/><V104/><F108/><W83/><G122/><T40/><D129/><U6/><E50/><V133/><F133/><W92/><G63/><T113/><D113/><U97/><E97/><V106/><F123/><W80/><G80/><T112/><D112/><U114/><E114/><V109/><F109/><W24/><G32/><T30/><D79/><U88/><E89/><V115/><F115/><W31/><G31/><T34/><D34/><U51/><E51/><V71/><F71/><W4/><G13/><T131/><D131/><U62/><E62/><V45/><F28/><W8/><G60/><T128/><D128/><U105/><E105/><V17/><F87/><W55/><G86/><T9/><D57/><U124/><E124/><V59/><F59/><W126/><G98/><T96/><D96/><U111/><E111/><V48/><F48/><W116/><G116/><T69/><D69/><U21/><E53/><V117/><F117/><W121/><G55/><T72/><D72/><U78/><E78/><V18/><F18/><W36/><G126/><T70/><D70/><U82/><E81/><V10/><F95/><W93/><G92/><T26/><D37/><U1/><E21/><V29/><F90/><W2/><G36/><T46/><D9/><RYUUKYOKU ba="0,0" sc="220,15,251,15,180,-15,349,-15" hai0="12,15,22,26,30,38,40,46,65,67,85,91,94" hai1="1,6,11,14,16,20,41,43,49,52,82,84,88" owari="235,-16.5,266,6.6,165,-33.5,334,43.4" /></mjloggm>