<mjloggm ver="2.3"><GO type="225" lobby="0"/><UN n0="%33%74%72%65%65" n1="%E3%81%8C%E3%81%9F" n2="%E3%83%B4%E3%83%A0%EF%BC%99%E3%81%A6" n3="%E3%83%96%E3%83%83%E3%83%91%E3%82%AA%E3%83%96%E3%83%81%E3%82%AD%E3%83%B3" dan="17,17,16,16" rate="2217.13,2176.07,2151.55,2181.60" sx="F,F,M,M"/><TAIKYOKU oya="0"/><INIT seed="0,0,0,4,0,104" ten="250,250,250,250" oya="0" hai0="85,121,4,18,57,90,26,25,130,105,12,126,73" hai1="101,123,108,92,111,97,128,68,37,132,93,46,2" hai2="66,99,45,129,30,127,40,49,59,64,75,118,41" hai3="61,79,113,125,71,47,10,134,34,32,28,56,96"/><T100/><D121/><U102/><E123/><V7/><F127/><W15/><G113/><T106/><D126/><U52/><E68/><V43/><F129/><W131/><G125/><T77/><D130/><U88/><E128/><V107/><F118/><W11/><G131/><T35/><D4/><U44/><E2/><V0/><F30/><W20/><G134/><T58/><D106/><U27/><E132/><V114/><F114/><W109/><G71/><T72/><D77/><U81/><E27/><V115/><F115/><W76/><G109/><N who="1" m="42058" /><E37/><V29/><F29/><W84/><G34/><T120/><D120/><U9/><E9/><N who="3" m="3082" /><G32/><T67/><D26/><U117/><E117/><V87/><F87/><W103/><G84/><T54/><D25/><U31/><E31/><V80/><F7/><W74/><G74/><T116/><D35/><U110/><N who="1" m="42066" /><U14/><DORA hai="89" /><E14/><V19/><F19/><N who="3" m="10367" /><G28/><T1/><D116/><U95/><E97/><V135/><F99/><W82/><G82/><T124/><D124/><U53/><E46/><V13/><F45/><W91/><G47/><T86/><D1/><U16/><E16/><V50/><F0/><W65/><G103/><N who="1" m="39434" /><E44/><V42/><F135/><W112/><G112/><T33/><D18/><U36/><E36/><V62/><F13/><W22/><G22/><T23/><D12/><U48/><E48/><V60/><F107/><W5/><G5/><T63/><D23/><U122/><E122/><V51/><N who="2" m="10240" /><DORA hai="38" /><V133/><F133/><W70/><G70/><T69/><D69/><U8/><E8/><V119/><F119/><RYUUKYOKU ba="0,0" sc="250,-15,250,15,250,-15,250,15" hai1="52,53,81,88,92,93,95" hai3="56,61,65,76,79,91,96" /><INIT seed="1,1,0,5,3,102" ten="235,265,235,265" oya="1" hai0="11,112,15,25,107,8,44,27,3,14,94,57,59" hai1="7,32,33,81,58,43,30,109,83,79,91,67,135" hai2="38,119,42,74,60,95,56,105,18,48,121,120,89" hai3="29,125,116,53,76,69,49,88,123,101,111,90,55"/><U72/><E135/><V118/><F74/><W98/><G123/><T127/><D112/><U132/><E132/><V41/><F18/><W34/><G111/><T87/><D3/><U70/><E70/><V51/><F95/><W28/><G69/><T62/><D107/><U122/><E122/><N who="2" m="47211" /><F105/><W24/><G125/><T52/><D127/><U37/><E7/><V64/><F89/><W21/><G116/><N who="2" m="44585" /><F38/><W77/><G34/><T82/><D94/><U40/><E32/><V78/><F78/><N who="3" m="30315" /><G29/><T86/><D82/><U103/><E103/><V9/><F9/><W0/><G0/><T114/><D114/><U100/><E100/><V1/><F1/><W113/><G113/><T2/><D2/><U65/><E30/><V66/><F66/><W12/><G12/><T134/><D134/><U124/><E33/><V97/><F97/><W50/><G101/><T117/><D117/><U4/><E124/><V99/><F99/><W73/><G73/><T22/><D15/><U17/><E65/><V31/><F31/><W68/><G98/><T80/><D14/><U36/><E67/><V63/><F63/><W104/><G104/><T131/><D62/><U71/><E37/><V129/><F129/><W92/><G92/><T54/><D131/><U16/><E36/><V35/><F35/><W13/><G13/><T106/><D106/><U19/><E72/><V133/><F133/><W84/><G90/><T108/><D80/><U5/><E81/><V6/><F6/><W75/><G75/><T85/><D85/><U20/><E83/><V130/><F130/><W10/><G84/><RYUUKYOKU ba="1,0" sc="235,-10,265,-10,235,30,265,-10" hai2="41,42,48,51,56,60,64" /><INIT seed="2,2,0,5,4,102" ten="225,255,265,255" oya="2" hai0="96,47,30,135,28,20,70,112,46,2,12,85,26" hai1="123,132,89,71,128,44,115,130,10,91,11,113,110" hai2="94,114,74,121,61,7,119,68,43,31,38,55,40" hai3="100,15,124,106,95,86,4,32,52,59,83,72,14"/><V16/><F114/><N who="1" m="43529" /><E71/><V118/><F74/><W9/><G124/><T107/><D112/><U34/><E44/><V51/><F31/><W27/><G32/><T63/><D2/><U133/><E34/><V82/><F7/><W117/><G117/><T93/><D135/><N who="1" m="51787" /><E110/><V37/><F82/><W58/><G27/><T1/><D1/><U116/><E116/><V84/><F68/><W5/><G72/><T36/><D36/><U131/><E123/><V73/><F121/><W127/><G127/><T111/><D111/><U62/><E62/><V25/><F61/><W101/><G106/><T105/><D63/><U48/><E48/><V3/><F3/><W104/><G104/><T90/><D70/><U50/><E50/><V39/><F119/><W88/><G59/><T99/><D30/><U67/><E67/><V24/><F118/><W18/><G83/><T75/><D75/><U69/><E69/><V42/><F73/><W6/><G15/><T87/><D12/><U78/><E78/><V60/><F60/><AGARI ba="2,0" hai="4,5,6,9,14,18,52,58,60,86,88,95,100,101" machi="60" ten="40,5200,0" yaku="8,1,54,2" doraHai="102" who="3" fromWho="2" sc="225,0,255,0,265,-58,255,58" /><INIT seed="3,0,0,4,2,69" ten="225,255,207,313" oya="3" hai0="81,20,37,47,88,45,132,60,92,98,66,109,74" hai1="90,120,116,5,64,77,55,75,86,23,80,123,57" hai2="127,26,95,6,65,58,43,38,93,29,4,115,42" hai3="131,70,122,105,2,78,53,0,128,96,41,106,30"/><W24/><G122/><T15/><D109/><U32/><E32/><V110/><F115/><W18/><G18/><N who="0" m="10335" /><D37/><U104/><E104/><N who="3" m="40042" /><G96/><T36/><D36/><U113/><E113/><V125/><F110/><W102/><G102/><N who="0" m="60743" /><D74/><U114/><E114/><V40/><F38/><W83/><G53/><T133/><D66/><U10/><E64/><V124/><F58/><W1/><G41/><N who="2" m="10497" /><V71/><DORA hai="99" /><F65/><W135/><G135/><N who="0" m="51787" /><D60/><U107/><E120/><V31/><F71/><W44/><G70/><T68/><D68/><U108/><E123/><V11/><F26/><W50/><G24/><T39/><D39/><U19/><E108/><V3/><F4/><W79/><G50/><T91/><D81/><U82/><E116/><V7/><F6/><W73/><G83/><T17/><D17/><U22/><E19/><V72/><F72/><W126/><G73/><T14/><D14/><U84/><E75/><V62/><F62/><W12/><G12/><T13/><D13/><N who="1" m="5327" /><E107/><V51/><F51/><AGARI ba="0,0" hai="22,23,51,55,57,77,80,82,84,86,90" m="5327" machi="51" ten="30,1000,0" yaku="8,1" doraHai="69,99" who="1" fromWho="2" sc="225,0,255,10,207,-10,313,0" owari="225,-17.5,265,6.5,197,-30.3,313,41.3" /></mjloggm>