<mjloggm ver="2.3"><GO type="225" lobby="0"/><UN n0="%72%69%6F%75%63%68%61%6E" n1="%E3%82%BC%E3%83%AB%E3%83%80%E3%81%AE%E4%BC%9D%E8%AA%AC" n2="%E3%83%B4%E3%83%A0%EF%BC%99%E3%81%A6" n3="%E6%9D%B1%E9%A2%A8%E3%81%AE%E3%81%8D%E3%82%83%E3%81%B7%E3%81%95%E3%82%93" dan="16,17,17,16" rate="2096.84,2105.42,2144.90,2202.09" sx="M,M,M,M"/><TAIKYOKU oya="0"/><INIT seed="0,0,0,4,5,56" ten="250,250,250,250" oya="0" hai0="30,128,125,105,55,127,66,39,25,85,13,84,93" hai1="16,131,114,1,77,48,35,46,20,40,120,24,116" hai2="108,42,45,29,61,99,107,60,63,51,121,76,53" hai3="11,75,104,130,47,122,97,64,94,9,103,58,72"/><T123/><D123/><U19/><E116/><V100/><F121/><W113/><G113/><T67/><D128/><U83/><E120/><V98/><F108/><W119/><G119/><T62/><D105/><U129/><E114/><V126/><F126/><N who="0" m="48138" /><D39/><U82/><E1/><V21/><F76/><W69/><G130/><N who="1" m="49674" /><E35/><V12/><F98/><W109/><G109/><T73/><D73/><N who="1" m="43311" /><E83/><V59/><REACH who="2" step="1"/><F12/><REACH who="2" ten="250,250,240,250" step="2"/><W65/><G122/><T54/><D13/><U14/><E14/><V17/><F17/><AGARI ba="0,1" hai="16,17,19,20,24,40,46,48" m="43311,49674" machi="17" ten="30,2000,0" yaku="19,1,54,1" doraHai="56" who="1" fromWho="2" sc="250,0,250,30,240,-20,250,0" /><INIT seed="1,0,0,4,5,59" ten="250,280,220,250" oya="1" hai0="30,84,86,106,27,104,132,125,131,77,78,82,128" hai1="72,35,28,70,97,41,115,118,31,102,19,91,133" hai2="124,29,73,12,42,4,76,48,11,8,66,13,99" hai3="89,122,10,5,33,64,37,16,88,14,54,119,6"/><U47/><E115/><V67/><F124/><W55/><G33/><T44/><D125/><U50/><E118/><V126/><F126/><W20/><G37/><T83/><D132/><U107/><E133/><V95/><F29/><W69/><G122/><T94/><D44/><U7/><E72/><V98/><F73/><W32/><G32/><T57/><D57/><U49/><E7/><V127/><F76/><W79/><G79/><T53/><D53/><U60/><E19/><V51/><F127/><W0/><G5/><T90/><D27/><N who="1" m="18847" /><E31/><V26/><F4/><W100/><G100/><T52/><D52/><U80/><E80/><V18/><F18/><W65/><G119/><T123/><D30/><U112/><E91/><V96/><F96/><W45/><G45/><T92/><D90/><U117/><E117/><V17/><F17/><W2/><G2/><T61/><D61/><U71/><E71/><V23/><F23/><W87/><G89/><T109/><REACH who="0" step="1"/><D123/><REACH who="0" ten="240,280,220,250" step="2"/><U63/><E63/><V34/><F26/><W116/><G116/><T36/><D36/><N who="1" m="21927" /><E112/><V103/><F34/><W21/><G69/><T121/><D121/><U9/><E50/><V3/><F51/><W81/><G65/><T24/><D24/><U25/><E49/><V110/><F66/><W40/><G64/><T105/><D105/><U43/><E25/><V15/><F67/><W85/><G40/><T129/><D129/><U135/><E43/><V58/><F42/><W130/><G130/><T75/><D75/><U22/><E135/><V120/><F120/><W101/><G55/><T74/><D74/><RYUUKYOKU ba="0,1" sc="240,30,280,-10,220,-10,250,-10" hai0="77,78,82,83,84,86,92,94,104,106,109,128,131" /><INIT seed="2,1,1,1,5,96" ten="270,270,210,240" oya="2" hai0="66,89,62,100,7,42,38,64,130,52,34,105,77" hai1="134,95,17,104,20,46,83,94,33,35,91,126,112" hai2="28,98,115,48,106,71,121,125,101,50,68,31,108" hai3="69,92,133,78,39,6,43,116,27,131,111,57,47"/><V79/><F115/><W51/><G131/><T41/><D34/><U84/><E112/><V88/><F121/><W72/><G133/><T58/><D130/><U45/><E134/><V37/><F37/><W61/><G111/><T73/><D7/><U44/><E104/><V54/><F108/><W32/><G116/><T99/><D89/><U132/><E132/><V63/><F125/><W75/><G6/><T82/><REACH who="0" step="1"/><D38/><REACH who="0" ten="260,270,210,240" step="2"/><U60/><E126/><V86/><F79/><W109/><G109/><T70/><D70/><U30/><E35/><V13/><F71/><W97/><G78/><T107/><D107/><U103/><E33/><V76/><F76/><W49/><G69/><T80/><D80/><U113/><E113/><V10/><F68/><W40/><G39/><T2/><D2/><U123/><E123/><V53/><F63/><W11/><G61/><T118/><D118/><U74/><E83/><V5/><F50/><W56/><G51/><T117/><D117/><U23/><E60/><V81/><REACH who="2" step="1"/><F48/><REACH who="2" ten="260,270,200,240" step="2"/><W114/><G49/><T19/><D19/><U12/><E17/><V135/><F135/><W129/><G114/><T90/><D90/><U25/><E91/><V16/><F16/><W120/><G129/><T24/><D24/><U0/><E25/><V9/><F9/><W67/><G11/><T122/><D122/><U102/><E46/><V87/><F87/><W8/><G8/><T93/><D93/><U29/><E84/><V124/><F124/><W15/><G120/><T22/><D22/><U26/><E26/><V85/><F85/><W4/><G27/><RYUUKYOKU ba="1,3" sc="260,15,270,-15,200,15,240,-15" hai0="41,42,52,58,62,64,66,73,77,82,99,100,105" hai2="5,10,13,28,31,53,54,81,86,88,98,101,106" /><INIT seed="2,2,3,0,2,83" ten="275,255,215,225" oya="2" hai0="93,94,121,22,97,23,52,108,123,103,45,77,80" hai1="106,65,32,8,1,71,99,21,118,28,101,69,14" hai2="24,0,12,74,18,29,17,47,60,46,111,39,75" hai3="43,13,89,82,67,105,132,11,127,95,34,30,6"/><V104/><F0/><W119/><G105/><T92/><D108/><U51/><E118/><V19/><F111/><W68/><G119/><T5/><D5/><N who="1" m="1071" /><E51/><V35/><F104/><W90/><G43/><T38/><D123/><U53/><E53/><V109/><F109/><W100/><G132/><T126/><D126/><U16/><E65/><V114/><F114/><W85/><G127/><T87/><D121/><U84/><E84/><V50/><F60/><W3/><G100/><T113/><D113/><U116/><E116/><V27/><F12/><W26/><G67/><T110/><D110/><U31/><E31/><V49/><F39/><W79/><G68/><T125/><D125/><U81/><E81/><V115/><F115/><W33/><G33/><T86/><D86/><U54/><E54/><V122/><F122/><W64/><G64/><T102/><D102/><U41/><E41/><V10/><F10/><W70/><G70/><T124/><D124/><U55/><E55/><V98/><F98/><W133/><G133/><T91/><D38/><U107/><E107/><V120/><F120/><W4/><G3/><T37/><D37/><U15/><E15/><V73/><REACH who="2" step="1"/><F24/><AGARI ba="2,3" hai="14,16,21,24,28,32,69,71,99,101,106" m="1071" machi="24" ten="30,2000,0" yaku="24,1,54,1" doraHai="83" who="1" fromWho="2" sc="275,0,255,56,215,-26,225,0" /><INIT seed="3,0,0,5,4,23" ten="275,311,189,225" oya="3" hai0="10,124,89,42,19,64,54,9,125,51,68,135,63" hai1="25,88,131,126,121,90,95,56,46,81,103,87,102" hai2="84,71,8,86,31,39,93,118,32,11,35,107,21" hai3="30,28,100,128,112,44,67,72,114,61,129,49,43"/><W133/><G100/><T18/><D135/><U85/><E121/><V3/><F107/><W33/><G72/><T53/><D42/><U101/><E126/><N who="0" m="48745" /><D89/><U73/><E73/><V70/><F118/><W57/><G133/><T122/><D122/><U52/><E131/><N who="3" m="50250" /><G33/><T26/><D53/><U4/><E4/><V116/><F116/><W38/><G28/><T37/><D37/><U48/><E25/><V120/><F120/><W79/><G30/><T13/><D26/><U22/><E22/><V97/><F39/><W77/><G77/><T117/><D117/><U130/><E130/><V29/><F21/><W113/><G79/><T20/><D18/><U119/><E119/><V17/><F17/><W82/><G82/><T7/><D7/><U105/><E105/><V16/><F16/><W0/><G0/><T92/><D92/><U110/><E110/><V41/><F41/><W65/><G38/><T40/><D40/><U15/><E15/><V59/><F93/><W96/><G96/><T27/><D13/><U94/><E94/><V76/><F76/><W115/><N who="3" m="28672" /><DORA hai="132" /><W111/><G67/><T2/><D2/><U134/><E134/><V66/><F66/><W55/><G65/><T83/><D83/><U62/><E103/><V60/><F97/><W1/><G1/><T24/><D27/><U78/><E78/><V45/><F3/><W50/><G50/><T58/><AGARI ba="0,0" hai="9,10,19,20,24,51,54,58,63,64,68" m="48745" machi="58" ten="30,8000,1" yaku="18,1,52,4" doraHai="23,132" who="0" fromWho="0" sc="275,80,311,-20,189,-20,225,-40" owari="355,45.5,291,9.1,169,-33.1,185,-21.5" /></mjloggm>