<mjloggm ver="2.3"><GO type="225" lobby="0"/><UN n0="%E7%89%B9%E6%9D%B1%E5%96%B0%E8%B5%A4%E9%80%9F" n1="%E3%81%BF%E3%81%BF%E3%81%9A" n2="%E6%81%A5%E6%99%92%E3%81%97" n3="%5C%28%E2%89%A7%E2%96%BD%E2%89%A6%29%2F" dan="16,17,16,16" rate="2014.74,2139.39,2139.71,2061.28" sx="M,M,M,M"/><TAIKYOKU oya="0"/><INIT seed="0,0,0,5,2,115" ten="250,250,250,250" oya="0" hai0="58,28,47,52,69,97,63,105,42,15,96,110,119" hai1="62,130,31,20,94,25,21,43,104,70,75,4,92" hai2="128,36,11,109,46,56,59,131,53,120,17,72,37" hai3="16,0,19,106,39,26,132,74,129,73,107,67,38"/><T24/><D110/><U48/><E104/><V111/><F72/><W55/><G55/><T89/><D119/><U101/><E75/><N who="3" m="28682" /><G26/><T7/><D105/><N who="3" m="39945" /><G67/><T80/><D69/><U57/><E130/><N who="2" m="49707" /><F120/><W93/><G129/><T3/><D3/><U32/><E4/><V122/><F122/><W76/><G93/><T12/><D80/><U88/><E70/><V50/><F17/><N who="3" m="6731" /><G76/><T35/><D7/><U127/><E94/><V102/><F102/><W13/><G13/><T85/><D12/><U98/><E127/><V23/><F11/><W33/><G0/><T1/><D15/><U68/><E68/><V95/><F95/><W116/><G116/><T87/><D1/><U29/><E29/><V64/><F23/><W6/><G6/><T86/><REACH who="0" step="1"/><D89/><REACH who="0" ten="240,250,250,250" step="2"/><U103/><E20/><V77/><F77/><W100/><G33/><T134/><D134/><U81/><E32/><V90/><F90/><W91/><G91/><T124/><D124/><U71/><E71/><V22/><F22/><W99/><G132/><T30/><D30/><U108/><E108/><N who="2" m="41547" /><F64/><W2/><G2/><T34/><D34/><U126/><E126/><V41/><F36/><AGARI ba="0,1" hai="24,28,35,36,42,47,52,58,63,85,86,87,96,97" machi="36" ten="40,12000,1" yaku="1,1,54,1,53,3" doraHai="115" doraHaiUra="83" who="0" fromWho="2" sc="240,130,250,0,250,-120,250,0" /><INIT seed="0,1,0,1,1,111" ten="370,250,130,250" oya="0" hai0="40,91,132,98,38,47,59,44,124,11,88,62,57" hai1="120,110,72,90,81,77,15,43,61,7,102,107,74" hai2="58,9,46,130,115,125,20,95,128,60,75,112,41" hai3="104,123,34,36,127,117,129,28,49,93,30,24,66"/><T6/><D132/><U97/><E120/><V37/><F75/><W63/><G123/><T86/><D124/><U25/><E110/><V92/><F125/><W114/><G127/><T76/><D47/><U85/><E43/><V103/><F9/><W48/><G104/><T89/><D98/><U55/><E25/><V8/><F20/><W32/><G36/><T122/><D122/><U79/><E55/><N who="2" m="33887" /><F8/><W56/><G117/><T14/><D76/><N who="1" m="29259" /><E61/><V51/><F103/><W101/><G129/><N who="2" m="49769" /><F37/><W87/><G114/><AGARI ba="1,0" hai="41,46,51,92,95,112,114,115" m="49769,33887" machi="114" ten="30,7700,0" yaku="19,1,52,3" doraHai="111" who="2" fromWho="3" sc="370,0,250,0,130,80,250,-80" /><INIT seed="1,0,0,2,4,46" ten="370,250,210,170" oya="1" hai0="133,26,30,122,23,114,59,15,123,111,22,32,93" hai1="39,19,95,84,112,76,70,55,74,20,102,104,44" hai2="3,6,71,53,77,90,43,28,125,36,2,82,4" hai3="35,67,126,18,27,101,68,110,127,92,106,65,134"/><U98/><E112/><V116/><F71/><W58/><G110/><T42/><D114/><U96/><E70/><V97/><F116/><W8/><G134/><T83/><D133/><U49/><E39/><V108/><F108/><W81/><G106/><T72/><D111/><U12/><E74/><V16/><F28/><W94/><G68/><T10/><D42/><U91/><REACH who="1" step="1"/><E76/><REACH who="1" ten="370,240,210,170" step="2"/><V34/><F77/><W47/><G127/><T130/><D72/><U119/><E119/><V73/><F73/><W80/><G126/><T87/><D130/><U135/><E135/><V50/><F36/><W5/><G80/><T107/><D83/><U64/><E64/><V56/><F82/><W48/><G81/><T57/><D122/><U131/><E131/><V99/><F125/><W14/><G67/><T121/><D123/><U13/><E13/><V25/><F2/><W33/><G65/><T120/><D120/><U75/><E75/><V24/><F3/><W79/><G79/><T11/><D15/><U129/><E129/><V89/><F25/><W41/><G27/><T51/><D121/><U29/><E29/><V1/><F1/><W113/><G113/><T128/><D128/><U0/><E0/><V100/><F24/><W38/><G5/><T63/><D30/><U61/><E61/><V66/><F4/><W37/><G38/><T78/><D63/><U115/><E115/><V45/><F6/><W105/><G37/><T9/><D78/><U62/><E62/><V132/><F66/><W124/><G124/><T86/><D26/><U118/><E118/><V117/><F132/><RYUUKYOKU ba="0,1" sc="370,-10,240,30,210,-10,170,-10" hai1="12,19,20,44,49,55,84,91,95,96,98,102,104" /><INIT seed="1,1,1,3,0,47" ten="360,270,200,160" oya="1" hai0="93,73,120,132,99,134,42,35,111,55,49,58,133" hai1="96,56,124,53,117,29,15,23,16,39,21,91,84" hai2="48,125,126,68,9,105,103,30,79,40,135,51,130" hai3="61,67,118,100,54,2,11,27,63,109,98,102,104"/><U66/><E117/><V69/><F130/><W0/><G118/><T127/><D111/><U85/><E39/><V33/><F135/><W52/><G109/><T75/><D127/><N who="2" m="48650" /><F79/><W12/><G100/><N who="0" m="60527" /><D120/><U71/><E71/><N who="2" m="27211" /><F40/><W41/><G41/><T4/><D35/><U8/><E124/><V22/><F33/><W76/><G76/><T3/><D42/><U77/><E66/><V24/><F9/><AGARI ba="1,1" hai="3,4,9,49,55,58,73,75,132,133,134" m="60527" machi="9" ten="30,2000,0" yaku="20,1,52,1" doraHai="47" who="0" fromWho="2" sc="360,33,270,0,200,-23,160,0" /><INIT seed="2,0,0,4,4,24" ten="393,270,177,160" oya="2" hai0="60,92,20,80,77,37,7,58,104,124,89,121,47" hai1="69,3,111,50,4,16,17,40,6,133,114,135,125" hai2="31,116,56,130,71,18,61,34,30,131,65,8,33" hai3="108,32,66,67,22,84,113,25,85,96,115,79,42"/><V76/><F116/><W14/><G108/><T99/><D121/><U95/><E69/><V82/><F71/><W11/><G32/><N who="2" m="12393" /><F18/><W19/><G42/><T10/><D20/><U39/><E50/><V72/><F8/><W52/><G96/><T51/><D104/><U54/><E95/><V70/><F56/><W87/><G79/><T44/><D124/><U126/><E40/><V93/><F93/><W73/><G73/><T9/><D37/><U68/><E68/><V2/><F2/><W98/><G98/><T128/><D51/><U23/><E39/><V46/><F46/><W27/><G52/><T101/><D89/><U43/><E43/><V129/><AGARI ba="0,0" hai="30,31,61,65,70,72,76,82,129,130,131" m="12393" machi="129" ten="40,7800,0" yaku="19,1,52,2" doraHai="24" who="2" fromWho="2" sc="393,-26,270,-26,177,78,160,-26" /><INIT seed="2,1,0,1,2,41" ten="367,244,255,134" oya="2" hai0="65,113,88,7,119,37,2,97,79,90,116,27,103" hai1="61,68,84,39,55,15,3,26,25,73,6,33,102" hai2="18,105,101,43,129,71,51,80,13,1,8,99,9" hai3="23,59,117,4,94,60,5,30,114,0,121,16,132"/><V112/><F112/><W91/><G114/><T62/><D113/><U109/><E73/><V50/><F71/><W67/><G117/><N who="0" m="45131" /><D37/><U115/><E39/><V52/><F129/><W120/><G132/><T28/><D79/><U22/><E102/><V32/><F32/><W36/><G30/><T24/><D7/><U108/><E115/><V14/><F1/><W58/><G36/><T127/><D127/><U47/><E84/><V122/><F122/><W17/><G58/><N who="0" m="37079" /><D2/><U63/><E3/><V135/><F135/><W131/><G131/><T110/><D110/><N who="1" m="42603" /><E33/><V35/><F35/><W126/><G126/><T106/><D24/><N who="1" m="9323" /><E68/><V111/><F111/><W93/><G0/><T107/><D107/><U72/><E72/><V85/><F14/><W70/><G70/><T83/><D83/><U56/><E47/><V98/><F105/><W11/><G59/><T29/><D29/><U92/><E92/><V66/><F101/><W53/><G94/><T81/><D81/><U57/><E6/><V96/><F13/><W64/><G93/><T19/><D19/><N who="1" m="10623" /><E57/><N who="2" m="32919" /><F18/><W124/><G124/><T12/><D12/><U95/><E95/><V40/><F99/><W34/><G34/><AGARI ba="1,0" hai="27,28,34,88,90,97,103,106" m="37079,45131" machi="34" ten="30,2000,0" yaku="12,1,54,1" doraHai="41" who="0" fromWho="3" sc="367,23,244,0,255,0,134,-23" /><INIT seed="3,0,0,1,4,22" ten="390,244,255,111" oya="3" hai0="56,7,78,24,40,23,76,26,130,67,69,127,11" hai1="132,94,110,9,72,60,28,82,92,107,1,98,20" hai2="17,81,45,41,85,18,112,102,35,31,91,105,30" hai3="84,87,48,16,68,57,90,63,79,119,120,62,38"/><W121/><G119/><T75/><D69/><U34/><E110/><V5/><F112/><W108/><G38/><T6/><D75/><U111/><E111/><V47/><F47/><W106/><G108/><T116/><D116/><U25/><E132/><V61/><F5/><W113/><G113/><T115/><D130/><U50/><E50/><N who="2" m="26927" /><F35/><W103/><G79/><T66/><D40/><U125/><E82/><V89/><F102/><W46/><G68/><T52/><D127/><U117/><E72/><V10/><F105/><W83/><G87/><T96/><D96/><U93/><E117/><V126/><F61/><W12/><G103/><T36/><D36/><U104/><E125/><V58/><F58/><W64/><G106/><T134/><D6/><U59/><E34/><V71/><F71/><W3/><G62/><T15/><D134/><U39/><E39/><V118/><F118/><W101/><G101/><T43/><D43/><U73/><E73/><V88/><F126/><W8/><REACH who="3" step="1"/><G3/><REACH who="3" ten="390,244,255,101" step="2"/><T80/><D78/><U19/><E1/><V133/><F85/><W77/><G77/><T129/><D115/><U0/><E0/><V14/><F133/><W99/><G99/><T2/><D2/><U74/><E74/><V86/><F91/><W27/><G27/><T51/><D24/><U54/><E98/><V131/><F89/><W109/><G109/><T4/><D26/><U123/><E123/><V70/><F70/><W95/><G95/><T65/><D76/><U44/><E104/><V55/><F86/><W128/><G128/><T97/><D129/><U49/><E107/><RYUUKYOKU ba="0,1" sc="390,-10,244,-10,255,-10,101,30" hai3="8,12,16,46,48,57,63,64,83,84,90,120,121" /><INIT seed="3,1,1,3,3,113" ten="380,234,245,131" oya="3" hai0="3,13,46,97,98,88,30,12,126,65,93,68,107" hai1="38,26,130,100,56,135,35,112,92,10,55,54,114" hai2="116,14,115,87,48,83,25,19,118,1,81,21,39" hai3="101,49,43,9,127,47,111,31,22,99,50,61,103"/><W79/><G127/><T75/><D3/><U82/><E38/><V0/><F115/><W20/><G111/><T63/><D75/><U41/><E41/><V117/><F39/><W7/><G79/><T27/><D46/><U125/><E82/><V59/><F83/><W122/><G122/><T34/><D126/><U28/><E125/><V15/><F15/><W70/><G101/><AGARI ba="1,1" hai="12,13,27,30,34,63,65,68,88,93,97,98,101,107" machi="101" ten="40,5200,0" yaku="25,2,54,1" doraHai="113" who="0" fromWho="3" sc="380,65,234,0,245,0,131,-55" owari="445,54.5,234,-16.6,245,4.5,76,-42.4" /></mjloggm>