<mjloggm ver="2.3"><GO type="225" lobby="0"/><UN n0="%E6%98%93%E5%88%A9%E8%96%A9%E4%BC%AF" n1="%72%69%6F%75%63%68%61%6E" n2="%E3%83%81%E3%83%AF%E3%83%AF%E9%9A%8A%E9%95%B7" n3="%73%73%6B%5F%66%72%65%65" dan="17,16,16,16" rate="2164.22,2177.70,2103.40,2148.21" sx="F,M,M,M"/><TAIKYOKU oya="0"/><INIT seed="0,0,0,2,4,78" ten="250,250,250,250" oya="0" hai0="56,107,90,131,45,98,68,7,96,3,93,20,58" hai1="84,8,100,31,129,63,115,66,94,41,37,22,10" hai2="50,65,81,17,28,33,15,121,114,13,42,128,26" hai3="72,126,103,35,92,1,77,18,49,19,46,132,38"/><T43/><D68/><U62/><E129/><V134/><F121/><W82/><G126/><T39/><D131/><U101/><E115/><V57/><F128/><W53/><G132/><T73/><D73/><U86/><E41/><V44/><F114/><W109/><G109/><T29/><D3/><U123/><E37/><V97/><F134/><W16/><G35/><T40/><D7/><U75/><E75/><V55/><F65/><W48/><G1/><T34/><D34/><U102/><E123/><V95/><F81/><W125/><G125/><T110/><D43/><U25/><E62/><V54/><F17/><W47/><G38/><T88/><D110/><U5/><E94/><V105/><F105/><W67/><G67/><T124/><D124/><U36/><E36/><V133/><F133/><W21/><G92/><T59/><D107/><U87/><REACH who="1" step="1"/><E5/><REACH who="1" ten="250,240,250,250" step="2"/><V130/><F130/><W4/><G4/><T113/><D113/><U61/><E61/><V91/><REACH who="2" step="1"/><F54/><REACH who="2" ten="250,240,240,250" step="2"/><W71/><G71/><AGARI ba="0,2" hai="8,10,22,25,31,63,66,71,84,86,87,100,101,102" machi="71" ten="40,1300,0" yaku="1,1,53,0" doraHai="78" doraHaiUra="106" who="1" fromWho="3" sc="250,0,240,33,240,0,250,-13" /><INIT seed="1,0,0,1,5,103" ten="250,273,240,237" oya="1" hai0="3,82,48,39,54,12,94,6,58,41,134,69,17" hai1="15,43,105,90,60,4,63,65,81,122,51,34,114" hai2="129,30,53,120,2,26,46,100,42,119,27,62,97" hai3="36,44,88,61,83,121,80,13,125,66,87,19,20"/><U33/><E114/><V74/><F119/><W128/><G128/><T135/><D69/><U106/><E122/><V38/><F120/><W108/><G121/><T50/><D3/><U112/><E112/><V5/><F74/><W8/><G125/><T11/><D39/><U127/><E127/><V126/><F126/><W111/><G83/><T89/><D82/><U47/><E60/><V118/><F118/><W78/><G44/><T96/><D41/><U49/><E51/><V123/><F123/><W14/><G36/><T131/><D131/><U110/><E110/><V92/><F129/><W98/><G98/><T124/><D124/><U130/><E130/><V21/><F26/><W18/><REACH who="3" step="1"/><G78/><REACH who="3" ten="250,273,240,227" step="2"/><T29/><D134/><U107/><E81/><V57/><F2/><W115/><G115/><T45/><D135/><U95/><E15/><V40/><F40/><W67/><G67/><T55/><REACH who="0" step="1"/><D29/><REACH who="0" ten="240,273,240,227" step="2"/><U16/><E43/><V25/><F30/><W84/><G84/><T85/><D85/><U79/><E79/><V116/><F42/><W72/><G72/><T75/><D75/><U32/><E65/><V133/><F38/><W9/><G9/><T31/><D31/><U52/><E52/><V93/><F53/><W70/><AGARI ba="0,2" hai="8,13,14,18,19,20,61,66,70,80,87,88,108,111" machi="70" ten="30,4000,0" yaku="1,1,0,1,54,1,53,0" doraHai="103" doraHaiUra="91" who="3" fromWho="3" sc="240,-10,273,-20,240,-10,227,60" /><INIT seed="2,0,0,3,4,110" ten="230,253,230,287" oya="2" hai0="47,92,61,100,116,21,88,67,114,22,73,54,127" hai1="9,48,46,37,2,121,112,105,38,35,24,134,119" hai2="81,93,89,39,27,12,41,28,30,65,91,34,45" hai3="74,1,83,102,64,70,18,19,68,49,31,71,66"/><V0/><F0/><W59/><G31/><T50/><D73/><U104/><E48/><V58/><F28/><W5/><G102/><T52/><D127/><U56/><E56/><V128/><F128/><W120/><G120/><T10/><D114/><U101/><E119/><V26/><F26/><W115/><G115/><T113/><D113/><U16/><E112/><V117/><F117/><W6/><G83/><T79/><D79/><U7/><E134/><V106/><F106/><W126/><G74/><T118/><D54/><U135/><E135/><V87/><F12/><W69/><G49/><T77/><D77/><U75/><E75/><V103/><F103/><W124/><G59/><T40/><D100/><U25/><E121/><V76/><REACH who="2" step="1"/><F93/><REACH who="2" ten="230,253,220,287" step="2"/><W109/><G1/><T86/><D118/><U23/><E101/><V8/><F8/><W82/><G126/><T60/><D116/><U4/><E105/><V17/><F17/><W72/><G124/><T51/><D10/><U63/><E104/><V131/><F131/><W123/><G19/><T44/><REACH who="0" step="1"/><D60/><AGARI ba="0,1" hai="27,30,34,39,41,45,58,60,65,76,81,87,89,91" machi="60" ten="40,2000,0" yaku="1,1,53,0" doraHai="110" doraHaiUra="3" who="2" fromWho="0" sc="230,-20,253,0,220,30,287,0" /><INIT seed="2,1,0,3,0,78" ten="210,253,250,287" oya="2" hai0="17,95,23,16,13,28,114,60,64,135,32,132,98" hai1="21,50,75,126,65,89,22,15,119,33,51,112,93" hai2="41,18,71,19,101,100,45,134,127,27,52,14,59" hai3="39,66,84,57,12,81,9,40,107,80,103,92,3"/><V35/><F71/><W7/><G107/><T125/><D114/><U94/><E119/><V96/><F127/><W2/><G39/><T10/><D125/><U129/><E112/><V97/><F134/><W63/><G40/><T42/><D32/><U11/><E126/><V29/><F97/><N who="3" m="59815" /><G2/><T61/><D42/><U115/><E33/><V53/><F101/><W76/><G3/><T110/><D110/><U43/><E115/><V124/><F124/><W62/><G62/><T104/><D104/><U91/><E75/><V38/><F59/><W55/><G81/><T83/><D28/><U102/><E129/><V117/><F117/><W116/><G116/><T46/><D46/><U67/><E102/><V47/><F47/><W56/><G56/><T85/><D132/><U90/><E43/><V49/><F38/><W131/><G131/><T31/><D31/><U69/><E69/><V20/><REACH who="2" step="1"/><F19/><REACH who="2" ten="210,253,240,287" step="2"/><W6/><G6/><T68/><D135/><U120/><E120/><V105/><AGARI ba="1,1" hai="14,18,20,27,29,35,41,45,49,52,53,96,100,105" machi="105" ten="20,12000,1" yaku="1,1,2,1,0,1,7,1,54,1,53,0" doraHai="78" doraHaiUra="121" who="2" fromWho="2" sc="210,-41,253,-41,240,133,287,-41" /><INIT seed="2,2,0,1,2,11" ten="169,212,373,246" oya="2" hai0="99,62,35,110,93,13,122,20,23,29,104,50,130" hai1="106,95,134,102,96,60,18,59,91,78,126,48,63" hai2="0,33,135,107,30,67,112,27,74,65,7,79,81" hai3="25,92,19,125,83,22,61,41,105,17,54,133,34"/><V113/><F107/><W15/><G133/><T28/><D122/><U36/><E36/><V118/><F118/><W68/><G105/><T90/><D110/><U16/><E134/><V72/><F135/><W76/><G125/><T56/><D130/><U45/><E126/><V75/><F67/><W21/><G34/><T64/><D35/><U57/><E78/><V26/><F26/><W109/><G109/><T108/><D108/><U12/><E59/><V44/><F65/><W3/><G3/><T43/><D104/><U31/><E31/><V124/><F124/><W111/><G111/><T66/><D66/><U85/><E57/><V88/><F44/><W103/><G41/><T98/><D98/><U129/><E129/><V51/><F51/><W73/><G68/><T115/><D115/><N who="2" m="44106" /><F88/><W127/><G127/><T40/><D50/><U14/><E14/><V46/><F46/><W71/><G71/><T121/><D121/><U6/><E6/><V42/><F42/><W132/><G132/><T101/><D90/><U123/><E123/><V87/><F87/><W70/><G70/><T128/><D128/><U37/><E37/><V97/><F97/><W4/><G103/><T10/><D29/><U117/><E117/><V77/><F77/><W5/><G92/><T55/><D55/><N who="1" m="30095" /><E18/><V86/><F30/><W49/><REACH who="3" step="1"/><G61/><REACH who="3" ten="169,212,373,236" step="2"/><T2/><D2/><U119/><E119/><V131/><F0/><W24/><G24/><T69/><D69/><U1/><E1/><V82/><F131/><W100/><G100/><T120/><D101/><U52/><E52/><V9/><F33/><RYUUKYOKU ba="2,1" sc="169,-15,212,15,373,-15,236,15" hai1="12,16,60,63,85,91,95,96,102,106" hai3="4,5,15,17,19,21,22,25,49,54,73,76,83" /><INIT seed="3,3,1,3,4,17" ten="154,227,358,251" oya="3" hai0="72,125,7,106,98,112,20,24,84,83,80,62,12" hai1="63,128,15,52,89,57,116,126,103,102,131,21,117" hai2="0,37,41,104,99,73,120,66,35,55,61,22,5" hai3="25,68,3,26,118,49,114,110,78,97,51,96,135"/><W8/><G114/><T127/><D112/><U121/><E126/><V9/><F35/><W74/><G118/><N who="1" m="45674" /><E121/><V82/><F120/><W6/><G68/><T48/><D72/><U56/><E89/><V47/><F55/><W18/><G135/><T42/><D62/><N who="1" m="36103" /><E21/><V133/><F133/><W76/><G110/><T77/><D83/><U90/><E15/><V43/><F43/><W4/><G74/><T122/><D122/><U53/><E90/><V134/><F134/><W38/><G18/><T69/><D69/><U91/><E91/><V30/><F104/><W19/><G19/><T1/><D1/><U67/><E53/><V46/><F99/><W79/><G38/><T16/><D98/><U50/><E50/><V34/><F34/><W45/><G45/><T101/><D101/><AGARI ba="3,1" hai="57,63,67,101,102,103,128,131" m="36103,45674" machi="101" ten="30,2000,0" yaku="12,1,54,1" doraHai="17" who="1" fromWho="0" sc="154,-29,227,39,358,0,251,0" owari="125,-37.5,266,6.6,358,45.8,251,-14.9" /></mjloggm>