<mjloggm ver="2.3"><GO type="225" lobby="0"/><UN n0="%72%69%6F%75%63%68%61%6E" n1="%E3%81%A8%E3%82%89%E3%81%84%E3%81%A1" n2="%72%65%6E%6B%75%6E" n3="%E3%81%8B%E3%82%8F%E3%81%A1%E3%82%83%E3%82%93%35%38" dan="16,16,17,16" rate="2131.56,2144.75,2188.92,2159.42" sx="M,M,M,M"/><TAIKYOKU oya="0"/><INIT seed="0,0,0,3,1,44" ten="250,250,250,250" oya="0" hai0="94,7,73,75,87,1,65,107,46,64,78,99,8" hai1="108,128,88,62,51,105,134,49,59,24,47,35,133" hai2="101,132,39,86,28,91,120,98,11,79,22,135,19" hai3="104,38,130,42,36,70,93,21,116,16,81,61,31"/><T102/><D46/><U97/><E108/><V60/><F120/><W9/><G104/><T6/><D6/><U25/><E128/><V40/><F79/><W126/><G116/><T57/><D57/><U17/><E47/><N who="2" m="23967" /><F60/><W111/><G42/><T100/><D100/><N who="1" m="62607" /><E17/><V37/><F37/><W4/><G111/><T15/><D1/><U71/><E71/><V2/><F28/><W109/><G31/><T123/><D123/><U0/><E0/><V129/><F129/><W124/><G93/><T56/><D56/><U58/><E58/><V43/><F43/><W127/><G81/><N who="0" m="45263" /><D75/><U114/><E114/><V72/><F72/><W34/><G34/><T68/><D68/><U14/><E14/><V89/><F86/><W29/><G29/><T125/><D125/><U66/><E35/><V113/><F113/><W115/><G115/><T119/><D119/><U110/><E110/><V131/><F131/><W55/><G109/><T41/><D41/><U96/><E24/><N who="2" m="14431" /><F11/><W27/><G130/><T95/><D95/><N who="1" m="56423" /><E25/><V90/><F2/><N who="3" m="151" /><G55/><T48/><D64/><AGARI ba="0,0" hai="16,21,27,36,38,61,64,70,124,126,127" m="151" machi="64" ten="30,2000,0" yaku="18,1,54,1" doraHai="44" who="3" fromWho="0" sc="250,-20,250,0,250,0,250,20" /><INIT seed="1,0,0,4,2,28" ten="230,250,250,270" oya="1" hai0="55,109,5,29,36,9,57,61,104,67,124,76,30" hai1="119,59,72,97,114,62,18,112,6,108,91,41,48" hai2="88,12,53,20,101,65,31,23,75,44,50,89,52" hai3="86,82,46,64,99,81,133,0,47,26,13,16,134"/><U38/><E72/><V49/><F75/><W94/><G0/><T22/><D109/><U14/><E119/><V100/><F65/><W70/><G26/><T32/><D124/><U131/><E38/><V77/><F77/><N who="3" m="46383" /><G82/><T2/><D104/><U106/><E6/><V42/><F42/><W11/><G64/><T116/><D116/><U39/><E39/><V113/><F113/><W45/><G70/><T125/><D125/><U107/><E131/><V117/><F31/><W85/><G85/><T115/><D115/><U126/><E126/><V27/><F27/><W95/><G99/><T19/><D36/><U102/><E107/><V132/><F132/><AGARI ba="0,0" hai="11,13,16,45,46,47,94,95,132,133,134" m="46383" machi="132" ten="30,2000,0" yaku="20,1,54,1" doraHai="28" who="3" fromWho="2" sc="230,0,250,0,250,-20,270,20" /><INIT seed="2,0,0,2,3,85" ten="230,250,230,290" oya="2" hai0="135,127,38,105,2,7,78,44,72,42,68,26,121" hai1="112,63,108,59,20,18,107,126,57,35,53,129,21" hai2="52,60,131,16,65,88,66,91,62,74,56,10,87" hai3="9,29,8,114,48,13,115,83,31,104,55,80,33"/><V67/><F131/><W4/><G104/><T94/><D121/><U19/><E35/><V92/><F74/><W122/><G122/><T36/><D105/><U41/><E112/><N who="3" m="43050" /><G8/><N who="0" m="2167" /><D68/><U30/><E108/><V73/><F73/><W119/><G119/><T79/><D78/><U130/><E107/><V106/><F106/><W76/><G33/><T51/><D51/><U93/><E41/><V116/><F116/><W46/><G80/><N who="0" m="45159" /><D36/><U45/><E45/><V98/><F62/><W86/><AGARI ba="0,0" hai="4,9,13,29,31,46,48,55,76,83,86" m="43050" machi="86" ten="30,1100,0" yaku="11,1" doraHai="85" who="3" fromWho="3" sc="230,-3,250,-3,230,-5,290,11" /><INIT seed="3,0,0,2,4,54" ten="227,247,225,301" oya="3" hai0="109,68,56,130,19,47,11,124,74,117,1,30,46" hai1="114,51,104,75,90,115,76,127,2,17,10,42,57" hai2="72,95,5,62,112,15,105,126,110,98,63,123,77" hai3="45,119,27,12,79,25,21,121,73,37,33,84,24"/><W133/><G73/><T134/><D117/><U7/><E104/><V64/><F112/><W120/><G33/><T103/><D68/><U22/><E127/><V20/><F126/><W88/><G79/><T81/><D124/><U50/><E50/><V48/><F105/><W28/><G119/><T71/><D71/><U100/><E100/><V128/><F72/><W0/><G0/><T91/><D30/><U69/><E69/><V93/><F77/><W35/><G12/><N who="0" m="7583" /><D1/><U58/><E90/><V89/><F110/><W16/><G27/><T67/><D74/><U13/><E76/><V131/><F123/><W23/><G35/><T96/><D130/><N who="2" m="49706" /><F64/><W29/><G16/><T43/><D109/><U60/><E75/><V6/><F48/><W38/><G133/><T4/><D134/><U39/><E39/><V44/><F44/><W122/><G45/><T34/><D43/><U32/><E32/><V111/><F111/><W101/><G101/><T97/><D34/><U8/><E42/><V125/><F125/><W92/><AGARI ba="0,0" hai="21,23,24,25,28,29,37,38,84,88,92,120,121,122" machi="92" ten="30,6000,0" yaku="0,1,9,1,54,1" doraHai="54" who="3" fromWho="3" sc="227,-20,247,-20,225,-20,301,60" owari="207,-19.3,227,2.7,205,-29.5,361,46.1" /></mjloggm>