<mjloggm ver="2.3"><GO type="225" lobby="0"/><UN n0="%70%68%65%6E%6F%6D%65" n1="%E3%81%8B%E3%82%8F%E3%81%A1%E3%82%83%E3%82%93%35%38" n2="%33%74%72%65%65" n3="%E7%B4%94%E6%BD%94%E3%83%94%E3%83%A9%E3%83%8B%E3%82%A2" dan="16,16,17,17" rate="2200.75,2144.34,2158.65,2239.29" sx="M,M,F,M"/><TAIKYOKU oya="0"/><INIT seed="0,0,0,2,1,17" ten="250,250,250,250" oya="0" hai0="5,59,64,93,49,53,51,135,35,109,106,134,72" hai1="108,21,46,118,11,23,107,54,90,69,3,87,112" hai2="128,111,110,61,48,125,15,101,44,57,12,22,126" hai3="63,91,13,105,1,67,102,40,123,89,68,132,96"/><T18/><D106/><U76/><E118/><V113/><F113/><W4/><G132/><N who="0" m="50731" /><D72/><U58/><E69/><V9/><F101/><W97/><G123/><T30/><D5/><U10/><E107/><V85/><F85/><W52/><G1/><T31/><D35/><U34/><E34/><V120/><F120/><W7/><G40/><T32/><D32/><U119/><E119/><V80/><F80/><W41/><G41/><T28/><D64/><U33/><E33/><V104/><F104/><W130/><G130/><T95/><D109/><N who="2" m="41482" /><F128/><W42/><G42/><T100/><D100/><U84/><E46/><V74/><F74/><W99/><G102/><T117/><D117/><U98/><E98/><V20/><F48/><N who="0" m="18506" /><D18/><U38/><E38/><V56/><F44/><W86/><G7/><T129/><D129/><U133/><E133/><V81/><F81/><W43/><G43/><T77/><D77/><U50/><E108/><V122/><F122/><W6/><G4/><T103/><D103/><U79/><E112/><V45/><F45/><W75/><G75/><T127/><D127/><N who="2" m="48650" /><F57/><W65/><G89/><T121/><D121/><U78/><E3/><V36/><F36/><W27/><G105/><T73/><D73/><U60/><E87/><V66/><F12/><W2/><G2/><T124/><D124/><U19/><E84/><V16/><AGARI ba="0,0" hai="9,15,16,20,22,56,61,66" m="48650,41482" machi="16" ten="30,8000,1" yaku="14,1,18,1,52,2,54,1" doraHai="17" who="2" fromWho="2" sc="250,-40,250,-20,250,80,250,-20" /><INIT seed="1,0,0,4,3,38" ten="210,230,330,230" oya="1" hai0="65,1,102,72,74,110,19,55,80,50,34,81,61" hai1="51,112,119,114,83,58,106,78,5,43,131,82,71" hai2="27,32,116,10,130,125,29,54,91,73,86,75,126" hai3="57,70,53,22,45,23,48,6,28,21,31,7,13"/><U105/><E71/><V103/><F116/><W14/><G70/><T11/><D34/><U12/><E119/><V89/><F130/><W120/><G120/><T67/><D110/><U97/><E131/><V132/><F132/><W49/><G14/><T76/><D102/><U124/><E124/><N who="2" m="47723" /><F103/><W15/><G15/><T113/><D113/><U36/><E36/><V104/><F104/><W93/><G93/><T133/><D133/><U41/><E12/><V40/><F40/><N who="3" m="24615" /><G13/><T98/><D19/><U46/><E5/><AGARI ba="0,0" hai="5,6,7,21,22,23,28,31,49,53,57" m="24615" machi="5" ten="30,2000,0" yaku="8,1,52,1" doraHai="38" who="3" fromWho="1" sc="210,0,230,-20,330,0,230,20" /><INIT seed="2,0,0,2,1,19" ten="210,210,330,250" oya="2" hai0="82,74,118,117,91,70,10,18,45,71,26,55,37" hai1="62,123,80,72,25,134,90,9,129,31,21,93,81" hai2="66,120,133,22,75,119,121,0,5,111,86,7,6" hai3="14,109,79,39,100,103,34,87,33,23,41,50,69"/><V47/><F119/><N who="0" m="45578" /><D91/><U125/><E72/><V73/><F0/><W53/><G69/><T88/><D74/><U115/><E115/><V68/><F133/><W130/><G109/><T98/><D10/><U106/><E106/><V114/><F114/><W95/><G130/><T77/><D77/><U44/><E129/><V40/><F75/><W122/><G122/><T2/><D2/><U52/><E134/><V108/><F73/><W65/><G65/><T11/><D11/><U48/><E125/><V12/><F86/><W49/><G39/><T13/><D26/><U105/><E105/><V83/><F83/><W113/><G113/><T92/><D82/><U35/><E123/><V135/><F135/><W64/><G64/><T57/><D45/><U36/><E36/><N who="2" m="21895" /><F66/><W59/><G33/><T61/><D37/><U107/><E107/><V60/><F68/><W28/><G34/><T51/><D51/><U97/><E35/><V110/><F60/><W104/><G79/><T20/><AGARI ba="0,0" hai="13,18,20,55,57,61,70,71,88,92,98" m="45578" machi="20" ten="30,4000,0" yaku="12,1,52,1,54,1" doraHai="19" who="0" fromWho="0" sc="210,40,210,-10,330,-20,250,-10" /><INIT seed="3,0,0,4,1,52" ten="250,200,310,240" oya="3" hai0="125,130,90,129,89,94,57,23,69,7,81,85,78" hai1="114,26,37,29,71,95,60,62,112,43,61,97,31" hai2="9,127,40,11,118,4,110,45,79,115,134,54,72" hai3="49,99,91,106,21,33,82,14,105,126,101,15,36"/><W58/><G33/><T102/><D69/><U56/><E112/><V66/><F115/><W59/><G36/><T53/><D7/><U119/><E114/><V83/><F118/><W131/><G126/><T116/><D116/><U48/><E119/><V16/><F127/><W128/><G49/><N who="0" m="30895" /><D125/><U41/><E71/><V77/><F110/><W98/><G82/><T30/><D30/><U18/><E37/><V20/><F134/><W17/><G15/><T27/><D102/><U113/><E113/><V42/><F77/><W50/><G50/><T124/><D124/><U86/><E86/><V35/><F35/><W22/><G22/><T68/><D68/><U96/><E18/><V13/><F66/><W2/><G2/><T3/><D3/><U12/><E12/><V111/><F111/><W123/><G123/><T39/><D94/><U24/><E48/><V120/><F120/><W32/><G32/><T84/><D85/><U5/><E5/><V34/><F4/><W135/><G135/><T47/><D47/><U38/><E38/><V1/><F1/><W0/><G0/><T28/><D39/><U44/><E56/><N who="3" m="21546" /><G105/><T67/><D67/><U88/><E44/><V132/><F132/><W25/><G14/><T10/><D10/><N who="2" m="3594" /><F34/><W70/><G70/><T73/><D73/><U103/><E29/><V51/><F72/><W92/><G106/><T121/><D121/><U107/><REACH who="1" step="1"/><E31/><REACH who="1" ten="250,190,310,240" step="2"/><V19/><F13/><W104/><G17/><T122/><D122/><U8/><E8/><V74/><F16/><W87/><G87/><N who="0" m="48567" /><D28/><U108/><E108/><V75/><F75/><RYUUKYOKU ba="0,1" sc="250,-30,190,10,310,10,240,10" hai1="24,26,41,43,60,61,62,88,95,96,97,103,107" hai2="19,20,40,42,45,51,54,74,79,83" hai3="21,25,91,92,98,99,101,104,128,131" /><INIT seed="3,1,1,2,4,48" ten="220,200,320,250" oya="3" hai0="114,15,2,36,11,34,68,95,70,130,71,12,129" hai1="21,9,133,26,112,108,19,65,40,77,31,105,104" hai2="60,107,80,122,79,110,51,74,127,53,103,29,88" hai3="116,99,38,120,42,33,82,119,135,10,57,39,30"/><W3/><G120/><T50/><D36/><U4/><E112/><V73/><F122/><W132/><G116/><T109/><D114/><U23/><E40/><V121/><F121/><W106/><G82/><T90/><D34/><U115/><E115/><V45/><F110/><W54/><G30/><T98/><D109/><U8/><E108/><V78/><F127/><W0/><G33/><T41/><D2/><N who="3" m="553" /><G42/><T58/><D15/><U66/><E133/><N who="3" m="51274" /><G10/><N who="1" m="4202" /><E105/><V27/><F80/><W46/><G46/><T72/><D72/><U44/><E104/><V61/><F45/><W7/><G7/><T126/><D41/><U1/><E1/><V5/><F5/><W91/><G119/><T69/><D126/><U94/><E4/><V124/><F124/><W62/><G106/><T92/><N who="0" m="17408" /><DORA hai="117" /><T118/><D118/><U63/><E44/><V25/><F107/><W59/><G57/><T14/><D58/><U32/><E32/><V96/><F74/><W100/><G100/><T28/><D11/><U93/><E77/><V47/><F79/><W13/><G13/><T16/><D14/><N who="1" m="9463" /><E63/><V22/><F61/><W24/><G24/><T102/><D28/><U83/><E83/><N who="2" m="45519" /><F27/><W75/><G75/><T111/><D111/><U52/><E52/><V131/><F60/><W20/><G20/><N who="0" m="11271" /><D50/><U18/><E31/><V125/><F125/><W67/><G67/><AGARI ba="1,1" hai="18,23,26,65,66,67,93,94" m="9463,4202" machi="67" ten="30,1000,0" yaku="8,1" doraHai="48,117" who="1" fromWho="3" sc="220,0,200,23,320,0,250,-13" owari="220,-28.0,223,-17.7,320,42.0,237,3.7" /></mjloggm>