<mjloggm ver="2.3"><GO type="225" lobby="0"/><UN n0="%E3%81%A4%E3%81%A3%E3%81%B1%E3%82%8A%E3%83%9D%E3%83%BC%E3%83%AB" n1="%70%68%65%6E%6F%6D%65" n2="%E8%81%B7%E6%A5%AD%E3%80%81%E9%A2%A8%32" n3="%E5%87%AA%E9%96%93%E3%82%86%E3%81%BF" dan="17,16,16,17" rate="2155.24,2185.49,2181.46,2169.50" sx="M,M,M,F"/><TAIKYOKU oya="0"/><INIT seed="0,0,0,4,3,43" ten="250,250,250,250" oya="0" hai0="70,107,135,114,86,11,77,49,79,50,112,69,9" hai1="60,58,131,115,117,47,5,133,94,76,40,46,113" hai2="88,20,92,16,45,14,64,104,119,59,116,18,0" hai3="97,6,129,71,67,1,19,134,10,23,51,87,66"/><T78/><D107/><U41/><E5/><V83/><F104/><W105/><G134/><T82/><D135/><U122/><E76/><V42/><F0/><W111/><G111/><T130/><D86/><U4/><E4/><V52/><F64/><W110/><G110/><T124/><D82/><U35/><E35/><V17/><F83/><W28/><G28/><T127/><REACH who="0" step="1"/><D78/><REACH who="0" ten="240,250,250,250" step="2"/><U65/><E133/><V121/><F121/><W15/><G87/><T39/><D39/><N who="1" m="21791" /><E94/><V31/><F119/><W36/><G105/><T72/><D72/><U102/><E117/><V91/><F116/><W128/><G36/><T24/><D24/><U22/><E122/><V44/><F42/><W38/><G38/><T120/><D120/><U84/><E84/><N who="2" m="52231" /><F91/><W89/><G89/><T2/><D2/><U103/><E102/><V57/><F57/><W81/><G81/><T108/><D108/><U61/><E103/><V68/><F68/><W123/><G71/><T98/><D98/><U132/><E132/><V75/><F75/><W33/><G97/><T90/><D90/><U25/><E41/><V55/><F14/><W29/><G123/><T13/><D13/><U106/><E106/><V62/><F55/><W34/><G1/><T74/><D74/><U7/><E25/><AGARI ba="0,1" hai="16,17,18,20,25,31,44,45,52,59,62" m="52231" machi="25" ten="30,12000,2" yaku="8,1,52,2,54,3" doraHai="43" who="2" fromWho="1" sc="240,0,250,-120,250,130,250,0" /><INIT seed="1,0,0,2,5,5" ten="240,130,380,250" oya="1" hai0="17,90,135,29,55,103,26,62,64,54,46,8,35" hai1="114,101,109,44,1,106,56,24,96,95,98,19,53" hai2="121,97,77,7,52,117,69,70,65,134,73,105,84" hai3="87,66,28,49,81,130,92,47,13,4,118,124,112"/><U91/><E114/><V93/><F121/><W71/><G112/><T74/><D135/><U18/><E109/><V42/><F117/><W123/><G123/><T33/><D74/><U59/><E1/><V115/><F134/><W110/><G110/><T3/><D35/><U20/><REACH who="1" step="1"/><E19/><REACH who="1" ten="240,120,380,250" step="2"/><V51/><F115/><W133/><G118/><T127/><D17/><U25/><E25/><V132/><F132/><W38/><G133/><T45/><D3/><U89/><E89/><V86/><F7/><W82/><G4/><T72/><D90/><U120/><E120/><V88/><F88/><W50/><G13/><T78/><D26/><U116/><E116/><V60/><F77/><W48/><G130/><T43/><D78/><U9/><E9/><V2/><F2/><W111/><G111/><T80/><D8/><U122/><E122/><V27/><F27/><W58/><G124/><T94/><D127/><U36/><E36/><V128/><F128/><W125/><G125/><T14/><D14/><U131/><E131/><V31/><F31/><W11/><G28/><T41/><D29/><U23/><E23/><V126/><F126/><W12/><G38/><T75/><D33/><U113/><E113/><V79/><F79/><W32/><G12/><T37/><D37/><U107/><E107/><V10/><F105/><W102/><G32/><T99/><D75/><U0/><E0/><V108/><F73/><W15/><G15/><T85/><D72/><U16/><E16/><V21/><F10/><W63/><G11/><T119/><D119/><U129/><E129/><V6/><F108/><RYUUKYOKU ba="0,1" sc="240,-10,120,30,380,-10,250,-10" hai1="18,20,24,44,53,56,59,91,95,96,98,101,106" /><INIT seed="1,1,1,0,3,90" ten="230,150,370,240" oya="1" hai0="104,117,106,18,120,41,93,45,28,17,108,36,64" hai1="4,66,126,97,30,29,122,58,79,42,123,49,46" hai2="96,34,87,51,81,1,107,60,25,129,125,69,105" hai3="14,55,48,38,103,135,130,43,77,80,72,44,127"/><U35/><E126/><V115/><F1/><W68/><G127/><T3/><D117/><U10/><E79/><V16/><F129/><W82/><G130/><T121/><D3/><U74/><E74/><V116/><F116/><W23/><G135/><T53/><D108/><U32/><E35/><V21/><F125/><W27/><G68/><T88/><D64/><U57/><E32/><V15/><F115/><W109/><G109/><T59/><D28/><U2/><E97/><V95/><F51/><W83/><G14/><T132/><D106/><U134/><E134/><V24/><F60/><W63/><G63/><N who="0" m="36335" /><D104/><U39/><E58/><V0/><F0/><W6/><G103/><T8/><D8/><U112/><E112/><V100/><F69/><W9/><G9/><T13/><D13/><U50/><E39/><V54/><F54/><W111/><G6/><T62/><D62/><U26/><E30/><V89/><REACH who="2" step="1"/><F15/><REACH who="2" ten="230,150,360,240" step="2"/><W113/><G113/><T56/><D132/><U52/><REACH who="1" step="1"/><E66/><REACH who="1" ten="230,140,360,240" step="2"/><V22/><F22/><W124/><G124/><T119/><D119/><U73/><E73/><V128/><F128/><W71/><G71/><T85/><D56/><U118/><E118/><V92/><F92/><W33/><G111/><T67/><D67/><U61/><E61/><V75/><F75/><W70/><G70/><T20/><D20/><U86/><E86/><V102/><F102/><W11/><G33/><T7/><D85/><U5/><E5/><V31/><AGARI ba="1,3" hai="16,21,24,25,31,34,81,87,89,95,96,100,105,107" machi="31" ten="30,7900,0" yaku="1,1,0,1,52,1,54,1,53,0" doraHai="90" doraHaiUra="110" who="2" fromWho="2" sc="230,-21,140,-40,360,112,240,-21" /><INIT seed="2,0,0,4,4,29" ten="209,100,472,219" oya="2" hai0="18,114,28,50,92,3,45,71,8,32,75,65,128" hai1="16,123,99,135,63,30,27,21,134,111,10,2,56" hai2="119,52,115,40,88,120,97,38,39,121,58,105,35" hai3="53,37,79,42,36,11,125,100,109,62,6,13,14"/><V17/><F115/><W20/><G109/><T108/><D114/><U95/><E111/><V86/><F119/><W104/><G125/><T34/><D75/><U7/><E123/><V90/><F35/><W49/><G104/><T133/><D108/><U117/><E117/><V129/><F129/><W55/><G100/><T12/><D28/><U77/><E77/><V44/><F39/><W48/><G42/><T82/><D3/><U110/><E110/><V80/><F17/><W74/><G74/><T67/><D82/><U0/><E0/><V68/><F68/><W66/><G79/><T4/><D128/><U1/><E1/><V5/><F5/><W78/><G78/><T113/><D113/><U84/><E84/><V51/><F90/><W69/><G37/><T91/><D4/><U102/><REACH who="1" step="1"/><E30/><REACH who="1" ten="209,90,472,219" step="2"/><V112/><F112/><W127/><G127/><T57/><D133/><U106/><E106/><V96/><F105/><W101/><G36/><T22/><D92/><U131/><E131/><V81/><F120/><W87/><G87/><T70/><D70/><U47/><E47/><V26/><F121/><W23/><G69/><T46/><D46/><U107/><E107/><V31/><F44/><W15/><G6/><T25/><D45/><U76/><E76/><V93/><F86/><W89/><G48/><T94/><D50/><U98/><E98/><V60/><F96/><W33/><G49/><T116/><D71/><U19/><E19/><V9/><F38/><W124/><G62/><T59/><D18/><U24/><E24/><V103/><F26/><W132/><G124/><RYUUKYOKU ba="0,1" sc="209,-10,90,30,472,-10,219,-10" hai1="2,7,10,16,21,27,56,63,95,99,102,134,135" /><INIT seed="3,1,1,2,4,70" ten="199,120,462,209" oya="3" hai0="41,130,128,2,31,61,56,78,92,42,79,15,63" hai1="106,103,120,22,17,58,19,89,57,135,29,98,68" hai2="122,66,13,9,88,83,7,27,104,86,99,35,82" hai3="49,5,90,129,36,55,77,8,47,101,80,75,40"/><W6/><G129/><N who="0" m="49771" /><D2/><U132/><E68/><V133/><F133/><W16/><G101/><T52/><D31/><U4/><E120/><V126/><F126/><W54/><G54/><T105/><D105/><U100/><E4/><V25/><F122/><W131/><G131/><T30/><D30/><U33/><E33/><V12/><F66/><W20/><G90/><T44/><D15/><U3/><E29/><V62/><F62/><W108/><G108/><T127/><D127/><U18/><E3/><V109/><F109/><W85/><G85/><T95/><D63/><U84/><E103/><V124/><F35/><W67/><G67/><T112/><D41/><U51/><E22/><V48/><F104/><W37/><G37/><N who="0" m="21583" /><D112/><U123/><E123/><V96/><F13/><W87/><G87/><T43/><D43/><U110/><E110/><V60/><F124/><W65/><G65/><T102/><D95/><U53/><E58/><V72/><F72/><W1/><G6/><T121/><D121/><U114/><E114/><V91/><F91/><W14/><G55/><T50/><D61/><U125/><E125/><V11/><F60/><W71/><G49/><T59/><D59/><U21/><E21/><V24/><F48/><W28/><G28/><T81/><D81/><N who="1" m="49295" /><E135/><V23/><F83/><W73/><G73/><T26/><D26/><N who="2" m="10346" /><F11/><W107/><G107/><T111/><D111/><U119/><E132/><V113/><F113/><W46/><G46/><T117/><D117/><U97/><E119/><V118/><F118/><W134/><G134/><T10/><D10/><U38/><E38/><RYUUKYOKU ba="1,1" sc="199,0,120,0,462,0,209,0" hai0="50,52,56,78,79,92,102" hai1="17,18,19,51,53,57,97,98,100,106" hai2="7,9,12,23,27,82,86,88,96,99" hai3="1,5,8,14,16,20,36,40,47,71,75,77,80" /><INIT seed="3,2,1,1,1,105" ten="199,120,462,209" oya="3" hai0="62,12,41,75,29,60,86,84,38,6,119,66,109" hai1="69,96,122,82,9,94,78,48,127,68,20,90,39" hai2="72,37,129,7,49,2,85,52,92,91,117,130,55" hai3="45,133,132,36,87,76,95,134,70,77,59,63,32"/><W102/><G70/><T81/><D119/><U24/><E127/><V58/><F37/><W79/><G32/><T33/><D109/><U54/><E122/><V123/><F117/><W23/><G23/><T14/><D62/><U97/><E39/><V34/><F34/><W4/><G4/><T108/><D108/><U16/><E96/><V111/><F123/><W120/><G120/><T80/><D75/><U100/><E100/><V64/><F72/><W89/><G102/><T42/><D29/><U128/><E128/><N who="2" m="49259" /><F111/><W116/><G116/><T3/><D3/><U88/><E90/><V106/><F106/><W61/><G59/><N who="0" m="37151" /><D33/><U43/><E43/><AGARI ba="2,1" hai="36,43,45,61,63,76,77,79,87,89,95,132,133,134" machi="43" ten="50,2400,0" yaku="20,1" doraHai="105" who="3" fromWho="1" sc="199,0,120,-30,462,0,209,40" /><INIT seed="3,3,0,3,1,125" ten="199,90,462,249" oya="3" hai0="56,49,46,37,65,117,92,64,35,133,53,69,18" hai1="89,98,43,121,83,76,11,88,103,102,95,58,33" hai2="12,110,2,97,60,93,8,77,14,44,130,71,78" hai3="55,128,90,131,30,104,79,129,114,106,67,80,123"/><W38/><G114/><T118/><D35/><U40/><E33/><V10/><F2/><W25/><G123/><T28/><D28/><U31/><E121/><V6/><F110/><W73/><G67/><N who="0" m="25675" /><D18/><U51/><E31/><V9/><F71/><W116/><G116/><N who="0" m="44651" /><D92/><U41/><E11/><N who="2" m="4171" /><F60/><W5/><G5/><T70/><D133/><U134/><E134/><V82/><F130/><W113/><G113/><T120/><D120/><U0/><E0/><V22/><F44/><W132/><G132/><T112/><D112/><U109/><E109/><V86/><F86/><W59/><G38/><T63/><D37/><U115/><E115/><V3/><F3/><W16/><G90/><T62/><D62/><U105/><E103/><N who="2" m="60847" /><F82/><W20/><G30/><T34/><D34/><U74/><REACH who="1" step="1"/><E105/><REACH who="1" ten="199,80,462,249" step="2"/><V42/><F42/><AGARI ba="3,1" hai="42,46,49,53,56,63,69,70" m="44651,25675" machi="42" ten="30,2000,0" yaku="34,2" doraHai="125" who="0" fromWho="2" sc="199,39,80,0,462,-29,249,0" owari="238,-16.2,80,-42.0,433,53.3,249,4.9" /></mjloggm>