<mjloggm ver="2.3"><GO type="225" lobby="0"/><UN n0="%E9%A6%AC%E5%BC%95%E7%81%AB%33" n1="%E5%B6%BA%E4%B8%8A%E5%92%B2" n2="%E5%91%A8%E6%9D%B1" n3="%E3%82%8F%E3%81%8B%E3%81%B0%2A%E3%82%AC%E3%83%BC%E3%83%AB" dan="16,16,16,16" rate="2072.28,2155.83,2220.45,2097.21" sx="M,F,M,M"/><TAIKYOKU oya="0"/><INIT seed="0,0,0,3,1,21" ten="250,250,250,250" oya="0" hai0="19,88,134,85,94,27,70,64,135,47,96,66,68" hai1="39,132,113,58,129,103,86,76,57,127,44,115,89" hai2="40,18,36,87,80,60,16,24,5,122,61,114,102" hai3="99,72,126,71,11,131,83,90,130,42,82,32,52"/><T29/><D19/><U48/><E129/><N who="3" m="49162" /><G71/><N who="0" m="27179" /><D96/><U118/><E118/><V123/><F114/><N who="1" m="43529" /><E132/><N who="0" m="50729" /><D47/><U69/><E127/><V12/><F102/><W110/><G110/><T53/><D53/><U9/><E69/><V28/><F5/><W117/><G126/><T56/><D56/><U84/><E103/><V38/><F123/><W22/><G32/><AGARI ba="0,0" hai="27,29,32,64,66,85,88,94" m="50729,27179" machi="32" ten="30,5800,0" yaku="20,1,52,1,54,1" doraHai="21" who="0" fromWho="3" sc="250,58,250,0,250,0,250,-58" /><INIT seed="0,1,0,5,5,44" ten="308,250,250,192" oya="0" hai0="46,90,95,53,120,8,111,67,112,89,30,0,29" hai1="88,103,5,104,108,83,69,33,94,36,131,117,80" hai2="35,84,76,121,124,113,102,19,32,65,31,86,14" hai3="75,129,59,26,78,74,135,39,91,40,116,101,7"/><T126/><D112/><U87/><E117/><V81/><F113/><W47/><G116/><T34/><D120/><U96/><E69/><V25/><F124/><W11/><G129/><T79/><D126/><U66/><E33/><V93/><F121/><W72/><G135/><T130/><D130/><U85/><E66/><V114/><F114/><W55/><G101/><T37/><D79/><N who="1" m="46239" /><E36/><V24/><F65/><W42/><G42/><T107/><D67/><U71/><E5/><V38/><F38/><W27/><G91/><T123/><D46/><U45/><E45/><V61/><F61/><W110/><G110/><T48/><D8/><U133/><E71/><V70/><F70/><W122/><G122/><T68/><D30/><U105/><E108/><V23/><F102/><W12/><REACH who="3" step="1"/><G78/><REACH who="3" ten="308,250,250,182" step="2"/><T16/><D90/><N who="1" m="51583" /><E131/><V128/><F128/><W58/><G58/><T100/><D111/><U119/><E119/><V13/><F35/><W64/><G64/><T92/><D34/><U20/><E133/><V73/><F73/><W28/><G28/><T62/><D29/><U3/><E20/><N who="2" m="13343" /><F32/><W57/><G57/><T18/><D68/><U109/><E109/><V4/><F31/><W41/><G41/><T2/><D123/><U99/><E3/><V9/><F76/><W118/><G118/><T22/><D22/><U15/><E15/><V97/><F14/><W106/><G106/><AGARI ba="1,1" hai="88,94,96,99,103,104,105,106" m="51583,46239" machi="106" ten="30,12000,2" yaku="35,5,54,1" doraHai="44" who="1" fromWho="3" sc="308,0,250,133,250,0,182,-123" /><INIT seed="1,0,0,4,5,87" ten="308,383,250,59" oya="1" hai0="9,21,82,133,1,59,77,70,27,57,134,6,19" hai1="89,113,104,31,56,118,50,93,85,65,76,84,74" hai2="92,79,10,26,45,55,123,86,91,72,18,17,99" hai3="112,129,36,114,20,127,83,39,32,88,71,61,0"/><U47/><E113/><V40/><F123/><W53/><G127/><T33/><D70/><U2/><E104/><V15/><F72/><W12/><G32/><T43/><D33/><U102/><E2/><V80/><F55/><W29/><G0/><T78/><D43/><N who="1" m="24959" /><E74/><V135/><F135/><N who="0" m="51722" /><D78/><U4/><E118/><V28/><F18/><W67/><G129/><T115/><D115/><U54/><E4/><V52/><F52/><W96/><G53/><T46/><D46/><U130/><E130/><V60/><F60/><W44/><G12/><T30/><D30/><U103/><E31/><V14/><F14/><W25/><G36/><T69/><D69/><U41/><E41/><V105/><F105/><W24/><G24/><T37/><D37/><U7/><E7/><V48/><F28/><W42/><REACH who="3" step="1"/><G83/><REACH who="3" ten="308,383,250,49" step="2"/><T13/><D6/><U97/><E54/><V98/><F26/><W63/><G63/><T68/><D1/><U117/><E117/><V11/><F15/><W34/><G34/><T131/><D82/><N who="1" m="47175" /><E97/><V116/><F99/><W75/><G75/><T100/><D131/><U3/><E3/><V126/><F126/><W51/><G51/><T49/><D49/><U38/><E38/><V111/><F116/><W125/><G125/><T94/><D9/><U58/><E65/><V62/><F11/><W90/><G90/><T81/><D81/><U108/><E108/><V5/><F111/><W16/><G16/><T128/><D19/><U120/><E120/><V23/><F17/><W124/><G124/><T121/><D121/><U66/><E66/><V122/><F122/><RYUUKYOKU ba="0,1" sc="308,-15,383,15,250,-15,49,15" hai1="56,58,85,89,93,102,103" hai3="20,25,29,39,42,44,61,67,71,88,96,112,114" /><INIT seed="1,1,1,3,2,87" ten="293,398,235,64" oya="1" hai0="91,84,43,57,32,76,44,73,101,130,33,69,39" hai1="108,106,55,74,113,14,3,85,45,132,54,105,127" hai2="51,40,92,114,8,9,37,133,123,122,116,68,20" hai3="5,80,64,97,112,22,26,70,34,107,117,21,115"/><U52/><E3/><V50/><F68/><W4/><G117/><T2/><D69/><U128/><E113/><V16/><F116/><W66/><G34/><T120/><D130/><U111/><E74/><V109/><F114/><W82/><G97/><T46/><D120/><U83/><E128/><V118/><F118/><W11/><G11/><T7/><D101/><U67/><E132/><V23/><F133/><W28/><G26/><T30/><D30/><U81/><E127/><V42/><F92/><W31/><REACH who="3" step="1"/><G70/><REACH who="3" ten="293,398,235,54" step="2"/><T0/><D33/><U79/><E14/><V48/><F9/><W56/><G56/><T71/><D57/><U15/><E15/><V102/><F8/><W99/><G99/><T119/><D32/><U124/><E124/><V62/><F123/><W27/><G27/><T35/><D35/><U47/><E67/><V135/><F122/><W6/><G6/><T29/><D7/><U41/><E47/><V72/><F135/><W93/><G93/><T12/><D44/><U131/><E131/><V78/><F23/><W103/><G103/><T10/><D12/><U61/><E61/><V126/><F62/><W89/><G89/><T13/><D91/><U1/><E1/><V100/><F102/><W77/><G77/><T63/><D76/><U121/><E121/><V58/><F100/><W90/><G90/><T65/><D2/><U94/><E94/><V59/><F126/><W19/><G19/><T96/><D0/><U17/><E17/><V24/><F16/><W134/><G134/><T53/><D63/><U60/><E60/><V125/><F125/><RYUUKYOKU ba="1,2" sc="293,-10,398,-10,235,-10,54,30" hai3="4,5,21,22,28,31,64,66,80,82,107,112,115" /><INIT seed="2,2,2,1,5,128" ten="283,388,225,84" oya="2" hai0="19,27,33,71,64,121,129,70,12,126,95,78,17" hai1="8,114,88,75,18,5,131,50,134,51,46,26,108" hai2="31,72,122,29,135,81,69,116,123,90,57,16,20" hai3="10,52,109,34,14,82,43,77,36,97,48,22,130"/><V39/><F69/><W13/><G130/><T91/><D121/><U100/><E108/><V60/><F116/><W55/><G109/><T93/><D129/><U7/><E75/><V66/><F39/><W37/><G34/><T24/><D78/><U0/><E114/><V21/><F123/><W6/><G97/><T54/><D54/><U56/><E100/><V112/><F112/><W84/><G36/><T53/><D53/><U41/><E134/><V119/><F119/><W44/><REACH who="3" step="1"/><G37/><REACH who="3" ten="283,388,225,74" step="2"/><T103/><D33/><U89/><E131/><V101/><F122/><W127/><G127/><T59/><D126/><U113/><E113/><V4/><F135/><W106/><G106/><T125/><D125/><U87/><E7/><V83/><F4/><W65/><G65/><T61/><D64/><U85/><E85/><V38/><F38/><W25/><G25/><T120/><D24/><U28/><E87/><V124/><F124/><W58/><G58/><T3/><D59/><U1/><E56/><V105/><F105/><W23/><G23/><T79/><D27/><U74/><E74/><V47/><F72/><W76/><G76/><T11/><D79/><U73/><E73/><V2/><F21/><W132/><G132/><T86/><D86/><U9/><E5/><V99/><F20/><W80/><G80/><T42/><D70/><U96/><E26/><V68/><F83/><W40/><G40/><T92/><D42/><U115/><E41/><V62/><F81/><W102/><G102/><T110/><D71/><U35/><E35/><V15/><F101/><W32/><G32/><RYUUKYOKU ba="2,3" sc="283,-10,388,-10,225,-10,74,30" hai3="6,10,13,14,22,43,44,48,52,55,77,82,84" /><INIT seed="3,3,3,4,5,14" ten="273,378,215,104" oya="3" hai0="54,109,12,96,70,75,52,128,94,21,85,0,97" hai1="133,4,134,92,93,33,69,66,90,6,40,41,45" hai2="84,125,17,79,121,82,118,68,10,98,87,48,83" hai3="8,76,104,103,131,31,113,132,9,71,25,100,37"/><W77/><G113/><T72/><D0/><U56/><E33/><V116/><F68/><W115/><G115/><T13/><D70/><U38/><E69/><V1/><F125/><W57/><G71/><T62/><D109/><U22/><E41/><V60/><F121/><W106/><G37/><T23/><D94/><U39/><E39/><V42/><F60/><W5/><G131/><T89/><D89/><U78/><E78/><N who="3" m="30314" /><G104/><T20/><D20/><U28/><E92/><V44/><F98/><W36/><G106/><T127/><D85/><N who="1" m="52431" /><E66/><V119/><F1/><W2/><G2/><T27/><D27/><N who="1" m="16503" /><E56/><V24/><F119/><W49/><G36/><T108/><D108/><U65/><E65/><V46/><F118/><W81/><G132/><AGARI ba="3,3" hai="4,6,38,40,45,132,133,134" m="16503,52431" machi="132" ten="30,1000,0" yaku="20,1" doraHai="14" who="1" fromWho="3" sc="273,0,378,49,215,0,104,-19" owari="273,7.3,427,52.7,215,-18.5,85,-41.5" /></mjloggm>