<mjloggm ver="2.3"><GO type="225" lobby="0"/><UN n0="%E5%91%A8%E6%9D%B1" n1="%E6%81%A5%E6%99%92%E3%81%97" n2="%E5%B8%86%E7%AB%8B%E5%A4%8F%E8%A1%A3" n3="%E3%83%96%E3%83%83%E3%83%91%E3%82%AA%E3%83%96%E3%83%81%E3%82%AD%E3%83%B3" dan="17,16,17,16" rate="2157.94,2103.30,2215.81,2157.72" sx="M,M,M,M"/><TAIKYOKU oya="0"/><INIT seed="0,0,0,2,2,97" ten="250,250,250,250" oya="0" hai0="103,131,69,132,6,15,66,14,54,129,133,4,0" hai1="18,5,61,125,21,102,36,10,3,117,110,106,104" hai2="62,92,7,105,25,38,81,128,48,64,59,82,113" hai3="51,52,46,88,19,28,37,63,24,90,12,71,27"/><T99/><D54/><U17/><E117/><V65/><F113/><W42/><G71/><T120/><D120/><U2/><E36/><V41/><F128/><N who="0" m="49226" /><D66/><U29/><E2/><V94/><F105/><W73/><G73/><T32/><D32/><U122/><E122/><V127/><F38/><W95/><G28/><T68/><D15/><U11/><E110/><V109/><F109/><W47/><G63/><T135/><D14/><U119/><E119/><V8/><F127/><W26/><REACH who="3" step="1"/><G95/><REACH who="3" ten="250,250,250,240" step="2"/><N who="0" m="58879" /><D0/><U43/><E3/><V20/><F62/><W44/><G44/><T35/><D35/><U58/><E61/><V87/><F64/><W111/><G111/><T60/><D60/><U56/><E29/><V98/><F65/><W50/><G50/><T114/><D114/><U22/><E58/><V126/><F59/><W31/><G31/><T75/><D75/><U115/><E56/><V23/><F48/><W53/><G53/><T85/><D85/><U112/><E115/><V49/><F87/><W83/><G83/><T45/><D45/><U16/><E112/><V13/><F82/><W108/><G108/><T123/><D123/><U67/><E67/><V79/><F81/><W101/><G101/><T77/><D77/><U76/><E102/><V96/><F79/><W55/><G55/><T121/><D121/><U124/><E76/><V100/><F49/><W118/><G118/><T116/><D116/><U1/><E1/><V40/><F100/><W30/><G30/><T89/><D89/><U130/><E130/><V33/><F33/><W57/><G57/><T39/><D39/><RYUUKYOKU ba="0,1" sc="250,15,250,-15,250,-15,240,15" hai0="4,6,68,69,132,133,135" hai3="12,19,24,26,27,37,42,46,47,51,52,88,90" /><INIT seed="0,1,1,0,4,131" ten="265,235,235,255" oya="0" hai0="50,103,61,15,127,111,10,128,64,45,47,74,117" hai1="126,28,11,20,37,87,59,124,43,71,42,12,9" hai2="3,21,26,52,80,99,81,23,84,6,65,62,5" hai3="132,2,72,88,8,119,70,22,97,44,76,83,53"/><T38/><D117/><U4/><E71/><V121/><F121/><W108/><G119/><T32/><D128/><U98/><E98/><V133/><F133/><W49/><G108/><T114/><D114/><U118/><E118/><V129/><F129/><W85/><G70/><T68/><D74/><U86/><E59/><N who="2" m="35175" /><F3/><W40/><G132/><T112/><D112/><U82/><E11/><V130/><F65/><W27/><G97/><T66/><D32/><U7/><E7/><V122/><F122/><W55/><G8/><T67/><D111/><U92/><E92/><V30/><F130/><W75/><G2/><T13/><D103/><U54/><E54/><V33/><F33/><W0/><G0/><T120/><D120/><U77/><E87/><V34/><F34/><W100/><G100/><T73/><D73/><U41/><REACH who="1" step="1"/><E37/><REACH who="1" ten="265,225,235,255" step="2"/><V135/><F99/><W125/><G75/><T18/><D38/><U90/><E90/><N who="2" m="51463" /><F135/><W48/><G72/><T58/><D68/><U16/><E16/><N who="2" m="12583" /><F81/><W60/><G83/><T51/><D66/><U14/><E14/><V35/><F35/><W69/><G69/><T106/><D67/><U31/><E31/><V101/><F101/><W79/><G27/><AGARI ba="1,2" hai="4,9,12,20,27,28,41,42,43,77,82,86,124,126" machi="27" ten="40,1300,0" yaku="1,1,53,0" doraHai="131" doraHaiUra="123" who="1" fromWho="3" sc="265,0,225,36,235,0,255,-16" /><AGARI ba="1,0" hai="5,6,23,27,30" m="12583,51463,35175" machi="27" ten="30,3900,0" yaku="8,1,54,2" doraHai="131" who="2" fromWho="3" sc="265,0,261,0,235,39,239,-39" /><INIT seed="1,0,0,5,4,27" ten="265,261,274,200" oya="1" hai0="37,84,10,97,18,122,100,49,59,57,13,9,45" hai1="1,67,43,42,82,15,90,74,124,118,128,44,32" hai2="53,99,4,121,24,91,88,26,116,93,31,76,30" hai3="69,56,131,8,85,33,117,80,50,7,92,83,81"/><U120/><E1/><V86/><F116/><W48/><G69/><T55/><D122/><U47/><E120/><V28/><F121/><W36/><G36/><T129/><D129/><U127/><E118/><V17/><F4/><W94/><G33/><T25/><D37/><U98/><E128/><V114/><F114/><W35/><G131/><T46/><D10/><U19/><E67/><V21/><F76/><W87/><G35/><T0/><D0/><U126/><E32/><V130/><F53/><W64/><G117/><T2/><D2/><U22/><E98/><V63/><F63/><W75/><G75/><T104/><D46/><N who="1" m="17451" /><E90/><V73/><F73/><W23/><G23/><T60/><D60/><U3/><E3/><V113/><F113/><W103/><G64/><T5/><D5/><U11/><E11/><V119/><F119/><W79/><G56/><T6/><D6/><U125/><E125/><V112/><F112/><W134/><G134/><T115/><D115/><U51/><E51/><V102/><F130/><W135/><G135/><T12/><D12/><U70/><E70/><V68/><F68/><W61/><G61/><T132/><D132/><U95/><E95/><N who="3" m="36394" /><G103/><T123/><D123/><U110/><E110/><V107/><F91/><N who="3" m="51623" /><G83/><T96/><D96/><U20/><E22/><AGARI ba="0,0" hai="17,21,22,24,26,28,30,31,86,88,93,99,102,107" machi="22" ten="30,8000,1" yaku="7,1,52,3,54,1" doraHai="27" who="2" fromWho="1" sc="265,0,261,-80,274,80,200,0" /><INIT seed="2,0,0,0,3,126" ten="265,181,354,200" oya="2" hai0="46,72,8,40,121,74,76,50,98,92,80,69,128" hai1="95,91,102,20,116,134,115,133,107,10,101,30,57" hai2="26,103,85,112,56,33,124,83,109,34,118,86,51" hai3="119,70,132,3,42,5,22,28,123,88,110,48,0"/><V113/><F118/><W122/><G70/><T90/><D121/><N who="3" m="46089" /><G42/><T4/><D69/><U60/><E115/><V63/><F56/><W78/><G48/><T125/><D125/><U58/><E116/><V99/><F51/><W104/><G88/><T108/><D108/><U47/><E10/><V19/><F124/><W23/><G78/><T67/><D67/><U18/><E30/><V39/><F39/><W106/><G119/><T45/><D45/><U21/><E47/><V114/><F63/><W66/><G66/><T13/><REACH who="0" step="1"/><D128/><REACH who="0" ten="255,181,354,200" step="2"/><U14/><E133/><V73/><F109/><W12/><G110/><T32/><D32/><U44/><E44/><V105/><F34/><W61/><G132/><T135/><D135/><U117/><E134/><V35/><F33/><W84/><G106/><T15/><D15/><U9/><E117/><V68/><F35/><W24/><G12/><T55/><D55/><N who="1" m="33855" /><E107/><V59/><F68/><W2/><G104/><T77/><D77/><U27/><E58/><V64/><F59/><W87/><G3/><T100/><D100/><N who="1" m="38507" /><E27/><V94/><F26/><N who="3" m="16471" /><G0/><T49/><D49/><U129/><E129/><V89/><F64/><W93/><G61/><T37/><D37/><U17/><E17/><V71/><F19/><N who="3" m="12415" /><G2/><T7/><D7/><U25/><E25/><V54/><F71/><W127/><G127/><T31/><D31/><U16/><E18/><V65/><F65/><W130/><G130/><T131/><D131/><U36/><E36/><V29/><F29/><W81/><G5/><T82/><D82/><U53/><E53/><V111/><F111/><RYUUKYOKU ba="0,1" sc="255,15,181,15,354,-15,200,-15" hai0="4,8,13,40,46,50,72,74,76,80,90,92,98" hai1="9,14,16,20,21,91,95" /><INIT seed="3,1,1,5,4,119" ten="270,196,339,185" oya="3" hai0="42,132,33,18,57,105,60,98,104,113,128,85,135" hai1="7,47,10,48,34,49,118,95,62,88,12,91,31" hai2="107,76,74,109,134,130,122,16,65,97,63,92,94" hai3="84,110,64,125,3,69,13,79,89,11,117,112,75"/><W2/><G112/><T30/><D42/><N who="1" m="24695" /><E118/><V53/><F122/><W87/><G117/><T70/><D113/><U126/><E34/><V14/><F130/><W114/><G114/><T56/><D128/><U80/><E126/><V100/><F134/><W61/><G125/><T82/><D18/><U115/><E115/><V52/><F109/><W43/><G110/><T41/><D41/><U121/><E121/><V50/><F76/><W111/><G111/><T66/><D105/><U106/><E106/><V72/><F72/><W116/><G116/><T9/><D9/><U129/><E129/><V59/><F74/><W32/><G32/><T39/><D39/><U37/><E37/><V25/><F25/><W6/><G43/><T0/><D0/><U78/><E31/><V127/><F53/><W21/><G21/><T90/><D57/><U96/><E49/><V1/><F1/><W27/><G27/><N who="0" m="18655" /><D56/><U46/><E46/><V123/><F123/><W22/><G22/><T86/><D86/><N who="1" m="48407" /><E62/><V17/><F17/><W103/><G103/><AGARI ba="1,1" hai="60,66,70,82,85,90,98,103,104,132,135" m="18655" machi="103" ten="30,1000,0" yaku="25,1" doraHai="119" who="0" fromWho="3" sc="270,23,196,0,339,0,185,-13" /><AGARI ba="1,0" hai="7,10,12,88,91,95,96,103" m="48407,24695" machi="103" ten="30,3900,0" yaku="25,1,8,1,54,1" doraHai="119" who="1" fromWho="3" sc="293,0,196,39,339,0,172,-39" owari="293,9.3,235,-16.5,339,43.9,133,-36.7" /></mjloggm>