<mjloggm ver="2.3"><GO type="225" lobby="0"/><UN n0="%E5%B6%BA%E4%B8%8A%E5%92%B2" n1="%E8%A8%88%E7%AE%97%E6%A9%9F%E8%87%AA%E7%84%B6" n2="%E3%83%81%E3%83%83%E3%82%BF%E3%82%BD%E3%83%BC" n3="%E3%83%96%E3%83%83%E3%83%91%E3%82%AA%E3%83%96%E3%83%81%E3%82%AD%E3%83%B3" dan="16,17,17,16" rate="2176.10,2123.56,2200.69,2129.48" sx="F,M,F,M"/><TAIKYOKU oya="0"/><INIT seed="0,0,0,0,4,121" ten="250,250,250,250" oya="0" hai0="18,106,118,38,67,55,132,17,13,45,94,6,37" hai1="101,70,134,89,82,74,108,43,88,41,111,104,119" hai2="79,58,64,97,2,128,35,96,11,48,39,80,83" hai3="65,127,52,24,124,33,62,116,29,57,0,32,135"/><T103/><D118/><U105/><E70/><V100/><F128/><W126/><G116/><T19/><D106/><N who="1" m="41067" /><E119/><V27/><F39/><W50/><G135/><T5/><D132/><U77/><E134/><V14/><F2/><W40/><G0/><T15/><D67/><U23/><E23/><V25/><F83/><W113/><G113/><T59/><D38/><U49/><E49/><V71/><F71/><W93/><G93/><T22/><D37/><U31/><E31/><V68/><F68/><W92/><G92/><T130/><D45/><U46/><E101/><V9/><F9/><W8/><G8/><N who="0" m="6503" /><D130/><U107/><N who="1" m="41075" /><U56/><DORA hai="36" /><E56/><V76/><F35/><W117/><G117/><T51/><D19/><U54/><E54/><N who="2" m="32071" /><F64/><W30/><G30/><T34/><D34/><U120/><E46/><V53/><F100/><W86/><G33/><T4/><D6/><U3/><E3/><V84/><F53/><W122/><G65/><T1/><D1/><U42/><E120/><V81/><F25/><W63/><G122/><T112/><D112/><U61/><E61/><V12/><F27/><W90/><G63/><T16/><D17/><U20/><E20/><V133/><F133/><W69/><G69/><T44/><D59/><U91/><E82/><V10/><F11/><W114/><G114/><T129/><D5/><U66/><E66/><V26/><F26/><W28/><G28/><T78/><D129/><U110/><E74/><N who="2" m="43031" /><F10/><W98/><G62/><T125/><D4/><U123/><E123/><V102/><F102/><W75/><G24/><T47/><D103/><RYUUKYOKU ba="0,0" sc="250,-15,250,15,250,15,250,-15" hai1="41,42,43,77,88,89,91,108,110,111" hai2="12,14,79,81,84,96,97" /><INIT seed="1,1,0,4,2,74" ten="235,265,265,235" oya="1" hai0="91,4,61,18,123,80,95,40,11,8,127,63,14" hai1="21,7,13,44,6,64,51,48,79,41,5,69,27" hai2="106,101,92,98,15,39,76,129,119,23,118,66,1" hai3="103,37,36,93,55,25,24,0,130,124,82,19,120"/><U38/><E69/><V88/><F1/><W31/><G120/><T133/><D123/><U104/><E104/><V12/><F39/><W83/><G0/><T30/><D133/><U65/><E38/><V81/><F129/><W87/><G130/><T35/><D127/><U85/><E48/><V78/><F66/><W49/><G124/><T97/><D40/><U121/><E13/><V45/><F45/><W53/><G36/><T57/><D80/><N who="1" m="47263" /><E121/><V89/><F23/><N who="3" m="15807" /><G37/><T70/><D70/><U122/><E122/><V56/><F56/><W46/><G55/><T105/><D105/><U94/><E94/><V96/><F15/><W125/><G125/><T71/><D71/><U128/><E128/><V17/><F89/><N who="3" m="53439" /><G103/><T3/><REACH who="0" step="1"/><D57/><REACH who="0" ten="225,265,265,235" step="2"/><U26/><E26/><AGARI ba="1,1" hai="3,4,8,11,14,18,26,30,35,61,63,91,95,97" machi="26" ten="40,5200,0" yaku="1,1,2,1,53,1" doraHai="74" doraHaiUra="90" who="0" fromWho="1" sc="225,65,265,-55,265,0,235,0" /><INIT seed="2,0,0,3,5,45" ten="290,210,265,235" oya="2" hai0="132,7,104,121,134,24,6,131,79,17,116,11,92" hai1="29,43,9,40,89,14,127,110,23,73,113,36,126" hai2="97,10,0,100,87,91,50,111,66,77,3,106,62" hai3="28,15,68,4,65,96,60,72,63,67,74,38,2"/><V32/><F32/><W39/><G28/><T49/><D104/><U120/><E73/><V18/><F111/><W5/><G15/><T105/><D121/><U26/><E113/><V135/><F135/><N who="0" m="51754" /><D105/><U115/><E115/><V69/><F77/><W58/><G96/><T82/><D131/><U16/><E110/><V52/><F18/><W85/><G85/><N who="0" m="48351" /><D92/><U95/><E120/><V98/><F10/><W129/><G129/><T78/><D78/><U84/><REACH who="1" step="1"/><E36/><REACH who="1" ten="290,200,265,235" step="2"/><V130/><F130/><W30/><G39/><T112/><D112/><U33/><E33/><V118/><F118/><W8/><G38/><T107/><D116/><U12/><E12/><V103/><F103/><W99/><G74/><T102/><D102/><U109/><E109/><V114/><F114/><W34/><G72/><T108/><D108/><U13/><E13/><V61/><F0/><W35/><G2/><N who="0" m="471" /><D7/><U1/><E1/><V117/><F117/><W20/><G35/><T54/><D107/><U31/><E31/><V70/><F3/><W86/><G34/><T64/><D17/><U42/><AGARI ba="0,1" hai="9,14,16,23,26,29,40,42,43,84,89,95,126,127" machi="42" ten="30,4000,0" yaku="1,1,0,1,54,1,53,0" doraHai="45" doraHaiUra="47" who="1" fromWho="1" sc="290,-10,200,50,265,-20,235,-10" /><INIT seed="3,0,0,3,1,118" ten="280,250,245,225" oya="3" hai0="31,74,119,113,67,18,133,16,80,24,39,10,93" hai1="65,81,49,97,40,79,135,7,89,29,104,27,107" hai2="78,91,30,105,60,36,76,132,41,33,6,51,3" hai3="99,17,131,128,123,102,88,69,130,75,12,62,112"/><W95/><G112/><T73/><D39/><U71/><E135/><V52/><F105/><W26/><G75/><T70/><D113/><U92/><E7/><V116/><F116/><W122/><G26/><T56/><D119/><U124/><E124/><V126/><F126/><W61/><G102/><T37/><D37/><U84/><E71/><V0/><F132/><W86/><G99/><T4/><D70/><U64/><E107/><V125/><F60/><N who="3" m="23147" /><G69/><T34/><D67/><U121/><E121/><V46/><F125/><W55/><G55/><T85/><D56/><U54/><E40/><V117/><F117/><W68/><G68/><T53/><D53/><U21/><REACH who="1" step="1"/><E104/><REACH who="1" ten="280,240,245,225" step="2"/><V108/><F41/><W5/><G5/><T134/><D134/><U48/><E48/><V59/><F36/><W14/><G14/><T114/><D133/><U87/><E87/><V11/><F0/><W13/><G13/><T111/><D114/><U72/><E72/><V42/><F42/><W47/><G47/><AGARI ba="0,1" hai="21,27,29,47,49,54,64,65,79,81,84,89,92,97" machi="47" ten="30,7700,0" yaku="1,1,7,1,8,1,53,1" doraHai="118" doraHaiUra="83" who="1" fromWho="3" sc="280,0,240,87,245,0,225,-77" owari="280,8.0,327,42.7,245,-15.5,148,-35.2" /></mjloggm>