<mjloggm ver="2.3"><GO type="225" lobby="0"/><UN n0="%E7%89%B9%E6%9D%B1%E3%81%AF%E4%B8%96%E7%95%8C%E3%82%92%E6%95%91%E3%81%86" n1="%E3%83%A9%E3%82%A4%E3%83%B3%E3%81%AE%E8%99%8E" n2="%E3%83%A9%E3%82%B9%E7%8E%87%EF%BC%93%E5%89%B2" n3="%E9%BB%99%E8%81%B4%E3%81%AE%E3%81%99%E3%82%9D%E3%82%81" dan="16,16,16,16" rate="2162.92,2139.36,2223.66,2152.24" sx="M,M,F,M"/><TAIKYOKU oya="0"/><INIT seed="0,0,0,5,0,41" ten="250,250,250,250" oya="0" hai0="61,123,70,13,10,100,124,104,77,96,67,30,107" hai1="24,135,83,57,78,40,47,84,2,68,129,62,31" hai2="127,89,54,69,18,63,50,119,32,105,23,1,29" hai3="122,86,93,110,6,85,12,74,8,111,73,60,102"/><T132/><D132/><U71/><E135/><V128/><F105/><W98/><G122/><T133/><D133/><U11/><E129/><V114/><F1/><W42/><G42/><T72/><D124/><U121/><E121/><V37/><F37/><W88/><G86/><T80/><D123/><U27/><E27/><V64/><F32/><W90/><G90/><T45/><D30/><U117/><E117/><V134/><F29/><W43/><G43/><T3/><D3/><U106/><E106/><V120/><F114/><W81/><REACH who="3" step="1"/><G60/><REACH who="3" ten="250,250,250,240" step="2"/><T87/><D87/><U65/><E2/><V38/><F120/><W15/><G15/><T51/><D100/><U59/><E71/><V125/><F134/><W103/><G103/><T116/><D96/><U99/><E99/><V17/><F125/><W55/><G55/><T131/><D116/><U113/><E113/><V112/><F127/><W115/><G115/><T79/><D79/><U22/><REACH who="1" step="1"/><E11/><REACH who="1" ten="250,240,250,240" step="2"/><V5/><F112/><W49/><G49/><AGARI ba="0,2" hai="22,24,31,40,47,49,57,59,62,65,68,78,83,84" machi="49" ten="30,8000,1" yaku="1,1,2,1,7,1,52,1,53,1" doraHai="41" doraHaiUra="20" who="1" fromWho="3" sc="250,0,240,100,250,0,240,-80" /><INIT seed="1,0,0,4,1,131" ten="250,340,250,160" oya="1" hai0="34,27,44,8,102,32,66,19,33,100,90,117,64" hai1="85,101,30,82,11,15,3,83,129,56,31,72,75" hai2="130,61,45,37,29,50,73,127,103,5,76,135,77" hai3="86,25,115,23,0,108,39,41,43,119,96,69,121"/><U14/><E3/><V81/><F130/><W20/><G115/><T111/><D117/><U95/><E129/><V99/><F77/><W54/><G121/><T38/><D111/><U84/><E56/><V97/><F127/><W88/><G0/><T60/><D90/><U21/><E95/><V51/><F29/><W134/><G69/><T122/><D122/><U98/><E98/><V79/><F79/><W116/><G108/><T125/><D125/><U46/><E46/><V94/><F61/><W58/><G96/><T59/><D64/><U120/><E21/><V68/><F68/><W112/><G112/><T104/><D104/><U40/><E40/><V22/><F22/><W106/><G106/><T63/><D63/><U13/><E11/><V80/><F80/><W17/><G23/><T87/><D27/><U57/><E57/><V7/><F99/><W110/><G110/><T18/><D59/><U9/><E9/><V89/><F89/><W52/><G54/><T1/><D60/><U74/><E101/><V65/><F65/><W93/><G134/><T36/><D66/><U126/><E126/><V91/><F135/><W71/><G71/><T55/><D102/><U78/><REACH who="1" step="1"/><E120/><REACH who="1" ten="250,330,250,160" step="2"/><V67/><F103/><W132/><G132/><T6/><D8/><U128/><E128/><V123/><F123/><W26/><G41/><T53/><D100/><U48/><E48/><N who="2" m="18475" /><F67/><W124/><G124/><T35/><D35/><U118/><E118/><N who="3" m="45098" /><G43/><N who="0" m="22631" /><D34/><U70/><E70/><V133/><F133/><W114/><G114/><T28/><D33/><U105/><E105/><V10/><F10/><RYUUKYOKU ba="0,1" sc="250,-15,330,15,250,15,160,-15" hai1="13,14,15,30,31,72,74,75,78,82,83,84,85" hai2="5,7,37,45,73,76,81,91,94,97" /><INIT seed="1,1,1,2,0,132" ten="235,345,265,145" oya="1" hai0="56,10,134,104,133,88,20,12,77,15,128,108,87" hai1="69,32,39,130,40,35,96,65,85,100,48,107,60" hai2="66,11,13,80,17,25,2,6,21,103,114,112,24" hai3="38,124,14,67,105,91,131,102,51,28,52,106,125"/><U78/><E130/><V34/><F103/><W90/><G38/><T57/><D104/><N who="3" m="40041" /><G102/><T119/><D128/><U113/><E113/><N who="2" m="43627" /><F80/><W135/><G67/><T117/><D77/><U22/><E39/><V58/><F58/><N who="0" m="22634" /><D20/><U68/><E68/><V64/><F64/><W42/><G42/><T89/><D108/><U120/><E120/><V95/><F95/><W129/><G28/><T19/><D15/><U83/><REACH who="1" step="1"/><E22/><REACH who="1" ten="235,335,265,145" step="2"/><V5/><F21/><W126/><G135/><N who="0" m="51723" /><D89/><N who="3" m="33801" /><G14/><T43/><D43/><U111/><E111/><V127/><F13/><W36/><G36/><T33/><D33/><U55/><E55/><V71/><F34/><W29/><G29/><T45/><D45/><AGARI ba="1,2" hai="32,35,40,45,48,60,65,69,78,83,85,96,100,107" machi="45" ten="40,7700,0" yaku="1,1,53,2" doraHai="132" doraHaiUra="30" who="1" fromWho="0" sc="235,-80,335,100,265,0,145,0" /><AGARI ba="1,0" hai="45,51,52,124,125,126,129,131" m="33801,40041" machi="45" ten="40,8000,1" yaku="18,1,52,3,54,1" doraHai="132" who="3" fromWho="0" sc="155,-80,435,0,265,0,145,80" /><INIT seed="1,2,0,2,3,44" ten="75,435,265,225" oya="1" hai0="48,54,128,79,52,107,50,65,97,113,131,76,9" hai1="117,66,92,106,32,60,39,81,14,110,6,94,108" hai2="67,62,0,3,115,56,132,121,71,120,30,33,90" hai3="129,70,123,96,61,22,112,4,28,85,46,19,78"/><U125/><E106/><V21/><F132/><W127/><G123/><T86/><D113/><U89/><E32/><V12/><F115/><W91/><G112/><T11/><D107/><U77/><E39/><V98/><F71/><W25/><G129/><T133/><D86/><U64/><E117/><V87/><F33/><W99/><G78/><T80/><D80/><U118/><E118/><V53/><F0/><W23/><G4/><T34/><D34/><U75/><E125/><V114/><F3/><W13/><G127/><T68/><D68/><U45/><E45/><V7/><F114/><W49/><G61/><T73/><D65/><U101/><E101/><V122/><F98/><W43/><REACH who="3" step="1"/><G70/><REACH who="3" ten="75,435,265,215" step="2"/><T20/><D20/><U8/><E60/><V109/><F7/><W16/><G16/><T57/><D97/><U37/><E6/><V38/><F122/><W42/><G42/><T31/><D31/><U24/><E77/><V59/><F30/><W18/><G18/><T93/><D93/><AGARI ba="2,1" hai="13,19,22,23,25,28,43,46,49,85,91,93,96,99" machi="93" ten="30,7700,0" yaku="1,1,7,1,8,1,52,1,53,0" doraHai="44" doraHaiUra="55" who="3" fromWho="0" sc="75,-83,435,0,265,0,215,93" owari="-8,-50.8,435,53.5,265,-13.5,308,10.8" /></mjloggm>