<mjloggm ver="2.3"><GO type="225" lobby="0"/><UN n0="%E5%A4%8F%E9%88%B4%E9%88%B4%E5%A4%8F" n1="%E5%91%A8%E6%9D%B1" n2="%E3%80%90%E8%92%BC%E7%90%89%E3%80%91" n3="%E6%98%93%E5%88%A9%E8%96%A9%E4%BC%AF" dan="16,17,16,17" rate="2121.04,2192.80,2160.20,2111.42" sx="F,M,F,F"/><TAIKYOKU oya="0"/><INIT seed="0,0,0,2,1,126" ten="250,250,250,250" oya="0" hai0="84,78,61,10,95,107,49,115,73,112,101,56,71" hai1="26,30,131,110,129,18,3,82,54,134,55,92,43" hai2="124,70,48,23,109,62,74,51,38,120,17,39,13" hai3="116,75,21,86,16,113,79,106,98,24,77,32,28"/><T9/><D71/><U46/><E110/><V11/><F74/><W132/><G75/><T128/><D49/><U89/><E3/><V50/><F120/><W52/><G113/><T94/><D95/><U6/><E82/><V5/><F109/><W67/><G116/><T80/><D128/><N who="1" m="49227" /><E18/><V41/><F41/><W104/><G67/><T37/><D37/><N who="1" m="21871" /><E6/><V105/><F105/><W81/><G132/><T76/><D76/><U65/><E65/><V97/><F124/><W47/><G79/><T130/><D130/><U72/><E72/><V31/><F31/><W19/><G98/><N who="0" m="61879" /><D115/><U90/><E134/><V60/><F97/><W108/><G19/><T69/><D112/><U0/><E0/><V103/><F70/><W135/><G108/><T119/><D69/><U8/><E8/><V58/><F5/><W15/><REACH who="3" step="1"/><G135/><REACH who="3" ten="250,250,250,240" step="2"/><T68/><D119/><U42/><E42/><V114/><F114/><W87/><G87/><T35/><D84/><N who="1" m="52263" /><E90/><V14/><F17/><W125/><G125/><T121/><D73/><U102/><E102/><V127/><F103/><W111/><G111/><T88/><D88/><U36/><E36/><V63/><F127/><W25/><G25/><T83/><D78/><U44/><E44/><V1/><F38/><W59/><G59/><T123/><D56/><U85/><E85/><V91/><F39/><W22/><G22/><AGARI ba="0,1" hai="22,26,30,54,55" m="52263,21871,49227" machi="22" ten="30,7700,0" yaku="19,1,52,3" doraHai="126" who="1" fromWho="3" sc="250,0,250,87,250,0,240,-77" /><INIT seed="1,0,0,5,5,44" ten="250,337,250,163" oya="1" hai0="124,4,38,55,80,70,59,112,93,106,71,9,65" hai1="113,14,33,117,30,121,40,62,49,74,120,11,32" hai2="131,66,105,97,16,34,101,96,116,114,22,20,35" hai3="91,67,18,12,135,102,17,126,36,39,63,82,73"/><U19/><E113/><V45/><F116/><W130/><G135/><T31/><D112/><U52/><E74/><V26/><F114/><W118/><G118/><T50/><D106/><U21/><E117/><V43/><F131/><W128/><G126/><T89/><D38/><U41/><E62/><V94/><F66/><W132/><G132/><T129/><D124/><U37/><E37/><V29/><F20/><W60/><G102/><T110/><D110/><U125/><E125/><V86/><F86/><W61/><G67/><T76/><D129/><U7/><E41/><V87/><F87/><W83/><G60/><T75/><D31/><U77/><E40/><V27/><F27/><W48/><G12/><T8/><D65/><U13/><E77/><V98/><F98/><W42/><G42/><T24/><D24/><U23/><E23/><V84/><F84/><W90/><REACH who="3" step="1"/><G73/><REACH who="3" ten="250,337,250,153" step="2"/><T47/><D75/><U58/><E121/><V68/><F68/><W78/><G78/><T2/><D70/><U100/><E100/><V99/><F105/><W25/><G25/><T103/><D71/><U15/><E120/><V57/><F101/><W1/><G1/><T28/><D103/><U0/><E33/><V6/><F34/><W122/><G122/><T56/><D2/><U3/><E0/><V123/><F35/><W127/><G127/><T133/><D76/><U46/><E32/><V88/><F123/><W54/><G54/><T51/><D55/><U85/><E3/><V115/><F43/><W104/><G104/><T111/><D133/><U95/><E15/><V107/><F107/><RYUUKYOKU ba="0,1" sc="250,-10,337,-10,250,-10,153,30" hai3="17,18,36,39,48,61,63,82,83,90,91,128,130" /><INIT seed="2,1,1,0,5,33" ten="240,327,240,183" oya="2" hai0="30,84,124,108,85,60,132,47,13,19,127,122,52" hai1="1,37,69,57,109,76,115,71,35,6,107,12,42" hai2="68,75,101,100,18,44,133,11,43,134,131,26,59" hai3="117,38,105,83,130,78,112,61,104,36,123,135,114"/><V58/><F68/><W98/><G61/><T41/><D122/><U21/><E107/><V23/><F75/><N who="3" m="43487" /><G38/><T103/><D30/><U97/><E76/><V46/><F131/><W96/><G36/><N who="0" m="21927" /><D103/><N who="2" m="39498" /><F11/><W89/><G123/><T67/><D52/><U65/><E37/><N who="2" m="21615" /><F46/><W90/><G117/><T39/><D108/><U91/><E69/><V56/><F56/><W25/><G25/><T4/><D132/><N who="2" m="50794" /><F59/><W111/><G135/><T55/><D4/><U113/><E57/><V70/><F58/><W73/><G73/><T88/><D39/><U128/><E71/><V106/><F70/><W64/><G64/><T125/><D55/><U5/><E65/><V27/><F27/><W102/><G130/><T34/><D60/><U28/><E128/><V51/><F51/><W121/><G121/><T63/><D63/><U29/><E113/><N who="3" m="43626" /><G111/><T53/><D67/><U92/><E109/><V99/><F99/><N who="3" m="37931" /><G102/><T74/><D53/><U95/><E115/><V50/><F50/><W2/><G2/><T15/><D74/><U66/><E1/><V31/><F106/><AGARI ba="1,1" hai="89,90,104,105,106" m="37931,43626,43487" machi="106" ten="30,3900,0" yaku="11,1,34,2" doraHai="33" who="3" fromWho="2" sc="240,0,327,0,240,-42,183,52" /><INIT seed="3,0,0,5,3,90" ten="240,327,198,235" oya="3" hai0="127,104,17,70,113,77,61,107,0,55,106,84,96" hai1="40,24,71,27,92,79,60,124,123,64,13,116,2" hai2="25,88,65,69,103,43,111,73,72,42,125,94,54" hai3="35,110,122,53,66,1,80,134,45,26,112,101,98"/><W89/><G112/><T128/><D0/><U11/><E2/><V115/><F115/><W37/><G122/><T34/><D34/><U51/><E123/><V20/><F111/><W67/><G1/><T7/><D7/><U58/><E79/><V4/><F125/><W63/><G134/><T46/><D96/><U102/><E124/><V129/><F129/><W109/><G37/><T22/><D128/><U130/><E116/><V10/><F103/><W50/><G80/><T126/><D113/><U121/><E71/><V82/><F54/><W132/><G89/><T100/><D100/><U74/><E74/><V12/><F65/><W105/><G132/><T5/><D5/><U75/><E75/><V36/><F69/><N who="3" m="42207" /><G67/><T16/><D17/><N who="1" m="8383" /><E121/><V133/><F133/><W44/><G44/><T23/><D46/><N who="1" m="26055" /><E130/><V131/><F131/><W76/><G76/><T108/><D77/><U120/><E120/><V6/><F4/><W39/><G39/><T78/><D127/><U81/><E81/><V57/><F82/><W52/><G53/><T97/><D55/><U18/><E18/><N who="2" m="12439" /><F36/><W3/><G3/><T41/><D126/><U119/><E119/><V59/><F72/><W33/><G33/><T47/><D108/><U15/><E15/><V19/><F73/><W32/><G32/><T117/><D117/><U135/><E135/><V9/><F42/><W49/><G49/><N who="0" m="26863" /><D16/><U30/><E30/><AGARI ba="0,0" hai="26,30,35,45,50,52,98,101,105,109,110" m="42207" machi="30" ten="30,2900,0" yaku="25,1,54,1" doraHai="90" who="3" fromWho="1" sc="240,0,327,-29,198,0,235,29" /><INIT seed="3,1,0,4,2,42" ten="240,298,198,264" oya="3" hai0="9,126,78,22,129,83,88,104,5,54,103,111,10" hai1="13,114,23,130,43,74,36,53,135,35,101,30,91" hai2="118,7,15,84,50,18,116,14,41,37,115,105,128" hai3="17,96,1,29,113,44,90,132,107,112,93,86,56"/><W20/><G1/><T80/><D111/><U119/><E114/><V68/><F115/><W19/><G132/><T40/><D126/><U109/><E74/><V16/><F37/><W49/><G56/><T70/><D70/><U59/><E35/><V34/><F105/><W21/><G29/><T110/><D110/><U0/><E0/><V124/><F34/><W72/><G72/><T81/><D40/><U133/><E109/><V79/><F68/><W26/><G107/><T117/><D117/><U48/><E119/><V55/><F124/><W122/><G96/><T63/><D78/><U95/><E101/><V108/><F108/><W85/><G85/><T24/><D103/><U28/><E130/><V100/><F100/><W123/><G113/><T52/><D104/><U89/><E89/><V69/><F69/><W120/><G112/><T57/><D54/><U71/><E71/><V39/><F128/><W121/><G121/><T73/><D73/><U12/><E43/><V31/><F31/><N who="1" m="11817" /><E36/><V65/><F65/><W61/><G61/><T8/><D5/><U125/><E125/><V87/><F41/><N who="3" m="24719" /><G123/><T76/><D76/><U33/><E33/><V134/><F39/><W2/><G2/><T47/><D47/><U46/><E46/><N who="2" m="28119" /><F134/><N who="1" m="51209" /><E23/><N who="2" m="11671" /><F7/><W67/><G67/><T127/><D127/><U82/><E82/><V99/><F79/><W75/><G75/><T4/><D129/><U98/><AGARI ba="1,0" hai="12,13,48,53,59,91,95,98" m="51209,11817" machi="98" ten="30,1100,0" yaku="20,1" doraHai="42" who="1" fromWho="1" sc="240,-4,298,14,198,-4,264,-6" owari="236,-16.4,312,41.2,194,-30.6,258,5.8" /></mjloggm>