<mjloggm ver="2.3"><GO type="225" lobby="0"/><UN n0="%E3%81%99%E3%81%84%E3%81%BE%E3%81%9B%E3%83%BC%E3%82%93" n1="%E3%83%81%E3%83%83%E3%82%BF%E3%82%BD%E3%83%BC" n2="%72%65%6E%6B%75%6E" n3="%E6%9D%B1%E9%A2%A8%E3%81%AE%E3%81%8D%E3%82%83%E3%81%B7%E3%81%95%E3%82%93" dan="18,16,17,16" rate="2218.48,2180.51,2209.79,2161.99" sx="M,F,M,M"/><TAIKYOKU oya="0"/><INIT seed="0,0,0,1,4,32" ten="250,250,250,250" oya="0" hai0="62,63,121,40,104,122,2,6,29,126,26,90,118" hai1="21,99,119,1,71,33,37,103,15,44,112,61,106" hai2="88,93,41,83,110,109,36,85,30,114,123,22,120" hai3="59,58,10,82,73,9,43,92,132,135,39,105,25"/><T46/><D118/><U69/><E119/><V34/><F34/><W101/><G105/><T84/><D126/><U91/><E112/><V130/><F114/><W89/><G25/><T0/><D104/><U95/><E33/><V117/><F117/><W12/><G101/><T68/><D26/><U8/><E21/><V48/><F36/><W18/><G10/><T115/><D29/><U57/><E44/><N who="2" m="25615" /><F130/><W100/><G100/><T27/><D27/><U38/><E37/><V74/><F22/><W124/><G124/><T80/><D115/><U76/><E76/><N who="2" m="44439" /><F30/><W45/><G82/><T5/><D5/><U55/><E38/><V78/><F78/><W13/><G13/><T11/><D0/><U49/><E49/><V14/><F14/><W77/><G77/><T67/><REACH who="0" step="1"/><D63/><REACH who="0" ten="240,250,250,250" step="2"/><U81/><E1/><V51/><F51/><AGARI ba="0,1" hai="2,6,11,40,46,51,62,67,68,80,84,90,121,122" machi="51" ten="30,12000,1" yaku="1,1,2,1,7,1,52,1,53,1" doraHai="32" doraHaiUra="56" who="0" fromWho="2" sc="240,130,250,0,250,-120,250,0" /><INIT seed="0,1,0,5,3,95" ten="370,250,130,250" oya="0" hai0="71,59,80,16,50,51,82,86,85,108,84,63,20" hai1="133,49,75,70,110,13,32,9,56,52,106,40,6" hai2="44,26,36,135,28,92,39,12,128,18,93,105,111" hai3="5,98,15,7,78,61,129,57,83,94,81,130,125"/><T66/><D108/><U104/><E110/><V107/><F111/><W30/><G30/><T65/><D65/><U117/><E117/><V72/><F72/><W17/><G125/><T35/><D35/><U8/><E133/><V14/><F26/><W79/><G79/><T27/><D71/><U113/><E113/><V77/><F77/><W118/><G118/><T11/><D11/><U87/><E75/><V0/><F44/><W60/><G60/><T67/><D67/><U115/><E115/><V96/><F18/><W58/><G58/><T112/><D112/><U31/><E70/><V46/><F46/><W131/><G81/><AGARI ba="1,0" hai="16,20,27,50,51,59,63,66,80,81,82,84,85,86" machi="81" ten="40,3900,0" yaku="8,1,54,1" doraHai="95" who="0" fromWho="3" sc="370,42,250,0,130,0,250,-42" /><INIT seed="0,2,0,3,1,116" ten="412,250,130,208" oya="0" hai0="7,16,99,23,42,112,47,41,127,91,38,128,27" hai1="83,77,49,36,17,44,59,122,103,19,21,53,10" hai2="114,84,56,9,50,74,94,34,111,101,104,57,6" hai3="123,90,11,100,61,55,92,72,4,43,3,35,15"/><T54/><D112/><U79/><E122/><V12/><F74/><W48/><G72/><T87/><D127/><U52/><E103/><V78/><F114/><W85/><G35/><T109/><D128/><U107/><E107/><V75/><F111/><W118/><G118/><T76/><D109/><U45/><E36/><V29/><F29/><W130/><G130/><T40/><D7/><U2/><E2/><V125/><F34/><W69/><G100/><T14/><D76/><U120/><E120/><V8/><F50/><W70/><G3/><T124/><D99/><U132/><E132/><V51/><F51/><W113/><G113/><T18/><D54/><U37/><E37/><V89/><F9/><W121/><G43/><T129/><D124/><U67/><E67/><V30/><F30/><W25/><G25/><T105/><D105/><U80/><E49/><V64/><F64/><W86/><G86/><T108/><D108/><U133/><E133/><V1/><F1/><W98/><G98/><T33/><D33/><U39/><E39/><V26/><F26/><W81/><G92/><T82/><D129/><U32/><E32/><V73/><F73/><W66/><REACH who="3" step="1"/><G69/><REACH who="3" ten="412,250,130,198" step="2"/><T115/><D115/><U20/><E59/><AGARI ba="2,1" hai="4,11,15,48,55,59,61,66,70,81,85,90,121,123" machi="59" ten="40,8000,1" yaku="1,1,2,1,52,2,53,0" doraHai="116" doraHaiUra="135" who="3" fromWho="1" sc="412,0,250,-86,130,0,198,96" /><INIT seed="1,0,0,2,0,49" ten="412,164,130,294" oya="1" hai0="76,32,82,115,50,4,98,21,80,14,118,44,83" hai1="35,9,102,2,47,39,100,22,110,106,19,12,87" hai2="91,134,48,97,11,40,51,117,53,1,114,95,88" hai3="7,16,74,72,58,75,69,24,71,78,70,103,26"/><U38/><E35/><V60/><F134/><W66/><G103/><T85/><D32/><U119/><E119/><V116/><F114/><W113/><G7/><T28/><D115/><U94/><E106/><V92/><F60/><W90/><G90/><T109/><D109/><U62/><E110/><V63/><F63/><W27/><G113/><T104/><D118/><U10/><E62/><V3/><F40/><W133/><G133/><T43/><D98/><U30/><E2/><V13/><F3/><W55/><G78/><T41/><D41/><U112/><E112/><V64/><F64/><W124/><G124/><T33/><D104/><U135/><E135/><V67/><F67/><W42/><G42/><T126/><D126/><U65/><E65/><V15/><F1/><W81/><G81/><T46/><D46/><U130/><E130/><V0/><F0/><W37/><G66/><T6/><D33/><U108/><E108/><V73/><F73/><W79/><G79/><T61/><D61/><U57/><E38/><V121/><F121/><W123/><G123/><T86/><D76/><U34/><E34/><V8/><F97/><W45/><G37/><T111/><D111/><U93/><E39/><V68/><F68/><W127/><G127/><T105/><D105/><U52/><E47/><V122/><F122/><W17/><G45/><T77/><D77/><U128/><E128/><V25/><F25/><W125/><G125/><T29/><D44/><U129/><E129/><V132/><F132/><W96/><G96/><T56/><D43/><U31/><E87/><V84/><F84/><RYUUKYOKU ba="0,0" sc="412,-15,164,-15,130,15,294,15" hai2="8,11,13,15,48,51,53,88,91,92,95,116,117" hai3="16,17,24,26,27,55,58,69,70,71,72,74,75" /><INIT seed="2,1,0,1,3,115" ten="397,149,145,309" oya="2" hai0="105,120,94,22,12,109,36,63,113,18,111,128,17" hai1="103,26,40,97,56,106,5,108,107,86,95,69,10" hai2="123,117,31,122,77,53,0,45,114,38,67,54,33" hai3="125,101,29,93,124,2,70,41,66,14,60,89,131"/><V35/><F114/><W76/><G2/><T126/><D113/><U85/><E108/><V42/><F0/><W99/><G41/><T73/><D105/><U104/><E69/><V51/><F67/><W30/><G76/><T135/><D120/><U49/><E26/><V55/><F77/><W118/><G131/><T1/><D36/><U43/><E43/><V119/><F31/><W28/><G14/><T15/><D73/><U57/><E57/><V6/><F6/><W24/><G24/><T78/><D128/><U21/><E21/><V81/><F81/><W61/><G61/><T37/><D37/><U74/><E74/><V47/><F33/><W34/><G34/><T72/><D72/><U50/><E50/><V132/><F35/><W110/><G110/><T13/><D1/><U127/><E127/><N who="3" m="48714" /><G101/><T11/><D126/><U64/><E64/><V19/><F19/><W100/><G100/><T129/><D129/><U91/><E103/><V79/><F79/><W102/><G102/><T9/><D111/><U39/><E39/><V44/><F132/><W16/><G16/><T87/><D135/><U25/><E25/><V3/><F3/><W27/><G27/><T82/><D109/><U32/><E32/><V52/><F38/><W4/><G4/><T68/><D68/><U59/><E40/><V112/><F112/><W130/><G130/><T116/><D116/><AGARI ba="1,0" hai="28,29,30,60,66,70,89,93,99,116,118" m="48714" machi="116" ten="30,3900,0" yaku="18,1,52,2" doraHai="115" who="3" fromWho="0" sc="397,-42,149,0,145,0,309,42" /><INIT seed="3,0,0,3,5,10" ten="355,149,145,351" oya="3" hai0="120,78,74,102,99,30,92,26,57,117,72,47,19" hai1="54,87,107,33,83,34,6,35,90,7,132,89,85" hai2="60,79,109,64,21,115,22,121,86,81,61,59,71" hai3="46,75,50,112,20,123,39,77,43,104,28,36,130"/><W69/><G69/><T129/><D117/><U55/><E107/><V103/><F115/><W126/><G104/><T94/><D120/><U44/><E132/><V97/><F121/><W49/><G123/><T128/><D19/><U3/><E3/><V124/><F124/><W51/><G112/><T11/><D11/><U27/><E27/><V82/><F109/><W56/><G126/><T108/><D108/><U68/><E68/><V62/><F62/><W131/><G36/><T125/><D125/><U9/><E9/><V133/><F133/><W116/><G116/><T58/><D94/><U134/><E134/><V122/><F122/><W76/><G56/><N who="0" m="21611" /><D47/><U32/><E32/><V0/><F0/><W135/><G135/><T53/><D53/><U80/><E44/><V119/><F82/><W70/><G70/><T37/><D78/><U38/><E38/><V113/><F113/><W17/><G28/><T12/><D12/><U110/><E110/><V1/><F1/><W52/><G52/><AGARI ba="0,0" hai="6,7,33,34,35,52,54,55,80,83,85,87,89,90" machi="52" ten="40,2600,0" yaku="9,1,54,1" doraHai="10" who="1" fromWho="3" sc="355,0,149,26,145,0,351,-26" owari="355,45.5,175,-22.5,145,-35.5,325,12.5" /></mjloggm>