<mjloggm ver="2.3"><GO type="225" lobby="0"/><UN n0="%E3%81%A4%E3%81%A3%E3%81%B1%E3%82%8A%E3%83%9D%E3%83%BC%E3%83%AB" n1="%E5%8D%A0%E3%81%84%E5%B8%AB%E8%A3%8F%E3%81%AA%E3%81%84%E3%81%97" n2="%E5%91%A8%E6%9D%B1" n3="%79%75%72%69%6D%6F%67" dan="17,17,17,16" rate="2160.16,2245.03,2139.91,2120.30" sx="M,M,M,F"/><TAIKYOKU oya="0"/><INIT seed="0,0,0,4,3,95" ten="250,250,250,250" oya="0" hai0="35,100,18,78,103,65,125,74,53,76,69,128,92" hai1="110,79,119,72,121,10,26,56,43,87,123,105,91" hai2="13,48,98,64,30,29,107,3,113,31,28,45,118" hai3="86,75,82,80,117,49,77,15,59,112,17,126,83"/><T114/><D114/><U19/><E119/><V34/><F113/><W111/><G117/><T62/><D128/><U132/><E110/><V133/><F3/><W0/><G111/><T135/><D135/><U21/><E105/><V89/><F118/><W108/><G0/><T115/><D115/><U67/><E132/><V73/><F73/><W134/><G126/><T54/><D35/><U27/><E43/><V60/><F133/><W97/><G112/><T5/><D5/><U52/><E67/><V93/><F107/><W58/><G108/><T99/><D125/><U44/><E44/><V40/><F13/><W102/><G134/><T39/><D39/><U41/><E41/><V61/><REACH who="2" step="1"/><F64/><REACH who="2" ten="250,250,240,250" step="2"/><W46/><G75/><T37/><D74/><U22/><E72/><V94/><F94/><N who="3" m="58679" /><G82/><T84/><D92/><N who="1" m="54399" /><E123/><V101/><F101/><W127/><G83/><T8/><D103/><U11/><E121/><V88/><F88/><N who="3" m="51271" /><G127/><T96/><D100/><U6/><E79/><V109/><F109/><W124/><G77/><T7/><D78/><U1/><E1/><V71/><F71/><W20/><G124/><T90/><D76/><U130/><E130/><V57/><F57/><W66/><G66/><T51/><D65/><U14/><E6/><V81/><F81/><W36/><G36/><T42/><D37/><U9/><E14/><V85/><F85/><W12/><G12/><N who="0" m="7431" /><D7/><U104/><E104/><V32/><F32/><W131/><G131/><T63/><D69/><U25/><E21/><V16/><F16/><W68/><G68/><T116/><D116/><U120/><E120/><RYUUKYOKU ba="0,1" sc="250,-30,250,10,240,10,250,10" hai1="9,10,11,19,22,25,26,27,52,56" hai2="28,29,30,31,34,40,45,48,60,61,89,93,98" hai3="15,17,20,46,49,58,59" /><INIT seed="1,1,1,1,0,106" ten="220,260,250,260" oya="1" hai0="7,66,48,10,108,74,72,22,70,127,114,115,1" hai1="55,84,112,129,21,27,113,45,3,62,24,34,43" hai2="124,100,104,95,36,120,110,99,50,52,134,69,125" hai3="56,122,126,30,68,91,23,59,40,123,97,116,92"/><U107/><E3/><V79/><F120/><W76/><G68/><T0/><D108/><U53/><E107/><V60/><F36/><W67/><G116/><T57/><D1/><U65/><E129/><V33/><F33/><W111/><G111/><T63/><D127/><N who="2" m="48714" /><F110/><W96/><G126/><T135/><D135/><U41/><E34/><V46/><F134/><W88/><G76/><T86/><D86/><U81/><E112/><V85/><F79/><W119/><G40/><T17/><D48/><U82/><E113/><V31/><F31/><W13/><G119/><T38/><D38/><U132/><E132/><V71/><F60/><W2/><G2/><T87/><D70/><N who="2" m="26634" /><F85/><W83/><G83/><T98/><D87/><U35/><E35/><V51/><F50/><W61/><G59/><T90/><D115/><U28/><E82/><V29/><F29/><W18/><G30/><T101/><D114/><U118/><E118/><V26/><F26/><W109/><G109/><T102/><D90/><U25/><E25/><V58/><F104/><W6/><G6/><T94/><D102/><U54/><E24/><AGARI ba="1,1" hai="0,7,10,17,22,24,57,63,66,72,74,94,98,101" machi="24" ten="30,3900,0" yaku="7,1,52,2" doraHai="106" who="0" fromWho="1" sc="220,52,260,-42,250,0,260,0" /><INIT seed="2,0,0,3,0,118" ten="272,218,250,260" oya="2" hai0="95,23,111,33,61,27,16,1,55,38,107,47,24" hai1="22,66,82,78,43,109,127,90,119,134,2,58,45" hai2="108,106,132,129,65,9,88,72,11,50,44,34,97" hai3="12,110,62,93,14,76,128,21,74,37,114,8,99"/><V131/><F34/><W101/><G110/><T71/><D107/><U130/><E119/><V32/><F32/><W113/><G128/><N who="2" m="49225" /><F72/><W77/><G37/><T85/><D1/><U102/><E130/><V103/><F108/><W15/><G62/><T39/><D111/><U40/><E109/><V112/><F112/><N who="3" m="43115" /><G74/><T29/><D47/><U75/><E2/><V6/><F132/><W124/><G124/><T46/><D46/><U98/><E127/><V68/><F6/><W80/><G80/><T116/><D116/><U84/><E134/><V135/><F135/><W53/><G53/><T10/><D10/><U86/><E22/><V41/><F65/><W81/><G81/><T13/><D55/><U117/><E117/><V63/><F63/><W94/><G94/><T56/><D61/><N who="1" m="38199" /><E75/><V122/><F68/><W18/><G8/><T120/><D71/><U92/><E45/><V133/><F133/><W73/><G73/><T87/><D33/><U3/><E3/><V7/><F11/><W19/><G19/><T115/><D16/><U57/><E57/><V104/><F104/><W89/><G101/><T36/><D56/><U31/><E31/><V49/><F49/><W64/><G64/><T91/><D29/><U17/><E17/><V20/><F20/><W79/><AGARI ba="0,0" hai="12,14,15,18,21,76,77,79,89,93,99" m="43115" machi="79" ten="30,1100,0" yaku="11,1" doraHai="118" who="3" fromWho="3" sc="272,-3,218,-3,250,-5,260,11" /><INIT seed="3,0,0,1,5,91" ten="269,215,245,271" oya="3" hai0="92,15,50,77,58,84,76,125,101,62,10,109,38" hai1="83,124,105,129,20,99,95,111,47,86,120,66,100" hai2="29,112,35,121,23,81,108,8,17,73,78,64,103" hai3="26,61,104,49,74,94,30,46,56,131,85,127,36"/><W102/><G74/><T69/><D38/><U39/><E120/><V19/><F112/><W11/><G36/><T63/><D109/><U60/><E111/><V12/><F108/><W90/><G127/><T18/><D125/><U25/><E129/><V110/><F110/><W135/><G131/><T80/><D69/><U75/><E124/><V70/><F121/><W123/><G123/><T97/><D77/><U116/><E116/><V57/><F70/><W59/><G135/><T115/><D115/><U4/><E4/><V27/><F103/><W16/><G102/><T24/><D24/><U93/><E75/><V43/><F43/><W54/><G104/><T79/><D79/><U55/><E55/><AGARI ba="0,0" hai="10,15,18,50,55,58,62,63,76,80,84,92,97,101" machi="55" ten="40,2600,0" yaku="8,1,52,1" doraHai="91" who="0" fromWho="1" sc="269,26,215,-26,245,0,271,0" /><INIT seed="4,0,0,2,5,31" ten="295,189,245,271" oya="0" hai0="50,81,37,89,102,73,100,19,53,59,69,45,2" hai1="71,39,94,13,87,56,43,15,115,80,110,25,113" hai2="34,125,38,61,135,101,42,8,93,23,44,16,55" hai3="134,62,133,28,60,30,108,47,132,126,54,33,128"/><T119/><D119/><U82/><E71/><V29/><F135/><W7/><G108/><T5/><D69/><U51/><E110/><V36/><F125/><W66/><G7/><T131/><D131/><U9/><E39/><V3/><F101/><W41/><G33/><T122/><D122/><U77/><E94/><V95/><F38/><W17/><G17/><T123/><D123/><U63/><E25/><N who="2" m="18735" /><F55/><W67/><G30/><T49/><D37/><U18/><E82/><V121/><F61/><N who="3" m="23659" /><G28/><T52/><D19/><U107/><E107/><V46/><F46/><W64/><G126/><T48/><D48/><U114/><E15/><N who="2" m="9631" /><F121/><W85/><G85/><T74/><D74/><U21/><E43/><V109/><F109/><W130/><G54/><T104/><D104/><U11/><REACH who="1" step="1"/><E51/><AGARI ba="0,0" hai="41,47,51,64,66,67,128,130,132,133,134" m="23659" machi="51" ten="40,5200,0" yaku="20,1,34,2" doraHai="31" who="3" fromWho="1" sc="295,0,189,-52,245,0,271,52" owari="295,9.5,137,-36.3,245,-15.5,323,42.3" /></mjloggm>