<mjloggm ver="2.3"><GO type="225" lobby="0"/><UN n0="%E3%81%BE%E3%81%A8%E3%81%9F" n1="%E3%81%BD%E3%81%A1%E3%81%9F%E3%81%93%E3%82%84" n2="%E3%83%B4%E3%83%A0%EF%BC%99%E3%81%A6" n3="%E7%B4%94%E6%BD%94%E3%83%94%E3%83%A9%E3%83%8B%E3%82%A2" dan="16,17,16,17" rate="2127.34,2225.06,2168.99,2213.90" sx="M,M,M,M"/><TAIKYOKU oya="0"/><INIT seed="0,0,0,0,5,39" ten="250,250,250,250" oya="0" hai0="127,36,32,22,37,109,83,85,112,72,15,89,100" hai1="10,122,61,12,52,31,65,126,41,23,75,40,111" hai2="63,79,113,90,9,121,105,82,77,8,71,13,70" hai3="5,88,78,124,30,117,106,128,134,125,1,38,110"/><T0/><D0/><U67/><E75/><V55/><F113/><W116/><G106/><T73/><D32/><U104/><E104/><V132/><F105/><W46/><G78/><T19/><D112/><U66/><E122/><V11/><F121/><W26/><G110/><T42/><D109/><U96/><E96/><V64/><F132/><W76/><G76/><T135/><D135/><U133/><E126/><N who="3" m="48746" /><G134/><T44/><D127/><U3/><E3/><V92/><F70/><W45/><G45/><T29/><D100/><U56/><E111/><V103/><F103/><W21/><G88/><T84/><D36/><U58/><E58/><V87/><F77/><W129/><G46/><T59/><D84/><U93/><E93/><V120/><F120/><W7/><G38/><T27/><REACH who="0" step="1"/><D59/><REACH who="0" ten="240,250,250,250" step="2"/><U53/><E133/><V24/><F87/><W98/><G1/><T119/><D119/><N who="3" m="45641" /><G98/><T6/><D6/><AGARI ba="0,1" hai="5,6,7,21,26,30,128,129" m="45641,48746" machi="6" ten="40,5200,0" yaku="18,1,34,2" doraHai="39" who="3" fromWho="0" sc="240,-52,250,0,250,0,250,62" /><INIT seed="1,0,0,0,4,53" ten="188,250,250,312" oya="1" hai0="90,56,64,4,31,100,121,76,135,2,42,124,133" hai1="128,12,27,35,102,62,9,43,46,57,75,120,51" hai2="113,123,33,8,6,119,65,22,125,59,61,79,87" hai3="18,34,44,48,134,77,98,115,74,13,0,80,129"/><U52/><E120/><V3/><F123/><W25/><G0/><T130/><D121/><U24/><E128/><V55/><F119/><W49/><G115/><T114/><D114/><U71/><E75/><V105/><F113/><W85/><G134/><T66/><D130/><U36/><E102/><V99/><F33/><W38/><G98/><T58/><D76/><U92/><E92/><V45/><F125/><W11/><G129/><T94/><D124/><U47/><E35/><V60/><F22/><W68/><G68/><T89/><D42/><U29/><E29/><V127/><F127/><W107/><G107/><T111/><D31/><U17/><REACH who="1" step="1"/><E71/><REACH who="1" ten="188,240,250,312" step="2"/><V41/><F105/><W131/><G131/><T69/><D69/><U73/><E73/><V39/><F99/><W67/><G74/><T84/><D100/><U15/><E15/><V101/><F101/><W116/><G116/><T37/><D94/><U63/><E63/><V118/><F118/><W112/><G112/><T103/><D103/><U82/><E82/><V97/><F97/><W96/><G96/><T122/><D122/><U28/><E28/><V117/><F117/><W91/><G34/><T86/><D2/><U72/><E72/><V109/><F109/><W40/><G25/><T20/><D111/><U81/><E81/><N who="2" m="47551" /><F60/><W50/><G77/><T19/><D133/><U70/><E70/><V21/><F61/><W10/><G80/><T54/><D135/><U110/><E110/><V83/><F83/><W95/><G95/><T78/><D78/><U108/><E108/><V132/><F132/><W1/><G85/><RYUUKYOKU ba="0,1" sc="188,-10,240,30,250,-10,312,-10" hai1="9,12,17,24,27,36,43,46,47,51,52,57,62" /><INIT seed="1,1,1,5,1,56" ten="178,270,240,302" oya="1" hai0="127,38,23,30,10,4,90,33,11,36,17,16,117" hai1="51,52,26,6,29,92,114,7,82,20,121,100,116" hai2="118,81,35,93,2,126,106,31,96,49,24,22,3" hai3="88,67,102,13,97,42,64,89,109,47,71,75,112"/><U15/><E114/><V129/><F118/><W19/><G112/><T133/><D117/><U98/><E116/><V132/><F106/><W84/><G75/><T1/><D127/><U18/><E82/><V65/><F126/><W108/><G97/><T83/><D133/><U104/><E104/><V43/><F132/><W85/><G102/><T34/><D90/><U45/><REACH who="1" step="1"/><E121/><REACH who="1" ten="178,260,240,302" step="2"/><V124/><F81/><W73/><G108/><T14/><D83/><U130/><E130/><V50/><F129/><W135/><G109/><T66/><D66/><U103/><E103/><V59/><F124/><W63/><G67/><T72/><D72/><U86/><E86/><V113/><F113/><W28/><G73/><T0/><D38/><U107/><E107/><V125/><F125/><W95/><G135/><T55/><D36/><U99/><E99/><V5/><F96/><W37/><G85/><T68/><D68/><U61/><E61/><V128/><F65/><W134/><G134/><T110/><D110/><U60/><E60/><V101/><F101/><W46/><G84/><T39/><D39/><U78/><E78/><V87/><F87/><W94/><G89/><T57/><D0/><U41/><E41/><V105/><F105/><W25/><G42/><T21/><D30/><U80/><E80/><V111/><F111/><W32/><G37/><T120/><D120/><U9/><AGARI ba="1,2" hai="6,7,9,15,18,20,26,29,45,51,52,92,98,100" machi="9" ten="20,12000,1" yaku="1,1,0,1,7,1,8,1,54,1,53,0" doraHai="56" doraHaiUra="70" who="1" fromWho="1" sc="178,-41,260,143,240,-41,302,-41" /><INIT seed="1,2,0,0,1,21" ten="137,403,199,261" oya="1" hai0="106,129,123,96,77,99,110,45,39,133,79,14,104" hai1="47,42,102,6,51,7,0,15,10,98,57,90,70" hai2="93,92,68,69,72,35,40,119,55,81,54,24,101" hai3="135,26,33,112,83,88,117,3,67,58,122,8,34"/><U74/><E70/><V18/><F119/><W97/><G112/><T50/><D39/><U62/><E74/><V109/><F40/><W56/><G122/><T86/><D50/><U94/><E0/><V107/><F107/><W134/><G33/><T12/><D45/><U13/><E102/><V41/><F41/><W65/><G58/><T80/><D123/><U63/><E57/><V44/><F109/><W131/><G56/><T116/><D116/><U37/><E37/><V100/><F81/><W87/><G97/><T105/><D110/><U60/><REACH who="1" step="1"/><E15/><REACH who="1" ten="137,393,199,261" step="2"/><V126/><F68/><W95/><G3/><T31/><D12/><U32/><E32/><V108/><F35/><W28/><G117/><T23/><D14/><U20/><E20/><V2/><F100/><W1/><G1/><T30/><D23/><U128/><E128/><V103/><F103/><W130/><G8/><T125/><D106/><U121/><E121/><V5/><F69/><W124/><G130/><T120/><D120/><U61/><N who="1" m="15360" /><DORA hai="19" /><U115/><E115/><V48/><F72/><W52/><G131/><T27/><D129/><U132/><E132/><V16/><F2/><W53/><G135/><T36/><D133/><U4/><AGARI ba="2,1" hai="4,6,7,10,13,42,47,51,90,94,98" m="15360" machi="4" ten="40,7800,0" yaku="1,1,0,1,8,1,53,0" doraHai="21,19" doraHaiUra="111,64" who="1" fromWho="1" sc="137,-28,393,94,199,-28,261,-28" /><INIT seed="1,3,0,3,4,42" ten="109,487,171,233" oya="1" hai0="68,134,76,55,64,63,29,5,113,41,11,93,3" hai1="72,102,105,31,124,128,94,10,53,50,126,23,133" hai2="135,25,107,44,51,59,120,78,98,34,104,123,18" hai3="127,99,37,6,84,96,95,26,19,69,30,61,92"/><U97/><E72/><V4/><F4/><W65/><G37/><T40/><D113/><U49/><E128/><V122/><F135/><W62/><G127/><N who="1" m="48682" /><E133/><V47/><F78/><W32/><G6/><T83/><D134/><U22/><E10/><V0/><F0/><W16/><G84/><T110/><D110/><U100/><E31/><V21/><F34/><W60/><G61/><T101/><D29/><U71/><E71/><V77/><F77/><W24/><G24/><T85/><D101/><N who="1" m="60599" /><E50/><V27/><F27/><W58/><G96/><T82/><D93/><U109/><E109/><V111/><F111/><W114/><G95/><T13/><D82/><U48/><E48/><V1/><F1/><W125/><G114/><T121/><D121/><U12/><E12/><V54/><REACH who="2" step="1"/><F98/><REACH who="2" ten="109,487,161,233" step="2"/><W2/><G2/><T108/><D108/><U52/><E105/><AGARI ba="3,1" hai="18,21,25,44,47,51,54,59,104,105,107,120,122,123" machi="105" ten="50,8000,1" yaku="1,1,2,1,52,2,53,1" doraHai="42" doraHaiUra="14" who="2" fromWho="1" sc="109,0,487,-89,161,99,233,0" /><INIT seed="2,0,0,1,2,87" ten="109,398,260,233" oya="2" hai0="116,51,105,41,102,14,45,79,83,96,74,22,56" hai1="88,73,53,126,100,29,114,67,50,58,43,3,109" hai2="10,66,71,40,123,129,47,84,107,30,77,15,104" hai3="125,97,103,133,68,11,134,63,18,86,0,8,101"/><V115/><F123/><W135/><G125/><T120/><D120/><U32/><E114/><V42/><F115/><W37/><G37/><T25/><D116/><U9/><E73/><V46/><F129/><W130/><G130/><T82/><D56/><U59/><E126/><V98/><F30/><W64/><G0/><T17/><D82/><U95/><E100/><V108/><F108/><W65/><G65/><T2/><D2/><U24/><E109/><V61/><F98/><W36/><G36/><T52/><REACH who="0" step="1"/><D25/><REACH who="0" ten="99,398,260,233" step="2"/><U35/><E59/><N who="2" m="37183" /><F104/><W121/><G121/><T44/><D44/><N who="2" m="16938" /><F107/><W72/><G135/><T62/><D62/><U28/><E58/><V57/><F57/><W90/><G63/><T76/><D76/><U106/><E106/><V13/><F71/><W26/><G68/><T23/><D23/><U81/><E3/><V118/><F118/><W94/><G134/><T131/><D131/><U111/><E67/><V27/><F27/><W33/><G64/><T112/><D112/><U12/><E24/><V7/><F13/><W19/><G26/><T132/><D132/><U69/><E12/><V31/><F31/><W127/><G133/><T85/><D85/><U55/><E29/><V48/><F48/><W75/><G86/><T54/><AGARI ba="0,1" hai="14,17,22,41,45,51,52,54,74,79,83,96,102,105" machi="54" ten="30,7900,0" yaku="1,1,0,1,54,1,53,1" doraHai="87" doraHaiUra="93" who="0" fromWho="0" sc="99,89,398,-20,260,-39,233,-20" /><INIT seed="3,0,0,3,5,114" ten="188,378,221,213" oya="3" hai0="51,129,68,43,25,81,69,79,108,122,54,12,58" hai1="124,75,78,44,19,2,45,113,20,131,7,42,55" hai2="50,31,132,22,102,84,65,4,60,5,118,39,35" hai3="97,83,117,40,100,99,105,52,34,127,74,49,46"/><W110/><G34/><T125/><D122/><U27/><E131/><V47/><F118/><W95/><G127/><T128/><D125/><U16/><E113/><V89/><F35/><W82/><G110/><T112/><D108/><U11/><E124/><V70/><F102/><W72/><G117/><T115/><D112/><U126/><E78/><V8/><F39/><W13/><G13/><T93/><D115/><U121/><E75/><V92/><F132/><W63/><G74/><T76/><D12/><U26/><E121/><V37/><F37/><W123/><G72/><N who="0" m="43143" /><D79/><U30/><E126/><V38/><F38/><W41/><G123/><T67/><D43/><U48/><E27/><V98/><F84/><W36/><G63/><N who="0" m="38391" /><D25/><U3/><E3/><V109/><F109/><W0/><G0/><T135/><D93/><U85/><E85/><V73/><F73/><W119/><G119/><T64/><D135/><U56/><E45/><V62/><F62/><AGARI ba="0,0" hai="2,7,11,16,19,20,26,30,42,44,48,55,56,62" machi="62" ten="30,2000,0" yaku="7,1,54,1" doraHai="114" who="1" fromWho="2" sc="188,0,378,20,221,-20,213,0" owari="188,-31.2,398,49.8,201,-19.9,213,1.3" /></mjloggm>