<mjloggm ver="2.3"><GO type="225" lobby="0"/><UN n0="%E3%81%A4%E3%81%A3%E3%81%B1%E3%82%8A%E3%83%9D%E3%83%BC%E3%83%AB" n1="%E9%B7%B9%E5%80%89%E6%9D%8F%E9%88%B4" n2="%6C%65%74%69%74%62%65" n3="%E7%99%BD%E5%80%89%E5%AF%9B%E4%B9%8B" dan="17,16,16,16" rate="2173.60,2082.61,2112.16,2146.80" sx="M,F,M,M"/><TAIKYOKU oya="0"/><INIT seed="0,0,0,5,1,78" ten="250,250,250,250" oya="0" hai0="56,6,89,69,44,76,114,113,74,53,58,41,132" hai1="65,26,104,46,54,129,17,115,55,79,35,82,29" hai2="135,122,99,110,128,61,72,12,73,102,18,19,107" hai3="106,131,62,47,42,28,14,124,31,108,59,66,86"/><T81/><D132/><U94/><E104/><V5/><F122/><W95/><G106/><T123/><D123/><U68/><E129/><V126/><F128/><W10/><G108/><T27/><D69/><U3/><E3/><V43/><F135/><W51/><G124/><T1/><D27/><U100/><E115/><V117/><F126/><W71/><G131/><T23/><D23/><U112/><E112/><V116/><F43/><W134/><G134/><T120/><D89/><U92/><E100/><V8/><F61/><W83/><G95/><T39/><D58/><U64/><E17/><N who="2" m="6155" /><F110/><W127/><G127/><T96/><D96/><U22/><E35/><V67/><F67/><N who="1" m="25673" /><E68/><V105/><F105/><W40/><G40/><T125/><D120/><U34/><E34/><V101/><F101/><W57/><G57/><T60/><REACH who="0" step="1"/><D125/><REACH who="0" ten="240,250,250,250" step="2"/><U75/><E46/><V13/><F12/><W130/><G130/><T38/><D38/><U15/><E15/><V133/><F133/><W50/><G71/><T118/><D118/><AGARI ba="0,1" hai="5,8,13,72,73,99,102,107,116,117,118" m="6155" machi="118" ten="30,1000,0" yaku="12,1" doraHai="78" who="2" fromWho="0" sc="240,-10,250,0,250,20,250,0" /><INIT seed="1,0,0,1,5,126" ten="230,250,270,250" oya="1" hai0="13,95,87,1,7,57,68,50,98,85,48,22,129" hai1="5,24,105,36,27,118,52,10,96,116,31,65,64" hai2="77,23,125,56,120,112,18,20,110,111,107,69,82" hai3="61,16,53,51,123,75,14,40,15,121,9,54,90"/><U130/><E36/><V2/><F69/><W76/><G40/><T84/><D68/><U103/><E118/><V25/><F120/><W88/><G75/><T122/><D122/><U92/><E116/><V100/><F2/><W74/><G74/><T33/><D33/><U62/><E105/><V66/><F125/><W72/><G72/><T93/><D1/><U0/><E130/><V99/><F112/><W73/><G73/><T131/><D57/><U47/><E27/><V30/><F66/><W70/><G76/><T78/><D78/><U86/><E86/><V102/><F56/><N who="3" m="34959" /><G70/><T29/><D29/><U46/><E62/><V81/><F100/><W59/><G123/><T41/><D41/><U4/><E4/><V28/><F77/><W38/><G38/><T89/><D95/><U119/><E119/><V134/><F134/><W12/><G121/><T128/><D22/><U3/><E3/><V11/><F11/><AGARI ba="0,0" hai="7,11,13,48,50,84,85,87,89,93,98,128,129,131" machi="11" ten="50,8000,1" yaku="19,1,52,3" doraHai="126" who="0" fromWho="2" sc="230,80,250,0,270,-80,250,0" /><INIT seed="2,0,0,1,1,66" ten="310,250,190,250" oya="2" hai0="30,33,119,91,90,10,31,128,49,101,75,61,2" hai1="78,110,124,42,32,79,41,18,77,4,48,3,70" hai2="96,39,73,59,94,12,28,89,22,81,0,76,40" hai3="74,120,1,134,51,71,88,102,109,93,26,68,6"/><V5/><F59/><W57/><G74/><T44/><D75/><U131/><E32/><V115/><F115/><W99/><G120/><T60/><D128/><U45/><E131/><V80/><F80/><W113/><G113/><T43/><D119/><U11/><E110/><V104/><F104/><W36/><G36/><T106/><D2/><U37/><E124/><V14/><F22/><W21/><G109/><T105/><D105/><U121/><E121/><V38/><F38/><W125/><G134/><T133/><D133/><U83/><E83/><V129/><F28/><N who="0" m="10794" /><D106/><U122/><E122/><V100/><F100/><W85/><G125/><T86/><D33/><U27/><E41/><V126/><F129/><W95/><G6/><T53/><D101/><U46/><E27/><V69/><F126/><W9/><G9/><T82/><D10/><U55/><E18/><V112/><F112/><W111/><G1/><T54/><D91/><U24/><E24/><V103/><F103/><W92/><G92/><T25/><D25/><U116/><E116/><V8/><REACH who="2" step="1"/><F69/><REACH who="2" ten="310,250,180,250" step="2"/><W107/><G107/><T123/><D123/><U62/><E70/><V7/><F7/><W127/><G127/><T20/><D20/><U84/><E37/><V56/><F56/><W108/><G111/><T87/><D61/><U135/><E135/><V64/><F64/><W132/><G108/><T13/><D60/><U19/><E62/><V118/><F118/><W35/><G132/><T47/><D82/><N who="1" m="47183" /><E19/><V98/><F98/><W63/><G63/><T16/><D16/><U72/><E72/><V50/><F50/><RYUUKYOKU ba="0,1" sc="310,-15,250,15,180,15,250,-15" hai1="3,4,11,42,45,46,48,55,78,79" hai2="0,5,8,12,14,39,40,73,76,81,89,94,96" /><INIT seed="2,1,1,2,3,31" ten="295,265,195,235" oya="2" hai0="132,34,99,57,7,27,98,0,17,82,70,75,59" hai1="126,52,39,73,78,131,23,40,45,42,56,95,102" hai2="43,128,134,104,25,53,86,28,120,118,29,3,21" hai3="54,133,111,30,94,81,9,24,15,103,112,72,47"/><V2/><F120/><W1/><G1/><T35/><D70/><U66/><E66/><V76/><F118/><W96/><G111/><T50/><D0/><U109/><E42/><V90/><F104/><W5/><G133/><T122/><D122/><U14/><E109/><V11/><F134/><W60/><G112/><T36/><D36/><U107/><E107/><V64/><F128/><W44/><G72/><T77/><D7/><U79/><E131/><V127/><F127/><W37/><G37/><T20/><D132/><U16/><E126/><V119/><F119/><W117/><G81/><T135/><D135/><U10/><E73/><V121/><F121/><W33/><G117/><T130/><D130/><U124/><E124/><V114/><F114/><W84/><G84/><T58/><REACH who="0" step="1"/><D50/><REACH who="0" ten="285,265,195,235" step="2"/><U100/><E39/><V113/><F113/><W4/><G4/><T105/><D105/><U63/><E78/><V65/><F2/><W55/><REACH who="3" step="1"/><G60/><REACH who="3" ten="285,265,195,225" step="2"/><T46/><D46/><AGARI ba="1,3" hai="5,9,15,24,30,33,44,46,47,54,55,94,96,103" machi="46" ten="40,8000,1" yaku="1,1,2,1,52,1,53,1" doraHai="31" doraHaiUra="6" who="3" fromWho="0" sc="285,-83,265,0,195,0,225,113" /><INIT seed="3,0,0,3,2,79" ten="202,265,195,338" oya="3" hai0="125,119,28,52,104,42,101,132,37,76,85,71,70" hai1="74,63,17,3,20,81,61,105,129,67,7,127,1" hai2="122,6,69,93,53,100,64,35,32,110,134,50,83" hai3="14,115,96,30,25,26,54,31,47,82,68,95,39"/><W27/><G68/><T44/><D119/><U57/><E105/><V36/><F36/><W108/><G115/><T86/><D132/><U40/><E129/><V5/><F134/><W89/><G108/><T22/><D125/><U16/><E40/><V107/><F107/><W15/><G39/><T91/><D52/><U117/><E7/><V58/><F110/><W75/><G75/><T128/><D128/><U12/><E127/><V131/><F131/><W87/><G54/><T94/><D101/><U84/><E74/><V103/><F32/><W23/><G47/><T135/><D104/><U121/><E121/><V123/><F35/><W98/><G98/><T124/><D124/><U99/><E99/><N who="2" m="59503" /><F103/><W90/><G27/><T120/><D120/><N who="2" m="46122" /><F83/><W0/><G0/><T38/><D38/><U11/><E63/><AGARI ba="0,0" hai="5,6,50,53,58,63,64,69" m="46122,59503" machi="63" ten="30,1000,0" yaku="13,1" doraHai="79" who="2" fromWho="1" sc="202,0,265,-10,195,10,338,0" owari="202,-29.8,255,5.5,205,-19.5,338,43.8" /></mjloggm>