<mjloggm ver="2.3"><GO type="225" lobby="0"/><UN n0="%E7%9A%AE%E3%80%85" n1="%E3%81%99%E3%81%84%E3%81%BE%E3%81%9B%E3%83%BC%E3%82%93" n2="%E6%98%93%E5%88%A9%E8%96%A9%E4%BC%AF" n3="%E3%81%AF%E3%82%88%E3%81%8A%E3%81%98%E3%81%95%E3%82%93" dan="16,18,17,17" rate="2103.55,2192.03,2166.23,2133.57" sx="M,M,F,M"/><TAIKYOKU oya="0"/><INIT seed="0,0,0,4,5,91" ten="250,250,250,250" oya="0" hai0="29,42,71,109,27,69,60,111,114,80,75,96,64" hai1="135,38,18,20,10,100,81,44,119,26,83,6,116" hai2="126,67,105,97,89,106,76,92,65,84,31,36,121" hai3="52,21,101,127,50,11,115,57,59,70,110,16,93"/><T34/><D114/><U23/><E135/><V132/><F36/><W62/><G115/><T24/><D42/><U37/><E100/><V94/><F121/><W2/><G110/><N who="0" m="41995" /><D24/><U74/><E23/><V66/><F132/><W17/><G127/><T112/><D112/><U55/><E38/><V13/><F126/><W113/><G70/><N who="0" m="42247" /><D96/><U32/><E32/><V133/><F31/><W95/><G113/><T4/><D4/><U0/><E83/><V77/><F133/><W40/><G101/><T99/><D99/><U3/><E3/><V78/><REACH who="2" step="1"/><F13/><REACH who="2" ten="250,250,240,250" step="2"/><N who="3" m="7231" /><G2/><T47/><D47/><U122/><E122/><V48/><F48/><W46/><G59/><T103/><D103/><AGARI ba="0,1" hai="65,66,67,76,77,78,84,89,92,94,97,103,105,106" machi="103" ten="40,8000,1" yaku="1,1,52,2,53,2" doraHai="91" doraHaiUra="102" who="2" fromWho="0" sc="250,-80,250,0,240,90,250,0" /><INIT seed="1,0,0,5,2,64" ten="170,250,330,250" oya="1" hai0="28,2,87,112,98,55,113,85,17,123,70,130,36" hai1="57,133,46,127,37,8,7,15,103,129,56,58,81" hai2="44,21,42,32,101,96,66,18,134,24,50,75,97" hai3="40,79,54,90,48,38,104,107,67,6,14,41,20"/><U74/><E127/><V84/><F75/><W82/><G67/><T30/><D70/><U35/><E133/><V73/><F73/><W126/><G90/><T80/><D36/><U115/><E115/><V78/><F134/><W51/><G38/><T31/><D2/><U71/><E129/><V128/><F128/><W94/><G94/><T77/><D130/><U63/><E35/><V10/><F32/><W43/><G126/><T23/><D123/><U47/><E103/><V69/><F10/><W13/><G51/><T4/><D4/><U95/><E95/><V29/><F18/><W83/><G82/><T11/><D11/><U108/><E108/><V22/><F22/><W45/><G6/><T109/><D109/><U60/><E37/><V33/><F21/><W120/><G120/><T117/><D117/><U62/><REACH who="1" step="1"/><E71/><REACH who="1" ten="170,240,330,250" step="2"/><V53/><F101/><W72/><G107/><T26/><D113/><U102/><E102/><V9/><F33/><W93/><G93/><T118/><D112/><U3/><E3/><V132/><F69/><W114/><G104/><T110/><D110/><U27/><E27/><V105/><F24/><W88/><G114/><T135/><D118/><U91/><E91/><V124/><F105/><W0/><G88/><T116/><D116/><U92/><E92/><V61/><F132/><W5/><G0/><T121/><D121/><U76/><AGARI ba="0,1" hai="7,8,15,46,47,56,57,58,60,62,63,74,76,81" machi="76" ten="40,7800,0" yaku="1,1,0,1,53,1" doraHai="64" doraHaiUra="106" who="1" fromWho="1" sc="170,-26,240,88,330,-26,250,-26" /><INIT seed="1,1,0,5,4,97" ten="144,328,304,224" oya="1" hai0="38,24,52,91,56,127,66,75,77,65,17,112,117" hai1="30,0,45,49,101,110,124,100,133,69,5,119,109" hai2="59,2,98,53,68,107,89,92,34,74,62,95,132" hai3="8,128,6,126,111,39,135,90,76,37,108,61,80"/><U93/><E119/><V28/><F74/><W4/><G126/><T120/><D112/><U16/><E69/><V79/><F2/><W47/><G128/><T36/><D120/><U82/><E124/><V125/><F79/><W14/><G135/><T23/><D127/><U55/><E133/><V50/><F125/><W57/><G4/><T134/><D134/><U63/><E30/><V123/><F123/><W35/><G90/><T99/><D117/><U12/><E93/><V51/><F132/><W46/><G35/><T118/><D118/><U27/><E27/><N who="2" m="18719" /><F51/><W70/><G70/><T67/><D77/><U88/><E63/><V21/><F21/><W58/><G58/><T13/><D13/><U81/><E5/><V33/><F89/><W85/><G39/><T7/><D7/><U114/><E0/><V29/><F29/><W26/><G26/><T54/><D75/><U105/><E114/><V102/><F33/><W130/><G130/><T122/><D122/><U94/><E105/><V73/><F73/><W20/><G20/><T3/><D3/><U10/><E82/><V87/><F87/><W71/><G71/><T72/><D72/><U84/><E94/><V103/><F103/><AGARI ba="1,0" hai="10,12,16,45,49,55,81,84,88,100,101,103,109,110" machi="103" ten="40,18000,2" yaku="25,2,52,3,54,2" doraHai="97" who="1" fromWho="2" sc="144,0,328,183,304,-183,224,0" /><INIT seed="1,2,0,5,3,117" ten="144,511,121,224" oya="1" hai0="54,62,21,82,95,121,51,83,39,78,65,9,97" hai1="35,135,47,67,38,72,42,125,18,120,24,113,48" hai2="118,28,12,122,44,108,70,128,68,96,53,91,15" hai3="22,7,30,58,94,19,99,32,43,112,133,93,33"/><U107/><E113/><V41/><F118/><W86/><G112/><T0/><D0/><U100/><BYE who="0" /><E72/><V105/><F108/><W57/><G133/><T75/><D75/><U20/><E120/><V90/><F128/><W56/><G7/><T69/><D69/><UN n0="%E7%9A%AE%E3%80%85" /><U85/><E135/><V76/><F76/><W10/><G43/><T45/><D39/><U31/><E125/><V129/><F28/><W6/><G86/><T81/><D121/><U109/><E67/><V64/><F129/><W110/><G110/><T4/><D21/><U52/><E109/><V103/><F53/><W111/><G30/><T101/><D62/><U16/><E35/><V115/><F115/><W17/><G111/><T40/><D65/><U34/><E34/><V59/><F59/><W114/><G114/><T73/><D4/><U134/><E134/><V126/><F126/><W3/><G94/><T87/><D9/><U8/><E8/><V80/><F122/><W77/><G77/><T55/><D73/><U2/><E2/><V89/><F80/><AGARI ba="2,0" hai="40,45,51,54,55,78,80,81,82,83,87,95,97,101" machi="80" ten="40,1300,0" yaku="8,1" doraHai="117" who="0" fromWho="2" sc="144,19,511,0,121,-19,224,0" /><INIT seed="2,0,0,0,5,40" ten="163,511,102,224" oya="2" hai0="64,97,20,46,2,129,32,47,114,121,56,3,79" hai1="120,1,134,29,10,27,131,54,132,34,106,62,99" hai2="11,73,69,9,112,22,61,60,104,28,18,24,52" hai3="17,21,48,37,35,116,91,95,83,7,71,0,126"/><V85/><F73/><W89/><G116/><T107/><D114/><U23/><E131/><V66/><F112/><W128/><G37/><T16/><D121/><U19/><E120/><V36/><F104/><W74/><G35/><T109/><D129/><U13/><E62/><V63/><F36/><W75/><G71/><T111/><D32/><U125/><E54/><V14/><F85/><W117/><G117/><T39/><D79/><U30/><E125/><V82/><F82/><W94/><G128/><T86/><D86/><U55/><E55/><V92/><F92/><W90/><G126/><T12/><D97/><U72/><E72/><V93/><F93/><W123/><G123/><T43/><D107/><U25/><E1/><V127/><F127/><W38/><G38/><T133/><D133/><N who="1" m="51307" /><E99/><V41/><F41/><W5/><G0/><T108/><D47/><U76/><E76/><V113/><F113/><W26/><G75/><T98/><D98/><U70/><E70/><V103/><F103/><W105/><G105/><AGARI ba="0,0" hai="10,13,19,23,25,27,29,30,34,105,106" m="51307" machi="105" ten="30,1000,0" yaku="20,1" doraHai="40" who="1" fromWho="3" sc="163,0,511,10,102,0,224,-10" /><INIT seed="3,0,0,4,2,111" ten="163,521,102,214" oya="3" hai0="23,20,90,62,65,75,59,84,3,1,12,42,27" hai1="40,85,81,66,53,32,38,46,107,125,15,14,72" hai2="118,115,69,49,116,28,52,8,29,68,130,124,127" hai3="135,50,37,104,134,88,17,103,105,86,101,98,120"/><W99/><G50/><T129/><D75/><U43/><E107/><V110/><F8/><W31/><G17/><T74/><D74/><U44/><E32/><V54/><F110/><W73/><G31/><N who="2" m="11849" /><F49/><W41/><G41/><T77/><D77/><U7/><E125/><N who="2" m="48203" /><F115/><W34/><G37/><T71/><D42/><U36/><E72/><V106/><F106/><W58/><G34/><T19/><D71/><N who="2" m="27210" /><F130/><W16/><G73/><T22/><D129/><U132/><E132/><N who="3" m="50730" /><G58/><T123/><D123/><U4/><E66/><V117/><AGARI ba="0,0" hai="52,54,116,117,118" m="27210,48203,11849" machi="117" ten="40,8000,1" yaku="28,2,18,1,54,1" doraHai="111" who="2" fromWho="2" sc="163,-20,521,-20,102,80,214,-40" owari="143,-35.7,501,60.1,182,-1.8,174,-22.6" /></mjloggm>