<mjloggm ver="2.3"><GO type="225" lobby="0"/><UN n0="%E3%80%90%E3%83%88%E3%83%AA%E3%83%A5%E3%83%95%E3%80%91" n1="%E3%81%90%E3%81%A1%E3%82%84%E3%81%BE" n2="%41%6F%54" n3="%33%74%72%65%65" dan="16,16,16,16" rate="2080.33,2138.04,2078.55,2152.56" sx="M,M,M,F"/><TAIKYOKU oya="0"/><INIT seed="0,0,0,1,0,128" ten="250,250,250,250" oya="0" hai0="122,28,0,51,109,50,19,53,52,29,6,108,113" hai1="4,40,73,66,112,45,133,80,90,17,27,129,46" hai2="102,65,23,36,18,106,91,131,123,99,130,7,34" hai3="61,135,44,30,5,120,15,134,60,93,86,3,63"/><T111/><D113/><U125/><E112/><V110/><F123/><W37/><G120/><T41/><D122/><U72/><E4/><V101/><F34/><W104/><G3/><T85/><D85/><U14/><E129/><N who="2" m="49163" /><F36/><W92/><G104/><T82/><D82/><U32/><E66/><V56/><F7/><W76/><G30/><N who="0" m="11883" /><D19/><U94/><E125/><V81/><F110/><W69/><G69/><T58/><D41/><U57/><E40/><V115/><F115/><W105/><G105/><T114/><D114/><U118/><E17/><V12/><F101/><W67/><G67/><T84/><D84/><U26/><E80/><V116/><F116/><W48/><G37/><T8/><D53/><U49/><E73/><V38/><F38/><W132/><G86/><T98/><D98/><U71/><E72/><V97/><F81/><W127/><G76/><T39/><D39/><U119/><E118/><V25/><F99/><W68/><G68/><T13/><D0/><U83/><E71/><V75/><F75/><W11/><G127/><T79/><D79/><U2/><E83/><V70/><F70/><W95/><G95/><T22/><D22/><U42/><E2/><V89/><F25/><W96/><G96/><T20/><D20/><U74/><E119/><V31/><F31/><W124/><G124/><T10/><D10/><U1/><E1/><V59/><F65/><W33/><G33/><T64/><D64/><U43/><E74/><V47/><F47/><W55/><AGARI ba="0,0" hai="5,11,15,44,48,55,60,61,63,92,93,132,134,135" machi="55" ten="40,8000,1" yaku="0,1,20,1,52,3" doraHai="128" who="3" fromWho="3" sc="250,-40,250,-20,250,-20,250,80" /><INIT seed="1,0,0,5,0,57" ten="210,230,230,330" oya="1" hai0="90,112,77,65,96,19,20,2,119,89,94,36,40" hai1="129,104,73,106,113,16,98,102,103,34,124,30,14" hai2="133,107,126,99,52,0,131,31,91,118,37,100,62" hai3="120,97,39,59,105,4,51,87,32,78,22,135,43"/><U60/><E113/><V49/><F118/><W134/><G120/><T18/><D2/><U130/><E73/><V3/><F131/><N who="1" m="50185" /><E124/><V64/><F126/><W15/><G32/><T115/><D119/><U108/><E108/><V121/><F121/><W47/><G78/><T84/><D77/><U125/><E125/><V12/><F37/><W110/><G110/><T53/><D65/><U58/><E30/><V41/><F41/><W109/><G109/><T86/><D40/><U17/><E34/><V26/><F12/><W55/><G87/><T29/><D36/><U61/><E58/><N who="2" m="33039" /><F91/><W111/><G111/><T128/><D128/><U1/><E1/><V6/><F6/><W23/><G4/><T101/><D53/><U50/><E50/><V70/><F133/><N who="3" m="50699" /><G15/><T9/><D115/><U27/><E27/><V67/><F67/><W76/><G76/><T46/><D112/><U63/><E14/><V82/><F82/><W83/><G83/><T10/><D46/><U35/><E35/><AGARI ba="0,0" hai="0,3,26,31,35,62,64,70,99,100,107" m="33039" machi="35" ten="30,3900,0" yaku="25,1,52,1,54,1" doraHai="57" who="2" fromWho="1" sc="210,0,230,-39,230,39,330,0" /><INIT seed="2,0,0,0,5,4" ten="210,191,269,330" oya="2" hai0="14,125,43,39,110,100,65,30,130,57,48,117,109" hai1="115,93,51,87,119,15,103,53,73,108,29,33,7" hai2="123,80,34,54,63,118,85,75,49,40,47,94,92" hai3="23,3,20,82,127,70,105,132,21,126,116,131,101"/><V27/><F118/><W35/><G116/><T97/><D30/><U52/><E119/><V67/><F123/><W60/><G132/><T68/><D117/><U55/><E73/><V26/><F75/><W90/><G131/><T86/><D86/><U133/><E115/><V62/><F62/><W114/><G35/><T31/><D31/><U56/><E133/><V28/><F26/><W58/><G70/><T91/><D91/><N who="1" m="53503" /><E33/><V25/><F25/><W41/><G41/><T64/><D130/><U36/><E36/><V59/><REACH who="2" step="1"/><F40/><REACH who="2" ten="210,191,259,330" step="2"/><W2/><G114/><T89/><D43/><U120/><E120/><V69/><F69/><W78/><G60/><T37/><D68/><U9/><E108/><V121/><F121/><W81/><G126/><T135/><D125/><U95/><E29/><V17/><F17/><W11/><G127/><T83/><D135/><U111/><E111/><V74/><F74/><W42/><G42/><T66/><D110/><U50/><E50/><V98/><F98/><AGARI ba="0,1" hai="7,9,15,51,52,53,55,56,95,98,103" m="53503" machi="98" ten="30,3900,0" yaku="8,1,52,1,54,1" doraHai="4" who="1" fromWho="2" sc="210,0,191,49,259,-39,330,0" /><INIT seed="3,0,0,1,3,34" ten="210,240,220,330" oya="3" hai0="120,18,21,25,27,110,61,5,60,42,95,90,47" hai1="122,103,35,117,68,104,55,12,83,57,119,79,98" hai2="19,69,33,105,124,129,106,86,15,56,70,24,20" hai3="133,44,48,96,4,111,101,100,13,6,81,7,53"/><W74/><G133/><T118/><D118/><N who="1" m="45067" /><E122/><V23/><F33/><W51/><G111/><T126/><D120/><U128/><E35/><V67/><F129/><W88/><G74/><T116/><D116/><U87/><E128/><V89/><F124/><W84/><G96/><T32/><D126/><U9/><E68/><V46/><F69/><W77/><G77/><T62/><D110/><U40/><E40/><V29/><F70/><W10/><G51/><N who="0" m="27127" /><D5/><AGARI ba="0,0" hai="4,5,6,7,10,13,44,48,53,81,84,88,100,101" machi="5" ten="40,3900,0" yaku="8,1,54,1" doraHai="34" who="3" fromWho="0" sc="210,-39,240,0,220,0,330,39" owari="171,-32.9,240,4.0,220,-18.0,369,46.9" /></mjloggm>