<mjloggm ver="2.3"><GO type="225" lobby="0"/><UN n0="%E6%81%A5%E6%99%92%E3%81%97" n1="%E5%A4%8F%E9%88%B4%E9%88%B4%E5%A4%8F" n2="%E3%83%A9%E3%83%BC%E3%83%A1%E3%83%B3%E4%BA%94%E9%83%8E" n3="%E5%8D%A0%E3%81%84%E5%B8%AB%E8%A3%8F%E3%81%AA%E3%81%84%E3%81%97" dan="17,16,16,17" rate="2192.47,2152.93,2124.12,2256.09" sx="M,F,M,M"/><TAIKYOKU oya="0"/><INIT seed="0,0,0,2,0,58" ten="250,250,250,250" oya="0" hai0="83,17,70,61,123,112,68,115,62,44,77,54,36" hai1="67,121,128,84,11,27,24,130,10,78,127,37,41" hai2="4,13,6,1,87,82,76,23,72,2,53,80,28" hai3="89,39,125,97,46,51,71,132,59,85,63,25,119"/><T79/><D79/><U49/><E121/><V124/><F124/><W65/><G119/><T122/><D17/><U99/><E127/><V60/><F1/><W34/><G125/><T26/><D26/><N who="1" m="9771" /><E37/><V118/><F118/><W21/><G132/><T7/><D7/><U57/><E99/><V43/><F2/><W100/><G71/><N who="0" m="27179" /><D83/><N who="1" m="47223" /><E67/><V52/><F28/><W50/><G34/><T42/><D77/><U92/><E92/><V95/><F95/><N who="3" m="58431" /><G46/><T91/><D91/><U18/><E18/><N who="2" m="10703" /><F72/><W47/><G47/><T81/><D81/><U134/><E41/><V35/><F35/><W86/><G86/><T110/><D110/><U103/><E10/><V107/><F43/><W14/><G14/><T66/><D54/><U114/><E11/><V109/><F109/><W32/><G32/><T104/><D104/><U102/><E103/><V120/><F107/><W108/><G108/><T3/><D3/><U9/><E102/><V126/><F126/><W12/><G12/><T31/><D31/><U135/><E9/><V15/><F80/><N who="3" m="49319" /><G39/><T129/><D129/><U30/><E130/><V56/><F120/><N who="0" m="46122" /><D66/><U101/><E128/><V94/><F94/><W117/><G117/><T45/><D44/><U96/><E135/><V55/><F15/><W33/><G33/><T98/><D98/><U105/><E134/><V69/><F4/><W73/><G73/><T74/><D74/><U131/><E131/><V5/><F5/><W20/><G20/><T116/><D116/><U93/><E105/><V19/><F6/><W111/><G111/><T22/><D22/><U133/><E133/><RYUUKYOKU ba="0,0" sc="250,15,250,-15,250,-15,250,15" hai0="36,42,45,61,62,112,115" hai3="21,25,50,51,59,63,65" /><INIT seed="0,1,0,5,5,58" ten="265,235,235,265" oya="0" hai0="26,32,88,117,72,31,30,128,37,108,45,40,90" hai1="98,33,79,68,118,101,64,130,55,126,99,17,51" hai2="113,93,50,100,112,34,87,116,132,24,111,69,4" hai3="5,8,110,123,11,54,29,12,114,42,38,124,19"/><T82/><D117/><U70/><E118/><V105/><F116/><W56/><G114/><T78/><D128/><U41/><E33/><V7/><F69/><W57/><G110/><T84/><D108/><U83/><E130/><V131/><F111/><W67/><G124/><T127/><D127/><U106/><E126/><V80/><F131/><W20/><G123/><T3/><D30/><U115/><E41/><V28/><F105/><W44/><G29/><T121/><D121/><U22/><E64/><V36/><F36/><W103/><G103/><T39/><D39/><U134/><E99/><V91/><F132/><W71/><G56/><T96/><D96/><U35/><E35/><V66/><F66/><W135/><G135/><T81/><REACH who="0" step="1"/><D3/><REACH who="0" ten="255,235,235,265" step="2"/><U48/><E115/><V94/><F113/><W62/><REACH who="3" step="1"/><G5/><REACH who="3" ten="255,235,235,255" step="2"/><T59/><D59/><U60/><E134/><V125/><F112/><W47/><G47/><T13/><D13/><N who="1" m="9519" /><E70/><V21/><F125/><W97/><G97/><T52/><D52/><U2/><E68/><V77/><F4/><W76/><G76/><AGARI ba="1,2" hai="26,31,32,37,40,45,72,76,78,81,82,84,88,90" machi="76" ten="30,5800,0" yaku="1,1,7,1,54,1,53,0" doraHai="58" doraHaiUra="49" who="0" fromWho="3" sc="255,81,235,0,235,0,255,-61" /><INIT seed="0,2,0,0,0,93" ten="336,235,235,194" oya="0" hai0="129,98,103,135,109,57,126,110,82,117,51,81,55" hai1="43,133,85,62,23,90,89,29,15,71,34,106,12" hai2="101,132,47,72,69,32,131,119,68,40,6,28,66" hai3="107,86,111,65,88,2,42,64,18,16,59,74,30"/><T94/><D117/><U52/><E106/><V116/><F72/><W8/><G74/><T35/><D35/><U115/><E34/><V130/><F6/><W77/><G107/><T67/><D126/><U0/><E0/><V58/><F28/><W14/><G2/><T10/><D129/><N who="2" m="49162" /><F101/><W113/><G113/><T87/><D67/><N who="3" m="25673" /><G111/><N who="0" m="42507" /><D135/><U104/><E71/><N who="2" m="27211" /><F132/><W17/><G42/><T112/><D112/><U127/><E43/><V102/><F102/><W45/><G45/><T108/><D108/><U114/><E127/><V25/><F25/><W39/><G39/><T122/><D122/><U21/><E133/><V13/><F13/><W7/><G59/><T60/><D87/><U20/><E85/><V1/><F1/><W36/><G36/><T124/><D124/><U134/><E134/><V91/><F91/><W96/><G30/><T24/><D24/><U95/><E90/><V44/><F32/><W121/><G121/><T78/><D78/><U37/><E89/><V99/><F40/><W123/><G123/><T118/><D118/><N who="2" m="45098" /><F99/><W79/><G96/><T83/><D10/><U49/><E115/><V105/><F105/><W125/><G125/><T11/><D11/><U92/><E104/><V80/><F80/><AGARI ba="2,0" hai="7,8,14,16,17,18,77,79,80,86,88" m="25673" machi="80" ten="30,3900,0" yaku="8,1,54,2" doraHai="93" who="3" fromWho="2" sc="336,0,235,0,235,-45,194,45" /><INIT seed="1,0,0,2,4,13" ten="336,235,190,239" oya="1" hai0="5,115,128,57,6,117,88,114,118,134,26,35,101" hai1="104,132,7,98,121,44,51,56,63,80,110,67,45" hai2="41,42,78,31,92,93,1,33,10,112,55,122,49" hai3="30,48,129,131,29,19,59,20,106,100,77,2,102"/><U116/><E121/><V108/><F122/><W130/><G2/><T64/><D101/><N who="3" m="39017" /><G106/><T16/><D57/><U52/><E116/><N who="0" m="44649" /><D88/><U61/><E132/><V43/><F108/><W127/><G127/><T39/><D64/><U25/><E110/><V73/><F112/><W76/><G59/><T0/><D39/><U74/><E104/><V84/><F73/><W81/><G48/><T85/><D85/><U75/><E98/><V46/><F31/><N who="3" m="11787" /><G81/><T38/><D35/><U4/><E25/><AGARI ba="0,0" hai="19,20,25,76,77,129,130,131" m="11787,39017" machi="25" ten="40,2600,0" yaku="19,1,52,1" doraHai="13" who="3" fromWho="1" sc="336,0,235,-26,190,0,239,26" /><INIT seed="2,0,0,2,5,59" ten="336,209,190,265" oya="2" hai0="41,130,93,47,62,9,37,4,36,16,3,71,70" hai1="125,45,22,76,74,111,68,13,95,12,100,103,79" hai2="77,132,26,112,14,43,17,20,82,102,104,89,84" hai3="127,10,75,0,124,92,121,29,25,64,28,44,24"/><V27/><F132/><W69/><G121/><T38/><D130/><U88/><E111/><V109/><F112/><W134/><G75/><T135/><D135/><U67/><E125/><V90/><F109/><W19/><G134/><T53/><D93/><U30/><E68/><V23/><F43/><W91/><G44/><T46/><D16/><N who="1" m="10503" /><E74/><V94/><F104/><W129/><G129/><T49/><REACH who="0" step="1"/><D62/><REACH who="0" ten="326,209,190,265" step="2"/><U6/><E30/><N who="2" m="17735" /><F27/><W55/><G25/><T105/><D105/><U113/><E113/><V63/><F63/><W128/><G24/><T8/><D8/><N who="1" m="4247" /><E67/><V87/><F102/><N who="1" m="38953" /><E45/><V86/><F90/><W126/><G91/><T73/><D73/><U39/><E39/><AGARI ba="0,1" hai="3,4,9,36,37,38,39,41,46,47,49,53,70,71" machi="39" ten="40,1300,0" yaku="1,1,53,0" doraHai="59" doraHaiUra="83" who="0" fromWho="1" sc="326,23,209,-13,190,0,265,0" /><INIT seed="3,0,0,4,2,135" ten="349,196,190,265" oya="3" hai0="71,123,70,15,41,117,18,106,79,25,58,105,91" hai1="17,55,130,5,47,66,115,37,122,19,42,12,40" hai2="56,38,28,44,75,101,68,49,131,57,94,95,118" hai3="80,21,48,88,20,132,51,10,102,124,109,125,99"/><W110/><G132/><T93/><D117/><U67/><E115/><V23/><F118/><W4/><G48/><T2/><D2/><U100/><E122/><V32/><F75/><W129/><G129/><T0/><D0/><U112/><E112/><V39/><F68/><W62/><G51/><T120/><D123/><U3/><E3/><V34/><F131/><W11/><G62/><T29/><D41/><U111/><E111/><N who="3" m="42506" /><G88/><T50/><D79/><U84/><E42/><N who="2" m="24727" /><F38/><W33/><G33/><T52/><D70/><U108/><E40/><V54/><F39/><W104/><G80/><T35/><D71/><U86/><E47/><V113/><F32/><W46/><G46/><T76/><D76/><U6/><E37/><V121/><F34/><W60/><G60/><T31/><D120/><U85/><E130/><V26/><F121/><W72/><G72/><T107/><D35/><U114/><E114/><V65/><F113/><W14/><G10/><T133/><D133/><U1/><E108/><V127/><F101/><W77/><G77/><T89/><D91/><U61/><E100/><V92/><F127/><AGARI ba="0,0" hai="4,11,14,20,21,99,102,104,124,125,127" m="42506" machi="127" ten="30,18000,2" yaku="18,1,14,1,10,1,52,3" doraHai="135" who="3" fromWho="2" sc="349,0,196,0,190,-180,265,180" owari="349,14.9,196,-20.4,10,-49.0,445,54.5" /></mjloggm>