<mjloggm ver="2.3"><GO type="225" lobby="0"/><UN n0="%E8%A6%9A%E9%86%92%E3%81%97%E3%81%9F%E3%81%A8%E3%81%BE%E3%81%A8" n1="%70%68%65%6E%6F%6D%65" n2="%E7%9A%AE%E3%80%85" n3="%E5%A4%8F%E9%88%B4%E9%88%B4%E5%A4%8F" dan="16,16,16,16" rate="2136.22,2154.66,2163.41,2165.24" sx="M,M,F,F"/><TAIKYOKU oya="0"/><INIT seed="0,0,0,2,0,134" ten="250,250,250,250" oya="0" hai0="8,15,4,126,81,27,24,35,9,112,79,0,113" hai1="16,73,46,66,90,61,118,36,30,7,135,80,42" hai2="104,31,69,106,32,125,78,110,114,82,3,77,10" hai3="124,14,19,68,117,54,25,56,133,72,107,20,123"/><T26/><D35/><U94/><E118/><V17/><F114/><W129/><G117/><T37/><D37/><U53/><E135/><V49/><F110/><W60/><G129/><T83/><D126/><U50/><E7/><V97/><F17/><W116/><G116/><T99/><D99/><U86/><E30/><V101/><F125/><W95/><G133/><T96/><D96/><U131/><E131/><V57/><F104/><W45/><G107/><T63/><D63/><U102/><E16/><V21/><F21/><W11/><G72/><T43/><D43/><U59/><E102/><V89/><F89/><W128/><G123/><T44/><D44/><U85/><E73/><V84/><F77/><W76/><G128/><T88/><D83/><U18/><E18/><V29/><F69/><W6/><G76/><T132/><D88/><U93/><REACH who="1" step="1"/><E85/><REACH who="1" ten="250,240,250,250" step="2"/><V55/><F32/><W22/><G19/><T70/><D132/><U33/><E33/><V121/><REACH who="2" step="1"/><F121/><REACH who="2" ten="250,240,240,250" step="2"/><W115/><G6/><AGARI ba="0,2" hai="3,6,10,29,31,49,55,57,78,82,84,97,101,106" machi="6" ten="40,2600,0" yaku="1,1,2,1,53,0" doraHai="134" doraHaiUra="130" who="2" fromWho="3" sc="250,0,240,0,240,46,250,-26" /><INIT seed="1,0,0,3,1,105" ten="250,240,286,224" oya="1" hai0="18,106,46,37,15,135,95,124,62,68,100,90,81" hai1="35,57,44,87,1,23,4,33,39,59,97,30,8" hai2="20,28,133,109,48,22,64,98,2,85,101,112,29" hai3="58,131,77,129,53,31,89,66,49,123,65,34,0"/><U122/><E122/><V119/><F119/><W132/><G0/><T45/><D135/><U14/><E87/><V50/><F133/><W99/><G123/><T74/><D124/><U16/><E97/><V84/><F109/><W111/><G111/><T82/><D82/><U42/><REACH who="1" step="1"/><E35/><REACH who="1" ten="250,230,286,224" step="2"/><V117/><F98/><W79/><G131/><T55/><D106/><U19/><E19/><V36/><F84/><W32/><G129/><T11/><D18/><U94/><E94/><V43/><F85/><W102/><G132/><T91/><D95/><U103/><E103/><V7/><F101/><W6/><G34/><T69/><D100/><U41/><E41/><V60/><F43/><W96/><G32/><T121/><D121/><U115/><E115/><V71/><F112/><W56/><G99/><T110/><D110/><U26/><AGARI ba="0,1" hai="1,4,8,14,16,23,26,30,33,39,42,44,57,59" machi="26" ten="30,12000,1" yaku="1,1,0,1,24,2,54,1,53,0" doraHai="105" doraHaiUra="104" who="1" fromWho="1" sc="250,-40,230,130,286,-40,224,-40" /><INIT seed="1,1,0,1,4,51" ten="210,360,246,184" oya="1" hai0="1,3,127,4,114,105,100,2,22,110,91,73,53" hai1="79,13,106,74,8,45,29,26,81,23,54,6,7" hai2="14,112,37,60,104,120,65,98,58,135,59,70,36" hai3="131,19,119,64,108,130,116,16,124,88,90,34,85"/><U42/><E106/><V94/><F104/><W97/><G108/><T12/><D73/><U72/><E7/><V134/><F120/><W17/><G34/><T115/><D110/><U86/><REACH who="1" step="1"/><E54/><REACH who="1" ten="210,350,246,184" step="2"/><V43/><F112/><W69/><G124/><T128/><D53/><U48/><AGARI ba="1,1" hai="6,8,13,23,26,29,42,45,48,72,74,79,81,86" machi="48" ten="20,18000,2" yaku="1,1,2,1,0,1,7,1,25,2,53,0" doraHai="51" doraHaiUra="66" who="1" fromWho="1" sc="210,-61,350,193,246,-61,184,-61" /><INIT seed="1,2,0,4,3,111" ten="149,543,185,123" oya="1" hai0="108,119,83,27,134,22,46,69,8,112,19,51,57" hai1="56,131,78,109,98,0,2,38,106,52,71,43,80" hai2="72,63,76,67,32,47,105,29,115,54,88,6,42" hai3="133,55,1,104,73,87,116,3,89,24,113,17,99"/><U85/><E71/><V11/><F105/><W122/><G122/><T30/><D69/><U10/><E131/><V135/><F135/><W126/><G126/><T58/><D108/><U28/><E109/><V5/><F54/><W91/><G73/><T97/><D134/><U93/><E28/><V34/><F115/><W114/><G133/><T37/><D37/><U128/><E128/><V92/><F6/><W14/><G116/><T77/><D119/><U127/><E106/><V132/><F132/><W31/><G55/><T26/><D97/><U35/><E35/><V45/><F45/><W59/><G59/><T15/><D27/><U21/><E21/><V48/><F29/><W103/><G3/><T44/><D44/><U36/><E43/><V4/><F76/><W70/><G1/><T86/><REACH who="0" step="1"/><D112/><REACH who="0" ten="139,543,185,123" step="2"/><U18/><E38/><V118/><F118/><W65/><G70/><T64/><D64/><U25/><E36/><V110/><F110/><W40/><G65/><T95/><D95/><U129/><E25/><V120/><F47/><W90/><G87/><T107/><D107/><U62/><E93/><V68/><F92/><W75/><G75/><T41/><AGARI ba="2,1" hai="8,15,19,22,26,30,41,46,51,57,58,77,83,86" machi="41" ten="20,8000,1" yaku="1,1,0,1,7,1,8,1,53,1" doraHai="111" doraHaiUra="20" who="0" fromWho="0" sc="139,96,543,-42,185,-22,123,-22" /><INIT seed="2,0,0,2,2,41" ten="235,501,163,101" oya="2" hai0="55,3,20,121,91,74,49,14,110,130,27,134,100" hai1="66,47,50,7,53,52,128,18,4,82,16,98,76" hai2="45,92,117,57,118,73,38,103,62,37,48,80,10" hai3="89,83,34,97,96,22,94,108,131,58,12,43,44"/><V101/><F38/><W29/><G131/><T84/><D3/><U95/><E128/><V8/><F37/><W116/><G108/><T75/><D130/><U99/><E66/><V119/><F73/><W88/><G34/><T15/><D110/><U126/><E126/><V6/><F80/><W31/><G116/><T120/><D134/><U109/><E53/><V107/><F107/><W90/><G58/><T102/><D75/><U87/><E99/><V28/><F28/><W65/><G65/><T61/><D74/><U2/><E109/><V60/><F92/><W67/><G67/><T17/><D61/><U71/><E71/><V21/><F21/><W68/><G68/><T13/><D121/><U135/><E135/><V25/><F25/><W105/><G83/><N who="0" m="49567" /><D120/><U35/><E35/><V70/><F70/><W23/><G105/><T54/><D54/><U81/><E81/><V11/><F6/><N who="1" m="2089" /><E2/><V79/><F79/><W106/><G106/><T133/><D133/><U112/><E112/><V115/><F115/><W5/><G23/><T24/><D27/><U42/><E42/><N who="2" m="24631" /><F57/><AGARI ba="0,0" hai="13,14,15,17,20,24,49,55,57,100,102" m="49567" machi="57" ten="30,1000,0" yaku="8,1" doraHai="41" who="0" fromWho="2" sc="235,10,501,0,163,-10,101,0" /><INIT seed="3,0,0,5,3,1" ten="245,501,153,101" oya="3" hai0="78,134,113,129,104,18,11,37,91,108,65,55,133" hai1="52,59,51,130,117,39,5,112,63,22,61,49,72" hai2="29,53,40,114,70,68,127,4,33,20,96,132,90" hai3="76,97,73,122,98,13,15,23,6,119,83,30,74"/><W87/><G119/><T48/><D37/><U3/><E39/><V17/><F114/><W120/><G122/><T99/><D113/><U28/><E72/><V88/><F40/><W67/><G120/><T10/><D108/><U100/><E100/><V125/><F4/><W101/><G97/><T58/><D129/><U26/><E130/><V42/><F42/><W123/><G67/><T35/><D35/><U79/><E79/><V81/><F53/><W38/><G38/><T43/><D43/><U131/><E131/><V95/><F132/><N who="0" m="50794" /><D65/><U41/><E112/><V45/><F45/><W66/><G66/><T102/><D78/><U24/><E24/><N who="2" m="18599" /><F90/><W128/><G128/><T46/><D58/><U126/><E61/><V12/><F81/><W103/><G103/><T109/><D109/><U115/><E22/><V69/><F69/><W80/><G123/><T121/><D121/><U56/><E126/><N who="2" m="48139" /><F70/><W124/><G124/><T77/><D77/><U111/><E26/><V31/><F68/><W54/><G54/><T21/><D91/><U105/><E105/><V9/><F31/><W57/><G57/><T36/><D36/><U110/><E3/><V82/><F82/><N who="3" m="47559" /><G74/><T94/><D104/><U71/><E51/><V25/><F25/><AGARI ba="0,0" hai="10,11,18,21,25,46,48,55,94,99,102" m="50794" machi="25" ten="30,1000,0" yaku="20,1" doraHai="1" who="0" fromWho="2" sc="245,10,501,0,153,-10,101,0" owari="255,5.5,501,60.1,143,-25.7,101,-39.9" /></mjloggm>