<mjloggm ver="2.3"><GO type="225" lobby="0"/><UN n0="%E3%83%96%E3%83%83%E3%83%91%E3%82%AA%E3%83%96%E3%83%81%E3%82%AD%E3%83%B3" n1="%E3%81%BD%E3%81%A1%E3%81%9F%E3%81%93%E3%82%84" n2="%E7%AB%8B%E7%9B%B4%E5%A5%BD%E6%A3%92%40%E5%BF%98" n3="%33%74%72%65%65" dan="16,17,17,17" rate="2155.35,2174.34,2146.22,2207.53" sx="M,M,M,F"/><TAIKYOKU oya="0"/><INIT seed="0,0,0,0,3,118" ten="250,250,250,250" oya="0" hai0="120,16,6,5,64,20,117,107,21,52,114,71,102" hai1="57,70,42,101,0,8,126,68,7,72,82,91,131" hai2="27,39,26,96,112,104,10,53,54,62,85,93,13" hai3="106,67,24,28,2,108,61,113,47,18,77,58,40"/><T66/><D117/><U78/><E131/><V32/><F39/><W132/><G113/><T22/><D114/><U127/><E101/><V122/><F112/><W45/><G108/><T41/><D71/><U46/><E57/><V73/><F73/><W80/><G132/><T105/><D41/><U87/><E91/><V109/><F104/><W1/><G18/><T110/><D102/><U34/><E87/><V121/><F109/><W29/><G106/><T135/><D110/><U17/><E17/><V84/><F32/><W44/><G40/><T98/><D98/><U76/><E76/><V50/><F62/><W90/><G90/><T49/><D135/><U111/><E34/><V9/><F96/><W37/><G37/><T89/><D120/><U30/><E30/><V23/><F23/><N who="0" m="8778" /><D89/><U79/><E79/><V36/><F36/><W15/><G15/><N who="0" m="9503" /><D107/><U115/><E115/><V31/><F93/><W69/><G69/><N who="1" m="26730" /><E111/><V12/><REACH who="2" step="1"/><F31/><REACH who="2" ten="250,250,240,250" step="2"/><W129/><G28/><T100/><D105/><U86/><E86/><V94/><F94/><W65/><G29/><T74/><D74/><U25/><E25/><V119/><F119/><W33/><G24/><T130/><D130/><U134/><E134/><V97/><F97/><W124/><G129/><T14/><D100/><U51/><E72/><V81/><F81/><W11/><G80/><T35/><D35/><U75/><E75/><V43/><F43/><W4/><G33/><T103/><D103/><U19/><E42/><V59/><F59/><W3/><G58/><N who="0" m="33039" /><D14/><U125/><E125/><V92/><F92/><W128/><G124/><RYUUKYOKU ba="0,1" sc="250,15,250,-15,240,15,250,-15" hai0="5,6,64,66" hai2="9,10,12,13,26,27,50,53,54,84,85,121,122" /><INIT seed="0,1,1,2,0,126" ten="265,235,255,235" oya="0" hai0="86,21,13,84,30,1,89,25,118,92,53,38,109" hai1="23,104,44,99,41,77,24,125,66,96,3,133,20" hai2="27,68,111,132,48,70,121,106,85,116,129,103,122" hai3="88,110,40,107,78,60,69,56,105,95,12,34,120"/><T114/><D118/><U31/><E125/><V100/><F27/><W134/><G110/><T11/><D114/><U9/><E133/><V98/><F48/><W39/><G134/><T131/><D109/><U6/><E104/><V101/><F111/><W22/><G34/><T62/><D38/><U79/><E66/><V57/><F57/><W55/><G120/><N who="2" m="46185" /><F132/><W87/><G69/><N who="2" m="26729" /><F85/><W83/><G39/><T32/><D131/><U75/><E23/><V113/><F113/><W73/><REACH who="3" step="1"/><G40/><REACH who="3" ten="265,235,255,225" step="2"/><T67/><D32/><U52/><E41/><V51/><F116/><W123/><G123/><T5/><D53/><U59/><E44/><V54/><F106/><W10/><G10/><T18/><D1/><U33/><E33/><V14/><F54/><W124/><G124/><T112/><D112/><U35/><E35/><V128/><F51/><W81/><G81/><T2/><D2/><U49/><REACH who="1" step="1"/><E75/><REACH who="1" ten="265,225,255,225" step="2"/><V19/><F14/><W7/><G7/><T90/><D5/><U63/><E63/><V42/><F42/><W115/><G115/><T37/><D37/><U119/><E119/><V72/><F72/><W45/><G45/><T0/><D62/><U102/><E102/><V130/><F100/><W64/><G64/><T76/><D67/><U29/><E29/><V16/><F101/><W94/><G94/><N who="0" m="54567" /><D0/><U82/><E82/><V26/><F26/><W65/><G65/><T28/><D28/><U36/><E36/><V58/><F58/><W15/><G15/><T50/><D50/><U47/><E47/><V4/><F4/><W108/><G108/><T61/><D61/><RYUUKYOKU ba="1,3" sc="265,0,225,0,255,0,225,0" hai0="11,13,18,21,25,30,76,86,90,92" hai1="3,6,9,20,24,31,49,52,59,77,79,96,99" hai2="16,19,98,103,128,129,130" hai3="12,22,55,56,60,73,78,83,87,88,95,105,107" /><INIT seed="0,2,3,0,3,117" ten="265,225,255,225" oya="0" hai0="66,124,50,30,95,104,47,19,123,15,4,35,114" hai1="1,55,41,7,25,23,10,86,100,27,58,134,44" hai2="122,8,110,73,46,74,127,109,51,64,76,75,20" hai3="12,121,5,62,24,43,81,93,77,78,33,87,57"/><T128/><D114/><U60/><E134/><V116/><F116/><W119/><G119/><T45/><D104/><U89/><E100/><V135/><F135/><W125/><G125/><T54/><D124/><U16/><E27/><V11/><F127/><W105/><G105/><T67/><D128/><U90/><REACH who="1" step="1"/><E86/><REACH who="1" ten="265,215,255,225" step="2"/><V56/><F109/><W111/><G111/><T52/><D35/><U3/><E3/><V82/><F110/><W106/><G33/><T115/><D115/><U112/><E112/><V118/><F118/><W98/><G24/><T71/><D30/><U32/><E32/><V21/><F75/><W9/><G106/><T94/><D123/><U99/><E99/><V92/><F74/><W102/><G121/><T85/><D85/><U18/><E18/><V39/><F122/><W2/><G2/><T91/><D4/><U61/><E61/><V107/><F73/><W132/><G132/><T22/><D71/><U40/><E40/><V126/><F107/><W38/><G43/><T133/><D133/><U113/><E113/><V48/><F126/><W68/><G68/><T14/><D14/><U88/><E88/><V28/><F28/><W129/><G129/><T120/><D120/><U131/><E131/><V80/><F76/><W63/><G77/><T36/><D91/><U13/><E13/><V84/><F84/><W101/><G101/><T26/><D26/><U31/><E31/><V69/><F69/><W37/><G63/><T130/><D130/><U65/><E65/><AGARI ba="2,4" hai="5,9,12,37,38,57,62,65,78,81,87,93,98,102" machi="65" ten="30,1000,0" yaku="7,1" doraHai="117" who="3" fromWho="1" sc="265,0,215,-16,255,0,225,56" /><INIT seed="1,0,0,5,3,65" ten="265,199,255,281" oya="1" hai0="126,109,31,10,132,50,88,124,0,37,134,121,34" hai1="130,28,49,64,114,128,84,12,99,100,97,18,131" hai2="21,71,117,76,29,127,43,72,5,115,33,25,57" hai3="87,30,111,38,60,82,112,69,39,118,90,94,19"/><U133/><E114/><V67/><F117/><W108/><G112/><T58/><D37/><U53/><E133/><N who="0" m="51305" /><D109/><N who="3" m="42057" /><G118/><T46/><D58/><U16/><E28/><V91/><F115/><W70/><G30/><T2/><D121/><U24/><E64/><V79/><F127/><N who="0" m="48682" /><D10/><N who="1" m="6167" /><E84/><V85/><F72/><W36/><G60/><T11/><D11/><U61/><E61/><V56/><F67/><W86/><G19/><T15/><D15/><U110/><E110/><V102/><F85/><W48/><G48/><T80/><D80/><U44/><E100/><V75/><F102/><W92/><G92/><T1/><D88/><AGARI ba="0,0" hai="36,38,39,69,70,82,86,87,88,90,94" m="42057" machi="88" ten="40,8000,1" yaku="14,1,52,2,54,1" doraHai="65" who="3" fromWho="0" sc="265,-80,199,0,255,0,281,80" /><INIT seed="2,0,0,0,2,82" ten="185,199,255,361" oya="2" hai0="91,25,76,1,49,92,19,85,115,110,35,93,107" hai1="11,106,34,40,46,16,103,69,21,24,67,80,58" hai2="2,70,84,41,75,65,98,3,20,64,81,118,7" hai3="14,36,116,100,128,108,4,133,32,101,113,60,68"/><V124/><F118/><W8/><G116/><T97/><D115/><U12/><E69/><V57/><F75/><W131/><G108/><T56/><D1/><U87/><E34/><V29/><F124/><W26/><G36/><T5/><D110/><U122/><E122/><V114/><F114/><W111/><G111/><T74/><D5/><U94/><E106/><V120/><F120/><W48/><G48/><T13/><D107/><U130/><E130/><N who="3" m="49706" /><G133/><T135/><D135/><U55/><E67/><V83/><F70/><W44/><G44/><T22/><D74/><U43/><E46/><V125/><F125/><W9/><G9/><T129/><D129/><U119/><E94/><V126/><F126/><W102/><G113/><T0/><D0/><U6/><E103/><V62/><F65/><N who="3" m="40999" /><G101/><T78/><D35/><U99/><E99/><V47/><F98/><W73/><G73/><T31/><D31/><AGARI ba="0,0" hai="4,8,14,26,31,32,100,102" m="40999,49706" machi="31" ten="30,1000,0" yaku="19,1" doraHai="82" who="3" fromWho="0" sc="185,-10,199,0,255,0,361,10" /><INIT seed="3,0,0,0,3,68" ten="175,199,255,371" oya="3" hai0="19,95,27,92,100,57,119,11,84,33,103,17,131" hai1="134,67,58,85,28,107,109,22,40,30,49,51,41" hai2="104,94,114,42,4,102,3,6,61,88,23,87,21" hai3="81,69,75,39,0,120,66,98,48,132,52,32,35"/><W71/><G39/><T7/><D119/><U124/><E107/><V72/><F114/><W46/><G120/><T83/><D131/><U90/><E109/><V111/><F111/><W43/><G0/><T12/><D33/><U8/><E134/><V108/><F108/><W99/><G69/><T64/><D64/><U73/><E73/><V125/><F125/><W128/><G98/><T93/><D57/><U126/><E8/><V20/><F3/><W50/><G99/><T63/><D63/><N who="1" m="38391" /><E49/><V112/><F112/><W97/><G52/><T101/><REACH who="0" step="1"/><D27/><REACH who="0" ten="165,199,255,371" step="2"/><N who="1" m="16503" /><E51/><V31/><F61/><W34/><G50/><T116/><D116/><U117/><E117/><V36/><F31/><W14/><G48/><T37/><D37/><U18/><E30/><V74/><F36/><W86/><G66/><T62/><D62/><U15/><E124/><V47/><F47/><W96/><G34/><T54/><D54/><U70/><E70/><V60/><F60/><W113/><G32/><T24/><D24/><U77/><E126/><V59/><F59/><W53/><G35/><T106/><D106/><U29/><E29/><V133/><F104/><W13/><G53/><T118/><D118/><U10/><E41/><V5/><F42/><W2/><G43/><T78/><AGARI ba="0,1" hai="7,11,12,17,19,78,83,84,92,93,95,100,101,103" machi="78" ten="30,4000,0" yaku="1,1,0,1,8,1,53,0" doraHai="68" doraHaiUra="130" who="0" fromWho="0" sc="165,50,199,-10,255,-10,371,-20" owari="215,-18.5,189,-31.1,245,4.5,351,45.1" /></mjloggm>