<mjloggm ver="2.3"><GO type="225" lobby="0"/><UN n0="%E5%A4%8F%E9%88%B4%E9%88%B4%E5%A4%8F" n1="%E7%99%BD%E5%80%89%E5%AF%9B%E4%B9%8B" n2="%E7%9A%AE%E3%80%85" n3="%E9%B7%B9%E5%80%89%E6%9D%8F%E9%88%B4" dan="16,16,16,16" rate="2114.56,2135.36,2158.48,2109.69" sx="F,M,F,F"/><TAIKYOKU oya="0"/><INIT seed="0,0,0,2,3,27" ten="250,250,250,250" oya="0" hai0="89,20,14,72,0,126,82,21,63,50,17,119,88" hai1="109,118,79,110,41,48,86,106,24,44,23,42,98" hai2="11,3,65,36,39,127,92,28,123,10,49,32,69" hai3="61,102,99,133,62,83,51,73,96,26,37,105,43"/><T80/><D119/><U112/><E118/><V90/><F123/><W58/><G133/><T132/><D126/><U107/><E112/><V91/><F127/><W113/><G113/><T56/><D132/><U46/><E79/><V47/><F91/><N who="0" m="34890" /><D72/><U16/><E86/><V122/><F122/><W87/><G73/><T9/><D50/><U100/><REACH who="1" step="1"/><E107/><REACH who="1" ten="250,240,250,250" step="2"/><V131/><F92/><W78/><G105/><T54/><D0/><U129/><E129/><V12/><F131/><W52/><G99/><T121/><D121/><U64/><E64/><V104/><F65/><W103/><G96/><T77/><D77/><U94/><E94/><V30/><F104/><W97/><G97/><T115/><D115/><U31/><E31/><V8/><F30/><W40/><G87/><T1/><D1/><U6/><E6/><V81/><F28/><W18/><G78/><T93/><D93/><U38/><AGARI ba="0,1" hai="16,23,24,38,41,42,44,46,48,98,100,106,109,110" machi="38" ten="30,7900,0" yaku="1,1,0,1,54,1,53,1" doraHai="27" doraHaiUra="19" who="1" fromWho="1" sc="250,-39,240,89,250,-20,250,-20" /><INIT seed="1,0,0,5,0,50" ten="211,329,230,230" oya="1" hai0="104,56,2,117,111,29,97,75,99,78,68,26,84" hai1="132,118,41,95,43,37,53,72,93,105,66,6,24" hai2="74,61,40,21,59,108,128,54,70,23,94,45,101" hai3="89,76,9,15,7,4,122,34,16,114,123,14,47"/><U135/><E105/><V30/><F74/><W8/><G76/><T36/><D117/><U91/><E72/><V51/><F108/><W77/><G77/><T55/><D68/><U115/><E118/><V133/><F133/><N who="1" m="51273" /><E66/><V124/><F124/><W69/><G69/><T86/><D36/><U19/><E6/><V1/><F1/><W88/><G47/><T106/><D2/><U119/><E115/><V71/><F128/><W57/><G57/><T107/><D111/><U39/><E95/><V113/><F113/><W33/><REACH who="3" step="1"/><G16/><REACH who="3" ten="211,329,230,220" step="2"/><T18/><D18/><U120/><E19/><V38/><F71/><W0/><G0/><T100/><D75/><U85/><E119/><V28/><F28/><W5/><G5/><T92/><D78/><U67/><E24/><V73/><F30/><W102/><G102/><T98/><D100/><U22/><E91/><V11/><F73/><W25/><G25/><T131/><D131/><U12/><E12/><V10/><F10/><W109/><G109/><T79/><D79/><U62/><E39/><V112/><F11/><W129/><G129/><T65/><D65/><U58/><E67/><N who="2" m="41327" /><F112/><AGARI ba="0,1" hai="4,7,8,9,14,15,33,34,88,89,112,114,122,123" machi="112" ten="25,6400,0" yaku="1,1,22,2,54,1,53,0" doraHai="50" doraHaiUra="20" who="3" fromWho="2" sc="211,0,329,0,230,-64,220,74" /><INIT seed="2,0,0,4,0,11" ten="211,329,166,294" oya="2" hai0="52,96,79,108,22,4,61,26,121,21,46,112,69" hai1="18,29,54,25,68,116,127,60,101,81,86,55,73" hai2="35,111,9,113,41,5,128,132,131,2,50,32,42" hai3="135,48,115,7,109,65,56,74,110,45,90,118,120"/><V36/><F113/><W119/><G74/><T16/><D121/><U13/><E73/><V123/><F123/><W114/><G7/><T104/><D112/><N who="3" m="43049" /><G90/><T38/><D108/><N who="3" m="41577" /><G120/><T20/><D4/><U91/><E101/><V133/><F111/><W49/><G135/><N who="2" m="51785" /><F50/><N who="3" m="19563" /><G45/><T67/><D52/><U17/><E55/><V78/><F78/><W94/><G94/><T70/><D79/><U10/><E54/><V71/><F71/><W93/><G93/><T39/><D69/><U105/><E91/><V34/><F36/><W57/><G65/><T51/><D51/><U89/><E89/><V6/><F6/><W64/><G64/><T134/><D134/><U95/><E95/><V106/><F106/><W15/><G15/><T97/><D104/><U100/><E13/><V130/><AGARI ba="0,0" hai="2,5,9,32,34,35,41,42,128,130,131" m="51785" machi="130" ten="50,4800,0" yaku="19,1,20,1" doraHai="11" who="2" fromWho="2" sc="211,-16,329,-16,166,48,294,-16" /><INIT seed="2,1,0,1,5,33" ten="195,313,214,278" oya="2" hai0="78,83,93,92,122,31,37,20,70,12,59,121,132" hai1="0,98,94,6,5,129,111,55,79,88,58,13,50" hai2="62,10,102,7,96,51,115,73,81,38,125,8,65" hai3="54,119,131,130,133,82,107,64,113,40,47,39,41"/><V128/><F115/><W28/><G107/><T116/><D70/><U114/><E114/><V44/><F128/><N who="3" m="49195" /><G113/><T84/><D132/><U66/><E0/><V68/><F125/><W46/><G28/><T72/><D116/><U91/><E111/><V16/><F38/><N who="3" m="21783" /><G82/><T69/><D69/><U18/><E79/><V77/><F7/><N who="1" m="2569" /><E66/><V124/><F124/><W75/><G75/><T90/><D37/><U123/><E123/><V118/><F118/><W53/><G133/><T45/><D45/><U112/><E112/><V106/><REACH who="2" step="1"/><F16/><REACH who="2" ten="195,313,204,278" step="2"/><W36/><G119/><T109/><D109/><U134/><E129/><V95/><F95/><W127/><G127/><T99/><D122/><U19/><E134/><V32/><F32/><W76/><G39/><T86/><D121/><U17/><E13/><V2/><F2/><W25/><G25/><T30/><D93/><U43/><E94/><V27/><F27/><W23/><G23/><T89/><D12/><U105/><E19/><V120/><F120/><W87/><G64/><T71/><D20/><U22/><E18/><V126/><F126/><W117/><G117/><T80/><D30/><U74/><E17/><V21/><F21/><W15/><G15/><T48/><D31/><U57/><E22/><V34/><F34/><W101/><G101/><T100/><D71/><U61/><E105/><V4/><F4/><W52/><G76/><T110/><D110/><U11/><E91/><N who="0" m="34825" /><D59/><U103/><E58/><V135/><F135/><W97/><G36/><T26/><D26/><U24/><E57/><V60/><F60/><W42/><G47/><RYUUKYOKU ba="1,1" sc="195,-10,313,-10,204,30,278,-10" hai2="8,10,44,51,62,65,68,73,77,81,96,102,106" /><INIT seed="2,2,1,1,1,122" ten="185,303,234,268" oya="2" hai0="87,57,27,96,107,41,3,62,23,20,40,8,11" hai1="16,78,29,74,13,44,14,135,26,117,61,81,97" hai2="65,71,129,46,116,111,113,51,72,64,73,83,133" hai3="15,66,45,125,49,9,50,114,33,124,6,84,22"/><V67/><F113/><W88/><G33/><T10/><D3/><U35/><E117/><V85/><F116/><W54/><G114/><T103/><D87/><U43/><E135/><V53/><F133/><W112/><G112/><T18/><REACH who="0" step="1"/><D23/><REACH who="0" ten="175,303,234,268" step="2"/><U38/><E35/><V37/><F129/><W121/><G22/><T31/><D31/><U120/><E29/><V24/><F71/><W70/><G121/><T94/><D94/><U30/><E30/><V75/><F37/><W59/><G70/><T55/><AGARI ba="2,2" hai="8,10,11,18,20,27,40,41,55,57,62,96,103,107" machi="55" ten="30,2000,0" yaku="1,1,0,1,53,0" doraHai="122" doraHaiUra="106" who="0" fromWho="0" sc="175,46,303,-7,234,-12,268,-7" /><INIT seed="3,0,0,5,3,19" ten="221,296,222,261" oya="3" hai0="17,115,47,22,131,85,43,38,11,89,30,8,52" hai1="117,113,72,64,82,0,73,66,71,6,97,127,5" hai2="41,29,7,90,60,13,39,2,18,100,105,32,88" hai3="123,99,53,129,125,86,130,77,80,24,67,21,62"/><W50/><G123/><T12/><D131/><N who="3" m="50185" /><G99/><T84/><D115/><U33/><E33/><V31/><F100/><W101/><G101/><T98/><D98/><U83/><E113/><V54/><F105/><W59/><G125/><T95/><D84/><U122/><E97/><V106/><F106/><W107/><G107/><T110/><D110/><U49/><E127/><V27/><F31/><N who="3" m="17807" /><G50/><T111/><D111/><U35/><E35/><V120/><F120/><W20/><G20/><T87/><D30/><U28/><E28/><V135/><F29/><W69/><G69/><T128/><D128/><U48/><E71/><V124/><F32/><W93/><G93/><T56/><REACH who="0" step="1"/><D87/><REACH who="0" ten="211,296,222,261" step="2"/><U3/><E122/><V121/><F121/><W51/><G51/><AGARI ba="0,1" hai="8,11,12,17,22,38,43,47,51,52,56,85,89,95" machi="51" ten="30,16000,3" yaku="1,1,2,1,7,1,25,2,52,1,54,1,53,1" doraHai="19" doraHaiUra="42" who="0" fromWho="3" sc="211,170,296,0,222,0,261,-160" owari="381,48.1,296,9.6,222,-17.8,101,-39.9" /></mjloggm>