<mjloggm ver="2.3"><GO type="225" lobby="0"/><UN n0="%E3%81%A0%E3%81%8A" n1="%E3%81%A4%E3%81%A3%E3%81%B1%E3%82%8A%E3%83%9D%E3%83%BC%E3%83%AB" n2="%E5%91%A8%E6%9D%B1" n3="%73%69%67%65%6E%6F%72%69" dan="17,17,17,18" rate="2058.89,2141.01,2151.21,2255.19" sx="M,M,M,M"/><TAIKYOKU oya="0"/><INIT seed="0,0,0,5,3,30" ten="250,250,250,250" oya="0" hai0="40,24,48,111,52,50,16,49,38,15,92,13,100" hai1="17,63,91,29,80,120,79,66,41,57,85,36,101" hai2="31,64,83,109,99,21,95,14,132,32,76,133,12" hai3="74,46,93,126,70,88,39,98,105,87,22,89,135"/><T129/><D129/><U18/><E120/><V94/><F64/><W20/><G74/><T75/><D75/><U25/><E101/><V19/><F109/><W122/><G122/><T5/><D111/><U9/><E41/><V124/><F14/><W11/><G70/><T7/><D38/><U123/><E36/><V8/><F21/><W116/><G116/><T103/><D40/><U114/><E123/><V6/><F6/><N who="0" m="2058" /><D24/><U37/><E37/><V86/><F124/><W131/><G131/><T68/><D68/><U65/><E65/><V69/><F69/><W112/><G112/><T128/><D15/><U34/><E114/><V113/><F113/><W2/><G135/><N who="2" m="51785" /><F99/><W106/><G126/><T78/><D128/><U3/><E3/><V51/><F51/><N who="0" m="19530" /><D92/><N who="2" m="35370" /><F31/><W96/><G2/><T58/><D78/><U0/><E0/><V56/><F56/><W67/><G39/><T26/><D26/><U33/><E33/><AGARI ba="0,0" hai="8,12,19,32,33,76,83,86" m="35370,51785" machi="33" ten="30,3900,0" yaku="20,1,52,2" doraHai="30" who="2" fromWho="1" sc="250,0,250,-39,250,39,250,0" /><INIT seed="1,0,0,2,2,52" ten="250,211,289,250" oya="1" hai0="83,17,4,84,124,47,116,102,78,7,101,132,96" hai1="16,129,109,45,63,112,81,67,117,114,66,103,98" hai2="97,120,46,32,64,100,15,23,87,86,19,104,50" hai3="2,92,71,29,37,10,41,33,107,133,85,44,11"/><U122/><E117/><V121/><F32/><W0/><G107/><T40/><D116/><U105/><E122/><V21/><F64/><W43/><G71/><T36/><D124/><U79/><E129/><V73/><F73/><W13/><G133/><T26/><D132/><U123/><E123/><V135/><F135/><W58/><G43/><T24/><D101/><U62/><E109/><V20/><F121/><W68/><G68/><T95/><REACH who="0" step="1"/><D17/><REACH who="0" ten="240,211,289,250" step="2"/><U126/><E126/><V12/><F120/><W53/><G0/><T82/><D82/><U134/><E134/><V93/><F104/><W56/><G2/><T110/><D110/><U9/><E112/><V119/><F119/><W88/><G13/><N who="2" m="5193" /><F19/><W6/><G6/><AGARI ba="0,1" hai="4,6,7,24,26,36,40,47,78,83,84,95,96,102" machi="6" ten="40,2600,0" yaku="1,1,53,1" doraHai="52" doraHaiUra="91" who="0" fromWho="3" sc="240,36,211,0,289,0,250,-26" /><INIT seed="2,0,0,1,2,15" ten="276,211,289,224" oya="2" hai0="1,110,126,63,117,30,40,57,91,133,122,13,49" hai1="118,132,79,3,66,27,120,92,94,128,121,52,124" hai2="93,86,82,108,115,59,99,50,26,75,14,39,28" hai3="2,37,8,22,89,106,103,33,83,74,34,72,25"/><V61/><F39/><W4/><G37/><T125/><D1/><U60/><E118/><V58/><F75/><W12/><G106/><T38/><D122/><N who="1" m="47211" /><E3/><V77/><F108/><W87/><G103/><T35/><D38/><U97/><E128/><V123/><F115/><W113/><G113/><T64/><D117/><U130/><E130/><V47/><F123/><W127/><G127/><T46/><D133/><U68/><E124/><N who="0" m="47721" /><D110/><U29/><E79/><V10/><F61/><W7/><G7/><T18/><D91/><N who="1" m="55455" /><E94/><V100/><F26/><W23/><G34/><T98/><D98/><U88/><E88/><V51/><F28/><N who="3" m="19599" /><G23/><N who="0" m="11727" /><D35/><N who="1" m="20927" /><E132/><V21/><F21/><W67/><G67/><T16/><D30/><U55/><AGARI ba="0,0" hai="52,55,60,66,68" m="20927,55455,47211" machi="55" ten="30,2000,0" yaku="13,1,54,1" doraHai="15" who="1" fromWho="1" sc="276,-5,211,20,289,-10,224,-5" /><INIT seed="3,0,0,3,3,55" ten="271,231,279,219" oya="3" hai0="135,86,64,12,66,63,128,15,60,5,110,101,26" hai1="75,83,19,93,59,133,117,69,127,38,21,49,53" hai2="70,52,23,94,11,124,58,67,61,95,113,13,125" hai3="107,41,48,17,108,78,85,73,30,56,74,34,106"/><W14/><G108/><T134/><D110/><U2/><E2/><V104/><F23/><W100/><G74/><T1/><D128/><U10/><E38/><V105/><F113/><W35/><G73/><T96/><D1/><U120/><E120/><V39/><F39/><W32/><G30/><T126/><D86/><U87/><E133/><N who="0" m="50697" /><D126/><N who="2" m="48746" /><F105/><W16/><G100/><T112/><D112/><U43/><E19/><N who="2" m="8639" /><F104/><W57/><G17/><T46/><D46/><U37/><E37/><V123/><F123/><W3/><G3/><T29/><D63/><AGARI ba="0,0" hai="52,58,61,63,67,70,94,95" m="8639,48746" machi="63" ten="30,3900,0" yaku="18,1,52,1,54,1" doraHai="55" who="2" fromWho="0" sc="271,-39,231,0,279,39,219,0" owari="232,3.2,231,-16.9,318,41.8,219,-28.1" /></mjloggm>