<mjloggm ver="2.3"><GO type="225" lobby="0"/><UN n0="%E3%81%8B%E3%82%8F%E3%81%A1%E3%82%83%E3%82%93%35%38" n1="%E5%82%8D%E8%8B%A5%E7%84%A1%E4%BA%BA%35%31" n2="%E4%BF%BA%E3%81%A8%E5%A6%96%E5%A4%A2" n3="%E9%B4%A8%4E%45%47%49" dan="16,16,16,16" rate="2137.85,2154.72,2217.32,2095.41" sx="M,M,F,M"/><TAIKYOKU oya="0"/><INIT seed="0,0,0,5,2,98" ten="250,250,250,250" oya="0" hai0="36,114,54,110,19,95,31,35,53,40,34,51,1" hai1="44,17,127,133,84,63,86,119,93,9,24,75,83" hai2="30,105,23,90,16,41,22,89,126,13,72,28,130" hai3="100,85,102,45,49,27,18,120,20,109,3,59,67"/><T47/><D114/><U81/><E133/><V99/><F72/><W106/><G120/><T29/><D1/><U73/><E127/><V4/><F126/><W132/><G109/><T56/><D110/><U113/><E119/><V76/><F130/><W121/><G132/><T11/><D95/><U32/><E63/><V2/><F76/><W37/><G3/><T15/><REACH who="0" step="1"/><D54/><REACH who="0" ten="240,250,250,250" step="2"/><U48/><E93/><V10/><F105/><W108/><G108/><T52/><D52/><U58/><E113/><V26/><F41/><N who="3" m="24751" /><G106/><T5/><D5/><U61/><E75/><V97/><F2/><W124/><G124/><T33/><AGARI ba="0,1" hai="11,15,19,29,31,33,34,35,36,40,47,51,53,56" machi="33" ten="30,3000,0" yaku="1,1,0,1,53,0" doraHai="98" doraHaiUra="103" who="0" fromWho="0" sc="240,40,250,-10,250,-10,250,-10" /><INIT seed="0,1,0,3,4,127" ten="280,240,240,240" oya="0" hai0="28,120,55,2,51,90,112,30,4,134,8,16,94" hai1="111,49,96,31,79,101,89,76,17,57,98,32,133" hai2="107,69,132,100,44,15,124,56,12,46,24,10,70" hai3="36,65,61,73,48,108,85,50,66,129,53,99,22"/><T78/><D120/><U95/><E111/><V102/><F124/><W19/><G73/><T122/><D112/><U58/><E133/><V43/><F132/><W117/><G117/><T52/><D134/><U18/><E32/><V25/><F56/><N who="3" m="34959" /><G36/><T119/><D119/><U39/><E31/><V59/><F59/><N who="1" m="22537" /><E39/><V62/><F43/><W9/><G108/><T135/><D122/><U88/><E49/><N who="3" m="19050" /><G99/><N who="1" m="37930" /><E101/><V47/><F10/><W60/><G60/><T5/><D135/><U86/><E89/><V40/><F40/><W71/><G71/><T64/><D78/><AGARI ba="1,0" hai="17,18,76,78,79,86,88,95" m="37930,22537" machi="78" ten="30,2000,0" yaku="8,1,54,1" doraHai="127" who="1" fromWho="0" sc="280,-23,240,23,240,0,240,0" /><INIT seed="1,0,0,1,0,4" ten="257,263,240,240" oya="1" hai0="126,82,133,95,134,103,17,1,67,47,0,9,109" hai1="33,111,93,79,50,98,31,44,113,119,105,60,132" hai2="24,12,29,26,53,88,121,77,84,21,11,114,56" hai3="74,64,51,22,71,39,127,78,112,45,37,96,123"/><U27/><E113/><V120/><F121/><W104/><G123/><T87/><D109/><U61/><E132/><N who="0" m="50793" /><D126/><U30/><E119/><V90/><F120/><W85/><G74/><T7/><D67/><U15/><E105/><V48/><F26/><W23/><G127/><T102/><D17/><U62/><E79/><V118/><F118/><W52/><G112/><T124/><D124/><U58/><E30/><V107/><F107/><W46/><G71/><T65/><D65/><U125/><E125/><V3/><F3/><N who="0" m="1098" /><D95/><U66/><E15/><V130/><F130/><W86/><G64/><T38/><D38/><U41/><REACH who="1" step="1"/><E111/><REACH who="1" ten="257,253,240,240" step="2"/><V49/><F114/><W110/><G110/><T106/><D106/><U43/><E43/><V83/><REACH who="2" step="1"/><F48/><REACH who="2" ten="257,253,230,240" step="2"/><W116/><G104/><T101/><D47/><U28/><E28/><V80/><F80/><W128/><G116/><T42/><D82/><U40/><E40/><V69/><F69/><W36/><G46/><T76/><D42/><U10/><E10/><V54/><F54/><W5/><G39/><T35/><D9/><U97/><E97/><V115/><F115/><W34/><G37/><T18/><D35/><U57/><E57/><V122/><F122/><W55/><G36/><T89/><D76/><U13/><E13/><V20/><F20/><W117/><G34/><T8/><D8/><U25/><E25/><V73/><F73/><W99/><G78/><T19/><D87/><U72/><E72/><V75/><F75/><W92/><G86/><T2/><D2/><U70/><E70/><V16/><AGARI ba="0,2" hai="11,12,16,21,24,29,49,53,56,77,83,84,88,90" machi="16" ten="20,12000,2" yaku="1,1,0,1,7,1,8,1,52,1,54,2,53,0" doraHai="4" doraHaiUra="129" who="2" fromWho="2" sc="257,-30,253,-60,230,140,240,-30" /><INIT seed="2,0,0,5,1,31" ten="227,193,370,210" oya="2" hai0="27,129,26,73,87,50,2,135,54,102,69,15,72" hai1="134,79,33,107,75,93,51,82,118,62,116,12,88" hai2="84,28,6,0,60,68,66,44,10,63,70,131,114" hai3="105,103,14,35,43,52,120,20,17,57,21,98,127"/><V8/><F114/><W11/><G127/><T125/><D2/><U24/><E107/><V83/><F131/><W46/><G120/><T76/><D69/><U104/><E104/><V32/><F44/><W97/><G97/><T25/><D102/><U126/><E134/><V78/><F8/><W45/><G35/><T77/><D87/><U89/><E126/><V39/><F39/><W86/><G86/><T9/><D125/><U49/><E12/><V106/><F106/><W48/><REACH who="3" step="1"/><G46/><REACH who="3" ten="227,193,370,200" step="2"/><T101/><D135/><U81/><E33/><V117/><F117/><W96/><G96/><T55/><D129/><U115/><E118/><V5/><F84/><W124/><G124/><T1/><D73/><U99/><E116/><V42/><F32/><W100/><G100/><T128/><D101/><U16/><E115/><V80/><F78/><W74/><G74/><T59/><D72/><U113/><E113/><V3/><F28/><W119/><G119/><T111/><D128/><U65/><E75/><V40/><F66/><W121/><G121/><T95/><D77/><U47/><E79/><V133/><F133/><W122/><G122/><T132/><D76/><U13/><E99/><V91/><F10/><W110/><G110/><T23/><D111/><U92/><E65/><V61/><F91/><W67/><G67/><T4/><D132/><U130/><E47/><V58/><F70/><W90/><G90/><T94/><D9/><U18/><E130/><V34/><F68/><W108/><G108/><T29/><D29/><U37/><E89/><V41/><F34/><W112/><G112/><RYUUKYOKU ba="0,1" sc="227,-10,193,-10,370,-10,200,30" hai3="11,14,17,20,21,43,45,48,52,57,98,103,105" /><INIT seed="3,1,1,5,3,75" ten="217,183,360,230" oya="3" hai0="132,34,118,71,42,37,53,24,21,44,108,104,54" hai1="91,80,18,97,38,32,77,122,15,85,107,81,113" hai2="101,30,29,119,28,131,13,7,27,76,82,26,55" hai3="105,8,64,22,90,6,72,87,127,114,125,89,100"/><W49/><G114/><T79/><D118/><U12/><E122/><V63/><F119/><W86/><G72/><T126/><D104/><U106/><E113/><V47/><F131/><W94/><G64/><T96/><D34/><U20/><E38/><V10/><F101/><W124/><G22/><T62/><D79/><U14/><E32/><V48/><F63/><W130/><G49/><T88/><D71/><U99/><E106/><V109/><F109/><W133/><G130/><T46/><D62/><U116/><E116/><V110/><F110/><W45/><G45/><T128/><D108/><U25/><REACH who="1" step="1"/><E107/><REACH who="1" ten="217,173,360,230" step="2"/><V58/><F47/><W50/><G105/><T36/><D128/><U111/><E111/><V74/><AGARI ba="1,2" hai="7,10,13,26,27,28,29,30,48,55,58,74,76,82" machi="74" ten="30,2000,0" yaku="0,1,52,1" doraHai="75" who="2" fromWho="2" sc="217,-6,173,-6,360,43,230,-11" owari="211,-18.9,167,-33.3,403,50.3,219,1.9" /></mjloggm>