<mjloggm ver="2.3"><GO type="225" lobby="0"/><UN n0="%EF%BC%AE%EF%BC%A1%EF%BC%AF%33%33%39" n1="%E3%83%96%E3%83%83%E3%83%91%E3%82%AA%E3%83%96%E3%83%81%E3%82%AD%E3%83%B3" n2="%E5%A4%8F%E9%88%B4%E9%88%B4%E5%A4%8F" n3="%E7%99%BD%E5%80%89%E5%AF%9B%E4%B9%8B" dan="16,16,16,16" rate="2128.49,2157.24,2086.67,2121.58" sx="M,M,M,M"/><TAIKYOKU oya="0"/><INIT seed="0,0,0,5,1,33" ten="250,250,250,250" oya="0" hai0="97,20,107,40,128,5,80,7,134,31,49,29,51" hai1="121,53,59,10,103,16,19,112,62,52,102,118,130" hai2="4,9,48,11,36,47,0,99,60,15,126,1,108" hai3="34,88,12,123,111,68,22,84,6,90,122,70,69"/><T35/><D35/><U106/><E118/><V41/><F108/><W81/><G34/><T120/><D120/><N who="3" m="46121" /><G111/><T67/><D67/><U109/><E121/><V96/><F126/><W44/><G44/><T92/><D107/><U23/><E109/><V55/><F60/><W132/><G132/><T75/><D75/><U124/><E130/><V25/><F25/><W125/><G125/><T76/><D128/><U26/><E124/><V66/><F66/><W93/><G22/><T38/><D38/><U101/><E112/><V30/><F30/><W95/><G90/><T37/><D37/><U64/><REACH who="1" step="1"/><E106/><REACH who="1" ten="250,240,250,250" step="2"/><V32/><F32/><W117/><G117/><T45/><D134/><U114/><E114/><V71/><F71/><W27/><G70/><T61/><D76/><U115/><E115/><V104/><F104/><W54/><G69/><T17/><D80/><U65/><E65/><V79/><F79/><W63/><G68/><T110/><D110/><U135/><E135/><V50/><F36/><W78/><G78/><T56/><D92/><U94/><E94/><V119/><F119/><W43/><G95/><T131/><D131/><U42/><E42/><V113/><F113/><W24/><G93/><T133/><D133/><U72/><E72/><V87/><F99/><W18/><G43/><T83/><D97/><U100/><N who="1" m="25600" /><DORA hai="57" /><U116/><E116/><V39/><F96/><W8/><G6/><T82/><D83/><U2/><E2/><N who="2" m="1131" /><F39/><W91/><G91/><T77/><D77/><U28/><E28/><V129/><F129/><W46/><G46/><T127/><D45/><RYUUKYOKU ba="0,1" sc="250,-15,240,15,250,-15,250,15" hai1="10,16,19,23,26,52,53,59,62,64" hai3="8,12,18,24,27,54,63,81,84,88" /><INIT seed="1,1,1,0,0,10" ten="235,255,235,265" oya="1" hai0="119,54,36,130,134,93,84,102,11,20,24,122,46" hai1="124,105,115,72,129,118,45,121,44,30,22,2,100" hai2="110,87,127,101,59,50,80,8,27,133,92,51,29" hai3="12,15,42,3,97,68,62,25,113,79,14,74,126"/><U83/><E115/><V41/><F110/><W77/><G3/><T63/><D119/><U7/><E118/><V38/><F133/><W103/><G113/><T120/><D134/><U17/><E121/><V108/><F108/><W67/><G74/><T32/><D32/><U98/><E129/><V53/><F127/><W123/><G123/><T23/><D23/><U60/><E124/><V5/><F38/><W114/><G126/><T0/><D0/><U95/><E30/><V52/><F92/><W96/><G114/><T34/><D34/><U65/><E105/><V70/><F101/><W86/><G42/><T132/><D11/><U49/><E2/><V125/><F41/><W91/><G25/><T31/><D132/><U13/><E7/><V107/><F70/><W128/><G128/><T48/><D36/><U75/><E83/><V71/><F71/><W81/><REACH who="3" step="1"/><G97/><REACH who="3" ten="235,255,235,255" step="2"/><T64/><D130/><U4/><E4/><V66/><F125/><W116/><G116/><T69/><D120/><U104/><E104/><AGARI ba="1,2" hai="12,14,15,62,67,68,77,79,81,86,91,96,103,104" machi="104" ten="40,8000,1" yaku="1,1,52,3,53,0" doraHai="10" doraHaiUra="33" who="3" fromWho="1" sc="235,0,255,-83,235,0,255,103" /><INIT seed="2,0,0,0,4,69" ten="235,172,235,358" oya="2" hai0="55,122,35,99,86,57,71,8,27,67,25,98,20" hai1="78,18,113,80,2,89,96,13,1,75,92,65,7" hai2="101,47,73,48,40,62,56,21,121,118,6,114,12" hai3="94,124,29,110,70,123,111,72,107,19,88,14,52"/><V44/><F118/><W106/><G123/><T115/><D115/><U116/><E113/><V119/><F121/><W85/><G70/><T24/><D35/><U93/><E116/><V53/><F114/><W130/><G72/><T59/><D71/><U58/><E7/><V28/><F119/><W43/><G43/><T39/><D39/><U83/><E83/><V38/><F73/><W26/><G124/><T129/><D122/><U135/><E135/><V30/><F101/><W31/><G130/><T127/><D127/><U22/><E65/><V0/><F0/><W120/><G120/><T51/><D20/><U33/><E33/><V95/><F95/><W74/><G74/><T109/><D129/><U132/><E132/><V81/><F81/><W4/><G4/><T34/><D34/><U68/><E68/><V79/><F79/><W32/><G31/><T77/><D8/><U54/><REACH who="1" step="1"/><E93/><REACH who="1" ten="235,162,235,358" step="2"/><V17/><REACH who="2" step="1"/><F6/><REACH who="2" ten="235,162,225,358" step="2"/><W23/><G111/><T9/><D109/><U10/><E10/><V42/><AGARI ba="0,2" hai="12,17,21,28,30,38,40,42,44,47,48,53,56,62" machi="42" ten="20,12000,1" yaku="1,1,2,1,0,1,7,1,52,1,53,0" doraHai="69" doraHaiUra="66" who="2" fromWho="2" sc="235,-40,162,-40,225,140,358,-40" /><INIT seed="2,1,0,5,2,34" ten="195,122,365,318" oya="2" hai0="129,31,112,107,110,16,83,128,45,46,131,2,92" hai1="12,50,54,70,58,103,33,38,96,21,53,132,108" hai2="104,93,26,5,98,11,39,8,134,90,47,55,120" hai3="101,115,30,73,75,95,62,91,64,37,89,40,68"/><V82/><F120/><W27/><G115/><T114/><D107/><U44/><E108/><V81/><F134/><W113/><G113/><N who="0" m="43627" /><D31/><U65/><E132/><V126/><F126/><W121/><G121/><T13/><D110/><U118/><E118/><V24/><F104/><W119/><G119/><T60/><D83/><N who="2" m="31754" /><F39/><W74/><G40/><T105/><D105/><U124/><E124/><V135/><F135/><W102/><G37/><T130/><D130/><U111/><E111/><V19/><F5/><W100/><REACH who="3" step="1"/><G95/><REACH who="3" ten="195,122,365,308" step="2"/><T116/><D92/><U36/><E36/><V41/><F41/><W35/><AGARI ba="1,1" hai="27,30,35,62,64,68,73,74,75,89,91,100,101,102" machi="35" ten="40,5200,0" yaku="1,1,2,1,0,1,53,0" doraHai="34" doraHaiUra="42" who="3" fromWho="3" sc="195,-14,122,-14,365,-27,308,65" /><INIT seed="3,0,0,0,0,42" ten="181,108,338,373" oya="3" hai0="53,71,104,29,31,0,128,110,38,92,67,9,103" hai1="131,75,130,97,19,85,40,45,87,95,4,113,66" hai2="34,123,48,50,5,37,18,133,64,89,20,16,91" hai3="73,12,56,115,99,119,127,1,114,69,120,82,77"/><W43/><G69/><T46/><D104/><U116/><E113/><V122/><F37/><W13/><G1/><T2/><D67/><U86/><E75/><V41/><F64/><W58/><G119/><T44/><D71/><U93/><E116/><V124/><F5/><W83/><G43/><T129/><D38/><U23/><E66/><V57/><F34/><W24/><G24/><T11/><D92/><U98/><E4/><V27/><F124/><W72/><G99/><T51/><D103/><U52/><E40/><V55/><F133/><W108/><G77/><T28/><D51/><U134/><E134/><V101/><F101/><W74/><G74/><T76/><D53/><U102/><E98/><V105/><F105/><W80/><G80/><T60/><D60/><U90/><E131/><V62/><F18/><W109/><G120/><N who="2" m="46121" /><F62/><W54/><G54/><T107/><D107/><U7/><E7/><V96/><F96/><W81/><G83/><T49/><D49/><N who="1" m="28719" /><E130/><V22/><F22/><W59/><G59/><T63/><D63/><U25/><E95/><V33/><F33/><W15/><G15/><T21/><D128/><U121/><E121/><V125/><F125/><AGARI ba="0,0" hai="12,13,56,58,72,73,81,82,108,109,114,115,125,127" machi="125" ten="25,2400,0" yaku="22,2" doraHai="42" who="3" fromWho="2" sc="181,0,108,0,338,-24,373,24" owari="181,-21.9,108,-39.2,314,11.4,397,49.7" /></mjloggm>