<mjloggm ver="2.3"><GO type="225" lobby="0"/><UN n0="%E6%98%93%E5%88%A9%E8%96%A9%E4%BC%AF" n1="%E6%97%A5%E6%9B%9C%E6%97%A5%E3%82%88%E3%82%8A%E3%81%AE%E4%BD%BF%E8%80%85" n2="%E6%A1%9C%E8%8A%B1%E9%96%83%E3%80%85" n3="%E3%83%B4%E3%83%A0%EF%BC%99%E3%81%A6" dan="17,16,16,16" rate="2184.64,2158.71,2099.34,2166.43" sx="F,M,M,M"/><TAIKYOKU oya="0"/><INIT seed="0,0,0,4,3,55" ten="250,250,250,250" oya="0" hai0="116,45,123,50,34,8,84,16,57,91,73,74,27" hai1="110,85,78,112,75,81,1,66,80,83,77,37,17" hai2="63,95,40,86,132,133,53,10,43,98,119,104,130" hai3="82,124,113,11,36,47,61,121,68,6,49,56,76"/><T51/><D116/><U89/><E1/><V87/><F104/><W41/><G113/><T3/><D123/><U131/><E37/><V117/><F10/><W33/><G33/><T88/><D34/><U99/><E66/><V19/><F19/><W107/><G107/><T24/><D3/><U0/><E0/><V94/><F53/><W60/><G121/><T14/><D91/><N who="1" m="51623" /><E17/><V103/><F86/><W135/><G135/><N who="2" m="51785" /><F63/><W118/><G118/><N who="2" m="45065" /><F130/><W12/><G124/><T21/><D74/><N who="1" m="43191" /><E131/><V46/><F46/><W102/><G36/><T25/><D73/><U42/><E42/><V122/><F122/><W7/><G41/><N who="0" m="24879" /><D8/><U31/><E112/><V114/><F114/><W120/><G11/><T109/><D109/><U2/><E110/><V134/><N who="2" m="51793" /><V100/><DORA hai="20" /><F87/><W44/><G120/><T5/><D5/><U26/><E2/><V129/><F129/><W52/><G6/><T72/><D72/><U30/><E75/><V58/><F58/><W106/><G7/><T115/><D115/><U54/><E54/><V96/><AGARI ba="0,0" hai="40,43,94,95,96,98,100,103" m="45065,51793" machi="96" ten="50,3200,0" yaku="20,1,12,1" doraHai="55,20" who="2" fromWho="2" sc="250,-16,250,-8,250,32,250,-8" /><INIT seed="1,0,0,1,1,82" ten="234,242,282,242" oya="1" hai0="28,16,10,26,58,15,116,1,93,76,125,65,119" hai1="24,61,92,118,67,111,43,55,103,57,89,78,68" hai2="34,4,53,25,2,108,7,127,21,3,94,63,114" hai3="62,122,31,112,132,36,133,72,56,130,90,99,49"/><U17/><E118/><V84/><F34/><W79/><G122/><T64/><D125/><U20/><E111/><V124/><F108/><W22/><G36/><T123/><D123/><U13/><E78/><V9/><F114/><W50/><G112/><T71/><D71/><U117/><E117/><V54/><F4/><W113/><G113/><T115/><D115/><U19/><E43/><V86/><F2/><W97/><G130/><T105/><D105/><U87/><E103/><V85/><F94/><W44/><G72/><T98/><D1/><U0/><E0/><V69/><F69/><W30/><G79/><T42/><D42/><U100/><E100/><V48/><F63/><W60/><G22/><T120/><D76/><U128/><E128/><V46/><REACH who="2" step="1"/><F53/><REACH who="2" ten="234,242,272,242" step="2"/><W32/><G32/><T33/><D120/><U102/><E102/><V110/><F110/><W131/><G131/><T27/><D65/><U51/><REACH who="1" step="1"/><E19/><AGARI ba="0,1" hai="3,7,9,19,21,25,46,48,54,84,85,86,124,127" machi="19" ten="40,8000,1" yaku="1,1,52,3,53,0" doraHai="82" doraHaiUra="95" who="2" fromWho="1" sc="234,0,242,-80,272,90,242,0" /><INIT seed="2,0,0,3,3,82" ten="234,162,362,242" oya="2" hai0="45,15,113,97,110,22,85,23,68,90,60,130,59" hai1="33,77,20,111,114,75,129,61,83,8,70,2,28" hai2="35,122,65,18,25,126,42,91,58,62,52,50,64" hai3="39,116,78,69,40,135,34,134,106,121,112,115,67"/><V88/><F122/><W56/><G121/><T1/><D1/><U55/><E114/><N who="3" m="43562" /><G106/><T107/><D113/><U132/><E111/><V131/><F131/><W21/><G34/><T44/><D68/><U32/><E129/><V10/><F126/><W86/><G69/><T47/><D110/><U118/><E118/><V124/><F124/><W87/><G116/><T108/><D108/><U102/><E132/><N who="3" m="50730" /><G78/><T89/><D15/><U37/><E33/><V105/><F105/><W96/><G96/><T12/><D12/><U43/><E32/><V9/><F35/><W81/><G81/><T16/><D16/><U117/><E70/><V27/><F42/><W128/><G128/><T13/><D13/><U31/><E43/><V26/><F65/><W95/><G95/><N who="0" m="56559" /><D107/><U74/><E2/><V11/><F18/><W48/><G21/><T127/><D127/><U29/><E20/><V104/><F104/><W76/><G76/><T53/><D130/><U98/><E117/><V5/><F5/><W133/><G133/><T80/><AGARI ba="0,0" hai="22,23,44,45,47,53,59,60,80,85,90" m="56559" machi="80" ten="30,2000,0" yaku="8,1,52,1" doraHai="82" who="0" fromWho="0" sc="234,20,162,-5,362,-10,242,-5" /><INIT seed="3,0,0,0,3,80" ten="254,157,352,237" oya="3" hai0="46,115,35,77,68,127,66,74,39,42,102,75,44" hai1="129,37,130,6,81,103,10,108,95,8,105,106,92" hai2="85,118,132,26,23,20,90,121,1,91,82,133,98" hai3="27,31,116,19,110,99,126,55,107,63,69,114,40"/><W16/><G116/><T120/><D120/><U58/><E37/><V135/><F118/><W70/><G114/><T4/><D46/><U28/><E28/><V86/><F121/><W51/><G126/><T60/><D127/><U9/><E108/><V61/><F1/><W64/><G69/><T34/><D115/><U32/><E32/><V94/><F61/><W56/><G110/><T79/><D4/><U45/><E45/><V2/><F2/><W119/><G119/><T47/><D47/><U125/><E125/><V50/><F50/><W124/><G40/><T84/><D84/><U83/><E6/><V5/><F5/><W30/><G124/><T72/><D102/><U73/><E58/><V131/><F131/><W43/><G43/><T111/><D111/><U97/><E73/><N who="0" m="28265" /><D79/><U87/><E95/><N who="2" m="54743" /><F26/><W17/><REACH who="3" step="1"/><G27/><REACH who="3" ten="254,157,352,227" step="2"/><T12/><D42/><U33/><E33/><V18/><F18/><W117/><G117/><T48/><D35/><U3/><E3/><V88/><AGARI ba="0,1" hai="20,23,82,85,88,91,94,98,132,133,135" m="54743" machi="88" ten="30,7900,0" yaku="20,1,52,2,54,1" doraHai="80" who="2" fromWho="2" sc="254,-20,157,-20,352,89,227,-39" owari="234,3.4,137,-36.3,441,54.1,188,-21.2" /></mjloggm>