<mjloggm ver="2.3"><GO type="225" lobby="0"/><UN n0="%E8%81%B7%E6%A5%AD%E3%80%81%E9%A2%A8%32" n1="%E6%81%A5%E6%99%92%E3%81%97" n2="%E5%91%A8%E6%9D%B1" n3="%E3%81%A4%E3%81%A3%E3%81%B1%E3%82%8A%E3%83%9D%E3%83%BC%E3%83%AB" dan="16,16,17,17" rate="2132.33,2147.13,2147.43,2154.99" sx="M,M,M,M"/><TAIKYOKU oya="0"/><INIT seed="0,0,0,3,1,37" ten="250,250,250,250" oya="0" hai0="8,50,5,125,123,105,64,20,109,76,25,72,130" hai1="119,24,73,65,82,121,95,128,38,21,90,89,113" hai2="17,41,31,67,92,134,131,115,81,43,103,101,29" hai3="53,116,86,97,93,49,120,69,129,99,94,85,63"/><T79/><D123/><U23/><E119/><V6/><F115/><W56/><G116/><T28/><D105/><U2/><E121/><V39/><F39/><W122/><G129/><T96/><D130/><U1/><E128/><V54/><F131/><W36/><G36/><T62/><D125/><U44/><E113/><V51/><F134/><W35/><G35/><T47/><D96/><U110/><E110/><V135/><F135/><W0/><G0/><T52/><D72/><U106/><E23/><V57/><F6/><W15/><G122/><T40/><D109/><U16/><E106/><V100/><F67/><W68/><G120/><T14/><REACH who="0" step="1"/><D52/><REACH who="0" ten="240,250,250,250" step="2"/><U133/><E133/><V111/><F111/><W27/><G99/><T3/><D3/><U48/><E1/><V34/><F34/><W112/><G97/><T71/><AGARI ba="0,1" hai="5,8,14,20,25,28,40,47,50,62,64,71,76,79" machi="71" ten="20,7800,0" yaku="1,1,0,1,7,1,52,1,53,0" doraHai="37" doraHaiUra="107" who="0" fromWho="0" sc="240,88,250,-26,250,-26,250,-26" /><INIT seed="0,1,0,1,5,26" ten="328,224,224,224" oya="0" hai0="102,5,77,128,34,41,14,31,105,9,123,23,132" hai1="112,29,16,115,92,40,96,11,104,80,116,32,87" hai2="17,64,101,58,19,62,111,83,124,22,65,67,109" hai3="28,43,135,90,97,4,76,30,36,84,42,93,37"/><T68/><D123/><U85/><E116/><V103/><F124/><W125/><G125/><T47/><D68/><U50/><E104/><V71/><F83/><N who="3" m="47207" /><G37/><T56/><D56/><U2/><E2/><V15/><F17/><W130/><G36/><T113/><D113/><N who="1" m="43595" /><E40/><N who="3" m="15402" /><G135/><T55/><D55/><U133/><E50/><V94/><F94/><N who="3" m="56535" /><G130/><T51/><D128/><U108/><E108/><N who="2" m="41547" /><F71/><W81/><G81/><T100/><D132/><U86/><E133/><V82/><F82/><W98/><G4/><T24/><D105/><U91/><E80/><V121/><F121/><W27/><G27/><T13/><REACH who="0" step="1"/><D77/><REACH who="0" ten="318,224,224,224" step="2"/><U78/><E78/><V61/><F61/><W74/><G74/><T38/><D38/><U95/><E95/><V134/><F134/><W118/><G118/><T6/><D6/><U21/><E32/><V126/><F126/><W10/><G10/><T75/><D75/><U122/><E122/><V44/><F44/><W129/><G129/><T106/><D106/><U25/><E11/><V127/><F127/><W49/><G49/><T48/><D48/><U120/><E120/><V70/><F70/><W73/><G73/><T8/><D8/><U1/><E1/><V54/><AGARI ba="1,1" hai="15,19,22,54,58,62,64,65,67,101,103" m="41547" machi="54" ten="30,1100,0" yaku="14,1" doraHai="26" who="2" fromWho="2" sc="318,-6,224,-4,224,24,224,-4" /><INIT seed="1,0,0,3,1,101" ten="312,220,248,220" oya="1" hai0="2,99,64,46,61,127,25,62,30,92,131,17,60" hai1="130,13,21,4,40,3,78,119,91,135,86,59,66" hai2="24,103,57,5,83,54,9,19,53,43,107,73,67" hai3="125,6,28,128,95,104,129,38,27,80,18,88,10"/><U41/><E119/><V70/><F70/><W26/><G38/><T23/><D127/><U49/><E3/><V31/><F19/><W74/><G125/><T50/><D2/><U63/><E130/><N who="3" m="50282" /><G104/><T132/><D131/><U76/><E135/><V14/><F43/><N who="1" m="16457" /><E49/><V56/><F73/><W97/><G18/><T72/><D72/><U0/><E0/><V117/><F117/><W44/><G44/><T120/><D120/><U15/><E21/><N who="2" m="15759" /><F107/><W37/><G37/><T8/><D132/><U108/><E108/><V126/><F126/><W33/><G27/><T69/><D46/><U77/><E4/><V20/><F20/><W109/><G109/><T47/><D69/><U82/><AGARI ba="0,0" hai="13,15,59,63,66,76,77,78,82,86,91" m="16457" machi="82" ten="30,1500,0" yaku="8,1" doraHai="101" who="1" fromWho="1" sc="312,-5,220,15,248,-5,220,-5" /><INIT seed="1,1,0,1,3,82" ten="307,235,243,215" oya="1" hai0="46,74,6,69,104,4,72,67,14,103,135,8,131" hai1="18,36,66,26,45,37,89,23,132,108,27,78,57" hai2="110,123,107,50,106,64,43,56,59,71,80,70,13" hai3="100,17,48,114,52,119,31,11,93,3,32,62,60"/><U97/><E132/><V38/><F123/><W130/><G114/><T47/><D135/><U122/><E122/><V20/><F110/><W22/><G130/><T9/><D131/><U21/><E108/><V40/><F80/><W35/><G119/><T41/><D104/><U133/><E78/><V30/><F30/><W109/><G109/><T12/><D103/><U120/><E120/><V112/><F20/><W10/><G3/><T134/><D134/><U24/><E133/><V75/><F13/><N who="3" m="9519" /><G31/><T55/><D69/><U44/><E37/><V53/><F75/><W115/><G35/><T1/><D1/><U58/><E36/><V19/><F112/><W95/><G32/><T73/><D67/><U125/><E125/><V92/><F19/><W86/><G115/><T51/><REACH who="0" step="1"/><D74/><REACH who="0" ten="297,235,243,215" step="2"/><U83/><E66/><V28/><F106/><W25/><G100/><T7/><D7/><U118/><E118/><V39/><F107/><W15/><G25/><T98/><D98/><U61/><E97/><V99/><F70/><W87/><G15/><T116/><D116/><U76/><E27/><V29/><F71/><W2/><G2/><T113/><D113/><U85/><E26/><V5/><F5/><W54/><G87/><T79/><D79/><U128/><E76/><V94/><F99/><W126/><G86/><T63/><D63/><U117/><E61/><V121/><F121/><W129/><G62/><T101/><D101/><U81/><E117/><V68/><F68/><W0/><G60/><T96/><D96/><U65/><E128/><V42/><F64/><W91/><G129/><RYUUKYOKU ba="1,1" sc="297,30,235,-10,243,-10,215,-10" hai0="4,6,8,9,12,14,41,46,47,51,55,72,73" /><INIT seed="2,2,1,4,5,71" ten="327,225,233,205" oya="2" hai0="12,7,15,89,79,68,83,13,25,86,33,111,114" hai1="35,44,104,116,99,72,84,6,14,56,113,67,54" hai2="135,1,62,59,118,19,81,8,125,94,51,133,49" hai3="31,128,28,78,88,21,9,24,39,127,10,131,11"/><V82/><F118/><W40/><G78/><T48/><D111/><U130/><E113/><V20/><F125/><W43/><G127/><T34/><D68/><U3/><E3/><V2/><F94/><W107/><G107/><T92/><D114/><U70/><E72/><V16/><F8/><W73/><G73/><T119/><D7/><U58/><E116/><V5/><F5/><W120/><G120/><T90/><D119/><U110/><E110/><V80/><F20/><W85/><G31/><T45/><D25/><U117/><E35/><V96/><F96/><W32/><G32/><T87/><REACH who="0" step="1"/><D79/><REACH who="0" ten="317,225,233,205" step="2"/><U22/><E117/><V64/><F1/><W46/><REACH who="3" step="1"/><G43/><AGARI ba="2,2" hai="12,13,15,33,34,43,45,48,83,86,87,89,90,92" machi="43" ten="40,2600,0" yaku="1,1,2,1,53,0" doraHai="71" doraHaiUra="98" who="0" fromWho="3" sc="317,52,225,0,233,0,205,-32" /><INIT seed="3,0,0,0,0,0" ten="369,225,233,173" oya="3" hai0="16,68,63,3,49,92,15,57,135,1,46,91,67" hai1="87,77,21,60,48,98,122,93,26,8,13,105,131" hai2="23,20,99,56,69,5,66,72,29,52,70,133,134" hai3="89,54,25,17,44,18,65,41,97,19,59,47,38"/><W84/><G65/><T4/><D135/><N who="2" m="51722" /><F72/><W40/><G97/><T61/><D4/><N who="1" m="3207" /><E122/><V32/><F5/><W31/><G59/><T120/><D120/><U88/><E131/><V106/><F32/><W34/><G54/><T94/><D92/><U76/><E105/><V2/><F2/><W124/><G124/><T10/><D94/><N who="1" m="54559" /><E48/><N who="2" m="30727" /><F29/><W75/><G75/><T51/><D91/><N who="1" m="55615" /><E60/><N who="2" m="40135" /><F70/><W101/><G101/><AGARI ba="0,0" hai="20,23,99,101,106" m="40135,30727,51722" machi="101" ten="30,2000,0" yaku="20,1,54,1" doraHai="0" who="2" fromWho="3" sc="369,0,225,0,233,20,173,-20" owari="369,46.9,225,-17.5,253,5.3,153,-34.7" /></mjloggm>