<mjloggm ver="2.3"><GO type="225" lobby="0"/><UN n0="%E7%B4%94%E6%BD%94%E3%83%94%E3%83%A9%E3%83%8B%E3%82%A2" n1="%E8%B6%85%E7%B4%9A%E9%B3%B3%E5%87%B0" n2="%4B%2E%32%2E%4B%2E" n3="%E3%82%BC%E3%83%AB%E3%83%80%E3%81%AE%E4%BC%9D%E8%AA%AC" dan="17,16,16,17" rate="2209.47,2093.54,2173.18,2123.04" sx="M,F,M,M"/><TAIKYOKU oya="0"/><INIT seed="0,0,0,2,3,122" ten="250,250,250,250" oya="0" hai0="99,103,120,22,42,39,85,57,119,118,47,27,30" hai1="121,34,61,43,35,125,111,84,88,6,58,75,7" hai2="101,20,55,0,126,91,114,40,71,82,108,127,37" hai3="41,21,51,86,3,65,113,8,130,5,59,96,10"/><T106/><D120/><U56/><E121/><V87/><F114/><W26/><G113/><T64/><D85/><U54/><E75/><V62/><F0/><W102/><G130/><T23/><D23/><U66/><E125/><N who="2" m="47627" /><F101/><W107/><G10/><T2/><D2/><U90/><E43/><V109/><F20/><W135/><G135/><T128/><D128/><U29/><E111/><N who="2" m="42571" /><F55/><W60/><G86/><T24/><D24/><U38/><E38/><V11/><F11/><W69/><G41/><T45/><D45/><U16/><E16/><V93/><F62/><W77/><G21/><T32/><D22/><U13/><E13/><V81/><F71/><W17/><G69/><T68/><D57/><U134/><E54/><V100/><F100/><W123/><G123/><T14/><D14/><U76/><E61/><AGARI ba="0,0" hai="27,30,32,39,42,47,61,64,68,99,103,106,118,119" machi="61" ten="40,12000,1" yaku="25,2,23,2" doraHai="122" who="0" fromWho="1" sc="250,120,250,-120,250,0,250,0" /><INIT seed="0,1,0,0,5,94" ten="370,130,250,250" oya="0" hai0="134,70,3,130,108,113,15,26,60,88,57,111,123" hai1="32,63,58,119,90,14,5,51,112,97,52,46,19" hai2="100,53,71,27,38,1,24,72,89,124,127,81,131" hai3="125,50,37,59,35,4,101,73,98,77,75,54,78"/><T43/><D113/><U8/><E119/><V47/><F71/><W9/><G37/><T10/><D123/><U103/><E112/><V109/><F1/><W33/><G125/><N who="2" m="48201" /><F109/><N who="0" m="42058" /><D134/><U76/><E32/><V44/><F131/><W67/><G67/><N who="0" m="41319" /><D130/><U23/><E90/><V66/><F66/><W2/><G77/><T18/><D3/><U110/><E110/><V87/><F100/><W17/><G17/><T106/><D106/><U116/><E116/><V39/><F72/><W25/><G78/><T133/><D133/><U7/><E76/><V102/><F102/><W95/><G33/><T28/><D57/><U74/><E74/><V48/><F38/><W69/><G69/><T62/><D62/><U80/><E80/><V92/><F81/><W55/><G55/><T45/><D88/><U11/><E11/><V85/><F53/><W65/><G65/><T82/><D82/><U34/><E34/><V13/><F89/><W6/><G35/><T29/><D26/><U61/><E58/><V31/><F27/><W115/><G25/><T126/><D126/><U93/><REACH who="1" step="1"/><E7/><REACH who="1" ten="370,120,250,250" step="2"/><V121/><F121/><W64/><G115/><T122/><D122/><U118/><E118/><V99/><F92/><W21/><G6/><T91/><D91/><U135/><E135/><V40/><F47/><W83/><G83/><T120/><D120/><U105/><E105/><V12/><F44/><W41/><G73/><T96/><D45/><U36/><E36/><V107/><F39/><W117/><G75/><T104/><D43/><U84/><E84/><V42/><F42/><W132/><G41/><RYUUKYOKU ba="1,1" sc="370,15,120,15,250,-15,250,-15" hai0="10,15,18,28,29,96,104" hai1="5,8,14,19,23,46,51,52,61,63,93,97,103" /><INIT seed="0,2,1,2,1,129" ten="385,135,235,235" oya="0" hai0="117,27,110,64,114,75,23,49,71,50,101,7,32" hai1="20,39,93,131,67,97,79,127,135,31,124,5,134" hai2="119,130,48,109,63,24,55,54,73,41,107,111,52" hai3="104,125,6,98,96,84,37,120,121,21,87,116,70"/><T62/><D114/><U11/><E39/><V100/><F73/><W40/><G70/><T128/><D117/><U66/><E79/><V69/><F130/><W30/><G116/><T102/><D75/><U45/><E45/><N who="2" m="25647" /><F119/><W88/><G125/><N who="1" m="48202" /><E31/><V80/><F80/><W78/><G6/><T60/><D32/><U46/><E46/><V3/><F3/><W14/><G40/><T61/><D128/><U115/><E20/><V91/><F91/><W28/><G37/><T81/><D7/><U43/><E43/><V58/><F24/><W33/><G33/><T90/><D71/><U35/><E35/><V44/><F100/><N who="0" m="38506" /><D64/><U4/><E131/><V25/><F25/><W13/><G21/><T72/><D72/><U113/><E113/><V57/><F107/><W36/><G36/><T122/><D122/><U51/><E115/><V53/><F69/><W95/><G78/><T77/><D77/><U103/><E51/><N who="0" m="19465" /><D110/><N who="2" m="41994" /><F44/><W12/><G120/><T112/><D112/><U108/><E108/><V106/><F106/><W133/><G121/><T15/><D15/><N who="1" m="5607" /><E5/><V22/><F22/><W92/><G104/><T132/><D23/><U83/><E83/><V0/><F0/><W118/><G118/><T56/><D27/><U59/><E59/><AGARI ba="2,1" hai="52,53,54,55,57,58,59,63" m="41994,25647" machi="59" ten="30,7700,0" yaku="14,1,34,2,54,1" doraHai="129" who="2" fromWho="1" sc="385,0,135,-83,235,93,235,0" /><INIT seed="1,0,0,1,2,43" ten="385,52,328,235" oya="1" hai0="20,107,8,111,14,102,112,114,40,103,41,106,117" hai1="93,76,78,35,37,18,13,86,87,59,11,51,19" hai2="70,53,1,75,39,133,16,54,52,98,131,62,46" hai3="66,10,4,127,25,108,6,92,135,83,84,49,67"/><U17/><E37/><V91/><F75/><W36/><G36/><T50/><D20/><U24/><E35/><V12/><F1/><W109/><G127/><T38/><D38/><U34/><E34/><V94/><F131/><W85/><G135/><T89/><D89/><U115/><E115/><V45/><F133/><W65/><G25/><T134/><D117/><U99/><E24/><V95/><F39/><W110/><G92/><T77/><D77/><U68/><E68/><V101/><F62/><W44/><G83/><T7/><D111/><U64/><E76/><V33/><F70/><W22/><G22/><T73/><D73/><U61/><E51/><V72/><F72/><W71/><G71/><T3/><D3/><U113/><E113/><V69/><F69/><W21/><G21/><T96/><D134/><U2/><E2/><V130/><F130/><W126/><G126/><T121/><D121/><U31/><E31/><V105/><F105/><W48/><G10/><T116/><D116/><U9/><E78/><V79/><F79/><W97/><G97/><T0/><D0/><U104/><E104/><V132/><F132/><W120/><G120/><T60/><D60/><U88/><REACH who="1" step="1"/><E11/><REACH who="1" ten="385,42,328,235" step="2"/><N who="2" m="6175" /><F33/><W5/><G49/><T118/><D118/><U26/><E26/><V55/><N who="2" m="13312" /><DORA hai="63" /><V27/><F27/><W124/><G124/><T128/><D50/><U100/><E100/><V58/><F58/><W90/><G90/><T28/><D128/><U74/><E74/><V123/><F123/><W42/><AGARI ba="0,1" hai="4,5,6,42,44,48,65,66,67,84,85,108,109,110" machi="42" ten="40,16000,3" yaku="0,1,29,2,14,1,52,4" doraHai="43,63" who="3" fromWho="3" sc="385,-40,42,-80,328,-40,235,170" owari="345,14.5,-38,-53.8,288,-11.2,405,50.5" /></mjloggm>