<mjloggm ver="2.3"><GO type="225" lobby="0"/><UN n0="%E7%99%BD%E5%80%89%E5%AF%9B%E4%B9%8B" n1="%E6%98%93%E5%88%A9%E8%96%A9%E4%BC%AF" n2="%E3%81%94%E3%81%BE%E6%B2%B9%E9%A3%B2%E3%81%BF%E5%A4%AA%E9%83%8E" n3="%E5%8D%A0%E3%81%84%E5%B8%AB%E8%A3%8F%E3%81%AA%E3%81%84%E3%81%97" dan="16,17,16,17" rate="2106.95,2125.27,2096.14,2233.59" sx="M,F,M,M"/><TAIKYOKU oya="0"/><INIT seed="0,0,0,5,4,104" ten="250,250,250,250" oya="0" hai0="36,95,129,63,128,71,3,119,35,21,30,26,25" hai1="85,45,2,97,88,84,16,77,46,103,19,65,8" hai2="96,44,24,38,74,4,6,126,57,79,11,54,48" hai3="47,121,101,110,14,72,58,108,29,12,113,125,52"/><T99/><D36/><U127/><E127/><V60/><F126/><W13/><G113/><T22/><D3/><U120/><E120/><V89/><F38/><W59/><G125/><T131/><D119/><U124/><E124/><V87/><F96/><W17/><G121/><T68/><D63/><U93/><E65/><V78/><F24/><W5/><G29/><T51/><D51/><U133/><E133/><V64/><F74/><W118/><G118/><T92/><D35/><U56/><E56/><N who="3" m="21546" /><G101/><T41/><D41/><U10/><E77/><N who="2" m="29195" /><F11/><N who="1" m="4137" /><E2/><V73/><F73/><W80/><G5/><T90/><REACH who="0" step="1"/><D95/><AGARI ba="0,0" hai="4,6,44,48,54,57,60,64,87,89,95" m="29195" machi="95" ten="30,1000,0" yaku="8,1" doraHai="104" who="2" fromWho="0" sc="250,-10,250,0,250,10,250,0" /><INIT seed="1,0,0,3,4,40" ten="240,250,260,250" oya="1" hai0="2,47,134,9,56,28,87,106,42,30,43,6,58" hai1="36,135,49,66,84,129,83,45,126,92,117,59,78" hai2="53,19,34,105,44,82,128,27,60,15,72,67,108" hai3="122,119,103,81,130,97,76,26,127,98,32,35,39"/><U113/><E113/><V12/><F108/><W70/><G122/><T120/><D106/><U14/><E117/><V91/><F105/><W29/><G127/><T121/><D134/><U10/><E126/><V8/><F128/><W0/><G130/><T31/><D87/><U62/><E129/><V20/><F72/><W71/><G98/><T41/><REACH who="0" step="1"/><D47/><REACH who="0" ten="230,250,260,250" step="2"/><U11/><E135/><V93/><F44/><W24/><G119/><T75/><D75/><U109/><E109/><V100/><F34/><W4/><G32/><T3/><D3/><U80/><E92/><V90/><F93/><W37/><G81/><T74/><D74/><U95/><E95/><V7/><F82/><W85/><G85/><T101/><D101/><U88/><E83/><V23/><F100/><W52/><G103/><T48/><D48/><U89/><E36/><V79/><F60/><W131/><G39/><T107/><D107/><U22/><E78/><V5/><F79/><W46/><G76/><T116/><D116/><U133/><E133/><V1/><F1/><W21/><G131/><T77/><D77/><U99/><E89/><V73/><F73/><W61/><G37/><T118/><D118/><U13/><E99/><V17/><F91/><W124/><G97/><T57/><AGARI ba="0,1" hai="2,6,9,28,30,31,41,42,43,56,57,58,120,121" machi="57" ten="40,8000,1" yaku="1,1,0,1,29,2,53,0" doraHai="40" doraHaiUra="110" who="0" fromWho="0" sc="230,90,250,-40,260,-20,250,-20" /><INIT seed="2,0,0,4,1,83" ten="320,210,240,230" oya="2" hai0="69,54,110,5,115,118,16,34,67,18,112,24,133" hai1="51,134,128,25,56,78,91,63,72,79,102,15,50" hai2="76,20,80,88,122,132,33,52,87,126,27,119,11" hai3="47,60,55,70,48,12,121,107,82,120,99,21,100"/><V38/><F119/><W93/><G107/><T116/><D67/><U28/><E134/><V23/><F122/><W41/><G70/><T40/><D69/><U62/><E128/><V105/><F38/><W19/><G60/><T101/><D40/><U45/><E102/><V2/><F105/><W97/><G97/><T1/><D54/><U113/><E113/><N who="0" m="43593" /><D101/><U53/><E15/><V117/><F117/><N who="0" m="45162" /><D110/><U42/><E91/><V66/><F126/><W103/><G103/><T57/><D57/><U6/><E6/><V31/><F66/><W43/><REACH who="3" step="1"/><G82/><REACH who="3" ten="320,210,240,220" step="2"/><T46/><D133/><U114/><E114/><V131/><F132/><W32/><G32/><T95/><D95/><U17/><E63/><V111/><F111/><W7/><G7/><T29/><D46/><U14/><E62/><V65/><F131/><W127/><G127/><T13/><D1/><U39/><E45/><V0/><F65/><W22/><G22/><T98/><D98/><U84/><E56/><V8/><F2/><W3/><G3/><T108/><D108/><U36/><E36/><V75/><F0/><W10/><G10/><AGARI ba="0,1" hai="5,10,13,16,18,24,29,34" m="45162,43593" machi="10" ten="30,7700,0" yaku="12,1,34,2,54,1" doraHai="83" who="0" fromWho="3" sc="320,87,210,0,240,0,220,-77" /><INIT seed="3,0,0,0,1,79" ten="407,210,240,143" oya="3" hai0="7,75,13,72,101,48,68,96,99,28,8,84,3" hai1="69,21,54,40,63,19,73,127,38,92,124,81,43" hai2="67,93,20,123,89,126,27,102,1,98,90,16,94" hai3="45,46,9,5,132,109,128,18,15,55,115,36,60"/><W64/><G115/><T66/><D96/><U87/><E73/><V100/><F126/><N who="1" m="48169" /><E92/><V33/><F1/><W82/><G128/><T31/><D48/><U83/><E38/><V49/><F123/><W125/><G125/><T131/><D31/><U22/><E22/><V44/><F67/><W116/><G116/><T114/><D66/><N who="1" m="41183" /><E54/><N who="2" m="29991" /><F33/><W65/><G132/><T129/><D13/><N who="1" m="9455" /><E83/><V34/><F34/><W42/><G109/><T10/><D7/><U91/><AGARI ba="0,0" hai="40,43,81,87,91" m="9455,41183,48169" machi="91" ten="30,2000,0" yaku="18,1,52,1" doraHai="79" who="1" fromWho="1" sc="407,-5,210,20,240,-5,143,-10" owari="402,50.2,230,-17.0,235,3.5,133,-36.7" /></mjloggm>