<mjloggm ver="2.3"><GO type="225" lobby="0"/><UN n0="%E3%83%8F%E3%83%B3%E3%83%89%E3%83%A9%E3%83%BC%E3%83%BB%E3%83%AF%E3%83%B3" n1="%E5%AF%82%E5%AF%9E%E3%82%AE%E3%83%8D%E3%82%B9%E3%83%93%E3%83%BC%E3%83%AB" n2="%72%69%6F%75%63%68%61%6E" n3="%E9%B4%A8%4E%45%47%49" dan="17,16,16,16" rate="2194.25,2168.63,2194.27,2071.81" sx="M,M,M,M"/><TAIKYOKU oya="0"/><INIT seed="0,0,0,5,2,36" ten="250,250,250,250" oya="0" hai0="114,81,5,25,6,48,59,121,94,76,24,95,62" hai1="37,9,58,88,133,8,33,116,79,64,109,1,15" hai2="65,67,97,132,87,77,113,101,38,47,42,26,100" hai3="86,55,19,7,30,27,17,92,43,57,34,118,53"/><T32/><D114/><U131/><E116/><V28/><F132/><W13/><G118/><T99/><D121/><U66/><E33/><V103/><F113/><W83/><G92/><T18/><D48/><U75/><E133/><V40/><F97/><W21/><G7/><T78/><D32/><U22/><E37/><V12/><F42/><W134/><G134/><T54/><D95/><U126/><E79/><N who="0" m="30249" /><D81/><U123/><E1/><V39/><F38/><W20/><G43/><T106/><D106/><U2/><E2/><V70/><F70/><W119/><G119/><T74/><D74/><U89/><E75/><V122/><F122/><W124/><G124/><T60/><D60/><U93/><E93/><V35/><REACH who="2" step="1"/><F12/><REACH who="2" ten="250,250,240,250" step="2"/><W51/><G55/><T14/><D14/><U72/><E15/><V111/><F111/><W90/><REACH who="3" step="1"/><G13/><REACH who="3" ten="250,250,240,240" step="2"/><T115/><D115/><U23/><E123/><V96/><F96/><W107/><G107/><T105/><D105/><U104/><E104/><V52/><F52/><W31/><G31/><T4/><D18/><AGARI ba="0,2" hai="17,18,19,20,21,27,30,34,51,53,57,83,86,90" machi="18" ten="40,1300,0" yaku="1,1,53,0" doraHai="36" doraHaiUra="3" who="3" fromWho="0" sc="250,-13,250,0,240,0,240,33" /><INIT seed="1,0,0,4,4,129" ten="237,250,240,273" oya="1" hai0="9,25,118,82,120,4,48,67,121,47,74,100,55" hai1="94,14,41,2,45,99,63,43,3,71,103,44,114" hai2="75,49,29,21,65,54,38,39,10,111,113,16,122" hai3="130,31,76,60,108,84,61,1,42,56,57,135,133"/><U22/><E114/><V85/><F122/><N who="0" m="47210" /><D118/><U36/><E14/><V101/><F113/><W73/><G73/><T78/><D100/><U116/><E116/><V50/><F75/><W35/><G1/><N who="0" m="143" /><D25/><U124/><E22/><V110/><F65/><AGARI ba="0,0" hai="47,48,55,65,67,74,78,82" m="143,47210" machi="65" ten="30,1000,0" yaku="13,1" doraHai="129" who="0" fromWho="2" sc="237,10,250,0,240,-10,273,0" /><INIT seed="2,0,0,3,0,9" ten="247,250,230,273" oya="2" hai0="129,43,48,46,7,38,123,35,24,111,40,86,16" hai1="124,78,68,108,11,63,134,79,13,52,126,120,112" hai2="95,14,67,66,42,44,76,28,56,20,31,113,104" hai3="91,10,97,19,73,57,94,5,75,50,25,49,109"/><V15/><F113/><W117/><G109/><T41/><D123/><U83/><E120/><V29/><F104/><W132/><G132/><T135/><D135/><U17/><E134/><V93/><F76/><W90/><G117/><T133/><D133/><U99/><E112/><V71/><F71/><W114/><G114/><T103/><D111/><U96/><E108/><V118/><F118/><W115/><G115/><T26/><D129/><U18/><E18/><V82/><F82/><W106/><G106/><T54/><D7/><U27/><E27/><V64/><F56/><W23/><G91/><T87/><D38/><U53/><E68/><V12/><F20/><W62/><G75/><T84/><D35/><U72/><E79/><V21/><F21/><W36/><G36/><AGARI ba="0,0" hai="12,14,15,28,29,31,36,42,44,64,66,67,93,95" machi="36" ten="50,12000,1" yaku="29,2,52,3" doraHai="9" who="2" fromWho="3" sc="247,0,250,0,230,120,273,-120" /><INIT seed="2,1,0,3,0,112" ten="247,250,350,153" oya="2" hai0="114,84,2,24,98,30,3,132,105,68,37,44,32" hai1="97,66,23,106,85,14,126,101,93,95,43,78,42" hai2="73,51,56,16,122,72,124,33,31,131,19,28,109" hai3="117,116,129,58,128,53,90,102,76,20,92,64,11"/><V107/><F122/><W94/><G76/><T74/><D84/><U115/><E115/><V123/><F123/><W99/><G64/><T77/><D114/><U59/><E126/><V80/><F124/><W75/><G75/><T54/><D54/><U61/><E106/><V108/><F107/><W38/><G38/><T63/><D132/><U6/><E95/><V5/><F131/><N who="3" m="50251" /><G20/><T57/><D57/><U127/><E127/><V48/><F5/><W21/><G21/><T71/><D77/><U130/><E130/><V125/><F125/><W8/><G94/><T22/><D22/><U1/><E1/><N who="0" m="9" /><D63/><U26/><E85/><V134/><F33/><W103/><G11/><T120/><D74/><N who="2" m="28778" /><F80/><W46/><G46/><T35/><D35/><U67/><E78/><V113/><F113/><W83/><G83/><T50/><D50/><N who="2" m="18986" /><F56/><W39/><G8/><T15/><D120/><U69/><E69/><V79/><F134/><W91/><G39/><T4/><D4/><U86/><E67/><V65/><F65/><W45/><G45/><T49/><D37/><U70/><E70/><V111/><F79/><W47/><G47/><T88/><D105/><U36/><E36/><V62/><F62/><N who="3" m="36175" /><G91/><T135/><D135/><U29/><E6/><V41/><F41/><W27/><G27/><T60/><D71/><U119/><E43/><V10/><F10/><W52/><G52/><N who="0" m="29735" /><D68/><U81/><E42/><V0/><F0/><W34/><G34/><T7/><D60/><U121/><E121/><V87/><F108/><W9/><G9/><N who="0" m="4543" /><D88/><N who="1" m="51279" /><E14/><V100/><F109/><W40/><G40/><RYUUKYOKU ba="1,0" sc="247,10,250,10,350,-30,153,10" hai0="24,30,32,98" hai1="23,26,29,59,61,66,93,97,101,119" hai3="90,92,99,102,103,116,117" /><INIT seed="3,2,0,1,5,55" ten="257,260,320,163" oya="3" hai0="45,111,1,133,22,74,108,17,125,95,54,6,86" hai1="15,104,82,30,19,128,121,68,118,38,107,126,29" hai2="52,28,72,113,25,76,3,115,0,53,70,78,98" hai3="50,66,31,102,32,12,129,51,116,81,135,73,80"/><W88/><G116/><T75/><D125/><U13/><E121/><V93/><F70/><W26/><G135/><T21/><D133/><U94/><E38/><V112/><F53/><W91/><G129/><T49/><D6/><U60/><E128/><V36/><F36/><W27/><G102/><T89/><D1/><U18/><E94/><V41/><F52/><W7/><G66/><T96/><D22/><U127/><E82/><V20/><F41/><W34/><G12/><T87/><D87/><U9/><E60/><V79/><REACH who="2" step="1"/><F72/><REACH who="2" ten="257,260,310,163" step="2"/><W40/><G40/><T97/><D75/><U59/><E68/><V90/><AGARI ba="2,1" hai="0,3,20,25,28,76,78,79,90,93,98,112,113,115" machi="90" ten="40,5200,0" yaku="1,1,2,1,0,1,53,0" doraHai="55" doraHaiUra="117" who="2" fromWho="2" sc="257,-15,260,-15,310,68,163,-28" owari="242,-15.8,245,4.5,378,47.8,135,-36.5" /></mjloggm>