<mjloggm ver="2.3"><GO type="225" lobby="0"/><UN n0="%E6%97%A5%E6%9B%9C%E6%97%A5%E3%82%88%E3%82%8A%E3%81%AE%E4%BD%BF%E8%80%85" n1="%E4%BF%BA%E3%81%A8%E5%A6%96%E5%A4%A2" n2="%E3%83%A9%E3%82%B9%E7%8E%87%EF%BC%93%E5%89%B2" n3="%43%68%65" dan="16,16,16,16" rate="2131.60,2207.55,2205.64,2198.64" sx="M,F,F,M"/><TAIKYOKU oya="0"/><INIT seed="0,0,0,0,1,56" ten="250,250,250,250" oya="0" hai0="105,118,89,81,44,115,16,46,97,50,32,117,3" hai1="79,4,64,94,125,106,83,75,33,59,87,131,96" hai2="36,39,17,25,71,58,85,114,68,95,52,86,26" hai3="14,53,30,113,120,90,70,10,12,130,41,133,49"/><T27/><D3/><U72/><E33/><V63/><F114/><W128/><G113/><T122/><D115/><U77/><E4/><V60/><F95/><W109/><G109/><T100/><D122/><U35/><E35/><V15/><F39/><W7/><G120/><T23/><D32/><U34/><E34/><V99/><F36/><W108/><G108/><T19/><D19/><U62/><E131/><N who="3" m="50218" /><G133/><T111/><D111/><U42/><E125/><V126/><F126/><W5/><G70/><T65/><D65/><U54/><E42/><V132/><F132/><W67/><G41/><T55/><REACH who="0" step="1"/><D46/><REACH who="0" ten="240,250,250,250" step="2"/><U45/><E45/><V51/><F71/><W43/><G67/><T66/><D66/><U91/><E64/><V40/><F68/><W123/><G123/><T6/><D6/><U103/><REACH who="1" step="1"/><E77/><REACH who="1" ten="240,240,250,250" step="2"/><V73/><F40/><W124/><G43/><T127/><D127/><U29/><E29/><V107/><F17/><W8/><G30/><T76/><D76/><U119/><E119/><V24/><F24/><W61/><G124/><T78/><D78/><U92/><E92/><V134/><F25/><W20/><G7/><T121/><D121/><U0/><E0/><V1/><F26/><W2/><G2/><T112/><D112/><U88/><E88/><V129/><F1/><W48/><G90/><T9/><D9/><U18/><E18/><V80/><F129/><W31/><G10/><T93/><D93/><U74/><AGARI ba="0,2" hai="54,59,62,72,74,75,79,83,87,91,94,96,103,106" machi="74" ten="20,12000,2" yaku="1,1,0,1,7,1,24,2,52,1,53,1" doraHai="56" doraHaiUra="82" who="1" fromWho="1" sc="240,-60,240,140,250,-30,250,-30" /><INIT seed="1,0,0,3,3,111" ten="180,380,220,220" oya="1" hai0="19,6,32,52,66,40,35,106,115,17,47,100,27" hai1="37,43,65,44,2,96,88,102,0,87,11,119,60" hai2="56,23,127,101,97,109,74,91,12,21,73,45,50" hai3="46,124,116,77,57,1,90,125,83,33,64,5,122"/><U24/><E119/><V82/><F109/><W67/><G116/><T99/><D115/><U135/><E135/><V28/><F127/><N who="3" m="48715" /><G33/><T120/><D120/><U61/><E24/><V107/><F28/><W113/><G122/><T4/><D66/><U79/><E79/><V89/><F56/><W117/><G117/><T29/><D35/><U36/><E36/><V31/><F31/><W80/><G46/><T84/><D84/><U20/><E20/><V112/><F23/><W48/><G90/><T41/><D41/><U58/><E11/><V103/><F21/><W81/><G77/><T94/><D106/><U110/><E60/><V16/><F107/><W104/><G104/><T34/><D34/><U128/><E110/><V85/><F91/><W51/><G113/><T78/><D78/><U53/><E65/><N who="3" m="25162" /><G57/><T62/><D6/><U39/><E39/><V131/><F112/><W72/><G72/><T38/><REACH who="0" step="1"/><D4/><REACH who="0" ten="170,380,220,220" step="2"/><U42/><E42/><N who="2" m="24887" /><F74/><W130/><G130/><T59/><AGARI ba="0,1" hai="17,19,27,29,32,38,40,47,52,59,62,94,99,100" machi="59" ten="30,4000,0" yaku="1,1,0,1,54,1,53,0" doraHai="111" doraHaiUra="114" who="0" fromWho="0" sc="170,50,380,-20,220,-10,220,-10" /><INIT seed="2,0,0,4,5,97" ten="220,360,210,210" oya="2" hai0="1,94,14,66,78,118,115,72,67,122,18,103,105" hai1="80,82,40,36,91,63,5,68,34,42,37,55,54" hai2="86,53,93,15,10,123,11,113,31,60,26,117,59" hai3="4,44,69,81,128,50,127,125,7,114,62,90,35"/><V16/><F113/><W120/><G120/><T43/><D122/><U99/><E34/><V9/><F123/><W134/><G35/><T38/><D1/><U52/><E5/><V101/><F117/><W98/><G114/><T130/><D115/><U46/><E68/><V58/><F58/><W45/><G128/><T61/><D105/><U30/><E30/><V110/><F110/><W20/><G134/><T25/><D25/><U96/><E63/><V64/><F53/><W65/><G20/><T51/><D38/><U0/><E0/><V107/><F107/><W3/><G45/><N who="0" m="26047" /><D72/><U19/><E19/><V12/><F12/><W6/><G3/><T76/><D130/><U102/><E91/><V57/><F57/><W133/><G133/><T89/><D103/><U27/><E27/><V116/><F116/><W109/><G109/><T49/><D49/><U135/><E135/><V48/><F48/><W77/><G98/><N who="0" m="57679" /><D118/><U32/><E32/><V21/><F86/><N who="3" m="48431" /><G90/><T74/><D74/><U2/><E2/><V79/><F79/><N who="0" m="30250" /><D61/><U124/><E124/><N who="3" m="47690" /><G50/><T85/><D85/><U56/><E56/><V126/><F126/><W87/><G44/><T108/><D108/><U8/><E99/><AGARI ba="0,0" hai="9,10,11,15,16,21,26,31,59,60,64,93,99,101" machi="99" ten="40,12000,1" yaku="25,2,8,1,52,1,54,1" doraHai="97" who="2" fromWho="1" sc="220,0,360,-120,210,120,210,0" /><INIT seed="2,1,0,0,3,42" ten="220,240,330,210" oya="2" hai0="121,18,11,51,19,106,93,94,92,59,91,2,58" hai1="50,110,127,66,99,62,87,45,128,41,9,61,52" hai2="16,22,48,63,101,88,132,56,86,24,89,113,115" hai3="117,43,64,123,0,79,78,13,80,14,71,118,103"/><V108/><F132/><W90/><G123/><T27/><D106/><U107/><E110/><V76/><F108/><W34/><G0/><T17/><D121/><U70/><E128/><V129/><F129/><W12/><G34/><T73/><D73/><U32/><E32/><V96/><F76/><W120/><G120/><T31/><D91/><U85/><E127/><V26/><F26/><W30/><G30/><T114/><D114/><U6/><E107/><V100/><F48/><W20/><G103/><T44/><D11/><U98/><E98/><V105/><F100/><W124/><G20/><N who="0" m="15847" /><D2/><U55/><E99/><V135/><F135/><W5/><G5/><T3/><D3/><U36/><E61/><V126/><F89/><W116/><G124/><T112/><D112/><U39/><E55/><AGARI ba="1,0" hai="17,18,19,44,51,55,58,59,92,93,94" m="15847" machi="55" ten="30,2000,0" yaku="8,1,52,1" doraHai="42" who="0" fromWho="1" sc="220,23,240,-23,330,0,210,0" /><INIT seed="3,0,0,4,1,17" ten="243,217,330,210" oya="3" hai0="106,99,4,48,125,27,56,72,135,80,67,113,60" hai1="107,37,91,18,131,102,20,78,6,31,71,34,79" hai2="119,22,114,83,89,38,11,116,84,35,112,26,52" hai3="100,43,105,53,128,3,46,7,69,63,49,24,33"/><W81/><G128/><T134/><D125/><U110/><E37/><V19/><F38/><W111/><G111/><T130/><D130/><U108/><E131/><V61/><F35/><W64/><G81/><T5/><D113/><U58/><E71/><V12/><F52/><W132/><G132/><N who="0" m="50731" /><D27/><U32/><E6/><N who="0" m="2665" /><D48/><U42/><E34/><V101/><F61/><W126/><G126/><T68/><D68/><U82/><E32/><V2/><F2/><W109/><G109/><T90/><D90/><U54/><E110/><V25/><F25/><W117/><G117/><T16/><D16/><U96/><E31/><V13/><F13/><W129/><G129/><T73/><D80/><U10/><E10/><V15/><F15/><W76/><G76/><T93/><D93/><U115/><E108/><V29/><REACH who="2" step="1"/><F101/><AGARI ba="0,0" hai="56,60,67,72,73,99,101,106" m="2665,50731" machi="101" ten="30,1000,0" yaku="20,1" doraHai="17" who="0" fromWho="2" sc="243,10,217,0,330,-10,210,0" owari="253,5.3,217,-18.3,320,42.0,210,-29.0" /></mjloggm>