<mjloggm ver="2.3"><GO type="225" lobby="0"/><UN n0="%E6%98%93%E5%88%A9%E8%96%A9%E4%BC%AF" n1="%E6%81%A5%E6%99%92%E3%81%97" n2="%E6%97%A5%E6%9B%9C%E6%97%A5%E3%82%88%E3%82%8A%E3%81%AE%E4%BD%BF%E8%80%85" n3="%E6%A1%9C%E8%8A%B1%E9%96%83%E3%80%85" dan="17,16,17,16" rate="2136.38,2106.02,2174.20,2111.73" sx="F,M,M,M"/><TAIKYOKU oya="0"/><INIT seed="0,0,0,4,2,21" ten="250,250,250,250" oya="0" hai0="108,99,8,119,25,20,118,135,62,13,9,45,50" hai1="105,15,12,33,111,85,3,130,78,40,117,71,98" hai2="70,65,124,83,7,64,32,58,18,69,87,30,1" hai3="52,4,66,81,67,115,96,76,134,102,93,84,55"/><T27/><D135/><U92/><E117/><V14/><F124/><W17/><G115/><T51/><D108/><U43/><E3/><V47/><F47/><W60/><G134/><T82/><D118/><U61/><E111/><V74/><F74/><W35/><G35/><T22/><D119/><U23/><E33/><V104/><F104/><W86/><G4/><T97/><D82/><N who="1" m="47319" /><E130/><V48/><F48/><N who="0" m="18474" /><D45/><U53/><E71/><V31/><F1/><W24/><G86/><T49/><N who="0" m="18482" /><T116/><DORA hai="28" /><D62/><U89/><E105/><V16/><F7/><W103/><G103/><T54/><D54/><N who="3" m="20521" /><G60/><T125/><D125/><U129/><E129/><V10/><F32/><W75/><G75/><T2/><D2/><U132/><E132/><V90/><F70/><W11/><G11/><N who="0" m="4171" /><D116/><U77/><E61/><N who="2" m="37943" /><F69/><W120/><G120/><T38/><D38/><U123/><E123/><V107/><F107/><W57/><G57/><T133/><D133/><U88/><E53/><V122/><F122/><W29/><G67/><T68/><D68/><U79/><E43/><V109/><F109/><W39/><G66/><T94/><D13/><N who="1" m="5195" /><E40/><V110/><F110/><W114/><G39/><T59/><D59/><U72/><E72/><V0/><F0/><W63/><G63/><T127/><D127/><U113/><E113/><V46/><F65/><W19/><G114/><T126/><D126/><U112/><E112/><V6/><F46/><W37/><G37/><T121/><D121/><U73/><E73/><V80/><F80/><W44/><G44/><T36/><D36/><U34/><E34/><RYUUKYOKU ba="0,0" sc="250,-15,250,-15,250,15,250,15" hai2="6,10,14,16,18,30,31,83,87,90" hai3="17,19,24,29,76,81,84,93,96,102" /><INIT seed="1,1,0,1,3,59" ten="235,235,265,265" oya="1" hai0="50,95,97,96,34,80,126,101,118,19,131,17,24" hai1="32,25,76,20,133,71,108,106,3,100,83,51,54" hai2="55,124,13,74,58,23,57,37,8,66,33,107,42" hai3="43,67,102,44,85,0,70,16,103,31,77,52,134"/><U91/><E3/><V7/><F33/><W26/><G0/><T11/><D118/><U69/><E32/><V29/><F74/><W119/><G119/><T62/><D131/><U41/><E41/><V98/><F124/><W30/><G134/><T49/><D126/><U1/><E133/><V82/><F37/><W81/><G70/><T127/><D127/><U79/><E1/><V36/><F36/><W75/><G67/><T120/><D80/><U117/><E117/><V27/><F42/><W109/><G109/><T9/><D34/><U112/><E112/><V84/><F66/><W123/><G123/><T47/><D120/><U5/><E5/><V46/><F46/><W93/><G93/><T94/><D24/><U40/><E40/><V122/><F122/><W56/><G75/><T60/><REACH who="0" step="1"/><D47/><REACH who="0" ten="225,235,265,265" step="2"/><U89/><E25/><V4/><F82/><W92/><G44/><T6/><D6/><U113/><E83/><V73/><F7/><W45/><G45/><T99/><D99/><U129/><E129/><V18/><F98/><N who="3" m="59719" /><G43/><T105/><D105/><U48/><E106/><V104/><F104/><W65/><G26/><T88/><D88/><U63/><E91/><V86/><F107/><W111/><G81/><T125/><D125/><U39/><E89/><V38/><F73/><W90/><G90/><T14/><D14/><U68/><E100/><AGARI ba="1,1" hai="9,11,17,19,49,50,60,62,94,95,96,97,100,101" machi="100" ten="25,12000,2" yaku="1,1,22,2,8,1,52,2,53,0" doraHai="59" doraHaiUra="10" who="0" fromWho="1" sc="225,133,235,-123,265,0,265,0" /><INIT seed="2,0,0,3,2,12" ten="358,112,265,265" oya="2" hai0="117,114,122,65,97,129,78,3,76,44,81,40,59" hai1="94,103,68,61,18,98,9,57,119,135,127,30,118" hai2="113,33,10,93,49,83,13,58,15,60,35,34,20" hai3="80,50,87,128,28,75,67,31,120,134,110,106,45"/><V26/><F113/><W64/><G120/><T70/><D114/><U1/><E127/><V62/><F83/><W25/><G75/><T14/><D3/><U48/><E135/><V21/><F93/><W85/><G134/><T109/><D70/><U8/><E68/><V107/><F107/><W115/><G115/><T88/><D122/><U126/><E126/><V23/><F26/><W84/><G110/><T77/><D129/><U22/><E1/><V51/><F58/><W7/><G106/><T91/><D117/><U0/><E0/><V27/><F27/><W124/><G7/><T130/><D130/><U42/><E118/><V105/><F105/><W46/><G128/><T123/><D123/><U16/><E119/><V111/><F111/><W73/><G46/><T43/><D43/><U56/><E30/><N who="3" m="11306" /><G73/><T104/><D44/><N who="1" m="25623" /><E57/><V89/><F89/><N who="3" m="51335" /><G25/><T125/><D104/><U116/><E116/><V121/><F121/><W82/><G87/><T112/><D112/><U32/><E32/><V74/><F74/><W72/><G72/><T41/><D125/><U131/><E131/><V69/><F69/><W11/><G11/><N who="1" m="4170" /><E22/><V55/><F10/><W71/><G71/><T108/><D108/><U37/><E37/><V17/><F35/><W19/><G124/><T101/><D109/><U52/><E103/><V92/><F34/><W95/><G45/><T36/><D36/><U102/><E102/><V29/><F33/><W133/><G133/><T2/><D101/><U47/><E47/><V66/><F29/><W54/><G67/><T53/><D65/><U132/><E132/><RYUUKYOKU ba="0,0" sc="358,-10,112,30,265,-10,265,-10" hai1="16,18,52,56,61,94,98" /><INIT seed="3,1,0,3,4,53" ten="348,142,255,255" oya="3" hai0="66,41,9,116,52,107,113,56,39,35,90,55,36" hai1="44,81,62,54,103,115,18,16,48,11,47,12,123" hai2="59,43,122,17,31,111,13,100,33,109,3,97,125" hai3="99,77,29,120,58,32,101,24,132,4,30,84,50"/><W0/><G120/><T68/><D35/><U14/><E115/><V88/><F3/><W96/><G132/><T20/><D107/><U76/><E123/><V114/><F122/><W95/><G30/><T67/><D9/><U104/><E104/><V57/><F114/><W49/><G0/><T78/><D78/><U131/><E131/><V65/><F43/><W106/><G4/><T124/><D90/><U75/><E103/><V63/><F125/><W108/><G108/><N who="2" m="41545" /><F100/><W51/><G77/><T25/><D116/><U21/><REACH who="1" step="1"/><E62/><REACH who="1" ten="348,132,255,255" step="2"/><V74/><F63/><W80/><G106/><T117/><D113/><U6/><E6/><V110/><F110/><W7/><G7/><T98/><D124/><U126/><E126/><V37/><F74/><W22/><G99/><T28/><D117/><U79/><E79/><V94/><F97/><W91/><G32/><T27/><D98/><U71/><E71/><V93/><F33/><W34/><G34/><T23/><D68/><U73/><E73/><V61/><F61/><W45/><REACH who="3" step="1"/><G58/><AGARI ba="1,1" hai="11,12,14,16,18,21,44,47,48,54,58,75,76,81" machi="58" ten="30,8000,1" yaku="1,1,7,1,52,1,54,1,53,1" doraHai="53" doraHaiUra="72" who="1" fromWho="3" sc="348,0,132,93,255,0,255,-83" owari="348,44.8,225,-17.5,255,5.5,172,-32.8" /></mjloggm>