<mjloggm ver="2.3"><GO type="225" lobby="0"/><UN n0="%E8%81%B7%E6%A5%AD%E3%80%81%E9%A2%A8%32" n1="%E7%B4%94%E6%BD%94%E3%83%94%E3%83%A9%E3%83%8B%E3%82%A2" n2="%E3%81%BF%E3%81%BF%E3%81%9A" n3="%4C%E3%82%AA%E3%83%97%E3%83%86%E3%82%A3%E3%82%B8%E3%83%B3%E3%82%AF" dan="16,17,17,16" rate="2190.15,2252.50,2195.93,2120.89" sx="M,M,M,M"/><TAIKYOKU oya="0"/><INIT seed="0,0,0,5,3,125" ten="250,250,250,250" oya="0" hai0="36,43,35,46,68,42,105,65,98,14,133,32,19" hai1="87,30,93,17,0,90,56,92,4,126,134,71,52" hai2="59,8,29,132,84,51,97,124,26,106,72,15,110" hai3="24,27,75,18,20,3,54,21,7,38,101,83,74"/><T121/><D121/><U16/><E126/><V79/><F124/><W9/><G38/><T103/><D133/><U123/><E123/><V34/><F132/><W49/><G101/><T70/><D43/><U76/><E71/><V99/><F110/><W47/><REACH who="3" step="1"/><G83/><REACH who="3" ten="250,250,250,240" step="2"/><T53/><D36/><U11/><E134/><V25/><F106/><W120/><G120/><T40/><D103/><U80/><E92/><V78/><F72/><W81/><G81/><T62/><D105/><U5/><E5/><V111/><F111/><W50/><G50/><T2/><D62/><U33/><E30/><AGARI ba="0,1" hai="3,7,9,18,20,21,24,27,30,47,49,54,74,75" machi="30" ten="30,2000,0" yaku="1,1,7,1,53,0" doraHai="125" doraHaiUra="10" who="3" fromWho="1" sc="250,0,250,-20,250,0,240,30" /><INIT seed="1,0,0,2,5,80" ten="250,230,250,270" oya="1" hai0="105,23,17,54,72,85,25,61,82,131,5,20,14" hai1="106,129,78,49,47,120,56,93,110,41,6,60,86" hai2="118,55,92,112,0,45,32,81,1,102,27,62,130" hai3="69,10,124,18,134,59,104,87,11,2,89,88,8"/><U99/><E120/><V28/><F118/><W108/><G69/><T113/><D131/><U96/><E129/><V38/><F130/><W26/><G104/><T30/><D105/><U125/><E125/><V19/><F112/><W33/><G124/><T3/><D113/><U42/><E42/><V65/><F19/><W70/><G70/><T94/><D72/><U53/><E106/><V9/><F9/><W39/><G39/><T7/><D94/><U133/><E133/><V52/><F81/><W79/><G134/><T24/><D3/><U126/><E126/><V22/><F32/><W21/><G108/><T43/><D43/><U132/><E110/><V44/><F1/><W48/><G33/><T115/><D115/><U58/><E6/><V50/><F0/><W13/><G2/><T31/><D54/><N who="2" m="20522" /><F50/><W98/><G59/><T35/><REACH who="0" step="1"/><D61/><REACH who="0" ten="240,230,250,270" step="2"/><U51/><E132/><V15/><F38/><W34/><G48/><T73/><D73/><U16/><E51/><V127/><F127/><W36/><G36/><T64/><D64/><U100/><E96/><N who="2" m="59655" /><F15/><W122/><G98/><T119/><D119/><U95/><E95/><V135/><F135/><W77/><G13/><T128/><D128/><U117/><E117/><V37/><F37/><W109/><G109/><T40/><D40/><U84/><E41/><V121/><F121/><W103/><G122/><T107/><D107/><U68/><E60/><V123/><F123/><W57/><G103/><T111/><D111/><U97/><E97/><V4/><F4/><W74/><G74/><T83/><D83/><N who="1" m="47223" /><E99/><V76/><F62/><RYUUKYOKU ba="0,1" sc="240,30,230,-10,250,-10,270,-10" hai0="5,7,14,17,20,23,24,25,30,31,35,82,85" /><INIT seed="2,1,1,3,1,111" ten="270,220,240,260" oya="2" hai0="135,7,56,77,133,65,42,60,23,69,30,11,45" hai1="62,5,36,72,131,132,73,38,126,61,2,67,12" hai2="51,89,24,110,100,128,83,15,43,35,115,98,114" hai3="106,40,50,8,34,6,66,122,76,71,0,129,49"/><V54/><F110/><W55/><G122/><T105/><D105/><U21/><E126/><V102/><F43/><W117/><G117/><T22/><D77/><U19/><E131/><V96/><F128/><W52/><G129/><T46/><D69/><U41/><E132/><N who="0" m="50761" /><D30/><U123/><E123/><V94/><F15/><W130/><G130/><T80/><D80/><U119/><E119/><V118/><F118/><W79/><G106/><T59/><D59/><U10/><E61/><V121/><F121/><W14/><G34/><T109/><D109/><U44/><REACH who="1" step="1"/><E36/><REACH who="1" ten="270,210,240,260" step="2"/><V37/><F37/><W134/><G134/><T112/><D112/><U125/><E125/><V107/><F35/><W58/><G71/><AGARI ba="1,2" hai="2,5,10,12,19,21,38,41,44,62,67,71,72,73" machi="71" ten="30,2000,0" yaku="1,1,7,1,53,0" doraHai="111" doraHaiUra="26" who="1" fromWho="3" sc="270,0,210,43,240,0,260,-23" /><INIT seed="3,0,0,1,1,37" ten="270,253,240,237" oya="3" hai0="67,110,83,125,104,23,120,43,26,133,109,96,63" hai1="82,3,85,131,36,2,93,52,71,103,111,115,58" hai2="91,64,100,92,11,50,119,48,24,89,66,6,34" hai3="54,45,10,60,114,33,99,20,113,105,80,7,129"/><W101/><G33/><T88/><D120/><U61/><E115/><V97/><F119/><W62/><G129/><T31/><D125/><U78/><E131/><V17/><F34/><W44/><G20/><T1/><D1/><U118/><E71/><V134/><F134/><W56/><G80/><T29/><D133/><U84/><E111/><N who="0" m="42505" /><D104/><U116/><E36/><V77/><F77/><W59/><G114/><T41/><D31/><U81/><E93/><V32/><F32/><W112/><G113/><T38/><D38/><U132/><E103/><V16/><F6/><W126/><G126/><T98/><D98/><U14/><E14/><N who="2" m="7263" /><F17/><W75/><G75/><T74/><D96/><U13/><E13/><V87/><F24/><W69/><G69/><N who="0" m="42239" /><D88/><N who="2" m="33866" /><F87/><W90/><G90/><T76/><AGARI ba="0,0" hai="23,26,29,41,43,74,76,83" m="42239,42505" machi="76" ten="30,4000,0" yaku="14,1,52,2" doraHai="37" who="0" fromWho="0" sc="270,40,253,-10,240,-10,237,-20" owari="310,41.0,243,4.3,230,-17.0,217,-28.3" /></mjloggm>