<mjloggm ver="2.3"><GO type="225" lobby="0"/><UN n0="%E3%80%93%E3%81%97%E3%83%BC%E3%82%89%E3%80%93" n1="%E6%81%A5%E6%99%92%E3%81%97" n2="%72%65%6E%6B%75%6E" n3="%E3%83%81%E3%83%83%E3%82%BF%E3%82%BD%E3%83%BC" dan="16,16,17,16" rate="2152.82,2202.38,2251.93,2089.72" sx="M,M,M,F"/><TAIKYOKU oya="0"/><INIT seed="0,0,0,1,5,9" ten="250,250,250,250" oya="0" hai0="96,135,112,121,115,56,75,97,63,88,6,69,72" hai1="24,18,48,20,87,33,51,68,110,40,27,93,118" hai2="39,38,134,86,100,37,47,12,31,91,125,67,70" hai3="117,52,57,17,109,7,130,133,99,53,58,71,128"/><T23/><D69/><U81/><E118/><V16/><F134/><W64/><G7/><T49/><D6/><U131/><E110/><V60/><F125/><W2/><G2/><T95/><D135/><U102/><E131/><N who="3" m="50218" /><G117/><T77/><D121/><U21/><E68/><V123/><F123/><W14/><G133/><T85/><D49/><U132/><E33/><V28/><F100/><W50/><G99/><N who="0" m="37963" /><D23/><U32/><E32/><V5/><F47/><N who="3" m="27743" /><G109/><T65/><D56/><U1/><E1/><V74/><F74/><N who="0" m="28202" /><D65/><U43/><E93/><V83/><REACH who="2" step="1"/><F5/><REACH who="2" ten="250,250,240,250" step="2"/><W22/><G53/><T78/><D63/><AGARI ba="0,1" hai="14,17,22,57,58,63,64,71" m="27743,50218" machi="63" ten="30,3900,0" yaku="19,1,52,1,54,1" doraHai="9" who="3" fromWho="0" sc="250,-39,250,0,240,0,250,49" /><INIT seed="1,0,0,3,0,135" ten="211,250,240,299" oya="1" hai0="111,132,57,4,34,25,119,102,65,64,129,78,31" hai1="120,94,128,80,116,12,35,49,18,127,45,29,91" hai2="114,56,32,95,123,109,27,88,33,41,106,112,97" hai3="16,96,13,99,81,70,76,85,21,59,74,69,20"/><U38/><E116/><V6/><F123/><W36/><G36/><T126/><D119/><U50/><E120/><V61/><F109/><W9/><G59/><T19/><D111/><U110/><E110/><V107/><F41/><W117/><G117/><T5/><D132/><U130/><E38/><V71/><F6/><W47/><G47/><T118/><D118/><U101/><E35/><N who="2" m="13387" /><F27/><W92/><G74/><T63/><D129/><U54/><E29/><V26/><F26/><W15/><G99/><T75/><D102/><U48/><E101/><V10/><F10/><W8/><G69/><T60/><D19/><U58/><E80/><V51/><F51/><W67/><G67/><T73/><D126/><U62/><E127/><V133/><F71/><W0/><G0/><T42/><D42/><U72/><E72/><V43/><F43/><W44/><G44/><T17/><D17/><U52/><E128/><V1/><F1/><W2/><G70/><T83/><REACH who="0" step="1"/><D73/><REACH who="0" ten="201,250,240,299" step="2"/><U37/><E130/><V113/><F133/><W23/><G2/><T103/><D103/><U105/><E37/><V124/><F124/><W131/><G131/><T53/><D53/><AGARI ba="0,1" hai="53,56,61,88,95,97,106,107,112,113,114" m="13387" machi="53" ten="40,2600,0" yaku="11,1,54,1" doraHai="135" who="2" fromWho="0" sc="201,-26,250,0,240,36,299,0" /><INIT seed="2,0,0,4,5,23" ten="175,250,276,299" oya="2" hai0="38,118,61,43,33,49,130,85,70,36,31,117,72" hai1="1,119,5,54,133,83,37,111,87,19,82,30,84" hai2="0,14,3,108,128,131,57,35,94,24,97,26,42" hai3="134,32,67,98,75,135,51,21,107,9,55,41,50"/><V105/><F105/><W44/><G32/><T18/><D85/><U8/><E119/><N who="0" m="45577" /><D18/><U40/><E111/><V39/><F108/><W78/><G9/><T28/><D72/><U81/><E133/><N who="3" m="50698" /><G67/><N who="0" m="41327" /><D28/><U129/><E19/><V99/><F57/><N who="3" m="33015" /><G21/><T47/><D31/><U17/><E129/><N who="2" m="49739" /><F14/><W71/><G71/><T15/><D15/><U29/><E17/><V7/><F35/><W79/><G75/><T109/><D33/><U106/><E29/><V13/><F13/><W6/><G6/><T123/><D130/><U120/><E30/><V11/><F3/><W132/><G132/><T63/><D109/><U124/><E8/><V66/><F66/><W101/><AGARI ba="0,0" hai="41,44,51,78,79,98,101,107" m="33015,50698" machi="101" ten="30,1100,0" yaku="20,1" doraHai="23" who="3" fromWho="3" sc="175,-3,250,-3,276,-5,299,11" /><INIT seed="3,0,0,5,3,40" ten="172,247,271,310" oya="3" hai0="135,47,99,117,59,90,115,23,61,7,103,129,87" hai1="113,97,72,35,120,9,14,27,54,48,51,133,25" hai2="4,42,45,63,19,89,106,127,43,44,119,0,64" hai3="82,112,77,33,24,96,110,100,92,83,111,68,116"/><W74/><G112/><T76/><D117/><U28/><E113/><V71/><F106/><W5/><G116/><T60/><D115/><U88/><E120/><V66/><F119/><W67/><G5/><T22/><D129/><U3/><E72/><V84/><F0/><W114/><G114/><T38/><D135/><U30/><E3/><V80/><F4/><W56/><G68/><T118/><D76/><U130/><E130/><V17/><F127/><W55/><G67/><T73/><D73/><U15/><E51/><V134/><F134/><W128/><G128/><T8/><D118/><U81/><E133/><V107/><F107/><W124/><G124/><T20/><D59/><U26/><E15/><V102/><F102/><W31/><REACH who="3" step="1"/><G83/><REACH who="3" ten="172,247,271,300" step="2"/><T78/><D78/><U123/><E81/><V12/><F66/><W37/><G37/><T53/><D7/><U39/><E39/><V32/><F32/><W125/><G125/><T86/><D8/><U122/><E35/><V65/><F65/><W104/><G104/><T108/><D108/><U52/><E122/><V50/><F12/><W109/><G109/><T131/><D131/><U75/><E14/><V70/><F70/><W95/><G95/><N who="0" m="58879" /><D38/><AGARI ba="0,1" hai="17,19,38,42,43,44,45,50,63,64,71,80,84,89" machi="38" ten="30,3900,0" yaku="7,1,52,2" doraHai="40" who="2" fromWho="0" sc="172,-39,247,0,271,49,300,0" owari="133,-36.7,247,-15.3,320,42.0,300,10.0" /></mjloggm>