<mjloggm ver="2.3"><GO type="225" lobby="0"/><UN n0="%E9%80%86%E9%80%A3%E5%B8%AF%E3%81%AE%E9%AC%BC" n1="%E3%81%8B%E3%82%8F%E3%81%A1%E3%82%83%E3%82%93%35%38" n2="%E3%81%A0%E3%81%8A" n3="%E3%82%8C%E3%81%99%E3%81%93" dan="16,16,16,17" rate="2000.61,2161.02,2039.69,2160.53" sx="M,M,M,F"/><TAIKYOKU oya="0"/><INIT seed="0,0,0,0,5,102" ten="250,250,250,250" oya="0" hai0="74,32,17,93,129,126,81,121,80,110,91,31,92" hai1="59,38,90,29,120,99,103,70,30,9,71,135,4" hai2="89,15,69,5,108,50,44,28,98,114,100,13,112" hai3="40,105,56,51,14,64,52,95,1,84,11,88,86"/><T26/><D121/><U87/><E38/><V83/><F69/><W85/><G105/><T62/><D129/><U6/><E120/><V48/><F108/><W53/><G1/><T107/><D126/><U119/><E119/><V23/><F48/><N who="3" m="30727" /><G64/><T125/><D125/><U128/><E128/><V2/><F2/><W58/><G40/><T118/><D118/><U36/><E36/><V0/><F0/><W25/><G25/><T68/><D110/><U78/><E78/><V39/><F39/><W97/><G97/><T111/><D111/><U20/><E135/><V57/><F57/><W12/><G12/><T22/><D107/><U35/><E35/><V60/><F60/><W75/><G75/><T122/><D122/><U41/><E41/><V3/><F3/><W72/><G72/><T54/><D93/><U115/><E115/><V101/><F13/><W18/><AGARI ba="0,0" hai="11,14,18,51,53,58,84,85,86,88,95" m="30727" machi="18" ten="30,4000,0" yaku="8,1,54,2" doraHai="102" who="3" fromWho="3" sc="250,-20,250,-10,250,-10,250,40" /><INIT seed="1,0,0,5,1,22" ten="230,240,240,290" oya="1" hai0="9,105,78,125,46,43,64,52,34,106,102,51,88" hai1="92,76,23,24,127,66,38,53,121,30,19,41,3" hai2="128,12,124,116,108,11,118,135,44,1,49,36,35" hai3="62,48,96,29,89,63,95,68,16,90,20,25,17"/><U81/><E127/><V71/><RYUUKYOKU type="yao9" ba="0,0" sc="230,0,240,0,240,0,290,0" hai2="1,11,12,35,36,44,49,71,108,116,118,124,128,135" /><INIT seed="1,1,0,3,0,2" ten="230,240,240,290" oya="1" hai0="99,9,124,22,56,106,51,83,19,90,74,25,50" hai1="34,95,54,63,89,121,135,93,66,3,130,82,113" hai2="84,77,12,73,126,123,108,14,131,134,43,35,65" hai3="72,133,118,127,91,81,47,46,107,62,16,117,28"/><U67/><E113/><V44/><F35/><W70/><G107/><T49/><D124/><U87/><E121/><V41/><F73/><W92/><G127/><T59/><D9/><U115/><E115/><V55/><F65/><N who="3" m="41271" /><G28/><T132/><D132/><U61/><E135/><V11/><F55/><W109/><G109/><T88/><D74/><U33/><E130/><V20/><F43/><W86/><G133/><T120/><D120/><U37/><E37/><V42/><F41/><W80/><G16/><T75/><D75/><U128/><E128/><V96/><F108/><W101/><G101/><T45/><D45/><N who="3" m="16905" /><G72/><T119/><D119/><AGARI ba="1,0" hai="80,81,86,91,92,117,118,119" m="16905,41271" machi="119" ten="30,1000,0" yaku="12,1" doraHai="2" who="3" fromWho="0" sc="230,-13,240,0,240,0,290,13" /><INIT seed="2,0,0,5,3,103" ten="217,240,240,303" oya="2" hai0="114,74,100,134,130,19,4,78,121,102,135,20,122" hai1="112,65,91,111,60,48,83,108,110,41,123,9,44" hai2="67,45,93,86,49,35,40,75,28,84,95,10,118" hai3="57,127,73,101,79,54,32,71,26,81,89,55,104"/><V27/><F118/><W133/><G71/><T8/><D114/><U106/><E112/><V120/><F75/><W105/><G133/><N who="0" m="50699" /><D102/><U63/><E123/><N who="0" m="47113" /><D100/><U129/><E129/><V99/><F67/><W109/><G101/><T61/><D61/><N who="1" m="23627" /><E9/><V3/><F120/><W85/><G79/><T29/><D74/><U66/><E106/><V59/><F59/><W82/><G104/><T0/><D78/><U6/><E6/><V39/><F39/><W36/><G105/><T11/><D130/><U70/><E70/><V46/><F46/><W14/><G73/><T1/><D29/><U96/><E83/><V52/><F40/><W18/><G82/><T2/><D4/><U51/><E51/><V30/><F30/><W116/><G81/><T117/><D117/><U87/><E87/><V42/><F42/><W56/><G85/><T88/><D88/><U90/><E90/><V22/><F95/><AGARI ba="0,0" hai="41,44,48,65,66,91,95,96,108,110,111" m="23627" machi="95" ten="40,1300,0" yaku="14,1" doraHai="103" who="1" fromWho="2" sc="217,0,240,13,240,-13,303,0" /><INIT seed="3,0,0,0,1,19" ten="217,253,227,303" oya="3" hai0="30,71,76,63,49,13,94,110,90,117,45,106,81" hai1="111,93,29,60,18,113,88,69,77,52,129,1,130" hai2="51,112,124,98,47,50,23,107,132,87,16,79,7" hai3="86,58,101,43,41,104,134,131,34,66,38,73,61"/><W40/><G73/><T128/><D110/><U39/><E113/><V97/><F112/><W28/><G131/><N who="1" m="50186" /><E39/><V100/><F124/><W95/><G104/><T26/><D106/><U10/><E111/><V48/><F132/><W80/><G134/><T126/><D117/><U68/><E77/><V56/><F7/><W44/><G28/><T64/><D128/><U2/><E29/><V89/><F97/><W8/><G34/><T67/><D126/><U78/><E78/><V122/><F56/><W115/><G115/><T32/><D67/><U6/><E1/><V92/><F79/><W116/><G116/><T62/><D13/><U3/><E18/><V24/><REACH who="2" step="1"/><F122/><REACH who="2" ten="217,253,217,303" step="2"/><W83/><G58/><T35/><D76/><U9/><E2/><V99/><F99/><W21/><G101/><T4/><D4/><U11/><E6/><V57/><F57/><W37/><G37/><T72/><D72/><U82/><E3/><V135/><F135/><W119/><G38/><T59/><D59/><N who="1" m="34919" /><E82/><V121/><F121/><W54/><G83/><T118/><D81/><U103/><E103/><V70/><F70/><W33/><G80/><T15/><D71/><U133/><E133/><V85/><F85/><AGARI ba="0,1" hai="9,10,11,68,69,85,88,93" m="34919,50186" machi="85" ten="30,3900,0" yaku="19,1,54,2" doraHai="19" who="1" fromWho="2" sc="217,0,253,49,217,-39,303,0" owari="217,-18.3,302,10.2,178,-32.2,303,40.3" /></mjloggm>