<mjloggm ver="2.3"><GO type="225" lobby="0"/><UN n0="%E4%BF%BA%E3%81%A8%E5%A6%96%E5%A4%A2" n1="%E5%8D%A0%E3%81%84%E5%B8%AB%E8%A3%8F%E3%81%AA%E3%81%84%E3%81%97" n2="%E3%81%BD%E3%81%A1%E3%81%9F%E3%81%93%E3%82%84" n3="%E5%AE%AE%E4%BF%9D%E9%B6%8F%E8%82%89" dan="16,17,17,16" rate="2125.90,2202.21,2220.09,2087.95" sx="F,M,M,M"/><TAIKYOKU oya="0"/><INIT seed="0,0,0,2,0,98" ten="250,250,250,250" oya="0" hai0="123,90,65,75,51,66,64,102,42,108,0,47,71" hai1="69,10,109,9,58,20,3,15,62,55,117,35,127" hai2="44,116,28,129,39,25,87,97,36,88,100,54,104" hai3="33,73,118,12,99,67,113,41,31,72,32,6,63"/><T4/><D123/><U119/><E35/><V83/><F129/><W68/><G113/><T19/><D75/><U26/><E109/><V60/><F116/><W5/><G118/><T56/><D108/><U76/><E127/><V38/><F60/><W101/><G41/><T78/><D78/><U134/><E134/><V49/><REACH who="2" step="1"/><F39/><REACH who="2" ten="250,250,240,250" step="2"/><W93/><G63/><T74/><D71/><U103/><E119/><V13/><F13/><W92/><G12/><T120/><D120/><U79/><E117/><V40/><F40/><W53/><G68/><T95/><D42/><U37/><E37/><V45/><F45/><W21/><G67/><T29/><D64/><U52/><E69/><V133/><F133/><W18/><G53/><T115/><D66/><U22/><E3/><V85/><F85/><W17/><G73/><T106/><D74/><U94/><E55/><V8/><F8/><W61/><G72/><T111/><D111/><U82/><E9/><V7/><F7/><W50/><G61/><T14/><D4/><U1/><E1/><V112/><F112/><W77/><G5/><T89/><D0/><U125/><E10/><V11/><F11/><W81/><G6/><T122/><D115/><U105/><E15/><V43/><F43/><W131/><G131/><T16/><D122/><U80/><E62/><V46/><F46/><W121/><G121/><T70/><D70/><U91/><E52/><V59/><F59/><W130/><G130/><T48/><D56/><U114/><E58/><V23/><AGARI ba="0,1" hai="23,25,28,36,38,44,49,54,83,87,88,97,100,104" machi="23" ten="20,8000,1" yaku="1,1,0,1,7,1,52,1,54,1,53,0" doraHai="98" doraHaiUra="2" who="2" fromWho="2" sc="250,-40,250,-20,240,90,250,-20" /><INIT seed="1,0,0,3,4,4" ten="210,230,330,230" oya="1" hai0="55,34,15,52,51,44,118,47,135,28,127,39,62" hai1="88,8,59,116,126,72,54,35,90,24,91,115,98" hai2="83,73,7,31,75,96,92,111,112,102,37,67,80" hai3="61,133,17,26,81,99,131,110,130,76,101,32,68"/><U3/><E115/><V105/><F37/><W18/><G110/><T29/><D118/><U93/><E116/><V100/><F67/><N who="3" m="41071" /><G133/><T66/><D135/><U60/><E72/><N who="2" m="27723" /><F31/><N who="3" m="19575" /><G81/><N who="2" m="31305" /><F7/><W22/><G76/><T129/><D129/><N who="3" m="49161" /><G22/><T108/><D108/><U77/><E77/><V48/><F48/><W121/><G121/><T79/><D79/><U13/><E126/><V46/><F46/><W64/><G64/><T70/><D34/><U125/><E3/><V43/><F43/><W58/><G58/><T71/><D127/><U41/><E125/><V42/><F42/><W1/><G1/><T6/><D71/><U120/><E120/><V2/><F2/><W57/><G57/><T12/><D39/><U109/><E41/><V30/><F30/><W38/><G38/><T119/><D119/><U14/><E109/><V27/><F27/><W123/><G123/><T134/><D134/><U97/><E35/><V107/><F111/><W89/><G89/><N who="1" m="34410" /><E24/><V50/><F50/><W132/><G132/><T103/><D29/><U21/><E21/><V94/><F112/><W82/><G82/><T124/><D28/><U16/><E13/><N who="0" m="5193" /><D124/><U19/><E19/><V84/><F84/><AGARI ba="0,0" hai="8,14,16,54,59,60,84,91,93,97,98" m="34410" machi="84" ten="30,11600,0" yaku="8,1,52,1,54,2" doraHai="4" who="1" fromWho="2" sc="210,0,230,116,330,-116,230,0" /><INIT seed="1,1,0,1,5,92" ten="210,346,214,230" oya="1" hai0="68,104,70,29,73,4,64,90,28,79,54,81,113" hai1="43,116,119,98,100,20,37,31,26,124,10,45,53" hai2="86,131,94,7,75,3,107,42,57,22,71,59,95" hai3="13,44,25,72,127,51,87,110,93,33,17,15,69"/><U21/><E124/><V84/><F71/><W74/><G69/><T76/><D113/><U123/><E123/><V88/><F131/><W2/><G2/><T50/><D4/><U105/><E53/><V47/><F75/><W118/><G127/><T101/><D76/><U125/><E125/><V109/><F107/><W78/><G74/><T126/><D126/><U1/><REACH who="1" step="1"/><E21/><REACH who="1" ten="210,336,214,230" step="2"/><V32/><F32/><W132/><G33/><T91/><D64/><U65/><E65/><V66/><F66/><W80/><G132/><T106/><D54/><U23/><E23/><V24/><F22/><W62/><G110/><T129/><D129/><U16/><E16/><V18/><F18/><W39/><G17/><T55/><D55/><U9/><E9/><V99/><F109/><W112/><G112/><T38/><D28/><U114/><E114/><V121/><F121/><W102/><G118/><T85/><D29/><U34/><E34/><V48/><F7/><AGARI ba="1,1" hai="1,7,10,20,26,31,37,43,45,98,100,105,116,119" machi="7" ten="40,7700,0" yaku="1,1,52,1,53,1" doraHai="92" doraHaiUra="41" who="1" fromWho="2" sc="210,0,336,90,214,-80,230,0" /><INIT seed="1,2,0,5,1,93" ten="210,426,134,230" oya="1" hai0="66,87,65,91,74,39,60,117,30,58,1,135,112" hai1="9,27,5,124,131,133,114,51,31,35,57,110,128" hai2="76,25,64,62,59,130,103,97,123,88,52,16,118" hai3="50,11,78,108,134,77,28,129,119,98,111,38,79"/><U102/><E114/><V17/><F118/><W43/><G119/><T34/><D117/><U116/><E116/><V73/><F123/><W63/><G38/><T107/><D112/><U96/><E110/><N who="3" m="42026" /><G134/><T46/><D1/><U48/><E133/><V104/><F130/><N who="1" m="49705" /><E57/><V89/><F64/><W81/><G63/><T8/><D74/><U82/><E82/><V80/><F25/><W26/><G11/><T10/><D107/><N who="1" m="63943" /><E124/><V21/><REACH who="2" step="1"/><F17/><REACH who="2" ten="210,426,124,230" step="2"/><W45/><G129/><T70/><D65/><U86/><E86/><V101/><F101/><W41/><G26/><T13/><D135/><U61/><E61/><V44/><F44/><N who="3" m="25871" /><G28/><T121/><D30/><U18/><E18/><V92/><F92/><W37/><G98/><T105/><D121/><U100/><E100/><V2/><F2/><AGARI ba="2,1" hai="2,5,9,27,31,35,48,51" m="63943,49705" machi="2" ten="30,2900,0" yaku="19,1,52,1" doraHai="93" who="1" fromWho="2" sc="210,0,426,45,124,-35,230,0" /><INIT seed="1,3,0,5,4,110" ten="210,471,89,230" oya="1" hai0="94,68,128,132,73,106,91,129,29,111,63,83,58" hai1="7,54,36,5,9,90,48,66,22,113,34,76,31" hai2="85,107,6,2,70,133,103,71,3,97,81,11,15" hai3="13,67,57,78,24,93,62,117,27,86,115,72,112"/><U87/><E36/><V59/><F133/><W105/><G105/><T126/><D106/><U42/><E34/><V88/><REACH who="2" step="1"/><F59/><REACH who="2" ten="210,471,79,230" step="2"/><W123/><G57/><T118/><D132/><U127/><E127/><V32/><F32/><W124/><G124/><T43/><D126/><U96/><E5/><V74/><F74/><W69/><G72/><T79/><D73/><U4/><E7/><V40/><F40/><W18/><G69/><AGARI ba="3,1" hai="2,3,6,11,15,69,70,71,81,85,88,97,103,107" machi="69" ten="40,2600,0" yaku="1,1,54,1,53,0" doraHai="110" doraHaiUra="47" who="2" fromWho="3" sc="210,0,471,0,79,45,230,-35" /><INIT seed="2,0,0,2,1,101" ten="210,471,124,195" oya="2" hai0="39,82,9,15,107,17,49,5,116,135,114,96,6" hai1="62,133,0,79,84,34,81,78,56,111,103,66,120" hai2="134,35,32,58,53,117,102,26,55,71,31,36,22" hai3="70,80,23,8,124,75,125,97,112,50,12,61,72"/><V21/><F117/><W115/><G97/><T92/><D114/><N who="3" m="43561" /><G50/><T127/><D39/><U76/><E111/><V46/><F71/><W130/><G130/><T40/><D116/><U29/><E0/><V13/><F134/><W126/><G23/><T68/><D135/><U11/><E133/><V2/><F2/><W19/><G80/><T113/><D68/><U59/><E120/><V54/><F102/><W24/><G24/><T121/><D121/><U18/><E34/><V95/><F95/><W123/><G123/><T98/><D98/><U48/><E29/><V94/><F94/><W1/><G1/><T131/><D131/><U43/><E103/><V90/><F90/><W118/><G118/><T52/><D40/><U37/><E37/><V28/><F58/><W93/><G93/><T83/><D113/><U74/><E74/><V16/><REACH who="2" step="1"/><F31/><REACH who="2" ten="210,471,114,195" step="2"/><W42/><G42/><AGARI ba="0,1" hai="13,16,21,22,26,28,32,35,36,42,46,53,54,55" machi="42" ten="40,18000,2" yaku="1,1,2,1,54,1,53,3" doraHai="101" doraHaiUra="51" who="2" fromWho="3" sc="210,0,471,0,114,190,195,-180" /><INIT seed="2,1,0,4,4,15" ten="210,471,304,15" oya="2" hai0="64,94,100,125,73,91,77,92,16,65,95,119,34" hai1="42,45,72,12,67,36,17,61,40,71,86,66,43" hai2="39,134,19,25,105,103,68,131,87,98,51,76,117" hai3="90,21,31,85,55,3,126,8,41,44,0,13,110"/><V7/><F39/><W23/><G110/><T96/><D34/><U5/><E72/><V33/><F117/><W70/><G126/><T89/><D125/><U107/><E107/><V114/><F114/><W4/><G70/><T124/><D124/><U27/><E5/><V63/><F131/><W53/><G0/><T104/><D119/><U10/><E27/><V80/><F134/><W109/><G3/><T26/><D77/><U123/><E123/><V60/><F7/><W14/><G109/><T56/><D73/><U32/><E32/><V99/><F99/><W49/><G31/><T47/><D47/><U78/><E67/><V57/><F68/><W37/><G14/><T38/><D38/><U29/><E29/><V74/><F33/><W133/><G133/><T54/><D89/><U111/><E111/><V24/><F24/><W58/><REACH who="3" step="1"/><G53/><REACH who="3" ten="210,471,304,5" step="2"/><T81/><D65/><U128/><E128/><V101/><F25/><W127/><G127/><T118/><D64/><U93/><E71/><V130/><F130/><W48/><G48/><T59/><D118/><U30/><E30/><V18/><F51/><W115/><G115/><T122/><D122/><U88/><E66/><V20/><F63/><W129/><G129/><T84/><REACH who="0" step="1"/><D54/><REACH who="0" ten="200,471,304,5" step="2"/><U62/><E36/><V50/><F76/><W106/><G106/><T1/><D1/><U79/><E79/><V113/><F105/><W52/><G52/><T28/><D28/><U116/><E116/><V9/><F113/><W135/><G135/><T69/><D69/><U82/><E45/><V112/><F112/><W102/><G102/><RYUUKYOKU ba="1,2" sc="200,10,471,10,304,-30,5,10" hai0="16,26,56,59,81,84,91,92,94,95,96,100,104" hai1="10,12,17,40,42,43,61,62,78,82,86,88,93" hai3="4,8,13,21,23,37,41,44,49,55,58,85,90" /><INIT seed="3,2,2,5,0,28" ten="210,481,274,15" oya="3" hai0="59,128,119,53,122,7,84,45,95,98,57,44,29" hai1="113,105,33,104,75,135,1,68,126,64,21,32,83" hai2="42,132,116,130,24,86,19,10,118,2,52,8,76" hai3="22,65,80,129,78,111,85,92,114,90,47,110,63"/><W101/><G114/><T106/><D119/><U0/><E21/><V5/><F130/><W107/><G129/><T43/><D128/><U30/><E135/><V127/><F132/><W17/><G47/><T112/><D122/><U26/><E126/><V70/><F70/><W103/><G107/><N who="1" m="41034" /><E32/><V71/><F71/><W69/><G110/><T100/><D112/><U96/><E96/><V125/><F42/><W51/><G51/><T14/><D29/><U54/><E54/><V89/><F76/><W58/><G69/><T37/><D44/><U67/><E67/><V81/><F52/><W9/><G9/><T109/><D109/><U82/><E83/><V73/><F73/><W72/><REACH who="3" step="1"/><G111/><REACH who="3" ten="210,481,274,5" step="2"/><T93/><D45/><U123/><E113/><V46/><F46/><W134/><G134/><T11/><D106/><U13/><E68/><V120/><F10/><W66/><G66/><T94/><D43/><U56/><E64/><V20/><F120/><W27/><AGARI ba="2,3" hai="17,22,27,58,63,65,72,78,80,85,90,92,101,103" machi="27" ten="20,3900,0" yaku="1,1,0,1,7,1,53,0" doraHai="28" doraHaiUra="38" who="3" fromWho="3" sc="210,-15,481,-15,274,-15,5,75" /><INIT seed="3,3,0,2,5,3" ten="195,466,259,80" oya="3" hai0="106,15,125,31,16,13,2,69,38,46,9,108,60" hai1="80,5,103,76,53,36,37,122,70,113,35,120,56" hai2="117,22,45,129,114,97,49,78,10,95,1,124,54" hai3="83,6,7,109,133,25,128,123,14,33,111,39,82"/><W41/><G128/><T86/><D106/><U58/><E70/><V63/><F114/><W48/><G133/><T8/><D108/><N who="3" m="41545" /><G123/><T44/><D2/><U96/><E35/><V89/><F117/><W93/><G39/><T115/><D115/><U4/><E113/><V118/><F118/><W87/><G93/><T91/><D125/><U131/><E131/><V130/><F124/><W67/><G67/><T28/><D60/><U68/><E68/><V74/><F74/><W23/><G33/><T79/><D79/><U19/><E19/><V47/><F78/><N who="3" m="46551" /><G83/><N who="0" m="49631" /><D69/><U21/><E80/><V134/><F134/><W62/><G62/><T85/><D85/><U34/><E34/><V84/><F63/><W43/><G14/><T18/><D38/><U112/><E112/><V121/><F121/><W127/><G127/><T24/><D24/><U26/><E26/><V77/><F1/><W12/><G12/><T81/><D81/><U65/><E76/><V101/><F77/><W27/><G27/><T105/><D105/><U75/><E122/><V135/><F95/><W11/><G11/><T71/><D71/><U99/><E120/><V94/><F10/><W90/><G90/><T66/><D66/><U42/><E65/><V55/><F135/><W73/><G73/><T116/><D116/><U17/><E75/><V92/><F22/><W88/><G88/><T102/><D102/><U61/><E103/><V132/><F132/><W29/><G48/><AGARI ba="3,0" hai="45,47,48,49,54,55,84,89,92,94,97,101,129,130" machi="48" ten="40,1300,0" yaku="9,1" doraHai="3" who="2" fromWho="3" sc="195,0,466,0,259,22,80,-22" owari="195,-20.5,466,56.6,281,8.1,58,-44.2" /></mjloggm>