<mjloggm ver="2.3"><GO type="225" lobby="0"/><UN n0="%E3%81%99%E3%81%84%E3%81%BE%E3%81%9B%E3%83%BC%E3%82%93" n1="%E3%83%96%E3%83%83%E3%83%91%E3%82%AA%E3%83%96%E3%83%81%E3%82%AD%E3%83%B3" n2="%E3%81%BD%E3%81%A1%E3%81%9F%E3%81%93%E3%82%84" n3="%E7%B4%94%E6%BD%94%E3%83%94%E3%83%A9%E3%83%8B%E3%82%A2" dan="18,16,16,17" rate="2213.17,2222.95,2159.31,2217.63" sx="M,M,M,M"/><TAIKYOKU oya="0"/><INIT seed="0,0,0,5,5,40" ten="250,250,250,250" oya="0" hai0="90,73,71,110,121,123,59,57,104,42,64,132,2" hai1="93,130,117,12,100,108,55,0,32,99,94,13,119" hai2="128,80,125,25,11,14,120,133,129,60,74,131,35" hai3="20,113,18,39,124,116,58,79,68,87,112,1,44"/><T114/><D114/><U63/><E0/><V81/><F120/><W77/><G68/><T31/><D2/><U86/><E108/><V109/><F109/><W135/><G1/><T88/><D110/><U118/><E32/><V41/><F133/><W17/><G135/><T28/><D132/><U23/><E130/><V76/><F125/><W102/><G124/><T101/><D73/><U4/><E4/><V111/><F111/><W134/><G102/><T37/><D71/><U7/><E7/><V46/><F81/><W33/><G33/><T61/><D59/><U51/><E63/><V3/><F3/><W82/><G18/><T70/><D70/><U122/><E23/><V126/><F126/><W47/><G39/><T26/><D123/><U54/><E54/><V6/><F60/><W38/><G38/><T66/><D66/><U85/><E122/><V43/><REACH who="2" step="1"/><F46/><REACH who="2" ten="250,250,240,250" step="2"/><N who="3" m="17451" /><G112/><T24/><D121/><U50/><E119/><V27/><F27/><N who="3" m="14735" /><G113/><T16/><D26/><U5/><E118/><V115/><F115/><W97/><G116/><T96/><D31/><AGARI ba="0,1" hai="6,11,14,25,31,35,41,43,74,76,80,128,129,131" machi="31" ten="40,2600,0" yaku="1,1,19,1,53,0" doraHai="40" doraHaiUra="65" who="2" fromWho="0" sc="250,-26,250,0,240,36,250,0" /><INIT seed="1,0,0,0,0,10" ten="224,250,276,250" oya="1" hai0="128,81,19,115,59,111,116,43,88,20,64,0,106" hai1="117,57,70,54,49,23,15,42,39,124,127,113,131" hai2="122,75,7,95,91,112,27,118,17,68,2,33,26" hai3="45,46,132,119,101,30,120,8,133,65,58,52,62"/><U90/><E113/><V18/><F75/><W12/><G120/><T4/><D115/><U1/><E117/><V129/><F68/><W5/><G119/><T114/><D116/><U86/><E1/><V60/><F60/><W110/><G110/><T69/><D106/><U105/><E105/><V56/><F56/><W21/><G101/><T121/><D69/><U92/><E70/><V125/><F95/><W24/><REACH who="3" step="1"/><G65/><REACH who="3" ten="224,250,276,240" step="2"/><T135/><D121/><U9/><E131/><V44/><F129/><W76/><G76/><T38/><D111/><U35/><E35/><V123/><F33/><W72/><G72/><T98/><D128/><U103/><E103/><V63/><F118/><W48/><G48/><T32/><D114/><U31/><E31/><V47/><F112/><W134/><AGARI ba="0,1" hai="5,8,12,21,24,30,45,46,52,58,62,132,133,134" machi="134" ten="30,12000,2" yaku="1,1,0,1,20,1,52,1,54,1,53,1" doraHai="10" doraHaiUra="50" who="3" fromWho="3" sc="224,-30,250,-60,276,-30,240,130" /><INIT seed="2,0,0,0,0,128" ten="194,190,246,370" oya="2" hai0="13,5,126,94,74,117,25,54,12,35,81,93,114" hai1="20,85,84,108,68,59,75,134,49,125,17,38,107" hai2="57,66,78,31,77,130,121,6,98,124,15,22,39" hai3="50,127,101,112,119,87,122,43,21,105,36,32,46"/><V45/><F121/><W64/><G32/><T71/><D114/><U97/><E75/><V51/><F39/><W4/><G112/><T33/><D71/><U100/><E38/><V29/><F124/><W48/><G127/><T62/><D126/><U41/><E125/><V47/><F98/><W69/><G87/><T34/><D117/><U27/><E68/><V123/><F123/><W63/><G119/><T132/><D25/><U103/><E108/><V56/><F45/><W110/><G110/><T109/><D109/><U61/><E103/><V52/><F130/><W24/><G4/><T42/><D42/><U40/><E134/><V102/><F102/><W7/><G7/><T37/><D37/><U58/><E41/><V44/><F47/><W99/><G122/><T2/><D2/><U18/><E18/><AGARI ba="0,0" hai="18,21,24,36,43,46,48,50,63,64,69,99,101,105" machi="18" ten="30,1000,0" yaku="7,1" doraHai="128" who="3" fromWho="1" sc="194,0,190,-10,246,0,370,10" /><INIT seed="3,0,0,2,1,9" ten="194,180,246,380" oya="3" hai0="80,115,45,74,25,65,91,48,38,94,0,60,112" hai1="11,2,4,106,68,56,83,132,129,3,82,128,134" hai2="67,55,88,107,30,49,32,113,133,73,109,131,8" hai3="89,28,51,119,104,7,79,100,13,116,54,75,127"/><W77/><G75/><T103/><D0/><U16/><E68/><V122/><F88/><W123/><G28/><T125/><D125/><U101/><E3/><V126/><F8/><N who="3" m="4255" /><G123/><T59/><D38/><U71/><E71/><V39/><F55/><W135/><G135/><N who="1" m="51754" /><E56/><V64/><F49/><W130/><G130/><N who="1" m="50282" /><E16/><V43/><F67/><W52/><G89/><T29/><D103/><U69/><E69/><V17/><F17/><W92/><G77/><T40/><D74/><U1/><E1/><V95/><F64/><W41/><G79/><T50/><D50/><U12/><E2/><V61/><F30/><W121/><G100/><T78/><D78/><U34/><E34/><V27/><F27/><W18/><G54/><T10/><D10/><U114/><E114/><V111/><F61/><W44/><G52/><T66/><D65/><U98/><AGARI ba="0,0" hai="4,11,12,82,83,98,101,106" m="50282,51754" machi="98" ten="40,5200,0" yaku="20,1,19,1,52,1" doraHai="9" who="1" fromWho="1" sc="194,-13,180,52,246,-13,380,-26" owari="181,-31.9,232,-16.8,233,3.3,354,45.4" /></mjloggm>