<mjloggm ver="2.3"><GO type="225" lobby="0"/><UN n0="%E3%83%A9%E3%83%BC%E3%83%A1%E3%83%B3%E4%BA%94%E9%83%8E" n1="%E3%81%95%E3%81%8D%E3%81%9F%E3%81%BE%E6%9E%97%E6%AA%8E" n2="%E3%82%8F%E3%81%8B%E3%81%B0%2A%E3%82%AC%E3%83%BC%E3%83%AB" n3="%E3%81%AE%E3%81%AA%E3%82%81%E3%83%BC%E3%82%93" dan="16,16,16,16" rate="2150.56,2124.22,2115.84,2047.77" sx="M,M,M,M"/><TAIKYOKU oya="0"/><INIT seed="0,0,0,1,3,102" ten="250,250,250,250" oya="0" hai0="130,82,8,127,2,134,92,30,117,101,22,60,126" hai1="77,15,112,108,90,44,58,34,109,75,41,50,54" hai2="52,100,132,16,35,71,13,48,7,97,81,114,61" hai3="85,86,32,93,122,20,62,106,128,76,125,49,115"/><T104/><D117/><U47/><E112/><V96/><F114/><W88/><G115/><T131/><D134/><U79/><E34/><V98/><F35/><W18/><G32/><T43/><D43/><U99/><E15/><V38/><F38/><W28/><G128/><N who="0" m="49195" /><D82/><U129/><E129/><V51/><F132/><W42/><G125/><N who="0" m="47627" /><D60/><U57/><E57/><N who="2" m="34983" /><F71/><W0/><G0/><T121/><D121/><U74/><E47/><V116/><F116/><W80/><G122/><T68/><D68/><U72/><E79/><V87/><F7/><W40/><G62/><T67/><D67/><U25/><E77/><N who="2" m="46511" /><F100/><W33/><G49/><T78/><D78/><U36/><REACH who="1" step="1"/><E25/><REACH who="1" ten="250,240,250,250" step="2"/><V46/><F46/><W69/><G33/><T110/><D2/><U12/><E12/><V53/><F53/><W63/><G76/><T5/><D110/><U19/><E19/><V118/><F118/><W113/><G113/><T9/><D5/><U66/><E66/><V24/><F24/><W6/><G18/><T65/><D65/><U107/><E107/><V45/><F45/><W14/><G106/><T123/><D104/><U59/><E59/><V37/><F37/><W27/><G69/><T26/><D123/><U56/><E56/><V124/><F124/><W73/><G63/><T84/><D101/><U10/><E10/><AGARI ba="0,1" hai="10,13,16,48,51,96,97,98" m="46511,34983" machi="10" ten="30,3900,0" yaku="8,1,54,2" doraHai="102" who="2" fromWho="1" sc="250,0,240,-39,250,49,250,0" /><INIT seed="1,0,0,2,4,76" ten="250,201,299,250" oya="1" hai0="126,103,121,115,61,107,64,55,53,110,118,65,135" hai1="18,79,96,129,134,26,119,71,68,111,15,34,56" hai2="77,101,62,88,32,130,41,13,29,93,23,70,112" hai3="104,109,113,28,81,46,73,99,78,30,89,31,33"/><U80/><E119/><V35/><F101/><W82/><G113/><T120/><D118/><U20/><E129/><V16/><F112/><W8/><G109/><T42/><D115/><U47/><E134/><V1/><F1/><W4/><G33/><T44/><D110/><U114/><E111/><V127/><F130/><W5/><G5/><T51/><D135/><U40/><E114/><V132/><F132/><W6/><G6/><T90/><D126/><U92/><E56/><V39/><F77/><W75/><G46/><T3/><D3/><U108/><E108/><V97/><F127/><W22/><G22/><T24/><D24/><U7/><E7/><V10/><F41/><W131/><G131/><T11/><D11/><U117/><E117/><V43/><F43/><W122/><G122/><N who="0" m="47211" /><D90/><U72/><E26/><N who="2" m="16607" /><F39/><W106/><G75/><T14/><D14/><U36/><REACH who="1" step="1"/><E34/><REACH who="1" ten="250,191,299,250" step="2"/><V91/><F32/><W85/><REACH who="3" step="1"/><G99/><REACH who="3" ten="250,191,299,240" step="2"/><N who="0" m="61951" /><D65/><U17/><E17/><V105/><F35/><W98/><G98/><T54/><D64/><U102/><AGARI ba="0,2" hai="15,18,20,36,40,47,68,71,72,79,80,92,96,102" machi="102" ten="20,7800,0" yaku="1,1,0,1,7,1,52,1,53,0" doraHai="76" doraHaiUra="0" who="1" fromWho="1" sc="250,-26,191,98,299,-26,240,-26" /><INIT seed="1,1,0,4,4,31" ten="224,289,273,214" oya="1" hai0="16,85,0,106,61,124,82,107,94,115,88,75,80" hai1="123,90,100,87,41,93,111,70,134,64,43,42,47" hai2="23,26,49,45,83,84,52,57,8,81,59,17,6" hai3="71,86,25,113,54,50,5,63,51,77,95,3,105"/><U60/><E123/><V121/><F121/><W79/><G113/><T37/><D0/><U114/><E114/><V119/><F119/><W68/><G105/><T44/><D115/><U55/><E134/><V132/><F132/><W129/><G129/><T1/><D1/><U135/><E135/><V109/><F109/><W112/><G112/><T4/><D4/><U72/><E72/><V38/><F38/><W11/><G25/><T76/><D124/><U18/><E111/><V7/><F81/><W19/><G19/><T97/><D61/><U127/><E127/><V48/><F8/><W103/><G103/><T130/><D130/><U46/><E100/><V108/><F108/><W66/><G71/><T29/><D29/><U36/><REACH who="1" step="1"/><E18/><REACH who="1" ten="224,279,273,214" step="2"/><V9/><F9/><W92/><G79/><T117/><D16/><U39/><E39/><V104/><F104/><W27/><G77/><T58/><D117/><U34/><E34/><V28/><F17/><W73/><G73/><T15/><D37/><U35/><E35/><V65/><F6/><W78/><G78/><T110/><D110/><U101/><E101/><V40/><F7/><W69/><G11/><T131/><D107/><U118/><E118/><V125/><F125/><W32/><G5/><T14/><D106/><U99/><E99/><V89/><F65/><W21/><G66/><T2/><D75/><U122/><E122/><V67/><F67/><W13/><G32/><T53/><D97/><U24/><E24/><V91/><F89/><W102/><G102/><T30/><D88/><U74/><E74/><V120/><F120/><RYUUKYOKU ba="1,1" sc="224,-15,279,15,273,15,214,-15" hai1="36,41,42,43,46,47,55,60,64,70,87,90,93" hai2="23,26,28,40,45,48,49,52,57,59,83,84,91" /><INIT seed="1,2,1,4,3,31" ten="209,294,288,199" oya="1" hai0="9,54,38,58,63,21,20,107,131,65,68,2,69" hai1="128,26,102,93,76,129,96,19,99,10,127,47,75" hai2="77,34,123,82,7,17,125,98,25,84,72,111,110" hai3="45,28,36,80,101,11,118,55,64,85,70,61,56"/><U114/><E114/><V81/><F123/><W130/><G130/><N who="1" m="50282" /><E127/><V35/><F125/><W117/><G101/><T88/><D131/><U71/><E71/><V46/><F7/><W74/><G74/><T37/><D107/><U86/><E75/><V15/><F98/><W119/><G28/><T60/><D69/><U97/><E47/><V122/><F25/><W66/><G11/><T109/><D109/><N who="2" m="41482" /><F46/><W30/><G30/><T4/><D37/><U78/><E76/><N who="2" m="44167" /><F122/><W0/><G0/><T91/><REACH who="0" step="1"/><D38/><REACH who="0" ten="199,294,288,199" step="2"/><U23/><E10/><AGARI ba="2,2" hai="10,15,17,34,35,77,82,84" m="44167,41482" machi="10" ten="30,3900,0" yaku="14,1,52,2" doraHai="31" who="2" fromWho="1" sc="199,0,294,-45,288,65,199,0" /><INIT seed="2,0,0,2,3,121" ten="199,249,353,199" oya="2" hai0="115,85,11,48,56,47,108,88,51,103,81,97,126" hai1="99,58,45,74,116,18,68,4,78,107,35,44,109" hai2="30,26,96,9,93,70,36,80,27,33,22,129,87" hai3="24,31,29,3,77,113,89,120,79,111,135,69,12"/><V13/><F36/><W50/><G3/><T61/><D115/><U91/><E116/><V21/><F70/><W53/><G120/><T90/><D126/><U123/><E68/><V132/><F129/><W118/><G118/><T62/><D90/><U94/><E35/><V63/><F132/><W125/><G135/><T23/><D23/><U25/><E123/><V119/><F63/><W112/><G125/><T49/><D11/><U37/><E4/><V32/><F119/><W122/><G69/><T40/><D108/><U67/><E109/><V17/><F87/><W100/><G122/><T95/><REACH who="0" step="1"/><D62/><REACH who="0" ten="189,249,353,199" step="2"/><N who="1" m="38359" /><E91/><V105/><F32/><W65/><G111/><T1/><D1/><U52/><E78/><V86/><F33/><W6/><G89/><T110/><D110/><U57/><E99/><V55/><F96/><W82/><G79/><T75/><D75/><U73/><E74/><V124/><F22/><W28/><G113/><T20/><D20/><U0/><E73/><V8/><F124/><W128/><G112/><T127/><D127/><U72/><E72/><V117/><F117/><W134/><G134/><T101/><D101/><U59/><E0/><V38/><F21/><W2/><G100/><T5/><D5/><U76/><E76/><V42/><F8/><N who="3" m="4119" /><G2/><T133/><D133/><U84/><E18/><V46/><F17/><W106/><G128/><T64/><AGARI ba="0,1" hai="40,47,48,49,51,56,61,64,81,85,88,95,97,103" machi="64" ten="20,12000,2" yaku="1,1,0,1,7,1,8,1,54,1,53,1" doraHai="121" doraHaiUra="83" who="0" fromWho="0" sc="189,130,249,-30,353,-60,199,-30" /><INIT seed="3,0,0,4,5,82" ten="319,219,293,169" oya="3" hai0="15,23,50,25,68,118,86,102,42,47,26,63,87" hai1="17,8,61,48,24,94,52,112,60,109,32,19,129" hai2="65,88,106,101,59,6,0,74,111,43,64,49,69" hai3="90,133,110,71,77,12,124,18,56,125,103,76,105"/><W107/><G71/><T4/><D118/><U84/><E109/><V55/><F74/><W121/><G121/><T117/><D117/><U1/><E129/><V78/><F78/><N who="3" m="30315" /><G110/><T119/><D119/><U95/><E112/><V108/><F69/><W11/><G103/><T21/><D102/><U53/><E1/><V57/><F6/><W123/><G123/><T9/><D63/><U93/><E32/><V46/><F0/><W132/><G90/><T10/><D10/><U114/><E114/><V44/><F101/><W28/><G28/><N who="0" m="17455" /><D68/><U97/><E97/><V131/><F106/><N who="3" m="40459" /><G56/><T13/><D13/><N who="1" m="7335" /><E53/><V5/><F5/><W27/><G27/><T37/><D37/><U89/><E24/><V72/><F72/><W39/><G39/><T127/><D127/><AGARI ba="0,0" hai="11,12,18,124,125,127,132,133" m="40459,30315" machi="127" ten="40,2000,0" yaku="18,1" doraHai="82" who="3" fromWho="0" sc="319,-20,219,0,293,0,169,20" /><INIT seed="3,1,0,1,3,23" ten="299,219,293,189" oya="3" hai0="51,126,33,87,95,123,61,50,90,77,73,121,130" hai1="39,82,114,13,94,35,47,41,109,91,40,70,25" hai2="133,48,11,17,0,106,29,75,68,24,119,128,56" hai3="72,37,118,6,63,102,127,84,60,99,10,5,124"/><W131/><G118/><T97/><D33/><U88/><E109/><V129/><F119/><W69/><G72/><T46/><D126/><N who="3" m="48169" /><G37/><T111/><D111/><U12/><E70/><V54/><F133/><W26/><G131/><N who="2" m="50249" /><F106/><N who="3" m="63839" /><G69/><T108/><D108/><U105/><E105/><V116/><F116/><W115/><G115/><T67/><D130/><U132/><E132/><V117/><F117/><W31/><G84/><T20/><D73/><U86/><E114/><V21/><F75/><W8/><G8/><T89/><D77/><U59/><E59/><V52/><F54/><W9/><G9/><T18/><D123/><U80/><E41/><V76/><F76/><W27/><G5/><T93/><D121/><U1/><E1/><V30/><F68/><W96/><G96/><T79/><D79/><U113/><E113/><V110/><F110/><W135/><G135/><T22/><D18/><U104/><E104/><V4/><AGARI ba="1,0" hai="0,4,11,17,21,24,29,30,48,52,56" m="50249" machi="4" ten="30,4000,0" yaku="19,1,52,1,54,1" doraHai="23" who="2" fromWho="2" sc="299,-11,219,-11,293,43,189,-21" owari="288,8.8,208,-19.2,336,43.6,168,-33.2" /></mjloggm>