<mjloggm ver="2.3"><GO type="225" lobby="0"/><UN n0="%E3%81%BF%E3%81%BF%E3%81%9A" n1="%E3%81%90%E3%81%A1%E3%82%84%E3%81%BE" n2="%73%61%6B%6F%EF%BC%A0%E6%9C%80" n3="%E3%83%94%E3%83%B3%E3%82%B5%E3%83%AD%E5%BA%97%E5%93%A1" dan="18,16,17,16" rate="2248.35,2137.28,2180.25,2216.89" sx="M,M,M,M"/><TAIKYOKU oya="0"/><INIT seed="0,0,0,0,4,53" ten="250,250,250,250" oya="0" hai0="17,105,45,98,108,128,11,67,116,100,52,113,8" hai1="56,126,35,32,0,66,119,9,16,27,63,127,109" hai2="83,77,112,31,122,47,118,106,57,81,46,117,95" hai3="85,104,21,55,54,28,33,26,29,96,111,86,7"/><T124/><D113/><U3/><E119/><N who="2" m="45579" /><F112/><W88/><G111/><T71/><D116/><U41/><E109/><V73/><F106/><W93/><G7/><T130/><D108/><U76/><E41/><V20/><F83/><W15/><G104/><T4/><D17/><U125/><E76/><V50/><F95/><W92/><G86/><T68/><D124/><U34/><E27/><N who="2" m="16871" /><F122/><W99/><G85/><T133/><D133/><U79/><E79/><V94/><F94/><W114/><G114/><T1/><D11/><U40/><E40/><V6/><F6/><W120/><G120/><T121/><D121/><U51/><E51/><V91/><F91/><W25/><REACH who="3" step="1"/><G15/><AGARI ba="0,0" hai="0,3,9,15,16,32,34,35,56,63,66,125,126,127" machi="15" ten="50,6400,0" yaku="18,1,52,1,54,1" doraHai="53" who="1" fromWho="3" sc="250,0,250,64,250,0,250,-64" /><INIT seed="1,0,0,0,3,58" ten="250,314,250,186" oya="1" hai0="23,15,21,27,110,107,61,83,10,37,111,18,6" hai1="85,108,53,96,7,51,126,4,68,134,69,98,29" hai2="67,113,52,129,105,13,49,116,81,28,120,122,125" hai3="66,0,59,65,55,77,127,39,124,33,62,30,123"/><U2/><E126/><N who="3" m="48170" /><G0/><T42/><D107/><U40/><E134/><V70/><F105/><W135/><G77/><T19/><D83/><U75/><E75/><V86/><F125/><W80/><G80/><T87/><D87/><U109/><E40/><V88/><F28/><W114/><G30/><T102/><D102/><U47/><E85/><V38/><F38/><W1/><G1/><T95/><D95/><U64/><E29/><V17/><F116/><W8/><G8/><T56/><D42/><U48/><E48/><V9/><F129/><W31/><G31/><T106/><D106/><U92/><E2/><V12/><F12/><W93/><G93/><T91/><D91/><U34/><E34/><V43/><F43/><W100/><G100/><T90/><D90/><U63/><E69/><V5/><F5/><N who="1" m="2121" /><E92/><V99/><F99/><W82/><G82/><T22/><D37/><U11/><E11/><V44/><F113/><W119/><G33/><T74/><D74/><U101/><E101/><V3/><F3/><W132/><G39/><T117/><D117/><U118/><E118/><V73/><F73/><W57/><G119/><T103/><D103/><U54/><E54/><V72/><F72/><W128/><G114/><T104/><D104/><U26/><E26/><V41/><F41/><W45/><G123/><T50/><D50/><U60/><E60/><AGARI ba="0,0" hai="9,13,17,44,49,52,60,67,70,81,86,88,120,122" machi="60" ten="40,8000,1" yaku="25,2,52,1,54,2" doraHai="58" who="2" fromWho="1" sc="250,0,314,-80,250,80,186,0" /><INIT seed="2,0,0,1,3,134" ten="250,234,330,186" oya="2" hai0="18,26,37,41,13,105,6,116,0,96,35,54,55" hai1="86,107,83,112,122,126,109,30,16,115,38,61,84" hai2="117,2,20,11,14,90,88,19,70,72,31,56,9" hai3="124,94,93,46,118,45,40,8,1,57,101,77,79"/><V44/><F72/><W113/><G118/><T89/><D41/><U12/><E107/><V78/><F117/><W108/><G108/><T23/><D37/><U100/><E38/><V99/><F70/><W63/><G113/><T95/><D105/><U15/><E100/><V81/><F2/><W32/><G32/><T80/><D116/><U29/><E109/><V48/><F56/><W74/><G101/><T66/><D66/><U123/><E61/><V67/><F67/><W36/><G46/><T47/><D47/><U27/><E126/><V131/><F131/><W17/><G124/><T10/><D80/><U125/><E125/><V85/><F31/><AGARI ba="0,0" hai="0,6,10,13,18,23,26,31,35,54,55,89,95,96" machi="31" ten="40,2600,0" yaku="24,2" doraHai="134" who="0" fromWho="2" sc="250,26,234,0,330,-26,186,0" /><INIT seed="3,0,0,5,2,67" ten="276,234,304,186" oya="3" hai0="75,110,60,77,41,109,57,7,108,101,134,62,63" hai1="33,69,76,37,21,94,58,49,1,97,16,99,118" hai2="128,92,130,32,122,23,105,12,100,31,8,90,87" hai3="39,44,22,98,24,52,34,74,83,29,135,96,64"/><W124/><G135/><T50/><D101/><U4/><E37/><V104/><F122/><W66/><G124/><T80/><D134/><U54/><E33/><V111/><F32/><W73/><G34/><T102/><D102/><U9/><E118/><V2/><F111/><W131/><G131/><N who="2" m="50217" /><F100/><W15/><G39/><T56/><D7/><U17/><E69/><V129/><F129/><W25/><G15/><T61/><N who="0" m="15360" /><DORA hai="0" /><T106/><D106/><N who="2" m="41066" /><F2/><W40/><G40/><T55/><REACH who="0" step="1"/><D41/><REACH who="0" ten="266,234,304,186" step="2"/><U19/><E76/><V84/><F31/><W116/><G116/><T72/><D72/><U27/><REACH who="1" step="1"/><E94/><REACH who="1" ten="266,224,304,186" step="2"/><V119/><F119/><W91/><G66/><T78/><D78/><U82/><E82/><V48/><F92/><W20/><G64/><T51/><D51/><U14/><E14/><V127/><F48/><N who="3" m="28679" /><G74/><T88/><D88/><U86/><E86/><V28/><F90/><W125/><G73/><T120/><D120/><U10/><E10/><V68/><F68/><W93/><G83/><T18/><D18/><AGARI ba="0,2" hai="1,4,9,16,17,18,19,21,27,49,54,58,97,99" machi="18" ten="40,5200,0" yaku="1,1,52,1,54,1,53,0" doraHai="67,0" doraHaiUra="11,115" who="1" fromWho="0" sc="266,-52,224,72,304,0,186,0" owari="214,-18.6,296,9.6,304,40.4,186,-31.4" /></mjloggm>