<mjloggm ver="2.3"><GO type="225" lobby="0"/><UN n0="%E6%B7%91%E5%A5%B3%E3%81%AE%E5%97%9C%E3%81%BF" n1="%E6%B8%A9%E2%98%85%E6%83%85%E2%98%85%E6%8E%AA%E2%98%85%E7%BD%AE" n2="%E3%81%BF%E3%81%BF%E3%81%9A" n3="%E7%8C%AA%E7%8B%A9%E5%AE%88" dan="16,17,18,17" rate="2106.50,2194.41,2261.66,2172.28" sx="M,M,M,M"/><TAIKYOKU oya="0"/><INIT seed="0,0,0,0,0,85" ten="250,250,250,250" oya="0" hai0="101,75,108,91,5,116,98,70,43,53,48,133,74" hai1="9,92,132,86,36,102,31,83,29,78,122,115,90" hai2="18,38,123,21,7,46,14,6,35,37,8,100,97" hai3="89,1,42,124,15,62,55,128,57,10,2,112,84"/><T69/><D116/><U134/><E36/><V117/><F123/><W88/><G112/><T120/><D120/><U24/><E122/><V73/><F73/><W16/><G42/><T87/><D133/><N who="1" m="51307" /><E115/><V71/><F117/><W54/><G124/><T80/><D43/><U50/><E102/><V44/><F71/><W65/><G128/><T104/><D108/><U13/><E50/><V106/><F35/><W3/><REACH who="3" step="1"/><G89/><REACH who="3" ten="250,250,250,240" step="2"/><T63/><D5/><N who="1" m="3247" /><E24/><V121/><F121/><W135/><G135/><T76/><D63/><U59/><E59/><V58/><F58/><W41/><G41/><T12/><D12/><U113/><E113/><V4/><F38/><W105/><G105/><T67/><D70/><U56/><E56/><V79/><F37/><W99/><G99/><AGARI ba="0,1" hai="29,31,78,83,86,90,92,99" m="3247,51307" machi="99" ten="30,2000,0" yaku="20,1,52,1" doraHai="85" who="1" fromWho="3" sc="250,0,250,30,250,0,240,-20" /><INIT seed="1,0,0,4,0,134" ten="250,280,250,220" oya="1" hai0="14,111,68,34,93,41,103,59,84,13,126,73,81" hai1="40,31,133,132,48,19,129,86,107,75,114,5,110" hai2="85,44,74,102,3,101,119,63,128,87,88,33,38" hai3="43,8,11,92,91,27,9,100,109,67,70,77,24"/><U7/><E75/><V60/><F74/><W104/><G109/><T118/><D68/><U69/><E114/><V96/><F33/><W130/><G130/><T80/><D118/><U25/><E107/><V125/><F3/><W127/><G127/><T122/><D111/><U135/><E69/><V29/><F119/><W57/><G70/><T4/><D34/><U37/><E110/><V131/><F29/><W116/><G116/><T106/><D122/><U30/><E37/><V65/><F38/><W12/><G77/><T89/><D41/><U6/><E86/><V105/><F44/><W35/><G35/><T62/><D126/><U53/><E40/><V16/><F125/><W120/><G120/><T36/><D36/><U79/><E79/><V76/><F102/><W82/><G82/><T28/><D28/><U15/><E25/><N who="3" m="9802" /><G104/><T49/><D80/><U71/><E71/><V32/><F32/><W55/><G100/><T50/><D106/><U1/><E1/><V97/><F76/><W113/><G67/><N who="0" m="39391" /><D73/><U123/><E129/><N who="2" m="49739" /><F65/><W121/><G43/><T83/><D103/><U47/><REACH who="1" step="1"/><E123/><REACH who="1" ten="250,270,250,220" step="2"/><V58/><F85/><N who="3" m="52335" /><G113/><T95/><D95/><U94/><E94/><N who="2" m="56391" /><F87/><W54/><G121/><T18/><D93/><U51/><E51/><V26/><F63/><N who="3" m="36279" /><G55/><T124/><D124/><U45/><E45/><V98/><F97/><W10/><G10/><AGARI ba="0,1" hai="5,6,7,10,15,19,30,31,47,48,53,132,133,135" machi="10" ten="50,4800,0" yaku="1,1,20,1,53,0" doraHai="134" doraHaiUra="56" who="1" fromWho="3" sc="250,0,270,58,250,0,220,-48" /><INIT seed="1,1,0,1,1,2" ten="250,328,250,172" oya="1" hai0="80,18,124,107,61,98,71,45,110,84,96,120,46" hai1="102,127,64,135,47,41,132,39,57,60,22,86,68" hai2="43,119,121,50,113,59,6,28,78,92,36,117,1" hai3="23,7,114,54,85,10,125,35,76,34,58,133,29"/><U79/><E102/><V49/><F28/><W99/><G114/><T93/><D110/><U67/><E22/><V42/><F92/><W40/><G133/><N who="1" m="51274" /><E79/><V56/><F78/><W4/><G125/><T77/><D124/><U26/><E86/><V48/><F121/><W87/><G40/><T8/><D120/><U5/><E26/><V51/><F113/><W9/><G34/><T116/><D116/><U0/><E127/><V72/><F72/><W32/><G32/><T44/><D107/><U118/><E118/><V94/><F94/><W13/><G35/><T73/><D73/><U52/><E68/><V122/><F122/><W63/><G99/><T38/><D96/><U3/><E3/><V123/><F123/><W14/><G76/><T74/><D74/><U24/><E24/><AGARI ba="1,0" hai="4,7,9,10,13,14,23,24,29,54,58,63,85,87" machi="24" ten="40,8000,1" yaku="9,1,8,1,52,2" doraHai="2" who="3" fromWho="1" sc="250,0,328,-83,250,0,172,83" /><INIT seed="2,0,0,3,0,130" ten="250,245,250,255" oya="2" hai0="84,32,97,59,115,45,110,101,69,4,25,68,94" hai1="123,21,125,108,127,57,46,0,92,44,75,18,76" hai2="86,116,72,119,111,20,65,105,51,53,15,63,50" hai3="12,39,71,133,100,87,8,132,90,80,29,135,122"/><V67/><F72/><W95/><G71/><T98/><D115/><U118/><E118/><V88/><F105/><W27/><G39/><T41/><D110/><U42/><E0/><V11/><F119/><W17/><G122/><T62/><D84/><U112/><E112/><V64/><F116/><W89/><G100/><T23/><D4/><U120/><E108/><V113/><F113/><W38/><G38/><T19/><D32/><U35/><E35/><V79/><F111/><W1/><G1/><T114/><D114/><U37/><E57/><N who="2" m="35247" /><F20/><N who="3" m="15591" /><G95/><T117/><D98/><U134/><E46/><V24/><F79/><AGARI ba="0,0" hai="8,12,17,79,80,87,89,90,132,133,135" m="15591" machi="79" ten="30,7700,0" yaku="20,1,52,3" doraHai="130" who="3" fromWho="2" sc="250,0,245,0,250,-77,255,77" /><INIT seed="3,0,0,2,2,92" ten="250,245,173,332" oya="3" hai0="106,99,11,102,46,103,129,67,96,12,47,79,59" hai1="32,83,75,26,128,125,131,63,97,132,51,130,55" hai2="64,82,121,53,25,40,33,37,111,68,41,0,58" hai3="42,109,31,49,104,119,34,35,93,6,56,87,24"/><W81/><G104/><T117/><D117/><U114/><E114/><V113/><F0/><W38/><G38/><T91/><D129/><U85/><E132/><V43/><F82/><W57/><G119/><T115/><D115/><U2/><E125/><V80/><F113/><W122/><G122/><T89/><D79/><U108/><E108/><V21/><F33/><W110/><G35/><T77/><D77/><N who="1" m="44479" /><E2/><V72/><F111/><N who="3" m="42507" /><G93/><T86/><D67/><U8/><E8/><V44/><F80/><W105/><G105/><T124/><D59/><N who="1" m="33279" /><E97/><V71/><F72/><W88/><G6/><T19/><D124/><U118/><E85/><V60/><F121/><W14/><G14/><T98/><D89/><U66/><E118/><V78/><F78/><W54/><G42/><N who="2" m="16489" /><F21/><W1/><G1/><T5/><D5/><U3/><E3/><V9/><F9/><W48/><G56/><T29/><D29/><U95/><E95/><V94/><F94/><W10/><G10/><T61/><D106/><U135/><E135/><V18/><F18/><W20/><G49/><T123/><D123/><U52/><E32/><V13/><F13/><W50/><G48/><T133/><D133/><U134/><E134/><V90/><F90/><W28/><G34/><T17/><D17/><AGARI ba="0,0" hai="17,20,24,28,31,50,54,57,81,87,88" m="42507" machi="17" ten="30,5800,0" yaku="14,1,10,1,54,1" doraHai="92" who="3" fromWho="0" sc="250,-58,245,0,173,0,332,58" owari="192,-20.8,245,4.5,173,-32.7,390,49.0" /></mjloggm>