<mjloggm ver="2.3"><GO type="225" lobby="0"/><UN n0="%E5%A4%8F%E9%88%B4%E9%88%B4%E5%A4%8F" n1="%E6%98%93%E5%88%A9%E8%96%A9%E4%BC%AF" n2="%E5%8D%A0%E3%81%84%E5%B8%AB%E8%A3%8F%E3%81%AA%E3%81%84%E3%81%97" n3="%E3%81%AF%E3%82%88%E3%81%8A%E3%81%98%E3%81%95%E3%82%93" dan="16,17,17,17" rate="2164.66,2136.90,2243.96,2151.96" sx="F,F,M,M"/><TAIKYOKU oya="0"/><INIT seed="0,0,0,3,0,112" ten="250,250,250,250" oya="0" hai0="2,60,18,116,56,98,111,70,135,52,9,108,95" hai1="78,37,113,132,64,80,31,51,63,61,90,100,28" hai2="73,57,34,44,68,6,121,58,106,26,99,114,125" hai3="54,82,25,49,119,117,24,101,107,39,93,41,83"/><T96/><D116/><U89/><E37/><V79/><F121/><W85/><G39/><T74/><D74/><U129/><E113/><V32/><F68/><W0/><G0/><T134/><D70/><U120/><E120/><V67/><F114/><W97/><G41/><T127/><D127/><U53/><E132/><N who="0" m="50729" /><D18/><U77/><E100/><V3/><F125/><W75/><G24/><T35/><D35/><U11/><E11/><V33/><F26/><W94/><G25/><T71/><D71/><U27/><E78/><V115/><F115/><W103/><G54/><T10/><D2/><U13/><E13/><V50/><F67/><W47/><G47/><T72/><D72/><U15/><E15/><V105/><F79/><N who="3" m="44415" /><G49/><T20/><D20/><U17/><E17/><V126/><F73/><W133/><G133/><T59/><D59/><U4/><E4/><V86/><F126/><W87/><G87/><T128/><D128/><U36/><E36/><V55/><F86/><W45/><G45/><T88/><D98/><U8/><E8/><AGARI ba="0,0" hai="8,9,10,52,56,60,88,95,96,108,111" m="50729" machi="8" ten="30,5800,0" yaku="20,1,54,2" doraHai="112" who="0" fromWho="1" sc="250,58,250,-58,250,0,250,0" /><INIT seed="0,1,0,5,0,123" ten="308,192,250,250" oya="0" hai0="13,122,71,26,59,57,113,84,99,4,9,7,19" hai1="101,105,3,133,104,70,49,5,106,62,28,80,36" hai2="77,63,58,111,32,132,120,90,124,97,15,43,75" hai3="119,93,82,118,8,14,33,68,0,76,66,73,61"/><T95/><D122/><U135/><E49/><V50/><F120/><W128/><G128/><T60/><D113/><U126/><E80/><V102/><F32/><W112/><G112/><T131/><D131/><U2/><E101/><V38/><F38/><W96/><G0/><N who="1" m="42" /><E36/><V47/><F132/><N who="1" m="50761" /><E5/><V11/><F75/><W51/><G33/><T17/><D71/><U78/><E78/><V103/><F77/><W27/><G27/><T18/><D59/><U6/><E6/><N who="0" m="2089" /><D84/><U98/><E28/><V48/><F102/><W67/><G66/><N who="0" m="39183" /><D26/><U20/><E20/><V44/><F58/><W45/><G14/><T46/><D46/><U87/><E87/><V74/><F15/><W79/><G8/><T83/><D83/><U88/><E126/><V115/><F44/><W81/><G93/><T55/><D55/><U94/><E62/><V34/><F63/><W52/><REACH who="3" step="1"/><G96/><REACH who="3" ten="308,192,250,240" step="2"/><T114/><D114/><U56/><E70/><V72/><F115/><W134/><G134/><T91/><AGARI ba="1,1" hai="9,13,17,18,19,91,95,99" m="39183,2089" machi="91" ten="30,1500,0" yaku="8,1" doraHai="123" who="0" fromWho="0" sc="308,28,192,-6,250,-6,240,-6" /><INIT seed="0,2,0,3,4,52" ten="336,186,244,234" oya="0" hai0="100,20,61,55,66,93,101,74,54,62,134,114,57" hai1="71,46,53,24,98,96,34,109,131,6,3,68,89" hai2="88,127,0,36,86,108,27,128,135,17,99,11,69" hai3="31,29,51,120,111,56,43,82,67,76,78,121,122"/><T8/><D114/><U16/><E109/><V85/><F108/><W117/><G111/><T81/><D134/><U106/><E131/><V87/><F135/><W107/><G117/><T21/><D8/><U75/><E75/><V9/><F69/><W45/><G107/><T33/><D33/><U129/><E129/><V5/><F36/><W60/><REACH who="3" step="1"/><G76/><REACH who="3" ten="336,186,244,224" step="2"/><T47/><D74/><AGARI ba="2,1" hai="29,31,43,45,51,56,60,67,74,78,82,120,121,122" machi="74" ten="40,8000,1" yaku="1,1,2,1,13,1,52,1,53,0" doraHai="52" doraHaiUra="80" who="3" fromWho="0" sc="336,-86,186,0,244,0,224,96" /><INIT seed="1,0,0,5,0,108" ten="250,186,244,320" oya="1" hai0="107,106,3,13,64,39,62,90,75,83,25,119,31" hai1="120,63,72,33,95,115,104,58,82,45,51,55,34" hai2="98,126,101,133,73,89,65,129,40,56,125,122,97" hai3="67,43,5,60,26,8,127,49,36,61,99,14,68"/><U54/><E120/><V32/><F32/><W130/><G36/><T35/><D119/><U93/><E104/><V50/><F122/><W21/><G127/><N who="2" m="48649" /><F73/><W66/><G130/><T105/><D3/><U114/><E34/><V70/><F129/><W80/><G80/><T112/><D39/><U0/><E0/><V86/><F133/><W52/><G43/><T123/><D112/><U124/><E33/><V7/><F7/><W9/><G9/><T88/><D13/><U11/><E11/><V102/><F70/><W84/><G84/><T59/><REACH who="0" step="1"/><D123/><REACH who="0" ten="240,186,244,320" step="2"/><U131/><E124/><V69/><F69/><W20/><G68/><T118/><D118/><U113/><REACH who="1" step="1"/><E131/><REACH who="1" ten="240,176,244,320" step="2"/><V48/><F102/><W100/><G100/><T128/><D128/><U41/><E41/><V4/><F40/><W19/><G8/><T29/><D29/><U91/><E91/><V77/><F101/><W79/><G5/><T132/><D132/><U87/><E87/><V42/><F42/><W15/><G19/><T103/><D103/><U23/><E23/><V18/><F18/><W12/><G20/><T78/><AGARI ba="0,2" hai="25,31,35,59,62,64,75,78,83,88,90,105,106,107" machi="78" ten="40,5200,0" yaku="1,1,0,1,54,1,53,0" doraHai="108" doraHaiUra="117" who="0" fromWho="0" sc="240,72,176,-26,244,-13,320,-13" /><INIT seed="2,0,0,2,3,56" ten="312,150,231,307" oya="2" hai0="111,108,9,38,84,130,2,72,121,101,33,109,110" hai1="90,15,41,1,17,91,134,65,78,120,64,27,30" hai2="34,100,57,102,116,132,127,122,49,23,5,4,62" hai3="12,36,75,50,44,7,71,20,39,19,103,53,55"/><V60/><F116/><W58/><G75/><T88/><D121/><U85/><E1/><V97/><F122/><W14/><G71/><T123/><D123/><U112/><E134/><V37/><F37/><W77/><G77/><T76/><D33/><U16/><E112/><V89/><F34/><W69/><G69/><T40/><D130/><U25/><E41/><V8/><F132/><W47/><G103/><N who="2" m="39465" /><F127/><W0/><G0/><T21/><D101/><U6/><E120/><V43/><F23/><W10/><REACH who="3" step="1"/><G47/><REACH who="3" ten="312,150,231,297" step="2"/><T61/><D111/><U51/><E78/><V79/><F79/><W118/><G118/><T129/><D110/><U54/><E6/><V131/><F131/><W106/><G106/><T59/><D109/><U45/><E91/><V63/><F8/><W92/><G92/><T73/><D76/><U26/><E30/><V24/><F57/><W115/><G115/><T52/><D108/><U117/><E117/><V18/><F18/><W119/><G119/><T42/><D129/><U135/><E135/><V128/><F128/><W126/><G126/><T70/><D70/><U133/><E133/><V31/><F31/><W46/><G46/><T3/><D73/><U86/><E17/><V80/><F80/><W114/><G114/><T48/><D72/><U93/><REACH who="1" step="1"/><E86/><REACH who="1" ten="312,140,231,297" step="2"/><V124/><F124/><W82/><G82/><T105/><D84/><U81/><E81/><V67/><F4/><W11/><G11/><AGARI ba="0,2" hai="11,15,16,25,26,27,45,51,54,64,65,85,90,93" machi="11" ten="40,5200,0" yaku="1,1,8,1,54,1,53,0" doraHai="56" doraHaiUra="99" who="1" fromWho="3" sc="312,0,140,72,231,0,297,-52" /><INIT seed="3,0,0,0,0,110" ten="312,212,231,245" oya="3" hai0="122,54,81,44,62,51,57,126,79,5,87,112,121" hai1="94,35,92,70,12,101,88,29,67,118,7,83,39" hai2="30,33,60,37,99,74,130,64,0,18,2,135,27" hai3="34,40,117,86,100,10,90,55,103,120,95,9,13"/><W80/><G117/><T50/><D112/><U75/><E39/><V1/><F74/><W128/><G120/><T14/><D126/><U52/><E118/><V113/><F130/><W91/><G34/><T59/><D59/><U49/><E70/><N who="2" m="42247" /><F18/><W58/><G40/><T17/><D5/><U106/><E106/><V109/><F109/><W15/><G128/><T98/><D98/><U111/><E111/><V3/><F135/><W61/><G15/><T125/><D125/><U119/><E119/><V48/><F48/><W77/><G9/><T97/><D97/><N who="1" m="57479" /><E75/><V85/><F85/><N who="3" m="52687" /><G91/><T82/><D82/><U129/><E35/><V32/><F113/><W25/><G25/><T45/><D51/><U46/><E129/><V104/><F32/><W89/><G89/><T26/><D26/><U42/><E67/><V11/><F0/><W66/><G66/><T134/><D134/><U6/><E83/><V20/><F20/><W24/><G24/><T102/><D102/><U8/><E29/><V56/><F37/><W73/><G73/><T96/><D122/><U76/><E76/><V28/><F28/><W115/><G115/><T71/><D121/><U38/><E38/><V65/><F65/><W131/><G131/><T4/><D71/><U19/><E42/><V114/><F114/><W78/><G77/><T36/><D36/><U93/><E101/><N who="2" m="62527" /><F56/><W69/><G69/><T72/><D72/><U16/><E19/><AGARI ba="0,0" hai="10,13,19,55,58,61,78,80,86,100,103" m="52687" machi="19" ten="30,1500,0" yaku="8,1" doraHai="110" who="3" fromWho="1" sc="312,0,212,-15,231,0,245,15" /><INIT seed="3,1,0,1,0,75" ten="312,197,231,260" oya="3" hai0="88,44,113,45,41,106,87,51,55,105,65,39,69" hai1="8,79,117,58,119,48,64,83,36,93,135,28,134" hai2="85,0,31,6,11,121,110,68,12,77,13,115,92" hai3="81,47,17,27,112,29,52,71,59,42,63,35,23"/><W89/><G112/><T53/><D113/><U14/><E36/><V33/><F115/><W128/><G128/><T103/><D103/><U67/><E28/><V78/><F68/><W98/><G71/><T18/><D65/><U109/><E93/><V111/><F121/><W86/><G98/><T123/><D123/><U127/><E109/><N who="2" m="41483" /><F33/><W125/><G125/><T22/><D55/><U104/><E104/><V21/><F31/><W126/><G126/><T30/><D30/><U124/><E124/><V19/><F0/><W131/><G131/><T50/><D69/><U62/><E127/><V99/><F85/><W40/><G47/><T90/><D90/><AGARI ba="1,0" hai="6,11,12,13,19,21,77,78,90,92,99" m="41483" machi="90" ten="30,3900,0" yaku="14,1,52,2" doraHai="75" who="2" fromWho="0" sc="312,-42,197,0,231,42,260,0" /><INIT seed="4,0,0,3,3,91" ten="270,197,273,260" oya="0" hai0="33,76,42,103,79,16,85,108,118,28,12,68,0" hai1="44,71,78,99,19,39,110,66,102,20,55,40,34" hai2="58,9,104,30,80,1,53,101,60,96,94,75,8" hai3="130,48,38,114,109,5,7,106,117,59,49,124,82"/><T125/><D118/><U93/><E110/><V51/><F1/><W120/><G109/><T26/><D68/><U87/><E34/><V50/><F30/><W63/><G117/><T23/><D108/><U88/><E55/><V11/><F104/><W83/><G38/><T24/><D125/><U2/><E2/><V121/><F121/><W116/><G106/><T35/><D0/><U77/><E66/><V131/><F131/><W3/><G116/><T41/><D103/><U129/><E71/><V45/><F75/><W67/><G3/><T64/><D64/><U21/><E129/><V92/><F80/><N who="3" m="30763" /><G130/><T89/><D26/><U95/><E21/><V97/><F45/><W27/><G114/><T119/><D35/><U62/><E62/><V74/><F74/><W43/><G124/><T134/><D134/><U122/><E122/><V115/><F115/><W105/><G105/><T52/><D52/><U17/><E17/><V72/><F72/><W132/><G132/><T98/><D98/><U128/><E128/><V32/><F32/><W46/><G120/><T22/><D33/><U70/><E70/><V133/><F133/><W111/><G111/><T81/><D119/><U90/><E102/><AGARI ba="0,0" hai="8,9,11,50,51,53,58,60,92,94,96,97,101,102" machi="102" ten="40,8000,1" yaku="9,1,8,1,52,2" doraHai="91" who="2" fromWho="1" sc="270,0,197,-80,273,80,260,0" owari="270,7.0,117,-38.3,353,45.3,260,-14.0" /></mjloggm>