<mjloggm ver="2.3"><GO type="225" lobby="0"/><UN n0="%E6%A1%9C%E8%8A%B1%E9%96%83%E3%80%85" n1="%E6%A1%9C%E6%B2%A2%E5%A2%A8" n2="%E3%82%89%E3%81%84%E3%81%B5%E3%81%8C%E3%83%BC%E3%81%A9%E3%81%99%E3%81%8D" n3="%E9%BB%99%E8%81%B4%E3%81%AE%E3%81%99%E3%82%9D%E3%82%81" dan="16,17,17,16" rate="2119.23,2167.66,2129.61,2128.40" sx="M,F,M,M"/><TAIKYOKU oya="0"/><INIT seed="0,0,0,2,2,47" ten="250,250,250,250" oya="0" hai0="32,114,22,19,50,8,87,34,56,107,57,122,77" hai1="49,108,118,76,96,85,75,117,66,44,3,24,0" hai2="109,84,51,88,123,31,11,1,94,124,33,58,12" hai3="92,45,127,131,81,101,29,78,104,69,4,6,25"/><T121/><D107/><U16/><E75/><V134/><F123/><W14/><G131/><T42/><D114/><U15/><E108/><V54/><F109/><W86/><G127/><T65/><D32/><U68/><E24/><V30/><F124/><W73/><G69/><T38/><D34/><U39/><E39/><V28/><F1/><W41/><G14/><N who="0" m="7623" /><D38/><U83/><E96/><V61/><F134/><W115/><G104/><T23/><D122/><U90/><E76/><V2/><F2/><W18/><G18/><T74/><D74/><U93/><E93/><V129/><F129/><W128/><G115/><T26/><D65/><U113/><E113/><V36/><F36/><W48/><G128/><T53/><D42/><U103/><E103/><V100/><F100/><W46/><G46/><N who="0" m="27863" /><D22/><U13/><E3/><V52/><F33/><W40/><G40/><T20/><D23/><U112/><E0/><V98/><F98/><N who="3" m="59591" /><G73/><T71/><D71/><U17/><E112/><V63/><F54/><W64/><G64/><T130/><D130/><U79/><E68/><V59/><F59/><W70/><G70/><T106/><D106/><U7/><E66/><V82/><REACH who="2" step="1"/><F94/><REACH who="2" ten="250,250,240,250" step="2"/><W60/><G60/><T126/><D126/><U91/><E118/><V67/><F67/><W116/><G116/><T135/><D135/><U111/><E117/><V21/><F21/><AGARI ba="0,1" hai="4,6,21,25,29,41,45,48,78,81,86" m="59591" machi="21" ten="30,2000,0" yaku="8,1,52,1" doraHai="47" who="3" fromWho="2" sc="250,0,250,0,240,-20,250,30" /><INIT seed="1,0,0,3,1,112" ten="250,250,220,280" oya="1" hai0="116,126,71,129,33,135,15,12,84,66,118,130,75" hai1="105,91,111,32,16,120,11,103,69,104,49,98,5" hai2="27,22,51,95,40,101,113,21,23,108,127,89,132" hai3="4,45,77,83,114,78,119,54,24,65,30,38,128"/><U37/><E120/><V25/><F113/><W86/><G114/><T59/><D71/><U76/><E37/><V109/><F127/><W122/><G122/><T43/><D75/><U99/><E69/><V47/><F101/><W20/><G128/><N who="0" m="49259" /><D135/><U8/><E32/><V2/><F2/><W13/><G65/><T48/><D126/><U61/><E76/><V115/><F132/><W81/><G119/><N who="0" m="45611" /><D33/><U85/><E61/><V64/><F64/><W110/><G110/><N who="2" m="42601" /><F115/><W96/><G96/><AGARI ba="0,0" hai="21,22,23,25,27,40,47,51,89,95,96" m="42601" machi="96" ten="30,1000,0" yaku="14,1" doraHai="112" who="2" fromWho="3" sc="250,0,250,0,220,10,280,-10" /><INIT seed="2,0,0,2,5,123" ten="250,250,230,270" oya="2" hai0="11,62,101,128,42,66,69,43,130,47,21,81,126" hai1="55,86,113,134,28,110,72,10,106,103,68,15,52" hai2="57,49,40,19,20,129,74,100,30,131,105,132,73" hai3="50,112,120,12,93,107,95,16,121,78,60,71,61"/><V92/><F105/><W5/><G107/><T102/><D126/><U90/><E113/><V94/><F30/><W9/><G112/><T59/><D21/><U53/><E72/><N who="2" m="27755" /><F132/><W37/><G37/><N who="0" m="21967" /><D43/><U118/><E118/><V29/><F29/><W67/><G78/><T91/><D11/><U25/><E68/><V115/><F100/><W104/><G104/><T56/><D81/><U117/><E117/><V135/><F135/><W70/><G50/><T36/><D91/><U75/><E75/><V98/><F98/><W39/><G39/><T2/><D2/><U125/><E134/><V7/><F7/><W23/><G121/><T84/><D84/><U3/><E125/><V89/><F89/><W32/><G32/><T22/><D22/><U18/><E3/><V77/><F77/><W63/><G120/><T41/><D102/><U38/><E38/><V64/><F115/><W116/><G116/><T97/><D97/><U124/><E124/><V46/><F20/><W85/><G85/><T99/><D101/><U87/><E103/><V122/><F122/><W51/><G51/><T14/><D14/><U79/><E106/><V109/><F19/><W1/><REACH who="3" step="1"/><G61/><REACH who="3" ten="250,250,230,260" step="2"/><T83/><D99/><U58/><E79/><V108/><F94/><W4/><G4/><T31/><D83/><U76/><E76/><V48/><F92/><W111/><G111/><N who="2" m="42569" /><F48/><W24/><G24/><T119/><D119/><U54/><E110/><V33/><F33/><W35/><G35/><T45/><D31/><U80/><N who="1" m="13312" /><DORA hai="13" /><U114/><E114/><V6/><F6/><W17/><G17/><RYUUKYOKU ba="0,1" sc="250,10,250,-30,230,10,260,10" hai0="36,41,45,56,59,62,66,69,128,130" hai2="40,46,49,57,64,129,131" hai3="1,5,9,12,16,23,60,63,67,70,71,93,95" /><INIT seed="2,1,1,3,0,12" ten="260,220,240,270" oya="2" hai0="116,27,48,103,11,93,96,42,47,86,63,55,122" hai1="24,29,5,15,128,70,51,45,19,65,8,120,4" hai2="6,95,107,84,17,112,133,77,92,39,44,129,59" hai3="132,14,106,89,118,58,102,135,20,0,13,114,100"/><V97/><F112/><W99/><G118/><T46/><D122/><U90/><E120/><V109/><F6/><W40/><G0/><T64/><D116/><U38/><E38/><V108/><F129/><W49/><G114/><T88/><D11/><U52/><E128/><V72/><F72/><W33/><G33/><T1/><D1/><U28/><E70/><V25/><F133/><N who="3" m="51275" /><G102/><T87/><D27/><U66/><E28/><V60/><F107/><W22/><G89/><T91/><D91/><U101/><E101/><V104/><F104/><W130/><G130/><T110/><D110/><N who="2" m="42602" /><F97/><W62/><G49/><T127/><D127/><U98/><E4/><V74/><F74/><W36/><G40/><T31/><D31/><U54/><E5/><V82/><F39/><W79/><G79/><T115/><D115/><U21/><E54/><N who="2" m="33911" /><F44/><W32/><G32/><T53/><D47/><U73/><E73/><V121/><F121/><W131/><G36/><T94/><REACH who="0" step="1"/><D86/><REACH who="0" ten="250,220,240,270" step="2"/><U41/><E41/><V111/><F111/><W125/><G125/><T134/><D134/><U43/><E43/><V7/><F7/><W78/><G131/><T30/><D30/><U23/><E8/><V81/><F81/><W124/><G124/><T80/><D80/><U2/><E2/><V69/><F82/><W68/><G78/><T71/><AGARI ba="1,2" hai="42,46,48,53,55,63,64,71,87,88,93,94,96,103" machi="71" ten="20,5200,0" yaku="1,1,0,1,7,1,54,1,53,0" doraHai="12" doraHaiUra="9" who="0" fromWho="0" sc="250,75,220,-14,240,-27,270,-14" /><INIT seed="3,0,0,0,2,96" ten="325,206,213,256" oya="3" hai0="103,26,80,36,125,113,38,77,1,63,23,52,17" hai1="14,18,6,10,89,76,42,35,3,111,81,126,58" hai2="70,37,55,104,41,49,71,124,57,117,78,112,13" hai3="82,2,133,99,30,66,25,7,83,5,59,34,107"/><W116/><G116/><T19/><D1/><U118/><E35/><V122/><F104/><W105/><G133/><T60/><D103/><U31/><E118/><V108/><F78/><W69/><G107/><T72/><D125/><U44/><E31/><V74/><F117/><W24/><G24/><T15/><D113/><U98/><E126/><V48/><F74/><W85/><G59/><T8/><REACH who="0" step="1"/><D52/><REACH who="0" ten="315,206,213,256" step="2"/><U45/><E111/><V27/><F108/><W54/><G54/><T12/><D12/><U101/><E101/><V110/><F110/><W64/><G2/><T106/><D106/><U40/><E40/><V120/><F124/><W91/><G66/><T43/><D43/><U9/><E42/><V4/><F112/><W132/><G132/><T100/><D100/><U46/><E58/><V47/><F27/><W16/><G64/><T92/><D92/><U134/><E134/><V94/><F94/><W87/><G105/><T75/><D75/><U109/><E109/><V86/><F71/><W123/><G25/><T67/><D67/><U73/><E45/><N who="2" m="23727" /><F70/><W93/><G69/><T95/><D95/><N who="1" m="56687" /><E46/><V102/><F102/><W135/><G135/><T88/><D88/><U50/><E44/><V28/><F122/><W79/><G123/><T90/><D90/><U115/><E115/><V97/><F120/><W29/><G91/><T129/><D129/><U51/><E3/><V130/><F130/><W84/><G93/><T33/><D33/><U20/><E6/><V32/><F97/><W0/><G99/><T21/><D21/><U22/><E20/><V56/><F32/><RYUUKYOKU ba="0,1" sc="315,15,206,15,213,-15,256,-15" hai0="8,15,17,19,23,26,36,38,60,63,72,77,80" hai1="9,10,14,18,22,50,51,73,76,81" owari="340,44.0,221,-17.9,198,-30.2,241,4.1" /></mjloggm>