<mjloggm ver="2.3"><GO type="225" lobby="0"/><UN n0="%E3%81%BF%E3%81%BF%E3%81%9A" n1="%E3%83%96%E3%83%83%E3%83%91%E3%82%AA%E3%83%96%E3%83%81%E3%82%AD%E3%83%B3" n2="%72%65%6E%6B%75%6E" n3="%E6%9C%88%E5%B3%B6%E5%9F%BA" dan="17,16,17,17" rate="2193.52,2176.04,2162.47,2182.48" sx="M,M,M,M"/><TAIKYOKU oya="0"/><INIT seed="0,0,0,1,1,6" ten="250,250,250,250" oya="0" hai0="78,90,132,27,54,83,89,57,68,94,104,110,117" hai1="105,64,124,49,126,28,61,59,82,106,35,18,58" hai2="71,42,22,60,80,72,134,52,133,3,1,102,70" hai3="129,55,23,45,11,2,111,86,74,108,91,101,87"/><T51/><D117/><U118/><E118/><V67/><F42/><W92/><G74/><T97/><D132/><N who="2" m="50794" /><F102/><W14/><G129/><T41/><D110/><N who="3" m="42025" /><G101/><T109/><D109/><U33/><E82/><V48/><F70/><W79/><G2/><T40/><D68/><U29/><E18/><V25/><F72/><W63/><G23/><T128/><D128/><U93/><E93/><V20/><F80/><N who="3" m="47391" /><G45/><T17/><D90/><U32/><E49/><V66/><F66/><W88/><G91/><T95/><D94/><U115/><E115/><V26/><F22/><W120/><G120/><T114/><D114/><U96/><E96/><V76/><F76/><W31/><G31/><T39/><D39/><U13/><E13/><V125/><F125/><N who="1" m="48233" /><E59/><N who="2" m="33159" /><F26/><W77/><G77/><T73/><D104/><AGARI ba="0,0" hai="28,29,32,33,35,58,61,64,104,105,106" m="48233" machi="104" ten="40,1300,0" yaku="18,1" doraHai="6" who="1" fromWho="0" sc="250,-13,250,13,250,0,250,0" /><INIT seed="1,0,0,4,1,93" ten="237,263,250,250" oya="1" hai0="65,44,95,21,89,108,135,7,64,41,66,97,4" hai1="85,106,40,53,62,79,127,81,115,72,37,99,74" hai2="101,119,94,123,29,49,118,92,121,133,70,98,113" hai3="125,0,124,28,110,63,5,32,3,42,45,10,59"/><U60/><E115/><V6/><F70/><W56/><G110/><T15/><D108/><U20/><E127/><N who="3" m="48714" /><G3/><T129/><D135/><U122/><E122/><N who="2" m="46603" /><F29/><W31/><G32/><T19/><REACH who="0" step="1"/><D129/><REACH who="0" ten="227,263,250,250" step="2"/><U50/><E37/><AGARI ba="0,1" hai="4,7,15,19,21,37,41,44,64,65,66,89,95,97" machi="37" ten="40,5200,0" yaku="1,1,2,1,52,1,53,0" doraHai="93" doraHaiUra="96" who="0" fromWho="1" sc="227,62,263,-52,250,0,250,0" /><INIT seed="2,0,0,1,0,113" ten="289,211,250,250" oya="2" hai0="21,68,135,70,99,95,34,40,125,117,57,78,80" hai1="5,103,75,126,108,53,45,89,33,121,8,2,20" hai2="127,91,11,86,94,12,22,16,64,26,96,97,98" hai3="36,18,130,62,85,69,39,29,19,25,7,51,42"/><V38/><F127/><W0/><G130/><T56/><D34/><U107/><E126/><V61/><F38/><W112/><G112/><T3/><D125/><U35/><E108/><V76/><F76/><W133/><G133/><T87/><D3/><U48/><E121/><V59/><REACH who="2" step="1"/><F98/><REACH who="2" ten="289,211,240,250" step="2"/><W101/><G39/><T14/><D135/><U109/><E109/><V31/><AGARI ba="0,1" hai="11,12,16,22,26,31,59,61,64,86,91,94,96,97" machi="31" ten="20,18000,2" yaku="1,1,2,1,0,1,7,1,8,1,54,1,53,0" doraHai="113" doraHaiUra="72" who="2" fromWho="2" sc="289,-60,211,-60,240,190,250,-60" /><INIT seed="2,1,0,5,4,24" ten="229,151,430,190" oya="2" hai0="128,35,118,17,48,2,127,63,116,30,121,62,9" hai1="124,8,50,12,94,22,11,119,131,92,74,72,96" hai2="73,58,23,51,100,3,110,6,44,59,89,80,117" hai3="88,36,7,27,53,20,4,95,39,25,111,113,40"/><V123/><F117/><N who="0" m="45162" /><D121/><U109/><E119/><V69/><F69/><W1/><G111/><T82/><D127/><U60/><E109/><V133/><F123/><W104/><G104/><T61/><D128/><U129/><E124/><V46/><F110/><W90/><G113/><T78/><D48/><U70/><E50/><V81/><F133/><W75/><G75/><N who="1" m="28714" /><E22/><V45/><F100/><W15/><G1/><T135/><D135/><U68/><E12/><V29/><F73/><W97/><G40/><T83/><D78/><U126/><E126/><V99/><F6/><W47/><G7/><N who="0" m="1271" /><D17/><U103/><E94/><N who="2" m="56783" /><F3/><W115/><G115/><T107/><D107/><U67/><E70/><V32/><F32/><W102/><G39/><T0/><D0/><U37/><E37/><V120/><F120/><W108/><G36/><T10/><D10/><U125/><E125/><V55/><F58/><W130/><G108/><T87/><D87/><U16/><E16/><V76/><F76/><W34/><G130/><AGARI ba="1,0" hai="8,11,60,67,68,92,96,103,129,130,131" m="28714" machi="130" ten="30,1000,0" yaku="19,1" doraHai="24" who="1" fromWho="3" sc="229,0,151,13,430,0,190,-13" /><INIT seed="3,0,0,3,4,25" ten="229,164,430,177" oya="3" hai0="69,104,14,13,27,78,92,121,21,77,106,68,135" hai1="132,19,42,62,88,74,66,127,128,93,84,130,70" hai2="108,97,7,24,75,22,81,33,111,71,3,91,23" hai3="82,36,113,49,34,9,17,4,54,11,117,26,90"/><W100/><G113/><T16/><D121/><U99/><E74/><V101/><F71/><W28/><G117/><T2/><D2/><U52/><E127/><V76/><F91/><W41/><G100/><T110/><D92/><U86/><E132/><V73/><F73/><W64/><G64/><T115/><D115/><U72/><E72/><V61/><F61/><W65/><G65/><T118/><D118/><U109/><E109/><N who="2" m="42059" /><F33/><W83/><G90/><T47/><D47/><U134/><E134/><V89/><F89/><W53/><G82/><T119/><D119/><U120/><E120/><V46/><F46/><W5/><G83/><T131/><D135/><U94/><E42/><V43/><F43/><W59/><G41/><T8/><D13/><U116/><E116/><V0/><F7/><W58/><G36/><T57/><D14/><U105/><E105/><N who="2" m="63663" /><F22/><W45/><G45/><T55/><D27/><U29/><E52/><V129/><F129/><N who="1" m="49769" /><E94/><V31/><AGARI ba="0,0" hai="0,3,23,24,31,75,76,81" m="63663,42059" machi="31" ten="30,2000,0" yaku="14,1,52,1" doraHai="25" who="2" fromWho="2" sc="229,-5,164,-5,430,20,177,-10" owari="224,2.4,159,-34.1,450,55.0,167,-23.3" /></mjloggm>