<mjloggm ver="2.3"><GO type="225" lobby="0"/><UN n0="%E7%B4%94%E6%BD%94%E3%83%94%E3%83%A9%E3%83%8B%E3%82%A2" n1="%33%74%72%65%65" n2="%E3%81%82%E3%81%84%E3%81%82%E3%81%8A%E3%81%84" n3="%E5%91%A8%E6%9D%B1" dan="16,17,18,16" rate="2133.98,2183.71,2217.88,2162.41" sx="M,F,M,M"/><TAIKYOKU oya="0"/><INIT seed="0,0,0,1,5,65" ten="250,250,250,250" oya="0" hai0="66,67,31,129,78,59,134,47,22,123,63,0,132" hai1="125,105,24,124,90,49,121,36,15,111,45,79,52" hai2="69,62,28,88,1,131,44,77,74,20,76,58,128" hai3="103,96,19,34,106,68,94,109,32,61,126,104,13"/><T7/><D123/><U25/><E121/><V84/><F1/><W9/><G126/><N who="1" m="48746" /><E111/><V81/><F44/><W71/><G109/><T100/><D129/><N who="2" m="49738" /><F74/><W83/><G83/><T43/><D78/><U117/><E79/><V6/><F6/><W2/><G2/><T73/><D73/><U64/><E36/><V18/><F28/><W82/><G82/><T51/><D100/><U102/><E102/><V87/><F84/><W70/><REACH who="3" step="1"/><G61/><REACH who="3" ten="250,250,250,240" step="2"/><T56/><D0/><U114/><E114/><V3/><F3/><W39/><G39/><T4/><D132/><U33/><E117/><V97/><F62/><W72/><G72/><T29/><D134/><U95/><E49/><V8/><F81/><W26/><G26/><N who="0" m="16599" /><D31/><U12/><E25/><V35/><F77/><W37/><G37/><T118/><D118/><U80/><E24/><V91/><F76/><W86/><G86/><T99/><D99/><U133/><E80/><V115/><F87/><W119/><G119/><T57/><D63/><U130/><E133/><V55/><F97/><W5/><G5/><AGARI ba="0,1" hai="4,5,7,43,47,51,56,57,59,66,67" m="16599" machi="5" ten="30,1500,0" yaku="8,1" doraHai="65" who="0" fromWho="3" sc="250,25,250,0,250,0,240,-15" /><INIT seed="0,1,0,3,1,26" ten="275,250,250,225" oya="0" hai0="27,69,74,64,43,51,12,80,3,45,87,33,21" hai1="19,109,22,113,91,5,66,15,121,98,52,20,77" hai2="57,94,85,75,59,120,47,123,41,18,99,96,111" hai3="82,63,133,55,53,89,105,106,4,50,71,131,17"/><T62/><D3/><U102/><E121/><V76/><F75/><W73/><G131/><T122/><D122/><U104/><E109/><V39/><F99/><W132/><G4/><T118/><D118/><U31/><E113/><V119/><F111/><W114/><G114/><T83/><D74/><U115/><E115/><V32/><F32/><W61/><G17/><T128/><D128/><U8/><E66/><V7/><F119/><W88/><G73/><T103/><D103/><U129/><E129/><V37/><F39/><W28/><G50/><T112/><D112/><U34/><E77/><V81/><F7/><W101/><G101/><T86/><D12/><U6/><E91/><V67/><F59/><W14/><G14/><T127/><D33/><U40/><E40/><V84/><F85/><W10/><G10/><T16/><REACH who="0" step="1"/><D127/><REACH who="0" ten="265,250,250,225" step="2"/><U58/><E34/><V78/><F120/><W134/><G134/><T90/><D90/><U116/><E116/><V49/><F123/><W93/><G82/><AGARI ba="1,1" hai="16,21,27,43,45,51,62,64,69,80,82,83,86,87" machi="82" ten="40,3900,0" yaku="1,1,54,1,53,0" doraHai="26" doraHaiUra="108" who="0" fromWho="3" sc="265,52,250,0,250,0,225,-42" /><INIT seed="0,2,0,0,2,67" ten="317,250,250,183" oya="0" hai0="48,126,13,94,40,59,63,119,87,19,33,125,105" hai1="23,57,62,112,50,121,6,51,133,70,86,12,129" hai2="115,14,123,38,82,93,122,53,90,85,54,111,1" hai3="34,3,98,118,55,47,106,21,30,79,80,49,22"/><T26/><D105/><U116/><E116/><V28/><F1/><W77/><G118/><T4/><D119/><U95/><E121/><V43/><F115/><W42/><G3/><T16/><D40/><U5/><E112/><V56/><F28/><W124/><G124/><N who="0" m="47723" /><D48/><N who="1" m="18475" /><E70/><V104/><F104/><W32/><G106/><T78/><D4/><U72/><E72/><V44/><F54/><W91/><G34/><T52/><D13/><U89/><E133/><V71/><F71/><W101/><G32/><T64/><D64/><N who="1" m="38991" /><E129/><V109/><F14/><W114/><G42/><T96/><D78/><U2/><E2/><V84/><F122/><W113/><G114/><T75/><D87/><U134/><E134/><V92/><F123/><W76/><G113/><T66/><D66/><U39/><E39/><V58/><F93/><W8/><G79/><T97/><D97/><U132/><E132/><V135/><F135/><W83/><G77/><T73/><D33/><U31/><E12/><V130/><F130/><W74/><G98/><T35/><D35/><U11/><E11/><V37/><F37/><W45/><G8/><T27/><D26/><AGARI ba="2,0" hai="5,6,23,26,31,86,89,95" m="38991,18475" machi="26" ten="30,1000,0" yaku="8,1" doraHai="67" who="1" fromWho="0" sc="317,-16,250,16,250,0,183,0" /><INIT seed="1,0,0,4,1,22" ten="301,266,250,183" oya="1" hai0="43,37,60,4,76,73,38,96,126,8,92,83,31" hai1="35,113,84,131,11,12,105,93,124,66,51,1,44" hai2="118,40,95,25,88,110,108,78,115,70,85,55,17" hai3="94,75,97,50,130,52,47,65,89,68,2,125,29"/><U134/><E113/><V63/><F118/><W111/><G111/><N who="2" m="42537" /><F115/><W42/><G125/><T109/><D126/><U7/><E124/><V122/><F122/><W62/><G130/><T30/><D60/><U104/><E131/><V116/><F116/><W3/><G75/><T36/><D109/><U71/><E35/><V9/><F40/><W34/><REACH who="3" step="1"/><G42/><REACH who="3" ten="301,266,250,173" step="2"/><T72/><D43/><U15/><E134/><V67/><F78/><W123/><G123/><T18/><D72/><U128/><E128/><V39/><F39/><W121/><G121/><T82/><D73/><U59/><E105/><V57/><F70/><W58/><G58/><T20/><D76/><U56/><E104/><V21/><F9/><W28/><G28/><N who="0" m="10795" /><D37/><U127/><E56/><V99/><F55/><W86/><G86/><AGARI ba="0,1" hai="17,21,25,57,63,67,85,86,88,95,99" m="42537" machi="86" ten="30,3900,0" yaku="14,1,52,1,54,1" doraHai="22" who="2" fromWho="3" sc="301,0,266,0,250,49,173,-39" /><INIT seed="2,0,0,5,0,135" ten="301,266,299,134" oya="2" hai0="47,6,93,76,81,62,7,131,105,26,98,89,10" hai1="88,111,86,129,8,19,15,0,122,83,21,5,75" hai2="40,125,126,37,100,16,25,11,127,44,42,94,91" hai3="80,128,45,121,106,67,120,58,110,43,36,103,63"/><V20/><F42/><W28/><G80/><T17/><D131/><U50/><E111/><V123/><F123/><W24/><G110/><T87/><D105/><U60/><E129/><V119/><F119/><W112/><G128/><T34/><D34/><U64/><E122/><V53/><F53/><W92/><G112/><T133/><D133/><U2/><E75/><V9/><F100/><W13/><G13/><N who="0" m="7351" /><D26/><U46/><E21/><V82/><REACH who="2" step="1"/><F82/><REACH who="2" ten="301,266,289,134" step="2"/><W118/><G118/><T104/><D104/><U78/><E83/><V22/><F22/><W59/><G106/><T65/><D47/><U49/><E8/><V97/><AGARI ba="0,1" hai="9,11,16,20,25,37,40,44,91,94,97,125,126,127" machi="97" ten="30,24000,3" yaku="1,1,0,1,18,1,52,3,54,1,53,1" doraHai="135" doraHaiUra="84" who="2" fromWho="2" sc="301,-80,266,-80,289,250,134,-80" /><INIT seed="2,1,0,2,4,46" ten="221,186,539,54" oya="2" hai0="83,98,89,88,129,135,73,4,55,111,106,112,119" hai1="6,9,8,20,42,50,69,37,0,123,117,5,76" hai2="35,56,84,36,122,48,10,133,70,45,90,80,59" hai3="75,27,108,62,110,105,43,19,16,57,31,93,3"/><V22/><F35/><W121/><G105/><T11/><D112/><U47/><E117/><V100/><F122/><W29/><G121/><T7/><D119/><U54/><E123/><V38/><F70/><W34/><G75/><T120/><D111/><N who="3" m="42537" /><G3/><T63/><D135/><U23/><E69/><V91/><F100/><W65/><G31/><T102/><D129/><U53/><E76/><V49/><F133/><W60/><G43/><T124/><D124/><U126/><E126/><V44/><F10/><W118/><G118/><T39/><D39/><U15/><REACH who="1" step="1"/><E54/><REACH who="1" ten="221,176,539,54" step="2"/><N who="2" m="29959" /><F38/><W78/><G78/><T17/><D120/><U61/><E61/><V64/><F36/><W82/><G82/><T74/><D83/><U131/><E131/><V21/><F64/><N who="3" m="38927" /><G93/><T30/><D106/><U97/><E97/><V26/><F91/><W127/><G127/><T1/><D88/><U113/><E113/><V85/><F84/><W2/><G2/><T58/><D89/><U92/><E92/><V101/><F101/><W12/><G12/><T81/><D73/><U77/><E77/><V109/><F109/><W128/><G128/><T86/><D74/><U24/><E24/><V52/><F21/><W134/><G134/><T33/><D1/><U41/><E41/><V107/><F107/><W32/><G32/><T67/><D98/><U99/><E99/><V14/><F14/><W125/><G125/><T104/><D104/><U66/><E66/><V13/><F13/><W71/><AGARI ba="1,1" hai="16,19,27,29,34,62,65,71" m="38927,42537" machi="71" ten="30,2000,0" yaku="14,1,54,1" doraHai="46" who="3" fromWho="3" sc="221,-6,176,-6,539,-11,54,33" /><INIT seed="3,0,0,2,0,30" ten="215,170,528,87" oya="3" hai0="80,5,3,99,115,82,124,81,79,106,32,29,35" hai1="135,63,15,105,118,45,100,94,122,0,102,69,34" hai2="85,125,126,22,120,65,39,28,131,41,108,54,88" hai3="109,40,26,107,95,75,25,53,96,89,11,83,27"/><W70/><G70/><T112/><D79/><U24/><E102/><V12/><F65/><W97/><G109/><T57/><D124/><U134/><E122/><V74/><F74/><W103/><G40/><T31/><D57/><U110/><E110/><V73/><F73/><W101/><G11/><N who="0" m="2495" /><D35/><U60/><E0/><V87/><F85/><W58/><G75/><T59/><D32/><U129/><E118/><V7/><F54/><W90/><REACH who="3" step="1"/><G83/><REACH who="3" ten="215,170,528,77" step="2"/><T14/><D82/><U18/><E69/><V49/><F41/><W55/><G55/><T132/><D81/><U114/><E114/><V128/><F108/><W111/><G111/><T46/><D80/><U6/><E135/><V17/><F125/><W71/><G71/><T68/><D68/><U2/><E134/><V42/><F126/><W16/><G16/><T72/><D72/><U66/><E18/><V8/><F17/><W47/><G47/><T62/><D46/><U51/><E45/><V98/><F42/><W104/><G104/><T127/><D132/><U86/><E105/><V38/><F8/><W92/><G92/><T116/><D127/><U43/><E94/><V1/><F120/><W93/><G93/><T36/><D115/><U130/><E43/><V91/><F39/><W121/><G121/><T56/><D112/><U23/><E66/><V20/><F38/><W44/><G44/><T48/><D36/><U117/><E117/><V76/><F76/><W19/><G19/><T84/><D116/><U9/><E9/><V10/><F10/><W77/><G77/><T13/><D106/><U119/><E119/><RYUUKYOKU ba="0,1" sc="215,-10,170,-10,528,-10,77,30" hai3="25,26,27,53,58,89,90,95,96,97,101,103,107" /><INIT seed="3,1,1,0,1,36" ten="205,160,518,107" oya="3" hai0="52,0,88,134,94,80,16,135,127,91,130,33,124" hai1="99,97,75,100,76,13,55,121,131,62,38,23,73" hai2="115,96,128,67,8,6,109,85,10,120,9,40,104" hai3="93,102,56,119,42,118,111,57,1,63,81,105,66"/><W122/><G122/><T101/><D0/><U22/><E121/><V89/><F115/><W126/><G1/><T61/><D33/><U51/><E38/><V47/><F120/><W108/><G105/><T30/><D30/><U84/><E131/><V35/><F35/><W60/><G81/><T90/><D130/><U17/><E62/><V4/><F67/><N who="3" m="39303" /><G93/><T26/><D80/><N who="1" m="47111" /><E73/><V41/><F128/><W48/><G102/><T98/><D52/><U2/><E75/><V11/><F4/><W24/><G24/><T77/><D61/><U133/><E133/><N who="0" m="50697" /><D77/><U5/><E5/><V129/><F129/><W125/><G119/><T123/><D123/><U14/><E2/><V92/><F109/><N who="3" m="42059" /><G118/><T28/><D28/><U86/><E100/><V59/><F104/><W15/><G15/><T53/><D53/><U70/><E14/><V117/><F92/><W45/><AGARI ba="1,1" hai="42,45,48,57,63,66,125,126" m="42059,39303" machi="45" ten="30,12000,1" yaku="14,1,10,1,34,2,52,1" doraHai="36" who="3" fromWho="3" sc="205,-41,160,-41,518,-41,107,133" /><INIT seed="3,2,0,1,4,95" ten="164,119,477,240" oya="3" hai0="79,90,118,73,28,51,112,99,83,55,20,32,92" hai1="111,61,105,110,88,0,104,126,62,10,9,49,34" hai2="129,74,72,84,11,114,63,82,119,6,47,33,48" hai3="17,14,94,45,76,16,122,127,133,7,116,93,87"/><W23/><G122/><T43/><D118/><U39/><E49/><V71/><F33/><W131/><G116/><T109/><D109/><N who="1" m="41483" /><E34/><V56/><F71/><W40/><G127/><T8/><D112/><U68/><E68/><V42/><F129/><W103/><G131/><T113/><D113/><U50/><E50/><V86/><F86/><W101/><G133/><T53/><D32/><U77/><E126/><V22/><F22/><W64/><G64/><T3/><D3/><U130/><E130/><V123/><F114/><W91/><G76/><T120/><D120/><U117/><E117/><V38/><F38/><W46/><G7/><T65/><D65/><U19/><E77/><V57/><F57/><W108/><G108/><T97/><D8/><N who="1" m="3179" /><E39/><V100/><F100/><W78/><G78/><T1/><D1/><U134/><E0/><V27/><F27/><W115/><G115/><T15/><D55/><U44/><E134/><V58/><F58/><W35/><G35/><T66/><D66/><U60/><E19/><V107/><F107/><N who="1" m="41033" /><E88/><V21/><F21/><W24/><G17/><T98/><D43/><U54/><E54/><V121/><F119/><W106/><G40/><T37/><D37/><U41/><E41/><V85/><F123/><W67/><G67/><T12/><D53/><U80/><E80/><V36/><F36/><W26/><G91/><T124/><D51/><U25/><E25/><V29/><F121/><W18/><G26/><T125/><D124/><U89/><E89/><V135/><F42/><W52/><G24/><T102/><D90/><U69/><E69/><RYUUKYOKU ba="2,0" sc="164,-10,119,30,477,-10,240,-10" hai1="44,60,61,62" owari="154,-24.6,149,-35.1,467,56.7,230,3.0" /></mjloggm>