<mjloggm ver="2.3"><GO type="225" lobby="0"/><UN n0="%4C%4F%4C%49%54%41" n1="%E8%B5%A4%E3%81%84%E8%9B%99%31%31" n2="%61%74%73%75%74%6F%64%6F" n3="%E5%A4%8F%E9%88%B4%E9%88%B4%E5%A4%8F" dan="16,16,16,16" rate="2088.82,2118.69,2078.36,2091.06" sx="F,M,M,M"/><TAIKYOKU oya="0"/><INIT seed="0,0,0,0,0,76" ten="250,250,250,250" oya="0" hai0="109,125,111,68,112,50,56,46,91,54,108,27,102" hai1="99,93,3,40,61,116,97,42,21,69,9,2,32" hai2="121,38,19,60,74,47,67,73,0,71,119,6,133" hai3="80,104,18,5,90,105,135,35,103,130,16,118,10"/><T81/><D112/><U65/><E116/><V36/><F121/><W127/><G118/><T63/><D125/><U92/><E32/><V78/><F119/><W100/><G130/><T49/><D102/><U72/><E72/><V115/><F19/><W15/><G127/><T123/><D123/><U101/><E21/><V17/><F17/><W122/><G122/><T1/><D1/><U51/><E51/><V132/><F115/><W34/><G135/><N who="2" m="51785" /><F47/><W37/><G37/><N who="2" m="14441" /><F78/><W64/><G64/><N who="0" m="40991" /><D27/><U107/><E107/><V13/><F13/><W129/><G129/><T88/><D81/><U113/><E113/><V28/><F28/><W85/><G18/><T70/><D70/><U59/><E69/><V41/><F41/><AGARI ba="0,0" hai="41,46,49,50,54,56,88,91,108,109,111" m="40991" machi="41" ten="30,5800,0" yaku="14,1,10,1,54,1" doraHai="76" who="0" fromWho="2" sc="250,58,250,0,250,-58,250,0" /><INIT seed="0,1,0,0,4,64" ten="308,250,192,250" oya="0" hai0="16,92,78,18,127,118,97,34,50,43,75,38,116" hai1="28,114,52,71,105,88,124,119,51,37,31,109,98" hai2="99,8,9,11,24,77,103,54,40,120,23,135,117" hai3="93,91,53,131,21,123,63,12,30,132,115,65,41"/><T19/><D38/><U122/><E119/><V45/><F117/><W111/><G115/><T35/><D127/><U72/><E122/><V55/><F120/><W4/><G111/><T62/><D35/><U33/><E72/><V108/><F108/><W102/><G131/><T83/><D34/><U106/><E109/><V94/><F77/><W57/><G132/><T7/><D7/><U80/><E37/><V68/><F68/><W107/><G123/><T39/><D39/><U6/><E6/><V3/><F3/><W46/><G102/><T1/><D1/><U32/><E124/><V128/><F128/><W61/><G107/><T104/><D104/><U60/><E114/><V22/><F135/><W17/><G30/><T121/><D121/><U86/><E32/><V74/><F74/><W15/><G41/><T84/><D75/><U87/><E87/><V90/><F103/><W42/><G42/><T59/><D50/><U56/><E98/><V125/><F125/><W76/><G76/><T82/><D82/><U10/><E10/><V26/><F40/><W69/><G46/><T5/><D5/><U133/><E133/><V66/><F66/><W44/><G44/><T27/><D43/><U113/><E113/><V110/><F110/><W79/><G79/><T70/><D70/><U47/><E71/><V48/><REACH who="2" step="1"/><F55/><REACH who="2" ten="308,250,182,250" step="2"/><W14/><REACH who="3" step="1"/><G4/><REACH who="3" ten="308,250,182,240" step="2"/><T20/><D116/><U81/><E33/><V0/><F0/><W2/><G2/><T25/><D118/><U13/><E52/><V36/><F36/><W130/><G130/><T95/><D78/><U58/><E106/><RYUUKYOKU ba="1,2" sc="308,-15,250,-15,182,15,240,15" hai2="8,9,11,22,23,24,26,45,48,54,90,94,99" hai3="12,14,15,17,21,53,57,61,63,65,69,91,93" /><INIT seed="1,2,2,1,5,20" ten="293,235,197,255" oya="1" hai0="122,1,124,131,119,106,52,125,14,23,73,126,108" hai1="2,132,47,113,37,62,104,63,41,30,66,115,123" hai2="4,16,32,26,91,46,83,21,74,72,90,39,59" hai3="92,95,70,61,51,134,35,8,57,120,44,38,79"/><U105/><E123/><V111/><F111/><W128/><G120/><T103/><D122/><U88/><E132/><V99/><F32/><W49/><G128/><T114/><D108/><U40/><E2/><V55/><F4/><W98/><G134/><T84/><D73/><U127/><E127/><V24/><F74/><W100/><G70/><T12/><D131/><U56/><E40/><V121/><F121/><W19/><G35/><T5/><D114/><U33/><E63/><V29/><F39/><W15/><G38/><T7/><D119/><U53/><E53/><V117/><F117/><W82/><G92/><T50/><D84/><U42/><E42/><V64/><F64/><W75/><REACH who="3" step="1"/><G44/><REACH who="3" ten="293,235,197,245" step="2"/><T85/><D125/><U94/><E115/><V69/><F69/><W107/><G107/><T80/><D106/><U67/><E113/><V31/><F46/><W130/><G130/><T10/><D126/><U93/><E93/><N who="2" m="56759" /><F72/><W96/><G96/><T112/><D112/><U102/><E105/><V36/><F36/><W28/><G28/><N who="2" m="10825" /><F83/><W68/><G68/><T101/><D124/><U81/><E33/><V43/><F43/><W13/><G13/><T86/><D12/><U78/><E104/><V118/><F118/><W135/><G135/><T17/><D80/><U18/><E81/><V109/><F109/><W116/><G116/><T48/><D14/><U110/><E110/><V58/><F26/><W71/><G71/><T65/><D1/><U27/><E41/><V6/><F59/><W54/><AGARI ba="2,3" hai="8,15,19,49,51,54,57,61,75,79,82,95,98,100" machi="54" ten="20,2700,0" yaku="1,1,0,1,7,1,53,0" doraHai="20" doraHaiUra="60" who="3" fromWho="3" sc="293,-9,235,-15,197,-9,245,63" /><INIT seed="2,0,0,1,3,64" ten="284,220,188,308" oya="2" hai0="103,61,94,40,20,50,4,63,115,106,32,9,58" hai1="44,88,37,124,1,8,62,35,128,90,91,93,113" hai2="75,25,42,11,10,69,67,19,134,73,33,48,85" hai3="119,81,105,29,107,117,122,97,6,66,132,102,31"/><V123/><F123/><W18/><G122/><T43/><D32/><U131/><E113/><V87/><F134/><W56/><G132/><T68/><D106/><U112/><E112/><V2/><F42/><W99/><G6/><T60/><D115/><U114/><E114/><V52/><F75/><W133/><G133/><T45/><D68/><U76/><E35/><V57/><F73/><W104/><G18/><T79/><D79/><U98/><E76/><V109/><F109/><W26/><G81/><T22/><D43/><N who="1" m="22639" /><E62/><N who="0" m="24169" /><D9/><N who="2" m="3082" /><F69/><W110/><G110/><T78/><D78/><U89/><E124/><V14/><F2/><W126/><G126/><T111/><D4/><U38/><E38/><V36/><F36/><W84/><G84/><N who="2" m="32329" /><F33/><W80/><G80/><T17/><D111/><U34/><E34/><V53/><F67/><W16/><G117/><T120/><D120/><U5/><E1/><V7/><F7/><W71/><G119/><T15/><D40/><U0/><E0/><V3/><F3/><W13/><G104/><T92/><D22/><U74/><E74/><V72/><F72/><W125/><G105/><T86/><D20/><U46/><E5/><V47/><F25/><W83/><G107/><T130/><D15/><U77/><E8/><N who="2" m="6599" /><F53/><W12/><G125/><T49/><D17/><U27/><E27/><V82/><F82/><W116/><G16/><T96/><D92/><U51/><E93/><V108/><F108/><W95/><G116/><T100/><D94/><U23/><E23/><V65/><F65/><W39/><G83/><T121/><D121/><U129/><E129/><RYUUKYOKU ba="0,0" sc="284,-10,220,-10,188,30,308,-10" hai2="47,48,52,57" /><INIT seed="2,1,0,0,5,43" ten="274,210,218,298" oya="2" hai0="59,16,110,123,26,70,28,11,15,79,118,103,2" hai1="94,73,95,48,56,119,124,8,75,41,113,82,9" hai2="120,106,7,81,92,25,66,44,100,109,46,122,128" hai3="19,27,42,90,14,67,80,29,55,10,20,83,111"/><V18/><F106/><W0/><G111/><T126/><D70/><U72/><E113/><V108/><F66/><W89/><G67/><T24/><D123/><N who="2" m="47146" /><F81/><N who="3" m="31307" /><G0/><T17/><D79/><U105/><E119/><V34/><F7/><N who="3" m="3423" /><G42/><T31/><D103/><U107/><E82/><V132/><F132/><W98/><G98/><T64/><D110/><N who="2" m="42602" /><F128/><W3/><G3/><T76/><D76/><U49/><E124/><V78/><F78/><W84/><G84/><T104/><D104/><N who="1" m="40011" /><E56/><V35/><F18/><W134/><G134/><T39/><D64/><U1/><E1/><V52/><F52/><W129/><G129/><T47/><D17/><U69/><E41/><V88/><F100/><W38/><G38/><T133/><D16/><U102/><E102/><V12/><F12/><W6/><G6/><T77/><D15/><U5/><E5/><V85/><F35/><W45/><G19/><T101/><D133/><U36/><E36/><V99/><F99/><W130/><G130/><T63/><D101/><U117/><E69/><V96/><F85/><W51/><AGARI ba="1,0" hai="20,27,29,45,51,55,89,90" m="3423,31307" machi="51" ten="30,2000,0" yaku="8,1,52,1" doraHai="43" who="3" fromWho="3" sc="274,-6,210,-6,218,-11,298,23" /><INIT seed="3,0,0,5,2,127" ten="268,204,207,321" oya="3" hai0="46,126,77,82,99,5,25,112,115,121,119,78,98" hai1="57,54,66,74,7,61,114,133,130,102,1,108,85" hai2="3,0,103,39,2,17,33,106,20,129,32,24,26" hai3="118,37,51,124,44,16,29,111,59,128,67,86,34"/><W72/><G118/><T76/><D5/><U43/><E114/><N who="0" m="43561" /><D46/><U31/><E74/><V90/><F39/><W42/><G72/><T27/><D119/><U116/><E116/><V23/><F90/><W60/><G124/><T101/><D126/><U95/><E133/><V35/><F103/><W89/><G128/><T15/><D15/><U122/><E122/><V81/><F81/><W38/><G111/><T88/><D25/><U97/><E108/><V62/><F106/><W71/><G29/><T28/><D27/><U49/><E130/><V100/><F100/><W10/><G34/><T11/><D11/><U94/><E31/><N who="2" m="17799" /><F62/><W21/><G10/><T96/><D28/><U65/><E1/><V64/><F64/><N who="1" m="24681" /><E7/><V79/><F79/><N who="0" m="30282" /><D121/><U4/><E4/><V55/><F55/><W105/><G105/><N who="0" m="63655" /><D88/><N who="1" m="53519" /><E43/><V36/><F36/><W53/><G38/><T70/><D70/><U84/><E84/><V134/><F134/><W80/><G21/><T45/><D45/><U6/><E6/><V93/><F129/><W9/><G9/><T131/><D131/><U30/><E30/><V123/><F123/><W41/><G16/><T91/><D91/><U56/><E56/><V47/><F47/><W18/><G18/><T83/><D83/><U104/><E104/><V73/><F73/><W110/><G110/><T125/><D125/><U69/><E69/><V109/><F109/><W19/><G19/><T40/><D40/><AGARI ba="0,0" hai="37,40,41,42,44,51,53,59,60,67,71,80,86,89" machi="40" ten="40,3900,0" yaku="24,2" doraHai="127" who="3" fromWho="0" sc="268,-39,204,0,207,0,321,39" owari="229,2.9,204,-29.6,207,-19.3,360,46.0" /></mjloggm>