<mjloggm ver="2.3"><GO type="225" lobby="0"/><UN n0="%E9%AD%94%E7%A5%9E%E2%80%A0%E6%B8%8B%E5%B7%9D%E6%9D%B1%E5%A0%B4%E2%80%A0" n1="%E9%A6%AC%E5%BC%95%E7%81%AB%33" n2="%E8%90%BD%E6%97%A5" n3="%E9%BB%99%E8%81%B4%E3%81%AE%E3%81%99%E3%82%9D%E3%82%81" dan="16,16,17,16" rate="2150.98,2120.30,2205.21,2064.80" sx="M,M,F,M"/><TAIKYOKU oya="0"/><BYE who="0" /><INIT seed="0,0,0,1,5,52" ten="250,250,250,250" oya="0" hai0="104,38,97,62,1,17,53,94,64,98,76,125,31" hai1="60,50,3,75,55,13,90,48,18,110,99,135,68" hai2="25,59,77,95,26,133,66,86,113,20,129,108,78" hai3="109,84,132,54,122,103,11,37,4,30,33,73,82"/><T21/><D21/><U87/><E3/><V23/><F113/><UN n0="%E9%AD%94%E7%A5%9E%E2%80%A0%E6%B8%8B%E5%B7%9D%E6%9D%B1%E5%A0%B4%E2%80%A0" /><W112/><G109/><T19/><D1/><U0/><E0/><V47/><F108/><W70/><G132/><T34/><D38/><U85/><E75/><V6/><F133/><W131/><G131/><T120/><D53/><U42/><E110/><V58/><F129/><W51/><G112/><T118/><D76/><U102/><E135/><V5/><F47/><W10/><G70/><N who="0" m="42263" /><D125/><U117/><E117/><V126/><F66/><W80/><G37/><T2/><D2/><U119/><E119/><V44/><F44/><W123/><G103/><N who="0" m="62575" /><D120/><N who="3" m="46121" /><G30/><T69/><D69/><U72/><E68/><V92/><REACH who="2" step="1"/><F86/><REACH who="2" ten="250,250,240,250" step="2"/><W91/><G73/><T63/><D118/><U121/><E87/><V56/><F56/><N who="3" m="32863" /><G33/><T49/><D34/><U105/><E72/><V12/><F12/><N who="3" m="5191" /><G11/><T116/><D116/><U134/><E121/><V128/><F128/><W15/><G15/><T28/><D98/><U46/><E134/><V127/><AGARI ba="0,1" hai="5,6,20,23,25,26,58,59,77,78,92,95,126,127" machi="127" ten="25,12000,2" yaku="1,1,0,1,22,2,52,2,53,0" doraHai="52" doraHaiUra="29" who="2" fromWho="2" sc="250,-60,250,-30,240,130,250,-30" /><INIT seed="1,0,0,3,5,96" ten="190,220,370,220" oya="1" hai0="78,76,73,120,107,43,19,21,29,27,58,80,44" hai1="118,8,55,63,42,39,81,12,2,108,131,36,109" hai2="49,113,15,26,28,129,92,77,128,115,18,53,61" hai3="56,60,83,1,37,30,24,71,47,4,121,40,22"/><U62/><E118/><V122/><F61/><N who="1" m="23049" /><E2/><V50/><F122/><W65/><G121/><T11/><D120/><U110/><E131/><N who="2" m="50251" /><F77/><W135/><G135/><T17/><D107/><U88/><E55/><V133/><F92/><W94/><G94/><T33/><D58/><U38/><E42/><V34/><F133/><W86/><G4/><T84/><D11/><U74/><E74/><V101/><F101/><W13/><G13/><T52/><D52/><U14/><E8/><N who="2" m="6503" /><F50/><W91/><REACH who="3" step="1"/><G1/><REACH who="3" ten="190,220,370,210" step="2"/><T79/><D73/><U54/><E54/><V98/><F98/><W95/><G95/><T69/><D69/><AGARI ba="0,1" hai="22,24,30,37,40,47,56,60,65,69,71,83,86,91" machi="69" ten="40,5200,0" yaku="1,1,53,2" doraHai="96" doraHaiUra="66" who="3" fromWho="0" sc="190,-52,220,0,370,0,210,62" /><INIT seed="2,0,0,3,5,27" ten="138,220,370,272" oya="2" hai0="115,80,88,96,39,71,101,23,93,77,8,63,4" hai1="108,56,30,5,120,21,67,86,110,66,116,87,68" hai2="52,12,91,9,113,104,25,97,74,50,3,118,11" hai3="15,92,95,37,42,98,0,17,35,133,90,48,130"/><V119/><F113/><W121/><G130/><T28/><D115/><U33/><E116/><V45/><F74/><W69/><G133/><T124/><D124/><U10/><E33/><V36/><F36/><W99/><G0/><T117/><D117/><U7/><E68/><V112/><F112/><W59/><G69/><T16/><D39/><U22/><E56/><V55/><F3/><W13/><G35/><T19/><D101/><U31/><E10/><V46/><F9/><W83/><G121/><AGARI ba="0,0" hai="5,7,21,22,30,31,66,67,86,87,108,110,120,121" machi="121" ten="25,6400,0" yaku="22,2,52,2" doraHai="27" who="1" fromWho="3" sc="138,0,220,64,370,0,272,-64" /><INIT seed="3,0,0,5,1,42" ten="138,284,370,208" oya="3" hai0="105,70,101,4,38,56,104,49,65,103,112,68,85" hai1="90,28,108,125,118,88,26,50,121,15,6,37,124" hai2="55,79,67,91,27,109,30,131,130,114,0,135,52" hai3="71,41,127,122,2,93,25,19,83,98,1,45,62"/><W63/><G122/><T66/><D38/><U72/><E108/><V47/><F109/><W18/><G127/><N who="1" m="48714" /><E37/><V95/><F0/><W92/><G83/><T31/><D31/><U73/><E118/><V106/><F106/><W20/><G1/><T76/><D49/><U22/><E121/><V33/><F79/><W58/><G2/><T80/><D4/><U9/><E50/><V23/><F135/><W82/><G82/><T54/><D112/><U7/><E7/><V78/><F78/><W59/><G71/><T43/><D43/><U48/><E48/><V126/><F126/><W32/><G32/><T39/><D39/><U40/><E40/><V35/><F114/><W102/><G18/><T46/><D70/><U44/><E44/><V107/><F107/><W21/><G21/><T97/><D68/><U13/><E13/><V89/><F67/><W99/><G41/><T10/><D10/><U110/><E110/><V5/><F5/><W117/><G45/><T119/><D119/><U60/><E60/><N who="3" m="23082" /><G117/><T69/><D69/><U24/><E24/><V115/><F115/><W61/><G61/><T53/><D56/><U75/><AGARI ba="0,0" hai="6,9,15,22,26,28,72,73,75,88,90" m="48714" machi="75" ten="40,2700,0" yaku="18,1,54,1" doraHai="42" who="1" fromWho="1" sc="138,-7,284,27,370,-7,208,-13" owari="131,-36.9,311,11.1,363,46.3,195,-20.5" /></mjloggm>