<mjloggm ver="2.3"><GO type="225" lobby="0"/><UN n0="%E5%A4%8F%E9%88%B4%E9%88%B4%E5%A4%8F" n1="%E3%83%96%E3%83%83%E3%83%91%E3%82%AA%E3%83%96%E3%83%81%E3%82%AD%E3%83%B3" n2="%E6%98%93%E5%88%A9%E8%96%A9%E4%BC%AF" n3="%E3%83%B4%E3%82%A3%E3%83%AF%E3%82%B3%E3%82%B0%E3%83%8B" dan="16,16,17,17" rate="2121.12,2093.77,2098.46,2212.47" sx="F,M,F,M"/><TAIKYOKU oya="0"/><INIT seed="0,0,0,0,5,49" ten="250,250,250,250" oya="0" hai0="70,36,59,114,73,1,105,0,109,58,84,113,121" hai1="75,47,56,117,100,85,67,52,99,62,7,119,38" hai2="14,20,51,76,48,123,65,122,131,2,112,68,83" hai3="135,13,63,55,106,103,39,81,77,120,82,71,46"/><T64/><D121/><U93/><E75/><V102/><F112/><W90/><G135/><T78/><D36/><U42/><E7/><V50/><F2/><W89/><G120/><T92/><D105/><U32/><E32/><V133/><F133/><W3/><G3/><T19/><D73/><U101/><E101/><V96/><F131/><W29/><G29/><T94/><D70/><U97/><E97/><V87/><F65/><W44/><G106/><T6/><D109/><U22/><E85/><V33/><F33/><W21/><G103/><T34/><D34/><U8/><E8/><V31/><F68/><W88/><G39/><T27/><D78/><U129/><E129/><V130/><F130/><W127/><G127/><T54/><D59/><U26/><REACH who="1" step="1"/><E67/><REACH who="1" ten="250,240,250,250" step="2"/><V35/><F35/><W132/><G132/><T116/><D64/><U111/><E111/><V24/><REACH who="2" step="1"/><F14/><REACH who="2" ten="250,240,240,250" step="2"/><W60/><G13/><T41/><D0/><U5/><E5/><V125/><F125/><W23/><G71/><T53/><D6/><U86/><E86/><V104/><AGARI ba="0,2" hai="20,24,31,48,50,51,76,83,87,96,102,104,122,123" machi="104" ten="30,4000,0" yaku="1,1,0,1,53,1" doraHai="49" doraHaiUra="95" who="2" fromWho="2" sc="250,-20,240,-10,240,60,250,-10" /><INIT seed="1,0,0,1,2,5" ten="230,230,300,240" oya="1" hai0="126,44,78,71,51,42,66,97,16,120,57,98,117" hai1="87,20,65,96,25,32,14,61,49,7,23,36,82" hai2="109,73,127,107,92,10,104,135,6,132,123,116,91" hai3="13,55,81,59,77,134,50,108,68,88,124,121,22"/><U95/><E36/><V115/><F116/><W76/><G108/><T17/><D117/><U62/><E32/><V83/><F123/><W89/><G121/><T30/><D120/><U100/><E49/><V80/><F109/><W72/><G134/><N who="2" m="51241" /><F127/><W8/><G124/><T2/><D2/><U26/><E26/><V54/><F54/><W38/><G38/><T47/><D71/><U18/><E65/><V90/><F90/><W74/><G68/><T85/><D30/><U79/><REACH who="1" step="1"/><E7/><REACH who="1" ten="230,220,300,240" step="2"/><V33/><F33/><W15/><G50/><N who="0" m="26903" /><D126/><U99/><E99/><V112/><F6/><W41/><G41/><N who="0" m="25071" /><D98/><U110/><E110/><V118/><F118/><W119/><G119/><T102/><D97/><U27/><E27/><V4/><F4/><W75/><G15/><T86/><D66/><U46/><E46/><V45/><F45/><W53/><G13/><T29/><D57/><U40/><E40/><V21/><F115/><W106/><G59/><T122/><D122/><U103/><E103/><V84/><F112/><W11/><G55/><T70/><D102/><U128/><E128/><V58/><F58/><W19/><G53/><T28/><D70/><U111/><E111/><V3/><F3/><W37/><G37/><T125/><D125/><U35/><E35/><V93/><F107/><W52/><G106/><T0/><D0/><U101/><E101/><V63/><F104/><W60/><G52/><T131/><D131/><U34/><E34/><V12/><F12/><W113/><G113/><T114/><D114/><U31/><AGARI ba="0,1" hai="14,18,20,23,25,31,61,62,79,82,87,95,96,100" machi="31" ten="20,7800,0" yaku="1,1,0,1,7,1,8,1,53,0" doraHai="5" doraHaiUra="69" who="1" fromWho="1" sc="230,-26,220,88,300,-26,240,-26" /><INIT seed="1,1,0,3,1,78" ten="204,308,274,214" oya="1" hai0="50,70,127,13,92,120,83,77,121,21,34,53,126" hai1="2,102,95,111,96,16,59,64,71,72,79,107,22" hai2="20,105,135,24,123,33,128,112,61,63,129,60,100" hai3="38,125,48,75,131,8,117,119,40,23,85,58,27"/><U47/><E2/><V124/><F123/><N who="0" m="47178" /><D34/><U15/><E111/><V116/><F116/><W113/><G113/><T14/><D70/><U1/><E1/><V84/><F33/><W28/><G75/><N who="0" m="43455" /><D92/><U90/><E71/><V4/><F4/><W12/><G131/><N who="2" m="50249" /><F135/><W10/><G125/><N who="0" m="47627" /><D21/><U88/><E47/><AGARI ba="1,0" hai="13,14,47,50,53" m="47627,43455,47178" machi="47" ten="30,3900,0" yaku="13,1,18,1,52,1" doraHai="78" who="0" fromWho="1" sc="204,42,308,-42,274,0,214,0" /><INIT seed="2,0,0,3,1,119" ten="246,266,274,214" oya="2" hai0="91,73,88,89,128,28,120,117,132,36,100,71,109" hai1="3,13,5,95,51,107,70,64,79,58,37,97,30" hai2="103,43,83,116,66,92,9,94,111,12,56,115,101" hai3="86,122,96,104,31,45,7,32,53,10,38,57,0"/><V21/><F116/><W61/><G122/><T48/><D117/><U67/><E37/><V72/><F115/><W42/><G86/><T14/><D120/><U25/><E3/><V52/><F43/><W76/><G31/><T1/><D1/><U87/><E107/><V99/><F66/><N who="1" m="25129" /><E70/><V41/><F41/><W78/><REACH who="3" step="1"/><G32/><REACH who="3" ten="246,266,274,204" step="2"/><T17/><D28/><U22/><E87/><V65/><F72/><W16/><G16/><T35/><D17/><U106/><E30/><V131/><F111/><W75/><G75/><T68/><D35/><U18/><E18/><V54/><F131/><W44/><G44/><T19/><D19/><U90/><E25/><V46/><F46/><W105/><G105/><T39/><D73/><U121/><E106/><V112/><F56/><W26/><G26/><T74/><D74/><U24/><E24/><V4/><F21/><W114/><G114/><T60/><D109/><U77/><E22/><V81/><F112/><W55/><G55/><N who="2" m="21033" /><F65/><W2/><G2/><T50/><D128/><U40/><E121/><V129/><F129/><W47/><G47/><T20/><D20/><U110/><E110/><V33/><F33/><W125/><G125/><T130/><D130/><U15/><E58/><V82/><F12/><W133/><G133/><T127/><D14/><U108/><E108/><V85/><F85/><W93/><G93/><T11/><D132/><U98/><E15/><N who="2" m="5543" /><F94/><W126/><G126/><T134/><D127/><U62/><E13/><V8/><F8/><W49/><G49/><N who="0" m="19051" /><D11/><U29/><E51/><V23/><F23/><W34/><G34/><RYUUKYOKU ba="0,1" sc="246,-15,266,-15,274,15,204,15" hai2="81,82,83,92,99,101,103" hai3="0,7,10,38,42,45,53,57,61,76,78,96,104" /><INIT seed="2,1,1,2,1,102" ten="231,251,289,219" oya="2" hai0="101,21,118,74,2,111,33,57,14,69,72,115,89" hai1="94,92,58,126,124,128,122,22,91,100,50,34,36" hai2="59,66,10,104,8,42,127,86,19,121,61,123,12" hai3="27,112,16,95,41,39,47,83,46,64,108,44,77"/><V70/><F127/><N who="1" m="48681" /><E36/><V38/><F104/><W43/><G108/><T60/><D33/><U18/><E128/><V116/><F116/><W62/><G112/><T99/><D2/><U96/><E34/><V56/><F10/><W26/><G95/><T4/><D118/><U107/><E122/><V135/><F135/><W52/><G39/><T17/><D115/><U31/><E31/><V7/><F7/><W78/><G83/><T90/><D69/><U82/><E58/><V88/><F56/><N who="3" m="35079" /><G64/><T81/><D111/><U120/><E50/><V98/><F98/><W68/><G68/><T63/><D63/><U25/><E120/><V109/><F109/><W49/><G49/><T11/><D81/><U5/><E5/><V45/><F45/><BYE who="2" /><W55/><G55/><T79/><D79/><N who="3" m="30217" /><G27/><T93/><D74/><U37/><E37/><V67/><F67/><W40/><G40/><T15/><REACH who="0" step="1"/><D72/><REACH who="0" ten="221,251,289,219" step="2"/><U1/><E1/><V48/><F48/><W28/><G28/><T87/><D87/><AGARI ba="1,2" hai="18,22,25,82,87,91,92,94,96,100,107" m="48681" machi="87" ten="30,2000,0" yaku="18,1,52,1" doraHai="102" who="1" fromWho="0" sc="221,-23,251,43,289,0,219,0" /><INIT seed="3,0,0,4,3,23" ten="198,294,289,219" oya="3" hai0="127,34,99,39,95,135,110,6,15,112,7,98,30" hai1="113,94,19,73,9,24,85,90,134,128,29,45,12" hai2="33,46,118,129,87,54,111,77,92,123,59,37,93" hai3="27,71,91,25,114,75,42,121,14,68,133,31,10"/><W83/><G121/><T69/><D127/><U40/><E128/><V57/><F57/><W4/><G114/><T88/><D135/><U104/><E134/><V86/><F86/><W11/><G133/><T3/><D110/><U103/><E113/><V1/><F1/><W102/><G102/><T51/><D112/><U109/><E109/><V126/><F126/><W130/><G130/><T120/><D120/><U22/><E73/><V84/><F84/><N who="3" m="50591" /><G71/><T32/><D39/><UN n2="%E6%98%93%E5%88%A9%E8%96%A9%E4%BC%AF" /><U21/><E103/><V82/><F33/><W61/><G68/><T131/><D69/><U101/><E101/><V65/><F118/><W105/><G105/><T89/><D131/><U0/><E104/><V124/><F123/><W35/><G75/><T100/><D3/><U26/><E0/><V107/><F107/><W116/><G116/><T58/><D100/><U5/><E45/><V38/><F38/><W67/><G42/><AGARI ba="0,0" hai="5,9,12,19,21,22,24,26,29,40,42,85,90,94" machi="42" ten="40,5200,0" yaku="8,1,52,2" doraHai="23" who="1" fromWho="3" sc="198,0,294,52,289,0,219,-52" owari="198,-20.2,346,44.6,289,8.9,167,-33.3" /></mjloggm>