<mjloggm ver="2.3"><GO type="225" lobby="0"/><UN n0="%E3%83%96%E3%83%83%E3%83%91%E3%82%AA%E3%83%96%E3%83%81%E3%82%AD%E3%83%B3" n1="%E3%82%A4%E3%83%BC%E3%82%B1%E3%83%97%E3%83%A9" n2="%E3%83%A9%E3%82%B9%E7%8E%87%EF%BC%93%E5%89%B2" n3="%E6%A1%9C%E8%8A%B1%E9%96%83%E3%80%85" dan="16,17,17,16" rate="2196.42,2227.30,2208.01,2169.68" sx="M,M,F,M"/><TAIKYOKU oya="0"/><INIT seed="0,0,0,2,2,112" ten="250,250,250,250" oya="0" hai0="87,42,51,45,14,59,93,33,32,109,50,11,15" hai1="94,115,88,54,6,108,127,71,105,130,17,35,10" hai2="57,107,78,110,82,84,75,135,134,40,79,24,111" hai3="74,34,55,25,28,31,122,80,29,22,0,81,18"/><T60/><D51/><U101/><E35/><V77/><F40/><W23/><G122/><T66/><D109/><N who="2" m="41482" /><F57/><W119/><G119/><T97/><D87/><U19/><E108/><V106/><F24/><N who="3" m="14423" /><G74/><T62/><D62/><U76/><E71/><V47/><F47/><W83/><G0/><T102/><REACH who="0" step="1"/><D15/><REACH who="0" ten="240,250,250,250" step="2"/><U133/><E115/><V7/><F7/><AGARI ba="0,1" hai="7,11,14,32,33,42,45,50,59,60,66,93,97,102" machi="7" ten="30,5800,0" yaku="1,1,2,1,7,1,53,0" doraHai="112" doraHaiUra="21" who="0" fromWho="2" sc="240,68,250,0,250,-58,250,0" /><INIT seed="0,1,0,2,3,81" ten="308,250,192,250" oya="0" hai0="74,100,3,71,53,85,73,33,62,94,69,63,109" hai1="52,133,8,31,79,51,65,60,115,0,82,67,130" hai2="25,29,68,46,23,27,44,56,88,41,37,114,89" hai3="131,135,80,92,84,61,77,86,38,113,96,36,90"/><T105/><D3/><U102/><E130/><V118/><F114/><W20/><G113/><T101/><D33/><U13/><E0/><V121/><F68/><W17/><G131/><T30/><D30/><U42/><E115/><V49/><F121/><W116/><G116/><T104/><D109/><U108/><E108/><V22/><F56/><W78/><G135/><T66/><D53/><U123/><E123/><V72/><F72/><W14/><G61/><T120/><D120/><U129/><E129/><V2/><F2/><W54/><G54/><T18/><D18/><U59/><E133/><V21/><F118/><W55/><G55/><T9/><D9/><U87/><E102/><V11/><F11/><W110/><G110/><T76/><D94/><U112/><E31/><V35/><REACH who="2" step="1"/><F27/><REACH who="2" ten="308,250,182,250" step="2"/><W28/><G28/><T83/><D74/><U39/><E112/><V40/><AGARI ba="1,1" hai="21,22,23,25,29,35,37,40,41,44,46,49,88,89" machi="40" ten="30,8000,1" yaku="1,1,2,1,0,1,54,1,53,1" doraHai="81" doraHaiUra="24" who="2" fromWho="2" sc="308,-41,250,-21,182,93,250,-21" /><INIT seed="1,0,0,0,1,117" ten="267,229,275,229" oya="1" hai0="11,50,112,79,5,125,82,46,44,10,132,74,65" hai1="122,32,71,104,64,3,53,99,45,18,80,123,73" hai2="2,12,1,16,103,23,86,34,30,31,77,84,101" hai3="52,75,119,67,76,121,69,8,14,37,6,128,130"/><U54/><E3/><V95/><F1/><W72/><G119/><T133/><D112/><U7/><E32/><V29/><F2/><W92/><G37/><T106/><D125/><U42/><E7/><V81/><F34/><W109/><G109/><T48/><D106/><U60/><E18/><V110/><F110/><W120/><G92/><T88/><D65/><U49/><E73/><N who="3" m="28234" /><G76/><T39/><D39/><U134/><E80/><V114/><REACH who="2" step="1"/><F114/><REACH who="2" ten="267,229,265,229" step="2"/><W127/><G127/><T85/><D46/><U70/><E134/><N who="0" m="51817" /><D44/><U17/><E71/><V105/><F105/><W19/><G69/><T0/><D11/><U83/><E83/><AGARI ba="0,1" hai="0,5,10,48,50,74,79,82,83,85,88" m="51817" machi="83" ten="30,2000,0" yaku="20,1,54,1" doraHai="117" who="0" fromWho="1" sc="267,30,229,-20,265,0,229,0" /><INIT seed="2,0,0,3,1,67" ten="297,209,265,229" oya="2" hai0="87,2,72,28,44,124,118,71,92,129,76,33,26" hai1="60,13,116,95,40,97,70,69,135,126,15,91,46" hai2="31,122,98,117,51,101,52,32,85,58,30,42,20" hai3="25,3,131,107,102,99,115,63,89,62,22,27,90"/><V24/><F117/><W14/><G3/><T120/><D120/><U7/><E116/><V128/><F128/><W84/><G131/><T104/><D118/><U41/><E135/><V48/><F122/><W54/><G115/><T68/><D129/><U11/><E126/><V19/><F32/><W74/><G74/><T121/><D121/><U17/><E60/><V38/><F38/><W12/><G27/><T64/><D124/><U5/><E41/><V29/><F85/><W73/><G73/><T133/><D133/><U34/><E34/><V37/><F37/><W1/><G1/><T110/><D110/><U94/><E94/><V66/><F66/><W10/><G90/><T9/><D92/><U132/><E132/><V88/><F88/><W36/><G36/><T106/><D44/><U83/><E83/><V75/><F75/><W16/><G54/><T111/><D87/><U112/><E112/><V77/><F77/><W18/><REACH who="3" step="1"/><G25/><REACH who="3" ten="297,209,265,219" step="2"/><T108/><D108/><U80/><E80/><AGARI ba="0,1" hai="10,12,14,16,18,22,62,63,80,84,89,99,102,107" machi="80" ten="30,8000,1" yaku="1,1,2,1,7,1,54,1,53,1" doraHai="67" doraHaiUra="86" who="3" fromWho="1" sc="297,0,209,-80,265,0,219,90" /><INIT seed="3,0,0,2,0,20" ten="297,129,265,309" oya="3" hai0="124,119,11,79,49,71,35,38,117,97,69,89,10" hai1="114,107,133,122,76,60,68,2,75,46,6,63,104" hai2="55,78,73,118,28,121,126,17,42,29,82,57,9" hai3="94,91,48,33,43,129,112,16,25,62,59,52,12"/><W24/><G112/><T51/><D38/><U3/><E114/><V47/><F118/><W56/><G129/><T95/><D35/><U74/><E122/><V92/><F126/><W66/><G43/><T87/><D124/><U19/><E133/><V30/><F121/><W100/><G100/><N who="0" m="60479" /><D71/><U14/><E46/><V102/><F102/><W81/><G81/><N who="0" m="47551" /><D69/><U4/><E14/><V15/><F92/><W36/><G33/><T53/><D119/><U127/><E68/><V54/><REACH who="2" step="1"/><F57/><REACH who="2" ten="297,129,255,309" step="2"/><W40/><G36/><AGARI ba="0,1" hai="9,15,17,28,29,30,36,42,47,54,55,73,78,82" machi="36" ten="40,5200,0" yaku="1,1,2,1,53,1" doraHai="20" doraHaiUra="7" who="2" fromWho="3" sc="297,0,129,0,255,62,309,-52" owari="297,9.7,129,-37.1,317,41.7,257,-14.3" /></mjloggm>