<mjloggm ver="2.3"><GO type="225" lobby="0"/><UN n0="%E5%B8%86%E7%AB%8B%E5%A4%8F%E8%A1%A3" n1="%70%68%65%6E%6F%6D%65" n2="%E7%99%BD%E5%80%89%E5%AF%9B%E4%B9%8B" n3="%E3%81%8B%E3%82%8F%E3%81%A1%E3%82%83%E3%82%93%35%38" dan="17,16,16,16" rate="2181.40,2144.18,2127.63,2159.17" sx="M,M,M,M"/><TAIKYOKU oya="0"/><INIT seed="0,0,0,3,1,93" ten="250,250,250,250" oya="0" hai0="53,13,15,25,75,124,78,66,111,3,80,106,88" hai1="76,101,19,16,14,50,85,41,64,100,115,72,23" hai2="110,112,36,70,127,128,1,125,109,32,89,26,135" hai3="56,116,46,114,33,77,122,52,40,0,28,21,71"/><T22/><D124/><U43/><E115/><V55/><RYUUKYOKU type="yao9" ba="0,0" sc="250,0,250,0,250,0,250,0" hai2="1,26,32,36,55,70,89,109,110,112,125,127,128,135" /><INIT seed="0,1,0,2,3,74" ten="250,250,250,250" oya="0" hai0="22,126,48,66,40,129,28,75,5,19,46,32,59" hai1="60,4,124,87,69,102,42,50,37,65,98,96,55" hai2="45,110,7,101,47,61,80,27,72,108,95,84,67" hai3="51,71,121,113,9,43,97,134,122,100,88,52,2"/><T8/><D126/><U120/><E120/><N who="3" m="46186" /><G113/><T73/><D129/><U127/><E4/><V62/><F72/><W115/><G115/><T21/><D66/><U94/><E98/><N who="2" m="59615" /><F7/><N who="3" m="1271" /><G71/><T38/><D59/><N who="1" m="33271" /><E87/><V53/><F27/><W119/><G134/><T89/><D22/><U109/><E109/><N who="2" m="42091" /><F53/><W133/><G133/><T125/><D38/><U70/><E70/><N who="2" m="42351" /><F62/><W112/><G112/><T104/><D125/><U79/><E127/><V118/><F118/><W35/><G35/><T68/><D68/><U58/><E58/><V54/><F54/><W41/><G119/><T114/><D114/><U103/><E124/><V90/><AGARI ba="1,0" hai="45,47,80,84,90" m="42351,42091,59615" machi="90" ten="30,1100,0" yaku="14,1" doraHai="74" who="2" fromWho="2" sc="250,-6,250,-4,250,14,250,-4" /><INIT seed="1,0,0,0,5,20" ten="244,246,264,246" oya="1" hai0="2,27,75,104,26,110,130,116,98,45,12,58,111" hai1="127,51,19,49,34,86,113,59,89,33,61,36,81" hai2="56,124,122,40,21,50,42,132,60,84,100,126,57" hai3="97,108,30,3,44,38,63,66,18,29,22,8,77"/><U41/><E113/><V16/><F122/><W6/><G108/><N who="0" m="41515" /><D2/><U15/><E127/><N who="2" m="48683" /><F132/><W70/><G77/><T133/><D116/><U135/><E36/><V25/><F100/><W102/><G44/><T72/><D133/><U88/><E135/><V55/><F84/><W65/><G65/><AGARI ba="0,0" hai="16,21,25,40,42,50,55,56,57,60,65" m="48683" machi="65" ten="30,3900,0" yaku="18,1,52,1,54,1" doraHai="20" who="2" fromWho="3" sc="244,0,246,0,264,39,246,-39" /><INIT seed="2,0,0,2,5,27" ten="244,246,303,207" oya="2" hai0="41,77,70,11,9,75,133,110,51,24,17,104,58" hai1="127,93,22,129,38,3,23,116,56,57,108,45,1" hai2="4,134,62,7,84,32,94,55,128,103,109,46,71" hai3="15,66,73,86,14,120,102,99,26,16,135,44,42"/><V131/><F134/><W21/><G135/><T40/><D70/><U39/><E116/><V122/><F122/><W5/><G73/><T25/><D104/><U90/><E108/><V18/><F32/><W88/><G66/><T50/><D110/><U12/><E12/><V29/><F29/><W112/><G112/><T74/><D133/><U63/><E127/><V36/><F109/><W47/><G120/><T64/><D64/><U107/><E107/><V13/><F71/><W60/><G60/><T113/><D58/><U121/><E121/><V82/><F94/><W101/><G99/><T49/><D49/><U72/><E72/><V89/><F103/><N who="3" m="39435" /><G42/><T85/><D85/><U8/><E129/><V87/><F62/><W117/><G117/><T126/><D126/><U67/><E45/><N who="3" m="17482" /><G5/><T98/><D98/><U118/><E118/><V53/><F7/><W96/><G96/><T28/><D113/><U20/><E57/><V124/><F4/><W95/><AGARI ba="0,0" hai="14,15,16,21,26,86,88,95" m="17482,39435" machi="95" ten="30,4000,0" yaku="8,1,54,2" doraHai="27" who="3" fromWho="3" sc="244,-10,246,-10,303,-20,207,40" /><INIT seed="3,0,0,0,1,78" ten="234,236,283,247" oya="3" hai0="80,101,29,21,112,3,98,34,103,45,75,36,74" hai1="130,32,57,40,91,131,79,46,65,96,7,134,77" hai2="17,127,63,88,94,43,33,71,35,39,85,120,132" hai3="109,102,107,105,111,108,115,18,56,93,15,6,129"/><W25/><G115/><T62/><D3/><U48/><E32/><V73/><F73/><W30/><G129/><N who="1" m="49162" /><E7/><V116/><F43/><W66/><G6/><T87/><D34/><U53/><E65/><N who="2" m="41407" /><F39/><W9/><G66/><T95/><D112/><U118/><E134/><V11/><F116/><W0/><G56/><T110/><D103/><U49/><E118/><V26/><F132/><W16/><G18/><T12/><D62/><U133/><E133/><V51/><F51/><W97/><G0/><T122/><D110/><U41/><E40/><V104/><F104/><W8/><G8/><T119/><D119/><U28/><E28/><V44/><F44/><W117/><G117/><T121/><D45/><U100/><E91/><V59/><F59/><W5/><G5/><T92/><D36/><U126/><E126/><V52/><F35/><AGARI ba="0,0" hai="9,15,16,25,30,35,93,97,102,105,107,108,109,111" machi="35" ten="40,7700,0" yaku="14,1,10,1,54,1" doraHai="78" who="3" fromWho="2" sc="234,0,236,0,283,-77,247,77" owari="234,-16.6,236,3.6,206,-29.4,324,42.4" /></mjloggm>