<mjloggm ver="2.3"><GO type="225" lobby="0"/><UN n0="%E4%BF%BA%E3%81%A8%E5%A6%96%E5%A4%A2" n1="%E6%9D%B1%E9%A2%A8%E3%81%AE%E3%81%8D%E3%82%83%E3%81%B7%E3%81%95%E3%82%93" n2="%E6%80%AA%E3%81%97%E3%81%99%E3%81%8E%E3%82%8B%E3%83%81%E3%83%BC" n3="%E4%B8%8B%E6%AE%B5%E3%83%81%E3%82%A7%E3%83%AA%E3%83%BC" dan="16,16,16,16" rate="2236.33,2176.82,2064.99,2130.28" sx="F,M,M,M"/><TAIKYOKU oya="0"/><INIT seed="0,0,0,3,0,127" ten="250,250,250,250" oya="0" hai0="24,88,50,42,51,47,109,49,81,9,26,86,97" hai1="17,110,14,69,71,44,30,66,96,28,95,4,73" hai2="12,40,61,77,7,68,46,8,18,135,128,65,35" hai3="19,21,103,121,55,36,34,16,0,85,89,74,10"/><T119/><D119/><U114/><E73/><V104/><F128/><W1/><G74/><T39/><D109/><U92/><E110/><V11/><F135/><W43/><G34/><T98/><D98/><U90/><E114/><V120/><F120/><W29/><G121/><T83/><D83/><U72/><E72/><V102/><F35/><W115/><G115/><T70/><D70/><U91/><E4/><V56/><F77/><W111/><G111/><T93/><REACH who="0" step="1"/><D9/><REACH who="0" ten="240,250,250,250" step="2"/><U3/><E69/><V15/><F68/><W76/><G10/><T132/><D132/><U130/><E71/><V41/><F104/><W52/><G103/><AGARI ba="0,1" hai="24,26,39,42,47,49,50,51,81,86,88,93,97,103" machi="103" ten="40,3900,0" yaku="1,1,54,1,53,0" doraHai="127" doraHaiUra="31" who="0" fromWho="3" sc="240,49,250,0,250,0,250,-39" /><INIT seed="0,1,0,4,0,96" ten="289,250,250,211" oya="0" hai0="47,86,67,127,57,55,70,106,93,21,87,44,77" hai1="37,88,6,128,23,48,52,126,22,72,78,61,24" hai2="102,59,113,82,62,46,65,89,33,80,15,30,41" hai3="115,50,68,103,9,92,13,25,109,38,101,111,130"/><T79/><D106/><U97/><E37/><V34/><F113/><W112/><G38/><T5/><D127/><U39/><E126/><V35/><F102/><N who="3" m="38923" /><G68/><T83/><D67/><U43/><E128/><V19/><F30/><W95/><G130/><T63/><D5/><U27/><E72/><V58/><F89/><W20/><G112/><T26/><D70/><U16/><E78/><V31/><F59/><W29/><G115/><T131/><D131/><U10/><E61/><V99/><F99/><W117/><G117/><T91/><REACH who="0" step="1"/><D77/><REACH who="0" ten="279,250,250,211" step="2"/><U124/><E124/><V51/><REACH who="2" step="1"/><F31/><AGARI ba="1,1" hai="21,26,31,44,47,55,57,63,79,83,86,87,91,93" machi="31" ten="30,11600,0" yaku="1,1,2,1,7,1,8,1,53,0" doraHai="96" doraHaiUra="118" who="0" fromWho="2" sc="279,129,250,0,250,-119,211,0" /><INIT seed="0,2,0,0,0,83" ten="408,250,131,211" oya="0" hai0="133,79,1,109,23,116,47,43,102,114,119,34,56" hai1="110,77,4,61,95,54,57,58,131,5,134,20,69" hai2="94,14,103,53,52,112,63,88,67,13,6,121,44" hai3="115,99,36,128,32,18,42,117,49,74,105,11,41"/><T104/><D114/><U127/><E69/><V9/><F121/><W21/><G115/><T24/><D79/><U62/><E110/><V30/><F112/><W106/><G74/><T33/><D56/><U87/><E127/><V89/><F30/><W16/><G32/><T111/><D102/><U45/><E134/><V55/><F44/><W84/><G117/><N who="0" m="45131" /><D104/><U38/><E131/><V118/><F14/><W25/><G128/><T132/><D47/><U10/><E38/><V80/><F118/><W98/><G36/><T59/><D59/><U35/><E35/><N who="0" m="13321" /><D1/><U91/><E45/><V64/><F103/><W123/><G123/><T97/><D97/><U7/><E77/><V39/><F39/><W2/><G2/><T60/><D60/><U124/><E124/><V125/><F125/><W78/><G78/><T92/><D92/><U3/><REACH who="1" step="1"/><E20/><REACH who="1" ten="408,240,131,211" step="2"/><V76/><F63/><W22/><G22/><T31/><D43/><U129/><E129/><V120/><F120/><W40/><G42/><T82/><D82/><U86/><E86/><N who="2" m="48391" /><F89/><W113/><G113/><T71/><D71/><U8/><E8/><V68/><F68/><W75/><G11/><T122/><D122/><U65/><AGARI ba="2,1" hai="3,4,5,7,10,54,57,58,61,62,65,87,91,95" machi="65" ten="20,12000,2" yaku="1,1,0,1,7,1,52,1,53,3" doraHai="83" doraHaiUra="0" who="1" fromWho="1" sc="408,-62,240,136,131,-32,211,-32" /><INIT seed="1,0,0,3,2,52" ten="346,376,99,179" oya="1" hai0="63,17,56,125,30,57,6,59,0,78,9,4,22" hai1="106,28,100,132,98,110,107,105,29,32,24,21,96" hai2="64,34,83,133,23,75,58,80,76,13,88,104,61" hai3="33,113,95,48,54,121,69,93,5,128,31,92,119"/><U8/><E132/><V112/><F133/><W68/><G113/><T19/><D125/><U72/><E72/><V82/><F112/><W86/><G121/><T87/><D4/><U25/><E110/><V43/><F34/><W135/><G135/><T90/><D78/><U27/><E27/><V118/><F104/><W14/><G119/><T55/><D30/><U134/><E134/><V108/><F108/><W77/><G128/><T127/><D127/><U115/><E115/><V71/><F118/><W130/><G130/><T26/><REACH who="0" step="1"/><D17/><REACH who="0" ten="336,376,99,179" step="2"/><U10/><REACH who="1" step="1"/><E98/><REACH who="1" ten="336,366,99,179" step="2"/><V102/><F75/><W122/><G122/><T99/><D99/><U94/><AGARI ba="0,2" hai="8,10,21,24,25,28,29,32,94,96,100,105,106,107" machi="94" ten="30,6000,0" yaku="1,1,2,1,0,1,53,0" doraHai="52" doraHaiUra="2" who="1" fromWho="1" sc="336,-20,366,80,99,-20,179,-20" /><INIT seed="1,1,0,5,1,34" ten="316,446,79,159" oya="1" hai0="40,132,14,99,67,53,27,51,65,32,88,114,2" hai1="96,92,7,103,130,19,11,112,123,59,91,45,71" hai2="85,20,98,15,131,74,9,37,70,107,35,12,73" hai3="33,80,119,64,124,126,90,17,104,41,55,30,38"/><U62/><E71/><V84/><F35/><W0/><G104/><T134/><D114/><U61/><E112/><V122/><F70/><W63/><G119/><T110/><D40/><U5/><E130/><V115/><F115/><W78/><G55/><T95/><D14/><U116/><E123/><V58/><F37/><W49/><G38/><T44/><D110/><U28/><E116/><V13/><F122/><W125/><G90/><T120/><D120/><U22/><E28/><V16/><F131/><W75/><G17/><T25/><D2/><U86/><E45/><V89/><F58/><W47/><G30/><T108/><D108/><U100/><E100/><V48/><F48/><W3/><G33/><T82/><D32/><U69/><E69/><AGARI ba="1,0" hai="0,3,41,47,49,63,64,69,75,78,80,124,125,126" machi="69" ten="40,5200,0" yaku="18,1,52,2" doraHai="34" who="3" fromWho="1" sc="316,0,446,-55,79,0,159,55" /><INIT seed="2,0,0,1,3,13" ten="316,391,79,214" oya="2" hai0="65,60,129,105,14,51,67,16,38,1,110,25,62" hai1="3,41,76,74,134,64,77,83,22,17,54,42,108" hai2="89,106,26,85,122,98,7,107,9,15,127,78,30" hai3="39,101,47,73,24,20,35,12,79,135,61,125,37"/><V126/><F122/><W82/><G125/><N who="2" m="47625" /><F98/><W131/><G135/><T19/><D38/><U133/><E77/><V11/><F78/><W113/><G113/><T8/><D105/><U52/><E64/><N who="0" m="24649" /><D110/><U103/><E103/><V88/><F11/><W32/><G131/><T84/><D129/><U0/><E108/><V91/><F85/><W111/><G111/><T119/><D119/><U104/><E104/><V118/><F118/><W58/><G101/><T2/><D2/><U100/><E100/><V128/><F128/><W90/><G90/><N who="2" m="23041" /><V75/><DORA hai="114" /><F75/><W48/><G37/><T36/><D1/><U120/><E120/><V46/><F46/><W63/><G39/><T112/><D36/><U29/><E3/><V4/><F7/><W44/><G44/><T5/><D112/><U57/><E74/><V50/><F50/><W27/><G47/><T66/><D84/><U123/><E123/><V34/><AGARI ba="0,0" hai="4,9,15,26,30,34,106,107" m="23041,47625" machi="34" ten="40,3900,0" yaku="18,1,54,1" doraHai="13,114" who="2" fromWho="2" sc="316,-13,391,-13,79,39,214,-13" /><INIT seed="2,1,0,5,2,110" ten="303,378,118,201" oya="2" hai0="21,109,1,107,78,43,105,123,5,120,116,7,69" hai1="51,17,67,58,16,111,37,80,94,124,33,30,134" hai2="76,0,38,119,42,90,126,95,65,72,19,55,47" hai3="115,73,88,121,50,70,60,112,132,23,52,99,9"/><V56/><F119/><W125/><G121/><T92/><D69/><U4/><E111/><V87/><F126/><W57/><G73/><T71/><D71/><U127/><E37/><V11/><F65/><W103/><G125/><N who="1" m="48202" /><E4/><V44/><F44/><W114/><G132/><T41/><D92/><U129/><E94/><V131/><F131/><W62/><G70/><T22/><D78/><U77/><E129/><V96/><F19/><W59/><G9/><T2/><REACH who="0" step="1"/><D109/><REACH who="0" ten="293,378,118,201" step="2"/><U66/><E134/><V63/><F72/><W74/><G74/><T130/><D130/><U100/><E100/><V45/><F76/><W46/><G88/><T8/><D8/><U35/><E67/><V113/><F113/><W14/><G62/><T18/><D18/><N who="1" m="7275" /><E30/><V117/><F117/><AGARI ba="1,1" hai="1,2,5,7,21,22,41,43,105,107,116,117,120,123" machi="117" ten="25,3200,0" yaku="1,1,22,2,53,0" doraHai="110" doraHaiUra="86" who="0" fromWho="2" sc="293,45,378,0,118,-35,201,0" /><INIT seed="3,0,0,2,0,24" ten="338,378,83,201" oya="3" hai0="64,71,65,104,123,35,110,61,49,103,112,66,56" hai1="117,43,2,115,68,48,9,105,127,85,67,50,33" hai2="73,126,130,46,14,42,15,108,27,63,120,107,106" hai3="37,133,25,135,57,62,96,60,1,97,29,114,101"/><W93/><G114/><T88/><D112/><U109/><E85/><V111/><F73/><W89/><G1/><T82/><D123/><U32/><E50/><V116/><F116/><W4/><G4/><T84/><D110/><U18/><E18/><V58/><F120/><W47/><G37/><T86/><D35/><U94/><E94/><V131/><F126/><W87/><G47/><T31/><D31/><U125/><E48/><V124/><F124/><W102/><G97/><T132/><D132/><N who="3" m="50761" /><G57/><T10/><D10/><U129/><E43/><V122/><F122/><W59/><G59/><T113/><D113/><U21/><E2/><V44/><F27/><W95/><G102/><T75/><D75/><U11/><E115/><V83/><F58/><W90/><G90/><T45/><D56/><U70/><E33/><AGARI ba="0,0" hai="25,29,33,60,62,87,89,93,95,96,101" m="50761" machi="33" ten="30,2900,0" yaku="20,1,52,1" doraHai="24" who="3" fromWho="1" sc="338,0,378,-29,83,0,201,29" /><INIT seed="3,1,0,4,2,44" ten="338,349,83,230" oya="3" hai0="51,78,82,26,13,99,92,133,125,110,126,36,83" hai1="120,118,50,12,87,96,0,65,103,69,109,121,73" hai2="70,72,49,27,56,106,114,107,61,100,89,79,66" hai3="124,48,8,3,111,127,94,18,17,123,11,130,30"/><W84/><G123/><T52/><D36/><U29/><E73/><V43/><F114/><W10/><G130/><T55/><D110/><U59/><E0/><V112/><F112/><W24/><G84/><T57/><D133/><U28/><E87/><V108/><F108/><W39/><G94/><T34/><D13/><U25/><E109/><V14/><F14/><W38/><G111/><T63/><D26/><U113/><E113/><V74/><F89/><W7/><G39/><T58/><D34/><N who="1" m="20751" /><E29/><V105/><F100/><W32/><G38/><T22/><D22/><U101/><E101/><V2/><F2/><W93/><G93/><T122/><D122/><U81/><E81/><V6/><F6/><W95/><G95/><T80/><REACH who="0" step="1"/><D78/><REACH who="0" ten="328,349,83,230" step="2"/><U88/><E12/><V68/><F27/><W33/><G33/><T42/><D42/><U76/><E76/><V62/><F79/><W132/><G132/><T115/><D115/><U4/><E4/><V119/><F119/><W104/><G104/><T41/><D41/><U47/><E118/><V64/><F43/><W15/><G48/><T40/><D40/><N who="1" m="24935" /><E88/><AGARI ba="1,1" hai="51,52,55,57,58,63,80,82,83,88,92,99,125,126" machi="88" ten="40,8000,1" yaku="1,1,52,1,54,2,53,0" doraHai="44" doraHaiUra="23" who="0" fromWho="1" sc="328,93,349,-83,83,0,230,0" owari="421,52.1,266,6.6,83,-41.7,230,-17.0" /></mjloggm>