<mjloggm ver="2.3"><GO type="225" lobby="0"/><UN n0="%E3%81%B8%E3%82%80%E3%81%B8%E3%82%80%EF%BC%92%E5%8F%B7" n1="%E6%A1%9C%E8%8A%B1%E9%96%83%E3%80%85" n2="%E3%83%94%E3%83%B3%E3%82%B5%E3%83%AD%E5%BA%97%E5%93%A1" n3="%E3%81%BF%E3%81%BF%E3%81%9A" dan="16,17,16,18" rate="2106.05,2148.64,2169.53,2236.35" sx="M,M,M,M"/><TAIKYOKU oya="0"/><INIT seed="0,0,0,4,0,14" ten="250,250,250,250" oya="0" hai0="43,120,59,83,99,27,81,15,66,61,121,125,123" hai1="5,19,113,47,133,79,13,104,114,86,18,82,67" hai2="100,72,122,63,44,20,29,97,118,130,126,58,24" hai3="124,55,109,101,76,77,131,95,3,45,11,92,129"/><T135/><D125/><U46/><E104/><V60/><F122/><W6/><G124/><T26/><D135/><U28/><E133/><V49/><F126/><W51/><G109/><T105/><D43/><U23/><E5/><V31/><F72/><W102/><G92/><T108/><D108/><U1/><E1/><V40/><F130/><N who="3" m="49675" /><G95/><T71/><D59/><U116/><E116/><V53/><F118/><W87/><G87/><T69/><D69/><U30/><E67/><V111/><F111/><W110/><G110/><T36/><D36/><U57/><E57/><V7/><F7/><W33/><G33/><T16/><D26/><N who="1" m="14719" /><E114/><V39/><REACH who="2" step="1"/><F31/><REACH who="2" ten="250,250,240,250" step="2"/><N who="1" m="11817" /><E113/><V74/><F74/><W119/><G119/><T25/><D25/><U34/><E34/><V62/><F62/><W10/><G10/><AGARI ba="0,1" hai="10,13,18,46,47,79,82,86" m="11817,14719" machi="10" ten="30,3900,0" yaku="8,1,52,2" doraHai="14" who="1" fromWho="3" sc="250,0,250,49,240,0,250,-39" /><INIT seed="1,0,0,2,2,28" ten="250,299,240,211" oya="1" hai0="60,118,16,11,13,76,55,59,31,25,29,14,95" hai1="90,97,123,36,40,75,24,19,18,30,8,32,17" hai2="46,27,133,7,52,42,3,86,128,135,126,115,78" hai3="89,105,68,87,77,93,101,70,51,134,127,22,80"/><U107/><E123/><V33/><F128/><W88/><G127/><T81/><D118/><U54/><E75/><V26/><F126/><W84/><G134/><N who="2" m="51209" /><F115/><W120/><G120/><T96/><D14/><U5/><E54/><V103/><F103/><W116/><G116/><T125/><D125/><U83/><E83/><N who="2" m="47479" /><F52/><W82/><G22/><T121/><D121/><U85/><E85/><V91/><F91/><W112/><G51/><T109/><D109/><U15/><E90/><V20/><F20/><W50/><G50/><T0/><D0/><U117/><E117/><V66/><F66/><W65/><G112/><T63/><D63/><U12/><E97/><V35/><F7/><W98/><REACH who="3" step="1"/><G65/><REACH who="3" ten="250,299,240,201" step="2"/><T34/><D29/><U132/><E132/><V43/><F43/><W129/><G129/><T21/><D21/><U9/><REACH who="1" step="1"/><E107/><REACH who="1" ten="250,289,240,201" step="2"/><V61/><F42/><W37/><G37/><T1/><D55/><U39/><E39/><V131/><F131/><W73/><AGARI ba="0,2" hai="68,70,73,77,80,82,84,87,88,89,93,98,101,105" machi="73" ten="20,12000,2" yaku="1,1,0,1,7,1,24,2,54,1,53,0" doraHai="28" doraHaiUra="71" who="3" fromWho="3" sc="250,-30,289,-60,240,-30,201,140" /><INIT seed="2,0,0,5,3,12" ten="220,229,210,341" oya="2" hai0="81,107,2,57,131,80,86,89,55,132,0,14,60" hai1="90,71,29,82,77,69,30,85,114,58,4,7,32" hai2="106,56,47,10,103,17,64,100,38,94,18,44,72" hai3="70,97,78,124,3,128,93,111,34,73,48,13,108"/><V74/><F106/><W8/><G34/><T24/><D131/><U33/><E114/><V62/><F38/><W25/><G128/><T113/><D113/><U98/><E33/><V43/><F74/><W96/><G124/><T53/><D132/><U95/><E32/><V127/><F72/><W66/><G3/><T23/><D107/><U135/><E135/><V35/><F35/><W105/><G25/><T112/><D112/><U45/><E45/><N who="2" m="17483" /><F127/><W61/><G48/><T84/><D14/><U20/><E71/><V6/><F43/><W54/><G54/><T19/><REACH who="0" step="1"/><D53/><REACH who="0" ten="210,229,210,341" step="2"/><U92/><E4/><V129/><F129/><W126/><G105/><T50/><D50/><U87/><E7/><V31/><F6/><N who="3" m="3223" /><G126/><T37/><D37/><U76/><E95/><V15/><F94/><W68/><G93/><T125/><D125/><U9/><E92/><V39/><F39/><W28/><G97/><T49/><D49/><U26/><E98/><V40/><F40/><W41/><G96/><T116/><D116/><U121/><E121/><V42/><F42/><W22/><G41/><T115/><D115/><U88/><E26/><V79/><F103/><W65/><G111/><T59/><D59/><U122/><E58/><V133/><F100/><W67/><G108/><T119/><D119/><U104/><E104/><V16/><F133/><W117/><G117/><T134/><D134/><U75/><E122/><V11/><F15/><W83/><G70/><T52/><D52/><U36/><E36/><V123/><F123/><W27/><G68/><T1/><D1/><U5/><E69/><RYUUKYOKU ba="0,1" sc="210,15,229,-15,210,-15,341,15" hai0="0,2,19,23,24,55,57,60,80,81,84,86,89" hai3="22,27,28,61,65,66,67,73,78,83" /><INIT seed="3,1,1,0,2,20" ten="225,214,195,356" oya="3" hai0="71,45,84,67,41,133,29,88,102,75,134,78,125" hai1="1,80,95,36,97,46,93,57,35,39,42,77,9" hai2="26,10,24,61,123,54,12,131,117,37,22,51,85" hai3="109,82,62,105,56,31,4,70,15,13,76,81,0"/><W18/><G105/><T3/><D3/><U66/><E35/><V135/><F117/><W2/><G70/><T130/><D130/><U27/><E39/><V52/><F37/><W83/><G76/><T64/><D125/><U122/><E122/><V98/><F131/><W30/><G4/><T100/><D29/><U8/><E27/><N who="2" m="10283" /><F123/><W104/><G82/><N who="0" m="49175" /><D78/><U114/><E114/><V126/><F126/><W79/><G13/><T55/><D55/><N who="2" m="21034" /><F135/><N who="0" m="51722" /><D75/><U6/><E1/><V68/><F68/><W21/><G104/><T72/><D72/><U33/><E33/><V38/><F38/><W92/><G0/><T23/><D23/><U28/><E28/><V110/><F110/><W47/><G21/><T124/><D124/><U103/><E36/><V87/><F22/><W106/><G2/><T11/><D11/><U127/><E127/><V48/><F61/><W19/><G62/><N who="0" m="40343" /><D67/><U91/><E9/><V17/><F98/><W63/><G109/><T108/><D108/><U49/><E8/><V121/><F121/><W101/><G106/><T5/><D5/><U74/><E6/><V65/><F65/><W112/><G63/><T128/><D128/><U34/><E34/><V40/><F51/><AGARI ba="1,1" hai="41,45,51,100,102" m="40343,51722,49175" machi="51" ten="30,2000,0" yaku="20,1,54,1" doraHai="20" who="0" fromWho="2" sc="225,33,214,0,195,-23,356,0" owari="258,5.8,214,-18.6,172,-32.8,356,45.6" /></mjloggm>