<mjloggm ver="2.3"><GO type="225" lobby="0"/><UN n0="%E6%98%93%E5%88%A9%E8%96%A9%E4%BC%AF" n1="%E6%81%A5%E6%99%92%E3%81%97" n2="%E7%89%B9%E6%9D%B1%E3%81%AF%E4%B8%96%E7%95%8C%E3%82%92%E6%95%91%E3%81%86" n3="%E3%83%A9%E3%82%B9%E7%8E%87%EF%BC%93%E5%89%B2" dan="17,17,16,16" rate="2191.77,2204.52,2154.11,2169.75" sx="F,M,M,F"/><TAIKYOKU oya="0"/><INIT seed="0,0,0,3,2,97" ten="250,250,250,250" oya="0" hai0="111,2,132,41,81,12,0,66,128,54,72,74,39" hai1="75,113,86,32,36,135,71,8,89,6,107,50,118" hai2="33,52,19,88,69,92,44,105,91,49,30,28,5" hai3="120,94,96,14,67,45,130,129,122,114,16,23,85"/><T76/><D128/><N who="3" m="49257" /><G67/><T43/><D132/><U13/><E113/><V7/><F105/><W64/><G64/><T93/><D74/><U51/><E118/><V34/><F69/><W70/><G45/><T68/><D111/><U119/><E119/><V38/><F38/><W22/><G85/><T101/><D54/><U26/><E36/><V80/><F33/><W40/><G40/><T29/><D12/><U9/><E107/><V42/><F42/><W87/><G87/><T117/><D43/><U63/><E75/><V27/><F28/><W17/><G114/><T131/><D29/><U10/><E71/><V77/><F19/><W53/><G53/><T112/><D112/><U99/><E63/><V20/><F34/><W121/><G70/><T73/><D73/><U48/><E135/><V78/><F91/><N who="3" m="55391" /><G17/><T115/><D115/><U90/><E90/><V126/><F126/><W127/><G127/><T37/><D117/><U3/><E89/><V125/><F125/><W83/><G83/><T60/><D131/><U25/><E6/><N who="2" m="2059" /><F80/><W35/><G35/><T11/><D39/><U84/><E32/><V106/><F106/><W55/><G55/><T24/><D41/><U62/><E62/><V47/><F47/><W61/><G61/><T102/><D37/><U110/><E110/><V82/><F82/><W104/><G104/><T46/><D46/><U134/><E134/><V100/><F78/><W31/><G31/><T56/><D68/><U15/><E3/><V98/><F77/><W4/><G4/><T108/><D2/><U116/><E116/><V95/><F95/><RYUUKYOKU ba="0,0" sc="250,-15,250,-15,250,15,250,15" hai2="20,27,30,44,49,52,88,92,98,100" hai3="14,16,22,23,120,121,122" /><INIT seed="1,1,0,5,3,56" ten="235,235,265,265" oya="1" hai0="112,108,70,1,88,129,30,27,33,34,92,89,119" hai1="86,25,113,114,101,44,32,9,90,100,6,40,18" hai2="79,132,71,118,76,45,66,62,13,29,35,22,93" hai3="124,43,74,57,107,51,121,4,83,116,14,122,16"/><U31/><E18/><V61/><F118/><W12/><G107/><T127/><D119/><U60/><E113/><V135/><F35/><W55/><G116/><T3/><D112/><U21/><E114/><V54/><F93/><W69/><G69/><T10/><D108/><U15/><E32/><V72/><F72/><W82/><G124/><T77/><D127/><U126/><E126/><V95/><F95/><W20/><G74/><T17/><D77/><U105/><E105/><V24/><F13/><W128/><G128/><T41/><D34/><U115/><E60/><N who="2" m="23147" /><F71/><W97/><G97/><T84/><D70/><U65/><E65/><V19/><F66/><W94/><G94/><T5/><D129/><U85/><E115/><V99/><F99/><W2/><G2/><T8/><D89/><U36/><E86/><V120/><F29/><W0/><G0/><T64/><D64/><U103/><E103/><V133/><F120/><W102/><G102/><T50/><D17/><U67/><E67/><V68/><F68/><W73/><G73/><T123/><D123/><U58/><E58/><V130/><F130/><W87/><G87/><T11/><REACH who="0" step="1"/><D3/><REACH who="0" ten="225,235,265,265" step="2"/><U38/><REACH who="1" step="1"/><E38/><REACH who="1" ten="225,225,265,265" step="2"/><V134/><F133/><W63/><G122/><T98/><D98/><U106/><E106/><V131/><F131/><W23/><G121/><T7/><D7/><U42/><E42/><V39/><F39/><W59/><G43/><T53/><D53/><U109/><E109/><V47/><F54/><N who="3" m="31967" /><G4/><T91/><D91/><U28/><E28/><V46/><AGARI ba="1,2" hai="19,22,24,45,46,47,76,79,132,134,135" m="23147" machi="46" ten="40,8000,1" yaku="20,1,52,3" doraHai="56" who="2" fromWho="2" sc="225,-21,225,-41,265,103,265,-21" /><INIT seed="2,0,0,0,1,83" ten="204,184,368,244" oya="2" hai0="93,58,107,86,10,119,94,57,27,46,87,71,47" hai1="26,42,38,5,89,118,99,14,103,6,50,81,35" hai2="40,39,76,97,33,75,1,123,126,65,101,82,90" hai3="16,68,125,19,22,79,41,63,32,116,25,124,34"/><V51/><F123/><W31/><G41/><T23/><D71/><U73/><E118/><V9/><F33/><N who="3" m="12907" /><G79/><T43/><D107/><U55/><E38/><V7/><F126/><N who="3" m="48747" /><G116/><T48/><D10/><U102/><E42/><V59/><F90/><W36/><G36/><T122/><D47/><U129/><E129/><V91/><F91/><W114/><G114/><T88/><D122/><U28/><E14/><V133/><F51/><W80/><G80/><N who="0" m="49223" /><D119/><U117/><E117/><V130/><F130/><W52/><G68/><T131/><D131/><U134/><E134/><V128/><F133/><W62/><G62/><T61/><D87/><U67/><E67/><V18/><F65/><W132/><G132/><T98/><D98/><U12/><E12/><V4/><F97/><W66/><G66/><N who="0" m="39215" /><D58/><AGARI ba="0,0" hai="16,19,22,25,31,52,58,63" m="48747,12907" machi="58" ten="30,3900,0" yaku="18,1,54,2" doraHai="83" who="3" fromWho="0" sc="204,-39,184,0,368,0,244,39" /><INIT seed="3,0,0,0,1,45" ten="165,184,368,283" oya="3" hai0="71,131,84,25,37,127,67,40,88,1,6,99,46" hai1="72,7,79,34,17,98,0,58,102,126,122,13,119" hai2="86,125,36,19,117,3,50,39,29,20,11,77,92" hai3="42,24,59,69,35,27,96,94,78,31,52,22,75"/><W51/><G69/><T108/><D108/><U113/><E113/><V32/><F117/><W62/><G75/><T130/><D99/><U55/><E119/><V54/><F125/><W87/><G42/><T103/><D103/><U56/><E126/><V90/><F29/><W64/><G78/><T48/><D127/><U70/><E34/><V97/><F32/><W26/><G87/><T133/><D133/><U128/><E58/><V74/><F74/><W23/><G23/><T106/><D106/><U49/><E128/><N who="0" m="49193" /><D25/><U41/><E122/><V85/><F3/><W118/><G35/><T47/><D6/><U60/><E0/><V120/><F11/><W116/><G116/><T21/><D1/><U110/><E110/><V43/><F43/><W89/><G118/><T111/><D111/><U63/><E70/><V2/><F2/><W95/><G95/><N who="0" m="54663" /><D21/><N who="1" m="11439" /><E7/><V61/><F120/><W28/><G28/><T114/><D114/><U83/><E72/><V132/><F132/><W68/><AGARI ba="0,0" hai="22,24,26,27,31,51,52,59,62,64,68,89,94,96" machi="68" ten="20,7800,0" yaku="0,1,7,1,52,1,54,1" doraHai="45" who="3" fromWho="3" sc="165,-26,184,-26,368,-26,283,78" owari="139,-36.1,158,-24.2,342,14.2,361,46.1" /></mjloggm>