<mjloggm ver="2.3"><GO type="225" lobby="0"/><UN n0="%E5%A4%8F%E9%88%B4%E9%88%B4%E5%A4%8F" n1="%70%68%65%6E%6F%6D%65" n2="%66%67%67%68%68%64%66" n3="%E3%81%A4%E3%81%A3%E3%81%B1%E3%82%8A%E3%83%9D%E3%83%BC%E3%83%AB" dan="16,16,16,17" rate="2064.91,2142.35,2089.60,2132.49" sx="F,M,M,M"/><TAIKYOKU oya="0"/><INIT seed="0,0,0,2,4,38" ten="250,250,250,250" oya="0" hai0="5,107,48,44,74,54,118,37,17,11,22,104,96" hai1="49,116,51,88,39,90,82,100,40,128,127,53,60" hai2="103,16,130,85,105,120,35,71,36,10,30,135,132" hai3="112,29,25,134,55,43,45,124,9,12,121,2,106"/><T113/><D113/><U20/><E116/><V110/><F120/><W76/><G112/><T0/><D118/><U126/><E100/><V131/><F71/><W24/><G106/><T23/><D74/><U109/><E109/><V50/><F36/><W81/><G121/><T26/><D37/><U52/><E60/><V56/><F85/><N who="3" m="48295" /><G2/><T27/><REACH who="0" step="1"/><D96/><REACH who="0" ten="240,250,250,250" step="2"/><U129/><E39/><V122/><F122/><W80/><G134/><T21/><D21/><U66/><E20/><V64/><F135/><W4/><G124/><T78/><D78/><U62/><E126/><V63/><F132/><W67/><G29/><AGARI ba="0,1" hai="0,5,11,17,22,23,26,27,29,44,48,54,104,107" machi="29" ten="30,5800,0" yaku="1,1,7,1,53,1" doraHai="38" doraHaiUra="33" who="0" fromWho="3" sc="240,68,250,0,250,0,250,-58" /><INIT seed="0,1,0,1,2,114" ten="308,250,250,192" oya="0" hai0="37,125,44,2,107,68,71,64,18,131,91,85,60" hai1="72,90,84,70,28,41,104,118,9,57,110,75,78" hai2="15,122,21,31,89,1,123,73,54,56,82,50,26" hai3="65,36,79,42,119,24,121,120,43,83,96,88,63"/><T33/><D107/><U62/><E118/><V103/><F1/><W94/><G24/><T134/><D33/><U92/><E70/><V6/><F103/><W12/><G12/><T5/><D131/><U20/><E110/><V117/><F117/><W23/><G23/><T14/><D134/><U97/><E41/><V133/><F133/><W111/><G111/><T116/><D125/><U48/><E48/><V58/><F58/><W34/><G34/><T11/><D116/><U95/><E104/><V87/><REACH who="2" step="1"/><F73/><REACH who="2" ten="308,250,240,192" step="2"/><W46/><G119/><T76/><D71/><U29/><E75/><V80/><F80/><W52/><G43/><T49/><D2/><U67/><E72/><V102/><F102/><W4/><G121/><T105/><D105/><U132/><E132/><V101/><F101/><W51/><G120/><T124/><D124/><U16/><E9/><AGARI ba="1,1" hai="6,9,15,21,26,31,50,54,56,82,87,89,122,123" machi="9" ten="40,1300,0" yaku="1,1,53,0" doraHai="114" doraHaiUra="13" who="2" fromWho="1" sc="308,0,250,-16,240,26,192,0" /><INIT seed="1,0,0,2,2,82" ten="308,234,266,192" oya="1" hai0="55,16,13,129,40,72,126,118,12,14,18,59,56" hai1="86,24,52,57,114,104,62,100,26,28,61,75,127" hai2="124,79,117,7,20,31,107,80,66,8,6,0,85" hai3="54,69,33,106,91,122,29,135,89,44,81,109,43"/><U116/><E114/><V39/><F117/><W96/><G122/><T74/><D118/><U120/><E116/><V2/><F107/><W132/><G69/><T98/><D126/><U125/><E75/><V49/><F39/><W17/><G54/><T93/><D129/><U34/><E120/><V42/><F124/><N who="1" m="47689" /><E26/><V83/><F66/><W60/><G60/><T37/><D40/><U128/><E128/><V101/><F101/><W25/><G109/><T58/><D37/><U115/><E115/><V22/><F31/><W9/><G9/><T123/><D55/><U63/><E86/><V38/><F38/><W108/><G17/><T70/><D70/><U51/><E100/><V71/><F71/><W133/><G108/><T95/><D123/><U19/><E19/><N who="0" m="7209" /><D98/><U68/><E104/><V15/><F80/><W94/><G106/><T3/><D3/><N who="2" m="1066" /><F6/><W105/><G105/><T35/><D35/><U46/><E68/><V130/><F130/><W77/><G96/><T30/><D30/><U10/><E10/><V65/><F65/><AGARI ba="0,0" hai="24,28,34,46,51,52,57,61,62,63,65" m="47689" machi="65" ten="30,2900,0" yaku="18,1,54,1" doraHai="82" who="1" fromWho="2" sc="308,0,234,29,266,-29,192,0" /><INIT seed="1,1,0,1,1,3" ten="308,263,237,192" oya="1" hai0="85,128,125,36,26,94,27,39,96,44,33,111,58" hai1="90,86,5,18,41,23,46,22,14,73,92,15,117" hai2="19,126,4,135,11,89,106,34,64,49,104,121,56" hai3="112,60,72,84,120,31,63,25,77,91,13,118,133"/><U93/><E117/><V99/><F121/><W97/><G112/><T40/><D111/><U65/><E73/><V38/><F38/><W55/><G120/><T87/><D125/><U30/><E65/><V53/><F34/><W124/><G124/><T98/><D128/><U9/><E92/><V8/><F126/><W7/><G118/><T116/><D39/><U12/><E30/><V82/><F135/><W127/><G127/><T130/><D116/><U71/><E71/><V83/><F64/><W16/><G72/><T57/><D130/><U21/><REACH who="1" step="1"/><E15/><REACH who="1" ten="308,253,237,192" step="2"/><N who="2" m="5511" /><F106/><W6/><G133/><T132/><D94/><U50/><AGARI ba="1,1" hai="5,9,12,14,18,21,22,23,41,46,50,86,90,93" machi="50" ten="20,18000,2" yaku="1,1,0,1,7,1,8,1,52,1,53,1" doraHai="3" doraHaiUra="2" who="1" fromWho="1" sc="308,-61,253,193,237,-61,192,-61" /><INIT seed="1,2,0,5,2,60" ten="247,446,176,131" oya="1" hai0="77,33,43,78,34,4,122,28,85,61,83,124,44" hai1="38,25,127,104,116,118,98,119,24,3,41,101,97" hai2="29,80,135,76,99,70,107,123,65,58,49,26,126" hai3="45,30,115,125,59,39,96,14,112,134,47,19,36"/><U2/><E98/><V67/><F123/><W16/><G30/><T120/><D124/><U91/><E91/><V74/><F126/><W82/><G125/><T32/><D78/><U113/><E127/><V84/><F135/><W108/><G96/><T17/><D4/><U105/><E105/><V72/><F70/><W81/><G59/><T128/><D128/><U40/><E113/><V9/><F9/><W79/><G14/><T46/><D28/><U109/><E109/><V89/><F49/><W31/><G31/><T5/><D5/><U102/><E101/><V103/><F58/><W64/><G79/><T88/><D17/><U95/><E95/><N who="2" m="54695" /><F74/><W75/><G75/><T1/><D1/><U51/><E51/><V6/><F6/><W56/><G56/><T48/><D46/><U114/><E114/><V73/><F73/><W110/><REACH who="3" step="1"/><G64/><REACH who="3" ten="247,446,176,121" step="2"/><T0/><D0/><U62/><E2/><V68/><F68/><W86/><G86/><T90/><D61/><U13/><E3/><V63/><F63/><W132/><AGARI ba="2,1" hai="16,19,36,39,45,47,81,82,108,110,112,115,132,134" machi="132" ten="25,8000,1" yaku="1,1,0,1,22,2,54,1,53,0" doraHai="60" doraHaiUra="37" who="3" fromWho="3" sc="247,-22,446,-42,176,-22,121,96" /><INIT seed="2,0,0,2,4,8" ten="225,404,154,217" oya="2" hai0="42,51,49,112,115,99,80,13,47,25,40,102,35" hai1="130,123,107,90,74,46,2,72,18,54,129,12,45" hai2="114,36,62,29,125,0,105,48,104,133,87,23,34" hai3="65,6,111,84,93,81,121,4,32,98,41,43,56"/><V55/><F114/><W30/><G121/><T53/><D40/><N who="3" m="15433" /><G30/><T73/><D13/><U20/><E107/><V24/><F36/><W88/><G32/><T100/><D102/><U57/><E2/><V103/><F0/><W22/><G22/><T9/><D9/><U120/><E90/><V33/><F133/><W128/><G111/><T124/><D124/><U63/><E46/><V28/><F125/><W3/><G3/><T69/><D69/><U26/><E45/><V68/><F87/><W126/><G128/><N who="1" m="49258" /><E26/><V59/><F103/><N who="3" m="60879" /><G126/><T101/><D100/><U16/><E18/><V17/><F29/><W96/><G96/><T1/><D1/><U76/><E76/><V52/><F34/><W109/><G109/><T58/><D35/><U61/><E63/><AGARI ba="0,0" hai="4,6,56,63,65,81,84,88" m="60879,15433" machi="63" ten="30,2000,0" yaku="8,1,54,1" doraHai="8" who="3" fromWho="1" sc="225,0,404,-20,154,0,217,20" /><INIT seed="3,0,0,3,2,58" ten="225,384,154,237" oya="3" hai0="115,78,59,79,17,19,93,20,69,68,71,61,72" hai1="104,97,95,31,99,2,82,60,101,16,113,100,11" hai2="135,22,25,133,55,54,106,81,5,15,67,37,80" hai3="134,63,3,73,7,56,85,65,74,123,128,132,126"/><W107/><G123/><T29/><D29/><U57/><E113/><V92/><F106/><W1/><G107/><T8/><D72/><U21/><E31/><V50/><F37/><W117/><G117/><T32/><D32/><U105/><E82/><V66/><F92/><W47/><G128/><T44/><D44/><U121/><E121/><V87/><F15/><W125/><G85/><T6/><D93/><U118/><E118/><V26/><F87/><W129/><G47/><T35/><D35/><U116/><E95/><V9/><F22/><W77/><G129/><T75/><D75/><N who="3" m="28681" /><G77/><T41/><D41/><U33/><E33/><V88/><F50/><W27/><G27/><T98/><D98/><U96/><E99/><V30/><F30/><W48/><G48/><T4/><D19/><U24/><E116/><V103/><F9/><N who="3" m="2287" /><G3/><T64/><D115/><U36/><E36/><V94/><F94/><W34/><G34/><T40/><D40/><U124/><E11/><V18/><F18/><W39/><G39/><T14/><REACH who="0" step="1"/><D4/><REACH who="0" ten="215,384,154,237" step="2"/><U91/><E104/><V45/><F45/><W112/><G112/><T49/><D49/><U120/><E100/><V10/><F10/><W102/><G102/><T127/><D127/><AGARI ba="0,1" hai="56,63,65,125,126,127,132,134" m="2287,28681" machi="127" ten="30,2900,0" yaku="18,1,52,1" doraHai="58" who="3" fromWho="0" sc="215,-29,384,0,154,0,237,39" /><INIT seed="3,1,0,1,2,4" ten="186,384,154,276" oya="3" hai0="122,83,132,99,81,39,65,100,76,124,1,31,115" hai1="126,23,91,54,102,20,35,103,66,27,24,72,11" hai2="129,121,105,127,47,25,133,107,90,114,48,51,70" hai3="84,92,0,106,38,52,82,134,96,104,101,116,33"/><W78/><G33/><T95/><D122/><U131/><E35/><V85/><F114/><W97/><G38/><T109/><D109/><U73/><E66/><V6/><F121/><W113/><G0/><T30/><D115/><U13/><E126/><V29/><F127/><W50/><G113/><T119/><D119/><U9/><E91/><V64/><F129/><W98/><G116/><T75/><D124/><U61/><E131/><V62/><F133/><W88/><G134/><T14/><D1/><U40/><E40/><V26/><F51/><W112/><G112/><T57/><D39/><U36/><E36/><V2/><F25/><W130/><G130/><T3/><D3/><U10/><E13/><V67/><F67/><W59/><G106/><T21/><D83/><U17/><E73/><AGARI ba="1,0" hai="50,52,59,73,78,82,84,88,92,96,97,98,101,104" machi="73" ten="30,12000,1" yaku="7,1,24,2,54,2" doraHai="4" who="3" fromWho="1" sc="186,0,384,-123,154,0,276,123" owari="186,-21.4,261,6.1,154,-34.6,399,49.9" /></mjloggm>