<mjloggm ver="2.3"><GO type="225" lobby="0"/><UN n0="%E3%81%8A%E3%81%AB%E3%82%83%E3%81%8A%E3%81%A1%E3%82%83" n1="%E6%9D%B1%E9%A2%A8%E3%81%AE%E3%81%8D%E3%82%83%E3%81%B7%E3%81%95%E3%82%93" n2="%E3%81%95%E3%81%8D%E3%81%9F%E3%81%BE%E6%9E%97%E6%AA%8E" n3="%E6%81%AC%E6%B7%A1%E5%AF%82%E5%AF%9E" dan="16,16,16,16" rate="2070.00,2176.57,2107.50,2130.81" sx="M,M,M,F"/><TAIKYOKU oya="0"/><INIT seed="0,0,0,0,3,69" ten="250,250,250,250" oya="0" hai0="55,58,38,9,35,70,3,24,117,122,67,18,110" hai1="2,39,111,133,32,115,27,101,31,85,99,129,7" hai2="98,130,25,84,29,116,47,34,21,126,17,76,6" hai3="64,54,104,93,119,44,43,8,13,109,22,87,103"/><T15/><D117/><U125/><E85/><V86/><F126/><W112/><G112/><T74/><D122/><U91/><E91/><V72/><F130/><W5/><G119/><T132/><D74/><U131/><E115/><V53/><F116/><W51/><G104/><T75/><D75/><U118/><E118/><V52/><F6/><W19/><G64/><T123/><D123/><U57/><E57/><V48/><F72/><W73/><G73/><T71/><D132/><U134/><E111/><V82/><F86/><W68/><G68/><T30/><D67/><U33/><E39/><V114/><F114/><W106/><G106/><T23/><D110/><U77/><E77/><V16/><F98/><W28/><G28/><T41/><D41/><U1/><E99/><V113/><F113/><W66/><G66/><T120/><D38/><U88/><E88/><N who="2" m="51223" /><F34/><W81/><G93/><T108/><D108/><U100/><E100/><V90/><F90/><N who="3" m="51567" /><G103/><T20/><D20/><U107/><E101/><V14/><F76/><W121/><G121/><T105/><D105/><U36/><E36/><V60/><F14/><N who="3" m="9591" /><G109/><T128/><D128/><N who="1" m="49227" /><E107/><V96/><F96/><W56/><G56/><AGARI ba="0,0" hai="16,17,21,25,29,47,48,52,53,56,60" m="51223" machi="56" ten="30,7700,0" yaku="8,1,54,3" doraHai="69" who="2" fromWho="3" sc="250,0,250,0,250,77,250,-77" /><INIT seed="1,0,0,3,4,50" ten="250,250,327,173" oya="1" hai0="74,59,46,84,17,69,88,16,82,112,0,33,120" hai1="28,101,7,41,44,26,8,73,36,126,111,54,81" hai2="45,64,76,11,51,107,114,92,62,22,93,43,67" hai3="86,89,135,29,124,10,24,131,15,133,20,94,116"/><U66/><E101/><V78/><F107/><W123/><G123/><T65/><D112/><U132/><E66/><V70/><F114/><W79/><G131/><T134/><D69/><U103/><E103/><V85/><F67/><W75/><G124/><T104/><D120/><U96/><E96/><V58/><F70/><W102/><G102/><T97/><D104/><U13/><E126/><V130/><F130/><W18/><G75/><T9/><D33/><U128/><E128/><V39/><F39/><W68/><G79/><N who="2" m="30249" /><F85/><W77/><G77/><T4/><D74/><U35/><E81/><V42/><F42/><W127/><G68/><T23/><D97/><U3/><E73/><V31/><F11/><W95/><G127/><T57/><D134/><U60/><E132/><V98/><F98/><W21/><G116/><T52/><D17/><U32/><E111/><V49/><F49/><W83/><G133/><T105/><D65/><U56/><REACH who="1" step="1"/><E3/><REACH who="1" ten="250,240,327,173" step="2"/><V34/><F34/><AGARI ba="0,1" hai="7,8,13,26,28,32,34,35,36,41,44,54,56,60" machi="34" ten="30,12000,1" yaku="1,1,2,1,7,1,52,1,53,1" doraHai="50" doraHaiUra="1" who="1" fromWho="2" sc="250,0,240,130,327,-120,173,0" /><INIT seed="1,1,0,5,3,31" ten="250,370,207,173" oya="1" hai0="87,17,22,62,123,29,12,44,100,106,9,43,60" hai1="125,97,120,75,95,129,28,122,10,37,121,116,0" hai2="124,67,135,72,107,85,66,58,115,11,76,46,134" hai3="4,109,103,16,6,42,104,57,126,61,27,41,108"/><U15/><E75/><V38/><F107/><W56/><G104/><T84/><D123/><U53/><E37/><V80/><F124/><W86/><G103/><T133/><D133/><N who="2" m="50698" /><F115/><W117/><G126/><T101/><D106/><U23/><E125/><V77/><F77/><W83/><G117/><T26/><D101/><U45/><E116/><V3/><F85/><W40/><G57/><T2/><D100/><U99/><E129/><V73/><F73/><W78/><G109/><T65/><D2/><U1/><E99/><V55/><F58/><W112/><G108/><T69/><REACH who="0" step="1"/><D60/><REACH who="0" ten="240,370,207,173" step="2"/><U14/><E0/><V63/><F63/><W50/><G112/><T33/><D33/><U7/><E121/><V79/><F3/><W52/><G61/><T25/><D25/><U20/><E120/><V18/><F67/><W114/><G114/><T132/><D132/><U91/><E122/><V81/><F66/><W47/><G47/><T36/><AGARI ba="1,1" hai="9,12,17,22,26,29,36,43,44,62,65,69,84,87" machi="36" ten="20,2700,0" yaku="1,1,0,1,7,1,53,0" doraHai="31" doraHaiUra="35" who="0" fromWho="0" sc="240,40,370,-14,207,-8,173,-8" /><INIT seed="2,0,0,2,0,112" ten="280,356,199,165" oya="2" hai0="72,102,5,20,39,57,41,52,47,95,68,61,60" hai1="100,48,134,131,108,13,120,109,92,46,126,45,2" hai2="123,78,8,132,98,37,19,15,11,104,115,53,54" hai3="42,130,30,63,40,6,23,21,87,91,27,84,71"/><V28/><F115/><W59/><G71/><T82/><D5/><U85/><E2/><V101/><F123/><W1/><G130/><T79/><D20/><U64/><E64/><V73/><F132/><W81/><G87/><T110/><D110/><U9/><E126/><V65/><F37/><W117/><G117/><T58/><D68/><U88/><E131/><V0/><F65/><W128/><G128/><T119/><D119/><U77/><E46/><V35/><F73/><W80/><G80/><T24/><D24/><U34/><E34/><V56/><F78/><W111/><G111/><T99/><REACH who="0" step="1"/><D57/><REACH who="0" ten="270,356,199,165" step="2"/><U66/><E109/><V103/><F56/><W67/><G6/><T7/><D7/><U86/><E108/><V33/><F33/><W62/><G1/><T97/><D97/><U69/><E69/><V31/><F35/><W75/><G21/><T114/><D114/><U3/><E120/><V29/><F0/><W107/><G23/><T124/><D124/><U118/><E134/><V127/><F127/><W135/><G27/><T90/><D90/><U105/><E118/><V18/><REACH who="2" step="1"/><F103/><REACH who="2" ten="270,356,189,165" step="2"/><W106/><G135/><T32/><D32/><U121/><E100/><V17/><F17/><W133/><G133/><T96/><D96/><N who="1" m="57351" /><E121/><V12/><AGARI ba="0,2" hai="8,11,12,15,18,19,28,29,31,53,54,98,101,104" machi="12" ten="30,6000,0" yaku="1,1,0,1,9,1,53,0" doraHai="112" doraHaiUra="22" who="2" fromWho="2" sc="270,-20,356,-20,189,80,165,-20" /><INIT seed="2,1,0,3,4,125" ten="250,336,269,145" oya="2" hai0="127,114,84,89,47,24,75,38,131,109,79,101,112" hai1="2,123,105,95,5,57,91,96,32,119,30,108,53" hai2="42,36,64,111,35,117,121,81,76,134,13,50,100" hai3="37,33,56,18,102,4,88,80,129,74,116,126,98"/><V113/><F117/><W55/><G116/><T128/><D47/><U16/><E105/><V115/><F113/><N who="0" m="43626" /><D38/><U135/><E135/><V41/><F115/><W103/><G37/><T58/><D58/><U51/><E123/><V59/><F121/><W54/><G33/><T17/><D17/><U52/><E108/><V66/><F35/><W3/><G126/><T22/><D127/><U49/><E119/><V8/><F134/><W26/><G55/><T92/><D109/><U72/><E72/><V15/><F111/><W29/><G29/><T34/><D22/><U120/><E120/><V69/><F69/><W14/><G3/><T39/><D24/><U87/><E30/><V83/><F100/><W9/><G74/><T20/><D20/><U67/><E32/><V28/><F28/><W25/><G4/><T94/><D39/><U63/><E5/><V60/><F36/><W86/><G103/><T46/><D46/><U23/><E2/><V0/><F0/><W19/><G19/><T1/><D1/><U77/><E87/><V99/><F59/><W70/><G70/><T61/><D61/><U110/><E77/><V93/><F76/><W45/><G45/><T40/><D40/><U71/><E110/><V21/><F42/><W68/><G68/><T82/><D34/><U90/><E90/><V65/><F41/><W133/><G133/><T122/><D122/><U132/><E132/><V73/><F73/><W78/><G78/><T44/><D44/><N who="1" m="27687" /><E23/><V31/><F21/><W107/><G129/><T118/><D118/><U43/><E43/><V11/><F31/><RYUUKYOKU ba="1,0" sc="250,10,336,10,269,-30,145,10" hai0="75,79,82,84,89,92,94,101,128,131" hai1="16,51,53,57,63,67,71,91,95,96" hai3="9,14,18,25,26,54,56,80,86,88,98,102,107" /><INIT seed="3,2,0,4,4,19" ten="260,346,239,155" oya="3" hai0="77,35,104,49,37,116,80,15,81,12,41,13,62" hai1="127,78,114,43,59,133,85,98,108,36,82,109,20" hai2="61,14,55,107,2,88,111,45,122,99,105,66,101" hai3="60,44,124,96,93,123,73,70,74,42,8,75,9"/><W90/><G123/><T54/><D116/><U102/><E114/><V65/><F2/><W129/><G129/><T4/><D35/><U112/><E112/><V21/><F111/><W57/><G70/><T97/><D37/><U53/><E133/><V100/><F122/><W34/><G34/><T1/><D41/><U51/><E127/><V115/><F115/><W72/><N who="3" m="18432" /><DORA hai="39" /><W24/><G24/><T131/><D62/><U128/><E128/><V64/><F107/><W68/><G68/><T63/><D63/><U29/><E29/><V50/><F105/><W71/><G71/><T46/><D131/><U56/><E56/><V18/><F61/><W130/><G130/><T132/><D132/><U83/><E83/><V119/><F119/><W0/><G0/><T110/><D110/><U86/><E86/><V87/><F99/><W117/><G124/><T52/><D54/><U134/><E134/><V5/><F5/><W84/><G117/><T7/><D77/><U30/><E108/><V135/><F135/><W113/><G113/><T94/><D104/><U126/><E109/><V67/><N who="2" m="16384" /><DORA hai="11" /><V28/><F28/><W32/><G32/><T76/><D1/><U3/><E3/><V33/><F33/><W47/><G96/><T79/><D79/><U48/><E98/><V23/><F23/><W26/><G26/><T31/><D31/><U17/><E30/><V69/><F69/><W58/><G60/><T103/><D76/><U92/><E78/><V6/><F6/><AGARI ba="2,0" hai="4,6,7,12,13,15,46,49,52,80,81,94,97,103" machi="6" ten="40,8000,1" yaku="8,1,52,3,54,1" doraHai="19,39,11" who="0" fromWho="2" sc="260,86,346,0,239,-86,155,0" owari="346,44.6,346,14.6,153,-34.7,155,-24.5" /></mjloggm>