<mjloggm ver="2.3"><GO type="225" lobby="0"/><UN n0="%E6%B8%A9%E2%98%85%E6%83%85%E2%98%85%E6%8E%AA%E2%98%85%E7%BD%AE" n1="%54%4F%52" n2="%E6%98%93%E5%88%A9%E8%96%A9%E4%BC%AF" n3="%E6%97%A5%E6%9B%9C%E6%97%A5%E3%82%88%E3%82%8A%E3%81%AE%E4%BD%BF%E8%80%85" dan="17,17,17,16" rate="2178.38,2177.37,2189.41,2156.53" sx="M,M,F,M"/><TAIKYOKU oya="0"/><INIT seed="0,0,0,1,2,39" ten="250,250,250,250" oya="0" hai0="112,124,86,24,82,13,102,95,59,129,107,69,3" hai1="2,45,108,29,92,56,113,109,50,62,87,15,132" hai2="135,67,89,57,79,97,9,26,20,28,18,1,98" hai3="43,36,127,55,88,125,44,5,80,0,68,58,52"/><T78/><D112/><U7/><E113/><V31/><F135/><W81/><G68/><T120/><D120/><U90/><E132/><V99/><F79/><W14/><G14/><T65/><D3/><U110/><E2/><V41/><F89/><W17/><G17/><T73/><D69/><U19/><E29/><V6/><F67/><W60/><G55/><T128/><D13/><U46/><E7/><V21/><F57/><W38/><G38/><T85/><D24/><U117/><E117/><V122/><F122/><W25/><G25/><T12/><D12/><U106/><E106/><V72/><F72/><W130/><G130/><N who="0" m="50283" /><D59/><U114/><E114/><V116/><F116/><W34/><G34/><T10/><D10/><U133/><E133/><V22/><F18/><W53/><G53/><T119/><D65/><U64/><REACH who="1" step="1"/><E50/><REACH who="1" ten="250,240,250,250" step="2"/><V104/><F104/><W27/><G5/><T111/><D119/><U83/><E83/><V47/><REACH who="2" step="1"/><F28/><REACH who="2" ten="250,240,240,250" step="2"/><W71/><G127/><T105/><D124/><U70/><E70/><V66/><F66/><W30/><G125/><T51/><D107/><U54/><E54/><V93/><F93/><W131/><G131/><T94/><D94/><U49/><E49/><AGARI ba="0,2" hai="1,6,9,20,21,22,26,31,41,47,49,97,98,99" machi="49" ten="40,5200,0" yaku="1,1,52,1,53,1" doraHai="39" doraHaiUra="23" who="2" fromWho="1" sc="250,0,240,-52,240,72,250,0" /><INIT seed="1,0,0,4,2,93" ten="250,188,312,250" oya="1" hai0="76,61,69,72,70,88,100,66,30,29,99,97,1" hai1="17,63,9,60,62,85,120,80,104,121,74,71,123" hai2="7,47,59,24,6,10,79,128,26,33,75,32,90" hai3="36,116,13,20,50,5,43,27,108,51,124,38,127"/><U14/><E104/><V15/><F128/><W81/><G81/><T48/><D1/><U114/><E114/><V92/><F7/><W98/><G108/><T94/><D70/><U112/><E112/><V84/><F59/><W67/><G67/><T46/><D76/><U103/><E103/><V109/><F109/><W35/><G35/><T91/><D72/><U3/><E3/><V95/><F95/><W129/><G129/><T12/><D12/><U25/><E74/><V53/><F53/><W41/><G13/><T135/><D91/><U106/><E106/><V56/><F56/><W37/><G5/><T8/><D8/><U113/><E113/><V39/><F33/><W77/><G77/><T65/><D65/><U31/><E71/><V133/><F133/><W78/><G78/><T23/><D23/><U0/><E0/><V40/><REACH who="2" step="1"/><F32/><REACH who="2" ten="250,188,302,250" step="2"/><W18/><G116/><T52/><D135/><U57/><E57/><V2/><F2/><W11/><G41/><T58/><D69/><U115/><E115/><V101/><F101/><W4/><G43/><T42/><D42/><U86/><REACH who="1" step="1"/><E80/><AGARI ba="0,1" hai="6,10,15,24,26,39,40,47,75,79,80,84,90,92" machi="80" ten="40,1300,0" yaku="1,1,53,0" doraHai="93" doraHaiUra="96" who="2" fromWho="1" sc="250,0,188,-13,302,23,250,0" /><INIT seed="2,0,0,2,2,48" ten="250,175,325,250" oya="2" hai0="59,89,96,11,61,51,23,43,26,0,33,80,22" hai1="111,107,20,13,83,66,100,18,99,129,24,49,72" hai2="94,2,36,115,123,9,124,53,90,31,41,60,116" hai3="108,32,84,104,44,27,120,12,102,56,57,69,6"/><V81/><F115/><W29/><G120/><T106/><D33/><U47/><E111/><V112/><F116/><W134/><G108/><T79/><D0/><U127/><E127/><V17/><F112/><W97/><G134/><T52/><D11/><U121/><E129/><V63/><F31/><W42/><G84/><N who="0" m="48159" /><D106/><U93/><E121/><V3/><F81/><W98/><G98/><T55/><D43/><U76/><E66/><V113/><F113/><W110/><G110/><T135/><D135/><U54/><REACH who="1" step="1"/><E24/><REACH who="1" ten="250,165,325,250" step="2"/><V40/><F124/><W105/><G27/><T118/><D26/><U1/><E1/><V25/><F2/><W21/><G12/><T58/><D118/><U19/><E19/><V77/><F17/><W30/><G30/><T35/><D35/><U85/><E85/><V34/><F3/><W128/><G32/><T38/><D38/><U91/><E91/><V87/><F36/><W50/><G29/><T74/><D74/><U88/><E88/><V75/><F25/><W4/><G128/><T10/><D10/><U28/><E28/><V119/><F9/><W125/><G125/><T122/><D122/><U130/><E130/><V16/><F34/><W109/><G109/><T131/><D131/><U64/><E64/><V86/><F75/><W5/><G21/><T45/><D89/><U46/><E46/><V103/><F90/><W71/><G105/><AGARI ba="0,1" hai="13,18,20,47,49,54,72,76,83,93,99,100,105,107" machi="105" ten="40,5200,0" yaku="1,1,52,1,53,1" doraHai="48" doraHaiUra="73" who="1" fromWho="3" sc="250,0,165,62,325,0,250,-52" /><INIT seed="3,0,0,5,3,7" ten="250,227,325,198" oya="3" hai0="71,58,35,105,12,11,114,132,29,16,31,68,47" hai1="38,93,111,91,5,128,86,15,109,46,34,40,121" hai2="64,108,110,76,126,87,134,44,9,118,33,43,97" hai3="127,49,3,95,14,42,112,89,20,98,107,135,13"/><W59/><G112/><T61/><D105/><U88/><E121/><V21/><F33/><W67/><G3/><T103/><D114/><U101/><E34/><V96/><F134/><W70/><G107/><T82/><D132/><U62/><E128/><V24/><F64/><W26/><G135/><T45/><D35/><U99/><E62/><V133/><F9/><W129/><G129/><T53/><D103/><U69/><E69/><V130/><F126/><W83/><G127/><T30/><D71/><U54/><E54/><V75/><F75/><W41/><G70/><T56/><D68/><U2/><E2/><V104/><F118/><W37/><G37/><T32/><D32/><U92/><E101/><V100/><F97/><W36/><G36/><T39/><D39/><U115/><E115/><V116/><F116/><W122/><G83/><T106/><D106/><U63/><E63/><V23/><F130/><W123/><G123/><T74/><D74/><U48/><E38/><N who="2" m="21623" /><F24/><W22/><G122/><T25/><D25/><U17/><REACH who="1" step="1"/><E5/><REACH who="1" ten="250,217,325,198" step="2"/><V80/><F133/><W117/><G117/><T51/><D82/><U55/><E55/><AGARI ba="0,1" hai="11,12,16,29,30,31,45,47,51,53,55,56,58,61" machi="55" ten="40,5200,0" yaku="8,1,52,1,54,1" doraHai="7" who="0" fromWho="1" sc="250,62,217,-52,325,0,198,0" owari="312,11.2,165,-33.5,325,42.5,198,-20.2" /></mjloggm>