<mjloggm ver="2.3"><GO type="225" lobby="0"/><UN n0="%33%74%72%65%65" n1="%4C%4F%4C%49%54%41" n2="%E3%83%A9%E3%83%BC%E3%83%A1%E3%83%B3%E4%BA%94%E9%83%8E" n3="%E5%A4%8F%E9%88%B4%E9%88%B4%E5%A4%8F" dan="17,16,16,16" rate="2159.07,2108.35,2112.59,2157.09" sx="F,F,M,F"/><TAIKYOKU oya="0"/><INIT seed="0,0,0,0,0,96" ten="250,250,250,250" oya="0" hai0="32,92,135,104,57,68,90,98,121,78,131,67,119" hai1="59,95,115,118,39,84,120,109,38,46,80,53,34" hai2="69,28,128,55,48,58,36,88,0,65,63,71,134" hai3="93,91,11,21,27,110,129,50,14,2,89,8,77"/><T22/><D32/><U125/><E118/><V81/><F134/><W49/><G110/><T133/><D119/><U113/><E120/><V31/><F128/><W41/><G129/><T42/><D131/><U45/><E34/><V52/><F0/><W56/><G77/><T66/><D121/><U79/><E109/><V97/><F71/><W15/><G2/><T44/><D68/><U4/><E4/><V35/><F35/><W73/><G73/><T102/><D78/><U26/><E26/><V18/><F36/><N who="1" m="13865" /><E95/><V86/><F18/><N who="3" m="8519" /><G56/><T76/><D76/><U106/><E106/><V24/><F24/><W61/><G89/><T9/><D9/><U112/><E125/><V10/><F10/><W70/><G61/><AGARI ba="0,0" hai="45,46,53,59,61,79,80,84,112,113,115" m="13865" machi="61" ten="40,1300,0" yaku="11,1" doraHai="96" who="1" fromWho="3" sc="250,0,250,13,250,0,250,-13" /><INIT seed="1,0,0,5,4,69" ten="250,263,250,237" oya="1" hai0="70,20,24,94,122,92,39,127,71,8,37,66,86" hai1="99,3,109,57,119,56,123,97,117,38,77,67,130" hai2="52,29,17,78,114,79,30,23,134,106,105,40,82" hai3="98,85,107,124,22,76,125,116,72,54,53,64,47"/><U44/><E123/><V68/><F68/><W96/><G116/><T95/><D122/><U108/><E3/><V115/><F134/><W128/><G72/><T61/><D71/><U6/><E6/><V42/><F52/><N who="3" m="20075" /><G64/><T55/><D127/><N who="3" m="48713" /><G107/><N who="2" m="40969" /><F29/><W112/><G112/><N who="2" m="43049" /><F30/><W101/><G101/><T36/><D55/><U59/><E67/><V13/><F78/><W62/><G62/><T14/><D86/><AGARI ba="0,0" hai="13,17,23,40,42,79,82,86" m="43049,40969" machi="86" ten="30,1000,0" yaku="11,1" doraHai="69" who="2" fromWho="0" sc="250,-10,263,0,250,10,237,0" /><INIT seed="2,0,0,2,1,129" ten="240,263,260,237" oya="2" hai0="131,133,67,110,78,39,64,135,49,76,0,61,26" hai1="107,118,24,34,84,15,134,95,99,2,124,126,69" hai2="92,56,80,13,81,73,96,104,106,5,109,87,83" hai3="116,36,50,46,66,90,72,38,101,85,75,122,7"/><V71/><F71/><W27/><G116/><T125/><D131/><U43/><E2/><V117/><F56/><W79/><G122/><T18/><D39/><U82/><E69/><V41/><F41/><W132/><G132/><N who="0" m="50763" /><D110/><U63/><E134/><V51/><F51/><W115/><G36/><T17/><D125/><U16/><E118/><V45/><F45/><W113/><G38/><T30/><D0/><U6/><E6/><V52/><F117/><W77/><G75/><T47/><D17/><U86/><E16/><V10/><F109/><W103/><G72/><T22/><D18/><U40/><E15/><V44/><F73/><W121/><G7/><T1/><D1/><U119/><E124/><V28/><F28/><W74/><G74/><T11/><D11/><U108/><E108/><V12/><F12/><W88/><G121/><T29/><D29/><U20/><E126/><V60/><F5/><W65/><G27/><T35/><D35/><U123/><E34/><V54/><F10/><W58/><G115/><T37/><D37/><U93/><E123/><V14/><F13/><W42/><G113/><T111/><D111/><U94/><E119/><V120/><F14/><W21/><G21/><T57/><D64/><U23/><E23/><V31/><F31/><W25/><G66/><T19/><D30/><U89/><E20/><V68/><F120/><W53/><G25/><T32/><D32/><U112/><E112/><V59/><F68/><W97/><G65/><T114/><D114/><U70/><E70/><V102/><F87/><N who="1" m="33321" /><E24/><V98/><F98/><W100/><G97/><RYUUKYOKU ba="0,0" sc="240,15,263,-15,260,15,237,-15" hai0="19,22,26,47,49,57,61,67,76,78" hai2="44,52,54,59,60,80,81,83,92,96,102,104,106" /><INIT seed="2,1,0,0,5,126" ten="255,248,275,222" oya="2" hai0="26,133,99,2,93,41,11,78,97,32,75,48,84" hai1="102,47,34,90,95,122,120,85,124,80,10,39,5" hai2="105,57,82,71,121,16,91,88,38,69,8,45,50" hai3="65,17,28,49,52,21,54,67,36,3,15,37,114"/><V83/><F121/><N who="1" m="46697" /><E34/><V44/><F105/><W53/><G114/><T61/><D133/><U98/><E124/><V81/><F38/><W33/><G3/><T22/><D32/><U111/><E111/><V40/><F45/><W73/><G73/><T43/><D75/><U76/><E47/><V134/><F134/><W112/><G112/><T116/><D116/><U13/><E39/><V125/><F125/><W6/><G6/><T58/><D11/><U86/><E86/><V30/><F30/><W18/><G49/><T115/><D2/><U135/><E135/><V19/><F69/><W119/><G119/><T24/><D115/><U70/><E70/><V123/><F71/><W59/><G18/><N who="2" m="6697" /><F123/><W23/><G33/><T96/><D41/><U62/><E62/><V127/><F127/><W14/><G15/><T101/><D43/><U63/><E63/><V51/><F8/><W110/><G110/><T42/><D42/><U92/><E92/><V130/><F130/><W64/><REACH who="3" step="1"/><G59/><REACH who="3" ten="255,248,275,212" step="2"/><T60/><D58/><U25/><E25/><AGARI ba="1,1" hai="14,17,21,23,25,28,36,37,52,53,54,64,65,67" machi="25" ten="40,8000,1" yaku="1,1,2,1,54,1,53,1" doraHai="126" doraHaiUra="12" who="3" fromWho="1" sc="255,0,248,-83,275,0,212,93" /><INIT seed="3,0,0,4,2,32" ten="255,165,275,305" oya="3" hai0="3,89,108,42,20,13,107,133,24,53,119,1,45" hai1="98,95,11,105,112,16,122,60,54,47,93,127,88" hai2="125,92,67,94,15,96,62,26,102,64,5,72,104" hai3="14,73,50,97,61,44,116,78,113,77,29,103,123"/><W76/><G116/><T63/><D119/><U117/><E112/><V101/><F72/><W71/><G113/><T21/><D107/><U86/><E117/><V131/><F131/><W70/><G29/><T22/><D133/><U99/><E127/><V40/><F125/><W115/><G73/><T130/><D130/><U49/><E122/><V79/><F79/><W4/><G61/><T90/><D108/><U12/><E105/><V121/><F121/><W126/><G126/><T33/><D13/><U46/><E60/><V23/><F40/><W83/><G83/><T82/><D53/><U65/><E65/><V2/><F67/><W80/><G80/><T91/><D82/><N who="1" m="49239" /><E46/><V25/><F101/><W106/><G115/><T17/><D63/><U39/><E39/><V124/><F124/><W43/><G123/><T120/><D120/><U8/><E8/><N who="2" m="4495" /><F2/><W111/><G111/><T129/><D129/><U30/><E30/><N who="2" m="17727" /><F26/><W87/><G87/><T35/><D35/><U110/><E110/><V132/><F132/><W74/><G74/><T48/><D33/><U41/><E41/><V118/><F118/><W114/><G114/><T58/><D58/><U69/><E69/><N who="2" m="42135" /><F104/><W51/><G51/><T128/><D128/><U19/><E19/><V55/><F55/><W36/><G36/><T10/><D24/><U34/><E34/><V57/><F57/><W31/><G31/><T27/><D27/><U68/><E68/><V81/><F81/><W66/><G66/><T38/><D38/><U75/><E75/><V135/><F135/><W52/><G43/><T0/><D17/><RYUUKYOKU ba="0,0" sc="255,0,165,0,275,0,305,0" hai0="0,1,3,10,20,21,22,42,45,48,89,90,91" hai1="11,12,16,47,49,54,93,95,98,99" hai2="92,94,96,102" hai3="4,14,44,50,52,70,71,76,77,78,97,103,106" owari="255,-14.5,165,-33.5,275,7.5,305,40.5" /></mjloggm>