<mjloggm ver="2.3"><GO type="225" lobby="0"/><UN n0="%E5%A4%8F%E9%88%B4%E9%88%B4%E5%A4%8F" n1="%E9%A6%AC%E5%BC%95%E7%81%AB%33" n2="%E7%89%B9%E6%9D%B1%E3%81%AF%E4%B8%96%E7%95%8C%E3%82%92%E6%95%91%E3%81%86" n3="%E6%B4%BE%E9%81%A3%E3%81%AE%E3%82%B8%E3%83%A3%E3%83%83%E3%82%AF" dan="16,16,16,17" rate="2093.91,2113.42,2231.00,2188.89" sx="F,M,M,M"/><TAIKYOKU oya="0"/><INIT seed="0,0,0,5,1,73" ten="250,250,250,250" oya="0" hai0="60,101,110,106,85,44,19,123,96,2,74,10,57" hai1="30,84,132,124,92,117,59,90,13,0,89,37,100" hai2="25,3,126,67,105,87,99,79,112,122,45,97,16" hai3="21,11,129,47,5,104,29,115,35,46,9,75,82"/><T58/><D123/><U38/><E117/><V65/><F122/><W64/><G115/><T102/><D74/><U61/><E0/><V4/><F112/><W33/><G104/><T43/><D110/><U50/><E124/><V130/><F126/><W94/><G64/><T1/><D102/><U121/><E132/><V118/><F118/><W7/><G94/><T116/><D116/><U20/><E121/><V77/><F130/><W23/><G75/><T95/><D19/><U22/><E50/><V51/><F3/><W72/><G72/><T18/><D18/><U15/><E100/><V111/><F4/><W53/><G82/><T14/><D14/><U88/><E38/><V28/><F111/><W93/><G93/><T49/><D10/><U62/><E37/><V36/><F36/><W26/><G129/><T107/><D57/><U134/><E134/><V128/><F128/><W17/><G53/><T6/><D6/><N who="3" m="2057" /><G46/><T113/><D113/><U81/><E62/><V56/><F56/><W91/><G91/><N who="1" m="34826" /><E92/><V32/><F105/><W27/><G47/><T48/><D48/><U114/><E114/><V76/><F87/><W119/><G119/><T80/><D107/><U31/><E15/><V54/><REACH who="2" step="1"/><F16/><REACH who="2" ten="250,250,240,250" step="2"/><W108/><G108/><T98/><D106/><U40/><E84/><V69/><F69/><W127/><G127/><T24/><D1/><U83/><E13/><V133/><F133/><W86/><G86/><T12/><D2/><U39/><E59/><V42/><F42/><W8/><AGARI ba="0,1" hai="8,9,11,17,21,23,26,27,29,33,35" m="2057" machi="8" ten="30,8000,1" yaku="35,5" doraHai="73" who="3" fromWho="3" sc="250,-40,250,-20,240,-20,250,90" /><INIT seed="1,0,0,1,5,28" ten="210,230,220,340" oya="1" hai0="133,85,51,112,86,52,106,66,108,73,76,98,105" hai1="0,123,42,130,65,82,97,29,117,31,14,12,4" hai2="103,83,6,69,27,80,111,115,25,24,134,92,124" hai3="19,22,107,84,77,126,21,79,89,135,127,94,44"/><U122/><E117/><V2/><F69/><W54/><G107/><T53/><D112/><U38/><E65/><V64/><F64/><W62/><G135/><T43/><D108/><U33/><E97/><V48/><F111/><W101/><G101/><T8/><D133/><U70/><E70/><V30/><F134/><W45/><G62/><T78/><D66/><U75/><E12/><V67/><F67/><W50/><G45/><T81/><D43/><U35/><E14/><V118/><F124/><N who="3" m="47659" /><G21/><T100/><D8/><N who="1" m="2055" /><E31/><V131/><F30/><W26/><AGARI ba="0,0" hai="19,22,26,44,50,54,77,79,84,89,94" m="47659" machi="26" ten="30,1100,0" yaku="18,1" doraHai="28" who="3" fromWho="3" sc="210,-3,230,-5,220,-3,340,11" /><INIT seed="2,0,0,1,5,127" ten="207,225,217,351" oya="2" hai0="50,115,46,135,105,33,51,117,48,98,55,6,7" hai1="15,76,26,108,2,43,129,109,86,69,32,58,73" hai2="3,124,37,133,11,87,36,44,52,62,35,74,125" hai3="24,132,131,101,126,64,79,63,39,23,102,78,38"/><V67/><F74/><W60/><G131/><T84/><D115/><U65/><E129/><V92/><F35/><W21/><G64/><T118/><D33/><U95/><E2/><V22/><F22/><W134/><G24/><T47/><D84/><U27/><E69/><V17/><F133/><W40/><G40/><T75/><D75/><U5/><E73/><V110/><F17/><W53/><G53/><T99/><D135/><U0/><E0/><V82/><F92/><W54/><G54/><T93/><D105/><U121/><E121/><V9/><F110/><W4/><G4/><N who="0" m="1579" /><D55/><U72/><E86/><V56/><F3/><W41/><G41/><T12/><D12/><U45/><E15/><V103/><F103/><W96/><G96/><N who="0" m="36907" /><D93/><U83/><E95/><V120/><F120/><W70/><G70/><T19/><D19/><U13/><E13/><V114/><F114/><W89/><G89/><T119/><AGARI ba="0,0" hai="46,47,48,50,51,117,118,119" m="36907,1579" machi="119" ten="40,5200,0" yaku="28,2,12,1" doraHai="127" who="0" fromWho="0" sc="207,52,225,-13,217,-26,351,-13" /><INIT seed="3,0,0,1,2,74" ten="259,212,191,338" oya="3" hai0="6,13,80,26,135,35,54,33,34,76,105,60,110" hai1="85,75,70,10,118,66,128,23,49,11,25,79,111" hai2="121,109,37,30,9,116,126,58,123,59,62,134,90" hai3="40,57,72,1,8,50,107,68,47,39,45,84,24"/><W112/><G72/><T119/><D105/><U61/><E75/><V21/><F116/><W96/><G68/><T127/><D119/><U12/><E118/><V14/><F37/><W101/><G57/><T100/><D110/><U129/><E111/><V78/><F109/><W99/><G99/><T4/><D100/><U5/><E11/><V95/><F134/><W98/><G98/><T77/><D135/><U106/><E106/><V133/><F133/><W51/><G24/><T89/><D89/><U31/><E49/><V65/><F126/><W86/><G39/><T113/><D127/><U115/><E115/><V94/><F58/><W32/><G32/><T114/><D26/><U83/><AGARI ba="0,0" hai="5,10,12,23,25,31,61,66,70,79,83,85,128,129" machi="83" ten="30,2000,0" yaku="0,1,52,1" doraHai="74" who="1" fromWho="1" sc="259,-5,212,20,191,-5,338,-10" owari="254,5.4,232,-16.8,186,-31.4,328,42.8" /></mjloggm>