<mjloggm ver="2.3"><GO type="225" lobby="0"/><UN n0="%E6%98%93%E5%88%A9%E8%96%A9%E4%BC%AF" n1="%43%68%65" n2="%E5%8C%97%E6%AC%A7%E3%81%AE%E3%82%82%E3%81%93%E3%81%86" n3="%41%6F%54" dan="17,16,17,16" rate="2176.30,2096.33,2185.00,2061.82" sx="F,M,M,M"/><TAIKYOKU oya="0"/><INIT seed="0,0,0,4,1,69" ten="250,250,250,250" oya="0" hai0="110,88,24,51,130,46,101,99,124,91,41,36,9" hai1="105,76,60,50,42,133,87,89,14,85,116,17,34" hai2="28,2,83,81,128,5,114,129,97,96,4,39,52" hai3="111,122,57,43,106,118,108,132,100,61,48,74,3"/><T109/><D124/><U115/><E116/><V29/><F114/><W98/><G118/><T18/><D130/><U84/><E115/><V127/><F2/><W21/><G3/><T37/><D24/><U92/><E105/><V71/><F71/><W10/><G74/><T77/><D77/><U66/><E34/><V93/><F127/><W11/><G122/><T126/><D18/><U107/><E107/><V131/><F39/><N who="0" m="14922" /><D9/><U40/><E133/><V0/><F0/><W68/><G21/><T102/><D126/><U62/><E50/><V134/><F134/><W1/><G132/><T45/><D45/><U23/><E76/><V33/><F33/><W67/><G1/><T64/><D64/><U123/><E123/><V112/><F112/><W6/><G6/><N who="2" m="2665" /><F52/><W31/><G10/><T86/><D99/><N who="2" m="37962" /><F93/><W95/><G95/><N who="0" m="54679" /><D91/><U7/><E7/><V70/><F70/><W30/><G68/><T19/><D19/><U72/><E72/><V90/><F90/><W56/><G43/><N who="1" m="16426" /><E66/><V125/><F125/><W82/><G67/><T32/><D32/><U16/><E17/><V13/><F13/><W121/><G121/><T35/><D35/><U22/><E22/><V25/><F25/><W20/><G20/><T15/><D15/><U49/><E49/><V58/><F58/><N who="3" m="22635" /><G48/><T26/><D26/><U119/><E119/><V44/><F44/><W47/><G47/><T55/><D55/><U54/><E54/><V103/><F103/><W78/><G11/><T117/><D117/><U79/><E79/><V94/><F94/><W65/><G65/><T75/><D75/><RYUUKYOKU ba="0,0" sc="250,10,250,10,250,10,250,-30" hai0="41,46,51,101,102,109,110" hai1="14,16,23,60,62,84,85,87,89,92" hai2="28,29,81,83,128,129,131" /><INIT seed="0,1,0,1,3,42" ten="260,260,260,220" oya="0" hai0="71,39,31,47,111,23,38,121,25,1,101,59,51" hai1="41,112,78,108,29,81,72,36,0,113,56,37,75" hai2="91,53,88,9,125,106,128,122,12,45,27,126,105" hai3="103,11,54,77,2,109,32,133,94,64,76,117,58"/><T123/><D71/><U52/><E0/><V95/><F122/><W19/><G32/><T69/><D69/><U5/><E5/><V48/><F128/><W10/><G117/><T118/><D118/><U70/><E70/><V34/><F34/><W46/><G64/><T22/><D1/><U92/><E108/><V119/><F119/><W66/><G109/><T67/><D111/><U130/><E130/><V61/><F27/><W110/><G110/><T102/><D23/><U74/><E29/><V93/><F61/><W73/><G73/><T50/><D39/><U44/><E92/><V86/><F106/><W104/><G104/><T129/><D38/><U20/><E20/><V14/><F105/><W57/><G66/><T65/><D129/><U4/><E4/><V127/><F9/><W33/><G33/><T55/><D123/><U15/><E15/><V132/><F132/><W98/><G133/><T6/><D6/><U24/><E24/><V26/><F26/><W114/><G114/><N who="1" m="44138" /><E36/><V82/><F82/><W100/><G2/><T40/><REACH who="0" step="1"/><D121/><REACH who="0" ten="250,260,260,220" step="2"/><U8/><E8/><V79/><F79/><W84/><G10/><T21/><D21/><U89/><E89/><V13/><F13/><W120/><G120/><T87/><D87/><AGARI ba="1,1" hai="12,14,45,48,53,86,87,88,91,93,95,125,126,127" machi="87" ten="40,8000,1" yaku="9,1,18,1,52,1,54,1" doraHai="42" who="2" fromWho="0" sc="250,-83,260,0,260,93,220,0" /><INIT seed="1,0,0,3,2,14" ten="167,260,353,220" oya="1" hai0="13,57,39,48,4,9,71,10,38,31,81,126,59" hai1="7,2,86,133,119,120,49,122,37,127,51,84,103" hai2="66,90,100,72,56,121,60,78,33,123,104,125,1" hai3="97,15,0,63,111,82,80,42,12,132,106,34,61"/><U89/><E119/><V36/><F33/><W107/><G97/><T5/><D71/><U40/><E37/><V134/><F1/><W58/><G58/><T115/><D115/><U20/><E127/><V98/><F125/><W101/><G101/><T83/><D126/><U64/><E133/><V130/><F134/><W135/><G42/><T118/><D31/><U19/><E103/><V93/><F36/><W28/><G0/><T16/><D118/><U65/><E2/><V21/><F130/><W74/><G74/><T131/><D131/><U110/><E7/><V24/><F78/><W87/><G87/><T113/><D113/><U45/><E110/><V68/><F72/><W27/><G27/><T88/><D48/><U47/><E122/><V41/><F41/><W77/><G77/><T94/><D39/><U114/><E86/><V124/><F68/><W18/><G28/><T23/><D38/><U112/><E120/><V55/><F66/><W43/><G43/><T73/><D73/><U62/><E62/><V26/><F26/><W53/><G53/><T35/><D35/><U44/><E114/><V85/><F124/><W102/><G34/><T108/><D108/><U116/><E116/><V3/><F3/><W52/><G111/><T96/><D5/><U22/><E112/><V25/><F25/><W46/><G132/><T79/><D10/><U8/><E8/><V32/><F32/><W95/><G135/><T105/><D105/><U70/><E40/><V30/><AGARI ba="0,0" hai="21,24,30,55,56,60,85,90,93,98,100,104,121,123" machi="30" ten="20,1500,0" yaku="0,1,7,1" doraHai="14" who="2" fromWho="2" sc="167,-4,260,-7,353,15,220,-4" /><INIT seed="2,0,0,3,5,50" ten="163,253,368,216" oya="2" hai0="134,82,69,35,119,89,80,18,77,30,111,52,2" hai1="65,104,53,33,84,110,48,121,56,3,14,94,122" hai2="49,17,118,24,28,0,21,15,54,4,87,72,90" hai3="114,13,133,32,96,92,109,127,102,25,126,19,6"/><V26/><F72/><W47/><G109/><T12/><D69/><U78/><E3/><V106/><F106/><W37/><G133/><T125/><D111/><U51/><E110/><V93/><F118/><W62/><G114/><T73/><D2/><U34/><E104/><V115/><F115/><W124/><G6/><T113/><D113/><U41/><E65/><V36/><F36/><W10/><G62/><T8/><D134/><U103/><E14/><V85/><F85/><W120/><G120/><N who="1" m="46186" /><E103/><V16/><F0/><W112/><G112/><T76/><D125/><U59/><E94/><V71/><F71/><W63/><G63/><T88/><D119/><U108/><E108/><V86/><F86/><W11/><G11/><T79/><D35/><U42/><E42/><V91/><F91/><N who="0" m="34890" /><D73/><U101/><E101/><V31/><F4/><W58/><G32/><T128/><D128/><U67/><E67/><V29/><F17/><W38/><G38/><T117/><D30/><U46/><E59/><AGARI ba="0,0" hai="15,16,21,24,26,28,29,31,49,54,59,87,90,93" machi="59" ten="40,12000,1" yaku="25,2,8,1,52,1,54,1" doraHai="50" who="2" fromWho="1" sc="163,0,253,-120,368,120,216,0" /><INIT seed="2,1,0,4,4,43" ten="163,133,488,216" oya="2" hai0="112,12,65,99,134,27,81,123,78,59,110,31,4" hai1="26,114,103,38,126,56,91,50,58,55,46,15,84" hai2="20,69,22,8,88,35,17,75,54,45,89,124,133" hai3="23,19,5,100,66,0,106,68,79,6,10,87,21"/><V72/><F35/><W135/><G66/><T115/><D123/><U85/><E114/><V29/><F69/><W95/><G106/><T47/><D110/><U7/><E126/><V129/><F124/><W82/><G5/><T121/><D121/><U131/><E131/><V2/><F133/><W130/><G68/><T83/><D134/><U44/><E103/><V53/><F2/><W28/><G130/><T113/><D99/><U94/><E26/><V109/><F129/><W60/><G60/><T32/><D78/><U64/><E38/><V61/><F8/><W52/><G28/><T25/><D25/><U102/><E102/><V41/><F29/><W132/><G23/><T101/><D101/><U125/><E125/><V36/><F22/><W127/><G127/><T3/><D3/><U128/><E128/><V16/><F17/><W67/><G67/><T9/><D47/><N who="1" m="17963" /><E84/><V122/><F72/><W117/><G87/><T118/><D118/><U34/><E34/><V14/><F75/><W1/><G100/><T42/><D42/><U48/><E64/><V33/><F33/><W51/><G117/><T18/><D65/><U90/><E90/><V104/><F104/><W62/><G0/><N who="0" m="135" /><D113/><U96/><E96/><V105/><F105/><W73/><G1/><T76/><D76/><U49/><E55/><V13/><F122/><W97/><G52/><T86/><D86/><U30/><E30/><V116/><F54/><W77/><G132/><T37/><D37/><U74/><E74/><V70/><F53/><W108/><G135/><T119/><D115/><U93/><E93/><RYUUKYOKU ba="1,0" sc="163,-10,133,30,488,-10,216,-10" hai1="7,15,48,49,50,56,58,85,91,94" /><INIT seed="3,2,0,5,1,58" ten="153,163,478,206" oya="3" hai0="1,35,32,90,31,57,29,133,106,33,19,117,60" hai1="103,28,49,82,107,102,115,112,94,34,135,27,18" hai2="83,7,9,131,44,67,111,104,79,98,50,84,13" hai3="24,37,92,73,6,39,89,15,2,65,68,66,14"/><W95/><G73/><T55/><D117/><U45/><E107/><V5/><F111/><W48/><G48/><T38/><D1/><U96/><E135/><V69/><F131/><W74/><G74/><T100/><D38/><U108/><E108/><V85/><F69/><W101/><G24/><T46/><D133/><U72/><E103/><V88/><F67/><W134/><G89/><T26/><D46/><U129/><E129/><V4/><F98/><W122/><G6/><T23/><REACH who="0" step="1"/><D90/><REACH who="0" ten="143,163,478,206" step="2"/><U0/><E0/><V124/><F124/><W121/><G2/><T52/><D52/><U93/><E18/><V125/><F104/><W36/><G36/><T47/><D47/><U99/><E72/><V80/><F125/><W97/><G134/><T126/><D126/><U61/><E115/><V81/><F81/><W21/><G39/><T22/><D22/><U91/><E112/><V116/><F116/><W62/><G21/><T113/><D113/><U25/><E82/><V54/><AGARI ba="2,1" hai="4,5,7,9,13,44,50,54,79,80,83,84,85,88" machi="54" ten="20,5200,0" yaku="0,1,7,1,8,1,54,1" doraHai="58" who="2" fromWho="2" sc="143,-15,163,-15,478,68,206,-28" owari="128,-37.2,148,-25.2,546,64.6,178,-2.2" /></mjloggm>