<mjloggm ver="2.3"><GO type="225" lobby="0"/><UN n0="%E4%BF%BA%E3%81%A8%E5%A6%96%E5%A4%A2" n1="%E9%BB%99%E8%81%B4%E3%81%AE%E3%81%99%E3%82%9D%E3%82%81" n2="%E6%98%BC%E4%B8%8B%E3%81%8C%E3%82%8A%E3%81%AE%E5%9B%A3%E5%9C%B0%E5%A6%BB" n3="%72%65%6E%6B%75%6E" dan="16,16,16,17" rate="2208.77,2154.39,2155.38,2216.36" sx="F,M,F,M"/><TAIKYOKU oya="0"/><INIT seed="0,0,0,1,4,59" ten="250,250,250,250" oya="0" hai0="114,78,17,95,69,80,94,0,12,10,119,129,130" hai1="106,51,42,20,121,2,86,1,71,3,118,128,117" hai2="22,58,35,38,55,90,63,135,100,36,84,45,89" hai3="62,28,108,24,43,134,88,77,113,44,30,14,52"/><T68/><D114/><U87/><E121/><V98/><F35/><W123/><G113/><T99/><D119/><U47/><E106/><V41/><F135/><W72/><G123/><T79/><D0/><U70/><E128/><N who="0" m="49257" /><D94/><U124/><E124/><V92/><F22/><W132/><G108/><T48/><D48/><U18/><E87/><V31/><F31/><W26/><G14/><T8/><D8/><U19/><E86/><V107/><REACH who="2" step="1"/><F89/><REACH who="2" ten="250,250,240,250" step="2"/><W6/><G30/><T21/><D21/><U60/><E20/><V54/><F54/><W103/><G28/><T32/><D32/><U81/><E118/><V82/><F82/><W112/><G112/><T46/><D80/><U9/><E81/><V64/><F64/><W11/><G134/><T4/><D10/><U33/><E33/><V126/><F126/><W53/><G11/><T16/><D4/><U39/><E117/><V133/><F133/><W97/><G6/><T96/><D17/><U105/><E9/><V83/><F83/><W25/><G132/><T125/><D125/><U23/><E19/><V91/><F91/><W15/><G53/><T101/><D16/><U27/><E18/><V110/><F110/><W66/><G52/><T116/><D116/><U50/><E23/><V85/><F85/><W57/><G25/><T76/><D12/><U49/><E27/><V65/><F65/><W75/><G15/><T7/><D7/><U40/><E1/><V102/><F102/><W115/><G115/><T120/><D120/><U73/><E2/><V74/><F74/><W127/><G127/><T109/><D109/><RYUUKYOKU ba="0,1" sc="250,-10,250,-10,240,30,250,-10" hai2="36,38,41,45,55,58,63,84,90,92,98,100,107" /><INIT seed="1,1,1,5,2,74" ten="240,240,270,240" oya="1" hai0="73,40,72,97,132,52,0,131,115,86,54,111,51" hai1="79,26,67,43,76,78,24,42,19,36,47,21,121" hai2="41,10,77,29,127,81,128,1,34,113,84,3,14" hai3="98,35,75,30,83,120,56,2,108,17,7,101,5"/><U46/><E67/><V32/><F128/><W61/><G120/><T6/><D115/><U117/><E117/><V22/><F113/><W70/><G108/><T25/><D111/><U112/><E112/><V55/><F127/><W31/><G17/><T82/><D131/><U133/><E133/><V87/><F41/><N who="1" m="15369" /><E36/><V102/><F102/><W20/><G35/><T62/><D132/><U92/><E121/><V80/><F55/><W49/><G49/><T45/><D97/><U8/><E8/><V90/><F22/><W99/><G70/><T118/><D118/><U68/><E68/><V4/><REACH who="2" step="1"/><F29/><REACH who="2" ten="240,240,260,240" step="2"/><W71/><G30/><T96/><D54/><U130/><E130/><V109/><F109/><W9/><G20/><T93/><D40/><U13/><E92/><V125/><F125/><W94/><G31/><T11/><D62/><U18/><E26/><V135/><F135/><W65/><G94/><T60/><D60/><U33/><E33/><AGARI ba="1,2" hai="1,3,4,10,14,32,33,34,77,80,81,84,87,90" machi="33" ten="40,2600,0" yaku="1,1,52,1,53,0" doraHai="74" doraHaiUra="129" who="2" fromWho="1" sc="240,0,240,-29,260,49,240,0" /><INIT seed="2,0,0,5,4,118" ten="240,211,309,240" oya="2" hai0="17,121,6,99,80,49,122,103,56,47,21,126,30" hai1="64,34,127,123,22,130,134,26,76,91,19,54,74" hai2="42,115,86,108,107,131,18,63,83,37,58,43,46" hai3="117,65,53,45,16,33,95,10,11,116,28,0,93"/><V79/><F115/><W67/><G28/><T15/><D126/><U72/><E127/><V112/><F112/><W1/><G45/><T40/><D80/><U25/><E130/><V32/><F107/><W4/><G53/><T27/><D56/><U23/><E34/><V85/><F131/><W35/><REACH who="3" step="1"/><G4/><REACH who="3" ten="240,211,309,230" step="2"/><T77/><D6/><U9/><E54/><V106/><F46/><W104/><G104/><T5/><D5/><U24/><E64/><V124/><F106/><W81/><G81/><T119/><D119/><U128/><E128/><V60/><F83/><W120/><G120/><T110/><D110/><U84/><E123/><V41/><F124/><W132/><G132/><T20/><D77/><U12/><E134/><V51/><F108/><W29/><G29/><T71/><D71/><U7/><E76/><V59/><F79/><W38/><G38/><T82/><D82/><U3/><REACH who="1" step="1"/><E23/><REACH who="1" ten="240,201,309,230" step="2"/><V96/><F41/><W89/><G89/><T14/><D121/><U62/><E62/><V78/><F78/><W133/><G133/><T39/><D122/><U70/><E70/><V135/><F135/><W97/><G97/><T98/><D99/><U57/><E57/><V8/><F96/><W125/><G125/><T52/><D98/><U31/><E31/><V55/><F55/><W2/><G2/><T111/><D111/><U50/><E50/><V73/><F51/><W75/><G75/><T105/><D39/><U48/><E48/><V92/><F73/><W36/><G36/><T94/><D40/><U66/><E66/><N who="2" m="39191" /><F59/><W109/><G109/><T88/><D52/><RYUUKYOKU ba="0,2" sc="240,-15,201,15,309,-15,230,15" hai1="3,7,9,12,19,22,24,25,26,72,74,84,91" hai3="0,1,10,11,16,33,35,65,67,93,95,116,117" /><INIT seed="3,1,2,0,5,91" ten="225,216,294,245" oya="3" hai0="103,0,118,82,64,134,125,19,110,132,59,39,42" hai1="120,30,62,34,70,77,47,99,95,17,69,72,27" hai2="48,89,38,84,123,57,3,92,104,56,122,26,68" hai3="119,33,18,12,79,53,106,78,44,121,128,126,111"/><W112/><G106/><T21/><D118/><U16/><E120/><N who="2" m="46123" /><F38/><W43/><G121/><T98/><D82/><U86/><E72/><V13/><F3/><W76/><G119/><T50/><D0/><U94/><E47/><V41/><F68/><W55/><G112/><T32/><D32/><U5/><E5/><V46/><F104/><W52/><G33/><T60/><D39/><U11/><E11/><V23/><F13/><W10/><G126/><T80/><D80/><U114/><E114/><V133/><F133/><N who="0" m="51306" /><D125/><U113/><E113/><V7/><F7/><W20/><G128/><T124/><D124/><U115/><E115/><V100/><F100/><W83/><G111/><T63/><D63/><U54/><E70/><V71/><F71/><W1/><G1/><T4/><D4/><U129/><E129/><V65/><F65/><W25/><G43/><T96/><D103/><U74/><E74/><V49/><F48/><N who="3" m="28679" /><G83/><T28/><D110/><U6/><E6/><AGARI ba="1,2" hai="6,10,12,18,20,25,53,55,76,78,79" m="28679" machi="6" ten="30,2900,0" yaku="8,1,54,1" doraHai="91" who="3" fromWho="1" sc="225,0,216,-32,294,0,245,52" /><INIT seed="3,2,0,1,2,58" ten="225,184,294,297" oya="3" hai0="21,40,44,32,46,87,64,98,99,7,37,80,111" hai1="60,10,84,19,103,79,34,36,31,67,56,72,22" hai2="101,49,100,42,122,76,123,126,118,115,134,11,129" hai3="135,51,83,119,116,13,18,120,105,75,70,50,132"/><W85/><G105/><T65/><D32/><U86/><E36/><V25/><F115/><W96/><G70/><T57/><D111/><U127/><E127/><V89/><F118/><N who="3" m="45099" /><G96/><T74/><D74/><U6/><E103/><V48/><F76/><N who="3" m="46311" /><G75/><T35/><D35/><U17/><E17/><V77/><F77/><W2/><G2/><T1/><D98/><U33/><E72/><V16/><F126/><W26/><G26/><T52/><D99/><U73/><E73/><V9/><F89/><W88/><G88/><T63/><D80/><U62/><E79/><V106/><F42/><W121/><G51/><T0/><D87/><U112/><E112/><V20/><F106/><W14/><G50/><T28/><D0/><U3/><E34/><V92/><F92/><W117/><G117/><T4/><D1/><U29/><E29/><V39/><F39/><W30/><G30/><T133/><D28/><U55/><E31/><V54/><F100/><W53/><G53/><T24/><D37/><U12/><REACH who="1" step="1"/><E33/><REACH who="1" ten="225,174,294,297" step="2"/><V107/><F101/><W130/><G18/><N who="0" m="12343" /><D4/><U125/><E125/><V61/><F16/><W81/><G121/><T93/><D7/><U128/><E128/><V59/><F129/><W90/><G120/><T91/><D91/><U15/><E15/><N who="3" m="5642" /><G130/><T104/><D104/><U8/><E8/><V95/><F122/><W41/><G90/><T82/><D93/><U43/><E43/><V97/><F123/><W108/><G108/><T102/><D40/><U23/><E23/><V94/><F107/><W47/><G81/><T78/><D82/><U66/><E66/><RYUUKYOKU ba="2,1" sc="225,-15,174,15,294,-15,297,15" hai1="3,6,10,12,19,22,55,56,60,62,67,84,86" hai3="41,47,132,135" owari="210,-19.0,189,-31.1,279,7.9,322,42.2" /></mjloggm>