<mjloggm ver="2.3"><GO type="225" lobby="0"/><UN n0="%E6%98%93%E5%88%A9%E8%96%A9%E4%BC%AF" n1="%E3%81%BD%E3%81%A1%E3%81%9F%E3%81%93%E3%82%84" n2="%E3%82%AF%E3%82%A3%E3%82%A6" n3="%E6%A1%9C%E8%8A%B1%E9%96%83%E3%80%85" dan="17,17,16,16" rate="2114.09,2166.10,2078.08,2128.27" sx="F,M,M,M"/><TAIKYOKU oya="0"/><INIT seed="0,0,0,3,1,105" ten="250,250,250,250" oya="0" hai0="28,129,123,2,65,7,74,42,69,52,0,31,90" hai1="122,97,87,75,82,99,35,25,40,102,53,100,62" hai2="32,106,107,26,29,17,88,92,111,127,124,9,112" hai3="57,14,41,89,54,120,56,37,109,61,15,60,48"/><T121/><D42/><U95/><E122/><V4/><F112/><W93/><G120/><T71/><D129/><U68/><E40/><V116/><F111/><W98/><G109/><T76/><D90/><U110/><E110/><V101/><F101/><W78/><G37/><T10/><D2/><U24/><E35/><V19/><F116/><W77/><G60/><T104/><D104/><U128/><E128/><V81/><F81/><W118/><G118/><T83/><D71/><U51/><E75/><V72/><F72/><W94/><G94/><T73/><D73/><U80/><E68/><V131/><F131/><W39/><G39/><T27/><D31/><U86/><E62/><V119/><F119/><W133/><G133/><T125/><D125/><U44/><E82/><V84/><F107/><W43/><G43/><T34/><REACH who="0" step="1"/><D52/><REACH who="0" ten="240,250,250,250" step="2"/><U30/><E30/><V16/><REACH who="2" step="1"/><F106/><REACH who="2" ten="240,250,240,250" step="2"/><W117/><G117/><T22/><D22/><U70/><E100/><V59/><F59/><W58/><G58/><T126/><D126/><U36/><E102/><V11/><F11/><W6/><G57/><T79/><D79/><U8/><E8/><V33/><F33/><W1/><G78/><T96/><D96/><U47/><E99/><V5/><F5/><W64/><G77/><T13/><D13/><AGARI ba="0,2" hai="4,9,13,16,17,19,26,29,32,84,88,92,124,127" machi="13" ten="40,8000,1" yaku="1,1,54,2,53,2" doraHai="105" doraHaiUra="132" who="2" fromWho="0" sc="240,-80,250,0,240,100,250,0" /><INIT seed="1,0,0,5,5,75" ten="160,250,340,250" oya="1" hai0="126,17,105,51,106,20,76,24,133,74,68,115,30" hai1="90,135,41,78,86,114,110,50,15,45,16,95,79" hai2="35,81,64,113,84,19,6,60,52,28,91,2,25" hai3="69,13,33,120,18,129,27,122,77,121,11,44,80"/><U21/><E114/><V92/><F113/><W65/><G129/><T23/><D115/><U112/><E112/><V125/><F125/><W56/><G69/><T72/><D68/><U58/><E135/><V117/><F117/><W48/><G65/><T89/><D126/><U61/><E110/><V128/><F128/><W31/><G56/><T96/><D133/><U12/><E15/><V46/><F19/><W111/><G111/><T29/><D51/><U43/><E41/><V36/><F6/><W34/><G34/><T70/><D70/><U49/><E49/><V4/><F4/><W57/><G57/><T9/><D9/><U134/><E134/><V88/><F2/><W118/><G118/><T101/><D106/><U85/><E86/><N who="2" m="52343" /><F35/><W53/><REACH who="3" step="1"/><G121/><REACH who="3" ten="160,250,340,240" step="2"/><T103/><D103/><U102/><E102/><V14/><F64/><AGARI ba="0,1" hai="12,16,21,43,45,50,58,61,64,78,79,85,90,95" machi="64" ten="30,12000,1" yaku="7,1,8,1,52,2,54,1" doraHai="75" who="1" fromWho="2" sc="160,0,250,130,340,-120,240,0" /><INIT seed="1,1,0,1,3,27" ten="160,380,220,240" oya="1" hai0="12,28,59,29,47,18,46,62,3,7,101,64,80" hai1="6,116,34,106,33,61,25,91,57,56,24,88,127" hai2="86,21,119,77,121,129,131,8,38,11,32,98,95" hai3="17,120,75,89,66,79,10,74,130,115,87,5,105"/><U67/><E116/><V50/><F32/><W114/><G66/><T73/><D101/><U125/><E106/><V132/><F38/><W49/><G120/><T108/><D108/><U15/><E6/><V72/><F119/><W82/><G130/><N who="2" m="49673" /><F121/><W71/><G71/><T4/><D3/><U135/><E15/><V112/><F132/><W51/><G105/><T52/><D73/><U83/><E135/><V124/><F112/><W113/><G17/><T37/><D80/><U70/><E70/><V76/><F124/><N who="1" m="47689" /><E57/><V104/><F21/><W134/><G134/><T44/><D37/><U93/><E83/><N who="2" m="45447" /><F50/><W30/><G51/><T68/><D68/><U54/><E67/><V14/><F104/><W41/><G79/><T111/><D64/><U36/><E36/><V48/><F48/><W26/><G49/><T43/><D43/><U42/><E42/><V102/><F14/><W2/><REACH who="3" step="1"/><G41/><REACH who="3" ten="160,380,220,230" step="2"/><T92/><D111/><U45/><E45/><V133/><F133/><W84/><G84/><T96/><D4/><U35/><E91/><V13/><F13/><W110/><G110/><T117/><D7/><U103/><E103/><V78/><F86/><AGARI ba="1,1" hai="24,25,33,34,35,54,56,61,86,88,93" m="47689" machi="86" ten="40,3900,0" yaku="18,1,54,1" doraHai="27" who="1" fromWho="2" sc="160,0,380,52,220,-42,230,0" /><INIT seed="1,2,0,2,1,2" ten="160,432,178,230" oya="1" hai0="28,75,14,122,96,92,39,100,15,101,71,13,127" hai1="112,42,87,128,67,30,17,115,44,83,68,82,134" hai2="121,50,32,124,90,70,55,12,88,129,22,45,53" hai3="49,0,133,114,58,106,48,8,132,23,103,5,97"/><U11/><E128/><V116/><F116/><W74/><G114/><T108/><D75/><U79/><E134/><N who="3" m="51818" /><G74/><T36/><D71/><U109/><E30/><V47/><F121/><W33/><G33/><T35/><D122/><U25/><E109/><V95/><F32/><W93/><G23/><T1/><D1/><U80/><E68/><V57/><F70/><W54/><G49/><T111/><D127/><U125/><E67/><V81/><F124/><W7/><G7/><T26/><REACH who="0" step="1"/><D101/><REACH who="0" ten="150,432,178,230" step="2"/><U131/><E125/><V117/><F117/><W130/><G130/><T135/><D135/><U89/><E131/><V40/><F129/><W9/><G9/><T104/><D104/><AGARI ba="2,1" hai="0,5,8,48,54,58,93,97,103,104,106" m="51818" machi="104" ten="30,2000,0" yaku="20,1,52,1" doraHai="2" who="3" fromWho="0" sc="150,-26,432,0,178,0,230,36" /><INIT seed="2,0,0,3,1,25" ten="124,432,178,266" oya="2" hai0="28,127,106,40,14,0,117,34,119,19,33,3,23" hai1="101,96,85,50,66,45,51,67,116,46,93,75,35" hai2="16,31,131,118,109,59,2,60,17,49,69,97,79" hai3="84,48,92,47,108,44,65,5,71,12,86,13,76"/><V53/><F118/><N who="0" m="45066" /><D106/><U42/><E75/><V1/><F131/><W102/><G108/><T128/><D40/><U77/><E35/><N who="0" m="13321" /><D128/><U54/><E116/><V7/><F109/><W87/><G71/><T103/><D103/><U70/><E70/><V58/><F69/><W32/><G32/><T21/><D127/><U110/><E110/><V8/><F79/><W27/><G65/><T123/><D123/><U83/><AGARI ba="0,0" hai="42,45,46,50,51,54,66,67,77,83,85,93,96,101" machi="83" ten="30,2000,0" yaku="0,1,8,1" doraHai="25" who="1" fromWho="1" sc="124,-5,432,20,178,-10,266,-5" /><INIT seed="3,0,0,4,2,69" ten="119,452,168,261" oya="3" hai0="49,3,48,94,11,73,32,75,86,74,4,114,82" hai1="92,34,38,132,63,70,77,79,5,14,93,17,54" hai2="55,43,25,105,16,88,21,18,52,58,131,59,13" hai3="124,31,78,126,46,128,57,51,89,104,117,87,118"/><W53/><G104/><T107/><D107/><U123/><E38/><V106/><F131/><W102/><G102/><T22/><D32/><U134/><E34/><V110/><F110/><W44/><G78/><N who="1" m="29706" /><E5/><V62/><F43/><W66/><G31/><T33/><D33/><U121/><E54/><V61/><F88/><W101/><G101/><T2/><D2/><U90/><E63/><V30/><F18/><W81/><G128/><T103/><D114/><U83/><E70/><V29/><F29/><W8/><G8/><AGARI ba="0,0" hai="8,13,16,21,25,30,52,55,58,59,61,62,105,106" machi="8" ten="30,7700,0" yaku="7,1,9,1,54,2" doraHai="69" who="2" fromWho="3" sc="119,0,452,0,168,77,261,-77" owari="119,-38.1,452,55.2,245,4.5,184,-21.6" /></mjloggm>