<mjloggm ver="2.3"><GO type="225" lobby="0"/><UN n0="%77%72%77%72%77%72%77%72" n1="%E6%9C%88%E5%B3%B6%E5%9F%BA" n2="%E3%81%AF%E3%82%88%E3%81%8A%E3%81%98%E3%81%95%E3%82%93" n3="%E3%83%81%E3%83%83%E3%82%BF%E3%82%BD%E3%83%BC" dan="17,17,16,16" rate="2119.41,2205.86,2187.29,2128.47" sx="M,M,M,F"/><TAIKYOKU oya="0"/><INIT seed="0,0,0,0,3,7" ten="250,250,250,250" oya="0" hai0="64,2,52,104,81,21,38,40,88,117,95,102,29" hai1="99,100,62,55,113,94,56,87,110,0,128,72,82" hai2="5,53,89,45,93,36,15,80,120,34,39,106,33" hai3="10,123,101,68,92,17,84,25,124,67,65,28,11"/><T98/><D117/><U105/><E0/><V97/><F120/><W108/><G108/><T107/><D2/><U19/><E110/><V131/><F106/><W41/><G124/><T71/><D38/><U66/><E128/><V57/><F131/><W83/><G123/><T127/><D127/><U8/><E113/><V119/><F119/><W129/><G129/><T78/><D40/><U63/><E72/><V77/><F5/><W16/><G41/><T133/><D133/><U118/><E118/><V26/><F15/><W14/><G68/><T48/><D64/><N who="3" m="24649" /><G28/><T31/><D71/><U125/><E125/><V43/><F26/><W42/><G42/><T114/><D114/><U50/><E105/><V6/><F6/><W103/><G92/><T44/><D21/><U74/><E74/><V60/><REACH who="2" step="1"/><F39/><REACH who="2" ten="250,250,240,250" step="2"/><W130/><G130/><T3/><D3/><U54/><E66/><V46/><F46/><W70/><G70/><T73/><REACH who="0" step="1"/><D107/><REACH who="0" ten="240,250,240,250" step="2"/><U49/><E55/><V4/><F4/><W75/><G25/><T23/><D23/><U61/><E54/><V51/><F51/><W115/><G115/><T132/><D132/><U22/><E50/><V27/><F27/><W79/><G75/><AGARI ba="0,2" hai="33,34,36,43,45,53,57,60,75,77,80,89,93,97" machi="75" ten="30,3900,0" yaku="1,1,7,1,53,1" doraHai="7" doraHaiUra="86" who="2" fromWho="3" sc="240,0,250,0,240,59,250,-39" /><INIT seed="1,0,0,2,3,98" ten="240,250,299,211" oya="1" hai0="131,132,82,87,26,39,18,21,17,71,8,94,30" hai1="123,107,69,83,63,6,111,56,109,129,73,7,117" hai2="93,38,42,45,2,5,43,44,37,74,28,134,127" hai3="106,12,77,89,65,23,15,122,105,59,130,112,121"/><U31/><E117/><V72/><F127/><W49/><G112/><T108/><D39/><U4/><E123/><V110/><F110/><N who="1" m="41993" /><E129/><V80/><F134/><W41/><G130/><T9/><D108/><U40/><E107/><V35/><F93/><W85/><G77/><T46/><D71/><U57/><E40/><V101/><F101/><W104/><G65/><T52/><D132/><U3/><E3/><V50/><F50/><W79/><G79/><N who="0" m="46559" /><D94/><U113/><E113/><V75/><F80/><W47/><G59/><N who="1" m="22602" /><E31/><V60/><F60/><W58/><G58/><T13/><D131/><U16/><E83/><V135/><F135/><W61/><G61/><T25/><D25/><U29/><E29/><V86/><F86/><W103/><G121/><T68/><D68/><U76/><E76/><V24/><F5/><W100/><G122/><T118/><D118/><U10/><E73/><V27/><F24/><W14/><REACH who="3" step="1"/><G23/><REACH who="3" ten="240,250,299,201" step="2"/><T115/><D115/><U128/><E128/><V126/><F126/><W36/><G36/><T124/><D124/><U120/><E120/><V54/><F38/><W55/><G55/><T48/><D52/><U66/><E10/><V53/><F54/><W0/><G0/><T19/><D8/><U97/><E69/><V92/><F53/><W99/><G99/><T22/><D22/><U62/><E66/><V91/><F2/><W11/><G11/><T70/><D70/><U20/><E97/><N who="2" m="57503" /><F37/><W88/><G88/><T116/><D116/><U95/><E63/><V133/><F133/><W81/><AGARI ba="0,1" hai="12,14,15,41,47,49,81,85,89,100,103,104,105,106" machi="81" ten="40,12000,2" yaku="1,1,0,1,52,2,53,2" doraHai="98" doraHaiUra="96" who="3" fromWho="3" sc="240,-30,250,-60,299,-30,201,130" /><INIT seed="2,0,0,3,4,14" ten="210,190,269,331" oya="2" hai0="96,20,55,130,10,81,129,120,80,79,6,77,44" hai1="12,17,85,95,37,110,51,24,116,21,5,73,65" hai2="56,113,57,69,11,54,30,64,49,45,115,106,125" hai3="122,117,107,76,131,28,72,22,67,109,46,61,100"/><V59/><F106/><W134/><G117/><T112/><D112/><U119/><E37/><V70/><F30/><W118/><G122/><T111/><D120/><U15/><E73/><V53/><F11/><W114/><G46/><T62/><D111/><U19/><E110/><V66/><F125/><W0/><G22/><T31/><D96/><U71/><E5/><V93/><F93/><W108/><G28/><T60/><D31/><U75/><E75/><V58/><F115/><W13/><G13/><N who="0" m="5335" /><D20/><U89/><E51/><N who="2" m="28911" /><F113/><W35/><G61/><N who="0" m="23659" /><D130/><U2/><E2/><V74/><F74/><W47/><G109/><T103/><D103/><U128/><E128/><V41/><F41/><W18/><G100/><T33/><D33/><U3/><E3/><V29/><F29/><W16/><G35/><T97/><D97/><U101/><E101/><V50/><F50/><W135/><G107/><T132/><D132/><U7/><E71/><AGARI ba="0,0" hai="49,54,56,57,58,59,64,66,69,70,71" m="28911" machi="71" ten="30,12000,1" yaku="35,5" doraHai="14" who="2" fromWho="1" sc="210,0,190,-120,269,120,331,0" /><INIT seed="2,1,0,3,3,8" ten="210,70,389,331" oya="2" hai0="117,127,53,108,78,118,11,31,48,5,10,79,14" hai1="125,12,92,83,94,25,39,62,110,50,82,107,24" hai2="64,109,28,96,70,2,6,15,121,19,4,130,129" hai3="90,114,99,100,38,35,131,7,97,105,95,3,119"/><V40/><F121/><W112/><G131/><N who="2" m="50185" /><F2/><W61/><G35/><T84/><D108/><U77/><E107/><V134/><F109/><W115/><G38/><T66/><D127/><U54/><E110/><V135/><F28/><W116/><G7/><N who="2" m="2601" /><F40/><W86/><G3/><T68/><D11/><U46/><E39/><V47/><F47/><W76/><G61/><N who="0" m="40015" /><D84/><U89/><E125/><V98/><F64/><W36/><G36/><T128/><D31/><U58/><E92/><V104/><F70/><W124/><G124/><T67/><D67/><U52/><E12/><V0/><F0/><W93/><REACH who="3" step="1"/><G76/><REACH who="3" ten="210,70,389,321" step="2"/><T23/><D79/><U133/><E133/><N who="2" m="50699" /><F104/><W74/><G74/><T88/><D128/><U59/><E46/><V123/><F123/><W122/><G122/><T65/><D65/><U44/><E44/><V26/><F26/><W49/><G49/><T85/><D48/><U57/><E57/><V45/><F45/><W34/><G34/><T30/><D53/><U41/><E41/><V21/><AGARI ba="1,1" hai="15,19,21,96,98" m="50699,2601,50185" machi="21" ten="40,7800,0" yaku="19,1,20,1,52,1" doraHai="8" who="2" fromWho="2" sc="210,-27,70,-27,389,91,321,-27" /><INIT seed="2,2,0,5,2,61" ten="183,43,480,294" oya="2" hai0="81,28,126,56,99,83,50,135,54,63,94,100,84" hai1="68,118,72,107,113,2,127,55,57,106,38,88,60" hai2="1,134,44,70,52,98,23,11,130,89,102,69,46" hai3="123,85,115,20,65,40,90,47,6,10,79,75,93"/><V110/><F130/><W34/><G123/><T9/><D135/><U66/><E72/><V29/><F134/><W32/><G115/><T73/><D126/><U104/><E2/><V124/><F124/><W111/><G111/><T16/><D28/><U31/><E127/><V43/><F110/><W26/><G79/><T5/><D73/><U74/><E74/><V77/><F77/><W62/><G75/><T14/><D5/><U114/><E118/><V35/><F35/><W12/><G20/><T15/><D15/><U86/><E31/><V82/><F46/><W64/><G26/><T8/><D8/><U27/><E27/><V120/><F120/><W109/><G109/><T78/><D83/><U0/><E38/><V129/><F129/><W119/><G119/><T30/><D30/><U103/><E103/><V91/><F82/><W87/><G85/><T18/><D18/><U95/><REACH who="1" step="1"/><E0/><REACH who="1" ten="183,33,480,294" step="2"/><V33/><F102/><W116/><G116/><T108/><D108/><U59/><E59/><V13/><F1/><W42/><G32/><T121/><D121/><U4/><E4/><V67/><F29/><W101/><G34/><T21/><D100/><U97/><E97/><V45/><F98/><W51/><G101/><T41/><D99/><U92/><E92/><V125/><F33/><W37/><G37/><T49/><D94/><U36/><E36/><V133/><F125/><W17/><G6/><T132/><D132/><U76/><E76/><V22/><F133/><W3/><G3/><T105/><D78/><U39/><E39/><V131/><F131/><W112/><G93/><RYUUKYOKU ba="2,1" sc="183,-10,33,30,480,-10,294,-10" hai1="55,57,60,66,68,86,88,95,104,106,107,113,114" /><INIT seed="3,3,1,4,2,68" ten="173,63,470,284" oya="3" hai0="0,134,21,60,84,62,104,127,6,17,115,75,1" hai1="15,88,12,79,61,94,49,39,83,82,23,118,81" hai2="85,9,76,102,11,121,34,78,113,126,58,14,74" hai3="35,93,105,2,46,129,44,36,28,111,24,52,10"/><W132/><G105/><T64/><D75/><U97/><E118/><V8/><F34/><W33/><G129/><T96/><D134/><U124/><E124/><V38/><F38/><W86/><G132/><T89/><D127/><U123/><E123/><V63/><F113/><W41/><G111/><T133/><D133/><U128/><E128/><V120/><F74/><W29/><G29/><T55/><D115/><U37/><E79/><V108/><F126/><W119/><G119/><T67/><D55/><U107/><E107/><V25/><F108/><W42/><G52/><T112/><D6/><U53/><E61/><V103/><F25/><W18/><G2/><T56/><D96/><U71/><E71/><V48/><F48/><W90/><G18/><T106/><D112/><U117/><E117/><V65/><F14/><W109/><G109/><T130/><D0/><U98/><E98/><V19/><F19/><W40/><G10/><T47/><D47/><U26/><E15/><V16/><F16/><W135/><G135/><T20/><D1/><U100/><E100/><N who="2" m="38443" /><F85/><W51/><REACH who="3" step="1"/><G41/><REACH who="3" ten="173,63,470,274" step="2"/><T32/><D130/><U92/><E12/><V73/><F73/><W30/><G30/><T131/><D131/><U3/><E3/><V70/><F120/><W22/><AGARI ba="3,2" hai="22,24,28,33,35,36,40,42,44,46,51,86,90,93" machi="22" ten="20,12000,1" yaku="1,1,0,1,7,1,52,1,53,1" doraHai="68" doraHaiUra="27" who="3" fromWho="3" sc="173,-43,63,-43,470,-43,274,149" /><INIT seed="3,4,0,5,1,12" ten="130,20,427,423" oya="3" hai0="92,116,90,8,1,68,30,4,47,108,123,76,128" hai1="16,95,129,97,73,96,66,20,98,46,133,43,40" hai2="7,29,62,51,28,94,81,13,134,38,32,56,17" hai3="124,120,22,52,89,74,58,10,57,11,127,102,60"/><W15/><G120/><T115/><D123/><U18/><E73/><V85/><F38/><W112/><G74/><T67/><D116/><U2/><E2/><V88/><F32/><W53/><G112/><T21/><D115/><U100/><E129/><V135/><F7/><W48/><G102/><T132/><D108/><U54/><E133/><N who="2" m="50699" /><F51/><W83/><G22/><T107/><D76/><U103/><E66/><N who="2" m="39239" /><F81/><W122/><G122/><T101/><D90/><U64/><E64/><V80/><F80/><W70/><G70/><T126/><D21/><AGARI ba="4,0" hai="13,17,21,28,29,85,88,94" m="39239,50699" machi="21" ten="30,3900,0" yaku="20,1,52,1,54,1" doraHai="12" who="2" fromWho="0" sc="130,-51,20,0,427,51,423,0" owari="79,-32.1,20,-48.0,478,57.8,423,22.3" /></mjloggm>