<mjloggm ver="2.3"><GO type="225" lobby="0"/><UN n0="%70%68%65%6E%6F%6D%65" n1="%E3%83%96%E3%83%83%E3%83%91%E3%82%AA%E3%83%96%E3%83%81%E3%82%AD%E3%83%B3" n2="%E3%83%A9%E3%82%B9%E7%8E%87%EF%BC%93%E5%89%B2" n3="%E5%A4%8F%E9%88%B4%E9%88%B4%E5%A4%8F" dan="16,16,16,16" rate="2155.63,2079.02,2174.02,2110.81" sx="M,M,F,F"/><TAIKYOKU oya="0"/><INIT seed="0,0,0,1,1,81" ten="250,250,250,250" oya="0" hai0="102,33,15,24,2,54,89,74,64,122,23,18,28" hai1="31,71,35,87,111,68,83,86,109,52,94,107,62" hai2="124,57,125,128,58,0,75,61,55,36,127,8,113" hai3="65,123,92,79,100,120,99,77,39,98,108,63,115"/><T91/><D122/><N who="3" m="46633" /><G115/><T26/><D74/><U82/><E107/><V85/><F75/><W37/><G108/><N who="1" m="41546" /><E94/><V43/><F113/><W53/><G53/><T106/><D2/><U96/><E96/><V48/><F128/><W47/><G99/><T110/><D110/><U116/><E116/><V80/><F36/><N who="3" m="13899" /><G47/><T32/><D64/><N who="1" m="40983" /><E71/><AGARI ba="0,0" hai="63,65,71,77,79,92,98,100" m="13899,46633" machi="71" ten="30,1000,0" yaku="13,1" doraHai="81" who="3" fromWho="1" sc="250,0,250,-10,250,0,250,10" /><INIT seed="1,0,0,3,1,50" ten="250,240,250,260" oya="1" hai0="84,46,28,15,74,14,86,132,80,13,16,69,27" hai1="90,44,134,57,123,54,133,91,37,117,104,17,119" hai2="102,101,18,120,64,48,56,42,40,72,78,53,107" hai3="33,55,36,59,127,100,109,45,47,130,88,116,51"/><U110/><E104/><V71/><F120/><W129/><G33/><T106/><D132/><N who="1" m="50795" /><E123/><V135/><F135/><W105/><G109/><T83/><D106/><U61/><E17/><V111/><F111/><W3/><G127/><T22/><D69/><U9/><E9/><V95/><F107/><W7/><G116/><N who="1" m="44618" /><E110/><V126/><F126/><W97/><G88/><N who="0" m="51207" /><D74/><U70/><E70/><V20/><F78/><W67/><G67/><T25/><D46/><U29/><E29/><V79/><F79/><W26/><G26/><N who="0" m="9739" /><D28/><U23/><E23/><V85/><F72/><W65/><G65/><T34/><D34/><U8/><E8/><V121/><F121/><W82/><G36/><T75/><D75/><U19/><E19/><V21/><F21/><W73/><G73/><T112/><D112/><U52/><E37/><V99/><F71/><W38/><G38/><T124/><D124/><U115/><E115/><V0/><F64/><W118/><G118/><T58/><D58/><N who="1" m="35031" /><E44/><V41/><F0/><W32/><G45/><T1/><D1/><U24/><E24/><N who="2" m="14359" /><F85/><W93/><G32/><T108/><D108/><U77/><E77/><AGARI ba="0,0" hai="13,14,15,16,22,77,83,86" m="9739,51207" machi="77" ten="30,3900,0" yaku="8,1,54,2" doraHai="50" who="0" fromWho="1" sc="250,39,240,-39,250,0,260,0" /><INIT seed="2,0,0,0,0,67" ten="289,201,250,260" oya="2" hai0="72,99,1,82,126,17,6,56,37,44,129,92,16" hai1="64,93,46,124,48,113,54,135,132,87,58,84,118" hai2="98,65,101,131,45,5,19,128,95,74,86,121,12" hai3="60,51,117,134,31,63,52,57,9,49,38,90,62"/><V61/><F121/><W109/><G117/><T114/><D114/><U110/><E113/><V69/><F74/><W76/><G109/><T40/><D126/><U88/><E118/><V68/><F5/><W75/><G38/><T53/><D129/><N who="2" m="49738" /><F86/><W4/><G31/><T77/><D56/><U55/><E110/><V103/><F45/><W91/><G134/><N who="1" m="51242" /><E124/><V25/><F25/><W112/><G112/><T102/><D53/><N who="1" m="29847" /><E87/><V116/><F116/><W133/><G49/><T33/><D33/><U36/><E36/><V81/><F81/><W59/><G59/><T79/><D77/><U73/><E73/><V120/><F120/><W43/><G43/><T125/><D125/><U100/><E100/><N who="2" m="60511" /><F68/><W127/><G133/><T106/><D106/><U115/><E115/><V85/><F85/><W32/><G32/><T14/><D14/><U71/><E58/><V22/><AGARI ba="0,0" hai="12,19,22,61,65,69,101,103" m="60511,49738" machi="22" ten="30,3000,0" yaku="19,1,52,1" doraHai="67" who="2" fromWho="2" sc="289,-10,201,-10,250,30,260,-10" /><INIT seed="2,1,0,4,4,104" ten="279,191,280,250" oya="2" hai0="33,60,93,72,3,110,26,131,124,17,34,28,119" hai1="67,97,63,108,75,74,94,14,13,126,116,56,80" hai2="20,10,84,125,88,118,46,87,19,96,50,4,53" hai3="27,1,113,35,65,98,101,81,5,0,79,49,39"/><V54/><F118/><W102/><G113/><T89/><D119/><U11/><E116/><V61/><F125/><W64/><G39/><T103/><D124/><U40/><E126/><V100/><F61/><W51/><G5/><T6/><D110/><U134/><E108/><V70/><F70/><W57/><G27/><T109/><D109/><U128/><E128/><V21/><F53/><W59/><G35/><T135/><D135/><U52/><E134/><V38/><F87/><W69/><G69/><T121/><D121/><U18/><E40/><V132/><F38/><W120/><G120/><T123/><D103/><U24/><E80/><N who="2" m="49159" /><F4/><W43/><G43/><T111/><D34/><U130/><E130/><V68/><F68/><W76/><G98/><T99/><D131/><U9/><E24/><V47/><F47/><W44/><G81/><T30/><D72/><U66/><E66/><V12/><F132/><W25/><G25/><T7/><D28/><U29/><E67/><V62/><F62/><W112/><G112/><T31/><D30/><U92/><E29/><V15/><F15/><W117/><G117/><T16/><D111/><U48/><E63/><V37/><F37/><W32/><G32/><T42/><D123/><U91/><E94/><AGARI ba="1,0" hai="10,12,19,20,21,46,50,54,94,96,100" m="49159" machi="94" ten="30,5800,0" yaku="25,1,8,1,54,1" doraHai="104" who="2" fromWho="1" sc="279,0,191,-61,280,61,250,0" /><INIT seed="2,2,0,1,1,89" ten="279,130,341,250" oya="2" hai0="114,61,92,64,122,94,19,22,117,127,41,63,95" hai1="21,72,90,59,87,119,66,105,58,110,71,133,120" hai2="73,84,46,81,17,30,54,18,121,50,3,15,45" hai3="35,85,43,113,69,40,0,126,56,42,55,103,57"/><V118/><F3/><W131/><G35/><T32/><D122/><U125/><E119/><V38/><F73/><W100/><G0/><T77/><D114/><U51/><E120/><V34/><F118/><W25/><G113/><T88/><D117/><U109/><E105/><V82/><F34/><W62/><G131/><T128/><D32/><U23/><E72/><V9/><F30/><W124/><G69/><T52/><D128/><U47/><E125/><N who="3" m="48234" /><G25/><N who="0" m="14559" /><D127/><U80/><E133/><V67/><F67/><N who="3" m="39367" /><G85/><T39/><D39/><U16/><E71/><V60/><F38/><W12/><G12/><T5/><D77/><U4/><E4/><V98/><F84/><W6/><G6/><T111/><D41/><U79/><E23/><V104/><F15/><W26/><G26/><T86/><D111/><N who="1" m="42507" /><E79/><V76/><F76/><W93/><G93/><N who="0" m="54423" /><D5/><U83/><E83/><V2/><F82/><W68/><G68/><T115/><D115/><U99/><E99/><V11/><F98/><W101/><G40/><T102/><D64/><U31/><E66/><V91/><F2/><W65/><G65/><T44/><D102/><U36/><E36/><V78/><F78/><W132/><G132/><T14/><D14/><N who="1" m="9367" /><E31/><V10/><F121/><W134/><G134/><T130/><D130/><U28/><E28/><V53/><F104/><W135/><G135/><T75/><D75/><U49/><E49/><AGARI ba="2,0" hai="42,43,49,55,57,100,101,103" m="39367,48234" machi="49" ten="30,1000,0" yaku="18,1" doraHai="89" who="3" fromWho="1" sc="279,0,130,-16,341,0,250,16" /><AGARI ba="2,0" hai="44,49,52,61,63,92,94,95" m="54423,14559" machi="49" ten="30,12000,2" yaku="8,1,52,4,54,2" doraHai="89" who="0" fromWho="1" sc="279,120,114,-120,341,0,266,0" owari="399,49.9,-6,-50.6,341,14.1,266,-13.4" /></mjloggm>