<mjloggm ver="2.3"><GO type="225" lobby="0"/><UN n0="%E8%A8%88%E7%AE%97%E6%A9%9F%E8%87%AA%E7%84%B6" n1="%E3%81%90%E3%81%A1%E3%82%84%E3%81%BE" n2="%E3%81%BF%E3%81%BF%E3%81%9A" n3="%72%69%6F%75%63%68%61%6E" dan="17,16,18,16" rate="2153.33,2133.59,2206.03,2149.67" sx="M,M,M,M"/><TAIKYOKU oya="0"/><INIT seed="0,0,0,1,2,19" ten="250,250,250,250" oya="0" hai0="47,48,5,83,15,13,118,131,62,130,42,34,60" hai1="80,68,65,55,104,86,14,117,66,18,98,134,77" hai2="121,97,84,70,37,61,115,8,1,53,111,126,81" hai3="30,35,17,7,46,100,50,132,9,31,127,105,87"/><T25/><D118/><U24/><E117/><V116/><F115/><W110/><G110/><T54/><D83/><U69/><E134/><V33/><F116/><W107/><G127/><T129/><D5/><U67/><E24/><V58/><F33/><W39/><G132/><T21/><D34/><U20/><REACH who="1" step="1"/><E55/><REACH who="1" ten="250,240,250,250" step="2"/><V36/><F53/><W29/><G35/><T43/><D42/><U133/><E133/><V45/><F111/><W78/><G31/><N who="0" m="17839" /><D54/><U49/><E49/><V125/><F125/><W63/><G50/><T26/><D26/><U113/><E113/><V96/><F126/><W51/><G51/><T6/><D6/><U90/><E90/><V103/><F36/><W120/><G7/><T112/><D112/><U16/><E16/><V92/><F37/><W101/><G17/><T93/><D60/><U82/><E82/><V106/><F81/><N who="3" m="47543" /><G63/><T72/><D62/><U3/><E3/><V109/><F1/><W122/><G29/><T88/><D72/><U40/><E40/><V114/><F61/><W52/><G30/><T44/><D44/><U76/><E76/><V124/><F45/><W135/><G52/><T99/><AGARI ba="0,1" hai="13,15,43,47,48,88,93,99,129,130,131" m="17839" machi="99" ten="30,6000,0" yaku="19,1,52,1,54,1" doraHai="19" who="0" fromWho="0" sc="250,70,240,-20,250,-20,250,-20" /><INIT seed="0,1,0,3,5,70" ten="320,220,230,230" oya="0" hai0="16,87,68,91,107,120,62,80,135,129,124,40,2" hai1="134,25,26,89,31,33,13,65,39,22,86,83,103" hai2="75,58,84,95,66,27,128,30,34,4,5,99,49" hai3="6,17,42,111,55,67,50,106,44,59,9,88,10"/><T64/><D120/><U38/><E103/><V61/><F75/><W54/><G111/><T94/><D107/><U82/><E134/><V60/><F128/><W97/><G17/><T85/><D2/><U1/><E1/><V52/><F84/><W28/><G28/><T112/><D112/><U46/><E46/><V21/><F34/><W130/><G130/><T41/><D129/><U119/><E119/><V118/><F118/><W45/><G106/><T23/><D124/><U113/><E113/><V37/><F37/><W114/><G114/><T8/><D8/><U96/><E96/><V109/><F109/><W18/><G18/><T115/><D135/><U125/><E125/><V36/><F36/><W35/><G35/><T117/><D117/><U63/><E82/><V0/><F0/><W20/><G20/><T133/><D133/><U69/><REACH who="1" step="1"/><E13/><REACH who="1" ten="320,210,230,230" step="2"/><V90/><REACH who="2" step="1"/><F61/><REACH who="2" ten="320,210,220,230" step="2"/><N who="3" m="38335" /><G44/><AGARI ba="1,2" hai="4,5,21,27,30,44,49,52,58,60,66,90,95,99" machi="44" ten="30,7700,0" yaku="1,1,7,1,8,1,54,1,53,0" doraHai="70" doraHaiUra="108" who="2" fromWho="3" sc="320,0,210,0,220,100,230,-80" /><INIT seed="1,0,0,2,2,57" ten="320,210,320,150" oya="1" hai0="16,95,108,8,106,129,103,62,18,124,114,21,78" hai1="20,83,110,126,85,118,28,91,111,13,112,5,70" hai2="81,125,15,29,79,45,88,17,127,71,128,55,24" hai3="100,59,72,134,51,101,64,52,63,11,133,75,90"/><U96/><E112/><V80/><F71/><W33/><G33/><T74/><D114/><U132/><E118/><V123/><F123/><W84/><G11/><T37/><D37/><U56/><E70/><V89/><F128/><W38/><G38/><T53/><D106/><U44/><E126/><N who="2" m="48139" /><F45/><W105/><G72/><T50/><D108/><N who="1" m="41515" /><E132/><N who="3" m="50794" /><G75/><T94/><D8/><U117/><E117/><V130/><F55/><W48/><G105/><T58/><D74/><U66/><E44/><V30/><F130/><W40/><G40/><T4/><D124/><U42/><E42/><V19/><F30/><W6/><G6/><T69/><D4/><U46/><E46/><V14/><F15/><W92/><G48/><T77/><D50/><U116/><E116/><V121/><F19/><W115/><G115/><T131/><D18/><U135/><E135/><V60/><F60/><W120/><G120/><T98/><D131/><U87/><E5/><V93/><F79/><W102/><G51/><T35/><D129/><U73/><E73/><V122/><F121/><W2/><G2/><T107/><D69/><U119/><E119/><V27/><F122/><W113/><G113/><T61/><D61/><N who="1" m="38183" /><E13/><V76/><F14/><W0/><G0/><T9/><D58/><U97/><E20/><N who="2" m="13327" /><F76/><W65/><AGARI ba="0,0" hai="52,59,63,64,65,84,90,92,100,101,102" m="50794" machi="65" ten="40,5200,0" yaku="20,1,52,1,54,1" doraHai="57" who="3" fromWho="3" sc="320,-13,210,-26,320,-13,150,52" /><INIT seed="2,0,0,1,3,87" ten="307,184,307,202" oya="2" hai0="78,128,103,32,112,116,17,71,98,102,76,63,48" hai1="7,15,34,16,33,10,132,130,109,123,82,27,129" hai2="97,25,11,67,38,49,1,92,122,73,88,37,119" hai3="124,14,18,50,41,134,39,0,118,43,57,30,20"/><V104/><F119/><W81/><G118/><T2/><D112/><U6/><E82/><V108/><F122/><W59/><G124/><T56/><D2/><U107/><E107/><V126/><F126/><W79/><G134/><T135/><D32/><N who="1" m="12395" /><E123/><V101/><F108/><W24/><G0/><T106/><D128/><N who="1" m="49259" /><E109/><V95/><F73/><W75/><G39/><T62/><D76/><U42/><E42/><V90/><F67/><W9/><REACH who="3" step="1"/><G41/><REACH who="3" ten="307,184,307,192" step="2"/><T131/><D135/><U58/><E132/><V5/><F49/><W66/><G66/><T44/><D48/><U26/><E58/><V60/><F60/><W77/><G77/><T54/><D78/><U115/><E115/><V61/><F61/><W23/><G23/><T13/><D116/><U55/><E55/><V99/><F25/><AGARI ba="0,1" hai="6,7,10,15,16,25,26,27" m="49259,12395" machi="25" ten="30,7700,0" yaku="19,1,34,2,54,1" doraHai="87" who="1" fromWho="2" sc="307,0,184,87,307,-77,192,0" /><INIT seed="3,0,0,0,0,105" ten="307,271,230,192" oya="3" hai0="109,85,89,4,13,117,9,98,26,94,50,0,35" hai1="118,69,97,81,101,62,70,14,37,107,108,72,48" hai2="96,15,121,111,132,129,33,61,28,53,59,134,34" hai3="102,29,95,80,119,12,71,52,31,22,20,5,49"/><W39/><G119/><T123/><D117/><U135/><E118/><V93/><F111/><W25/><G39/><T82/><D123/><U63/><E37/><V100/><F121/><W91/><G71/><T38/><D38/><U45/><E108/><V127/><F127/><W112/><G112/><T42/><D0/><U19/><E135/><N who="2" m="51755" /><F129/><W90/><G80/><T83/><D35/><N who="2" m="13322" /><F15/><W3/><G3/><T128/><D26/><U76/><E63/><V92/><F28/><W124/><G124/><T56/><D128/><U44/><E62/><V79/><F79/><W43/><G43/><T113/><D42/><U58/><E58/><V23/><F23/><W114/><G114/><T115/><D109/><U110/><E110/><V66/><F66/><W120/><G120/><T18/><D4/><U78/><E78/><V74/><F74/><W51/><G51/><T104/><D50/><U86/><E86/><V6/><F6/><W125/><G125/><T67/><D56/><U84/><E84/><V126/><F126/><W36/><G36/><T103/><D67/><U88/><E45/><V73/><F73/><W87/><G5/><T99/><D82/><U10/><REACH who="1" step="1"/><E88/><REACH who="1" ten="307,261,230,192" step="2"/><N who="3" m="33834" /><G87/><T17/><D115/><U7/><E7/><V16/><F92/><W40/><G40/><AGARI ba="0,1" hai="10,14,19,40,44,48,69,70,72,76,81,97,101,107" machi="40" ten="30,7700,0" yaku="1,1,7,1,52,1,53,1" doraHai="105" doraHaiUra="47" who="1" fromWho="3" sc="307,0,261,87,230,0,192,-77" owari="307,10.7,348,44.8,230,-17.0,115,-38.5" /></mjloggm>