<mjloggm ver="2.3"><GO type="225" lobby="0"/><UN n0="%77%72%77%72%77%72%77%72" n1="%E9%B3%B3%E6%9D%B1%E3%81%AE%E3%81%86%E3%81%95%E3%81%8E%E3%81%95%E3%82%93" n2="%E6%81%A5%E6%99%92%E3%81%97" n3="%E3%81%8B%E3%82%8F%E3%81%A1%E3%82%83%E3%82%93%35%38" dan="16,17,17,16" rate="2105.94,2191.64,2196.70,2163.69" sx="M,M,M,M"/><TAIKYOKU oya="0"/><INIT seed="0,0,0,2,1,65" ten="250,250,250,250" oya="0" hai0="100,43,77,114,84,71,28,101,6,72,131,125,107" hai1="22,14,29,82,40,50,76,45,59,32,11,12,23" hai2="109,1,133,81,52,108,96,56,92,31,118,83,74" hai3="16,88,48,2,124,116,38,98,3,4,68,13,9"/><T87/><D114/><U70/><E70/><V126/><F1/><W112/><G112/><T10/><D71/><U134/><E134/><V5/><F133/><W46/><G116/><T121/><D121/><U86/><E14/><V39/><F39/><W115/><G115/><T119/><D119/><U80/><E80/><V47/><F5/><W55/><G124/><T27/><D125/><U104/><E104/><V64/><F118/><W7/><G68/><T26/><D131/><U78/><E78/><V30/><F47/><W62/><G38/><T21/><D43/><U106/><E106/><V19/><F19/><W85/><G2/><T91/><D72/><U127/><E127/><V24/><F64/><W105/><G3/><T61/><D61/><U15/><E15/><V129/><F129/><W94/><G105/><T63/><D63/><U18/><REACH who="1" step="1"/><E59/><REACH who="1" ten="250,240,250,250" step="2"/><V90/><F126/><W53/><G98/><T60/><D107/><U57/><E57/><AGARI ba="0,1" hai="4,7,9,13,16,46,48,53,55,57,62,85,88,94" machi="57" ten="40,5200,0" yaku="8,1,54,2" doraHai="65" who="3" fromWho="1" sc="250,0,240,-52,250,0,250,62" /><INIT seed="1,0,0,5,3,57" ten="250,188,250,312" oya="1" hai0="110,30,23,44,126,115,133,66,87,73,89,106,63" hai1="11,78,86,111,10,12,94,81,2,97,21,38,41" hai2="56,79,17,18,109,105,85,70,103,108,59,102,8" hai3="5,75,120,104,20,93,119,39,46,58,29,124,48"/><U69/><E69/><V43/><F70/><W84/><G104/><T107/><D115/><U24/><E111/><N who="2" m="42571" /><F43/><W65/><G75/><T118/><D118/><U3/><E38/><V49/><F59/><W68/><G68/><T82/><D110/><U101/><E41/><V74/><F74/><W35/><G35/><T25/><D133/><U4/><REACH who="1" step="1"/><E11/><REACH who="1" ten="250,178,250,312" step="2"/><V51/><F51/><W28/><G39/><T95/><D126/><U31/><AGARI ba="0,1" hai="2,3,4,10,12,21,24,31,78,81,86,94,97,101" machi="31" ten="20,12000,1" yaku="1,1,2,1,0,1,7,1,53,1" doraHai="57" doraHaiUra="83" who="1" fromWho="1" sc="250,-40,178,130,250,-40,312,-40" /><INIT seed="1,1,0,1,4,67" ten="210,308,210,272" oya="1" hai0="52,97,26,133,95,18,121,76,125,20,62,99,75" hai1="129,74,21,32,87,101,41,50,80,16,53,127,78" hai2="25,114,59,13,107,40,115,31,57,122,108,66,24" hai3="54,38,69,55,117,110,15,68,93,119,58,106,2"/><U70/><E32/><V85/><F107/><W96/><G2/><T124/><D133/><U90/><E129/><V36/><F122/><W37/><G106/><T92/><D121/><U10/><E101/><V64/><F13/><W77/><G77/><T22/><D75/><U5/><E127/><N who="0" m="48713" /><D76/><U126/><E126/><V63/><F108/><W102/><G15/><T79/><D79/><U120/><E120/><V105/><F105/><W94/><G110/><T116/><D116/><N who="3" m="44617" /><G94/><N who="0" m="35883" /><D22/><U39/><E74/><V131/><F85/><W100/><G100/><T71/><D52/><N who="3" m="20009" /><G58/><T104/><D104/><U11/><E78/><V4/><F4/><W82/><G82/><T44/><D44/><U7/><E7/><V30/><F131/><W34/><G34/><T73/><D73/><U81/><E5/><V8/><F8/><W72/><G72/><T3/><D3/><U17/><E81/><V91/><F91/><W47/><G47/><T12/><D12/><U84/><E80/><V28/><F25/><W103/><G103/><T83/><D83/><U14/><E90/><V111/><F24/><W35/><G35/><T118/><D118/><U112/><E10/><V134/><F111/><W65/><G65/><AGARI ba="1,0" hai="18,20,26,62,65,71,97,99" m="35883,48713" machi="65" ten="30,2000,0" yaku="18,1,52,1" doraHai="67" who="0" fromWho="3" sc="210,23,308,0,210,0,272,-23" /><INIT seed="2,0,0,4,1,66" ten="233,308,210,249" oya="2" hai0="5,60,76,105,12,75,83,40,21,73,3,59,121" hai1="19,24,82,6,85,58,111,56,43,120,133,64,124" hai2="48,16,119,129,95,52,13,37,10,33,114,118,39" hai3="107,68,77,89,78,0,123,99,122,54,14,49,94"/><V61/><F114/><W20/><G0/><T31/><D121/><U108/><E120/><V29/><F129/><W130/><G123/><T41/><D105/><U100/><E133/><V47/><F61/><W44/><G122/><T22/><D75/><U117/><E117/><V104/><F104/><W35/><G35/><T87/><D73/><U101/><E6/><V112/><F112/><W26/><G130/><T106/><D3/><U80/><E43/><N who="0" m="16457" /><D106/><U4/><E4/><V23/><F33/><W63/><G107/><T90/><D90/><U50/><E124/><V45/><F45/><W74/><G74/><T36/><D36/><U86/><E64/><V9/><F95/><W27/><G68/><T18/><D5/><U132/><E132/><V34/><F34/><W30/><G26/><N who="0" m="16847" /><D59/><U96/><E24/><V17/><F29/><W7/><G63/><AGARI ba="0,0" hai="12,18,22,60,63,76,83,87" m="16847,16457" machi="63" ten="30,1000,0" yaku="8,1" doraHai="66" who="0" fromWho="3" sc="233,10,308,0,210,0,249,-10" /><INIT seed="3,0,0,1,2,129" ten="243,308,210,239" oya="3" hai0="105,20,21,41,132,38,23,135,124,122,113,116,57" hai1="28,107,39,101,134,61,120,92,90,44,98,89,121" hai2="2,62,63,17,36,58,8,85,56,11,50,128,43" hai3="103,117,112,53,48,86,31,125,76,123,49,106,99"/><W70/><G112/><T88/><D113/><U95/><E28/><V80/><F128/><W77/><G117/><T45/><D116/><U64/><E107/><V100/><F2/><W84/><G123/><T102/><D122/><U96/><E101/><V82/><F36/><W42/><G70/><T60/><D124/><U27/><E27/><V24/><F100/><W118/><G118/><T67/><D88/><U12/><E134/><N who="0" m="51241" /><D102/><U127/><E127/><V6/><F24/><W81/><G31/><T18/><D105/><U69/><E12/><AGARI ba="0,0" hai="12,18,20,21,23,38,41,45,57,60,67" m="51241" machi="12" ten="30,7700,0" yaku="20,1,52,3" doraHai="129" who="0" fromWho="1" sc="243,77,308,-77,210,0,239,0" owari="320,42.0,231,-16.9,210,-29.0,239,3.9" /></mjloggm>