<mjloggm ver="2.3"><GO type="225" lobby="0"/><UN n0="%E4%BF%BA%E3%81%A8%E5%A6%96%E5%A4%A2" n1="%E3%83%96%E3%83%83%E3%83%91%E3%82%AA%E3%83%96%E3%83%81%E3%82%AD%E3%83%B3" n2="%6B%65%6E%6E%64%69" n3="%E6%81%A5%E6%99%92%E3%81%97" dan="16,16,16,17" rate="2112.83,2084.67,2161.65,2125.61" sx="F,M,M,M"/><TAIKYOKU oya="0"/><INIT seed="0,0,0,3,4,8" ten="250,250,250,250" oya="0" hai0="72,16,56,97,135,27,73,129,63,67,3,130,0" hai1="18,35,82,116,114,75,57,109,64,89,40,29,33" hai2="25,47,11,32,88,108,101,68,125,84,118,60,86" hai3="117,51,38,92,7,45,91,17,80,14,30,24,98"/><T105/><D135/><U95/><E116/><V79/><F118/><W44/><G117/><T112/><D112/><U62/><E114/><V58/><F108/><W37/><G80/><T104/><D73/><U94/><E109/><V124/><F101/><W103/><G103/><T100/><D104/><U74/><E40/><V41/><F68/><W36/><G51/><T10/><D72/><U61/><E95/><V52/><F79/><W1/><G1/><T113/><D113/><U28/><E28/><N who="2" m="19471" /><F11/><W65/><G7/><T134/><D134/><U96/><E29/><V66/><F66/><W71/><G65/><T46/><D46/><U123/><E123/><V110/><F88/><W20/><REACH who="3" step="1"/><G71/><REACH who="3" ten="250,250,250,240" step="2"/><T87/><D0/><U4/><E4/><V127/><F110/><W122/><G122/><T120/><D120/><U21/><E75/><V111/><F111/><W50/><G50/><AGARI ba="0,1" hai="41,47,50,52,58,60,84,86,124,125,127" m="19471" machi="50" ten="30,2000,0" yaku="18,1,54,1" doraHai="8" who="2" fromWho="3" sc="250,0,250,0,250,30,240,-20" /><INIT seed="1,0,0,0,0,46" ten="250,250,280,220" oya="1" hai0="4,121,135,10,68,57,74,62,114,38,108,14,51" hai1="77,15,124,55,73,45,43,79,50,0,81,2,87" hai2="13,64,48,118,32,61,9,34,25,82,99,98,71" hai3="1,69,94,11,23,119,104,122,123,54,75,89,3"/><U117/><E117/><V53/><F118/><W93/><G104/><T125/><D114/><U37/><E124/><V80/><F82/><W18/><G18/><BYE who="3" /><UN n3="%E6%81%A5%E6%99%92%E3%81%97" /><T56/><D38/><U111/><E111/><V91/><F25/><W112/><G119/><T30/><D74/><U127/><E127/><V59/><F99/><W52/><G112/><T49/><D125/><U60/><E60/><V67/><F67/><W101/><G75/><T116/><D116/><U21/><E79/><V19/><REACH who="2" step="1"/><F98/><REACH who="2" ten="250,250,270,220" step="2"/><W86/><G122/><T109/><D121/><U107/><E73/><V134/><F134/><W8/><G123/><T133/><D133/><U17/><REACH who="1" step="1"/><E107/><REACH who="1" ten="250,240,270,220" step="2"/><V28/><F28/><W115/><G115/><T130/><D30/><U58/><AGARI ba="0,2" hai="0,2,15,17,21,37,43,45,50,55,58,77,81,87" machi="58" ten="20,12000,1" yaku="1,1,2,1,0,1,7,1,52,1,53,0" doraHai="46" doraHaiUra="7" who="1" fromWho="1" sc="250,-40,240,140,270,-40,220,-40" /><INIT seed="1,1,0,2,2,120" ten="210,380,230,180" oya="1" hai0="118,104,99,72,78,91,130,103,7,68,112,65,108" hai1="88,126,102,42,67,28,84,41,9,43,55,74,109" hai2="48,6,110,107,70,94,133,127,29,24,135,114,23" hai3="93,122,62,77,85,31,121,36,5,10,47,73,96"/><U128/><E74/><V13/><F107/><W111/><G31/><T50/><D7/><U19/><E128/><V4/><F70/><W30/><G30/><T34/><D34/><U8/><E126/><V76/><F76/><W113/><G113/><T59/><D112/><U11/><E28/><V80/><F80/><N who="3" m="45103" /><G62/><T66/><D118/><U100/><E67/><V97/><F114/><W57/><G57/><T86/><D130/><U64/><E64/><V46/><F127/><W105/><G47/><T45/><D68/><U16/><E109/><V38/><F38/><W18/><G36/><T35/><D108/><U52/><E102/><N who="2" m="60727" /><F13/><W131/><G18/><N who="1" m="6698" /><E100/><V123/><F123/><W54/><G131/><T71/><D35/><U81/><AGARI ba="1,0" hai="8,9,11,41,42,43,52,55,81,84,88" m="6698" machi="81" ten="40,12000,1" yaku="8,1,54,3" doraHai="120" who="1" fromWho="1" sc="210,-41,380,123,230,-41,180,-41" /><INIT seed="1,2,0,4,5,2" ten="169,503,189,139" oya="1" hai0="66,67,103,52,44,78,61,16,45,125,130,100,94" hai1="104,54,110,93,76,48,58,135,122,27,102,50,85" hai2="118,114,74,53,23,51,4,36,55,63,13,18,80" hai3="11,24,40,79,92,5,3,32,34,70,86,12,49"/><U132/><E122/><V8/><F118/><W72/><G70/><T133/><D133/><N who="1" m="51275" /><E110/><V115/><F36/><W15/><G72/><T95/><D130/><U112/><E112/><N who="2" m="43051" /><F63/><W14/><G24/><T134/><D134/><U29/><E104/><V68/><F68/><W129/><G129/><T123/><D123/><U71/><E71/><V62/><F62/><W59/><G92/><T37/><D37/><U120/><E120/><V89/><F51/><W77/><G77/><T91/><D78/><U42/><E102/><V47/><F47/><W0/><G0/><T106/><D106/><U121/><E121/><V124/><F124/><W6/><G6/><T41/><D125/><U56/><E42/><V22/><F22/><W57/><G57/><N who="0" m="34983" /><D94/><U73/><E73/><V98/><F98/><W107/><G107/><T46/><D41/><U119/><E119/><V83/><F89/><W113/><G113/><T131/><D131/><U31/><E50/><V88/><F74/><W81/><REACH who="3" step="1"/><G59/><REACH who="3" ten="169,503,189,129" step="2"/><T19/><D103/><U65/><E56/><V39/><F88/><W127/><G127/><T20/><D100/><U28/><E58/><V7/><F7/><W60/><G60/><T111/><D111/><U105/><E105/><V117/><F117/><W101/><G101/><T97/><D19/><U75/><E93/><V1/><F83/><W9/><G9/><T128/><D128/><U109/><E75/><V21/><F80/><W116/><G116/><T43/><D43/><U126/><E126/><V35/><F1/><W69/><G69/><T38/><D38/><U64/><E109/><RYUUKYOKU ba="2,1" sc="169,15,503,-15,189,-15,129,15" hai0="16,20,44,45,46,66,67,91,95,97" hai3="3,5,11,12,14,15,32,34,40,49,79,81,86" /><INIT seed="2,3,1,5,2,34" ten="184,488,174,144" oya="2" hai0="72,129,43,57,2,55,127,62,117,44,23,113,6" hai1="73,115,46,102,25,18,26,40,112,20,94,61,39" hai2="63,21,10,71,116,99,126,14,31,70,7,28,22" hai3="124,92,68,104,27,52,121,76,24,32,128,86,100"/><V125/><F116/><W13/><G121/><T9/><D113/><U64/><E73/><V30/><F99/><W54/><G124/><N who="2" m="47721" /><F63/><W1/><G68/><AGARI ba="3,1" hai="7,10,14,21,22,28,30,31,68,70,71" m="47721" machi="68" ten="40,2000,0" yaku="18,1" doraHai="34" who="2" fromWho="3" sc="184,0,488,0,174,39,144,-29" /><INIT seed="2,4,0,4,2,91" ten="184,488,213,115" oya="2" hai0="112,110,74,90,35,60,0,39,65,44,100,31,34" hai1="37,66,123,16,9,61,52,132,4,13,87,125,135" hai2="115,53,43,54,75,59,58,89,109,29,8,15,32" hai3="55,71,73,28,47,101,113,117,77,92,94,120,133"/><V102/><F115/><W81/><G117/><T116/><D112/><U50/><E37/><V83/><F109/><W104/><G113/><T69/><D110/><U108/><E108/><V10/><F43/><W82/><G71/><T84/><D116/><U76/><E125/><V78/><F102/><W2/><G120/><T79/><D0/><U5/><E123/><V107/><F107/><W45/><G2/><T85/><D100/><U98/><E98/><V57/><F8/><W23/><G133/><N who="1" m="51274" /><E87/><V114/><F114/><W51/><G82/><T80/><D31/><U64/><E76/><V56/><F89/><W21/><G45/><T68/><D68/><N who="1" m="41999" /><E66/><V26/><N who="2" m="14336" /><DORA hai="27" /><V41/><REACH who="2" step="1"/><F41/><REACH who="2" ten="184,488,203,115" step="2"/><W48/><G48/><T127/><D39/><U122/><E122/><V124/><F124/><W72/><G73/><T97/><D127/><U38/><E38/><V11/><F11/><W130/><G130/><T14/><D74/><U96/><E50/><V46/><F46/><W24/><REACH who="3" step="1"/><G21/><REACH who="3" ten="184,488,203,105" step="2"/><T121/><D44/><U134/><E134/><V106/><F106/><W105/><G105/><T103/><D121/><U17/><E9/><V18/><AGARI ba="4,2" hai="10,15,18,26,29,32,53,54,75,78,83" m="14336" machi="18" ten="40,12000,1" yaku="1,1,0,1,52,1,53,1" doraHai="91,27" doraHaiUra="88,6" who="2" fromWho="2" sc="184,-44,488,-44,203,152,105,-44" /><INIT seed="2,5,0,0,3,33" ten="140,444,355,61" oya="2" hai0="87,58,95,88,94,39,93,15,2,48,18,66,103" hai1="5,12,134,80,52,84,64,54,1,113,45,6,105" hai2="86,122,115,47,130,44,98,133,57,135,68,41,75" hai3="126,34,79,60,19,128,65,46,81,0,91,50,96"/><V42/><F75/><W83/><G126/><T72/><D39/><U69/><E113/><V22/><F115/><W8/><G128/><T106/><D72/><U30/><E105/><V110/><F122/><W14/><G34/><T37/><D37/><U49/><E30/><V104/><F130/><W38/><G38/><T124/><D124/><U101/><E101/><V123/><F123/><W10/><G79/><T17/><D2/><U63/><E134/><N who="2" m="51211" /><F68/><W108/><G108/><T120/><D120/><U85/><E1/><V99/><F110/><W132/><G132/><T31/><D31/><U109/><E109/><V111/><F111/><W23/><G10/><T56/><D18/><U73/><E73/><V117/><F117/><W36/><G36/><T55/><D106/><U53/><E85/><V9/><F57/><W67/><G67/><T29/><D29/><U74/><E74/><V89/><F22/><W16/><G96/><N who="2" m="36905" /><F9/><W11/><G11/><N who="0" m="6399" /><D103/><U62/><E12/><V76/><F76/><W131/><G131/><T116/><D116/><U71/><E71/><V119/><F104/><W97/><G0/><T3/><D3/><U61/><E69/><V43/><F119/><W40/><G97/><T35/><D35/><U107/><E107/><V78/><F78/><W59/><REACH who="3" step="1"/><G91/><REACH who="3" ten="140,444,355,51" step="2"/><T82/><D66/><U90/><E64/><V114/><F114/><W51/><G51/><T20/><D20/><U127/><E127/><V27/><F27/><AGARI ba="5,1" hai="8,14,16,19,23,27,40,46,50,59,60,65,81,83" machi="27" ten="30,7700,0" yaku="1,1,7,1,8,1,54,1,53,0" doraHai="33" doraHaiUra="28" who="3" fromWho="2" sc="140,0,444,0,355,-92,51,102" /><INIT seed="3,0,0,1,2,31" ten="140,444,263,153" oya="3" hai0="52,22,123,81,6,16,129,80,50,8,40,116,34" hai1="49,60,58,125,11,26,13,39,115,79,128,1,20" hai2="24,41,106,28,23,86,93,76,127,44,130,88,53" hai3="5,110,99,12,124,37,15,109,70,38,63,84,73"/><W61/><G73/><T87/><D123/><U132/><E115/><V3/><F130/><W65/><G124/><T55/><D116/><U122/><E122/><V25/><F127/><W46/><G63/><T71/><D34/><U54/><E125/><V112/><F106/><W14/><G84/><T9/><D71/><U96/><E132/><V0/><F112/><W18/><G5/><T101/><D129/><U29/><E128/><V133/><F133/><W43/><G99/><T114/><D114/><U66/><E39/><V67/><F67/><W4/><G4/><T89/><D101/><U98/><E79/><V92/><F76/><W107/><G107/><T7/><D80/><U131/><E1/><V33/><F53/><N who="0" m="20554" /><D6/><N who="1" m="3319" /><E131/><V75/><F93/><W32/><G32/><T47/><D7/><U103/><E103/><V119/><F119/><W85/><G37/><T27/><AGARI ba="0,0" hai="8,9,16,22,27,40,47,50,81,87,89" m="20554" machi="27" ten="30,4000,0" yaku="8,1,54,2" doraHai="31" who="0" fromWho="0" sc="140,40,444,-10,263,-10,153,-20" owari="180,-22.0,434,53.4,253,5.3,133,-36.7" /></mjloggm>