<mjloggm ver="2.3"><GO type="225" lobby="0"/><UN n0="%E6%98%93%E5%88%A9%E8%96%A9%E4%BC%AF" n1="%E3%80%93%E3%81%97%E3%83%BC%E3%82%89%E3%80%93" n2="%E3%82%8A%E3%81%93%E3%82%8A%E3%82%93%E3%81%94" n3="%E6%A1%9C%E8%8A%B1%E9%96%83%E3%80%85" dan="17,16,17,16" rate="2188.26,2197.17,2217.24,2129.25" sx="F,M,M,M"/><TAIKYOKU oya="0"/><INIT seed="0,0,0,0,4,114" ten="250,250,250,250" oya="0" hai0="39,79,100,126,45,6,34,47,88,89,35,115,83" hai1="42,121,122,2,82,4,64,90,32,128,22,57,68" hai2="66,103,15,40,104,129,106,117,61,30,85,133,102" hai3="87,18,78,0,92,9,77,60,73,44,38,132,108"/><T55/><D115/><U119/><E32/><V58/><F129/><W67/><G108/><T52/><D126/><U26/><E68/><V101/><F133/><W41/><G132/><T116/><D116/><U3/><E42/><V1/><F1/><W17/><G92/><T49/><D100/><U13/><E90/><V5/><F117/><W84/><G18/><T113/><D113/><U65/><E82/><V125/><F125/><W11/><G17/><T36/><D6/><U98/><E98/><V27/><F40/><W25/><G25/><T28/><D28/><N who="1" m="17495" /><E57/><V127/><F85/><W16/><G78/><T97/><D97/><U134/><E65/><V31/><F31/><W81/><G9/><T91/><D39/><U72/><E64/><V74/><F74/><W96/><G96/><T14/><D14/><U21/><E72/><V53/><F66/><W71/><REACH who="3" step="1"/><G16/><REACH who="3" ten="250,250,250,240" step="2"/><T54/><D36/><U63/><E134/><V80/><F127/><W120/><G120/><T130/><D130/><U29/><E128/><V20/><F80/><W62/><G62/><T123/><D123/><U24/><E63/><V48/><F61/><W50/><G50/><T105/><D105/><U12/><E121/><V99/><F99/><W10/><G10/><T109/><D109/><U124/><E122/><V7/><F7/><AGARI ba="0,1" hai="0,7,11,38,41,44,60,67,71,73,77,81,84,87" machi="7" ten="40,5200,0" yaku="1,1,25,2,53,0" doraHai="114" doraHaiUra="94" who="3" fromWho="2" sc="250,0,250,0,250,-52,240,62" /><INIT seed="1,0,0,3,4,22" ten="250,250,198,302" oya="1" hai0="129,30,18,71,125,128,33,135,78,93,63,109,88" hai1="102,85,6,67,50,87,14,29,37,51,0,55,57" hai2="61,72,73,3,20,48,80,56,35,90,44,77,104" hai3="32,120,98,123,59,47,96,9,7,81,28,91,12"/><U112/><E37/><V97/><F35/><W58/><G47/><T83/><D109/><U115/><E0/><V130/><F3/><W24/><G98/><T107/><D107/><U103/><E115/><V105/><F73/><W89/><G89/><T124/><D18/><U65/><E112/><V66/><F130/><N who="0" m="50282" /><D71/><U13/><E29/><V127/><F127/><N who="0" m="48714" /><D63/><U5/><E57/><V16/><F90/><W68/><G68/><T133/><D30/><U108/><REACH who="1" step="1"/><E55/><REACH who="1" ten="250,240,198,302" step="2"/><V64/><F64/><W126/><G126/><T99/><D33/><U116/><E116/><V82/><F66/><W113/><G113/><T21/><D21/><U8/><E8/><V101/><F56/><W121/><G59/><T40/><D40/><U19/><E19/><V95/><F16/><W45/><G58/><T53/><D53/><U84/><E84/><AGARI ba="0,1" hai="78,83,84,88,93,99,133,135" m="48714,50282" machi="84" ten="30,12000,2" yaku="30,2,19,1,18,1,34,2,54,1" doraHai="22" who="0" fromWho="1" sc="250,130,240,-120,198,0,302,0" /><INIT seed="2,0,0,1,3,1" ten="380,120,198,302" oya="2" hai0="72,81,6,0,52,119,107,58,80,36,106,68,26" hai1="105,51,35,24,135,108,111,91,69,76,64,110,79" hai2="74,65,53,103,7,29,28,118,85,95,47,99,21" hai3="20,60,44,116,59,112,40,124,82,73,46,131,125"/><V63/><F118/><W98/><G116/><T129/><D68/><U75/><E105/><V62/><F74/><W133/><G20/><T117/><D36/><U48/><E135/><V43/><F7/><W121/><G133/><T120/><D120/><U88/><E64/><V14/><F85/><W96/><G121/><T123/><D123/><U45/><E69/><V27/><F53/><N who="3" m="33903" /><G131/><T42/><D42/><N who="1" m="24631" /><E51/><V70/><F63/><W8/><G8/><T9/><D129/><U134/><E134/><V55/><F55/><W50/><G46/><T86/><D117/><U3/><E3/><V38/><REACH who="2" step="1"/><F14/><REACH who="2" ten="380,120,188,302" step="2"/><W15/><G15/><T122/><D72/><U127/><E127/><V34/><F34/><W128/><G128/><T57/><D119/><U31/><E75/><V97/><F97/><W56/><G98/><T2/><D122/><U90/><AGARI ba="0,1" hai="24,31,35,76,79,88,90,91,108,110,111" m="24631" machi="90" ten="40,2700,0" yaku="14,1,54,1" doraHai="1" who="1" fromWho="1" sc="380,-7,120,37,188,-13,302,-7" /><INIT seed="3,0,0,2,2,89" ten="373,157,175,295" oya="3" hai0="47,101,73,4,43,46,3,65,6,80,76,24,91" hai1="51,33,78,19,21,130,31,36,118,74,125,95,109" hai2="18,9,59,23,96,57,103,115,108,114,70,97,106" hai3="79,7,87,94,83,126,135,82,28,17,110,72,107"/><W56/><G126/><T100/><D47/><U127/><E36/><V14/><F70/><W88/><G135/><T49/><D65/><U37/><E37/><V60/><F108/><W58/><G110/><T52/><D91/><U81/><E109/><V20/><F97/><W44/><G107/><T10/><D6/><U66/><E130/><V0/><F59/><N who="3" m="22571" /><G72/><T11/><D11/><U128/><E128/><V38/><F38/><W48/><G7/><T113/><D113/><U12/><E118/><V77/><F77/><W98/><G28/><T120/><D120/><U71/><E51/><V129/><F129/><W75/><G75/><T134/><D134/><U102/><E31/><V27/><F0/><W64/><G64/><T29/><D43/><U86/><E33/><AGARI ba="0,0" hai="3,4,10,24,29,33,46,49,52,73,76,80,100,101" machi="33" ten="30,2000,0" yaku="7,1,54,1" doraHai="89" who="0" fromWho="1" sc="373,20,157,-20,175,0,295,0" owari="393,49.3,137,-36.3,175,-22.5,295,9.5" /></mjloggm>