<mjloggm ver="2.3"><GO type="225" lobby="0"/><UN n0="%E3%83%96%E3%83%83%E3%83%91%E3%82%AA%E3%83%96%E3%83%81%E3%82%AD%E3%83%B3" n1="%E6%A1%9C%E6%B2%A2%E5%A2%A8" n2="%E5%8C%97%E6%AC%A7%E3%81%AE%E3%82%82%E3%81%93%E3%81%86" n3="%E7%9A%AE%E3%80%85" dan="16,17,16,16" rate="2128.01,2189.66,2106.36,2133.06" sx="M,F,M,F"/><TAIKYOKU oya="0"/><INIT seed="0,0,0,0,5,102" ten="250,250,250,250" oya="0" hai0="109,90,65,6,57,118,8,30,126,2,29,99,83" hai1="122,76,36,79,97,78,81,96,85,19,18,51,112" hai2="55,39,47,26,70,124,132,21,93,116,134,4,50" hai3="108,86,63,128,32,120,117,9,72,114,37,100,135"/><T92/><D118/><U61/><E122/><V94/><F124/><W101/><RYUUKYOKU type="yao9" ba="0,0" sc="250,0,250,0,250,0,250,0" hai3="9,32,37,63,72,86,100,101,108,114,117,120,128,135" /><INIT seed="0,1,0,5,2,83" ten="250,250,250,250" oya="0" hai0="36,17,112,32,124,121,128,26,62,39,50,11,53" hai1="132,67,2,77,18,14,34,0,44,61,28,73,106" hai2="12,90,51,118,84,76,74,29,101,46,71,120,82" hai3="123,104,38,114,3,9,131,107,92,35,24,86,56"/><T99/><D112/><U7/><E106/><V119/><F120/><W88/><G114/><T4/><D121/><U1/><E132/><V25/><F71/><W105/><G123/><T55/><D124/><U5/><E44/><V70/><F70/><W100/><G38/><T78/><D128/><U111/><E77/><V15/><F101/><W85/><G131/><T130/><D130/><U6/><E73/><V72/><F12/><W134/><G134/><T122/><D122/><U125/><E61/><V33/><F15/><W63/><G100/><T8/><D78/><U65/><E65/><V96/><F96/><W16/><G86/><T102/><D62/><U37/><E67/><V10/><F10/><W103/><G103/><T80/><D80/><U94/><E94/><V45/><F45/><W13/><G3/><T49/><D102/><U81/><E81/><V22/><F33/><W91/><G91/><T110/><D99/><U98/><E98/><V129/><F129/><W109/><G109/><T68/><D68/><U126/><E37/><V79/><F79/><W97/><G97/><T115/><D115/><U23/><E111/><V42/><REACH who="2" step="1"/><F76/><REACH who="2" ten="250,250,240,250" step="2"/><W108/><G108/><T21/><D110/><U47/><E47/><V57/><F57/><W66/><G35/><T52/><D32/><U135/><E135/><V27/><F27/><AGARI ba="1,1" hai="0,1,2,5,6,7,14,18,23,27,28,34,125,126" machi="27" ten="50,6400,0" yaku="34,3" doraHai="83" who="1" fromWho="2" sc="250,0,250,77,240,-67,250,0" /><INIT seed="1,0,0,1,4,34" ten="250,327,173,250" oya="1" hai0="41,114,54,61,116,10,119,108,57,37,45,71,14" hai1="0,44,134,2,11,59,28,22,86,53,94,117,118" hai2="123,13,99,130,1,112,26,18,56,40,66,131,69" hai3="100,92,68,64,35,125,133,16,48,38,110,49,76"/><U121/><E121/><V122/><F69/><W126/><G35/><T33/><D33/><U85/><E44/><V98/><F40/><W127/><G38/><T47/><D114/><U4/><E134/><V19/><F66/><W128/><G133/><T78/><D78/><U91/><E85/><V50/><F50/><W82/><G110/><T105/><D105/><U12/><E28/><V109/><F56/><W17/><G128/><N who="2" m="49193" /><F109/><W87/><G64/><N who="0" m="41359" /><D108/><U113/><E113/><V3/><F112/><W6/><G6/><N who="0" m="3415" /><D47/><U20/><E20/><N who="2" m="13591" /><F98/><N who="3" m="59463" /><G68/><T32/><D32/><U115/><E115/><V75/><F99/><W46/><G49/><AGARI ba="0,0" hai="37,41,45,49,54,57,116,119" m="3415,41359" machi="49" ten="30,1000,0" yaku="24,1" doraHai="34" who="0" fromWho="3" sc="250,10,327,0,173,0,250,-10" /><INIT seed="2,0,0,0,2,69" ten="260,327,173,240" oya="2" hai0="58,3,98,30,6,131,116,36,81,107,129,20,132" hai1="70,46,120,109,112,73,25,53,33,103,91,78,87" hai2="71,124,62,27,45,97,130,26,8,110,47,37,106" hai3="28,34,128,72,51,1,49,57,68,94,15,4,9"/><V24/><F130/><N who="0" m="49674" /><D132/><U17/><E112/><V125/><F8/><W122/><G122/><T63/><D116/><U85/><E70/><V35/><F35/><W22/><G68/><T74/><D36/><U23/><E103/><N who="2" m="62831" /><F45/><W89/><G72/><T18/><D30/><U108/><E120/><V10/><F10/><W133/><G133/><T12/><D3/><U42/><E33/><V77/><F77/><W11/><G128/><T0/><D0/><U90/><E53/><V118/><F118/><W114/><G114/><T14/><D6/><U88/><E73/><V66/><F47/><W7/><G57/><T76/><D98/><U84/><REACH who="1" step="1"/><E78/><REACH who="1" ten="260,317,173,240" step="2"/><V95/><F110/><W2/><G34/><T59/><D107/><U99/><E99/><V65/><F65/><W117/><G117/><T113/><D113/><U111/><E111/><V29/><F95/><W38/><G94/><T79/><D79/><U96/><E96/><V123/><F123/><W119/><G119/><T86/><D74/><U32/><E32/><N who="2" m="20519" /><F37/><AGARI ba="0,1" hai="17,23,25,37,42,46,84,85,87,88,90,91,108,109" machi="37" ten="40,8000,1" yaku="1,1,52,1,54,1,53,1" doraHai="69" doraHaiUra="19" who="1" fromWho="2" sc="260,0,317,90,173,-80,240,0" /><INIT seed="3,0,0,0,5,39" ten="260,407,93,240" oya="3" hai0="11,97,134,37,3,114,104,53,86,100,46,117,62" hai1="51,87,125,121,43,80,118,26,64,94,18,45,131" hai2="130,115,20,103,122,50,127,42,63,34,119,109,79" hai3="7,41,9,111,74,91,105,57,30,120,89,49,126"/><W124/><G120/><T2/><D117/><U6/><E121/><V38/><F103/><W12/><G105/><T28/><D134/><U92/><E118/><V1/><F79/><W67/><G74/><T10/><D28/><U106/><E106/><V107/><F20/><W61/><G30/><T17/><D114/><U27/><E131/><V36/><F50/><W58/><G111/><T73/><D73/><U56/><E6/><V76/><F76/><W128/><G128/><T84/><D62/><N who="1" m="37959" /><E125/><N who="3" m="48234" /><G58/><T66/><D66/><U29/><E29/><V21/><F21/><W82/><G82/><T40/><D86/><U24/><E18/><V113/><F63/><W13/><G13/><T110/><D84/><U25/><E25/><V88/><F88/><AGARI ba="0,0" hai="24,26,27,43,45,51,80,87,88,92,94" m="37959" machi="88" ten="30,3900,0" yaku="8,1,52,1,54,1" doraHai="39" who="1" fromWho="2" sc="260,0,407,39,93,-39,240,0" owari="260,6.0,446,54.6,54,-44.6,240,-16.0" /></mjloggm>