<mjloggm ver="2.3"><GO type="225" lobby="0"/><UN n0="%E4%BF%BA%E3%81%A8%E5%A6%96%E5%A4%A2" n1="%E3%82%AF%E3%82%A3%E3%82%A6" n2="%E3%81%BD%E3%81%A1%E3%81%9F%E3%81%93%E3%82%84" n3="%E7%99%BD%E5%80%89%E5%AF%9B%E4%B9%8B" dan="16,16,17,16" rate="2125.79,2059.86,2189.40,2132.93" sx="F,M,M,M"/><TAIKYOKU oya="0"/><INIT seed="0,0,0,4,1,74" ten="250,250,250,250" oya="0" hai0="73,119,92,100,115,20,17,16,62,104,135,31,21" hai1="112,47,124,102,97,65,51,48,19,0,34,94,67" hai2="129,25,80,54,133,131,59,121,111,28,56,43,66" hai3="33,113,109,50,52,53,1,126,123,38,41,13,101"/><T32/><D115/><U61/><E0/><V88/><F121/><W127/><G1/><T105/><D119/><U86/><E124/><N who="3" m="47658" /><G33/><T69/><D73/><U89/><E112/><V30/><F111/><W130/><G113/><T11/><D135/><U8/><E34/><V117/><F133/><W23/><G109/><T75/><D75/><U70/><E67/><V29/><F43/><W96/><G38/><T64/><D105/><U99/><E99/><V72/><F117/><W4/><G130/><N who="2" m="49673" /><F66/><W76/><G76/><T107/><D107/><U93/><REACH who="1" step="1"/><E47/><REACH who="1" ten="250,240,250,250" step="2"/><V83/><F59/><W5/><G123/><T110/><D110/><U27/><E27/><V42/><F25/><W18/><G41/><T49/><D64/><U82/><E82/><V128/><F42/><W79/><G53/><T63/><D32/><U114/><E114/><V78/><F128/><W125/><G125/><T85/><D69/><U15/><AGARI ba="0,1" hai="8,15,19,48,51,61,65,70,86,89,93,94,97,102" machi="15" ten="30,2000,0" yaku="1,1,0,1,53,0" doraHai="74" doraHaiUra="134" who="1" fromWho="1" sc="250,-10,240,30,250,-5,250,-5" /><INIT seed="1,0,0,0,5,128" ten="240,270,245,245" oya="1" hai0="61,127,17,81,10,38,92,77,51,58,13,24,109" hai1="45,95,112,63,134,35,21,88,111,74,83,62,14" hai2="42,25,3,78,100,37,84,125,28,106,2,22,110" hai3="11,48,87,70,46,96,30,75,0,117,26,32,90"/><U69/><E112/><V6/><F110/><W86/><G70/><T54/><D38/><U36/><E35/><V56/><F125/><W104/><G75/><T133/><D109/><U71/><E111/><V129/><F129/><W55/><G117/><T23/><D127/><U57/><E74/><V102/><F6/><W94/><G0/><T8/><D92/><U82/><E36/><V68/><F68/><W135/><G11/><T113/><D113/><U85/><E45/><V18/><F37/><W119/><G119/><T107/><D107/><U99/><E82/><V12/><F42/><W15/><G15/><T114/><D114/><U49/><E134/><V126/><F126/><W98/><REACH who="3" step="1"/><G135/><REACH who="3" ten="240,270,245,235" step="2"/><T116/><D133/><U108/><E108/><V105/><F2/><W132/><G132/><T65/><D116/><U124/><E124/><V20/><F3/><W39/><G39/><T29/><D8/><U16/><E71/><V91/><F12/><W76/><G76/><T64/><REACH who="0" step="1"/><D51/><REACH who="0" ten="230,270,245,235" step="2"/><U19/><E49/><V97/><F105/><W44/><G44/><T5/><D5/><U7/><E7/><V41/><F106/><W103/><AGARI ba="0,2" hai="26,30,32,46,48,55,86,87,90,94,96,98,103,104" machi="103" ten="30,4000,0" yaku="1,1,0,1,53,1" doraHai="128" doraHaiUra="31" who="3" fromWho="3" sc="230,-10,270,-20,245,-10,235,60" /><INIT seed="2,0,0,2,0,33" ten="220,250,235,295" oya="2" hai0="74,133,48,9,8,42,50,2,88,119,36,105,34" hai1="107,97,87,132,96,47,72,3,11,20,24,124,82" hai2="49,69,79,45,71,112,83,125,101,129,1,62,59" hai3="10,27,52,108,92,100,26,95,46,38,81,70,109"/><V7/><F112/><W0/><G70/><T117/><D34/><U60/><E124/><V30/><F125/><W130/><G130/><T84/><D74/><U65/><E132/><V106/><F129/><W86/><G38/><T55/><D105/><U43/><E72/><V131/><F131/><W68/><G68/><T67/><D67/><U85/><E107/><V89/><F30/><W118/><G118/><N who="0" m="45067" /><D133/><U94/><E3/><V39/><F89/><W54/><G27/><T115/><D115/><U14/><E82/><V37/><F37/><W127/><G26/><T73/><D73/><U63/><E47/><V31/><F31/><W28/><G28/><T103/><D103/><U5/><E43/><V98/><F39/><W35/><G35/><T29/><D29/><N who="1" m="17543" /><E65/><V61/><F71/><W56/><G46/><N who="0" m="23879" /><D2/><U13/><E13/><V15/><F69/><W32/><G32/><T53/><D53/><U104/><E104/><V90/><F1/><W66/><G54/><T121/><D121/><U93/><E63/><V114/><F62/><N who="3" m="36103" /><G66/><T76/><D76/><U44/><E44/><V25/><F79/><N who="3" m="46399" /><G100/><T91/><D50/><U134/><E134/><V21/><F49/><W18/><G127/><T113/><D113/><U19/><E60/><V80/><F114/><W58/><G58/><N who="0" m="33127" /><D91/><N who="1" m="55391" /><E5/><V116/><F45/><W51/><G51/><T4/><D4/><U78/><E78/><V57/><F116/><W102/><G102/><AGARI ba="0,0" hai="11,14,19,85,87,93,97,102" m="55391,17543" machi="102" ten="30,1000,0" yaku="8,1" doraHai="33" who="1" fromWho="3" sc="220,0,250,10,235,0,295,-10" /><INIT seed="3,0,0,1,4,59" ten="220,260,235,285" oya="3" hai0="61,75,84,81,15,106,117,98,19,95,88,89,68" hai1="127,125,97,112,115,58,99,103,71,92,85,4,107" hai2="47,69,48,0,67,96,31,135,20,3,118,91,60" hai3="35,52,14,41,34,102,27,76,11,72,93,94,17"/><W110/><G110/><T126/><D126/><N who="1" m="48139" /><E71/><V40/><F118/><W123/><G123/><T29/><D117/><U66/><E4/><V116/><F135/><W33/><G41/><T130/><D130/><U57/><E66/><V42/><F116/><W28/><G52/><T54/><D106/><U128/><E128/><V6/><F40/><W86/><G72/><T23/><D75/><U32/><E32/><V121/><F6/><W109/><G109/><T100/><D68/><U18/><E18/><V2/><F121/><W83/><REACH who="3" step="1"/><G102/><REACH who="3" ten="220,260,235,275" step="2"/><T101/><D29/><U25/><E115/><V120/><F120/><W111/><G111/><T87/><D98/><U26/><E112/><V131/><F131/><W63/><G63/><T21/><D21/><AGARI ba="0,1" hai="11,14,17,21,27,28,33,34,35,76,83,86,93,94" machi="21" ten="40,3900,0" yaku="1,1,53,1" doraHai="59" doraHaiUra="78" who="3" fromWho="0" sc="220,-39,260,0,235,0,275,49" owari="181,-31.9,260,6.0,235,-16.5,324,42.4" /></mjloggm>