<mjloggm ver="2.3"><GO type="225" lobby="0"/><UN n0="%E6%98%93%E5%88%A9%E8%96%A9%E4%BC%AF" n1="%E3%83%B4%E3%83%A0%EF%BC%99%E3%81%A6" n2="%E3%81%BD%E3%81%A1%E3%81%9F%E3%81%93%E3%82%84" n3="%E6%A1%9C%E8%8A%B1%E9%96%83%E3%80%85" dan="17,16,17,16" rate="2187.08,2172.64,2230.18,2096.37" sx="F,M,M,M"/><TAIKYOKU oya="0"/><INIT seed="0,0,0,1,1,69" ten="250,250,250,250" oya="0" hai0="126,3,66,96,102,23,91,1,59,51,68,76,64" hai1="132,129,2,124,60,87,101,32,25,18,44,34,17" hai2="67,88,57,93,95,47,92,118,35,125,6,83,31" hai3="58,104,43,48,74,94,117,131,81,49,121,89,56"/><T114/><D114/><U26/><E101/><V14/><F125/><W111/><G117/><T134/><D126/><U63/><E124/><V22/><F118/><W135/><G111/><T100/><D68/><U97/><E2/><V54/><F35/><W98/><G135/><T13/><D76/><U50/><E132/><V55/><F67/><W79/><G131/><T115/><D115/><U128/><E97/><V20/><F47/><W122/><G104/><T53/><D102/><U38/><E44/><V12/><F55/><W39/><G39/><T90/><D3/><U78/><E78/><V123/><F123/><N who="3" m="47115" /><G43/><T28/><D1/><U30/><E50/><AGARI ba="0,0" hai="48,49,50,56,58,74,79,81,89,94,98" m="47115" machi="50" ten="30,1000,0" yaku="13,1" doraHai="69" who="3" fromWho="1" sc="250,0,250,-10,250,0,250,10" /><INIT seed="1,0,0,2,0,63" ten="250,240,250,260" oya="1" hai0="64,84,16,101,80,132,39,2,8,67,49,35,93" hai1="97,33,125,21,36,30,110,13,77,55,131,1,11" hai2="113,81,66,91,61,87,41,6,135,95,58,114,50" hai3="116,4,126,52,62,73,106,14,123,31,107,9,103"/><U89/><E36/><V68/><F135/><W98/><G123/><T76/><D39/><U5/><E125/><V0/><F0/><W104/><G126/><T112/><D35/><U28/><E131/><V109/><F6/><W26/><G73/><T32/><D32/><U38/><E38/><V56/><F109/><W111/><G111/><T118/><D118/><U72/><E110/><V59/><F41/><W133/><G133/><T85/><D112/><N who="2" m="43114" /><F50/><W29/><G116/><T10/><D2/><U69/><E69/><V37/><F37/><W108/><G108/><T82/><D49/><U20/><E72/><V90/><F68/><W129/><G129/><T51/><D51/><U128/><E77/><V53/><F53/><W34/><REACH who="3" step="1"/><G29/><REACH who="3" ten="250,240,250,250" step="2"/><T130/><D130/><U54/><E28/><V46/><F46/><W86/><G86/><AGARI ba="0,1" hai="56,58,59,61,66,81,86,87,90,91,95" m="43114" machi="86" ten="30,2000,0" yaku="11,1,52,1" doraHai="63" who="2" fromWho="3" sc="250,0,240,0,250,30,250,-20" /><INIT seed="2,0,0,4,3,115" ten="250,240,280,230" oya="2" hai0="40,50,37,19,112,102,9,34,129,64,88,1,27" hai1="57,81,101,8,73,15,13,51,17,44,72,108,66" hai2="99,28,38,35,33,86,10,49,118,78,105,26,109" hai3="94,16,14,41,20,95,114,56,93,85,126,123,43"/><V80/><F38/><W52/><G123/><T77/><D37/><U55/><E108/><V117/><F109/><W100/><G114/><T107/><D77/><U6/><E101/><V76/><F35/><W25/><G126/><T7/><D64/><U59/><E81/><V31/><F31/><W133/><G133/><T97/><D129/><U111/><E111/><V71/><F71/><W127/><G127/><T22/><D34/><U24/><E24/><V84/><F105/><W69/><G69/><T29/><D112/><U39/><E39/><V135/><F99/><W21/><G85/><T58/><D19/><U120/><E120/><V60/><F60/><N who="3" m="35847" /><G100/><T89/><REACH who="0" step="1"/><D58/><REACH who="0" ten="240,240,280,230" step="2"/><U124/><E124/><V36/><F36/><W92/><N who="3" m="23552" /><DORA hai="68" /><W74/><G74/><T47/><AGARI ba="0,1" hai="1,7,9,22,27,29,40,47,50,88,89,97,102,107" machi="47" ten="30,7900,0" yaku="1,1,0,1,54,1,53,1" doraHai="115,68" doraHaiUra="3,83" who="0" fromWho="0" sc="240,89,240,-20,280,-39,230,-20" /><INIT seed="3,0,0,2,2,13" ten="329,220,241,210" oya="3" hai0="119,12,54,77,104,58,131,107,25,35,22,109,97" hai1="17,108,41,87,90,18,59,116,55,38,0,81,61" hai2="124,72,118,73,79,62,85,122,1,43,20,57,36" hai3="115,53,29,32,101,83,19,91,71,33,5,98,50"/><W134/><G115/><T126/><D119/><U114/><E114/><V68/><F1/><W128/><G128/><T6/><D35/><U117/><E0/><V106/><F68/><W10/><G71/><T111/><D77/><U132/><E108/><N who="0" m="41545" /><D126/><U7/><E7/><V14/><F106/><W75/><G134/><T125/><D97/><U51/><E38/><V69/><F69/><W11/><G11/><N who="0" m="4215" /><D125/><U74/><E132/><V60/><F118/><N who="1" m="45673" /><E74/><V88/><F124/><W96/><G19/><N who="1" m="7178" /><E41/><V103/><F122/><W66/><G66/><T31/><D131/><U4/><E4/><V92/><F36/><W16/><G29/><T39/><D39/><U45/><E45/><V112/><F43/><W28/><G28/><T121/><D121/><U86/><E87/><V113/><F73/><W44/><G5/><T76/><D76/><U21/><E21/><V64/><F72/><W93/><G75/><T127/><D127/><U94/><E94/><N who="2" m="54543" /><F79/><W3/><G3/><T34/><D22/><U133/><E133/><V63/><F20/><W129/><G129/><T56/><D107/><U37/><E37/><V105/><F105/><W80/><G80/><T40/><D40/><U135/><E135/><V2/><F2/><W99/><G83/><T24/><D104/><U65/><E81/><V95/><F14/><N who="3" m="7255" /><G101/><T15/><D15/><U23/><E23/><V48/><F103/><N who="3" m="60815" /><G98/><T120/><D120/><U89/><E86/><V123/><F123/><W8/><G8/><T102/><D102/><U100/><E100/><V78/><F113/><W49/><G49/><N who="0" m="30799" /><D31/><U47/><AGARI ba="0,0" hai="47,51,55,59,61,65,89,90" m="7178,45673" machi="47" ten="30,8000,1" yaku="5,1,12,1,52,3" doraHai="13" who="1" fromWho="1" sc="329,-20,220,80,241,-20,210,-40" owari="309,40.9,300,10.0,221,-17.9,170,-33.0" /></mjloggm>