<mjloggm ver="2.3"><GO type="225" lobby="0"/><UN n0="%E7%99%BD%E5%80%89%E5%AF%9B%E4%B9%8B" n1="%E9%A6%AC%E5%BC%95%E7%81%AB%33" n2="%E3%82%A4%E3%83%BC%E3%82%B1%E3%83%97%E3%83%A9" n3="%33%74%72%65%65" dan="16,16,17,17" rate="2181.11,2143.53,2183.08,2191.85" sx="M,M,M,F"/><TAIKYOKU oya="0"/><INIT seed="0,0,0,1,0,94" ten="250,250,250,250" oya="0" hai0="75,117,115,112,8,5,107,39,77,103,9,15,96" hai1="54,132,63,58,113,99,33,35,93,120,79,130,74" hai2="12,104,59,111,23,121,76,119,89,72,21,128,108" hai3="29,122,131,53,45,36,105,44,55,102,27,16,127"/><T62/><D117/><U67/><E120/><V47/><F121/><W70/><G122/><T66/><D39/><U85/><E74/><V68/><F68/><W60/><G131/><T34/><D34/><U78/><E130/><V13/><F104/><W64/><G127/><T3/><D77/><U43/><E132/><V48/><F128/><W106/><G106/><T87/><D87/><U90/><E113/><V18/><F119/><W69/><G69/><T118/><D75/><U82/><E79/><V97/><F59/><W65/><G65/><T41/><D41/><U114/><E114/><V92/><F76/><W100/><G100/><T37/><D37/><U50/><REACH who="1" step="1"/><E43/><REACH who="1" ten="250,240,250,250" step="2"/><V124/><F72/><W109/><G109/><N who="2" m="42057" /><F124/><W7/><G7/><T95/><D118/><U25/><E25/><N who="2" m="14519" /><F23/><W110/><G110/><T52/><D115/><U30/><E30/><V40/><AGARI ba="0,1" hai="12,13,40,47,48,89,92,97" m="14519,42057" machi="40" ten="30,2000,0" yaku="14,1,52,1" doraHai="94" who="2" fromWho="2" sc="250,-10,240,-5,250,30,250,-5" /><INIT seed="1,0,0,5,3,80" ten="240,235,280,245" oya="1" hai0="121,56,34,132,28,36,73,63,45,40,127,92,64" hai1="83,124,113,2,3,18,22,81,78,57,102,13,15" hai2="9,82,8,98,77,48,31,17,79,104,135,41,66" hai3="89,51,58,70,112,101,29,131,21,95,59,32,122"/><U109/><E113/><V87/><F135/><W84/><G122/><T10/><D73/><U120/><E120/><V108/><F108/><W117/><G112/><T46/><D121/><U100/><E124/><V125/><F125/><W133/><G70/><T53/><D127/><U75/><E109/><V12/><F31/><W42/><G133/><T69/><D132/><U27/><E83/><V47/><F104/><W4/><G32/><T23/><D34/><U86/><E75/><V90/><F66/><W115/><G115/><T60/><D10/><U74/><E74/><V6/><REACH who="2" step="1"/><F98/><REACH who="2" ten="240,235,270,245" step="2"/><W7/><G29/><T97/><D28/><U26/><E57/><V35/><F35/><W1/><G58/><T37/><D46/><U105/><E105/><V118/><F118/><W67/><G59/><T55/><D45/><U38/><E38/><V114/><F114/><W44/><G67/><T68/><D37/><U25/><REACH who="1" step="1"/><E13/><AGARI ba="0,1" hai="6,8,9,12,13,17,41,47,48,77,79,82,87,90" machi="13" ten="30,7700,0" yaku="1,1,7,1,8,1,52,1,53,0" doraHai="80" doraHaiUra="126" who="2" fromWho="1" sc="240,0,235,-77,270,87,245,0" /><INIT seed="2,0,0,2,5,96" ten="240,158,357,245" oya="2" hai0="23,91,37,113,35,76,94,77,13,125,21,117,40" hai1="10,3,111,28,33,70,32,103,5,14,81,20,122" hai2="95,29,19,124,51,110,6,47,54,86,18,101,36" hai3="25,31,90,79,109,105,9,107,53,52,87,46,0"/><V2/><F124/><W98/><G109/><T7/><D35/><N who="1" m="13387" /><E103/><V15/><F2/><W108/><G108/><T68/><D68/><U67/><E81/><V97/><F110/><W55/><G79/><N who="0" m="30283" /><D37/><U119/><E67/><V48/><F36/><W61/><G46/><T65/><D113/><U16/><E70/><V84/><F29/><W83/><G61/><T127/><D65/><U43/><E43/><N who="2" m="24703" /><F6/><W63/><G63/><T56/><D56/><U17/><E111/><V102/><F19/><N who="1" m="7241" /><E122/><V85/><F95/><W129/><G90/><T72/><D40/><U106/><E106/><V69/><F97/><W82/><G98/><N who="0" m="57695" /><D72/><U66/><E66/><V62/><F62/><W26/><G105/><T92/><D92/><U118/><E3/><V93/><F93/><W135/><G0/><T39/><D39/><U30/><E30/><V121/><F121/><W57/><G31/><T12/><D125/><U24/><AGARI ba="0,0" hai="5,10,14,20,24,28,118,119" m="7241,13387" machi="24" ten="30,4000,0" yaku="34,2,54,1" doraHai="96" who="1" fromWho="1" sc="240,-10,158,40,357,-20,245,-10" /><INIT seed="3,0,0,1,5,115" ten="230,198,337,235" oya="3" hai0="52,76,120,37,124,91,53,117,42,70,82,3,11" hai1="43,38,23,114,85,105,21,65,97,127,94,15,59" hai2="24,90,135,110,113,75,104,125,22,118,133,83,74" hai3="10,35,30,32,89,45,63,62,131,26,58,19,93"/><W18/><G131/><T96/><D70/><U47/><E114/><V13/><F113/><W112/><G112/><T48/><D120/><U31/><E127/><V2/><F2/><W128/><G128/><T66/><D66/><U6/><E105/><V109/><F118/><W14/><G35/><T134/><D124/><U39/><E39/><V78/><F125/><W50/><G19/><T81/><D117/><U101/><E85/><V87/><F104/><W0/><G58/><T41/><D134/><N who="2" m="51210" /><F13/><W61/><G0/><T103/><D91/><U100/><E100/><V57/><F57/><W17/><G17/><T67/><D67/><U5/><E15/><V98/><F98/><W130/><G130/><T55/><D48/><U12/><E12/><V88/><F90/><W79/><G79/><T33/><D33/><U116/><E116/><V107/><F107/><W132/><G132/><T99/><D37/><U1/><E1/><V111/><F78/><W80/><G80/><N who="0" m="30827" /><D76/><U69/><E69/><V123/><F123/><W27/><G30/><AGARI ba="0,0" hai="22,24,30,74,75,83,87,88,109,110,111" m="51210" machi="30" ten="40,5200,0" yaku="14,1,20,1,54,1" doraHai="115" who="2" fromWho="3" sc="230,0,198,0,337,52,235,-52" owari="230,3.0,198,-20.2,389,48.9,183,-31.7" /></mjloggm>