<mjloggm ver="2.3"><GO type="225" lobby="0"/><UN n0="%E3%83%81%E3%83%A7%E3%83%99%E3%83%83%E3%82%AF" n1="%E6%98%93%E5%88%A9%E8%96%A9%E4%BC%AF" n2="%E6%81%A5%E6%99%92%E3%81%97" n3="%E3%81%BF%E3%81%BF%E3%81%9A" dan="16,17,16,18" rate="2103.30,2175.73,2085.73,2197.12" sx="M,F,M,M"/><TAIKYOKU oya="0"/><INIT seed="0,0,0,4,3,8" ten="250,250,250,250" oya="0" hai0="126,14,2,100,1,58,60,107,71,116,99,61,19" hai1="39,109,68,57,82,9,32,113,46,7,120,128,73" hai2="17,117,18,87,63,30,114,28,72,112,34,66,0" hai3="36,74,4,93,6,11,44,127,53,37,121,26,124"/><T40/><D116/><U48/><E120/><V119/><F72/><W103/><G74/><T102/><D126/><N who="3" m="48169" /><G121/><T42/><D102/><U85/><E109/><V80/><F87/><W133/><G133/><T49/><D71/><U129/><E68/><V10/><F80/><W31/><G53/><T75/><D61/><U95/><E32/><V94/><F94/><W47/><G103/><T104/><D75/><U132/><E132/><V96/><F96/><W51/><G93/><T79/><D79/><U54/><E95/><V97/><F97/><W130/><G130/><T98/><D98/><U118/><E118/><N who="2" m="45067" /><F63/><W122/><G122/><T131/><D131/><U90/><E73/><V56/><F56/><W88/><G88/><T55/><D107/><U29/><E113/><N who="2" m="43627" /><F66/><W50/><G50/><T24/><D24/><U86/><E86/><V89/><F89/><W35/><G4/><T110/><D110/><U83/><E83/><V3/><F3/><N who="3" m="479" /><G51/><T33/><D49/><U23/><E129/><V101/><F101/><W125/><N who="3" m="48177" /><W65/><DORA hai="45" /><G65/><T115/><D115/><U59/><E128/><V27/><F30/><W5/><G5/><AGARI ba="0,0" hai="0,5,10,17,18,27,28,34" m="43627,45067" machi="5" ten="30,3900,0" yaku="12,1,34,2" doraHai="8,45" who="2" fromWho="3" sc="250,0,250,0,250,39,250,-39" /><INIT seed="1,0,0,4,3,133" ten="250,250,289,211" oya="1" hai0="128,24,92,10,35,116,100,53,51,0,125,109,111" hai1="58,32,72,45,60,48,25,118,87,44,117,7,63" hai2="102,83,8,88,107,33,2,15,80,52,34,98,90" hai3="21,62,65,27,77,38,113,26,132,110,131,4,69"/><U50/><E72/><V66/><F2/><W123/><G123/><T1/><D116/><U22/><E32/><V41/><F41/><W11/><G113/><T85/><D128/><U36/><E36/><V130/><F130/><W40/><G131/><T14/><D35/><U103/><E103/><V129/><F66/><W95/><G132/><T124/><D24/><U64/><E7/><V3/><F3/><N who="0" m="1098" /><D85/><U76/><E63/><V122/><F122/><W93/><G110/><N who="0" m="41995" /><D92/><U135/><E135/><V56/><F129/><W104/><G104/><T9/><D100/><U29/><E76/><V91/><F34/><W46/><G77/><T30/><D30/><U31/><E31/><V43/><F43/><W134/><G27/><T71/><D71/><U86/><E118/><V67/><F33/><W126/><G134/><T121/><D121/><U59/><E117/><V37/><F37/><W68/><G69/><T94/><D94/><U28/><E28/><V47/><F83/><W105/><G105/><T78/><D78/><U97/><E97/><V73/><F80/><W12/><REACH who="3" step="1"/><G126/><REACH who="3" ten="250,250,289,201" step="2"/><N who="0" m="48747" /><D14/><U127/><E127/><V79/><F15/><W18/><AGARI ba="0,1" hai="4,11,12,18,21,26,38,40,46,62,65,68,93,95" machi="18" ten="20,5200,0" yaku="1,1,0,1,7,1,53,1" doraHai="133" doraHaiUra="23" who="3" fromWho="3" sc="250,-13,250,-26,289,-13,201,62" /><INIT seed="2,0,0,5,1,71" ten="237,224,276,263" oya="2" hai0="106,135,10,107,0,29,132,66,23,55,41,24,27" hai1="113,34,51,26,32,108,88,14,83,54,119,121,5" hai2="89,37,15,18,109,17,104,30,115,80,84,101,31" hai3="45,93,40,105,61,49,78,39,42,33,25,19,68"/><V59/><F115/><W73/><G105/><T60/><D55/><U130/><E113/><V127/><F127/><W131/><G131/><T76/><D76/><U22/><E119/><V64/><F109/><W44/><G93/><T125/><D125/><U36/><E36/><V1/><F1/><W50/><G78/><T92/><D92/><U70/><E70/><V74/><F18/><W13/><G73/><T48/><D48/><U111/><E130/><V114/><F114/><W87/><G87/><T100/><D41/><U99/><E121/><V3/><F3/><W124/><G124/><T123/><D123/><U56/><E14/><V28/><F74/><W120/><G120/><T97/><D107/><U6/><E6/><V75/><F75/><W96/><G96/><T20/><D10/><U110/><E5/><V57/><F64/><W112/><G112/><T82/><D82/><U103/><E103/><V79/><F37/><W98/><G98/><T95/><D0/><U128/><E128/><V53/><F104/><W12/><G39/><T35/><D106/><U4/><E4/><V7/><F7/><W43/><G43/><T134/><REACH who="0" step="1"/><D24/><REACH who="0" ten="227,224,276,263" step="2"/><U129/><E129/><V133/><F79/><W46/><G46/><T91/><D91/><U9/><E9/><V21/><F89/><W72/><G72/><T62/><D62/><U47/><E47/><V2/><F2/><W67/><G12/><T81/><D81/><U58/><E83/><V11/><F80/><W85/><G13/><T52/><D52/><U8/><E54/><V117/><F15/><W94/><G40/><RYUUKYOKU ba="0,1" sc="227,30,224,-10,276,-10,263,-10" hai0="20,23,27,29,35,60,66,95,97,100,132,134,135" /><INIT seed="3,1,1,3,4,95" ten="257,214,266,253" oya="3" hai0="87,8,124,39,29,115,121,99,109,133,12,112,0" hai1="134,11,70,20,44,31,111,66,97,72,47,101,75" hai2="10,26,125,90,34,21,37,52,38,81,57,58,53" hai3="131,4,19,41,108,49,27,126,110,43,65,79,84"/><W82/><G126/><T33/><D39/><U122/><E122/><V24/><F125/><W77/><G131/><T78/><D121/><U45/><E111/><N who="3" m="42538" /><G4/><T114/><D109/><U23/><E134/><V92/><F34/><W130/><G130/><T35/><D0/><U30/><E11/><V132/><F81/><N who="3" m="47151" /><G65/><T69/><D124/><U46/><N who="1" m="11264" /><DORA hai="85" /><U71/><E23/><V56/><F26/><W7/><G49/><T40/><D69/><U98/><E20/><V93/><F10/><W119/><G119/><T25/><D40/><U106/><E66/><V51/><F132/><W63/><G63/><T103/><D133/><U5/><E5/><V73/><F73/><N who="3" m="43375" /><G7/><T61/><D61/><U89/><E75/><V123/><F123/><W105/><G105/><N who="0" m="63743" /><D33/><U32/><E72/><V42/><F38/><W15/><G27/><T128/><D128/><U104/><E104/><V88/><F37/><W50/><G50/><T116/><D116/><U28/><REACH who="1" step="1"/><E32/><REACH who="1" ten="257,204,266,253" step="2"/><V54/><F42/><W120/><G120/><T64/><D64/><U80/><E80/><V3/><F3/><W74/><G74/><T55/><D115/><U86/><E86/><V102/><F51/><W2/><G2/><T16/><D114/><U18/><E18/><V135/><F135/><W17/><G19/><T127/><D112/><U13/><E13/><V60/><F21/><AGARI ba="1,2" hai="15,17,21,41,43" m="43375,47151,42538" machi="21" ten="30,2900,0" yaku="14,1,10,1" doraHai="95,85" who="3" fromWho="2" sc="257,0,204,0,266,-32,253,52" owari="257,5.7,204,-29.6,234,-16.6,305,40.5" /></mjloggm>