<mjloggm ver="2.3"><GO type="225" lobby="0"/><UN n0="%E9%A6%AC%E5%BC%95%E7%81%AB%33" n1="%E9%BB%99%E8%81%B4%E3%81%AE%E3%81%99%E3%82%9D%E3%82%81" n2="%E3%83%A9%E3%82%B9%E7%8E%87%EF%BC%93%E5%89%B2" n3="%65%76%69%61%6E%36%31%39" dan="16,16,17,16" rate="2114.35,2079.68,2196.70,2077.34" sx="M,M,F,M"/><TAIKYOKU oya="0"/><INIT seed="0,0,0,0,1,125" ten="250,250,250,250" oya="0" hai0="89,28,119,71,86,42,5,107,90,78,10,79,23" hai1="24,95,20,63,66,113,105,134,58,131,118,14,69" hai2="54,135,124,72,16,40,30,25,62,59,132,51,87" hai3="111,39,57,99,1,19,46,11,49,128,122,97,7"/><T121/><D121/><U45/><E118/><V47/><F72/><W55/><G111/><T123/><D123/><U108/><E108/><V104/><F104/><W27/><G122/><T52/><D119/><U102/><E134/><N who="2" m="51243" /><F87/><W112/><G112/><T94/><D71/><U84/><E113/><V9/><F30/><W61/><G39/><T91/><D107/><U37/><E131/><V133/><N who="2" m="51251" /><V110/><DORA hai="74" /><F110/><W114/><G128/><T64/><D64/><U106/><E14/><N who="2" m="7247" /><F25/><W130/><G130/><T3/><D42/><U2/><E2/><V129/><F129/><W83/><G114/><T33/><D33/><U36/><E69/><V100/><F100/><W82/><G27/><T126/><D126/><AGARI ba="0,0" hai="40,47,51,54,59,62,124,126" m="7247,51251" machi="126" ten="40,2600,0" yaku="20,1,54,1" doraHai="125,74" who="2" fromWho="0" sc="250,-26,250,0,250,26,250,0" /><INIT seed="1,0,0,5,2,84" ten="224,250,276,250" oya="1" hai0="52,95,0,12,117,60,23,80,5,111,114,97,22" hai1="14,86,124,24,134,69,77,35,79,64,45,112,121" hai2="130,71,1,91,87,98,25,78,74,2,11,40,38" hai3="73,33,17,70,101,43,67,135,46,58,120,118,94"/><U88/><E112/><V116/><F71/><W68/><G73/><T83/><D114/><U37/><E121/><V28/><F116/><W48/><G33/><T122/><D117/><U133/><E124/><V53/><F130/><W54/><G135/><N who="1" m="51722" /><E14/><V57/><F40/><W66/><G17/><N who="0" m="10535" /><D0/><U132/><N who="1" m="51730" /><U96/><DORA hai="109" /><E96/><V7/><F38/><N who="3" m="21879" /><G94/><T8/><D111/><U41/><E64/><N who="3" m="24618" /><G101/><T65/><D65/><U50/><E69/><N who="3" m="26730" /><G118/><T55/><D122/><AGARI ba="0,0" hai="48,54,58,120,122" m="26730,24618,21879" machi="122" ten="30,2000,0" yaku="34,2" doraHai="84,109" who="3" fromWho="0" sc="224,-20,250,0,276,0,250,20" /><INIT seed="2,0,0,1,1,113" ten="204,250,276,270" oya="2" hai0="10,25,4,67,107,106,30,122,118,28,114,81,0" hai1="39,103,58,51,87,36,48,56,1,123,45,52,130" hai2="38,120,79,24,80,74,44,33,59,73,50,35,5" hai3="71,109,101,110,128,57,16,89,86,49,104,46,129"/><V76/><F120/><W6/><G71/><T116/><D122/><U20/><E1/><V47/><F5/><W121/><G6/><T135/><D114/><U60/><E123/><V82/><F38/><N who="1" m="14377" /><E20/><V15/><F15/><W93/><G57/><T102/><D135/><U131/><E87/><V31/><F35/><W55/><G121/><T112/><D112/><U92/><E92/><V134/><F134/><W18/><G101/><T62/><D81/><U91/><E91/><V17/><F17/><N who="3" m="6763" /><G104/><N who="0" m="39979" /><D102/><U119/><E103/><V14/><F14/><W98/><G86/><T53/><D53/><AGARI ba="0,0" hai="24,31,33,44,47,50,53,59,73,74,76,79,80,82" machi="53" ten="40,2000,0" yaku="9,1" doraHai="113" who="2" fromWho="0" sc="204,-20,250,0,276,20,270,0" /><INIT seed="2,1,0,2,3,75" ten="184,250,296,270" oya="2" hai0="92,114,83,82,48,76,9,129,119,74,107,100,51" hai1="116,135,4,120,30,80,3,65,68,127,126,25,15" hai2="29,87,77,84,115,124,111,26,28,70,134,47,42" hai3="104,27,123,109,16,41,69,96,10,105,24,17,11"/><V54/><F70/><W130/><G69/><T94/><D114/><U81/><E116/><V103/><F115/><W72/><G72/><N who="0" m="43271" /><D9/><N who="1" m="2207" /><E68/><V90/><F54/><W106/><G41/><T110/><D48/><U18/><E65/><V36/><F103/><W67/><G67/><T57/><D51/><U88/><E135/><V8/><F134/><W13/><G96/><N who="0" m="61831" /><D57/><U53/><E53/><V117/><F117/><W23/><G123/><T19/><D119/><U101/><E101/><V73/><F8/><W102/><G130/><T97/><D19/><U133/><E133/><V6/><F6/><W55/><G55/><T32/><D32/><N who="1" m="20559" /><E120/><V86/><F29/><W5/><G102/><N who="0" m="60711" /><D94/><U12/><E12/><V52/><F52/><W122/><G13/><T95/><D95/><U118/><E118/><V0/><F42/><W125/><G106/><T128/><D110/><U93/><E18/><V78/><F111/><W45/><G109/><T7/><D7/><U71/><E15/><V38/><F38/><W79/><G5/><T20/><D20/><U112/><E112/><V33/><F36/><W35/><G105/><T22/><D22/><U56/><E56/><V121/><F121/><W64/><G122/><T1/><D1/><U85/><E71/><V2/><F47/><W49/><G104/><T21/><D21/><U108/><E108/><V60/><F2/><W113/><G23/><T46/><D46/><U37/><E37/><V34/><F0/><W98/><G45/><T39/><D39/><U62/><E62/><V14/><F60/><W43/><G35/><N who="2" m="13321" /><F14/><W63/><G63/><RYUUKYOKU ba="1,0" sc="184,15,250,15,296,-15,270,-15" hai0="74,83,128,129" hai1="80,81,85,88,93,126,127" /><INIT seed="3,2,0,1,5,15" ten="199,265,281,255" oya="3" hai0="82,79,35,39,128,75,52,46,22,63,21,67,111" hai1="71,28,72,38,88,8,69,135,81,130,26,30,100" hai2="33,45,31,103,92,57,102,7,42,73,49,66,109" hai3="13,23,99,122,11,97,106,91,53,129,51,84,29"/><W70/><G122/><T34/><D111/><U95/><E38/><V127/><F73/><W61/><G129/><T59/><D128/><U121/><E121/><V124/><F7/><W131/><G131/><T105/><D105/><U5/><E130/><V83/><F31/><W125/><G125/><N who="2" m="48201" /><F33/><W108/><G61/><T132/><D132/><U3/><E135/><V14/><F83/><W85/><G70/><T104/><D104/><U114/><E30/><V93/><F14/><W107/><G85/><T36/><D36/><U48/><E48/><V101/><F109/><W16/><G108/><T65/><D34/><U116/><E114/><V77/><F77/><W40/><G40/><T19/><D35/><U126/><E116/><V9/><F9/><W134/><G107/><T56/><D56/><U20/><E126/><V96/><F96/><W117/><G117/><T119/><D119/><U6/><E6/><V43/><F43/><W4/><G29/><T12/><REACH who="0" step="1"/><D21/><REACH who="0" ten="189,265,281,255" step="2"/><U123/><E123/><V37/><F37/><W50/><G106/><T110/><D110/><U44/><E20/><V74/><F74/><W113/><G134/><T27/><D27/><U86/><E71/><V89/><F57/><N who="3" m="32951" /><G23/><T25/><D25/><U64/><E69/><V47/><F47/><W1/><G1/><T58/><D58/><U76/><E44/><V55/><F45/><W118/><G118/><T32/><D32/><U0/><E26/><V90/><F49/><W10/><G51/><T78/><D78/><U94/><E76/><V41/><F41/><AGARI ba="2,1" hai="12,19,22,39,41,46,52,59,63,65,67,75,79,82" machi="41" ten="40,8000,1" yaku="1,1,52,1,54,1,53,1" doraHai="15" doraHaiUra="54" who="0" fromWho="2" sc="189,96,265,0,281,-86,255,0" /><INIT seed="4,0,0,1,1,22" ten="285,265,195,255" oya="0" hai0="64,52,82,90,111,35,63,45,4,100,34,126,23" hai1="28,53,69,21,124,50,2,110,108,60,26,18,20" hai2="48,44,15,30,95,74,59,32,11,40,36,86,38" hai3="10,27,106,31,85,118,93,54,129,127,81,8,94"/><T103/><D4/><U42/><E2/><V114/><F74/><W72/><G106/><T67/><D23/><U115/><E124/><V16/><F114/><W98/><G118/><T75/><D75/><U29/><E115/><V101/><F59/><W89/><G129/><T0/><D0/><U119/><E119/><V37/><F86/><W49/><G127/><T88/><D126/><U73/><E73/><V33/><REACH who="2" step="1"/><F30/><REACH who="2" ten="285,265,185,255" step="2"/><W117/><G72/><T58/><D58/><U68/><E29/><V1/><F1/><W51/><G117/><T57/><D57/><U83/><E69/><V132/><F132/><W116/><G116/><T13/><D82/><U17/><E28/><V47/><F47/><W19/><G81/><T76/><D45/><U133/><E133/><V6/><F6/><W61/><G61/><T107/><D63/><U125/><E125/><V66/><F66/><W39/><G85/><T122/><D67/><U70/><E70/><V65/><F65/><W3/><G3/><T96/><D64/><U102/><E68/><V5/><F5/><W43/><G31/><T134/><D134/><U14/><E83/><V97/><AGARI ba="0,1" hai="11,15,16,32,33,36,37,38,40,44,48,95,97,101" machi="97" ten="40,5200,0" yaku="1,1,0,1,54,1,53,0" doraHai="22" doraHaiUra="87" who="2" fromWho="2" sc="285,-26,265,-13,185,62,255,-13" /><INIT seed="5,0,0,3,4,130" ten="259,252,247,242" oya="1" hai0="33,99,115,53,100,84,15,42,76,56,17,92,4" hai1="0,19,89,58,119,35,97,22,54,55,64,80,67" hai2="113,96,47,40,3,52,124,114,32,18,107,49,123" hai3="7,90,104,21,86,63,74,5,26,61,60,98,10"/><U24/><E119/><V128/><F123/><W2/><G74/><T108/><D108/><U110/><E110/><V106/><F128/><W105/><G7/><T85/><D33/><U14/><E0/><V34/><F3/><W13/><G2/><T77/><D115/><N who="2" m="44042" /><F124/><W25/><G98/><T82/><D42/><U125/><E125/><V9/><F9/><W20/><G20/><N who="0" m="11327" /><D4/><U51/><E35/><N who="2" m="13355" /><F18/><W132/><G26/><T45/><D45/><U39/><E39/><N who="2" m="21919" /><F96/><W135/><G21/><T1/><D1/><U59/><E14/><V36/><F36/><W57/><G25/><T23/><D23/><U78/><E97/><V43/><F43/><W95/><REACH who="3" step="1"/><G57/><AGARI ba="0,0" hai="49,52,57,106,107" m="21919,13355,44042" machi="57" ten="30,3900,0" yaku="15,1,11,1,54,1" doraHai="130" who="2" fromWho="3" sc="259,0,252,0,247,39,242,-39" /><INIT seed="6,0,0,3,3,73" ten="259,252,286,203" oya="2" hai0="66,96,86,3,19,119,87,5,6,13,126,110,83" hai1="50,114,1,33,53,64,16,111,49,80,93,11,10" hai2="92,54,42,109,29,128,100,22,122,130,129,67,57" hai3="127,106,18,116,51,103,75,70,77,15,134,40,43"/><V115/><F115/><W76/><G116/><T24/><D110/><U34/><E111/><V65/><F109/><W63/><G75/><T94/><D119/><U82/><E64/><N who="2" m="24651" /><F42/><N who="3" m="15915" /><G70/><T28/><D126/><U27/><E114/><V69/><F69/><W32/><G32/><T89/><D66/><U48/><E1/><V108/><F108/><W132/><G127/><T118/><D87/><U74/><E34/><V23/><F122/><W78/><G63/><T35/><D3/><U21/><E33/><V68/><F29/><W17/><G51/><N who="1" m="19530" /><E74/><V107/><F107/><W39/><G39/><T131/><D131/><U4/><E93/><V91/><F100/><W98/><G15/><T44/><D44/><N who="1" m="27847" /><E4/><V124/><F124/><W55/><G55/><T135/><D135/><AGARI ba="0,0" hai="17,18,76,77,78,98,103,106,132,134,135" m="15915" machi="135" ten="30,7700,0" yaku="20,1,52,3" doraHai="73" who="3" fromWho="0" sc="259,-77,252,0,286,0,203,77" /><INIT seed="7,0,0,4,1,52" ten="182,252,286,280" oya="3" hai0="91,33,38,111,128,135,110,63,17,5,15,28,117" hai1="67,75,21,124,49,0,55,32,109,104,77,43,18" hai2="105,34,30,68,31,122,82,48,103,66,56,118,19" hai3="29,2,86,115,126,74,73,58,93,123,40,8,10"/><W131/><G123/><T108/><D38/><U89/><E109/><V16/><F68/><W39/><G29/><T81/><D117/><U50/><E32/><V127/><F105/><W20/><G20/><T100/><D100/><U51/><E0/><V112/><F103/><W120/><G58/><T102/><D102/><U132/><E124/><V53/><F34/><W129/><G120/><T88/><D128/><N who="3" m="49225" /><G115/><T42/><D42/><U113/><E113/><V119/><F66/><W133/><G133/><T90/><D135/><U61/><E132/><V46/><F112/><W47/><G126/><T87/><D5/><U6/><E6/><V98/><F122/><W94/><G2/><T13/><D63/><U99/><E43/><V84/><F127/><W3/><G3/><T116/><D116/><U65/><E77/><N who="2" m="46159" /><F56/><W26/><G26/><T35/><D35/><U95/><E75/><N who="3" m="28682" /><G94/><T97/><D97/><U23/><E23/><V96/><F119/><W107/><G107/><T125/><D125/><U57/><REACH who="1" step="1"/><E104/><REACH who="1" ten="182,242,286,280" step="2"/><V121/><F118/><W130/><G130/><T41/><D41/><U72/><E72/><V37/><F121/><W12/><G40/><T78/><REACH who="0" step="1"/><D17/><REACH who="0" ten="172,242,286,280" step="2"/><N who="2" m="6730" /><F37/><W27/><G39/><T80/><D80/><U54/><E54/><V134/><F134/><W114/><G114/><T83/><D83/><U11/><E11/><V14/><F31/><W62/><G10/><T101/><D101/><U70/><E70/><V85/><F30/><W4/><G8/><T9/><D9/><U22/><E22/><V36/><F36/><W69/><G69/><T64/><D64/><RYUUKYOKU ba="0,2" sc="172,15,242,15,286,-15,280,-15" hai0="13,15,28,33,78,81,87,88,90,91,108,110,111" hai1="18,21,49,50,51,55,57,61,65,67,89,95,99" owari="187,-31.3,257,-14.3,291,39.1,265,6.5" /></mjloggm>