<mjloggm ver="2.3"><GO type="225" lobby="0"/><UN n0="%4E%55%44%41" n1="%E3%82%8F%E3%81%8B%E3%81%B0%2A%E3%82%AC%E3%83%BC%E3%83%AB" n2="%E3%83%96%E3%83%83%E3%83%91%E3%82%AA%E3%83%96%E3%83%81%E3%82%AD%E3%83%B3" n3="%E3%83%8F%E3%83%B3%E3%83%89%E3%83%A9%E3%83%BC%E3%83%BB%E3%83%AF%E3%83%B3" dan="17,16,16,17" rate="2153.89,2200.73,2130.20,2184.12" sx="M,M,M,M"/><TAIKYOKU oya="0"/><INIT seed="0,0,0,1,4,115" ten="250,250,250,250" oya="0" hai0="112,17,75,2,74,82,73,37,116,53,131,78,93" hai1="31,117,61,59,89,98,134,47,4,113,7,3,32" hai2="86,72,90,15,106,77,41,79,76,24,102,118,133" hai3="60,64,130,58,111,46,88,44,54,65,62,25,43"/><T48/><D48/><U132/><BYE who="0" /><E113/><V1/><F1/><UN n0="%4E%55%44%41" /><W11/><G111/><T57/><D112/><U68/><E68/><V110/><F41/><W12/><G130/><T108/><D37/><U71/><E71/><V63/><F63/><W6/><G25/><T23/><D131/><U20/><E32/><V50/><F50/><W69/><G43/><T84/><D2/><U83/><E47/><V19/><F24/><W40/><G40/><T122/><D122/><U26/><E3/><V114/><F114/><W92/><REACH who="3" step="1"/><G65/><REACH who="3" ten="250,250,250,240" step="2"/><T66/><D66/><U30/><E30/><V22/><F110/><W96/><AGARI ba="0,1" hai="6,11,12,44,46,54,58,60,62,64,69,88,92,96" machi="96" ten="20,8000,1" yaku="1,1,2,1,0,1,7,1,54,1,53,0" doraHai="115" doraHaiUra="105" who="3" fromWho="3" sc="250,-40,250,-20,250,-20,240,90" /><INIT seed="1,0,0,2,0,19" ten="210,230,230,330" oya="1" hai0="120,112,45,132,39,78,20,32,35,133,58,119,91" hai1="99,75,83,27,108,107,92,114,113,124,31,123,50" hai2="37,36,76,86,22,0,6,8,73,121,109,69,96" hai3="70,54,48,118,49,23,7,117,12,47,55,65,41"/><U11/><E123/><V60/><F121/><W28/><G70/><T125/><D120/><U88/><E124/><V40/><F109/><W25/><G65/><T81/><D112/><U66/><E108/><V56/><F69/><W131/><G131/><T101/><D119/><N who="3" m="45577" /><G48/><T94/><D101/><U103/><E66/><V100/><F73/><W79/><G79/><T116/><D116/><U29/><E29/><V68/><F68/><W57/><G57/><T17/><D58/><U63/><E63/><V90/><F76/><W15/><G15/><T115/><D115/><U14/><E50/><V10/><F40/><W74/><G74/><T71/><D71/><U135/><E135/><N who="0" m="51785" /><D125/><U105/><E83/><V110/><F110/><W127/><G127/><T64/><D64/><U72/><E72/><V26/><F10/><AGARI ba="0,0" hai="7,10,12,23,25,28,41,47,49,54,55" m="45577" machi="10" ten="30,2000,0" yaku="12,1,52,1" doraHai="19" who="3" fromWho="2" sc="210,0,230,0,230,-20,330,20" /><INIT seed="2,0,0,2,0,18" ten="210,230,210,350" oya="2" hai0="84,86,106,69,41,104,87,93,132,72,22,129,99" hai1="78,60,26,17,2,6,51,131,53,135,119,46,112" hai2="91,74,82,52,128,89,16,109,70,98,25,126,11" hai3="48,55,1,101,49,15,4,100,0,12,57,54,37"/><V133/><F70/><W108/><G57/><T134/><D69/><U94/><E112/><V31/><F126/><W23/><G4/><T59/><D41/><U7/><E119/><V36/><F36/><W30/><G30/><T13/><D59/><N who="1" m="34927" /><E2/><V68/><F68/><W5/><G5/><T125/><D125/><U97/><E131/><V113/><F113/><W116/><G23/><T61/><D61/><U62/><E62/><V76/><F128/><W67/><G37/><T47/><D47/><U32/><E78/><V3/><F133/><N who="0" m="51306" /><D129/><U81/><E81/><V28/><F109/><W111/><G67/><T29/><D72/><U45/><E45/><V24/><F52/><W8/><G8/><T118/><D118/><AGARI ba="0,0" hai="0,1,12,15,48,49,54,55,100,101,108,111,116,118" machi="118" ten="25,1600,0" yaku="22,2" doraHai="18" who="3" fromWho="0" sc="210,-16,230,0,210,0,350,16" /><INIT seed="3,0,0,1,3,6" ten="194,230,210,366" oya="3" hai0="54,116,55,101,61,14,135,2,22,104,97,63,10" hai1="124,106,80,118,112,67,58,0,94,43,120,66,68" hai2="110,130,107,86,35,29,16,70,95,76,99,119,117" hai3="31,84,53,18,5,82,109,125,8,33,123,52,102"/><W73/><G123/><T72/><D116/><U83/><E112/><V17/><F70/><W134/><G73/><T37/><D72/><U92/><E120/><V129/><F107/><W4/><G134/><T79/><D37/><U50/><E68/><V78/><F110/><W3/><G125/><T60/><D135/><U133/><E106/><V121/><F121/><W81/><G5/><T91/><D79/><N who="2" m="30250" /><F86/><W65/><G65/><T19/><REACH who="0" step="1"/><D91/><REACH who="0" ten="184,230,210,366" step="2"/><U30/><E133/><V24/><F117/><W127/><G127/><T21/><D21/><U1/><E124/><V28/><F119/><W26/><G109/><T11/><D11/><U51/><E118/><V100/><F29/><W47/><G8/><T44/><D44/><U126/><E30/><V93/><F93/><W114/><G47/><T39/><D39/><U111/><E126/><V74/><F74/><W7/><G31/><T42/><D42/><U13/><E43/><V38/><F38/><W64/><G82/><T105/><D105/><U132/><E111/><V40/><F40/><W87/><G81/><T77/><D77/><U131/><E132/><V59/><F59/><W128/><G114/><T98/><D98/><U108/><E108/><V45/><F45/><W96/><G96/><T69/><D69/><U41/><E41/><V89/><F89/><W85/><G33/><T49/><D49/><U113/><E58/><V27/><F27/><W122/><G26/><T62/><N who="0" m="15360" /><DORA hai="15" /><T9/><D9/><U36/><E36/><V115/><F115/><W48/><G122/><T56/><D56/><U25/><E25/><RYUUKYOKU ba="0,1" sc="184,15,230,-15,210,15,366,-15" hai0="2,10,14,19,22,54,55,97,101,104" hai2="16,17,24,28,35,95,99,100,129,130" owari="199,-30.1,215,-18.5,225,2.5,361,46.1" /></mjloggm>