<mjloggm ver="2.3"><GO type="225" lobby="0"/><UN n0="%70%68%65%6E%6F%6D%65" n1="%E3%81%BF%E3%81%BF%E3%81%9A" n2="%72%69%6F%75%63%68%61%6E" n3="%E3%82%8F%E3%81%8B%E3%81%B0%2A%E3%82%AC%E3%83%BC%E3%83%AB" dan="16,17,16,16" rate="2133.58,2219.14,2112.94,2106.88" sx="M,M,M,M"/><TAIKYOKU oya="0"/><INIT seed="0,0,0,3,3,126" ten="250,250,250,250" oya="0" hai0="32,29,71,34,19,45,98,23,105,7,129,66,104" hai1="26,27,10,67,56,16,53,123,35,62,72,36,124" hai2="25,96,69,127,5,88,63,87,79,55,80,11,108" hai3="125,43,100,110,2,117,134,102,15,111,46,52,119"/><T13/><D129/><U86/><E123/><V113/><F108/><N who="3" m="41515" /><G2/><T64/><D7/><U70/><E72/><V48/><F127/><W95/><G125/><T58/><D71/><U76/><E124/><V37/><F113/><W74/><G74/><T106/><D45/><U97/><E36/><V83/><F37/><N who="3" m="21871" /><G134/><T65/><D29/><U9/><E35/><V22/><F69/><W101/><G15/><T122/><D122/><U89/><E97/><V60/><F96/><W85/><G52/><T131/><D131/><U132/><E132/><V42/><F42/><W116/><G85/><T135/><D135/><U81/><E76/><V115/><F115/><W12/><G12/><T61/><REACH who="0" step="1"/><D98/><AGARI ba="0,0" hai="95,98,100,101,102,116,117,119" m="21871,41515" machi="98" ten="40,1300,0" yaku="14,1" doraHai="126" who="3" fromWho="0" sc="250,-13,250,0,250,0,250,13" /><INIT seed="1,0,0,3,2,85" ten="237,250,250,263" oya="1" hai0="82,59,132,118,28,5,54,26,99,48,69,104,81" hai1="45,122,77,43,51,1,75,133,103,95,14,74,126" hai2="92,124,61,88,67,24,116,135,27,57,16,96,23" hai3="60,106,46,72,10,102,86,38,115,134,79,20,123"/><U114/><E1/><V64/><F116/><W84/><G123/><T73/><D118/><U80/><E122/><V97/><F124/><W113/><G134/><T41/><D132/><U12/><E114/><V94/><F135/><W40/><G106/><T71/><D5/><U62/><E133/><V21/><F64/><W55/><G102/><T4/><D4/><U117/><E117/><V9/><F9/><W6/><G20/><T52/><D41/><U65/><E126/><V98/><F92/><W17/><G17/><AGARI ba="0,0" hai="16,17,21,23,24,27,57,61,67,88,94,96,97,98" machi="17" ten="30,12000,2" yaku="7,1,9,1,8,1,52,1,54,2" doraHai="85" who="2" fromWho="3" sc="237,0,250,0,250,120,263,-120" /><INIT seed="2,0,0,2,0,126" ten="237,250,370,143" oya="2" hai0="116,100,101,19,45,55,70,36,89,30,21,83,39" hai1="56,108,58,128,13,22,127,37,27,61,18,4,34" hai2="67,121,12,122,110,107,43,53,97,120,133,130,135" hai3="66,64,48,7,104,17,119,35,57,42,0,134,85"/><V23/><F130/><W94/><G104/><T59/><D70/><U33/><E127/><V28/><F43/><W72/><G72/><T65/><D116/><U5/><E37/><V87/><F67/><W82/><G35/><T16/><D65/><U99/><E108/><V106/><F110/><W1/><G119/><T20/><D30/><U76/><E76/><V96/><F53/><W41/><G134/><N who="2" m="51209" /><F12/><W125/><G125/><T114/><D114/><U3/><E128/><V112/><F112/><W9/><G0/><T63/><D45/><U51/><E3/><V117/><F117/><W84/><G66/><T93/><D83/><U88/><E34/><V102/><F23/><W50/><G94/><T131/><D131/><U32/><E32/><V71/><F28/><W26/><G84/><N who="0" m="52391" /><D39/><U111/><E111/><V77/><F71/><W60/><G41/><T105/><D105/><N who="2" m="39946" /><F102/><N who="0" m="39530" /><D36/><U25/><E33/><V46/><F46/><W52/><G42/><T92/><D20/><U113/><E113/><V118/><F118/><W86/><G86/><T115/><D115/><U90/><E13/><V73/><F73/><W98/><G98/><T31/><D31/><U74/><E74/><V24/><F24/><W40/><G40/><T109/><D109/><U15/><E99/><V11/><F11/><W38/><G38/><T91/><D21/><U129/><E129/><V8/><F8/><W62/><G26/><N who="1" m="9738" /><E4/><V123/><N who="2" m="30720" /><DORA hai="95" /><V79/><F79/><N who="3" m="46303" /><G17/><T78/><D78/><U132/><E5/><V103/><F103/><W81/><G81/><AGARI ba="0,0" hai="77,81,87,96,97" m="30720,39946,51209" machi="81" ten="70,12000,1" yaku="20,1,34,2,52,2" doraHai="126,95" who="2" fromWho="3" sc="237,0,250,0,370,120,143,-120" /><INIT seed="2,1,0,2,5,52" ten="237,250,490,23" oya="2" hai0="87,26,98,21,11,100,43,68,47,13,28,121,116" hai1="125,32,81,134,51,82,67,133,84,113,44,18,79" hai2="4,22,57,75,17,3,72,25,33,104,12,107,5" hai3="126,56,61,122,48,88,114,95,123,62,118,53,97"/><V42/><F42/><W19/><G118/><T111/><D121/><U10/><E113/><V86/><F86/><W77/><G126/><T103/><D116/><U9/><E32/><V105/><F57/><W38/><G114/><T37/><D111/><U132/><E125/><V102/><F102/><W128/><G128/><T83/><D68/><U46/><E67/><V20/><F5/><W99/><G38/><T70/><D70/><U85/><E18/><V69/><F69/><W80/><G99/><T108/><D108/><U96/><E96/><V1/><F1/><W58/><G19/><T54/><D54/><U16/><E16/><V74/><F20/><W127/><G127/><T30/><D30/><U78/><E44/><V73/><F73/><W92/><G92/><T65/><D65/><U119/><E119/><V124/><F124/><W39/><G39/><T59/><D59/><U14/><E14/><V2/><REACH who="2" step="1"/><F33/><REACH who="2" ten="237,250,480,23" step="2"/><W6/><G6/><T135/><D98/><U23/><E23/><V15/><F15/><W41/><G41/><AGARI ba="1,1" hai="9,10,41,46,51,78,79,81,82,84,85,132,133,134" machi="41" ten="40,2600,0" yaku="9,1,20,1" doraHai="52" who="1" fromWho="3" sc="237,0,250,39,480,0,23,-29" owari="237,-16.3,289,8.9,480,58.0,-6,-50.6" /></mjloggm>