<mjloggm ver="2.3"><GO type="225" lobby="0"/><UN n0="%E3%83%A9%E3%83%BC%E3%83%A1%E3%83%B3%E4%BA%94%E9%83%8E" n1="%E3%81%AF%E3%82%88%E3%81%8A%E3%81%98%E3%81%95%E3%82%93" n2="%E6%9D%B1%E9%A2%A8%E3%81%AE%E3%81%8D%E3%82%83%E3%81%B7%E3%81%95%E3%82%93" n3="%E3%81%93%E3%81%9F%E3%82%8D%E3%81%86%E3%81%8F%E3%82%93" dan="16,17,16,16" rate="2175.71,2132.32,2192.19,2061.56" sx="M,M,M,M"/><TAIKYOKU oya="0"/><INIT seed="0,0,0,4,1,20" ten="250,250,250,250" oya="0" hai0="68,112,113,62,95,25,127,94,133,34,28,47,82" hai1="59,109,9,71,27,29,67,126,33,96,107,98,100" hai2="18,84,118,43,49,111,116,76,22,83,52,46,102" hai3="134,37,51,30,4,124,60,92,10,21,72,23,75"/><T89/><D127/><U120/><E126/><V91/><F102/><W86/><G124/><T77/><D133/><U70/><E120/><V2/><F2/><W110/><G134/><T125/><D125/><U66/><E109/><V3/><F3/><W73/><G37/><T97/><D47/><U88/><E9/><V42/><F111/><W48/><G60/><T14/><D95/><U31/><E31/><V78/><F118/><W53/><G110/><T108/><D108/><U0/><E0/><V101/><F101/><W8/><G51/><T45/><D45/><U13/><E13/><V87/><F116/><W104/><G104/><T114/><D14/><U11/><E11/><V40/><REACH who="2" step="1"/><F84/><REACH who="2" ten="250,250,240,250" step="2"/><W50/><G72/><T61/><REACH who="0" step="1"/><D68/><REACH who="0" ten="240,250,240,250" step="2"/><U135/><E135/><V38/><F38/><W105/><G4/><T36/><D36/><U26/><E70/><V131/><F131/><W64/><G105/><T12/><D12/><AGARI ba="0,2" hai="12,18,22,40,42,43,46,49,52,76,78,83,87,91" machi="12" ten="40,8000,1" yaku="1,1,8,1,54,1,53,1" doraHai="20" doraHaiUra="19" who="2" fromWho="0" sc="240,-80,250,0,240,100,250,0" /><INIT seed="1,0,0,1,3,29" ten="160,250,340,250" oya="1" hai0="66,119,122,39,23,70,45,63,127,5,57,67,117" hai1="101,129,38,24,52,42,83,2,81,11,0,59,65" hai2="54,61,113,123,4,20,47,128,15,92,115,102,132" hai3="64,124,3,80,75,112,26,56,98,68,126,69,77"/><U40/><E65/><V88/><F102/><W44/><G112/><N who="2" m="43081" /><F132/><W107/><G3/><T25/><D122/><U34/><E101/><V41/><F128/><W133/><G133/><T43/><D5/><U58/><E129/><V50/><F123/><W12/><G12/><T135/><D135/><U10/><E24/><V121/><F121/><W62/><G44/><T79/><D79/><U48/><E48/><V93/><F93/><W104/><G26/><T116/><D127/><N who="3" m="48681" /><G98/><T82/><D82/><U97/><E97/><N who="2" m="57479" /><F4/><W27/><G27/><T49/><D25/><U21/><E21/><V19/><F61/><W35/><G35/><T1/><D23/><U100/><E100/><V7/><F7/><W91/><G91/><T105/><D105/><AGARI ba="0,0" hai="56,62,64,68,69,75,77,80,104,105,107" m="48681" machi="105" ten="30,1000,0" yaku="18,1" doraHai="29" who="3" fromWho="0" sc="160,-10,250,0,340,0,250,10" /><INIT seed="2,0,0,5,4,2" ten="150,250,340,260" oya="2" hai0="97,35,122,104,100,133,130,110,82,105,48,24,72" hai1="62,10,102,44,80,1,134,131,59,86,112,109,0" hai2="77,106,16,128,13,108,20,93,120,103,107,7,47" hai3="73,5,39,60,81,14,42,4,99,12,30,50,27"/><V88/><F120/><W38/><G99/><T52/><D122/><U78/><E112/><V87/><F128/><W31/><G60/><T28/><D130/><U29/><E131/><V41/><F108/><W75/><G81/><T17/><D110/><U91/><E109/><V71/><F71/><W89/><G89/><T63/><D133/><U32/><E134/><V3/><F77/><W58/><G58/><T114/><D114/><U118/><E118/><V22/><F22/><W6/><G50/><T74/><D105/><U124/><E124/><V65/><F65/><W116/><G116/><T125/><D125/><U49/><E102/><V111/><F111/><W8/><G8/><T94/><D104/><U92/><E10/><V64/><F64/><W117/><G117/><T69/><D17/><U123/><E123/><V19/><F19/><W76/><G76/><T101/><D101/><U95/><E95/><V34/><F34/><W21/><G31/><T98/><D98/><U129/><E129/><V53/><F53/><W15/><REACH who="3" step="1"/><G42/><REACH who="3" ten="150,250,340,250" step="2"/><T9/><D9/><U26/><E59/><V70/><F41/><W33/><G33/><T23/><D35/><U54/><E62/><V121/><F121/><W56/><G56/><N who="0" m="32775" /><D82/><U51/><E49/><V84/><F103/><W119/><G119/><T61/><D61/><U45/><E44/><V43/><F47/><W40/><G40/><T96/><D96/><AGARI ba="0,1" hai="0,1,26,29,32,45,51,54,78,80,86,91,92,96" machi="96" ten="30,1000,0" yaku="7,1" doraHai="2" who="1" fromWho="0" sc="150,-10,250,20,340,0,250,0" /><INIT seed="3,0,0,2,4,113" ten="140,270,340,250" oya="3" hai0="35,43,1,48,6,39,66,122,92,34,2,108,79" hai1="45,23,134,71,126,24,0,41,128,37,88,20,99" hai2="118,8,83,109,18,133,129,102,80,86,61,84,104" hai3="123,114,16,25,111,68,115,11,47,42,110,4,78"/><W10/><G68/><T77/><D122/><U106/><E0/><V101/><F118/><W5/><G123/><T131/><D66/><U27/><E71/><V57/><F133/><W60/><G60/><T21/><D108/><N who="3" m="41513" /><G78/><T135/><D135/><U76/><E134/><V124/><F129/><W53/><G53/><T52/><D131/><U117/><E128/><V50/><F124/><W46/><G46/><T56/><D21/><U3/><E3/><V107/><F50/><N who="3" m="26999" /><G25/><T64/><D64/><U72/><E126/><V127/><F127/><W98/><G98/><T9/><D1/><U94/><E117/><V81/><F107/><W130/><G130/><T91/><D43/><U54/><E106/><V32/><F32/><W132/><G132/><T33/><REACH who="0" step="1"/><D39/><REACH who="0" ten="130,270,340,250" step="2"/><U75/><E37/><V121/><F109/><W49/><G114/><T125/><D125/><U22/><E41/><V90/><F121/><W36/><G36/><T93/><D93/><U38/><E38/><V69/><F104/><W26/><G115/><T17/><D17/><U31/><E20/><V40/><F18/><W119/><G4/><T12/><D12/><U62/><E22/><V112/><F40/><W70/><G5/><T96/><AGARI ba="0,1" hai="2,6,9,33,34,35,48,52,56,77,79,91,92,96" machi="96" ten="30,7900,0" yaku="1,1,0,1,54,1,53,1" doraHai="113" doraHaiUra="89" who="0" fromWho="0" sc="130,89,270,-20,340,-20,250,-39" owari="219,-18.1,250,5.0,320,42.0,211,-28.9" /></mjloggm>