<mjloggm ver="2.3"><GO type="225" lobby="0"/><UN n0="%E7%9A%AE%E3%80%85" n1="%6B%75%72%69%73%75" n2="%77%72%77%72%77%72%77%72" n3="%E6%A1%9C%E6%B2%A2%E5%A2%A8" dan="16,16,17,17" rate="2158.87,2041.58,2190.47,2142.76" sx="M,F,M,F"/><TAIKYOKU oya="0"/><INIT seed="0,0,0,1,0,38" ten="250,250,250,250" oya="0" hai0="107,20,1,25,75,88,92,61,80,89,4,93,100" hai1="72,27,87,42,17,124,19,79,98,62,47,26,22" hai2="58,135,103,18,132,33,95,133,37,10,30,23,31" hai3="99,114,86,116,96,60,44,104,9,32,63,76,123"/><T74/><D61/><U21/><E72/><N who="0" m="27689" /><D20/><U118/><E118/><V15/><F37/><W65/><G116/><T11/><D25/><U111/><E111/><V29/><F95/><N who="0" m="36426" /><D11/><U5/><E98/><V112/><F103/><W14/><G96/><N who="0" m="61831" /><D4/><U56/><E124/><V97/><F97/><W36/><G99/><T67/><D67/><U126/><E126/><V46/><F46/><W24/><G60/><T41/><D41/><U49/><E5/><N who="2" m="3535" /><F58/><W8/><G32/><T48/><D48/><U129/><E129/><V0/><F0/><W7/><G44/><T69/><D1/><U120/><E120/><V105/><F105/><W81/><G123/><T2/><D2/><U128/><E128/><V66/><F66/><W131/><G131/><T6/><D6/><U43/><E87/><V53/><F53/><W94/><G86/><N who="0" m="50375" /><D69/><U125/><E125/><V34/><F112/><W82/><G114/><T50/><D50/><U119/><E119/><V134/><N who="2" m="33792" /><DORA hai="28" /><V39/><F39/><W45/><G65/><T35/><D35/><U117/><E117/><V122/><F122/><W12/><G36/><T108/><D108/><U84/><E43/><V78/><F78/><W13/><G76/><T83/><D83/><N who="1" m="47231" /><E56/><V130/><F130/><W59/><G82/><T110/><D110/><U52/><E42/><V55/><F55/><W70/><G81/><T127/><D127/><U106/><E106/><V3/><F3/><N who="3" m="127" /><G104/><T16/><D16/><N who="1" m="12583" /><E62/><V115/><F115/><W68/><G59/><T64/><D64/><U51/><E51/><V102/><F102/><W90/><G63/><RYUUKYOKU ba="0,0" sc="250,10,250,10,250,10,250,-30" hai0="88" hai1="17,19,22,27,47,49,52" hai2="18,23,29,30,31,33,34" /><INIT seed="0,1,0,0,0,11" ten="260,260,260,220" oya="0" hai0="28,12,120,124,17,34,1,97,8,48,23,122,15" hai1="119,99,128,95,60,84,70,73,55,14,7,108,72" hai2="130,32,107,65,64,134,91,125,127,36,85,13,131" hai3="86,88,41,121,71,92,59,79,90,111,22,100,4"/><T47/><D47/><U35/><E35/><V80/><F32/><W75/><G71/><T69/><D69/><U39/><E39/><V117/><F36/><W133/><G111/><T43/><D43/><U113/><E108/><V45/><F107/><W37/><G133/><T18/><D48/><U87/><E119/><V132/><F45/><W89/><G121/><N who="0" m="46699" /><D124/><N who="2" m="47690" /><F13/><W38/><G75/><T94/><D94/><U123/><E72/><V10/><F10/><W40/><G4/><N who="0" m="1039" /><D97/><U61/><E73/><V49/><F49/><W74/><G74/><T68/><D68/><U114/><E70/><V82/><F82/><N who="3" m="47455" /><G38/><T42/><D42/><N who="3" m="16489" /><G37/><T44/><D44/><U98/><E123/><V116/><F116/><W112/><G112/><T58/><D58/><U104/><E114/><V0/><F0/><W83/><G83/><T33/><D28/><U106/><E113/><V31/><F31/><W50/><G50/><T126/><D126/><U102/><E106/><V24/><F117/><W9/><G59/><T96/><D96/><U53/><E104/><V25/><F64/><W62/><G62/><T5/><D5/><U67/><E7/><V16/><F65/><W101/><G92/><T2/><D2/><U66/><E95/><V76/><F76/><W46/><G46/><T129/><D129/><N who="2" m="49162" /><F16/><W81/><G81/><T118/><D118/><U20/><E128/><V26/><AGARI ba="1,0" hai="24,25,26,80,85,91,132,134" m="49162,47690" machi="26" ten="40,8000,1" yaku="30,2,18,1,19,1" doraHai="11" who="2" fromWho="2" sc="260,-41,260,-21,260,83,220,-21" /><INIT seed="1,0,0,2,3,0" ten="219,239,343,199" oya="1" hai0="10,88,117,90,51,98,55,80,100,63,74,11,124" hai1="86,89,6,21,9,126,97,105,78,27,130,76,26" hai2="108,53,42,68,110,31,119,41,106,46,7,96,118" hai3="54,12,29,44,23,43,39,70,133,60,75,57,134"/><U61/><E105/><V17/><F31/><W25/><G75/><T93/><D117/><N who="2" m="44554" /><F17/><W83/><G83/><T69/><D124/><U34/><E34/><V3/><F96/><W132/><G70/><T120/><D120/><U85/><E126/><V99/><F99/><W127/><G127/><T38/><D38/><U94/><E130/><V95/><F95/><W72/><G72/><T102/><D69/><U19/><E27/><V128/><F106/><W56/><G56/><N who="0" m="32895" /><D63/><U121/><E121/><V35/><F35/><W125/><G125/><T73/><D73/><U52/><E78/><V123/><F68/><W8/><REACH who="3" step="1"/><G134/><REACH who="3" ten="219,239,343,189" step="2"/><T1/><D74/><U20/><E76/><V59/><F123/><W115/><G115/><T13/><D1/><N who="1" m="207" /><E21/><V45/><F3/><W77/><G77/><T30/><D30/><U84/><E84/><V111/><F59/><AGARI ba="0,1" hai="19,20,26,52,59,61,85,86,89,94,97" m="207" machi="59" ten="30,5800,0" yaku="25,1,52,1,54,1" doraHai="0" who="1" fromWho="2" sc="219,0,239,68,343,-58,189,0" /><INIT seed="1,1,0,5,1,56" ten="219,307,285,189" oya="1" hai0="114,34,89,44,9,11,16,109,125,102,80,97,7" hai1="70,33,91,5,73,2,64,113,71,31,61,116,82" hai2="42,57,81,124,127,26,10,59,58,27,37,69,98" hai3="24,45,72,43,123,19,103,74,77,121,50,126,68"/><U86/><E73/><V107/><F69/><W52/><G126/><N who="2" m="48169" /><F81/><W104/><G68/><T6/><D114/><U3/><E113/><V48/><F10/><W76/><G74/><T0/><D34/><U134/><E116/><V84/><F84/><W101/><G72/><T105/><D125/><U79/><E71/><V32/><F37/><W23/><G104/><T15/><D109/><U106/><E106/><V30/><F27/><W39/><G103/><T118/><D118/><U66/><E66/><V93/><F107/><W47/><REACH who="3" step="1"/><G101/><REACH who="3" ten="219,307,285,179" step="2"/><T92/><D105/><U119/><E119/><V108/><F108/><W28/><G28/><T115/><D115/><U1/><E134/><V96/><F30/><W29/><G29/><T83/><D102/><U17/><E31/><V95/><F32/><W128/><G128/><T85/><D97/><U46/><E33/><V12/><F98/><W25/><G25/><T130/><D130/><U40/><E70/><V53/><F26/><W8/><G8/><T51/><REACH who="0" step="1"/><D7/><REACH who="0" ten="209,307,285,179" step="2"/><U55/><E5/><V112/><F96/><W20/><G20/><T88/><D88/><U129/><E91/><V54/><F112/><W18/><G18/><T99/><D99/><U78/><E17/><V122/><F122/><AGARI ba="1,2" hai="19,23,24,39,43,45,47,50,52,76,77,121,122,123" machi="122" ten="40,5200,0" yaku="1,1,54,1,53,1" doraHai="56" doraHaiUra="38" who="3" fromWho="2" sc="209,0,307,0,285,-55,179,75" /><INIT seed="2,0,0,5,5,33" ten="209,307,230,254" oya="2" hai0="111,97,128,73,77,101,56,11,15,79,27,7,6" hai1="58,81,41,26,123,89,57,72,18,83,52,25,42" hai2="21,106,75,1,31,126,100,13,84,117,112,68,99" hai3="96,90,86,22,95,70,35,53,65,87,30,17,29"/><V133/><F112/><W120/><G120/><T102/><D111/><U47/><E72/><V109/><F117/><W103/><G35/><T38/><D38/><U135/><E135/><V115/><F115/><W9/><G70/><T78/><D128/><U48/><E123/><V12/><F1/><W69/><G69/><T93/><D73/><U125/><E125/><V2/><F126/><W46/><G65/><T74/><D74/><U130/><E130/><V64/><F2/><W61/><G9/><T23/><D56/><N who="1" m="21611" /><E18/><V32/><F75/><W16/><G61/><T5/><REACH who="0" step="1"/><D102/><REACH who="0" ten="199,307,230,254" step="2"/><U67/><E67/><V82/><F109/><W76/><G103/><T131/><D131/><U80/><E89/><V50/><F64/><W124/><G124/><T14/><D14/><U43/><AGARI ba="0,1" hai="25,26,41,42,43,47,48,52,80,81,83" m="21611" machi="43" ten="40,2700,0" yaku="8,1,54,1" doraHai="33" who="1" fromWho="1" sc="199,-7,307,37,230,-13,254,-7" /><INIT seed="3,0,0,2,3,108" ten="192,344,217,247" oya="3" hai0="117,81,106,38,0,30,47,43,34,58,3,95,70" hai1="36,56,66,51,62,37,102,18,49,8,35,101,96" hai2="94,60,65,20,98,114,80,39,92,29,59,128,6" hai3="99,12,28,121,125,27,85,57,40,45,115,64,23"/><W75/><G75/><T116/><D106/><U105/><E35/><V2/><F114/><W84/><G115/><T79/><D70/><U72/><E72/><V19/><F39/><W25/><G125/><T82/><D95/><U90/><E105/><V107/><F128/><W50/><G121/><T77/><D58/><U5/><E5/><V1/><F107/><W46/><G46/><T134/><D134/><U132/><E36/><V55/><F6/><W67/><G27/><T16/><D16/><U31/><E31/><V91/><F80/><W9/><G99/><T74/><D116/><U17/><E37/><V97/><F65/><W54/><G67/><T124/><D124/><U32/><E32/><V21/><F21/><W22/><G22/><T127/><D127/><U73/><E73/><V100/><F29/><W113/><G64/><T68/><D68/><U104/><E104/><V87/><F87/><W69/><G69/><T15/><D15/><AGARI ba="0,0" hai="1,2,15,19,20,55,59,60,91,92,94,97,98,100" machi="15" ten="30,1000,0" yaku="7,1" doraHai="108" who="2" fromWho="0" sc="192,-10,344,0,217,10,247,0" owari="182,-31.8,344,44.4,227,-17.3,247,4.7" /></mjloggm>