<mjloggm ver="2.3"><GO type="225" lobby="0"/><UN n0="%E3%81%AF%E3%82%88%E3%81%8A%E3%81%98%E3%81%95%E3%82%93" n1="%E3%83%B4%E3%82%A3%E3%83%AF%E3%82%B3%E3%82%B0%E3%83%8B" n2="%E3%81%A4%E3%81%A3%E3%81%B1%E3%82%8A%E3%83%9D%E3%83%BC%E3%83%AB" n3="%70%6F%69%73%6F%6E%30%32" dan="16,17,17,16" rate="2119.02,2219.65,2107.22,2118.87" sx="M,M,M,M"/><TAIKYOKU oya="0"/><INIT seed="0,0,0,1,5,100" ten="250,250,250,250" oya="0" hai0="15,11,25,103,22,56,59,95,91,58,39,105,16" hai1="131,44,114,127,92,66,115,78,106,108,53,3,122" hai2="101,28,82,90,128,67,6,99,5,52,129,109,74" hai3="13,73,63,123,130,89,132,14,31,45,69,104,133"/><T47/><D103/><U125/><E3/><V38/><F38/><W0/><G0/><T65/><D39/><U41/><E122/><V80/><F109/><W135/><G73/><T113/><D113/><N who="1" m="43019" /><E108/><V70/><F28/><W42/><G123/><T124/><D124/><N who="1" m="47691" /><E78/><N who="2" m="44119" /><F67/><N who="3" m="41215" /><G104/><T81/><D105/><U10/><E10/><V20/><F70/><W84/><G31/><T34/><D34/><U61/><E92/><N who="2" m="58599" /><F20/><W110/><G130/><N who="2" m="50281" /><F52/><W21/><G21/><T120/><D120/><U43/><E106/><V77/><F90/><W60/><G60/><T4/><D47/><U36/><E131/><V88/><F88/><W83/><G110/><T75/><D75/><AGARI ba="0,0" hai="5,6,75,77,82" m="50281,58599,44119" machi="75" ten="30,1000,0" yaku="19,1" doraHai="100" who="2" fromWho="0" sc="250,-10,250,0,250,10,250,0" /><INIT seed="1,0,0,5,2,16" ten="240,250,260,250" oya="1" hai0="128,18,31,69,83,32,104,49,67,97,102,77,108" hai1="4,35,65,26,112,20,133,28,58,81,119,122,38" hai2="34,21,99,88,36,43,52,126,89,116,6,87,76" hai3="123,120,56,64,0,66,30,23,109,127,78,100,135"/><U73/><E133/><V42/><F34/><W47/><G109/><T61/><D108/><U85/><E122/><V68/><F68/><W5/><G135/><T118/><D18/><U106/><E112/><V82/><F116/><W101/><G127/><T48/><D128/><U59/><E73/><V29/><F126/><W125/><G125/><T24/><REACH who="0" step="1"/><D118/><REACH who="0" ten="230,250,260,250" step="2"/><U14/><E119/><V1/><F6/><W115/><G123/><T44/><D44/><U114/><E114/><V93/><F36/><W40/><G115/><T51/><D51/><U134/><E134/><V132/><F132/><W2/><G120/><T27/><D27/><U7/><E38/><V94/><F1/><W124/><G124/><T79/><D79/><U12/><E4/><V3/><F3/><W10/><G78/><T50/><D50/><U54/><E7/><V41/><F76/><W117/><G2/><T33/><D33/><U25/><E35/><V111/><F111/><W53/><G117/><T113/><D113/><U95/><E25/><N who="2" m="16559" /><F52/><W70/><G66/><T72/><AGARI ba="0,1" hai="24,31,32,48,49,61,67,69,72,77,83,97,102,104" machi="72" ten="20,8000,1" yaku="1,1,0,1,7,1,25,2,53,0" doraHai="16" doraHaiUra="110" who="0" fromWho="0" sc="230,90,250,-40,260,-20,250,-20" /><INIT seed="2,0,0,4,2,101" ten="320,210,240,230" oya="2" hai0="65,30,40,13,53,71,97,102,19,115,73,59,42" hai1="1,89,49,11,118,93,76,48,91,69,15,128,55" hai2="87,126,127,113,92,2,125,83,56,6,25,130,61" hai3="24,50,7,116,54,18,84,98,80,68,72,75,44"/><V109/><F113/><W111/><G111/><T104/><D115/><U4/><E118/><V5/><F109/><W46/><G68/><T14/><D73/><U90/><E128/><V66/><F130/><W122/><G122/><T20/><D30/><U62/><E76/><V96/><F2/><W29/><G116/><T135/><D135/><U82/><E82/><V58/><F58/><W112/><G7/><T134/><D134/><U81/><E81/><V114/><F114/><W106/><G18/><T17/><D65/><U21/><E93/><V10/><F25/><W35/><G46/><T105/><D105/><U119/><E119/><V131/><F10/><W133/><G112/><T47/><D47/><U43/><E43/><V32/><F32/><W38/><G38/><T52/><D53/><U57/><E69/><V8/><F8/><W39/><G39/><T108/><D71/><U0/><REACH who="1" step="1"/><E21/><REACH who="1" ten="320,200,240,230" step="2"/><V85/><F131/><W117/><G117/><T110/><D108/><U100/><E100/><N who="2" m="60423" /><F87/><W74/><G133/><T70/><D70/><U9/><E9/><V3/><F3/><AGARI ba="0,1" hai="0,1,3,4,11,15,48,49,55,57,62,89,90,91" machi="3" ten="40,1300,0" yaku="1,1,53,0" doraHai="101" doraHaiUra="77" who="1" fromWho="2" sc="320,0,200,23,240,-13,230,0" /><INIT seed="3,0,0,4,0,82" ten="320,223,227,230" oya="3" hai0="70,93,115,8,128,46,32,105,33,124,36,129,90" hai1="61,41,88,100,15,35,43,29,104,1,85,69,122" hai2="73,28,103,118,7,63,38,117,112,108,34,83,123" hai3="127,6,102,78,84,135,19,4,58,97,79,0,21"/><W62/><G135/><T121/><D105/><U31/><E122/><V26/><F112/><W9/><G127/><T52/><D70/><U17/><E1/><V72/><F123/><W113/><G6/><T24/><D121/><U59/><E69/><V5/><F38/><W130/><G130/><N who="0" m="50283" /><D124/><U56/><E100/><V30/><F103/><W25/><G113/><T13/><D24/><U107/><E107/><V91/><F63/><W55/><REACH who="3" step="1"/><G84/><REACH who="3" ten="320,223,227,220" step="2"/><N who="0" m="52423" /><D115/><U120/><E120/><V3/><F73/><W125/><G125/><T54/><D32/><U18/><E104/><AGARI ba="0,1" hai="0,4,9,19,21,25,55,58,62,78,79,97,102,104" machi="104" ten="30,5800,0" yaku="1,1,7,1,53,1" doraHai="82" doraHaiUra="16" who="3" fromWho="1" sc="320,0,223,-58,227,0,220,68" /><INIT seed="3,1,0,5,5,119" ten="320,165,227,288" oya="3" hai0="50,122,28,10,74,63,99,35,72,83,26,68,23" hai1="31,126,29,5,130,69,98,116,86,16,95,46,20" hai2="4,111,73,82,106,84,18,61,19,0,7,118,9" hai3="22,8,56,90,134,107,58,92,32,124,24,17,120"/><W45/><G107/><T48/><D122/><U104/><E116/><V132/><F118/><W51/><G134/><T12/><D23/><U93/><E69/><V62/><F106/><W54/><G124/><T85/><D99/><U21/><E126/><V15/><F73/><W43/><G120/><T87/><D87/><U27/><E130/><V1/><F132/><W128/><G128/><T88/><D68/><U75/><E75/><V77/><F111/><W55/><G32/><T115/><D115/><U135/><E135/><V67/><F62/><W125/><G125/><T33/><D35/><U60/><E5/><V64/><F64/><W30/><G58/><T11/><D11/><U96/><E104/><V39/><F39/><W103/><G103/><T71/><D74/><U127/><E127/><V36/><F36/><W14/><REACH who="3" step="1"/><G56/><REACH who="3" ten="320,165,227,278" step="2"/><T3/><D71/><U114/><E114/><V49/><F0/><W40/><G40/><T80/><D3/><U57/><E86/><AGARI ba="1,1" hai="8,14,17,22,24,30,43,45,51,54,55,86,90,92" machi="86" ten="30,11600,0" yaku="1,1,7,1,8,1,53,1" doraHai="119" doraHaiUra="42" who="3" fromWho="1" sc="320,0,165,-119,227,0,278,129" owari="320,12.0,46,-45.4,227,-17.3,407,50.7" /></mjloggm>