<mjloggm ver="2.3"><GO type="225" lobby="0"/><UN n0="%E3%81%A9%E3%82%93%E3%82%88%E3%81%8F%4D%6B%2E%32" n1="%70%68%65%6E%6F%6D%65" n2="%E3%81%A4%E3%81%AE%E3%81%A0%E2%98%86%E3%81%B2%E3%82%8D" n3="%E3%83%96%E3%83%83%E3%83%91%E3%82%AA%E3%83%96%E3%83%81%E3%82%AD%E3%83%B3" dan="16,16,16,16" rate="2112.79,2166.16,2171.80,2128.75" sx="M,M,M,M"/><TAIKYOKU oya="0"/><INIT seed="0,0,0,1,0,5" ten="250,250,250,250" oya="0" hai0="28,113,103,121,132,64,44,34,45,62,40,78,41" hai1="101,0,106,102,65,55,22,61,31,12,120,3,107" hai2="125,19,79,72,17,130,127,100,111,25,51,131,60" hai3="15,97,71,87,48,77,54,39,66,42,27,32,1"/><T56/><D121/><U133/><E120/><V86/><F72/><W33/><G1/><T115/><D78/><U36/><E36/><V18/><F111/><W47/><G27/><T134/><D103/><U90/><E55/><V6/><F100/><W122/><G122/><T11/><D28/><U91/><E61/><V105/><F105/><W99/><G77/><T82/><D34/><N who="3" m="13417" /><G15/><T57/><D82/><U16/><E65/><V35/><F51/><W50/><G50/><T98/><D98/><U58/><E58/><V30/><F60/><N who="3" m="40391" /><G87/><T26/><D26/><U43/><E12/><V59/><F59/><AGARI ba="0,0" hai="39,42,47,48,54,59,97,99" m="40391,13417" machi="59" ten="30,1000,0" yaku="24,1" doraHai="5" who="3" fromWho="2" sc="250,0,250,0,250,-10,250,10" /><INIT seed="1,0,0,0,3,88" ten="250,250,240,260" oya="1" hai0="76,110,71,45,53,59,41,83,86,66,130,104,89" hai1="96,85,106,122,39,115,52,118,42,23,134,77,81" hai2="72,36,125,50,82,75,1,43,117,22,26,79,6" hai3="35,19,68,123,54,99,128,69,16,48,44,124,63"/><U113/><E118/><V31/><F117/><W64/><G123/><T18/><D104/><U94/><E122/><V84/><F125/><W29/><G124/><T109/><D130/><U60/><E106/><V91/><F36/><W129/><G69/><T101/><D101/><U102/><E134/><V133/><F133/><W46/><G46/><T114/><D114/><U10/><E39/><V4/><F1/><W58/><G68/><T112/><D112/><U80/><E42/><V119/><F119/><W28/><G99/><T17/><D71/><U57/><E23/><V78/><F75/><W132/><G132/><T51/><D66/><U92/><E81/><V61/><F61/><W127/><G127/><T0/><D0/><U24/><E24/><V111/><F111/><N who="0" m="42506" /><D76/><N who="2" m="29226" /><F72/><W97/><G97/><T95/><D83/><U2/><REACH who="1" step="1"/><E94/><REACH who="1" ten="250,240,240,260" step="2"/><V40/><F40/><W62/><G128/><T9/><D9/><U34/><E34/><V27/><F26/><W108/><G35/><T15/><D15/><U116/><E116/><V100/><F27/><W87/><G129/><T14/><D14/><U25/><E25/><V120/><F120/><W90/><G108/><T74/><D74/><U103/><E103/><V49/><F100/><W107/><G107/><T131/><D131/><U12/><E12/><V7/><F43/><W13/><G13/><T70/><D70/><U93/><E93/><V38/><F38/><AGARI ba="0,1" hai="17,18,38,41,45,51,53,59,86,89,95" m="42506" machi="38" ten="30,2000,0" yaku="14,1,52,1" doraHai="88" who="0" fromWho="2" sc="250,30,240,0,240,-20,260,0" /><INIT seed="2,0,0,4,1,1" ten="280,240,220,260" oya="2" hai0="106,26,5,48,90,86,79,111,134,19,133,84,22" hai1="42,4,69,38,46,31,33,72,49,85,87,53,14" hai2="120,131,73,13,115,74,44,9,47,62,60,70,64" hai3="112,116,63,66,18,21,15,61,96,123,2,107,95"/><V129/><F115/><W52/><G116/><T91/><D106/><U23/><E72/><V124/><F120/><W40/><G123/><T126/><D111/><U6/><E69/><V104/><F104/><W0/><G112/><T51/><D79/><U24/><E33/><V30/><F30/><W34/><G107/><T113/><D113/><U83/><E14/><V37/><F124/><W11/><G34/><T16/><D126/><U20/><E20/><V77/><F62/><W80/><G40/><T119/><D119/><U45/><REACH who="1" step="1"/><E85/><REACH who="1" ten="280,230,220,260" step="2"/><V25/><F25/><W98/><G0/><T50/><D86/><U75/><E75/><V92/><F73/><W55/><G2/><T125/><D84/><U10/><E10/><V7/><F92/><W41/><G11/><T94/><D125/><U36/><E36/><V88/><F37/><W71/><G71/><T12/><D26/><U28/><E28/><V54/><F74/><W114/><G21/><T117/><D22/><U132/><E132/><V127/><F127/><W17/><G95/><T109/><D94/><U67/><E67/><V8/><F8/><W100/><G66/><T101/><D133/><U110/><E110/><V121/><F121/><W56/><G15/><T39/><D39/><U29/><E29/><V128/><F77/><AGARI ba="0,1" hai="4,6,23,24,31,38,42,45,46,49,53,77,83,87" machi="77" ten="30,7700,0" yaku="1,1,7,1,52,2,53,0" doraHai="1" doraHaiUra="65" who="1" fromWho="2" sc="280,0,230,87,220,-77,260,0" /><INIT seed="3,0,0,1,4,10" ten="280,317,143,260" oya="3" hai0="11,93,4,47,77,129,105,114,91,135,15,94,89" hai1="107,38,73,85,103,92,106,8,23,43,81,100,82" hai2="30,21,26,7,61,119,48,46,71,55,123,112,44" hai3="12,109,67,19,59,35,1,40,50,83,124,28,64"/><W31/><G1/><T14/><D14/><U3/><E23/><V125/><F112/><W9/><G124/><T99/><D105/><N who="1" m="39947" /><E43/><V90/><F119/><W131/><G131/><T134/><D114/><U96/><E38/><V110/><F110/><W32/><G32/><T97/><D129/><U122/><E8/><V132/><F125/><W126/><G126/><T39/><D77/><N who="1" m="44207" /><E3/><V60/><F132/><W84/><G109/><T17/><D4/><U133/><E122/><V104/><F104/><W118/><G118/><T49/><D39/><U13/><E13/><V37/><F123/><W101/><G101/><T54/><AGARI ba="0,0" hai="11,15,17,47,49,54,89,91,93,94,97,99,134,135" machi="54" ten="30,4000,0" yaku="0,1,9,1,52,1" doraHai="10" who="0" fromWho="0" sc="280,40,317,-10,143,-10,260,-20" owari="320,42.0,307,10.7,133,-36.7,240,-16.0" /></mjloggm>