<mjloggm ver="2.3"><GO type="225" lobby="0"/><UN n0="%E6%9C%88%E5%B3%B6%E5%9F%BA" n1="%E7%B4%94%E6%BD%94%E3%83%94%E3%83%A9%E3%83%8B%E3%82%A2" n2="%E6%A3%AE%E5%B1%B1%E7%94%B0%E7%9B%B4%E5%A4%AA%E6%9C%97%E4%B9%8B%E4%BB%8B" n3="%E3%82%A4%E3%83%BC%E3%82%B1%E3%83%97%E3%83%A9" dan="17,16,16,17" rate="2191.58,2147.03,2178.22,2184.78" sx="M,M,M,M"/><TAIKYOKU oya="0"/><INIT seed="0,0,0,3,2,128" ten="250,250,250,250" oya="0" hai0="63,8,130,119,96,2,13,68,53,19,25,62,93" hai1="61,80,52,43,42,17,37,127,54,83,124,85,105" hai2="117,86,29,84,129,41,28,74,131,95,56,32,118" hai3="75,46,121,55,21,109,7,67,123,0,100,11,97"/><T106/><D130/><N who="2" m="49674" /><F41/><N who="1" m="15369" /><E37/><V45/><F45/><W64/><G75/><T48/><D119/><N who="2" m="45578" /><F74/><W51/><G109/><T99/><D2/><U24/><E105/><V58/><F95/><W102/><G102/><T70/><D106/><U94/><E94/><V111/><F32/><W126/><G126/><N who="1" m="48170" /><E61/><V91/><F91/><W14/><G121/><T116/><D116/><U27/><E17/><V112/><F112/><W38/><G38/><T9/><D93/><U66/><E66/><V108/><F58/><W73/><G73/><T1/><D70/><U88/><E83/><V120/><F56/><W57/><G57/><T4/><D68/><U98/><E98/><V72/><F72/><W36/><G36/><T89/><D63/><U81/><E80/><V59/><F59/><W132/><G123/><T101/><D62/><U31/><E24/><V44/><F44/><W18/><G67/><T65/><D65/><U16/><E16/><V71/><F71/><W35/><G64/><T34/><D101/><U47/><E47/><V15/><F15/><W12/><G12/><T107/><D107/><U103/><E103/><V23/><F120/><W133/><REACH who="3" step="1"/><G35/><AGARI ba="0,0" hai="27,31,35,52,54,81,85,88" m="48170,15369" machi="35" ten="30,3900,0" yaku="18,1,54,2" doraHai="128" who="1" fromWho="3" sc="250,0,250,39,250,0,250,-39" /><INIT seed="1,0,0,3,0,62" ten="250,289,250,211" oya="1" hai0="6,35,51,86,42,23,45,85,88,115,30,72,27" hai1="134,67,103,96,78,101,91,31,8,7,37,82,95" hai2="69,89,46,44,65,76,53,1,74,34,61,107,92" hai3="25,79,64,73,11,121,75,135,32,15,123,41,54"/><U119/><E119/><V120/><F120/><W90/><G135/><T99/><D115/><U24/><E37/><V12/><F1/><W38/><G54/><T40/><D72/><U131/><E131/><V52/><F34/><W104/><G104/><T112/><D112/><U106/><E106/><V55/><F107/><W5/><G90/><T49/><D35/><U50/><E50/><V56/><F69/><W17/><G75/><T66/><D66/><U48/><E48/><V111/><F111/><W87/><G73/><T126/><D126/><U43/><E43/><V63/><F63/><W60/><G87/><T9/><D99/><U98/><E67/><V33/><F33/><W36/><G79/><T26/><D26/><U122/><E96/><V70/><F70/><W29/><G5/><T132/><D86/><N who="1" m="48471" /><E134/><V125/><F125/><W28/><G28/><T118/><D118/><U130/><E130/><V129/><F129/><W97/><G97/><T58/><D58/><U94/><E94/><V39/><F39/><W128/><G128/><T108/><D108/><U22/><E122/><V14/><F76/><W19/><G19/><T84/><D84/><U100/><E7/><V13/><F74/><W102/><G102/><T18/><D132/><U124/><E124/><V77/><F77/><W68/><REACH who="3" step="1"/><G36/><REACH who="3" ten="250,289,250,201" step="2"/><T57/><D6/><U3/><E3/><V20/><F20/><W10/><G10/><AGARI ba="0,1" hai="8,10,22,24,31,91,95,98,100,101,103" m="48471" machi="10" ten="30,1500,0" yaku="8,1" doraHai="62" who="1" fromWho="3" sc="250,0,289,25,250,0,201,-15" /><INIT seed="1,1,0,1,3,15" ten="250,314,250,186" oya="1" hai0="110,30,16,3,86,113,56,78,38,48,128,82,58" hai1="118,42,92,17,32,72,28,71,27,26,44,23,9" hai2="97,4,120,69,130,99,94,84,7,62,134,108,121" hai3="45,14,129,63,0,100,25,51,135,59,112,114,90"/><U21/><E71/><V117/><F117/><W64/><G0/><T5/><D38/><U83/><E118/><V96/><F134/><W53/><G135/><T1/><D113/><U122/><E122/><V2/><F130/><W77/><G129/><T116/><D116/><U49/><E92/><V46/><F108/><W123/><G123/><T36/><D36/><U132/><E132/><V54/><F46/><W91/><G77/><T8/><D110/><U35/><E9/><V41/><F41/><W87/><G100/><T75/><D3/><U74/><REACH who="1" step="1"/><E83/><REACH who="1" ten="250,304,250,186" step="2"/><V93/><F121/><W104/><G104/><T88/><D128/><U20/><E20/><V6/><F120/><W33/><G114/><T98/><D82/><U81/><E81/><V133/><F133/><W73/><G112/><T65/><D8/><U95/><E95/><V105/><F94/><W107/><G107/><T131/><D131/><U127/><E127/><V60/><F105/><W102/><G102/><T47/><D98/><U61/><E61/><V80/><F93/><W52/><G63/><T106/><D106/><U39/><E39/><V101/><F69/><W111/><G111/><T24/><D65/><U55/><E55/><V89/><F101/><W19/><G52/><T68/><D68/><U31/><E31/><V109/><F109/><W124/><G53/><T50/><D30/><U85/><E85/><V125/><F125/><W29/><G87/><T79/><D86/><U11/><E11/><N who="2" m="2455" /><F54/><N who="3" m="30063" /><G124/><T12/><D50/><U34/><AGARI ba="1,1" hai="17,21,23,26,27,28,32,34,35,42,44,49,72,74" machi="34" ten="30,6000,0" yaku="1,1,0,1,52,1,53,0" doraHai="15" doraHaiUra="126" who="1" fromWho="1" sc="250,-21,304,73,250,-21,186,-21" /><INIT seed="1,2,0,5,4,125" ten="229,377,229,165" oya="1" hai0="94,0,51,100,44,56,15,83,7,47,86,3,23" hai1="17,122,21,36,43,19,64,88,79,70,49,14,69" hai2="102,30,129,60,39,55,48,75,110,128,132,81,46" hai3="90,6,74,112,35,127,68,67,26,91,38,62,73"/><U114/><E114/><V77/><F30/><W29/><G127/><T71/><D71/><U119/><E119/><V126/><F126/><W40/><G112/><T8/><D3/><U131/><E122/><V95/><F132/><W33/><G33/><T63/><D0/><U103/><E103/><V85/><F110/><W1/><G91/><N who="0" m="51679" /><D23/><U66/><E79/><V97/><F39/><W96/><G90/><T98/><D51/><U72/><E72/><V10/><F10/><N who="3" m="2383" /><G96/><T45/><D45/><AGARI ba="2,0" hai="26,29,35,38,40,45,62,67,68,73,74" m="2383" machi="45" ten="30,2000,0" yaku="33,2" doraHai="125" who="3" fromWho="0" sc="229,-26,377,0,229,0,165,26" /><INIT seed="2,0,0,2,2,77" ten="203,377,229,191" oya="2" hai0="27,24,134,32,10,87,74,41,88,102,81,21,97" hai1="131,50,28,17,35,120,58,104,52,96,116,62,105" hai2="36,7,123,37,122,115,107,99,75,25,103,76,33" hai3="45,19,6,72,119,46,95,38,42,48,12,43,22"/><V66/><F115/><W2/><G119/><T73/><D134/><U129/><E116/><V114/><F7/><W71/><G71/><T113/><D113/><U29/><E120/><V14/><F14/><W135/><G135/><T47/><D32/><U91/><E17/><V127/><F127/><W112/><G112/><T39/><D10/><U51/><E91/><V133/><F114/><W98/><G72/><T4/><D4/><U94/><E94/><V89/><F89/><W9/><G2/><T67/><D67/><U101/><E104/><V92/><F92/><W1/><G1/><T110/><D110/><U64/><E50/><V69/><F133/><W54/><G43/><T61/><D61/><U82/><E82/><N who="2" m="45343" /><F123/><W117/><G117/><T55/><D55/><U109/><E109/><V26/><F26/><W53/><G54/><T23/><D27/><N who="1" m="18847" /><E29/><N who="2" m="19631" /><F122/><W106/><G106/><T121/><D121/><U31/><E31/><V93/><F93/><W84/><G84/><T126/><D126/><U8/><E8/><V16/><F16/><W57/><G57/><T20/><REACH who="0" step="1"/><D24/><REACH who="0" ten="193,377,229,191" step="2"/><U124/><E124/><V111/><F111/><W128/><G6/><T118/><D118/><U80/><E52/><V5/><F5/><W13/><G9/><T79/><D79/><U30/><E30/><V65/><F65/><W130/><REACH who="3" step="1"/><G12/><REACH who="3" ten="193,377,229,181" step="2"/><T18/><D18/><U125/><E125/><V132/><F132/><W40/><G40/><T85/><D85/><U49/><E64/><V0/><F0/><W108/><G108/><T56/><D56/><U44/><E58/><V3/><F3/><RYUUKYOKU ba="0,2" sc="193,10,377,-30,229,10,181,10" hai0="20,21,23,39,41,47,73,74,81,87,88,97,102" hai2="36,37,66,69,99,103,107" hai3="13,19,22,38,42,45,46,48,53,95,98,128,130" /><INIT seed="2,1,2,0,0,29" ten="203,347,239,191" oya="2" hai0="96,103,125,27,110,61,31,93,50,87,129,120,41" hai1="30,49,11,123,20,44,73,4,18,124,66,1,43" hai2="82,126,48,128,83,36,105,107,2,5,3,135,26" hai3="104,86,95,94,75,80,0,46,69,60,127,67,40"/><V34/><F48/><W74/><G104/><N who="2" m="40009" /><F5/><W45/><G0/><N who="2" m="41" /><F36/><W13/><G127/><T92/><D120/><U64/><E124/><V19/><F126/><W106/><G106/><T25/><D110/><U100/><E123/><V9/><F9/><W63/><G63/><T116/><D129/><U113/><E100/><V90/><F90/><W112/><G112/><T12/><D116/><U134/><E113/><V51/><F51/><W54/><G13/><T111/><D111/><U91/><E91/><V119/><F119/><W133/><G133/><T22/><D125/><U102/><E134/><V16/><F135/><W88/><G54/><T38/><D38/><U65/><E102/><V55/><F55/><W56/><G69/><T114/><D114/><U35/><E73/><V47/><F47/><W37/><G46/><N who="0" m="25935" /><D61/><U57/><E18/><N who="2" m="6699" /><F128/><W85/><REACH who="3" step="1"/><G95/><REACH who="3" ten="203,347,239,181" step="2"/><N who="0" m="58783" /><D12/><U7/><E64/><V81/><F26/><W122/><G122/><T89/><D27/><U84/><E65/><V109/><F109/><W76/><AGARI ba="1,3" hai="37,40,45,56,60,67,74,75,76,80,85,86,88,94" machi="76" ten="20,5200,0" yaku="1,1,0,1,7,1,54,1,53,0" doraHai="29" doraHaiUra="15" who="3" fromWho="3" sc="203,-14,347,-14,239,-27,181,85" /><INIT seed="3,0,0,1,0,17" ten="189,333,212,266" oya="3" hai0="124,88,45,77,62,79,92,49,63,64,20,98,21" hai1="132,93,16,44,74,39,0,133,71,87,129,2,61" hai2="59,99,69,103,117,131,121,67,31,28,130,26,3" hai3="33,12,115,78,70,8,76,54,23,119,50,84,46"/><W112/><G119/><T123/><D123/><U38/><E74/><V60/><F121/><W75/><G33/><T25/><D124/><U82/><E93/><V73/><F117/><W30/><G70/><T90/><D90/><U107/><E107/><V111/><F73/><W42/><G75/><T22/><D25/><U91/><E16/><V66/><F111/><W41/><G115/><T7/><D7/><U127/><E127/><V40/><F40/><W18/><G112/><T27/><D27/><U101/><E101/><V29/><F3/><N who="1" m="1065" /><E44/><V1/><F1/><W10/><G30/><T55/><REACH who="0" step="1"/><D63/><REACH who="0" ten="179,333,212,266" step="2"/><U102/><E102/><V15/><F15/><W100/><G100/><T56/><AGARI ba="0,1" hai="20,21,22,45,49,55,56,62,64,77,79,88,92,98" machi="56" ten="30,24000,4" yaku="1,1,2,1,0,1,8,1,52,3,54,1,53,3" doraHai="17" doraHaiUra="19" who="0" fromWho="0" sc="179,250,333,-60,212,-60,266,-120" owari="429,52.9,273,7.3,152,-24.8,146,-35.4" /></mjloggm>