<mjloggm ver="2.3"><GO type="225" lobby="0"/><UN n0="%E9%A6%AC%E5%BC%95%E7%81%AB%33" n1="%E6%B7%91%E5%A5%B3%E3%81%AE%E5%97%9C%E3%81%BF" n2="%33%74%72%65%65" n3="%E3%83%B4%E3%83%A0%EF%BC%99%E3%81%A6" dan="16,16,17,17" rate="2136.87,2139.69,2128.95,2124.42" sx="M,M,F,M"/><TAIKYOKU oya="0"/><INIT seed="0,0,0,4,4,24" ten="250,250,250,250" oya="0" hai0="8,125,79,60,32,13,106,46,64,91,78,28,30" hai1="99,93,25,80,98,56,126,82,72,47,115,44,95" hai2="128,15,67,40,66,18,63,114,35,50,5,22,113" hai3="61,101,16,87,123,92,103,52,129,38,134,48,42"/><T59/><D106/><U53/><E126/><V88/><F128/><W124/><G123/><T36/><D125/><U33/><E115/><V10/><F35/><W6/><G124/><T65/><D32/><U70/><E70/><V58/><F67/><W68/><G129/><T34/><D34/><U111/><E111/><V71/><F88/><N who="3" m="53279" /><G68/><T97/><D65/><U84/><E72/><V43/><F43/><W76/><G38/><T131/><D131/><U12/><E12/><V62/><F62/><W110/><G110/><T75/><D46/><N who="1" m="17451" /><E25/><V130/><F130/><W3/><G3/><T49/><D49/><N who="1" m="30767" /><E33/><V23/><F40/><W7/><G42/><T96/><D36/><U17/><E17/><V39/><F39/><W57/><G76/><N who="0" m="29227" /><D75/><U29/><E29/><N who="0" m="11369" /><D91/><N who="1" m="53479" /><E99/><V41/><F41/><W116/><G116/><T117/><D117/><U21/><E21/><V2/><F23/><W26/><G48/><T107/><D107/><U127/><E127/><V120/><F120/><W27/><G27/><T108/><D108/><U31/><E31/><V0/><F0/><W109/><G109/><T85/><D85/><U4/><E4/><AGARI ba="0,0" hai="4,8,13,59,60,64,96,97" m="11369,29227" machi="4" ten="30,11600,0" yaku="8,1,52,3" doraHai="24" who="0" fromWho="1" sc="250,116,250,-116,250,0,250,0" /><INIT seed="0,1,0,1,4,105" ten="366,134,250,250" oya="0" hai0="17,28,47,115,93,86,58,127,80,1,63,4,88" hai1="84,57,44,15,24,37,34,120,99,40,13,76,85" hai2="79,14,109,106,118,22,50,59,110,27,64,96,36" hai3="41,54,12,97,49,43,5,133,129,60,39,132,18"/><T69/><D115/><U25/><E120/><V62/><F36/><W52/><G5/><T114/><D114/><U126/><E126/><V134/><F134/><N who="3" m="51819" /><G97/><T75/><D127/><U101/><E57/><V26/><F118/><W103/><G103/><T55/><D69/><U119/><E119/><V73/><F14/><W20/><G129/><T8/><D28/><U3/><E3/><V33/><F33/><W90/><G39/><T112/><D112/><U10/><E34/><V125/><F125/><W135/><N who="3" m="51827" /><W16/><DORA hai="23" /><G90/><T0/><D47/><U6/><E15/><V91/><F22/><N who="3" m="11527" /><G60/><T98/><D17/><U9/><E9/><V87/><F50/><W45/><G41/><T68/><D68/><U92/><REACH who="1" step="1"/><E84/><REACH who="1" ten="366,124,250,250" step="2"/><V113/><F113/><W89/><G89/><T21/><D21/><U121/><E121/><V130/><F91/><W35/><G35/><T11/><D11/><U42/><E42/><V66/><F87/><W123/><G123/><T104/><D0/><U117/><E117/><V77/><F59/><W102/><G102/><T108/><D8/><U61/><E61/><V107/><F62/><W48/><G48/><T7/><D7/><U74/><E74/><V71/><F73/><W51/><G51/><T2/><D4/><U31/><E31/><V78/><F71/><W83/><G43/><T82/><D1/><U81/><AGARI ba="1,1" hai="6,10,13,24,25,37,40,44,76,81,85,92,99,101" machi="81" ten="30,7900,0" yaku="1,1,0,1,52,2,53,0" doraHai="105,23" doraHaiUra="111,124" who="1" fromWho="1" sc="366,-40,124,92,250,-21,250,-21" /><INIT seed="1,0,0,4,0,114" ten="326,216,229,229" oya="1" hai0="124,130,77,57,96,97,59,7,73,0,58,20,40" hai1="132,65,8,86,122,115,88,90,41,45,104,120,134" hai2="23,24,15,38,80,16,70,29,64,109,55,81,89" hai3="98,49,113,17,84,63,82,61,9,42,52,110,69"/><U1/><E115/><V135/><F109/><W93/><G113/><T18/><D124/><U46/><E104/><V78/><F135/><N who="1" m="51753" /><E65/><V75/><F38/><W79/><G110/><T30/><D130/><U72/><E72/><V5/><F5/><W47/><G69/><T117/><D117/><U36/><E46/><V26/><F55/><W68/><G68/><T27/><D73/><U101/><E101/><V76/><F89/><N who="1" m="34409" /><E86/><V85/><REACH who="2" step="1"/><F29/><REACH who="2" ten="326,216,219,229" step="2"/><W99/><G42/><T67/><D40/><U91/><E91/><V19/><F19/><W53/><G53/><T133/><D133/><U6/><AGARI ba="0,1" hai="1,6,8,36,41,45,120,122" m="34409,51753" machi="6" ten="30,3000,0" yaku="20,1,54,1" doraHai="114" who="1" fromWho="1" sc="326,-10,216,40,219,-10,229,-10" /><INIT seed="1,1,0,4,1,94" ten="316,256,209,219" oya="1" hai0="59,5,134,83,126,6,84,21,65,67,37,101,117" hai1="78,55,73,131,34,98,10,11,7,79,19,129,122" hai2="33,60,15,58,123,76,30,109,108,40,54,121,52" hai3="77,93,114,103,102,99,50,132,95,22,127,96,12"/><U70/><E122/><N who="2" m="46603" /><F33/><W0/><G0/><T133/><D126/><U14/><E34/><V47/><F30/><W28/><G127/><T68/><D117/><U110/><E110/><N who="2" m="42603" /><F15/><W113/><G132/><N who="0" m="50795" /><D37/><U128/><E70/><V57/><F76/><W71/><G71/><T38/><D38/><U90/><E55/><N who="2" m="33855" /><F58/><W62/><G77/><N who="0" m="46191" /><D68/><U35/><E35/><V27/><F27/><W39/><G39/><AGARI ba="1,0" hai="39,40,47,52,54" m="33855,42603,46603" machi="39" ten="30,7700,0" yaku="14,1,34,2,54,1" doraHai="94" who="2" fromWho="3" sc="316,0,256,0,209,80,219,-80" /><INIT seed="2,0,0,0,0,64" ten="316,256,289,139" oya="2" hai0="10,0,40,97,135,94,110,117,17,75,92,27,38" hai1="77,48,133,60,88,51,67,54,42,80,9,71,12" hai2="122,131,118,47,72,100,69,59,120,37,134,101,33" hai3="2,127,68,79,113,15,107,57,102,55,35,6,66"/><V11/><F118/><W124/><G35/><T13/><D117/><U70/><E133/><V53/><F72/><W106/><G2/><T128/><D75/><U85/><E42/><V78/><F78/><W50/><G113/><T109/><D135/><U99/><E70/><V103/><F134/><W19/><G79/><T111/><D128/><U104/><E54/><V45/><F131/><W73/><G6/><T24/><D0/><U123/><E123/><V76/><F76/><W58/><G58/><T86/><D86/><U119/><E119/><V32/><F69/><W29/><G29/><T34/><D34/><U7/><REACH who="1" step="1"/><E77/><REACH who="1" ten="316,246,289,139" step="2"/><V1/><F53/><W28/><G28/><T126/><D40/><U4/><E4/><V21/><F120/><W46/><G46/><T90/><D111/><U83/><E83/><V95/><F47/><W8/><G73/><T132/><D110/><U5/><E5/><V63/><F45/><W3/><G3/><T116/><D132/><U31/><E31/><V49/><F1/><W129/><G129/><T82/><D82/><U74/><E74/><V98/><F122/><W81/><G81/><T14/><D109/><U18/><E18/><V96/><F37/><W36/><G36/><T56/><D17/><U22/><E22/><V23/><F21/><W44/><G44/><T84/><D38/><U52/><E52/><N who="2" m="34279" /><F23/><W61/><REACH who="3" step="1"/><G102/><AGARI ba="0,1" hai="7,9,12,48,51,60,67,71,80,85,88,99,102,104" machi="102" ten="40,5200,0" yaku="1,1,52,1,54,1,53,0" doraHai="64" doraHaiUra="114" who="1" fromWho="3" sc="316,0,246,62,289,0,139,-52" /><INIT seed="3,0,0,0,3,3" ten="316,308,289,87" oya="3" hai0="114,46,23,55,110,70,119,105,96,78,5,11,130" hai1="36,90,131,121,109,21,61,132,34,10,17,81,97" hai2="76,43,106,115,38,54,91,127,116,134,42,77,128" hai3="50,89,113,41,71,28,6,80,88,118,35,0,104"/><W15/><G113/><T4/><D119/><U31/><E121/><V63/><F116/><W135/><G118/><T9/><D70/><U37/><E109/><V87/><F115/><W66/><G104/><T112/><D110/><U24/><E131/><V25/><F106/><W72/><G0/><T83/><D130/><U94/><E132/><V12/><F128/><W107/><G107/><T92/><D105/><U99/><E99/><V122/><F122/><W57/><G135/><T126/><D126/><U133/><E133/><V49/><F38/><W29/><G72/><T27/><D112/><U102/><E10/><N who="0" m="3593" /><D114/><U53/><E81/><N who="2" m="49647" /><F127/><W69/><G35/><T79/><D55/><U45/><E102/><V60/><F12/><W125/><G125/><T8/><D46/><U51/><E61/><N who="2" m="23627" /><F25/><AGARI ba="0,0" hai="17,21,24,25,31,34,36,37,45,51,53,90,94,97" machi="25" ten="30,1000,0" yaku="7,1" doraHai="3" who="1" fromWho="2" sc="316,0,308,10,289,-10,87,0" owari="316,11.6,318,41.8,279,-12.1,87,-41.3" /></mjloggm>