<mjloggm ver="2.3"><GO type="225" lobby="0"/><UN n0="%E6%A1%9C%E8%8A%B1%E9%96%83%E3%80%85" n1="%E3%81%A4%E3%81%A3%E3%81%B1%E3%82%8A%E3%83%9D%E3%83%BC%E3%83%AB" n2="%E3%81%99%E3%81%84%E3%81%BE%E3%81%9B%E3%83%BC%E3%82%93" n3="%72%65%6E%6B%75%6E" dan="16,17,18,17" rate="2201.97,2159.10,2207.13,2208.14" sx="M,M,M,M"/><TAIKYOKU oya="0"/><INIT seed="0,0,0,3,2,91" ten="250,250,250,250" oya="0" hai0="120,8,76,31,72,26,89,5,110,127,19,16,123" hai1="117,85,135,96,71,82,74,68,118,106,79,80,87" hai2="47,59,46,90,77,30,108,70,129,38,57,2,109" hai3="64,11,51,62,18,49,93,114,12,69,13,1,81"/><T86/><D72/><U48/><E48/><V94/><F2/><W24/><G114/><T124/><D76/><N who="1" m="44055" /><E71/><V121/><F121/><N who="0" m="46666" /><D89/><U7/><E7/><V25/><F129/><W130/><G130/><T35/><D86/><N who="1" m="48479" /><E68/><V84/><F70/><W97/><G1/><N who="0" m="47" /><D110/><N who="2" m="42602" /><F77/><W100/><G81/><T99/><D99/><U45/><E45/><N who="2" m="16907" /><F38/><W78/><G78/><T6/><D6/><U56/><E56/><V41/><F41/><W3/><G3/><T23/><D19/><U75/><E135/><V36/><F36/><W53/><G53/><T131/><D131/><U32/><E32/><AGARI ba="0,0" hai="25,30,32,57,59,84,90,94" m="16907,42602" machi="32" ten="30,2000,0" yaku="14,1,52,1" doraHai="91" who="2" fromWho="1" sc="250,0,250,-20,250,20,250,0" /><INIT seed="1,0,0,5,0,8" ten="250,230,270,250" oya="1" hai0="132,53,57,4,49,99,82,100,62,124,133,63,84" hai1="80,135,10,19,41,93,23,48,47,112,78,3,102" hai2="119,95,104,16,2,54,32,89,66,69,106,108,26" hai3="75,21,90,107,122,15,88,29,96,39,92,56,114"/><U72/><E112/><V7/><F119/><W6/><G114/><T103/><D124/><U97/><E135/><N who="0" m="51785" /><D4/><U73/><E3/><V85/><F108/><W101/><G122/><T61/><D99/><U11/><REACH who="1" step="1"/><E73/><REACH who="1" ten="250,220,270,250" step="2"/><V59/><F2/><W25/><G75/><T125/><D125/><U58/><E58/><V87/><F59/><W38/><G38/><T18/><D18/><U50/><E50/><V91/><F16/><W43/><G56/><T128/><D128/><U130/><E130/><V1/><F1/><W94/><G39/><T121/><D121/><U129/><E129/><V123/><F123/><W20/><G43/><T115/><D115/><U24/><AGARI ba="0,1" hai="10,11,19,23,24,41,47,48,72,78,80,93,97,102" machi="24" ten="20,7800,0" yaku="1,1,0,1,7,1,53,1" doraHai="8" doraHaiUra="45" who="1" fromWho="1" sc="250,-26,220,88,270,-26,250,-26" /><INIT seed="1,1,0,0,4,30" ten="224,308,244,224" oya="1" hai0="92,5,80,135,2,6,40,72,97,114,67,32,98" hai1="91,124,74,25,34,12,127,29,58,110,96,13,59" hai2="88,60,65,118,71,100,111,70,103,132,14,4,9" hai3="99,104,133,115,19,45,62,101,49,87,64,116,84"/><U57/><E74/><V86/><F118/><W85/><G116/><T93/><D114/><U27/><E110/><V44/><F111/><W10/><G115/><T108/><D108/><U28/><E91/><V126/><F126/><N who="1" m="48169" /><E96/><V42/><F71/><W73/><G73/><T33/><D40/><U120/><E120/><V105/><F105/><W51/><G133/><T8/><D67/><U48/><E48/><V134/><F134/><W109/><G109/><T102/><D6/><U82/><E82/><V47/><F132/><W52/><G49/><T16/><D135/><U35/><AGARI ba="1,0" hai="12,13,25,27,28,29,34,35,57,58,59" m="48169" machi="35" ten="30,6000,0" yaku="18,1,52,2" doraHai="30" who="1" fromWho="1" sc="224,-21,308,63,244,-21,224,-21" /><INIT seed="1,2,0,3,0,21" ten="203,371,223,203" oya="1" hai0="118,66,41,36,40,114,32,109,103,57,90,31,60" hai1="68,101,85,100,29,104,123,126,0,133,54,22,86" hai2="97,84,7,135,124,80,98,33,96,81,12,121,130" hai3="30,75,39,53,88,119,56,55,42,105,34,67,27"/><U45/><E68/><V3/><F121/><W125/><G75/><T49/><D114/><U8/><E123/><V43/><F3/><W28/><G105/><T76/><D118/><U50/><E104/><V14/><F33/><W94/><G119/><T78/><D103/><N who="1" m="39499" /><E0/><V89/><F135/><W129/><G129/><T48/><D109/><U79/><E79/><V10/><F130/><W122/><G122/><T13/><D36/><U127/><E8/><N who="2" m="4127" /><F43/><W70/><G125/><N who="1" m="47626" /><E133/><V18/><F124/><W51/><G30/><T110/><D31/><U35/><E35/><V47/><F47/><W19/><G19/><T5/><D32/><U113/><E113/><V4/><F18/><W6/><G6/><T82/><D110/><U46/><E46/><V102/><F102/><W37/><G55/><T111/><D40/><U71/><E71/><V69/><F69/><W73/><G73/><T11/><D111/><U62/><E62/><V112/><F112/><W52/><G53/><T116/><D116/><U1/><E1/><V95/><AGARI ba="2,0" hai="4,10,14,80,81,84,89,95,96,97,98" m="4127" machi="95" ten="30,1100,0" yaku="8,1" doraHai="21" who="2" fromWho="2" sc="203,-5,371,-7,223,17,203,-5" /><INIT seed="2,0,0,2,1,82" ten="198,364,240,198" oya="2" hai0="54,117,131,17,46,98,94,127,116,36,84,58,24" hai1="87,69,31,119,27,80,132,56,10,113,76,100,122" hai2="63,79,101,133,123,120,40,75,115,48,65,111,90" hai3="77,96,7,55,35,16,62,41,109,135,129,0,30"/><V112/><F133/><W86/><G41/><N who="0" m="22823" /><D127/><U15/><E69/><V37/><F101/><W114/><G114/><T126/><D126/><U20/><E119/><N who="0" m="45641" /><D131/><U13/><E122/><V39/><F39/><W29/><G135/><T71/><D71/><U21/><E132/><V104/><F37/><W26/><G129/><T106/><D106/><U108/><E108/><V18/><F104/><W33/><G109/><T66/><D66/><U47/><E113/><V95/><F111/><W4/><G96/><T128/><D128/><U53/><E47/><V107/><F107/><W14/><G0/><T105/><D105/><U88/><E100/><V52/><F115/><W97/><G97/><T22/><D84/><N who="1" m="48135" /><E20/><V125/><F125/><W130/><G130/><T59/><D54/><U45/><E45/><N who="2" m="27663" /><F112/><W34/><G55/><T68/><D68/><U8/><E8/><V102/><F102/><AGARI ba="0,0" hai="17,22,24,58,59,94,98,102" m="45641,22823" machi="102" ten="30,1000,0" yaku="12,1" doraHai="82" who="0" fromWho="2" sc="198,10,364,0,240,-10,198,0" /><INIT seed="3,0,0,0,5,91" ten="208,364,230,198" oya="3" hai0="33,51,23,12,112,9,62,64,116,108,54,63,55" hai1="47,26,50,128,29,21,89,80,99,25,127,115,46" hai2="121,102,135,83,81,0,37,67,42,86,1,6,92" hai3="11,68,104,13,56,132,118,30,113,73,123,74,5"/><W122/><G68/><T70/><D33/><U15/><E115/><V125/><F125/><W17/><G104/><T16/><D116/><U8/><E127/><V58/><F135/><W39/><G39/><T103/><D112/><U18/><E128/><V88/><F121/><W97/><G113/><T78/><D108/><U134/><E134/><V36/><F6/><W100/><G118/><T3/><D78/><U111/><E111/><V10/><F10/><W98/><G132/><T131/><D131/><U79/><E26/><V82/><F102/><W57/><G30/><T85/><D103/><U19/><E19/><V40/><F37/><W106/><G17/><T22/><D85/><N who="1" m="48287" /><E50/><V110/><F110/><W38/><G38/><T119/><D3/><U61/><E61/><V24/><F24/><W31/><G31/><T130/><D119/><U49/><E49/><V48/><F36/><W105/><G105/><T87/><D130/><U66/><E66/><V72/><F72/><W71/><G71/><T43/><D63/><U7/><E18/><V96/><F67/><W27/><G27/><T52/><D51/><U117/><E117/><V126/><F126/><W4/><G4/><T65/><D65/><U75/><E75/><V84/><F42/><W34/><G34/><T133/><D133/><U41/><E41/><V93/><F40/><W101/><G74/><T95/><D43/><U120/><E120/><N who="3" m="46122" /><G73/><T129/><D129/><U2/><E2/><N who="2" m="1131" /><F48/><W53/><G53/><T77/><D77/><U76/><E76/><N who="2" m="46119" /><F58/><N who="3" m="22635" /><G106/><T94/><D94/><AGARI ba="0,0" hai="7,8,15,21,25,29,46,47,89,94,99" m="48287" machi="94" ten="30,2000,0" yaku="8,1,52,1" doraHai="91" who="1" fromWho="0" sc="208,-20,364,20,230,0,198,0" owari="188,-31.2,384,48.4,230,3.0,198,-20.2" /></mjloggm>