<mjloggm ver="2.3"><GO type="225" lobby="0"/><UN n0="%E8%A8%88%E7%AE%97%E6%A9%9F%E8%87%AA%E7%84%B6" n1="%E3%82%B3%E3%83%90%E3%83%AC%E3%82%A4" n2="%E5%A4%8F%E9%88%B4%E9%88%B4%E5%A4%8F" n3="%E6%B7%91%E5%A5%B3%E3%81%AE%E5%97%9C%E3%81%BF" dan="17,16,16,16" rate="2133.26,2200.27,2111.36,2126.12" sx="M,M,F,M"/><TAIKYOKU oya="0"/><INIT seed="0,0,0,1,5,18" ten="250,250,250,250" oya="0" hai0="9,89,103,50,122,60,55,30,45,127,131,97,70" hai1="112,48,54,24,74,65,91,125,115,32,23,34,49" hai2="73,4,121,44,82,67,135,43,46,109,92,83,106" hai3="5,102,101,114,42,8,56,25,64,124,95,98,88"/><T123/><D131/><U11/><E74/><V61/><F121/><W90/><G114/><N who="1" m="43562" /><E125/><V133/><F106/><W12/><G124/><T75/><D127/><U94/><E65/><V14/><F109/><W29/><G42/><T17/><D75/><U77/><E11/><N who="2" m="4455" /><F92/><W93/><G56/><T79/><D79/><U58/><E49/><N who="2" m="26783" /><F46/><W40/><G64/><T52/><D70/><U20/><E77/><V116/><F73/><W81/><G81/><T19/><D9/><U13/><E13/><V85/><F116/><W110/><G40/><T10/><D10/><U51/><E51/><V132/><F85/><W47/><G47/><T117/><D117/><U1/><E1/><V130/><F130/><W26/><G110/><T113/><D113/><U99/><E24/><N who="3" m="9322" /><G29/><T31/><D123/><U39/><E39/><V105/><F105/><W111/><G111/><T21/><D30/><U72/><E72/><V87/><F87/><AGARI ba="0,0" hai="5,8,12,87,88,90,93,95,98,101,102" m="9322" machi="87" ten="30,2000,0" yaku="8,1,54,1" doraHai="18" who="3" fromWho="2" sc="250,0,250,0,250,-20,250,20" /><INIT seed="1,0,0,3,5,29" ten="250,250,230,270" oya="1" hai0="39,77,70,59,48,64,53,96,18,12,116,68,93" hai1="94,82,125,135,34,107,0,9,128,101,7,45,73" hai2="23,57,124,81,83,130,54,80,5,6,40,115,61" hai3="32,133,79,55,36,16,1,90,127,113,41,2,47"/><U92/><E135/><V28/><F124/><W102/><G113/><T69/><D116/><U132/><E125/><V4/><F130/><W37/><G127/><T15/><D39/><U21/><E128/><V120/><F120/><W14/><G133/><T95/><D77/><U50/><E132/><V117/><F117/><W105/><G37/><T106/><D64/><U122/><E122/><V42/><REACH who="2" step="1"/><F115/><REACH who="2" ten="250,250,220,270" step="2"/><W51/><G1/><T118/><D118/><U67/><E0/><V27/><AGARI ba="0,1" hai="4,5,6,23,27,28,40,42,54,57,61,80,81,83" machi="27" ten="40,8000,1" yaku="1,1,2,1,0,1,8,1,53,0" doraHai="29" doraHaiUra="11" who="2" fromWho="2" sc="250,-20,250,-40,220,90,270,-20" /><INIT seed="2,0,0,3,5,128" ten="230,210,310,250" oya="2" hai0="58,56,104,94,34,9,31,10,3,69,134,116,36" hai1="123,97,0,72,112,2,99,41,30,37,118,59,77" hai2="115,117,75,120,114,86,85,98,40,84,63,14,119" hai3="107,79,24,87,68,133,57,12,100,33,64,71,7"/><V52/><F40/><W42/><G57/><T122/><D104/><U101/><E118/><N who="2" m="45067" /><F52/><W27/><G42/><T4/><D116/><U102/><E112/><N who="2" m="43051" /><F14/><W132/><G87/><T108/><D122/><U91/><E123/><V80/><F63/><N who="3" m="39967" /><G79/><T70/><D36/><U23/><E41/><V53/><F53/><W29/><G71/><T55/><D56/><U82/><E37/><V93/><F75/><W127/><G24/><T76/><D55/><U89/><E2/><V130/><F130/><W105/><G127/><T16/><D58/><U125/><E0/><V95/><F120/><W113/><G113/><T15/><D3/><U66/><E125/><V50/><F50/><W47/><G47/><T109/><D70/><U28/><E28/><V13/><F13/><W65/><G65/><T5/><D31/><U43/><E43/><V18/><F18/><W110/><G12/><T54/><D69/><U25/><E99/><V135/><F93/><W78/><G7/><T46/><D94/><U49/><E49/><V96/><F80/><W131/><G131/><T1/><D4/><U39/><E39/><V88/><F96/><N who="3" m="61575" /><G107/><T45/><D45/><U92/><REACH who="1" step="1"/><E102/><REACH who="1" ten="230,200,310,250" step="2"/><V21/><F98/><W17/><G29/><T8/><D1/><U38/><E38/><V124/><F124/><W20/><G33/><T32/><D34/><U126/><E126/><V61/><F61/><AGARI ba="0,1" hai="23,25,30,59,61,66,72,77,82,89,91,92,97,101" machi="61" ten="40,8000,1" yaku="1,1,25,2,53,1" doraHai="128" doraHaiUra="60" who="1" fromWho="2" sc="230,0,200,90,310,-80,250,0" /><INIT seed="3,0,0,5,4,104" ten="230,290,230,250" oya="3" hai0="64,48,2,25,55,0,68,61,84,77,103,125,36" hai1="67,44,56,133,9,23,90,40,115,99,16,123,117" hai2="135,89,108,17,128,22,45,81,83,74,47,33,11" hai3="1,73,102,14,39,8,121,124,85,111,54,100,13"/><W97/><G73/><T46/><D125/><U28/><E117/><V42/><F33/><W105/><G121/><T41/><D103/><U91/><E123/><V96/><F108/><W92/><G124/><T30/><D84/><U12/><E115/><V131/><F135/><W49/><G39/><T76/><D0/><U19/><E133/><V127/><F11/><W60/><G111/><T87/><D87/><U24/><E99/><V4/><F4/><W80/><G100/><T38/><D2/><U120/><E120/><V71/><F71/><W129/><G129/><N who="2" m="49737" /><F127/><W50/><G105/><T86/><D86/><U18/><E28/><V32/><F32/><W78/><G1/><T62/><D61/><N who="1" m="38311" /><E18/><V134/><F134/><W66/><G54/><T118/><D118/><U59/><E59/><V63/><F63/><W88/><G102/><T93/><D36/><U65/><E65/><V79/><F42/><W35/><G35/><T95/><D41/><U98/><E98/><V130/><N who="2" m="49745" /><V52/><DORA hai="57" /><F52/><W122/><G122/><T31/><D31/><U29/><E29/><V119/><F119/><W116/><G116/><T110/><D110/><U53/><E40/><V15/><F83/><W58/><G13/><T37/><D37/><U27/><E53/><V107/><F107/><W101/><G101/><T69/><D38/><U51/><E51/><V112/><F112/><W72/><G97/><T5/><D5/><AGARI ba="0,0" hai="5,8,14,49,50,58,60,66,72,78,80,85,88,92" machi="5" ten="30,11600,0" yaku="7,1,52,2,54,1" doraHai="104,57" who="3" fromWho="0" sc="230,-116,290,0,230,0,250,116" owari="114,-38.6,290,9.0,230,-17.0,366,46.6" /></mjloggm>