<mjloggm ver="2.3"><GO type="225" lobby="0"/><UN n0="%E6%B4%BE%E9%81%A3%E3%81%AE%E3%82%B8%E3%83%A3%E3%83%83%E3%82%AF" n1="%E6%A1%9C%E8%8A%B1%E9%96%83%E3%80%85" n2="%E3%82%B3%E3%83%90%E3%83%AC%E3%82%A4" n3="%E3%81%90%E3%81%A1%E3%82%84%E3%81%BE" dan="17,16,16,16" rate="2202.56,2111.05,2155.32,2139.52" sx="M,M,M,M"/><TAIKYOKU oya="0"/><INIT seed="0,0,0,0,1,73" ten="250,250,250,250" oya="0" hai0="56,12,98,7,126,39,109,31,96,61,83,29,112" hai1="103,60,40,15,71,63,24,33,123,85,131,22,46" hai2="87,62,135,97,54,81,47,72,118,108,58,134,74" hai3="75,43,66,0,129,18,67,100,113,65,35,30,44"/><T37/><D112/><U49/><E123/><V68/><F118/><W102/><G113/><T122/><D122/><U111/><E111/><V89/><F68/><W93/><G0/><T115/><D115/><U17/><E131/><V19/><F108/><W121/><G75/><T36/><D126/><U23/><E33/><V77/><F74/><W119/><G119/><T41/><D41/><U88/><E103/><V106/><F19/><W50/><G121/><T45/><D45/><U128/><E71/><V38/><F38/><W13/><G129/><T107/><D109/><U53/><E40/><V52/><F47/><W125/><G125/><T124/><D124/><U10/><E23/><V59/><F97/><W117/><G117/><T5/><D83/><N who="1" m="49215" /><E128/><V1/><F106/><W120/><G120/><T34/><D107/><U76/><E76/><V69/><F1/><W130/><G130/><T80/><D80/><U94/><E94/><V16/><F69/><W14/><G14/><T27/><D31/><AGARI ba="0,0" hai="10,15,17,22,24,31,46,49,53,60,63" m="49215" machi="31" ten="30,3900,0" yaku="25,1,8,1,54,1" doraHai="73" who="1" fromWho="0" sc="250,-39,250,39,250,0,250,0" /><INIT seed="1,0,0,2,4,14" ten="211,289,250,250" oya="1" hai0="92,79,24,68,86,53,50,74,80,85,7,38,10" hai1="132,73,113,58,0,90,46,130,13,107,122,70,39" hai2="23,84,81,32,119,109,20,22,105,112,1,40,61" hai3="121,28,33,59,19,26,118,129,25,98,15,134,78"/><U103/><RYUUKYOKU type="yao9" ba="0,0" sc="211,0,289,0,250,0,250,0" hai1="0,13,39,46,58,70,73,90,103,107,113,122,130,132" /><INIT seed="1,1,0,0,4,47" ten="211,289,250,250" oya="1" hai0="75,46,90,124,108,37,24,103,1,76,30,63,125" hai1="119,126,133,56,48,21,36,35,93,114,117,53,102" hai2="97,112,77,15,116,83,68,52,109,19,98,87,85" hai3="34,55,58,86,128,43,120,94,7,64,8,22,17"/><U2/><E35/><V18/><F68/><W9/><G120/><T26/><D108/><U11/><E114/><V72/><F112/><W61/><G34/><T4/><D103/><U115/><E115/><V14/><F109/><W0/><G128/><T40/><D90/><U95/><E126/><N who="0" m="48745" /><D63/><U59/><E133/><V50/><F72/><W16/><G43/><T81/><D30/><U107/><E36/><V135/><F135/><W84/><G94/><T118/><D118/><U127/><E127/><V42/><F42/><W91/><G91/><T32/><D32/><U96/><E21/><N who="2" m="11479" /><F87/><W65/><G9/><AGARI ba="1,0" hai="1,4,9,24,26,37,40,46,75,76,81" m="48745" machi="9" ten="30,2000,0" yaku="25,1,18,1" doraHai="47" who="0" fromWho="3" sc="211,23,289,0,250,0,250,-23" /><INIT seed="2,0,0,4,5,93" ten="234,289,250,227" oya="2" hai0="92,10,37,75,48,129,77,65,31,90,85,108,7" hai1="38,122,125,60,22,27,28,23,127,42,131,121,6" hai2="3,72,47,118,9,87,26,52,13,88,101,76,46" hai3="95,83,106,64,25,132,62,99,41,53,16,55,89"/><V134/><F118/><W84/><G132/><T103/><D108/><U36/><E131/><V124/><F3/><W110/><G110/><T19/><D37/><N who="1" m="14443" /><E42/><V117/><F134/><W119/><G119/><T97/><D129/><U105/><E105/><V133/><F133/><W43/><G106/><T78/><D31/><U91/><E6/><V39/><F39/><W69/><G43/><T86/><D65/><U2/><E2/><V58/><F117/><W74/><G74/><T79/><D19/><U30/><E91/><V21/><F76/><W120/><G41/><T15/><D75/><U57/><E22/><V126/><F72/><W98/><G120/><N who="1" m="46186" /><E30/><N who="2" m="17743" /><F101/><W70/><G70/><T35/><D35/><U34/><E34/><V63/><F126/><W102/><REACH who="3" step="1"/><G99/><REACH who="3" ten="234,289,250,217" step="2"/><T135/><D135/><U50/><E50/><V114/><F124/><W111/><G111/><T17/><D48/><U100/><E100/><V40/><F40/><W104/><G104/><T8/><REACH who="0" step="1"/><D103/><REACH who="0" ten="224,289,250,217" step="2"/><U24/><E125/><V4/><F114/><W112/><G112/><T73/><D73/><U68/><E127/><V81/><AGARI ba="0,2" hai="4,9,13,46,47,52,58,63,81,87,88" m="17743" machi="81" ten="30,6000,0" yaku="8,1,54,2" doraHai="93" who="2" fromWho="2" sc="224,-20,289,-20,250,80,217,-20" /><INIT seed="2,1,0,5,4,57" ten="204,269,330,197" oya="2" hai0="102,108,56,123,89,43,33,85,24,36,87,112,25" hai1="54,4,105,103,23,64,107,45,41,9,40,113,122" hai2="100,80,116,125,63,96,32,133,42,129,92,39,30" hai3="17,74,10,18,68,47,14,60,0,128,88,55,109"/><V22/><F116/><W117/><G117/><T78/><D112/><U71/><E113/><V61/><F129/><W53/><G74/><T98/><D123/><U62/><E122/><V35/><F133/><W126/><G0/><T7/><D108/><U44/><E23/><V82/><F125/><W37/><G109/><T104/><D7/><U49/><E103/><V127/><F127/><W99/><G126/><T135/><D135/><U5/><E54/><V20/><F35/><W38/><G128/><T95/><D33/><U66/><E66/><V90/><F32/><W110/><G110/><T34/><D34/><U76/><E76/><V101/><F42/><W11/><G68/><T75/><D85/><U26/><E26/><N who="2" m="16711" /><F22/><W115/><G115/><T67/><D36/><U8/><E8/><V19/><F19/><W3/><G3/><T134/><D43/><U12/><REACH who="1" step="1"/><E4/><REACH who="1" ten="204,259,330,197" step="2"/><V114/><F114/><W119/><G10/><T16/><D25/><U86/><E86/><V28/><F28/><W21/><G119/><T118/><D118/><U121/><E121/><V69/><F101/><W111/><G111/><T15/><D24/><U106/><E106/><V65/><F100/><W93/><G55/><T58/><D67/><U59/><E59/><V73/><F65/><W130/><G130/><T1/><D134/><U84/><E84/><V131/><F131/><W77/><G77/><T13/><D78/><U70/><E70/><V120/><F69/><W50/><REACH who="3" step="1"/><G60/><REACH who="3" ten="204,259,330,187" step="2"/><N who="2" m="23113" /><F120/><W2/><G2/><T27/><D1/><U46/><E46/><V6/><F73/><W81/><G81/><RYUUKYOKU ba="1,2" sc="204,-15,259,15,330,-15,187,15" hai1="5,9,12,40,41,44,45,49,62,64,71,105,107" hai3="11,14,17,18,21,37,38,47,50,53,88,93,99" /><INIT seed="3,2,2,3,3,5" ten="189,274,315,202" oya="3" hai0="53,11,37,135,88,121,89,96,43,16,35,126,55" hai1="105,82,112,109,133,64,54,67,95,132,12,63,23" hai2="115,33,69,70,130,84,74,18,32,71,100,127,91" hai3="14,98,9,2,47,50,57,128,13,113,46,3,124"/><W83/><G113/><T15/><D121/><U101/><E112/><V27/><F115/><W49/><G124/><T8/><D35/><U19/><E105/><V31/><F74/><W28/><G128/><T56/><D126/><U21/><E109/><V24/><F127/><W104/><G104/><T60/><D135/><N who="1" m="51787" /><E82/><V10/><F100/><W75/><G98/><T86/><D37/><U131/><E131/><V20/><F130/><W44/><G2/><T39/><D39/><U107/><E95/><V73/><F73/><W72/><G3/><T125/><D125/><U68/><E67/><V110/><F110/><W118/><G118/><T48/><D43/><U0/><E0/><V80/><F32/><W4/><G72/><T114/><D114/><U106/><E101/><V76/><F76/><W122/><G122/><T78/><D96/><U111/><E111/><V41/><F41/><W129/><G129/><T65/><D55/><U120/><E120/><V102/><F102/><W17/><G83/><N who="0" m="47479" /><D8/><N who="1" m="6535" /><E54/><V38/><F38/><W87/><G75/><T123/><D123/><U29/><E21/><V77/><F77/><W58/><G87/><T119/><D119/><U22/><E23/><V51/><F10/><N who="3" m="6327" /><G28/><T1/><D1/><U62/><E62/><V45/><F71/><W25/><G25/><AGARI ba="2,2" hai="22,25,29,63,64,68,106,107" m="6535,51787" machi="25" ten="30,2000,0" yaku="20,1,52,1" doraHai="5" who="1" fromWho="3" sc="189,0,274,46,315,0,202,-26" owari="189,-21.1,320,42.0,315,11.5,176,-32.4" /></mjloggm>