<mjloggm ver="2.3"><GO type="225" lobby="0"/><UN n0="%E6%98%93%E5%88%A9%E8%96%A9%E4%BC%AF" n1="%E4%BF%BA%E3%81%A8%E5%A6%96%E5%A4%A2" n2="%E9%80%86%E9%80%A3%E5%B8%AF%E3%81%AE%E9%AC%BC" n3="%4C%4F%4C%49%54%41" dan="17,16,17,16" rate="2207.11,2206.37,2104.25,2193.08" sx="F,F,M,F"/><TAIKYOKU oya="0"/><INIT seed="0,0,0,2,4,117" ten="250,250,250,250" oya="0" hai0="126,0,79,115,25,39,33,65,63,47,60,128,113" hai1="62,15,69,59,75,125,120,44,111,105,85,78,4" hai2="123,40,35,42,34,81,7,57,23,127,56,61,50" hai3="1,3,58,76,99,31,86,54,84,9,97,77,106"/><T27/><D126/><U116/><E116/><V73/><F127/><W82/><G31/><T30/><D0/><U18/><E125/><V104/><F104/><W83/><G9/><T74/><D128/><U49/><E75/><V109/><F109/><W14/><G14/><T114/><D27/><U43/><E111/><V70/><F70/><W6/><G6/><T48/><D39/><U24/><E105/><V103/><F103/><W119/><G119/><T41/><REACH who="0" step="1"/><D65/><REACH who="0" ten="240,250,250,250" step="2"/><U102/><E24/><V64/><F64/><W71/><G1/><T133/><D133/><U5/><E15/><V121/><F35/><W66/><G3/><T135/><D135/><U68/><E4/><V131/><F7/><W112/><G112/><T134/><D134/><U67/><E5/><V72/><F34/><W22/><G22/><T100/><D100/><U10/><E102/><V2/><F23/><W132/><G132/><T95/><D95/><U91/><E67/><V36/><F131/><W90/><G106/><T46/><D46/><U37/><E37/><V93/><F36/><W28/><G28/><T101/><D101/><U52/><E10/><V55/><F93/><W129/><G129/><T80/><AGARI ba="0,1" hai="25,30,33,41,47,48,60,63,74,79,80,113,114,115" machi="80" ten="40,7800,0" yaku="1,1,0,1,53,1" doraHai="117" doraHaiUra="29" who="0" fromWho="0" sc="240,88,250,-26,250,-26,250,-26" /><INIT seed="0,1,0,0,4,6" ten="328,224,224,224" oya="0" hai0="58,96,38,28,40,56,88,107,46,91,87,67,102" hai1="75,30,16,25,78,0,17,19,76,72,21,31,106" hai2="122,127,133,5,69,7,89,131,3,90,60,92,74" hai3="116,64,36,65,13,57,77,134,101,29,130,103,14"/><T32/><D67/><U41/><E106/><V94/><F74/><N who="1" m="28201" /><E21/><V118/><F118/><W83/><G116/><T34/><D91/><U114/><E25/><V4/><F122/><W33/><G36/><T24/><REACH who="0" step="1"/><D34/><REACH who="0" ten="318,224,224,224" step="2"/><U95/><E114/><V82/><F90/><W84/><G33/><T97/><D97/><U22/><E78/><V124/><F89/><W26/><G65/><T128/><D128/><U120/><E76/><V63/><F131/><W121/><G130/><T53/><D53/><U20/><E120/><V71/><F3/><W81/><G121/><T47/><D47/><U11/><E0/><V109/><F127/><W99/><G99/><T45/><D45/><U27/><E41/><V39/><F124/><W115/><G64/><T1/><D1/><U12/><E95/><AGARI ba="1,1" hai="24,28,32,38,40,46,56,58,87,88,95,96,102,107" machi="95" ten="30,5800,0" yaku="1,1,7,1,54,1,53,0" doraHai="6" doraHaiUra="125" who="0" fromWho="1" sc="318,71,224,-61,224,0,224,0" /><INIT seed="0,2,0,5,5,58" ten="389,163,224,224" oya="0" hai0="77,119,40,31,89,14,7,88,25,2,121,49,91" hai1="47,55,45,124,15,0,118,90,113,46,52,21,19" hai2="107,134,86,131,32,102,44,35,115,68,106,67,62" hai3="34,110,78,42,127,29,64,4,125,53,133,69,60"/><T83/><D119/><U9/><E118/><V109/><F115/><W28/><G110/><T97/><D121/><U48/><E113/><V94/><F109/><W50/><G133/><T135/><D135/><U72/><E72/><V117/><F134/><W123/><G123/><T104/><D2/><U129/><E129/><V11/><F117/><W96/><G78/><T66/><D66/><U132/><E132/><V6/><F131/><W38/><G4/><T24/><D104/><U1/><E124/><N who="3" m="47690" /><G34/><T43/><D97/><U108/><E108/><V76/><F44/><N who="3" m="23639" /><G96/><T98/><D98/><U26/><E90/><V61/><F102/><W70/><G70/><T37/><D37/><U120/><E120/><V22/><F107/><W122/><G122/><T128/><D25/><U39/><E39/><V17/><F106/><W79/><G79/><T16/><D49/><U95/><E95/><V59/><F94/><W18/><G18/><T5/><D5/><U116/><E116/><V13/><F86/><W87/><G87/><N who="0" m="48623" /><D7/><U84/><E84/><V101/><F76/><W57/><AGARI ba="2,0" hai="28,29,50,53,57,60,64,69" m="23639,47690" machi="57" ten="30,4000,0" yaku="24,1,18,1,52,1" doraHai="58" who="3" fromWho="3" sc="389,-22,163,-12,224,-12,224,46" /><INIT seed="1,0,0,5,1,56" ten="367,151,212,270" oya="1" hai0="60,67,129,44,13,49,125,14,4,59,92,40,61" hai1="100,53,62,83,5,52,121,76,134,48,12,70,102" hai2="71,55,105,116,91,108,119,69,90,31,23,96,111" hai3="6,133,132,82,34,110,131,89,10,33,112,21,42"/><U7/><E121/><V16/><F31/><W106/><G112/><T101/><D129/><U75/><E134/><V130/><F130/><W15/><G131/><T118/><D125/><U35/><E35/><V58/><F105/><W78/><G106/><T73/><D73/><U114/><E114/><V79/><F79/><W115/><G115/><T45/><D118/><U19/><E100/><V122/><F122/><W22/><G110/><T104/><D104/><U77/><E102/><V29/><F29/><W99/><G42/><T0/><D45/><U20/><E76/><V54/><F58/><W120/><G120/><T80/><D80/><U84/><E75/><V47/><F23/><N who="3" m="8715" /><G99/><T3/><D61/><U24/><E24/><V124/><F47/><W32/><G89/><T87/><D4/><U11/><E48/><V26/><F96/><W25/><G82/><T72/><D72/><U2/><REACH who="1" step="1"/><E5/><REACH who="1" ten="367,141,212,270" step="2"/><V57/><F26/><W50/><G50/><T36/><D101/><U86/><E86/><V38/><F119/><W9/><G78/><T126/><D87/><U109/><E109/><V81/><F116/><W107/><G107/><T64/><D49/><U88/><E88/><V28/><F111/><W97/><G97/><T98/><D98/><U135/><E135/><N who="3" m="51786" /><G25/><T74/><D74/><U85/><E85/><N who="2" m="50479" /><F91/><W127/><G127/><T113/><D126/><U68/><E68/><V1/><F124/><W27/><G27/><T41/><D113/><U18/><E18/><V103/><F71/><W37/><G37/><T66/><D36/><U123/><E123/><V93/><F108/><RYUUKYOKU ba="0,1" sc="367,-15,141,15,212,-15,270,15" hai1="2,7,11,12,19,20,52,53,62,70,77,83,84" hai3="6,9,10,15,32,33,34" /><INIT seed="1,1,1,4,5,131" ten="352,156,197,285" oya="1" hai0="13,63,11,51,77,119,23,42,91,56,107,110,112" hai1="126,111,2,61,37,89,74,122,95,29,22,57,49" hai2="39,124,18,76,98,45,88,58,4,134,123,128,120" hai3="41,1,118,64,60,55,53,48,10,104,68,52,71"/><U65/><E122/><V27/><F128/><W132/><G104/><T62/><D107/><U6/><E37/><V59/><F124/><W73/><G73/><T96/><D110/><U97/><E126/><V46/><F4/><W75/><G75/><T85/><D112/><U43/><E74/><V130/><F130/><W79/><G79/><T3/><D3/><U83/><E111/><V15/><F76/><W99/><G99/><T30/><D96/><U5/><E83/><V33/><F39/><W17/><G17/><T108/><D108/><U24/><REACH who="1" step="1"/><E2/><REACH who="1" ten="352,146,197,285" step="2"/><V8/><F123/><W115/><G1/><T106/><D119/><U100/><E100/><V81/><F120/><W70/><G118/><T84/><D77/><U35/><E35/><V38/><F81/><W67/><G115/><T133/><D91/><U12/><E12/><V14/><F14/><W82/><G82/><T114/><D13/><U54/><E54/><V69/><F38/><W31/><G53/><T47/><D114/><U72/><E72/><V103/><F103/><W113/><G113/><T121/><D121/><U66/><E66/><V87/><F88/><W34/><G67/><T116/><D116/><U93/><E93/><V7/><F33/><W90/><G90/><T102/><D102/><U28/><E28/><V135/><F15/><W117/><G117/><T19/><D30/><U125/><E125/><V78/><F78/><W21/><G34/><T94/><D94/><U105/><E105/><V26/><F26/><W109/><G109/><T9/><D106/><U36/><E36/><V25/><F25/><RYUUKYOKU ba="1,2" sc="352,-10,146,30,197,-10,285,-10" hai1="5,6,22,24,29,43,49,57,61,65,89,95,97" /><INIT seed="1,2,2,1,5,73" ten="342,176,187,275" oya="1" hai0="44,51,100,82,11,41,13,127,9,83,17,102,59" hai1="29,65,95,30,103,128,60,46,124,33,12,56,71" hai2="78,112,94,98,48,5,24,130,89,52,55,57,129" hai3="101,3,80,18,106,43,67,105,123,53,45,81,39"/><U134/><E128/><V132/><F112/><W104/><G123/><T40/><D40/><U133/><E124/><V14/><F132/><N who="1" m="50793" /><E33/><V58/><F24/><W37/><G37/><T75/><D75/><U4/><E46/><V7/><F78/><W115/><G115/><T27/><D11/><N who="1" m="4199" /><E71/><V28/><F28/><W90/><G3/><T35/><D127/><U92/><E92/><V16/><F130/><W84/><G104/><T119/><D119/><U77/><E77/><V66/><F66/><W79/><G67/><T70/><D70/><U20/><E20/><N who="2" m="11287" /><F129/><W25/><G105/><T116/><D116/><U110/><E110/><V50/><AGARI ba="2,2" hai="5,7,48,50,52,55,57,58,89,94,98" m="11287" machi="50" ten="30,4000,0" yaku="8,1,54,2" doraHai="73" who="2" fromWho="2" sc="342,-12,176,-22,187,66,275,-12" /><INIT seed="2,0,0,0,1,51" ten="330,154,253,263" oya="2" hai0="125,2,114,74,128,13,61,91,115,78,11,89,121" hai1="59,30,79,133,93,100,25,55,64,14,109,134,63" hai2="70,38,73,58,17,3,56,119,33,102,131,0,117" hai3="132,76,1,52,20,47,9,60,4,97,103,98,50"/><V31/><F70/><W29/><G132/><T127/><D2/><U45/><E109/><V84/><F73/><W69/><G76/><T129/><D121/><U48/><E79/><V72/><F72/><W87/><G87/><T37/><D37/><U49/><E14/><V19/><F38/><W34/><G20/><T112/><D61/><U123/><E123/><V105/><F84/><W32/><G29/><T75/><D75/><U62/><E62/><V53/><F102/><W113/><G113/><T88/><D78/><U18/><E18/><V118/><F105/><W95/><REACH who="3" step="1"/><G98/><REACH who="3" ten="330,154,253,253" step="2"/><T122/><D74/><U12/><E134/><V54/><F31/><W7/><G7/><N who="0" m="3327" /><D122/><U81/><E133/><V135/><F135/><W21/><G21/><T22/><D22/><N who="1" m="15671" /><E81/><V126/><F118/><W92/><G92/><T71/><D71/><U16/><E93/><V106/><F106/><W67/><AGARI ba="0,1" hai="1,4,9,32,34,47,50,52,60,67,69,95,97,103" machi="67" ten="30,8000,1" yaku="1,1,0,1,52,1,54,1,53,1" doraHai="51" doraHaiUra="65" who="3" fromWho="3" sc="330,-20,154,-20,253,-40,253,90" /><INIT seed="3,0,0,5,3,112" ten="310,134,213,343" oya="3" hai0="129,63,115,62,60,25,64,89,38,28,65,95,77" hai1="42,59,21,29,51,18,9,83,130,40,61,132,37" hai2="96,93,133,120,10,74,13,105,87,79,52,48,32" hai3="97,114,123,27,118,85,113,43,80,30,23,44,76"/><W54/><G118/><T119/><D38/><U106/><E106/><V5/><F32/><W8/><G123/><T72/><D129/><U104/><E104/><V50/><F120/><W39/><G97/><T70/><D119/><U14/><E130/><V98/><F133/><W110/><G110/><T117/><D117/><U82/><E132/><V88/><F105/><W73/><G54/><T127/><D127/><U90/><E37/><V58/><F74/><W11/><G11/><T33/><D115/><U101/><E101/><V92/><F79/><W57/><G57/><T16/><D65/><U102/><E102/><V56/><F93/><W81/><G8/><T94/><D94/><U45/><E40/><V121/><F121/><W36/><G36/><T103/><D103/><U0/><E0/><V17/><F5/><W131/><G131/><T55/><D55/><AGARI ba="0,0" hai="10,13,17,48,50,52,55,56,58,87,88,92,96,98" machi="55" ten="40,8000,1" yaku="9,1,8,1,54,2" doraHai="112" who="2" fromWho="0" sc="310,-80,134,0,213,80,343,0" owari="230,-17.0,134,-36.6,293,9.3,343,44.3" /></mjloggm>