<mjloggm ver="2.3"><GO type="225" lobby="0"/><UN n0="%E3%83%96%E3%83%83%E3%83%91%E3%82%AA%E3%83%96%E3%83%81%E3%82%AD%E3%83%B3" n1="%E6%A1%9C%E6%B2%A2%E5%A2%A8" n2="%E5%91%A8%E6%9D%B1" n3="%E9%B7%B9%E5%80%89%E6%9D%8F%E9%88%B4" dan="16,17,17,16" rate="2072.62,2178.64,2227.54,2086.95" sx="M,F,M,F"/><TAIKYOKU oya="0"/><INIT seed="0,0,0,5,4,39" ten="250,250,250,250" oya="0" hai0="82,35,73,87,114,89,52,122,42,115,68,97,8" hai1="13,113,0,64,120,101,50,11,91,121,4,129,20" hai2="43,77,54,130,102,92,28,112,78,10,88,86,74" hai3="98,46,111,48,104,62,123,24,110,106,22,131,85"/><T70/><D122/><U93/><E129/><V49/><F112/><W133/><G131/><T65/><D35/><U79/><E113/><V7/><F130/><W55/><G123/><T59/><D73/><U61/><E101/><V33/><F74/><W40/><G133/><T84/><D70/><U21/><E79/><V57/><F102/><W17/><G85/><T2/><D97/><U5/><E20/><V107/><F107/><W100/><G106/><T60/><D42/><U135/><E135/><V15/><F33/><W14/><G62/><T36/><D36/><U103/><E103/><V47/><REACH who="2" step="1"/><F28/><REACH who="2" ten="250,250,240,250" step="2"/><W53/><REACH who="3" step="1"/><G24/><REACH who="3" ten="250,250,240,240" step="2"/><T96/><D115/><U37/><E121/><V118/><F118/><W99/><G99/><T66/><D114/><U132/><E120/><V127/><F127/><W125/><G125/><T9/><D96/><U26/><E132/><V31/><F31/><W94/><G94/><T27/><D27/><U34/><E93/><V126/><F126/><W108/><AGARI ba="0,2" hai="14,17,22,40,46,48,53,55,98,100,104,108,110,111" machi="108" ten="30,7900,0" yaku="1,1,0,1,14,1,52,1,53,0" doraHai="39" doraHaiUra="124" who="3" fromWho="3" sc="250,-39,250,-20,240,-20,240,99" /><INIT seed="1,0,0,3,3,1" ten="211,230,220,339" oya="1" hai0="82,126,129,107,5,78,48,62,104,109,120,42,26" hai1="56,61,37,72,64,130,30,73,18,22,99,54,68" hai2="17,46,91,40,51,81,12,70,128,88,33,94,124" hai3="32,24,8,20,102,60,45,77,4,16,85,97,66"/><U79/><E130/><V19/><F128/><W103/><G32/><T59/><D129/><U86/><E30/><V133/><F70/><W71/><G45/><T74/><D109/><U10/><E37/><V58/><F133/><W134/><G134/><T69/><D126/><U41/><E41/><V98/><F124/><W111/><G111/><T14/><D120/><U87/><E99/><V115/><F33/><W76/><G85/><T0/><D0/><U35/><E35/><V55/><F115/><W65/><G65/><T6/><D26/><U25/><E10/><V27/><F27/><W67/><G67/><T21/><D21/><U50/><REACH who="1" step="1"/><E79/><REACH who="1" ten="211,220,220,339" step="2"/><V7/><F91/><W135/><G135/><T3/><D42/><U80/><E80/><V43/><F81/><W39/><G39/><T23/><D82/><U52/><E52/><V83/><F83/><W108/><G108/><T47/><D78/><U84/><AGARI ba="0,1" hai="18,22,25,50,54,56,61,64,68,72,73,84,86,87" machi="84" ten="30,3000,0" yaku="1,1,0,1,53,0" doraHai="1" doraHaiUra="116" who="1" fromWho="1" sc="211,-10,220,40,220,-10,339,-10" /><INIT seed="1,1,0,5,5,80" ten="201,260,210,329" oya="1" hai0="127,12,60,116,69,9,129,48,30,78,77,62,5" hai1="28,15,119,134,57,14,105,56,110,23,39,117,101" hai2="18,133,67,52,124,121,99,96,103,118,44,72,74" hai3="73,123,4,71,45,111,81,63,89,51,17,42,95"/><U13/><E39/><V84/><F121/><W97/><G123/><T0/><D116/><U104/><E134/><V91/><F118/><W76/><G111/><T32/><D129/><U65/><E110/><V135/><F67/><W26/><G4/><T68/><D127/><U114/><E114/><V50/><F18/><W11/><G71/><T61/><D48/><U92/><E92/><N who="2" m="58759" /><F99/><W16/><G63/><T86/><D0/><U53/><E65/><V107/><F107/><W24/><G17/><T29/><D32/><U31/><E13/><V130/><F130/><W122/><G122/><T38/><D38/><U128/><E128/><V102/><F102/><W3/><G3/><T120/><D120/><U125/><E101/><V40/><F40/><W49/><G51/><T87/><D69/><U7/><E7/><V115/><F124/><W66/><G66/><T58/><D58/><U90/><E125/><V70/><F70/><W64/><G64/><T88/><D68/><U75/><E75/><V93/><F115/><W25/><G11/><T59/><D59/><U20/><E53/><V10/><F10/><W37/><G37/><T109/><D109/><U108/><E108/><V22/><F22/><W131/><G131/><T43/><D43/><U36/><E36/><V79/><F79/><N who="0" m="30218" /><D88/><AGARI ba="1,0" hai="14,15,20,23,28,31,56,57,88,90,104,105,117,119" machi="88" ten="25,4800,0" yaku="22,2,54,1" doraHai="80" who="1" fromWho="0" sc="201,-51,260,51,210,0,329,0" /><INIT seed="1,2,0,0,2,69" ten="150,311,210,329" oya="1" hai0="79,100,126,8,76,49,73,30,15,91,28,122,58" hai1="1,51,19,83,31,74,88,78,133,52,70,113,41" hai2="42,38,92,102,75,25,40,82,50,94,2,24,68" hai3="119,112,59,48,98,111,118,96,123,32,14,127,110"/><U86/><E113/><V62/><F2/><W132/><G112/><T130/><D126/><U114/><E114/><V108/><F50/><W39/><G123/><T63/><D130/><U5/><E70/><V66/><F108/><N who="3" m="41515" /><G127/><T93/><D122/><U67/><E67/><V117/><F82/><W115/><G115/><T128/><D49/><U26/><E133/><V125/><F102/><W129/><G129/><T23/><D100/><U7/><E41/><V124/><F75/><W72/><G32/><T11/><D11/><U77/><E19/><V53/><F68/><W120/><G120/><T95/><D95/><U81/><E77/><V135/><F66/><W90/><G72/><T64/><D128/><U12/><E12/><V116/><F62/><W87/><G14/><T16/><D73/><U44/><REACH who="1" step="1"/><E1/><REACH who="1" ten="150,301,210,329" step="2"/><V21/><F135/><W109/><G132/><T71/><D71/><U84/><E84/><V55/><F125/><W10/><G109/><T35/><D35/><AGARI ba="2,1" hai="5,7,26,31,35,44,51,52,74,78,81,83,86,88" machi="35" ten="30,12000,1" yaku="1,1,7,1,54,2,53,1" doraHai="69" doraHaiUra="47" who="1" fromWho="0" sc="150,-126,301,136,210,0,329,0" /><INIT seed="1,3,0,3,2,10" ten="24,437,210,329" oya="1" hai0="116,30,95,73,9,13,60,129,39,36,80,37,69" hai1="51,23,31,12,32,22,5,0,120,82,135,61,70" hai2="48,89,77,4,131,55,41,50,54,113,3,63,64" hai3="26,125,127,52,114,87,105,93,14,35,43,79,66"/><U107/><E120/><V1/><F131/><W100/><G114/><T108/><D116/><U110/><E107/><V49/><F41/><W86/><G43/><T76/><D129/><U2/><E51/><V115/><F77/><W133/><G66/><T78/><D108/><U25/><E82/><V97/><F97/><W124/><G133/><T101/><D78/><U130/><E61/><V40/><F89/><W132/><G132/><T85/><D30/><U128/><E70/><V98/><F98/><N who="3" m="59471" /><G79/><T44/><D101/><U27/><E135/><V15/><F40/><W58/><G105/><T33/><D33/><U109/><E32/><V6/><F64/><W7/><G26/><T106/><D106/><U103/><E103/><V104/><F104/><W21/><G35/><T71/><D44/><U53/><E53/><V62/><F50/><N who="3" m="30999" /><G21/><T16/><REACH who="0" step="1"/><D60/><REACH who="0" ten="14,437,210,329" step="2"/><U28/><E130/><V75/><F63/><W122/><G122/><T92/><D92/><U99/><E128/><V46/><F62/><W11/><AGARI ba="3,1" hai="7,11,14,86,87,124,125,127" m="30999,59471" machi="11" ten="40,5200,0" yaku="18,1,52,1,54,1" doraHai="10" who="3" fromWho="3" sc="14,-16,437,-29,210,-16,329,71" owari="-2,-50.2,408,50.8,194,-20.6,400,20.0" /></mjloggm>