<mjloggm ver="2.3"><GO type="225" lobby="0"/><UN n0="%E6%97%A5%E6%9B%9C%E6%97%A5%E3%82%88%E3%82%8A%E3%81%AE%E4%BD%BF%E8%80%85" n1="%E6%A1%9C%E8%8A%B1%E9%96%83%E3%80%85" n2="%E3%82%A2%E3%82%A4%E3%82%B9%E3%83%86%E3%82%A3%E3%83%BC%E3%81%82%E3%81%B9" n3="%E5%91%A8%E6%9D%B1" dan="17,16,16,17" rate="2196.87,2137.11,2069.99,2145.92" sx="M,M,M,M"/><TAIKYOKU oya="0"/><INIT seed="0,0,0,4,3,64" ten="250,250,250,250" oya="0" hai0="131,55,2,67,100,7,61,80,96,36,107,63,70" hai1="110,10,9,35,106,69,92,81,18,73,113,127,129" hai2="85,99,19,79,32,116,1,52,33,105,75,132,119" hai3="82,14,40,86,13,117,53,58,83,77,90,126,109"/><T114/><D114/><U101/><E92/><V60/><F75/><W24/><G109/><T6/><D36/><U122/><E18/><V120/><F120/><W66/><G126/><T56/><D131/><U97/><E9/><V111/><F111/><W49/><G117/><N who="2" m="45129" /><F1/><W93/><G40/><T28/><D2/><U34/><E10/><V112/><F132/><W46/><G24/><T11/><D11/><U44/><E110/><V74/><F74/><W115/><G115/><T89/><REACH who="0" step="1"/><D28/><REACH who="0" ten="240,250,250,250" step="2"/><U20/><E129/><V47/><F112/><W38/><G38/><T121/><D121/><U50/><E122/><V103/><F19/><W43/><G66/><T3/><D3/><U41/><E113/><V104/><F32/><W16/><G16/><T78/><D78/><U76/><E127/><V27/><F33/><W21/><G21/><T71/><D71/><U45/><E69/><V91/><F79/><W108/><G108/><T87/><AGARI ba="0,1" hai="6,7,55,56,61,63,67,70,80,87,89,96,100,107" machi="87" ten="30,11700,0" yaku="1,1,0,1,52,1,53,1" doraHai="64" doraHaiUra="102" who="0" fromWho="0" sc="240,127,250,-39,250,-39,250,-39" /><INIT seed="0,1,0,2,4,95" ten="367,211,211,211" oya="0" hai0="43,15,120,127,91,105,109,135,30,64,37,60,44" hai1="85,62,65,24,8,9,34,50,119,17,38,113,18" hai2="73,32,40,42,111,72,82,117,81,46,112,76,66" hai3="29,12,28,7,2,39,124,63,92,45,83,58,25"/><T33/><D120/><U53/><E38/><V1/><F111/><W16/><G124/><T78/><D127/><U69/><E119/><V93/><F112/><W97/><G83/><T10/><D105/><U94/><E113/><V79/><F117/><W99/><G39/><T108/><D78/><U98/><E85/><V74/><F74/><W116/><G116/><T6/><D135/><U56/><E18/><V52/><F32/><W55/><G45/><T47/><D47/><U88/><REACH who="1" step="1"/><E17/><REACH who="1" ten="367,201,211,211" step="2"/><V22/><F1/><W129/><G129/><T115/><D115/><U48/><E48/><V57/><F22/><N who="3" m="13511" /><G2/><T133/><D133/><U114/><E114/><V19/><F19/><W61/><G61/><T67/><D60/><U54/><E54/><V77/><F79/><W87/><G87/><T106/><D108/><U5/><E5/><V89/><F66/><W11/><G97/><T68/><D109/><U35/><E35/><V3/><F3/><W80/><G80/><T103/><D67/><U70/><E70/><V41/><F46/><W36/><G36/><T26/><D64/><U100/><E100/><AGARI ba="1,1" hai="7,11,12,28,29,55,58,63,92,99,100" m="13511" machi="100" ten="30,3900,0" yaku="8,1,52,1,54,1" doraHai="95" who="3" fromWho="1" sc="367,0,201,-42,211,0,211,52" /><INIT seed="1,0,0,5,0,108" ten="367,159,211,263" oya="1" hai0="1,131,55,8,109,128,133,101,51,38,13,71,26" hai1="79,130,24,81,5,57,118,9,44,134,39,97,69" hai2="27,73,76,70,48,77,86,15,60,10,83,102,94" hai3="61,37,125,89,123,93,33,107,85,120,88,114,124"/><U103/><E118/><V115/><F27/><W68/><G37/><T20/><D38/><U16/><E69/><V80/><F48/><W113/><G33/><T0/><D71/><U82/><E134/><V18/><F102/><W12/><G12/><T40/><D40/><U34/><E130/><N who="0" m="49705" /><D101/><U32/><E57/><V66/><REACH who="2" step="1"/><F94/><REACH who="2" ten="367,159,201,263" step="2"/><N who="3" m="54543" /><G107/><T23/><D133/><U64/><E32/><V87/><F87/><N who="3" m="52415" /><G61/><T112/><D51/><U36/><E34/><V45/><F45/><W126/><G68/><T75/><D26/><U41/><E39/><V17/><F17/><W30/><G30/><T56/><D75/><U74/><E16/><V98/><F98/><W132/><G132/><T47/><D47/><U127/><E24/><V90/><F90/><W52/><G52/><T43/><D55/><U11/><E97/><V63/><F63/><W3/><G3/><T31/><D1/><U121/><E103/><V28/><F28/><W78/><G78/><T14/><D0/><U104/><E104/><V116/><F116/><W50/><G50/><T42/><D31/><U119/><E119/><V91/><F91/><W6/><G6/><T135/><D135/><U92/><E5/><V111/><F111/><W35/><G35/><T53/><D109/><U110/><E110/><V122/><F122/><AGARI ba="0,1" hai="113,114,120,122,123,124,125,126" m="52415,54543" machi="122" ten="40,12000,2" yaku="18,1,34,2,52,2,54,1" doraHai="108" who="3" fromWho="2" sc="367,0,159,0,201,-120,263,130" /><INIT seed="2,0,0,3,5,28" ten="367,159,81,393" oya="2" hai0="53,135,32,35,86,33,107,114,48,71,81,85,15" hai1="108,118,3,27,96,60,43,38,55,50,11,124,70" hai2="45,123,126,129,41,119,44,92,84,23,24,111,64" hai3="26,91,67,69,93,97,127,56,29,40,18,121,62"/><V117/><F123/><W102/><G127/><T132/><D114/><U31/><E118/><V49/><F126/><W13/><G121/><T95/><D71/><U7/><E124/><V59/><F129/><W113/><G40/><T61/><D107/><U109/><E96/><V20/><F111/><N who="1" m="42569" /><E38/><V134/><F134/><N who="0" m="51242" /><D61/><U106/><E106/><V104/><F104/><W79/><G79/><N who="0" m="46271" /><D15/><U98/><E98/><V47/><F117/><W5/><G113/><T130/><D130/><U22/><E43/><V19/><F119/><W120/><G120/><T66/><D66/><N who="1" m="41287" /><E55/><V14/><F92/><W125/><G125/><T101/><D101/><U8/><E8/><V80/><F59/><W110/><G110/><T128/><D128/><U87/><E87/><V100/><F64/><W39/><G69/><T78/><D95/><U10/><E10/><V112/><F100/><W37/><G102/><T16/><D86/><U89/><E50/><V54/><F41/><W94/><G94/><T99/><D99/><U72/><E89/><N who="2" m="51335" /><F112/><W36/><G36/><T6/><D78/><U30/><E72/><V65/><F65/><W122/><G122/><T51/><D53/><U82/><E82/><V88/><F88/><W57/><G39/><T46/><D46/><U12/><E3/><V58/><F47/><W133/><G37/><T2/><D16/><AGARI ba="0,0" hai="7,11,12,16,22,27,30,31" m="41287,42569" machi="16" ten="30,2000,0" yaku="14,1,54,1" doraHai="28" who="1" fromWho="0" sc="367,-20,159,20,81,0,393,0" /><AGARI ba="0,0" hai="14,16,19,20,23,24,44,45,49,54,58" m="51335" machi="16" ten="30,2900,0" yaku="8,1,54,1" doraHai="28" who="2" fromWho="0" sc="347,-29,179,0,81,29,393,0" /><INIT seed="2,1,0,2,4,31" ten="318,179,110,393" oya="2" hai0="20,11,89,102,111,5,123,82,130,33,88,78,103" hai1="132,104,63,128,67,27,85,114,48,133,57,115,127" hai2="8,74,71,16,41,21,2,94,4,125,92,40,126" hai3="121,25,35,58,7,32,107,83,18,77,43,51,131"/><V91/><F74/><W19/><G121/><T100/><D123/><U54/><E104/><V68/><F41/><W75/><G107/><T95/><D33/><U42/><E27/><V24/><F40/><W28/><G131/><T66/><D130/><U15/><E128/><V3/><F2/><W13/><G35/><T99/><D66/><U81/><E15/><V39/><F39/><W73/><G73/><T17/><D111/><U106/><E106/><V80/><F80/><W90/><G90/><T79/><D11/><U86/><E127/><V30/><F30/><W120/><G120/><T50/><D50/><U0/><E0/><V55/><F55/><W112/><G112/><N who="1" m="43050" /><E81/><V52/><F52/><W134/><G134/><N who="1" m="51818" /><E42/><V119/><F119/><W105/><G105/><T38/><D5/><U49/><E49/><V117/><F117/><W108/><G43/><T98/><D38/><U64/><E64/><V135/><F135/><W62/><G51/><T22/><D22/><U109/><E109/><V118/><F118/><W6/><G108/><T53/><D53/><U46/><AGARI ba="1,0" hai="46,48,54,57,63,67,85,86" m="51818,43050" machi="46" ten="30,1100,0" yaku="20,1" doraHai="31" who="1" fromWho="1" sc="318,-4,179,14,110,-6,393,-4" /><INIT seed="3,0,0,4,2,87" ten="314,193,104,389" oya="3" hai0="1,71,38,90,47,125,128,115,13,49,74,45,82" hai1="88,30,53,42,66,5,133,41,135,84,3,134,54" hai2="24,75,11,17,48,79,108,44,96,31,32,99,8" hai3="29,15,4,78,97,95,40,67,68,35,57,127,72"/><W124/><G40/><N who="1" m="15466" /><E66/><V132/><F108/><W114/><G114/><T101/><D1/><U23/><E5/><V27/><F132/><W20/><G68/><T16/><D71/><U59/><E3/><V113/><F113/><W109/><G78/><T37/><D115/><U105/><E105/><V107/><F79/><W50/><G72/><T117/><D117/><U103/><E103/><V129/><F75/><W119/><G35/><T100/><D125/><U130/><E130/><V110/><F110/><W62/><G4/><T65/><D65/><U120/><E120/><V36/><F36/><W69/><G119/><T116/><D116/><U118/><E118/><V55/><F129/><W18/><G109/><T33/><D33/><U131/><E131/><V121/><F121/><W86/><G69/><T83/><D128/><U93/><E59/><V2/><F107/><W10/><G57/><T0/><D0/><U126/><E126/><V51/><F2/><W123/><G67/><T43/><D74/><U111/><E111/><V98/><F27/><AGARI ba="0,0" hai="23,27,30,53,54,84,88,93,133,134,135" m="15466" machi="27" ten="40,5200,0" yaku="20,1,52,1,54,1" doraHai="87" who="1" fromWho="2" sc="314,0,193,52,104,-52,389,0" owari="314,11.4,245,-15.5,52,-44.8,389,48.9" /></mjloggm>