<mjloggm ver="2.3"><GO type="225" lobby="0"/><UN n0="%E5%B6%BA%E4%B8%8A%E5%92%B2" n1="%E5%91%A8%E6%9D%B1" n2="%E6%A1%9C%E8%8A%B1%E9%96%83%E3%80%85" n3="%E7%99%BD%E5%80%89%E5%AF%9B%E4%B9%8B" dan="16,17,16,16" rate="2122.25,2203.65,2180.13,2074.47" sx="F,M,M,M"/><TAIKYOKU oya="0"/><INIT seed="0,0,0,3,1,33" ten="250,250,250,250" oya="0" hai0="105,110,132,94,35,5,71,12,70,133,34,82,101" hai1="130,22,38,36,119,84,121,13,61,120,109,72,10" hai2="42,24,45,19,91,97,113,64,69,125,52,39,127" hai3="14,28,85,32,56,78,100,92,93,126,60,75,51"/><T103/><D82/><U6/><E72/><V3/><F19/><W20/><G126/><N who="2" m="48137" /><F24/><N who="3" m="16391" /><G32/><N who="0" m="12331" /><D94/><U108/><E119/><V48/><F91/><W96/><G75/><T55/><D55/><U104/><E104/><V29/><F29/><W59/><G51/><T27/><D27/><U135/><E84/><V17/><F17/><W73/><G73/><T62/><D110/><N who="1" m="42603" /><E135/><N who="0" m="51785" /><D62/><U21/><E61/><N who="2" m="40079" /><F97/><N who="3" m="59431" /><G60/><T118/><D118/><U47/><E130/><V95/><F95/><W114/><G114/><T106/><D5/><U86/><E86/><V128/><F128/><W117/><G117/><T77/><D77/><U83/><E83/><V66/><F113/><W107/><G107/><N who="0" m="40971" /><D12/><U111/><E111/><V116/><F116/><W76/><G14/><T37/><D37/><U68/><E38/><V79/><F79/><N who="3" m="30251" /><G85/><T112/><D112/><U46/><E36/><V43/><F66/><W0/><G93/><T102/><AGARI ba="0,0" hai="70,71,101,102,103" m="40971,51785,12331" machi="102" ten="40,7800,0" yaku="28,2,20,1" doraHai="33" who="0" fromWho="0" sc="250,78,250,-26,250,-26,250,-26" /><INIT seed="0,1,0,5,3,86" ten="328,224,224,224" oya="0" hai0="20,90,39,46,40,74,110,66,124,42,24,53,123" hai1="32,131,69,102,98,114,68,62,103,95,28,47,63" hai2="54,17,101,89,97,118,14,130,87,112,113,92,64" hai3="38,107,35,109,22,116,108,94,26,30,120,15,45"/><T58/><D123/><U50/><E131/><V4/><F130/><W44/><G107/><T134/><D134/><U111/><E111/><N who="3" m="42570" /><G38/><T2/><D2/><U122/><E122/><V121/><F121/><W96/><G120/><T1/><D74/><U65/><E114/><V85/><F118/><W3/><G3/><T5/><D124/><U59/><E103/><V61/><F4/><W75/><G75/><T70/><D110/><U133/><E133/><V51/><F85/><W21/><G116/><T34/><D42/><U82/><E82/><V27/><F27/><N who="3" m="18911" /><G15/><T93/><D34/><U57/><E32/><V36/><F36/><W9/><G9/><T60/><D5/><U71/><E28/><V19/><F61/><W99/><G99/><T7/><D7/><U16/><E16/><V23/><F64/><W25/><G25/><T77/><D1/><U52/><REACH who="1" step="1"/><E71/><REACH who="1" ten="328,214,224,224" step="2"/><V76/><F17/><N who="3" m="12591" /><G22/><T81/><D24/><U126/><E126/><V73/><F73/><W88/><AGARI ba="1,1" hai="44,45,88,94,96" m="12591,18911,42570" machi="88" ten="30,4000,0" yaku="14,1,52,1,54,1" doraHai="86" who="3" fromWho="3" sc="328,-21,214,-11,224,-11,224,53" /><INIT seed="1,0,0,1,1,47" ten="307,203,213,277" oya="1" hai0="14,72,84,120,35,50,15,88,91,53,2,124,24" hai1="121,43,126,38,19,127,49,129,135,57,25,64,42" hai2="23,134,95,112,1,40,58,32,54,96,118,117,103" hai3="92,76,44,90,85,68,13,73,74,8,10,36,56"/><U55/><E25/><V34/><F1/><W101/><G68/><T30/><D72/><U48/><E19/><V105/><F134/><W99/><G76/><T45/><D2/><U63/><E121/><V6/><F6/><W28/><G28/><T123/><D124/><N who="1" m="47659" /><E135/><V17/><F105/><W77/><G77/><T71/><D71/><N who="1" m="42399" /><E129/><V119/><F112/><W89/><G89/><N who="0" m="34379" /><D84/><U113/><E113/><V93/><F93/><W33/><G33/><T51/><D51/><N who="1" m="30975" /><E38/><V5/><F34/><W20/><G20/><T111/><D111/><U81/><E81/><V3/><F32/><W52/><G10/><T100/><D100/><U133/><E133/><V61/><F118/><W114/><G114/><T0/><D0/><U115/><E115/><V69/><F119/><W16/><G36/><T21/><D35/><U87/><E87/><V82/><F82/><N who="3" m="49463" /><G56/><T22/><D22/><U98/><E98/><V60/><F117/><W18/><G18/><T75/><D75/><U130/><E130/><V107/><F69/><W110/><G110/><T27/><D27/><U70/><E70/><V116/><F116/><W131/><G131/><T79/><D79/><U109/><E109/><V83/><F83/><W11/><G11/><T106/><D123/><U59/><E59/><V97/><F17/><W132/><G132/><T31/><D120/><U26/><E26/><V125/><F125/><W128/><G128/><T80/><D80/><U37/><E37/><V41/><F23/><W4/><G4/><T39/><D39/><U104/><E104/><V12/><F5/><W86/><G86/><RYUUKYOKU ba="0,0" sc="307,-15,203,15,213,-15,277,15" hai1="42,43,48,49" hai3="8,13,16,44,52,73,74,92,99,101" /><INIT seed="1,1,0,2,2,96" ten="292,218,198,292" oya="1" hai0="2,30,112,89,16,49,97,130,45,11,24,36,122" hai1="67,44,87,101,115,14,132,17,48,42,111,21,126" hai2="125,71,107,26,46,58,56,41,28,0,31,27,54" hai3="66,40,102,113,85,91,9,98,127,61,128,129,84"/><U53/><E126/><V95/><F107/><W25/><G127/><T75/><D112/><U39/><E132/><V104/><F104/><W74/><G74/><T86/><D75/><U59/><E115/><V70/><F0/><W8/><G40/><T65/><D36/><U35/><E111/><V124/><F54/><W62/><G25/><T20/><D130/><N who="3" m="50281" /><G113/><T10/><D122/><U51/><E35/><V100/><F95/><N who="3" m="58719" /><G62/><T22/><D2/><U55/><E67/><V64/><F64/><W90/><G85/><T83/><D65/><U76/><E101/><V80/><F100/><W5/><G84/><T109/><D97/><U13/><E87/><V68/><F68/><N who="3" m="42063" /><G9/><T32/><D32/><U15/><REACH who="1" step="1"/><E76/><REACH who="1" ten="292,208,198,292" step="2"/><V116/><F125/><W134/><G134/><T117/><D109/><U33/><E33/><V18/><F124/><W50/><G50/><T106/><D117/><U78/><E78/><V12/><F71/><W72/><G72/><T92/><D83/><U133/><E133/><V99/><F70/><W103/><G103/><T114/><D114/><U29/><E29/><V119/><F80/><W105/><G105/><T81/><D81/><U37/><E37/><V52/><F28/><W1/><AGARI ba="1,1" hai="1,5,8,90,91" m="42063,58719,50281" machi="1" ten="30,2000,0" yaku="19,1,52,1" doraHai="96" who="3" fromWho="3" sc="292,-6,208,-11,198,-6,292,33" /><INIT seed="2,0,0,2,1,78" ten="286,197,192,325" oya="2" hai0="34,3,107,95,98,70,24,73,127,17,61,112,117" hai1="114,64,77,43,134,99,8,48,85,16,130,21,97" hai2="5,57,80,76,120,129,36,88,109,30,1,131,44" hai3="132,125,92,11,110,13,20,33,19,118,58,91,106"/><V72/><F120/><W62/><G33/><T89/><D112/><U79/><E114/><V59/><F30/><W41/><G106/><T66/><D3/><U105/><E130/><N who="2" m="49675" /><F109/><W122/><G110/><T103/><D127/><U135/><E64/><V25/><F25/><W39/><G125/><T45/><D73/><U10/><E105/><V0/><F5/><W60/><G122/><T32/><D117/><U42/><E48/><V100/><F100/><W12/><G118/><T83/><D45/><U51/><E51/><V96/><F57/><W31/><G132/><T123/><D123/><U121/><E121/><V9/><F9/><W7/><G39/><T53/><D53/><U84/><E21/><V94/><F59/><W113/><G113/><T82/><D32/><U69/><E69/><V23/><F23/><W90/><G41/><AGARI ba="0,0" hai="0,1,36,41,44,72,76,80,88,94,96" m="49675" machi="41" ten="30,5800,0" yaku="19,1,52,1,54,1" doraHai="78" who="2" fromWho="3" sc="286,0,197,0,192,58,325,-58" /><INIT seed="2,1,0,1,1,1" ten="286,197,250,267" oya="2" hai0="100,64,116,96,73,37,127,60,6,62,39,88,41" hai1="93,80,84,121,76,54,68,33,58,9,77,36,120" hai2="110,109,59,53,74,18,132,56,117,51,82,101,47" hai3="43,14,94,42,104,63,79,123,128,97,129,26,87"/><V95/><F117/><W122/><G104/><T52/><D73/><U83/><E68/><V86/><F132/><W25/><G63/><T78/><D127/><U46/><E33/><V103/><F74/><W75/><G75/><T17/><D78/><U126/><E126/><V115/><F115/><W131/><G14/><T31/><D31/><U3/><E93/><V4/><F18/><W108/><G108/><N who="2" m="41577" /><F4/><W111/><G111/><T49/><D6/><U29/><E29/><V67/><F67/><W135/><G135/><T107/><D116/><U45/><E121/><N who="3" m="46090" /><G87/><T112/><D112/><U30/><E120/><V114/><F114/><W24/><G79/><T13/><D41/><N who="3" m="15369" /><G94/><T7/><D39/><U66/><E36/><V105/><F95/><W8/><G8/><N who="0" m="4255" /><D37/><U16/><E66/><V12/><F12/><W134/><G134/><T81/><D107/><U99/><E30/><V0/><F0/><W15/><G15/><T71/><D71/><U118/><E3/><V11/><F11/><W34/><G97/><T91/><D64/><U44/><E99/><N who="2" m="61631" /><F103/><W19/><G19/><T48/><D100/><U90/><E118/><V70/><F70/><W72/><G72/><T119/><D119/><U106/><E106/><V89/><AGARI ba="1,0" hai="47,51,53,56,59,82,86,89" m="61631,41577" machi="89" ten="30,3000,0" yaku="14,1,10,1" doraHai="1" who="2" fromWho="2" sc="286,-11,197,-11,250,33,267,-11" /><INIT seed="2,2,0,1,1,89" ten="275,186,283,256" oya="2" hai0="97,127,17,120,5,128,92,27,65,30,118,0,73" hai1="67,99,129,70,81,101,35,115,58,116,7,40,77" hai2="13,24,4,8,74,14,20,57,42,39,98,100,72" hai3="32,36,135,66,41,80,54,9,60,76,25,93,51"/><V52/><F14/><W12/><G135/><T69/><D120/><U11/><E129/><V131/><F131/><W59/><G32/><T48/><D127/><U119/><E115/><V110/><F110/><W43/><G25/><T49/><D73/><U133/><E133/><V37/><F42/><W46/><G93/><T82/><D82/><U38/><E35/><V53/><F53/><W113/><G113/><T114/><D114/><U22/><E22/><V134/><F72/><W23/><G23/><T15/><D128/><U3/><E58/><V31/><F74/><W95/><G95/><T102/><D118/><U96/><E96/><V84/><F84/><N who="3" m="48135" /><G36/><T106/><D5/><AGARI ba="2,0" hai="5,9,12,41,43,46,51,54,59,60,66" m="48135" machi="5" ten="30,1000,0" yaku="8,1" doraHai="89" who="3" fromWho="0" sc="275,-16,186,0,283,0,256,16" /><INIT seed="3,0,0,3,5,33" ten="259,186,283,272" oya="3" hai0="52,39,76,60,17,45,51,6,40,22,8,42,120" hai1="31,29,99,12,100,91,124,83,122,44,89,119,75" hai2="38,85,4,19,117,1,30,26,116,71,23,108,102" hai3="98,101,16,96,35,87,132,133,134,86,34,111,95"/><W115/><G115/><T3/><D120/><U94/><E122/><V107/><F71/><W37/><G37/><T0/><D76/><U123/><E123/><V118/><F38/><W63/><G111/><T84/><D84/><N who="3" m="32297" /><G63/><T57/><D40/><U2/><E119/><V67/><F67/><W105/><G16/><T24/><D39/><U88/><E124/><V46/><F46/><W74/><G74/><T125/><D125/><U81/><E2/><AGARI ba="0,0" hai="0,2,3,6,8,17,22,24,42,45,51,52,57,60" machi="2" ten="30,8000,1" yaku="7,1,52,3,54,1" doraHai="33" who="0" fromWho="1" sc="259,80,186,-80,283,0,272,0" owari="339,43.9,106,-39.4,283,8.3,272,-12.8" /></mjloggm>