<mjloggm ver="2.3"><GO type="225" lobby="0"/><UN n0="%4C%4F%4C%49%54%41" n1="%E5%91%A8%E6%9D%B1" n2="%72%61%6B%33" n3="%E4%B8%96%E7%95%8C%E3%81%AE%E4%BA%80%E4%BA%95" dan="16,16,16,17" rate="2098.14,2186.31,2090.10,2159.05" sx="F,M,M,M"/><TAIKYOKU oya="0"/><INIT seed="0,0,0,3,0,24" ten="250,250,250,250" oya="0" hai0="2,86,100,35,32,113,81,92,131,41,49,126,73" hai1="80,50,122,109,33,58,16,56,15,65,29,93,6" hai2="64,27,94,28,36,128,108,37,7,106,97,38,130" hai3="77,60,129,34,107,3,75,98,52,101,23,13,21"/><T67/><D113/><U44/><E122/><V76/><F108/><W134/><G134/><T88/><D2/><U53/><E109/><V4/><F106/><W61/><G34/><T114/><D114/><U83/><E6/><V19/><F19/><W119/><G119/><T48/><D126/><U133/><E133/><V82/><F64/><W31/><G3/><T78/><D131/><N who="2" m="50218" /><F94/><W66/><G129/><T116/><D116/><U57/><E65/><V69/><F97/><W17/><G75/><T9/><D9/><U51/><E51/><V125/><F69/><W99/><G77/><T121/><D121/><U127/><E127/><V40/><F40/><W72/><G99/><T42/><D67/><U71/><E71/><V90/><F90/><W10/><G72/><T112/><D112/><U132/><E132/><V95/><F95/><W124/><G124/><T22/><D100/><U96/><E93/><V43/><F43/><W74/><G74/><T110/><D110/><U135/><E96/><V68/><F68/><W39/><G39/><T87/><D73/><U47/><E47/><V102/><F102/><W5/><G98/><T104/><D42/><U0/><E0/><V46/><F46/><W26/><G101/><T120/><D120/><U103/><E103/><V54/><F54/><W25/><G107/><T117/><D104/><U20/><REACH who="1" step="1"/><E135/><REACH who="1" ten="250,240,250,250" step="2"/><V62/><F125/><W18/><G66/><T8/><D117/><U55/><E55/><V105/><F105/><W45/><G5/><N who="2" m="2121" /><F62/><N who="3" m="24171" /><G45/><T85/><D92/><U79/><E79/><V118/><F118/><W111/><G111/><RYUUKYOKU ba="0,1" sc="250,-15,240,15,250,-15,250,15" hai1="15,16,20,29,33,44,50,53,56,57,58,80,83" hai3="10,13,17,18,21,23,25,26,31,52" /><INIT seed="1,1,1,4,5,86" ten="235,255,235,265" oya="1" hai0="17,55,125,129,57,46,103,40,99,9,96,95,30" hai1="24,76,36,12,75,66,56,115,62,114,88,35,82" hai2="106,21,49,117,6,37,51,84,83,69,33,10,3" hai3="31,42,74,60,93,61,2,111,68,80,107,25,127"/><U124/><E36/><V79/><F117/><W23/><G111/><T118/><D118/><U98/><E124/><V48/><F33/><W22/><G107/><T73/><D73/><U135/><E135/><V67/><F37/><W108/><G108/><T101/><D129/><U64/><E64/><V4/><F4/><W77/><G127/><T113/><D113/><U53/><E12/><V38/><F38/><W28/><G2/><T52/><D30/><U54/><E35/><V58/><F106/><W123/><G42/><T59/><D125/><U97/><E24/><V26/><F69/><W105/><G105/><T44/><D17/><U70/><E98/><V91/><F67/><W134/><G123/><T132/><D9/><U1/><E1/><V39/><F39/><W27/><G134/><T14/><D14/><U122/><E122/><V13/><F3/><W41/><G41/><T5/><D5/><U32/><E32/><V116/><F116/><W89/><G68/><T121/><D40/><U43/><E43/><V50/><F50/><W109/><G109/><T0/><D0/><U47/><E47/><V128/><F128/><W18/><G18/><T130/><D130/><U45/><E45/><V87/><F58/><W92/><G92/><N who="0" m="58503" /><D132/><U81/><E53/><N who="0" m="20553" /><D121/><U90/><E70/><V110/><F110/><W94/><G94/><T19/><D19/><U63/><E114/><V120/><F120/><W85/><AGARI ba="1,1" hai="22,23,25,27,28,31,60,61,74,77,80,85,89,93" machi="85" ten="20,5200,0" yaku="0,1,7,1,9,1,52,1" doraHai="86" who="3" fromWho="3" sc="235,-14,255,-27,235,-14,265,65" /><INIT seed="2,0,0,0,1,85" ten="221,228,221,330" oya="2" hai0="22,30,56,95,106,26,69,29,81,16,96,64,28" hai1="52,11,126,1,118,129,7,34,58,46,9,36,91" hai2="8,132,44,117,39,87,23,27,105,66,116,32,122" hai3="101,114,115,74,98,68,65,12,55,48,18,33,93"/><V19/><F105/><W13/><G74/><T84/><D69/><U47/><E118/><V77/><F66/><W128/><G128/><T62/><D106/><U79/><E129/><V110/><F122/><W71/><G33/><T51/><D51/><U25/><E126/><V63/><F63/><W54/><G54/><T41/><D41/><U94/><E79/><V6/><F132/><W61/><G71/><T109/><D109/><U83/><E83/><V49/><F39/><W131/><G131/><T70/><D70/><U10/><E36/><V76/><F32/><W5/><G5/><T80/><REACH who="0" step="1"/><D84/><REACH who="0" ten="211,228,221,330" step="2"/><N who="1" m="52583" /><E1/><V124/><F110/><W123/><G123/><T57/><D57/><U17/><E47/><V50/><F50/><W90/><G68/><T15/><D15/><U78/><E46/><V111/><F111/><W88/><G12/><T35/><D35/><U60/><E34/><V119/><F124/><W113/><G48/><T120/><D120/><U43/><E43/><V89/><F49/><W102/><G113/><T121/><D121/><U42/><E42/><V59/><F59/><W112/><G112/><T107/><D107/><U73/><E58/><V24/><F44/><W40/><G40/><T75/><D75/><U31/><E73/><V0/><REACH who="2" step="1"/><F27/><REACH who="2" ten="211,228,211,330" step="2"/><W133/><G114/><T4/><D4/><U104/><E7/><V103/><F103/><AGARI ba="0,2" hai="16,22,26,28,29,30,56,62,64,80,81,95,96,103" machi="103" ten="40,8000,1" yaku="1,1,8,1,54,1,53,1" doraHai="85" doraHaiUra="20" who="0" fromWho="2" sc="211,100,228,0,211,-80,330,0" /><INIT seed="3,0,0,0,2,42" ten="311,228,131,330" oya="3" hai0="58,105,74,2,67,99,84,117,68,23,72,129,55" hai1="79,11,127,57,82,88,90,41,32,78,16,86,49" hai2="83,73,31,100,113,37,115,112,53,130,125,95,135" hai3="89,116,71,40,15,132,6,81,43,96,45,24,65"/><W121/><G116/><T4/><D117/><U69/><E127/><V26/><F37/><W77/><G121/><T35/><D35/><U97/><E69/><V133/><F53/><W120/><G120/><T80/><D129/><U22/><E32/><V51/><F51/><N who="3" m="27047" /><G71/><T134/><D134/><U124/><E11/><V119/><F119/><W48/><G65/><T61/><D4/><U126/><E124/><V114/><N who="2" m="28672" /><DORA hai="87" /><V109/><F125/><W128/><G128/><T76/><D2/><U92/><E126/><V56/><F130/><W64/><G64/><T29/><D29/><U33/><E33/><V44/><F109/><W110/><G132/><N who="2" m="50761" /><F56/><W118/><G48/><T63/><D23/><U98/><E98/><N who="2" m="59487" /><F83/><W10/><G81/><T123/><D123/><U102/><E57/><V18/><F73/><W70/><G43/><T38/><D38/><U46/><E78/><V93/><F18/><W28/><G77/><T101/><D76/><U59/><E59/><V3/><F3/><W52/><G70/><T20/><D20/><U108/><E108/><V30/><F26/><AGARI ba="0,0" hai="16,22,26,41,46,49,79,82,86,88,90,92,97,102" machi="26" ten="30,12000,2" yaku="7,1,8,1,52,3,54,2" doraHai="42,87" who="1" fromWho="2" sc="311,0,228,120,131,-120,330,0" owari="311,-8.9,348,44.8,11,-48.9,330,13.0" /></mjloggm>