<mjloggm ver="2.3"><GO type="225" lobby="0"/><UN n0="%43%68%65" n1="%E6%98%93%E5%88%A9%E8%96%A9%E4%BC%AF" n2="%73%61%6B%6F%EF%BC%A0%E6%9C%80" n3="%E3%81%90%E3%81%A1%E3%82%84%E3%81%BE" dan="16,17,17,16" rate="2096.58,2189.50,2190.58,2098.51" sx="M,F,M,M"/><TAIKYOKU oya="0"/><INIT seed="0,0,0,3,3,84" ten="250,250,250,250" oya="0" hai0="15,64,76,94,50,103,9,113,49,2,98,126,129" hai1="87,20,73,57,78,99,108,53,107,92,26,79,54" hai2="80,102,36,44,134,10,109,105,101,42,14,70,135" hai3="59,5,104,127,4,123,46,30,58,21,52,120,121"/><T111/><D113/><U45/><E73/><V12/><F70/><W100/><G127/><T83/><D126/><U35/><E35/><V66/><F66/><W40/><G100/><T34/><D2/><U25/><E107/><V65/><F109/><W81/><G104/><T62/><D34/><U110/><E45/><V75/><F65/><W29/><G81/><T115/><D115/><U8/><E8/><V7/><F14/><W43/><G46/><T91/><D129/><U74/><E74/><V56/><F56/><N who="3" m="21547" /><G52/><T32/><D32/><U82/><E79/><N who="2" m="44159" /><F105/><W96/><G96/><T86/><D111/><N who="1" m="42539" /><E20/><V38/><F36/><W128/><G21/><T60/><D103/><N who="1" m="60903" /><E54/><V6/><F102/><W69/><G69/><T95/><D95/><U47/><E47/><V77/><F101/><W68/><G68/><T88/><D76/><U1/><E1/><V122/><F77/><W22/><G22/><T55/><D64/><U90/><E78/><V61/><F61/><AGARI ba="0,0" hai="25,26,53,57,61,82,87,90" m="60903,42539" machi="61" ten="30,2000,0" yaku="14,1,52,1" doraHai="84" who="1" fromWho="2" sc="250,0,250,20,250,-20,250,0" /><INIT seed="1,0,0,0,4,118" ten="250,270,230,250" oya="1" hai0="131,62,90,126,128,111,117,83,76,44,9,10,69" hai1="56,97,40,92,59,43,122,54,38,64,35,112,78" hai2="61,91,41,103,100,32,58,16,133,104,60,28,105" hai3="29,121,15,49,8,67,22,66,108,71,129,34,3"/><U20/><E112/><V52/><F133/><W45/><G121/><T31/><D117/><U99/><E35/><V51/><F28/><W4/><G108/><T37/><D111/><U21/><E78/><V79/><F32/><W65/><G129/><N who="0" m="49739" /><D90/><U26/><E21/><V120/><F120/><W63/><G34/><T33/><D126/><U14/><E14/><V39/><F79/><W81/><G81/><T101/><D101/><N who="2" m="38986" /><F39/><W27/><REACH who="3" step="1"/><G3/><REACH who="3" ten="250,270,230,240" step="2"/><T36/><D33/><U42/><E122/><V23/><F104/><W11/><G11/><T116/><D116/><U107/><E107/><V72/><F105/><W6/><G6/><T5/><D10/><U2/><E2/><V114/><F114/><W85/><G85/><T96/><D9/><U124/><E92/><V109/><F72/><W130/><G130/><T106/><D5/><U86/><E86/><V84/><F109/><W17/><G17/><T12/><D106/><U46/><E124/><V127/><F127/><W30/><G30/><T19/><D31/><U73/><E73/><V89/><F84/><W47/><G47/><T82/><D44/><U93/><E93/><V53/><F16/><W74/><G74/><N who="0" m="43287" /><D83/><U123/><E123/><V70/><F23/><W110/><G110/><T119/><D119/><U24/><E20/><V7/><F7/><W125/><G125/><T50/><D96/><U98/><E46/><N who="2" m="26063" /><F70/><W0/><G0/><T135/><D69/><U80/><E80/><V94/><F94/><W18/><G18/><T102/><D19/><U115/><E115/><V25/><F25/><N who="1" m="9833" /><E99/><V48/><F48/><RYUUKYOKU ba="0,1" sc="250,-15,270,-15,230,15,240,15" hai2="52,53,58,60,61,89,91" hai3="4,8,15,22,27,29,45,49,63,65,66,67,71" /><INIT seed="2,1,1,0,0,82" ten="235,255,245,255" oya="2" hai0="81,14,61,109,124,64,37,58,28,10,113,35,17" hai1="0,130,39,127,114,63,123,104,6,99,5,75,44" hai2="135,86,29,65,111,105,52,18,36,26,68,87,40" hai3="55,103,34,97,72,116,1,7,115,85,49,133,106"/><V60/><F135/><W80/><G116/><T42/><D113/><U71/><RYUUKYOKU type="yao9" ba="1,1" sc="235,0,255,0,245,0,255,0" hai1="0,5,6,39,44,63,71,75,99,104,114,123,127,130" /><INIT seed="2,2,1,1,2,78" ten="235,255,245,255" oya="2" hai0="88,79,1,47,57,22,56,104,34,14,131,127,15" hai1="6,85,32,122,84,60,61,77,66,94,53,101,124" hai2="46,51,100,21,129,26,43,114,63,86,5,106,7" hai3="80,36,113,112,96,25,97,90,111,89,83,133,58"/><V93/><F114/><N who="3" m="44139" /><G36/><T92/><D34/><U87/><E32/><V54/><F129/><W103/><G111/><T33/><D33/><U69/><E124/><V2/><F2/><W110/><G110/><T128/><D104/><U68/><E122/><V135/><F135/><W29/><G133/><T132/><D132/><U121/><E121/><V38/><F106/><N who="3" m="63847" /><G58/><T75/><D1/><U118/><E6/><N who="2" m="2059" /><F38/><W119/><G119/><T0/><D0/><U9/><E9/><V37/><F37/><W45/><G45/><T18/><D15/><U98/><E118/><V123/><F123/><W17/><G17/><T31/><D31/><U13/><E13/><V12/><F12/><W108/><G108/><T49/><D127/><U28/><E28/><N who="2" m="17487" /><F63/><W107/><G107/><T81/><D131/><U125/><E125/><V44/><F44/><W62/><G62/><T50/><D128/><U16/><E16/><V39/><F39/><W20/><G97/><T19/><D19/><U134/><E134/><V10/><F10/><W27/><G27/><T91/><D50/><U116/><E116/><V117/><F117/><W130/><G130/><T126/><D126/><U65/><E77/><V23/><F23/><W42/><G42/><T71/><D71/><U109/><E109/><V82/><F43/><W67/><G67/><T95/><D47/><U30/><E30/><V64/><F64/><W41/><G41/><T70/><D70/><U48/><E48/><V52/><F51/><W3/><G3/><T40/><D40/><U4/><E4/><V59/><F46/><W115/><G115/><RYUUKYOKU ba="2,1" sc="235,-15,255,15,245,-15,255,15" hai1="53,60,61,65,66,68,69,84,85,87,94,98,101" hai3="20,25,29,80,83,89,90" /><INIT seed="3,3,1,0,1,124" ten="220,270,230,270" oya="3" hai0="0,25,87,112,132,3,61,12,47,107,110,131,27" hai1="102,91,58,35,73,128,31,126,72,9,103,121,22" hai2="65,104,38,105,49,62,99,1,43,8,37,90,10" hai3="123,69,120,21,60,23,14,85,59,36,75,92,93"/><W106/><G75/><T78/><D107/><U122/><E35/><V119/><F119/><W115/><G106/><T45/><D61/><U16/><E31/><V70/><F90/><W29/><G115/><T4/><D112/><U30/><E30/><V15/><F49/><W53/><G36/><T34/><D34/><U42/><E9/><V11/><F1/><W82/><G69/><T125/><D125/><U109/><E42/><V76/><F76/><W94/><G120/><T51/><D110/><U46/><E46/><V19/><F104/><W113/><G113/><T57/><D57/><U89/><E126/><V40/><F38/><W33/><G123/><T74/><D74/><U52/><E109/><V24/><F24/><N who="0" m="9290" /><D47/><U64/><E73/><V32/><F32/><W50/><G33/><T81/><D131/><U17/><E128/><V18/><F37/><W83/><G29/><T13/><D13/><N who="1" m="9487" /><E64/><V96/><F10/><W97/><G97/><T28/><D28/><U54/><E72/><V88/><F99/><W55/><G14/><T2/><D2/><U86/><E122/><V84/><F96/><W63/><G63/><T135/><D12/><U48/><E121/><V56/><F105/><W39/><G39/><T71/><D71/><U118/><E118/><V7/><F70/><W129/><G129/><T130/><D130/><U98/><E54/><V77/><F8/><W117/><G117/><T20/><D20/><N who="3" m="7753" /><G85/><T134/><D4/><U41/><E41/><AGARI ba="3,1" hai="0,3,41,45,51,78,81,87,132,134,135" m="9290" machi="41" ten="30,1000,0" yaku="20,1" doraHai="124" who="0" fromWho="1" sc="220,29,270,-19,230,0,270,0" /><INIT seed="4,0,0,2,5,11" ten="249,251,230,270" oya="0" hai0="42,7,35,9,3,39,131,8,99,74,18,29,58" hai1="13,89,127,106,73,96,54,16,19,36,129,57,126" hai2="122,114,47,109,31,23,86,102,46,63,0,95,21" hai3="82,103,83,61,130,91,135,124,30,92,5,59,121"/><T49/><D131/><U27/><E36/><V113/><F109/><W32/><G130/><T50/><D74/><U51/><E73/><V4/><F122/><W41/><G124/><N who="1" m="47658" /><E129/><V118/><F118/><W52/><G135/><T108/><D108/><U14/><E89/><N who="2" m="53687" /><F102/><W64/><G32/><T26/><D58/><U110/><E110/><V115/><F63/><W112/><G112/><N who="2" m="28673" /><V85/><DORA hai="119" /><F85/><W24/><G103/><T67/><D67/><U77/><E77/><V101/><F101/><W78/><G41/><T66/><D66/><U120/><E120/><V55/><F31/><W48/><G5/><T87/><D87/><U128/><E128/><V37/><F55/><W12/><G78/><T53/><D99/><U68/><E68/><V22/><F37/><W84/><G121/><T134/><D53/><U6/><E96/><V98/><F98/><W38/><G38/><T56/><D56/><U125/><E106/><V100/><F100/><W44/><G83/><T34/><D134/><U15/><E125/><V94/><F94/><W69/><G92/><T80/><D80/><U20/><E6/><V104/><F104/><W45/><G69/><T25/><D35/><U40/><E40/><V111/><F111/><W88/><G91/><T97/><D97/><U1/><E1/><V28/><F28/><AGARI ba="0,0" hai="13,14,15,16,19,20,27,28,51,54,57" m="47658" machi="28" ten="30,8000,1" yaku="18,1,52,3,54,1" doraHai="11,119" who="1" fromWho="2" sc="249,0,251,80,230,-80,270,0" owari="249,-15.1,331,43.1,150,-35.0,270,7.0" /></mjloggm>