<mjloggm ver="2.3"><GO type="225" lobby="0"/><UN n0="%E3%80%90%E3%83%88%E3%83%AA%E3%83%A5%E3%83%95%E3%80%91" n1="%E6%98%93%E5%88%A9%E8%96%A9%E4%BC%AF" n2="%E3%81%BF%E3%81%BF%E3%81%9A" n3="%E7%89%B9%E6%9D%B1%E3%81%AF%E4%B8%96%E7%95%8C%E3%82%92%E6%95%91%E3%81%86" dan="16,17,18,16" rate="2043.71,2193.32,2201.26,2162.09" sx="M,F,M,M"/><TAIKYOKU oya="0"/><INIT seed="0,0,0,4,5,84" ten="250,250,250,250" oya="0" hai0="123,95,116,119,11,75,132,52,99,70,9,82,41" hai1="43,51,86,83,33,17,53,3,85,15,28,114,0" hai2="64,98,101,48,63,110,109,79,42,20,104,72,8" hai3="16,10,62,69,25,117,105,118,103,46,47,106,80"/><T115/><D70/><U133/><E133/><V7/><F20/><W100/><G69/><T5/><D115/><U121/><E121/><V91/><F42/><W56/><G80/><T97/><D123/><U40/><E114/><V126/><F48/><W81/><G81/><T125/><D41/><U22/><E0/><V59/><F126/><W1/><G1/><T93/><D125/><U67/><E3/><V130/><F130/><W78/><G78/><T30/><D132/><U96/><E67/><V45/><F45/><W89/><G56/><T66/><D66/><U29/><E96/><V71/><F59/><W102/><G62/><T131/><D131/><U73/><E86/><V90/><F79/><W49/><G25/><T32/><D82/><U57/><E73/><V65/><F72/><W55/><G47/><T92/><D75/><U37/><E37/><V77/><F77/><W112/><G89/><T2/><D11/><U21/><E33/><V122/><F64/><W129/><G112/><T74/><D74/><U4/><E4/><V12/><F122/><W13/><REACH who="3" step="1"/><G129/><REACH who="3" ten="250,250,250,240" step="2"/><T44/><D44/><U134/><E83/><V27/><F27/><W135/><G135/><T60/><D60/><U35/><E134/><V38/><F38/><W58/><G58/><T54/><D116/><AGARI ba="0,1" hai="10,13,16,46,49,55,100,102,103,105,106,116,117,118" machi="116" ten="40,2600,0" yaku="1,1,54,1,53,0" doraHai="84" doraHaiUra="36" who="3" fromWho="0" sc="250,-26,250,0,250,0,240,36" /><INIT seed="1,0,0,1,5,129" ten="224,250,250,276" oya="1" hai0="84,13,119,72,114,106,121,113,65,71,43,103,4" hai1="25,116,68,1,19,127,130,14,101,87,54,135,55" hai2="100,82,24,96,111,115,78,90,44,9,67,17,108" hai3="45,0,34,15,8,61,40,60,81,58,122,70,12"/><U5/><E116/><V131/><F131/><W128/><G122/><T16/><D119/><U50/><E130/><V98/><F115/><W39/><G128/><T31/><D72/><U38/><E38/><V27/><F67/><W42/><G34/><T104/><D121/><U92/><E68/><V102/><F44/><W118/><G118/><T126/><D31/><U105/><E1/><V6/><F17/><W91/><G42/><T66/><D43/><U117/><E127/><V32/><F90/><W57/><G70/><T132/><D4/><U23/><E117/><V69/><F69/><W74/><G57/><T56/><D71/><U109/><E109/><N who="2" m="42059" /><F98/><W10/><G91/><T83/><D126/><U63/><E19/><V41/><F41/><W47/><G47/><T79/><D132/><U75/><E135/><V36/><F36/><W64/><G64/><T59/><D103/><N who="2" m="39466" /><F96/><W99/><G99/><T110/><D110/><U28/><E101/><V21/><F21/><W33/><G40/><T73/><D73/><U62/><E75/><N who="2" m="43359" /><F32/><W80/><G33/><T11/><D114/><U3/><E105/><V107/><F107/><W51/><G39/><T85/><D113/><U18/><E55/><V22/><F22/><W53/><G45/><T2/><D106/><U93/><E87/><V26/><F26/><W97/><G74/><T37/><D104/><U133/><E133/><V134/><F134/><W77/><G97/><T30/><D37/><U120/><E25/><V95/><F95/><W49/><G53/><T52/><D66/><U89/><E54/><V86/><F86/><RYUUKYOKU ba="0,0" sc="224,-10,250,-10,250,30,276,-10" hai2="6,9,24,27" /><INIT seed="2,1,0,3,0,31" ten="214,240,280,266" oya="2" hai0="44,4,7,80,58,87,59,36,50,18,39,123,12" hai1="28,38,119,19,57,126,122,62,74,53,45,127,107" hai2="111,128,86,124,65,121,17,118,40,96,25,26,99" hai3="52,48,22,79,84,113,98,129,37,32,14,55,110"/><V73/><F118/><W103/><G37/><T24/><D123/><U71/><E107/><V15/><F73/><W33/><G110/><T63/><D36/><U16/><E74/><V8/><F121/><W102/><G129/><T9/><D39/><U93/><E122/><V64/><F128/><W46/><G113/><T41/><D24/><N who="2" m="9322" /><F111/><W76/><G55/><T70/><D70/><U77/><E77/><V109/><F109/><W88/><G33/><T13/><D13/><U30/><E119/><V34/><F34/><W78/><G32/><T2/><D2/><U81/><E81/><V112/><F124/><N who="1" m="47657" /><E93/><V108/><F112/><W91/><G98/><N who="2" m="37417" /><F108/><W29/><G29/><N who="1" m="11370" /><E71/><V60/><F60/><W114/><G114/><T100/><D100/><N who="3" m="38441" /><G84/><T125/><D125/><U27/><E27/><V85/><F40/><AGARI ba="1,0" hai="16,19,38,40,45,53,57,62" m="11370,47657" machi="40" ten="30,2000,0" yaku="18,1,54,1" doraHai="31" who="1" fromWho="2" sc="214,0,240,23,280,-23,266,0" /><INIT seed="3,0,0,3,2,69" ten="214,263,257,266" oya="3" hai0="98,51,15,58,86,11,70,35,53,38,61,8,6" hai1="60,36,26,115,18,122,74,7,75,14,106,44,125" hai2="71,134,103,55,72,89,118,91,34,4,109,97,101" hai3="100,21,84,40,81,57,29,68,129,133,79,5,119"/><W66/><G119/><T39/><D35/><U105/><E122/><V123/><F34/><W20/><G68/><T90/><D98/><U121/><E121/><V28/><F71/><W63/><G129/><T46/><D70/><U12/><E60/><V62/><F72/><W47/><G133/><T30/><D30/><U88/><E7/><V17/><F28/><W116/><G116/><T54/><REACH who="0" step="1"/><D11/><REACH who="0" ten="204,263,257,266" step="2"/><U135/><E135/><V130/><F97/><W87/><G29/><T127/><D127/><U41/><E125/><V83/><F134/><W3/><G100/><T48/><D48/><U33/><E33/><V50/><F118/><W19/><G20/><T94/><AGARI ba="0,1" hai="6,8,15,38,39,46,51,53,54,58,61,86,90,94" machi="94" ten="20,8000,1" yaku="1,1,0,1,7,1,52,2,53,0" doraHai="69" doraHaiUra="24" who="0" fromWho="0" sc="204,90,263,-20,257,-20,266,-40" /><INIT seed="4,0,0,2,2,60" ten="294,243,237,226" oya="0" hai0="28,2,72,32,117,77,112,80,64,132,38,18,65" hai1="11,75,94,121,30,120,44,123,128,54,24,49,125" hai2="135,103,100,81,116,10,134,17,7,76,62,102,87" hai3="95,70,118,26,130,45,115,53,129,55,12,5,92"/><T58/><D117/><U57/><E75/><V52/><F116/><W31/><G70/><T16/><D2/><U56/><E128/><N who="3" m="49258" /><G118/><T41/><D112/><U67/><E125/><V111/><F111/><W13/><G115/><T61/><D132/><N who="2" m="50730" /><F17/><W9/><G13/><T69/><D69/><U6/><E94/><N who="3" m="35882" /><G45/><T36/><D65/><U98/><E67/><V46/><F46/><W106/><G106/><T71/><D71/><U99/><E99/><V105/><F105/><W48/><G48/><T108/><D108/><U42/><E98/><V88/><F76/><W89/><G89/><T23/><D18/><U90/><E90/><V35/><F35/><AGARI ba="0,0" hai="5,9,12,26,31,35,53,55" m="35882,49258" machi="35" ten="30,1000,0" yaku="19,1" doraHai="60" who="3" fromWho="2" sc="294,0,243,0,237,-10,226,10" /><INIT seed="5,0,0,3,3,30" ten="294,243,227,236" oya="1" hai0="12,42,119,11,82,128,132,110,63,39,25,9,40" hai1="62,19,2,95,10,21,89,23,85,74,7,3,112" hai2="129,100,106,105,134,104,93,38,44,16,135,113,67" hai3="59,5,8,103,127,37,6,57,91,13,96,124,122"/><U48/><E74/><V46/><F129/><W41/><G122/><T117/><D128/><U123/><E123/><V78/><F113/><W68/><G68/><T4/><D110/><U51/><E112/><V15/><F78/><W60/><G91/><T1/><D132/><N who="2" m="50730" /><F67/><W28/><G6/><T92/><D63/><U53/><E3/><V87/><F38/><W33/><G41/><T133/><D133/><U34/><E34/><V36/><F36/><W69/><G37/><T125/><D25/><U107/><E107/><N who="2" m="27395" /><V99/><DORA hai="97" /><F87/><W108/><G108/><T0/><D42/><U50/><REACH who="1" step="1"/><E19/><REACH who="1" ten="294,233,227,236" step="2"/><V131/><F131/><W26/><G127/><T31/><D125/><U76/><E76/><V101/><F101/><W118/><G124/><T45/><D0/><U84/><E84/><V43/><F43/><W47/><G33/><T17/><D31/><U55/><E55/><V81/><F81/><W111/><G103/><T98/><D82/><U80/><E80/><V102/><F100/><AGARI ba="0,1" hai="1,4,9,11,12,17,39,40,45,92,98,100,117,119" machi="100" ten="30,2000,0" yaku="7,1,52,1" doraHai="30,97" who="0" fromWho="2" sc="294,30,233,0,227,-20,236,0" owari="324,42.4,233,-16.7,207,-29.3,236,3.6" /></mjloggm>