<mjloggm ver="2.3"><GO type="225" lobby="0"/><UN n0="%E3%81%BD%E3%81%A1%E3%81%9F%E3%81%93%E3%82%84" n1="%E3%83%96%E3%83%83%E3%83%91%E3%82%AA%E3%83%96%E3%83%81%E3%82%AD%E3%83%B3" n2="%E3%81%95%E3%82%88%E3%81%AA%E3%82%89%E3%83%9A%E3%81%BA%E3%83%9A" n3="%79%75%72%69%6D%6F%67" dan="17,16,16,16" rate="2176.48,2153.37,2132.20,2131.23" sx="M,M,F,F"/><TAIKYOKU oya="0"/><INIT seed="0,0,0,1,0,2" ten="250,250,250,250" oya="0" hai0="121,64,65,50,0,92,117,82,51,122,127,115,97" hai1="81,23,89,119,131,39,129,29,17,90,22,124,126" hai2="107,54,111,120,103,130,58,48,116,7,83,114,30" hai3="63,128,80,67,70,106,72,95,28,32,36,25,5"/><T101/><D115/><U118/><E39/><V79/><F114/><W110/><G36/><T15/><D0/><U37/><E37/><V18/><F120/><W59/><G110/><T10/><D117/><U35/><E81/><V87/><F111/><W134/><G134/><T84/><D127/><N who="1" m="48683" /><E35/><V40/><F130/><N who="1" m="49673" /><E29/><V69/><F116/><N who="1" m="44585" /><E17/><V16/><F69/><W6/><G70/><T99/><D121/><U24/><E24/><V73/><F40/><W71/><G71/><T34/><D34/><U44/><E44/><V4/><F30/><W8/><G106/><T96/><D122/><U33/><E33/><V113/><F113/><W104/><G104/><T62/><D82/><U125/><N who="1" m="48691" /><U12/><DORA hai="56" /><E12/><V94/><F107/><W9/><G128/><T52/><D15/><U98/><E98/><N who="2" m="59863" /><F73/><W47/><G95/><T1/><D92/><U105/><E105/><V85/><F85/><W88/><G47/><T13/><D84/><U109/><E109/><V91/><F91/><AGARI ba="0,0" hai="22,23,89,90,91" m="44585,49673,48691" machi="91" ten="50,8000,1" yaku="28,2,18,1,19,1" doraHai="2,56" who="1" fromWho="2" sc="250,0,250,80,250,-80,250,0" /><INIT seed="1,0,0,3,2,43" ten="250,330,170,250" oya="1" hai0="66,132,83,52,122,27,75,10,56,8,49,88,53" hai1="82,48,92,118,109,63,50,7,85,108,131,133,107" hai2="28,112,115,126,51,22,100,72,42,36,44,14,95" hai3="67,98,0,6,11,111,116,5,31,1,21,58,119"/><U4/><E107/><V86/><F72/><W93/><G111/><N who="1" m="42570" /><E118/><V125/><F36/><W39/><G39/><T15/><D132/><U38/><E38/><V59/><F59/><W135/><G135/><T78/><D122/><U37/><E37/><V105/><F105/><W73/><G73/><T9/><D66/><U102/><E133/><V120/><F120/><W45/><G6/><N who="1" m="2090" /><E131/><V3/><F3/><W69/><G69/><T80/><D27/><U29/><E29/><V32/><F32/><W84/><G1/><T101/><D101/><U128/><E128/><V34/><F34/><W64/><G84/><T104/><D104/><U71/><E92/><V114/><F28/><W96/><G96/><T127/><D127/><N who="2" m="48650" /><F100/><W23/><G58/><T134/><D134/><U90/><E102/><V40/><F95/><W130/><G130/><T74/><D53/><U26/><E26/><V87/><F42/><W91/><G31/><T81/><D81/><U18/><E18/><AGARI ba="0,0" hai="14,18,22,40,44,51,86,87,112,114,115" m="48650" machi="18" ten="40,5200,0" yaku="11,1,18,1,52,1" doraHai="43" who="2" fromWho="1" sc="250,0,330,-52,170,52,250,0" /><INIT seed="2,0,0,2,1,88" ten="250,278,222,250" oya="2" hai0="10,73,117,36,28,32,38,5,87,91,132,49,8" hai1="19,40,4,104,41,62,51,133,85,110,1,46,120" hai2="82,102,58,50,95,52,111,72,98,63,26,99,15" hai3="60,14,89,9,126,116,109,81,42,70,33,119,113"/><V134/><F134/><W105/><G109/><T17/><D73/><U29/><E110/><V97/><F111/><W69/><G33/><T74/><D74/><U56/><E104/><V71/><F15/><W45/><G105/><T6/><D117/><U129/><E133/><V127/><F127/><W131/><G131/><T25/><D17/><U130/><E29/><V124/><F124/><W92/><G113/><T24/><D132/><U101/><E101/><V30/><F72/><W59/><G81/><T115/><D115/><U48/><E120/><V77/><F71/><W47/><G47/><T54/><D25/><U27/><E1/><V128/><F128/><N who="1" m="49257" /><E4/><V20/><F82/><W121/><G121/><T108/><D108/><U23/><E85/><V68/><F77/><W114/><G114/><T3/><D8/><U11/><E11/><V107/><F107/><W80/><G80/><T61/><D61/><U0/><E0/><V76/><F76/><W43/><G43/><N who="1" m="16458" /><E46/><N who="2" m="27735" /><F68/><W125/><G119/><T34/><D6/><U96/><E96/><V106/><F106/><W93/><G116/><T21/><D34/><U103/><E103/><V84/><F84/><W55/><G125/><T112/><D32/><U123/><E123/><V135/><F135/><W12/><G126/><T44/><REACH who="0" step="1"/><D112/><REACH who="0" ten="240,278,222,250" step="2"/><U83/><E83/><AGARI ba="0,1" hai="3,5,10,21,24,28,36,38,44,49,54,83,87,91" machi="83" ten="30,3900,0" yaku="1,1,2,1,7,1,53,0" doraHai="88" doraHaiUra="39" who="0" fromWho="1" sc="240,49,278,-39,222,0,250,0" /><INIT seed="3,0,0,2,1,89" ten="289,239,222,250" oya="3" hai0="83,87,17,70,10,67,40,59,79,23,129,43,84" hai1="31,9,8,81,111,77,42,101,126,69,48,73,3" hai2="102,113,32,106,121,110,60,86,2,90,0,39,97" hai3="41,25,34,28,57,92,103,118,5,30,4,62,1"/><W24/><G118/><T51/><D129/><U78/><E69/><V109/><F113/><W11/><G41/><T80/><D70/><U117/><E3/><V20/><F32/><W6/><G103/><T15/><D10/><N who="1" m="4203" /><E73/><V13/><F39/><W45/><G45/><T61/><D51/><U128/><E111/><N who="2" m="42507" /><F121/><W58/><G92/><T94/><D94/><U107/><E107/><V27/><F13/><W21/><G58/><T52/><D67/><AGARI ba="0,0" hai="1,4,5,6,11,21,24,25,28,30,34,57,62,67" machi="67" ten="30,1500,0" yaku="7,1" doraHai="89" who="3" fromWho="0" sc="289,-15,239,0,222,0,250,15" /><INIT seed="3,1,0,1,2,16" ten="274,239,222,265" oya="3" hai0="57,49,118,85,104,20,7,92,119,10,19,68,8" hai1="130,63,23,38,62,105,124,40,84,123,69,11,35" hai2="33,27,132,108,42,53,114,96,71,73,3,109,21" hai3="107,122,39,116,98,14,129,131,135,103,44,31,82"/><W55/><G116/><T58/><D68/><U95/><E35/><V76/><F71/><W6/><G122/><T94/><D104/><U9/><E123/><V2/><F114/><W99/><G31/><T59/><D49/><U111/><E105/><V91/><F132/><W97/><G82/><T26/><D10/><N who="1" m="3595" /><E38/><V128/><F128/><N who="3" m="49227" /><G135/><T18/><D18/><U60/><E69/><V101/><F33/><W88/><G14/><T50/><D50/><U29/><E111/><N who="2" m="42571" /><F91/><W0/><G6/><T22/><D22/><U133/><E124/><V126/><F42/><N who="3" m="22623" /><G0/><N who="2" m="41" /><F53/><W134/><G134/><T90/><D118/><U93/><E133/><V79/><F73/><W48/><G88/><N who="0" m="53263" /><D119/><U61/><E130/><V65/><F65/><W89/><G89/><T37/><D37/><U70/><E70/><V125/><F125/><W34/><G34/><T28/><D7/><U51/><N who="1" m="15360" /><DORA hai="43" /><U127/><E127/><V72/><F72/><W77/><G77/><T106/><D8/><U41/><E84/><V83/><F83/><W4/><G4/><T45/><D90/><U115/><E115/><V74/><F74/><W112/><G112/><T117/><D117/><U17/><E41/><V86/><F86/><W30/><G30/><T12/><D28/><U78/><E29/><N who="2" m="17647" /><F126/><W5/><G5/><T100/><D100/><U54/><E40/><V52/><F52/><W87/><G87/><T66/><D66/><U13/><E78/><V36/><F36/><W121/><G121/><T81/><D81/><U25/><E13/><V24/><F24/><W113/><G113/><T56/><D26/><RYUUKYOKU ba="1,0" sc="274,-30,239,10,222,10,265,10" hai1="17,23,25,51,54,93,95" hai2="76,79,96,101" hai3="48,55,97,98,99,103,107" /><INIT seed="3,2,0,1,2,133" ten="244,249,232,275" oya="3" hai0="106,107,13,95,115,130,1,89,38,30,12,15,67" hai1="73,93,46,36,131,90,72,103,82,119,111,124,94" hai2="134,101,19,99,75,116,129,35,11,104,69,54,77" hai3="25,80,127,109,70,5,122,91,108,88,48,33,121"/><W52/><G70/><T8/><D38/><U71/><E46/><V16/><F116/><W74/><G127/><T56/><D130/><U26/><E26/><V21/><F134/><W117/><G5/><T44/><D30/><U62/><E62/><V58/><F129/><W59/><G117/><T96/><D44/><U97/><E36/><V31/><F69/><W123/><G74/><N who="1" m="28778" /><E71/><V32/><F75/><W118/><G118/><T110/><D110/><N who="3" m="42601" /><G80/><T24/><D24/><U105/><E119/><V27/><F77/><W40/><G40/><T100/><D115/><U86/><E111/><V120/><F120/><W14/><G14/><T125/><D125/><U132/><E131/><V23/><F11/><W34/><G34/><T47/><D47/><U78/><E132/><V49/><REACH who="2" step="1"/><F31/><AGARI ba="2,0" hai="25,31,33,48,52,59,88,91,121,122,123" m="42601" machi="31" ten="40,12000,1" yaku="14,1,10,1,54,2" doraHai="133" who="3" fromWho="2" sc="244,0,249,0,232,-126,275,126" owari="244,-15.6,249,4.9,106,-39.4,401,50.1" /></mjloggm>