<mjloggm ver="2.3"><GO type="225" lobby="0"/><UN n0="%E3%82%8A%E3%81%93%E3%82%8A%E3%82%93%E3%81%94" n1="%E6%A1%9C%E8%8A%B1%E9%96%83%E3%80%85" n2="%E3%83%B4%E3%83%A0%EF%BC%99%E3%81%A6" n3="%E6%98%93%E5%88%A9%E8%96%A9%E4%BC%AF" dan="17,16,16,17" rate="2215.46,2131.05,2154.60,2182.31" sx="M,M,M,F"/><TAIKYOKU oya="0"/><INIT seed="0,0,0,3,3,102" ten="250,250,250,250" oya="0" hai0="122,27,20,112,67,52,78,32,88,107,0,86,71" hai1="16,43,109,100,19,5,2,60,56,29,72,103,73" hai2="4,34,83,114,12,131,3,104,80,93,123,126,115" hai3="62,8,89,75,101,58,85,14,87,110,90,28,68"/><T15/><D112/><U95/><E109/><V21/><F93/><W92/><G75/><T127/><D122/><U48/><E29/><V97/><F123/><W54/><G68/><T24/><D0/><U7/><E2/><V124/><F34/><W35/><G35/><T98/><D127/><N who="2" m="48682" /><F3/><W117/><G117/><T105/><D78/><U64/><E73/><V134/><F134/><W99/><G28/><T57/><D15/><U23/><E72/><V44/><F44/><W33/><G33/><T46/><D46/><N who="1" m="25695" /><E19/><N who="2" m="10471" /><F4/><N who="1" m="1609" /><E95/><V38/><F38/><W39/><G39/><T18/><D71/><U42/><E42/><V47/><F47/><W70/><G70/><T37/><D37/><U96/><E96/><V41/><F41/><W91/><REACH who="3" step="1"/><G110/><REACH who="3" ten="250,250,250,240" step="2"/><T22/><D32/><U69/><E69/><V6/><F6/><AGARI ba="0,1" hai="6,8,14,54,58,62,85,87,89,90,91,92,99,101" machi="6" ten="40,5200,0" yaku="1,1,2,1,8,1,53,0" doraHai="102" doraHaiUra="121" who="3" fromWho="2" sc="250,0,250,0,250,-52,240,62" /><INIT seed="1,0,0,3,0,15" ten="250,250,198,302" oya="1" hai0="7,102,28,98,86,29,57,110,67,54,69,49,53" hai1="133,121,131,36,63,9,38,122,112,37,119,108,84" hai2="103,48,113,66,81,50,13,46,127,80,70,51,76" hai3="11,124,111,39,87,75,21,19,120,94,56,18,58"/><U1/><E112/><V42/><F113/><W3/><G75/><T14/><D110/><U34/><E119/><V71/><F127/><W116/><G39/><T16/><D7/><N who="1" m="1263" /><E84/><V132/><F132/><W89/><G116/><T134/><D134/><U96/><E133/><V6/><F103/><W78/><G120/><N who="1" m="46186" /><E96/><V40/><F80/><W135/><G111/><T105/><D86/><U0/><E108/><V17/><F6/><W45/><G124/><T35/><D35/><U106/><E131/><V22/><F66/><W130/><G130/><T24/><D24/><U59/><E59/><V128/><F128/><W26/><G135/><T126/><D126/><U99/><E63/><V91/><F91/><W32/><G32/><T41/><D41/><U52/><E52/><V43/><REACH who="2" step="1"/><F46/><REACH who="2" ten="250,250,188,302" step="2"/><W68/><G89/><T100/><D100/><N who="1" m="62751" /><E0/><V12/><F12/><W83/><G3/><T95/><D105/><U88/><E88/><V85/><AGARI ba="0,1" hai="13,17,22,40,42,43,48,50,51,70,71,76,81,85" machi="85" ten="30,4000,0" yaku="1,1,0,1,52,1,53,0" doraHai="15" doraHaiUra="25" who="2" fromWho="2" sc="250,-10,250,-20,188,50,302,-10" /><INIT seed="2,0,0,4,4,135" ten="240,230,238,292" oya="2" hai0="22,115,42,103,62,26,120,19,88,43,97,99,49" hai1="65,4,91,90,117,28,133,130,1,63,57,121,124" hai2="44,48,98,46,5,66,11,12,71,70,76,126,112" hai3="36,55,39,64,84,33,38,8,54,0,86,32,35"/><V134/><F112/><W6/><REACH who="3" step="1"/><G64/><REACH who="3" ten="240,230,238,282" step="2"/><T75/><D115/><U123/><E65/><V10/><F66/><W129/><G129/><T16/><D120/><U104/><E130/><V131/><F131/><W15/><G15/><T31/><D26/><U106/><E123/><V29/><F12/><W105/><G105/><T73/><D73/><U93/><E104/><V25/><F25/><W34/><N who="3" m="8192" /><DORA hai="24" /><W95/><G95/><T59/><D75/><U17/><E93/><V40/><F134/><W45/><G45/><T116/><D116/><U52/><E106/><V23/><F44/><W68/><G68/><T14/><D14/><U58/><E117/><V74/><F70/><W96/><G96/><T118/><D99/><U87/><E133/><V47/><F71/><W125/><G125/><T18/><D97/><U78/><E124/><V107/><F126/><W122/><G122/><T119/><D118/><U60/><E121/><V109/><F46/><W51/><G51/><T80/><D49/><U127/><E127/><V101/><F109/><W50/><G50/><T56/><D119/><U94/><E94/><V27/><REACH who="2" step="1"/><F5/><REACH who="2" ten="240,230,228,282" step="2"/><W72/><G72/><T69/><D69/><U21/><E4/><V30/><F30/><W108/><G108/><T3/><D31/><U9/><E28/><V41/><F41/><W128/><G128/><T81/><D43/><U82/><E58/><V110/><F110/><W85/><AGARI ba="0,2" hai="0,6,8,36,38,39,54,55,84,85,86" m="8192" machi="85" ten="70,8000,1" yaku="21,2,0,1,29,2,53,0" doraHai="135,24" doraHaiUra="13,89" who="3" fromWho="3" sc="240,-20,230,-20,228,-40,282,100" /><INIT seed="3,0,0,3,4,7" ten="220,210,188,382" oya="3" hai0="120,43,62,20,75,19,123,40,95,5,50,69,85" hai1="22,77,118,31,46,13,23,90,27,133,101,33,115" hai2="72,105,110,70,28,63,74,11,9,87,119,91,39" hai3="64,36,35,89,122,83,41,121,54,111,113,130,107"/><W97/><G113/><T98/><D75/><U108/><E115/><V17/><F119/><W44/><G35/><T68/><D5/><U18/><E118/><V106/><F39/><W16/><G130/><T73/><D73/><U42/><E108/><V60/><F28/><W55/><G64/><T56/><D85/><U100/><E133/><V71/><F87/><W30/><G30/><T53/><D69/><U26/><E77/><V29/><F29/><W51/><G55/><T96/><D43/><U47/><E90/><V1/><F91/><W132/><G132/><T109/><D98/><U0/><E0/><V103/><F103/><W34/><G34/><T3/><D3/><U92/><E92/><V67/><F1/><W125/><G125/><T38/><D38/><U78/><E78/><V81/><F17/><W10/><G107/><T128/><D109/><U126/><E126/><V124/><F124/><W2/><G2/><T116/><D128/><U104/><E104/><V134/><F110/><W21/><G21/><T58/><D68/><U94/><E94/><V32/><F134/><W37/><G37/><T114/><D116/><U61/><E61/><V45/><F32/><W52/><G97/><T6/><D114/><U129/><E129/><V131/><F131/><W80/><G80/><T65/><D6/><U66/><E66/><V4/><F4/><W86/><G111/><T82/><D82/><U88/><E88/><V112/><F112/><W48/><G89/><N who="0" m="55407" /><D40/><U117/><E117/><V135/><F135/><W93/><G83/><T57/><D57/><U76/><E42/><RYUUKYOKU ba="0,0" sc="220,30,210,-10,188,-10,382,-10" hai0="19,20,50,53,56,58,62,65,120,123" owari="250,5.0,200,-20.0,178,-32.2,372,47.2" /></mjloggm>