<mjloggm ver="2.3"><GO type="225" lobby="0"/><UN n0="%E3%81%B2%E3%81%AA%E3%81%AE%E3%82%8A%E3%81%8F" n1="%E6%A1%9C%E8%8A%B1%E9%96%83%E3%80%85" n2="%E3%81%A8%E3%82%89%E3%81%84%E3%81%A1" n3="%33%74%72%65%65" dan="16,17,16,16" rate="2118.56,2272.11,2113.56,2104.50" sx="M,M,M,F"/><TAIKYOKU oya="0"/><INIT seed="0,0,0,0,2,114" ten="250,250,250,250" oya="0" hai0="10,39,58,134,115,130,125,109,18,52,131,4,70" hai1="117,93,28,129,27,61,36,43,104,19,71,35,88" hai2="132,94,26,112,118,105,67,89,97,73,8,0,69" hai3="80,50,33,45,51,49,20,83,55,92,14,95,124"/><T127/><D115/><U135/><E104/><V53/><F112/><W82/><G33/><T120/><D120/><U21/><E129/><N who="0" m="49161" /><D70/><U32/><E135/><V128/><F132/><W108/><G108/><T6/><D134/><U122/><E122/><V24/><F53/><W16/><G124/><N who="0" m="47691" /><D39/><U57/><E71/><V87/><F128/><W123/><G123/><T1/><D109/><U17/><E117/><V98/><F118/><W63/><G63/><N who="0" m="36295" /><D18/><U85/><E17/><V47/><F69/><W44/><REACH who="3" step="1"/><G51/><REACH who="3" ten="250,250,250,240" step="2"/><T9/><D1/><U12/><E36/><V107/><F0/><W116/><G116/><T121/><D121/><U72/><E61/><V68/><F68/><W77/><G77/><T111/><D111/><U25/><E35/><V56/><F67/><W37/><G37/><T75/><D75/><U23/><E72/><V103/><F73/><W100/><G100/><T65/><D65/><U86/><E32/><V30/><F103/><W81/><N who="3" m="20480" /><DORA hai="31" /><W62/><G62/><T76/><D76/><U13/><E88/><V119/><F89/><W113/><G113/><T102/><D102/><U79/><E79/><V42/><F119/><W110/><G110/><T38/><D38/><U15/><E43/><AGARI ba="0,1" hai="14,16,20,43,44,45,49,50,55,92,95" m="20480" machi="43" ten="50,6400,0" yaku="1,1,8,1,54,1,53,0" doraHai="114,31" doraHaiUra="54,34" who="3" fromWho="1" sc="250,0,250,-64,250,0,240,74" /><INIT seed="1,0,0,0,5,133" ten="250,186,250,314" oya="1" hai0="32,3,56,64,109,112,92,30,59,6,84,79,0" hai1="68,117,18,62,39,108,104,120,71,88,2,89,17" hai2="41,21,40,96,12,131,83,130,110,129,61,101,105" hai3="15,37,95,1,5,25,4,49,118,121,20,52,7"/><U55/><E117/><V57/><F110/><W66/><G121/><T93/><D112/><U38/><E104/><V77/><F21/><W16/><G118/><T124/><D32/><U69/><E2/><V58/><F12/><W45/><G1/><T103/><D30/><U116/><E116/><V125/><F125/><W107/><G107/><T50/><D50/><U70/><E120/><V44/><F44/><W119/><G119/><T100/><D84/><U76/><E76/><V24/><F24/><W85/><G66/><T65/><D79/><U43/><E108/><V23/><F23/><W91/><G37/><T46/><D46/><U106/><E106/><V14/><F14/><AGARI ba="0,0" hai="4,5,7,14,15,16,20,25,45,49,52,85,91,95" machi="14" ten="40,5200,0" yaku="8,1,54,2" doraHai="133" who="3" fromWho="2" sc="250,0,186,0,250,-52,314,52" /><INIT seed="2,0,0,5,5,89" ten="250,186,198,366" oya="2" hai0="64,82,111,121,77,63,15,85,46,87,48,114,122" hai1="47,33,7,128,32,75,25,66,18,92,21,17,133" hai2="58,106,113,93,130,42,6,52,94,24,19,98,8" hai3="40,74,107,90,99,84,80,4,13,44,97,73,54"/><V132/><F113/><W38/><G54/><T27/><D111/><U51/><E75/><V88/><F132/><W26/><G26/><T83/><D114/><U2/><E133/><V71/><F130/><W116/><G116/><T14/><D27/><U78/><E78/><V43/><F71/><W100/><G99/><T102/><D102/><U45/><E128/><V119/><F106/><W124/><G124/><T41/><D122/><U126/><E126/><V35/><F119/><W123/><G123/><T34/><D34/><U3/><E66/><V62/><F94/><W110/><G110/><T108/><D121/><U68/><E68/><V101/><F101/><W9/><AGARI ba="0,0" hai="4,9,13,38,40,44,73,74,80,84,90,97,100,107" machi="9" ten="30,1100,0" yaku="0,1" doraHai="89" who="3" fromWho="3" sc="250,-3,186,-3,198,-5,366,11" /><INIT seed="3,0,0,0,5,29" ten="247,183,193,377" oya="3" hai0="75,41,2,8,96,76,59,109,98,60,54,65,50" hai1="108,134,23,122,102,85,22,125,130,26,13,0,107" hai2="17,25,95,115,100,27,88,52,106,31,101,94,117" hai3="37,20,127,84,33,12,73,67,97,11,43,30,110"/><W128/><G73/><T126/><D41/><U120/><E0/><V40/><F115/><W53/><G33/><T4/><D109/><U83/><E108/><V45/><F117/><W71/><G53/><T57/><D126/><U10/><E125/><V14/><F106/><W42/><G84/><T35/><D35/><U77/><E130/><V48/><F40/><W63/><G97/><T78/><D75/><U129/><E129/><V79/><F79/><W46/><G42/><T112/><D112/><U51/><E134/><V90/><F95/><W36/><G36/><T114/><D114/><U61/><E51/><V133/><F90/><W70/><G70/><T3/><D3/><U131/><E131/><V18/><F18/><W118/><G43/><T15/><D2/><U24/><E107/><V66/><F66/><W21/><G67/><T32/><D32/><U104/><E61/><V28/><F28/><W1/><G30/><T38/><D38/><U34/><E34/><V58/><F45/><W80/><G46/><T7/><D7/><N who="1" m="3295" /><E104/><V111/><F111/><W81/><G110/><T103/><D96/><U93/><E120/><V19/><F19/><W69/><G128/><T82/><D82/><U47/><E47/><V105/><F133/><W86/><G81/><T9/><D98/><N who="1" m="59727" /><E122/><V49/><F105/><W99/><G127/><T123/><D60/><U74/><E74/><V72/><F72/><W91/><G63/><T44/><D123/><U116/><E116/><V89/><F49/><W124/><G118/><T55/><D44/><U135/><E135/><V87/><F48/><RYUUKYOKU ba="0,0" sc="247,-10,183,30,193,-10,377,-10" hai1="22,23,24,26,77,83,85" owari="237,3.7,213,-18.7,183,-31.7,367,46.7" /></mjloggm>