<mjloggm ver="2.3"><GO type="225" lobby="0"/><UN n0="%E3%83%96%E3%83%83%E3%83%91%E3%82%AA%E3%83%96%E3%83%81%E3%82%AD%E3%83%B3" n1="%E7%9A%AE%E3%80%85" n2="%E3%81%95%E3%81%8D%E3%81%9F%E3%81%BE%E6%9E%97%E6%AA%8E" n3="%E3%81%AF%E3%82%88%E3%81%8A%E3%81%98%E3%81%95%E3%82%93" dan="16,16,16,17" rate="2123.33,2164.14,2095.73,2143.52" sx="M,M,M,M"/><TAIKYOKU oya="0"/><INIT seed="0,0,0,3,0,49" ten="250,250,250,250" oya="0" hai0="94,8,88,81,131,70,100,0,41,69,58,119,71" hai1="132,43,15,53,2,93,14,92,40,5,44,57,97" hai2="1,50,77,86,66,51,129,115,72,106,80,13,133" hai3="95,46,122,35,76,6,85,62,48,83,59,38,9"/><T52/><D119/><U11/><E132/><V121/><F115/><W84/><G35/><T67/><D131/><U87/><E87/><V26/><F121/><W42/><G122/><T47/><D67/><U118/><E118/><V73/><F106/><W91/><G38/><T120/><D120/><U31/><E31/><V78/><F1/><W102/><G102/><T104/><D81/><U75/><E75/><V4/><F133/><W79/><G76/><T3/><D8/><U99/><E44/><V29/><F129/><W64/><G9/><T61/><D100/><N who="1" m="60455" /><E2/><V16/><F4/><AGARI ba="0,0" hai="4,6,42,46,48,59,62,64,79,83,84,85,91,95" machi="4" ten="40,1300,0" yaku="8,1" doraHai="49" who="3" fromWho="2" sc="250,0,250,0,250,-13,250,13" /><INIT seed="1,0,0,2,5,39" ten="250,250,237,263" oya="1" hai0="90,87,51,16,133,40,57,118,7,106,65,3,59" hai1="83,127,100,101,18,66,45,71,131,111,6,123,96" hai2="77,114,97,11,52,107,48,19,99,102,26,117,68" hai3="128,53,62,85,32,112,8,120,38,113,44,24,121"/><U50/><E123/><V1/><F117/><W22/><G32/><T125/><D118/><U13/><E6/><V67/><F114/><W126/><G8/><T36/><D106/><U130/><E127/><V132/><F132/><W89/><G126/><T108/><D125/><U95/><E100/><V47/><F77/><W134/><G134/><T35/><D133/><U88/><E66/><V63/><F99/><W34/><G34/><T92/><D108/><U70/><E111/><V14/><REACH who="2" step="1"/><F26/><REACH who="2" ten="250,250,227,263" step="2"/><W74/><G113/><T116/><D116/><U43/><E131/><V17/><F17/><W58/><G128/><T64/><D16/><U23/><REACH who="1" step="1"/><E130/><REACH who="1" ten="250,240,227,263" step="2"/><V115/><F115/><W33/><G112/><T93/><D7/><U104/><E104/><V21/><F21/><W2/><G22/><T25/><D35/><U103/><E103/><V42/><F42/><W54/><G33/><T122/><D40/><U28/><E28/><V81/><F81/><W73/><G120/><T86/><D122/><U49/><E49/><V5/><F5/><W0/><G121/><T15/><D51/><U129/><E129/><V69/><F69/><W105/><G105/><T37/><D37/><U72/><E72/><V31/><F31/><W4/><G38/><T10/><D36/><U109/><E109/><V135/><F135/><W12/><G74/><T78/><D93/><U76/><E76/><V56/><F56/><W20/><G4/><T27/><D59/><U94/><E94/><V124/><F124/><W84/><G58/><T30/><D57/><U29/><E29/><V110/><F110/><RYUUKYOKU ba="0,2" sc="250,-15,240,15,227,15,263,-15" hai1="13,18,23,43,45,50,70,71,83,88,95,96,101" hai2="1,11,14,19,47,48,52,63,67,68,97,102,107" /><INIT seed="1,1,2,2,0,0" ten="235,255,242,248" oya="1" hai0="51,133,48,64,40,129,83,66,1,4,29,19,54" hai1="79,100,13,44,14,47,124,135,28,55,93,15,20" hai2="114,81,27,112,128,21,71,57,9,89,52,134,70" hai3="92,49,36,26,33,120,53,80,113,94,56,84,60"/><U91/><E135/><V127/><F127/><W31/><G120/><T106/><D133/><U108/><E124/><V126/><F126/><W5/><G113/><N who="2" m="43625" /><F134/><W104/><G36/><T86/><D106/><U116/><E116/><V102/><F128/><W72/><G104/><T125/><D129/><U78/><E100/><V24/><F102/><W67/><G72/><T105/><D105/><U58/><E108/><V11/><F27/><W12/><G12/><T97/><D125/><U95/><E28/><N who="2" m="17423" /><F89/><W74/><G74/><T42/><D29/><U96/><E20/><V18/><F81/><W65/><G5/><T103/><D19/><U37/><E93/><V110/><F110/><W73/><G67/><N who="0" m="25643" /><D1/><U76/><REACH who="1" step="1"/><E37/><REACH who="1" ten="235,245,242,248" step="2"/><V38/><F38/><W82/><G92/><T77/><D103/><U98/><E98/><V7/><F18/><W63/><G31/><T46/><D97/><U115/><E115/><V34/><F34/><W132/><G33/><T17/><D17/><U8/><E8/><N who="2" m="3147" /><F7/><W121/><G132/><T10/><D4/><U118/><E118/><V50/><AGARI ba="1,3" hai="50,52,57,70,71" m="3147,17423,43625" machi="50" ten="30,2000,0" yaku="11,1,54,1" doraHai="0" who="2" fromWho="2" sc="235,-6,245,-11,242,53,248,-6" /><INIT seed="2,0,0,5,1,78" ten="229,234,295,242" oya="2" hai0="80,98,44,33,110,104,11,95,55,35,132,102,109" hai1="23,15,8,90,70,122,91,93,46,67,41,87,52" hai2="24,28,111,81,61,128,124,39,135,13,66,59,89" hai3="60,2,114,1,131,42,34,103,26,83,16,126,125"/><V107/><F107/><W88/><G131/><T27/><D132/><U64/><E122/><V97/><F135/><W21/><G114/><T129/><D129/><U9/><E70/><V79/><F128/><W92/><G42/><T32/><D104/><U29/><E8/><V51/><F39/><W49/><G49/><N who="0" m="29095" /><D11/><U40/><E40/><V84/><F124/><N who="3" m="47723" /><G34/><T73/><D73/><U75/><E75/><V101/><F111/><N who="0" m="42506" /><D27/><N who="1" m="16639" /><E41/><V63/><F63/><W96/><G60/><T77/><D77/><U0/><E0/><V99/><F13/><W45/><G45/><T112/><D112/><U68/><E68/><V133/><F133/><W10/><G10/><T19/><D19/><N who="1" m="8687" /><E91/><V4/><F4/><W117/><G117/><T113/><D113/><U53/><E53/><N who="2" m="32191" /><F89/><W3/><G1/><T115/><D115/><U85/><E85/><AGARI ba="0,0" hai="2,3,16,21,26,83,85,88,92,96,103" m="47723" machi="85" ten="30,7700,0" yaku="18,1,52,1,54,2" doraHai="78" who="3" fromWho="1" sc="229,0,234,-77,295,0,242,77" /><INIT seed="3,0,0,1,3,55" ten="229,157,295,319" oya="3" hai0="2,68,9,120,6,45,81,30,53,18,124,10,28" hai1="39,20,102,11,132,127,112,67,58,99,91,59,8" hai2="121,35,33,80,93,128,23,83,36,1,16,87,95" hai3="14,78,34,115,98,56,77,26,73,90,97,51,3"/><W111/><G3/><T60/><D120/><U71/><E112/><V104/><F104/><W88/><G115/><T117/><D117/><U131/><E39/><V15/><F36/><W69/><G69/><T118/><D118/><U125/><E132/><V29/><F1/><W74/><G14/><N who="0" m="5431" /><D68/><U116/><E116/><V76/><F121/><W85/><G26/><T57/><D2/><U119/><E119/><V47/><F128/><W94/><G34/><T135/><D135/><U100/><E131/><V0/><F0/><W86/><G111/><T32/><D32/><U49/><E20/><N who="2" m="11295" /><F35/><W25/><G25/><T50/><D124/><N who="1" m="47691" /><E91/><N who="2" m="51687" /><F33/><W65/><G74/><T96/><D96/><N who="3" m="36969" /><G73/><T122/><D122/><U40/><E102/><V63/><F47/><W75/><G75/><T109/><D109/><U27/><E27/><N who="2" m="16639" /><F63/><N who="3" m="38119" /><G51/><T64/><D81/><AGARI ba="0,0" hai="77,78,81,85,86,88,90,94" m="38119,36969" machi="81" ten="30,5800,0" yaku="8,1,52,1,54,1" doraHai="55" who="3" fromWho="0" sc="229,-58,157,0,295,0,319,58" owari="171,-22.9,157,-34.3,295,9.5,377,47.7" /></mjloggm>