<mjloggm ver="2.3"><GO type="225" lobby="0"/><UN n0="%E6%98%93%E5%88%A9%E8%96%A9%E4%BC%AF" n1="%E6%97%A5%E6%9B%9C%E6%97%A5%E3%82%88%E3%82%8A%E3%81%AE%E4%BD%BF%E8%80%85" n2="%E3%83%A9%E3%82%B9%E7%8E%87%EF%BC%93%E5%89%B2" n3="%E7%B4%94%E6%BD%94%E3%83%94%E3%83%A9%E3%83%8B%E3%82%A2" dan="17,17,17,17" rate="2170.94,2228.94,2203.12,2188.18" sx="F,M,F,M"/><TAIKYOKU oya="0"/><INIT seed="0,0,0,5,5,88" ten="250,250,250,250" oya="0" hai0="52,61,103,58,56,65,108,31,114,134,17,30,113" hai1="73,69,105,60,124,112,87,3,94,67,117,63,9" hai2="110,42,6,21,106,129,81,27,127,78,82,25,20" hai3="119,14,84,2,120,89,24,125,92,115,101,41,10"/><T23/><D134/><U104/><E117/><V48/><F106/><W50/><G115/><T107/><D108/><U135/><E73/><V43/><F110/><W118/><G125/><T22/><D107/><U18/><E135/><V53/><F129/><W36/><G36/><T38/><D38/><U8/><E124/><V100/><F100/><W75/><G75/><T79/><D79/><U62/><E112/><V32/><F32/><W72/><G72/><T11/><D11/><U51/><E51/><V59/><F6/><W121/><G2/><T131/><D131/><U40/><E40/><V109/><F127/><W71/><G71/><T85/><D103/><U39/><E39/><V45/><F109/><W28/><G101/><T66/><D85/><U83/><E83/><V44/><F78/><W68/><G68/><T12/><D66/><U7/><E67/><V57/><F48/><W19/><G50/><N who="0" m="30743" /><D114/><U74/><E69/><V80/><F82/><W0/><G0/><T90/><D113/><U91/><REACH who="1" step="1"/><E74/><REACH who="1" ten="250,240,250,250" step="2"/><V86/><F86/><W70/><G70/><T128/><D128/><U37/><E37/><V126/><F126/><W99/><G84/><T47/><D65/><U5/><E5/><V132/><F132/><W49/><G49/><T133/><D133/><U97/><E97/><V93/><F53/><W4/><G4/><T16/><D61/><U55/><E55/><V102/><F102/><W29/><G41/><T122/><D47/><U98/><E98/><V77/><F77/><W76/><G76/><T33/><D58/><U116/><E116/><V96/><F96/><RYUUKYOKU ba="0,1" sc="250,-15,240,15,250,15,250,-15" hai1="3,7,8,9,18,60,62,63,87,91,94,104,105" hai2="20,21,25,27,42,43,44,45,57,59,80,81,93" /><INIT seed="1,1,1,3,3,75" ten="235,255,265,235" oya="1" hai0="50,117,18,17,108,97,107,88,9,132,28,46,89" hai1="120,127,23,25,73,93,13,90,85,128,20,109,130" hai2="62,7,58,74,36,42,112,125,6,27,53,105,61" hai3="119,87,114,123,59,60,106,118,83,101,26,15,64"/><U57/><E120/><V19/><F105/><W0/><G123/><T131/><D117/><N who="3" m="44553" /><G0/><T65/><D108/><U40/><E73/><V49/><F125/><W12/><G114/><T96/><D131/><N who="1" m="50219" /><E127/><V4/><F112/><W135/><G135/><T98/><D107/><U24/><E109/><V69/><F74/><W77/><G26/><N who="1" m="10346" /><E40/><V82/><F69/><W47/><G47/><T67/><D28/><U78/><E57/><V21/><F36/><W22/><G22/><N who="1" m="8234" /><E13/><V84/><REACH who="2" step="1"/><F42/><REACH who="2" ten="235,255,255,235" step="2"/><W76/><G106/><T104/><D104/><U133/><E133/><V111/><F111/><W113/><G113/><T91/><D132/><U134/><E134/><V39/><F39/><W110/><G110/><T55/><REACH who="0" step="1"/><D9/><REACH who="0" ten="225,255,255,235" step="2"/><U8/><E8/><V34/><F34/><W86/><G101/><T102/><D102/><U32/><E32/><V94/><F94/><W2/><G2/><T41/><D41/><U44/><E44/><V51/><F51/><W122/><G122/><T95/><D95/><U70/><E70/><V103/><F103/><W115/><G115/><T37/><D37/><U3/><E3/><V71/><F71/><W11/><G11/><T45/><D45/><U68/><E68/><V126/><F126/><W31/><G31/><T48/><D48/><U52/><E52/><V33/><F33/><W124/><G124/><T35/><D35/><U29/><E29/><V80/><F80/><AGARI ba="1,3" hai="12,15,59,60,64,76,77,80,83,86,87" m="44553" machi="80" ten="30,3900,0" yaku="12,1,52,2" doraHai="75" who="3" fromWho="2" sc="225,0,255,0,255,-42,235,72" /><INIT seed="2,0,0,2,0,133" ten="225,255,213,307" oya="2" hai0="50,59,131,90,25,54,44,75,121,112,62,15,108" hai1="48,29,71,26,41,114,32,120,119,80,53,52,94" hai2="122,10,82,79,22,110,47,69,135,81,111,16,101" hai3="20,134,57,99,76,49,13,64,83,93,92,89,127"/><V88/><F122/><W66/><G134/><T17/><D121/><U0/><E120/><V58/><F69/><W1/><G1/><T85/><D112/><U129/><E114/><V130/><F135/><W30/><G127/><T24/><D75/><U98/><E119/><V65/><F130/><W31/><G92/><T78/><D78/><U56/><E129/><V102/><F10/><W11/><G66/><T23/><D108/><N who="2" m="41514" /><F47/><W132/><G20/><T95/><REACH who="0" step="1"/><D131/><REACH who="0" ten="215,255,213,307" step="2"/><U5/><E71/><V113/><F113/><W67/><G132/><T8/><D8/><U40/><E0/><V39/><F39/><W27/><G11/><T115/><D115/><U2/><E2/><V28/><F28/><W72/><G31/><T55/><AGARI ba="0,1" hai="15,17,23,24,25,44,50,54,55,59,62,85,90,95" machi="55" ten="20,5200,0" yaku="1,1,0,1,7,1,8,1,53,0" doraHai="133" doraHaiUra="128" who="0" fromWho="0" sc="215,62,255,-13,213,-26,307,-13" /><INIT seed="3,0,0,2,2,44" ten="277,242,187,294" oya="3" hai0="38,118,18,124,29,75,103,100,24,14,68,87,102" hai1="26,126,127,21,97,131,117,45,23,46,86,104,96" hai2="90,20,39,130,65,3,7,120,134,25,35,123,55" hai3="116,32,112,54,12,108,84,80,63,42,9,129,47"/><W52/><G32/><T82/><D75/><U125/><E131/><V30/><F39/><W101/><G112/><T53/><D118/><U33/><E117/><V4/><F65/><W111/><G116/><T62/><D38/><U11/><E86/><V40/><F40/><W41/><G101/><T132/><D132/><U70/><E70/><V95/><F130/><W121/><G121/><N who="2" m="46665" /><F3/><W66/><G42/><T98/><D68/><U81/><E81/><V28/><F134/><W19/><G41/><T106/><D62/><U49/><E11/><V59/><F30/><W15/><G15/><T67/><D67/><U0/><E0/><V2/><F35/><W122/><G122/><T128/><D53/><N who="1" m="29871" /><E46/><V6/><F2/><W37/><G37/><T43/><D43/><U133/><E133/><V78/><F78/><W64/><G129/><T8/><D124/><U72/><E72/><V31/><F31/><W34/><G34/><T79/><D128/><U91/><E33/><AGARI ba="0,0" hai="8,14,18,24,29,33,79,82,87,98,100,102,103,106" machi="33" ten="30,1000,0" yaku="7,1" doraHai="44" who="0" fromWho="1" sc="277,10,242,-10,187,0,294,0" /><INIT seed="4,0,0,1,4,95" ten="287,232,187,294" oya="0" hai0="14,119,90,59,99,58,67,74,9,50,6,122,39" hai1="46,20,100,127,106,92,21,24,44,45,38,37,93" hai2="36,118,130,43,34,107,4,11,105,52,86,87,57" hai3="117,135,5,102,83,121,31,75,55,70,125,78,0"/><T41/><D74/><U112/><E127/><V69/><F130/><W97/><G117/><T81/><D39/><U123/><E123/><V2/><F34/><W56/><G125/><T64/><D119/><U25/><E106/><V126/><F126/><W71/><G31/><T61/><D122/><U16/><E112/><V82/><F69/><W65/><G65/><N who="0" m="39095" /><D59/><U12/><E12/><V28/><F28/><W129/><G129/><T35/><D35/><U113/><E113/><V47/><F118/><W7/><G135/><T53/><D53/><U51/><E51/><V30/><F30/><W103/><G103/><T131/><D131/><U13/><E13/><V72/><F87/><W94/><G121/><T3/><D3/><U19/><E93/><V62/><REACH who="2" step="1"/><F86/><REACH who="2" ten="287,232,177,294" step="2"/><W15/><G70/><T134/><D134/><U109/><E109/><V104/><F104/><W40/><G71/><T1/><D81/><U133/><E133/><V54/><F54/><W26/><G55/><T29/><D29/><U22/><E22/><V18/><F18/><W68/><G68/><T89/><D67/><U63/><E63/><V60/><F60/><W76/><G83/><T49/><D64/><U27/><E27/><V8/><F8/><W114/><G114/><T66/><D9/><U23/><E21/><V108/><F108/><W91/><G26/><T85/><D66/><U110/><E110/><V84/><F84/><W101/><G75/><T115/><D85/><U132/><E132/><V33/><F33/><W79/><G78/><AGARI ba="0,1" hai="2,4,11,36,43,47,52,57,62,72,78,82,105,107" machi="78" ten="40,8000,1" yaku="1,1,25,2,54,1,53,0" doraHai="95" doraHaiUra="98" who="2" fromWho="3" sc="287,0,232,0,177,90,294,-80" /><INIT seed="5,0,0,1,2,27" ten="287,232,267,214" oya="1" hai0="92,133,5,91,16,67,49,134,89,114,101,122,123" hai1="13,8,65,11,71,3,17,23,77,59,40,115,135" hai2="98,127,118,93,43,121,73,53,75,126,38,47,80" hai3="56,70,116,76,26,28,69,37,45,110,19,113,54"/><U48/><E115/><V86/><F53/><W30/><G110/><T32/><D32/><U51/><E135/><N who="0" m="51721" /><D5/><U90/><E71/><V50/><F121/><N who="0" m="46090" /><D67/><U94/><E77/><V63/><F63/><W36/><G76/><T20/><D49/><U130/><E130/><V105/><F118/><W29/><G113/><T129/><D129/><U107/><E107/><V25/><F25/><W132/><G132/><T24/><D114/><U55/><E65/><V125/><F105/><W33/><G116/><T46/><D46/><N who="1" m="25671" /><E3/><V79/><REACH who="2" step="1"/><F38/><REACH who="2" ten="287,232,257,214" step="2"/><W44/><G33/><T106/><D106/><U108/><E108/><V60/><F60/><W100/><G44/><T4/><D4/><U119/><E119/><V95/><F95/><W66/><G36/><T96/><AGARI ba="0,1" hai="16,20,24,89,91,92,96,101" m="46090,51721" machi="96" ten="40,5200,0" yaku="20,1,13,1,54,1" doraHai="27" who="0" fromWho="0" sc="287,62,232,-26,257,-13,214,-13" owari="349,44.9,206,-19.4,244,4.4,201,-29.9" /></mjloggm>