<mjloggm ver="2.3"><GO type="225" lobby="0"/><UN n0="%E6%81%A5%E6%99%92%E3%81%97" n1="%E3%81%8B%E3%82%8F%E3%81%A1%E3%82%83%E3%82%93%35%38" n2="%54%4F%52" n3="%6C%61%6D%62" dan="16,16,17,16" rate="2168.34,2134.66,2185.57,2228.08" sx="M,M,M,M"/><TAIKYOKU oya="0"/><INIT seed="0,0,0,0,3,71" ten="250,250,250,250" oya="0" hai0="48,83,114,42,25,7,12,46,9,34,94,130,127" hai1="125,75,47,1,2,16,111,70,37,39,101,98,5" hai2="51,78,8,30,65,31,50,110,0,123,15,66,93" hai3="26,6,59,100,60,74,80,53,115,128,13,89,73"/><T56/><D127/><U17/><E70/><V116/><F123/><W11/><G115/><T38/><D130/><U4/><E75/><V90/><F0/><W62/><G128/><T88/><D114/><U84/><E84/><N who="2" m="52423" /><F78/><W52/><G100/><T40/><D83/><U19/><E125/><V91/><F91/><W124/><G124/><T129/><D129/><U41/><E111/><V24/><F110/><W135/><G135/><T134/><D134/><U58/><E39/><V69/><F69/><W61/><G26/><T122/><D122/><U131/><E131/><V76/><F76/><W57/><REACH who="3" step="1"/><G61/><REACH who="3" ten="250,250,250,240" step="2"/><T133/><D133/><U55/><E1/><V113/><F24/><W33/><G33/><T63/><D34/><U45/><E2/><V103/><F103/><W107/><G107/><T35/><D35/><U102/><E102/><V3/><F113/><W104/><G104/><T32/><D32/><U97/><E101/><V95/><F3/><W82/><G82/><T27/><D63/><U105/><E105/><V64/><F95/><W120/><G120/><T23/><D27/><U99/><REACH who="1" step="1"/><E45/><REACH who="1" ten="250,240,250,240" step="2"/><V43/><F116/><W117/><G117/><T14/><D46/><U72/><E72/><V20/><F31/><W86/><AGARI ba="0,2" hai="6,11,13,52,53,57,59,60,62,73,74,80,86,89" machi="86" ten="30,7900,0" yaku="1,1,0,1,9,1,54,1,53,0" doraHai="71" doraHaiUra="132" who="3" fromWho="3" sc="250,-39,240,-20,250,-20,240,99" /><INIT seed="1,0,0,3,3,111" ten="211,220,230,339" oya="1" hai0="19,32,69,107,62,49,11,95,130,121,92,4,43" hai1="25,93,60,81,26,101,50,12,51,56,52,59,132" hai2="73,3,128,45,10,55,131,65,117,36,77,106,84" hai3="118,21,134,78,18,31,44,66,53,28,8,38,126"/><U87/><E132/><V74/><F117/><W9/><G134/><T23/><D121/><U85/><E12/><V125/><F106/><W86/><G126/><T88/><D32/><U14/><E14/><V41/><F125/><W70/><G118/><T75/><D107/><U67/><E51/><V35/><F35/><W102/><G102/><T76/><D130/><N who="2" m="49706" /><F65/><W72/><G72/><T24/><D69/><U57/><E57/><V22/><F22/><W16/><G70/><T2/><D62/><U48/><E48/><V68/><F55/><W110/><G66/><T94/><D75/><U17/><E17/><N who="3" m="6762" /><G38/><T64/><D76/><U83/><E83/><N who="2" m="47215" /><F68/><W82/><G110/><T13/><D64/><U71/><E71/><V90/><F90/><W129/><G129/><T114/><D2/><U33/><E33/><V104/><F104/><W30/><G21/><T116/><D116/><U124/><E124/><V122/><F122/><W29/><N who="3" m="7168" /><DORA hai="5" /><W105/><G105/><T15/><D15/><U115/><E115/><V47/><F47/><W127/><G127/><T46/><D114/><U135/><E135/><V98/><F98/><AGARI ba="0,0" hai="4,11,13,19,23,24,43,46,49,88,92,94,95,98" machi="98" ten="30,7700,0" yaku="7,1,8,1,52,1,54,1" doraHai="111,5" who="0" fromWho="2" sc="211,77,220,0,230,-77,339,0" /><INIT seed="2,0,0,1,4,19" ten="288,220,153,339" oya="2" hai0="27,30,11,4,106,119,7,56,61,85,59,12,125" hai1="102,55,77,123,64,29,93,37,60,53,133,84,34" hai2="23,65,32,109,97,98,24,111,83,86,42,39,0" hai3="92,91,90,101,131,46,48,35,124,47,129,127,100"/><V5/><F32/><W114/><G35/><T78/><D106/><U28/><E37/><V120/><F120/><W54/><G114/><T135/><D125/><N who="3" m="48201" /><G46/><T130/><D135/><U81/><E133/><V80/><F65/><W38/><G38/><T20/><D130/><N who="3" m="49673" /><G90/><T21/><D119/><U134/><E134/><V14/><F0/><W1/><G1/><T79/><D4/><U122/><E34/><V13/><F42/><W99/><AGARI ba="0,0" hai="47,48,54,91,92,99,100,101" m="49673,48201" machi="99" ten="30,2000,0" yaku="18,1,19,1" doraHai="19" who="3" fromWho="3" sc="288,-5,220,-5,153,-10,339,20" /><INIT seed="3,0,0,1,5,29" ten="283,215,143,359" oya="3" hai0="42,81,85,104,90,34,6,114,73,1,67,32,30" hai1="122,130,50,52,2,116,36,39,80,13,46,26,3" hai2="98,41,35,127,102,77,61,59,9,134,75,45,71" hai3="4,79,113,118,110,97,117,115,124,70,69,65,99"/><W119/><G4/><T55/><D30/><U27/><E122/><V63/><F134/><W101/><G65/><T100/><D67/><U111/><E13/><V17/><F127/><W74/><G124/><T91/><D73/><U106/><E106/><V131/><F131/><W5/><G5/><T48/><D114/><N who="3" m="43529" /><G110/><T24/><D42/><U120/><E80/><V107/><F71/><W44/><G44/><T133/><D133/><U72/><E72/><V20/><F9/><W16/><G16/><T84/><D24/><U0/><E120/><V33/><F77/><W58/><G58/><T62/><D62/><U89/><E130/><V88/><F75/><W53/><G53/><T12/><D1/><U83/><E116/><V18/><F63/><W19/><G19/><T87/><D87/><U47/><E111/><V8/><F8/><W125/><G99/><T128/><D128/><U56/><E27/><V10/><F10/><W76/><G76/><T64/><D64/><U95/><E26/><N who="2" m="14607" /><F18/><W23/><G23/><T22/><D6/><U57/><E2/><V15/><F15/><W38/><G125/><T7/><D7/><U121/><E0/><V105/><F102/><W25/><G25/><T37/><D22/><U60/><E3/><V51/><F105/><N who="3" m="63663" /><G38/><T68/><D12/><U14/><E14/><V43/><F107/><W94/><G74/><T129/><D129/><U92/><E36/><V123/><F43/><W96/><G118/><T109/><D109/><U54/><E39/><V108/><F108/><W135/><G119/><T28/><D37/><U126/><E126/><RYUUKYOKU ba="0,0" sc="283,0,215,0,143,0,359,0" owari="283,8.3,215,-18.5,143,-35.7,359,45.9" /></mjloggm>