<mjloggm ver="2.3"><GO type="225" lobby="0"/><UN n0="%E3%81%8B%E3%82%8F%E3%81%A1%E3%82%83%E3%82%93%35%38" n1="%E7%99%BD%E5%80%89%E5%AF%9B%E4%B9%8B" n2="%E9%A6%AC%E5%BC%95%E7%81%AB%33" n3="%E7%9A%AE%E3%80%85" dan="16,16,16,16" rate="2128.88,2122.41,2121.62,2153.56" sx="M,M,M,M"/><TAIKYOKU oya="0"/><INIT seed="0,0,0,2,1,96" ten="250,250,250,250" oya="0" hai0="36,12,53,135,103,54,25,57,102,69,70,105,22" hai1="19,65,87,121,77,130,51,24,128,34,132,104,44" hai2="64,112,126,82,133,72,95,119,106,60,125,35,3" hai3="59,66,28,109,26,38,32,62,78,49,37,81,15"/><T127/><D36/><U108/><E104/><V71/><RYUUKYOKU type="yao9" ba="0,0" sc="250,0,250,0,250,0,250,0" hai2="3,35,60,64,71,72,82,95,106,112,119,125,126,133" /><INIT seed="0,1,0,0,5,119" ten="250,250,250,250" oya="0" hai0="115,85,83,114,49,126,90,75,51,13,132,7,89" hai1="84,15,70,14,80,0,16,113,10,35,30,27,128" hai2="121,23,101,116,18,68,131,124,4,58,77,72,112" hai3="41,44,39,37,24,87,99,117,96,55,60,38,22"/><T69/><D69/><U118/><E70/><V3/><F68/><W25/><G117/><T122/><D75/><U76/><E118/><V97/><F116/><W92/><G25/><T63/><D63/><U42/><E128/><V88/><F112/><W34/><G34/><T66/><D66/><U102/><E113/><V46/><F121/><W73/><G73/><T130/><D130/><U129/><E129/><V48/><F131/><W95/><G87/><T86/><D126/><U135/><E135/><V125/><F72/><W127/><G127/><N who="2" m="48713" /><F58/><W28/><G60/><T56/><D132/><U20/><E102/><V50/><F77/><W52/><G95/><T91/><D122/><U134/><E134/><V71/><F71/><W40/><G99/><T107/><D107/><U19/><E42/><V17/><F4/><W32/><G32/><T21/><D115/><U120/><REACH who="1" step="1"/><E0/><REACH who="1" ten="250,240,250,250" step="2"/><V54/><F3/><W108/><G108/><T26/><D114/><U64/><E64/><V105/><F101/><W100/><REACH who="3" step="1"/><G40/><REACH who="3" ten="250,240,250,240" step="2"/><T47/><D90/><U103/><E103/><V33/><F88/><W31/><G31/><N who="0" m="17871" /><D91/><U57/><E57/><V82/><F105/><W81/><G81/><T98/><D98/><U53/><E53/><AGARI ba="1,2" hai="22,24,28,37,38,39,41,44,52,53,55,92,96,100" machi="53" ten="40,2600,0" yaku="1,1,54,1,53,0" doraHai="119" doraHaiUra="11" who="3" fromWho="1" sc="250,0,240,-29,250,0,240,49" /><INIT seed="1,0,0,5,1,87" ten="250,211,250,289" oya="1" hai0="75,66,53,124,2,133,5,98,134,74,61,14,91" hai1="83,73,32,105,8,115,10,31,125,100,22,42,79" hai2="113,94,3,44,60,70,92,118,104,82,119,17,1" hai3="15,33,49,57,129,111,128,50,37,131,56,76,54"/><U106/><E32/><V112/><F104/><W43/><G33/><T51/><D2/><N who="2" m="522" /><F82/><W108/><G76/><T39/><D39/><U99/><E115/><N who="2" m="44107" /><F17/><W30/><G30/><T116/><D116/><N who="2" m="44586" /><F44/><N who="3" m="23663" /><G15/><T132/><D74/><U102/><E125/><V38/><F38/><W41/><G41/><T78/><D124/><U40/><E40/><V101/><F101/><W26/><G26/><T21/><D78/><U59/><E42/><V126/><F126/><W58/><G49/><T130/><D75/><U4/><E59/><AGARI ba="0,0" hai="50,54,56,57,58,59,108,111,128,129,131" m="23663" machi="59" ten="40,5200,0" yaku="19,1,34,2" doraHai="87" who="3" fromWho="1" sc="250,0,211,-52,250,0,289,52" /><INIT seed="2,0,0,0,0,70" ten="250,159,250,341" oya="2" hai0="29,87,16,49,123,134,98,2,129,127,13,27,83" hai1="107,47,91,96,54,59,31,19,41,69,125,109,8" hai2="42,55,105,52,85,71,5,32,18,56,7,23,119" hai3="66,72,104,0,117,116,25,79,135,44,64,43,30"/><V58/><F119/><W1/><G104/><T120/><D2/><U121/><E69/><V37/><F71/><W40/><G135/><T77/><D134/><U24/><E121/><V78/><F32/><W35/><G40/><T45/><D129/><U9/><E109/><V11/><F105/><W4/><G66/><T34/><D98/><U74/><E74/><V39/><F42/><W28/><G28/><T92/><D92/><U93/><E107/><V130/><F130/><W61/><G4/><T88/><D77/><U63/><E125/><V46/><F46/><W3/><G64/><T22/><REACH who="0" step="1"/><D127/><REACH who="0" ten="240,159,250,341" step="2"/><U65/><E65/><V89/><F78/><W10/><G117/><T110/><D110/><U60/><E60/><V132/><F132/><W95/><G61/><T21/><D21/><U12/><E31/><V6/><F11/><W84/><G95/><T118/><D118/><U124/><E124/><V26/><F85/><W20/><G84/><T36/><D36/><U81/><E81/><V86/><F86/><W17/><G116/><T53/><AGARI ba="0,1" hai="13,16,22,27,29,34,45,49,53,83,87,88,120,123" machi="53" ten="20,8000,1" yaku="1,1,0,1,7,1,54,2,53,0" doraHai="70" doraHaiUra="68" who="0" fromWho="0" sc="240,90,159,-20,250,-40,341,-20" /><INIT seed="3,0,0,4,0,42" ten="330,139,210,321" oya="3" hai0="83,25,53,4,35,116,54,76,66,7,109,41,29" hai1="34,21,59,96,78,79,63,58,67,80,17,69,37" hai2="24,120,91,77,31,100,98,132,47,3,89,93,88" hai3="108,65,46,19,30,44,10,27,122,32,71,1,111"/><W23/><G122/><T134/><D116/><U40/><E34/><V2/><F120/><W22/><G71/><T48/><D41/><U102/><E79/><V112/><F112/><W124/><G65/><T50/><D66/><U107/><E21/><V126/><F132/><W49/><G124/><T114/><D109/><N who="3" m="42057" /><G44/><T55/><D134/><U6/><E17/><V84/><F126/><W60/><G60/><T61/><D61/><U38/><E6/><V90/><F77/><W52/><G19/><T87/><REACH who="0" step="1"/><D114/><REACH who="0" ten="320,139,210,321" step="2"/><U135/><E135/><V20/><REACH who="2" step="1"/><F47/><REACH who="2" ten="320,139,200,321" step="2"/><W64/><G64/><T16/><D16/><U51/><E69/><V45/><F45/><W5/><AGARI ba="0,2" hai="1,5,10,22,23,27,30,32,46,49,52" m="42057" machi="5" ten="30,11700,0" yaku="14,1,10,1,52,1,54,1" doraHai="42" who="3" fromWho="3" sc="320,-39,139,-39,200,-39,321,137" owari="281,8.1,100,-40.0,161,-23.9,458,55.8" /></mjloggm>