<mjloggm ver="2.3"><GO type="225" lobby="0"/><UN n0="%E9%A6%AC%E5%BC%95%E7%81%AB%33" n1="%4B%52%E9%BA%BB%E9%9B%80" n2="%E6%A1%9C%E8%8A%B1%E9%96%83%E3%80%85" n3="%E3%83%96%E3%83%83%E3%83%91%E3%82%AA%E3%83%96%E3%83%81%E3%82%AD%E3%83%B3" dan="16,17,17,17" rate="2087.49,2249.33,2265.31,2210.13" sx="M,M,M,M"/><TAIKYOKU oya="0"/><INIT seed="0,0,0,1,1,60" ten="250,250,250,250" oya="0" hai0="81,3,120,97,89,117,101,71,107,78,0,125,123" hai1="37,23,68,12,113,61,40,39,38,115,28,16,29" hai2="106,1,75,92,34,20,59,69,70,99,73,79,62" hai3="112,118,65,14,90,135,53,6,116,109,126,64,10"/><T133/><D117/><U9/><E40/><V45/><F1/><W66/><G112/><N who="1" m="43082" /><E9/><V13/><F34/><W8/><G109/><T19/><D125/><U17/><E17/><V27/><F106/><W57/><G126/><T74/><D133/><U32/><E32/><V86/><F13/><W77/><G135/><T98/><D71/><U87/><E87/><V46/><F75/><W108/><G108/><T49/><D49/><U130/><E130/><V41/><F73/><W83/><G90/><T35/><D35/><U119/><E119/><V124/><F70/><W95/><G95/><T102/><D3/><U43/><E43/><V76/><F69/><W100/><G100/><T31/><D31/><U105/><E105/><V15/><F15/><W122/><G10/><T96/><D0/><U114/><N who="1" m="43090" /><U36/><DORA hai="4" /><E36/><V93/><F86/><W48/><REACH who="3" step="1"/><G122/><REACH who="3" ten="250,250,250,240" step="2"/><T47/><D102/><U51/><E51/><V121/><F121/><W132/><G132/><T94/><D120/><U55/><E39/><V5/><F124/><W30/><G30/><T44/><D123/><U21/><E38/><V2/><F93/><W129/><G129/><T104/><D104/><U110/><E37/><V91/><F92/><W88/><G88/><T82/><D98/><U25/><E110/><V58/><F91/><W103/><G103/><T85/><D19/><U50/><E29/><V18/><F99/><W22/><G22/><T128/><D128/><U111/><E111/><V42/><F20/><W52/><G52/><T26/><D26/><U127/><E127/><V63/><F27/><RYUUKYOKU ba="0,1" sc="250,15,250,-15,250,-15,240,15" hai0="44,47,74,78,81,82,85,89,94,96,97,101,107" hai3="6,8,14,48,53,57,64,65,66,77,83,116,118" /><INIT seed="0,1,1,0,2,36" ten="265,235,235,255" oya="0" hai0="120,128,53,65,82,45,89,98,109,57,29,46,40" hai1="74,49,30,126,119,121,83,122,47,55,85,92,90" hai2="63,99,91,22,101,0,108,34,118,25,13,3,19" hai3="54,44,8,12,71,78,125,28,133,114,116,10,48"/><T77/><D120/><U80/><E119/><V79/><F118/><W70/><G114/><T64/><D128/><U110/><E110/><V21/><F108/><W132/><G116/><T14/><D109/><U5/><E126/><V86/><F34/><W52/><G125/><T16/><D29/><U66/><E30/><V73/><F63/><W56/><G28/><T75/><D89/><U100/><E66/><V61/><F61/><W39/><G78/><T24/><D45/><U106/><E5/><V97/><F73/><W41/><G54/><T117/><D98/><N who="1" m="61719" /><E83/><V123/><F123/><W112/><G112/><T104/><D24/><U43/><E55/><V134/><F97/><W84/><G84/><T107/><D107/><U51/><E51/><V129/><F99/><W60/><G8/><T42/><D104/><U20/><E20/><V9/><F22/><W76/><G76/><AGARI ba="1,1" hai="43,47,49,74,76,80,85,90,92,121,122" m="61719" machi="76" ten="30,2000,0" yaku="24,1,52,1" doraHai="36" who="1" fromWho="3" sc="265,0,235,33,235,0,255,-23" /><INIT seed="1,0,0,5,0,24" ten="265,268,235,232" oya="1" hai0="120,74,133,78,108,50,47,15,30,55,111,90,29" hai1="22,105,118,97,57,96,103,116,46,79,84,51,63" hai2="17,124,5,129,104,60,67,101,65,64,25,6,127" hai3="72,92,132,32,9,131,59,86,40,18,56,34,119"/><U135/><E135/><V58/><F129/><W107/><G72/><T11/><D133/><U70/><E70/><V115/><F115/><W121/><G132/><T114/><D114/><U91/><E79/><V102/><F104/><W33/><G121/><T8/><D120/><U41/><E97/><V68/><F68/><W83/><G107/><T77/><D90/><U126/><E22/><N who="2" m="13519" /><F127/><W53/><G131/><T42/><D42/><U88/><E126/><V62/><F124/><W16/><G119/><T12/><D78/><U37/><E37/><V26/><F26/><W2/><G40/><T52/><D55/><U100/><E100/><N who="2" m="38507" /><F62/><W0/><G92/><T19/><D77/><U128/><E91/><V4/><AGARI ba="0,0" hai="4,5,6,58,60,64,65,67" m="38507,13519" machi="4" ten="30,1100,0" yaku="8,1" doraHai="24" who="2" fromWho="2" sc="265,-3,268,-5,235,11,232,-3" /><INIT seed="2,0,0,1,1,12" ten="262,263,246,229" oya="2" hai0="4,54,81,74,35,3,108,15,96,110,52,62,14" hai1="127,101,39,50,58,34,120,104,43,112,124,19,40" hai2="135,59,26,79,0,13,111,60,22,69,32,11,23" hai3="77,66,78,10,109,88,8,100,90,61,25,106,28"/><V9/><F69/><W118/><G118/><T51/><D35/><U125/><E112/><V30/><F79/><W119/><G119/><T91/><D3/><U64/><E120/><V133/><F59/><W55/><G109/><N who="0" m="42091" /><D62/><N who="1" m="37975" /><E34/><V46/><F46/><W49/><G77/><N who="0" m="44215" /><D4/><U128/><E128/><V107/><F107/><W126/><G78/><T37/><D54/><U16/><E39/><V31/><F60/><W93/><G126/><T123/><D37/><U41/><E50/><V71/><F71/><W130/><G130/><T86/><D96/><AGARI ba="0,0" hai="16,19,40,41,43,96,101,104,124,125,127" m="37975" machi="96" ten="40,8000,1" yaku="18,1,52,2,54,1" doraHai="12" who="1" fromWho="0" sc="262,-80,263,80,246,0,229,0" /><INIT seed="3,0,0,1,4,21" ten="182,343,246,229" oya="3" hai0="16,96,131,116,109,61,20,27,101,93,77,55,31" hai1="107,121,67,18,63,118,7,91,103,33,102,46,80" hai2="9,38,122,133,54,49,60,104,113,40,119,65,99" hai3="45,78,30,35,4,44,1,71,29,36,75,123,83"/><W19/><G123/><T90/><D116/><U13/><E33/><V66/><F113/><W127/><G71/><T10/><D109/><U37/><E107/><V112/><F112/><W76/><G127/><T130/><D77/><U92/><E7/><V70/><F119/><W24/><G78/><T23/><D10/><U51/><E37/><V47/><F133/><W124/><G124/><T17/><D101/><U108/><E80/><V89/><F122/><W111/><G111/><T53/><D31/><U41/><E108/><V88/><F65/><W8/><G45/><T28/><D28/><U84/><E118/><V110/><F9/><W117/><G117/><T5/><D5/><U43/><E43/><V126/><F126/><W64/><G64/><T0/><D0/><U114/><E114/><V81/><F81/><W26/><G19/><T79/><D79/><U56/><E121/><V134/><F134/><W68/><G68/><T58/><D55/><U12/><E12/><AGARI ba="0,0" hai="12,16,17,20,23,27,53,58,61,90,93,96,130,131" machi="12" ten="40,8000,1" yaku="25,2,52,1,54,1" doraHai="21" who="0" fromWho="1" sc="182,80,343,-80,246,0,229,0" /><INIT seed="4,0,0,1,4,37" ten="262,263,246,229" oya="0" hai0="84,46,103,5,135,19,0,7,61,114,33,32,77" hai1="4,51,59,124,48,79,83,109,111,62,22,66,36" hai2="58,90,82,129,87,78,92,11,112,69,26,74,55" hai3="68,97,18,44,115,13,25,41,9,49,29,14,123"/><T91/><D114/><U86/><E36/><V121/><F112/><W3/><G115/><T110/><D135/><U118/><E118/><V131/><F121/><W134/><G123/><T120/><D120/><U101/><E124/><V56/><F69/><W98/><G134/><T35/><D77/><U54/><E101/><V63/><F11/><W67/><G3/><T88/><D103/><U73/><E4/><V116/><F116/><W106/><G106/><T85/><D46/><U57/><E73/><V42/><F26/><W107/><G107/><T45/><D45/><U52/><REACH who="1" step="1"/><E22/><REACH who="1" ten="262,253,246,229" step="2"/><V122/><F122/><W34/><REACH who="3" step="1"/><G13/><REACH who="3" ten="262,253,246,219" step="2"/><T93/><D0/><U30/><E30/><V31/><F31/><W8/><G8/><T64/><D110/><U60/><E60/><AGARI ba="0,2" hai="9,14,18,25,29,34,41,44,49,60,67,68,97,98" machi="60" ten="40,5200,0" yaku="1,1,52,1,53,1" doraHai="37" doraHaiUra="28" who="3" fromWho="1" sc="262,0,253,-52,246,0,219,72" /><INIT seed="5,0,0,1,1,36" ten="262,201,246,291" oya="1" hai0="15,77,98,106,70,20,65,101,133,86,87,124,97" hai1="69,113,14,35,92,56,62,47,3,60,26,64,125" hai2="109,23,7,42,68,53,28,6,105,2,102,131,90" hai3="104,57,76,8,132,29,24,34,93,10,128,130,85"/><U55/><E3/><V44/><F109/><W123/><G123/><T117/><D117/><U107/><E107/><V22/><F68/><W112/><G112/><T95/><D124/><U120/><E120/><V94/><F131/><N who="3" m="50219" /><G132/><T100/><D133/><U52/><E125/><V129/><F53/><W49/><G104/><T41/><D77/><U4/><E113/><V135/><F22/><W12/><G57/><T99/><D99/><U108/><E108/><V116/><F7/><N who="3" m="3103" /><G49/><T61/><D41/><U121/><E121/><V46/><F90/><N who="3" m="53455" /><G10/><T51/><D51/><U16/><E4/><V1/><F28/><W31/><G31/><T79/><D79/><AGARI ba="0,0" hai="24,29,34,76,79" m="53455,3103,50219" machi="79" ten="30,1000,0" yaku="19,1" doraHai="36" who="3" fromWho="0" sc="262,-10,201,0,246,0,291,10" owari="252,5.2,201,-29.9,246,-15.4,301,40.1" /></mjloggm>