<mjloggm ver="2.3"><GO type="225" lobby="0"/><UN n0="%E3%83%B4%E3%83%A0%EF%BC%99%E3%81%A6" n1="%72%69%6F%75%63%68%61%6E" n2="%E3%83%A9%E3%82%B9%E7%8E%87%EF%BC%93%E5%89%B2" n3="%E7%9A%AE%E3%80%85" dan="17,16,17,16" rate="2121.41,2095.70,2212.68,2163.62" sx="M,M,F,F"/><TAIKYOKU oya="0"/><INIT seed="0,0,0,4,3,95" ten="250,250,250,250" oya="0" hai0="132,130,87,11,44,32,26,105,80,64,69,109,48" hai1="42,18,61,9,1,82,14,17,104,55,85,50,135" hai2="23,16,102,122,103,127,40,59,60,62,19,98,21" hai3="106,53,28,49,41,7,45,94,75,66,4,29,51"/><T37/><D37/><U76/><E135/><V12/><F122/><W15/><G106/><T6/><D132/><U24/><E104/><V47/><F127/><W107/><G75/><T126/><D126/><U46/><E1/><V101/><F59/><W70/><G107/><T0/><D130/><U111/><E111/><V119/><F119/><W128/><G128/><T71/><D109/><U83/><E83/><V10/><F98/><W114/><G114/><T133/><D133/><U22/><REACH who="1" step="1"/><E61/><REACH who="1" ten="250,240,250,250" step="2"/><V20/><REACH who="2" step="1"/><F19/><REACH who="2" ten="250,240,240,250" step="2"/><W100/><G7/><T33/><D6/><U73/><E73/><V25/><F25/><W97/><G4/><T3/><D26/><U115/><E115/><V116/><F116/><W90/><G29/><T118/><D118/><U89/><E89/><V123/><F123/><W8/><G28/><T96/><D105/><U91/><E91/><V67/><F67/><W84/><G66/><T124/><D64/><U113/><E113/><V121/><F121/><W86/><G90/><T129/><D124/><U117/><E117/><V92/><F92/><W74/><G74/><T77/><D129/><U120/><E120/><V30/><F30/><W27/><G27/><T108/><D108/><U78/><E78/><V72/><F72/><W68/><G94/><T131/><D77/><U5/><E5/><V63/><F63/><W81/><G81/><T112/><D80/><U38/><E38/><AGARI ba="0,2" hai="10,12,16,20,21,23,38,40,47,60,62,101,102,103" machi="38" ten="40,2600,0" yaku="1,1,54,1,53,0" doraHai="95" doraHaiUra="2" who="2" fromWho="1" sc="250,0,240,-26,240,46,250,0" /><INIT seed="1,0,0,3,1,114" ten="250,214,286,250" oya="1" hai0="49,16,12,135,8,35,79,56,97,100,77,92,131" hai1="127,66,105,31,32,19,45,121,122,22,34,87,67" hai2="108,83,50,9,119,104,42,84,23,43,46,90,63" hai3="85,71,55,4,65,57,101,54,48,98,21,128,107"/><U113/><E113/><V59/><F119/><W2/><G128/><T27/><D131/><U134/><E105/><V109/><F104/><W117/><G85/><T68/><D68/><U28/><E45/><V81/><F23/><W125/><G125/><T10/><D135/><U51/><E51/><V3/><F83/><W15/><G2/><T89/><D8/><U102/><E102/><V116/><F116/><W124/><G124/><T64/><D35/><N who="1" m="13355" /><E127/><V40/><F9/><W47/><G117/><T74/><D74/><U24/><E87/><V36/><F3/><W25/><G71/><T29/><D100/><U44/><E44/><V75/><F75/><W123/><G123/><N who="1" m="47114" /><E66/><V30/><F30/><N who="1" m="11305" /><E67/><V41/><REACH who="2" step="1"/><F50/><REACH who="2" ten="250,214,276,250" step="2"/><W5/><G48/><T80/><D80/><U61/><E61/><V38/><F38/><W94/><G107/><T130/><D49/><U72/><E72/><V53/><AGARI ba="0,1" hai="36,40,41,42,43,46,53,59,63,81,84,90,108,109" machi="53" ten="30,2000,0" yaku="1,1,0,1,53,0" doraHai="114" doraHaiUra="132" who="2" fromWho="2" sc="250,-5,214,-10,276,30,250,-5" /><INIT seed="2,0,0,5,2,15" ten="245,204,306,245" oya="2" hai0="22,57,51,122,9,117,116,85,18,93,82,96,135" hai1="37,119,102,25,81,75,104,47,134,84,45,123,86" hai2="53,29,126,32,2,110,49,124,35,68,36,130,72" hai3="94,7,80,101,100,52,8,89,31,99,73,125,61"/><V27/><F36/><W1/><G125/><N who="2" m="48233" /><F68/><W106/><G31/><T118/><D122/><U46/><E119/><V58/><F72/><W5/><G5/><T38/><D38/><U12/><E134/><V41/><F2/><W30/><G30/><T76/><D135/><U24/><E123/><V78/><F78/><W71/><G71/><T74/><D9/><U10/><E37/><V0/><F0/><W50/><G61/><T87/><D57/><U67/><E75/><V120/><F120/><W95/><G101/><N who="0" m="60559" /><D51/><U131/><E67/><V42/><F35/><W69/><G69/><T23/><D23/><U113/><E113/><V105/><F105/><W60/><G60/><T88/><D88/><N who="1" m="51215" /><E104/><V64/><F64/><W115/><G115/><T33/><D33/><U39/><E39/><V3/><F3/><W11/><G11/><T26/><AGARI ba="0,0" hai="18,22,26,74,76,82,85,87,116,117,118" m="60559" machi="26" ten="30,2000,0" yaku="12,1,52,1" doraHai="15" who="0" fromWho="0" sc="245,20,204,-5,306,-10,245,-5" /><INIT seed="3,0,0,3,3,24" ten="265,199,296,240" oya="3" hai0="23,129,120,121,77,93,49,70,43,13,73,30,47" hai1="55,92,36,54,17,100,69,34,5,63,118,72,7" hai2="95,119,2,88,86,124,20,22,40,101,102,114,103" hai3="78,52,111,16,87,125,15,41,37,8,48,12,71"/><W9/><G71/><T110/><D70/><U94/><E36/><V21/><F114/><W31/><G125/><T135/><D110/><U109/><E109/><V131/><F119/><W4/><G37/><T89/><D129/><U10/><E72/><V112/><F112/><W27/><G111/><T53/><D135/><U82/><E118/><V60/><F2/><W50/><G41/><T44/><D73/><U79/><E34/><V0/><F0/><W66/><G66/><T115/><D115/><U67/><E17/><V113/><F113/><W42/><G42/><T106/><D106/><U122/><E122/><V38/><F131/><W46/><G50/><T33/><D33/><U133/><E133/><V134/><F134/><W45/><G87/><T123/><D77/><U126/><E126/><V99/><F124/><W116/><G78/><T58/><D43/><U105/><E105/><V59/><F40/><W127/><G116/><T19/><REACH who="0" step="1"/><D30/><REACH who="0" ten="255,199,296,240" step="2"/><U18/><E69/><V29/><F38/><W132/><G132/><T61/><D61/><U35/><E35/><V26/><REACH who="2" step="1"/><F86/><AGARI ba="0,1" hai="13,19,23,44,47,49,53,58,86,89,93,120,121,123" machi="86" ten="40,5200,0" yaku="1,1,25,2,53,0" doraHai="24" doraHaiUra="128" who="0" fromWho="2" sc="255,62,199,0,296,-52,240,0" owari="317,41.7,199,-30.1,244,4.4,240,-16.0" /></mjloggm>