<mjloggm ver="2.3"><GO type="225" lobby="0"/><UN n0="%65%78%69%73%74%2D%79" n1="%E3%83%B4%E3%83%A0%EF%BC%99%E3%81%A6" n2="%E5%8C%97%E6%AC%A7%E3%81%AE%E3%82%82%E3%81%93%E3%81%86" n3="%E3%82%A4%E3%83%BC%E3%82%B1%E3%83%97%E3%83%A9" dan="16,16,16,17" rate="2076.14,2176.73,2119.62,2197.81" sx="M,M,M,M"/><TAIKYOKU oya="0"/><INIT seed="0,0,0,0,0,115" ten="250,250,250,250" oya="0" hai0="34,42,99,96,123,129,0,93,38,2,107,84,114" hai1="102,68,111,100,74,132,29,117,5,65,46,16,53" hai2="98,7,76,121,119,95,94,41,72,133,9,17,14" hai3="55,103,77,92,70,25,79,131,60,120,122,113,12"/><T112/><D34/><U97/><E74/><V89/><F121/><N who="3" m="46699" /><G113/><T39/><D84/><U82/><E111/><V22/><F133/><W30/><G131/><T13/><D123/><U1/><E132/><V51/><F119/><W6/><G12/><T134/><D13/><U125/><E29/><V91/><F72/><W130/><G6/><T45/><D134/><U44/><E125/><V104/><F104/><W24/><G130/><T35/><D35/><U118/><E82/><V4/><F76/><N who="3" m="29259" /><G30/><T28/><D28/><U19/><E5/><V88/><F9/><W106/><G106/><T50/><D129/><U52/><E65/><V86/><F91/><W78/><N who="3" m="29267" /><W37/><DORA hai="73" /><G37/><T116/><D116/><U10/><E10/><V109/><F109/><W21/><G21/><T27/><D107/><U64/><E64/><V128/><F128/><W66/><G55/><T58/><D39/><U59/><E1/><V85/><F4/><W47/><G47/><T11/><D2/><U90/><E46/><N who="2" m="26063" /><F7/><W15/><G15/><T33/><D0/><U101/><E44/><V127/><F127/><W26/><G92/><T83/><D93/><U108/><E108/><V80/><F95/><W8/><G8/><T18/><D11/><U87/><E53/><V43/><F85/><W69/><G103/><T62/><D114/><U124/><E100/><V54/><F54/><W71/><AGARI ba="0,0" hai="24,25,26,60,66,69,70,71" m="29267,46699" machi="71" ten="40,8000,1" yaku="13,1,52,4" doraHai="115,73" who="3" fromWho="3" sc="250,-40,250,-20,250,-20,250,80" /><INIT seed="1,0,0,2,0,97" ten="210,230,230,330" oya="1" hai0="45,48,66,94,64,16,99,35,71,58,89,126,115" hai1="17,27,62,43,110,120,68,42,127,2,19,33,72" hai2="57,111,76,109,83,70,77,93,121,51,131,25,119" hai3="125,81,130,37,50,44,74,128,67,91,75,96,0"/><U18/><E120/><V24/><F70/><W103/><G0/><T22/><D35/><U47/><E72/><V112/><F119/><W21/><G37/><T41/><D115/><U23/><E127/><V134/><F121/><W4/><G4/><T65/><D126/><U56/><E68/><V92/><F112/><W6/><G6/><T108/><D108/><N who="2" m="41546" /><F131/><N who="3" m="50219" /><G67/><T3/><D3/><U129/><E129/><V8/><F134/><W28/><G125/><T98/><D71/><U1/><E33/><V7/><F57/><W132/><G132/><T114/><D114/><U87/><E110/><V79/><F51/><W20/><G91/><T123/><D123/><U53/><E42/><V36/><F83/><W49/><G49/><T34/><D34/><U46/><E46/><V54/><F54/><N who="3" m="30023" /><G28/><T86/><REACH who="0" step="1"/><D58/><REACH who="0" ten="200,230,230,330" step="2"/><U32/><E32/><V95/><F36/><W52/><G52/><T31/><D31/><U13/><E1/><AGARI ba="0,1" hai="1,7,8,24,25,76,77,79,92,93,95" m="41546" machi="1" ten="40,1300,0" yaku="14,1" doraHai="97" who="2" fromWho="1" sc="200,0,230,-13,230,23,330,0" /><INIT seed="2,0,0,2,2,71" ten="200,217,253,330" oya="2" hai0="73,24,117,23,30,75,128,79,21,119,66,5,76" hai1="95,20,53,81,26,18,64,90,106,105,78,101,32" hai2="49,135,38,54,77,116,43,97,83,12,127,67,11" hai3="58,123,118,19,0,44,15,69,2,102,130,98,42"/><V70/><F116/><N who="0" m="44618" /><D66/><U7/><E7/><V114/><F114/><W59/><G69/><T100/><D100/><U121/><E121/><V122/><F122/><W62/><G123/><T92/><D92/><U28/><E64/><V87/><F135/><W16/><G130/><T111/><D5/><U113/><E113/><V22/><F127/><W45/><G118/><T10/><D10/><U132/><E132/><V129/><F129/><W41/><G98/><T120/><D128/><U134/><E101/><V13/><F22/><N who="0" m="8202" /><D120/><U52/><E134/><V82/><F97/><W110/><G102/><T74/><D111/><U80/><E106/><V3/><F3/><W126/><G15/><T133/><D133/><U124/><E105/><V112/><F112/><W56/><G56/><T60/><D60/><U88/><E124/><V17/><F12/><W93/><G93/><T85/><D85/><N who="1" m="48279" /><E32/><AGARI ba="0,0" hai="24,30,32,73,74,75,76,79" m="8202,44618" machi="32" ten="40,1300,0" yaku="12,1" doraHai="71" who="0" fromWho="1" sc="200,13,217,-13,253,0,330,0" /><INIT seed="3,0,0,0,4,70" ten="213,204,253,330" oya="3" hai0="42,91,37,107,26,127,88,14,8,44,12,103,134" hai1="25,38,120,79,19,130,132,75,2,77,20,102,31" hai2="64,58,109,105,78,13,40,106,35,86,51,93,46" hai3="36,54,95,83,74,59,118,92,121,18,29,124,24"/><W117/><G121/><T69/><D134/><U90/><E120/><V43/><F109/><W17/><G36/><T128/><D127/><U111/><E2/><V28/><F40/><W115/><G115/><T7/><D128/><U11/><E130/><V119/><F35/><W63/><G124/><T22/><D69/><U30/><E132/><V5/><F28/><N who="1" m="10793" /><E75/><V53/><F64/><W67/><G74/><T71/><D71/><U57/><E38/><V33/><F33/><W32/><G83/><T55/><D14/><N who="1" m="7647" /><E111/><V60/><F93/><W52/><G95/><T125/><D125/><U10/><E10/><N who="2" m="4303" /><F119/><W133/><G133/><T101/><D55/><U65/><E102/><V23/><F23/><W41/><G41/><T49/><D37/><U116/><E116/><V131/><F131/><W110/><G110/><T112/><D112/><U123/><E123/><V0/><F0/><W114/><G114/><T50/><D50/><U66/><E90/><N who="0" m="34345" /><D107/><U99/><E99/><V82/><AGARI ba="0,0" hai="43,46,51,53,58,60,78,82,86,105,106" m="4303" machi="82" ten="30,1100,0" yaku="25,1" doraHai="70" who="2" fromWho="2" sc="213,-3,204,-3,253,11,330,-5" owari="210,-19.0,201,-29.9,264,6.4,325,42.5" /></mjloggm>