<mjloggm ver="2.3"><GO type="225" lobby="0"/><UN n0="%E3%81%BD%E3%81%A1%E3%81%9F%E3%81%93%E3%82%84" n1="%E3%81%8B%E3%82%8F%E3%81%A1%E3%82%83%E3%82%93%35%38" n2="%E6%A1%9C%E8%8A%B1%E9%96%83%E3%80%85" n3="%E6%B8%A9%E2%98%85%E6%83%85%E2%98%85%E6%8E%AA%E2%98%85%E7%BD%AE" dan="17,16,16,17" rate="2218.34,2123.58,2108.08,2217.52" sx="M,M,M,M"/><TAIKYOKU oya="0"/><INIT seed="0,0,0,0,0,2" ten="250,250,250,250" oya="0" hai0="108,1,38,60,120,82,135,42,14,123,94,45,28" hai1="78,61,64,57,9,34,8,63,30,83,37,55,10" hai2="103,0,100,126,20,80,105,89,54,81,47,87,36" hai3="111,116,13,27,66,3,110,106,132,104,40,29,93"/><T16/><D135/><U128/><E37/><V112/><F112/><W32/><G116/><T70/><D1/><U18/><E128/><V134/><F134/><W68/><G3/><T109/><D28/><U24/><E18/><V46/><F126/><W48/><G132/><T129/><D129/><U113/><E113/><V33/><F33/><W15/><G93/><T127/><D127/><U43/><E43/><V53/><F0/><W7/><G66/><N who="0" m="41287" /><D94/><U71/><REACH who="1" step="1"/><E9/><REACH who="1" ten="250,240,250,250" step="2"/><V19/><F36/><W49/><G40/><T39/><D38/><U92/><E92/><V6/><F105/><W88/><G106/><T125/><D125/><U119/><E119/><V11/><F11/><W44/><G104/><T74/><D82/><U117/><E117/><V67/><F19/><W22/><G29/><T84/><D74/><AGARI ba="0,1" hai="8,10,24,30,34,55,57,61,63,64,71,74,78,83" machi="74" ten="30,2000,0" yaku="1,1,7,1,53,0" doraHai="2" doraHaiUra="99" who="1" fromWho="0" sc="250,-20,240,30,250,0,250,0" /><INIT seed="1,0,0,2,0,29" ten="230,270,250,250" oya="1" hai0="25,40,75,128,11,2,63,52,112,82,60,65,102" hai1="66,105,96,47,9,61,121,42,92,15,117,129,110" hai2="127,108,77,85,101,34,126,26,89,104,41,46,21" hai3="4,7,57,100,5,18,116,67,113,13,55,12,17"/><U36/><E129/><V45/><F108/><W16/><G113/><T33/><D112/><U44/><E110/><V93/><F77/><W107/><G116/><T49/><D128/><U48/><E105/><V109/><F109/><W80/><G67/><T62/><D40/><U78/><E78/><V6/><F6/><W14/><G107/><T94/><D75/><U70/><E121/><V32/><F101/><W10/><G100/><T69/><D82/><U28/><E28/><N who="2" m="17487" /><F104/><W132/><G132/><T124/><D124/><N who="2" m="47658" /><F46/><W73/><G73/><T97/><D25/><U99/><E92/><V95/><F93/><W111/><G80/><T134/><D33/><U31/><E31/><V125/><N who="2" m="47666" /><V91/><DORA hai="71" /><F91/><W72/><G72/><T119/><D119/><U106/><E106/><V76/><F76/><W86/><G111/><T50/><D134/><U54/><REACH who="1" step="1"/><E117/><REACH who="1" ten="230,260,250,250" step="2"/><V19/><F19/><AGARI ba="0,1" hai="9,15,19,36,42,44,47,48,54,61,66,70,96,99" machi="19" ten="30,18000,2" yaku="1,1,2,1,7,1,52,1,53,2" doraHai="29,71" doraHaiUra="43,98" who="1" fromWho="2" sc="230,0,260,190,250,-180,250,0" /><INIT seed="1,1,0,1,1,30" ten="230,450,70,250" oya="1" hai0="12,94,42,2,82,134,31,18,74,25,78,33,0" hai1="128,37,5,90,28,54,70,6,63,8,56,52,13" hai2="11,127,3,76,100,44,73,15,99,108,125,115,101" hai3="124,96,129,102,114,121,51,132,105,17,97,19,21"/><U43/><E128/><V29/><F3/><W92/><G129/><T14/><D134/><U16/><E70/><V9/><F108/><W38/><G38/><T93/><D42/><U64/><E28/><V10/><F115/><W58/><G132/><T65/><D65/><U49/><E90/><V98/><F44/><W34/><G34/><T122/><D122/><U86/><E86/><V118/><F15/><W57/><G121/><T85/><D14/><U126/><E126/><V81/><F118/><W24/><G124/><T111/><D111/><U47/><E64/><V68/><F68/><W22/><G51/><T66/><D66/><U120/><E120/><V131/><F131/><W75/><G75/><T135/><D135/><U48/><E37/><V26/><F99/><W109/><G114/><T107/><D107/><U95/><E95/><V23/><REACH who="2" step="1"/><F101/><REACH who="2" ten="230,450,60,250" step="2"/><W1/><G1/><T110/><D110/><U83/><E83/><V32/><F32/><W88/><G109/><T112/><D112/><U80/><E80/><V20/><F20/><W62/><G22/><T39/><D0/><U36/><E36/><V59/><F59/><AGARI ba="1,1" hai="5,6,8,13,16,43,47,48,49,52,54,56,59,63" machi="59" ten="30,11600,0" yaku="7,1,8,1,54,2" doraHai="30" who="1" fromWho="2" sc="230,0,450,129,60,-119,250,0" owari="230,-17.0,579,67.9,-59,-55.9,250,5.0" /></mjloggm>