<mjloggm ver="2.3"><GO type="225" lobby="0"/><UN n0="%E9%A6%AC%E5%BC%95%E7%81%AB%33" n1="%E9%B7%B9%E5%80%89%E6%9D%8F%E9%88%B4" n2="%E6%A1%9C%E8%8A%B1%E9%96%83%E3%80%85" n3="%E7%99%BD%E5%92%B2%E8%8A%B1%E3%81%A1%E3%82%83%E3%82%93" dan="16,16,16,16" rate="2117.16,2139.06,2119.21,2158.91" sx="M,F,M,F"/><TAIKYOKU oya="0"/><INIT seed="0,0,0,0,1,4" ten="250,250,250,250" oya="0" hai0="27,127,19,108,22,96,103,120,118,90,135,1,63" hai1="93,75,70,60,15,49,28,36,116,42,131,20,52" hai2="21,58,104,110,102,41,113,51,89,86,9,126,98" hai3="91,2,68,80,125,29,124,73,46,10,65,87,62"/><T11/><D118/><U30/><E116/><V105/><F113/><W117/><G117/><T100/><D120/><U83/><E131/><V107/><F110/><W128/><G128/><T34/><D127/><U33/><E33/><V74/><F126/><W17/><G29/><T39/><D39/><U85/><E75/><V94/><F21/><W134/><G134/><T45/><D135/><U57/><E93/><V5/><F74/><W13/><G73/><T56/><D34/><U16/><E36/><V47/><REACH who="2" step="1"/><F58/><REACH who="2" ten="250,250,240,250" step="2"/><W31/><G125/><T109/><D109/><U24/><E24/><V119/><F119/><W6/><G124/><T79/><D108/><U97/><E97/><V132/><F132/><W106/><G46/><T88/><D45/><N who="1" m="25783" /><E70/><V67/><F67/><W32/><G32/><T77/><D96/><U66/><E66/><V69/><F69/><W123/><G123/><T37/><D27/><U55/><E55/><V18/><F18/><W99/><G99/><T25/><D25/><U82/><E82/><V121/><F121/><W8/><G31/><T129/><D19/><U43/><E43/><V26/><F26/><W111/><REACH who="3" step="1"/><G111/><REACH who="3" ten="250,250,240,240" step="2"/><T81/><D129/><U59/><E59/><V130/><F130/><W23/><G23/><T40/><D22/><U53/><E53/><V101/><F101/><W112/><G112/><T92/><D103/><U14/><E14/><AGARI ba="0,2" hai="5,9,14,41,47,51,86,89,94,98,102,104,105,107" machi="14" ten="30,7700,0" yaku="1,1,7,1,52,1,53,1" doraHai="4" doraHaiUra="3" who="2" fromWho="1" sc="250,0,250,-77,240,97,240,0" /><INIT seed="1,0,0,2,4,59" ten="250,173,337,240" oya="1" hai0="37,98,25,74,39,28,102,123,58,85,34,128,91" hai1="70,72,1,131,86,65,7,26,132,52,133,117,110" hai2="2,99,41,32,111,71,96,69,5,23,47,21,97" hai3="134,77,66,9,53,130,12,116,22,63,84,106,68"/><U76/><E117/><V10/><F32/><W61/><G116/><T83/><D128/><U125/><E72/><V11/><F111/><W93/><G130/><T8/><D123/><U33/><E131/><V101/><F101/><W51/><G106/><T67/><D74/><U15/><E125/><V62/><F11/><W30/><G134/><N who="1" m="51818" /><E1/><V124/><F124/><W55/><G63/><T87/><D87/><U6/><E110/><V16/><F62/><W90/><G77/><T45/><D58/><U109/><E109/><V48/><REACH who="2" step="1"/><F23/><REACH who="2" ten="250,173,327,240" step="2"/><W57/><G22/><T31/><D8/><N who="1" m="4503" /><E7/><V64/><F64/><W114/><G66/><T108/><D102/><U105/><E65/><V122/><F122/><W3/><G61/><T104/><D67/><U94/><E70/><V79/><F79/><W60/><G68/><T50/><D34/><U20/><E33/><V95/><F95/><W126/><G126/><T49/><D108/><U35/><E35/><V78/><F78/><W17/><G93/><T80/><D104/><U40/><E105/><V82/><F82/><W92/><G92/><T43/><D83/><N who="1" m="47463" /><E94/><V42/><F42/><W120/><G120/><T73/><D80/><U13/><E40/><V27/><AGARI ba="0,1" hai="2,5,10,16,21,27,41,47,48,69,71,96,97,99" machi="27" ten="30,4000,0" yaku="1,1,0,1,54,1,53,0" doraHai="59" doraHaiUra="29" who="2" fromWho="2" sc="250,-10,173,-20,327,50,240,-10" /><INIT seed="2,0,0,0,1,95" ten="240,153,377,230" oya="2" hai0="87,67,45,93,24,109,51,37,128,116,118,32,5" hai1="131,29,79,125,13,21,129,70,71,130,60,16,31" hai2="41,80,132,26,8,124,66,85,54,98,76,72,1" hai3="100,33,17,123,65,30,55,126,49,35,28,15,133"/><V117/><F117/><N who="0" m="45162" /><D109/><U34/><E79/><V89/><F132/><W42/><G123/><T115/><D115/><U39/><E39/><V114/><F114/><W27/><G126/><T2/><D128/><U18/><E125/><V110/><F124/><W77/><G133/><T134/><D134/><U6/><E60/><V0/><F110/><W14/><G42/><T64/><D37/><U12/><E6/><V68/><F41/><W105/><G77/><T58/><D58/><U75/><E75/><V61/><F54/><W97/><G65/><T46/><D46/><U99/><E99/><V94/><F26/><W107/><G107/><T43/><D24/><U7/><E7/><V10/><REACH who="2" step="1"/><F72/><REACH who="2" ten="240,153,367,230" step="2"/><W4/><G27/><T53/><D53/><U111/><E111/><V50/><F50/><W40/><G55/><T11/><D32/><U96/><E34/><V113/><F113/><W121/><G40/><T135/><D135/><U119/><E119/><V62/><F62/><W63/><G63/><T22/><D51/><U3/><E130/><V81/><F81/><W47/><G49/><T25/><D43/><U86/><E129/><V108/><F108/><W38/><G38/><T84/><D67/><U88/><E131/><V91/><F91/><W83/><G35/><T78/><D64/><U102/><E88/><V23/><F23/><W69/><G33/><T57/><D22/><U36/><E21/><V104/><F104/><W20/><G105/><T106/><D25/><U92/><E36/><V127/><F127/><W112/><G112/><T52/><D106/><U48/><E48/><RYUUKYOKU ba="0,1" sc="240,-10,153,-10,367,30,230,-10" hai2="0,1,8,10,61,66,68,76,80,85,89,94,98" /><INIT seed="2,1,1,4,2,107" ten="230,143,397,220" oya="2" hai0="116,8,117,29,72,67,88,99,81,118,32,37,110" hai1="41,42,9,121,63,14,104,71,2,62,130,69,57" hai2="80,36,10,111,60,23,97,126,20,100,39,30,125" hai3="49,132,79,92,120,70,135,113,95,3,90,102,58"/><V55/><F10/><W50/><G120/><T122/><D110/><U18/><E121/><V115/><F115/><W5/><G113/><T98/><D122/><U66/><E104/><N who="2" m="63503" /><F111/><W21/><G70/><T43/><D67/><U129/><E2/><V19/><F30/><W83/><G102/><T54/><D54/><U112/><E112/><V105/><F105/><W74/><G21/><N who="2" m="8265" /><F19/><W89/><G95/><T34/><D8/><U1/><E1/><V128/><F80/><W131/><G92/><N who="0" m="56583" /><D99/><U38/><E38/><V68/><F128/><W103/><G131/><T26/><D34/><U4/><E4/><V40/><F40/><W94/><G5/><T114/><D114/><U101/><E101/><V11/><F11/><W15/><G103/><T96/><D96/><U25/><E25/><V24/><F24/><W123/><G123/><T87/><D87/><U47/><E41/><V65/><F55/><W46/><G83/><T109/><D109/><U45/><E45/><V108/><F108/><W85/><G46/><N who="0" m="23919" /><D81/><U64/><REACH who="1" step="1"/><E57/><REACH who="1" ten="230,133,397,220" step="2"/><V6/><F6/><W13/><G58/><T33/><D33/><U22/><E22/><V61/><F36/><W127/><G3/><T53/><D32/><U84/><E84/><V59/><F39/><W0/><G0/><T76/><D26/><U56/><E56/><V44/><F44/><W35/><G35/><T133/><D118/><U78/><E78/><V75/><F59/><W52/><G79/><T7/><D116/><U28/><E28/><V73/><F68/><W134/><G134/><T48/><D133/><U86/><E86/><RYUUKYOKU ba="1,2" sc="230,-10,133,30,397,-10,220,-10" hai1="9,14,18,42,47,62,63,64,66,69,71,129,130" /><INIT seed="3,2,2,5,1,65" ten="220,163,387,210" oya="3" hai0="26,11,70,43,88,90,98,110,79,64,103,89,99" hai1="68,87,126,2,13,10,7,71,124,95,18,55,8" hai2="1,39,118,102,127,119,129,86,56,85,115,83,121" hai3="77,120,63,105,12,78,82,67,93,108,33,41,96"/><W117/><G117/><T57/><D110/><U32/><E32/><V91/><F1/><W101/><G120/><T0/><D70/><U84/><E55/><V74/><F39/><W44/><G108/><T40/><D79/><U45/><E45/><V130/><F115/><W106/><G33/><T16/><D0/><U60/><E60/><V80/><F74/><W122/><G122/><T104/><D104/><U53/><E53/><V21/><F121/><W69/><G12/><N who="0" m="7199" /><D26/><U123/><E123/><V49/><F102/><W76/><REACH who="3" step="1"/><G82/><REACH who="3" ten="220,163,387,200" step="2"/><T14/><D14/><U134/><E134/><V30/><F119/><W114/><G114/><T28/><D28/><U22/><E22/><V66/><F118/><W113/><G113/><T38/><D38/><AGARI ba="2,3" hai="38,41,44,63,67,69,76,77,78,93,96,101,105,106" machi="38" ten="40,3900,0" yaku="1,1,52,1,53,0" doraHai="65" doraHaiUra="52" who="3" fromWho="0" sc="220,-45,163,0,387,0,200,75" /><INIT seed="3,3,0,5,5,42" ten="175,163,387,275" oya="3" hai0="74,132,13,93,44,126,9,63,5,103,80,39,113" hai1="79,8,109,89,37,71,135,33,28,52,61,118,129" hai2="120,4,83,51,45,125,21,75,2,17,121,41,131" hai3="90,49,106,26,88,117,36,57,58,14,73,82,48"/><W85/><G117/><T95/><D132/><U86/><E37/><V87/><F75/><W114/><G114/><T133/><D133/><U40/><E135/><V0/><F131/><W64/><G36/><T27/><D113/><U84/><E40/><V18/><F125/><W60/><G106/><T31/><D126/><U110/><E118/><V101/><F101/><W99/><G73/><T59/><D103/><U43/><E43/><V100/><F100/><W54/><G14/><T66/><D44/><U30/><E129/><V122/><F4/><W34/><G48/><T76/><D39/><U127/><E8/><V98/><F98/><W1/><G1/><N who="2" m="617" /><F21/><AGARI ba="3,0" hai="5,9,13,21,27,31,59,63,66,74,76,80,93,95" machi="21" ten="30,1000,0" yaku="7,1" doraHai="42" who="0" fromWho="2" sc="175,19,163,0,387,-19,275,0" owari="194,-20.6,163,-33.7,368,46.8,275,7.5" /></mjloggm>