<mjloggm ver="2.3"><GO type="225" lobby="0"/><UN n0="%E6%9D%B1%E9%A2%A8%E3%81%AE%E3%81%8D%E3%82%83%E3%81%B7%E3%81%95%E3%82%93" n1="%4E%6F%2E%30%30%30%31" n2="%E5%91%A8%E6%9D%B1" n3="%E6%9C%88%E5%B3%B6%E5%9F%BA" dan="16,18,16,17" rate="2171.44,2238.75,2174.35,2200.60" sx="M,M,M,M"/><TAIKYOKU oya="0"/><INIT seed="0,0,0,4,0,56" ten="250,250,250,250" oya="0" hai0="39,119,62,77,116,114,121,23,58,48,106,49,18" hai1="89,83,25,21,76,4,61,32,57,99,97,126,110" hai2="123,105,37,54,51,134,85,43,80,64,91,60,45" hai3="128,9,0,88,124,6,15,17,86,13,132,8,7"/><T82/><D39/><U133/><E32/><V127/><F127/><W33/><G124/><T12/><D106/><U120/><E120/><V75/><F134/><W87/><G132/><T26/><D121/><U47/><E133/><V66/><F123/><W94/><G33/><T71/><D114/><U117/><E126/><V68/><F105/><W3/><G128/><T67/><D26/><U129/><E110/><V24/><F66/><W72/><G72/><T125/><D125/><U135/><E129/><V79/><F24/><W73/><G73/><T34/><D34/><U1/><E117/><V98/><F98/><W100/><G100/><T115/><D115/><U27/><E1/><V40/><REACH who="2" step="1"/><F37/><REACH who="2" ten="250,250,240,250" step="2"/><W28/><G28/><T55/><REACH who="0" step="1"/><D48/><REACH who="0" ten="240,250,240,250" step="2"/><U95/><E135/><V41/><F41/><W103/><G103/><T2/><D2/><U112/><E27/><V19/><F19/><W118/><G118/><T101/><D101/><U90/><E112/><V131/><F131/><W102/><G102/><T69/><D69/><U50/><E25/><V81/><AGARI ba="0,2" hai="40,43,45,51,54,60,64,68,75,79,80,81,85,91" machi="81" ten="20,5200,0" yaku="1,1,0,1,7,1,52,1,53,0" doraHai="56" doraHaiUra="111" who="2" fromWho="2" sc="240,-26,250,-13,240,72,250,-13" /><INIT seed="1,0,0,3,1,40" ten="214,237,312,237" oya="1" hai0="45,61,116,58,69,26,90,113,79,53,102,35,92" hai1="3,22,48,104,108,19,23,76,39,119,66,4,105" hai2="0,134,130,7,52,84,123,83,70,126,71,14,75" hai3="89,21,128,111,57,125,60,81,97,65,64,93,16"/><U107/><E119/><V67/><F123/><W96/><G111/><T44/><D116/><U12/><E39/><V91/><F134/><W34/><G34/><T37/><D113/><U99/><E108/><V18/><F130/><W43/><G128/><T100/><D69/><U117/><E117/><V112/><F112/><W132/><G132/><T63/><D37/><U9/><E76/><V41/><F126/><W106/><G125/><T85/><D79/><U133/><E133/><V110/><F75/><W121/><G121/><T82/><D35/><U46/><E66/><V62/><F110/><W2/><G2/><T86/><D26/><U56/><E56/><V114/><F114/><W1/><G1/><T25/><D25/><U5/><E5/><V95/><F71/><W68/><G43/><T36/><D36/><U29/><E29/><V15/><F41/><W20/><G20/><T127/><D63/><U10/><REACH who="1" step="1"/><E99/><REACH who="1" ten="214,227,312,237" step="2"/><V98/><F7/><W11/><G65/><T118/><D118/><U55/><AGARI ba="0,1" hai="3,4,9,10,12,19,22,23,46,48,55,104,105,107" machi="55" ten="30,11700,0" yaku="1,1,2,1,0,1,52,1,53,0" doraHai="40" doraHaiUra="109" who="1" fromWho="1" sc="214,-39,227,127,312,-39,237,-39" /><INIT seed="1,1,0,1,4,70" ten="175,354,273,198" oya="1" hai0="38,108,29,92,115,110,9,63,14,32,4,114,22" hai1="74,47,42,75,20,1,44,13,43,49,26,76,34" hai2="55,52,111,51,23,84,99,3,85,11,31,36,116" hai3="67,65,113,119,21,93,8,95,126,122,60,50,88"/><U81/><E1/><V94/><F111/><N who="0" m="42538" /><D92/><U82/><E34/><V130/><F116/><W134/><G119/><T127/><D63/><U27/><E13/><V100/><F130/><W79/><G113/><N who="0" m="43019" /><D38/><U2/><E2/><V78/><F36/><W133/><G126/><T37/><D37/><U98/><E98/><V64/><F64/><W112/><G112/><T129/><D127/><U102/><E102/><V73/><F3/><W125/><G122/><T15/><D129/><U128/><E128/><V87/><F11/><W117/><G95/><T124/><D124/><U48/><E20/><V5/><F5/><W123/><G117/><T39/><D39/><U71/><E71/><V90/><F55/><W17/><G67/><T97/><D97/><U33/><E33/><V77/><F73/><W89/><G123/><T66/><D66/><U69/><E69/><V83/><F78/><AGARI ba="1,0" hai="26,27,42,43,44,47,48,49,74,75,76,78,81,82" machi="78" ten="40,7700,0" yaku="32,3" doraHai="70" who="1" fromWho="2" sc="175,0,354,80,273,-80,198,0" /><INIT seed="1,2,0,2,3,97" ten="175,434,193,198" oya="1" hai0="0,3,74,31,5,100,105,81,80,7,133,18,134" hai1="114,86,48,41,4,94,120,58,125,85,25,6,107" hai2="101,88,128,34,16,122,11,10,17,109,108,132,43" hai3="115,13,22,35,116,36,131,76,53,45,92,118,39"/><U117/><E114/><V102/><F34/><W19/><G115/><T113/><D113/><U91/><E117/><N who="3" m="45162" /><G131/><T24/><D18/><N who="2" m="7274" /><F122/><W57/><G35/><N who="0" m="20967" /><D80/><U78/><E107/><V69/><F69/><W99/><G45/><T66/><D66/><U110/><E125/><V90/><F43/><W28/><G28/><T32/><D32/><U104/><E104/><V8/><F128/><W73/><G76/><N who="0" m="44183" /><D7/><U65/><E120/><V87/><F132/><N who="0" m="50794" /><D5/><U49/><E25/><V40/><F40/><W96/><G73/><T75/><D75/><U64/><E41/><V127/><F127/><W71/><G71/><T82/><D82/><U93/><E78/><V55/><F55/><W70/><G70/><T123/><D123/><U84/><E4/><V112/><F112/><W42/><G42/><T126/><D126/><U67/><E6/><V89/><F87/><W29/><G29/><T106/><D106/><U9/><E84/><V51/><F51/><N who="3" m="30911" /><G92/><T62/><D62/><U26/><E94/><V50/><F50/><W119/><G119/><T27/><D27/><U38/><E26/><V2/><F2/><N who="0" m="554" /><D105/><U60/><E48/><V83/><F83/><W72/><G72/><T98/><D98/><AGARI ba="2,0" hai="13,19,22,36,39,96,98,99" m="30911,45162" machi="98" ten="30,1000,0" yaku="12,1" doraHai="97" who="3" fromWho="0" sc="175,-16,434,0,193,0,198,16" /><INIT seed="2,0,0,4,1,110" ten="159,434,193,214" oya="2" hai0="131,71,0,9,6,50,101,43,55,94,125,88,135" hai1="36,83,65,39,23,56,106,46,22,25,40,62,76" hai2="86,103,116,8,16,26,72,98,112,5,20,74,30" hai3="67,68,133,33,29,105,12,34,75,58,96,126,82"/><V18/><F116/><W84/><G126/><T130/><D71/><U3/><E106/><V28/><F112/><W89/><G133/><T122/><D122/><U124/><E124/><V61/><F86/><W42/><G42/><T118/><D125/><U14/><E3/><V121/><F121/><W132/><G132/><T32/><D135/><U24/><E36/><V104/><F30/><W95/><G58/><T37/><D118/><U2/><E2/><V81/><F61/><N who="3" m="40047" /><G12/><T117/><D117/><U70/><E70/><V57/><F57/><W59/><G59/><T4/><D32/><U27/><REACH who="1" step="1"/><E14/><REACH who="1" ten="159,424,193,214" step="2"/><V102/><F74/><AGARI ba="0,1" hai="22,23,24,25,27,39,40,46,56,62,65,74,76,83" machi="74" ten="40,2600,0" yaku="1,1,2,1,53,0" doraHai="110" doraHaiUra="108" who="1" fromWho="2" sc="159,0,424,36,193,-26,214,0" /><INIT seed="3,0,0,3,0,121" ten="159,460,167,214" oya="3" hai0="31,23,126,89,131,113,19,93,65,13,108,79,25" hai1="33,107,2,110,32,69,71,120,133,9,54,60,130" hai2="61,119,17,15,90,63,123,48,39,98,47,70,24" hai3="72,132,52,134,112,95,80,62,11,99,88,129,18"/><W14/><G112/><T26/><D113/><U86/><E86/><V82/><F123/><W115/><G115/><T114/><D114/><U124/><E54/><N who="2" m="29983" /><F119/><W4/><G129/><T56/><D131/><U92/><E92/><N who="2" m="56599" /><F70/><W97/><G97/><N who="0" m="57519" /><D126/><U44/><E9/><N who="2" m="6383" /><F39/><W78/><G4/><T135/><D135/><U109/><E44/><V38/><F38/><W20/><G11/><N who="0" m="6591" /><D108/><U59/><E59/><V74/><F74/><W45/><G45/><T102/><D102/><U12/><E12/><V16/><F82/><W68/><G68/><T55/><D26/><U37/><E60/><V46/><F46/><W30/><G30/><T64/><D79/><U85/><E85/><V96/><F96/><W87/><G72/><T111/><D111/><N who="1" m="42507" /><E37/><V36/><F36/><W104/><G14/><T53/><D53/><U43/><E43/><V40/><F40/><W103/><G52/><T57/><D56/><U77/><E77/><V41/><F41/><W27/><G62/><AGARI ba="0,0" hai="23,25,31,55,57,62,64,65" m="6591,57519" machi="62" ten="30,1000,0" yaku="8,1" doraHai="121" who="0" fromWho="3" sc="159,10,460,0,167,0,214,-10" owari="169,-23.1,460,56.0,167,-33.3,204,0.4" /></mjloggm>