<mjloggm ver="2.3"><GO type="225" lobby="0"/><UN n0="%E5%85%88%E7%89%A9%E3%81%AF%74%72%61%73%68" n1="%E7%89%B9%E6%9D%B1%E3%81%AF%E4%B8%96%E7%95%8C%E3%82%92%E6%95%91%E3%81%86" n2="%E3%82%AF%E3%82%A3%E3%82%A6" n3="%E6%B8%A1%E5%A4%A9%E8%97%8D" dan="17,16,16,16" rate="2159.31,2208.80,2082.89,2068.48" sx="M,M,M,M"/><TAIKYOKU oya="0"/><INIT seed="0,0,0,4,0,56" ten="250,250,250,250" oya="0" hai0="135,73,58,4,19,82,110,92,125,93,133,38,22" hai1="46,91,49,20,97,3,34,60,70,0,31,116,24" hai2="21,39,1,126,48,99,26,123,2,96,105,67,90" hai3="47,71,77,121,75,87,6,84,14,9,76,118,122"/><T7/><D38/><U11/><E116/><V53/><F39/><W23/><G118/><T37/><D37/><U101/><E20/><V66/><F123/><N who="3" m="47115" /><G71/><T132/><D125/><U120/><E120/><V13/><F126/><W102/><G102/><T33/><D33/><U83/><E11/><V81/><F105/><W86/><G75/><T104/><D104/><U51/><E91/><V106/><F106/><W112/><G112/><T62/><D110/><U69/><E83/><V100/><F100/><W40/><G23/><T111/><D111/><U16/><E16/><V54/><F13/><W57/><G57/><T55/><D82/><U79/><E79/><V27/><F81/><W113/><G113/><T129/><D129/><U89/><E89/><V63/><F90/><W134/><G134/><T5/><REACH who="0" step="1"/><D73/><REACH who="0" ten="240,250,250,250" step="2"/><U117/><E117/><V28/><F1/><W29/><G29/><T107/><D107/><U10/><E31/><V41/><F2/><W12/><G12/><AGARI ba="0,1" hai="4,5,7,12,19,22,55,58,62,92,93,132,133,135" machi="12" ten="50,9600,0" yaku="1,1,20,1,52,1,53,0" doraHai="56" doraHaiUra="95" who="0" fromWho="3" sc="240,106,250,0,250,0,250,-96" /><INIT seed="0,1,0,5,2,38" ten="346,250,250,154" oya="0" hai0="86,83,121,54,9,31,34,2,48,8,123,70,47" hai1="64,21,134,106,22,42,122,75,81,32,23,13,58" hai2="115,113,17,124,1,5,66,93,98,132,35,11,63" hai3="15,24,10,96,101,126,26,65,25,67,80,14,92"/><T52/><D70/><U127/><E122/><V77/><F124/><W3/><G126/><T40/><D34/><U116/><E127/><V95/><F35/><W39/><G39/><T57/><D31/><U73/><E116/><V16/><F132/><W79/><G3/><T74/><D54/><U30/><E106/><V44/><F44/><W61/><G15/><T27/><D27/><U90/><E134/><V45/><F45/><W50/><G50/><T102/><D102/><U71/><E71/><V20/><F77/><W37/><G37/><T19/><D74/><U135/><E13/><V59/><F17/><W51/><G51/><N who="0" m="27111" /><D2/><U69/><E69/><V62/><F62/><W28/><G61/><T130/><D130/><U108/><E32/><V129/><F129/><W49/><G49/><T104/><D104/><U125/><E30/><V82/><F82/><W114/><G114/><T60/><D123/><U43/><E135/><V4/><F4/><W0/><G0/><T103/><D103/><U46/><E75/><V89/><REACH who="2" step="1"/><F95/><REACH who="2" ten="346,250,240,154" step="2"/><W100/><G28/><T33/><D33/><U112/><E46/><V97/><F97/><W131/><G131/><T56/><D121/><U107/><E107/><V36/><F36/><W119/><G119/><T55/><D19/><U12/><E125/><V41/><F41/><W84/><REACH who="3" step="1"/><G101/><REACH who="3" ten="346,250,240,144" step="2"/><T18/><D18/><AGARI ba="1,2" hai="10,14,18,24,25,26,65,67,79,80,84,92,96,100" machi="18" ten="40,5200,0" yaku="1,1,2,1,8,1,53,0" doraHai="38" doraHaiUra="118" who="3" fromWho="0" sc="346,-55,250,0,240,0,144,75" /><INIT seed="1,0,0,2,5,68" ten="291,250,240,219" oya="1" hai0="73,108,23,79,2,11,101,88,37,32,127,45,7" hai1="114,69,98,109,87,22,110,80,54,55,124,116,103" hai2="135,118,43,95,38,62,40,47,1,51,6,59,130" hai3="58,85,24,82,28,99,74,52,92,30,104,34,91"/><U25/><E114/><V19/><F118/><W134/><G134/><T72/><D108/><N who="1" m="41579" /><E69/><V44/><F130/><W90/><G74/><T29/><D127/><U122/><E116/><V120/><F120/><W133/><G133/><T131/><D131/><U81/><E122/><V42/><F135/><W0/><G104/><T56/><D101/><U126/><E55/><N who="2" m="34175" /><F19/><W16/><G0/><T132/><D132/><U61/><E61/><V94/><F94/><W107/><G107/><T119/><D32/><U26/><E54/><N who="2" m="30055" /><F95/><W39/><G39/><T14/><D119/><U10/><E10/><V76/><F76/><W112/><G112/><T12/><D73/><U71/><E71/><V49/><F6/><W9/><G34/><T60/><D60/><U113/><E113/><V5/><F5/><W117/><G117/><T96/><D56/><U31/><E26/><V36/><F1/><W129/><G129/><T13/><D2/><U50/><E50/><V4/><F4/><W65/><G65/><T67/><D67/><U17/><E17/><V102/><F102/><W3/><G3/><T106/><D7/><U123/><E123/><V21/><F21/><N who="3" m="13351" /><G9/><T100/><D11/><U77/><E80/><V121/><F121/><W125/><G125/><T53/><D23/><U66/><E66/><V15/><F15/><W57/><G57/><T86/><D14/><U84/><E84/><V93/><F93/><AGARI ba="0,0" hai="22,25,31,77,81,87,93,98,103,124,126" m="41579" machi="93" ten="30,2900,0" yaku="14,1,10,1" doraHai="68" who="1" fromWho="2" sc="291,0,250,29,240,-29,219,0" /><INIT seed="1,1,0,3,2,93" ten="291,279,211,219" oya="1" hai0="4,62,96,2,126,5,64,104,54,80,52,95,117" hai1="26,97,98,6,132,71,19,130,75,123,122,69,15" hai2="83,27,124,38,50,28,91,49,107,58,92,24,67" hai3="89,86,56,60,128,42,39,11,110,77,43,45,81"/><U1/><E75/><V129/><F107/><W85/><G110/><T14/><D117/><U74/><E74/><V23/><F124/><W125/><G125/><T111/><D126/><U16/><E1/><V109/><F109/><W17/><G128/><T108/><D104/><U29/><E6/><V103/><F129/><W100/><G100/><T0/><D80/><U116/><E130/><V13/><F38/><W46/><G11/><T84/><D84/><U63/><E116/><V32/><F13/><W120/><G120/><T25/><D25/><U105/><E132/><V44/><F44/><W30/><G30/><T115/><D115/><U73/><E73/><V40/><F40/><W8/><G8/><T87/><D87/><U31/><E105/><V112/><F112/><W48/><G17/><T18/><D18/><U79/><E63/><V114/><F114/><W12/><G12/><T57/><D14/><U121/><E15/><V10/><F10/><W76/><REACH who="3" step="1"/><G86/><REACH who="3" ten="291,279,211,209" step="2"/><T35/><D111/><U22/><E121/><V119/><F119/><W78/><G78/><T72/><D108/><U118/><E118/><V41/><F103/><W135/><G135/><T34/><D2/><U70/><E79/><V66/><F28/><W61/><G61/><T51/><D72/><U133/><E31/><V127/><F127/><W102/><G102/><N who="0" m="60703" /><D0/><U59/><E123/><V36/><F32/><W55/><AGARI ba="1,1" hai="39,42,43,45,46,48,55,56,60,76,77,81,85,89" machi="55" ten="20,2700,0" yaku="1,1,0,1,7,1,53,0" doraHai="93" doraHaiUra="113" who="3" fromWho="3" sc="291,-8,279,-14,211,-8,209,40" /><INIT seed="2,0,0,3,2,3" ten="283,265,203,249" oya="2" hai0="84,74,14,42,47,40,0,132,66,33,117,111,93" hai1="78,116,13,103,9,88,61,44,95,19,106,101,4" hai2="8,105,43,11,118,76,56,35,99,57,70,59,2" hai3="121,30,34,21,15,64,109,54,123,129,68,77,24"/><V48/><F118/><W128/><G64/><T126/><D74/><U28/><E116/><V52/><F35/><W122/><G68/><T20/><D117/><U65/><E106/><V135/><F135/><W130/><G54/><T89/><D0/><U37/><E28/><V18/><F70/><W23/><G77/><T80/><D132/><U67/><E78/><V32/><F32/><W94/><G94/><T125/><D33/><U29/><E29/><V71/><F71/><W58/><G58/><T7/><D111/><U16/><E37/><V115/><F115/><W55/><G55/><T1/><D66/><N who="1" m="25099" /><E61/><V79/><F43/><W6/><G109/><T107/><D107/><U91/><E44/><V124/><F124/><N who="0" m="47722" /><D1/><U63/><E63/><V12/><F2/><W31/><G31/><T92/><D42/><U75/><E75/><V134/><F134/><W49/><G49/><N who="0" m="26855" /><D20/><U41/><E41/><V104/><F8/><AGARI ba="0,0" hai="6,8,15,21,23,24,30,34,121,122,123,128,129,130" machi="8" ten="50,8000,1" yaku="19,1,34,3,52,1" doraHai="3" who="3" fromWho="2" sc="283,0,265,0,203,-80,249,80" /><AGARI ba="0,0" hai="7,8,14,80,84,89,92,93" m="26855,47722" machi="8" ten="30,2000,0" yaku="18,1,52,1" doraHai="3" who="0" fromWho="2" sc="283,20,265,0,123,-20,329,0" /><INIT seed="3,0,0,0,5,41" ten="303,265,103,329" oya="3" hai0="32,79,106,133,116,20,58,69,8,120,103,91,112" hai1="64,92,39,6,9,121,68,93,113,15,60,108,77" hai2="117,25,47,59,76,66,24,29,45,3,37,115,104" hai3="95,114,99,89,38,42,75,34,132,13,72,33,125"/><W81/><G114/><T7/><D112/><U31/><E113/><V94/><F117/><W11/><G125/><T54/><D116/><U87/><E121/><V124/><F94/><W105/><G132/><T27/><D120/><U65/><E108/><V85/><F115/><W40/><G105/><T122/><D122/><U86/><E31/><V16/><F104/><W110/><G110/><T56/><D69/><U48/><E39/><V17/><F124/><W71/><G71/><T101/><D133/><U119/><E64/><V70/><F70/><W127/><G127/><T118/><D118/><U88/><E119/><V55/><F37/><W0/><G13/><T74/><D32/><U23/><E23/><N who="2" m="15551" /><F3/><W97/><G42/><T49/><D91/><U62/><E62/><N who="2" m="36223" /><F66/><W129/><G97/><T10/><D10/><U80/><REACH who="1" step="1"/><E48/><REACH who="1" ten="303,255,103,329" step="2"/><V21/><F17/><W51/><G51/><T44/><D20/><U57/><E57/><V98/><F98/><W63/><G99/><T52/><D58/><U19/><E19/><V1/><F1/><W26/><G0/><T131/><D56/><U128/><E128/><V4/><F4/><W46/><G129/><T14/><D131/><U135/><E135/><V22/><F22/><W109/><G33/><T100/><D27/><U123/><E123/><V18/><F18/><W107/><G26/><T43/><REACH who="0" step="1"/><D106/><REACH who="0" ten="293,255,103,329" step="2"/><U36/><E36/><V102/><F102/><W28/><G107/><T90/><D90/><U84/><E84/><V82/><AGARI ba="0,2" hai="16,21,24,45,47,76,82,85" m="36223,15551" machi="82" ten="30,7900,0" yaku="8,1,52,2,54,1" doraHai="41" who="2" fromWho="2" sc="293,-20,255,-20,103,99,329,-39" /><INIT seed="4,0,0,4,5,101" ten="273,235,202,290" oya="0" hai0="126,34,24,56,70,5,43,46,115,17,20,103,109" hai1="13,0,22,87,90,27,35,85,9,47,12,120,111" hai2="72,61,23,4,81,129,69,54,113,40,66,92,44" hai3="132,41,122,39,52,94,68,100,26,18,135,29,51"/><T130/><D70/><U96/><E111/><V75/><F113/><W6/><G68/><T7/><D115/><U127/><E120/><V77/><F129/><W48/><G122/><T45/><D34/><U28/><E127/><V64/><F64/><W21/><G6/><T19/><D130/><U107/><E0/><V30/><F92/><W104/><G104/><T125/><D109/><U112/><E112/><V118/><F118/><W31/><G39/><T124/><D19/><U10/><E35/><V53/><F72/><W106/><G106/><T121/><D121/><U71/><E71/><V83/><F83/><W131/><G131/><T74/><D74/><U95/><E107/><V108/><F108/><W98/><G41/><T49/><D103/><U78/><E78/><V80/><F80/><W116/><G116/><T36/><REACH who="0" step="1"/><D56/><REACH who="0" ten="263,235,202,290" step="2"/><U3/><E28/><N who="3" m="10826" /><G52/><AGARI ba="0,1" hai="5,7,17,20,24,36,43,45,46,49,52,124,125,126" machi="52" ten="40,7700,0" yaku="1,1,18,1,54,1,53,0" doraHai="101" doraHaiUra="33" who="0" fromWho="3" sc="263,87,235,0,202,0,290,-77" owari="350,45.0,235,3.5,202,-29.8,213,-18.7" /></mjloggm>