<mjloggm ver="2.3"><GO type="225" lobby="0"/><UN n0="%E2%98%86%E5%B0%8F%E5%AD%A6%E7%94%B7%E7%94%9F%E2%98%86" n1="%E9%80%86%E9%80%A3%E5%B8%AF%E3%81%AE%E9%AC%BC" n2="%E4%BF%BA%E3%81%A8%E5%A6%96%E5%A4%A2" n3="%E6%B8%A9%E2%98%85%E6%83%85%E2%98%85%E6%8E%AA%E2%98%85%E7%BD%AE" dan="17,17,16,17" rate="2168.31,2089.57,2209.54,2186.26" sx="M,M,F,M"/><TAIKYOKU oya="0"/><INIT seed="0,0,0,1,5,59" ten="250,250,250,250" oya="0" hai0="18,42,135,7,65,70,103,48,109,72,125,29,115" hai1="58,89,88,16,101,9,98,10,56,122,87,54,111" hai2="69,129,27,77,102,75,44,45,50,78,121,97,35" hai3="17,30,83,43,52,123,92,105,85,132,46,134,110"/><T33/><D115/><U8/><E122/><V106/><F121/><W91/><G123/><T21/><D72/><U94/><E111/><V47/><F129/><W119/><G105/><T108/><D125/><U82/><E58/><V34/><F69/><W67/><G119/><T68/><D135/><N who="3" m="51753" /><G110/><N who="0" m="42603" /><D103/><U4/><E16/><V128/><F128/><W22/><G30/><T11/><D7/><U80/><E4/><V90/><F90/><W37/><G67/><T3/><D3/><U31/><E31/><V76/><F75/><W118/><G118/><T12/><D65/><U57/><E54/><V38/><F38/><W113/><G113/><T124/><D33/><U126/><E126/><V40/><F35/><W60/><G83/><T61/><D124/><U131/><E131/><V20/><REACH who="2" step="1"/><F34/><REACH who="2" ten="250,250,240,250" step="2"/><W26/><G52/><T24/><D70/><U41/><E41/><V127/><F127/><W5/><G5/><T95/><D68/><U25/><E25/><V2/><F2/><W1/><G1/><T19/><D24/><U32/><E32/><V99/><F99/><W84/><G85/><AGARI ba="0,1" hai="8,9,10,56,57,80,82,85,87,88,89,94,98,101" machi="85" ten="40,5200,0" yaku="9,1,8,1,54,1" doraHai="59" who="1" fromWho="3" sc="250,0,250,62,240,0,250,-52" /><INIT seed="1,0,0,4,2,85" ten="250,312,240,198" oya="1" hai0="5,116,83,134,57,82,107,19,66,2,54,51,131" hai1="18,123,13,33,7,50,39,71,115,124,58,95,21" hai2="77,44,126,98,118,40,110,53,103,63,129,6,86" hai3="36,12,16,20,108,80,74,89,130,31,90,132,84"/><U35/><E123/><V111/><F118/><W1/><G1/><T11/><D107/><U96/><E115/><V17/><F126/><W122/><G122/><T81/><D116/><U24/><E124/><V62/><F129/><W101/><G74/><T27/><D134/><U34/><E71/><V70/><F6/><W26/><G132/><T135/><D135/><U76/><E39/><V15/><F53/><W133/><G133/><T106/><D106/><U113/><E113/><V93/><F70/><W109/><G36/><T38/><D38/><U10/><E76/><V100/><F100/><W127/><G127/><T114/><D114/><U72/><E72/><V60/><F44/><W32/><G101/><T48/><D66/><U37/><E37/><V68/><F40/><W3/><G3/><T28/><D19/><U78/><E78/><V91/><F77/><N who="3" m="46095" /><G130/><T99/><D99/><U64/><E50/><V69/><F69/><W49/><G49/><T119/><D119/><U120/><E120/><V67/><F111/><AGARI ba="0,0" hai="12,16,20,26,31,32,89,90,108,109,111" m="46095" machi="111" ten="30,7700,0" yaku="14,1,52,2,54,1" doraHai="85" who="3" fromWho="2" sc="250,0,312,0,240,-77,198,77" /><INIT seed="2,0,0,2,2,57" ten="250,312,163,275" oya="2" hai0="94,44,126,131,95,9,135,107,12,80,38,103,87" hai1="90,92,108,33,68,78,82,3,85,34,89,49,120" hai2="115,91,7,109,40,125,62,4,133,99,45,63,86" hai3="101,22,56,116,35,100,50,17,65,66,114,130,48"/><V70/><F115/><W97/><G35/><T127/><D38/><U96/><E3/><V30/><F125/><N who="0" m="47626" /><D44/><U26/><E120/><V59/><F133/><W79/><G116/><T111/><D111/><U36/><E36/><V61/><F109/><W15/><G114/><T71/><D71/><U83/><E108/><V124/><F124/><W51/><G130/><T18/><D135/><U2/><E2/><V10/><F70/><W93/><G79/><N who="0" m="46495" /><D131/><U25/><E68/><V29/><F99/><AGARI ba="0,0" hai="9,12,18,94,95,99,103,107" m="46495,47626" machi="99" ten="30,1000,0" yaku="18,1" doraHai="57" who="0" fromWho="2" sc="250,10,312,0,163,-10,275,0" /><INIT seed="3,0,0,0,5,127" ten="260,312,153,275" oya="3" hai0="110,43,90,38,84,97,73,123,25,82,14,109,15" hai1="54,76,41,134,24,35,64,70,104,128,116,3,71" hai2="77,36,23,94,93,11,34,91,44,42,13,40,53" hai3="83,89,50,92,55,0,111,27,69,75,124,31,63"/><W112/><G112/><T135/><D123/><U65/><E3/><V105/><F34/><W113/><G113/><T22/><D135/><U117/><E104/><V16/><F105/><W32/><G0/><T108/><D73/><U103/><E103/><V9/><F77/><W132/><G132/><T33/><D33/><U56/><E76/><V37/><F93/><W126/><G111/><T51/><D38/><U5/><E5/><V114/><F114/><W62/><G75/><T87/><D97/><U46/><E134/><V57/><F37/><W61/><G83/><T47/><REACH who="0" step="1"/><D87/><REACH who="0" ten="250,312,153,275" step="2"/><U95/><E35/><V2/><F2/><W60/><N who="3" m="15360" /><DORA hai="58" /><W28/><G28/><AGARI ba="0,1" hai="14,15,22,25,28,43,47,51,82,84,90,108,109,110" machi="28" ten="40,5200,0" yaku="1,1,14,1,53,1" doraHai="127,58" doraHaiUra="39,129" who="0" fromWho="3" sc="250,62,312,0,153,0,275,-52" owari="312,41.2,312,11.2,153,-34.7,223,-17.7" /></mjloggm>