<mjloggm ver="2.3"><GO type="225" lobby="0"/><UN n0="%E6%81%A5%E6%99%92%E3%81%97" n1="%E9%B4%A8%4E%45%47%49" n2="%E6%B7%91%E5%A5%B3%E3%81%AE%E5%97%9C%E3%81%BF" n3="%E6%B8%A9%E2%98%85%E6%83%85%E2%98%85%E6%8E%AA%E2%98%85%E7%BD%AE" dan="16,16,16,17" rate="2143.97,2076.75,2093.31,2210.25" sx="M,M,M,M"/><TAIKYOKU oya="0"/><INIT seed="0,0,0,5,0,24" ten="250,250,250,250" oya="0" hai0="30,38,56,122,0,83,46,68,55,112,120,104,31" hai1="19,11,123,125,103,84,69,8,116,78,134,106,32" hai2="66,59,90,10,117,86,12,108,109,60,58,72,7" hai3="47,70,53,132,82,14,29,102,48,94,37,87,92"/><T128/><D112/><U118/><E123/><V64/><F72/><W96/><G70/><T121/><D104/><U17/><E32/><V85/><F117/><W54/><G132/><T35/><D35/><U119/><E69/><V16/><F7/><W81/><G37/><T71/><D0/><U74/><E74/><V133/><F133/><W49/><G14/><T65/><D128/><U107/><E134/><V22/><F10/><W61/><G61/><N who="0" m="39983" /><D83/><U127/><E84/><V97/><F108/><W21/><G94/><T80/><D80/><U33/><E33/><V126/><F126/><N who="1" m="48137" /><E103/><V79/><F79/><W130/><G130/><T111/><D71/><U101/><E101/><V110/><F110/><W89/><G82/><T43/><D111/><U36/><E36/><V114/><F109/><W131/><G131/><T115/><D115/><U42/><E78/><V50/><F114/><W39/><G39/><T88/><D88/><U3/><E3/><V51/><F97/><W76/><G76/><T91/><D91/><U2/><E2/><V23/><F90/><W63/><G63/><T98/><D98/><U73/><E73/><V45/><F60/><W67/><G67/><T13/><D13/><U57/><E57/><V93/><F12/><W1/><G1/><T20/><D20/><U135/><E135/><V6/><F93/><W4/><G21/><T5/><D5/><U44/><E107/><V100/><F6/><W26/><G4/><T95/><D95/><U9/><E106/><V129/><F129/><W113/><G113/><T52/><D56/><N who="2" m="21546" /><F23/><N who="3" m="15583" /><G49/><N who="2" m="18441" /><F22/><W27/><G27/><RYUUKYOKU ba="0,0" sc="250,10,250,10,250,-30,250,10" hai0="30,31,38,43,46,52,55,120,121,122" hai1="8,9,11,17,19,42,44,116,118,119" hai3="47,48,53,54,81,87,89,92,96,102" /><INIT seed="0,1,0,5,3,123" ten="260,260,220,260" oya="0" hai0="75,34,130,27,31,8,44,63,41,20,87,14,135" hai1="52,105,79,106,122,2,119,72,24,38,112,36,32" hai2="86,35,133,92,43,10,118,18,39,23,81,96,76" hai3="114,95,19,25,54,74,60,62,28,37,91,56,22"/><T13/><D75/><U57/><E122/><V5/><F35/><W120/><G120/><T64/><D130/><U67/><E119/><V104/><F104/><W3/><G114/><T12/><D135/><U82/><E67/><V71/><F71/><W40/><G3/><T109/><D109/><U73/><E2/><V11/><F133/><W111/><G74/><T101/><D34/><U42/><E112/><V21/><F118/><W1/><G1/><T30/><D101/><U69/><E69/><V94/><F39/><W59/><G111/><T99/><D99/><U131/><E131/><V47/><F5/><W124/><G124/><T100/><D100/><U117/><E117/><V0/><F0/><W7/><G7/><T6/><D87/><U70/><E70/><V17/><F23/><W80/><G80/><T134/><D31/><U110/><E73/><V128/><F18/><W107/><G107/><T103/><D103/><U4/><E4/><V53/><F43/><W98/><G37/><T15/><D134/><U121/><E121/><V68/><F68/><W55/><G40/><T48/><REACH who="0" step="1"/><D14/><REACH who="0" ten="250,260,220,260" step="2"/><U93/><E106/><V58/><F128/><W126/><G126/><T29/><D29/><AGARI ba="1,1" hai="19,22,25,28,29,54,55,56,59,60,62,91,95,98" machi="29" ten="40,8000,1" yaku="9,1,25,2,8,1" doraHai="123" who="3" fromWho="0" sc="250,-83,260,0,220,0,260,93" /><INIT seed="1,0,0,1,3,11" ten="167,260,220,353" oya="1" hai0="96,8,82,33,116,72,99,54,16,80,27,31,77" hai1="43,47,113,44,124,24,97,53,135,49,106,1,103" hai2="60,41,117,83,29,18,114,64,112,28,101,69,52" hai3="14,78,76,91,65,26,79,109,92,73,19,125,25"/><U132/><E113/><N who="2" m="43627" /><F117/><W13/><G73/><T90/><D116/><U75/><E1/><V68/><F41/><W35/><G35/><T104/><D104/><U93/><E75/><V22/><F101/><W102/><G109/><T123/><D123/><U62/><E124/><V58/><F83/><W3/><G3/><T127/><D127/><U131/><E131/><V122/><F122/><W37/><G37/><T129/><D129/><U48/><E106/><V107/><F107/><W57/><G102/><T95/><D82/><U111/><E111/><V20/><F20/><N who="3" m="13471" /><G26/><T5/><D54/><U81/><E62/><N who="2" m="36167" /><F69/><W134/><G125/><T12/><REACH who="0" step="1"/><D5/><REACH who="0" ten="157,260,220,353" step="2"/><U128/><E128/><V30/><F30/><W0/><G134/><T15/><D15/><AGARI ba="0,1" hai="15,18,22,28,29,60,64,68" m="36167,43627" machi="15" ten="30,3900,0" yaku="11,1,52,1,54,1" doraHai="11" who="2" fromWho="0" sc="157,-39,260,0,220,49,353,0" /><INIT seed="2,0,0,0,1,2" ten="118,260,269,353" oya="2" hai0="125,108,116,128,49,51,110,124,4,31,1,10,14" hai1="73,36,50,58,107,19,83,95,45,113,74,129,32" hai2="82,118,69,57,104,91,131,67,16,123,126,28,87" hai3="133,60,132,135,15,59,99,17,97,85,56,78,3"/><V89/><F118/><W121/><G121/><T24/><D116/><U111/><E107/><V8/><F123/><W120/><G3/><T115/><D49/><U23/><E32/><V70/><F104/><W77/><G120/><T11/><D115/><U112/><E111/><N who="0" m="42537" /><D51/><U55/><E129/><V72/><F72/><W68/><G68/><T76/><D128/><U71/><E95/><V40/><F126/><N who="0" m="48746" /><D76/><N who="3" m="29289" /><G85/><T109/><N who="0" m="42545" /><T52/><DORA hai="93" /><D52/><U127/><E127/><V47/><F70/><W48/><G48/><T86/><D86/><U130/><E130/><V22/><F69/><W103/><G103/><T43/><D43/><U42/><E83/><V122/><F122/><W0/><G0/><T94/><D94/><U90/><E90/><V41/><F91/><W64/><G59/><T26/><D31/><U18/><E74/><V84/><F84/><W46/><G46/><T96/><D96/><U102/><E73/><V105/><F47/><W25/><G99/><T65/><D65/><U79/><E79/><V44/><F44/><W98/><G98/><T29/><D29/><U21/><E113/><V61/><F131/><W134/><G97/><T117/><D117/><U6/><E112/><V81/><F105/><W92/><G92/><T66/><D66/><U12/><E42/><V38/><F82/><W88/><G88/><T101/><D101/><U5/><E45/><N who="2" m="23703" /><F41/><W114/><G114/><T7/><AGARI ba="0,0" hai="1,4,7,10,11,14,24,26" m="48746,42545" machi="7" ten="50,12000,2" yaku="14,1,18,1,34,2,52,2" doraHai="2,93" who="0" fromWho="0" sc="118,120,260,-30,269,-60,353,-30" /><INIT seed="3,0,0,2,5,54" ten="238,230,209,323" oya="3" hai0="106,99,117,89,97,75,68,21,100,123,65,98,57" hai1="129,90,92,49,135,46,77,50,4,22,1,103,116" hai2="47,64,80,34,52,84,126,48,118,78,3,119,67" hai3="71,107,41,130,55,76,60,53,114,27,111,43,73"/><W96/><G114/><T101/><D117/><U58/><E129/><V61/><F126/><W7/><G7/><T28/><D123/><U39/><E135/><V127/><F127/><W120/><G120/><T30/><D68/><U74/><E116/><V79/><F3/><W83/><G130/><T56/><D75/><U87/><E103/><N who="0" m="39497" /><D106/><U109/><E109/><V88/><F34/><W25/><G96/><T51/><D21/><U91/><E22/><V2/><F2/><W59/><G107/><T11/><D11/><U45/><E4/><V6/><F6/><W14/><G71/><T24/><D24/><U33/><E33/><V85/><F78/><W40/><G111/><T38/><D38/><U66/><E1/><V95/><REACH who="2" step="1"/><F67/><REACH who="2" ten="238,230,199,323" step="2"/><W19/><REACH who="3" step="1"/><G55/><REACH who="3" ten="238,230,199,313" step="2"/><N who="0" m="31871" /><D65/><U115/><E66/><V72/><F72/><W93/><G93/><T17/><D30/><U44/><E74/><V134/><F134/><W29/><G29/><T23/><D28/><U70/><E115/><V31/><F31/><W32/><G32/><T122/><D122/><U102/><E92/><V9/><F9/><AGARI ba="0,2" hai="9,14,19,25,27,40,41,43,53,59,60,73,76,83" machi="9" ten="40,7700,0" yaku="1,1,52,1,53,1" doraHai="54" doraHaiUra="12" who="3" fromWho="2" sc="238,0,230,0,199,-77,313,97" owari="238,3.8,230,-17.0,122,-37.8,410,51.0" /></mjloggm>