<mjloggm ver="2.3"><GO type="225" lobby="0"/><UN n0="%E5%85%83%E3%82%AB%E3%83%8E%E7%B3%BB%E3%83%92%E3%83%AD%E3%82%A4%E3%83%B3" n1="%E6%B2%B3%E7%AB%A5%E3%81%AE%E3%83%AF%E3%82%AB%E3%83%9E%E3%83%84" n2="%E3%83%81%E3%83%A7%E3%83%99%E3%83%83%E3%82%AF" n3="%E9%B3%B3%E6%9D%B1%E3%81%AE%E3%81%BF%E3%81%91%E3%81%AB%E3%82%83%E3%82%93" dan="16,18,16,16" rate="2175.89,2229.40,2111.84,2131.67" sx="M,M,M,F"/><TAIKYOKU oya="0"/><INIT seed="0,0,0,5,3,12" ten="250,250,250,250" oya="0" hai0="99,41,107,114,126,25,35,61,132,78,22,43,4" hai1="118,133,26,6,70,10,73,130,34,127,29,90,88" hai2="129,135,39,47,110,40,72,27,112,113,67,102,44" hai3="57,38,64,18,87,117,81,17,120,53,121,21,50"/><T56/><D114/><N who="2" m="44138" /><F72/><W19/><G117/><T93/><D132/><U66/><E118/><V89/><F102/><W15/><G38/><T108/><D126/><U91/><E127/><V2/><F89/><N who="3" m="51439" /><G64/><N who="0" m="38951" /><D35/><U105/><E133/><V5/><F27/><W125/><G125/><T79/><D107/><U1/><E130/><V48/><F5/><W13/><G13/><T33/><D33/><U23/><E73/><V95/><F95/><W7/><G7/><T115/><D4/><U84/><E105/><V24/><F24/><W74/><G74/><T31/><D108/><U77/><E34/><V109/><F2/><W98/><G98/><T32/><D32/><U3/><E3/><V9/><F9/><W68/><G68/><T58/><D58/><U60/><REACH who="1" step="1"/><E77/><REACH who="1" ten="250,240,250,250" step="2"/><N who="0" m="29193" /><D115/><U11/><E11/><V96/><F135/><W52/><G120/><T65/><D65/><U106/><E106/><V28/><F67/><W20/><G121/><T92/><D92/><AGARI ba="0,1" hai="1,6,10,23,26,29,60,66,70,84,88,90,91,92" machi="92" ten="30,3900,0" yaku="1,1,7,1,54,1,53,0" doraHai="12" doraHaiUra="103" who="1" fromWho="0" sc="250,-39,240,49,250,0,250,0" /><INIT seed="1,0,0,4,4,36" ten="211,289,250,250" oya="1" hai0="32,19,107,66,20,54,128,58,8,112,13,79,64" hai1="100,5,18,133,84,37,101,2,27,70,47,90,49" hai2="103,134,31,22,9,15,121,114,73,106,86,108,11" hai3="0,30,29,35,65,3,97,115,89,122,74,135,12"/><U26/><E70/><V75/><F121/><W42/><G122/><T110/><D112/><U57/><E133/><V109/><F134/><W98/><G135/><T93/><D107/><U92/><E37/><V76/><F103/><N who="1" m="39497" /><E2/><V24/><F106/><W39/><G115/><T104/><D104/><U28/><E5/><V61/><F9/><W4/><G74/><T34/><D110/><N who="2" m="42602" /><F114/><W94/><G65/><T82/><D128/><U68/><E68/><V91/><F61/><W38/><G94/><T72/><D93/><U17/><E57/><V48/><F48/><W95/><G95/><T63/><REACH who="0" step="1"/><D20/><REACH who="0" ten="201,289,250,250" step="2"/><N who="1" m="15431" /><E27/><V131/><F131/><W123/><G123/><T102/><D102/><U14/><E14/><V59/><F76/><W43/><G12/><T124/><D124/><U44/><E44/><V111/><F111/><W6/><G35/><AGARI ba="0,1" hai="8,13,19,32,34,35,54,58,63,64,66,72,79,82" machi="35" ten="40,1300,0" yaku="1,1,53,0" doraHai="36" doraHaiUra="71" who="0" fromWho="3" sc="201,23,289,0,250,0,250,-13" /><INIT seed="2,0,0,2,2,73" ten="224,289,250,237" oya="2" hai0="7,75,64,31,13,52,63,127,79,45,21,23,16" hai1="95,3,54,14,0,2,103,39,133,86,118,102,88" hai2="50,34,19,126,55,119,97,6,17,41,82,92,85" hai3="131,81,35,47,51,59,87,101,70,60,15,68,44"/><V128/><F34/><W67/><G131/><T11/><D127/><U37/><E118/><V129/><F119/><W123/><G123/><T24/><D75/><U28/><E133/><V108/><F41/><W56/><G35/><T104/><D104/><U57/><E28/><V4/><F126/><W135/><G135/><T109/><D109/><U83/><E14/><V8/><F108/><W105/><G15/><T49/><D79/><U98/><REACH who="1" step="1"/><E102/><REACH who="1" ten="224,279,250,237" step="2"/><N who="2" m="60711" /><F129/><W76/><G101/><T48/><D48/><AGARI ba="0,1" hai="0,2,3,37,39,48,54,57,83,86,88,95,98,103" machi="48" ten="40,2600,0" yaku="1,1,54,1,53,0" doraHai="73" doraHaiUra="65" who="1" fromWho="0" sc="224,-26,279,36,250,0,237,0" /><INIT seed="3,0,0,2,2,6" ten="198,315,250,237" oya="3" hai0="29,66,91,40,43,77,16,106,115,125,60,59,134" hai1="3,7,72,83,39,53,33,58,32,46,42,107,84" hai2="118,37,4,123,119,26,89,128,127,82,93,73,15" hai3="0,109,49,126,99,71,80,116,92,55,67,88,21"/><W108/><G116/><T110/><D110/><N who="3" m="42601" /><G126/><T81/><D125/><U75/><E107/><V56/><F37/><W36/><G36/><T100/><D134/><U24/><E75/><V11/><F127/><W86/><G0/><T95/><D115/><U12/><E12/><V62/><F128/><W61/><G21/><T132/><D132/><U87/><E87/><V31/><F73/><W34/><G34/><T9/><D29/><U117/><E24/><V35/><F82/><W41/><G41/><T70/><D70/><U28/><E28/><V45/><F45/><N who="3" m="28079" /><G99/><N who="0" m="57855" /><D100/><U130/><E117/><V78/><F123/><W52/><G52/><N who="0" m="33895" /><D106/><U18/><E39/><V103/><F103/><W65/><G65/><T19/><D66/><U98/><E53/><V13/><F119/><W22/><G22/><T105/><D105/><U57/><E42/><N who="0" m="15913" /><D9/><U102/><E102/><V8/><F118/><W133/><G133/><T135/><D135/><U47/><E32/><V5/><F78/><W48/><G48/><T17/><D81/><AGARI ba="0,0" hai="61,67,71,80,81,86,88,92" m="28079,42601" machi="81" ten="30,5800,0" yaku="14,1,10,1,54,1" doraHai="6" who="3" fromWho="0" sc="198,-58,315,0,250,0,237,58" /><INIT seed="3,1,0,1,1,88" ten="140,315,250,295" oya="3" hai0="121,116,65,113,118,40,90,96,48,19,24,52,8" hai1="101,135,93,107,83,28,42,76,27,89,67,91,77" hai2="61,130,120,0,134,111,3,64,36,115,37,54,122" hai3="49,62,99,86,73,109,70,1,110,39,55,87,69"/><W17/><G73/><T50/><D121/><N who="2" m="46698" /><F0/><W129/><G129/><T112/><D65/><U68/><E42/><V14/><F3/><W18/><G39/><N who="2" m="14921" /><F14/><W35/><G35/><T2/><D40/><U95/><E107/><V26/><F26/><W47/><G99/><T125/><D125/><U7/><E27/><V53/><F115/><N who="0" m="44106" /><D48/><U60/><E7/><V128/><F111/><N who="3" m="42507" /><G1/><T34/><D2/><U97/><E28/><V12/><F12/><W25/><G62/><T106/><D106/><U98/><E135/><V21/><F21/><N who="3" m="13487" /><G18/><T58/><D8/><U15/><E15/><V29/><F29/><W132/><G132/><T6/><D6/><U46/><E60/><V16/><F16/><W5/><G5/><T127/><D127/><U56/><E98/><V92/><F134/><W81/><G87/><T57/><D57/><U22/><E56/><N who="2" m="36903" /><F92/><W44/><G44/><T23/><D34/><U94/><E46/><V75/><F75/><W103/><G103/><T51/><D51/><U126/><E101/><V133/><F133/><W32/><G32/><T38/><D38/><U30/><E126/><V117/><F117/><W31/><G31/><T123/><D123/><U63/><E30/><V85/><F85/><W100/><G100/><T20/><D20/><U11/><E22/><V9/><F9/><W131/><G131/><AGARI ba="1,0" hai="53,54,128,130,131" m="36903,14921,46698" machi="131" ten="40,8000,1" yaku="19,1,13,1,34,2" doraHai="88" who="2" fromWho="3" sc="140,0,315,0,250,83,295,-83" owari="140,-36.0,315,11.5,333,43.3,212,-18.8" /></mjloggm>