<mjloggm ver="2.3"><GO type="225" lobby="0"/><UN n0="%E7%89%B9%E6%9D%B1%E3%81%AF%E4%B8%96%E7%95%8C%E3%82%92%E6%95%91%E3%81%86" n1="%E3%82%AF%E3%82%A3%E3%82%A6" n2="%E7%9A%AE%E3%80%85" n3="%73%61%6B%6F%EF%BC%A0%E6%9C%80" dan="16,16,16,17" rate="2223.44,2089.33,2115.70,2166.76" sx="M,M,M,M"/><TAIKYOKU oya="0"/><INIT seed="0,0,0,4,1,118" ten="250,250,250,250" oya="0" hai0="78,39,92,59,27,65,70,5,120,99,18,115,29" hai1="55,127,17,87,121,16,84,123,26,104,20,67,135" hai2="64,38,41,6,28,9,36,111,126,74,86,69,96" hai3="2,66,109,133,76,98,48,124,10,30,107,3,22"/><T15/><D115/><U103/><E67/><V82/><F111/><W24/><G109/><T122/><D39/><U58/><E127/><V112/><F112/><W4/><G124/><T33/><D70/><U80/><E135/><V44/><F126/><W72/><G133/><T106/><D106/><U40/><E40/><V83/><F28/><W61/><G48/><T114/><D114/><U91/><E104/><V60/><F96/><W75/><G76/><T34/><D34/><U116/><E116/><V119/><F119/><W62/><G3/><T100/><D5/><U32/><E32/><V89/><F74/><W11/><G11/><T63/><REACH who="0" step="1"/><D78/><REACH who="0" ten="240,250,250,250" step="2"/><U51/><E103/><V105/><F105/><W21/><G4/><T47/><D47/><U113/><E113/><V125/><F125/><W110/><G110/><T73/><D73/><U90/><REACH who="1" step="1"/><E17/><REACH who="1" ten="240,240,250,250" step="2"/><V46/><F36/><W71/><G71/><T45/><D45/><U108/><E108/><V117/><F44/><W37/><G37/><T102/><D102/><U49/><E49/><V7/><F117/><W1/><G72/><T97/><D97/><U12/><E12/><V52/><F38/><W130/><G75/><T8/><AGARI ba="0,2" hai="8,15,18,27,29,33,59,63,65,92,99,100,120,122" machi="8" ten="20,12000,1" yaku="1,1,0,1,7,1,52,2,53,0" doraHai="118" doraHaiUra="134" who="0" fromWho="0" sc="240,140,240,-40,250,-40,250,-40" /><INIT seed="0,1,0,0,3,45" ten="380,200,210,210" oya="0" hai0="112,84,74,40,73,46,21,27,93,69,47,108,50" hai1="92,33,116,6,80,127,16,9,104,41,125,91,85" hai2="119,96,106,36,58,105,117,13,25,55,90,95,128" hai3="60,64,8,124,120,26,23,51,121,63,132,14,29"/><T67/><D112/><U19/><E104/><V75/><F36/><W87/><G132/><T76/><D108/><U130/><E116/><N who="2" m="44619" /><F75/><W43/><G124/><N who="1" m="47690" /><E33/><V10/><F25/><W34/><G34/><T66/><D47/><U77/><E130/><V135/><F135/><W56/><G63/><T97/><D84/><N who="1" m="52327" /><E41/><V37/><F37/><W18/><G87/><T110/><D110/><U4/><E4/><N who="2" m="3271" /><F128/><W109/><G109/><T3/><D3/><AGARI ba="1,0" hai="3,6,9,16,19,77,80,85" m="52327,47690" machi="3" ten="30,2000,0" yaku="18,1,54,1" doraHai="45" who="1" fromWho="0" sc="380,-23,200,23,210,0,210,0" /><INIT seed="1,0,0,3,5,132" ten="357,223,210,210" oya="1" hai0="99,134,71,7,87,1,27,6,9,109,35,89,22" hai1="33,32,80,94,98,62,17,24,92,130,127,42,55" hai2="113,54,128,43,68,76,129,38,0,64,8,3,31" hai3="111,93,86,67,114,74,96,95,63,116,26,82,70"/><U73/><E130/><N who="2" m="50283" /><F113/><W85/><G114/><T124/><D134/><U83/><E73/><V65/><F31/><W45/><G111/><T102/><D71/><U106/><E106/><V60/><F76/><W4/><G116/><T49/><D35/><U97/><E42/><V118/><F118/><W108/><G108/><T135/><D135/><U47/><E47/><N who="2" m="24055" /><F65/><W58/><G4/><T112/><D6/><U125/><E17/><V10/><F54/><W29/><G74/><T72/><D72/><U44/><E44/><V36/><F36/><W126/><G45/><T69/><D69/><U51/><E51/><V122/><F122/><W39/><G39/><T77/><D77/><U25/><REACH who="1" step="1"/><E55/><REACH who="1" ten="357,213,210,210" step="2"/><V20/><F20/><W50/><G50/><T5/><D49/><U117/><E117/><V11/><AGARI ba="0,1" hai="0,3,8,10,11,60,64,68" m="24055,50283" machi="11" ten="30,1100,0" yaku="19,1" doraHai="132" who="2" fromWho="2" sc="357,-3,213,-5,210,21,210,-3" /><INIT seed="2,0,0,0,1,127" ten="354,208,231,207" oya="2" hai0="57,129,68,26,79,80,21,2,135,72,113,31,133" hai1="99,117,24,89,18,37,103,17,40,3,104,69,49" hai2="46,12,51,85,107,75,120,65,105,63,94,36,76" hai3="124,56,10,35,102,91,64,43,8,1,45,83,82"/><V77/><F120/><W74/><G124/><T29/><D113/><U71/><E3/><V131/><F36/><W30/><G102/><T110/><D68/><U55/><E117/><V112/><F112/><W118/><G118/><T114/><D114/><U98/><E37/><V34/><F34/><W116/><G116/><T122/><D122/><U123/><E123/><V95/><F75/><W9/><G91/><T5/><D129/><U11/><E40/><V87/><F131/><W7/><G35/><T4/><D110/><U54/><E11/><V125/><F125/><W16/><G30/><T67/><D31/><U61/><E49/><V41/><F12/><W27/><G56/><T66/><D2/><U25/><E89/><V70/><F107/><W84/><G64/><N who="0" m="24619" /><D57/><U19/><E103/><V126/><F105/><W97/><G97/><N who="1" m="36874" /><E61/><V62/><F126/><W101/><G101/><T121/><D121/><U58/><E58/><V100/><F100/><W90/><G74/><T78/><D78/><N who="2" m="30314" /><F65/><W92/><G1/><T130/><D130/><U14/><E14/><V44/><F44/><W6/><G7/><T48/><D48/><U52/><E104/><V128/><F70/><AGARI ba="0,0" hai="17,18,19,24,25,52,54,55,69,70,71" m="36874" machi="70" ten="40,5200,0" yaku="28,2,54,1" doraHai="127" who="1" fromWho="2" sc="354,0,208,52,231,-52,207,0" /><INIT seed="3,0,0,1,3,105" ten="354,260,179,207" oya="3" hai0="119,127,113,99,128,131,70,109,123,17,104,62,46" hai1="121,19,94,60,111,134,133,14,75,65,88,40,64" hai2="43,23,85,80,110,0,37,21,18,6,117,9,74" hai3="77,129,122,112,33,2,50,27,3,12,55,86,126"/><W102/><G122/><T52/><D119/><U29/><E121/><V48/><F117/><W41/><G112/><T98/><D123/><U108/><E75/><V125/><F110/><N who="1" m="42025" /><E29/><V42/><F125/><W135/><G126/><T20/><D127/><U10/><E40/><V124/><F124/><W87/><G129/><N who="0" m="49739" /><D109/><U79/><E79/><N who="2" m="44151" /><F85/><W11/><G135/><N who="1" m="51722" /><E60/><V53/><F18/><W76/><G102/><T30/><D30/><U36/><E36/><V103/><F103/><W22/><G41/><T54/><D113/><U47/><E47/><N who="2" m="24015" /><F43/><W28/><G33/><T68/><D104/><U83/><E83/><V120/><F120/><W116/><G116/><T107/><D107/><U26/><E26/><V82/><F82/><W93/><G77/><T118/><D17/><U4/><E19/><V57/><AGARI ba="0,0" hai="0,6,9,21,23,48,53,57" m="24015,44151" machi="57" ten="30,2000,0" yaku="25,1,52,1" doraHai="105" who="2" fromWho="2" sc="354,-5,260,-5,179,20,207,-10" owari="349,44.9,255,5.5,199,-20.1,197,-30.3" /></mjloggm>