<mjloggm ver="2.3"><GO type="225" lobby="0"/><UN n0="%E6%A1%9C%E8%8A%B1%E9%96%83%E3%80%85" n1="%63%68%78%62%64" n2="%E6%97%A5%E6%9B%9C%E6%97%A5%E3%82%88%E3%82%8A%E3%81%AE%E4%BD%BF%E8%80%85" n3="%E5%8F%AF%E5%85%90%E9%82%A3%E7%94%B1%E5%A4%9A" dan="16,16,16,16" rate="2122.03,2107.93,2155.64,2119.09" sx="M,M,M,F"/><TAIKYOKU oya="0"/><INIT seed="0,0,0,2,0,114" ten="250,250,250,250" oya="0" hai0="89,124,44,82,83,78,123,42,7,57,72,133,92" hai1="70,99,126,119,40,28,64,24,50,34,25,101,6" hai2="58,53,47,131,113,22,12,128,1,55,35,85,125" hai3="8,10,87,68,23,100,73,108,77,130,32,29,110"/><T65/><D123/><U104/><E119/><V49/><F113/><W45/><G68/><T19/><D124/><U93/><E126/><V94/><F125/><W2/><G73/><T4/><D133/><U69/><E25/><V52/><F35/><W71/><G71/><T122/><D122/><U41/><E6/><V11/><F1/><W80/><G32/><T31/><D31/><U9/><E9/><V62/><F22/><W30/><G130/><N who="2" m="49705" /><F85/><W26/><G100/><T33/><D33/><U111/><E111/><N who="3" m="42538" /><G2/><T90/><D19/><U18/><E18/><N who="2" m="8479" /><F94/><W127/><G127/><T17/><D17/><U74/><E74/><V61/><F61/><W112/><G112/><T15/><D83/><U105/><E69/><V106/><F106/><W79/><G30/><T98/><D15/><U46/><E40/><AGARI ba="0,0" hai="40,47,49,52,53,55,58,62" m="8479,49705" machi="40" ten="30,2000,0" yaku="19,1,54,1" doraHai="114" who="2" fromWho="1" sc="250,0,250,-20,250,20,250,0" /><INIT seed="1,0,0,0,3,16" ten="250,230,270,250" oya="1" hai0="31,94,37,74,11,21,0,22,102,104,121,8,75" hai1="97,15,71,47,118,105,86,90,44,79,39,48,114" hai2="108,116,68,126,117,82,73,133,13,3,20,99,130" hai3="34,36,61,55,27,103,115,85,81,14,65,50,38"/><U129/><E118/><V125/><F68/><W66/><G115/><T101/><D94/><U69/><E114/><V67/><F67/><W62/><G103/><T72/><D37/><U59/><E129/><V58/><F3/><W49/><G14/><T111/><D31/><U23/><E79/><V134/><F58/><W53/><G85/><T52/><D111/><U17/><E39/><N who="3" m="14890" /><G81/><T92/><D92/><N who="1" m="56471" /><E105/><V4/><F99/><W77/><G77/><T84/><D84/><U25/><E69/><V54/><F54/><N who="3" m="20491" /><G27/><T60/><D121/><U56/><E71/><V30/><F82/><W119/><G34/><T10/><D0/><U9/><E86/><V41/><F73/><W35/><G35/><T110/><D110/><U122/><E122/><V29/><F108/><W57/><G119/><T70/><D70/><AGARI ba="0,0" hai="49,50,57,61,62,65,66,70" m="20491,14890" machi="70" ten="30,8000,1" yaku="35,5" doraHai="16" who="3" fromWho="0" sc="250,-80,230,0,270,0,250,80" /><INIT seed="2,0,0,5,4,66" ten="170,230,270,330" oya="2" hai0="49,61,103,129,21,120,3,127,22,113,58,101,19" hai1="43,107,0,92,27,24,116,18,9,42,86,102,77" hai2="17,131,104,73,2,6,81,95,25,125,108,32,55" hai3="36,20,13,50,12,33,93,10,72,105,8,78,96"/><V15/><F104/><W84/><G36/><T121/><D113/><U14/><E107/><V65/><F65/><W40/><G33/><T97/><D3/><U112/><E112/><V57/><F125/><W4/><G72/><T1/><D1/><U111/><E111/><V70/><F70/><W109/><G109/><T80/><D127/><U67/><E116/><V53/><F108/><W135/><G135/><T56/><D129/><U31/><E0/><V63/><F131/><W123/><G123/><T28/><D80/><N who="1" m="47375" /><E67/><V68/><F68/><W128/><G128/><T91/><D91/><U59/><E59/><V133/><F133/><W134/><G105/><T122/><D28/><U64/><E64/><V76/><F2/><W54/><G40/><N who="1" m="15402" /><E31/><V132/><F132/><W35/><G35/><T39/><D39/><U79/><E79/><V5/><F32/><W110/><G110/><T89/><D61/><U62/><E62/><V90/><F55/><W75/><G75/><T48/><D121/><U69/><E69/><V130/><F130/><W30/><G134/><T7/><D7/><U34/><E34/><V83/><F83/><N who="3" m="47223" /><G30/><T119/><D89/><U82/><E82/><V16/><F25/><W118/><G118/><T88/><D119/><U46/><E46/><V100/><F100/><N who="3" m="60431" /><G54/><T44/><D88/><U115/><E115/><V71/><F71/><W47/><G47/><T52/><D44/><U11/><E11/><N who="2" m="4591" /><F6/><N who="3" m="3095" /><G50/><T38/><D52/><U114/><E114/><V60/><F60/><W41/><G41/><T45/><D38/><U51/><E51/><V37/><F37/><RYUUKYOKU ba="0,0" sc="170,-30,230,10,270,10,330,10" hai1="9,14,18,24,27,92,102" hai2="16,17,53,57,63,73,76,81,90,95" hai3="4,10,13,20" /><INIT seed="2,1,0,1,3,31" ten="140,240,280,340" oya="2" hai0="27,60,29,4,124,133,125,37,70,38,122,79,134" hai1="52,22,101,19,34,132,81,58,61,107,118,32,24" hai2="114,42,98,129,25,55,80,45,83,85,109,100,74" hai3="39,41,91,28,40,92,7,43,115,71,5,14,87"/><V64/><F114/><W49/><G39/><T99/><D79/><U88/><E118/><V35/><F129/><W102/><G115/><T127/><D99/><U33/><E132/><N who="0" m="50793" /><D4/><U120/><E120/><V54/><F64/><W48/><G71/><T68/><D122/><U116/><E116/><V16/><F74/><W123/><G123/><T3/><D3/><U23/><E23/><V63/><F109/><W84/><G102/><T8/><D8/><U20/><E20/><V15/><F63/><W119/><G119/><T44/><D60/><U106/><REACH who="1" step="1"/><E101/><REACH who="1" ten="140,230,280,340" step="2"/><V0/><F100/><W121/><G121/><T131/><D131/><U110/><E110/><V36/><F35/><W112/><G112/><T1/><D1/><U26/><E26/><V86/><F25/><W59/><G14/><T69/><D44/><U17/><E17/><V9/><F0/><W66/><G28/><T128/><D128/><U2/><E2/><V73/><F16/><W56/><G5/><T117/><D117/><U130/><E130/><V67/><F15/><W96/><G7/><T6/><D6/><U62/><E62/><V12/><F12/><W82/><G66/><T90/><D90/><U72/><E72/><V18/><F73/><W104/><G91/><T89/><D89/><U57/><E57/><V108/><F67/><W135/><G56/><T11/><D11/><U105/><E105/><V111/><F111/><W95/><G59/><T113/><D113/><U13/><E13/><N who="2" m="7471" /><F108/><W51/><G135/><T50/><D50/><U30/><E30/><V93/><F45/><W78/><G49/><RYUUKYOKU ba="1,1" sc="140,15,230,15,280,-15,340,-15" hai0="27,29,37,38,68,69,70,124,125,127" hai1="19,22,24,32,33,34,52,58,61,81,88,106,107" /><INIT seed="3,2,1,3,0,97" ten="155,245,265,325" oya="3" hai0="112,9,117,129,104,91,44,10,74,23,76,72,64" hai1="13,98,18,111,32,54,114,3,96,73,101,11,81" hai2="118,109,62,75,106,49,119,8,88,66,70,63,12" hai3="24,125,130,34,6,59,53,67,102,86,40,134,48"/><W1/><G125/><T123/><D117/><U50/><E114/><V25/><F75/><W56/><G130/><T95/><D123/><U0/><E32/><V19/><F106/><W127/><G127/><T5/><D129/><U121/><E98/><V14/><F109/><W46/><G134/><T16/><D112/><U37/><E37/><V135/><F135/><W122/><G122/><T79/><D104/><U131/><E131/><V80/><F25/><W58/><G102/><T45/><D64/><U30/><E30/><V55/><F63/><W105/><G105/><T17/><D95/><U28/><E28/><V60/><F60/><W21/><G34/><T61/><D61/><U65/><E65/><V71/><F71/><W94/><G67/><T42/><D23/><U2/><E111/><V84/><F14/><W115/><G115/><T133/><D91/><U93/><E121/><V92/><F92/><W120/><G120/><T89/><D89/><U68/><E68/><V77/><F77/><W47/><G1/><T33/><D33/><U85/><E73/><V124/><F124/><W90/><G6/><T41/><REACH who="0" step="1"/><D5/><REACH who="0" ten="145,245,265,325" step="2"/><U99/><E93/><V100/><F100/><W7/><G7/><T110/><D110/><U113/><E113/><V82/><F82/><W108/><G108/><T43/><D43/><U22/><E22/><V27/><F119/><W116/><G116/><T126/><D126/><U51/><E101/><V52/><F118/><W69/><G40/><T26/><D26/><U38/><E38/><V35/><F35/><W87/><G24/><T132/><AGARI ba="2,2" hai="9,10,16,17,41,42,44,45,72,74,76,79,132,133" machi="132" ten="25,12000,2" yaku="1,1,5,1,0,1,22,2,54,1,53,0" doraHai="97" doraHaiUra="57" who="0" fromWho="0" sc="145,146,245,-32,265,-32,325,-62" /><INIT seed="4,0,0,1,1,32" ten="291,213,233,263" oya="0" hai0="90,112,70,86,26,71,125,42,96,22,124,45,123" hai1="1,34,19,122,74,120,78,132,20,121,24,129,104" hai2="60,119,83,0,68,28,48,57,126,65,12,73,6" hai3="109,21,67,116,133,46,4,114,127,52,10,108,79"/><T44/><D123/><U15/><E104/><V84/><F126/><N who="0" m="48746" /><D112/><U47/><E78/><V115/><F73/><W111/><G67/><T130/><D130/><U49/><E74/><V113/><F28/><W31/><G79/><T94/><D86/><U40/><E129/><V97/><F12/><W27/><G127/><T134/><D134/><U64/><E132/><V39/><F39/><W66/><G66/><T80/><D80/><U5/><E64/><V59/><F97/><W13/><G133/><T2/><D2/><U17/><E17/><V102/><F102/><W89/><G116/><T82/><D82/><U38/><E38/><V135/><F135/><W99/><G114/><T9/><D9/><N who="1" m="2223" /><E121/><V7/><F119/><W117/><G117/><T18/><D45/><U43/><E43/><V106/><F115/><W72/><G72/><T36/><AGARI ba="0,0" hai="18,22,26,36,42,44,70,71,90,94,96" m="48746" machi="36" ten="30,1500,0" yaku="18,1" doraHai="32" who="0" fromWho="0" sc="291,15,213,-5,233,-5,263,-5" owari="306,40.6,208,-29.2,228,-17.2,258,5.8" /></mjloggm>