<mjloggm ver="2.3"><GO type="225" lobby="0"/><UN n0="%E7%89%B9%E6%9D%B1%E3%81%AF%E4%B8%96%E7%95%8C%E3%82%92%E6%95%91%E3%81%86" n1="%E6%81%A5%E6%99%92%E3%81%97" n2="%E5%85%83%E3%82%AB%E3%83%8E%E7%B3%BB%E3%83%92%E3%83%AD%E3%82%A4%E3%83%B3" n3="%E7%99%BD%E9%9B%AA%E4%B9%83%E6%84%9B" dan="16,16,16,16" rate="2165.87,2100.32,2142.72,2052.23" sx="M,M,M,F"/><TAIKYOKU oya="0"/><INIT seed="0,0,0,5,2,14" ten="250,250,250,250" oya="0" hai0="132,13,122,130,39,5,86,99,79,103,55,116,40" hai1="113,96,82,70,44,72,125,26,67,12,41,112,128" hai2="69,131,120,127,29,63,101,36,77,59,27,38,90" hai3="51,80,111,73,42,105,89,94,18,98,119,34,10"/><T124/><D116/><U35/><E125/><V68/><F120/><W88/><G119/><T109/><D122/><U133/><E128/><V75/><F101/><W64/><G34/><T17/><D124/><U31/><E133/><V118/><F127/><W1/><G111/><T43/><D130/><U22/><E96/><V33/><F118/><W52/><G105/><T65/><D132/><U24/><E12/><V114/><F131/><W19/><G64/><T57/><D65/><U115/><E67/><N who="2" m="41087" /><F59/><W134/><G42/><T66/><D66/><U129/><E129/><V135/><F90/><W126/><G126/><T48/><D5/><U108/><E70/><V84/><F84/><W74/><G134/><T87/><D109/><U62/><E62/><V4/><F135/><W78/><G89/><T110/><D110/><U49/><E108/><V106/><F69/><W28/><G28/><T7/><D7/><U107/><E107/><V8/><F106/><W53/><G73/><T76/><D87/><U2/><E2/><N who="2" m="23" /><F114/><W60/><G1/><T104/><D86/><U20/><REACH who="1" step="1"/><E26/><REACH who="1" ten="250,240,250,250" step="2"/><V9/><F9/><W6/><G10/><T58/><D104/><U85/><E85/><V11/><F11/><W92/><G6/><T46/><D99/><U15/><E15/><V25/><F25/><W123/><G123/><T100/><D79/><AGARI ba="0,1" hai="20,22,24,31,35,41,44,49,72,79,82,112,113,115" machi="79" ten="40,5200,0" yaku="1,1,11,1,53,1" doraHai="14" doraHaiUra="45" who="1" fromWho="0" sc="250,-52,240,62,250,0,250,0" /><INIT seed="1,0,0,1,0,90" ten="198,302,250,250" oya="1" hai0="83,130,14,24,134,25,50,87,11,28,29,96,101" hai1="92,46,53,4,75,80,109,104,63,48,13,111,120" hai2="117,65,64,5,40,97,7,42,32,74,60,115,45" hai3="0,122,116,102,6,70,93,56,99,108,135,123,69"/><U38/><E120/><V132/><F117/><W22/><G108/><T79/><D130/><U35/><E104/><V51/><F32/><W82/><G135/><T78/><D134/><U125/><E125/><V36/><F132/><W17/><G116/><T9/><D78/><U128/><E128/><V10/><F115/><W12/><G82/><T57/><D50/><U81/><E38/><V76/><F97/><W58/><G58/><T59/><D25/><U15/><E35/><V73/><F51/><W72/><G72/><T2/><D2/><U131/><E131/><V23/><F23/><W44/><G44/><T114/><D114/><U68/><E75/><V54/><F54/><W47/><G47/><T106/><D9/><N who="1" m="4263" /><E92/><V118/><F118/><W126/><G126/><T121/><D121/><U110/><E15/><V124/><F124/><W31/><G31/><T112/><D112/><U66/><AGARI ba="0,0" hai="46,48,53,63,66,68,80,81,109,110,111" m="4263" machi="66" ten="40,3900,0" yaku="14,1,10,1" doraHai="90" who="1" fromWho="1" sc="198,-13,302,39,250,-13,250,-13" /><INIT seed="1,1,0,4,2,122" ten="185,341,237,237" oya="1" hai0="5,123,40,91,92,55,96,79,30,73,17,41,60" hai1="9,64,44,94,78,87,19,36,14,13,124,109,63" hai2="108,113,27,18,101,47,26,34,46,95,54,133,62" hai3="57,3,103,66,90,12,37,28,111,21,131,99,59"/><U35/><E35/><V112/><F133/><W114/><G114/><N who="2" m="44137" /><F108/><W104/><G3/><T58/><D123/><U135/><E124/><V132/><F132/><W72/><G37/><T117/><D117/><U70/><E135/><V51/><F34/><W76/><G131/><T107/><D30/><U119/><E119/><V23/><F27/><W88/><G111/><T93/><D107/><U20/><E44/><N who="2" m="28007" /><F62/><W81/><G66/><T68/><D68/><U85/><E78/><V22/><F22/><W134/><G134/><T74/><D5/><U129/><E129/><V106/><F106/><W127/><G127/><T110/><D110/><U125/><E36/><V33/><F33/><W4/><G28/><T77/><D73/><U0/><E125/><V128/><F128/><W102/><G102/><T56/><D56/><U126/><E126/><V48/><F48/><W11/><G21/><T121/><D121/><U25/><E109/><V89/><F101/><W80/><REACH who="3" step="1"/><G90/><REACH who="3" ten="185,341,237,227" step="2"/><T1/><D1/><U31/><E20/><V32/><F32/><W69/><G69/><T24/><D91/><U97/><E70/><V52/><F52/><W43/><G43/><T115/><D115/><U84/><E64/><V8/><F8/><W7/><G7/><T130/><D41/><U67/><E9/><V53/><F53/><W10/><G10/><T45/><D40/><U16/><E67/><V39/><F39/><W38/><G38/><T15/><D130/><U116/><E116/><V98/><AGARI ba="1,1" hai="18,23,26,46,47,89,95,98" m="28007,44137" machi="98" ten="30,1100,0" yaku="11,1" doraHai="122" who="2" fromWho="2" sc="185,-4,341,-6,237,24,227,-4" /><INIT seed="2,0,0,2,4,53" ten="181,335,261,223" oya="2" hai0="21,27,40,17,43,68,63,102,15,29,34,110,16" hai1="33,112,31,103,97,107,81,134,35,18,65,13,89" hai2="57,114,6,14,48,3,85,125,37,12,106,87,24" hai3="45,49,99,84,80,64,22,115,69,88,72,93,108"/><V61/><F114/><W23/><G108/><T54/><D110/><U39/><E112/><V96/><F37/><W52/><G115/><T59/><D68/><U5/><E39/><V113/><F113/><W9/><G69/><T44/><D102/><U83/><E134/><V121/><F121/><W123/><G123/><T60/><D44/><U19/><E65/><V77/><F125/><W7/><G64/><T86/><D60/><U73/><E83/><V46/><F3/><W117/><G72/><T71/><D71/><U129/><E129/><V30/><F6/><W111/><G117/><T75/><D75/><U2/><E19/><V50/><F106/><W28/><G28/><T116/><D116/><U105/><E31/><V109/><F96/><W94/><G94/><T55/><D55/><U133/><E133/><V36/><F36/><W47/><G47/><T1/><D1/><U122/><E122/><V118/><F118/><W132/><G132/><T4/><D4/><U26/><E5/><V126/><F126/><W130/><G130/><T66/><D66/><U104/><E2/><V127/><F127/><W70/><G70/><T25/><REACH who="0" step="1"/><D86/><REACH who="0" ten="171,335,261,223" step="2"/><U56/><E73/><V82/><F87/><W10/><G111/><T42/><D42/><U128/><E103/><V120/><F109/><W38/><G38/><T74/><D74/><U51/><E128/><V58/><F120/><W101/><G7/><T119/><D119/><U91/><E107/><V20/><F46/><W11/><AGARI ba="0,1" hai="9,10,11,22,23,45,49,52,80,84,88,93,99,101" machi="11" ten="30,7900,0" yaku="0,1,8,1,54,2" doraHai="53" who="3" fromWho="3" sc="171,-20,335,-20,261,-39,223,89" /><INIT seed="3,0,0,5,1,83" ten="151,315,222,312" oya="3" hai0="36,52,24,73,121,2,44,133,102,19,78,119,43" hai1="103,84,126,112,25,99,8,76,23,114,81,28,105" hai2="100,89,56,12,90,45,62,88,98,1,0,79,51" hai3="35,64,123,31,86,7,87,4,14,29,122,85,92"/><W16/><G64/><T127/><D119/><U69/><E126/><V9/><F79/><W68/><G68/><T108/><D121/><U70/><REACH who="1" step="1"/><E8/><REACH who="1" ten="151,305,222,312" step="2"/><V132/><F132/><W5/><G35/><T134/><D127/><U18/><E18/><V71/><F71/><AGARI ba="0,1" hai="23,25,28,69,70,71,76,81,84,99,103,105,112,114" machi="71" ten="40,2600,0" yaku="1,1,52,1,53,0" doraHai="83" doraHaiUra="10" who="1" fromWho="2" sc="151,0,305,36,222,-26,312,0" owari="151,-34.9,341,44.1,196,-20.4,312,11.2" /></mjloggm>