<mjloggm ver="2.3"><GO type="225" lobby="0"/><UN n0="%33%74%72%65%65" n1="%E3%81%BF%E3%81%BF%E3%81%9A" n2="%E7%B4%94%E6%BD%94%E3%83%94%E3%83%A9%E3%83%8B%E3%82%A2" n3="%4B%2E%32%2E%4B%2E" dan="17,17,17,16" rate="2111.92,2213.68,2210.65,2145.30" sx="F,M,M,M"/><TAIKYOKU oya="0"/><INIT seed="0,0,0,2,2,85" ten="250,250,250,250" oya="0" hai0="127,48,107,30,109,105,73,76,72,96,45,119,75" hai1="134,32,59,108,39,49,41,98,113,122,112,42,116" hai2="88,117,22,35,87,37,4,131,56,1,2,23,6" hai3="95,91,71,92,79,26,9,100,132,5,44,120,135"/><T78/><D119/><U70/><E32/><V54/><F37/><W63/><G120/><T60/><D127/><U65/><E116/><V31/><F117/><W58/><G71/><T28/><D60/><N who="1" m="40231" /><E98/><V24/><F131/><W133/><G79/><T64/><D64/><U17/><E17/><V14/><F1/><W118/><G118/><T81/><D109/><U129/><E122/><V84/><F84/><W57/><G44/><T46/><D96/><U8/><E8/><V38/><F38/><W25/><G95/><T130/><D130/><U99/><E99/><V97/><F97/><N who="3" m="57503" /><G100/><T89/><D107/><U20/><E129/><V21/><F2/><N who="3" m="183" /><G57/><T69/><D105/><U93/><E93/><N who="2" m="54431" /><F35/><W43/><G43/><T106/><D106/><U101/><E101/><V114/><F114/><N who="1" m="44137" /><E108/><V27/><F14/><W123/><G123/><T125/><D125/><U19/><E39/><V33/><F33/><W94/><G94/><T115/><D69/><U16/><E134/><N who="3" m="34306" /><W47/><DORA hai="90" /><G47/><T12/><D46/><U40/><E41/><V18/><F23/><W10/><G10/><T36/><D45/><U104/><E104/><V11/><F11/><W82/><G82/><T68/><D81/><U55/><E20/><V15/><F15/><W126/><G126/><T34/><D12/><U80/><E80/><V13/><F13/><W66/><AGARI ba="0,0" hai="25,26,58,63,66" m="34306,183,57503" machi="66" ten="40,5200,0" yaku="20,1,52,2" doraHai="85,90" who="3" fromWho="3" sc="250,-26,250,-13,250,-13,250,52" /><INIT seed="1,0,0,4,3,92" ten="224,237,237,302" oya="1" hai0="115,131,59,125,51,134,35,2,49,8,80,67,117" hai1="100,77,40,19,107,68,99,113,78,70,3,29,33" hai2="60,28,124,74,30,75,73,109,121,58,101,85,81" hai3="15,65,44,41,108,32,62,24,103,43,126,87,50"/><U13/><E113/><V116/><F121/><W7/><G108/><T5/><D115/><U56/><E3/><V120/><F120/><W20/><G126/><T64/><D125/><U84/><E40/><V96/><F109/><W111/><G111/><T39/><D39/><U54/><E29/><V114/><F116/><W34/><G103/><T98/><D117/><U10/><E33/><V55/><F124/><W38/><G43/><T71/><D35/><U18/><E18/><V128/><F128/><W97/><G38/><T93/><D131/><U42/><E42/><V82/><F82/><W66/><G66/><T69/><D134/><U11/><E11/><V4/><F4/><W14/><G14/><T12/><D2/><U130/><E130/><V132/><F132/><W36/><G36/><T91/><D71/><U133/><E133/><V110/><F110/><W94/><G87/><N who="0" m="50663" /><D69/><U112/><E112/><V102/><F102/><W17/><G7/><T57/><D67/><U45/><E45/><V129/><F114/><W76/><G76/><T46/><D64/><U48/><REACH who="1" step="1"/><E77/><REACH who="1" ten="224,227,237,302" step="2"/><V119/><F129/><W53/><G41/><N who="0" m="24783" /><D51/><U21/><E21/><V72/><F119/><W1/><G1/><T63/><D63/><U25/><E25/><V123/><F123/><W122/><G24/><T0/><D0/><U37/><E37/><V61/><F60/><W90/><G122/><T26/><D26/><U135/><E135/><V83/><N who="2" m="18432" /><DORA hai="88" /><V22/><F22/><W86/><G32/><T47/><D47/><U27/><E27/><V89/><F81/><AGARI ba="0,1" hai="10,13,19,48,54,56,68,70,78,81,84,99,100,107" machi="81" ten="40,3900,0" yaku="1,1,52,1,53,0" doraHai="92,88" doraHaiUra="127,23" who="1" fromWho="2" sc="224,0,227,49,237,-39,302,0" /><INIT seed="1,1,0,3,3,26" ten="224,276,198,302" oya="1" hai0="35,43,11,47,49,96,82,34,4,103,12,2,13" hai1="54,105,119,27,62,63,10,90,1,116,95,61,91" hai2="20,72,134,125,68,129,86,53,76,17,21,114,109" hai3="70,100,59,78,111,7,135,94,67,42,124,46,25"/><U122/><E105/><V98/><F109/><W29/><G70/><T9/><D82/><U130/><E122/><V101/><F125/><W60/><G111/><T127/><D127/><U23/><E130/><V81/><F129/><W50/><G124/><T58/><D58/><U37/><E37/><V133/><F68/><W79/><G135/><T83/><D83/><U32/><E32/><V108/><F108/><W69/><G7/><T115/><D115/><U80/><E80/><V8/><F114/><W120/><G69/><T87/><D87/><U89/><E95/><V84/><F53/><W123/><G123/><T75/><D75/><U36/><E36/><V31/><F8/><W18/><G18/><T45/><D45/><U19/><REACH who="1" step="1"/><E54/><REACH who="1" ten="224,266,198,302" step="2"/><V16/><F133/><W73/><G120/><T71/><D35/><U55/><E55/><V77/><F134/><W3/><G73/><T102/><D34/><U106/><E106/><V40/><F40/><W99/><G3/><T117/><D2/><U88/><N who="1" m="22528" /><DORA hai="93" /><U92/><E92/><V66/><F81/><W30/><G79/><T64/><D43/><U113/><E113/><V107/><F72/><W15/><G78/><T24/><D64/><U48/><E48/><V118/><F66/><W28/><G67/><T128/><D49/><U52/><E52/><V104/><F118/><W44/><G42/><T57/><D117/><U97/><E97/><V33/><F33/><W121/><G121/><T51/><D96/><U22/><E22/><V85/><F104/><W38/><G38/><T110/><D128/><U41/><E41/><RYUUKYOKU ba="1,1" sc="224,-10,266,30,198,-10,302,-10" hai1="1,10,19,23,27,61,62,63,116,119" /><INIT seed="1,2,1,1,2,125" ten="214,296,188,292" oya="1" hai0="36,37,66,4,109,52,86,111,133,57,39,87,34" hai1="90,71,2,105,1,13,20,61,96,134,121,100,81" hai2="116,131,42,45,24,49,91,38,135,5,25,67,51" hai3="119,122,60,103,106,120,15,107,64,123,108,19,10"/><U59/><E121/><V89/><F116/><W63/><G119/><T126/><D126/><U21/><E71/><V79/><F135/><W124/><G124/><T114/><D114/><U113/><E113/><V85/><F67/><W83/><G108/><N who="0" m="41547" /><D133/><U33/><E33/><V77/><F89/><W74/><G103/><T12/><D34/><U102/><E102/><V44/><F5/><W50/><G50/><N who="0" m="30871" /><D66/><U73/><E134/><V117/><F117/><W6/><G6/><T54/><D54/><U56/><E56/><V78/><F131/><W31/><G31/><T128/><D128/><U65/><E90/><V129/><F129/><W26/><G26/><T68/><D68/><U28/><E13/><V18/><F18/><W11/><G64/><T23/><D23/><U118/><E118/><V99/><F99/><W104/><REACH who="3" step="1"/><G10/><AGARI ba="2,1" hai="4,10,12,36,37,39,86,87" m="30871,41547" machi="10" ten="40,2600,0" yaku="14,1,54,1" doraHai="125" who="0" fromWho="3" sc="214,42,296,0,188,0,292,-32" /><INIT seed="2,0,0,0,3,50" ten="256,296,188,260" oya="2" hai0="62,127,63,101,67,65,64,112,96,2,128,33,25" hai1="76,130,53,13,9,105,41,37,129,110,122,103,102" hai2="43,83,19,12,88,59,34,47,116,27,38,16,72" hai3="89,118,94,121,58,97,29,44,56,92,106,91,80"/><V135/><F116/><W21/><G118/><T132/><D112/><U93/><E110/><V46/><F135/><W40/><G121/><T32/><D132/><U125/><E122/><V49/><F59/><W61/><G106/><T119/><D119/><U75/><E125/><V84/><F72/><W77/><G21/><T45/><D127/><U86/><E41/><V30/><REACH who="2" step="1"/><F12/><REACH who="2" ten="256,296,178,260" step="2"/><W131/><G56/><T10/><D128/><U68/><E13/><V0/><F0/><W73/><G131/><T82/><D2/><U7/><E75/><V66/><F66/><W81/><G73/><T78/><D67/><U35/><E129/><V115/><F115/><W60/><G58/><T111/><D64/><U95/><E130/><V113/><F113/><W90/><G60/><T107/><D63/><U15/><E15/><V100/><F100/><W17/><G61/><T120/><D101/><U114/><E102/><V87/><F87/><W98/><G98/><T26/><D62/><U133/><E86/><V57/><F57/><W124/><G97/><T54/><D96/><U85/><E103/><V108/><F108/><W117/><G124/><T6/><D111/><U1/><E85/><V20/><F20/><W8/><G117/><T24/><D65/><U23/><E114/><V4/><F4/><W126/><G126/><T134/><D6/><U104/><E23/><V99/><F99/><W48/><G8/><T5/><D5/><U109/><E9/><V55/><AGARI ba="0,1" hai="16,19,27,30,34,38,43,46,47,49,55,83,84,88" machi="55" ten="20,24000,3" yaku="1,1,0,1,7,1,52,1,54,2,53,2" doraHai="50" doraHaiUra="42" who="2" fromWho="2" sc="256,-80,296,-80,178,250,260,-80" /><INIT seed="2,1,0,1,0,135" ten="176,216,428,180" oya="2" hai0="49,3,126,110,76,87,120,70,9,100,79,0,65" hai1="26,74,96,2,53,102,83,58,97,104,93,72,77" hai2="44,85,133,118,16,115,33,128,50,59,60,116,95" hai3="130,1,47,71,40,14,32,75,56,48,42,73,122"/><V105/><F33/><W61/><G1/><T43/><D120/><U119/><E119/><V34/><F34/><W101/><G122/><T21/><D110/><U46/><E2/><V82/><F105/><W51/><G32/><T45/><D100/><U36/><E26/><V30/><F30/><W35/><G35/><T107/><D107/><U121/><E121/><V111/><F115/><W39/><G71/><T23/><D126/><U8/><E8/><V38/><F95/><W25/><G130/><T94/><D76/><U80/><E46/><V63/><F63/><W131/><G131/><T67/><D70/><U98/><E36/><V127/><F127/><W27/><G14/><T123/><D123/><U52/><E53/><V17/><F38/><W29/><G29/><T64/><D3/><U57/><E58/><V22/><F17/><W11/><G11/><T62/><D62/><U19/><E19/><V10/><F10/><W37/><G61/><T108/><D108/><U31/><E31/><V54/><F111/><W90/><G90/><T41/><D41/><U91/><E80/><V92/><F128/><W114/><G114/><T20/><D79/><U78/><E77/><V69/><F69/><W89/><G89/><N who="0" m="53567" /><D0/><U12/><E12/><V24/><F118/><W84/><G101/><T28/><D9/><U103/><E74/><N who="3" m="28170" /><G84/><T13/><D28/><U106/><E57/><V117/><F116/><W18/><G40/><N who="0" m="24743" /><D13/><U99/><E52/><V4/><F117/><W124/><G124/><T113/><D43/><U86/><AGARI ba="1,0" hai="72,78,83,86,91,93,96,97,98,99,102,103,104,106" machi="86" ten="20,24000,4" yaku="0,1,7,1,9,1,24,2,35,6" doraHai="135" who="1" fromWho="1" sc="176,-61,216,243,428,-121,180,-61" /><INIT seed="3,0,0,3,5,3" ten="115,459,307,119" oya="3" hai0="43,89,29,2,120,48,86,60,124,38,21,61,100" hai1="115,114,72,85,45,19,112,118,62,28,81,83,7" hai2="41,125,47,31,58,129,94,130,127,40,0,78,9" hai3="80,113,131,49,105,132,116,104,98,77,66,18,128"/><W27/><G113/><T32/><D120/><U110/><E28/><V109/><F31/><W56/><G116/><T70/><D38/><U53/><E7/><N who="2" m="1255" /><F109/><W5/><G132/><T15/><D2/><U95/><E45/><V123/><F123/><W37/><G37/><T134/><D134/><U97/><E81/><V75/><F94/><W22/><G5/><T25/><D124/><N who="2" m="47690" /><F58/><W68/><G68/><T20/><D100/><U121/><E85/><V34/><F34/><W30/><G30/><N who="0" m="17703" /><D32/><U108/><E62/><N who="0" m="24169" /><D70/><U126/><E53/><V54/><F54/><N who="3" m="31823" /><G66/><T102/><D102/><U50/><E50/><V103/><F103/><W84/><G98/><T46/><D29/><U93/><E83/><N who="2" m="45535" /><F40/><W79/><G79/><T69/><D69/><U106/><E72/><V23/><F23/><W10/><G10/><T135/><D135/><U74/><E126/><V26/><F26/><W17/><G17/><N who="0" m="10431" /><D86/><U24/><E93/><V33/><F33/><W44/><G44/><T99/><D99/><U91/><E91/><AGARI ba="0,0" hai="43,46,48,89,91" m="10431,24169,17703" machi="91" ten="30,1000,0" yaku="8,1" doraHai="3" who="0" fromWho="1" sc="115,10,459,-10,307,0,119,0" owari="125,-27.5,449,54.9,307,10.7,119,-38.1" /></mjloggm>