<mjloggm ver="2.3"><GO type="225" lobby="0"/><UN n0="%E6%B4%BE%E9%81%A3%E3%81%AE%E3%82%B8%E3%83%A3%E3%83%83%E3%82%AF" n1="%E6%A1%9C%E8%8A%B1%E9%96%83%E3%80%85" n2="%72%69%6F%75%63%68%61%6E" n3="%E6%81%A5%E6%99%92%E3%81%97" dan="17,17,16,16" rate="2194.19,2144.39,2175.54,2202.91" sx="M,M,M,M"/><TAIKYOKU oya="0"/><INIT seed="0,0,0,2,0,35" ten="250,250,250,250" oya="0" hai0="98,84,115,72,85,3,73,90,59,34,102,57,22" hai1="31,8,116,42,5,16,70,65,123,27,53,114,74" hai2="129,82,36,109,51,6,26,76,107,58,64,37,28" hai3="40,94,92,127,81,125,104,33,117,32,110,67,63"/><T14/><D115/><U112/><E116/><V69/><F109/><W1/><G117/><T111/><D34/><U62/><E123/><V135/><F129/><W126/><G104/><T89/><D111/><U108/><E108/><V44/><F135/><W15/><G110/><T47/><D47/><U86/><E74/><V91/><F69/><W7/><G40/><T10/><D22/><U120/><E120/><V68/><F68/><W54/><G54/><T106/><D3/><U113/><E42/><V17/><F107/><W61/><G15/><T71/><D71/><U39/><E39/><V66/><F6/><W77/><G32/><T19/><D73/><U119/><E119/><V99/><F17/><W131/><G33/><T132/><D72/><U45/><E86/><V20/><F91/><W95/><G131/><T18/><D132/><U29/><E53/><V118/><F99/><W78/><G78/><T48/><D19/><U9/><E45/><V101/><F101/><W11/><REACH who="3" step="1"/><G67/><REACH who="3" ten="250,250,250,240" step="2"/><T97/><D106/><U83/><E113/><V88/><F76/><W121/><G121/><T96/><D14/><U105/><E105/><V43/><F118/><W87/><AGARI ba="0,1" hai="1,7,11,61,63,77,81,87,92,94,95,125,126,127" machi="87" ten="40,8000,1" yaku="1,1,0,1,18,1,52,1,53,0" doraHai="35" doraHaiUra="38" who="3" fromWho="3" sc="250,-40,250,-20,250,-20,240,90" /><INIT seed="1,0,0,4,0,46" ten="210,230,230,330" oya="1" hai0="73,21,124,1,99,66,19,13,94,119,79,106,108" hai1="62,76,107,56,87,40,44,60,22,132,51,114,113" hai2="37,61,53,90,39,23,129,34,103,72,68,101,91" hai3="50,80,130,18,118,81,10,24,84,32,134,15,6"/><U9/><E107/><V58/><F34/><W115/><G115/><T126/><D119/><U131/><E131/><V77/><F129/><W33/><G130/><T70/><D108/><U64/><E132/><V125/><F125/><N who="0" m="48234" /><D1/><U16/><E9/><V35/><F35/><W42/><G134/><T120/><D120/><U105/><E105/><V5/><F68/><W116/><G18/><T111/><D111/><U82/><REACH who="1" step="1"/><E62/><REACH who="1" ten="210,220,230,330" step="2"/><V95/><F5/><W59/><G116/><T45/><D106/><U128/><E128/><V104/><F104/><W63/><G118/><T127/><D127/><U96/><E96/><V48/><F61/><W112/><G63/><T7/><D7/><U92/><E92/><V67/><F67/><W11/><G10/><T12/><D66/><U135/><E135/><V14/><F95/><W49/><G6/><T117/><D117/><U74/><E74/><V69/><F72/><W133/><G11/><T109/><D109/><U57/><E57/><V17/><F69/><W83/><G59/><T26/><D70/><U25/><AGARI ba="0,1" hai="16,22,25,40,44,51,56,60,64,76,82,87,113,114" machi="25" ten="20,12000,1" yaku="1,1,0,1,7,1,52,1,54,1,53,0" doraHai="46" doraHaiUra="121" who="1" fromWho="1" sc="210,-40,220,130,230,-40,330,-40" /><INIT seed="1,1,0,5,0,109" ten="170,350,190,290" oya="1" hai0="29,4,112,122,30,71,51,36,107,106,58,111,108" hai1="98,89,105,48,13,75,49,118,42,17,5,72,26" hai2="83,113,125,45,43,110,47,34,88,86,132,62,82" hai3="28,35,69,19,60,61,32,91,46,44,66,24,37"/><U16/><E118/><V94/><F110/><N who="0" m="42026" /><D71/><U56/><E105/><N who="0" m="39945" /><D36/><U116/><E116/><V52/><F113/><W126/><G126/><T33/><D122/><U73/><E42/><V114/><F114/><W100/><G100/><T40/><D112/><U15/><E26/><V3/><F132/><W20/><G35/><T115/><D115/><U11/><E56/><N who="2" m="35079" /><F3/><W70/><G37/><T38/><D4/><U133/><E133/><V77/><F34/><W8/><G8/><T12/><D12/><U101/><E101/><V14/><F125/><W104/><G91/><T21/><D21/><U93/><REACH who="1" step="1"/><E5/><REACH who="1" ten="170,340,190,290" step="2"/><V79/><F43/><W41/><G41/><T135/><D135/><U123/><E123/><V67/><F67/><W76/><G104/><T84/><D40/><U131/><E131/><V129/><F129/><W7/><G7/><T31/><D38/><U124/><E124/><V68/><F68/><W87/><G70/><T128/><D128/><U103/><E103/><V27/><F27/><W50/><G66/><T0/><D58/><U18/><E18/><V59/><F59/><W1/><G19/><T39/><D39/><U25/><E25/><V9/><F47/><W57/><G69/><T99/><D33/><U6/><E6/><N who="2" m="3383" /><F45/><W54/><G32/><T78/><D31/><U53/><E53/><V55/><F55/><W23/><G46/><T65/><D65/><U127/><E127/><V2/><F2/><W10/><G44/><T96/><D0/><U63/><E63/><V119/><F119/><W130/><G1/><T22/><D29/><U95/><E95/><RYUUKYOKU ba="1,1" sc="170,-15,340,15,190,15,290,-15" hai1="11,13,15,16,17,48,49,72,73,75,89,93,98" hai2="77,79,82,83,86,88,94" /><INIT seed="1,2,1,1,5,76" ten="155,355,205,275" oya="1" hai0="15,130,134,111,58,41,17,120,8,86,78,42,104" hai1="36,74,113,75,61,114,50,65,19,63,3,28,38" hai2="4,121,2,100,12,123,131,82,30,89,112,128,92" hai3="132,72,81,52,62,11,124,106,69,127,14,107,109"/><U83/><E3/><V122/><F2/><W99/><G69/><T40/><D104/><U77/><E28/><V71/><F71/><W125/><G109/><T57/><D111/><U9/><E50/><V1/><F1/><W34/><G34/><T47/><D134/><U87/><E19/><V43/><F112/><W56/><G132/><T105/><D105/><U23/><E23/><V46/><F30/><W91/><G99/><T22/><D130/><N who="2" m="49706" /><F100/><W13/><G13/><N who="0" m="9519" /><D47/><U55/><E9/><N who="2" m="4135" /><F82/><W84/><REACH who="3" step="1"/><G72/><REACH who="3" ten="155,355,205,265" step="2"/><T53/><D120/><U27/><E75/><V97/><F121/><W108/><G108/><T102/><D102/><U64/><E74/><V135/><F135/><W93/><G93/><T33/><D33/><U25/><E114/><V98/><F97/><W95/><G95/><T118/><D118/><U54/><E113/><V70/><F70/><W48/><G48/><AGARI ba="2,2" hai="43,46,48,89,92,98,122,123" m="4135,49706" machi="48" ten="30,1000,0" yaku="19,1" doraHai="76" who="2" fromWho="3" sc="155,0,355,0,205,36,265,-16" /><INIT seed="2,0,0,1,2,39" ten="155,355,241,249" oya="2" hai0="127,44,5,26,56,91,31,32,54,55,11,135,17" hai1="97,116,105,73,88,15,107,101,133,83,82,10,63" hai2="64,9,126,87,96,62,8,57,132,112,68,27,23" hai3="37,76,90,129,25,52,117,38,16,118,22,134,41"/><V70/><F112/><W12/><G38/><T6/><D127/><U18/><E116/><V47/><F132/><W81/><G129/><T92/><D135/><U128/><E133/><V19/><F126/><W50/><G134/><T75/><D75/><U110/><E110/><V113/><F113/><W121/><G121/><T53/><D56/><U131/><E105/><V98/><F87/><W66/><G66/><T120/><D120/><U21/><E63/><V29/><F47/><W95/><G25/><T24/><D44/><U89/><E21/><V4/><F8/><W123/><G123/><T84/><REACH who="0" step="1"/><D11/><REACH who="0" ten="145,355,241,249" step="2"/><U74/><E74/><V108/><F108/><W78/><G117/><T122/><D122/><U42/><E73/><V104/><F57/><W119/><G118/><T77/><D77/><U20/><E10/><V80/><F70/><W94/><G78/><T130/><D130/><U125/><E125/><V86/><F4/><W106/><G76/><T3/><D3/><U2/><E2/><V1/><F1/><W30/><G119/><T33/><D33/><U28/><E131/><V59/><F68/><W35/><G35/><T115/><D115/><U13/><E128/><V0/><F0/><W7/><G7/><T79/><D79/><U85/><E20/><AGARI ba="0,1" hai="5,6,17,20,24,26,31,32,53,54,55,84,91,92" machi="20" ten="40,2600,0" yaku="1,1,53,1" doraHai="39" doraHaiUra="14" who="0" fromWho="1" sc="145,36,355,-26,241,0,249,0" /><INIT seed="3,0,0,0,1,76" ten="181,329,241,249" oya="3" hai0="3,78,17,39,19,130,131,69,125,1,103,112,72" hai1="50,100,79,83,59,18,57,107,28,116,118,41,120" hai2="114,65,33,2,133,61,119,108,95,102,0,52,43" hai3="81,45,25,23,77,121,66,55,27,6,128,90,26"/><W34/><G121/><T73/><D103/><U110/><E120/><V16/><F114/><W54/><G34/><T5/><D69/><U123/><E123/><V38/><F119/><N who="1" m="45609" /><E110/><V32/><F108/><W124/><G124/><T62/><D62/><U9/><E28/><V49/><F133/><W109/><G128/><N who="0" m="49195" /><D125/><U134/><E18/><N who="0" m="6665" /><D5/><U44/><E134/><V53/><F53/><W94/><G6/><T127/><D127/><U42/><E42/><V21/><F32/><W74/><G66/><T60/><D60/><U117/><E117/><V12/><F33/><W14/><G109/><T13/><D13/><U113/><E100/><V51/><F51/><W31/><G14/><T37/><D78/><U4/><E107/><V135/><F135/><W24/><REACH who="3" step="1"/><G45/><REACH who="3" ten="181,329,241,239" step="2"/><T15/><D15/><N who="1" m="5543" /><E113/><V101/><F65/><W7/><G7/><T40/><D112/><U115/><E115/><V111/><F111/><W122/><G122/><T82/><D40/><U85/><AGARI ba="0,1" hai="41,44,50,57,59,79,83,85" m="5543,45609" machi="85" ten="30,4000,0" yaku="25,1,12,1,52,1" doraHai="76" who="1" fromWho="1" sc="181,-10,329,50,241,-10,239,-20" owari="171,-32.9,379,47.9,231,3.1,219,-18.1" /></mjloggm>