<mjloggm ver="2.3"><GO type="225" lobby="0"/><UN n0="%E5%91%A8%E6%9D%B1" n1="%E3%83%94%E3%83%B3%E3%82%B5%E3%83%AD%E5%BA%97%E5%93%A1" n2="%E3%83%96%E3%83%83%E3%83%91%E3%82%AA%E3%83%96%E3%83%81%E3%82%AD%E3%83%B3" n3="%E7%99%BD%E5%80%89%E5%AF%9B%E4%B9%8B" dan="17,17,16,16" rate="2166.21,2183.86,2150.82,2134.77" sx="M,M,M,M"/><TAIKYOKU oya="0"/><INIT seed="0,0,0,3,5,7" ten="250,250,250,250" oya="0" hai0="128,132,44,12,85,114,115,108,83,76,75,107,120" hai1="21,78,52,56,82,14,16,22,46,90,40,3,19" hai2="98,33,133,135,66,104,37,126,42,122,117,55,2" hai3="61,45,65,62,5,38,28,26,125,58,123,77,48"/><T53/><D120/><U0/><E90/><V127/><F33/><W72/><G123/><T29/><D107/><U80/><E46/><N who="2" m="23887" /><F122/><W92/><G125/><N who="2" m="47625" /><F2/><W47/><G38/><T130/><D29/><U60/><E40/><V89/><F117/><W15/><G72/><T116/><D116/><U86/><REACH who="1" step="1"/><E82/><REACH who="1" ten="250,240,250,250" step="2"/><V87/><F66/><W97/><G47/><T91/><D44/><U74/><E74/><V119/><F119/><W34/><G77/><T50/><D75/><U67/><E67/><V70/><F55/><W36/><G36/><T101/><D91/><U134/><E134/><V131/><F70/><W30/><G65/><T100/><D132/><U63/><E63/><V4/><F135/><W105/><G62/><T10/><D53/><U88/><E88/><V24/><F133/><W99/><G61/><T102/><D50/><U111/><E111/><V25/><F89/><W8/><G45/><T79/><D108/><U112/><E112/><V106/><F87/><W39/><G39/><T13/><D79/><U71/><E71/><V20/><F131/><N who="0" m="50218" /><D13/><AGARI ba="0,1" hai="0,3,13,14,16,19,21,22,52,56,60,78,80,86" machi="13" ten="30,12000,2" yaku="1,1,7,1,9,1,54,2,53,2" doraHai="7" doraHaiUra="9" who="1" fromWho="0" sc="250,-120,240,130,250,0,250,0" /><INIT seed="1,0,0,0,3,110" ten="130,370,250,250" oya="1" hai0="89,121,28,119,29,13,20,103,42,117,84,16,114" hai1="53,37,14,80,134,64,12,73,70,60,83,102,31" hai2="0,78,63,45,105,4,122,116,123,68,51,36,130" hai3="49,54,135,67,23,129,79,113,33,62,108,15,71"/><U27/><E37/><V50/><F116/><W86/><G33/><T124/><D114/><U118/><E118/><V133/><F105/><W25/><G108/><T52/><D121/><N who="2" m="46090" /><F78/><W3/><G3/><T76/><D124/><U6/><E134/><V8/><F8/><W107/><G107/><T46/><D76/><U81/><E73/><V111/><F4/><W61/><G135/><T96/><D117/><U59/><E102/><V82/><F82/><W75/><G129/><T131/><D131/><U92/><E92/><V90/><F90/><W65/><G75/><T58/><D119/><U109/><E6/><V106/><F0/><W128/><G128/><T88/><D89/><U98/><E98/><V69/><F106/><W19/><G86/><T112/><D112/><U44/><E44/><V101/><F101/><W9/><G79/><T18/><D18/><U126/><E126/><V39/><F111/><W38/><G38/><N who="2" m="14377" /><F130/><W94/><G94/><N who="0" m="58775" /><D46/><U10/><E10/><V99/><F99/><W57/><G113/><T55/><D42/><U91/><E91/><V72/><F72/><W41/><G41/><T2/><D2/><U1/><E109/><V127/><F127/><W11/><REACH who="3" step="1"/><G15/><REACH who="3" ten="130,370,250,240" step="2"/><T32/><D32/><U40/><E40/><N who="2" m="24871" /><F133/><W97/><G97/><T93/><D55/><U24/><E1/><V7/><F7/><W125/><G125/><T95/><D95/><U30/><E14/><V104/><F104/><W26/><G26/><N who="1" m="9770" /><E12/><V22/><F22/><W47/><AGARI ba="0,1" hai="9,11,19,23,25,47,49,54,57,61,62,65,67,71" machi="47" ten="20,5200,0" yaku="1,1,0,1,7,1,53,1" doraHai="110" doraHaiUra="43" who="3" fromWho="3" sc="130,-13,370,-26,250,-13,240,62" /><INIT seed="2,0,0,5,2,104" ten="117,344,237,302" oya="2" hai0="72,127,78,29,19,126,125,53,84,130,13,8,55" hai1="43,34,111,73,94,133,30,71,59,7,16,110,134" hai2="24,23,86,62,35,102,1,124,82,77,61,116,65" hai3="9,88,49,3,47,106,83,113,123,32,28,129,20"/><V76/><F116/><W120/><G106/><T135/><D130/><U97/><E71/><V107/><F124/><W5/><G32/><T67/><D135/><N who="1" m="51723" /><E73/><V41/><F1/><W57/><G129/><T46/><D67/><U85/><E7/><V37/><F35/><W115/><G57/><T14/><D29/><U60/><E43/><V50/><F37/><W119/><G119/><T52/><D14/><U4/><E4/><V91/><F102/><W2/><G2/><T36/><D36/><U45/><E45/><N who="2" m="25903" /><F107/><W74/><G20/><T22/><D22/><U39/><E85/><N who="2" m="48335" /><F76/><N who="3" m="44439" /><G88/><T95/><D95/><U131/><E39/><V112/><F112/><N who="3" m="43083" /><G28/><T69/><D69/><U11/><E131/><V100/><F100/><W33/><G33/><T31/><D31/><U87/><E87/><V93/><F65/><W40/><AGARI ba="0,0" hai="3,5,9,40,47,49,120,123" m="43083,44439" machi="40" ten="30,2000,0" yaku="11,1,52,1" doraHai="104" who="3" fromWho="3" sc="117,-5,344,-5,237,-10,302,20" /><INIT seed="3,0,0,1,2,125" ten="112,339,227,322" oya="3" hai0="8,134,110,25,107,7,106,100,36,117,102,68,114" hai1="23,16,14,71,77,2,86,67,88,57,111,56,128" hai2="115,118,58,122,95,103,11,28,12,93,38,18,31" hai3="37,47,29,120,32,98,51,81,91,26,62,43,96"/><W99/><G120/><T127/><D25/><U124/><E128/><V13/><F115/><W39/><G91/><T0/><D8/><U5/><E124/><V24/><F118/><W92/><G92/><N who="2" m="35401" /><F38/><W64/><REACH who="3" step="1"/><G81/><REACH who="3" ten="112,339,227,312" step="2"/><T20/><D7/><U109/><E77/><V49/><F122/><W53/><G53/><T48/><D102/><U9/><E71/><AGARI ba="0,1" hai="26,29,32,37,39,43,47,51,62,64,71,96,98,99" machi="71" ten="40,2000,0" yaku="1,1,53,0" doraHai="125" doraHaiUra="126" who="3" fromWho="1" sc="112,0,339,-20,227,0,312,30" owari="112,-38.8,319,11.9,227,-17.3,342,44.2" /></mjloggm>