<mjloggm ver="2.3"><GO type="225" lobby="0"/><UN n0="%E3%81%A9%E3%82%93%E3%82%88%E3%81%8F%4D%6B%2E%32" n1="%E3%81%BD%E3%81%A1%E3%81%9F%E3%81%93%E3%82%84" n2="%E3%83%96%E3%83%83%E3%83%91%E3%82%AA%E3%83%96%E3%83%81%E3%82%AD%E3%83%B3" n3="%32%E9%99%90" dan="16,17,16,16" rate="2118.67,2187.98,2126.67,2135.48" sx="M,M,M,M"/><TAIKYOKU oya="0"/><INIT seed="0,0,0,1,2,58" ten="250,250,250,250" oya="0" hai0="103,134,21,37,63,5,33,110,16,3,25,133,115" hai1="4,75,34,32,11,127,46,86,12,78,81,8,17" hai2="53,24,0,29,82,100,128,35,88,71,106,70,97" hai3="122,19,13,123,132,116,39,9,129,79,60,119,66"/><T98/><D37/><U114/><E127/><V130/><F0/><W126/><G39/><T65/><D115/><U111/><E114/><V68/><REACH who="2" step="1"/><F53/><REACH who="2" ten="250,250,240,250" step="2"/><W99/><G126/><T54/><D3/><U31/><E111/><V40/><F40/><W92/><G119/><T22/><D54/><U117/><E117/><V73/><F73/><W107/><G116/><T38/><D110/><U52/><E75/><V109/><F109/><W112/><G112/><T131/><D131/><U1/><REACH who="1" step="1"/><E31/><REACH who="1" ten="250,240,240,250" step="2"/><V44/><F44/><W83/><G129/><T30/><D30/><U56/><E56/><V6/><F6/><W104/><G123/><T90/><D5/><U87/><E87/><AGARI ba="0,2" hai="24,29,35,68,70,71,82,87,88,97,100,106,128,130" machi="87" ten="50,3200,0" yaku="1,1,54,1,53,0" doraHai="58" doraHaiUra="74" who="2" fromWho="1" sc="250,0,240,-32,240,52,250,0" /><INIT seed="1,0,0,3,2,124" ten="250,208,292,250" oya="1" hai0="4,40,84,51,82,21,30,6,43,78,100,47,12" hai1="2,8,77,35,9,74,92,126,68,53,56,76,58" hai2="118,105,7,97,122,52,114,85,1,109,104,61,83" hai3="75,25,38,37,10,102,90,32,59,29,70,91,95"/><U18/><E68/><V115/><F1/><W108/><G70/><T23/><D100/><U55/><E35/><V65/><F7/><W116/><G75/><T11/><D30/><U67/><E126/><V127/><F127/><W133/><G108/><T129/><D129/><U121/><E121/><V79/><F122/><W17/><G133/><T125/><D125/><U96/><E67/><V13/><F118/><W111/><G111/><T120/><D120/><U101/><E74/><V22/><F109/><W14/><G116/><T60/><D43/><U48/><E2/><V16/><F97/><W3/><G102/><T128/><D128/><U130/><E130/><V94/><F94/><W33/><G33/><T39/><D39/><U123/><E123/><V15/><F15/><W27/><G90/><T24/><D24/><U57/><E57/><N who="2" m="34983" /><F65/><W28/><G59/><T113/><D113/><AGARI ba="0,0" hai="13,16,22,79,83,85,104,105,113,114,115" m="34983" machi="113" ten="30,3900,0" yaku="11,1,54,2" doraHai="124" who="2" fromWho="0" sc="250,-39,208,0,292,39,250,0" /><INIT seed="2,0,0,1,0,84" ten="211,208,331,250" oya="2" hai0="6,86,35,32,9,41,43,18,10,46,93,85,0" hai1="124,108,27,8,7,90,14,74,135,133,103,126,81" hai2="132,101,38,125,121,72,82,61,47,109,115,112,104" hai3="70,134,22,102,45,129,113,131,69,36,54,88,94"/><V62/><F121/><W110/><G110/><T42/><D46/><U34/><E108/><V63/><F109/><W25/><G102/><T68/><D68/><U20/><E103/><V29/><F125/><N who="1" m="48233" /><E34/><V58/><F132/><N who="1" m="50761" /><E74/><V120/><F120/><W19/><G113/><T123/><D123/><U40/><E40/><V5/><F29/><W65/><G65/><T23/><D9/><U87/><E20/><V11/><F58/><W2/><G2/><T118/><D118/><U1/><E27/><V30/><F101/><W13/><G25/><T37/><D37/><U4/><E1/><V49/><F104/><W50/><G36/><T53/><D53/><U117/><E4/><V55/><F38/><W111/><G111/><T83/><D93/><U89/><E117/><V66/><F5/><W76/><G134/><T60/><D60/><U97/><E97/><V127/><F72/><W12/><G13/><T64/><D64/><U73/><E73/><V107/><F63/><W119/><G119/><T28/><D28/><U114/><E114/><V105/><F62/><W16/><G19/><T57/><D86/><U44/><E44/><V71/><F47/><W96/><G12/><T56/><D35/><U99/><E99/><V100/><F66/><W21/><G16/><T3/><D32/><U128/><E128/><N who="3" m="49226" /><G21/><T77/><D0/><U75/><E75/><V106/><F115/><W33/><G22/><T31/><D31/><U52/><E52/><V51/><F30/><W98/><G33/><T80/><D80/><U78/><AGARI ba="0,0" hai="7,8,14,78,81,87,89,90" m="50761,48233" machi="78" ten="30,7900,0" yaku="18,1,20,1,52,2" doraHai="84" who="1" fromWho="1" sc="211,-20,208,79,331,-39,250,-20" /><INIT seed="3,0,0,1,5,13" ten="191,287,292,230" oya="3" hai0="31,92,23,50,71,40,74,75,64,102,84,135,5" hai1="12,34,67,49,33,104,44,101,90,81,110,130,73" hai2="115,7,117,29,114,120,55,62,45,46,70,100,41" hai3="80,58,2,54,11,78,15,93,39,127,121,60,8"/><W21/><G121/><T108/><D108/><U22/><E110/><V14/><F117/><W124/><G39/><T10/><D135/><U30/><E130/><V79/><F79/><W26/><G93/><T27/><D71/><U25/><E67/><V1/><F1/><W85/><G2/><T28/><D64/><U43/><E12/><V65/><F120/><W24/><G11/><T88/><D102/><U16/><E30/><V18/><F29/><W111/><G111/><T68/><D68/><U122/><E122/><V126/><F7/><W132/><G132/><T47/><REACH who="0" step="1"/><D31/><REACH who="0" ten="181,287,292,230" step="2"/><U19/><E101/><V77/><F100/><W9/><G127/><T133/><D133/><U98/><E104/><V134/><F126/><W32/><G124/><T109/><D109/><U112/><E112/><V35/><F134/><W113/><G113/><T107/><D107/><U94/><REACH who="1" step="1"/><E19/><REACH who="1" ten="181,277,292,230" step="2"/><V123/><F18/><N who="3" m="10463" /><G32/><T103/><D103/><U129/><E129/><V82/><F115/><W87/><G9/><T91/><D91/><U0/><E0/><AGARI ba="0,2" hai="0,5,10,23,27,28,40,47,50,74,75,84,88,92" machi="0" ten="30,3900,0" yaku="1,1,7,1,54,1,53,0" doraHai="13" doraHaiUra="51" who="0" fromWho="1" sc="181,59,277,-39,292,0,230,0" /><INIT seed="4,0,0,4,2,85" ten="240,238,292,230" oya="0" hai0="122,102,53,69,126,66,73,81,17,79,90,86,100" hai1="107,34,93,3,135,134,110,92,28,54,67,62,125" hai2="112,88,103,37,40,13,35,111,43,22,91,71,124" hai3="49,31,42,18,46,131,70,105,89,95,4,57,11"/><T0/><D0/><U25/><E110/><V129/><F35/><W7/><G70/><T75/><D122/><U106/><E3/><V26/><F71/><W30/><G105/><N who="1" m="39946" /><E54/><V65/><F37/><W118/><G57/><T72/><D53/><U104/><N who="1" m="39954" /><U114/><DORA hai="51" /><E125/><V21/><F111/><W1/><G131/><T96/><D17/><U48/><E48/><V87/><F129/><W64/><G64/><T55/><D55/><U16/><E16/><N who="2" m="10383" /><F112/><W83/><G83/><N who="0" m="49503" /><D66/><U133/><E114/><V68/><F68/><AGARI ba="0,0" hai="25,28,34,62,67,68,92,93,133,134,135" m="39954" machi="68" ten="50,1600,0" yaku="20,1" doraHai="85,51" who="1" fromWho="2" sc="240,0,238,16,292,-16,230,0" /><INIT seed="5,0,0,0,3,131" ten="240,254,276,230" oya="1" hai0="8,16,125,108,119,60,121,114,103,116,57,62,14" hai1="122,112,132,73,59,58,92,10,82,86,42,67,20" hai2="7,54,61,123,27,130,107,72,101,63,65,15,68" hai3="76,78,84,36,12,38,2,105,22,0,79,71,50"/><U6/><E122/><V44/><F123/><W133/><G71/><T115/><D121/><U49/><E73/><V106/><F130/><W90/><G105/><T24/><D108/><U85/><E112/><N who="0" m="43049" /><D125/><U95/><E20/><V51/><F72/><W64/><G64/><N who="0" m="38927" /><D103/><U18/><E18/><V111/><F111/><W91/><G50/><T128/><D128/><U83/><E67/><V89/><F101/><W5/><G133/><T80/><D80/><U47/><E132/><V23/><F89/><W81/><G91/><T53/><D24/><U100/><E83/><V31/><REACH who="2" step="1"/><F61/><REACH who="2" ten="240,254,266,230" step="2"/><W19/><REACH who="3" step="1"/><G5/><REACH who="3" ten="240,254,266,220" step="2"/><T126/><D126/><U45/><E6/><V26/><F26/><W120/><G120/><T99/><D62/><U117/><E100/><V37/><F37/><AGARI ba="0,2" hai="0,2,12,19,22,36,37,38,76,78,79,81,84,90" machi="37" ten="40,1300,0" yaku="1,1,53,0" doraHai="131" doraHaiUra="21" who="3" fromWho="2" sc="240,0,254,0,266,-13,220,33" /><INIT seed="6,0,0,0,5,113" ten="240,254,253,253" oya="2" hai0="46,115,71,78,70,100,60,18,54,132,116,96,110" hai1="95,26,112,65,66,117,39,63,7,6,98,108,62" hai2="82,9,125,133,121,73,36,4,42,19,97,37,41" hai3="20,47,49,28,67,59,84,25,104,14,15,89,56"/><V127/><F121/><W31/><G31/><T52/><D110/><U69/><E108/><V1/><F19/><W24/><G25/><T30/><D30/><U131/><E112/><V64/><F133/><W106/><G106/><T53/><D115/><U72/><E131/><V123/><F123/><W135/><G104/><T118/><D78/><U34/><E39/><N who="2" m="14923" /><F64/><W8/><G67/><T79/><D79/><U99/><E72/><V44/><F97/><W119/><G119/><N who="0" m="45611" /><D132/><U75/><E75/><V101/><F101/><W16/><G15/><T134/><D134/><U17/><E117/><V58/><F58/><W88/><G135/><T55/><D18/><U51/><E17/><V130/><F130/><W86/><G86/><T109/><D109/><U80/><E69/><V91/><F91/><N who="3" m="34891" /><G84/><T23/><D23/><U38/><E38/><BYE who="1" /><N who="2" m="21559" /><F42/><AGARI ba="0,0" hai="8,14,16,20,24,28,42,47,49,56,59" m="34891" machi="42" ten="30,3900,0" yaku="8,1,54,2" doraHai="113" who="3" fromWho="2" sc="240,0,254,0,253,-39,253,39" /><INIT seed="7,0,0,2,5,125" ten="240,254,214,292" oya="3" hai0="108,90,83,86,39,113,36,2,71,131,57,101,48" hai1="56,54,12,26,0,33,7,30,72,14,115,74,41" hai2="44,132,91,45,63,81,58,85,66,37,79,118,38" hai3="64,88,77,20,126,53,52,28,114,3,47,55,50"/><W59/><G3/><T128/><D108/><U99/><E99/><V13/><F118/><UN n1="%E3%81%BD%E3%81%A1%E3%81%9F%E3%81%93%E3%82%84" /><W6/><G114/><T73/><D2/><U109/><E109/><V17/><F132/><W29/><G6/><T46/><D71/><U89/><E115/><V124/><F124/><W25/><G77/><T11/><D113/><U40/><E0/><V34/><F34/><W27/><G88/><T84/><D73/><U51/><E89/><V65/><F37/><W43/><G126/><T129/><D57/><U18/><E72/><V76/><F38/><W105/><G105/><T102/><D36/><U95/><E95/><V96/><F66/><W70/><G70/><T31/><D39/><U21/><E74/><V78/><REACH who="2" step="1"/><F96/><REACH who="2" ten="240,254,204,292" step="2"/><W19/><G64/><T22/><D11/><AGARI ba="0,1" hai="11,13,17,44,45,58,63,65,76,78,79,81,85,91" machi="11" ten="40,5200,0" yaku="1,1,2,1,8,1,53,0" doraHai="125" doraHaiUra="1" who="2" fromWho="0" sc="240,-52,254,0,204,62,292,0" owari="188,-31.2,254,-14.6,266,6.6,292,39.2" /></mjloggm>