<mjloggm ver="2.3"><GO type="225" lobby="0"/><UN n0="%E3%83%A9%E3%83%BC%E3%83%A1%E3%83%B3%E4%BA%94%E9%83%8E" n1="%E5%A4%8F%E9%88%B4%E9%88%B4%E5%A4%8F" n2="%E5%8D%A0%E3%81%84%E5%B8%AB%E8%A3%8F%E3%81%AA%E3%81%84%E3%81%97" n3="%E6%81%A5%E6%99%92%E3%81%97" dan="16,16,17,17" rate="2138.63,2102.59,2222.31,2153.80" sx="M,F,M,M"/><TAIKYOKU oya="0"/><INIT seed="0,0,0,2,1,95" ten="250,250,250,250" oya="0" hai0="98,125,83,84,54,109,78,93,46,28,65,52,49" hai1="4,96,67,29,135,123,38,68,45,37,66,51,2" hai2="9,23,39,44,102,88,112,50,121,57,81,119,61" hai3="71,25,22,62,134,108,80,19,77,30,55,75,56"/><T31/><D125/><U7/><E123/><V85/><F121/><W130/><G108/><T124/><D124/><U89/><E29/><V132/><F112/><W26/><G130/><T24/><D109/><U1/><E135/><V117/><F39/><W91/><G134/><T27/><D65/><U47/><E89/><V60/><F132/><W99/><G71/><T11/><D11/><U104/><E51/><V86/><F23/><W128/><G128/><T13/><D13/><U73/><E73/><V32/><F32/><W116/><G116/><N who="2" m="44617" /><F57/><W17/><G17/><T21/><D54/><U15/><E15/><V0/><F102/><W118/><G118/><T122/><D122/><U64/><E64/><V14/><F85/><W53/><G53/><T74/><D74/><U114/><E114/><V41/><F0/><W131/><G131/><T133/><D133/><U69/><REACH who="1" step="1"/><E104/><REACH who="1" ten="250,240,250,250" step="2"/><V103/><F103/><W10/><G30/><N who="0" m="17679" /><D27/><U111/><E111/><V107/><F107/><W63/><G26/><T16/><D16/><AGARI ba="0,1" hai="9,14,16,41,44,50,60,61,81,86,88" m="44617" machi="16" ten="30,3900,0" yaku="12,1,54,2" doraHai="95" who="2" fromWho="0" sc="250,-39,240,0,250,49,250,0" /><INIT seed="1,0,0,3,5,117" ten="211,240,299,250" oya="1" hai0="98,83,106,9,64,69,54,47,45,102,103,48,99" hai1="40,44,58,57,78,79,18,62,101,43,4,81,52" hai2="24,19,31,74,35,128,100,120,21,97,10,85,95" hai3="109,49,66,92,15,53,105,86,133,42,87,126,77"/><U60/><E4/><V80/><F128/><W104/><G109/><T50/><D83/><U65/><E101/><V129/><F129/><W25/><G42/><T29/><D29/><U8/><E44/><V20/><F74/><W51/><G126/><T124/><D124/><U1/><E79/><V111/><F111/><W76/><G133/><T36/><D36/><U123/><E123/><V55/><F120/><W130/><G66/><T110/><D110/><U41/><E1/><V56/><F56/><BYE who="2" /><W14/><G25/><T90/><D90/><U108/><E108/><V112/><F112/><W122/><G130/><T114/><D114/><U67/><E67/><V89/><F89/><W88/><G122/><T22/><D22/><U59/><E59/><V115/><F115/><W75/><G75/><UN n2="%E5%8D%A0%E3%81%84%E5%B8%AB%E8%A3%8F%E3%81%AA%E3%81%84%E3%81%97" /><T27/><D27/><U127/><E127/><V71/><F71/><W5/><G5/><T23/><D23/><U13/><REACH who="1" step="1"/><E43/><REACH who="1" ten="211,230,299,250" step="2"/><V119/><F100/><W37/><G77/><T121/><D121/><U93/><E93/><V33/><F95/><W38/><G76/><T46/><D64/><U82/><E82/><V118/><F80/><W28/><G92/><N who="0" m="58695" /><D69/><U72/><AGARI ba="0,1" hai="8,13,18,40,41,52,57,58,60,62,65,72,78,81" machi="72" ten="20,7800,0" yaku="1,1,0,1,7,1,54,1,53,0" doraHai="117" doraHaiUra="96" who="1" fromWho="1" sc="211,-26,230,88,299,-26,250,-26" /><INIT seed="1,1,0,1,4,9" ten="185,318,273,224" oya="1" hai0="75,45,56,79,123,76,106,26,105,97,65,60,61" hai1="122,98,82,70,32,36,23,85,113,132,31,3,130" hai2="111,53,115,4,57,35,127,107,6,8,88,22,43" hai3="84,117,54,135,91,27,131,80,95,40,47,33,109"/><U14/><E122/><V5/><F107/><W116/><G109/><T90/><D123/><U21/><E113/><V120/><F35/><W16/><G131/><T24/><D45/><U1/><E70/><V44/><F120/><W101/><G135/><T63/><D75/><U86/><E36/><V18/><F111/><W74/><G54/><T89/><D106/><U50/><E132/><V87/><F127/><W17/><G33/><T126/><D126/><U28/><E32/><V103/><F103/><W77/><G101/><T58/><D105/><U68/><E68/><V25/><F115/><W38/><REACH who="3" step="1"/><G27/><REACH who="3" ten="185,318,273,214" step="2"/><T71/><D24/><U110/><E130/><V134/><F134/><W2/><G2/><T10/><D26/><U104/><E1/><V30/><F30/><W39/><G39/><T15/><D65/><U96/><E3/><V94/><F43/><W64/><G64/><T93/><D71/><U112/><E28/><V46/><REACH who="2" step="1"/><F8/><REACH who="2" ten="185,318,263,214" step="2"/><W13/><G13/><T19/><REACH who="0" step="1"/><D90/><REACH who="0" ten="175,318,263,214" step="2"/><N who="1" m="51511" /><E112/><V0/><F0/><W118/><AGARI ba="1,3" hai="16,17,38,40,47,74,77,80,84,91,95,116,117,118" machi="118" ten="30,7900,0" yaku="1,1,0,1,12,1,54,1,53,0" doraHai="9" doraHaiUra="125" who="3" fromWho="3" sc="175,-21,318,-40,263,-21,214,112" /><INIT seed="2,0,0,4,4,101" ten="154,278,242,326" oya="2" hai0="76,116,89,67,97,49,131,93,47,124,129,63,86" hai1="100,17,109,75,33,53,54,107,6,108,102,55,77" hai2="135,85,103,56,105,87,65,27,22,16,115,15,125" hai3="57,88,74,130,11,81,14,82,69,132,113,32,91"/><V122/><F115/><W106/><G69/><T133/><D116/><U126/><E33/><V24/><F122/><W28/><G113/><T110/><D110/><N who="1" m="42603" /><E6/><V121/><F121/><W73/><G57/><T64/><D124/><U118/><E118/><V128/><F125/><W127/><G127/><T30/><D30/><U23/><E107/><V34/><F128/><W19/><G130/><T71/><D133/><U80/><E126/><V95/><F135/><W41/><G132/><T20/><D20/><U59/><E59/><V3/><F3/><W8/><G41/><T9/><D9/><U79/><E79/><V84/><F34/><W60/><G106/><T114/><D114/><U68/><E68/><V51/><F105/><W48/><G60/><T43/><REACH who="0" step="1"/><D67/><REACH who="0" ten="144,278,242,326" step="2"/><U5/><E5/><V62/><F51/><W1/><G32/><T61/><D61/><U38/><E38/><V119/><F119/><W46/><G28/><T18/><D18/><U72/><E72/><V99/><AGARI ba="0,1" hai="15,16,22,24,27,56,62,65,84,85,87,95,99,103" machi="99" ten="30,6000,0" yaku="0,1,8,1,54,1" doraHai="101" who="2" fromWho="2" sc="144,-20,278,-20,242,70,326,-20" /><INIT seed="2,1,0,1,1,109" ten="124,258,312,306" oya="2" hai0="40,42,99,80,6,44,5,28,96,112,16,60,84" hai1="14,130,36,2,116,37,120,95,107,55,122,31,61" hai2="58,38,134,19,92,12,74,17,35,3,126,73,10" hai3="1,34,41,68,30,0,57,102,123,75,114,129,64"/><V89/><F38/><W24/><G123/><T51/><D28/><U91/><E116/><V23/><F35/><W103/><G75/><T18/><D112/><U117/><E117/><V20/><F134/><W21/><G129/><T128/><D128/><U11/><E2/><V39/><F39/><W32/><G68/><T8/><D40/><U29/><E107/><V71/><F71/><W78/><G0/><T50/><D50/><U66/><E55/><V53/><F126/><W121/><G121/><N who="1" m="46698" /><E29/><V118/><F118/><W108/><G108/><T77/><D60/><U113/><E31/><V83/><F3/><W25/><G1/><T131/><D131/><U88/><E91/><V45/><F83/><W62/><G114/><T72/><D72/><U94/><E95/><V27/><F45/><W15/><G41/><T48/><D48/><U56/><E113/><V125/><F10/><W65/><G65/><T49/><D49/><U33/><E33/><V63/><REACH who="2" step="1"/><F125/><REACH who="2" ten="124,258,302,306" step="2"/><W135/><G34/><T101/><D8/><U98/><E130/><V85/><AGARI ba="1,1" hai="12,17,19,20,23,27,53,58,63,73,74,85,89,92" machi="85" ten="20,7800,0" yaku="1,1,2,1,0,1,7,1,53,0" doraHai="109" doraHaiUra="132" who="2" fromWho="2" sc="124,-27,258,-27,302,91,306,-27" /><INIT seed="2,2,0,3,5,103" ten="97,231,393,279" oya="2" hai0="57,86,26,43,129,117,109,27,35,14,79,0,61" hai1="56,125,2,132,76,107,31,53,115,59,63,67,58" hai2="8,105,96,101,99,11,81,20,65,84,121,74,85" hai3="50,82,95,134,78,64,124,123,52,45,131,33,130"/><V70/><F121/><W15/><G123/><T30/><D0/><U60/><E115/><V4/><F65/><W80/><G33/><T37/><D109/><U49/><E2/><V1/><F70/><W126/><G64/><T128/><D43/><U114/><E114/><V12/><F20/><W91/><G15/><T93/><D37/><U73/><E107/><V21/><F21/><W51/><G51/><T42/><D42/><U18/><E31/><V112/><F112/><W62/><G62/><T36/><D36/><U122/><E122/><V71/><F71/><W75/><G82/><T6/><D117/><U104/><E104/><V3/><F99/><W113/><G113/><T47/><D47/><U19/><E125/><N who="3" m="48234" /><G134/><T87/><D26/><U9/><E9/><V5/><F12/><W54/><G54/><T10/><D79/><AGARI ba="2,0" hai="1,3,4,5,8,11,74,79,81,84,85,96,101,105" machi="79" ten="40,3900,0" yaku="9,1,52,1" doraHai="103" who="2" fromWho="0" sc="97,-45,231,0,393,45,279,0" /><INIT seed="2,3,0,3,1,67" ten="52,231,438,279" oya="2" hai0="1,62,44,47,64,105,112,19,33,75,111,99,38" hai1="82,114,68,104,20,7,69,123,128,8,23,70,42" hai2="91,66,13,0,61,24,110,88,124,28,21,40,2" hai3="56,90,34,22,118,97,10,45,133,32,96,86,36"/><V5/><F124/><W92/><G118/><T43/><D1/><U102/><E114/><V48/><F110/><W74/><G74/><T26/><D75/><U27/><E128/><V76/><F76/><W120/><G120/><T60/><D111/><U103/><E104/><V106/><F106/><W59/><G133/><T4/><D4/><U6/><E42/><V98/><F13/><W115/><G22/><T77/><D77/><U83/><E123/><V72/><F72/><W57/><G115/><T50/><D112/><U46/><E46/><V121/><F121/><W108/><G108/><T95/><D105/><U85/><E20/><V84/><F98/><W87/><G10/><T16/><D26/><U78/><E83/><V71/><F5/><W51/><G36/><T101/><D33/><U18/><REACH who="1" step="1"/><E6/><REACH who="1" ten="52,221,438,279" step="2"/><V15/><F40/><N who="3" m="24999" /><G32/><T130/><D130/><U109/><E109/><V107/><F107/><W49/><G34/><T58/><REACH who="0" step="1"/><D62/><REACH who="0" ten="42,221,438,279" step="2"/><U126/><E126/><V131/><F61/><W116/><G116/><T73/><D73/><U127/><E127/><V35/><F35/><W93/><G87/><T117/><D117/><U17/><E17/><V81/><F84/><W39/><G86/><T52/><AGARI ba="3,2" hai="16,19,38,43,44,47,50,52,58,60,64,95,99,101" machi="52" ten="20,12000,2" yaku="1,1,0,1,7,1,54,2,53,1" doraHai="67" doraHaiUra="37" who="0" fromWho="0" sc="42,149,221,-33,438,-63,279,-33" /><INIT seed="3,0,0,5,2,10" ten="191,188,375,246" oya="3" hai0="5,118,27,22,75,131,54,8,70,68,90,82,35" hai1="115,55,105,99,28,73,58,126,62,64,29,9,20" hai2="66,3,45,52,103,85,84,50,51,110,69,34,14" hai3="4,74,39,38,113,109,130,127,97,87,65,7,89"/><W43/><G113/><T42/><D118/><U24/><E115/><V133/><F3/><W46/><G127/><T57/><D42/><U15/><E73/><V86/><F34/><W88/><G130/><T124/><D124/><U16/><E126/><V92/><F110/><W6/><G74/><T59/><D35/><U123/><E123/><V94/><F133/><W13/><G65/><T93/><D131/><U101/><REACH who="1" step="1"/><E64/><REACH who="1" ten="191,178,375,246" step="2"/><V67/><F67/><W78/><G109/><T102/><D75/><U12/><E12/><V48/><F66/><W80/><G13/><N who="0" m="5263" /><D70/><U21/><E21/><V0/><F69/><W122/><G122/><T128/><D68/><U98/><E98/><N who="2" m="59847" /><F0/><W31/><G97/><N who="0" m="59695" /><D128/><U71/><E71/><V1/><F1/><W44/><G31/><AGARI ba="0,1" hai="9,15,16,20,24,28,29,31,55,58,62,99,101,105" machi="31" ten="30,7700,0" yaku="1,1,7,1,52,1,54,1,53,0" doraHai="10" doraHaiUra="117" who="1" fromWho="3" sc="191,0,178,87,375,0,246,-77" owari="191,-20.9,265,6.5,375,47.5,169,-33.1" /></mjloggm>