<mjloggm ver="2.3"><GO type="225" lobby="0"/><UN n0="%E3%80%93%E3%81%97%E3%83%BC%E3%82%89%E3%80%93" n1="%E3%81%B2%E3%81%AA%E3%81%AE%E3%82%8A%E3%81%8F" n2="%E6%98%93%E5%88%A9%E8%96%A9%E4%BC%AF" n3="%72%69%6F%75%63%68%61%6E" dan="16,16,17,16" rate="2211.13,2106.25,2167.08,2090.80" sx="M,M,F,M"/><TAIKYOKU oya="0"/><INIT seed="0,0,0,3,4,91" ten="250,250,250,250" oya="0" hai0="60,39,5,56,12,109,14,122,85,51,27,120,35" hai1="45,99,50,115,20,34,3,46,24,101,128,89,134" hai2="96,61,82,83,73,110,53,114,66,68,26,123,54" hai3="130,131,111,94,41,106,48,126,86,52,65,62,90"/><T103/><D39/><U17/><E134/><V63/><F114/><W79/><G111/><T133/><D109/><U92/><E128/><N who="3" m="49194" /><G126/><T78/><D133/><U105/><E3/><V102/><F123/><W81/><G106/><T121/><D5/><U71/><E71/><V8/><F110/><W22/><G22/><T49/><D103/><U29/><E115/><V28/><F8/><W47/><G41/><T23/><D35/><U108/><E108/><V87/><F73/><W21/><G21/><T36/><D36/><U76/><E76/><V67/><F83/><W57/><G79/><T10/><D10/><U11/><E11/><V132/><F132/><W55/><G55/><T88/><D78/><U4/><E4/><V25/><F25/><W43/><G43/><T40/><D40/><U117/><E117/><V42/><F42/><W9/><G9/><T30/><D12/><U118/><E118/><V1/><F1/><W84/><G84/><T13/><D13/><U33/><E33/><V80/><F87/><W112/><G112/><T69/><D14/><U104/><E104/><V116/><F116/><W119/><G119/><T32/><D32/><U93/><E105/><N who="2" m="63687" /><F82/><AGARI ba="0,0" hai="47,48,52,57,62,65,81,82,86,90,94" m="49194" machi="82" ten="30,3900,0" yaku="19,1,52,1,54,1" doraHai="91" who="3" fromWho="2" sc="250,0,250,0,250,-39,250,39" /><INIT seed="1,0,0,1,1,53" ten="250,250,211,289" oya="1" hai0="96,16,120,117,59,104,34,15,10,14,109,91,7" hai1="134,13,123,107,110,8,31,58,122,17,89,41,30" hai2="130,39,95,48,75,129,113,83,5,108,35,19,21" hai3="82,51,22,57,6,92,106,71,119,103,66,63,72"/><U76/><E107/><V40/><F35/><W36/><G106/><T56/><D34/><U43/><E134/><V9/><F39/><W64/><G119/><T46/><D117/><U84/><E76/><V101/><F108/><W126/><G126/><T50/><D109/><U2/><E2/><V111/><F111/><W28/><G36/><T60/><D120/><U73/><E73/><V62/><F113/><W42/><G6/><T25/><D25/><U11/><E110/><V77/><F101/><W133/><G133/><T98/><D104/><U125/><E125/><V88/><F62/><W55/><G42/><N who="0" m="24919" /><D91/><U3/><E122/><V0/><F48/><W29/><G66/><N who="0" m="39175" /><D59/><U37/><E123/><V69/><F40/><W79/><REACH who="3" step="1"/><G22/><AGARI ba="0,0" hai="7,10,14,15,16,22,96,98" m="39175,24919" machi="22" ten="30,3900,0" yaku="8,1,52,1,54,1" doraHai="53" who="0" fromWho="3" sc="250,39,250,0,211,0,289,-39" /><INIT seed="2,0,0,4,3,68" ten="289,250,211,250" oya="2" hai0="64,134,8,36,87,133,10,92,66,17,90,47,105" hai1="63,0,67,46,1,135,56,31,16,131,24,15,23" hai2="30,110,54,93,49,104,130,2,81,72,35,127,73" hai3="97,122,43,50,107,89,45,13,82,44,132,120,37"/><V103/><F104/><W125/><G125/><T42/><D105/><U22/><E135/><N who="0" m="51721" /><D17/><U38/><REACH who="1" step="1"/><E131/><REACH who="1" ten="289,240,211,250" step="2"/><V19/><F130/><W69/><G132/><T95/><D95/><U121/><E121/><V126/><F126/><W117/><G107/><T116/><D116/><U27/><E27/><V29/><F127/><W98/><G117/><T60/><D66/><U57/><E57/><AGARI ba="0,1" hai="8,10,36,42,47,57,60,64,87,90,92" m="51721" machi="57" ten="30,2000,0" yaku="20,1,52,1" doraHai="68" who="0" fromWho="1" sc="289,30,240,-20,211,0,250,0" /><INIT seed="3,0,0,2,2,23" ten="319,220,211,250" oya="3" hai0="129,3,120,48,46,66,119,85,127,65,7,99,50" hai1="125,117,90,19,10,102,105,51,42,56,81,16,109" hai2="63,15,83,12,18,33,13,60,122,28,39,0,31" hai3="103,20,55,121,68,26,34,2,128,1,43,6,75"/><W71/><G121/><T36/><D120/><U8/><E109/><V132/><F122/><W30/><G75/><T110/><D119/><U82/><E117/><V131/><F39/><W114/><G114/><T113/><D110/><U5/><E125/><V14/><F0/><W80/><G43/><T49/><D127/><U35/><E35/><V95/><F131/><W107/><G128/><T89/><D99/><U21/><E105/><V104/><F104/><W97/><G80/><N who="1" m="30826" /><E102/><V108/><F132/><W53/><G2/><T115/><D129/><U78/><E78/><V126/><F108/><W24/><G68/><T100/><D100/><U59/><E90/><V69/><F126/><W76/><G71/><T133/><D133/><U27/><E5/><V111/><F111/><W62/><G62/><N who="2" m="23593" /><F33/><W84/><G84/><T58/><D58/><N who="1" m="22059" /><E19/><V57/><F69/><W134/><G76/><T92/><D7/><U96/><E96/><V45/><F83/><W124/><G134/><T118/><D3/><U93/><E93/><V40/><F57/><W61/><G61/><T91/><D91/><U112/><E112/><N who="0" m="43081" /><D118/><U72/><E72/><V52/><F95/><W38/><G38/><T54/><D36/><U98/><E98/><V47/><F40/><W86/><G124/><T87/><D87/><U44/><AGARI ba="0,0" hai="8,10,16,21,27,42,44,51" m="22059,30826" machi="44" ten="30,4000,0" yaku="8,1,52,1,54,1" doraHai="23" who="1" fromWho="1" sc="319,-10,220,40,211,-10,250,-20" owari="309,40.9,260,6.0,201,-29.9,230,-17.0" /></mjloggm>