<mjloggm ver="2.3"><GO type="225" lobby="0"/><UN n0="%70%6F%69%73%6F%6E%30%32" n1="%E3%81%AF%E3%82%88%E3%81%8A%E3%81%98%E3%81%95%E3%82%93" n2="%E9%A6%AC%E5%BC%95%E7%81%AB%33" n3="%E3%81%82%E3%81%84%E3%81%82%E3%81%8A%E3%81%84" dan="16,16,16,18" rate="2109.57,2195.72,2137.85,2198.71" sx="M,M,M,M"/><TAIKYOKU oya="0"/><INIT seed="0,0,0,0,4,102" ten="250,250,250,250" oya="0" hai0="111,37,62,9,40,112,120,41,54,96,39,63,123" hai1="51,50,103,134,30,52,55,24,116,114,125,75,23" hai2="92,34,100,48,27,83,106,107,6,132,72,99,77" hai3="3,31,94,65,28,57,44,131,59,67,46,101,97"/><T4/><D4/><U81/><E116/><V26/><F132/><W56/><G3/><T88/><D9/><U60/><E134/><V53/><F6/><W61/><G131/><T38/><D96/><U47/><E125/><V70/><F70/><W15/><G15/><T19/><D19/><U122/><E122/><N who="0" m="46633" /><D88/><U21/><E114/><V7/><F7/><W121/><G121/><T79/><D79/><U105/><E60/><N who="0" m="23081" /><D112/><U25/><E75/><V95/><F95/><W87/><G87/><T76/><D76/><U11/><E11/><V12/><F12/><W42/><G61/><T49/><D111/><U8/><E8/><V118/><F118/><W17/><G17/><T1/><D1/><U110/><E110/><V32/><F26/><W18/><G18/><T36/><N who="0" m="9216" /><DORA hai="119" /><T64/><D64/><U93/><E81/><V128/><F128/><W35/><G67/><T22/><D22/><U86/><E86/><V29/><REACH who="2" step="1"/><F32/><REACH who="2" ten="250,250,240,250" step="2"/><W13/><G35/><T104/><D104/><U0/><E105/><V108/><F108/><W33/><G33/><T10/><D10/><U2/><E93/><V43/><F43/><W80/><G13/><T124/><D124/><U73/><E0/><V115/><F115/><W130/><G130/><T89/><D89/><U84/><E2/><V85/><F85/><W135/><G94/><T74/><D74/><U71/><E73/><V5/><F5/><W129/><G129/><T127/><D127/><U117/><E84/><V91/><F91/><W98/><G42/><T126/><D126/><U68/><E25/><V113/><F113/><RYUUKYOKU ba="0,1" sc="250,15,250,-15,240,15,250,-15" hai0="40,41,49,54" hai2="27,29,34,48,53,72,77,83,92,99,100,106,107" /><INIT seed="0,1,1,4,2,109" ten="265,235,255,235" oya="0" hai0="7,98,90,76,51,122,102,96,11,9,65,133,124" hai1="92,38,125,30,127,31,116,131,79,74,46,24,33" hai2="113,27,80,89,93,15,100,135,1,73,58,105,22" hai3="78,54,50,49,57,32,6,107,86,21,106,85,23"/><T25/><D122/><U94/><E116/><V37/><F1/><W13/><G32/><T67/><D133/><U126/><E31/><V3/><F3/><W2/><G2/><T66/><D124/><U17/><E131/><V63/><F135/><W75/><G75/><T88/><D7/><U130/><E130/><V118/><F118/><W128/><G128/><T5/><D5/><U61/><E61/><V111/><F111/><W14/><G6/><T81/><D51/><U117/><E117/><V48/><F37/><W112/><G57/><T84/><D25/><U55/><E17/><V82/><F73/><W62/><G54/><T87/><D76/><U70/><E70/><V134/><F113/><W129/><G129/><T91/><D81/><N who="1" m="45303" /><E55/><V34/><F34/><W44/><G78/><T53/><D53/><U69/><E69/><V115/><F115/><W29/><G29/><T10/><D102/><U56/><E56/><V20/><F105/><W64/><G62/><T120/><D120/><U39/><E39/><V97/><F100/><W108/><G108/><T95/><D95/><U40/><AGARI ba="1,1" hai="24,30,33,38,40,46,92,94,125,126,127" m="45303" machi="40" ten="40,1500,0" yaku="18,1" doraHai="109" who="1" fromWho="1" sc="265,-8,235,28,255,-5,235,-5" /><INIT seed="1,0,0,5,1,76" ten="257,263,250,230" oya="1" hai0="121,4,39,69,15,37,1,19,80,74,94,87,66" hai1="128,89,18,104,40,63,83,62,71,132,92,68,113" hai2="86,16,45,10,35,90,127,58,23,96,3,110,82" hai3="43,53,126,59,75,2,81,67,72,135,88,95,97"/><U106/><E113/><V6/><F110/><W122/><G122/><T44/><D121/><U102/><E40/><V57/><F127/><W108/><G2/><T131/><D131/><U100/><E128/><V112/><F112/><W47/><G108/><T34/><D34/><U120/><E120/><V52/><F35/><W24/><G67/><T84/><D66/><U14/><E132/><V117/><F96/><W26/><G126/><T125/><D69/><U79/><E71/><V129/><F117/><W12/><G135/><T36/><D44/><U32/><E32/><V50/><F129/><W9/><G75/><T105/><D105/><U48/><E48/><V134/><F134/><W93/><G93/><T41/><D41/><U103/><E68/><V21/><F21/><W65/><G65/><T78/><D125/><U60/><E89/><V5/><F5/><W13/><G13/><AGARI ba="0,0" hai="3,6,10,13,16,23,45,50,52,57,58,82,86,90" machi="13" ten="30,7700,0" yaku="7,1,52,1,54,2" doraHai="76" who="2" fromWho="3" sc="257,0,263,0,250,77,230,-77" /><INIT seed="2,0,0,4,3,6" ten="257,263,327,153" oya="2" hai0="64,88,86,124,112,44,39,83,18,120,66,59,113" hai1="72,91,118,93,114,133,4,128,110,106,21,90,2" hai2="1,37,109,11,9,69,29,126,125,89,98,85,55" hai3="123,20,46,111,84,117,43,92,57,24,49,115,95"/><V108/><F69/><W75/><G75/><T80/><D120/><U82/><E21/><V60/><F37/><W101/><G123/><T38/><D124/><N who="2" m="47722" /><F29/><W62/><G117/><T77/><D18/><U40/><E106/><V52/><F98/><W5/><G111/><N who="2" m="42569" /><F1/><W16/><G115/><T35/><D35/><U0/><E114/><V131/><F131/><W78/><G101/><T47/><D38/><U63/><E0/><V58/><F55/><W94/><G5/><T102/><D102/><U81/><E4/><V100/><F100/><W8/><G78/><T48/><D39/><U36/><E36/><V45/><F45/><N who="0" m="17482" /><D113/><U129/><E2/><V135/><F135/><W134/><G134/><T132/><D132/><U7/><E133/><V116/><F116/><W121/><G121/><T10/><D112/><U61/><E118/><V105/><F105/><W67/><REACH who="3" step="1"/><G84/><REACH who="3" ten="257,263,327,143" step="2"/><T19/><D77/><U73/><E110/><V56/><F56/><W28/><G28/><T34/><D59/><U41/><E7/><V68/><F68/><W99/><G99/><T71/><D71/><U130/><E128/><V87/><F87/><W65/><G65/><T54/><D66/><U53/><E129/><V26/><F26/><W15/><G15/><N who="0" m="7671" /><D64/><U50/><E130/><V122/><F122/><W97/><G97/><T104/><D104/><U119/><E119/><V27/><F27/><W32/><G32/><T96/><D34/><U79/><E79/><V25/><F25/><W33/><G33/><T127/><D127/><U103/><E73/><V31/><F31/><W42/><G42/><RYUUKYOKU ba="0,1" sc="257,-15,263,-15,327,15,143,15" hai2="9,11,52,58,60,85,89" hai3="8,16,20,24,43,46,49,57,62,67,92,94,95" /><INIT seed="2,1,1,0,1,49" ten="242,248,342,158" oya="2" hai0="133,56,44,73,26,39,47,3,76,13,91,111,14" hai1="101,123,71,31,72,85,15,27,57,92,53,116,51" hai2="103,104,98,79,110,90,93,19,131,68,28,35,109" hai3="60,59,81,67,69,12,88,77,96,34,16,41,50"/><V25/><F131/><W128/><G128/><T106/><D3/><U89/><E123/><V65/><F79/><W55/><G34/><T0/><D0/><U84/><E116/><V21/><F65/><W20/><G41/><T83/><D111/><N who="2" m="42506" /><F68/><W52/><G55/><T124/><D106/><U112/><E72/><V82/><F82/><W132/><G132/><T2/><D2/><U115/><E71/><V30/><F35/><W37/><G37/><T61/><D133/><U75/><E75/><V66/><F66/><W134/><G134/><T43/><D124/><U11/><E101/><V108/><F108/><W99/><G88/><T45/><D26/><U4/><E85/><AGARI ba="1,1" hai="19,21,25,28,30,85,90,93,98,103,104" m="42506" machi="85" ten="30,2900,0" yaku="14,1,10,1" doraHai="49" who="2" fromWho="1" sc="242,0,248,-32,342,42,158,0" /><AGARI ba="1,0" hai="12,16,20,50,52,59,60,67,69,77,81,85,96,99" machi="85" ten="30,7700,0" yaku="7,1,52,1,54,2" doraHai="49" who="3" fromWho="1" sc="242,0,216,-77,384,0,158,77" /><INIT seed="2,2,0,4,4,66" ten="242,139,384,235" oya="2" hai0="73,40,14,36,2,80,50,51,91,54,87,94,77" hai1="48,38,105,29,79,43,124,88,35,132,133,70,113" hai2="62,131,122,72,109,23,129,24,63,58,13,32,112" hai3="84,82,90,92,100,121,8,59,57,20,18,96,93"/><V130/><F112/><W89/><G8/><T119/><D2/><U52/><E113/><V6/><F122/><W9/><G9/><T71/><D119/><U45/><E105/><V74/><F32/><W107/><G107/><T118/><D118/><U117/><E117/><V81/><F6/><W46/><G46/><T61/><D14/><U44/><E79/><V111/><F13/><W41/><G41/><T135/><D135/><N who="1" m="51787" /><E124/><V17/><F62/><W31/><G31/><T19/><D19/><U60/><E35/><V123/><F123/><W7/><G7/><T33/><D33/><U12/><E29/><V76/><F74/><W86/><REACH who="3" step="1"/><G121/><REACH who="3" ten="242,139,384,225" step="2"/><T3/><D3/><U128/><E128/><V115/><F115/><W120/><G120/><T11/><D11/><U4/><E4/><V83/><F130/><W114/><G114/><T85/><D36/><U78/><E78/><V25/><F131/><W125/><G125/><T15/><D40/><U28/><E28/><V127/><F127/><W134/><G134/><T55/><D73/><U106/><E106/><V65/><F76/><W97/><G97/><T42/><D42/><U47/><E45/><V10/><F72/><W75/><G75/><T37/><D37/><U67/><E12/><AGARI ba="2,1" hai="12,18,20,57,59,82,84,86,89,90,92,93,96,100" machi="12" ten="30,8000,1" yaku="1,1,7,1,8,1,53,2" doraHai="66" doraHaiUra="53" who="3" fromWho="1" sc="242,0,139,-86,384,0,225,96" /><INIT seed="3,0,0,4,2,134" ten="242,53,384,321" oya="3" hai0="110,106,116,3,46,12,64,17,130,99,61,79,70" hai1="30,86,85,31,62,60,58,41,9,69,15,74,0" hai2="55,81,90,27,102,112,4,26,47,48,113,20,103" hai3="68,65,13,51,16,73,52,129,29,92,104,42,35"/><W135/><G104/><T94/><D110/><U28/><E74/><V23/><F4/><W14/><G73/><T10/><D116/><U111/><E0/><V43/><F113/><W121/><G121/><T1/><D130/><U56/><E69/><V66/><F66/><W25/><G42/><T32/><D32/><U82/><E111/><V84/><F112/><W78/><G78/><T2/><D79/><U34/><E34/><V67/><F67/><W33/><G33/><T49/><D106/><U50/><E41/><V126/><F126/><W115/><G115/><T77/><D77/><U107/><E107/><V36/><F23/><W124/><G135/><T119/><D119/><U80/><E50/><V93/><F27/><W18/><G124/><T133/><D133/><U75/><E75/><V127/><F81/><W125/><G125/><T8/><D8/><U39/><E39/><V109/><F109/><W6/><G129/><T101/><D3/><U40/><E40/><AGARI ba="0,0" hai="1,2,10,12,17,40,46,49,61,64,70,94,99,101" machi="40" ten="30,1000,0" yaku="7,1" doraHai="134" who="0" fromWho="1" sc="242,10,53,-10,384,0,321,0" owari="252,-14.8,43,-45.7,384,48.4,321,12.1" /></mjloggm>