<mjloggm ver="2.3"><GO type="225" lobby="0"/><UN n0="%E3%83%A9%E3%82%A4%E3%83%B3%E3%81%AE%E8%99%8E" n1="%6C%61%6D%62" n2="%E5%8D%A0%E3%81%84%E5%B8%AB%E8%A3%8F%E3%81%AA%E3%81%84%E3%81%97" n3="%E3%81%BF%E3%81%BF%E3%81%9A" dan="16,16,17,17" rate="2160.35,2203.85,2236.64,2175.04" sx="M,M,M,M"/><TAIKYOKU oya="0"/><INIT seed="0,0,0,5,0,108" ten="250,250,250,250" oya="0" hai0="112,125,98,0,80,75,90,133,110,21,116,17,41" hai1="134,122,79,111,6,88,70,38,8,97,16,73,78" hai2="105,119,36,5,57,35,66,11,22,99,31,62,49" hai3="93,71,47,107,37,115,85,104,82,86,42,83,65"/><T48/><D116/><U117/><E117/><V32/><F36/><W92/><G65/><T29/><D0/><U102/><E122/><V25/><F119/><W118/><G71/><T64/><D29/><U135/><E70/><V53/><F99/><W44/><G118/><T132/><D64/><U69/><E69/><V2/><REACH who="2" step="1"/><F105/><REACH who="2" ten="250,250,240,250" step="2"/><W113/><G42/><T100/><D98/><U124/><E38/><AGARI ba="0,1" hai="37,38,44,47,82,83,85,86,92,93,104,107,113,115" machi="38" ten="25,6400,0" yaku="22,2,52,2" doraHai="108" who="3" fromWho="1" sc="250,0,250,-64,240,0,250,74" /><INIT seed="1,0,0,4,5,95" ten="250,186,240,324" oya="1" hai0="100,113,12,111,134,20,19,0,99,117,49,76,98" hai1="63,24,2,82,5,96,57,37,4,43,90,36,11" hai2="121,115,13,119,86,65,67,97,18,29,17,123,112" hai3="110,47,9,114,62,50,135,58,35,61,27,51,70"/><U15/><E43/><V38/><F38/><W83/><G114/><N who="2" m="43561" /><F119/><W78/><G110/><T84/><D113/><U71/><E71/><V33/><F86/><W85/><G135/><T129/><D117/><U103/><E4/><V23/><F29/><W91/><G70/><T7/><D111/><U28/><E2/><V32/><F97/><N who="0" m="36874" /><D0/><U124/><E90/><V16/><F23/><W92/><G9/><N who="0" m="4159" /><D129/><U77/><E124/><V26/><F26/><W107/><G107/><T56/><D134/><U25/><E36/><V122/><F13/><W75/><G27/><N who="0" m="14751" /><D100/><U130/><E37/><V1/><F1/><W42/><G35/><AGARI ba="0,0" hai="16,17,18,32,33,35,65,67,121,122,123" m="43561" machi="35" ten="40,8000,1" yaku="28,2,11,1,54,1" doraHai="95" who="2" fromWho="3" sc="250,0,186,0,240,80,324,-80" /><INIT seed="2,0,0,5,2,47" ten="250,186,320,244" oya="2" hai0="3,116,132,81,46,51,17,16,71,40,61,92,93" hai1="8,103,79,52,108,62,29,97,45,20,87,39,72" hai2="102,38,28,91,48,36,107,70,101,26,119,35,124" hai3="19,129,96,43,21,89,10,33,85,112,59,50,22"/><V84/><F119/><W133/><G33/><T68/><D3/><U98/><E72/><V104/><F124/><W77/><G129/><T1/><D1/><U111/><E39/><V83/><F70/><W2/><G133/><T125/><D132/><U63/><E8/><V78/><F102/><W23/><G112/><T80/><D125/><U7/><E7/><V82/><F101/><W115/><G115/><T32/><D32/><U49/><E79/><V14/><F14/><N who="3" m="7639" /><G2/><T117/><D46/><U123/><E123/><V15/><F15/><W114/><G114/><T13/><D13/><U57/><E87/><V58/><F36/><W74/><G74/><T95/><D95/><N who="1" m="58815" /><E98/><V86/><F38/><W11/><G11/><T135/><D135/><U65/><E63/><V126/><F126/><W6/><G6/><T76/><D61/><U88/><E88/><V24/><F24/><AGARI ba="0,0" hai="20,24,29,45,49,52,57,62,65,108,111" m="58815" machi="24" ten="30,3900,0" yaku="25,1,52,1,54,1" doraHai="47" who="1" fromWho="2" sc="250,0,186,39,320,-39,244,0" /><INIT seed="3,0,0,1,0,70" ten="250,225,281,244" oya="3" hai0="0,3,84,38,1,91,68,12,36,127,126,6,109" hai1="112,15,51,4,93,42,81,78,32,107,56,49,54" hai2="99,31,39,90,28,108,61,30,43,41,131,88,82" hai3="59,74,25,29,65,53,23,71,110,47,119,7,66"/><W9/><G119/><T80/><D68/><U121/><E107/><V95/><F108/><W17/><G74/><T97/><D109/><U134/><E112/><V64/><F39/><W10/><G110/><T13/><D97/><U18/><E121/><V24/><F131/><W102/><G102/><T57/><D57/><U83/><E32/><V67/><F24/><W16/><G71/><T45/><D45/><U113/><E134/><V105/><F105/><W52/><G53/><T79/><D79/><U100/><E113/><V128/><F128/><W77/><G77/><T27/><D27/><U11/><E18/><N who="3" m="7274" /><G47/><T19/><D6/><U104/><E104/><V58/><F64/><N who="3" m="24683" /><G7/><T44/><D44/><N who="1" m="25751" /><E78/><V111/><F111/><W46/><G46/><T73/><D73/><U14/><E14/><N who="0" m="5737" /><D19/><U103/><E103/><N who="2" m="60927" /><F82/><W115/><G115/><T22/><D22/><U85/><E100/><V124/><F41/><W55/><G55/><T132/><D132/><U117/><E117/><V89/><F43/><W50/><AGARI ba="0,0" hai="9,10,23,25,29,50,52,59" m="24683,7274" machi="50" ten="30,6000,0" yaku="8,1,54,2" doraHai="70" who="3" fromWho="3" sc="250,-20,225,-20,281,-20,244,60" owari="230,-17.0,205,-29.5,261,6.1,304,40.4" /></mjloggm>