<mjloggm ver="2.3"><GO type="225" lobby="0"/><UN n0="%E5%91%89%E5%AF%8C%E6%98%A5" n1="%E6%81%A5%E6%99%92%E3%81%97" n2="%E9%A6%AC%E5%BC%95%E7%81%AB%33" n3="%72%65%6E%6B%75%6E" dan="16,16,16,17" rate="2108.32,2120.84,2127.55,2212.79" sx="M,M,M,M"/><TAIKYOKU oya="0"/><INIT seed="0,0,0,1,2,110" ten="250,250,250,250" oya="0" hai0="31,107,99,79,124,113,45,83,29,59,21,103,123" hai1="20,132,61,40,6,111,108,3,68,95,118,49,18" hai2="51,131,66,10,128,48,134,130,53,126,37,101,102" hai3="44,69,98,84,135,54,75,82,114,88,127,119,109"/><T63/><D123/><U16/><E118/><V39/><F66/><W70/><G119/><T90/><D124/><U74/><E74/><V86/><F10/><W5/><G127/><T11/><D113/><U115/><E132/><V28/><F126/><W116/><G116/><T117/><D117/><U94/><E18/><V47/><F28/><W77/><G109/><N who="1" m="42058" /><E6/><V92/><F134/><W89/><G114/><T106/><D106/><U71/><E3/><V57/><F86/><W120/><G120/><T12/><D45/><N who="1" m="25767" /><E115/><V52/><REACH who="2" step="1"/><F92/><REACH who="2" ten="250,250,240,250" step="2"/><N who="1" m="35369" /><E61/><V97/><F97/><W7/><G98/><T24/><D90/><U58/><E58/><V13/><F13/><AGARI ba="0,1" hai="13,16,20,68,71" m="35369,25767,42058" machi="13" ten="30,2000,0" yaku="14,1,54,1" doraHai="110" who="1" fromWho="2" sc="250,0,250,30,240,-20,250,0" /><INIT seed="1,0,0,3,0,79" ten="250,280,220,250" oya="1" hai0="124,133,110,62,107,11,42,46,56,38,105,64,8" hai1="83,21,91,43,69,73,23,106,117,85,17,132,89" hai2="40,129,10,27,28,127,20,87,68,78,112,14,71" hai3="45,44,84,109,66,121,19,131,25,128,1,39,52"/><U118/><E69/><V50/><F127/><W93/><G1/><T72/><D124/><U86/><E73/><V130/><F112/><W35/><G121/><T123/><D72/><U49/><E106/><V53/><F71/><W70/><G109/><T2/><D110/><U96/><E132/><V5/><F68/><W77/><G39/><T90/><D123/><U65/><E65/><V82/><F53/><W3/><G3/><T92/><D133/><U24/><E96/><V104/><F104/><W100/><G100/><T94/><D94/><U9/><E9/><V101/><F101/><W54/><G45/><AGARI ba="0,0" hai="5,10,14,20,27,28,40,45,50,78,82,87,129,130" machi="45" ten="40,5200,0" yaku="25,2,52,1" doraHai="79" who="2" fromWho="3" sc="250,0,280,0,220,52,250,-52" /><INIT seed="2,0,0,1,5,32" ten="250,280,272,198" oya="2" hai0="26,74,129,130,100,12,69,3,64,88,121,11,131" hai1="80,63,114,8,27,20,132,6,58,9,126,66,90" hai2="70,48,95,15,113,71,40,127,106,77,19,45,96" hai3="61,83,52,125,10,28,105,25,122,119,116,60,98"/><V107/><F113/><W62/><G122/><T49/><D121/><U78/><E114/><V102/><F127/><W29/><G125/><T99/><D74/><U16/><E132/><V134/><F134/><W31/><G25/><T75/><D75/><U91/><E126/><V94/><F77/><W50/><G83/><T82/><D26/><U87/><REACH who="1" step="1"/><E9/><REACH who="1" ten="250,270,272,198" step="2"/><V54/><F71/><W84/><G10/><T123/><D11/><U4/><E4/><V117/><F70/><W13/><G13/><AGARI ba="0,1" hai="6,8,13,16,20,27,58,63,66,78,80,87,90,91" machi="13" ten="30,8000,1" yaku="1,1,7,1,8,1,54,1,53,1" doraHai="32" doraHaiUra="73" who="1" fromWho="3" sc="250,0,270,90,272,0,198,-80" /><INIT seed="3,0,0,1,4,13" ten="250,360,272,118" oya="3" hai0="120,107,112,16,108,69,117,85,71,32,95,127,131" hai1="91,59,135,46,111,123,92,103,67,68,23,57,81" hai2="82,25,20,22,96,24,77,62,109,0,3,132,63" hai3="60,66,53,75,47,115,45,17,118,7,4,12,18"/><W52/><G75/><T41/><RYUUKYOKU type="yao9" ba="0,0" sc="250,0,360,0,272,0,118,0" hai0="16,32,41,69,71,85,95,107,108,112,117,120,127,131" /><INIT seed="3,1,0,2,0,9" ten="250,360,272,118" oya="3" hai0="60,123,4,26,86,84,120,18,13,23,30,51,124" hai1="24,29,22,97,104,113,67,63,85,81,35,108,20" hai2="101,50,49,115,89,45,19,53,98,55,5,47,131" hai3="65,52,10,56,42,59,122,103,40,27,46,94,8"/><W92/><G122/><T58/><D124/><U126/><E108/><V134/><F115/><W135/><G135/><T57/><D4/><U87/><E126/><V54/><F134/><W95/><G103/><T127/><D127/><U118/><E113/><V106/><F131/><W37/><G27/><T73/><D73/><U1/><E1/><V48/><F5/><W91/><G91/><T17/><D120/><U34/><E34/><V100/><F100/><W129/><G129/><T2/><D2/><U0/><E0/><V128/><F128/><W43/><G65/><T70/><D70/><N who="1" m="42367" /><E118/><V105/><F105/><W130/><G130/><T71/><D71/><U72/><E72/><V61/><F61/><W74/><G74/><T16/><D123/><U110/><E110/><V117/><F117/><W3/><G3/><T38/><D38/><U107/><E87/><N who="0" m="33321" /><D51/><U93/><E93/><V44/><F19/><N who="0" m="7242" /><D60/><U119/><E119/><V32/><F89/><W82/><G82/><T39/><D39/><U99/><E107/><V79/><F79/><W102/><G102/><T83/><D83/><U90/><E99/><V41/><F32/><W112/><G112/><T11/><AGARI ba="1,0" hai="11,13,18,23,26,30,57,58" m="7242,33321" machi="11" ten="30,4000,0" yaku="8,1,52,1,54,1" doraHai="9" who="0" fromWho="0" sc="250,43,360,-11,272,-11,118,-21" owari="293,9.3,349,44.9,261,-13.9,97,-40.3" /></mjloggm>