<mjloggm ver="2.3"><GO type="225" lobby="0"/><UN n0="%72%69%6F%75%63%68%61%6E" n1="%E3%81%BF%E3%81%BF%E3%81%9A" n2="%E3%82%BC%E3%83%AB%E3%83%80%E3%81%AE%E4%BC%9D%E8%AA%AC" n3="%E6%B4%BE%E9%81%A3%E3%81%AE%E3%82%B8%E3%83%A3%E3%83%83%E3%82%AF" dan="16,17,17,17" rate="2142.10,2171.87,2135.95,2161.75" sx="M,M,M,M"/><TAIKYOKU oya="0"/><INIT seed="0,0,0,4,5,16" ten="250,250,250,250" oya="0" hai0="33,122,104,90,31,82,14,110,12,100,94,17,76" hai1="113,123,59,134,95,18,115,22,93,127,45,60,99" hai2="128,85,23,98,135,133,6,124,9,20,83,132,106" hai3="64,69,48,102,41,43,73,108,58,88,130,105,103"/><T131/><D122/><U120/><E45/><V109/><F109/><W116/><G73/><T89/><D131/><U68/><E68/><V40/><F128/><W117/><G108/><T126/><D126/><U4/><E4/><V61/><F124/><W30/><G130/><T78/><D110/><U114/><E134/><V63/><F40/><W101/><G105/><T84/><D100/><U81/><E81/><V96/><F61/><W80/><G69/><T74/><D104/><U28/><E28/><V49/><F49/><W52/><G64/><T125/><D125/><U46/><E46/><V5/><F63/><W42/><REACH who="3" step="1"/><G30/><REACH who="3" ten="250,250,250,240" step="2"/><T13/><D74/><U36/><E127/><V70/><F70/><W51/><G51/><T38/><D38/><U3/><E36/><V37/><F37/><W72/><G72/><T8/><D31/><U19/><E123/><V112/><F112/><W44/><G44/><T39/><D39/><U10/><E120/><V26/><F106/><W0/><G0/><T24/><D33/><U1/><E1/><V118/><F118/><W97/><G97/><N who="0" m="57551" /><D8/><U119/><E119/><V129/><F129/><W121/><G121/><T2/><D2/><U29/><E3/><V57/><F9/><W87/><AGARI ba="0,1" hai="41,42,43,48,52,58,80,87,88,101,102,103,116,117" machi="87" ten="40,8000,1" yaku="1,1,0,1,54,2,53,0" doraHai="16" doraHaiUra="56" who="3" fromWho="3" sc="250,-40,250,-20,250,-20,240,90" /><INIT seed="1,0,0,2,0,91" ten="210,230,230,330" oya="1" hai0="32,68,53,37,127,2,107,7,108,42,36,5,131" hai1="78,100,56,17,39,44,21,96,48,102,35,110,26" hai2="54,30,47,88,24,90,15,119,114,121,33,66,50" hai3="123,134,81,77,97,105,82,73,6,99,104,76,135"/><U71/><E71/><V49/><F121/><W18/><G18/><T67/><D7/><U14/><E110/><V40/><F119/><W28/><G6/><T62/><D32/><U16/><E39/><V45/><F114/><W63/><G28/><T70/><D107/><N who="3" m="41033" /><G63/><N who="0" m="40063" /><D5/><U19/><E35/><V112/><F112/><W13/><G13/><T31/><D31/><U101/><E78/><V55/><F66/><W72/><G123/><T79/><D79/><U3/><E56/><V93/><F15/><W130/><G130/><T106/><D106/><U11/><E3/><V29/><F29/><W57/><G57/><N who="0" m="35119" /><D2/><U122/><E122/><V34/><F34/><W22/><G22/><T85/><D85/><U52/><E19/><V98/><REACH who="2" step="1"/><F90/><REACH who="2" ten="210,230,220,330" step="2"/><W109/><G109/><T89/><D89/><U69/><E69/><V84/><F84/><W103/><G103/><T118/><D108/><U95/><AGARI ba="0,1" hai="11,14,16,17,21,26,44,48,52,95,96,100,101,102" machi="95" ten="20,18000,2" yaku="0,1,7,1,8,1,52,1,54,2" doraHai="91" who="1" fromWho="1" sc="210,-60,230,190,220,-60,330,-60" /><INIT seed="1,1,0,0,2,38" ten="150,420,160,270" oya="1" hai0="14,72,128,48,116,71,68,10,36,90,65,94,89" hai1="1,9,127,58,124,88,55,133,74,31,97,12,101" hai2="52,98,53,110,50,17,119,66,45,76,83,114,46" hai3="56,102,103,15,0,73,132,40,11,43,57,13,60"/><U105/><E74/><V67/><F119/><W62/><G73/><T100/><D116/><U39/><E31/><V134/><F110/><W87/><G0/><T109/><D109/><U49/><E1/><V22/><F134/><W51/><G132/><T75/><D36/><U64/><E133/><V47/><F114/><W106/><G106/><T125/><D125/><N who="1" m="48203" /><E64/><V112/><F112/><W61/><G87/><T77/><D128/><U19/><E39/><V104/><F104/><W91/><G91/><AGARI ba="1,0" hai="9,12,19,49,55,58,88,91,97,101,105" m="48203" machi="91" ten="30,2900,0" yaku="18,1,54,1" doraHai="38" who="1" fromWho="3" sc="150,0,420,32,160,0,270,-32" /><INIT seed="1,2,0,2,2,53" ten="150,452,160,238" oya="1" hai0="98,131,78,68,10,66,0,30,14,25,26,94,1" hai1="24,103,90,20,120,102,83,67,60,52,99,91,48" hai2="44,5,23,69,89,4,9,129,92,106,88,76,54" hai3="38,127,58,107,49,55,125,133,39,96,34,2,22"/><U81/><E120/><V62/><F106/><W93/><G34/><T117/><D131/><U8/><E8/><V82/><F129/><W119/><G2/><T29/><D117/><U109/><E109/><V118/><F118/><W17/><G133/><T7/><D78/><U18/><E83/><V100/><F23/><W21/><G107/><T16/><D66/><U73/><E73/><V74/><F69/><W3/><G3/><N who="0" m="1099" /><D98/><U61/><E81/><V71/><F44/><W101/><G119/><T37/><D94/><N who="1" m="56791" /><E91/><V77/><F77/><W31/><G31/><N who="0" m="11787" /><D37/><U135/><E135/><V13/><F4/><W36/><G17/><T72/><D68/><U104/><E104/><V64/><REACH who="2" step="1"/><F54/><REACH who="2" ten="150,452,150,238" step="2"/><W75/><G22/><N who="0" m="11543" /><D72/><U56/><E48/><V128/><F128/><W41/><G75/><T33/><D33/><U40/><E40/><V45/><F45/><W6/><G41/><T63/><D63/><U43/><E43/><V124/><F124/><N who="3" m="47691" /><G36/><T86/><D86/><U84/><E84/><V123/><F123/><W115/><G38/><T112/><D112/><U51/><E51/><V85/><F85/><W87/><G115/><T80/><D80/><U19/><E19/><V59/><F59/><AGARI ba="2,1" hai="18,20,24,52,56,59,60,61,67,102,103" m="56791" machi="59" ten="30,12000,1" yaku="25,1,8,1,52,2,54,1" doraHai="53" who="1" fromWho="2" sc="150,0,452,136,150,-126,238,0" /><INIT seed="1,3,0,2,1,35" ten="150,588,24,238" oya="1" hai0="97,82,56,91,98,70,38,99,71,33,60,3,54" hai1="96,63,44,111,122,24,72,65,26,123,80,127,27" hai2="108,34,81,92,58,0,121,106,46,126,105,85,6" hai3="134,133,5,62,16,88,8,104,12,20,118,21,119"/><U128/><E128/><V75/><F121/><W67/><G104/><T77/><D33/><U30/><E30/><V14/><F34/><W4/><G88/><T42/><D3/><U61/><E127/><V40/><F126/><W74/><G74/><T102/><D102/><U43/><E96/><V1/><F108/><W10/><G62/><T9/><D91/><U45/><E111/><V73/><F92/><W36/><G67/><T76/><D9/><N who="3" m="3689" /><G21/><T11/><D11/><U94/><E94/><V52/><F14/><W95/><G95/><T2/><D2/><U57/><E63/><V18/><F18/><W86/><G86/><T115/><D115/><U64/><E65/><V130/><F6/><N who="3" m="2667" /><G36/><T79/><REACH who="0" step="1"/><D82/><REACH who="0" ten="140,588,24,238" step="2"/><U50/><E80/><V22/><F22/><W19/><G19/><T39/><D39/><U15/><E122/><V120/><F120/><W84/><G84/><T90/><D90/><U7/><E123/><V101/><F75/><W51/><G16/><T107/><D107/><U32/><E72/><V83/><F73/><W129/><G129/><T69/><D69/><U31/><E7/><V93/><F130/><W41/><G20/><T17/><D17/><U116/><E15/><V124/><F124/><W13/><G12/><T110/><D110/><U132/><E32/><V53/><F81/><W100/><G100/><T68/><D68/><U48/><E31/><V55/><F106/><W125/><G125/><T59/><D59/><U28/><E28/><V89/><F105/><W49/><G13/><T114/><D114/><U103/><E57/><V131/><F131/><RYUUKYOKU ba="3,1" sc="140,30,588,-10,24,-10,238,-10" hai0="38,42,54,56,60,70,71,76,77,79,97,98,99" /><INIT seed="2,4,1,4,5,111" ten="170,578,14,228" oya="2" hai0="82,7,24,30,68,36,52,17,27,46,93,34,128" hai1="39,87,134,122,125,13,64,57,18,119,41,99,65" hai2="4,73,2,79,70,107,58,118,5,29,48,78,104" hai3="1,55,109,11,133,6,20,14,115,105,117,43,16"/><V114/><F118/><W92/><G109/><T45/><D128/><U56/><E119/><V80/><F70/><W76/><G105/><T42/><D68/><U120/><E125/><V28/><F58/><N who="1" m="22633" /><E99/><V66/><F48/><W69/><G55/><T101/><D7/><U54/><E54/><V110/><F110/><W3/><G69/><T106/><D106/><U32/><E32/><V22/><F22/><W15/><G76/><T135/><D135/><U116/><E116/><V85/><F85/><W21/><G92/><T102/><D82/><U108/><E87/><V86/><F86/><W94/><G94/><T88/><D17/><U72/><E72/><V9/><F66/><W33/><G43/><T130/><D24/><U123/><E134/><V40/><F40/><W84/><G84/><T38/><D130/><U50/><E39/><V44/><F44/><W8/><G133/><T62/><D36/><U96/><E96/><V97/><F97/><W35/><G117/><T100/><D62/><U90/><E90/><V113/><F9/><W127/><G127/><T0/><D0/><N who="3" m="73" /><G115/><T121/><D121/><U12/><E108/><V60/><F2/><N who="3" m="87" /><G20/><T71/><D71/><U59/><E59/><V112/><F112/><W98/><G98/><N who="0" m="57639" /><D45/><N who="1" m="25903" /><E64/><V129/><F129/><W132/><G132/><T63/><D63/><U91/><E65/><V126/><F60/><W67/><G67/><T49/><D38/><U51/><E51/><V81/><F126/><W124/><G124/><T10/><D42/><U74/><E122/><V47/><F47/><W53/><G53/><T77/><D77/><RYUUKYOKU ba="4,1" sc="170,10,578,-30,14,10,228,10" hai0="10,27,30,34,46,49,52,100,101,102" hai2="4,5,28,29,73,78,79,80,81,104,107,113,114" hai3="11,14,15,16,21,33,35" /><INIT seed="2,5,1,3,0,134" ten="180,548,24,238" oya="2" hai0="73,100,48,66,2,129,59,75,3,96,70,88,57" hai1="53,90,123,107,19,121,114,95,71,68,28,69,124" hai2="80,8,22,110,87,46,135,67,122,9,36,126,11" hai3="43,39,51,31,32,17,103,64,119,112,127,61,37"/><V13/><F122/><N who="1" m="46601" /><E124/><V86/><F135/><W106/><G119/><T58/><D129/><U116/><E107/><V78/><F110/><W21/><G127/><T85/><D48/><U131/><E131/><V94/><F126/><W115/><G51/><T40/><D40/><U83/><E83/><V74/><F67/><W77/><G77/><T101/><D2/><U60/><E28/><V91/><F74/><W55/><G55/><T12/><D3/><U14/><E114/><V102/><F102/><W7/><G7/><T4/><D101/><U108/><E108/><V65/><F65/><W0/><G0/><T82/><D4/><U97/><E116/><V133/><F133/><W23/><G23/><T99/><D12/><U84/><E97/><V63/><F63/><W117/><G117/><T113/><D113/><U81/><E95/><V29/><F29/><W72/><G72/><T6/><D6/><U49/><E60/><V118/><F118/><W1/><G1/><T15/><D15/><U98/><E98/><V45/><REACH who="2" step="1"/><F36/><REACH who="2" ten="180,548,14,238" step="2"/><N who="3" m="13899" /><G61/><T42/><D100/><U20/><E71/><V50/><F50/><W38/><G64/><T34/><D70/><U27/><E68/><V25/><F25/><N who="3" m="18543" /><G103/><T30/><D66/><U54/><E69/><V109/><F109/><W62/><G62/><T130/><D130/><U16/><E49/><V125/><F125/><W120/><G120/><T52/><D42/><U89/><E27/><V111/><F111/><W10/><G106/><T35/><D75/><U92/><E53/><V47/><F47/><W93/><G38/><T5/><D73/><RYUUKYOKU ba="5,2" sc="180,-10,548,-10,14,30,238,-10" hai2="8,9,11,13,22,45,46,78,80,86,87,91,94" /><INIT seed="2,6,2,1,3,43" ten="170,538,44,228" oya="2" hai0="95,97,10,54,130,34,21,32,2,134,82,53,100" hai1="115,123,24,58,75,131,11,122,20,67,114,33,132" hai2="83,56,93,129,135,62,80,104,7,63,69,105,42" hai3="73,92,74,35,14,76,16,91,4,22,8,127,99"/><V77/><F135/><W84/><G127/><T55/><D134/><U19/><E132/><V60/><F129/><W101/><G35/><T59/><D130/><U17/><E75/><V117/><F117/><W51/><G76/><T68/><D68/><U46/><E131/><V98/><F69/><W45/><G45/><T39/><D39/><U28/><E46/><V103/><F56/><W113/><G51/><T90/><D59/><U29/><E67/><V48/><F7/><W25/><G113/><N who="1" m="43018" /><E58/><V37/><F37/><W109/><G109/><T112/><D112/><U30/><E33/><V44/><REACH who="2" step="1"/><F80/><AGARI ba="6,2" hai="4,8,14,16,22,25,73,74,80,84,91,92,99,101" machi="80" ten="30,2000,0" yaku="7,1,54,1" doraHai="43" who="3" fromWho="2" sc="170,0,538,0,44,-38,228,58" /><INIT seed="3,0,0,0,4,83" ten="170,538,6,286" oya="3" hai0="123,135,57,92,118,32,7,114,13,45,69,48,70" hai1="34,2,84,102,79,62,11,56,54,50,63,40,82" hai2="71,131,14,127,90,68,4,29,35,120,78,53,93" hai3="30,3,22,117,59,9,23,101,104,89,12,121,106"/><W103/><G121/><T19/><D32/><U55/><E34/><V81/><F35/><W8/><G117/><T28/><D123/><U38/><E102/><V21/><F29/><W46/><G3/><T99/><D28/><U18/><E38/><V47/><F120/><W105/><G46/><T58/><D118/><U107/><E107/><V129/><F71/><W16/><G59/><T60/><D135/><U49/><E40/><V125/><F68/><W94/><G101/><T25/><D114/><U37/><E37/><V87/><F4/><W42/><G103/><N who="0" m="60903" /><D70/><U91/><E79/><V98/><F53/><W52/><G104/><T67/><D69/><U74/><E74/><V27/><F14/><W5/><G105/><T133/><D133/><U44/><E2/><V76/><F21/><W122/><G106/><T36/><D36/><U115/><E115/><V97/><F27/><W66/><G122/><T6/><D57/><U41/><E41/><V31/><F47/><W77/><G30/><T15/><D25/><U51/><E51/><V86/><F31/><W112/><G112/><T128/><D128/><U0/><E0/><V80/><F97/><W109/><G12/><AGARI ba="0,0" hai="11,12,18,44,49,50,54,55,56,62,63,82,84,91" machi="12" ten="40,8000,1" yaku="25,2,8,1,52,1" doraHai="83" who="1" fromWho="3" sc="170,0,538,80,6,0,286,-80" owari="170,-23.0,618,71.8,6,-49.4,206,0.6" /></mjloggm>