<mjloggm ver="2.3"><GO type="225" lobby="0"/><UN n0="%E3%81%95%E3%81%8D%E3%81%9F%E3%81%BE%E6%9E%97%E6%AA%8E" n1="%E3%83%96%E3%83%83%E3%83%91%E3%82%AA%E3%83%96%E3%83%81%E3%82%AD%E3%83%B3" n2="%E9%A6%AC%E5%BC%95%E7%81%AB%33" n3="%E3%83%81%E3%83%83%E3%82%BF%E3%82%BD%E3%83%BC" dan="16,16,16,17" rate="2131.12,2141.34,2077.38,2211.18" sx="M,M,M,F"/><TAIKYOKU oya="0"/><INIT seed="0,0,0,3,1,97" ten="250,250,250,250" oya="0" hai0="115,85,134,51,88,119,17,45,102,60,41,71,62" hai1="10,78,1,94,56,89,23,72,114,67,29,47,35" hai2="55,113,135,64,39,74,27,103,16,131,82,13,124" hai3="128,9,87,132,4,116,58,109,93,111,99,28,84"/><T107/><D115/><U38/><E114/><V83/><F113/><W90/><G132/><T96/><D119/><U81/><E35/><V73/><F39/><W69/><G69/><T50/><D134/><U33/><E33/><V25/><F135/><W8/><G128/><T104/><D104/><U43/><E29/><V65/><F55/><W105/><G116/><T126/><D126/><U18/><E67/><V101/><F13/><W57/><G28/><T133/><D133/><U59/><E23/><V100/><F100/><W11/><G4/><T53/><D71/><U108/><E108/><N who="3" m="41546" /><G84/><T66/><D66/><U20/><E20/><V42/><F42/><W24/><G24/><T68/><D68/><U36/><E36/><V3/><F3/><W32/><G32/><T44/><REACH who="0" step="1"/><D17/><REACH who="0" ten="240,250,250,250" step="2"/><U49/><E18/><V130/><F16/><W70/><G70/><T121/><D121/><U120/><E120/><V110/><F110/><W61/><G105/><T76/><D76/><U80/><E80/><AGARI ba="0,1" hai="41,44,45,50,51,53,60,62,80,85,88,96,102,107" machi="80" ten="30,11600,0" yaku="1,1,7,1,52,1,54,1,53,0" doraHai="97" doraHaiUra="127" who="0" fromWho="1" sc="240,126,250,-116,250,0,250,0" /><INIT seed="0,1,0,1,3,21" ten="366,134,250,250" oya="0" hai0="69,135,64,51,87,41,119,103,28,66,42,50,7" hai1="17,27,3,112,35,19,106,39,104,52,62,44,1" hai2="61,128,16,111,83,37,108,94,10,33,123,114,57" hai3="80,46,25,79,110,68,63,109,120,12,85,90,5"/><T11/><D119/><U53/><E112/><V82/><F114/><W30/><G120/><T60/><D103/><U86/><E86/><V113/><F113/><W76/><G46/><T107/><D107/><U91/><E91/><V54/><F123/><W78/><G12/><T121/><D121/><U77/><E77/><V56/><F128/><W31/><G5/><T55/><D135/><U105/><E39/><V58/><F33/><W0/><G0/><T23/><D51/><U47/><E35/><V9/><F37/><W98/><G98/><T124/><D66/><U81/><E105/><V96/><F57/><W24/><G63/><T95/><D124/><U59/><E59/><V71/><F71/><W126/><G68/><T134/><D134/><U131/><E62/><V133/><F133/><W122/><G126/><T118/><D118/><U4/><E4/><V100/><F56/><W8/><G8/><N who="2" m="3177" /><F16/><W38/><G38/><T89/><D55/><U40/><E81/><V88/><F100/><W75/><G75/><T49/><D49/><U65/><E131/><V20/><F20/><W43/><G43/><T36/><D50/><U74/><E74/><V32/><F32/><W6/><G6/><T117/><D117/><U101/><E101/><V102/><F102/><W15/><G15/><N who="0" m="5631" /><D36/><U48/><E48/><V34/><F34/><W26/><REACH who="3" step="1"/><G122/><REACH who="3" ten="366,134,250,240" step="2"/><T29/><D42/><U116/><E116/><V13/><F13/><W72/><G72/><T70/><D41/><U130/><E40/><V92/><F92/><W14/><G14/><T93/><D70/><U18/><E130/><RYUUKYOKU ba="1,1" sc="366,-15,134,-15,250,15,240,15" hai2="54,58,61,82,83,88,94,96,108,111" hai3="24,25,26,30,31,76,78,79,80,85,90,109,110" /><INIT seed="1,2,1,2,2,110" ten="351,119,265,255" oya="1" hai0="33,74,98,4,133,18,46,9,57,118,112,56,10" hai1="95,62,131,70,6,83,65,45,122,59,8,76,101" hai2="135,72,121,130,58,106,47,129,25,78,52,19,108" hai3="42,119,67,23,30,43,91,96,41,116,73,71,55"/><U11/><E122/><V128/><F121/><W61/><G73/><T82/><D118/><N who="3" m="45097" /><G23/><T2/><D112/><U15/><E131/><V86/><F108/><W26/><G26/><T93/><D33/><U99/><E70/><V32/><F135/><W92/><G30/><T7/><D133/><U105/><E105/><V63/><F72/><W5/><G5/><T17/><D46/><U113/><E113/><V132/><F132/><W31/><G31/><T27/><D82/><U39/><E39/><V134/><F134/><W94/><G94/><T127/><D74/><U28/><E28/><V77/><F106/><W38/><G55/><T20/><D127/><U3/><E45/><AGARI ba="2,1" hai="38,41,42,43,45,61,67,71,91,92,96" m="45097" machi="45" ten="30,1000,0" yaku="12,1" doraHai="110" who="3" fromWho="1" sc="351,0,119,-16,265,0,255,26" /><INIT seed="2,0,0,2,5,58" ten="351,103,265,281" oya="2" hai0="62,76,56,16,14,27,113,111,80,19,31,0,83" hai1="73,127,81,32,55,66,28,40,106,5,79,121,119" hai2="135,42,104,134,24,57,9,4,51,130,131,68,133" hai3="124,25,49,21,3,64,85,50,1,112,22,97,34"/><V96/><F68/><W8/><G124/><T41/><D111/><U59/><E119/><V117/><F117/><W11/><G112/><T129/><D129/><N who="2" m="49162" /><F24/><W88/><G97/><T60/><D113/><U47/><E127/><V70/><F70/><W46/><G64/><T33/><D0/><U109/><E109/><V94/><F104/><W17/><G34/><T82/><D41/><U61/><E121/><V45/><F57/><W87/><G25/><T67/><D62/><U69/><E106/><V86/><F86/><W120/><G17/><T128/><D128/><U29/><E5/><V65/><F65/><W53/><G46/><T52/><D67/><U74/><E74/><V7/><F9/><W110/><G110/><T107/><D107/><U15/><E15/><V36/><F36/><W103/><G53/><T108/><D108/><U100/><E100/><AGARI ba="0,0" hai="4,7,42,45,51,94,96,100,133,134,135" m="49162" machi="100" ten="40,3900,0" yaku="20,1,19,1" doraHai="58" who="2" fromWho="1" sc="351,0,103,-39,265,39,281,0" /><INIT seed="2,1,0,3,5,99" ten="351,64,304,281" oya="2" hai0="37,34,135,100,48,87,109,16,53,84,82,106,46" hai1="123,44,59,28,58,107,127,54,52,121,17,97,25" hai2="51,33,32,21,102,128,56,14,65,122,118,115,63" hai3="4,18,40,68,74,116,22,117,113,62,120,90,125"/><V6/><F115/><W38/><G4/><T75/><D109/><U134/><E17/><V105/><F118/><W42/><G113/><T2/><D2/><U73/><E73/><V49/><F122/><N who="1" m="46601" /><E44/><V129/><F49/><W29/><G120/><T10/><D135/><U88/><E134/><V69/><F69/><W91/><G29/><T5/><D34/><N who="1" m="20751" /><E127/><V67/><F67/><W98/><G125/><T114/><D75/><U86/><E59/><V24/><F51/><W79/><G116/><T112/><D37/><U11/><E58/><V8/><F102/><W108/><G117/><T31/><D31/><U15/><E15/><V50/><F50/><W57/><G68/><T39/><D100/><N who="1" m="62863" /><E11/><V27/><F105/><W119/><G119/><T19/><D106/><U72/><E72/><V9/><F9/><W104/><G38/><T12/><D87/><U76/><E76/><V7/><F7/><W55/><G79/><N who="0" m="46175" /><D39/><U43/><E43/><V85/><F85/><W26/><G74/><T70/><D70/><U13/><E13/><V131/><F24/><W83/><G83/><AGARI ba="1,0" hai="52,54,83,86,88" m="62863,20751,46601" machi="83" ten="30,7700,0" yaku="13,1,52,1,54,2" doraHai="99" who="1" fromWho="3" sc="351,0,64,80,304,0,281,-80" /><INIT seed="3,0,0,1,4,120" ten="351,144,304,201" oya="3" hai0="26,17,80,60,38,13,49,132,48,65,28,127,99" hai1="9,75,95,135,39,105,46,126,16,57,88,69,66" hai2="92,112,54,44,121,23,55,45,51,61,90,27,50" hai3="29,107,117,131,34,86,10,111,0,104,116,2,101"/><W59/><G131/><T128/><D38/><U96/><E126/><V84/><F121/><W1/><G10/><T129/><D132/><U58/><E135/><V25/><F112/><W94/><G29/><T85/><D99/><U62/><E75/><V40/><REACH who="2" step="1"/><F23/><REACH who="2" ten="351,144,294,201" step="2"/><W124/><G124/><T98/><D127/><U37/><E105/><V4/><F4/><W42/><G34/><T31/><D129/><U36/><REACH who="1" step="1"/><E46/><REACH who="1" ten="351,134,294,201" step="2"/><V3/><F3/><W102/><G0/><T72/><D128/><U6/><E6/><V122/><F122/><W5/><G5/><T43/><D72/><U19/><E19/><V30/><F30/><W18/><G18/><T52/><D17/><U78/><E78/><V125/><F125/><W82/><G1/><T113/><D31/><U70/><E70/><V20/><F20/><W106/><G2/><T103/><D28/><U35/><E35/><V114/><F114/><W67/><G107/><T53/><D113/><U64/><E64/><V15/><F15/><AGARI ba="0,2" hai="9,15,16,36,37,39,57,58,62,66,69,88,95,96" machi="15" ten="40,5200,0" yaku="1,1,54,2,53,0" doraHai="120" doraHaiUra="134" who="1" fromWho="2" sc="351,0,134,72,294,-52,201,0" owari="351,45.1,206,-19.4,242,4.2,201,-29.9" /></mjloggm>