<mjloggm ver="2.3"><GO type="225" lobby="0"/><UN n0="%E3%81%8B%E3%82%8F%E3%81%A1%E3%82%83%E3%82%93%35%38" n1="%E6%A0%B9%E5%85%83%E3%81%8B%E3%82%89%E5%90%B9%E3%81%A3%E9%A3%9B%E3%81%B6" n2="%E3%83%81%E3%83%83%E3%82%BF%E3%82%BD%E3%83%BC" n3="%E3%81%AF%E3%82%88%E3%81%8A%E3%81%98%E3%81%95%E3%82%93" dan="16,16,16,17" rate="2139.39,2166.48,2141.74,2152.28" sx="M,F,F,M"/><TAIKYOKU oya="0"/><INIT seed="0,0,0,1,2,48" ten="250,250,250,250" oya="0" hai0="41,99,132,53,14,75,81,2,21,36,82,120,94" hai1="109,50,15,107,18,35,45,105,7,80,96,124,116" hai2="37,98,131,30,121,32,118,104,102,3,25,103,13" hai3="60,134,6,114,10,27,119,122,23,100,101,93,1"/><T76/><D120/><U9/><E116/><V28/><F131/><W17/><G119/><T87/><D132/><U83/><E109/><V74/><F118/><W129/><G114/><T57/><D2/><U49/><E124/><V125/><F121/><W42/><G122/><T52/><D36/><U79/><E35/><V16/><F125/><W29/><G129/><T92/><D41/><U62/><E62/><V43/><F74/><W84/><G134/><T72/><D72/><U34/><E34/><V70/><F3/><W39/><G60/><T90/><D57/><U44/><E96/><V33/><F102/><W20/><G42/><T5/><D94/><U91/><E83/><V61/><F43/><W59/><G39/><T108/><D108/><U67/><E67/><N who="2" m="41327" /><F37/><W89/><REACH who="3" step="1"/><G59/><REACH who="3" ten="250,250,250,240" step="2"/><T56/><D56/><U78/><E45/><V123/><F123/><W106/><G106/><T38/><D38/><U47/><E44/><V128/><F128/><W111/><G111/><T69/><D69/><U86/><E47/><V127/><F127/><W4/><G4/><T54/><D5/><U66/><E107/><V51/><F51/><N who="1" m="19465" /><E105/><V95/><F104/><W64/><G64/><T65/><D65/><U40/><E40/><V22/><F30/><W110/><G110/><T0/><D0/><U11/><E66/><V85/><F28/><W24/><AGARI ba="0,1" hai="1,6,10,17,20,23,24,27,29,84,89,93,100,101" machi="24" ten="20,2700,0" yaku="1,1,0,1,7,1,53,0" doraHai="48" doraHaiUra="8" who="3" fromWho="3" sc="250,-13,250,-7,250,-7,240,37" /><INIT seed="1,0,0,0,4,80" ten="237,243,243,277" oya="1" hai0="83,71,21,87,2,56,130,99,88,52,69,15,120" hai1="78,13,64,91,59,86,53,23,10,55,48,124,117" hai2="123,94,134,62,70,9,38,113,42,60,102,82,72" hai3="22,16,119,67,68,125,109,75,1,32,20,65,76"/><U18/><E124/><V95/><F134/><W106/><G32/><T97/><D2/><U132/><E132/><V26/><F123/><W112/><G112/><T19/><D130/><U35/><E35/><V6/><F113/><W73/><G1/><T103/><D120/><U27/><E117/><V66/><F60/><W47/><G106/><T37/><D37/><U3/><E3/><V85/><F72/><W0/><G0/><T93/><REACH who="0" step="1"/><D99/><REACH who="0" ten="227,243,243,277" step="2"/><U79/><E64/><V63/><F38/><W50/><G67/><T34/><D34/><U89/><E55/><V8/><F66/><W29/><G65/><T30/><D30/><U25/><E25/><V44/><F26/><W11/><G29/><T57/><D57/><U4/><REACH who="1" step="1"/><E91/><REACH who="1" ten="227,233,243,277" step="2"/><V58/><F70/><W98/><G68/><T114/><D114/><U110/><E110/><V116/><F116/><W33/><G109/><T31/><D31/><U12/><E12/><V92/><F42/><W122/><G33/><T121/><D121/><U126/><E126/><V135/><F135/><W49/><G125/><T51/><AGARI ba="0,2" hai="15,19,21,51,52,56,69,71,83,87,88,93,97,103" machi="51" ten="20,12000,2" yaku="1,1,0,1,7,1,52,1,54,2,53,0" doraHai="80" doraHaiUra="36" who="0" fromWho="0" sc="227,140,233,-60,243,-30,277,-30" /><INIT seed="2,0,0,0,0,116" ten="367,173,213,247" oya="2" hai0="90,64,129,102,51,127,23,94,117,47,132,21,1" hai1="4,79,98,37,27,49,33,123,112,53,30,24,22" hai2="50,9,42,96,122,36,78,84,109,115,95,61,101" hai3="15,66,25,81,43,0,99,113,65,118,100,71,34"/><V35/><F115/><W29/><G0/><T121/><D121/><U11/><E112/><V28/><F36/><W124/><G113/><T8/><D64/><U105/><E37/><V76/><F122/><W62/><G118/><T41/><D102/><U108/><E108/><V48/><F109/><W20/><G66/><T44/><D117/><U134/><E134/><V32/><F61/><W97/><G124/><T45/><D45/><U89/><E79/><V59/><F9/><W13/><G43/><T16/><D127/><U85/><E123/><V2/><F2/><W130/><G130/><T131/><D132/><U52/><E105/><V18/><F18/><W19/><G81/><T86/><D44/><U5/><E98/><V26/><F35/><W103/><G99/><T60/><D60/><U114/><E114/><V72/><F72/><W58/><G58/><T6/><REACH who="0" step="1"/><D23/><REACH who="0" ten="357,173,213,247" step="2"/><U38/><E22/><V92/><F42/><W80/><G20/><T106/><D106/><U107/><E107/><V91/><REACH who="2" step="1"/><F59/><REACH who="2" ten="357,173,203,247" step="2"/><W12/><G62/><T31/><D31/><U17/><E30/><V57/><F57/><W120/><G29/><T135/><D135/><U87/><E33/><V82/><F82/><W3/><G80/><T55/><D55/><U68/><E53/><V93/><F93/><W104/><G34/><T69/><D69/><U54/><E68/><V67/><F67/><W56/><G56/><T133/><D133/><U14/><E52/><V119/><F119/><W77/><G120/><T125/><D125/><U83/><E54/><V70/><F70/><W39/><G71/><RYUUKYOKU ba="0,2" sc="357,15,173,-15,203,15,247,-15" hai0="1,6,8,16,21,41,47,51,86,90,94,129,131" hai2="26,28,32,48,50,76,78,84,91,92,95,96,101" /><INIT seed="2,1,2,4,2,18" ten="372,158,218,232" oya="2" hai0="54,132,77,120,36,32,28,88,130,85,9,73,67" hai1="55,17,13,6,44,124,82,84,50,69,106,19,27" hai2="93,129,33,26,113,37,15,4,92,62,60,56,46" hai3="121,68,133,40,11,102,70,101,29,25,48,112,94"/><V3/><F129/><W99/><G121/><T22/><D36/><U30/><E106/><V57/><F113/><W89/><G112/><T79/><D73/><U91/><E124/><V61/><F3/><W52/><G133/><T43/><D32/><U76/><E69/><V39/><F33/><W64/><G40/><T75/><D75/><U116/><E116/><V66/><F26/><W10/><G70/><T34/><D34/><U83/><E6/><V118/><F118/><W80/><G64/><T110/><D43/><U126/><E126/><V1/><F1/><W23/><G68/><T131/><D120/><U53/><E53/><V95/><F46/><W8/><G80/><T59/><D67/><U108/><E108/><V74/><F74/><W14/><G14/><T16/><D9/><U128/><E128/><N who="0" m="49193" /><D28/><U63/><E63/><V96/><F96/><W58/><AGARI ba="1,2" hai="8,10,11,23,25,29,48,52,58,89,94,99,101,102" machi="58" ten="30,7900,0" yaku="0,1,8,1,52,1,54,1" doraHai="18" who="3" fromWho="3" sc="372,-21,158,-21,218,-40,232,102" /><INIT seed="3,0,0,3,2,78" ten="351,137,178,334" oya="3" hai0="84,13,110,89,43,88,117,17,29,81,122,37,100" hai1="32,101,131,94,45,10,85,121,127,44,124,134,5" hai2="47,55,30,106,97,48,130,53,62,92,66,34,28" hai3="65,35,24,103,31,108,80,105,14,135,87,27,33"/><W49/><G135/><T73/><D73/><U21/><E121/><V46/><F130/><W86/><G108/><T12/><D12/><BYE who="0" /><U112/><E112/><V96/><F106/><W39/><G39/><T125/><D125/><UN n0="%E3%81%8B%E3%82%8F%E3%81%A1%E3%82%83%E3%82%93%35%38" /><U119/><E134/><V118/><F118/><W8/><G65/><T95/><D117/><U0/><E119/><V91/><F34/><W107/><G49/><T4/><D122/><U77/><E131/><V11/><F97/><W116/><G116/><T52/><D4/><U72/><E32/><V93/><F92/><W61/><G61/><T128/><D128/><U133/><E133/><V42/><F11/><W1/><G1/><T115/><D29/><U120/><E120/><V132/><F132/><W68/><G68/><T98/><D110/><U26/><E72/><V59/><F66/><W15/><G103/><T63/><D115/><U70/><E70/><V51/><AGARI ba="0,0" hai="28,30,42,46,47,48,51,53,55,59,62,91,93,96" machi="51" ten="20,2700,0" yaku="0,1,7,1,8,1" doraHai="78" who="2" fromWho="2" sc="351,-7,137,-7,178,27,334,-13" owari="344,44.4,130,-37.0,205,-19.5,321,12.1" /></mjloggm>