<mjloggm ver="2.3"><GO type="225" lobby="0"/><UN n0="%E3%83%81%E3%83%A7%E3%83%99%E3%83%83%E3%82%AF" n1="%E3%83%96%E3%83%83%E3%83%91%E3%82%AA%E3%83%96%E3%83%81%E3%82%AD%E3%83%B3" n2="%E9%B3%B4%E8%8C%B6" n3="%E3%81%B2%E3%81%AA%E3%81%AE%E3%82%8A%E3%81%8F" dan="16,16,16,16" rate="2125.43,2131.67,2176.67,2095.21" sx="M,M,M,M"/><TAIKYOKU oya="0"/><INIT seed="0,0,0,4,4,14" ten="250,250,250,250" oya="0" hai0="93,35,17,133,107,123,8,101,134,119,129,115,79" hai1="117,9,53,16,132,84,27,0,104,91,92,24,60" hai2="11,77,83,124,3,54,61,63,99,86,2,65,37" hai3="46,112,90,59,68,100,6,31,102,116,22,81,67"/><T78/><D35/><U43/><E117/><V28/><F124/><W42/><G112/><T56/><D119/><U71/><E104/><V49/><F37/><W7/><G68/><T127/><D115/><U95/><E132/><N who="0" m="50793" /><D107/><U96/><E43/><V69/><F28/><W114/><G114/><T47/><D123/><U55/><E71/><V44/><F63/><W121/><G121/><T103/><D129/><U48/><E0/><V70/><F70/><W131/><G131/><T82/><D127/><U34/><E34/><V118/><F118/><W105/><G59/><T30/><D30/><U66/><E66/><V122/><F122/><W29/><G67/><T85/><D56/><N who="1" m="34847" /><E9/><V12/><REACH who="2" step="1"/><F99/><REACH who="2" ten="250,250,240,250" step="2"/><W26/><G31/><T75/><D75/><U13/><E48/><V94/><F94/><W98/><G105/><T97/><D47/><U130/><E130/><V58/><F58/><W23/><G116/><T135/><D135/><U45/><E45/><V120/><F120/><W87/><G46/><T36/><D36/><U80/><E95/><V89/><F89/><W40/><G98/><T111/><D111/><U125/><E125/><V41/><F41/><W108/><G42/><T18/><D79/><N who="1" m="46111" /><E53/><V73/><F73/><W62/><G108/><T64/><D64/><U106/><E106/><V19/><AGARI ba="0,1" hai="2,3,11,12,19,44,49,54,61,65,69,77,83,86" machi="19" ten="20,8000,1" yaku="1,1,0,1,7,1,52,1,53,1" doraHai="14" doraHaiUra="57" who="2" fromWho="2" sc="250,-40,250,-20,240,90,250,-20" /><INIT seed="1,0,0,3,0,39" ten="210,230,330,230" oya="1" hai0="57,73,94,46,34,130,30,32,134,22,81,26,49" hai1="99,21,75,31,67,51,15,65,43,89,111,2,52" hai2="88,4,121,28,40,86,53,6,35,105,118,16,103" hai3="135,17,59,42,62,61,115,108,102,45,70,96,48"/><U14/><E2/><V97/><F118/><W95/><G108/><T11/><D130/><U19/><E75/><V125/><F121/><W12/><G135/><T47/><D134/><U90/><E111/><V107/><F107/><W56/><G115/><T5/><D47/><N who="1" m="26111" /><E31/><V29/><F125/><W3/><G3/><T84/><D57/><N who="3" m="22089" /><G70/><T124/><D94/><N who="1" m="56783" /><E52/><V78/><F53/><W112/><G112/><T69/><D73/><U58/><E58/><V60/><F60/><W123/><G123/><T36/><D36/><U33/><E33/><V133/><F133/><W98/><G96/><T114/><D69/><U85/><E15/><V20/><F40/><W25/><G25/><T77/><D124/><U104/><E104/><V76/><F35/><W13/><G13/><N who="0" m="5359" /><D114/><U82/><AGARI ba="0,0" hai="14,19,21,65,67,82,85,90" m="56783,26111" machi="82" ten="30,3000,0" yaku="8,1,52,1" doraHai="39" who="1" fromWho="1" sc="210,-10,230,30,330,-10,230,-10" /><INIT seed="1,1,0,5,4,28" ten="200,260,320,220" oya="1" hai0="37,102,46,34,44,69,4,33,41,17,85,45,7" hai1="24,116,111,32,67,63,87,113,57,20,100,98,51" hai2="11,125,76,21,29,103,107,50,124,80,68,74,126" hai3="58,42,97,39,135,40,128,31,133,89,25,54,106"/><U78/><E113/><V96/><F68/><W72/><G72/><T53/><D69/><U99/><E116/><V22/><F29/><W60/><G128/><T30/><D30/><U73/><E73/><V110/><F110/><W88/><G106/><T0/><D102/><U84/><E111/><V122/><F122/><W75/><G75/><T52/><D17/><U115/><E115/><V35/><F35/><N who="0" m="13322" /><D41/><N who="3" m="15977" /><G97/><N who="1" m="36874" /><E32/><V86/><F50/><W83/><G83/><T47/><N who="0" m="11264" /><DORA hai="117" /><T105/><D105/><U16/><E100/><V130/><F130/><W108/><G108/><T92/><D92/><U129/><E129/><V64/><F64/><W49/><G49/><T61/><D85/><N who="1" m="32843" /><E51/><V81/><REACH who="2" step="1"/><F11/><REACH who="2" ten="200,260,310,220" step="2"/><W8/><G8/><T14/><D37/><U127/><E127/><V38/><F38/><W15/><G39/><T131/><D131/><U91/><E78/><AGARI ba="1,1" hai="21,22,74,76,78,80,81,86,96,103,107,124,125,126" machi="78" ten="40,2600,0" yaku="1,1,18,1,53,0" doraHai="28,117" doraHaiUra="48,90" who="2" fromWho="1" sc="200,0,260,-29,310,39,220,0" /><INIT seed="2,0,0,2,4,96" ten="200,231,349,220" oya="2" hai0="77,9,78,67,93,74,122,37,104,113,11,124,58" hai1="82,45,88,59,29,81,112,18,17,123,107,126,66" hai2="106,15,14,85,72,1,89,21,87,0,20,130,30" hai3="46,128,47,129,90,73,71,84,10,135,83,121,36"/><V94/><F106/><W52/><G121/><T8/><D37/><U75/><E112/><V51/><F72/><W97/><G71/><T100/><D122/><U132/><E123/><V55/><F130/><N who="3" m="50283" /><G135/><T2/><D104/><U38/><E132/><V105/><F105/><W22/><G73/><T7/><D113/><U63/><E107/><V92/><F30/><W25/><G36/><T79/><D124/><U116/><E116/><V54/><F51/><W19/><G97/><N who="0" m="59439" /><D2/><U23/><E126/><V44/><F44/><N who="3" m="16939" /><G10/><T26/><D74/><U65/><E75/><V5/><F89/><W114/><G114/><T41/><D41/><U127/><E127/><V101/><F5/><W6/><G6/><T34/><D34/><U115/><E115/><V70/><F70/><W60/><G60/><N who="0" m="38295" /><D26/><N who="1" m="16607" /><E38/><V39/><F39/><W50/><G50/><T118/><D118/><U28/><E63/><V133/><F133/><W103/><G103/><AGARI ba="0,0" hai="0,1,14,15,20,21,54,55,85,87,92,94,101,103" machi="103" ten="25,9600,0" yaku="22,2,52,2" doraHai="96" who="2" fromWho="3" sc="200,0,231,0,349,96,220,-96" /><INIT seed="2,1,0,3,4,37" ten="200,231,445,124" oya="2" hai0="51,0,123,34,43,13,31,48,78,114,14,120,122" hai1="106,8,69,135,116,124,99,21,58,109,82,35,119" hai2="79,47,91,32,131,23,71,56,112,86,121,108,5" hai3="45,111,70,33,57,16,100,67,117,18,36,30,28"/><V93/><F71/><W72/><G117/><T92/><D0/><U110/><E35/><V20/><F32/><W75/><G33/><T53/><D114/><U76/><E69/><V83/><F121/><W66/><G70/><T84/><D34/><U63/><E8/><V80/><F131/><W46/><G36/><T94/><D31/><U87/><E21/><V127/><F108/><N who="1" m="41577" /><E135/><V130/><F127/><W107/><G111/><T62/><D62/><U61/><E124/><V89/><F130/><W101/><REACH who="3" step="1"/><G57/><REACH who="3" ten="200,231,445,114" step="2"/><T9/><D123/><U27/><E58/><V7/><F56/><W42/><G42/><T73/><D122/><U134/><E119/><V103/><F112/><W77/><G77/><T19/><D120/><U68/><E68/><V4/><F47/><W113/><G113/><T17/><D43/><U88/><E116/><V129/><F129/><W54/><G54/><T52/><D73/><U85/><E134/><V74/><REACH who="2" step="1"/><F103/><REACH who="2" ten="200,231,435,114" step="2"/><W55/><G55/><T90/><D53/><U41/><E61/><V6/><N who="2" m="1024" /><DORA hai="3" /><V39/><F39/><W12/><G12/><T60/><D52/><U24/><E63/><V126/><F126/><W1/><G1/><T25/><D60/><U118/><E118/><V97/><AGARI ba="1,2" hai="20,23,74,79,80,83,86,89,91,93,97" m="1024" machi="97" ten="40,18000,2" yaku="1,1,0,1,52,4,53,0" doraHai="37,3" doraHaiUra="49,59" who="2" fromWho="2" sc="200,-61,231,-61,435,203,114,-61" /><INIT seed="2,2,0,0,1,116" ten="139,170,638,53" oya="2" hai0="14,101,128,74,132,51,85,0,12,70,113,45,89" hai1="71,20,17,121,129,97,66,24,35,112,104,100,63" hai2="125,72,9,75,40,7,53,118,73,1,23,34,2" hai3="59,106,86,110,25,133,103,135,4,15,88,22,37"/><V123/><F118/><W93/><G37/><T76/><D113/><U91/><E112/><V95/><F34/><W47/><G110/><T39/><D0/><U56/><E129/><V13/><F125/><W96/><G47/><T68/><D128/><U11/><E121/><V79/><F123/><W33/><G33/><T58/><D39/><U46/><E35/><V130/><F130/><W50/><G50/><T28/><D28/><U18/><E91/><V69/><F69/><W81/><G59/><T90/><D101/><U105/><E46/><V21/><F40/><W77/><G15/><T10/><D12/><U92/><E71/><V3/><F79/><W107/><G4/><T111/><D132/><U54/><E54/><V8/><F53/><W61/><G107/><N who="1" m="41034" /><E11/><V119/><F119/><W99/><REACH who="3" step="1"/><G61/><REACH who="3" ten="139,170,638,43" step="2"/><T124/><D58/><U30/><AGARI ba="2,1" hai="17,18,20,24,30,56,63,66,92,97,100" m="41034" machi="30" ten="30,1100,0" yaku="25,1" doraHai="116" who="1" fromWho="1" sc="139,-5,170,27,638,-7,43,-5" /><INIT seed="3,0,0,4,1,20" ten="134,197,631,38" oya="3" hai0="30,116,124,31,104,18,59,121,35,26,133,109,48" hai1="130,2,98,6,90,128,56,21,66,45,19,129,61" hai2="108,135,69,112,16,106,14,7,103,131,58,37,122" hai3="11,101,13,49,80,100,82,81,113,99,64,105,115"/><W43/><G64/><T93/><D104/><U12/><E45/><V8/><F69/><W3/><G3/><T29/><D121/><U4/><E2/><V84/><F131/><W55/><G43/><T89/><D116/><U41/><E41/><V52/><F135/><W102/><G113/><T75/><D75/><U50/><E50/><V110/><F112/><W77/><G77/><T120/><D120/><U94/><AGARI ba="0,0" hai="4,6,12,19,21,56,61,66,90,94,98,128,129,130" machi="94" ten="40,2700,0" yaku="0,1,19,1" doraHai="20" who="1" fromWho="1" sc="134,-7,197,27,631,-7,38,-13" owari="127,-27.3,224,2.4,624,72.4,25,-47.5" /></mjloggm>