<mjloggm ver="2.3"><GO type="225" lobby="0"/><UN n0="%E6%B4%BE%E9%81%A3%E3%81%AE%E3%82%B8%E3%83%A3%E3%83%83%E3%82%AF" n1="%E6%A3%AE%E5%B1%B1%E7%94%B0%E7%9B%B4%E5%A4%AA%E6%9C%97%E4%B9%8B%E4%BB%8B" n2="%E3%83%81%E3%83%83%E3%82%BF%E3%82%BD%E3%83%BC" n3="%E3%83%A9%E3%83%BC%E3%83%A1%E3%83%B3%E4%BA%94%E9%83%8E" dan="17,16,16,16" rate="2193.53,2163.11,2148.03,2159.53" sx="M,M,F,M"/><TAIKYOKU oya="0"/><INIT seed="0,0,0,0,5,70" ten="250,250,250,250" oya="0" hai0="44,61,115,88,45,27,118,129,107,2,108,80,87" hai1="55,123,120,130,96,86,84,82,22,8,29,98,40" hai2="39,46,68,95,6,126,10,112,109,33,81,101,124" hai3="34,1,92,4,114,69,15,132,32,94,26,76,51"/><T47/><D115/><U125/><E40/><N who="2" m="22815" /><F112/><W78/><G114/><T48/><D118/><U7/><E55/><V36/><F68/><W134/><G69/><T110/><D107/><U43/><E43/><V111/><F33/><N who="3" m="12907" /><G1/><T54/><D2/><U127/><E22/><V116/><F116/><W49/><G26/><T56/><D129/><U93/><E29/><V79/><F95/><N who="3" m="36395" /><G15/><T41/><REACH who="0" step="1"/><D27/><REACH who="0" ten="240,250,250,250" step="2"/><U64/><E130/><V60/><F101/><W0/><G0/><T11/><D11/><U16/><E8/><V19/><F10/><W75/><G134/><T38/><D38/><U131/><E131/><V14/><F36/><W3/><G132/><T58/><D58/><U42/><E96/><V73/><F14/><W113/><G113/><T97/><D97/><U83/><E98/><V74/><F6/><W119/><G119/><T5/><D5/><U66/><E7/><V31/><F31/><W128/><G128/><T135/><D135/><U57/><E57/><V67/><F19/><W63/><G4/><T100/><D100/><U53/><E93/><V77/><F124/><W90/><G3/><T102/><D102/><U17/><E125/><V52/><F126/><W71/><G71/><T121/><D121/><U85/><E127/><V13/><F13/><W21/><G76/><T89/><D89/><U18/><E123/><V9/><F77/><W25/><G90/><T30/><D30/><U103/><E120/><V122/><F122/><W12/><G12/><T104/><D104/><U35/><E103/><V59/><F79/><W105/><G105/><T99/><D99/><RYUUKYOKU ba="0,1" sc="240,30,250,-10,250,-10,250,-10" hai0="41,44,45,47,48,54,56,61,80,87,88,108,110" /><INIT seed="0,1,1,2,2,123" ten="270,240,240,240" oya="0" hai0="69,130,81,94,44,85,49,132,125,2,93,101,9" hai1="89,54,112,62,111,66,73,92,10,77,88,32,133" hai2="122,83,60,39,86,78,129,120,79,90,21,82,126" hai3="65,12,40,3,117,103,8,16,108,110,105,51,135"/><T99/><D69/><U47/><E32/><V4/><F39/><W119/><G135/><T115/><D115/><U98/><E112/><V84/><F4/><W19/><G3/><T11/><D125/><U107/><E107/><V74/><F126/><W23/><G65/><T68/><D68/><U6/><E133/><V26/><F60/><W72/><G72/><T0/><D130/><U70/><E73/><V59/><F59/><W52/><G40/><T41/><D132/><U95/><E77/><V33/><F33/><W38/><G38/><T15/><D94/><U58/><E47/><V63/><F63/><W114/><G114/><T7/><REACH who="0" step="1"/><D11/><REACH who="0" ten="260,240,240,240" step="2"/><U30/><E70/><V118/><F129/><W67/><G119/><T113/><D113/><U20/><E92/><V80/><REACH who="2" step="1"/><F118/><REACH who="2" ten="260,240,230,240" step="2"/><W96/><G117/><T1/><D1/><U64/><E64/><V31/><AGARI ba="1,3" hai="21,26,31,74,78,79,80,82,83,84,86,90,120,122" machi="31" ten="20,8000,1" yaku="1,1,2,1,0,1,7,1,53,1" doraHai="123" doraHaiUra="106" who="2" fromWho="2" sc="260,-41,240,-21,230,113,240,-21" /><INIT seed="1,0,0,0,5,105" ten="219,219,343,219" oya="1" hai0="86,3,75,57,56,21,129,100,5,51,4,10,76" hai1="34,121,106,39,59,132,71,26,61,125,46,52,102" hai2="47,28,18,118,133,81,130,70,78,31,2,43,1" hai3="22,13,127,20,91,115,116,35,134,124,7,37,90"/><U64/><E121/><V111/><F111/><W103/><G115/><T131/><D100/><U12/><E132/><V110/><F110/><W60/><G134/><T30/><D5/><U50/><E125/><N who="3" m="48202" /><G116/><T83/><D86/><U40/><E12/><V88/><F130/><N who="0" m="49674" /><D51/><U123/><E123/><V79/><F70/><W128/><G128/><T84/><D84/><U85/><E85/><V119/><F18/><N who="3" m="10319" /><G37/><T9/><D9/><U16/><E34/><V15/><F15/><W45/><G35/><T66/><D66/><U23/><E102/><V11/><F11/><W101/><G7/><T126/><D126/><U48/><REACH who="1" step="1"/><E106/><REACH who="1" ten="219,209,343,219" step="2"/><V69/><F133/><W29/><G103/><T14/><D14/><U17/><E17/><V54/><F2/><W113/><G101/><T55/><D55/><U96/><E96/><V44/><F54/><W107/><G107/><T0/><D0/><U108/><E108/><V135/><F1/><W53/><G113/><T33/><D33/><U67/><E67/><V94/><F135/><W65/><G65/><T68/><D68/><U32/><E32/><V98/><F118/><W99/><G99/><T82/><D82/><U73/><E73/><V114/><F69/><W109/><G109/><T6/><D6/><U74/><E74/><V89/><F119/><W112/><G112/><T117/><D117/><U77/><E77/><V62/><F114/><W120/><G120/><T93/><D93/><U92/><E92/><V97/><F78/><W42/><G91/><T49/><D30/><U41/><E41/><V95/><F43/><W122/><G42/><RYUUKYOKU ba="0,1" sc="219,-10,209,30,343,-10,219,-10" hai1="16,23,26,39,40,46,48,50,52,59,61,64,71" /><INIT seed="1,1,1,0,0,87" ten="209,239,333,209" oya="1" hai0="8,116,41,110,89,4,79,106,42,16,131,56,24" hai1="15,1,63,125,118,107,134,88,114,97,43,37,35" hai2="48,84,81,3,57,55,59,18,58,22,46,127,99" hai3="70,54,73,52,82,86,49,7,45,111,128,92,12"/><U98/><E1/><V91/><F127/><W40/><G70/><T36/><D106/><U33/><E118/><V30/><F3/><W104/><G104/><T10/><D116/><U77/><E77/><V39/><F39/><W103/><G111/><T95/><D79/><U112/><E63/><V32/><F32/><W78/><G128/><T96/><D131/><U71/><E71/><V51/><F30/><W0/><G0/><T23/><D110/><U53/><E53/><N who="2" m="29847" /><F99/><N who="3" m="59879" /><G73/><T50/><D36/><U26/><E15/><AGARI ba="1,1" hai="15,18,22,51,55,57,58,59,81,84,91" m="29847" machi="15" ten="30,2000,0" yaku="8,1,52,1" doraHai="87" who="2" fromWho="1" sc="209,0,239,-23,333,33,209,0" /><INIT seed="2,0,0,5,5,101" ten="209,216,366,209" oya="2" hai0="79,33,4,74,117,116,22,89,128,78,99,91,16" hai1="51,1,82,108,39,72,64,97,110,32,36,38,45" hai2="42,109,131,27,92,107,112,35,53,58,102,96,3" hai3="65,88,76,70,11,114,48,54,7,113,26,129,122"/><V111/><F131/><W105/><G122/><T21/><D33/><U8/><E32/><V47/><F3/><W41/><G129/><T50/><D128/><U67/><E97/><V126/><F126/><W6/><G76/><N who="0" m="29227" /><D74/><U94/><E94/><V71/><F71/><W120/><G120/><T49/><D4/><N who="1" m="1039" /><E82/><V60/><F92/><W93/><G41/><T52/><D99/><U31/><E31/><V66/><F112/><N who="3" m="43115" /><G105/><T80/><D49/><U86/><E86/><V85/><F85/><N who="3" m="52367" /><G26/><N who="0" m="14631" /><D80/><U56/><E72/><V20/><F35/><W46/><G11/><T90/><D22/><U59/><E67/><V10/><F10/><W125/><G125/><T57/><D117/><U119/><E64/><V37/><REACH who="2" step="1"/><F66/><REACH who="2" ten="209,216,356,209" step="2"/><W0/><G0/><T24/><D116/><U9/><E119/><V69/><F69/><W106/><G106/><T84/><D84/><U98/><E98/><V95/><F95/><W118/><G118/><T34/><D34/><U75/><E75/><V104/><F104/><W132/><G132/><T68/><D68/><U121/><E9/><V23/><F23/><W73/><G73/><T55/><D55/><N who="1" m="30191" /><E121/><V87/><F87/><W100/><G100/><T14/><D89/><U123/><E123/><V62/><F62/><AGARI ba="0,1" hai="6,7,46,48,54,62,65,70" m="52367,43115" machi="62" ten="30,2000,0" yaku="11,1,54,1" doraHai="101" who="3" fromWho="2" sc="209,0,216,0,356,-20,209,30" /><INIT seed="3,0,0,4,3,19" ten="209,216,336,239" oya="3" hai0="6,32,81,30,78,45,11,65,57,89,127,113,50" hai1="4,22,43,114,24,126,1,56,70,38,0,85,129" hai2="108,61,104,31,105,110,23,10,9,124,121,79,67" hai3="73,33,34,131,8,36,12,95,58,63,16,115,37"/><W91/><G115/><T120/><D120/><U68/><E114/><V14/><F124/><W2/><G73/><T75/><D113/><U74/><E74/><V59/><F121/><W21/><G131/><T103/><D127/><U60/><E126/><V25/><F79/><W106/><G106/><T92/><D103/><U88/><E129/><V49/><F49/><W55/><G36/><T41/><D32/><U98/><E98/><V125/><F125/><W107/><G107/><N who="2" m="41033" /><F14/><W7/><REACH who="3" step="1"/><G37/><REACH who="3" ten="209,216,336,229" step="2"/><T35/><D35/><U109/><E38/><V90/><F108/><W46/><G46/><T135/><D135/><U80/><E109/><V123/><F110/><W15/><G15/><T76/><D30/><U87/><E0/><V111/><F111/><W99/><AGARI ba="0,1" hai="2,7,8,12,16,21,33,34,55,58,63,91,95,99" machi="99" ten="20,12000,1" yaku="1,1,0,1,7,1,52,1,54,1,53,0" doraHai="19" doraHaiUra="96" who="3" fromWho="3" sc="209,-40,216,-40,336,-40,229,130" owari="169,-33.1,176,-22.4,296,9.6,359,45.9" /></mjloggm>