<mjloggm ver="2.3"><GO type="225" lobby="0"/><UN n0="%E5%84%AA%40%41%42%43" n1="%E3%81%AF%E3%82%88%E3%81%8A%E3%81%98%E3%81%95%E3%82%93" n2="%E5%91%A8%E6%9D%B1" n3="%E3%81%82%E3%81%84%E3%81%82%E3%81%8A%E3%81%84" dan="16,16,16,18" rate="2120.70,2202.20,2176.85,2184.67" sx="M,M,M,M"/><TAIKYOKU oya="0"/><INIT seed="0,0,0,3,3,12" ten="250,250,250,250" oya="0" hai0="17,81,61,36,56,0,38,10,125,3,49,77,52" hai1="109,26,91,44,95,134,126,14,11,119,71,15,107" hai2="34,94,5,18,4,25,127,45,62,76,41,116,110" hai3="13,57,24,88,82,118,135,75,43,39,37,80,22"/><T99/><D125/><U6/><E119/><V84/><F127/><W85/><G118/><T131/><D131/><U72/><E126/><V47/><F116/><W59/><G135/><T66/><D0/><U64/><E107/><V86/><F110/><W115/><G115/><T21/><D99/><U31/><E72/><V128/><F34/><W33/><G33/><T101/><D101/><U30/><E109/><V9/><F128/><W32/><G32/><T121/><D121/><U122/><E122/><V7/><F62/><W97/><G13/><T96/><D96/><U70/><E134/><V68/><F68/><W111/><G97/><T79/><D10/><U53/><E15/><N who="2" m="7535" /><F25/><W113/><G113/><T28/><D28/><U8/><E8/><V60/><F60/><W90/><G111/><T29/><D29/><U92/><E64/><V83/><F41/><W16/><G43/><T130/><D3/><U89/><E70/><V112/><F112/><W78/><REACH who="3" step="1"/><G90/><AGARI ba="0,0" hai="4,5,7,45,47,76,83,84,86,90,94" m="7535" machi="90" ten="30,2000,0" yaku="8,1,52,1" doraHai="12" who="2" fromWho="3" sc="250,0,250,0,250,20,250,-20" /><INIT seed="1,0,0,5,4,43" ten="250,250,270,230" oya="1" hai0="88,105,45,104,17,119,49,13,31,129,64,0,77" hai1="54,114,59,9,30,90,32,128,48,26,18,55,35" hai2="112,24,125,134,123,78,109,103,81,69,133,39,56" hai3="111,40,71,74,70,53,62,11,108,42,94,5,116"/><U86/><E128/><V63/><F123/><W23/><G74/><T51/><D119/><U124/><E124/><V96/><F125/><W120/><G23/><T117/><D117/><U127/><E114/><V68/><F39/><W130/><G94/><T115/><D0/><U75/><E75/><V41/><F41/><N who="3" m="15979" /><G11/><T122/><D115/><U15/><E127/><V6/><F6/><W12/><G12/><T27/><D77/><U131/><E131/><V1/><F1/><W16/><G16/><T107/><D64/><U73/><E73/><N who="2" m="43215" /><F24/><W92/><G92/><T44/><D122/><U102/><E102/><V2/><F2/><W22/><G22/><N who="0" m="15863" /><D107/><U99/><E99/><V19/><F19/><W34/><G5/><T7/><D7/><U47/><E26/><V72/><F72/><W79/><G79/><T21/><D105/><U85/><E85/><V20/><F20/><W89/><G34/><T8/><D104/><U61/><E30/><V67/><F112/><W98/><G120/><T132/><D132/><N who="2" m="50794" /><F109/><W50/><G116/><T110/><D110/><U106/><E106/><AGARI ba="0,0" hai="56,63,67,68,69,96,103,106" m="50794,43215" machi="106" ten="30,1000,0" yaku="20,1" doraHai="43" who="2" fromWho="1" sc="250,0,250,-10,270,10,230,0" /><INIT seed="2,0,0,4,1,117" ten="250,240,280,230" oya="2" hai0="6,92,1,60,28,43,131,58,22,69,87,132,26" hai1="57,39,81,3,0,24,128,17,33,66,11,27,72" hai2="105,12,35,21,61,118,112,51,63,111,126,85,41" hai3="135,46,13,34,93,90,48,40,8,107,127,52,121"/><V23/><F118/><W101/><G34/><T88/><D132/><U47/><E128/><V122/><F112/><W86/><G135/><T49/><D131/><U38/><E0/><V68/><F35/><W29/><G29/><T74/><D74/><U54/><E66/><V89/><F105/><W18/><G127/><T50/><D69/><U82/><E17/><V114/><F114/><W42/><REACH who="3" step="1"/><G121/><REACH who="3" ten="250,240,280,220" step="2"/><T64/><REACH who="0" step="1"/><D43/><REACH who="0" ten="240,240,280,220" step="2"/><U91/><E33/><V97/><F41/><W115/><G115/><T99/><D99/><AGARI ba="0,2" hai="8,13,18,40,42,46,48,52,86,90,93,99,101,107" machi="99" ten="40,2600,0" yaku="1,1,54,1,53,0" doraHai="117" doraHaiUra="134" who="3" fromWho="0" sc="240,-26,240,0,280,0,220,46" /><INIT seed="3,0,0,5,5,75" ten="214,240,280,266" oya="3" hai0="119,29,0,39,77,6,104,19,21,42,69,129,7" hai1="126,5,38,11,31,109,101,56,120,71,61,113,33" hai2="32,59,43,67,24,53,76,118,48,122,50,23,115" hai3="13,105,121,72,124,68,40,81,64,73,9,131,79"/><W89/><G121/><T90/><D119/><U1/><E120/><V14/><F122/><W45/><G105/><T86/><D104/><U44/><E113/><V49/><F115/><W114/><G114/><T28/><D69/><U16/><E109/><V66/><F118/><W128/><G124/><T27/><D129/><N who="3" m="49737" /><G89/><T37/><D42/><U91/><E126/><V62/><F43/><W95/><G95/><T2/><D77/><U125/><E125/><V20/><F32/><W80/><G64/><N who="2" m="24617" /><F14/><W30/><G30/><T17/><D90/><U4/><E71/><V51/><N who="2" m="12288" /><DORA hai="94" /><V74/><F74/><N who="3" m="43127" /><G81/><T111/><D86/><U93/><E31/><V96/><F76/><W103/><G68/><T82/><D82/><U12/><E93/><V85/><F85/><W25/><G25/><T83/><D83/><U35/><E91/><V107/><F107/><W57/><G103/><T135/><D27/><U130/><E101/><V34/><F34/><W112/><G112/><T46/><D111/><U58/><E35/><V47/><F47/><W98/><G73/><T54/><D46/><U60/><E33/><V132/><F24/><W134/><G72/><T36/><D39/><U116/><E116/><V92/><F132/><W99/><G134/><T22/><REACH who="0" step="1"/><D54/><REACH who="0" ten="204,240,280,266" step="2"/><U87/><E87/><V133/><F133/><AGARI ba="0,1" hai="0,2,6,7,17,19,21,22,28,29,36,37,133,135" machi="133" ten="25,6400,0" yaku="1,1,2,1,22,2,53,0" doraHai="75,94" doraHaiUra="8,84" who="0" fromWho="2" sc="204,74,240,0,280,-64,266,0" /><INIT seed="4,0,0,0,0,116" ten="278,240,216,266" oya="0" hai0="67,6,123,120,36,106,82,89,29,10,61,68,54" hai1="117,111,108,122,19,127,22,90,74,71,102,115,30" hai2="59,40,34,119,96,62,55,70,73,31,104,60,132" hai3="13,47,84,128,69,129,107,4,72,16,39,20,95"/><T83/><D106/><U112/><E71/><V56/><F119/><W43/><G69/><T76/><D89/><U15/><E117/><V11/><F132/><W100/><G72/><N who="0" m="43271" /><D54/><U91/><E74/><V65/><F73/><W42/><G42/><T58/><D58/><U25/><E102/><V52/><F40/><W87/><G107/><T124/><D83/><U21/><E127/><V2/><F2/><W27/><G100/><T97/><D97/><U88/><REACH who="1" step="1"/><E122/><REACH who="1" ten="278,230,216,266" step="2"/><V131/><F131/><W9/><G128/><T86/><D124/><U38/><E38/><V48/><F11/><W77/><G129/><T41/><D123/><U17/><E17/><V28/><REACH who="2" step="1"/><F34/><REACH who="2" ten="278,230,206,266" step="2"/><W121/><G9/><T5/><D10/><U8/><E8/><V18/><F18/><W79/><G16/><T44/><D120/><U51/><E51/><V57/><F57/><W49/><G121/><T105/><D5/><U50/><E50/><V110/><F110/><AGARI ba="0,2" hai="15,19,21,22,25,30,88,90,91,108,110,111,112,115" machi="110" ten="50,3200,0" yaku="1,1,54,1,53,0" doraHai="116" doraHaiUra="1" who="1" fromWho="2" sc="278,0,230,52,206,-32,266,0" /><INIT seed="5,0,0,3,5,51" ten="278,282,174,266" oya="1" hai0="17,104,112,64,53,5,113,102,80,132,73,127,55" hai1="101,77,75,6,10,95,106,33,11,54,91,30,67" hai2="87,36,133,34,20,62,44,92,65,28,48,8,131" hai3="83,57,90,22,118,86,122,125,1,97,107,85,7"/><U93/><E67/><V99/><F131/><W4/><G122/><T63/><D132/><U60/><E106/><V43/><F133/><W130/><G130/><T16/><D127/><U27/><E101/><V47/><F34/><W79/><G1/><T45/><D5/><U72/><E77/><V96/><F8/><W9/><G125/><T121/><D121/><U52/><E11/><V111/><F111/><W38/><G38/><T129/><D129/><U88/><E60/><V35/><F35/><W31/><G118/><T66/><D66/><U84/><E75/><V37/><F37/><W58/><G97/><N who="0" m="61519" /><D45/><U94/><E72/><V128/><F128/><W19/><G31/><T134/><D134/><U116/><E116/><V74/><F74/><W56/><G9/><T13/><D17/><U32/><E32/><V109/><F109/><W50/><G107/><T82/><D80/><U69/><E69/><V14/><F28/><W12/><REACH who="3" step="1"/><G50/><REACH who="3" ten="278,282,174,256" step="2"/><T68/><D113/><U42/><E42/><V126/><F126/><W25/><G25/><T135/><D112/><U105/><E105/><V46/><F36/><W114/><G114/><T76/><D135/><U117/><E117/><V29/><F43/><W26/><G26/><T98/><D98/><U61/><E61/><V100/><F99/><W81/><AGARI ba="0,1" hai="4,7,12,19,22,56,57,58,79,81,83,85,86,90" machi="81" ten="30,4000,0" yaku="1,1,0,1,8,1,53,0" doraHai="51" doraHaiUra="123" who="3" fromWho="3" sc="278,-10,282,-20,174,-10,256,50" owari="268,6.8,262,-13.8,164,-33.6,306,40.6" /></mjloggm>