<mjloggm ver="2.3"><GO type="225" lobby="0"/><UN n0="%E7%AB%8B%E8%8A%B1%E9%9F%BF" n1="%E6%A1%9C%E8%8A%B1%E9%96%83%E3%80%85" n2="%E6%97%A5%E6%9B%9C%E6%97%A5%E3%82%88%E3%82%8A%E3%81%AE%E4%BD%BF%E8%80%85" n3="%72%61%6B%33" dan="17,17,17,16" rate="2183.37,2191.67,2247.56,2152.26" sx="F,M,M,M"/><TAIKYOKU oya="0"/><INIT seed="0,0,0,5,3,33" ten="250,250,250,250" oya="0" hai0="3,56,65,26,92,59,22,91,51,6,7,21,34" hai1="44,77,131,107,30,52,9,19,76,66,129,80,128" hai2="17,117,2,32,36,50,108,28,95,101,54,79,130" hai3="102,112,98,55,81,64,113,5,73,14,116,1,132"/><T115/><D115/><U13/><E107/><V87/><F36/><W106/><G116/><T24/><D34/><U18/><E66/><V125/><F32/><W67/><G132/><T38/><D38/><U12/><E30/><V89/><F28/><W104/><G104/><T84/><D65/><U4/><E80/><V94/><F2/><W20/><G55/><T93/><D51/><N who="1" m="28775" /><E19/><V41/><F41/><W110/><G110/><T122/><D84/><U121/><E121/><V133/><F79/><N who="1" m="30281" /><E18/><V43/><F17/><W111/><G111/><T105/><D105/><U99/><E99/><V57/><F108/><W15/><G64/><T48/><D48/><U118/><E118/><V123/><F117/><W0/><G67/><T45/><D45/><U11/><E11/><V82/><F82/><W39/><G39/><T68/><D68/><U74/><E74/><V72/><F72/><W69/><G69/><T70/><D70/><U103/><E103/><V53/><F101/><W61/><G20/><T85/><D85/><U120/><E120/><V8/><F87/><W127/><G5/><T37/><D37/><U90/><E90/><V23/><F89/><W35/><G35/><T27/><D91/><U86/><E86/><V114/><F23/><N who="0" m="8714" /><D122/><U63/><E63/><V58/><F123/><W10/><G61/><T49/><D49/><U109/><E109/><V88/><F50/><W47/><G73/><T71/><D71/><U97/><E97/><V60/><F60/><W16/><G112/><T62/><D62/><U83/><E83/><V40/><F114/><W31/><G113/><RYUUKYOKU ba="0,0" sc="250,-10,250,30,250,-10,250,-10" hai1="4,9,12,13,128,129,131" /><INIT seed="1,1,0,0,1,10" ten="240,280,240,240" oya="1" hai0="81,49,101,17,89,130,104,128,80,92,88,28,129" hai1="5,69,97,111,34,59,76,2,14,96,135,74,20" hai2="98,123,0,120,26,75,65,103,62,126,13,87,24" hai3="66,22,72,30,36,84,9,47,132,57,44,35,91"/><U125/><E69/><V18/><F75/><W127/><G72/><T133/><D28/><U117/><E117/><V19/><F0/><W105/><G105/><T122/><D133/><U63/><E135/><V102/><F126/><W41/><G35/><T27/><D122/><U7/><E34/><V56/><F123/><W82/><G127/><T100/><D49/><U107/><E125/><V93/><F120/><W12/><G132/><T53/><D53/><U23/><E2/><V39/><F39/><W115/><G115/><T8/><D104/><U37/><E37/><V73/><F73/><W32/><G32/><T46/><D46/><U113/><E111/><V11/><F103/><N who="0" m="39498" /><D89/><U1/><E1/><V99/><F99/><W55/><G66/><T112/><D112/><U67/><E113/><V43/><F43/><W68/><G68/><T79/><D79/><U16/><E107/><V121/><F121/><W109/><G109/><T42/><D42/><U77/><E74/><V51/><F51/><W15/><G47/><T25/><D25/><N who="1" m="14471" /><E77/><V78/><REACH who="2" step="1"/><F19/><REACH who="2" ten="240,280,230,240" step="2"/><W40/><G40/><T48/><D48/><U116/><E116/><V31/><F31/><W6/><G30/><T60/><D130/><U71/><E96/><V108/><F108/><W83/><G36/><T54/><D129/><U118/><E97/><V64/><F64/><W52/><G41/><T70/><D128/><U124/><E118/><V119/><F119/><W45/><G55/><T95/><D54/><U58/><E124/><V131/><F131/><W106/><G52/><T38/><D38/><U4/><E67/><RYUUKYOKU ba="1,1" sc="240,-10,280,-10,230,30,240,-10" hai2="11,13,18,24,26,56,62,65,78,87,93,98,102" /><INIT seed="2,2,1,4,0,7" ten="230,270,260,230" oya="2" hai0="54,11,76,90,105,89,28,84,122,34,46,40,1" hai1="47,5,112,8,65,2,107,80,53,132,71,115,119" hai2="93,12,70,50,4,118,121,106,21,131,101,102,56" hai3="73,91,85,120,62,9,61,23,96,0,6,10,82"/><V87/><F70/><W63/><G120/><T109/><D122/><U94/><E119/><V49/><F121/><W127/><G127/><T123/><D123/><U78/><E94/><V35/><F35/><W133/><G133/><T57/><D105/><U92/><E132/><V113/><F106/><W13/><G23/><T95/><D109/><U135/><E135/><V22/><F113/><W81/><G96/><T88/><D28/><U37/><E92/><V74/><F74/><W44/><G44/><T52/><D34/><U77/><E77/><V98/><F131/><W29/><G29/><T42/><D1/><U48/><E107/><V124/><F124/><W126/><G126/><T129/><D129/><U79/><E79/><V67/><F102/><W114/><G114/><T86/><D11/><U41/><E65/><V25/><F87/><N who="0" m="33322" /><D76/><U14/><E14/><V125/><F118/><W111/><G111/><T17/><D17/><U36/><E71/><V24/><F125/><W64/><G73/><T31/><D31/><U16/><E16/><N who="2" m="12327" /><F12/><W33/><G33/><T108/><D108/><U130/><E130/><V32/><F32/><W72/><G72/><T60/><D95/><U51/><E112/><V66/><F4/><W134/><G134/><T58/><D46/><N who="1" m="27895" /><E115/><V99/><F99/><W68/><G81/><T26/><D26/><U3/><E3/><V27/><F27/><W128/><G128/><T97/><D97/><U69/><E69/><V103/><F103/><W19/><AGARI ba="2,1" hai="0,6,9,10,13,19,61,62,63,64,68,82,85,91" machi="19" ten="20,5200,0" yaku="0,1,7,1,52,2" doraHai="7" who="3" fromWho="3" sc="230,-15,270,-15,260,-28,230,68" /><INIT seed="3,0,0,5,3,78" ten="215,255,232,298" oya="3" hai0="101,134,131,54,81,26,102,85,84,71,5,69,122" hai1="108,22,128,119,52,118,126,18,111,58,87,45,55" hai2="48,46,38,121,94,113,50,67,130,99,24,39,42" hai3="97,110,127,21,27,63,53,44,89,29,57,47,9"/><W103/><G127/><T33/><D122/><U43/><E126/><V95/><F113/><W60/><G110/><N who="1" m="42026" /><E87/><V112/><F112/><W19/><G63/><T115/><D115/><U0/><E0/><V25/><F130/><W64/><G89/><T117/><D117/><N who="1" m="44555" /><E128/><V114/><F114/><W74/><G74/><T32/><D131/><U80/><E80/><V10/><F121/><W79/><G79/><T92/><D5/><U16/><E58/><V96/><F96/><W116/><G116/><T109/><D109/><U20/><E20/><V73/><F99/><W31/><G53/><N who="1" m="20554" /><E22/><V49/><F73/><W125/><G125/><T132/><D54/><U17/><E18/><V12/><F67/><W40/><G9/><T11/><D11/><U61/><E61/><V56/><F56/><W100/><G100/><T105/><D92/><U135/><E135/><V7/><F95/><N who="3" m="58815" /><G47/><T93/><D93/><U34/><E34/><V129/><F129/><W3/><G3/><T91/><D26/><U123/><E123/><V107/><F94/><W83/><G83/><T120/><D120/><U15/><E15/><V14/><F14/><W4/><G4/><T106/><D91/><U70/><E70/><V41/><F107/><W98/><G98/><T88/><D88/><U30/><E30/><V133/><F133/><W6/><G6/><T124/><D124/><U68/><E68/><V8/><F8/><W59/><G59/><T72/><D72/><U77/><E77/><V104/><F104/><W23/><G23/><T90/><D90/><U62/><E62/><V37/><F46/><RYUUKYOKU ba="0,0" sc="215,0,255,0,232,0,298,0" hai0="32,33,69,71,81,84,85,101,102,105,106,132,134" hai1="16,17,43,45" hai2="7,10,12,24,25,37,38,39,41,42,48,49,50" hai3="19,21,27,29,31,40,44,57,60,64" /><INIT seed="3,1,0,5,3,76" ten="215,255,232,298" oya="3" hai0="2,134,22,36,118,97,95,109,7,11,128,50,98" hai1="31,16,26,5,106,75,126,41,119,73,114,96,59" hai2="64,71,47,102,115,30,88,110,60,83,133,21,1" hai3="104,29,46,78,24,68,23,130,125,3,94,82,87"/><W42/><G104/><T14/><D36/><U92/><E114/><V122/><F115/><W6/><G68/><T45/><D118/><U44/><E106/><V43/><F1/><W34/><G125/><T13/><D109/><U111/><E111/><V131/><F110/><W72/><G130/><T70/><D128/><U56/><E5/><V113/><F113/><W40/><G34/><T17/><D70/><U85/><E85/><V101/><F131/><W80/><G94/><T79/><D134/><U57/><E126/><V127/><F127/><W107/><G107/><T28/><D28/><U65/><E65/><V10/><F10/><W77/><REACH who="3" step="1"/><G46/><REACH who="3" ten="215,255,232,288" step="2"/><T69/><D69/><U19/><E92/><V39/><F71/><W27/><G27/><T99/><D79/><U67/><E26/><V117/><F133/><W100/><G100/><T8/><D2/><U51/><E44/><V116/><F102/><W123/><G123/><T132/><D132/><U54/><E119/><V15/><F101/><W35/><G35/><T38/><D38/><U25/><E25/><N who="2" m="16687" /><F122/><W90/><G90/><N who="0" m="55543" /><D22/><U55/><E57/><N who="2" m="36879" /><F117/><W66/><G66/><T63/><D63/><U32/><E67/><V12/><F116/><W4/><G4/><T91/><D91/><U52/><E32/><V49/><F39/><W53/><G53/><AGARI ba="1,1" hai="7,8,11,13,14,17,45,50,53,98,99" m="55543" machi="53" ten="30,1000,0" yaku="8,1" doraHai="76" who="0" fromWho="3" sc="215,23,255,0,232,0,288,-13" /><INIT seed="4,0,0,5,2,33" ten="238,255,232,275" oya="0" hai0="58,13,3,2,63,4,118,109,55,27,79,132,9" hai1="88,46,89,124,5,51,116,37,57,34,6,95,70" hai2="73,42,98,92,68,74,104,12,112,21,40,134,16" hai3="20,29,50,135,60,23,41,54,69,110,15,62,117"/><T91/><D118/><U122/><E116/><V107/><F68/><W100/><G110/><T99/><D109/><U80/><E122/><V7/><F112/><W64/><G135/><T67/><D132/><U129/><E70/><V39/><F134/><W126/><G126/><T32/><D79/><U49/><E34/><V19/><F7/><W131/><G131/><T35/><D35/><U72/><E124/><V36/><F92/><W75/><G75/><T111/><D111/><U24/><E24/><V133/><F98/><W44/><G100/><T82/><D67/><U28/><E28/><V119/><F133/><W85/><G117/><T105/><D82/><U56/><E37/><V45/><F119/><W103/><G103/><T1/><D105/><U78/><E89/><V10/><F107/><W77/><G29/><T26/><REACH who="0" step="1"/><D32/><REACH who="0" ten="228,255,232,275" step="2"/><U76/><E76/><V71/><F104/><W43/><G77/><T17/><D17/><U115/><E80/><V25/><REACH who="2" step="1"/><F71/><REACH who="2" ten="228,255,222,275" step="2"/><W31/><G69/><T125/><D125/><U59/><E95/><AGARI ba="0,2" hai="1,2,3,4,9,13,26,27,55,58,63,91,95,99" machi="95" ten="40,12000,1" yaku="1,1,52,3,53,0" doraHai="33" doraHaiUra="123" who="0" fromWho="1" sc="228,140,255,-120,222,0,275,0" owari="368,46.8,135,-36.5,222,-17.8,275,7.5" /></mjloggm>