<mjloggm ver="2.3"><GO type="225" lobby="0"/><UN n0="%E5%91%A8%E6%9D%B1" n1="%E6%A1%9C%E8%8A%B1%E9%96%83%E3%80%85" n2="%E3%82%8F%E3%81%8B%E3%81%B0%2A%E3%82%AC%E3%83%BC%E3%83%AB" n3="%E3%81%86%E3%82%8D%E3%81%9F%E3%82%93%E3%81%91%E3%81%8A%E3%82%89%E3%81%B2" dan="16,17,16,16" rate="2180.40,2257.52,2093.37,2089.57" sx="M,M,M,M"/><TAIKYOKU oya="0"/><INIT seed="0,0,0,0,3,48" ten="250,250,250,250" oya="0" hai0="27,10,35,56,133,88,3,108,89,14,71,15,8" hai1="91,37,36,5,31,131,45,117,81,25,109,96,102" hai2="129,106,58,116,105,38,63,12,115,76,74,126,111" hai3="61,1,101,92,44,55,125,77,57,83,30,6,39"/><T128/><D71/><U112/><E117/><V110/><F115/><W100/><G30/><T33/><D3/><U73/><E112/><V67/><F38/><W122/><G125/><T64/><D133/><U66/><E109/><N who="2" m="41483" /><F126/><W72/><G92/><T84/><D108/><U130/><E66/><V43/><F43/><N who="3" m="22655" /><G122/><T9/><D128/><N who="1" m="49195" /><E5/><V4/><F129/><W123/><G123/><T40/><D40/><U70/><E45/><V98/><F98/><W87/><G87/><T113/><D113/><U78/><E91/><V60/><F116/><W42/><G42/><T32/><D27/><U47/><E47/><V52/><F12/><W16/><G16/><T119/><D119/><U24/><E70/><N who="2" m="42343" /><F4/><W54/><G54/><T75/><D75/><U19/><E19/><V68/><F68/><W118/><G118/><T65/><D89/><U93/><E24/><V2/><F2/><W20/><G20/><AGARI ba="0,0" hai="20,25,31,36,37,73,78,81,93,96,102" m="49195" machi="20" ten="30,1000,0" yaku="19,1" doraHai="48" who="1" fromWho="3" sc="250,0,250,10,250,0,250,-10" /><INIT seed="1,0,0,4,4,0" ten="250,260,250,240" oya="1" hai0="6,78,97,108,41,65,73,46,50,111,55,122,107" hai1="11,44,128,95,88,19,32,89,106,114,99,22,101" hai2="74,132,96,115,91,13,10,98,86,112,56,7,70" hai3="130,63,43,18,51,37,83,105,75,47,90,120,23"/><U45/><E114/><N who="2" m="43563" /><F70/><W20/><G120/><T92/><D122/><U67/><E32/><V17/><F74/><W35/><G130/><T134/><D134/><U119/><E119/><V16/><F132/><W79/><G35/><T81/><D107/><U62/><E128/><V68/><F68/><W72/><G72/><T49/><D65/><U104/><E11/><N who="2" m="6207" /><F17/><W54/><G105/><T113/><D113/><U126/><E126/><V40/><F56/><W15/><G63/><T52/><D6/><U76/><E76/><V71/><F40/><W27/><G90/><N who="1" m="34922" /><E106/><V38/><F38/><W34/><G34/><T109/><REACH who="0" step="1"/><D49/><REACH who="0" ten="240,260,250,240" step="2"/><U53/><E104/><V14/><F71/><W29/><REACH who="3" step="1"/><G37/><REACH who="3" ten="240,260,250,230" step="2"/><T60/><D60/><U103/><E67/><V87/><F87/><W135/><G135/><T5/><D5/><U84/><E84/><V82/><AGARI ba="0,2" hai="7,10,14,82,86,91,96,98" m="6207,43563" machi="82" ten="30,4000,0" yaku="11,1,52,1,54,1" doraHai="0" who="2" fromWho="2" sc="240,-10,260,-20,250,60,230,-10" /><INIT seed="2,0,0,4,0,62" ten="230,240,310,220" oya="2" hai0="61,83,114,53,52,101,92,73,86,121,109,97,35" hai1="8,128,2,113,65,112,133,49,108,75,45,0,33" hai2="66,20,59,72,42,134,71,48,50,76,28,40,51" hai3="95,99,106,55,13,9,116,39,130,115,18,54,78"/><V36/><F72/><W12/><G116/><T131/><D114/><U41/><E108/><V107/><F107/><W103/><G115/><T27/><D121/><U89/><E33/><V16/><F71/><W82/><G130/><T126/><D109/><U111/><E111/><V84/><F36/><W80/><G39/><T32/><D131/><U67/><E128/><V11/><F28/><W37/><G37/><T43/><D43/><U60/><E75/><V58/><F11/><W79/><G106/><T119/><D119/><U118/><E118/><V64/><F134/><W91/><G103/><T110/><D73/><U125/><E133/><V24/><F59/><W90/><G90/><T15/><D110/><U135/><E135/><V23/><F23/><W6/><G82/><T102/><D126/><U30/><E0/><V122/><F58/><W132/><G132/><T44/><D102/><U4/><E125/><V98/><F98/><W7/><G7/><T88/><D27/><U17/><E30/><V56/><F56/><W105/><G105/><T104/><D104/><U19/><E89/><V34/><F34/><W68/><G68/><T21/><D35/><U63/><E112/><V25/><F25/><W85/><REACH who="3" step="1"/><G79/><REACH who="3" ten="230,240,310,210" step="2"/><T70/><D70/><N who="1" m="42279" /><E113/><V5/><F5/><W1/><G1/><T123/><D123/><U29/><E2/><V81/><F122/><W10/><AGARI ba="0,1" hai="6,9,10,12,13,18,54,55,78,80,85,91,95,99" machi="10" ten="20,5200,0" yaku="1,1,0,1,7,1,8,1,53,0" doraHai="62" doraHaiUra="127" who="3" fromWho="3" sc="230,-13,240,-13,310,-26,210,62" /><INIT seed="3,0,0,3,1,37" ten="217,227,284,272" oya="3" hai0="94,126,48,10,114,72,15,56,24,74,5,80,98" hai1="18,105,87,6,79,30,117,28,22,3,46,130,92" hai2="66,86,32,112,21,41,78,9,91,58,83,135,132" hai3="31,95,2,84,13,68,73,106,40,116,64,35,45"/><W100/><G116/><T0/><D126/><U20/><E105/><V76/><F32/><W85/><G2/><T111/><D111/><U19/><E117/><V14/><F112/><W44/><G73/><T96/><D114/><U88/><E130/><V17/><F21/><W123/><G45/><T34/><D0/><U59/><E3/><V82/><F41/><W39/><G13/><T27/><D98/><U113/><E6/><V125/><F125/><W57/><G95/><T65/><D80/><U120/><E120/><V23/><F23/><W122/><G57/><T43/><D74/><U70/><E70/><V115/><F115/><W33/><G85/><T49/><D72/><U101/><E101/><V16/><F17/><W51/><G84/><T42/><D34/><N who="3" m="12809" /><G51/><N who="0" m="19531" /><D65/><U102/><E102/><V97/><F97/><N who="3" m="61711" /><G31/><T55/><D27/><N who="1" m="14751" /><E113/><V47/><F47/><W104/><G104/><T90/><D24/><N who="1" m="14423" /><E46/><V103/><F103/><W54/><G54/><T89/><D89/><U124/><E124/><V109/><F109/><W110/><G110/><T53/><D53/><U26/><E26/><V131/><F131/><W36/><G36/><T29/><D29/><N who="1" m="11371" /><E59/><V119/><F119/><W50/><G50/><AGARI ba="0,0" hai="5,10,15,42,43,50,55,56,90,94,96" m="19531" machi="50" ten="30,3900,0" yaku="8,1,52,2" doraHai="37" who="0" fromWho="3" sc="217,39,227,0,284,0,272,-39" /><INIT seed="4,0,0,1,2,23" ten="256,227,284,233" oya="0" hai0="40,69,21,37,115,121,44,60,9,47,112,99,93" hai1="50,129,90,101,92,17,102,56,108,127,64,67,104" hai2="45,38,76,95,120,91,1,86,133,52,5,73,32" hai3="4,105,46,79,51,81,75,71,35,134,33,39,49"/><T30/><D121/><U53/><E108/><V58/><F120/><W131/><G131/><T42/><D9/><U20/><E127/><V22/><F32/><W11/><G134/><T109/><D109/><U111/><E129/><V26/><F1/><N who="3" m="399" /><G51/><T65/><D30/><U74/><E74/><V2/><F2/><W125/><G125/><T7/><D7/><U116/><E116/><V41/><F5/><W14/><G49/><T63/><D21/><U114/><E114/><V72/><F76/><W119/><G14/><T68/><D93/><U87/><E111/><V85/><F85/><W15/><G15/><T106/><D99/><U89/><E89/><V24/><F133/><W18/><G18/><T34/><D106/><U66/><REACH who="1" step="1"/><E104/><REACH who="1" ten="256,217,284,233" step="2"/><V57/><F72/><W48/><G119/><T77/><D77/><U62/><E62/><V107/><F107/><W113/><G113/><T84/><D112/><U97/><E97/><V27/><F73/><W100/><G48/><T28/><D115/><U135/><E135/><V55/><F91/><W16/><G16/><T70/><D63/><U3/><E3/><V6/><F38/><W80/><G80/><T130/><D130/><U12/><AGARI ba="0,1" hai="12,17,20,50,53,56,64,66,67,87,90,92,101,102" machi="12" ten="30,8000,1" yaku="1,1,0,1,25,2,8,1,53,0" doraHai="23" doraHaiUra="124" who="1" fromWho="1" sc="256,-40,217,90,284,-20,233,-20" owari="216,-18.4,307,40.7,264,6.4,213,-28.7" /></mjloggm>