<mjloggm ver="2.3"><GO type="225" lobby="0"/><UN n0="%E6%97%A5%E6%9B%9C%E6%97%A5%E3%82%88%E3%82%8A%E3%81%AE%E4%BD%BF%E8%80%85" n1="%E4%BF%BA%E3%81%A8%E5%A6%96%E5%A4%A2" n2="%E5%B0%8F%E9%B3%A5%E9%81%8A%E7%B7%B4%E7%84%A1%32%31%E6%AD%B3" n3="%E3%83%96%E3%83%83%E3%83%91%E3%82%AA%E3%83%96%E3%83%81%E3%82%AD%E3%83%B3" dan="17,16,16,16" rate="2202.48,2105.34,2187.55,2219.21" sx="M,F,F,M"/><TAIKYOKU oya="0"/><INIT seed="0,0,0,5,0,121" ten="250,250,250,250" oya="0" hai0="101,70,34,22,18,25,15,68,131,45,94,33,3" hai1="47,10,52,132,106,127,30,74,112,32,83,44,133" hai2="92,67,13,55,107,91,66,23,90,65,26,1,64" hai3="109,128,118,82,53,39,14,42,130,31,2,54,124"/><T38/><D3/><U115/><E106/><V119/><F107/><W76/><G118/><T28/><D34/><U95/><E127/><V60/><F1/><W41/><G124/><T75/><D75/><U35/><E10/><V69/><F119/><W80/><G2/><T61/><D131/><N who="3" m="50217" /><G31/><T135/><D135/><N who="1" m="51787" /><E95/><V57/><N who="2" m="16384" /><DORA hai="24" /><V58/><F69/><W5/><G39/><T100/><D61/><U7/><E7/><V129/><F129/><W16/><G5/><T116/><D116/><U27/><E35/><V122/><F122/><W105/><G105/><T81/><D81/><N who="3" m="31337" /><G76/><T103/><REACH who="0" step="1"/><D94/><REACH who="0" ten="240,250,250,250" step="2"/><U110/><E74/><V102/><F92/><W98/><G98/><T36/><D36/><U8/><E83/><V113/><F60/><W62/><G62/><T50/><D50/><N who="1" m="28743" /><E115/><V120/><F113/><W89/><G89/><T49/><D49/><U4/><E112/><V85/><F90/><W48/><G48/><T84/><D84/><U77/><E77/><V17/><F91/><W79/><G79/><T12/><D12/><N who="1" m="5127" /><E47/><V46/><F46/><W71/><G14/><T88/><D88/><U56/><E56/><V63/><F58/><W114/><G114/><T11/><D11/><U6/><E32/><V59/><F59/><W73/><G73/><T97/><D97/><U9/><E9/><V93/><F13/><W117/><G117/><T21/><D21/><U86/><E86/><V20/><F23/><W72/><G72/><T43/><AGARI ba="0,1" hai="15,18,22,25,28,33,38,43,45,68,70,100,101,103" machi="43" ten="30,6000,0" yaku="1,1,0,1,52,1,53,0" doraHai="121,24" doraHaiUra="123,104" who="0" fromWho="0" sc="240,70,250,-20,250,-20,250,-20" /><INIT seed="0,1,0,5,3,17" ten="310,230,230,230" oya="0" hai0="66,84,92,38,78,77,28,53,59,83,60,120,29" hai1="90,98,14,130,128,41,99,9,86,7,43,74,108" hai2="112,54,67,10,16,119,113,115,87,80,89,88,124" hai3="40,110,52,63,20,127,118,2,24,15,65,105,95"/><T8/><D120/><U72/><E108/><V45/><F124/><W101/><G110/><T42/><D38/><U1/><E74/><V50/><F67/><W114/><G127/><T36/><D36/><U11/><E72/><V68/><F68/><W47/><G114/><T134/><D134/><U27/><E27/><V71/><F71/><W39/><G118/><T3/><D42/><U123/><E123/><V22/><F119/><W33/><G2/><T13/><D3/><U31/><E31/><V126/><F126/><W106/><G15/><T104/><D104/><U61/><E61/><V34/><F34/><W26/><G26/><T6/><D78/><U12/><E1/><V117/><F117/><W46/><G33/><T32/><D32/><U55/><E55/><V64/><F64/><W85/><G47/><T129/><D129/><N who="1" m="49771" /><E43/><V79/><REACH who="2" step="1"/><F10/><REACH who="2" ten="310,230,220,230" step="2"/><W30/><G65/><T19/><D66/><U96/><E41/><V111/><F111/><W5/><G5/><T70/><D70/><U100/><E11/><V69/><F69/><W109/><G109/><T51/><D6/><U81/><E14/><AGARI ba="1,1" hai="14,16,22,45,50,54,79,80,87,88,89,112,113,115" machi="14" ten="40,8000,1" yaku="1,1,52,1,54,2,53,1" doraHai="17" doraHaiUra="44" who="2" fromWho="1" sc="310,0,230,-83,220,93,230,0" /><INIT seed="1,0,0,2,5,18" ten="310,147,313,230" oya="1" hai0="117,114,104,83,0,21,134,135,16,120,102,24,17" hai1="121,6,91,51,118,60,93,113,110,130,94,72,67" hai2="46,71,84,124,3,97,59,69,129,52,70,29,119" hai3="90,31,2,128,44,61,77,14,68,28,88,122,15"/><U95/><E113/><V74/><F74/><W133/><G122/><T58/><D114/><U19/><E121/><V82/><F119/><W25/><G2/><T38/><D38/><U64/><E118/><V108/><F3/><W73/><G128/><T45/><D117/><U109/><E130/><V33/><F129/><W53/><G133/><N who="0" m="50699" /><D120/><U103/><E72/><V4/><F4/><W63/><G73/><T49/><D0/><U76/><E76/><V132/><F124/><W81/><G77/><T30/><D58/><U20/><E6/><V26/><F46/><W89/><G81/><T22/><D83/><U43/><E103/><V23/><F132/><W41/><G68/><T56/><D56/><U85/><E51/><V36/><F36/><W1/><G1/><T131/><D131/><U96/><E43/><V48/><F97/><W65/><G53/><N who="0" m="29871" /><D22/><U78/><E78/><V13/><F108/><N who="1" m="41577" /><E96/><AGARI ba="0,0" hai="16,17,21,24,30,96,102,104" m="29871,50699" machi="96" ten="30,3900,0" yaku="20,1,52,1,54,1" doraHai="18" who="0" fromWho="1" sc="310,39,147,-39,313,0,230,0" /><INIT seed="2,0,0,4,3,77" ten="349,108,313,230" oya="2" hai0="95,44,123,103,87,104,83,97,112,27,5,35,56" hai1="120,6,12,131,114,80,13,28,60,107,23,22,54" hai2="49,133,100,67,18,17,3,19,96,72,62,93,84" hai3="25,94,51,88,63,1,81,4,106,69,2,115,132"/><V73/><F3/><W40/><G106/><T119/><D112/><U78/><E114/><V129/><F129/><W91/><G115/><T53/><D123/><U14/><E131/><V45/><F133/><W66/><G132/><T108/><D108/><U47/><E107/><V85/><F85/><W37/><G37/><T79/><D119/><U8/><E120/><V32/><F32/><W124/><G124/><T30/><D5/><U122/><E122/><V59/><REACH who="2" step="1"/><F84/><REACH who="2" ten="349,108,303,230" step="2"/><N who="3" m="50191" /><G2/><T42/><D104/><U57/><E47/><V121/><F121/><W90/><G1/><T9/><D44/><U64/><E64/><V82/><F82/><W109/><G66/><T46/><D46/><U102/><E102/><V36/><F36/><W29/><G109/><T31/><D35/><U50/><E60/><V134/><F134/><W116/><G63/><T126/><D87/><U0/><REACH who="1" step="1"/><E28/><REACH who="1" ten="349,98,303,230" step="2"/><V130/><F130/><W71/><G29/><T38/><D31/><U7/><E7/><V11/><F11/><W98/><G4/><T10/><D9/><U92/><E92/><V20/><F20/><W15/><G94/><T76/><D10/><U43/><E43/><AGARI ba="0,2" hai="17,18,19,43,45,49,59,62,67,72,73,93,96,100" machi="43" ten="40,2000,0" yaku="1,1,53,0" doraHai="77" doraHaiUra="70" who="2" fromWho="1" sc="349,0,98,-20,303,40,230,0" /><INIT seed="2,1,0,0,5,100" ten="349,78,343,230" oya="2" hai0="54,18,49,40,133,16,117,29,26,64,105,115,23" hai1="87,52,98,55,35,6,1,5,51,73,28,37,46" hai2="9,82,38,36,111,92,108,42,43,53,50,85,99" hai3="119,80,69,17,32,75,118,68,65,121,112,33,56"/><V60/><F9/><W113/><G17/><T120/><D115/><N who="3" m="44105" /><G80/><T8/><D120/><U24/><E73/><V62/><F92/><W19/><G19/><T127/><D105/><U78/><E37/><N who="2" m="14443" /><F99/><W27/><G27/><T79/><D79/><U58/><E1/><V39/><F85/><W48/><G75/><T77/><D77/><U61/><REACH who="1" step="1"/><E98/><REACH who="1" ten="349,68,343,230" step="2"/><V126/><F39/><W14/><G121/><T124/><D124/><U109/><E109/><N who="2" m="42059" /><F126/><W96/><G96/><T44/><D127/><U110/><E110/><V103/><F103/><W131/><G119/><T135/><D117/><U94/><E94/><V21/><F82/><AGARI ba="1,1" hai="5,6,24,28,35,46,51,52,55,58,61,78,82,87" machi="82" ten="40,5200,0" yaku="1,1,54,1,53,1" doraHai="100" doraHaiUra="45" who="1" fromWho="2" sc="349,0,68,65,343,-55,230,0" /><INIT seed="3,0,0,5,0,29" ten="349,133,288,230" oya="3" hai0="45,98,80,47,13,110,114,43,87,77,74,21,88" hai1="28,90,24,123,66,112,57,94,64,106,126,16,93" hai2="59,89,31,58,11,18,132,129,68,117,32,125,15" hai3="10,119,104,41,133,101,67,105,22,70,71,2,42"/><W33/><G119/><T8/><D110/><U38/><E123/><V34/><F31/><W40/><G22/><T49/><D114/><U36/><E112/><V96/><F68/><N who="3" m="26155" /><G67/><T73/><D21/><U95/><E106/><N who="3" m="41066" /><G101/><T121/><D121/><U107/><E107/><V26/><F117/><W131/><G10/><T85/><D98/><U4/><E126/><V1/><F125/><W30/><G2/><T52/><D47/><U20/><E4/><V5/><F129/><W108/><G30/><T84/><D52/><U75/><E75/><V19/><F132/><W102/><G102/><T25/><D25/><U69/><E69/><V116/><F116/><W9/><G9/><T128/><D128/><U127/><E127/><V130/><F130/><W63/><G131/><T62/><D62/><U86/><E66/><V14/><F26/><W103/><G103/><T83/><D85/><U3/><E3/><V53/><F59/><W61/><G133/><T97/><D97/><U56/><E56/><V81/><F1/><W60/><G108/><T54/><D54/><U99/><E28/><V91/><F5/><AGARI ba="0,0" hai="5,8,13,43,45,49,73,74,77,80,83,84,87,88" machi="5" ten="30,7700,0" yaku="7,1,25,2,54,1" doraHai="29" who="0" fromWho="2" sc="349,77,133,0,288,-77,230,0" owari="426,52.6,133,-36.7,211,-18.9,230,3.0" /></mjloggm>