<mjloggm ver="2.3"><GO type="225" lobby="0"/><UN n0="%E3%82%8F%E3%81%8B%E3%81%B0%2A%E3%82%AC%E3%83%BC%E3%83%AB" n1="%E3%83%96%E3%83%83%E3%83%91%E3%82%AA%E3%83%96%E3%83%81%E3%82%AD%E3%83%B3" n2="%72%65%6E%6B%75%6E" n3="%E6%9D%B1%E9%A2%A8%E3%81%AE%E3%81%8D%E3%82%83%E3%81%B7%E3%81%95%E3%82%93" dan="16,16,17,16" rate="2175.79,2115.80,2190.89,2150.41" sx="M,M,M,M"/><TAIKYOKU oya="0"/><INIT seed="0,0,0,5,1,112" ten="250,250,250,250" oya="0" hai0="52,34,37,48,113,74,99,2,92,36,39,104,42" hai1="73,12,98,86,90,126,20,27,102,114,125,75,38" hai2="32,23,81,134,57,1,108,19,70,3,44,133,25" hai3="78,58,68,47,80,135,41,33,84,128,120,45,97"/><T93/><D113/><U64/><E38/><V67/><F70/><W87/><G68/><T121/><D121/><U59/><E12/><V51/><F108/><W77/><G33/><T24/><D2/><U16/><E114/><V109/><F109/><W4/><G4/><T46/><D74/><U50/><E64/><V71/><F71/><W55/><G120/><T115/><D115/><U130/><E130/><V103/><F103/><W107/><G128/><T100/><REACH who="0" step="1"/><D42/><REACH who="0" ten="240,250,250,250" step="2"/><U6/><E75/><V31/><F3/><W76/><G135/><T85/><D85/><U54/><E73/><V123/><F1/><W110/><G110/><T8/><D8/><U95/><REACH who="1" step="1"/><E6/><REACH who="1" ten="240,240,250,250" step="2"/><V63/><F123/><W7/><G7/><T29/><AGARI ba="0,2" hai="24,29,34,36,37,39,46,48,52,92,93,99,100,104" machi="29" ten="40,7800,0" yaku="1,1,0,1,54,1,53,0" doraHai="112" doraHaiUra="15" who="0" fromWho="0" sc="240,98,240,-26,250,-26,250,-26" /><INIT seed="0,1,0,2,2,21" ten="338,214,224,224" oya="0" hai0="117,95,63,123,97,31,126,77,71,33,40,47,100" hai1="109,5,106,125,67,111,13,115,32,41,6,38,12" hai2="64,24,82,74,20,35,26,88,51,122,45,4,7" hai3="37,80,23,108,104,89,124,46,16,48,132,92,86"/><T18/><D117/><U60/><E106/><V102/><F122/><W130/><G104/><T43/><D123/><U78/><E78/><V79/><F102/><W58/><G130/><T27/><D126/><U22/><E32/><V0/><F64/><W29/><G132/><T114/><D114/><U69/><E125/><V119/><F119/><W81/><G124/><T36/><D40/><U39/><E115/><V101/><F101/><W66/><G108/><N who="1" m="41546" /><E41/><V52/><F0/><W68/><G68/><T53/><D77/><U72/><E72/><V135/><F135/><W134/><G29/><T50/><D18/><N who="1" m="10575" /><E12/><V2/><F2/><W49/><G37/><AGARI ba="1,0" hai="5,6,37,38,39,60,67,69" m="10575,41546" machi="37" ten="30,1000,0" yaku="14,1" doraHai="21" who="1" fromWho="3" sc="338,0,214,13,224,0,224,-13" /><INIT seed="1,0,0,5,5,31" ten="338,227,224,211" oya="1" hai0="66,17,72,30,82,70,7,45,67,97,88,98,101" hai1="27,65,57,74,32,95,135,134,2,106,99,42,96" hai2="75,114,58,110,8,125,109,78,103,80,83,48,9" hai3="68,18,20,123,118,91,92,121,112,26,0,120,54"/><U47/><E2/><V38/><F38/><W46/><G68/><T56/><D70/><U93/><E74/><V129/><F125/><W28/><G112/><T43/><D7/><U33/><E106/><V84/><F114/><W71/><G71/><T15/><D30/><U107/><E107/><V14/><F103/><W23/><G0/><T102/><D72/><U73/><E73/><V34/><F34/><N who="1" m="13417" /><E27/><V90/><F129/><W12/><G118/><T131/><D131/><U104/><E104/><V53/><REACH who="2" step="1"/><F9/><REACH who="2" ten="338,227,214,211" step="2"/><W11/><G11/><N who="0" m="6399" /><D102/><U81/><E99/><V132/><F132/><N who="1" m="50729" /><E96/><V61/><F61/><W22/><G121/><T52/><D101/><U44/><E81/><V115/><F115/><W117/><G123/><T85/><D98/><U108/><E108/><V36/><F36/><W86/><G120/><T50/><D97/><U124/><E124/><V25/><F25/><W6/><G26/><T24/><D24/><U60/><E42/><V55/><F55/><W133/><G54/><T113/><D113/><U100/><E100/><V59/><F59/><W116/><G133/><T128/><D128/><U105/><E105/><V69/><F69/><W16/><G116/><T51/><AGARI ba="0,1" hai="43,45,50,51,52,56,66,67,82,85,88" m="6399" machi="51" ten="30,4000,0" yaku="8,1,54,2" doraHai="31" who="0" fromWho="0" sc="338,50,227,-20,214,-10,211,-10" /><INIT seed="2,0,0,5,0,53" ten="388,207,204,201" oya="2" hai0="93,86,60,24,31,89,76,101,29,75,15,117,83" hai1="82,111,79,46,77,41,50,116,128,72,67,80,37" hai2="66,70,3,45,32,123,69,118,52,22,56,59,114" hai3="84,78,5,65,71,105,125,92,62,51,120,109,121"/><V43/><F32/><W85/><G105/><T106/><D117/><U55/><E116/><V26/><F3/><W102/><G5/><T25/><D15/><U11/><E111/><V90/><F118/><W126/><G51/><T12/><D12/><U8/><E128/><V16/><F114/><W98/><G109/><T99/><D60/><U58/><REACH who="1" step="1"/><E67/><REACH who="1" ten="388,197,204,201" step="2"/><V6/><F123/><N who="3" m="47179" /><G78/><T57/><D31/><U74/><AGARI ba="0,1" hai="8,11,37,41,46,50,55,58,72,74,77,79,80,82" machi="74" ten="20,8000,1" yaku="1,1,0,1,7,1,9,1,52,1,53,0" doraHai="53" doraHaiUra="18" who="1" fromWho="1" sc="388,-20,197,90,204,-40,201,-20" /><INIT seed="3,0,0,5,2,112" ten="368,287,164,181" oya="3" hai0="128,56,68,78,120,39,107,43,73,16,4,82,96" hai1="31,109,15,28,64,29,122,99,92,108,11,37,49" hai2="94,93,17,24,104,13,18,132,67,36,1,115,23" hai3="3,134,117,71,55,38,88,83,74,97,125,7,62"/><W20/><G38/><T66/><D120/><U80/><E37/><V131/><F1/><W45/><G117/><T0/><D128/><U8/><E122/><V22/><F104/><W105/><G134/><T44/><D16/><U85/><E64/><V95/><F115/><W51/><G125/><T2/><D56/><U57/><E49/><V14/><F131/><W12/><G3/><T106/><D4/><U58/><E58/><V84/><F36/><W41/><G74/><T100/><D107/><U47/><E47/><V126/><F126/><W52/><G71/><T98/><D98/><U90/><E57/><V89/><F132/><W87/><G62/><AGARI ba="0,0" hai="0,2,39,43,44,62,66,68,73,78,82,96,100,106" machi="62" ten="40,5200,0" yaku="33,3" doraHai="112" who="0" fromWho="3" sc="368,52,287,0,164,0,181,-52" owari="420,52.0,287,8.7,164,-23.6,129,-37.1" /></mjloggm>