<mjloggm ver="2.3"><GO type="225" lobby="0"/><UN n0="%65%78%69%73%74%2D%79" n1="%4C%4F%4C%49%54%41" n2="%E3%83%81%E3%83%83%E3%82%BF%E3%82%BD%E3%83%BC" n3="%72%65%6E%6B%75%6E" dan="16,16,16,17" rate="2055.95,2081.35,2108.05,2237.90" sx="M,F,F,M"/><TAIKYOKU oya="0"/><INIT seed="0,0,0,4,1,107" ten="250,250,250,250" oya="0" hai0="75,108,101,134,123,29,26,131,84,0,49,99,72" hai1="80,50,114,102,74,77,61,71,67,11,70,20,32" hai2="2,118,112,9,42,79,135,34,90,132,97,59,83" hai3="78,28,15,95,122,127,45,113,58,6,64,117,47"/><T94/><D123/><U14/><E32/><V105/><F112/><W65/><G117/><T5/><D131/><U12/><E114/><V41/><F34/><W13/><G113/><T52/><D134/><N who="2" m="51242" /><F118/><W133/><G133/><T130/><D130/><U1/><E102/><N who="2" m="62671" /><F90/><W38/><G95/><T121/><D121/><U91/><E91/><V98/><F98/><W103/><G58/><T76/><D108/><U81/><E81/><V87/><F59/><W56/><G56/><T16/><D5/><AGARI ba="0,0" hai="2,5,9,41,42,79,83,87" m="62671,51242" machi="5" ten="30,1000,0" yaku="20,1" doraHai="107" who="2" fromWho="0" sc="250,-10,250,0,250,10,250,0" /><INIT seed="1,0,0,3,4,65" ten="240,250,260,250" oya="1" hai0="84,93,35,75,99,19,108,34,41,116,101,77,107" hai1="46,134,3,40,31,124,81,18,20,74,27,66,70" hai2="1,71,5,22,82,80,49,9,98,113,90,45,48" hai3="16,21,68,54,100,120,78,123,29,86,13,30,4"/><U126/><E3/><V115/><F22/><W52/><G100/><T97/><D116/><U36/><E134/><V62/><F49/><W57/><G68/><T47/><D108/><U83/><E18/><V69/><F80/><N who="3" m="47383" /><G123/><T63/><D63/><N who="1" m="40287" /><E74/><V114/><F62/><N who="3" m="36135" /><G120/><T112/><D112/><U44/><E44/><V132/><F132/><W104/><G104/><T89/><D19/><U33/><E33/><V26/><F26/><N who="3" m="14631" /><G54/><T15/><D15/><U39/><E39/><V43/><F82/><W11/><AGARI ba="0,0" hai="4,11,13,29,30" m="14631,36135,47383" machi="11" ten="30,4000,0" yaku="8,1,54,2" doraHai="65" who="3" fromWho="3" sc="240,-10,250,-20,260,-10,250,40" /><INIT seed="2,0,0,5,0,120" ten="230,230,250,290" oya="2" hai0="93,105,97,61,109,5,134,89,71,52,17,33,47" hai1="8,32,88,45,82,2,55,68,130,110,40,129,92" hai2="77,91,60,135,85,121,95,113,80,74,98,122,76" hai3="79,83,43,48,112,99,41,57,126,90,81,12,21"/><V27/><F113/><W69/><G69/><T23/><D33/><U38/><E32/><V4/><F135/><W124/><G112/><T28/><D134/><U62/><E110/><V9/><F27/><W117/><G117/><T131/><D131/><N who="1" m="50187" /><E82/><V49/><F60/><W10/><G21/><T94/><D105/><U103/><E103/><V128/><F128/><W116/><G116/><T31/><D5/><N who="1" m="1079" /><E55/><V125/><F125/><W39/><G39/><T72/><D72/><U1/><E1/><V56/><F76/><W118/><G118/><T15/><D109/><U132/><E132/><V104/><F56/><W42/><G83/><T75/><D75/><U29/><E29/><V64/><F49/><W96/><G90/><N who="0" m="55479" /><D71/><U19/><E19/><V73/><F64/><W86/><G124/><T35/><D35/><U18/><E18/><V44/><F73/><W58/><G126/><T100/><D100/><U36/><E36/><V26/><F104/><W108/><G108/><T123/><D123/><U87/><E68/><V127/><F127/><W30/><G30/><T25/><D15/><U78/><E62/><V114/><F74/><W59/><REACH who="3" step="1"/><G48/><REACH who="3" ten="230,230,250,280" step="2"/><N who="0" m="28703" /><D61/><U53/><E78/><V101/><F114/><W65/><G65/><T7/><D7/><AGARI ba="0,1" hai="7,10,12,41,42,43,57,58,59,79,81,86,96,99" machi="7" ten="40,2600,0" yaku="1,1,8,1,53,0" doraHai="120" doraHaiUra="50" who="3" fromWho="0" sc="230,-26,230,0,250,0,280,36" /><INIT seed="3,0,0,5,0,108" ten="204,230,250,316" oya="3" hai0="53,109,41,64,62,15,96,28,93,4,33,56,2" hai1="69,80,45,132,112,34,48,94,60,126,13,114,129" hai2="77,66,16,86,91,23,31,118,122,46,127,74,58" hai3="27,43,67,6,130,85,92,103,35,110,76,79,89"/><W37/><G110/><T38/><D109/><U19/><E34/><V12/><F118/><W32/><G6/><T97/><D2/><U9/><E129/><V78/><F127/><W105/><G130/><T101/><D33/><U22/><E126/><V21/><F122/><W131/><G131/><T73/><D73/><U0/><E132/><V106/><F106/><W52/><G67/><T134/><D134/><U116/><E116/><V124/><F74/><W26/><G26/><T8/><D28/><U99/><E80/><V135/><F135/><W40/><G103/><T51/><D96/><U117/><E117/><V1/><F1/><W17/><G105/><T102/><D38/><U25/><E60/><N who="2" m="38167" /><F46/><W98/><G37/><T63/><D41/><N who="3" m="15945" /><G98/><T55/><D101/><U121/><E69/><V10/><F124/><W125/><G32/><T87/><D87/><U113/><E121/><V88/><F91/><W81/><G35/><T84/><D84/><U123/><E0/><V20/><F31/><W68/><G68/><T47/><REACH who="0" step="1"/><D64/><REACH who="0" ten="194,230,250,316" step="2"/><U133/><E133/><V3/><F3/><W100/><G100/><T70/><D70/><U24/><E123/><V39/><F39/><W18/><G85/><T7/><D7/><N who="1" m="3263" /><E113/><V44/><F86/><W75/><G75/><T111/><D111/><U54/><E112/><V120/><F120/><W90/><G125/><T61/><AGARI ba="0,1" hai="4,8,15,47,51,53,55,56,61,62,63,93,97,102" machi="61" ten="20,12000,2" yaku="1,1,0,1,7,1,8,1,53,3" doraHai="108" doraHaiUra="59" who="0" fromWho="0" sc="194,130,230,-30,250,-30,316,-60" owari="324,42.4,200,-30.0,220,-18.0,256,5.6" /></mjloggm>