<mjloggm ver="2.3"><GO type="225" lobby="0"/><UN n0="%E6%81%A5%E6%99%92%E3%81%97" n1="%E3%81%8B%E3%82%8F%E3%81%A1%E3%82%83%E3%82%93%35%38" n2="%41%6F%54" n3="%E3%82%B3%E3%83%90%E3%83%AC%E3%82%A4" dan="17,16,16,16" rate="2195.04,2155.53,2068.82,2171.17" sx="M,M,M,M"/><TAIKYOKU oya="0"/><INIT seed="0,0,0,2,1,127" ten="250,250,250,250" oya="0" hai0="13,107,39,49,48,64,112,26,100,120,135,123,132" hai1="0,30,32,93,86,45,58,96,97,25,53,69,73" hai2="89,91,24,36,66,38,116,131,87,3,15,88,11" hai3="72,84,133,27,114,63,21,62,46,105,68,31,35"/><T23/><D112/><U6/><E73/><V82/><F116/><W54/><G105/><T110/><D39/><U75/><E75/><V111/><F111/><W85/><G72/><T92/><D107/><U43/><E69/><V8/><F66/><W51/><G114/><T9/><D64/><U129/><E0/><V98/><F131/><W67/><G133/><N who="0" m="51275" /><D92/><U109/><E6/><V14/><F3/><W18/><G63/><T106/><D100/><U130/><E86/><V71/><F71/><W44/><REACH who="3" step="1"/><G46/><REACH who="3" ten="250,250,250,240" step="2"/><T2/><D106/><U104/><E104/><V4/><F24/><AGARI ba="0,1" hai="18,21,24,27,31,35,44,51,54,62,67,68,84,85" machi="24" ten="30,3900,0" yaku="1,1,2,1,7,1,53,0" doraHai="127" doraHaiUra="37" who="3" fromWho="2" sc="250,0,250,0,250,-39,240,49" /><INIT seed="1,0,0,0,4,14" ten="250,250,211,289" oya="1" hai0="76,126,68,104,88,6,16,87,61,10,92,62,3" hai1="8,72,131,95,129,50,98,86,53,132,18,108,71" hai2="20,55,106,101,77,94,19,28,32,1,38,83,122" hai3="117,85,81,133,33,105,96,111,78,134,49,75,0"/><U58/><E72/><V52/><F122/><W100/><G0/><T5/><D104/><U2/><E71/><V64/><F106/><W103/><G33/><T41/><D126/><U115/><E115/><V118/><F118/><W37/><G37/><T51/><D68/><U125/><E125/><V66/><F38/><W31/><G31/><T46/><D76/><U93/><E132/><N who="3" m="50794" /><G49/><T99/><D3/><U90/><E108/><V30/><F1/><W34/><G34/><T45/><D99/><U17/><E2/><V123/><F123/><W15/><G117/><T43/><D62/><U22/><E8/><V9/><F9/><W79/><G15/><N who="0" m="7287" /><D61/><U40/><E40/><N who="0" m="15433" /><D45/><U65/><E65/><V82/><F32/><W23/><G111/><T7/><D7/><U114/><E114/><V47/><F47/><W70/><G70/><T4/><D4/><U59/><E59/><V127/><F127/><W89/><G75/><T128/><D128/><N who="1" m="49227" /><E22/><V36/><F20/><W13/><G103/><AGARI ba="0,0" hai="17,18,50,53,58,86,90,93,95,98,103" m="49227" machi="103" ten="30,5800,0" yaku="19,1,52,2" doraHai="14" who="1" fromWho="3" sc="250,0,250,58,211,0,289,-58" /><INIT seed="1,1,0,3,1,50" ten="250,308,211,231" oya="1" hai0="107,127,31,87,36,64,67,23,76,12,10,84,74" hai1="3,100,55,37,40,33,68,77,58,16,78,1,108" hai2="86,8,43,45,109,94,118,51,21,110,18,90,5" hai3="15,11,28,101,26,13,71,112,129,49,35,119,103"/><U17/><E33/><V125/><F125/><W98/><G71/><T102/><D36/><U44/><E68/><V39/><F118/><W131/><G119/><T6/><D127/><U60/><E100/><V30/><F30/><W66/><G66/><T63/><D74/><U115/><E115/><V133/><F133/><W57/><G112/><T124/><D124/><U59/><E108/><V130/><F130/><W25/><G25/><N who="0" m="16831" /><D107/><U104/><E104/><V82/><F39/><W47/><G57/><N who="0" m="36975" /><D76/><U105/><E105/><V92/><F109/><W120/><G120/><T72/><D72/><U121/><E121/><V96/><F110/><W20/><G35/><T56/><D102/><U88/><E88/><V99/><F94/><W91/><G91/><T48/><D67/><U79/><REACH who="1" step="1"/><E58/><REACH who="1" ten="250,298,211,231" step="2"/><V2/><REACH who="2" step="1"/><F92/><REACH who="2" ten="250,298,201,231" step="2"/><W29/><G131/><T22/><D56/><U111/><E111/><V41/><F41/><W132/><G129/><T70/><D70/><U9/><E9/><V42/><F42/><W135/><G11/><T80/><D10/><U113/><E113/><V38/><F38/><W34/><G34/><T65/><D80/><U19/><AGARI ba="1,2" hai="1,3,16,17,19,37,40,44,55,59,60,77,78,79" machi="19" ten="30,11700,0" yaku="1,1,0,1,52,1,54,1,53,0" doraHai="50" doraHaiUra="62" who="1" fromWho="1" sc="250,-40,298,140,201,-40,231,-40" /><INIT seed="1,2,0,3,1,54" ten="210,438,161,191" oya="1" hai0="117,103,100,110,94,132,85,44,27,3,69,124,45" hai1="22,65,51,113,24,29,104,93,16,108,13,37,38" hai2="76,48,12,46,120,67,6,10,80,25,106,75,128" hai3="126,52,23,5,8,70,89,47,41,125,58,101,99"/><U115/><E104/><V34/><F120/><W90/><G70/><T21/><D117/><U133/><E65/><V127/><F127/><N who="3" m="48651" /><G23/><T96/><D124/><U71/><E71/><V92/><F106/><N who="3" m="63807" /><G47/><T7/><D7/><U1/><E1/><V97/><F128/><W59/><G41/><T84/><D3/><U68/><E68/><V17/><F67/><W36/><G36/><T18/><D69/><U0/><E0/><V111/><F111/><W64/><G8/><T119/><D110/><U20/><E108/><V98/><F92/><W14/><G14/><T56/><D119/><U72/><E72/><V19/><F19/><W109/><G5/><T87/><D132/><U50/><E133/><V9/><F9/><W66/><G109/><T78/><D78/><U107/><E107/><V2/><F2/><W55/><G66/><T63/><D103/><U81/><E93/><V26/><F26/><W130/><G64/><AGARI ba="2,0" hai="18,21,27,44,45,56,63,64,84,85,87,94,96,100" machi="64" ten="40,2600,0" yaku="8,1,52,1" doraHai="54" who="0" fromWho="3" sc="210,32,438,0,161,0,191,-32" /><INIT seed="2,0,0,1,1,67" ten="242,438,161,159" oya="2" hai0="14,104,99,15,74,82,28,22,46,91,68,16,18" hai1="111,58,131,85,21,69,102,10,78,109,41,3,113" hai2="103,11,77,53,4,126,44,50,105,98,17,37,106" hai3="35,52,49,132,42,72,86,26,94,130,110,71,89"/><V47/><F126/><W48/><G71/><T135/><D28/><U23/><E113/><V129/><F129/><W31/><G130/><T88/><D135/><U63/><E131/><V34/><F34/><W24/><G72/><T134/><D134/><U81/><E69/><V1/><F77/><W112/><G112/><T92/><D68/><U30/><E30/><V70/><F70/><W27/><G132/><T25/><D104/><U32/><E32/><V39/><F105/><W66/><G66/><T117/><D117/><U64/><E102/><V54/><REACH who="2" step="1"/><F17/><REACH who="2" ten="242,438,151,159" step="2"/><W122/><G122/><T62/><D18/><U12/><E109/><V51/><AGARI ba="0,1" hai="1,4,11,37,39,44,47,50,51,53,54,98,103,106" machi="51" ten="30,18000,2" yaku="1,1,2,1,0,1,9,1,53,2" doraHai="67" doraHaiUra="40" who="2" fromWho="2" sc="242,-60,438,-60,151,190,159,-60" /><INIT seed="2,1,0,0,3,16" ten="182,378,341,99" oya="2" hai0="11,26,34,114,54,8,22,68,57,45,37,96,35" hai1="28,5,78,80,1,124,24,40,25,59,127,44,110" hai2="52,93,12,90,92,104,30,29,112,3,111,43,9" hai3="46,2,101,98,32,87,66,117,102,135,23,56,48"/><V76/><F112/><W13/><G2/><T129/><D114/><U116/><E116/><V77/><F104/><W0/><G32/><T132/><D68/><U60/><E110/><V128/><F3/><W6/><G0/><T14/><D129/><U61/><E5/><V115/><F115/><W106/><G117/><T109/><D109/><U118/><E1/><V81/><F111/><W82/><G102/><T18/><D132/><U69/><E69/><V123/><F43/><W50/><G135/><T130/><D130/><U63/><E59/><V74/><F123/><W38/><G38/><T19/><D96/><U84/><E118/><V99/><F77/><W71/><G71/><T17/><D45/><U103/><E103/><V85/><F128/><W91/><G6/><N who="0" m="3351" /><D37/><U64/><E64/><V31/><F52/><W10/><G10/><T97/><D97/><U33/><REACH who="1" step="1"/><E24/><REACH who="1" ten="182,368,341,99" step="2"/><V62/><F62/><W122/><G122/><T53/><D57/><U58/><E58/><V49/><F49/><AGARI ba="1,1" hai="25,28,33,40,44,49,60,61,63,78,80,84,124,127" machi="49" ten="40,1300,0" yaku="1,1,53,0" doraHai="16" doraHaiUra="125" who="1" fromWho="2" sc="182,0,368,26,341,-16,99,0" /><INIT seed="3,0,0,5,3,17" ten="182,394,325,99" oya="3" hai0="49,89,53,36,70,111,50,98,102,18,133,77,124" hai1="83,91,65,23,15,116,5,78,54,37,107,27,57" hai2="32,22,123,86,21,52,1,125,80,90,16,63,20" hai3="31,68,105,122,134,38,82,42,2,55,104,14,28"/><W88/><G122/><T109/><D36/><U46/><E107/><V47/><F32/><W34/><G2/><T12/><D70/><U84/><E116/><V59/><F123/><W127/><G68/><T60/><D77/><U131/><E131/><V76/><F1/><W4/><G34/><T85/><D124/><U126/><E126/><V87/><F47/><W114/><G127/><T74/><D60/><U121/><E121/><V10/><F10/><W101/><G114/><T108/><D133/><U40/><E65/><V11/><F11/><W97/><G134/><T92/><D53/><U58/><E15/><N who="2" m="9247" /><F125/><W69/><G105/><N who="0" m="63703" /><D74/><U113/><E5/><V94/><AGARI ba="0,0" hai="21,22,52,59,63,76,80,86,87,90,94" m="9247" machi="94" ten="30,12000,2" yaku="8,1,52,3,54,2" doraHai="17" who="2" fromWho="2" sc="182,-30,394,-30,325,120,99,-60" owari="152,-24.8,364,16.4,445,54.5,39,-46.1" /></mjloggm>