<mjloggm ver="2.3"><GO type="225" lobby="0"/><UN n0="%E6%A1%9C%E8%8A%B1%E9%96%83%E3%80%85" n1="%72%61%6B%33" n2="%E3%82%B3%E3%83%90%E3%83%AC%E3%82%A4" n3="%E3%81%8B%E3%82%8F%E3%81%A1%E3%82%83%E3%82%93%35%38" dan="17,16,16,16" rate="2165.50,2148.75,2139.84,2184.37" sx="M,M,M,M"/><TAIKYOKU oya="0"/><INIT seed="0,0,0,2,3,19" ten="250,250,250,250" oya="0" hai0="133,99,93,106,122,69,17,71,38,105,3,108,103" hai1="75,100,44,29,32,24,127,88,95,41,5,74,31" hai2="87,123,36,6,54,111,102,28,46,115,131,55,79" hai3="40,33,125,97,61,26,18,9,48,134,128,43,132"/><T21/><D122/><U1/><E127/><V8/><F123/><W73/><G73/><T80/><D38/><U82/><E29/><V16/><F115/><W58/><G125/><T113/><D113/><U89/><E100/><V20/><F131/><W60/><G128/><T104/><D133/><N who="3" m="51305" /><G97/><T86/><D3/><U64/><E64/><V2/><F102/><W30/><G48/><T51/><D51/><U112/><E112/><V107/><F107/><W78/><G78/><T91/><REACH who="0" step="1"/><D108/><REACH who="0" ten="240,250,250,250" step="2"/><U7/><E1/><V50/><F111/><W72/><G72/><T57/><D57/><U109/><E109/><V47/><F36/><W23/><G58/><T13/><AGARI ba="0,1" hai="13,17,21,69,71,80,86,91,93,99,103,104,105,106" machi="13" ten="30,6000,0" yaku="1,1,0,1,52,1,53,0" doraHai="19" doraHaiUra="4" who="0" fromWho="0" sc="240,70,250,-20,250,-20,250,-20" /><INIT seed="0,1,0,2,5,59" ten="310,230,230,230" oya="0" hai0="85,28,41,16,101,93,126,77,87,36,105,71,74" hai1="54,73,110,64,123,0,70,134,76,2,40,43,102" hai2="104,133,6,89,9,5,55,17,24,84,98,107,119" hai3="90,68,61,69,4,60,21,32,129,38,75,53,45"/><T124/><D71/><N who="3" m="27209" /><G21/><T131/><D28/><U3/><E123/><V80/><F119/><W11/><G90/><N who="0" m="53455" /><D41/><U94/><E110/><V47/><F133/><W113/><G11/><T81/><D36/><U116/><E134/><V19/><F107/><W7/><G32/><T135/><D16/><U121/><E121/><V35/><F35/><W78/><G4/><T79/><D135/><U10/><E116/><V114/><F114/><W67/><G7/><T111/><D111/><U127/><E10/><V103/><F19/><W13/><G13/><T22/><D22/><U26/><E26/><V128/><F128/><W30/><G30/><T14/><D14/><U37/><E37/><V42/><F9/><W83/><G113/><T100/><D131/><U96/><E54/><V39/><F24/><W118/><G118/><T18/><D18/><U12/><E12/><V115/><F17/><W20/><G20/><T52/><D52/><U44/><E40/><V15/><F15/><W63/><G129/><T91/><D79/><U29/><E76/><V106/><F115/><W122/><G122/><T48/><D48/><U65/><E29/><V82/><F106/><W95/><G67/><T109/><D109/><U120/><E65/><V1/><F1/><W57/><G38/><T97/><D101/><U33/><E33/><V34/><F34/><W86/><G45/><T58/><D58/><U31/><E31/><V25/><F25/><W23/><G23/><T108/><D108/><U51/><E120/><V46/><F6/><W8/><G8/><T125/><D125/><U49/><E127/><RYUUKYOKU ba="1,0" sc="310,15,230,-15,230,-15,230,15" hai0="74,77,81,87,91,97,100,105,124,126" hai3="53,57,60,61,63,75,78,83,86,95" /><INIT seed="0,2,0,2,1,127" ten="325,215,215,245" oya="0" hai0="98,47,129,56,93,132,90,37,43,128,36,83,95" hai1="79,120,63,7,20,75,88,34,76,123,12,25,109" hai2="16,22,49,18,44,73,15,89,23,33,6,40,0" hai3="45,60,5,19,66,70,124,113,71,41,29,68,117"/><T9/><D132/><U107/><E109/><V2/><F73/><W112/><G5/><T54/><D37/><U8/><E107/><V84/><F33/><W53/><G19/><T26/><D9/><U96/><E34/><V32/><F6/><W100/><G100/><T103/><D26/><U104/><E79/><V118/><F32/><W94/><G94/><T119/><D119/><U74/><E63/><V131/><F118/><W115/><G29/><T122/><D122/><U133/><E133/><V110/><F110/><W1/><G1/><T111/><D83/><U3/><E3/><V13/><F131/><N who="0" m="50250" /><D111/><U27/><E27/><V102/><F102/><W52/><G117/><T80/><D80/><AGARI ba="2,0" hai="0,2,13,15,16,18,22,23,40,44,49,80,84,89" machi="80" ten="30,3900,0" yaku="7,1,9,1,54,1" doraHai="127" who="2" fromWho="0" sc="325,-45,215,0,215,45,245,0" /><INIT seed="1,0,0,3,3,126" ten="280,215,260,245" oya="1" hai0="3,69,36,73,123,65,111,101,40,28,58,118,18" hai1="24,89,130,7,127,53,57,72,97,47,110,109,5" hai2="26,2,88,114,55,103,0,99,96,46,131,128,9" hai3="62,4,13,135,120,44,23,51,124,20,64,30,32"/><U98/><E127/><V48/><F114/><W68/><G120/><T25/><D118/><U85/><E72/><V77/><F77/><W94/><G124/><T100/><D123/><U116/><E116/><V104/><F26/><W60/><G135/><T122/><D122/><U16/><E47/><V112/><F112/><W66/><G32/><T134/><D3/><U87/><E130/><N who="2" m="49707" /><F9/><W17/><G4/><T59/><D18/><U42/><E5/><V37/><F37/><W38/><G94/><AGARI ba="0,0" hai="0,2,46,48,55,88,94,96,99,103,104" m="49707" machi="94" ten="30,8000,1" yaku="19,1,52,3,54,1" doraHai="126" who="2" fromWho="3" sc="280,0,215,0,260,80,245,-80" /><INIT seed="2,0,0,1,3,42" ten="280,215,340,165" oya="2" hai0="55,39,66,7,81,56,89,29,94,9,100,90,51" hai1="101,6,134,67,14,105,106,102,110,8,44,93,10" hai2="112,74,25,46,24,124,129,78,4,21,119,35,75" hai3="132,135,122,133,70,20,22,63,43,115,85,40,12"/><V23/><F119/><W47/><G122/><T68/><D39/><U30/><E110/><V130/><F112/><W77/><G115/><T127/><D127/><U61/><E134/><V73/><F78/><W27/><G43/><T82/><D29/><U113/><E113/><V123/><F4/><W53/><G12/><N who="0" m="5183" /><D68/><U125/><E125/><V49/><F124/><W13/><G13/><T15/><D66/><U19/><E30/><V80/><F80/><N who="0" m="30826" /><D15/><U11/><E106/><V88/><F123/><W86/><G77/><T45/><D56/><U76/><E105/><V65/><F65/><W50/><G20/><N who="2" m="7753" /><F88/><N who="0" m="33898" /><D94/><U116/><E93/><V48/><F35/><W83/><G83/><T118/><D118/><U37/><E76/><V41/><F49/><W95/><G95/><T84/><D84/><U69/><E116/><V96/><F96/><W117/><G117/><T126/><D126/><U52/><E37/><V103/><F103/><AGARI ba="0,0" hai="45,51,55,100,103" m="33898,30826,5183" machi="103" ten="30,3900,0" yaku="8,1,52,1,54,1" doraHai="42" who="0" fromWho="2" sc="280,39,215,0,340,-39,165,0" /><INIT seed="3,0,0,0,5,10" ten="319,215,301,165" oya="3" hai0="1,59,65,94,98,16,89,3,46,99,90,0,118" hai1="95,80,63,103,47,100,42,130,2,31,67,134,96" hai2="78,122,75,23,86,28,71,51,133,15,114,14,121" hai3="5,106,52,116,76,113,82,50,111,30,53,129,115"/><W56/><G116/><T24/><D118/><U127/><E2/><V39/><F71/><W107/><G129/><T54/><D65/><U13/><E127/><V22/><F39/><W131/><G131/><T84/><D46/><U45/><E134/><V35/><F75/><W73/><G111/><T41/><D41/><U40/><E31/><V132/><F35/><W9/><G30/><T88/><D98/><U62/><E80/><N who="2" m="47383" /><F51/><W18/><G18/><T66/><D66/><U36/><E130/><V26/><F114/><W49/><G113/><T117/><D117/><U77/><E77/><V69/><F69/><W109/><G109/><T104/><D104/><U85/><E85/><V25/><F26/><W33/><G33/><T8/><D84/><U7/><E103/><V32/><F32/><W93/><G93/><T125/><D125/><U34/><E67/><V60/><F60/><W87/><G73/><T112/><D112/><U48/><E34/><V38/><F38/><W126/><G126/><T68/><D68/><U108/><E108/><V17/><F15/><W4/><G115/><T120/><D120/><AGARI ba="0,0" hai="14,17,22,23,25,28,120,121,122,132,133" m="47383" machi="120" ten="30,2000,0" yaku="13,1,52,1" doraHai="10" who="2" fromWho="0" sc="319,-20,215,0,301,20,165,0" owari="299,9.9,215,-18.5,321,42.1,165,-33.5" /></mjloggm>