<mjloggm ver="2.3"><GO type="225" lobby="0"/><UN n0="%77%72%77%72%77%72%77%72" n1="%E7%B4%94%E6%BD%94%E3%83%94%E3%83%A9%E3%83%8B%E3%82%A2" n2="%E3%83%A9%E3%82%B9%E7%8E%87%EF%BC%93%E5%89%B2" n3="%4C%4F%4C%49%54%41" dan="17,17,17,16" rate="2107.89,2228.87,2190.83,2082.05" sx="M,M,F,F"/><TAIKYOKU oya="0"/><INIT seed="0,0,0,4,1,69" ten="250,250,250,250" oya="0" hai0="107,75,71,3,70,22,30,81,34,83,125,135,84" hai1="68,105,86,51,46,121,129,59,114,122,16,102,87" hai2="79,106,40,42,133,58,64,98,103,85,111,57,72" hai3="25,91,74,116,94,54,28,78,33,112,9,31,61"/><T128/><D107/><U132/><E68/><V12/><F111/><W41/><G112/><T76/><D3/><U127/><E114/><V1/><F1/><W115/><G115/><T0/><D0/><U73/><E73/><V27/><F133/><W120/><G116/><T65/><D135/><U90/><E87/><V39/><F72/><W35/><G120/><T92/><D34/><U10/><E59/><V17/><F27/><W131/><G131/><T67/><D128/><U2/><E127/><V123/><F64/><W24/><G9/><T96/><D125/><U130/><E2/><V49/><F123/><W56/><G41/><T48/><D70/><U5/><E5/><V113/><F113/><W88/><REACH who="3" step="1"/><G94/><REACH who="3" ten="250,250,250,240" step="2"/><T89/><D71/><U134/><E129/><V20/><F42/><W108/><G108/><T13/><D48/><U60/><E130/><V44/><REACH who="2" step="1"/><F49/><REACH who="2" ten="250,250,240,240" step="2"/><W109/><G109/><T63/><D63/><U43/><E60/><V117/><F117/><W95/><G95/><T38/><D38/><U126/><E126/><V55/><F55/><W124/><G124/><T100/><REACH who="0" step="1"/><D30/><REACH who="0" ten="240,250,240,240" step="2"/><U18/><E134/><V8/><F8/><W15/><G15/><T52/><D52/><U99/><E132/><V110/><F110/><W32/><G32/><T19/><AGARI ba="0,3" hai="13,19,22,65,67,75,76,81,83,84,89,92,96,100" machi="19" ten="30,3000,0" yaku="1,1,0,1,53,0" doraHai="69" doraHaiUra="66" who="0" fromWho="0" sc="240,60,250,-10,240,-10,240,-10" /><INIT seed="0,1,0,0,5,74" ten="300,240,230,230" oya="0" hai0="29,120,61,125,66,55,51,41,30,32,105,0,65" hai1="16,12,70,95,13,119,54,63,35,76,38,91,88" hai2="93,58,123,79,9,31,6,73,60,86,62,44,104" hai3="3,26,75,121,102,47,42,106,8,129,18,4,108"/><T127/><D105/><U7/><E35/><V80/><F123/><W10/><G108/><T17/><D120/><U19/><E38/><V84/><F104/><W135/><G121/><T103/><D0/><U49/><E119/><V115/><F115/><W101/><G129/><T23/><D103/><U131/><E131/><V15/><F31/><N who="0" m="11786" /><D32/><U97/><E70/><V94/><F60/><W20/><G135/><T132/><D132/><U40/><E76/><V50/><F84/><W110/><G110/><T83/><D41/><U114/><E114/><V100/><F100/><W130/><G130/><T56/><D83/><U89/><E63/><V71/><F73/><W85/><G106/><T128/><D128/><U43/><E7/><V69/><F69/><W33/><G33/><T45/><D127/><U25/><E25/><V5/><F5/><W77/><G10/><T107/><D107/><U126/><E126/><V134/><F71/><W1/><G1/><T21/><D21/><N who="1" m="11399" /><E43/><N who="2" m="24863" /><F134/><W53/><G53/><AGARI ba="1,0" hai="6,9,15,53,58,62,79,80,86,93,94" m="24863" machi="53" ten="30,3900,0" yaku="25,1,8,1,52,1" doraHai="74" who="2" fromWho="3" sc="300,0,240,0,230,42,230,-42" /><INIT seed="1,0,0,0,2,107" ten="300,240,272,188" oya="1" hai0="50,129,27,93,128,63,134,117,71,116,35,61,75" hai1="89,135,103,26,79,82,51,97,20,111,84,67,33" hai2="57,87,94,70,112,126,48,16,66,42,118,55,34" hai3="100,18,2,69,124,83,10,95,65,113,122,110,86"/><U104/><E135/><V45/><F34/><W102/><G122/><T92/><D134/><U74/><E111/><V80/><F118/><N who="0" m="45674" /><D50/><U62/><E51/><V24/><F126/><W78/><G113/><T49/><D49/><U130/><E130/><N who="0" m="50281" /><D75/><U52/><E52/><V77/><F112/><W13/><G124/><T76/><D76/><U41/><E41/><V114/><F114/><W36/><G36/><T105/><D105/><U21/><E33/><V132/><F132/><W29/><G110/><T98/><D71/><U96/><E96/><V38/><F94/><N who="0" m="36458" /><D98/><U109/><E109/><V72/><F87/><W3/><G69/><T73/><D73/><U43/><E43/><V133/><F133/><W64/><G2/><T46/><D46/><U101/><E101/><V39/><F39/><W127/><G127/><T44/><D44/><U9/><E9/><V11/><F11/><W119/><G119/><T68/><D68/><U37/><E37/><V5/><F5/><W123/><G3/><T56/><D56/><U120/><E120/><V115/><F115/><W121/><G121/><T4/><D4/><U8/><E8/><V22/><REACH who="2" step="1"/><F70/><REACH who="2" ten="300,240,262,188" step="2"/><W31/><G123/><T32/><D32/><U106/><E104/><V99/><F99/><N who="3" m="59519" /><G102/><T30/><AGARI ba="0,1" hai="27,30,35,61,63" m="36458,50281,45674" machi="30" ten="40,1500,0" yaku="19,1" doraHai="107" who="0" fromWho="0" sc="300,25,240,-7,262,-4,188,-4" /><INIT seed="2,0,0,5,5,4" ten="325,233,258,184" oya="2" hai0="13,115,21,69,104,133,32,89,18,42,125,95,3" hai1="81,74,108,112,40,56,75,14,85,31,45,62,19" hai2="12,24,38,105,106,36,53,98,128,82,84,79,0" hai3="118,39,90,44,110,61,124,73,48,132,10,83,78"/><V16/><F0/><W9/><G118/><T116/><D115/><U43/><E31/><V65/><F128/><W54/><G110/><T29/><D69/><U87/><E108/><V2/><F2/><W121/><G121/><T34/><D3/><U97/><E97/><V76/><F65/><W92/><G132/><T41/><D104/><U109/><E85/><V15/><F98/><W127/><G39/><T17/><D133/><U52/><E112/><V86/><F24/><W111/><G111/><T113/><D113/><U129/><E129/><V93/><F93/><W28/><G28/><T123/><D123/><U134/><E134/><V5/><F53/><W70/><G70/><T67/><D67/><U55/><E109/><V126/><F5/><W107/><G61/><T68/><D68/><U37/><E43/><V59/><F59/><W130/><G107/><T50/><D125/><N who="3" m="48201" /><G130/><T63/><D63/><U88/><E55/><V101/><F126/><W7/><G7/><T117/><D18/><U91/><E91/><V120/><F120/><W51/><G51/><T58/><D29/><U35/><E35/><V1/><F1/><W103/><G103/><T25/><D32/><U122/><E122/><V46/><F101/><W60/><G60/><T11/><D34/><U119/><E119/><V71/><F71/><W66/><G66/><T135/><D135/><U64/><E64/><V33/><F33/><W30/><G30/><N who="0" m="17711" /><D117/><U23/><AGARI ba="0,0" hai="14,19,23,37,40,45,52,56,62,74,75,81,87,88" machi="23" ten="20,5200,0" yaku="0,1,7,1,54,2" doraHai="4" who="1" fromWho="1" sc="325,-13,233,52,258,-26,184,-13" /><INIT seed="3,0,0,3,5,112" ten="312,285,232,171" oya="3" hai0="106,105,90,13,24,126,134,107,84,87,119,88,70" hai1="26,34,23,98,135,82,40,7,12,15,67,64,102" hai2="114,14,110,47,122,4,60,39,61,22,51,32,97" hai3="63,100,19,52,72,55,78,30,69,59,89,91,75"/><W38/><G38/><T6/><D119/><U131/><E34/><V10/><F32/><W36/><G36/><T56/><D70/><U79/><E40/><V3/><F39/><W93/><G30/><T83/><D134/><U85/><E131/><V20/><F114/><W115/><G115/><T113/><D113/><U117/><E117/><V5/><F110/><W17/><G69/><T71/><D71/><U86/><E86/><V123/><F4/><W111/><G111/><T118/><D118/><U41/><E41/><V50/><F50/><W103/><G93/><T95/><D126/><U80/><E80/><V42/><F97/><W124/><G59/><T94/><D56/><U57/><E7/><V27/><F3/><W58/><G58/><T9/><D24/><U33/><E33/><V96/><F96/><W43/><G43/><T49/><D49/><U125/><E135/><V44/><F20/><W46/><G78/><T92/><AGARI ba="0,0" hai="6,9,13,83,84,87,88,90,92,94,95,105,106,107" machi="92" ten="40,2700,0" yaku="0,1,54,1" doraHai="112" who="0" fromWho="0" sc="312,27,285,-7,232,-7,171,-13" owari="339,43.9,278,7.8,225,-17.5,158,-34.2" /></mjloggm>