<mjloggm ver="2.3"><GO type="225" lobby="0"/><UN n0="%E4%B8%8B%E6%AE%B5%E3%83%81%E3%82%A7%E3%83%AA%E3%83%BC" n1="%E3%83%A9%E3%83%BC%E3%83%A1%E3%83%B3%E4%BA%94%E9%83%8E" n2="%E3%81%95%E3%81%8D%E3%81%9F%E3%81%BE%E6%9E%97%E6%AA%8E" n3="%E3%83%96%E3%83%83%E3%83%91%E3%82%AA%E3%83%96%E3%83%81%E3%82%AD%E3%83%B3" dan="16,16,16,17" rate="2120.91,2161.58,2111.72,2157.87" sx="M,M,M,M"/><TAIKYOKU oya="0"/><INIT seed="0,0,0,2,3,65" ten="250,250,250,250" oya="0" hai0="61,53,51,62,126,88,85,56,44,81,107,14,43" hai1="103,135,116,38,11,1,83,133,46,49,37,39,21" hai2="50,132,7,60,84,25,78,124,27,15,13,30,42" hai3="100,120,45,67,52,101,82,125,36,87,54,71,95"/><T32/><D126/><U131/><E116/><V4/><F124/><W10/><G125/><T40/><D32/><U18/><E131/><V59/><F132/><N who="1" m="50761" /><E103/><V75/><F75/><W69/><G120/><T123/><D123/><U109/><E109/><V70/><F70/><W79/><G67/><T0/><D0/><U16/><E83/><N who="2" m="47223" /><F30/><W77/><G10/><T41/><D107/><U104/><E104/><V98/><F98/><W115/><G115/><T90/><D14/><N who="2" m="5130" /><F50/><W74/><G36/><T35/><D35/><U6/><E21/><V118/><F42/><AGARI ba="0,0" hai="1,6,11,16,18,37,38,39,42,46,49" m="50761" machi="42" ten="40,2600,0" yaku="20,1,54,1" doraHai="65" who="1" fromWho="2" sc="250,0,250,26,250,-26,250,0" /><INIT seed="1,0,0,1,0,87" ten="250,276,224,250" oya="1" hai0="73,100,106,3,104,126,127,122,108,45,22,98,125" hai1="101,54,50,120,88,38,133,69,30,49,132,134,27" hai2="47,107,70,113,39,0,58,23,34,43,111,44,16" hai3="105,12,110,121,128,62,131,84,56,21,33,95,67"/><U32/><E120/><V68/><F34/><W14/><G121/><T61/><D122/><U7/><E38/><V55/><F107/><W6/><G33/><T82/><D3/><U63/><E101/><V28/><F0/><W17/><G105/><N who="0" m="63639" /><D108/><U4/><E69/><V37/><F111/><W57/><G110/><T96/><D22/><U8/><E63/><V65/><F28/><W10/><REACH who="3" step="1"/><G57/><REACH who="3" ten="250,276,224,240" step="2"/><T11/><D106/><U29/><E32/><V36/><F58/><W76/><G76/><T25/><D104/><U72/><E133/><V75/><F70/><W79/><G79/><T135/><D135/><U81/><E134/><V77/><F68/><W15/><G15/><T26/><D127/><U117/><E132/><V118/><F77/><W93/><G93/><T51/><D126/><U52/><E117/><V90/><F118/><W42/><G42/><T94/><D125/><U31/><E27/><V71/><F43/><W89/><AGARI ba="0,1" hai="6,10,12,14,17,21,56,62,67,84,89,95,128,131" machi="89" ten="30,4000,0" yaku="1,1,0,1,52,1,53,0" doraHai="87" doraHaiUra="130" who="3" fromWho="3" sc="250,-10,276,-20,224,-10,240,50" /><INIT seed="2,0,0,4,4,123" ten="240,256,214,290" oya="2" hai0="86,72,113,30,122,127,10,59,130,125,99,102,82" hai1="41,5,112,25,77,3,81,132,70,11,88,56,29" hai2="14,22,7,23,4,87,78,95,38,117,109,26,65" hai3="8,32,12,108,40,71,46,120,57,24,51,110,115"/><V9/><F38/><W69/><G120/><T1/><D122/><U121/><E112/><V94/><F117/><W133/><G133/><T93/><D113/><U101/><E121/><V58/><F7/><W111/><G115/><T129/><D30/><U66/><E70/><V45/><F45/><W85/><G57/><T61/><D61/><U15/><E101/><V60/><F109/><W76/><G24/><T79/><D59/><U27/><E41/><V75/><F75/><W131/><G32/><T124/><D10/><U37/><E37/><V100/><F100/><W103/><G131/><N who="0" m="50187" /><D1/><U34/><E3/><V90/><F78/><W126/><G126/><T106/><D106/><U83/><E56/><V39/><F39/><W44/><G103/><T96/><D96/><U54/><E66/><V2/><F2/><W20/><G20/><T43/><D43/><U18/><E29/><N who="2" m="17623" /><F23/><W114/><G46/><T49/><D49/><U98/><E34/><V17/><F4/><N who="3" m="3079" /><G114/><T97/><D97/><U52/><E5/><V128/><F128/><W50/><G51/><T47/><D47/><U80/><E132/><V119/><F119/><W73/><G73/><AGARI ba="0,0" hai="72,73,79,82,86,93,99,102,124,125,127" m="50187" machi="73" ten="40,8000,1" yaku="18,1,19,1,34,2" doraHai="123" who="0" fromWho="3" sc="240,80,256,0,214,0,290,-80" /><INIT seed="3,0,0,2,0,56" ten="320,256,214,210" oya="3" hai0="40,67,75,25,20,0,107,52,91,72,103,8,9" hai1="3,11,27,48,68,88,118,124,17,135,102,126,131" hai2="95,19,28,47,79,127,129,37,57,10,121,113,1" hai3="87,45,13,50,116,119,120,83,55,26,61,76,15"/><W132/><G120/><T29/><D40/><U125/><E131/><V101/><F113/><W90/><G132/><T24/><D67/><U18/><E135/><V30/><F121/><W44/><G119/><T98/><D91/><U109/><E109/><V21/><F129/><W7/><G116/><T82/><D82/><U32/><E118/><V122/><F122/><W130/><G130/><T46/><D24/><U134/><E134/><V115/><F115/><W60/><G26/><T81/><D81/><U96/><E68/><V70/><F70/><W65/><G7/><T53/><D9/><U117/><E117/><V16/><F79/><W41/><G76/><T69/><D69/><U106/><E48/><V22/><F127/><W34/><G34/><T12/><D0/><U43/><E43/><V74/><F74/><W85/><G85/><T99/><D99/><U5/><E88/><V63/><F1/><W64/><G64/><T62/><D53/><U93/><E106/><V4/><F4/><W108/><G108/><T31/><D31/><AGARI ba="0,0" hai="3,5,11,17,18,27,31,32,93,96,102,124,125,126" machi="31" ten="40,1300,0" yaku="18,1" doraHai="56" who="1" fromWho="0" sc="320,-13,256,13,214,0,210,0" owari="307,40.7,269,6.9,214,-18.6,210,-29.0" /></mjloggm>