<mjloggm ver="2.3"><GO type="225" lobby="0"/><UN n0="%E7%99%BD%E5%80%89%E5%AF%9B%E4%B9%8B" n1="%E6%A0%B9%E5%85%83%E3%81%8B%E3%82%89%E5%90%B9%E3%81%A3%E9%A3%9B%E3%81%B6" n2="%E7%B4%94%E6%BD%94%E3%83%94%E3%83%A9%E3%83%8B%E3%82%A2" n3="%E3%81%99%E3%81%84%E3%81%BE%E3%81%9B%E3%83%BC%E3%82%93" dan="16,16,17,18" rate="2171.59,2165.72,2190.72,2183.55" sx="M,F,M,M"/><TAIKYOKU oya="0"/><INIT seed="0,0,0,3,1,32" ten="250,250,250,250" oya="0" hai0="51,109,90,8,20,35,118,77,39,112,94,126,10" hai1="5,19,99,72,2,37,124,59,83,105,76,86,81" hai2="89,113,62,0,104,36,57,100,125,60,79,101,129" hai3="40,120,22,28,70,87,67,107,25,13,53,11,66"/><T121/><D35/><U3/><E124/><V29/><F60/><W103/><G120/><T97/><D39/><U50/><E37/><V47/><F62/><W132/><G132/><T96/><D121/><U41/><E5/><V114/><F100/><W24/><G70/><T49/><D118/><U6/><E6/><V119/><F101/><W18/><G40/><T52/><D126/><U9/><E105/><V128/><F57/><W131/><G131/><T134/><D112/><U64/><E99/><V127/><F47/><W45/><G107/><T82/><D134/><U73/><E64/><V55/><F104/><W23/><G103/><T14/><D97/><U34/><E34/><V56/><F56/><W71/><G87/><N who="0" m="48591" /><D49/><U84/><E73/><V75/><F75/><W115/><G71/><T63/><D63/><U44/><E59/><V110/><F36/><W95/><G115/><T85/><D96/><U42/><E42/><V108/><F79/><W4/><REACH who="3" step="1"/><G95/><REACH who="3" ten="250,250,250,240" step="2"/><T54/><D109/><U102/><E102/><V65/><F110/><W122/><G122/><T30/><D94/><U48/><E72/><V123/><F108/><W80/><G80/><T117/><D85/><U17/><E84/><V61/><F125/><W7/><G7/><T15/><D117/><U93/><E93/><V38/><F127/><W33/><G33/><T27/><D90/><U106/><E106/><V21/><F113/><W135/><G135/><T68/><D68/><U130/><E86/><V26/><F114/><W98/><G98/><T92/><D92/><U58/><E83/><V12/><F119/><RYUUKYOKU ba="0,1" sc="250,-10,250,-10,250,-10,240,30" hai3="4,11,13,18,22,23,24,25,28,45,53,66,67" /><INIT seed="1,1,1,2,1,120" ten="240,240,240,270" oya="1" hai0="49,134,92,129,121,30,40,24,53,132,16,20,131" hai1="7,79,69,87,63,6,101,50,105,39,130,46,52" hai2="76,23,82,10,47,90,91,128,12,1,108,84,29" hai3="42,114,17,27,31,2,37,9,33,75,35,66,67"/><U61/><E130/><N who="0" m="49673" /><D121/><U118/><E118/><V3/><F128/><W56/><G114/><T123/><D123/><U14/><E39/><V110/><F47/><W124/><G124/><T96/><D40/><U74/><E74/><V22/><F1/><W65/><G33/><T93/><D30/><U11/><E69/><V36/><F3/><W98/><G75/><T119/><D119/><U133/><E133/><N who="0" m="51305" /><D96/><U34/><E34/><V107/><F107/><W117/><G98/><T59/><AGARI ba="1,1" hai="16,20,24,49,53,59,92,93" m="51305,49673" machi="59" ten="30,4000,0" yaku="19,1,20,1,54,1" doraHai="120" who="0" fromWho="0" sc="240,53,240,-21,240,-11,270,-11" /><INIT seed="2,0,0,2,4,85" ten="293,219,229,259" oya="2" hai0="52,111,101,20,104,42,134,7,0,15,127,44,113" hai1="59,116,64,66,36,46,16,38,135,62,110,48,124" hai2="55,22,68,3,77,17,49,53,51,118,1,91,12" hai3="103,28,106,21,25,30,60,73,5,100,35,41,125"/><V128/><F118/><W54/><G125/><T90/><D127/><U10/><E116/><V13/><F68/><W94/><G73/><T6/><D0/><U86/><E124/><V132/><F77/><W26/><G106/><T74/><D74/><U123/><E123/><V83/><F128/><W78/><G41/><T119/><D119/><U18/><E110/><V57/><F132/><W33/><G78/><T58/><D134/><U24/><E135/><V79/><F13/><W117/><G117/><T97/><D111/><U133/><E133/><V11/><F22/><W34/><G5/><T114/><D7/><U112/><E112/><V56/><REACH who="2" step="1"/><F91/><REACH who="2" ten="293,219,219,259" step="2"/><W96/><G103/><T120/><D20/><U29/><E10/><V27/><F27/><W122/><G122/><T107/><D120/><U98/><E24/><V130/><F130/><W37/><G26/><T72/><D15/><U84/><E29/><V70/><F70/><W32/><G32/><T126/><D126/><U9/><E9/><V45/><F45/><W71/><G71/><T129/><D129/><U115/><E46/><V99/><F99/><W31/><G30/><T109/><D44/><U43/><E98/><V75/><AGARI ba="0,1" hai="1,3,11,12,17,49,51,53,55,56,57,75,79,83" machi="75" ten="20,7800,0" yaku="1,1,0,1,7,1,9,1,53,0" doraHai="85" doraHaiUra="88" who="2" fromWho="2" sc="293,-26,219,-26,219,88,259,-26" /><INIT seed="2,1,0,0,4,16" ten="267,193,307,233" oya="2" hai0="20,41,95,21,120,73,14,84,70,28,118,90,64" hai1="83,127,107,82,8,13,123,101,6,77,44,58,76" hai2="45,116,23,81,48,87,75,7,103,40,18,11,9" hai3="39,57,0,17,96,26,130,78,106,133,119,88,100"/><V42/><F116/><W74/><G119/><T132/><D73/><U51/><E127/><V36/><F75/><W12/><G39/><T110/><D118/><U65/><E123/><V97/><F7/><W124/><G0/><T50/><D120/><U59/><E107/><V52/><F36/><W56/><G124/><T1/><D1/><U15/><E101/><V34/><F34/><W99/><G130/><T46/><D110/><U71/><E71/><V114/><F114/><W33/><G133/><T62/><D132/><U126/><E126/><V91/><F9/><W105/><G78/><T85/><D28/><U117/><E117/><V47/><F47/><W53/><G74/><T111/><D111/><U122/><E122/><V22/><F11/><W79/><G79/><T98/><REACH who="0" step="1"/><D14/><REACH who="0" ten="257,193,307,233" step="2"/><U72/><E15/><V55/><F40/><W94/><G12/><T80/><D80/><U125/><E125/><V131/><F131/><W128/><G128/><T35/><D35/><U61/><E82/><V69/><F69/><W89/><G33/><T104/><D104/><U38/><E83/><V93/><F22/><AGARI ba="1,1" hai="20,21,22,41,46,50,62,64,70,84,85,90,95,98" machi="22" ten="40,8000,1" yaku="1,1,52,3,53,0" doraHai="16" doraHaiUra="109" who="0" fromWho="2" sc="257,93,193,0,307,-83,233,0" /><INIT seed="3,0,0,0,2,105" ten="350,193,224,233" oya="3" hai0="78,77,69,28,34,94,125,48,111,133,131,67,33" hai1="26,42,39,57,119,36,130,109,134,122,46,135,51" hai2="81,19,86,50,64,14,23,2,128,13,40,65,91" hai3="118,32,49,61,22,62,15,117,79,88,84,12,59"/><W66/><G32/><T27/><D34/><U74/><E26/><N who="2" m="14719" /><F2/><W132/><G132/><N who="1" m="50730" /><E122/><V92/><F128/><W98/><G118/><T11/><D11/><U35/><E35/><V108/><F108/><W102/><G117/><T73/><D94/><U104/><E104/><V93/><F50/><W100/><G62/><T97/><D78/><U20/><E20/><V110/><F40/><W101/><G79/><T107/><D48/><N who="1" m="26711" /><E119/><V87/><F92/><N who="3" m="58439" /><G49/><T55/><D133/><U43/><E109/><V30/><F30/><W70/><G70/><T8/><D28/><U124/><E74/><V56/><F110/><W16/><G15/><N who="2" m="5641" /><F56/><W103/><G102/><T121/><D111/><U126/><E130/><V25/><F25/><W127/><G127/><N who="1" m="48682" /><E57/><V21/><F21/><W112/><G112/><T53/><D131/><U47/><AGARI ba="0,0" hai="36,39,43,47,51" m="48682,26711,50730" machi="47" ten="40,8000,1" yaku="20,1,18,1,34,2" doraHai="105" who="1" fromWho="1" sc="350,-20,193,80,224,-20,233,-40" owari="330,43.0,273,7.3,204,-19.6,193,-30.7" /></mjloggm>