<mjloggm ver="2.3"><GO type="225" lobby="0"/><UN n0="%E6%81%A5%E6%99%92%E3%81%97" n1="%E3%82%A2%E3%82%A4%E3%82%B9%E3%83%86%E3%82%A3%E3%83%BC%E3%81%82%E3%81%B9" n2="%E3%83%A9%E3%82%A4%E3%83%B3%E3%81%AE%E8%99%8E" n3="%72%69%6F%75%63%68%61%6E" dan="17,16,16,16" rate="2196.76,2081.61,2162.53,2120.00" sx="M,M,M,M"/><TAIKYOKU oya="0"/><INIT seed="0,0,0,0,0,85" ten="250,250,250,250" oya="0" hai0="116,72,121,83,8,1,51,25,118,3,135,88,101" hai1="17,70,68,11,81,46,103,113,93,18,127,5,67" hai2="20,38,47,41,58,65,109,21,76,107,74,133,134" hai3="50,122,37,100,130,108,13,92,106,28,15,99,98"/><T115/><D115/><U53/><E127/><V69/><F107/><W2/><G108/><T45/><D121/><U86/><E113/><V71/><F109/><W73/><G130/><T52/><D135/><N who="2" m="51722" /><F76/><W123/><G37/><T104/><D25/><U110/><E110/><V42/><F74/><W97/><G2/><T34/><D34/><U33/><E33/><V94/><F94/><W119/><G119/><T55/><D72/><U57/><E46/><N who="2" m="23863" /><F20/><W78/><G28/><T126/><D126/><U43/><E43/><V84/><F21/><W111/><G111/><T77/><D77/><U16/><E67/><V112/><F84/><W128/><G128/><T96/><D55/><U40/><E40/><V61/><F112/><W54/><G99/><T95/><D83/><U89/><E103/><V102/><F102/><W87/><G73/><T79/><D79/><U60/><REACH who="1" step="1"/><E81/><REACH who="1" ten="250,240,250,250" step="2"/><V62/><F62/><W14/><G78/><T30/><D116/><U124/><E124/><V91/><F91/><W90/><REACH who="3" step="1"/><G98/><REACH who="3" ten="250,240,250,240" step="2"/><T44/><D118/><U19/><N who="1" m="4096" /><DORA hai="129" /><U4/><E4/><V22/><F22/><W9/><G9/><T82/><D8/><U64/><E64/><V56/><F71/><W39/><G39/><AGARI ba="0,2" hai="39,42,47,56,58,61,65,69" m="23863,51722" machi="39" ten="30,12000,2" yaku="20,1,34,2,52,3" doraHai="85,129" who="2" fromWho="3" sc="250,0,240,0,250,140,240,-120" /><INIT seed="1,0,0,2,4,130" ten="250,240,390,120" oya="1" hai0="132,100,68,84,106,0,92,82,113,125,56,23,67" hai1="11,73,30,59,114,134,32,61,110,20,77,91,35" hai2="122,31,28,24,64,116,54,78,102,99,2,115,69" hai3="44,70,62,98,94,50,46,88,4,74,76,42,41"/><U34/><E114/><V45/><F116/><W37/><G4/><T109/><D113/><U36/><E36/><V90/><F115/><W85/><G74/><T26/><D109/><U97/><E110/><V40/><F122/><W80/><G62/><T135/><D125/><U96/><E134/><N who="0" m="51241" /><D0/><U55/><E11/><V79/><F90/><W29/><G29/><T27/><D68/><U49/><E91/><V7/><F54/><W105/><REACH who="3" step="1"/><G105/><REACH who="3" ten="250,240,390,110" step="2"/><T17/><D106/><U120/><E120/><V89/><F31/><W14/><G14/><T19/><D19/><U83/><REACH who="1" step="1"/><E61/><REACH who="1" ten="250,230,390,110" step="2"/><V12/><F2/><W133/><G133/><T86/><D26/><AGARI ba="0,2" hai="20,26,30,32,34,35,49,55,59,73,77,83,96,97" machi="26" ten="40,7700,0" yaku="1,1,2,1,53,1" doraHai="130" doraHaiUra="51" who="1" fromWho="0" sc="250,-77,230,97,390,0,110,0" /><INIT seed="1,1,0,0,2,72" ten="173,327,390,110" oya="1" hai0="127,128,105,95,90,1,119,32,24,80,56,100,123" hai1="55,110,82,41,73,48,40,38,23,106,96,77,74" hai2="131,10,84,8,26,44,79,2,129,39,12,33,92" hai3="59,124,133,68,31,94,9,53,3,58,0,5,45"/><U114/><E114/><V4/><F92/><W122/><G122/><T69/><D69/><U22/><E74/><V54/><F33/><W89/><G124/><T76/><D1/><U60/><E110/><V47/><F26/><W20/><G133/><T16/><D119/><U70/><E38/><V104/><F104/><W93/><G68/><T135/><D127/><U46/><E70/><V132/><F132/><W121/><G121/><T116/><D116/><U103/><E60/><V66/><F66/><W49/><G0/><T99/><D135/><U120/><E120/><V91/><F54/><W126/><G126/><T81/><D123/><U65/><REACH who="1" step="1"/><E65/><REACH who="1" ten="173,317,390,110" step="2"/><V52/><F39/><W85/><REACH who="3" step="1"/><G94/><REACH who="3" ten="173,317,390,100" step="2"/><T15/><D95/><U130/><E130/><V27/><F129/><W28/><G28/><T102/><D128/><U109/><E109/><V17/><F131/><W108/><G108/><T11/><D105/><U35/><E35/><V21/><F2/><W87/><G87/><T51/><D32/><U57/><E57/><V134/><F134/><W6/><G6/><T107/><D107/><U63/><E63/><V111/><F111/><W62/><G62/><T86/><D56/><U13/><E13/><V98/><F12/><W101/><G101/><T97/><D102/><U42/><AGARI ba="1,2" hai="22,23,40,41,42,46,48,55,73,77,82,96,103,106" machi="42" ten="30,6000,0" yaku="1,1,0,1,52,1,53,0" doraHai="72" doraHaiUra="30" who="1" fromWho="1" sc="173,-21,317,83,390,-21,100,-21" /><INIT seed="1,2,0,3,2,131" ten="152,400,369,79" oya="1" hai0="64,132,69,44,9,73,21,35,3,63,22,31,108" hai1="88,105,8,54,93,103,12,20,102,79,77,86,34" hai2="53,82,70,13,23,123,38,91,109,40,6,133,107" hai3="100,128,135,113,29,117,47,67,104,90,81,130,126"/><U97/><E34/><V59/><F123/><W42/><G113/><T121/><D121/><U129/><E129/><N who="3" m="49770" /><G67/><T122/><D122/><U74/><E103/><V27/><F70/><W68/><G68/><T1/><D73/><U4/><E74/><V110/><F107/><W61/><G61/><T99/><D108/><U17/><REACH who="1" step="1"/><E54/><REACH who="1" ten="152,390,369,79" step="2"/><V101/><F101/><W33/><G100/><T115/><D115/><U49/><E49/><V19/><F53/><W85/><G104/><T45/><D35/><U134/><E134/><V120/><F133/><W5/><G117/><T2/><D132/><U125/><E125/><V80/><F120/><W72/><G135/><T24/><D1/><AGARI ba="2,1" hai="1,4,8,12,17,20,77,79,86,88,93,97,102,105" machi="1" ten="30,11600,0" yaku="1,1,7,1,54,1,53,1" doraHai="131" doraHaiUra="98" who="1" fromWho="0" sc="152,-122,390,132,369,0,79,0" /><INIT seed="1,3,0,0,0,41" ten="30,522,369,79" oya="1" hai0="101,28,90,94,71,62,18,103,63,67,55,8,22" hai1="69,32,16,70,106,57,122,60,93,79,120,108,112" hai2="31,75,92,73,46,37,14,40,29,33,123,84,21" hai3="110,76,51,15,134,125,74,54,118,128,26,64,24"/><U126/><E106/><V7/><F123/><W6/><G110/><T116/><D116/><U12/><E112/><V109/><F109/><W135/><G118/><T38/><D28/><U17/><E32/><V91/><F33/><W105/><G105/><T65/><D38/><U89/><E108/><V130/><F130/><W58/><G128/><T0/><D8/><U121/><E79/><V44/><F7/><W115/><G115/><T80/><D80/><U56/><E56/><V19/><F31/><W114/><G114/><T2/><D2/><U81/><E81/><V61/><F29/><W27/><G125/><T25/><D0/><U23/><E17/><V43/><REACH who="2" step="1"/><F61/><REACH who="2" ten="30,522,359,79" step="2"/><W100/><G6/><T102/><D102/><U47/><E126/><V53/><F53/><W96/><G54/><T78/><D78/><U98/><E60/><V34/><F34/><W119/><G76/><T107/><D107/><U13/><E122/><V36/><AGARI ba="3,1" hai="14,19,21,36,37,40,43,44,46,73,75,84,91,92" machi="36" ten="20,12000,2" yaku="1,1,0,1,7,1,9,1,52,2,53,1" doraHai="41" doraHaiUra="82" who="2" fromWho="2" sc="30,-33,522,-63,359,139,79,-33" owari="-3,-50.3,459,25.9,498,59.8,46,-35.4" /></mjloggm>