<mjloggm ver="2.3"><GO type="225" lobby="0"/><UN n0="%4B%2E%32%2E%4B%2E" n1="%E3%80%90%E3%83%88%E3%83%AA%E3%83%A5%E3%83%95%E3%80%91" n2="%E3%81%BD%E3%81%A1%E3%81%9F%E3%81%93%E3%82%84" n3="%E6%98%93%E5%88%A9%E8%96%A9%E4%BC%AF" dan="17,16,17,16" rate="2191.23,2087.41,2227.35,2138.49" sx="M,M,M,F"/><TAIKYOKU oya="0"/><INIT seed="0,0,0,1,5,22" ten="250,250,250,250" oya="0" hai0="118,28,16,36,25,66,30,34,55,11,92,84,121" hai1="31,40,85,56,17,29,2,87,47,77,27,42,117" hai2="76,75,20,46,100,65,102,43,131,45,63,8,130" hai3="80,119,111,50,1,53,13,101,7,26,60,78,109"/><T126/><D118/><U112/><E2/><V120/><F120/><W32/><G1/><T116/><D116/><U64/><E117/><V123/><F123/><W12/><G101/><T49/><D121/><U108/><E108/><N who="3" m="41546" /><G60/><T48/><D36/><U0/><E0/><V127/><F127/><W35/><G7/><T89/><D126/><U99/><E99/><V105/><F8/><W74/><G119/><T59/><D66/><U4/><E4/><V107/><F76/><W134/><G134/><T79/><D79/><U128/><E128/><V67/><F63/><W91/><G91/><T61/><REACH who="0" step="1"/><D30/><REACH who="0" ten="240,250,250,250" step="2"/><U23/><E77/><V133/><F133/><W86/><G74/><T18/><D18/><U21/><E31/><V97/><F75/><W38/><G38/><T90/><D90/><U58/><E64/><V41/><F67/><W68/><G68/><T6/><D6/><U9/><E29/><V19/><F65/><W57/><G35/><T88/><D88/><U103/><E17/><V115/><F19/><W113/><G113/><T125/><D125/><U73/><E73/><V62/><F115/><W135/><G135/><T81/><D81/><U83/><E83/><V93/><F102/><W122/><G122/><T72/><D72/><U110/><E103/><V33/><F100/><W124/><G124/><T71/><D71/><U10/><E112/><V51/><F33/><W39/><G39/><T114/><D114/><U14/><E110/><V69/><F69/><W70/><G70/><T15/><AGARI ba="0,1" hai="11,15,16,25,28,34,48,49,55,59,61,84,89,92" machi="15" ten="30,11700,0" yaku="1,1,0,1,52,1,54,1,53,0" doraHai="22" doraHaiUra="3" who="0" fromWho="0" sc="240,127,250,-39,250,-39,250,-39" /><INIT seed="0,1,0,2,4,96" ten="367,211,211,211" oya="0" hai0="15,100,83,20,78,94,32,6,105,134,127,11,95" hai1="135,107,66,108,27,24,87,129,125,3,79,86,46" hai2="115,120,91,38,113,47,103,123,98,58,16,43,18" hai3="40,23,59,133,30,60,93,14,71,132,109,112,41"/><T117/><D117/><U35/><E108/><V67/><F91/><W131/><G71/><T64/><D32/><U26/><E107/><V49/><F120/><W69/><G69/><T90/><D127/><U114/><E35/><V2/><F2/><W28/><G112/><T8/><D134/><N who="3" m="51817" /><G131/><T70/><D20/><U104/><E104/><V74/><F74/><W39/><G39/><T101/><D105/><U45/><E3/><V85/><F123/><W111/><G93/><T25/><D25/><U80/><E135/><V81/><F113/><W92/><G92/><T89/><D94/><U72/><E129/><V7/><F7/><W65/><G14/><T128/><D128/><U68/><E125/><V12/><F98/><W44/><G44/><T19/><D64/><U73/><E114/><V21/><F115/><W99/><G99/><N who="0" m="57839" /><D70/><U36/><E36/><V121/><F121/><W84/><G84/><N who="0" m="50463" /><D78/><U97/><E97/><V62/><F38/><W55/><G65/><T106/><D106/><U10/><E66/><V126/><F126/><W76/><G76/><T13/><AGARI ba="1,0" hai="6,8,11,13,15,19,100,101" m="50463,57839" machi="13" ten="30,6000,0" yaku="8,1,52,2" doraHai="96" who="0" fromWho="0" sc="367,63,211,-21,211,-21,211,-21" /><INIT seed="0,2,0,0,3,109" ten="430,190,190,190" oya="0" hai0="3,92,104,38,77,17,47,49,121,45,37,85,46" hai1="24,118,127,9,18,25,58,20,64,52,69,34,15" hai2="108,51,99,54,128,73,101,134,81,59,16,28,80" hai3="0,102,43,70,87,2,11,130,117,29,60,71,78"/><T83/><D121/><U119/><E127/><V120/><F108/><W10/><G117/><T107/><D3/><U132/><E132/><V32/><F134/><W67/><G102/><T50/><D17/><U33/><E69/><V44/><F128/><W48/><G29/><T19/><D19/><U22/><E64/><V111/><F111/><W123/><G123/><T14/><D14/><U27/><E118/><V114/><F120/><W26/><G26/><T124/><D124/><U5/><E119/><V57/><F114/><W23/><G23/><T90/><D104/><U7/><E52/><N who="2" m="29799" /><F73/><W74/><G74/><T96/><REACH who="0" step="1"/><D107/><REACH who="0" ten="420,190,190,190" step="2"/><U131/><E131/><V39/><F28/><W122/><G2/><T82/><D82/><U89/><E34/><V105/><F32/><W56/><G0/><T1/><D1/><U66/><E33/><V6/><F105/><W115/><G130/><T100/><D100/><U113/><E113/><V61/><F6/><N who="1" m="2057" /><E89/><V125/><F125/><W8/><G115/><T35/><D35/><U13/><E15/><V41/><F101/><W42/><G122/><T88/><D88/><U62/><AGARI ba="2,1" hai="9,13,18,20,22,24,25,27,58,62,66" m="2057" machi="62" ten="30,1100,0" yaku="8,1" doraHai="109" who="1" fromWho="1" sc="420,-7,190,27,190,-5,190,-5" /><INIT seed="1,0,0,4,0,109" ten="413,217,185,185" oya="1" hai0="42,71,112,10,73,47,99,53,0,43,115,9,52" hai1="25,77,41,19,76,61,105,1,40,7,46,13,83" hai2="17,11,29,78,114,92,27,103,60,55,15,39,70" hai3="44,4,122,90,135,88,2,3,66,65,91,21,54"/><U81/><E105/><V57/><F39/><W87/><G122/><T49/><D73/><U22/><E61/><V110/><F110/><W125/><G125/><T100/><D71/><U104/><E104/><V130/><F130/><W35/><G35/><T98/><D0/><U126/><E126/><V33/><F70/><W93/><G135/><T26/><D26/><U34/><E40/><V133/><F78/><W107/><G107/><T123/><D123/><U24/><E24/><V94/><F133/><W75/><G75/><T58/><D100/><U68/><E68/><V45/><F45/><W69/><G3/><T113/><D42/><U51/><E77/><V119/><F119/><W50/><G4/><T106/><D53/><U89/><E89/><N who="3" m="34410" /><G2/><T129/><D129/><U116/><E76/><V6/><F114/><W5/><G5/><T102/><REACH who="0" step="1"/><D99/><REACH who="0" ten="403,217,185,185" step="2"/><U28/><REACH who="1" step="1"/><E116/><REACH who="1" ten="403,207,185,185" step="2"/><V23/><REACH who="2" step="1"/><F103/><REACH who="2" ten="403,207,175,185" step="2"/><W101/><G101/><T38/><AGARI ba="0,3" hai="9,10,38,43,47,49,52,58,98,102,106,112,113,115" machi="38" ten="30,16000,3" yaku="1,1,2,1,0,1,52,3,54,1,53,1" doraHai="109" doraHaiUra="97" who="0" fromWho="0" sc="403,190,207,-80,175,-40,185,-40" /><INIT seed="2,0,0,3,4,100" ten="593,127,135,145" oya="2" hai0="105,9,45,98,17,89,123,91,40,107,69,48,11" hai1="111,71,99,88,122,50,121,133,14,19,8,39,95" hai2="78,79,38,130,96,125,93,85,112,135,10,128,6" hai3="83,18,33,119,55,103,87,132,47,13,126,26,66"/><V34/><F112/><W22/><G119/><T108/><D69/><U102/><E39/><V35/><F38/><W70/><G132/><T65/><D65/><U101/><E111/><V29/><F135/><W5/><G126/><T124/><D9/><U120/><E133/><V84/><F125/><W81/><G103/><T56/><D107/><U16/><E71/><V20/><F20/><W115/><G115/><T117/><D105/><U113/><E113/><V131/><F85/><W134/><G134/><T82/><D91/><U90/><E90/><N who="2" m="55351" /><F84/><W110/><G110/><T23/><D123/><U114/><E114/><V49/><F49/><N who="3" m="29119" /><G33/><N who="2" m="12297" /><F29/><W106/><G106/><T3/><D48/><U76/><E76/><V42/><F42/><W44/><G87/><T4/><D40/><U58/><E19/><V12/><AGARI ba="0,0" hai="6,10,12,78,79,128,130,131" m="12297,55351" machi="12" ten="40,2100,0" yaku="19,1" doraHai="100" who="2" fromWho="2" sc="593,-7,127,-7,135,21,145,-7" /><INIT seed="2,1,0,2,1,7" ten="586,120,156,138" oya="2" hai0="0,45,39,91,62,100,126,79,18,73,35,120,1" hai1="90,113,111,119,77,14,130,47,21,12,74,135,109" hai2="60,5,17,92,84,134,128,70,48,20,121,23,57" hai3="13,85,116,72,31,110,53,86,28,52,29,43,97"/><V75/><F75/><W117/><G72/><T46/><D35/><U96/><E113/><V37/><F37/><W107/><G43/><T114/><D100/><U115/><E115/><V61/><F121/><W4/><G110/><N who="1" m="41994" /><E119/><V78/><F128/><W25/><G25/><T133/><D46/><U94/><E135/><V123/><F123/><W131/><G131/><T33/><D0/><U30/><E47/><V41/><F5/><W132/><G132/><T83/><D62/><U129/><E12/><V64/><F134/><W34/><G34/><T32/><D91/><U9/><E21/><V87/><F48/><W59/><G117/><T10/><D18/><N who="1" m="8527" /><E30/><V82/><F41/><W55/><G116/><T112/><D120/><U71/><E71/><V104/><F104/><W95/><G59/><T66/><D66/><U42/><E42/><V15/><F23/><W105/><G105/><T68/><D83/><AGARI ba="1,0" hai="74,77,83,90,94,96,129,130" m="8527,41994" machi="83" ten="30,2000,0" yaku="14,1,52,1" doraHai="7" who="1" fromWho="0" sc="586,-23,120,23,156,0,138,0" /><INIT seed="3,0,0,5,4,14" ten="563,143,156,138" oya="3" hai0="70,72,97,33,75,25,2,58,119,42,23,102,99" hai1="95,105,32,65,55,127,4,0,109,135,81,89,134" hai2="86,45,82,27,63,17,52,44,116,21,87,101,61" hai3="130,79,26,90,19,20,118,133,50,93,131,34,117"/><W94/><G133/><N who="1" m="50698" /><E105/><V132/><F116/><W85/><G34/><T10/><D70/><U123/><E123/><V7/><F132/><W56/><G79/><T6/><D119/><U107/><E107/><V80/><F7/><W51/><G94/><T46/><D97/><U69/><E32/><V49/><F101/><W40/><G51/><T36/><D58/><U11/><E109/><V37/><F45/><N who="3" m="25895" /><G56/><T71/><D71/><U128/><E81/><N who="2" m="31339" /><F37/><W76/><G76/><T16/><D33/><U68/><E128/><AGARI ba="0,0" hai="19,20,26,85,90,93,117,118,128,130,131" m="25895" machi="128" ten="30,2900,0" yaku="19,1,52,1" doraHai="14" who="3" fromWho="1" sc="563,0,143,-29,156,0,138,29" /><INIT seed="3,1,0,1,3,80" ten="563,114,156,167" oya="3" hai0="14,127,78,69,124,118,35,83,126,67,29,30,25" hai1="103,70,130,0,94,26,28,18,52,89,33,68,108" hai2="72,34,123,98,16,125,9,15,12,86,112,2,121" hai3="39,44,36,129,114,41,111,117,4,91,71,101,46"/><W7/><G114/><T43/><D118/><U19/><E108/><V1/><F72/><W42/><G117/><T115/><D115/><U45/><E130/><V11/><F112/><W54/><G71/><T58/><D43/><U66/><E0/><V27/><F86/><W93/><G129/><T13/><D69/><U95/><E70/><V22/><F125/><W104/><G111/><T75/><D29/><U50/><E103/><V53/><F34/><W87/><G54/><T20/><D20/><U133/><E95/><V74/><F74/><W5/><G101/><T10/><D10/><N who="2" m="3594" /><F98/><W49/><REACH who="3" step="1"/><G104/><REACH who="3" ten="563,114,156,157" step="2"/><T65/><D124/><U17/><E133/><V64/><F53/><W73/><G73/><T82/><D126/><U56/><E68/><V40/><F64/><W119/><G119/><T105/><D127/><U85/><REACH who="1" step="1"/><E66/><REACH who="1" ten="563,104,156,157" step="2"/><V32/><F121/><W57/><G57/><AGARI ba="1,2" hai="17,18,19,26,28,33,45,50,52,56,57,85,89,94" machi="57" ten="40,8000,1" yaku="1,1,2,1,52,1,54,1,53,0" doraHai="80" doraHaiUra="8" who="1" fromWho="3" sc="563,0,104,103,156,0,157,-83" owari="563,66.3,207,0.7,156,-24.4,74,-42.6" /></mjloggm>