<mjloggm ver="2.3"><GO type="225" lobby="0"/><UN n0="%72%65%6E%6B%75%6E" n1="%E7%99%BD%E5%80%89%E5%AF%9B%E4%B9%8B" n2="%E3%83%A9%E3%82%B9%E7%8E%87%EF%BC%93%E5%89%B2" n3="%E9%A6%AC%E5%BC%95%E7%81%AB%33" dan="17,16,17,16" rate="2170.84,2146.60,2181.52,2100.35" sx="M,M,F,M"/><TAIKYOKU oya="0"/><INIT seed="0,0,0,4,0,0" ten="250,250,250,250" oya="0" hai0="52,33,2,46,93,105,27,107,40,57,100,81,19" hai1="1,4,51,90,106,121,45,12,56,119,88,59,17" hai2="72,6,82,65,60,118,102,116,35,44,16,80,127" hai3="74,64,73,75,22,89,26,77,5,32,113,92,104"/><T55/><D2/><U63/><E106/><V84/><F35/><W20/><G113/><T111/><D111/><U61/><E119/><N who="2" m="45611" /><F127/><W115/><G115/><T31/><D93/><U53/><E121/><V97/><F72/><W47/><G104/><T124/><D124/><U24/><E1/><V14/><F44/><W23/><G64/><T94/><D81/><U86/><E24/><V39/><F39/><W29/><G47/><T30/><D30/><U79/><E79/><V18/><F84/><W8/><G77/><T132/><D132/><U71/><E71/><N who="2" m="42407" /><F82/><W91/><REACH who="3" step="1"/><G92/><REACH who="3" ten="250,250,250,240" step="2"/><T36/><D105/><U114/><E114/><V112/><F112/><W7/><G7/><T134/><D107/><U25/><E45/><V108/><F108/><W109/><G109/><T50/><D134/><U70/><E70/><V58/><F80/><W66/><G66/><T133/><D133/><U87/><E59/><V13/><F58/><W122/><G122/><T9/><D55/><U78/><E78/><V76/><F76/><W95/><G95/><T11/><REACH who="0" step="1"/><D19/><REACH who="0" ten="240,250,250,240" step="2"/><U42/><E17/><V43/><F18/><W3/><AGARI ba="0,2" hai="3,5,8,20,22,23,26,29,32,73,74,75,89,91" machi="3" ten="40,8000,1" yaku="1,1,0,1,52,1,53,1" doraHai="0" doraHaiUra="28" who="3" fromWho="3" sc="240,-40,250,-20,250,-20,240,100" /><INIT seed="1,0,0,3,3,110" ten="200,230,230,340" oya="1" hai0="92,0,32,44,134,91,121,61,101,55,62,35,37" hai1="115,41,116,59,71,109,112,86,94,120,63,12,18" hai2="22,15,108,33,100,129,95,30,124,49,34,72,88" hai3="135,113,122,2,28,102,60,79,9,90,74,64,24"/><U10/><E120/><V11/><F72/><W47/><G122/><T16/><D0/><U53/><E116/><V75/><F75/><W132/><G113/><T3/><D121/><U14/><E109/><V25/><F129/><W66/><G102/><T84/><D3/><U21/><E71/><V99/><F124/><W26/><G90/><T70/><D134/><N who="3" m="51241" /><G47/><T39/><D101/><U104/><E104/><V42/><F108/><W7/><G60/><T118/><D118/><U52/><E41/><V6/><F42/><W56/><G56/><T107/><D107/><U80/><E94/><V106/><REACH who="2" step="1"/><F49/><REACH who="2" ten="200,230,220,340" step="2"/><W46/><G74/><T97/><D37/><U48/><E48/><V126/><F126/><W20/><G46/><T77/><D39/><U105/><E105/><V57/><F57/><W87/><G66/><T36/><D36/><U89/><REACH who="1" step="1"/><E53/><REACH who="1" ten="200,220,220,340" step="2"/><V51/><F51/><W85/><G64/><T114/><D55/><U93/><E93/><V78/><F78/><W13/><G79/><T29/><D92/><U4/><AGARI ba="0,2" hai="4,10,12,14,18,21,52,59,63,80,86,89,112,115" machi="4" ten="20,18000,2" yaku="1,1,0,1,7,1,52,2,54,1,53,0" doraHai="110" doraHaiUra="27" who="1" fromWho="1" sc="200,-60,220,200,220,-60,340,-60" /><INIT seed="1,1,0,2,5,56" ten="140,420,160,280" oya="1" hai0="50,58,110,42,135,121,99,122,134,60,127,38,55" hai1="83,95,107,81,114,90,75,68,77,20,47,71,57" hai2="43,112,106,46,70,85,78,4,61,34,72,116,73" hai3="105,1,24,117,52,132,126,14,66,69,3,65,125"/><U40/><E107/><V100/><F34/><W59/><G105/><T109/><D38/><U10/><E114/><V6/><F116/><W111/><G111/><N who="0" m="42507" /><D127/><N who="3" m="48649" /><G117/><T94/><D94/><U36/><E81/><V45/><F112/><W76/><G132/><N who="0" m="50731" /><D99/><U9/><E20/><V27/><F27/><W26/><G76/><T12/><D12/><U118/><E118/><V91/><F6/><W130/><G130/><T131/><D131/><U39/><E39/><V86/><F4/><W123/><G123/><N who="0" m="47115" /><D42/><U97/><E10/><V21/><F43/><W7/><G14/><T88/><D88/><U29/><E9/><V108/><F91/><W87/><G87/><T41/><D41/><U129/><E129/><V80/><F86/><W49/><G7/><T13/><D13/><U119/><E119/><V5/><F85/><W67/><G24/><T18/><D18/><U15/><E15/><V31/><F5/><W84/><G84/><T63/><AGARI ba="1,0" hai="50,55,58,60,63" m="47115,50731,42507" machi="63" ten="40,12000,2" yaku="14,1,20,1,13,1,34,2,52,2" doraHai="56" who="0" fromWho="0" sc="140,123,420,-61,160,-31,280,-31" /><INIT seed="2,0,0,2,3,62" ten="263,359,129,249" oya="2" hai0="2,49,10,124,70,27,74,61,126,121,102,68,48" hai1="40,96,106,122,105,95,8,12,57,22,104,59,101" hai2="111,67,31,90,112,135,63,77,9,94,110,81,45" hai3="15,66,108,132,42,100,33,128,79,4,39,38,107"/><V46/><F112/><W114/><G15/><T98/><D74/><U71/><E122/><V129/><F31/><W32/><G4/><N who="0" m="1303" /><D121/><U1/><E1/><V99/><F9/><W89/><G89/><T26/><D26/><U47/><E22/><V11/><F11/><W34/><G79/><T21/><D49/><U18/><REACH who="1" step="1"/><E71/><REACH who="1" ten="263,349,129,249" step="2"/><V24/><F24/><W17/><G32/><T76/><D21/><U52/><E52/><V113/><F113/><W134/><G33/><T30/><D27/><U5/><E5/><V13/><F13/><W109/><G34/><T55/><D68/><U51/><AGARI ba="0,1" hai="8,12,18,40,47,51,57,59,95,96,101,104,105,106" machi="51" ten="30,4000,0" yaku="1,1,0,1,53,1" doraHai="62" doraHaiUra="97" who="1" fromWho="1" sc="263,-10,349,50,129,-20,249,-10" /><INIT seed="3,0,0,3,4,49" ten="253,399,109,239" oya="3" hai0="13,37,77,75,101,131,70,36,86,57,3,76,8" hai1="42,111,106,100,67,65,38,40,118,91,132,135,12" hai2="74,98,58,27,22,28,122,16,119,52,53,71,109" hai3="130,66,29,39,87,93,33,120,25,82,126,24,11"/><W123/><G39/><T56/><D70/><U133/><E111/><V59/><F71/><W78/><G126/><T64/><D3/><U32/><E32/><V80/><F119/><W23/><G130/><T5/><D75/><U129/><E129/><V54/><F109/><W44/><G66/><N who="1" m="25098" /><E38/><V90/><F122/><W85/><G44/><T7/><D57/><N who="2" m="21514" /><F74/><W18/><G11/><T45/><D45/><U60/><E60/><V117/><F117/><W107/><G107/><T4/><D101/><U79/><E79/><V83/><F28/><W121/><G93/><AGARI ba="0,0" hai="16,22,27,52,53,54,80,83,90,93,98" m="21514" machi="93" ten="30,12000,2" yaku="8,1,52,3,54,2" doraHai="49" who="2" fromWho="3" sc="253,0,399,0,109,120,239,-120" owari="253,5.3,399,49.9,229,-17.1,119,-38.1" /></mjloggm>