<mjloggm ver="2.3"><GO type="225" lobby="0"/><UN n0="%E9%BB%99%E8%81%B4%E3%81%AE%E3%81%99%E3%82%9D%E3%82%81" n1="%E3%83%A9%E3%82%B9%E7%8E%87%EF%BC%93%E5%89%B2" n2="%77%72%77%72%77%72%77%72" n3="%E3%80%90%E3%83%88%E3%83%AA%E3%83%A5%E3%83%95%E3%80%91" dan="16,16,17,16" rate="2147.61,2205.88,2140.97,2057.00" sx="M,F,M,M"/><TAIKYOKU oya="0"/><INIT seed="0,0,0,3,0,27" ten="250,250,250,250" oya="0" hai0="108,2,86,125,46,114,94,116,133,65,64,55,122" hai1="41,130,93,15,132,44,84,18,102,112,101,24,83" hai2="103,85,106,131,51,129,96,99,115,109,11,30,35" hai3="3,72,4,53,1,71,19,66,40,81,121,124,48"/><T29/><D114/><U87/><E112/><V69/><F115/><W105/><G105/><T33/><D116/><U90/><E130/><N who="2" m="49675" /><F109/><W13/><G124/><T58/><D122/><U91/><E24/><N who="2" m="18887" /><F69/><W50/><G40/><T117/><D117/><U42/><E132/><V78/><F78/><W16/><G121/><T119/><D119/><U123/><E123/><V47/><F47/><W14/><G71/><T17/><D2/><U76/><E76/><V70/><F70/><W8/><BYE who="2" /><G4/><T111/><D133/><UN n2="%77%72%77%72%77%72%77%72" /><U22/><REACH who="1" step="1"/><E42/><REACH who="1" ten="250,240,250,250" step="2"/><V120/><F120/><W118/><G118/><T60/><D111/><U39/><AGARI ba="0,1" hai="15,18,22,39,41,44,83,84,87,90,91,93,101,102" machi="39" ten="20,5200,0" yaku="1,1,2,1,0,1,7,1,53,0" doraHai="27" doraHaiUra="73" who="1" fromWho="1" sc="250,-26,240,62,250,-13,250,-13" /><INIT seed="1,0,0,2,1,124" ten="224,302,237,237" oya="1" hai0="85,68,1,62,80,30,100,57,6,2,83,67,21" hai1="86,29,74,36,22,37,52,105,31,4,87,97,45" hai2="63,119,111,102,50,25,116,73,0,23,53,133,8" hai3="94,96,84,26,3,109,95,46,129,118,17,89,110"/><U32/><E74/><V38/><F38/><W75/><G3/><T14/><D68/><U107/><E22/><V41/><F73/><W20/><G118/><T98/><D6/><U12/><E12/><V72/><F72/><W18/><G75/><T42/><D42/><U13/><E13/><V126/><F126/><W103/><G46/><T56/><D56/><U40/><E4/><V134/><F102/><W69/><G69/><T122/><D122/><U34/><E97/><V108/><F41/><W90/><G17/><T33/><D33/><U5/><E5/><N who="2" m="1063" /><F63/><W91/><G129/><T27/><D14/><U19/><E19/><N who="2" m="12543" /><F53/><W54/><G54/><T59/><D59/><U77/><E52/><V55/><F50/><W58/><G58/><T15/><D15/><U127/><E45/><V132/><F55/><W65/><G65/><T78/><REACH who="0" step="1"/><D83/><REACH who="0" ten="214,302,237,237" step="2"/><U121/><E40/><V128/><F128/><W79/><G110/><AGARI ba="0,1" hai="108,110,111,116,119,132,133,134" m="12543,1063" machi="110" ten="40,8000,1" yaku="14,1,20,1,34,2" doraHai="124" who="2" fromWho="3" sc="214,0,302,0,237,90,237,-80" /><INIT seed="2,0,0,3,3,106" ten="214,302,327,157" oya="2" hai0="62,4,55,80,104,91,38,113,7,89,76,93,99" hai1="118,53,22,84,57,135,18,24,83,9,46,50,73" hai2="6,77,116,17,115,61,117,41,60,32,102,86,100" hai3="39,64,107,23,133,128,131,20,101,56,109,110,112"/><V1/><F115/><W123/><G123/><T127/><D38/><U68/><E68/><V16/><F32/><W129/><G39/><T120/><D127/><U15/><E135/><V87/><F41/><W3/><G3/><T72/><D120/><U48/><E73/><V54/><F77/><W67/><G112/><T8/><D113/><U5/><E118/><V71/><F71/><W37/><G37/><T132/><D132/><U35/><E35/><V81/><F81/><W95/><G107/><T105/><D4/><U33/><E33/><V12/><F12/><W27/><G133/><T78/><D78/><U14/><E50/><V98/><F98/><N who="3" m="59615" /><G20/><T114/><D114/><U75/><E75/><V44/><F44/><W124/><G124/><T11/><D11/><U2/><REACH who="1" step="1"/><E46/><REACH who="1" ten="214,292,327,157" step="2"/><V125/><F125/><W69/><G69/><T13/><REACH who="0" step="1"/><D91/><AGARI ba="0,1" hai="2,5,9,14,15,18,22,24,48,53,57,83,84,91" machi="91" ten="30,7700,0" yaku="1,1,2,1,7,1,53,1" doraHai="106" doraHaiUra="34" who="1" fromWho="0" sc="214,-77,292,87,327,0,157,0" /><INIT seed="3,0,0,3,5,117" ten="137,379,327,157" oya="3" hai0="70,61,83,131,7,6,84,9,72,10,69,73,24" hai1="126,133,135,56,116,129,90,39,118,104,95,25,32" hai2="105,120,29,63,2,106,59,64,13,68,38,111,108" hai3="26,88,16,101,85,125,17,30,81,20,18,23,97"/><W93/><REACH who="3" step="1"/><G125/><REACH who="3" ten="137,379,327,147" step="2"/><T40/><D131/><U74/><E126/><V96/><F2/><W109/><G109/><N who="2" m="42057" /><F38/><W102/><G102/><T15/><D40/><U99/><E39/><V100/><F100/><W3/><G3/><T75/><D24/><AGARI ba="0,1" hai="16,17,18,20,23,24,26,30,81,85,88,93,97,101" machi="24" ten="30,24000,3" yaku="21,2,7,1,8,1,54,2,53,3" doraHai="117" doraHaiUra="12" who="3" fromWho="0" sc="137,-240,379,0,327,0,147,250" owari="-103,-60.3,379,17.9,327,-7.3,397,49.7" /></mjloggm>