<mjloggm ver="2.3"><GO type="225" lobby="0"/><UN n0="%E5%91%A8%E6%9D%B1" n1="%E3%81%BD%E3%81%A1%E3%81%9F%E3%81%93%E3%82%84" n2="%E5%A4%8F%E9%88%B4%E9%88%B4%E5%A4%8F" n3="%33%74%72%65%65" dan="17,17,16,17" rate="2194.32,2222.25,2150.81,2156.47" sx="M,M,F,F"/><TAIKYOKU oya="0"/><INIT seed="0,0,0,5,3,46" ten="250,250,250,250" oya="0" hai0="63,130,94,23,126,132,4,2,88,86,3,91,93" hai1="49,33,123,66,133,19,74,72,11,127,84,99,27" hai2="17,109,15,76,30,85,50,7,8,69,45,41,64" hai3="106,13,70,103,58,43,92,73,120,10,62,47,37"/><T83/><D130/><U68/><E123/><V121/><F121/><W52/><G120/><T40/><D132/><U16/><E133/><V67/><F109/><W95/><G73/><T55/><D126/><U116/><E116/><V39/><F69/><W59/><G70/><T114/><D114/><U20/><E33/><V14/><F30/><W34/><G34/><T104/><D104/><U53/><E127/><V81/><F39/><W44/><G44/><T6/><D40/><U80/><E99/><V75/><F75/><W102/><G59/><N who="0" m="35327" /><D2/><U22/><E11/><AGARI ba="0,0" hai="7,8,11,14,15,17,41,45,50,64,67,76,81,85" machi="11" ten="30,8000,1" yaku="7,1,25,2,8,1,52,1" doraHai="46" who="2" fromWho="1" sc="250,0,250,-80,250,80,250,0" /><INIT seed="1,0,0,0,5,82" ten="250,170,330,250" oya="1" hai0="14,45,13,60,54,55,134,6,18,76,5,108,116" hai1="47,7,113,66,32,129,119,53,117,131,11,2,132" hai2="72,23,49,128,83,118,93,99,91,106,80,22,0" hai3="34,15,46,8,1,73,30,64,27,105,57,43,44"/><U51/><E113/><V4/><F118/><W75/><G105/><T86/><D116/><U10/><E132/><V90/><F128/><N who="1" m="49225" /><E32/><V28/><F106/><W65/><G1/><T135/><D108/><U20/><E66/><V101/><F0/><W12/><G57/><T110/><D110/><U122/><E122/><V38/><F38/><W84/><G34/><T124/><D124/><U67/><E67/><V48/><F4/><W103/><G103/><T68/><D68/><U31/><E11/><V61/><F61/><W109/><G8/><T41/><D60/><U24/><AGARI ba="0,0" hai="2,7,10,20,24,31,47,51,53,117,119" m="49225" machi="24" ten="30,1500,0" yaku="19,1" doraHai="82" who="1" fromWho="1" sc="250,-5,170,15,330,-5,250,-5" /><INIT seed="1,1,0,3,2,51" ten="245,185,325,245" oya="1" hai0="121,20,29,23,37,135,77,76,104,118,27,112,88" hai1="81,63,22,11,2,119,114,130,113,35,89,72,116" hai2="84,36,44,95,102,67,127,98,8,107,75,106,14" hai3="78,90,128,71,5,53,9,43,64,92,100,15,0"/><U19/><E63/><V28/><F75/><W7/><G128/><T120/><D104/><U122/><E89/><V21/><F67/><W38/><G100/><T52/><D37/><U126/><E81/><V25/><F127/><W97/><G78/><T123/><D118/><N who="1" m="45099" /><E72/><V59/><F59/><W58/><G71/><T6/><D6/><N who="1" m="1495" /><E130/><V18/><REACH who="2" step="1"/><F84/><REACH who="2" ten="245,185,315,245" step="2"/><W132/><G64/><T1/><D120/><U13/><E122/><V108/><F108/><W93/><G58/><T17/><D123/><U110/><E126/><V65/><F65/><W33/><G132/><T32/><D135/><U16/><E110/><V86/><F86/><W60/><G60/><T24/><D121/><U26/><E35/><V82/><F82/><W83/><G83/><T109/><D32/><U66/><E66/><V103/><F103/><W117/><G33/><T47/><D109/><U87/><E87/><V42/><AGARI ba="1,1" hai="8,14,18,21,25,28,36,42,44,95,98,102,106,107" machi="42" ten="30,2000,0" yaku="1,1,0,1,53,0" doraHai="51" doraHaiUra="125" who="2" fromWho="2" sc="245,-6,185,-11,315,33,245,-6" /><INIT seed="2,0,0,0,0,91" ten="239,174,348,239" oya="2" hai0="11,47,126,43,96,73,4,115,87,62,26,111,38" hai1="97,45,125,50,24,19,114,28,53,44,101,119,57" hai2="54,37,90,88,94,49,75,52,71,85,51,42,78" hai3="0,103,80,14,69,41,118,98,2,58,1,116,76"/><V86/><F71/><W67/><G69/><T81/><D115/><U99/><E114/><V123/><F123/><W93/><G41/><T108/><D126/><U29/><E119/><V3/><F3/><W102/><G102/><T7/><D73/><U35/><E125/><V135/><F135/><W21/><G67/><T60/><D26/><U74/><E74/><V77/><F75/><W12/><G58/><T66/><D96/><U64/><E29/><V31/><F31/><W133/><G133/><T107/><D107/><U100/><E19/><V122/><F37/><W10/><G21/><T48/><D38/><U132/><E132/><V61/><F61/><W65/><G65/><T128/><D128/><U134/><E64/><V25/><F25/><W106/><G106/><T46/><D46/><U121/><E121/><V83/><F42/><W15/><REACH who="3" step="1"/><G10/><REACH who="3" ten="239,174,348,229" step="2"/><T55/><D43/><U124/><E134/><V56/><F122/><W40/><G40/><T112/><D112/><U82/><E124/><V117/><F117/><W33/><G33/><T5/><D11/><U36/><E36/><V130/><F130/><W79/><G79/><T9/><D9/><U89/><E100/><V6/><F6/><W27/><G27/><T63/><D66/><U129/><E129/><V120/><F120/><W34/><G34/><T18/><D18/><U84/><REACH who="1" step="1"/><E97/><REACH who="1" ten="239,164,348,229" step="2"/><V109/><F109/><W113/><G113/><T17/><D17/><U104/><AGARI ba="0,2" hai="24,28,35,44,45,50,53,57,82,84,89,99,101,104" machi="104" ten="20,5200,0" yaku="1,1,2,1,0,1,7,1,53,0" doraHai="91" doraHaiUra="68" who="1" fromWho="1" sc="239,-13,164,72,348,-26,229,-13" /><INIT seed="3,0,0,3,3,47" ten="226,236,322,216" oya="3" hai0="82,127,135,84,4,55,87,102,116,14,58,46,98" hai1="80,12,94,115,36,42,68,86,39,78,133,62,114" hai2="35,124,5,67,66,15,119,70,92,11,111,108,95" hai3="71,29,90,61,8,104,10,32,51,18,2,64,97"/><W96/><G32/><T81/><D116/><U53/><E133/><V49/><F124/><W91/><G29/><T99/><D127/><U34/><E34/><V77/><F119/><W120/><G120/><T31/><D46/><U105/><E105/><V3/><F77/><W45/><G10/><N who="0" m="4423" /><D31/><U24/><E24/><V9/><F49/><W43/><G104/><T23/><D23/><U103/><E42/><V52/><F52/><W16/><G2/><T26/><D26/><U72/><E12/><V28/><F28/><W117/><G117/><T44/><D44/><U33/><E33/><V21/><F21/><W73/><G73/><T126/><D135/><U93/><E72/><V63/><F67/><W83/><G8/><T25/><D25/><U17/><E17/><N who="2" m="8431" /><F35/><W121/><G121/><T40/><D40/><U76/><E36/><V101/><F101/><W54/><G43/><T107/><D126/><U37/><E103/><V69/><F69/><W0/><G0/><T13/><D13/><U134/><E37/><V41/><F41/><W132/><G132/><T56/><D102/><U122/><E39/><V74/><F74/><W59/><G71/><T57/><D55/><U106/><E134/><V123/><F123/><W1/><G1/><T128/><D107/><U113/><E122/><V50/><F50/><W109/><G109/><AGARI ba="0,0" hai="3,5,11,63,66,70,92,95,108,109,111" m="8431" machi="109" ten="30,1000,0" yaku="14,1" doraHai="47" who="2" fromWho="3" sc="226,0,236,0,322,10,216,-10" owari="226,-17.4,236,3.6,332,43.2,206,-29.4" /></mjloggm>