<mjloggm ver="2.3"><GO type="225" lobby="0"/><UN n0="%45%6C%79%73%69%75%6D" n1="%E3%82%B3%E3%83%90%E3%83%AC%E3%82%A4" n2="%E5%8C%97%E6%AC%A7%E3%81%AE%E3%82%82%E3%81%93%E3%81%86" n3="%68%75%69%68%75%69" dan="16,16,16,16" rate="2110.17,2154.88,2103.83,2109.25" sx="M,M,M,M"/><TAIKYOKU oya="0"/><INIT seed="0,0,0,0,0,26" ten="250,250,250,250" oya="0" hai0="132,49,37,28,90,51,73,81,103,125,52,15,91" hai1="64,115,70,76,17,32,30,20,12,110,27,127,78" hai2="92,53,120,112,2,116,72,19,31,109,35,62,57" hai3="117,93,23,77,135,56,63,129,33,1,14,131,107"/><T7/><D37/><U99/><E110/><V121/><F109/><W89/><G107/><T38/><D38/><U6/><E127/><V105/><F105/><W74/><G1/><T80/><D125/><U18/><E115/><V43/><F112/><W118/><G33/><T114/><D114/><U96/><E18/><V47/><F72/><W79/><G14/><T4/><D103/><U84/><E6/><V10/><F116/><N who="3" m="44651" /><G23/><T97/><D132/><U111/><E111/><V134/><F134/><W65/><G135/><T108/><D108/><U40/><E40/><V68/><F68/><W75/><G56/><T126/><D126/><U0/><E0/><V130/><F2/><W16/><G16/><T55/><D15/><U66/><E66/><V100/><F10/><W41/><G63/><T124/><D124/><U36/><E36/><V67/><F19/><W54/><G54/><T113/><D113/><U123/><E123/><V88/><F53/><W71/><G41/><T48/><D48/><U87/><E64/><V5/><F5/><W86/><G65/><T11/><D11/><U3/><E3/><V61/><F61/><W98/><G71/><T133/><D133/><U42/><E42/><V94/><F43/><W82/><G77/><T22/><D22/><U50/><E50/><V45/><F35/><W83/><G83/><T102/><D80/><U60/><E60/><V13/><F13/><W21/><G21/><T8/><D81/><N who="1" m="47143" /><E70/><V128/><F62/><W9/><G9/><T119/><D49/><U95/><E78/><V46/><F67/><W44/><G44/><RYUUKYOKU ba="0,0" sc="250,-15,250,15,250,-15,250,15" hai1="12,17,20,27,30,32,87,95,96,99" hai3="74,75,79,82,86,89,93,98,129,131" /><INIT seed="1,1,0,3,0,115" ten="235,265,235,265" oya="1" hai0="68,83,54,74,43,58,76,6,26,90,96,48,44" hai1="30,40,46,94,88,81,98,3,66,20,116,37,119" hai2="78,33,103,109,72,35,4,69,80,121,111,13,17" hai3="82,124,132,49,99,107,55,23,1,112,38,27,47"/><U52/><E3/><V2/><F121/><W42/><G1/><T50/><D68/><U120/><E120/><V75/><F69/><W8/><G112/><T70/><D70/><U12/><E66/><V57/><F103/><W22/><G124/><T16/><D6/><U93/><E93/><V63/><F72/><W128/><G128/><T84/><D96/><U91/><E81/><V113/><F4/><W134/><G8/><T92/><REACH who="0" step="1"/><D16/><REACH who="0" ten="225,265,235,265" step="2"/><U29/><E30/><V102/><F113/><W123/><G123/><T118/><D118/><U114/><E114/><V51/><F17/><W71/><G71/><T7/><D7/><U18/><E29/><V24/><F2/><W122/><G122/><T28/><D28/><U31/><E31/><V15/><F15/><W135/><G27/><AGARI ba="1,1" hai="26,27,43,44,48,50,54,58,74,76,83,84,90,92" machi="27" ten="40,2600,0" yaku="1,1,53,1" doraHai="115" doraHaiUra="89" who="0" fromWho="3" sc="225,39,265,0,235,0,265,-29" /><INIT seed="2,0,0,5,5,25" ten="264,265,235,236" oya="2" hai0="49,130,50,132,94,22,81,5,18,4,41,46,63" hai1="44,35,40,17,131,119,9,2,14,95,110,30,61" hai2="104,58,76,0,71,88,60,91,73,74,68,3,87" hai3="43,12,105,70,16,1,32,24,126,72,135,78,38"/><V54/><F104/><W97/><G126/><T29/><D130/><U28/><E131/><V82/><F0/><W31/><G135/><T124/><D132/><U120/><E119/><V6/><F68/><W101/><G1/><T103/><D124/><U55/><E35/><V123/><F123/><W69/><G12/><T83/><D50/><U96/><E120/><V10/><REACH who="2" step="1"/><F71/><REACH who="2" ten="264,265,225,236" step="2"/><W102/><G102/><T113/><D103/><U100/><E2/><V115/><F115/><W106/><G106/><T93/><D113/><U75/><E110/><V107/><F107/><W99/><G70/><T109/><D109/><U11/><E75/><AGARI ba="0,1" hai="3,6,10,54,58,60,73,74,75,76,82,87,88,91" machi="75" ten="40,12000,1" yaku="1,1,54,1,53,2" doraHai="25" doraHaiUra="85" who="2" fromWho="1" sc="264,0,265,-120,225,130,236,0" /><INIT seed="2,1,0,5,5,87" ten="264,145,355,236" oya="2" hai0="56,93,101,26,63,113,119,6,53,40,74,66,59" hai1="38,4,76,35,60,114,36,49,90,23,43,1,105" hai2="127,3,116,83,5,22,130,61,72,79,12,34,97" hai3="111,54,9,135,81,50,133,11,68,37,109,21,32"/><V46/><F116/><W24/><G32/><T16/><D74/><U102/><E23/><V28/><F130/><W42/><G68/><T0/><D113/><U27/><E114/><V132/><F132/><N who="3" m="50763" /><G42/><T20/><D40/><U55/><E55/><V92/><F127/><W91/><G37/><T19/><D119/><U10/><E49/><V86/><F34/><W98/><G81/><T126/><D126/><U25/><E25/><V67/><F46/><N who="3" m="27991" /><G98/><T89/><D101/><U84/><E76/><V85/><F3/><W134/><N who="3" m="50771" /><W120/><DORA hai="95" /><G91/><T18/><D6/><U31/><E43/><V125/><F5/><W110/><G120/><T47/><D0/><U106/><E106/><V65/><F83/><W117/><G117/><T118/><D118/><U44/><E44/><V13/><F97/><W78/><G78/><T100/><D100/><U33/><E33/><V131/><F79/><W69/><G69/><T45/><D45/><U107/><E107/><V41/><F41/><W108/><N who="3" m="27648" /><DORA hai="75" /><W96/><G96/><N who="0" m="57391" /><D47/><U94/><E102/><V77/><F77/><W64/><G64/><T80/><D80/><U99/><E105/><V124/><F65/><W48/><G48/><AGARI ba="1,0" hai="16,18,19,20,26,48,53,56,59,63,66" m="57391" machi="48" ten="30,7700,0" yaku="8,1,52,2,54,1" doraHai="87,95,75" who="0" fromWho="3" sc="264,80,145,0,355,0,236,-80" /><INIT seed="3,0,0,5,4,82" ten="344,145,355,156" oya="3" hai0="104,60,11,85,73,105,61,134,119,13,15,45,27" hai1="64,19,9,25,14,127,36,121,50,75,10,106,126" hai2="34,96,26,12,98,17,58,70,1,3,44,132,91" hai3="69,71,28,0,52,111,32,40,114,67,84,117,62"/><W88/><G114/><T80/><D73/><U65/><E36/><V108/><F108/><W79/><G117/><T53/><D119/><U48/><E75/><V5/><F70/><W107/><G107/><T43/><D134/><U89/><E106/><V87/><F132/><W83/><G0/><T8/><D27/><U100/><E100/><V72/><F72/><W33/><G71/><T22/><D22/><U29/><E9/><V63/><F44/><W4/><G4/><T93/><D93/><U57/><E89/><V41/><F41/><W123/><G123/><T51/><D104/><U131/><E121/><V101/><F5/><W116/><G116/><T59/><D61/><U122/><E122/><V49/><F49/><N who="1" m="19049" /><E57/><V112/><F101/><W92/><G111/><T54/><D54/><U56/><E56/><V68/><F68/><W135/><G135/><T78/><D105/><U97/><E97/><V46/><F46/><W124/><G124/><N who="1" m="47658" /><E131/><V95/><F1/><W2/><G2/><T39/><D39/><U115/><E115/><V74/><F74/><W30/><G40/><T76/><D76/><U129/><E129/><V86/><F3/><W113/><G113/><T37/><D37/><U42/><E42/><V6/><F98/><W128/><G128/><T77/><D77/><U23/><AGARI ba="0,0" hai="10,14,19,23,25,29,64,65" m="47658,19049" machi="23" ten="30,1100,0" yaku="18,1" doraHai="82" who="1" fromWho="1" sc="344,-3,145,11,355,-3,156,-5" owari="341,14.1,156,-24.4,352,45.2,151,-34.9" /></mjloggm>