<mjloggm ver="2.3"><GO type="225" lobby="0"/><UN n0="%E7%89%B9%E6%9D%B1%E3%81%AF%E4%B8%96%E7%95%8C%E3%82%92%E6%95%91%E3%81%86" n1="%E3%83%81%E3%83%AF%E3%83%AF%E9%9A%8A%E9%95%B7" n2="%E3%80%90%E3%83%88%E3%83%AA%E3%83%A5%E3%83%95%E3%80%91" n3="%E6%98%93%E5%88%A9%E8%96%A9%E4%BC%AF" dan="16,16,16,17" rate="2175.56,2111.02,2109.93,2180.41" sx="M,M,M,F"/><TAIKYOKU oya="0"/><INIT seed="0,0,0,3,5,74" ten="250,250,250,250" oya="0" hai0="2,97,121,15,79,94,10,107,34,87,5,100,21" hai1="23,6,82,65,18,25,62,29,39,60,28,24,48" hai2="58,31,71,84,93,128,32,88,135,8,76,126,55" hai3="69,98,104,0,14,133,61,113,134,85,68,132,11"/><T119/><D119/><U114/><E39/><V42/><F71/><W131/><G113/><T35/><D121/><U7/><E114/><V26/><F128/><W125/><G131/><T3/><D94/><U80/><E48/><V112/><F112/><W63/><G0/><T20/><D3/><U57/><E60/><N who="3" m="23114" /><G85/><T123/><D123/><U89/><E18/><V77/><F135/><W120/><G125/><T59/><D59/><U16/><E28/><V99/><F126/><W86/><G86/><T118/><D118/><U108/><E108/><V66/><F66/><W52/><G52/><T101/><D101/><U19/><E19/><V111/><F111/><W56/><G56/><T73/><D87/><N who="1" m="50407" /><E82/><V78/><F42/><W105/><G120/><T49/><D49/><U12/><E29/><V75/><F75/><W92/><G105/><T33/><REACH who="0" step="1"/><D2/><REACH who="0" ten="240,250,250,250" step="2"/><U41/><E41/><V130/><F130/><W1/><G1/><T83/><AGARI ba="0,1" hai="5,10,15,20,21,33,34,35,73,79,83,97,100,107" machi="83" ten="40,12000,1" yaku="1,1,2,1,0,1,52,1,53,0" doraHai="74" doraHaiUra="13" who="0" fromWho="0" sc="240,130,250,-40,250,-40,250,-40" /><INIT seed="0,1,0,2,0,7" ten="370,210,210,210" oya="0" hai0="73,131,70,92,16,51,78,77,134,86,95,20,11" hai1="64,115,97,130,27,80,53,61,3,122,2,82,50" hai2="55,43,90,4,123,49,38,124,112,10,129,133,52" hai3="121,81,63,93,26,111,71,34,32,17,101,14,56"/><T13/><D70/><U6/><E122/><V85/><F112/><W44/><G71/><T42/><D73/><U54/><E115/><V91/><F123/><W58/><G111/><T57/><D131/><U35/><E130/><V18/><F129/><W74/><G58/><T37/><D37/><U12/><E12/><V109/><F109/><W68/><G68/><T75/><D75/><U1/><E6/><V125/><F133/><W25/><G44/><N who="0" m="26007" /><D134/><U31/><E97/><V36/><F18/><W105/><G93/><N who="0" m="35915" /><D86/><U128/><E128/><V100/><F100/><W29/><G101/><T15/><D57/><U117/><E117/><V66/><F66/><W62/><G105/><T30/><D30/><U22/><E35/><V108/><F108/><W45/><G32/><T46/><D46/><U120/><E120/><V21/><F43/><W76/><G45/><T59/><D59/><U0/><N who="1" m="0" /><DORA hai="103" /><U33/><E33/><V114/><F114/><W83/><G29/><T132/><D132/><U84/><E50/><V23/><F49/><W87/><G34/><T110/><D110/><U47/><E47/><V79/><F85/><W69/><G69/><T96/><D96/><U99/><E99/><V88/><F90/><N who="3" m="51567" /><G121/><T89/><D89/><U106/><E106/><V94/><F94/><W126/><G56/><T19/><AGARI ba="1,0" hai="11,13,15,16,19,20,77,78" m="35915,26007" machi="19" ten="30,6000,0" yaku="8,1,52,1,54,1" doraHai="7,103" who="0" fromWho="0" sc="370,63,210,-21,210,-21,210,-21" /><INIT seed="0,2,0,5,3,77" ten="433,189,189,189" oya="0" hai0="117,58,76,9,82,105,99,101,123,17,60,121,14" hai1="66,79,116,95,15,98,29,114,65,115,81,75,57" hai2="111,51,104,41,33,120,102,12,69,18,84,110,56" hai3="4,35,61,128,108,22,25,62,87,97,130,24,100"/><T134/><D117/><U59/><E116/><V80/><F69/><W109/><G97/><T19/><D19/><U78/><E29/><V118/><F120/><W26/><G100/><T10/><D10/><U31/><E31/><V119/><F33/><W34/><G87/><T70/><D70/><U124/><E124/><V16/><F104/><W54/><G54/><T90/><D90/><U74/><E15/><V92/><F92/><W21/><G4/><T49/><D49/><U91/><E57/><V67/><F102/><W37/><G37/><T126/><D126/><U39/><E39/><V94/><F94/><W129/><G61/><T71/><D71/><U48/><E48/><V55/><F67/><W73/><G73/><T36/><D36/><U93/><E93/><V27/><F27/><W96/><G62/><T131/><D131/><U107/><E107/><V133/><F41/><W3/><G3/><T112/><D112/><N who="1" m="43051" /><E59/><V23/><F18/><W13/><G96/><T1/><D1/><U2/><E2/><V44/><F56/><W30/><G13/><T53/><D123/><U52/><E52/><V7/><F7/><W83/><G83/><AGARI ba="2,0" hai="65,66,74,75,78,79,81,83,91,95,98" m="43051" machi="83" ten="30,3900,0" yaku="11,1,52,2" doraHai="77" who="1" fromWho="3" sc="433,0,189,45,189,0,189,-45" /><INIT seed="1,0,0,4,2,59" ten="433,234,189,144" oya="1" hai0="101,21,122,52,87,47,37,81,5,108,119,6,41" hai1="98,26,11,66,96,124,55,62,15,48,134,88,113" hai2="82,127,79,102,4,110,120,49,106,103,36,39,19" hai3="23,8,76,54,74,104,123,65,72,85,35,129,32"/><U24/><E113/><V50/><F4/><W16/><G123/><T46/><D108/><U115/><E115/><V64/><F120/><W128/><G104/><T30/><D122/><U56/><E124/><V121/><F121/><W100/><G100/><T34/><D34/><U107/><E134/><V38/><F110/><W18/><G54/><T13/><D119/><U133/><E133/><V90/><F90/><W44/><G44/><T31/><D101/><U42/><E42/><V20/><F127/><W28/><G85/><T130/><D130/><N who="3" m="50281" /><G76/><T78/><D6/><U75/><E75/><V43/><F64/><W57/><G8/><T45/><D45/><N who="1" m="28047" /><E107/><V3/><F3/><W84/><G84/><T112/><D41/><U94/><E96/><V67/><F67/><W125/><G18/><AGARI ba="0,0" hai="11,15,18,24,26,56,62,66,88,94,98" m="28047" machi="18" ten="30,5800,0" yaku="8,1,52,1,54,1" doraHai="59" who="1" fromWho="3" sc="433,0,234,58,189,0,144,-58" /><INIT seed="1,1,0,3,5,130" ten="433,292,189,86" oya="1" hai0="62,61,24,121,5,111,97,110,12,13,63,85,90" hai1="32,46,112,51,126,89,30,60,64,23,135,101,44" hai2="103,78,132,10,15,57,86,120,6,27,71,50,105" hai3="16,79,77,94,96,102,87,36,31,43,41,33,99"/><U48/><E112/><V40/><F120/><W26/><G36/><T116/><D116/><U49/><E32/><V0/><F71/><W117/><G117/><T118/><D118/><U2/><E2/><V17/><F105/><W72/><G72/><T25/><D97/><U52/><E126/><V100/><F132/><W9/><G43/><T91/><D121/><U3/><E3/><V66/><F66/><W59/><G41/><T131/><D131/><U134/><E101/><V119/><F119/><W93/><G59/><T37/><D37/><U4/><E4/><V114/><F114/><W98/><G87/><T129/><D129/><U35/><E35/><V109/><F109/><N who="0" m="41482" /><D91/><U47/><E51/><V8/><F27/><N who="0" m="10314" /><D5/><U18/><E89/><V22/><F40/><W55/><G55/><T108/><D108/><U106/><E30/><V20/><F103/><W69/><G69/><T56/><D56/><N who="1" m="34823" /><E64/><V19/><F100/><W104/><G104/><T88/><D88/><U82/><E82/><AGARI ba="1,0" hai="12,13,61,62,63,82,85,90" m="10314,41482" machi="82" ten="30,1000,0" yaku="14,1" doraHai="130" who="0" fromWho="1" sc="433,13,292,-13,189,0,86,0" /><INIT seed="2,0,0,1,4,121" ten="446,279,189,86" oya="2" hai0="30,11,106,59,57,98,127,125,66,110,42,9,10" hai1="90,24,67,60,0,80,84,52,77,31,93,53,4" hai2="135,79,55,64,108,13,21,94,56,122,35,48,34" hai3="25,134,16,3,103,58,92,91,50,17,27,43,113"/><V74/><F122/><W99/><G3/><T23/><D110/><U116/><E116/><V37/><F37/><W69/><G69/><T45/><D66/><U14/><E0/><V22/><F135/><W102/><G134/><T133/><D133/><U7/><E7/><V112/><F112/><W104/><G113/><T49/><D30/><U18/><E4/><V19/><F108/><W39/><G39/><T73/><D73/><U40/><E40/><V5/><F5/><W96/><G91/><T75/><D75/><U97/><E24/><V33/><F64/><W107/><G92/><T47/><D23/><U15/><E31/><V83/><F22/><W36/><G36/><T105/><D47/><U65/><E14/><V88/><REACH who="2" step="1"/><F35/><REACH who="2" ten="446,279,179,86" step="2"/><W114/><G114/><T1/><D10/><U129/><E65/><V61/><F61/><W54/><REACH who="3" step="1"/><G43/><REACH who="3" ten="446,279,179,76" step="2"/><T20/><D42/><U81/><E129/><V78/><F78/><W12/><G12/><T32/><D1/><U76/><E15/><V72/><F72/><W132/><G132/><T130/><D130/><U126/><E77/><V124/><F124/><W101/><G101/><T85/><D127/><U44/><E126/><V111/><F111/><W118/><G118/><T70/><D125/><U131/><E76/><V8/><F8/><W38/><G38/><T109/><D9/><U87/><E131/><V46/><F46/><W128/><G128/><T28/><D11/><U115/><E44/><V2/><F2/><W119/><G119/><T62/><D109/><U26/><E115/><V82/><F82/><W63/><G63/><RYUUKYOKU ba="0,2" sc="446,-15,279,-15,179,15,76,15" hai2="13,19,21,33,34,48,55,56,74,79,83,88,94" hai3="16,17,25,27,50,54,58,96,99,102,103,104,107" /><INIT seed="2,1,2,4,3,42" ten="431,264,194,91" oya="2" hai0="64,45,109,36,3,40,93,103,22,67,52,79,112" hai1="96,82,99,48,50,61,62,20,27,128,135,88,91" hai2="124,44,118,77,129,51,87,76,43,119,12,10,81" hai3="78,28,133,117,131,97,80,37,24,0,73,106,113"/><V130/><F124/><W71/><G117/><T105/><D112/><U9/><E128/><N who="2" m="49259" /><F76/><W98/><G131/><T2/><D105/><U4/><E135/><V49/><F49/><N who="1" m="19049" /><E9/><V21/><F21/><W56/><G133/><T53/><D79/><U83/><E4/><AGARI ba="1,2" hai="4,10,12,43,44,51,77,81,87,118,119" m="49259" machi="4" ten="30,5800,0" yaku="25,1,19,1,52,1" doraHai="42" who="2" fromWho="1" sc="431,0,264,-61,194,81,91,0" /><INIT seed="2,2,0,5,3,42" ten="431,203,275,91" oya="2" hai0="125,111,82,45,107,64,54,7,28,132,131,114,15" hai1="96,44,4,88,36,110,14,116,86,31,73,30,8" hai2="105,112,18,121,126,27,65,24,72,51,67,113,41" hai3="32,74,5,103,77,56,76,25,33,95,122,46,52"/><V83/><F121/><W90/><G122/><T63/><D107/><U2/><E116/><V61/><F105/><W129/><G129/><T102/><D114/><U133/><E73/><V81/><F126/><W78/><G74/><T20/><D102/><U123/><E123/><V38/><F72/><W21/><G103/><T104/><D104/><U43/><E133/><V119/><F119/><W118/><G118/><T29/><D131/><U1/><E110/><V117/><F117/><W49/><G5/><T99/><D99/><U100/><E1/><V84/><F38/><W106/><G106/><T101/><D101/><U60/><E96/><V75/><F75/><W39/><G39/><T50/><D111/><U22/><E100/><V92/><F92/><W26/><G56/><T53/><D53/><U128/><E128/><V85/><F41/><W12/><G12/><T66/><D82/><U16/><E60/><V37/><F37/><W10/><G10/><T71/><D66/><U0/><E0/><V115/><F51/><W93/><G26/><T55/><D132/><U109/><E109/><V108/><F108/><W35/><REACH who="3" step="1"/><G90/><REACH who="3" ten="431,203,275,81" step="2"/><T89/><D7/><U91/><E91/><N who="2" m="51599" /><F115/><W120/><G120/><T47/><D125/><U97/><E97/><V13/><F113/><W87/><G87/><T9/><D89/><U34/><E34/><V23/><F112/><W135/><G135/><T62/><D9/><U58/><E58/><N who="2" m="37047" /><F24/><W48/><G48/><T127/><D127/><U3/><E3/><V98/><F27/><W69/><G69/><N who="0" m="42135" /><D50/><U70/><E70/><V59/><F85/><RYUUKYOKU ba="2,1" sc="431,-15,203,15,275,-15,81,15" hai1="2,4,8,14,16,22,30,31,36,43,44,86,88" hai3="21,25,32,33,35,46,49,52,76,77,78,93,95" /><INIT seed="3,3,1,1,3,44" ten="416,218,260,96" oya="3" hai0="129,10,84,109,82,60,95,6,87,85,31,61,41" hai1="30,71,38,98,59,62,83,86,80,93,32,27,125" hai2="56,122,81,40,17,51,104,25,69,78,42,33,96" hai3="101,12,58,76,29,116,3,123,88,126,70,124,68"/><W34/><G116/><T72/><D109/><U90/><E71/><V74/><F69/><W133/><G123/><T35/><D41/><U102/><E125/><N who="3" m="48234" /><G3/><T107/><D107/><U19/><E38/><V21/><F122/><W114/><G114/><T49/><D49/><U111/><E111/><V103/><F33/><W39/><G39/><T26/><D129/><U48/><E19/><V118/><F118/><W8/><G101/><T115/><D115/><U65/><REACH who="1" step="1"/><E48/><REACH who="1" ten="416,208,260,96" step="2"/><V23/><F23/><W110/><G110/><T135/><D35/><U36/><E36/><V16/><REACH who="2" step="1"/><F17/><REACH who="2" ten="416,208,250,96" step="2"/><N who="3" m="8327" /><G133/><T134/><D134/><U130/><E130/><V67/><F67/><W53/><G76/><T66/><D135/><U57/><E57/><V77/><F77/><W73/><G73/><T94/><D66/><U11/><E11/><V119/><F119/><W2/><G2/><T13/><D10/><U4/><E4/><V28/><F28/><W52/><G68/><T46/><D72/><U120/><E120/><V131/><F131/><W75/><G70/><T43/><D31/><U108/><E108/><V79/><F79/><W15/><G75/><T113/><D6/><U117/><E117/><V55/><AGARI ba="3,3" hai="16,21,25,40,42,51,55,56,74,78,81,96,103,104" machi="55" ten="30,7900,0" yaku="1,1,0,1,52,1,54,1,53,0" doraHai="44" doraHaiUra="112" who="2" fromWho="2" sc="416,-23,208,-23,250,118,96,-42" owari="393,49.3,185,-21.5,368,16.8,54,-44.6" /></mjloggm>