<mjloggm ver="2.3"><GO type="225" lobby="0"/><UN n0="%41%6F%54" n1="%E6%A5%93%E4%BB%8B" n2="%E6%98%93%E5%88%A9%E8%96%A9%E4%BC%AF" n3="%E6%A1%9C%E8%8A%B1%E9%96%83%E3%80%85" dan="16,17,17,16" rate="2074.60,2090.08,2202.81,2103.05" sx="M,M,F,M"/><TAIKYOKU oya="0"/><INIT seed="0,0,0,3,0,128" ten="250,250,250,250" oya="0" hai0="78,53,87,104,67,111,12,25,91,48,100,72,123" hai1="101,60,108,107,13,29,80,43,95,26,77,133,0" hai2="10,118,9,134,38,3,132,47,119,35,59,7,92" hai3="62,46,34,56,110,2,68,103,14,88,51,89,27"/><T44/><D123/><U106/><E0/><V33/><F59/><W11/><G2/><T18/><D67/><U71/><E108/><V76/><F10/><W113/><G68/><T109/><D72/><U120/><E43/><N who="2" m="23031" /><F76/><W57/><G113/><T124/><D78/><U64/><E13/><V86/><F86/><W116/><G116/><N who="2" m="44585" /><F92/><W115/><G115/><T55/><D25/><U52/><E120/><V127/><F127/><W36/><G36/><T90/><D124/><U21/><E52/><V105/><F105/><W73/><G73/><T4/><D4/><U37/><E37/><V16/><F16/><N who="3" m="8287" /><G57/><T32/><D55/><U130/><E130/><V85/><F85/><W20/><G110/><N who="0" m="41995" /><D32/><AGARI ba="0,0" hai="3,7,9,32,33,35,132,134" m="44585,23031" machi="32" ten="30,7700,0" yaku="12,1,23,1,52,2" doraHai="128" who="2" fromWho="0" sc="250,-77,250,0,250,77,250,0" /><INIT seed="1,0,0,4,3,0" ten="173,250,327,250" oya="1" hai0="118,122,90,114,13,98,110,134,95,119,91,23,96" hai1="38,68,92,58,128,129,48,34,69,31,100,54,80" hai2="50,7,78,44,70,131,14,76,102,11,2,101,120" hai3="112,60,88,61,71,77,83,72,19,10,39,116,53"/><U133/><E80/><V135/><F70/><W20/><G112/><T4/><D114/><U94/><E34/><V107/><F120/><W52/><G39/><T21/><D122/><U40/><E31/><V115/><F135/><W51/><G116/><T121/><D121/><U130/><E94/><V111/><F111/><W97/><G10/><T81/><D110/><U17/><E17/><V127/><F131/><W125/><G125/><T43/><D43/><U36/><E92/><V66/><F66/><W84/><G97/><T35/><D35/><U108/><E100/><V15/><F127/><W6/><G6/><T106/><D134/><U57/><E133/><V74/><F74/><W62/><G71/><N who="1" m="27210" /><E108/><V105/><F115/><W24/><REACH who="3" step="1"/><G51/><REACH who="3" ten="173,250,327,240" step="2"/><T132/><D132/><U49/><E40/><V75/><F50/><W26/><G26/><T18/><D4/><U3/><E3/><V8/><F2/><W1/><G1/><T126/><D126/><U82/><E82/><AGARI ba="0,1" hai="19,20,24,52,53,60,61,62,72,77,82,83,84,88" machi="82" ten="40,8000,1" yaku="1,1,54,2,53,1" doraHai="0" doraHaiUra="86" who="3" fromWho="1" sc="173,0,250,-80,327,0,240,90" /><INIT seed="2,0,0,3,2,121" ten="173,170,327,330" oya="2" hai0="117,83,42,35,73,131,8,75,15,36,1,127,34" hai1="119,11,48,12,90,82,118,40,59,51,44,114,0" hai2="10,63,122,69,56,99,85,9,130,32,113,2,108" hai3="19,21,107,33,62,89,3,49,20,6,76,16,17"/><V74/><F113/><W4/><G107/><T86/><D131/><U132/><E114/><V29/><F74/><W91/><G33/><T94/><D127/><U47/><E132/><V106/><F122/><W37/><G37/><T70/><D117/><U13/><E0/><V45/><F69/><W26/><G76/><T78/><D70/><U125/><E59/><V115/><F2/><W120/><G120/><T52/><D52/><N who="1" m="29703" /><E13/><V81/><F130/><W38/><G38/><T92/><D15/><U50/><E50/><V7/><F7/><N who="3" m="2603" /><G3/><T126/><D126/><U128/><E125/><V25/><F45/><W112/><G112/><T123/><D123/><U133/><E133/><V53/><F115/><W68/><G62/><T60/><D60/><U14/><E14/><V95/><F106/><W111/><G49/><T88/><D75/><U71/><E71/><V54/><F54/><W65/><G21/><T101/><D8/><U30/><E30/><V135/><F135/><W58/><G68/><T57/><D57/><U110/><E128/><V102/><F108/><W105/><G105/><T27/><D1/><U46/><E110/><V72/><REACH who="2" step="1"/><F72/><REACH who="2" ten="173,170,317,330" step="2"/><W116/><G111/><T43/><D43/><U87/><E47/><V24/><F24/><W124/><G124/><T66/><D27/><U97/><E97/><V39/><F39/><W23/><G26/><T84/><D36/><U109/><E109/><V129/><F129/><W100/><G65/><T134/><D66/><U61/><E61/><V104/><F104/><W22/><G58/><T28/><D134/><U96/><E96/><RYUUKYOKU ba="0,1" sc="173,-15,170,15,317,15,330,-15" hai1="11,12,40,46,51,82,87,90,118,119" hai2="9,10,25,29,32,53,56,63,81,85,95,99,102" /><INIT seed="2,1,1,0,3,48" ten="158,185,332,315" oya="2" hai0="134,74,99,75,10,30,63,98,71,28,20,61,77" hai1="130,11,78,123,47,94,112,128,24,96,101,43,37" hai2="36,80,56,38,108,110,5,49,17,126,57,67,91" hai3="135,82,46,79,31,7,65,83,39,51,45,41,129"/><V92/><F80/><W124/><G124/><T121/><D121/><U9/><E123/><V32/><F32/><W3/><G135/><T66/><D134/><U85/><E112/><V86/><F5/><W18/><G31/><T88/><D10/><U117/><E117/><V53/><F126/><W122/><G122/><T103/><D77/><U102/><E102/><V0/><F0/><W131/><G65/><T111/><D111/><N who="2" m="42538" /><F17/><W15/><G7/><T97/><D61/><AGARI ba="1,1" hai="36,38,49,53,56,57,61,67,86,91,92" m="42538" machi="61" ten="30,5800,0" yaku="14,1,10,1,52,1" doraHai="48" who="2" fromWho="0" sc="158,-61,185,0,332,71,315,0" /><INIT seed="2,2,0,1,1,33" ten="97,185,403,315" oya="2" hai0="71,109,25,51,132,115,82,10,125,81,121,91,40" hai1="44,9,1,66,105,59,117,2,127,64,62,34,116" hai2="11,49,98,56,58,96,41,52,28,61,8,84,12" hai3="111,129,23,94,69,36,15,55,88,122,16,47,128"/><V108/><F108/><W60/><G122/><T118/><D91/><U76/><E34/><V104/><F28/><W80/><G111/><T50/><D25/><U100/><E76/><V133/><F133/><W27/><G80/><T48/><D10/><U77/><E77/><V67/><F104/><W112/><G112/><T29/><D29/><U68/><E9/><V46/><F84/><W99/><G15/><T114/><D40/><U53/><E44/><V17/><REACH who="2" step="1"/><F11/><REACH who="2" ten="97,185,393,315" step="2"/><W19/><G129/><T73/><D109/><U85/><E85/><V72/><F72/><W22/><G128/><T119/><D73/><U13/><E117/><N who="0" m="44553" /><D132/><U6/><E116/><V7/><F7/><W38/><G22/><T130/><D130/><U124/><E6/><V37/><AGARI ba="2,1" hai="8,12,17,37,41,46,49,52,56,58,61,67,96,98" machi="37" ten="20,7800,0" yaku="1,1,0,1,7,1,54,1,53,0" doraHai="33" doraHaiUra="126" who="2" fromWho="2" sc="97,-28,185,-28,393,94,315,-28" /><INIT seed="2,3,0,2,2,84" ten="69,157,487,287" oya="2" hai0="83,67,32,27,88,15,66,2,98,85,128,72,80" hai1="28,4,134,104,107,39,86,9,61,3,127,95,82" hai2="122,109,110,93,34,35,116,99,74,29,20,125,62" hai3="54,50,126,53,40,100,90,8,121,108,52,101,36"/><V114/><F114/><W73/><G121/><T64/><D128/><U65/><E134/><V105/><F116/><W75/><G36/><T69/><D2/><U76/><E127/><V124/><F74/><W129/><G126/><N who="2" m="48745" /><F105/><W46/><G129/><T71/><D98/><U79/><E39/><V135/><F135/><W81/><G108/><N who="2" m="41577" /><F62/><W111/><G111/><T96/><D96/><U77/><E28/><V133/><F133/><W7/><G75/><T22/><D32/><U106/><REACH who="1" step="1"/><E95/><REACH who="1" ten="69,147,487,287" step="2"/><V132/><F132/><W13/><G73/><T49/><D72/><U1/><E1/><V70/><F122/><W6/><G6/><T115/><D115/><U63/><E63/><V55/><F93/><W5/><G5/><T94/><D49/><U31/><E31/><V118/><F29/><W21/><G21/><T97/><D83/><U112/><E112/><V130/><F20/><W19/><G7/><T43/><D43/><U117/><E117/><V18/><F118/><W92/><G81/><T87/><D87/><AGARI ba="3,1" hai="8,13,19,40,46,50,52,53,54,87,90,92,100,101" machi="87" ten="40,5200,0" yaku="8,1,52,1,54,1" doraHai="84" who="3" fromWho="0" sc="69,-61,147,0,487,0,287,71" /><INIT seed="3,0,0,0,0,77" ten="8,147,487,358" oya="3" hai0="0,116,11,105,61,79,38,132,9,58,42,81,15" hai1="1,10,124,99,72,65,103,52,73,131,13,35,115" hai2="47,8,76,19,48,2,50,92,70,78,20,95,23" hai3="32,91,111,98,93,102,37,33,133,27,118,100,74"/><W43/><G118/><T85/><D116/><U57/><E115/><V44/><F70/><W39/><G133/><T59/><D132/><U17/><E35/><V54/><F2/><W34/><G111/><T125/><D125/><U53/><E65/><V119/><F8/><W88/><G74/><T122/><D122/><U18/><E131/><V69/><F23/><W62/><G27/><T83/><D105/><U63/><E124/><V24/><F69/><W120/><G120/><T127/><D127/><U113/><E113/><V36/><F36/><W126/><G126/><T22/><D0/><U117/><E117/><V12/><F12/><W96/><G62/><T128/><D128/><U51/><E18/><V31/><F19/><W94/><REACH who="3" step="1"/><G43/><REACH who="3" ten="8,147,487,348" step="2"/><T107/><D107/><U109/><E109/><V26/><F26/><W123/><G123/><T56/><D22/><U129/><E129/><V21/><F21/><W16/><G16/><T108/><D108/><U71/><E73/><V3/><F119/><W46/><G46/><T28/><D28/><U14/><E72/><V86/><F47/><W82/><G82/><N who="0" m="47327" /><D9/><U7/><E1/><V130/><F3/><W25/><G25/><T87/><D61/><U84/><E10/><V134/><F134/><W75/><G75/><T66/><D66/><U80/><E63/><V5/><F130/><W41/><G41/><T89/><D81/><U97/><E80/><V112/><F20/><W101/><AGARI ba="0,1" hai="32,33,34,37,39,88,91,93,94,96,98,100,101,102" machi="101" ten="40,12000,1" yaku="1,1,0,1,9,1,54,1,53,0" doraHai="77" doraHaiUra="110" who="3" fromWho="3" sc="8,-40,147,-40,487,-40,348,130" owari="-32,-53.2,107,-29.3,447,24.7,478,57.8" /></mjloggm>