<mjloggm ver="2.3"><GO type="225" lobby="0"/><UN n0="%E5%8D%A0%E3%81%84%E5%B8%AB%E8%A3%8F%E3%81%AA%E3%81%84%E3%81%97" n1="%E6%A1%9C%E8%8A%B1%E9%96%83%E3%80%85" n2="%E5%91%A8%E6%9D%B1" n3="%E6%81%AC%E6%B7%A1%E5%AF%82%E5%AF%9E" dan="17,17,16,16" rate="2260.96,2182.82,2224.94,2127.73" sx="M,M,M,F"/><TAIKYOKU oya="0"/><INIT seed="0,0,0,2,0,113" ten="250,250,250,250" oya="0" hai0="64,115,90,104,37,50,124,121,39,123,8,110,131" hai1="130,36,31,75,26,44,85,7,116,66,128,35,81" hai2="99,71,67,34,62,100,57,40,78,95,119,63,14" hai3="1,84,47,134,15,68,114,89,79,72,103,3,98"/><T18/><D104/><U53/><E75/><V122/><F122/><W54/><G68/><T74/><D115/><U12/><E66/><V106/><F34/><W21/><G114/><T73/><D131/><N who="1" m="50219" /><E12/><V52/><F78/><W5/><G79/><T20/><D124/><U120/><E7/><V17/><F40/><W108/><G5/><T27/><D110/><U135/><E135/><V23/><REACH who="2" step="1"/><F106/><REACH who="2" ten="250,250,240,250" step="2"/><W48/><G134/><T42/><D42/><N who="1" m="22599" /><E120/><V55/><F55/><W129/><G129/><T126/><D123/><U28/><E53/><V11/><F11/><W92/><G108/><T109/><D8/><U45/><E45/><V13/><F13/><W9/><G9/><T127/><D121/><U19/><E35/><V91/><F91/><W88/><G89/><T65/><D90/><N who="1" m="51503" /><E116/><AGARI ba="0,1" hai="14,17,23,52,57,62,63,67,71,95,99,100,116,119" machi="116" ten="40,8000,1" yaku="1,1,52,2,54,1,53,1" doraHai="113" doraHaiUra="97" who="2" fromWho="1" sc="250,0,250,-80,240,90,250,0" /><INIT seed="1,0,0,5,2,19" ten="250,170,330,250" oya="1" hai0="36,96,88,125,17,15,113,33,86,35,72,53,5" hai1="131,128,101,92,3,107,111,132,4,34,43,78,48" hai2="129,9,123,104,40,95,90,105,20,64,38,6,77" hai3="93,118,73,74,45,130,67,21,51,102,69,124,68"/><U79/><E34/><V97/><F123/><W106/><G106/><T135/><D113/><U56/><E107/><V116/><F116/><W80/><G118/><T83/><D36/><U89/><E101/><V12/><F129/><N who="1" m="49737" /><E132/><V98/><F64/><W22/><G130/><T26/><D72/><U30/><E30/><V58/><F77/><W134/><G74/><T50/><D125/><U16/><E111/><V0/><F58/><W52/><G124/><T13/><D135/><U85/><E4/><V7/><F7/><W1/><G1/><T115/><D115/><U55/><E3/><V122/><F122/><W46/><G69/><T47/><D33/><U14/><E43/><V39/><F40/><W126/><G126/><T99/><D35/><U87/><E87/><V109/><F109/><W94/><G134/><T54/><D54/><U63/><E63/><V60/><F60/><W57/><G102/><T84/><D86/><U91/><E91/><V117/><F117/><W37/><G73/><T114/><D114/><U110/><E110/><V28/><F104/><W127/><G127/><T65/><D65/><U112/><E112/><V71/><F105/><W66/><G66/><T8/><D26/><U121/><E121/><V61/><F61/><N who="3" m="40047" /><G80/><T31/><D31/><U44/><E44/><V27/><F27/><W59/><G46/><T41/><D41/><U75/><E75/><V23/><F28/><W25/><G25/><T100/><D100/><U82/><E82/><V120/><F120/><W18/><G45/><T2/><D2/><U133/><E133/><V42/><F0/><RYUUKYOKU ba="0,0" sc="250,15,170,15,330,-15,250,-15" hai0="5,8,13,15,17,47,50,53,83,84,88,96,99" hai1="14,16,48,55,56,78,79,85,89,92" /><INIT seed="1,1,0,5,2,16" ten="265,185,315,235" oya="1" hai0="43,72,36,95,135,94,55,9,2,66,32,60,91" hai1="53,27,120,104,40,80,51,75,131,105,76,86,19" hai2="26,126,4,78,130,8,117,62,82,29,23,11,127" hai3="112,6,73,118,59,83,68,30,99,92,24,106,102"/><U84/><E120/><V34/><F117/><W113/><G118/><T45/><D32/><U10/><E131/><V15/><F130/><W70/><G59/><T93/><D135/><U37/><E37/><V109/><F109/><W114/><G6/><T48/><D72/><U17/><E40/><V50/><F62/><W61/><G92/><T77/><D77/><U65/><E65/><V119/><F119/><W108/><G108/><T79/><D79/><U56/><E19/><V1/><F50/><W39/><G39/><T124/><D124/><U115/><E115/><V123/><F123/><W87/><G87/><T25/><D25/><U107/><REACH who="1" step="1"/><E10/><REACH who="1" ten="265,175,315,235" step="2"/><V18/><F11/><W63/><G113/><T128/><D128/><U97/><E97/><V88/><F88/><W31/><G114/><T89/><D89/><U57/><E57/><V0/><F0/><W58/><G58/><N who="0" m="33127" /><D9/><U101/><E101/><V90/><F90/><W134/><G102/><T125/><D2/><U5/><E5/><V81/><F78/><W52/><G112/><T54/><D91/><U49/><E49/><V13/><F1/><W98/><G98/><T132/><D66/><U67/><E67/><V110/><F110/><W41/><G99/><T38/><D36/><U42/><E42/><V122/><F122/><W28/><G41/><T121/><D121/><U100/><E100/><V20/><F126/><W14/><G70/><T69/><D125/><U3/><E3/><N who="2" m="31" /><F127/><W133/><G68/><T64/><D54/><U96/><E96/><V103/><F103/><W111/><G111/><T85/><D38/><RYUUKYOKU ba="1,1" sc="265,-15,175,15,315,15,235,-15" hai1="17,27,51,53,56,75,76,80,84,86,104,105,107" hai2="13,15,18,20,23,26,29,34,81,82" /><INIT seed="1,2,1,1,5,92" ten="250,190,330,220" oya="1" hai0="57,45,65,109,120,107,2,76,101,42,52,113,126" hai1="84,117,16,21,15,35,17,56,19,37,71,61,36" hai2="88,106,1,108,12,86,115,73,55,83,82,100,30" hai3="59,67,51,8,135,104,53,127,77,118,3,134,116"/><U125/><E117/><N who="3" m="45162" /><G104/><T105/><D113/><U85/><E71/><V96/><F1/><W130/><G77/><T60/><D109/><U46/><E35/><V20/><F108/><W110/><G110/><T14/><D2/><U95/><E125/><V124/><F124/><W131/><G3/><T102/><D126/><U9/><E46/><V4/><F115/><W112/><G8/><T93/><D76/><U70/><E70/><V75/><F83/><W68/><G127/><T123/><D65/><U48/><E48/><V38/><F38/><W132/><G112/><T81/><D81/><U26/><E19/><V103/><F103/><W58/><G68/><T72/><D14/><U89/><REACH who="1" step="1"/><E85/><REACH who="1" ten="250,180,330,220" step="2"/><V23/><F86/><W91/><G91/><T24/><D120/><U31/><E31/><V49/><F88/><W66/><G59/><T64/><D123/><U87/><E87/><V40/><F30/><W50/><G50/><T98/><D45/><U25/><E25/><V44/><F49/><W122/><G122/><T39/><D24/><U78/><E78/><V11/><F44/><W29/><G29/><T22/><D39/><U63/><E63/><V47/><F47/><W128/><AGARI ba="2,2" hai="51,53,58,66,67,128,130,131,132,134,135" m="45162" machi="128" ten="50,8000,1" yaku="19,1,20,1,12,1,34,2" doraHai="92" who="3" fromWho="3" sc="250,-22,180,-42,330,-22,220,106" /><INIT seed="2,0,0,2,4,21" ten="228,138,308,326" oya="2" hai0="102,73,88,79,113,115,126,51,122,8,16,134,106" hai1="10,57,92,2,5,59,114,29,110,34,40,80,58" hai2="118,32,60,99,105,124,26,101,39,87,125,4,47" hai3="100,54,74,69,98,131,7,104,121,112,119,18,61"/><V33/><F118/><W12/><G119/><T28/><D122/><U117/><E117/><V130/><F130/><W84/><G74/><T43/><D134/><U6/><E114/><V71/><F87/><W64/><G121/><T107/><D126/><N who="2" m="48746" /><F4/><W85/><G131/><T133/><D28/><U22/><E110/><V44/><F39/><W82/><G112/><T75/><D133/><U111/><E111/><V41/><F41/><W11/><G54/><T31/><D31/><U103/><E40/><V97/><F97/><W62/><G62/><T128/><D43/><U96/><E5/><V93/><F93/><W46/><G46/><N who="2" m="17449" /><F26/><W81/><G7/><T17/><D128/><U91/><E34/><V68/><F60/><W1/><G1/><T15/><D115/><U65/><E80/><V36/><F36/><W56/><G82/><T25/><D73/><U24/><REACH who="1" step="1"/><E91/><REACH who="1" ten="228,128,308,326" step="2"/><V95/><F33/><W42/><G81/><N who="0" m="45311" /><D88/><U48/><E48/><V129/><F32/><W120/><G42/><T27/><D51/><U45/><E45/><V108/><F108/><W77/><G120/><T116/><D116/><U86/><E86/><V13/><F129/><W132/><G132/><T23/><D113/><U89/><E89/><V70/><F105/><W52/><G77/><T0/><D107/><U94/><E94/><V14/><AGARI ba="0,1" hai="13,14,68,70,71,95,99,101" m="17449,48746" machi="14" ten="40,2100,0" yaku="18,1" doraHai="21" who="2" fromWho="2" sc="228,-7,128,-7,308,31,326,-7" /><INIT seed="2,1,0,4,3,63" ten="221,121,339,319" oya="2" hai0="127,49,125,66,131,6,83,72,1,85,134,59,60" hai1="4,62,44,102,48,103,91,87,54,53,122,106,50" hai2="2,79,33,94,65,126,112,14,133,0,82,111,41" hai3="130,99,74,68,124,64,57,9,81,129,56,5,115"/><V132/><F112/><W61/><G124/><N who="0" m="47691" /><D72/><U25/><E122/><V104/><F104/><W98/><G115/><T92/><D1/><U32/><E106/><V97/><F33/><W29/><G29/><T108/><D108/><U88/><E4/><V31/><F31/><W55/><G57/><T43/><D6/><U16/><E62/><V19/><F41/><W35/><G35/><T100/><D131/><N who="3" m="50185" /><G74/><T119/><D119/><U135/><E135/><N who="2" m="51787" /><F126/><W37/><G37/><T23/><D134/><U96/><E96/><V75/><F111/><W76/><G99/><N who="0" m="59495" /><D23/><N who="1" m="13543" /><E32/><V24/><F24/><W21/><G98/><T42/><D49/><U67/><E67/><V45/><F65/><W121/><G121/><T86/><D86/><U77/><E77/><AGARI ba="1,0" hai="42,43,59,60,66,77,83,85" m="59495,47691" machi="77" ten="30,2000,0" yaku="18,1,52,1" doraHai="63" who="0" fromWho="1" sc="221,23,121,-23,339,0,319,0" /><INIT seed="3,0,0,5,5,97" ten="244,98,339,319" oya="3" hai0="115,89,76,127,3,110,0,85,36,34,106,4,78" hai1="87,90,23,53,28,92,121,35,135,15,133,75,1" hai2="52,114,109,42,116,7,12,43,112,48,80,131,93" hai3="124,41,57,99,45,126,132,24,119,51,47,21,13"/><W64/><G119/><T46/><D34/><U49/><E121/><V101/><F116/><W102/><G132/><T122/><D122/><U129/><E129/><V60/><F131/><W55/><G13/><T86/><D36/><U5/><E75/><V113/><F109/><W38/><G64/><T62/><D62/><U74/><E74/><V68/><F80/><W11/><G11/><T37/><D37/><U111/><E111/><V72/><F72/><W96/><G47/><T105/><D46/><U27/><E1/><V67/><F7/><W98/><REACH who="3" step="1"/><G102/><REACH who="3" ten="244,98,339,309" step="2"/><T70/><D110/><U77/><E5/><V69/><F12/><W125/><G125/><T8/><D0/><U17/><E133/><V25/><F101/><W88/><G88/><T26/><D127/><U104/><E135/><V73/><F67/><W31/><AGARI ba="0,1" hai="21,24,31,38,41,45,51,55,57,96,98,99,124,126" machi="31" ten="30,3000,0" yaku="1,1,0,1,53,0" doraHai="97" doraHaiUra="103" who="3" fromWho="3" sc="244,-10,98,-10,339,-10,309,40" owari="234,-16.6,88,-41.2,329,12.9,349,44.9" /></mjloggm>