<mjloggm ver="2.3"><GO type="225" lobby="0"/><UN n0="%E3%83%8F%E3%83%B3%E3%83%89%E3%83%A9%E3%83%BC%E3%83%BB%E3%83%AF%E3%83%B3" n1="%E3%83%96%E3%83%83%E3%83%91%E3%82%AA%E3%83%96%E3%83%81%E3%82%AD%E3%83%B3" n2="%E6%9D%B1%E9%A2%A8%E3%81%AE%E3%81%8D%E3%82%83%E3%81%B7%E3%81%95%E3%82%93" n3="%70%68%65%6E%6F%6D%65" dan="17,16,16,16" rate="2183.59,2124.85,2148.80,2146.01" sx="M,M,M,M"/><TAIKYOKU oya="0"/><INIT seed="0,0,0,5,2,26" ten="250,250,250,250" oya="0" hai0="70,20,119,23,25,132,50,87,29,88,19,115,123" hai1="55,27,93,124,52,62,97,15,109,80,98,110,45" hai2="96,41,30,78,114,17,77,3,134,116,122,35,75" hai3="94,64,11,56,60,82,76,126,46,105,43,120,54"/><T68/><D115/><U57/><E124/><V71/><F96/><W63/><G126/><T121/><D119/><U44/><E110/><V16/><F41/><W91/><G105/><T4/><D132/><U18/><E109/><V13/><F71/><W7/><G120/><T83/><D4/><U14/><E98/><V72/><F114/><W106/><G106/><T65/><D50/><U107/><E107/><V12/><F122/><W8/><G94/><T90/><D70/><U69/><E69/><V47/><F47/><W84/><G91/><T28/><D90/><U22/><E80/><V53/><F53/><W118/><G118/><T135/><D135/><U92/><E92/><V104/><F104/><W112/><G112/><T117/><D117/><U6/><E6/><V0/><F116/><W85/><G84/><T111/><D111/><U103/><REACH who="1" step="1"/><E44/><REACH who="1" ten="250,240,250,250" step="2"/><V59/><F134/><W36/><G7/><T130/><D130/><U32/><E32/><V101/><F35/><W38/><G38/><T102/><D102/><U1/><E1/><V31/><F59/><AGARI ba="0,1" hai="8,11,36,43,46,54,56,59,60,63,64,76,82,85" machi="59" ten="30,1000,0" yaku="7,1" doraHai="26" who="3" fromWho="2" sc="250,0,240,0,250,-10,250,20" /><INIT seed="1,0,0,1,0,40" ten="250,240,240,270" oya="1" hai0="111,96,5,6,24,8,103,66,92,34,22,3,17" hai1="39,0,14,133,19,84,99,128,57,83,79,113,36" hai2="60,10,64,56,81,43,97,112,101,51,89,52,71" hai3="53,18,120,94,122,23,38,45,50,12,132,73,31"/><U80/><E113/><V58/><F112/><W105/><G105/><T90/><D111/><U134/><E0/><V95/><F10/><W29/><G132/><N who="1" m="50794" /><E128/><V33/><F33/><W27/><G73/><T25/><D6/><U26/><E26/><V61/><F43/><W2/><G2/><T75/><D75/><U117/><E117/><V88/><F81/><W74/><G74/><T116/><D116/><U21/><E83/><V46/><F71/><W104/><G104/><T131/><D131/><U100/><E57/><V35/><REACH who="2" step="1"/><F35/><REACH who="2" ten="250,240,230,270" step="2"/><W135/><G135/><T86/><D34/><U32/><E32/><V123/><F123/><W129/><G129/><T72/><D72/><U65/><E65/><V127/><F127/><W13/><G122/><T124/><D66/><U106/><AGARI ba="0,1" hai="14,19,21,36,39,79,80,84,99,100,106" m="50794" machi="106" ten="30,1500,0" yaku="20,1" doraHai="40" who="1" fromWho="1" sc="250,-5,240,25,230,-5,270,-5" /><INIT seed="1,1,0,4,4,120" ten="245,265,225,265" oya="1" hai0="129,67,41,17,54,3,11,26,10,33,113,23,34" hai1="5,25,123,108,127,56,109,7,112,45,44,125,51" hai2="78,131,110,35,0,19,73,94,16,9,105,102,27" hai3="128,37,133,57,31,49,101,93,8,46,88,58,99"/><U36/><E123/><V76/><F105/><W22/><G128/><T126/><D67/><U80/><E112/><V12/><F0/><W62/><G133/><T24/><D41/><N who="1" m="22567" /><E25/><N who="0" m="9833" /><D54/><N who="1" m="30063" /><E80/><V60/><F60/><W79/><G37/><T71/><D71/><U66/><E5/><V83/><F76/><W13/><G79/><T107/><D107/><U1/><E1/><V75/><F75/><W95/><G22/><T42/><D42/><U118/><E7/><V117/><F117/><W85/><G31/><T53/><D53/><U64/><E118/><V61/><F61/><W74/><G74/><T115/><D129/><U135/><E135/><V38/><F38/><W40/><REACH who="3" step="1"/><G62/><REACH who="3" ten="245,265,225,255" step="2"/><T106/><D113/><U2/><E2/><V90/><F131/><W59/><G59/><T84/><D115/><U124/><E56/><V30/><F19/><AGARI ba="1,1" hai="8,13,19,40,46,49,57,58,85,88,93,95,99,101" machi="19" ten="30,7700,0" yaku="1,1,7,1,8,1,54,1,53,0" doraHai="120" doraHaiUra="132" who="3" fromWho="2" sc="245,0,265,0,225,-80,255,90" /><INIT seed="2,0,0,4,4,17" ten="245,265,145,345" oya="2" hai0="7,71,13,112,14,8,49,106,120,84,26,20,87" hai1="9,121,99,103,111,45,53,69,42,100,96,102,104" hai2="59,39,107,109,31,50,37,48,82,117,41,51,129" hai3="93,79,122,70,89,101,34,86,0,25,58,73,97"/><V85/><F107/><W91/><G70/><T127/><D120/><U1/><E121/><V19/><F117/><W83/><G0/><T74/><D112/><U65/><E111/><V60/><F109/><W5/><G122/><T95/><D106/><U57/><E1/><V61/><F31/><N who="3" m="19823" /><G5/><T18/><D74/><U132/><E132/><V33/><F33/><W36/><G58/><T54/><D71/><U133/><E9/><V3/><F3/><W28/><G91/><T10/><D95/><U38/><E133/><V130/><F19/><W27/><G27/><T6/><D127/><U43/><E43/><V76/><F41/><W67/><G67/><T128/><D128/><N who="2" m="49258" /><F60/><W16/><G16/><T88/><D88/><U92/><E104/><V2/><F2/><W105/><G36/><T126/><D126/><U21/><E21/><V40/><F40/><W115/><G28/><T66/><D66/><AGARI ba="0,0" hai="37,39,48,50,51,59,61,66,76,82,85" m="49258" machi="66" ten="30,1500,0" yaku="19,1" doraHai="17" who="2" fromWho="0" sc="245,-15,265,0,145,15,345,0" /><INIT seed="2,1,0,1,3,128" ten="230,265,160,345" oya="2" hai0="58,69,72,29,103,92,11,93,82,51,37,1,52" hai1="46,50,101,26,87,27,24,25,57,59,71,42,80" hai2="18,73,34,88,15,17,89,106,83,117,78,127,119" hai3="62,64,31,84,104,99,56,85,90,97,41,131,55"/><V47/><F34/><W20/><G131/><T63/><D37/><U112/><E112/><V8/><F106/><W76/><G41/><T122/><D122/><U16/><E71/><V116/><F127/><W68/><G104/><T6/><D103/><U36/><E36/><V113/><F113/><W49/><G76/><T67/><REACH who="0" step="1"/><D29/><REACH who="0" ten="220,265,160,345" step="2"/><U39/><E39/><V74/><F74/><W125/><G125/><T86/><D86/><U77/><REACH who="1" step="1"/><E101/><REACH who="1" ten="220,255,160,345" step="2"/><V111/><F111/><W134/><G134/><T43/><D43/><U107/><E107/><V38/><REACH who="2" step="1"/><F18/><REACH who="2" ten="220,255,150,345" step="2"/><W21/><G31/><T105/><D105/><U109/><E109/><V123/><F123/><W115/><G115/><T81/><D81/><U40/><E40/><AGARI ba="1,3" hai="8,15,17,38,40,47,73,78,83,88,89,116,117,119" machi="40" ten="40,3900,0" yaku="1,1,54,1,53,0" doraHai="128" doraHaiUra="0" who="2" fromWho="1" sc="220,0,255,-42,150,72,345,0" /><INIT seed="2,2,0,5,2,110" ten="220,213,222,345" oya="2" hai0="117,97,47,107,4,14,73,113,120,22,34,12,62" hai1="126,15,3,39,102,0,44,32,68,63,91,100,16" hai2="29,2,129,10,87,122,52,79,30,33,69,64,17" hai3="114,59,124,104,21,127,40,111,24,45,71,95,49"/><V1/><F122/><W56/><G104/><T48/><D34/><U119/><E119/><V38/><F38/><W28/><G111/><T132/><D120/><U94/><E32/><V46/><F69/><W6/><G71/><T123/><D123/><U65/><E126/><N who="3" m="48170" /><G114/><T37/><D37/><U54/><E0/><V36/><F64/><W128/><G128/><T8/><D73/><U85/><E3/><V58/><F129/><W75/><G75/><T121/><D121/><U81/><E94/><V77/><F33/><W84/><G6/><T112/><D132/><U51/><REACH who="1" step="1"/><E39/><REACH who="1" ten="220,203,222,345" step="2"/><V109/><F109/><W9/><G9/><AGARI ba="2,1" hai="9,15,16,44,51,54,63,65,68,81,85,91,100,102" machi="9" ten="30,12000,2" yaku="1,1,2,1,7,1,25,2,54,1,53,0" doraHai="110" doraHaiUra="72" who="1" fromWho="3" sc="220,0,203,136,222,0,345,-126" /><INIT seed="3,0,0,1,0,114" ten="220,339,222,219" oya="3" hai0="11,32,79,132,23,68,10,17,12,81,125,82,36" hai1="107,38,21,18,28,14,118,19,49,54,46,93,117" hai2="30,34,89,24,121,95,51,120,53,27,74,58,134" hai3="41,2,43,25,130,77,113,39,102,126,0,20,26"/><W98/><G113/><T78/><D36/><U29/><E107/><V70/><F24/><W59/><G126/><T87/><D32/><U110/><E110/><V97/><F70/><W100/><G77/><T127/><D68/><U112/><E112/><V62/><F74/><W88/><G130/><T96/><D132/><U61/><E38/><V94/><F134/><W116/><G116/><N who="1" m="44650" /><E93/><N who="2" m="56495" /><F62/><W8/><G39/><T123/><D123/><AGARI ba="0,0" hai="27,30,34,51,53,58,94,95,120,121,123" m="56495" machi="123" ten="30,1000,0" yaku="13,1" doraHai="114" who="2" fromWho="0" sc="220,-10,339,0,222,10,219,0" owari="210,-29.0,339,43.9,232,3.2,219,-18.1" /></mjloggm>