<mjloggm ver="2.3"><GO type="225" lobby="0"/><UN n0="%E8%81%B7%E6%A5%AD%E3%80%81%E9%A2%A8%32" n1="%5C%28%E2%89%A7%E2%96%BD%E2%89%A6%29%2F" n2="%E7%99%BD%E9%9B%AA%E4%B9%83%E6%84%9B" n3="%E7%99%BD%E5%80%89%E5%AF%9B%E4%B9%8B" dan="16,16,16,16" rate="2145.46,2075.46,2032.70,2130.40" sx="M,M,F,M"/><TAIKYOKU oya="0"/><INIT seed="0,0,0,2,4,61" ten="250,250,250,250" oya="0" hai0="56,74,39,73,45,9,51,64,31,62,129,16,104" hai1="0,97,37,19,29,77,55,87,94,88,6,30,15" hai2="110,43,83,105,82,126,59,48,99,18,96,92,114" hai3="52,10,53,116,80,75,70,131,27,86,135,71,12"/><T95/><D104/><U38/><E6/><V122/><F114/><W127/><G75/><T36/><D129/><U3/><E38/><V54/><F122/><W89/><G116/><T81/><D36/><U125/><E37/><V57/><F110/><W100/><G131/><T76/><D74/><U58/><E125/><V60/><F126/><W118/><G127/><T17/><D39/><U13/><E0/><V115/><F115/><W120/><G118/><T79/><D79/><U35/><E3/><V98/><F105/><W121/><G135/><T11/><D31/><N who="1" m="11787" /><E35/><V134/><F134/><W49/><G100/><T41/><REACH who="0" step="1"/><D95/><REACH who="0" ten="240,250,250,250" step="2"/><U66/><E77/><V47/><F92/><W108/><G121/><T91/><D91/><U90/><E19/><AGARI ba="0,1" hai="9,11,16,17,19,41,45,51,56,62,64,73,76,81" machi="19" ten="40,7700,0" yaku="1,1,52,1,54,1,53,0" doraHai="61" doraHaiUra="112" who="0" fromWho="1" sc="240,87,250,-77,250,0,250,0" /><INIT seed="0,1,0,3,2,21" ten="327,173,250,250" oya="0" hai0="115,11,74,54,76,44,113,80,22,53,104,75,124" hai1="72,110,61,6,10,103,91,40,98,63,30,51,132" hai2="8,120,82,97,70,26,34,33,127,2,131,32,108" hai3="31,119,60,57,62,20,48,9,14,118,90,4,29"/><T45/><D104/><U95/><E110/><V88/><F120/><W130/><G130/><T123/><D123/><U1/><E132/><V23/><F70/><W65/><G31/><T49/><D124/><U55/><E72/><V87/><F108/><W106/><G106/><T28/><D11/><U68/><E40/><V0/><F131/><W117/><G90/><T24/><REACH who="0" step="1"/><D75/><REACH who="0" ten="317,173,250,250" step="2"/><U125/><E125/><V126/><F8/><W19/><G119/><T35/><D35/><U121/><E121/><V101/><F127/><W12/><G118/><T99/><D99/><U41/><E98/><V58/><F126/><W94/><G117/><T73/><D73/><U36/><E10/><V17/><REACH who="2" step="1"/><F58/><REACH who="2" ten="317,173,240,250" step="2"/><N who="3" m="37015" /><G9/><T100/><D100/><U105/><E103/><V13/><F13/><W71/><G14/><T134/><D134/><U86/><E68/><V77/><F77/><W114/><G12/><T135/><D135/><U84/><E1/><V52/><F52/><W5/><G57/><T102/><D102/><U116/><E55/><V79/><F79/><W38/><G71/><T67/><D67/><U93/><E116/><V109/><F109/><W107/><G107/><AGARI ba="1,2" hai="0,2,17,23,26,32,33,34,82,87,88,97,101,107" machi="107" ten="40,5200,0" yaku="1,1,52,1,54,1,53,0" doraHai="21" doraHaiUra="111" who="2" fromWho="3" sc="317,0,173,0,240,75,250,-55" /><INIT seed="1,0,0,1,5,80" ten="317,173,315,195" oya="1" hai0="22,25,6,121,54,97,78,100,122,104,64,20,52" hai1="131,30,123,47,1,103,75,86,81,16,24,5,70" hai2="84,55,61,112,15,89,2,72,106,92,114,73,7" hai3="65,27,38,43,11,125,85,3,127,26,77,19,48"/><U8/><E123/><N who="0" m="47113" /><D78/><U59/><E75/><V28/><F2/><W82/><G65/><T4/><D64/><U41/><E70/><V115/><F28/><W63/><G63/><T120/><N who="0" m="47121" /><T57/><DORA hai="98" /><D22/><U109/><E131/><V36/><F36/><W34/><G38/><T99/><D97/><U17/><E109/><V21/><F106/><W108/><G108/><T93/><D104/><U107/><E59/><N who="2" m="35071" /><F21/><W129/><G129/><T10/><D57/><U46/><E103/><V118/><F118/><W113/><G34/><T29/><D6/><U49/><E47/><V39/><F39/><W88/><G113/><T45/><D45/><U68/><E68/><V58/><F58/><W53/><G43/><T23/><D23/><U135/><E107/><V102/><F102/><W90/><G27/><T31/><D29/><U74/><E74/><V132/><F132/><W76/><G26/><T44/><D44/><U67/><E67/><V0/><F0/><AGARI ba="0,0" hai="0,4,10,20,25,31,52,54,93,99,100" m="47121" machi="0" ten="40,5200,0" yaku="13,1,52,1,54,1" doraHai="80,98" who="0" fromWho="2" sc="317,52,173,0,315,-52,195,0" /><INIT seed="2,0,0,5,5,34" ten="369,173,263,195" oya="2" hai0="54,71,38,65,32,113,124,120,93,55,89,23,24" hai1="86,108,87,64,77,29,43,92,17,45,96,48,114" hai2="117,121,80,7,126,8,81,82,125,128,60,11,22" hai3="72,18,115,12,26,132,46,27,110,44,5,78,112"/><V49/><F117/><W1/><G78/><T75/><D113/><N who="3" m="43593" /><G72/><T14/><D120/><U99/><E114/><V15/><F121/><W9/><G46/><T63/><D124/><U129/><E108/><V123/><F123/><W104/><G44/><T127/><D127/><U83/><E129/><V62/><F128/><W52/><G104/><T76/><D38/><U16/><E29/><V134/><F134/><W28/><G52/><T58/><D32/><U19/><E64/><V135/><F135/><W56/><G56/><T31/><D14/><U57/><E57/><V13/><F126/><W39/><G39/><T98/><REACH who="0" step="1"/><D58/><REACH who="0" ten="359,173,263,195" step="2"/><U95/><REACH who="1" step="1"/><E86/><REACH who="1" ten="359,163,263,195" step="2"/><V6/><F125/><W88/><G132/><T35/><D35/><U51/><E51/><V131/><F131/><W50/><G110/><T133/><D133/><U91/><E91/><V25/><F49/><W102/><G50/><T100/><D100/><U21/><E21/><V69/><F69/><W33/><G88/><T74/><D74/><U73/><E73/><V2/><F60/><W53/><G102/><T116/><D116/><U42/><E42/><V130/><F62/><W66/><G66/><T107/><D107/><U4/><E4/><V101/><F130/><W84/><G84/><T36/><D36/><U40/><E40/><V70/><F70/><W79/><G53/><T103/><D103/><U97/><AGARI ba="0,2" hai="16,17,19,43,45,48,77,83,87,92,95,96,97,99" machi="97" ten="30,7900,0" yaku="1,1,0,1,8,1,54,1,53,0" doraHai="34" doraHaiUra="68" who="1" fromWho="1" sc="359,-20,163,99,263,-39,195,-20" /><INIT seed="3,0,0,2,5,45" ten="339,262,224,175" oya="3" hai0="17,16,83,86,11,120,113,57,70,3,135,108,50" hai1="106,42,61,112,10,91,84,44,47,117,6,53,124" hai2="12,63,25,22,64,96,74,82,98,99,1,28,60" hai3="49,48,31,125,58,62,134,21,36,115,23,130,24"/><W88/><G36/><T77/><D70/><U26/><E112/><V127/><F1/><W15/><G115/><T72/><D108/><U39/><E106/><V97/><F127/><W55/><G125/><T121/><D135/><U51/><E124/><V20/><F74/><W41/><G134/><T132/><D132/><U0/><E117/><V109/><F109/><W126/><G126/><T105/><D105/><U116/><E116/><V92/><F82/><W80/><G130/><T54/><D113/><U79/><E79/><V2/><F2/><W101/><G101/><T34/><D34/><U93/><E61/><V5/><F64/><W4/><G41/><T38/><D38/><U30/><E26/><V37/><F37/><W94/><G80/><T118/><D72/><U122/><E30/><V33/><F33/><W111/><G111/><T7/><REACH who="0" step="1"/><D118/><REACH who="0" ten="329,262,224,175" step="2"/><U75/><E75/><V19/><F5/><W46/><G46/><T43/><D43/><U129/><E129/><V35/><F35/><W52/><G55/><T73/><D73/><U8/><E122/><AGARI ba="0,1" hai="3,7,11,16,17,50,54,57,77,83,86,120,121,122" machi="122" ten="40,5200,0" yaku="1,1,52,1,54,1,53,0" doraHai="45" doraHaiUra="40" who="0" fromWho="1" sc="329,62,262,-52,224,0,175,0" owari="391,49.1,210,-19.0,224,2.4,175,-32.5" /></mjloggm>