<mjloggm ver="2.3"><GO type="225" lobby="0"/><UN n0="%77%72%77%72%77%72%77%72" n1="%E6%98%93%E5%88%A9%E8%96%A9%E4%BC%AF" n2="%E5%B8%86%E7%AB%8B%E5%A4%8F%E8%A1%A3" n3="%E3%82%8A%E3%81%93%E3%82%8A%E3%82%93%E3%81%94" dan="17,16,17,17" rate="2156.10,2144.03,2151.82,2197.46" sx="M,F,M,M"/><TAIKYOKU oya="0"/><INIT seed="0,0,0,3,3,69" ten="250,250,250,250" oya="0" hai0="20,23,91,94,45,87,3,51,15,40,103,13,114" hai1="131,28,107,31,63,105,132,89,25,83,47,37,101" hai2="79,85,75,21,97,33,55,39,17,100,18,10,99" hai3="122,60,29,44,6,108,16,65,112,77,22,57,130"/><T120/><D114/><U71/><E131/><V52/><F33/><W80/><G112/><T82/><D120/><U88/><E132/><V26/><F75/><W27/><G108/><T98/><REACH who="0" step="1"/><D3/><REACH who="0" ten="240,250,250,250" step="2"/><U4/><E107/><V129/><F129/><W30/><G130/><T2/><D2/><U36/><E105/><V124/><F124/><W32/><G122/><T118/><D118/><U96/><E31/><V50/><F18/><W81/><G30/><T58/><D58/><U123/><E28/><V8/><F17/><W7/><G44/><T102/><D102/><U14/><E47/><V111/><F100/><W66/><G29/><T116/><D116/><U46/><E46/><V119/><F119/><W70/><G32/><T67/><D67/><U104/><E101/><V128/><F128/><W117/><G117/><T106/><D106/><U86/><E104/><V74/><F111/><W43/><G66/><T48/><D48/><U1/><E1/><V115/><F50/><W41/><G70/><T93/><D93/><U0/><E0/><V9/><F115/><W109/><G109/><T12/><AGARI ba="0,1" hai="12,13,15,20,23,40,45,51,82,87,91,94,98,103" machi="12" ten="30,6000,0" yaku="1,1,0,1,8,1,53,0" doraHai="69" doraHaiUra="59" who="0" fromWho="0" sc="240,70,250,-20,250,-20,250,-20" /><INIT seed="0,1,0,5,4,74" ten="310,230,230,230" oya="0" hai0="84,119,91,122,46,70,73,71,6,109,133,18,72" hai1="120,19,66,112,48,49,93,7,5,110,108,116,102" hai2="12,34,101,3,8,52,59,27,114,68,106,83,50" hai3="60,32,134,62,31,14,38,33,99,92,95,29,26"/><T107/><D119/><U67/><E116/><V128/><F128/><W98/><G38/><T43/><D122/><U41/><E120/><V86/><F114/><W132/><REACH who="3" step="1"/><G14/><REACH who="3" ten="310,230,230,220" step="2"/><T115/><D115/><U23/><E112/><V80/><F12/><W105/><G105/><T22/><D107/><U123/><E123/><V118/><F106/><W113/><G113/><T125/><D109/><U65/><E110/><V104/><F104/><W39/><G39/><T100/><D133/><U64/><E108/><V97/><F118/><W89/><G89/><T10/><D91/><U51/><E41/><V47/><F101/><W88/><G88/><T17/><D43/><U36/><E36/><V15/><F15/><W121/><G121/><T82/><D100/><U1/><E1/><V75/><F3/><W11/><G11/><T117/><D10/><U28/><E102/><V85/><F8/><W81/><G81/><T2/><D82/><U40/><E40/><V37/><F83/><W56/><G56/><T53/><D2/><U4/><E93/><V127/><F80/><W16/><G16/><T135/><D17/><U63/><E19/><V21/><F59/><W54/><G54/><T24/><D18/><U79/><E79/><V96/><F37/><W57/><G57/><T129/><D53/><U25/><REACH who="1" step="1"/><E7/><REACH who="1" ten="310,220,230,220" step="2"/><V58/><F75/><N who="0" m="28746" /><D6/><U20/><E20/><V94/><F21/><W13/><G13/><T35/><D117/><U111/><E111/><V76/><F94/><W124/><G124/><T30/><D22/><U126/><E126/><V130/><F127/><W45/><G45/><RYUUKYOKU ba="1,2" sc="310,-15,220,15,230,-15,220,15" hai1="4,5,23,25,28,48,49,51,63,64,65,66,67" hai3="26,29,31,32,33,60,62,92,95,98,99,132,134" /><INIT seed="1,2,2,5,2,44" ten="295,235,215,235" oya="1" hai0="56,27,81,113,18,68,126,72,2,104,11,134,100" hai1="118,91,86,124,131,125,77,94,29,13,32,3,65" hai2="78,103,87,111,112,4,14,119,102,22,25,69,122" hai3="95,37,8,110,97,98,135,90,133,89,41,10,19"/><U53/><E118/><V70/><F119/><W31/><G110/><T121/><D113/><U105/><E3/><V116/><F122/><W109/><G109/><T120/><D68/><U35/><E105/><V21/><F111/><W60/><G31/><T39/><D39/><U33/><E65/><V34/><F34/><W75/><G75/><T123/><D134/><N who="3" m="51209" /><G60/><T132/><D132/><U30/><E77/><V15/><F116/><W1/><G1/><T79/><D126/><N who="1" m="48747" /><E131/><V43/><F112/><W99/><G19/><T6/><D56/><U101/><E101/><N who="2" m="38411" /><F70/><W28/><G28/><N who="1" m="10858" /><E13/><N who="2" m="4619" /><F69/><W82/><G82/><T92/><D104/><U80/><E53/><V47/><F4/><W5/><G5/><T127/><D127/><U84/><E80/><N who="2" m="47511" /><F25/><W46/><G90/><T93/><D100/><U85/><AGARI ba="2,2" hai="32,33,35,84,85,86,91,94" m="10858,48747" machi="85" ten="40,2100,0" yaku="18,1" doraHai="44" who="1" fromWho="1" sc="295,-9,235,47,215,-9,235,-9" /><INIT seed="1,3,0,3,0,135" ten="286,282,206,226" oya="1" hai0="70,102,57,63,77,17,21,116,36,9,19,39,69" hai1="122,18,27,15,49,60,71,33,82,88,2,55,68" hai2="124,109,51,30,47,6,23,118,80,97,108,105,76" hai3="91,48,125,61,20,40,128,53,74,3,99,67,83"/><U114/><E114/><V84/><F118/><W100/><G3/><T31/><D116/><U126/><E2/><V73/><F73/><W28/><G128/><T64/><D77/><U43/><E43/><V113/><F113/><W132/><G132/><T78/><D78/><U42/><E42/><V54/><F6/><W58/><G40/><T12/><D31/><U90/><E126/><V110/><F124/><W45/><G125/><T50/><D102/><U35/><E60/><V96/><F105/><W8/><G8/><T101/><D101/><U26/><E15/><V10/><REACH who="2" step="1"/><F10/><REACH who="2" ten="286,282,196,226" step="2"/><W89/><G74/><T92/><D9/><U22/><E122/><V79/><F79/><W115/><G115/><T111/><D111/><U25/><E35/><V93/><F93/><W120/><G120/><T81/><D92/><U86/><E33/><V37/><F37/><W46/><G83/><T117/><D81/><U119/><E119/><V106/><F106/><W29/><G20/><T16/><D117/><U131/><E131/><V11/><F11/><W1/><G1/><T121/><D121/><U129/><E129/><V127/><F127/><W65/><G91/><T133/><D133/><U75/><E90/><V107/><F107/><W44/><G89/><T123/><D123/><U134/><E75/><V5/><F5/><W104/><REACH who="3" step="1"/><G65/><REACH who="3" ten="286,282,196,216" step="2"/><T24/><D64/><U34/><E134/><V103/><F103/><W0/><G0/><T38/><D21/><U62/><E34/><V87/><F87/><W130/><G130/><T85/><D85/><U4/><E88/><V52/><F52/><RYUUKYOKU ba="3,2" sc="286,-15,282,-15,196,15,216,15" hai2="23,30,47,51,54,76,80,84,96,97,108,109,110" hai3="28,29,44,45,46,48,53,58,61,67,99,100,104" /><INIT seed="2,4,2,1,1,102" ten="271,267,211,231" oya="2" hai0="128,11,68,22,62,37,78,79,122,81,90,0,131" hai1="123,40,76,80,35,77,96,32,55,48,44,93,67" hai2="5,97,100,83,46,117,135,119,1,51,132,4,98" hai3="59,63,118,38,92,125,64,18,114,14,88,112,70"/><V47/><F83/><W27/><G118/><N who="2" m="45065" /><F1/><W45/><G125/><T108/><D122/><U69/><E77/><V6/><F51/><W15/><G27/><T82/><D37/><U130/><E130/><N who="0" m="49705" /><D108/><U58/><E69/><V91/><F91/><W2/><G2/><T116/><D116/><U23/><E67/><V53/><F53/><W129/><G129/><T41/><D41/><U54/><E23/><V113/><F113/><N who="3" m="43627" /><G70/><T7/><D22/><U84/><E55/><V42/><F42/><N who="3" m="22743" /><G18/><T36/><D36/><U24/><E24/><V75/><F75/><W16/><G16/><T120/><D120/><U134/><E123/><V133/><F100/><W71/><G71/><T89/><D89/><U21/><E21/><V49/><F49/><W25/><G25/><T103/><D103/><U87/><E40/><V86/><F86/><AGARI ba="4,2" hai="14,15,59,63,64,86,88,92" m="22743,43627" machi="86" ten="30,2000,0" yaku="11,1,54,1" doraHai="102" who="3" fromWho="2" sc="271,0,267,0,211,-32,231,52" /><INIT seed="3,0,0,3,2,8" ten="271,267,179,283" oya="3" hai0="75,106,101,129,0,53,14,30,103,89,21,93,44" hai1="133,43,28,135,45,116,55,95,3,119,15,71,69" hai2="10,34,132,23,52,17,65,66,130,35,107,39,58" hai3="57,113,127,96,78,90,86,19,32,70,41,99,114"/><W108/><G70/><N who="1" m="26634" /><E28/><V38/><F107/><W112/><G32/><T87/><D0/><U81/><E3/><V82/><F34/><W7/><G127/><T37/><D129/><U126/><E81/><V125/><F35/><W31/><G31/><T1/><D1/><U128/><E55/><V115/><F125/><W26/><G108/><T29/><D75/><U68/><N who="1" m="26642" /><U83/><DORA hai="59" /><E126/><V131/><F115/><W6/><G41/><T61/><D37/><N who="1" m="21743" /><E95/><V79/><F39/><W122/><G122/><T80/><D106/><U117/><E128/><V60/><F38/><W11/><G78/><T91/><D29/><U123/><E123/><V121/><F121/><W77/><G77/><T84/><D30/><U50/><E50/><V73/><F131/><W12/><G7/><T5/><D5/><U110/><E110/><V118/><F130/><W72/><G72/><T36/><D36/><U109/><E109/><V64/><F118/><W46/><G6/><T76/><D76/><U105/><E105/><V51/><F10/><W134/><G11/><T27/><D103/><U40/><E40/><V63/><REACH who="2" step="1"/><F132/><REACH who="2" ten="271,267,169,283" step="2"/><W47/><G134/><T33/><D33/><U100/><E135/><V102/><F102/><W67/><G113/><T18/><D101/><U49/><E100/><V111/><F111/><W42/><G114/><T22/><D22/><U124/><E133/><V54/><F54/><W94/><G112/><T56/><D21/><U13/><E124/><V2/><F2/><W98/><G67/><T85/><D53/><U24/><E119/><V92/><F92/><RYUUKYOKU ba="0,1" sc="271,-10,267,-10,169,30,283,-10" hai2="17,23,51,52,58,60,63,64,65,66,73,79,82" /><INIT seed="4,1,1,3,4,34" ten="261,257,199,273" oya="0" hai0="103,44,20,85,110,94,76,50,62,92,38,129,95" hai1="51,46,124,125,10,79,100,55,133,56,122,120,93" hai2="126,115,96,1,27,58,45,63,11,6,104,69,17" hai3="32,102,111,68,84,7,106,66,61,112,73,18,90"/><T87/><D38/><U116/><E79/><V0/><F126/><N who="1" m="48745" /><E10/><V23/><F115/><W123/><G111/><T49/><D110/><U43/><E100/><V99/><F69/><W82/><G32/><T71/><D129/><U131/><E93/><V13/><F45/><W8/><G112/><T39/><D39/><N who="1" m="21887" /><E133/><V107/><F99/><W53/><G73/><T121/><D121/><N who="1" m="46699" /><E116/><V37/><F37/><W109/><G102/><T40/><D103/><U75/><E75/><V89/><F89/><W97/><G8/><T48/><D76/><U105/><E105/><V36/><F36/><W54/><G106/><T72/><D72/><U2/><E2/><V28/><F96/><W9/><G97/><T26/><D85/><U5/><E5/><V88/><F88/><W78/><G78/><T47/><D87/><U117/><E117/><V83/><F83/><W22/><G123/><T21/><D40/><U127/><E127/><V134/><F134/><W31/><G109/><T91/><D91/><U33/><E33/><V30/><F30/><W132/><G132/><T70/><D20/><U80/><E80/><V3/><REACH who="2" step="1"/><F28/><REACH who="2" ten="261,257,189,273" step="2"/><W86/><G31/><N who="0" m="17871" /><D95/><U81/><E81/><V128/><F128/><AGARI ba="1,2" hai="51,55,56,128,131" m="46699,21887,48745" machi="128" ten="40,5200,0" yaku="18,1,34,2" doraHai="34" who="1" fromWho="2" sc="261,0,257,75,189,-55,273,0" owari="261,-13.9,332,43.2,134,-36.6,273,7.3" /></mjloggm>