<mjloggm ver="2.3"><GO type="225" lobby="0"/><UN n0="%E3%83%A9%E3%83%96%E3%83%AC%E3%83%BC" n1="%E3%81%9F%E3%81%8C%E3%82%84%E3%81%99" n2="%E5%A4%8F%E9%88%B4%E9%88%B4%E5%A4%8F" n3="%E7%89%B9%E6%9D%B1%E3%81%AF%E4%B8%96%E7%95%8C%E3%82%92%E6%95%91%E3%81%86" dan="16,17,16,16" rate="2146.26,2181.84,2121.56,2198.93" sx="M,M,F,M"/><TAIKYOKU oya="0"/><INIT seed="0,0,0,2,5,105" ten="250,250,250,250" oya="0" hai0="70,67,132,22,104,20,68,90,120,9,111,62,54" hai1="131,75,123,124,27,72,76,29,38,99,26,87,43" hai2="78,18,12,52,4,41,100,50,35,24,118,40,63" hai3="69,19,109,44,103,117,7,30,81,114,113,53,119"/><T36/><D120/><U95/><E38/><V121/><F121/><W34/><G69/><T74/><D104/><U1/><E1/><V56/><F118/><W45/><G7/><T33/><D33/><U13/><E123/><V57/><F100/><W8/><G103/><T32/><D32/><U94/><E43/><V51/><F78/><W125/><G81/><T66/><D36/><U83/><E131/><V49/><F4/><W108/><G34/><T98/><D132/><U71/><E71/><V23/><REACH who="2" step="1"/><F57/><REACH who="2" ten="250,250,240,250" step="2"/><W47/><G119/><T73/><D70/><U2/><E76/><V127/><F127/><W126/><G117/><T133/><D133/><U102/><E124/><V84/><F84/><W77/><G77/><T110/><D68/><U115/><E87/><V17/><F17/><W128/><G125/><T37/><D98/><U116/><E102/><V28/><AGARI ba="0,1" hai="12,18,23,24,28,35,40,41,49,50,51,52,56,63" machi="28" ten="30,4000,0" yaku="1,1,0,1,54,1,53,0" doraHai="105" doraHaiUra="91" who="2" fromWho="2" sc="250,-20,250,-10,240,50,250,-10" /><INIT seed="1,0,0,5,0,19" ten="230,240,290,240" oya="1" hai0="39,71,63,44,4,88,12,135,112,98,97,85,32" hai1="49,90,7,104,68,11,92,134,100,20,102,70,58" hai2="126,96,9,99,133,116,54,132,29,36,51,28,111" hai3="50,48,84,79,18,89,55,72,94,3,64,74,30"/><U66/><E104/><V56/><F116/><W106/><G106/><T101/><D112/><U131/><E131/><V128/><F111/><W0/><G64/><T2/><D2/><U47/><E134/><N who="2" m="51819" /><F128/><W130/><G130/><T125/><D32/><U103/><E58/><V26/><F36/><W82/><G74/><T43/><D125/><U129/><E66/><V113/><F113/><W61/><G61/><T86/><D101/><U75/><E75/><V120/><F120/><W108/><G108/><T17/><D4/><U67/><E67/><V78/><F78/><W123/><G123/><T95/><D63/><U110/><E129/><V91/><F29/><W23/><G30/><T33/><D33/><U31/><E110/><V52/><F91/><W38/><G38/><T77/><D71/><U107/><E107/><V22/><F9/><W8/><G8/><T15/><D135/><U117/><E117/><V60/><F126/><W40/><G40/><T10/><D77/><U73/><E73/><V114/><F114/><W87/><G72/><T53/><D86/><N who="1" m="52311" /><E68/><V5/><F5/><W6/><G6/><T105/><D105/><U118/><E70/><V16/><F28/><W109/><G109/><T14/><D97/><U13/><E118/><V34/><F34/><W65/><G65/><T76/><D76/><U25/><E103/><V122/><F122/><W93/><G93/><N who="0" m="54415" /><D53/><AGARI ba="0,0" hai="7,11,13,20,25,31,47,49,53,100,102" m="52311" machi="53" ten="30,2900,0" yaku="8,1,52,1" doraHai="19" who="1" fromWho="0" sc="230,-29,240,29,290,0,240,0" /><INIT seed="1,1,0,2,3,16" ten="201,269,290,240" oya="1" hai0="31,34,116,118,67,103,9,108,44,47,10,29,12" hai1="122,78,64,6,7,87,121,15,19,25,115,21,91" hai2="131,56,33,125,48,94,83,50,30,51,0,85,107" hai3="120,65,104,109,110,76,82,62,99,11,96,132,100"/><U126/><E78/><V124/><F107/><W101/><G11/><T18/><D67/><U13/><E64/><V58/><F131/><W130/><G120/><T73/><D73/><U24/><E91/><V90/><F0/><W134/><G130/><T80/><D80/><U135/><E87/><V32/><F83/><W102/><G62/><T79/><D18/><U1/><E115/><V61/><F58/><W52/><G52/><T129/><D129/><U66/><E66/><V98/><F98/><N who="3" m="37419" /><G104/><T69/><D12/><U111/><E1/><V74/><F74/><N who="3" m="43287" /><G65/><T39/><D79/><U119/><E122/><V46/><F46/><W37/><G37/><T2/><D2/><U113/><E121/><V35/><REACH who="2" step="1"/><F30/><REACH who="2" ten="201,269,280,240" step="2"/><W112/><G112/><T59/><D59/><U4/><E113/><V28/><F28/><W63/><G63/><T105/><D105/><U127/><E127/><V72/><F72/><W71/><G71/><T55/><D69/><U54/><E126/><V3/><F3/><W57/><G57/><T77/><D47/><U40/><E119/><V70/><F70/><W128/><G128/><T84/><D44/><U38/><E135/><AGARI ba="1,1" hai="100,101,102,109,110,132,134,135" m="43287,37419" machi="135" ten="40,5200,0" yaku="20,1,34,2" doraHai="16" who="3" fromWho="1" sc="201,0,269,-55,280,0,240,65" /><INIT seed="2,0,0,5,3,47" ten="201,214,280,305" oya="2" hai0="39,30,6,89,80,26,15,79,33,5,16,118,55" hai1="53,86,82,132,31,73,44,58,19,3,62,34,122" hai2="68,54,48,85,46,127,69,38,72,98,70,22,63" hai3="43,25,32,100,110,106,88,20,130,24,99,120,124"/><V51/><F72/><W17/><G120/><T13/><D39/><U50/><E3/><V10/><F127/><W87/><G124/><T29/><D118/><U116/><E116/><V113/><F113/><W108/><G43/><T35/><D89/><U61/><E73/><V71/><F10/><W101/><G101/><T112/><D112/><U105/><E105/><V93/><F85/><W52/><G130/><T14/><D80/><U23/><E132/><V83/><F83/><W125/><G125/><T77/><D55/><U126/><E126/><V97/><F38/><W75/><G75/><T123/><D79/><U4/><E4/><N who="0" m="1641" /><D77/><N who="1" m="46415" /><E34/><N who="0" m="12809" /><D123/><U37/><E37/><V95/><F22/><AGARI ba="0,0" hai="13,14,15,16,22,26,29,30" m="12809,1641" machi="22" ten="40,12000,2" yaku="35,5,54,1" doraHai="47" who="0" fromWho="2" sc="201,120,214,0,280,-120,305,0" /><INIT seed="3,0,0,3,2,29" ten="321,214,160,305" oya="3" hai0="89,33,10,92,104,115,69,94,49,76,59,97,41" hai1="54,91,19,90,14,66,40,61,23,55,25,15,75" hai2="116,60,6,12,20,131,72,24,31,93,102,77,56" hai3="48,85,123,73,21,68,114,34,82,30,1,110,95"/><W58/><G114/><T88/><D33/><U74/><E40/><V57/><F116/><W78/><G68/><T135/><D104/><U45/><E75/><V117/><F117/><W42/><G123/><T132/><D69/><U43/><E74/><V22/><F131/><W100/><G1/><T9/><D76/><U63/><E91/><V62/><F77/><W70/><G70/><T0/><D0/><U35/><E90/><V37/><F37/><W11/><G34/><T27/><D27/><U64/><E35/><V36/><F36/><W86/><G110/><T99/><D115/><U118/><E118/><V127/><F127/><W44/><G11/><T81/><D81/><U134/><E134/><N who="0" m="51241" /><D59/><N who="1" m="36927" /><E66/><V111/><F111/><W8/><G8/><T103/><D103/><U71/><E71/><V120/><F120/><W67/><G100/><T106/><D106/><U53/><E63/><V51/><F72/><W133/><G133/><T2/><D2/><U125/><E125/><V128/><F128/><W18/><G95/><T101/><D101/><U129/><E129/><V109/><F109/><W112/><G30/><T50/><D50/><AGARI ba="0,0" hai="14,15,19,23,25,43,45,50,53,54,55" m="36927" machi="50" ten="30,1000,0" yaku="8,1" doraHai="29" who="1" fromWho="0" sc="321,-10,214,10,160,0,305,0" owari="311,41.1,224,-17.6,160,-34.0,305,10.5" /></mjloggm>