<mjloggm ver="2.3"><GO type="225" lobby="0"/><UN n0="%E3%83%81%E3%83%A7%E3%83%99%E3%83%83%E3%82%AF" n1="%E5%B8%86%E7%AB%8B%E5%A4%8F%E8%A1%A3" n2="%E6%A1%9C%E8%8A%B1%E9%96%83%E3%80%85" n3="%E5%85%83%E3%82%AB%E3%83%8E%E7%B3%BB%E3%83%92%E3%83%AD%E3%82%A4%E3%83%B3" dan="16,17,16,16" rate="2122.63,2163.42,2145.10,2207.26" sx="M,M,M,M"/><TAIKYOKU oya="0"/><INIT seed="0,0,0,5,3,102" ten="250,250,250,250" oya="0" hai0="55,74,107,64,76,10,26,59,108,116,135,97,0" hai1="21,87,78,96,73,48,66,105,11,22,70,83,125" hai2="118,49,29,33,133,120,72,31,67,36,117,65,103" hai3="110,132,27,69,47,115,16,45,81,56,5,39,106"/><T25/><D25/><U114/><E125/><V82/><F36/><W12/><G69/><T89/><D89/><U13/><BYE who="0" /><E114/><V90/><F120/><W30/><G115/><T92/><D92/><U57/><E70/><V54/><F133/><W42/><G132/><T93/><D93/><U111/><E73/><V52/><F103/><W71/><G71/><T41/><D41/><U32/><E32/><V53/><F49/><W129/><G110/><T130/><D130/><U123/><E111/><V134/><F134/><W28/><G129/><T124/><D124/><U63/><E123/><V3/><F3/><W19/><G106/><T58/><D58/><N who="1" m="37239" /><E96/><V94/><F82/><W20/><G45/><T128/><D128/><U40/><E105/><V24/><F29/><W85/><G5/><T37/><D37/><U23/><E57/><V131/><F72/><W126/><G56/><T119/><D119/><N who="2" m="45578" /><F131/><W50/><G39/><T60/><D60/><U112/><E112/><V1/><F1/><W95/><G95/><T35/><D35/><U6/><E48/><V104/><F104/><W127/><G127/><T61/><D61/><U79/><E40/><V46/><F46/><W51/><G51/><T4/><D4/><U14/><E79/><V86/><AGARI ba="0,0" hai="24,31,33,52,53,54,65,67,86,90,94" m="45578" machi="86" ten="30,2000,0" yaku="12,1,54,1" doraHai="102" who="2" fromWho="2" sc="250,-10,250,-5,250,20,250,-5" /><INIT seed="1,0,0,2,3,64" ten="240,245,270,245" oya="1" hai0="35,75,93,12,47,14,11,80,29,84,104,10,13" hai1="22,119,24,33,108,56,50,3,116,58,73,59,68" hai2="27,31,20,112,118,121,49,71,81,97,40,123,18" hai3="7,107,72,60,122,37,53,83,62,2,114,132,61"/><U46/><E3/><V95/><F118/><W128/><G122/><T42/><D42/><U17/><E73/><V70/><F81/><W99/><G114/><T106/><D106/><U4/><E4/><V54/><F40/><W45/><G132/><T65/><D65/><U9/><E9/><V115/><F31/><UN n0="%E3%83%81%E3%83%A7%E3%83%99%E3%83%83%E3%82%AF" /><W78/><G128/><T67/><D104/><U0/><E0/><V85/><F85/><W94/><G107/><T91/><D75/><U38/><E38/><V103/><F121/><W100/><G53/><T48/><D67/><U101/><E68/><V34/><F34/><W21/><G21/><T79/><D29/><U134/><E134/><V57/><REACH who="2" step="1"/><F123/><REACH who="2" ten="240,245,260,245" step="2"/><W86/><G86/><N who="0" m="48415" /><D35/><U92/><E33/><V69/><AGARI ba="0,1" hai="18,20,27,49,54,57,69,70,71,95,97,103,112,115" machi="69" ten="40,12000,2" yaku="1,1,0,1,52,3,53,1" doraHai="64" doraHaiUra="15" who="2" fromWho="2" sc="240,-30,245,-60,260,130,245,-30" /><INIT seed="2,0,0,3,3,94" ten="210,185,390,215" oya="2" hai0="114,74,108,33,73,40,91,68,45,89,28,132,95" hai1="63,35,130,43,31,19,15,59,125,37,131,118,83" hai2="21,49,99,60,67,4,1,115,50,14,12,39,122" hai3="36,64,76,62,55,92,27,9,24,5,54,109,117"/><V135/><F115/><W58/><G117/><T90/><D114/><U42/><E118/><V133/><F122/><W100/><G109/><T110/><D68/><U56/><E125/><V119/><F39/><W120/><G120/><T13/><D28/><U17/><E83/><V111/><F119/><W6/><G36/><T127/><D33/><U57/><E63/><V25/><F1/><W7/><G76/><T26/><D26/><N who="3" m="9769" /><G92/><T52/><D40/><N who="1" m="15403" /><E37/><V69/><F111/><N who="0" m="42538" /><D132/><N who="2" m="50762" /><F99/><W30/><G100/><T81/><D81/><U20/><E35/><V66/><F66/><W71/><G71/><T106/><D106/><U97/><E31/><N who="2" m="17839" /><F4/><N who="3" m="1643" /><G30/><T124/><D13/><AGARI ba="0,0" hai="12,13,14,49,50,60,67,69" m="17839,50762" machi="13" ten="30,1500,0" yaku="20,1" doraHai="94" who="2" fromWho="0" sc="210,-15,185,0,390,15,215,0" /><AGARI ba="0,0" hai="7,9,13,54,55,58,62,64" m="1643,9769" machi="13" ten="30,1000,0" yaku="8,1" doraHai="94" who="3" fromWho="0" sc="195,-10,185,0,405,0,215,10" /><INIT seed="2,1,0,2,1,94" ten="185,185,405,225" oya="2" hai0="56,104,65,86,20,72,129,53,54,96,42,82,89" hai1="126,97,100,16,111,87,131,105,34,91,80,26,29" hai2="76,14,9,112,90,81,47,92,66,40,51,12,27" hai3="71,55,63,35,17,99,2,39,83,130,120,45,110"/><V124/><F112/><W118/><G118/><T108/><D42/><U1/><E131/><V125/><F66/><W107/><G120/><T73/><D108/><U78/><E111/><V68/><F68/><W30/><G110/><T134/><D129/><U93/><E126/><N who="2" m="48747" /><F27/><N who="3" m="18911" /><G17/><T57/><D134/><U95/><E1/><V33/><F33/><W21/><G21/><T37/><D37/><U74/><REACH who="1" step="1"/><E16/><REACH who="1" ten="185,175,405,225" step="2"/><V13/><F13/><W49/><G2/><T121/><D121/><U5/><E5/><V50/><F9/><W62/><G130/><T11/><D11/><U24/><E24/><V3/><F3/><W10/><G10/><T22/><D72/><U8/><E8/><V52/><F14/><W19/><G19/><T115/><D73/><U133/><E133/><V85/><F12/><W98/><G39/><T132/><D115/><U38/><E38/><V128/><F128/><W106/><G106/><AGARI ba="1,1" hai="26,29,34,74,78,80,87,91,93,95,97,100,105,106" machi="106" ten="40,8000,1" yaku="1,1,52,1,53,2" doraHai="94" doraHaiUra="88" who="1" fromWho="3" sc="185,0,175,93,405,0,225,-83" /><INIT seed="3,0,0,4,2,124" ten="185,268,405,142" oya="3" hai0="1,82,126,58,47,3,118,55,15,16,108,97,128" hai1="95,134,45,84,131,85,98,70,24,50,102,75,93" hai2="79,36,42,19,74,4,66,8,88,106,94,132,46" hai3="18,26,31,56,72,61,77,53,57,123,96,133,54"/><W33/><G123/><T28/><D118/><U48/><E131/><V80/><F106/><W127/><G127/><T21/><D126/><U78/><E134/><V122/><F132/><W5/><G133/><T10/><D108/><U113/><E70/><V111/><F111/><W30/><G5/><T62/><D128/><U117/><E113/><V92/><F122/><W101/><G30/><T104/><D82/><N who="1" m="47191" /><E75/><V34/><F34/><W103/><G18/><T107/><D47/><U49/><E117/><V110/><F110/><W6/><G6/><T65/><D107/><U25/><E45/><V51/><F66/><W7/><G7/><T100/><D55/><U86/><E85/><V99/><F92/><W121/><G121/><T135/><D135/><U71/><E71/><V40/><F19/><W12/><G12/><T44/><D44/><U83/><E93/><V68/><F68/><W23/><G33/><T41/><D41/><U109/><E109/><V115/><F115/><W114/><G114/><T35/><D35/><U76/><AGARI ba="0,0" hai="24,25,48,49,50,76,83,86,95,98,102" m="47191" machi="76" ten="30,1100,0" yaku="8,1" doraHai="124" who="1" fromWho="1" sc="185,-3,268,11,405,-3,142,-5" owari="182,-21.8,279,7.9,402,50.2,137,-36.3" /></mjloggm>