<mjloggm ver="2.3"><GO type="225" lobby="0"/><UN n0="%E7%99%BD%E5%80%89%E5%AF%9B%E4%B9%8B" n1="%E3%83%96%E3%83%83%E3%83%91%E3%82%AA%E3%83%96%E3%83%81%E3%82%AD%E3%83%B3" n2="%E3%81%8B%E3%82%8F%E3%81%A1%E3%82%83%E3%82%93%35%38" n3="%E9%B3%B3%E6%9D%B1%E3%81%AE%E3%81%86%E3%81%95%E3%81%8E%E3%81%95%E3%82%93" dan="16,16,16,17" rate="2175.93,2142.50,2125.94,2203.68" sx="M,M,M,M"/><TAIKYOKU oya="0"/><INIT seed="0,0,0,0,4,26" ten="250,250,250,250" oya="0" hai0="0,46,47,32,68,64,49,54,59,95,73,51,20" hai1="129,74,21,16,28,84,31,6,83,27,18,98,40" hai2="13,55,43,118,34,7,25,14,78,122,5,77,65" hai3="82,33,53,102,121,29,119,35,106,113,71,86,8"/><T87/><D32/><U94/><E129/><V105/><F105/><W111/><G113/><T124/><D73/><U115/><E115/><V38/><F122/><W62/><G119/><T132/><D0/><U135/><E135/><V56/><F118/><W100/><G121/><T107/><D107/><U117/><E74/><V125/><F125/><W70/><G111/><T42/><D124/><U81/><E6/><V67/><F38/><W1/><G53/><T76/><D68/><U24/><E40/><V69/><F69/><W19/><G70/><T12/><D132/><U75/><E75/><V93/><F34/><W45/><G45/><T2/><D2/><U37/><E37/><V57/><F25/><W52/><G71/><T130/><D130/><U66/><E66/><V131/><F131/><W108/><G108/><T101/><D64/><U89/><E117/><V63/><F93/><W61/><G33/><T126/><D126/><U48/><E48/><V133/><F133/><W10/><G62/><T112/><D112/><U72/><E72/><V58/><F58/><N who="3" m="35015" /><G1/><T44/><D101/><N who="1" m="60631" /><E81/><V39/><F39/><W127/><G127/><T85/><D85/><U22/><AGARI ba="0,0" hai="16,18,21,22,24,27,28,31,83,84,89" m="60631" machi="22" ten="30,7900,0" yaku="8,1,52,2,54,1" doraHai="26" who="1" fromWho="1" sc="250,-39,250,79,250,-20,250,-20" /><INIT seed="1,0,0,2,2,54" ten="211,329,230,230" oya="1" hai0="4,125,78,9,76,34,21,117,135,24,105,63,103" hai1="113,23,52,81,42,3,102,75,68,13,45,86,18" hai2="89,55,83,99,40,110,47,0,64,31,92,73,32" hai3="65,95,100,131,50,6,66,58,14,27,19,88,12"/><U29/><E113/><V84/><F0/><W98/><G131/><T128/><D128/><U129/><E129/><V111/><F73/><W120/><G120/><T93/><D34/><U35/><E68/><V79/><F64/><N who="3" m="24683" /><G100/><T121/><D105/><U51/><E3/><V39/><REACH who="2" step="1"/><F55/><REACH who="2" ten="211,329,220,230" step="2"/><N who="3" m="32119" /><G6/><T85/><D4/><U134/><E75/><V15/><F15/><W36/><G36/><T26/><D121/><U91/><E134/><V115/><F115/><W126/><G126/><T96/><D125/><U130/><E130/><V124/><F124/><W107/><G107/><T22/><D135/><U72/><E72/><V8/><F8/><W28/><G19/><T49/><D9/><U10/><E10/><V82/><F82/><W48/><G48/><T59/><D49/><U43/><REACH who="1" step="1"/><E102/><REACH who="1" ten="211,319,220,230" step="2"/><V17/><F17/><W70/><G70/><T11/><D103/><U77/><E77/><V67/><F67/><W90/><G90/><T109/><D11/><U62/><E62/><V101/><F101/><W74/><G74/><T122/><D63/><U116/><E116/><V16/><F16/><W53/><G53/><T46/><D117/><U94/><E94/><V127/><F127/><W7/><G7/><T61/><D93/><U114/><E114/><V2/><F2/><W56/><G95/><T87/><D61/><U38/><E38/><V112/><F112/><W123/><G123/><T108/><D122/><U106/><E106/><V30/><F30/><W37/><G37/><T97/><D46/><U41/><E41/><V1/><F1/><W132/><G132/><T119/><D119/><RYUUKYOKU ba="0,2" sc="211,10,319,10,220,10,230,-30" hai0="21,22,24,26,59,76,78,85,87,96,97,108,109" hai1="13,18,23,29,35,42,43,45,51,52,81,86,91" hai2="31,32,39,40,47,79,83,84,89,92,99,110,111" /><INIT seed="1,1,2,1,5,33" ten="221,329,230,200" oya="1" hai0="50,34,114,122,91,48,59,44,37,88,40,86,6" hai1="43,103,8,119,32,45,100,38,54,79,30,128,121" hai2="115,76,106,42,80,5,41,77,47,28,73,124,49" hai3="24,56,111,19,87,99,64,125,97,16,133,82,60"/><U129/><E119/><V134/><F106/><W27/><G111/><T18/><D34/><U9/><E121/><V135/><F124/><W65/><G133/><N who="2" m="50697" /><F115/><W132/><G132/><T14/><D122/><U4/><E79/><N who="2" m="44143" /><F28/><W109/><G109/><T66/><D114/><U26/><E54/><N who="2" m="30015" /><F5/><W95/><G125/><T22/><D6/><U68/><E68/><V55/><F55/><W90/><G64/><T112/><D112/><U127/><E127/><V108/><F108/><W63/><G60/><T12/><D66/><U17/><E17/><N who="3" m="6730" /><G99/><T29/><D37/><U89/><E9/><V93/><F93/><W83/><G83/><N who="0" m="49247" /><D29/><U84/><E8/><V7/><F7/><W74/><G74/><T36/><D36/><U1/><E4/><V104/><F104/><W110/><G110/><T69/><D69/><U78/><E38/><V118/><F118/><W23/><G23/><T2/><D22/><U113/><E113/><V101/><F101/><AGARI ba="1,2" hai="24,27,56,63,65,82,87,90,95,97,101" m="6730" machi="101" ten="30,2000,0" yaku="8,1,54,1" doraHai="33" who="3" fromWho="2" sc="221,0,329,0,230,-23,200,43" /><INIT seed="2,0,0,1,4,58" ten="221,329,207,243" oya="2" hai0="0,94,75,96,126,69,21,1,110,25,22,42,6" hai1="14,124,47,38,102,117,82,132,113,37,30,32,18" hai2="40,103,48,92,118,123,111,130,81,41,59,115,129" hai3="60,125,20,112,85,29,74,106,119,90,91,46,71"/><V127/><F81/><W23/><G119/><T63/><D75/><U61/><E113/><V19/><F19/><W68/><G74/><T11/><D110/><U134/><E117/><V88/><F118/><W44/><G106/><T35/><D126/><U64/><E102/><V9/><F115/><W80/><G112/><T98/><D42/><U12/><E47/><V34/><F123/><W10/><G125/><T50/><D50/><U128/><E128/><N who="2" m="49259" /><F127/><W135/><G135/><N who="1" m="51754" /><E124/><V79/><F34/><W15/><G46/><T3/><D35/><U65/><E82/><V72/><F103/><W95/><G44/><T105/><D105/><U67/><E32/><V87/><F111/><W57/><G80/><T100/><D98/><U7/><E30/><V77/><F9/><W131/><G10/><T49/><D49/><U99/><E99/><V122/><F122/><W70/><G131/><T28/><REACH who="0" step="1"/><D22/><REACH who="0" ten="211,329,207,243" step="2"/><N who="1" m="11591" /><E37/><V8/><F72/><W104/><G104/><T89/><D89/><U93/><E38/><V133/><F133/><W5/><G90/><T43/><D43/><N who="2" m="16458" /><F8/><W78/><G20/><T84/><D84/><U107/><E107/><V116/><F116/><W39/><G85/><T13/><D13/><U16/><E14/><V56/><F48/><W120/><G120/><T2/><D2/><U52/><E7/><V54/><F54/><W24/><G5/><T55/><D55/><U31/><E52/><V76/><AGARI ba="0,1" hai="56,59,76,77,79,87,88,92" m="16458,49259" machi="76" ten="40,3900,0" yaku="19,1,54,1" doraHai="58" who="2" fromWho="2" sc="211,-13,329,-13,207,49,243,-13" /><INIT seed="2,1,0,0,0,48" ten="198,316,256,230" oya="2" hai0="89,60,16,45,79,77,110,130,122,119,75,135,88" hai1="125,68,92,17,10,39,24,31,127,26,9,74,2" hai2="108,59,132,19,115,123,70,120,13,41,86,29,131" hai3="117,54,87,78,128,100,96,0,105,37,69,20,15"/><V53/><F115/><W38/><G117/><T14/><D122/><U36/><E74/><V22/><F70/><W76/><G0/><T134/><D119/><U124/><E68/><V21/><F132/><N who="0" m="50730" /><D110/><U8/><E2/><V111/><F41/><W62/><G128/><T58/><D45/><U81/><E81/><V85/><F131/><W80/><G78/><N who="0" m="29707" /><D75/><U102/><E17/><V82/><F22/><W3/><G3/><T83/><D83/><U50/><E50/><N who="2" m="31159" /><F29/><W72/><G72/><T104/><D104/><U94/><E102/><V51/><F51/><W49/><G20/><N who="0" m="11287" /><D130/><U6/><E6/><V7/><F7/><W107/><G107/><T35/><D35/><U101/><E101/><V23/><F23/><W109/><G109/><N who="2" m="42057" /><F82/><W133/><G133/><T40/><D40/><U66/><E31/><V44/><F44/><W90/><G76/><T129/><D129/><U18/><E18/><V91/><F91/><W126/><G90/><T113/><D113/><U121/><E125/><V11/><F21/><W5/><G80/><T63/><D63/><U28/><E28/><V65/><F65/><AGARI ba="1,0" hai="58,60,65,88,89" m="11287,29707,50730" machi="65" ten="30,3900,0" yaku="20,1,54,2" doraHai="48" who="0" fromWho="2" sc="198,42,316,0,256,-42,230,0" /><INIT seed="3,0,0,3,2,13" ten="240,316,214,230" oya="3" hai0="79,30,129,28,26,10,113,25,123,66,133,1,39" hai1="12,20,67,55,88,119,61,65,99,108,9,92,60" hai2="52,46,89,68,31,22,90,58,11,27,75,62,41" hai3="43,59,64,48,15,8,128,2,16,105,49,127,124"/><W84/><G105/><T21/><D39/><U29/><E108/><V34/><F75/><W102/><G102/><T23/><D123/><U91/><E119/><V93/><F68/><W38/><G128/><T117/><D117/><U44/><E91/><V131/><F131/><W24/><G2/><T3/><D129/><U42/><E42/><V35/><F11/><W18/><G38/><T0/><D66/><N who="1" m="25099" /><E20/><N who="0" m="7753" /><D79/><U77/><E29/><N who="0" m="11369" /><D133/><U97/><E97/><V63/><F63/><N who="3" m="38015" /><G43/><T87/><D87/><U14/><E77/><V112/><F112/><W51/><G84/><T53/><D53/><U45/><E14/><V110/><F110/><W100/><G24/><N who="0" m="9323" /><D113/><U103/><E103/><V40/><F40/><W109/><G100/><T81/><D81/><U106/><E106/><V121/><F121/><W17/><G109/><T83/><D83/><U19/><E45/><V5/><F5/><AGARI ba="0,0" hai="0,1,3,5,10" m="9323,11369,7753" machi="5" ten="30,8000,1" yaku="35,5" doraHai="13" who="0" fromWho="2" sc="240,80,316,0,214,-80,230,0" owari="320,42.0,316,11.6,134,-36.6,230,-17.0" /></mjloggm>