<mjloggm ver="2.3"><GO type="225" lobby="0"/><UN n0="%E6%9C%88%E5%B3%B6%E5%9F%BA" n1="%E3%83%96%E3%83%83%E3%83%91%E3%82%AA%E3%83%96%E3%83%81%E3%82%AD%E3%83%B3" n2="%E3%81%BE%E3%81%A8%E3%81%9F" n3="%77%72%77%72%77%72%77%72" dan="16,16,16,17" rate="2142.30,2197.01,2085.51,2164.97" sx="M,M,M,M"/><TAIKYOKU oya="0"/><INIT seed="0,0,0,4,0,94" ten="250,250,250,250" oya="0" hai0="60,9,87,65,44,66,14,121,22,4,57,75,63" hai1="32,117,56,119,13,84,38,71,19,21,10,46,45" hai2="61,48,115,47,18,35,74,79,85,108,99,36,33" hai3="0,130,123,132,104,8,77,62,50,30,40,39,110"/><T24/><D75/><U58/><E71/><V92/><F115/><W86/><G104/><T126/><D121/><U5/><E32/><V53/><F74/><W111/><G123/><T116/><D126/><U113/><E113/><V101/><F108/><N who="3" m="41515" /><G130/><T64/><D116/><U17/><E38/><V96/><F36/><W100/><G132/><T88/><D44/><N who="1" m="17003" /><E119/><V6/><F6/><N who="3" m="1095" /><G50/><T52/><D63/><U105/><E105/><V76/><F18/><N who="1" m="6665" /><E117/><V26/><F33/><W134/><G134/><T29/><D65/><U106/><E106/><V91/><F61/><W28/><G39/><T2/><D2/><U114/><E114/><V118/><F118/><W120/><G40/><T12/><D12/><U89/><E21/><V83/><F35/><W129/><G129/><T135/><D135/><U93/><AGARI ba="0,0" hai="5,10,13,56,58,84,89,93" m="6665,17003" machi="93" ten="30,1100,0" yaku="8,1" doraHai="94" who="1" fromWho="1" sc="250,-5,250,11,250,-3,250,-3" /><INIT seed="1,0,0,3,3,28" ten="245,261,247,247" oya="1" hai0="108,52,132,133,119,67,50,37,56,22,100,95,29" hai1="41,49,43,99,71,57,11,91,114,9,128,120,87" hai2="27,3,26,16,45,89,32,106,10,33,117,78,94" hai3="130,104,4,110,86,76,39,82,30,85,123,129,69"/><U68/><E114/><V101/><F106/><W98/><G39/><T116/><D108/><U46/><E120/><V90/><F117/><W54/><G69/><N who="1" m="26698" /><E99/><V51/><F78/><W109/><G4/><T96/><D37/><N who="1" m="21807" /><E91/><V53/><F101/><N who="3" m="62519" /><G54/><T65/><D116/><U84/><E84/><N who="3" m="32362" /><G30/><T5/><D5/><U115/><E87/><V105/><F89/><W103/><G103/><T7/><D7/><U1/><E11/><V111/><F105/><W122/><G122/><T75/><D75/><U64/><E9/><V55/><F111/><N who="3" m="42507" /><G123/><T35/><D119/><U31/><E31/><V21/><F27/><W40/><G40/><T44/><D22/><U83/><E1/><V88/><F3/><W36/><G36/><T107/><D107/><U93/><E115/><V13/><F55/><W34/><G34/><T24/><REACH who="0" step="1"/><D44/><REACH who="0" ten="235,261,247,247" step="2"/><N who="1" m="25759" /><E93/><V118/><F118/><W134/><G134/><AGARI ba="0,1" hai="24,29,35,50,52,56,65,67,95,96,100,132,133,134" machi="134" ten="40,8000,1" yaku="1,1,20,1,52,1,54,1,53,1" doraHai="28" doraHaiUra="92" who="0" fromWho="3" sc="235,90,261,0,247,0,247,-80" /><INIT seed="2,0,0,1,0,74" ten="325,261,247,167" oya="2" hai0="3,132,31,87,56,42,54,85,32,60,89,81,36" hai1="127,44,40,69,57,19,53,1,61,114,8,39,91" hai2="21,55,30,103,109,115,106,82,130,122,104,51,102" hai3="64,17,26,59,75,133,5,49,10,58,45,62,68"/><V107/><F115/><W96/><G133/><T95/><D3/><U86/><E114/><V0/><F0/><W9/><G75/><T50/><D36/><U34/><E127/><V83/><F122/><W67/><G96/><T52/><D132/><U97/><E34/><V124/><F124/><W101/><G101/><T35/><D42/><U41/><E41/><V2/><F2/><W125/><G125/><T129/><D129/><U65/><E97/><V105/><F109/><W70/><G26/><T118/><D31/><U88/><E86/><V14/><F130/><W134/><G134/><T20/><D20/><U47/><E47/><V13/><N who="2" m="26624" /><DORA hai="94" /><V72/><F30/><W15/><G64/><T135/><D118/><U4/><REACH who="1" step="1"/><E19/><REACH who="1" ten="325,251,247,167" step="2"/><V24/><F72/><W48/><G70/><T22/><D135/><U23/><E23/><V73/><F73/><W18/><G18/><T121/><D22/><U11/><E11/><V71/><F21/><W33/><G33/><T111/><D35/><U108/><E108/><V113/><F113/><W28/><G28/><T37/><D32/><U16/><E16/><V99/><F99/><W123/><G123/><T77/><D111/><U116/><E116/><V126/><F126/><W100/><G45/><N who="0" m="27727" /><D121/><U92/><E92/><V84/><F84/><W12/><REACH who="3" step="1"/><G100/><REACH who="3" ten="325,251,247,157" step="2"/><T46/><D46/><U93/><E93/><V27/><F103/><W63/><G63/><AGARI ba="0,2" hai="1,4,8,39,40,44,53,57,61,63,65,69,88,91" machi="63" ten="30,3900,0" yaku="1,1,7,1,54,1,53,0" doraHai="74,94" doraHaiUra="25,90" who="1" fromWho="3" sc="325,0,251,59,247,0,157,-39" /><INIT seed="3,0,0,5,2,55" ten="325,310,247,118" oya="3" hai0="126,106,40,135,61,44,122,101,120,80,49,118,100" hai1="71,17,6,64,131,1,56,130,29,108,0,25,10" hai2="59,73,57,48,85,97,62,107,109,58,30,38,16" hai3="33,37,8,9,98,28,111,51,43,72,127,77,19"/><W69/><G69/><T84/><D118/><U66/><E108/><V26/><F73/><W41/><G111/><T76/><D126/><U74/><E71/><V134/><F38/><W67/><G127/><T42/><D135/><U70/><E70/><V18/><F109/><W54/><G37/><T92/><D106/><U93/><E74/><V23/><F134/><W35/><G67/><T86/><D61/><U104/><E104/><V46/><F62/><W114/><G114/><T53/><D120/><U95/><E17/><N who="2" m="6763" /><F107/><W121/><G121/><T115/><D115/><U81/><E1/><V14/><F14/><W96/><G77/><T5/><D5/><U78/><E66/><V103/><F85/><W60/><G72/><T125/><D122/><U24/><E64/><V79/><F79/><W94/><G60/><T3/><D3/><U110/><E110/><V32/><F32/><W89/><G98/><T132/><D132/><U117/><E117/><V39/><F39/><W91/><G91/><N who="0" m="53351" /><D125/><U90/><E78/><V50/><F46/><W22/><G35/><T36/><D36/><U7/><E0/><V124/><F124/><W129/><G33/><T105/><D105/><U68/><E90/><V112/><F112/><W63/><G129/><T31/><D31/><U27/><E68/><V34/><F34/><W133/><G133/><T88/><D76/><U65/><E29/><V4/><F4/><N who="1" m="1577" /><E131/><V102/><F97/><W2/><G2/><T21/><D21/><U123/><E130/><V116/><F116/><W15/><G28/><T99/><D99/><U47/><E123/><RYUUKYOKU ba="0,0" sc="325,15,310,-15,247,15,118,-15" hai0="40,42,44,49,53,80,86,88,100,101" hai2="23,26,30,48,50,57,58,59,102,103" owari="340,44.0,295,9.5,262,-13.8,103,-39.7" /></mjloggm>