<mjloggm ver="2.3"><GO type="225" lobby="0"/><UN n0="%E5%A4%8F%E9%88%B4%E9%88%B4%E5%A4%8F" n1="%E6%98%93%E5%88%A9%E8%96%A9%E4%BC%AF" n2="%E3%83%96%E3%83%83%E3%83%91%E3%82%AA%E3%83%96%E3%83%81%E3%82%AD%E3%83%B3" n3="%4C%C3%97%57%C3%97%4C" dan="16,17,16,17" rate="2117.01,2123.58,2107.12,2182.49" sx="F,F,M,M"/><TAIKYOKU oya="0"/><INIT seed="0,0,0,3,3,47" ten="250,250,250,250" oya="0" hai0="29,8,59,38,57,36,115,16,76,43,54,81,88" hai1="67,130,11,93,58,21,7,13,82,55,92,96,122" hai2="95,42,127,128,79,23,17,74,62,50,106,39,99" hai3="119,9,120,33,94,66,52,25,89,27,104,132,34"/><T135/><D115/><U28/><E130/><V101/><F127/><W45/><G104/><T49/><D135/><U126/><E122/><V56/><F128/><W68/><G119/><T37/><D29/><U123/><E123/><V111/><F111/><W131/><G120/><T84/><D59/><U22/><E126/><V75/><F39/><W116/><G116/><T24/><D76/><U87/><E67/><V2/><F2/><W114/><G114/><T100/><D100/><U31/><E31/><V6/><F6/><W18/><G131/><T117/><D117/><U20/><E28/><V102/><F79/><W86/><G34/><T113/><D113/><U26/><E26/><V108/><F108/><W105/><G105/><T10/><REACH who="0" step="1"/><D43/><REACH who="0" ten="240,250,250,250" step="2"/><U80/><E58/><V61/><F102/><W134/><G132/><T97/><D97/><U4/><E96/><V85/><F42/><W40/><G40/><T12/><D12/><U14/><E87/><V110/><F85/><W118/><G118/><T5/><D5/><U65/><E65/><V90/><F110/><W0/><G134/><T91/><D91/><U109/><E109/><V71/><F90/><W30/><G66/><T69/><D69/><U73/><E73/><N who="2" m="27659" /><F71/><W72/><G72/><T1/><D1/><U44/><E7/><V35/><F99/><W53/><G68/><T51/><D51/><N who="1" m="29159" /><E14/><V15/><F101/><W129/><G129/><T77/><D77/><U83/><AGARI ba="0,1" hai="4,11,13,20,21,22,80,82,83,92,93" m="29159" machi="83" ten="30,2000,0" yaku="8,1,52,1" doraHai="47" who="1" fromWho="1" sc="240,-10,250,30,250,-5,250,-5" /><INIT seed="1,0,0,1,3,79" ten="230,280,245,245" oya="1" hai0="66,54,39,75,32,38,129,106,101,18,13,84,100" hai1="132,135,85,61,94,67,124,82,6,15,50,44,95" hai2="3,59,22,69,11,120,19,42,4,119,56,29,0" hai3="62,33,126,93,104,10,28,98,5,96,60,65,103"/><U76/><E124/><V17/><F119/><W91/><G126/><T57/><D75/><U30/><E30/><V41/><F69/><W21/><G33/><T64/><D32/><U37/><E37/><V115/><F120/><W111/><G111/><T89/><D38/><U74/><E6/><V53/><F115/><W27/><REACH who="3" step="1"/><G65/><REACH who="3" ten="230,280,245,235" step="2"/><N who="0" m="25195" /><D129/><U1/><E135/><V14/><F3/><AGARI ba="0,1" hai="3,5,10,21,27,28,60,62,91,93,96,98,103,104" machi="3" ten="30,2000,0" yaku="1,1,7,1,53,0" doraHai="79" doraHaiUra="109" who="3" fromWho="2" sc="230,0,280,0,245,-20,235,30" /><INIT seed="2,0,0,4,1,49" ten="230,280,225,265" oya="2" hai0="101,108,83,67,92,14,44,47,7,120,53,132,129" hai1="90,19,18,42,48,54,0,26,63,130,52,46,51" hai2="13,93,45,5,66,133,82,97,32,17,103,34,102" hai3="50,25,59,98,6,115,11,35,62,31,75,109,57"/><V39/><F133/><W23/><G109/><T107/><D120/><U122/><E0/><V28/><F5/><W16/><G75/><T131/><D108/><U91/><E122/><V77/><F66/><W64/><G115/><T81/><D132/><U29/><E130/><N who="0" m="49673" /><D107/><U20/><E63/><V105/><F28/><W95/><G35/><T111/><D67/><U24/><E42/><V79/><F79/><W8/><G31/><T87/><D111/><U76/><E76/><V134/><F134/><W86/><G86/><T100/><D81/><U128/><E128/><V85/><F39/><W114/><G114/><T117/><D117/><U113/><E113/><V68/><F68/><W71/><G6/><T40/><D92/><U127/><E127/><V88/><F45/><N who="0" m="17482" /><D40/><U2/><E2/><V22/><REACH who="2" step="1"/><F103/><REACH who="2" ten="230,280,215,265" step="2"/><N who="3" m="60895" /><G71/><T3/><D3/><U55/><E29/><V84/><AGARI ba="0,1" hai="13,17,22,32,34,77,82,84,85,88,93,97,102,105" machi="84" ten="20,7800,0" yaku="1,1,0,1,7,1,54,1,53,0" doraHai="49" doraHaiUra="135" who="2" fromWho="2" sc="230,-26,280,-26,215,88,265,-26" /><INIT seed="2,1,0,5,0,133" ten="204,254,303,239" oya="2" hai0="9,60,54,92,118,101,2,82,116,10,46,63,112" hai1="27,57,135,32,109,33,56,81,74,69,44,15,107" hai2="120,123,0,108,51,105,96,75,131,16,42,34,102" hai3="130,65,43,72,68,117,77,35,73,12,121,129,70"/><V78/><F34/><W114/><G35/><T89/><D112/><U124/><E107/><V132/><F0/><W134/><G117/><T13/><D2/><U111/><E69/><N who="3" m="26730" /><G134/><T100/><D116/><U8/><E44/><V103/><F132/><W26/><G26/><T37/><D118/><U7/><E124/><V49/><F131/><N who="3" m="50187" /><G121/><T55/><D82/><U58/><E135/><V30/><F103/><W3/><G3/><T115/><D115/><U21/><E74/><V79/><F30/><W64/><G114/><T18/><D9/><U6/><E6/><V91/><F91/><W45/><G12/><T19/><D18/><N who="1" m="12727" /><E81/><V80/><F79/><W36/><G77/><T84/><D37/><U4/><E4/><V11/><F108/><AGARI ba="1,0" hai="7,8,15,32,33,56,57,58,108,109,111" m="12727" machi="108" ten="30,1000,0" yaku="14,1" doraHai="133" who="1" fromWho="2" sc="204,0,254,13,303,-13,239,0" /><INIT seed="3,0,0,1,2,90" ten="204,267,290,239" oya="3" hai0="93,98,69,33,117,99,71,23,24,83,135,134,13" hai1="131,108,74,22,51,67,96,19,105,37,34,39,36" hai2="129,40,30,100,17,9,76,45,63,27,94,66,87" hai3="29,102,54,35,7,64,43,8,130,47,65,44,92"/><W82/><G130/><T114/><D117/><U115/><E74/><V106/><F129/><W53/><G82/><T80/><D33/><U97/><E115/><V126/><F126/><W77/><G77/><T73/><D13/><U2/><E34/><V18/><F106/><W111/><G29/><T50/><D50/><U78/><E78/><V89/><F100/><W46/><G43/><T20/><D73/><U85/><E2/><V72/><F9/><W125/><G35/><T95/><REACH who="0" step="1"/><D24/><REACH who="0" ten="194,267,290,239" step="2"/><U52/><E51/><V81/><F27/><W1/><G125/><T42/><D42/><U122/><E131/><V107/><F40/><W5/><G111/><T79/><D79/><U61/><E108/><V62/><F76/><W128/><G128/><T3/><D3/><U110/><E110/><V127/><F72/><W32/><G32/><T86/><D86/><U12/><E85/><V124/><F87/><W88/><G102/><T56/><D56/><U10/><E37/><V132/><F127/><W41/><G41/><T68/><D68/><U28/><E39/><V58/><F124/><W26/><G26/><T133/><D133/><U120/><E36/><V11/><F58/><W49/><G49/><T38/><D38/><U0/><E0/><V84/><F84/><N who="3" m="52231" /><G1/><T14/><D14/><U112/><E12/><V103/><F132/><W119/><G119/><T104/><D104/><U60/><E105/><V15/><F107/><W70/><G70/><T59/><D59/><U25/><E25/><V118/><F118/><W91/><G91/><T55/><D55/><N who="3" m="21001" /><G8/><T21/><D21/><RYUUKYOKU ba="0,1" sc="194,15,267,-15,290,-15,239,15" hai0="20,23,69,71,80,83,93,95,98,99,114,134,135" hai3="5,7,44,46,47,64,65" /><INIT seed="3,1,1,5,0,10" ten="209,252,275,254" oya="3" hai0="78,98,117,113,122,119,47,42,105,21,100,39,79" hai1="126,31,27,58,131,68,85,133,115,34,56,108,44" hai2="13,67,109,51,29,77,45,59,110,124,33,129,22" hai3="19,89,81,41,91,118,128,46,23,36,65,76,82"/><W6/><G118/><T120/><D21/><U11/><E115/><V7/><F129/><W86/><G128/><T9/><D113/><U12/><E68/><V73/><F124/><W2/><G65/><T28/><D28/><U99/><E131/><V66/><F73/><W61/><G61/><T107/><D107/><U1/><E108/><N who="2" m="41579" /><F77/><W92/><G2/><T96/><D96/><U112/><E1/><V94/><F59/><W106/><G6/><T32/><D32/><U37/><E112/><V123/><F123/><N who="0" m="47146" /><D78/><U53/><E99/><V35/><F94/><W54/><G106/><T130/><D130/><U69/><E69/><V75/><F75/><W30/><G30/><T14/><D14/><U74/><E74/><V0/><F0/><W116/><G116/><N who="0" m="44619" /><D9/><U64/><E133/><V87/><F87/><W80/><G91/><T38/><D79/><U70/><E85/><V24/><F35/><W101/><G101/><T71/><D71/><U20/><E70/><V84/><F84/><W125/><G76/><T135/><D135/><U8/><E34/><V63/><F33/><W40/><G125/><T83/><D83/><U102/><E126/><V5/><F5/><W88/><G89/><T25/><D25/><U52/><E102/><V111/><F111/><W134/><G134/><T90/><D90/><U18/><E31/><V97/><F97/><W15/><G36/><AGARI ba="1,1" hai="36,38,39,42,47,98,100,105" m="44619,47146" machi="36" ten="30,1000,0" yaku="23,1" doraHai="10" who="0" fromWho="3" sc="209,23,252,0,275,0,254,-13" /><INIT seed="4,0,0,3,2,16" ten="232,252,275,241" oya="0" hai0="116,97,68,53,49,28,92,104,65,4,2,126,124" hai1="8,93,35,47,98,58,51,9,105,73,18,111,48" hai2="130,7,61,77,45,25,57,133,54,64,43,20,52" hai3="33,6,44,31,11,95,134,12,129,13,84,29,59"/><T112/><D116/><U60/><E73/><V55/><F133/><W72/><G72/><T107/><D28/><U67/><E35/><V114/><F114/><W128/><G44/><N who="0" m="27815" /><D112/><U83/><E105/><V70/><F130/><N who="3" m="50283" /><G33/><T63/><D4/><U79/><E111/><V41/><F77/><W23/><G59/><N who="0" m="37119" /><D2/><U78/><E51/><N who="2" m="30975" /><F41/><W125/><G134/><T69/><D104/><U21/><E83/><V17/><F7/><W1/><G125/><N who="0" m="48235" /><D107/><U88/><E9/><V46/><F46/><W135/><G135/><T75/><D75/><U127/><E8/><V56/><F56/><W86/><G95/><T40/><D40/><N who="1" m="24679" /><E127/><V14/><F25/><AGARI ba="0,0" hai="18,21,25,58,60,67,78,79,88,93,98" m="24679" machi="25" ten="30,3900,0" yaku="8,1,52,1,54,1" doraHai="16" who="1" fromWho="2" sc="232,0,252,39,275,-39,241,0" /><INIT seed="5,0,0,5,2,105" ten="232,291,236,241" oya="1" hai0="44,18,5,65,45,130,66,77,7,76,14,88,11" hai1="39,117,59,62,110,19,115,2,6,73,71,13,133" hai2="132,8,16,54,32,57,126,82,60,41,85,12,97" hai3="10,40,99,17,42,94,22,47,79,101,52,114,69"/><U80/><E39/><V119/><F132/><W112/><G69/><T124/><D124/><U118/><E71/><V24/><F126/><W67/><G67/><N who="0" m="25611" /><D130/><U108/><E133/><V15/><F119/><W89/><G79/><N who="0" m="30283" /><D88/><U87/><E73/><V107/><F41/><W116/><G116/><T27/><D27/><U84/><E115/><N who="3" m="44074" /><G10/><T106/><D106/><U37/><E37/><V111/><F111/><N who="1" m="42537" /><E6/><AGARI ba="0,0" hai="5,6,7,11,14,18,44,45" m="30283,25611" machi="6" ten="30,1000,0" yaku="8,1" doraHai="105" who="0" fromWho="1" sc="232,10,291,-10,236,0,241,0" /><INIT seed="6,0,0,1,1,117" ten="242,281,236,241" oya="2" hai0="32,13,18,22,3,16,132,94,88,111,107,89,101" hai1="60,102,7,129,51,39,12,93,113,63,50,57,130" hai2="42,67,38,87,55,14,96,82,52,26,31,48,91" hai3="104,5,131,133,65,99,80,46,62,71,97,53,20"/><V44/><F67/><W4/><G131/><N who="1" m="50186" /><E39/><V86/><F38/><W37/><G133/><T69/><D89/><U108/><E63/><V124/><F124/><W40/><G80/><T135/><D18/><U103/><E113/><V100/><F87/><W11/><G104/><T64/><D3/><U110/><E12/><V23/><REACH who="2" step="1"/><F14/><REACH who="2" ten="242,281,226,241" step="2"/><W90/><G37/><T76/><D64/><U114/><E114/><V49/><F49/><W34/><G65/><T17/><D13/><U128/><E51/><V43/><F43/><W106/><G40/><T21/><D135/><U116/><E50/><V95/><AGARI ba="0,1" hai="23,26,31,42,44,48,52,55,82,86,91,95,96,100" machi="95" ten="20,12000,1" yaku="1,1,0,1,7,1,8,1,54,1,53,0" doraHai="117" doraHaiUra="58" who="2" fromWho="2" sc="242,-40,281,-40,226,130,241,-40" owari="202,-19.8,241,4.1,356,45.6,201,-29.9" /></mjloggm>