<mjloggm ver="2.3"><GO type="225" lobby="0"/><UN n0="%E9%A6%AC%E5%BC%95%E7%81%AB%33" n1="%E3%83%81%E3%83%83%E3%82%BF%E3%82%BD%E3%83%BC" n2="%E3%83%A9%E3%82%B9%E7%8E%87%EF%BC%93%E5%89%B2" n3="%E5%A4%8F%E9%88%B4%E9%88%B4%E5%A4%8F" dan="16,16,16,16" rate="2063.89,2132.04,2190.55,2117.86" sx="M,F,F,F"/><TAIKYOKU oya="0"/><INIT seed="0,0,0,4,2,77" ten="250,250,250,250" oya="0" hai0="40,113,106,84,89,105,81,60,6,35,20,34,56" hai1="21,72,79,99,32,133,128,46,66,3,68,71,54" hai2="115,24,86,102,76,31,120,10,73,90,14,44,62" hai3="108,114,92,0,30,2,17,51,111,5,28,134,33"/><T85/><D113/><U118/><E32/><V7/><F115/><W50/><G114/><T67/><D40/><U87/><E72/><V131/><F120/><W104/><G104/><T78/><D6/><U65/><E3/><N who="3" m="1066" /><G5/><T22/><D34/><U36/><E118/><V57/><F131/><W26/><G92/><T117/><D35/><U23/><E128/><V93/><F102/><W112/><G112/><T100/><D117/><U45/><E133/><V116/><F116/><W101/><G101/><T103/><D103/><U41/><E99/><V64/><F44/><W12/><G134/><T15/><D15/><U43/><E54/><V19/><F73/><W97/><G97/><T70/><D70/><U42/><E42/><V52/><F76/><W122/><G122/><T63/><D63/><U129/><E129/><V69/><F7/><W29/><G50/><T98/><REACH who="0" step="1"/><D105/><REACH who="0" ten="240,250,250,250" step="2"/><U8/><E68/><V82/><F69/><W126/><G51/><T27/><D27/><U96/><E71/><V127/><F64/><W13/><G12/><T125/><D125/><U130/><E130/><V55/><F127/><W9/><G126/><T123/><D123/><U75/><E65/><V39/><F39/><W80/><G26/><T83/><AGARI ba="0,1" hai="20,22,56,60,67,78,81,83,84,85,89,98,100,106" machi="83" ten="20,12000,1" yaku="1,1,0,1,7,1,52,2,53,0" doraHai="77" doraHaiUra="38" who="0" fromWho="0" sc="240,130,250,-40,250,-40,250,-40" /><INIT seed="0,1,0,4,0,114" ten="370,210,210,210" oya="0" hai0="108,57,56,133,89,54,80,77,9,134,83,40,122" hai1="37,128,41,66,25,51,16,67,59,50,34,13,113" hai2="11,65,39,45,17,10,4,94,22,103,43,104,32" hai3="2,91,98,118,35,74,29,75,71,20,115,126,93"/><T60/><D122/><U117/><E128/><V49/><F32/><W109/><G115/><T47/><D108/><U127/><E113/><V69/><F104/><W70/><G109/><T38/><D9/><U96/><E127/><V53/><F103/><W130/><G126/><T44/><D44/><U125/><E125/><V31/><F31/><W111/><G130/><T120/><D120/><U121/><E121/><V61/><F94/><W58/><G111/><T46/><D46/><N who="1" m="25935" /><E34/><V119/><F119/><W102/><G118/><T28/><D28/><U18/><E117/><V88/><F88/><W48/><G2/><T26/><D26/><U82/><E37/><V101/><F101/><W86/><G35/><T112/><D112/><U84/><E96/><V30/><F30/><W123/><G123/><T73/><D56/><U8/><E25/><N who="2" m="14543" /><F4/><W64/><G74/><T5/><D5/><U3/><E3/><V24/><F24/><N who="3" m="16519" /><G75/><T87/><AGARI ba="1,0" hai="38,40,47,54,57,60,73,77,80,83,87,89,133,134" machi="87" ten="30,1500,0" yaku="0,1" doraHai="114" who="0" fromWho="0" sc="370,18,210,-6,210,-6,210,-6" /><INIT seed="0,2,0,5,2,129" ten="388,204,204,204" oya="0" hai0="64,95,135,76,118,48,0,121,41,80,53,9,90" hai1="89,10,33,49,74,63,116,111,3,131,75,56,28" hai2="87,15,35,132,61,69,65,43,25,13,125,21,126" hai3="24,83,7,72,96,12,54,134,119,108,32,85,124"/><T45/><D118/><U4/><E111/><V31/><F43/><W103/><G119/><T110/><D121/><U23/><E131/><V117/><F117/><W38/><G108/><T109/><D64/><U57/><E116/><V19/><F132/><W36/><G72/><T44/><D135/><U6/><E33/><V102/><F102/><W81/><G81/><T94/><D94/><U27/><E6/><V105/><F105/><W67/><G67/><T79/><D79/><U11/><E11/><V100/><F100/><W86/><G86/><T104/><D104/><U112/><E112/><V46/><F46/><W77/><G124/><N who="2" m="47721" /><F87/><W14/><G134/><T93/><D93/><U20/><E23/><N who="2" m="11759" /><F15/><W30/><G54/><T122/><D122/><U88/><E74/><V84/><F84/><W73/><G73/><N who="0" m="43023" /><D90/><U123/><E75/><V66/><F66/><W99/><G99/><T70/><D95/><U37/><E123/><V101/><F101/><W68/><G14/><T106/><D106/><U71/><E37/><V91/><F91/><W34/><G12/><T98/><D98/><U42/><E71/><V47/><F47/><W97/><G7/><N who="0" m="1255" /><D70/><U115/><E115/><V114/><F114/><W5/><G5/><T26/><D26/><U18/><E18/><V8/><F8/><W22/><G68/><T1/><D1/><U113/><E113/><V127/><N who="2" m="47729" /><V17/><DORA hai="39" /><F17/><W120/><G120/><T133/><D133/><U60/><E89/><V55/><F55/><W92/><G97/><T16/><D16/><U2/><E88/><V82/><F82/><RYUUKYOKU ba="2,0" sc="388,10,204,-30,204,10,204,10" hai0="41,44,45,48,53,109,110" hai2="21,25,31,35,61,65,69" hai3="22,24,30,32,34,36,38,77,83,85,92,96,103" /><INIT seed="0,3,0,0,1,2" ten="398,174,214,214" oya="0" hai0="53,1,11,90,32,79,101,80,55,100,20,50,96" hai1="128,34,78,84,24,54,116,129,33,131,23,94,105" hai2="73,104,118,72,67,37,68,57,17,66,44,59,36" hai3="42,106,119,99,62,98,10,123,112,49,6,58,5"/><T56/><D32/><U71/><E105/><V9/><F104/><W82/><G119/><T111/><D111/><U8/><E116/><V46/><F9/><W4/><G112/><T109/><D109/><U29/><E71/><V28/><F17/><W103/><G123/><T35/><D35/><U89/><E78/><V31/><F118/><W81/><G98/><T12/><D1/><U41/><E41/><V19/><F19/><W88/><G88/><T15/><D53/><U60/><E8/><V126/><REACH who="2" step="1"/><F68/><REACH who="2" ten="398,174,204,214" step="2"/><W95/><G10/><T26/><D11/><U45/><E45/><V63/><F63/><W113/><G106/><T107/><D107/><U22/><E34/><V69/><F69/><W61/><G113/><T132/><D132/><U14/><E14/><V115/><F115/><W27/><G27/><T48/><D12/><U40/><E60/><N who="3" m="23146" /><G58/><T76/><D26/><U13/><E13/><V16/><F16/><W114/><G114/><T38/><D56/><U121/><E121/><V25/><F25/><W91/><G103/><T134/><D101/><U124/><E24/><V85/><F85/><W75/><G75/><T133/><D100/><U83/><E84/><V65/><F65/><W93/><G93/><T52/><D15/><U130/><E129/><V125/><AGARI ba="3,1" hai="28,31,36,37,44,46,57,59,66,67,72,73,125,126" machi="125" ten="25,12000,2" yaku="1,1,0,1,22,2,53,2" doraHai="2" doraHaiUra="43" who="2" fromWho="2" sc="398,-63,174,-33,204,139,214,-33" /><INIT seed="1,0,0,1,5,84" ten="335,141,343,181" oya="1" hai0="16,0,91,94,69,13,131,96,122,39,93,54,44" hai1="62,108,132,112,52,82,73,37,18,7,21,95,63" hai2="51,68,74,127,89,88,67,46,119,1,101,123,76" hai3="41,33,48,90,115,56,11,72,12,28,78,130,55"/><U125/><E112/><V120/><F119/><W50/><G115/><T49/><D131/><U32/><E32/><V110/><F1/><W10/><G130/><T128/><D128/><U114/><E114/><V23/><F110/><W64/><G78/><T81/><D122/><U111/><E125/><V42/><F127/><W19/><G72/><T104/><D0/><U15/><E132/><V3/><F3/><W29/><G10/><T65/><D39/><U87/><E37/><V34/><F34/><W35/><G64/><T2/><D2/><U43/><E43/><V83/><F101/><W53/><G41/><T5/><D5/><U79/><E7/><V117/><F117/><W80/><G35/><T92/><D104/><U61/><E52/><V99/><F23/><W135/><G33/><T70/><D65/><U75/><REACH who="1" step="1"/><E95/><REACH who="1" ten="335,131,343,181" step="2"/><V14/><F123/><W66/><G135/><T109/><D109/><AGARI ba="0,1" hai="15,18,21,61,62,63,73,75,79,82,87,108,109,111" machi="109" ten="40,12000,1" yaku="1,1,2,1,14,1,10,1,53,0" doraHai="84" doraHaiUra="27" who="1" fromWho="0" sc="335,-120,131,130,343,0,181,0" /><INIT seed="1,1,0,4,4,130" ten="215,261,343,181" oya="1" hai0="96,56,6,64,53,94,104,33,23,44,5,72,22" hai1="78,85,29,98,59,66,10,41,70,99,54,77,135" hai2="110,88,91,108,119,127,61,101,3,0,92,62,111" hai3="20,14,93,124,16,65,26,21,7,50,116,30,118"/><U112/><E112/><V90/><F119/><N who="3" m="45611" /><G65/><T18/><D104/><U117/><E117/><V15/><F15/><N who="3" m="9247" /><G50/><N who="0" m="28871" /><D33/><U40/><E29/><V129/><F129/><W115/><G93/><T39/><D39/><U103/><E66/><V84/><F127/><W114/><G124/><T28/><D28/><U71/><E71/><V57/><F84/><W102/><G102/><N who="0" m="60695" /><D22/><U37/><E70/><V82/><F82/><W8/><AGARI ba="1,0" hai="7,8,14,21,26,30,114,115" m="9247,45611" machi="8" ten="30,7900,0" yaku="12,1,34,2,54,1" doraHai="130" who="3" fromWho="3" sc="215,-21,261,-40,343,-21,181,82" /><INIT seed="2,0,0,0,4,124" ten="194,221,322,263" oya="2" hai0="35,31,66,72,135,108,120,102,29,74,88,56,89" hai1="119,1,129,93,86,18,43,82,20,58,5,96,53" hai2="67,109,24,14,59,51,37,64,44,110,28,78,128" hai3="12,103,57,73,106,9,117,116,85,4,40,7,3"/><V121/><F121/><W15/><G73/><T132/><D120/><U101/><E129/><V91/><F128/><W30/><G40/><T92/><D108/><N who="2" m="41578" /><F78/><W0/><G57/><T133/><D102/><U49/><E119/><V65/><F14/><W83/><G103/><T79/><D35/><U13/><E43/><N who="2" m="22639" /><F91/><N who="0" m="34890" /><D92/><U111/><E111/><V125/><F125/><W54/><G15/><T47/><D47/><U84/><E1/><V115/><F115/><W60/><G12/><T39/><D39/><U19/><E5/><V105/><F105/><W75/><G7/><T77/><D77/><U61/><E82/><V122/><F122/><W16/><G83/><N who="0" m="45543" /><D74/><U98/><E98/><V112/><F112/><W26/><G75/><T52/><D66/><N who="1" m="39223" /><E18/><V45/><F24/><W34/><G26/><T100/><D100/><U11/><E11/><V126/><F28/><W99/><G30/><T10/><D10/><U6/><E6/><V71/><F126/><W97/><G9/><T17/><D17/><U36/><E36/><V76/><F76/><W38/><G16/><T113/><D113/><U123/><E123/><V32/><F32/><W95/><G34/><T70/><D70/><U48/><E53/><N who="2" m="32191" /><F45/><W50/><G117/><T55/><D55/><U62/><E19/><V127/><F127/><W25/><G116/><T87/><D87/><N who="1" m="33323" /><E20/><V22/><F22/><W2/><G106/><T27/><D27/><U21/><E21/><V107/><F107/><W130/><G25/><T81/><D81/><U68/><E13/><V118/><F118/><W131/><G131/><T42/><D42/><RYUUKYOKU ba="0,0" sc="194,10,221,10,322,10,263,-30" hai0="29,31,52,56,132,133,135" hai1="48,49,62,68,93,96,101" hai2="64,65,67,71" /><INIT seed="2,1,0,2,0,60" ten="204,231,332,233" oya="2" hai0="76,7,82,72,128,10,5,127,100,122,111,25,16" hai1="64,70,67,71,69,114,132,106,86,55,24,113,15" hai2="90,118,130,104,68,22,57,0,115,51,48,103,47" hai3="49,62,94,121,27,4,26,117,63,52,101,92,19"/><V44/><F0/><W13/><G121/><T125/><D122/><U78/><E106/><V119/><F104/><W56/><G4/><T14/><D111/><U3/><E3/><V34/><F103/><W59/><G117/><T109/><D109/><U54/><E24/><N who="3" m="9258" /><G101/><T41/><D128/><U30/><E30/><V95/><F34/><W29/><G49/><T9/><D41/><U45/><E15/><V123/><F68/><W99/><G99/><T91/><D100/><U46/><E86/><V87/><F123/><W18/><G18/><T135/><D135/><U96/><E78/><V112/><F130/><W83/><G83/><T75/><D75/><U12/><E12/><V89/><F87/><W58/><G58/><T32/><D91/><U61/><E96/><V33/><F57/><W133/><G29/><T126/><D10/><U116/><E116/><V11/><F11/><N who="3" m="6591" /><G133/><T97/><D97/><U28/><E28/><AGARI ba="1,0" hai="5,7,9,14,16,25,28,32,72,76,82,125,126,127" machi="28" ten="40,2600,0" yaku="18,1,54,1" doraHai="60" who="0" fromWho="1" sc="204,29,231,-29,332,0,233,0" /><INIT seed="3,0,0,4,3,113" ten="233,202,332,233" oya="3" hai0="18,19,131,78,27,96,72,82,6,12,92,124,101" hai1="41,127,81,28,132,75,0,122,130,125,25,91,129" hai2="115,58,120,3,4,2,95,112,114,89,23,10,9" hai3="105,111,40,49,16,24,55,53,46,84,104,71,87"/><W57/><G71/><T77/><D124/><N who="1" m="47691" /><E122/><V67/><F67/><W1/><G1/><T56/><D131/><N who="1" m="50187" /><E0/><V133/><F58/><W8/><G111/><T15/><D78/><N who="1" m="44255" /><E41/><V38/><F120/><W50/><G105/><T54/><D27/><U44/><E44/><V36/><F3/><W37/><G104/><T93/><D93/><U35/><E91/><V30/><F89/><W100/><G100/><T7/><D101/><U97/><E97/><V51/><F2/><W107/><G107/><T99/><D99/><U80/><E80/><V106/><F106/><W64/><G64/><T45/><D96/><U123/><E123/><V14/><F114/><W88/><G88/><T33/><D45/><U43/><E43/><V34/><F115/><W66/><G66/><T52/><D82/><U109/><E109/><V121/><F121/><W126/><G126/><T118/><D118/><U13/><E13/><V86/><F14/><N who="3" m="7239" /><G37/><T20/><D12/><U134/><AGARI ba="0,0" hai="25,28,35,132,134" m="44255,50187,47691" machi="134" ten="40,8000,1" yaku="30,2,18,1,19,1,23,1" doraHai="113" who="1" fromWho="1" sc="233,-20,202,80,332,-20,233,-40" owari="213,-18.7,282,8.2,312,41.2,193,-30.7" /></mjloggm>