<mjloggm ver="2.3"><GO type="225" lobby="0"/><UN n0="%E5%91%A8%E6%9D%B1" n1="%E6%9C%88%E5%A4%9C%E3%81%AB%E9%A2%A8" n2="%E5%B0%8F%E9%B3%A5%E9%81%8A%E7%B7%B4%E7%84%A1%32%31%E6%AD%B3" n3="%E3%82%BC%E3%83%AB%E3%83%80%E3%81%AE%E4%BC%9D%E8%AA%AC" dan="16,16,16,17" rate="2176.66,2086.84,2177.55,2157.78" sx="M,M,F,M"/><TAIKYOKU oya="0"/><INIT seed="0,0,0,1,1,19" ten="250,250,250,250" oya="0" hai0="119,40,129,62,84,48,125,132,134,42,72,133,52" hai1="118,12,70,112,79,86,23,122,26,93,30,107,77" hai2="14,78,106,88,124,109,29,65,54,71,55,51,63" hai3="43,102,53,39,113,31,5,60,131,25,4,85,46"/><T58/><D72/><U1/><E118/><V121/><F121/><W73/><G73/><T103/><D119/><U117/><E117/><V50/><F124/><W27/><G113/><T114/><D114/><U13/><E107/><V108/><F106/><W47/><G131/><T24/><D129/><U3/><E70/><V104/><F78/><W94/><G27/><T34/><D125/><U36/><E36/><V33/><F104/><W75/><G75/><T37/><D37/><U91/><E122/><V81/><F14/><W35/><G47/><T96/><D84/><U41/><E41/><V9/><F9/><W101/><G101/><T92/><REACH who="0" step="1"/><D62/><REACH who="0" ten="240,250,250,250" step="2"/><U56/><E112/><V116/><F116/><W83/><G60/><T57/><D57/><U130/><E56/><V105/><F63/><W111/><G85/><T76/><D76/><U68/><E79/><V69/><F71/><W90/><G39/><T61/><D61/><U6/><E130/><V97/><F69/><W127/><G127/><T66/><D66/><U2/><E68/><V11/><F65/><W80/><G111/><T49/><D49/><U45/><E77/><V38/><F50/><W21/><G46/><T135/><N who="0" m="33792" /><DORA hai="44" /><T28/><AGARI ba="0,1" hai="24,28,34,40,42,48,52,58,92,96,103" m="33792" machi="28" ten="60,18000,2" yaku="1,1,4,1,0,1,20,1,52,1,54,1,53,1" doraHai="19,44" doraHaiUra="99,8" who="0" fromWho="0" sc="240,190,250,-60,250,-60,250,-60" /><INIT seed="0,1,0,0,5,76" ten="430,190,190,190" oya="0" hai0="11,14,95,84,33,64,26,120,97,36,21,50,70" hai1="43,100,73,8,51,83,122,115,60,42,63,105,68" hai2="65,27,124,90,46,17,67,101,10,61,89,85,87" hai3="96,13,45,69,132,28,5,12,23,125,107,4,29"/><T75/><D75/><U2/><E122/><V72/><F72/><W77/><G69/><T55/><D36/><U38/><E51/><V78/><F101/><W44/><G77/><T82/><D33/><U93/><E115/><V16/><F124/><W54/><G23/><T94/><D120/><U86/><E68/><V113/><F113/><W123/><G123/><T15/><D64/><U0/><E73/><V131/><F131/><W31/><G54/><T66/><D66/><U112/><E105/><V106/><F106/><W1/><G107/><T102/><D95/><U110/><E110/><V98/><F78/><W7/><G96/><T37/><D37/><U18/><E43/><V39/><F98/><W121/><G121/><T19/><D70/><U81/><E42/><V41/><F67/><W32/><G32/><T111/><D111/><U99/><E38/><V119/><F119/><W126/><G1/><T92/><D92/><N who="1" m="58471" /><E0/><V127/><F127/><N who="3" m="48651" /><G132/><T108/><D108/><U49/><E2/><V30/><F10/><W79/><G79/><N who="0" m="46175" /><D11/><U34/><E34/><V80/><F65/><W22/><G22/><T57/><AGARI ba="1,0" hai="14,15,19,21,26,50,55,57,94,97,102" m="46175" machi="57" ten="30,3000,0" yaku="8,1,52,1" doraHai="76" who="0" fromWho="0" sc="430,33,190,-11,190,-11,190,-11" /><INIT seed="0,2,0,2,0,116" ten="463,179,179,179" oya="0" hai0="117,79,61,86,84,14,78,15,130,124,91,68,105" hai1="66,94,123,112,37,28,26,20,103,64,80,122,1" hai2="49,50,67,3,97,23,73,65,100,57,29,95,30" hai3="99,34,92,131,17,62,6,135,45,96,127,102,74"/><T121/><D105/><U8/><E37/><V133/><F73/><W5/><G74/><T114/><D114/><U31/><E112/><V0/><F133/><W88/><G135/><T48/><D117/><U110/><E31/><V77/><F77/><W24/><G127/><T132/><D132/><U51/><E110/><V4/><F30/><W87/><G131/><T120/><D48/><U44/><E80/><V11/><F0/><W47/><G62/><T53/><D61/><U40/><E8/><V89/><F89/><W93/><G87/><T118/><D118/><U106/><E1/><V98/><F98/><W126/><G126/><T21/><D91/><U71/><E106/><V109/><F109/><W69/><G69/><T129/><D124/><U113/><E113/><V56/><F56/><W27/><G34/><T42/><D42/><U22/><E22/><V7/><F7/><N who="3" m="2571" /><G17/><T85/><D21/><U52/><E40/><V10/><F10/><W81/><G81/><T83/><D83/><U38/><E38/><V59/><F59/><W39/><G39/><T70/><D86/><U134/><E134/><V35/><F35/><W36/><G36/><T12/><D12/><U55/><E71/><V41/><F41/><W119/><G119/><T43/><D43/><U60/><E66/><V72/><F67/><W108/><G108/><T58/><D58/><N who="1" m="34887" /><E64/><V104/><F104/><W9/><G9/><T2/><D2/><U111/><E111/><V54/><F65/><W46/><AGARI ba="2,0" hai="24,27,45,46,47,88,92,93,96,99,102" m="2571" machi="46" ten="30,2000,0" yaku="8,1,54,1" doraHai="116" who="3" fromWho="3" sc="463,-12,179,-7,179,-7,179,26" /><INIT seed="1,0,0,2,4,31" ten="451,172,172,205" oya="1" hai0="44,20,54,128,105,21,100,75,29,6,10,4,69" hai1="71,15,41,129,62,123,104,91,94,53,49,46,98" hai2="126,87,42,125,78,59,108,28,0,61,112,34,134" hai3="110,52,65,73,118,14,124,109,70,85,40,135,45"/><U38/><E123/><V50/><F0/><W114/><G73/><T47/><D75/><U36/><E129/><V72/><F108/><N who="3" m="41579" /><G114/><T33/><D69/><U82/><E104/><V107/><F107/><W133/><G85/><T89/><D89/><U66/><E82/><N who="2" m="45383" /><F112/><W35/><G35/><T121/><D33/><U2/><E2/><V51/><F134/><N who="3" m="51211" /><G14/><T119/><D128/><U81/><E81/><V113/><F87/><W25/><G25/><T22/><D121/><U67/><E67/><N who="2" m="39359" /><F42/><W97/><G97/><T9/><D29/><U76/><E76/><V63/><F63/><N who="3" m="40255" /><G124/><N who="2" m="47721" /><F113/><W27/><G27/><AGARI ba="0,0" hai="27,28,34,50,51" m="47721,39359,45383" machi="27" ten="30,2000,0" yaku="18,1,52,1" doraHai="31" who="2" fromWho="3" sc="451,0,172,0,172,20,205,-20" /><INIT seed="2,0,0,0,4,75" ten="451,172,192,185" oya="2" hai0="72,87,119,97,82,129,88,54,21,117,8,25,57" hai1="89,43,42,20,100,95,123,68,41,47,34,120,35" hai2="26,109,93,130,78,1,44,55,103,99,69,45,107" hai3="96,121,102,9,127,29,3,14,11,46,52,94,113"/><V76/><F1/><W83/><G121/><N who="1" m="46666" /><E68/><V135/><F69/><W61/><G127/><T125/><D125/><U58/><E100/><V132/><F130/><W30/><G113/><T24/><D129/><U116/><E116/><N who="0" m="44617" /><D21/><U16/><E58/><V110/><F26/><W90/><G3/><T15/><D97/><N who="1" m="57583" /><E47/><N who="2" m="17995" /><F55/><W86/><G9/><T59/><D59/><U32/><E41/><V77/><F107/><W13/><G13/><AGARI ba="0,0" hai="13,16,20,32,34,35,42,43" m="57583,46666" machi="13" ten="40,2600,0" yaku="13,1,54,1" doraHai="75" who="1" fromWho="3" sc="451,0,172,26,192,0,185,-26" /><INIT seed="3,0,0,1,5,132" ten="451,198,192,159" oya="3" hai0="85,35,59,42,124,47,48,81,93,43,41,115,62" hai1="64,13,32,103,69,78,86,66,135,116,83,91,98" hai2="117,73,36,100,107,54,89,108,16,65,84,20,29" hai3="104,14,95,72,82,94,28,68,45,67,112,3,38"/><W134/><G112/><T121/><D35/><U49/><E32/><V30/><F117/><W125/><G134/><T52/><D124/><U75/><E116/><V131/><F36/><W105/><G28/><T77/><D121/><U37/><E37/><V26/><F73/><W53/><G14/><T33/><D33/><U40/><E69/><V76/><F108/><W113/><G113/><T96/><D115/><U123/><E123/><V110/><F110/><W74/><G53/><T31/><D31/><U90/><E90/><AGARI ba="0,0" hai="41,42,43,47,48,52,59,62,77,81,85,90,93,96" machi="90" ten="30,3900,0" yaku="7,1,8,1,54,1" doraHai="132" who="0" fromWho="1" sc="451,39,198,-39,192,0,159,0" owari="490,59.0,159,-24.1,192,-0.8,159,-34.1" /></mjloggm>