<mjloggm ver="2.3"><GO type="225" lobby="0"/><UN n0="%E6%81%A5%E6%99%92%E3%81%97" n1="%4B%2E%32%2E%4B%2E" n2="%E3%81%A4%E3%81%A3%E3%81%B1%E3%82%8A%E3%83%9D%E3%83%BC%E3%83%AB" n3="%E4%BF%BA%E3%81%A8%E5%A6%96%E5%A4%A2" dan="17,17,17,16" rate="2111.07,2197.34,2182.78,2103.64" sx="M,M,M,F"/><TAIKYOKU oya="0"/><INIT seed="0,0,0,4,5,127" ten="250,250,250,250" oya="0" hai0="80,125,119,86,48,29,135,5,62,44,76,82,70" hai1="114,87,49,24,98,63,13,124,92,40,47,61,41" hai2="19,85,45,105,134,50,6,96,33,94,15,110,56" hai3="46,20,97,2,52,28,27,133,72,35,109,1,9"/><T68/><D119/><U30/><E124/><V69/><F69/><W22/><G72/><T131/><D125/><U67/><E114/><V59/><F134/><W23/><G133/><T16/><D135/><U90/><E40/><V78/><F33/><W118/><G118/><T106/><D106/><U120/><E120/><V4/><F105/><W104/><G109/><T55/><D29/><U74/><E74/><V113/><F113/><W123/><G123/><T32/><D32/><U126/><E126/><V100/><F110/><W26/><G26/><T116/><D116/><U130/><E130/><V42/><F6/><W117/><G9/><T83/><D5/><U79/><E67/><V102/><F102/><W0/><G117/><T21/><D131/><U38/><E38/><V81/><REACH who="2" step="1"/><F4/><REACH who="2" ten="250,250,240,250" step="2"/><W77/><G104/><T39/><D68/><U128/><E128/><V89/><F89/><W84/><G35/><T101/><D101/><U91/><E91/><V36/><F36/><W7/><G7/><T51/><D39/><U132/><E132/><V71/><F71/><W121/><G121/><T93/><D70/><U103/><E103/><V73/><F73/><W95/><G2/><T115/><D115/><U14/><E79/><V57/><F57/><W60/><G1/><T17/><D76/><U25/><E90/><V43/><F43/><W112/><G0/><T64/><D44/><U31/><E47/><V88/><F88/><N who="3" m="55527" /><G112/><T54/><D93/><U99/><E92/><V122/><F122/><W8/><G77/><T75/><D82/><U37/><E37/><V107/><F107/><RYUUKYOKU ba="0,1" sc="250,-10,250,-10,240,30,250,-10" hai2="15,19,42,45,50,56,59,78,81,85,94,96,100" /><INIT seed="1,1,1,5,1,43" ten="240,240,270,240" oya="1" hai0="12,83,30,125,118,55,5,98,3,113,116,25,61" hai1="42,64,93,91,44,131,129,10,33,95,32,75,11" hai2="1,52,100,133,87,109,120,56,16,69,17,89,122" hai3="41,63,54,73,47,112,72,22,110,58,26,35,104"/><U111/><E75/><V23/><F69/><W102/><G112/><T132/><D113/><U103/><E64/><V9/><F109/><W31/><G110/><T59/><D125/><U74/><E74/><V130/><F133/><W84/><G102/><T37/><D132/><U36/><E111/><V60/><F130/><N who="1" m="49673" /><E103/><V21/><F100/><W71/><G104/><T115/><D3/><U128/><N who="1" m="49681" /><U78/><DORA hai="6" /><E78/><V57/><F1/><W76/><G71/><T28/><D28/><U50/><E95/><N who="2" m="54719" /><F122/><W119/><G119/><T121/><D115/><U134/><E134/><V108/><F120/><W114/><G114/><T80/><D37/><U79/><E79/><V13/><F108/><W53/><G53/><T107/><D121/><U106/><E106/><V85/><F85/><W70/><G70/><T86/><D98/><N who="1" m="57663" /><E36/><V123/><F123/><W135/><G135/><T124/><D107/><U92/><E92/><V67/><F17/><W105/><G105/><T7/><D116/><U27/><E33/><V68/><F68/><W88/><G76/><T101/><D101/><U46/><E46/><V51/><AGARI ba="1,1" hai="9,13,16,21,23,51,52,56,57,60,67" m="54719" machi="51" ten="30,7900,0" yaku="8,1,52,1,54,2" doraHai="43,6" who="2" fromWho="2" sc="240,-21,240,-40,270,92,240,-21" /><INIT seed="2,0,0,0,4,58" ten="219,200,362,219" oya="2" hai0="99,17,51,15,68,59,25,119,12,22,112,91,19" hai1="130,93,29,48,4,115,61,129,30,82,63,42,6" hai2="62,89,74,3,109,81,69,64,38,77,85,40,73" hai3="70,16,96,21,33,106,0,36,94,102,27,35,14"/><V13/><F3/><W117/><G117/><T133/><D112/><U56/><E115/><V100/><F109/><W124/><G36/><T83/><D119/><U78/><E93/><V7/><F100/><W111/><G111/><T116/><D133/><U134/><E134/><V80/><F40/><W92/><G0/><T118/><D68/><U53/><E30/><V34/><F38/><W126/><G70/><T32/><D32/><N who="3" m="12361" /><G27/><T5/><D5/><N who="1" m="2155" /><E29/><V88/><F34/><W123/><G123/><T87/><D25/><U71/><E71/><V65/><F65/><W60/><G60/><N who="1" m="23114" /><E42/><V28/><F28/><W101/><G102/><T9/><D99/><U110/><E110/><V127/><F74/><W67/><G67/><T105/><D105/><U132/><E132/><V121/><F127/><AGARI ba="0,0" hai="14,16,21,92,94,96,101,106,124,126,127" m="12361" machi="127" ten="30,2000,0" yaku="18,1,54,1" doraHai="58" who="3" fromWho="2" sc="219,0,200,0,362,-20,219,20" /><INIT seed="3,0,0,1,4,61" ten="219,200,342,239" oya="3" hai0="47,89,54,71,53,113,27,107,75,31,125,6,106" hai1="58,48,85,0,9,109,96,103,80,38,15,29,16" hai2="3,33,94,83,46,73,86,104,39,97,134,132,128" hai3="4,25,120,122,26,63,67,112,92,28,37,131,52"/><W79/><G112/><T108/><D113/><U119/><E38/><V32/><F128/><W114/><G114/><T78/><D71/><U88/><E0/><V124/><F3/><W91/><G37/><T123/><D123/><U57/><E109/><V118/><F73/><W42/><G42/><T87/><D108/><U93/><E119/><V12/><F104/><W22/><G79/><T133/><D75/><U66/><E66/><V105/><F105/><W130/><G4/><T44/><D6/><U68/><E68/><V101/><F12/><W127/><G127/><T19/><D125/><U65/><E65/><V102/><F102/><W34/><G52/><N who="0" m="20075" /><D106/><U11/><E29/><V21/><F21/><W116/><G116/><T24/><D107/><U13/><E48/><V43/><F118/><W8/><G8/><T82/><D31/><U17/><AGARI ba="0,0" hai="9,11,13,15,16,17,57,58,80,85,88,93,96,103" machi="17" ten="20,12000,2" yaku="0,1,7,1,9,1,8,1,54,2" doraHai="61" who="1" fromWho="1" sc="219,-30,200,120,342,-30,239,-60" owari="189,-21.1,320,42.0,312,11.2,179,-32.1" /></mjloggm>